|html|<div class="broadcast-blue"><strong>[Gen 9] OU is currently suspecting Tera Blast! For information on how to participate check out the <a href="https://www.smogon.com/tools/suspects/view/200">suspect thread</a>.</strong></div>
|j|☆AnavasiEx
|j|☆Sharkerthantheteal
|t:|1776319788
|gametype|singles
|player|p1|AnavasiEx|1|1109
|player|p2|Sharkerthantheteal|169|1121
|gen|9
|tier|[Gen 9] OU
|rated|
|rule|HP Percentage Mod: HP is shown in percentages
|rule|Endless Battle Clause: Forcing endless battles is banned
|rule|Species Clause: Limit one of each Pokémon
|rule|OHKO Clause: OHKO moves are banned
|rule|Evasion Items Clause: Evasion items are banned
|rule|Evasion Moves Clause: Evasion moves are banned
|rule|Evasion Abilities Clause: Evasion abilities are banned
|rule|Sleep Moves Clause: Sleep-inducing moves are banned
|clearpoke
|poke|p1|Dragapult, F|
|poke|p1|Alomomola, M|
|poke|p1|Iron Moth|
|poke|p1|Tyranitar, M|
|poke|p1|Great Tusk|
|poke|p1|Thundurus-Therian, M|
|poke|p2|Cetitan, M|
|poke|p2|Ninetales-Alola, M|
|poke|p2|Hariyama, F|
|poke|p2|Dragapult, F|
|poke|p2|Iron Valiant|
|poke|p2|Gholdengo|
|teampreview
|
|t:|1776319793
|teamsize|p1|6
|teamsize|p2|6
|start
|switch|p1a: Dragapult|Dragapult, F, shiny|100/100
|switch|p2a: Gholdengo|Gholdengo|100/100
|turn|1
|j| GruesomeLovelies
|
|t:|1776319812
|move|p2a: Gholdengo|Shadow Ball|p1a: Dragapult
|-supereffective|p1a: Dragapult
|-damage|p1a: Dragapult|0 fnt
|faint|p1a: Dragapult
|
|upkeep
|
|t:|1776319824
|switch|p1a: Great Tusk|Great Tusk|100/100
|turn|2
|
|t:|1776319836
|switch|p2a: Ninetales|Ninetales-Alola, M|100/100
|-weather|Snowscape|[from] ability: Snow Warning|[of] p2a: Ninetales
|move|p1a: Great Tusk|Stealth Rock|p2a: Ninetales
|-sidestart|p2: Sharkerthantheteal|move: Stealth Rock
|
|-weather|Snowscape|[upkeep]
|upkeep
|turn|3
|
|t:|1776319857
|-end|p1a: Great Tusk|Protosynthesis|[silent]
|switch|p1a: Tyranitar|Tyranitar, M|100/100
|-weather|Sandstorm|[from] ability: Sand Stream|[of] p1a: Tyranitar
|move|p2a: Ninetales|Encore||[still]
|-fail|p2a: Ninetales
|
|-weather|Sandstorm|[upkeep]
|-damage|p2a: Ninetales|94/100|[from] Sandstorm
|upkeep
|turn|4
|
|t:|1776319880
|move|p2a: Ninetales|Moonblast|p1a: Tyranitar
|-supereffective|p1a: Tyranitar
|-damage|p1a: Tyranitar|71/100
|move|p1a: Tyranitar|Stone Edge|p2a: Ninetales
|-supereffective|p2a: Ninetales
|-damage|p2a: Ninetales|0 fnt
|faint|p2a: Ninetales
|
|-weather|Sandstorm|[upkeep]
|-heal|p1a: Tyranitar|77/100|[from] item: Leftovers
|upkeep
|
|t:|1776319891
|switch|p2a: Gholdengo|Gholdengo|100/100
|-damage|p2a: Gholdengo|94/100|[from] Stealth Rock
|turn|5
|
|t:|1776319900
|switch|p1a: Great Tusk|Great Tusk|100/100
|move|p2a: Gholdengo|Trick|p1a: Great Tusk
|-activate|p2a: Gholdengo|move: Trick|[of] p1a: Great Tusk
|-item|p1a: Great Tusk|Choice Scarf|[from] move: Trick
|-item|p2a: Gholdengo|Rocky Helmet|[from] move: Trick
|
|-weather|Sandstorm|[upkeep]
|upkeep
|turn|6
|
|t:|1776319916
|move|p1a: Great Tusk|Body Press|p2a: Gholdengo
|-immune|p2a: Gholdengo
|move|p2a: Gholdengo|Make It Rain|p1a: Great Tusk
|-damage|p1a: Great Tusk|10/100
|-unboost|p2a: Gholdengo|spa|1
|
|-weather|Sandstorm|[upkeep]
|upkeep
|turn|7
|
|t:|1776319929
|move|p1a: Great Tusk|Body Press|p2a: Gholdengo
|-immune|p2a: Gholdengo
|move|p2a: Gholdengo|Shadow Ball|p1a: Great Tusk
|-damage|p1a: Great Tusk|0 fnt
|faint|p1a: Great Tusk
|-end|p1a: Great Tusk|Protosynthesis|[silent]
|
|-weather|none
|upkeep
|
|t:|1776319939
|switch|p1a: Iron Moth|Iron Moth|100/100
|turn|8
|
|t:|1776319956
|move|p1a: Iron Moth|Fiery Dance|p2a: Gholdengo
|-supereffective|p2a: Gholdengo
|-damage|p2a: Gholdengo|0 fnt
|faint|p2a: Gholdengo
|
|upkeep
|
|t:|1776319961
|switch|p2a: Dragapult|Dragapult, F|100/100
|-damage|p2a: Dragapult|88/100|[from] Stealth Rock
|turn|9
|
|t:|1776319967
|-end|p1a: Iron Moth|Quark Drive|[silent]
|switch|p1a: Tyranitar|Tyranitar, M|77/100
|-weather|Sandstorm|[from] ability: Sand Stream|[of] p1a: Tyranitar
|move|p2a: Dragapult|Draco Meteor|p1a: Tyranitar
|-damage|p1a: Tyranitar|25/100
|-unboost|p2a: Dragapult|spa|2
|
|-weather|Sandstorm|[upkeep]
|-damage|p2a: Dragapult|82/100|[from] Sandstorm
|-heal|p1a: Tyranitar|31/100|[from] item: Leftovers
|upkeep
|turn|10
|
|t:|1776319981
|move|p2a: Dragapult|Draco Meteor|p1a: Tyranitar
|-damage|p1a: Tyranitar|6/100
|-unboost|p2a: Dragapult|spa|2
|move|p1a: Tyranitar|Avalanche|p2a: Dragapult
|-supereffective|p2a: Dragapult
|-damage|p2a: Dragapult|0 fnt
|faint|p2a: Dragapult
|
|-weather|Sandstorm|[upkeep]
|-heal|p1a: Tyranitar|12/100|[from] item: Leftovers
|upkeep
|
|t:|1776319994
|switch|p2a: Hariyama|Hariyama, F|100/100
|-damage|p2a: Hariyama|94/100|[from] Stealth Rock
|turn|11
|
|t:|1776320017
|switch|p1a: Alomomola|Alomomola, M, shiny|100/100
|-terastallize|p2a: Hariyama|Steel
|move|p2a: Hariyama|Belly Drum|p2a: Hariyama
|-damage|p2a: Hariyama|44/100
|-setboost|p2a: Hariyama|atk|6|[from] move: Belly Drum
|
|-weather|Sandstorm|[upkeep]
|-damage|p1a: Alomomola|94/100|[from] Sandstorm
|-status|p2a: Hariyama|brn|[from] item: Flame Orb
|upkeep
|turn|12
|
|t:|1776320037
|move|p1a: Alomomola|Aqua Jet|p2a: Hariyama
|-damage|p2a: Hariyama|33/100 brn
|move|p2a: Hariyama|Drain Punch|p1a: Alomomola
|-damage|p1a: Alomomola|0 fnt
|-heal|p2a: Hariyama|85/100 brn|[from] drain|[of] p1a: Alomomola
|faint|p1a: Alomomola
|
|-weather|Sandstorm|[upkeep]
|-damage|p2a: Hariyama|79/100 brn|[from] brn
|upkeep
|
|t:|1776320048
|switch|p1a: Iron Moth|Iron Moth|100/100
|turn|13
|
|t:|1776320051
|move|p2a: Hariyama|Bullet Punch|p1a: Iron Moth
|-resisted|p1a: Iron Moth
|-damage|p1a: Iron Moth|0 fnt
|faint|p1a: Iron Moth
|-end|p1a: Iron Moth|Quark Drive|[silent]
|
|-weather|none
|-damage|p2a: Hariyama|72/100 brn|[from] brn
|upkeep
|
|t:|1776320067
|switch|p1a: Thundurus|Thundurus-Therian, M, shiny|100/100
|turn|14
|
|t:|1776320075
|-terastallize|p1a: Thundurus|Electric
|move|p2a: Hariyama|Bullet Punch|p1a: Thundurus
|-resisted|p1a: Thundurus
|-damage|p1a: Thundurus|0 fnt
|faint|p1a: Thundurus
|
|-damage|p2a: Hariyama|66/100 brn|[from] brn
|upkeep
|
|t:|1776320079
|switch|p1a: Tyranitar|Tyranitar, M|12/100
|-weather|Sandstorm|[from] ability: Sand Stream|[of] p1a: Tyranitar
|turn|15
|c|☆Sharkerthantheteal|gg
|
|t:|1776320088
|move|p2a: Hariyama|Bullet Punch|p1a: Tyranitar
|-supereffective|p1a: Tyranitar
|-damage|p1a: Tyranitar|0 fnt
|faint|p1a: Tyranitar
|
|win|Sharkerthantheteal
|raw|AnavasiEx's rating: 1109 &rarr; <strong>1085</strong><br />(-24 for losing)
|raw|Sharkerthantheteal's rating: 1121 &rarr; <strong>1145</strong><br />(+24 for winning)
|l|☆AnavasiEx
|player|p1|
|l| GruesomeLovelies
|j| GruesomeLovelies
