|html|<div class="broadcast-blue"><strong>[Gen 9] OU is currently suspecting Tera Blast! For information on how to participate check out the <a href="https://www.smogon.com/tools/suspects/view/200">suspect thread</a>.</strong></div>
|j|☆isekreemskoop
|j|☆Ru1ned
|t:|1776127431
|gametype|singles
|player|p1|isekreemskoop|waitress-gen4|1218
|player|p2|Ru1ned|giovanni|1321
|gen|9
|tier|[Gen 9] OU
|rated|
|rule|HP Percentage Mod: HP is shown in percentages
|rule|Endless Battle Clause: Forcing endless battles is banned
|rule|Species Clause: Limit one of each Pokémon
|rule|OHKO Clause: OHKO moves are banned
|rule|Evasion Items Clause: Evasion items are banned
|rule|Evasion Moves Clause: Evasion moves are banned
|rule|Evasion Abilities Clause: Evasion abilities are banned
|rule|Sleep Moves Clause: Sleep-inducing moves are banned
|clearpoke
|poke|p1|Noivern, F|
|poke|p1|Gholdengo|
|poke|p1|Kingambit, M|
|poke|p1|Ogerpon-Wellspring, F|
|poke|p1|Ribombee, F|
|poke|p1|Great Tusk|
|poke|p2|Ceruledge, M|
|poke|p2|Ogerpon-Wellspring, F|
|poke|p2|Dragonite, M|
|poke|p2|Moltres|
|poke|p2|Weavile, M|
|poke|p2|Kommo-o, M|
|teampreview
|inactive|Battle timer is ON: inactive players will automatically lose when time's up. (requested by isekreemskoop)
|inactive|Ru1ned also wants the timer to be on.
|
|t:|1776127438
|teamsize|p1|6
|teamsize|p2|6
|start
|switch|p1a: Ribombee|Ribombee, F|100/100
|switch|p2a: Moltres|Moltres, shiny|100/100
|turn|1
|
|t:|1776127454
|switch|p2a: green giant|Dragonite, M|100/100
|move|p1a: Ribombee|Sticky Web|p2a: green giant
|-sidestart|p2: Ru1ned|move: Sticky Web
|
|upkeep
|turn|2
|
|t:|1776127463
|switch|p2a: Moltres|Moltres, shiny|100/100
|move|p1a: Ribombee|Moonblast|p2a: Moltres
|-resisted|p2a: Moltres
|-damage|p2a: Moltres|81/100
|
|upkeep
|turn|3
|
|t:|1776127469
|move|p1a: Ribombee|Stun Spore|p2a: Moltres
|-status|p2a: Moltres|par
|move|p2a: Moltres|Air Slash|p1a: Ribombee
|-supereffective|p1a: Ribombee
|-enditem|p1a: Ribombee|Focus Sash
|-damage|p1a: Ribombee|1/100
|
|upkeep
|turn|4
|
|t:|1776127477
|move|p1a: Ribombee|Moonblast|p2a: Moltres
|-resisted|p2a: Moltres
|-damage|p2a: Moltres|60/100 par
|move|p2a: Moltres|Air Slash|p1a: Ribombee
|-supereffective|p1a: Ribombee
|-damage|p1a: Ribombee|0 fnt
|faint|p1a: Ribombee
|
|upkeep
|
|t:|1776127491
|switch|p1a: Goatvern|Noivern, F, shiny|100/100
|turn|5
|
|t:|1776127496
|move|p1a: Goatvern|Boomburst|p2a: Moltres
|-damage|p2a: Moltres|0 fnt
|faint|p2a: Moltres
|
|upkeep
|
|t:|1776127501
|switch|p2a: just the|Weavile, M, shiny|100/100
|-activate|p2a: just the|move: Sticky Web
|-unboost|p2a: just the|spe|1
|turn|6
|
|t:|1776127509
|switch|p1a: Kingambit|Kingambit, M|100/100
|-activate|p1a: Kingambit|ability: Supreme Overlord
|-start|p1a: Kingambit|fallen1|[silent]
|move|p2a: just the|Icicle Crash|p1a: Kingambit
|-resisted|p1a: Kingambit
|-damage|p1a: Kingambit|81/100
|
|upkeep
|turn|7
|c|☆Ru1ned|peak mon btw
|
|t:|1776127521
|move|p2a: just the|Low Kick|p1a: Kingambit
|-supereffective|p1a: Kingambit
|-damage|p1a: Kingambit|0 fnt
|faint|p1a: Kingambit
|-end|p1a: Kingambit|fallen1|[silent]
|
|upkeep
|
|t:|1776127532
|switch|p1a: Great Tusk|Great Tusk|100/100
|turn|8
|c|☆Ru1ned|noivern the goat
|c|☆isekreemskoop|goatvern
|
|t:|1776127549
|move|p1a: Great Tusk|Bulk Up|p1a: Great Tusk
|-boost|p1a: Great Tusk|atk|1
|-boost|p1a: Great Tusk|def|1
|move|p2a: just the|Icicle Crash|p1a: Great Tusk
|-supereffective|p1a: Great Tusk
|-damage|p1a: Great Tusk|66/100
|
|-heal|p1a: Great Tusk|72/100|[from] item: Leftovers
|upkeep
|turn|9
|
|t:|1776127555
|move|p1a: Great Tusk|Earthquake|p2a: just the
|-enditem|p2a: just the|Focus Sash
|-damage|p2a: just the|1/100
|move|p2a: just the|Knock Off|p1a: Great Tusk
|-resisted|p1a: Great Tusk
|-damage|p1a: Great Tusk|63/100
|-enditem|p1a: Great Tusk|Leftovers|[from] move: Knock Off|[of] p2a: just the
|
|upkeep
|turn|10
|
|t:|1776127559
|move|p1a: Great Tusk|Earthquake|p2a: just the
|-damage|p2a: just the|0 fnt
|faint|p2a: just the
|
|upkeep
|
|t:|1776127570
|switch|p2a: two of us|Kommo-o, M, shiny|100/100
|-activate|p2a: two of us|move: Sticky Web
|-unboost|p2a: two of us|spe|1
|turn|11
|inactive|isekreemskoop has 120 seconds left.
|c|☆isekreemskoop|we can make it if we try
|
|t:|1776127612
|move|p1a: Great Tusk|Ice Spinner|p2a: two of us
|-supereffective|p2a: two of us
|-damage|p2a: two of us|38/100
|move|p2a: two of us|Clangorous Soul|p2a: two of us
|-boost|p2a: two of us|atk|1
|-boost|p2a: two of us|def|1
|-boost|p2a: two of us|spa|1
|-boost|p2a: two of us|spd|1
|-boost|p2a: two of us|spe|1
|-damage|p2a: two of us|5/100
|
|-heal|p2a: two of us|11/100|[from] item: Leftovers
|upkeep
|turn|12
|c|☆Ru1ned|just the two of us
|
|t:|1776127620
|move|p2a: two of us|Vacuum Wave|p1a: Great Tusk
|-damage|p1a: Great Tusk|29/100
|move|p1a: Great Tusk|Ice Spinner|p2a: two of us
|-supereffective|p2a: two of us
|-damage|p2a: two of us|0 fnt
|faint|p2a: two of us
|
|upkeep
|
|t:|1776127641
|switch|p2a: green giant|Dragonite, M|100/100
|turn|13
|
|t:|1776127647
|move|p2a: green giant|Dragon Dance|p2a: green giant
|-boost|p2a: green giant|atk|1
|-boost|p2a: green giant|spe|1
|move|p1a: Great Tusk|Ice Spinner|p2a: green giant
|-supereffective|p2a: green giant
|-damage|p2a: green giant|27/100
|
|upkeep
|turn|14
|
|t:|1776127656
|-terastallize|p2a: green giant|Dragon
|move|p2a: green giant|Scale Shot|p1a: Great Tusk
|-crit|p1a: Great Tusk
|-damage|p1a: Great Tusk|8/100
|-damage|p1a: Great Tusk|0 fnt
|faint|p1a: Great Tusk
|-end|p1a: Great Tusk|Protosynthesis|[silent]
|-hitcount|p1: Great Tusk|2
|-unboost|p2a: green giant|def|1
|-boost|p2a: green giant|spe|1
|
|upkeep
|inactive|isekreemskoop has 120 seconds left.
|
|t:|1776127674
|switch|p1a: Gholdengo|Gholdengo|100/100
|turn|15
|
|t:|1776127682
|-terastallize|p1a: Gholdengo|Flying
|move|p2a: green giant|Earthquake|p1a: Gholdengo
|-immune|p1a: Gholdengo
|move|p1a: Gholdengo|Shadow Ball|p2a: green giant
|-damage|p2a: green giant|0 fnt
|faint|p2a: green giant
|
|upkeep
|
|t:|1776127694
|switch|p2a: emotional support|Ogerpon-Wellspring, F|100/100
|-activate|p2a: emotional support|move: Sticky Web
|-unboost|p2a: emotional support|spe|1
|turn|16
|
|t:|1776127702
|move|p1a: Gholdengo|Nasty Plot|p1a: Gholdengo
|-boost|p1a: Gholdengo|spa|2
|move|p2a: emotional support|Knock Off|p1a: Gholdengo
|-damage|p1a: Gholdengo|61/100
|-enditem|p1a: Gholdengo|Leftovers|[from] move: Knock Off|[of] p2a: emotional support
|
|upkeep
|turn|17
|
|t:|1776127709
|move|p1a: Gholdengo|Shadow Ball|p2a: emotional support
|-damage|p2a: emotional support|0 fnt
|faint|p2a: emotional support
|
|upkeep
|
|t:|1776127712
|switch|p2a: arthur|Ceruledge, M, shiny|100/100
|-activate|p2a: arthur|move: Sticky Web
|-unboost|p2a: arthur|spe|1
|turn|18
|
|t:|1776127719
|move|p1a: Gholdengo|Shadow Ball|p2a: arthur
|-supereffective|p2a: arthur
|-enditem|p2a: arthur|Focus Sash
|-damage|p2a: arthur|1/100
|move|p2a: arthur|Bitter Blade|p1a: Gholdengo
|-damage|p1a: Gholdengo|17/100
|-heal|p2a: arthur|26/100|[from] drain|[of] p1a: Gholdengo
|
|upkeep
|turn|19
|
|t:|1776127724
|move|p1a: Gholdengo|Shadow Ball|p2a: arthur
|-supereffective|p2a: arthur
|-damage|p2a: arthur|0 fnt
|faint|p2a: arthur
|
|win|isekreemskoop
|raw|isekreemskoop's rating: 1218 &rarr; <strong>1250</strong><br />(+32 for winning)
|raw|Ru1ned's rating: 1321 &rarr; <strong>1295</strong><br />(-26 for losing)
