|html|<div class="broadcast-blue"><strong>[Gen 9] OU is currently suspecting Tera Blast! For information on how to participate check out the <a href="https://www.smogon.com/tools/suspects/view/200">suspect thread</a>.</strong></div>
|j|☆razerblake
|j|☆mathismathin
|t:|1776217507
|gametype|singles
|player|p1|razerblake|tuberf|1399
|player|p2|mathismathin|bugsy-masters|1672
|gen|9
|tier|[Gen 9] OU
|rated|
|rule|HP Percentage Mod: HP is shown in percentages
|rule|Endless Battle Clause: Forcing endless battles is banned
|rule|Species Clause: Limit one of each Pokémon
|rule|OHKO Clause: OHKO moves are banned
|rule|Evasion Items Clause: Evasion items are banned
|rule|Evasion Moves Clause: Evasion moves are banned
|rule|Evasion Abilities Clause: Evasion abilities are banned
|rule|Sleep Moves Clause: Sleep-inducing moves are banned
|clearpoke
|poke|p1|Great Tusk|
|poke|p1|Walking Wake|
|poke|p1|Kingambit, M|
|poke|p1|Venusaur, M|
|poke|p1|Ninetales, F|
|poke|p1|Raging Bolt|
|poke|p2|Ribombee, F|
|poke|p2|Ogerpon-Wellspring, F|
|poke|p2|Lycanroc-Dusk, M|
|poke|p2|Basculegion-F, F|
|poke|p2|Cinderace, M|
|poke|p2|Glimmora, F|
|teampreview
|inactive|Battle timer is ON: inactive players will automatically lose when time's up. (requested by razerblake)
|
|t:|1776217518
|teamsize|p1|6
|teamsize|p2|6
|start
|switch|p1a: Ninetales|Ninetales, F|100/100
|switch|p2a: Ribombee|Ribombee, F|100/100
|-weather|SunnyDay|[from] ability: Drought|[of] p1a: Ninetales
|turn|1
|
|t:|1776217522
|move|p2a: Ribombee|Sticky Web|p1a: Ninetales
|-sidestart|p1: razerblake|move: Sticky Web
|move|p1a: Ninetales|Weather Ball|p2a: Ribombee
|-supereffective|p2a: Ribombee
|-enditem|p2a: Ribombee|Focus Sash
|-damage|p2a: Ribombee|1/100
|
|-weather|SunnyDay|[upkeep]
|upkeep
|turn|2
|
|t:|1776217532
|switch|p2a: Cinderace|Cinderace, M|100/100
|move|p1a: Ninetales|Weather Ball|p2a: Cinderace
|-resisted|p2a: Cinderace
|-damage|p2a: Cinderace|69/100
|
|-weather|SunnyDay|[upkeep]
|upkeep
|turn|3
|
|t:|1776217538
|move|p2a: Cinderace|Swords Dance|p2a: Cinderace
|-boost|p2a: Cinderace|atk|2
|move|p1a: Ninetales|Encore|p2a: Cinderace
|-start|p2a: Cinderace|Encore
|
|-weather|SunnyDay|[upkeep]
|upkeep
|turn|4
|
|t:|1776217542
|switch|p2a: Glimmora|Glimmora, F|100/100
|switch|p1a: Great Tusk|Great Tusk|100/100
|-activate|p1a: Great Tusk|move: Sticky Web
|-unboost|p1a: Great Tusk|spe|1
|-activate|p1a: Great Tusk|ability: Protosynthesis
|-start|p1a: Great Tusk|protosynthesisatk
|
|-weather|SunnyDay|[upkeep]
|upkeep
|turn|5
|
|t:|1776217544
|switch|p2a: Basculegion|Basculegion-F, F|100/100
|-item|p2a: Basculegion|Air Balloon
|move|p1a: Great Tusk|Rapid Spin|p2a: Basculegion
|-immune|p2a: Basculegion
|
|-weather|SunnyDay|[upkeep]
|upkeep
|turn|6
|
|t:|1776217552
|move|p2a: Basculegion|Ice Beam|p1a: Great Tusk
|-supereffective|p1a: Great Tusk
|-damage|p1a: Great Tusk|49/100
|move|p1a: Great Tusk|Ice Spinner|p2a: Basculegion
|-resisted|p2a: Basculegion
|-damage|p2a: Basculegion|78/100
|-enditem|p2a: Basculegion|Air Balloon
|
|-weather|SunnyDay|[upkeep]
|upkeep
|turn|7
|
|t:|1776217564
|move|p2a: Basculegion|Ice Beam|p1a: Great Tusk
|-supereffective|p1a: Great Tusk
|-damage|p1a: Great Tusk|1/100
|move|p1a: Great Tusk|Headlong Rush|p2a: Basculegion
|-damage|p2a: Basculegion|0 fnt
|-unboost|p1a: Great Tusk|def|1
|-unboost|p1a: Great Tusk|spd|1
|faint|p2a: Basculegion
|
|-weather|SunnyDay|[upkeep]
|upkeep
|
|t:|1776217570
|switch|p2a: Glimmora|Glimmora, F|100/100
|turn|8
|
|t:|1776217577
|move|p2a: Glimmora|Earth Power|p1a: Great Tusk
|-damage|p1a: Great Tusk|0 fnt
|faint|p1a: Great Tusk
|-end|p1a: Great Tusk|Protosynthesis|[silent]
|
|-weather|none
|upkeep
|
|t:|1776217579
|switch|p1a: Ninetales|Ninetales, F|100/100
|-activate|p1a: Ninetales|move: Sticky Web
|-unboost|p1a: Ninetales|spe|1
|-weather|SunnyDay|[from] ability: Drought|[of] p1a: Ninetales
|turn|9
|
|t:|1776217586
|move|p2a: Glimmora|Meteor Beam||[still]
|-prepare|p2a: Glimmora|Meteor Beam
|-boost|p2a: Glimmora|spa|1
|-enditem|p2a: Glimmora|Power Herb
|-anim|p2a: Glimmora|Meteor Beam|p1a: Ninetales
|-supereffective|p1a: Ninetales
|-damage|p1a: Ninetales|0 fnt
|faint|p1a: Ninetales
|
|-weather|SunnyDay|[upkeep]
|upkeep
|
|t:|1776217590
|switch|p1a: Raging Bolt|Raging Bolt|100/100
|-item|p1a: Raging Bolt|Air Balloon
|-activate|p1a: Raging Bolt|ability: Protosynthesis
|-start|p1a: Raging Bolt|protosynthesisspa
|turn|10
|
|t:|1776217602
|move|p2a: Glimmora|Sludge Wave|p1a: Raging Bolt
|-damage|p1a: Raging Bolt|33/100
|-enditem|p1a: Raging Bolt|Air Balloon
|move|p1a: Raging Bolt|Calm Mind|p1a: Raging Bolt
|-boost|p1a: Raging Bolt|spa|1
|-boost|p1a: Raging Bolt|spd|1
|
|-weather|SunnyDay|[upkeep]
|upkeep
|turn|11
|
|t:|1776217608
|switch|p2a: Ribombee|Ribombee, F|1/100
|move|p1a: Raging Bolt|Thunderclap||[still]
|-fail|p1a: Raging Bolt
|
|-weather|SunnyDay|[upkeep]
|upkeep
|turn|12
|
|t:|1776217613
|move|p2a: Ribombee|Skill Swap||[still]
|-fail|p2a: Ribombee
|move|p1a: Raging Bolt|Thunderbolt|p2a: Ribombee
|-damage|p2a: Ribombee|0 fnt
|faint|p2a: Ribombee
|
|-weather|SunnyDay|[upkeep]
|upkeep
|
|t:|1776217616
|switch|p2a: Lycanroc|Lycanroc-Dusk, M|100/100
|turn|13
|
|t:|1776217629
|move|p2a: Lycanroc|Sucker Punch|p1a: Raging Bolt
|-damage|p1a: Raging Bolt|0 fnt
|faint|p1a: Raging Bolt
|-end|p1a: Raging Bolt|Protosynthesis|[silent]
|-damage|p2a: Lycanroc|91/100|[from] item: Life Orb
|
|-weather|SunnyDay|[upkeep]
|upkeep
|
|t:|1776217636
|switch|p1a: Venusaur|Venusaur, M|100/100
|-activate|p1a: Venusaur|move: Sticky Web
|-unboost|p1a: Venusaur|spe|1
|turn|14
|
|t:|1776217648
|switch|p2a: Cinderace|Cinderace, M|69/100
|move|p1a: Venusaur|Growth|p1a: Venusaur
|-boost|p1a: Venusaur|atk|2
|-boost|p1a: Venusaur|spa|2
|
|-weather|SunnyDay|[upkeep]
|upkeep
|turn|15
|
|t:|1776217657
|switch|p2a: Glimmora|Glimmora, F|100/100
|move|p1a: Venusaur|Sludge Bomb|p2a: Glimmora
|-resisted|p2a: Glimmora
|-damage|p2a: Glimmora|66/100
|-damage|p1a: Venusaur|91/100|[from] item: Life Orb
|
|-weather|SunnyDay|[upkeep]
|upkeep
|turn|16
|
|t:|1776217668
|move|p1a: Venusaur|Giga Drain|p2a: Glimmora
|-damage|p2a: Glimmora|0 fnt
|-heal|p1a: Venusaur|100/100|[from] drain|[of] p2a: Glimmora
|faint|p2a: Glimmora
|-damage|p1a: Venusaur|91/100|[from] item: Life Orb
|
|-weather|none
|upkeep
|
|t:|1776217670
|switch|p2a: Cinderace|Cinderace, M|69/100
|turn|17
|
|t:|1776217677
|move|p2a: Cinderace|Pyro Ball|p1a: Venusaur
|-supereffective|p1a: Venusaur
|-damage|p1a: Venusaur|0 fnt
|faint|p1a: Venusaur
|
|upkeep
|
|t:|1776217678
|switch|p1a: Walking Wake|Walking Wake|100/100
|-activate|p1a: Walking Wake|move: Sticky Web
|-unboost|p1a: Walking Wake|spe|1
|turn|18
|
|t:|1776217695
|move|p2a: Cinderace|Low Kick|p1a: Walking Wake
|-damage|p1a: Walking Wake|58/100
|move|p1a: Walking Wake|Hydro Steam|p2a: Cinderace
|-supereffective|p2a: Cinderace
|-damage|p2a: Cinderace|0 fnt
|faint|p2a: Cinderace
|
|upkeep
|
|t:|1776217700
|switch|p2a: Ogerpon|Ogerpon-Wellspring, F|100/100
|turn|19
|
|t:|1776217704
|move|p2a: Ogerpon|Swords Dance|p2a: Ogerpon
|-boost|p2a: Ogerpon|atk|2
|move|p1a: Walking Wake|Draco Meteor|p2a: Ogerpon
|-damage|p2a: Ogerpon|16/100
|-unboost|p1a: Walking Wake|spa|2
|
|upkeep
|turn|20
|
|t:|1776217708
|move|p2a: Ogerpon|Play Rough|p1a: Walking Wake
|-supereffective|p1a: Walking Wake
|-damage|p1a: Walking Wake|0 fnt
|faint|p1a: Walking Wake
|-end|p1a: Walking Wake|Protosynthesis|[silent]
|
|upkeep
|
|t:|1776217711
|switch|p1a: Kingambit|Kingambit, M|100/100
|-activate|p1a: Kingambit|ability: Supreme Overlord
|-start|p1a: Kingambit|fallen5|[silent]
|-item|p1a: Kingambit|Air Balloon
|turn|21
|
|t:|1776217716
|move|p2a: Ogerpon|Ivy Cudgel|p1a: Kingambit|[anim] Ivy Cudgel Water
|-damage|p1a: Kingambit|0 fnt
|-enditem|p1a: Kingambit|Air Balloon
|faint|p1a: Kingambit
|-end|p1a: Kingambit|fallen5|[silent]
|
|win|mathismathin
|raw|razerblake's rating: 1399 &rarr; <strong>1392</strong><br />(-7 for losing)
|raw|mathismathin's rating: 1672 &rarr; <strong>1679</strong><br />(+7 for winning)
