|html|<div class="broadcast-blue"><strong>[Gen 9] OU is currently suspecting Volcarona! For information on how to participate check out the <a href="https://www.smogon.com/tools/suspects/view/208">suspect thread</a>.</strong></div>
|j|☆Zuifeng
|j|☆demonlarp
|t:|1778513922
|gametype|singles
|player|p1|Zuifeng|li|1685
|player|p2|demonlarp|cheryl|1591
|gen|9
|tier|[Gen 9] OU
|rated|
|rule|HP Percentage Mod: HP is shown in percentages
|rule|Endless Battle Clause: Forcing endless battles is banned
|rule|Species Clause: Limit one of each Pokémon
|rule|OHKO Clause: OHKO moves are banned
|rule|Evasion Items Clause: Evasion items are banned
|rule|Evasion Moves Clause: Evasion moves are banned
|rule|Evasion Abilities Clause: Evasion abilities are banned
|rule|Sleep Moves Clause: Sleep-inducing moves are banned
|clearpoke
|poke|p1|Ninetales, F|
|poke|p1|Walking Wake|
|poke|p1|Volcarona, F|
|poke|p1|Great Tusk|
|poke|p1|Hatterene, F|
|poke|p1|Kingambit, M|
|poke|p2|Jirachi|
|poke|p2|Weezing-Galar, F|
|poke|p2|Slither Wing|
|poke|p2|Ting-Lu|
|poke|p2|Heatran, F|
|poke|p2|Dragonite, F|
|teampreview
|inactive|Battle timer is ON: inactive players will automatically lose when time's up. (requested by Zuifeng)
|inactive|Zuifeng has 120 seconds left.
|
|t:|1778513955
|teamsize|p1|6
|teamsize|p2|6
|start
|switch|p1a: Ninetales|Ninetales, F|100/100
|switch|p2a: Ting-Lu|Ting-Lu|100/100
|-weather|SunnyDay|[from] ability: Drought|[of] p1a: Ninetales
|-ability|p2a: Ting-Lu|Vessel of Ruin
|turn|1
|
|t:|1778513973
|move|p1a: Ninetales|Will-O-Wisp|p2a: Ting-Lu
|-status|p2a: Ting-Lu|brn
|move|p2a: Ting-Lu|Earthquake|p1a: Ninetales
|-supereffective|p1a: Ninetales
|-damage|p1a: Ninetales|52/100
|
|-weather|SunnyDay|[upkeep]
|-damage|p2a: Ting-Lu|94/100 brn|[from] brn
|upkeep
|turn|2
|
|t:|1778513979
|switch|p1a: Hatterene|Hatterene, F|100/100
|move|p2a: Ting-Lu|Earthquake|p1a: Hatterene
|-damage|p1a: Hatterene|80/100
|-enditem|p1a: Hatterene|Eject Button
|
|t:|1778513987
|switch|p1a: Walking Wake|Walking Wake|100/100
|-activate|p1a: Walking Wake|ability: Protosynthesis
|-start|p1a: Walking Wake|protosynthesisspe
|
|-weather|SunnyDay|[upkeep]
|-heal|p2a: Ting-Lu|100/100 brn|[from] item: Leftovers
|-damage|p2a: Ting-Lu|94/100 brn|[from] brn
|upkeep
|turn|3
|
|t:|1778513991
|-terastallize|p2a: Ting-Lu|Water
|move|p1a: Walking Wake|Hydro Steam|p2a: Ting-Lu
|-resisted|p2a: Ting-Lu
|-damage|p2a: Ting-Lu|76/100 brn
|move|p2a: Ting-Lu|Spikes|p1a: Walking Wake
|-sidestart|p1: Zuifeng|Spikes
|
|-weather|SunnyDay|[upkeep]
|-heal|p2a: Ting-Lu|82/100 brn|[from] item: Leftovers
|-damage|p2a: Ting-Lu|76/100 brn|[from] brn
|upkeep
|turn|4
|
|t:|1778514010
|-end|p1a: Walking Wake|Protosynthesis|[silent]
|switch|p1a: Great Tusk|Great Tusk|100/100
|-damage|p1a: Great Tusk|88/100|[from] Spikes
|-activate|p1a: Great Tusk|ability: Protosynthesis
|-start|p1a: Great Tusk|protosynthesisatk
|move|p2a: Ting-Lu|Ruination|p1a: Great Tusk
|-damage|p1a: Great Tusk|44/100
|
|-weather|SunnyDay|[upkeep]
|-heal|p2a: Ting-Lu|82/100 brn|[from] item: Leftovers
|-damage|p2a: Ting-Lu|76/100 brn|[from] brn
|upkeep
|turn|5
|
|t:|1778514024
|switch|p2a: Slither Wing|Slither Wing|100/100
|-activate|p2a: Slither Wing|ability: Protosynthesis
|-start|p2a: Slither Wing|protosynthesisatk
|move|p1a: Great Tusk|Headlong Rush|p2a: Slither Wing
|-resisted|p2a: Slither Wing
|-damage|p2a: Slither Wing|68/100
|-unboost|p1a: Great Tusk|def|1
|-unboost|p1a: Great Tusk|spd|1
|-damage|p1a: Great Tusk|28/100|[from] item: Rocky Helmet|[of] p2a: Slither Wing
|
|-weather|SunnyDay|[upkeep]
|upkeep
|turn|6
|
|t:|1778514030
|move|p1a: Great Tusk|Rapid Spin|p2a: Slither Wing
|-damage|p2a: Slither Wing|49/100
|-boost|p1a: Great Tusk|spe|1
|-damage|p1a: Great Tusk|12/100|[from] item: Rocky Helmet|[of] p2a: Slither Wing
|-sideend|p1: Zuifeng|Spikes|[from] move: Rapid Spin|[of] p1a: Great Tusk
|move|p2a: Slither Wing|Morning Sun|p2a: Slither Wing
|-heal|p2a: Slither Wing|100/100
|
|-weather|SunnyDay|[upkeep]
|upkeep
|turn|7
|j| foxi4
|
|t:|1778514037
|move|p1a: Great Tusk|Temper Flare|p2a: Slither Wing
|-supereffective|p2a: Slither Wing
|-damage|p2a: Slither Wing|14/100
|-damage|p1a: Great Tusk|0 fnt|[from] item: Rocky Helmet|[of] p2a: Slither Wing
|faint|p1a: Great Tusk
|-end|p1a: Great Tusk|Protosynthesis|[silent]
|move|p2a: Slither Wing|Morning Sun|p2a: Slither Wing
|-heal|p2a: Slither Wing|80/100
|
|-weather|SunnyDay|[upkeep]
|upkeep
|
|t:|1778514049
|switch|p1a: Volcarona|Volcarona, F|100/100
|turn|8
|
|t:|1778514054
|-end|p2a: Slither Wing|Protosynthesis|[silent]
|switch|p2a: Heatran|Heatran, F|100/100
|move|p1a: Volcarona|Quiver Dance|p1a: Volcarona
|-boost|p1a: Volcarona|spa|1
|-boost|p1a: Volcarona|spd|1
|-boost|p1a: Volcarona|spe|1
|
|-weather|none
|upkeep
|turn|9
|
|t:|1778514064
|switch|p1a: Hatterene|Hatterene, F|80/100
|move|p2a: Heatran|Magma Storm|p1a: Hatterene
|-damage|p1a: Hatterene|47/100
|-activate|p1a: Hatterene|move: Magma Storm|[of] p2a: Heatran
|
|-damage|p1a: Hatterene|35/100|[from] move: Magma Storm|[partiallytrapped]
|upkeep
|turn|10
|j| Heliophete
|
|t:|1778514070
|move|p2a: Heatran|Earth Power|p1a: Hatterene
|-damage|p1a: Hatterene|16/100
|move|p1a: Hatterene|Healing Wish|p1a: Hatterene
|faint|p1a: Hatterene
|
|upkeep
|
|t:|1778514073
|switch|p1a: Walking Wake|Walking Wake|100/100
|turn|11
|
|t:|1778514079
|-end|p1a: Walking Wake|Protosynthesis|[silent]
|switch|p1a: Kingambit|Kingambit, M|100/100
|-activate|p1a: Kingambit|ability: Supreme Overlord
|-start|p1a: Kingambit|fallen2|[silent]
|-item|p1a: Kingambit|Air Balloon
|switch|p2a: Ting-Lu|Ting-Lu, tera:Water|76/100 brn
|-ability|p2a: Ting-Lu|Vessel of Ruin
|
|-heal|p2a: Ting-Lu|82/100 brn|[from] item: Leftovers
|-damage|p2a: Ting-Lu|76/100 brn|[from] brn
|upkeep
|turn|12
|
|t:|1778514083
|switch|p2a: Slither Wing|Slither Wing|80/100
|move|p1a: Kingambit|Swords Dance|p1a: Kingambit
|-boost|p1a: Kingambit|atk|2
|
|upkeep
|turn|13
|inactive|Zuifeng has 120 seconds left.
|inactive|Zuifeng has 90 seconds left.
|
|t:|1778514148
|-terastallize|p1a: Kingambit|Ghost
|move|p2a: Slither Wing|U-turn|p1a: Kingambit
|-resisted|p1a: Kingambit
|-damage|p1a: Kingambit|89/100
|-enditem|p1a: Kingambit|Air Balloon
|
|t:|1778514154
|-end|p2a: Slither Wing|Protosynthesis|[silent]
|switch|p2a: Jirachi|Jirachi|100/100|[from] U-turn
|move|p1a: Kingambit|Kowtow Cleave|p2a: Jirachi
|-supereffective|p2a: Jirachi
|-damage|p2a: Jirachi|0 fnt
|faint|p2a: Jirachi
|
|upkeep
|
|t:|1778514164
|switch|p2a: Slither Wing|Slither Wing|80/100
|turn|14
|
|t:|1778514169
|move|p1a: Kingambit|Swords Dance|p1a: Kingambit
|-boost|p1a: Kingambit|atk|2
|move|p2a: Slither Wing|Whirlwind|p1a: Kingambit
|-end|p1a: Kingambit|fallen2|[silent]
|drag|p1a: Volcarona|Volcarona, F|100/100
|
|upkeep
|turn|15
|
|t:|1778514175
|switch|p1a: Kingambit|Kingambit, M, tera:Ghost|89/100
|-heal|p1a: Kingambit|100/100|[from] move: Healing Wish
|-activate|p1a: Kingambit|ability: Supreme Overlord
|-start|p1a: Kingambit|fallen2|[silent]
|-end|p2a: Slither Wing|Protosynthesis|[silent]
|switch|p2a: Heatran|Heatran, F|100/100
|
|upkeep
|turn|16
|
|t:|1778514178
|move|p2a: Heatran|Stealth Rock|p1a: Kingambit
|-sidestart|p1: Zuifeng|move: Stealth Rock
|move|p1a: Kingambit|Low Kick|p2a: Heatran
|-supereffective|p2a: Heatran
|-damage|p2a: Heatran|12/100
|
|-heal|p2a: Heatran|19/100|[from] item: Leftovers
|upkeep
|turn|17
|
|t:|1778514184
|switch|p2a: Slither Wing|Slither Wing|80/100
|move|p1a: Kingambit|Kowtow Cleave|p2a: Slither Wing
|-resisted|p2a: Slither Wing
|-damage|p2a: Slither Wing|57/100
|-damage|p1a: Kingambit|84/100|[from] item: Rocky Helmet|[of] p2a: Slither Wing
|
|upkeep
|turn|18
|
|t:|1778514192
|-end|p1a: Kingambit|fallen2|[silent]
|switch|p1a: Ninetales|Ninetales, F|52/100
|-damage|p1a: Ninetales|27/100|[from] Stealth Rock
|-weather|SunnyDay|[from] ability: Drought|[of] p1a: Ninetales
|-activate|p2a: Slither Wing|ability: Protosynthesis
|-start|p2a: Slither Wing|protosynthesisatk
|move|p2a: Slither Wing|Morning Sun|p2a: Slither Wing
|-heal|p2a: Slither Wing|100/100
|
|-weather|SunnyDay|[upkeep]
|upkeep
|turn|19
|inactive|Zuifeng has 120 seconds left.
|inactive|Zuifeng has 90 seconds left.
|
|t:|1778514246
|-end|p2a: Slither Wing|Protosynthesis|[silent]
|switch|p2a: Heatran|Heatran, F|19/100
|move|p1a: Ninetales|Healing Wish|p1a: Ninetales
|faint|p1a: Ninetales
|
|-weather|SunnyDay|[upkeep]
|-heal|p2a: Heatran|25/100|[from] item: Leftovers
|upkeep
|
|t:|1778514248
|switch|p1a: Walking Wake|Walking Wake|100/100
|-damage|p1a: Walking Wake|88/100|[from] Stealth Rock
|-activate|p1a: Walking Wake|ability: Protosynthesis
|-start|p1a: Walking Wake|protosynthesisspe
|turn|20
|
|t:|1778514251
|-end|p1a: Walking Wake|Protosynthesis|[silent]
|switch|p1a: Kingambit|Kingambit, M, tera:Ghost|84/100
|-heal|p1a: Kingambit|100/100|[from] move: Healing Wish
|-damage|p1a: Kingambit|88/100|[from] Stealth Rock
|-activate|p1a: Kingambit|ability: Supreme Overlord
|-start|p1a: Kingambit|fallen3|[silent]
|switch|p2a: Ting-Lu|Ting-Lu, tera:Water|76/100 brn
|-ability|p2a: Ting-Lu|Vessel of Ruin
|
|-weather|SunnyDay|[upkeep]
|-heal|p2a: Ting-Lu|82/100 brn|[from] item: Leftovers
|-damage|p2a: Ting-Lu|76/100 brn|[from] brn
|upkeep
|turn|21
|
|t:|1778514258
|switch|p2a: Slither Wing|Slither Wing|100/100
|-activate|p2a: Slither Wing|ability: Protosynthesis
|-start|p2a: Slither Wing|protosynthesisatk
|move|p1a: Kingambit|Swords Dance|p1a: Kingambit
|-boost|p1a: Kingambit|atk|2
|
|-weather|SunnyDay|[upkeep]
|upkeep
|turn|22
|
|t:|1778514265
|move|p1a: Kingambit|Kowtow Cleave|p2a: Slither Wing
|-resisted|p2a: Slither Wing
|-damage|p2a: Slither Wing|51/100
|-damage|p1a: Kingambit|72/100|[from] item: Rocky Helmet|[of] p2a: Slither Wing
|move|p2a: Slither Wing|Whirlwind|p1a: Kingambit
|-end|p1a: Kingambit|fallen3|[silent]
|drag|p1a: Volcarona|Volcarona, F|100/100
|-damage|p1a: Volcarona|51/100|[from] Stealth Rock
|
|-weather|SunnyDay|[upkeep]
|upkeep
|turn|23
|
|t:|1778514274
|switch|p1a: Walking Wake|Walking Wake|88/100
|-damage|p1a: Walking Wake|76/100|[from] Stealth Rock
|-activate|p1a: Walking Wake|ability: Protosynthesis
|-start|p1a: Walking Wake|protosynthesisspe
|-end|p2a: Slither Wing|Protosynthesis|[silent]
|switch|p2a: Heatran|Heatran, F|25/100
|
|-weather|SunnyDay|[upkeep]
|-heal|p2a: Heatran|31/100|[from] item: Leftovers
|upkeep
|turn|24
|
|t:|1778514277
|switch|p2a: Ting-Lu|Ting-Lu, tera:Water|76/100 brn
|-ability|p2a: Ting-Lu|Vessel of Ruin
|move|p1a: Walking Wake|Hydro Steam|p2a: Ting-Lu
|-resisted|p2a: Ting-Lu
|-damage|p2a: Ting-Lu|57/100 brn
|
|-weather|SunnyDay|[upkeep]
|-heal|p2a: Ting-Lu|63/100 brn|[from] item: Leftovers
|-damage|p2a: Ting-Lu|57/100 brn|[from] brn
|upkeep
|turn|25
|
|t:|1778514284
|move|p1a: Walking Wake|Hydro Steam|p2a: Ting-Lu
|-resisted|p2a: Ting-Lu
|-damage|p2a: Ting-Lu|35/100 brn
|move|p2a: Ting-Lu|Whirlwind|p1a: Walking Wake
|-end|p1a: Walking Wake|Protosynthesis|[silent]
|drag|p1a: Volcarona|Volcarona, F|51/100
|-damage|p1a: Volcarona|1/100|[from] Stealth Rock
|
|-weather|none
|-heal|p2a: Ting-Lu|41/100 brn|[from] item: Leftovers
|-damage|p2a: Ting-Lu|35/100 brn|[from] brn
|upkeep
|turn|26
|
|t:|1778514289
|switch|p2a: Heatran|Heatran, F|31/100
|move|p1a: Volcarona|Morning Sun|p1a: Volcarona
|-heal|p1a: Volcarona|51/100
|
|-heal|p2a: Heatran|37/100|[from] item: Leftovers
|upkeep
|turn|27
|
|t:|1778514293
|switch|p1a: Walking Wake|Walking Wake|76/100
|-damage|p1a: Walking Wake|64/100|[from] Stealth Rock
|move|p2a: Heatran|Magma Storm|p1a: Walking Wake
|-resisted|p1a: Walking Wake
|-damage|p1a: Walking Wake|51/100
|-activate|p1a: Walking Wake|move: Magma Storm|[of] p2a: Heatran
|
|-heal|p2a: Heatran|44/100|[from] item: Leftovers
|-damage|p1a: Walking Wake|39/100|[from] move: Magma Storm|[partiallytrapped]
|upkeep
|turn|28
|
|t:|1778514297
|switch|p2a: Ting-Lu|Ting-Lu, tera:Water|35/100 brn
|-ability|p2a: Ting-Lu|Vessel of Ruin
|move|p1a: Walking Wake|Dragon Pulse|p2a: Ting-Lu
|-damage|p2a: Ting-Lu|9/100 brn
|
|-heal|p2a: Ting-Lu|15/100 brn|[from] item: Leftovers
|-damage|p2a: Ting-Lu|9/100 brn|[from] brn
|-end|p1a: Walking Wake|Magma Storm|[partiallytrapped]|[silent]
|upkeep
|turn|29
|
|t:|1778514301
|move|p1a: Walking Wake|Dragon Pulse|p2a: Ting-Lu
|-damage|p2a: Ting-Lu|0 fnt
|faint|p2a: Ting-Lu
|
|upkeep
|
|t:|1778514304
|switch|p2a: Weezing|Weezing-Galar, F|100/100
|-ability|p2a: Weezing|Neutralizing Gas
|turn|30
|
|t:|1778514312
|-end|p1a: Walking Wake|Protosynthesis|[silent]
|switch|p1a: Kingambit|Kingambit, M, tera:Ghost|72/100
|-damage|p1a: Kingambit|59/100|[from] Stealth Rock
|move|p2a: Weezing|Sludge Bomb|p1a: Kingambit
|-resisted|p1a: Kingambit
|-damage|p1a: Kingambit|47/100
|-status|p1a: Kingambit|psn
|
|-damage|p1a: Kingambit|35/100 psn|[from] psn
|upkeep
|turn|31
|
|t:|1778514318
|-end|p2a: Weezing|ability: Neutralizing Gas
|-activate|p1a: Kingambit|ability: Supreme Overlord
|-start|p1a: Kingambit|fallen3|[silent]
|switch|p2a: Slither Wing|Slither Wing|51/100
|move|p1a: Kingambit|Swords Dance|p1a: Kingambit
|-boost|p1a: Kingambit|atk|2
|
|-damage|p1a: Kingambit|23/100 psn|[from] psn
|upkeep
|turn|32
|
|t:|1778514324
|move|p2a: Slither Wing|Morning Sun|p2a: Slither Wing
|-heal|p2a: Slither Wing|100/100
|move|p1a: Kingambit|Kowtow Cleave|p2a: Slither Wing
|-resisted|p2a: Slither Wing
|-damage|p2a: Slither Wing|52/100
|-damage|p1a: Kingambit|6/100 psn|[from] item: Rocky Helmet|[of] p2a: Slither Wing
|
|-damage|p1a: Kingambit|0 fnt|[from] psn
|faint|p1a: Kingambit
|-end|p1a: Kingambit|fallen3|[silent]
|upkeep
|
|t:|1778514329
|switch|p1a: Walking Wake|Walking Wake|39/100
|-damage|p1a: Walking Wake|27/100|[from] Stealth Rock
|turn|33
|
|t:|1778514336
|move|p1a: Walking Wake|Dragon Pulse|p2a: Slither Wing
|-damage|p2a: Slither Wing|0 fnt
|faint|p2a: Slither Wing
|-end|p2a: Slither Wing|Protosynthesis|[silent]
|
|upkeep
|
|t:|1778514338
|switch|p2a: Weezing|Weezing-Galar, F|100/100
|-ability|p2a: Weezing|Neutralizing Gas
|turn|34
|-message|Zuifeng forfeited.
|
|win|demonlarp
|raw|Zuifeng's rating: 1685 &rarr; <strong>1660</strong><br />(-25 for losing)
|raw|demonlarp's rating: 1591 &rarr; <strong>1616</strong><br />(+25 for winning)
|l|☆Zuifeng
|player|p1|
|l| foxi4
|l| Heliophete
|l|☆demonlarp
|player|p2|
