|html|<div class="broadcast-blue"><strong>[Gen 9] OU is currently suspecting Tera Blast! For information on how to participate check out the <a href="https://www.smogon.com/tools/suspects/view/200">suspect thread</a>.</strong></div>
|j|☆lolcano46
|j|☆phreshoatmeal
|t:|1776032547
|gametype|singles
|player|p1|lolcano46|fisherman-gen4|1574
|player|p2|phreshoatmeal|170|1551
|gen|9
|tier|[Gen 9] OU
|rated|
|rule|HP Percentage Mod: HP is shown in percentages
|rule|Endless Battle Clause: Forcing endless battles is banned
|rule|Species Clause: Limit one of each Pokémon
|rule|OHKO Clause: OHKO moves are banned
|rule|Evasion Items Clause: Evasion items are banned
|rule|Evasion Moves Clause: Evasion moves are banned
|rule|Evasion Abilities Clause: Evasion abilities are banned
|rule|Sleep Moves Clause: Sleep-inducing moves are banned
|clearpoke
|poke|p1|Azelf|
|poke|p1|Ogerpon-Wellspring, F|
|poke|p1|Scizor, M|
|poke|p1|Gengar, M|
|poke|p1|Raging Bolt|
|poke|p1|Cinderace, F|
|poke|p2|Excadrill, F|
|poke|p2|Sandaconda, M|
|poke|p2|Deoxys-Speed|
|poke|p2|Tyranitar, M|
|poke|p2|Sableye, F|
|poke|p2|Hatterene, F|
|teampreview
|inactive|Battle timer is ON: inactive players will automatically lose when time's up. (requested by lolcano46)
|
|t:|1776032575
|teamsize|p1|6
|teamsize|p2|6
|start
|switch|p1a: Cinderace|Cinderace, F|100/100
|switch|p2a: Tyranitar|Tyranitar, M|100/100
|-weather|Sandstorm|[from] ability: Sand Stream|[of] p2a: Tyranitar
|turn|1
|
|t:|1776032594
|move|p1a: Cinderace|Will-O-Wisp|p2a: Tyranitar
|-status|p2a: Tyranitar|brn
|move|p2a: Tyranitar|Knock Off|p1a: Cinderace
|-damage|p1a: Cinderace|58/100
|-enditem|p1a: Cinderace|Heavy-Duty Boots|[from] move: Knock Off|[of] p2a: Tyranitar
|
|-weather|Sandstorm|[upkeep]
|-damage|p1a: Cinderace|52/100|[from] Sandstorm
|-damage|p2a: Tyranitar|94/100 brn|[from] brn
|upkeep
|turn|2
|inactive|phreshoatmeal has 120 seconds left.
|
|t:|1776032621
|move|p1a: Cinderace|Pyro Ball|p2a: Tyranitar
|-resisted|p2a: Tyranitar
|-damage|p2a: Tyranitar|69/100 brn
|move|p2a: Tyranitar|Knock Off|p1a: Cinderace
|-damage|p1a: Cinderace|25/100
|
|-weather|Sandstorm|[upkeep]
|-damage|p1a: Cinderace|19/100|[from] Sandstorm
|-damage|p2a: Tyranitar|63/100 brn|[from] brn
|upkeep
|turn|3
|j| volbeatluvr
|inactive|lolcano46 has 120 seconds left.
|inactive|lolcano46 has 90 seconds left.
|
|t:|1776032694
|move|p1a: Cinderace|Pyro Ball|p2a: Tyranitar
|-resisted|p2a: Tyranitar
|-damage|p2a: Tyranitar|37/100 brn
|move|p2a: Tyranitar|Knock Off|p1a: Cinderace
|-damage|p1a: Cinderace|0 fnt
|faint|p1a: Cinderace
|
|-weather|Sandstorm|[upkeep]
|-damage|p2a: Tyranitar|31/100 brn|[from] brn
|upkeep
|
|t:|1776032703
|switch|p1a: Scizor|Scizor, M|100/100
|turn|4
|
|t:|1776032724
|switch|p2a: Sableye|Sableye, F|100/100
|move|p1a: Scizor|Swords Dance|p1a: Scizor
|-boost|p1a: Scizor|atk|2
|
|-weather|Sandstorm|[upkeep]
|-damage|p2a: Sableye|95/100|[from] Sandstorm
|upkeep
|turn|5
|
|t:|1776032733
|-terastallize|p1a: Scizor|Fire
|move|p1a: Scizor|Bullet Punch|p2a: Sableye
|-damage|p2a: Sableye|22/100
|-enditem|p2a: Sableye|Eject Button
|
|t:|1776032743
|switch|p2a: Excadrill|Excadrill, F|100/100
|
|-weather|Sandstorm|[upkeep]
|-damage|p1a: Scizor|94/100|[from] Sandstorm
|upkeep
|turn|6
|
|t:|1776032746
|switch|p1a: Azelf|Azelf|100/100
|move|p2a: Excadrill|Earthquake|p1a: Azelf
|-immune|p1a: Azelf|[from] ability: Levitate
|
|-weather|Sandstorm|[upkeep]
|-damage|p1a: Azelf|94/100|[from] Sandstorm
|upkeep
|turn|7
|
|t:|1776032751
|switch|p2a: Hatterene|Hatterene, F|100/100
|move|p1a: Azelf|Flamethrower|p2a: Hatterene
|-damage|p2a: Hatterene|68/100
|
|-weather|Sandstorm|[upkeep]
|-damage|p1a: Azelf|88/100|[from] Sandstorm
|-damage|p2a: Hatterene|62/100|[from] Sandstorm
|-heal|p2a: Hatterene|68/100|[from] item: Leftovers
|upkeep
|turn|8
|
|t:|1776032756
|move|p1a: Azelf|Flamethrower|p2a: Hatterene
|-damage|p2a: Hatterene|36/100
|move|p2a: Hatterene|Gravity|p2a: Hatterene
|-fieldstart|move: Gravity
|
|-weather|none
|-heal|p2a: Hatterene|42/100|[from] item: Leftovers
|upkeep
|turn|9
|
|t:|1776032761
|switch|p2a: Sandaconda|Sandaconda, M|100/100
|move|p1a: Azelf|Flamethrower|p2a: Sandaconda
|-damage|p2a: Sandaconda|51/100
|-weather|Sandstorm|[from] ability: Sand Spit|[of] p2a: Sandaconda
|-enditem|p2a: Sandaconda|Eject Button
|
|t:|1776032768
|switch|p2a: Excadrill|Excadrill, F|100/100
|
|-weather|Sandstorm|[upkeep]
|-damage|p1a: Azelf|82/100|[from] Sandstorm
|upkeep
|turn|10
|
|t:|1776032777
|switch|p1a: Ogerpon|Ogerpon-Wellspring, F|100/100
|move|p2a: Excadrill|Earthquake|p1a: Ogerpon
|-resisted|p1a: Ogerpon
|-damage|p1a: Ogerpon|38/100
|
|-weather|Sandstorm|[upkeep]
|-damage|p1a: Ogerpon|32/100|[from] Sandstorm
|upkeep
|turn|11
|
|t:|1776032788
|move|p2a: Excadrill|Earthquake|p1a: Ogerpon
|-resisted|p1a: Ogerpon
|-damage|p1a: Ogerpon|0 fnt
|faint|p1a: Ogerpon
|
|-weather|Sandstorm|[upkeep]
|upkeep
|
|t:|1776032791
|switch|p1a: Gengar|Gengar, M|100/100
|turn|12
|
|t:|1776032809
|move|p2a: Excadrill|Earthquake|p1a: Gengar
|-supereffective|p1a: Gengar
|-damage|p1a: Gengar|0 fnt
|-start|p2a: Excadrill|Disable|Earthquake|[from] ability: Cursed Body|[of] p1a: Gengar
|faint|p1a: Gengar
|
|-weather|Sandstorm|[upkeep]
|-fieldend|move: Gravity
|upkeep
|
|t:|1776032812
|switch|p1a: Raging Bolt|Raging Bolt|100/100
|-enditem|p1a: Raging Bolt|Booster Energy
|-activate|p1a: Raging Bolt|ability: Protosynthesis|[fromitem]
|-start|p1a: Raging Bolt|protosynthesisspa
|turn|13
|l| volbeatluvr
|
|t:|1776032831
|switch|p2a: Sandaconda|Sandaconda, M|51/100
|move|p1a: Raging Bolt|Dragon Pulse|p2a: Sandaconda
|-damage|p2a: Sandaconda|0 fnt
|faint|p2a: Sandaconda
|
|-weather|none
|upkeep
|
|t:|1776032843
|switch|p2a: Excadrill|Excadrill, F|100/100
|turn|14
|
|t:|1776032847
|switch|p2a: Tyranitar|Tyranitar, M|31/100 brn
|-weather|Sandstorm|[from] ability: Sand Stream|[of] p2a: Tyranitar
|-end|p1a: Raging Bolt|Protosynthesis|[silent]
|switch|p1a: Azelf|Azelf|82/100
|
|-weather|Sandstorm|[upkeep]
|-damage|p1a: Azelf|76/100|[from] Sandstorm
|-damage|p2a: Tyranitar|25/100 brn|[from] brn
|upkeep
|turn|15
|
|t:|1776032857
|move|p1a: Azelf|Dazzling Gleam|p2a: Tyranitar
|-supereffective|p2a: Tyranitar
|-damage|p2a: Tyranitar|0 fnt
|faint|p2a: Tyranitar
|
|-weather|Sandstorm|[upkeep]
|-damage|p1a: Azelf|70/100|[from] Sandstorm
|upkeep
|
|t:|1776032865
|switch|p2a: Deoxys|Deoxys-Speed|100/100
|-ability|p2a: Deoxys|Pressure
|turn|16
|
|t:|1776032880
|move|p2a: Deoxys|Gravity|p2a: Deoxys
|-fieldstart|move: Gravity
|move|p1a: Azelf|Flamethrower|p2a: Deoxys
|-damage|p2a: Deoxys|65/100
|-enditem|p2a: Deoxys|Eject Button
|
|t:|1776032885
|switch|p2a: Excadrill|Excadrill, F|100/100
|
|-weather|Sandstorm|[upkeep]
|-damage|p1a: Azelf|64/100|[from] Sandstorm
|upkeep
|turn|17
|-message|lolcano46 forfeited.
|
|win|phreshoatmeal
|raw|lolcano46's rating: 1574 &rarr; <strong>1553</strong><br />(-21 for losing)
|raw|phreshoatmeal's rating: 1551 &rarr; <strong>1572</strong><br />(+21 for winning)
|l|☆lolcano46
|player|p1|
|l|☆phreshoatmeal
|player|p2|
