|html|<div class="broadcast-blue"><strong>[Gen 9] OU is currently suspecting Tera Blast! For information on how to participate check out the <a href="https://www.smogon.com/tools/suspects/view/200">suspect thread</a>.</strong></div>
|j|☆nintendo80297
|j|☆DonovanIsNotHere
|t:|1776138436
|gametype|singles
|player|p1|nintendo80297|102|1373
|player|p2|DonovanIsNotHere|1|1400
|gen|9
|tier|[Gen 9] OU
|rated|
|rule|HP Percentage Mod: HP is shown in percentages
|rule|Endless Battle Clause: Forcing endless battles is banned
|rule|Species Clause: Limit one of each Pokémon
|rule|OHKO Clause: OHKO moves are banned
|rule|Evasion Items Clause: Evasion items are banned
|rule|Evasion Moves Clause: Evasion moves are banned
|rule|Evasion Abilities Clause: Evasion abilities are banned
|rule|Sleep Moves Clause: Sleep-inducing moves are banned
|clearpoke
|poke|p1|Quaquaval, F|
|poke|p1|Gholdengo|
|poke|p1|Corviknight, M|
|poke|p1|Hatterene, F|
|poke|p1|Clodsire, F|
|poke|p1|Kyurem|
|poke|p2|Venusaur, M|
|poke|p2|Magnezone|
|poke|p2|Moltres|
|poke|p2|Ogerpon-Wellspring, F|
|poke|p2|Iron Crown|
|poke|p2|Pecharunt|
|teampreview
|inactive|Battle timer is ON: inactive players will automatically lose when time's up. (requested by nintendo80297)
|
|t:|1776138450
|teamsize|p1|6
|teamsize|p2|6
|start
|switch|p1a: Hatterene|Hatterene, F|100/100
|switch|p2a: Dog Trap|Moltres|100/100
|turn|1
|
|t:|1776138453
|move|p2a: Dog Trap|U-turn|p1a: Hatterene
|-crit|p1a: Hatterene
|-damage|p1a: Hatterene|81/100
|
|t:|1776138456
|switch|p2a: Bird Trap|Magnezone|100/100|[from] U-turn
|move|p1a: Hatterene|Calm Mind|p1a: Hatterene
|-boost|p1a: Hatterene|spa|1
|-boost|p1a: Hatterene|spd|1
|
|-heal|p1a: Hatterene|87/100|[from] item: Leftovers
|upkeep
|turn|2
|
|t:|1776138463
|switch|p1a: Clodsire|Clodsire, F, shiny|100/100
|move|p2a: Bird Trap|Flash Cannon|p1a: Clodsire
|-damage|p1a: Clodsire|65/100
|
|-heal|p1a: Clodsire|71/100|[from] item: Black Sludge
|upkeep
|turn|3
|
|t:|1776138471
|switch|p2a: Flytrap|Venusaur, M|100/100
|switch|p1a: Gholdengo|Gholdengo|100/100
|
|upkeep
|turn|4
|
|t:|1776138473
|move|p1a: Gholdengo|Trick|p2a: Flytrap
|-activate|p1a: Gholdengo|move: Trick|[of] p2a: Flytrap
|-item|p2a: Flytrap|Choice Scarf|[from] move: Trick
|-item|p1a: Gholdengo|Leftovers|[from] move: Trick
|move|p2a: Flytrap|Earth Power|p1a: Gholdengo
|-supereffective|p1a: Gholdengo
|-damage|p1a: Gholdengo|53/100
|
|-heal|p1a: Gholdengo|59/100|[from] item: Leftovers
|upkeep
|turn|5
|
|t:|1776138479
|move|p2a: Flytrap|Earth Power|p1a: Gholdengo
|-supereffective|p1a: Gholdengo
|-damage|p1a: Gholdengo|10/100
|move|p1a: Gholdengo|Shadow Ball|p2a: Flytrap
|-damage|p2a: Flytrap|71/100
|-unboost|p2a: Flytrap|spd|1
|
|-heal|p1a: Gholdengo|16/100|[from] item: Leftovers
|upkeep
|turn|6
|
|t:|1776138483
|switch|p1a: Corviknight|Corviknight, M, shiny|100/100
|move|p2a: Flytrap|Earth Power|p1a: Corviknight
|-immune|p1a: Corviknight
|
|upkeep
|turn|7
|
|t:|1776138487
|switch|p2a: Bird Trap|Magnezone|100/100
|switch|p1a: Clodsire|Clodsire, F, shiny|71/100
|
|-heal|p1a: Clodsire|77/100|[from] item: Black Sludge
|upkeep
|turn|8
|
|t:|1776138491
|switch|p2a: Flytrap|Venusaur, M|71/100
|move|p1a: Clodsire|Toxic|p2a: Flytrap
|-immune|p2a: Flytrap
|
|-heal|p1a: Clodsire|83/100|[from] item: Black Sludge
|upkeep
|turn|9
|
|t:|1776138499
|switch|p2a: Dog Trap|Moltres|100/100
|move|p1a: Clodsire|Earthquake|p2a: Dog Trap
|-immune|p2a: Dog Trap
|
|-heal|p1a: Clodsire|90/100|[from] item: Black Sludge
|upkeep
|turn|10
|
|t:|1776138502
|move|p2a: Dog Trap|U-turn|p1a: Clodsire
|-resisted|p1a: Clodsire
|-damage|p1a: Clodsire|81/100
|
|t:|1776138505
|switch|p2a: Flytrap|Venusaur, M|71/100|[from] U-turn
|move|p1a: Clodsire|Toxic|p2a: Flytrap
|-immune|p2a: Flytrap
|
|-heal|p1a: Clodsire|88/100|[from] item: Black Sludge
|upkeep
|turn|11
|
|t:|1776138507
|switch|p2a: Ogerpon|Ogerpon-Wellspring, F|100/100
|move|p1a: Clodsire|Earthquake|p2a: Ogerpon
|-resisted|p2a: Ogerpon
|-damage|p2a: Ogerpon|83/100
|
|-heal|p1a: Clodsire|94/100|[from] item: Black Sludge
|upkeep
|turn|12
|
|t:|1776138515
|move|p2a: Ogerpon|U-turn|p1a: Clodsire
|-resisted|p1a: Clodsire
|-damage|p1a: Clodsire|79/100
|
|t:|1776138517
|switch|p2a: Flytrap|Venusaur, M|71/100|[from] U-turn
|move|p1a: Clodsire|Earthquake|p2a: Flytrap
|-damage|p2a: Flytrap|43/100
|
|-heal|p1a: Clodsire|86/100|[from] item: Black Sludge
|upkeep
|turn|13
|
|t:|1776138521
|move|p2a: Flytrap|Earth Power|p1a: Clodsire
|-supereffective|p1a: Clodsire
|-damage|p1a: Clodsire|63/100
|move|p1a: Clodsire|Toxic|p2a: Flytrap
|-immune|p2a: Flytrap
|
|-heal|p1a: Clodsire|69/100|[from] item: Black Sludge
|upkeep
|turn|14
|
|t:|1776138523
|switch|p2a: Ogerpon|Ogerpon-Wellspring, F|83/100
|move|p1a: Clodsire|Toxic|p2a: Ogerpon
|-status|p2a: Ogerpon|tox
|
|-heal|p1a: Clodsire|75/100|[from] item: Black Sludge
|-damage|p2a: Ogerpon|77/100 tox|[from] psn
|upkeep
|turn|15
|
|t:|1776138526
|switch|p1a: Gholdengo|Gholdengo|16/100
|move|p2a: Ogerpon|Ivy Cudgel|p1a: Gholdengo|[anim] Ivy Cudgel Water
|-damage|p1a: Gholdengo|0 fnt
|faint|p1a: Gholdengo
|
|-damage|p2a: Ogerpon|65/100 tox|[from] psn
|upkeep
|
|t:|1776138543
|switch|p1a: Hatterene|Hatterene, F|87/100
|turn|16
|
|t:|1776138548
|move|p2a: Ogerpon|U-turn|p1a: Hatterene
|-damage|p1a: Hatterene|66/100
|
|t:|1776138550
|switch|p2a: Bird Trap|Magnezone|100/100|[from] U-turn
|move|p1a: Hatterene|Psychic Noise|p2a: Bird Trap
|-resisted|p2a: Bird Trap
|-damage|p2a: Bird Trap|78/100
|-start|p2a: Bird Trap|move: Heal Block
|
|-heal|p1a: Hatterene|72/100|[from] item: Leftovers
|upkeep
|turn|17
|
|t:|1776138554
|switch|p1a: Clodsire|Clodsire, F, shiny|75/100
|move|p2a: Bird Trap|Flash Cannon|p1a: Clodsire
|-damage|p1a: Clodsire|40/100
|
|-heal|p1a: Clodsire|47/100|[from] item: Black Sludge
|-end|p2a: Bird Trap|move: Heal Block
|upkeep
|turn|18
|
|t:|1776138561
|switch|p2a: Flytrap|Venusaur, M|43/100
|move|p1a: Clodsire|Recover|p1a: Clodsire
|-heal|p1a: Clodsire|97/100
|
|-heal|p1a: Clodsire|100/100|[from] item: Black Sludge
|upkeep
|turn|19
|
|t:|1776138565
|move|p2a: Flytrap|Leech Seed|p1a: Clodsire
|-start|p1a: Clodsire|move: Leech Seed
|move|p1a: Clodsire|Earthquake|p2a: Flytrap
|-damage|p2a: Flytrap|15/100
|
|-damage|p1a: Clodsire|88/100|[from] Leech Seed|[of] p2a: Flytrap
|-heal|p2a: Flytrap|31/100|[silent]
|upkeep
|turn|20
|
|t:|1776138570
|switch|p2a: Ogerpon|Ogerpon-Wellspring, F|65/100 tox
|move|p1a: Clodsire|Toxic|p2a: Ogerpon
|-fail|p2a: Ogerpon|tox
|
|-heal|p1a: Clodsire|94/100|[from] item: Black Sludge
|-damage|p1a: Clodsire|82/100|[from] Leech Seed|[of] p2a: Ogerpon
|-heal|p2a: Ogerpon|84/100 tox|[silent]
|-damage|p2a: Ogerpon|78/100 tox|[from] psn
|upkeep
|turn|21
|
|t:|1776138577
|switch|p1a: Hatterene|Hatterene, F|72/100
|move|p2a: Ogerpon|Knock Off|p1a: Hatterene
|-damage|p1a: Hatterene|42/100
|-enditem|p1a: Hatterene|Leftovers|[from] move: Knock Off|[of] p2a: Ogerpon
|
|-damage|p2a: Ogerpon|66/100 tox|[from] psn
|upkeep
|turn|22
|
|t:|1776138581
|move|p2a: Ogerpon|U-turn|p1a: Hatterene
|-damage|p1a: Hatterene|19/100
|
|t:|1776138583
|switch|p2a: Bird Trap|Magnezone|78/100|[from] U-turn
|move|p1a: Hatterene|Psychic Noise|p2a: Bird Trap
|-resisted|p2a: Bird Trap
|-damage|p2a: Bird Trap|57/100
|-start|p2a: Bird Trap|move: Heal Block
|
|upkeep
|turn|23
|
|t:|1776138589
|move|p2a: Bird Trap|Flash Cannon|p1a: Hatterene
|-supereffective|p1a: Hatterene
|-damage|p1a: Hatterene|0 fnt
|faint|p1a: Hatterene
|
|-end|p2a: Bird Trap|move: Heal Block
|upkeep
|
|t:|1776138605
|switch|p1a: Quaquaval|Quaquaval, F, shiny|100/100
|turn|24
|
|t:|1776138612
|switch|p2a: Ogerpon|Ogerpon-Wellspring, F|66/100 tox
|move|p1a: Quaquaval|Close Combat|p2a: Ogerpon
|-damage|p2a: Ogerpon|0 fnt
|-unboost|p1a: Quaquaval|def|1
|-unboost|p1a: Quaquaval|spd|1
|faint|p2a: Ogerpon
|-ability|p1a: Quaquaval|Moxie|boost
|-boost|p1a: Quaquaval|atk|1
|
|upkeep
|
|t:|1776138628
|switch|p2a: Pecharunt|Pecharunt|100/100
|turn|25
|
|t:|1776138634
|switch|p1a: Clodsire|Clodsire, F, shiny|82/100
|move|p2a: Pecharunt|Parting Shot|p1a: Clodsire
|-unboost|p1a: Clodsire|atk|1
|-unboost|p1a: Clodsire|spa|1
|
|t:|1776138641
|switch|p2a: Flytrap|Venusaur, M|31/100|[from] Parting Shot
|
|-heal|p1a: Clodsire|88/100|[from] item: Black Sludge
|upkeep
|turn|26
|
|t:|1776138653
|switch|p1a: Corviknight|Corviknight, M, shiny|100/100
|move|p2a: Flytrap|Giga Drain|p1a: Corviknight
|-resisted|p1a: Corviknight
|-damage|p1a: Corviknight|92/100
|-heal|p2a: Flytrap|36/100|[from] drain|[of] p1a: Corviknight
|
|upkeep
|turn|27
|
|t:|1776138656
|switch|p2a: Dog Trap|Moltres|100/100
|move|p1a: Corviknight|Body Press|p2a: Dog Trap
|-resisted|p2a: Dog Trap
|-damage|p2a: Dog Trap|92/100
|
|upkeep
|turn|28
|
|t:|1776138661
|switch|p1a: Clodsire|Clodsire, F, shiny|88/100
|move|p2a: Dog Trap|Flamethrower|p1a: Clodsire
|-damage|p1a: Clodsire|68/100
|
|-heal|p1a: Clodsire|74/100|[from] item: Black Sludge
|upkeep
|turn|29
|
|t:|1776138667
|move|p2a: Dog Trap|Flamethrower|p1a: Clodsire
|-damage|p1a: Clodsire|55/100
|-status|p1a: Clodsire|brn
|move|p1a: Clodsire|Earthquake|p2a: Dog Trap
|-immune|p2a: Dog Trap
|
|-heal|p1a: Clodsire|61/100 brn|[from] item: Black Sludge
|-damage|p1a: Clodsire|55/100 brn|[from] brn
|upkeep
|turn|30
|
|t:|1776138675
|move|p2a: Dog Trap|Flamethrower|p1a: Clodsire
|-damage|p1a: Clodsire|34/100 brn
|move|p1a: Clodsire|Recover|p1a: Clodsire
|-heal|p1a: Clodsire|84/100 brn
|
|-heal|p1a: Clodsire|90/100 brn|[from] item: Black Sludge
|-damage|p1a: Clodsire|84/100 brn|[from] brn
|upkeep
|turn|31
|
|t:|1776138678
|move|p2a: Dog Trap|U-turn|p1a: Clodsire
|-resisted|p1a: Clodsire
|-damage|p1a: Clodsire|76/100 brn
|
|t:|1776138681
|switch|p2a: Flytrap|Venusaur, M|36/100|[from] U-turn
|move|p1a: Clodsire|Earthquake|p2a: Flytrap
|-damage|p2a: Flytrap|21/100
|
|-heal|p1a: Clodsire|82/100 brn|[from] item: Black Sludge
|-damage|p1a: Clodsire|76/100 brn|[from] brn
|upkeep
|turn|32
|
|t:|1776138686
|switch|p1a: Quaquaval|Quaquaval, F, shiny|100/100
|move|p2a: Flytrap|Giga Drain|p1a: Quaquaval
|-supereffective|p1a: Quaquaval
|-damage|p1a: Quaquaval|0 fnt
|-heal|p2a: Flytrap|64/100|[from] drain|[of] p1a: Quaquaval
|faint|p1a: Quaquaval
|
|upkeep
|
|t:|1776138689
|switch|p1a: Kyurem|Kyurem, shiny|100/100
|-ability|p1a: Kyurem|Pressure
|turn|33
|
|t:|1776138701
|move|p1a: Kyurem|Dragon Dance|p1a: Kyurem
|-boost|p1a: Kyurem|atk|1
|-boost|p1a: Kyurem|spe|1
|move|p2a: Flytrap|Giga Drain|p1a: Kyurem
|-resisted|p1a: Kyurem
|-damage|p1a: Kyurem|88/100
|-heal|p2a: Flytrap|71/100|[from] drain|[of] p1a: Kyurem
|
|upkeep
|turn|34
|
|t:|1776138714
|switch|p2a: Iron Crown|Iron Crown|100/100
|-enditem|p2a: Iron Crown|Booster Energy
|-activate|p2a: Iron Crown|ability: Quark Drive|[fromitem]
|-start|p2a: Iron Crown|quarkdrivespe
|move|p1a: Kyurem|Dragon Dance|p1a: Kyurem
|-boost|p1a: Kyurem|atk|1
|-boost|p1a: Kyurem|spe|1
|
|upkeep
|turn|35
|
|t:|1776138723
|-terastallize|p2a: Iron Crown|Steel
|move|p1a: Kyurem|Icicle Spear|p2a: Iron Crown
|-resisted|p2a: Iron Crown
|-damage|p2a: Iron Crown|88/100
|-resisted|p2a: Iron Crown
|-damage|p2a: Iron Crown|77/100
|-resisted|p2a: Iron Crown
|-damage|p2a: Iron Crown|64/100
|-resisted|p2a: Iron Crown
|-crit|p2a: Iron Crown
|-damage|p2a: Iron Crown|45/100
|-hitcount|p2a: Iron Crown|4
|move|p2a: Iron Crown|Tachyon Cutter|p1a: Kyurem
|-supereffective|p1a: Kyurem
|-damage|p1a: Kyurem|27/100
|-supereffective|p1a: Kyurem
|-damage|p1a: Kyurem|0 fnt
|faint|p1a: Kyurem
|-hitcount|p1: Kyurem|2
|
|upkeep
|-message|nintendo80297 forfeited.
|
|win|DonovanIsNotHere
|raw|nintendo80297's rating: 1373 &rarr; <strong>1355</strong><br />(-18 for losing)
|raw|DonovanIsNotHere's rating: 1400 &rarr; <strong>1418</strong><br />(+18 for winning)
|l|☆nintendo80297
|player|p1|
