|html|<div class="broadcast-blue"><strong>[Gen 9] OU is currently suspecting Volcarona! For information on how to participate check out the <a href="https://www.smogon.com/tools/suspects/view/208">suspect thread</a>.</strong></div>
|j|☆justico
|j|☆Malinsero
|t:|1778506771
|gametype|singles
|player|p1|justico|ghetsis|1349
|player|p2|Malinsero|170|1301
|gen|9
|tier|[Gen 9] OU
|rated|
|rule|HP Percentage Mod: HP is shown in percentages
|rule|Endless Battle Clause: Forcing endless battles is banned
|rule|Species Clause: Limit one of each Pokémon
|rule|OHKO Clause: OHKO moves are banned
|rule|Evasion Items Clause: Evasion items are banned
|rule|Evasion Moves Clause: Evasion moves are banned
|rule|Evasion Abilities Clause: Evasion abilities are banned
|rule|Sleep Moves Clause: Sleep-inducing moves are banned
|clearpoke
|poke|p1|Pawmot, M|
|poke|p1|Kingambit, F|
|poke|p1|Slowking-Galar, M|
|poke|p1|Landorus-Therian, M|
|poke|p1|Cinderace, F|
|poke|p1|Ogerpon-Wellspring, F|
|poke|p2|Ceruledge, M|
|poke|p2|Volcarona, M|
|poke|p2|Hydrapple, F|
|poke|p2|Gholdengo|
|poke|p2|Garganacl, F|
|poke|p2|Landorus-Therian, M|
|teampreview
|
|t:|1778506782
|teamsize|p1|6
|teamsize|p2|6
|start
|switch|p1a: Ogerpon|Ogerpon-Wellspring, F|100/100
|switch|p2a: Hydrapple|Hydrapple, F|100/100
|turn|1
|
|t:|1778506789
|move|p1a: Ogerpon|U-turn|p2a: Hydrapple
|-supereffective|p2a: Hydrapple
|-damage|p2a: Hydrapple|58/100
|
|t:|1778506793
|switch|p1a: Slowking|Slowking-Galar, M|100/100|[from] U-turn
|move|p2a: Hydrapple|Fickle Beam|p1a: Slowking
|-damage|p1a: Slowking|79/100
|
|upkeep
|turn|2
|
|t:|1778506802
|switch|p2a: Garganacl|Garganacl, F|100/100
|move|p1a: Slowking|Flamethrower|p2a: Garganacl
|-resisted|p2a: Garganacl
|-damage|p2a: Garganacl|93/100
|
|-heal|p2a: Garganacl|99/100|[from] item: Leftovers
|upkeep
|turn|3
|
|t:|1778506818
|move|p1a: Slowking|Psychic Noise|p2a: Garganacl
|-damage|p2a: Garganacl|80/100
|-start|p2a: Garganacl|move: Heal Block
|move|p2a: Garganacl|Salt Cure|p1a: Slowking
|-damage|p1a: Slowking|69/100
|-start|p1a: Slowking|Salt Cure
|
|-damage|p1a: Slowking|57/100|[from] Salt Cure
|upkeep
|turn|4
|
|t:|1778506836
|switch|p1a: Ogerpon|Ogerpon-Wellspring, F|100/100
|switch|p2a: Gholdengo|Gholdengo|100/100
|
|upkeep
|turn|5
|
|t:|1778506879
|move|p2a: Gholdengo|Shadow Ball|p1a: Ogerpon
|-damage|p1a: Ogerpon|48/100
|move|p1a: Ogerpon|Knock Off|p2a: Gholdengo
|-supereffective|p2a: Gholdengo
|-damage|p2a: Gholdengo|7/100
|-enditem|p2a: Gholdengo|Choice Scarf|[from] move: Knock Off|[of] p1a: Ogerpon
|
|upkeep
|turn|6
|
|t:|1778506886
|switch|p2a: Landorus|Landorus-Therian, M|100/100
|-ability|p2a: Landorus|Intimidate|boost
|-unboost|p1a: Ogerpon|atk|1
|move|p1a: Ogerpon|Ivy Cudgel|p2a: Landorus|[anim] Ivy Cudgel Water
|-supereffective|p2a: Landorus
|-damage|p2a: Landorus|11/100
|
|upkeep
|turn|7
|
|t:|1778506913
|switch|p1a: Landorus|Landorus-Therian, M|100/100
|-ability|p1a: Landorus|Intimidate|boost
|-unboost|p2a: Landorus|atk|1
|switch|p2a: Ceruledge|Ceruledge, M|100/100
|
|upkeep
|turn|8
|
|t:|1778506920
|move|p1a: Landorus|Earthquake|p2a: Ceruledge
|-supereffective|p2a: Ceruledge
|-enditem|p2a: Ceruledge|Focus Sash
|-damage|p2a: Ceruledge|1/100
|-ability|p2a: Ceruledge|Weak Armor|boost
|-unboost|p2a: Ceruledge|def|1
|-boost|p2a: Ceruledge|spe|2
|move|p2a: Ceruledge|Swords Dance|p2a: Ceruledge
|-boost|p2a: Ceruledge|atk|2
|
|upkeep
|turn|9
|
|t:|1778506932
|move|p2a: Ceruledge|Poltergeist|p1a: Landorus
|-activate|p1a: Landorus|move: Poltergeist|Choice Scarf
|-damage|p1a: Landorus|0 fnt
|faint|p1a: Landorus
|
|upkeep
|
|t:|1778506938
|switch|p1a: Kingambit|Kingambit, F|100/100
|-activate|p1a: Kingambit|ability: Supreme Overlord
|-start|p1a: Kingambit|fallen1|[silent]
|turn|10
|
|t:|1778506945
|switch|p2a: Landorus|Landorus-Therian, M|11/100
|-ability|p2a: Landorus|Intimidate|boost
|-unboost|p1a: Kingambit|atk|1
|move|p1a: Kingambit|Sucker Punch||[still]
|-fail|p1a: Kingambit
|
|upkeep
|turn|11
|
|t:|1778506953
|-end|p1a: Kingambit|fallen1|[silent]
|switch|p1a: Cinderace|Cinderace, F|100/100
|move|p2a: Landorus|Stealth Rock|p1a: Cinderace
|-sidestart|p1: justico|move: Stealth Rock
|
|upkeep
|turn|12
|
|t:|1778506957
|move|p1a: Cinderace|Pyro Ball|p2a: Landorus
|-damage|p2a: Landorus|0 fnt
|faint|p2a: Landorus
|
|upkeep
|
|t:|1778506961
|switch|p2a: Hydrapple|Hydrapple, F|91/100
|turn|13
|
|t:|1778506965
|move|p1a: Cinderace|Court Change|p1a: Cinderace
|-swapsideconditions
|-activate|p1a: Cinderace|move: Court Change
|move|p2a: Hydrapple|Earth Power|p1a: Cinderace
|-supereffective|p1a: Cinderace
|-damage|p1a: Cinderace|27/100
|
|upkeep
|turn|14
|
|t:|1778506970
|-terastallize|p1a: Cinderace|Flying
|move|p1a: Cinderace|Pyro Ball|p2a: Hydrapple|[miss]
|-miss|p1a: Cinderace|p2a: Hydrapple
|move|p2a: Hydrapple|Fickle Beam|p1a: Cinderace
|-damage|p1a: Cinderace|0 fnt
|faint|p1a: Cinderace
|
|upkeep
|
|t:|1778506976
|switch|p1a: Pawmot|Pawmot, M|100/100
|turn|15
|
|t:|1778506980
|move|p1a: Pawmot|Ice Punch|p2a: Hydrapple
|-supereffective|p2a: Hydrapple
|-damage|p2a: Hydrapple|0 fnt
|faint|p2a: Hydrapple
|-damage|p1a: Pawmot|91/100|[from] item: Life Orb
|
|upkeep
|
|t:|1778506985
|switch|p2a: Volcarona|Volcarona, M|100/100
|turn|16
|
|t:|1778506990
|switch|p1a: Slowking|Slowking-Galar, M|90/100
|move|p2a: Volcarona|Quiver Dance|p2a: Volcarona
|-boost|p2a: Volcarona|spa|1
|-boost|p2a: Volcarona|spd|1
|-boost|p2a: Volcarona|spe|1
|
|upkeep
|turn|17
|
|t:|1778506996
|-terastallize|p2a: Volcarona|Bug
|move|p2a: Volcarona|Bug Buzz|p1a: Slowking
|-damage|p1a: Slowking|33/100
|move|p1a: Slowking|Sludge Bomb|p2a: Volcarona
|-damage|p2a: Volcarona|78/100
|
|upkeep
|turn|18
|
|t:|1778507006
|move|p2a: Volcarona|Quiver Dance|p2a: Volcarona
|-boost|p2a: Volcarona|spa|1
|-boost|p2a: Volcarona|spd|1
|-boost|p2a: Volcarona|spe|1
|move|p1a: Slowking|Psychic Noise|p2a: Volcarona
|-damage|p2a: Volcarona|64/100
|-start|p2a: Volcarona|move: Heal Block
|
|upkeep
|turn|19
|
|t:|1778507009
|move|p2a: Volcarona|Bug Buzz|p1a: Slowking
|-damage|p1a: Slowking|0 fnt
|faint|p1a: Slowking
|
|-end|p2a: Volcarona|move: Heal Block
|upkeep
|
|t:|1778507014
|switch|p1a: Kingambit|Kingambit, F|100/100
|-activate|p1a: Kingambit|ability: Supreme Overlord
|-start|p1a: Kingambit|fallen3|[silent]
|turn|20
|
|t:|1778507021
|move|p1a: Kingambit|Sucker Punch|p2a: Volcarona
|-damage|p2a: Volcarona|0 fnt
|faint|p2a: Volcarona
|
|upkeep
|
|t:|1778507025
|switch|p2a: Garganacl|Garganacl, F|80/100
|-damage|p2a: Garganacl|67/100|[from] Stealth Rock
|turn|21
|
|t:|1778507029
|move|p1a: Kingambit|Iron Head|p2a: Garganacl
|-supereffective|p2a: Garganacl
|-damage|p2a: Garganacl|0 fnt
|faint|p2a: Garganacl
|
|upkeep
|
|t:|1778507033
|switch|p2a: Ceruledge|Ceruledge, M|1/100
|-damage|p2a: Ceruledge|0 fnt|[from] Stealth Rock
|faint|p2a: Ceruledge
|
|t:|1778507035
|switch|p2a: Gholdengo|Gholdengo|7/100
|-damage|p2a: Gholdengo|1/100|[from] Stealth Rock
|turn|22
|
|t:|1778507038
|move|p2a: Gholdengo|Shadow Ball|p1a: Kingambit
|-resisted|p1a: Kingambit
|-damage|p1a: Kingambit|79/100
|-unboost|p1a: Kingambit|spd|1
|move|p1a: Kingambit|Kowtow Cleave|p2a: Gholdengo
|-supereffective|p2a: Gholdengo
|-damage|p2a: Gholdengo|0 fnt
|faint|p2a: Gholdengo
|
|win|justico
|raw|justico's rating: 1349 &rarr; <strong>1366</strong><br />(+17 for winning)
|raw|Malinsero's rating: 1301 &rarr; <strong>1284</strong><br />(-17 for losing)
|c|☆Malinsero|gg
|c|☆justico|gg
|l|☆justico
|player|p1|
|l|☆Malinsero
|player|p2|
