|html|<div class="broadcast-blue"><strong>[Gen 9] OU is currently suspecting Volcarona! For information on how to participate check out the <a href="https://www.smogon.com/tools/suspects/view/208">suspect thread</a>.</strong></div>
|j|‽HeartStoppers
|j|☆awesomeplaying gg
|t:|1778514363
|gametype|singles
|player|p1|HeartStoppers|bellelba|1151
|player|p2|awesomeplaying gg|veteran-gen4|1101
|gen|9
|tier|[Gen 9] OU
|rated|
|rule|HP Percentage Mod: HP is shown in percentages
|rule|Endless Battle Clause: Forcing endless battles is banned
|rule|Species Clause: Limit one of each Pokémon
|rule|OHKO Clause: OHKO moves are banned
|rule|Evasion Items Clause: Evasion items are banned
|rule|Evasion Moves Clause: Evasion moves are banned
|rule|Evasion Abilities Clause: Evasion abilities are banned
|rule|Sleep Moves Clause: Sleep-inducing moves are banned
|clearpoke
|poke|p1|Ogerpon-Wellspring, F|
|poke|p1|Araquanid, F|
|poke|p1|Infernape, F|
|poke|p1|Dragapult, F|
|poke|p1|Maushold|
|poke|p1|Enamorus, F|
|poke|p2|Kyurem|
|poke|p2|Corviknight, F|
|poke|p2|Raging Bolt|
|poke|p2|Hydrapple, F|
|poke|p2|Slowbro, F|
|poke|p2|Tentacruel, M|
|teampreview
|inactive|Battle timer is ON: inactive players will automatically lose when time's up. (requested by HeartStoppers)
|inactive|awesomeplaying gg has 120 seconds left.
|inactive|awesomeplaying gg has 90 seconds left.
|inactive|awesomeplaying gg has 60 seconds left.
|
|t:|1778514465
|teamsize|p1|6
|teamsize|p2|6
|start
|switch|p1a: Araquanid|Araquanid, F, shiny|100/100
|switch|p2a: Kyurem|Kyurem|100/100
|-ability|p2a: Kyurem|Pressure
|turn|1
|
|t:|1778514486
|switch|p2a: Raging Bolt|Raging Bolt|100/100
|move|p1a: Araquanid|Sticky Web|p2a: Raging Bolt
|-sidestart|p2: awesomeplaying gg|move: Sticky Web
|
|upkeep
|turn|2
|
|t:|1778514495
|move|p2a: Raging Bolt|Calm Mind|p2a: Raging Bolt
|-boost|p2a: Raging Bolt|spa|1
|-boost|p2a: Raging Bolt|spd|1
|move|p1a: Araquanid|Body Slam|p2a: Raging Bolt
|-damage|p2a: Raging Bolt|84/100
|
|-heal|p2a: Raging Bolt|91/100|[from] item: Leftovers
|upkeep
|turn|3
|
|t:|1778514507
|move|p2a: Raging Bolt|Calm Mind|p2a: Raging Bolt
|-boost|p2a: Raging Bolt|spa|1
|-boost|p2a: Raging Bolt|spd|1
|move|p1a: Araquanid|Body Slam|p2a: Raging Bolt
|-damage|p2a: Raging Bolt|72/100
|
|-heal|p2a: Raging Bolt|78/100|[from] item: Leftovers
|upkeep
|turn|4
|
|t:|1778514515
|move|p2a: Raging Bolt|Thunderbolt|p1a: Araquanid
|-supereffective|p1a: Araquanid
|-enditem|p1a: Araquanid|Focus Sash
|-damage|p1a: Araquanid|1/100
|move|p1a: Araquanid|Liquidation|p2a: Raging Bolt
|-resisted|p2a: Raging Bolt
|-damage|p2a: Raging Bolt|54/100
|
|-heal|p2a: Raging Bolt|60/100|[from] item: Leftovers
|upkeep
|turn|5
|
|t:|1778514526
|move|p2a: Raging Bolt|Thunderbolt|p1a: Araquanid
|-supereffective|p1a: Araquanid
|-damage|p1a: Araquanid|0 fnt
|faint|p1a: Araquanid
|
|-heal|p2a: Raging Bolt|66/100|[from] item: Leftovers
|upkeep
|
|t:|1778514533
|switch|p1a: Dragapult|Dragapult, F, shiny|100/100
|turn|6
|inactive|awesomeplaying gg has 120 seconds left.
|
|t:|1778514541
|-terastallize|p2a: Raging Bolt|Fairy
|move|p1a: Dragapult|Dragon Darts|p2a: Raging Bolt
|-immune|p2a: Raging Bolt
|move|p2a: Raging Bolt|Dragon Pulse|p1a: Dragapult
|-supereffective|p1a: Dragapult
|-damage|p1a: Dragapult|0 fnt
|faint|p1a: Dragapult
|
|-heal|p2a: Raging Bolt|72/100|[from] item: Leftovers
|upkeep
|
|t:|1778514553
|switch|p1a: Enamorus|Enamorus, F, shiny|100/100
|turn|7
|
|t:|1778514556
|move|p2a: Raging Bolt|Thunderclap|p1a: Enamorus
|-supereffective|p1a: Enamorus
|-damage|p1a: Enamorus|0 fnt
|faint|p1a: Enamorus
|
|-heal|p2a: Raging Bolt|78/100|[from] item: Leftovers
|upkeep
|
|t:|1778514562
|switch|p1a: Maushold|Maushold, shiny|100/100
|turn|8
|
|t:|1778514569
|-terastallize|p1a: Maushold|Normal
|move|p2a: Raging Bolt|Thunderclap|p1a: Maushold
|-damage|p1a: Maushold|0 fnt
|faint|p1a: Maushold
|
|-heal|p2a: Raging Bolt|84/100|[from] item: Leftovers
|upkeep
|
|t:|1778514575
|switch|p1a: Infernape|Infernape, F, shiny|100/100
|turn|9
|inactive|awesomeplaying gg has 120 seconds left.
|
|t:|1778514619
|move|p2a: Raging Bolt|Thunderclap|p1a: Infernape
|-crit|p1a: Infernape
|-damage|p1a: Infernape|0 fnt
|faint|p1a: Infernape
|
|-heal|p2a: Raging Bolt|91/100|[from] item: Leftovers
|upkeep
|
|t:|1778514626
|switch|p1a: Ogerpon|Ogerpon-Wellspring, F|100/100
|turn|10
|
|t:|1778514631
|move|p2a: Raging Bolt|Thunderclap||[still]
|-fail|p2a: Raging Bolt
|move|p1a: Ogerpon|Swords Dance|p1a: Ogerpon
|-boost|p1a: Ogerpon|atk|2
|
|-heal|p2a: Raging Bolt|97/100|[from] item: Leftovers
|upkeep
|turn|11
|
|t:|1778514638
|move|p2a: Raging Bolt|Thunderclap|p1a: Ogerpon
|-damage|p1a: Ogerpon|6/100
|move|p1a: Ogerpon|Knock Off|p2a: Raging Bolt
|-resisted|p2a: Raging Bolt
|-damage|p2a: Raging Bolt|64/100
|-enditem|p2a: Raging Bolt|Leftovers|[from] move: Knock Off|[of] p1a: Ogerpon
|
|upkeep
|turn|12
|
|t:|1778514647
|move|p2a: Raging Bolt|Thunderclap||[still]
|-fail|p2a: Raging Bolt
|move|p1a: Ogerpon|Swords Dance|p1a: Ogerpon
|-boost|p1a: Ogerpon|atk|2
|
|upkeep
|turn|13
|
|t:|1778514654
|move|p2a: Raging Bolt|Thunderclap|p1a: Ogerpon
|-damage|p1a: Ogerpon|0 fnt
|faint|p1a: Ogerpon
|
|win|awesomeplaying gg
|raw|HeartStoppers's rating: 1151 &rarr; <strong>1122</strong><br />(-29 for losing)
|raw|awesomeplaying gg's rating: 1101 &rarr; <strong>1130</strong><br />(+29 for winning)
|l|‽HeartStoppers
|player|p1|
