|html|<div class="broadcast-blue"><strong>[Gen 9] OU is currently suspecting Tera Blast! For information on how to participate check out the <a href="https://www.smogon.com/tools/suspects/view/200">suspect thread</a>.</strong></div>
|j|☆SenjumaruShigarami
|j|☆Fermin59
|t:|1776076417
|gametype|singles
|player|p1|SenjumaruShigarami|cynthia-gen4|1152
|player|p2|Fermin59|dawn|1104
|gen|9
|tier|[Gen 9] OU
|rated|
|rule|HP Percentage Mod: HP is shown in percentages
|rule|Endless Battle Clause: Forcing endless battles is banned
|rule|Species Clause: Limit one of each Pokémon
|rule|OHKO Clause: OHKO moves are banned
|rule|Evasion Items Clause: Evasion items are banned
|rule|Evasion Moves Clause: Evasion moves are banned
|rule|Evasion Abilities Clause: Evasion abilities are banned
|rule|Sleep Moves Clause: Sleep-inducing moves are banned
|clearpoke
|poke|p1|Arcanine-Hisui, M|
|poke|p1|Rotom-Wash|
|poke|p1|Great Tusk|
|poke|p1|Iron Crown|
|poke|p1|Weezing-Galar, M|
|poke|p1|Dragonite, F|
|poke|p2|Scizor, M|
|poke|p2|Heracross, F|
|poke|p2|Rotom-Wash|
|poke|p2|Gliscor, M|
|poke|p2|Zoroark, F|
|poke|p2|Yanmega, M|
|teampreview
|
|t:|1776076430
|teamsize|p1|6
|teamsize|p2|6
|start
|switch|p1a: Rotom|Rotom-Wash|100/100
|switch|p2a: Scyth3r|Scizor, M, shiny|100/100
|turn|1
|
|t:|1776076446
|move|p1a: Rotom|Will-O-Wisp|p2a: Scyth3r
|-status|p2a: Scyth3r|brn
|move|p2a: Scyth3r|Knock Off|p1a: Rotom
|-damage|p1a: Rotom|69/100
|-enditem|p1a: Rotom|Leftovers|[from] move: Knock Off|[of] p2a: Scyth3r
|
|-damage|p2a: Scyth3r|94/100 brn|[from] brn
|upkeep
|turn|2
|
|t:|1776076457
|switch|p2a: ESTÁ ROTO|Rotom-Wash|100/100
|move|p1a: Rotom|Pain Split|p2a: ESTÁ ROTO
|-sethp|p2a: ESTÁ ROTO|82/100|[from] move: Pain Split|[silent]
|-sethp|p1a: Rotom|89/100|[from] move: Pain Split
|
|-heal|p2a: ESTÁ ROTO|88/100|[from] item: Leftovers
|upkeep
|turn|3
|
|t:|1776076464
|move|p1a: Rotom|Will-O-Wisp|p2a: ESTÁ ROTO|[miss]
|-miss|p1a: Rotom|p2a: ESTÁ ROTO
|move|p2a: ESTÁ ROTO|Volt Switch|p1a: Rotom
|-damage|p1a: Rotom|67/100
|
|t:|1776076474
|switch|p2a: Heracross|Heracross, F, shiny|100/100|[from] Volt Switch
|
|upkeep
|turn|4
|
|t:|1776076482
|move|p2a: Heracross|Megahorn|p1a: Rotom
|-damage|p1a: Rotom|0 fnt
|faint|p1a: Rotom
|
|upkeep
|
|t:|1776076492
|switch|p1a: Arcanine|Arcanine-Hisui, M|100/100
|turn|5
|
|t:|1776076500
|switch|p2a: Scyth3r|Scizor, M, shiny|94/100 brn
|move|p1a: Arcanine|Flare Blitz|p2a: Scyth3r
|-supereffective|p2a: Scyth3r
|-damage|p2a: Scyth3r|0 fnt
|faint|p2a: Scyth3r
|
|upkeep
|
|t:|1776076512
|switch|p2a: ESTÁ ROTO|Rotom-Wash|88/100
|turn|6
|
|t:|1776076516
|switch|p1a: Weezing|Weezing-Galar, M|100/100
|move|p2a: ESTÁ ROTO|Hydro Pump|p1a: Weezing
|-damage|p1a: Weezing|46/100
|
|-heal|p2a: ESTÁ ROTO|95/100|[from] item: Leftovers
|-heal|p1a: Weezing|52/100|[from] item: Leftovers
|upkeep
|turn|7
|
|t:|1776076523
|move|p2a: ESTÁ ROTO|Hydro Pump|p1a: Weezing
|-damage|p1a: Weezing|0 fnt
|faint|p1a: Weezing
|
|-heal|p2a: ESTÁ ROTO|100/100|[from] item: Leftovers
|upkeep
|
|t:|1776076528
|switch|p1a: Iron Crown|Iron Crown|100/100
|turn|8
|
|t:|1776076534
|move|p1a: Iron Crown|Calm Mind|p1a: Iron Crown
|-boost|p1a: Iron Crown|spa|1
|-boost|p1a: Iron Crown|spd|1
|move|p2a: ESTÁ ROTO|Volt Switch|p1a: Iron Crown
|-damage|p1a: Iron Crown|83/100
|
|t:|1776076541
|switch|p2a: Yanmierda|Yanmega, M, shiny|100/100|[from] Volt Switch
|
|-heal|p1a: Iron Crown|90/100|[from] item: Leftovers
|upkeep
|turn|9
|
|t:|1776076550
|move|p2a: Yanmierda|Protect|p2a: Yanmierda
|-singleturn|p2a: Yanmierda|Protect
|move|p1a: Iron Crown|Flash Cannon|p2a: Yanmierda
|-activate|p2a: Yanmierda|move: Protect
|
|-heal|p1a: Iron Crown|96/100|[from] item: Leftovers
|-ability|p2a: Yanmierda|Speed Boost|boost
|-boost|p2a: Yanmierda|spe|1
|upkeep
|turn|10
|
|t:|1776076555
|move|p2a: Yanmierda|Bug Buzz|p1a: Iron Crown
|-damage|p1a: Iron Crown|65/100
|move|p1a: Iron Crown|Flash Cannon|p2a: Yanmierda
|-damage|p2a: Yanmierda|4/100
|
|-heal|p1a: Iron Crown|71/100|[from] item: Leftovers
|-ability|p2a: Yanmierda|Speed Boost|boost
|-boost|p2a: Yanmierda|spe|1
|upkeep
|turn|11
|
|t:|1776076565
|move|p2a: Yanmierda|Giga Drain|p1a: Iron Crown
|-resisted|p1a: Iron Crown
|-damage|p1a: Iron Crown|62/100
|-heal|p2a: Yanmierda|8/100|[from] drain|[of] p1a: Iron Crown
|move|p1a: Iron Crown|Flash Cannon|p2a: Yanmierda
|-damage|p2a: Yanmierda|0 fnt
|faint|p2a: Yanmierda
|
|-heal|p1a: Iron Crown|69/100|[from] item: Leftovers
|upkeep
|
|t:|1776076572
|switch|p2a: ESTÁ ROTO|Rotom-Wash|100/100
|turn|12
|
|t:|1776076579
|move|p2a: ESTÁ ROTO|Dark Pulse|p1a: Iron Crown
|-supereffective|p1a: Iron Crown
|-damage|p1a: Iron Crown|0 fnt
|faint|p1a: Iron Crown
|-end|p1a: Iron Crown|Quark Drive|[silent]
|-damage|p2a: ESTÁ ROTO|91/100|[from] item: Life Orb
|
|upkeep
|
|t:|1776076589
|switch|p1a: Great Tusk|Great Tusk|100/100
|turn|13
|
|t:|1776076610
|move|p2a: ESTÁ ROTO|Nasty Plot|p2a: ESTÁ ROTO
|-boost|p2a: ESTÁ ROTO|spa|2
|move|p1a: Great Tusk|Rapid Spin|p2a: ESTÁ ROTO
|-damage|p2a: ESTÁ ROTO|58/100
|-boost|p1a: Great Tusk|spe|1
|replace|p2a: Zorrón|Zoroark, F
|-end|p2a: Zorrón|Illusion
|
|upkeep
|turn|14
|
|t:|1776076622
|move|p1a: Great Tusk|Headlong Rush|p2a: Zorrón
|-damage|p2a: Zorrón|0 fnt
|-unboost|p1a: Great Tusk|def|1
|-unboost|p1a: Great Tusk|spd|1
|faint|p2a: Zorrón
|
|upkeep
|
|t:|1776076632
|switch|p2a: ESTÁ ROTO|Rotom-Wash|100/100
|turn|15
|
|t:|1776076650
|move|p1a: Great Tusk|Close Combat|p2a: ESTÁ ROTO
|-damage|p2a: ESTÁ ROTO|41/100
|-unboost|p1a: Great Tusk|def|1
|-unboost|p1a: Great Tusk|spd|1
|move|p2a: ESTÁ ROTO|Will-O-Wisp|p1a: Great Tusk
|-status|p1a: Great Tusk|brn
|
|-heal|p2a: ESTÁ ROTO|47/100|[from] item: Leftovers
|-damage|p1a: Great Tusk|94/100 brn|[from] brn
|upkeep
|turn|16
|
|t:|1776076659
|move|p1a: Great Tusk|Close Combat|p2a: ESTÁ ROTO
|-damage|p2a: ESTÁ ROTO|18/100
|-unboost|p1a: Great Tusk|def|1
|-unboost|p1a: Great Tusk|spd|1
|move|p2a: ESTÁ ROTO|Pain Split|p1a: Great Tusk
|-sethp|p1a: Great Tusk|54/100 brn|[from] move: Pain Split|[silent]
|-sethp|p2a: ESTÁ ROTO|66/100|[from] move: Pain Split
|
|-heal|p1a: Great Tusk|61/100 brn|[from] item: Leftovers
|-heal|p2a: ESTÁ ROTO|73/100|[from] item: Leftovers
|-damage|p1a: Great Tusk|54/100 brn|[from] brn
|upkeep
|turn|17
|
|t:|1776076672
|move|p1a: Great Tusk|Close Combat|p2a: ESTÁ ROTO
|-damage|p2a: ESTÁ ROTO|39/100
|-unboost|p1a: Great Tusk|def|1
|-unboost|p1a: Great Tusk|spd|1
|move|p2a: ESTÁ ROTO|Hydro Pump|p1a: Great Tusk
|-supereffective|p1a: Great Tusk
|-damage|p1a: Great Tusk|0 fnt
|faint|p1a: Great Tusk
|-end|p1a: Great Tusk|Protosynthesis|[silent]
|
|-heal|p2a: ESTÁ ROTO|46/100|[from] item: Leftovers
|upkeep
|
|t:|1776076679
|switch|p1a: Arcanine|Arcanine-Hisui, M|100/100
|turn|18
|
|t:|1776076687
|-terastallize|p1a: Arcanine|Fire
|move|p1a: Arcanine|Flare Blitz|p2a: ESTÁ ROTO
|-resisted|p2a: ESTÁ ROTO
|-damage|p2a: ESTÁ ROTO|0 fnt
|faint|p2a: ESTÁ ROTO
|
|upkeep
|
|t:|1776076693
|switch|p2a: Gligy|Gliscor, M|100/100
|turn|19
|
|t:|1776076696
|move|p2a: Gligy|Toxic|p1a: Arcanine|[miss]
|-miss|p2a: Gligy|p1a: Arcanine
|move|p1a: Arcanine|Flare Blitz|p2a: Gligy
|-damage|p2a: Gligy|11/100
|-status|p2a: Gligy|brn
|
|-damage|p2a: Gligy|4/100 brn|[from] brn
|upkeep
|turn|20
|
|t:|1776076706
|move|p2a: Gligy|Protect|p2a: Gligy
|-singleturn|p2a: Gligy|Protect
|move|p1a: Arcanine|Flare Blitz|p2a: Gligy
|-activate|p2a: Gligy|move: Protect
|
|-damage|p2a: Gligy|0 fnt|[from] brn
|faint|p2a: Gligy
|upkeep
|
|t:|1776076708
|switch|p2a: Heracross|Heracross, F, shiny|100/100
|turn|21
|
|t:|1776076714
|move|p2a: Heracross|Stone Edge|p1a: Arcanine|[miss]
|-miss|p2a: Heracross|p1a: Arcanine
|move|p1a: Arcanine|Flare Blitz|p2a: Heracross
|-supereffective|p2a: Heracross
|-damage|p2a: Heracross|0 fnt
|faint|p2a: Heracross
|
|win|SenjumaruShigarami
|raw|SenjumaruShigarami's rating: 1152 &rarr; <strong>1174</strong><br />(+22 for winning)
|raw|Fermin59's rating: 1104 &rarr; <strong>1082</strong><br />(-22 for losing)
|l|☆Fermin59
|player|p2|
|l|☆SenjumaruShigarami
|player|p1|
