|html|<div class="broadcast-blue"><strong>[Gen 9] OU is currently suspecting Tera Blast! For information on how to participate check out the <a href="https://www.smogon.com/tools/suspects/view/200">suspect thread</a>.</strong></div>
|j|☆y.aiphaba._
|j|☆badteambulder
|t:|1776265514
|gametype|singles
|player|p1|y.aiphaba._|steven|1028
|player|p2|badteambulder|leon-tower|1021
|gen|9
|tier|[Gen 9] OU
|rated|
|rule|HP Percentage Mod: HP is shown in percentages
|rule|Endless Battle Clause: Forcing endless battles is banned
|rule|Species Clause: Limit one of each Pokémon
|rule|OHKO Clause: OHKO moves are banned
|rule|Evasion Items Clause: Evasion items are banned
|rule|Evasion Moves Clause: Evasion moves are banned
|rule|Evasion Abilities Clause: Evasion abilities are banned
|rule|Sleep Moves Clause: Sleep-inducing moves are banned
|clearpoke
|poke|p1|Ribombee, M|
|poke|p1|Kingambit, M|
|poke|p1|Ceruledge, M|
|poke|p1|Abomasnow, M|
|poke|p1|Blissey, F|
|poke|p1|Gliscor, F|
|poke|p2|Gholdengo|
|poke|p2|Ogerpon, F|
|poke|p2|Rillaboom, M|
|poke|p2|Samurott-Hisui, M|
|poke|p2|Glimmora, M|
|poke|p2|Raging Bolt|
|teampreview
|
|t:|1776265532
|teamsize|p1|6
|teamsize|p2|6
|start
|switch|p1a: Ribombee|Ribombee, M|100/100
|switch|p2a: Rillaboom|Rillaboom, M, shiny|100/100
|-fieldstart|move: Grassy Terrain|[from] ability: Grassy Surge|[of] p2a: Rillaboom
|turn|1
|
|t:|1776265541
|move|p1a: Ribombee|Sticky Web|p2a: Rillaboom
|-sidestart|p2: badteambulder|move: Sticky Web
|move|p2a: Rillaboom|Swords Dance|p2a: Rillaboom
|-boost|p2a: Rillaboom|atk|2
|
|upkeep
|turn|2
|
|t:|1776265548
|move|p2a: Rillaboom|Grassy Glide|p1a: Ribombee
|-resisted|p1a: Ribombee
|-enditem|p1a: Ribombee|Focus Sash
|-damage|p1a: Ribombee|1/100
|-damage|p2a: Rillaboom|91/100|[from] item: Life Orb
|move|p1a: Ribombee|Alluring Voice|p2a: Rillaboom
|-damage|p2a: Rillaboom|56/100
|
|-heal|p1a: Ribombee|7/100|[from] Grassy Terrain
|-heal|p2a: Rillaboom|62/100|[from] Grassy Terrain
|upkeep
|turn|3
|
|t:|1776265560
|move|p1a: Ribombee|Protect|p1a: Ribombee
|-singleturn|p1a: Ribombee|Protect
|move|p2a: Rillaboom|Grassy Glide|p1a: Ribombee
|-activate|p1a: Ribombee|move: Protect
|
|-heal|p1a: Ribombee|13/100|[from] Grassy Terrain
|-heal|p2a: Rillaboom|68/100|[from] Grassy Terrain
|upkeep
|turn|4
|
|t:|1776265569
|move|p1a: Ribombee|Protect||[still]
|-fail|p1a: Ribombee
|move|p2a: Rillaboom|High Horsepower|p1a: Ribombee
|-resisted|p1a: Ribombee
|-damage|p1a: Ribombee|0 fnt
|faint|p1a: Ribombee
|-damage|p2a: Rillaboom|58/100|[from] item: Life Orb
|
|-heal|p2a: Rillaboom|64/100|[from] Grassy Terrain
|upkeep
|
|t:|1776265580
|switch|p1a: Abomasnow|Abomasnow, M|100/100
|-weather|Snowscape|[from] ability: Snow Warning|[of] p1a: Abomasnow
|turn|5
|
|t:|1776265587
|move|p2a: Rillaboom|High Horsepower|p1a: Abomasnow
|-resisted|p1a: Abomasnow
|-damage|p1a: Abomasnow|67/100
|-damage|p2a: Rillaboom|48/100|[from] item: Rocky Helmet|[of] p1a: Abomasnow
|-damage|p2a: Rillaboom|38/100|[from] item: Life Orb
|move|p1a: Abomasnow|Aurora Veil|p1a: Abomasnow
|-sidestart|p1: y.aiphaba._|move: Aurora Veil
|
|-weather|Snowscape|[upkeep]
|-heal|p2a: Rillaboom|44/100|[from] Grassy Terrain
|-heal|p1a: Abomasnow|73/100|[from] Grassy Terrain
|-fieldend|move: Grassy Terrain
|upkeep
|turn|6
|
|t:|1776265598
|switch|p2a: Glimmora|Glimmora, M, shiny|100/100
|-activate|p2a: Glimmora|move: Sticky Web
|-unboost|p2a: Glimmora|spe|1
|move|p1a: Abomasnow|Body Slam|p2a: Glimmora
|-resisted|p2a: Glimmora
|-damage|p2a: Glimmora|92/100
|-activate|p2a: Glimmora|ability: Toxic Debris
|-sidestart|p1: y.aiphaba._|move: Toxic Spikes
|-enditem|p2a: Glimmora|Red Card|[of] p1a: Abomasnow
|drag|p1a: Gliscor|Gliscor, F|100/100
|
|-weather|Snowscape|[upkeep]
|-status|p1a: Gliscor|tox|[from] item: Toxic Orb
|upkeep
|turn|7
|
|t:|1776265616
|-terastallize|p2a: Glimmora|Ghost
|move|p1a: Gliscor|Earthquake|p2a: Glimmora
|-damage|p2a: Glimmora|65/100
|-activate|p2a: Glimmora|ability: Toxic Debris
|-sidestart|p1: y.aiphaba._|move: Toxic Spikes
|move|p2a: Glimmora|Mortal Spin|p1a: Gliscor
|-resisted|p1a: Gliscor
|-damage|p1a: Gliscor|99/100 tox
|-sideend|p2: badteambulder|Sticky Web|[from] move: Mortal Spin|[of] p2a: Glimmora
|
|-weather|Snowscape|[upkeep]
|-heal|p1a: Gliscor|100/100 tox|[from] ability: Poison Heal
|upkeep
|turn|8
|
|t:|1776265630
|move|p1a: Gliscor|Knock Off|p2a: Glimmora
|-supereffective|p2a: Glimmora
|-damage|p2a: Glimmora|40/100
|move|p2a: Glimmora|Stealth Rock|p1a: Gliscor
|-sidestart|p1: y.aiphaba._|move: Stealth Rock
|
|-weather|Snowscape|[upkeep]
|upkeep
|turn|9
|
|t:|1776265638
|move|p1a: Gliscor|Knock Off|p2a: Glimmora
|-supereffective|p2a: Glimmora
|-damage|p2a: Glimmora|13/100
|move|p2a: Glimmora|Power Gem|p1a: Gliscor
|-damage|p1a: Gliscor|80/100 tox
|
|-weather|none
|-heal|p1a: Gliscor|92/100 tox|[from] ability: Poison Heal
|-sideend|p1: y.aiphaba._|move: Aurora Veil
|upkeep
|turn|10
|
|t:|1776265648
|move|p1a: Gliscor|Knock Off|p2a: Glimmora
|-supereffective|p2a: Glimmora
|-crit|p2a: Glimmora
|-damage|p2a: Glimmora|0 fnt
|faint|p2a: Glimmora
|
|-heal|p1a: Gliscor|100/100 tox|[from] ability: Poison Heal
|upkeep
|
|t:|1776265650
|switch|p2a: Rillaboom|Rillaboom, M, shiny|44/100
|-fieldstart|move: Grassy Terrain|[from] ability: Grassy Surge|[of] p2a: Rillaboom
|turn|11
|
|t:|1776265662
|switch|p2a: Gholdengo|Gholdengo, shiny|100/100
|-enditem|p2a: Gholdengo|Grassy Seed
|-boost|p2a: Gholdengo|def|1|[from] item: Grassy Seed
|move|p1a: Gliscor|Knock Off|p2a: Gholdengo
|-supereffective|p2a: Gholdengo
|-damage|p2a: Gholdengo|87/100
|
|-heal|p2a: Gholdengo|93/100|[from] Grassy Terrain
|upkeep
|turn|12
|
|t:|1776265676
|switch|p1a: Ceruledge|Ceruledge, M|100/100
|switch|p2a: Ogerpon|Ogerpon, F|100/100
|
|upkeep
|turn|13
|
|t:|1776265689
|switch|p2a: Samurott|Samurott-Hisui, M, shiny|100/100
|move|p1a: Ceruledge|Bitter Blade|p2a: Samurott
|-resisted|p2a: Samurott
|-damage|p2a: Samurott|78/100
|
|-heal|p2a: Samurott|84/100|[from] Grassy Terrain
|upkeep
|turn|14
|
|t:|1776265709
|switch|p1a: Abomasnow|Abomasnow, M|73/100
|-status|p1a: Abomasnow|tox
|-damage|p1a: Abomasnow|48/100 tox|[from] Stealth Rock
|-weather|Snowscape|[from] ability: Snow Warning|[of] p1a: Abomasnow
|move|p2a: Samurott|Ceaseless Edge|p1a: Abomasnow
|-damage|p1a: Abomasnow|10/100 tox
|-damage|p2a: Samurott|67/100|[from] item: Rocky Helmet|[of] p1a: Abomasnow
|-sidestart|p1: y.aiphaba._|Spikes
|
|-weather|Snowscape|[upkeep]
|-heal|p2a: Samurott|74/100|[from] Grassy Terrain
|-heal|p1a: Abomasnow|16/100 tox|[from] Grassy Terrain
|-damage|p1a: Abomasnow|10/100 tox|[from] psn
|upkeep
|turn|15
|
|t:|1776265727
|move|p2a: Samurott|Knock Off|p1a: Abomasnow
|-damage|p1a: Abomasnow|0 fnt
|-damage|p2a: Samurott|57/100|[from] item: Rocky Helmet|[of] p1a: Abomasnow
|-enditem|p1a: Abomasnow|Rocky Helmet|[from] move: Knock Off|[of] p2a: Samurott
|faint|p1a: Abomasnow
|
|-weather|Snowscape|[upkeep]
|-heal|p2a: Samurott|63/100|[from] Grassy Terrain
|-fieldend|move: Grassy Terrain
|upkeep
|
|t:|1776265737
|switch|p1a: Blissey|Blissey, F|100/100
|-status|p1a: Blissey|tox
|-damage|p1a: Blissey|88/100 tox|[from] Stealth Rock
|-damage|p1a: Blissey|76/100 tox|[from] Spikes
|turn|16
|
|t:|1776265750
|move|p2a: Samurott|Ceaseless Edge|p1a: Blissey
|-damage|p1a: Blissey|15/100 tox
|-sidestart|p1: y.aiphaba._|Spikes
|move|p1a: Blissey|Thunder Wave|p2a: Samurott
|-status|p2a: Samurott|par
|
|-weather|Snowscape|[upkeep]
|-heal|p1a: Blissey|22/100 tox|[from] item: Leftovers
|-damage|p1a: Blissey|15/100 tox|[from] psn
|upkeep
|turn|17
|
|t:|1776265762
|move|p1a: Blissey|Soft-Boiled|p1a: Blissey
|-heal|p1a: Blissey|65/100 tox
|move|p2a: Samurott|Knock Off|p1a: Blissey
|-damage|p1a: Blissey|9/100 tox
|-enditem|p1a: Blissey|Leftovers|[from] move: Knock Off|[of] p2a: Samurott
|
|-weather|Snowscape|[upkeep]
|-damage|p1a: Blissey|0 fnt|[from] psn
|faint|p1a: Blissey
|upkeep
|
|t:|1776265776
|switch|p1a: Gliscor|Gliscor, F|100/100 tox
|-damage|p1a: Gliscor|88/100 tox|[from] Stealth Rock
|turn|18
|
|t:|1776265789
|-terastallize|p1a: Gliscor|Poison
|move|p2a: Samurott|Flip Turn|p1a: Gliscor
|-damage|p1a: Gliscor|64/100 tox
|
|t:|1776265803
|switch|p2a: Gholdengo|Gholdengo, shiny|93/100|[from] Flip Turn
|move|p1a: Gliscor|Counter|p2a: Gholdengo
|-immune|p2a: Gholdengo
|
|-weather|none
|-heal|p1a: Gliscor|77/100 tox|[from] ability: Poison Heal
|upkeep
|turn|19
|
|t:|1776265814
|move|p1a: Gliscor|Knock Off|p2a: Gholdengo
|-supereffective|p2a: Gholdengo
|-damage|p2a: Gholdengo|72/100
|move|p2a: Gholdengo|Shadow Ball|p1a: Gliscor
|-damage|p1a: Gliscor|30/100 tox
|-unboost|p1a: Gliscor|spd|1
|
|-heal|p1a: Gliscor|42/100 tox|[from] ability: Poison Heal
|upkeep
|turn|20
|
|t:|1776265820
|move|p1a: Gliscor|Earthquake|p2a: Gholdengo
|-supereffective|p2a: Gholdengo
|-damage|p2a: Gholdengo|28/100
|move|p2a: Gholdengo|Recover|p2a: Gholdengo
|-heal|p2a: Gholdengo|78/100
|
|-heal|p1a: Gliscor|55/100 tox|[from] ability: Poison Heal
|upkeep
|turn|21
|
|t:|1776265824
|move|p1a: Gliscor|Earthquake|p2a: Gholdengo
|-supereffective|p2a: Gholdengo
|-damage|p2a: Gholdengo|30/100
|move|p2a: Gholdengo|Shadow Ball|p1a: Gliscor
|-damage|p1a: Gliscor|0 fnt
|faint|p1a: Gliscor
|
|upkeep
|
|t:|1776265830
|switch|p1a: Ceruledge|Ceruledge, M|100/100
|turn|22
|
|t:|1776265837
|move|p1a: Ceruledge|Poltergeist||[still]
|-fail|p1a: Ceruledge
|move|p2a: Gholdengo|Shadow Ball|p1a: Ceruledge
|-supereffective|p1a: Ceruledge
|-damage|p1a: Ceruledge|16/100
|-unboost|p1a: Ceruledge|spd|1
|
|upkeep
|turn|23
|
|t:|1776265841
|move|p1a: Ceruledge|Poltergeist||[still]
|-fail|p1a: Ceruledge
|move|p2a: Gholdengo|Shadow Ball|p1a: Ceruledge
|-supereffective|p1a: Ceruledge
|-damage|p1a: Ceruledge|0 fnt
|faint|p1a: Ceruledge
|
|upkeep
|
|t:|1776265844
|switch|p1a: Kingambit|Kingambit, M, shiny|100/100
|-damage|p1a: Kingambit|94/100|[from] Stealth Rock
|-damage|p1a: Kingambit|78/100|[from] Spikes
|-activate|p1a: Kingambit|ability: Supreme Overlord
|-start|p1a: Kingambit|fallen5|[silent]
|turn|24
|
|t:|1776265857
|move|p2a: Gholdengo|Dazzling Gleam|p1a: Kingambit
|-damage|p1a: Kingambit|49/100
|move|p1a: Kingambit|Swords Dance|p1a: Kingambit
|-boost|p1a: Kingambit|atk|2
|
|upkeep
|turn|25
|
|t:|1776265864
|move|p2a: Gholdengo|Dazzling Gleam|p1a: Kingambit
|-damage|p1a: Kingambit|20/100
|move|p1a: Kingambit|Night Slash|p2a: Gholdengo
|-supereffective|p2a: Gholdengo
|-damage|p2a: Gholdengo|0 fnt
|faint|p2a: Gholdengo
|-damage|p1a: Kingambit|10/100|[from] item: Life Orb
|
|upkeep
|
|t:|1776265868
|switch|p2a: Rillaboom|Rillaboom, M, shiny|44/100
|-fieldstart|move: Grassy Terrain|[from] ability: Grassy Surge|[of] p2a: Rillaboom
|turn|26
|
|t:|1776265872
|move|p2a: Rillaboom|Grassy Glide|p1a: Kingambit
|-resisted|p1a: Kingambit
|-damage|p1a: Kingambit|0 fnt
|faint|p1a: Kingambit
|-end|p1a: Kingambit|fallen5|[silent]
|-damage|p2a: Rillaboom|34/100|[from] item: Life Orb
|
|win|badteambulder
|raw|y.aiphaba._'s rating: 1028 &rarr; <strong>1015</strong><br />(-13 for losing)
|raw|badteambulder's rating: 1060 &rarr; <strong>1088</strong><br />(+28 for winning)
