|html|<div class="broadcast-blue"><strong>[Gen 9] OU is currently suspecting Tera Blast! For information on how to participate check out the <a href="https://www.smogon.com/tools/suspects/view/200">suspect thread</a>.</strong></div>
|j|☆CilenTreeco
|j|☆mixis_allnight
|t:|1776068211
|gametype|singles
|player|p1|CilenTreeco|2|1202
|player|p2|mixis_allnight|102|1180
|gen|9
|tier|[Gen 9] OU
|rated|
|rule|HP Percentage Mod: HP is shown in percentages
|rule|Endless Battle Clause: Forcing endless battles is banned
|rule|Species Clause: Limit one of each Pokémon
|rule|OHKO Clause: OHKO moves are banned
|rule|Evasion Items Clause: Evasion items are banned
|rule|Evasion Moves Clause: Evasion moves are banned
|rule|Evasion Abilities Clause: Evasion abilities are banned
|rule|Sleep Moves Clause: Sleep-inducing moves are banned
|clearpoke
|poke|p1|Quaquaval, M|
|poke|p1|Sinistcha-Masterpiece|
|poke|p1|Armarouge, M|
|poke|p1|Goodra-Hisui, F|
|poke|p1|Enamorus, F|
|poke|p1|Persian, M|
|poke|p2|Dragonite, M|
|poke|p2|Clefable, M|
|poke|p2|Salamence, M|
|poke|p2|Scizor, F|
|poke|p2|Forretress, M|
|poke|p2|Suicune|
|teampreview
|
|t:|1776068217
|teamsize|p1|6
|teamsize|p2|6
|start
|switch|p1a: Persian|Persian, M, shiny|100/100
|switch|p2a: Salamence|Salamence, M|100/100
|-ability|p2a: Salamence|Intimidate|boost
|-unboost|p1a: Persian|atk|1
|turn|1
|
|t:|1776068223
|move|p1a: Persian|Switcheroo|p2a: Salamence
|-activate|p1a: Persian|move: Trick|[of] p2a: Salamence
|-item|p2a: Salamence|Choice Scarf|[from] move: Switcheroo
|-item|p1a: Persian|Choice Specs|[from] move: Switcheroo
|move|p2a: Salamence|Hurricane|p1a: Persian
|-damage|p1a: Persian|42/100
|
|upkeep
|turn|2
|
|t:|1776068232
|move|p2a: Salamence|Hurricane|p1a: Persian|[miss]
|-miss|p2a: Salamence|p1a: Persian
|move|p1a: Persian|Thunder Wave|p2a: Salamence
|-status|p2a: Salamence|par
|
|upkeep
|turn|3
|
|t:|1776068237
|switch|p1a: Goodra|Goodra-Hisui, F, shiny|100/100
|move|p2a: Salamence|Hurricane|p1a: Goodra|[miss]
|-miss|p2a: Salamence|p1a: Goodra
|
|upkeep
|turn|4
|
|t:|1776068245
|switch|p2a: Forretress|Forretress, M|100/100
|move|p1a: Goodra|Knock Off|p2a: Forretress
|-damage|p2a: Forretress|83/100
|-enditem|p2a: Forretress|Heavy-Duty Boots|[from] move: Knock Off|[of] p1a: Goodra
|
|upkeep
|turn|5
|
|t:|1776068253
|switch|p1a: Armarouge|Armarouge, M, shiny|100/100
|move|p2a: Forretress|Earthquake|p1a: Armarouge
|-supereffective|p1a: Armarouge
|-damage|p1a: Armarouge|51/100
|-ability|p1a: Armarouge|Weak Armor|boost
|-unboost|p1a: Armarouge|def|1
|-boost|p1a: Armarouge|spe|2
|
|upkeep
|turn|6
|
|t:|1776068261
|move|p1a: Armarouge|Meteor Beam||[still]
|-prepare|p1a: Armarouge|Meteor Beam
|-boost|p1a: Armarouge|spa|1
|-enditem|p1a: Armarouge|Power Herb
|-anim|p1a: Armarouge|Meteor Beam|p2a: Forretress
|-damage|p2a: Forretress|19/100
|move|p2a: Forretress|Earthquake|p1a: Armarouge
|-supereffective|p1a: Armarouge
|-damage|p1a: Armarouge|0 fnt
|faint|p1a: Armarouge
|
|upkeep
|
|t:|1776068264
|switch|p1a: Quaquaval|Quaquaval, M, shiny|100/100
|turn|7
|
|t:|1776068267
|move|p1a: Quaquaval|Aqua Step|p2a: Forretress
|-damage|p2a: Forretress|0 fnt
|-boost|p1a: Quaquaval|spe|1
|faint|p2a: Forretress
|-ability|p1a: Quaquaval|Moxie|boost
|-boost|p1a: Quaquaval|atk|1
|
|upkeep
|
|t:|1776068270
|switch|p2a: Clefable|Clefable, M|100/100
|turn|8
|
|t:|1776068275
|switch|p1a: Goodra|Goodra-Hisui, F, shiny|100/100
|move|p2a: Clefable|Cosmic Power|p2a: Clefable
|-boost|p2a: Clefable|def|1
|-boost|p2a: Clefable|spd|1
|
|upkeep
|turn|9
|
|t:|1776068279
|move|p2a: Clefable|Calm Mind|p2a: Clefable
|-boost|p2a: Clefable|spa|1
|-boost|p2a: Clefable|spd|1
|move|p1a: Goodra|Heavy Slam|p2a: Clefable
|-supereffective|p2a: Clefable
|-damage|p2a: Clefable|56/100
|
|-heal|p2a: Clefable|62/100|[from] item: Leftovers
|upkeep
|turn|10
|
|t:|1776068282
|-terastallize|p2a: Clefable|Poison
|move|p2a: Clefable|Calm Mind|p2a: Clefable
|-boost|p2a: Clefable|spa|1
|-boost|p2a: Clefable|spd|1
|move|p1a: Goodra|Heavy Slam|p2a: Clefable
|-damage|p2a: Clefable|40/100
|
|-heal|p2a: Clefable|46/100|[from] item: Leftovers
|upkeep
|turn|11
|
|t:|1776068284
|move|p2a: Clefable|Calm Mind|p2a: Clefable
|-boost|p2a: Clefable|spa|1
|-boost|p2a: Clefable|spd|1
|move|p1a: Goodra|Dragon Tail|p2a: Clefable
|-damage|p2a: Clefable|33/100
|drag|p2a: Suicune|Suicune|100/100
|-ability|p2a: Suicune|Pressure
|
|upkeep
|turn|12
|
|t:|1776068289
|move|p2a: Suicune|Calm Mind|p2a: Suicune
|-boost|p2a: Suicune|spa|1
|-boost|p2a: Suicune|spd|1
|move|p1a: Goodra|Knock Off|p2a: Suicune
|-damage|p2a: Suicune|82/100
|-enditem|p2a: Suicune|Leftovers|[from] move: Knock Off|[of] p1a: Goodra
|
|upkeep
|turn|13
|
|t:|1776068292
|move|p2a: Suicune|Ice Beam|p1a: Goodra
|-damage|p1a: Goodra|90/100
|move|p1a: Goodra|Dragon Tail|p2a: Suicune
|-damage|p2a: Suicune|65/100
|drag|p2a: Clefable|Clefable, M, tera:Poison|33/100
|
|-heal|p2a: Clefable|40/100|[from] item: Leftovers
|upkeep
|turn|14
|
|t:|1776068300
|move|p2a: Clefable|Moonlight|p2a: Clefable
|-heal|p2a: Clefable|90/100
|move|p1a: Goodra|Knock Off|p2a: Clefable
|-damage|p2a: Clefable|71/100
|-enditem|p2a: Clefable|Leftovers|[from] move: Knock Off|[of] p1a: Goodra
|
|upkeep
|turn|15
|
|t:|1776068304
|move|p2a: Clefable|Cosmic Power|p2a: Clefable
|-boost|p2a: Clefable|def|1
|-boost|p2a: Clefable|spd|1
|move|p1a: Goodra|Dragon Tail|p2a: Clefable
|-damage|p2a: Clefable|59/100
|drag|p2a: Dragonite|Dragonite, M|100/100
|
|upkeep
|turn|16
|
|t:|1776068308
|move|p2a: Dragonite|Earthquake|p1a: Goodra
|-supereffective|p1a: Goodra
|-crit|p1a: Goodra
|-damage|p1a: Goodra|0 fnt
|faint|p1a: Goodra
|
|upkeep
|
|t:|1776068316
|switch|p1a: Persian|Persian, M, shiny|42/100
|turn|17
|
|t:|1776068321
|switch|p2a: Salamence|Salamence, M|100/100 par
|-ability|p2a: Salamence|Intimidate|boost
|-unboost|p1a: Persian|atk|1
|move|p1a: Persian|Thunder Wave|p2a: Salamence
|-fail|p2a: Salamence|par
|
|upkeep
|turn|18
|
|t:|1776068333
|switch|p1a: Enamorus|Enamorus, F|100/100
|move|p2a: Salamence|Hurricane|p1a: Enamorus
|-damage|p1a: Enamorus|34/100
|
|upkeep
|turn|19
|
|t:|1776068335
|move|p1a: Enamorus|Play Rough|p2a: Salamence
|-supereffective|p2a: Salamence
|-damage|p2a: Salamence|0 fnt
|faint|p2a: Salamence
|
|upkeep
|
|t:|1776068340
|switch|p2a: Dragonite|Dragonite, M|100/100
|turn|20
|
|t:|1776068342
|move|p2a: Dragonite|Extreme Speed|p1a: Enamorus
|-damage|p1a: Enamorus|0 fnt
|faint|p1a: Enamorus
|
|upkeep
|
|t:|1776068346
|switch|p1a: Quaquaval|Quaquaval, M, shiny|100/100
|turn|21
|
|t:|1776068353
|move|p1a: Quaquaval|Aqua Step|p2a: Dragonite
|-resisted|p2a: Dragonite
|-damage|p2a: Dragonite|89/100
|-boost|p1a: Quaquaval|spe|1
|move|p2a: Dragonite|Dragon Dance|p2a: Dragonite
|-boost|p2a: Dragonite|atk|1
|-boost|p2a: Dragonite|spe|1
|
|upkeep
|turn|22
|
|t:|1776068360
|move|p1a: Quaquaval|Ice Spinner|p2a: Dragonite
|-supereffective|p2a: Dragonite
|-damage|p2a: Dragonite|0 fnt
|faint|p2a: Dragonite
|-ability|p1a: Quaquaval|Moxie|boost
|-boost|p1a: Quaquaval|atk|1
|
|upkeep
|
|t:|1776068368
|switch|p2a: Clefable|Clefable, M, tera:Poison|59/100
|turn|23
|
|t:|1776068374
|-terastallize|p1a: Quaquaval|Poison
|move|p1a: Quaquaval|Aqua Step|p2a: Clefable
|-damage|p2a: Clefable|24/100
|-boost|p1a: Quaquaval|spe|1
|move|p2a: Clefable|Moonlight|p2a: Clefable
|-heal|p2a: Clefable|74/100
|
|upkeep
|turn|24
|
|t:|1776068376
|move|p1a: Quaquaval|Aqua Step|p2a: Clefable
|-damage|p2a: Clefable|42/100
|-boost|p1a: Quaquaval|spe|1
|move|p2a: Clefable|Cosmic Power|p2a: Clefable
|-boost|p2a: Clefable|def|1
|-boost|p2a: Clefable|spd|1
|
|upkeep
|turn|25
|
|t:|1776068380
|move|p1a: Quaquaval|Aqua Step|p2a: Clefable
|-damage|p2a: Clefable|21/100
|-boost|p1a: Quaquaval|spe|1
|move|p2a: Clefable|Cosmic Power|p2a: Clefable
|-boost|p2a: Clefable|def|1
|-boost|p2a: Clefable|spd|1
|
|upkeep
|turn|26
|
|t:|1776068387
|switch|p1a: Persian|Persian, M, shiny|42/100
|move|p2a: Clefable|Moonlight|p2a: Clefable
|-heal|p2a: Clefable|71/100
|
|upkeep
|turn|27
|
|t:|1776068391
|move|p1a: Persian|Switcheroo|p2a: Clefable
|-activate|p1a: Persian|move: Trick|[of] p2a: Clefable
|-item|p2a: Clefable|Choice Specs|[from] move: Switcheroo
|-enditem|p1a: Persian|Choice Specs|[silent]|[from] move: Switcheroo
|move|p2a: Clefable|Moonblast|p1a: Persian
|-damage|p1a: Persian|0 fnt
|faint|p1a: Persian
|
|upkeep
|
|t:|1776068397
|switch|p1a: Quaquaval|Quaquaval, M, shiny, tera:Poison|100/100
|turn|28
|
|t:|1776068402
|move|p1a: Quaquaval|Aqua Step|p2a: Clefable
|-damage|p2a: Clefable|55/100
|-boost|p1a: Quaquaval|spe|1
|move|p2a: Clefable|Moonblast|p1a: Quaquaval
|-resisted|p1a: Quaquaval
|-damage|p1a: Quaquaval|78/100
|
|upkeep
|turn|29
|
|t:|1776068404
|move|p1a: Quaquaval|Aqua Step|p2a: Clefable
|-damage|p2a: Clefable|36/100
|-boost|p1a: Quaquaval|spe|1
|move|p2a: Clefable|Moonblast|p1a: Quaquaval
|-resisted|p1a: Quaquaval
|-damage|p1a: Quaquaval|55/100
|-unboost|p1a: Quaquaval|spa|1
|
|upkeep
|turn|30
|
|t:|1776068408
|move|p1a: Quaquaval|Aqua Step|p2a: Clefable
|-damage|p2a: Clefable|21/100
|-boost|p1a: Quaquaval|spe|1
|move|p2a: Clefable|Moonblast|p1a: Quaquaval
|-resisted|p1a: Quaquaval
|-damage|p1a: Quaquaval|33/100
|
|upkeep
|turn|31
|
|t:|1776068412
|move|p1a: Quaquaval|Aqua Step|p2a: Clefable
|-damage|p2a: Clefable|5/100
|-boost|p1a: Quaquaval|spe|1
|move|p2a: Clefable|Moonblast|p1a: Quaquaval
|-resisted|p1a: Quaquaval
|-damage|p1a: Quaquaval|9/100
|-unboost|p1a: Quaquaval|spa|1
|
|upkeep
|turn|32
|
|t:|1776068415
|move|p1a: Quaquaval|Aqua Step|p2a: Clefable
|-damage|p2a: Clefable|0 fnt
|-boost|p1a: Quaquaval|spe|1
|faint|p2a: Clefable
|-ability|p1a: Quaquaval|Moxie|boost
|-boost|p1a: Quaquaval|atk|1
|
|upkeep
|
|t:|1776068417
|switch|p2a: Scizor|Scizor, F|100/100
|turn|33
|
|t:|1776068419
|switch|p1a: Sinistcha|Sinistcha-Masterpiece, shiny|100/100
|move|p2a: Scizor|Bullet Punch|p1a: Sinistcha
|-damage|p1a: Sinistcha|76/100
|
|upkeep
|turn|34
|
|t:|1776068422
|move|p1a: Sinistcha|Strength Sap|p2a: Scizor
|-unboost|p2a: Scizor|atk|1
|-heal|p1a: Sinistcha|100/100
|move|p2a: Scizor|Knock Off|p1a: Sinistcha
|-supereffective|p1a: Sinistcha
|-damage|p1a: Sinistcha|65/100
|-enditem|p1a: Sinistcha|Covert Cloak|[from] move: Knock Off|[of] p2a: Scizor
|
|upkeep
|turn|35
|
|t:|1776068426
|move|p1a: Sinistcha|Strength Sap|p2a: Scizor
|-unboost|p2a: Scizor|atk|1
|-heal|p1a: Sinistcha|100/100
|move|p2a: Scizor|Acrobatics|p1a: Sinistcha
|-supereffective|p1a: Sinistcha
|-damage|p1a: Sinistcha|71/100
|
|upkeep
|turn|36
|
|t:|1776068430
|switch|p2a: Suicune|Suicune|65/100
|-ability|p2a: Suicune|Pressure
|move|p1a: Sinistcha|Scald|p2a: Suicune
|-resisted|p2a: Suicune
|-damage|p2a: Suicune|57/100
|
|upkeep
|turn|37
|
|t:|1776068432
|move|p2a: Suicune|Ice Beam|p1a: Sinistcha
|-supereffective|p1a: Sinistcha
|-crit|p1a: Sinistcha
|-damage|p1a: Sinistcha|0 fnt
|faint|p1a: Sinistcha
|
|upkeep
|
|t:|1776068435
|switch|p1a: Quaquaval|Quaquaval, M, shiny, tera:Poison|9/100
|turn|38
|
|t:|1776068437
|move|p2a: Suicune|Surf|p1a: Quaquaval
|-damage|p1a: Quaquaval|0 fnt
|faint|p1a: Quaquaval
|
|win|mixis_allnight
|raw|CilenTreeco's rating: 1202 &rarr; <strong>1175</strong><br />(-27 for losing)
|raw|mixis_allnight's rating: 1180 &rarr; <strong>1207</strong><br />(+27 for winning)
|l|☆CilenTreeco
|player|p1|
|l|☆mixis_allnight
|player|p2|
