|html|<div class="broadcast-blue"><strong>[Gen 9] OU is currently suspecting Tera Blast! For information on how to participate check out the <a href="https://www.smogon.com/tools/suspects/view/200">suspect thread</a>.</strong></div>
|j|☆beardog001
|j|☆2high4thisshit420
|t:|1776067668
|gametype|singles
|player|p1|beardog001|102|1231
|player|p2|2high4thisshit420|170|1226
|gen|9
|tier|[Gen 9] OU
|rated|
|rule|HP Percentage Mod: HP is shown in percentages
|rule|Endless Battle Clause: Forcing endless battles is banned
|rule|Species Clause: Limit one of each Pokémon
|rule|OHKO Clause: OHKO moves are banned
|rule|Evasion Items Clause: Evasion items are banned
|rule|Evasion Moves Clause: Evasion moves are banned
|rule|Evasion Abilities Clause: Evasion abilities are banned
|rule|Sleep Moves Clause: Sleep-inducing moves are banned
|clearpoke
|poke|p1|Pelipper, M|
|poke|p1|Floatzel, M|
|poke|p1|Meowscarada, F|
|poke|p1|Kyurem|
|poke|p1|Corviknight, F|
|poke|p1|Basculegion, M|
|poke|p2|Pelipper, M|
|poke|p2|Zapdos|
|poke|p2|Scizor, F|
|poke|p2|Talonflame, M|
|poke|p2|Tyranitar, M|
|poke|p2|Great Tusk|
|teampreview
|
|t:|1776067683
|teamsize|p1|6
|teamsize|p2|6
|start
|switch|p1a: Meowscarada|Meowscarada, F|100/100
|switch|p2a: Scizor|Scizor, F|100/100
|turn|1
|
|t:|1776067691
|switch|p1a: Pelipper|Pelipper, M|100/100
|-weather|RainDance|[from] ability: Drizzle|[of] p1a: Pelipper
|move|p2a: Scizor|U-turn|p1a: Pelipper
|-resisted|p1a: Pelipper
|-damage|p1a: Pelipper|67/100
|
|t:|1776067696
|switch|p2a: Tyranitar|Tyranitar, M|100/100|[from] U-turn
|-weather|Sandstorm|[from] ability: Sand Stream|[of] p2a: Tyranitar
|
|-weather|Sandstorm|[upkeep]
|-damage|p1a: Pelipper|61/100|[from] Sandstorm
|upkeep
|turn|2
|
|t:|1776067704
|switch|p1a: Basculegion|Basculegion, M|100/100
|move|p2a: Tyranitar|Stealth Rock|p1a: Basculegion
|-sidestart|p1: beardog001|move: Stealth Rock
|
|-weather|Sandstorm|[upkeep]
|-damage|p1a: Basculegion|94/100|[from] Sandstorm
|upkeep
|turn|3
|
|t:|1776067712
|move|p1a: Basculegion|Flip Turn|p2a: Tyranitar
|-supereffective|p2a: Tyranitar
|-damage|p2a: Tyranitar|1/100
|
|t:|1776067723
|switch|p1a: Corviknight|Corviknight, F|100/100|[from] Flip Turn
|-damage|p1a: Corviknight|88/100|[from] Stealth Rock
|move|p2a: Tyranitar|Knock Off|p1a: Corviknight
|-damage|p1a: Corviknight|53/100
|-damage|p2a: Tyranitar|0 fnt|[from] item: Rocky Helmet|[of] p1a: Corviknight
|faint|p2a: Tyranitar
|
|-weather|Sandstorm|[upkeep]
|upkeep
|
|t:|1776067732
|switch|p2a: Zapdos|Zapdos|100/100
|turn|4
|
|t:|1776067740
|switch|p1a: Meowscarada|Meowscarada, F|100/100
|-damage|p1a: Meowscarada|88/100|[from] Stealth Rock
|move|p2a: Zapdos|Thunderbolt|p1a: Meowscarada
|-resisted|p1a: Meowscarada
|-damage|p1a: Meowscarada|55/100
|
|-weather|Sandstorm|[upkeep]
|-damage|p1a: Meowscarada|49/100|[from] Sandstorm
|-damage|p2a: Zapdos|94/100|[from] Sandstorm
|upkeep
|turn|5
|
|t:|1776067756
|switch|p2a: Scizor|Scizor, F|100/100
|move|p1a: Meowscarada|Triple Axel|p2a: Scizor
|-start|p1a: Meowscarada|typechange|Ice|[from] ability: Protean
|-resisted|p2a: Scizor
|-damage|p2a: Scizor|95/100
|-resisted|p2a: Scizor
|-damage|p2a: Scizor|86/100
|-resisted|p2a: Scizor
|-damage|p2a: Scizor|71/100
|-hitcount|p2a: Scizor|3
|
|-weather|none
|upkeep
|turn|6
|
|t:|1776067768
|switch|p1a: Pelipper|Pelipper, M|61/100
|-damage|p1a: Pelipper|36/100|[from] Stealth Rock
|-weather|RainDance|[from] ability: Drizzle|[of] p1a: Pelipper
|move|p2a: Scizor|U-turn|p1a: Pelipper
|-resisted|p1a: Pelipper
|-damage|p1a: Pelipper|4/100
|
|t:|1776067788
|switch|p2a: Great Tusk|Great Tusk|100/100|[from] U-turn
|
|-weather|RainDance|[upkeep]
|upkeep
|turn|7
|
|t:|1776067790
|move|p2a: Great Tusk|Rapid Spin|p1a: Pelipper
|-damage|p1a: Pelipper|0 fnt
|-boost|p2a: Great Tusk|spe|1
|faint|p1a: Pelipper
|
|-weather|RainDance|[upkeep]
|upkeep
|
|t:|1776067798
|switch|p1a: Basculegion|Basculegion, M|94/100
|-damage|p1a: Basculegion|82/100|[from] Stealth Rock
|turn|8
|
|t:|1776067817
|move|p1a: Basculegion|Aqua Jet|p2a: Great Tusk
|-supereffective|p2a: Great Tusk
|-damage|p2a: Great Tusk|11/100
|move|p2a: Great Tusk|Headlong Rush|p1a: Basculegion
|-damage|p1a: Basculegion|0 fnt
|-unboost|p2a: Great Tusk|def|1
|-unboost|p2a: Great Tusk|spd|1
|faint|p1a: Basculegion
|
|-weather|RainDance|[upkeep]
|upkeep
|
|t:|1776067833
|switch|p1a: Floatzel|Floatzel, M|100/100
|-damage|p1a: Floatzel|88/100|[from] Stealth Rock
|turn|9
|
|t:|1776067843
|-terastallize|p1a: Floatzel|Water
|move|p1a: Floatzel|Wave Crash|p2a: Great Tusk
|-supereffective|p2a: Great Tusk
|-damage|p2a: Great Tusk|0 fnt
|faint|p2a: Great Tusk
|-end|p2a: Great Tusk|Protosynthesis|[silent]
|-damage|p1a: Floatzel|84/100|[from] Recoil
|
|-weather|RainDance|[upkeep]
|upkeep
|
|t:|1776067847
|switch|p2a: Talonflame|Talonflame, M|100/100
|turn|10
|
|t:|1776067852
|-terastallize|p2a: Talonflame|Flying
|move|p2a: Talonflame|Hurricane|p1a: Floatzel
|-crit|p1a: Floatzel
|-damage|p1a: Floatzel|0 fnt
|faint|p1a: Floatzel
|
|-weather|RainDance|[upkeep]
|upkeep
|
|t:|1776067859
|switch|p1a: Meowscarada|Meowscarada, F|49/100
|-damage|p1a: Meowscarada|37/100|[from] Stealth Rock
|turn|11
|
|t:|1776067863
|move|p2a: Talonflame|Hurricane|p1a: Meowscarada
|-supereffective|p1a: Meowscarada
|-damage|p1a: Meowscarada|0 fnt
|faint|p1a: Meowscarada
|
|-weather|RainDance|[upkeep]
|upkeep
|-message|beardog001 forfeited.
|
|win|2high4thisshit420
|raw|beardog001's rating: 1231 &rarr; <strong>1206</strong><br />(-25 for losing)
|raw|2high4thisshit420's rating: 1226 &rarr; <strong>1251</strong><br />(+25 for winning)
|l|☆beardog001
|player|p1|
|l|☆2high4thisshit420
|player|p2|
