|html|<div class="broadcast-blue"><strong>[Gen 9] OU is currently suspecting Tera Blast! For information on how to participate check out the <a href="https://www.smogon.com/tools/suspects/view/200">suspect thread</a>.</strong></div>
|j|☆Jeaph
|j|☆FlowwwZ
|t:|1776350813
|gametype|singles
|player|p1|Jeaph|beauty-gen4dp|1207
|player|p2|FlowwwZ|benga|1276
|gen|9
|tier|[Gen 9] OU
|rated|
|rule|HP Percentage Mod: HP is shown in percentages
|rule|Endless Battle Clause: Forcing endless battles is banned
|rule|Species Clause: Limit one of each Pokémon
|rule|OHKO Clause: OHKO moves are banned
|rule|Evasion Items Clause: Evasion items are banned
|rule|Evasion Moves Clause: Evasion moves are banned
|rule|Evasion Abilities Clause: Evasion abilities are banned
|rule|Sleep Moves Clause: Sleep-inducing moves are banned
|clearpoke
|poke|p1|Inteleon, M|
|poke|p1|Pelipper, M|
|poke|p1|Alomomola, F|
|poke|p1|Barraskewda, M|
|poke|p1|Iron Treads|
|poke|p1|Blissey, F|
|poke|p2|Hydrapple, M|
|poke|p2|Tyranitar, F|
|poke|p2|Moltres|
|poke|p2|Zamazenta-*|
|poke|p2|Slowking-Galar, M|
|poke|p2|Excadrill, F|
|teampreview
|
|t:|1776350851
|teamsize|p1|6
|teamsize|p2|6
|start
|switch|p1a: Rowland|Iron Treads|100/100
|switch|p2a: Tempête|Tyranitar, F|100/100
|-weather|Sandstorm|[from] ability: Sand Stream|[of] p2a: Tempête
|-enditem|p1a: Rowland|Booster Energy
|-activate|p1a: Rowland|ability: Quark Drive|[fromitem]
|-start|p1a: Rowland|quarkdrivespe
|turn|1
|
|t:|1776350879
|move|p1a: Rowland|Knock Off|p2a: Tempête
|-resisted|p2a: Tempête
|-damage|p2a: Tempête|90/100
|-enditem|p2a: Tempête|Smooth Rock|[from] move: Knock Off|[of] p1a: Rowland
|move|p2a: Tempête|Stealth Rock|p1a: Rowland
|-sidestart|p1: Jeaph|move: Stealth Rock
|
|-weather|Sandstorm|[upkeep]
|upkeep
|turn|2
|
|t:|1776350891
|switch|p2a: Le Poussin Piou|Moltres|100/100
|move|p1a: Rowland|Stealth Rock|p2a: Le Poussin Piou
|-sidestart|p2: FlowwwZ|move: Stealth Rock
|
|-weather|Sandstorm|[upkeep]
|-damage|p2a: Le Poussin Piou|94/100|[from] Sandstorm
|upkeep
|turn|3
|
|t:|1776350902
|move|p1a: Rowland|Knock Off|p2a: Le Poussin Piou
|-damage|p2a: Le Poussin Piou|73/100
|-status|p1a: Rowland|brn|[from] ability: Flame Body|[of] p2a: Le Poussin Piou
|-enditem|p2a: Le Poussin Piou|Heavy-Duty Boots|[from] move: Knock Off|[of] p1a: Rowland
|move|p2a: Le Poussin Piou|Flamethrower|p1a: Rowland
|-supereffective|p1a: Rowland
|-damage|p1a: Rowland|1/100 brn
|
|-weather|Sandstorm|[upkeep]
|-damage|p2a: Le Poussin Piou|67/100|[from] Sandstorm
|-damage|p1a: Rowland|0 fnt|[from] brn
|faint|p1a: Rowland
|-end|p1a: Rowland|Quark Drive|[silent]
|upkeep
|
|t:|1776350921
|switch|p1a: Gideon|Inteleon, M|100/100
|-damage|p1a: Gideon|88/100|[from] Stealth Rock
|turn|4
|
|t:|1776350930
|switch|p2a: Antoine Goya|Slowking-Galar, M|100/100
|-damage|p2a: Antoine Goya|88/100|[from] Stealth Rock
|move|p1a: Gideon|Snipe Shot|p2a: Antoine Goya
|-damage|p2a: Antoine Goya|54/100
|
|-weather|Sandstorm|[upkeep]
|-damage|p1a: Gideon|82/100|[from] Sandstorm
|-damage|p2a: Antoine Goya|48/100|[from] Sandstorm
|upkeep
|turn|5
|
|t:|1776350944
|-terastallize|p2a: Antoine Goya|Grass
|move|p1a: Gideon|Snipe Shot|p2a: Antoine Goya
|-resisted|p2a: Antoine Goya
|-damage|p2a: Antoine Goya|30/100
|move|p2a: Antoine Goya|Sludge Bomb|p1a: Gideon
|-damage|p1a: Gideon|20/100
|
|-weather|Sandstorm|[upkeep]
|-damage|p1a: Gideon|14/100|[from] Sandstorm
|-damage|p2a: Antoine Goya|24/100|[from] Sandstorm
|upkeep
|turn|6
|
|t:|1776350958
|switch|p1a: Ashanti|Blissey, F|100/100
|-damage|p1a: Ashanti|88/100|[from] Stealth Rock
|switch|p2a: Pomme d'3arbi|Hydrapple, M|100/100
|
|-weather|Sandstorm|[upkeep]
|-damage|p1a: Ashanti|82/100|[from] Sandstorm
|-damage|p2a: Pomme d'3arbi|94/100|[from] Sandstorm
|upkeep
|turn|7
|
|t:|1776350967
|switch|p1a: Deeper|Pelipper, M|100/100
|-damage|p1a: Deeper|76/100|[from] Stealth Rock
|-weather|RainDance|[from] ability: Drizzle|[of] p1a: Deeper
|move|p2a: Pomme d'3arbi|Nasty Plot|p2a: Pomme d'3arbi
|-boost|p2a: Pomme d'3arbi|spa|2
|
|-weather|RainDance|[upkeep]
|upkeep
|turn|8
|
|t:|1776350979
|move|p1a: Deeper|Ice Beam|p2a: Pomme d'3arbi
|-supereffective|p2a: Pomme d'3arbi
|-damage|p2a: Pomme d'3arbi|0 fnt
|faint|p2a: Pomme d'3arbi
|
|-weather|RainDance|[upkeep]
|upkeep
|
|t:|1776350984
|switch|p2a: Tempête|Tyranitar, F|90/100
|-damage|p2a: Tempête|77/100|[from] Stealth Rock
|-weather|Sandstorm|[from] ability: Sand Stream|[of] p2a: Tempête
|turn|9
|
|t:|1776350993
|switch|p1a: Phylis|Alomomola, F|100/100
|-damage|p1a: Phylis|88/100|[from] Stealth Rock
|move|p2a: Tempête|Knock Off|p1a: Phylis
|-damage|p1a: Phylis|66/100
|-enditem|p1a: Phylis|Leftovers|[from] move: Knock Off|[of] p2a: Tempête
|
|-weather|Sandstorm|[upkeep]
|-damage|p1a: Phylis|59/100|[from] Sandstorm
|upkeep
|turn|10
|
|t:|1776351020
|switch|p2a: Antoine Goya|Slowking-Galar, M, tera:Grass|57/100
|-damage|p2a: Antoine Goya|45/100|[from] Stealth Rock
|move|p1a: Phylis|Wish|p1a: Phylis
|
|-weather|Sandstorm|[upkeep]
|-damage|p1a: Phylis|53/100|[from] Sandstorm
|-damage|p2a: Antoine Goya|39/100|[from] Sandstorm
|upkeep
|turn|11
|
|t:|1776351038
|move|p1a: Phylis|Flip Turn|p2a: Antoine Goya
|-resisted|p2a: Antoine Goya
|-damage|p2a: Antoine Goya|32/100
|
|t:|1776351041
|switch|p1a: Deeper|Pelipper, M|76/100|[from] Flip Turn
|-damage|p1a: Deeper|51/100|[from] Stealth Rock
|-weather|RainDance|[from] ability: Drizzle|[of] p1a: Deeper
|move|p2a: Antoine Goya|Sludge Bomb|p1a: Deeper
|-damage|p1a: Deeper|2/100
|-status|p1a: Deeper|psn
|
|-weather|RainDance|[upkeep]
|-heal|p1a: Deeper|85/100 psn|[from] move: Wish|[wisher] Phylis
|-damage|p1a: Deeper|73/100 psn|[from] psn
|upkeep
|turn|12
|
|t:|1776351054
|switch|p2a: Tempête|Tyranitar, F|77/100
|-damage|p2a: Tempête|65/100|[from] Stealth Rock
|-weather|Sandstorm|[from] ability: Sand Stream|[of] p2a: Tempête
|move|p1a: Deeper|U-turn|p2a: Tempête
|-supereffective|p2a: Tempête
|-damage|p2a: Tempête|52/100
|
|t:|1776351075
|switch|p1a: Ziggy|Barraskewda, M, shiny|100/100|[from] U-turn
|-damage|p1a: Ziggy|88/100|[from] Stealth Rock
|
|-weather|Sandstorm|[upkeep]
|-damage|p1a: Ziggy|82/100|[from] Sandstorm
|upkeep
|turn|13
|
|t:|1776351088
|switch|p2a: Bon toutou c:|Zamazenta|100/100
|-damage|p2a: Bon toutou c:|94/100|[from] Stealth Rock
|-ability|p2a: Bon toutou c:|Dauntless Shield|boost
|-boost|p2a: Bon toutou c:|def|1
|move|p1a: Ziggy|Liquidation|p2a: Bon toutou c:
|-crit|p2a: Bon toutou c:
|-damage|p2a: Bon toutou c:|30/100
|
|-weather|Sandstorm|[upkeep]
|-damage|p2a: Bon toutou c:|24/100|[from] Sandstorm
|-damage|p1a: Ziggy|76/100|[from] Sandstorm
|-heal|p2a: Bon toutou c:|30/100|[from] item: Leftovers
|upkeep
|turn|14
|
|t:|1776351101
|switch|p1a: Phylis|Alomomola, F|87/100
|-damage|p1a: Phylis|74/100|[from] Stealth Rock
|move|p2a: Bon toutou c:|Body Press|p1a: Phylis
|-damage|p1a: Phylis|46/100
|
|-weather|Sandstorm|[upkeep]
|-damage|p2a: Bon toutou c:|24/100|[from] Sandstorm
|-damage|p1a: Phylis|39/100|[from] Sandstorm
|-heal|p2a: Bon toutou c:|30/100|[from] item: Leftovers
|upkeep
|turn|15
|
|t:|1776351116
|switch|p2a: Antoine Goya|Slowking-Galar, M, tera:Grass|65/100
|-damage|p2a: Antoine Goya|53/100|[from] Stealth Rock
|move|p1a: Phylis|Wish|p1a: Phylis
|
|-weather|Sandstorm|[upkeep]
|-damage|p1a: Phylis|33/100|[from] Sandstorm
|-damage|p2a: Antoine Goya|47/100|[from] Sandstorm
|upkeep
|turn|16
|
|t:|1776351125
|move|p1a: Phylis|Protect|p1a: Phylis
|-singleturn|p1a: Phylis|Protect
|move|p2a: Antoine Goya|Sludge Bomb|p1a: Phylis
|-activate|p1a: Phylis|move: Protect
|
|-weather|none
|-heal|p1a: Phylis|83/100|[from] move: Wish|[wisher] Phylis
|upkeep
|turn|17
|
|t:|1776351135
|move|p1a: Phylis|Wish|p1a: Phylis
|move|p2a: Antoine Goya|Sludge Bomb|p1a: Phylis
|-damage|p1a: Phylis|45/100
|-status|p1a: Phylis|psn
|
|-damage|p1a: Phylis|32/100 psn|[from] psn
|upkeep
|turn|18
|
|t:|1776351144
|move|p1a: Phylis|Flip Turn|p2a: Antoine Goya
|-resisted|p2a: Antoine Goya
|-damage|p2a: Antoine Goya|40/100
|
|t:|1776351147
|switch|p1a: Ashanti|Blissey, F|82/100|[from] Flip Turn
|-damage|p1a: Ashanti|69/100|[from] Stealth Rock
|move|p2a: Antoine Goya|Sludge Bomb|p1a: Ashanti
|-damage|p1a: Ashanti|56/100
|
|-heal|p1a: Ashanti|93/100|[from] move: Wish|[wisher] Phylis
|upkeep
|turn|19
|
|t:|1776351167
|switch|p2a: Tempête|Tyranitar, F|52/100
|-damage|p2a: Tempête|39/100|[from] Stealth Rock
|-weather|Sandstorm|[from] ability: Sand Stream|[of] p2a: Tempête
|move|p1a: Ashanti|Seismic Toss|p2a: Tempête
|-damage|p2a: Tempête|14/100
|
|-weather|Sandstorm|[upkeep]
|-damage|p1a: Ashanti|87/100|[from] Sandstorm
|upkeep
|turn|20
|
|t:|1776351206
|switch|p2a: Antoine Goya|Slowking-Galar, M, tera:Grass|74/100
|-damage|p2a: Antoine Goya|61/100|[from] Stealth Rock
|move|p1a: Ashanti|Heal Bell|p1a: Ashanti
|-activate|p1a: Ashanti|move: Heal Bell
|-curestatus|p1: Phylis|psn|[msg]
|-curestatus|p1: Deeper|psn|[msg]
|
|-weather|Sandstorm|[upkeep]
|-damage|p1a: Ashanti|81/100|[from] Sandstorm
|-damage|p2a: Antoine Goya|55/100|[from] Sandstorm
|upkeep
|turn|21
|
|t:|1776351220
|move|p1a: Ashanti|Thunder Wave|p2a: Antoine Goya
|-status|p2a: Antoine Goya|par
|cant|p2a: Antoine Goya|par
|
|-weather|Sandstorm|[upkeep]
|-damage|p1a: Ashanti|74/100|[from] Sandstorm
|-damage|p2a: Antoine Goya|49/100 par|[from] Sandstorm
|upkeep
|turn|22
|
|t:|1776351231
|switch|p2a: KCDQ|Excadrill, F|100/100
|-damage|p2a: KCDQ|97/100|[from] Stealth Rock
|-item|p2a: KCDQ|Air Balloon
|move|p1a: Ashanti|Seismic Toss|p2a: KCDQ
|-damage|p2a: KCDQ|70/100
|-enditem|p2a: KCDQ|Air Balloon
|
|-weather|Sandstorm|[upkeep]
|-damage|p1a: Ashanti|68/100|[from] Sandstorm
|upkeep
|turn|23
|
|t:|1776351251
|switch|p1a: Deeper|Pelipper, M|73/100
|-damage|p1a: Deeper|48/100|[from] Stealth Rock
|-weather|RainDance|[from] ability: Drizzle|[of] p1a: Deeper
|move|p2a: KCDQ|Iron Head|p1a: Deeper
|-resisted|p1a: Deeper
|-crit|p1a: Deeper
|-damage|p1a: Deeper|12/100
|
|-weather|RainDance|[upkeep]
|upkeep
|turn|24
|
|t:|1776351274
|switch|p2a: Tempête|Tyranitar, F|14/100
|-damage|p2a: Tempête|2/100|[from] Stealth Rock
|-weather|Sandstorm|[from] ability: Sand Stream|[of] p2a: Tempête
|move|p1a: Deeper|U-turn|p2a: Tempête
|-supereffective|p2a: Tempête
|-damage|p2a: Tempête|0 fnt
|faint|p2a: Tempête
|
|t:|1776351286
|switch|p1a: Phylis|Alomomola, F|65/100|[from] U-turn
|-damage|p1a: Phylis|53/100|[from] Stealth Rock
|
|-weather|Sandstorm|[upkeep]
|-damage|p1a: Phylis|47/100|[from] Sandstorm
|upkeep
|
|t:|1776351306
|switch|p2a: KCDQ|Excadrill, F|70/100
|-damage|p2a: KCDQ|67/100|[from] Stealth Rock
|turn|25
|
|t:|1776351316
|switch|p1a: Deeper|Pelipper, M|12/100
|-damage|p1a: Deeper|0 fnt|[from] Stealth Rock
|faint|p1a: Deeper
|move|p2a: KCDQ|Swords Dance|p2a: KCDQ
|-boost|p2a: KCDQ|atk|2
|
|-weather|Sandstorm|[upkeep]
|upkeep
|
|t:|1776351341
|switch|p1a: Gideon|Inteleon, M|14/100
|-damage|p1a: Gideon|2/100|[from] Stealth Rock
|turn|26
|
|t:|1776351348
|move|p1a: Gideon|Vacuum Wave|p2a: KCDQ
|-supereffective|p2a: KCDQ
|-damage|p2a: KCDQ|16/100
|move|p2a: KCDQ|Rapid Spin|p1a: Gideon
|-damage|p1a: Gideon|0 fnt
|-boost|p2a: KCDQ|spe|1
|-sideend|p2: FlowwwZ|Stealth Rock|[from] move: Rapid Spin|[of] p2a: KCDQ
|faint|p1a: Gideon
|
|-weather|Sandstorm|[upkeep]
|upkeep
|
|t:|1776351364
|switch|p1a: Phylis|Alomomola, F|80/100
|-damage|p1a: Phylis|68/100|[from] Stealth Rock
|turn|27
|
|t:|1776351374
|switch|p2a: Antoine Goya|Slowking-Galar, M, tera:Grass|82/100 par
|move|p1a: Phylis|Aqua Jet|p2a: Antoine Goya
|-resisted|p2a: Antoine Goya
|-damage|p2a: Antoine Goya|78/100 par
|
|-weather|Sandstorm|[upkeep]
|-damage|p1a: Phylis|62/100|[from] Sandstorm
|-damage|p2a: Antoine Goya|72/100 par|[from] Sandstorm
|upkeep
|turn|28
|
|t:|1776351384
|move|p1a: Phylis|Protect|p1a: Phylis
|-singleturn|p1a: Phylis|Protect
|move|p2a: Antoine Goya|Sludge Bomb|p1a: Phylis
|-activate|p1a: Phylis|move: Protect
|
|-weather|none
|upkeep
|turn|29
|
|t:|1776351393
|move|p1a: Phylis|Wish|p1a: Phylis
|cant|p2a: Antoine Goya|par
|
|upkeep
|turn|30
|
|t:|1776351408
|move|p1a: Phylis|Flip Turn|p2a: Antoine Goya
|-resisted|p2a: Antoine Goya
|-damage|p2a: Antoine Goya|66/100 par
|
|t:|1776351414
|switch|p1a: Ziggy|Barraskewda, M, shiny|76/100|[from] Flip Turn
|-damage|p1a: Ziggy|64/100|[from] Stealth Rock
|move|p2a: Antoine Goya|Sludge Bomb|p1a: Ziggy
|-damage|p1a: Ziggy|0 fnt
|faint|p1a: Ziggy
|
|upkeep
|
|t:|1776351425
|switch|p1a: Ashanti|Blissey, F|68/100
|-damage|p1a: Ashanti|56/100|[from] Stealth Rock
|turn|31
|
|t:|1776351444
|switch|p2a: Le Poussin Piou|Moltres|67/100
|move|p1a: Ashanti|Seismic Toss|p2a: Le Poussin Piou
|-damage|p2a: Le Poussin Piou|40/100
|
|upkeep
|turn|32
|
|t:|1776351454
|move|p2a: Le Poussin Piou|Roost|p2a: Le Poussin Piou
|-heal|p2a: Le Poussin Piou|91/100
|-singleturn|p2a: Le Poussin Piou|move: Roost
|move|p1a: Ashanti|Soft-Boiled|p1a: Ashanti
|-heal|p1a: Ashanti|100/100
|
|upkeep
|turn|33
|
|t:|1776351462
|move|p2a: Le Poussin Piou|Flamethrower|p1a: Ashanti
|-damage|p1a: Ashanti|87/100
|move|p1a: Ashanti|Thunder Wave|p2a: Le Poussin Piou
|-status|p2a: Le Poussin Piou|par
|
|upkeep
|turn|34
|
|t:|1776351491
|move|p1a: Ashanti|Seismic Toss|p2a: Le Poussin Piou
|-damage|p2a: Le Poussin Piou|64/100 par
|move|p2a: Le Poussin Piou|Flamethrower|p1a: Ashanti
|-damage|p1a: Ashanti|73/100
|
|upkeep
|turn|35
|
|t:|1776351498
|move|p1a: Ashanti|Seismic Toss|p2a: Le Poussin Piou
|-damage|p2a: Le Poussin Piou|38/100 par
|cant|p2a: Le Poussin Piou|par
|
|upkeep
|turn|36
|
|t:|1776351503
|move|p1a: Ashanti|Seismic Toss|p2a: Le Poussin Piou
|-damage|p2a: Le Poussin Piou|12/100 par
|-status|p1a: Ashanti|brn|[from] ability: Flame Body|[of] p2a: Le Poussin Piou
|move|p2a: Le Poussin Piou|Roost|p2a: Le Poussin Piou
|-heal|p2a: Le Poussin Piou|62/100 par
|-singleturn|p2a: Le Poussin Piou|move: Roost
|
|-damage|p1a: Ashanti|66/100 brn|[from] brn
|upkeep
|turn|37
|
|t:|1776351514
|move|p1a: Ashanti|Heal Bell|p1a: Ashanti
|-activate|p1a: Ashanti|move: Heal Bell
|-curestatus|p1a: Ashanti|brn|[msg]
|cant|p2a: Le Poussin Piou|par
|
|upkeep
|turn|38
|
|t:|1776351525
|move|p1a: Ashanti|Seismic Toss|p2a: Le Poussin Piou
|-damage|p2a: Le Poussin Piou|36/100 par
|move|p2a: Le Poussin Piou|Roost|p2a: Le Poussin Piou
|-heal|p2a: Le Poussin Piou|86/100 par
|-singleturn|p2a: Le Poussin Piou|move: Roost
|
|upkeep
|turn|39
|
|t:|1776351536
|move|p1a: Ashanti|Seismic Toss|p2a: Le Poussin Piou
|-damage|p2a: Le Poussin Piou|60/100 par
|-status|p1a: Ashanti|brn|[from] ability: Flame Body|[of] p2a: Le Poussin Piou
|move|p2a: Le Poussin Piou|Flamethrower|p1a: Ashanti
|-damage|p1a: Ashanti|52/100 brn
|
|-damage|p1a: Ashanti|45/100 brn|[from] brn
|upkeep
|turn|40
|
|t:|1776351585
|move|p1a: Ashanti|Seismic Toss|p2a: Le Poussin Piou
|-damage|p2a: Le Poussin Piou|34/100 par
|move|p2a: Le Poussin Piou|Flamethrower|p1a: Ashanti
|-damage|p1a: Ashanti|31/100 brn
|
|-damage|p1a: Ashanti|24/100 brn|[from] brn
|upkeep
|turn|41
|
|t:|1776351594
|move|p1a: Ashanti|Soft-Boiled|p1a: Ashanti
|-heal|p1a: Ashanti|74/100 brn
|move|p2a: Le Poussin Piou|Roar|p1a: Ashanti
|-curestatus|p1a: Ashanti|brn|[from] ability: Natural Cure
|drag|p1a: Phylis|Alomomola, F|95/100
|-damage|p1a: Phylis|83/100|[from] Stealth Rock
|
|upkeep
|turn|42
|
|t:|1776351606
|switch|p2a: Antoine Goya|Slowking-Galar, M, tera:Grass|99/100 par
|move|p1a: Phylis|Flip Turn|p2a: Antoine Goya
|-resisted|p2a: Antoine Goya
|-damage|p2a: Antoine Goya|93/100 par
|
|t:|1776351613
|switch|p1a: Ashanti|Blissey, F|74/100|[from] Flip Turn
|-damage|p1a: Ashanti|62/100|[from] Stealth Rock
|
|upkeep
|turn|43
|
|t:|1776351620
|move|p1a: Ashanti|Seismic Toss|p2a: Antoine Goya
|-damage|p2a: Antoine Goya|67/100 par
|move|p2a: Antoine Goya|Psyshock|p1a: Ashanti
|-damage|p1a: Ashanti|34/100
|
|upkeep
|turn|44
|
|t:|1776351628
|move|p1a: Ashanti|Soft-Boiled|p1a: Ashanti
|-heal|p1a: Ashanti|84/100
|move|p2a: Antoine Goya|Psyshock|p1a: Ashanti
|-damage|p1a: Ashanti|56/100
|
|upkeep
|turn|45
|
|t:|1776351636
|move|p1a: Ashanti|Seismic Toss|p2a: Antoine Goya
|-damage|p2a: Antoine Goya|42/100 par
|move|p2a: Antoine Goya|Psyshock|p1a: Ashanti
|-damage|p1a: Ashanti|28/100
|
|upkeep
|turn|46
|
|t:|1776351647
|switch|p2a: Le Poussin Piou|Moltres|34/100 par
|move|p1a: Ashanti|Soft-Boiled|p1a: Ashanti
|-heal|p1a: Ashanti|78/100
|
|upkeep
|turn|47
|
|t:|1776351657
|move|p1a: Ashanti|Seismic Toss|p2a: Le Poussin Piou
|-damage|p2a: Le Poussin Piou|8/100 par
|move|p2a: Le Poussin Piou|Flamethrower|p1a: Ashanti
|-damage|p1a: Ashanti|64/100
|
|upkeep
|turn|48
|
|t:|1776351670
|move|p1a: Ashanti|Seismic Toss|p2a: Le Poussin Piou
|-damage|p2a: Le Poussin Piou|0 fnt
|faint|p2a: Le Poussin Piou
|
|upkeep
|
|t:|1776351677
|switch|p2a: Bon toutou c:|Zamazenta|30/100
|turn|49
|
|t:|1776351686
|-terastallize|p1a: Ashanti|Ghost
|move|p2a: Bon toutou c:|Body Press|p1a: Ashanti
|-immune|p1a: Ashanti
|move|p1a: Ashanti|Seismic Toss|p2a: Bon toutou c:
|-damage|p2a: Bon toutou c:|0 fnt
|faint|p2a: Bon toutou c:
|
|upkeep
|
|t:|1776351694
|switch|p2a: Antoine Goya|Slowking-Galar, M, tera:Grass|75/100 par
|turn|50
|
|t:|1776351703
|move|p1a: Ashanti|Soft-Boiled|p1a: Ashanti
|-heal|p1a: Ashanti|100/100
|cant|p2a: Antoine Goya|par
|
|upkeep
|turn|51
|
|t:|1776351708
|move|p1a: Ashanti|Seismic Toss|p2a: Antoine Goya
|-damage|p2a: Antoine Goya|50/100 par
|cant|p2a: Antoine Goya|par
|
|upkeep
|turn|52
|
|t:|1776351715
|move|p1a: Ashanti|Seismic Toss|p2a: Antoine Goya
|-damage|p2a: Antoine Goya|24/100 par
|move|p2a: Antoine Goya|Psyshock|p1a: Ashanti
|-crit|p1a: Ashanti
|-damage|p1a: Ashanti|62/100
|
|upkeep
|turn|53
|
|t:|1776351722
|move|p1a: Ashanti|Seismic Toss|p2a: Antoine Goya
|-damage|p2a: Antoine Goya|0 fnt
|faint|p2a: Antoine Goya
|
|upkeep
|
|t:|1776351726
|switch|p2a: KCDQ|Excadrill, F|16/100
|turn|54
|
|t:|1776351733
|move|p2a: KCDQ|Earthquake|p1a: Ashanti
|-damage|p1a: Ashanti|18/100
|move|p1a: Ashanti|Seismic Toss|p2a: KCDQ
|-damage|p2a: KCDQ|0 fnt
|faint|p2a: KCDQ
|
|win|Jeaph
|raw|Jeaph's rating: 1207 &rarr; <strong>1237</strong><br />(+30 for winning)
|raw|FlowwwZ's rating: 1276 &rarr; <strong>1246</strong><br />(-30 for losing)
|c|☆Jeaph|wow gg
|c|☆FlowwwZ|TERRA GHOST
|c|☆FlowwwZ|gg
|c|☆Jeaph|:)
|l|☆FlowwwZ
|player|p2|
