|html|<div class="broadcast-blue"><strong>[Gen 9] OU is currently suspecting Tera Blast! For information on how to participate check out the <a href="https://www.smogon.com/tools/suspects/view/200">suspect thread</a>.</strong></div>
|j|☆claclabar6
|j|☆DcBaker
|t:|1776221943
|gametype|singles
|player|p1|claclabar6|zinzolin|1294
|player|p2|DcBaker|pokemonrangerf|1328
|gen|9
|tier|[Gen 9] OU
|rated|
|rule|HP Percentage Mod: HP is shown in percentages
|rule|Endless Battle Clause: Forcing endless battles is banned
|rule|Species Clause: Limit one of each Pokémon
|rule|OHKO Clause: OHKO moves are banned
|rule|Evasion Items Clause: Evasion items are banned
|rule|Evasion Moves Clause: Evasion moves are banned
|rule|Evasion Abilities Clause: Evasion abilities are banned
|rule|Sleep Moves Clause: Sleep-inducing moves are banned
|clearpoke
|poke|p1|Ninetales-Alola, F|
|poke|p1|Kyurem|
|poke|p1|Moltres-Galar|
|poke|p1|Ogerpon-Wellspring, F|
|poke|p1|Glimmora, F|
|poke|p1|Blaziken, M|
|poke|p2|Deoxys-Speed|
|poke|p2|Ceruledge, F|
|poke|p2|Zamazenta-*|
|poke|p2|Ogerpon-Wellspring, F|
|poke|p2|Glimmora, F|
|poke|p2|Moltres-Galar|
|teampreview
|inactive|Battle timer is ON: inactive players will automatically lose when time's up. (requested by claclabar6)
|
|t:|1776221953
|teamsize|p1|6
|teamsize|p2|6
|start
|switch|p1a: Glimmora|Glimmora, F|100/100
|switch|p2a: gimmie|Glimmora, F|100/100
|turn|1
|
|t:|1776221964
|move|p1a: Glimmora|Toxic|p2a: gimmie
|-status|p2a: gimmie|tox
|move|p2a: gimmie|Meteor Beam||[still]
|-prepare|p2a: gimmie|Meteor Beam
|-boost|p2a: gimmie|spa|1
|-enditem|p2a: gimmie|Power Herb
|-anim|p2a: gimmie|Meteor Beam|p1a: Glimmora
|-damage|p1a: Glimmora|2/100
|
|-damage|p2a: gimmie|94/100 tox|[from] psn
|upkeep
|turn|2
|inactive|DcBaker has 120 seconds left.
|
|t:|1776221998
|move|p1a: Glimmora|Protect|p1a: Glimmora
|-singleturn|p1a: Glimmora|Protect
|move|p2a: gimmie|Mortal Spin|p1a: Glimmora
|-activate|p1a: Glimmora|move: Protect
|
|-damage|p2a: gimmie|82/100 tox|[from] psn
|upkeep
|turn|3
|
|t:|1776222003
|move|p2a: gimmie|Mortal Spin|p1a: Glimmora
|-resisted|p1a: Glimmora
|-damage|p1a: Glimmora|0 fnt
|faint|p1a: Glimmora
|
|-damage|p2a: gimmie|63/100 tox|[from] psn
|upkeep
|
|t:|1776222010
|switch|p1a: Ninetales|Ninetales-Alola, F|100/100
|-weather|Snowscape|[from] ability: Snow Warning|[of] p1a: Ninetales
|turn|4
|
|t:|1776222017
|move|p1a: Ninetales|Aurora Veil|p1a: Ninetales
|-sidestart|p1: claclabar6|move: Aurora Veil
|move|p2a: gimmie|Meteor Beam||[still]
|-prepare|p2a: gimmie|Meteor Beam
|-boost|p2a: gimmie|spa|1
|
|-weather|Snowscape|[upkeep]
|-damage|p2a: gimmie|39/100 tox|[from] psn
|upkeep
|turn|5
|
|t:|1776222028
|switch|p1a: Ogerpon|Ogerpon-Wellspring, F|100/100
|move|p2a: gimmie|Meteor Beam|p1a: Ogerpon|[from] lockedmove
|-damage|p1a: Ogerpon|33/100
|
|-weather|Snowscape|[upkeep]
|-damage|p2a: gimmie|8/100 tox|[from] psn
|upkeep
|turn|6
|
|t:|1776222036
|move|p1a: Ogerpon|Trailblaze|p2a: gimmie
|-damage|p2a: gimmie|0 fnt
|-boost|p1a: Ogerpon|spe|1
|-activate|p2a: gimmie|ability: Toxic Debris
|-sidestart|p1: claclabar6|move: Toxic Spikes
|faint|p2a: gimmie
|
|-weather|Snowscape|[upkeep]
|upkeep
|
|t:|1776222040
|switch|p2a: Sara|Ceruledge, F|100/100
|turn|7
|
|t:|1776222050
|switch|p2a: ZAHM|Zamazenta|100/100
|-ability|p2a: ZAHM|Dauntless Shield|boost
|-boost|p2a: ZAHM|def|1
|move|p1a: Ogerpon|Ivy Cudgel|p2a: ZAHM|[anim] Ivy Cudgel Water
|-damage|p2a: ZAHM|70/100
|
|-weather|Snowscape|[upkeep]
|-heal|p2a: ZAHM|76/100|[from] item: Leftovers
|upkeep
|turn|8
|
|t:|1776222057
|move|p1a: Ogerpon|Play Rough|p2a: ZAHM
|-supereffective|p2a: ZAHM
|-damage|p2a: ZAHM|42/100
|move|p2a: ZAHM|Iron Defense|p2a: ZAHM
|-boost|p2a: ZAHM|def|2
|
|-weather|none
|-heal|p2a: ZAHM|48/100|[from] item: Leftovers
|upkeep
|turn|9
|
|t:|1776222063
|move|p1a: Ogerpon|Play Rough|p2a: ZAHM
|-supereffective|p2a: ZAHM
|-damage|p2a: ZAHM|27/100
|-unboost|p2a: ZAHM|atk|1
|move|p2a: ZAHM|Body Press|p1a: Ogerpon
|-damage|p1a: Ogerpon|0 fnt
|faint|p1a: Ogerpon
|
|-heal|p2a: ZAHM|33/100|[from] item: Leftovers
|upkeep
|
|t:|1776222075
|switch|p1a: Kyurem|Kyurem|100/100
|-status|p1a: Kyurem|psn
|-ability|p1a: Kyurem|Pressure
|turn|10
|
|t:|1776222089
|-terastallize|p1a: Kyurem|Ghost
|move|p1a: Kyurem|Shadow Ball|p2a: ZAHM
|-damage|p2a: ZAHM|0 fnt
|faint|p2a: ZAHM
|
|-damage|p1a: Kyurem|88/100 psn|[from] psn
|upkeep
|inactive|DcBaker has 120 seconds left.
|
|t:|1776222119
|switch|p2a: mo|Moltres-Galar|100/100
|turn|11
|
|t:|1776222126
|switch|p1a: Ninetales|Ninetales-Alola, F|100/100
|-status|p1a: Ninetales|psn
|-weather|Snowscape|[from] ability: Snow Warning|[of] p1a: Ninetales
|move|p2a: mo|Nasty Plot|p2a: mo
|-boost|p2a: mo|spa|2
|
|-weather|Snowscape|[upkeep]
|-damage|p1a: Ninetales|88/100 psn|[from] psn
|-sideend|p1: claclabar6|move: Aurora Veil
|upkeep
|turn|12
|
|t:|1776222137
|move|p1a: Ninetales|Aurora Veil|p1a: Ninetales
|-sidestart|p1: claclabar6|move: Aurora Veil
|move|p2a: mo|Agility|p2a: mo
|-boost|p2a: mo|spe|2
|
|-weather|Snowscape|[upkeep]
|-damage|p1a: Ninetales|76/100 psn|[from] psn
|upkeep
|turn|13
|
|t:|1776222141
|move|p2a: mo|Nasty Plot|p2a: mo
|-boost|p2a: mo|spa|2
|move|p1a: Ninetales|Moonblast|p2a: mo
|-supereffective|p2a: mo
|-damage|p2a: mo|39/100
|-ability|p2a: mo|Berserk|boost
|-boost|p2a: mo|spa|1
|-enditem|p2a: mo|Sitrus Berry|[eat]
|-heal|p2a: mo|64/100|[from] item: Sitrus Berry
|
|-weather|Snowscape|[upkeep]
|-damage|p1a: Ninetales|64/100 psn|[from] psn
|upkeep
|turn|14
|
|t:|1776222157
|move|p2a: mo|Tera Blast|p1a: Ninetales
|-damage|p1a: Ninetales|8/100 psn
|move|p1a: Ninetales|Moonblast|p2a: mo
|-supereffective|p2a: mo
|-damage|p2a: mo|3/100
|-ability|p2a: mo|Berserk|boost
|-boost|p2a: mo|spa|1
|
|-weather|Snowscape|[upkeep]
|-damage|p1a: Ninetales|0 fnt|[from] psn
|faint|p1a: Ninetales
|upkeep
|
|t:|1776222172
|switch|p1a: Blaziken|Blaziken, M|100/100
|-status|p1a: Blaziken|psn
|turn|15
|
|t:|1776222183
|-terastallize|p2a: mo|Fairy
|move|p2a: mo|Tera Blast|p1a: Blaziken|[anim] Tera Blast Fairy
|-enditem|p1a: Blaziken|Focus Sash
|-damage|p1a: Blaziken|1/100 psn
|move|p1a: Blaziken|Brick Break|p2a: mo
|-resisted|p2a: mo
|-damage|p2a: mo|0 fnt
|faint|p2a: mo
|
|-weather|none
|-damage|p1a: Blaziken|0 fnt|[from] psn
|faint|p1a: Blaziken
|upkeep
|
|t:|1776222193
|switch|p2a: DEO|Deoxys-Speed|100/100
|switch|p1a: Moltres|Moltres-Galar|100/100
|-ability|p2a: DEO|Pressure
|turn|16
|
|t:|1776222203
|move|p2a: DEO|Light Screen|p2a: DEO
|-sidestart|p2: DcBaker|move: Light Screen
|move|p1a: Moltres|Agility|p1a: Moltres
|-boost|p1a: Moltres|spe|2
|
|upkeep
|turn|17
|
|t:|1776222208
|move|p1a: Moltres|Nasty Plot|p1a: Moltres
|-boost|p1a: Moltres|spa|2
|move|p2a: DEO|Reflect|p2a: DEO
|-sidestart|p2: DcBaker|Reflect
|
|upkeep
|turn|18
|
|t:|1776222210
|move|p1a: Moltres|Nasty Plot|p1a: Moltres
|-boost|p1a: Moltres|spa|2
|move|p2a: DEO|Taunt|p1a: Moltres
|-start|p1a: Moltres|move: Taunt
|
|upkeep
|turn|19
|
|t:|1776222219
|switch|p2a: 1/151|Ogerpon-Wellspring, F|100/100
|move|p1a: Moltres|Fiery Wrath|p2a: 1/151
|-damage|p2a: 1/151|24/100
|
|-sideend|p1: claclabar6|move: Aurora Veil
|upkeep
|turn|20
|c|☆claclabar6|yeah ggs
|
|t:|1776222225
|move|p1a: Moltres|Fiery Wrath|p2a: 1/151
|-damage|p2a: 1/151|0 fnt
|faint|p2a: 1/151
|
|upkeep
|
|t:|1776222228
|switch|p2a: Sara|Ceruledge, F|100/100
|turn|21
|
|t:|1776222235
|move|p1a: Moltres|Fiery Wrath|p2a: Sara
|-supereffective|p2a: Sara
|-damage|p2a: Sara|0 fnt
|faint|p2a: Sara
|
|-end|p1a: Moltres|move: Taunt
|upkeep
|
|t:|1776222238
|switch|p2a: DEO|Deoxys-Speed|100/100
|-ability|p2a: DEO|Pressure
|turn|22
|
|t:|1776222243
|move|p1a: Moltres|Fiery Wrath|p2a: DEO
|-supereffective|p2a: DEO
|-damage|p2a: DEO|0 fnt
|faint|p2a: DEO
|
|win|claclabar6
|raw|claclabar6's rating: 1294 &rarr; <strong>1321</strong><br />(+27 for winning)
|raw|DcBaker's rating: 1328 &rarr; <strong>1306</strong><br />(-22 for losing)
