|html|<div class="broadcast-blue"><strong>[Gen 9] OU is currently suspecting Tera Blast! For information on how to participate check out the <a href="https://www.smogon.com/tools/suspects/view/200">suspect thread</a>.</strong></div>
|j|☆raichussuperfan
|j|☆jibreel69
|t:|1776346562
|gametype|singles
|player|p1|raichussuperfan|2|1607
|player|p2|jibreel69|benga|1621
|gen|9
|tier|[Gen 9] OU
|rated|
|rule|HP Percentage Mod: HP is shown in percentages
|rule|Endless Battle Clause: Forcing endless battles is banned
|rule|Species Clause: Limit one of each Pokémon
|rule|OHKO Clause: OHKO moves are banned
|rule|Evasion Items Clause: Evasion items are banned
|rule|Evasion Moves Clause: Evasion moves are banned
|rule|Evasion Abilities Clause: Evasion abilities are banned
|rule|Sleep Moves Clause: Sleep-inducing moves are banned
|clearpoke
|poke|p1|Pecharunt|
|poke|p1|Blaziken, M|
|poke|p1|Zamazenta-*|
|poke|p1|Iron Crown|
|poke|p1|Enamorus, F|
|poke|p1|Maushold|
|poke|p2|Kingambit, M|
|poke|p2|Ursaluna, M|
|poke|p2|Dragapult, F|
|poke|p2|Manaphy|
|poke|p2|Glimmora, F|
|poke|p2|Zamazenta-*|
|teampreview
|
|t:|1776346579
|teamsize|p1|6
|teamsize|p2|6
|start
|switch|p1a: Maushold|Maushold|100/100
|switch|p2a: Dragapult|Dragapult, F|100/100
|turn|1
|
|t:|1776346599
|switch|p1a: Iron Crown|Iron Crown|100/100
|-enditem|p1a: Iron Crown|Booster Energy
|-activate|p1a: Iron Crown|ability: Quark Drive|[fromitem]
|-start|p1a: Iron Crown|quarkdrivespe
|move|p2a: Dragapult|Draco Meteor|p1a: Iron Crown|[miss]
|-miss|p2a: Dragapult|p1a: Iron Crown
|
|upkeep
|turn|2
|
|t:|1776346610
|move|p1a: Iron Crown|Calm Mind|p1a: Iron Crown
|-boost|p1a: Iron Crown|spa|1
|-boost|p1a: Iron Crown|spd|1
|move|p2a: Dragapult|Fire Blast|p1a: Iron Crown
|-supereffective|p1a: Iron Crown
|-damage|p1a: Iron Crown|46/100
|-damage|p2a: Dragapult|91/100|[from] item: Life Orb
|
|upkeep
|turn|3
|
|t:|1776346630
|switch|p2a: Ursaluna|Ursaluna, M|100/100
|move|p1a: Iron Crown|Tachyon Cutter|p2a: Ursaluna
|-damage|p2a: Ursaluna|63/100
|-damage|p2a: Ursaluna|29/100
|-hitcount|p2a: Ursaluna|2
|
|-status|p2a: Ursaluna|brn|[from] item: Flame Orb
|upkeep
|turn|4
|
|t:|1776346639
|move|p1a: Iron Crown|Tachyon Cutter|p2a: Ursaluna
|-damage|p2a: Ursaluna|0 fnt
|faint|p2a: Ursaluna
|-hitcount|p2: Ursaluna|1
|
|upkeep
|
|t:|1776346652
|switch|p2a: Zamazenta|Zamazenta|100/100
|-ability|p2a: Zamazenta|Dauntless Shield|boost
|-boost|p2a: Zamazenta|def|1
|turn|5
|
|t:|1776346659
|move|p1a: Iron Crown|Tachyon Cutter|p2a: Zamazenta
|-damage|p2a: Zamazenta|66/100
|-damage|p2a: Zamazenta|32/100
|-hitcount|p2a: Zamazenta|2
|move|p2a: Zamazenta|Light Screen|p2a: Zamazenta
|-sidestart|p2: jibreel69|move: Light Screen
|
|upkeep
|turn|6
|
|t:|1776346669
|move|p1a: Iron Crown|Psyshock|p2a: Zamazenta
|-supereffective|p2a: Zamazenta
|-damage|p2a: Zamazenta|0 fnt
|faint|p2a: Zamazenta
|
|upkeep
|
|t:|1776346695
|switch|p2a: Manaphy|Manaphy|100/100
|turn|7
|
|t:|1776346706
|-end|p1a: Iron Crown|Quark Drive|[silent]
|switch|p1a: Maushold|Maushold|100/100
|move|p2a: Manaphy|Tail Glow|p2a: Manaphy
|-boost|p2a: Manaphy|spa|3
|
|upkeep
|turn|8
|
|t:|1776346712
|switch|p2a: Dragapult|Dragapult, F|91/100
|move|p1a: Maushold|Encore||[still]
|-fail|p1a: Maushold
|
|upkeep
|turn|9
|
|t:|1776346720
|switch|p1a: Iron Crown|Iron Crown|46/100
|move|p2a: Dragapult|Dragon Darts|p1a: Iron Crown
|-resisted|p1a: Iron Crown
|-damage|p1a: Iron Crown|35/100
|-anim|p2a: Dragapult|Dragon Darts|p1a: Iron Crown
|-resisted|p1a: Iron Crown
|-damage|p1a: Iron Crown|24/100
|-damage|p2a: Dragapult|81/100|[from] item: Life Orb
|
|upkeep
|turn|10
|
|t:|1776346729
|move|p2a: Dragapult|Shadow Ball|p1a: Iron Crown
|-supereffective|p1a: Iron Crown
|-damage|p1a: Iron Crown|0 fnt
|faint|p1a: Iron Crown
|-end|p1a: Iron Crown|Quark Drive|[silent]
|-damage|p2a: Dragapult|71/100|[from] item: Life Orb
|
|upkeep
|
|t:|1776346736
|switch|p1a: Zamazenta|Zamazenta|100/100
|-ability|p1a: Zamazenta|Dauntless Shield|boost
|-boost|p1a: Zamazenta|def|1
|turn|11
|
|t:|1776346747
|switch|p2a: Glimmora|Glimmora, F|100/100
|move|p1a: Zamazenta|Light Screen|p1a: Zamazenta
|-sidestart|p1: raichussuperfan|move: Light Screen
|
|upkeep
|turn|12
|
|t:|1776346756
|switch|p1a: Pecharunt|Pecharunt|100/100
|move|p2a: Glimmora|Stealth Rock|p1a: Pecharunt
|-sidestart|p1: raichussuperfan|move: Stealth Rock
|
|-sideend|p2: jibreel69|move: Light Screen
|upkeep
|turn|13
|
|t:|1776346768
|switch|p1a: Maushold|Maushold|100/100
|-damage|p1a: Maushold|88/100|[from] Stealth Rock
|move|p2a: Glimmora|Earth Power|p1a: Maushold
|-damage|p1a: Maushold|68/100
|
|upkeep
|turn|14
|
|t:|1776346778
|move|p1a: Maushold|Tidy Up|p1a: Maushold
|-sideend|p1: raichussuperfan|Stealth Rock
|-activate|p1a: Maushold|move: Tidy Up
|-boost|p1a: Maushold|atk|1
|-boost|p1a: Maushold|spe|1
|move|p2a: Glimmora|Mortal Spin|p1a: Maushold
|-damage|p1a: Maushold|59/100
|-status|p1a: Maushold|psn
|
|-damage|p1a: Maushold|46/100 psn|[from] psn
|upkeep
|turn|15
|
|t:|1776346785
|move|p1a: Maushold|Population Bomb|p2a: Glimmora
|-resisted|p2a: Glimmora
|-damage|p2a: Glimmora|94/100
|-activate|p2a: Glimmora|ability: Toxic Debris
|-sidestart|p1: raichussuperfan|move: Toxic Spikes
|-resisted|p2a: Glimmora
|-damage|p2a: Glimmora|88/100
|-activate|p2a: Glimmora|ability: Toxic Debris
|-sidestart|p1: raichussuperfan|move: Toxic Spikes
|-resisted|p2a: Glimmora
|-damage|p2a: Glimmora|83/100
|-resisted|p2a: Glimmora
|-damage|p2a: Glimmora|76/100
|-resisted|p2a: Glimmora
|-damage|p2a: Glimmora|70/100
|-resisted|p2a: Glimmora
|-damage|p2a: Glimmora|63/100
|-resisted|p2a: Glimmora
|-damage|p2a: Glimmora|57/100
|-resisted|p2a: Glimmora
|-damage|p2a: Glimmora|50/100
|-resisted|p2a: Glimmora
|-damage|p2a: Glimmora|44/100
|-resisted|p2a: Glimmora
|-damage|p2a: Glimmora|38/100
|-hitcount|p2a: Glimmora|10
|-enditem|p2a: Glimmora|Red Card|[of] p1a: Maushold
|drag|p1a: Blaziken|Blaziken, M|100/100
|-status|p1a: Blaziken|tox
|move|p2a: Glimmora|Stealth Rock|p1a: Blaziken
|-sidestart|p1: raichussuperfan|move: Stealth Rock
|
|-damage|p1a: Blaziken|95/100 tox|[from] psn
|upkeep
|turn|16
|
|t:|1776346814
|move|p1a: Blaziken|Close Combat|p2a: Glimmora
|-damage|p2a: Glimmora|0 fnt
|-unboost|p1a: Blaziken|def|1
|-unboost|p1a: Blaziken|spd|1
|faint|p2a: Glimmora
|-damage|p1a: Blaziken|85/100 tox|[from] item: Life Orb
|
|-damage|p1a: Blaziken|73/100 tox|[from] psn
|-ability|p1a: Blaziken|Speed Boost|boost
|-boost|p1a: Blaziken|spe|1
|upkeep
|
|t:|1776346840
|switch|p2a: Manaphy|Manaphy|100/100
|turn|17
|
|t:|1776346858
|move|p1a: Blaziken|Swords Dance|p1a: Blaziken
|-boost|p1a: Blaziken|atk|2
|move|p2a: Manaphy|Hydro Pump|p1a: Blaziken
|-supereffective|p1a: Blaziken
|-damage|p1a: Blaziken|0 fnt
|faint|p1a: Blaziken
|
|upkeep
|
|t:|1776346860
|switch|p1a: Maushold|Maushold|46/100 psn
|-damage|p1a: Maushold|34/100 psn|[from] Stealth Rock
|turn|18
|
|t:|1776346900
|move|p1a: Maushold|Tidy Up|p1a: Maushold
|-sideend|p1: raichussuperfan|Toxic Spikes
|-sideend|p1: raichussuperfan|Stealth Rock
|-activate|p1a: Maushold|move: Tidy Up
|-boost|p1a: Maushold|atk|1
|-boost|p1a: Maushold|spe|1
|move|p2a: Manaphy|Alluring Voice|p1a: Maushold
|-damage|p1a: Maushold|16/100 psn
|-start|p1a: Maushold|confusion
|
|-damage|p1a: Maushold|4/100 psn|[from] psn
|-sideend|p1: raichussuperfan|move: Light Screen
|upkeep
|turn|19
|l|☆jibreel69
|player|p2|
|j|☆jibreel69
|player|p2|jibreel69|benga|
|
|t:|1776346946
|switch|p1a: Enamorus|Enamorus, F|100/100
|move|p2a: Manaphy|Tail Glow|p2a: Manaphy
|-boost|p2a: Manaphy|spa|3
|
|upkeep
|turn|20
|
|t:|1776346955
|move|p1a: Enamorus|Healing Wish|p1a: Enamorus
|faint|p1a: Enamorus
|move|p2a: Manaphy|Alluring Voice|p1: Enamorus|[notarget]
|-fail|p2a: Manaphy
|
|upkeep
|
|t:|1776346958
|switch|p1a: Zamazenta|Zamazenta|100/100
|turn|21
|
|t:|1776346963
|move|p1a: Zamazenta|Light Screen|p1a: Zamazenta
|-sidestart|p1: raichussuperfan|move: Light Screen
|move|p2a: Manaphy|Alluring Voice|p1a: Zamazenta
|-supereffective|p1a: Zamazenta
|-damage|p1a: Zamazenta|58/100
|
|upkeep
|turn|22
|
|t:|1776346970
|move|p2a: Manaphy|Substitute|p2a: Manaphy
|-start|p2a: Manaphy|Substitute
|-damage|p2a: Manaphy|76/100
|move|p1a: Zamazenta|Roar|p2a: Manaphy
|drag|p2a: Dragapult|Dragapult, F|71/100
|
|upkeep
|turn|23
|
|t:|1776346983
|switch|p2a: Manaphy|Manaphy|76/100
|move|p1a: Zamazenta|Ice Fang|p2a: Manaphy
|-resisted|p2a: Manaphy
|-damage|p2a: Manaphy|67/100
|
|-heal|p2a: Manaphy|73/100|[from] item: Leftovers
|upkeep
|turn|24
|
|t:|1776346994
|switch|p1a: Maushold|Maushold|4/100 psn
|-heal|p1a: Maushold|100/100|[from] move: Healing Wish
|move|p2a: Manaphy|Tail Glow|p2a: Manaphy
|-boost|p2a: Manaphy|spa|3
|
|-heal|p2a: Manaphy|79/100|[from] item: Leftovers
|upkeep
|turn|25
|
|t:|1776347003
|switch|p2a: Dragapult|Dragapult, F|71/100
|move|p1a: Maushold|Tidy Up|p1a: Maushold
|-boost|p1a: Maushold|atk|1
|-boost|p1a: Maushold|spe|1
|
|upkeep
|turn|26
|
|t:|1776347017
|move|p1a: Maushold|Bite|p2a: Dragapult
|-supereffective|p2a: Dragapult
|-damage|p2a: Dragapult|0 fnt
|faint|p2a: Dragapult
|
|upkeep
|
|t:|1776347027
|switch|p2a: Kingambit|Kingambit, M|100/100
|-activate|p2a: Kingambit|ability: Supreme Overlord
|-start|p2a: Kingambit|fallen4|[silent]
|turn|27
|
|t:|1776347036
|switch|p1a: Zamazenta|Zamazenta|58/100
|move|p2a: Kingambit|Kowtow Cleave|p1a: Zamazenta
|-resisted|p1a: Zamazenta
|-damage|p1a: Zamazenta|31/100
|
|upkeep
|turn|28
|
|t:|1776347048
|-terastallize|p2a: Kingambit|Fairy
|move|p1a: Zamazenta|Reflect|p1a: Zamazenta
|-sidestart|p1: raichussuperfan|Reflect
|move|p2a: Kingambit|Swords Dance|p2a: Kingambit
|-boost|p2a: Kingambit|atk|2
|
|-sideend|p1: raichussuperfan|move: Light Screen
|upkeep
|turn|29
|
|t:|1776347065
|move|p2a: Kingambit|Tera Blast|p1a: Zamazenta|[anim] Tera Blast Fairy
|-supereffective|p1a: Zamazenta
|-damage|p1a: Zamazenta|0 fnt
|faint|p1a: Zamazenta
|
|upkeep
|
|t:|1776347067
|switch|p1a: Maushold|Maushold|100/100
|turn|30
|
|t:|1776347074
|move|p1a: Maushold|Population Bomb|p2a: Kingambit
|-damage|p2a: Kingambit|92/100
|-damage|p2a: Kingambit|83/100
|-damage|p2a: Kingambit|75/100
|-damage|p2a: Kingambit|67/100
|-damage|p2a: Kingambit|58/100
|-damage|p2a: Kingambit|50/100
|-damage|p2a: Kingambit|41/100
|-damage|p2a: Kingambit|33/100
|-damage|p2a: Kingambit|25/100
|-damage|p2a: Kingambit|17/100
|-hitcount|p2a: Kingambit|10
|move|p2a: Kingambit|Tera Blast|p1a: Maushold|[anim] Tera Blast Fairy
|-damage|p1a: Maushold|3/100
|
|-heal|p2a: Kingambit|23/100|[from] item: Leftovers
|upkeep
|turn|31
|
|t:|1776347082
|move|p1a: Maushold|Tidy Up|p1a: Maushold
|-boost|p1a: Maushold|atk|1
|-boost|p1a: Maushold|spe|1
|move|p2a: Kingambit|Tera Blast|p1a: Maushold|[anim] Tera Blast Fairy
|-damage|p1a: Maushold|0 fnt
|faint|p1a: Maushold
|
|-heal|p2a: Kingambit|29/100|[from] item: Leftovers
|upkeep
|
|t:|1776347083
|switch|p1a: Pecharunt|Pecharunt|100/100
|turn|32
|
|t:|1776347090
|move|p1a: Pecharunt|Malignant Chain|p2a: Kingambit
|-supereffective|p2a: Kingambit
|-damage|p2a: Kingambit|0 fnt
|faint|p2a: Kingambit
|-end|p2a: Kingambit|fallen4|[silent]
|
|upkeep
|
|t:|1776347092
|switch|p2a: Manaphy|Manaphy|79/100
|turn|33
|
|t:|1776347097
|move|p2a: Manaphy|Tail Glow|p2a: Manaphy
|-boost|p2a: Manaphy|spa|3
|move|p1a: Pecharunt|Malignant Chain|p2a: Manaphy
|-damage|p2a: Manaphy|38/100
|-status|p2a: Manaphy|tox
|-start|p2a: Manaphy|confusion|[from] ability: Poison Puppeteer|[of] p1a: Pecharunt
|
|-heal|p2a: Manaphy|44/100 tox|[from] item: Leftovers
|-damage|p2a: Manaphy|38/100 tox|[from] psn
|upkeep
|turn|34
|
|t:|1776347110
|-activate|p2a: Manaphy|confusion
|move|p2a: Manaphy|Hydro Pump|p1a: Pecharunt
|-damage|p1a: Pecharunt|0 fnt
|faint|p1a: Pecharunt
|
|win|jibreel69
|raw|raichussuperfan's rating: 1607 &rarr; <strong>1588</strong><br />(-19 for losing)
|raw|jibreel69's rating: 1621 &rarr; <strong>1640</strong><br />(+19 for winning)
|c|☆jibreel69|yooo
|c|☆jibreel69|gg
|c|☆jibreel69|crazy game
