|html|<div class="broadcast-blue"><strong>[Gen 9] OU is currently suspecting Tera Blast! For information on how to participate check out the <a href="https://www.smogon.com/tools/suspects/view/200">suspect thread</a>.</strong></div>
|j|☆danm777
|j|☆Chrisfeb1992
|t:|1776268907
|gametype|singles
|player|p1|danm777|volkner|1439
|player|p2|Chrisfeb1992|266|1427
|gen|9
|tier|[Gen 9] OU
|rated|
|rule|HP Percentage Mod: HP is shown in percentages
|rule|Endless Battle Clause: Forcing endless battles is banned
|rule|Species Clause: Limit one of each Pokémon
|rule|OHKO Clause: OHKO moves are banned
|rule|Evasion Items Clause: Evasion items are banned
|rule|Evasion Moves Clause: Evasion moves are banned
|rule|Evasion Abilities Clause: Evasion abilities are banned
|rule|Sleep Moves Clause: Sleep-inducing moves are banned
|clearpoke
|poke|p1|Kyurem|
|poke|p1|Kingambit, M|
|poke|p1|Ursaluna, M|
|poke|p1|Weezing-Galar, M|
|poke|p1|Weavile, M|
|poke|p1|Moltres|
|poke|p2|Glimmora, F|
|poke|p2|Dragonite, M|
|poke|p2|Cinderace, F|
|poke|p2|Kingambit, M|
|poke|p2|Iron Valiant|
|poke|p2|Darkrai|
|teampreview
|
|t:|1776268922
|teamsize|p1|6
|teamsize|p2|6
|start
|switch|p1a: Weezing|Weezing-Galar, M|100/100
|switch|p2a: Glimmora|Glimmora, F|100/100
|-ability|p1a: Weezing|Neutralizing Gas
|turn|1
|
|t:|1776268936
|move|p2a: Glimmora|Sludge Wave|p1a: Weezing
|-crit|p1a: Weezing
|-damage|p1a: Weezing|10/100
|move|p1a: Weezing|Will-O-Wisp|p2a: Glimmora
|-status|p2a: Glimmora|brn
|
|-heal|p1a: Weezing|16/100|[from] item: Leftovers
|-damage|p2a: Glimmora|94/100 brn|[from] brn
|upkeep
|turn|2
|
|t:|1776268950
|move|p2a: Glimmora|Stealth Rock|p1a: Weezing
|-sidestart|p1: danm777|move: Stealth Rock
|move|p1a: Weezing|Pain Split|p2a: Glimmora
|-sethp|p2a: Glimmora|56/100 brn|[from] move: Pain Split|[silent]
|-sethp|p1a: Weezing|51/100|[from] move: Pain Split
|
|-heal|p1a: Weezing|57/100|[from] item: Leftovers
|-damage|p2a: Glimmora|49/100 brn|[from] brn
|upkeep
|turn|3
|
|t:|1776268960
|move|p2a: Glimmora|Sludge Wave|p1a: Weezing
|-damage|p1a: Weezing|0 fnt
|faint|p1a: Weezing
|-end|p1a: Weezing|ability: Neutralizing Gas
|
|-damage|p2a: Glimmora|43/100 brn|[from] brn
|upkeep
|
|t:|1776268986
|switch|p1a: Kyurem|Kyurem|100/100
|-damage|p1a: Kyurem|76/100|[from] Stealth Rock
|-ability|p1a: Kyurem|Pressure
|turn|4
|
|t:|1776268993
|move|p1a: Kyurem|Ice Beam|p2a: Glimmora
|-damage|p2a: Glimmora|0 fnt
|faint|p2a: Glimmora
|
|upkeep
|
|t:|1776268998
|switch|p2a: Cinderace|Cinderace, F|100/100
|turn|5
|
|t:|1776269022
|switch|p1a: Moltres|Moltres|100/100
|move|p2a: Cinderace|U-turn|p1a: Moltres
|-resisted|p1a: Moltres
|-damage|p1a: Moltres|97/100
|
|t:|1776269028
|switch|p2a: Dragonite|Dragonite, M|100/100|[from] U-turn
|
|upkeep
|turn|6
|
|t:|1776269035
|-terastallize|p2a: Dragonite|Fire
|move|p2a: Dragonite|Dragon Dance|p2a: Dragonite
|-boost|p2a: Dragonite|atk|1
|-boost|p2a: Dragonite|spe|1
|move|p1a: Moltres|Will-O-Wisp|p2a: Dragonite
|-immune|p2a: Dragonite
|
|upkeep
|turn|7
|
|t:|1776269045
|move|p2a: Dragonite|Dragon Dance|p2a: Dragonite
|-boost|p2a: Dragonite|atk|1
|-boost|p2a: Dragonite|spe|1
|move|p1a: Moltres|U-turn|p2a: Dragonite
|-resisted|p2a: Dragonite
|-damage|p2a: Dragonite|97/100
|c|☆danm777|i hate you
|
|t:|1776269055
|switch|p1a: Ursaluna|Ursaluna, M|100/100|[from] U-turn
|-damage|p1a: Ursaluna|94/100|[from] Stealth Rock
|
|-status|p1a: Ursaluna|brn|[from] item: Flame Orb
|upkeep
|turn|8
|
|t:|1776269063
|move|p2a: Dragonite|Fire Punch|p1a: Ursaluna
|-damage|p1a: Ursaluna|35/100 brn
|move|p1a: Ursaluna|Earthquake|p2a: Dragonite
|-supereffective|p2a: Dragonite
|-damage|p2a: Dragonite|0 fnt
|faint|p2a: Dragonite
|
|-damage|p1a: Ursaluna|29/100 brn|[from] brn
|upkeep
|
|t:|1776269073
|switch|p2a: Iron Valiant|Iron Valiant|100/100
|-enditem|p2a: Iron Valiant|Booster Energy
|-activate|p2a: Iron Valiant|ability: Quark Drive|[fromitem]
|-start|p2a: Iron Valiant|quarkdrivespe
|turn|9
|
|t:|1776269086
|move|p2a: Iron Valiant|Moonblast|p1a: Ursaluna
|-damage|p1a: Ursaluna|0 fnt
|faint|p1a: Ursaluna
|
|upkeep
|
|t:|1776269103
|switch|p1a: Moltres|Moltres|97/100
|turn|10
|
|t:|1776269110
|move|p2a: Iron Valiant|Calm Mind|p2a: Iron Valiant
|-boost|p2a: Iron Valiant|spa|1
|-boost|p2a: Iron Valiant|spd|1
|move|p1a: Moltres|Will-O-Wisp|p2a: Iron Valiant
|-status|p2a: Iron Valiant|brn
|
|-damage|p2a: Iron Valiant|94/100 brn|[from] brn
|upkeep
|turn|11
|
|t:|1776269140
|move|p2a: Iron Valiant|Thunderbolt|p1a: Moltres
|-supereffective|p1a: Moltres
|-damage|p1a: Moltres|5/100
|move|p1a: Moltres|Flamethrower|p2a: Iron Valiant
|-damage|p2a: Iron Valiant|48/100 brn
|
|-damage|p2a: Iron Valiant|42/100 brn|[from] brn
|upkeep
|turn|12
|
|t:|1776269149
|move|p2a: Iron Valiant|Moonblast|p1a: Moltres
|-resisted|p1a: Moltres
|-damage|p1a: Moltres|0 fnt
|faint|p1a: Moltres
|
|-damage|p2a: Iron Valiant|36/100 brn|[from] brn
|upkeep
|
|t:|1776269159
|switch|p1a: Weavile|Weavile, M|100/100
|-ability|p1a: Weavile|Pressure
|turn|13
|
|t:|1776269164
|move|p1a: Weavile|Fake Out|p2a: Iron Valiant
|-damage|p2a: Iron Valiant|20/100 brn
|cant|p2a: Iron Valiant|flinch
|
|-damage|p2a: Iron Valiant|14/100 brn|[from] brn
|upkeep
|turn|14
|
|t:|1776269172
|move|p1a: Weavile|Ice Shard|p2a: Iron Valiant
|-crit|p2a: Iron Valiant
|-damage|p2a: Iron Valiant|0 fnt
|faint|p2a: Iron Valiant
|-end|p2a: Iron Valiant|Quark Drive|[silent]
|
|upkeep
|
|t:|1776269181
|switch|p2a: Cinderace|Cinderace, F|100/100
|turn|15
|
|t:|1776269209
|switch|p1a: Kyurem|Kyurem|76/100
|-damage|p1a: Kyurem|51/100|[from] Stealth Rock
|-ability|p1a: Kyurem|Pressure
|move|p2a: Cinderace|Pyro Ball|p1a: Kyurem
|-damage|p1a: Kyurem|0 fnt
|faint|p1a: Kyurem
|
|upkeep
|
|t:|1776269216
|switch|p1a: Weavile|Weavile, M|100/100
|-ability|p1a: Weavile|Pressure
|turn|16
|
|t:|1776269223
|move|p1a: Weavile|Fake Out|p2a: Cinderace
|-damage|p2a: Cinderace|81/100
|cant|p2a: Cinderace|flinch
|
|upkeep
|turn|17
|
|t:|1776269229
|move|p1a: Weavile|Knock Off|p2a: Cinderace
|-damage|p2a: Cinderace|13/100
|-enditem|p2a: Cinderace|Heavy-Duty Boots|[from] move: Knock Off|[of] p1a: Weavile
|move|p2a: Cinderace|Pyro Ball|p1a: Weavile
|-supereffective|p1a: Weavile
|-damage|p1a: Weavile|0 fnt
|faint|p1a: Weavile
|
|upkeep
|
|t:|1776269237
|switch|p1a: Kingambit|Kingambit, M|100/100
|-damage|p1a: Kingambit|94/100|[from] Stealth Rock
|-activate|p1a: Kingambit|ability: Supreme Overlord
|-start|p1a: Kingambit|fallen5|[silent]
|-item|p1a: Kingambit|Air Balloon
|turn|18
|
|t:|1776269244
|move|p1a: Kingambit|Sucker Punch||[still]
|-fail|p1a: Kingambit
|move|p2a: Cinderace|Will-O-Wisp|p1a: Kingambit
|-status|p1a: Kingambit|brn
|
|-damage|p1a: Kingambit|88/100 brn|[from] brn
|upkeep
|turn|19
|
|t:|1776269252
|move|p1a: Kingambit|Sucker Punch|p2a: Cinderace
|-damage|p2a: Cinderace|0 fnt
|faint|p2a: Cinderace
|
|-damage|p1a: Kingambit|82/100 brn|[from] brn
|upkeep
|
|t:|1776269259
|switch|p2a: Kingambit|Kingambit, M|100/100
|-activate|p2a: Kingambit|ability: Supreme Overlord
|-start|p2a: Kingambit|fallen4|[silent]
|turn|20
|
|t:|1776269268
|-terastallize|p1a: Kingambit|Steel
|move|p2a: Kingambit|Swords Dance|p2a: Kingambit
|-boost|p2a: Kingambit|atk|2
|move|p1a: Kingambit|Low Kick|p2a: Kingambit
|-supereffective|p2a: Kingambit
|-damage|p2a: Kingambit|5/100
|
|-heal|p2a: Kingambit|11/100|[from] item: Leftovers
|-damage|p1a: Kingambit|76/100 brn|[from] brn
|upkeep
|turn|21
|
|t:|1776269286
|move|p2a: Kingambit|Sucker Punch|p1a: Kingambit
|-damage|p1a: Kingambit|0 fnt
|-enditem|p1a: Kingambit|Air Balloon
|faint|p1a: Kingambit
|-end|p1a: Kingambit|fallen5|[silent]
|
|win|Chrisfeb1992
|raw|danm777's rating: 1439 &rarr; <strong>1418</strong><br />(-21 for losing)
|raw|Chrisfeb1992's rating: 1427 &rarr; <strong>1448</strong><br />(+21 for winning)
|l|☆danm777
|player|p1|
