|html|<div class="broadcast-blue"><strong>[Gen 9] OU is currently suspecting Tera Blast! For information on how to participate check out the <a href="https://www.smogon.com/tools/suspects/view/200">suspect thread</a>.</strong></div>
|j|☆GreninjaMyFav
|j|☆brogre35
|t:|1776036420
|gametype|singles
|player|p1|GreninjaMyFav|169|1653
|player|p2|brogre35|swimmer-gen4dp|1676
|gen|9
|tier|[Gen 9] OU
|rated|
|rule|HP Percentage Mod: HP is shown in percentages
|rule|Endless Battle Clause: Forcing endless battles is banned
|rule|Species Clause: Limit one of each Pokémon
|rule|OHKO Clause: OHKO moves are banned
|rule|Evasion Items Clause: Evasion items are banned
|rule|Evasion Moves Clause: Evasion moves are banned
|rule|Evasion Abilities Clause: Evasion abilities are banned
|rule|Sleep Moves Clause: Sleep-inducing moves are banned
|clearpoke
|poke|p1|Ninetales-Alola, F|
|poke|p1|Darkrai|
|poke|p1|Zamazenta-*|
|poke|p1|Gliscor, M|
|poke|p1|Ceruledge, M|
|poke|p1|Hatterene, F|
|poke|p2|Ninetales-Alola, F|
|poke|p2|Kyurem|
|poke|p2|Ursaluna, M|
|poke|p2|Farigiraf, M|
|poke|p2|Hatterene, F|
|poke|p2|Cresselia, F|
|teampreview
|inactive|Battle timer is ON: inactive players will automatically lose when time's up. (requested by brogre35)
|j| MisfortuneSeven
|
|t:|1776036434
|teamsize|p1|6
|teamsize|p2|6
|start
|switch|p1a: Ninetales|Ninetales-Alola, F|100/100
|switch|p2a: The Good Life|Ninetales-Alola, F|100/100
|-weather|Snowscape|[from] ability: Snow Warning|[of] p1a: Ninetales
|turn|1
|
|t:|1776036436
|move|p2a: The Good Life|Aurora Veil|p2a: The Good Life
|-sidestart|p2: brogre35|move: Aurora Veil
|move|p1a: Ninetales|Aurora Veil|p1a: Ninetales
|-sidestart|p1: GreninjaMyFav|move: Aurora Veil
|
|-weather|Snowscape|[upkeep]
|upkeep
|turn|2
|
|t:|1776036440
|switch|p2a: El Scorcho|Ursaluna, M|100/100
|switch|p1a: Ceruledge|Ceruledge, M|100/100
|
|-weather|Snowscape|[upkeep]
|-status|p2a: El Scorcho|brn|[from] item: Flame Orb
|upkeep
|turn|3
|
|t:|1776036451
|-terastallize|p1a: Ceruledge|Bug
|move|p1a: Ceruledge|Bulk Up|p1a: Ceruledge
|-boost|p1a: Ceruledge|atk|1
|-boost|p1a: Ceruledge|def|1
|move|p2a: El Scorcho|Headlong Rush|p1a: Ceruledge
|-resisted|p1a: Ceruledge
|-damage|p1a: Ceruledge|78/100
|-unboost|p2a: El Scorcho|def|1
|-unboost|p2a: El Scorcho|spd|1
|
|-weather|Snowscape|[upkeep]
|-damage|p2a: El Scorcho|94/100 brn|[from] brn
|upkeep
|turn|4
|
|t:|1776036462
|switch|p2a: Pink Triangle|Hatterene, F|100/100
|move|p1a: Ceruledge|Bitter Blade|p2a: Pink Triangle
|-damage|p2a: Pink Triangle|70/100
|-heal|p1a: Ceruledge|92/100|[from] drain|[of] p2a: Pink Triangle
|
|-weather|Snowscape|[upkeep]
|upkeep
|turn|5
|
|t:|1776036465
|move|p1a: Ceruledge|Bulk Up|p1a: Ceruledge
|-boost|p1a: Ceruledge|atk|1
|-boost|p1a: Ceruledge|def|1
|move|p2a: Pink Triangle|Trick Room|p2a: Pink Triangle
|-fieldstart|move: Trick Room|[of] p2a: Pink Triangle
|
|-weather|none
|upkeep
|turn|6
|
|t:|1776036469
|move|p2a: Pink Triangle|Psychic Noise|p1a: Ceruledge
|-damage|p1a: Ceruledge|75/100
|move|p1a: Ceruledge|Bitter Blade|p2a: Pink Triangle
|-damage|p2a: Pink Triangle|28/100
|-heal|p1a: Ceruledge|93/100|[from] drain|[of] p2a: Pink Triangle
|
|upkeep
|turn|7
|
|t:|1776036478
|move|p2a: Pink Triangle|Psychic Noise|p1a: Ceruledge
|-damage|p1a: Ceruledge|77/100
|move|p1a: Ceruledge|Bulk Up|p1a: Ceruledge
|-boost|p1a: Ceruledge|atk|1
|-boost|p1a: Ceruledge|def|1
|
|upkeep
|turn|8
|
|t:|1776036480
|move|p2a: Pink Triangle|Psychic Noise|p1a: Ceruledge
|-crit|p1a: Ceruledge
|-damage|p1a: Ceruledge|23/100
|move|p1a: Ceruledge|Bitter Blade|p2a: Pink Triangle
|-damage|p2a: Pink Triangle|0 fnt
|-heal|p1a: Ceruledge|36/100|[from] drain|[of] p2a: Pink Triangle
|faint|p2a: Pink Triangle
|
|-sideend|p1: GreninjaMyFav|move: Aurora Veil
|-sideend|p2: brogre35|move: Aurora Veil
|upkeep
|
|t:|1776036485
|switch|p2a: El Scorcho|Ursaluna, M|94/100 brn
|turn|9
|
|t:|1776036490
|move|p2a: El Scorcho|Facade|p1a: Ceruledge
|-damage|p1a: Ceruledge|0 fnt
|faint|p1a: Ceruledge
|
|-damage|p2a: El Scorcho|88/100 brn|[from] brn
|-fieldend|move: Trick Room
|upkeep
|
|t:|1776036505
|switch|p1a: Ninetales|Ninetales-Alola, F|100/100
|-weather|Snowscape|[from] ability: Snow Warning|[of] p1a: Ninetales
|turn|10
|
|t:|1776036510
|move|p1a: Ninetales|Aurora Veil|p1a: Ninetales
|-sidestart|p1: GreninjaMyFav|move: Aurora Veil
|move|p2a: El Scorcho|Facade|p1a: Ninetales
|-damage|p1a: Ninetales|48/100
|
|-weather|Snowscape|[upkeep]
|-damage|p2a: El Scorcho|82/100 brn|[from] brn
|upkeep
|turn|11
|
|t:|1776036517
|switch|p1a: Gliscor|Gliscor, M|100/100
|move|p2a: El Scorcho|Facade|p1a: Gliscor
|-damage|p1a: Gliscor|47/100
|
|-weather|Snowscape|[upkeep]
|-damage|p2a: El Scorcho|76/100 brn|[from] brn
|-status|p1a: Gliscor|tox|[from] item: Toxic Orb
|upkeep
|turn|12
|
|t:|1776036525
|switch|p1a: Zamazenta|Zamazenta|100/100
|-ability|p1a: Zamazenta|Dauntless Shield|boost
|-boost|p1a: Zamazenta|def|1
|move|p2a: El Scorcho|Facade|p1a: Zamazenta
|-damage|p1a: Zamazenta|70/100
|
|-weather|Snowscape|[upkeep]
|-heal|p1a: Zamazenta|76/100|[from] item: Leftovers
|-damage|p2a: El Scorcho|70/100 brn|[from] brn
|upkeep
|turn|13
|
|t:|1776036533
|switch|p1a: Gliscor|Gliscor, M|47/100 tox
|switch|p2a: Butterfly|Cresselia, F|100/100
|
|-weather|Snowscape|[upkeep]
|-heal|p1a: Gliscor|59/100 tox|[from] ability: Poison Heal
|upkeep
|turn|14
|
|t:|1776036535
|move|p1a: Gliscor|Swords Dance|p1a: Gliscor
|-boost|p1a: Gliscor|atk|2
|move|p2a: Butterfly|Ice Beam|p1a: Gliscor
|-supereffective|p1a: Gliscor
|-damage|p1a: Gliscor|21/100 tox
|
|-weather|none
|-heal|p1a: Gliscor|34/100 tox|[from] ability: Poison Heal
|upkeep
|turn|15
|
|t:|1776036538
|move|p1a: Gliscor|Facade|p2a: Butterfly
|-damage|p2a: Butterfly|59/100
|move|p2a: Butterfly|Trick Room|p2a: Butterfly
|-fieldstart|move: Trick Room|[of] p2a: Butterfly
|
|-heal|p1a: Gliscor|46/100 tox|[from] ability: Poison Heal
|upkeep
|turn|16
|
|t:|1776036541
|move|p2a: Butterfly|Ice Beam|p1a: Gliscor
|-supereffective|p1a: Gliscor
|-damage|p1a: Gliscor|4/100 tox
|move|p1a: Gliscor|Facade|p2a: Butterfly
|-damage|p2a: Butterfly|19/100
|
|-heal|p1a: Gliscor|16/100 tox|[from] ability: Poison Heal
|upkeep
|turn|17
|
|t:|1776036548
|switch|p1a: Ninetales|Ninetales-Alola, F|48/100
|-weather|Snowscape|[from] ability: Snow Warning|[of] p1a: Ninetales
|move|p2a: Butterfly|Ice Beam|p1a: Ninetales
|-resisted|p1a: Ninetales
|-damage|p1a: Ninetales|44/100
|
|-weather|Snowscape|[upkeep]
|-sideend|p1: GreninjaMyFav|move: Aurora Veil
|upkeep
|turn|18
|
|t:|1776036556
|switch|p2a: The Good Life|Ninetales-Alola, F|100/100
|move|p1a: Ninetales|Aurora Veil|p1a: Ninetales
|-sidestart|p1: GreninjaMyFav|move: Aurora Veil
|
|-weather|Snowscape|[upkeep]
|upkeep
|turn|19
|
|t:|1776036564
|switch|p1a: Hatterene|Hatterene, F|100/100
|move|p2a: The Good Life|Aurora Veil|p2a: The Good Life
|-sidestart|p2: brogre35|move: Aurora Veil
|
|-weather|Snowscape|[upkeep]
|-fieldend|move: Trick Room
|upkeep
|turn|20
|
|t:|1776036575
|switch|p2a: El Scorcho|Ursaluna, M|70/100 brn
|move|p1a: Hatterene|Calm Mind|p1a: Hatterene
|-boost|p1a: Hatterene|spa|1
|-boost|p1a: Hatterene|spd|1
|
|-weather|Snowscape|[upkeep]
|-damage|p2a: El Scorcho|64/100 brn|[from] brn
|upkeep
|turn|21
|
|t:|1776036581
|-terastallize|p2a: El Scorcho|Normal
|move|p2a: El Scorcho|Facade|p1a: Hatterene
|-damage|p1a: Hatterene|33/100
|move|p1a: Hatterene|Calm Mind|p1a: Hatterene
|-boost|p1a: Hatterene|spa|1
|-boost|p1a: Hatterene|spd|1
|
|-weather|none
|-heal|p1a: Hatterene|39/100|[from] item: Leftovers
|-damage|p2a: El Scorcho|58/100 brn|[from] brn
|upkeep
|turn|22
|
|t:|1776036585
|switch|p1a: Gliscor|Gliscor, M|16/100 tox
|move|p2a: El Scorcho|Facade|p1a: Gliscor
|-damage|p1a: Gliscor|0 fnt
|faint|p1a: Gliscor
|
|-damage|p2a: El Scorcho|52/100 brn|[from] brn
|upkeep
|
|t:|1776036589
|switch|p1a: Zamazenta|Zamazenta|76/100
|turn|23
|
|t:|1776036593
|switch|p2a: Butterfly|Cresselia, F|19/100
|move|p1a: Zamazenta|Iron Defense|p1a: Zamazenta
|-boost|p1a: Zamazenta|def|2
|
|-heal|p1a: Zamazenta|82/100|[from] item: Leftovers
|upkeep
|turn|24
|
|t:|1776036596
|move|p1a: Zamazenta|Body Press|p2a: Butterfly
|-resisted|p2a: Butterfly
|-damage|p2a: Butterfly|9/100
|move|p2a: Butterfly|Trick Room|p2a: Butterfly
|-fieldstart|move: Trick Room|[of] p2a: Butterfly
|
|-heal|p1a: Zamazenta|88/100|[from] item: Leftovers
|upkeep
|turn|25
|
|t:|1776036605
|move|p2a: Butterfly|Lunar Dance|p2a: Butterfly
|faint|p2a: Butterfly
|move|p1a: Zamazenta|Crunch|p2: Butterfly|[notarget]
|-fail|p1a: Zamazenta
|
|-heal|p1a: Zamazenta|94/100|[from] item: Leftovers
|-sideend|p1: GreninjaMyFav|move: Aurora Veil
|upkeep
|
|t:|1776036607
|switch|p2a: Across The Sea|Farigiraf, M|100/100
|turn|26
|
|t:|1776036610
|move|p2a: Across The Sea|Nasty Plot|p2a: Across The Sea
|-boost|p2a: Across The Sea|spa|2
|move|p1a: Zamazenta|Crunch|p2a: Across The Sea
|-supereffective|p2a: Across The Sea
|-damage|p2a: Across The Sea|80/100
|
|-heal|p2a: Across The Sea|87/100|[from] item: Leftovers
|-heal|p1a: Zamazenta|100/100|[from] item: Leftovers
|-sideend|p2: brogre35|move: Aurora Veil
|upkeep
|turn|27
|
|t:|1776036614
|switch|p1a: Hatterene|Hatterene, F|39/100
|move|p2a: Across The Sea|Tera Blast|p1a: Hatterene
|-damage|p1a: Hatterene|0 fnt
|faint|p1a: Hatterene
|
|-heal|p2a: Across The Sea|93/100|[from] item: Leftovers
|upkeep
|
|t:|1776036616
|switch|p1a: Ninetales|Ninetales-Alola, F|44/100
|-weather|Snowscape|[from] ability: Snow Warning|[of] p1a: Ninetales
|turn|28
|
|t:|1776036619
|move|p2a: Across The Sea|Tera Blast|p1a: Ninetales
|-damage|p1a: Ninetales|0 fnt
|faint|p1a: Ninetales
|
|-weather|Snowscape|[upkeep]
|-heal|p2a: Across The Sea|99/100|[from] item: Leftovers
|-fieldend|move: Trick Room
|upkeep
|
|t:|1776036620
|switch|p1a: Darkrai|Darkrai|100/100
|turn|29
|
|t:|1776036623
|move|p1a: Darkrai|Dark Pulse|p2a: Across The Sea
|-supereffective|p2a: Across The Sea
|-damage|p2a: Across The Sea|18/100
|cant|p2a: Across The Sea|flinch
|
|-weather|Snowscape|[upkeep]
|-heal|p2a: Across The Sea|24/100|[from] item: Leftovers
|upkeep
|turn|30
|
|t:|1776036629
|move|p1a: Darkrai|Dark Pulse|p2a: Across The Sea
|-supereffective|p2a: Across The Sea
|-damage|p2a: Across The Sea|0 fnt
|faint|p2a: Across The Sea
|
|-weather|Snowscape|[upkeep]
|upkeep
|
|t:|1776036630
|switch|p2a: The Good Life|Ninetales-Alola, F|100/100
|-heal|p2a: The Good Life|100/100|[from] move: Lunar Dance
|turn|31
|
|t:|1776036633
|move|p1a: Darkrai|Nasty Plot|p1a: Darkrai
|-boost|p1a: Darkrai|spa|2
|move|p2a: The Good Life|Aurora Veil|p2a: The Good Life
|-sidestart|p2: brogre35|move: Aurora Veil
|
|-weather|Snowscape|[upkeep]
|upkeep
|turn|32
|
|t:|1776036635
|move|p1a: Darkrai|Psyshock|p2a: The Good Life
|-damage|p2a: The Good Life|75/100
|move|p2a: The Good Life|Encore|p1a: Darkrai
|-start|p1a: Darkrai|Encore
|
|-weather|none
|upkeep
|turn|33
|
|t:|1776036639
|move|p1a: Darkrai|Psyshock|p2a: The Good Life
|-damage|p2a: The Good Life|40/100
|move|p2a: The Good Life|Moonblast|p1a: Darkrai
|-supereffective|p1a: Darkrai
|-crit|p1a: Darkrai
|-damage|p1a: Darkrai|0 fnt
|faint|p1a: Darkrai
|
|upkeep
|
|t:|1776036643
|switch|p1a: Zamazenta|Zamazenta|100/100
|turn|34
|
|t:|1776036648
|move|p1a: Zamazenta|Iron Defense|p1a: Zamazenta
|-boost|p1a: Zamazenta|def|2
|move|p2a: The Good Life|Encore|p1a: Zamazenta
|-start|p1a: Zamazenta|Encore
|
|upkeep
|turn|35
|-message|GreninjaMyFav forfeited.
|
|win|brogre35
|raw|GreninjaMyFav's rating: 1653 &rarr; <strong>1634</strong><br />(-19 for losing)
|raw|brogre35's rating: 1676 &rarr; <strong>1695</strong><br />(+19 for winning)
|l|☆GreninjaMyFav
|player|p1|
|l|☆brogre35
|player|p2|
|l| MisfortuneSeven
