|html|<div class="broadcast-blue"><strong>[Gen 9] OU is currently suspecting Volcarona! For information on how to participate check out the <a href="https://www.smogon.com/tools/suspects/view/208">suspect thread</a>.</strong></div>
|j|☆regalecidae
|j|☆S7unn3R
|t:|1778511595
|gametype|singles
|player|p1|regalecidae|policeman-gen4|1048
|player|p2|S7unn3R|cliff|1045
|gen|9
|tier|[Gen 9] OU
|rated|
|rule|HP Percentage Mod: HP is shown in percentages
|rule|Endless Battle Clause: Forcing endless battles is banned
|rule|Species Clause: Limit one of each Pokémon
|rule|OHKO Clause: OHKO moves are banned
|rule|Evasion Items Clause: Evasion items are banned
|rule|Evasion Moves Clause: Evasion moves are banned
|rule|Evasion Abilities Clause: Evasion abilities are banned
|rule|Sleep Moves Clause: Sleep-inducing moves are banned
|clearpoke
|poke|p1|Corviknight, M|
|poke|p1|Pecharunt|
|poke|p1|Primarina, F|
|poke|p1|Gliscor, F|
|poke|p1|Slither Wing|
|poke|p1|Kyurem|
|poke|p2|Floatzel, M|
|poke|p2|Volcarona, M|
|poke|p2|Kingambit, M|
|poke|p2|Pelipper, M|
|poke|p2|Iron Treads|
|poke|p2|Raging Bolt|
|teampreview
|
|t:|1778511613
|teamsize|p1|6
|teamsize|p2|6
|start
|switch|p1a: Gliscor|Gliscor, F|100/100
|switch|p2a: Raging Bolt|Raging Bolt|100/100
|turn|1
|
|t:|1778511621
|-end|p2a: Raging Bolt|Protosynthesis|[silent]
|switch|p2a: Pelipper|Pelipper, M, shiny|100/100
|-weather|RainDance|[from] ability: Drizzle|[of] p2a: Pelipper
|move|p1a: Gliscor|Toxic|p2a: Pelipper
|-status|p2a: Pelipper|tox
|
|-weather|RainDance|[upkeep]
|-damage|p2a: Pelipper|94/100 tox|[from] psn
|-status|p1a: Gliscor|tox|[from] item: Toxic Orb
|upkeep
|turn|2
|
|t:|1778511635
|move|p1a: Gliscor|Protect|p1a: Gliscor
|-singleturn|p1a: Gliscor|Protect
|move|p2a: Pelipper|Weather Ball|p1a: Gliscor
|-activate|p1a: Gliscor|move: Protect
|
|-weather|RainDance|[upkeep]
|-damage|p2a: Pelipper|82/100 tox|[from] psn
|upkeep
|turn|3
|
|t:|1778511655
|switch|p1a: Primarina|Primarina, F, shiny|100/100
|move|p2a: Pelipper|U-turn|p1a: Primarina
|-resisted|p1a: Primarina
|-damage|p1a: Primarina|95/100
|
|t:|1778511665
|switch|p2a: Raging Bolt|Raging Bolt|100/100|[from] U-turn
|
|-weather|RainDance|[upkeep]
|upkeep
|turn|4
|
|t:|1778511675
|move|p2a: Raging Bolt|Thunder|p1a: Primarina
|-supereffective|p1a: Primarina
|-damage|p1a: Primarina|0 fnt
|faint|p1a: Primarina
|
|-weather|RainDance|[upkeep]
|upkeep
|
|t:|1778511682
|switch|p1a: Gliscor|Gliscor, F|100/100 tox
|turn|5
|
|t:|1778511691
|move|p1a: Gliscor|Stealth Rock|p2a: Raging Bolt
|-sidestart|p2: S7unn3R|move: Stealth Rock
|move|p2a: Raging Bolt|Weather Ball|p1a: Gliscor
|-supereffective|p1a: Gliscor
|-damage|p1a: Gliscor|0 fnt
|faint|p1a: Gliscor
|
|-weather|RainDance|[upkeep]
|upkeep
|
|t:|1778511700
|switch|p1a: Pecharunt|Pecharunt|100/100
|turn|6
|
|t:|1778511705
|-end|p2a: Raging Bolt|Protosynthesis|[silent]
|switch|p2a: Iron Treads|Iron Treads, shiny|100/100
|-damage|p2a: Iron Treads|97/100|[from] Stealth Rock
|-enditem|p2a: Iron Treads|Booster Energy
|-activate|p2a: Iron Treads|ability: Quark Drive|[fromitem]
|-start|p2a: Iron Treads|quarkdrivespe
|move|p1a: Pecharunt|Nasty Plot|p1a: Pecharunt
|-boost|p1a: Pecharunt|spa|2
|
|-weather|RainDance|[upkeep]
|upkeep
|turn|7
|
|t:|1778511719
|-terastallize|p1a: Pecharunt|Flying
|move|p2a: Iron Treads|Stealth Rock|p1a: Pecharunt
|-sidestart|p1: regalecidae|move: Stealth Rock
|move|p1a: Pecharunt|Shadow Ball|p2a: Iron Treads
|-damage|p2a: Iron Treads|33/100
|
|-weather|RainDance|[upkeep]
|-damage|p1a: Pecharunt|88/100|[from] item: Black Sludge
|upkeep
|turn|8
|-message|regalecidae forfeited.
|
|win|S7unn3R
|raw|regalecidae's rating: 1048 &rarr; <strong>1031</strong><br />(-17 for losing)
|raw|S7unn3R's rating: 1045 &rarr; <strong>1079</strong><br />(+34 for winning)
|l|☆regalecidae
|player|p1|
