|html|<div class="broadcast-blue"><strong>[Gen 9] OU is currently suspecting Tera Blast! For information on how to participate check out the <a href="https://www.smogon.com/tools/suspects/view/200">suspect thread</a>.</strong></div>
|j|☆spookyaudrey
|j|☆fipinyo
|t:|1776222443
|gametype|singles
|player|p1|spookyaudrey|clown|1180
|player|p2|fipinyo|2|1162
|gen|9
|tier|[Gen 9] OU
|rated|
|rule|HP Percentage Mod: HP is shown in percentages
|rule|Endless Battle Clause: Forcing endless battles is banned
|rule|Species Clause: Limit one of each Pokémon
|rule|OHKO Clause: OHKO moves are banned
|rule|Evasion Items Clause: Evasion items are banned
|rule|Evasion Moves Clause: Evasion moves are banned
|rule|Evasion Abilities Clause: Evasion abilities are banned
|rule|Sleep Moves Clause: Sleep-inducing moves are banned
|clearpoke
|poke|p1|Overqwil, F|
|poke|p1|Lapras, F|
|poke|p1|Moltres|
|poke|p1|Electrode-Hisui|
|poke|p1|Swampert, F|
|poke|p1|Malamar, F|
|poke|p2|Bisharp, M|
|poke|p2|Swampert, F|
|poke|p2|Ribombee, M|
|poke|p2|Talonflame, M|
|poke|p2|Dachsbun, F|
|poke|p2|Hydreigon, F|
|teampreview
|inactive|Battle timer is ON: inactive players will automatically lose when time's up. (requested by spookyaudrey)
|
|t:|1776222449
|teamsize|p1|6
|teamsize|p2|6
|start
|switch|p1a: Electrode|Electrode-Hisui|100/100
|switch|p2a: Swampert|Swampert, F, shiny|100/100
|turn|1
|
|t:|1776222473
|switch|p2a: Bisharp|Bisharp, M|100/100
|move|p1a: Electrode|Energy Ball|p2a: Bisharp
|-resisted|p2a: Bisharp
|-damage|p2a: Bisharp|82/100
|
|upkeep
|turn|2
|
|t:|1776222479
|move|p1a: Electrode|Taunt|p2a: Bisharp
|-start|p2a: Bisharp|move: Taunt
|cant|p2a: Bisharp|move: Taunt|Swords Dance
|
|upkeep
|turn|3
|
|t:|1776222485
|move|p1a: Electrode|Rain Dance|p1a: Electrode
|-weather|RainDance
|move|p2a: Bisharp|Throat Chop|p1a: Electrode
|-damage|p1a: Electrode|22/100
|-start|p1a: Electrode|Throat Chop|[silent]
|-status|p2a: Bisharp|par|[from] ability: Static|[of] p1a: Electrode
|
|-weather|RainDance|[upkeep]
|upkeep
|turn|4
|
|t:|1776222489
|move|p2a: Bisharp|Sucker Punch|p1a: Electrode
|-damage|p1a: Electrode|0 fnt
|faint|p1a: Electrode
|
|-weather|RainDance|[upkeep]
|-end|p2a: Bisharp|move: Taunt
|upkeep
|
|t:|1776222496
|switch|p1a: Malamar|Malamar, F|100/100
|turn|5
|
|t:|1776222503
|move|p1a: Malamar|Superpower|p2a: Bisharp
|-supereffective|p2a: Bisharp
|-damage|p2a: Bisharp|0 fnt
|-boost|p1a: Malamar|atk|1
|-boost|p1a: Malamar|def|1
|faint|p2a: Bisharp
|
|-weather|RainDance|[upkeep]
|upkeep
|
|t:|1776222511
|switch|p2a: Ribombee|Ribombee, M|100/100
|turn|6
|
|t:|1776222516
|move|p2a: Ribombee|Quiver Dance|p2a: Ribombee
|-boost|p2a: Ribombee|spa|1
|-boost|p2a: Ribombee|spd|1
|-boost|p2a: Ribombee|spe|1
|move|p1a: Malamar|Liquidation|p2a: Ribombee
|-enditem|p2a: Ribombee|Focus Sash
|-damage|p2a: Ribombee|1/100
|
|-weather|RainDance|[upkeep]
|upkeep
|turn|7
|
|t:|1776222530
|-terastallize|p1a: Malamar|Ghost
|move|p2a: Ribombee|Bug Buzz|p1a: Malamar
|-resisted|p1a: Malamar
|-damage|p1a: Malamar|68/100
|move|p1a: Malamar|Superpower|p2a: Ribombee
|-resisted|p2a: Ribombee
|-damage|p2a: Ribombee|0 fnt
|-boost|p1a: Malamar|atk|1
|-boost|p1a: Malamar|def|1
|faint|p2a: Ribombee
|
|-weather|RainDance|[upkeep]
|upkeep
|
|t:|1776222536
|switch|p2a: Hydreigon|Hydreigon, F|100/100
|turn|8
|
|t:|1776222539
|move|p2a: Hydreigon|Dark Pulse|p1a: Malamar
|-supereffective|p1a: Malamar
|-damage|p1a: Malamar|0 fnt
|faint|p1a: Malamar
|
|-weather|RainDance|[upkeep]
|upkeep
|
|t:|1776222545
|switch|p1a: Overqwil|Overqwil, F|100/100
|turn|9
|
|t:|1776222550
|switch|p2a: Swampert|Swampert, F, shiny|100/100
|move|p1a: Overqwil|Waterfall|p2a: Swampert
|-damage|p2a: Swampert|60/100
|
|-weather|RainDance|[upkeep]
|-heal|p2a: Swampert|66/100|[from] item: Leftovers
|upkeep
|turn|10
|
|t:|1776222558
|switch|p1a: Moltres|Moltres|100/100
|move|p2a: Swampert|Knock Off|p1a: Moltres
|-damage|p1a: Moltres|60/100
|-status|p2a: Swampert|brn|[from] ability: Flame Body|[of] p1a: Moltres
|-enditem|p1a: Moltres|Heavy-Duty Boots|[from] move: Knock Off|[of] p2a: Swampert
|
|-weather|none
|-heal|p2a: Swampert|72/100 brn|[from] item: Leftovers
|-damage|p2a: Swampert|66/100 brn|[from] brn
|upkeep
|turn|11
|
|t:|1776222567
|move|p1a: Moltres|U-turn|p2a: Swampert
|-damage|p2a: Swampert|52/100 brn
|
|t:|1776222570
|switch|p1a: Lapras|Lapras, F, shiny|100/100|[from] U-turn
|move|p2a: Swampert|Stealth Rock|p1a: Lapras
|-sidestart|p1: spookyaudrey|move: Stealth Rock
|
|-heal|p2a: Swampert|58/100 brn|[from] item: Leftovers
|-damage|p2a: Swampert|52/100 brn|[from] brn
|upkeep
|turn|12
|
|t:|1776222576
|move|p2a: Swampert|Knock Off|p1a: Lapras
|-damage|p1a: Lapras|85/100
|-enditem|p1a: Lapras|Assault Vest|[from] move: Knock Off|[of] p2a: Swampert
|move|p1a: Lapras|Freeze-Dry|p2a: Swampert
|-supereffective|p2a: Swampert
|-damage|p2a: Swampert|0 fnt
|faint|p2a: Swampert
|
|upkeep
|
|t:|1776222589
|switch|p2a: Hydreigon|Hydreigon, F|100/100
|turn|13
|
|t:|1776222593
|-terastallize|p2a: Hydreigon|Dragon
|move|p2a: Hydreigon|Draco Meteor|p1a: Lapras
|-damage|p1a: Lapras|0 fnt
|-unboost|p2a: Hydreigon|spa|2
|faint|p1a: Lapras
|
|upkeep
|
|t:|1776222599
|switch|p1a: Overqwil|Overqwil, F|100/100
|-damage|p1a: Overqwil|88/100|[from] Stealth Rock
|turn|14
|
|t:|1776222603
|move|p2a: Hydreigon|Draco Meteor|p1a: Overqwil
|-damage|p1a: Overqwil|0 fnt
|-unboost|p2a: Hydreigon|spa|2
|faint|p1a: Overqwil
|
|upkeep
|
|t:|1776222606
|switch|p1a: Moltres|Moltres|60/100
|-damage|p1a: Moltres|10/100|[from] Stealth Rock
|turn|15
|
|t:|1776222611
|move|p2a: Hydreigon|Draco Meteor|p1a: Moltres
|-damage|p1a: Moltres|0 fnt
|-unboost|p2a: Hydreigon|spa|2
|faint|p1a: Moltres
|
|upkeep
|-message|spookyaudrey forfeited.
|
|win|fipinyo
|raw|spookyaudrey's rating: 1180 &rarr; <strong>1154</strong><br />(-26 for losing)
|raw|fipinyo's rating: 1162 &rarr; <strong>1188</strong><br />(+26 for winning)
|l|☆spookyaudrey
|player|p1|
