|html|<div class="broadcast-blue"><strong>[Gen 9] OU is currently suspecting Tera Blast! For information on how to participate check out the <a href="https://www.smogon.com/tools/suspects/view/200">suspect thread</a>.</strong></div>
|j|☆Rubyboi711
|j|☆FakeAndrew2007
|t:|1776302724
|gametype|singles
|player|p1|Rubyboi711|volkner|1169
|player|p2|FakeAndrew2007|2|1109
|gen|9
|tier|[Gen 9] OU
|rated|
|rule|HP Percentage Mod: HP is shown in percentages
|rule|Endless Battle Clause: Forcing endless battles is banned
|rule|Species Clause: Limit one of each Pokémon
|rule|OHKO Clause: OHKO moves are banned
|rule|Evasion Items Clause: Evasion items are banned
|rule|Evasion Moves Clause: Evasion moves are banned
|rule|Evasion Abilities Clause: Evasion abilities are banned
|rule|Sleep Moves Clause: Sleep-inducing moves are banned
|clearpoke
|poke|p1|Sawsbuck-Winter, F|
|poke|p1|Ursaluna, F|
|poke|p1|Iron Moth|
|poke|p1|Kingambit, F|
|poke|p1|Hoopa-Unbound|
|poke|p1|Araquanid, F|
|poke|p2|Garchomp, M|
|poke|p2|Dragapult, F|
|poke|p2|Cinderace, M|
|poke|p2|Scizor, M|
|poke|p2|Iron Valiant|
|poke|p2|Gholdengo|
|teampreview
|inactive|Battle timer is ON: inactive players will automatically lose when time's up. (requested by Rubyboi711)
|
|t:|1776302739
|teamsize|p1|6
|teamsize|p2|6
|start
|switch|p1a: Araquanid|Araquanid, F|100/100
|switch|p2a: Garchomp|Garchomp, M|100/100
|turn|1
|
|t:|1776302744
|move|p2a: Garchomp|Stealth Rock|p1a: Araquanid
|-sidestart|p1: Rubyboi711|move: Stealth Rock
|move|p1a: Araquanid|Sticky Web|p2a: Garchomp
|-sidestart|p2: FakeAndrew2007|move: Sticky Web
|
|upkeep
|turn|2
|
|t:|1776302757
|move|p2a: Garchomp|Dragon Claw|p1a: Araquanid
|-damage|p1a: Araquanid|52/100
|move|p1a: Araquanid|Liquidation|p2a: Garchomp
|-damage|p2a: Garchomp|26/100
|-damage|p1a: Araquanid|40/100|[from] ability: Rough Skin|[of] p2a: Garchomp
|
|upkeep
|turn|3
|
|t:|1776302769
|switch|p1a: Ursaluna|Ursaluna, F, shiny|100/100
|-damage|p1a: Ursaluna|94/100|[from] Stealth Rock
|move|p2a: Garchomp|Dragon Claw|p1a: Ursaluna
|-damage|p1a: Ursaluna|58/100
|
|-status|p1a: Ursaluna|brn|[from] item: Flame Orb
|upkeep
|turn|4
|
|t:|1776302777
|move|p2a: Garchomp|Earthquake|p1a: Ursaluna
|-damage|p1a: Ursaluna|13/100 brn
|move|p1a: Ursaluna|Trailblaze|p2a: Garchomp
|-damage|p2a: Garchomp|1/100
|-boost|p1a: Ursaluna|spe|1
|-damage|p1a: Ursaluna|1/100 brn|[from] ability: Rough Skin|[of] p2a: Garchomp
|
|-damage|p1a: Ursaluna|0 fnt|[from] brn
|faint|p1a: Ursaluna
|upkeep
|
|t:|1776302795
|switch|p1a: Sawsgoat|Sawsbuck-Winter, F, shiny|100/100
|-damage|p1a: Sawsgoat|88/100|[from] Stealth Rock
|turn|5
|
|t:|1776302804
|move|p2a: Garchomp|Dragon Claw|p1a: Sawsgoat
|-damage|p1a: Sawsgoat|23/100
|move|p1a: Sawsgoat|Horn Leech|p2a: Garchomp
|-damage|p2a: Garchomp|0 fnt
|-heal|p1a: Sawsgoat|23/100|[from] drain|[of] p2a: Garchomp
|-damage|p1a: Sawsgoat|11/100|[from] ability: Rough Skin|[of] p2a: Garchomp
|faint|p2a: Garchomp
|
|-heal|p1a: Sawsgoat|17/100|[from] item: Leftovers
|upkeep
|
|t:|1776302816
|switch|p2a: Scizor|Scizor, M|100/100
|-activate|p2a: Scizor|move: Sticky Web
|-unboost|p2a: Scizor|spe|1
|turn|6
|
|t:|1776302820
|move|p2a: Scizor|Bullet Punch|p1a: Sawsgoat
|-damage|p1a: Sawsgoat|0 fnt
|faint|p1a: Sawsgoat
|-damage|p2a: Scizor|91/100|[from] item: Life Orb
|
|upkeep
|
|t:|1776302822
|switch|p1a: Iron Moth|Iron Moth, shiny|100/100
|-damage|p1a: Iron Moth|76/100|[from] Stealth Rock
|-enditem|p1a: Iron Moth|Booster Energy
|-activate|p1a: Iron Moth|ability: Quark Drive|[fromitem]
|-start|p1a: Iron Moth|quarkdrivespa
|turn|7
|
|t:|1776302840
|move|p1a: Iron Moth|Fiery Dance|p2a: Scizor
|-supereffective|p2a: Scizor
|-damage|p2a: Scizor|0 fnt
|faint|p2a: Scizor
|
|upkeep
|inactive|FakeAndrew2007 has 120 seconds left.
|
|t:|1776302861
|switch|p2a: Dragapult|Dragapult, F|100/100
|-activate|p2a: Dragapult|move: Sticky Web
|-unboost|p2a: Dragapult|spe|1
|turn|8
|inactive|FakeAndrew2007 has 120 seconds left.
|
|t:|1776302876
|move|p1a: Iron Moth|Dazzling Gleam|p2a: Dragapult
|-supereffective|p2a: Dragapult
|-damage|p2a: Dragapult|0 fnt
|faint|p2a: Dragapult
|
|upkeep
|
|t:|1776302888
|switch|p2a: Gholdengo|Gholdengo|100/100
|-activate|p2a: Gholdengo|move: Sticky Web
|-unboost|p2a: Gholdengo|spe|1
|turn|9
|
|t:|1776302901
|move|p1a: Iron Moth|Fiery Dance|p2a: Gholdengo
|-supereffective|p2a: Gholdengo
|-damage|p2a: Gholdengo|0 fnt
|faint|p2a: Gholdengo
|
|upkeep
|
|t:|1776302911
|switch|p2a: Cinderace|Cinderace, M|100/100
|turn|10
|
|t:|1776302918
|move|p2a: Cinderace|Sucker Punch|p1a: Iron Moth
|-start|p2a: Cinderace|typechange|Dark|[from] ability: Libero
|-damage|p1a: Iron Moth|22/100
|move|p1a: Iron Moth|Sludge Wave|p2a: Cinderace
|-damage|p2a: Cinderace|1/100
|
|upkeep
|turn|11
|inactive|FakeAndrew2007 has 120 seconds left.
|
|t:|1776302925
|move|p2a: Cinderace|Sucker Punch|p1a: Iron Moth
|-damage|p1a: Iron Moth|0 fnt
|faint|p1a: Iron Moth
|-end|p1a: Iron Moth|Quark Drive|[silent]
|
|upkeep
|
|t:|1776302930
|switch|p1a: Hoopa|Hoopa-Unbound|100/100
|-damage|p1a: Hoopa|88/100|[from] Stealth Rock
|turn|12
|
|t:|1776302939
|move|p2a: Cinderace|U-turn|p1a: Hoopa
|-supereffective|p1a: Hoopa
|-damage|p1a: Hoopa|0 fnt
|faint|p1a: Hoopa
|
|t:|1776302943
|switch|p2a: Iron Valiant|Iron Valiant|100/100|[from] U-turn
|-activate|p2a: Iron Valiant|move: Sticky Web
|-unboost|p2a: Iron Valiant|spe|1
|
|upkeep
|
|t:|1776302950
|switch|p1a: Araquanid|Araquanid, F|40/100
|-damage|p1a: Araquanid|15/100|[from] Stealth Rock
|turn|13
|
|t:|1776302955
|move|p2a: Iron Valiant|Thunderbolt|p1a: Araquanid
|-supereffective|p1a: Araquanid
|-damage|p1a: Araquanid|0 fnt
|faint|p1a: Araquanid
|-damage|p2a: Iron Valiant|90/100|[from] item: Life Orb
|
|upkeep
|
|t:|1776302976
|switch|p1a: Kingambit|Kingambit, F, shiny|100/100
|-damage|p1a: Kingambit|94/100|[from] Stealth Rock
|-activate|p1a: Kingambit|ability: Supreme Overlord
|-start|p1a: Kingambit|fallen5|[silent]
|-item|p1a: Kingambit|Air Balloon
|turn|14
|
|t:|1776302992
|-terastallize|p1a: Kingambit|Fairy
|move|p2a: Iron Valiant|Close Combat|p1a: Kingambit
|-resisted|p1a: Kingambit
|-damage|p1a: Kingambit|69/100
|-unboost|p2a: Iron Valiant|def|1
|-unboost|p2a: Iron Valiant|spd|1
|-enditem|p1a: Kingambit|Air Balloon
|-damage|p2a: Iron Valiant|80/100|[from] item: Life Orb
|move|p1a: Kingambit|Iron Head|p2a: Iron Valiant
|-supereffective|p2a: Iron Valiant
|-damage|p2a: Iron Valiant|0 fnt
|faint|p2a: Iron Valiant
|-end|p2a: Iron Valiant|Quark Drive|[silent]
|
|upkeep
|
|t:|1776303005
|switch|p2a: Cinderace|Cinderace, M|1/100
|turn|15
|
|t:|1776303012
|move|p2a: Cinderace|Sucker Punch|p1a: Kingambit
|-start|p2a: Cinderace|typechange|Dark|[from] ability: Libero
|-resisted|p1a: Kingambit
|-damage|p1a: Kingambit|57/100
|move|p1a: Kingambit|Kowtow Cleave|p2a: Cinderace
|-resisted|p2a: Cinderace
|-damage|p2a: Cinderace|0 fnt
|faint|p2a: Cinderace
|
|win|Rubyboi711
|raw|Rubyboi711's rating: 1169 &rarr; <strong>1190</strong><br />(+21 for winning)
|raw|FakeAndrew2007's rating: 1109 &rarr; <strong>1088</strong><br />(-21 for losing)
