|html|<div class="broadcast-blue"><strong>[Gen 9] OU is currently suspecting Tera Blast! For information on how to participate check out the <a href="https://www.smogon.com/tools/suspects/view/200">suspect thread</a>.</strong></div>
|j|☆Piglin King
|j|☆Wkkzkabsbssb
|t:|1776264673
|gametype|singles
|player|p1|Piglin King|ethan|1045
|player|p2|Wkkzkabsbssb|265|1000
|gen|9
|tier|[Gen 9] OU
|rated|
|rule|HP Percentage Mod: HP is shown in percentages
|rule|Endless Battle Clause: Forcing endless battles is banned
|rule|Species Clause: Limit one of each Pokémon
|rule|OHKO Clause: OHKO moves are banned
|rule|Evasion Items Clause: Evasion items are banned
|rule|Evasion Moves Clause: Evasion moves are banned
|rule|Evasion Abilities Clause: Evasion abilities are banned
|rule|Sleep Moves Clause: Sleep-inducing moves are banned
|clearpoke
|poke|p1|Vaporeon, M|
|poke|p1|Jolteon, M|
|poke|p1|Umbreon, F|
|poke|p1|Sylveon, F|
|poke|p1|Espeon, M|
|poke|p1|Flareon, M|
|poke|p2|Deoxys-Speed|
|poke|p2|Glimmora, F|
|poke|p2|Dragonite, M|
|poke|p2|Ceruledge, M|
|poke|p2|Zamazenta-*|
|poke|p2|Darkrai|
|teampreview
|inactive|Battle timer is ON: inactive players will automatically lose when time's up. (requested by Piglin King)
|
|t:|1776264681
|teamsize|p1|6
|teamsize|p2|6
|start
|switch|p1a: Sylveon|Sylveon, F|100/100
|switch|p2a: Deoxys|Deoxys-Speed|100/100
|-ability|p2a: Deoxys|Pressure
|turn|1
|
|t:|1776264692
|move|p2a: Deoxys|Reflect|p2a: Deoxys
|-sidestart|p2: Wkkzkabsbssb|Reflect
|move|p1a: Sylveon|Calm Mind|p1a: Sylveon
|-boost|p1a: Sylveon|spa|1
|-boost|p1a: Sylveon|spd|1
|
|upkeep
|turn|2
|
|t:|1776264699
|move|p2a: Deoxys|Light Screen|p2a: Deoxys
|-sidestart|p2: Wkkzkabsbssb|move: Light Screen
|move|p1a: Sylveon|Substitute|p1a: Sylveon
|-start|p1a: Sylveon|Substitute
|-damage|p1a: Sylveon|76/100
|
|upkeep
|turn|3
|
|t:|1776264709
|move|p2a: Deoxys|Psycho Boost|p1a: Sylveon
|-end|p1a: Sylveon|Substitute
|-unboost|p2a: Deoxys|spa|2
|move|p1a: Sylveon|Hyper Voice|p2a: Deoxys
|-damage|p2a: Deoxys|53/100
|
|upkeep
|turn|4
|
|t:|1776264717
|move|p2a: Deoxys|Taunt|p1a: Sylveon
|-start|p1a: Sylveon|move: Taunt
|move|p1a: Sylveon|Hyper Voice|p2a: Deoxys
|-damage|p2a: Deoxys|10/100
|
|upkeep
|turn|5
|
|t:|1776264726
|move|p2a: Deoxys|Psycho Boost|p1a: Sylveon
|-damage|p1a: Sylveon|64/100
|-unboost|p2a: Deoxys|spa|2
|move|p1a: Sylveon|Draining Kiss|p2a: Deoxys
|-damage|p2a: Deoxys|0 fnt
|-heal|p1a: Sylveon|70/100|[from] drain|[of] p2a: Deoxys
|faint|p2a: Deoxys
|
|upkeep
|
|t:|1776264732
|switch|p2a: Dragonite|Dragonite, M|100/100
|turn|6
|
|t:|1776264739
|move|p2a: Dragonite|Dragon Dance|p2a: Dragonite
|-boost|p2a: Dragonite|atk|1
|-boost|p2a: Dragonite|spe|1
|move|p1a: Sylveon|Hyper Voice|p2a: Dragonite
|-supereffective|p2a: Dragonite
|-damage|p2a: Dragonite|59/100
|-enditem|p2a: Dragonite|Weakness Policy
|-boost|p2a: Dragonite|atk|2|[from] item: Weakness Policy
|-boost|p2a: Dragonite|spa|2|[from] item: Weakness Policy
|
|-end|p1a: Sylveon|move: Taunt
|upkeep
|turn|7
|
|t:|1776264760
|move|p2a: Dragonite|Ice Spinner|p1a: Sylveon
|-damage|p1a: Sylveon|0 fnt
|faint|p1a: Sylveon
|
|upkeep
|
|t:|1776264769
|switch|p1a: Vaporeon|Vaporeon, M|100/100
|turn|8
|
|t:|1776264775
|-terastallize|p2a: Dragonite|Electric
|move|p2a: Dragonite|Tera Blast|p1a: Vaporeon|[anim] Tera Blast Electric
|-supereffective|p1a: Vaporeon
|-damage|p1a: Vaporeon|0 fnt
|faint|p1a: Vaporeon
|
|-sideend|p2: Wkkzkabsbssb|Reflect
|upkeep
|
|t:|1776264786
|switch|p1a: Jolteon|Jolteon, M|100/100
|-item|p1a: Jolteon|Air Balloon
|turn|9
|
|t:|1776264795
|move|p2a: Dragonite|Roost|p2a: Dragonite
|-heal|p2a: Dragonite|100/100
|move|p1a: Jolteon|Calm Mind|p1a: Jolteon
|-boost|p1a: Jolteon|spa|1
|-boost|p1a: Jolteon|spd|1
|
|-sideend|p2: Wkkzkabsbssb|move: Light Screen
|upkeep
|turn|10
|
|t:|1776264804
|move|p2a: Dragonite|Dragon Dance|p2a: Dragonite
|-boost|p2a: Dragonite|atk|1
|-boost|p2a: Dragonite|spe|1
|move|p1a: Jolteon|Discharge|p2a: Dragonite
|-resisted|p2a: Dragonite
|-damage|p2a: Dragonite|86/100
|
|upkeep
|turn|11
|
|t:|1776264815
|move|p2a: Dragonite|Ice Spinner|p1a: Jolteon
|-damage|p1a: Jolteon|0 fnt
|-enditem|p1a: Jolteon|Air Balloon
|faint|p1a: Jolteon
|
|upkeep
|
|t:|1776264832
|switch|p1a: Flareon|Flareon, M|100/100
|turn|12
|
|t:|1776264836
|move|p1a: Flareon|Protect|p1a: Flareon
|-singleturn|p1a: Flareon|Protect
|move|p2a: Dragonite|Tera Blast|p1a: Flareon|[anim] Tera Blast Electric
|-activate|p1a: Flareon|move: Protect
|
|upkeep
|turn|13
|
|t:|1776264846
|move|p2a: Dragonite|Tera Blast|p1a: Flareon|[anim] Tera Blast Electric
|-damage|p1a: Flareon|0 fnt
|faint|p1a: Flareon
|
|upkeep
|
|t:|1776264850
|switch|p1a: Espeon|Espeon, M|100/100
|turn|14
|
|t:|1776264857
|move|p2a: Dragonite|Tera Blast|p1a: Espeon|[anim] Tera Blast Electric
|-damage|p1a: Espeon|0 fnt
|faint|p1a: Espeon
|
|upkeep
|
|t:|1776264860
|switch|p1a: Umbreon|Umbreon, F|100/100
|turn|15
|
|t:|1776264869
|move|p2a: Dragonite|Tera Blast|p1a: Umbreon|[anim] Tera Blast Electric
|-damage|p1a: Umbreon|4/100
|move|p1a: Umbreon|Toxic|p2a: Dragonite|[miss]
|-miss|p1a: Umbreon|p2a: Dragonite
|
|-heal|p1a: Umbreon|10/100|[from] item: Leftovers
|upkeep
|turn|16
|
|t:|1776264879
|move|p2a: Dragonite|Ice Spinner|p1a: Umbreon
|-damage|p1a: Umbreon|0 fnt
|faint|p1a: Umbreon
|
|win|Wkkzkabsbssb
|raw|Piglin King's rating: 1045 &rarr; <strong>1026</strong><br />(-19 for losing)
|raw|Wkkzkabsbssb's rating: 1000 &rarr; <strong>1045</strong><br />(+45 for winning)
|l|☆Piglin King
|player|p1|
