|html|<div class="broadcast-blue"><strong>[Gen 9] OU is currently suspecting Tera Blast! For information on how to participate check out the <a href="https://www.smogon.com/tools/suspects/view/200">suspect thread</a>.</strong></div>
|j|☆baxbaubciavd
|j|☆karnz8
|t:|1776270916
|gametype|singles
|player|p1|baxbaubciavd|265|1061
|player|p2|karnz8|169|1023
|gen|9
|tier|[Gen 9] OU
|rated|
|rule|HP Percentage Mod: HP is shown in percentages
|rule|Endless Battle Clause: Forcing endless battles is banned
|rule|Species Clause: Limit one of each Pokémon
|rule|OHKO Clause: OHKO moves are banned
|rule|Evasion Items Clause: Evasion items are banned
|rule|Evasion Moves Clause: Evasion moves are banned
|rule|Evasion Abilities Clause: Evasion abilities are banned
|rule|Sleep Moves Clause: Sleep-inducing moves are banned
|clearpoke
|poke|p1|Ceruledge, F|
|poke|p1|Corviknight, M|
|poke|p1|Garchomp, M|
|poke|p1|Lucario, F|
|poke|p1|Zoroark-Hisui, M|
|poke|p1|Greninja-*, M|
|poke|p2|Regidrago|
|poke|p2|Ceruledge, M|
|poke|p2|Gliscor, M|
|poke|p2|Ursaluna, F|
|poke|p2|Indeedee, M|
|poke|p2|Keldeo-Resolute|
|teampreview
|
|t:|1776270927
|teamsize|p1|6
|teamsize|p2|6
|start
|switch|p1a: Ceruledge|Ceruledge, F|100/100
|switch|p2a: Indeedee|Indeedee, M|100/100
|turn|1
|
|t:|1776270936
|move|p1a: Ceruledge|Swords Dance|p1a: Ceruledge
|-boost|p1a: Ceruledge|atk|2
|move|p2a: Indeedee|Trick Room|p2a: Indeedee
|-fieldstart|move: Trick Room|[of] p2a: Indeedee
|
|upkeep
|turn|2
|
|t:|1776270943
|switch|p2a: Ursaluna|Ursaluna, F|100/100
|move|p1a: Ceruledge|Swords Dance|p1a: Ceruledge
|-boost|p1a: Ceruledge|atk|2
|
|upkeep
|turn|3
|
|t:|1776270956
|move|p2a: Ursaluna|Headlong Rush|p1a: Ceruledge
|-supereffective|p1a: Ceruledge
|-enditem|p1a: Ceruledge|Focus Sash
|-damage|p1a: Ceruledge|1/100
|-unboost|p2a: Ursaluna|def|1
|-unboost|p2a: Ursaluna|spd|1
|-ability|p1a: Ceruledge|Weak Armor|boost
|-unboost|p1a: Ceruledge|def|1
|-boost|p1a: Ceruledge|spe|2
|move|p1a: Ceruledge|Close Combat|p2a: Ursaluna
|-supereffective|p2a: Ursaluna
|-damage|p2a: Ursaluna|0 fnt
|-unboost|p1a: Ceruledge|def|1
|-unboost|p1a: Ceruledge|spd|1
|faint|p2a: Ursaluna
|
|upkeep
|
|t:|1776270970
|switch|p2a: charlie kirk|Regidrago|100/100
|turn|4
|
|t:|1776270975
|move|p2a: charlie kirk|Dragon Claw|p1a: Ceruledge
|-damage|p1a: Ceruledge|0 fnt
|faint|p1a: Ceruledge
|
|upkeep
|
|t:|1776270983
|switch|p1a: Greninja|Greninja, M|100/100
|turn|5
|
|t:|1776270993
|-terastallize|p1a: Greninja|Fairy
|move|p2a: charlie kirk|Dragon Claw|p1a: Greninja
|-immune|p1a: Greninja
|move|p1a: Greninja|Ice Beam|p2a: charlie kirk
|-supereffective|p2a: charlie kirk
|-damage|p2a: charlie kirk|33/100
|
|-fieldend|move: Trick Room
|upkeep
|turn|6
|
|t:|1776271001
|move|p1a: Greninja|Ice Beam|p2a: charlie kirk
|-supereffective|p2a: charlie kirk
|-damage|p2a: charlie kirk|0 fnt
|faint|p2a: charlie kirk
|-ability|p1a: Greninja|Battle Bond|boost
|-boost|p1a: Greninja|atk|1
|-boost|p1a: Greninja|spa|1
|-boost|p1a: Greninja|spe|1
|-activate|p1a: Greninja|ability: Battle Bond
|
|upkeep
|
|t:|1776271005
|switch|p2a: GTA 6|Gliscor, M|100/100
|turn|7
|
|t:|1776271010
|move|p1a: Greninja|Ice Beam|p2a: GTA 6
|-supereffective|p2a: GTA 6
|-damage|p2a: GTA 6|0 fnt
|faint|p2a: GTA 6
|
|upkeep
|
|t:|1776271016
|switch|p2a: Keldeo|Keldeo-Resolute|100/100
|turn|8
|
|t:|1776271021
|move|p1a: Greninja|Ice Beam|p2a: Keldeo
|-resisted|p2a: Keldeo
|-damage|p2a: Keldeo|76/100
|move|p2a: Keldeo|Hydro Pump|p1a: Greninja
|-enditem|p1a: Greninja|Focus Sash
|-damage|p1a: Greninja|1/100
|
|upkeep
|turn|9
|
|t:|1776271030
|move|p1a: Greninja|Dark Pulse|p2a: Keldeo
|-resisted|p2a: Keldeo
|-damage|p2a: Keldeo|44/100
|-ability|p2a: Keldeo|Justified|boost
|-boost|p2a: Keldeo|atk|1
|move|p2a: Keldeo|Surf|p1a: Greninja
|-damage|p1a: Greninja|0 fnt
|faint|p1a: Greninja
|
|upkeep
|
|t:|1776271041
|switch|p1a: Corviknight|Corviknight, M|100/100
|turn|10
|inactive|Battle timer is ON: inactive players will automatically lose when time's up. (requested by karnz8)
|inactive|karnz8 has 120 seconds left.
|
|t:|1776271078
|move|p2a: Keldeo|Hydro Pump|p1a: Corviknight
|-damage|p1a: Corviknight|53/100
|move|p1a: Corviknight|Brave Bird|p2a: Keldeo
|-supereffective|p2a: Keldeo
|-damage|p2a: Keldeo|0 fnt
|faint|p2a: Keldeo
|-damage|p1a: Corviknight|40/100|[from] Recoil
|
|-heal|p1a: Corviknight|46/100|[from] item: Leftovers
|upkeep
|
|t:|1776271081
|switch|p2a: Indeedee|Indeedee, M|100/100
|turn|11
|
|t:|1776271092
|move|p2a: Indeedee|Drain Punch|p1a: Corviknight
|-damage|p1a: Corviknight|36/100
|move|p1a: Corviknight|Roost|p1a: Corviknight
|-heal|p1a: Corviknight|86/100
|-singleturn|p1a: Corviknight|move: Roost
|
|-heal|p1a: Corviknight|92/100|[from] item: Leftovers
|upkeep
|turn|12
|
|t:|1776271100
|move|p2a: Indeedee|Fake Out||[still]
|-hint|Fake Out only works on your first turn out.
|-fail|p2a: Indeedee
|move|p1a: Corviknight|Brave Bird|p2a: Indeedee
|-damage|p2a: Indeedee|20/100
|-damage|p1a: Corviknight|72/100|[from] Recoil
|
|-heal|p2a: Indeedee|26/100|[from] item: Leftovers
|-heal|p1a: Corviknight|78/100|[from] item: Leftovers
|upkeep
|turn|13
|
|t:|1776271109
|move|p2a: Indeedee|Drain Punch|p1a: Corviknight
|-damage|p1a: Corviknight|67/100
|-heal|p2a: Indeedee|33/100|[from] drain|[of] p1a: Corviknight
|move|p1a: Corviknight|Brave Bird|p2a: Indeedee
|-damage|p2a: Indeedee|0 fnt
|faint|p2a: Indeedee
|-damage|p1a: Corviknight|59/100|[from] Recoil
|
|-heal|p1a: Corviknight|65/100|[from] item: Leftovers
|upkeep
|
|t:|1776271114
|switch|p2a: Nger|Ceruledge, M|100/100
|turn|14
|
|t:|1776271121
|switch|p1a: Garchomp|Garchomp, M|100/100
|move|p2a: Nger|Swords Dance|p2a: Nger
|-boost|p2a: Nger|atk|2
|
|upkeep
|turn|15
|
|t:|1776271129
|move|p1a: Garchomp|Earthquake|p2a: Nger
|-supereffective|p2a: Nger
|-enditem|p2a: Nger|Focus Sash
|-damage|p2a: Nger|1/100
|-ability|p2a: Nger|Weak Armor|boost
|-unboost|p2a: Nger|def|1
|-boost|p2a: Nger|spe|2
|move|p2a: Nger|Poltergeist|p1a: Garchomp
|-activate|p1a: Garchomp|move: Poltergeist|Rocky Helmet
|-damage|p1a: Garchomp|0 fnt
|faint|p1a: Garchomp
|
|upkeep
|
|t:|1776271140
|switch|p1a: Lucario|Lucario, F|100/100
|turn|16
|
|t:|1776271147
|move|p2a: Nger|Poltergeist|p1a: Lucario
|-immune|p1a: Lucario
|move|p1a: Lucario|Bitter Malice|p2a: Nger
|-supereffective|p2a: Nger
|-damage|p2a: Nger|0 fnt
|faint|p2a: Nger
|
|win|baxbaubciavd
|raw|baxbaubciavd's rating: 1061 &rarr; <strong>1088</strong><br />(+27 for winning)
|raw|karnz8's rating: 1023 &rarr; <strong>1011</strong><br />(-12 for losing)
