|html|<div class="broadcast-blue"><strong>[Gen 9] OU is currently suspecting Tera Blast! For information on how to participate check out the <a href="https://www.smogon.com/tools/suspects/view/200">suspect thread</a>.</strong></div>
|j|☆TeraBlastGardevoir
|j|☆4axes
|t:|1776102088
|gametype|singles
|player|p1|TeraBlastGardevoir|giovanni|1448
|player|p2|4axes|170|1479
|gen|9
|tier|[Gen 9] OU
|rated|
|rule|HP Percentage Mod: HP is shown in percentages
|rule|Endless Battle Clause: Forcing endless battles is banned
|rule|Species Clause: Limit one of each Pokémon
|rule|OHKO Clause: OHKO moves are banned
|rule|Evasion Items Clause: Evasion items are banned
|rule|Evasion Moves Clause: Evasion moves are banned
|rule|Evasion Abilities Clause: Evasion abilities are banned
|rule|Sleep Moves Clause: Sleep-inducing moves are banned
|clearpoke
|poke|p1|Gardevoir, F|
|poke|p1|Rillaboom, F|
|poke|p1|Hawlucha, F|
|poke|p1|Iron Moth|
|poke|p1|Landorus-Therian, M|
|poke|p1|Kingambit, F|
|poke|p2|Zamazenta-*|
|poke|p2|Gliscor, F|
|poke|p2|Clodsire, F|
|poke|p2|Corviknight, M|
|poke|p2|Zapdos|
|poke|p2|Sinistcha|
|teampreview
|
|t:|1776102111
|teamsize|p1|6
|teamsize|p2|6
|start
|switch|p1a: Landorus|Landorus-Therian, M|100/100
|switch|p2a: Denial|Gliscor, F|100/100
|-ability|p1a: Landorus|Intimidate|boost
|-unboost|p2a: Denial|atk|1
|turn|1
|
|t:|1776102123
|move|p1a: Landorus|Stealth Rock|p2a: Denial
|-sidestart|p2: 4axes|move: Stealth Rock
|move|p2a: Denial|Spikes|p1a: Landorus
|-sidestart|p1: TeraBlastGardevoir|Spikes
|
|-status|p2a: Denial|tox|[from] item: Toxic Orb
|upkeep
|turn|2
|
|t:|1776102135
|move|p1a: Landorus|U-turn|p2a: Denial
|-resisted|p2a: Denial
|-damage|p2a: Denial|92/100 tox
|
|t:|1776102136
|switch|p1a: Rillaboom|Rillaboom, F|100/100|[from] U-turn
|-damage|p1a: Rillaboom|88/100|[from] Spikes
|-fieldstart|move: Grassy Terrain|[from] ability: Grassy Surge|[of] p1a: Rillaboom
|move|p2a: Denial|Knock Off|p1a: Rillaboom
|-damage|p1a: Rillaboom|74/100
|-enditem|p1a: Rillaboom|Assault Vest|[from] move: Knock Off|[of] p2a: Denial
|
|-heal|p1a: Rillaboom|80/100|[from] Grassy Terrain
|-heal|p2a: Denial|100/100 tox|[from] ability: Poison Heal
|upkeep
|turn|3
|
|t:|1776102155
|move|p2a: Denial|Protect|p2a: Denial
|-singleturn|p2a: Denial|Protect
|move|p1a: Rillaboom|Wood Hammer|p2a: Denial
|-activate|p2a: Denial|move: Protect
|
|-heal|p1a: Rillaboom|86/100|[from] Grassy Terrain
|upkeep
|turn|4
|
|t:|1776102162
|switch|p2a: ..and a Zapdos|Zapdos|100/100
|move|p1a: Rillaboom|Knock Off|p2a: ..and a Zapdos
|-damage|p2a: ..and a Zapdos|73/100
|-enditem|p2a: ..and a Zapdos|Heavy-Duty Boots|[from] move: Knock Off|[of] p1a: Rillaboom
|
|-heal|p1a: Rillaboom|92/100|[from] Grassy Terrain
|upkeep
|turn|5
|
|t:|1776102170
|switch|p1a: Landorus|Landorus-Therian, M|100/100
|-ability|p1a: Landorus|Intimidate|boost
|-unboost|p2a: ..and a Zapdos|atk|1
|move|p2a: ..and a Zapdos|Roost|p2a: ..and a Zapdos
|-heal|p2a: ..and a Zapdos|100/100
|-singleturn|p2a: ..and a Zapdos|move: Roost
|
|upkeep
|turn|6
|
|t:|1776102185
|move|p1a: Landorus|Stone Edge|p2a: ..and a Zapdos|[miss]
|-miss|p1a: Landorus|p2a: ..and a Zapdos
|move|p2a: ..and a Zapdos|Hurricane|p1a: Landorus
|-damage|p1a: Landorus|46/100
|
|-fieldend|move: Grassy Terrain
|upkeep
|turn|7
|
|t:|1776102189
|move|p1a: Landorus|Stone Edge|p2a: ..and a Zapdos
|-supereffective|p2a: ..and a Zapdos
|-damage|p2a: ..and a Zapdos|53/100
|move|p2a: ..and a Zapdos|Hurricane|p1a: Landorus
|-damage|p1a: Landorus|0 fnt
|faint|p1a: Landorus
|
|upkeep
|
|t:|1776102210
|switch|p1a: Dopamine Dorito|Iron Moth|100/100
|-damage|p1a: Dopamine Dorito|88/100|[from] Spikes
|-enditem|p1a: Dopamine Dorito|Booster Energy
|-activate|p1a: Dopamine Dorito|ability: Quark Drive|[fromitem]
|-start|p1a: Dopamine Dorito|quarkdrivespe
|turn|8
|
|t:|1776102218
|switch|p2a: Acceptance|Clodsire, F|100/100
|move|p1a: Dopamine Dorito|Fiery Dance|p2a: Acceptance
|-damage|p2a: Acceptance|78/100
|
|upkeep
|turn|9
|
|t:|1776102226
|-terastallize|p1a: Dopamine Dorito|Ground
|move|p1a: Dopamine Dorito|Tera Blast|p2a: Acceptance|[anim] Tera Blast Ground
|-supereffective|p2a: Acceptance
|-damage|p2a: Acceptance|35/100
|move|p2a: Acceptance|Stealth Rock|p1a: Dopamine Dorito
|-sidestart|p1: TeraBlastGardevoir|move: Stealth Rock
|
|upkeep
|turn|10
|
|t:|1776102234
|move|p1a: Dopamine Dorito|Tera Blast|p2a: Acceptance|[anim] Tera Blast Ground
|-supereffective|p2a: Acceptance
|-damage|p2a: Acceptance|0 fnt
|faint|p2a: Acceptance
|
|upkeep
|
|t:|1776102238
|switch|p2a: Denial|Gliscor, F|100/100 tox
|-damage|p2a: Denial|88/100 tox|[from] Stealth Rock
|turn|11
|
|t:|1776102244
|move|p2a: Denial|Protect|p2a: Denial
|-singleturn|p2a: Denial|Protect
|move|p1a: Dopamine Dorito|Fiery Dance|p2a: Denial
|-activate|p2a: Denial|move: Protect
|
|-heal|p2a: Denial|100/100 tox|[from] ability: Poison Heal
|upkeep
|turn|12
|
|t:|1776102247
|move|p1a: Dopamine Dorito|Fiery Dance|p2a: Denial
|-damage|p2a: Denial|69/100 tox
|move|p2a: Denial|Earthquake|p1a: Dopamine Dorito
|-damage|p1a: Dopamine Dorito|37/100
|
|-heal|p2a: Denial|81/100 tox|[from] ability: Poison Heal
|upkeep
|turn|13
|
|t:|1776102253
|move|p2a: Denial|Protect|p2a: Denial
|-singleturn|p2a: Denial|Protect
|move|p1a: Dopamine Dorito|Fiery Dance|p2a: Denial
|-activate|p2a: Denial|move: Protect
|
|-heal|p2a: Denial|94/100 tox|[from] ability: Poison Heal
|upkeep
|turn|14
|
|t:|1776102255
|move|p1a: Dopamine Dorito|Fiery Dance|p2a: Denial
|-damage|p2a: Denial|59/100 tox
|-boost|p1a: Dopamine Dorito|spa|1
|move|p2a: Denial|Earthquake|p1a: Dopamine Dorito
|-damage|p1a: Dopamine Dorito|0 fnt
|faint|p1a: Dopamine Dorito
|-end|p1a: Dopamine Dorito|Quark Drive|[silent]
|
|-heal|p2a: Denial|71/100 tox|[from] ability: Poison Heal
|upkeep
|inactive|Battle timer is ON: inactive players will automatically lose when time's up. (requested by 4axes)
|
|t:|1776102280
|switch|p1a: Rillaboom|Rillaboom, F|92/100
|-damage|p1a: Rillaboom|80/100|[from] Spikes
|-damage|p1a: Rillaboom|67/100|[from] Stealth Rock
|-fieldstart|move: Grassy Terrain|[from] ability: Grassy Surge|[of] p1a: Rillaboom
|turn|15
|
|t:|1776102294
|switch|p2a: Anger|Corviknight, M|100/100
|-damage|p2a: Anger|88/100|[from] Stealth Rock
|-ability|p2a: Anger|Pressure
|move|p1a: Rillaboom|U-turn|p2a: Anger
|-resisted|p2a: Anger
|-damage|p2a: Anger|83/100
|
|t:|1776102307
|switch|p1a: El Contrabandista|Hawlucha, F|100/100|[from] U-turn
|-damage|p1a: El Contrabandista|88/100|[from] Stealth Rock
|-enditem|p1a: El Contrabandista|Grassy Seed
|-boost|p1a: El Contrabandista|def|1|[from] item: Grassy Seed
|
|upkeep
|turn|16
|
|t:|1776102312
|move|p1a: El Contrabandista|Swords Dance|p1a: El Contrabandista
|-boost|p1a: El Contrabandista|atk|2
|move|p2a: Anger|Brave Bird|p1a: El Contrabandista
|-supereffective|p1a: El Contrabandista
|-damage|p1a: El Contrabandista|21/100
|-damage|p2a: Anger|66/100|[from] Recoil
|
|upkeep
|turn|17
|
|t:|1776102318
|move|p1a: El Contrabandista|Close Combat|p2a: Anger
|-damage|p2a: Anger|0 fnt
|-unboost|p1a: El Contrabandista|def|1
|-unboost|p1a: El Contrabandista|spd|1
|faint|p2a: Anger
|
|upkeep
|
|t:|1776102333
|switch|p2a: Depression|Sinistcha|100/100
|turn|18
|
|t:|1776102339
|-terastallize|p2a: Depression|Poison
|move|p1a: El Contrabandista|Acrobatics|p2a: Depression
|-damage|p2a: Depression|29/100
|move|p2a: Depression|Shadow Ball|p1a: El Contrabandista
|-damage|p1a: El Contrabandista|0 fnt
|faint|p1a: El Contrabandista
|
|-heal|p2a: Depression|35/100|[from] Grassy Terrain
|upkeep
|l|☆4axes
|inactive|4axes disconnected and has a minute to reconnect!
|player|p2|
|inactive|TeraBlastGardevoir has 120 seconds left.
|
|t:|1776102376
|switch|p1a: Kingambitch|Kingambit, F|100/100
|-damage|p1a: Kingambitch|88/100|[from] Spikes
|-damage|p1a: Kingambitch|82/100|[from] Stealth Rock
|-activate|p1a: Kingambitch|ability: Supreme Overlord
|-start|p1a: Kingambitch|fallen3|[silent]
|turn|19
|j|☆4axes
|inactive|4axes reconnected and has 140 seconds left.
|player|p2|4axes|170|
|inactive|4axes has 120 seconds left.
|
|t:|1776102413
|move|p2a: Depression|Strength Sap|p1a: Kingambitch
|-unboost|p1a: Kingambitch|atk|1
|-heal|p2a: Depression|100/100
|move|p1a: Kingambitch|Swords Dance|p1a: Kingambitch
|-boost|p1a: Kingambitch|atk|2
|
|-heal|p1a: Kingambitch|88/100|[from] Grassy Terrain
|-fieldend|move: Grassy Terrain
|upkeep
|turn|20
|inactive|4axes has 120 seconds left.
|
|t:|1776102424
|switch|p2a: ..and a Zapdos|Zapdos|53/100
|-damage|p2a: ..and a Zapdos|28/100|[from] Stealth Rock
|move|p1a: Kingambitch|Iron Head|p2a: ..and a Zapdos
|-resisted|p2a: ..and a Zapdos
|-damage|p2a: ..and a Zapdos|0 fnt
|-status|p1a: Kingambitch|par|[from] ability: Static|[of] p2a: ..and a Zapdos
|faint|p2a: ..and a Zapdos
|
|upkeep
|inactive|4axes has 120 seconds left.
|
|t:|1776102429
|switch|p2a: Bargaining|Zamazenta|100/100
|-ability|p2a: Bargaining|Dauntless Shield|boost
|-boost|p2a: Bargaining|def|1
|turn|21
|
|t:|1776102432
|move|p2a: Bargaining|Close Combat|p1a: Kingambitch
|-supereffective|p1a: Kingambitch
|-damage|p1a: Kingambitch|0 fnt
|-unboost|p2a: Bargaining|def|1
|-unboost|p2a: Bargaining|spd|1
|faint|p1a: Kingambitch
|-end|p1a: Kingambitch|fallen3|[silent]
|
|upkeep
|
|t:|1776102436
|switch|p1a: Rillaboom|Rillaboom, F|67/100
|-damage|p1a: Rillaboom|55/100|[from] Spikes
|-damage|p1a: Rillaboom|42/100|[from] Stealth Rock
|-fieldstart|move: Grassy Terrain|[from] ability: Grassy Surge|[of] p1a: Rillaboom
|turn|22
|
|t:|1776102445
|move|p2a: Bargaining|Close Combat|p1a: Rillaboom
|-damage|p1a: Rillaboom|0 fnt
|-unboost|p2a: Bargaining|def|1
|-unboost|p2a: Bargaining|spd|1
|faint|p1a: Rillaboom
|
|upkeep
|
|t:|1776102447
|switch|p1a: Rhapsodie|Gardevoir, F, shiny|100/100
|-damage|p1a: Rhapsodie|88/100|[from] Spikes
|-damage|p1a: Rhapsodie|76/100|[from] Stealth Rock
|-ability|p1a: Rhapsodie|Dauntless Shield|Trace|[from] ability: Trace|[of] p2a: Bargaining
|-ability|p1a: Rhapsodie|Dauntless Shield|boost
|-boost|p1a: Rhapsodie|def|1
|-enditem|p1a: Rhapsodie|Grassy Seed
|-boost|p1a: Rhapsodie|def|1|[from] item: Grassy Seed
|turn|23
|
|t:|1776102451
|move|p2a: Bargaining|Heavy Slam|p1a: Rhapsodie
|-supereffective|p1a: Rhapsodie
|-damage|p1a: Rhapsodie|40/100
|move|p1a: Rhapsodie|Calm Mind|p1a: Rhapsodie
|-boost|p1a: Rhapsodie|spa|1
|-boost|p1a: Rhapsodie|spd|1
|
|-heal|p1a: Rhapsodie|46/100|[from] Grassy Terrain
|upkeep
|turn|24
|
|t:|1776102455
|move|p2a: Bargaining|Heavy Slam|p1a: Rhapsodie
|-supereffective|p1a: Rhapsodie
|-damage|p1a: Rhapsodie|10/100
|move|p1a: Rhapsodie|Draining Kiss|p2a: Bargaining
|-supereffective|p2a: Bargaining
|-damage|p2a: Bargaining|0 fnt
|-heal|p1a: Rhapsodie|89/100|[from] drain|[of] p2a: Bargaining
|faint|p2a: Bargaining
|
|-heal|p1a: Rhapsodie|95/100|[from] Grassy Terrain
|upkeep
|-message|4axes forfeited.
|
|win|TeraBlastGardevoir
|raw|TeraBlastGardevoir's rating: 1448 &rarr; <strong>1470</strong><br />(+22 for winning)
|raw|4axes's rating: 1479 &rarr; <strong>1457</strong><br />(-22 for losing)
|l|☆4axes
|player|p2|
|l|☆TeraBlastGardevoir
|player|p1|
