|html|<div class="broadcast-blue"><strong>[Gen 9] OU is currently suspecting Tera Blast! For information on how to participate check out the <a href="https://www.smogon.com/tools/suspects/view/200">suspect thread</a>.</strong></div>
|j|☆lemeu
|j|☆AlienXotic
|t:|1776072274
|gametype|singles
|player|p1|lemeu|102|1461
|player|p2|AlienXotic|169|1466
|gen|9
|tier|[Gen 9] OU
|rated|
|rule|HP Percentage Mod: HP is shown in percentages
|rule|Endless Battle Clause: Forcing endless battles is banned
|rule|Species Clause: Limit one of each Pokémon
|rule|OHKO Clause: OHKO moves are banned
|rule|Evasion Items Clause: Evasion items are banned
|rule|Evasion Moves Clause: Evasion moves are banned
|rule|Evasion Abilities Clause: Evasion abilities are banned
|rule|Sleep Moves Clause: Sleep-inducing moves are banned
|clearpoke
|poke|p1|Iron Moth|
|poke|p1|Kingambit, F|
|poke|p1|Dragonite, M|
|poke|p1|Ogerpon-Cornerstone, F|
|poke|p1|Iron Valiant|
|poke|p1|Raging Bolt|
|poke|p2|Slither Wing|
|poke|p2|Ninetales, F|
|poke|p2|Walking Wake|
|poke|p2|Iron Moth|
|poke|p2|Hatterene, F|
|poke|p2|Blaziken, M|
|teampreview
|inactive|Battle timer is ON: inactive players will automatically lose when time's up. (requested by AlienXotic)
|
|t:|1776072292
|teamsize|p1|6
|teamsize|p2|6
|start
|switch|p1a: Ogerpon|Ogerpon-Cornerstone, F|100/100
|switch|p2a: Covet&Lust|Hatterene, F, shiny|100/100
|turn|1
|
|t:|1776072300
|move|p1a: Ogerpon|Swords Dance|p1a: Ogerpon
|-boost|p1a: Ogerpon|atk|2
|move|p2a: Covet&Lust|Nuzzle|p1a: Ogerpon
|-resisted|p1a: Ogerpon
|-damage|p1a: Ogerpon|98/100
|-status|p1a: Ogerpon|par
|
|upkeep
|turn|2
|
|t:|1776072312
|cant|p1a: Ogerpon|par
|move|p2a: Covet&Lust|Mystical Fire|p1a: Ogerpon
|-damage|p1a: Ogerpon|69/100 par
|-unboost|p1a: Ogerpon|spa|1
|
|upkeep
|turn|3
|
|t:|1776072325
|move|p1a: Ogerpon|Ivy Cudgel|p2a: Covet&Lust|[anim] Ivy Cudgel Rock
|-damage|p2a: Covet&Lust|10/100
|-enditem|p2a: Covet&Lust|Eject Button
|
|t:|1776072348
|switch|p2a: Beru|Slither Wing, shiny|100/100
|
|upkeep
|turn|4
|
|t:|1776072359
|move|p2a: Beru|First Impression|p1a: Ogerpon
|-supereffective|p1a: Ogerpon
|-damage|p1a: Ogerpon|0 fnt
|faint|p1a: Ogerpon
|
|upkeep
|
|t:|1776072364
|switch|p1a: Dragonite|Dragonite, M|100/100
|turn|5
|
|t:|1776072372
|-end|p2a: Beru|Protosynthesis|[silent]
|switch|p2a: Covet&Lust|Hatterene, F, shiny|10/100
|move|p1a: Dragonite|Dragon Dance|p1a: Dragonite
|-boost|p1a: Dragonite|atk|1
|-boost|p1a: Dragonite|spe|1
|
|upkeep
|turn|6
|
|t:|1776072377
|move|p1a: Dragonite|Extreme Speed|p2a: Covet&Lust
|-damage|p2a: Covet&Lust|0 fnt
|faint|p2a: Covet&Lust
|
|upkeep
|
|t:|1776072383
|switch|p2a: Aruarian|Ninetales, F, shiny|100/100
|-weather|SunnyDay|[from] ability: Drought|[of] p2a: Aruarian
|turn|7
|
|t:|1776072387
|-terastallize|p2a: Aruarian|Grass
|move|p1a: Dragonite|Earthquake|p2a: Aruarian
|-resisted|p2a: Aruarian
|-damage|p2a: Aruarian|62/100
|move|p2a: Aruarian|Will-O-Wisp|p1a: Dragonite
|-status|p1a: Dragonite|brn
|
|-weather|SunnyDay|[upkeep]
|-damage|p1a: Dragonite|94/100 brn|[from] brn
|upkeep
|turn|8
|
|t:|1776072408
|switch|p2a: Beru|Slither Wing, shiny|100/100
|-activate|p2a: Beru|ability: Protosynthesis
|-start|p2a: Beru|protosynthesisatk
|move|p1a: Dragonite|Dragon Dance|p1a: Dragonite
|-boost|p1a: Dragonite|atk|1
|-boost|p1a: Dragonite|spe|1
|
|-weather|SunnyDay|[upkeep]
|-damage|p1a: Dragonite|88/100 brn|[from] brn
|upkeep
|turn|9
|
|t:|1776072421
|move|p1a: Dragonite|Extreme Speed|p2a: Beru
|-damage|p2a: Beru|59/100
|move|p2a: Beru|First Impression|p1a: Dragonite
|-resisted|p1a: Dragonite
|-damage|p1a: Dragonite|29/100 brn
|
|-weather|SunnyDay|[upkeep]
|-damage|p1a: Dragonite|22/100 brn|[from] brn
|upkeep
|turn|10
|inactive|AlienXotic has 120 seconds left.
|
|t:|1776072465
|-end|p2a: Beru|Protosynthesis|[silent]
|switch|p2a: Aruarian|Ninetales, F, shiny, tera:Grass|62/100
|move|p1a: Dragonite|Extreme Speed|p2a: Aruarian
|-damage|p2a: Aruarian|25/100
|
|-weather|SunnyDay|[upkeep]
|-damage|p1a: Dragonite|16/100 brn|[from] brn
|upkeep
|turn|11
|
|t:|1776072475
|switch|p2a: Beru|Slither Wing, shiny|59/100
|-activate|p2a: Beru|ability: Protosynthesis
|-start|p2a: Beru|protosynthesisatk
|move|p1a: Dragonite|Extreme Speed|p2a: Beru
|-damage|p2a: Beru|20/100
|
|-weather|SunnyDay|[upkeep]
|-damage|p1a: Dragonite|10/100 brn|[from] brn
|upkeep
|turn|12
|
|t:|1776072485
|move|p1a: Dragonite|Extreme Speed|p2a: Beru
|-damage|p2a: Beru|0 fnt
|faint|p2a: Beru
|-end|p2a: Beru|Protosynthesis|[silent]
|
|-weather|SunnyDay|[upkeep]
|-damage|p1a: Dragonite|4/100 brn|[from] brn
|upkeep
|
|t:|1776072493
|switch|p2a: Sizzlin' Hot Wings|Blaziken, M, shiny|100/100
|turn|13
|
|t:|1776072497
|move|p2a: Sizzlin' Hot Wings|Protect|p2a: Sizzlin' Hot Wings
|-singleturn|p2a: Sizzlin' Hot Wings|Protect
|move|p1a: Dragonite|Extreme Speed|p2a: Sizzlin' Hot Wings
|-activate|p2a: Sizzlin' Hot Wings|move: Protect
|
|-weather|SunnyDay|[upkeep]
|-damage|p1a: Dragonite|0 fnt|[from] brn
|faint|p1a: Dragonite
|-ability|p2a: Sizzlin' Hot Wings|Speed Boost|boost
|-boost|p2a: Sizzlin' Hot Wings|spe|1
|upkeep
|
|t:|1776072507
|switch|p1a: Raging Bolt|Raging Bolt|100/100
|-activate|p1a: Raging Bolt|ability: Protosynthesis
|-start|p1a: Raging Bolt|protosynthesisspa
|turn|14
|
|t:|1776072518
|move|p2a: Sizzlin' Hot Wings|Close Combat|p1a: Raging Bolt
|-damage|p1a: Raging Bolt|16/100
|-unboost|p2a: Sizzlin' Hot Wings|def|1
|-unboost|p2a: Sizzlin' Hot Wings|spd|1
|-damage|p2a: Sizzlin' Hot Wings|91/100|[from] item: Life Orb
|move|p1a: Raging Bolt|Calm Mind|p1a: Raging Bolt
|-boost|p1a: Raging Bolt|spa|1
|-boost|p1a: Raging Bolt|spd|1
|
|-weather|none
|-end|p1a: Raging Bolt|Protosynthesis
|-ability|p2a: Sizzlin' Hot Wings|Speed Boost|boost
|-boost|p2a: Sizzlin' Hot Wings|spe|1
|upkeep
|-enditem|p1a: Raging Bolt|Booster Energy
|-activate|p1a: Raging Bolt|ability: Protosynthesis|[fromitem]
|-start|p1a: Raging Bolt|protosynthesisspa
|turn|15
|
|t:|1776072531
|move|p2a: Sizzlin' Hot Wings|Protect|p2a: Sizzlin' Hot Wings
|-singleturn|p2a: Sizzlin' Hot Wings|Protect
|move|p1a: Raging Bolt|Thunderclap||[still]
|-fail|p1a: Raging Bolt
|
|-ability|p2a: Sizzlin' Hot Wings|Speed Boost|boost
|-boost|p2a: Sizzlin' Hot Wings|spe|1
|upkeep
|turn|16
|
|t:|1776072540
|move|p1a: Raging Bolt|Thunderclap||[still]
|-fail|p1a: Raging Bolt
|move|p2a: Sizzlin' Hot Wings|Swords Dance|p2a: Sizzlin' Hot Wings
|-boost|p2a: Sizzlin' Hot Wings|atk|2
|
|-ability|p2a: Sizzlin' Hot Wings|Speed Boost|boost
|-boost|p2a: Sizzlin' Hot Wings|spe|1
|upkeep
|turn|17
|
|t:|1776072547
|move|p2a: Sizzlin' Hot Wings|Protect|p2a: Sizzlin' Hot Wings
|-singleturn|p2a: Sizzlin' Hot Wings|Protect
|move|p1a: Raging Bolt|Thunderclap||[still]
|-fail|p1a: Raging Bolt
|
|-ability|p2a: Sizzlin' Hot Wings|Speed Boost|boost
|-boost|p2a: Sizzlin' Hot Wings|spe|1
|upkeep
|turn|18
|
|t:|1776072554
|move|p2a: Sizzlin' Hot Wings|Swords Dance|p2a: Sizzlin' Hot Wings
|-boost|p2a: Sizzlin' Hot Wings|atk|2
|move|p1a: Raging Bolt|Thunderbolt|p2a: Sizzlin' Hot Wings
|-damage|p2a: Sizzlin' Hot Wings|0 fnt
|faint|p2a: Sizzlin' Hot Wings
|
|upkeep
|
|t:|1776072566
|switch|p2a: Aruarian|Ninetales, F, shiny, tera:Grass|25/100
|-weather|SunnyDay|[from] ability: Drought|[of] p2a: Aruarian
|turn|19
|
|t:|1776072580
|move|p2a: Aruarian|Will-O-Wisp|p1a: Raging Bolt
|-status|p1a: Raging Bolt|brn
|move|p1a: Raging Bolt|Thunderbolt|p2a: Aruarian
|-resisted|p2a: Aruarian
|-damage|p2a: Aruarian|0 fnt
|faint|p2a: Aruarian
|
|-weather|SunnyDay|[upkeep]
|-damage|p1a: Raging Bolt|10/100 brn|[from] brn
|upkeep
|
|t:|1776072589
|switch|p2a: Renewal|Walking Wake|100/100
|-activate|p2a: Renewal|ability: Protosynthesis
|-start|p2a: Renewal|protosynthesisspe
|turn|20
|
|t:|1776072596
|move|p1a: Raging Bolt|Thunderclap|p2a: Renewal
|-crit|p2a: Renewal
|-damage|p2a: Renewal|0 fnt
|faint|p2a: Renewal
|-end|p2a: Renewal|Protosynthesis|[silent]
|
|-weather|SunnyDay|[upkeep]
|-damage|p1a: Raging Bolt|4/100 brn|[from] brn
|upkeep
|
|t:|1776072598
|switch|p2a: The better one?|Iron Moth|100/100
|-enditem|p2a: The better one?|Booster Energy
|-activate|p2a: The better one?|ability: Quark Drive|[fromitem]
|-start|p2a: The better one?|quarkdrivespe
|turn|21
|
|t:|1776072605
|move|p1a: Raging Bolt|Thunderclap|p2a: The better one?
|-damage|p2a: The better one?|8/100
|move|p2a: The better one?|Fiery Dance|p1a: Raging Bolt
|-resisted|p1a: Raging Bolt
|-damage|p1a: Raging Bolt|0 fnt
|-boost|p2a: The better one?|spa|1
|faint|p1a: Raging Bolt
|-end|p1a: Raging Bolt|Protosynthesis|[silent]
|
|-weather|SunnyDay|[upkeep]
|upkeep
|
|t:|1776072613
|switch|p1a: Iron Moth|Iron Moth|100/100
|-enditem|p1a: Iron Moth|Booster Energy
|-activate|p1a: Iron Moth|ability: Quark Drive|[fromitem]
|-start|p1a: Iron Moth|quarkdrivespe
|turn|22
|
|t:|1776072622
|move|p2a: The better one?|Psychic|p1a: Iron Moth
|-supereffective|p1a: Iron Moth
|-damage|p1a: Iron Moth|5/100
|move|p1a: Iron Moth|Sludge Wave|p2a: The better one?
|-resisted|p2a: The better one?
|-damage|p2a: The better one?|0 fnt
|faint|p2a: The better one?
|-end|p2a: The better one?|Quark Drive|[silent]
|
|win|lemeu
|raw|lemeu's rating: 1461 &rarr; <strong>1481</strong><br />(+20 for winning)
|raw|AlienXotic's rating: 1466 &rarr; <strong>1446</strong><br />(-20 for losing)
|l|☆AlienXotic
|player|p2|
|l|☆lemeu
|player|p1|
