|html|<div class="broadcast-blue"><strong>[Gen 9] OU is currently suspecting Tera Blast! For information on how to participate check out the <a href="https://www.smogon.com/tools/suspects/view/200">suspect thread</a>.</strong></div>
|j|☆Tesmon
|j|☆Virid18
|t:|1776054471
|gametype|singles
|player|p1|Tesmon|steven|1080
|player|p2|Virid18|101|1133
|gen|9
|tier|[Gen 9] OU
|rated|
|rule|HP Percentage Mod: HP is shown in percentages
|rule|Endless Battle Clause: Forcing endless battles is banned
|rule|Species Clause: Limit one of each Pokémon
|rule|OHKO Clause: OHKO moves are banned
|rule|Evasion Items Clause: Evasion items are banned
|rule|Evasion Moves Clause: Evasion moves are banned
|rule|Evasion Abilities Clause: Evasion abilities are banned
|rule|Sleep Moves Clause: Sleep-inducing moves are banned
|clearpoke
|poke|p1|Salamence, M|
|poke|p1|Scizor, M|
|poke|p1|Milotic, M|
|poke|p1|Sableye, M|
|poke|p1|Skarmory, M|
|poke|p1|Gastrodon, M|
|poke|p2|Milotic, F|
|poke|p2|Ursaluna, F|
|poke|p2|Goodra-Hisui, F|
|poke|p2|Meowscarada, M|
|poke|p2|Gholdengo|
|poke|p2|Slither Wing|
|teampreview
|
|t:|1776054482
|teamsize|p1|6
|teamsize|p2|6
|start
|switch|p1a: Milotic|Milotic, M|100/100
|switch|p2a: Gholdengo|Gholdengo|100/100
|-item|p2a: Gholdengo|Air Balloon
|turn|1
|
|t:|1776054491
|move|p2a: Gholdengo|Nasty Plot|p2a: Gholdengo
|-boost|p2a: Gholdengo|spa|2
|move|p1a: Milotic|Scald|p2a: Gholdengo
|-damage|p2a: Gholdengo|70/100
|-status|p2a: Gholdengo|brn
|-enditem|p2a: Gholdengo|Air Balloon
|
|-damage|p2a: Gholdengo|64/100 brn|[from] brn
|upkeep
|turn|2
|
|t:|1776054504
|move|p2a: Gholdengo|Shadow Ball|p1a: Milotic
|-damage|p1a: Milotic|45/100
|move|p1a: Milotic|Mirror Coat|p2a: Gholdengo
|-damage|p2a: Gholdengo|0 fnt
|faint|p2a: Gholdengo
|
|upkeep
|
|t:|1776054515
|switch|p2a: Meowscarada|Meowscarada, M|100/100
|turn|3
|
|t:|1776054519
|switch|p1a: Skarmory|Skarmory, M|100/100
|move|p2a: Meowscarada|Flower Trick|p1a: Skarmory
|-resisted|p1a: Skarmory
|-crit|p1a: Skarmory
|-damage|p1a: Skarmory|93/100
|
|upkeep
|turn|4
|
|t:|1776054533
|switch|p2a: Goodra|Goodra-Hisui, F|100/100
|move|p1a: Skarmory|Spikes|p2a: Goodra
|-sidestart|p2: Virid18|Spikes
|
|upkeep
|turn|5
|
|t:|1776054539
|switch|p1a: Gastrodon|Gastrodon, M|100/100
|move|p2a: Goodra|Curse|p2a: Goodra
|-unboost|p2a: Goodra|spe|1
|-boost|p2a: Goodra|atk|1
|-boost|p2a: Goodra|def|1
|
|upkeep
|turn|6
|
|t:|1776054551
|-terastallize|p2a: Goodra|Flying
|move|p1a: Gastrodon|Stealth Rock|p2a: Goodra
|-sidestart|p2: Virid18|move: Stealth Rock
|move|p2a: Goodra|Curse|p2a: Goodra
|-unboost|p2a: Goodra|spe|1
|-boost|p2a: Goodra|atk|1
|-boost|p2a: Goodra|def|1
|
|upkeep
|turn|7
|
|t:|1776054562
|switch|p1a: Sableye|Sableye, M|100/100
|move|p2a: Goodra|Dragon Claw|p1a: Sableye
|-damage|p1a: Sableye|39/100
|
|-heal|p1a: Sableye|45/100|[from] item: Leftovers
|upkeep
|turn|8
|
|t:|1776054571
|switch|p1a: Skarmory|Skarmory, M|93/100
|move|p2a: Goodra|Dragon Claw|p1a: Skarmory
|-resisted|p1a: Skarmory
|-damage|p1a: Skarmory|76/100
|-damage|p2a: Goodra|84/100|[from] item: Rocky Helmet|[of] p1a: Skarmory
|
|-heal|p2a: Goodra|90/100|[from] item: Leftovers
|upkeep
|turn|9
|
|t:|1776054582
|move|p1a: Skarmory|Spikes|p2a: Goodra
|-sidestart|p2: Virid18|Spikes
|move|p2a: Goodra|Curse|p2a: Goodra
|-unboost|p2a: Goodra|spe|1
|-boost|p2a: Goodra|atk|1
|-boost|p2a: Goodra|def|1
|
|-heal|p2a: Goodra|96/100|[from] item: Leftovers
|upkeep
|turn|10
|
|t:|1776054597
|switch|p1a: Sableye|Sableye, M|45/100
|move|p2a: Goodra|Iron Head|p1a: Sableye
|-damage|p1a: Sableye|0 fnt
|faint|p1a: Sableye
|
|-heal|p2a: Goodra|100/100|[from] item: Leftovers
|upkeep
|inactive|Battle timer is ON: inactive players will automatically lose when time's up. (requested by Virid18)
|
|t:|1776054639
|switch|p1a: Skarmory|Skarmory, M|76/100
|turn|11
|
|t:|1776054644
|move|p1a: Skarmory|Brave Bird|p2a: Goodra
|-damage|p2a: Goodra|86/100
|-ability|p2a: Goodra|Gooey
|-unboost|p1a: Skarmory|spe|1
|-damage|p1a: Skarmory|71/100|[from] Recoil
|move|p2a: Goodra|Iron Head|p1a: Skarmory
|-resisted|p1a: Skarmory
|-damage|p1a: Skarmory|50/100
|-damage|p2a: Goodra|70/100|[from] item: Rocky Helmet|[of] p1a: Skarmory
|
|-heal|p2a: Goodra|76/100|[from] item: Leftovers
|upkeep
|turn|12
|
|t:|1776054658
|move|p2a: Goodra|Protect|p2a: Goodra
|-singleturn|p2a: Goodra|Protect
|move|p1a: Skarmory|Roost|p1a: Skarmory
|-heal|p1a: Skarmory|100/100
|-singleturn|p1a: Skarmory|move: Roost
|
|-heal|p2a: Goodra|82/100|[from] item: Leftovers
|upkeep
|turn|13
|
|t:|1776054667
|move|p1a: Skarmory|Brave Bird|p2a: Goodra
|-damage|p2a: Goodra|69/100
|-ability|p2a: Goodra|Gooey
|-unboost|p1a: Skarmory|spe|1
|-damage|p1a: Skarmory|96/100|[from] Recoil
|move|p2a: Goodra|Curse|p2a: Goodra
|-unboost|p2a: Goodra|spe|1
|-boost|p2a: Goodra|atk|1
|-boost|p2a: Goodra|def|1
|
|-heal|p2a: Goodra|75/100|[from] item: Leftovers
|upkeep
|turn|14
|
|t:|1776054691
|switch|p1a: Scizor|Scizor, M|100/100
|move|p2a: Goodra|Protect||[still]
|-fail|p2a: Goodra
|
|-heal|p2a: Goodra|82/100|[from] item: Leftovers
|upkeep
|turn|15
|
|t:|1776054699
|move|p1a: Scizor|Knock Off|p2a: Goodra
|-damage|p2a: Goodra|71/100
|-ability|p2a: Goodra|Gooey
|-unboost|p1a: Scizor|spe|1
|-enditem|p2a: Goodra|Leftovers|[from] move: Knock Off|[of] p1a: Scizor
|move|p2a: Goodra|Dragon Claw|p1a: Scizor
|-resisted|p1a: Scizor
|-damage|p1a: Scizor|49/100
|
|upkeep
|turn|16
|
|t:|1776054710
|switch|p1a: Skarmory|Skarmory, M|96/100
|move|p2a: Goodra|Dragon Claw|p1a: Skarmory
|-resisted|p1a: Skarmory
|-damage|p1a: Skarmory|71/100
|-damage|p2a: Goodra|54/100|[from] item: Rocky Helmet|[of] p1a: Skarmory
|
|upkeep
|turn|17
|
|t:|1776054719
|move|p1a: Skarmory|Brave Bird|p2a: Goodra
|-damage|p2a: Goodra|44/100
|-ability|p2a: Goodra|Gooey
|-unboost|p1a: Skarmory|spe|1
|-damage|p1a: Skarmory|68/100|[from] Recoil
|move|p2a: Goodra|Curse|p2a: Goodra
|-unboost|p2a: Goodra|spe|1
|-boost|p2a: Goodra|atk|1
|-boost|p2a: Goodra|def|1
|
|upkeep
|turn|18
|
|t:|1776054731
|move|p1a: Skarmory|Brave Bird|p2a: Goodra
|-damage|p2a: Goodra|34/100
|-ability|p2a: Goodra|Gooey
|-unboost|p1a: Skarmory|spe|1
|-damage|p1a: Skarmory|64/100|[from] Recoil
|move|p2a: Goodra|Curse|p2a: Goodra
|-unboost|p2a: Goodra|spe|1
|-boost|p2a: Goodra|atk|1
|-boost|p2a: Goodra|def|1
|
|upkeep
|turn|19
|
|t:|1776054742
|move|p1a: Skarmory|Brave Bird|p2a: Goodra
|-damage|p2a: Goodra|26/100
|-ability|p2a: Goodra|Gooey
|-unboost|p1a: Skarmory|spe|1
|-damage|p1a: Skarmory|61/100|[from] Recoil
|move|p2a: Goodra|Dragon Claw|p1a: Skarmory
|-resisted|p1a: Skarmory
|-damage|p1a: Skarmory|31/100
|-damage|p2a: Goodra|10/100|[from] item: Rocky Helmet|[of] p1a: Skarmory
|
|upkeep
|turn|20
|
|t:|1776054754
|move|p2a: Goodra|Protect|p2a: Goodra
|-singleturn|p2a: Goodra|Protect
|move|p1a: Skarmory|Roost|p1a: Skarmory
|-heal|p1a: Skarmory|81/100
|-singleturn|p1a: Skarmory|move: Roost
|
|upkeep
|turn|21
|
|t:|1776054769
|move|p1a: Skarmory|Spikes|p2a: Goodra
|-sidestart|p2: Virid18|Spikes
|move|p2a: Goodra|Dragon Claw|p1a: Skarmory
|-resisted|p1a: Skarmory
|-damage|p1a: Skarmory|47/100
|-damage|p2a: Goodra|0 fnt|[from] item: Rocky Helmet|[of] p1a: Skarmory
|faint|p2a: Goodra
|
|upkeep
|
|t:|1776054780
|switch|p2a: Milotic|Milotic, F|100/100
|-damage|p2a: Milotic|76/100|[from] Spikes
|-damage|p2a: Milotic|63/100|[from] Stealth Rock
|turn|22
|
|t:|1776054786
|switch|p1a: Gastrodon|Gastrodon, M|100/100
|move|p2a: Milotic|Scald|p1a: Gastrodon
|-ability|p1a: Gastrodon|Storm Drain|boost
|-boost|p1a: Gastrodon|spa|1
|
|upkeep
|turn|23
|-message|Virid18 forfeited.
|
|win|Tesmon
|raw|Tesmon's rating: 1080 &rarr; <strong>1112</strong><br />(+32 for winning)
|raw|Virid18's rating: 1133 &rarr; <strong>1104</strong><br />(-29 for losing)
|l|☆Virid18
|player|p2|
|l|☆Tesmon
|player|p1|
