|html|<div class="broadcast-blue"><strong>[Gen 9] OU is currently suspecting Tera Blast! For information on how to participate check out the <a href="https://www.smogon.com/tools/suspects/view/200">suspect thread</a>.</strong></div>
|j|‽awesomesamuel
|j|☆ElBigKahunas
|t:|1776031830
|gametype|singles
|player|p1|awesomesamuel|pokemonrangerf|1501
|player|p2|ElBigKahunas|flannery|1455
|gen|9
|tier|[Gen 9] OU
|rated|
|rule|HP Percentage Mod: HP is shown in percentages
|rule|Endless Battle Clause: Forcing endless battles is banned
|rule|Species Clause: Limit one of each Pokémon
|rule|OHKO Clause: OHKO moves are banned
|rule|Evasion Items Clause: Evasion items are banned
|rule|Evasion Moves Clause: Evasion moves are banned
|rule|Evasion Abilities Clause: Evasion abilities are banned
|rule|Sleep Moves Clause: Sleep-inducing moves are banned
|clearpoke
|poke|p1|Dragapult, F|
|poke|p1|Gholdengo|
|poke|p1|Masquerain, F|
|poke|p1|Zoroark-Hisui, M|
|poke|p1|Great Tusk|
|poke|p1|Kingambit, M|
|poke|p2|Ogerpon-Wellspring, F|
|poke|p2|Kingambit, F|
|poke|p2|Tornadus-Therian, M|
|poke|p2|Dragapult, M|
|poke|p2|Iron Valiant|
|poke|p2|Iron Treads|
|teampreview
|j| ohko_smeargle
|inactive|Battle timer is ON: inactive players will automatically lose when time's up. (requested by ElBigKahunas)
|
|t:|1776031859
|teamsize|p1|6
|teamsize|p2|6
|start
|switch|p1a: Gholdengo|Gholdengo|100/100
|switch|p2a: Tornadus Groove|Tornadus-Therian, M|100/100
|turn|1
|
|t:|1776031862
|move|p2a: Tornadus Groove|Knock Off|p1a: Gholdengo
|-supereffective|p1a: Gholdengo
|-damage|p1a: Gholdengo|63/100
|-enditem|p1a: Gholdengo|Covert Cloak|[from] move: Knock Off|[of] p2a: Tornadus Groove
|move|p1a: Gholdengo|Nasty Plot|p1a: Gholdengo
|-boost|p1a: Gholdengo|spa|2
|
|upkeep
|turn|2
|
|t:|1776031867
|move|p2a: Tornadus Groove|Heat Wave|p1a: Gholdengo
|-supereffective|p1a: Gholdengo
|-damage|p1a: Gholdengo|12/100
|move|p1a: Gholdengo|Make It Rain|p2a: Tornadus Groove
|-damage|p2a: Tornadus Groove|0 fnt
|-unboost|p1a: Gholdengo|spa|1
|faint|p2a: Tornadus Groove
|
|upkeep
|
|t:|1776031879
|switch|p2a: T.M. Ogerpon O|Ogerpon-Wellspring, F|100/100
|turn|3
|
|t:|1776031893
|move|p2a: T.M. Ogerpon O|Ivy Cudgel|p1a: Gholdengo|[anim] Ivy Cudgel Water
|-damage|p1a: Gholdengo|0 fnt
|faint|p1a: Gholdengo
|
|upkeep
|
|t:|1776031895
|switch|p1a: Masquerain|Masquerain, F|100/100
|-ability|p1a: Masquerain|Intimidate|boost
|-unboost|p2a: T.M. Ogerpon O|atk|1
|turn|4
|
|t:|1776031907
|switch|p2a: Iron Treads|Iron Treads|100/100
|move|p1a: Masquerain|Quiver Dance|p1a: Masquerain
|-boost|p1a: Masquerain|spa|1
|-boost|p1a: Masquerain|spd|1
|-boost|p1a: Masquerain|spe|1
|
|upkeep
|turn|5
|
|t:|1776031911
|move|p1a: Masquerain|Hydro Pump|p2a: Iron Treads
|-supereffective|p2a: Iron Treads
|-damage|p2a: Iron Treads|13/100
|move|p2a: Iron Treads|Knock Off|p1a: Masquerain
|-crit|p1a: Masquerain
|-damage|p1a: Masquerain|40/100
|-enditem|p1a: Masquerain|Focus Sash|[from] move: Knock Off|[of] p2a: Iron Treads
|
|-heal|p2a: Iron Treads|19/100|[from] item: Leftovers
|upkeep
|turn|6
|
|t:|1776031937
|move|p1a: Masquerain|Quiver Dance|p1a: Masquerain
|-boost|p1a: Masquerain|spa|1
|-boost|p1a: Masquerain|spd|1
|-boost|p1a: Masquerain|spe|1
|move|p2a: Iron Treads|Stealth Rock|p1a: Masquerain
|-sidestart|p1: awesomesamuel|move: Stealth Rock
|
|-heal|p2a: Iron Treads|25/100|[from] item: Leftovers
|upkeep
|turn|7
|
|t:|1776031941
|move|p1a: Masquerain|Hydro Pump|p2a: Iron Treads
|-supereffective|p2a: Iron Treads
|-crit|p2a: Iron Treads
|-damage|p2a: Iron Treads|0 fnt
|faint|p2a: Iron Treads
|-end|p2a: Iron Treads|Quark Drive|[silent]
|
|upkeep
|
|t:|1776031959
|switch|p2a: Nakayama Gambit|Kingambit, F|100/100
|-activate|p2a: Nakayama Gambit|ability: Supreme Overlord
|-start|p2a: Nakayama Gambit|fallen2|[silent]
|turn|8
|
|t:|1776031962
|move|p1a: Masquerain|Sticky Web|p2a: Nakayama Gambit
|-sidestart|p2: ElBigKahunas|move: Sticky Web
|move|p2a: Nakayama Gambit|Kowtow Cleave|p1a: Masquerain
|-damage|p1a: Masquerain|0 fnt
|faint|p1a: Masquerain
|
|upkeep
|
|t:|1776031966
|switch|p1a: Great Tusk|Great Tusk|100/100
|-damage|p1a: Great Tusk|97/100|[from] Stealth Rock
|turn|9
|
|t:|1776031975
|move|p1a: Great Tusk|Earthquake|p2a: Nakayama Gambit
|-supereffective|p2a: Nakayama Gambit
|-damage|p2a: Nakayama Gambit|34/100
|move|p2a: Nakayama Gambit|Iron Head|p1a: Great Tusk
|-damage|p1a: Great Tusk|65/100
|
|-heal|p2a: Nakayama Gambit|40/100|[from] item: Leftovers
|upkeep
|turn|10
|
|t:|1776031980
|move|p2a: Nakayama Gambit|Sucker Punch|p1a: Great Tusk
|-resisted|p1a: Great Tusk
|-damage|p1a: Great Tusk|52/100
|move|p1a: Great Tusk|Body Press|p2a: Nakayama Gambit
|-supereffective|p2a: Nakayama Gambit
|-damage|p2a: Nakayama Gambit|0 fnt
|faint|p2a: Nakayama Gambit
|-end|p2a: Nakayama Gambit|fallen2|[silent]
|
|upkeep
|
|t:|1776031986
|switch|p2a: T.M. Ogerpon O|Ogerpon-Wellspring, F|100/100
|-activate|p2a: T.M. Ogerpon O|move: Sticky Web
|-unboost|p2a: T.M. Ogerpon O|spe|1
|turn|11
|
|t:|1776031991
|-end|p1a: Great Tusk|Protosynthesis|[silent]
|switch|p1a: Dragapult|Dragapult, F|100/100
|-damage|p1a: Dragapult|88/100|[from] Stealth Rock
|move|p2a: T.M. Ogerpon O|Horn Leech|p1a: Dragapult
|-resisted|p1a: Dragapult
|-damage|p1a: Dragapult|62/100
|
|-heal|p1a: Dragapult|68/100|[from] item: Leftovers
|upkeep
|turn|12
|
|t:|1776031994
|-terastallize|p2a: T.M. Ogerpon O|Water
|detailschange|p2a: T.M. Ogerpon O|Ogerpon-Wellspring-Tera, F, tera:Water
|-ability|p2a: T.M. Ogerpon O|Embody Aspect (Wellspring)|boost
|-boost|p2a: T.M. Ogerpon O|spd|1
|move|p1a: Dragapult|Will-O-Wisp|p2a: T.M. Ogerpon O
|-status|p2a: T.M. Ogerpon O|brn
|move|p2a: T.M. Ogerpon O|Play Rough|p1a: Dragapult
|-supereffective|p1a: Dragapult
|-damage|p1a: Dragapult|24/100
|
|-heal|p1a: Dragapult|30/100|[from] item: Leftovers
|-damage|p2a: T.M. Ogerpon O|95/100 brn|[from] brn
|upkeep
|turn|13
|
|t:|1776032004
|move|p1a: Dragapult|Hex|p2a: T.M. Ogerpon O
|-damage|p2a: T.M. Ogerpon O|62/100 brn
|move|p2a: T.M. Ogerpon O|Ivy Cudgel|p1a: Dragapult|[anim] Ivy Cudgel Water
|-resisted|p1a: Dragapult
|-damage|p1a: Dragapult|8/100
|
|-heal|p1a: Dragapult|14/100|[from] item: Leftovers
|-damage|p2a: T.M. Ogerpon O|56/100 brn|[from] brn
|upkeep
|turn|14
|
|t:|1776032009
|move|p1a: Dragapult|Hex|p2a: T.M. Ogerpon O
|-damage|p2a: T.M. Ogerpon O|23/100 brn
|move|p2a: T.M. Ogerpon O|Ivy Cudgel|p1a: Dragapult|[anim] Ivy Cudgel Water
|-resisted|p1a: Dragapult
|-damage|p1a: Dragapult|0 fnt
|faint|p1a: Dragapult
|
|-damage|p2a: T.M. Ogerpon O|17/100 brn|[from] brn
|upkeep
|
|t:|1776032021
|switch|p1a: Kingambit|Kingambit, M|100/100
|-damage|p1a: Kingambit|88/100|[from] Stealth Rock
|turn|15
|
|t:|1776032026
|move|p1a: Kingambit|Shadow Ball|p2a: T.M. Ogerpon O
|-damage|p2a: T.M. Ogerpon O|0 fnt
|faint|p2a: T.M. Ogerpon O
|detailschange|p2: T.M. Ogerpon O|Ogerpon-Wellspring, F|[silent]
|
|upkeep
|
|t:|1776032033
|switch|p2a: Mejiro Valiant|Iron Valiant|100/100
|-activate|p2a: Mejiro Valiant|move: Sticky Web
|-unboost|p2a: Mejiro Valiant|spe|1
|-enditem|p2a: Mejiro Valiant|Booster Energy
|-activate|p2a: Mejiro Valiant|ability: Quark Drive|[fromitem]
|-start|p2a: Mejiro Valiant|quarkdriveatk
|turn|16
|
|t:|1776032040
|move|p1a: Kingambit|Shadow Ball|p2a: Mejiro Valiant
|-damage|p2a: Mejiro Valiant|0 fnt
|faint|p2a: Mejiro Valiant
|-end|p2a: Mejiro Valiant|Quark Drive|[silent]
|
|upkeep
|
|t:|1776032043
|switch|p2a: Dragnes Tachyon|Dragapult, M|100/100
|-activate|p2a: Dragnes Tachyon|move: Sticky Web
|-unboost|p2a: Dragnes Tachyon|spe|1
|turn|17
|-message|ElBigKahunas forfeited.
|
|win|awesomesamuel
|raw|awesomesamuel's rating: 1501 &rarr; <strong>1518</strong><br />(+17 for winning)
|raw|ElBigKahunas's rating: 1455 &rarr; <strong>1438</strong><br />(-17 for losing)
|l|☆ElBigKahunas
|player|p2|
|l| ohko_smeargle
|l|‽awesomesamuel
|player|p1|
