|html|<div class="broadcast-blue"><strong>[Gen 9] OU is currently suspecting Tera Blast! For information on how to participate check out the <a href="https://www.smogon.com/tools/suspects/view/200">suspect thread</a>.</strong></div>
|j|☆jibreel69
|j|‽pzzatime
|t:|1776176486
|gametype|singles
|player|p1|jibreel69|benga|1545
|player|p2|pzzatime|102|1507
|gen|9
|tier|[Gen 9] OU
|rated|
|rule|HP Percentage Mod: HP is shown in percentages
|rule|Endless Battle Clause: Forcing endless battles is banned
|rule|Species Clause: Limit one of each Pokémon
|rule|OHKO Clause: OHKO moves are banned
|rule|Evasion Items Clause: Evasion items are banned
|rule|Evasion Moves Clause: Evasion moves are banned
|rule|Evasion Abilities Clause: Evasion abilities are banned
|rule|Sleep Moves Clause: Sleep-inducing moves are banned
|clearpoke
|poke|p1|Kingambit, F|
|poke|p1|Ursaluna, M|
|poke|p1|Dragapult, F|
|poke|p1|Manaphy|
|poke|p1|Glimmora, F|
|poke|p1|Zamazenta-*|
|poke|p2|Tinkaton, F|
|poke|p2|Great Tusk|
|poke|p2|Pecharunt|
|poke|p2|Alomomola, M|
|poke|p2|Hydreigon, M|
|poke|p2|Meowscarada, F|
|teampreview
|
|t:|1776176518
|teamsize|p1|6
|teamsize|p2|6
|start
|switch|p1a: Dragapult|Dragapult, F|100/100
|switch|p2a: Hydreigon|Hydreigon, M, shiny|100/100
|turn|1
|
|t:|1776176526
|switch|p2a: Alomomola|Alomomola, M, shiny|100/100
|move|p1a: Dragapult|Dragon Darts|p2a: Alomomola
|-crit|p2a: Alomomola
|-damage|p2a: Alomomola|73/100
|-anim|p1a: Dragapult|Dragon Darts|p2a: Alomomola
|-damage|p2a: Alomomola|56/100
|-damage|p1a: Dragapult|91/100|[from] item: Life Orb
|
|upkeep
|turn|2
|
|t:|1776176533
|move|p1a: Dragapult|Draco Meteor|p2a: Alomomola
|-damage|p2a: Alomomola|22/100
|-unboost|p1a: Dragapult|spa|2
|-damage|p1a: Dragapult|81/100|[from] item: Life Orb
|move|p2a: Alomomola|Flip Turn|p1a: Dragapult
|-resisted|p1a: Dragapult
|-damage|p1a: Dragapult|71/100
|
|t:|1776176537
|switch|p2a: Meowscarada|Meowscarada, F|100/100|[from] Flip Turn
|
|upkeep
|turn|3
|
|t:|1776176546
|switch|p1a: Glimmora|Glimmora, F|100/100
|move|p2a: Meowscarada|Knock Off|p1a: Glimmora
|-damage|p1a: Glimmora|62/100
|-activate|p1a: Glimmora|ability: Toxic Debris
|-sidestart|p2: pzzatime|move: Toxic Spikes
|-enditem|p1a: Glimmora|Red Card|[from] move: Knock Off|[of] p2a: Meowscarada
|
|upkeep
|turn|4
|
|t:|1776176555
|move|p2a: Meowscarada|Knock Off|p1a: Glimmora
|-damage|p1a: Glimmora|35/100
|-activate|p1a: Glimmora|ability: Toxic Debris
|-sidestart|p2: pzzatime|move: Toxic Spikes
|move|p1a: Glimmora|Stealth Rock|p2a: Meowscarada
|-sidestart|p2: pzzatime|move: Stealth Rock
|
|upkeep
|turn|5
|
|t:|1776176564
|switch|p2a: Tinkaton|Tinkaton, F, shiny|100/100
|-damage|p2a: Tinkaton|94/100|[from] Stealth Rock
|-ability|p2a: Tinkaton|Mold Breaker
|-item|p2a: Tinkaton|Air Balloon
|move|p1a: Glimmora|Earth Power|p2a: Tinkaton
|-immune|p2a: Tinkaton
|
|upkeep
|turn|6
|
|t:|1776176579
|move|p2a: Tinkaton|Stealth Rock|p1a: Glimmora
|-sidestart|p1: jibreel69|move: Stealth Rock
|move|p1a: Glimmora|Power Gem|p2a: Tinkaton
|-resisted|p2a: Tinkaton
|-damage|p2a: Tinkaton|75/100
|-enditem|p2a: Tinkaton|Air Balloon
|
|upkeep
|turn|7
|
|t:|1776176595
|move|p2a: Tinkaton|Gigaton Hammer|p1a: Glimmora
|-supereffective|p1a: Glimmora
|-damage|p1a: Glimmora|0 fnt
|faint|p1a: Glimmora
|
|upkeep
|
|t:|1776176598
|switch|p1a: Zamazenta|Zamazenta|100/100
|-damage|p1a: Zamazenta|94/100|[from] Stealth Rock
|-ability|p1a: Zamazenta|Dauntless Shield|boost
|-boost|p1a: Zamazenta|def|1
|turn|8
|
|t:|1776176600
|move|p1a: Zamazenta|Reflect|p1a: Zamazenta
|-sidestart|p1: jibreel69|Reflect
|move|p2a: Tinkaton|Thunder Wave|p1a: Zamazenta
|-status|p1a: Zamazenta|par
|
|upkeep
|turn|9
|
|t:|1776176607
|switch|p1a: Ursaluna|Ursaluna, M|100/100
|-damage|p1a: Ursaluna|94/100|[from] Stealth Rock
|move|p2a: Tinkaton|Encore||[still]
|-fail|p2a: Tinkaton
|
|-status|p1a: Ursaluna|brn|[from] item: Flame Orb
|upkeep
|turn|10
|
|t:|1776176617
|switch|p2a: Pecharunt|Pecharunt|100/100
|-sideend|p2: pzzatime|move: Toxic Spikes|[of] p2a: Pecharunt
|-damage|p2a: Pecharunt|88/100|[from] Stealth Rock
|move|p1a: Ursaluna|Trailblaze|p2a: Pecharunt
|-resisted|p2a: Pecharunt
|-damage|p2a: Pecharunt|81/100
|-boost|p1a: Ursaluna|spe|1
|-damage|p1a: Ursaluna|78/100 brn|[from] item: Rocky Helmet|[of] p2a: Pecharunt
|
|-damage|p1a: Ursaluna|72/100 brn|[from] brn
|upkeep
|turn|11
|
|t:|1776176645
|move|p1a: Ursaluna|Headlong Rush|p2a: Pecharunt
|-supereffective|p2a: Pecharunt
|-damage|p2a: Pecharunt|0 fnt
|-unboost|p1a: Ursaluna|def|1
|-unboost|p1a: Ursaluna|spd|1
|-damage|p1a: Ursaluna|55/100 brn|[from] item: Rocky Helmet|[of] p2a: Pecharunt
|faint|p2a: Pecharunt
|
|-damage|p1a: Ursaluna|49/100 brn|[from] brn
|upkeep
|
|t:|1776176672
|switch|p2a: Meowscarada|Meowscarada, F|100/100
|-damage|p2a: Meowscarada|88/100|[from] Stealth Rock
|turn|12
|
|t:|1776176678
|switch|p1a: Kingambit|Kingambit, F|100/100
|-damage|p1a: Kingambit|94/100|[from] Stealth Rock
|-activate|p1a: Kingambit|ability: Supreme Overlord
|-start|p1a: Kingambit|fallen1|[silent]
|move|p2a: Meowscarada|Flower Trick|p1a: Kingambit
|-resisted|p1a: Kingambit
|-crit|p1a: Kingambit
|-damage|p1a: Kingambit|73/100
|
|-heal|p1a: Kingambit|80/100|[from] item: Leftovers
|upkeep
|turn|13
|
|t:|1776176695
|switch|p2a: Great Tusk|Great Tusk, shiny|100/100
|-damage|p2a: Great Tusk|98/100|[from] Stealth Rock
|move|p1a: Kingambit|Kowtow Cleave|p2a: Great Tusk
|-resisted|p2a: Great Tusk
|-damage|p2a: Great Tusk|79/100
|
|-heal|p1a: Kingambit|86/100|[from] item: Leftovers
|upkeep
|turn|14
|
|t:|1776176714
|-terastallize|p1a: Kingambit|Fairy
|move|p2a: Great Tusk|Rapid Spin|p1a: Kingambit
|-damage|p1a: Kingambit|78/100
|-boost|p2a: Great Tusk|spe|1
|-sideend|p2: pzzatime|Stealth Rock|[from] move: Rapid Spin|[of] p2a: Great Tusk
|-damage|p2a: Great Tusk|69/100|[from] item: Life Orb
|move|p1a: Kingambit|Swords Dance|p1a: Kingambit
|-boost|p1a: Kingambit|atk|2
|
|-heal|p1a: Kingambit|84/100|[from] item: Leftovers
|upkeep
|turn|15
|
|t:|1776176721
|-end|p2a: Great Tusk|Protosynthesis|[silent]
|switch|p2a: Tinkaton|Tinkaton, F, shiny|75/100
|-ability|p2a: Tinkaton|Mold Breaker
|move|p1a: Kingambit|Tera Blast|p2a: Tinkaton|[anim] Tera Blast Fairy
|-resisted|p2a: Tinkaton
|-damage|p2a: Tinkaton|4/100
|
|-heal|p1a: Kingambit|90/100|[from] item: Leftovers
|-sideend|p1: jibreel69|Reflect
|upkeep
|turn|16
|
|t:|1776176732
|move|p2a: Tinkaton|Encore|p1a: Kingambit
|-start|p1a: Kingambit|Encore
|move|p1a: Kingambit|Tera Blast|p2a: Tinkaton|[anim] Tera Blast Fairy
|-resisted|p2a: Tinkaton
|-damage|p2a: Tinkaton|0 fnt
|faint|p2a: Tinkaton
|
|-heal|p1a: Kingambit|96/100|[from] item: Leftovers
|upkeep
|
|t:|1776176757
|switch|p2a: Hydreigon|Hydreigon, M, shiny|100/100
|turn|17
|
|t:|1776176760
|move|p2a: Hydreigon|Flash Cannon|p1a: Kingambit
|-supereffective|p1a: Kingambit
|-damage|p1a: Kingambit|39/100
|move|p1a: Kingambit|Tera Blast|p2a: Hydreigon|[anim] Tera Blast Fairy
|-supereffective|p2a: Hydreigon
|-damage|p2a: Hydreigon|0 fnt
|faint|p2a: Hydreigon
|
|-heal|p1a: Kingambit|45/100|[from] item: Leftovers
|upkeep
|
|t:|1776176809
|switch|p2a: Meowscarada|Meowscarada, F|88/100
|turn|18
|
|t:|1776176823
|-terastallize|p2a: Meowscarada|Grass
|move|p2a: Meowscarada|Flower Trick|p1a: Kingambit
|-crit|p1a: Kingambit
|-damage|p1a: Kingambit|0 fnt
|faint|p1a: Kingambit
|-end|p1a: Kingambit|fallen1|[silent]
|
|upkeep
|
|t:|1776176832
|switch|p1a: Dragapult|Dragapult, F|71/100
|-damage|p1a: Dragapult|58/100|[from] Stealth Rock
|turn|19
|
|t:|1776176839
|switch|p2a: Alomomola|Alomomola, M, shiny|56/100
|move|p1a: Dragapult|Fire Blast|p2a: Alomomola
|-resisted|p2a: Alomomola
|-damage|p2a: Alomomola|46/100
|-damage|p1a: Dragapult|48/100|[from] item: Life Orb
|
|upkeep
|turn|20
|
|t:|1776176856
|move|p1a: Dragapult|Dragon Darts|p2a: Alomomola
|-damage|p2a: Alomomola|27/100
|-anim|p1a: Dragapult|Dragon Darts|p2a: Alomomola
|-damage|p2a: Alomomola|9/100
|-damage|p1a: Dragapult|39/100|[from] item: Life Orb
|move|p2a: Alomomola|Flip Turn|p1a: Dragapult
|-resisted|p1a: Dragapult
|-crit|p1a: Dragapult
|-damage|p1a: Dragapult|23/100
|
|t:|1776176862
|switch|p2a: Meowscarada|Meowscarada, F, tera:Grass|88/100|[from] Flip Turn
|
|upkeep
|turn|21
|
|t:|1776176869
|move|p2a: Meowscarada|Flower Trick|p1a: Dragapult
|-resisted|p1a: Dragapult
|-crit|p1a: Dragapult
|-damage|p1a: Dragapult|0 fnt
|faint|p1a: Dragapult
|
|upkeep
|
|t:|1776176881
|switch|p1a: Zamazenta|Zamazenta|94/100 par
|-damage|p1a: Zamazenta|88/100 par|[from] Stealth Rock
|turn|22
|
|t:|1776176885
|move|p2a: Meowscarada|Flower Trick|p1a: Zamazenta
|-crit|p1a: Zamazenta
|-damage|p1a: Zamazenta|22/100 par
|move|p1a: Zamazenta|Close Combat|p2a: Meowscarada
|-damage|p2a: Meowscarada|0 fnt
|-unboost|p1a: Zamazenta|def|1
|-unboost|p1a: Zamazenta|spd|1
|faint|p2a: Meowscarada
|
|upkeep
|
|t:|1776176900
|switch|p2a: Alomomola|Alomomola, M, shiny|42/100
|turn|23
|
|t:|1776176924
|move|p1a: Zamazenta|Reflect|p1a: Zamazenta
|-sidestart|p1: jibreel69|Reflect
|move|p2a: Alomomola|Mirror Coat||[still]
|-fail|p2a: Alomomola
|
|upkeep
|turn|24
|
|t:|1776176947
|switch|p1a: Manaphy|Manaphy|100/100
|-damage|p1a: Manaphy|88/100|[from] Stealth Rock
|move|p2a: Alomomola|Flip Turn|p1a: Manaphy
|-resisted|p1a: Manaphy
|-damage|p1a: Manaphy|84/100
|
|t:|1776176950
|switch|p2a: Great Tusk|Great Tusk, shiny|69/100|[from] Flip Turn
|
|-heal|p1a: Manaphy|91/100|[from] item: Leftovers
|upkeep
|turn|25
|
|t:|1776176960
|-end|p2a: Great Tusk|Protosynthesis|[silent]
|switch|p2a: Alomomola|Alomomola, M, shiny|75/100
|move|p1a: Manaphy|Alluring Voice|p2a: Alomomola
|-crit|p2a: Alomomola
|-damage|p2a: Alomomola|59/100
|
|-heal|p1a: Manaphy|97/100|[from] item: Leftovers
|upkeep
|turn|26
|
|t:|1776176977
|move|p1a: Manaphy|Tail Glow|p1a: Manaphy
|-boost|p1a: Manaphy|spa|3
|move|p2a: Alomomola|Play Rough|p1a: Manaphy
|-damage|p1a: Manaphy|88/100
|
|-heal|p1a: Manaphy|94/100|[from] item: Leftovers
|upkeep
|turn|27
|
|t:|1776176985
|move|p1a: Manaphy|Substitute|p1a: Manaphy
|-start|p1a: Manaphy|Substitute
|-damage|p1a: Manaphy|69/100
|move|p2a: Alomomola|Mirror Coat||[still]
|-fail|p2a: Alomomola
|
|-heal|p1a: Manaphy|75/100|[from] item: Leftovers
|upkeep
|turn|28
|-message|pzzatime forfeited.
|
|win|jibreel69
|raw|jibreel69's rating: 1545 &rarr; <strong>1563</strong><br />(+18 for winning)
|raw|pzzatime's rating: 1507 &rarr; <strong>1489</strong><br />(-18 for losing)
|l|‽pzzatime
|player|p2|
