|html|<div class="broadcast-blue"><strong>[Gen 9] OU is currently suspecting Tera Blast! For information on how to participate check out the <a href="https://www.smogon.com/tools/suspects/view/200">suspect thread</a>.</strong></div>
|j|☆XdAppleBear
|j|☆fautser
|t:|1776294494
|gametype|singles
|player|p1|XdAppleBear|169|1043
|player|p2|fautser|kimonogirl|1060
|gen|9
|tier|[Gen 9] OU
|rated|
|rule|HP Percentage Mod: HP is shown in percentages
|rule|Endless Battle Clause: Forcing endless battles is banned
|rule|Species Clause: Limit one of each Pokémon
|rule|OHKO Clause: OHKO moves are banned
|rule|Evasion Items Clause: Evasion items are banned
|rule|Evasion Moves Clause: Evasion moves are banned
|rule|Evasion Abilities Clause: Evasion abilities are banned
|rule|Sleep Moves Clause: Sleep-inducing moves are banned
|clearpoke
|poke|p1|Clefable, M|
|poke|p1|Dragonite, M|
|poke|p1|Diancie|
|poke|p1|Iron Hands|
|poke|p1|Ursaluna, F|
|poke|p1|Hatterene, F|
|poke|p2|Zamazenta-*|
|poke|p2|Darkrai|
|poke|p2|Landorus-Therian, M|
|poke|p2|Glimmora, F|
|poke|p2|Rillaboom, F|
|poke|p2|Dragonite, F|
|teampreview
|
|t:|1776294503
|teamsize|p1|6
|teamsize|p2|6
|start
|switch|p1a: Clefable|Clefable, M, shiny|100/100
|switch|p2a: Landorus|Landorus-Therian, M|100/100
|-ability|p2a: Landorus|Intimidate|boost
|-unboost|p1a: Clefable|atk|1
|turn|1
|
|t:|1776294524
|move|p2a: Landorus|Taunt|p1a: Clefable
|-start|p1a: Clefable|move: Taunt
|cant|p1a: Clefable|move: Taunt|Metronome
|
|upkeep
|turn|2
|
|t:|1776294533
|move|p2a: Landorus|Stealth Rock|p1a: Clefable
|-sidestart|p1: XdAppleBear|move: Stealth Rock
|-activate|p1a: Clefable|move: Struggle
|move|p1a: Clefable|Struggle|p2a: Landorus
|-damage|p2a: Landorus|94/100
|-damage|p1a: Clefable|75/100|[from] recoil
|
|-heal|p1a: Clefable|81/100|[from] item: Leftovers
|upkeep
|turn|3
|
|t:|1776294546
|move|p2a: Landorus|U-turn|p1a: Clefable
|-resisted|p1a: Clefable
|-damage|p1a: Clefable|73/100
|
|t:|1776294549
|switch|p2a: Glimmora|Glimmora, F|100/100|[from] U-turn
|-item|p2a: Glimmora|Air Balloon
|-activate|p1a: Clefable|move: Struggle
|move|p1a: Clefable|Struggle|p2a: Glimmora
|-damage|p2a: Glimmora|94/100
|-activate|p2a: Glimmora|ability: Toxic Debris
|-sidestart|p1: XdAppleBear|move: Toxic Spikes
|-enditem|p2a: Glimmora|Air Balloon
|-damage|p1a: Clefable|47/100|[from] recoil
|
|-heal|p1a: Clefable|54/100|[from] item: Leftovers
|-end|p1a: Clefable|move: Taunt
|upkeep
|turn|4
|
|t:|1776294572
|switch|p2a: Landorus|Landorus-Therian, M|94/100
|-ability|p2a: Landorus|Intimidate|boost
|-unboost|p1a: Clefable|atk|1
|move|p1a: Clefable|Metronome|p1a: Clefable
|move|p1a: Clefable|Reversal|p2a: Landorus|[from] move: Metronome
|-resisted|p2a: Landorus
|-damage|p2a: Landorus|92/100
|
|-heal|p1a: Clefable|60/100|[from] item: Leftovers
|upkeep
|turn|5
|
|t:|1776294585
|move|p2a: Landorus|Taunt|p1a: Clefable
|-start|p1a: Clefable|move: Taunt
|cant|p1a: Clefable|move: Taunt|Metronome
|
|-heal|p1a: Clefable|66/100|[from] item: Leftovers
|upkeep
|turn|6
|
|t:|1776294592
|move|p2a: Landorus|Earthquake|p1a: Clefable
|-damage|p1a: Clefable|27/100
|-activate|p1a: Clefable|move: Struggle
|move|p1a: Clefable|Struggle|p2a: Landorus
|-damage|p2a: Landorus|87/100
|-damage|p1a: Clefable|2/100|[from] recoil
|
|-heal|p1a: Clefable|8/100|[from] item: Leftovers
|upkeep
|turn|7
|
|t:|1776294602
|move|p2a: Landorus|Earthquake|p1a: Clefable
|-damage|p1a: Clefable|0 fnt
|faint|p1a: Clefable
|
|upkeep
|
|t:|1776294608
|switch|p1a: Dragonite|Dragonite, M, shiny|100/100
|-damage|p1a: Dragonite|75/100|[from] Stealth Rock
|turn|8
|
|t:|1776294622
|move|p2a: Landorus|U-turn|p1a: Dragonite
|-resisted|p1a: Dragonite
|-damage|p1a: Dragonite|64/100
|
|t:|1776294625
|switch|p2a: Darkrai|Darkrai|100/100|[from] U-turn
|move|p1a: Dragonite|Metronome|p1a: Dragonite
|move|p1a: Dragonite|Defense Curl|p1a: Dragonite|[from] move: Metronome
|-boost|p1a: Dragonite|def|1
|
|-heal|p1a: Dragonite|71/100|[from] item: Leftovers
|upkeep
|turn|9
|
|t:|1776294635
|move|p2a: Darkrai|Ice Beam|p1a: Dragonite
|-supereffective|p1a: Dragonite
|-damage|p1a: Dragonite|0 fnt
|faint|p1a: Dragonite
|
|upkeep
|
|t:|1776294644
|switch|p1a: Iron Hands|Iron Hands|100/100
|-damage|p1a: Iron Hands|94/100|[from] Stealth Rock
|-status|p1a: Iron Hands|psn
|turn|10
|
|t:|1776294654
|switch|p2a: Zamazenta|Zamazenta|100/100
|-ability|p2a: Zamazenta|Dauntless Shield|boost
|-boost|p2a: Zamazenta|def|1
|move|p1a: Iron Hands|Metronome|p1a: Iron Hands
|move|p1a: Iron Hands|Quick Attack|p2a: Zamazenta|[from] move: Metronome
|-damage|p2a: Zamazenta|94/100
|
|-heal|p2a: Zamazenta|99/100|[from] item: Leftovers
|-damage|p1a: Iron Hands|82/100 psn|[from] psn
|upkeep
|turn|11
|
|t:|1776294667
|move|p1a: Iron Hands|Metronome|p1a: Iron Hands
|move|p1a: Iron Hands|Whirlwind|p2a: Zamazenta|[from] move: Metronome
|drag|p2a: Rillaboom|Rillaboom, F|100/100
|-fieldstart|move: Grassy Terrain|[from] ability: Grassy Surge|[of] p2a: Rillaboom
|
|-heal|p1a: Iron Hands|88/100 psn|[from] Grassy Terrain
|-damage|p1a: Iron Hands|75/100 psn|[from] psn
|upkeep
|turn|12
|
|t:|1776294681
|move|p2a: Rillaboom|Wood Hammer|p1a: Iron Hands
|-damage|p1a: Iron Hands|2/100 psn
|-damage|p2a: Rillaboom|64/100|[from] Recoil
|move|p1a: Iron Hands|Metronome|p1a: Iron Hands
|move|p1a: Iron Hands|Light Screen|p1a: Iron Hands|[from] move: Metronome
|-sidestart|p1: XdAppleBear|move: Light Screen
|
|-heal|p2a: Rillaboom|70/100|[from] Grassy Terrain
|-heal|p1a: Iron Hands|9/100 psn|[from] Grassy Terrain
|-damage|p1a: Iron Hands|0 fnt|[from] psn
|faint|p1a: Iron Hands
|-end|p1a: Iron Hands|Quark Drive|[silent]
|upkeep
|
|t:|1776294698
|switch|p1a: Hatterene|Hatterene, F|100/100
|-damage|p1a: Hatterene|88/100|[from] Stealth Rock
|-status|p1a: Hatterene|psn
|turn|13
|
|t:|1776294704
|move|p2a: Rillaboom|Wood Hammer|p1a: Hatterene
|-damage|p1a: Hatterene|0 fnt
|faint|p1a: Hatterene
|-damage|p2a: Rillaboom|49/100|[from] Recoil
|
|-heal|p2a: Rillaboom|55/100|[from] Grassy Terrain
|upkeep
|
|t:|1776294713
|switch|p1a: Diancie|Diancie|100/100
|-damage|p1a: Diancie|88/100|[from] Stealth Rock
|-status|p1a: Diancie|psn
|turn|14
|
|t:|1776294718
|move|p2a: Rillaboom|Wood Hammer|p1a: Diancie
|-supereffective|p1a: Diancie
|-damage|p1a: Diancie|0 fnt
|faint|p1a: Diancie
|-damage|p2a: Rillaboom|34/100|[from] Recoil
|
|-heal|p2a: Rillaboom|40/100|[from] Grassy Terrain
|upkeep
|
|t:|1776294727
|switch|p1a: Ursaluna|Ursaluna, F|100/100
|-damage|p1a: Ursaluna|94/100|[from] Stealth Rock
|-status|p1a: Ursaluna|psn
|turn|15
|
|t:|1776294732
|move|p2a: Rillaboom|Wood Hammer|p1a: Ursaluna
|-supereffective|p1a: Ursaluna
|-damage|p1a: Ursaluna|0 fnt
|faint|p1a: Ursaluna
|-damage|p2a: Rillaboom|0 fnt|[from] Recoil
|faint|p2a: Rillaboom
|
|win|fautser
|raw|XdAppleBear's rating: 1043 &rarr; <strong>1027</strong><br />(-16 for losing)
|raw|fautser's rating: 1060 &rarr; <strong>1089</strong><br />(+29 for winning)
