|html|<div class="broadcast-blue"><strong>[Gen 9] OU is currently suspecting Tera Blast! For information on how to participate check out the <a href="https://www.smogon.com/tools/suspects/view/200">suspect thread</a>.</strong></div>
|j|☆guyttt
|j|☆Vivlo
|t:|1776091607
|gametype|singles
|player|p1|guyttt|iris|1104
|player|p2|Vivlo|hilbert-wonderlauncher|1078
|gen|9
|tier|[Gen 9] OU
|rated|
|rule|HP Percentage Mod: HP is shown in percentages
|rule|Endless Battle Clause: Forcing endless battles is banned
|rule|Species Clause: Limit one of each Pokémon
|rule|OHKO Clause: OHKO moves are banned
|rule|Evasion Items Clause: Evasion items are banned
|rule|Evasion Moves Clause: Evasion moves are banned
|rule|Evasion Abilities Clause: Evasion abilities are banned
|rule|Sleep Moves Clause: Sleep-inducing moves are banned
|clearpoke
|poke|p1|Incineroar, M|
|poke|p1|Thundurus, M|
|poke|p1|Ogerpon, F|
|poke|p1|Gligar, M|
|poke|p1|Sylveon, F|
|poke|p1|Enamorus, F|
|poke|p2|Dragonite, F|
|poke|p2|Hatterene, F|
|poke|p2|Weavile, M|
|poke|p2|Ogerpon-Wellspring, F|
|poke|p2|Kingambit, F|
|poke|p2|Great Tusk|
|teampreview
|inactive|Battle timer is ON: inactive players will automatically lose when time's up. (requested by Vivlo)
|
|t:|1776091616
|teamsize|p1|6
|teamsize|p2|6
|start
|switch|p1a: Thundurus|Thundurus, M|100/100
|switch|p2a: Z-machine|Great Tusk|100/100
|turn|1
|
|t:|1776091623
|move|p1a: Thundurus|Taunt|p2a: Z-machine
|-start|p2a: Z-machine|move: Taunt
|move|p2a: Z-machine|Ice Spinner|p1a: Thundurus
|-supereffective|p1a: Thundurus
|-damage|p1a: Thundurus|21/100
|
|upkeep
|turn|2
|
|t:|1776091630
|switch|p1a: Incineroar|Incineroar, M|100/100
|-ability|p1a: Incineroar|Intimidate|boost
|-unboost|p2a: Z-machine|atk|1
|move|p2a: Z-machine|Ice Spinner|p1a: Incineroar
|-resisted|p1a: Incineroar
|-damage|p1a: Incineroar|92/100
|
|upkeep
|turn|3
|
|t:|1776091639
|move|p1a: Incineroar|Fake Out|p2a: Z-machine
|-damage|p2a: Z-machine|93/100
|cant|p2a: Z-machine|flinch
|
|-end|p2a: Z-machine|move: Taunt
|upkeep
|turn|4
|
|t:|1776091646
|switch|p1a: Enamorus|Enamorus, F|100/100
|move|p2a: Z-machine|Close Combat|p1a: Enamorus
|-resisted|p1a: Enamorus
|-damage|p1a: Enamorus|84/100
|-unboost|p2a: Z-machine|def|1
|-unboost|p2a: Z-machine|spd|1
|
|-heal|p1a: Enamorus|90/100|[from] item: Leftovers
|upkeep
|turn|5
|
|t:|1776091654
|move|p1a: Enamorus|Superpower|p2a: Z-machine
|-damage|p2a: Z-machine|50/100
|-boost|p1a: Enamorus|atk|1
|-boost|p1a: Enamorus|def|1
|move|p2a: Z-machine|Ice Spinner|p1a: Enamorus
|-supereffective|p1a: Enamorus
|-damage|p1a: Enamorus|49/100
|
|-heal|p1a: Enamorus|55/100|[from] item: Leftovers
|upkeep
|turn|6
|
|t:|1776091662
|move|p1a: Enamorus|Superpower|p2a: Z-machine
|-damage|p2a: Z-machine|0 fnt
|-boost|p1a: Enamorus|atk|1
|-boost|p1a: Enamorus|def|1
|faint|p2a: Z-machine
|-end|p2a: Z-machine|Protosynthesis|[silent]
|
|-heal|p1a: Enamorus|61/100|[from] item: Leftovers
|upkeep
|
|t:|1776091672
|switch|p2a: PrinceDeSangMêlé|Kingambit, F|100/100
|-activate|p2a: PrinceDeSangMêlé|ability: Supreme Overlord
|-start|p2a: PrinceDeSangMêlé|fallen1|[silent]
|turn|7
|
|t:|1776091679
|-terastallize|p2a: PrinceDeSangMêlé|Fairy
|move|p1a: Enamorus|Superpower|p2a: PrinceDeSangMêlé
|-resisted|p2a: PrinceDeSangMêlé
|-damage|p2a: PrinceDeSangMêlé|67/100
|-boost|p1a: Enamorus|atk|1
|-boost|p1a: Enamorus|def|1
|move|p2a: PrinceDeSangMêlé|Iron Head|p1a: Enamorus
|-supereffective|p1a: Enamorus
|-damage|p1a: Enamorus|0 fnt
|faint|p1a: Enamorus
|
|upkeep
|
|t:|1776091693
|switch|p1a: Gligar|Gligar, M|100/100
|turn|8
|
|t:|1776091697
|move|p1a: Gligar|Toxic|p2a: PrinceDeSangMêlé
|-status|p2a: PrinceDeSangMêlé|tox
|move|p2a: PrinceDeSangMêlé|Swords Dance|p2a: PrinceDeSangMêlé
|-boost|p2a: PrinceDeSangMêlé|atk|2
|
|-damage|p2a: PrinceDeSangMêlé|61/100 tox|[from] psn
|upkeep
|turn|9
|
|t:|1776091717
|move|p1a: Gligar|Crabhammer|p2a: PrinceDeSangMêlé
|-damage|p2a: PrinceDeSangMêlé|40/100 tox
|move|p2a: PrinceDeSangMêlé|Kowtow Cleave|p1a: Gligar
|-crit|p1a: Gligar
|-damage|p1a: Gligar|0 fnt
|faint|p1a: Gligar
|
|-damage|p2a: PrinceDeSangMêlé|28/100 tox|[from] psn
|upkeep
|
|t:|1776091725
|switch|p1a: Incineroar|Incineroar, M|92/100
|-ability|p1a: Incineroar|Intimidate|boost
|-fail|p2a: PrinceDeSangMêlé|unboost|[from] item: Clear Amulet|[of] p2a: PrinceDeSangMêlé
|turn|10
|
|t:|1776091730
|move|p1a: Incineroar|Fake Out|p2a: PrinceDeSangMêlé
|-damage|p2a: PrinceDeSangMêlé|19/100 tox
|cant|p2a: PrinceDeSangMêlé|flinch
|
|-damage|p2a: PrinceDeSangMêlé|0 fnt|[from] psn
|faint|p2a: PrinceDeSangMêlé
|-end|p2a: PrinceDeSangMêlé|fallen1|[silent]
|upkeep
|
|t:|1776091733
|switch|p2a: Swish|Dragonite, F|100/100
|turn|11
|
|t:|1776091740
|move|p2a: Swish|Dragon Dance|p2a: Swish
|-boost|p2a: Swish|atk|1
|-boost|p2a: Swish|spe|1
|move|p1a: Incineroar|Parting Shot|p2a: Swish
|-unboost|p2a: Swish|atk|1
|-unboost|p2a: Swish|spa|1
|
|t:|1776091747
|switch|p1a: Thundurus|Thundurus, M|21/100|[from] Parting Shot
|
|upkeep
|turn|12
|
|t:|1776091750
|move|p1a: Thundurus|Thunder Wave|p2a: Swish|[miss]
|-miss|p1a: Thundurus|p2a: Swish
|move|p2a: Swish|Ice Spinner|p1a: Thundurus
|-supereffective|p1a: Thundurus
|-damage|p1a: Thundurus|0 fnt
|faint|p1a: Thundurus
|
|upkeep
|
|t:|1776091753
|switch|p1a: Incineroar|Incineroar, M|92/100
|-ability|p1a: Incineroar|Intimidate|boost
|-unboost|p2a: Swish|atk|1
|turn|13
|
|t:|1776091759
|move|p1a: Incineroar|Fake Out|p2a: Swish
|-damage|p2a: Swish|95/100
|cant|p2a: Swish|flinch
|
|-heal|p2a: Swish|100/100|[from] item: Leftovers
|upkeep
|turn|14
|
|t:|1776091762
|move|p2a: Swish|Encore|p1a: Incineroar
|-start|p1a: Incineroar|Encore
|move|p1a: Incineroar|Fake Out||[still]
|-hint|Fake Out only works on your first turn out.
|-fail|p1a: Incineroar
|
|upkeep
|turn|15
|
|t:|1776091772
|switch|p1a: Sylveon|Sylveon, F|100/100
|move|p2a: Swish|Ice Spinner|p1a: Sylveon
|-damage|p1a: Sylveon|78/100
|
|upkeep
|turn|16
|
|t:|1776091778
|switch|p2a: Vent de l'est|Hatterene, F|100/100
|move|p1a: Sylveon|Hyper Voice|p2a: Vent de l'est
|-damage|p2a: Vent de l'est|44/100
|
|upkeep
|turn|17
|
|t:|1776091785
|move|p1a: Sylveon|Hyper Voice|p2a: Vent de l'est
|-damage|p2a: Vent de l'est|0 fnt
|faint|p2a: Vent de l'est
|
|upkeep
|
|t:|1776091793
|switch|p2a: Maladresse|Ogerpon-Wellspring, F|100/100
|turn|18
|
|t:|1776091819
|move|p2a: Maladresse|Ivy Cudgel|p1a: Sylveon|[anim] Ivy Cudgel Water
|-damage|p1a: Sylveon|2/100
|move|p1a: Sylveon|Hyper Voice|p2a: Maladresse
|-damage|p2a: Maladresse|36/100
|
|upkeep
|turn|19
|
|t:|1776091826
|move|p2a: Maladresse|Ivy Cudgel|p1a: Sylveon|[anim] Ivy Cudgel Water
|-damage|p1a: Sylveon|0 fnt
|faint|p1a: Sylveon
|
|upkeep
|
|t:|1776091830
|switch|p1a: Incineroar|Incineroar, M|92/100
|-ability|p1a: Incineroar|Intimidate|boost
|-unboost|p2a: Maladresse|atk|1
|turn|20
|
|t:|1776091833
|move|p1a: Incineroar|Fake Out|p2a: Maladresse
|-damage|p2a: Maladresse|21/100
|cant|p2a: Maladresse|flinch
|
|upkeep
|turn|21
|
|t:|1776091843
|move|p2a: Maladresse|Ivy Cudgel|p1a: Incineroar|[anim] Ivy Cudgel Water
|-supereffective|p1a: Incineroar
|-damage|p1a: Incineroar|12/100
|move|p1a: Incineroar|Parting Shot|p2a: Maladresse
|-unboost|p2a: Maladresse|atk|1
|-unboost|p2a: Maladresse|spa|1
|
|t:|1776091847
|switch|p1a: Ogerpon|Ogerpon, F|100/100|[from] Parting Shot
|
|upkeep
|turn|22
|
|t:|1776091855
|move|p2a: Maladresse|Play Rough|p1a: Ogerpon
|-damage|p1a: Ogerpon|76/100
|move|p1a: Ogerpon|U-turn|p2a: Maladresse
|-supereffective|p2a: Maladresse
|-damage|p2a: Maladresse|0 fnt
|faint|p2a: Maladresse
|
|t:|1776091861
|switch|p1a: Incineroar|Incineroar, M|12/100|[from] U-turn
|
|upkeep
|
|t:|1776091864
|switch|p2a: Swish|Dragonite, F|100/100
|turn|23
|
|t:|1776091870
|move|p1a: Incineroar|Fake Out|p2a: Swish
|-damage|p2a: Swish|95/100
|cant|p2a: Swish|flinch
|
|-heal|p2a: Swish|100/100|[from] item: Leftovers
|upkeep
|turn|24
|
|t:|1776091881
|-terastallize|p1a: Incineroar|Ghost
|move|p2a: Swish|Dragon Dance|p2a: Swish
|-boost|p2a: Swish|atk|1
|-boost|p2a: Swish|spe|1
|move|p1a: Incineroar|Parting Shot|p2a: Swish
|-unboost|p2a: Swish|atk|1
|-unboost|p2a: Swish|spa|1
|
|t:|1776091887
|switch|p1a: Ogerpon|Ogerpon, F|76/100|[from] Parting Shot
|
|upkeep
|turn|25
|
|t:|1776091890
|move|p2a: Swish|Ice Spinner|p1a: Ogerpon
|-supereffective|p1a: Ogerpon
|-damage|p1a: Ogerpon|0 fnt
|faint|p1a: Ogerpon
|
|upkeep
|
|t:|1776091893
|switch|p1a: Incineroar|Incineroar, M, tera:Ghost|12/100
|-ability|p1a: Incineroar|Intimidate|boost
|-unboost|p2a: Swish|atk|1
|turn|26
|
|t:|1776091900
|move|p2a: Swish|Earthquake|p1a: Incineroar
|-damage|p1a: Incineroar|0 fnt
|faint|p1a: Incineroar
|
|win|Vivlo
|raw|guyttt's rating: 1104 &rarr; <strong>1077</strong><br />(-27 for losing)
|raw|Vivlo's rating: 1078 &rarr; <strong>1108</strong><br />(+30 for winning)
|l|☆Vivlo
|player|p2|
