|html|<div class="broadcast-blue"><strong>[Gen 9] OU is currently suspecting Tera Blast! For information on how to participate check out the <a href="https://www.smogon.com/tools/suspects/view/200">suspect thread</a>.</strong></div>
|j|☆bigmac1993
|j|☆nihilisticmaniac
|t:|1776054979
|gametype|singles
|player|p1|bigmac1993|jasmine|1069
|player|p2|nihilisticmaniac|n|1077
|gen|9
|tier|[Gen 9] OU
|rated|
|rule|HP Percentage Mod: HP is shown in percentages
|rule|Endless Battle Clause: Forcing endless battles is banned
|rule|Species Clause: Limit one of each Pokémon
|rule|OHKO Clause: OHKO moves are banned
|rule|Evasion Items Clause: Evasion items are banned
|rule|Evasion Moves Clause: Evasion moves are banned
|rule|Evasion Abilities Clause: Evasion abilities are banned
|rule|Sleep Moves Clause: Sleep-inducing moves are banned
|clearpoke
|poke|p1|Dragonite, M|
|poke|p1|Samurott-Hisui, M|
|poke|p1|Clefable, F|
|poke|p1|Gliscor, M|
|poke|p1|Gholdengo|
|poke|p1|Zamazenta-*|
|poke|p2|Gallade, M|
|poke|p2|Serperior, F|
|poke|p2|Greninja-*, M|
|poke|p2|Toxtricity-Low-Key, F|
|poke|p2|Hawlucha, M|
|poke|p2|Duraludon, F|
|teampreview
|
|t:|1776054991
|teamsize|p1|6
|teamsize|p2|6
|start
|switch|p1a: Gucci|Gholdengo|100/100
|switch|p2a: Duraludon|Duraludon, F|100/100
|turn|1
|
|t:|1776055000
|move|p1a: Gucci|Trick|p2a: Duraludon
|-activate|p1a: Gucci|move: Trick|[of] p2a: Duraludon
|-item|p2a: Duraludon|Choice Scarf|[from] move: Trick
|-item|p1a: Gucci|Shell Bell|[from] move: Trick
|move|p2a: Duraludon|Iron Defense|p2a: Duraludon
|-boost|p2a: Duraludon|def|2
|
|upkeep
|turn|2
|
|t:|1776055013
|switch|p1a: Vexbolts|Samurott-Hisui, M, shiny|100/100
|move|p2a: Duraludon|Iron Defense|p2a: Duraludon
|-boost|p2a: Duraludon|def|2
|
|upkeep
|turn|3
|
|t:|1776055021
|move|p2a: Duraludon|Iron Defense|p2a: Duraludon
|-boost|p2a: Duraludon|def|2
|move|p1a: Vexbolts|Ceaseless Edge|p2a: Duraludon
|-damage|p2a: Duraludon|90/100
|-sidestart|p2: nihilisticmaniac|Spikes
|
|upkeep
|turn|4
|
|t:|1776055031
|move|p2a: Duraludon|Iron Defense|p2a: Duraludon
|-boost|p2a: Duraludon|def|0
|move|p1a: Vexbolts|Ceaseless Edge|p2a: Duraludon
|-crit|p2a: Duraludon
|-damage|p2a: Duraludon|31/100
|-sidestart|p2: nihilisticmaniac|Spikes
|
|upkeep
|turn|5
|
|t:|1776055038
|move|p2a: Duraludon|Iron Defense|p2a: Duraludon
|-boost|p2a: Duraludon|def|0
|move|p1a: Vexbolts|Ceaseless Edge|p2a: Duraludon
|-damage|p2a: Duraludon|21/100
|-sidestart|p2: nihilisticmaniac|Spikes
|
|upkeep
|turn|6
|
|t:|1776055046
|move|p2a: Duraludon|Iron Defense|p2a: Duraludon
|-boost|p2a: Duraludon|def|0
|move|p1a: Vexbolts|Knock Off|p2a: Duraludon
|-damage|p2a: Duraludon|12/100
|-enditem|p2a: Duraludon|Choice Scarf|[from] move: Knock Off|[of] p1a: Vexbolts
|
|upkeep
|turn|7
|
|t:|1776055055
|move|p1a: Vexbolts|Razor Shell|p2a: Duraludon
|-resisted|p2a: Duraludon
|-crit|p2a: Duraludon
|-damage|p2a: Duraludon|0 fnt
|faint|p2a: Duraludon
|
|upkeep
|
|t:|1776055061
|switch|p2a: yen|Hawlucha, M, shiny|100/100
|turn|8
|
|t:|1776055066
|switch|p1a: Feet pics|Gliscor, M|100/100
|move|p2a: yen|Defog|p1a: Feet pics
|-unboost|p1a: Feet pics|evasion|1
|-sideend|p2: nihilisticmaniac|Spikes|[from] move: Defog|[of] p2a: yen
|
|-status|p1a: Feet pics|tox|[from] item: Toxic Orb
|upkeep
|turn|9
|
|t:|1776055077
|move|p2a: yen|Swords Dance|p2a: yen
|-boost|p2a: yen|atk|2
|move|p1a: Feet pics|Swords Dance|p1a: Feet pics
|-boost|p1a: Feet pics|atk|2
|
|upkeep
|turn|10
|
|t:|1776055084
|move|p2a: yen|Acrobatics|p1a: Feet pics
|-damage|p1a: Feet pics|59/100 tox
|move|p1a: Feet pics|Facade|p2a: yen
|-crit|p2a: yen
|-damage|p2a: yen|0 fnt
|faint|p2a: yen
|
|-heal|p1a: Feet pics|71/100 tox|[from] ability: Poison Heal
|upkeep
|
|t:|1776055087
|switch|p2a: nine|Serperior, F, shiny|100/100
|turn|11
|
|t:|1776055098
|-terastallize|p1a: Feet pics|Normal
|move|p2a: nine|Leaf Storm|p1a: Feet pics
|-damage|p1a: Feet pics|3/100 tox
|-boost|p2a: nine|spa|2
|move|p1a: Feet pics|Facade|p2a: nine
|-damage|p2a: nine|0 fnt
|faint|p2a: nine
|
|-heal|p1a: Feet pics|16/100 tox|[from] ability: Poison Heal
|upkeep
|-message|nihilisticmaniac forfeited.
|
|win|bigmac1993
|raw|bigmac1993's rating: 1069 &rarr; <strong>1099</strong><br />(+30 for winning)
|raw|nihilisticmaniac's rating: 1077 &rarr; <strong>1055</strong><br />(-22 for losing)
|l|☆nihilisticmaniac
|player|p2|
|l|☆bigmac1993
|player|p1|
