|html|<div class="broadcast-blue"><strong>[Gen 9] OU is currently suspecting Tera Blast! For information on how to participate check out the <a href="https://www.smogon.com/tools/suspects/view/200">suspect thread</a>.</strong></div>
|j|☆papablanco
|j|‽Jonthan Ringo
|t:|1776101638
|gametype|singles
|player|p1|papablanco|169|1342
|player|p2|Jonthan Ringo|lucas|1288
|gen|9
|tier|[Gen 9] OU
|rated|
|rule|HP Percentage Mod: HP is shown in percentages
|rule|Endless Battle Clause: Forcing endless battles is banned
|rule|Species Clause: Limit one of each Pokémon
|rule|OHKO Clause: OHKO moves are banned
|rule|Evasion Items Clause: Evasion items are banned
|rule|Evasion Moves Clause: Evasion moves are banned
|rule|Evasion Abilities Clause: Evasion abilities are banned
|rule|Sleep Moves Clause: Sleep-inducing moves are banned
|clearpoke
|poke|p1|Ninetales-Alola, F|
|poke|p1|Haxorus, F|
|poke|p1|Armarouge, M|
|poke|p1|Munkidori, M|
|poke|p1|Donphan, F|
|poke|p1|Ogerpon-Wellspring, F|
|poke|p2|Garchomp, M|
|poke|p2|Gholdengo|
|poke|p2|Greninja-*, M|
|poke|p2|Infernape, F|
|poke|p2|Great Tusk|
|poke|p2|Ambipom, F|
|teampreview
|inactive|Battle timer is ON: inactive players will automatically lose when time's up. (requested by Jonthan Ringo)
|
|t:|1776101657
|teamsize|p1|6
|teamsize|p2|6
|start
|switch|p1a: Ogerpon|Ogerpon-Wellspring, F|100/100
|switch|p2a: Garchomp|Garchomp, M|100/100
|turn|1
|
|t:|1776101661
|move|p1a: Ogerpon|Swords Dance|p1a: Ogerpon
|-boost|p1a: Ogerpon|atk|2
|move|p2a: Garchomp|Stealth Rock|p1a: Ogerpon
|-sidestart|p1: papablanco|move: Stealth Rock
|
|upkeep
|turn|2
|
|t:|1776101668
|move|p1a: Ogerpon|Trailblaze|p2a: Garchomp
|-damage|p2a: Garchomp|48/100
|-boost|p1a: Ogerpon|spe|1
|-damage|p1a: Ogerpon|88/100|[from] ability: Rough Skin|[of] p2a: Garchomp
|-damage|p1a: Ogerpon|72/100|[from] item: Rocky Helmet|[of] p2a: Garchomp
|move|p2a: Garchomp|Dragon Tail|p1a: Ogerpon
|-damage|p1a: Ogerpon|39/100
|drag|p1a: Ninetales|Ninetales-Alola, F|100/100
|-damage|p1a: Ninetales|75/100|[from] Stealth Rock
|-weather|Snowscape|[from] ability: Snow Warning|[of] p1a: Ninetales
|
|-weather|Snowscape|[upkeep]
|upkeep
|turn|3
|
|t:|1776101679
|move|p1a: Ninetales|Aurora Veil|p1a: Ninetales
|-sidestart|p1: papablanco|move: Aurora Veil
|move|p2a: Garchomp|Spikes|p1a: Ninetales
|-sidestart|p1: papablanco|Spikes
|
|-weather|Snowscape|[upkeep]
|upkeep
|turn|4
|
|t:|1776101682
|move|p1a: Ninetales|Freeze-Dry|p2a: Garchomp
|-supereffective|p2a: Garchomp
|-damage|p2a: Garchomp|0 fnt
|faint|p2a: Garchomp
|
|-weather|Snowscape|[upkeep]
|upkeep
|
|t:|1776101688
|switch|p2a: Ambipom|Ambipom, F|100/100
|turn|5
|
|t:|1776101692
|switch|p1a: Armarouge|Armarouge, M|100/100
|-damage|p1a: Armarouge|76/100|[from] Stealth Rock
|-damage|p1a: Armarouge|63/100|[from] Spikes
|move|p2a: Ambipom|Fake Out|p1a: Armarouge
|-crit|p1a: Armarouge
|-damage|p1a: Armarouge|25/100
|-ability|p1a: Armarouge|Weak Armor|boost
|-unboost|p1a: Armarouge|def|1
|-boost|p1a: Armarouge|spe|2
|
|-weather|Snowscape|[upkeep]
|-heal|p1a: Armarouge|31/100|[from] item: Leftovers
|upkeep
|turn|6
|
|t:|1776101708
|switch|p2a: Greninja|Greninja, M|100/100
|move|p1a: Armarouge|Iron Defense|p1a: Armarouge
|-boost|p1a: Armarouge|def|2
|
|-weather|none
|-heal|p1a: Armarouge|37/100|[from] item: Leftovers
|upkeep
|turn|7
|
|t:|1776101715
|move|p2a: Greninja|Water Shuriken|p1a: Armarouge
|-supereffective|p1a: Armarouge
|-damage|p1a: Armarouge|29/100
|-supereffective|p1a: Armarouge
|-damage|p1a: Armarouge|21/100
|-supereffective|p1a: Armarouge
|-crit|p1a: Armarouge
|-damage|p1a: Armarouge|0 fnt
|faint|p1a: Armarouge
|-ability|p2a: Greninja|Battle Bond|boost
|-boost|p2a: Greninja|atk|1
|-boost|p2a: Greninja|spa|1
|-boost|p2a: Greninja|spe|1
|-activate|p2a: Greninja|ability: Battle Bond
|-hitcount|p1: Armarouge|3
|
|upkeep
|
|t:|1776101727
|switch|p1a: Ogerpon|Ogerpon-Wellspring, F|39/100
|-damage|p1a: Ogerpon|27/100|[from] Stealth Rock
|-damage|p1a: Ogerpon|15/100|[from] Spikes
|turn|8
|
|t:|1776101732
|move|p2a: Greninja|Dark Pulse|p1a: Ogerpon
|-damage|p1a: Ogerpon|0 fnt
|faint|p1a: Ogerpon
|
|upkeep
|
|t:|1776101737
|switch|p1a: Haxorus|Haxorus, F|100/100
|-damage|p1a: Haxorus|88/100|[from] Stealth Rock
|-damage|p1a: Haxorus|76/100|[from] Spikes
|-ability|p1a: Haxorus|Mold Breaker
|turn|9
|
|t:|1776101740
|move|p2a: Greninja|Ice Beam|p1a: Haxorus
|-supereffective|p1a: Haxorus
|-damage|p1a: Haxorus|17/100
|move|p1a: Haxorus|Scale Shot|p2a: Greninja
|-damage|p2a: Greninja|76/100
|-damage|p2a: Greninja|53/100
|-damage|p2a: Greninja|29/100
|-damage|p2a: Greninja|4/100
|-hitcount|p2a: Greninja|4
|-unboost|p1a: Haxorus|def|1
|-boost|p1a: Haxorus|spe|1
|
|upkeep
|turn|10
|
|t:|1776101745
|-terastallize|p2a: Greninja|Water
|move|p2a: Greninja|Water Shuriken|p1a: Haxorus
|-resisted|p1a: Haxorus
|-damage|p1a: Haxorus|12/100
|-resisted|p1a: Haxorus
|-damage|p1a: Haxorus|7/100
|-resisted|p1a: Haxorus
|-damage|p1a: Haxorus|2/100
|-resisted|p1a: Haxorus
|-damage|p1a: Haxorus|0 fnt
|faint|p1a: Haxorus
|-hitcount|p1: Haxorus|4
|
|-sideend|p1: papablanco|move: Aurora Veil
|upkeep
|
|t:|1776101752
|switch|p1a: Ninetales|Ninetales-Alola, F|75/100
|-damage|p1a: Ninetales|50/100|[from] Stealth Rock
|-damage|p1a: Ninetales|38/100|[from] Spikes
|-weather|Snowscape|[from] ability: Snow Warning|[of] p1a: Ninetales
|turn|11
|
|t:|1776101756
|move|p2a: Greninja|Water Shuriken|p1a: Ninetales
|-damage|p1a: Ninetales|24/100
|-damage|p1a: Ninetales|9/100
|-damage|p1a: Ninetales|0 fnt
|faint|p1a: Ninetales
|-hitcount|p1: Ninetales|3
|
|-weather|Snowscape|[upkeep]
|upkeep
|
|t:|1776101758
|switch|p1a: Munkidori|Munkidori, M|100/100
|-damage|p1a: Munkidori|88/100|[from] Stealth Rock
|-damage|p1a: Munkidori|76/100|[from] Spikes
|turn|12
|
|t:|1776101759
|move|p2a: Greninja|Water Shuriken|p1a: Munkidori
|-damage|p1a: Munkidori|61/100
|-damage|p1a: Munkidori|44/100
|-damage|p1a: Munkidori|29/100
|-damage|p1a: Munkidori|13/100
|-damage|p1a: Munkidori|0 fnt
|faint|p1a: Munkidori
|-hitcount|p1: Munkidori|5
|
|-weather|Snowscape|[upkeep]
|upkeep
|
|t:|1776101762
|switch|p1a: Donphan|Donphan, F|100/100
|turn|13
|
|t:|1776101765
|move|p2a: Greninja|Water Shuriken|p1a: Donphan
|-supereffective|p1a: Donphan
|-crit|p1a: Donphan
|-damage|p1a: Donphan|43/100
|-supereffective|p1a: Donphan
|-damage|p1a: Donphan|5/100
|-supereffective|p1a: Donphan
|-damage|p1a: Donphan|0 fnt
|faint|p1a: Donphan
|-hitcount|p1: Donphan|3
|
|win|Jonthan Ringo
|raw|papablanco's rating: 1342 &rarr; <strong>1319</strong><br />(-23 for losing)
|raw|Jonthan Ringo's rating: 1288 &rarr; <strong>1317</strong><br />(+29 for winning)
|l|☆papablanco
|player|p1|
|l|‽Jonthan Ringo
|player|p2|
