|html|<div class="broadcast-blue"><strong>[Gen 9] OU is currently suspecting Tera Blast! For information on how to participate check out the <a href="https://www.smogon.com/tools/suspects/view/200">suspect thread</a>.</strong></div>
|j|☆weak beater
|j|‽georgrdro02
|t:|1776063023
|gametype|singles
|player|p1|weak beater|scientist-gen4dp|1405
|player|p2|georgrdro02|1|1328
|gen|9
|tier|[Gen 9] OU
|rated|
|rule|HP Percentage Mod: HP is shown in percentages
|rule|Endless Battle Clause: Forcing endless battles is banned
|rule|Species Clause: Limit one of each Pokémon
|rule|OHKO Clause: OHKO moves are banned
|rule|Evasion Items Clause: Evasion items are banned
|rule|Evasion Moves Clause: Evasion moves are banned
|rule|Evasion Abilities Clause: Evasion abilities are banned
|rule|Sleep Moves Clause: Sleep-inducing moves are banned
|clearpoke
|poke|p1|Deoxys-Speed|
|poke|p1|Hoopa-Unbound|
|poke|p1|Manaphy|
|poke|p1|Iron Valiant|
|poke|p1|Iron Hands|
|poke|p1|Cinderace, F|
|poke|p2|Salamence, M|
|poke|p2|Hoopa-Unbound|
|poke|p2|Iron Treads|
|poke|p2|Zamazenta-*|
|poke|p2|Hatterene, F|
|poke|p2|Iron Moth|
|teampreview
|inactive|Battle timer is ON: inactive players will automatically lose when time's up. (requested by georgrdro02)
|inactive|weak beater also wants the timer to be on.
|
|t:|1776063028
|teamsize|p1|6
|teamsize|p2|6
|start
|switch|p1a: Cinderace|Cinderace, F|100/100
|switch|p2a: Hoopa|Hoopa-Unbound|100/100
|turn|1
|
|t:|1776063034
|switch|p2a: Salamence|Salamence, M|100/100
|-ability|p2a: Salamence|Intimidate|boost
|-unboost|p1a: Cinderace|atk|1
|move|p1a: Cinderace|U-turn|p2a: Salamence
|-start|p1a: Cinderace|typechange|Bug|[from] ability: Libero
|-resisted|p2a: Salamence
|-damage|p2a: Salamence|86/100
|
|t:|1776063042
|switch|p1a: Deoxys|Deoxys-Speed|100/100|[from] U-turn
|-ability|p1a: Deoxys|Pressure
|
|upkeep
|turn|2
|
|t:|1776063047
|switch|p2a: Hoopa|Hoopa-Unbound|100/100
|move|p1a: Deoxys|Reflect|p1a: Deoxys
|-sidestart|p1: weak beater|Reflect
|
|upkeep
|turn|3
|
|t:|1776063051
|move|p1a: Deoxys|Light Screen|p1a: Deoxys
|-sidestart|p1: weak beater|move: Light Screen
|move|p2a: Hoopa|Knock Off|p1a: Deoxys
|-supereffective|p1a: Deoxys
|-damage|p1a: Deoxys|42/100
|-enditem|p1a: Deoxys|Light Clay|[from] move: Knock Off|[of] p2a: Hoopa
|
|upkeep
|turn|4
|
|t:|1776063058
|move|p1a: Deoxys|Taunt|p2a: Hoopa
|-start|p2a: Hoopa|move: Taunt
|move|p2a: Hoopa|Knock Off|p1a: Deoxys
|-supereffective|p1a: Deoxys
|-damage|p1a: Deoxys|0 fnt
|faint|p1a: Deoxys
|
|upkeep
|
|t:|1776063064
|switch|p1a: Cinderace|Cinderace, F|100/100
|turn|5
|
|t:|1776063068
|switch|p2a: Hatterene|Hatterene, F|100/100
|move|p1a: Cinderace|U-turn|p2a: Hatterene
|-start|p1a: Cinderace|typechange|Bug|[from] ability: Libero
|-damage|p2a: Hatterene|73/100
|-damage|p1a: Cinderace|84/100|[from] item: Rocky Helmet|[of] p2a: Hatterene
|
|t:|1776063076
|switch|p1a: Manaphy|Manaphy|100/100|[from] U-turn
|
|upkeep
|turn|6
|
|t:|1776063082
|move|p1a: Manaphy|Take Heart|p1a: Manaphy
|-boost|p1a: Manaphy|spa|1
|-boost|p1a: Manaphy|spd|1
|move|p2a: Hatterene|Mystical Fire|p1a: Manaphy
|-resisted|p1a: Manaphy
|-damage|p1a: Manaphy|97/100
|-unboost|p1a: Manaphy|spa|1
|
|-heal|p1a: Manaphy|100/100|[from] item: Leftovers
|upkeep
|turn|7
|
|t:|1776063092
|move|p1a: Manaphy|Take Heart|p1a: Manaphy
|-boost|p1a: Manaphy|spa|1
|-boost|p1a: Manaphy|spd|1
|move|p2a: Hatterene|Mystical Fire|p1a: Manaphy
|-resisted|p1a: Manaphy
|-damage|p1a: Manaphy|98/100
|-unboost|p1a: Manaphy|spa|1
|
|-heal|p1a: Manaphy|100/100|[from] item: Leftovers
|upkeep
|turn|8
|
|t:|1776063101
|move|p1a: Manaphy|Scald|p2a: Hatterene
|-damage|p2a: Hatterene|42/100
|move|p2a: Hatterene|Mystical Fire|p1a: Manaphy
|-resisted|p1a: Manaphy
|-damage|p1a: Manaphy|98/100
|-unboost|p1a: Manaphy|spa|1
|
|-heal|p1a: Manaphy|100/100|[from] item: Leftovers
|upkeep
|turn|9
|
|t:|1776063110
|move|p1a: Manaphy|Acid Armor|p1a: Manaphy
|-boost|p1a: Manaphy|def|2
|move|p2a: Hatterene|Pain Split|p1a: Manaphy
|-sethp|p1a: Manaphy|67/100|[from] move: Pain Split|[silent]
|-sethp|p2a: Hatterene|84/100|[from] move: Pain Split
|
|-heal|p1a: Manaphy|73/100|[from] item: Leftovers
|-sideend|p1: weak beater|Reflect
|upkeep
|turn|10
|
|t:|1776063118
|move|p1a: Manaphy|Take Heart|p1a: Manaphy
|-boost|p1a: Manaphy|spa|1
|-boost|p1a: Manaphy|spd|1
|move|p2a: Hatterene|Mystical Fire|p1a: Manaphy
|-resisted|p1a: Manaphy
|-damage|p1a: Manaphy|71/100
|-unboost|p1a: Manaphy|spa|1
|
|-heal|p1a: Manaphy|77/100|[from] item: Leftovers
|-sideend|p1: weak beater|move: Light Screen
|upkeep
|turn|11
|
|t:|1776063131
|switch|p2a: Hoopa|Hoopa-Unbound|100/100
|move|p1a: Manaphy|Take Heart|p1a: Manaphy
|-boost|p1a: Manaphy|spa|1
|-boost|p1a: Manaphy|spd|1
|
|-heal|p1a: Manaphy|83/100|[from] item: Leftovers
|upkeep
|turn|12
|
|t:|1776063144
|move|p1a: Manaphy|Take Heart|p1a: Manaphy
|-boost|p1a: Manaphy|spa|1
|-boost|p1a: Manaphy|spd|1
|move|p2a: Hoopa|Knock Off|p1a: Manaphy
|-damage|p1a: Manaphy|65/100
|-enditem|p1a: Manaphy|Leftovers|[from] move: Knock Off|[of] p2a: Hoopa
|
|upkeep
|turn|13
|
|t:|1776063151
|move|p1a: Manaphy|Scald|p2a: Hoopa
|-damage|p2a: Hoopa|77/100
|move|p2a: Hoopa|Thunderbolt|p1a: Manaphy
|-supereffective|p1a: Manaphy
|-damage|p1a: Manaphy|48/100
|
|upkeep
|turn|14
|
|t:|1776063157
|move|p1a: Manaphy|Scald|p2a: Hoopa
|-damage|p2a: Hoopa|56/100
|-status|p2a: Hoopa|brn
|move|p2a: Hoopa|Thunderbolt|p1a: Manaphy
|-supereffective|p1a: Manaphy
|-damage|p1a: Manaphy|32/100
|
|-damage|p2a: Hoopa|49/100 brn|[from] brn
|upkeep
|turn|15
|
|t:|1776063168
|move|p1a: Manaphy|Take Heart|p1a: Manaphy
|-boost|p1a: Manaphy|spa|1
|-boost|p1a: Manaphy|spd|1
|move|p2a: Hoopa|Thunderbolt|p1a: Manaphy
|-supereffective|p1a: Manaphy
|-damage|p1a: Manaphy|16/100
|
|-damage|p2a: Hoopa|43/100 brn|[from] brn
|upkeep
|turn|16
|
|t:|1776063176
|move|p1a: Manaphy|Scald|p2a: Hoopa
|-crit|p2a: Hoopa
|-damage|p2a: Hoopa|4/100 brn
|move|p2a: Hoopa|Thunderbolt|p1a: Manaphy
|-supereffective|p1a: Manaphy
|-damage|p1a: Manaphy|2/100
|
|-damage|p2a: Hoopa|0 fnt|[from] brn
|faint|p2a: Hoopa
|upkeep
|
|t:|1776063192
|switch|p2a: Zamazenta|Zamazenta|100/100
|-ability|p2a: Zamazenta|Dauntless Shield|boost
|-boost|p2a: Zamazenta|def|1
|turn|17
|
|t:|1776063197
|move|p2a: Zamazenta|Crunch|p1a: Manaphy
|-damage|p1a: Manaphy|0 fnt
|faint|p1a: Manaphy
|
|upkeep
|
|t:|1776063202
|switch|p1a: Iron Valiant|Iron Valiant|100/100
|-enditem|p1a: Iron Valiant|Booster Energy
|-activate|p1a: Iron Valiant|ability: Quark Drive|[fromitem]
|-start|p1a: Iron Valiant|quarkdrivespe
|turn|18
|
|t:|1776063207
|move|p1a: Iron Valiant|Moonblast|p2a: Zamazenta
|-supereffective|p2a: Zamazenta
|-damage|p2a: Zamazenta|18/100
|move|p2a: Zamazenta|Heavy Slam|p1a: Iron Valiant
|-supereffective|p1a: Iron Valiant
|-damage|p1a: Iron Valiant|0 fnt
|faint|p1a: Iron Valiant
|-end|p1a: Iron Valiant|Quark Drive|[silent]
|
|upkeep
|
|t:|1776063215
|switch|p1a: Iron Hands|Iron Hands|100/100
|turn|19
|
|t:|1776063220
|move|p2a: Zamazenta|Close Combat|p1a: Iron Hands
|-damage|p1a: Iron Hands|66/100
|-unboost|p2a: Zamazenta|def|1
|-unboost|p2a: Zamazenta|spd|1
|move|p1a: Iron Hands|Wild Charge|p2a: Zamazenta
|-damage|p2a: Zamazenta|0 fnt
|faint|p2a: Zamazenta
|-damage|p1a: Iron Hands|63/100|[from] Recoil
|
|upkeep
|
|t:|1776063224
|switch|p2a: Hatterene|Hatterene, F|84/100
|turn|20
|
|t:|1776063239
|move|p1a: Iron Hands|Wild Charge|p2a: Hatterene
|-damage|p2a: Hatterene|41/100
|-damage|p1a: Iron Hands|46/100|[from] item: Rocky Helmet|[of] p2a: Hatterene
|-damage|p1a: Iron Hands|39/100|[from] Recoil
|move|p2a: Hatterene|Draining Kiss|p1a: Iron Hands
|-supereffective|p1a: Iron Hands
|-damage|p1a: Iron Hands|0 fnt
|-heal|p2a: Hatterene|88/100|[from] drain|[of] p1a: Iron Hands
|faint|p1a: Iron Hands
|-end|p1a: Iron Hands|Quark Drive|[silent]
|
|upkeep
|
|t:|1776063249
|switch|p1a: Hoopa|Hoopa-Unbound|100/100
|turn|21
|
|t:|1776063257
|switch|p2a: Iron Treads|Iron Treads|100/100
|move|p1a: Hoopa|Psychic Noise|p2a: Iron Treads
|-resisted|p2a: Iron Treads
|-damage|p2a: Iron Treads|73/100
|-start|p2a: Iron Treads|move: Heal Block
|
|upkeep
|turn|22
|
|t:|1776063264
|move|p2a: Iron Treads|Earthquake|p1a: Hoopa
|-damage|p1a: Hoopa|40/100
|move|p1a: Hoopa|Drain Punch|p2a: Iron Treads
|-supereffective|p2a: Iron Treads
|-damage|p2a: Iron Treads|30/100
|-heal|p1a: Hoopa|63/100|[from] drain|[of] p2a: Iron Treads
|
|-end|p2a: Iron Treads|move: Heal Block
|upkeep
|turn|23
|
|t:|1776063273
|move|p2a: Iron Treads|Earthquake|p1a: Hoopa
|-damage|p1a: Hoopa|0 fnt
|faint|p1a: Hoopa
|
|-heal|p2a: Iron Treads|37/100|[from] item: Leftovers
|upkeep
|-message|weak beater forfeited.
|
|win|georgrdro02
|raw|weak beater's rating: 1405 &rarr; <strong>1381</strong><br />(-24 for losing)
|raw|georgrdro02's rating: 1328 &rarr; <strong>1352</strong><br />(+24 for winning)
|l|☆weak beater
|player|p1|
|l|‽georgrdro02
|player|p2|
