|html|<div class="broadcast-blue"><strong>[Gen 9] OU is currently suspecting Tera Blast! For information on how to participate check out the <a href="https://www.smogon.com/tools/suspects/view/200">suspect thread</a>.</strong></div>
|j|☆151htyrneh
|j|☆OP Earthquakes
|inactive|Battle timer is ON: inactive players will automatically lose when time's up.
|t:|1776114528
|gametype|singles
|player|p1|151htyrneh|unknownf|
|player|p2|OP Earthquakes|giovanni-masters|
|gen|9
|tier|[Gen 9] OU
|rated|Tournament battle
|rule|HP Percentage Mod: HP is shown in percentages
|rule|Endless Battle Clause: Forcing endless battles is banned
|rule|Species Clause: Limit one of each Pokémon
|rule|OHKO Clause: OHKO moves are banned
|rule|Evasion Items Clause: Evasion items are banned
|rule|Evasion Moves Clause: Evasion moves are banned
|rule|Evasion Abilities Clause: Evasion abilities are banned
|rule|Sleep Moves Clause: Sleep-inducing moves are banned
|clearpoke
|poke|p1|Iron Treads|
|poke|p1|Pelipper, M|
|poke|p1|Raging Bolt|
|poke|p1|Overqwil, M|
|poke|p1|Volcanion|
|poke|p1|Barraskewda, M|
|poke|p2|Excadrill, F|
|poke|p2|Tyranitar, M|
|poke|p2|Hawlucha, F|
|poke|p2|Pawmot, F|
|poke|p2|Gliscor, M|
|poke|p2|Keldeo|
|teampreview
|inactive|OP Earthquakes also wants the timer to be on.
|inactive|151htyrneh also wants the timer to be on.
|j| arturohdez
|j| no ratings
|j| TheNewBrends11@!
|j| Cameltony000
|c|☆OP Earthquakes|GLHF
|j| brodiewhat
|c|☆151htyrneh|Glhf
|j|+fulls
|j| Negative Nathan
|j| swagswag234
|inactive|OP Earthquakes has 120 seconds left.
|j| Honourial
|l| Honourial
|j| sote og rare
|j| HyperStallMIA
|j| Honourial
|inactive|OP Earthquakes has 90 seconds left.
|j| kiriegl00m
|inactive|OP Earthquakes has 60 seconds left.
|
|t:|1776114632
|teamsize|p1|6
|teamsize|p2|6
|start
|switch|p1a: Pelipper|Pelipper, M|100/100
|switch|p2a: Keldeo|Keldeo|100/100
|-weather|RainDance|[from] ability: Drizzle|[of] p1a: Pelipper
|turn|1
|j| Ostenberg
|
|t:|1776114651
|move|p2a: Keldeo|Poison Jab|p1a: Pelipper
|-damage|p1a: Pelipper|85/100
|-status|p1a: Pelipper|psn
|move|p1a: Pelipper|U-turn|p2a: Keldeo
|-resisted|p2a: Keldeo
|-damage|p2a: Keldeo|96/100
|c| Negative Nathan|WHAT
|
|t:|1776114661
|switch|p1a: Overqwil|Overqwil, M|100/100|[from] U-turn
|
|-weather|RainDance|[upkeep]
|-heal|p2a: Keldeo|100/100|[from] item: Leftovers
|upkeep
|turn|2
|
|t:|1776114675
|switch|p2a: The sandstorm|Tyranitar, M, shiny|100/100
|-weather|Sandstorm|[from] ability: Sand Stream|[of] p2a: The sandstorm
|move|p1a: Overqwil|Gunk Shot|p2a: The sandstorm|[miss]
|-miss|p1a: Overqwil|p2a: The sandstorm
|
|-weather|Sandstorm|[upkeep]
|-damage|p1a: Overqwil|94/100|[from] Sandstorm
|upkeep
|turn|3
|
|t:|1776114685
|move|p1a: Overqwil|Gunk Shot|p2a: The sandstorm|[miss]
|-miss|p1a: Overqwil|p2a: The sandstorm
|move|p2a: The sandstorm|Stealth Rock|p1a: Overqwil
|-sidestart|p1: 151htyrneh|move: Stealth Rock
|
|-weather|Sandstorm|[upkeep]
|-damage|p1a: Overqwil|88/100|[from] Sandstorm
|upkeep
|turn|4
|inactive|OP Earthquakes has 120 seconds left.
|c| swagswag234|nahhhhhhhh
|
|t:|1776114711
|switch|p2a: Keldeo|Keldeo|100/100
|move|p1a: Overqwil|Liquidation|p2a: Keldeo
|-resisted|p2a: Keldeo
|-damage|p2a: Keldeo|79/100
|-damage|p1a: Overqwil|78/100|[from] item: Life Orb
|
|-weather|Sandstorm|[upkeep]
|-damage|p1a: Overqwil|72/100|[from] Sandstorm
|-damage|p2a: Keldeo|72/100|[from] Sandstorm
|-heal|p2a: Keldeo|79/100|[from] item: Leftovers
|upkeep
|turn|5
|l| sote og rare
|inactive|OP Earthquakes has 90 seconds left.
|j| ULT12VB EJ
|
|t:|1776114750
|-terastallize|p2a: Keldeo|Poison
|move|p1a: Overqwil|Gunk Shot|p2a: Keldeo
|-resisted|p2a: Keldeo
|-damage|p2a: Keldeo|38/100
|-damage|p1a: Overqwil|62/100|[from] item: Life Orb
|move|p2a: Keldeo|Trailblaze|p1a: Overqwil
|-resisted|p1a: Overqwil
|-damage|p1a: Overqwil|55/100
|-boost|p2a: Keldeo|spe|1
|
|-weather|Sandstorm|[upkeep]
|-damage|p2a: Keldeo|32/100|[from] Sandstorm
|-damage|p1a: Overqwil|49/100|[from] Sandstorm
|-heal|p2a: Keldeo|38/100|[from] item: Leftovers
|upkeep
|turn|6
|j| Delibird❤Life
|
|t:|1776114769
|move|p2a: Keldeo|Surf|p1a: Overqwil
|-damage|p1a: Overqwil|0 fnt
|faint|p1a: Overqwil
|
|-weather|Sandstorm|[upkeep]
|-damage|p2a: Keldeo|32/100|[from] Sandstorm
|-heal|p2a: Keldeo|38/100|[from] item: Leftovers
|upkeep
|c| Delibird❤Life|omg
|c| no ratings|how many /dt keldeo's just happened
|c| Negative Nathan|at least 1
|inactive|151htyrneh has 120 seconds left.
|j| sote og rare
|l|☆151htyrneh
|inactive|151htyrneh disconnected and has a minute to reconnect!
|player|p1|
|j| AtlasRedSource14
|c| AtlasRedSource14|yo hurry up and lose
|inactive|151htyrneh has 30 seconds to reconnect!
|c|☆OP Earthquakes|Yeah keld is super versatile
|c|☆OP Earthquakes|I like em
|c| Ostenberg|Keldeo lowkey is a menace
|c| Delibird❤Life|:O
|inactive|151htyrneh has 20 seconds to reconnect!
|c| Honourial|mixed keldeo...
|inactive|151htyrneh has 15 seconds to reconnect!
|inactive|151htyrneh has 10 seconds to reconnect!
|c| Honourial|can't wait for chainkeldeo
|c| swagswag234|what is going on wow
|j|☆151htyrneh
|inactive|151htyrneh reconnected and has 60 seconds left.
|player|p1|151htyrneh|unknownf|
|c| Delibird❤Life|omg
|c|☆OP Earthquakes|There we go
|c| Ostenberg|Gotta make use of justified
|c| Delibird❤Life|damn lol
|
|t:|1776114872
|switch|p1a: Barraskewda|Barraskewda, M|100/100
|-damage|p1a: Barraskewda|88/100|[from] Stealth Rock
|turn|7
|c| swagswag234|hes going peli into bolt trust 1000
|l|☆151htyrneh
|inactive|151htyrneh disconnected and has a minute to reconnect!
|player|p1|
|c| Delibird❤Life|right at the last second
|c| Ostenberg|Did bro rage quit 🥀
|j|☆151htyrneh
|inactive|151htyrneh reconnected and has 45 seconds left.
|player|p1|151htyrneh|unknownf|
|c| swagswag234|oh maybe it kills aqua jet
|c| AtlasRedSource14|ass wifi😭✌
|c| Delibird❤Life|LOL
|
|t:|1776114902
|switch|p2a: Itachi|Hawlucha, F, shiny|100/100
|-ability|p2a: Itachi|Mold Breaker
|move|p1a: Barraskewda|Liquidation|p2a: Itachi
|-damage|p2a: Itachi|6/100
|-enditem|p2a: Itachi|Red Card|[of] p1a: Barraskewda
|drag|p1a: Volcanion|Volcanion|100/100
|-damage|p1a: Volcanion|76/100|[from] Stealth Rock
|
|-weather|Sandstorm|[upkeep]
|-damage|p2a: Itachi|0 fnt|[from] Sandstorm
|-damage|p1a: Volcanion|70/100|[from] Sandstorm
|faint|p2a: Itachi
|upkeep
|c| AtlasRedSource14|twin lock up now
|c| brodiewhat|OST for pokemon housewives
|c| Delibird❤Life|oooooof
|inactive|OP Earthquakes has 60 seconds left.
|
|t:|1776114915
|switch|p2a: OP|Excadrill, F|100/100
|turn|8
|
|t:|1776114923
|move|p2a: OP|Earthquake|p1a: Volcanion
|-supereffective|p1a: Volcanion
|-damage|p1a: Volcanion|0 fnt
|faint|p1a: Volcanion
|
|-weather|Sandstorm|[upkeep]
|upkeep
|
|t:|1776114926
|switch|p1a: Pelipper|Pelipper, M|85/100 psn
|-damage|p1a: Pelipper|60/100 psn|[from] Stealth Rock
|-weather|RainDance|[from] ability: Drizzle|[of] p1a: Pelipper
|turn|9
|
|t:|1776114933
|switch|p2a: The sandstorm|Tyranitar, M, shiny|100/100
|-weather|Sandstorm|[from] ability: Sand Stream|[of] p2a: The sandstorm
|move|p1a: Pelipper|U-turn|p2a: The sandstorm
|-supereffective|p2a: The sandstorm
|-damage|p2a: The sandstorm|89/100
|c| AtlasRedSource14|151htyrneh stop jumping in and out dimensions buddy
|
|t:|1776114936
|switch|p1a: Iron Treads|Iron Treads|100/100|[from] U-turn
|-damage|p1a: Iron Treads|97/100|[from] Stealth Rock
|-enditem|p1a: Iron Treads|Booster Energy
|-activate|p1a: Iron Treads|ability: Quark Drive|[fromitem]
|-start|p1a: Iron Treads|quarkdrivespe
|
|-weather|Sandstorm|[upkeep]
|upkeep
|turn|10
|c| Delibird❤Life|lmaooooooooo
|
|t:|1776114948
|move|p1a: Iron Treads|Rapid Spin|p2a: The sandstorm
|-resisted|p2a: The sandstorm
|-damage|p2a: The sandstorm|83/100
|-boost|p1a: Iron Treads|spe|1
|-sideend|p1: 151htyrneh|Stealth Rock|[from] move: Rapid Spin|[of] p1a: Iron Treads
|move|p2a: The sandstorm|Roar|p1a: Iron Treads
|-end|p1a: Iron Treads|Quark Drive|[silent]
|drag|p1a: Barraskewda|Barraskewda, M|88/100
|
|-weather|Sandstorm|[upkeep]
|-damage|p1a: Barraskewda|82/100|[from] Sandstorm
|upkeep
|turn|11
|inactive|151htyrneh has 90 seconds left.
|c|☆OP Earthquakes|Was hoping for bolt
|c|☆OP Earthquakes|lol
|inactive|OP Earthquakes has 60 seconds left.
|c|☆OP Earthquakes|Or pelli
|
|t:|1776114995
|switch|p2a: Keldeo|Keldeo, tera:Poison|38/100
|move|p1a: Barraskewda|Liquidation|p2a: Keldeo
|-damage|p2a: Keldeo|0 fnt
|faint|p2a: Keldeo
|-damage|p1a: Barraskewda|72/100|[from] item: Life Orb
|
|-weather|Sandstorm|[upkeep]
|-damage|p1a: Barraskewda|66/100|[from] Sandstorm
|upkeep
|
|t:|1776115013
|switch|p2a: Gliscor|Gliscor, M, shiny|100/100
|turn|12
|
|t:|1776115022
|move|p1a: Barraskewda|Liquidation|p2a: Gliscor
|-supereffective|p2a: Gliscor
|-damage|p2a: Gliscor|20/100
|-damage|p1a: Barraskewda|56/100|[from] item: Life Orb
|move|p2a: Gliscor|U-turn|p1a: Barraskewda
|-damage|p1a: Barraskewda|24/100
|
|t:|1776115029
|switch|p2a: OP|Excadrill, F|100/100|[from] U-turn
|
|-weather|Sandstorm|[upkeep]
|-damage|p1a: Barraskewda|18/100|[from] Sandstorm
|upkeep
|turn|13
|c| Ostenberg|Keldeo is getting revived 100%
|inactive|OP Earthquakes has 30 seconds left.
|
|t:|1776115053
|switch|p2a: Gliscor|Gliscor, M, shiny|20/100
|move|p1a: Barraskewda|Aqua Jet|p2a: Gliscor
|-supereffective|p2a: Gliscor
|-damage|p2a: Gliscor|0 fnt
|faint|p2a: Gliscor
|-damage|p1a: Barraskewda|8/100|[from] item: Life Orb
|
|-weather|Sandstorm|[upkeep]
|-damage|p1a: Barraskewda|2/100|[from] Sandstorm
|upkeep
|inactive|OP Earthquakes has 30 seconds left.
|l| HyperStallMIA
|
|t:|1776115064
|switch|p2a: Porunga|Pawmot, F|100/100
|turn|14
|inactive|OP Earthquakes has 30 seconds left.
|
|t:|1776115071
|-terastallize|p1a: Barraskewda|Water
|move|p1a: Barraskewda|Liquidation|p2a: Porunga
|-crit|p2a: Porunga
|-damage|p2a: Porunga|0 fnt
|faint|p2a: Porunga
|-damage|p1a: Barraskewda|0 fnt|[from] item: Life Orb
|faint|p1a: Barraskewda
|
|-weather|Sandstorm|[upkeep]
|upkeep
|inactive|OP Earthquakes has 30 seconds left.
|inactive|151htyrneh has 120 seconds left.
|c|☆151htyrneh|sry if that mattered
|
|t:|1776115086
|switch|p1a: Iron Treads|Iron Treads|97/100
|switch|p2a: OP|Excadrill, F|100/100
|turn|15
|c| AtlasRedSource14|no wifi man is cookin
|inactive|OP Earthquakes has 30 seconds left.
|c| Ostenberg|Why not sash on poru?
|c| no ratings|sand
|inactive|OP Earthquakes has 20 seconds left.
|c| AtlasRedSource14|sash ass
|inactive|OP Earthquakes has 15 seconds left.
|
|t:|1776115112
|-end|p1a: Iron Treads|Quark Drive|[silent]
|switch|p1a: Pelipper|Pelipper, M|60/100 psn
|-weather|RainDance|[from] ability: Drizzle|[of] p1a: Pelipper
|move|p2a: OP|Earthquake|p1a: Pelipper
|-immune|p1a: Pelipper
|
|-weather|RainDance|[upkeep]
|-damage|p1a: Pelipper|48/100 psn|[from] psn
|upkeep
|turn|16
|inactive|OP Earthquakes has 25 seconds left this turn.
|c| Cameltony000|its usually leppa
|
|t:|1776115117
|switch|p2a: The sandstorm|Tyranitar, M, shiny|83/100
|-weather|Sandstorm|[from] ability: Sand Stream|[of] p2a: The sandstorm
|move|p1a: Pelipper|U-turn|p2a: The sandstorm
|-supereffective|p2a: The sandstorm
|-crit|p2a: The sandstorm
|-damage|p2a: The sandstorm|63/100
|
|t:|1776115119
|switch|p1a: Iron Treads|Iron Treads|97/100|[from] U-turn
|
|-weather|Sandstorm|[upkeep]
|upkeep
|turn|17
|inactive|OP Earthquakes has 30 seconds left.
|inactive|OP Earthquakes has 20 seconds left.
|
|t:|1776115140
|move|p1a: Iron Treads|Earthquake|p2a: The sandstorm
|-supereffective|p2a: The sandstorm
|-damage|p2a: The sandstorm|0 fnt
|faint|p2a: The sandstorm
|
|-weather|Sandstorm|[upkeep]
|upkeep
|inactive|OP Earthquakes has 25 seconds left this turn.
|
|t:|1776115143
|switch|p2a: OP|Excadrill, F|100/100
|turn|18
|c| AtlasRedSource14|Earth ur fried💀
|
|t:|1776115146
|move|p2a: OP|Iron Head|p1a: Iron Treads
|-resisted|p1a: Iron Treads
|-damage|p1a: Iron Treads|64/100
|move|p1a: Iron Treads|Earthquake|p2a: OP
|-supereffective|p2a: OP
|-damage|p2a: OP|0 fnt
|faint|p2a: OP
|
|win|151htyrneh
|n|☆OP Earthquakes|opearthquakes
|n| arturohdez|arturohdez
|n| no ratings|noratings
|n| TheNewBrends11@!|thenewbrends11
|n| Cameltony000|cameltony000
|n| brodiewhat|brodiewhat
|n| fulls|fulls
|n| Negative Nathan|negativenathan
|n| swagswag234|swagswag234
|n| Honourial|honourial
|n| kiriegl00m|kiriegl00m
|n| Ostenberg|ostenberg
|n| ULT12VB EJ|ult12vbej
|n| Delibird❤Life|delibirdlife
|n| sote og rare|soteograre
|n| AtlasRedSource14|atlasredsource14
|n|☆151htyrneh|151htyrneh
|c| Delibird❤Life|this is craz
|c|☆OP Earthquakes|Gg
|c| Delibird❤Life|crazy
|l| kiriegl00m
|c| Negative Nathan|gz
|l| Honourial
|l|☆OP Earthquakes
|player|p2|
|l| fulls
|l| arturohdez
|c| Ostenberg|Good game
|l| Delibird❤Life
|l| brodiewhat
|c| AtlasRedSource14|how the lag mans beat you
|l| sote og rare
|l| AtlasRedSource14
|l| no ratings
|l| Negative Nathan
|l| ULT12VB EJ
|l| Cameltony000
