|html|<div class="broadcast-blue"><strong>[Gen 9] OU is currently suspecting Tera Blast! For information on how to participate check out the <a href="https://www.smogon.com/tools/suspects/view/200">suspect thread</a>.</strong></div>
|j|☆luketheidiot
|j|☆Reddish167
|t:|1776048844
|gametype|singles
|player|p1|luketheidiot|iris-gen5bw2|1185
|player|p2|Reddish167|pokekid|1184
|gen|9
|tier|[Gen 9] OU
|rated|
|rule|HP Percentage Mod: HP is shown in percentages
|rule|Endless Battle Clause: Forcing endless battles is banned
|rule|Species Clause: Limit one of each Pokémon
|rule|OHKO Clause: OHKO moves are banned
|rule|Evasion Items Clause: Evasion items are banned
|rule|Evasion Moves Clause: Evasion moves are banned
|rule|Evasion Abilities Clause: Evasion abilities are banned
|rule|Sleep Moves Clause: Sleep-inducing moves are banned
|clearpoke
|poke|p1|Pikachu-Original, M|
|poke|p1|Furret, F|
|poke|p1|Wartortle, M|
|poke|p1|Vivillon-Archipelago, M|
|poke|p1|Cyndaquil, M|
|poke|p1|Hitmontop, M|
|poke|p2|Gholdengo|
|poke|p2|Glimmora, M|
|poke|p2|Zamazenta-*|
|poke|p2|Grimmsnarl, M|
|poke|p2|Polteageist|
|poke|p2|Ogerpon-Wellspring, F|
|teampreview
|inactive|Battle timer is ON: inactive players will automatically lose when time's up. (requested by luketheidiot)
|c|☆Reddish167|??
|
|t:|1776048863
|teamsize|p1|6
|teamsize|p2|6
|start
|switch|p1a: Wartortle|Wartortle, M|100/100
|switch|p2a: Glimmora|Glimmora, M, shiny|100/100
|turn|1
|c|☆luketheidiot|Randomized team lmao
|
|t:|1776048871
|move|p1a: Wartortle|Shell Smash|p1a: Wartortle
|-unboost|p1a: Wartortle|def|1
|-unboost|p1a: Wartortle|spd|1
|-boost|p1a: Wartortle|atk|2
|-boost|p1a: Wartortle|spa|2
|-boost|p1a: Wartortle|spe|2
|move|p2a: Glimmora|Stealth Rock|p1a: Wartortle
|-sidestart|p1: luketheidiot|move: Stealth Rock
|
|upkeep
|turn|2
|
|t:|1776048883
|move|p1a: Wartortle|Hydro Pump|p2a: Glimmora
|-supereffective|p2a: Glimmora
|-damage|p2a: Glimmora|0 fnt
|faint|p2a: Glimmora
|
|upkeep
|
|t:|1776048892
|switch|p2a: Grimmsnarl|Grimmsnarl, M, shiny|100/100
|turn|3
|
|t:|1776048896
|move|p2a: Grimmsnarl|Light Screen|p2a: Grimmsnarl
|-sidestart|p2: Reddish167|move: Light Screen
|move|p1a: Wartortle|Hydro Pump|p2a: Grimmsnarl
|-damage|p2a: Grimmsnarl|48/100
|
|upkeep
|turn|4
|
|t:|1776048906
|move|p2a: Grimmsnarl|Reflect|p2a: Grimmsnarl
|-sidestart|p2: Reddish167|Reflect
|move|p1a: Wartortle|Hydro Pump|p2a: Grimmsnarl
|-damage|p2a: Grimmsnarl|0 fnt
|faint|p2a: Grimmsnarl
|
|upkeep
|
|t:|1776048910
|switch|p2a: Ogerpon|Ogerpon-Wellspring, F|100/100
|turn|5
|
|t:|1776048913
|move|p1a: Wartortle|Blizzard|p2a: Ogerpon
|-damage|p2a: Ogerpon|67/100
|move|p2a: Ogerpon|Power Whip|p1a: Wartortle
|-supereffective|p1a: Wartortle
|-enditem|p1a: Wartortle|Focus Sash
|-damage|p1a: Wartortle|1/100
|
|upkeep
|turn|6
|
|t:|1776048920
|move|p1a: Wartortle|Blizzard|p2a: Ogerpon
|-damage|p2a: Ogerpon|34/100
|move|p2a: Ogerpon|Power Whip|p1a: Wartortle
|-supereffective|p1a: Wartortle
|-damage|p1a: Wartortle|0 fnt
|faint|p1a: Wartortle
|
|upkeep
|
|t:|1776048931
|switch|p1a: Pikachu|Pikachu-Original, M|100/100
|-damage|p1a: Pikachu|88/100|[from] Stealth Rock
|turn|7
|
|t:|1776048936
|move|p1a: Pikachu|Fake Out|p2a: Ogerpon
|-damage|p2a: Ogerpon|26/100
|cant|p2a: Ogerpon|flinch
|
|upkeep
|turn|8
|
|t:|1776048943
|move|p2a: Ogerpon|Knock Off|p1a: Pikachu
|-damage|p1a: Pikachu|0 fnt
|-enditem|p1a: Pikachu|Light Ball|[from] move: Knock Off|[of] p2a: Ogerpon
|faint|p1a: Pikachu
|
|upkeep
|
|t:|1776048947
|switch|p1a: Hitmontop|Hitmontop, M, shiny|100/100
|-ability|p1a: Hitmontop|Intimidate|boost
|-unboost|p2a: Ogerpon|atk|1
|turn|9
|
|t:|1776048952
|move|p2a: Ogerpon|Knock Off|p1a: Hitmontop
|-resisted|p1a: Hitmontop
|-damage|p1a: Hitmontop|84/100
|-enditem|p1a: Hitmontop|Heavy-Duty Boots|[from] move: Knock Off|[of] p2a: Ogerpon
|move|p1a: Hitmontop|Rapid Spin|p2a: Ogerpon
|-damage|p2a: Ogerpon|17/100
|-boost|p1a: Hitmontop|spe|1
|-sideend|p1: luketheidiot|Stealth Rock|[from] move: Rapid Spin|[of] p1a: Hitmontop
|
|upkeep
|turn|10
|
|t:|1776048959
|move|p1a: Hitmontop|Bulk Up|p1a: Hitmontop
|-boost|p1a: Hitmontop|atk|1
|-boost|p1a: Hitmontop|def|1
|move|p2a: Ogerpon|Ivy Cudgel|p1a: Hitmontop|[anim] Ivy Cudgel Water
|-damage|p1a: Hitmontop|44/100
|
|-sideend|p2: Reddish167|move: Light Screen
|upkeep
|turn|11
|
|t:|1776048964
|move|p1a: Hitmontop|High Jump Kick|p2a: Ogerpon|[miss]
|-miss|p1a: Hitmontop|p2a: Ogerpon
|-damage|p1a: Hitmontop|0 fnt|[from] highjumpkick
|faint|p1a: Hitmontop
|move|p2a: Ogerpon|Taunt|p1: Hitmontop|[notarget]
|-fail|p2a: Ogerpon
|
|-sideend|p2: Reddish167|Reflect
|upkeep
|
|t:|1776048971
|switch|p1a: Furret|Furret, F|100/100
|-item|p2a: Ogerpon|Wellspring Mask|[from] ability: Frisk|[of] p1a: Furret
|turn|12
|
|t:|1776048974
|move|p2a: Ogerpon|Knock Off|p1a: Furret
|-damage|p1a: Furret|57/100
|-enditem|p1a: Furret|Life Orb|[from] move: Knock Off|[of] p2a: Ogerpon
|move|p1a: Furret|Tidy Up|p1a: Furret
|-boost|p1a: Furret|atk|1
|-boost|p1a: Furret|spe|1
|
|upkeep
|turn|13
|
|t:|1776048979
|move|p1a: Furret|Last Resort|p2a: Ogerpon
|-damage|p2a: Ogerpon|0 fnt
|faint|p2a: Ogerpon
|
|upkeep
|
|t:|1776048987
|switch|p2a: Polteageist|Polteageist, shiny|100/100
|turn|14
|
|t:|1776048990
|switch|p1a: Cyndaquil|Cyndaquil, M|100/100
|move|p2a: Polteageist|Shell Smash|p2a: Polteageist
|-unboost|p2a: Polteageist|def|1
|-unboost|p2a: Polteageist|spd|1
|-boost|p2a: Polteageist|atk|2
|-boost|p2a: Polteageist|spa|2
|-boost|p2a: Polteageist|spe|2
|-enditem|p2a: Polteageist|White Herb
|-clearnegativeboost|p2a: Polteageist|[silent]
|
|upkeep
|turn|15
|
|t:|1776049003
|move|p2a: Polteageist|Stored Power|p1a: Cyndaquil
|-enditem|p1a: Cyndaquil|Focus Sash
|-damage|p1a: Cyndaquil|1/100
|move|p1a: Cyndaquil|Smokescreen|p2a: Polteageist
|-unboost|p2a: Polteageist|accuracy|1
|
|upkeep
|turn|16
|
|t:|1776049009
|move|p2a: Polteageist|Stored Power|p1a: Cyndaquil
|-damage|p1a: Cyndaquil|0 fnt
|faint|p1a: Cyndaquil
|
|upkeep
|
|t:|1776049012
|switch|p1a: Vivillon|Vivillon-Archipelago, M|100/100
|turn|17
|
|t:|1776049020
|move|p2a: Polteageist|Stored Power|p1a: Vivillon
|-enditem|p1a: Vivillon|Focus Sash
|-damage|p1a: Vivillon|1/100
|move|p1a: Vivillon|Quiver Dance|p1a: Vivillon
|-boost|p1a: Vivillon|spa|1
|-boost|p1a: Vivillon|spd|1
|-boost|p1a: Vivillon|spe|1
|
|upkeep
|turn|18
|
|t:|1776049027
|move|p2a: Polteageist|Shadow Ball|p1a: Vivillon
|-damage|p1a: Vivillon|0 fnt
|faint|p1a: Vivillon
|
|upkeep
|-message|luketheidiot forfeited.
|
|win|Reddish167
|raw|luketheidiot's rating: 1185 &rarr; <strong>1160</strong><br />(-25 for losing)
|raw|Reddish167's rating: 1184 &rarr; <strong>1209</strong><br />(+25 for winning)
|l|☆luketheidiot
|player|p1|
|c|☆Reddish167|good luck
|l|☆Reddish167
|player|p2|
