|html|<div class="broadcast-blue"><strong>[Gen 9] OU is currently suspecting Volcarona! For information on how to participate check out the <a href="https://www.smogon.com/tools/suspects/view/208">suspect thread</a>.</strong></div>
|j|☆valpreon
|j|☆jack flabre gun
|t:|1778517298
|gametype|singles
|player|p1|valpreon|101|1406
|player|p2|jack flabre gun|roxie|1348
|gen|9
|tier|[Gen 9] OU
|rated|
|rule|HP Percentage Mod: HP is shown in percentages
|rule|Endless Battle Clause: Forcing endless battles is banned
|rule|Species Clause: Limit one of each Pokémon
|rule|OHKO Clause: OHKO moves are banned
|rule|Evasion Items Clause: Evasion items are banned
|rule|Evasion Moves Clause: Evasion moves are banned
|rule|Evasion Abilities Clause: Evasion abilities are banned
|rule|Sleep Moves Clause: Sleep-inducing moves are banned
|clearpoke
|poke|p1|Iron Valiant|
|poke|p1|Greninja-*, M|
|poke|p1|Lucario, M|
|poke|p1|Noivern, F|
|poke|p1|Ceruledge, M|
|poke|p1|Kingambit, F|
|poke|p2|Torkoal, M|
|poke|p2|Volcarona, F|
|poke|p2|Iron Moth|
|poke|p2|Slither Wing|
|poke|p2|Garchomp, M|
|poke|p2|Hatterene, F|
|teampreview
|inactive|Battle timer is ON: inactive players will automatically lose when time's up. (requested by jack flabre gun)
|
|t:|1778517307
|teamsize|p1|6
|teamsize|p2|6
|start
|switch|p1a: knuckles💪|Lucario, M|100/100
|switch|p2a: Hatterene|Hatterene, F|100/100
|turn|1
|
|t:|1778517311
|switch|p2a: Torkoal|Torkoal, M|100/100
|-weather|SunnyDay|[from] ability: Drought|[of] p2a: Torkoal
|move|p1a: knuckles💪|Nasty Plot|p1a: knuckles💪
|-boost|p1a: knuckles💪|spa|2
|
|-weather|SunnyDay|[upkeep]
|upkeep
|turn|2
|
|t:|1778517317
|move|p1a: knuckles💪|Nasty Plot|p1a: knuckles💪
|-boost|p1a: knuckles💪|spa|2
|move|p2a: Torkoal|Eruption|p1a: knuckles💪
|-supereffective|p1a: knuckles💪
|-enditem|p1a: knuckles💪|Focus Sash
|-damage|p1a: knuckles💪|1/100
|
|-weather|SunnyDay|[upkeep]
|upkeep
|turn|3
|
|t:|1778517322
|move|p1a: knuckles💪|Aura Sphere|p2a: Torkoal
|-damage|p2a: Torkoal|0 fnt
|faint|p2a: Torkoal
|
|-weather|SunnyDay|[upkeep]
|upkeep
|
|t:|1778517325
|switch|p2a: Garchomp|Garchomp, M|100/100
|turn|4
|
|t:|1778517331
|move|p2a: Garchomp|Endure|p2a: Garchomp
|-singleturn|p2a: Garchomp|move: Endure
|move|p1a: knuckles💪|Vacuum Wave|p2a: Garchomp
|-damage|p2a: Garchomp|37/100
|
|-weather|SunnyDay|[upkeep]
|upkeep
|turn|5
|
|t:|1778517350
|switch|p2a: Gilded Guy|Slither Wing, shiny|100/100
|-activate|p2a: Gilded Guy|ability: Protosynthesis
|-start|p2a: Gilded Guy|protosynthesisatk
|move|p1a: knuckles💪|Vacuum Wave|p2a: Gilded Guy
|-resisted|p2a: Gilded Guy
|-crit|p2a: Gilded Guy
|-damage|p2a: Gilded Guy|59/100
|
|-weather|SunnyDay|[upkeep]
|upkeep
|turn|6
|
|t:|1778517363
|-end|p2a: Gilded Guy|Protosynthesis|[silent]
|switch|p2a: Iron Moth|Iron Moth|100/100
|move|p1a: knuckles💪|Vacuum Wave|p2a: Iron Moth
|-resisted|p2a: Iron Moth
|-damage|p2a: Iron Moth|65/100
|
|-weather|SunnyDay|[upkeep]
|upkeep
|turn|7
|
|t:|1778517371
|move|p1a: knuckles💪|Vacuum Wave|p2a: Iron Moth
|-resisted|p2a: Iron Moth
|-damage|p2a: Iron Moth|29/100
|move|p2a: Iron Moth|U-turn|p1a: knuckles💪
|-resisted|p1a: knuckles💪
|-damage|p1a: knuckles💪|0 fnt
|faint|p1a: knuckles💪
|
|t:|1778517377
|-end|p2a: Iron Moth|Quark Drive|[silent]
|switch|p2a: Gilded Guy|Slither Wing, shiny|59/100|[from] U-turn
|-activate|p2a: Gilded Guy|ability: Protosynthesis
|-start|p2a: Gilded Guy|protosynthesisatk
|
|-weather|SunnyDay|[upkeep]
|upkeep
|
|t:|1778517382
|switch|p1a: future trunks❤️📌|Iron Valiant, shiny|100/100
|-enditem|p1a: future trunks❤️📌|Booster Energy
|-activate|p1a: future trunks❤️📌|ability: Quark Drive|[fromitem]
|-start|p1a: future trunks❤️📌|quarkdrivespe
|turn|8
|
|t:|1778517384
|move|p1a: future trunks❤️📌|Spirit Break|p2a: Gilded Guy
|-supereffective|p2a: Gilded Guy
|-damage|p2a: Gilded Guy|0 fnt
|faint|p2a: Gilded Guy
|-end|p2a: Gilded Guy|Protosynthesis|[silent]
|
|-weather|none
|upkeep
|
|t:|1778517390
|switch|p2a: Volcarona|Volcarona, F|100/100
|turn|9
|
|t:|1778517400
|move|p1a: future trunks❤️📌|Knock Off|p2a: Volcarona
|-crit|p2a: Volcarona
|-damage|p2a: Volcarona|26/100
|-status|p1a: future trunks❤️📌|brn|[from] ability: Flame Body|[of] p2a: Volcarona
|-enditem|p2a: Volcarona|Heavy-Duty Boots|[from] move: Knock Off|[of] p1a: future trunks❤️📌
|move|p2a: Volcarona|Quiver Dance|p2a: Volcarona
|-boost|p2a: Volcarona|spa|1
|-boost|p2a: Volcarona|spd|1
|-boost|p2a: Volcarona|spe|1
|
|-damage|p1a: future trunks❤️📌|94/100 brn|[from] brn
|upkeep
|turn|10
|
|t:|1778517411
|move|p1a: future trunks❤️📌|Poison Jab|p2a: Volcarona
|-damage|p2a: Volcarona|3/100
|-status|p2a: Volcarona|psn
|move|p2a: Volcarona|Morning Sun|p2a: Volcarona
|-heal|p2a: Volcarona|53/100 psn
|
|-damage|p2a: Volcarona|40/100 psn|[from] psn
|-damage|p1a: future trunks❤️📌|88/100 brn|[from] brn
|upkeep
|turn|11
|
|t:|1778517419
|move|p1a: future trunks❤️📌|Poison Jab|p2a: Volcarona
|-damage|p2a: Volcarona|20/100 psn
|move|p2a: Volcarona|Fiery Dance|p1a: future trunks❤️📌
|-damage|p1a: future trunks❤️📌|0 fnt
|faint|p1a: future trunks❤️📌
|-end|p1a: future trunks❤️📌|Quark Drive|[silent]
|
|-damage|p2a: Volcarona|8/100 psn|[from] psn
|upkeep
|
|t:|1778517425
|switch|p1a: super sonic🌀|Greninja, M|100/100
|turn|12
|
|t:|1778517432
|move|p1a: super sonic🌀|Water Shuriken|p2a: Volcarona
|-supereffective|p2a: Volcarona
|-damage|p2a: Volcarona|0 fnt
|faint|p2a: Volcarona
|-ability|p1a: super sonic🌀|Battle Bond|boost
|-boost|p1a: super sonic🌀|atk|1
|-boost|p1a: super sonic🌀|spa|1
|-boost|p1a: super sonic🌀|spe|1
|-activate|p1a: super sonic🌀|ability: Battle Bond
|-hitcount|p2: Volcarona|1
|
|upkeep
|
|t:|1778517434
|switch|p2a: Hatterene|Hatterene, F|100/100
|turn|13
|
|t:|1778517449
|-terastallize|p1a: super sonic🌀|Poison
|move|p1a: super sonic🌀|Sludge Wave|p2a: Hatterene
|-supereffective|p2a: Hatterene
|-damage|p2a: Hatterene|0 fnt
|faint|p2a: Hatterene
|
|upkeep
|
|t:|1778517452
|switch|p2a: Garchomp|Garchomp, M|37/100
|turn|14
|
|t:|1778517456
|move|p2a: Garchomp|Endure|p2a: Garchomp
|-singleturn|p2a: Garchomp|move: Endure
|move|p1a: super sonic🌀|Ice Beam|p2a: Garchomp
|-supereffective|p2a: Garchomp
|-activate|p2a: Garchomp|move: Endure
|-damage|p2a: Garchomp|1/100
|
|upkeep
|turn|15
|-enditem|p2a: Garchomp|Custap Berry|[eat]
|-activate|p2a: Garchomp|item: Custap Berry|[consumed]
|
|t:|1778517458
|move|p1a: super sonic🌀|Water Shuriken|p2a: Garchomp
|-damage|p2a: Garchomp|0 fnt
|faint|p2a: Garchomp
|-hitcount|p2: Garchomp|1
|
|upkeep
|
|t:|1778517461
|switch|p2a: Iron Moth|Iron Moth|29/100
|turn|16
|
|t:|1778517469
|move|p1a: super sonic🌀|Dark Pulse|p2a: Iron Moth
|-damage|p2a: Iron Moth|0 fnt
|faint|p2a: Iron Moth
|-end|p2a: Iron Moth|Quark Drive|[silent]
|
|win|valpreon
|raw|valpreon's rating: 1406 &rarr; <strong>1423</strong><br />(+17 for winning)
|raw|jack flabre gun's rating: 1348 &rarr; <strong>1331</strong><br />(-17 for losing)
|l|☆jack flabre gun
|player|p2|
|l|☆valpreon
|player|p1|
|j| g2f7ef8as
|l| g2f7ef8as
|j| g2f7ef8as
