|html|<div class="broadcast-blue"><strong>[Gen 9] OU is currently suspecting Tera Blast! For information on how to participate check out the <a href="https://www.smogon.com/tools/suspects/view/200">suspect thread</a>.</strong></div>
|j|☆kingcrimsonfan2112
|j|☆QuandaleReturns
|t:|1776111812
|gametype|singles
|player|p1|kingcrimsonfan2112|2|1383
|player|p2|QuandaleReturns|swimmer|1387
|gen|9
|tier|[Gen 9] OU
|rated|
|rule|HP Percentage Mod: HP is shown in percentages
|rule|Endless Battle Clause: Forcing endless battles is banned
|rule|Species Clause: Limit one of each Pokémon
|rule|OHKO Clause: OHKO moves are banned
|rule|Evasion Items Clause: Evasion items are banned
|rule|Evasion Moves Clause: Evasion moves are banned
|rule|Evasion Abilities Clause: Evasion abilities are banned
|rule|Sleep Moves Clause: Sleep-inducing moves are banned
|clearpoke
|poke|p1|Scizor, F|
|poke|p1|Dragapult, F|
|poke|p1|Manaphy|
|poke|p1|Gliscor, F|
|poke|p1|Tinkaton, F|
|poke|p1|Slowking-Galar, M|
|poke|p2|Gallade, M|
|poke|p2|Kyurem|
|poke|p2|Lokix, M|
|poke|p2|Alomomola, M|
|poke|p2|Tornadus-Therian, M|
|poke|p2|Iron Treads|
|teampreview
|inactive|Battle timer is ON: inactive players will automatically lose when time's up. (requested by QuandaleReturns)
|
|t:|1776111819
|teamsize|p1|6
|teamsize|p2|6
|start
|switch|p1a: Tinkaton|Tinkaton, F|100/100
|switch|p2a: Tornadus|Tornadus-Therian, M|100/100
|-item|p1a: Tinkaton|Air Balloon
|turn|1
|
|t:|1776111824
|move|p2a: Tornadus|Heat Wave|p1a: Tinkaton
|-supereffective|p1a: Tinkaton
|-damage|p1a: Tinkaton|60/100
|-enditem|p1a: Tinkaton|Air Balloon
|move|p1a: Tinkaton|Thunder Wave|p2a: Tornadus
|-status|p2a: Tornadus|par
|
|upkeep
|turn|2
|
|t:|1776111837
|move|p1a: Tinkaton|Stealth Rock|p2a: Tornadus
|-sidestart|p2: QuandaleReturns|move: Stealth Rock
|move|p2a: Tornadus|Knock Off|p1a: Tinkaton
|-resisted|p1a: Tinkaton
|-damage|p1a: Tinkaton|52/100
|-enditem|p2a: Tornadus|Heavy-Duty Boots|[silent]|[from] ability: Pickpocket|[of] p2a: Tornadus
|-item|p1a: Tinkaton|Heavy-Duty Boots|[from] ability: Pickpocket|[of] p2a: Tornadus
|
|upkeep
|turn|3
|
|t:|1776111847
|move|p1a: Tinkaton|Encore|p2a: Tornadus
|-start|p2a: Tornadus|Encore
|move|p2a: Tornadus|Knock Off|p1a: Tinkaton
|-resisted|p1a: Tinkaton
|-damage|p1a: Tinkaton|42/100
|-enditem|p1a: Tinkaton|Heavy-Duty Boots|[from] move: Knock Off|[of] p2a: Tornadus
|
|upkeep
|turn|4
|
|t:|1776111851
|switch|p2a: Iron Treads|Iron Treads|100/100
|-damage|p2a: Iron Treads|97/100|[from] Stealth Rock
|move|p1a: Tinkaton|Gigaton Hammer|p2a: Iron Treads
|-resisted|p2a: Iron Treads
|-damage|p2a: Iron Treads|78/100
|
|-heal|p2a: Iron Treads|84/100|[from] item: Leftovers
|upkeep
|turn|5
|
|t:|1776111863
|switch|p1a: Gliscor|Gliscor, F, shiny|100/100
|move|p2a: Iron Treads|Knock Off|p1a: Gliscor
|-damage|p1a: Gliscor|76/100
|-enditem|p1a: Gliscor|Toxic Orb|[from] move: Knock Off|[of] p2a: Iron Treads
|
|-heal|p2a: Iron Treads|91/100|[from] item: Leftovers
|upkeep
|turn|6
|
|t:|1776111866
|move|p2a: Iron Treads|Rapid Spin|p1a: Gliscor
|-damage|p1a: Gliscor|63/100
|-boost|p2a: Iron Treads|spe|1
|-sideend|p2: QuandaleReturns|Stealth Rock|[from] move: Rapid Spin|[of] p2a: Iron Treads
|move|p1a: Gliscor|Knock Off|p2a: Iron Treads
|-damage|p2a: Iron Treads|72/100
|-enditem|p2a: Iron Treads|Leftovers|[from] move: Knock Off|[of] p1a: Gliscor
|
|upkeep
|turn|7
|j| Foxi4
|
|t:|1776111872
|move|p2a: Iron Treads|Stealth Rock|p1a: Gliscor
|-sidestart|p1: kingcrimsonfan2112|move: Stealth Rock
|move|p1a: Gliscor|Swords Dance|p1a: Gliscor
|-boost|p1a: Gliscor|atk|2
|
|upkeep
|turn|8
|
|t:|1776111880
|-end|p2a: Iron Treads|Quark Drive|[silent]
|switch|p2a: Alomomola|Alomomola, M|100/100
|move|p1a: Gliscor|Knock Off|p2a: Alomomola
|-damage|p2a: Alomomola|67/100
|-enditem|p2a: Alomomola|Assault Vest|[from] move: Knock Off|[of] p1a: Gliscor
|
|upkeep
|turn|9
|
|t:|1776111890
|move|p1a: Gliscor|Facade|p2a: Alomomola
|-damage|p2a: Alomomola|45/100
|move|p2a: Alomomola|Flip Turn|p1a: Gliscor
|-supereffective|p1a: Gliscor
|-damage|p1a: Gliscor|37/100
|
|t:|1776111895
|switch|p2a: Kyurem|Kyurem|100/100|[from] Flip Turn
|-ability|p2a: Kyurem|Pressure
|
|upkeep
|turn|10
|
|t:|1776111898
|move|p2a: Kyurem|Freeze-Dry|p1a: Gliscor
|-supereffective|p1a: Gliscor
|-damage|p1a: Gliscor|0 fnt
|faint|p1a: Gliscor
|
|upkeep
|l| Foxi4
|
|t:|1776111906
|switch|p1a: Scizor|Scizor, F|100/100
|-damage|p1a: Scizor|88/100|[from] Stealth Rock
|turn|11
|
|t:|1776111912
|switch|p2a: Tornadus|Tornadus-Therian, M|100/100 par
|move|p1a: Scizor|Defog|p2a: Tornadus
|-unboost|p2a: Tornadus|evasion|1
|-sideend|p1: kingcrimsonfan2112|Stealth Rock|[from] move: Defog|[of] p1a: Scizor
|
|upkeep
|turn|12
|
|t:|1776111922
|switch|p1a: Manaphy|Manaphy|100/100
|move|p2a: Tornadus|Heat Wave|p1a: Manaphy
|-resisted|p1a: Manaphy
|-damage|p1a: Manaphy|91/100
|-status|p1a: Manaphy|brn
|
|-heal|p1a: Manaphy|97/100 brn|[from] item: Leftovers
|-damage|p1a: Manaphy|91/100 brn|[from] brn
|upkeep
|turn|13
|
|t:|1776111926
|move|p1a: Manaphy|Take Heart|p1a: Manaphy
|-boost|p1a: Manaphy|spa|1
|-boost|p1a: Manaphy|spd|1
|-curestatus|p1a: Manaphy|brn|[msg]
|move|p2a: Tornadus|Knock Off|p1a: Manaphy
|-damage|p1a: Manaphy|74/100
|-enditem|p1a: Manaphy|Leftovers|[from] move: Knock Off|[of] p2a: Tornadus
|
|upkeep
|turn|14
|
|t:|1776111933
|switch|p2a: Alomomola|Alomomola, M|78/100
|move|p1a: Manaphy|Take Heart|p1a: Manaphy
|-boost|p1a: Manaphy|spa|1
|-boost|p1a: Manaphy|spd|1
|
|upkeep
|turn|15
|
|t:|1776111938
|move|p1a: Manaphy|Acid Armor|p1a: Manaphy
|-boost|p1a: Manaphy|def|2
|move|p2a: Alomomola|Mirror Coat||[still]
|-fail|p2a: Alomomola
|
|upkeep
|turn|16
|
|t:|1776111944
|move|p1a: Manaphy|Acid Armor|p1a: Manaphy
|-boost|p1a: Manaphy|def|2
|move|p2a: Alomomola|Mirror Coat||[still]
|-fail|p2a: Alomomola
|
|upkeep
|turn|17
|
|t:|1776111947
|move|p1a: Manaphy|Take Heart|p1a: Manaphy
|-boost|p1a: Manaphy|spa|1
|-boost|p1a: Manaphy|spd|1
|move|p2a: Alomomola|Play Rough|p1a: Manaphy
|-damage|p1a: Manaphy|69/100
|
|upkeep
|turn|18
|
|t:|1776111953
|move|p1a: Manaphy|Take Heart|p1a: Manaphy
|-boost|p1a: Manaphy|spa|1
|-boost|p1a: Manaphy|spd|1
|move|p2a: Alomomola|Mirror Coat||[still]
|-fail|p2a: Alomomola
|
|upkeep
|turn|19
|
|t:|1776111958
|move|p1a: Manaphy|Take Heart|p1a: Manaphy
|-boost|p1a: Manaphy|spa|1
|-boost|p1a: Manaphy|spd|1
|move|p2a: Alomomola|Mirror Coat||[still]
|-fail|p2a: Alomomola
|
|upkeep
|turn|20
|
|t:|1776111962
|move|p1a: Manaphy|Acid Armor|p1a: Manaphy
|-boost|p1a: Manaphy|def|2
|move|p2a: Alomomola|Mirror Coat||[still]
|-fail|p2a: Alomomola
|
|upkeep
|turn|21
|
|t:|1776111965
|move|p1a: Manaphy|Take Heart|p1a: Manaphy
|-boost|p1a: Manaphy|spa|1
|-boost|p1a: Manaphy|spd|1
|move|p2a: Alomomola|Play Rough|p1a: Manaphy
|-damage|p1a: Manaphy|66/100
|
|upkeep
|turn|22
|
|t:|1776111974
|move|p1a: Manaphy|Stored Power|p2a: Alomomola
|-damage|p2a: Alomomola|0 fnt
|faint|p2a: Alomomola
|
|upkeep
|
|t:|1776111981
|switch|p2a: Kyurem|Kyurem|100/100
|-ability|p2a: Kyurem|Pressure
|turn|23
|
|t:|1776111985
|move|p1a: Manaphy|Stored Power|p2a: Kyurem
|-damage|p2a: Kyurem|0 fnt
|faint|p2a: Kyurem
|
|upkeep
|-message|QuandaleReturns forfeited.
|
|win|kingcrimsonfan2112
|raw|kingcrimsonfan2112's rating: 1383 &rarr; <strong>1403</strong><br />(+20 for winning)
|raw|QuandaleReturns's rating: 1387 &rarr; <strong>1367</strong><br />(-20 for losing)
|l|☆QuandaleReturns
|player|p2|
