|html|<div class="broadcast-blue"><strong>[Gen 9] OU is currently suspecting Volcarona! For information on how to participate check out the <a href="https://www.smogon.com/tools/suspects/view/208">suspect thread</a>.</strong></div>
|j|☆Pitoatomico
|j|☆Makatuk
|t:|1778503209
|gametype|singles
|player|p1|Pitoatomico|101|1412
|player|p2|Makatuk|red|1468
|gen|9
|tier|[Gen 9] OU
|rated|
|rule|HP Percentage Mod: HP is shown in percentages
|rule|Endless Battle Clause: Forcing endless battles is banned
|rule|Species Clause: Limit one of each Pokémon
|rule|OHKO Clause: OHKO moves are banned
|rule|Evasion Items Clause: Evasion items are banned
|rule|Evasion Moves Clause: Evasion moves are banned
|rule|Evasion Abilities Clause: Evasion abilities are banned
|rule|Sleep Moves Clause: Sleep-inducing moves are banned
|clearpoke
|poke|p1|Toxapex, M|
|poke|p1|Hatterene, F|
|poke|p1|Landorus-Therian, M|
|poke|p1|Iron Valiant|
|poke|p1|Dragonite, F|
|poke|p1|Kingambit, F|
|poke|p2|Haxorus, M|
|poke|p2|Garganacl, F|
|poke|p2|Hatterene, F|
|poke|p2|Rillaboom, F|
|poke|p2|Raging Bolt|
|poke|p2|Frosmoth, M|
|teampreview
|inactive|Battle timer is ON: inactive players will automatically lose when time's up. (requested by Makatuk)
|inactive|Pitoatomico has 120 seconds left.
|
|t:|1778503242
|teamsize|p1|6
|teamsize|p2|6
|start
|switch|p1a: Kingambit|Kingambit, F|100/100
|switch|p2a: My Arrival Worm|Rillaboom, F|100/100
|-fieldstart|move: Grassy Terrain|[from] ability: Grassy Surge|[of] p2a: My Arrival Worm
|turn|1
|
|t:|1778503272
|-end|p1a: Kingambit|fallenundefined|[silent]
|switch|p1a: Landorus|Landorus-Therian, M|100/100
|-ability|p1a: Landorus|Intimidate|boost
|-unboost|p2a: My Arrival Worm|atk|1
|move|p2a: My Arrival Worm|Drain Punch|p1a: Landorus
|-resisted|p1a: Landorus
|-damage|p1a: Landorus|91/100
|
|upkeep
|turn|2
|
|t:|1778503283
|switch|p2a: Are You Sure?|Hatterene, F|100/100
|-enditem|p2a: Are You Sure?|Grassy Seed
|-boost|p2a: Are You Sure?|def|1|[from] item: Grassy Seed
|move|p1a: Landorus|Stealth Rock|p2a: Are You Sure?
|move|p2a: Are You Sure?|Stealth Rock|p1a: Landorus|[from] ability: Magic Bounce
|-sidestart|p1: Pitoatomico|move: Stealth Rock
|
|upkeep
|turn|3
|inactive|Pitoatomico has 120 seconds left.
|
|t:|1778503323
|switch|p1a: Hatterene|Hatterene, F|100/100
|-damage|p1a: Hatterene|88/100|[from] Stealth Rock
|move|p2a: Are You Sure?|Calm Mind|p2a: Are You Sure?
|-boost|p2a: Are You Sure?|spa|1
|-boost|p2a: Are You Sure?|spd|1
|
|-heal|p1a: Hatterene|94/100|[from] Grassy Terrain
|upkeep
|turn|4
|
|t:|1778503331
|move|p2a: Are You Sure?|Mystical Fire|p1a: Hatterene
|-damage|p1a: Hatterene|75/100
|-unboost|p1a: Hatterene|spa|1
|move|p1a: Hatterene|Mystical Fire|p2a: Are You Sure?
|-damage|p2a: Are You Sure?|87/100
|-unboost|p2a: Are You Sure?|spa|1
|
|-heal|p2a: Are You Sure?|93/100|[from] Grassy Terrain
|-heal|p1a: Hatterene|81/100|[from] Grassy Terrain
|upkeep
|turn|5
|
|t:|1778503342
|move|p2a: Are You Sure?|Mystical Fire|p1a: Hatterene
|-damage|p1a: Hatterene|69/100
|-unboost|p1a: Hatterene|spa|1
|move|p1a: Hatterene|Nuzzle|p2a: Are You Sure?
|-damage|p2a: Are You Sure?|90/100
|-status|p2a: Are You Sure?|par
|
|-heal|p1a: Hatterene|75/100|[from] Grassy Terrain
|-heal|p2a: Are You Sure?|96/100 par|[from] Grassy Terrain
|-fieldend|move: Grassy Terrain
|upkeep
|turn|6
|inactive|Pitoatomico has 90 seconds left.
|
|t:|1778503379
|move|p1a: Hatterene|Draining Kiss|p2a: Are You Sure?
|-damage|p2a: Are You Sure?|85/100 par
|-heal|p1a: Hatterene|82/100|[from] drain|[of] p2a: Are You Sure?
|cant|p2a: Are You Sure?|par
|
|upkeep
|turn|7
|
|t:|1778503391
|move|p1a: Hatterene|Mystical Fire|p2a: Are You Sure?
|-damage|p2a: Are You Sure?|76/100 par
|-unboost|p2a: Are You Sure?|spa|1
|move|p2a: Are You Sure?|Psychic Noise|p1a: Hatterene
|-resisted|p1a: Hatterene
|-damage|p1a: Hatterene|76/100
|-start|p1a: Hatterene|move: Heal Block
|
|upkeep
|turn|8
|
|t:|1778503404
|move|p1a: Hatterene|Mystical Fire|p2a: Are You Sure?
|-damage|p2a: Are You Sure?|67/100 par
|-unboost|p2a: Are You Sure?|spa|1
|move|p2a: Are You Sure?|Mystical Fire|p1a: Hatterene
|-damage|p1a: Hatterene|69/100
|-unboost|p1a: Hatterene|spa|1
|
|-end|p1a: Hatterene|move: Heal Block
|upkeep
|turn|9
|inactive|Pitoatomico has 60 seconds left.
|
|t:|1778503444
|switch|p1a: Kingambit|Kingambit, F|100/100
|-damage|p1a: Kingambit|94/100|[from] Stealth Rock
|move|p2a: Are You Sure?|Psychic Noise|p1a: Kingambit
|-immune|p1a: Kingambit
|
|upkeep
|turn|10
|
|t:|1778503456
|move|p1a: Kingambit|Iron Head|p2a: Are You Sure?
|-supereffective|p2a: Are You Sure?
|-damage|p2a: Are You Sure?|11/100 par
|cant|p2a: Are You Sure?|flinch
|
|upkeep
|turn|11
|
|t:|1778503474
|move|p1a: Kingambit|Iron Head|p2a: Are You Sure?
|-supereffective|p2a: Are You Sure?
|-damage|p2a: Are You Sure?|0 fnt
|faint|p2a: Are You Sure?
|
|upkeep
|
|t:|1778503476
|switch|p2a: My Arrival Worm|Rillaboom, F|100/100
|-fieldstart|move: Grassy Terrain|[from] ability: Grassy Surge|[of] p2a: My Arrival Worm
|turn|12
|inactive|Pitoatomico has 30 seconds left.
|
|t:|1778503501
|-end|p1a: Kingambit|fallenundefined|[silent]
|switch|p1a: Toxapex|Toxapex, M|100/100
|-damage|p1a: Toxapex|88/100|[from] Stealth Rock
|move|p2a: My Arrival Worm|U-turn|p1a: Toxapex
|-resisted|p1a: Toxapex
|-damage|p1a: Toxapex|80/100
|-damage|p2a: My Arrival Worm|84/100|[from] item: Rocky Helmet|[of] p1a: Toxapex
|
|t:|1778503511
|switch|p2a: Free to be Bees|Raging Bolt|100/100|[from] U-turn
|-enditem|p2a: Free to be Bees|Booster Energy
|-activate|p2a: Free to be Bees|ability: Protosynthesis|[fromitem]
|-start|p2a: Free to be Bees|protosynthesisspa
|
|-heal|p1a: Toxapex|87/100|[from] Grassy Terrain
|upkeep
|turn|13
|
|t:|1778503520
|switch|p1a: Hatterene|Hatterene, F|69/100
|-damage|p1a: Hatterene|57/100|[from] Stealth Rock
|move|p2a: Free to be Bees|Calm Mind|p2a: Free to be Bees
|-boost|p2a: Free to be Bees|spa|1
|-boost|p2a: Free to be Bees|spd|1
|
|-heal|p1a: Hatterene|63/100|[from] Grassy Terrain
|upkeep
|turn|14
|
|t:|1778503534
|move|p2a: Free to be Bees|Thunderbolt|p1a: Hatterene
|-damage|p1a: Hatterene|2/100
|move|p1a: Hatterene|Draining Kiss|p2a: Free to be Bees
|-supereffective|p2a: Free to be Bees
|-damage|p2a: Free to be Bees|75/100
|-heal|p1a: Hatterene|30/100|[from] drain|[of] p2a: Free to be Bees
|
|-heal|p2a: Free to be Bees|81/100|[from] Grassy Terrain
|-heal|p1a: Hatterene|36/100|[from] Grassy Terrain
|upkeep
|turn|15
|
|t:|1778503547
|switch|p1a: Landorus|Landorus-Therian, M|91/100
|-ability|p1a: Landorus|Intimidate|boost
|-unboost|p2a: Free to be Bees|atk|1
|move|p2a: Free to be Bees|Thunderbolt|p1a: Landorus
|-immune|p1a: Landorus
|
|-heal|p2a: Free to be Bees|87/100|[from] Grassy Terrain
|upkeep
|turn|16
|
|t:|1778503560
|move|p1a: Landorus|Earthquake|p2a: Free to be Bees
|-supereffective|p2a: Free to be Bees
|-damage|p2a: Free to be Bees|45/100
|move|p2a: Free to be Bees|Draco Meteor|p1a: Landorus
|-damage|p1a: Landorus|0 fnt
|-unboost|p2a: Free to be Bees|spa|2
|faint|p1a: Landorus
|
|-heal|p2a: Free to be Bees|51/100|[from] Grassy Terrain
|-fieldend|move: Grassy Terrain
|upkeep
|inactive|Pitoatomico has 30 seconds left.
|inactive|Pitoatomico has 20 seconds left.
|inactive|Pitoatomico has 15 seconds left.
|c|☆Makatuk|Mas rapido
|inactive|Pitoatomico has 10 seconds left.
|c|☆Makatuk|No tienes tiempo
|
|t:|1778503598
|switch|p1a: Iron Valiant|Iron Valiant|100/100
|-damage|p1a: Iron Valiant|94/100|[from] Stealth Rock
|-enditem|p1a: Iron Valiant|Booster Energy
|-activate|p1a: Iron Valiant|ability: Quark Drive|[fromitem]
|-start|p1a: Iron Valiant|quarkdrivespe
|turn|17
|inactive|Pitoatomico has 20 seconds left this turn.
|
|t:|1778503604
|-end|p2a: Free to be Bees|Protosynthesis|[silent]
|switch|p2a: My Arrival Worm|Rillaboom, F|84/100
|-fieldstart|move: Grassy Terrain|[from] ability: Grassy Surge|[of] p2a: My Arrival Worm
|move|p1a: Iron Valiant|Ice Punch|p2a: My Arrival Worm
|-supereffective|p2a: My Arrival Worm
|-damage|p2a: My Arrival Worm|41/100
|
|-heal|p1a: Iron Valiant|100/100|[from] Grassy Terrain
|-heal|p2a: My Arrival Worm|47/100|[from] Grassy Terrain
|upkeep
|turn|18
|inactive|Pitoatomico has 30 seconds left this turn.
|inactive|Pitoatomico has 20 seconds left.
|
|t:|1778503615
|move|p2a: My Arrival Worm|Grassy Glide|p1a: Iron Valiant
|-damage|p1a: Iron Valiant|47/100
|move|p1a: Iron Valiant|Ice Punch|p2a: My Arrival Worm
|-supereffective|p2a: My Arrival Worm
|-damage|p2a: My Arrival Worm|0 fnt
|faint|p2a: My Arrival Worm
|
|-heal|p1a: Iron Valiant|53/100|[from] Grassy Terrain
|upkeep
|
|t:|1778503625
|switch|p2a: SEAAA SAAAAAALT!!!|Garganacl, F|100/100
|turn|19
|inactive|Pitoatomico has 30 seconds left.
|
|t:|1778503635
|-terastallize|p2a: SEAAA SAAAAAALT!!!|Ghost
|move|p1a: Iron Valiant|Close Combat|p2a: SEAAA SAAAAAALT!!!
|-immune|p2a: SEAAA SAAAAAALT!!!
|move|p2a: SEAAA SAAAAAALT!!!|Salt Cure|p1a: Iron Valiant
|-resisted|p1a: Iron Valiant
|-damage|p1a: Iron Valiant|44/100
|-start|p1a: Iron Valiant|Salt Cure
|
|-heal|p1a: Iron Valiant|50/100|[from] Grassy Terrain
|-damage|p1a: Iron Valiant|38/100|[from] Salt Cure
|upkeep
|turn|20
|inactive|Pitoatomico has 30 seconds left.
|
|t:|1778503650
|move|p1a: Iron Valiant|Knock Off|p2a: SEAAA SAAAAAALT!!!
|-supereffective|p2a: SEAAA SAAAAAALT!!!
|-damage|p2a: SEAAA SAAAAAALT!!!|61/100
|-enditem|p2a: SEAAA SAAAAAALT!!!|Leftovers|[from] move: Knock Off|[of] p1a: Iron Valiant
|move|p2a: SEAAA SAAAAAALT!!!|Iron Defense|p2a: SEAAA SAAAAAALT!!!
|-boost|p2a: SEAAA SAAAAAALT!!!|def|2
|
|-heal|p1a: Iron Valiant|44/100|[from] Grassy Terrain
|-heal|p2a: SEAAA SAAAAAALT!!!|67/100|[from] Grassy Terrain
|-damage|p1a: Iron Valiant|32/100|[from] Salt Cure
|upkeep
|turn|21
|inactive|Pitoatomico has 30 seconds left.
|
|t:|1778503665
|-end|p1a: Iron Valiant|Quark Drive|[silent]
|switch|p1a: Kingambit|Kingambit, F|94/100
|-damage|p1a: Kingambit|88/100|[from] Stealth Rock
|-activate|p1a: Kingambit|ability: Supreme Overlord
|-start|p1a: Kingambit|fallen1|[silent]
|move|p2a: SEAAA SAAAAAALT!!!|Protect||[still]
|-fail|p2a: SEAAA SAAAAAALT!!!
|
|-heal|p1a: Kingambit|94/100|[from] Grassy Terrain
|-heal|p2a: SEAAA SAAAAAALT!!!|73/100|[from] Grassy Terrain
|-fieldend|move: Grassy Terrain
|upkeep
|turn|22
|inactive|Pitoatomico has 30 seconds left.
|
|t:|1778503679
|move|p1a: Kingambit|Kowtow Cleave|p2a: SEAAA SAAAAAALT!!!
|-supereffective|p2a: SEAAA SAAAAAALT!!!
|-damage|p2a: SEAAA SAAAAAALT!!!|36/100
|move|p2a: SEAAA SAAAAAALT!!!|Salt Cure|p1a: Kingambit
|-resisted|p1a: Kingambit
|-damage|p1a: Kingambit|89/100
|-start|p1a: Kingambit|Salt Cure
|
|-damage|p1a: Kingambit|64/100|[from] Salt Cure
|upkeep
|turn|23
|inactive|Pitoatomico has 30 seconds left.
|
|t:|1778503692
|-end|p1a: Kingambit|fallen1|[silent]
|switch|p1a: Toxapex|Toxapex, M|100/100
|-damage|p1a: Toxapex|88/100|[from] Stealth Rock
|move|p2a: SEAAA SAAAAAALT!!!|Recover|p2a: SEAAA SAAAAAALT!!!
|-heal|p2a: SEAAA SAAAAAALT!!!|86/100
|
|upkeep
|turn|24
|inactive|Pitoatomico has 30 seconds left.
|
|t:|1778503699
|move|p2a: SEAAA SAAAAAALT!!!|Salt Cure|p1a: Toxapex
|-damage|p1a: Toxapex|80/100
|-start|p1a: Toxapex|Salt Cure
|move|p1a: Toxapex|Haze|p1a: Toxapex
|-clearallboost
|
|-damage|p1a: Toxapex|55/100|[from] Salt Cure
|upkeep
|turn|25
|inactive|Pitoatomico has 30 seconds left.
|inactive|Pitoatomico has 20 seconds left.
|
|t:|1778503723
|switch|p1a: Dragonite|Dragonite, F|100/100
|move|p2a: SEAAA SAAAAAALT!!!|Salt Cure|p1a: Dragonite
|-supereffective|p1a: Dragonite
|-damage|p1a: Dragonite|85/100
|-start|p1a: Dragonite|Salt Cure
|
|-damage|p1a: Dragonite|73/100|[from] Salt Cure
|upkeep
|turn|26
|inactive|Pitoatomico has 30 seconds left this turn.
|
|t:|1778503729
|move|p1a: Dragonite|Dragon Dance|p1a: Dragonite
|-boost|p1a: Dragonite|atk|1
|-boost|p1a: Dragonite|spe|1
|move|p2a: SEAAA SAAAAAALT!!!|Salt Cure|p1a: Dragonite
|-supereffective|p1a: Dragonite
|-damage|p1a: Dragonite|41/100
|
|-damage|p1a: Dragonite|29/100|[from] Salt Cure
|upkeep
|turn|27
|inactive|Pitoatomico has 30 seconds left.
|
|t:|1778503741
|-terastallize|p1a: Dragonite|Dragon
|move|p1a: Dragonite|Outrage|p2a: SEAAA SAAAAAALT!!!
|-damage|p2a: SEAAA SAAAAAALT!!!|0 fnt
|faint|p2a: SEAAA SAAAAAALT!!!
|
|-damage|p1a: Dragonite|17/100|[from] Salt Cure
|upkeep
|
|t:|1778503749
|switch|p2a: Free to be Bees|Raging Bolt|51/100
|turn|28
|
|t:|1778503754
|move|p2a: Free to be Bees|Thunderclap|p1a: Dragonite
|-resisted|p1a: Dragonite
|-damage|p1a: Dragonite|0 fnt
|faint|p1a: Dragonite
|
|upkeep
|inactive|Pitoatomico has 30 seconds left.
|inactive|Pitoatomico has 20 seconds left.
|inactive|Pitoatomico has 15 seconds left.
|
|t:|1778503779
|switch|p1a: Hatterene|Hatterene, F|36/100
|-damage|p1a: Hatterene|23/100|[from] Stealth Rock
|turn|29
|inactive|Pitoatomico has 25 seconds left this turn.
|
|t:|1778503783
|move|p2a: Free to be Bees|Thunderbolt|p1a: Hatterene
|-damage|p1a: Hatterene|0 fnt
|faint|p1a: Hatterene
|
|upkeep
|inactive|Pitoatomico has 30 seconds left this turn.
|
|t:|1778503792
|switch|p1a: Iron Valiant|Iron Valiant|32/100
|-damage|p1a: Iron Valiant|25/100|[from] Stealth Rock
|turn|30
|
|t:|1778503797
|move|p2a: Free to be Bees|Thunderclap|p1a: Iron Valiant
|-damage|p1a: Iron Valiant|0 fnt
|faint|p1a: Iron Valiant
|-end|p1a: Iron Valiant|Quark Drive|[silent]
|
|upkeep
|
|t:|1778503799
|switch|p1a: Kingambit|Kingambit, F|64/100
|-damage|p1a: Kingambit|58/100|[from] Stealth Rock
|-activate|p1a: Kingambit|ability: Supreme Overlord
|-start|p1a: Kingambit|fallen4|[silent]
|turn|31
|
|t:|1778503803
|move|p2a: Free to be Bees|Thunderbolt|p1a: Kingambit
|-damage|p1a: Kingambit|23/100
|move|p1a: Kingambit|Kowtow Cleave|p2a: Free to be Bees
|-damage|p2a: Free to be Bees|0 fnt
|faint|p2a: Free to be Bees
|-end|p2a: Free to be Bees|Protosynthesis|[silent]
|
|upkeep
|
|t:|1778503810
|switch|p2a: I Made a Steak|Haxorus, M|100/100
|-ability|p2a: I Made a Steak|Mold Breaker
|turn|32
|inactive|Pitoatomico has 60 seconds left.
|
|t:|1778503818
|move|p2a: I Made a Steak|Earthquake|p1a: Kingambit
|-supereffective|p1a: Kingambit
|-damage|p1a: Kingambit|0 fnt
|faint|p1a: Kingambit
|-end|p1a: Kingambit|fallen4|[silent]
|
|upkeep
|inactive|Pitoatomico has 60 seconds left.
|-message|Pitoatomico forfeited.
|
|win|Makatuk
|raw|Pitoatomico's rating: 1412 &rarr; <strong>1395</strong><br />(-17 for losing)
|raw|Makatuk's rating: 1468 &rarr; <strong>1485</strong><br />(+17 for winning)
|l|☆Pitoatomico
|player|p1|
|l|☆Makatuk
|player|p2|
