|html|<div class="broadcast-blue"><strong>[Gen 9] OU is currently suspecting Tera Blast! For information on how to participate check out the <a href="https://www.smogon.com/tools/suspects/view/200">suspect thread</a>.</strong></div>
|j|☆noadecoco123
|j|☆Dionaeamuscipul
|t:|1776074280
|gametype|singles
|player|p1|noadecoco123|n|1083
|player|p2|Dionaeamuscipul|101|1064
|gen|9
|tier|[Gen 9] OU
|rated|
|rule|HP Percentage Mod: HP is shown in percentages
|rule|Endless Battle Clause: Forcing endless battles is banned
|rule|Species Clause: Limit one of each Pokémon
|rule|OHKO Clause: OHKO moves are banned
|rule|Evasion Items Clause: Evasion items are banned
|rule|Evasion Moves Clause: Evasion moves are banned
|rule|Evasion Abilities Clause: Evasion abilities are banned
|rule|Sleep Moves Clause: Sleep-inducing moves are banned
|clearpoke
|poke|p1|Lilligant, F|
|poke|p1|Articuno|
|poke|p1|Rampardos, F|
|poke|p1|Jolteon, F|
|poke|p1|Flygon, M|
|poke|p1|Regirock|
|poke|p2|Rotom-Mow|
|poke|p2|Darkrai|
|poke|p2|Haunter, F|
|poke|p2|Leavanny, M|
|poke|p2|Empoleon, F|
|poke|p2|Muk-Alola, F|
|teampreview
|
|t:|1776074299
|teamsize|p1|6
|teamsize|p2|6
|start
|switch|p1a: Flygon|Flygon, M|100/100
|switch|p2a: Haunter|Haunter, F|100/100
|turn|1
|
|t:|1776074305
|move|p1a: Flygon|Scale Shot|p2a: Haunter
|-damage|p2a: Haunter|69/100
|-damage|p2a: Haunter|38/100
|-damage|p2a: Haunter|6/100
|-damage|p2a: Haunter|0 fnt
|faint|p2a: Haunter
|-hitcount|p2: Haunter|4
|-unboost|p1a: Flygon|def|1
|-boost|p1a: Flygon|spe|1
|
|upkeep
|
|t:|1776074313
|switch|p2a: Rotom|Rotom-Mow|100/100
|turn|2
|
|t:|1776074318
|move|p1a: Flygon|U-turn|p2a: Rotom
|-supereffective|p2a: Rotom
|-damage|p2a: Rotom|54/100
|
|t:|1776074324
|switch|p1a: Articuno|Articuno|100/100|[from] U-turn
|-ability|p1a: Articuno|Pressure
|move|p2a: Rotom|Will-O-Wisp|p1a: Articuno
|-status|p1a: Articuno|brn
|
|-heal|p2a: Rotom|60/100|[from] item: Leftovers
|-damage|p1a: Articuno|94/100 brn|[from] brn
|upkeep
|turn|3
|
|t:|1776074336
|move|p2a: Rotom|Thunderbolt|p1a: Articuno
|-supereffective|p1a: Articuno
|-damage|p1a: Articuno|53/100 brn
|move|p1a: Articuno|Ice Beam|p2a: Rotom
|-supereffective|p2a: Rotom
|-damage|p2a: Rotom|0 fnt
|faint|p2a: Rotom
|
|-damage|p1a: Articuno|46/100 brn|[from] brn
|upkeep
|
|t:|1776074343
|switch|p2a: Muk|Muk-Alola, F|100/100
|turn|4
|
|t:|1776074352
|move|p1a: Articuno|Ice Beam|p2a: Muk
|-damage|p2a: Muk|70/100
|move|p2a: Muk|Curse|p2a: Muk
|-unboost|p2a: Muk|spe|1
|-boost|p2a: Muk|atk|1
|-boost|p2a: Muk|def|1
|
|-heal|p2a: Muk|76/100|[from] item: Leftovers
|-damage|p1a: Articuno|40/100 brn|[from] brn
|upkeep
|turn|5
|
|t:|1776074361
|move|p1a: Articuno|Air Slash|p2a: Muk
|-damage|p2a: Muk|49/100
|cant|p2a: Muk|flinch
|
|-heal|p2a: Muk|55/100|[from] item: Leftovers
|-damage|p1a: Articuno|34/100 brn|[from] brn
|upkeep
|turn|6
|
|t:|1776074365
|move|p1a: Articuno|Air Slash|p2a: Muk
|-crit|p2a: Muk
|-damage|p2a: Muk|14/100
|cant|p2a: Muk|flinch
|
|-heal|p2a: Muk|20/100|[from] item: Leftovers
|-damage|p1a: Articuno|28/100 brn|[from] brn
|upkeep
|turn|7
|-message|Dionaeamuscipul forfeited.
|
|win|noadecoco123
|raw|noadecoco123's rating: 1083 &rarr; <strong>1109</strong><br />(+26 for winning)
|raw|Dionaeamuscipul's rating: 1064 &rarr; <strong>1045</strong><br />(-19 for losing)
|l|☆Dionaeamuscipul
|player|p2|
|l|☆noadecoco123
|player|p1|
