|html|<div class="broadcast-blue"><strong>[Gen 9] OU is currently suspecting Tera Blast! For information on how to participate check out the <a href="https://www.smogon.com/tools/suspects/view/200">suspect thread</a>.</strong></div>
|j|☆heheultrabeast
|j|☆monocyne
|t:|1776312702
|gametype|singles
|player|p1|heheultrabeast|265|1190
|player|p2|monocyne|266|1190
|gen|9
|tier|[Gen 9] OU
|rated|
|rule|HP Percentage Mod: HP is shown in percentages
|rule|Endless Battle Clause: Forcing endless battles is banned
|rule|Species Clause: Limit one of each Pokémon
|rule|OHKO Clause: OHKO moves are banned
|rule|Evasion Items Clause: Evasion items are banned
|rule|Evasion Moves Clause: Evasion moves are banned
|rule|Evasion Abilities Clause: Evasion abilities are banned
|rule|Sleep Moves Clause: Sleep-inducing moves are banned
|clearpoke
|poke|p1|Kingambit, F|
|poke|p1|Cinderace, F|
|poke|p1|Landorus-Therian, M|
|poke|p1|Iron Valiant|
|poke|p1|Kyurem|
|poke|p1|Slowking-Galar, M|
|poke|p2|Zoroark-Hisui, F|
|poke|p2|Skarmory, F|
|poke|p2|Haxorus, F|
|poke|p2|Alomomola, F|
|poke|p2|Slowking-Galar, M|
|poke|p2|Great Tusk|
|teampreview
|inactive|Battle timer is ON: inactive players will automatically lose when time's up. (requested by heheultrabeast)
|
|t:|1776312725
|teamsize|p1|6
|teamsize|p2|6
|start
|switch|p1a: Homelandor|Landorus-Therian, M, shiny|100/100
|switch|p2a: Slowking|Slowking-Galar, M|100/100
|-ability|p1a: Homelandor|Intimidate|boost
|-unboost|p2a: Slowking|atk|1
|turn|1
|
|t:|1776312731
|move|p1a: Homelandor|Earth Power|p2a: Slowking
|-supereffective|p2a: Slowking
|-damage|p2a: Slowking|65/100
|move|p2a: Slowking|Ice Beam|p1a: Homelandor
|-supereffective|p1a: Homelandor
|-damage|p1a: Homelandor|0 fnt
|faint|p1a: Homelandor
|
|upkeep
|
|t:|1776312741
|switch|p1a: Daenerys|Kingambit, F|100/100
|-activate|p1a: Daenerys|ability: Supreme Overlord
|-start|p1a: Daenerys|fallen1|[silent]
|turn|2
|
|t:|1776312747
|move|p1a: Daenerys|Swords Dance|p1a: Daenerys
|-boost|p1a: Daenerys|atk|2
|move|p2a: Slowking|Fire Blast|p1a: Daenerys
|-supereffective|p1a: Daenerys
|-damage|p1a: Daenerys|27/100
|
|-heal|p1a: Daenerys|33/100|[from] item: Leftovers
|upkeep
|turn|3
|inactive|monocyne has 120 seconds left.
|
|t:|1776312783
|switch|p2a: Skarmory|Skarmory, F|100/100
|move|p1a: Daenerys|Kowtow Cleave|p2a: Skarmory
|-damage|p2a: Skarmory|35/100
|-damage|p1a: Daenerys|16/100|[from] item: Rocky Helmet|[of] p2a: Skarmory
|
|-heal|p1a: Daenerys|22/100|[from] item: Leftovers
|upkeep
|turn|4
|inactive|monocyne has 120 seconds left.
|
|t:|1776312794
|switch|p2a: Great Tusk|Great Tusk|100/100
|move|p1a: Daenerys|Sucker Punch||[still]
|-fail|p1a: Daenerys
|
|-heal|p1a: Daenerys|28/100|[from] item: Leftovers
|upkeep
|turn|5
|inactive|monocyne has 120 seconds left.
|
|t:|1776312802
|move|p1a: Daenerys|Sucker Punch|p2a: Great Tusk
|-resisted|p2a: Great Tusk
|-damage|p2a: Great Tusk|67/100
|-damage|p1a: Daenerys|12/100|[from] item: Rocky Helmet|[of] p2a: Great Tusk
|move|p2a: Great Tusk|Headlong Rush|p1a: Daenerys
|-supereffective|p1a: Daenerys
|-damage|p1a: Daenerys|0 fnt
|-unboost|p2a: Great Tusk|def|1
|-unboost|p2a: Great Tusk|spd|1
|faint|p1a: Daenerys
|-end|p1a: Daenerys|fallen1|[silent]
|
|upkeep
|
|t:|1776312806
|switch|p1a: WALL-Y|Iron Valiant|100/100
|-enditem|p1a: WALL-Y|Booster Energy
|-activate|p1a: WALL-Y|ability: Quark Drive|[fromitem]
|-start|p1a: WALL-Y|quarkdrivespe
|turn|6
|inactive|monocyne has 120 seconds left.
|
|t:|1776312823
|-end|p2a: Great Tusk|Protosynthesis|[silent]
|switch|p2a: Slowking|Slowking-Galar, M|99/100
|-terastallize|p1a: WALL-Y|Ghost
|move|p1a: WALL-Y|Calm Mind|p1a: WALL-Y
|-boost|p1a: WALL-Y|spa|1
|-boost|p1a: WALL-Y|spd|1
|
|upkeep
|turn|7
|inactive|monocyne has 120 seconds left.
|
|t:|1776312836
|switch|p2a: Skarmory|Skarmory, F|35/100
|move|p1a: WALL-Y|Calm Mind|p1a: WALL-Y
|-boost|p1a: WALL-Y|spa|1
|-boost|p1a: WALL-Y|spd|1
|
|upkeep
|turn|8
|
|t:|1776312843
|move|p1a: WALL-Y|Shadow Ball|p2a: Skarmory
|-crit|p2a: Skarmory
|-damage|p2a: Skarmory|0 fnt
|faint|p2a: Skarmory
|
|upkeep
|
|t:|1776312853
|switch|p2a: Slowking|Slowking-Galar, M|100/100
|turn|9
|
|t:|1776312858
|move|p1a: WALL-Y|Shadow Ball|p2a: Slowking
|-immune|p2a: Slowking
|move|p2a: Slowking|Shadow Ball|p1a: WALL-Y
|-supereffective|p1a: WALL-Y
|-damage|p1a: WALL-Y|0 fnt
|faint|p1a: WALL-Y
|-end|p1a: WALL-Y|Quark Drive|[silent]
|
|upkeep
|
|t:|1776312864
|switch|p1a: Kristine|Cinderace, F, shiny|100/100
|turn|10
|
|t:|1776312878
|switch|p2a: Great Tusk|Great Tusk|67/100
|move|p1a: Kristine|Pyro Ball|p2a: Great Tusk
|-damage|p2a: Great Tusk|26/100
|
|upkeep
|turn|11
|
|t:|1776312886
|move|p1a: Kristine|Pyro Ball|p2a: Great Tusk
|-damage|p2a: Great Tusk|0 fnt
|faint|p2a: Great Tusk
|-end|p2a: Great Tusk|Protosynthesis|[silent]
|
|upkeep
|
|t:|1776312889
|switch|p2a: Alomomola|Alomomola, F|100/100
|turn|12
|
|t:|1776312897
|move|p1a: Kristine|U-turn|p2a: Alomomola
|-damage|p2a: Alomomola|89/100
|
|t:|1776312899
|switch|p1a: Mr. Freeze|Kyurem, shiny|100/100|[from] U-turn
|-ability|p1a: Mr. Freeze|Pressure
|move|p2a: Alomomola|Scald|p1a: Mr. Freeze
|-resisted|p1a: Mr. Freeze
|-damage|p1a: Mr. Freeze|94/100
|
|-heal|p1a: Mr. Freeze|99/100|[from] item: Leftovers
|upkeep
|turn|13
|
|t:|1776312925
|move|p1a: Mr. Freeze|Freeze-Dry|p2a: Alomomola
|-supereffective|p2a: Alomomola
|-damage|p2a: Alomomola|1/100
|move|p2a: Alomomola|Wish|p2a: Alomomola
|
|-heal|p1a: Mr. Freeze|100/100|[from] item: Leftovers
|upkeep
|turn|14
|
|t:|1776312931
|move|p2a: Alomomola|Protect|p2a: Alomomola
|-singleturn|p2a: Alomomola|Protect
|move|p1a: Mr. Freeze|Freeze-Dry|p2a: Alomomola
|-activate|p2a: Alomomola|move: Protect
|
|-heal|p2a: Alomomola|51/100|[from] move: Wish|[wisher] Alomomola
|upkeep
|turn|15
|
|t:|1776312946
|switch|p2a: Slowking|Slowking-Galar, M|100/100
|move|p1a: Mr. Freeze|Freeze-Dry|p2a: Slowking
|-damage|p2a: Slowking|83/100
|-status|p2a: Slowking|frz
|
|upkeep
|turn|16
|
|t:|1776312952
|move|p1a: Mr. Freeze|Earth Power|p2a: Slowking
|-supereffective|p2a: Slowking
|-damage|p2a: Slowking|52/100 frz
|cant|p2a: Slowking|frz
|
|upkeep
|turn|17
|
|t:|1776312964
|switch|p2a: Alomomola|Alomomola, F|84/100
|move|p1a: Mr. Freeze|Earth Power|p2a: Alomomola
|-damage|p2a: Alomomola|48/100
|
|upkeep
|turn|18
|
|t:|1776312972
|move|p2a: Alomomola|Protect|p2a: Alomomola
|-singleturn|p2a: Alomomola|Protect
|move|p1a: Mr. Freeze|Freeze-Dry|p2a: Alomomola
|-activate|p2a: Alomomola|move: Protect
|
|upkeep
|turn|19
|
|t:|1776312984
|switch|p2a: Slowking|Slowking-Galar, M|86/100 frz
|move|p1a: Mr. Freeze|Earth Power|p2a: Slowking
|-supereffective|p2a: Slowking
|-damage|p2a: Slowking|55/100 frz
|
|upkeep
|turn|20
|
|t:|1776312994
|switch|p2a: Alomomola|Alomomola, F|81/100
|move|p1a: Mr. Freeze|Earth Power|p2a: Alomomola
|-damage|p2a: Alomomola|47/100
|
|upkeep
|turn|21
|
|t:|1776313016
|move|p2a: Alomomola|Protect|p2a: Alomomola
|-singleturn|p2a: Alomomola|Protect
|move|p1a: Mr. Freeze|Freeze-Dry|p2a: Alomomola
|-activate|p2a: Alomomola|move: Protect
|
|upkeep
|turn|22
|
|t:|1776313025
|switch|p2a: Slowking|Slowking-Galar, M|100/100
|move|p1a: Mr. Freeze|Freeze-Dry|p2a: Slowking
|-damage|p2a: Slowking|32/100
|replace|p2a: Zoroark|Zoroark-Hisui, F, shiny
|-end|p2a: Zoroark|Illusion
|
|upkeep
|turn|23
|
|t:|1776313034
|move|p2a: Zoroark|Focus Blast|p1a: Mr. Freeze|[miss]
|-miss|p2a: Zoroark|p1a: Mr. Freeze
|move|p1a: Mr. Freeze|Freeze-Dry|p2a: Zoroark
|-damage|p2a: Zoroark|0 fnt
|faint|p2a: Zoroark
|
|upkeep
|
|t:|1776313041
|switch|p2a: Slowking|Slowking-Galar, M|88/100 frz
|turn|24
|c|☆heheultrabeast|blud is forever forzen
|inactive|monocyne has 120 seconds left.
|
|t:|1776313075
|move|p1a: Mr. Freeze|Earth Power|p2a: Slowking
|-supereffective|p2a: Slowking
|-damage|p2a: Slowking|56/100 frz
|-curestatus|p2a: Slowking|frz|[msg]
|move|p2a: Slowking|Sludge Bomb|p1a: Mr. Freeze
|-damage|p1a: Mr. Freeze|65/100
|-status|p1a: Mr. Freeze|psn
|
|-heal|p1a: Mr. Freeze|71/100 psn|[from] item: Leftovers
|-damage|p1a: Mr. Freeze|58/100 psn|[from] psn
|upkeep
|turn|25
|inactive|monocyne has 120 seconds left.
|inactive|heheultrabeast has 120 seconds left.
|-message|heheultrabeast forfeited.
|
|win|monocyne
|raw|heheultrabeast's rating: 1190 &rarr; <strong>1165</strong><br />(-25 for losing)
|raw|monocyne's rating: 1190 &rarr; <strong>1215</strong><br />(+25 for winning)
|l|☆heheultrabeast
|player|p1|
|l|☆monocyne
|player|p2|
|j|☆monocyne
|player|p2|monocyne|266|
