|html|<div class="broadcast-blue"><strong>[Gen 9] OU is currently suspecting Tera Blast! For information on how to participate check out the <a href="https://www.smogon.com/tools/suspects/view/200">suspect thread</a>.</strong></div>
|j|☆K.271203
|j|☆levi6969
|t:|1776140510
|gametype|singles
|player|p1|K.271203|cynthia|1160
|player|p2|levi6969|1|1177
|gen|9
|tier|[Gen 9] OU
|rated|
|rule|HP Percentage Mod: HP is shown in percentages
|rule|Endless Battle Clause: Forcing endless battles is banned
|rule|Species Clause: Limit one of each Pokémon
|rule|OHKO Clause: OHKO moves are banned
|rule|Evasion Items Clause: Evasion items are banned
|rule|Evasion Moves Clause: Evasion moves are banned
|rule|Evasion Abilities Clause: Evasion abilities are banned
|rule|Sleep Moves Clause: Sleep-inducing moves are banned
|clearpoke
|poke|p1|Pelipper, M|
|poke|p1|Barraskewda, M|
|poke|p1|Zapdos|
|poke|p1|Great Tusk|
|poke|p1|Clodsire, F|
|poke|p1|Walking Wake|
|poke|p2|Whiscash, F|
|poke|p2|Jirachi|
|poke|p2|Pelipper, M|
|poke|p2|Kingdra, F|
|poke|p2|Weezing-Galar, F|
|poke|p2|Slither Wing|
|teampreview
|
|t:|1776140516
|teamsize|p1|6
|teamsize|p2|6
|start
|switch|p1a: Zapdos|Zapdos, shiny|100/100
|switch|p2a: Jirachi|Jirachi|100/100
|turn|1
|inactive|Battle timer is ON: inactive players will automatically lose when time's up. (requested by levi6969)
|
|t:|1776140529
|move|p2a: Jirachi|Doom Desire|p1a: Zapdos
|-start|p2a: Jirachi|Doom Desire
|move|p1a: Zapdos|Volt Switch|p2a: Jirachi
|-damage|p2a: Jirachi|69/100
|
|t:|1776140555
|switch|p1a: Pelipper|Pelipper, M, shiny|100/100|[from] Volt Switch
|-weather|RainDance|[from] ability: Drizzle|[of] p1a: Pelipper
|
|-weather|RainDance|[upkeep]
|upkeep
|turn|2
|
|t:|1776140569
|move|p2a: Jirachi|Thunder|p1a: Pelipper
|-supereffective|p1a: Pelipper
|-damage|p1a: Pelipper|0 fnt
|faint|p1a: Pelipper
|
|-weather|RainDance|[upkeep]
|upkeep
|
|t:|1776140576
|switch|p1a: Barraskewda|Barraskewda, M, shiny|100/100
|turn|3
|
|t:|1776140596
|switch|p2a: Pelipper|Pelipper, M|100/100
|move|p1a: Barraskewda|Close Combat|p2a: Pelipper
|-resisted|p2a: Pelipper
|-damage|p2a: Pelipper|69/100
|-unboost|p1a: Barraskewda|def|1
|-unboost|p1a: Barraskewda|spd|1
|
|-weather|RainDance|[upkeep]
|-end|p1a: Barraskewda|move: Doom Desire
|-resisted|p1a: Barraskewda
|-damage|p1a: Barraskewda|4/100
|upkeep
|turn|4
|
|t:|1776140610
|switch|p1a: Zapdos|Zapdos, shiny|100/100
|move|p2a: Pelipper|Surf|p1a: Zapdos
|-damage|p1a: Zapdos|57/100
|
|-weather|RainDance|[upkeep]
|upkeep
|turn|5
|
|t:|1776140632
|move|p1a: Zapdos|Roost|p1a: Zapdos
|-heal|p1a: Zapdos|100/100
|-singleturn|p1a: Zapdos|move: Roost
|move|p2a: Pelipper|Knock Off|p1a: Zapdos
|-damage|p1a: Zapdos|87/100
|-enditem|p1a: Zapdos|Heavy-Duty Boots|[from] move: Knock Off|[of] p2a: Pelipper
|
|-weather|RainDance|[upkeep]
|upkeep
|turn|6
|
|t:|1776140643
|move|p1a: Zapdos|Thunder|p2a: Pelipper
|-supereffective|p2a: Pelipper
|-damage|p2a: Pelipper|0 fnt
|faint|p2a: Pelipper
|
|-weather|RainDance|[upkeep]
|upkeep
|
|t:|1776140646
|switch|p2a: Kingdra|Kingdra, F|100/100
|turn|7
|inactive|K.271203 has 120 seconds left.
|
|t:|1776140679
|move|p2a: Kingdra|Draco Meteor|p1a: Zapdos|[miss]
|-miss|p2a: Kingdra|p1a: Zapdos
|move|p1a: Zapdos|Volt Switch|p2a: Kingdra
|-crit|p2a: Kingdra
|-damage|p2a: Kingdra|47/100
|
|t:|1776140687
|switch|p1a: Barraskewda|Barraskewda, M, shiny|4/100|[from] Volt Switch
|
|-weather|RainDance|[upkeep]
|upkeep
|turn|8
|
|t:|1776140712
|switch|p2a: Weezing|Weezing-Galar, F|100/100
|-ability|p2a: Weezing|Neutralizing Gas
|move|p1a: Barraskewda|Psychic Fangs|p2a: Weezing
|-supereffective|p2a: Weezing
|-damage|p2a: Weezing|42/100
|-damage|p1a: Barraskewda|0 fnt|[from] item: Rocky Helmet|[of] p2a: Weezing
|faint|p1a: Barraskewda
|
|-weather|none
|upkeep
|inactive|K.271203 has 90 seconds left.
|
|t:|1776140734
|switch|p1a: Walking Wake|Walking Wake|100/100
|turn|9
|inactive|K.271203 has 90 seconds left.
|
|t:|1776140744
|move|p1a: Walking Wake|Flip Turn|p2a: Weezing
|-damage|p2a: Weezing|31/100
|-damage|p1a: Walking Wake|84/100|[from] item: Rocky Helmet|[of] p2a: Weezing
|inactive|K.271203 has 90 seconds left.
|
|t:|1776140756
|-end|p1a: Walking Wake|Protosynthesis|[silent]
|switch|p1a: Clodsire|Clodsire, F, shiny|100/100|[from] Flip Turn
|move|p2a: Weezing|Strange Steam|p1a: Clodsire
|-resisted|p1a: Clodsire
|-damage|p1a: Clodsire|94/100
|
|-heal|p1a: Clodsire|99/100|[from] item: Leftovers
|upkeep
|turn|10
|inactive|K.271203 has 90 seconds left.
|
|t:|1776140771
|move|p2a: Weezing|Pain Split|p1a: Clodsire
|-sethp|p1a: Clodsire|61/100|[from] move: Pain Split|[silent]
|-sethp|p2a: Weezing|85/100|[from] move: Pain Split
|move|p1a: Clodsire|Earthquake|p2a: Weezing
|-supereffective|p2a: Weezing
|-damage|p2a: Weezing|47/100
|
|-heal|p1a: Clodsire|68/100|[from] item: Leftovers
|upkeep
|turn|11
|
|t:|1776140782
|move|p2a: Weezing|Pain Split|p1a: Clodsire
|-sethp|p1a: Clodsire|51/100|[from] move: Pain Split|[silent]
|-sethp|p2a: Weezing|70/100|[from] move: Pain Split
|move|p1a: Clodsire|Spikes|p2a: Weezing
|-sidestart|p2: levi6969|Spikes
|
|-heal|p1a: Clodsire|57/100|[from] item: Leftovers
|upkeep
|turn|12
|
|t:|1776140792
|-end|p2a: Weezing|ability: Neutralizing Gas
|switch|p2a: Whiscash|Whiscash, F|100/100
|-damage|p2a: Whiscash|88/100|[from] Spikes
|move|p1a: Clodsire|Earthquake|p2a: Whiscash
|-damage|p2a: Whiscash|54/100
|
|-heal|p1a: Clodsire|63/100|[from] item: Leftovers
|upkeep
|turn|13
|inactive|K.271203 has 90 seconds left.
|
|t:|1776140809
|-terastallize|p1a: Clodsire|Water
|move|p2a: Whiscash|Ice Beam|p1a: Clodsire
|-resisted|p1a: Clodsire
|-damage|p1a: Clodsire|57/100
|-status|p1a: Clodsire|frz
|-damage|p2a: Whiscash|45/100|[from] item: Life Orb
|-curestatus|p1a: Clodsire|frz|[msg]
|move|p1a: Clodsire|Recover|p1a: Clodsire
|-heal|p1a: Clodsire|100/100
|
|upkeep
|turn|14
|
|t:|1776140822
|move|p2a: Whiscash|Earthquake|p1a: Clodsire
|-damage|p1a: Clodsire|41/100
|-damage|p2a: Whiscash|35/100|[from] item: Life Orb
|move|p1a: Clodsire|Spikes|p2a: Whiscash
|-sidestart|p2: levi6969|Spikes
|
|-heal|p1a: Clodsire|47/100|[from] item: Leftovers
|upkeep
|turn|15
|
|t:|1776140834
|move|p2a: Whiscash|Ice Beam|p1a: Clodsire
|-resisted|p1a: Clodsire
|-damage|p1a: Clodsire|40/100
|-damage|p2a: Whiscash|25/100|[from] item: Life Orb
|move|p1a: Clodsire|Recover|p1a: Clodsire
|-heal|p1a: Clodsire|90/100
|
|-heal|p1a: Clodsire|96/100|[from] item: Leftovers
|upkeep
|turn|16
|inactive|K.271203 has 90 seconds left.
|
|t:|1776140843
|move|p2a: Whiscash|Ice Beam|p1a: Clodsire
|-resisted|p1a: Clodsire
|-damage|p1a: Clodsire|89/100
|-status|p1a: Clodsire|frz
|-damage|p2a: Whiscash|15/100|[from] item: Life Orb
|cant|p1a: Clodsire|frz
|
|-heal|p1a: Clodsire|95/100 frz|[from] item: Leftovers
|upkeep
|turn|17
|
|t:|1776140853
|move|p2a: Whiscash|Rest|p2a: Whiscash
|-status|p2a: Whiscash|slp|[from] move: Rest
|-heal|p2a: Whiscash|100/100 slp|[silent]
|cant|p1a: Clodsire|frz
|
|-heal|p1a: Clodsire|100/100 frz|[from] item: Leftovers
|upkeep
|turn|18
|
|t:|1776140861
|switch|p2a: Weezing|Weezing-Galar, F|70/100
|-ability|p2a: Weezing|Neutralizing Gas
|-damage|p2a: Weezing|54/100|[from] Spikes
|cant|p1a: Clodsire|frz
|
|upkeep
|turn|19
|
|t:|1776140870
|move|p2a: Weezing|Defog|p1a: Clodsire
|-unboost|p1a: Clodsire|evasion|1
|-sideend|p2: levi6969|Spikes|[from] move: Defog|[of] p2a: Weezing
|cant|p1a: Clodsire|frz
|
|upkeep
|turn|20
|
|t:|1776140875
|move|p2a: Weezing|Pain Split|p1a: Clodsire
|-sethp|p1a: Clodsire|70/100 frz|[from] move: Pain Split|[silent]
|-sethp|p2a: Weezing|97/100|[from] move: Pain Split
|cant|p1a: Clodsire|frz
|
|-heal|p1a: Clodsire|76/100 frz|[from] item: Leftovers
|upkeep
|turn|21
|
|t:|1776140882
|-end|p2a: Weezing|ability: Neutralizing Gas
|switch|p2a: Whiscash|Whiscash, F|100/100 slp
|-curestatus|p1a: Clodsire|frz|[msg]
|move|p1a: Clodsire|Earthquake|p2a: Whiscash
|-damage|p2a: Whiscash|68/100 slp
|
|-heal|p1a: Clodsire|82/100|[from] item: Leftovers
|upkeep
|turn|22
|inactive|K.271203 has 120 seconds left.
|
|t:|1776140898
|cant|p2a: Whiscash|slp
|move|p1a: Clodsire|Spikes|p2a: Whiscash
|-sidestart|p2: levi6969|Spikes
|
|-heal|p1a: Clodsire|88/100|[from] item: Leftovers
|upkeep
|turn|23
|
|t:|1776140903
|cant|p2a: Whiscash|slp
|move|p1a: Clodsire|Spikes|p2a: Whiscash
|-sidestart|p2: levi6969|Spikes
|
|-heal|p1a: Clodsire|95/100|[from] item: Leftovers
|upkeep
|turn|24
|inactive|K.271203 has 120 seconds left.
|
|t:|1776140909
|-curestatus|p2a: Whiscash|slp|[msg]
|move|p2a: Whiscash|Earthquake|p1a: Clodsire
|-damage|p1a: Clodsire|36/100
|-damage|p2a: Whiscash|58/100|[from] item: Life Orb
|move|p1a: Clodsire|Spikes|p2a: Whiscash
|-sidestart|p2: levi6969|Spikes
|
|-heal|p1a: Clodsire|42/100|[from] item: Leftovers
|upkeep
|turn|25
|
|t:|1776140918
|move|p2a: Whiscash|Ice Beam|p1a: Clodsire
|-resisted|p1a: Clodsire
|-damage|p1a: Clodsire|34/100
|-damage|p2a: Whiscash|48/100|[from] item: Life Orb
|move|p1a: Clodsire|Recover|p1a: Clodsire
|-heal|p1a: Clodsire|84/100
|
|-heal|p1a: Clodsire|91/100|[from] item: Leftovers
|upkeep
|turn|26
|
|t:|1776140926
|move|p2a: Whiscash|Earthquake|p1a: Clodsire
|-damage|p1a: Clodsire|33/100
|-damage|p2a: Whiscash|39/100|[from] item: Life Orb
|move|p1a: Clodsire|Earthquake|p2a: Whiscash
|-damage|p2a: Whiscash|8/100
|
|-heal|p1a: Clodsire|39/100|[from] item: Leftovers
|upkeep
|turn|27
|
|t:|1776140936
|move|p2a: Whiscash|Earthquake|p1a: Clodsire
|-damage|p1a: Clodsire|0 fnt
|faint|p1a: Clodsire
|-damage|p2a: Whiscash|0 fnt|[from] item: Life Orb
|faint|p2a: Whiscash
|
|upkeep
|
|t:|1776140946
|switch|p2a: Weezing|Weezing-Galar, F|97/100
|switch|p1a: Zapdos|Zapdos, shiny|87/100
|-ability|p2a: Weezing|Neutralizing Gas
|-damage|p2a: Weezing|72/100|[from] Spikes
|turn|28
|
|t:|1776140963
|move|p1a: Zapdos|Volt Switch|p2a: Weezing
|-damage|p2a: Weezing|29/100
|
|t:|1776140972
|switch|p1a: Great Tusk|Great Tusk, shiny|100/100|[from] Volt Switch
|move|p2a: Weezing|Defog|p1a: Great Tusk
|-unboost|p1a: Great Tusk|evasion|1
|-sideend|p2: levi6969|Spikes|[from] move: Defog|[of] p2a: Weezing
|
|upkeep
|turn|29
|inactive|levi6969 has 120 seconds left.
|
|t:|1776141013
|-terastallize|p2a: Weezing|Grass
|move|p1a: Great Tusk|Earthquake|p2a: Weezing
|-resisted|p2a: Weezing
|-damage|p2a: Weezing|15/100
|move|p2a: Weezing|Will-O-Wisp|p1a: Great Tusk
|-status|p1a: Great Tusk|brn
|
|-damage|p1a: Great Tusk|94/100 brn|[from] brn
|upkeep
|turn|30
|inactive|K.271203 has 120 seconds left.
|
|t:|1776141050
|move|p1a: Great Tusk|Rapid Spin|p2a: Weezing
|-damage|p2a: Weezing|10/100
|-boost|p1a: Great Tusk|spe|1
|-damage|p1a: Great Tusk|78/100 brn|[from] item: Rocky Helmet|[of] p2a: Weezing
|move|p2a: Weezing|Pain Split|p1a: Great Tusk
|-sethp|p1a: Great Tusk|43/100 brn|[from] move: Pain Split|[silent]
|-sethp|p2a: Weezing|56/100|[from] move: Pain Split
|
|-heal|p1a: Great Tusk|49/100 brn|[from] item: Leftovers
|-damage|p1a: Great Tusk|43/100 brn|[from] brn
|upkeep
|turn|31
|
|t:|1776141066
|move|p1a: Great Tusk|Stealth Rock|p2a: Weezing
|-sidestart|p2: levi6969|move: Stealth Rock
|move|p2a: Weezing|Strange Steam|p1a: Great Tusk
|-supereffective|p1a: Great Tusk
|-damage|p1a: Great Tusk|0 fnt
|faint|p1a: Great Tusk
|-end|p1a: Great Tusk|Protosynthesis|[silent]
|
|upkeep
|
|t:|1776141073
|switch|p1a: Zapdos|Zapdos, shiny|87/100
|turn|32
|
|t:|1776141078
|move|p1a: Zapdos|Hurricane|p2a: Weezing|[miss]
|-miss|p1a: Zapdos|p2a: Weezing
|move|p2a: Weezing|Defog|p1a: Zapdos
|-unboost|p1a: Zapdos|evasion|1
|-sideend|p2: levi6969|Stealth Rock|[from] move: Defog|[of] p2a: Weezing
|
|upkeep
|turn|33
|inactive|K.271203 has 120 seconds left.
|
|t:|1776141097
|move|p1a: Zapdos|Hurricane|p2a: Weezing
|-supereffective|p2a: Weezing
|-damage|p2a: Weezing|0 fnt
|faint|p2a: Weezing
|-end|p2a: Weezing|ability: Neutralizing Gas
|
|upkeep
|
|t:|1776141099
|switch|p2a: Jirachi|Jirachi|69/100
|turn|34
|
|t:|1776141108
|move|p2a: Jirachi|Psychic Noise|p1a: Zapdos
|-damage|p1a: Zapdos|55/100
|-start|p1a: Zapdos|move: Heal Block
|move|p1a: Zapdos|Volt Switch|p2a: Jirachi
|-damage|p2a: Jirachi|35/100
|
|t:|1776141117
|switch|p1a: Walking Wake|Walking Wake|84/100|[from] Volt Switch
|
|upkeep
|turn|35
|
|t:|1776141126
|move|p1a: Walking Wake|Flamethrower|p2a: Jirachi
|-supereffective|p2a: Jirachi
|-damage|p2a: Jirachi|0 fnt
|faint|p2a: Jirachi
|
|upkeep
|
|t:|1776141128
|switch|p2a: Kingdra|Kingdra, F|47/100
|turn|36
|
|t:|1776141135
|-end|p1a: Walking Wake|Protosynthesis|[silent]
|switch|p1a: Zapdos|Zapdos, shiny|55/100
|move|p2a: Kingdra|Draco Meteor|p1a: Zapdos
|-damage|p1a: Zapdos|0 fnt
|-unboost|p2a: Kingdra|spa|2
|faint|p1a: Zapdos
|
|upkeep
|
|t:|1776141142
|switch|p1a: Walking Wake|Walking Wake|84/100
|turn|37
|
|t:|1776141155
|move|p1a: Walking Wake|Draco Meteor|p2a: Kingdra
|-supereffective|p2a: Kingdra
|-damage|p2a: Kingdra|0 fnt
|-unboost|p1a: Walking Wake|spa|2
|faint|p2a: Kingdra
|
|upkeep
|
|t:|1776141158
|switch|p2a: Slither Wing|Slither Wing|100/100
|turn|38
|
|t:|1776141164
|move|p2a: Slither Wing|Earthquake|p1a: Walking Wake
|-damage|p1a: Walking Wake|45/100
|move|p1a: Walking Wake|Draco Meteor|p2a: Slither Wing
|-damage|p2a: Slither Wing|50/100
|-unboost|p1a: Walking Wake|spa|2
|
|upkeep
|turn|39
|
|t:|1776141171
|move|p2a: Slither Wing|Earthquake|p1a: Walking Wake
|-damage|p1a: Walking Wake|4/100
|move|p1a: Walking Wake|Draco Meteor|p2a: Slither Wing
|-damage|p2a: Slither Wing|17/100
|-unboost|p1a: Walking Wake|spa|2
|
|upkeep
|turn|40
|c|☆levi6969|gg
|
|t:|1776141178
|move|p2a: Slither Wing|Earthquake|p1a: Walking Wake
|-damage|p1a: Walking Wake|0 fnt
|faint|p1a: Walking Wake
|-end|p1a: Walking Wake|Protosynthesis|[silent]
|
|win|levi6969
|raw|K.271203's rating: 1160 &rarr; <strong>1136</strong><br />(-24 for losing)
|raw|levi6969's rating: 1177 &rarr; <strong>1201</strong><br />(+24 for winning)
