|html|<div class="broadcast-blue"><strong>[Gen 9] OU is currently suspecting Tera Blast! For information on how to participate check out the <a href="https://www.smogon.com/tools/suspects/view/200">suspect thread</a>.</strong></div>
|j|☆z302423634
|j|☆kinglyrocket
|t:|1776064857
|gametype|singles
|player|p1|z302423634|unknown|1107
|player|p2|kinglyrocket|rocketgrunt|1066
|gen|9
|tier|[Gen 9] OU
|rated|
|rule|HP Percentage Mod: HP is shown in percentages
|rule|Endless Battle Clause: Forcing endless battles is banned
|rule|Species Clause: Limit one of each Pokémon
|rule|OHKO Clause: OHKO moves are banned
|rule|Evasion Items Clause: Evasion items are banned
|rule|Evasion Moves Clause: Evasion moves are banned
|rule|Evasion Abilities Clause: Evasion abilities are banned
|rule|Sleep Moves Clause: Sleep-inducing moves are banned
|clearpoke
|poke|p1|Charizard, M|
|poke|p1|Flareon, M|
|poke|p1|Espeon, M|
|poke|p1|Umbreon, M|
|poke|p1|Leafeon, M|
|poke|p1|Sylveon, M|
|poke|p2|Clefable, F|
|poke|p2|Slowking-Galar, F|
|poke|p2|Tyranitar, M|
|poke|p2|Corviknight, F|
|poke|p2|Rillaboom, M|
|poke|p2|Dragapult, F|
|teampreview
|inactive|Battle timer is ON: inactive players will automatically lose when time's up. (requested by z302423634)
|
|t:|1776064865
|teamsize|p1|6
|teamsize|p2|6
|start
|switch|p1a: Espeon|Espeon, M|100/100
|switch|p2a: Rillaboom|Rillaboom, M|100/100
|-fieldstart|move: Grassy Terrain|[from] ability: Grassy Surge|[of] p2a: Rillaboom
|turn|1
|
|t:|1776064875
|move|p1a: Espeon|Reflect|p1a: Espeon
|-sidestart|p1: z302423634|Reflect
|move|p2a: Rillaboom|Knock Off|p1a: Espeon
|-supereffective|p1a: Espeon
|-damage|p1a: Espeon|44/100
|-enditem|p1a: Espeon|Light Clay|[from] move: Knock Off|[of] p2a: Rillaboom
|
|-heal|p1a: Espeon|50/100|[from] Grassy Terrain
|upkeep
|turn|2
|
|t:|1776064889
|switch|p2a: Dragapult|Dragapult, F|100/100
|move|p1a: Espeon|Light Screen|p1a: Espeon
|-sidestart|p1: z302423634|move: Light Screen
|
|-heal|p1a: Espeon|56/100|[from] Grassy Terrain
|upkeep
|turn|3
|
|t:|1776064905
|move|p2a: Dragapult|Dragon Dance|p2a: Dragapult
|-boost|p2a: Dragapult|atk|1
|-boost|p2a: Dragapult|spe|1
|move|p1a: Espeon|Sunny Day|p1a: Espeon
|-weather|SunnyDay
|
|-weather|SunnyDay|[upkeep]
|-heal|p1a: Espeon|62/100|[from] Grassy Terrain
|upkeep
|turn|4
|
|t:|1776064915
|move|p2a: Dragapult|Dragon Dance|p2a: Dragapult
|-boost|p2a: Dragapult|atk|1
|-boost|p2a: Dragapult|spe|1
|move|p1a: Espeon|Psychic|p2a: Dragapult
|-damage|p2a: Dragapult|48/100
|
|-weather|SunnyDay|[upkeep]
|-heal|p2a: Dragapult|54/100|[from] Grassy Terrain
|-heal|p1a: Espeon|68/100|[from] Grassy Terrain
|upkeep
|turn|5
|
|t:|1776064924
|move|p2a: Dragapult|Outrage|p1a: Espeon
|-damage|p1a: Espeon|0 fnt
|faint|p1a: Espeon
|
|-weather|SunnyDay|[upkeep]
|-heal|p2a: Dragapult|60/100|[from] Grassy Terrain
|-fieldend|move: Grassy Terrain
|upkeep
|
|t:|1776064931
|switch|p1a: Sylveon|Sylveon, M|100/100
|turn|6
|
|t:|1776064949
|move|p2a: Dragapult|Outrage|p1a: Sylveon|[from] lockedmove
|-immune|p1a: Sylveon
|-start|p2a: Dragapult|confusion|[fatigue]
|move|p1a: Sylveon|Hyper Voice|p2a: Dragapult
|-supereffective|p2a: Dragapult
|-damage|p2a: Dragapult|0 fnt
|faint|p2a: Dragapult
|
|-weather|SunnyDay|[upkeep]
|-sideend|p1: z302423634|move: Light Screen
|upkeep
|
|t:|1776064966
|switch|p2a: Kaguya|Clefable, F|100/100
|turn|7
|
|t:|1776064976
|switch|p1a: Flareon|Flareon, M|100/100
|move|p2a: Kaguya|Stealth Rock|p1a: Flareon
|-sidestart|p1: z302423634|move: Stealth Rock
|
|-weather|none
|-status|p1a: Flareon|tox|[from] item: Toxic Orb
|upkeep
|turn|8
|
|t:|1776064986
|move|p1a: Flareon|Sunny Day|p1a: Flareon
|-weather|SunnyDay
|move|p2a: Kaguya|Light Screen|p2a: Kaguya
|-sidestart|p2: kinglyrocket|move: Light Screen
|
|-weather|SunnyDay|[upkeep]
|-damage|p1a: Flareon|94/100 tox|[from] psn
|-sideend|p1: z302423634|Reflect
|upkeep
|turn|9
|
|t:|1776065003
|switch|p2a: Hokage|Slowking-Galar, F, shiny|100/100
|move|p1a: Flareon|Flare Blitz|p2a: Hokage
|-damage|p2a: Hokage|0 fnt
|faint|p2a: Hokage
|-damage|p1a: Flareon|46/100 tox|[from] Recoil
|
|-weather|SunnyDay|[upkeep]
|-damage|p1a: Flareon|34/100 tox|[from] psn
|upkeep
|
|t:|1776065013
|switch|p2a: Tyranto|Tyranitar, M, shiny|100/100
|-weather|Sandstorm|[from] ability: Sand Stream|[of] p2a: Tyranto
|turn|10
|
|t:|1776065021
|move|p1a: Flareon|Sunny Day|p1a: Flareon
|-weather|SunnyDay
|move|p2a: Tyranto|Rock Slide|p1a: Flareon
|-supereffective|p1a: Flareon
|-damage|p1a: Flareon|0 fnt
|faint|p1a: Flareon
|
|-weather|SunnyDay|[upkeep]
|upkeep
|
|t:|1776065028
|switch|p1a: Leafeon|Leafeon, M|100/100
|-damage|p1a: Leafeon|88/100|[from] Stealth Rock
|turn|11
|
|t:|1776065038
|switch|p2a: Korvashui|Corviknight, F, shiny|100/100
|move|p1a: Leafeon|Solar Blade||[still]
|-prepare|p1a: Leafeon|Solar Blade
|-anim|p1a: Leafeon|Solar Blade|p2a: Korvashui
|-resisted|p2a: Korvashui
|-damage|p2a: Korvashui|91/100
|-damage|p1a: Leafeon|72/100|[from] item: Rocky Helmet|[of] p2a: Korvashui
|
|-weather|SunnyDay|[upkeep]
|upkeep
|turn|12
|
|t:|1776065048
|-terastallize|p1a: Leafeon|Fire
|move|p1a: Leafeon|Tera Blast|p2a: Korvashui|[anim] Tera Blast Fire
|-supereffective|p2a: Korvashui
|-crit|p2a: Korvashui
|-damage|p2a: Korvashui|0 fnt
|faint|p2a: Korvashui
|
|-weather|SunnyDay|[upkeep]
|-sideend|p2: kinglyrocket|move: Light Screen
|upkeep
|
|t:|1776065057
|switch|p2a: Kaguya|Clefable, F|100/100
|turn|13
|
|t:|1776065070
|move|p1a: Leafeon|Tera Blast|p2a: Kaguya|[anim] Tera Blast Fire
|-damage|p2a: Kaguya|34/100
|move|p2a: Kaguya|Thunder Wave|p1a: Leafeon|[miss]
|-miss|p2a: Kaguya|p1a: Leafeon
|
|-weather|SunnyDay|[upkeep]
|upkeep
|turn|14
|
|t:|1776065079
|move|p1a: Leafeon|Solar Blade||[still]
|-prepare|p1a: Leafeon|Solar Blade
|-anim|p1a: Leafeon|Solar Blade|p2a: Kaguya
|-damage|p2a: Kaguya|0 fnt
|faint|p2a: Kaguya
|
|-weather|none
|upkeep
|
|t:|1776065089
|switch|p2a: Tyranto|Tyranitar, M, shiny|100/100
|-weather|Sandstorm|[from] ability: Sand Stream|[of] p2a: Tyranto
|turn|15
|
|t:|1776065095
|-terastallize|p2a: Tyranto|Dark
|move|p1a: Leafeon|Leaf Blade|p2a: Tyranto
|-damage|p2a: Tyranto|57/100
|move|p2a: Tyranto|Dragon Dance|p2a: Tyranto
|-boost|p2a: Tyranto|atk|1
|-boost|p2a: Tyranto|spe|1
|
|-weather|Sandstorm|[upkeep]
|-damage|p2a: Tyranto|50/100|[from] Sandstorm
|-damage|p1a: Leafeon|66/100|[from] Sandstorm
|upkeep
|turn|16
|
|t:|1776065109
|move|p2a: Tyranto|Knock Off|p1a: Leafeon
|-damage|p1a: Leafeon|0 fnt
|-enditem|p1a: Leafeon|Assault Vest|[from] move: Knock Off|[of] p2a: Tyranto
|faint|p1a: Leafeon
|
|-weather|Sandstorm|[upkeep]
|-damage|p2a: Tyranto|44/100|[from] Sandstorm
|upkeep
|
|t:|1776065116
|switch|p1a: Umbreon|Umbreon, M|100/100
|-damage|p1a: Umbreon|88/100|[from] Stealth Rock
|turn|17
|
|t:|1776065123
|move|p2a: Tyranto|Earthquake|p1a: Umbreon
|-damage|p1a: Umbreon|51/100
|move|p1a: Umbreon|Foul Play|p2a: Tyranto
|-resisted|p2a: Tyranto
|-damage|p2a: Tyranto|8/100
|
|-weather|Sandstorm|[upkeep]
|-damage|p2a: Tyranto|1/100|[from] Sandstorm
|-damage|p1a: Umbreon|45/100|[from] Sandstorm
|-heal|p1a: Umbreon|51/100|[from] item: Leftovers
|upkeep
|turn|18
|
|t:|1776065135
|move|p1a: Umbreon|Protect|p1a: Umbreon
|-singleturn|p1a: Umbreon|Protect
|move|p2a: Tyranto|Rock Slide|p1a: Umbreon
|-activate|p1a: Umbreon|move: Protect
|
|-weather|Sandstorm|[upkeep]
|-damage|p2a: Tyranto|0 fnt|[from] Sandstorm
|-damage|p1a: Umbreon|45/100|[from] Sandstorm
|faint|p2a: Tyranto
|-heal|p1a: Umbreon|51/100|[from] item: Leftovers
|upkeep
|
|t:|1776065147
|switch|p2a: Rillaboom|Rillaboom, M|100/100
|-fieldstart|move: Grassy Terrain|[from] ability: Grassy Surge|[of] p2a: Rillaboom
|turn|19
|
|t:|1776065156
|move|p2a: Rillaboom|Drain Punch|p1a: Umbreon
|-supereffective|p1a: Umbreon
|-crit|p1a: Umbreon
|-damage|p1a: Umbreon|0 fnt
|faint|p1a: Umbreon
|
|-weather|none
|upkeep
|
|t:|1776065165
|switch|p1a: Sylveon|Sylveon, M|100/100
|-damage|p1a: Sylveon|88/100|[from] Stealth Rock
|turn|20
|
|t:|1776065176
|move|p2a: Rillaboom|Grassy Glide|p1a: Sylveon
|-damage|p1a: Sylveon|44/100
|move|p1a: Sylveon|Hyper Voice|p2a: Rillaboom
|-damage|p2a: Rillaboom|56/100
|
|-heal|p2a: Rillaboom|62/100|[from] Grassy Terrain
|-heal|p1a: Sylveon|50/100|[from] Grassy Terrain
|upkeep
|turn|21
|
|t:|1776065185
|move|p2a: Rillaboom|Grassy Glide|p1a: Sylveon
|-damage|p1a: Sylveon|10/100
|move|p1a: Sylveon|Hyper Voice|p2a: Rillaboom
|-damage|p2a: Rillaboom|20/100
|
|-heal|p2a: Rillaboom|26/100|[from] Grassy Terrain
|-heal|p1a: Sylveon|16/100|[from] Grassy Terrain
|upkeep
|turn|22
|
|t:|1776065195
|move|p2a: Rillaboom|Grassy Glide|p1a: Sylveon
|-damage|p1a: Sylveon|0 fnt
|faint|p1a: Sylveon
|
|-heal|p2a: Rillaboom|32/100|[from] Grassy Terrain
|upkeep
|
|t:|1776065200
|switch|p1a: Charizard|Charizard, M|100/100
|turn|23
|
|t:|1776065204
|move|p1a: Charizard|Fire Blast|p2a: Rillaboom
|-supereffective|p2a: Rillaboom
|-damage|p2a: Rillaboom|0 fnt
|faint|p2a: Rillaboom
|
|win|z302423634
|raw|z302423634's rating: 1107 &rarr; <strong>1129</strong><br />(+22 for winning)
|raw|kinglyrocket's rating: 1066 &rarr; <strong>1048</strong><br />(-18 for losing)
|l|☆kinglyrocket
|player|p2|
