|html|<div class="broadcast-blue"><strong>[Gen 9] OU is currently suspecting Volcarona! For information on how to participate check out the <a href="https://www.smogon.com/tools/suspects/view/208">suspect thread</a>.</strong></div>
|j|☆suminkwak249
|j|☆teambuildinggenius
|t:|1778512651
|gametype|singles
|player|p1|suminkwak249|265|1496
|player|p2|teambuildinggenius|pokekid|1491
|gen|9
|tier|[Gen 9] OU
|rated|
|rule|HP Percentage Mod: HP is shown in percentages
|rule|Endless Battle Clause: Forcing endless battles is banned
|rule|Species Clause: Limit one of each Pokémon
|rule|OHKO Clause: OHKO moves are banned
|rule|Evasion Items Clause: Evasion items are banned
|rule|Evasion Moves Clause: Evasion moves are banned
|rule|Evasion Abilities Clause: Evasion abilities are banned
|rule|Sleep Moves Clause: Sleep-inducing moves are banned
|clearpoke
|poke|p1|Indeedee, M|
|poke|p1|Hatterene, F|
|poke|p1|Ursaluna, M|
|poke|p1|Azumarill, F|
|poke|p1|Hoopa-Unbound|
|poke|p1|Mimikyu, M|
|poke|p2|Regieleki|
|poke|p2|Great Tusk|
|poke|p2|Samurott-Hisui, F|
|poke|p2|Corviknight, F|
|poke|p2|Slowking-Galar, F|
|poke|p2|Ogerpon, F|
|teampreview
|
|t:|1778512703
|teamsize|p1|6
|teamsize|p2|6
|start
|switch|p1a: Azumarill|Azumarill, F|100/100
|switch|p2a: Samurott|Samurott-Hisui, F|100/100
|turn|1
|inactive|Battle timer is ON: inactive players will automatically lose when time's up. (requested by suminkwak249)
|
|t:|1778512745
|move|p2a: Samurott|Flip Turn|p1a: Azumarill
|-resisted|p1a: Azumarill
|-damage|p1a: Azumarill|86/100
|
|t:|1778512749
|switch|p2a: Corviknight|Corviknight, F|100/100|[from] Flip Turn
|move|p1a: Azumarill|Knock Off|p2a: Corviknight
|-damage|p2a: Corviknight|77/100
|-enditem|p2a: Corviknight|Leftovers|[from] move: Knock Off|[of] p1a: Azumarill
|
|upkeep
|turn|2
|
|t:|1778512764
|switch|p1a: Indeedee|Indeedee, M|100/100
|-fieldstart|move: Psychic Terrain|[from] ability: Psychic Surge|[of] p1a: Indeedee
|move|p2a: Corviknight|Brave Bird|p1a: Indeedee
|-crit|p1a: Indeedee
|-damage|p1a: Indeedee|36/100
|-damage|p2a: Corviknight|59/100|[from] Recoil
|
|upkeep
|turn|3
|
|t:|1778512774
|move|p2a: Corviknight|U-turn|p1a: Indeedee
|-supereffective|p1a: Indeedee
|-damage|p1a: Indeedee|3/100
|
|t:|1778512778
|switch|p2a: Samurott|Samurott-Hisui, F|100/100|[from] U-turn
|move|p1a: Indeedee|Trick Room|p1a: Indeedee
|-fieldstart|move: Trick Room|[of] p1a: Indeedee
|
|upkeep
|turn|4
|
|t:|1778512797
|switch|p1a: Ursaluna|Ursaluna, M|100/100
|move|p2a: Samurott|Ceaseless Edge|p1a: Ursaluna
|-damage|p1a: Ursaluna|60/100
|-sidestart|p1: suminkwak249|Spikes
|
|-status|p1a: Ursaluna|brn|[from] item: Flame Orb
|upkeep
|turn|5
|
|t:|1778512809
|switch|p2a: Corviknight|Corviknight, F|59/100
|move|p1a: Ursaluna|Supercell Slam|p2a: Corviknight
|-supereffective|p2a: Corviknight
|-damage|p2a: Corviknight|0 fnt
|faint|p2a: Corviknight
|
|-damage|p1a: Ursaluna|54/100 brn|[from] brn
|upkeep
|
|t:|1778512818
|switch|p2a: Great Tusk|Great Tusk|100/100
|-enditem|p2a: Great Tusk|Booster Energy
|-activate|p2a: Great Tusk|ability: Protosynthesis|[fromitem]
|-start|p2a: Great Tusk|protosynthesisatk
|turn|6
|
|t:|1778512826
|-terastallize|p1a: Ursaluna|Normal
|move|p1a: Ursaluna|Facade|p2a: Great Tusk
|-crit|p2a: Great Tusk
|-damage|p2a: Great Tusk|0 fnt
|faint|p2a: Great Tusk
|-end|p2a: Great Tusk|Protosynthesis|[silent]
|
|-damage|p1a: Ursaluna|48/100 brn|[from] brn
|upkeep
|
|t:|1778512842
|switch|p2a: Slowking|Slowking-Galar, F|100/100
|turn|7
|
|t:|1778512845
|switch|p1a: Hoopa|Hoopa-Unbound|100/100
|-damage|p1a: Hoopa|88/100|[from] Spikes
|-enditem|p1a: Hoopa|Psychic Seed
|-boost|p1a: Hoopa|spd|1|[from] item: Psychic Seed
|move|p2a: Slowking|Sludge Bomb|p1a: Hoopa
|-damage|p1a: Hoopa|72/100
|-status|p1a: Hoopa|psn
|
|-damage|p1a: Hoopa|59/100 psn|[from] psn
|-fieldend|move: Trick Room
|upkeep
|turn|8
|
|t:|1778512852
|-prepare|p2a: Slowking|Chilly Reception|[premajor]
|move|p2a: Slowking|Chilly Reception|p2a: Slowking
|-weather|Snowscape
|
|t:|1778512854
|switch|p2a: Samurott|Samurott-Hisui, F|100/100|[from] Chilly Reception
|move|p1a: Hoopa|Trick Room|p1a: Hoopa
|-fieldstart|move: Trick Room|[of] p1a: Hoopa
|
|-weather|Snowscape|[upkeep]
|-damage|p1a: Hoopa|47/100 psn|[from] psn
|upkeep
|turn|9
|
|t:|1778512861
|move|p1a: Hoopa|Focus Blast|p2a: Samurott
|-supereffective|p2a: Samurott
|-damage|p2a: Samurott|0 fnt
|faint|p2a: Samurott
|-item|p1a: Hoopa|Black Glasses|[from] ability: Magician|[of] p2: Samurott
|
|-weather|Snowscape|[upkeep]
|-damage|p1a: Hoopa|34/100 psn|[from] psn
|-fieldend|move: Psychic Terrain
|upkeep
|
|t:|1778512865
|switch|p2a: Slowking|Slowking-Galar, F|100/100
|turn|10
|inactive|suminkwak249 has 120 seconds left.
|
|t:|1778512919
|move|p2a: Slowking|Sludge Bomb|p1a: Hoopa
|-crit|p1a: Hoopa
|-damage|p1a: Hoopa|0 fnt
|faint|p1a: Hoopa
|
|-weather|Snowscape|[upkeep]
|upkeep
|
|t:|1778512932
|switch|p1a: Hatterene|Hatterene, F|100/100
|-damage|p1a: Hatterene|88/100|[from] Spikes
|turn|11
|
|t:|1778512939
|move|p1a: Hatterene|Expanding Force|p2a: Slowking
|-damage|p2a: Slowking|74/100
|move|p2a: Slowking|Sludge Bomb|p1a: Hatterene
|-supereffective|p1a: Hatterene
|-damage|p1a: Hatterene|16/100
|
|-weather|Snowscape|[upkeep]
|-heal|p1a: Hatterene|22/100|[from] item: Leftovers
|upkeep
|turn|12
|
|t:|1778512945
|move|p1a: Hatterene|Expanding Force|p2a: Slowking
|-damage|p2a: Slowking|44/100
|-prepare|p2a: Slowking|Chilly Reception|[premajor]
|move|p2a: Slowking|Chilly Reception|p2a: Slowking
|
|t:|1778512947
|switch|p2a: Regieleki|Regieleki|100/100|[from] Chilly Reception
|
|-weather|none
|-heal|p1a: Hatterene|28/100|[from] item: Leftovers
|-fieldend|move: Trick Room
|upkeep
|turn|13
|
|t:|1778512953
|switch|p1a: Ursaluna|Ursaluna, M, tera:Normal|48/100 brn
|-damage|p1a: Ursaluna|36/100 brn|[from] Spikes
|move|p2a: Regieleki|Thunderbolt|p1a: Ursaluna
|-damage|p1a: Ursaluna|0 fnt
|faint|p1a: Ursaluna
|
|upkeep
|
|t:|1778512960
|switch|p1a: Indeedee|Indeedee, M|3/100
|-damage|p1a: Indeedee|0 fnt|[from] Spikes
|faint|p1a: Indeedee
|
|t:|1778512965
|switch|p1a: Mimikyu|Mimikyu, M|100/100
|-damage|p1a: Mimikyu|88/100|[from] Spikes
|turn|14
|
|t:|1778512970
|move|p2a: Regieleki|Thunderbolt|p1a: Mimikyu
|-activate|p1a: Mimikyu|ability: Disguise
|-damage|p1a: Mimikyu|88/100
|detailschange|p1a: Mimikyu|Mimikyu-Busted, M
|-damage|p1a: Mimikyu|76/100|[from] pokemon: Mimikyu-Busted
|-enditem|p1a: Mimikyu|Red Card|[of] p2a: Regieleki
|drag|p2a: Slowking|Slowking-Galar, F|77/100
|move|p1a: Mimikyu|Trick Room|p1a: Mimikyu
|-fieldstart|move: Trick Room|[of] p1a: Mimikyu
|
|upkeep
|turn|15
|
|t:|1778512984
|move|p2a: Slowking|Sludge Bomb|p1a: Mimikyu
|-damage|p1a: Mimikyu|43/100
|move|p1a: Mimikyu|Destiny Bond|p1a: Mimikyu
|-singlemove|p1a: Mimikyu|Destiny Bond
|
|upkeep
|turn|16
|
|t:|1778512990
|move|p2a: Slowking|Sludge Bomb|p1a: Mimikyu
|-damage|p1a: Mimikyu|10/100
|-status|p1a: Mimikyu|psn
|move|p1a: Mimikyu|Curse|p2a: Slowking
|-start|p2a: Slowking|Curse|[of] p1a: Mimikyu
|-damage|p1a: Mimikyu|0 fnt
|faint|p1a: Mimikyu
|
|-damage|p2a: Slowking|52/100|[from] Curse
|upkeep
|
|t:|1778512994
|switch|p1a: Azumarill|Azumarill, F|86/100
|-damage|p1a: Azumarill|74/100|[from] Spikes
|turn|17
|
|t:|1778513000
|move|p2a: Slowking|Sludge Bomb|p1a: Azumarill
|-supereffective|p1a: Azumarill
|-damage|p1a: Azumarill|29/100
|move|p1a: Azumarill|Liquidation|p2a: Slowking
|-damage|p2a: Slowking|0 fnt
|faint|p2a: Slowking
|
|upkeep
|
|t:|1778513006
|switch|p2a: Ogerpon|Ogerpon, F|100/100
|turn|18
|
|t:|1778513007
|move|p1a: Azumarill|Play Rough|p2a: Ogerpon
|-damage|p2a: Ogerpon|21/100
|move|p2a: Ogerpon|Ivy Cudgel|p1a: Azumarill
|-supereffective|p1a: Azumarill
|-crit|p1a: Azumarill
|-damage|p1a: Azumarill|0 fnt
|faint|p1a: Azumarill
|
|-fieldend|move: Trick Room
|upkeep
|
|t:|1778513010
|switch|p1a: Hatterene|Hatterene, F|28/100
|-damage|p1a: Hatterene|16/100|[from] Spikes
|turn|19
|
|t:|1778513011
|move|p2a: Ogerpon|Ivy Cudgel|p1a: Hatterene
|-damage|p1a: Hatterene|0 fnt
|faint|p1a: Hatterene
|
|win|teambuildinggenius
|raw|suminkwak249's rating: 1496 &rarr; <strong>1476</strong><br />(-20 for losing)
|raw|teambuildinggenius's rating: 1491 &rarr; <strong>1511</strong><br />(+20 for winning)
|c|☆teambuildinggenius|gg
|l|☆suminkwak249
|player|p1|
|l|☆teambuildinggenius
|player|p2|
