|html|<div class="broadcast-blue"><strong>[Gen 9] OU is currently suspecting Volcarona! For information on how to participate check out the <a href="https://www.smogon.com/tools/suspects/view/208">suspect thread</a>.</strong></div>
|j|☆Fallen_Grimm
|j|☆CoolPerson58
|t:|1778509805
|gametype|singles
|player|p1|Fallen_Grimm|gambler|1103
|player|p2|CoolPerson58|hiker-gen4|1120
|gen|9
|tier|[Gen 9] OU
|rated|
|rule|HP Percentage Mod: HP is shown in percentages
|rule|Endless Battle Clause: Forcing endless battles is banned
|rule|Species Clause: Limit one of each Pokémon
|rule|OHKO Clause: OHKO moves are banned
|rule|Evasion Items Clause: Evasion items are banned
|rule|Evasion Moves Clause: Evasion moves are banned
|rule|Evasion Abilities Clause: Evasion abilities are banned
|rule|Sleep Moves Clause: Sleep-inducing moves are banned
|clearpoke
|poke|p1|Meowscarada, F|
|poke|p1|Ceruledge, M|
|poke|p1|Cloyster, M|
|poke|p1|Gholdengo|
|poke|p1|Gliscor, M|
|poke|p1|Glimmora, M|
|poke|p2|Forretress, M|
|poke|p2|Flapple, F|
|poke|p2|Garchomp, F|
|poke|p2|Scizor, F|
|poke|p2|Deoxys-Speed|
|poke|p2|Jirachi|
|teampreview
|
|t:|1778509819
|teamsize|p1|6
|teamsize|p2|6
|start
|switch|p1a: Batman|Gliscor, M|100/100
|switch|p2a: Deoxys|Deoxys-Speed|100/100
|-ability|p2a: Deoxys|Pressure
|turn|1
|
|t:|1778509828
|move|p2a: Deoxys|Gravity|p2a: Deoxys
|-fieldstart|move: Gravity
|move|p1a: Batman|Toxic|p2a: Deoxys
|-status|p2a: Deoxys|tox
|
|-damage|p2a: Deoxys|94/100 tox|[from] psn
|-status|p1a: Batman|tox|[from] item: Toxic Orb
|upkeep
|turn|2
|
|t:|1778509843
|move|p1a: Batman|Protect|p1a: Batman
|-singleturn|p1a: Batman|Protect
|move|p2a: Deoxys|Teleport|p2a: Deoxys
|
|t:|1778509848
|switch|p2a: Gojo|Flapple, F|100/100|[from] Teleport
|
|upkeep
|turn|3
|
|t:|1778509863
|-terastallize|p2a: Gojo|Grass
|move|p1a: Batman|Facade|p2a: Gojo
|-damage|p2a: Gojo|55/100
|move|p2a: Gojo|Grav Apple|p1a: Batman
|-damage|p1a: Batman|0 fnt
|faint|p1a: Batman
|
|upkeep
|
|t:|1778509876
|switch|p1a: Bola Azul|Glimmora, M|100/100
|turn|4
|
|t:|1778509882
|switch|p2a: Deoxys|Deoxys-Speed|94/100 tox
|-ability|p2a: Deoxys|Pressure
|move|p1a: Bola Azul|Spiky Shield||[still]
|-fail|p1a: Bola Azul
|
|-damage|p2a: Deoxys|88/100 tox|[from] psn
|upkeep
|turn|5
|
|t:|1778509893
|move|p2a: Deoxys|Psychic|p1a: Bola Azul
|-supereffective|p1a: Bola Azul
|-damage|p1a: Bola Azul|18/100
|move|p1a: Bola Azul|Stealth Rock|p2a: Deoxys
|-sidestart|p2: CoolPerson58|move: Stealth Rock
|
|-damage|p2a: Deoxys|75/100 tox|[from] psn
|-fieldend|move: Gravity
|upkeep
|turn|6
|
|t:|1778509902
|move|p1a: Bola Azul|Spiky Shield|p1a: Bola Azul
|-singleturn|p1a: Bola Azul|move: Protect
|move|p2a: Deoxys|Gravity|p2a: Deoxys
|-fieldstart|move: Gravity
|
|-damage|p2a: Deoxys|57/100 tox|[from] psn
|upkeep
|turn|7
|
|t:|1778509910
|move|p2a: Deoxys|Psychic|p1a: Bola Azul
|-supereffective|p1a: Bola Azul
|-damage|p1a: Bola Azul|0 fnt
|faint|p1a: Bola Azul
|
|-damage|p2a: Deoxys|32/100 tox|[from] psn
|upkeep
|
|t:|1778509920
|switch|p1a: Chifrudo|Cloyster, M|100/100
|turn|8
|
|t:|1778509925
|move|p2a: Deoxys|Thunder Wave|p1a: Chifrudo
|-status|p1a: Chifrudo|par
|move|p1a: Chifrudo|Shell Smash|p1a: Chifrudo
|-unboost|p1a: Chifrudo|def|1
|-unboost|p1a: Chifrudo|spd|1
|-boost|p1a: Chifrudo|atk|2
|-boost|p1a: Chifrudo|spa|2
|-boost|p1a: Chifrudo|spe|2
|
|-damage|p2a: Deoxys|0 fnt|[from] psn
|faint|p2a: Deoxys
|upkeep
|
|t:|1778509963
|switch|p2a: Gojo|Flapple, F, tera:Grass|55/100
|-damage|p2a: Gojo|42/100|[from] Stealth Rock
|turn|9
|
|t:|1778509969
|move|p2a: Gojo|Grav Apple|p1a: Chifrudo
|-supereffective|p1a: Chifrudo
|-enditem|p1a: Chifrudo|Focus Sash
|-damage|p1a: Chifrudo|1/100 par
|-unboost|p1a: Chifrudo|def|1
|move|p1a: Chifrudo|Shell Smash|p1a: Chifrudo
|-unboost|p1a: Chifrudo|def|1
|-unboost|p1a: Chifrudo|spd|1
|-boost|p1a: Chifrudo|atk|2
|-boost|p1a: Chifrudo|spa|2
|-boost|p1a: Chifrudo|spe|2
|
|upkeep
|turn|10
|c|☆CoolPerson58|wow, crazy greed
|
|t:|1778509982
|switch|p2a: Forretress|Forretress, M|100/100
|cant|p1a: Chifrudo|par
|
|-fieldend|move: Gravity
|upkeep
|turn|11
|
|t:|1778509998
|move|p1a: Chifrudo|Rock Blast|p2a: Forretress
|-damage|p2a: Forretress|86/100
|-damage|p2a: Forretress|70/100
|-damage|p2a: Forretress|55/100
|-damage|p2a: Forretress|39/100
|-damage|p2a: Forretress|24/100
|-hitcount|p2a: Forretress|5
|move|p2a: Forretress|Rapid Spin|p1a: Chifrudo
|-damage|p1a: Chifrudo|0 fnt
|-boost|p2a: Forretress|spe|1
|-sideend|p2: CoolPerson58|Stealth Rock|[from] move: Rapid Spin|[of] p2a: Forretress
|faint|p1a: Chifrudo
|
|upkeep
|
|t:|1778510013
|switch|p1a: The Fallen|Ceruledge, M|100/100
|turn|12
|
|t:|1778510017
|move|p1a: The Fallen|Swords Dance|p1a: The Fallen
|-boost|p1a: The Fallen|atk|2
|move|p2a: Forretress|Gravity|p2a: Forretress
|-fieldstart|move: Gravity
|
|upkeep
|turn|13
|
|t:|1778510028
|move|p1a: The Fallen|Bitter Blade|p2a: Forretress
|-supereffective|p2a: Forretress
|-damage|p2a: Forretress|0 fnt
|faint|p2a: Forretress
|
|upkeep
|
|t:|1778510033
|switch|p2a: Garchomp|Garchomp, F|100/100
|turn|14
|
|t:|1778510038
|move|p2a: Garchomp|Earthquake|p1a: The Fallen
|-supereffective|p1a: The Fallen
|-enditem|p1a: The Fallen|Focus Sash
|-damage|p1a: The Fallen|1/100
|-ability|p1a: The Fallen|Weak Armor|boost
|-unboost|p1a: The Fallen|def|1
|-boost|p1a: The Fallen|spe|2
|move|p1a: The Fallen|Swords Dance|p1a: The Fallen
|-boost|p1a: The Fallen|atk|2
|
|upkeep
|turn|15
|
|t:|1778510051
|move|p1a: The Fallen|Brick Break|p2a: Garchomp
|-damage|p2a: Garchomp|24/100
|-damage|p1a: The Fallen|0 fnt|[from] ability: Rough Skin|[of] p2a: Garchomp
|faint|p1a: The Fallen
|move|p2a: Garchomp|Earthquake|p1: The Fallen|[notarget]
|-fail|p2a: Garchomp
|
|upkeep
|
|t:|1778510062
|switch|p1a: D'Arc|Meowscarada, F|100/100
|turn|16
|l|☆Fallen_Grimm
|player|p1|
|inactive|Battle timer is ON: inactive players will automatically lose when time's up. (requested by CoolPerson58)
|inactive|Fallen_Grimm has 30 seconds to reconnect!
|inactive|Fallen_Grimm has 20 seconds to reconnect!
|inactive|Fallen_Grimm has 15 seconds to reconnect!
|inactive|Fallen_Grimm has 10 seconds to reconnect!
|inactive|Fallen_Grimm has 5 seconds to reconnect!
|-message|Fallen_Grimm lost due to inactivity.
|
|win|CoolPerson58
|raw|Fallen_Grimm's rating: 1103 &rarr; <strong>1079</strong><br />(-24 for losing)
|raw|CoolPerson58's rating: 1120 &rarr; <strong>1144</strong><br />(+24 for winning)
|l|☆CoolPerson58
|player|p2|
