|html|<div class="broadcast-blue"><strong>[Gen 9] OU is currently suspecting Tera Blast! For information on how to participate check out the <a href="https://www.smogon.com/tools/suspects/view/200">suspect thread</a>.</strong></div>
|j|☆Gameboyrob
|j|☆4everr
|t:|1776062518
|gametype|singles
|player|p1|Gameboyrob|petrel|1432
|player|p2|4everr|shadowtriad|1445
|gen|9
|tier|[Gen 9] OU
|rated|
|rule|HP Percentage Mod: HP is shown in percentages
|rule|Endless Battle Clause: Forcing endless battles is banned
|rule|Species Clause: Limit one of each Pokémon
|rule|OHKO Clause: OHKO moves are banned
|rule|Evasion Items Clause: Evasion items are banned
|rule|Evasion Moves Clause: Evasion moves are banned
|rule|Evasion Abilities Clause: Evasion abilities are banned
|rule|Sleep Moves Clause: Sleep-inducing moves are banned
|clearpoke
|poke|p1|Ninetales, F|
|poke|p1|Ceruledge, M|
|poke|p1|Venusaur, F|
|poke|p1|Hatterene, F|
|poke|p1|Great Tusk|
|poke|p1|Walking Wake|
|poke|p2|Cresselia, F|
|poke|p2|Dragonite, F|
|poke|p2|Glimmora, F|
|poke|p2|Iron Treads|
|poke|p2|Kingambit, F|
|poke|p2|Zamazenta-*|
|teampreview
|inactive|Battle timer is ON: inactive players will automatically lose when time's up. (requested by Gameboyrob)
|
|t:|1776062529
|teamsize|p1|6
|teamsize|p2|6
|start
|switch|p1a: Kurama Chakra Mode|Ninetales, F|100/100
|switch|p2a: Cresselia|Cresselia, F, shiny|100/100
|-weather|SunnyDay|[from] ability: Drought|[of] p1a: Kurama Chakra Mode
|turn|1
|
|t:|1776062542
|switch|p1a: Die w A Smile|Hatterene, F|100/100
|move|p2a: Cresselia|Trick|p1a: Die w A Smile
|-activate|p2a: Cresselia|move: Trick|[of] p1a: Die w A Smile
|-item|p1a: Die w A Smile|Choice Scarf|[from] move: Trick
|-item|p2a: Cresselia|Eject Button|[from] move: Trick
|
|-weather|SunnyDay|[upkeep]
|upkeep
|turn|2
|
|t:|1776062566
|move|p2a: Cresselia|Ice Beam|p1a: Die w A Smile
|-damage|p1a: Die w A Smile|84/100
|move|p1a: Die w A Smile|Trick|p2a: Cresselia
|-activate|p1a: Die w A Smile|move: Trick|[of] p2a: Cresselia
|-item|p2a: Cresselia|Choice Scarf|[from] move: Trick
|-item|p1a: Die w A Smile|Eject Button|[from] move: Trick
|
|-weather|SunnyDay|[upkeep]
|upkeep
|turn|3
|inactive|Gameboyrob has 120 seconds left.
|
|t:|1776062588
|move|p2a: Cresselia|Trick|p1a: Die w A Smile
|-activate|p2a: Cresselia|move: Trick|[of] p1a: Die w A Smile
|-item|p1a: Die w A Smile|Choice Scarf|[from] move: Trick
|-item|p2a: Cresselia|Eject Button|[from] move: Trick
|move|p1a: Die w A Smile|Dazzling Gleam|p2a: Cresselia
|-damage|p2a: Cresselia|78/100
|-enditem|p2a: Cresselia|Eject Button
|
|t:|1776062608
|switch|p2a: Glimmora|Glimmora, F, shiny|100/100
|
|-weather|SunnyDay|[upkeep]
|upkeep
|turn|4
|
|t:|1776062616
|switch|p1a: Lynrd Spynrd|Great Tusk|100/100
|-activate|p1a: Lynrd Spynrd|ability: Protosynthesis
|-start|p1a: Lynrd Spynrd|protosynthesisspe
|move|p2a: Glimmora|Stealth Rock|p1a: Lynrd Spynrd
|-sidestart|p1: Gameboyrob|move: Stealth Rock
|
|-weather|SunnyDay|[upkeep]
|upkeep
|turn|5
|
|t:|1776062632
|move|p1a: Lynrd Spynrd|Stealth Rock|p2a: Glimmora
|-sidestart|p2: 4everr|move: Stealth Rock
|move|p2a: Glimmora|Earth Power|p1a: Lynrd Spynrd
|-damage|p1a: Lynrd Spynrd|69/100
|
|-weather|SunnyDay|[upkeep]
|upkeep
|turn|6
|
|t:|1776062643
|move|p1a: Lynrd Spynrd|Headlong Rush|p2a: Glimmora
|-supereffective|p2a: Glimmora
|-damage|p2a: Glimmora|0 fnt
|-unboost|p1a: Lynrd Spynrd|def|1
|-unboost|p1a: Lynrd Spynrd|spd|1
|-activate|p2a: Glimmora|ability: Toxic Debris
|-sidestart|p1: Gameboyrob|move: Toxic Spikes
|faint|p2a: Glimmora
|
|-weather|SunnyDay|[upkeep]
|upkeep
|inactive|4everr has 120 seconds left.
|
|t:|1776062683
|switch|p2a: Zamazenta|Zamazenta, shiny|100/100
|-damage|p2a: Zamazenta|94/100|[from] Stealth Rock
|-ability|p2a: Zamazenta|Dauntless Shield|boost
|-boost|p2a: Zamazenta|def|1
|turn|7
|
|t:|1776062693
|move|p1a: Lynrd Spynrd|Rapid Spin|p2a: Zamazenta
|-damage|p2a: Zamazenta|85/100
|-boost|p1a: Lynrd Spynrd|spe|1
|-sideend|p1: Gameboyrob|Toxic Spikes|[from] move: Rapid Spin|[of] p1a: Lynrd Spynrd
|-sideend|p1: Gameboyrob|Stealth Rock|[from] move: Rapid Spin|[of] p1a: Lynrd Spynrd
|move|p2a: Zamazenta|Close Combat|p1a: Lynrd Spynrd
|-damage|p1a: Lynrd Spynrd|0 fnt
|-unboost|p2a: Zamazenta|def|1
|-unboost|p2a: Zamazenta|spd|1
|-damage|p2a: Zamazenta|68/100|[from] item: Rocky Helmet|[of] p1a: Lynrd Spynrd
|faint|p1a: Lynrd Spynrd
|-end|p1a: Lynrd Spynrd|Protosynthesis|[silent]
|-damage|p2a: Zamazenta|58/100|[from] item: Life Orb
|
|-weather|SunnyDay|[upkeep]
|upkeep
|
|t:|1776062718
|switch|p1a: Venu Vidi Vici|Venusaur, F|100/100
|turn|8
|inactive|4everr has 120 seconds left.
|
|t:|1776062728
|switch|p2a: Cresselia|Cresselia, F, shiny|78/100
|-damage|p2a: Cresselia|65/100|[from] Stealth Rock
|move|p1a: Venu Vidi Vici|Sludge Bomb|p2a: Cresselia
|-damage|p2a: Cresselia|30/100
|-damage|p1a: Venu Vidi Vici|91/100|[from] item: Life Orb
|
|-weather|none
|upkeep
|turn|9
|inactive|4everr has 120 seconds left.
|
|t:|1776062748
|switch|p1a: Die w A Smile|Hatterene, F|84/100
|switch|p2a: Iron Treads|Iron Treads, shiny|100/100
|-damage|p2a: Iron Treads|97/100|[from] Stealth Rock
|-enditem|p2a: Iron Treads|Booster Energy
|-activate|p2a: Iron Treads|ability: Quark Drive|[fromitem]
|-start|p2a: Iron Treads|quarkdriveatk
|
|upkeep
|turn|10
|inactive|4everr has 120 seconds left.
|
|t:|1776062758
|switch|p1a: Slayboi Carti|Ceruledge, M|100/100
|move|p2a: Iron Treads|Rapid Spin|p1a: Slayboi Carti
|-immune|p1a: Slayboi Carti
|
|upkeep
|turn|11
|
|t:|1776062764
|move|p2a: Iron Treads|Earthquake|p1a: Slayboi Carti
|-supereffective|p1a: Slayboi Carti
|-enditem|p1a: Slayboi Carti|Focus Sash
|-damage|p1a: Slayboi Carti|1/100
|-ability|p1a: Slayboi Carti|Weak Armor|boost
|-unboost|p1a: Slayboi Carti|def|1
|-boost|p1a: Slayboi Carti|spe|2
|move|p1a: Slayboi Carti|Swords Dance|p1a: Slayboi Carti
|-boost|p1a: Slayboi Carti|atk|2
|
|upkeep
|turn|12
|
|t:|1776062781
|-end|p2a: Iron Treads|Quark Drive|[silent]
|switch|p2a: Zamazenta|Zamazenta, shiny|58/100
|-damage|p2a: Zamazenta|52/100|[from] Stealth Rock
|move|p1a: Slayboi Carti|Bitter Blade|p2a: Zamazenta
|-damage|p2a: Zamazenta|0 fnt
|-heal|p1a: Slayboi Carti|30/100|[from] drain|[of] p2a: Zamazenta
|faint|p2a: Zamazenta
|
|upkeep
|
|t:|1776062786
|switch|p2a: Kingambit|Kingambit, F|100/100
|-damage|p2a: Kingambit|94/100|[from] Stealth Rock
|-activate|p2a: Kingambit|ability: Supreme Overlord
|-start|p2a: Kingambit|fallen2|[silent]
|turn|13
|
|t:|1776062795
|move|p1a: Slayboi Carti|Bitter Blade|p2a: Kingambit
|-supereffective|p2a: Kingambit
|-damage|p2a: Kingambit|0 fnt
|-heal|p1a: Slayboi Carti|85/100|[from] drain|[of] p2a: Kingambit
|faint|p2a: Kingambit
|-end|p2a: Kingambit|fallen2|[silent]
|
|upkeep
|-message|4everr forfeited.
|
|win|Gameboyrob
|raw|Gameboyrob's rating: 1432 &rarr; <strong>1453</strong><br />(+21 for winning)
|raw|4everr's rating: 1445 &rarr; <strong>1424</strong><br />(-21 for losing)
|l|☆4everr
|player|p2|
|l|☆Gameboyrob
|player|p1|
