|html|<div class="broadcast-blue"><strong>[Gen 9] OU is currently suspecting Tera Blast! For information on how to participate check out the <a href="https://www.smogon.com/tools/suspects/view/200">suspect thread</a>.</strong></div>
|j|☆Sniper20657
|j|☆Bernab
|t:|1776045192
|gametype|singles
|player|p1|Sniper20657|265|1377
|player|p2|Bernab|101|1328
|gen|9
|tier|[Gen 9] OU
|rated|
|rule|HP Percentage Mod: HP is shown in percentages
|rule|Endless Battle Clause: Forcing endless battles is banned
|rule|Species Clause: Limit one of each Pokémon
|rule|OHKO Clause: OHKO moves are banned
|rule|Evasion Items Clause: Evasion items are banned
|rule|Evasion Moves Clause: Evasion moves are banned
|rule|Evasion Abilities Clause: Evasion abilities are banned
|rule|Sleep Moves Clause: Sleep-inducing moves are banned
|clearpoke
|poke|p1|Darkrai|
|poke|p1|Indeedee, M|
|poke|p1|Hoopa-Unbound|
|poke|p1|Heatran, F|
|poke|p1|Zamazenta-*|
|poke|p1|Iron Hands|
|poke|p2|Latios, M|
|poke|p2|Incineroar, F|
|poke|p2|Tornadus-Therian, M|
|poke|p2|Clodsire, F|
|poke|p2|Ogerpon-Cornerstone, F|
|poke|p2|Slither Wing|
|teampreview
|inactive|Battle timer is ON: inactive players will automatically lose when time's up. (requested by Bernab)
|inactive|Sniper20657 has 120 seconds left.
|
|t:|1776045232
|teamsize|p1|6
|teamsize|p2|6
|start
|switch|p1a: Heatran|Heatran, F|100/100
|switch|p2a: Slither Wing|Slither Wing|100/100
|-item|p1a: Heatran|Air Balloon
|turn|1
|
|t:|1776045236
|-end|p2a: Slither Wing|Protosynthesis|[silent]
|switch|p2a: Clodsire|Clodsire, F|100/100
|move|p1a: Heatran|Stealth Rock|p2a: Clodsire
|-sidestart|p2: Bernab|move: Stealth Rock
|
|upkeep
|turn|2
|
|t:|1776045258
|switch|p1a: Indeedee|Indeedee, M|100/100
|-fieldstart|move: Psychic Terrain|[from] ability: Psychic Surge|[of] p1a: Indeedee
|move|p2a: Clodsire|Bulldoze|p1a: Indeedee
|-damage|p1a: Indeedee|83/100
|-unboost|p1a: Indeedee|spe|1
|
|upkeep
|turn|3
|
|t:|1776045266
|switch|p2a: Incineroar|Incineroar, F|100/100
|-damage|p2a: Incineroar|76/100|[from] Stealth Rock
|-ability|p2a: Incineroar|Intimidate|boost
|-unboost|p1a: Indeedee|atk|1
|move|p1a: Indeedee|Trick Room|p1a: Indeedee
|-fieldstart|move: Trick Room|[of] p1a: Indeedee
|
|upkeep
|turn|4
|
|t:|1776045277
|move|p1a: Indeedee|Dazzling Gleam|p2a: Incineroar
|-damage|p2a: Incineroar|59/100
|move|p2a: Incineroar|Knock Off|p1a: Indeedee
|-supereffective|p1a: Indeedee
|-damage|p1a: Indeedee|2/100
|-enditem|p1a: Indeedee|Terrain Extender|[from] move: Knock Off|[of] p2a: Incineroar
|
|upkeep
|turn|5
|
|t:|1776045287
|move|p1a: Indeedee|Dazzling Gleam|p2a: Incineroar
|-damage|p2a: Incineroar|39/100
|move|p2a: Incineroar|Rest|p2a: Incineroar
|-status|p2a: Incineroar|slp|[from] move: Rest
|-heal|p2a: Incineroar|100/100 slp|[silent]
|-enditem|p2a: Incineroar|Chesto Berry|[eat]
|-curestatus|p2a: Incineroar|slp|[msg]
|
|upkeep
|turn|6
|
|t:|1776045296
|move|p1a: Indeedee|Dazzling Gleam|p2a: Incineroar
|-damage|p2a: Incineroar|82/100
|move|p2a: Incineroar|Knock Off|p1a: Indeedee
|-supereffective|p1a: Indeedee
|-crit|p1a: Indeedee
|-damage|p1a: Indeedee|0 fnt
|faint|p1a: Indeedee
|
|upkeep
|
|t:|1776045301
|switch|p1a: Hoopa|Hoopa-Unbound|100/100
|-enditem|p1a: Hoopa|Psychic Seed
|-boost|p1a: Hoopa|spd|1|[from] item: Psychic Seed
|turn|7
|
|t:|1776045312
|-terastallize|p2a: Incineroar|Ghost
|move|p2a: Incineroar|Will-O-Wisp|p1a: Hoopa|[miss]
|-miss|p2a: Incineroar|p1a: Hoopa
|move|p1a: Hoopa|Brick Break|p2a: Incineroar
|-immune|p2a: Incineroar
|
|-fieldend|move: Trick Room
|upkeep
|turn|8
|
|t:|1776045323
|move|p1a: Hoopa|Hyperspace Fury|p2a: Incineroar
|-supereffective|p2a: Incineroar
|-damage|p2a: Incineroar|13/100
|-unboost|p1a: Hoopa|def|1
|move|p2a: Incineroar|Will-O-Wisp|p1a: Hoopa
|-status|p1a: Hoopa|brn
|
|-damage|p1a: Hoopa|94/100 brn|[from] brn
|upkeep
|turn|9
|
|t:|1776045329
|move|p1a: Hoopa|Expanding Force|p2a: Incineroar
|-damage|p2a: Incineroar|0 fnt
|faint|p2a: Incineroar
|
|-damage|p1a: Hoopa|88/100 brn|[from] brn
|-fieldend|move: Psychic Terrain
|upkeep
|
|t:|1776045338
|switch|p2a: Slither Wing|Slither Wing|100/100
|-damage|p2a: Slither Wing|88/100|[from] Stealth Rock
|turn|10
|
|t:|1776045345
|switch|p1a: Zamazenta|Zamazenta|100/100
|-ability|p1a: Zamazenta|Dauntless Shield|boost
|-boost|p1a: Zamazenta|def|1
|move|p2a: Slither Wing|U-turn|p1a: Zamazenta
|-resisted|p1a: Zamazenta
|-damage|p1a: Zamazenta|84/100
|
|t:|1776045352
|-end|p2a: Slither Wing|Protosynthesis|[silent]
|switch|p2a: Tornadus|Tornadus-Therian, M|100/100|[from] U-turn
|-damage|p2a: Tornadus|75/100|[from] Stealth Rock
|
|-heal|p1a: Zamazenta|90/100|[from] item: Leftovers
|upkeep
|turn|11
|
|t:|1776045368
|switch|p1a: Hoopa|Hoopa-Unbound|88/100 brn
|move|p2a: Tornadus|Bleakwind Storm|p1a: Hoopa
|-damage|p1a: Hoopa|52/100 brn
|
|-damage|p1a: Hoopa|46/100 brn|[from] brn
|upkeep
|turn|12
|
|t:|1776045382
|move|p2a: Tornadus|Bleakwind Storm|p1a: Hoopa|[miss]
|-miss|p2a: Tornadus|p1a: Hoopa
|move|p1a: Hoopa|Trick Room|p1a: Hoopa
|-fieldstart|move: Trick Room|[of] p1a: Hoopa
|
|-damage|p1a: Hoopa|40/100 brn|[from] brn
|upkeep
|turn|13
|
|t:|1776045387
|move|p1a: Hoopa|Expanding Force|p2a: Tornadus
|-damage|p2a: Tornadus|33/100
|-item|p1a: Hoopa|Assault Vest|[from] ability: Magician|[of] p2a: Tornadus
|move|p2a: Tornadus|Bleakwind Storm|p1a: Hoopa
|-damage|p1a: Hoopa|18/100 brn
|-unboost|p1a: Hoopa|spe|1
|
|-damage|p1a: Hoopa|12/100 brn|[from] brn
|upkeep
|turn|14
|
|t:|1776045393
|switch|p2a: Clodsire|Clodsire, F|100/100
|-damage|p2a: Clodsire|94/100|[from] Stealth Rock
|move|p1a: Hoopa|Expanding Force|p2a: Clodsire
|-supereffective|p2a: Clodsire
|-damage|p2a: Clodsire|32/100
|
|-heal|p2a: Clodsire|38/100|[from] item: Black Sludge
|-damage|p1a: Hoopa|6/100 brn|[from] brn
|upkeep
|turn|15
|
|t:|1776045406
|move|p2a: Clodsire|Bulldoze|p1a: Hoopa
|-crit|p1a: Hoopa
|-damage|p1a: Hoopa|0 fnt
|faint|p1a: Hoopa
|
|-heal|p2a: Clodsire|45/100|[from] item: Black Sludge
|upkeep
|
|t:|1776045410
|switch|p1a: Iron Hands|Iron Hands|100/100
|-enditem|p1a: Iron Hands|Booster Energy
|-activate|p1a: Iron Hands|ability: Quark Drive|[fromitem]
|-start|p1a: Iron Hands|quarkdriveatk
|turn|16
|
|t:|1776045421
|move|p2a: Clodsire|Bulldoze|p1a: Iron Hands
|-supereffective|p1a: Iron Hands
|-crit|p1a: Iron Hands
|-damage|p1a: Iron Hands|67/100
|-unboost|p1a: Iron Hands|spe|1
|move|p1a: Iron Hands|Ice Punch|p2a: Clodsire
|-supereffective|p2a: Clodsire
|-damage|p2a: Clodsire|0 fnt
|faint|p2a: Clodsire
|
|-fieldend|move: Trick Room
|upkeep
|
|t:|1776045424
|switch|p2a: Latios|Latios, M|100/100
|-damage|p2a: Latios|88/100|[from] Stealth Rock
|turn|17
|
|t:|1776045444
|-end|p1a: Iron Hands|Quark Drive|[silent]
|switch|p1a: Heatran|Heatran, F|100/100
|-item|p1a: Heatran|Air Balloon
|move|p2a: Latios|Aura Sphere|p1a: Heatran
|-supereffective|p1a: Heatran
|-crit|p1a: Heatran
|-damage|p1a: Heatran|45/100
|-enditem|p1a: Heatran|Air Balloon
|
|upkeep
|turn|18
|
|t:|1776045451
|move|p2a: Latios|Aura Sphere|p1a: Heatran
|-supereffective|p1a: Heatran
|-damage|p1a: Heatran|8/100
|move|p1a: Heatran|Stealth Rock||[still]
|-fail|p1a: Heatran
|
|upkeep
|turn|19
|
|t:|1776045455
|move|p2a: Latios|Aura Sphere|p1a: Heatran
|-supereffective|p1a: Heatran
|-damage|p1a: Heatran|0 fnt
|faint|p1a: Heatran
|
|upkeep
|
|t:|1776045466
|switch|p1a: Zamazenta|Zamazenta|90/100
|turn|20
|
|t:|1776045472
|switch|p2a: Tornadus|Tornadus-Therian, M|67/100
|-damage|p2a: Tornadus|42/100|[from] Stealth Rock
|-terastallize|p1a: Zamazenta|Steel
|move|p1a: Zamazenta|Iron Defense|p1a: Zamazenta
|-boost|p1a: Zamazenta|def|2
|
|-heal|p1a: Zamazenta|96/100|[from] item: Leftovers
|upkeep
|turn|21
|
|t:|1776045476
|move|p1a: Zamazenta|Body Press|p2a: Tornadus
|-resisted|p2a: Tornadus
|-damage|p2a: Tornadus|2/100
|move|p2a: Tornadus|Heat Wave|p1a: Zamazenta
|-supereffective|p1a: Zamazenta
|-damage|p1a: Zamazenta|48/100
|-status|p1a: Zamazenta|brn
|
|-heal|p1a: Zamazenta|54/100 brn|[from] item: Leftovers
|-damage|p1a: Zamazenta|48/100 brn|[from] brn
|upkeep
|turn|22
|
|t:|1776045482
|move|p1a: Zamazenta|Body Press|p2a: Tornadus
|-resisted|p2a: Tornadus
|-damage|p2a: Tornadus|0 fnt
|faint|p2a: Tornadus
|
|-heal|p1a: Zamazenta|54/100 brn|[from] item: Leftovers
|-damage|p1a: Zamazenta|48/100 brn|[from] brn
|upkeep
|
|t:|1776045487
|switch|p2a: Latios|Latios, M|88/100
|-damage|p2a: Latios|76/100|[from] Stealth Rock
|turn|23
|
|t:|1776045490
|move|p2a: Latios|Aura Sphere|p1a: Zamazenta
|-supereffective|p1a: Zamazenta
|-damage|p1a: Zamazenta|8/100 brn
|move|p1a: Zamazenta|Body Press|p2a: Latios
|-resisted|p2a: Latios
|-damage|p2a: Latios|56/100
|
|-heal|p1a: Zamazenta|14/100 brn|[from] item: Leftovers
|-damage|p1a: Zamazenta|8/100 brn|[from] brn
|upkeep
|turn|24
|
|t:|1776045497
|move|p2a: Latios|Aura Sphere|p1a: Zamazenta
|-supereffective|p1a: Zamazenta
|-damage|p1a: Zamazenta|0 fnt
|faint|p1a: Zamazenta
|
|upkeep
|
|t:|1776045499
|switch|p1a: Darkrai|Darkrai|100/100
|turn|25
|
|t:|1776045504
|move|p1a: Darkrai|Ice Beam|p2a: Latios
|-supereffective|p2a: Latios
|-damage|p2a: Latios|0 fnt
|faint|p2a: Latios
|
|upkeep
|
|t:|1776045509
|switch|p2a: Slither Wing|Slither Wing|88/100
|-damage|p2a: Slither Wing|76/100|[from] Stealth Rock
|turn|26
|
|t:|1776045519
|move|p1a: Darkrai|Ice Beam|p2a: Slither Wing
|-damage|p2a: Slither Wing|50/100
|move|p2a: Slither Wing|Leech Life|p1a: Darkrai
|-supereffective|p1a: Darkrai
|-damage|p1a: Darkrai|0 fnt
|-heal|p2a: Slither Wing|88/100|[from] drain|[of] p1a: Darkrai
|faint|p1a: Darkrai
|
|upkeep
|
|t:|1776045525
|switch|p1a: Iron Hands|Iron Hands|67/100
|turn|27
|
|t:|1776045530
|move|p2a: Slither Wing|Leech Life|p1a: Iron Hands
|-resisted|p1a: Iron Hands
|-damage|p1a: Iron Hands|43/100
|-heal|p2a: Slither Wing|100/100|[from] drain|[of] p1a: Iron Hands
|move|p1a: Iron Hands|Drain Punch|p2a: Slither Wing
|-resisted|p2a: Slither Wing
|-damage|p2a: Slither Wing|76/100
|-heal|p1a: Iron Hands|53/100|[from] drain|[of] p2a: Slither Wing
|
|upkeep
|turn|28
|
|t:|1776045540
|move|p2a: Slither Wing|Leech Life|p1a: Iron Hands
|-resisted|p1a: Iron Hands
|-damage|p1a: Iron Hands|28/100
|-heal|p2a: Slither Wing|91/100|[from] drain|[of] p1a: Iron Hands
|move|p1a: Iron Hands|Thunder Punch|p2a: Slither Wing
|-damage|p2a: Slither Wing|45/100
|
|upkeep
|turn|29
|
|t:|1776045544
|move|p2a: Slither Wing|Leech Life|p1a: Iron Hands
|-resisted|p1a: Iron Hands
|-damage|p1a: Iron Hands|3/100
|-heal|p2a: Slither Wing|60/100|[from] drain|[of] p1a: Iron Hands
|move|p1a: Iron Hands|Thunder Punch|p2a: Slither Wing
|-damage|p2a: Slither Wing|11/100
|
|upkeep
|turn|30
|-message|Sniper20657 forfeited.
|
|win|Bernab
|raw|Sniper20657's rating: 1377 &rarr; <strong>1354</strong><br />(-23 for losing)
|raw|Bernab's rating: 1328 &rarr; <strong>1351</strong><br />(+23 for winning)
|l|☆Sniper20657
|player|p1|
|l|☆Bernab
|player|p2|
