|html|<div class="broadcast-blue"><strong>[Gen 9] OU is currently suspecting Tera Blast! For information on how to participate check out the <a href="https://www.smogon.com/tools/suspects/view/200">suspect thread</a>.</strong></div>
|j|☆vanllesco
|j|☆senpako
|t:|1776249048
|gametype|singles
|player|p1|vanllesco|hilbert|1301
|player|p2|senpako|koga|1290
|gen|9
|tier|[Gen 9] OU
|rated|
|rule|HP Percentage Mod: HP is shown in percentages
|rule|Endless Battle Clause: Forcing endless battles is banned
|rule|Species Clause: Limit one of each Pokémon
|rule|OHKO Clause: OHKO moves are banned
|rule|Evasion Items Clause: Evasion items are banned
|rule|Evasion Moves Clause: Evasion moves are banned
|rule|Evasion Abilities Clause: Evasion abilities are banned
|rule|Sleep Moves Clause: Sleep-inducing moves are banned
|clearpoke
|poke|p1|Samurott-Hisui, M|
|poke|p1|Corviknight, M|
|poke|p1|Hatterene, F|
|poke|p1|Umbreon, F|
|poke|p1|Toxtricity-Low-Key, M|
|poke|p1|Garchomp, M|
|poke|p2|Tsareena, F|
|poke|p2|Blaziken, M|
|poke|p2|Garchomp, M|
|poke|p2|Raging Bolt|
|poke|p2|Ceruledge, M|
|poke|p2|Ribombee, F|
|teampreview
|inactive|Battle timer is ON: inactive players will automatically lose when time's up. (requested by senpako)
|
|t:|1776249088
|teamsize|p1|6
|teamsize|p2|6
|start
|switch|p1a: My name is mud|Toxtricity-Low-Key, M|100/100
|switch|p2a: Blaziken|Blaziken, M|100/100
|turn|1
|inactive|vanllesco has 120 seconds left.
|
|t:|1776249120
|move|p1a: My name is mud|Psychic Noise|p2a: Blaziken
|-supereffective|p2a: Blaziken
|-enditem|p2a: Blaziken|Focus Sash
|-damage|p2a: Blaziken|1/100
|-start|p2a: Blaziken|move: Heal Block
|move|p2a: Blaziken|Flamethrower|p1a: My name is mud
|-damage|p1a: My name is mud|30/100
|
|-ability|p2a: Blaziken|Speed Boost|boost
|-boost|p2a: Blaziken|spe|1
|upkeep
|turn|2
|inactive|vanllesco has 120 seconds left.
|
|t:|1776249132
|switch|p1a: MC Ride|Samurott-Hisui, M|100/100
|move|p2a: Blaziken|Flamethrower|p1a: MC Ride
|-resisted|p1a: MC Ride
|-damage|p1a: MC Ride|66/100
|
|-heal|p1a: MC Ride|72/100|[from] item: Leftovers
|-end|p2a: Blaziken|move: Heal Block
|-ability|p2a: Blaziken|Speed Boost|boost
|-boost|p2a: Blaziken|spe|1
|upkeep
|turn|3
|
|t:|1776249137
|move|p1a: MC Ride|Sucker Punch|p2a: Blaziken
|-resisted|p2a: Blaziken
|-damage|p2a: Blaziken|0 fnt
|faint|p2a: Blaziken
|
|-heal|p1a: MC Ride|78/100|[from] item: Leftovers
|upkeep
|
|t:|1776249145
|switch|p2a: Ribombee|Ribombee, F|100/100
|turn|4
|
|t:|1776249150
|switch|p1a: Doe Deer|Hatterene, F|100/100
|move|p2a: Ribombee|Moonblast|p1a: Doe Deer
|-damage|p1a: Doe Deer|60/100
|
|upkeep
|turn|5
|
|t:|1776249154
|move|p2a: Ribombee|Bug Buzz|p1a: Doe Deer
|-damage|p1a: Doe Deer|24/100
|move|p1a: Doe Deer|Mystical Fire|p2a: Ribombee
|-supereffective|p2a: Ribombee
|-damage|p2a: Ribombee|17/100
|
|upkeep
|turn|6
|
|t:|1776249160
|switch|p1a: BIRD|Corviknight, M|100/100
|move|p2a: Ribombee|Bug Buzz|p1a: BIRD
|-resisted|p1a: BIRD
|-damage|p1a: BIRD|92/100
|
|upkeep
|turn|7
|
|t:|1776249163
|move|p2a: Ribombee|Sticky Web|p1a: BIRD
|-sidestart|p1: vanllesco|move: Sticky Web
|move|p1a: BIRD|Brave Bird|p2a: Ribombee
|-supereffective|p2a: Ribombee
|-damage|p2a: Ribombee|0 fnt
|faint|p2a: Ribombee
|-damage|p1a: BIRD|88/100|[from] Recoil
|
|upkeep
|
|t:|1776249166
|switch|p2a: Ceruledge|Ceruledge, M|100/100
|turn|8
|
|t:|1776249175
|switch|p1a: Zachill|Garchomp, M|100/100
|-activate|p1a: Zachill|move: Sticky Web
|-unboost|p1a: Zachill|spe|1
|move|p2a: Ceruledge|Swords Dance|p2a: Ceruledge
|-boost|p2a: Ceruledge|atk|2
|
|upkeep
|turn|9
|
|t:|1776249183
|move|p2a: Ceruledge|Close Combat|p1a: Zachill
|-damage|p1a: Zachill|20/100
|-unboost|p2a: Ceruledge|def|1
|-unboost|p2a: Ceruledge|spd|1
|-damage|p2a: Ceruledge|88/100|[from] ability: Rough Skin|[of] p1a: Zachill
|move|p1a: Zachill|Scale Shot|p2a: Ceruledge
|-damage|p2a: Ceruledge|62/100
|-ability|p2a: Ceruledge|Weak Armor|boost
|-unboost|p2a: Ceruledge|def|1
|-boost|p2a: Ceruledge|spe|2
|-damage|p2a: Ceruledge|25/100
|-ability|p2a: Ceruledge|Weak Armor|boost
|-unboost|p2a: Ceruledge|def|1
|-boost|p2a: Ceruledge|spe|2
|-damage|p2a: Ceruledge|0 fnt
|faint|p2a: Ceruledge
|-hitcount|p2: Ceruledge|3
|-unboost|p1a: Zachill|def|1
|-boost|p1a: Zachill|spe|1
|
|upkeep
|
|t:|1776249191
|switch|p2a: Garchomp|Garchomp, M|100/100
|turn|10
|
|t:|1776249204
|switch|p1a: BIRD|Corviknight, M|88/100
|move|p2a: Garchomp|Scale Shot|p1a: BIRD
|-resisted|p1a: BIRD
|-damage|p1a: BIRD|83/100
|-resisted|p1a: BIRD
|-damage|p1a: BIRD|78/100
|-resisted|p1a: BIRD
|-damage|p1a: BIRD|74/100
|-hitcount|p1a: BIRD|3
|-unboost|p2a: Garchomp|def|1
|-boost|p2a: Garchomp|spe|1
|
|upkeep
|turn|11
|
|t:|1776249208
|move|p2a: Garchomp|Swords Dance|p2a: Garchomp
|-boost|p2a: Garchomp|atk|2
|move|p1a: BIRD|Defog|p2a: Garchomp
|-unboost|p2a: Garchomp|evasion|1
|-sideend|p1: vanllesco|Sticky Web|[from] move: Defog|[of] p1a: BIRD
|
|upkeep
|turn|12
|
|t:|1776249211
|move|p2a: Garchomp|Swords Dance|p2a: Garchomp
|-boost|p2a: Garchomp|atk|2
|move|p1a: BIRD|U-turn|p2a: Garchomp
|-damage|p2a: Garchomp|78/100
|-damage|p1a: BIRD|61/100|[from] ability: Rough Skin|[of] p2a: Garchomp
|
|t:|1776249213
|switch|p1a: Morin|Umbreon, F, shiny|100/100|[from] U-turn
|
|upkeep
|turn|13
|
|t:|1776249218
|move|p2a: Garchomp|Scale Shot|p1a: Morin
|-damage|p1a: Morin|72/100
|-damage|p1a: Morin|43/100
|-damage|p1a: Morin|16/100
|-damage|p1a: Morin|0 fnt
|faint|p1a: Morin
|-hitcount|p1: Morin|4
|-unboost|p2a: Garchomp|def|1
|-boost|p2a: Garchomp|spe|1
|
|upkeep
|
|t:|1776249229
|switch|p1a: Zachill|Garchomp, M|20/100
|turn|14
|
|t:|1776249240
|switch|p1a: Doe Deer|Hatterene, F|24/100
|move|p2a: Garchomp|Earthquake|p1a: Doe Deer
|-damage|p1a: Doe Deer|0 fnt
|faint|p1a: Doe Deer
|
|upkeep
|
|t:|1776249249
|switch|p1a: BIRD|Corviknight, M|61/100
|turn|15
|
|t:|1776249251
|move|p2a: Garchomp|Scale Shot|p1a: BIRD
|-resisted|p1a: BIRD
|-damage|p1a: BIRD|47/100
|-resisted|p1a: BIRD
|-damage|p1a: BIRD|32/100
|-resisted|p1a: BIRD
|-damage|p1a: BIRD|19/100
|-resisted|p1a: BIRD
|-damage|p1a: BIRD|5/100
|-resisted|p1a: BIRD
|-damage|p1a: BIRD|0 fnt
|faint|p1a: BIRD
|-hitcount|p1: BIRD|5
|-unboost|p2a: Garchomp|def|1
|-boost|p2a: Garchomp|spe|1
|
|upkeep
|
|t:|1776249257
|switch|p1a: MC Ride|Samurott-Hisui, M|78/100
|turn|16
|
|t:|1776249260
|move|p1a: MC Ride|Sucker Punch|p2a: Garchomp
|-damage|p2a: Garchomp|0 fnt
|-damage|p1a: MC Ride|66/100|[from] ability: Rough Skin|[of] p2a: Garchomp
|faint|p2a: Garchomp
|
|-heal|p1a: MC Ride|72/100|[from] item: Leftovers
|upkeep
|
|t:|1776249264
|switch|p2a: Raging Bolt|Raging Bolt|100/100
|-enditem|p2a: Raging Bolt|Booster Energy
|-activate|p2a: Raging Bolt|ability: Protosynthesis|[fromitem]
|-start|p2a: Raging Bolt|protosynthesisspa
|turn|17
|
|t:|1776249285
|-terastallize|p1a: MC Ride|Ground
|move|p1a: MC Ride|Razor Shell|p2a: Raging Bolt
|-resisted|p2a: Raging Bolt
|-damage|p2a: Raging Bolt|75/100
|move|p2a: Raging Bolt|Draco Meteor|p1a: MC Ride
|-damage|p1a: MC Ride|0 fnt
|-unboost|p2a: Raging Bolt|spa|2
|faint|p1a: MC Ride
|
|upkeep
|
|t:|1776249293
|switch|p1a: Zachill|Garchomp, M|20/100
|turn|18
|
|t:|1776249296
|move|p1a: Zachill|Earthquake|p2a: Raging Bolt
|-supereffective|p2a: Raging Bolt
|-damage|p2a: Raging Bolt|0 fnt
|faint|p2a: Raging Bolt
|-end|p2a: Raging Bolt|Protosynthesis|[silent]
|
|upkeep
|
|t:|1776249298
|switch|p2a: Tsareena|Tsareena, F|100/100
|turn|19
|
|t:|1776249303
|-terastallize|p2a: Tsareena|Ice
|move|p2a: Tsareena|Triple Axel|p1a: Zachill
|-supereffective|p1a: Zachill
|-damage|p1a: Zachill|0 fnt
|-damage|p2a: Tsareena|88/100|[from] ability: Rough Skin|[of] p1a: Zachill
|faint|p1a: Zachill
|-hitcount|p1: Zachill|1
|
|upkeep
|
|t:|1776249307
|switch|p1a: My name is mud|Toxtricity-Low-Key, M|30/100
|turn|20
|
|t:|1776249309
|move|p1a: My name is mud|Boomburst|p2a: Tsareena
|-crit|p2a: Tsareena
|-damage|p2a: Tsareena|0 fnt
|faint|p2a: Tsareena
|
|win|vanllesco
|raw|vanllesco's rating: 1301 &rarr; <strong>1320</strong><br />(+19 for winning)
|raw|senpako's rating: 1290 &rarr; <strong>1266</strong><br />(-24 for losing)
|l|☆senpako
|player|p2|
