|html|<div class="broadcast-blue"><strong>[Gen 9] OU is currently suspecting Tera Blast! For information on how to participate check out the <a href="https://www.smogon.com/tools/suspects/view/200">suspect thread</a>.</strong></div>
|j|☆chicoronaldo
|j|☆mattu_gg
|t:|1776084688
|gametype|singles
|player|p1|chicoronaldo|maid|1096
|player|p2|mattu_gg|guitarist-gen4|1101
|gen|9
|tier|[Gen 9] OU
|rated|
|rule|HP Percentage Mod: HP is shown in percentages
|rule|Endless Battle Clause: Forcing endless battles is banned
|rule|Species Clause: Limit one of each Pokémon
|rule|OHKO Clause: OHKO moves are banned
|rule|Evasion Items Clause: Evasion items are banned
|rule|Evasion Moves Clause: Evasion moves are banned
|rule|Evasion Abilities Clause: Evasion abilities are banned
|rule|Sleep Moves Clause: Sleep-inducing moves are banned
|clearpoke
|poke|p1|Heatran, M|
|poke|p1|Garganacl, F|
|poke|p1|Glimmora, M|
|poke|p1|Hatterene, F|
|poke|p1|Sinistcha-Masterpiece|
|poke|p1|Tyranitar, M|
|poke|p2|Raging Bolt|
|poke|p2|Landorus-Therian, M|
|poke|p2|Grimmsnarl, M|
|poke|p2|Rotom-Wash|
|poke|p2|Great Tusk|
|poke|p2|Slither Wing|
|teampreview
|
|t:|1776084720
|teamsize|p1|6
|teamsize|p2|6
|start
|switch|p1a: Glimmora|Glimmora, M|100/100
|switch|p2a: Grimmsnarl|Grimmsnarl, M|100/100
|turn|1
|inactive|Battle timer is ON: inactive players will automatically lose when time's up. (requested by chicoronaldo)
|
|t:|1776084800
|switch|p1a: Tyranitar|Tyranitar, M, shiny|100/100
|-weather|Sandstorm|[from] ability: Sand Stream|[of] p1a: Tyranitar
|move|p2a: Grimmsnarl|Taunt|p1a: Tyranitar
|-hint|Since gen 7, Dark is immune to Prankster moves.
|-immune|p1a: Tyranitar
|
|-weather|Sandstorm|[upkeep]
|-damage|p2a: Grimmsnarl|94/100|[from] Sandstorm
|upkeep
|turn|2
|
|t:|1776084809
|move|p2a: Grimmsnarl|Reflect|p2a: Grimmsnarl
|-sidestart|p2: mattu_gg|Reflect
|move|p1a: Tyranitar|Knock Off|p2a: Grimmsnarl
|-resisted|p2a: Grimmsnarl
|-damage|p2a: Grimmsnarl|90/100
|-enditem|p2a: Grimmsnarl|Light Clay|[from] move: Knock Off|[of] p1a: Tyranitar
|
|-weather|Sandstorm|[upkeep]
|-damage|p2a: Grimmsnarl|84/100|[from] Sandstorm
|upkeep
|turn|3
|
|t:|1776084824
|switch|p1a: Glimmora|Glimmora, M|100/100
|move|p2a: Grimmsnarl|Light Screen|p2a: Grimmsnarl
|-sidestart|p2: mattu_gg|move: Light Screen
|
|-weather|Sandstorm|[upkeep]
|-damage|p2a: Grimmsnarl|78/100|[from] Sandstorm
|upkeep
|turn|4
|
|t:|1776084831
|move|p2a: Grimmsnarl|Taunt|p1a: Glimmora
|-start|p1a: Glimmora|move: Taunt
|move|p1a: Glimmora|Sludge Wave|p2a: Grimmsnarl
|-supereffective|p2a: Grimmsnarl
|-damage|p2a: Grimmsnarl|35/100
|
|-weather|Sandstorm|[upkeep]
|-damage|p2a: Grimmsnarl|29/100|[from] Sandstorm
|upkeep
|turn|5
|
|t:|1776084843
|switch|p1a: Sinistcha|Sinistcha-Masterpiece|100/100
|switch|p2a: Great Tusk|Great Tusk|100/100
|
|-weather|none
|upkeep
|turn|6
|
|t:|1776084850
|move|p2a: Great Tusk|Ice Spinner|p1a: Sinistcha
|-supereffective|p1a: Sinistcha
|-crit|p1a: Sinistcha
|-damage|p1a: Sinistcha|29/100
|-enditem|p1a: Sinistcha|Sitrus Berry|[eat]
|-heal|p1a: Sinistcha|54/100|[from] item: Sitrus Berry
|move|p1a: Sinistcha|Stun Spore|p2a: Great Tusk
|-status|p2a: Great Tusk|par
|
|upkeep
|turn|7
|
|t:|1776084861
|move|p1a: Sinistcha|Strength Sap|p2a: Great Tusk
|-unboost|p2a: Great Tusk|atk|1
|-heal|p1a: Sinistcha|100/100
|move|p2a: Great Tusk|Ice Spinner|p1a: Sinistcha
|-supereffective|p1a: Sinistcha
|-damage|p1a: Sinistcha|72/100
|
|-sideend|p2: mattu_gg|move: Light Screen
|upkeep
|turn|8
|
|t:|1776084869
|-end|p2a: Great Tusk|Protosynthesis|[silent]
|switch|p2a: Slither Wing|Slither Wing|100/100
|move|p1a: Sinistcha|Matcha Gotcha|p2a: Slither Wing|[miss]
|-miss|p1a: Sinistcha|p2a: Slither Wing
|
|upkeep
|turn|9
|
|t:|1776084885
|switch|p1a: Glimmora|Glimmora, M|100/100
|move|p2a: Slither Wing|Flare Blitz|p1a: Glimmora
|-resisted|p1a: Glimmora
|-damage|p1a: Glimmora|85/100
|-damage|p2a: Slither Wing|84/100|[from] item: Rocky Helmet|[of] p1a: Glimmora
|-activate|p1a: Glimmora|ability: Toxic Debris
|-sidestart|p2: mattu_gg|move: Toxic Spikes
|-damage|p2a: Slither Wing|78/100|[from] Recoil
|
|-sideend|p2: mattu_gg|Reflect
|upkeep
|turn|10
|
|t:|1776084911
|move|p2a: Slither Wing|Close Combat|p1a: Glimmora
|-damage|p1a: Glimmora|36/100
|-unboost|p2a: Slither Wing|def|1
|-unboost|p2a: Slither Wing|spd|1
|-damage|p2a: Slither Wing|62/100|[from] item: Rocky Helmet|[of] p1a: Glimmora
|-activate|p1a: Glimmora|ability: Toxic Debris
|-sidestart|p2: mattu_gg|move: Toxic Spikes
|move|p1a: Glimmora|Sludge Wave|p2a: Slither Wing
|-damage|p2a: Slither Wing|0 fnt
|faint|p2a: Slither Wing
|-end|p2a: Slither Wing|Protosynthesis|[silent]
|
|upkeep
|inactive|mattu_gg has 120 seconds left.
|
|t:|1776084932
|switch|p2a: Great Tusk|Great Tusk|100/100 par
|turn|11
|inactive|mattu_gg has 120 seconds left.
|
|t:|1776084942
|move|p1a: Glimmora|Stealth Rock|p2a: Great Tusk
|-sidestart|p2: mattu_gg|move: Stealth Rock
|cant|p2a: Great Tusk|par
|
|upkeep
|turn|12
|inactive|mattu_gg has 120 seconds left.
|
|t:|1776084966
|switch|p1a: Sinistcha|Sinistcha-Masterpiece|72/100
|move|p2a: Great Tusk|Rapid Spin|p1a: Sinistcha
|-immune|p1a: Sinistcha
|
|upkeep
|turn|13
|
|t:|1776084971
|move|p1a: Sinistcha|Strength Sap|p2a: Great Tusk
|-unboost|p2a: Great Tusk|atk|1
|-heal|p1a: Sinistcha|100/100
|cant|p2a: Great Tusk|par
|
|upkeep
|turn|14
|-message|mattu_gg forfeited.
|
|win|chicoronaldo
|raw|chicoronaldo's rating: 1096 &rarr; <strong>1122</strong><br />(+26 for winning)
|raw|mattu_gg's rating: 1101 &rarr; <strong>1076</strong><br />(-25 for losing)
|l|☆mattu_gg
|player|p2|
|c|☆chicoronaldo|gg
