|html|<div class="broadcast-blue"><strong>[Gen 9] OU is currently suspecting Tera Blast! For information on how to participate check out the <a href="https://www.smogon.com/tools/suspects/view/200">suspect thread</a>.</strong></div>
|j|☆TheRegisAreCool
|j|☆bigballzlamo
|t:|1776219186
|gametype|singles
|player|p1|TheRegisAreCool|fisherman-gen4|1212
|player|p2|bigballzlamo|marlon|1208
|gen|9
|tier|[Gen 9] OU
|rated|
|rule|HP Percentage Mod: HP is shown in percentages
|rule|Endless Battle Clause: Forcing endless battles is banned
|rule|Species Clause: Limit one of each Pokémon
|rule|OHKO Clause: OHKO moves are banned
|rule|Evasion Items Clause: Evasion items are banned
|rule|Evasion Moves Clause: Evasion moves are banned
|rule|Evasion Abilities Clause: Evasion abilities are banned
|rule|Sleep Moves Clause: Sleep-inducing moves are banned
|clearpoke
|poke|p1|Conkeldurr, M|
|poke|p1|Iron Moth|
|poke|p1|Glimmora, M|
|poke|p1|Kommo-o, M|
|poke|p1|Samurott-Hisui, M|
|poke|p1|Donphan, F|
|poke|p2|Weavile, F|
|poke|p2|Kommo-o, F|
|poke|p2|Revavroom, F|
|poke|p2|Toxapex, F|
|poke|p2|Garchomp, F|
|poke|p2|Primarina, M|
|teampreview
|inactive|Battle timer is ON: inactive players will automatically lose when time's up. (requested by TheRegisAreCool)
|
|t:|1776219228
|teamsize|p1|6
|teamsize|p2|6
|start
|switch|p1a: Kommo-o|Kommo-o, M|100/100
|switch|p2a: Weavile|Weavile, F|100/100
|-ability|p2a: Weavile|Pressure
|turn|1
|
|t:|1776219236
|move|p2a: Weavile|Triple Axel|p1a: Kommo-o
|-supereffective|p1a: Kommo-o
|-damage|p1a: Kommo-o|83/100
|-supereffective|p1a: Kommo-o
|-damage|p1a: Kommo-o|48/100
|-supereffective|p1a: Kommo-o
|-damage|p1a: Kommo-o|0 fnt
|faint|p1a: Kommo-o
|-hitcount|p1: Kommo-o|3
|
|upkeep
|
|t:|1776219242
|switch|p1a: Conkeldurr|Conkeldurr, M|100/100
|turn|2
|
|t:|1776219246
|move|p1a: Conkeldurr|Mach Punch|p2a: Weavile
|-supereffective|p2a: Weavile
|-enditem|p2a: Weavile|Focus Sash
|-damage|p2a: Weavile|1/100
|move|p2a: Weavile|Knock Off|p1a: Conkeldurr
|-resisted|p1a: Conkeldurr
|-damage|p1a: Conkeldurr|80/100
|-enditem|p1a: Conkeldurr|Flame Orb|[from] move: Knock Off|[of] p2a: Weavile
|
|upkeep
|turn|3
|
|t:|1776219256
|switch|p2a: Garchomp|Garchomp, F|100/100
|move|p1a: Conkeldurr|Mach Punch|p2a: Garchomp
|-damage|p2a: Garchomp|76/100
|-damage|p1a: Conkeldurr|67/100|[from] ability: Rough Skin|[of] p2a: Garchomp
|-damage|p1a: Conkeldurr|51/100|[from] item: Rocky Helmet|[of] p2a: Garchomp
|
|upkeep
|turn|4
|
|t:|1776219266
|move|p2a: Garchomp|Stealth Rock|p1a: Conkeldurr
|-sidestart|p1: TheRegisAreCool|move: Stealth Rock
|move|p1a: Conkeldurr|Close Combat|p2a: Garchomp
|-damage|p2a: Garchomp|8/100
|-unboost|p1a: Conkeldurr|def|1
|-unboost|p1a: Conkeldurr|spd|1
|-damage|p1a: Conkeldurr|38/100|[from] ability: Rough Skin|[of] p2a: Garchomp
|-damage|p1a: Conkeldurr|22/100|[from] item: Rocky Helmet|[of] p2a: Garchomp
|
|upkeep
|turn|5
|
|t:|1776219275
|move|p1a: Conkeldurr|Mach Punch|p2a: Garchomp
|-damage|p2a: Garchomp|0 fnt
|-damage|p1a: Conkeldurr|9/100|[from] ability: Rough Skin|[of] p2a: Garchomp
|-damage|p1a: Conkeldurr|0 fnt|[from] item: Rocky Helmet|[of] p2a: Garchomp
|faint|p2a: Garchomp
|faint|p1a: Conkeldurr
|
|upkeep
|
|t:|1776219287
|switch|p2a: Primarina|Primarina, M|100/100
|switch|p1a: Glimmora|Glimmora, M|100/100
|-damage|p1a: Glimmora|88/100|[from] Stealth Rock
|turn|6
|
|t:|1776219296
|move|p1a: Glimmora|Mortal Spin|p2a: Primarina
|-supereffective|p2a: Primarina
|-damage|p2a: Primarina|87/100
|-status|p2a: Primarina|psn
|-sideend|p1: TheRegisAreCool|Stealth Rock|[from] move: Mortal Spin|[of] p1a: Glimmora
|move|p2a: Primarina|Hyper Voice|p1a: Glimmora
|-supereffective|p1a: Glimmora
|-damage|p1a: Glimmora|0 fnt
|faint|p1a: Glimmora
|
|-heal|p2a: Primarina|93/100 psn|[from] item: Leftovers
|-damage|p2a: Primarina|80/100 psn|[from] psn
|upkeep
|
|t:|1776219305
|switch|p1a: Iron Moth|Iron Moth|100/100
|-enditem|p1a: Iron Moth|Booster Energy
|-activate|p1a: Iron Moth|ability: Quark Drive|[fromitem]
|-start|p1a: Iron Moth|quarkdrivespe
|turn|7
|
|t:|1776219310
|-terastallize|p1a: Iron Moth|Flying
|move|p1a: Iron Moth|Sludge Wave|p2a: Primarina
|-supereffective|p2a: Primarina
|-damage|p2a: Primarina|0 fnt
|faint|p2a: Primarina
|
|upkeep
|
|t:|1776219321
|switch|p2a: Kommo-o|Kommo-o, F|100/100
|turn|8
|
|t:|1776219326
|move|p1a: Iron Moth|Sludge Wave|p2a: Kommo-o
|-damage|p2a: Kommo-o|44/100
|move|p2a: Kommo-o|Boomburst|p1a: Iron Moth
|-crit|p1a: Iron Moth
|-damage|p1a: Iron Moth|35/100
|-enditem|p2a: Kommo-o|Throat Spray
|-boost|p2a: Kommo-o|spa|1|[from] item: Throat Spray
|
|upkeep
|turn|9
|
|t:|1776219337
|move|p1a: Iron Moth|Sludge Wave|p2a: Kommo-o
|-damage|p2a: Kommo-o|0 fnt
|faint|p2a: Kommo-o
|
|upkeep
|
|t:|1776219344
|switch|p2a: Revavroom|Revavroom, F|100/100
|turn|10
|
|t:|1776219357
|move|p1a: Iron Moth|Fiery Dance|p2a: Revavroom
|-supereffective|p2a: Revavroom
|-damage|p2a: Revavroom|13/100
|-boost|p1a: Iron Moth|spa|1
|move|p2a: Revavroom|Iron Head|p1a: Iron Moth
|-damage|p1a: Iron Moth|0 fnt
|faint|p1a: Iron Moth
|-end|p1a: Iron Moth|Quark Drive|[silent]
|
|-heal|p2a: Revavroom|19/100|[from] item: Leftovers
|upkeep
|
|t:|1776219367
|switch|p1a: Samurott|Samurott-Hisui, M|100/100
|turn|11
|
|t:|1776219370
|move|p1a: Samurott|Sucker Punch||[still]
|-fail|p1a: Samurott
|move|p2a: Revavroom|Parting Shot|p1a: Samurott
|-unboost|p1a: Samurott|atk|1
|-unboost|p1a: Samurott|spa|1
|
|t:|1776219376
|switch|p2a: Toxapex|Toxapex, F|100/100|[from] Parting Shot
|
|upkeep
|turn|12
|
|t:|1776219383
|move|p1a: Samurott|Ceaseless Edge|p2a: Toxapex
|-damage|p2a: Toxapex|79/100
|-sidestart|p2: bigballzlamo|Spikes
|move|p2a: Toxapex|Infestation|p1a: Samurott
|-supereffective|p1a: Samurott
|-damage|p1a: Samurott|96/100
|-activate|p1a: Samurott|move: Infestation|[of] p2a: Toxapex
|
|-heal|p2a: Toxapex|86/100|[from] item: Black Sludge
|-damage|p1a: Samurott|83/100|[from] move: Infestation|[partiallytrapped]
|upkeep
|turn|13
|
|t:|1776219393
|move|p1a: Samurott|Ceaseless Edge|p2a: Toxapex
|-damage|p2a: Toxapex|66/100
|-sidestart|p2: bigballzlamo|Spikes
|move|p2a: Toxapex|Toxic|p1a: Samurott
|-status|p1a: Samurott|tox
|
|-heal|p2a: Toxapex|72/100|[from] item: Black Sludge
|-damage|p1a: Samurott|77/100 tox|[from] psn
|-damage|p1a: Samurott|64/100 tox|[from] move: Infestation|[partiallytrapped]
|upkeep
|turn|14
|
|t:|1776219403
|move|p2a: Toxapex|Baneful Bunker|p2a: Toxapex
|-singleturn|p2a: Toxapex|move: Protect
|move|p1a: Samurott|Ceaseless Edge|p2a: Toxapex
|-activate|p2a: Toxapex|move: Protect
|
|-heal|p2a: Toxapex|78/100|[from] item: Black Sludge
|-damage|p1a: Samurott|52/100 tox|[from] psn
|-damage|p1a: Samurott|40/100 tox|[from] move: Infestation|[partiallytrapped]
|upkeep
|turn|15
|
|t:|1776219413
|move|p2a: Toxapex|Baneful Bunker||[still]
|-fail|p2a: Toxapex
|move|p1a: Samurott|Ceaseless Edge|p2a: Toxapex
|-damage|p2a: Toxapex|59/100
|-sidestart|p2: bigballzlamo|Spikes
|
|-heal|p2a: Toxapex|65/100|[from] item: Black Sludge
|-damage|p1a: Samurott|21/100 tox|[from] psn
|-damage|p1a: Samurott|9/100 tox|[from] move: Infestation|[partiallytrapped]
|upkeep
|turn|16
|
|t:|1776219422
|move|p2a: Toxapex|Baneful Bunker|p2a: Toxapex
|-singleturn|p2a: Toxapex|move: Protect
|move|p1a: Samurott|Ceaseless Edge|p2a: Toxapex
|-activate|p2a: Toxapex|move: Protect
|
|-heal|p2a: Toxapex|72/100|[from] item: Black Sludge
|-damage|p1a: Samurott|0 fnt|[from] psn
|faint|p1a: Samurott
|upkeep
|
|t:|1776219424
|switch|p1a: Donphan|Donphan, F|100/100
|turn|17
|
|t:|1776219434
|-terastallize|p2a: Toxapex|Flying
|move|p1a: Donphan|Earthquake|p2a: Toxapex
|-immune|p2a: Toxapex
|move|p2a: Toxapex|Toxic|p1a: Donphan
|-status|p1a: Donphan|tox
|
|-damage|p2a: Toxapex|59/100|[from] item: Black Sludge
|-damage|p1a: Donphan|94/100 tox|[from] psn
|upkeep
|turn|18
|-message|TheRegisAreCool forfeited.
|
|win|bigballzlamo
|raw|TheRegisAreCool's rating: 1212 &rarr; <strong>1187</strong><br />(-25 for losing)
|raw|bigballzlamo's rating: 1208 &rarr; <strong>1233</strong><br />(+25 for winning)
