|html|<div class="broadcast-blue"><strong>[Gen 9] OU is currently suspecting Tera Blast! For information on how to participate check out the <a href="https://www.smogon.com/tools/suspects/view/200">suspect thread</a>.</strong></div>
|j|☆shinpete
|j|☆BuffCacture
|t:|1776107926
|gametype|singles
|player|p1|shinpete|266|1268
|player|p2|BuffCacture|1|1220
|gen|9
|tier|[Gen 9] OU
|rated|
|rule|HP Percentage Mod: HP is shown in percentages
|rule|Endless Battle Clause: Forcing endless battles is banned
|rule|Species Clause: Limit one of each Pokémon
|rule|OHKO Clause: OHKO moves are banned
|rule|Evasion Items Clause: Evasion items are banned
|rule|Evasion Moves Clause: Evasion moves are banned
|rule|Evasion Abilities Clause: Evasion abilities are banned
|rule|Sleep Moves Clause: Sleep-inducing moves are banned
|clearpoke
|poke|p1|Iron Valiant|
|poke|p1|Great Tusk|
|poke|p1|Dragonite, M|
|poke|p1|Deoxys-Speed|
|poke|p1|Glimmora, F|
|poke|p1|Kingambit, F|
|poke|p2|Tinkaton, F|
|poke|p2|Cacturne, M|
|poke|p2|Slowbro, M|
|poke|p2|Rotom-Wash|
|poke|p2|Emboar, M|
|poke|p2|Drifblim, M|
|teampreview
|
|t:|1776107954
|teamsize|p1|6
|teamsize|p2|6
|start
|switch|p1a: Deoxys|Deoxys-Speed|100/100
|switch|p2a: Domintrix|Tinkaton, F|100/100
|-ability|p1a: Deoxys|Pressure
|-ability|p2a: Domintrix|Mold Breaker
|turn|1
|
|t:|1776107972
|move|p1a: Deoxys|Reflect|p1a: Deoxys
|-sidestart|p1: shinpete|Reflect
|move|p2a: Domintrix|Thunder Wave|p1a: Deoxys
|-status|p1a: Deoxys|par
|
|upkeep
|turn|2
|
|t:|1776107982
|cant|p1a: Deoxys|par
|move|p2a: Domintrix|Swords Dance|p2a: Domintrix
|-boost|p2a: Domintrix|atk|2
|
|upkeep
|turn|3
|
|t:|1776107987
|cant|p1a: Deoxys|par
|move|p2a: Domintrix|Gigaton Hammer|p1a: Deoxys
|-damage|p1a: Deoxys|22/100 par
|
|upkeep
|turn|4
|
|t:|1776108000
|move|p1a: Deoxys|Psycho Boost|p2a: Domintrix
|-resisted|p2a: Domintrix
|-damage|p2a: Domintrix|79/100
|-unboost|p1a: Deoxys|spa|2
|move|p2a: Domintrix|Play Rough|p1a: Deoxys
|-damage|p1a: Deoxys|0 fnt
|faint|p1a: Deoxys
|
|upkeep
|
|t:|1776108024
|switch|p1a: Great Tusk|Great Tusk|100/100
|-enditem|p1a: Great Tusk|Booster Energy
|-activate|p1a: Great Tusk|ability: Protosynthesis|[fromitem]
|-start|p1a: Great Tusk|protosynthesisspe
|turn|5
|
|t:|1776108037
|-terastallize|p2a: Domintrix|Flying
|move|p1a: Great Tusk|Headlong Rush|p2a: Domintrix
|-immune|p2a: Domintrix
|move|p2a: Domintrix|Gigaton Hammer|p1a: Great Tusk
|-damage|p1a: Great Tusk|62/100
|
|upkeep
|turn|6
|
|t:|1776108045
|move|p1a: Great Tusk|Head Smash|p2a: Domintrix
|-supereffective|p2a: Domintrix
|-damage|p2a: Domintrix|0 fnt
|faint|p2a: Domintrix
|-damage|p1a: Great Tusk|28/100|[from] Recoil
|
|upkeep
|
|t:|1776108066
|switch|p2a: Step_Bro_im_stuck|Rotom-Wash|100/100
|turn|7
|
|t:|1776108095
|move|p1a: Great Tusk|Head Smash|p2a: Step_Bro_im_stuck
|-damage|p2a: Step_Bro_im_stuck|58/100
|-damage|p1a: Great Tusk|13/100|[from] Recoil
|move|p2a: Step_Bro_im_stuck|Hydro Pump|p1a: Great Tusk|[miss]
|-miss|p2a: Step_Bro_im_stuck|p1a: Great Tusk
|
|-heal|p2a: Step_Bro_im_stuck|64/100|[from] item: Leftovers
|upkeep
|turn|8
|
|t:|1776108103
|move|p1a: Great Tusk|Head Smash|p2a: Step_Bro_im_stuck|[miss]
|-miss|p1a: Great Tusk|p2a: Step_Bro_im_stuck
|move|p2a: Step_Bro_im_stuck|Hydro Pump|p1a: Great Tusk
|-supereffective|p1a: Great Tusk
|-damage|p1a: Great Tusk|0 fnt
|faint|p1a: Great Tusk
|-end|p1a: Great Tusk|Protosynthesis|[silent]
|
|-heal|p2a: Step_Bro_im_stuck|71/100|[from] item: Leftovers
|-sideend|p1: shinpete|Reflect
|upkeep
|
|t:|1776108129
|switch|p1a: Dragonite|Dragonite, M|100/100
|turn|9
|
|t:|1776108133
|move|p1a: Dragonite|Dragon Dance|p1a: Dragonite
|-boost|p1a: Dragonite|atk|1
|-boost|p1a: Dragonite|spe|1
|move|p2a: Step_Bro_im_stuck|Will-O-Wisp|p1a: Dragonite
|-status|p1a: Dragonite|brn
|
|-heal|p2a: Step_Bro_im_stuck|77/100|[from] item: Leftovers
|-damage|p1a: Dragonite|94/100 brn|[from] brn
|upkeep
|turn|10
|
|t:|1776108143
|move|p1a: Dragonite|Dragon Dance|p1a: Dragonite
|-boost|p1a: Dragonite|atk|1
|-boost|p1a: Dragonite|spe|1
|move|p2a: Step_Bro_im_stuck|Hydro Pump|p1a: Dragonite|[miss]
|-miss|p2a: Step_Bro_im_stuck|p1a: Dragonite
|
|-heal|p1a: Dragonite|100/100 brn|[from] item: Leftovers
|-heal|p2a: Step_Bro_im_stuck|83/100|[from] item: Leftovers
|-damage|p1a: Dragonite|94/100 brn|[from] brn
|upkeep
|turn|11
|
|t:|1776108157
|move|p1a: Dragonite|Dragon Dance|p1a: Dragonite
|-boost|p1a: Dragonite|atk|1
|-boost|p1a: Dragonite|spe|1
|move|p2a: Step_Bro_im_stuck|Thunderbolt|p1a: Dragonite
|-damage|p1a: Dragonite|51/100 brn
|
|-heal|p1a: Dragonite|57/100 brn|[from] item: Leftovers
|-heal|p2a: Step_Bro_im_stuck|89/100|[from] item: Leftovers
|-damage|p1a: Dragonite|51/100 brn|[from] brn
|upkeep
|turn|12
|
|t:|1776108174
|move|p1a: Dragonite|Earthquake|p2a: Step_Bro_im_stuck
|-immune|p2a: Step_Bro_im_stuck|[from] ability: Levitate
|move|p2a: Step_Bro_im_stuck|Hydro Pump|p1a: Dragonite|[miss]
|-miss|p2a: Step_Bro_im_stuck|p1a: Dragonite
|
|-heal|p1a: Dragonite|57/100 brn|[from] item: Leftovers
|-heal|p2a: Step_Bro_im_stuck|96/100|[from] item: Leftovers
|-damage|p1a: Dragonite|51/100 brn|[from] brn
|upkeep
|turn|13
|c|☆BuffCacture|?
|inactive|Battle timer is ON: inactive players will automatically lose when time's up. (requested by BuffCacture)
|
|t:|1776108237
|-terastallize|p1a: Dragonite|Flying
|move|p1a: Dragonite|Tera Blast|p2a: Step_Bro_im_stuck|[anim] Tera Blast Flying
|-resisted|p2a: Step_Bro_im_stuck
|-damage|p2a: Step_Bro_im_stuck|57/100
|move|p2a: Step_Bro_im_stuck|Hydro Pump|p1a: Dragonite
|-damage|p1a: Dragonite|0 fnt
|faint|p1a: Dragonite
|
|-heal|p2a: Step_Bro_im_stuck|64/100|[from] item: Leftovers
|upkeep
|
|t:|1776108250
|switch|p1a: Iron Valiant|Iron Valiant|100/100
|-enditem|p1a: Iron Valiant|Booster Energy
|-activate|p1a: Iron Valiant|ability: Quark Drive|[fromitem]
|-start|p1a: Iron Valiant|quarkdrivespe
|turn|14
|inactive|BuffCacture has 120 seconds left.
|
|t:|1776108284
|move|p1a: Iron Valiant|Knock Off|p2a: Step_Bro_im_stuck
|-damage|p2a: Step_Bro_im_stuck|30/100
|-enditem|p2a: Step_Bro_im_stuck|Leftovers|[from] move: Knock Off|[of] p1a: Iron Valiant
|move|p2a: Step_Bro_im_stuck|Will-O-Wisp|p1a: Iron Valiant
|-status|p1a: Iron Valiant|brn
|
|-damage|p1a: Iron Valiant|94/100 brn|[from] brn
|upkeep
|turn|15
|inactive|BuffCacture has 120 seconds left.
|
|t:|1776108300
|move|p1a: Iron Valiant|Moonblast|p2a: Step_Bro_im_stuck
|-damage|p2a: Step_Bro_im_stuck|0 fnt
|faint|p2a: Step_Bro_im_stuck
|
|-damage|p1a: Iron Valiant|88/100 brn|[from] brn
|upkeep
|
|t:|1776108320
|switch|p2a: Up in Smoke|Drifblim, M|100/100
|turn|16
|
|t:|1776108333
|move|p1a: Iron Valiant|Moonblast|p2a: Up in Smoke
|-damage|p2a: Up in Smoke|63/100
|move|p2a: Up in Smoke|Air Slash|p1a: Iron Valiant
|-supereffective|p1a: Iron Valiant
|-damage|p1a: Iron Valiant|0 fnt
|faint|p1a: Iron Valiant
|-end|p1a: Iron Valiant|Quark Drive|[silent]
|
|-status|p2a: Up in Smoke|brn|[from] item: Flame Orb
|upkeep
|
|t:|1776108341
|switch|p1a: Glimmora|Glimmora, F|100/100
|turn|17
|inactive|BuffCacture has 120 seconds left.
|
|t:|1776108351
|switch|p2a: Ur Momma|Emboar, M|100/100
|move|p1a: Glimmora|Meteor Beam||[still]
|-prepare|p1a: Glimmora|Meteor Beam
|-boost|p1a: Glimmora|spa|1
|-enditem|p1a: Glimmora|Power Herb
|-anim|p1a: Glimmora|Meteor Beam|p2a: Ur Momma
|-damage|p2a: Ur Momma|0 fnt
|faint|p2a: Ur Momma
|
|upkeep
|
|t:|1776108365
|switch|p2a: Conner|Slowbro, M, shiny|100/100
|turn|18
|
|t:|1776108377
|move|p1a: Glimmora|Meteor Beam||[still]
|-prepare|p1a: Glimmora|Meteor Beam
|-boost|p1a: Glimmora|spa|1
|move|p2a: Conner|Calm Mind|p2a: Conner
|-boost|p2a: Conner|spa|1
|-boost|p2a: Conner|spd|1
|
|upkeep
|turn|19
|
|t:|1776108383
|move|p1a: Glimmora|Meteor Beam|p2a: Conner|[from] lockedmove
|-damage|p2a: Conner|30/100
|move|p2a: Conner|Calm Mind|p2a: Conner
|-boost|p2a: Conner|spa|1
|-boost|p2a: Conner|spd|1
|
|upkeep
|turn|20
|
|t:|1776108390
|move|p1a: Glimmora|Earth Power|p2a: Conner
|-damage|p2a: Conner|4/100
|move|p2a: Conner|Slack Off|p2a: Conner
|-heal|p2a: Conner|54/100
|
|upkeep
|turn|21
|
|t:|1776108395
|move|p1a: Glimmora|Meteor Beam||[still]
|-prepare|p1a: Glimmora|Meteor Beam
|-boost|p1a: Glimmora|spa|1
|move|p2a: Conner|Slack Off|p2a: Conner
|-heal|p2a: Conner|100/100
|
|upkeep
|turn|22
|
|t:|1776108405
|move|p1a: Glimmora|Meteor Beam|p2a: Conner|[from] lockedmove
|-damage|p2a: Conner|40/100
|move|p2a: Conner|Stored Power|p1a: Glimmora
|-supereffective|p1a: Glimmora
|-damage|p1a: Glimmora|0 fnt
|faint|p1a: Glimmora
|
|upkeep
|
|t:|1776108412
|switch|p1a: Kingambit|Kingambit, F|100/100
|-activate|p1a: Kingambit|ability: Supreme Overlord
|-start|p1a: Kingambit|fallen5|[silent]
|turn|23
|
|t:|1776108429
|switch|p2a: Up in Smoke|Drifblim, M|63/100 brn
|move|p1a: Kingambit|Sucker Punch||[still]
|-fail|p1a: Kingambit
|
|-damage|p2a: Up in Smoke|57/100 brn|[from] brn
|upkeep
|turn|24
|
|t:|1776108443
|move|p1a: Kingambit|Sucker Punch||[still]
|-fail|p1a: Kingambit
|move|p2a: Up in Smoke|Defog|p1a: Kingambit
|-unboost|p1a: Kingambit|evasion|1
|
|-damage|p2a: Up in Smoke|50/100 brn|[from] brn
|upkeep
|turn|25
|
|t:|1776108451
|move|p2a: Up in Smoke|Defog|p1a: Kingambit
|-unboost|p1a: Kingambit|evasion|1
|move|p1a: Kingambit|Iron Head|p2a: Up in Smoke
|-damage|p2a: Up in Smoke|0 fnt
|faint|p2a: Up in Smoke
|
|upkeep
|
|t:|1776108458
|switch|p2a: Buff Cacture|Cacturne, M|100/100
|turn|26
|
|t:|1776108475
|move|p1a: Kingambit|Low Kick|p2a: Buff Cacture
|-supereffective|p2a: Buff Cacture
|-enditem|p2a: Buff Cacture|Focus Sash
|-damage|p2a: Buff Cacture|1/100
|move|p2a: Buff Cacture|Counter|p1a: Kingambit
|-damage|p1a: Kingambit|0 fnt
|faint|p1a: Kingambit
|-end|p1a: Kingambit|fallen5|[silent]
|
|win|BuffCacture
|raw|shinpete's rating: 1268 &rarr; <strong>1240</strong><br />(-28 for losing)
|raw|BuffCacture's rating: 1220 &rarr; <strong>1248</strong><br />(+28 for winning)
|c|☆BuffCacture|ez
|c|☆shinpete|gg
|l|☆shinpete
|player|p1|
|l|☆BuffCacture
|player|p2|
