|html|<div class="broadcast-blue"><strong>[Gen 9] OU is currently suspecting Tera Blast! For information on how to participate check out the <a href="https://www.smogon.com/tools/suspects/view/200">suspect thread</a>.</strong></div>
|j|☆Juan_Pablo(ar)
|j|☆zam0rak
|t:|1776061517
|gametype|singles
|player|p1|Juan_Pablo(ar)|grimsley|1371
|player|p2|zam0rak|n|1421
|gen|9
|tier|[Gen 9] OU
|rated|
|rule|HP Percentage Mod: HP is shown in percentages
|rule|Endless Battle Clause: Forcing endless battles is banned
|rule|Species Clause: Limit one of each Pokémon
|rule|OHKO Clause: OHKO moves are banned
|rule|Evasion Items Clause: Evasion items are banned
|rule|Evasion Moves Clause: Evasion moves are banned
|rule|Evasion Abilities Clause: Evasion abilities are banned
|rule|Sleep Moves Clause: Sleep-inducing moves are banned
|clearpoke
|poke|p1|Tinkaton, F|
|poke|p1|Zamazenta-*|
|poke|p1|Kingambit, M|
|poke|p1|Slowking-Galar, M|
|poke|p1|Raging Bolt|
|poke|p1|Tsareena, F|
|poke|p2|Kyurem|
|poke|p2|Gengar, M|
|poke|p2|Enamorus, F|
|poke|p2|Ogerpon, F|
|poke|p2|Great Tusk|
|poke|p2|Iron Valiant|
|teampreview
|inactive|Battle timer is ON: inactive players will automatically lose when time's up. (requested by zam0rak)
|
|t:|1776061550
|teamsize|p1|6
|teamsize|p2|6
|start
|switch|p1a: Penny|Tinkaton, F|100/100
|switch|p2a: Great Tusk|Great Tusk|100/100
|-item|p1a: Penny|Air Balloon
|turn|1
|
|t:|1776061559
|move|p1a: Penny|Gigaton Hammer|p2a: Great Tusk
|-damage|p2a: Great Tusk|73/100
|move|p2a: Great Tusk|Rapid Spin|p1a: Penny
|-resisted|p1a: Penny
|-damage|p1a: Penny|91/100
|-boost|p2a: Great Tusk|spe|1
|-enditem|p1a: Penny|Air Balloon
|-enditem|p2a: Great Tusk|Assault Vest|[silent]|[from] ability: Pickpocket|[of] p2a: Great Tusk
|-item|p1a: Penny|Assault Vest|[from] ability: Pickpocket|[of] p2a: Great Tusk
|
|upkeep
|turn|2
|
|t:|1776061579
|move|p2a: Great Tusk|Earthquake|p1a: Penny
|-supereffective|p1a: Penny
|-damage|p1a: Penny|0 fnt
|faint|p1a: Penny
|
|upkeep
|
|t:|1776061593
|switch|p1a: Tsareena|Tsareena, F|100/100
|turn|3
|
|t:|1776061597
|move|p2a: Great Tusk|Close Combat|p1a: Tsareena
|-damage|p1a: Tsareena|25/100
|-unboost|p2a: Great Tusk|def|1
|-unboost|p2a: Great Tusk|spd|1
|move|p1a: Tsareena|Triple Axel|p2a: Great Tusk
|-supereffective|p2a: Great Tusk
|-damage|p2a: Great Tusk|59/100
|-hitcount|p2a: Great Tusk|1
|
|upkeep
|turn|4
|
|t:|1776061617
|switch|p1a: Slowking|Slowking-Galar, M|100/100
|move|p2a: Great Tusk|Close Combat|p1a: Slowking
|-resisted|p1a: Slowking
|-damage|p1a: Slowking|83/100
|-unboost|p2a: Great Tusk|def|1
|-unboost|p2a: Great Tusk|spd|1
|
|upkeep
|turn|5
|
|t:|1776061631
|switch|p1a: Tsareena|Tsareena, F|25/100
|move|p2a: Great Tusk|Earthquake|p1a: Tsareena
|-resisted|p1a: Tsareena
|-damage|p1a: Tsareena|0 fnt
|faint|p1a: Tsareena
|
|upkeep
|
|t:|1776061640
|switch|p1a: Raging Bolt|Raging Bolt|100/100
|-enditem|p1a: Raging Bolt|Booster Energy
|-activate|p1a: Raging Bolt|ability: Protosynthesis|[fromitem]
|-start|p1a: Raging Bolt|protosynthesisspa
|turn|6
|
|t:|1776061646
|-terastallize|p1a: Raging Bolt|Flying
|move|p2a: Great Tusk|Earthquake|p1a: Raging Bolt
|-immune|p1a: Raging Bolt
|move|p1a: Raging Bolt|Tera Blast|p2a: Great Tusk|[anim] Tera Blast Flying
|-supereffective|p2a: Great Tusk
|-damage|p2a: Great Tusk|0 fnt
|faint|p2a: Great Tusk
|-end|p2a: Great Tusk|Protosynthesis|[silent]
|
|upkeep
|
|t:|1776061661
|switch|p2a: Iron Valiant|Iron Valiant|100/100
|-enditem|p2a: Iron Valiant|Booster Energy
|-activate|p2a: Iron Valiant|ability: Quark Drive|[fromitem]
|-start|p2a: Iron Valiant|quarkdrivespe
|turn|7
|
|t:|1776061669
|-terastallize|p2a: Iron Valiant|Electric
|move|p1a: Raging Bolt|Thunderclap|p2a: Iron Valiant
|-resisted|p2a: Iron Valiant
|-damage|p2a: Iron Valiant|49/100
|move|p2a: Iron Valiant|Thunderbolt|p1a: Raging Bolt
|-supereffective|p1a: Raging Bolt
|-damage|p1a: Raging Bolt|21/100
|
|upkeep
|turn|8
|
|t:|1776061678
|-end|p2a: Iron Valiant|Quark Drive|[silent]
|switch|p2a: Ogerpon|Ogerpon, F|100/100
|move|p1a: Raging Bolt|Thunderclap||[still]
|-fail|p1a: Raging Bolt
|
|upkeep
|turn|9
|
|t:|1776061685
|move|p2a: Ogerpon|Encore|p1a: Raging Bolt
|-start|p1a: Raging Bolt|Encore
|move|p1a: Raging Bolt|Thunderclap||[still]
|-fail|p1a: Raging Bolt
|
|upkeep
|turn|10
|
|t:|1776061692
|-end|p1a: Raging Bolt|Protosynthesis|[silent]
|switch|p1a: Slowking|Slowking-Galar, M|100/100
|move|p2a: Ogerpon|Swords Dance|p2a: Ogerpon
|-boost|p2a: Ogerpon|atk|2
|
|upkeep
|turn|11
|
|t:|1776061698
|move|p2a: Ogerpon|Knock Off|p1a: Slowking
|-supereffective|p1a: Slowking
|-damage|p1a: Slowking|0 fnt
|-enditem|p1a: Slowking|Heavy-Duty Boots|[from] move: Knock Off|[of] p2a: Ogerpon
|faint|p1a: Slowking
|-damage|p2a: Ogerpon|91/100|[from] item: Life Orb
|
|upkeep
|
|t:|1776061706
|switch|p1a: Zamazenta|Zamazenta|100/100
|-ability|p1a: Zamazenta|Dauntless Shield|boost
|-boost|p1a: Zamazenta|def|1
|turn|12
|
|t:|1776061711
|move|p1a: Zamazenta|Iron Defense|p1a: Zamazenta
|-boost|p1a: Zamazenta|def|2
|move|p2a: Ogerpon|Horn Leech|p1a: Zamazenta
|-damage|p1a: Zamazenta|69/100
|-heal|p2a: Ogerpon|100/100|[from] drain|[of] p1a: Zamazenta
|-damage|p2a: Ogerpon|91/100|[from] item: Life Orb
|
|-heal|p1a: Zamazenta|75/100|[from] item: Leftovers
|upkeep
|turn|13
|
|t:|1776061727
|move|p1a: Zamazenta|Heavy Slam|p2a: Ogerpon
|-damage|p2a: Ogerpon|36/100
|move|p2a: Ogerpon|Encore|p1a: Zamazenta
|-start|p1a: Zamazenta|Encore
|
|-heal|p1a: Zamazenta|81/100|[from] item: Leftovers
|upkeep
|turn|14
|
|t:|1776061741
|move|p1a: Zamazenta|Heavy Slam|p2a: Ogerpon
|-damage|p2a: Ogerpon|0 fnt
|faint|p2a: Ogerpon
|
|-heal|p1a: Zamazenta|87/100|[from] item: Leftovers
|upkeep
|
|t:|1776061744
|switch|p2a: Gengar|Gengar, M|100/100
|-item|p2a: Gengar|Air Balloon
|turn|15
|
|t:|1776061758
|move|p1a: Zamazenta|Heavy Slam|p2a: Gengar
|-damage|p2a: Gengar|16/100
|-enditem|p2a: Gengar|Air Balloon
|move|p2a: Gengar|Shadow Ball|p1a: Zamazenta
|-damage|p1a: Zamazenta|54/100
|
|-heal|p1a: Zamazenta|60/100|[from] item: Leftovers
|upkeep
|turn|16
|
|t:|1776061768
|move|p1a: Zamazenta|Heavy Slam|p2a: Gengar
|-damage|p2a: Gengar|0 fnt
|-start|p1a: Zamazenta|Disable|Heavy Slam|[from] ability: Cursed Body|[of] p2a: Gengar
|faint|p2a: Gengar
|
|-heal|p1a: Zamazenta|66/100|[from] item: Leftovers
|-end|p1a: Zamazenta|Encore
|upkeep
|
|t:|1776061777
|switch|p2a: Iron Valiant|Iron Valiant, tera:Electric|49/100
|turn|17
|
|t:|1776061781
|move|p1a: Zamazenta|Body Press|p2a: Iron Valiant
|-damage|p2a: Iron Valiant|0 fnt
|faint|p2a: Iron Valiant
|-end|p2a: Iron Valiant|Quark Drive|[silent]
|
|-heal|p1a: Zamazenta|72/100|[from] item: Leftovers
|upkeep
|
|t:|1776061787
|switch|p2a: Enamorus|Enamorus, F|100/100
|turn|18
|
|t:|1776061792
|move|p1a: Zamazenta|Stone Edge|p2a: Enamorus
|-supereffective|p2a: Enamorus
|-damage|p2a: Enamorus|0 fnt
|faint|p2a: Enamorus
|
|-heal|p1a: Zamazenta|78/100|[from] item: Leftovers
|upkeep
|-message|zam0rak forfeited.
|
|win|Juan_Pablo(ar)
|raw|Juan_Pablo(ar)'s rating: 1371 &rarr; <strong>1394</strong><br />(+23 for winning)
|raw|zam0rak's rating: 1421 &rarr; <strong>1398</strong><br />(-23 for losing)
|l|☆zam0rak
|player|p2|
|l|☆Juan_Pablo(ar)
|player|p1|
