|html|<div class="broadcast-blue"><strong>[Gen 9] OU is currently suspecting Tera Blast! For information on how to participate check out the <a href="https://www.smogon.com/tools/suspects/view/200">suspect thread</a>.</strong></div>
|j|☆koennnb
|j|☆Opbugslyer
|t:|1776186955
|gametype|singles
|player|p1|koennnb|170|1040
|player|p2|Opbugslyer|waiter-gen4|1000
|gen|9
|tier|[Gen 9] OU
|rated|
|rule|HP Percentage Mod: HP is shown in percentages
|rule|Endless Battle Clause: Forcing endless battles is banned
|rule|Species Clause: Limit one of each Pokémon
|rule|OHKO Clause: OHKO moves are banned
|rule|Evasion Items Clause: Evasion items are banned
|rule|Evasion Moves Clause: Evasion moves are banned
|rule|Evasion Abilities Clause: Evasion abilities are banned
|rule|Sleep Moves Clause: Sleep-inducing moves are banned
|clearpoke
|poke|p1|Gholdengo|
|poke|p1|Gliscor, F|
|poke|p1|Ogerpon, F|
|poke|p1|Dondozo, M|
|poke|p1|Electivire, F|
|poke|p1|Incineroar, F|
|poke|p2|Gliscor, F|
|poke|p2|Serperior, M|
|poke|p2|Iron Treads|
|poke|p2|Clefable, M|
|poke|p2|Kingambit, M|
|poke|p2|Ursaluna, M|
|teampreview
|
|t:|1776186974
|teamsize|p1|6
|teamsize|p2|6
|start
|switch|p1a: Incineroar|Incineroar, F|100/100
|switch|p2a: Clefable|Clefable, M|100/100
|-ability|p1a: Incineroar|Intimidate|boost
|-unboost|p2a: Clefable|atk|1
|turn|1
|
|t:|1776186985
|-terastallize|p1a: Incineroar|Fire
|move|p1a: Incineroar|Fire Punch|p2a: Clefable
|-crit|p2a: Clefable
|-damage|p2a: Clefable|16/100
|move|p2a: Clefable|Stealth Rock|p1a: Incineroar
|-sidestart|p1: koennnb|move: Stealth Rock
|
|-heal|p2a: Clefable|22/100|[from] item: Leftovers
|upkeep
|turn|2
|
|t:|1776186994
|move|p2a: Clefable|Protect|p2a: Clefable
|-singleturn|p2a: Clefable|Protect
|move|p1a: Incineroar|Fire Punch|p2a: Clefable
|-activate|p2a: Clefable|move: Protect
|
|-heal|p2a: Clefable|28/100|[from] item: Leftovers
|upkeep
|turn|3
|
|t:|1776187007
|switch|p2a: Ursaluna|Ursaluna, M|100/100
|move|p1a: Incineroar|Fire Punch|p2a: Ursaluna
|-damage|p2a: Ursaluna|62/100
|-status|p2a: Ursaluna|brn
|
|-damage|p2a: Ursaluna|56/100 brn|[from] brn
|upkeep
|turn|4
|
|t:|1776187020
|move|p1a: Incineroar|Parting Shot|p2a: Ursaluna
|-unboost|p2a: Ursaluna|atk|1
|-unboost|p2a: Ursaluna|spa|1
|
|t:|1776187037
|switch|p1a: Dondozo|Dondozo, M|100/100|[from] Parting Shot
|-damage|p1a: Dondozo|88/100|[from] Stealth Rock
|move|p2a: Ursaluna|Facade|p1a: Dondozo
|-damage|p1a: Dondozo|6/100
|
|-heal|p1a: Dondozo|12/100|[from] item: Leftovers
|-damage|p2a: Ursaluna|50/100 brn|[from] brn
|upkeep
|turn|5
|
|t:|1776187047
|move|p2a: Ursaluna|Fling|p1a: Dondozo
|-damage|p1a: Dondozo|2/100
|-status|p1a: Dondozo|brn
|-enditem|p2a: Ursaluna|Flame Orb|[from] move: Fling
|move|p1a: Dondozo|Earthquake|p2a: Ursaluna
|-damage|p2a: Ursaluna|42/100 brn
|
|-heal|p1a: Dondozo|8/100 brn|[from] item: Leftovers
|-damage|p2a: Ursaluna|36/100 brn|[from] brn
|-damage|p1a: Dondozo|2/100 brn|[from] brn
|upkeep
|turn|6
|
|t:|1776187060
|switch|p2a: Clefable|Clefable, M|28/100
|move|p1a: Dondozo|Waterfall|p2a: Clefable
|-damage|p2a: Clefable|12/100
|
|-heal|p2a: Clefable|19/100|[from] item: Leftovers
|-heal|p1a: Dondozo|8/100 brn|[from] item: Leftovers
|-damage|p1a: Dondozo|2/100 brn|[from] brn
|upkeep
|turn|7
|
|t:|1776187070
|move|p2a: Clefable|Wish|p2a: Clefable
|move|p1a: Dondozo|Earthquake|p2a: Clefable
|-damage|p2a: Clefable|6/100
|
|-heal|p2a: Clefable|12/100|[from] item: Leftovers
|-heal|p1a: Dondozo|8/100 brn|[from] item: Leftovers
|-damage|p1a: Dondozo|2/100 brn|[from] brn
|upkeep
|turn|8
|
|t:|1776187077
|switch|p2a: Ursaluna|Ursaluna, M|36/100 brn
|move|p1a: Dondozo|Earthquake|p2a: Ursaluna
|-damage|p2a: Ursaluna|28/100 brn
|
|-heal|p2a: Ursaluna|71/100 brn|[from] move: Wish|[wisher] Clefable
|-heal|p1a: Dondozo|8/100 brn|[from] item: Leftovers
|-damage|p2a: Ursaluna|65/100 brn|[from] brn
|-damage|p1a: Dondozo|2/100 brn|[from] brn
|upkeep
|turn|9
|
|t:|1776187087
|move|p2a: Ursaluna|Bulk Up|p2a: Ursaluna
|-boost|p2a: Ursaluna|atk|1
|-boost|p2a: Ursaluna|def|1
|move|p1a: Dondozo|Waterfall|p2a: Ursaluna
|-supereffective|p2a: Ursaluna
|-damage|p2a: Ursaluna|45/100 brn
|
|-heal|p1a: Dondozo|8/100 brn|[from] item: Leftovers
|-damage|p2a: Ursaluna|39/100 brn|[from] brn
|-damage|p1a: Dondozo|2/100 brn|[from] brn
|upkeep
|turn|10
|
|t:|1776187096
|move|p2a: Ursaluna|Facade|p1a: Dondozo
|-damage|p1a: Dondozo|0 fnt
|faint|p1a: Dondozo
|
|-damage|p2a: Ursaluna|32/100 brn|[from] brn
|upkeep
|
|t:|1776187106
|switch|p1a: Gholdengo|Gholdengo|100/100
|-damage|p1a: Gholdengo|94/100|[from] Stealth Rock
|turn|11
|
|t:|1776187117
|switch|p2a: Clefable|Clefable, M|12/100
|move|p1a: Gholdengo|Make It Rain|p2a: Clefable
|-supereffective|p2a: Clefable
|-damage|p2a: Clefable|0 fnt
|-unboost|p1a: Gholdengo|spa|1
|faint|p2a: Clefable
|
|-heal|p1a: Gholdengo|100/100|[from] item: Leftovers
|upkeep
|
|t:|1776187128
|switch|p2a: Serperior|Serperior, M|100/100
|turn|12
|
|t:|1776187132
|move|p2a: Serperior|Knock Off|p1a: Gholdengo
|-supereffective|p1a: Gholdengo
|-damage|p1a: Gholdengo|62/100
|-enditem|p1a: Gholdengo|Leftovers|[from] move: Knock Off|[of] p2a: Serperior
|move|p1a: Gholdengo|Make It Rain|p2a: Serperior
|-damage|p2a: Serperior|59/100
|-unboost|p1a: Gholdengo|spa|1
|
|upkeep
|turn|13
|
|t:|1776187144
|move|p2a: Serperior|Knock Off|p1a: Gholdengo
|-supereffective|p1a: Gholdengo
|-damage|p1a: Gholdengo|36/100
|move|p1a: Gholdengo|Psychic|p2a: Serperior
|-damage|p2a: Serperior|44/100
|
|upkeep
|turn|14
|
|t:|1776187150
|move|p2a: Serperior|Knock Off|p1a: Gholdengo
|-supereffective|p1a: Gholdengo
|-damage|p1a: Gholdengo|13/100
|move|p1a: Gholdengo|Thunderbolt|p2a: Serperior
|-resisted|p2a: Serperior
|-damage|p2a: Serperior|37/100
|
|upkeep
|turn|15
|
|t:|1776187157
|move|p2a: Serperior|Leaf Storm|p1a: Gholdengo
|-resisted|p1a: Gholdengo
|-damage|p1a: Gholdengo|0 fnt
|-boost|p2a: Serperior|spa|2
|faint|p1a: Gholdengo
|
|upkeep
|
|t:|1776187163
|switch|p1a: Incineroar|Incineroar, F, tera:Fire|100/100
|-damage|p1a: Incineroar|76/100|[from] Stealth Rock
|-ability|p1a: Incineroar|Intimidate|boost
|-boost|p2a: Serperior|atk|1
|turn|16
|
|t:|1776187170
|-terastallize|p2a: Serperior|Water
|move|p2a: Serperior|Tera Blast|p1a: Incineroar|[anim] Tera Blast Water
|-supereffective|p1a: Incineroar
|-damage|p1a: Incineroar|0 fnt
|faint|p1a: Incineroar
|
|upkeep
|
|t:|1776187179
|switch|p1a: Ogerpon|Ogerpon, F|100/100
|-damage|p1a: Ogerpon|88/100|[from] Stealth Rock
|turn|17
|
|t:|1776187188
|move|p2a: Serperior|Dragon Pulse|p1a: Ogerpon
|-damage|p1a: Ogerpon|39/100
|move|p1a: Ogerpon|Ivy Cudgel|p2a: Serperior
|-supereffective|p2a: Serperior
|-damage|p2a: Serperior|0 fnt
|faint|p2a: Serperior
|
|-heal|p1a: Ogerpon|45/100|[from] item: Leftovers
|upkeep
|
|t:|1776187191
|switch|p2a: Gliscor|Gliscor, F, shiny|100/100
|turn|18
|
|t:|1776187200
|move|p1a: Ogerpon|Spiky Shield|p1a: Ogerpon
|-singleturn|p1a: Ogerpon|move: Protect
|move|p2a: Gliscor|Protect||[still]
|-fail|p2a: Gliscor
|
|-heal|p1a: Ogerpon|51/100|[from] item: Leftovers
|-status|p2a: Gliscor|tox|[from] item: Toxic Orb
|upkeep
|turn|19
|
|t:|1776187210
|move|p1a: Ogerpon|Ivy Cudgel|p2a: Gliscor
|-damage|p2a: Gliscor|51/100 tox
|move|p2a: Gliscor|Facade|p1a: Ogerpon
|-damage|p1a: Ogerpon|0 fnt
|faint|p1a: Ogerpon
|
|-heal|p2a: Gliscor|63/100 tox|[from] ability: Poison Heal
|upkeep
|
|t:|1776187220
|switch|p1a: Electivire|Electivire, F|100/100
|-damage|p1a: Electivire|88/100|[from] Stealth Rock
|turn|20
|
|t:|1776187227
|move|p1a: Electivire|Ice Punch|p2a: Gliscor
|-supereffective|p2a: Gliscor
|-damage|p2a: Gliscor|0 fnt
|faint|p2a: Gliscor
|
|upkeep
|
|t:|1776187231
|switch|p2a: Iron Treads|Iron Treads|100/100
|-enditem|p2a: Iron Treads|Booster Energy
|-activate|p2a: Iron Treads|ability: Quark Drive|[fromitem]
|-start|p2a: Iron Treads|quarkdriveatk
|turn|21
|
|t:|1776187239
|move|p1a: Electivire|Brick Break|p2a: Iron Treads
|-supereffective|p2a: Iron Treads
|-damage|p2a: Iron Treads|63/100
|move|p2a: Iron Treads|Earthquake|p1a: Electivire
|-supereffective|p1a: Electivire
|-damage|p1a: Electivire|0 fnt
|faint|p1a: Electivire
|
|upkeep
|
|t:|1776187246
|switch|p1a: Gliscor|Gliscor, F|100/100
|-damage|p1a: Gliscor|88/100|[from] Stealth Rock
|turn|22
|
|t:|1776187252
|move|p1a: Gliscor|Earthquake|p2a: Iron Treads
|-supereffective|p2a: Iron Treads
|-damage|p2a: Iron Treads|0 fnt
|faint|p2a: Iron Treads
|-end|p2a: Iron Treads|Quark Drive|[silent]
|
|upkeep
|
|t:|1776187256
|switch|p2a: Ursaluna|Ursaluna, M|32/100 brn
|turn|23
|
|t:|1776187264
|move|p1a: Gliscor|Earthquake|p2a: Ursaluna
|-damage|p2a: Ursaluna|2/100 brn
|move|p2a: Ursaluna|Facade|p1a: Gliscor
|-damage|p1a: Gliscor|0 fnt
|faint|p1a: Gliscor
|
|win|Opbugslyer
|raw|koennnb's rating: 1040 &rarr; <strong>1022</strong><br />(-18 for losing)
|raw|Opbugslyer's rating: 1000 &rarr; <strong>1045</strong><br />(+45 for winning)
