|html|<div class="broadcast-blue"><strong>[Gen 9] OU is currently suspecting Tera Blast! For information on how to participate check out the <a href="https://www.smogon.com/tools/suspects/view/200">suspect thread</a>.</strong></div>
|j|☆Anchor9
|j|☆Hatchling-chan
|t:|1776097436
|gametype|singles
|player|p1|Anchor9|silver|1448
|player|p2|Hatchling-chan|brock|1437
|gen|9
|tier|[Gen 9] OU
|rated|
|rule|HP Percentage Mod: HP is shown in percentages
|rule|Endless Battle Clause: Forcing endless battles is banned
|rule|Species Clause: Limit one of each Pokémon
|rule|OHKO Clause: OHKO moves are banned
|rule|Evasion Items Clause: Evasion items are banned
|rule|Evasion Moves Clause: Evasion moves are banned
|rule|Evasion Abilities Clause: Evasion abilities are banned
|rule|Sleep Moves Clause: Sleep-inducing moves are banned
|clearpoke
|poke|p1|Araquanid, M|
|poke|p1|Ampharos, F|
|poke|p1|Dragonite, F|
|poke|p1|Gholdengo|
|poke|p1|Kyurem|
|poke|p1|Great Tusk|
|poke|p2|Zoroark-Hisui, M|
|poke|p2|Slowking-Galar, F|
|poke|p2|Great Tusk|
|poke|p2|Gholdengo|
|poke|p2|Iron Valiant|
|poke|p2|Arcanine-Hisui, M|
|teampreview
|inactive|Battle timer is ON: inactive players will automatically lose when time's up. (requested by Hatchling-chan)
|inactive|Anchor9 also wants the timer to be on.
|inactive|Hatchling-chan has 120 seconds left.
|
|t:|1776097475
|teamsize|p1|6
|teamsize|p2|6
|start
|switch|p1a: Araquanid|Araquanid, M|100/100
|switch|p2a: Arcanine|Arcanine-Hisui, M|100/100
|turn|1
|
|t:|1776097488
|move|p2a: Arcanine|Rock Slide|p1a: Araquanid|[miss]
|-miss|p2a: Arcanine|p1a: Araquanid
|move|p1a: Araquanid|Sticky Web|p2a: Arcanine
|-sidestart|p2: Hatchling-chan|move: Sticky Web
|
|upkeep
|turn|2
|
|t:|1776097493
|move|p2a: Arcanine|Rock Slide|p1a: Araquanid
|-supereffective|p1a: Araquanid
|-damage|p1a: Araquanid|20/100
|cant|p1a: Araquanid|flinch
|
|upkeep
|turn|3
|-enditem|p1a: Araquanid|Custap Berry|[eat]
|-activate|p1a: Araquanid|item: Custap Berry|[consumed]
|
|t:|1776097498
|move|p1a: Araquanid|Surf|p2a: Arcanine
|-supereffective|p2a: Arcanine
|-damage|p2a: Arcanine|0 fnt
|faint|p2a: Arcanine
|
|upkeep
|
|t:|1776097510
|switch|p2a: Slowking|Slowking-Galar, F|100/100
|-activate|p2a: Slowking|move: Sticky Web
|-unboost|p2a: Slowking|spe|1
|turn|4
|
|t:|1776097522
|move|p1a: Araquanid|Endeavor|p2a: Slowking
|-damage|p2a: Slowking|18/100
|move|p2a: Slowking|Sludge Bomb|p1a: Araquanid
|-damage|p1a: Araquanid|0 fnt
|faint|p1a: Araquanid
|
|upkeep
|
|t:|1776097526
|switch|p1a: Kyurem|Kyurem|100/100
|-ability|p1a: Kyurem|Pressure
|turn|5
|
|t:|1776097533
|switch|p2a: Gholdengo|Gholdengo|100/100
|-activate|p2a: Gholdengo|move: Sticky Web
|-unboost|p2a: Gholdengo|spe|1
|move|p1a: Kyurem|Dragon Dance|p1a: Kyurem
|-boost|p1a: Kyurem|atk|1
|-boost|p1a: Kyurem|spe|1
|
|upkeep
|turn|6
|
|t:|1776097539
|-terastallize|p2a: Gholdengo|Flying
|move|p1a: Kyurem|Earth Power|p2a: Gholdengo
|-immune|p2a: Gholdengo
|move|p2a: Gholdengo|Make It Rain|p1a: Kyurem
|-supereffective|p1a: Kyurem
|-damage|p1a: Kyurem|0 fnt
|-unboost|p2a: Gholdengo|spa|1
|faint|p1a: Kyurem
|
|upkeep
|
|t:|1776097547
|switch|p1a: Ampharos|Ampharos, F|100/100
|turn|7
|
|t:|1776097550
|switch|p2a: Great Tusk|Great Tusk|100/100
|-activate|p2a: Great Tusk|move: Sticky Web
|-unboost|p2a: Great Tusk|spe|1
|move|p1a: Ampharos|Meteor Beam||[still]
|-prepare|p1a: Ampharos|Meteor Beam
|-boost|p1a: Ampharos|spa|1
|-enditem|p1a: Ampharos|Power Herb
|-anim|p1a: Ampharos|Meteor Beam|p2a: Great Tusk
|-resisted|p2a: Great Tusk
|-damage|p2a: Great Tusk|87/100
|
|upkeep
|turn|8
|
|t:|1776097560
|move|p1a: Ampharos|Dazzling Gleam|p2a: Great Tusk
|-supereffective|p2a: Great Tusk
|-damage|p2a: Great Tusk|15/100
|move|p2a: Great Tusk|Rapid Spin|p1a: Ampharos
|-damage|p1a: Ampharos|81/100
|-boost|p2a: Great Tusk|spe|1
|-status|p2a: Great Tusk|par|[from] ability: Static|[of] p1a: Ampharos
|-sideend|p2: Hatchling-chan|Sticky Web|[from] move: Rapid Spin|[of] p2a: Great Tusk
|
|upkeep
|turn|9
|
|t:|1776097564
|move|p1a: Ampharos|Dazzling Gleam|p2a: Great Tusk
|-supereffective|p2a: Great Tusk
|-damage|p2a: Great Tusk|0 fnt
|faint|p2a: Great Tusk
|-end|p2a: Great Tusk|Protosynthesis|[silent]
|
|upkeep
|
|t:|1776097569
|switch|p2a: Slowking|Slowking-Galar, F|51/100
|turn|10
|
|t:|1776097579
|move|p1a: Ampharos|Thunderbolt|p2a: Slowking
|-damage|p2a: Slowking|15/100
|move|p2a: Slowking|Sludge Bomb|p1a: Ampharos
|-damage|p1a: Ampharos|32/100
|
|upkeep
|turn|11
|
|t:|1776097592
|move|p1a: Ampharos|Thunderbolt|p2a: Slowking
|-damage|p2a: Slowking|0 fnt
|faint|p2a: Slowking
|
|upkeep
|
|t:|1776097609
|switch|p2a: Gholdengo|Gholdengo|100/100
|-start|p2a: Gholdengo|typechange|Flying|[silent]
|turn|12
|
|t:|1776097615
|move|p2a: Gholdengo|Shadow Ball|p1a: Ampharos
|-damage|p1a: Ampharos|0 fnt
|faint|p1a: Ampharos
|
|upkeep
|
|t:|1776097620
|switch|p1a: Dragonite|Dragonite, F|100/100
|turn|13
|
|t:|1776097624
|move|p2a: Gholdengo|Shadow Ball|p1a: Dragonite
|-damage|p1a: Dragonite|80/100
|move|p1a: Dragonite|Dragon Dance|p1a: Dragonite
|-boost|p1a: Dragonite|atk|1
|-boost|p1a: Dragonite|spe|1
|
|upkeep
|turn|14
|
|t:|1776097634
|move|p1a: Dragonite|Ice Spinner|p2a: Gholdengo
|-enditem|p2a: Gholdengo|Focus Sash
|-damage|p2a: Gholdengo|1/100
|replace|p2a: Zoroark|Zoroark-Hisui, M
|-end|p2a: Zoroark|Illusion
|move|p2a: Zoroark|Shadow Ball|p1a: Dragonite
|-damage|p1a: Dragonite|38/100
|
|upkeep
|turn|15
|
|t:|1776097644
|move|p1a: Dragonite|Extreme Speed|p2a: Zoroark
|-immune|p2a: Zoroark
|move|p2a: Zoroark|Shadow Ball|p1a: Dragonite
|-damage|p1a: Dragonite|0 fnt
|faint|p1a: Dragonite
|
|upkeep
|
|t:|1776097652
|switch|p1a: Great Tusk|Great Tusk|100/100
|-enditem|p1a: Great Tusk|Booster Energy
|-activate|p1a: Great Tusk|ability: Protosynthesis|[fromitem]
|-start|p1a: Great Tusk|protosynthesisspe
|turn|16
|
|t:|1776097659
|move|p1a: Great Tusk|Ice Spinner|p2a: Zoroark
|-crit|p2a: Zoroark
|-damage|p2a: Zoroark|0 fnt
|faint|p2a: Zoroark
|
|upkeep
|
|t:|1776097661
|switch|p2a: Gholdengo|Gholdengo, tera:Flying|100/100
|turn|17
|
|t:|1776097677
|switch|p2a: Iron Valiant|Iron Valiant|100/100
|-enditem|p2a: Iron Valiant|Booster Energy
|-activate|p2a: Iron Valiant|ability: Quark Drive|[fromitem]
|-start|p2a: Iron Valiant|quarkdrivespe
|-terastallize|p1a: Great Tusk|Ice
|move|p1a: Great Tusk|Bulk Up|p1a: Great Tusk
|-boost|p1a: Great Tusk|atk|1
|-boost|p1a: Great Tusk|def|1
|
|upkeep
|turn|18
|
|t:|1776097687
|move|p2a: Iron Valiant|Moonblast|p1a: Great Tusk
|-damage|p1a: Great Tusk|36/100
|-unboost|p1a: Great Tusk|spa|1
|move|p1a: Great Tusk|Headlong Rush|p2a: Iron Valiant
|-crit|p2a: Iron Valiant
|-damage|p2a: Iron Valiant|0 fnt
|-unboost|p1a: Great Tusk|def|1
|-unboost|p1a: Great Tusk|spd|1
|faint|p2a: Iron Valiant
|-end|p2a: Iron Valiant|Quark Drive|[silent]
|
|upkeep
|
|t:|1776097694
|switch|p2a: Gholdengo|Gholdengo, tera:Flying|100/100
|turn|19
|
|t:|1776097696
|move|p1a: Great Tusk|Ice Spinner|p2a: Gholdengo
|-supereffective|p2a: Gholdengo
|-damage|p2a: Gholdengo|0 fnt
|faint|p2a: Gholdengo
|
|win|Anchor9
|raw|Anchor9's rating: 1467 &rarr; <strong>1485</strong><br />(+18 for winning)
|raw|Hatchling-chan's rating: 1437 &rarr; <strong>1419</strong><br />(-18 for losing)
|l|☆Hatchling-chan
|player|p2|
|l|☆Anchor9
|player|p1|
