|html|<div class="broadcast-blue"><strong>[Gen 9] OU is currently suspecting Tera Blast! For information on how to participate check out the <a href="https://www.smogon.com/tools/suspects/view/200">suspect thread</a>.</strong></div>
|j|☆Shoven
|j|☆abate fabs
|t:|1776105975
|gametype|singles
|player|p1|Shoven|palmer|1339
|player|p2|abate fabs|touristf|1329
|gen|9
|tier|[Gen 9] OU
|rated|
|rule|HP Percentage Mod: HP is shown in percentages
|rule|Endless Battle Clause: Forcing endless battles is banned
|rule|Species Clause: Limit one of each Pokémon
|rule|OHKO Clause: OHKO moves are banned
|rule|Evasion Items Clause: Evasion items are banned
|rule|Evasion Moves Clause: Evasion moves are banned
|rule|Evasion Abilities Clause: Evasion abilities are banned
|rule|Sleep Moves Clause: Sleep-inducing moves are banned
|clearpoke
|poke|p1|Politoed, F|
|poke|p1|Barraskewda, M|
|poke|p1|Raikou|
|poke|p1|Toxicroak, M|
|poke|p1|Moltres|
|poke|p1|Tsareena, F|
|poke|p2|Umbreon, M|
|poke|p2|Mandibuzz, F|
|poke|p2|Clodsire, M|
|poke|p2|Hatterene, F|
|poke|p2|Slowking, F|
|poke|p2|Crocalor, M|
|teampreview
|inactive|Battle timer is ON: inactive players will automatically lose when time's up. (requested by abate fabs)
|
|t:|1776105994
|teamsize|p1|6
|teamsize|p2|6
|start
|switch|p1a: Toxicroak|Toxicroak, M|100/100
|switch|p2a: Checktung|Slowking, F|100/100
|turn|1
|
|t:|1776106004
|switch|p1a: Politoed|Politoed, F|100/100
|-weather|RainDance|[from] ability: Drizzle|[of] p1a: Politoed
|move|p2a: Checktung|Psychic|p1a: Politoed
|-damage|p1a: Politoed|61/100
|
|-weather|RainDance|[upkeep]
|upkeep
|turn|2
|
|t:|1776106014
|switch|p1a: Raikou|Raikou, shiny|100/100
|-ability|p1a: Raikou|Pressure
|-item|p1a: Raikou|Air Balloon
|move|p2a: Checktung|Psychic|p1a: Raikou
|-damage|p1a: Raikou|53/100
|-enditem|p1a: Raikou|Air Balloon
|
|-weather|RainDance|[upkeep]
|upkeep
|turn|3
|
|t:|1776106025
|switch|p2a: Checkelung|Clodsire, M|100/100
|move|p1a: Raikou|Calm Mind|p1a: Raikou
|-boost|p1a: Raikou|spa|1
|-boost|p1a: Raikou|spd|1
|
|-weather|RainDance|[upkeep]
|upkeep
|turn|4
|
|t:|1776106034
|move|p1a: Raikou|Scald|p2a: Checkelung
|-immune|p2a: Checkelung|[from] ability: Water Absorb
|move|p2a: Checkelung|Earthquake|p1a: Raikou
|-supereffective|p1a: Raikou
|-damage|p1a: Raikou|0 fnt
|faint|p1a: Raikou
|
|-weather|RainDance|[upkeep]
|upkeep
|
|t:|1776106046
|switch|p1a: Barraskewda|Barraskewda, M|100/100
|turn|5
|
|t:|1776106054
|move|p1a: Barraskewda|Drill Run|p2a: Checkelung
|-supereffective|p2a: Checkelung
|-damage|p2a: Checkelung|25/100
|move|p2a: Checkelung|Gunk Shot|p1a: Barraskewda|[miss]
|-miss|p2a: Checkelung|p1a: Barraskewda
|
|-weather|RainDance|[upkeep]
|-heal|p2a: Checkelung|31/100|[from] item: Leftovers
|upkeep
|turn|6
|
|t:|1776106067
|switch|p2a: Checking|Mandibuzz, F|100/100
|move|p1a: Barraskewda|Liquidation|p2a: Checking
|-damage|p2a: Checking|60/100
|
|-weather|RainDance|[upkeep]
|upkeep
|turn|7
|
|t:|1776106079
|switch|p1a: Toxicroak|Toxicroak, M|100/100
|move|p2a: Checking|Foul Play|p1a: Toxicroak
|-resisted|p1a: Toxicroak
|-damage|p1a: Toxicroak|69/100
|
|-weather|RainDance|[upkeep]
|-heal|p1a: Toxicroak|81/100|[from] ability: Dry Skin
|upkeep
|turn|8
|
|t:|1776106088
|switch|p2a: Checktung|Slowking, F|100/100
|move|p1a: Toxicroak|Swords Dance|p1a: Toxicroak
|-boost|p1a: Toxicroak|atk|2
|
|-weather|none
|upkeep
|turn|9
|
|t:|1776106096
|-terastallize|p1a: Toxicroak|Dark
|move|p1a: Toxicroak|Swords Dance|p1a: Toxicroak
|-boost|p1a: Toxicroak|atk|2
|move|p2a: Checktung|Psychic|p1a: Toxicroak
|-immune|p1a: Toxicroak
|
|upkeep
|turn|10
|
|t:|1776106105
|switch|p2a: Checkelung|Clodsire, M|31/100
|move|p1a: Toxicroak|Gunk Shot|p2a: Checkelung
|-resisted|p2a: Checkelung
|-damage|p2a: Checkelung|0 fnt
|faint|p2a: Checkelung
|
|upkeep
|
|t:|1776106108
|switch|p2a: Checkaloo|Crocalor, M|100/100
|turn|11
|
|t:|1776106116
|move|p1a: Toxicroak|Gunk Shot|p2a: Checkaloo
|-damage|p2a: Checkaloo|57/100
|move|p2a: Checkaloo|Will-O-Wisp|p1a: Toxicroak
|-status|p1a: Toxicroak|brn
|
|-damage|p1a: Toxicroak|75/100 brn|[from] brn
|upkeep
|turn|12
|
|t:|1776106125
|move|p1a: Toxicroak|Gunk Shot|p2a: Checkaloo
|-damage|p2a: Checkaloo|35/100
|-status|p2a: Checkaloo|psn
|move|p2a: Checkaloo|Fire Spin|p1a: Toxicroak
|-damage|p1a: Toxicroak|55/100 brn
|-activate|p1a: Toxicroak|move: Fire Spin|[of] p2a: Checkaloo
|
|-damage|p2a: Checkaloo|23/100 psn|[from] psn
|-damage|p1a: Toxicroak|48/100 brn|[from] brn
|-damage|p1a: Toxicroak|36/100 brn|[from] move: Fire Spin|[partiallytrapped]
|upkeep
|turn|13
|
|t:|1776106137
|move|p1a: Toxicroak|Swords Dance|p1a: Toxicroak
|-boost|p1a: Toxicroak|atk|2
|move|p2a: Checkaloo|Slack Off|p2a: Checkaloo
|-heal|p2a: Checkaloo|73/100 psn
|
|-damage|p2a: Checkaloo|61/100 psn|[from] psn
|-damage|p1a: Toxicroak|30/100 brn|[from] brn
|-damage|p1a: Toxicroak|18/100 brn|[from] move: Fire Spin|[partiallytrapped]
|upkeep
|turn|14
|c|☆abate fabs|!dt unaware
|c|☆abate fabs|/raw <ul class="utilichart"><li class="result"><span class="col namecol"><a href="https://dex.pokemonshowdown.com/abilities/unaware">Unaware</a></span> <span class="col abilitydesccol">This Pokemon ignores other Pokemon's stat stages when taking or doing damage.</span> </li><li style="clear:both"></li></ul>
|c|☆abate fabs|/raw <font size="1"><font color="#686868">Gen:</font> 4&nbsp;|&ThickSpace;&#10003; Ignored by Mold Breaker</font>

|
|t:|1776106147
|move|p1a: Toxicroak|Drain Punch|p2a: Checkaloo
|-damage|p2a: Checkaloo|46/100 psn
|-heal|p1a: Toxicroak|26/100 brn|[from] drain|[of] p2a: Checkaloo
|move|p2a: Checkaloo|Slack Off|p2a: Checkaloo
|-heal|p2a: Checkaloo|96/100 psn
|
|-damage|p2a: Checkaloo|84/100 psn|[from] psn
|-damage|p1a: Toxicroak|20/100 brn|[from] brn
|-damage|p1a: Toxicroak|7/100 brn|[from] move: Fire Spin|[partiallytrapped]
|upkeep
|turn|15
|
|t:|1776106159
|move|p1a: Toxicroak|Sucker Punch||[still]
|-fail|p1a: Toxicroak
|move|p2a: Checkaloo|Slack Off|p2a: Checkaloo
|-heal|p2a: Checkaloo|100/100 psn
|
|-damage|p2a: Checkaloo|88/100 psn|[from] psn
|-damage|p1a: Toxicroak|1/100 brn|[from] brn
|-damage|p1a: Toxicroak|0 fnt|[from] move: Fire Spin|[partiallytrapped]
|faint|p1a: Toxicroak
|upkeep
|
|t:|1776106174
|switch|p1a: Barraskewda|Barraskewda, M|100/100
|turn|16
|
|t:|1776106179
|-terastallize|p2a: Checkaloo|Flying
|move|p1a: Barraskewda|Liquidation|p2a: Checkaloo
|-damage|p2a: Checkaloo|53/100 psn
|-unboost|p2a: Checkaloo|def|1
|move|p2a: Checkaloo|Will-O-Wisp|p1a: Barraskewda
|-status|p1a: Barraskewda|brn
|
|-damage|p2a: Checkaloo|41/100 psn|[from] psn
|-damage|p1a: Barraskewda|94/100 brn|[from] brn
|upkeep
|turn|17
|
|t:|1776106192
|move|p1a: Barraskewda|Liquidation|p2a: Checkaloo
|-damage|p2a: Checkaloo|16/100 psn
|move|p2a: Checkaloo|Slack Off|p2a: Checkaloo
|-heal|p2a: Checkaloo|67/100 psn
|
|-damage|p2a: Checkaloo|54/100 psn|[from] psn
|-damage|p1a: Barraskewda|88/100 brn|[from] brn
|upkeep
|turn|18
|
|t:|1776106203
|switch|p1a: Politoed|Politoed, F|61/100
|-weather|RainDance|[from] ability: Drizzle|[of] p1a: Politoed
|move|p2a: Checkaloo|Slack Off|p2a: Checkaloo
|-heal|p2a: Checkaloo|100/100 psn
|
|-weather|RainDance|[upkeep]
|-damage|p2a: Checkaloo|88/100 psn|[from] psn
|upkeep
|turn|19
|
|t:|1776106213
|switch|p2a: Checktung|Slowking, F|100/100
|move|p1a: Politoed|Chilling Water|p2a: Checktung
|-resisted|p2a: Checktung
|-damage|p2a: Checktung|91/100
|-unboost|p2a: Checktung|atk|1
|
|-weather|RainDance|[upkeep]
|upkeep
|turn|20
|
|t:|1776106232
|switch|p1a: Tsareena|Tsareena, F|100/100
|-prepare|p2a: Checktung|Chilly Reception|[premajor]
|move|p2a: Checktung|Chilly Reception|p2a: Checktung
|-weather|Snowscape
|
|t:|1776106238
|switch|p2a: Checkaloo|Crocalor, M, tera:Flying|88/100 psn|[from] Chilly Reception
|
|-weather|Snowscape|[upkeep]
|-damage|p2a: Checkaloo|76/100 psn|[from] psn
|upkeep
|turn|21
|
|t:|1776106246
|move|p1a: Tsareena|Knock Off|p2a: Checkaloo
|-damage|p2a: Checkaloo|50/100 psn
|-enditem|p2a: Checkaloo|Eviolite|[from] move: Knock Off|[of] p1a: Tsareena
|move|p2a: Checkaloo|Fire Spin|p1a: Tsareena
|-supereffective|p1a: Tsareena
|-damage|p1a: Tsareena|86/100
|-activate|p1a: Tsareena|move: Fire Spin|[of] p2a: Checkaloo
|
|-weather|Snowscape|[upkeep]
|-damage|p2a: Checkaloo|38/100 psn|[from] psn
|-damage|p1a: Tsareena|74/100|[from] move: Fire Spin|[partiallytrapped]
|upkeep
|turn|22
|
|t:|1776106258
|move|p1a: Tsareena|Triple Axel|p2a: Checkaloo
|-supereffective|p2a: Checkaloo
|-damage|p2a: Checkaloo|21/100 psn
|-supereffective|p2a: Checkaloo
|-damage|p2a: Checkaloo|0 fnt
|faint|p2a: Checkaloo
|-hitcount|p2: Checkaloo|2
|
|-weather|Snowscape|[upkeep]
|-end|p1a: Tsareena|Fire Spin|[partiallytrapped]|[silent]
|upkeep
|c|☆abate fabs|weren't you afraid of will o wisp
|
|t:|1776106278
|switch|p2a: Check|Hatterene, F|100/100
|turn|23
|
|t:|1776106283
|move|p1a: Tsareena|Knock Off|p2a: Check
|-damage|p2a: Check|70/100
|-enditem|p2a: Check|Leftovers|[from] move: Knock Off|[of] p1a: Tsareena
|move|p2a: Check|Mystical Fire|p1a: Tsareena
|-supereffective|p1a: Tsareena
|-damage|p1a: Tsareena|41/100
|-unboost|p1a: Tsareena|spa|1
|
|-weather|Snowscape|[upkeep]
|upkeep
|turn|24
|
|t:|1776106295
|move|p1a: Tsareena|Triple Axel|p2a: Check
|-damage|p2a: Check|63/100
|-damage|p2a: Check|51/100
|-crit|p2a: Check
|-damage|p2a: Check|26/100
|-hitcount|p2a: Check|3
|move|p2a: Check|Mystical Fire|p1a: Tsareena
|-supereffective|p1a: Tsareena
|-damage|p1a: Tsareena|13/100
|-unboost|p1a: Tsareena|spa|1
|
|-weather|none
|upkeep
|turn|25
|
|t:|1776106316
|move|p1a: Tsareena|Power Whip|p2a: Check
|-damage|p2a: Check|0 fnt
|faint|p2a: Check
|
|upkeep
|
|t:|1776106331
|switch|p2a: Checking|Mandibuzz, F|60/100
|turn|26
|
|t:|1776106347
|move|p2a: Checking|Foul Play|p1a: Tsareena
|-damage|p1a: Tsareena|0 fnt
|faint|p1a: Tsareena
|
|upkeep
|
|t:|1776106355
|switch|p1a: Politoed|Politoed, F|61/100
|-weather|RainDance|[from] ability: Drizzle|[of] p1a: Politoed
|turn|27
|
|t:|1776106372
|move|p2a: Checking|Roost|p2a: Checking
|-heal|p2a: Checking|100/100
|-singleturn|p2a: Checking|move: Roost
|move|p1a: Politoed|Ice Beam|p2a: Checking
|-damage|p2a: Checking|83/100
|
|-weather|RainDance|[upkeep]
|upkeep
|turn|28
|inactive|Shoven has 120 seconds left.
|
|t:|1776106420
|switch|p1a: Moltres|Moltres|100/100
|move|p2a: Checking|Toxic|p1a: Moltres
|-status|p1a: Moltres|tox
|
|-weather|RainDance|[upkeep]
|-damage|p1a: Moltres|94/100 tox|[from] psn
|upkeep
|turn|29
|
|t:|1776106429
|move|p2a: Checking|Roost|p2a: Checking
|-heal|p2a: Checking|100/100
|-singleturn|p2a: Checking|move: Roost
|move|p1a: Moltres|Will-O-Wisp|p2a: Checking
|-status|p2a: Checking|brn
|
|-weather|RainDance|[upkeep]
|-damage|p1a: Moltres|82/100 tox|[from] psn
|-damage|p2a: Checking|94/100 brn|[from] brn
|upkeep
|turn|30
|
|t:|1776106440
|move|p2a: Checking|Foul Play|p1a: Moltres
|-damage|p1a: Moltres|69/100 tox
|move|p1a: Moltres|Hurricane|p2a: Checking
|-damage|p2a: Checking|50/100 brn
|
|-weather|RainDance|[upkeep]
|-damage|p1a: Moltres|51/100 tox|[from] psn
|-damage|p2a: Checking|44/100 brn|[from] brn
|upkeep
|turn|31
|
|t:|1776106450
|move|p2a: Checking|Roost|p2a: Checking
|-heal|p2a: Checking|94/100 brn
|-singleturn|p2a: Checking|move: Roost
|move|p1a: Moltres|Hurricane|p2a: Checking
|-damage|p2a: Checking|44/100 brn
|-start|p2a: Checking|confusion
|
|-weather|RainDance|[upkeep]
|-damage|p1a: Moltres|27/100 tox|[from] psn
|-damage|p2a: Checking|37/100 brn|[from] brn
|upkeep
|turn|32
|
|t:|1776106466
|switch|p1a: Barraskewda|Barraskewda, M|88/100 brn
|-activate|p2a: Checking|confusion
|move|p2a: Checking|Roost|p2a: Checking
|-heal|p2a: Checking|87/100 brn
|-singleturn|p2a: Checking|move: Roost
|
|-weather|RainDance|[upkeep]
|-damage|p1a: Barraskewda|82/100 brn|[from] brn
|-damage|p2a: Checking|81/100 brn|[from] brn
|upkeep
|turn|33
|
|t:|1776106477
|move|p1a: Barraskewda|Liquidation|p2a: Checking
|-damage|p2a: Checking|62/100 brn
|-unboost|p2a: Checking|def|1
|-end|p2a: Checking|confusion
|move|p2a: Checking|Foul Play|p1a: Barraskewda
|-damage|p1a: Barraskewda|27/100 brn
|
|-weather|RainDance|[upkeep]
|-damage|p1a: Barraskewda|21/100 brn|[from] brn
|-damage|p2a: Checking|55/100 brn|[from] brn
|upkeep
|turn|34
|-message|Shoven forfeited.
|
|win|abate fabs
|raw|Shoven's rating: 1339 &rarr; <strong>1318</strong><br />(-21 for losing)
|raw|abate fabs's rating: 1329 &rarr; <strong>1350</strong><br />(+21 for winning)
|l|☆Shoven
|player|p1|
|l|☆abate fabs
|player|p2|
