|html|<div class="broadcast-blue"><strong>[Gen 9] OU is currently suspecting Tera Blast! For information on how to participate check out the <a href="https://www.smogon.com/tools/suspects/view/200">suspect thread</a>.</strong></div>
|j|☆Igoodnamename
|j|☆Dihnite Issues
|t:|1776099124
|gametype|singles
|player|p1|Igoodnamename|170|1725
|player|p2|Dihnite Issues|2|1732
|gen|9
|tier|[Gen 9] OU
|rated|
|rule|HP Percentage Mod: HP is shown in percentages
|rule|Endless Battle Clause: Forcing endless battles is banned
|rule|Species Clause: Limit one of each Pokémon
|rule|OHKO Clause: OHKO moves are banned
|rule|Evasion Items Clause: Evasion items are banned
|rule|Evasion Moves Clause: Evasion moves are banned
|rule|Evasion Abilities Clause: Evasion abilities are banned
|rule|Sleep Moves Clause: Sleep-inducing moves are banned
|clearpoke
|poke|p1|Glimmora, M|
|poke|p1|Dragonite, M|
|poke|p1|Darkrai|
|poke|p1|Ogerpon-Wellspring, F|
|poke|p1|Dragapult, F|
|poke|p1|Zamazenta-*|
|poke|p2|Slowking-Galar, M|
|poke|p2|Dondozo, F|
|poke|p2|Great Tusk|
|poke|p2|Ogerpon-Wellspring, F|
|poke|p2|Zapdos|
|poke|p2|Kingambit, M|
|teampreview
|inactive|Battle timer is ON: inactive players will automatically lose when time's up. (requested by Dihnite Issues)
|
|t:|1776099158
|teamsize|p1|6
|teamsize|p2|6
|start
|switch|p1a: Glimmora|Glimmora, M|100/100
|switch|p2a: Ogerpon|Ogerpon-Wellspring, F|100/100
|turn|1
|
|t:|1776099172
|switch|p1a: Ogerpon|Ogerpon-Wellspring, F|100/100
|move|p2a: Ogerpon|Ivy Cudgel|p1a: Ogerpon|[anim] Ivy Cudgel Water
|-immune|p1a: Ogerpon|[from] ability: Water Absorb
|
|upkeep
|turn|2
|
|t:|1776099180
|switch|p2a: Zapdos|Zapdos|100/100
|move|p1a: Ogerpon|U-turn|p2a: Zapdos
|-resisted|p2a: Zapdos
|-damage|p2a: Zapdos|90/100
|
|t:|1776099184
|switch|p1a: Glimmora|Glimmora, M|100/100|[from] U-turn
|
|upkeep
|turn|3
|
|t:|1776099203
|switch|p2a: Great Tusk|Great Tusk|100/100
|move|p1a: Glimmora|Meteor Beam||[still]
|-prepare|p1a: Glimmora|Meteor Beam
|-boost|p1a: Glimmora|spa|1
|-enditem|p1a: Glimmora|Power Herb
|-anim|p1a: Glimmora|Meteor Beam|p2a: Great Tusk
|-resisted|p2a: Great Tusk
|-damage|p2a: Great Tusk|63/100
|
|-heal|p2a: Great Tusk|70/100|[from] item: Leftovers
|upkeep
|turn|4
|inactive|Dihnite Issues has 120 seconds left.
|
|t:|1776099233
|move|p2a: Great Tusk|Stealth Rock|p1a: Glimmora
|-sidestart|p1: Igoodnamename|move: Stealth Rock
|move|p1a: Glimmora|Earth Power|p2a: Great Tusk
|-damage|p2a: Great Tusk|1/100
|-unboost|p2a: Great Tusk|spd|1
|
|-heal|p2a: Great Tusk|7/100|[from] item: Leftovers
|upkeep
|turn|5
|
|t:|1776099242
|switch|p1a: Dragonite|Dragonite, M|100/100
|move|p2a: Great Tusk|Earthquake|p1a: Dragonite
|-immune|p1a: Dragonite
|
|-heal|p2a: Great Tusk|13/100|[from] item: Leftovers
|upkeep
|turn|6
|
|t:|1776099252
|-end|p2a: Great Tusk|Protosynthesis|[silent]
|switch|p2a: Zapdos|Zapdos|90/100
|move|p1a: Dragonite|Extreme Speed|p2a: Zapdos
|-damage|p2a: Zapdos|69/100
|-status|p1a: Dragonite|par|[from] ability: Static|[of] p2a: Zapdos
|
|upkeep
|turn|7
|
|t:|1776099265
|switch|p1a: Dragapult|Dragapult, F|100/100
|-damage|p1a: Dragapult|88/100|[from] Stealth Rock
|move|p2a: Zapdos|Volt Switch|p1a: Dragapult
|-resisted|p1a: Dragapult
|-damage|p1a: Dragapult|67/100
|inactive|Dihnite Issues has 120 seconds left.
|inactive|Dihnite Issues has 90 seconds left.
|
|t:|1776099319
|switch|p2a: Slowking|Slowking-Galar, M|100/100|[from] Volt Switch
|
|upkeep
|turn|8
|inactive|Dihnite Issues has 90 seconds left.
|j| Kyurem
|
|t:|1776099349
|move|p1a: Dragapult|Shadow Ball|p2a: Slowking
|-supereffective|p2a: Slowking
|-damage|p2a: Slowking|38/100
|-unboost|p2a: Slowking|spd|1
|move|p2a: Slowking|Future Sight|p1a: Dragapult
|-start|p2a: Slowking|move: Future Sight
|
|upkeep
|turn|9
|
|t:|1776099370
|switch|p2a: Kingambit|Kingambit, M, shiny|100/100
|move|p1a: Dragapult|Shadow Ball|p2a: Kingambit
|-resisted|p2a: Kingambit
|-damage|p2a: Kingambit|73/100
|
|-heal|p2a: Kingambit|79/100|[from] item: Leftovers
|upkeep
|turn|10
|inactive|Dihnite Issues has 60 seconds left.
|
|t:|1776099396
|switch|p1a: Glimmora|Glimmora, M|100/100
|-damage|p1a: Glimmora|88/100|[from] Stealth Rock
|move|p2a: Kingambit|Iron Head|p1a: Glimmora
|-supereffective|p1a: Glimmora
|-crit|p1a: Glimmora
|-damage|p1a: Glimmora|0 fnt
|-activate|p1a: Glimmora|ability: Toxic Debris
|-sidestart|p2: Dihnite Issues|move: Toxic Spikes
|faint|p1a: Glimmora
|
|-hint|Future Sight did not hit because the target is fainted.
|-heal|p2a: Kingambit|85/100|[from] item: Leftovers
|upkeep
|
|t:|1776099423
|switch|p1a: Zamazenta|Zamazenta|100/100
|-damage|p1a: Zamazenta|94/100|[from] Stealth Rock
|-ability|p1a: Zamazenta|Dauntless Shield|boost
|-boost|p1a: Zamazenta|def|1
|turn|11
|inactive|Dihnite Issues has 60 seconds left.
|inactive|Dihnite Issues has 30 seconds left.
|inactive|Dihnite Issues has 20 seconds left.
|
|t:|1776099469
|-end|p2a: Kingambit|fallenundefined|[silent]
|switch|p2a: Slowking|Slowking-Galar, M|71/100
|-sideend|p2: Dihnite Issues|move: Toxic Spikes|[of] p2a: Slowking
|move|p1a: Zamazenta|Crunch|p2a: Slowking
|-supereffective|p2a: Slowking
|-damage|p2a: Slowking|24/100
|-unboost|p2a: Slowking|def|1
|
|-heal|p1a: Zamazenta|100/100|[from] item: Leftovers
|upkeep
|turn|12
|inactive|Dihnite Issues has 30 seconds left this turn.
|inactive|Igoodnamename has 120 seconds left.
|
|t:|1776099494
|switch|p2a: Great Tusk|Great Tusk|13/100
|move|p1a: Zamazenta|Iron Defense|p1a: Zamazenta
|-boost|p1a: Zamazenta|def|2
|
|-heal|p2a: Great Tusk|20/100|[from] item: Leftovers
|upkeep
|turn|13
|inactive|Dihnite Issues has 30 seconds left.
|inactive|Dihnite Issues has 20 seconds left.
|inactive|Dihnite Issues has 15 seconds left.
|
|t:|1776099520
|-end|p2a: Great Tusk|Protosynthesis|[silent]
|switch|p2a: Zapdos|Zapdos|69/100
|move|p1a: Zamazenta|Iron Defense|p1a: Zamazenta
|-boost|p1a: Zamazenta|def|2
|
|upkeep
|turn|14
|inactive|Dihnite Issues has 25 seconds left this turn.
|inactive|Dihnite Issues has 20 seconds left.
|
|t:|1776099528
|move|p1a: Zamazenta|Iron Defense|p1a: Zamazenta
|-boost|p1a: Zamazenta|def|1
|move|p2a: Zapdos|Roost|p2a: Zapdos
|-heal|p2a: Zapdos|100/100
|-singleturn|p2a: Zapdos|move: Roost
|
|upkeep
|turn|15
|inactive|Dihnite Issues has 30 seconds left this turn.
|
|t:|1776099535
|move|p2a: Zapdos|Thunder Wave|p1a: Zamazenta
|-status|p1a: Zamazenta|par
|cant|p1a: Zamazenta|par
|
|upkeep
|turn|16
|inactive|Dihnite Issues has 30 seconds left.
|inactive|Dihnite Issues has 20 seconds left.
|
|t:|1776099556
|move|p2a: Zapdos|Hurricane|p1a: Zamazenta
|-supereffective|p1a: Zamazenta
|-damage|p1a: Zamazenta|25/100 par
|move|p1a: Zamazenta|Body Press|p2a: Zapdos
|-resisted|p2a: Zapdos
|-damage|p2a: Zapdos|54/100
|
|-heal|p1a: Zamazenta|31/100 par|[from] item: Leftovers
|upkeep
|turn|17
|inactive|Dihnite Issues has 30 seconds left this turn.
|
|t:|1776099565
|switch|p1a: Darkrai|Darkrai|100/100
|-damage|p1a: Darkrai|88/100|[from] Stealth Rock
|move|p2a: Zapdos|Roost|p2a: Zapdos
|-heal|p2a: Zapdos|100/100
|-singleturn|p2a: Zapdos|move: Roost
|
|upkeep
|turn|18
|inactive|Dihnite Issues has 30 seconds left.
|
|t:|1776099575
|switch|p2a: Great Tusk|Great Tusk|20/100
|move|p1a: Darkrai|Ice Beam|p2a: Great Tusk
|-supereffective|p2a: Great Tusk
|-damage|p2a: Great Tusk|0 fnt
|faint|p2a: Great Tusk
|-end|p2a: Great Tusk|Protosynthesis|[silent]
|
|upkeep
|inactive|Dihnite Issues has 30 seconds left this turn.
|inactive|Dihnite Issues has 20 seconds left.
|inactive|Dihnite Issues has 15 seconds left.
|inactive|Dihnite Issues has 10 seconds left.
|
|t:|1776099598
|switch|p2a: Ogerpon|Ogerpon-Wellspring, F|100/100
|turn|19
|inactive|Dihnite Issues has 20 seconds left this turn.
|j| gym locker smells
|inactive|Dihnite Issues has 15 seconds left.
|
|t:|1776099607
|move|p1a: Darkrai|Dark Pulse|p2a: Ogerpon
|-damage|p2a: Ogerpon|44/100
|move|p2a: Ogerpon|Play Rough|p1a: Darkrai
|-supereffective|p1a: Darkrai
|-damage|p1a: Darkrai|0 fnt
|faint|p1a: Darkrai
|
|upkeep
|
|t:|1776099614
|switch|p1a: Dragapult|Dragapult, F|67/100
|-damage|p1a: Dragapult|55/100|[from] Stealth Rock
|turn|20
|inactive|Dihnite Issues has 30 seconds left this turn.
|inactive|Dihnite Issues has 20 seconds left.
|inactive|Dihnite Issues has 15 seconds left.
|
|t:|1776099631
|switch|p2a: Slowking|Slowking-Galar, M|57/100
|move|p1a: Dragapult|U-turn|p2a: Slowking
|-damage|p2a: Slowking|40/100
|
|t:|1776099636
|switch|p1a: Ogerpon|Ogerpon-Wellspring, F|100/100|[from] U-turn
|-damage|p1a: Ogerpon|88/100|[from] Stealth Rock
|
|upkeep
|turn|21
|inactive|Dihnite Issues has 30 seconds left this turn.
|inactive|Dihnite Issues has 20 seconds left.
|inactive|Dihnite Issues has 15 seconds left.
|l| Kyurem
|
|t:|1776099656
|-terastallize|p1a: Ogerpon|Water
|detailschange|p1a: Ogerpon|Ogerpon-Wellspring-Tera, F, tera:Water
|-ability|p1a: Ogerpon|Embody Aspect (Wellspring)|boost
|-boost|p1a: Ogerpon|spd|1
|move|p1a: Ogerpon|Ivy Cudgel|p2a: Slowking|[anim] Ivy Cudgel Water
|-damage|p2a: Slowking|0 fnt
|faint|p2a: Slowking
|
|upkeep
|inactive|Dihnite Issues has 20 seconds left this turn.
|inactive|Dihnite Issues has 15 seconds left.
|inactive|Dihnite Issues has 10 seconds left.
|
|t:|1776099671
|switch|p2a: Zapdos|Zapdos|100/100
|turn|22
|inactive|Dihnite Issues has 20 seconds left this turn.
|
|t:|1776099675
|switch|p1a: Zamazenta|Zamazenta|31/100 par
|-damage|p1a: Zamazenta|25/100 par|[from] Stealth Rock
|move|p2a: Zapdos|Thunder Wave|p1a: Zamazenta
|-fail|p1a: Zamazenta|par
|
|-heal|p1a: Zamazenta|31/100 par|[from] item: Leftovers
|upkeep
|turn|23
|inactive|Dihnite Issues has 30 seconds left this turn.
|
|t:|1776099683
|move|p2a: Zapdos|Hurricane|p1a: Zamazenta|[miss]
|-miss|p2a: Zapdos|p1a: Zamazenta
|move|p1a: Zamazenta|Crunch|p2a: Zapdos
|-damage|p2a: Zapdos|84/100
|
|-heal|p1a: Zamazenta|37/100 par|[from] item: Leftovers
|upkeep
|turn|24
|
|t:|1776099689
|move|p2a: Zapdos|Hurricane|p1a: Zamazenta|[miss]
|-miss|p2a: Zapdos|p1a: Zamazenta
|move|p1a: Zamazenta|Crunch|p2a: Zapdos
|-damage|p2a: Zapdos|69/100
|
|-heal|p1a: Zamazenta|43/100 par|[from] item: Leftovers
|upkeep
|turn|25
|
|t:|1776099702
|move|p2a: Zapdos|Roost|p2a: Zapdos
|-heal|p2a: Zapdos|100/100
|-singleturn|p2a: Zapdos|move: Roost
|move|p1a: Zamazenta|Crunch|p2a: Zapdos
|-damage|p2a: Zapdos|85/100
|-unboost|p2a: Zapdos|def|1
|
|-heal|p1a: Zamazenta|49/100 par|[from] item: Leftovers
|upkeep
|turn|26
|j| 70to90gxe
|
|t:|1776099714
|move|p2a: Zapdos|Hurricane|p1a: Zamazenta
|-supereffective|p1a: Zamazenta
|-damage|p1a: Zamazenta|0 fnt
|faint|p1a: Zamazenta
|
|upkeep
|
|t:|1776099724
|switch|p1a: Ogerpon|Ogerpon-Wellspring-Tera, F, tera:Water|88/100
|-damage|p1a: Ogerpon|76/100|[from] Stealth Rock
|-ability|p1a: Ogerpon|Embody Aspect (Wellspring)|boost
|-boost|p1a: Ogerpon|spd|1
|turn|27
|
|t:|1776099735
|switch|p2a: Ogerpon|Ogerpon-Wellspring, F|44/100
|move|p1a: Ogerpon|U-turn|p2a: Ogerpon
|-supereffective|p2a: Ogerpon
|-damage|p2a: Ogerpon|0 fnt
|faint|p2a: Ogerpon
|
|t:|1776099742
|switch|p1a: Dragapult|Dragapult, F|55/100|[from] U-turn
|-damage|p1a: Dragapult|42/100|[from] Stealth Rock
|
|upkeep
|
|t:|1776099770
|switch|p2a: Dondozo|Dondozo, F|100/100
|turn|28
|inactive|Dihnite Issues has 30 seconds left.
|
|t:|1776099787
|move|p1a: Dragapult|Draco Meteor|p2a: Dondozo
|-crit|p2a: Dondozo
|-damage|p2a: Dondozo|13/100
|-unboost|p1a: Dragapult|spa|2
|move|p2a: Dondozo|Liquidation|p1a: Dragapult
|-resisted|p1a: Dragapult
|-damage|p1a: Dragapult|22/100
|
|-heal|p2a: Dondozo|19/100|[from] item: Leftovers
|upkeep
|turn|29
|
|t:|1776099797
|switch|p1a: Ogerpon|Ogerpon-Wellspring-Tera, F, tera:Water|76/100
|-damage|p1a: Ogerpon|64/100|[from] Stealth Rock
|-ability|p1a: Ogerpon|Embody Aspect (Wellspring)|boost
|-boost|p1a: Ogerpon|spd|1
|move|p2a: Dondozo|Liquidation|p1a: Ogerpon
|-resisted|p1a: Ogerpon
|-damage|p1a: Ogerpon|45/100
|
|-heal|p2a: Dondozo|25/100|[from] item: Leftovers
|upkeep
|turn|30
|inactive|Dihnite Issues has 30 seconds left.
|
|t:|1776099818
|move|p1a: Ogerpon|Knock Off|p2a: Dondozo
|-damage|p2a: Dondozo|1/100
|-enditem|p2a: Dondozo|Leftovers|[from] move: Knock Off|[of] p1a: Ogerpon
|move|p2a: Dondozo|Liquidation|p1a: Ogerpon
|-resisted|p1a: Ogerpon
|-damage|p1a: Ogerpon|27/100
|-unboost|p1a: Ogerpon|def|1
|
|upkeep
|turn|31
|inactive|Dihnite Issues has 30 seconds left.
|
|t:|1776099825
|move|p1a: Ogerpon|Ivy Cudgel|p2a: Dondozo|[anim] Ivy Cudgel Water
|-resisted|p2a: Dondozo
|-damage|p2a: Dondozo|0 fnt
|faint|p2a: Dondozo
|
|upkeep
|inactive|Dihnite Issues has 30 seconds left.
|inactive|Dihnite Issues has 20 seconds left.
|inactive|Dihnite Issues has 15 seconds left.
|inactive|Dihnite Issues has 10 seconds left.
|
|t:|1776099852
|switch|p2a: Zapdos|Zapdos|85/100
|turn|32
|inactive|Dihnite Issues has 20 seconds left this turn.
|
|t:|1776099856
|move|p1a: Ogerpon|Ivy Cudgel|p2a: Zapdos|[anim] Ivy Cudgel Water
|-damage|p2a: Zapdos|30/100
|move|p2a: Zapdos|Volt Switch|p1a: Ogerpon
|-supereffective|p1a: Ogerpon
|-damage|p1a: Ogerpon|0 fnt
|faint|p1a: Ogerpon
|detailschange|p1: Ogerpon|Ogerpon-Wellspring, F|[silent]
|inactive|Dihnite Issues has 25 seconds left this turn.
|
|t:|1776099861
|switch|p2a: Kingambit|Kingambit, M, shiny|85/100|[from] Volt Switch
|-activate|p2a: Kingambit|ability: Supreme Overlord
|-start|p2a: Kingambit|fallen4|[silent]
|
|-heal|p2a: Kingambit|91/100|[from] item: Leftovers
|upkeep
|
|t:|1776099864
|switch|p1a: Dragonite|Dragonite, M|100/100 par
|turn|33
|
|t:|1776099872
|-terastallize|p2a: Kingambit|Ghost
|move|p2a: Kingambit|Swords Dance|p2a: Kingambit
|-boost|p2a: Kingambit|atk|2
|move|p1a: Dragonite|Ice Spinner|p2a: Kingambit
|-damage|p2a: Kingambit|69/100
|
|-heal|p2a: Kingambit|75/100|[from] item: Leftovers
|upkeep
|turn|34
|
|t:|1776099882
|move|p2a: Kingambit|Kowtow Cleave|p1a: Dragonite
|-damage|p1a: Dragonite|21/100 par
|cant|p1a: Dragonite|par
|
|-heal|p2a: Kingambit|81/100|[from] item: Leftovers
|upkeep
|turn|35
|
|t:|1776099889
|move|p2a: Kingambit|Kowtow Cleave|p1a: Dragonite
|-crit|p1a: Dragonite
|-damage|p1a: Dragonite|0 fnt
|faint|p1a: Dragonite
|
|-heal|p2a: Kingambit|87/100|[from] item: Leftovers
|upkeep
|
|t:|1776099892
|switch|p1a: Dragapult|Dragapult, F|22/100
|-damage|p1a: Dragapult|9/100|[from] Stealth Rock
|turn|36
|
|t:|1776099899
|move|p2a: Kingambit|Sucker Punch|p1a: Dragapult
|-supereffective|p1a: Dragapult
|-damage|p1a: Dragapult|0 fnt
|faint|p1a: Dragapult
|
|win|Dihnite Issues
|raw|Igoodnamename's rating: 1725 &rarr; <strong>1705</strong><br />(-20 for losing)
|raw|Dihnite Issues's rating: 1732 &rarr; <strong>1752</strong><br />(+20 for winning)
|c|☆Dihnite Issues|gg
|l|☆Igoodnamename
|player|p1|
|c|☆Dihnite Issues|did better then i thought
|c|☆Dihnite Issues|lmaooo
