|html|<div class="broadcast-blue"><strong>[Gen 9] OU is currently suspecting Tera Blast! For information on how to participate check out the <a href="https://www.smogon.com/tools/suspects/view/200">suspect thread</a>.</strong></div>
|j|☆Skiddris
|j|☆dummydraedon
|t:|1776067235
|gametype|singles
|player|p1|Skiddris|artist|1495
|player|p2|dummydraedon|266|1467
|gen|9
|tier|[Gen 9] OU
|rated|
|rule|HP Percentage Mod: HP is shown in percentages
|rule|Endless Battle Clause: Forcing endless battles is banned
|rule|Species Clause: Limit one of each Pokémon
|rule|OHKO Clause: OHKO moves are banned
|rule|Evasion Items Clause: Evasion items are banned
|rule|Evasion Moves Clause: Evasion moves are banned
|rule|Evasion Abilities Clause: Evasion abilities are banned
|rule|Sleep Moves Clause: Sleep-inducing moves are banned
|clearpoke
|poke|p1|Ribombee, F|
|poke|p1|Cinderace, M|
|poke|p1|Serperior, M|
|poke|p1|Mimikyu, M|
|poke|p1|Dragapult, F|
|poke|p1|Bisharp, F|
|poke|p2|Vaporeon, F|
|poke|p2|Tinkaton, F|
|poke|p2|Pelipper, M|
|poke|p2|Excadrill, M|
|poke|p2|Barraskewda, M|
|poke|p2|Zoroark-Hisui, M|
|teampreview
|inactive|Battle timer is ON: inactive players will automatically lose when time's up. (requested by Skiddris)
|j| ohko_smeargle
|
|t:|1776067245
|teamsize|p1|6
|teamsize|p2|6
|start
|switch|p1a: Sticky goes Brrr|Ribombee, F, shiny|100/100
|switch|p2a: I smash vap|Tinkaton, F, shiny|100/100
|turn|1
|
|t:|1776067253
|move|p2a: I smash vap|Trick|p1a: Sticky goes Brrr
|-activate|p2a: I smash vap|move: Trick|[of] p1a: Sticky goes Brrr
|-item|p1a: Sticky goes Brrr|Choice Scarf|[from] move: Trick
|-item|p2a: I smash vap|Focus Sash|[from] move: Trick
|move|p1a: Sticky goes Brrr|Sticky Web|p2a: I smash vap
|-sidestart|p2: dummydraedon|move: Sticky Web
|
|upkeep
|turn|2
|
|t:|1776067279
|switch|p1a: why no kingambit?|Bisharp, F|100/100
|move|p2a: I smash vap|Will-O-Wisp|p1a: why no kingambit?|[miss]
|-miss|p2a: I smash vap|p1a: why no kingambit?
|
|upkeep
|turn|3
|
|t:|1776067291
|switch|p1a: VendVoiture|Cinderace, M|100/100
|move|p2a: I smash vap|Will-O-Wisp|p1a: VendVoiture
|-immune|p1a: VendVoiture
|
|upkeep
|turn|4
|
|t:|1776067299
|switch|p2a: vap|Vaporeon, F|100/100
|-activate|p2a: vap|move: Sticky Web
|-unboost|p2a: vap|spe|1
|move|p1a: VendVoiture|Pyro Ball|p2a: vap
|-resisted|p2a: vap
|-damage|p2a: vap|80/100
|
|-heal|p2a: vap|86/100|[from] item: Leftovers
|upkeep
|turn|5
|
|t:|1776067313
|move|p1a: VendVoiture|U-turn|p2a: vap
|-damage|p2a: vap|70/100
|
|t:|1776067319
|switch|p1a: B-2 Spirit|Dragapult, F|100/100|[from] U-turn
|move|p2a: vap|Scald|p1a: B-2 Spirit
|-resisted|p1a: B-2 Spirit
|-damage|p1a: B-2 Spirit|80/100
|
|-heal|p2a: vap|77/100|[from] item: Leftovers
|upkeep
|turn|6
|
|t:|1776067322
|move|p1a: B-2 Spirit|Thunderbolt|p2a: vap
|-supereffective|p2a: vap
|-damage|p2a: vap|28/100
|-damage|p1a: B-2 Spirit|70/100|[from] item: Life Orb
|move|p2a: vap|Wish|p2a: vap
|
|-heal|p2a: vap|35/100|[from] item: Leftovers
|upkeep
|turn|7
|
|t:|1776067326
|move|p2a: vap|Protect|p2a: vap
|-singleturn|p2a: vap|Protect
|move|p1a: B-2 Spirit|Thunderbolt|p2a: vap
|-activate|p2a: vap|move: Protect
|
|-heal|p2a: vap|85/100|[from] move: Wish|[wisher] vap
|-heal|p2a: vap|91/100|[from] item: Leftovers
|upkeep
|turn|8
|
|t:|1776067340
|switch|p1a: Sticky goes Brrr|Ribombee, F, shiny|100/100
|move|p2a: vap|Wish|p2a: vap
|
|-heal|p2a: vap|97/100|[from] item: Leftovers
|upkeep
|turn|9
|
|t:|1776067343
|move|p1a: Sticky goes Brrr|Psychic Noise|p2a: vap
|-damage|p2a: vap|80/100
|-start|p2a: vap|move: Heal Block
|move|p2a: vap|Scald|p1a: Sticky goes Brrr
|-damage|p1a: Sticky goes Brrr|51/100
|
|upkeep
|turn|10
|
|t:|1776067347
|move|p1a: Sticky goes Brrr|Psychic Noise|p2a: vap
|-damage|p2a: vap|63/100
|move|p2a: vap|Scald|p1a: Sticky goes Brrr
|-damage|p1a: Sticky goes Brrr|0 fnt
|faint|p1a: Sticky goes Brrr
|
|-end|p2a: vap|move: Heal Block
|upkeep
|
|t:|1776067351
|switch|p1a: B-2 Spirit|Dragapult, F|70/100
|turn|11
|
|t:|1776067354
|move|p2a: vap|Protect|p2a: vap
|-singleturn|p2a: vap|Protect
|move|p1a: B-2 Spirit|Thunderbolt|p2a: vap
|-activate|p2a: vap|move: Protect
|
|-heal|p2a: vap|69/100|[from] item: Leftovers
|upkeep
|turn|12
|
|t:|1776067357
|move|p1a: B-2 Spirit|Thunderbolt|p2a: vap
|-supereffective|p2a: vap
|-damage|p2a: vap|13/100
|-damage|p1a: B-2 Spirit|60/100|[from] item: Life Orb
|move|p2a: vap|Wish|p2a: vap
|
|-heal|p2a: vap|19/100|[from] item: Leftovers
|upkeep
|turn|13
|
|t:|1776067362
|move|p2a: vap|Protect|p2a: vap
|-singleturn|p2a: vap|Protect
|move|p1a: B-2 Spirit|Thunderbolt|p2a: vap
|-activate|p2a: vap|move: Protect
|
|-heal|p2a: vap|69/100|[from] move: Wish|[wisher] vap
|-heal|p2a: vap|75/100|[from] item: Leftovers
|upkeep
|turn|14
|
|t:|1776067370
|move|p1a: B-2 Spirit|Thunderbolt|p2a: vap
|-supereffective|p2a: vap
|-damage|p2a: vap|27/100
|-damage|p1a: B-2 Spirit|50/100|[from] item: Life Orb
|move|p2a: vap|Wish|p2a: vap
|
|-heal|p2a: vap|33/100|[from] item: Leftovers
|upkeep
|turn|15
|
|t:|1776067374
|switch|p1a: Hmmm so cozy|Serperior, M|100/100
|move|p2a: vap|Protect||[still]
|-fail|p2a: vap
|
|-heal|p2a: vap|83/100|[from] move: Wish|[wisher] vap
|-heal|p2a: vap|89/100|[from] item: Leftovers
|upkeep
|turn|16
|
|t:|1776067377
|-terastallize|p2a: vap|Poison
|move|p1a: Hmmm so cozy|Leaf Storm|p2a: vap
|-resisted|p2a: vap
|-crit|p2a: vap
|-damage|p2a: vap|61/100
|-boost|p1a: Hmmm so cozy|spa|2
|move|p2a: vap|Scald|p1a: Hmmm so cozy
|-resisted|p1a: Hmmm so cozy
|-damage|p1a: Hmmm so cozy|81/100
|-status|p1a: Hmmm so cozy|brn
|
|-heal|p1a: Hmmm so cozy|87/100 brn|[from] item: Leftovers
|-heal|p2a: vap|67/100|[from] item: Leftovers
|-damage|p1a: Hmmm so cozy|81/100 brn|[from] brn
|upkeep
|turn|17
|
|t:|1776067388
|move|p1a: Hmmm so cozy|Leaf Storm|p2a: vap|[miss]
|-miss|p1a: Hmmm so cozy|p2a: vap
|move|p2a: vap|Haze|p2a: vap
|-clearallboost
|
|-heal|p1a: Hmmm so cozy|87/100 brn|[from] item: Leftovers
|-heal|p2a: vap|73/100|[from] item: Leftovers
|-damage|p1a: Hmmm so cozy|81/100 brn|[from] brn
|upkeep
|turn|18
|
|t:|1776067397
|move|p1a: Hmmm so cozy|Leaf Storm|p2a: vap
|-resisted|p2a: vap
|-damage|p2a: vap|55/100
|-boost|p1a: Hmmm so cozy|spa|2
|move|p2a: vap|Wish|p2a: vap
|
|-heal|p1a: Hmmm so cozy|87/100 brn|[from] item: Leftovers
|-heal|p2a: vap|61/100|[from] item: Leftovers
|-damage|p1a: Hmmm so cozy|81/100 brn|[from] brn
|upkeep
|turn|19
|
|t:|1776067402
|move|p1a: Hmmm so cozy|Leaf Storm|p2a: vap
|-resisted|p2a: vap
|-damage|p2a: vap|28/100
|-boost|p1a: Hmmm so cozy|spa|2
|move|p2a: vap|Haze|p2a: vap
|-clearallboost
|
|-heal|p2a: vap|78/100|[from] move: Wish|[wisher] vap
|-heal|p1a: Hmmm so cozy|87/100 brn|[from] item: Leftovers
|-heal|p2a: vap|84/100|[from] item: Leftovers
|-damage|p1a: Hmmm so cozy|81/100 brn|[from] brn
|upkeep
|turn|20
|
|t:|1776067418
|move|p1a: Hmmm so cozy|Leaf Storm|p2a: vap
|-resisted|p2a: vap
|-damage|p2a: vap|65/100
|-boost|p1a: Hmmm so cozy|spa|2
|move|p2a: vap|Scald|p1a: Hmmm so cozy
|-resisted|p1a: Hmmm so cozy
|-damage|p1a: Hmmm so cozy|62/100 brn
|
|-heal|p1a: Hmmm so cozy|68/100 brn|[from] item: Leftovers
|-heal|p2a: vap|72/100|[from] item: Leftovers
|-damage|p1a: Hmmm so cozy|62/100 brn|[from] brn
|upkeep
|turn|21
|
|t:|1776067423
|switch|p1a: B-2 Spirit|Dragapult, F|50/100
|move|p2a: vap|Protect||[still]
|-fail|p2a: vap
|
|-heal|p2a: vap|78/100|[from] item: Leftovers
|upkeep
|turn|22
|
|t:|1776067427
|move|p1a: B-2 Spirit|Dragon Darts|p2a: vap
|-damage|p2a: vap|58/100
|-anim|p1a: B-2 Spirit|Dragon Darts|p2a: vap
|-damage|p2a: vap|40/100
|-damage|p1a: B-2 Spirit|41/100|[from] item: Life Orb
|move|p2a: vap|Wish|p2a: vap
|
|-heal|p2a: vap|46/100|[from] item: Leftovers
|upkeep
|turn|23
|
|t:|1776067431
|move|p1a: B-2 Spirit|Dragon Darts|p2a: vap
|-damage|p2a: vap|28/100
|-anim|p1a: B-2 Spirit|Dragon Darts|p2a: vap
|-damage|p2a: vap|8/100
|-damage|p1a: B-2 Spirit|31/100|[from] item: Life Orb
|move|p2a: vap|Scald|p1a: B-2 Spirit
|-resisted|p1a: B-2 Spirit
|-crit|p1a: B-2 Spirit
|-damage|p1a: B-2 Spirit|0 fnt
|faint|p1a: B-2 Spirit
|
|-heal|p2a: vap|58/100|[from] move: Wish|[wisher] vap
|-heal|p2a: vap|64/100|[from] item: Leftovers
|upkeep
|
|t:|1776067450
|switch|p1a: Introvert boy|Mimikyu, M|100/100
|turn|24
|
|t:|1776067453
|move|p1a: Introvert boy|Will-O-Wisp|p2a: vap
|-status|p2a: vap|brn
|move|p2a: vap|Wish|p2a: vap
|
|-heal|p2a: vap|70/100 brn|[from] item: Leftovers
|-damage|p2a: vap|64/100 brn|[from] brn
|upkeep
|turn|25
|
|t:|1776067461
|move|p1a: Introvert boy|Shadow Claw|p2a: vap
|-damage|p2a: vap|42/100 brn
|move|p2a: vap|Scald|p1a: Introvert boy
|-activate|p1a: Introvert boy|ability: Disguise
|-damage|p1a: Introvert boy|100/100
|detailschange|p1a: Introvert boy|Mimikyu-Busted, M
|-damage|p1a: Introvert boy|88/100|[from] pokemon: Mimikyu-Busted
|-enditem|p1a: Introvert boy|Red Card|[of] p2a: vap
|drag|p2a: bird in vap|Pelipper, M|100/100
|-weather|RainDance|[from] ability: Drizzle|[of] p2a: bird in vap
|
|-weather|RainDance|[upkeep]
|upkeep
|turn|26
|
|t:|1776067468
|move|p2a: bird in vap|Hydro Pump|p1a: Introvert boy|[miss]
|-miss|p2a: bird in vap|p1a: Introvert boy
|move|p1a: Introvert boy|Play Rough|p2a: bird in vap
|-crit|p2a: bird in vap
|-damage|p2a: bird in vap|30/100
|
|-weather|RainDance|[upkeep]
|upkeep
|turn|27
|
|t:|1776067476
|move|p2a: bird in vap|Hydro Pump|p1a: Introvert boy
|-damage|p1a: Introvert boy|0 fnt
|faint|p1a: Introvert boy
|
|-weather|RainDance|[upkeep]
|upkeep
|
|t:|1776067484
|switch|p1a: Hmmm so cozy|Serperior, M|62/100 brn
|turn|28
|
|t:|1776067487
|move|p2a: bird in vap|Hydro Pump|p1a: Hmmm so cozy
|-resisted|p1a: Hmmm so cozy
|-damage|p1a: Hmmm so cozy|18/100 brn
|move|p1a: Hmmm so cozy|Leaf Storm|p2a: bird in vap
|-damage|p2a: bird in vap|0 fnt
|-boost|p1a: Hmmm so cozy|spa|2
|faint|p2a: bird in vap
|
|-weather|RainDance|[upkeep]
|-heal|p1a: Hmmm so cozy|25/100 brn|[from] item: Leftovers
|-damage|p1a: Hmmm so cozy|18/100 brn|[from] brn
|upkeep
|
|t:|1776067495
|switch|p2a: fish in vap|Barraskewda, M|100/100
|-activate|p2a: fish in vap|move: Sticky Web
|-unboost|p2a: fish in vap|spe|1
|turn|29
|
|t:|1776067505
|switch|p1a: why no kingambit?|Bisharp, F|100/100
|move|p2a: fish in vap|Liquidation|p1a: why no kingambit?
|-damage|p1a: why no kingambit?|35/100
|-damage|p2a: fish in vap|91/100|[from] item: Life Orb
|
|-weather|none
|upkeep
|turn|30
|
|t:|1776067512
|move|p2a: fish in vap|Aqua Jet|p1a: why no kingambit?
|-damage|p1a: why no kingambit?|14/100
|-damage|p2a: fish in vap|81/100|[from] item: Life Orb
|move|p1a: why no kingambit?|Sucker Punch||[still]
|-fail|p1a: why no kingambit?
|
|upkeep
|turn|31
|
|t:|1776067516
|move|p2a: fish in vap|Aqua Jet|p1a: why no kingambit?
|-damage|p1a: why no kingambit?|0 fnt
|faint|p1a: why no kingambit?
|-damage|p2a: fish in vap|71/100|[from] item: Life Orb
|
|upkeep
|
|t:|1776067521
|switch|p1a: Hmmm so cozy|Serperior, M|18/100 brn
|turn|32
|
|t:|1776067524
|move|p2a: fish in vap|Aqua Jet|p1a: Hmmm so cozy
|-resisted|p1a: Hmmm so cozy
|-damage|p1a: Hmmm so cozy|2/100 brn
|-damage|p2a: fish in vap|61/100|[from] item: Life Orb
|move|p1a: Hmmm so cozy|Leaf Storm|p2a: fish in vap
|-supereffective|p2a: fish in vap
|-damage|p2a: fish in vap|0 fnt
|-boost|p1a: Hmmm so cozy|spa|2
|faint|p2a: fish in vap
|
|-heal|p1a: Hmmm so cozy|8/100 brn|[from] item: Leftovers
|-damage|p1a: Hmmm so cozy|2/100 brn|[from] brn
|upkeep
|
|t:|1776067533
|switch|p2a: I smash vap|Tinkaton, F, shiny|100/100
|-activate|p2a: I smash vap|move: Sticky Web
|-unboost|p2a: I smash vap|spe|1
|turn|33
|
|t:|1776067542
|switch|p2a: I smash vap|Tinkaton, F, shiny|100/100
|-activate|p2a: I smash vap|move: Sticky Web
|-unboost|p2a: I smash vap|spe|1
|-ability|p2a: I smash vap|Mold Breaker
|-terastallize|p1a: Hmmm so cozy|Fire
|move|p1a: Hmmm so cozy|Tera Blast|p2a: I smash vap|[anim] Tera Blast Fire
|-supereffective|p2a: I smash vap
|-damage|p2a: I smash vap|18/100
|
|-heal|p1a: Hmmm so cozy|8/100 brn|[from] item: Leftovers
|-heal|p2a: I smash vap|24/100|[from] item: Leftovers
|-damage|p1a: Hmmm so cozy|2/100 brn|[from] brn
|upkeep
|turn|34
|
|t:|1776067555
|move|p1a: Hmmm so cozy|Tera Blast|p2a: I smash vap|[anim] Tera Blast Fire
|-supereffective|p2a: I smash vap
|-damage|p2a: I smash vap|0 fnt
|faint|p2a: I smash vap
|
|-heal|p1a: Hmmm so cozy|8/100 brn|[from] item: Leftovers
|-damage|p1a: Hmmm so cozy|2/100 brn|[from] brn
|upkeep
|
|t:|1776067565
|switch|p2a: vap|Vaporeon, F, tera:Poison|42/100 brn
|-activate|p2a: vap|move: Sticky Web
|-unboost|p2a: vap|spe|1
|turn|35
|
|t:|1776067573
|move|p2a: vap|Protect|p2a: vap
|-singleturn|p2a: vap|Protect
|move|p1a: Hmmm so cozy|Tera Blast|p2a: vap|[anim] Tera Blast Fire
|-activate|p2a: vap|move: Protect
|
|-heal|p1a: Hmmm so cozy|8/100 brn|[from] item: Leftovers
|-heal|p2a: vap|48/100 brn|[from] item: Leftovers
|-damage|p1a: Hmmm so cozy|2/100 brn|[from] brn
|-damage|p2a: vap|42/100 brn|[from] brn
|upkeep
|turn|36
|
|t:|1776067577
|move|p1a: Hmmm so cozy|Tera Blast|p2a: vap|[anim] Tera Blast Fire
|-damage|p2a: vap|0 fnt
|faint|p2a: vap
|
|-heal|p1a: Hmmm so cozy|8/100 brn|[from] item: Leftovers
|-damage|p1a: Hmmm so cozy|2/100 brn|[from] brn
|upkeep
|
|t:|1776067581
|switch|p2a: digging in vap|Excadrill, M, shiny|100/100
|-activate|p2a: digging in vap|move: Sticky Web
|-unboost|p2a: digging in vap|spe|1
|turn|37
|
|t:|1776067590
|move|p1a: Hmmm so cozy|Tera Blast|p2a: digging in vap|[anim] Tera Blast Fire
|-enditem|p2a: digging in vap|Focus Sash
|-damage|p2a: digging in vap|1/100
|replace|p2a: i think im vap|Zoroark-Hisui, M
|-end|p2a: i think im vap|Illusion
|move|p2a: i think im vap|Hex|p1a: Hmmm so cozy
|-damage|p1a: Hmmm so cozy|0 fnt
|faint|p1a: Hmmm so cozy
|
|upkeep
|
|t:|1776067593
|switch|p1a: VendVoiture|Cinderace, M|100/100
|turn|38
|
|t:|1776067598
|move|p1a: VendVoiture|U-turn|p2a: i think im vap
|-resisted|p2a: i think im vap
|-damage|p2a: i think im vap|0 fnt
|faint|p2a: i think im vap
|
|upkeep
|
|t:|1776067600
|switch|p2a: digging in vap|Excadrill, M, shiny|100/100
|-ability|p2a: digging in vap|Mold Breaker
|-item|p2a: digging in vap|Air Balloon
|turn|39
|
|t:|1776067603
|move|p1a: VendVoiture|Pyro Ball|p2a: digging in vap
|-supereffective|p2a: digging in vap
|-damage|p2a: digging in vap|0 fnt
|-enditem|p2a: digging in vap|Air Balloon
|faint|p2a: digging in vap
|
|win|Skiddris
|raw|Skiddris's rating: 1495 &rarr; <strong>1513</strong><br />(+18 for winning)
|raw|dummydraedon's rating: 1467 &rarr; <strong>1449</strong><br />(-18 for losing)
|l| ohko_smeargle
|c|☆dummydraedon|gg
|c|☆Skiddris|gg
|c|☆Skiddris|close one
|c|☆dummydraedon|yee
|c|☆dummydraedon|vap is the cutest
|c|☆Skiddris|yeah got a hard time passing it
|c|☆dummydraedon|have a good day now >:D
|c|☆Skiddris|i usually reverse the sticky to get past the wall
|c|☆Skiddris|but here i couldn't :(
|c|☆dummydraedon|I see
|c|☆dummydraedon|hope you win some more matches, imma go bye bye
|c|☆dummydraedon|ggss!
|l|☆dummydraedon
|player|p2|
|c|☆Skiddris|see ya
|l|☆Skiddris
|player|p1|
