|html|<div class="broadcast-blue"><strong>[Gen 9] OU is currently suspecting Tera Blast! For information on how to participate check out the <a href="https://www.smogon.com/tools/suspects/view/200">suspect thread</a>.</strong></div>
|j|☆BAzz Barge
|j|☆snorlaxated
|t:|1776080188
|gametype|singles
|player|p1|BAzz Barge|benga|1291
|player|p2|snorlaxated|elesa|1300
|gen|9
|tier|[Gen 9] OU
|rated|
|rule|HP Percentage Mod: HP is shown in percentages
|rule|Endless Battle Clause: Forcing endless battles is banned
|rule|Species Clause: Limit one of each Pokémon
|rule|OHKO Clause: OHKO moves are banned
|rule|Evasion Items Clause: Evasion items are banned
|rule|Evasion Moves Clause: Evasion moves are banned
|rule|Evasion Abilities Clause: Evasion abilities are banned
|rule|Sleep Moves Clause: Sleep-inducing moves are banned
|clearpoke
|poke|p1|Tyranitar, M|
|poke|p1|Excadrill, M|
|poke|p1|Dragapult, M|
|poke|p1|Ogerpon-Wellspring, F|
|poke|p1|Great Tusk|
|poke|p1|Iron Moth|
|poke|p2|Volcanion|
|poke|p2|Pelipper, M|
|poke|p2|Iron Treads|
|poke|p2|Dragapult, M|
|poke|p2|Overqwil, M|
|poke|p2|Iron Valiant|
|teampreview
|inactive|Battle timer is ON: inactive players will automatically lose when time's up. (requested by snorlaxated)
|inactive|BAzz Barge has 120 seconds left.
|
|t:|1776080218
|teamsize|p1|6
|teamsize|p2|6
|start
|switch|p1a: Dragapult|Dragapult, M|100/100
|switch|p2a: Volcanion|Volcanion|100/100
|turn|1
|
|t:|1776080242
|move|p1a: Dragapult|Draco Meteor|p2a: Volcanion
|-damage|p2a: Volcanion|9/100
|-unboost|p1a: Dragapult|spa|2
|move|p2a: Volcanion|Steam Eruption|p1a: Dragapult
|-resisted|p1a: Dragapult
|-damage|p1a: Dragapult|39/100
|
|upkeep
|turn|2
|
|t:|1776080260
|switch|p1a: Tyranitar|Tyranitar, M|100/100
|-weather|Sandstorm|[from] ability: Sand Stream|[of] p1a: Tyranitar
|switch|p2a: Iron Valiant|Iron Valiant|100/100
|
|-weather|Sandstorm|[upkeep]
|-damage|p2a: Iron Valiant|94/100|[from] Sandstorm
|upkeep
|turn|3
|
|t:|1776080278
|switch|p1a: Dragapult|Dragapult, M|39/100
|move|p2a: Iron Valiant|Moonblast|p1a: Dragapult
|-supereffective|p1a: Dragapult
|-crit|p1a: Dragapult
|-damage|p1a: Dragapult|0 fnt
|faint|p1a: Dragapult
|
|-weather|Sandstorm|[upkeep]
|-damage|p2a: Iron Valiant|88/100|[from] Sandstorm
|upkeep
|
|t:|1776080286
|switch|p1a: Excadrill|Excadrill, M|100/100
|-item|p1a: Excadrill|Air Balloon
|turn|4
|
|t:|1776080296
|-end|p2a: Iron Valiant|Quark Drive|[silent]
|switch|p2a: Pelipper|Pelipper, M, shiny|100/100
|-weather|RainDance|[from] ability: Drizzle|[of] p2a: Pelipper
|-terastallize|p1a: Excadrill|Ghost
|move|p1a: Excadrill|Swords Dance|p1a: Excadrill
|-boost|p1a: Excadrill|atk|2
|
|-weather|RainDance|[upkeep]
|upkeep
|turn|5
|
|t:|1776080306
|move|p1a: Excadrill|Rock Slide|p2a: Pelipper
|-supereffective|p2a: Pelipper
|-damage|p2a: Pelipper|0 fnt
|faint|p2a: Pelipper
|
|-weather|RainDance|[upkeep]
|upkeep
|
|t:|1776080312
|switch|p2a: Overqwil|Overqwil, M|100/100
|turn|6
|
|t:|1776080318
|switch|p1a: Ogerpon|Ogerpon-Wellspring, F|100/100
|move|p2a: Overqwil|Crunch|p1a: Ogerpon
|-damage|p1a: Ogerpon|35/100
|-damage|p2a: Overqwil|91/100|[from] item: Life Orb
|
|-weather|RainDance|[upkeep]
|upkeep
|turn|7
|
|t:|1776080328
|move|p2a: Overqwil|Crunch|p1a: Ogerpon
|-damage|p1a: Ogerpon|0 fnt
|faint|p1a: Ogerpon
|-damage|p2a: Overqwil|81/100|[from] item: Life Orb
|
|-weather|RainDance|[upkeep]
|upkeep
|
|t:|1776080334
|switch|p1a: Tyranitar|Tyranitar, M|100/100
|-weather|Sandstorm|[from] ability: Sand Stream|[of] p1a: Tyranitar
|turn|8
|
|t:|1776080351
|move|p2a: Overqwil|Liquidation|p1a: Tyranitar
|-supereffective|p1a: Tyranitar
|-damage|p1a: Tyranitar|38/100
|-damage|p2a: Overqwil|71/100|[from] item: Life Orb
|move|p1a: Tyranitar|Knock Off|p2a: Overqwil
|-resisted|p2a: Overqwil
|-damage|p2a: Overqwil|24/100
|-enditem|p2a: Overqwil|Life Orb|[from] move: Knock Off|[of] p1a: Tyranitar
|
|-weather|Sandstorm|[upkeep]
|-damage|p2a: Overqwil|18/100|[from] Sandstorm
|upkeep
|turn|9
|
|t:|1776080368
|switch|p1a: Great Tusk|Great Tusk|100/100
|move|p2a: Overqwil|Liquidation|p1a: Great Tusk
|-supereffective|p1a: Great Tusk
|-damage|p1a: Great Tusk|64/100
|-damage|p2a: Overqwil|1/100|[from] item: Rocky Helmet|[of] p1a: Great Tusk
|
|-weather|Sandstorm|[upkeep]
|-damage|p2a: Overqwil|0 fnt|[from] Sandstorm
|faint|p2a: Overqwil
|upkeep
|
|t:|1776080387
|switch|p2a: Iron Valiant|Iron Valiant|88/100
|turn|10
|
|t:|1776080396
|move|p2a: Iron Valiant|Psyshock|p1a: Great Tusk
|-supereffective|p1a: Great Tusk
|-damage|p1a: Great Tusk|19/100
|move|p1a: Great Tusk|Headlong Rush|p2a: Iron Valiant
|-damage|p2a: Iron Valiant|25/100
|-unboost|p1a: Great Tusk|def|1
|-unboost|p1a: Great Tusk|spd|1
|
|-weather|Sandstorm|[upkeep]
|-damage|p2a: Iron Valiant|19/100|[from] Sandstorm
|upkeep
|turn|11
|
|t:|1776080407
|move|p2a: Iron Valiant|Psyshock|p1a: Great Tusk
|-supereffective|p1a: Great Tusk
|-damage|p1a: Great Tusk|0 fnt
|faint|p1a: Great Tusk
|-end|p1a: Great Tusk|Protosynthesis|[silent]
|
|-weather|Sandstorm|[upkeep]
|-damage|p2a: Iron Valiant|13/100|[from] Sandstorm
|upkeep
|
|t:|1776080413
|switch|p1a: Excadrill|Excadrill, M, tera:Ghost|100/100
|-item|p1a: Excadrill|Air Balloon
|turn|12
|
|t:|1776080419
|-end|p2a: Iron Valiant|Quark Drive|[silent]
|switch|p2a: Volcanion|Volcanion|9/100
|move|p1a: Excadrill|Earthquake|p2a: Volcanion
|-supereffective|p2a: Volcanion
|-damage|p2a: Volcanion|0 fnt
|faint|p2a: Volcanion
|
|-weather|none
|upkeep
|
|t:|1776080428
|switch|p2a: Dragapult|Dragapult, M|100/100
|turn|13
|
|t:|1776080441
|switch|p1a: Tyranitar|Tyranitar, M|38/100
|-weather|Sandstorm|[from] ability: Sand Stream|[of] p1a: Tyranitar
|move|p2a: Dragapult|Dragon Darts|p1a: Tyranitar
|-damage|p1a: Tyranitar|4/100
|-anim|p2a: Dragapult|Dragon Darts|p1a: Tyranitar
|-crit|p1a: Tyranitar
|-damage|p1a: Tyranitar|0 fnt
|faint|p1a: Tyranitar
|
|-weather|Sandstorm|[upkeep]
|-damage|p2a: Dragapult|95/100|[from] Sandstorm
|upkeep
|
|t:|1776080454
|switch|p1a: Excadrill|Excadrill, M, tera:Ghost|100/100
|-item|p1a: Excadrill|Air Balloon
|turn|14
|
|t:|1776080461
|move|p1a: Excadrill|Swords Dance|p1a: Excadrill
|-boost|p1a: Excadrill|atk|2
|move|p2a: Dragapult|Dragon Darts|p1a: Excadrill
|-damage|p1a: Excadrill|52/100
|-enditem|p1a: Excadrill|Air Balloon
|-anim|p2a: Dragapult|Dragon Darts|p1a: Excadrill
|-damage|p1a: Excadrill|0 fnt
|faint|p1a: Excadrill
|
|-weather|Sandstorm|[upkeep]
|-damage|p2a: Dragapult|89/100|[from] Sandstorm
|upkeep
|
|t:|1776080471
|switch|p1a: Iron Moth|Iron Moth|100/100
|-enditem|p1a: Iron Moth|Booster Energy
|-activate|p1a: Iron Moth|ability: Quark Drive|[fromitem]
|-start|p1a: Iron Moth|quarkdrivespe
|turn|15
|
|t:|1776080480
|move|p1a: Iron Moth|Dazzling Gleam|p2a: Dragapult
|-supereffective|p2a: Dragapult
|-damage|p2a: Dragapult|17/100
|move|p2a: Dragapult|Dragon Darts|p1a: Iron Moth
|-damage|p1a: Iron Moth|45/100
|-anim|p2a: Dragapult|Dragon Darts|p1a: Iron Moth
|-damage|p1a: Iron Moth|0 fnt
|faint|p1a: Iron Moth
|-end|p1a: Iron Moth|Quark Drive|[silent]
|
|win|snorlaxated
|raw|BAzz Barge's rating: 1291 &rarr; <strong>1267</strong><br />(-24 for losing)
|raw|snorlaxated's rating: 1300 &rarr; <strong>1324</strong><br />(+24 for winning)
|c|☆snorlaxated|gg
|l|☆BAzz Barge
|player|p1|
