|html|<div class="broadcast-blue"><strong>[Gen 9] OU is currently suspecting Tera Blast! For information on how to participate check out the <a href="https://www.smogon.com/tools/suspects/view/200">suspect thread</a>.</strong></div>
|j|‽Master_Creem
|j|☆Nyksytin
|t:|1776287863
|gametype|singles
|player|p1|Master_Creem|266|1107
|player|p2|Nyksytin|swimmer-gen4dp|1111
|gen|9
|tier|[Gen 9] OU
|rated|
|rule|HP Percentage Mod: HP is shown in percentages
|rule|Endless Battle Clause: Forcing endless battles is banned
|rule|Species Clause: Limit one of each Pokémon
|rule|OHKO Clause: OHKO moves are banned
|rule|Evasion Items Clause: Evasion items are banned
|rule|Evasion Moves Clause: Evasion moves are banned
|rule|Evasion Abilities Clause: Evasion abilities are banned
|rule|Sleep Moves Clause: Sleep-inducing moves are banned
|clearpoke
|poke|p1|Samurott-Hisui, M|
|poke|p1|Gholdengo|
|poke|p1|Iron Valiant|
|poke|p1|Kingambit, F|
|poke|p1|Great Tusk|
|poke|p1|Dragapult, F|
|poke|p2|Iron Valiant|
|poke|p2|Great Tusk|
|poke|p2|Dragonite, F|
|poke|p2|Deoxys-Speed|
|poke|p2|Glimmora, F|
|poke|p2|Kingambit, M|
|teampreview
|inactive|Battle timer is ON: inactive players will automatically lose when time's up. (requested by Nyksytin)
|
|t:|1776287888
|teamsize|p1|6
|teamsize|p2|6
|start
|switch|p1a: Samurott|Samurott-Hisui, M|100/100
|switch|p2a: Glimmora|Glimmora, F|100/100
|turn|1
|
|t:|1776287898
|move|p1a: Samurott|Ceaseless Edge|p2a: Glimmora
|-damage|p2a: Glimmora|44/100
|-activate|p2a: Glimmora|ability: Toxic Debris
|-sidestart|p1: Master_Creem|move: Toxic Spikes
|-sidestart|p2: Nyksytin|Spikes
|move|p2a: Glimmora|Stealth Rock|p1a: Samurott
|-sidestart|p1: Master_Creem|move: Stealth Rock
|
|upkeep
|turn|2
|
|t:|1776287907
|move|p1a: Samurott|Ceaseless Edge|p2a: Glimmora
|-damage|p2a: Glimmora|0 fnt
|-activate|p2a: Glimmora|ability: Toxic Debris
|-sidestart|p1: Master_Creem|move: Toxic Spikes
|-sidestart|p2: Nyksytin|Spikes
|faint|p2a: Glimmora
|
|upkeep
|
|t:|1776287913
|switch|p2a: Great Tusk|Great Tusk|100/100
|-damage|p2a: Great Tusk|84/100|[from] Spikes
|-enditem|p2a: Great Tusk|Booster Energy
|-activate|p2a: Great Tusk|ability: Protosynthesis|[fromitem]
|-start|p2a: Great Tusk|protosynthesisspe
|turn|3
|
|t:|1776287921
|move|p2a: Great Tusk|Bulk Up|p2a: Great Tusk
|-boost|p2a: Great Tusk|atk|1
|-boost|p2a: Great Tusk|def|1
|move|p1a: Samurott|Aqua Cutter|p2a: Great Tusk
|-supereffective|p2a: Great Tusk
|-damage|p2a: Great Tusk|45/100
|
|upkeep
|turn|4
|
|t:|1776287930
|move|p2a: Great Tusk|Headlong Rush|p1a: Samurott
|-damage|p1a: Samurott|3/100
|-unboost|p2a: Great Tusk|def|1
|-unboost|p2a: Great Tusk|spd|1
|move|p1a: Samurott|Aqua Cutter|p2a: Great Tusk
|-supereffective|p2a: Great Tusk
|-damage|p2a: Great Tusk|0 fnt
|faint|p2a: Great Tusk
|-end|p2a: Great Tusk|Protosynthesis|[silent]
|
|upkeep
|
|t:|1776287944
|switch|p2a: Iron Valiant|Iron Valiant|100/100
|-damage|p2a: Iron Valiant|84/100|[from] Spikes
|-enditem|p2a: Iron Valiant|Booster Energy
|-activate|p2a: Iron Valiant|ability: Quark Drive|[fromitem]
|-start|p2a: Iron Valiant|quarkdrivespe
|turn|5
|
|t:|1776287961
|move|p2a: Iron Valiant|Knock Off|p1a: Samurott
|-resisted|p1a: Samurott
|-damage|p1a: Samurott|0 fnt
|-enditem|p1a: Samurott|Focus Sash|[from] move: Knock Off|[of] p2a: Iron Valiant
|faint|p1a: Samurott
|
|upkeep
|
|t:|1776287970
|switch|p1a: Gholdengo|Gholdengo|100/100
|-damage|p1a: Gholdengo|94/100|[from] Stealth Rock
|-item|p1a: Gholdengo|Air Balloon
|turn|6
|
|t:|1776287980
|move|p2a: Iron Valiant|Knock Off|p1a: Gholdengo
|-supereffective|p1a: Gholdengo
|-damage|p1a: Gholdengo|30/100
|-enditem|p1a: Gholdengo|Air Balloon
|move|p1a: Gholdengo|Make It Rain|p2a: Iron Valiant
|-supereffective|p2a: Iron Valiant
|-damage|p2a: Iron Valiant|0 fnt
|-unboost|p1a: Gholdengo|spa|1
|faint|p2a: Iron Valiant
|-end|p2a: Iron Valiant|Quark Drive|[silent]
|
|upkeep
|
|t:|1776287988
|switch|p2a: Dragonite|Dragonite, F|100/100
|turn|7
|
|t:|1776288003
|move|p1a: Gholdengo|Recover|p1a: Gholdengo
|-heal|p1a: Gholdengo|80/100
|move|p2a: Dragonite|Dragon Dance|p2a: Dragonite
|-boost|p2a: Dragonite|atk|1
|-boost|p2a: Dragonite|spe|1
|
|upkeep
|turn|8
|
|t:|1776288013
|move|p2a: Dragonite|Earthquake|p1a: Gholdengo
|-supereffective|p1a: Gholdengo
|-damage|p1a: Gholdengo|0 fnt
|faint|p1a: Gholdengo
|
|upkeep
|
|t:|1776288017
|switch|p1a: Dragapult|Dragapult, F|100/100
|-status|p1a: Dragapult|tox
|-damage|p1a: Dragapult|88/100 tox|[from] Stealth Rock
|turn|9
|
|t:|1776288024
|move|p2a: Dragonite|Earthquake|p1a: Dragapult
|-damage|p1a: Dragapult|13/100 tox
|move|p1a: Dragapult|Draco Meteor|p2a: Dragonite
|-supereffective|p2a: Dragonite
|-damage|p2a: Dragonite|17/100
|-unboost|p1a: Dragapult|spa|2
|
|-heal|p2a: Dragonite|23/100|[from] item: Leftovers
|-damage|p1a: Dragapult|7/100 tox|[from] psn
|upkeep
|turn|10
|
|t:|1776288037
|move|p2a: Dragonite|Earthquake|p1a: Dragapult
|-crit|p1a: Dragapult
|-damage|p1a: Dragapult|0 fnt
|faint|p1a: Dragapult
|
|-heal|p2a: Dragonite|29/100|[from] item: Leftovers
|upkeep
|
|t:|1776288045
|switch|p1a: Great Tusk|Great Tusk|100/100
|-status|p1a: Great Tusk|tox
|-damage|p1a: Great Tusk|98/100 tox|[from] Stealth Rock
|turn|11
|
|t:|1776288056
|move|p1a: Great Tusk|Ice Spinner|p2a: Dragonite
|-supereffective|p2a: Dragonite
|-damage|p2a: Dragonite|0 fnt
|faint|p2a: Dragonite
|
|-damage|p1a: Great Tusk|91/100 tox|[from] psn
|upkeep
|
|t:|1776288062
|switch|p2a: Kingambit|Kingambit, M|100/100
|-damage|p2a: Kingambit|84/100|[from] Spikes
|-activate|p2a: Kingambit|ability: Supreme Overlord
|-start|p2a: Kingambit|fallen4|[silent]
|turn|12
|
|t:|1776288074
|-end|p1a: Great Tusk|Protosynthesis|[silent]
|switch|p1a: Iron Valiant|Iron Valiant|100/100
|-status|p1a: Iron Valiant|tox
|-damage|p1a: Iron Valiant|94/100 tox|[from] Stealth Rock
|-enditem|p1a: Iron Valiant|Booster Energy
|-activate|p1a: Iron Valiant|ability: Quark Drive|[fromitem]
|-start|p1a: Iron Valiant|quarkdrivespe
|move|p2a: Kingambit|Swords Dance|p2a: Kingambit
|-boost|p2a: Kingambit|atk|2
|
|-damage|p1a: Iron Valiant|88/100 tox|[from] psn
|upkeep
|turn|13
|
|t:|1776288090
|-terastallize|p2a: Kingambit|Fighting
|move|p1a: Iron Valiant|Moonblast|p2a: Kingambit
|-supereffective|p2a: Kingambit
|-damage|p2a: Kingambit|0 fnt
|faint|p2a: Kingambit
|-end|p2a: Kingambit|fallen4|[silent]
|
|-damage|p1a: Iron Valiant|76/100 tox|[from] psn
|upkeep
|
|t:|1776288097
|switch|p2a: Deoxys|Deoxys-Speed|100/100
|-damage|p2a: Deoxys|84/100|[from] Spikes
|-ability|p2a: Deoxys|Pressure
|turn|14
|
|t:|1776288106
|move|p1a: Iron Valiant|Moonblast|p2a: Deoxys
|-damage|p2a: Deoxys|30/100
|move|p2a: Deoxys|Light Screen|p2a: Deoxys
|-sidestart|p2: Nyksytin|move: Light Screen
|
|-damage|p1a: Iron Valiant|57/100 tox|[from] psn
|upkeep
|turn|15
|-message|Nyksytin forfeited.
|
|win|Master_Creem
|raw|Master_Creem's rating: 1107 &rarr; <strong>1132</strong><br />(+25 for winning)
|raw|Nyksytin's rating: 1111 &rarr; <strong>1086</strong><br />(-25 for losing)
|l|☆Nyksytin
|player|p2|
