|html|<div class="broadcast-blue"><strong>[Gen 9] OU is currently suspecting Volcarona! For information on how to participate check out the <a href="https://www.smogon.com/tools/suspects/view/208">suspect thread</a>.</strong></div>
|j|☆roanoke chud
|j|☆lousiv
|t:|1778497354
|gametype|singles
|player|p1|roanoke chud|shauntal|1318
|player|p2|lousiv|ltsurge|1361
|gen|9
|tier|[Gen 9] OU
|rated|
|rule|HP Percentage Mod: HP is shown in percentages
|rule|Endless Battle Clause: Forcing endless battles is banned
|rule|Species Clause: Limit one of each Pokémon
|rule|OHKO Clause: OHKO moves are banned
|rule|Evasion Items Clause: Evasion items are banned
|rule|Evasion Moves Clause: Evasion moves are banned
|rule|Evasion Abilities Clause: Evasion abilities are banned
|rule|Sleep Moves Clause: Sleep-inducing moves are banned
|clearpoke
|poke|p1|Zamazenta-*|
|poke|p1|Iron Hands|
|poke|p1|Ceruledge, F|
|poke|p1|Iron Valiant|
|poke|p1|Deoxys-Speed|
|poke|p1|Glimmora, F|
|poke|p2|Tyranitar, M|
|poke|p2|Rillaboom, F|
|poke|p2|Corviknight, M|
|poke|p2|Primarina, F|
|poke|p2|Great Tusk|
|poke|p2|Entei|
|teampreview
|inactive|Battle timer is ON: inactive players will automatically lose when time's up. (requested by lousiv)
|
|t:|1778497368
|teamsize|p1|6
|teamsize|p2|6
|start
|switch|p1a: Glimmora|Glimmora, F|100/100
|switch|p2a: Great Tusk|Great Tusk|100/100
|turn|1
|
|t:|1778497388
|switch|p1a: Zamazenta|Zamazenta|100/100
|-ability|p1a: Zamazenta|Dauntless Shield|boost
|-boost|p1a: Zamazenta|def|1
|move|p2a: Great Tusk|Headlong Rush|p1a: Zamazenta
|-damage|p1a: Zamazenta|70/100
|-unboost|p2a: Great Tusk|def|1
|-unboost|p2a: Great Tusk|spd|1
|
|-heal|p1a: Zamazenta|76/100|[from] item: Leftovers
|upkeep
|turn|2
|
|t:|1778497394
|switch|p1a: Deoxys|Deoxys-Speed|100/100
|-ability|p1a: Deoxys|Pressure
|-end|p2a: Great Tusk|Protosynthesis|[silent]
|switch|p2a: Corviknight|Corviknight, M|100/100
|-ability|p2a: Corviknight|Pressure
|
|upkeep
|turn|3
|
|t:|1778497410
|move|p1a: Deoxys|Light Screen|p1a: Deoxys
|-sidestart|p1: roanoke chud|move: Light Screen
|move|p2a: Corviknight|U-turn|p1a: Deoxys
|-supereffective|p1a: Deoxys
|-damage|p1a: Deoxys|66/100
|
|t:|1778497423
|switch|p2a: Tyranitar|Tyranitar, M|100/100|[from] U-turn
|-weather|Sandstorm|[from] ability: Sand Stream|[of] p2a: Tyranitar
|
|-weather|Sandstorm|[upkeep]
|-damage|p1a: Deoxys|60/100|[from] Sandstorm
|upkeep
|turn|4
|
|t:|1778497428
|move|p1a: Deoxys|Reflect|p1a: Deoxys
|-sidestart|p1: roanoke chud|Reflect
|move|p2a: Tyranitar|Knock Off|p1a: Deoxys
|-supereffective|p1a: Deoxys
|-damage|p1a: Deoxys|0 fnt
|-enditem|p1a: Deoxys|Light Clay|[from] move: Knock Off|[of] p2a: Tyranitar
|faint|p1a: Deoxys
|
|-weather|Sandstorm|[upkeep]
|upkeep
|
|t:|1778497434
|switch|p1a: Iron Valiant|Iron Valiant|100/100
|-enditem|p1a: Iron Valiant|Booster Energy
|-activate|p1a: Iron Valiant|ability: Quark Drive|[fromitem]
|-start|p1a: Iron Valiant|quarkdrivespe
|turn|5
|
|t:|1778497440
|switch|p2a: Primarina|Primarina, F|100/100
|move|p1a: Iron Valiant|Calm Mind|p1a: Iron Valiant
|-boost|p1a: Iron Valiant|spa|1
|-boost|p1a: Iron Valiant|spd|1
|
|-weather|Sandstorm|[upkeep]
|-damage|p1a: Iron Valiant|94/100|[from] Sandstorm
|-damage|p2a: Primarina|94/100|[from] Sandstorm
|upkeep
|turn|6
|
|t:|1778497448
|-terastallize|p1a: Iron Valiant|Steel
|move|p1a: Iron Valiant|Calm Mind|p1a: Iron Valiant
|-boost|p1a: Iron Valiant|spa|1
|-boost|p1a: Iron Valiant|spd|1
|move|p2a: Primarina|Moonblast|p1a: Iron Valiant
|-resisted|p1a: Iron Valiant
|-damage|p1a: Iron Valiant|83/100
|
|-weather|Sandstorm|[upkeep]
|-damage|p2a: Primarina|88/100|[from] Sandstorm
|upkeep
|turn|7
|
|t:|1778497452
|move|p1a: Iron Valiant|Thunderbolt|p2a: Primarina
|-supereffective|p2a: Primarina
|-damage|p2a: Primarina|8/100
|move|p2a: Primarina|Surf|p1a: Iron Valiant
|-damage|p1a: Iron Valiant|48/100
|
|-weather|none
|upkeep
|turn|8
|
|t:|1778497464
|move|p1a: Iron Valiant|Thunderbolt|p2a: Primarina
|-supereffective|p2a: Primarina
|-damage|p2a: Primarina|0 fnt
|faint|p2a: Primarina
|
|upkeep
|
|t:|1778497465
|switch|p2a: Entei|Entei|100/100
|turn|9
|
|t:|1778497491
|move|p1a: Iron Valiant|Focus Blast|p2a: Entei|[miss]
|-miss|p1a: Iron Valiant|p2a: Entei
|move|p2a: Entei|Sacred Fire|p1a: Iron Valiant
|-supereffective|p1a: Iron Valiant
|-damage|p1a: Iron Valiant|0 fnt
|faint|p1a: Iron Valiant
|-end|p1a: Iron Valiant|Quark Drive|[silent]
|
|upkeep
|
|t:|1778497495
|switch|p1a: Ceruledge|Ceruledge, F|100/100
|turn|10
|
|t:|1778497514
|move|p2a: Entei|Stone Edge|p1a: Ceruledge
|-supereffective|p1a: Ceruledge
|-damage|p1a: Ceruledge|51/100
|-ability|p1a: Ceruledge|Weak Armor|boost
|-unboost|p1a: Ceruledge|def|1
|-boost|p1a: Ceruledge|spe|2
|move|p1a: Ceruledge|Swords Dance|p1a: Ceruledge
|-boost|p1a: Ceruledge|atk|2
|
|-sideend|p1: roanoke chud|move: Light Screen
|upkeep
|turn|11
|
|t:|1778497527
|move|p1a: Ceruledge|Poltergeist|p2a: Entei
|-activate|p2a: Entei|move: Poltergeist|Heavy-Duty Boots
|-damage|p2a: Entei|0 fnt
|faint|p2a: Entei
|-damage|p1a: Ceruledge|41/100|[from] item: Life Orb
|
|-sideend|p1: roanoke chud|Reflect
|upkeep
|
|t:|1778497532
|switch|p2a: Great Tusk|Great Tusk|100/100
|turn|12
|
|t:|1778497552
|move|p1a: Ceruledge|Poltergeist|p2a: Great Tusk
|-activate|p2a: Great Tusk|move: Poltergeist|Heavy-Duty Boots
|-damage|p2a: Great Tusk|0 fnt
|faint|p2a: Great Tusk
|-end|p2a: Great Tusk|Protosynthesis|[silent]
|-damage|p1a: Ceruledge|31/100|[from] item: Life Orb
|
|upkeep
|
|t:|1778497555
|switch|p2a: Tyranitar|Tyranitar, M|100/100
|-weather|Sandstorm|[from] ability: Sand Stream|[of] p2a: Tyranitar
|turn|13
|
|t:|1778497580
|move|p1a: Ceruledge|Bitter Blade|p2a: Tyranitar
|-resisted|p2a: Tyranitar
|-damage|p2a: Tyranitar|35/100
|-heal|p1a: Ceruledge|70/100|[from] drain|[of] p2a: Tyranitar
|-damage|p1a: Ceruledge|60/100|[from] item: Life Orb
|move|p2a: Tyranitar|Knock Off|p1a: Ceruledge
|-supereffective|p1a: Ceruledge
|-damage|p1a: Ceruledge|0 fnt
|-enditem|p1a: Ceruledge|Life Orb|[from] move: Knock Off|[of] p2a: Tyranitar
|faint|p1a: Ceruledge
|
|-weather|Sandstorm|[upkeep]
|upkeep
|
|t:|1778497589
|switch|p1a: Zamazenta|Zamazenta|76/100
|turn|14
|
|t:|1778497593
|switch|p2a: Corviknight|Corviknight, M|100/100
|-ability|p2a: Corviknight|Pressure
|move|p1a: Zamazenta|Iron Defense|p1a: Zamazenta
|-boost|p1a: Zamazenta|def|2
|
|-weather|Sandstorm|[upkeep]
|-damage|p1a: Zamazenta|70/100|[from] Sandstorm
|-heal|p1a: Zamazenta|76/100|[from] item: Leftovers
|upkeep
|turn|15
|inactive|roanoke chud has 120 seconds left.
|
|t:|1778497621
|move|p1a: Zamazenta|Iron Defense|p1a: Zamazenta
|-boost|p1a: Zamazenta|def|2
|move|p2a: Corviknight|Brave Bird|p1a: Zamazenta
|-supereffective|p1a: Zamazenta
|-damage|p1a: Zamazenta|56/100
|-damage|p2a: Corviknight|95/100|[from] Recoil
|
|-weather|Sandstorm|[upkeep]
|-damage|p1a: Zamazenta|50/100|[from] Sandstorm
|-heal|p1a: Zamazenta|56/100|[from] item: Leftovers
|upkeep
|turn|16
|
|t:|1778497627
|move|p1a: Zamazenta|Body Press|p2a: Corviknight
|-damage|p2a: Corviknight|28/100
|-damage|p1a: Zamazenta|39/100|[from] item: Rocky Helmet|[of] p2a: Corviknight
|move|p2a: Corviknight|Brave Bird|p1a: Zamazenta
|-supereffective|p1a: Zamazenta
|-damage|p1a: Zamazenta|21/100
|-damage|p2a: Corviknight|23/100|[from] Recoil
|
|-weather|Sandstorm|[upkeep]
|-damage|p1a: Zamazenta|15/100|[from] Sandstorm
|-heal|p1a: Zamazenta|21/100|[from] item: Leftovers
|upkeep
|turn|17
|
|t:|1778497640
|move|p1a: Zamazenta|Body Press|p2a: Corviknight
|-damage|p2a: Corviknight|0 fnt
|-damage|p1a: Zamazenta|4/100|[from] item: Rocky Helmet|[of] p2a: Corviknight
|faint|p2a: Corviknight
|
|-weather|none
|-heal|p1a: Zamazenta|10/100|[from] item: Leftovers
|upkeep
|
|t:|1778497644
|switch|p2a: Rillaboom|Rillaboom, F|100/100
|-fieldstart|move: Grassy Terrain|[from] ability: Grassy Surge|[of] p2a: Rillaboom
|turn|18
|
|t:|1778497656
|-terastallize|p2a: Rillaboom|Grass
|move|p2a: Rillaboom|Grassy Glide|p1a: Zamazenta
|-damage|p1a: Zamazenta|0 fnt
|faint|p1a: Zamazenta
|
|upkeep
|
|t:|1778497659
|switch|p1a: Glimmora|Glimmora, F|100/100
|turn|19
|
|t:|1778497662
|move|p2a: Rillaboom|Grassy Glide|p1a: Glimmora
|-damage|p1a: Glimmora|62/100
|-activate|p1a: Glimmora|ability: Toxic Debris
|-sidestart|p2: lousiv|move: Toxic Spikes
|-enditem|p1a: Glimmora|Red Card|[of] p2a: Rillaboom
|drag|p2a: Tyranitar|Tyranitar, M|35/100
|-status|p2a: Tyranitar|psn
|-weather|Sandstorm|[from] ability: Sand Stream|[of] p2a: Tyranitar
|move|p1a: Glimmora|Stealth Rock|p2a: Tyranitar
|-sidestart|p2: lousiv|move: Stealth Rock
|
|-weather|Sandstorm|[upkeep]
|-heal|p2a: Tyranitar|42/100 psn|[from] Grassy Terrain
|-heal|p1a: Glimmora|68/100|[from] Grassy Terrain
|-damage|p2a: Tyranitar|29/100 psn|[from] psn
|upkeep
|turn|20
|
|t:|1778497677
|move|p2a: Tyranitar|Knock Off|p1a: Glimmora
|-damage|p1a: Glimmora|26/100
|-activate|p1a: Glimmora|ability: Toxic Debris
|-sidestart|p2: lousiv|move: Toxic Spikes
|move|p1a: Glimmora|Spikes|p2a: Tyranitar
|-sidestart|p2: lousiv|Spikes
|
|-weather|Sandstorm|[upkeep]
|-heal|p2a: Tyranitar|35/100 psn|[from] Grassy Terrain
|-heal|p1a: Glimmora|32/100|[from] Grassy Terrain
|-damage|p2a: Tyranitar|23/100 psn|[from] psn
|upkeep
|turn|21
|
|t:|1778497700
|move|p2a: Tyranitar|Knock Off|p1a: Glimmora
|-crit|p1a: Glimmora
|-damage|p1a: Glimmora|0 fnt
|faint|p1a: Glimmora
|
|-weather|Sandstorm|[upkeep]
|-heal|p2a: Tyranitar|29/100 psn|[from] Grassy Terrain
|-damage|p2a: Tyranitar|17/100 psn|[from] psn
|upkeep
|
|t:|1778497702
|switch|p1a: Iron Hands|Iron Hands|100/100
|-enditem|p1a: Iron Hands|Booster Energy
|-activate|p1a: Iron Hands|ability: Quark Drive|[fromitem]
|-start|p1a: Iron Hands|quarkdriveatk
|turn|22
|
|t:|1778497709
|move|p2a: Tyranitar|Knock Off|p1a: Iron Hands
|-resisted|p1a: Iron Hands
|-damage|p1a: Iron Hands|81/100
|move|p1a: Iron Hands|Ice Punch|p2a: Tyranitar
|-damage|p2a: Tyranitar|0 fnt
|faint|p2a: Tyranitar
|
|-weather|Sandstorm|[upkeep]
|-damage|p1a: Iron Hands|75/100|[from] Sandstorm
|-heal|p1a: Iron Hands|81/100|[from] Grassy Terrain
|-fieldend|move: Grassy Terrain
|upkeep
|
|t:|1778497714
|switch|p2a: Rillaboom|Rillaboom, F, tera:Grass|100/100
|-status|p2a: Rillaboom|tox
|-damage|p2a: Rillaboom|88/100 tox|[from] Stealth Rock
|-damage|p2a: Rillaboom|75/100 tox|[from] Spikes
|-fieldstart|move: Grassy Terrain|[from] ability: Grassy Surge|[of] p2a: Rillaboom
|turn|23
|
|t:|1778497734
|move|p2a: Rillaboom|Grassy Glide|p1a: Iron Hands
|-damage|p1a: Iron Hands|40/100
|move|p1a: Iron Hands|Close Combat|p2a: Rillaboom
|-damage|p2a: Rillaboom|0 fnt
|-unboost|p1a: Iron Hands|def|1
|-unboost|p1a: Iron Hands|spd|1
|faint|p2a: Rillaboom
|
|win|roanoke chud
|raw|roanoke chud's rating: 1318 &rarr; <strong>1340</strong><br />(+22 for winning)
|raw|lousiv's rating: 1361 &rarr; <strong>1339</strong><br />(-22 for losing)
|l|☆lousiv
|player|p2|
|l|☆roanoke chud
|player|p1|
