|html|<div class="broadcast-blue"><strong>[Gen 9] OU is currently suspecting Tera Blast! For information on how to participate check out the <a href="https://www.smogon.com/tools/suspects/view/200">suspect thread</a>.</strong></div>
|j|☆kkkuroi
|j|☆Tridecagram
|t:|1776279895
|gametype|singles
|player|p1|kkkuroi|clerk|1096
|player|p2|Tridecagram|parasollady|1129
|gen|9
|tier|[Gen 9] OU
|rated|
|rule|HP Percentage Mod: HP is shown in percentages
|rule|Endless Battle Clause: Forcing endless battles is banned
|rule|Species Clause: Limit one of each Pokémon
|rule|OHKO Clause: OHKO moves are banned
|rule|Evasion Items Clause: Evasion items are banned
|rule|Evasion Moves Clause: Evasion moves are banned
|rule|Evasion Abilities Clause: Evasion abilities are banned
|rule|Sleep Moves Clause: Sleep-inducing moves are banned
|clearpoke
|poke|p1|Gliscor, M|
|poke|p1|Heatran, M|
|poke|p1|Sinistcha|
|poke|p1|Corviknight, F|
|poke|p1|Tentacruel, M|
|poke|p1|Darkrai|
|poke|p2|Altaria, M|
|poke|p2|Milotic, F|
|poke|p2|Lucario, M|
|poke|p2|Tsareena, F|
|poke|p2|Arcanine, M|
|poke|p2|Ninetales-Alola, F|
|teampreview
|inactive|Battle timer is ON: inactive players will automatically lose when time's up. (requested by Tridecagram)
|
|t:|1776279911
|teamsize|p1|6
|teamsize|p2|6
|start
|switch|p1a: Hotran|Heatran, M|100/100
|switch|p2a: Ninetales|Ninetales-Alola, F, shiny|100/100
|-weather|Snowscape|[from] ability: Snow Warning|[of] p2a: Ninetales
|turn|1
|
|t:|1776279920
|move|p2a: Ninetales|Aurora Veil|p2a: Ninetales
|-sidestart|p2: Tridecagram|move: Aurora Veil
|move|p1a: Hotran|Stealth Rock|p2a: Ninetales
|-sidestart|p2: Tridecagram|move: Stealth Rock
|
|-weather|Snowscape|[upkeep]
|upkeep
|turn|2
|
|t:|1776279936
|switch|p2a: Milotic|Milotic, F, shiny|100/100
|-damage|p2a: Milotic|88/100|[from] Stealth Rock
|move|p1a: Hotran|Magma Storm|p2a: Milotic
|-resisted|p2a: Milotic
|-damage|p2a: Milotic|82/100
|-activate|p2a: Milotic|move: Magma Storm|[of] p1a: Hotran
|
|-weather|Snowscape|[upkeep]
|-damage|p2a: Milotic|70/100|[from] move: Magma Storm|[partiallytrapped]
|upkeep
|turn|3
|
|t:|1776279961
|switch|p1a: TenACruel|Tentacruel, M, shiny|100/100
|move|p2a: Milotic|Scald|p1a: TenACruel
|-resisted|p1a: TenACruel
|-damage|p1a: TenACruel|88/100
|
|-weather|Snowscape|[upkeep]
|-end|p2a: Milotic|Magma Storm|[partiallytrapped]|[silent]
|upkeep
|turn|4
|
|t:|1776279973
|switch|p2a: Lucario|Lucario, M, shiny|100/100
|-damage|p2a: Lucario|98/100|[from] Stealth Rock
|move|p1a: TenACruel|Knock Off|p2a: Lucario
|-resisted|p2a: Lucario
|-damage|p2a: Lucario|93/100
|-ability|p2a: Lucario|Justified|boost
|-boost|p2a: Lucario|atk|1
|-enditem|p2a: Lucario|Weakness Policy|[from] move: Knock Off|[of] p1a: TenACruel
|
|-weather|Snowscape|[upkeep]
|upkeep
|turn|5
|inactive|kkkuroi has 120 seconds left.
|
|t:|1776279996
|switch|p1a: Gliskibidy|Gliscor, M|100/100
|move|p2a: Lucario|Agility|p2a: Lucario
|-boost|p2a: Lucario|spe|2
|
|-weather|none
|-status|p1a: Gliskibidy|tox|[from] item: Toxic Orb
|upkeep
|turn|6
|inactive|kkkuroi has 120 seconds left.
|
|t:|1776280013
|move|p1a: Gliskibidy|Protect|p1a: Gliskibidy
|-singleturn|p1a: Gliskibidy|Protect
|move|p2a: Lucario|Meteor Mash|p1a: Gliskibidy
|-activate|p1a: Gliskibidy|move: Protect
|
|upkeep
|turn|7
|
|t:|1776280023
|move|p2a: Lucario|Meteor Mash|p1a: Gliskibidy
|-damage|p1a: Gliskibidy|42/100 tox
|move|p1a: Gliskibidy|Earthquake|p2a: Lucario
|-supereffective|p2a: Lucario
|-damage|p2a: Lucario|49/100
|
|-heal|p1a: Gliskibidy|55/100 tox|[from] ability: Poison Heal
|upkeep
|turn|8
|
|t:|1776280033
|move|p1a: Gliskibidy|Protect|p1a: Gliskibidy
|-singleturn|p1a: Gliskibidy|Protect
|move|p2a: Lucario|Meteor Mash|p1a: Gliskibidy
|-activate|p1a: Gliskibidy|move: Protect
|
|-heal|p1a: Gliskibidy|67/100 tox|[from] ability: Poison Heal
|-sideend|p2: Tridecagram|move: Aurora Veil
|upkeep
|turn|9
|inactive|kkkuroi has 120 seconds left.
|
|t:|1776280043
|move|p2a: Lucario|Meteor Mash|p1a: Gliskibidy
|-damage|p1a: Gliskibidy|17/100 tox
|move|p1a: Gliskibidy|Earthquake|p2a: Lucario
|-supereffective|p2a: Lucario
|-damage|p2a: Lucario|0 fnt
|faint|p2a: Lucario
|
|-heal|p1a: Gliskibidy|29/100 tox|[from] ability: Poison Heal
|upkeep
|-message|Tridecagram forfeited.
|
|win|kkkuroi
|raw|kkkuroi's rating: 1096 &rarr; <strong>1124</strong><br />(+28 for winning)
|raw|Tridecagram's rating: 1129 &rarr; <strong>1102</strong><br />(-27 for losing)
|c|☆kkkuroi|sorry
