|html|<div class="broadcast-blue"><strong>[Gen 9] OU is currently suspecting Tera Blast! For information on how to participate check out the <a href="https://www.smogon.com/tools/suspects/view/200">suspect thread</a>.</strong></div>
|j|☆maxezzz
|j|☆arturohdez
|t:|1776224162
|gametype|singles
|player|p1|maxezzz|waitress|1565
|player|p2|arturohdez|lucas|1571
|gen|9
|tier|[Gen 9] OU
|rated|
|rule|HP Percentage Mod: HP is shown in percentages
|rule|Endless Battle Clause: Forcing endless battles is banned
|rule|Species Clause: Limit one of each Pokémon
|rule|OHKO Clause: OHKO moves are banned
|rule|Evasion Items Clause: Evasion items are banned
|rule|Evasion Moves Clause: Evasion moves are banned
|rule|Evasion Abilities Clause: Evasion abilities are banned
|rule|Sleep Moves Clause: Sleep-inducing moves are banned
|clearpoke
|poke|p1|Hydreigon, M|
|poke|p1|Ogerpon, F|
|poke|p1|Tinkaton, F|
|poke|p1|Great Tusk|
|poke|p1|Alomomola, M|
|poke|p1|Pecharunt|
|poke|p2|Garganacl, M|
|poke|p2|Great Tusk|
|poke|p2|Dragapult, M|
|poke|p2|Zapdos|
|poke|p2|Samurott-Hisui, M|
|poke|p2|Iron Crown|
|teampreview
|inactive|Battle timer is ON: inactive players will automatically lose when time's up. (requested by maxezzz)
|
|t:|1776224181
|teamsize|p1|6
|teamsize|p2|6
|start
|switch|p1a: Hydreigon|Hydreigon, M, shiny|100/100
|switch|p2a: Zapdos|Zapdos, shiny|100/100
|turn|1
|
|t:|1776224200
|switch|p2a: Samurott|Samurott-Hisui, M, shiny|100/100
|move|p1a: Hydreigon|Draco Meteor|p2a: Samurott
|-damage|p2a: Samurott|29/100
|-unboost|p1a: Hydreigon|spa|2
|
|upkeep
|turn|2
|
|t:|1776224208
|switch|p2a: Iron Crown|Iron Crown|100/100
|move|p1a: Hydreigon|Draco Meteor|p2a: Iron Crown
|-resisted|p2a: Iron Crown
|-damage|p2a: Iron Crown|84/100
|-unboost|p1a: Hydreigon|spa|2
|
|upkeep
|turn|3
|
|t:|1776224218
|switch|p1a: Alomomola|Alomomola, M, shiny|100/100
|move|p2a: Iron Crown|Volt Switch|p1a: Alomomola
|-supereffective|p1a: Alomomola
|-damage|p1a: Alomomola|74/100
|
|t:|1776224223
|-end|p2a: Iron Crown|Quark Drive|[silent]
|switch|p2a: Samurott|Samurott-Hisui, M, shiny|29/100|[from] Volt Switch
|
|upkeep
|turn|4
|
|t:|1776224233
|move|p2a: Samurott|Knock Off|p1a: Alomomola
|-damage|p1a: Alomomola|47/100
|-enditem|p1a: Alomomola|Assault Vest|[from] move: Knock Off|[of] p2a: Samurott
|move|p1a: Alomomola|Play Rough|p2a: Samurott
|-supereffective|p2a: Samurott
|-damage|p2a: Samurott|0 fnt
|faint|p2a: Samurott
|
|upkeep
|
|t:|1776224242
|switch|p2a: Zapdos|Zapdos, shiny|100/100
|turn|5
|
|t:|1776224264
|switch|p1a: Hydreigon|Hydreigon, M, shiny|100/100
|move|p2a: Zapdos|Volt Switch|p1a: Hydreigon
|-resisted|p1a: Hydreigon
|-damage|p1a: Hydreigon|84/100
|
|t:|1776224270
|switch|p2a: Garganacl|Garganacl, M, shiny|100/100|[from] Volt Switch
|
|upkeep
|turn|6
|
|t:|1776224286
|move|p1a: Hydreigon|Earth Power|p2a: Garganacl
|-supereffective|p2a: Garganacl
|-crit|p2a: Garganacl
|-damage|p2a: Garganacl|0 fnt
|faint|p2a: Garganacl
|
|upkeep
|
|t:|1776224293
|switch|p2a: Zapdos|Zapdos, shiny|100/100
|turn|7
|inactive|maxezzz has 120 seconds left.
|
|t:|1776224345
|switch|p1a: Alomomola|Alomomola, M, shiny|80/100
|move|p2a: Zapdos|Thunder Wave|p1a: Alomomola|[miss]
|-miss|p2a: Zapdos|p1a: Alomomola
|
|upkeep
|turn|8
|
|t:|1776224352
|move|p2a: Zapdos|Thunder Wave|p1a: Alomomola
|-status|p1a: Alomomola|par
|move|p1a: Alomomola|Flip Turn|p2a: Zapdos
|-damage|p2a: Zapdos|88/100
|inactive|maxezzz has 90 seconds left.
|inactive|maxezzz has 60 seconds left.
|
|t:|1776224407
|switch|p1a: Hydreigon|Hydreigon, M, shiny|84/100|[from] Flip Turn
|
|upkeep
|turn|9
|
|t:|1776224410
|switch|p2a: Iron Crown|Iron Crown|84/100
|move|p1a: Hydreigon|Draco Meteor|p2a: Iron Crown
|-resisted|p2a: Iron Crown
|-damage|p2a: Iron Crown|53/100
|-unboost|p1a: Hydreigon|spa|2
|
|upkeep
|turn|10
|
|t:|1776224416
|switch|p1a: Alomomola|Alomomola, M, shiny|100/100 par
|move|p2a: Iron Crown|Volt Switch|p1a: Alomomola
|-supereffective|p1a: Alomomola
|-damage|p1a: Alomomola|64/100 par
|
|t:|1776224419
|-end|p2a: Iron Crown|Quark Drive|[silent]
|switch|p2a: Dragapult|Dragapult, M, shiny|100/100|[from] Volt Switch
|
|upkeep
|turn|11
|
|t:|1776224422
|move|p2a: Dragapult|Hex|p1a: Alomomola
|-damage|p1a: Alomomola|16/100 par
|move|p1a: Alomomola|Flip Turn|p2a: Dragapult
|-resisted|p2a: Dragapult
|-damage|p2a: Dragapult|90/100
|inactive|maxezzz has 60 seconds left.
|
|t:|1776224456
|switch|p1a: Tinkaton|Tinkaton, F|100/100|[from] Flip Turn
|-ability|p1a: Tinkaton|Mold Breaker
|-item|p1a: Tinkaton|Air Balloon
|
|upkeep
|turn|12
|
|t:|1776224459
|switch|p1a: Alomomola|Alomomola, M, shiny|50/100 par
|move|p2a: Dragapult|Will-O-Wisp|p1a: Alomomola|[miss]
|-miss|p2a: Dragapult|p1a: Alomomola
|
|upkeep
|turn|13
|
|t:|1776224472
|move|p2a: Dragapult|U-turn|p1a: Alomomola
|-damage|p1a: Alomomola|37/100 par
|
|t:|1776224474
|switch|p2a: Zapdos|Zapdos, shiny|88/100|[from] U-turn
|cant|p1a: Alomomola|par
|
|upkeep
|turn|14
|
|t:|1776224484
|move|p2a: Zapdos|Volt Switch|p1a: Alomomola
|-supereffective|p1a: Alomomola
|-damage|p1a: Alomomola|0 fnt
|faint|p1a: Alomomola
|
|t:|1776224493
|switch|p2a: Dragapult|Dragapult, M, shiny|90/100|[from] Volt Switch
|
|upkeep
|
|t:|1776224515
|switch|p1a: Hydreigon|Hydreigon, M, shiny|84/100
|turn|15
|
|t:|1776224520
|-terastallize|p1a: Hydreigon|Steel
|move|p2a: Dragapult|U-turn|p1a: Hydreigon
|-resisted|p1a: Hydreigon
|-damage|p1a: Hydreigon|74/100
|
|t:|1776224534
|switch|p2a: Iron Crown|Iron Crown|53/100|[from] U-turn
|move|p1a: Hydreigon|Dark Pulse|p2a: Iron Crown
|-supereffective|p2a: Iron Crown
|-damage|p2a: Iron Crown|0 fnt
|faint|p2a: Iron Crown
|-end|p2a: Iron Crown|Quark Drive|[silent]
|
|upkeep
|
|t:|1776224543
|switch|p2a: Zapdos|Zapdos, shiny|88/100
|turn|16
|inactive|maxezzz has 90 seconds left.
|
|t:|1776224556
|switch|p1a: Great Tusk|Great Tusk, shiny|100/100
|move|p2a: Zapdos|Thunder Wave|p1a: Great Tusk
|-immune|p1a: Great Tusk
|
|upkeep
|turn|17
|inactive|maxezzz has 90 seconds left.
|
|t:|1776224580
|-end|p1a: Great Tusk|Protosynthesis|[silent]
|switch|p1a: Tinkaton|Tinkaton, F|100/100
|-ability|p1a: Tinkaton|Mold Breaker
|-item|p1a: Tinkaton|Air Balloon
|move|p2a: Zapdos|Hurricane|p1a: Tinkaton
|-resisted|p1a: Tinkaton
|-damage|p1a: Tinkaton|77/100
|-enditem|p1a: Tinkaton|Air Balloon
|
|upkeep
|turn|18
|
|t:|1776224590
|move|p1a: Tinkaton|Stealth Rock|p2a: Zapdos
|-sidestart|p2: arturohdez|move: Stealth Rock
|move|p2a: Zapdos|Hurricane|p1a: Tinkaton|[miss]
|-miss|p2a: Zapdos|p1a: Tinkaton
|
|upkeep
|turn|19
|
|t:|1776224596
|move|p1a: Tinkaton|Encore|p2a: Zapdos
|-start|p2a: Zapdos|Encore
|move|p2a: Zapdos|Hurricane|p1a: Tinkaton|[miss]
|-miss|p2a: Zapdos|p1a: Tinkaton
|
|upkeep
|turn|20
|
|t:|1776224601
|move|p1a: Tinkaton|Gigaton Hammer|p2a: Zapdos
|-resisted|p2a: Zapdos
|-damage|p2a: Zapdos|67/100
|move|p2a: Zapdos|Hurricane|p1a: Tinkaton
|-resisted|p1a: Tinkaton
|-damage|p1a: Tinkaton|55/100
|
|upkeep
|turn|21
|inactive|maxezzz has 90 seconds left.
|
|t:|1776224633
|switch|p1a: Hydreigon|Hydreigon, M, shiny, tera:Steel|74/100
|move|p2a: Zapdos|Hurricane|p1a: Hydreigon
|-resisted|p1a: Hydreigon
|-damage|p1a: Hydreigon|47/100
|-start|p1a: Hydreigon|confusion
|
|-end|p2a: Zapdos|Encore
|upkeep
|turn|22
|
|t:|1776224644
|switch|p1a: Tinkaton|Tinkaton, F|55/100
|-ability|p1a: Tinkaton|Mold Breaker
|move|p2a: Zapdos|Roost|p2a: Zapdos
|-heal|p2a: Zapdos|100/100
|-singleturn|p2a: Zapdos|move: Roost
|
|upkeep
|turn|23
|
|t:|1776224649
|switch|p2a: Great Tusk|Great Tusk|100/100
|move|p1a: Tinkaton|Encore||[still]
|-fail|p1a: Tinkaton
|
|upkeep
|turn|24
|inactive|maxezzz has 90 seconds left.
|
|t:|1776224661
|move|p1a: Tinkaton|Gigaton Hammer|p2a: Great Tusk
|-crit|p2a: Great Tusk
|-damage|p2a: Great Tusk|38/100
|move|p2a: Great Tusk|Headlong Rush|p1a: Tinkaton
|-supereffective|p1a: Tinkaton
|-damage|p1a: Tinkaton|0 fnt
|-unboost|p2a: Great Tusk|def|1
|-unboost|p2a: Great Tusk|spd|1
|faint|p1a: Tinkaton
|
|upkeep
|inactive|maxezzz has 90 seconds left.
|
|t:|1776224676
|switch|p1a: Hydreigon|Hydreigon, M, shiny, tera:Steel|47/100
|turn|25
|
|t:|1776224687
|move|p1a: Hydreigon|Dark Pulse|p2a: Great Tusk
|-resisted|p2a: Great Tusk
|-damage|p2a: Great Tusk|0 fnt
|faint|p2a: Great Tusk
|-end|p2a: Great Tusk|Protosynthesis|[silent]
|
|upkeep
|
|t:|1776224690
|switch|p2a: Zapdos|Zapdos, shiny|100/100
|turn|26
|
|t:|1776224696
|switch|p1a: Great Tusk|Great Tusk, shiny|100/100
|move|p2a: Zapdos|Thunder Wave|p1a: Great Tusk
|-immune|p1a: Great Tusk
|
|upkeep
|turn|27
|
|t:|1776224698
|move|p1a: Great Tusk|Ice Spinner|p2a: Zapdos
|-supereffective|p2a: Zapdos
|-damage|p2a: Zapdos|57/100
|-status|p1a: Great Tusk|par|[from] ability: Static|[of] p2a: Zapdos
|move|p2a: Zapdos|Hurricane|p1a: Great Tusk
|-supereffective|p1a: Great Tusk
|-damage|p1a: Great Tusk|0 fnt
|faint|p1a: Great Tusk
|-end|p1a: Great Tusk|Protosynthesis|[silent]
|
|upkeep
|inactive|maxezzz has 120 seconds left.
|
|t:|1776224708
|switch|p1a: Hydreigon|Hydreigon, M, shiny, tera:Steel|47/100
|turn|28
|
|t:|1776224710
|move|p1a: Hydreigon|Dark Pulse|p2a: Zapdos
|-damage|p2a: Zapdos|2/100
|move|p2a: Zapdos|Roost|p2a: Zapdos
|-heal|p2a: Zapdos|52/100
|-singleturn|p2a: Zapdos|move: Roost
|
|upkeep
|turn|29
|
|t:|1776224715
|move|p1a: Hydreigon|Dark Pulse|p2a: Zapdos
|-damage|p2a: Zapdos|0 fnt
|faint|p2a: Zapdos
|
|upkeep
|
|t:|1776224718
|switch|p2a: Dragapult|Dragapult, M, shiny|90/100
|turn|30
|
|t:|1776224726
|move|p2a: Dragapult|Draco Meteor|p1a: Hydreigon
|-resisted|p1a: Hydreigon
|-damage|p1a: Hydreigon|16/100
|-unboost|p2a: Dragapult|spa|2
|move|p1a: Hydreigon|Dark Pulse|p2a: Dragapult
|-supereffective|p2a: Dragapult
|-damage|p2a: Dragapult|0 fnt
|faint|p2a: Dragapult
|
|win|maxezzz
|raw|maxezzz's rating: 1565 &rarr; <strong>1585</strong><br />(+20 for winning)
|raw|arturohdez's rating: 1571 &rarr; <strong>1551</strong><br />(-20 for losing)
