|html|<div class="broadcast-blue"><strong>[Gen 9] OU is currently suspecting Tera Blast! For information on how to participate check out the <a href="https://www.smogon.com/tools/suspects/view/200">suspect thread</a>.</strong></div>
|j|☆PlatKing
|j|☆monop is good
|t:|1776147914
|gametype|singles
|player|p1|PlatKing|skierf|1101
|player|p2|monop is good|infielder|1075
|gen|9
|tier|[Gen 9] OU
|rated|
|rule|HP Percentage Mod: HP is shown in percentages
|rule|Endless Battle Clause: Forcing endless battles is banned
|rule|Species Clause: Limit one of each Pokémon
|rule|OHKO Clause: OHKO moves are banned
|rule|Evasion Items Clause: Evasion items are banned
|rule|Evasion Moves Clause: Evasion moves are banned
|rule|Evasion Abilities Clause: Evasion abilities are banned
|rule|Sleep Moves Clause: Sleep-inducing moves are banned
|clearpoke
|poke|p1|Floatzel, F|
|poke|p1|Pelipper, F|
|poke|p1|Breloom, M|
|poke|p1|Iron Treads|
|poke|p1|Dragonite, M|
|poke|p1|Kilowattrel, F|
|poke|p2|Iron Leaves|
|poke|p2|Iron Jugulis|
|poke|p2|Kleavor, M|
|poke|p2|Iron Treads|
|poke|p2|Iron Moth|
|poke|p2|Zapdos|
|teampreview
|inactive|Battle timer is ON: inactive players will automatically lose when time's up. (requested by monop is good)
|
|t:|1776147925
|teamsize|p1|6
|teamsize|p2|6
|start
|switch|p1a: Pelipper|Pelipper, F|100/100
|switch|p2a: Axing Questions|Kleavor, M, shiny|100/100
|-weather|RainDance|[from] ability: Drizzle|[of] p1a: Pelipper
|turn|1
|
|t:|1776147944
|move|p2a: Axing Questions|U-turn|p1a: Pelipper
|-resisted|p1a: Pelipper
|-damage|p1a: Pelipper|87/100
|
|t:|1776147949
|switch|p2a: Zeus-Twos|Zapdos, shiny|100/100|[from] U-turn
|move|p1a: Pelipper|Surf|p2a: Zeus-Twos
|-damage|p2a: Zeus-Twos|53/100
|
|-weather|RainDance|[upkeep]
|upkeep
|turn|2
|
|t:|1776147962
|switch|p1a: Iron Treads|Iron Treads|100/100
|move|p2a: Zeus-Twos|Electric Terrain|p2a: Zeus-Twos
|-fieldstart|move: Electric Terrain
|-activate|p1a: Iron Treads|ability: Quark Drive
|-start|p1a: Iron Treads|quarkdrivespe
|
|-weather|RainDance|[upkeep]
|upkeep
|turn|3
|
|t:|1776147972
|move|p1a: Iron Treads|Stealth Rock|p2a: Zeus-Twos
|-sidestart|p2: monop is good|move: Stealth Rock
|move|p2a: Zeus-Twos|U-turn|p1a: Iron Treads
|-resisted|p1a: Iron Treads
|-damage|p1a: Iron Treads|96/100
|
|t:|1776147978
|switch|p2a: Don's 2nd Cousin|Iron Treads, shiny|100/100|[from] U-turn
|-damage|p2a: Don's 2nd Cousin|97/100|[from] Stealth Rock
|-enditem|p2a: Don's 2nd Cousin|Electric Seed
|-boost|p2a: Don's 2nd Cousin|def|1|[from] item: Electric Seed
|-activate|p2a: Don's 2nd Cousin|ability: Quark Drive
|-start|p2a: Don's 2nd Cousin|quarkdrivedef
|
|-weather|RainDance|[upkeep]
|-heal|p1a: Iron Treads|100/100|[from] item: Leftovers
|upkeep
|turn|4
|
|t:|1776147993
|-terastallize|p1a: Iron Treads|Ground
|move|p1a: Iron Treads|Earthquake|p2a: Don's 2nd Cousin
|-supereffective|p2a: Don's 2nd Cousin
|-damage|p2a: Don's 2nd Cousin|51/100
|move|p2a: Don's 2nd Cousin|Rapid Spin|p1a: Iron Treads
|-damage|p1a: Iron Treads|88/100
|-boost|p2a: Don's 2nd Cousin|spe|1
|-sideend|p2: monop is good|Stealth Rock|[from] move: Rapid Spin|[of] p2a: Don's 2nd Cousin
|
|-weather|RainDance|[upkeep]
|-heal|p1a: Iron Treads|94/100|[from] item: Leftovers
|upkeep
|turn|5
|
|t:|1776148003
|move|p2a: Don's 2nd Cousin|Knock Off|p1a: Iron Treads
|-damage|p1a: Iron Treads|68/100
|-enditem|p1a: Iron Treads|Leftovers|[from] move: Knock Off|[of] p2a: Don's 2nd Cousin
|move|p1a: Iron Treads|Earthquake|p2a: Don's 2nd Cousin
|-supereffective|p2a: Don's 2nd Cousin
|-damage|p2a: Don's 2nd Cousin|5/100
|
|-weather|RainDance|[upkeep]
|upkeep
|turn|6
|
|t:|1776148011
|move|p2a: Don's 2nd Cousin|Iron Head|p1a: Iron Treads
|-damage|p1a: Iron Treads|39/100
|move|p1a: Iron Treads|Earthquake|p2a: Don's 2nd Cousin
|-supereffective|p2a: Don's 2nd Cousin
|-damage|p2a: Don's 2nd Cousin|0 fnt
|faint|p2a: Don's 2nd Cousin
|-end|p2a: Don's 2nd Cousin|Quark Drive|[silent]
|
|-weather|RainDance|[upkeep]
|upkeep
|
|t:|1776148015
|switch|p2a: Legend-Deer-E|Iron Leaves|100/100
|-activate|p2a: Legend-Deer-E|ability: Quark Drive
|-start|p2a: Legend-Deer-E|quarkdriveatk
|turn|7
|
|t:|1776148020
|move|p1a: Iron Treads|Stealth Rock|p2a: Legend-Deer-E
|-sidestart|p2: monop is good|move: Stealth Rock
|move|p2a: Legend-Deer-E|Swords Dance|p2a: Legend-Deer-E
|-boost|p2a: Legend-Deer-E|atk|2
|
|-weather|RainDance|[upkeep]
|upkeep
|turn|8
|
|t:|1776148037
|move|p1a: Iron Treads|Iron Head|p2a: Legend-Deer-E
|-damage|p2a: Legend-Deer-E|64/100
|move|p2a: Legend-Deer-E|Leaf Blade|p1a: Iron Treads
|-supereffective|p1a: Iron Treads
|-damage|p1a: Iron Treads|0 fnt
|faint|p1a: Iron Treads
|-end|p1a: Iron Treads|Quark Drive|[silent]
|
|-weather|none
|upkeep
|
|t:|1776148043
|switch|p1a: Kilowattrel|Kilowattrel, F|100/100
|turn|9
|
|t:|1776148050
|-terastallize|p2a: Legend-Deer-E|Fire
|move|p1a: Kilowattrel|Hurricane|p2a: Legend-Deer-E|[miss]
|-miss|p1a: Kilowattrel|p2a: Legend-Deer-E
|move|p2a: Legend-Deer-E|Psyblade|p1a: Kilowattrel
|-damage|p1a: Kilowattrel|0 fnt
|faint|p1a: Kilowattrel
|
|-fieldend|move: Electric Terrain
|-end|p2a: Legend-Deer-E|Quark Drive
|upkeep
|-enditem|p2a: Legend-Deer-E|Booster Energy
|-activate|p2a: Legend-Deer-E|ability: Quark Drive|[fromitem]
|-start|p2a: Legend-Deer-E|quarkdriveatk
|
|t:|1776148058
|switch|p1a: Pelipper|Pelipper, F|87/100
|-weather|RainDance|[from] ability: Drizzle|[of] p1a: Pelipper
|turn|10
|
|t:|1776148065
|move|p2a: Legend-Deer-E|Leaf Blade|p1a: Pelipper
|-damage|p1a: Pelipper|0 fnt
|faint|p1a: Pelipper
|
|-weather|RainDance|[upkeep]
|upkeep
|
|t:|1776148068
|switch|p1a: Floatzel|Floatzel, F|100/100
|turn|11
|
|t:|1776148074
|-end|p2a: Legend-Deer-E|Quark Drive|[silent]
|switch|p2a: Zeus-Twos|Zapdos, shiny|53/100
|-damage|p2a: Zeus-Twos|28/100|[from] Stealth Rock
|move|p1a: Floatzel|Wave Crash|p2a: Zeus-Twos
|-damage|p2a: Zeus-Twos|0 fnt
|faint|p2a: Zeus-Twos
|-damage|p1a: Floatzel|89/100|[from] Recoil
|
|-weather|RainDance|[upkeep]
|upkeep
|
|t:|1776148089
|switch|p2a: Axing Questions|Kleavor, M, shiny|100/100
|-damage|p2a: Axing Questions|76/100|[from] Stealth Rock
|turn|12
|
|t:|1776148093
|move|p1a: Floatzel|Wave Crash|p2a: Axing Questions
|-supereffective|p2a: Axing Questions
|-damage|p2a: Axing Questions|0 fnt
|faint|p2a: Axing Questions
|-damage|p1a: Floatzel|67/100|[from] Recoil
|
|-weather|RainDance|[upkeep]
|upkeep
|
|t:|1776148109
|switch|p2a: Birdz Flying High|Iron Jugulis, shiny|100/100
|-damage|p2a: Birdz Flying High|76/100|[from] Stealth Rock
|turn|13
|
|t:|1776148113
|move|p1a: Floatzel|Wave Crash|p2a: Birdz Flying High
|-damage|p2a: Birdz Flying High|0 fnt
|faint|p2a: Birdz Flying High
|-end|p2a: Birdz Flying High|Quark Drive|[silent]
|-damage|p1a: Floatzel|40/100|[from] Recoil
|
|-weather|RainDance|[upkeep]
|upkeep
|
|t:|1776148116
|switch|p2a: Legend-Deer-E|Iron Leaves, tera:Fire|64/100
|-damage|p2a: Legend-Deer-E|39/100|[from] Stealth Rock
|turn|14
|
|t:|1776148121
|move|p1a: Floatzel|Wave Crash|p2a: Legend-Deer-E
|-supereffective|p2a: Legend-Deer-E
|-damage|p2a: Legend-Deer-E|0 fnt
|faint|p2a: Legend-Deer-E
|-end|p2a: Legend-Deer-E|Quark Drive|[silent]
|-damage|p1a: Floatzel|27/100|[from] Recoil
|
|-weather|RainDance|[upkeep]
|upkeep
|
|t:|1776148124
|switch|p2a: Iron Moth|Iron Moth, shiny|100/100
|-damage|p2a: Iron Moth|75/100|[from] Stealth Rock
|turn|15
|
|t:|1776148130
|move|p1a: Floatzel|Wave Crash|p2a: Iron Moth
|-supereffective|p2a: Iron Moth
|-damage|p2a: Iron Moth|0 fnt
|faint|p2a: Iron Moth
|-end|p2a: Iron Moth|Quark Drive|[silent]
|-damage|p1a: Floatzel|0 fnt|[from] Recoil
|faint|p1a: Floatzel
|
|win|PlatKing
|raw|PlatKing's rating: 1101 &rarr; <strong>1124</strong><br />(+23 for winning)
|raw|monop is good's rating: 1075 &rarr; <strong>1055</strong><br />(-20 for losing)
|l|☆monop is good
|player|p2|
