|html|<div class="broadcast-blue"><strong>[Gen 9] OU is currently suspecting Tera Blast! For information on how to participate check out the <a href="https://www.smogon.com/tools/suspects/view/200">suspect thread</a>.</strong></div>
|j|☆thesauce208
|j|☆AKGD
|t:|1776216185
|gametype|singles
|player|p1|thesauce208|drayden|1396
|player|p2|AKGD|hilbert|1379
|gen|9
|tier|[Gen 9] OU
|rated|
|rule|HP Percentage Mod: HP is shown in percentages
|rule|Endless Battle Clause: Forcing endless battles is banned
|rule|Species Clause: Limit one of each Pokémon
|rule|OHKO Clause: OHKO moves are banned
|rule|Evasion Items Clause: Evasion items are banned
|rule|Evasion Moves Clause: Evasion moves are banned
|rule|Evasion Abilities Clause: Evasion abilities are banned
|rule|Sleep Moves Clause: Sleep-inducing moves are banned
|clearpoke
|poke|p1|Kyurem|
|poke|p1|Great Tusk|
|poke|p1|Raging Bolt|
|poke|p1|Iron Valiant|
|poke|p1|Gholdengo|
|poke|p1|Deoxys-Speed|
|poke|p2|Dragapult, F|
|poke|p2|Raging Bolt|
|poke|p2|Iron Moth|
|poke|p2|Great Tusk|
|poke|p2|Ogerpon-Wellspring, F|
|poke|p2|Landorus-Therian, M|
|teampreview
|inactive|Battle timer is ON: inactive players will automatically lose when time's up. (requested by AKGD)
|
|t:|1776216205
|teamsize|p1|6
|teamsize|p2|6
|start
|switch|p1a: Deoxys|Deoxys-Speed|100/100
|switch|p2a: Landorus|Landorus-Therian, M|100/100
|-ability|p1a: Deoxys|Pressure
|-ability|p2a: Landorus|Intimidate|boost
|-unboost|p1a: Deoxys|atk|1
|turn|1
|
|t:|1776216226
|move|p1a: Deoxys|Taunt|p2a: Landorus
|-start|p2a: Landorus|move: Taunt
|move|p2a: Landorus|Earthquake|p1a: Deoxys
|-damage|p1a: Deoxys|6/100
|
|upkeep
|turn|2
|-activate|p2a: Landorus|item: Quick Claw
|
|t:|1776216234
|move|p2a: Landorus|U-turn|p1a: Deoxys
|-supereffective|p1a: Deoxys
|-damage|p1a: Deoxys|0 fnt
|faint|p1a: Deoxys
|
|t:|1776216240
|switch|p2a: Dragjet|Dragapult, F|100/100|[from] U-turn
|
|upkeep
|
|t:|1776216256
|switch|p1a: Great Tusk|Great Tusk|100/100
|-enditem|p1a: Great Tusk|Booster Energy
|-activate|p1a: Great Tusk|ability: Protosynthesis|[fromitem]
|-start|p1a: Great Tusk|protosynthesisspe
|turn|3
|
|t:|1776216267
|move|p1a: Great Tusk|Bulk Up|p1a: Great Tusk
|-boost|p1a: Great Tusk|atk|1
|-boost|p1a: Great Tusk|def|1
|move|p2a: Dragjet|Shadow Ball|p1a: Great Tusk
|-damage|p1a: Great Tusk|57/100
|-unboost|p1a: Great Tusk|spd|1
|
|upkeep
|turn|4
|
|t:|1776216276
|move|p1a: Great Tusk|Knock Off|p2a: Dragjet
|-supereffective|p2a: Dragjet
|-damage|p2a: Dragjet|0 fnt
|-enditem|p2a: Dragjet|Scope Lens|[from] move: Knock Off|[of] p1a: Great Tusk
|faint|p2a: Dragjet
|
|upkeep
|
|t:|1776216293
|switch|p2a: Iron Moth|Iron Moth|100/100
|-enditem|p2a: Iron Moth|Booster Energy
|-activate|p2a: Iron Moth|ability: Quark Drive|[fromitem]
|-start|p2a: Iron Moth|quarkdrivespe
|turn|5
|inactive|thesauce208 has 120 seconds left.
|
|t:|1776216328
|-end|p1a: Great Tusk|Protosynthesis|[silent]
|switch|p1a: Raging Bolt|Raging Bolt|100/100
|move|p2a: Iron Moth|Fiery Dance|p1a: Raging Bolt
|-resisted|p1a: Raging Bolt
|-damage|p1a: Raging Bolt|81/100
|-boost|p2a: Iron Moth|spa|1
|
|-heal|p1a: Raging Bolt|87/100|[from] item: Leftovers
|upkeep
|turn|6
|
|t:|1776216341
|move|p2a: Iron Moth|Dazzling Gleam|p1a: Raging Bolt
|-supereffective|p1a: Raging Bolt
|-damage|p1a: Raging Bolt|14/100
|move|p1a: Raging Bolt|Calm Mind|p1a: Raging Bolt
|-boost|p1a: Raging Bolt|spa|1
|-boost|p1a: Raging Bolt|spd|1
|
|-heal|p1a: Raging Bolt|20/100|[from] item: Leftovers
|upkeep
|turn|7
|
|t:|1776216350
|move|p1a: Raging Bolt|Thunderclap|p2a: Iron Moth
|-damage|p2a: Iron Moth|43/100
|move|p2a: Iron Moth|Dazzling Gleam|p1a: Raging Bolt
|-supereffective|p1a: Raging Bolt
|-damage|p1a: Raging Bolt|0 fnt
|faint|p1a: Raging Bolt
|-end|p1a: Raging Bolt|Protosynthesis|[silent]
|
|upkeep
|
|t:|1776216364
|switch|p1a: Kyurem|Kyurem, shiny|100/100
|-ability|p1a: Kyurem|Pressure
|turn|8
|
|t:|1776216377
|-terastallize|p1a: Kyurem|Ground
|move|p2a: Iron Moth|Dazzling Gleam|p1a: Kyurem
|-damage|p1a: Kyurem|59/100
|move|p1a: Kyurem|Dragon Dance|p1a: Kyurem
|-boost|p1a: Kyurem|atk|1
|-boost|p1a: Kyurem|spe|1
|
|upkeep
|turn|9
|
|t:|1776216404
|move|p2a: Iron Moth|Energy Ball|p1a: Kyurem
|-supereffective|p1a: Kyurem
|-damage|p1a: Kyurem|0 fnt
|faint|p1a: Kyurem
|
|upkeep
|-message|thesauce208 forfeited.
|
|win|AKGD
|raw|thesauce208's rating: 1396 &rarr; <strong>1375</strong><br />(-21 for losing)
|raw|AKGD's rating: 1379 &rarr; <strong>1400</strong><br />(+21 for winning)
|l|☆thesauce208
|player|p1|
|c|☆AKGD|Gg
