|html|<div class="broadcast-blue"><strong>[Gen 9] OU is currently suspecting Tera Blast! For information on how to participate check out the <a href="https://www.smogon.com/tools/suspects/view/200">suspect thread</a>.</strong></div>
|j|☆Tsaun
|j|☆SusCy
|t:|1776045299
|gametype|singles
|player|p1|Tsaun|266|1314
|player|p2|SusCy|dawn|1312
|gen|9
|tier|[Gen 9] OU
|rated|
|rule|HP Percentage Mod: HP is shown in percentages
|rule|Endless Battle Clause: Forcing endless battles is banned
|rule|Species Clause: Limit one of each Pokémon
|rule|OHKO Clause: OHKO moves are banned
|rule|Evasion Items Clause: Evasion items are banned
|rule|Evasion Moves Clause: Evasion moves are banned
|rule|Evasion Abilities Clause: Evasion abilities are banned
|rule|Sleep Moves Clause: Sleep-inducing moves are banned
|clearpoke
|poke|p1|Glimmora, M|
|poke|p1|Gliscor, F|
|poke|p1|Ting-Lu|
|poke|p1|Dragapult, M|
|poke|p1|Ogerpon-Wellspring, F|
|poke|p1|Gholdengo|
|poke|p2|Hatterene, F|
|poke|p2|Slowking-Galar, M|
|poke|p2|Ursaluna, M|
|poke|p2|Torkoal, M|
|poke|p2|Glastrier|
|poke|p2|Braviary-Hisui, M|
|teampreview
|inactive|Battle timer is ON: inactive players will automatically lose when time's up. (requested by SusCy)
|
|t:|1776045307
|teamsize|p1|6
|teamsize|p2|6
|start
|switch|p1a: Glimmora|Glimmora, M|100/100
|switch|p2a: Hatterene|Hatterene, F|100/100
|turn|1
|
|t:|1776045309
|move|p1a: Glimmora|Sludge Wave|p2a: Hatterene
|-supereffective|p2a: Hatterene
|-damage|p2a: Hatterene|4/100
|move|p2a: Hatterene|Trick Room|p2a: Hatterene
|-fieldstart|move: Trick Room|[of] p2a: Hatterene
|
|upkeep
|turn|2
|
|t:|1776045318
|switch|p1a: Ting-Lu|Ting-Lu|100/100
|-ability|p1a: Ting-Lu|Vessel of Ruin
|move|p2a: Hatterene|Psychic Noise|p1a: Ting-Lu
|-immune|p1a: Ting-Lu
|
|upkeep
|turn|3
|
|t:|1776045325
|move|p2a: Hatterene|Dazzling Gleam|p1a: Ting-Lu
|-supereffective|p1a: Ting-Lu
|-crit|p1a: Ting-Lu
|-damage|p1a: Ting-Lu|38/100
|move|p1a: Ting-Lu|Ruination|p2a: Hatterene
|-damage|p2a: Hatterene|2/100
|
|-heal|p1a: Ting-Lu|44/100|[from] item: Leftovers
|upkeep
|turn|4
|
|t:|1776045333
|switch|p1a: Gholdengo|Gholdengo|100/100
|move|p2a: Hatterene|Dazzling Gleam|p1a: Gholdengo
|-resisted|p1a: Gholdengo
|-damage|p1a: Gholdengo|73/100
|
|upkeep
|turn|5
|
|t:|1776045350
|switch|p2a: Torkoal|Torkoal, M|100/100
|-weather|SunnyDay|[from] ability: Drought|[of] p2a: Torkoal
|move|p1a: Gholdengo|Shadow Ball|p2a: Torkoal
|-damage|p2a: Torkoal|43/100
|
|-weather|SunnyDay|[upkeep]
|-fieldend|move: Trick Room
|upkeep
|turn|6
|
|t:|1776045361
|move|p1a: Gholdengo|Shadow Ball|p2a: Torkoal
|-damage|p2a: Torkoal|0 fnt
|faint|p2a: Torkoal
|
|-weather|SunnyDay|[upkeep]
|upkeep
|inactive|SusCy has 120 seconds left.
|
|t:|1776045383
|switch|p2a: Slowking|Slowking-Galar, M|100/100
|turn|7
|
|t:|1776045387
|-terastallize|p2a: Slowking|Water
|move|p1a: Gholdengo|Shadow Ball|p2a: Slowking
|-damage|p2a: Slowking|75/100
|move|p2a: Slowking|Trick Room|p2a: Slowking
|-fieldstart|move: Trick Room|[of] p2a: Slowking
|
|-weather|SunnyDay|[upkeep]
|upkeep
|turn|8
|
|t:|1776045396
|switch|p1a: Ting-Lu|Ting-Lu|44/100
|-ability|p1a: Ting-Lu|Vessel of Ruin
|move|p2a: Slowking|Thunder Wave|p1a: Ting-Lu
|-immune|p1a: Ting-Lu
|
|-weather|SunnyDay|[upkeep]
|-heal|p1a: Ting-Lu|50/100|[from] item: Leftovers
|upkeep
|turn|9
|
|t:|1776045407
|switch|p2a: Glastrier|Glastrier|100/100
|move|p1a: Ting-Lu|Whirlwind|p2a: Glastrier
|drag|p2a: Hatterene|Hatterene, F|2/100
|
|-weather|none
|-heal|p1a: Ting-Lu|56/100|[from] item: Leftovers
|upkeep
|turn|10
|
|t:|1776045413
|move|p2a: Hatterene|Dazzling Gleam|p1a: Ting-Lu
|-supereffective|p1a: Ting-Lu
|-damage|p1a: Ting-Lu|15/100
|move|p1a: Ting-Lu|Whirlwind|p2a: Hatterene
|move|p2a: Hatterene|Whirlwind|p1a: Ting-Lu|[from] ability: Magic Bounce
|drag|p1a: Ogerpon|Ogerpon-Wellspring, F|100/100
|
|upkeep
|turn|11
|
|t:|1776045421
|move|p2a: Hatterene|Psychic Noise|p1a: Ogerpon
|-damage|p1a: Ogerpon|50/100
|-start|p1a: Ogerpon|move: Heal Block
|move|p1a: Ogerpon|Ivy Cudgel|p2a: Hatterene|[anim] Ivy Cudgel Water
|-damage|p2a: Hatterene|0 fnt
|faint|p2a: Hatterene
|
|-fieldend|move: Trick Room
|upkeep
|
|t:|1776045433
|switch|p2a: Slowking|Slowking-Galar, M, tera:Water|100/100
|turn|12
|
|t:|1776045438
|switch|p1a: Glimmora|Glimmora, M|100/100
|move|p2a: Slowking|Trick Room|p2a: Slowking
|-fieldstart|move: Trick Room|[of] p2a: Slowking
|
|upkeep
|turn|13
|
|t:|1776045443
|move|p2a: Slowking|Future Sight|p1a: Glimmora
|-start|p2a: Slowking|move: Future Sight
|move|p1a: Glimmora|Stealth Rock|p2a: Slowking
|-sidestart|p2: SusCy|move: Stealth Rock
|
|upkeep
|turn|14
|
|t:|1776045452
|move|p2a: Slowking|Thunder Wave|p1a: Glimmora
|-status|p1a: Glimmora|par
|move|p1a: Glimmora|Mortal Spin|p2a: Slowking
|-damage|p2a: Slowking|94/100
|-status|p2a: Slowking|psn
|
|-damage|p2a: Slowking|81/100 psn|[from] psn
|upkeep
|turn|15
|
|t:|1776045466
|switch|p2a: Braviary|Braviary-Hisui, M|100/100
|-damage|p2a: Braviary|75/100|[from] Stealth Rock
|switch|p1a: Ting-Lu|Ting-Lu|15/100
|-ability|p1a: Ting-Lu|Vessel of Ruin
|
|-end|p1a: Ting-Lu|move: Future Sight
|-immune|p1a: Ting-Lu
|-heal|p1a: Ting-Lu|21/100|[from] item: Leftovers
|upkeep
|turn|16
|
|t:|1776045476
|move|p2a: Braviary|Heat Wave|p1a: Ting-Lu
|-damage|p1a: Ting-Lu|0 fnt
|faint|p1a: Ting-Lu
|
|-fieldend|move: Trick Room
|upkeep
|
|t:|1776045498
|switch|p1a: Gliscor|Gliscor, F|100/100
|turn|17
|
|t:|1776045513
|move|p1a: Gliscor|Knock Off|p2a: Braviary
|-supereffective|p2a: Braviary
|-damage|p2a: Braviary|30/100
|-enditem|p2a: Braviary|Life Orb|[from] move: Knock Off|[of] p1a: Gliscor
|move|p2a: Braviary|Defog|p1a: Gliscor
|-unboost|p1a: Gliscor|evasion|1
|-sideend|p2: SusCy|Stealth Rock|[from] move: Defog|[of] p2a: Braviary
|
|-status|p1a: Gliscor|tox|[from] item: Toxic Orb
|upkeep
|turn|18
|
|t:|1776045522
|move|p1a: Gliscor|Spikes|p2a: Braviary
|-sidestart|p2: SusCy|Spikes
|move|p2a: Braviary|Psychic|p1a: Gliscor
|-damage|p1a: Gliscor|35/100 tox
|
|-heal|p1a: Gliscor|48/100 tox|[from] ability: Poison Heal
|upkeep
|turn|19
|
|t:|1776045528
|switch|p1a: Gholdengo|Gholdengo|73/100
|move|p2a: Braviary|Psychic|p1a: Gholdengo
|-resisted|p1a: Gholdengo
|-damage|p1a: Gholdengo|39/100
|
|upkeep
|turn|20
|
|t:|1776045534
|switch|p2a: Slowking|Slowking-Galar, M, tera:Water|100/100 psn
|move|p1a: Gholdengo|Make It Rain|p2a: Slowking
|-resisted|p2a: Slowking
|-damage|p2a: Slowking|81/100 psn
|-unboost|p1a: Gholdengo|spa|1
|
|-damage|p2a: Slowking|69/100 psn|[from] psn
|upkeep
|turn|21
|
|t:|1776045540
|switch|p1a: Glimmora|Glimmora, M|100/100 par
|move|p2a: Slowking|Trick Room|p2a: Slowking
|-fieldstart|move: Trick Room|[of] p2a: Slowking
|
|-damage|p2a: Slowking|57/100 psn|[from] psn
|upkeep
|turn|22
|
|t:|1776045545
|move|p2a: Slowking|Future Sight|p1a: Glimmora
|-start|p2a: Slowking|move: Future Sight
|move|p1a: Glimmora|Stealth Rock|p2a: Slowking
|-sidestart|p2: SusCy|move: Stealth Rock
|
|-damage|p2a: Slowking|44/100 psn|[from] psn
|upkeep
|turn|23
|
|t:|1776045556
|switch|p2a: Ursaluna|Ursaluna, M|100/100
|-damage|p2a: Ursaluna|88/100|[from] Spikes
|-damage|p2a: Ursaluna|82/100|[from] Stealth Rock
|move|p1a: Glimmora|Sludge Wave|p2a: Ursaluna
|-resisted|p2a: Ursaluna
|-damage|p2a: Ursaluna|61/100
|
|-status|p2a: Ursaluna|brn|[from] item: Flame Orb
|upkeep
|turn|24
|
|t:|1776045568
|move|p2a: Ursaluna|Headlong Rush|p1a: Glimmora
|-supereffective|p1a: Glimmora
|-enditem|p1a: Glimmora|Focus Sash
|-damage|p1a: Glimmora|1/100 par
|-unboost|p2a: Ursaluna|def|1
|-unboost|p2a: Ursaluna|spd|1
|-activate|p1a: Glimmora|ability: Toxic Debris
|-sidestart|p2: SusCy|move: Toxic Spikes
|move|p1a: Glimmora|Sludge Wave|p2a: Ursaluna
|-resisted|p2a: Ursaluna
|-damage|p2a: Ursaluna|29/100 brn
|
|-end|p1a: Glimmora|move: Future Sight
|-supereffective|p1a: Glimmora
|-damage|p1a: Glimmora|0 fnt
|faint|p1a: Glimmora
|-damage|p2a: Ursaluna|23/100 brn|[from] brn
|upkeep
|
|t:|1776045578
|switch|p1a: Gliscor|Gliscor, F|48/100 tox
|turn|25
|
|t:|1776045584
|move|p1a: Gliscor|Protect|p1a: Gliscor
|-singleturn|p1a: Gliscor|Protect
|move|p2a: Ursaluna|Facade|p1a: Gliscor
|-activate|p1a: Gliscor|move: Protect
|
|-heal|p1a: Gliscor|60/100 tox|[from] ability: Poison Heal
|-damage|p2a: Ursaluna|17/100 brn|[from] brn
|-fieldend|move: Trick Room
|upkeep
|turn|26
|
|t:|1776045594
|switch|p2a: Slowking|Slowking-Galar, M, tera:Water|77/100 psn
|move|p1a: Gliscor|Knock Off|p2a: Slowking
|-damage|p2a: Slowking|55/100 psn
|-enditem|p2a: Slowking|Heavy-Duty Boots|[from] move: Knock Off|[of] p1a: Gliscor
|
|-heal|p1a: Gliscor|72/100 tox|[from] ability: Poison Heal
|-damage|p2a: Slowking|43/100 psn|[from] psn
|upkeep
|turn|27
|
|t:|1776045603
|move|p1a: Gliscor|Taunt|p2a: Slowking
|-start|p2a: Slowking|move: Taunt
|cant|p2a: Slowking|move: Taunt|Trick Room
|
|-heal|p1a: Gliscor|85/100 tox|[from] ability: Poison Heal
|-damage|p2a: Slowking|30/100 psn|[from] psn
|upkeep
|turn|28
|
|t:|1776045607
|move|p1a: Gliscor|Spikes|p2a: Slowking
|-sidestart|p2: SusCy|Spikes
|move|p2a: Slowking|Future Sight|p1a: Gliscor
|-start|p2a: Slowking|move: Future Sight
|
|-heal|p1a: Gliscor|97/100 tox|[from] ability: Poison Heal
|-damage|p2a: Slowking|18/100 psn|[from] psn
|upkeep
|turn|29
|
|t:|1776045615
|switch|p2a: Glastrier|Glastrier|100/100
|move|p1a: Gliscor|Spikes|p2a: Glastrier
|-sidestart|p2: SusCy|Spikes
|
|-heal|p1a: Gliscor|100/100 tox|[from] ability: Poison Heal
|upkeep
|turn|30
|
|t:|1776045627
|-terastallize|p1a: Gliscor|Ghost
|move|p1a: Gliscor|Knock Off|p2a: Glastrier
|-damage|p2a: Glastrier|86/100
|-enditem|p2a: Glastrier|Heavy-Duty Boots|[from] move: Knock Off|[of] p1a: Gliscor
|move|p2a: Glastrier|Icicle Crash|p1a: Gliscor
|-damage|p1a: Gliscor|68/100 tox
|
|-end|p1a: Gliscor|move: Future Sight
|-damage|p1a: Gliscor|15/100 tox
|-heal|p1a: Gliscor|27/100 tox|[from] ability: Poison Heal
|upkeep
|turn|31
|
|t:|1776045640
|move|p1a: Gliscor|Protect|p1a: Gliscor
|-singleturn|p1a: Gliscor|Protect
|move|p2a: Glastrier|Icicle Crash|p1a: Gliscor
|-activate|p1a: Gliscor|move: Protect
|
|-heal|p1a: Gliscor|40/100 tox|[from] ability: Poison Heal
|upkeep
|turn|32
|
|t:|1776045643
|switch|p1a: Gholdengo|Gholdengo|39/100
|move|p2a: Glastrier|Icicle Crash|p1a: Gholdengo|[miss]
|-miss|p2a: Glastrier|p1a: Gholdengo
|
|upkeep
|turn|33
|
|t:|1776045650
|switch|p2a: Slowking|Slowking-Galar, M, tera:Water|51/100 psn
|-damage|p2a: Slowking|26/100 psn|[from] Spikes
|-damage|p2a: Slowking|14/100 psn|[from] Stealth Rock
|move|p1a: Gholdengo|Make It Rain|p2a: Slowking
|-resisted|p2a: Slowking
|-damage|p2a: Slowking|0 fnt
|-unboost|p1a: Gholdengo|spa|1
|faint|p2a: Slowking
|
|upkeep
|
|t:|1776045654
|switch|p2a: Glastrier|Glastrier|86/100
|-damage|p2a: Glastrier|61/100|[from] Spikes
|-damage|p2a: Glastrier|36/100|[from] Stealth Rock
|-status|p2a: Glastrier|psn
|turn|34
|
|t:|1776045660
|move|p1a: Gholdengo|Make It Rain|p2a: Glastrier
|-supereffective|p2a: Glastrier
|-damage|p2a: Glastrier|0 fnt
|-unboost|p1a: Gholdengo|spa|1
|faint|p2a: Glastrier
|
|upkeep
|
|t:|1776045662
|switch|p2a: Braviary|Braviary-Hisui, M|30/100
|-damage|p2a: Braviary|5/100|[from] Stealth Rock
|turn|35
|
|t:|1776045666
|move|p1a: Gholdengo|Make It Rain|p2a: Braviary
|-damage|p2a: Braviary|0 fnt
|-unboost|p1a: Gholdengo|spa|1
|faint|p2a: Braviary
|
|upkeep
|
|t:|1776045668
|switch|p2a: Ursaluna|Ursaluna, M|17/100 brn
|-damage|p2a: Ursaluna|0 fnt|[from] Spikes
|faint|p2a: Ursaluna
|
|win|Tsaun
|raw|Tsaun's rating: 1314 &rarr; <strong>1334</strong><br />(+20 for winning)
|raw|SusCy's rating: 1312 &rarr; <strong>1292</strong><br />(-20 for losing)
|l|☆SusCy
|player|p2|
|l|☆Tsaun
|player|p1|
