|html|<div class="broadcast-blue"><strong>[Gen 9] OU is currently suspecting Tera Blast! For information on how to participate check out the <a href="https://www.smogon.com/tools/suspects/view/200">suspect thread</a>.</strong></div>
|j|☆Arboliva'sGarden
|j|☆kopv18
|t:|1776183968
|gametype|singles
|player|p1|Arboliva'sGarden|cynthia|1462
|player|p2|kopv18|bugcatcher-gen4dp|1533
|gen|9
|tier|[Gen 9] OU
|rated|
|rule|HP Percentage Mod: HP is shown in percentages
|rule|Endless Battle Clause: Forcing endless battles is banned
|rule|Species Clause: Limit one of each Pokémon
|rule|OHKO Clause: OHKO moves are banned
|rule|Evasion Items Clause: Evasion items are banned
|rule|Evasion Moves Clause: Evasion moves are banned
|rule|Evasion Abilities Clause: Evasion abilities are banned
|rule|Sleep Moves Clause: Sleep-inducing moves are banned
|clearpoke
|poke|p1|Chesnaught, M|
|poke|p1|Swampert, F|
|poke|p1|Raging Bolt|
|poke|p1|Heatran, F|
|poke|p1|Iron Treads|
|poke|p1|Landorus-Therian, M|
|poke|p2|Tyranitar, F|
|poke|p2|Kingambit, F|
|poke|p2|Excadrill, M|
|poke|p2|Chimecho, M|
|poke|p2|Cinderace, F|
|poke|p2|Hydrapple, M|
|teampreview
|
|t:|1776183988
|teamsize|p1|6
|teamsize|p2|6
|start
|switch|p1a: Landorus|Landorus-Therian, M|100/100
|switch|p2a: Tyranitar|Tyranitar, F|100/100
|-ability|p1a: Landorus|Intimidate|boost
|-unboost|p2a: Tyranitar|atk|1
|-weather|Sandstorm|[from] ability: Sand Stream|[of] p2a: Tyranitar
|turn|1
|inactive|Battle timer is ON: inactive players will automatically lose when time's up. (requested by Arboliva'sGarden)
|
|t:|1776184000
|switch|p2a: Hydrapple|Hydrapple, M|100/100
|move|p1a: Landorus|U-turn|p2a: Hydrapple
|-supereffective|p2a: Hydrapple
|-damage|p2a: Hydrapple|62/100
|
|t:|1776184007
|switch|p1a: Iron Treads|Iron Treads|100/100|[from] U-turn
|-item|p1a: Iron Treads|Air Balloon
|
|-weather|Sandstorm|[upkeep]
|-damage|p2a: Hydrapple|56/100|[from] Sandstorm
|upkeep
|turn|2
|
|t:|1776184014
|switch|p2a: Chimecho|Chimecho, M|100/100
|move|p1a: Iron Treads|Ice Spinner|p2a: Chimecho
|-damage|p2a: Chimecho|79/100
|
|-weather|Sandstorm|[upkeep]
|-damage|p2a: Chimecho|73/100|[from] Sandstorm
|-heal|p2a: Chimecho|79/100|[from] item: Leftovers
|upkeep
|turn|3
|
|t:|1776184018
|move|p1a: Iron Treads|Volt Switch|p2a: Chimecho
|-damage|p2a: Chimecho|68/100
|
|t:|1776184020
|-end|p1a: Iron Treads|Quark Drive|[silent]
|switch|p1a: Swampert|Swampert, F, shiny|100/100|[from] Volt Switch
|move|p2a: Chimecho|Future Sight|p1a: Swampert
|-start|p2a: Chimecho|move: Future Sight
|
|-weather|Sandstorm|[upkeep]
|-damage|p2a: Chimecho|62/100|[from] Sandstorm
|-heal|p2a: Chimecho|68/100|[from] item: Leftovers
|upkeep
|turn|4
|
|t:|1776184040
|switch|p2a: Hydrapple|Hydrapple, M|89/100
|move|p1a: Swampert|Stealth Rock|p2a: Hydrapple
|-sidestart|p2: kopv18|move: Stealth Rock
|
|-weather|Sandstorm|[upkeep]
|-damage|p2a: Hydrapple|83/100|[from] Sandstorm
|upkeep
|turn|5
|
|t:|1776184047
|move|p1a: Swampert|Knock Off|p2a: Hydrapple
|-damage|p2a: Hydrapple|62/100
|-enditem|p2a: Hydrapple|Life Orb|[from] move: Knock Off|[of] p1a: Swampert
|move|p2a: Hydrapple|Earth Power|p1a: Swampert
|-damage|p1a: Swampert|73/100
|
|-weather|none
|-end|p1a: Swampert|move: Future Sight
|-damage|p1a: Swampert|37/100
|-heal|p1a: Swampert|44/100|[from] item: Leftovers
|upkeep
|turn|6
|
|t:|1776184064
|move|p1a: Swampert|Flip Turn|p2a: Hydrapple
|-resisted|p2a: Hydrapple
|-damage|p2a: Hydrapple|57/100
|
|t:|1776184073
|switch|p1a: Iron Treads|Iron Treads|100/100|[from] Flip Turn
|-item|p1a: Iron Treads|Air Balloon
|move|p2a: Hydrapple|Giga Drain|p1a: Iron Treads
|-damage|p1a: Iron Treads|38/100
|-heal|p2a: Hydrapple|82/100|[from] drain|[of] p1a: Iron Treads
|-enditem|p1a: Iron Treads|Air Balloon
|
|upkeep
|turn|7
|
|t:|1776184080
|move|p1a: Iron Treads|Volt Switch|p2a: Hydrapple
|-resisted|p2a: Hydrapple
|-damage|p2a: Hydrapple|79/100
|
|t:|1776184083
|-end|p1a: Iron Treads|Quark Drive|[silent]
|switch|p1a: Raging Bolt|Raging Bolt|100/100|[from] Volt Switch
|-enditem|p1a: Raging Bolt|Booster Energy
|-activate|p1a: Raging Bolt|ability: Protosynthesis|[fromitem]
|-start|p1a: Raging Bolt|protosynthesisspa
|move|p2a: Hydrapple|Giga Drain|p1a: Raging Bolt
|-resisted|p1a: Raging Bolt
|-damage|p1a: Raging Bolt|85/100
|-heal|p2a: Hydrapple|87/100|[from] drain|[of] p1a: Raging Bolt
|
|upkeep
|turn|8
|
|t:|1776184092
|switch|p2a: Excadrill|Excadrill, M|100/100
|-damage|p2a: Excadrill|97/100|[from] Stealth Rock
|move|p1a: Raging Bolt|Volt Switch|p2a: Excadrill
|-immune|p2a: Excadrill
|
|-heal|p2a: Excadrill|100/100|[from] item: Leftovers
|upkeep
|turn|9
|
|t:|1776184100
|-end|p1a: Raging Bolt|Protosynthesis|[silent]
|switch|p1a: Chesnaught|Chesnaught, M|100/100
|move|p2a: Excadrill|Iron Head|p1a: Chesnaught
|-damage|p1a: Chesnaught|75/100
|
|-heal|p1a: Chesnaught|81/100|[from] item: Leftovers
|upkeep
|turn|10
|
|t:|1776184110
|switch|p2a: Cinderace|Cinderace, F|100/100
|move|p1a: Chesnaught|Leech Seed|p2a: Cinderace
|-start|p2a: Cinderace|move: Leech Seed
|
|-heal|p1a: Chesnaught|87/100|[from] item: Leftovers
|-damage|p2a: Cinderace|88/100|[from] Leech Seed|[of] p1a: Chesnaught
|-heal|p1a: Chesnaught|97/100|[silent]
|upkeep
|turn|11
|
|t:|1776184117
|move|p2a: Cinderace|U-turn|p1a: Chesnaught
|-start|p2a: Cinderace|typechange|Bug|[from] ability: Libero
|-damage|p1a: Chesnaught|77/100
|
|t:|1776184121
|switch|p2a: Chimecho|Chimecho, M|68/100|[from] U-turn
|-damage|p2a: Chimecho|55/100|[from] Stealth Rock
|move|p1a: Chesnaught|Spikes|p2a: Chimecho
|-sidestart|p2: kopv18|Spikes
|
|-heal|p2a: Chimecho|62/100|[from] item: Leftovers
|-heal|p1a: Chesnaught|83/100|[from] item: Leftovers
|upkeep
|turn|12
|
|t:|1776184130
|move|p2a: Chimecho|Future Sight|p1a: Chesnaught
|-start|p2a: Chimecho|move: Future Sight
|move|p1a: Chesnaught|Leech Seed|p2a: Chimecho
|-start|p2a: Chimecho|move: Leech Seed
|
|-heal|p2a: Chimecho|68/100|[from] item: Leftovers
|-heal|p1a: Chesnaught|89/100|[from] item: Leftovers
|-damage|p2a: Chimecho|55/100|[from] Leech Seed|[of] p1a: Chesnaught
|-heal|p1a: Chesnaught|100/100|[silent]
|upkeep
|turn|13
|
|t:|1776184144
|move|p2a: Chimecho|Recover|p2a: Chimecho
|-heal|p2a: Chimecho|100/100
|move|p1a: Chesnaught|Body Press|p2a: Chimecho
|-resisted|p2a: Chimecho
|-damage|p2a: Chimecho|81/100
|
|-heal|p2a: Chimecho|87/100|[from] item: Leftovers
|-damage|p2a: Chimecho|75/100|[from] Leech Seed|[of] p1a: Chesnaught
|upkeep
|turn|14
|
|t:|1776184155
|switch|p2a: Excadrill|Excadrill, M|100/100
|-damage|p2a: Excadrill|97/100|[from] Stealth Rock
|-damage|p2a: Excadrill|85/100|[from] Spikes
|switch|p1a: Heatran|Heatran, F|100/100
|
|-end|p1a: Heatran|move: Future Sight
|-resisted|p1a: Heatran
|-damage|p1a: Heatran|90/100
|-heal|p2a: Excadrill|91/100|[from] item: Leftovers
|-heal|p1a: Heatran|96/100|[from] item: Leftovers
|upkeep
|turn|15
|
|t:|1776184164
|-terastallize|p1a: Heatran|Grass
|move|p2a: Excadrill|Rapid Spin|p1a: Heatran
|-damage|p1a: Heatran|79/100
|-boost|p2a: Excadrill|spe|1
|-sideend|p2: kopv18|Spikes|[from] move: Rapid Spin|[of] p2a: Excadrill
|-sideend|p2: kopv18|Stealth Rock|[from] move: Rapid Spin|[of] p2a: Excadrill
|move|p1a: Heatran|Magma Storm|p2a: Excadrill
|-supereffective|p2a: Excadrill
|-damage|p2a: Excadrill|0 fnt
|faint|p2a: Excadrill
|
|-heal|p1a: Heatran|85/100|[from] item: Leftovers
|upkeep
|inactive|kopv18 has 120 seconds left.
|l|☆Arboliva'sGarden
|inactive|Arboliva'sGarden disconnected and has a minute to reconnect!
|player|p1|
|j|☆Arboliva'sGarden
|inactive|Arboliva'sGarden reconnected.
|player|p1|Arboliva'sGarden|cynthia|
|
|t:|1776184205
|switch|p2a: Tyranitar|Tyranitar, F|100/100
|-weather|Sandstorm|[from] ability: Sand Stream|[of] p2a: Tyranitar
|turn|16
|
|t:|1776184210
|move|p2a: Tyranitar|Ice Punch|p1a: Heatran
|-supereffective|p1a: Heatran
|-damage|p1a: Heatran|7/100
|move|p1a: Heatran|Substitute|p1a: Heatran
|-fail|p1a: Heatran|move: Substitute|[weak]
|
|-weather|Sandstorm|[upkeep]
|-damage|p1a: Heatran|1/100|[from] Sandstorm
|-heal|p1a: Heatran|7/100|[from] item: Leftovers
|upkeep
|turn|17
|
|t:|1776184215
|move|p2a: Tyranitar|Ice Punch|p1a: Heatran
|-supereffective|p1a: Heatran
|-damage|p1a: Heatran|0 fnt
|faint|p1a: Heatran
|
|-weather|Sandstorm|[upkeep]
|upkeep
|
|t:|1776184223
|switch|p1a: Swampert|Swampert, F, shiny|44/100
|turn|18
|
|t:|1776184227
|move|p2a: Tyranitar|Ice Punch|p1a: Swampert
|-damage|p1a: Swampert|10/100
|move|p1a: Swampert|Knock Off|p2a: Tyranitar
|-resisted|p2a: Tyranitar
|-damage|p2a: Tyranitar|88/100
|-enditem|p2a: Tyranitar|Choice Band|[from] move: Knock Off|[of] p1a: Swampert
|
|-weather|Sandstorm|[upkeep]
|-heal|p1a: Swampert|16/100|[from] item: Leftovers
|upkeep
|turn|19
|
|t:|1776184238
|move|p2a: Tyranitar|Knock Off|p1a: Swampert
|-damage|p1a: Swampert|0 fnt
|-enditem|p1a: Swampert|Leftovers|[from] move: Knock Off|[of] p2a: Tyranitar
|faint|p1a: Swampert
|
|-weather|Sandstorm|[upkeep]
|upkeep
|
|t:|1776184241
|switch|p1a: Landorus|Landorus-Therian, M|100/100
|-ability|p1a: Landorus|Intimidate|boost
|-unboost|p2a: Tyranitar|atk|1
|turn|20
|
|t:|1776184254
|switch|p2a: Hydrapple|Hydrapple, M|100/100
|move|p1a: Landorus|U-turn|p2a: Hydrapple
|-supereffective|p2a: Hydrapple
|-damage|p2a: Hydrapple|59/100
|
|t:|1776184258
|switch|p1a: Iron Treads|Iron Treads|38/100|[from] U-turn
|
|-weather|none
|upkeep
|turn|21
|
|t:|1776184262
|switch|p2a: Chimecho|Chimecho, M|75/100
|move|p1a: Iron Treads|Ice Spinner|p2a: Chimecho
|-damage|p2a: Chimecho|53/100
|
|-heal|p2a: Chimecho|59/100|[from] item: Leftovers
|upkeep
|turn|22
|
|t:|1776184268
|move|p1a: Iron Treads|Volt Switch|p2a: Chimecho
|-damage|p2a: Chimecho|49/100
|
|t:|1776184274
|-end|p1a: Iron Treads|Quark Drive|[silent]
|switch|p1a: Raging Bolt|Raging Bolt|85/100|[from] Volt Switch
|move|p2a: Chimecho|Future Sight|p1a: Raging Bolt
|-start|p2a: Chimecho|move: Future Sight
|
|-heal|p2a: Chimecho|55/100|[from] item: Leftovers
|upkeep
|turn|23
|
|t:|1776184286
|switch|p2a: Tyranitar|Tyranitar, F|88/100
|-weather|Sandstorm|[from] ability: Sand Stream|[of] p2a: Tyranitar
|move|p1a: Raging Bolt|Volt Switch|p2a: Tyranitar
|-damage|p2a: Tyranitar|60/100
|
|t:|1776184290
|-end|p1a: Raging Bolt|Protosynthesis|[silent]
|switch|p1a: Landorus|Landorus-Therian, M|100/100|[from] Volt Switch
|-ability|p1a: Landorus|Intimidate|boost
|-unboost|p2a: Tyranitar|atk|1
|
|-weather|Sandstorm|[upkeep]
|upkeep
|turn|24
|
|t:|1776184296
|move|p1a: Landorus|U-turn|p2a: Tyranitar
|-supereffective|p2a: Tyranitar
|-damage|p2a: Tyranitar|8/100
|
|t:|1776184298
|switch|p1a: Iron Treads|Iron Treads|38/100|[from] U-turn
|move|p2a: Tyranitar|Knock Off|p1a: Iron Treads
|-damage|p1a: Iron Treads|15/100
|
|-weather|Sandstorm|[upkeep]
|-end|p1a: Iron Treads|move: Future Sight
|-resisted|p1a: Iron Treads
|-damage|p1a: Iron Treads|0 fnt
|faint|p1a: Iron Treads
|-end|p1a: Iron Treads|Quark Drive|[silent]
|upkeep
|
|t:|1776184309
|switch|p1a: Chesnaught|Chesnaught, M|100/100
|turn|25
|
|t:|1776184319
|move|p2a: Tyranitar|Knock Off|p1a: Chesnaught
|-resisted|p1a: Chesnaught
|-damage|p1a: Chesnaught|90/100
|-enditem|p1a: Chesnaught|Leftovers|[from] move: Knock Off|[of] p2a: Tyranitar
|move|p1a: Chesnaught|Spikes|p2a: Tyranitar
|-sidestart|p2: kopv18|Spikes
|
|-weather|Sandstorm|[upkeep]
|-damage|p1a: Chesnaught|84/100|[from] Sandstorm
|upkeep
|turn|26
|
|t:|1776184324
|move|p2a: Tyranitar|Ice Punch|p1a: Chesnaught
|-supereffective|p1a: Chesnaught
|-damage|p1a: Chesnaught|64/100
|move|p1a: Chesnaught|Leech Seed|p2a: Tyranitar|[miss]
|-miss|p1a: Chesnaught|p2a: Tyranitar
|
|-weather|Sandstorm|[upkeep]
|-damage|p1a: Chesnaught|58/100|[from] Sandstorm
|upkeep
|turn|27
|
|t:|1776184328
|move|p2a: Tyranitar|Ice Punch|p1a: Chesnaught
|-supereffective|p1a: Chesnaught
|-damage|p1a: Chesnaught|34/100
|move|p1a: Chesnaught|Synthesis|p1a: Chesnaught
|-heal|p1a: Chesnaught|59/100
|
|-weather|none
|upkeep
|turn|28
|
|t:|1776184333
|move|p2a: Tyranitar|Ice Punch|p1a: Chesnaught
|-supereffective|p1a: Chesnaught
|-damage|p1a: Chesnaught|38/100
|move|p1a: Chesnaught|Synthesis|p1a: Chesnaught
|-heal|p1a: Chesnaught|88/100
|
|upkeep
|turn|29
|
|t:|1776184337
|move|p2a: Tyranitar|Ice Punch|p1a: Chesnaught
|-supereffective|p1a: Chesnaught
|-damage|p1a: Chesnaught|67/100
|move|p1a: Chesnaught|Body Press|p2a: Tyranitar
|-supereffective|p2a: Tyranitar
|-damage|p2a: Tyranitar|0 fnt
|faint|p2a: Tyranitar
|
|upkeep
|
|t:|1776184345
|switch|p2a: Hydrapple|Hydrapple, M|92/100
|-damage|p2a: Hydrapple|80/100|[from] Spikes
|turn|30
|
|t:|1776184356
|switch|p1a: Raging Bolt|Raging Bolt|85/100
|move|p2a: Hydrapple|Fickle Beam|p1a: Raging Bolt|[anim] Fickle Beam All Out
|-activate|p2a: Hydrapple|move: Fickle Beam
|-supereffective|p1a: Raging Bolt
|-damage|p1a: Raging Bolt|0 fnt
|faint|p1a: Raging Bolt
|-end|p1a: Raging Bolt|Protosynthesis|[silent]
|
|upkeep
|
|t:|1776184359
|switch|p1a: Landorus|Landorus-Therian, M|100/100
|-ability|p1a: Landorus|Intimidate|boost
|-unboost|p2a: Hydrapple|atk|1
|turn|31
|
|t:|1776184367
|move|p1a: Landorus|U-turn|p2a: Hydrapple
|-supereffective|p2a: Hydrapple
|-damage|p2a: Hydrapple|37/100
|
|t:|1776184368
|switch|p1a: Chesnaught|Chesnaught, M|67/100|[from] U-turn
|move|p2a: Hydrapple|Fickle Beam|p1a: Chesnaught|[anim] Fickle Beam All Out
|-activate|p2a: Hydrapple|move: Fickle Beam
|-damage|p1a: Chesnaught|0 fnt
|faint|p1a: Chesnaught
|
|upkeep
|c|☆Arboliva'sGarden|Lame
|-message|Arboliva'sGarden forfeited.
|
|win|kopv18
|raw|Arboliva&apos;sGarden's rating: 1462 &rarr; <strong>1446</strong><br />(-16 for losing)
|raw|kopv18's rating: 1533 &rarr; <strong>1549</strong><br />(+16 for winning)
|l|☆Arboliva'sGarden
|player|p1|
|c|☆kopv18|why
