|html|<div class="broadcast-blue"><strong>[Gen 9] OU is currently suspecting Tera Blast! For information on how to participate check out the <a href="https://www.smogon.com/tools/suspects/view/200">suspect thread</a>.</strong></div>
|j|‽MooseMilkMen
|j|☆saffid
|t:|1776185751
|gametype|singles
|player|p1|MooseMilkMen|swimmer|1174
|player|p2|saffid|169|1163
|gen|9
|tier|[Gen 9] OU
|rated|
|rule|HP Percentage Mod: HP is shown in percentages
|rule|Endless Battle Clause: Forcing endless battles is banned
|rule|Species Clause: Limit one of each Pokémon
|rule|OHKO Clause: OHKO moves are banned
|rule|Evasion Items Clause: Evasion items are banned
|rule|Evasion Moves Clause: Evasion moves are banned
|rule|Evasion Abilities Clause: Evasion abilities are banned
|rule|Sleep Moves Clause: Sleep-inducing moves are banned
|clearpoke
|poke|p1|Alomomola, F|
|poke|p1|Toxapex, F|
|poke|p1|Clodsire, M|
|poke|p1|Blissey, F|
|poke|p1|Dondozo, F|
|poke|p1|Talonflame, F|
|poke|p2|Metagross|
|poke|p2|Entei|
|poke|p2|Milotic, M|
|poke|p2|Dragonite, M|
|poke|p2|Great Tusk|
|poke|p2|Zapdos|
|teampreview
|inactive|Battle timer is ON: inactive players will automatically lose when time's up. (requested by MooseMilkMen)
|inactive|saffid also wants the timer to be on.
|j| ohko_smeargle
|c|☆saffid|WoW
|c|☆saffid|What a team
|inactive|saffid has 120 seconds left.
|c|☆saffid|Just change talon
|
|t:|1776185801
|teamsize|p1|6
|teamsize|p2|6
|start
|switch|p1a: Alomomola|Alomomola, F|100/100
|switch|p2a: Great Tusk|Great Tusk|100/100
|-enditem|p2a: Great Tusk|Booster Energy
|-activate|p2a: Great Tusk|ability: Protosynthesis|[fromitem]
|-start|p2a: Great Tusk|protosynthesisatk
|turn|1
|
|t:|1776185812
|move|p2a: Great Tusk|Headlong Rush|p1a: Alomomola
|-damage|p1a: Alomomola|56/100
|-unboost|p2a: Great Tusk|def|1
|-unboost|p2a: Great Tusk|spd|1
|move|p1a: Alomomola|Chilling Water|p2a: Great Tusk
|-supereffective|p2a: Great Tusk
|-damage|p2a: Great Tusk|62/100
|-unboost|p2a: Great Tusk|atk|1
|
|upkeep
|turn|2
|
|t:|1776185826
|-end|p2a: Great Tusk|Protosynthesis|[silent]
|switch|p2a: Zapdos|Zapdos|100/100
|move|p1a: Alomomola|Wish|p1a: Alomomola
|
|upkeep
|turn|3
|
|t:|1776185834
|switch|p1a: Blissey|Blissey, F|100/100
|move|p2a: Zapdos|Hurricane|p1a: Blissey
|-damage|p1a: Blissey|85/100
|
|-heal|p1a: Blissey|100/100|[from] move: Wish|[wisher] Alomomola
|upkeep
|turn|4
|
|t:|1776185845
|switch|p2a: Great Tusk|Great Tusk|62/100
|move|p1a: Blissey|Seismic Toss|p2a: Great Tusk
|-damage|p2a: Great Tusk|35/100
|
|upkeep
|turn|5
|
|t:|1776185852
|switch|p1a: Alomomola|Alomomola, F|90/100
|move|p2a: Great Tusk|Close Combat|p1a: Alomomola
|-damage|p1a: Alomomola|56/100
|-unboost|p2a: Great Tusk|def|1
|-unboost|p2a: Great Tusk|spd|1
|
|upkeep
|turn|6
|
|t:|1776185860
|move|p2a: Great Tusk|Headlong Rush|p1a: Alomomola
|-damage|p1a: Alomomola|25/100
|-unboost|p2a: Great Tusk|def|1
|-unboost|p2a: Great Tusk|spd|1
|move|p1a: Alomomola|Wish|p1a: Alomomola
|
|upkeep
|turn|7
|
|t:|1776185868
|move|p1a: Alomomola|Protect|p1a: Alomomola
|-singleturn|p1a: Alomomola|Protect
|move|p2a: Great Tusk|Headlong Rush|p1a: Alomomola
|-activate|p1a: Alomomola|move: Protect
|
|-heal|p1a: Alomomola|75/100|[from] move: Wish|[wisher] Alomomola
|upkeep
|turn|8
|
|t:|1776185877
|move|p2a: Great Tusk|Headlong Rush|p1a: Alomomola
|-damage|p1a: Alomomola|40/100
|-unboost|p2a: Great Tusk|def|1
|-unboost|p2a: Great Tusk|spd|1
|move|p1a: Alomomola|Wish|p1a: Alomomola
|
|upkeep
|turn|9
|
|t:|1776185885
|move|p2a: Great Tusk|Headlong Rush|p1a: Alomomola
|-damage|p1a: Alomomola|6/100
|-unboost|p2a: Great Tusk|def|1
|-unboost|p2a: Great Tusk|spd|1
|move|p1a: Alomomola|Chilling Water|p2a: Great Tusk
|-supereffective|p2a: Great Tusk
|-damage|p2a: Great Tusk|0 fnt
|faint|p2a: Great Tusk
|-end|p2a: Great Tusk|Protosynthesis|[silent]
|
|-heal|p1a: Alomomola|56/100|[from] move: Wish|[wisher] Alomomola
|upkeep
|
|t:|1776185903
|switch|p2a: Entei|Entei|100/100
|turn|10
|
|t:|1776185909
|move|p2a: Entei|Trailblaze|p1a: Alomomola
|-supereffective|p1a: Alomomola
|-damage|p1a: Alomomola|38/100
|-boost|p2a: Entei|spe|1
|move|p1a: Alomomola|Wish|p1a: Alomomola
|
|upkeep
|turn|11
|
|t:|1776185922
|move|p2a: Entei|Trailblaze|p1a: Alomomola
|-supereffective|p1a: Alomomola
|-damage|p1a: Alomomola|21/100
|-boost|p2a: Entei|spe|1
|move|p1a: Alomomola|Whirlpool|p2a: Entei
|-supereffective|p2a: Entei
|-damage|p2a: Entei|86/100
|-activate|p2a: Entei|move: Whirlpool|[of] p1a: Alomomola
|
|-heal|p1a: Alomomola|71/100|[from] move: Wish|[wisher] Alomomola
|-heal|p2a: Entei|92/100|[from] item: Leftovers
|-damage|p2a: Entei|80/100|[from] move: Whirlpool|[partiallytrapped]
|upkeep
|turn|12
|
|t:|1776185936
|move|p2a: Entei|Trailblaze|p1a: Alomomola
|-supereffective|p1a: Alomomola
|-damage|p1a: Alomomola|52/100
|-boost|p2a: Entei|spe|1
|move|p1a: Alomomola|Chilling Water|p2a: Entei
|-supereffective|p2a: Entei
|-damage|p2a: Entei|60/100
|-unboost|p2a: Entei|atk|1
|
|-heal|p2a: Entei|66/100|[from] item: Leftovers
|-damage|p2a: Entei|54/100|[from] move: Whirlpool|[partiallytrapped]
|upkeep
|turn|13
|
|t:|1776185943
|move|p2a: Entei|Will-O-Wisp|p1a: Alomomola
|-status|p1a: Alomomola|brn
|move|p1a: Alomomola|Wish|p1a: Alomomola
|
|-heal|p2a: Entei|60/100|[from] item: Leftovers
|-damage|p1a: Alomomola|46/100 brn|[from] brn
|-damage|p2a: Entei|48/100|[from] move: Whirlpool|[partiallytrapped]
|upkeep
|turn|14
|
|t:|1776185950
|move|p2a: Entei|Trailblaze|p1a: Alomomola
|-supereffective|p1a: Alomomola
|-damage|p1a: Alomomola|32/100 brn
|-boost|p2a: Entei|spe|1
|move|p1a: Alomomola|Chilling Water|p2a: Entei
|-supereffective|p2a: Entei
|-damage|p2a: Entei|29/100
|-unboost|p2a: Entei|atk|1
|
|-heal|p1a: Alomomola|82/100 brn|[from] move: Wish|[wisher] Alomomola
|-heal|p2a: Entei|35/100|[from] item: Leftovers
|-damage|p1a: Alomomola|76/100 brn|[from] brn
|-damage|p2a: Entei|23/100|[from] move: Whirlpool|[partiallytrapped]
|upkeep
|turn|15
|
|t:|1776185966
|move|p2a: Entei|Sacred Fire|p1a: Alomomola
|-resisted|p1a: Alomomola
|-damage|p1a: Alomomola|69/100 brn
|move|p1a: Alomomola|Chilling Water|p2a: Entei
|-supereffective|p2a: Entei
|-damage|p2a: Entei|2/100
|-unboost|p2a: Entei|atk|1
|
|-heal|p2a: Entei|8/100|[from] item: Leftovers
|-damage|p1a: Alomomola|62/100 brn|[from] brn
|-damage|p2a: Entei|0 fnt|[from] move: Whirlpool|[partiallytrapped]
|faint|p2a: Entei
|upkeep
|inactive|saffid has 120 seconds left.
|
|t:|1776185992
|switch|p2a: Zapdos|Zapdos|100/100
|turn|16
|
|t:|1776186001
|switch|p1a: Blissey|Blissey, F|100/100
|move|p2a: Zapdos|Thunder Wave|p1a: Blissey
|-status|p1a: Blissey|par
|
|upkeep
|turn|17
|
|t:|1776186009
|switch|p2a: Metagross|Metagross|100/100
|move|p1a: Blissey|Seismic Toss|p2a: Metagross
|-damage|p2a: Metagross|67/100
|
|-heal|p2a: Metagross|73/100|[from] item: Leftovers
|upkeep
|turn|18
|
|t:|1776186018
|-curestatus|p1a: Blissey|par|[from] ability: Natural Cure
|switch|p1a: Talonflame|Talonflame, F|100/100
|move|p2a: Metagross|Meteor Mash|p1a: Talonflame|[miss]
|-miss|p2a: Metagross|p1a: Talonflame
|
|-heal|p2a: Metagross|79/100|[from] item: Leftovers
|upkeep
|turn|19
|
|t:|1776186026
|switch|p2a: Milotic|Milotic, M|100/100
|move|p1a: Talonflame|Will-O-Wisp|p2a: Milotic
|-status|p2a: Milotic|brn
|
|-damage|p2a: Milotic|94/100 brn|[from] brn
|upkeep
|turn|20
|
|t:|1776186034
|switch|p1a: Toxapex|Toxapex, F|100/100
|move|p2a: Milotic|Scald|p1a: Toxapex
|-resisted|p1a: Toxapex
|-damage|p1a: Toxapex|85/100
|
|-damage|p2a: Milotic|88/100 brn|[from] brn
|upkeep
|turn|21
|
|t:|1776186045
|switch|p2a: Metagross|Metagross|79/100
|move|p1a: Toxapex|Infestation|p2a: Metagross
|-crit|p2a: Metagross
|-damage|p2a: Metagross|74/100
|-activate|p2a: Metagross|move: Infestation|[of] p1a: Toxapex
|
|-heal|p2a: Metagross|80/100|[from] item: Leftovers
|-damage|p2a: Metagross|68/100|[from] move: Infestation|[partiallytrapped]
|upkeep
|turn|22
|
|t:|1776186051
|switch|p1a: Alomomola|Alomomola, F|96/100 brn
|move|p2a: Metagross|Agility|p2a: Metagross
|-boost|p2a: Metagross|spe|2
|
|-heal|p2a: Metagross|74/100|[from] item: Leftovers
|-damage|p1a: Alomomola|90/100 brn|[from] brn
|-end|p2a: Metagross|Infestation|[partiallytrapped]|[silent]
|upkeep
|turn|23
|
|t:|1776186056
|move|p2a: Metagross|Meteor Mash|p1a: Alomomola
|-resisted|p1a: Alomomola
|-damage|p1a: Alomomola|75/100 brn
|move|p1a: Alomomola|Chilling Water|p2a: Metagross
|-damage|p2a: Metagross|62/100
|
|-heal|p2a: Metagross|68/100|[from] item: Leftovers
|-damage|p1a: Alomomola|69/100 brn|[from] brn
|upkeep
|turn|24
|
|t:|1776186073
|move|p2a: Metagross|Meteor Mash|p1a: Alomomola|[miss]
|-miss|p2a: Metagross|p1a: Alomomola
|move|p1a: Alomomola|Whirlpool|p2a: Metagross
|-damage|p2a: Metagross|60/100
|-activate|p2a: Metagross|move: Whirlpool|[of] p1a: Alomomola
|
|-heal|p2a: Metagross|66/100|[from] item: Leftovers
|-damage|p1a: Alomomola|63/100 brn|[from] brn
|-damage|p2a: Metagross|53/100|[from] move: Whirlpool|[partiallytrapped]
|upkeep
|turn|25
|
|t:|1776186079
|move|p2a: Metagross|Meteor Mash|p1a: Alomomola
|-resisted|p1a: Alomomola
|-damage|p1a: Alomomola|48/100 brn
|move|p1a: Alomomola|Wish|p1a: Alomomola
|
|-heal|p2a: Metagross|59/100|[from] item: Leftovers
|-damage|p1a: Alomomola|42/100 brn|[from] brn
|-damage|p2a: Metagross|47/100|[from] move: Whirlpool|[partiallytrapped]
|upkeep
|turn|26
|
|t:|1776186084
|move|p2a: Metagross|Meteor Mash|p1a: Alomomola|[miss]
|-miss|p2a: Metagross|p1a: Alomomola
|move|p1a: Alomomola|Whirlpool|p2a: Metagross
|-damage|p2a: Metagross|40/100
|
|-heal|p1a: Alomomola|92/100 brn|[from] move: Wish|[wisher] Alomomola
|-heal|p2a: Metagross|46/100|[from] item: Leftovers
|-damage|p1a: Alomomola|86/100 brn|[from] brn
|-damage|p2a: Metagross|34/100|[from] move: Whirlpool|[partiallytrapped]
|upkeep
|turn|27
|
|t:|1776186086
|move|p2a: Metagross|Meteor Mash|p1a: Alomomola
|-resisted|p1a: Alomomola
|-damage|p1a: Alomomola|72/100 brn
|move|p1a: Alomomola|Whirlpool|p2a: Metagross
|-damage|p2a: Metagross|26/100
|
|-heal|p2a: Metagross|32/100|[from] item: Leftovers
|-damage|p1a: Alomomola|66/100 brn|[from] brn
|-damage|p2a: Metagross|19/100|[from] move: Whirlpool|[partiallytrapped]
|upkeep
|turn|28
|
|t:|1776186097
|move|p2a: Metagross|Meteor Mash|p1a: Alomomola
|-resisted|p1a: Alomomola
|-damage|p1a: Alomomola|53/100 brn
|move|p1a: Alomomola|Wish|p1a: Alomomola
|
|-heal|p2a: Metagross|25/100|[from] item: Leftovers
|-damage|p1a: Alomomola|46/100 brn|[from] brn
|-damage|p2a: Metagross|13/100|[from] move: Whirlpool|[partiallytrapped]
|upkeep
|turn|29
|
|t:|1776186109
|move|p2a: Metagross|Meteor Mash|p1a: Alomomola
|-resisted|p1a: Alomomola
|-crit|p1a: Alomomola
|-damage|p1a: Alomomola|26/100 brn
|move|p1a: Alomomola|Whirlpool|p2a: Metagross
|-damage|p2a: Metagross|5/100
|
|-heal|p1a: Alomomola|76/100 brn|[from] move: Wish|[wisher] Alomomola
|-heal|p2a: Metagross|11/100|[from] item: Leftovers
|-damage|p1a: Alomomola|69/100 brn|[from] brn
|-end|p2a: Metagross|Whirlpool|[partiallytrapped]
|upkeep
|turn|30
|
|t:|1776186121
|move|p2a: Metagross|Meteor Mash|p1a: Alomomola
|-resisted|p1a: Alomomola
|-damage|p1a: Alomomola|56/100 brn
|move|p1a: Alomomola|Wish|p1a: Alomomola
|
|-heal|p2a: Metagross|17/100|[from] item: Leftovers
|-damage|p1a: Alomomola|50/100 brn|[from] brn
|upkeep
|turn|31
|
|t:|1776186130
|move|p2a: Metagross|Meteor Mash|p1a: Alomomola
|-resisted|p1a: Alomomola
|-damage|p1a: Alomomola|35/100 brn
|move|p1a: Alomomola|Whirlpool|p2a: Metagross
|-crit|p2a: Metagross
|-damage|p2a: Metagross|6/100
|-activate|p2a: Metagross|move: Whirlpool|[of] p1a: Alomomola
|
|-heal|p1a: Alomomola|85/100 brn|[from] move: Wish|[wisher] Alomomola
|-heal|p2a: Metagross|12/100|[from] item: Leftovers
|-damage|p1a: Alomomola|79/100 brn|[from] brn
|-damage|p2a: Metagross|0 fnt|[from] move: Whirlpool|[partiallytrapped]
|faint|p2a: Metagross
|upkeep
|
|t:|1776186152
|switch|p2a: Dragonite|Dragonite, M|100/100
|turn|32
|
|t:|1776186157
|move|p2a: Dragonite|Dragon Dance|p2a: Dragonite
|-boost|p2a: Dragonite|atk|1
|-boost|p2a: Dragonite|spe|1
|move|p1a: Alomomola|Whirlpool|p2a: Dragonite
|-resisted|p2a: Dragonite
|-damage|p2a: Dragonite|99/100
|-activate|p2a: Dragonite|move: Whirlpool|[of] p1a: Alomomola
|
|-damage|p1a: Alomomola|73/100 brn|[from] brn
|-damage|p2a: Dragonite|87/100|[from] move: Whirlpool|[partiallytrapped]
|upkeep
|turn|33
|
|t:|1776186164
|move|p2a: Dragonite|Dragon Dance|p2a: Dragonite
|-boost|p2a: Dragonite|atk|1
|-boost|p2a: Dragonite|spe|1
|move|p1a: Alomomola|Chilling Water|p2a: Dragonite
|-resisted|p2a: Dragonite
|-damage|p2a: Dragonite|83/100
|-unboost|p2a: Dragonite|atk|1
|
|-damage|p1a: Alomomola|67/100 brn|[from] brn
|-damage|p2a: Dragonite|70/100|[from] move: Whirlpool|[partiallytrapped]
|upkeep
|turn|34
|
|t:|1776186170
|move|p2a: Dragonite|Dragon Dance|p2a: Dragonite
|-boost|p2a: Dragonite|atk|1
|-boost|p2a: Dragonite|spe|1
|move|p1a: Alomomola|Chilling Water|p2a: Dragonite
|-resisted|p2a: Dragonite
|-damage|p2a: Dragonite|66/100
|-unboost|p2a: Dragonite|atk|1
|
|-damage|p1a: Alomomola|60/100 brn|[from] brn
|-damage|p2a: Dragonite|54/100|[from] move: Whirlpool|[partiallytrapped]
|upkeep
|turn|35
|
|t:|1776186175
|move|p2a: Dragonite|Dragon Dance|p2a: Dragonite
|-boost|p2a: Dragonite|atk|1
|-boost|p2a: Dragonite|spe|1
|move|p1a: Alomomola|Chilling Water|p2a: Dragonite
|-resisted|p2a: Dragonite
|-damage|p2a: Dragonite|49/100
|-unboost|p2a: Dragonite|atk|1
|
|-damage|p1a: Alomomola|54/100 brn|[from] brn
|-damage|p2a: Dragonite|37/100|[from] move: Whirlpool|[partiallytrapped]
|upkeep
|turn|36
|
|t:|1776186182
|-terastallize|p2a: Dragonite|Normal
|move|p2a: Dragonite|Extreme Speed|p1a: Alomomola
|-damage|p1a: Alomomola|18/100 brn
|move|p1a: Alomomola|Chilling Water|p2a: Dragonite
|-damage|p2a: Dragonite|28/100
|-unboost|p2a: Dragonite|atk|1
|
|-damage|p1a: Alomomola|12/100 brn|[from] brn
|-end|p2a: Dragonite|Whirlpool|[partiallytrapped]
|upkeep
|turn|37
|
|t:|1776186192
|switch|p1a: Clodsire|Clodsire, M|100/100
|move|p2a: Dragonite|Dragon Dance|p2a: Dragonite
|-boost|p2a: Dragonite|atk|1
|-boost|p2a: Dragonite|spe|1
|
|upkeep
|turn|38
|
|t:|1776186196
|move|p2a: Dragonite|Earthquake|p1a: Clodsire
|-supereffective|p1a: Clodsire
|-damage|p1a: Clodsire|17/100
|move|p1a: Clodsire|Earthquake|p2a: Dragonite
|-damage|p2a: Dragonite|0 fnt
|faint|p2a: Dragonite
|
|upkeep
|
|t:|1776186204
|switch|p2a: Zapdos|Zapdos|100/100
|turn|39
|
|t:|1776186207
|move|p2a: Zapdos|Discharge|p1a: Clodsire
|-immune|p1a: Clodsire
|move|p1a: Clodsire|Recover|p1a: Clodsire
|-heal|p1a: Clodsire|67/100
|
|upkeep
|turn|40
|
|t:|1776186214
|move|p2a: Zapdos|Hurricane|p1a: Clodsire
|-damage|p1a: Clodsire|39/100
|move|p1a: Clodsire|Toxic|p2a: Zapdos
|-status|p2a: Zapdos|tox
|
|-damage|p2a: Zapdos|94/100 tox|[from] psn
|upkeep
|turn|41
|
|t:|1776186221
|move|p2a: Zapdos|Hurricane|p1a: Clodsire
|-damage|p1a: Clodsire|7/100
|move|p1a: Clodsire|Recover|p1a: Clodsire
|-heal|p1a: Clodsire|57/100
|
|-damage|p2a: Zapdos|82/100 tox|[from] psn
|upkeep
|turn|42
|
|t:|1776186230
|move|p2a: Zapdos|Hurricane|p1a: Clodsire|[miss]
|-miss|p2a: Zapdos|p1a: Clodsire
|move|p1a: Clodsire|Recover|p1a: Clodsire
|-heal|p1a: Clodsire|100/100
|
|-damage|p2a: Zapdos|63/100 tox|[from] psn
|upkeep
|turn|43
|
|t:|1776186244
|switch|p1a: Talonflame|Talonflame, F|100/100
|move|p2a: Zapdos|Roost|p2a: Zapdos
|-heal|p2a: Zapdos|100/100 tox
|-singleturn|p2a: Zapdos|move: Roost
|
|-damage|p2a: Zapdos|76/100 tox|[from] psn
|upkeep
|turn|44
|
|t:|1776186251
|move|p1a: Talonflame|Flamethrower|p2a: Zapdos
|-damage|p2a: Zapdos|46/100 tox
|move|p2a: Zapdos|Hurricane|p1a: Talonflame
|-damage|p1a: Talonflame|26/100
|-start|p1a: Talonflame|confusion
|
|-damage|p2a: Zapdos|14/100 tox|[from] psn
|upkeep
|turn|45
|
|t:|1776186261
|-activate|p1a: Talonflame|confusion
|move|p1a: Talonflame|Roost|p1a: Talonflame
|-heal|p1a: Talonflame|76/100
|-singleturn|p1a: Talonflame|move: Roost
|move|p2a: Zapdos|Discharge|p1a: Talonflame
|-damage|p1a: Talonflame|27/100
|
|-damage|p2a: Zapdos|0 fnt|[from] psn
|faint|p2a: Zapdos
|upkeep
|
|t:|1776186272
|switch|p2a: Milotic|Milotic, M|88/100 brn
|turn|46
|
|t:|1776186275
|switch|p1a: Toxapex|Toxapex, F|100/100
|move|p2a: Milotic|Scald|p1a: Toxapex
|-resisted|p1a: Toxapex
|-damage|p1a: Toxapex|86/100
|-status|p1a: Toxapex|brn
|
|-damage|p2a: Milotic|82/100 brn|[from] brn
|-damage|p1a: Toxapex|79/100 brn|[from] brn
|upkeep
|turn|47
|
|t:|1776186289
|move|p2a: Milotic|Scald|p1a: Toxapex
|-resisted|p1a: Toxapex
|-damage|p1a: Toxapex|64/100 brn
|move|p1a: Toxapex|Infestation|p2a: Milotic
|-damage|p2a: Milotic|80/100 brn
|-activate|p2a: Milotic|move: Infestation|[of] p1a: Toxapex
|
|-damage|p2a: Milotic|74/100 brn|[from] brn
|-damage|p1a: Toxapex|58/100 brn|[from] brn
|-damage|p2a: Milotic|61/100 brn|[from] move: Infestation|[partiallytrapped]
|upkeep
|turn|48
|
|t:|1776186300
|move|p2a: Milotic|Scald|p1a: Toxapex
|-resisted|p1a: Toxapex
|-damage|p1a: Toxapex|41/100 brn
|move|p1a: Toxapex|Recover|p1a: Toxapex
|-heal|p1a: Toxapex|91/100 brn
|
|-damage|p2a: Milotic|55/100 brn|[from] brn
|-damage|p1a: Toxapex|85/100 brn|[from] brn
|-damage|p2a: Milotic|43/100 brn|[from] move: Infestation|[partiallytrapped]
|upkeep
|turn|49
|
|t:|1776186312
|move|p2a: Milotic|Scald|p1a: Toxapex
|-resisted|p1a: Toxapex
|-damage|p1a: Toxapex|68/100 brn
|move|p1a: Toxapex|Infestation|p2a: Milotic
|-damage|p2a: Milotic|41/100 brn
|
|-damage|p2a: Milotic|35/100 brn|[from] brn
|-damage|p1a: Toxapex|62/100 brn|[from] brn
|-damage|p2a: Milotic|22/100 brn|[from] move: Infestation|[partiallytrapped]
|upkeep
|turn|50
|
|t:|1776186324
|move|p2a: Milotic|Scald|p1a: Toxapex
|-resisted|p1a: Toxapex
|-damage|p1a: Toxapex|47/100 brn
|move|p1a: Toxapex|Infestation|p2a: Milotic
|-damage|p2a: Milotic|20/100 brn
|
|-damage|p2a: Milotic|14/100 brn|[from] brn
|-damage|p1a: Toxapex|41/100 brn|[from] brn
|-damage|p2a: Milotic|1/100 brn|[from] move: Infestation|[partiallytrapped]
|upkeep
|turn|51
|
|t:|1776186334
|move|p2a: Milotic|Recover|p2a: Milotic
|-heal|p2a: Milotic|51/100 brn
|move|p1a: Toxapex|Infestation|p2a: Milotic
|-damage|p2a: Milotic|49/100 brn
|
|-damage|p2a: Milotic|43/100 brn|[from] brn
|-damage|p1a: Toxapex|35/100 brn|[from] brn
|-end|p2a: Milotic|Infestation|[partiallytrapped]
|upkeep
|turn|52
|
|t:|1776186343
|switch|p1a: Blissey|Blissey, F|100/100
|move|p2a: Milotic|Recover|p2a: Milotic
|-heal|p2a: Milotic|93/100 brn
|
|-damage|p2a: Milotic|87/100 brn|[from] brn
|upkeep
|turn|53
|
|t:|1776186352
|move|p2a: Milotic|Scald|p1a: Blissey
|-damage|p1a: Blissey|91/100
|-status|p1a: Blissey|brn
|move|p1a: Blissey|Seismic Toss|p2a: Milotic
|-damage|p2a: Milotic|61/100 brn
|
|-damage|p2a: Milotic|55/100 brn|[from] brn
|-damage|p1a: Blissey|85/100 brn|[from] brn
|upkeep
|turn|54
|
|t:|1776186364
|move|p2a: Milotic|Alluring Voice|p1a: Blissey
|-damage|p1a: Blissey|78/100 brn
|move|p1a: Blissey|Seismic Toss|p2a: Milotic
|-damage|p2a: Milotic|28/100 brn
|
|-damage|p2a: Milotic|22/100 brn|[from] brn
|-damage|p1a: Blissey|72/100 brn|[from] brn
|upkeep
|turn|55
|
|t:|1776186373
|move|p2a: Milotic|Recover|p2a: Milotic
|-heal|p2a: Milotic|72/100 brn
|move|p1a: Blissey|Seismic Toss|p2a: Milotic
|-damage|p2a: Milotic|46/100 brn
|
|-damage|p2a: Milotic|40/100 brn|[from] brn
|-damage|p1a: Blissey|65/100 brn|[from] brn
|upkeep
|turn|56
|
|t:|1776186381
|move|p2a: Milotic|Recover|p2a: Milotic
|-heal|p2a: Milotic|90/100 brn
|move|p1a: Blissey|Seismic Toss|p2a: Milotic
|-damage|p2a: Milotic|64/100 brn
|
|-damage|p2a: Milotic|57/100 brn|[from] brn
|-damage|p1a: Blissey|59/100 brn|[from] brn
|upkeep
|turn|57
|
|t:|1776186392
|move|p2a: Milotic|Scald|p1a: Blissey
|-damage|p1a: Blissey|49/100 brn
|move|p1a: Blissey|Soft-Boiled|p1a: Blissey
|-heal|p1a: Blissey|99/100 brn
|
|-damage|p2a: Milotic|51/100 brn|[from] brn
|-damage|p1a: Blissey|93/100 brn|[from] brn
|upkeep
|turn|58
|
|t:|1776186402
|move|p2a: Milotic|Scald|p1a: Blissey
|-damage|p1a: Blissey|82/100 brn
|move|p1a: Blissey|Seismic Toss|p2a: Milotic
|-damage|p2a: Milotic|25/100 brn
|
|-damage|p2a: Milotic|19/100 brn|[from] brn
|-damage|p1a: Blissey|76/100 brn|[from] brn
|upkeep
|turn|59
|
|t:|1776186413
|move|p2a: Milotic|Recover|p2a: Milotic
|-heal|p2a: Milotic|69/100 brn
|move|p1a: Blissey|Seismic Toss|p2a: Milotic
|-damage|p2a: Milotic|43/100 brn
|
|-damage|p2a: Milotic|37/100 brn|[from] brn
|-damage|p1a: Blissey|70/100 brn|[from] brn
|upkeep
|turn|60
|
|t:|1776186424
|move|p2a: Milotic|Recover|p2a: Milotic
|-heal|p2a: Milotic|87/100 brn
|move|p1a: Blissey|Seismic Toss|p2a: Milotic
|-damage|p2a: Milotic|60/100 brn
|
|-damage|p2a: Milotic|54/100 brn|[from] brn
|-damage|p1a: Blissey|63/100 brn|[from] brn
|upkeep
|turn|61
|
|t:|1776186433
|move|p2a: Milotic|Scald|p1a: Blissey
|-damage|p1a: Blissey|52/100 brn
|move|p1a: Blissey|Seismic Toss|p2a: Milotic
|-damage|p2a: Milotic|28/100 brn
|
|-damage|p2a: Milotic|22/100 brn|[from] brn
|-damage|p1a: Blissey|46/100 brn|[from] brn
|upkeep
|turn|62
|
|t:|1776186442
|move|p2a: Milotic|Recover|p2a: Milotic
|-heal|p2a: Milotic|72/100 brn
|move|p1a: Blissey|Soft-Boiled|p1a: Blissey
|-heal|p1a: Blissey|96/100 brn
|
|-damage|p2a: Milotic|66/100 brn|[from] brn
|-damage|p1a: Blissey|90/100 brn|[from] brn
|upkeep
|turn|63
|
|t:|1776186451
|move|p2a: Milotic|Scald|p1a: Blissey
|-damage|p1a: Blissey|79/100 brn
|move|p1a: Blissey|Seismic Toss|p2a: Milotic
|-damage|p2a: Milotic|40/100 brn
|
|-damage|p2a: Milotic|33/100 brn|[from] brn
|-damage|p1a: Blissey|73/100 brn|[from] brn
|upkeep
|turn|64
|
|t:|1776186465
|move|p2a: Milotic|Recover|p2a: Milotic
|-heal|p2a: Milotic|84/100 brn
|move|p1a: Blissey|Seismic Toss|p2a: Milotic
|-damage|p2a: Milotic|57/100 brn
|
|-damage|p2a: Milotic|51/100 brn|[from] brn
|-damage|p1a: Blissey|67/100 brn|[from] brn
|upkeep
|turn|65
|
|t:|1776186475
|move|p2a: Milotic|Scald|p1a: Blissey
|-damage|p1a: Blissey|57/100 brn
|move|p1a: Blissey|Seismic Toss|p2a: Milotic
|-damage|p2a: Milotic|25/100 brn
|
|-damage|p2a: Milotic|19/100 brn|[from] brn
|-damage|p1a: Blissey|50/100 brn|[from] brn
|upkeep
|turn|66
|
|t:|1776186482
|move|p2a: Milotic|Alluring Voice|p1a: Blissey
|-damage|p1a: Blissey|44/100 brn
|move|p1a: Blissey|Seismic Toss|p2a: Milotic
|-damage|p2a: Milotic|0 fnt
|faint|p2a: Milotic
|
|win|MooseMilkMen
|raw|MooseMilkMen's rating: 1174 &rarr; <strong>1198</strong><br />(+24 for winning)
|raw|saffid's rating: 1163 &rarr; <strong>1139</strong><br />(-24 for losing)
|l| ohko_smeargle
|l|‽MooseMilkMen
|player|p1|
|l|☆saffid
|player|p2|
|j|‽MooseMilkMen
|player|p1|MooseMilkMen|swimmer|
|n|‽MooseMilkMen|moosemilkmen
