|html|<div class="broadcast-blue"><strong>[Gen 9] OU is currently suspecting Tera Blast! For information on how to participate check out the <a href="https://www.smogon.com/tools/suspects/view/200">suspect thread</a>.</strong></div>
|j|☆baakrisht
|j|☆Kaiohkenx1
|t:|1776085086
|gametype|singles
|player|p1|baakrisht|1|1213
|player|p2|Kaiohkenx1|silver|1217
|gen|9
|tier|[Gen 9] OU
|rated|
|rule|HP Percentage Mod: HP is shown in percentages
|rule|Endless Battle Clause: Forcing endless battles is banned
|rule|Species Clause: Limit one of each Pokémon
|rule|OHKO Clause: OHKO moves are banned
|rule|Evasion Items Clause: Evasion items are banned
|rule|Evasion Moves Clause: Evasion moves are banned
|rule|Evasion Abilities Clause: Evasion abilities are banned
|rule|Sleep Moves Clause: Sleep-inducing moves are banned
|clearpoke
|poke|p1|Espeon, F|
|poke|p1|Goodra, F|
|poke|p1|Weezing-Galar, F|
|poke|p1|Orthworm, F|
|poke|p1|Suicune|
|poke|p1|Blissey, F|
|poke|p2|Chansey, F|
|poke|p2|Corviknight, M|
|poke|p2|Ceruledge, F|
|poke|p2|Alomomola, F|
|poke|p2|Ting-Lu|
|poke|p2|Kyurem|
|teampreview
|j| ohko_smeargle
|
|t:|1776085095
|teamsize|p1|6
|teamsize|p2|6
|start
|switch|p1a: Ms.बप्पी लहरी|Blissey, F|100/100
|switch|p2a: Ting-Lu|Ting-Lu|100/100
|-ability|p2a: Ting-Lu|Vessel of Ruin
|turn|1
|
|t:|1776085101
|switch|p1a: बिलाई मौसी|Espeon, F|100/100
|move|p2a: Ting-Lu|Stealth Rock|p1a: बिलाई मौसी
|move|p1a: बिलाई मौसी|Stealth Rock|p2a: Ting-Lu|[from] ability: Magic Bounce
|-sidestart|p2: Kaiohkenx1|move: Stealth Rock
|
|upkeep
|turn|2
|
|t:|1776085113
|switch|p2a: Corviknight|Corviknight, M, shiny|100/100
|-damage|p2a: Corviknight|88/100|[from] Stealth Rock
|move|p1a: बिलाई मौसी|Trick|p2a: Corviknight
|-activate|p1a: बिलाई मौसी|move: Trick|[of] p2a: Corviknight
|-item|p2a: Corviknight|Choice Scarf|[from] move: Trick
|-item|p1a: बिलाई मौसी|Rocky Helmet|[from] move: Trick
|
|upkeep
|turn|3
|
|t:|1776085122
|move|p1a: बिलाई मौसी|Trick|p2a: Corviknight
|-activate|p1a: बिलाई मौसी|move: Trick|[of] p2a: Corviknight
|-item|p2a: Corviknight|Rocky Helmet|[from] move: Trick
|-item|p1a: बिलाई मौसी|Choice Scarf|[from] move: Trick
|move|p2a: Corviknight|Defog|p1a: बिलाई मौसी
|move|p1a: बिलाई मौसी|Defog|p2a: Corviknight|[from] ability: Magic Bounce
|-ability|p2a: Corviknight|Mirror Armor
|-unboost|p1a: बिलाई मौसी|evasion|1
|-sideend|p2: Kaiohkenx1|Stealth Rock|[from] move: Defog|[of] p1a: बिलाई मौसी
|
|upkeep
|turn|4
|
|t:|1776085128
|switch|p1a: लसलस|Goodra, F|100/100
|move|p2a: Corviknight|Brave Bird|p1a: लसलस
|-damage|p1a: लसलस|56/100
|-damage|p2a: Corviknight|74/100|[from] Recoil
|
|upkeep
|turn|5
|
|t:|1776085142
|switch|p2a: Alomomola|Alomomola, F|100/100
|move|p1a: लसलस|Rain Dance|p1a: लसलस
|-weather|RainDance
|
|-weather|RainDance|[upkeep]
|upkeep
|turn|6
|
|t:|1776085147
|move|p1a: लसलस|Thunder|p2a: Alomomola
|-supereffective|p2a: Alomomola
|-damage|p2a: Alomomola|38/100
|-status|p2a: Alomomola|par
|cant|p2a: Alomomola|par
|
|-weather|RainDance|[upkeep]
|upkeep
|turn|7
|
|t:|1776085170
|switch|p2a: Kyurem|Kyurem|100/100
|-ability|p2a: Kyurem|Pressure
|move|p1a: लसलस|Sludge Bomb|p2a: Kyurem
|-damage|p2a: Kyurem|78/100
|
|-weather|RainDance|[upkeep]
|upkeep
|turn|8
|
|t:|1776085181
|switch|p1a: Ms.बप्पी लहरी|Blissey, F|100/100
|move|p2a: Kyurem|Freeze-Dry|p1a: Ms.बप्पी लहरी
|-damage|p1a: Ms.बप्पी लहरी|88/100
|
|-weather|RainDance|[upkeep]
|-heal|p1a: Ms.बप्पी लहरी|94/100|[from] item: Leftovers
|upkeep
|turn|9
|
|t:|1776085189
|switch|p2a: Chansey|Chansey, F|100/100
|move|p1a: Ms.बप्पी लहरी|Seismic Toss|p2a: Chansey
|-damage|p2a: Chansey|86/100
|
|-weather|RainDance|[upkeep]
|-heal|p1a: Ms.बप्पी लहरी|100/100|[from] item: Leftovers
|upkeep
|turn|10
|
|t:|1776085196
|move|p1a: Ms.बप्पी लहरी|Thunder Wave|p2a: Chansey
|-status|p2a: Chansey|par
|move|p2a: Chansey|Thunder Wave|p1a: Ms.बप्पी लहरी
|-status|p1a: Ms.बप्पी लहरी|par
|
|-weather|RainDance|[upkeep]
|upkeep
|turn|11
|
|t:|1776085202
|-curestatus|p1a: Ms.बप्पी लहरी|par|[from] ability: Natural Cure
|switch|p1a: लसलस|Goodra, F|56/100
|move|p2a: Chansey|Heal Bell|p2a: Chansey
|-activate|p2a: Chansey|move: Heal Bell
|-curestatus|p2a: Chansey|par|[msg]
|-curestatus|p2: Alomomola|par|[msg]
|
|-weather|RainDance|[upkeep]
|upkeep
|turn|12
|
|t:|1776085214
|move|p1a: लसलस|Thunder|p2a: Chansey
|-damage|p2a: Chansey|78/100
|move|p2a: Chansey|Seismic Toss|p1a: लसलस
|-damage|p1a: लसलस|30/100
|
|-weather|none
|upkeep
|turn|13
|
|t:|1776085220
|move|p1a: लसलस|Rest|p1a: लसलस
|-status|p1a: लसलस|slp|[from] move: Rest
|-heal|p1a: लसलस|100/100 slp|[silent]
|move|p2a: Chansey|Seismic Toss|p1a: लसलस
|-damage|p1a: लसलस|74/100 slp
|
|upkeep
|turn|14
|
|t:|1776085229
|switch|p1a: Ms.बप्पी लहरी|Blissey, F|100/100
|switch|p2a: Ceruledge|Ceruledge, F|100/100
|
|upkeep
|turn|15
|
|t:|1776085235
|switch|p1a: लाठ साहब|Weezing-Galar, F|100/100
|move|p2a: Ceruledge|Swords Dance|p2a: Ceruledge
|-boost|p2a: Ceruledge|atk|2
|
|upkeep
|turn|16
|
|t:|1776085246
|move|p2a: Ceruledge|Swords Dance|p2a: Ceruledge
|-boost|p2a: Ceruledge|atk|2
|move|p1a: लाठ साहब|Clear Smog|p2a: Ceruledge
|-resisted|p2a: Ceruledge
|-damage|p2a: Ceruledge|92/100
|-clearboost|p2a: Ceruledge
|
|upkeep
|turn|17
|
|t:|1776085249
|move|p2a: Ceruledge|Swords Dance|p2a: Ceruledge
|-boost|p2a: Ceruledge|atk|2
|move|p1a: लाठ साहब|Toxic Spikes|p2a: Ceruledge
|-sidestart|p2: Kaiohkenx1|move: Toxic Spikes
|
|upkeep
|turn|18
|
|t:|1776085255
|move|p2a: Ceruledge|Bitter Blade|p1a: लाठ साहब
|-damage|p1a: लाठ साहब|45/100
|-heal|p2a: Ceruledge|100/100|[from] drain|[of] p1a: लाठ साहब
|-damage|p2a: Ceruledge|84/100|[from] item: Rocky Helmet|[of] p1a: लाठ साहब
|move|p1a: लाठ साहब|Clear Smog|p2a: Ceruledge
|-resisted|p2a: Ceruledge
|-damage|p2a: Ceruledge|76/100
|-clearboost|p2a: Ceruledge
|
|upkeep
|turn|19
|inactive|Battle timer is ON: inactive players will automatically lose when time's up. (requested by Kaiohkenx1)
|
|t:|1776085263
|move|p2a: Ceruledge|Swords Dance|p2a: Ceruledge
|-boost|p2a: Ceruledge|atk|2
|move|p1a: लाठ साहब|Clear Smog|p2a: Ceruledge
|-resisted|p2a: Ceruledge
|-damage|p2a: Ceruledge|68/100
|-clearboost|p2a: Ceruledge
|
|upkeep
|turn|20
|
|t:|1776085269
|switch|p1a: Suicune|Suicune|100/100
|-ability|p1a: Suicune|Pressure
|move|p2a: Ceruledge|Poltergeist|p1a: Suicune
|-activate|p1a: Suicune|move: Poltergeist|Rocky Helmet
|-damage|p1a: Suicune|71/100
|
|upkeep
|turn|21
|
|t:|1776085280
|switch|p2a: Chansey|Chansey, F|78/100
|-status|p2a: Chansey|psn
|move|p1a: Suicune|Scald|p2a: Chansey
|-damage|p2a: Chansey|70/100 psn
|
|-damage|p2a: Chansey|58/100 psn|[from] psn
|upkeep
|turn|22
|
|t:|1776085287
|move|p2a: Chansey|Thunder Wave|p1a: Suicune
|-status|p1a: Suicune|par
|move|p1a: Suicune|Roar|p2a: Chansey
|-curestatus|p2a: Chansey|psn|[from] ability: Natural Cure
|drag|p2a: Kyurem|Kyurem|78/100
|-status|p2a: Kyurem|psn
|-ability|p2a: Kyurem|Pressure
|
|-damage|p2a: Kyurem|66/100 psn|[from] psn
|upkeep
|turn|23
|
|t:|1776085296
|switch|p1a: Ms.बप्पी लहरी|Blissey, F|100/100
|move|p2a: Kyurem|Freeze-Dry|p1a: Ms.बप्पी लहरी
|-damage|p1a: Ms.बप्पी लहरी|88/100
|
|-heal|p1a: Ms.बप्पी लहरी|94/100|[from] item: Leftovers
|-damage|p2a: Kyurem|54/100 psn|[from] psn
|upkeep
|turn|24
|
|t:|1776085303
|switch|p2a: Corviknight|Corviknight, M, shiny|74/100
|move|p1a: Ms.बप्पी लहरी|Heal Bell|p1a: Ms.बप्पी लहरी
|-activate|p1a: Ms.बप्पी लहरी|move: Heal Bell
|-curestatus|p1: Suicune|par|[msg]
|-curestatus|p1: लसलस|slp|[msg]
|
|-heal|p1a: Ms.बप्पी लहरी|99/100|[from] item: Leftovers
|upkeep
|turn|25
|
|t:|1776085308
|switch|p1a: लसलस|Goodra, F|74/100
|move|p2a: Corviknight|Defog|p1a: लसलस
|-unboost|p1a: लसलस|evasion|1
|-sideend|p2: Kaiohkenx1|Toxic Spikes|[from] move: Defog|[of] p2a: Corviknight
|
|upkeep
|turn|26
|
|t:|1776085313
|switch|p2a: Chansey|Chansey, F|58/100
|move|p1a: लसलस|Thunder|p2a: Chansey
|-damage|p2a: Chansey|49/100
|-status|p2a: Chansey|par
|
|upkeep
|turn|27
|
|t:|1776085319
|switch|p1a: बिलाई मौसी|Espeon, F|100/100
|move|p2a: Chansey|Heal Bell|p2a: Chansey
|-activate|p2a: Chansey|move: Heal Bell
|-curestatus|p2a: Chansey|par|[msg]
|-curestatus|p2: Kyurem|psn|[msg]
|
|upkeep
|turn|28
|
|t:|1776085324
|switch|p2a: Kyurem|Kyurem|54/100
|-ability|p2a: Kyurem|Pressure
|move|p1a: बिलाई मौसी|Trick|p2a: Kyurem
|-activate|p1a: बिलाई मौसी|move: Trick|[of] p2a: Kyurem
|-item|p2a: Kyurem|Choice Scarf|[from] move: Trick
|-item|p1a: बिलाई मौसी|Choice Scarf|[from] move: Trick
|
|upkeep
|turn|29
|
|t:|1776085335
|switch|p1a: Ms.बप्पी लहरी|Blissey, F|99/100
|move|p2a: Kyurem|Earth Power|p1a: Ms.बप्पी लहरी
|-damage|p1a: Ms.बप्पी लहरी|90/100
|
|-heal|p1a: Ms.बप्पी लहरी|96/100|[from] item: Leftovers
|upkeep
|turn|30
|
|t:|1776085344
|switch|p2a: Alomomola|Alomomola, F|71/100
|switch|p1a: दील दो 💖|Orthworm, F|100/100
|
|upkeep
|turn|31
|
|t:|1776085348
|move|p1a: दील दो 💖|Stealth Rock|p2a: Alomomola
|-sidestart|p2: Kaiohkenx1|move: Stealth Rock
|move|p2a: Alomomola|Wish|p2a: Alomomola
|
|upkeep
|turn|32
|
|t:|1776085355
|move|p1a: दील दो 💖|Earthquake|p2a: Alomomola
|-damage|p2a: Alomomola|61/100
|move|p2a: Alomomola|Flip Turn|p1a: दील दो 💖
|-damage|p1a: दील दो 💖|93/100
|
|t:|1776085369
|switch|p2a: Corviknight|Corviknight, M, shiny|74/100|[from] Flip Turn
|-damage|p2a: Corviknight|61/100|[from] Stealth Rock
|
|-heal|p2a: Corviknight|100/100|[from] move: Wish|[wisher] Alomomola
|-heal|p1a: दील दो 💖|99/100|[from] item: Leftovers
|upkeep
|turn|33
|
|t:|1776085374
|move|p2a: Corviknight|Defog|p1a: दील दो 💖
|-unboost|p1a: दील दो 💖|evasion|1
|-sideend|p2: Kaiohkenx1|Stealth Rock|[from] move: Defog|[of] p2a: Corviknight
|move|p1a: दील दो 💖|Iron Defense|p1a: दील दो 💖
|-boost|p1a: दील दो 💖|def|2
|
|-heal|p1a: दील दो 💖|100/100|[from] item: Leftovers
|upkeep
|turn|34
|
|t:|1776085381
|switch|p2a: Ting-Lu|Ting-Lu|100/100
|-ability|p2a: Ting-Lu|Vessel of Ruin
|move|p1a: दील दो 💖|Body Press|p2a: Ting-Lu
|-supereffective|p2a: Ting-Lu
|-damage|p2a: Ting-Lu|48/100
|-damage|p1a: दील दो 💖|84/100|[from] item: Rocky Helmet|[of] p2a: Ting-Lu
|
|-heal|p1a: दील दो 💖|90/100|[from] item: Leftovers
|upkeep
|turn|35
|
|t:|1776085384
|move|p1a: दील दो 💖|Body Press|p2a: Ting-Lu
|-supereffective|p2a: Ting-Lu
|-damage|p2a: Ting-Lu|0 fnt
|-damage|p1a: दील दो 💖|73/100|[from] item: Rocky Helmet|[of] p2a: Ting-Lu
|faint|p2a: Ting-Lu
|
|-heal|p1a: दील दो 💖|80/100|[from] item: Leftovers
|upkeep
|-message|Kaiohkenx1 forfeited.
|
|win|baakrisht
|raw|baakrisht's rating: 1213 &rarr; <strong>1238</strong><br />(+25 for winning)
|raw|Kaiohkenx1's rating: 1217 &rarr; <strong>1192</strong><br />(-25 for losing)
|l|☆Kaiohkenx1
|player|p2|
|l| ohko_smeargle
|l|☆baakrisht
|player|p1|
