|html|<div class="broadcast-blue"><strong>[Gen 9] OU is currently suspecting Tera Blast! For information on how to participate check out the <a href="https://www.smogon.com/tools/suspects/view/200">suspect thread</a>.</strong></div>
|j|☆ywertsg
|j|☆Darvyn
|t:|1776061941
|gametype|singles
|player|p1|ywertsg|miku-ghost|1084
|player|p2|Darvyn|bugsy|1098
|gen|9
|tier|[Gen 9] OU
|rated|
|rule|HP Percentage Mod: HP is shown in percentages
|rule|Endless Battle Clause: Forcing endless battles is banned
|rule|Species Clause: Limit one of each Pokémon
|rule|OHKO Clause: OHKO moves are banned
|rule|Evasion Items Clause: Evasion items are banned
|rule|Evasion Moves Clause: Evasion moves are banned
|rule|Evasion Abilities Clause: Evasion abilities are banned
|rule|Sleep Moves Clause: Sleep-inducing moves are banned
|clearpoke
|poke|p1|Gholdengo|
|poke|p1|Thundurus, M|
|poke|p1|Zamazenta-*|
|poke|p1|Deoxys-Speed|
|poke|p1|Primarina, F|
|poke|p1|Porygon-Z|
|poke|p2|Dusclops, M|
|poke|p2|Umbreon, F|
|poke|p2|Wo-Chien|
|poke|p2|Weezing-Galar, M|
|poke|p2|Heatran, M|
|poke|p2|Clefable, F|
|teampreview
|inactive|Battle timer is ON: inactive players will automatically lose when time's up. (requested by Darvyn)
|inactive|ywertsg also wants the timer to be on.
|
|t:|1776061961
|teamsize|p1|6
|teamsize|p2|6
|start
|switch|p1a: Deoxys|Deoxys-Speed|100/100
|switch|p2a: Dusclops|Dusclops, M|100/100
|-ability|p1a: Deoxys|Pressure
|-ability|p2a: Dusclops|Pressure
|turn|1
|
|t:|1776061967
|move|p1a: Deoxys|Taunt|p2a: Dusclops
|-start|p2a: Dusclops|move: Taunt
|move|p2a: Dusclops|Night Shade|p1a: Deoxys
|-damage|p1a: Deoxys|67/100
|
|upkeep
|turn|2
|
|t:|1776061973
|move|p1a: Deoxys|Stealth Rock|p2a: Dusclops
|-sidestart|p2: Darvyn|move: Stealth Rock
|move|p2a: Dusclops|Night Shade|p1a: Deoxys
|-damage|p1a: Deoxys|34/100
|
|upkeep
|turn|3
|
|t:|1776061979
|move|p1a: Deoxys|Psycho Boost|p2a: Dusclops
|-damage|p2a: Dusclops|77/100
|-unboost|p1a: Deoxys|spa|2
|move|p2a: Dusclops|Night Shade|p1a: Deoxys
|-damage|p1a: Deoxys|1/100
|
|-end|p2a: Dusclops|move: Taunt
|upkeep
|turn|4
|
|t:|1776061984
|move|p1a: Deoxys|Skill Swap|p2a: Dusclops
|-activate|p1a: Deoxys|Skill Swap|Pressure|Pressure|[of] p2a: Dusclops
|-ability|p2a: Dusclops|Pressure
|-ability|p1a: Deoxys|Pressure
|move|p2a: Dusclops|Night Shade|p1a: Deoxys
|-damage|p1a: Deoxys|0 fnt
|faint|p1a: Deoxys
|
|upkeep
|
|t:|1776061993
|switch|p1a: Thundurus|Thundurus, M|100/100
|turn|5
|
|t:|1776062005
|move|p1a: Thundurus|Knock Off|p2a: Dusclops
|-supereffective|p2a: Dusclops
|-damage|p2a: Dusclops|38/100
|-enditem|p2a: Dusclops|Eviolite|[from] move: Knock Off|[of] p1a: Thundurus
|move|p2a: Dusclops|Night Shade|p1a: Thundurus
|-damage|p1a: Thundurus|67/100
|
|upkeep
|turn|6
|
|t:|1776062013
|move|p1a: Thundurus|Knock Off|p2a: Dusclops
|-supereffective|p2a: Dusclops
|-damage|p2a: Dusclops|1/100
|move|p2a: Dusclops|Night Shade|p1a: Thundurus
|-damage|p1a: Thundurus|34/100
|
|upkeep
|turn|7
|
|t:|1776062018
|move|p1a: Thundurus|Knock Off|p2a: Dusclops
|-supereffective|p2a: Dusclops
|-damage|p2a: Dusclops|0 fnt
|faint|p2a: Dusclops
|
|upkeep
|
|t:|1776062020
|switch|p2a: Weezing|Weezing-Galar, M|100/100
|-ability|p2a: Weezing|Neutralizing Gas
|-damage|p2a: Weezing|88/100|[from] Stealth Rock
|turn|8
|
|t:|1776062026
|move|p1a: Thundurus|Taunt|p2a: Weezing
|-start|p2a: Weezing|move: Taunt
|cant|p2a: Weezing|move: Taunt|Defog
|
|upkeep
|turn|9
|
|t:|1776062031
|move|p1a: Thundurus|Thunder Wave|p2a: Weezing
|-status|p2a: Weezing|par
|move|p2a: Weezing|Venoshock|p1a: Thundurus
|-damage|p1a: Thundurus|8/100
|
|upkeep
|turn|10
|
|t:|1776062037
|move|p1a: Thundurus|Knock Off|p2a: Weezing
|-resisted|p2a: Weezing
|-damage|p2a: Weezing|75/100 par
|-enditem|p2a: Weezing|Rocky Helmet|[from] move: Knock Off|[of] p1a: Thundurus
|move|p2a: Weezing|Venoshock|p1a: Thundurus
|-damage|p1a: Thundurus|0 fnt
|faint|p1a: Thundurus
|
|-end|p2a: Weezing|move: Taunt
|upkeep
|
|t:|1776062047
|switch|p1a: Zamazenta|Zamazenta|100/100
|turn|11
|
|t:|1776062050
|move|p1a: Zamazenta|Iron Head|p2a: Weezing
|-supereffective|p2a: Weezing
|-damage|p2a: Weezing|7/100 par
|cant|p2a: Weezing|flinch
|
|upkeep
|turn|12
|
|t:|1776062055
|move|p1a: Zamazenta|Iron Head|p2a: Weezing
|-supereffective|p2a: Weezing
|-damage|p2a: Weezing|0 fnt
|faint|p2a: Weezing
|-end|p2a: Weezing|ability: Neutralizing Gas
|-ability|p1a: Zamazenta|Dauntless Shield|boost
|-boost|p1a: Zamazenta|def|1
|
|upkeep
|
|t:|1776062067
|switch|p2a: Wo-Chien|Wo-Chien|100/100
|-damage|p2a: Wo-Chien|88/100|[from] Stealth Rock
|-ability|p2a: Wo-Chien|Tablets of Ruin
|turn|13
|
|t:|1776062071
|switch|p1a: Porygon-Z|Porygon-Z, shiny|100/100
|-ability|p1a: Porygon-Z|Download|boost
|-boost|p1a: Porygon-Z|atk|1
|-terastallize|p2a: Wo-Chien|Poison
|move|p2a: Wo-Chien|Leech Seed|p1a: Porygon-Z
|-start|p1a: Porygon-Z|move: Leech Seed
|
|-heal|p2a: Wo-Chien|94/100|[from] item: Leftovers
|-damage|p1a: Porygon-Z|88/100|[from] Leech Seed|[of] p2a: Wo-Chien
|-heal|p2a: Wo-Chien|100/100|[silent]
|upkeep
|turn|14
|
|t:|1776062081
|move|p1a: Porygon-Z|Tri Attack|p2a: Wo-Chien
|-damage|p2a: Wo-Chien|73/100
|move|p2a: Wo-Chien|Substitute|p2a: Wo-Chien
|-start|p2a: Wo-Chien|Substitute
|-damage|p2a: Wo-Chien|48/100
|
|-heal|p2a: Wo-Chien|55/100|[from] item: Leftovers
|-damage|p1a: Porygon-Z|76/100|[from] Leech Seed|[of] p2a: Wo-Chien
|-heal|p2a: Wo-Chien|65/100|[silent]
|upkeep
|turn|15
|
|t:|1776062087
|move|p2a: Wo-Chien|Protect|p2a: Wo-Chien
|-singleturn|p2a: Wo-Chien|Protect
|move|p1a: Porygon-Z|Tri Attack|p2a: Wo-Chien
|-activate|p2a: Wo-Chien|move: Protect
|
|-heal|p2a: Wo-Chien|71/100|[from] item: Leftovers
|-damage|p1a: Porygon-Z|64/100|[from] Leech Seed|[of] p2a: Wo-Chien
|-heal|p2a: Wo-Chien|81/100|[silent]
|upkeep
|turn|16
|
|t:|1776062094
|move|p1a: Porygon-Z|Tri Attack|p2a: Wo-Chien
|-end|p2a: Wo-Chien|Substitute
|move|p2a: Wo-Chien|Knock Off|p1a: Porygon-Z
|-damage|p1a: Porygon-Z|23/100
|-enditem|p1a: Porygon-Z|Assault Vest|[from] move: Knock Off|[of] p2a: Wo-Chien
|
|-heal|p2a: Wo-Chien|87/100|[from] item: Leftovers
|-damage|p1a: Porygon-Z|11/100|[from] Leech Seed|[of] p2a: Wo-Chien
|-heal|p2a: Wo-Chien|97/100|[silent]
|upkeep
|turn|17
|
|t:|1776062103
|move|p1a: Porygon-Z|Hyper Beam|p2a: Wo-Chien
|-damage|p2a: Wo-Chien|51/100
|-mustrecharge|p1a: Porygon-Z
|move|p2a: Wo-Chien|Substitute|p2a: Wo-Chien
|-start|p2a: Wo-Chien|Substitute
|-damage|p2a: Wo-Chien|26/100
|
|-heal|p2a: Wo-Chien|33/100|[from] item: Leftovers
|-damage|p1a: Porygon-Z|0 fnt|[from] Leech Seed|[of] p2a: Wo-Chien
|-heal|p2a: Wo-Chien|41/100|[silent]
|faint|p1a: Porygon-Z
|upkeep
|
|t:|1776062113
|switch|p1a: Primarina|Primarina, F, shiny|100/100
|turn|18
|
|t:|1776062123
|move|p2a: Wo-Chien|Leech Seed|p1a: Primarina
|-start|p1a: Primarina|move: Leech Seed
|move|p1a: Primarina|Substitute|p1a: Primarina
|-start|p1a: Primarina|Substitute
|-damage|p1a: Primarina|76/100
|
|-heal|p2a: Wo-Chien|48/100|[from] item: Leftovers
|-heal|p1a: Primarina|82/100|[from] item: Leftovers
|-damage|p1a: Primarina|69/100|[from] Leech Seed|[of] p2a: Wo-Chien
|-heal|p2a: Wo-Chien|57/100|[silent]
|upkeep
|turn|19
|
|t:|1776062130
|move|p2a: Wo-Chien|Knock Off|p1a: Primarina
|-resisted|p1a: Primarina
|-activate|p1a: Primarina|move: Substitute|[damage]
|move|p1a: Primarina|Psychic Noise|p2a: Wo-Chien
|-damage|p2a: Wo-Chien|37/100
|-start|p2a: Wo-Chien|move: Heal Block
|
|-heal|p1a: Primarina|75/100|[from] item: Leftovers
|-damage|p1a: Primarina|63/100|[from] Leech Seed|[of] p2a: Wo-Chien
|upkeep
|turn|20
|
|t:|1776062145
|move|p2a: Wo-Chien|Protect|p2a: Wo-Chien
|-singleturn|p2a: Wo-Chien|Protect
|move|p1a: Primarina|Calm Mind|p1a: Primarina
|-boost|p1a: Primarina|spa|1
|-boost|p1a: Primarina|spd|1
|
|-heal|p1a: Primarina|69/100|[from] item: Leftovers
|-damage|p1a: Primarina|57/100|[from] Leech Seed|[of] p2a: Wo-Chien
|-end|p2a: Wo-Chien|move: Heal Block
|upkeep
|turn|21
|
|t:|1776062149
|move|p2a: Wo-Chien|Knock Off|p1a: Primarina
|-resisted|p1a: Primarina
|-end|p1a: Primarina|Substitute
|move|p1a: Primarina|Psychic Noise|p2a: Wo-Chien
|-damage|p2a: Wo-Chien|8/100
|-start|p2a: Wo-Chien|move: Heal Block
|
|-heal|p1a: Primarina|63/100|[from] item: Leftovers
|-damage|p1a: Primarina|50/100|[from] Leech Seed|[of] p2a: Wo-Chien
|upkeep
|turn|22
|
|t:|1776062156
|move|p2a: Wo-Chien|Knock Off|p1a: Primarina
|-resisted|p1a: Primarina
|-damage|p1a: Primarina|30/100
|-enditem|p1a: Primarina|Leftovers|[from] move: Knock Off|[of] p2a: Wo-Chien
|move|p1a: Primarina|Psychic Noise|p2a: Wo-Chien
|-damage|p2a: Wo-Chien|0 fnt
|faint|p2a: Wo-Chien
|
|upkeep
|
|t:|1776062169
|switch|p2a: Heatran|Heatran, M|100/100
|-damage|p2a: Heatran|88/100|[from] Stealth Rock
|-item|p2a: Heatran|Air Balloon
|turn|23
|
|t:|1776062174
|move|p2a: Heatran|Flash Cannon|p1a: Primarina
|-damage|p1a: Primarina|11/100
|move|p1a: Primarina|Psychic Noise|p2a: Heatran
|-supereffective|p2a: Heatran
|-damage|p2a: Heatran|0 fnt
|-enditem|p2a: Heatran|Air Balloon
|faint|p2a: Heatran
|
|upkeep
|
|t:|1776062203
|switch|p2a: Clefable|Clefable, F|100/100
|turn|24
|
|t:|1776062207
|move|p1a: Primarina|Draining Kiss|p2a: Clefable
|-damage|p2a: Clefable|72/100
|-heal|p1a: Primarina|35/100|[from] drain|[of] p2a: Clefable
|move|p2a: Clefable|Wish|p2a: Clefable
|
|-damage|p1a: Primarina|23/100|[from] Leech Seed|[of] p2a: Clefable
|-heal|p2a: Clefable|83/100|[silent]
|upkeep
|turn|25
|
|t:|1776062214
|move|p1a: Primarina|Draining Kiss|p2a: Clefable
|-damage|p2a: Clefable|54/100
|-heal|p1a: Primarina|46/100|[from] drain|[of] p2a: Clefable
|move|p2a: Clefable|Knock Off|p1a: Primarina
|-resisted|p1a: Primarina
|-damage|p1a: Primarina|39/100
|
|-heal|p2a: Clefable|100/100|[from] move: Wish|[wisher] Clefable
|-damage|p1a: Primarina|27/100|[from] Leech Seed|[of] p2a: Clefable
|upkeep
|turn|26
|
|t:|1776062221
|move|p2a: Clefable|Thunder Wave|p1a: Primarina
|-status|p1a: Primarina|par
|cant|p1a: Primarina|par
|
|-damage|p1a: Primarina|15/100 par|[from] Leech Seed|[of] p2a: Clefable
|upkeep
|turn|27
|
|t:|1776062226
|move|p2a: Clefable|Knock Off|p1a: Primarina
|-resisted|p1a: Primarina
|-damage|p1a: Primarina|8/100 par
|move|p1a: Primarina|Draining Kiss|p2a: Clefable
|-damage|p2a: Clefable|70/100
|-heal|p1a: Primarina|33/100 par|[from] drain|[of] p2a: Clefable
|
|-damage|p1a: Primarina|21/100 par|[from] Leech Seed|[of] p2a: Clefable
|-heal|p2a: Clefable|82/100|[silent]
|upkeep
|turn|28
|
|t:|1776062229
|move|p2a: Clefable|Knock Off|p1a: Primarina
|-resisted|p1a: Primarina
|-damage|p1a: Primarina|13/100 par
|move|p1a: Primarina|Psychic Noise|p2a: Clefable
|-damage|p2a: Clefable|39/100
|-start|p2a: Clefable|move: Heal Block
|
|-damage|p1a: Primarina|0 fnt|[from] Leech Seed|[of] p2a: Clefable
|faint|p1a: Primarina
|upkeep
|
|t:|1776062238
|switch|p1a: Zamazenta|Zamazenta|100/100
|turn|29
|
|t:|1776062244
|move|p1a: Zamazenta|Iron Head|p2a: Clefable
|-supereffective|p2a: Clefable
|-damage|p2a: Clefable|0 fnt
|faint|p2a: Clefable
|
|upkeep
|
|t:|1776062246
|switch|p2a: Umbreon|Umbreon, F, shiny|100/100
|turn|30
|
|t:|1776062250
|switch|p1a: Gholdengo|Gholdengo|100/100
|move|p2a: Umbreon|Toxic|p1a: Gholdengo
|-immune|p1a: Gholdengo|[from] ability: Good as Gold
|
|upkeep
|turn|31
|-message|Darvyn forfeited.
|
|win|ywertsg
|raw|ywertsg's rating: 1084 &rarr; <strong>1113</strong><br />(+29 for winning)
|raw|Darvyn's rating: 1098 &rarr; <strong>1072</strong><br />(-26 for losing)
|l|☆Darvyn
|player|p2|
|l|☆ywertsg
|player|p1|
