|html|<div class="broadcast-blue"><strong>[Gen 9] OU is currently suspecting Tera Blast! For information on how to participate check out the <a href="https://www.smogon.com/tools/suspects/view/200">suspect thread</a>.</strong></div>
|j|☆ettiriddure
|j|☆ilikemos
|t:|1776195950
|gametype|singles
|player|p1|ettiriddure|hilbert|1453
|player|p2|ilikemos|169|1449
|gen|9
|tier|[Gen 9] OU
|rated|
|rule|HP Percentage Mod: HP is shown in percentages
|rule|Endless Battle Clause: Forcing endless battles is banned
|rule|Species Clause: Limit one of each Pokémon
|rule|OHKO Clause: OHKO moves are banned
|rule|Evasion Items Clause: Evasion items are banned
|rule|Evasion Moves Clause: Evasion moves are banned
|rule|Evasion Abilities Clause: Evasion abilities are banned
|rule|Sleep Moves Clause: Sleep-inducing moves are banned
|clearpoke
|poke|p1|Ogerpon, F|
|poke|p1|Ting-Lu|
|poke|p1|Gholdengo|
|poke|p1|Dragonite, M|
|poke|p1|Primarina, F|
|poke|p1|Blaziken, F|
|poke|p2|Iron Valiant|
|poke|p2|Rotom-Wash|
|poke|p2|Latios, M|
|poke|p2|Ting-Lu|
|poke|p2|Hydreigon, F|
|poke|p2|Gholdengo|
|teampreview
|inactive|Battle timer is ON: inactive players will automatically lose when time's up. (requested by ettiriddure)
|inactive|ilikemos has 120 seconds left.
|inactive|ilikemos has 90 seconds left.
|
|t:|1776196014
|teamsize|p1|6
|teamsize|p2|6
|start
|switch|p1a: Ogerpon|Ogerpon, F|100/100
|switch|p2a: Latios|Latios, M|100/100
|turn|1
|
|t:|1776196023
|switch|p1a: Ting-Lu|Ting-Lu|100/100
|-ability|p1a: Ting-Lu|Vessel of Ruin
|move|p2a: Latios|Flip Turn|p1a: Ting-Lu
|-supereffective|p1a: Ting-Lu
|-damage|p1a: Ting-Lu|91/100
|-enditem|p1a: Ting-Lu|Red Card|[of] p2a: Latios
|drag|p2a: Rotom|Rotom-Wash|100/100
|
|upkeep
|turn|2
|
|t:|1776196029
|switch|p2a: Iron Valiant|Iron Valiant|100/100
|move|p1a: Ting-Lu|Stealth Rock|p2a: Iron Valiant
|-sidestart|p2: ilikemos|move: Stealth Rock
|
|upkeep
|turn|3
|
|t:|1776196040
|move|p2a: Iron Valiant|Moonblast|p1a: Ting-Lu
|-supereffective|p1a: Ting-Lu
|-damage|p1a: Ting-Lu|39/100
|move|p1a: Ting-Lu|Heavy Slam|p2a: Iron Valiant
|-supereffective|p2a: Iron Valiant
|-damage|p2a: Iron Valiant|17/100
|
|upkeep
|turn|4
|
|t:|1776196049
|switch|p1a: Gholdengo|Gholdengo|100/100
|-item|p1a: Gholdengo|Air Balloon
|move|p2a: Iron Valiant|Moonblast|p1a: Gholdengo
|-resisted|p1a: Gholdengo
|-damage|p1a: Gholdengo|78/100
|-unboost|p1a: Gholdengo|spa|1
|-enditem|p1a: Gholdengo|Air Balloon
|
|upkeep
|turn|5
|
|t:|1776196058
|-end|p2a: Iron Valiant|Quark Drive|[silent]
|switch|p2a: Ting-Lu|Ting-Lu|100/100
|-damage|p2a: Ting-Lu|94/100|[from] Stealth Rock
|-ability|p2a: Ting-Lu|Vessel of Ruin
|move|p1a: Gholdengo|Shadow Ball|p2a: Ting-Lu
|-resisted|p2a: Ting-Lu
|-damage|p2a: Ting-Lu|89/100
|-unboost|p2a: Ting-Lu|spd|1
|
|-heal|p2a: Ting-Lu|95/100|[from] item: Leftovers
|upkeep
|turn|6
|
|t:|1776196066
|switch|p1a: Ogerpon|Ogerpon, F|100/100
|move|p2a: Ting-Lu|Stealth Rock|p1a: Ogerpon
|-sidestart|p1: ettiriddure|move: Stealth Rock
|
|-heal|p2a: Ting-Lu|100/100|[from] item: Leftovers
|upkeep
|turn|7
|
|t:|1776196075
|switch|p2a: Gholdengo|Gholdengo|100/100
|-damage|p2a: Gholdengo|94/100|[from] Stealth Rock
|-item|p2a: Gholdengo|Air Balloon
|move|p1a: Ogerpon|Encore|p2a: Gholdengo
|-immune|p2a: Gholdengo|[from] ability: Good as Gold
|
|upkeep
|turn|8
|
|t:|1776196084
|move|p1a: Ogerpon|U-turn|p2a: Gholdengo
|-resisted|p2a: Gholdengo
|-damage|p2a: Gholdengo|90/100
|-enditem|p2a: Gholdengo|Air Balloon
|
|t:|1776196088
|switch|p1a: Ting-Lu|Ting-Lu|39/100|[from] U-turn
|-damage|p1a: Ting-Lu|33/100|[from] Stealth Rock
|-ability|p1a: Ting-Lu|Vessel of Ruin
|move|p2a: Gholdengo|Thunder Wave|p1a: Ting-Lu
|-immune|p1a: Ting-Lu
|
|upkeep
|turn|9
|
|t:|1776196095
|switch|p2a: Rotom|Rotom-Wash|100/100
|-damage|p2a: Rotom|88/100|[from] Stealth Rock
|move|p1a: Ting-Lu|Spikes|p2a: Rotom
|-sidestart|p2: ilikemos|Spikes
|
|-heal|p2a: Rotom|94/100|[from] item: Leftovers
|upkeep
|turn|10
|
|t:|1776196105
|switch|p1a: Primarina|Primarina, F|100/100
|-damage|p1a: Primarina|88/100|[from] Stealth Rock
|move|p2a: Rotom|Hydro Pump|p1a: Primarina
|-resisted|p1a: Primarina
|-damage|p1a: Primarina|70/100
|
|-heal|p2a: Rotom|100/100|[from] item: Leftovers
|-heal|p1a: Primarina|77/100|[from] item: Leftovers
|upkeep
|turn|11
|
|t:|1776196113
|move|p2a: Rotom|Will-O-Wisp|p1a: Primarina
|-status|p1a: Primarina|brn
|move|p1a: Primarina|Substitute|p1a: Primarina
|-start|p1a: Primarina|Substitute
|-damage|p1a: Primarina|52/100 brn
|
|-heal|p1a: Primarina|58/100 brn|[from] item: Leftovers
|-damage|p1a: Primarina|52/100 brn|[from] brn
|upkeep
|turn|12
|
|t:|1776196119
|move|p2a: Rotom|Volt Switch|p1a: Primarina
|-supereffective|p1a: Primarina
|-end|p1a: Primarina|Substitute
|
|t:|1776196124
|switch|p2a: Gholdengo|Gholdengo|90/100|[from] Volt Switch
|-damage|p2a: Gholdengo|84/100|[from] Stealth Rock
|-damage|p2a: Gholdengo|72/100|[from] Spikes
|move|p1a: Primarina|Calm Mind|p1a: Primarina
|-boost|p1a: Primarina|spa|1
|-boost|p1a: Primarina|spd|1
|
|-heal|p1a: Primarina|58/100 brn|[from] item: Leftovers
|-damage|p1a: Primarina|52/100 brn|[from] brn
|upkeep
|turn|13
|
|t:|1776196127
|move|p2a: Gholdengo|Hex|p1a: Primarina
|-damage|p1a: Primarina|16/100 brn
|move|p1a: Primarina|Hydro Pump|p2a: Gholdengo
|-damage|p2a: Gholdengo|0 fnt
|faint|p2a: Gholdengo
|
|-heal|p1a: Primarina|22/100 brn|[from] item: Leftovers
|-damage|p1a: Primarina|16/100 brn|[from] brn
|upkeep
|
|t:|1776196133
|switch|p2a: Iron Valiant|Iron Valiant|17/100
|turn|14
|
|t:|1776196135
|move|p2a: Iron Valiant|Thunderbolt|p1a: Primarina
|-supereffective|p1a: Primarina
|-damage|p1a: Primarina|0 fnt
|faint|p1a: Primarina
|
|upkeep
|
|t:|1776196139
|switch|p1a: Dragonite|Dragonite, M|100/100
|turn|15
|
|t:|1776196146
|-end|p2a: Iron Valiant|Quark Drive|[silent]
|switch|p2a: Rotom|Rotom-Wash|100/100
|-damage|p2a: Rotom|88/100|[from] Stealth Rock
|move|p1a: Dragonite|Extreme Speed|p2a: Rotom
|-damage|p2a: Rotom|62/100
|
|-heal|p2a: Rotom|68/100|[from] item: Leftovers
|upkeep
|turn|16
|
|t:|1776196153
|switch|p1a: Gholdengo|Gholdengo|78/100
|-damage|p1a: Gholdengo|72/100|[from] Stealth Rock
|move|p2a: Rotom|Will-O-Wisp|p1a: Gholdengo
|-immune|p1a: Gholdengo|[from] ability: Good as Gold
|
|-heal|p2a: Rotom|75/100|[from] item: Leftovers
|upkeep
|turn|17
|
|t:|1776196159
|switch|p2a: Ting-Lu|Ting-Lu|100/100
|-damage|p2a: Ting-Lu|94/100|[from] Stealth Rock
|-damage|p2a: Ting-Lu|82/100|[from] Spikes
|-ability|p2a: Ting-Lu|Vessel of Ruin
|move|p1a: Gholdengo|Shadow Ball|p2a: Ting-Lu
|-resisted|p2a: Ting-Lu
|-damage|p2a: Ting-Lu|74/100
|-unboost|p2a: Ting-Lu|spd|1
|
|-heal|p2a: Ting-Lu|81/100|[from] item: Leftovers
|upkeep
|turn|18
|
|t:|1776196172
|switch|p1a: Ogerpon|Ogerpon, F|100/100
|move|p2a: Ting-Lu|Earthquake|p1a: Ogerpon
|-resisted|p1a: Ogerpon
|-damage|p1a: Ogerpon|75/100
|
|-heal|p2a: Ting-Lu|87/100|[from] item: Leftovers
|upkeep
|turn|19
|
|t:|1776196188
|-terastallize|p2a: Ting-Lu|Poison
|move|p1a: Ogerpon|U-turn|p2a: Ting-Lu
|-resisted|p2a: Ting-Lu
|-damage|p2a: Ting-Lu|81/100
|
|t:|1776196194
|switch|p1a: Ting-Lu|Ting-Lu|33/100|[from] U-turn
|-damage|p1a: Ting-Lu|27/100|[from] Stealth Rock
|-ability|p1a: Ting-Lu|Vessel of Ruin
|move|p2a: Ting-Lu|Ruination|p1a: Ting-Lu
|-damage|p1a: Ting-Lu|14/100
|
|-heal|p2a: Ting-Lu|87/100|[from] item: Leftovers
|upkeep
|turn|20
|
|t:|1776196203
|switch|p2a: Rotom|Rotom-Wash|75/100
|-damage|p2a: Rotom|62/100|[from] Stealth Rock
|move|p1a: Ting-Lu|Ruination|p2a: Rotom
|-damage|p2a: Rotom|31/100
|
|-heal|p2a: Rotom|38/100|[from] item: Leftovers
|upkeep
|turn|21
|
|t:|1776196215
|switch|p1a: Gholdengo|Gholdengo|72/100
|-damage|p1a: Gholdengo|65/100|[from] Stealth Rock
|move|p2a: Rotom|Hydro Pump|p1a: Gholdengo
|-damage|p1a: Gholdengo|29/100
|
|-heal|p2a: Rotom|44/100|[from] item: Leftovers
|upkeep
|turn|22
|
|t:|1776196230
|move|p1a: Gholdengo|Recover|p1a: Gholdengo
|-heal|p1a: Gholdengo|79/100
|move|p2a: Rotom|Hydro Pump|p1a: Gholdengo
|-damage|p1a: Gholdengo|37/100
|
|-heal|p2a: Rotom|50/100|[from] item: Leftovers
|upkeep
|turn|23
|
|t:|1776196238
|move|p1a: Gholdengo|Recover|p1a: Gholdengo
|-heal|p1a: Gholdengo|87/100
|move|p2a: Rotom|Volt Switch|p1a: Gholdengo
|-damage|p1a: Gholdengo|63/100
|
|t:|1776196247
|switch|p2a: Hydreigon|Hydreigon, F|100/100|[from] Volt Switch
|-damage|p2a: Hydreigon|88/100|[from] Stealth Rock
|
|upkeep
|turn|24
|
|t:|1776196251
|switch|p1a: Ting-Lu|Ting-Lu|14/100
|-damage|p1a: Ting-Lu|8/100|[from] Stealth Rock
|-ability|p1a: Ting-Lu|Vessel of Ruin
|move|p2a: Hydreigon|Dark Pulse|p1a: Ting-Lu
|-resisted|p1a: Ting-Lu
|-damage|p1a: Ting-Lu|0 fnt
|faint|p1a: Ting-Lu
|
|upkeep
|
|t:|1776196264
|switch|p1a: Blaziken|Blaziken, F|100/100
|-damage|p1a: Blaziken|88/100|[from] Stealth Rock
|turn|25
|
|t:|1776196270
|switch|p2a: Latios|Latios, M|100/100
|-damage|p2a: Latios|88/100|[from] Stealth Rock
|move|p1a: Blaziken|Close Combat|p2a: Latios
|-resisted|p2a: Latios
|-damage|p2a: Latios|25/100
|-unboost|p1a: Blaziken|def|1
|-unboost|p1a: Blaziken|spd|1
|
|-ability|p1a: Blaziken|Speed Boost|boost
|-boost|p1a: Blaziken|spe|1
|upkeep
|turn|26
|
|t:|1776196285
|move|p2a: Latios|Luster Purge|p1a: Blaziken
|-supereffective|p1a: Blaziken
|-damage|p1a: Blaziken|0 fnt
|faint|p1a: Blaziken
|
|upkeep
|
|t:|1776196290
|switch|p1a: Dragonite|Dragonite, M|100/100
|turn|27
|
|t:|1776196295
|move|p1a: Dragonite|Extreme Speed|p2a: Latios
|-damage|p2a: Latios|0 fnt
|faint|p2a: Latios
|
|upkeep
|
|t:|1776196303
|switch|p2a: Ting-Lu|Ting-Lu, tera:Poison|87/100
|-damage|p2a: Ting-Lu|75/100|[from] Stealth Rock
|-damage|p2a: Ting-Lu|62/100|[from] Spikes
|-ability|p2a: Ting-Lu|Vessel of Ruin
|turn|28
|
|t:|1776196311
|move|p1a: Dragonite|Earthquake|p2a: Ting-Lu
|-supereffective|p2a: Ting-Lu
|-damage|p2a: Ting-Lu|21/100
|move|p2a: Ting-Lu|Whirlwind|p1a: Dragonite
|drag|p1a: Gholdengo|Gholdengo|63/100
|-damage|p1a: Gholdengo|57/100|[from] Stealth Rock
|
|-heal|p2a: Ting-Lu|28/100|[from] item: Leftovers
|upkeep
|turn|29
|
|t:|1776196320
|switch|p1a: Ogerpon|Ogerpon, F|75/100
|move|p2a: Ting-Lu|Earthquake|p1a: Ogerpon
|-resisted|p1a: Ogerpon
|-damage|p1a: Ogerpon|51/100
|
|-heal|p2a: Ting-Lu|34/100|[from] item: Leftovers
|upkeep
|turn|30
|
|t:|1776196327
|move|p1a: Ogerpon|Knock Off|p2a: Ting-Lu
|-damage|p2a: Ting-Lu|17/100
|-enditem|p2a: Ting-Lu|Leftovers|[from] move: Knock Off|[of] p1a: Ogerpon
|move|p2a: Ting-Lu|Earthquake|p1a: Ogerpon
|-resisted|p1a: Ogerpon
|-damage|p1a: Ogerpon|26/100
|
|upkeep
|turn|31
|
|t:|1776196333
|move|p1a: Ogerpon|Ivy Cudgel|p2a: Ting-Lu
|-resisted|p2a: Ting-Lu
|-damage|p2a: Ting-Lu|4/100
|move|p2a: Ting-Lu|Earthquake|p1a: Ogerpon
|-resisted|p1a: Ogerpon
|-damage|p1a: Ogerpon|2/100
|
|upkeep
|turn|32
|
|t:|1776196341
|move|p1a: Ogerpon|Ivy Cudgel|p2a: Ting-Lu
|-resisted|p2a: Ting-Lu
|-damage|p2a: Ting-Lu|0 fnt
|faint|p2a: Ting-Lu
|
|upkeep
|
|t:|1776196344
|switch|p2a: Iron Valiant|Iron Valiant|17/100
|turn|33
|
|t:|1776196347
|move|p2a: Iron Valiant|Moonblast|p1a: Ogerpon
|-damage|p1a: Ogerpon|0 fnt
|faint|p1a: Ogerpon
|
|upkeep
|
|t:|1776196350
|switch|p1a: Dragonite|Dragonite, M|100/100
|turn|34
|
|t:|1776196359
|-terastallize|p1a: Dragonite|Normal
|move|p2a: Iron Valiant|Moonblast|p1a: Dragonite
|-damage|p1a: Dragonite|55/100
|move|p1a: Dragonite|Dragon Dance|p1a: Dragonite
|-boost|p1a: Dragonite|atk|1
|-boost|p1a: Dragonite|spe|1
|
|upkeep
|turn|35
|
|t:|1776196366
|move|p1a: Dragonite|Extreme Speed|p2a: Iron Valiant
|-damage|p2a: Iron Valiant|0 fnt
|faint|p2a: Iron Valiant
|-end|p2a: Iron Valiant|Quark Drive|[silent]
|
|upkeep
|l|☆ilikemos
|inactive|ilikemos disconnected and has a minute to reconnect!
|player|p2|
|inactive|ilikemos has 30 seconds to reconnect!
|inactive|ilikemos has 20 seconds to reconnect!
|inactive|ilikemos has 15 seconds to reconnect!
|inactive|ilikemos has 10 seconds to reconnect!
|inactive|ilikemos has 5 seconds to reconnect!
|-message|ilikemos lost due to inactivity.
|
|win|ettiriddure
|raw|ettiriddure's rating: 1453 &rarr; <strong>1473</strong><br />(+20 for winning)
|raw|ilikemos's rating: 1449 &rarr; <strong>1429</strong><br />(-20 for losing)
