|html|<div class="broadcast-blue"><strong>[Gen 9] OU is currently suspecting Tera Blast! For information on how to participate check out the <a href="https://www.smogon.com/tools/suspects/view/200">suspect thread</a>.</strong></div>
|j|☆Blastoise_Choice
|j|☆Silksong FC
|t:|1776056369
|gametype|singles
|player|p1|Blastoise_Choice|benga|1549
|player|p2|Silksong FC|shadowtriad|1594
|gen|9
|tier|[Gen 9] OU
|rated|
|rule|HP Percentage Mod: HP is shown in percentages
|rule|Endless Battle Clause: Forcing endless battles is banned
|rule|Species Clause: Limit one of each Pokémon
|rule|OHKO Clause: OHKO moves are banned
|rule|Evasion Items Clause: Evasion items are banned
|rule|Evasion Moves Clause: Evasion moves are banned
|rule|Evasion Abilities Clause: Evasion abilities are banned
|rule|Sleep Moves Clause: Sleep-inducing moves are banned
|clearpoke
|poke|p1|Garganacl, F|
|poke|p1|Darkrai|
|poke|p1|Great Tusk|
|poke|p1|Hatterene, F|
|poke|p1|Tornadus-Therian, M|
|poke|p1|Dragonite, M|
|poke|p2|Zamazenta-*|
|poke|p2|Corviknight, F|
|poke|p2|Cinderace, M|
|poke|p2|Ninetales-Alola, F|
|poke|p2|Raging Bolt|
|poke|p2|Garganacl, F|
|teampreview
|inactive|Battle timer is ON: inactive players will automatically lose when time's up. (requested by Silksong FC)
|
|t:|1776056378
|teamsize|p1|6
|teamsize|p2|6
|start
|switch|p1a: Darkrai|Darkrai|100/100
|switch|p2a: Cinderace|Cinderace, M|100/100
|turn|1
|c|☆Blastoise_Choice|hf
|inactive|Blastoise_Choice also wants the timer to be on.
|
|t:|1776056385
|move|p1a: Darkrai|Dark Pulse|p2a: Cinderace
|-damage|p2a: Cinderace|15/100
|move|p2a: Cinderace|U-turn|p1a: Darkrai
|-start|p2a: Cinderace|typechange|Bug|[from] ability: Libero
|-supereffective|p1a: Darkrai
|-damage|p1a: Darkrai|11/100
|
|t:|1776056392
|switch|p2a: Raging Bolt|Raging Bolt|100/100|[from] U-turn
|
|upkeep
|turn|2
|
|t:|1776056399
|move|p1a: Darkrai|Dark Pulse|p2a: Raging Bolt
|-damage|p2a: Raging Bolt|47/100
|cant|p2a: Raging Bolt|flinch
|
|upkeep
|turn|3
|
|t:|1776056406
|move|p2a: Raging Bolt|Thunderclap|p1a: Darkrai
|-damage|p1a: Darkrai|0 fnt
|faint|p1a: Darkrai
|
|upkeep
|
|t:|1776056412
|switch|p1a: Great Tusk|Great Tusk|100/100
|-enditem|p1a: Great Tusk|Booster Energy
|-activate|p1a: Great Tusk|ability: Protosynthesis|[fromitem]
|-start|p1a: Great Tusk|protosynthesisatk
|turn|4
|
|t:|1776056419
|-end|p2a: Raging Bolt|Protosynthesis|[silent]
|switch|p2a: Corviknight|Corviknight, F, shiny|100/100
|-ability|p2a: Corviknight|Pressure
|move|p1a: Great Tusk|Close Combat|p2a: Corviknight
|-crit|p2a: Corviknight
|-damage|p2a: Corviknight|28/100
|-unboost|p1a: Great Tusk|def|1
|-unboost|p1a: Great Tusk|spd|1
|-damage|p1a: Great Tusk|84/100|[from] item: Rocky Helmet|[of] p2a: Corviknight
|
|upkeep
|turn|5
|
|t:|1776056427
|move|p1a: Great Tusk|Close Combat|p2a: Corviknight
|-damage|p2a: Corviknight|0 fnt
|-unboost|p1a: Great Tusk|def|1
|-unboost|p1a: Great Tusk|spd|1
|-damage|p1a: Great Tusk|68/100|[from] item: Rocky Helmet|[of] p2a: Corviknight
|faint|p2a: Corviknight
|
|upkeep
|j| Kyurem
|
|t:|1776056431
|switch|p2a: Cinderace|Cinderace, M|15/100
|turn|6
|
|t:|1776056438
|-end|p1a: Great Tusk|Protosynthesis|[silent]
|switch|p1a: Garganacl|Garganacl, F|100/100
|move|p2a: Cinderace|Pyro Ball|p1a: Garganacl
|-resisted|p1a: Garganacl
|-damage|p1a: Garganacl|82/100
|
|-heal|p1a: Garganacl|88/100|[from] item: Leftovers
|upkeep
|turn|7
|
|t:|1776056445
|move|p2a: Cinderace|U-turn|p1a: Garganacl
|-start|p2a: Cinderace|typechange|Bug|[from] ability: Libero
|-damage|p1a: Garganacl|67/100
|
|t:|1776056449
|switch|p2a: Ninetales|Ninetales-Alola, F, shiny|100/100|[from] U-turn
|-weather|Snowscape|[from] ability: Snow Warning|[of] p2a: Ninetales
|move|p1a: Garganacl|Salt Cure|p2a: Ninetales
|-supereffective|p2a: Ninetales
|-damage|p2a: Ninetales|71/100
|-start|p2a: Ninetales|Salt Cure
|
|-weather|Snowscape|[upkeep]
|-heal|p1a: Garganacl|73/100|[from] item: Leftovers
|-damage|p2a: Ninetales|58/100|[from] Salt Cure
|upkeep
|turn|8
|
|t:|1776056455
|move|p2a: Ninetales|Aurora Veil|p2a: Ninetales
|-sidestart|p2: Silksong FC|move: Aurora Veil
|move|p1a: Garganacl|Salt Cure|p2a: Ninetales
|-supereffective|p2a: Ninetales
|-damage|p2a: Ninetales|45/100
|
|-weather|Snowscape|[upkeep]
|-heal|p1a: Garganacl|79/100|[from] item: Leftovers
|-damage|p2a: Ninetales|33/100|[from] Salt Cure
|upkeep
|turn|9
|
|t:|1776056462
|switch|p2a: Garganacl|Garganacl, F|100/100
|move|p1a: Garganacl|Stealth Rock|p2a: Garganacl
|-sidestart|p2: Silksong FC|move: Stealth Rock
|
|-weather|Snowscape|[upkeep]
|-heal|p1a: Garganacl|85/100|[from] item: Leftovers
|upkeep
|turn|10
|
|t:|1776056468
|move|p1a: Garganacl|Salt Cure|p2a: Garganacl
|-damage|p2a: Garganacl|96/100
|-start|p2a: Garganacl|Salt Cure
|move|p2a: Garganacl|Curse|p2a: Garganacl
|-unboost|p2a: Garganacl|spe|1
|-boost|p2a: Garganacl|atk|1
|-boost|p2a: Garganacl|def|1
|
|-weather|Snowscape|[upkeep]
|-heal|p1a: Garganacl|91/100|[from] item: Leftovers
|-heal|p2a: Garganacl|100/100|[from] item: Leftovers
|-damage|p2a: Garganacl|88/100|[from] Salt Cure
|upkeep
|turn|11
|
|t:|1776056476
|move|p1a: Garganacl|Protect|p1a: Garganacl
|-singleturn|p1a: Garganacl|Protect
|move|p2a: Garganacl|Salt Cure|p1a: Garganacl
|-activate|p1a: Garganacl|move: Protect
|
|-weather|none
|-heal|p1a: Garganacl|98/100|[from] item: Leftovers
|-heal|p2a: Garganacl|94/100|[from] item: Leftovers
|-damage|p2a: Garganacl|82/100|[from] Salt Cure
|upkeep
|turn|12
|
|t:|1776056482
|move|p1a: Garganacl|Salt Cure|p2a: Garganacl
|-damage|p2a: Garganacl|79/100
|move|p2a: Garganacl|Salt Cure|p1a: Garganacl
|-damage|p1a: Garganacl|83/100
|-start|p1a: Garganacl|Salt Cure
|
|-heal|p1a: Garganacl|89/100|[from] item: Leftovers
|-heal|p2a: Garganacl|85/100|[from] item: Leftovers
|-damage|p1a: Garganacl|77/100|[from] Salt Cure
|-damage|p2a: Garganacl|73/100|[from] Salt Cure
|upkeep
|turn|13
|
|t:|1776056493
|move|p1a: Garganacl|Salt Cure|p2a: Garganacl
|-damage|p2a: Garganacl|70/100
|move|p2a: Garganacl|Salt Cure|p1a: Garganacl
|-damage|p1a: Garganacl|63/100
|
|-heal|p1a: Garganacl|70/100|[from] item: Leftovers
|-heal|p2a: Garganacl|76/100|[from] item: Leftovers
|-damage|p1a: Garganacl|57/100|[from] Salt Cure
|-damage|p2a: Garganacl|64/100|[from] Salt Cure
|upkeep
|turn|14
|
|t:|1776056501
|move|p1a: Garganacl|Recover|p1a: Garganacl
|-heal|p1a: Garganacl|100/100
|move|p2a: Garganacl|Curse|p2a: Garganacl
|-unboost|p2a: Garganacl|spe|1
|-boost|p2a: Garganacl|atk|1
|-boost|p2a: Garganacl|def|1
|
|-heal|p2a: Garganacl|70/100|[from] item: Leftovers
|-damage|p1a: Garganacl|88/100|[from] Salt Cure
|-damage|p2a: Garganacl|58/100|[from] Salt Cure
|upkeep
|turn|15
|
|t:|1776056508
|move|p1a: Garganacl|Salt Cure|p2a: Garganacl
|-damage|p2a: Garganacl|56/100
|move|p2a: Garganacl|Curse|p2a: Garganacl
|-unboost|p2a: Garganacl|spe|1
|-boost|p2a: Garganacl|atk|1
|-boost|p2a: Garganacl|def|1
|
|-heal|p1a: Garganacl|94/100|[from] item: Leftovers
|-heal|p2a: Garganacl|62/100|[from] item: Leftovers
|-damage|p1a: Garganacl|82/100|[from] Salt Cure
|-damage|p2a: Garganacl|50/100|[from] Salt Cure
|-sideend|p2: Silksong FC|move: Aurora Veil
|upkeep
|turn|16
|
|t:|1776056515
|move|p1a: Garganacl|Protect|p1a: Garganacl
|-singleturn|p1a: Garganacl|Protect
|move|p2a: Garganacl|Salt Cure|p1a: Garganacl
|-activate|p1a: Garganacl|move: Protect
|
|-heal|p1a: Garganacl|88/100|[from] item: Leftovers
|-heal|p2a: Garganacl|56/100|[from] item: Leftovers
|-damage|p1a: Garganacl|76/100|[from] Salt Cure
|-damage|p2a: Garganacl|44/100|[from] Salt Cure
|upkeep
|turn|17
|
|t:|1776056522
|-terastallize|p1a: Garganacl|Water
|move|p1a: Garganacl|Salt Cure|p2a: Garganacl
|-damage|p2a: Garganacl|40/100
|move|p2a: Garganacl|Recover|p2a: Garganacl
|-heal|p2a: Garganacl|90/100
|
|-heal|p1a: Garganacl|82/100|[from] item: Leftovers
|-heal|p2a: Garganacl|96/100|[from] item: Leftovers
|-damage|p1a: Garganacl|57/100|[from] Salt Cure
|-damage|p2a: Garganacl|84/100|[from] Salt Cure
|upkeep
|turn|18
|
|t:|1776056531
|move|p1a: Garganacl|Salt Cure|p2a: Garganacl
|-damage|p2a: Garganacl|80/100
|move|p2a: Garganacl|Earthquake|p1a: Garganacl
|-damage|p1a: Garganacl|19/100
|
|-heal|p1a: Garganacl|25/100|[from] item: Leftovers
|-heal|p2a: Garganacl|86/100|[from] item: Leftovers
|-damage|p1a: Garganacl|0 fnt|[from] Salt Cure
|faint|p1a: Garganacl
|-damage|p2a: Garganacl|74/100|[from] Salt Cure
|upkeep
|
|t:|1776056537
|switch|p1a: Great Tusk|Great Tusk|68/100
|turn|19
|
|t:|1776056541
|-end|p1a: Great Tusk|Protosynthesis|[silent]
|switch|p1a: Dragonite|Dragonite, M|100/100
|-terastallize|p2a: Garganacl|Flying
|move|p2a: Garganacl|Curse|p2a: Garganacl
|-unboost|p2a: Garganacl|spe|1
|-boost|p2a: Garganacl|atk|1
|-boost|p2a: Garganacl|def|1
|
|-heal|p2a: Garganacl|80/100|[from] item: Leftovers
|-damage|p2a: Garganacl|67/100|[from] Salt Cure
|upkeep
|turn|20
|
|t:|1776056544
|switch|p1a: Great Tusk|Great Tusk|68/100
|move|p2a: Garganacl|Salt Cure|p1a: Great Tusk
|-resisted|p1a: Great Tusk
|-damage|p1a: Great Tusk|60/100
|-start|p1a: Great Tusk|Salt Cure
|
|-heal|p2a: Garganacl|74/100|[from] item: Leftovers
|-damage|p1a: Great Tusk|48/100|[from] Salt Cure
|-damage|p2a: Garganacl|61/100|[from] Salt Cure
|upkeep
|turn|21
|
|t:|1776056549
|-end|p1a: Great Tusk|Protosynthesis|[silent]
|switch|p1a: Tornadus|Tornadus-Therian, M, shiny|100/100
|move|p2a: Garganacl|Curse|p2a: Garganacl
|-unboost|p2a: Garganacl|spe|1
|-boost|p2a: Garganacl|atk|1
|-boost|p2a: Garganacl|def|1
|
|-heal|p2a: Garganacl|67/100|[from] item: Leftovers
|-damage|p2a: Garganacl|55/100|[from] Salt Cure
|upkeep
|turn|22
|
|t:|1776056552
|switch|p1a: Great Tusk|Great Tusk|48/100
|move|p2a: Garganacl|Recover|p2a: Garganacl
|-heal|p2a: Garganacl|100/100
|
|-damage|p2a: Garganacl|88/100|[from] Salt Cure
|upkeep
|turn|23
|
|t:|1776056556
|-end|p1a: Great Tusk|Protosynthesis|[silent]
|switch|p1a: Tornadus|Tornadus-Therian, M, shiny|100/100
|move|p2a: Garganacl|Earthquake|p1a: Tornadus
|-immune|p1a: Tornadus
|
|-heal|p2a: Garganacl|94/100|[from] item: Leftovers
|-damage|p2a: Garganacl|82/100|[from] Salt Cure
|upkeep
|turn|24
|
|t:|1776056560
|move|p1a: Tornadus|U-turn|p2a: Garganacl
|-resisted|p2a: Garganacl
|-damage|p2a: Garganacl|81/100
|
|t:|1776056564
|switch|p1a: Great Tusk|Great Tusk|48/100|[from] U-turn
|move|p2a: Garganacl|Salt Cure|p1a: Great Tusk
|-resisted|p1a: Great Tusk
|-damage|p1a: Great Tusk|39/100
|-start|p1a: Great Tusk|Salt Cure
|
|-heal|p2a: Garganacl|87/100|[from] item: Leftovers
|-damage|p1a: Great Tusk|26/100|[from] Salt Cure
|-damage|p2a: Garganacl|75/100|[from] Salt Cure
|upkeep
|turn|25
|
|t:|1776056576
|-end|p1a: Great Tusk|Protosynthesis|[silent]
|switch|p1a: Tornadus|Tornadus-Therian, M, shiny|100/100
|move|p2a: Garganacl|Salt Cure|p1a: Tornadus
|-supereffective|p1a: Tornadus
|-damage|p1a: Tornadus|0 fnt
|faint|p1a: Tornadus
|
|-heal|p2a: Garganacl|81/100|[from] item: Leftovers
|-damage|p2a: Garganacl|69/100|[from] Salt Cure
|upkeep
|
|t:|1776056581
|switch|p1a: Great Tusk|Great Tusk|26/100
|turn|26
|c|☆Silksong FC|well gg
|
|t:|1776056588
|-end|p1a: Great Tusk|Protosynthesis|[silent]
|switch|p1a: Dragonite|Dragonite, M|100/100
|move|p2a: Garganacl|Recover|p2a: Garganacl
|-heal|p2a: Garganacl|100/100
|
|-damage|p2a: Garganacl|88/100|[from] Salt Cure
|upkeep
|turn|27
|
|t:|1776056592
|switch|p1a: Great Tusk|Great Tusk|26/100
|move|p2a: Garganacl|Salt Cure|p1a: Great Tusk
|-resisted|p1a: Great Tusk
|-damage|p1a: Great Tusk|18/100
|-start|p1a: Great Tusk|Salt Cure
|
|-heal|p2a: Garganacl|94/100|[from] item: Leftovers
|-damage|p1a: Great Tusk|6/100|[from] Salt Cure
|-damage|p2a: Garganacl|82/100|[from] Salt Cure
|upkeep
|turn|28
|
|t:|1776056597
|move|p1a: Great Tusk|Ice Spinner|p2a: Garganacl
|-supereffective|p2a: Garganacl
|-damage|p2a: Garganacl|71/100
|move|p2a: Garganacl|Salt Cure|p1a: Great Tusk
|-resisted|p1a: Great Tusk
|-damage|p1a: Great Tusk|0 fnt
|faint|p1a: Great Tusk
|-end|p1a: Great Tusk|Protosynthesis|[silent]
|
|-heal|p2a: Garganacl|78/100|[from] item: Leftovers
|-damage|p2a: Garganacl|65/100|[from] Salt Cure
|upkeep
|
|t:|1776056603
|switch|p1a: Hatterene|Hatterene, F|100/100
|turn|29
|
|t:|1776056606
|move|p1a: Hatterene|Nuzzle|p2a: Garganacl
|-supereffective|p2a: Garganacl
|-damage|p2a: Garganacl|64/100
|move|p2a: Garganacl|Earthquake|p1a: Hatterene
|-damage|p1a: Hatterene|41/100
|
|-heal|p2a: Garganacl|70/100|[from] item: Leftovers
|-damage|p2a: Garganacl|57/100|[from] Salt Cure
|upkeep
|turn|30
|
|t:|1776056612
|switch|p1a: Dragonite|Dragonite, M|100/100
|move|p2a: Garganacl|Recover|p2a: Garganacl
|-heal|p2a: Garganacl|100/100
|
|-damage|p2a: Garganacl|88/100|[from] Salt Cure
|upkeep
|turn|31
|
|t:|1776056616
|move|p1a: Dragonite|Dragon Dance|p1a: Dragonite
|-boost|p1a: Dragonite|atk|1
|-boost|p1a: Dragonite|spe|1
|move|p2a: Garganacl|Salt Cure|p1a: Dragonite
|-supereffective|p1a: Dragonite
|-damage|p1a: Dragonite|54/100
|-start|p1a: Dragonite|Salt Cure
|
|-heal|p2a: Garganacl|94/100|[from] item: Leftovers
|-damage|p1a: Dragonite|41/100|[from] Salt Cure
|-damage|p2a: Garganacl|82/100|[from] Salt Cure
|upkeep
|turn|32
|
|t:|1776056620
|move|p1a: Dragonite|Roost|p1a: Dragonite
|-heal|p1a: Dragonite|92/100
|-singleturn|p1a: Dragonite|move: Roost
|move|p2a: Garganacl|Salt Cure|p1a: Dragonite
|-damage|p1a: Dragonite|43/100
|
|-heal|p2a: Garganacl|88/100|[from] item: Leftovers
|-damage|p1a: Dragonite|31/100|[from] Salt Cure
|-damage|p2a: Garganacl|76/100|[from] Salt Cure
|upkeep
|turn|33
|
|t:|1776056625
|move|p1a: Dragonite|Roost|p1a: Dragonite
|-heal|p1a: Dragonite|81/100
|-singleturn|p1a: Dragonite|move: Roost
|move|p2a: Garganacl|Earthquake|p1a: Dragonite
|-damage|p1a: Dragonite|7/100
|
|-heal|p2a: Garganacl|82/100|[from] item: Leftovers
|-damage|p1a: Dragonite|0 fnt|[from] Salt Cure
|faint|p1a: Dragonite
|-damage|p2a: Garganacl|70/100|[from] Salt Cure
|upkeep
|
|t:|1776056629
|switch|p1a: Hatterene|Hatterene, F|41/100
|turn|34
|
|t:|1776056633
|move|p1a: Hatterene|Pain Split|p2a: Garganacl
|-sethp|p2a: Garganacl|54/100|[from] move: Pain Split|[silent]
|-sethp|p1a: Hatterene|58/100|[from] move: Pain Split
|move|p2a: Garganacl|Earthquake|p1a: Hatterene
|-damage|p1a: Hatterene|0 fnt
|faint|p1a: Hatterene
|
|win|Silksong FC
|raw|Blastoise_Choice's rating: 1549 &rarr; <strong>1532</strong><br />(-17 for losing)
|raw|Silksong FC's rating: 1594 &rarr; <strong>1611</strong><br />(+17 for winning)
|c|☆Blastoise_Choice|gg
