|html|<div class="broadcast-blue"><strong>[Gen 9] OU is currently suspecting Volcarona! For information on how to participate check out the <a href="https://www.smogon.com/tools/suspects/view/208">suspect thread</a>.</strong></div>
|j|☆asw990117
|j|☆purgesalazar
|t:|1778509939
|gametype|singles
|player|p1|asw990117|102|1231
|player|p2|purgesalazar|170|1237
|gen|9
|tier|[Gen 9] OU
|rated|
|rule|HP Percentage Mod: HP is shown in percentages
|rule|Endless Battle Clause: Forcing endless battles is banned
|rule|Species Clause: Limit one of each Pokémon
|rule|OHKO Clause: OHKO moves are banned
|rule|Evasion Items Clause: Evasion items are banned
|rule|Evasion Moves Clause: Evasion moves are banned
|rule|Evasion Abilities Clause: Evasion abilities are banned
|rule|Sleep Moves Clause: Sleep-inducing moves are banned
|clearpoke
|poke|p1|Breloom, M|
|poke|p1|Dragonite, M|
|poke|p1|Corviknight, F|
|poke|p1|Blaziken, M|
|poke|p1|Swampert, M|
|poke|p1|Gholdengo|
|poke|p2|Rillaboom, F|
|poke|p2|Great Tusk|
|poke|p2|Volcarona, F|
|poke|p2|Hatterene, F|
|poke|p2|Ogerpon-Cornerstone, F|
|poke|p2|Walking Wake|
|teampreview
|inactive|Battle timer is ON: inactive players will automatically lose when time's up. (requested by purgesalazar)
|c|☆purgesalazar|cool team
|c|☆asw990117|thanks
|c|☆asw990117|u too
|c|☆purgesalazar|ty
|
|t:|1778509965
|teamsize|p1|6
|teamsize|p2|6
|start
|switch|p1a: Blaziken|Blaziken, M|100/100
|switch|p2a: Rillaboom|Rillaboom, F|100/100
|-fieldstart|move: Grassy Terrain|[from] ability: Grassy Surge|[of] p2a: Rillaboom
|turn|1
|
|t:|1778509973
|move|p2a: Rillaboom|Taunt|p1a: Blaziken
|-start|p1a: Blaziken|move: Taunt
|cant|p1a: Blaziken|move: Taunt|Swords Dance
|
|-ability|p1a: Blaziken|Speed Boost|boost
|-boost|p1a: Blaziken|spe|1
|upkeep
|turn|2
|
|t:|1778509993
|switch|p2a: Hatterene|Hatterene, F|100/100
|move|p1a: Blaziken|Close Combat|p2a: Hatterene
|-resisted|p2a: Hatterene
|-damage|p2a: Hatterene|89/100
|-unboost|p1a: Blaziken|def|1
|-unboost|p1a: Blaziken|spd|1
|-enditem|p2a: Hatterene|Eject Button
|
|t:|1778510012
|switch|p2a: Walking Wake|Walking Wake|100/100
|
|-ability|p1a: Blaziken|Speed Boost|boost
|-boost|p1a: Blaziken|spe|1
|upkeep
|turn|3
|
|t:|1778510020
|move|p1a: Blaziken|Close Combat|p2a: Walking Wake
|-damage|p2a: Walking Wake|35/100
|-unboost|p1a: Blaziken|def|1
|-unboost|p1a: Blaziken|spd|1
|move|p2a: Walking Wake|Hydro Pump|p1a: Blaziken|[miss]
|-miss|p2a: Walking Wake|p1a: Blaziken
|
|-heal|p2a: Walking Wake|41/100|[from] Grassy Terrain
|-end|p1a: Blaziken|move: Taunt
|-ability|p1a: Blaziken|Speed Boost|boost
|-boost|p1a: Blaziken|spe|1
|upkeep
|turn|4
|c|☆purgesalazar|fuck
|
|t:|1778510036
|-end|p2a: Walking Wake|Protosynthesis|[silent]
|switch|p2a: Hatterene|Hatterene, F|89/100
|move|p1a: Blaziken|Earthquake|p2a: Hatterene
|-damage|p2a: Hatterene|76/100
|
|-heal|p2a: Hatterene|82/100|[from] Grassy Terrain
|-ability|p1a: Blaziken|Speed Boost|boost
|-boost|p1a: Blaziken|spe|1
|upkeep
|turn|5
|c|☆asw990117|sorry about that
|c|☆purgesalazar|its fine
|
|t:|1778510048
|switch|p1a: Gholdengo|Gholdengo|100/100
|-item|p1a: Gholdengo|Air Balloon
|move|p2a: Hatterene|Psychic Noise|p1a: Gholdengo
|-resisted|p1a: Gholdengo
|-damage|p1a: Gholdengo|81/100
|-start|p1a: Gholdengo|move: Heal Block
|-enditem|p1a: Gholdengo|Air Balloon
|
|-heal|p2a: Hatterene|88/100|[from] Grassy Terrain
|upkeep
|turn|6
|inactive|purgesalazar has 120 seconds left.
|
|t:|1778510070
|switch|p2a: Rillaboom|Rillaboom, F|100/100
|move|p1a: Gholdengo|Shadow Ball|p2a: Rillaboom
|-damage|p2a: Rillaboom|36/100
|
|-heal|p2a: Rillaboom|42/100|[from] Grassy Terrain
|-end|p1a: Gholdengo|move: Heal Block
|upkeep
|turn|7
|inactive|purgesalazar has 120 seconds left.
|
|t:|1778510090
|switch|p1a: Corviknight|Corviknight, F|100/100
|move|p2a: Rillaboom|Knock Off|p1a: Corviknight
|-damage|p1a: Corviknight|79/100
|-enditem|p1a: Corviknight|Leftovers|[from] move: Knock Off|[of] p2a: Rillaboom
|
|-heal|p2a: Rillaboom|48/100|[from] Grassy Terrain
|upkeep
|turn|8
|
|t:|1778510100
|move|p2a: Rillaboom|U-turn|p1a: Corviknight
|-resisted|p1a: Corviknight
|-damage|p1a: Corviknight|75/100
|
|t:|1778510116
|switch|p2a: Hatterene|Hatterene, F|88/100|[from] U-turn
|move|p1a: Corviknight|Brave Bird|p2a: Hatterene
|-damage|p2a: Hatterene|58/100
|-damage|p1a: Corviknight|67/100|[from] Recoil
|
|-heal|p2a: Hatterene|64/100|[from] Grassy Terrain
|-fieldend|move: Grassy Terrain
|upkeep
|turn|9
|
|t:|1778510125
|move|p1a: Corviknight|Brave Bird|p2a: Hatterene
|-damage|p2a: Hatterene|33/100
|-damage|p1a: Corviknight|59/100|[from] Recoil
|move|p2a: Hatterene|Nuzzle|p1a: Corviknight
|-supereffective|p1a: Corviknight
|-damage|p1a: Corviknight|54/100
|-status|p1a: Corviknight|par
|
|upkeep
|turn|10
|
|t:|1778510132
|move|p2a: Hatterene|Healing Wish|p2a: Hatterene
|faint|p2a: Hatterene
|cant|p1a: Corviknight|par
|
|upkeep
|
|t:|1778510150
|switch|p2a: Walking Wake|Walking Wake|41/100
|-heal|p2a: Walking Wake|100/100|[from] move: Healing Wish
|turn|11
|
|t:|1778510158
|move|p2a: Walking Wake|Hydro Steam|p1a: Corviknight
|-damage|p1a: Corviknight|0 fnt
|faint|p1a: Corviknight
|
|upkeep
|
|t:|1778510172
|switch|p1a: Breloom|Breloom, M|100/100
|turn|12
|
|t:|1778510179
|-end|p2a: Walking Wake|Protosynthesis|[silent]
|switch|p2a: Rillaboom|Rillaboom, F|48/100
|-fieldstart|move: Grassy Terrain|[from] ability: Grassy Surge|[of] p2a: Rillaboom
|move|p1a: Breloom|Toxic|p2a: Rillaboom
|-status|p2a: Rillaboom|tox
|
|-heal|p2a: Rillaboom|54/100 tox|[from] Grassy Terrain
|-damage|p2a: Rillaboom|48/100 tox|[from] psn
|upkeep
|turn|13
|inactive|purgesalazar has 120 seconds left.
|
|t:|1778510193
|switch|p1a: Gholdengo|Gholdengo|81/100
|move|p2a: Rillaboom|U-turn|p1a: Gholdengo
|-resisted|p1a: Gholdengo
|-damage|p1a: Gholdengo|75/100
|
|t:|1778510210
|switch|p2a: Walking Wake|Walking Wake|100/100|[from] U-turn
|
|-heal|p1a: Gholdengo|81/100|[from] Grassy Terrain
|upkeep
|turn|14
|
|t:|1778510216
|move|p2a: Walking Wake|Hydro Steam|p1a: Gholdengo
|-damage|p1a: Gholdengo|8/100
|move|p1a: Gholdengo|Dazzling Gleam|p2a: Walking Wake
|-supereffective|p2a: Walking Wake
|-damage|p2a: Walking Wake|27/100
|
|-heal|p2a: Walking Wake|34/100|[from] Grassy Terrain
|-heal|p1a: Gholdengo|14/100|[from] Grassy Terrain
|upkeep
|turn|15
|
|t:|1778510222
|move|p2a: Walking Wake|Hydro Steam|p1a: Gholdengo
|-damage|p1a: Gholdengo|0 fnt
|faint|p1a: Gholdengo
|
|-heal|p2a: Walking Wake|40/100|[from] Grassy Terrain
|upkeep
|
|t:|1778510232
|switch|p1a: Blaziken|Blaziken, M|100/100
|turn|16
|inactive|purgesalazar has 120 seconds left.
|
|t:|1778510250
|move|p2a: Walking Wake|Hydro Steam|p1a: Blaziken
|-supereffective|p1a: Blaziken
|-enditem|p1a: Blaziken|Focus Sash
|-damage|p1a: Blaziken|1/100
|move|p1a: Blaziken|Swords Dance|p1a: Blaziken
|-boost|p1a: Blaziken|atk|2
|
|-heal|p2a: Walking Wake|46/100|[from] Grassy Terrain
|-heal|p1a: Blaziken|7/100|[from] Grassy Terrain
|-ability|p1a: Blaziken|Speed Boost|boost
|-boost|p1a: Blaziken|spe|1
|upkeep
|turn|17
|inactive|purgesalazar has 120 seconds left.
|
|t:|1778510260
|move|p1a: Blaziken|Close Combat|p2a: Walking Wake
|-damage|p2a: Walking Wake|0 fnt
|-unboost|p1a: Blaziken|def|1
|-unboost|p1a: Blaziken|spd|1
|faint|p2a: Walking Wake
|-end|p2a: Walking Wake|Protosynthesis|[silent]
|
|-heal|p1a: Blaziken|13/100|[from] Grassy Terrain
|-ability|p1a: Blaziken|Speed Boost|boost
|-boost|p1a: Blaziken|spe|1
|upkeep
|
|t:|1778510264
|switch|p2a: Rillaboom|Rillaboom, F|48/100 tox
|turn|18
|
|t:|1778510277
|move|p2a: Rillaboom|Grassy Glide|p1a: Blaziken
|-resisted|p1a: Blaziken
|-damage|p1a: Blaziken|0 fnt
|faint|p1a: Blaziken
|
|-heal|p2a: Rillaboom|54/100 tox|[from] Grassy Terrain
|-damage|p2a: Rillaboom|48/100 tox|[from] psn
|upkeep
|
|t:|1778510283
|switch|p1a: Dragonite|Dragonite, M|100/100
|turn|19
|
|t:|1778510288
|move|p2a: Rillaboom|U-turn|p1a: Dragonite
|-resisted|p1a: Dragonite
|-damage|p1a: Dragonite|95/100
|
|t:|1778510298
|switch|p2a: Ogerpon|Ogerpon-Cornerstone, F|100/100|[from] U-turn
|move|p1a: Dragonite|Dragon Dance|p1a: Dragonite
|-boost|p1a: Dragonite|atk|1
|-boost|p1a: Dragonite|spe|1
|
|-heal|p1a: Dragonite|100/100|[from] item: Leftovers
|-fieldend|move: Grassy Terrain
|upkeep
|turn|20
|
|t:|1778510308
|-terastallize|p1a: Dragonite|Normal
|move|p2a: Ogerpon|Ivy Cudgel|p1a: Dragonite|[anim] Ivy Cudgel Rock
|-damage|p1a: Dragonite|70/100
|move|p1a: Dragonite|Ice Spinner|p2a: Ogerpon
|-supereffective|p2a: Ogerpon
|-ability|p2a: Ogerpon|Sturdy
|-damage|p2a: Ogerpon|1/100
|
|-heal|p1a: Dragonite|77/100|[from] item: Leftovers
|upkeep
|turn|21
|
|t:|1778510319
|move|p1a: Dragonite|Extreme Speed|p2a: Ogerpon
|-resisted|p2a: Ogerpon
|-damage|p2a: Ogerpon|0 fnt
|faint|p2a: Ogerpon
|
|-heal|p1a: Dragonite|83/100|[from] item: Leftovers
|upkeep
|
|t:|1778510340
|switch|p2a: Great Tusk|Great Tusk|100/100
|turn|22
|inactive|purgesalazar has 120 seconds left.
|inactive|purgesalazar has 90 seconds left.
|
|t:|1778510390
|switch|p1a: Swampert|Swampert, M|100/100
|-terastallize|p2a: Great Tusk|Water
|move|p2a: Great Tusk|Knock Off|p1a: Swampert
|-damage|p1a: Swampert|76/100
|-enditem|p1a: Swampert|Leftovers|[from] move: Knock Off|[of] p2a: Great Tusk
|
|upkeep
|turn|23
|inactive|purgesalazar has 90 seconds left.
|
|t:|1778510397
|-end|p2a: Great Tusk|Protosynthesis|[silent]
|switch|p2a: Rillaboom|Rillaboom, F|48/100 tox
|-fieldstart|move: Grassy Terrain|[from] ability: Grassy Surge|[of] p2a: Rillaboom
|move|p1a: Swampert|Earthquake|p2a: Rillaboom
|-resisted|p2a: Rillaboom
|-damage|p2a: Rillaboom|37/100 tox
|
|-heal|p2a: Rillaboom|43/100 tox|[from] Grassy Terrain
|-heal|p1a: Swampert|82/100|[from] Grassy Terrain
|-damage|p2a: Rillaboom|37/100 tox|[from] psn
|upkeep
|turn|24
|inactive|purgesalazar has 90 seconds left.
|
|t:|1778510407
|move|p2a: Rillaboom|Grassy Glide|p1a: Swampert
|-supereffective|p1a: Swampert
|-damage|p1a: Swampert|0 fnt
|faint|p1a: Swampert
|
|-heal|p2a: Rillaboom|43/100 tox|[from] Grassy Terrain
|-damage|p2a: Rillaboom|31/100 tox|[from] psn
|upkeep
|
|t:|1778510412
|switch|p1a: Dragonite|Dragonite, M, tera:Normal|83/100
|turn|25
|
|t:|1778510419
|move|p2a: Rillaboom|U-turn|p1a: Dragonite
|-damage|p1a: Dragonite|62/100
|
|t:|1778510421
|switch|p2a: Great Tusk|Great Tusk, tera:Water|100/100|[from] U-turn
|move|p1a: Dragonite|Ice Spinner|p2a: Great Tusk
|-resisted|p2a: Great Tusk
|-damage|p2a: Great Tusk|92/100
|-fieldend|move: Grassy Terrain
|
|-heal|p1a: Dragonite|68/100|[from] item: Leftovers
|upkeep
|turn|26
|-message|asw990117 forfeited.
|
|win|purgesalazar
|raw|asw990117's rating: 1231 &rarr; <strong>1206</strong><br />(-25 for losing)
|raw|purgesalazar's rating: 1237 &rarr; <strong>1262</strong><br />(+25 for winning)
|l|☆asw990117
|player|p1|
|c|☆purgesalazar|gg
|l|☆purgesalazar
|player|p2|
