|html|<div class="broadcast-blue"><strong>[Gen 9] OU is currently suspecting Volcarona! For information on how to participate check out the <a href="https://www.smogon.com/tools/suspects/view/208">suspect thread</a>.</strong></div>
|j|☆qways
|j|☆deesnut
|t:|1778512452
|gametype|singles
|player|p1|qways|265|1735
|player|p2|deesnut|li|1744
|gen|9
|tier|[Gen 9] OU
|rated|
|rule|HP Percentage Mod: HP is shown in percentages
|rule|Endless Battle Clause: Forcing endless battles is banned
|rule|Species Clause: Limit one of each Pokémon
|rule|OHKO Clause: OHKO moves are banned
|rule|Evasion Items Clause: Evasion items are banned
|rule|Evasion Moves Clause: Evasion moves are banned
|rule|Evasion Abilities Clause: Evasion abilities are banned
|rule|Sleep Moves Clause: Sleep-inducing moves are banned
|clearpoke
|poke|p1|Deoxys-Speed|
|poke|p1|Glimmora, F|
|poke|p1|Darkrai|
|poke|p1|Volcarona, M|
|poke|p1|Great Tusk|
|poke|p1|Hatterene, F|
|poke|p2|Weavile, M|
|poke|p2|Hoopa-Unbound|
|poke|p2|Iron Hands|
|poke|p2|Iron Valiant|
|poke|p2|Kingambit, F|
|poke|p2|Landorus-Therian, M|
|teampreview
|inactive|Battle timer is ON: inactive players will automatically lose when time's up. (requested by deesnut)
|
|t:|1778512471
|teamsize|p1|6
|teamsize|p2|6
|start
|switch|p1a: Glimmora|Glimmora, F|100/100
|switch|p2a: quadrilateral mind|Weavile, M|100/100
|-ability|p2a: quadrilateral mind|Pressure
|turn|1
|
|t:|1778512474
|move|p2a: quadrilateral mind|Swords Dance|p2a: quadrilateral mind
|-boost|p2a: quadrilateral mind|atk|2
|move|p1a: Glimmora|Meteor Beam||[still]
|-prepare|p1a: Glimmora|Meteor Beam
|-boost|p1a: Glimmora|spa|1
|-enditem|p1a: Glimmora|Power Herb
|-anim|p1a: Glimmora|Meteor Beam|p2a: quadrilateral mind
|-supereffective|p2a: quadrilateral mind
|-enditem|p2a: quadrilateral mind|Focus Sash
|-damage|p2a: quadrilateral mind|1/100
|
|upkeep
|turn|2
|
|t:|1778512478
|move|p2a: quadrilateral mind|Beat Up|p1a: Glimmora
|-damage|p1a: Glimmora|81/100
|-activate|p1a: Glimmora|ability: Toxic Debris
|-sidestart|p2: deesnut|move: Toxic Spikes
|-damage|p1a: Glimmora|55/100
|-activate|p1a: Glimmora|ability: Toxic Debris
|-sidestart|p2: deesnut|move: Toxic Spikes
|-damage|p1a: Glimmora|31/100
|-damage|p1a: Glimmora|8/100
|-damage|p1a: Glimmora|0 fnt
|faint|p1a: Glimmora
|-hitcount|p1: Glimmora|5
|
|upkeep
|j| Gardevoir to 1800s
|j| Ting-Lu1234
|
|t:|1778512503
|switch|p1a: Great Tusk|Great Tusk|100/100
|-enditem|p1a: Great Tusk|Booster Energy
|-activate|p1a: Great Tusk|ability: Protosynthesis|[fromitem]
|-start|p1a: Great Tusk|protosynthesisspe
|turn|3
|
|t:|1778512519
|move|p1a: Great Tusk|Ice Spinner|p2a: quadrilateral mind
|-resisted|p2a: quadrilateral mind
|-damage|p2a: quadrilateral mind|0 fnt
|faint|p2a: quadrilateral mind
|
|upkeep
|
|t:|1778512530
|switch|p2a: back of tha whip|Hoopa-Unbound|100/100
|-status|p2a: back of tha whip|tox
|turn|4
|
|t:|1778512538
|move|p1a: Great Tusk|Headlong Rush|p2a: back of tha whip
|-damage|p2a: back of tha whip|22/100 tox
|-unboost|p1a: Great Tusk|def|1
|-unboost|p1a: Great Tusk|spd|1
|move|p2a: back of tha whip|Drain Punch|p1a: Great Tusk
|-crit|p1a: Great Tusk
|-damage|p1a: Great Tusk|51/100
|-heal|p2a: back of tha whip|50/100 tox|[from] drain|[of] p1a: Great Tusk
|
|-damage|p2a: back of tha whip|44/100 tox|[from] psn
|upkeep
|turn|5
|
|t:|1778512546
|switch|p2a: something2prove|Landorus-Therian, M|100/100
|-ability|p2a: something2prove|Intimidate|boost
|-unboost|p1a: Great Tusk|atk|1
|move|p1a: Great Tusk|Headlong Rush|p2a: something2prove
|-immune|p2a: something2prove
|
|upkeep
|turn|6
|j| 654654m
|
|t:|1778512553
|-end|p1a: Great Tusk|Protosynthesis|[silent]
|switch|p1a: Deoxys|Deoxys-Speed|100/100
|-ability|p1a: Deoxys|Pressure
|switch|p2a: back of tha whip|Hoopa-Unbound|44/100 tox
|
|-damage|p2a: back of tha whip|37/100 tox|[from] psn
|upkeep
|turn|7
|
|t:|1778512558
|move|p1a: Deoxys|Reflect|p1a: Deoxys
|-sidestart|p1: qways|Reflect
|move|p2a: back of tha whip|Knock Off|p1a: Deoxys
|-supereffective|p1a: Deoxys
|-damage|p1a: Deoxys|26/100
|-enditem|p1a: Deoxys|Light Clay|[from] move: Knock Off|[of] p2a: back of tha whip
|
|-damage|p2a: back of tha whip|25/100 tox|[from] psn
|upkeep
|turn|8
|
|t:|1778512585
|switch|p2a: something2prove|Landorus-Therian, M|100/100
|-ability|p2a: something2prove|Intimidate|boost
|-unboost|p1a: Deoxys|atk|1
|move|p1a: Deoxys|Light Screen|p1a: Deoxys
|-sidestart|p1: qways|move: Light Screen
|
|upkeep
|turn|9
|
|t:|1778512590
|switch|p2a: chrome heartnsoul|Kingambit, F|100/100
|-activate|p2a: chrome heartnsoul|ability: Supreme Overlord
|-start|p2a: chrome heartnsoul|fallen1|[silent]
|move|p1a: Deoxys|Taunt|p2a: chrome heartnsoul
|-start|p2a: chrome heartnsoul|move: Taunt
|
|upkeep
|turn|10
|
|t:|1778512601
|move|p1a: Deoxys|Stealth Rock|p2a: chrome heartnsoul
|-sidestart|p2: deesnut|move: Stealth Rock
|move|p2a: chrome heartnsoul|Iron Head|p1a: Deoxys
|-damage|p1a: Deoxys|0 fnt
|faint|p1a: Deoxys
|
|upkeep
|
|t:|1778512605
|switch|p1a: Volcarona|Volcarona, M|100/100
|turn|11
|
|t:|1778512610
|-end|p2a: chrome heartnsoul|fallen1|[silent]
|switch|p2a: something2prove|Landorus-Therian, M|100/100
|-damage|p2a: something2prove|88/100|[from] Stealth Rock
|-ability|p2a: something2prove|Intimidate|boost
|-unboost|p1a: Volcarona|atk|1
|move|p1a: Volcarona|Quiver Dance|p1a: Volcarona
|-boost|p1a: Volcarona|spa|1
|-boost|p1a: Volcarona|spd|1
|-boost|p1a: Volcarona|spe|1
|
|upkeep
|turn|12
|
|t:|1778512616
|move|p1a: Volcarona|Quiver Dance|p1a: Volcarona
|-boost|p1a: Volcarona|spa|1
|-boost|p1a: Volcarona|spd|1
|-boost|p1a: Volcarona|spe|1
|move|p2a: something2prove|Stone Edge|p1a: Volcarona
|-supereffective|p1a: Volcarona
|-damage|p1a: Volcarona|8/100
|
|-heal|p1a: Volcarona|14/100|[from] item: Leftovers
|-sideend|p1: qways|move: Light Screen
|upkeep
|turn|13
|
|t:|1778512624
|move|p1a: Volcarona|Fiery Dance|p2a: something2prove
|-damage|p2a: something2prove|19/100
|move|p2a: something2prove|Earthquake|p1a: Volcarona
|-damage|p1a: Volcarona|0 fnt
|faint|p1a: Volcarona
|
|upkeep
|
|t:|1778512634
|switch|p1a: Darkrai|Darkrai|100/100
|turn|14
|
|t:|1778512639
|move|p1a: Darkrai|Dark Pulse|p2a: something2prove
|-damage|p2a: something2prove|0 fnt
|faint|p2a: something2prove
|
|-sideend|p1: qways|Reflect
|upkeep
|
|t:|1778512654
|switch|p2a: stretch my legs|Iron Hands|100/100
|-status|p2a: stretch my legs|tox
|-damage|p2a: stretch my legs|94/100 tox|[from] Stealth Rock
|turn|15
|
|t:|1778512662
|-terastallize|p1a: Darkrai|Poison
|move|p1a: Darkrai|Nasty Plot|p1a: Darkrai
|-boost|p1a: Darkrai|spa|2
|move|p2a: stretch my legs|Drain Punch|p1a: Darkrai
|-resisted|p1a: Darkrai
|-damage|p1a: Darkrai|74/100
|-heal|p2a: stretch my legs|100/100 tox|[from] drain|[of] p1a: Darkrai
|
|-heal|p1a: Darkrai|80/100|[from] item: Leftovers
|-damage|p2a: stretch my legs|94/100 tox|[from] psn
|upkeep
|turn|16
|j| shadowisp
|inactive|deesnut has 120 seconds left.
|
|t:|1778512722
|move|p1a: Darkrai|Sludge Bomb|p2a: stretch my legs
|-damage|p2a: stretch my legs|37/100 tox
|move|p2a: stretch my legs|Supercell Slam|p1a: Darkrai
|-damage|p1a: Darkrai|13/100
|
|-heal|p1a: Darkrai|19/100|[from] item: Leftovers
|-damage|p2a: stretch my legs|24/100 tox|[from] psn
|upkeep
|turn|17
|-enditem|p2a: stretch my legs|Custap Berry|[eat]
|-activate|p2a: stretch my legs|item: Custap Berry|[consumed]
|
|t:|1778512733
|move|p2a: stretch my legs|Drain Punch|p1a: Darkrai
|-resisted|p1a: Darkrai
|-damage|p1a: Darkrai|0 fnt
|-heal|p2a: stretch my legs|32/100 tox|[from] drain|[of] p1a: Darkrai
|faint|p1a: Darkrai
|
|-damage|p2a: stretch my legs|13/100 tox|[from] psn
|upkeep
|
|t:|1778512746
|switch|p1a: Great Tusk|Great Tusk|51/100
|turn|18
|
|t:|1778512751
|move|p1a: Great Tusk|Ice Spinner|p2a: stretch my legs
|-damage|p2a: stretch my legs|0 fnt
|faint|p2a: stretch my legs
|-end|p2a: stretch my legs|Quark Drive|[silent]
|
|upkeep
|
|t:|1778512759
|switch|p2a: back of tha whip|Hoopa-Unbound|25/100 tox
|-damage|p2a: back of tha whip|13/100 tox|[from] Stealth Rock
|turn|19
|-enditem|p2a: back of tha whip|Custap Berry|[eat]
|-activate|p2a: back of tha whip|item: Custap Berry|[consumed]
|
|t:|1778512766
|move|p2a: back of tha whip|Psychic|p1a: Great Tusk
|-supereffective|p1a: Great Tusk
|-damage|p1a: Great Tusk|0 fnt
|faint|p1a: Great Tusk
|-end|p1a: Great Tusk|Protosynthesis|[silent]
|
|-damage|p2a: back of tha whip|6/100 tox|[from] psn
|upkeep
|-message|qways forfeited.
|
|win|deesnut
|raw|qways's rating: 1735 &rarr; <strong>1716</strong><br />(-19 for losing)
|raw|deesnut's rating: 1744 &rarr; <strong>1763</strong><br />(+19 for winning)
|l|☆qways
|player|p1|
|l| 654654m
|l|☆deesnut
|player|p2|
|l| Ting-Lu1234
|j| Ting-Lu1234
|l| Gardevoir to 1800s
|l| Ting-Lu1234
|l| shadowisp
