|html|<div class="broadcast-blue"><strong>[Gen 9] OU is currently suspecting Tera Blast! For information on how to participate check out the <a href="https://www.smogon.com/tools/suspects/view/200">suspect thread</a>.</strong></div>
|j|☆bobdylanlover63
|j|☆anne.steele
|t:|1776032569
|gametype|singles
|player|p1|bobdylanlover63|artist-gen4|1182
|player|p2|anne.steele|clair|1208
|gen|9
|tier|[Gen 9] OU
|rated|
|rule|HP Percentage Mod: HP is shown in percentages
|rule|Endless Battle Clause: Forcing endless battles is banned
|rule|Species Clause: Limit one of each Pokémon
|rule|OHKO Clause: OHKO moves are banned
|rule|Evasion Items Clause: Evasion items are banned
|rule|Evasion Moves Clause: Evasion moves are banned
|rule|Evasion Abilities Clause: Evasion abilities are banned
|rule|Sleep Moves Clause: Sleep-inducing moves are banned
|clearpoke
|poke|p1|Pelipper, F|
|poke|p1|Scizor, F|
|poke|p1|Barraskewda, F|
|poke|p1|Ludicolo, F|
|poke|p1|Zapdos|
|poke|p1|Overqwil, F|
|poke|p2|Garchomp, M|
|poke|p2|Zapdos|
|poke|p2|Mandibuzz, F|
|poke|p2|Arcanine, F|
|poke|p2|Gholdengo|
|poke|p2|Serperior, M|
|teampreview
|
|t:|1776032574
|teamsize|p1|6
|teamsize|p2|6
|start
|switch|p1a: Pelipper|Pelipper, F|100/100
|switch|p2a: Zapdos|Zapdos|100/100
|-weather|RainDance|[from] ability: Drizzle|[of] p1a: Pelipper
|turn|1
|j| ElbuenWhimsy
|l| ElbuenWhimsy
|inactive|Battle timer is ON: inactive players will automatically lose when time's up. (requested by bobdylanlover63)
|
|t:|1776032599
|switch|p1a: Ludicolo|Ludicolo, F|100/100
|move|p2a: Zapdos|Volt Switch|p1a: Ludicolo
|-damage|p1a: Ludicolo|66/100
|
|t:|1776032611
|switch|p2a: Garchomp|Garchomp, M|100/100|[from] Volt Switch
|
|-weather|RainDance|[upkeep]
|upkeep
|turn|2
|
|t:|1776032614
|-terastallize|p2a: Garchomp|Fairy
|move|p1a: Ludicolo|Ice Beam|p2a: Garchomp
|-damage|p2a: Garchomp|61/100
|move|p2a: Garchomp|Swords Dance|p2a: Garchomp
|-boost|p2a: Garchomp|atk|2
|
|-weather|RainDance|[upkeep]
|-heal|p2a: Garchomp|67/100|[from] item: Leftovers
|upkeep
|turn|3
|
|t:|1776032621
|switch|p1a: Zapdos|Zapdos|100/100
|-ability|p1a: Zapdos|Pressure
|move|p2a: Garchomp|Scale Shot|p1a: Zapdos
|-damage|p1a: Zapdos|74/100
|-damage|p1a: Zapdos|47/100
|-damage|p1a: Zapdos|20/100
|-hitcount|p1a: Zapdos|3
|-unboost|p2a: Garchomp|def|1
|-boost|p2a: Garchomp|spe|1
|
|-weather|RainDance|[upkeep]
|-heal|p2a: Garchomp|73/100|[from] item: Leftovers
|upkeep
|turn|4
|
|t:|1776032632
|switch|p1a: Scizor|Scizor, F|100/100
|move|p2a: Garchomp|Scale Shot|p1a: Scizor
|-resisted|p1a: Scizor
|-damage|p1a: Scizor|89/100
|-resisted|p1a: Scizor
|-damage|p1a: Scizor|76/100
|-hitcount|p1a: Scizor|2
|-unboost|p2a: Garchomp|def|1
|-boost|p2a: Garchomp|spe|1
|
|-weather|RainDance|[upkeep]
|-heal|p2a: Garchomp|79/100|[from] item: Leftovers
|upkeep
|turn|5
|
|t:|1776032643
|switch|p2a: Arcanine|Arcanine, F|100/100
|-ability|p2a: Arcanine|Intimidate|boost
|-unboost|p1a: Scizor|atk|1
|move|p1a: Scizor|Bullet Punch|p2a: Arcanine
|-resisted|p2a: Arcanine
|-damage|p2a: Arcanine|88/100
|-damage|p1a: Scizor|66/100|[from] item: Life Orb
|
|-weather|RainDance|[upkeep]
|-heal|p2a: Arcanine|94/100|[from] item: Leftovers
|upkeep
|turn|6
|
|t:|1776032660
|switch|p1a: Pelipper|Pelipper, F|100/100
|move|p2a: Arcanine|Will-O-Wisp|p1a: Pelipper
|-status|p1a: Pelipper|brn
|
|-weather|RainDance|[upkeep]
|-heal|p2a: Arcanine|99/100|[from] item: Leftovers
|-damage|p1a: Pelipper|94/100 brn|[from] brn
|upkeep
|turn|7
|
|t:|1776032666
|switch|p2a: Zapdos|Zapdos|100/100
|move|p1a: Pelipper|Weather Ball|p2a: Zapdos
|-damage|p2a: Zapdos|59/100
|
|-weather|RainDance|[upkeep]
|-heal|p2a: Zapdos|65/100|[from] item: Leftovers
|-damage|p1a: Pelipper|88/100 brn|[from] brn
|upkeep
|turn|8
|
|t:|1776032675
|switch|p1a: Scizor|Scizor, F|66/100
|move|p2a: Zapdos|Volt Switch|p1a: Scizor
|-damage|p1a: Scizor|26/100
|
|t:|1776032681
|switch|p2a: Arcanine|Arcanine, F|99/100|[from] Volt Switch
|-ability|p2a: Arcanine|Intimidate|boost
|-unboost|p1a: Scizor|atk|1
|
|-weather|none
|-heal|p2a: Arcanine|100/100|[from] item: Leftovers
|upkeep
|turn|9
|
|t:|1776032694
|switch|p2a: Zapdos|Zapdos|65/100
|switch|p1a: Pelipper|Pelipper, F|88/100 brn
|-weather|RainDance|[from] ability: Drizzle|[of] p1a: Pelipper
|
|-weather|RainDance|[upkeep]
|-heal|p2a: Zapdos|71/100|[from] item: Leftovers
|-damage|p1a: Pelipper|82/100 brn|[from] brn
|upkeep
|turn|10
|
|t:|1776032699
|-terastallize|p1a: Pelipper|Ground
|move|p2a: Zapdos|Heat Wave|p1a: Pelipper
|-damage|p1a: Pelipper|62/100 brn
|move|p1a: Pelipper|Weather Ball|p2a: Zapdos
|-damage|p2a: Zapdos|31/100
|
|-weather|RainDance|[upkeep]
|-heal|p2a: Zapdos|37/100|[from] item: Leftovers
|-damage|p1a: Pelipper|56/100 brn|[from] brn
|upkeep
|turn|11
|
|t:|1776032705
|move|p2a: Zapdos|Roost|p2a: Zapdos
|-heal|p2a: Zapdos|87/100
|-singleturn|p2a: Zapdos|move: Roost
|move|p1a: Pelipper|Weather Ball|p2a: Zapdos
|-damage|p2a: Zapdos|42/100
|
|-weather|RainDance|[upkeep]
|-heal|p2a: Zapdos|48/100|[from] item: Leftovers
|-damage|p1a: Pelipper|49/100 brn|[from] brn
|upkeep
|turn|12
|
|t:|1776032712
|switch|p1a: Ludicolo|Ludicolo, F|66/100
|move|p2a: Zapdos|Roost|p2a: Zapdos
|-heal|p2a: Zapdos|98/100
|-singleturn|p2a: Zapdos|move: Roost
|
|-weather|RainDance|[upkeep]
|-heal|p2a: Zapdos|100/100|[from] item: Leftovers
|upkeep
|turn|13
|
|t:|1776032715
|move|p1a: Ludicolo|Ice Beam|p2a: Zapdos
|-supereffective|p2a: Zapdos
|-damage|p2a: Zapdos|37/100
|move|p2a: Zapdos|Thunder Wave|p1a: Ludicolo
|-status|p1a: Ludicolo|par
|
|-weather|RainDance|[upkeep]
|-heal|p2a: Zapdos|43/100|[from] item: Leftovers
|upkeep
|turn|14
|
|t:|1776032721
|move|p2a: Zapdos|Roost|p2a: Zapdos
|-heal|p2a: Zapdos|93/100
|-singleturn|p2a: Zapdos|move: Roost
|move|p1a: Ludicolo|Ice Beam|p2a: Zapdos
|-damage|p2a: Zapdos|57/100
|
|-weather|RainDance|[upkeep]
|-heal|p2a: Zapdos|63/100|[from] item: Leftovers
|upkeep
|turn|15
|-message|bobdylanlover63 forfeited.
|
|win|anne.steele
|raw|bobdylanlover63's rating: 1182 &rarr; <strong>1159</strong><br />(-23 for losing)
|raw|anne.steele's rating: 1208 &rarr; <strong>1231</strong><br />(+23 for winning)
|l|☆bobdylanlover63
|player|p1|
|l|☆anne.steele
|player|p2|
