|html|<div class="broadcast-blue"><strong>[Gen 9] OU is currently suspecting Tera Blast! For information on how to participate check out the <a href="https://www.smogon.com/tools/suspects/view/200">suspect thread</a>.</strong></div>
|j|☆Luceo
|j|☆Efrain.9
|t:|1776053092
|gametype|singles
|player|p1|Luceo|cynthia-masters4|1396
|player|p2|Efrain.9|hilbert-wonderlauncher|1466
|gen|9
|tier|[Gen 9] OU
|rated|
|rule|HP Percentage Mod: HP is shown in percentages
|rule|Endless Battle Clause: Forcing endless battles is banned
|rule|Species Clause: Limit one of each Pokémon
|rule|OHKO Clause: OHKO moves are banned
|rule|Evasion Items Clause: Evasion items are banned
|rule|Evasion Moves Clause: Evasion moves are banned
|rule|Evasion Abilities Clause: Evasion abilities are banned
|rule|Sleep Moves Clause: Sleep-inducing moves are banned
|clearpoke
|poke|p1|Deoxys-Speed|
|poke|p1|Ogerpon-Wellspring, F|
|poke|p1|Iron Moth|
|poke|p1|Gholdengo|
|poke|p1|Great Tusk|
|poke|p1|Dragonite, F|
|poke|p2|Pelipper, F|
|poke|p2|Kingambit, F|
|poke|p2|Weezing-Galar, F|
|poke|p2|Great Tusk|
|poke|p2|Raging Bolt|
|poke|p2|Ogerpon-Wellspring, F|
|teampreview
|inactive|Battle timer is ON: inactive players will automatically lose when time's up. (requested by Luceo)
|inactive|Efrain.9 has 120 seconds left.
|
|t:|1776053148
|teamsize|p1|6
|teamsize|p2|6
|start
|switch|p1a: Deoxys|Deoxys-Speed|100/100
|switch|p2a: Raging Bolt|Raging Bolt|100/100
|-ability|p1a: Deoxys|Pressure
|turn|1
|
|t:|1776053163
|move|p1a: Deoxys|Stealth Rock|p2a: Raging Bolt
|-sidestart|p2: Efrain.9|move: Stealth Rock
|move|p2a: Raging Bolt|Thunderbolt|p1a: Deoxys
|-damage|p1a: Deoxys|13/100
|
|upkeep
|turn|2
|
|t:|1776053169
|move|p2a: Raging Bolt|Thunderclap|p1a: Deoxys
|-damage|p1a: Deoxys|0 fnt
|faint|p1a: Deoxys
|
|upkeep
|inactive|Luceo has 120 seconds left.
|
|t:|1776053207
|switch|p1a: Great Tusk|Great Tusk|100/100
|-enditem|p1a: Great Tusk|Booster Energy
|-activate|p1a: Great Tusk|ability: Protosynthesis|[fromitem]
|-start|p1a: Great Tusk|protosynthesisatk
|turn|3
|inactive|Luceo has 120 seconds left.
|
|t:|1776053221
|-end|p1a: Great Tusk|Protosynthesis|[silent]
|switch|p1a: Iron Moth|Iron Moth|100/100
|-enditem|p1a: Iron Moth|Booster Energy
|-activate|p1a: Iron Moth|ability: Quark Drive|[fromitem]
|-start|p1a: Iron Moth|quarkdrivespe
|-end|p2a: Raging Bolt|Protosynthesis|[silent]
|switch|p2a: Weezing|Weezing-Galar, F|100/100
|-damage|p2a: Weezing|88/100|[from] Stealth Rock
|
|-heal|p2a: Weezing|94/100|[from] item: Leftovers
|upkeep
|turn|4
|
|t:|1776053242
|switch|p2a: Pelipper|Pelipper, F|100/100
|-damage|p2a: Pelipper|76/100|[from] Stealth Rock
|-weather|RainDance|[from] ability: Drizzle|[of] p2a: Pelipper
|move|p1a: Iron Moth|Fiery Dance|p2a: Pelipper
|-resisted|p2a: Pelipper
|-damage|p2a: Pelipper|60/100
|-boost|p1a: Iron Moth|spa|1
|
|-weather|RainDance|[upkeep]
|upkeep
|turn|5
|
|t:|1776053257
|-terastallize|p2a: Pelipper|Steel
|move|p1a: Iron Moth|Discharge|p2a: Pelipper
|-damage|p2a: Pelipper|4/100
|move|p2a: Pelipper|Weather Ball|p1a: Iron Moth
|-supereffective|p1a: Iron Moth
|-damage|p1a: Iron Moth|0 fnt
|faint|p1a: Iron Moth
|-end|p1a: Iron Moth|Quark Drive|[silent]
|
|-weather|RainDance|[upkeep]
|upkeep
|inactive|Luceo has 120 seconds left.
|
|t:|1776053271
|switch|p1a: Great Tusk|Great Tusk|100/100
|turn|6
|
|t:|1776053291
|switch|p2a: Weezing|Weezing-Galar, F|94/100
|-damage|p2a: Weezing|82/100|[from] Stealth Rock
|move|p1a: Great Tusk|Rapid Spin|p2a: Weezing
|-damage|p2a: Weezing|71/100
|-boost|p1a: Great Tusk|spe|1
|
|-weather|RainDance|[upkeep]
|-heal|p2a: Weezing|77/100|[from] item: Leftovers
|upkeep
|turn|7
|
|t:|1776053303
|-end|p1a: Great Tusk|Protosynthesis|[silent]
|switch|p1a: Gholdengo|Gholdengo|100/100
|move|p2a: Weezing|Strange Steam|p1a: Gholdengo
|-resisted|p1a: Gholdengo
|-damage|p1a: Gholdengo|85/100
|
|-weather|RainDance|[upkeep]
|-heal|p2a: Weezing|83/100|[from] item: Leftovers
|upkeep
|turn|8
|
|t:|1776053311
|switch|p2a: Pelipper|Pelipper, F, tera:Steel|4/100
|-damage|p2a: Pelipper|0 fnt|[from] Stealth Rock
|faint|p2a: Pelipper
|move|p1a: Gholdengo|Shadow Ball|p2: Pelipper|[notarget]
|-fail|p1a: Gholdengo
|
|-weather|RainDance|[upkeep]
|upkeep
|
|t:|1776053322
|switch|p2a: Ogerpon|Ogerpon-Wellspring, F|100/100
|-damage|p2a: Ogerpon|88/100|[from] Stealth Rock
|turn|9
|
|t:|1776053333
|switch|p1a: Ogerpon|Ogerpon-Wellspring, F|100/100
|move|p2a: Ogerpon|Swords Dance|p2a: Ogerpon
|-boost|p2a: Ogerpon|atk|2
|
|-weather|RainDance|[upkeep]
|upkeep
|turn|10
|
|t:|1776053340
|move|p1a: Ogerpon|Encore|p2a: Ogerpon
|-start|p2a: Ogerpon|Encore
|move|p2a: Ogerpon|Swords Dance|p2a: Ogerpon
|-boost|p2a: Ogerpon|atk|2
|
|-weather|RainDance|[upkeep]
|upkeep
|turn|11
|
|t:|1776053355
|switch|p2a: Raging Bolt|Raging Bolt|100/100
|-damage|p2a: Raging Bolt|88/100|[from] Stealth Rock
|move|p1a: Ogerpon|Spikes|p2a: Raging Bolt
|-sidestart|p2: Efrain.9|Spikes
|
|-weather|none
|upkeep
|turn|12
|
|t:|1776053364
|move|p1a: Ogerpon|Knock Off|p2a: Raging Bolt
|-damage|p2a: Raging Bolt|52/100
|-enditem|p2a: Raging Bolt|Covert Cloak|[from] move: Knock Off|[of] p1a: Ogerpon
|move|p2a: Raging Bolt|Draco Meteor|p1a: Ogerpon
|-damage|p1a: Ogerpon|12/100
|-unboost|p2a: Raging Bolt|spa|2
|
|upkeep
|turn|13
|
|t:|1776053384
|switch|p1a: Gholdengo|Gholdengo|85/100
|move|p2a: Raging Bolt|Thunderbolt|p1a: Gholdengo
|-damage|p1a: Gholdengo|53/100
|-status|p1a: Gholdengo|par
|
|upkeep
|turn|14
|
|t:|1776053392
|-end|p2a: Raging Bolt|Protosynthesis|[silent]
|switch|p2a: Kingambit|Kingambit, F|100/100
|-damage|p2a: Kingambit|94/100|[from] Stealth Rock
|-damage|p2a: Kingambit|82/100|[from] Spikes
|move|p1a: Gholdengo|Dazzling Gleam|p2a: Kingambit
|-damage|p2a: Kingambit|52/100
|
|upkeep
|turn|15
|
|t:|1776053404
|switch|p1a: Great Tusk|Great Tusk|100/100
|move|p2a: Kingambit|Sucker Punch||[still]
|-fail|p2a: Kingambit
|
|upkeep
|turn|16
|
|t:|1776053416
|switch|p2a: Weezing|Weezing-Galar, F|83/100
|-damage|p2a: Weezing|70/100|[from] Stealth Rock
|move|p1a: Great Tusk|Headlong Rush|p2a: Weezing
|-immune|p2a: Weezing|[from] ability: Levitate
|
|-heal|p2a: Weezing|76/100|[from] item: Leftovers
|upkeep
|turn|17
|
|t:|1776053433
|-end|p1a: Great Tusk|Protosynthesis|[silent]
|switch|p1a: Gholdengo|Gholdengo|53/100 par
|move|p2a: Weezing|Strange Steam|p1a: Gholdengo
|-resisted|p1a: Gholdengo
|-damage|p1a: Gholdengo|37/100 par
|
|-heal|p2a: Weezing|82/100|[from] item: Leftovers
|upkeep
|turn|18
|
|t:|1776053456
|switch|p2a: Great Tusk|Great Tusk|100/100
|move|p1a: Gholdengo|Make It Rain|p2a: Great Tusk
|-damage|p2a: Great Tusk|3/100
|-unboost|p1a: Gholdengo|spa|1
|
|upkeep
|turn|19
|inactive|Luceo has 120 seconds left.
|
|t:|1776053485
|switch|p1a: Great Tusk|Great Tusk|100/100
|move|p2a: Great Tusk|Headlong Rush|p1a: Great Tusk
|-damage|p1a: Great Tusk|53/100
|-unboost|p2a: Great Tusk|def|1
|-unboost|p2a: Great Tusk|spd|1
|
|upkeep
|turn|20
|
|t:|1776053492
|move|p1a: Great Tusk|Rapid Spin|p2a: Great Tusk
|-damage|p2a: Great Tusk|0 fnt
|-boost|p1a: Great Tusk|spe|1
|faint|p2a: Great Tusk
|-end|p2a: Great Tusk|Protosynthesis|[silent]
|
|upkeep
|
|t:|1776053498
|switch|p2a: Weezing|Weezing-Galar, F|82/100
|-damage|p2a: Weezing|70/100|[from] Stealth Rock
|turn|21
|
|t:|1776053512
|-end|p1a: Great Tusk|Protosynthesis|[silent]
|switch|p1a: Gholdengo|Gholdengo|37/100 par
|move|p2a: Weezing|Strange Steam|p1a: Gholdengo
|-resisted|p1a: Gholdengo
|-damage|p1a: Gholdengo|20/100 par
|-start|p1a: Gholdengo|confusion
|
|-heal|p2a: Weezing|76/100|[from] item: Leftovers
|upkeep
|turn|22
|
|t:|1776053521
|-activate|p1a: Gholdengo|confusion
|-damage|p1a: Gholdengo|15/100 par|[from] confusion
|move|p2a: Weezing|Strange Steam|p1a: Gholdengo
|-resisted|p1a: Gholdengo
|-damage|p1a: Gholdengo|0 fnt
|faint|p1a: Gholdengo
|
|-heal|p2a: Weezing|82/100|[from] item: Leftovers
|upkeep
|
|t:|1776053528
|switch|p1a: Ogerpon|Ogerpon-Wellspring, F|12/100
|turn|23
|
|t:|1776053534
|move|p1a: Ogerpon|Ivy Cudgel|p2a: Weezing|[anim] Ivy Cudgel Water
|-damage|p2a: Weezing|45/100
|move|p2a: Weezing|Sludge Bomb|p1a: Ogerpon
|-supereffective|p1a: Ogerpon
|-damage|p1a: Ogerpon|0 fnt
|faint|p1a: Ogerpon
|
|-heal|p2a: Weezing|51/100|[from] item: Leftovers
|upkeep
|
|t:|1776053537
|switch|p1a: Dragonite|Dragonite, F|100/100
|turn|24
|
|t:|1776053545
|-terastallize|p1a: Dragonite|Normal
|move|p1a: Dragonite|Extreme Speed|p2a: Weezing
|-damage|p2a: Weezing|1/100
|move|p2a: Weezing|Will-O-Wisp|p1a: Dragonite
|-status|p1a: Dragonite|brn
|
|-heal|p2a: Weezing|7/100|[from] item: Leftovers
|-damage|p1a: Dragonite|94/100 brn|[from] brn
|upkeep
|turn|25
|
|t:|1776053562
|move|p1a: Dragonite|Extreme Speed|p2a: Weezing
|-damage|p2a: Weezing|0 fnt
|faint|p2a: Weezing
|
|-damage|p1a: Dragonite|88/100 brn|[from] brn
|upkeep
|
|t:|1776053582
|switch|p2a: Raging Bolt|Raging Bolt|52/100
|-damage|p2a: Raging Bolt|40/100|[from] Stealth Rock
|-damage|p2a: Raging Bolt|27/100|[from] Spikes
|turn|26
|
|t:|1776053587
|move|p1a: Dragonite|Extreme Speed|p2a: Raging Bolt
|-damage|p2a: Raging Bolt|0 fnt
|faint|p2a: Raging Bolt
|-end|p2a: Raging Bolt|Protosynthesis|[silent]
|
|-damage|p1a: Dragonite|82/100 brn|[from] brn
|upkeep
|
|t:|1776053599
|switch|p2a: Kingambit|Kingambit, F|52/100
|-damage|p2a: Kingambit|46/100|[from] Stealth Rock
|-damage|p2a: Kingambit|34/100|[from] Spikes
|turn|27
|
|t:|1776053605
|switch|p1a: Great Tusk|Great Tusk|53/100
|move|p2a: Kingambit|Low Kick|p1a: Great Tusk
|-damage|p1a: Great Tusk|19/100
|
|upkeep
|turn|28
|
|t:|1776053612
|move|p2a: Kingambit|Sucker Punch|p1a: Great Tusk
|-resisted|p1a: Great Tusk
|-damage|p1a: Great Tusk|3/100
|move|p1a: Great Tusk|Headlong Rush|p2a: Kingambit
|-supereffective|p2a: Kingambit
|-damage|p2a: Kingambit|0 fnt
|-unboost|p1a: Great Tusk|def|1
|-unboost|p1a: Great Tusk|spd|1
|faint|p2a: Kingambit
|
|upkeep
|
|t:|1776053620
|switch|p2a: Ogerpon|Ogerpon-Wellspring, F|88/100
|-damage|p2a: Ogerpon|76/100|[from] Stealth Rock
|-damage|p2a: Ogerpon|64/100|[from] Spikes
|turn|29
|
|t:|1776053625
|move|p2a: Ogerpon|Horn Leech|p1a: Great Tusk
|-supereffective|p1a: Great Tusk
|-damage|p1a: Great Tusk|0 fnt
|-heal|p2a: Ogerpon|65/100|[from] drain|[of] p1a: Great Tusk
|faint|p1a: Great Tusk
|-end|p1a: Great Tusk|Protosynthesis|[silent]
|
|upkeep
|
|t:|1776053626
|switch|p1a: Dragonite|Dragonite, F, tera:Normal|82/100 brn
|turn|30
|
|t:|1776053638
|move|p2a: Ogerpon|Ivy Cudgel|p1a: Dragonite|[anim] Ivy Cudgel Water
|-crit|p1a: Dragonite
|-damage|p1a: Dragonite|0 fnt
|faint|p1a: Dragonite
|
|win|Efrain.9
|raw|Luceo's rating: 1417 &rarr; <strong>1400</strong><br />(-17 for losing)
|raw|Efrain.9's rating: 1466 &rarr; <strong>1483</strong><br />(+17 for winning)
|l|☆Luceo
|player|p1|
|l|☆Efrain.9
|player|p2|
