|html|<div class="broadcast-blue"><strong>[Gen 9] OU is currently suspecting Tera Blast! For information on how to participate check out the <a href="https://www.smogon.com/tools/suspects/view/200">suspect thread</a>.</strong></div>
|j|☆masterbolas52
|j|☆pecharunthater8816
|t:|1776309144
|gametype|singles
|player|p1|masterbolas52|swimmer-gen4dp|1159
|player|p2|pecharunthater8816|102|1124
|gen|9
|tier|[Gen 9] OU
|rated|
|rule|HP Percentage Mod: HP is shown in percentages
|rule|Endless Battle Clause: Forcing endless battles is banned
|rule|Species Clause: Limit one of each Pokémon
|rule|OHKO Clause: OHKO moves are banned
|rule|Evasion Items Clause: Evasion items are banned
|rule|Evasion Moves Clause: Evasion moves are banned
|rule|Evasion Abilities Clause: Evasion abilities are banned
|rule|Sleep Moves Clause: Sleep-inducing moves are banned
|clearpoke
|poke|p1|Clefable, M|
|poke|p1|Gholdengo|
|poke|p1|Gliscor, F|
|poke|p1|Zamazenta-*|
|poke|p1|Dragonite, M|
|poke|p1|Samurott-Hisui, F|
|poke|p2|Cinderace, M|
|poke|p2|Vaporeon, F|
|poke|p2|Lucario, M|
|poke|p2|Zamazenta-*|
|poke|p2|Ceruledge, F|
|poke|p2|Darkrai|
|teampreview
|inactive|Battle timer is ON: inactive players will automatically lose when time's up. (requested by masterbolas52)
|inactive|pecharunthater8816 has 120 seconds left.
|
|t:|1776309209
|teamsize|p1|6
|teamsize|p2|6
|start
|switch|p1a: Clefable|Clefable, M|100/100
|switch|p2a: Ceruledge|Ceruledge, F|100/100
|turn|1
|
|t:|1776309216
|move|p2a: Ceruledge|Poltergeist|p1a: Clefable
|-activate|p1a: Clefable|move: Poltergeist|Rocky Helmet
|-damage|p1a: Clefable|60/100
|move|p1a: Clefable|Stealth Rock|p2a: Ceruledge
|-sidestart|p2: pecharunthater8816|move: Stealth Rock
|
|upkeep
|turn|2
|
|t:|1776309228
|move|p2a: Ceruledge|Swords Dance|p2a: Ceruledge
|-boost|p2a: Ceruledge|atk|2
|move|p1a: Clefable|Knock Off|p2a: Ceruledge
|-supereffective|p2a: Ceruledge
|-damage|p2a: Ceruledge|61/100
|-ability|p2a: Ceruledge|Weak Armor|boost
|-unboost|p2a: Ceruledge|def|1
|-boost|p2a: Ceruledge|spe|2
|-enditem|p2a: Ceruledge|Focus Sash|[from] move: Knock Off|[of] p1a: Clefable
|
|upkeep
|turn|3
|
|t:|1776309243
|switch|p1a: Samurott|Samurott-Hisui, F|100/100
|move|p2a: Ceruledge|Bitter Blade|p1a: Samurott
|-resisted|p1a: Samurott
|-damage|p1a: Samurott|53/100
|-heal|p2a: Ceruledge|93/100|[from] drain|[of] p1a: Samurott
|
|upkeep
|turn|4
|
|t:|1776309262
|-terastallize|p2a: Ceruledge|Ghost
|move|p2a: Ceruledge|Poltergeist|p1a: Samurott|[miss]
|-miss|p2a: Ceruledge|p1a: Samurott
|move|p1a: Samurott|Ceaseless Edge|p2a: Ceruledge
|-supereffective|p2a: Ceruledge
|-damage|p2a: Ceruledge|0 fnt
|-sidestart|p2: pecharunthater8816|Spikes
|faint|p2a: Ceruledge
|
|upkeep
|inactive|pecharunthater8816 has 120 seconds left.
|
|t:|1776309279
|switch|p2a: Cinderace|Cinderace, M|100/100
|turn|5
|inactive|pecharunthater8816 has 120 seconds left.
|inactive|masterbolas52 has 120 seconds left.
|
|t:|1776309327
|move|p2a: Cinderace|U-turn|p1a: Samurott
|-supereffective|p1a: Samurott
|-damage|p1a: Samurott|7/100
|inactive|pecharunthater8816 has 120 seconds left.
|
|t:|1776309349
|switch|p2a: Vaporeon|Vaporeon, F|100/100|[from] U-turn
|-damage|p2a: Vaporeon|88/100|[from] Stealth Rock
|-damage|p2a: Vaporeon|75/100|[from] Spikes
|move|p1a: Samurott|Razor Shell|p2a: Vaporeon
|-heal|p2a: Vaporeon|100/100|[from] ability: Water Absorb|[of] p1a: Samurott
|
|upkeep
|turn|6
|
|t:|1776309367
|move|p1a: Samurott|Sucker Punch||[still]
|-fail|p1a: Samurott
|move|p2a: Vaporeon|Wish|p2a: Vaporeon
|
|upkeep
|turn|7
|
|t:|1776309373
|move|p1a: Samurott|Sucker Punch|p2a: Vaporeon
|-damage|p2a: Vaporeon|71/100
|move|p2a: Vaporeon|Ice Beam|p1a: Samurott
|-resisted|p1a: Samurott
|-damage|p1a: Samurott|0 fnt
|faint|p1a: Samurott
|
|-heal|p2a: Vaporeon|100/100|[from] move: Wish|[wisher] Vaporeon
|upkeep
|inactive|masterbolas52 has 90 seconds left.
|
|t:|1776309406
|switch|p1a: Zamazenta|Zamazenta|100/100
|-ability|p1a: Zamazenta|Dauntless Shield|boost
|-boost|p1a: Zamazenta|def|1
|turn|8
|
|t:|1776309411
|move|p1a: Zamazenta|Iron Defense|p1a: Zamazenta
|-boost|p1a: Zamazenta|def|2
|move|p2a: Vaporeon|Hydro Pump|p1a: Zamazenta
|-damage|p1a: Zamazenta|50/100
|
|-heal|p1a: Zamazenta|56/100|[from] item: Leftovers
|upkeep
|turn|9
|
|t:|1776309422
|switch|p1a: Gholdengo|Gholdengo|100/100
|move|p2a: Vaporeon|Hydro Pump|p1a: Gholdengo
|-damage|p1a: Gholdengo|36/100
|
|upkeep
|turn|10
|
|t:|1776309428
|move|p1a: Gholdengo|Shadow Ball|p2a: Vaporeon
|-damage|p2a: Vaporeon|66/100
|move|p2a: Vaporeon|Hydro Pump|p1a: Gholdengo
|-damage|p1a: Gholdengo|0 fnt
|faint|p1a: Gholdengo
|
|-heal|p2a: Vaporeon|72/100|[from] item: Leftovers
|upkeep
|
|t:|1776309434
|switch|p1a: Clefable|Clefable, M|60/100
|turn|11
|
|t:|1776309442
|move|p2a: Vaporeon|Protect|p2a: Vaporeon
|-singleturn|p2a: Vaporeon|Protect
|move|p1a: Clefable|Knock Off|p2a: Vaporeon
|-activate|p2a: Vaporeon|move: Protect
|
|-heal|p2a: Vaporeon|78/100|[from] item: Leftovers
|upkeep
|turn|12
|inactive|masterbolas52 has 120 seconds left.
|
|t:|1776309453
|move|p2a: Vaporeon|Hydro Pump|p1a: Clefable
|-damage|p1a: Clefable|9/100
|move|p1a: Clefable|Knock Off|p2a: Vaporeon
|-damage|p2a: Vaporeon|64/100
|-enditem|p2a: Vaporeon|Leftovers|[from] move: Knock Off|[of] p1a: Clefable
|
|upkeep
|turn|13
|
|t:|1776309462
|move|p2a: Vaporeon|Wish|p2a: Vaporeon
|move|p1a: Clefable|Moonblast|p2a: Vaporeon
|-damage|p2a: Vaporeon|42/100
|
|upkeep
|turn|14
|
|t:|1776309469
|move|p2a: Vaporeon|Ice Beam|p1a: Clefable
|-damage|p1a: Clefable|0 fnt
|faint|p1a: Clefable
|
|-heal|p2a: Vaporeon|92/100|[from] move: Wish|[wisher] Vaporeon
|upkeep
|
|t:|1776309475
|switch|p1a: Zamazenta|Zamazenta|56/100
|turn|15
|
|t:|1776309478
|move|p1a: Zamazenta|Body Press|p2a: Vaporeon
|-damage|p2a: Vaporeon|57/100
|move|p2a: Vaporeon|Hydro Pump|p1a: Zamazenta
|-damage|p1a: Zamazenta|7/100
|
|-heal|p1a: Zamazenta|13/100|[from] item: Leftovers
|upkeep
|turn|16
|
|t:|1776309488
|move|p1a: Zamazenta|Body Press|p2a: Vaporeon
|-damage|p2a: Vaporeon|26/100
|move|p2a: Vaporeon|Wish|p2a: Vaporeon
|
|-heal|p1a: Zamazenta|19/100|[from] item: Leftovers
|upkeep
|turn|17
|
|t:|1776309495
|move|p1a: Zamazenta|Crunch|p2a: Vaporeon
|-damage|p2a: Vaporeon|2/100
|-unboost|p2a: Vaporeon|def|1
|move|p2a: Vaporeon|Ice Beam|p1a: Zamazenta
|-damage|p1a: Zamazenta|0 fnt
|faint|p1a: Zamazenta
|
|-heal|p2a: Vaporeon|52/100|[from] move: Wish|[wisher] Vaporeon
|upkeep
|
|t:|1776309499
|switch|p1a: Dragonite|Dragonite, M|100/100
|turn|18
|
|t:|1776309506
|move|p1a: Dragonite|Extreme Speed|p2a: Vaporeon
|-damage|p2a: Vaporeon|11/100
|move|p2a: Vaporeon|Ice Beam|p1a: Dragonite
|-supereffective|p1a: Dragonite
|-damage|p1a: Dragonite|47/100
|
|upkeep
|turn|19
|
|t:|1776309513
|move|p1a: Dragonite|Extreme Speed|p2a: Vaporeon
|-damage|p2a: Vaporeon|0 fnt
|faint|p2a: Vaporeon
|
|upkeep
|
|t:|1776309521
|switch|p2a: Cinderace|Cinderace, M|100/100
|turn|20
|
|t:|1776309539
|move|p2a: Cinderace|Court Change|p2a: Cinderace
|-swapsideconditions
|-activate|p2a: Cinderace|move: Court Change
|move|p1a: Dragonite|Earthquake|p2a: Cinderace
|-supereffective|p2a: Cinderace
|-damage|p2a: Cinderace|0 fnt
|faint|p2a: Cinderace
|
|upkeep
|
|t:|1776309546
|switch|p2a: Lucario|Lucario, M|100/100
|turn|21
|
|t:|1776309553
|move|p2a: Lucario|Extreme Speed|p1a: Dragonite
|-damage|p1a: Dragonite|16/100
|-damage|p2a: Lucario|91/100|[from] item: Life Orb
|move|p1a: Dragonite|Earthquake|p2a: Lucario
|-supereffective|p2a: Lucario
|-damage|p2a: Lucario|0 fnt
|faint|p2a: Lucario
|
|upkeep
|
|t:|1776309562
|switch|p2a: Darkrai|Darkrai|100/100
|turn|22
|
|t:|1776309591
|move|p1a: Dragonite|Extreme Speed|p2a: Darkrai
|-damage|p2a: Darkrai|56/100
|move|p2a: Darkrai|Dark Pulse|p1a: Dragonite
|-damage|p1a: Dragonite|0 fnt
|faint|p1a: Dragonite
|
|upkeep
|
|t:|1776309593
|switch|p1a: Gliscor|Gliscor, F|100/100
|-damage|p1a: Gliscor|88/100|[from] Stealth Rock
|turn|23
|
|t:|1776309604
|move|p2a: Darkrai|Dark Pulse|p1a: Gliscor
|-damage|p1a: Gliscor|34/100
|move|p1a: Gliscor|Swords Dance|p1a: Gliscor
|-boost|p1a: Gliscor|atk|2
|
|-status|p1a: Gliscor|tox|[from] item: Toxic Orb
|upkeep
|turn|24
|
|t:|1776309613
|-terastallize|p1a: Gliscor|Normal
|move|p2a: Darkrai|Dark Pulse|p1a: Gliscor
|-damage|p1a: Gliscor|0 fnt
|faint|p1a: Gliscor
|
|win|pecharunthater8816
|raw|masterbolas52's rating: 1159 &rarr; <strong>1131</strong><br />(-28 for losing)
|raw|pecharunthater8816's rating: 1124 &rarr; <strong>1152</strong><br />(+28 for winning)
|l|☆masterbolas52
|player|p1|
