|html|<div class="broadcast-blue"><strong>[Gen 9] OU is currently suspecting Tera Blast! For information on how to participate check out the <a href="https://www.smogon.com/tools/suspects/view/200">suspect thread</a>.</strong></div>
|j|☆bahnmiking
|j|☆icylikedecember
|t:|1776073457
|gametype|singles
|player|p1|bahnmiking|bianca|1667
|player|p2|icylikedecember|skierf|1623
|gen|9
|tier|[Gen 9] OU
|rated|
|rule|HP Percentage Mod: HP is shown in percentages
|rule|Endless Battle Clause: Forcing endless battles is banned
|rule|Species Clause: Limit one of each Pokémon
|rule|OHKO Clause: OHKO moves are banned
|rule|Evasion Items Clause: Evasion items are banned
|rule|Evasion Moves Clause: Evasion moves are banned
|rule|Evasion Abilities Clause: Evasion abilities are banned
|rule|Sleep Moves Clause: Sleep-inducing moves are banned
|clearpoke
|poke|p1|Enamorus, F|
|poke|p1|Gholdengo|
|poke|p1|Ting-Lu|
|poke|p1|Ogerpon-Wellspring, F|
|poke|p1|Iron Moth|
|poke|p1|Dragonite, M|
|poke|p2|Landorus-Therian, M|
|poke|p2|Corviknight, F|
|poke|p2|Slowking-Galar, M|
|poke|p2|Crawdaunt, M|
|poke|p2|Darkrai|
|poke|p2|Gholdengo|
|teampreview
|inactive|Battle timer is ON: inactive players will automatically lose when time's up. (requested by icylikedecember)
|
|t:|1776073476
|teamsize|p1|6
|teamsize|p2|6
|start
|switch|p1a: Billions Must Cry|Ogerpon-Wellspring, F|100/100
|switch|p2a: Crawdaunt|Crawdaunt, M|100/100
|turn|1
|
|t:|1776073505
|switch|p2a: Corviknight|Corviknight, F, shiny|100/100
|-ability|p2a: Corviknight|Pressure
|move|p1a: Billions Must Cry|Spikes|p2a: Corviknight
|-sidestart|p2: icylikedecember|Spikes
|
|upkeep
|turn|2
|
|t:|1776073514
|switch|p1a: Billions Must Buy|Gholdengo|100/100
|-item|p1a: Billions Must Buy|Air Balloon
|move|p2a: Corviknight|U-turn|p1a: Billions Must Buy
|-resisted|p1a: Billions Must Buy
|-damage|p1a: Billions Must Buy|98/100
|-enditem|p1a: Billions Must Buy|Air Balloon
|
|t:|1776073521
|switch|p2a: Darkrai|Darkrai|100/100|[from] U-turn
|-damage|p2a: Darkrai|88/100|[from] Spikes
|
|upkeep
|turn|3
|
|t:|1776073525
|switch|p1a: Billions Must Kye|Ting-Lu|100/100
|-ability|p1a: Billions Must Kye|Vessel of Ruin
|move|p2a: Darkrai|Focus Blast|p1a: Billions Must Kye
|-supereffective|p1a: Billions Must Kye
|-damage|p1a: Billions Must Kye|60/100
|
|-heal|p1a: Billions Must Kye|67/100|[from] item: Leftovers
|upkeep
|turn|4
|j| samurajen
|
|t:|1776073533
|switch|p2a: Crawdaunt|Crawdaunt, M|100/100
|-damage|p2a: Crawdaunt|88/100|[from] Spikes
|move|p1a: Billions Must Kye|Stealth Rock|p2a: Crawdaunt
|-sidestart|p2: icylikedecember|move: Stealth Rock
|
|-heal|p1a: Billions Must Kye|73/100|[from] item: Leftovers
|upkeep
|turn|5
|
|t:|1776073540
|move|p2a: Crawdaunt|Close Combat|p1a: Billions Must Kye
|-supereffective|p1a: Billions Must Kye
|-damage|p1a: Billions Must Kye|6/100
|-unboost|p2a: Crawdaunt|def|1
|-unboost|p2a: Crawdaunt|spd|1
|move|p1a: Billions Must Kye|Earthquake|p2a: Crawdaunt
|-damage|p2a: Crawdaunt|7/100
|
|-heal|p1a: Billions Must Kye|12/100|[from] item: Leftovers
|upkeep
|turn|6
|
|t:|1776073556
|move|p2a: Crawdaunt|Close Combat|p1a: Billions Must Kye
|-supereffective|p1a: Billions Must Kye
|-damage|p1a: Billions Must Kye|0 fnt
|-unboost|p2a: Crawdaunt|def|1
|-unboost|p2a: Crawdaunt|spd|1
|faint|p1a: Billions Must Kye
|
|upkeep
|
|t:|1776073562
|switch|p1a: Billions Must Cry|Ogerpon-Wellspring, F|100/100
|turn|7
|
|t:|1776073572
|move|p1a: Billions Must Cry|Knock Off|p2a: Crawdaunt
|-resisted|p2a: Crawdaunt
|-damage|p2a: Crawdaunt|0 fnt
|-enditem|p2a: Crawdaunt|Choice Band|[from] move: Knock Off|[of] p1a: Billions Must Cry
|faint|p2a: Crawdaunt
|
|upkeep
|
|t:|1776073575
|switch|p2a: Corviknight|Corviknight, F, shiny|100/100
|-damage|p2a: Corviknight|88/100|[from] Stealth Rock
|-ability|p2a: Corviknight|Pressure
|turn|8
|
|t:|1776073599
|switch|p1a: Billions Must Buy|Gholdengo|98/100
|move|p2a: Corviknight|U-turn|p1a: Billions Must Buy
|-resisted|p1a: Billions Must Buy
|-damage|p1a: Billions Must Buy|95/100
|
|t:|1776073604
|switch|p2a: Darkrai|Darkrai|88/100|[from] U-turn
|-damage|p2a: Darkrai|76/100|[from] Spikes
|-damage|p2a: Darkrai|63/100|[from] Stealth Rock
|
|upkeep
|turn|9
|j| scarry.exe
|inactive|bahnmiking has 120 seconds left.
|
|t:|1776073633
|move|p2a: Darkrai|Dark Pulse|p1a: Billions Must Buy
|-supereffective|p1a: Billions Must Buy
|-damage|p1a: Billions Must Buy|0 fnt
|faint|p1a: Billions Must Buy
|
|upkeep
|inactive|bahnmiking has 120 seconds left.
|
|t:|1776073652
|switch|p1a: Billions Must Cry|Ogerpon-Wellspring, F|100/100
|turn|10
|
|t:|1776073655
|-terastallize|p2a: Darkrai|Poison
|-terastallize|p1a: Billions Must Cry|Water
|detailschange|p1a: Billions Must Cry|Ogerpon-Wellspring-Tera, F, tera:Water
|-ability|p1a: Billions Must Cry|Embody Aspect (Wellspring)|boost
|-boost|p1a: Billions Must Cry|spd|1
|move|p2a: Darkrai|Sludge Bomb|p1a: Billions Must Cry
|-damage|p1a: Billions Must Cry|62/100
|move|p1a: Billions Must Cry|Ivy Cudgel|p2a: Darkrai|[anim] Ivy Cudgel Water
|-damage|p2a: Darkrai|0 fnt
|faint|p2a: Darkrai
|
|upkeep
|
|t:|1776073669
|switch|p2a: Corviknight|Corviknight, F, shiny|88/100
|-damage|p2a: Corviknight|76/100|[from] Stealth Rock
|-ability|p2a: Corviknight|Pressure
|turn|11
|
|t:|1776073673
|move|p1a: Billions Must Cry|Ivy Cudgel|p2a: Corviknight|[anim] Ivy Cudgel Water
|-damage|p2a: Corviknight|30/100
|move|p2a: Corviknight|Body Press|p1a: Billions Must Cry
|-damage|p1a: Billions Must Cry|26/100
|
|-heal|p2a: Corviknight|36/100|[from] item: Leftovers
|upkeep
|turn|12
|
|t:|1776073680
|move|p1a: Billions Must Cry|Ivy Cudgel|p2a: Corviknight|[anim] Ivy Cudgel Water
|-damage|p2a: Corviknight|0 fnt
|faint|p2a: Corviknight
|
|upkeep
|
|t:|1776073685
|switch|p2a: Gholdengo|Gholdengo|100/100
|-damage|p2a: Gholdengo|88/100|[from] Spikes
|-damage|p2a: Gholdengo|82/100|[from] Stealth Rock
|turn|13
|
|t:|1776073702
|switch|p1a: Billions Must Fry|Iron Moth|100/100
|-enditem|p1a: Billions Must Fry|Booster Energy
|-activate|p1a: Billions Must Fry|ability: Quark Drive|[fromitem]
|-start|p1a: Billions Must Fry|quarkdrivespe
|move|p2a: Gholdengo|Shadow Ball|p1a: Billions Must Fry
|-damage|p1a: Billions Must Fry|59/100
|
|upkeep
|turn|14
|
|t:|1776073712
|switch|p2a: Slowking|Slowking-Galar, M, shiny|100/100
|-damage|p2a: Slowking|88/100|[from] Spikes
|-damage|p2a: Slowking|76/100|[from] Stealth Rock
|move|p1a: Billions Must Fry|Fiery Dance|p2a: Slowking
|-damage|p2a: Slowking|57/100
|
|upkeep
|turn|15
|
|t:|1776073715
|move|p1a: Billions Must Fry|Fiery Dance|p2a: Slowking
|-damage|p2a: Slowking|35/100
|-boost|p1a: Billions Must Fry|spa|1
|move|p2a: Slowking|Psyshock|p1a: Billions Must Fry
|-supereffective|p1a: Billions Must Fry
|-damage|p1a: Billions Must Fry|0 fnt
|faint|p1a: Billions Must Fry
|-end|p1a: Billions Must Fry|Quark Drive|[silent]
|
|upkeep
|
|t:|1776073725
|switch|p1a: Billions Must Cry|Ogerpon-Wellspring-Tera, F, tera:Water|26/100
|-ability|p1a: Billions Must Cry|Embody Aspect (Wellspring)|boost
|-boost|p1a: Billions Must Cry|spd|1
|turn|16
|
|t:|1776073731
|switch|p2a: Gholdengo|Gholdengo|82/100
|-damage|p2a: Gholdengo|70/100|[from] Spikes
|-damage|p2a: Gholdengo|64/100|[from] Stealth Rock
|move|p1a: Billions Must Cry|Ivy Cudgel|p2a: Gholdengo|[anim] Ivy Cudgel Water
|-damage|p2a: Gholdengo|0 fnt
|faint|p2a: Gholdengo
|
|upkeep
|
|t:|1776073737
|switch|p2a: Landorus|Landorus-Therian, M|100/100
|-damage|p2a: Landorus|88/100|[from] Stealth Rock
|-ability|p2a: Landorus|Intimidate|boost
|-unboost|p1a: Billions Must Cry|atk|1
|turn|17
|
|t:|1776073740
|move|p1a: Billions Must Cry|Ivy Cudgel|p2a: Landorus|[anim] Ivy Cudgel Water
|-supereffective|p2a: Landorus
|-crit|p2a: Landorus
|-damage|p2a: Landorus|0 fnt
|faint|p2a: Landorus
|
|upkeep
|-message|icylikedecember forfeited.
|
|win|bahnmiking
|raw|bahnmiking's rating: 1667 &rarr; <strong>1684</strong><br />(+17 for winning)
|raw|icylikedecember's rating: 1623 &rarr; <strong>1606</strong><br />(-17 for losing)
|l|☆icylikedecember
|player|p2|
|l| scarry.exe
