|html|<div class="broadcast-blue"><strong>[Gen 9] OU is currently suspecting Tera Blast! For information on how to participate check out the <a href="https://www.smogon.com/tools/suspects/view/200">suspect thread</a>.</strong></div>
|j|‽awesomesamuel
|j|☆CanaryKill
|t:|1776032433
|gametype|singles
|player|p1|awesomesamuel|pokemonrangerf|1560
|player|p2|CanaryKill|169|1534
|gen|9
|tier|[Gen 9] OU
|rated|
|rule|HP Percentage Mod: HP is shown in percentages
|rule|Endless Battle Clause: Forcing endless battles is banned
|rule|Species Clause: Limit one of each Pokémon
|rule|OHKO Clause: OHKO moves are banned
|rule|Evasion Items Clause: Evasion items are banned
|rule|Evasion Moves Clause: Evasion moves are banned
|rule|Evasion Abilities Clause: Evasion abilities are banned
|rule|Sleep Moves Clause: Sleep-inducing moves are banned
|clearpoke
|poke|p1|Dragapult, F|
|poke|p1|Gholdengo|
|poke|p1|Masquerain, M|
|poke|p1|Zoroark-Hisui, F|
|poke|p1|Great Tusk|
|poke|p1|Kingambit, M|
|poke|p2|Dragapult, F|
|poke|p2|Samurott-Hisui, M|
|poke|p2|Landorus-Therian, M|
|poke|p2|Corviknight, M|
|poke|p2|Ogerpon, F|
|poke|p2|Slowking-Galar, M|
|teampreview
|inactive|Battle timer is ON: inactive players will automatically lose when time's up. (requested by CanaryKill)
|inactive|CanaryKill has 120 seconds left.
|inactive|awesomesamuel has 120 seconds left.
|
|t:|1776032492
|teamsize|p1|6
|teamsize|p2|6
|start
|switch|p1a: Masquerain|Masquerain, M|100/100
|switch|p2a: Samurott|Samurott-Hisui, M|100/100
|-ability|p1a: Masquerain|Intimidate|boost
|-unboost|p2a: Samurott|atk|1
|turn|1
|
|t:|1776032515
|switch|p2a: Slowking|Slowking-Galar, M|100/100
|move|p1a: Masquerain|Sticky Web|p2a: Slowking
|-sidestart|p2: CanaryKill|move: Sticky Web
|
|upkeep
|turn|2
|
|t:|1776032522
|switch|p1a: Gholdengo|Gholdengo|100/100
|move|p2a: Slowking|Future Sight|p1a: Gholdengo
|-start|p2a: Slowking|move: Future Sight
|
|upkeep
|turn|3
|
|t:|1776032526
|move|p1a: Gholdengo|Make It Rain|p2a: Slowking
|-damage|p2a: Slowking|59/100
|-unboost|p1a: Gholdengo|spa|1
|-prepare|p2a: Slowking|Chilly Reception|[premajor]
|move|p2a: Slowking|Chilly Reception|p2a: Slowking
|-weather|Snowscape
|
|t:|1776032530
|switch|p2a: Samurott|Samurott-Hisui, M|100/100|[from] Chilly Reception
|-activate|p2a: Samurott|move: Sticky Web
|-unboost|p2a: Samurott|spe|1
|
|-weather|Snowscape|[upkeep]
|upkeep
|turn|4
|
|t:|1776032533
|switch|p1a: Kingambit|Kingambit, M|100/100
|move|p2a: Samurott|Ceaseless Edge|p1a: Kingambit
|-resisted|p1a: Kingambit
|-damage|p1a: Kingambit|71/100
|-sidestart|p1: awesomesamuel|Spikes
|
|-weather|Snowscape|[upkeep]
|-end|p1a: Kingambit|move: Future Sight
|-immune|p1a: Kingambit
|upkeep
|turn|5
|j| samurajen
|
|t:|1776032538
|switch|p2a: Landorus|Landorus-Therian, M|100/100
|-ability|p2a: Landorus|Intimidate|boost
|-unboost|p1a: Kingambit|atk|1
|-end|p1a: Kingambit|fallenundefined|[silent]
|switch|p1a: Masquerain|Masquerain, M|100/100
|-ability|p1a: Masquerain|Intimidate|boost
|-unboost|p2a: Landorus|atk|1
|
|-weather|Snowscape|[upkeep]
|upkeep
|turn|6
|
|t:|1776032542
|move|p2a: Landorus|Taunt|p1a: Masquerain
|-start|p1a: Masquerain|move: Taunt
|cant|p1a: Masquerain|move: Taunt|Quiver Dance
|
|-weather|Snowscape|[upkeep]
|upkeep
|turn|7
|
|t:|1776032544
|move|p2a: Landorus|Stealth Rock|p1a: Masquerain
|-sidestart|p1: awesomesamuel|move: Stealth Rock
|move|p1a: Masquerain|Hurricane|p2a: Landorus|[miss]
|-miss|p1a: Masquerain|p2a: Landorus
|
|-weather|none
|upkeep
|turn|8
|
|t:|1776032548
|switch|p2a: Slowking|Slowking-Galar, M|92/100
|move|p1a: Masquerain|Hydro Pump|p2a: Slowking
|-damage|p2a: Slowking|71/100
|
|-end|p1a: Masquerain|move: Taunt
|upkeep
|turn|9
|
|t:|1776032551
|move|p1a: Masquerain|Quiver Dance|p1a: Masquerain
|-boost|p1a: Masquerain|spa|1
|-boost|p1a: Masquerain|spd|1
|-boost|p1a: Masquerain|spe|1
|move|p2a: Slowking|Future Sight|p1a: Masquerain
|-start|p2a: Slowking|move: Future Sight
|
|upkeep
|turn|10
|
|t:|1776032553
|move|p1a: Masquerain|Quiver Dance|p1a: Masquerain
|-boost|p1a: Masquerain|spa|1
|-boost|p1a: Masquerain|spd|1
|-boost|p1a: Masquerain|spe|1
|move|p2a: Slowking|Thunder Wave|p1a: Masquerain
|-status|p1a: Masquerain|par
|
|upkeep
|turn|11
|
|t:|1776032556
|move|p1a: Masquerain|Quiver Dance|p1a: Masquerain
|-boost|p1a: Masquerain|spa|1
|-boost|p1a: Masquerain|spd|1
|-boost|p1a: Masquerain|spe|1
|move|p2a: Slowking|Sludge Bomb|p1a: Masquerain
|-damage|p1a: Masquerain|79/100 par
|
|-end|p1a: Masquerain|move: Future Sight
|-damage|p1a: Masquerain|52/100 par
|upkeep
|turn|12
|
|t:|1776032559
|cant|p1a: Masquerain|par
|move|p2a: Slowking|Sludge Bomb|p1a: Masquerain
|-damage|p1a: Masquerain|34/100 par
|
|upkeep
|turn|13
|
|t:|1776032561
|cant|p1a: Masquerain|par
|move|p2a: Slowking|Sludge Bomb|p1a: Masquerain
|-damage|p1a: Masquerain|12/100 par
|
|upkeep
|turn|14
|
|t:|1776032564
|cant|p1a: Masquerain|par
|move|p2a: Slowking|Future Sight|p1a: Masquerain
|-start|p2a: Slowking|move: Future Sight
|
|upkeep
|turn|15
|
|t:|1776032566
|move|p1a: Masquerain|Hurricane|p2a: Slowking
|-crit|p2a: Slowking
|-damage|p2a: Slowking|0 fnt
|faint|p2a: Slowking
|
|upkeep
|
|t:|1776032573
|switch|p2a: Corviknight|Corviknight, M|100/100
|turn|16
|
|t:|1776032579
|switch|p1a: Gholdengo|Gholdengo|100/100
|-damage|p1a: Gholdengo|88/100|[from] Spikes
|-damage|p1a: Gholdengo|82/100|[from] Stealth Rock
|move|p2a: Corviknight|U-turn|p1a: Gholdengo
|-resisted|p1a: Gholdengo
|-damage|p1a: Gholdengo|78/100
|
|t:|1776032583
|switch|p2a: Samurott|Samurott-Hisui, M|100/100|[from] U-turn
|-activate|p2a: Samurott|move: Sticky Web
|-unboost|p2a: Samurott|spe|1
|
|-end|p1a: Gholdengo|move: Future Sight
|-resisted|p1a: Gholdengo
|-damage|p1a: Gholdengo|56/100
|upkeep
|turn|17
|
|t:|1776032585
|switch|p1a: Masquerain|Masquerain, M|12/100 par
|-damage|p1a: Masquerain|0 fnt|[from] Stealth Rock
|faint|p1a: Masquerain
|move|p2a: Samurott|Ceaseless Edge|p1: Masquerain|[notarget]
|-fail|p2a: Samurott
|
|upkeep
|
|t:|1776032591
|switch|p1a: Great Tusk|Great Tusk|100/100
|-damage|p1a: Great Tusk|88/100|[from] Spikes
|-damage|p1a: Great Tusk|85/100|[from] Stealth Rock
|turn|18
|
|t:|1776032597
|switch|p2a: Dragapult|Dragapult, F|100/100
|-activate|p2a: Dragapult|move: Sticky Web
|-fail|p2a: Dragapult|unboost|[from] ability: Clear Body|[of] p2a: Dragapult
|move|p1a: Great Tusk|Knock Off|p2a: Dragapult
|-supereffective|p2a: Dragapult
|-damage|p2a: Dragapult|15/100
|-enditem|p2a: Dragapult|Spell Tag|[from] move: Knock Off|[of] p1a: Great Tusk
|
|upkeep
|turn|19
|
|t:|1776032607
|move|p2a: Dragapult|Dragon Darts|p1a: Great Tusk
|-damage|p1a: Great Tusk|69/100
|-anim|p2a: Dragapult|Dragon Darts|p1a: Great Tusk
|-damage|p1a: Great Tusk|54/100
|move|p1a: Great Tusk|Knock Off|p2a: Dragapult
|-supereffective|p2a: Dragapult
|-damage|p2a: Dragapult|0 fnt
|faint|p2a: Dragapult
|
|upkeep
|
|t:|1776032613
|switch|p2a: Ogerpon|Ogerpon, F|100/100
|-activate|p2a: Ogerpon|move: Sticky Web
|-unboost|p2a: Ogerpon|spe|1
|-ability|p2a: Ogerpon|Defiant|boost
|-boost|p2a: Ogerpon|atk|2
|turn|20
|
|t:|1776032622
|-terastallize|p2a: Ogerpon|Grass
|detailschange|p2a: Ogerpon|Ogerpon-Teal-Tera, F, tera:Grass
|-ability|p2a: Ogerpon|Embody Aspect (Teal)|boost
|-boost|p2a: Ogerpon|spe|1
|move|p2a: Ogerpon|Ivy Cudgel|p1a: Great Tusk
|-supereffective|p1a: Great Tusk
|-crit|p1a: Great Tusk
|-damage|p1a: Great Tusk|0 fnt
|faint|p1a: Great Tusk
|-end|p1a: Great Tusk|Protosynthesis|[silent]
|
|upkeep
|
|t:|1776032630
|switch|p1a: Dragapult|Dragapult, F|100/100
|-damage|p1a: Dragapult|88/100|[from] Spikes
|-damage|p1a: Dragapult|76/100|[from] Stealth Rock
|turn|21
|
|t:|1776032634
|switch|p2a: Landorus|Landorus-Therian, M|100/100
|-ability|p2a: Landorus|Intimidate|boost
|-unboost|p1a: Dragapult|atk|1
|-terastallize|p1a: Dragapult|Fairy
|move|p1a: Dragapult|Will-O-Wisp|p2a: Landorus
|-status|p2a: Landorus|brn
|
|-heal|p1a: Dragapult|82/100|[from] item: Leftovers
|-damage|p2a: Landorus|94/100 brn|[from] brn
|upkeep
|turn|22
|
|t:|1776032648
|move|p1a: Dragapult|Hex|p2a: Landorus
|-damage|p2a: Landorus|46/100 brn
|move|p2a: Landorus|Earth Power|p1a: Dragapult
|-damage|p1a: Dragapult|42/100
|
|-heal|p1a: Dragapult|48/100|[from] item: Leftovers
|-damage|p2a: Landorus|40/100 brn|[from] brn
|upkeep
|turn|23
|
|t:|1776032654
|move|p1a: Dragapult|Hex|p2a: Landorus
|-damage|p2a: Landorus|0 fnt
|faint|p2a: Landorus
|
|-heal|p1a: Dragapult|54/100|[from] item: Leftovers
|upkeep
|
|t:|1776032656
|switch|p2a: Samurott|Samurott-Hisui, M|100/100
|-activate|p2a: Samurott|move: Sticky Web
|-unboost|p2a: Samurott|spe|1
|turn|24
|
|t:|1776032667
|move|p1a: Dragapult|Will-O-Wisp|p2a: Samurott
|-status|p2a: Samurott|brn
|move|p2a: Samurott|Razor Shell|p1a: Dragapult
|-damage|p1a: Dragapult|9/100
|-unboost|p1a: Dragapult|def|1
|
|-heal|p1a: Dragapult|15/100|[from] item: Leftovers
|-damage|p2a: Samurott|94/100 brn|[from] brn
|upkeep
|turn|25
|
|t:|1776032679
|switch|p1a: Gholdengo|Gholdengo|56/100
|-damage|p1a: Gholdengo|44/100|[from] Spikes
|-damage|p1a: Gholdengo|38/100|[from] Stealth Rock
|move|p2a: Samurott|Razor Shell|p1a: Gholdengo
|-damage|p1a: Gholdengo|0 fnt
|faint|p1a: Gholdengo
|
|-damage|p2a: Samurott|88/100 brn|[from] brn
|upkeep
|
|t:|1776032686
|switch|p1a: Kingambit|Kingambit, M|71/100
|-damage|p1a: Kingambit|59/100|[from] Spikes
|-damage|p1a: Kingambit|53/100|[from] Stealth Rock
|-activate|p1a: Kingambit|ability: Supreme Overlord
|-start|p1a: Kingambit|fallen3|[silent]
|turn|26
|
|t:|1776032690
|move|p2a: Samurott|Razor Shell|p1a: Kingambit
|-damage|p1a: Kingambit|19/100
|-unboost|p1a: Kingambit|def|1
|move|p1a: Kingambit|Swords Dance|p1a: Kingambit
|-boost|p1a: Kingambit|atk|2
|
|-damage|p2a: Samurott|82/100 brn|[from] brn
|upkeep
|turn|27
|
|t:|1776032694
|move|p1a: Kingambit|Sucker Punch|p2a: Samurott
|-resisted|p2a: Samurott
|-damage|p2a: Samurott|6/100 brn
|move|p2a: Samurott|Razor Shell|p1a: Kingambit
|-damage|p1a: Kingambit|0 fnt
|faint|p1a: Kingambit
|-end|p1a: Kingambit|fallen3|[silent]
|
|-damage|p2a: Samurott|0 fnt|[from] brn
|faint|p2a: Samurott
|upkeep
|
|t:|1776032698
|switch|p2a: Ogerpon|Ogerpon-Teal-Tera, F, tera:Grass|100/100
|switch|p1a: Dragapult|Dragapult, F|100/100
|-damage|p1a: Dragapult|88/100|[from] Spikes
|-damage|p1a: Dragapult|76/100|[from] Stealth Rock
|-activate|p2a: Ogerpon|move: Sticky Web
|-unboost|p2a: Ogerpon|spe|1
|-ability|p2a: Ogerpon|Embody Aspect (Teal)|boost
|-boost|p2a: Ogerpon|spe|1
|-start|p1a: Dragapult|typechange|Fairy|[silent]
|turn|28
|
|t:|1776032705
|move|p1a: Dragapult|Shadow Ball|p2a: Ogerpon
|-damage|p2a: Ogerpon|29/100
|move|p2a: Ogerpon|Ivy Cudgel|p1a: Dragapult
|-damage|p1a: Dragapult|0 fnt
|replace|p1a: Zoroark|Zoroark-Hisui, F
|-end|p1a: Zoroark|Illusion
|faint|p1a: Zoroark
|
|upkeep
|
|t:|1776032707
|switch|p1a: Dragapult|Dragapult, F, tera:Fairy|15/100
|-damage|p1a: Dragapult|3/100|[from] Spikes
|-damage|p1a: Dragapult|0 fnt|[from] Stealth Rock
|faint|p1a: Dragapult
|
|win|CanaryKill
|raw|awesomesamuel's rating: 1560 &rarr; <strong>1539</strong><br />(-21 for losing)
|raw|CanaryKill's rating: 1534 &rarr; <strong>1555</strong><br />(+21 for winning)
|l|‽awesomesamuel
|player|p1|
|l|☆CanaryKill
|player|p2|
