|html|<div class="broadcast-blue"><strong>[Gen 9] OU is currently suspecting Tera Blast! For information on how to participate check out the <a href="https://www.smogon.com/tools/suspects/view/200">suspect thread</a>.</strong></div>
|j|☆Tsucci Hebi
|j|☆JarBaX1998
|t:|1776087335
|gametype|singles
|player|p1|Tsucci Hebi|backersf|1125
|player|p2|JarBaX1998|2|1110
|gen|9
|tier|[Gen 9] OU
|rated|
|rule|HP Percentage Mod: HP is shown in percentages
|rule|Endless Battle Clause: Forcing endless battles is banned
|rule|Species Clause: Limit one of each Pokémon
|rule|OHKO Clause: OHKO moves are banned
|rule|Evasion Items Clause: Evasion items are banned
|rule|Evasion Moves Clause: Evasion moves are banned
|rule|Evasion Abilities Clause: Evasion abilities are banned
|rule|Sleep Moves Clause: Sleep-inducing moves are banned
|clearpoke
|poke|p1|Houndstone, F|
|poke|p1|Ogerpon-Wellspring, F|
|poke|p1|Meloetta|
|poke|p1|Glimmora, F|
|poke|p1|Clefable, M|
|poke|p1|Dudunsparce-*, M|
|poke|p2|Dragonite, F|
|poke|p2|Hatterene, F|
|poke|p2|Weavile, M|
|poke|p2|Ogerpon-Wellspring, F|
|poke|p2|Kingambit, F|
|poke|p2|Great Tusk|
|teampreview
|
|t:|1776087351
|teamsize|p1|6
|teamsize|p2|6
|start
|switch|p1a: 土蛇(tsuchi hebi)|Dudunsparce-Three-Segment, M|100/100
|switch|p2a: Swish|Dragonite, F|100/100
|turn|1
|
|t:|1776087359
|move|p2a: Swish|Dragon Dance|p2a: Swish
|-boost|p2a: Swish|atk|1
|-boost|p2a: Swish|spe|1
|move|p1a: 土蛇(tsuchi hebi)|Boomburst|p2a: Swish
|-damage|p2a: Swish|67/100
|-enditem|p1a: 土蛇(tsuchi hebi)|Throat Spray
|-boost|p1a: 土蛇(tsuchi hebi)|spa|1|[from] item: Throat Spray
|
|-heal|p2a: Swish|73/100|[from] item: Leftovers
|upkeep
|turn|2
|
|t:|1776087368
|move|p2a: Swish|Dragon Dance|p2a: Swish
|-boost|p2a: Swish|atk|1
|-boost|p2a: Swish|spe|1
|move|p1a: 土蛇(tsuchi hebi)|Ice Beam|p2a: Swish
|-supereffective|p2a: Swish
|-damage|p2a: Swish|0 fnt
|faint|p2a: Swish
|
|upkeep
|
|t:|1776087390
|switch|p2a: Hello .RAW-Z|Weavile, M|100/100
|turn|3
|
|t:|1776087397
|switch|p1a: Sandstorm|Houndstone, F, shiny|100/100
|move|p2a: Hello .RAW-Z|Swords Dance|p2a: Hello .RAW-Z
|-boost|p2a: Hello .RAW-Z|atk|2
|
|upkeep
|turn|4
|
|t:|1776087413
|move|p2a: Hello .RAW-Z|Beat Up|p1a: Sandstorm
|-supereffective|p1a: Sandstorm
|-enditem|p1a: Sandstorm|Colbur Berry|[eat]
|-enditem|p1a: Sandstorm|Colbur Berry|[weaken]
|-damage|p1a: Sandstorm|88/100
|-supereffective|p1a: Sandstorm
|-damage|p1a: Sandstorm|68/100
|-supereffective|p1a: Sandstorm
|-damage|p1a: Sandstorm|44/100
|-supereffective|p1a: Sandstorm
|-damage|p1a: Sandstorm|17/100
|-supereffective|p1a: Sandstorm
|-damage|p1a: Sandstorm|0 fnt
|faint|p1a: Sandstorm
|-hitcount|p1: Sandstorm|5
|
|upkeep
|
|t:|1776087436
|switch|p1a: Mellie|Meloetta|100/100
|turn|5
|
|t:|1776087444
|switch|p1a: Beam|Glimmora, F|100/100
|move|p2a: Hello .RAW-Z|Beat Up|p1a: Beam
|-damage|p1a: Beam|89/100
|-activate|p1a: Beam|ability: Toxic Debris
|-sidestart|p2: JarBaX1998|move: Toxic Spikes
|-damage|p1a: Beam|78/100
|-activate|p1a: Beam|ability: Toxic Debris
|-sidestart|p2: JarBaX1998|move: Toxic Spikes
|-damage|p1a: Beam|65/100
|-damage|p1a: Beam|52/100
|-damage|p1a: Beam|40/100
|-hitcount|p1a: Beam|5
|
|upkeep
|turn|6
|
|t:|1776087462
|move|p2a: Hello .RAW-Z|Beat Up|p1a: Beam
|-damage|p1a: Beam|28/100
|-damage|p1a: Beam|18/100
|-damage|p1a: Beam|7/100
|-damage|p1a: Beam|0 fnt
|faint|p1a: Beam
|-hitcount|p1: Beam|4
|
|upkeep
|
|t:|1776087466
|switch|p1a: Pink thing|Clefable, M|100/100
|turn|7
|
|t:|1776087475
|-terastallize|p1a: Pink thing|Fire
|move|p2a: Hello .RAW-Z|Swords Dance|p2a: Hello .RAW-Z
|-boost|p2a: Hello .RAW-Z|atk|2
|move|p1a: Pink thing|Flamethrower|p2a: Hello .RAW-Z
|-supereffective|p2a: Hello .RAW-Z
|-enditem|p2a: Hello .RAW-Z|Focus Sash
|-damage|p2a: Hello .RAW-Z|1/100
|
|upkeep
|turn|8
|
|t:|1776087490
|move|p2a: Hello .RAW-Z|Beat Up|p1a: Pink thing
|-damage|p1a: Pink thing|77/100
|-damage|p1a: Pink thing|58/100
|-damage|p1a: Pink thing|34/100
|-damage|p1a: Pink thing|10/100
|-damage|p1a: Pink thing|0 fnt
|faint|p1a: Pink thing
|-hitcount|p1: Pink thing|5
|
|upkeep
|
|t:|1776087491
|switch|p1a: Kanabō|Ogerpon-Wellspring, F|100/100
|turn|9
|
|t:|1776087505
|move|p2a: Hello .RAW-Z|Beat Up|p1a: Kanabō
|-damage|p1a: Kanabō|67/100
|-damage|p1a: Kanabō|41/100
|-damage|p1a: Kanabō|5/100
|-damage|p1a: Kanabō|0 fnt
|faint|p1a: Kanabō
|-hitcount|p1: Kanabō|4
|
|upkeep
|c|☆Tsucci Hebi|I'm hetting beat up
|
|t:|1776087514
|switch|p1a: Mellie|Meloetta|100/100
|turn|10
|
|t:|1776087519
|move|p2a: Hello .RAW-Z|Beat Up|p1a: Mellie
|-supereffective|p1a: Mellie
|-damage|p1a: Mellie|47/100
|-supereffective|p1a: Mellie
|-damage|p1a: Mellie|5/100
|-supereffective|p1a: Mellie
|-damage|p1a: Mellie|0 fnt
|faint|p1a: Mellie
|-hitcount|p1: Mellie|3
|
|upkeep
|
|t:|1776087523
|switch|p1a: 土蛇(tsuchi hebi)|Dudunsparce-Three-Segment, M|100/100
|turn|11
|
|t:|1776087528
|move|p2a: Hello .RAW-Z|Beat Up|p1a: 土蛇(tsuchi hebi)
|-damage|p1a: 土蛇(tsuchi hebi)|77/100
|-damage|p1a: 土蛇(tsuchi hebi)|59/100
|-damage|p1a: 土蛇(tsuchi hebi)|34/100
|-damage|p1a: 土蛇(tsuchi hebi)|9/100
|-damage|p1a: 土蛇(tsuchi hebi)|0 fnt
|faint|p1a: 土蛇(tsuchi hebi)
|-hitcount|p1: 土蛇(tsuchi hebi)|5
|
|win|JarBaX1998
|raw|Tsucci Hebi's rating: 1125 &rarr; <strong>1099</strong><br />(-26 for losing)
|raw|JarBaX1998's rating: 1110 &rarr; <strong>1136</strong><br />(+26 for winning)
|l|☆Tsucci Hebi
|player|p1|
|l|☆JarBaX1998
|player|p2|
