|html|<div class="broadcast-blue"><strong>[Gen 9] OU is currently suspecting Tera Blast! For information on how to participate check out the <a href="https://www.smogon.com/tools/suspects/view/200">suspect thread</a>.</strong></div>
|j|☆talveznao
|j|☆pEdr0oZZ
|inactive|Battle timer is ON: inactive players will automatically lose when time's up.
|t:|1776270177
|gametype|singles
|player|p1|talveznao|evelyn|
|player|p2|pEdr0oZZ|volkner|
|gen|9
|tier|[Gen 9] OU
|rated|Tournament battle
|rule|HP Percentage Mod: HP is shown in percentages
|rule|Endless Battle Clause: Forcing endless battles is banned
|rule|Species Clause: Limit one of each Pokémon
|rule|OHKO Clause: OHKO moves are banned
|rule|Evasion Items Clause: Evasion items are banned
|rule|Evasion Moves Clause: Evasion moves are banned
|rule|Evasion Abilities Clause: Evasion abilities are banned
|rule|Sleep Moves Clause: Sleep-inducing moves are banned
|clearpoke
|poke|p1|Reuniclus, F|
|poke|p1|Garganacl, F|
|poke|p1|Alomomola, F|
|poke|p1|Weezing-Galar, F|
|poke|p1|Gholdengo|
|poke|p1|Dragapult, F|
|poke|p2|Great Tusk|
|poke|p2|Ceruledge, M|
|poke|p2|Kingambit, F|
|poke|p2|Iron Valiant|
|poke|p2|Goodra-Hisui, F|
|poke|p2|Clodsire, F|
|teampreview
|inactive|pEdr0oZZ also wants the timer to be on.
|inactive|talveznao also wants the timer to be on.
|j| Professor.Sakyra
|c|☆pEdr0oZZ|gl
|c|☆talveznao|Hf
|l| Professor.Sakyra
|
|t:|1776270202
|teamsize|p1|6
|teamsize|p2|6
|start
|switch|p1a: Reuniclus|Reuniclus, F|100/100
|switch|p2a: Clodsire|Clodsire, F|100/100
|turn|1
|
|t:|1776270221
|switch|p2a: Goodra|Goodra-Hisui, F|100/100
|move|p1a: Reuniclus|Psychic Noise|p2a: Goodra
|-resisted|p2a: Goodra
|-damage|p2a: Goodra|90/100
|-start|p2a: Goodra|move: Heal Block
|
|upkeep
|turn|2
|
|t:|1776270234
|-terastallize|p1a: Reuniclus|Fighting
|move|p2a: Goodra|Earthquake|p1a: Reuniclus
|-crit|p1a: Reuniclus
|-damage|p1a: Reuniclus|67/100
|move|p1a: Reuniclus|Focus Blast|p2a: Goodra
|-supereffective|p2a: Goodra
|-damage|p2a: Goodra|12/100
|
|-end|p2a: Goodra|move: Heal Block
|upkeep
|turn|3
|
|t:|1776270255
|switch|p2a: Clodsire|Clodsire, F|100/100
|switch|p1a: Alomomola|Alomomola, F|100/100
|
|upkeep
|turn|4
|c|☆talveznao|Esperava mais dano,melhore reuniculos
|
|t:|1776270265
|switch|p1a: Reuniclus|Reuniclus, F, tera:Fighting|67/100
|move|p2a: Clodsire|Stealth Rock|p1a: Reuniclus
|-sidestart|p1: talveznao|move: Stealth Rock
|
|upkeep
|turn|5
|
|t:|1776270273
|move|p1a: Reuniclus|Recover|p1a: Reuniclus
|-heal|p1a: Reuniclus|100/100
|move|p2a: Clodsire|Toxic|p1a: Reuniclus
|-status|p1a: Reuniclus|tox
|
|upkeep
|turn|6
|
|t:|1776270286
|move|p1a: Reuniclus|Psychic Noise|p2a: Clodsire
|-supereffective|p2a: Clodsire
|-damage|p2a: Clodsire|48/100
|-start|p2a: Clodsire|move: Heal Block
|move|p2a: Clodsire|Earthquake|p1a: Reuniclus
|-damage|p1a: Reuniclus|71/100 tox
|
|upkeep
|turn|7
|j| Cleffa Assassina
|
|t:|1776270302
|switch|p2a: Goodra|Goodra-Hisui, F|12/100
|move|p1a: Reuniclus|Knock Off|p2a: Goodra
|-damage|p2a: Goodra|0 fnt
|-enditem|p2a: Goodra|Assault Vest|[from] move: Knock Off|[of] p1a: Reuniclus
|faint|p2a: Goodra
|
|upkeep
|c|☆talveznao|Ata
|
|t:|1776270311
|switch|p2a: Chest|Kingambit, F|100/100
|-activate|p2a: Chest|ability: Supreme Overlord
|-start|p2a: Chest|fallen1|[silent]
|turn|8
|
|t:|1776270318
|move|p2a: Chest|Sucker Punch|p1a: Reuniclus
|-resisted|p1a: Reuniclus
|-damage|p1a: Reuniclus|44/100 tox
|move|p1a: Reuniclus|Focus Blast|p2a: Chest|[miss]
|-miss|p1a: Reuniclus|p2a: Chest
|
|upkeep
|turn|9
|c|☆pEdr0oZZ|sou estupido
|
|t:|1776270332
|-end|p2a: Chest|fallen1|[silent]
|switch|p2a: Clodsire|Clodsire, F|48/100
|move|p1a: Reuniclus|Recover|p1a: Reuniclus
|-heal|p1a: Reuniclus|94/100 tox
|
|-heal|p2a: Clodsire|55/100|[from] item: Leftovers
|upkeep
|turn|10
|c|☆talveznao|Bote um oculos reuniculos
|c|☆pEdr0oZZ|hahaha
|
|t:|1776270349
|-terastallize|p2a: Clodsire|Dark
|move|p1a: Reuniclus|Psychic Noise|p2a: Clodsire
|-immune|p2a: Clodsire
|move|p2a: Clodsire|Recover|p2a: Clodsire
|-heal|p2a: Clodsire|100/100
|
|upkeep
|turn|11
|
|t:|1776270363
|move|p1a: Reuniclus|Focus Blast|p2a: Clodsire|[miss]
|-miss|p1a: Reuniclus|p2a: Clodsire
|move|p2a: Clodsire|Earthquake|p1a: Reuniclus
|-damage|p1a: Reuniclus|66/100 tox
|
|upkeep
|turn|12
|
|t:|1776270374
|switch|p2a: Ceruledge|Ceruledge, M, shiny|100/100
|move|p1a: Reuniclus|Knock Off|p2a: Ceruledge
|-supereffective|p2a: Ceruledge
|-damage|p2a: Ceruledge|46/100
|-ability|p2a: Ceruledge|Weak Armor|boost
|-unboost|p2a: Ceruledge|def|1
|-boost|p2a: Ceruledge|spe|2
|-enditem|p2a: Ceruledge|Life Orb|[from] move: Knock Off|[of] p1a: Reuniclus
|
|upkeep
|turn|13
|
|t:|1776270391
|switch|p1a: Alomomola|Alomomola, F|100/100
|-damage|p1a: Alomomola|88/100|[from] Stealth Rock
|move|p2a: Ceruledge|Poltergeist|p1a: Alomomola
|-activate|p1a: Alomomola|move: Poltergeist|Assault Vest
|-damage|p1a: Alomomola|48/100
|
|upkeep
|turn|14
|
|t:|1776270405
|move|p2a: Ceruledge|Poltergeist|p1a: Alomomola
|-activate|p1a: Alomomola|move: Poltergeist|Assault Vest
|-damage|p1a: Alomomola|9/100
|move|p1a: Alomomola|Flip Turn|p2a: Ceruledge
|-supereffective|p2a: Ceruledge
|-damage|p2a: Ceruledge|0 fnt
|faint|p2a: Ceruledge
|
|t:|1776270419
|switch|p1a: Gholdengo|Gholdengo|100/100|[from] Flip Turn
|-damage|p1a: Gholdengo|94/100|[from] Stealth Rock
|
|upkeep
|
|t:|1776270427
|switch|p2a: Mamute|Great Tusk, shiny|100/100
|turn|15
|
|t:|1776270436
|move|p2a: Mamute|Ice Spinner|p1a: Gholdengo
|-resisted|p1a: Gholdengo
|-damage|p1a: Gholdengo|80/100
|move|p1a: Gholdengo|Dazzling Gleam|p2a: Mamute
|-supereffective|p2a: Mamute
|-damage|p2a: Mamute|0 fnt
|faint|p2a: Mamute
|-end|p2a: Mamute|Protosynthesis|[silent]
|
|upkeep
|c|☆pEdr0oZZ|gg
|-message|pEdr0oZZ forfeited.
|
|win|talveznao
|n|☆talveznao|talveznao
|n|☆pEdr0oZZ|pedr0ozz
|n| Cleffa Assassina|cleffaassassina
