|html|<div class="broadcast-blue"><strong>[Gen 9] OU is currently suspecting Tera Blast! For information on how to participate check out the <a href="https://www.smogon.com/tools/suspects/view/200">suspect thread</a>.</strong></div>
|j|☆randtestacct
|j|☆foxxet
|t:|1776231985
|gametype|singles
|player|p1|randtestacct|265|1153
|player|p2|foxxet|170|1172
|gen|9
|tier|[Gen 9] OU
|rated|
|rule|HP Percentage Mod: HP is shown in percentages
|rule|Endless Battle Clause: Forcing endless battles is banned
|rule|Species Clause: Limit one of each Pokémon
|rule|OHKO Clause: OHKO moves are banned
|rule|Evasion Items Clause: Evasion items are banned
|rule|Evasion Moves Clause: Evasion moves are banned
|rule|Evasion Abilities Clause: Evasion abilities are banned
|rule|Sleep Moves Clause: Sleep-inducing moves are banned
|clearpoke
|poke|p1|Zapdos|
|poke|p1|Tinkaton, F|
|poke|p1|Dragonite, F|
|poke|p1|Alomomola, F|
|poke|p1|Ursaluna, M|
|poke|p1|Scizor, M|
|poke|p2|Samurott-Hisui, F|
|poke|p2|Garganacl, M|
|poke|p2|Ogerpon-Wellspring, F|
|poke|p2|Gholdengo|
|poke|p2|Goodra-Hisui, F|
|poke|p2|Glimmora, F|
|teampreview
|
|t:|1776231992
|teamsize|p1|6
|teamsize|p2|6
|start
|switch|p1a: Ursaluna|Ursaluna, M|100/100
|switch|p2a: Gholdengo|Gholdengo, shiny|100/100
|turn|1
|inactive|Battle timer is ON: inactive players will automatically lose when time's up. (requested by randtestacct)
|
|t:|1776232002
|move|p2a: Gholdengo|Make It Rain|p1a: Ursaluna
|-damage|p1a: Ursaluna|60/100
|-unboost|p2a: Gholdengo|spa|1
|move|p1a: Ursaluna|Earthquake|p2a: Gholdengo
|-supereffective|p2a: Gholdengo
|-damage|p2a: Gholdengo|0 fnt
|faint|p2a: Gholdengo
|
|upkeep
|
|t:|1776232008
|switch|p2a: Glimmora|Glimmora, F, shiny|100/100
|-item|p2a: Glimmora|Air Balloon
|turn|2
|
|t:|1776232026
|switch|p1a: Zapdos|Zapdos|100/100
|move|p2a: Glimmora|Stealth Rock|p1a: Zapdos
|-sidestart|p1: randtestacct|move: Stealth Rock
|
|upkeep
|turn|3
|
|t:|1776232030
|move|p2a: Glimmora|Power Gem|p1a: Zapdos
|-supereffective|p1a: Zapdos
|-damage|p1a: Zapdos|24/100
|move|p1a: Zapdos|Thunderbolt|p2a: Glimmora
|-damage|p2a: Glimmora|46/100
|-enditem|p2a: Glimmora|Air Balloon
|
|-heal|p1a: Zapdos|30/100|[from] item: Leftovers
|upkeep
|turn|4
|
|t:|1776232042
|switch|p1a: Alomomola|Alomomola, F|100/100
|-damage|p1a: Alomomola|88/100|[from] Stealth Rock
|move|p2a: Glimmora|Power Gem|p1a: Alomomola
|-damage|p1a: Alomomola|49/100
|
|-heal|p1a: Alomomola|56/100|[from] item: Leftovers
|upkeep
|turn|5
|
|t:|1776232046
|move|p2a: Glimmora|Mortal Spin|p1a: Alomomola
|-damage|p1a: Alomomola|52/100
|-status|p1a: Alomomola|psn
|move|p1a: Alomomola|Wish|p1a: Alomomola
|
|-heal|p1a: Alomomola|58/100 psn|[from] item: Leftovers
|-damage|p1a: Alomomola|46/100 psn|[from] psn
|upkeep
|turn|6
|
|t:|1776232054
|switch|p1a: Ursaluna|Ursaluna, M|60/100
|-damage|p1a: Ursaluna|54/100|[from] Stealth Rock
|move|p2a: Glimmora|Power Gem|p1a: Ursaluna
|-resisted|p1a: Ursaluna
|-damage|p1a: Ursaluna|44/100
|
|-heal|p1a: Ursaluna|100/100|[from] move: Wish|[wisher] Alomomola
|upkeep
|turn|7
|
|t:|1776232062
|move|p2a: Glimmora|Mortal Spin|p1a: Ursaluna
|-resisted|p1a: Ursaluna
|-damage|p1a: Ursaluna|98/100
|-status|p1a: Ursaluna|psn
|move|p1a: Ursaluna|Earthquake|p2a: Glimmora
|-supereffective|p2a: Glimmora
|-damage|p2a: Glimmora|0 fnt
|-activate|p2a: Glimmora|ability: Toxic Debris
|-sidestart|p1: randtestacct|move: Toxic Spikes
|faint|p2a: Glimmora
|
|-damage|p1a: Ursaluna|86/100 psn|[from] psn
|upkeep
|
|t:|1776232087
|switch|p2a: Ogerpon|Ogerpon-Wellspring, F|100/100
|turn|8
|
|t:|1776232091
|-terastallize|p1a: Ursaluna|Fairy
|move|p2a: Ogerpon|Ivy Cudgel|p1a: Ursaluna|[anim] Ivy Cudgel Water
|-damage|p1a: Ursaluna|44/100 psn
|move|p1a: Ursaluna|Body Slam|p2a: Ogerpon
|-damage|p2a: Ogerpon|0 fnt
|faint|p2a: Ogerpon
|
|-damage|p1a: Ursaluna|32/100 psn|[from] psn
|upkeep
|
|t:|1776232107
|switch|p2a: Samurott|Samurott-Hisui, F, shiny|100/100
|turn|9
|
|t:|1776232115
|switch|p1a: Scizor|Scizor, M|100/100
|move|p2a: Samurott|Flip Turn|p1a: Scizor
|-damage|p1a: Scizor|77/100
|inactive|foxxet has 120 seconds left.
|
|t:|1776232154
|switch|p2a: Garganacl|Garganacl, M, shiny|100/100|[from] Flip Turn
|
|upkeep
|turn|10
|
|t:|1776232168
|-terastallize|p2a: Garganacl|Flying
|move|p1a: Scizor|Defog|p2a: Garganacl
|-unboost|p2a: Garganacl|evasion|1
|-sideend|p1: randtestacct|Toxic Spikes|[from] move: Defog|[of] p1a: Scizor
|-sideend|p1: randtestacct|Stealth Rock|[from] move: Defog|[of] p1a: Scizor
|move|p2a: Garganacl|Salt Cure|p1a: Scizor
|-damage|p1a: Scizor|60/100
|-start|p1a: Scizor|Salt Cure
|
|-damage|p1a: Scizor|35/100|[from] Salt Cure
|upkeep
|turn|11
|
|t:|1776232175
|move|p1a: Scizor|U-turn|p2a: Garganacl
|-resisted|p2a: Garganacl
|-damage|p2a: Garganacl|88/100
|
|t:|1776232192
|switch|p1a: Alomomola|Alomomola, F|79/100 psn|[from] U-turn
|move|p2a: Garganacl|Salt Cure|p1a: Alomomola
|-damage|p1a: Alomomola|70/100 psn
|-start|p1a: Alomomola|Salt Cure
|
|-heal|p1a: Alomomola|76/100 psn|[from] item: Leftovers
|-heal|p2a: Garganacl|94/100|[from] item: Leftovers
|-damage|p1a: Alomomola|64/100 psn|[from] psn
|-damage|p1a: Alomomola|39/100 psn|[from] Salt Cure
|upkeep
|turn|12
|
|t:|1776232205
|switch|p1a: Zapdos|Zapdos|30/100
|move|p2a: Garganacl|Iron Defense|p2a: Garganacl
|-boost|p2a: Garganacl|def|2
|
|-heal|p1a: Zapdos|36/100|[from] item: Leftovers
|-heal|p2a: Garganacl|99/100|[from] item: Leftovers
|upkeep
|turn|13
|
|t:|1776232210
|switch|p2a: Goodra|Goodra-Hisui, F, shiny|100/100
|move|p1a: Zapdos|Thunderbolt|p2a: Goodra
|-resisted|p2a: Goodra
|-damage|p2a: Goodra|92/100
|
|-heal|p1a: Zapdos|43/100|[from] item: Leftovers
|upkeep
|turn|14
|
|t:|1776232218
|move|p1a: Zapdos|Roost|p1a: Zapdos
|-heal|p1a: Zapdos|93/100
|-singleturn|p1a: Zapdos|move: Roost
|move|p2a: Goodra|Draco Meteor|p1a: Zapdos
|-damage|p1a: Zapdos|50/100
|-unboost|p2a: Goodra|spa|2
|
|-heal|p1a: Zapdos|56/100|[from] item: Leftovers
|upkeep
|turn|15
|
|t:|1776232222
|move|p1a: Zapdos|Roost|p1a: Zapdos
|-heal|p1a: Zapdos|100/100
|-singleturn|p1a: Zapdos|move: Roost
|move|p2a: Goodra|Dragon Tail|p1a: Zapdos
|-crit|p1a: Zapdos
|-damage|p1a: Zapdos|68/100
|drag|p1a: Alomomola|Alomomola, F|72/100 psn
|
|-heal|p1a: Alomomola|79/100 psn|[from] item: Leftovers
|-damage|p1a: Alomomola|66/100 psn|[from] psn
|upkeep
|turn|16
|
|t:|1776232227
|switch|p2a: Samurott|Samurott-Hisui, F, shiny|100/100
|move|p1a: Alomomola|Wish|p1a: Alomomola
|
|-heal|p1a: Alomomola|72/100 psn|[from] item: Leftovers
|-damage|p1a: Alomomola|60/100 psn|[from] psn
|upkeep
|turn|17
|
|t:|1776232235
|move|p2a: Samurott|Flip Turn|p1a: Alomomola
|-resisted|p1a: Alomomola
|-damage|p1a: Alomomola|53/100 psn
|
|t:|1776232241
|switch|p2a: Garganacl|Garganacl, M, shiny, tera:Flying|99/100|[from] Flip Turn
|move|p1a: Alomomola|Flip Turn|p2a: Garganacl
|-damage|p2a: Garganacl|89/100
|
|t:|1776232253
|switch|p1a: Ursaluna|Ursaluna, M, tera:Fairy|32/100 psn|[from] Flip Turn
|
|-heal|p1a: Ursaluna|89/100 psn|[from] move: Wish|[wisher] Alomomola
|-heal|p2a: Garganacl|95/100|[from] item: Leftovers
|-damage|p1a: Ursaluna|76/100 psn|[from] psn
|upkeep
|turn|18
|
|t:|1776232259
|move|p1a: Ursaluna|Body Slam|p2a: Garganacl
|-damage|p2a: Garganacl|43/100
|move|p2a: Garganacl|Iron Defense|p2a: Garganacl
|-boost|p2a: Garganacl|def|2
|
|-heal|p2a: Garganacl|50/100|[from] item: Leftovers
|-damage|p1a: Ursaluna|64/100 psn|[from] psn
|upkeep
|turn|19
|
|t:|1776232265
|move|p1a: Ursaluna|Body Slam|p2a: Garganacl
|-damage|p2a: Garganacl|23/100
|move|p2a: Garganacl|Recover|p2a: Garganacl
|-heal|p2a: Garganacl|73/100
|
|-heal|p2a: Garganacl|79/100|[from] item: Leftovers
|-damage|p1a: Ursaluna|51/100 psn|[from] psn
|upkeep
|turn|20
|
|t:|1776232270
|switch|p1a: Zapdos|Zapdos|68/100
|move|p2a: Garganacl|Salt Cure|p1a: Zapdos
|-supereffective|p1a: Zapdos
|-damage|p1a: Zapdos|35/100
|-start|p1a: Zapdos|Salt Cure
|
|-heal|p1a: Zapdos|41/100|[from] item: Leftovers
|-heal|p2a: Garganacl|85/100|[from] item: Leftovers
|-damage|p1a: Zapdos|29/100|[from] Salt Cure
|upkeep
|turn|21
|
|t:|1776232279
|move|p1a: Zapdos|Roost|p1a: Zapdos
|-heal|p1a: Zapdos|79/100
|-singleturn|p1a: Zapdos|move: Roost
|move|p2a: Garganacl|Stealth Rock|p1a: Zapdos
|-sidestart|p1: randtestacct|move: Stealth Rock
|
|-heal|p1a: Zapdos|85/100|[from] item: Leftovers
|-heal|p2a: Garganacl|91/100|[from] item: Leftovers
|-damage|p1a: Zapdos|73/100|[from] Salt Cure
|upkeep
|turn|22
|
|t:|1776232288
|switch|p2a: Goodra|Goodra-Hisui, F, shiny|92/100
|move|p1a: Zapdos|Thunderbolt|p2a: Goodra
|-resisted|p2a: Goodra
|-damage|p2a: Goodra|84/100
|
|-heal|p1a: Zapdos|79/100|[from] item: Leftovers
|-damage|p1a: Zapdos|66/100|[from] Salt Cure
|upkeep
|turn|23
|
|t:|1776232293
|move|p1a: Zapdos|U-turn|p2a: Goodra
|-resisted|p2a: Goodra
|-damage|p2a: Goodra|77/100
|
|t:|1776232301
|switch|p1a: Scizor|Scizor, M|35/100|[from] U-turn
|move|p2a: Goodra|Dragon Tail|p1a: Scizor
|-resisted|p1a: Scizor
|-damage|p1a: Scizor|26/100
|drag|p1a: Alomomola|Alomomola, F|86/100 psn
|-damage|p1a: Alomomola|74/100 psn|[from] Stealth Rock
|
|-heal|p1a: Alomomola|80/100 psn|[from] item: Leftovers
|-damage|p1a: Alomomola|68/100 psn|[from] psn
|upkeep
|turn|24
|
|t:|1776232313
|move|p1a: Alomomola|Wish|p1a: Alomomola
|move|p2a: Goodra|Dragon Tail|p1a: Alomomola
|-damage|p1a: Alomomola|56/100 psn
|drag|p1a: Scizor|Scizor, M|26/100
|
|upkeep
|turn|25
|
|t:|1776232320
|move|p1a: Scizor|Defog|p2a: Goodra
|-unboost|p2a: Goodra|evasion|1
|-sideend|p1: randtestacct|Stealth Rock|[from] move: Defog|[of] p1a: Scizor
|move|p2a: Goodra|Draco Meteor|p1a: Scizor
|-resisted|p1a: Scizor
|-damage|p1a: Scizor|0 fnt
|-unboost|p2a: Goodra|spa|2
|faint|p1a: Scizor
|
|upkeep
|
|t:|1776232332
|switch|p1a: Ursaluna|Ursaluna, M, tera:Fairy|51/100 psn
|turn|26
|
|t:|1776232337
|switch|p2a: Garganacl|Garganacl, M, shiny, tera:Flying|91/100
|move|p1a: Ursaluna|Drain Punch|p2a: Garganacl
|-resisted|p2a: Garganacl
|-damage|p2a: Garganacl|76/100
|-heal|p1a: Ursaluna|58/100 psn|[from] drain|[of] p2a: Garganacl
|
|-heal|p2a: Garganacl|82/100|[from] item: Leftovers
|-damage|p1a: Ursaluna|45/100 psn|[from] psn
|upkeep
|turn|27
|
|t:|1776232341
|move|p1a: Ursaluna|Body Slam|p2a: Garganacl
|-damage|p2a: Garganacl|28/100
|move|p2a: Garganacl|Salt Cure|p1a: Ursaluna
|-damage|p1a: Ursaluna|32/100 psn
|-start|p1a: Ursaluna|Salt Cure
|
|-heal|p2a: Garganacl|34/100|[from] item: Leftovers
|-damage|p1a: Ursaluna|19/100 psn|[from] psn
|-damage|p1a: Ursaluna|7/100 psn|[from] Salt Cure
|upkeep
|turn|28
|
|t:|1776232359
|switch|p1a: Tinkaton|Tinkaton, F|100/100
|switch|p2a: Samurott|Samurott-Hisui, F, shiny|100/100
|
|upkeep
|turn|29
|
|t:|1776232370
|move|p1a: Tinkaton|Fake Out|p2a: Samurott
|-damage|p2a: Samurott|87/100
|cant|p2a: Samurott|flinch
|
|upkeep
|turn|30
|
|t:|1776232374
|move|p2a: Samurott|Flip Turn|p1a: Tinkaton
|-damage|p1a: Tinkaton|64/100
|
|t:|1776232378
|switch|p2a: Garganacl|Garganacl, M, shiny, tera:Flying|34/100|[from] Flip Turn
|move|p1a: Tinkaton|Stealth Rock|p2a: Garganacl
|-sidestart|p2: foxxet|move: Stealth Rock
|
|-heal|p2a: Garganacl|41/100|[from] item: Leftovers
|upkeep
|turn|31
|
|t:|1776232382
|move|p1a: Tinkaton|Fling|p2a: Garganacl
|-crit|p2a: Garganacl
|-damage|p2a: Garganacl|32/100
|-enditem|p1a: Tinkaton|Toxic Orb|[from] move: Fling
|move|p2a: Garganacl|Recover|p2a: Garganacl
|-heal|p2a: Garganacl|82/100
|
|-heal|p2a: Garganacl|89/100|[from] item: Leftovers
|upkeep
|turn|32
|
|t:|1776232394
|move|p1a: Tinkaton|Gigaton Hammer|p2a: Garganacl
|-damage|p2a: Garganacl|44/100
|move|p2a: Garganacl|Iron Defense|p2a: Garganacl
|-boost|p2a: Garganacl|def|2
|
|-heal|p2a: Garganacl|50/100|[from] item: Leftovers
|upkeep
|turn|33
|
|t:|1776232404
|switch|p1a: Zapdos|Zapdos|66/100
|move|p2a: Garganacl|Salt Cure|p1a: Zapdos
|-supereffective|p1a: Zapdos
|-damage|p1a: Zapdos|30/100
|-start|p1a: Zapdos|Salt Cure
|
|-heal|p1a: Zapdos|36/100|[from] item: Leftovers
|-heal|p2a: Garganacl|56/100|[from] item: Leftovers
|-damage|p1a: Zapdos|24/100|[from] Salt Cure
|upkeep
|turn|34
|
|t:|1776232413
|move|p1a: Zapdos|Thunderbolt|p2a: Garganacl
|-supereffective|p2a: Garganacl
|-damage|p2a: Garganacl|0 fnt
|faint|p2a: Garganacl
|
|-heal|p1a: Zapdos|30/100|[from] item: Leftovers
|-damage|p1a: Zapdos|17/100|[from] Salt Cure
|upkeep
|
|t:|1776232416
|switch|p2a: Samurott|Samurott-Hisui, F, shiny|87/100
|-damage|p2a: Samurott|75/100|[from] Stealth Rock
|turn|35
|
|t:|1776232429
|switch|p1a: Alomomola|Alomomola, F|89/100 psn
|move|p2a: Samurott|Ceaseless Edge|p1a: Alomomola
|-damage|p1a: Alomomola|67/100 psn
|-sidestart|p1: randtestacct|Spikes
|
|-heal|p1a: Alomomola|73/100 psn|[from] item: Leftovers
|-damage|p1a: Alomomola|61/100 psn|[from] psn
|upkeep
|turn|36
|
|t:|1776232439
|move|p2a: Samurott|Ceaseless Edge|p1a: Alomomola
|-damage|p1a: Alomomola|39/100 psn
|-sidestart|p1: randtestacct|Spikes
|move|p1a: Alomomola|Wish|p1a: Alomomola
|
|-heal|p1a: Alomomola|45/100 psn|[from] item: Leftovers
|-damage|p1a: Alomomola|33/100 psn|[from] psn
|upkeep
|turn|37
|
|t:|1776232444
|move|p2a: Samurott|Ceaseless Edge|p1a: Alomomola
|-damage|p1a: Alomomola|10/100 psn
|-sidestart|p1: randtestacct|Spikes
|move|p1a: Alomomola|Flip Turn|p2a: Samurott
|-resisted|p2a: Samurott
|-damage|p2a: Samurott|64/100
|
|t:|1776232453
|switch|p1a: Zapdos|Zapdos|17/100|[from] Flip Turn
|
|-heal|p1a: Zapdos|86/100|[from] move: Wish|[wisher] Alomomola
|-heal|p1a: Zapdos|93/100|[from] item: Leftovers
|upkeep
|turn|38
|
|t:|1776232460
|switch|p2a: Goodra|Goodra-Hisui, F, shiny|77/100
|-damage|p2a: Goodra|71/100|[from] Stealth Rock
|move|p1a: Zapdos|Thunderbolt|p2a: Goodra
|-resisted|p2a: Goodra
|-damage|p2a: Goodra|63/100
|
|-heal|p1a: Zapdos|99/100|[from] item: Leftovers
|upkeep
|turn|39
|
|t:|1776232470
|move|p1a: Zapdos|Thunderbolt|p2a: Goodra
|-resisted|p2a: Goodra
|-damage|p2a: Goodra|54/100
|move|p2a: Goodra|Dragon Tail|p1a: Zapdos
|-damage|p1a: Zapdos|79/100
|-status|p2a: Goodra|par|[from] ability: Static|[of] p1a: Zapdos
|drag|p1a: Dragonite|Dragonite, F|100/100
|
|upkeep
|turn|40
|
|t:|1776232482
|move|p1a: Dragonite|Dragon Claw|p2a: Goodra
|-damage|p2a: Goodra|15/100 par
|move|p2a: Goodra|Dragon Tail|p1a: Dragonite
|-supereffective|p1a: Dragonite
|-damage|p1a: Dragonite|83/100
|drag|p1a: Zapdos|Zapdos|79/100
|
|-heal|p1a: Zapdos|85/100|[from] item: Leftovers
|upkeep
|turn|41
|
|t:|1776232491
|move|p1a: Zapdos|Thunderbolt|p2a: Goodra
|-resisted|p2a: Goodra
|-damage|p2a: Goodra|6/100 par
|move|p2a: Goodra|Draco Meteor|p1a: Zapdos
|-damage|p1a: Zapdos|35/100
|-unboost|p2a: Goodra|spa|2
|
|-heal|p1a: Zapdos|41/100|[from] item: Leftovers
|upkeep
|turn|42
|
|t:|1776232497
|move|p1a: Zapdos|Roost|p1a: Zapdos
|-heal|p1a: Zapdos|91/100
|-singleturn|p1a: Zapdos|move: Roost
|cant|p2a: Goodra|par
|
|-heal|p1a: Zapdos|97/100|[from] item: Leftovers
|upkeep
|turn|43
|
|t:|1776232504
|move|p1a: Zapdos|Thunderbolt|p2a: Goodra
|-resisted|p2a: Goodra
|-damage|p2a: Goodra|0 fnt
|faint|p2a: Goodra
|
|-heal|p1a: Zapdos|100/100|[from] item: Leftovers
|upkeep
|
|t:|1776232506
|switch|p2a: Samurott|Samurott-Hisui, F, shiny|64/100
|-damage|p2a: Samurott|51/100|[from] Stealth Rock
|turn|44
|
|t:|1776232511
|move|p2a: Samurott|Ceaseless Edge|p1a: Zapdos
|-damage|p1a: Zapdos|57/100
|move|p1a: Zapdos|Thunderbolt|p2a: Samurott
|-supereffective|p2a: Samurott
|-damage|p2a: Samurott|0 fnt
|faint|p2a: Samurott
|
|win|randtestacct
|raw|randtestacct's rating: 1153 &rarr; <strong>1179</strong><br />(+26 for winning)
|raw|foxxet's rating: 1172 &rarr; <strong>1146</strong><br />(-26 for losing)
|l|☆foxxet
|player|p2|
