|html|<div class="broadcast-blue"><strong>[Gen 9] OU is currently suspecting Tera Blast! For information on how to participate check out the <a href="https://www.smogon.com/tools/suspects/view/200">suspect thread</a>.</strong></div>
|j|‽mantikarp2.0
|j|☆Snurke
|t:|1776243660
|gametype|singles
|player|p1|mantikarp2.0|1|1533
|player|p2|Snurke|sisandbro|1552
|gen|9
|tier|[Gen 9] OU
|rated|
|rule|HP Percentage Mod: HP is shown in percentages
|rule|Endless Battle Clause: Forcing endless battles is banned
|rule|Species Clause: Limit one of each Pokémon
|rule|OHKO Clause: OHKO moves are banned
|rule|Evasion Items Clause: Evasion items are banned
|rule|Evasion Moves Clause: Evasion moves are banned
|rule|Evasion Abilities Clause: Evasion abilities are banned
|rule|Sleep Moves Clause: Sleep-inducing moves are banned
|clearpoke
|poke|p1|Reuniclus, F|
|poke|p1|Kingambit, F|
|poke|p1|Ogerpon-Wellspring, F|
|poke|p1|Landorus-Therian, M|
|poke|p1|Iron Valiant|
|poke|p1|Cinderace, M|
|poke|p2|Slowking, F|
|poke|p2|Ursaluna, M|
|poke|p2|Sinistcha|
|poke|p2|Kingambit, M|
|poke|p2|Coalossal, M|
|poke|p2|Glastrier|
|teampreview
|inactive|Battle timer is ON: inactive players will automatically lose when time's up. (requested by mantikarp2.0)
|
|t:|1776243689
|teamsize|p1|6
|teamsize|p2|6
|start
|switch|p1a: Cinderace|Cinderace, M|100/100
|switch|p2a: Old Man James|Slowking, F, shiny|100/100
|turn|1
|
|t:|1776243697
|move|p1a: Cinderace|U-turn|p2a: Old Man James
|-start|p1a: Cinderace|typechange|Bug|[from] ability: Libero
|-supereffective|p2a: Old Man James
|-damage|p2a: Old Man James|27/100
|
|t:|1776243701
|switch|p1a: Landorus|Landorus-Therian, M|100/100|[from] U-turn
|-ability|p1a: Landorus|Intimidate|boost
|-unboost|p2a: Old Man James|atk|1
|-prepare|p2a: Old Man James|Chilly Reception|[premajor]
|move|p2a: Old Man James|Chilly Reception|p2a: Old Man James
|-weather|Snowscape
|j| Foxi4
|
|t:|1776243716
|switch|p2a: Zesty Ahh LaMelo|Sinistcha, shiny|100/100|[from] Chilly Reception
|
|-weather|Snowscape|[upkeep]
|upkeep
|turn|2
|
|t:|1776243721
|move|p1a: Landorus|Taunt|p2a: Zesty Ahh LaMelo
|-start|p2a: Zesty Ahh LaMelo|move: Taunt
|cant|p2a: Zesty Ahh LaMelo|move: Taunt|Trick Room
|
|-weather|Snowscape|[upkeep]
|upkeep
|turn|3
|
|t:|1776243726
|move|p1a: Landorus|Stealth Rock|p2a: Zesty Ahh LaMelo
|-sidestart|p2: Snurke|move: Stealth Rock
|move|p2a: Zesty Ahh LaMelo|Matcha Gotcha|p1a: Landorus
|-damage|p1a: Landorus|65/100
|
|-weather|Snowscape|[upkeep]
|-heal|p1a: Landorus|71/100|[from] item: Leftovers
|upkeep
|turn|4
|
|t:|1776243733
|move|p1a: Landorus|U-turn|p2a: Zesty Ahh LaMelo
|-damage|p2a: Zesty Ahh LaMelo|84/100
|-damage|p1a: Landorus|55/100|[from] item: Rocky Helmet|[of] p2a: Zesty Ahh LaMelo
|
|t:|1776243736
|switch|p1a: Cinderace|Cinderace, M|100/100|[from] U-turn
|move|p2a: Zesty Ahh LaMelo|Matcha Gotcha|p1a: Cinderace
|-resisted|p1a: Cinderace
|-damage|p1a: Cinderace|79/100
|-heal|p2a: Zesty Ahh LaMelo|93/100|[from] drain|[of] p1a: Cinderace
|
|-weather|Snowscape|[upkeep]
|-end|p2a: Zesty Ahh LaMelo|move: Taunt
|upkeep
|turn|5
|
|t:|1776243745
|move|p1a: Cinderace|Gunk Shot|p2a: Zesty Ahh LaMelo
|-start|p1a: Cinderace|typechange|Poison|[from] ability: Libero
|-damage|p2a: Zesty Ahh LaMelo|52/100
|move|p2a: Zesty Ahh LaMelo|Trick Room|p2a: Zesty Ahh LaMelo
|-fieldstart|move: Trick Room|[of] p2a: Zesty Ahh LaMelo
|
|-weather|none
|upkeep
|turn|6
|inactive|Snurke has 120 seconds left.
|
|t:|1776243777
|move|p2a: Zesty Ahh LaMelo|Strength Sap|p1a: Cinderace
|-unboost|p1a: Cinderace|atk|1
|-heal|p2a: Zesty Ahh LaMelo|100/100
|move|p1a: Cinderace|U-turn|p2a: Zesty Ahh LaMelo
|-damage|p2a: Zesty Ahh LaMelo|91/100
|-damage|p1a: Cinderace|62/100|[from] item: Rocky Helmet|[of] p2a: Zesty Ahh LaMelo
|
|t:|1776243782
|switch|p1a: Reuniclus|Reuniclus, F|100/100|[from] U-turn
|
|upkeep
|turn|7
|
|t:|1776243796
|switch|p2a: Churro Lover Luka|Coalossal, M, shiny|100/100
|move|p1a: Reuniclus|Psychic Noise|p2a: Churro Lover Luka
|-damage|p2a: Churro Lover Luka|53/100
|-start|p2a: Churro Lover Luka|move: Heal Block
|
|upkeep
|turn|8
|
|t:|1776243803
|move|p2a: Churro Lover Luka|Rapid Spin|p1a: Reuniclus
|-damage|p1a: Reuniclus|90/100
|-boost|p2a: Churro Lover Luka|spe|1
|-sideend|p2: Snurke|Stealth Rock|[from] move: Rapid Spin|[of] p2a: Churro Lover Luka
|move|p1a: Reuniclus|Focus Blast|p2a: Churro Lover Luka|[miss]
|-miss|p1a: Reuniclus|p2a: Churro Lover Luka
|
|-end|p2a: Churro Lover Luka|move: Heal Block
|upkeep
|turn|9
|
|t:|1776243821
|switch|p2a: Old Man James|Slowking, F, shiny|61/100
|move|p1a: Reuniclus|Focus Blast|p2a: Old Man James
|-resisted|p2a: Old Man James
|-damage|p2a: Old Man James|44/100
|
|-fieldend|move: Trick Room
|upkeep
|turn|10
|inactive|Snurke has 120 seconds left.
|
|t:|1776243844
|switch|p2a: Dray-Money Green|Kingambit, M, shiny|100/100
|move|p1a: Reuniclus|Shadow Ball|p2a: Dray-Money Green
|-resisted|p2a: Dray-Money Green
|-damage|p2a: Dray-Money Green|80/100
|
|-heal|p2a: Dray-Money Green|87/100|[from] item: Leftovers
|upkeep
|turn|11
|inactive|Snurke has 120 seconds left.
|
|t:|1776243850
|switch|p1a: Landorus|Landorus-Therian, M|55/100
|-ability|p1a: Landorus|Intimidate|boost
|-unboost|p2a: Dray-Money Green|atk|1
|move|p2a: Dray-Money Green|Kowtow Cleave|p1a: Landorus
|-damage|p1a: Landorus|25/100
|
|-heal|p1a: Landorus|31/100|[from] item: Leftovers
|-heal|p2a: Dray-Money Green|93/100|[from] item: Leftovers
|upkeep
|turn|12
|
|t:|1776243857
|-end|p2a: Dray-Money Green|fallenundefined|[silent]
|switch|p2a: Zesty Ahh LaMelo|Sinistcha, shiny|91/100
|move|p1a: Landorus|Stealth Rock|p2a: Zesty Ahh LaMelo
|-sidestart|p2: Snurke|move: Stealth Rock
|
|-heal|p1a: Landorus|37/100|[from] item: Leftovers
|upkeep
|turn|13
|
|t:|1776243867
|move|p1a: Landorus|Taunt|p2a: Zesty Ahh LaMelo
|-start|p2a: Zesty Ahh LaMelo|move: Taunt
|move|p2a: Zesty Ahh LaMelo|Matcha Gotcha|p1a: Landorus|[miss]
|-miss|p2a: Zesty Ahh LaMelo|p1a: Landorus
|
|-heal|p1a: Landorus|43/100|[from] item: Leftovers
|upkeep
|turn|14
|
|t:|1776243882
|switch|p1a: Cinderace|Cinderace, M|62/100
|move|p2a: Zesty Ahh LaMelo|Shadow Ball|p1a: Cinderace
|-damage|p1a: Cinderace|11/100
|-unboost|p1a: Cinderace|spd|1
|
|upkeep
|turn|15
|
|t:|1776243891
|move|p1a: Cinderace|Gunk Shot|p2a: Zesty Ahh LaMelo|[miss]
|-start|p1a: Cinderace|typechange|Poison|[from] ability: Libero
|-miss|p1a: Cinderace|p2a: Zesty Ahh LaMelo
|move|p2a: Zesty Ahh LaMelo|Shadow Ball|p1a: Cinderace
|-damage|p1a: Cinderace|0 fnt
|faint|p1a: Cinderace
|
|-end|p2a: Zesty Ahh LaMelo|move: Taunt
|upkeep
|
|t:|1776243895
|switch|p1a: Kingambit|Kingambit, F|100/100
|-activate|p1a: Kingambit|ability: Supreme Overlord
|-start|p1a: Kingambit|fallen1|[silent]
|turn|16
|
|t:|1776243917
|switch|p2a: Dray-Money Green|Kingambit, M, shiny|93/100
|-damage|p2a: Dray-Money Green|87/100|[from] Stealth Rock
|move|p1a: Kingambit|Swords Dance|p1a: Kingambit
|-boost|p1a: Kingambit|atk|2
|
|-heal|p2a: Dray-Money Green|93/100|[from] item: Leftovers
|upkeep
|turn|17
|
|t:|1776243927
|-end|p2a: Dray-Money Green|fallenundefined|[silent]
|switch|p2a: Churro Lover Luka|Coalossal, M, shiny|53/100
|-terastallize|p1a: Kingambit|Fairy
|move|p1a: Kingambit|Tera Blast|p2a: Churro Lover Luka|[anim] Tera Blast Fairy
|-resisted|p2a: Churro Lover Luka
|-damage|p2a: Churro Lover Luka|29/100
|
|upkeep
|turn|18
|
|t:|1776243935
|move|p1a: Kingambit|Kowtow Cleave|p2a: Churro Lover Luka
|-damage|p2a: Churro Lover Luka|0 fnt
|-status|p1a: Kingambit|brn|[from] ability: Flame Body|[of] p2a: Churro Lover Luka
|faint|p2a: Churro Lover Luka
|
|-damage|p1a: Kingambit|94/100 brn|[from] brn
|upkeep
|
|t:|1776243940
|switch|p2a: Zesty Ahh LaMelo|Sinistcha, shiny|91/100
|-damage|p2a: Zesty Ahh LaMelo|78/100|[from] Stealth Rock
|turn|19
|
|t:|1776243943
|move|p2a: Zesty Ahh LaMelo|Strength Sap|p1a: Kingambit
|-unboost|p1a: Kingambit|atk|1
|-heal|p2a: Zesty Ahh LaMelo|100/100
|move|p1a: Kingambit|Swords Dance|p1a: Kingambit
|-boost|p1a: Kingambit|atk|2
|
|-heal|p1a: Kingambit|100/100 brn|[from] item: Leftovers
|-damage|p1a: Kingambit|94/100 brn|[from] brn
|upkeep
|turn|20
|
|t:|1776243950
|move|p1a: Kingambit|Swords Dance|p1a: Kingambit
|-boost|p1a: Kingambit|atk|2
|move|p2a: Zesty Ahh LaMelo|Trick Room|p2a: Zesty Ahh LaMelo
|-fieldstart|move: Trick Room|[of] p2a: Zesty Ahh LaMelo
|
|-heal|p1a: Kingambit|100/100 brn|[from] item: Leftovers
|-damage|p1a: Kingambit|94/100 brn|[from] brn
|upkeep
|turn|21
|
|t:|1776243961
|move|p1a: Kingambit|Kowtow Cleave|p2a: Zesty Ahh LaMelo
|-supereffective|p2a: Zesty Ahh LaMelo
|-damage|p2a: Zesty Ahh LaMelo|0 fnt
|-damage|p1a: Kingambit|78/100 brn|[from] item: Rocky Helmet|[of] p2a: Zesty Ahh LaMelo
|faint|p2a: Zesty Ahh LaMelo
|
|-heal|p1a: Kingambit|84/100 brn|[from] item: Leftovers
|-damage|p1a: Kingambit|78/100 brn|[from] brn
|upkeep
|
|t:|1776243968
|switch|p2a: Dray-Money Green|Kingambit, M, shiny|93/100
|-damage|p2a: Dray-Money Green|87/100|[from] Stealth Rock
|-activate|p2a: Dray-Money Green|ability: Supreme Overlord
|-start|p2a: Dray-Money Green|fallen2|[silent]
|turn|22
|
|t:|1776243973
|move|p2a: Dray-Money Green|Iron Head|p1a: Kingambit
|-supereffective|p1a: Kingambit
|-damage|p1a: Kingambit|0 fnt
|faint|p1a: Kingambit
|-end|p1a: Kingambit|fallen1|[silent]
|
|-heal|p2a: Dray-Money Green|93/100|[from] item: Leftovers
|upkeep
|inactive|mantikarp2.0 has 120 seconds left.
|
|t:|1776244014
|switch|p1a: Reuniclus|Reuniclus, F|90/100
|turn|23
|inactive|mantikarp2.0 has 120 seconds left.
|
|t:|1776244025
|switch|p1a: Landorus|Landorus-Therian, M|43/100
|-ability|p1a: Landorus|Intimidate|boost
|-unboost|p2a: Dray-Money Green|atk|1
|-terastallize|p2a: Dray-Money Green|Fairy
|move|p2a: Dray-Money Green|Swords Dance|p2a: Dray-Money Green
|-boost|p2a: Dray-Money Green|atk|2
|
|-heal|p2a: Dray-Money Green|99/100|[from] item: Leftovers
|-heal|p1a: Landorus|49/100|[from] item: Leftovers
|upkeep
|turn|24
|inactive|mantikarp2.0 has 120 seconds left.
|
|t:|1776244043
|move|p2a: Dray-Money Green|Kowtow Cleave|p1a: Landorus
|-damage|p1a: Landorus|0 fnt
|faint|p1a: Landorus
|
|-heal|p2a: Dray-Money Green|100/100|[from] item: Leftovers
|-fieldend|move: Trick Room
|upkeep
|
|t:|1776244055
|switch|p1a: Ogerpon|Ogerpon-Wellspring, F|100/100
|turn|25
|
|t:|1776244065
|move|p1a: Ogerpon|Substitute|p1a: Ogerpon
|-start|p1a: Ogerpon|Substitute
|-damage|p1a: Ogerpon|76/100
|move|p2a: Dray-Money Green|Kowtow Cleave|p1a: Ogerpon
|-end|p1a: Ogerpon|Substitute
|
|upkeep
|turn|26
|inactive|mantikarp2.0 has 120 seconds left.
|
|t:|1776244070
|move|p1a: Ogerpon|Ivy Cudgel|p2a: Dray-Money Green|[anim] Ivy Cudgel Water
|-damage|p2a: Dray-Money Green|60/100
|move|p2a: Dray-Money Green|Kowtow Cleave|p1a: Ogerpon
|-damage|p1a: Ogerpon|0 fnt
|faint|p1a: Ogerpon
|
|-heal|p2a: Dray-Money Green|66/100|[from] item: Leftovers
|upkeep
|inactive|mantikarp2.0 has 120 seconds left.
|
|t:|1776244076
|switch|p1a: Iron Valiant|Iron Valiant|100/100
|-enditem|p1a: Iron Valiant|Booster Energy
|-activate|p1a: Iron Valiant|ability: Quark Drive|[fromitem]
|-start|p1a: Iron Valiant|quarkdrivespe
|turn|27
|
|t:|1776244091
|move|p1a: Iron Valiant|Encore|p2a: Dray-Money Green
|-start|p2a: Dray-Money Green|Encore
|move|p2a: Dray-Money Green|Kowtow Cleave|p1a: Iron Valiant
|-resisted|p1a: Iron Valiant
|-damage|p1a: Iron Valiant|72/100
|
|-heal|p2a: Dray-Money Green|72/100|[from] item: Leftovers
|upkeep
|turn|28
|
|t:|1776244099
|move|p1a: Iron Valiant|Moonblast|p2a: Dray-Money Green
|-damage|p2a: Dray-Money Green|24/100
|-unboost|p2a: Dray-Money Green|spa|1
|move|p2a: Dray-Money Green|Kowtow Cleave|p1a: Iron Valiant
|-resisted|p1a: Iron Valiant
|-damage|p1a: Iron Valiant|42/100
|
|-heal|p2a: Dray-Money Green|31/100|[from] item: Leftovers
|upkeep
|turn|29
|
|t:|1776244104
|-end|p2a: Dray-Money Green|fallen2|[silent]
|switch|p2a: Old Man James|Slowking, F, shiny|77/100
|-damage|p2a: Old Man James|65/100|[from] Stealth Rock
|move|p1a: Iron Valiant|Moonblast|p2a: Old Man James
|-damage|p2a: Old Man James|38/100
|
|upkeep
|turn|30
|
|t:|1776244116
|move|p1a: Iron Valiant|Knock Off|p2a: Old Man James
|-supereffective|p2a: Old Man James
|-enditem|p2a: Old Man James|Colbur Berry|[eat]
|-enditem|p2a: Old Man James|Colbur Berry|[weaken]
|-damage|p2a: Old Man James|8/100
|-prepare|p2a: Old Man James|Chilly Reception|[premajor]
|move|p2a: Old Man James|Chilly Reception|p2a: Old Man James
|-weather|Snowscape
|
|t:|1776244120
|switch|p2a: Nikola's Home|Glastrier|100/100|[from] Chilly Reception
|-damage|p2a: Nikola's Home|76/100|[from] Stealth Rock
|
|-weather|Snowscape|[upkeep]
|upkeep
|turn|31
|
|t:|1776244128
|move|p1a: Iron Valiant|Moonblast|p2a: Nikola's Home
|-damage|p2a: Nikola's Home|42/100
|move|p2a: Nikola's Home|Icicle Crash|p1a: Iron Valiant
|-damage|p1a: Iron Valiant|0 fnt
|faint|p1a: Iron Valiant
|-end|p1a: Iron Valiant|Quark Drive|[silent]
|-ability|p2a: Nikola's Home|Chilling Neigh|boost
|-boost|p2a: Nikola's Home|atk|1
|
|-weather|Snowscape|[upkeep]
|upkeep
|
|t:|1776244133
|switch|p1a: Reuniclus|Reuniclus, F|90/100
|turn|32
|
|t:|1776244138
|move|p2a: Nikola's Home|Icicle Crash|p1a: Reuniclus
|-damage|p1a: Reuniclus|9/100
|cant|p1a: Reuniclus|flinch
|
|-weather|Snowscape|[upkeep]
|upkeep
|turn|33
|-message|mantikarp2.0 forfeited.
|
|win|Snurke
|raw|mantikarp2.0's rating: 1533 &rarr; <strong>1514</strong><br />(-19 for losing)
|raw|Snurke's rating: 1552 &rarr; <strong>1571</strong><br />(+19 for winning)
|l|‽mantikarp2.0
|player|p1|
