|html|<div class="broadcast-blue"><strong>[Gen 9] OU is currently suspecting Tera Blast! For information on how to participate check out the <a href="https://www.smogon.com/tools/suspects/view/200">suspect thread</a>.</strong></div>
|j|☆me destroy you 15
|j|☆mayormccheese78
|t:|1776086191
|gametype|singles
|player|p1|me destroy you 15|flint|1080
|player|p2|mayormccheese78|170|1103
|gen|9
|tier|[Gen 9] OU
|rated|
|rule|HP Percentage Mod: HP is shown in percentages
|rule|Endless Battle Clause: Forcing endless battles is banned
|rule|Species Clause: Limit one of each Pokémon
|rule|OHKO Clause: OHKO moves are banned
|rule|Evasion Items Clause: Evasion items are banned
|rule|Evasion Moves Clause: Evasion moves are banned
|rule|Evasion Abilities Clause: Evasion abilities are banned
|rule|Sleep Moves Clause: Sleep-inducing moves are banned
|clearpoke
|poke|p1|Blastoise, M|
|poke|p1|Charizard, M|
|poke|p1|Vileplume, F|
|poke|p1|Forretress, M|
|poke|p1|Gengar, F|
|poke|p1|Electivire, M|
|poke|p2|Heatran, M|
|poke|p2|Rillaboom, M|
|poke|p2|Primarina, F|
|poke|p2|Raging Bolt|
|poke|p2|Great Tusk|
|poke|p2|Hatterene, F|
|teampreview
|inactive|Battle timer is ON: inactive players will automatically lose when time's up. (requested by me destroy you 15)
|
|t:|1776086199
|teamsize|p1|6
|teamsize|p2|6
|start
|switch|p1a: Vileplume|Vileplume, F|100/100
|switch|p2a: Heatran|Heatran, M|100/100
|turn|1
|
|t:|1776086205
|move|p2a: Heatran|Magma Storm|p1a: Vileplume
|-supereffective|p1a: Vileplume
|-damage|p1a: Vileplume|0 fnt
|faint|p1a: Vileplume
|
|upkeep
|
|t:|1776086210
|switch|p1a: Charizard|Charizard, M|100/100
|turn|2
|
|t:|1776086217
|move|p1a: Charizard|Focus Blast|p2a: Heatran
|-supereffective|p2a: Heatran
|-damage|p2a: Heatran|32/100
|-unboost|p2a: Heatran|spd|1
|move|p2a: Heatran|Taunt|p1a: Charizard
|-start|p1a: Charizard|move: Taunt
|
|-heal|p2a: Heatran|39/100|[from] item: Leftovers
|upkeep
|turn|3
|
|t:|1776086228
|move|p1a: Charizard|Air Slash|p2a: Heatran
|-resisted|p2a: Heatran
|-damage|p2a: Heatran|11/100
|cant|p2a: Heatran|flinch
|
|-heal|p2a: Heatran|18/100|[from] item: Leftovers
|upkeep
|turn|4
|
|t:|1776086236
|move|p1a: Charizard|Air Slash|p2a: Heatran
|-resisted|p2a: Heatran
|-damage|p2a: Heatran|0 fnt
|faint|p2a: Heatran
|
|upkeep
|
|t:|1776086245
|switch|p2a: Raging Bolt|Raging Bolt|100/100
|-enditem|p2a: Raging Bolt|Booster Energy
|-activate|p2a: Raging Bolt|ability: Protosynthesis|[fromitem]
|-start|p2a: Raging Bolt|protosynthesisspa
|turn|5
|
|t:|1776086252
|switch|p1a: Electivire|Electivire, M|100/100
|move|p2a: Raging Bolt|Thunderclap||[still]
|-fail|p2a: Raging Bolt
|
|upkeep
|turn|6
|
|t:|1776086260
|move|p1a: Electivire|Ice Punch|p2a: Raging Bolt
|-supereffective|p2a: Raging Bolt
|-damage|p2a: Raging Bolt|36/100
|-damage|p1a: Electivire|91/100|[from] item: Life Orb
|move|p2a: Raging Bolt|Calm Mind|p2a: Raging Bolt
|-boost|p2a: Raging Bolt|spa|1
|-boost|p2a: Raging Bolt|spd|1
|
|upkeep
|turn|7
|
|t:|1776086268
|move|p1a: Electivire|Ice Punch|p2a: Raging Bolt
|-supereffective|p2a: Raging Bolt
|-damage|p2a: Raging Bolt|0 fnt
|faint|p2a: Raging Bolt
|-end|p2a: Raging Bolt|Protosynthesis|[silent]
|-damage|p1a: Electivire|81/100|[from] item: Life Orb
|
|upkeep
|
|t:|1776086273
|switch|p2a: Poop Stripe|Great Tusk, shiny|100/100
|turn|8
|
|t:|1776086278
|switch|p1a: Charizard|Charizard, M|100/100
|move|p2a: Poop Stripe|Headlong Rush|p1a: Charizard
|-immune|p1a: Charizard
|
|upkeep
|turn|9
|
|t:|1776086285
|move|p1a: Charizard|Air Slash|p2a: Poop Stripe
|-supereffective|p2a: Poop Stripe
|-crit|p2a: Poop Stripe
|-damage|p2a: Poop Stripe|0 fnt
|faint|p2a: Poop Stripe
|-end|p2a: Poop Stripe|Protosynthesis|[silent]
|
|upkeep
|-message|mayormccheese78 forfeited.
|
|win|me destroy you 15
|raw|me destroy you 15's rating: 1080 &rarr; <strong>1110</strong><br />(+30 for winning)
|raw|mayormccheese78's rating: 1103 &rarr; <strong>1076</strong><br />(-27 for losing)
|l|☆mayormccheese78
|player|p2|
|l|☆me destroy you 15
|player|p1|
