|html|<div class="broadcast-blue"><strong>[Gen 9] OU is currently suspecting Tera Blast! For information on how to participate check out the <a href="https://www.smogon.com/tools/suspects/view/200">suspect thread</a>.</strong></div>
|j|☆cozyclown
|j|☆TrashmanJonny
|t:|1776213875
|gametype|singles
|player|p1|cozyclown|unknown|1223
|player|p2|TrashmanJonny|giovanni|1208
|gen|9
|tier|[Gen 9] OU
|rated|
|rule|HP Percentage Mod: HP is shown in percentages
|rule|Endless Battle Clause: Forcing endless battles is banned
|rule|Species Clause: Limit one of each Pokémon
|rule|OHKO Clause: OHKO moves are banned
|rule|Evasion Items Clause: Evasion items are banned
|rule|Evasion Moves Clause: Evasion moves are banned
|rule|Evasion Abilities Clause: Evasion abilities are banned
|rule|Sleep Moves Clause: Sleep-inducing moves are banned
|clearpoke
|poke|p1|Ting-Lu|
|poke|p1|Heatran, F|
|poke|p1|Dragapult, F|
|poke|p1|Zamazenta-*|
|poke|p1|Raging Bolt|
|poke|p1|Great Tusk|
|poke|p2|Dragapult, F|
|poke|p2|Ogerpon-Wellspring, F|
|poke|p2|Gliscor, M|
|poke|p2|Great Tusk|
|poke|p2|Heatran, M|
|poke|p2|Slowking-Galar, F|
|teampreview
|inactive|Battle timer is ON: inactive players will automatically lose when time's up. (requested by cozyclown)
|j| ohko_smeargle
|
|t:|1776213879
|teamsize|p1|6
|teamsize|p2|6
|start
|switch|p1a: Tingaling|Ting-Lu, shiny|100/100
|switch|p2a: Dragapult|Dragapult, F|100/100
|-ability|p1a: Tingaling|Vessel of Ruin
|turn|1
|
|t:|1776213892
|move|p2a: Dragapult|U-turn|p1a: Tingaling
|-supereffective|p1a: Tingaling
|-damage|p1a: Tingaling|86/100
|
|t:|1776213895
|switch|p2a: Ogerpon|Ogerpon-Wellspring, F|100/100|[from] U-turn
|move|p1a: Tingaling|Earthquake|p2a: Ogerpon
|-resisted|p2a: Ogerpon
|-damage|p2a: Ogerpon|75/100
|
|-heal|p1a: Tingaling|92/100|[from] item: Leftovers
|upkeep
|turn|2
|
|t:|1776213910
|switch|p1a: Raging Bolt|Raging Bolt|100/100
|move|p2a: Ogerpon|Ivy Cudgel|p1a: Raging Bolt|[anim] Ivy Cudgel Water
|-resisted|p1a: Raging Bolt
|-damage|p1a: Raging Bolt|74/100
|
|-heal|p1a: Raging Bolt|81/100|[from] item: Leftovers
|upkeep
|turn|3
|
|t:|1776213925
|switch|p2a: Slowking|Slowking-Galar, F|100/100
|move|p1a: Raging Bolt|Thunder|p2a: Slowking|[miss]
|-miss|p1a: Raging Bolt|p2a: Slowking
|
|-heal|p1a: Raging Bolt|87/100|[from] item: Leftovers
|upkeep
|turn|4
|
|t:|1776213935
|-end|p1a: Raging Bolt|Protosynthesis|[silent]
|switch|p1a: Air fryer|Heatran, F, shiny|100/100
|move|p2a: Slowking|Future Sight|p1a: Air fryer
|-start|p2a: Slowking|move: Future Sight
|
|upkeep
|turn|5
|
|t:|1776213949
|switch|p2a: Great Tusk|Great Tusk|100/100
|move|p1a: Air fryer|Lava Plume|p2a: Great Tusk
|-damage|p2a: Great Tusk|57/100
|
|upkeep
|turn|6
|
|t:|1776213958
|switch|p1a: Tingaling|Ting-Lu, shiny|92/100
|-ability|p1a: Tingaling|Vessel of Ruin
|move|p2a: Great Tusk|Headlong Rush|p1a: Tingaling
|-damage|p1a: Tingaling|70/100
|-unboost|p2a: Great Tusk|def|1
|-unboost|p2a: Great Tusk|spd|1
|
|-end|p1a: Tingaling|move: Future Sight
|-immune|p1a: Tingaling
|-heal|p1a: Tingaling|77/100|[from] item: Leftovers
|upkeep
|turn|7
|
|t:|1776213980
|-end|p2a: Great Tusk|Protosynthesis|[silent]
|switch|p2a: Gliscor|Gliscor, M|100/100
|move|p1a: Tingaling|Earthquake|p2a: Gliscor
|-immune|p2a: Gliscor
|
|-heal|p1a: Tingaling|83/100|[from] item: Leftovers
|-status|p2a: Gliscor|tox|[from] item: Toxic Orb
|upkeep
|turn|8
|
|t:|1776213990
|move|p2a: Gliscor|Spikes|p1a: Tingaling
|-sidestart|p1: cozyclown|Spikes
|move|p1a: Tingaling|Stealth Rock|p2a: Gliscor
|-sidestart|p2: TrashmanJonny|move: Stealth Rock
|
|-heal|p1a: Tingaling|89/100|[from] item: Leftovers
|upkeep
|turn|9
|
|t:|1776213999
|move|p2a: Gliscor|Spikes|p1a: Tingaling
|-sidestart|p1: cozyclown|Spikes
|move|p1a: Tingaling|Ruination|p2a: Gliscor
|-damage|p2a: Gliscor|50/100 tox
|
|-heal|p1a: Tingaling|95/100|[from] item: Leftovers
|-heal|p2a: Gliscor|63/100 tox|[from] ability: Poison Heal
|upkeep
|turn|10
|
|t:|1776214009
|switch|p1a: Big T|Great Tusk|100/100
|-damage|p1a: Big T|84/100|[from] Spikes
|move|p2a: Gliscor|Knock Off|p1a: Big T
|-resisted|p1a: Big T
|-damage|p1a: Big T|79/100
|-enditem|p1a: Big T|Leftovers|[from] move: Knock Off|[of] p2a: Gliscor
|
|-heal|p2a: Gliscor|75/100 tox|[from] ability: Poison Heal
|upkeep
|turn|11
|
|t:|1776214021
|move|p2a: Gliscor|Protect|p2a: Gliscor
|-singleturn|p2a: Gliscor|Protect
|move|p1a: Big T|Rapid Spin|p2a: Gliscor
|-activate|p2a: Gliscor|move: Protect
|
|-heal|p2a: Gliscor|88/100 tox|[from] ability: Poison Heal
|upkeep
|turn|12
|
|t:|1776214029
|switch|p2a: Dragapult|Dragapult, F|100/100
|-damage|p2a: Dragapult|88/100|[from] Stealth Rock
|move|p1a: Big T|Rapid Spin|p2a: Dragapult
|-immune|p2a: Dragapult
|
|upkeep
|turn|13
|
|t:|1776214040
|-end|p1a: Big T|Protosynthesis|[silent]
|switch|p1a: Tingaling|Ting-Lu, shiny|95/100
|-damage|p1a: Tingaling|79/100|[from] Spikes
|-ability|p1a: Tingaling|Vessel of Ruin
|move|p2a: Dragapult|Draco Meteor|p1a: Tingaling|[miss]
|-miss|p2a: Dragapult|p1a: Tingaling
|
|-heal|p1a: Tingaling|85/100|[from] item: Leftovers
|upkeep
|turn|14
|
|t:|1776214051
|switch|p2a: Gliscor|Gliscor, M|88/100 tox
|-damage|p2a: Gliscor|75/100 tox|[from] Stealth Rock
|move|p1a: Tingaling|Earthquake|p2a: Gliscor
|-immune|p2a: Gliscor
|
|-heal|p1a: Tingaling|91/100|[from] item: Leftovers
|-heal|p2a: Gliscor|88/100 tox|[from] ability: Poison Heal
|upkeep
|turn|15
|
|t:|1776214063
|switch|p1a: Big T|Great Tusk|79/100
|-damage|p1a: Big T|62/100|[from] Spikes
|move|p2a: Gliscor|Knock Off|p1a: Big T
|-resisted|p1a: Big T
|-damage|p1a: Big T|59/100
|
|-heal|p2a: Gliscor|100/100 tox|[from] ability: Poison Heal
|upkeep
|turn|16
|
|t:|1776214073
|move|p2a: Gliscor|Protect|p2a: Gliscor
|-singleturn|p2a: Gliscor|Protect
|move|p1a: Big T|Knock Off|p2a: Gliscor
|-activate|p2a: Gliscor|move: Protect
|
|upkeep
|turn|17
|
|t:|1776214084
|switch|p2a: Slowking|Slowking-Galar, F|100/100
|move|p1a: Big T|Knock Off|p2a: Slowking
|-supereffective|p2a: Slowking
|-damage|p2a: Slowking|38/100
|-enditem|p2a: Slowking|Heavy-Duty Boots|[from] move: Knock Off|[of] p1a: Big T
|
|upkeep
|turn|18
|
|t:|1776214092
|move|p1a: Big T|Rapid Spin|p2a: Slowking
|-damage|p2a: Slowking|23/100
|-boost|p1a: Big T|spe|1
|-sideend|p1: cozyclown|Spikes|[from] move: Rapid Spin|[of] p1a: Big T
|move|p2a: Slowking|Future Sight|p1a: Big T
|-start|p2a: Slowking|move: Future Sight
|
|upkeep
|turn|19
|
|t:|1776214099
|move|p1a: Big T|Knock Off|p2a: Slowking
|-supereffective|p2a: Slowking
|-damage|p2a: Slowking|0 fnt
|faint|p2a: Slowking
|
|upkeep
|
|t:|1776214105
|switch|p2a: Gliscor|Gliscor, M|100/100 tox
|-damage|p2a: Gliscor|88/100 tox|[from] Stealth Rock
|turn|20
|
|t:|1776214115
|move|p2a: Gliscor|Protect|p2a: Gliscor
|-singleturn|p2a: Gliscor|Protect
|move|p1a: Big T|Knock Off|p2a: Gliscor
|-activate|p2a: Gliscor|move: Protect
|
|-end|p1a: Big T|move: Future Sight
|-supereffective|p1a: Big T
|-damage|p1a: Big T|0 fnt
|faint|p1a: Big T
|-end|p1a: Big T|Protosynthesis|[silent]
|-heal|p2a: Gliscor|100/100 tox|[from] ability: Poison Heal
|upkeep
|
|t:|1776214129
|switch|p1a: snipa dragon|Dragapult, F|100/100
|turn|21
|
|t:|1776214138
|move|p1a: snipa dragon|Hex|p2a: Gliscor
|-damage|p2a: Gliscor|32/100 tox
|move|p2a: Gliscor|Knock Off|p1a: snipa dragon
|-supereffective|p1a: snipa dragon
|-damage|p1a: snipa dragon|43/100
|-enditem|p1a: snipa dragon|Choice Specs|[from] move: Knock Off|[of] p2a: Gliscor
|
|-heal|p2a: Gliscor|45/100 tox|[from] ability: Poison Heal
|upkeep
|turn|22
|
|t:|1776214148
|move|p2a: Gliscor|Protect|p2a: Gliscor
|-singleturn|p2a: Gliscor|Protect
|move|p1a: snipa dragon|Hex|p2a: Gliscor
|-activate|p2a: Gliscor|move: Protect
|
|-heal|p2a: Gliscor|57/100 tox|[from] ability: Poison Heal
|upkeep
|turn|23
|
|t:|1776214160
|switch|p2a: Heatran|Heatran, M|100/100
|-damage|p2a: Heatran|88/100|[from] Stealth Rock
|move|p1a: snipa dragon|Hex|p2a: Heatran
|-damage|p2a: Heatran|71/100
|
|-heal|p2a: Heatran|78/100|[from] item: Leftovers
|upkeep
|turn|24
|
|t:|1776214175
|switch|p1a: Tingaling|Ting-Lu, shiny|91/100
|-ability|p1a: Tingaling|Vessel of Ruin
|move|p2a: Heatran|Earth Power|p1a: Tingaling
|-damage|p1a: Tingaling|75/100
|
|-heal|p2a: Heatran|84/100|[from] item: Leftovers
|-heal|p1a: Tingaling|81/100|[from] item: Leftovers
|upkeep
|turn|25
|
|t:|1776214185
|switch|p2a: Gliscor|Gliscor, M|57/100 tox
|-damage|p2a: Gliscor|45/100 tox|[from] Stealth Rock
|move|p1a: Tingaling|Earthquake|p2a: Gliscor
|-immune|p2a: Gliscor
|
|-heal|p1a: Tingaling|88/100|[from] item: Leftovers
|-heal|p2a: Gliscor|57/100 tox|[from] ability: Poison Heal
|upkeep
|turn|26
|
|t:|1776214199
|move|p2a: Gliscor|Knock Off|p1a: Tingaling
|-resisted|p1a: Tingaling
|-damage|p1a: Tingaling|84/100
|-enditem|p1a: Tingaling|Leftovers|[from] move: Knock Off|[of] p2a: Gliscor
|move|p1a: Tingaling|Ruination|p2a: Gliscor
|-damage|p2a: Gliscor|29/100 tox
|
|-heal|p2a: Gliscor|41/100 tox|[from] ability: Poison Heal
|upkeep
|turn|27
|
|t:|1776214215
|move|p2a: Gliscor|Spikes|p1a: Tingaling
|-sidestart|p1: cozyclown|Spikes
|move|p1a: Tingaling|Whirlwind|p2a: Gliscor
|drag|p2a: Great Tusk|Great Tusk|57/100
|-damage|p2a: Great Tusk|54/100|[from] Stealth Rock
|
|upkeep
|turn|28
|
|t:|1776214224
|-terastallize|p2a: Great Tusk|Water
|move|p2a: Great Tusk|Rapid Spin|p1a: Tingaling
|-damage|p1a: Tingaling|78/100
|-boost|p2a: Great Tusk|spe|1
|-sideend|p2: TrashmanJonny|Stealth Rock|[from] move: Rapid Spin|[of] p2a: Great Tusk
|move|p1a: Tingaling|Earthquake|p2a: Great Tusk
|-damage|p2a: Great Tusk|32/100
|
|upkeep
|turn|29
|
|t:|1776214235
|move|p2a: Great Tusk|Ice Spinner|p1a: Tingaling
|-supereffective|p1a: Tingaling
|-damage|p1a: Tingaling|58/100
|move|p1a: Tingaling|Earthquake|p2a: Great Tusk
|-damage|p2a: Great Tusk|7/100
|
|upkeep
|turn|30
|
|t:|1776214245
|-end|p2a: Great Tusk|Protosynthesis|[silent]
|switch|p2a: Dragapult|Dragapult, F|88/100
|move|p1a: Tingaling|Earthquake|p2a: Dragapult
|-damage|p2a: Dragapult|39/100
|
|upkeep
|turn|31
|
|t:|1776214252
|move|p2a: Dragapult|Draco Meteor|p1a: Tingaling
|-damage|p1a: Tingaling|7/100
|-unboost|p2a: Dragapult|spa|2
|move|p1a: Tingaling|Earthquake|p2a: Dragapult
|-damage|p2a: Dragapult|0 fnt
|faint|p2a: Dragapult
|
|upkeep
|
|t:|1776214260
|switch|p2a: Ogerpon|Ogerpon-Wellspring, F|75/100
|turn|32
|
|t:|1776214266
|switch|p1a: Raging Bolt|Raging Bolt|87/100
|-damage|p1a: Raging Bolt|74/100|[from] Spikes
|move|p2a: Ogerpon|Ivy Cudgel|p1a: Raging Bolt|[anim] Ivy Cudgel Water
|-resisted|p1a: Raging Bolt
|-damage|p1a: Raging Bolt|49/100
|
|-heal|p1a: Raging Bolt|55/100|[from] item: Leftovers
|upkeep
|turn|33
|
|t:|1776214276
|switch|p2a: Gliscor|Gliscor, M|41/100 tox
|move|p1a: Raging Bolt|Thunder|p2a: Gliscor
|-immune|p2a: Gliscor
|
|-heal|p1a: Raging Bolt|61/100|[from] item: Leftovers
|-heal|p2a: Gliscor|54/100 tox|[from] ability: Poison Heal
|upkeep
|turn|34
|
|t:|1776214286
|move|p2a: Gliscor|Knock Off|p1a: Raging Bolt
|-damage|p1a: Raging Bolt|42/100
|-enditem|p1a: Raging Bolt|Leftovers|[from] move: Knock Off|[of] p2a: Gliscor
|move|p1a: Raging Bolt|Draco Meteor|p2a: Gliscor
|-damage|p2a: Gliscor|0 fnt
|-unboost|p1a: Raging Bolt|spa|2
|faint|p2a: Gliscor
|
|upkeep
|
|t:|1776214298
|switch|p2a: Heatran|Heatran, M|84/100
|turn|35
|c|☆cozyclown|There we go
|
|t:|1776214306
|-end|p1a: Raging Bolt|Protosynthesis|[silent]
|switch|p1a: Tingaling|Ting-Lu, shiny|7/100
|-damage|p1a: Tingaling|0 fnt|[from] Spikes
|faint|p1a: Tingaling
|move|p2a: Heatran|Earth Power|p1: Tingaling|[notarget]
|-fail|p2a: Heatran
|
|-heal|p2a: Heatran|90/100|[from] item: Leftovers
|upkeep
|
|t:|1776214319
|switch|p1a: Air fryer|Heatran, F, shiny|100/100
|-damage|p1a: Air fryer|88/100|[from] Spikes
|turn|36
|
|t:|1776214323
|move|p2a: Heatran|Earth Power|p1a: Air fryer
|-supereffective|p1a: Air fryer
|-damage|p1a: Air fryer|20/100
|move|p1a: Air fryer|Earth Power|p2a: Heatran
|-supereffective|p2a: Heatran
|-damage|p2a: Heatran|20/100
|
|-heal|p2a: Heatran|26/100|[from] item: Leftovers
|-heal|p1a: Air fryer|26/100|[from] item: Leftovers
|upkeep
|turn|37
|
|t:|1776214333
|move|p1a: Air fryer|Protect|p1a: Air fryer
|-singleturn|p1a: Air fryer|Protect
|move|p2a: Heatran|Earth Power|p1a: Air fryer
|-activate|p1a: Air fryer|move: Protect
|
|-heal|p2a: Heatran|32/100|[from] item: Leftovers
|-heal|p1a: Air fryer|32/100|[from] item: Leftovers
|upkeep
|turn|38
|
|t:|1776214343
|move|p2a: Heatran|Earth Power|p1a: Air fryer
|-supereffective|p1a: Air fryer
|-damage|p1a: Air fryer|0 fnt
|faint|p1a: Air fryer
|
|-heal|p2a: Heatran|38/100|[from] item: Leftovers
|upkeep
|
|t:|1776214351
|switch|p1a: snipa dragon|Dragapult, F|43/100
|-damage|p1a: snipa dragon|30/100|[from] Spikes
|turn|39
|
|t:|1776214361
|move|p1a: snipa dragon|Shadow Ball|p2a: Heatran
|-damage|p2a: Heatran|15/100
|-unboost|p2a: Heatran|spd|1
|move|p2a: Heatran|Earth Power|p1a: snipa dragon
|-damage|p1a: snipa dragon|0 fnt
|faint|p1a: snipa dragon
|
|-heal|p2a: Heatran|21/100|[from] item: Leftovers
|upkeep
|
|t:|1776214372
|switch|p1a: Raging Bolt|Raging Bolt|42/100
|-damage|p1a: Raging Bolt|30/100|[from] Spikes
|turn|40
|
|t:|1776214378
|switch|p2a: Great Tusk|Great Tusk, tera:Water|7/100
|move|p1a: Raging Bolt|Draco Meteor|p2a: Great Tusk
|-damage|p2a: Great Tusk|0 fnt
|-unboost|p1a: Raging Bolt|spa|2
|faint|p2a: Great Tusk
|-end|p2a: Great Tusk|Protosynthesis|[silent]
|
|upkeep
|
|t:|1776214389
|switch|p2a: Heatran|Heatran, M|21/100
|turn|41
|
|t:|1776214392
|move|p2a: Heatran|Earth Power|p1a: Raging Bolt
|-supereffective|p1a: Raging Bolt
|-damage|p1a: Raging Bolt|0 fnt
|faint|p1a: Raging Bolt
|-end|p1a: Raging Bolt|Protosynthesis|[silent]
|
|-heal|p2a: Heatran|27/100|[from] item: Leftovers
|upkeep
|
|t:|1776214400
|switch|p1a: Big Z|Zamazenta|100/100
|-damage|p1a: Big Z|88/100|[from] Spikes
|-ability|p1a: Big Z|Dauntless Shield|boost
|-boost|p1a: Big Z|def|1
|turn|42
|
|t:|1776214408
|move|p1a: Big Z|Body Press|p2a: Heatran
|-supereffective|p2a: Heatran
|-damage|p2a: Heatran|0 fnt
|faint|p2a: Heatran
|
|-heal|p1a: Big Z|94/100|[from] item: Leftovers
|upkeep
|
|t:|1776214413
|switch|p2a: Ogerpon|Ogerpon-Wellspring, F|75/100
|turn|43
|
|t:|1776214419
|move|p1a: Big Z|Iron Defense|p1a: Big Z
|-boost|p1a: Big Z|def|2
|move|p2a: Ogerpon|Play Rough|p1a: Big Z
|-supereffective|p1a: Big Z
|-damage|p1a: Big Z|74/100
|
|-heal|p1a: Big Z|80/100|[from] item: Leftovers
|upkeep
|turn|44
|-message|TrashmanJonny forfeited.
|
|win|cozyclown
|raw|cozyclown's rating: 1223 &rarr; <strong>1247</strong><br />(+24 for winning)
|raw|TrashmanJonny's rating: 1208 &rarr; <strong>1184</strong><br />(-24 for losing)
|l|☆TrashmanJonny
|player|p2|
|l| ohko_smeargle
|c|☆cozyclown|Gg
