|html|<div class="broadcast-blue"><strong>[Gen 9] OU is currently suspecting Volcarona! For information on how to participate check out the <a href="https://www.smogon.com/tools/suspects/view/208">suspect thread</a>.</strong></div>
|j|☆mynoble
|j|☆nettspned
|t:|1778502430
|gametype|singles
|player|p1|mynoble|scientist|1189
|player|p2|nettspned|265|1211
|gen|9
|tier|[Gen 9] OU
|rated|
|rule|HP Percentage Mod: HP is shown in percentages
|rule|Endless Battle Clause: Forcing endless battles is banned
|rule|Species Clause: Limit one of each Pokémon
|rule|OHKO Clause: OHKO moves are banned
|rule|Evasion Items Clause: Evasion items are banned
|rule|Evasion Moves Clause: Evasion moves are banned
|rule|Evasion Abilities Clause: Evasion abilities are banned
|rule|Sleep Moves Clause: Sleep-inducing moves are banned
|clearpoke
|poke|p1|Muk, M|
|poke|p1|Arcanine-Hisui, F|
|poke|p1|Metagross|
|poke|p1|Scizor, M|
|poke|p1|Quagsire, M|
|poke|p1|Vaporeon, F|
|poke|p2|Darkrai|
|poke|p2|Garchomp, M|
|poke|p2|Alomomola, F|
|poke|p2|Corviknight, F|
|poke|p2|Weezing-Galar, F|
|poke|p2|Ogerpon, F|
|teampreview
|inactive|Battle timer is ON: inactive players will automatically lose when time's up. (requested by mynoble)
|
|t:|1778502460
|teamsize|p1|6
|teamsize|p2|6
|start
|switch|p1a: Quagsire|Quagsire, M|100/100
|switch|p2a: Garchomp|Garchomp, M|100/100
|turn|1
|
|t:|1778502471
|move|p2a: Garchomp|Stealth Rock|p1a: Quagsire
|-sidestart|p1: mynoble|move: Stealth Rock
|move|p1a: Quagsire|Toxic|p2a: Garchomp
|-status|p2a: Garchomp|tox
|
|-damage|p2a: Garchomp|94/100 tox|[from] psn
|upkeep
|turn|2
|
|t:|1778502480
|move|p1a: Quagsire|Protect|p1a: Quagsire
|-singleturn|p1a: Quagsire|Protect
|move|p2a: Garchomp|Dragon Tail|p1a: Quagsire
|-activate|p1a: Quagsire|move: Protect
|
|-damage|p2a: Garchomp|82/100 tox|[from] psn
|upkeep
|turn|3
|
|t:|1778502487
|move|p1a: Quagsire|Stealth Rock|p2a: Garchomp
|-sidestart|p2: nettspned|move: Stealth Rock
|move|p2a: Garchomp|Dragon Tail|p1a: Quagsire
|-damage|p1a: Quagsire|81/100
|drag|p1a: Muk|Muk, M|100/100
|-damage|p1a: Muk|88/100|[from] Stealth Rock
|
|-heal|p1a: Muk|94/100|[from] item: Leftovers
|-damage|p2a: Garchomp|63/100 tox|[from] psn
|upkeep
|turn|4
|
|t:|1778502497
|switch|p2a: Corviknight|Corviknight, F|100/100
|-damage|p2a: Corviknight|88/100|[from] Stealth Rock
|-ability|p2a: Corviknight|Pressure
|move|p1a: Muk|Protect||[still]
|-fail|p1a: Muk
|
|-heal|p2a: Corviknight|94/100|[from] item: Leftovers
|-heal|p1a: Muk|99/100|[from] item: Leftovers
|upkeep
|turn|5
|
|t:|1778502507
|move|p2a: Corviknight|Defog|p1a: Muk
|-unboost|p1a: Muk|evasion|1
|-sideend|p1: mynoble|Stealth Rock|[from] move: Defog|[of] p2a: Corviknight
|-sideend|p2: nettspned|Stealth Rock|[from] move: Defog|[of] p2a: Corviknight
|move|p1a: Muk|Flamethrower|p2a: Corviknight
|-supereffective|p2a: Corviknight
|-damage|p2a: Corviknight|74/100
|
|-heal|p2a: Corviknight|80/100|[from] item: Leftovers
|-heal|p1a: Muk|100/100|[from] item: Leftovers
|upkeep
|turn|6
|
|t:|1778502521
|move|p2a: Corviknight|U-turn|p1a: Muk
|-resisted|p1a: Muk
|-crit|p1a: Muk
|-damage|p1a: Muk|89/100
|
|t:|1778502525
|switch|p2a: Alomomola|Alomomola, F|100/100|[from] U-turn
|move|p1a: Muk|Flamethrower|p2a: Alomomola
|-resisted|p2a: Alomomola
|-damage|p2a: Alomomola|97/100
|
|-heal|p1a: Muk|95/100|[from] item: Leftovers
|upkeep
|turn|7
|
|t:|1778502535
|move|p1a: Muk|Toxic|p2a: Alomomola
|-status|p2a: Alomomola|tox
|move|p2a: Alomomola|Body Slam|p1a: Muk
|-damage|p1a: Muk|80/100
|
|-heal|p1a: Muk|86/100|[from] item: Leftovers
|-damage|p2a: Alomomola|91/100 tox|[from] psn
|upkeep
|turn|8
|
|t:|1778502561
|move|p1a: Muk|Protect|p1a: Muk
|-singleturn|p1a: Muk|Protect
|move|p2a: Alomomola|Body Slam|p1a: Muk
|-activate|p1a: Muk|move: Protect
|
|-heal|p1a: Muk|92/100|[from] item: Leftovers
|-damage|p2a: Alomomola|78/100 tox|[from] psn
|upkeep
|turn|9
|
|t:|1778502574
|move|p1a: Muk|Acid Armor|p1a: Muk
|-boost|p1a: Muk|def|2
|move|p2a: Alomomola|Flip Turn|p1a: Muk
|-damage|p1a: Muk|83/100
|
|t:|1778502579
|switch|p2a: Ogerpon|Ogerpon, F|100/100|[from] Flip Turn
|
|-heal|p1a: Muk|89/100|[from] item: Leftovers
|upkeep
|turn|10
|
|t:|1778502586
|move|p2a: Ogerpon|Encore|p1a: Muk
|-start|p1a: Muk|Encore
|move|p1a: Muk|Acid Armor|p1a: Muk
|-boost|p1a: Muk|def|2
|
|-heal|p1a: Muk|95/100|[from] item: Leftovers
|upkeep
|turn|11
|
|t:|1778502602
|switch|p1a: Scizor|Scizor, M, shiny|100/100
|move|p2a: Ogerpon|Swords Dance|p2a: Ogerpon
|-boost|p2a: Ogerpon|atk|2
|
|upkeep
|turn|12
|
|t:|1778502619
|switch|p2a: Corviknight|Corviknight, F|80/100
|-ability|p2a: Corviknight|Pressure
|move|p1a: Scizor|Swords Dance|p1a: Scizor
|-boost|p1a: Scizor|atk|2
|
|-heal|p2a: Corviknight|86/100|[from] item: Leftovers
|upkeep
|turn|13
|inactive|mynoble has 120 seconds left.
|
|t:|1778502646
|move|p1a: Scizor|Close Combat|p2a: Corviknight
|-damage|p2a: Corviknight|8/100
|-unboost|p1a: Scizor|def|1
|-unboost|p1a: Scizor|spd|1
|move|p2a: Corviknight|Brave Bird|p1a: Scizor
|-damage|p1a: Scizor|44/100
|-damage|p2a: Corviknight|0 fnt|[from] Recoil
|faint|p2a: Corviknight
|
|-heal|p1a: Scizor|50/100|[from] item: Leftovers
|upkeep
|
|t:|1778502659
|switch|p2a: Darkrai|Darkrai|100/100
|turn|14
|
|t:|1778502662
|move|p1a: Scizor|Bullet Punch|p2a: Darkrai
|-damage|p2a: Darkrai|9/100
|move|p2a: Darkrai|Dark Pulse|p1a: Scizor
|-damage|p1a: Scizor|0 fnt
|faint|p1a: Scizor
|
|upkeep
|
|t:|1778502675
|switch|p1a: Metagross|Metagross|100/100
|turn|15
|
|t:|1778502686
|switch|p2a: Ogerpon|Ogerpon, F|100/100
|move|p1a: Metagross|Ice Punch|p2a: Ogerpon
|-supereffective|p2a: Ogerpon
|-damage|p2a: Ogerpon|18/100
|
|upkeep
|turn|16
|
|t:|1778502702
|switch|p2a: Alomomola|Alomomola, F|100/100 tox
|move|p1a: Metagross|Bullet Punch|p2a: Alomomola
|-resisted|p2a: Alomomola
|-damage|p2a: Alomomola|92/100 tox
|
|-damage|p2a: Alomomola|86/100 tox|[from] psn
|upkeep
|turn|17
|
|t:|1778502729
|move|p1a: Metagross|Iron Defense|p1a: Metagross
|-boost|p1a: Metagross|def|2
|move|p2a: Alomomola|Flip Turn|p1a: Metagross
|-damage|p1a: Metagross|94/100
|
|t:|1778502736
|switch|p2a: Ogerpon|Ogerpon, F|18/100|[from] Flip Turn
|
|-heal|p1a: Metagross|100/100|[from] item: Leftovers
|upkeep
|turn|18
|
|t:|1778502739
|move|p1a: Metagross|Bullet Punch|p2a: Ogerpon
|-damage|p2a: Ogerpon|0 fnt
|faint|p2a: Ogerpon
|
|upkeep
|-message|nettspned forfeited.
|
|win|mynoble
|raw|mynoble's rating: 1189 &rarr; <strong>1216</strong><br />(+27 for winning)
|raw|nettspned's rating: 1211 &rarr; <strong>1184</strong><br />(-27 for losing)
|l|☆nettspned
|player|p2|
|l|☆mynoble
|player|p1|
