|html|<div class="broadcast-blue"><strong>[Gen 9] OU is currently suspecting Tera Blast! For information on how to participate check out the <a href="https://www.smogon.com/tools/suspects/view/200">suspect thread</a>.</strong></div>
|j|☆TrahsAltNotAlt
|j|☆kopv18
|t:|1776284611
|gametype|singles
|player|p1|TrahsAltNotAlt|iris-gen5bw2|1442
|player|p2|kopv18|bugcatcher-gen4dp|1461
|gen|9
|tier|[Gen 9] OU
|rated|
|rule|HP Percentage Mod: HP is shown in percentages
|rule|Endless Battle Clause: Forcing endless battles is banned
|rule|Species Clause: Limit one of each Pokémon
|rule|OHKO Clause: OHKO moves are banned
|rule|Evasion Items Clause: Evasion items are banned
|rule|Evasion Moves Clause: Evasion moves are banned
|rule|Evasion Abilities Clause: Evasion abilities are banned
|rule|Sleep Moves Clause: Sleep-inducing moves are banned
|clearpoke
|poke|p1|Garganacl, M|
|poke|p1|Darkrai|
|poke|p1|Great Tusk|
|poke|p1|Hatterene, F|
|poke|p1|Tornadus-Therian, M|
|poke|p1|Dragonite, M|
|poke|p2|Tyranitar, M|
|poke|p2|Chimecho, F|
|poke|p2|Excadrill, M|
|poke|p2|Weezing-Galar, M|
|poke|p2|Zamazenta-*|
|poke|p2|Kyurem|
|teampreview
|
|t:|1776284629
|teamsize|p1|6
|teamsize|p2|6
|start
|switch|p1a: Tornadus|Tornadus-Therian, M, shiny|100/100
|switch|p2a: Tyranitar|Tyranitar, M|100/100
|-weather|Sandstorm|[from] ability: Sand Stream|[of] p2a: Tyranitar
|turn|1
|
|t:|1776284633
|move|p1a: Tornadus|U-turn|p2a: Tyranitar
|-supereffective|p2a: Tyranitar
|-damage|p2a: Tyranitar|71/100
|
|t:|1776284636
|switch|p1a: Hatterene|Hatterene, F|100/100|[from] U-turn
|move|p2a: Tyranitar|Stone Edge|p1a: Hatterene
|-damage|p1a: Hatterene|23/100
|
|-weather|Sandstorm|[upkeep]
|-damage|p1a: Hatterene|17/100|[from] Sandstorm
|upkeep
|turn|2
|
|t:|1776284642
|switch|p1a: Garganacl|Garganacl, M|100/100
|move|p2a: Tyranitar|Stone Edge|p1a: Garganacl
|-damage|p1a: Garganacl|43/100
|
|-weather|Sandstorm|[upkeep]
|-heal|p1a: Garganacl|49/100|[from] item: Leftovers
|upkeep
|turn|3
|
|t:|1776284647
|move|p1a: Garganacl|Protect|p1a: Garganacl
|-singleturn|p1a: Garganacl|Protect
|move|p2a: Tyranitar|Stone Edge|p1a: Garganacl
|-activate|p1a: Garganacl|move: Protect
|
|-weather|Sandstorm|[upkeep]
|-heal|p1a: Garganacl|55/100|[from] item: Leftovers
|upkeep
|turn|4
|
|t:|1776284651
|switch|p1a: Great Tusk|Great Tusk|100/100
|-enditem|p1a: Great Tusk|Booster Energy
|-activate|p1a: Great Tusk|ability: Protosynthesis|[fromitem]
|-start|p1a: Great Tusk|protosynthesisatk
|move|p2a: Tyranitar|Stone Edge|p1a: Great Tusk
|-resisted|p1a: Great Tusk
|-damage|p1a: Great Tusk|86/100
|
|-weather|Sandstorm|[upkeep]
|upkeep
|turn|5
|
|t:|1776284658
|switch|p2a: Chimecho|Chimecho, F|100/100
|move|p1a: Great Tusk|Close Combat|p2a: Chimecho
|-resisted|p2a: Chimecho
|-damage|p2a: Chimecho|68/100
|-unboost|p1a: Great Tusk|def|1
|-unboost|p1a: Great Tusk|spd|1
|-damage|p1a: Great Tusk|69/100|[from] item: Rocky Helmet|[of] p2a: Chimecho
|
|-weather|none
|upkeep
|turn|6
|
|t:|1776284667
|-end|p1a: Great Tusk|Protosynthesis|[silent]
|switch|p1a: Tornadus|Tornadus-Therian, M, shiny|100/100
|move|p2a: Chimecho|Future Sight|p1a: Tornadus
|-start|p2a: Chimecho|move: Future Sight
|
|upkeep
|turn|7
|
|t:|1776284675
|switch|p2a: Tyranitar|Tyranitar, M|71/100
|-weather|Sandstorm|[from] ability: Sand Stream|[of] p2a: Tyranitar
|move|p1a: Tornadus|Knock Off|p2a: Tyranitar
|-resisted|p2a: Tyranitar
|-damage|p2a: Tyranitar|61/100
|-enditem|p2a: Tyranitar|Choice Band|[from] move: Knock Off|[of] p1a: Tornadus
|
|-weather|Sandstorm|[upkeep]
|-damage|p1a: Tornadus|94/100|[from] Sandstorm
|upkeep
|turn|8
|
|t:|1776284686
|move|p1a: Tornadus|U-turn|p2a: Tyranitar
|-supereffective|p2a: Tyranitar
|-damage|p2a: Tyranitar|32/100
|
|t:|1776284688
|switch|p1a: Great Tusk|Great Tusk|69/100|[from] U-turn
|move|p2a: Tyranitar|Knock Off|p1a: Great Tusk
|-resisted|p1a: Great Tusk
|-damage|p1a: Great Tusk|55/100
|
|-weather|Sandstorm|[upkeep]
|-end|p1a: Great Tusk|move: Future Sight
|-supereffective|p1a: Great Tusk
|-damage|p1a: Great Tusk|0 fnt
|faint|p1a: Great Tusk
|-end|p1a: Great Tusk|Protosynthesis|[silent]
|upkeep
|
|t:|1776284696
|switch|p1a: Dragonite|Dragonite, M|100/100
|turn|9
|
|t:|1776284703
|move|p1a: Dragonite|Dragon Dance|p1a: Dragonite
|-boost|p1a: Dragonite|atk|1
|-boost|p1a: Dragonite|spe|1
|move|p2a: Tyranitar|Stone Edge|p1a: Dragonite
|-supereffective|p1a: Dragonite
|-crit|p1a: Dragonite
|-damage|p1a: Dragonite|10/100
|
|-weather|Sandstorm|[upkeep]
|-damage|p1a: Dragonite|4/100|[from] Sandstorm
|upkeep
|turn|10
|
|t:|1776284712
|switch|p2a: Zamazenta|Zamazenta|100/100
|-ability|p2a: Zamazenta|Dauntless Shield|boost
|-boost|p2a: Zamazenta|def|1
|move|p1a: Dragonite|Earthquake|p2a: Zamazenta
|-damage|p2a: Zamazenta|70/100
|
|-weather|Sandstorm|[upkeep]
|-damage|p2a: Zamazenta|64/100|[from] Sandstorm
|-damage|p1a: Dragonite|0 fnt|[from] Sandstorm
|faint|p1a: Dragonite
|-heal|p2a: Zamazenta|70/100|[from] item: Leftovers
|upkeep
|-message|TrahsAltNotAlt forfeited.
|
|win|kopv18
|raw|TrahsAltNotAlt's rating: 1442 &rarr; <strong>1423</strong><br />(-19 for losing)
|raw|kopv18's rating: 1461 &rarr; <strong>1480</strong><br />(+19 for winning)
|l|☆TrahsAltNotAlt
|player|p1|
