|html|<div class="broadcast-blue"><strong>[Gen 9] OU is currently suspecting Tera Blast! For information on how to participate check out the <a href="https://www.smogon.com/tools/suspects/view/200">suspect thread</a>.</strong></div>
|j|☆Timolicon
|j|☆Dov Aloof
|t:|1776192718
|gametype|singles
|player|p1|Timolicon|1|1590
|player|p2|Dov Aloof|266|1595
|gen|9
|tier|[Gen 9] OU
|rated|
|rule|HP Percentage Mod: HP is shown in percentages
|rule|Endless Battle Clause: Forcing endless battles is banned
|rule|Species Clause: Limit one of each Pokémon
|rule|OHKO Clause: OHKO moves are banned
|rule|Evasion Items Clause: Evasion items are banned
|rule|Evasion Moves Clause: Evasion moves are banned
|rule|Evasion Abilities Clause: Evasion abilities are banned
|rule|Sleep Moves Clause: Sleep-inducing moves are banned
|clearpoke
|poke|p1|Dondozo, M|
|poke|p1|Blissey, F|
|poke|p1|Corviknight, F|
|poke|p1|Weezing-Galar, M|
|poke|p1|Gliscor, M|
|poke|p1|Toxapex, M|
|poke|p2|Pelipper, F|
|poke|p2|Garchomp, M|
|poke|p2|Quaquaval, F|
|poke|p2|Kingdra, F|
|poke|p2|Kingambit, F|
|poke|p2|Iron Crown|
|teampreview
|inactive|Battle timer is ON: inactive players will automatically lose when time's up. (requested by Timolicon)
|n|!Dov Aloof|dovaloof
|inactive|Timolicon has 120 seconds left.
|
|t:|1776192760
|teamsize|p1|6
|teamsize|p2|6
|start
|switch|p1a: Toxapex|Toxapex, M|100/100
|switch|p2a: stance something|Garchomp, M|100/100
|turn|1
|
|t:|1776192766
|move|p2a: stance something|Stealth Rock|p1a: Toxapex
|-sidestart|p1: Timolicon|move: Stealth Rock
|move|p1a: Toxapex|Toxic|p2a: stance something
|-status|p2a: stance something|tox
|
|-damage|p2a: stance something|94/100 tox|[from] psn
|upkeep
|turn|2
|
|t:|1776192769
|switch|p1a: Corviknight|Corviknight, F|100/100
|-damage|p1a: Corviknight|88/100|[from] Stealth Rock
|-ability|p1a: Corviknight|Pressure
|move|p2a: stance something|Earthquake|p1a: Corviknight
|-immune|p1a: Corviknight
|
|-heal|p1a: Corviknight|94/100|[from] item: Leftovers
|-damage|p2a: stance something|82/100 tox|[from] psn
|upkeep
|turn|3
|
|t:|1776192780
|switch|p2a: okayy|Iron Crown|100/100
|move|p1a: Corviknight|Defog|p2a: okayy
|-unboost|p2a: okayy|evasion|1
|-sideend|p1: Timolicon|Stealth Rock|[from] move: Defog|[of] p1a: Corviknight
|
|-heal|p1a: Corviknight|100/100|[from] item: Leftovers
|upkeep
|turn|4
|
|t:|1776192785
|move|p2a: okayy|Volt Switch|p1a: Corviknight
|-supereffective|p1a: Corviknight
|-damage|p1a: Corviknight|54/100
|
|t:|1776192788
|-end|p2a: okayy|Quark Drive|[silent]
|switch|p2a: stance something|Garchomp, M|82/100 tox|[from] Volt Switch
|move|p1a: Corviknight|Iron Defense|p1a: Corviknight
|-boost|p1a: Corviknight|def|2
|
|-heal|p1a: Corviknight|61/100|[from] item: Leftovers
|-damage|p2a: stance something|76/100 tox|[from] psn
|upkeep
|turn|5
|
|t:|1776192792
|move|p2a: stance something|Stealth Rock|p1a: Corviknight
|-sidestart|p1: Timolicon|move: Stealth Rock
|move|p1a: Corviknight|Roost|p1a: Corviknight
|-heal|p1a: Corviknight|100/100
|-singleturn|p1a: Corviknight|move: Roost
|
|-damage|p2a: stance something|63/100 tox|[from] psn
|upkeep
|turn|6
|
|t:|1776192794
|switch|p2a: washed|Pelipper, F|100/100
|-weather|RainDance|[from] ability: Drizzle|[of] p2a: washed
|move|p1a: Corviknight|Defog|p2a: washed
|-unboost|p2a: washed|evasion|1
|-sideend|p1: Timolicon|Stealth Rock|[from] move: Defog|[of] p1a: Corviknight
|
|-weather|RainDance|[upkeep]
|upkeep
|turn|7
|
|t:|1776192797
|switch|p1a: Toxapex|Toxapex, M|100/100
|move|p2a: washed|U-turn|p1a: Toxapex
|-resisted|p1a: Toxapex
|-damage|p1a: Toxapex|97/100
|
|t:|1776192799
|switch|p2a: okayy|Iron Crown|100/100|[from] U-turn
|
|-weather|RainDance|[upkeep]
|-heal|p1a: Toxapex|100/100|[from] item: Leftovers
|upkeep
|turn|8
|
|t:|1776192806
|switch|p1a: Corviknight|Corviknight, F|100/100
|-ability|p1a: Corviknight|Pressure
|move|p2a: okayy|Psychic Noise|p1a: Corviknight
|-resisted|p1a: Corviknight
|-damage|p1a: Corviknight|81/100
|-start|p1a: Corviknight|move: Heal Block
|
|-weather|RainDance|[upkeep]
|upkeep
|turn|9
|
|t:|1776192810
|switch|p1a: Gliscor|Gliscor, M|100/100
|move|p2a: okayy|Volt Switch|p1a: Gliscor
|-immune|p1a: Gliscor
|
|-weather|RainDance|[upkeep]
|-status|p1a: Gliscor|tox|[from] item: Toxic Orb
|upkeep
|turn|10
|
|t:|1776192814
|move|p2a: okayy|Psychic Noise|p1a: Gliscor
|-damage|p1a: Gliscor|71/100 tox
|-start|p1a: Gliscor|move: Heal Block
|move|p1a: Gliscor|Knock Off|p2a: okayy
|-supereffective|p2a: okayy
|-damage|p2a: okayy|58/100
|-enditem|p2a: okayy|Assault Vest|[from] move: Knock Off|[of] p1a: Gliscor
|
|-weather|RainDance|[upkeep]
|upkeep
|turn|11
|
|t:|1776192818
|move|p2a: okayy|Tachyon Cutter|p1a: Gliscor
|-damage|p1a: Gliscor|49/100 tox
|-damage|p1a: Gliscor|28/100 tox
|-hitcount|p1a: Gliscor|2
|move|p1a: Gliscor|Earthquake|p2a: okayy
|-supereffective|p2a: okayy
|-damage|p2a: okayy|0 fnt
|faint|p2a: okayy
|-end|p2a: okayy|Quark Drive|[silent]
|
|-weather|RainDance|[upkeep]
|-end|p1a: Gliscor|move: Heal Block
|upkeep
|
|t:|1776192824
|switch|p2a: mac and cheese|Kingdra, F|100/100
|turn|12
|
|t:|1776192827
|move|p1a: Gliscor|Protect|p1a: Gliscor
|-singleturn|p1a: Gliscor|Protect
|move|p2a: mac and cheese|Flip Turn|p1a: Gliscor
|-activate|p1a: Gliscor|move: Protect
|
|-weather|RainDance|[upkeep]
|-heal|p1a: Gliscor|40/100 tox|[from] ability: Poison Heal
|upkeep
|turn|13
|
|t:|1776192830
|switch|p1a: Toxapex|Toxapex, M|100/100
|move|p2a: mac and cheese|Flip Turn|p1a: Toxapex
|-resisted|p1a: Toxapex
|-damage|p1a: Toxapex|90/100
|
|t:|1776192834
|switch|p2a: stance something|Garchomp, M|63/100 tox|[from] Flip Turn
|
|-weather|none
|-heal|p1a: Toxapex|96/100|[from] item: Leftovers
|-damage|p2a: stance something|57/100 tox|[from] psn
|upkeep
|turn|14
|inactive|Timolicon has 120 seconds left.
|
|t:|1776192874
|switch|p1a: Corviknight|Corviknight, F|81/100
|-ability|p1a: Corviknight|Pressure
|move|p2a: stance something|Stealth Rock|p1a: Corviknight
|-sidestart|p1: Timolicon|move: Stealth Rock
|
|-heal|p1a: Corviknight|87/100|[from] item: Leftovers
|-damage|p2a: stance something|45/100 tox|[from] psn
|upkeep
|turn|15
|
|t:|1776192889
|move|p2a: stance something|Stealth Rock||[still]
|-fail|p2a: stance something
|move|p1a: Corviknight|Defog|p2a: stance something
|-unboost|p2a: stance something|evasion|1
|-sideend|p1: Timolicon|Stealth Rock|[from] move: Defog|[of] p1a: Corviknight
|
|-heal|p1a: Corviknight|93/100|[from] item: Leftovers
|-damage|p2a: stance something|26/100 tox|[from] psn
|upkeep
|turn|16
|
|t:|1776192899
|move|p1a: Corviknight|Iron Defense|p1a: Corviknight
|-boost|p1a: Corviknight|def|2
|move|p2a: stance something|Dragon Tail|p1a: Corviknight
|-resisted|p1a: Corviknight
|-damage|p1a: Corviknight|89/100
|drag|p1a: Blissey|Blissey, F|100/100
|
|-damage|p2a: stance something|1/100 tox|[from] psn
|upkeep
|turn|17
|
|t:|1776192903
|switch|p1a: Corviknight|Corviknight, F|89/100
|-ability|p1a: Corviknight|Pressure
|move|p2a: stance something|Stealth Rock|p1a: Corviknight
|-sidestart|p1: Timolicon|move: Stealth Rock
|
|-heal|p1a: Corviknight|96/100|[from] item: Leftovers
|-damage|p2a: stance something|0 fnt|[from] psn
|faint|p2a: stance something
|upkeep
|
|t:|1776192907
|switch|p2a: mac and cheese|Kingdra, F|100/100
|turn|18
|
|t:|1776192910
|move|p2a: mac and cheese|Flip Turn|p1a: Corviknight
|-damage|p1a: Corviknight|85/100
|
|t:|1776192912
|switch|p2a: washed|Pelipper, F|100/100|[from] Flip Turn
|-weather|RainDance|[from] ability: Drizzle|[of] p2a: washed
|move|p1a: Corviknight|Defog|p2a: washed
|-unboost|p2a: washed|evasion|1
|-sideend|p1: Timolicon|Stealth Rock|[from] move: Defog|[of] p1a: Corviknight
|
|-weather|RainDance|[upkeep]
|-heal|p1a: Corviknight|91/100|[from] item: Leftovers
|upkeep
|turn|19
|
|t:|1776192916
|switch|p1a: Toxapex|Toxapex, M|100/100
|move|p2a: washed|Hydro Pump|p1a: Toxapex|[miss]
|-miss|p2a: washed|p1a: Toxapex
|
|-weather|RainDance|[upkeep]
|upkeep
|turn|20
|
|t:|1776192919
|move|p2a: washed|U-turn|p1a: Toxapex
|-resisted|p1a: Toxapex
|-damage|p1a: Toxapex|97/100
|
|t:|1776192921
|switch|p2a: bluemode|Kingambit, F, shiny|100/100|[from] U-turn
|-activate|p2a: bluemode|ability: Supreme Overlord
|-start|p2a: bluemode|fallen2|[silent]
|move|p1a: Toxapex|Toxic|p2a: bluemode
|-immune|p2a: bluemode
|
|-weather|RainDance|[upkeep]
|-heal|p1a: Toxapex|100/100|[from] item: Leftovers
|upkeep
|turn|21
|-message|Dov Aloof forfeited.
|
|win|Timolicon
