|html|<div class="broadcast-blue"><strong>[Gen 9] OU is currently suspecting Tera Blast! For information on how to participate check out the <a href="https://www.smogon.com/tools/suspects/view/200">suspect thread</a>.</strong></div>
|j|☆OP Earthquakes
|j|☆cachowcapow
|t:|1776164574
|gametype|singles
|player|p1|OP Earthquakes|giovanni-masters|1701
|player|p2|cachowcapow|2|1661
|gen|9
|tier|[Gen 9] OU
|rated|
|rule|HP Percentage Mod: HP is shown in percentages
|rule|Endless Battle Clause: Forcing endless battles is banned
|rule|Species Clause: Limit one of each Pokémon
|rule|OHKO Clause: OHKO moves are banned
|rule|Evasion Items Clause: Evasion items are banned
|rule|Evasion Moves Clause: Evasion moves are banned
|rule|Evasion Abilities Clause: Evasion abilities are banned
|rule|Sleep Moves Clause: Sleep-inducing moves are banned
|clearpoke
|poke|p1|Excadrill, F|
|poke|p1|Tyranitar, F|
|poke|p1|Kyurem|
|poke|p1|Hawlucha, M|
|poke|p1|Pawmot, F|
|poke|p1|Grimmsnarl, M|
|poke|p2|Dragapult, F|
|poke|p2|Slither Wing|
|poke|p2|Maushold-Four|
|poke|p2|Mew|
|poke|p2|Weavile, M|
|poke|p2|Alomomola, F|
|teampreview
|inactive|Battle timer is ON: inactive players will automatically lose when time's up. (requested by OP Earthquakes)
|
|t:|1776164585
|teamsize|p1|6
|teamsize|p2|6
|start
|switch|p1a: Grimmsnarl|Grimmsnarl, M|100/100
|switch|p2a: Weavile|Weavile, M|100/100
|turn|1
|j| lord shiddenfards
|
|t:|1776164601
|move|p2a: Weavile|Knock Off|p1a: Grimmsnarl
|-resisted|p1a: Grimmsnarl
|-damage|p1a: Grimmsnarl|77/100
|-enditem|p1a: Grimmsnarl|Light Clay|[from] move: Knock Off|[of] p2a: Weavile
|move|p1a: Grimmsnarl|Drain Punch|p2a: Weavile
|-supereffective|p2a: Weavile
|-damage|p2a: Weavile|0 fnt
|-heal|p1a: Grimmsnarl|100/100|[from] drain|[of] p2a: Weavile
|faint|p2a: Weavile
|
|upkeep
|c|☆OP Earthquakes|Was freeing kyurem
|c|☆OP Earthquakes|ngl
|inactive|cachowcapow has 120 seconds left.
|inactive|cachowcapow has 90 seconds left.
|
|t:|1776164671
|switch|p2a: Mew|Mew|100/100
|turn|2
|
|t:|1776164683
|move|p1a: Grimmsnarl|Reflect|p1a: Grimmsnarl
|-sidestart|p1: OP Earthquakes|Reflect
|move|p2a: Mew|Agility|p2a: Mew
|-boost|p2a: Mew|spe|2
|
|upkeep
|turn|3
|
|t:|1776164688
|move|p1a: Grimmsnarl|Thunder Wave|p2a: Mew
|-status|p2a: Mew|par
|-activate|p2a: Mew|ability: Synchronize
|-status|p1a: Grimmsnarl|par
|move|p2a: Mew|Calm Mind|p2a: Mew
|-boost|p2a: Mew|spa|1
|-boost|p2a: Mew|spd|1
|
|upkeep
|turn|4
|
|t:|1776164695
|cant|p1a: Grimmsnarl|par
|cant|p2a: Mew|par
|
|upkeep
|turn|5
|
|t:|1776164697
|move|p1a: Grimmsnarl|Light Screen|p1a: Grimmsnarl
|-sidestart|p1: OP Earthquakes|move: Light Screen
|cant|p2a: Mew|par
|
|upkeep
|turn|6
|
|t:|1776164702
|switch|p1a: The sandstorm|Tyranitar, F, shiny|100/100
|-weather|Sandstorm|[from] ability: Sand Stream|[of] p1a: The sandstorm
|move|p2a: Mew|Calm Mind|p2a: Mew
|-boost|p2a: Mew|spa|1
|-boost|p2a: Mew|spd|1
|
|-weather|Sandstorm|[upkeep]
|-damage|p2a: Mew|94/100 par|[from] Sandstorm
|-sideend|p1: OP Earthquakes|Reflect
|upkeep
|turn|7
|
|t:|1776164707
|move|p2a: Mew|Agility|p2a: Mew
|-boost|p2a: Mew|spe|2
|move|p1a: The sandstorm|Roar|p2a: Mew
|drag|p2a: Dragapult|Dragapult, F|100/100
|
|-weather|Sandstorm|[upkeep]
|-damage|p2a: Dragapult|95/100|[from] Sandstorm
|upkeep
|turn|8
|c|☆OP Earthquakes|Sorry
|
|t:|1776164718
|move|p2a: Dragapult|Will-O-Wisp|p1a: The sandstorm
|-status|p1a: The sandstorm|brn
|move|p1a: The sandstorm|Stealth Rock|p2a: Dragapult
|-sidestart|p2: cachowcapow|move: Stealth Rock
|
|-weather|Sandstorm|[upkeep]
|-damage|p2a: Dragapult|89/100|[from] Sandstorm
|-damage|p1a: The sandstorm|94/100 brn|[from] brn
|upkeep
|turn|9
|
|t:|1776164745
|move|p2a: Dragapult|U-turn|p1a: The sandstorm
|-supereffective|p1a: The sandstorm
|-damage|p1a: The sandstorm|73/100 brn
|
|t:|1776164746
|switch|p2a: Slither Wing|Slither Wing, shiny|100/100|[from] U-turn
|-damage|p2a: Slither Wing|88/100|[from] Stealth Rock
|move|p1a: The sandstorm|Thunder Wave|p2a: Slither Wing
|-status|p2a: Slither Wing|par
|
|-weather|Sandstorm|[upkeep]
|-damage|p2a: Slither Wing|82/100 par|[from] Sandstorm
|-damage|p1a: The sandstorm|67/100 brn|[from] brn
|-sideend|p1: OP Earthquakes|move: Light Screen
|upkeep
|turn|10
|
|t:|1776164757
|switch|p1a: Itachi|Hawlucha, M, shiny|100/100
|-ability|p1a: Itachi|Mold Breaker
|move|p2a: Slither Wing|U-turn|p1a: Itachi
|-resisted|p1a: Itachi
|-damage|p1a: Itachi|90/100
|-enditem|p1a: Itachi|Red Card|[of] p2a: Slither Wing
|-end|p2a: Slither Wing|Protosynthesis|[silent]
|drag|p2a: Mew|Mew|94/100 par
|-damage|p2a: Mew|82/100 par|[from] Stealth Rock
|
|-weather|Sandstorm|[upkeep]
|-damage|p1a: Itachi|84/100|[from] Sandstorm
|-damage|p2a: Mew|76/100 par|[from] Sandstorm
|upkeep
|turn|11
|inactive|cachowcapow has 120 seconds left.
|
|t:|1776164794
|move|p1a: Itachi|Swords Dance|p1a: Itachi
|-boost|p1a: Itachi|atk|2
|move|p2a: Mew|Draining Kiss|p1a: Itachi
|-supereffective|p1a: Itachi
|-damage|p1a: Itachi|43/100
|-heal|p2a: Mew|99/100 par|[from] drain|[of] p1a: Itachi
|
|-weather|Sandstorm|[upkeep]
|-damage|p1a: Itachi|37/100|[from] Sandstorm
|-damage|p2a: Mew|93/100 par|[from] Sandstorm
|upkeep
|turn|12
|
|t:|1776164800
|move|p1a: Itachi|Brave Bird|p2a: Mew
|-damage|p2a: Mew|36/100 par
|-damage|p1a: Itachi|12/100|[from] Recoil
|move|p2a: Mew|Draining Kiss|p1a: Itachi
|-supereffective|p1a: Itachi
|-damage|p1a: Itachi|0 fnt
|-heal|p2a: Mew|43/100 par|[from] drain|[of] p1a: Itachi
|faint|p1a: Itachi
|
|-weather|Sandstorm|[upkeep]
|-damage|p2a: Mew|36/100 par|[from] Sandstorm
|upkeep
|
|t:|1776164814
|switch|p1a: Frieza|Kyurem, shiny|100/100
|-ability|p1a: Frieza|Pressure
|turn|13
|
|t:|1776164817
|move|p1a: Frieza|Shadow Ball|p2a: Mew
|-supereffective|p2a: Mew
|-damage|p2a: Mew|0 fnt
|faint|p2a: Mew
|
|-weather|none
|upkeep
|
|t:|1776164821
|switch|p2a: Maushold|Maushold-Four|100/100
|-damage|p2a: Maushold|88/100|[from] Stealth Rock
|turn|14
|
|t:|1776164825
|move|p2a: Maushold|Tidy Up|p2a: Maushold
|-sideend|p2: cachowcapow|Stealth Rock
|-activate|p2a: Maushold|move: Tidy Up
|-boost|p2a: Maushold|atk|1
|-boost|p2a: Maushold|spe|1
|move|p1a: Frieza|Freeze-Dry|p2a: Maushold
|-damage|p2a: Maushold|31/100
|
|upkeep
|turn|15
|
|t:|1776164833
|-terastallize|p1a: Frieza|Ghost
|move|p2a: Maushold|Population Bomb|p1a: Frieza
|-immune|p1a: Frieza
|move|p1a: Frieza|Freeze-Dry|p2a: Maushold
|-crit|p2a: Maushold
|-damage|p2a: Maushold|0 fnt
|faint|p2a: Maushold
|
|upkeep
|
|t:|1776164836
|switch|p2a: Dragapult|Dragapult, F|89/100
|turn|16
|
|t:|1776164839
|switch|p1a: The sandstorm|Tyranitar, F, shiny|67/100 brn
|-weather|Sandstorm|[from] ability: Sand Stream|[of] p1a: The sandstorm
|move|p2a: Dragapult|U-turn|p1a: The sandstorm
|-supereffective|p1a: The sandstorm
|-damage|p1a: The sandstorm|45/100 brn
|
|t:|1776164842
|switch|p2a: Slither Wing|Slither Wing, shiny|82/100 par|[from] U-turn
|
|-weather|Sandstorm|[upkeep]
|-damage|p2a: Slither Wing|76/100 par|[from] Sandstorm
|-damage|p1a: The sandstorm|39/100 brn|[from] brn
|upkeep
|turn|17
|
|t:|1776164847
|switch|p1a: Grimmsnarl|Grimmsnarl, M|100/100 par
|move|p2a: Slither Wing|U-turn|p1a: Grimmsnarl
|-damage|p1a: Grimmsnarl|62/100 par
|
|t:|1776164862
|-end|p2a: Slither Wing|Protosynthesis|[silent]
|switch|p2a: Dragapult|Dragapult, F|89/100|[from] U-turn
|
|-weather|Sandstorm|[upkeep]
|-damage|p2a: Dragapult|83/100|[from] Sandstorm
|-damage|p1a: Grimmsnarl|56/100 par|[from] Sandstorm
|upkeep
|turn|18
|
|t:|1776164867
|switch|p2a: Slither Wing|Slither Wing, shiny|76/100 par
|move|p1a: Grimmsnarl|Thunder Wave|p2a: Slither Wing
|-fail|p2a: Slither Wing|par
|
|-weather|Sandstorm|[upkeep]
|-damage|p1a: Grimmsnarl|50/100 par|[from] Sandstorm
|-damage|p2a: Slither Wing|70/100 par|[from] Sandstorm
|upkeep
|turn|19
|
|t:|1776164873
|move|p2a: Slither Wing|First Impression|p1a: Grimmsnarl
|-damage|p1a: Grimmsnarl|0 fnt
|faint|p1a: Grimmsnarl
|
|-weather|Sandstorm|[upkeep]
|-damage|p2a: Slither Wing|64/100 par|[from] Sandstorm
|upkeep
|l| lord shiddenfards
|c|☆OP Earthquakes|TY!
|
|t:|1776164882
|switch|p1a: Porunga|Pawmot, F|100/100
|turn|20
|
|t:|1776164886
|move|p1a: Porunga|Revival Blessing|p1a: Porunga
|-enditem|p1a: Porunga|Leppa Berry|[eat]
|-activate|p1a: Porunga|item: Leppa Berry|Revival Blessing|[consumed]
|c|☆OP Earthquakes|No more hax
|
|t:|1776164894
|-heal|p1: Grimmsnarl|50/100|[from] move: Revival Blessing
|move|p2a: Slither Wing|Will-O-Wisp|p1a: Porunga
|-status|p1a: Porunga|brn
|
|-weather|Sandstorm|[upkeep]
|-damage|p1a: Porunga|95/100 brn|[from] Sandstorm
|-damage|p2a: Slither Wing|57/100 par|[from] Sandstorm
|-damage|p1a: Porunga|89/100 brn|[from] brn
|upkeep
|turn|21
|
|t:|1776164906
|move|p1a: Porunga|Revival Blessing|p1a: Porunga
|
|t:|1776164908
|-heal|p1: Itachi|50/100|[from] move: Revival Blessing
|move|p2a: Slither Wing|Morning Sun|p2a: Slither Wing
|-heal|p2a: Slither Wing|82/100 par
|
|-weather|Sandstorm|[upkeep]
|-damage|p1a: Porunga|83/100 brn|[from] Sandstorm
|-damage|p2a: Slither Wing|76/100 par|[from] Sandstorm
|-damage|p1a: Porunga|77/100 brn|[from] brn
|upkeep
|turn|22
|
|t:|1776164924
|move|p1a: Porunga|Rest|p1a: Porunga
|-status|p1a: Porunga|slp|[from] move: Rest
|-heal|p1a: Porunga|100/100 slp|[silent]
|move|p2a: Slither Wing|U-turn|p1a: Porunga
|-resisted|p1a: Porunga
|-damage|p1a: Porunga|77/100 slp
|
|t:|1776164927
|-end|p2a: Slither Wing|Protosynthesis|[silent]
|switch|p2a: Dragapult|Dragapult, F|83/100|[from] U-turn
|
|-weather|Sandstorm|[upkeep]
|-damage|p2a: Dragapult|77/100|[from] Sandstorm
|-damage|p1a: Porunga|71/100 slp|[from] Sandstorm
|upkeep
|turn|23
|
|t:|1776164935
|switch|p1a: Itachi|Hawlucha, M, shiny|50/100
|-ability|p1a: Itachi|Mold Breaker
|move|p2a: Dragapult|Hex|p1a: Itachi
|-damage|p1a: Itachi|7/100
|
|-weather|none
|upkeep
|turn|24
|
|t:|1776164944
|switch|p1a: The sandstorm|Tyranitar, F, shiny|39/100 brn
|-weather|Sandstorm|[from] ability: Sand Stream|[of] p1a: The sandstorm
|move|p2a: Dragapult|Hex|p1a: The sandstorm
|-resisted|p1a: The sandstorm
|-damage|p1a: The sandstorm|21/100 brn
|
|-weather|Sandstorm|[upkeep]
|-damage|p2a: Dragapult|71/100|[from] Sandstorm
|-damage|p1a: The sandstorm|14/100 brn|[from] brn
|upkeep
|turn|25
|
|t:|1776164951
|switch|p1a: Itachi|Hawlucha, M, shiny|7/100
|-ability|p1a: Itachi|Mold Breaker
|move|p2a: Dragapult|U-turn|p1a: Itachi
|-resisted|p1a: Itachi
|-damage|p1a: Itachi|1/100
|
|t:|1776164956
|switch|p2a: Slither Wing|Slither Wing, shiny|76/100 par|[from] U-turn
|
|-weather|Sandstorm|[upkeep]
|-damage|p1a: Itachi|0 fnt|[from] Sandstorm
|-damage|p2a: Slither Wing|70/100 par|[from] Sandstorm
|faint|p1a: Itachi
|upkeep
|
|t:|1776164963
|switch|p1a: OP|Excadrill, F|100/100
|turn|26
|
|t:|1776164968
|move|p1a: OP|Iron Head|p2a: Slither Wing
|-damage|p2a: Slither Wing|18/100 par
|-damage|p1a: OP|84/100|[from] item: Rocky Helmet|[of] p2a: Slither Wing
|cant|p2a: Slither Wing|flinch
|
|-weather|Sandstorm|[upkeep]
|-damage|p2a: Slither Wing|11/100 par|[from] Sandstorm
|upkeep
|turn|27
|
|t:|1776164975
|switch|p1a: Frieza|Kyurem, shiny, tera:Ghost|100/100
|-ability|p1a: Frieza|Pressure
|-end|p2a: Slither Wing|Protosynthesis|[silent]
|switch|p2a: Alomomola|Alomomola, F|100/100
|
|-weather|Sandstorm|[upkeep]
|-damage|p1a: Frieza|94/100|[from] Sandstorm
|-damage|p2a: Alomomola|94/100|[from] Sandstorm
|upkeep
|turn|28
|
|t:|1776164981
|move|p1a: Frieza|Shadow Ball|p2a: Alomomola
|-crit|p2a: Alomomola
|-damage|p2a: Alomomola|61/100
|move|p2a: Alomomola|Mirror Coat|p1a: Frieza
|-damage|p1a: Frieza|10/100
|
|-weather|Sandstorm|[upkeep]
|-damage|p1a: Frieza|4/100|[from] Sandstorm
|-damage|p2a: Alomomola|55/100|[from] Sandstorm
|upkeep
|turn|29
|j| graylv
|
|t:|1776164994
|move|p2a: Alomomola|Aqua Jet|p1a: Frieza
|-damage|p1a: Frieza|0 fnt
|faint|p1a: Frieza
|
|-weather|Sandstorm|[upkeep]
|-damage|p2a: Alomomola|48/100|[from] Sandstorm
|upkeep
|
|t:|1776164996
|switch|p1a: OP|Excadrill, F|84/100
|turn|30
|
|t:|1776165010
|switch|p2a: Slither Wing|Slither Wing, shiny|11/100 par
|move|p1a: OP|Earthquake|p2a: Slither Wing
|-resisted|p2a: Slither Wing
|-damage|p2a: Slither Wing|0 fnt
|faint|p2a: Slither Wing
|-end|p2a: Slither Wing|Protosynthesis|[silent]
|
|-weather|Sandstorm|[upkeep]
|upkeep
|
|t:|1776165012
|switch|p2a: Alomomola|Alomomola, F|82/100
|turn|31
|
|t:|1776165021
|-terastallize|p2a: Alomomola|Water
|move|p1a: OP|Earthquake|p2a: Alomomola
|-damage|p2a: Alomomola|22/100
|move|p2a: Alomomola|Flip Turn|p1a: OP
|-supereffective|p1a: OP
|-damage|p1a: OP|23/100
|
|t:|1776165026
|switch|p2a: Dragapult|Dragapult, F|71/100|[from] Flip Turn
|
|-weather|none
|upkeep
|turn|32
|j| Ctannn
|
|t:|1776165030
|switch|p1a: The sandstorm|Tyranitar, F, shiny|14/100 brn
|-weather|Sandstorm|[from] ability: Sand Stream|[of] p1a: The sandstorm
|move|p2a: Dragapult|Hex|p1a: The sandstorm
|-resisted|p1a: The sandstorm
|-damage|p1a: The sandstorm|0 fnt
|faint|p1a: The sandstorm
|
|-weather|Sandstorm|[upkeep]
|-damage|p2a: Dragapult|65/100|[from] Sandstorm
|upkeep
|
|t:|1776165036
|switch|p1a: OP|Excadrill, F|23/100
|turn|33
|
|t:|1776165038
|switch|p2a: Alomomola|Alomomola, F, tera:Water|55/100
|move|p1a: OP|Earthquake|p2a: Alomomola
|-damage|p2a: Alomomola|0 fnt
|faint|p2a: Alomomola
|
|-weather|Sandstorm|[upkeep]
|upkeep
|-message|cachowcapow forfeited.
|
|win|OP Earthquakes
|raw|OP Earthquakes's rating: 1701 &rarr; <strong>1720</strong><br />(+19 for winning)
|raw|cachowcapow's rating: 1680 &rarr; <strong>1661</strong><br />(-19 for losing)
|l|☆cachowcapow
|player|p2|
