|j|☆encore21768768
|j|☆Abyssal Bot
|t:|1776268659
|gametype|singles
|player|p1|encore21768768|265|
|player|p2|Abyssal Bot|supernerd|
|teamsize|p1|6
|teamsize|p2|6
|gen|9
|tier|[Gen 9] OU
|rule|Species Clause: Limit one of each Pokémon
|rule|OHKO Clause: OHKO moves are banned
|rule|Evasion Items Clause: Evasion items are banned
|rule|Evasion Moves Clause: Evasion moves are banned
|rule|Endless Battle Clause: Forcing endless battles is banned
|rule|HP Percentage Mod: HP is shown in percentages
|rule|Sleep Moves Clause: Sleep-inducing moves are banned
|clearpoke
|poke|p1|Latias, F|
|poke|p1|Frosmoth, F|
|poke|p1|Ninetales, M|
|poke|p1|Comfey, F|
|poke|p1|Magnezone|
|poke|p1|Great Tusk|
|poke|p2|Skarmory, F|
|poke|p2|Ting-Lu|
|poke|p2|Zamazenta-*|
|poke|p2|Weavile, M|
|poke|p2|Kyurem|
|poke|p2|Slowking-Galar, M|
|teampreview
|c|☆Abyssal Bot|Good Luck and Have Fun my Friend!
|inactive|Battle timer is ON: inactive players will automatically lose when time's up. (requested by Abyssal Bot)
|j|*Turbo Bottttt
|
|t:|1776268664
|start
|switch|p1a: the industry|Magnezone|100/100
|switch|p2a: Weavile|Weavile, M|100/100
|turn|1
|
|t:|1776268668
|switch|p1a: hollywood|Comfey, F|100/100
|move|p2a: Weavile|Low Kick|p1a: hollywood
|-resisted|p1a: hollywood
|-damage|p1a: hollywood|96/100
|
|upkeep
|turn|2
|
|t:|1776268670
|switch|p2a: Slowking|Slowking-Galar, M|100/100
|move|p1a: hollywood|Draining Kiss|p2a: Slowking
|-resisted|p2a: Slowking
|-damage|p2a: Slowking|93/100
|-heal|p1a: hollywood|100/100|[from] drain|[of] p2a: Slowking
|-damage|p1a: hollywood|91/100|[from] item: Life Orb
|
|upkeep
|turn|3
|
|t:|1776268672
|move|p1a: hollywood|Tailwind|p1a: hollywood
|-sidestart|p1: encore21768768|move: Tailwind
|move|p2a: Slowking|Future Sight|p1a: hollywood
|-start|p2a: Slowking|move: Future Sight
|
|upkeep
|turn|4
|
|t:|1776268676
|switch|p1a: the industry|Magnezone|100/100
|move|p2a: Slowking|Future Sight||[still]
|-fail|p2a: Slowking
|
|upkeep
|turn|5
|
|t:|1776268680
|switch|p2a: Ting-Lu|Ting-Lu|100/100
|-ability|p2a: Ting-Lu|Vessel of Ruin
|move|p1a: the industry|Flash Cannon|p2a: Ting-Lu
|-damage|p2a: Ting-Lu|85/100
|
|-end|p1a: the industry|move: Future Sight
|-resisted|p1a: the industry
|-damage|p1a: the industry|93/100
|upkeep
|turn|6
|
|t:|1776268688
|switch|p1a: excitement|Great Tusk|100/100
|move|p2a: Ting-Lu|Earthquake|p1a: excitement
|-damage|p1a: excitement|82/100
|
|-sideend|p1: encore21768768|move: Tailwind
|upkeep
|turn|7
|
|t:|1776268689
|switch|p2a: Skarmory|Skarmory, F|100/100
|move|p1a: excitement|Stealth Rock|p2a: Skarmory
|-sidestart|p2: Abyssal Bot|move: Stealth Rock
|
|upkeep
|turn|8
|
|t:|1776268691
|-end|p1a: excitement|Protosynthesis|[silent]
|switch|p1a: important|Ninetales, M|100/100
|-weather|Sunny Day|[from] ability: Drought|[of] p1a: important
|move|p2a: Skarmory|Stealth Rock|p1a: important
|-sidestart|p1: encore21768768|move: Stealth Rock
|
|-weather|Sunny Day|[upkeep]
|upkeep
|turn|9
|
|t:|1776268694
|switch|p2a: Kyurem|Kyurem|100/100
|-ability|p2a: Kyurem|Pressure
|move|p1a: important|Nasty Plot|p1a: important
|-boost|p1a: important|spa|2
|
|-weather|Sunny Day|[upkeep]
|upkeep
|turn|10
|
|t:|1776268696
|move|p1a: important|Fire Blast|p2a: Kyurem|[miss]
|-miss|p1a: important|p2a: Kyurem
|move|p2a: Kyurem|Earth Power|p1a: important
|-supereffective|p1a: important
|-damage|p1a: important|19/100
|
|-weather|Sunny Day|[upkeep]
|upkeep
|turn|11
|c|☆Abyssal Bot|I had warned you about hax!! HAHAHA
|
|t:|1776268698
|move|p1a: important|Fire Blast|p2a: Kyurem
|-damage|p2a: Kyurem|0
|faint|p2a: Kyurem
|
|-weather|Sunny Day|[upkeep]
|upkeep
|
|t:|1776268698
|switch|p2a: Zamazenta|Zamazenta|100/100
|-ability|p2a: Zamazenta|Dauntless Shield|boost
|-boost|p2a: Zamazenta|def|1
|turn|12
|
|t:|1776268705
|switch|p1a: hollywood|Comfey, F|91/100
|-damage|p1a: hollywood|78/100|[from] Stealth Rock|[of] p2: Skarmory
|move|p2a: Zamazenta|Crunch|p1a: hollywood
|-resisted|p1a: hollywood
|-damage|p1a: hollywood|60/100
|
|-weather|Sunny Day|[upkeep]
|upkeep
|turn|13
|
|t:|1776268708
|move|p2a: Zamazenta|Heavy Slam|p1a: hollywood
|-supereffective|p1a: hollywood
|-damage|p1a: hollywood|0
|faint|p1a: hollywood
|
|-weather|Sunny Day|[upkeep]
|upkeep
|
|t:|1776268720
|switch|p1a: 30 years|Latias, F|100/100
|-damage|p1a: 30 years|88/100|[from] Stealth Rock|[of] p2: Skarmory
|turn|14
|
|t:|1776268721
|move|p2a: Zamazenta|Crunch|p1a: 30 years
|-supereffective|p1a: 30 years
|-damage|p1a: 30 years|31/100
|move|p1a: 30 years|Dragon Pulse|p2a: Zamazenta
|-damage|p2a: Zamazenta|60/100
|
|-weather|Sunny Day|[upkeep]
|-heal|p1a: 30 years|37/100|[from] item: Leftovers
|upkeep
|turn|15
|
|t:|1776268723
|move|p2a: Zamazenta|Stone Edge|p1a: 30 years
|-crit|p1a: 30 years
|-damage|p1a: 30 years|0
|faint|p1a: 30 years
|
|-weather|none
|upkeep
|c|☆Abyssal Bot|I had warned you about hax!! HAHAHA
|
|t:|1776268727
|switch|p1a: excitement|Great Tusk|82/100
|-damage|p1a: excitement|79/100|[from] Stealth Rock|[of] p2: Skarmory
|turn|16
|
|t:|1776268728
|move|p2a: Zamazenta|Close Combat|p1a: excitement
|-damage|p1a: excitement|50/100
|-unboost|p2a: Zamazenta|def|1
|-unboost|p2a: Zamazenta|spd|1
|move|p1a: excitement|Earthquake|p2a: Zamazenta
|-damage|p2a: Zamazenta|0
|faint|p2a: Zamazenta
|
|upkeep
|
|t:|1776268728
|switch|p2a: Skarmory|Skarmory, F|100/100
|-damage|p2a: Skarmory|88/100|[from] Stealth Rock|[of] p1a: excitement
|turn|17
|
|t:|1776268734
|-end|p1a: excitement|Protosynthesis|[silent]
|switch|p1a: important|Ninetales, M|19/100
|-damage|p1a: important|0|[from] Stealth Rock|[of] p2a: Skarmory
|faint|p1a: important
|move|p2a: Skarmory|Brave Bird|p1: important|[notarget]
|-fail|p2a: Skarmory
|
|upkeep
|
|t:|1776268736
|switch|p1a: excitement|Great Tusk|50/100
|-damage|p1a: excitement|47/100|[from] Stealth Rock|[of] p2a: Skarmory
|turn|18
|
|t:|1776268737
|move|p1a: excitement|Rapid Spin|p2a: Skarmory
|-resisted|p2a: Skarmory
|-damage|p2a: Skarmory|82/100
|-boost|p1a: excitement|spe|1
|-damage|p1a: excitement|31/100|[from] item: Rocky Helmet|[of] p2a: Skarmory
|-sideend|p1: encore21768768|Stealth Rock|[from] move: Rapid Spin|[of] p1a: excitement
|move|p2a: Skarmory|Brave Bird|p1a: excitement
|-supereffective|p1a: excitement
|-damage|p1a: excitement|0
|faint|p1a: excitement
|-end|p1a: excitement|Protosynthesis|[silent]
|-damage|p2a: Skarmory|69/100|[from] Recoil
|
|upkeep
|
|t:|1776268739
|switch|p1a: the industry|Magnezone|93/100
|turn|19
|
|t:|1776268741
|move|p2a: Skarmory|Brave Bird|p1a: the industry
|-resisted|p1a: the industry
|-damage|p1a: the industry|85/100
|-damage|p2a: Skarmory|66/100|[from] Recoil
|move|p1a: the industry|Volt Switch|p2a: Skarmory
|-supereffective|p2a: Skarmory
|-damage|p2a: Skarmory|0
|faint|p2a: Skarmory
|
|t:|1776268743
|switch|p1a: merger|Frosmoth, F|100/100|[from] Volt Switch
|
|upkeep
|
|t:|1776268743
|switch|p2a: Slowking|Slowking-Galar, M|100/100
|turn|20
|
|t:|1776268745
|move|p1a: merger|Quiver Dance|p1a: merger
|-boost|p1a: merger|spa|1
|-boost|p1a: merger|spd|1
|-boost|p1a: merger|spe|1
|move|p2a: Slowking|Future Sight|p1a: merger
|-start|p2a: Slowking|move: Future Sight
|
|upkeep
|turn|21
|
|t:|1776268746
|move|p1a: merger|Quiver Dance|p1a: merger
|-boost|p1a: merger|spa|1
|-boost|p1a: merger|spd|1
|-boost|p1a: merger|spe|1
|move|p2a: Slowking|Toxic|p1a: merger
|-status|p1a: merger|tox
|
|-damage|p1a: merger|94/100 tox|[from] psn|[of] p2a: Slowking
|upkeep
|turn|22
|
|t:|1776268749
|move|p1a: merger|Quiver Dance|p1a: merger
|-boost|p1a: merger|spa|1
|-boost|p1a: merger|spd|1
|-boost|p1a: merger|spe|1
|move|p2a: Slowking|Chilly Reception|p2a: Slowking
|-weather|Snow
|
|t:|1776268749
|switch|p2a: Weavile|Weavile, M|100/100|[from] Chilly Reception
|
|-weather|Snow|[upkeep]
|-end|p1a: merger|move: Future Sight
|-damage|p1a: merger|84/100 tox
|-damage|p1a: merger|72/100 tox|[from] psn|[of] p2: Slowking
|upkeep
|turn|23
|
|t:|1776268751
|move|p1a: merger|Dazzling Gleam|p2a: Weavile
|-supereffective|p2a: Weavile
|-damage|p2a: Weavile|0
|faint|p2a: Weavile
|
|-weather|Snow|[upkeep]
|-damage|p1a: merger|53/100 tox|[from] psn|[of] p2: Slowking
|upkeep
|
|t:|1776268752
|switch|p2a: Slowking|Slowking-Galar, M|100/100
|turn|24
|
|t:|1776268754
|move|p1a: merger|Weather Ball|p2a: Slowking
|-damage|p2a: Slowking|36/100
|move|p2a: Slowking|Chilly Reception|p2a: Slowking
|
|t:|1776268754
|switch|p2a: Ting-Lu|Ting-Lu|85/100|[from] Chilly Reception
|-ability|p2a: Ting-Lu|Vessel of Ruin
|
|-weather|Snow|[upkeep]
|-damage|p1a: merger|29/100 tox|[from] psn|[of] p2: Slowking
|upkeep
|turn|25
|
|t:|1776268758
|move|p1a: merger|Weather Ball|p2a: Ting-Lu
|-supereffective|p2a: Ting-Lu
|-damage|p2a: Ting-Lu|0
|faint|p2a: Ting-Lu
|
|-weather|Snow|[upkeep]
|-damage|p1a: merger|0 tox|[from] psn|[of] p2: Slowking
|faint|p1a: merger
|upkeep
|
|t:|1776268762
|switch|p1a: the industry|Magnezone|85/100
|switch|p2a: Slowking|Slowking-Galar, M|69/100
|turn|26
|
|t:|1776268764
|move|p1a: the industry|Charge Beam|p2a: Slowking
|-damage|p2a: Slowking|57/100
|-boost|p1a: the industry|spa|1
|move|p2a: Slowking|Future Sight|p1a: the industry
|-start|p2a: Slowking|move: Future Sight
|
|-weather|none
|upkeep
|turn|27
|
|t:|1776268768
|move|p1a: the industry|Charge Beam|p2a: Slowking
|-damage|p2a: Slowking|38/100
|-boost|p1a: the industry|spa|1
|move|p2a: Slowking|Future Sight||[still]
|-fail|p2a: Slowking
|
|upkeep
|turn|28
|
|t:|1776268770
|move|p1a: the industry|Charge Beam|p2a: Slowking
|-damage|p2a: Slowking|12/100
|-boost|p1a: the industry|spa|1
|move|p2a: Slowking|Future Sight||[still]
|-fail|p2a: Slowking
|
|-end|p1a: the industry|move: Future Sight
|-resisted|p1a: the industry
|-damage|p1a: the industry|73/100
|upkeep
|turn|29
|
|t:|1776268772
|move|p1a: the industry|Discharge|p2a: Slowking
|-damage|p2a: Slowking|0
|faint|p2a: Slowking
|
|win|encore21768768
|c|☆Abyssal Bot|This loss doesn't matter, because I'm just a bot.
|l|☆Abyssal Bot
|player|p2|
|l|*Turbo Bottttt
