|html|<div class="broadcast-blue"><strong>[Gen 9] OU is currently suspecting Tera Blast! For information on how to participate check out the <a href="https://www.smogon.com/tools/suspects/view/200">suspect thread</a>.</strong></div>
|j|☆byuself
|j|☆abhii.g
|t:|1776293529
|gametype|singles
|player|p1|byuself|266|1613
|player|p2|abhii.g|benga|1671
|gen|9
|tier|[Gen 9] OU
|rated|
|rule|HP Percentage Mod: HP is shown in percentages
|rule|Endless Battle Clause: Forcing endless battles is banned
|rule|Species Clause: Limit one of each Pokémon
|rule|OHKO Clause: OHKO moves are banned
|rule|Evasion Items Clause: Evasion items are banned
|rule|Evasion Moves Clause: Evasion moves are banned
|rule|Evasion Abilities Clause: Evasion abilities are banned
|rule|Sleep Moves Clause: Sleep-inducing moves are banned
|clearpoke
|poke|p1|Pelipper, L99, F|
|poke|p1|Raging Bolt|
|poke|p1|Barraskewda, M|
|poke|p1|Pecharunt|
|poke|p1|Zapdos|
|poke|p1|Iron Treads|
|poke|p2|Dragonite, F|
|poke|p2|Zamazenta-*|
|poke|p2|Landorus-Therian, M|
|poke|p2|Gholdengo|
|poke|p2|Darkrai|
|poke|p2|Hatterene, F|
|teampreview
|inactive|Battle timer is ON: inactive players will automatically lose when time's up. (requested by abhii.g)
|
|t:|1776293543
|teamsize|p1|6
|teamsize|p2|6
|start
|switch|p1a: Barraskewda|Barraskewda, M|100/100
|switch|p2a: Gholdengo|Gholdengo|100/100
|turn|1
|
|t:|1776293553
|switch|p1a: Pelipper|Pelipper, L99, F|100/100
|-weather|RainDance|[from] ability: Drizzle|[of] p1a: Pelipper
|move|p2a: Gholdengo|Recover||[still]
|-fail|p2a: Gholdengo|heal
|
|-weather|RainDance|[upkeep]
|upkeep
|turn|2
|
|t:|1776293559
|move|p2a: Gholdengo|Thunderbolt|p1a: Pelipper
|-supereffective|p1a: Pelipper
|-damage|p1a: Pelipper|0 fnt
|faint|p1a: Pelipper
|
|-weather|RainDance|[upkeep]
|upkeep
|
|t:|1776293563
|switch|p1a: Barraskewda|Barraskewda, M|100/100
|turn|3
|j| North Ryder
|
|t:|1776293570
|switch|p2a: Dragonite|Dragonite, F|100/100
|-terastallize|p1a: Barraskewda|Water
|move|p1a: Barraskewda|Liquidation|p2a: Dragonite
|-resisted|p2a: Dragonite
|-damage|p2a: Dragonite|60/100
|
|-weather|RainDance|[upkeep]
|upkeep
|turn|4
|l| North Ryder
|
|t:|1776293579
|move|p2a: Dragonite|Extreme Speed|p1a: Barraskewda
|-damage|p1a: Barraskewda|40/100
|move|p1a: Barraskewda|Liquidation|p2a: Dragonite
|-resisted|p2a: Dragonite
|-damage|p2a: Dragonite|0 fnt
|faint|p2a: Dragonite
|
|-weather|RainDance|[upkeep]
|upkeep
|
|t:|1776293607
|switch|p2a: Zamazenta|Zamazenta|100/100
|-ability|p2a: Zamazenta|Dauntless Shield|boost
|-boost|p2a: Zamazenta|def|1
|turn|5
|
|t:|1776293614
|switch|p1a: Zapdos|Zapdos|100/100
|move|p2a: Zamazenta|Body Press|p1a: Zapdos
|-resisted|p1a: Zapdos
|-damage|p1a: Zapdos|63/100
|
|-weather|RainDance|[upkeep]
|upkeep
|turn|6
|
|t:|1776293620
|switch|p2a: Hatterene|Hatterene, F|100/100
|move|p1a: Zapdos|Volt Switch|p2a: Hatterene
|-damage|p2a: Hatterene|77/100
|
|t:|1776293622
|switch|p1a: Barraskewda|Barraskewda, M, tera:Water|40/100|[from] Volt Switch
|
|-weather|RainDance|[upkeep]
|upkeep
|turn|7
|
|t:|1776293639
|-terastallize|p2a: Hatterene|Water
|move|p1a: Barraskewda|Liquidation|p2a: Hatterene
|-resisted|p2a: Hatterene
|-damage|p2a: Hatterene|3/100
|move|p2a: Hatterene|Draining Kiss|p1a: Barraskewda
|-damage|p1a: Barraskewda|0 fnt
|-heal|p2a: Hatterene|28/100|[from] drain|[of] p1a: Barraskewda
|faint|p1a: Barraskewda
|
|-weather|RainDance|[upkeep]
|upkeep
|
|t:|1776293650
|switch|p1a: Zapdos|Zapdos|63/100
|turn|8
|
|t:|1776293659
|move|p1a: Zapdos|Hurricane|p2a: Hatterene
|-damage|p2a: Hatterene|0 fnt
|faint|p2a: Hatterene
|
|-weather|none
|upkeep
|j| rexa2
|
|t:|1776293664
|switch|p2a: Darkrai|Darkrai|100/100
|turn|9
|
|t:|1776293676
|move|p2a: Darkrai|Ice Beam|p1a: Zapdos
|-supereffective|p1a: Zapdos
|-damage|p1a: Zapdos|0 fnt
|faint|p1a: Zapdos
|
|upkeep
|
|t:|1776293678
|switch|p1a: Raging Bolt|Raging Bolt|100/100
|turn|10
|
|t:|1776293685
|move|p2a: Darkrai|Ice Beam|p1a: Raging Bolt
|-supereffective|p1a: Raging Bolt
|-damage|p1a: Raging Bolt|47/100
|move|p1a: Raging Bolt|Draco Meteor|p2a: Darkrai|[miss]
|-miss|p1a: Raging Bolt|p2a: Darkrai
|
|upkeep
|turn|11
|-message|byuself forfeited.
|
|win|abhii.g
|raw|byuself's rating: 1613 &rarr; <strong>1596</strong><br />(-17 for losing)
|raw|abhii.g's rating: 1671 &rarr; <strong>1688</strong><br />(+17 for winning)
|l|☆byuself
|player|p1|
