|html|<div class="broadcast-blue"><strong>[Gen 9] OU is currently suspecting Tera Blast! For information on how to participate check out the <a href="https://www.smogon.com/tools/suspects/view/200">suspect thread</a>.</strong></div>
|j|☆Dripple3000
|j|☆noobinator3000
|t:|1776038599
|gametype|singles
|player|p1|Dripple3000|ingo|1513
|player|p2|noobinator3000|265|1570
|gen|9
|tier|[Gen 9] OU
|rated|
|rule|HP Percentage Mod: HP is shown in percentages
|rule|Endless Battle Clause: Forcing endless battles is banned
|rule|Species Clause: Limit one of each Pokémon
|rule|OHKO Clause: OHKO moves are banned
|rule|Evasion Items Clause: Evasion items are banned
|rule|Evasion Moves Clause: Evasion moves are banned
|rule|Evasion Abilities Clause: Evasion abilities are banned
|rule|Sleep Moves Clause: Sleep-inducing moves are banned
|clearpoke
|poke|p1|Pelipper, F|
|poke|p1|Barraskewda, F|
|poke|p1|Iron Treads|
|poke|p1|Overqwil, F|
|poke|p1|Raging Bolt|
|poke|p1|Kingambit, M|
|poke|p2|Maushold|
|poke|p2|Donphan, F|
|poke|p2|Deoxys-Speed|
|poke|p2|Ursaluna, M|
|poke|p2|Pecharunt|
|poke|p2|Iron Valiant|
|teampreview
|inactive|Battle timer is ON: inactive players will automatically lose when time's up. (requested by Dripple3000)
|
|t:|1776038607
|teamsize|p1|6
|teamsize|p2|6
|start
|switch|p1a: Nigel|Pelipper, F, shiny|100/100
|switch|p2a: Deoxys|Deoxys-Speed|100/100
|-ability|p2a: Deoxys|Pressure
|-weather|RainDance|[from] ability: Drizzle|[of] p1a: Nigel
|turn|1
|
|t:|1776038611
|move|p2a: Deoxys|Reflect|p2a: Deoxys
|-sidestart|p2: noobinator3000|Reflect
|move|p1a: Nigel|U-turn|p2a: Deoxys
|-supereffective|p2a: Deoxys
|-crit|p2a: Deoxys
|-damage|p2a: Deoxys|66/100
|
|t:|1776038619
|switch|p1a: Kinta|Overqwil, F|100/100|[from] U-turn
|
|-weather|RainDance|[upkeep]
|upkeep
|turn|2
|
|t:|1776038621
|move|p1a: Kinta|Crunch|p2a: Deoxys
|-supereffective|p2a: Deoxys
|-damage|p2a: Deoxys|1/100
|-damage|p1a: Kinta|91/100|[from] item: Life Orb
|move|p2a: Deoxys|Light Screen|p2a: Deoxys
|-sidestart|p2: noobinator3000|move: Light Screen
|
|-weather|RainDance|[upkeep]
|upkeep
|turn|3
|
|t:|1776038625
|move|p1a: Kinta|Crunch|p2a: Deoxys
|-supereffective|p2a: Deoxys
|-damage|p2a: Deoxys|0 fnt
|faint|p2a: Deoxys
|-damage|p1a: Kinta|81/100|[from] item: Life Orb
|
|-weather|RainDance|[upkeep]
|upkeep
|inactive|noobinator3000 has 120 seconds left.
|
|t:|1776038665
|switch|p2a: Donphan|Donphan, F|100/100
|turn|4
|
|t:|1776038670
|-terastallize|p1a: Kinta|Water
|move|p1a: Kinta|Liquidation|p2a: Donphan
|-supereffective|p2a: Donphan
|-damage|p2a: Donphan|31/100
|-damage|p1a: Kinta|71/100|[from] item: Life Orb
|move|p2a: Donphan|Earthquake|p1a: Kinta
|-damage|p1a: Kinta|9/100
|
|-weather|RainDance|[upkeep]
|upkeep
|turn|5
|inactive|noobinator3000 has 120 seconds left.
|
|t:|1776038693
|move|p1a: Kinta|Liquidation|p2a: Donphan
|-supereffective|p2a: Donphan
|-damage|p2a: Donphan|0 fnt
|faint|p2a: Donphan
|-damage|p1a: Kinta|0 fnt|[from] item: Life Orb
|faint|p1a: Kinta
|
|-weather|RainDance|[upkeep]
|upkeep
|inactive|noobinator3000 has 120 seconds left.
|
|t:|1776038704
|switch|p1a: Ghoti|Barraskewda, F|100/100
|switch|p2a: Pecharunt|Pecharunt|100/100
|turn|6
|
|t:|1776038707
|move|p1a: Ghoti|Flip Turn|p2a: Pecharunt
|-damage|p2a: Pecharunt|73/100
|
|t:|1776038716
|switch|p1a: Little Foot|Raging Bolt|100/100|[from] Flip Turn
|-enditem|p1a: Little Foot|Booster Energy
|-activate|p1a: Little Foot|ability: Protosynthesis|[fromitem]
|-start|p1a: Little Foot|protosynthesisspa
|move|p2a: Pecharunt|Nasty Plot|p2a: Pecharunt
|-boost|p2a: Pecharunt|spa|2
|
|-weather|RainDance|[upkeep]
|upkeep
|turn|7
|
|t:|1776038724
|move|p2a: Pecharunt|Malignant Chain|p1a: Little Foot
|-damage|p1a: Little Foot|26/100
|move|p1a: Little Foot|Thunder|p2a: Pecharunt
|-crit|p2a: Pecharunt
|-damage|p2a: Pecharunt|0 fnt
|faint|p2a: Pecharunt
|
|-weather|RainDance|[upkeep]
|upkeep
|
|t:|1776038733
|switch|p2a: Iron Valiant|Iron Valiant|100/100
|-enditem|p2a: Iron Valiant|Booster Energy
|-activate|p2a: Iron Valiant|ability: Quark Drive|[fromitem]
|-start|p2a: Iron Valiant|quarkdrivespe
|turn|8
|
|t:|1776038753
|-terastallize|p2a: Iron Valiant|Electric
|move|p2a: Iron Valiant|Swords Dance|p2a: Iron Valiant
|-boost|p2a: Iron Valiant|atk|2
|move|p1a: Little Foot|Thunder|p2a: Iron Valiant
|-resisted|p2a: Iron Valiant
|-damage|p2a: Iron Valiant|65/100
|
|-weather|none
|-sideend|p2: noobinator3000|Reflect
|upkeep
|turn|9
|
|t:|1776038761
|move|p2a: Iron Valiant|Knock Off|p1a: Little Foot
|-damage|p1a: Little Foot|0 fnt
|faint|p1a: Little Foot
|-end|p1a: Little Foot|Protosynthesis|[silent]
|
|-sideend|p2: noobinator3000|move: Light Screen
|upkeep
|
|t:|1776038767
|switch|p1a: Nigel|Pelipper, F, shiny|100/100
|-weather|RainDance|[from] ability: Drizzle|[of] p1a: Nigel
|turn|10
|
|t:|1776038770
|move|p2a: Iron Valiant|Knock Off|p1a: Nigel
|-damage|p1a: Nigel|50/100
|-enditem|p1a: Nigel|Damp Rock|[from] move: Knock Off|[of] p2a: Iron Valiant
|move|p1a: Nigel|Weather Ball|p2a: Iron Valiant
|-damage|p2a: Iron Valiant|0 fnt
|faint|p2a: Iron Valiant
|-end|p2a: Iron Valiant|Quark Drive|[silent]
|
|-weather|RainDance|[upkeep]
|upkeep
|
|t:|1776038774
|switch|p2a: Maushold|Maushold|100/100
|turn|11
|
|t:|1776038777
|switch|p1a: Nelly|Iron Treads|100/100
|-enditem|p1a: Nelly|Booster Energy
|-activate|p1a: Nelly|ability: Quark Drive|[fromitem]
|-start|p1a: Nelly|quarkdrivespe
|move|p2a: Maushold|Tidy Up|p2a: Maushold
|-boost|p2a: Maushold|atk|1
|-boost|p2a: Maushold|spe|1
|
|-weather|RainDance|[upkeep]
|upkeep
|turn|12
|
|t:|1776038786
|move|p2a: Maushold|Tidy Up|p2a: Maushold
|-boost|p2a: Maushold|atk|1
|-boost|p2a: Maushold|spe|1
|move|p1a: Nelly|Steel Beam|p2a: Maushold
|-damage|p2a: Maushold|21/100
|-damage|p1a: Nelly|50/100|[from] steelbeam
|
|-weather|RainDance|[upkeep]
|upkeep
|turn|13
|
|t:|1776038792
|move|p2a: Maushold|Population Bomb|p1a: Nelly
|-resisted|p1a: Nelly
|-damage|p1a: Nelly|40/100
|-resisted|p1a: Nelly
|-damage|p1a: Nelly|30/100
|-resisted|p1a: Nelly
|-crit|p1a: Nelly
|-damage|p1a: Nelly|15/100
|-resisted|p1a: Nelly
|-damage|p1a: Nelly|5/100
|-resisted|p1a: Nelly
|-crit|p1a: Nelly
|-damage|p1a: Nelly|0 fnt
|faint|p1a: Nelly
|-end|p1a: Nelly|Quark Drive|[silent]
|-hitcount|p1: Nelly|5
|
|-weather|RainDance|[upkeep]
|upkeep
|
|t:|1776038797
|switch|p1a: Ghoti|Barraskewda, F|100/100
|turn|14
|
|t:|1776038801
|move|p1a: Ghoti|Aqua Jet|p2a: Maushold
|-damage|p2a: Maushold|0 fnt
|faint|p2a: Maushold
|
|-weather|RainDance|[upkeep]
|upkeep
|
|t:|1776038803
|switch|p2a: Ursaluna|Ursaluna, M|100/100
|turn|15
|
|t:|1776038810
|switch|p1a: Nigel|Pelipper, F, shiny|50/100
|move|p2a: Ursaluna|Facade|p1a: Nigel
|-damage|p1a: Nigel|15/100
|
|-weather|RainDance|[upkeep]
|-status|p2a: Ursaluna|brn|[from] item: Flame Orb
|upkeep
|turn|16
|
|t:|1776038814
|move|p2a: Ursaluna|Facade|p1a: Nigel
|-damage|p1a: Nigel|0 fnt
|faint|p1a: Nigel
|
|-weather|RainDance|[upkeep]
|-damage|p2a: Ursaluna|94/100 brn|[from] brn
|upkeep
|
|t:|1776038816
|switch|p1a: Ghoti|Barraskewda, F|100/100
|turn|17
|
|t:|1776038818
|move|p1a: Ghoti|Liquidation|p2a: Ursaluna
|-supereffective|p2a: Ursaluna
|-damage|p2a: Ursaluna|0 fnt
|faint|p2a: Ursaluna
|
|win|Dripple3000
|raw|Dripple3000's rating: 1513 &rarr; <strong>1536</strong><br />(+23 for winning)
|raw|noobinator3000's rating: 1570 &rarr; <strong>1547</strong><br />(-23 for losing)
|l|☆noobinator3000
|player|p2|
|l|☆Dripple3000
|player|p1|
