|html|<div class="broadcast-blue"><strong>[Gen 9] OU is currently suspecting Volcarona! For information on how to participate check out the <a href="https://www.smogon.com/tools/suspects/view/208">suspect thread</a>.</strong></div>
|j|☆A$AP_Sayori
|j|☆snorlaxated
|t:|1778506782
|gametype|singles
|player|p1|A$AP_Sayori|mars|
|player|p2|snorlaxated|drayden|
|gen|9
|tier|[Gen 9] OU
|rule|HP Percentage Mod: HP is shown in percentages
|rule|Endless Battle Clause: Forcing endless battles is banned
|rule|Species Clause: Limit one of each Pokémon
|rule|OHKO Clause: OHKO moves are banned
|rule|Evasion Items Clause: Evasion items are banned
|rule|Evasion Moves Clause: Evasion moves are banned
|rule|Evasion Abilities Clause: Evasion abilities are banned
|rule|Sleep Moves Clause: Sleep-inducing moves are banned
|clearpoke
|poke|p1|Gallade, M|
|poke|p1|Samurott-Hisui, M|
|poke|p1|Volcarona, F|
|poke|p1|Garganacl, F|
|poke|p1|Sylveon, F|
|poke|p1|Dragapult, M|
|poke|p2|Moltres-Galar|
|poke|p2|Gholdengo|
|poke|p2|Samurott-Hisui, F|
|poke|p2|Smeargle, M|
|poke|p2|Zamazenta-*|
|poke|p2|Deoxys-Speed|
|teampreview
|inactive|Battle timer is ON: inactive players will automatically lose when time's up. (requested by snorlaxated)
|
|t:|1778506793
|teamsize|p1|6
|teamsize|p2|6
|start
|switch|p1a: Dragapult|Dragapult, M|100/100
|switch|p2a: Deoxys|Deoxys-Speed|100/100
|-ability|p2a: Deoxys|Pressure
|turn|1
|
|t:|1778506800
|switch|p2a: Moltres|Moltres-Galar|100/100
|move|p1a: Dragapult|Sucker Punch||[still]
|-fail|p1a: Dragapult
|
|upkeep
|turn|2
|
|t:|1778506804
|move|p1a: Dragapult|Dragon Darts|p2a: Moltres
|-damage|p2a: Moltres|73/100
|-anim|p1a: Dragapult|Dragon Darts|p2a: Moltres
|-damage|p2a: Moltres|42/100
|-enditem|p2a: Moltres|Sitrus Berry|[eat]
|-heal|p2a: Moltres|67/100|[from] item: Sitrus Berry
|move|p2a: Moltres|Agility|p2a: Moltres
|-boost|p2a: Moltres|spe|2
|
|upkeep
|turn|3
|
|t:|1778506815
|move|p2a: Moltres|Fiery Wrath|p1a: Dragapult
|-supereffective|p1a: Dragapult
|-damage|p1a: Dragapult|28/100
|move|p1a: Dragapult|Dragon Darts|p2a: Moltres
|-damage|p2a: Moltres|40/100
|-anim|p1a: Dragapult|Dragon Darts|p2a: Moltres
|-damage|p2a: Moltres|11/100
|-ability|p2a: Moltres|Berserk|boost
|-boost|p2a: Moltres|spa|1
|
|upkeep
|turn|4
|
|t:|1778506823
|move|p2a: Moltres|Fiery Wrath|p1a: Dragapult
|-supereffective|p1a: Dragapult
|-damage|p1a: Dragapult|0 fnt
|faint|p1a: Dragapult
|
|upkeep
|
|t:|1778506831
|switch|p1a: Volcarona|Volcarona, F, shiny|100/100
|turn|5
|
|t:|1778506837
|move|p2a: Moltres|Hurricane|p1a: Volcarona
|-supereffective|p1a: Volcarona
|-damage|p1a: Volcarona|0 fnt
|faint|p1a: Volcarona
|
|upkeep
|
|t:|1778506841
|switch|p1a: Samurott|Samurott-Hisui, M, shiny|100/100
|turn|6
|
|t:|1778506845
|move|p2a: Moltres|Hurricane|p1a: Samurott|[miss]
|-miss|p2a: Moltres|p1a: Samurott
|move|p1a: Samurott|Razor Shell|p2a: Moltres
|-damage|p2a: Moltres|0 fnt
|faint|p2a: Moltres
|
|upkeep
|
|t:|1778506848
|switch|p2a: Smeargle|Smeargle, M|100/100
|turn|7
|
|t:|1778506854
|move|p1a: Samurott|Sacred Sword|p2a: Smeargle
|-supereffective|p2a: Smeargle
|-damage|p2a: Smeargle|0 fnt
|faint|p2a: Smeargle
|
|upkeep
|
|t:|1778506862
|switch|p2a: Zamazenta|Zamazenta|100/100
|-ability|p2a: Zamazenta|Dauntless Shield|boost
|-boost|p2a: Zamazenta|def|1
|turn|8
|
|t:|1778506867
|move|p2a: Zamazenta|Iron Defense|p2a: Zamazenta
|-boost|p2a: Zamazenta|def|2
|move|p1a: Samurott|Razor Shell|p2a: Zamazenta
|-damage|p2a: Zamazenta|80/100
|-unboost|p2a: Zamazenta|def|1
|
|-heal|p2a: Zamazenta|86/100|[from] item: Leftovers
|upkeep
|turn|9
|
|t:|1778506879
|move|p2a: Zamazenta|Body Press|p1a: Samurott
|-supereffective|p1a: Samurott
|-damage|p1a: Samurott|0 fnt
|faint|p1a: Samurott
|
|-heal|p2a: Zamazenta|92/100|[from] item: Leftovers
|upkeep
|
|t:|1778506882
|switch|p1a: Sylveon|Sylveon, F, shiny|100/100
|turn|10
|
|t:|1778506885
|-terastallize|p2a: Zamazenta|Steel
|move|p2a: Zamazenta|Heavy Slam|p1a: Sylveon
|-supereffective|p1a: Sylveon
|-damage|p1a: Sylveon|0 fnt
|faint|p1a: Sylveon
|
|-heal|p2a: Zamazenta|98/100|[from] item: Leftovers
|upkeep
|
|t:|1778506890
|switch|p1a: Garganacl|Garganacl, F|100/100
|turn|11
|
|t:|1778506892
|move|p2a: Zamazenta|Body Press|p1a: Garganacl
|-supereffective|p1a: Garganacl
|-damage|p1a: Garganacl|4/100
|move|p1a: Garganacl|Salt Cure|p2a: Zamazenta
|-resisted|p2a: Zamazenta
|-damage|p2a: Zamazenta|96/100
|-start|p2a: Zamazenta|Salt Cure
|
|-heal|p2a: Zamazenta|100/100|[from] item: Leftovers
|-heal|p1a: Garganacl|10/100|[from] item: Leftovers
|-damage|p2a: Zamazenta|76/100|[from] Salt Cure
|upkeep
|turn|12
|
|t:|1778506895
|move|p1a: Garganacl|Protect|p1a: Garganacl
|-singleturn|p1a: Garganacl|Protect
|move|p2a: Zamazenta|Body Press|p1a: Garganacl
|-activate|p1a: Garganacl|move: Protect
|
|-heal|p2a: Zamazenta|82/100|[from] item: Leftovers
|-heal|p1a: Garganacl|16/100|[from] item: Leftovers
|-damage|p2a: Zamazenta|57/100|[from] Salt Cure
|upkeep
|turn|13
|
|t:|1778506905
|move|p2a: Zamazenta|Body Press|p1a: Garganacl
|-supereffective|p1a: Garganacl
|-damage|p1a: Garganacl|0 fnt
|faint|p1a: Garganacl
|
|-heal|p2a: Zamazenta|63/100|[from] item: Leftovers
|-damage|p2a: Zamazenta|38/100|[from] Salt Cure
|upkeep
|
|t:|1778506908
|switch|p1a: Gallade|Gallade, M, shiny|100/100
|turn|14
|
|t:|1778506914
|move|p2a: Zamazenta|Heavy Slam|p1a: Gallade
|-damage|p1a: Gallade|33/100
|move|p1a: Gallade|Drain Punch|p2a: Zamazenta
|-supereffective|p2a: Zamazenta
|-damage|p2a: Zamazenta|0 fnt
|-heal|p1a: Gallade|55/100|[from] drain|[of] p2a: Zamazenta
|faint|p2a: Zamazenta
|-damage|p1a: Gallade|46/100|[from] item: Life Orb
|
|upkeep
|
|t:|1778506917
|switch|p2a: Gholdengo|Gholdengo|100/100
|turn|15
|
|t:|1778506921
|move|p2a: Gholdengo|Shadow Ball|p1a: Gallade
|-supereffective|p1a: Gallade
|-damage|p1a: Gallade|0 fnt
|faint|p1a: Gallade
|
|win|snorlaxated
