|html|<div class="broadcast-blue"><strong>[Gen 9] OU is currently suspecting Tera Blast! For information on how to participate check out the <a href="https://www.smogon.com/tools/suspects/view/200">suspect thread</a>.</strong></div>
|j|☆max769
|j|☆wallahi brobini
|t:|1776188062
|gametype|singles
|player|p1|max769|102|1253
|player|p2|wallahi brobini|170|1261
|gen|9
|tier|[Gen 9] OU
|rated|
|rule|HP Percentage Mod: HP is shown in percentages
|rule|Endless Battle Clause: Forcing endless battles is banned
|rule|Species Clause: Limit one of each Pokémon
|rule|OHKO Clause: OHKO moves are banned
|rule|Evasion Items Clause: Evasion items are banned
|rule|Evasion Moves Clause: Evasion moves are banned
|rule|Evasion Abilities Clause: Evasion abilities are banned
|rule|Sleep Moves Clause: Sleep-inducing moves are banned
|clearpoke
|poke|p1|Ursaluna, M|
|poke|p1|Iron Valiant|
|poke|p1|Hatterene, F|
|poke|p1|Heatran, F|
|poke|p1|Enamorus, F|
|poke|p1|Greninja-*, M|
|poke|p2|Scizor, M|
|poke|p2|Great Tusk|
|poke|p2|Haxorus, F|
|poke|p2|Dragapult, F|
|poke|p2|Hydrapple, F|
|poke|p2|Tornadus-Therian, M|
|teampreview
|inactive|Battle timer is ON: inactive players will automatically lose when time's up. (requested by wallahi brobini)
|
|t:|1776188072
|teamsize|p1|6
|teamsize|p2|6
|start
|switch|p1a: Enamorus|Enamorus, F|100/100
|switch|p2a: Tornadus|Tornadus-Therian, M|100/100
|turn|1
|
|t:|1776188083
|switch|p1a: Hatterene|Hatterene, F|100/100
|move|p2a: Tornadus|Bleakwind Storm|p1a: Hatterene
|-damage|p1a: Hatterene|42/100
|-damage|p2a: Tornadus|91/100|[from] item: Life Orb
|
|upkeep
|turn|2
|
|t:|1776188091
|move|p2a: Tornadus|Bleakwind Storm|p1a: Hatterene
|-damage|p1a: Hatterene|0 fnt
|faint|p1a: Hatterene
|-damage|p2a: Tornadus|81/100|[from] item: Life Orb
|
|upkeep
|
|t:|1776188103
|switch|p1a: Greninja|Greninja, M|100/100
|turn|3
|
|t:|1776188109
|switch|p2a: Scizor|Scizor, M|100/100
|move|p1a: Greninja|Ice Beam|p2a: Scizor
|-resisted|p2a: Scizor
|-damage|p2a: Scizor|84/100
|
|upkeep
|turn|4
|
|t:|1776188120
|switch|p1a: Heatran|Heatran, F|100/100
|move|p2a: Scizor|U-turn|p1a: Heatran
|-resisted|p1a: Heatran
|-damage|p1a: Heatran|86/100
|
|t:|1776188129
|switch|p2a: Haxorus|Haxorus, F|100/100|[from] U-turn
|-ability|p2a: Haxorus|Mold Breaker
|
|-heal|p1a: Heatran|92/100|[from] item: Leftovers
|upkeep
|turn|5
|
|t:|1776188138
|move|p2a: Haxorus|Earthquake|p1a: Heatran
|-supereffective|p1a: Heatran
|-damage|p1a: Heatran|0 fnt
|faint|p1a: Heatran
|
|upkeep
|
|t:|1776188145
|switch|p1a: Enamorus|Enamorus, F|100/100
|turn|6
|
|t:|1776188163
|switch|p2a: Hydrapple|Hydrapple, F|100/100
|move|p1a: Enamorus|Mystical Fire|p2a: Hydrapple
|-damage|p2a: Hydrapple|61/100
|-unboost|p2a: Hydrapple|spa|1
|
|upkeep
|turn|7
|
|t:|1776188173
|switch|p2a: Scizor|Scizor, M|84/100
|move|p1a: Enamorus|Mystical Fire|p2a: Scizor
|-supereffective|p2a: Scizor
|-damage|p2a: Scizor|0 fnt
|faint|p2a: Scizor
|
|upkeep
|c|☆wallahi brobini|son
|
|t:|1776188195
|switch|p2a: Great Tusk|Great Tusk|100/100
|-enditem|p2a: Great Tusk|Booster Energy
|-activate|p2a: Great Tusk|ability: Protosynthesis|[fromitem]
|-start|p2a: Great Tusk|protosynthesisspe
|turn|8
|
|t:|1776188209
|switch|p1a: Ursaluna|Ursaluna, M|100/100
|move|p2a: Great Tusk|Rapid Spin|p1a: Ursaluna
|-damage|p1a: Ursaluna|90/100
|-boost|p2a: Great Tusk|spe|1
|
|-status|p1a: Ursaluna|brn|[from] item: Flame Orb
|upkeep
|turn|9
|inactive|wallahi brobini has 120 seconds left.
|
|t:|1776188231
|move|p2a: Great Tusk|Bulk Up|p2a: Great Tusk
|-boost|p2a: Great Tusk|atk|1
|-boost|p2a: Great Tusk|def|1
|move|p1a: Ursaluna|Facade|p2a: Great Tusk
|-damage|p2a: Great Tusk|45/100
|
|-damage|p1a: Ursaluna|84/100 brn|[from] brn
|upkeep
|turn|10
|inactive|wallahi brobini has 120 seconds left.
|
|t:|1776188239
|move|p2a: Great Tusk|Bulk Up|p2a: Great Tusk
|-boost|p2a: Great Tusk|atk|1
|-boost|p2a: Great Tusk|def|1
|move|p1a: Ursaluna|Facade|p2a: Great Tusk
|-damage|p2a: Great Tusk|4/100
|
|-damage|p1a: Ursaluna|78/100 brn|[from] brn
|upkeep
|turn|11
|
|t:|1776188249
|-terastallize|p2a: Great Tusk|Ice
|move|p2a: Great Tusk|Ice Spinner|p1a: Ursaluna
|-supereffective|p1a: Ursaluna
|-damage|p1a: Ursaluna|0 fnt
|faint|p1a: Ursaluna
|
|upkeep
|
|t:|1776188258
|switch|p1a: Iron Valiant|Iron Valiant|100/100
|-enditem|p1a: Iron Valiant|Booster Energy
|-activate|p1a: Iron Valiant|ability: Quark Drive|[fromitem]
|-start|p1a: Iron Valiant|quarkdrivespe
|turn|12
|
|t:|1776188267
|-end|p2a: Great Tusk|Protosynthesis|[silent]
|switch|p2a: Tornadus|Tornadus-Therian, M|100/100
|move|p1a: Iron Valiant|Knock Off|p2a: Tornadus
|-damage|p2a: Tornadus|60/100
|-enditem|p2a: Tornadus|Life Orb|[from] move: Knock Off|[of] p1a: Iron Valiant
|
|upkeep
|turn|13
|
|t:|1776188278
|move|p1a: Iron Valiant|Thunderbolt|p2a: Tornadus
|-supereffective|p2a: Tornadus
|-damage|p2a: Tornadus|0 fnt
|faint|p2a: Tornadus
|
|upkeep
|inactive|wallahi brobini has 120 seconds left.
|
|t:|1776188306
|switch|p2a: Hydrapple|Hydrapple, F|95/100
|turn|14
|inactive|wallahi brobini has 120 seconds left.
|
|t:|1776188314
|move|p1a: Iron Valiant|Moonblast|p2a: Hydrapple
|-supereffective|p2a: Hydrapple
|-damage|p2a: Hydrapple|0 fnt
|faint|p2a: Hydrapple
|
|upkeep
|
|t:|1776188318
|switch|p2a: Dragapult|Dragapult, F|100/100
|turn|15
|
|t:|1776188325
|move|p1a: Iron Valiant|Moonblast|p2a: Dragapult
|-supereffective|p2a: Dragapult
|-damage|p2a: Dragapult|0 fnt
|faint|p2a: Dragapult
|
|upkeep
|
|t:|1776188329
|switch|p2a: Haxorus|Haxorus, F|100/100
|-ability|p2a: Haxorus|Mold Breaker
|turn|16
|
|t:|1776188334
|move|p1a: Iron Valiant|Moonblast|p2a: Haxorus
|-supereffective|p2a: Haxorus
|-damage|p2a: Haxorus|0 fnt
|faint|p2a: Haxorus
|
|upkeep
|
|t:|1776188336
|switch|p2a: Great Tusk|Great Tusk, tera:Ice|4/100
|turn|17
|
|t:|1776188340
|move|p1a: Iron Valiant|Knock Off|p2a: Great Tusk
|-damage|p2a: Great Tusk|0 fnt
|faint|p2a: Great Tusk
|-end|p2a: Great Tusk|Protosynthesis|[silent]
|
|win|max769
|raw|max769's rating: 1253 &rarr; <strong>1279</strong><br />(+26 for winning)
|raw|wallahi brobini's rating: 1261 &rarr; <strong>1235</strong><br />(-26 for losing)
