|html|<div class="broadcast-blue"><strong>[Gen 9] OU is currently suspecting Tera Blast! For information on how to participate check out the <a href="https://www.smogon.com/tools/suspects/view/200">suspect thread</a>.</strong></div>
|j|☆Dragon DI
|j|☆BeastMan95
|t:|1776079673
|gametype|singles
|player|p1|Dragon DI|101|1250
|player|p2|BeastMan95|byron|1206
|gen|9
|tier|[Gen 9] OU
|rated|
|rule|HP Percentage Mod: HP is shown in percentages
|rule|Endless Battle Clause: Forcing endless battles is banned
|rule|Species Clause: Limit one of each Pokémon
|rule|OHKO Clause: OHKO moves are banned
|rule|Evasion Items Clause: Evasion items are banned
|rule|Evasion Moves Clause: Evasion moves are banned
|rule|Evasion Abilities Clause: Evasion abilities are banned
|rule|Sleep Moves Clause: Sleep-inducing moves are banned
|clearpoke
|poke|p1|Ninetales-Alola, F|
|poke|p1|Iron Crown|
|poke|p1|Dondozo, M|
|poke|p1|Raging Bolt|
|poke|p1|Gliscor, M|
|poke|p1|Ogerpon-Wellspring, F|
|poke|p2|Dragonite, M|
|poke|p2|Blastoise, M|
|poke|p2|Electrode-Hisui|
|poke|p2|Gengar, M|
|poke|p2|Conkeldurr, M|
|poke|p2|Krookodile, M|
|teampreview
|inactive|Battle timer is ON: inactive players will automatically lose when time's up. (requested by BeastMan95)
|
|t:|1776079691
|teamsize|p1|6
|teamsize|p2|6
|start
|switch|p1a: Iron Crown|Iron Crown|100/100
|switch|p2a: Conkeldurr|Conkeldurr, M|100/100
|turn|1
|
|t:|1776079700
|move|p2a: Conkeldurr|Protect|p2a: Conkeldurr
|-singleturn|p2a: Conkeldurr|Protect
|move|p1a: Iron Crown|Psychic|p2a: Conkeldurr
|-activate|p2a: Conkeldurr|move: Protect
|
|-status|p2a: Conkeldurr|brn|[from] item: Flame Orb
|upkeep
|turn|2
|
|t:|1776079715
|-end|p1a: Iron Crown|Quark Drive|[silent]
|switch|p1a: Ninetales|Ninetales-Alola, F|100/100
|-weather|Snowscape|[from] ability: Snow Warning|[of] p1a: Ninetales
|switch|p2a: Krookodile|Krookodile, M, shiny|100/100
|
|-weather|Snowscape|[upkeep]
|upkeep
|turn|3
|
|t:|1776079731
|move|p2a: Krookodile|Gunk Shot|p1a: Ninetales
|-supereffective|p1a: Ninetales
|-damage|p1a: Ninetales|15/100
|move|p1a: Ninetales|Blizzard|p2a: Krookodile
|-supereffective|p2a: Krookodile
|-damage|p2a: Krookodile|0 fnt
|faint|p2a: Krookodile
|
|-weather|Snowscape|[upkeep]
|upkeep
|
|t:|1776079738
|switch|p2a: Conkeldurr|Conkeldurr, M|100/100 brn
|turn|4
|
|t:|1776079753
|move|p2a: Conkeldurr|Mach Punch|p1a: Ninetales
|-damage|p1a: Ninetales|0 fnt
|faint|p1a: Ninetales
|
|-weather|Snowscape|[upkeep]
|-damage|p2a: Conkeldurr|94/100 brn|[from] brn
|upkeep
|
|t:|1776079762
|switch|p1a: Iron Crown|Iron Crown|100/100
|turn|5
|
|t:|1776079785
|-terastallize|p2a: Conkeldurr|Normal
|move|p2a: Conkeldurr|Mach Punch|p1a: Iron Crown
|-damage|p1a: Iron Crown|60/100
|move|p1a: Iron Crown|Psychic|p2a: Conkeldurr
|-damage|p2a: Conkeldurr|12/100 brn
|
|-weather|Snowscape|[upkeep]
|-damage|p2a: Conkeldurr|6/100 brn|[from] brn
|upkeep
|turn|6
|
|t:|1776079802
|move|p2a: Conkeldurr|Mach Punch|p1a: Iron Crown
|-damage|p1a: Iron Crown|21/100
|move|p1a: Iron Crown|Psychic|p2a: Conkeldurr
|-damage|p2a: Conkeldurr|0 fnt
|faint|p2a: Conkeldurr
|
|-weather|none
|upkeep
|
|t:|1776079814
|switch|p2a: Blastoise|Blastoise, M|100/100
|turn|7
|
|t:|1776079821
|move|p1a: Iron Crown|Psychic|p2a: Blastoise
|-damage|p2a: Blastoise|26/100
|move|p2a: Blastoise|Surf|p1a: Iron Crown
|-damage|p1a: Iron Crown|0 fnt
|faint|p1a: Iron Crown
|-end|p1a: Iron Crown|Quark Drive|[silent]
|
|upkeep
|
|t:|1776079840
|switch|p1a: Ogerpon|Ogerpon-Wellspring, F|100/100
|turn|8
|
|t:|1776079848
|move|p1a: Ogerpon|Swords Dance|p1a: Ogerpon
|-boost|p1a: Ogerpon|atk|2
|move|p2a: Blastoise|Ice Beam|p1a: Ogerpon
|-damage|p1a: Ogerpon|72/100
|
|upkeep
|turn|9
|
|t:|1776079868
|move|p1a: Ogerpon|Knock Off|p2a: Blastoise
|-damage|p2a: Blastoise|0 fnt
|-enditem|p2a: Blastoise|White Herb|[from] move: Knock Off|[of] p1a: Ogerpon
|faint|p2a: Blastoise
|
|upkeep
|
|t:|1776079875
|switch|p2a: Electrode|Electrode-Hisui|100/100
|-item|p2a: Electrode|Air Balloon
|turn|10
|
|t:|1776079884
|move|p2a: Electrode|Thunder Wave|p1a: Ogerpon
|-status|p1a: Ogerpon|par
|move|p1a: Ogerpon|Knock Off|p2a: Electrode
|-damage|p2a: Electrode|0 fnt
|-damage|p1a: Ogerpon|47/100 par|[from] ability: Aftermath|[of] p2a: Electrode
|-enditem|p2a: Electrode|Air Balloon
|faint|p2a: Electrode
|
|upkeep
|
|t:|1776079888
|switch|p2a: Dragonite|Dragonite, M|100/100
|turn|11
|
|t:|1776079898
|move|p2a: Dragonite|Dragon Dance|p2a: Dragonite
|-boost|p2a: Dragonite|atk|1
|-boost|p2a: Dragonite|spe|1
|move|p1a: Ogerpon|Knock Off|p2a: Dragonite
|-damage|p2a: Dragonite|61/100
|-enditem|p2a: Dragonite|Rawst Berry|[from] move: Knock Off|[of] p1a: Ogerpon
|
|upkeep
|turn|12
|inactive|Dragon DI has 120 seconds left.
|
|t:|1776079930
|move|p2a: Dragonite|Dragon Claw|p1a: Ogerpon
|-damage|p1a: Ogerpon|0 fnt
|faint|p1a: Ogerpon
|
|upkeep
|inactive|Dragon DI has 120 seconds left.
|
|t:|1776079939
|switch|p1a: Dondozo|Dondozo, M|100/100
|turn|13
|inactive|Dragon DI has 120 seconds left.
|
|t:|1776079969
|switch|p2a: Gengar|Gengar, M|100/100
|move|p1a: Dondozo|Ice Fang|p2a: Gengar
|-crit|p2a: Gengar
|-damage|p2a: Gengar|57/100
|
|upkeep
|turn|14
|inactive|Dragon DI has 90 seconds left.
|
|t:|1776079991
|switch|p1a: Gliscor|Gliscor, M|100/100
|move|p2a: Gengar|Energy Ball|p1a: Gliscor
|-damage|p1a: Gliscor|63/100
|
|-status|p1a: Gliscor|tox|[from] item: Toxic Orb
|upkeep
|turn|15
|inactive|Dragon DI has 90 seconds left.
|
|t:|1776080013
|switch|p2a: Dragonite|Dragonite, M|61/100
|move|p1a: Gliscor|Swords Dance|p1a: Gliscor
|-boost|p1a: Gliscor|atk|2
|
|-heal|p1a: Gliscor|76/100 tox|[from] ability: Poison Heal
|upkeep
|turn|16
|
|t:|1776080024
|move|p1a: Gliscor|Dual Wingbeat|p2a: Dragonite
|-damage|p2a: Dragonite|24/100
|-damage|p2a: Dragonite|0 fnt
|faint|p2a: Dragonite
|-hitcount|p2: Dragonite|2
|
|-heal|p1a: Gliscor|88/100 tox|[from] ability: Poison Heal
|upkeep
|-message|BeastMan95 forfeited.
|
|win|Dragon DI
|raw|Dragon DI's rating: 1250 &rarr; <strong>1272</strong><br />(+22 for winning)
|raw|BeastMan95's rating: 1206 &rarr; <strong>1184</strong><br />(-22 for losing)
|l|☆BeastMan95
|player|p2|
|l|☆Dragon DI
|player|p1|
