|html|<div class="broadcast-blue"><strong>[Gen 9] OU is currently suspecting Tera Blast! For information on how to participate check out the <a href="https://www.smogon.com/tools/suspects/view/200">suspect thread</a>.</strong></div>
|j|☆chijk
|j|☆Goofy Gabriel
|t:|1776036280
|gametype|singles
|player|p1|chijk|1|1444
|player|p2|Goofy Gabriel|lucas|1480
|gen|9
|tier|[Gen 9] OU
|rated|
|rule|HP Percentage Mod: HP is shown in percentages
|rule|Endless Battle Clause: Forcing endless battles is banned
|rule|Species Clause: Limit one of each Pokémon
|rule|OHKO Clause: OHKO moves are banned
|rule|Evasion Items Clause: Evasion items are banned
|rule|Evasion Moves Clause: Evasion moves are banned
|rule|Evasion Abilities Clause: Evasion abilities are banned
|rule|Sleep Moves Clause: Sleep-inducing moves are banned
|clearpoke
|poke|p1|Hatterene, F|
|poke|p1|Ursaluna, M|
|poke|p1|Porygon2|
|poke|p1|Cresselia, F|
|poke|p1|Iron Hands|
|poke|p1|Volcanion|
|poke|p2|Amoonguss, F|
|poke|p2|Toxapex, F|
|poke|p2|Corviknight, F|
|poke|p2|Dondozo, F|
|poke|p2|Blissey, F|
|poke|p2|Gliscor, M|
|teampreview
|inactive|Battle timer is ON: inactive players will automatically lose when time's up. (requested by Goofy Gabriel)
|
|t:|1776036303
|teamsize|p1|6
|teamsize|p2|6
|start
|switch|p1a: Volcanion|Volcanion|100/100
|switch|p2a: Gliscor|Gliscor, M|100/100
|turn|1
|
|t:|1776036314
|move|p2a: Gliscor|Protect|p2a: Gliscor
|-singleturn|p2a: Gliscor|Protect
|move|p1a: Volcanion|Steam Eruption|p2a: Gliscor
|-activate|p2a: Gliscor|move: Protect
|
|-status|p2a: Gliscor|tox|[from] item: Toxic Orb
|upkeep
|turn|2
|
|t:|1776036337
|switch|p2a: Toxapex|Toxapex, F|100/100
|switch|p1a: Ursaluna|Ursaluna, M|100/100
|
|-status|p1a: Ursaluna|brn|[from] item: Flame Orb
|upkeep
|turn|3
|
|t:|1776036353
|switch|p2a: Corviknight|Corviknight, F|100/100
|-ability|p2a: Corviknight|Pressure
|-terastallize|p1a: Ursaluna|Normal
|move|p1a: Ursaluna|Facade|p2a: Corviknight
|-resisted|p2a: Corviknight
|-damage|p2a: Corviknight|45/100
|
|-damage|p1a: Ursaluna|94/100 brn|[from] brn
|upkeep
|turn|4
|
|t:|1776036369
|move|p2a: Corviknight|Iron Defense|p2a: Corviknight
|-boost|p2a: Corviknight|def|2
|move|p1a: Ursaluna|Facade|p2a: Corviknight
|-resisted|p2a: Corviknight
|-damage|p2a: Corviknight|14/100
|
|-damage|p1a: Ursaluna|88/100 brn|[from] brn
|upkeep
|turn|5
|
|t:|1776036379
|switch|p1a: Hatterene|Hatterene, F, shiny|100/100
|move|p2a: Corviknight|Roost|p2a: Corviknight
|-heal|p2a: Corviknight|64/100
|-singleturn|p2a: Corviknight|move: Roost
|
|upkeep
|turn|6
|
|t:|1776036393
|move|p2a: Corviknight|Roost|p2a: Corviknight
|-heal|p2a: Corviknight|100/100
|-singleturn|p2a: Corviknight|move: Roost
|move|p1a: Hatterene|Trick Room|p1a: Hatterene
|-fieldstart|move: Trick Room|[of] p1a: Hatterene
|
|upkeep
|turn|7
|
|t:|1776036404
|move|p1a: Hatterene|Psychic Noise|p2a: Corviknight
|-resisted|p2a: Corviknight
|-damage|p2a: Corviknight|74/100
|-start|p2a: Corviknight|move: Heal Block
|move|p2a: Corviknight|Body Press|p1a: Hatterene
|-resisted|p1a: Hatterene
|-damage|p1a: Hatterene|85/100
|
|upkeep
|turn|8
|
|t:|1776036414
|switch|p1a: Volcanion|Volcanion|100/100
|switch|p2a: Blissey|Blissey, F|100/100
|
|upkeep
|turn|9
|inactive|chijk has 120 seconds left.
|
|t:|1776036443
|switch|p1a: Iron Hands|Iron Hands|100/100
|-enditem|p1a: Iron Hands|Booster Energy
|-activate|p1a: Iron Hands|ability: Quark Drive|[fromitem]
|-start|p1a: Iron Hands|quarkdriveatk
|move|p2a: Blissey|Stealth Rock|p1a: Iron Hands
|-sidestart|p1: chijk|move: Stealth Rock
|
|upkeep
|turn|10
|inactive|chijk has 120 seconds left.
|
|t:|1776036467
|switch|p2a: Gliscor|Gliscor, M|100/100 tox
|move|p1a: Iron Hands|Swords Dance|p1a: Iron Hands
|-boost|p1a: Iron Hands|atk|2
|
|-fieldend|move: Trick Room
|upkeep
|turn|11
|
|t:|1776036477
|switch|p2a: Dondozo|Dondozo, F|100/100
|move|p1a: Iron Hands|Ice Punch|p2a: Dondozo
|-resisted|p2a: Dondozo
|-damage|p2a: Dondozo|91/100
|
|upkeep
|turn|12
|
|t:|1776036492
|move|p2a: Dondozo|Rest|p2a: Dondozo
|-status|p2a: Dondozo|slp|[from] move: Rest
|-heal|p2a: Dondozo|100/100 slp|[silent]
|move|p1a: Iron Hands|Wild Charge|p2a: Dondozo
|-supereffective|p2a: Dondozo
|-damage|p2a: Dondozo|41/100 slp
|-damage|p1a: Iron Hands|86/100|[from] Recoil
|
|upkeep
|turn|13
|
|t:|1776036506
|switch|p2a: Amoonguss|Amoonguss, F|100/100
|move|p1a: Iron Hands|Wild Charge|p2a: Amoonguss
|-resisted|p2a: Amoonguss
|-damage|p2a: Amoonguss|50/100
|-damage|p1a: Iron Hands|75/100|[from] Recoil
|
|upkeep
|turn|14
|
|t:|1776036518
|move|p2a: Amoonguss|Clear Smog|p1a: Iron Hands
|-damage|p1a: Iron Hands|61/100
|-clearboost|p1a: Iron Hands
|move|p1a: Iron Hands|Ice Punch|p2a: Amoonguss
|-supereffective|p2a: Amoonguss
|-damage|p2a: Amoonguss|0 fnt
|faint|p2a: Amoonguss
|
|upkeep
|inactive|Goofy Gabriel has 120 seconds left.
|
|t:|1776036543
|switch|p2a: Toxapex|Toxapex, F|100/100
|turn|15
|
|t:|1776036551
|move|p2a: Toxapex|Baneful Bunker|p2a: Toxapex
|-singleturn|p2a: Toxapex|move: Protect
|move|p1a: Iron Hands|Swords Dance|p1a: Iron Hands
|-boost|p1a: Iron Hands|atk|2
|
|upkeep
|turn|16
|
|t:|1776036563
|-terastallize|p2a: Toxapex|Steel
|move|p2a: Toxapex|Haze|p2a: Toxapex
|-clearallboost
|move|p1a: Iron Hands|Drain Punch|p2a: Toxapex
|-supereffective|p2a: Toxapex
|-damage|p2a: Toxapex|5/100
|-heal|p1a: Iron Hands|89/100|[from] drain|[of] p2a: Toxapex
|
|upkeep
|turn|17
|
|t:|1776036580
|move|p2a: Toxapex|Recover|p2a: Toxapex
|-heal|p2a: Toxapex|56/100
|move|p1a: Iron Hands|Drain Punch|p2a: Toxapex
|-supereffective|p2a: Toxapex
|-damage|p2a: Toxapex|0 fnt
|-heal|p1a: Iron Hands|100/100|[from] drain|[of] p2a: Toxapex
|faint|p2a: Toxapex
|
|upkeep
|-message|Goofy Gabriel forfeited.
|
|win|chijk
|raw|chijk's rating: 1444 &rarr; <strong>1466</strong><br />(+22 for winning)
|raw|Goofy Gabriel's rating: 1480 &rarr; <strong>1458</strong><br />(-22 for losing)
|l|☆Goofy Gabriel
|player|p2|
