|html|<div class="broadcast-blue"><strong>[Gen 9] OU is currently suspecting Tera Blast! For information on how to participate check out the <a href="https://www.smogon.com/tools/suspects/view/200">suspect thread</a>.</strong></div>
|badge|p2|bronze|gen9randombattle|100-9
|uhtml|medal-msg|<div class="broadcast-blue">Curious what those medals under the avatar are? PS now has Ladder Seasons! For more information, check out the <a href="https://www.smogon.com/forums/threads/3740067/">thread on Smogon.</a></div>
|j|☆ceo o wo chien
|j|‽LT_Alt1
|t:|1776060812
|gametype|singles
|player|p1|ceo o wo chien|fisherman-gen4|1768
|player|p2|LT_Alt1|101|1737
|gen|9
|tier|[Gen 9] OU
|rated|
|rule|HP Percentage Mod: HP is shown in percentages
|rule|Endless Battle Clause: Forcing endless battles is banned
|rule|Species Clause: Limit one of each Pokémon
|rule|OHKO Clause: OHKO moves are banned
|rule|Evasion Items Clause: Evasion items are banned
|rule|Evasion Moves Clause: Evasion moves are banned
|rule|Evasion Abilities Clause: Evasion abilities are banned
|rule|Sleep Moves Clause: Sleep-inducing moves are banned
|clearpoke
|poke|p1|Wo-Chien|
|poke|p1|Clefable, M|
|poke|p1|Gholdengo|
|poke|p1|Great Tusk|
|poke|p1|Dragonite, F|
|poke|p1|Garganacl, M|
|poke|p2|Garganacl, F|
|poke|p2|Slowking-Galar, F|
|poke|p2|Kyurem|
|poke|p2|Weezing-Galar, F|
|poke|p2|Moltres|
|poke|p2|Iron Treads|
|teampreview
|inactive|Battle timer is ON: inactive players will automatically lose when time's up. (requested by ceo o wo chien)
|
|t:|1776060827
|teamsize|p1|6
|teamsize|p2|6
|start
|switch|p1a: Garganacl|Garganacl, M|100/100
|switch|p2a: Moltres|Moltres|100/100
|turn|1
|
|t:|1776060830
|move|p2a: Moltres|U-turn|p1a: Garganacl
|-damage|p1a: Garganacl|91/100
|
|t:|1776060832
|switch|p2a: Slowking|Slowking-Galar, F|100/100|[from] U-turn
|move|p1a: Garganacl|Salt Cure|p2a: Slowking
|-damage|p2a: Slowking|86/100
|-start|p2a: Slowking|Salt Cure
|
|-heal|p1a: Garganacl|97/100|[from] item: Leftovers
|-damage|p2a: Slowking|73/100|[from] Salt Cure
|upkeep
|turn|2
|
|t:|1776060838
|move|p1a: Garganacl|Protect|p1a: Garganacl
|-singleturn|p1a: Garganacl|Protect
|move|p2a: Slowking|Future Sight|p1a: Garganacl
|-start|p2a: Slowking|move: Future Sight
|
|-heal|p1a: Garganacl|100/100|[from] item: Leftovers
|-damage|p2a: Slowking|61/100|[from] Salt Cure
|upkeep
|turn|3
|
|t:|1776060841
|move|p1a: Garganacl|Stealth Rock|p2a: Slowking
|-sidestart|p2: LT_Alt1|move: Stealth Rock
|-prepare|p2a: Slowking|Chilly Reception|[premajor]
|move|p2a: Slowking|Chilly Reception|p2a: Slowking
|-weather|Snowscape
|
|t:|1776060845
|switch|p2a: Weezing|Weezing-Galar, F|100/100|[from] Chilly Reception
|-ability|p2a: Weezing|Neutralizing Gas
|-damage|p2a: Weezing|88/100|[from] Stealth Rock
|
|-weather|Snowscape|[upkeep]
|-heal|p2a: Weezing|94/100|[from] item: Leftovers
|upkeep
|turn|4
|
|t:|1776060855
|move|p1a: Garganacl|Protect|p1a: Garganacl
|-singleturn|p1a: Garganacl|Protect
|move|p2a: Weezing|Will-O-Wisp|p1a: Garganacl
|-activate|p1a: Garganacl|move: Protect
|
|-weather|Snowscape|[upkeep]
|-end|p1a: Garganacl|move: Future Sight
|-damage|p1a: Garganacl|71/100
|-heal|p2a: Weezing|99/100|[from] item: Leftovers
|-heal|p1a: Garganacl|77/100|[from] item: Leftovers
|upkeep
|turn|5
|j| KADark
|
|t:|1776060859
|move|p2a: Weezing|Defog|p1a: Garganacl
|-unboost|p1a: Garganacl|evasion|1
|-sideend|p2: LT_Alt1|Stealth Rock|[from] move: Defog|[of] p2a: Weezing
|move|p1a: Garganacl|Salt Cure|p2a: Weezing
|-damage|p2a: Weezing|90/100
|-start|p2a: Weezing|Salt Cure
|
|-weather|Snowscape|[upkeep]
|-heal|p2a: Weezing|96/100|[from] item: Leftovers
|-heal|p1a: Garganacl|83/100|[from] item: Leftovers
|-damage|p2a: Weezing|83/100|[from] Salt Cure
|upkeep
|turn|6
|
|t:|1776060862
|move|p2a: Weezing|Will-O-Wisp|p1a: Garganacl
|-status|p1a: Garganacl|brn
|move|p1a: Garganacl|Stealth Rock|p2a: Weezing
|-sidestart|p2: LT_Alt1|move: Stealth Rock
|
|-weather|Snowscape|[upkeep]
|-heal|p2a: Weezing|89/100|[from] item: Leftovers
|-heal|p1a: Garganacl|89/100 brn|[from] item: Leftovers
|-damage|p1a: Garganacl|83/100 brn|[from] brn
|-damage|p2a: Weezing|77/100|[from] Salt Cure
|upkeep
|turn|7
|j| deno_nemesis
|
|t:|1776060869
|move|p2a: Weezing|Defog|p1a: Garganacl
|-unboost|p1a: Garganacl|evasion|1
|-sideend|p2: LT_Alt1|Stealth Rock|[from] move: Defog|[of] p2a: Weezing
|move|p1a: Garganacl|Salt Cure|p2a: Weezing
|-damage|p2a: Weezing|71/100
|
|-weather|none
|-heal|p2a: Weezing|77/100|[from] item: Leftovers
|-heal|p1a: Garganacl|89/100 brn|[from] item: Leftovers
|-damage|p1a: Garganacl|83/100 brn|[from] brn
|-damage|p2a: Weezing|65/100|[from] Salt Cure
|upkeep
|turn|8
|
|t:|1776060872
|move|p2a: Weezing|Pain Split|p1a: Garganacl
|-sethp|p1a: Garganacl|65/100 brn|[from] move: Pain Split|[silent]
|-sethp|p2a: Weezing|89/100|[from] move: Pain Split
|move|p1a: Garganacl|Stealth Rock|p2a: Weezing
|-sidestart|p2: LT_Alt1|move: Stealth Rock
|
|-heal|p2a: Weezing|95/100|[from] item: Leftovers
|-heal|p1a: Garganacl|72/100 brn|[from] item: Leftovers
|-damage|p1a: Garganacl|65/100 brn|[from] brn
|-damage|p2a: Weezing|83/100|[from] Salt Cure
|upkeep
|turn|9
|
|t:|1776060876
|move|p1a: Garganacl|Protect|p1a: Garganacl
|-singleturn|p1a: Garganacl|Protect
|move|p2a: Weezing|Defog|p1a: Garganacl
|-activate|p1a: Garganacl|move: Protect
|
|-heal|p2a: Weezing|89/100|[from] item: Leftovers
|-heal|p1a: Garganacl|72/100 brn|[from] item: Leftovers
|-damage|p1a: Garganacl|65/100 brn|[from] brn
|-damage|p2a: Weezing|76/100|[from] Salt Cure
|upkeep
|turn|10
|
|t:|1776060885
|move|p2a: Weezing|Defog|p1a: Garganacl
|-unboost|p1a: Garganacl|evasion|1
|-sideend|p2: LT_Alt1|Stealth Rock|[from] move: Defog|[of] p2a: Weezing
|move|p1a: Garganacl|Stealth Rock|p2a: Weezing
|-sidestart|p2: LT_Alt1|move: Stealth Rock
|
|-heal|p2a: Weezing|82/100|[from] item: Leftovers
|-heal|p1a: Garganacl|72/100 brn|[from] item: Leftovers
|-damage|p1a: Garganacl|65/100 brn|[from] brn
|-damage|p2a: Weezing|70/100|[from] Salt Cure
|upkeep
|turn|11
|
|t:|1776060892
|move|p2a: Weezing|Defog|p1a: Garganacl
|-unboost|p1a: Garganacl|evasion|1
|-sideend|p2: LT_Alt1|Stealth Rock|[from] move: Defog|[of] p2a: Weezing
|move|p1a: Garganacl|Stealth Rock|p2a: Weezing
|-sidestart|p2: LT_Alt1|move: Stealth Rock
|
|-heal|p2a: Weezing|76/100|[from] item: Leftovers
|-heal|p1a: Garganacl|72/100 brn|[from] item: Leftovers
|-damage|p1a: Garganacl|65/100 brn|[from] brn
|-damage|p2a: Weezing|63/100|[from] Salt Cure
|upkeep
|turn|12
|
|t:|1776060897
|move|p1a: Garganacl|Protect|p1a: Garganacl
|-singleturn|p1a: Garganacl|Protect
|move|p2a: Weezing|Defog|p1a: Garganacl
|-activate|p1a: Garganacl|move: Protect
|
|-heal|p2a: Weezing|69/100|[from] item: Leftovers
|-heal|p1a: Garganacl|72/100 brn|[from] item: Leftovers
|-damage|p1a: Garganacl|65/100 brn|[from] brn
|-damage|p2a: Weezing|57/100|[from] Salt Cure
|upkeep
|turn|13
|
|t:|1776060899
|move|p2a: Weezing|Defog|p1a: Garganacl
|-unboost|p1a: Garganacl|evasion|1
|-sideend|p2: LT_Alt1|Stealth Rock|[from] move: Defog|[of] p2a: Weezing
|move|p1a: Garganacl|Stealth Rock|p2a: Weezing
|-sidestart|p2: LT_Alt1|move: Stealth Rock
|
|-heal|p2a: Weezing|63/100|[from] item: Leftovers
|-heal|p1a: Garganacl|72/100 brn|[from] item: Leftovers
|-damage|p1a: Garganacl|65/100 brn|[from] brn
|-damage|p2a: Weezing|50/100|[from] Salt Cure
|upkeep
|turn|14
|j| ashchampionyessss
|
|t:|1776060907
|move|p2a: Weezing|Defog|p1a: Garganacl
|-unboost|p1a: Garganacl|evasion|1
|-sideend|p2: LT_Alt1|Stealth Rock|[from] move: Defog|[of] p2a: Weezing
|move|p1a: Garganacl|Salt Cure|p2a: Weezing
|-damage|p2a: Weezing|45/100
|
|-heal|p2a: Weezing|51/100|[from] item: Leftovers
|-heal|p1a: Garganacl|72/100 brn|[from] item: Leftovers
|-damage|p1a: Garganacl|65/100 brn|[from] brn
|-damage|p2a: Weezing|39/100|[from] Salt Cure
|upkeep
|turn|15
|
|t:|1776060912
|move|p2a: Weezing|Pain Split|p1a: Garganacl
|-sethp|p1a: Garganacl|47/100 brn|[from] move: Pain Split|[silent]
|-sethp|p2a: Weezing|64/100|[from] move: Pain Split
|move|p1a: Garganacl|Stealth Rock|p2a: Weezing
|-sidestart|p2: LT_Alt1|move: Stealth Rock
|
|-heal|p2a: Weezing|70/100|[from] item: Leftovers
|-heal|p1a: Garganacl|53/100 brn|[from] item: Leftovers
|-damage|p1a: Garganacl|47/100 brn|[from] brn
|-damage|p2a: Weezing|57/100|[from] Salt Cure
|upkeep
|turn|16
|
|t:|1776060917
|move|p1a: Garganacl|Protect|p1a: Garganacl
|-singleturn|p1a: Garganacl|Protect
|move|p2a: Weezing|Defog|p1a: Garganacl
|-activate|p1a: Garganacl|move: Protect
|
|-heal|p2a: Weezing|63/100|[from] item: Leftovers
|-heal|p1a: Garganacl|53/100 brn|[from] item: Leftovers
|-damage|p1a: Garganacl|47/100 brn|[from] brn
|-damage|p2a: Weezing|51/100|[from] Salt Cure
|upkeep
|turn|17
|
|t:|1776060920
|move|p2a: Weezing|Defog|p1a: Garganacl
|-unboost|p1a: Garganacl|evasion|0
|-sideend|p2: LT_Alt1|Stealth Rock|[from] move: Defog|[of] p2a: Weezing
|move|p1a: Garganacl|Stealth Rock|p2a: Weezing
|-sidestart|p2: LT_Alt1|move: Stealth Rock
|
|-heal|p2a: Weezing|57/100|[from] item: Leftovers
|-heal|p1a: Garganacl|53/100 brn|[from] item: Leftovers
|-damage|p1a: Garganacl|47/100 brn|[from] brn
|-damage|p2a: Weezing|44/100|[from] Salt Cure
|upkeep
|turn|18
|
|t:|1776060929
|move|p1a: Garganacl|Protect|p1a: Garganacl
|-singleturn|p1a: Garganacl|Protect
|move|p2a: Weezing|Defog|p1a: Garganacl
|-activate|p1a: Garganacl|move: Protect
|
|-heal|p2a: Weezing|50/100|[from] item: Leftovers
|-heal|p1a: Garganacl|53/100 brn|[from] item: Leftovers
|-damage|p1a: Garganacl|47/100 brn|[from] brn
|-damage|p2a: Weezing|38/100|[from] Salt Cure
|upkeep
|turn|19
|
|t:|1776060932
|move|p2a: Weezing|Defog|p1a: Garganacl
|-unboost|p1a: Garganacl|evasion|0
|-sideend|p2: LT_Alt1|Stealth Rock|[from] move: Defog|[of] p2a: Weezing
|move|p1a: Garganacl|Stealth Rock|p2a: Weezing
|-sidestart|p2: LT_Alt1|move: Stealth Rock
|
|-heal|p2a: Weezing|44/100|[from] item: Leftovers
|-heal|p1a: Garganacl|53/100 brn|[from] item: Leftovers
|-damage|p1a: Garganacl|47/100 brn|[from] brn
|-damage|p2a: Weezing|32/100|[from] Salt Cure
|upkeep
|turn|20
|
|t:|1776060939
|move|p2a: Weezing|Defog|p1a: Garganacl
|-unboost|p1a: Garganacl|evasion|0
|-sideend|p2: LT_Alt1|Stealth Rock|[from] move: Defog|[of] p2a: Weezing
|move|p1a: Garganacl|Stealth Rock|p2a: Weezing
|-sidestart|p2: LT_Alt1|move: Stealth Rock
|
|-heal|p2a: Weezing|38/100|[from] item: Leftovers
|-heal|p1a: Garganacl|53/100 brn|[from] item: Leftovers
|-damage|p1a: Garganacl|47/100 brn|[from] brn
|-damage|p2a: Weezing|25/100|[from] Salt Cure
|upkeep
|turn|21
|
|t:|1776060945
|move|p1a: Garganacl|Protect|p1a: Garganacl
|-singleturn|p1a: Garganacl|Protect
|move|p2a: Weezing|Pain Split|p1a: Garganacl
|-activate|p1a: Garganacl|move: Protect
|
|-heal|p2a: Weezing|31/100|[from] item: Leftovers
|-heal|p1a: Garganacl|53/100 brn|[from] item: Leftovers
|-damage|p1a: Garganacl|47/100 brn|[from] brn
|-damage|p2a: Weezing|19/100|[from] Salt Cure
|upkeep
|turn|22
|
|t:|1776060949
|switch|p1a: Young Money|Gholdengo|100/100
|move|p2a: Weezing|Pain Split|p1a: Young Money
|-sethp|p1a: Young Money|59/100|[from] move: Pain Split|[silent]
|-sethp|p2a: Weezing|63/100|[from] move: Pain Split
|
|-heal|p2a: Weezing|69/100|[from] item: Leftovers
|-damage|p2a: Weezing|56/100|[from] Salt Cure
|upkeep
|turn|23
|
|t:|1776060955
|-end|p2a: Weezing|ability: Neutralizing Gas
|switch|p2a: Slowking|Slowking-Galar, F|94/100
|-damage|p2a: Slowking|82/100|[from] Stealth Rock
|move|p1a: Young Money|Trick|p2a: Slowking
|-activate|p1a: Young Money|move: Trick|[of] p2a: Slowking
|-item|p2a: Slowking|Choice Scarf|[from] move: Trick
|-item|p1a: Young Money|Colbur Berry|[from] move: Trick
|
|upkeep
|turn|24
|
|t:|1776060959
|move|p1a: Young Money|Thunder Wave|p2a: Slowking|[miss]
|-miss|p1a: Young Money|p2a: Slowking
|-prepare|p2a: Slowking|Chilly Reception|[premajor]
|move|p2a: Slowking|Chilly Reception|p2a: Slowking
|-weather|Snowscape
|
|t:|1776060964
|switch|p2a: Iron Treads|Iron Treads|100/100|[from] Chilly Reception
|-damage|p2a: Iron Treads|97/100|[from] Stealth Rock
|
|-weather|Snowscape|[upkeep]
|-heal|p2a: Iron Treads|100/100|[from] item: Leftovers
|upkeep
|turn|25
|
|t:|1776060973
|switch|p1a: Escargoat|Wo-Chien|100/100
|-ability|p1a: Escargoat|Tablets of Ruin
|move|p2a: Iron Treads|Stealth Rock|p1a: Escargoat
|-sidestart|p1: ceo o wo chien|move: Stealth Rock
|
|-weather|Snowscape|[upkeep]
|upkeep
|turn|26
|
|t:|1776060978
|-end|p2a: Iron Treads|Quark Drive|[silent]
|switch|p2a: Slowking|Slowking-Galar, F|100/100
|-damage|p2a: Slowking|88/100|[from] Stealth Rock
|move|p1a: Escargoat|Stun Spore|p2a: Slowking
|-status|p2a: Slowking|par
|
|-weather|Snowscape|[upkeep]
|upkeep
|turn|27
|
|t:|1776060982
|move|p1a: Escargoat|Foul Play|p2a: Slowking
|-supereffective|p2a: Slowking
|-damage|p2a: Slowking|56/100 par
|-prepare|p2a: Slowking|Chilly Reception|[premajor]
|move|p2a: Slowking|Chilly Reception|p2a: Slowking
|
|t:|1776060990
|switch|p2a: Moltres|Moltres|100/100|[from] Chilly Reception
|
|-weather|Snowscape|[upkeep]
|upkeep
|turn|28
|l| ashchampionyessss
|
|t:|1776060992
|move|p2a: Moltres|U-turn|p1a: Escargoat
|-supereffective|p1a: Escargoat
|-damage|p1a: Escargoat|68/100
|
|t:|1776060995
|switch|p2a: Slowking|Slowking-Galar, F|89/100 par|[from] U-turn
|-damage|p2a: Slowking|76/100 par|[from] Stealth Rock
|move|p1a: Escargoat|Stun Spore|p2a: Slowking
|-fail|p2a: Slowking|par
|
|-weather|none
|-heal|p1a: Escargoat|75/100|[from] item: Leftovers
|upkeep
|turn|29
|
|t:|1776060998
|move|p1a: Escargoat|Foul Play|p2a: Slowking
|-supereffective|p2a: Slowking
|-damage|p2a: Slowking|39/100 par
|-prepare|p2a: Slowking|Chilly Reception|[premajor]
|cant|p2a: Slowking|par
|
|-heal|p1a: Escargoat|81/100|[from] item: Leftovers
|upkeep
|turn|30
|
|t:|1776061009
|move|p1a: Escargoat|Foul Play|p2a: Slowking
|-supereffective|p2a: Slowking
|-damage|p2a: Slowking|7/100 par
|cant|p2a: Slowking|par
|
|-heal|p1a: Escargoat|87/100|[from] item: Leftovers
|upkeep
|turn|31
|
|t:|1776061017
|switch|p2a: Garganacl|Garganacl, F|100/100
|-damage|p2a: Garganacl|88/100|[from] Stealth Rock
|move|p1a: Escargoat|Stun Spore|p2a: Garganacl
|-immune|p2a: Garganacl|[from] ability: Purifying Salt
|
|-heal|p1a: Escargoat|93/100|[from] item: Leftovers
|-heal|p2a: Garganacl|94/100|[from] item: Leftovers
|upkeep
|turn|32
|
|t:|1776061028
|switch|p2a: Moltres|Moltres|100/100
|move|p1a: Escargoat|Leech Seed|p2a: Moltres
|-start|p2a: Moltres|move: Leech Seed
|
|-heal|p1a: Escargoat|99/100|[from] item: Leftovers
|-damage|p2a: Moltres|88/100|[from] Leech Seed|[of] p1a: Escargoat
|-heal|p1a: Escargoat|100/100|[silent]
|upkeep
|turn|33
|
|t:|1776061031
|move|p1a: Escargoat|Protect|p1a: Escargoat
|-singleturn|p1a: Escargoat|Protect
|move|p2a: Moltres|U-turn|p1a: Escargoat
|-activate|p1a: Escargoat|move: Protect
|
|-damage|p2a: Moltres|75/100|[from] Leech Seed|[of] p1a: Escargoat
|upkeep
|turn|34
|
|t:|1776061033
|move|p2a: Moltres|U-turn|p1a: Escargoat
|-supereffective|p1a: Escargoat
|-damage|p1a: Escargoat|71/100
|
|t:|1776061035
|switch|p2a: Garganacl|Garganacl, F|94/100|[from] U-turn
|-damage|p2a: Garganacl|82/100|[from] Stealth Rock
|move|p1a: Escargoat|Leech Seed|p2a: Garganacl
|-start|p2a: Garganacl|move: Leech Seed
|
|-heal|p1a: Escargoat|77/100|[from] item: Leftovers
|-heal|p2a: Garganacl|88/100|[from] item: Leftovers
|-damage|p2a: Garganacl|76/100|[from] Leech Seed|[of] p1a: Escargoat
|-heal|p1a: Escargoat|90/100|[silent]
|upkeep
|turn|35
|
|t:|1776061041
|switch|p2a: Moltres|Moltres|75/100
|move|p1a: Escargoat|Stun Spore|p2a: Moltres
|-status|p2a: Moltres|par
|
|-heal|p1a: Escargoat|96/100|[from] item: Leftovers
|upkeep
|turn|36
|
|t:|1776061046
|move|p1a: Escargoat|Protect|p1a: Escargoat
|-singleturn|p1a: Escargoat|Protect
|move|p2a: Moltres|U-turn|p1a: Escargoat
|-activate|p1a: Escargoat|move: Protect
|
|-heal|p1a: Escargoat|100/100|[from] item: Leftovers
|upkeep
|turn|37
|
|t:|1776061050
|move|p1a: Escargoat|Foul Play|p2a: Moltres
|-damage|p2a: Moltres|55/100 par
|move|p2a: Moltres|U-turn|p1a: Escargoat
|-supereffective|p1a: Escargoat
|-damage|p1a: Escargoat|67/100
|
|t:|1776061054
|switch|p2a: Slowking|Slowking-Galar, F|40/100 par|[from] U-turn
|-damage|p2a: Slowking|28/100 par|[from] Stealth Rock
|
|-heal|p1a: Escargoat|73/100|[from] item: Leftovers
|upkeep
|turn|38
|
|t:|1776061057
|switch|p2a: Moltres|Moltres|55/100 par
|move|p1a: Escargoat|Foul Play|p2a: Moltres
|-damage|p2a: Moltres|33/100 par
|-status|p1a: Escargoat|brn|[from] ability: Flame Body|[of] p2a: Moltres
|
|-heal|p1a: Escargoat|80/100 brn|[from] item: Leftovers
|-damage|p1a: Escargoat|73/100 brn|[from] brn
|upkeep
|turn|39
|
|t:|1776061060
|move|p1a: Escargoat|Leech Seed|p2a: Moltres
|-start|p2a: Moltres|move: Leech Seed
|cant|p2a: Moltres|par
|
|-heal|p1a: Escargoat|80/100 brn|[from] item: Leftovers
|-damage|p2a: Moltres|20/100 par|[from] Leech Seed|[of] p1a: Escargoat
|-heal|p1a: Escargoat|92/100 brn|[silent]
|-damage|p1a: Escargoat|86/100 brn|[from] brn
|upkeep
|turn|40
|
|t:|1776061063
|switch|p1a: Clefable|Clefable, M|100/100
|move|p2a: Moltres|Roost|p2a: Moltres
|-heal|p2a: Moltres|70/100 par
|-singleturn|p2a: Moltres|move: Roost
|
|-damage|p2a: Moltres|58/100 par|[from] Leech Seed|[of] p1a: Clefable
|upkeep
|turn|41
|
|t:|1776061067
|switch|p2a: Slowking|Slowking-Galar, F|61/100 par
|-damage|p2a: Slowking|48/100 par|[from] Stealth Rock
|move|p1a: Clefable|Calm Mind|p1a: Clefable
|-boost|p1a: Clefable|spa|1
|-boost|p1a: Clefable|spd|1
|
|upkeep
|turn|42
|
|t:|1776061073
|move|p1a: Clefable|Calm Mind|p1a: Clefable
|-boost|p1a: Clefable|spa|1
|-boost|p1a: Clefable|spd|1
|move|p2a: Slowking|Sludge Bomb|p1a: Clefable
|-supereffective|p1a: Clefable
|-damage|p1a: Clefable|67/100
|-status|p1a: Clefable|psn
|
|upkeep
|turn|43
|
|t:|1776061081
|switch|p2a: Weezing|Weezing-Galar, F|56/100
|-ability|p2a: Weezing|Neutralizing Gas
|-damage|p2a: Weezing|44/100|[from] Stealth Rock
|move|p1a: Clefable|Flamethrower|p2a: Weezing
|-damage|p2a: Weezing|0 fnt
|faint|p2a: Weezing
|-end|p2a: Weezing|ability: Neutralizing Gas
|
|upkeep
|
|t:|1776061095
|switch|p2a: Iron Treads|Iron Treads|100/100
|-damage|p2a: Iron Treads|97/100|[from] Stealth Rock
|turn|44
|
|t:|1776061100
|move|p2a: Iron Treads|Earthquake|p1a: Clefable
|-crit|p1a: Clefable
|-damage|p1a: Clefable|15/100 psn
|move|p1a: Clefable|Moonlight|p1a: Clefable
|-heal|p1a: Clefable|65/100 psn
|
|-heal|p2a: Iron Treads|100/100|[from] item: Leftovers
|upkeep
|turn|45
|
|t:|1776061103
|move|p2a: Iron Treads|Earthquake|p1a: Clefable
|-damage|p1a: Clefable|31/100 psn
|move|p1a: Clefable|Moonlight|p1a: Clefable
|-heal|p1a: Clefable|81/100 psn
|
|upkeep
|turn|46
|
|t:|1776061108
|-end|p2a: Iron Treads|Quark Drive|[silent]
|switch|p2a: Slowking|Slowking-Galar, F|82/100 par
|-damage|p2a: Slowking|69/100 par|[from] Stealth Rock
|move|p1a: Clefable|Moonlight|p1a: Clefable
|-heal|p1a: Clefable|100/100 psn
|
|upkeep
|turn|47
|
|t:|1776061111
|move|p1a: Clefable|Flamethrower|p2a: Slowking
|-damage|p2a: Slowking|31/100 par
|cant|p2a: Slowking|par
|
|upkeep
|turn|48
|-message|LT_Alt1 forfeited.
|
|win|ceo o wo chien
|raw|ceo o wo chien's rating: 1768 &rarr; <strong>1786</strong><br />(+18 for winning)
|raw|LT_Alt1's rating: 1737 &rarr; <strong>1719</strong><br />(-18 for losing)
|l|‽LT_Alt1
|player|p2|
|l| KADark
