|html|<div class="broadcast-blue"><strong>[Gen 9] OU is currently suspecting Tera Blast! For information on how to participate check out the <a href="https://www.smogon.com/tools/suspects/view/200">suspect thread</a>.</strong></div>
|j|☆twoflowersluggage
|j|☆Aeybees
|t:|1776075855
|gametype|singles
|player|p1|twoflowersluggage|pokefan-gen6|1534
|player|p2|Aeybees|scientist|1508
|gen|9
|tier|[Gen 9] OU
|rated|
|rule|HP Percentage Mod: HP is shown in percentages
|rule|Endless Battle Clause: Forcing endless battles is banned
|rule|Species Clause: Limit one of each Pokémon
|rule|OHKO Clause: OHKO moves are banned
|rule|Evasion Items Clause: Evasion items are banned
|rule|Evasion Moves Clause: Evasion moves are banned
|rule|Evasion Abilities Clause: Evasion abilities are banned
|rule|Sleep Moves Clause: Sleep-inducing moves are banned
|clearpoke
|poke|p1|Hatterene, F|
|poke|p1|Ursaluna, M|
|poke|p1|Porygon2|
|poke|p1|Cresselia, F|
|poke|p1|Iron Hands|
|poke|p1|Volcanion|
|poke|p2|Dragonite, M|
|poke|p2|Zamazenta-*|
|poke|p2|Gholdengo|
|poke|p2|Deoxys-Speed|
|poke|p2|Great Tusk|
|poke|p2|Glimmora, M|
|teampreview
|inactive|Battle timer is ON: inactive players will automatically lose when time's up. (requested by Aeybees)
|
|t:|1776075876
|teamsize|p1|6
|teamsize|p2|6
|start
|switch|p1a: Ursaluna|Ursaluna, M|100/100
|switch|p2a: Glimmora|Glimmora, M|100/100
|turn|1
|
|t:|1776075903
|switch|p1a: Cresselia|Cresselia, F, shiny|100/100
|move|p2a: Glimmora|Earth Power|p1a: Cresselia
|-immune|p1a: Cresselia|[from] ability: Levitate
|
|upkeep
|turn|2
|
|t:|1776075909
|move|p2a: Glimmora|Meteor Beam||[still]
|-prepare|p2a: Glimmora|Meteor Beam
|-boost|p2a: Glimmora|spa|1
|-enditem|p2a: Glimmora|Power Herb
|-anim|p2a: Glimmora|Meteor Beam|p1a: Cresselia
|-damage|p1a: Cresselia|43/100
|move|p1a: Cresselia|Trick Room|p1a: Cresselia
|-fieldstart|move: Trick Room|[of] p1a: Cresselia
|
|upkeep
|turn|3
|
|t:|1776075933
|move|p1a: Cresselia|Lunar Dance|p1a: Cresselia
|faint|p1a: Cresselia
|move|p2a: Glimmora|Power Gem|p1: Cresselia|[notarget]
|-fail|p2a: Glimmora
|
|upkeep
|
|t:|1776075938
|switch|p1a: Volcanion|Volcanion|100/100
|turn|4
|
|t:|1776075952
|move|p1a: Volcanion|Steam Eruption|p2a: Glimmora
|-supereffective|p2a: Glimmora
|-damage|p2a: Glimmora|0 fnt
|faint|p2a: Glimmora
|
|upkeep
|
|t:|1776075973
|switch|p2a: Dragonite|Dragonite, M|100/100
|turn|5
|
|t:|1776075987
|switch|p1a: Porygon2|Porygon2|100/100
|-ability|p1a: Porygon2|Download|boost
|-boost|p1a: Porygon2|atk|1
|move|p2a: Dragonite|Roost||[still]
|-fail|p2a: Dragonite|heal
|
|upkeep
|turn|6
|
|t:|1776075996
|switch|p2a: Deoxys|Deoxys-Speed|100/100
|-ability|p2a: Deoxys|Pressure
|move|p1a: Porygon2|Ice Beam|p2a: Deoxys
|-damage|p2a: Deoxys|62/100
|-enditem|p2a: Deoxys|Red Card|[of] p1a: Porygon2
|drag|p1a: Hatterene|Hatterene, F, shiny|100/100
|
|-fieldend|move: Trick Room
|upkeep
|turn|7
|
|t:|1776076005
|move|p2a: Deoxys|Taunt|p1a: Hatterene
|move|p1a: Hatterene|Taunt|p2a: Deoxys|[from] ability: Magic Bounce
|-start|p2a: Deoxys|move: Taunt
|move|p1a: Hatterene|Dazzling Gleam|p2a: Deoxys
|-damage|p2a: Deoxys|3/100
|
|upkeep
|turn|8
|
|t:|1776076019
|move|p2a: Deoxys|Psycho Boost|p1a: Hatterene|[miss]
|-miss|p2a: Deoxys|p1a: Hatterene
|move|p1a: Hatterene|Trick Room|p1a: Hatterene
|-fieldstart|move: Trick Room|[of] p1a: Hatterene
|
|upkeep
|turn|9
|
|t:|1776076032
|switch|p1a: Ursaluna|Ursaluna, M|100/100
|switch|p2a: Gholdengo|Gholdengo|100/100
|
|-status|p1a: Ursaluna|brn|[from] item: Flame Orb
|upkeep
|turn|10
|
|t:|1776076044
|switch|p2a: Dragonite|Dragonite, M|100/100
|move|p1a: Ursaluna|Fire Punch|p2a: Dragonite
|-resisted|p2a: Dragonite
|-damage|p2a: Dragonite|88/100
|
|-damage|p1a: Ursaluna|94/100 brn|[from] brn
|upkeep
|turn|11
|
|t:|1776076060
|switch|p2a: Gholdengo|Gholdengo|100/100
|move|p1a: Ursaluna|Headlong Rush|p2a: Gholdengo
|-supereffective|p2a: Gholdengo
|-damage|p2a: Gholdengo|0 fnt
|-unboost|p1a: Ursaluna|def|1
|-unboost|p1a: Ursaluna|spd|1
|faint|p2a: Gholdengo
|
|-damage|p1a: Ursaluna|88/100 brn|[from] brn
|upkeep
|
|t:|1776076070
|switch|p2a: Great Tusk|Great Tusk|100/100
|-enditem|p2a: Great Tusk|Booster Energy
|-activate|p2a: Great Tusk|ability: Protosynthesis|[fromitem]
|-start|p2a: Great Tusk|protosynthesisatk
|turn|12
|
|t:|1776076092
|-terastallize|p1a: Ursaluna|Normal
|move|p1a: Ursaluna|Facade|p2a: Great Tusk
|-damage|p2a: Great Tusk|0 fnt
|faint|p2a: Great Tusk
|-end|p2a: Great Tusk|Protosynthesis|[silent]
|
|-damage|p1a: Ursaluna|82/100 brn|[from] brn
|-fieldend|move: Trick Room
|upkeep
|
|t:|1776076099
|switch|p2a: Zamazenta|Zamazenta|100/100
|-ability|p2a: Zamazenta|Dauntless Shield|boost
|-boost|p2a: Zamazenta|def|1
|turn|13
|
|t:|1776076115
|switch|p2a: Dragonite|Dragonite, M|88/100
|switch|p1a: Hatterene|Hatterene, F, shiny|100/100
|-heal|p1a: Hatterene|100/100|[from] move: Lunar Dance
|
|upkeep
|turn|14
|inactive|Aeybees has 120 seconds left.
|
|t:|1776076133
|move|p2a: Dragonite|Earthquake|p1a: Hatterene
|-damage|p1a: Hatterene|56/100
|move|p1a: Hatterene|Dazzling Gleam|p2a: Dragonite
|-supereffective|p2a: Dragonite
|-damage|p2a: Dragonite|0 fnt
|faint|p2a: Dragonite
|
|upkeep
|inactive|Aeybees has 120 seconds left.
|-message|Aeybees forfeited.
|
|win|twoflowersluggage
|raw|twoflowersluggage's rating: 1550 &rarr; <strong>1568</strong><br />(+18 for winning)
|raw|Aeybees's rating: 1508 &rarr; <strong>1490</strong><br />(-18 for losing)
|l|☆Aeybees
|player|p2|
|l|☆twoflowersluggage
|player|p1|
