|html|<div class="broadcast-blue"><strong>[Gen 9] OU is currently suspecting Tera Blast! For information on how to participate check out the <a href="https://www.smogon.com/tools/suspects/view/200">suspect thread</a>.</strong></div>
|j|☆OIKOITE
|j|☆RYUDRAH
|t:|1776045917
|gametype|singles
|player|p1|OIKOITE|101|1180
|player|p2|RYUDRAH|rocketgrunt|1222
|gen|9
|tier|[Gen 9] OU
|rated|
|rule|HP Percentage Mod: HP is shown in percentages
|rule|Endless Battle Clause: Forcing endless battles is banned
|rule|Species Clause: Limit one of each Pokémon
|rule|OHKO Clause: OHKO moves are banned
|rule|Evasion Items Clause: Evasion items are banned
|rule|Evasion Moves Clause: Evasion moves are banned
|rule|Evasion Abilities Clause: Evasion abilities are banned
|rule|Sleep Moves Clause: Sleep-inducing moves are banned
|clearpoke
|poke|p1|Flygon, F|
|poke|p1|Volcanion|
|poke|p1|Iron Valiant|
|poke|p1|Tyranitar, M|
|poke|p1|Zapdos|
|poke|p1|Pelipper, M|
|poke|p2|Haxorus, M|
|poke|p2|Iron Moth|
|poke|p2|Zoroark-Hisui, M|
|poke|p2|Pecharunt|
|poke|p2|Raging Bolt|
|poke|p2|Ogerpon-Wellspring, F|
|teampreview
|
|t:|1776046004
|teamsize|p1|6
|teamsize|p2|6
|start
|switch|p1a: Flygon|Flygon, F, shiny|100/100
|switch|p2a: Sayryu|Haxorus, M, shiny|100/100
|-ability|p2a: Sayryu|Mold Breaker
|turn|1
|
|t:|1776046029
|-terastallize|p2a: Sayryu|Steel
|move|p2a: Sayryu|Dragon Dance|p2a: Sayryu
|-boost|p2a: Sayryu|atk|1
|-boost|p2a: Sayryu|spe|1
|move|p1a: Flygon|Dragon Dance|p1a: Flygon
|-boost|p1a: Flygon|atk|1
|-boost|p1a: Flygon|spe|1
|
|upkeep
|turn|2
|
|t:|1776046041
|move|p2a: Sayryu|Outrage|p1a: Flygon
|-supereffective|p1a: Flygon
|-damage|p1a: Flygon|0 fnt
|faint|p1a: Flygon
|
|upkeep
|
|t:|1776046055
|switch|p1a: Volcanion|Volcanion|100/100
|turn|3
|
|t:|1776046058
|move|p2a: Sayryu|Outrage|p1a: Volcanion|[from] lockedmove
|-damage|p1a: Volcanion|3/100
|-start|p2a: Sayryu|confusion|[fatigue]
|move|p1a: Volcanion|Overheat|p2a: Sayryu
|-supereffective|p2a: Sayryu
|-damage|p2a: Sayryu|0 fnt
|-unboost|p1a: Volcanion|spa|2
|faint|p2a: Sayryu
|
|-heal|p1a: Volcanion|9/100|[from] item: Leftovers
|upkeep
|
|t:|1776046074
|switch|p2a: raging Dih|Raging Bolt|100/100
|-enditem|p2a: raging Dih|Booster Energy
|-activate|p2a: raging Dih|ability: Protosynthesis|[fromitem]
|-start|p2a: raging Dih|protosynthesisspa
|turn|4
|
|t:|1776046082
|move|p1a: Volcanion|Protect|p1a: Volcanion
|-singleturn|p1a: Volcanion|Protect
|move|p2a: raging Dih|Calm Mind|p2a: raging Dih
|-boost|p2a: raging Dih|spa|1
|-boost|p2a: raging Dih|spd|1
|
|-heal|p1a: Volcanion|15/100|[from] item: Leftovers
|upkeep
|turn|5
|
|t:|1776046091
|switch|p1a: Pelipper|Pelipper, M, shiny|100/100
|-weather|RainDance|[from] ability: Drizzle|[of] p1a: Pelipper
|move|p2a: raging Dih|Thunderclap||[still]
|-fail|p2a: raging Dih
|
|-weather|RainDance|[upkeep]
|upkeep
|turn|6
|
|t:|1776046103
|move|p2a: raging Dih|Thunderclap||[still]
|-fail|p2a: raging Dih
|move|p1a: Pelipper|Tailwind|p1a: Pelipper
|-sidestart|p1: OIKOITE|move: Tailwind
|
|-weather|RainDance|[upkeep]
|upkeep
|turn|7
|
|t:|1776046117
|switch|p1a: Tyranitar|Tyranitar, M, shiny|100/100
|-weather|Sandstorm|[from] ability: Sand Stream|[of] p1a: Tyranitar
|move|p2a: raging Dih|Calm Mind|p2a: raging Dih
|-boost|p2a: raging Dih|spa|1
|-boost|p2a: raging Dih|spd|1
|
|-weather|Sandstorm|[upkeep]
|-damage|p2a: raging Dih|94/100|[from] Sandstorm
|upkeep
|turn|8
|
|t:|1776046126
|move|p2a: raging Dih|Thunderclap||[still]
|-fail|p2a: raging Dih
|move|p1a: Tyranitar|Dragon Dance|p1a: Tyranitar
|-boost|p1a: Tyranitar|atk|1
|-boost|p1a: Tyranitar|spe|1
|
|-weather|Sandstorm|[upkeep]
|-damage|p2a: raging Dih|88/100|[from] Sandstorm
|upkeep
|turn|9
|
|t:|1776046137
|move|p2a: raging Dih|Thunderclap||[still]
|-fail|p2a: raging Dih
|move|p1a: Tyranitar|Dragon Dance|p1a: Tyranitar
|-boost|p1a: Tyranitar|atk|1
|-boost|p1a: Tyranitar|spe|1
|
|-weather|Sandstorm|[upkeep]
|-damage|p2a: raging Dih|82/100|[from] Sandstorm
|-sideend|p1: OIKOITE|move: Tailwind
|upkeep
|turn|10
|
|t:|1776046191
|move|p2a: raging Dih|Thunderclap|p1a: Tyranitar
|-damage|p1a: Tyranitar|23/100
|move|p1a: Tyranitar|Crunch|p2a: raging Dih
|-damage|p2a: raging Dih|13/100
|
|-weather|Sandstorm|[upkeep]
|-damage|p2a: raging Dih|6/100|[from] Sandstorm
|-heal|p1a: Tyranitar|29/100|[from] item: Leftovers
|upkeep
|turn|11
|
|t:|1776046205
|move|p1a: Tyranitar|Dragon Dance|p1a: Tyranitar
|-boost|p1a: Tyranitar|atk|1
|-boost|p1a: Tyranitar|spe|1
|move|p2a: raging Dih|Tera Blast|p1a: Tyranitar
|-resisted|p1a: Tyranitar
|-damage|p1a: Tyranitar|0 fnt
|faint|p1a: Tyranitar
|
|-weather|none
|upkeep
|
|t:|1776046216
|switch|p1a: Pelipper|Pelipper, M, shiny|100/100
|-weather|RainDance|[from] ability: Drizzle|[of] p1a: Pelipper
|turn|12
|
|t:|1776046223
|move|p2a: raging Dih|Thunderclap||[still]
|-fail|p2a: raging Dih
|move|p1a: Pelipper|Tailwind|p1a: Pelipper
|-sidestart|p1: OIKOITE|move: Tailwind
|
|-weather|RainDance|[upkeep]
|upkeep
|turn|13
|
|t:|1776046235
|move|p1a: Pelipper|U-turn|p2a: raging Dih
|-damage|p2a: raging Dih|0 fnt
|faint|p2a: raging Dih
|-end|p2a: raging Dih|Protosynthesis|[silent]
|
|t:|1776046239
|switch|p1a: Zapdos|Zapdos, shiny|100/100|[from] U-turn
|-ability|p1a: Zapdos|Pressure
|
|-weather|RainDance|[upkeep]
|upkeep
|
|t:|1776046250
|switch|p2a: testicle|Pecharunt|100/100
|turn|14
|
|t:|1776046259
|move|p1a: Zapdos|Thunder|p2a: testicle
|-damage|p2a: testicle|50/100
|-status|p2a: testicle|par
|move|p2a: testicle|Malignant Chain|p1a: Zapdos
|-damage|p1a: Zapdos|69/100
|-status|p1a: Zapdos|tox
|-start|p1a: Zapdos|confusion|[from] ability: Poison Puppeteer|[of] p2a: testicle
|
|-weather|RainDance|[upkeep]
|-heal|p2a: testicle|56/100 par|[from] item: Black Sludge
|-damage|p1a: Zapdos|62/100 tox|[from] psn
|upkeep
|turn|15
|
|t:|1776046272
|-activate|p1a: Zapdos|confusion
|move|p1a: Zapdos|Thunder|p2a: testicle
|-damage|p2a: testicle|4/100 par
|move|p2a: testicle|Recover|p2a: testicle
|-heal|p2a: testicle|54/100 par
|
|-weather|RainDance|[upkeep]
|-heal|p2a: testicle|60/100 par|[from] item: Black Sludge
|-damage|p1a: Zapdos|50/100 tox|[from] psn
|-sideend|p1: OIKOITE|move: Tailwind
|upkeep
|turn|16
|
|t:|1776046281
|-activate|p1a: Zapdos|confusion
|move|p1a: Zapdos|Thunder|p2a: testicle
|-damage|p2a: testicle|7/100 par
|move|p2a: testicle|Malignant Chain|p1a: Zapdos
|-damage|p1a: Zapdos|16/100 tox
|
|-weather|none
|-heal|p2a: testicle|13/100 par|[from] item: Black Sludge
|-damage|p1a: Zapdos|0 fnt|[from] psn
|faint|p1a: Zapdos
|upkeep
|
|t:|1776046294
|switch|p1a: Pelipper|Pelipper, M, shiny|100/100
|-weather|RainDance|[from] ability: Drizzle|[of] p1a: Pelipper
|turn|17
|
|t:|1776046313
|move|p1a: Pelipper|U-turn|p2a: testicle
|-resisted|p2a: testicle
|-damage|p2a: testicle|12/100 par
|
|t:|1776046320
|switch|p1a: Iron Valiant|Iron Valiant, shiny|100/100|[from] U-turn
|-enditem|p1a: Iron Valiant|Booster Energy
|-activate|p1a: Iron Valiant|ability: Quark Drive|[fromitem]
|-start|p1a: Iron Valiant|quarkdriveatk
|move|p2a: testicle|Recover|p2a: testicle
|-heal|p2a: testicle|62/100 par
|
|-weather|RainDance|[upkeep]
|-heal|p2a: testicle|68/100 par|[from] item: Black Sludge
|upkeep
|turn|18
|
|t:|1776046330
|-end|p1a: Iron Valiant|Quark Drive|[silent]
|switch|p1a: Pelipper|Pelipper, M, shiny|100/100
|cant|p2a: testicle|par
|
|-weather|RainDance|[upkeep]
|-heal|p2a: testicle|74/100 par|[from] item: Black Sludge
|upkeep
|turn|19
|
|t:|1776046337
|move|p1a: Pelipper|Tailwind|p1a: Pelipper
|-sidestart|p1: OIKOITE|move: Tailwind
|move|p2a: testicle|Malignant Chain|p1a: Pelipper
|-damage|p1a: Pelipper|69/100
|-status|p1a: Pelipper|tox
|-start|p1a: Pelipper|confusion|[from] ability: Poison Puppeteer|[of] p2a: testicle
|
|-weather|RainDance|[upkeep]
|-heal|p1a: Pelipper|75/100 tox|[from] item: Leftovers
|-heal|p2a: testicle|80/100 par|[from] item: Black Sludge
|-damage|p1a: Pelipper|69/100 tox|[from] psn
|upkeep
|turn|20
|
|t:|1776046348
|-activate|p1a: Pelipper|confusion
|-damage|p1a: Pelipper|63/100 tox|[from] confusion
|move|p2a: testicle|Malignant Chain|p1a: Pelipper
|-damage|p1a: Pelipper|32/100 tox
|
|-weather|RainDance|[upkeep]
|-heal|p1a: Pelipper|38/100 tox|[from] item: Leftovers
|-heal|p2a: testicle|87/100 par|[from] item: Black Sludge
|-damage|p1a: Pelipper|26/100 tox|[from] psn
|upkeep
|turn|21
|
|t:|1776046358
|switch|p1a: Volcanion|Volcanion|15/100
|cant|p2a: testicle|par
|
|-weather|none
|-heal|p1a: Volcanion|21/100|[from] item: Leftovers
|-heal|p2a: testicle|93/100 par|[from] item: Black Sludge
|upkeep
|turn|22
|
|t:|1776046373
|move|p1a: Volcanion|Steam Eruption|p2a: testicle
|-damage|p2a: testicle|36/100 par
|move|p2a: testicle|Malignant Chain|p1a: Volcanion
|-damage|p1a: Volcanion|0 fnt
|faint|p1a: Volcanion
|
|-heal|p2a: testicle|42/100 par|[from] item: Black Sludge
|-sideend|p1: OIKOITE|move: Tailwind
|upkeep
|-message|OIKOITE forfeited.
|
|win|RYUDRAH
|raw|OIKOITE's rating: 1180 &rarr; <strong>1158</strong><br />(-22 for losing)
|raw|RYUDRAH's rating: 1222 &rarr; <strong>1244</strong><br />(+22 for winning)
|l|☆OIKOITE
|player|p1|
|l|☆RYUDRAH
|player|p2|
