|html|<div class="broadcast-blue"><strong>[Gen 9] OU is currently suspecting Tera Blast! For information on how to participate check out the <a href="https://www.smogon.com/tools/suspects/view/200">suspect thread</a>.</strong></div>
|j|☆neoteric3705
|j|☆waterser
|t:|1776045518
|gametype|singles
|player|p1|neoteric3705|red-masters|1308
|player|p2|waterser|lucas-gen4pt|1391
|gen|9
|tier|[Gen 9] OU
|rated|
|rule|HP Percentage Mod: HP is shown in percentages
|rule|Endless Battle Clause: Forcing endless battles is banned
|rule|Species Clause: Limit one of each Pokémon
|rule|OHKO Clause: OHKO moves are banned
|rule|Evasion Items Clause: Evasion items are banned
|rule|Evasion Moves Clause: Evasion moves are banned
|rule|Evasion Abilities Clause: Evasion abilities are banned
|rule|Sleep Moves Clause: Sleep-inducing moves are banned
|clearpoke
|poke|p1|Alomomola, F|
|poke|p1|Electrode-Hisui|
|poke|p1|Heatran, M|
|poke|p1|Gliscor, M|
|poke|p1|Slowking-Galar, F|
|poke|p1|Kingambit, M|
|poke|p2|Great Tusk|
|poke|p2|Gliscor, M|
|poke|p2|Primarina, F|
|poke|p2|Dragonite, M|
|poke|p2|Kingambit, M|
|poke|p2|Gholdengo|
|teampreview
|inactive|Battle timer is ON: inactive players will automatically lose when time's up. (requested by waterser)
|j| ohko_smeargle
|
|t:|1776045536
|teamsize|p1|6
|teamsize|p2|6
|start
|switch|p1a: Gliscor|Gliscor, M|100/100
|switch|p2a: Great Tusk|Great Tusk|100/100
|turn|1
|
|t:|1776045542
|move|p1a: Gliscor|Protect|p1a: Gliscor
|-singleturn|p1a: Gliscor|Protect
|move|p2a: Great Tusk|Stealth Rock|p1a: Gliscor
|-sidestart|p1: neoteric3705|move: Stealth Rock
|
|-status|p1a: Gliscor|tox|[from] item: Toxic Orb
|upkeep
|turn|2
|
|t:|1776045549
|switch|p1a: Alomomola|Alomomola, F|100/100
|-damage|p1a: Alomomola|88/100|[from] Stealth Rock
|move|p2a: Great Tusk|Ice Spinner|p1a: Alomomola
|-resisted|p1a: Alomomola
|-damage|p1a: Alomomola|82/100
|-damage|p2a: Great Tusk|84/100|[from] item: Rocky Helmet|[of] p1a: Alomomola
|
|-heal|p2a: Great Tusk|90/100|[from] item: Leftovers
|upkeep
|turn|3
|
|t:|1776045559
|-end|p2a: Great Tusk|Protosynthesis|[silent]
|switch|p2a: Gliscor|Gliscor, M, shiny|100/100
|move|p1a: Alomomola|Flip Turn|p2a: Gliscor
|-supereffective|p2a: Gliscor
|-damage|p2a: Gliscor|76/100
|
|t:|1776045583
|switch|p1a: Slowking|Slowking-Galar, F|100/100|[from] Flip Turn
|
|-status|p2a: Gliscor|tox|[from] item: Toxic Orb
|upkeep
|turn|4
|
|t:|1776045593
|switch|p1a: Alomomola|Alomomola, F|100/100
|-damage|p1a: Alomomola|88/100|[from] Stealth Rock
|move|p2a: Gliscor|Knock Off|p1a: Alomomola
|-damage|p1a: Alomomola|76/100
|-damage|p2a: Gliscor|60/100 tox|[from] item: Rocky Helmet|[of] p1a: Alomomola
|-enditem|p1a: Alomomola|Rocky Helmet|[from] move: Knock Off|[of] p2a: Gliscor
|
|-heal|p2a: Gliscor|72/100 tox|[from] ability: Poison Heal
|upkeep
|turn|5
|
|t:|1776045602
|move|p2a: Gliscor|Toxic|p1a: Alomomola
|-status|p1a: Alomomola|tox
|move|p1a: Alomomola|Flip Turn|p2a: Gliscor
|-supereffective|p2a: Gliscor
|-damage|p2a: Gliscor|48/100 tox
|
|t:|1776045613
|switch|p1a: Electrode|Electrode-Hisui|100/100|[from] Flip Turn
|-damage|p1a: Electrode|88/100|[from] Stealth Rock
|
|-heal|p2a: Gliscor|60/100 tox|[from] ability: Poison Heal
|upkeep
|turn|6
|
|t:|1776045623
|move|p2a: Gliscor|Protect|p2a: Gliscor
|-singleturn|p2a: Gliscor|Protect
|move|p1a: Electrode|Volt Switch|p2a: Gliscor
|-activate|p2a: Gliscor|move: Protect
|
|-heal|p2a: Gliscor|73/100 tox|[from] ability: Poison Heal
|upkeep
|turn|7
|
|t:|1776045629
|switch|p1a: Alomomola|Alomomola, F|100/100 tox
|-damage|p1a: Alomomola|88/100 tox|[from] Stealth Rock
|move|p2a: Gliscor|Toxic|p1a: Alomomola
|-fail|p1a: Alomomola|tox
|
|-heal|p2a: Gliscor|85/100 tox|[from] ability: Poison Heal
|-damage|p1a: Alomomola|82/100 tox|[from] psn
|upkeep
|turn|8
|
|t:|1776045643
|move|p2a: Gliscor|Spikes|p1a: Alomomola
|-sidestart|p1: neoteric3705|Spikes
|move|p1a: Alomomola|Flip Turn|p2a: Gliscor
|-supereffective|p2a: Gliscor
|-damage|p2a: Gliscor|58/100 tox
|
|t:|1776045648
|switch|p1a: Electrode|Electrode-Hisui|88/100|[from] Flip Turn
|-damage|p1a: Electrode|76/100|[from] Stealth Rock
|-damage|p1a: Electrode|64/100|[from] Spikes
|
|-heal|p2a: Gliscor|70/100 tox|[from] ability: Poison Heal
|upkeep
|turn|9
|
|t:|1776045659
|move|p1a: Electrode|Chloroblast|p2a: Gliscor
|-damage|p2a: Gliscor|0 fnt
|faint|p2a: Gliscor
|-damage|p1a: Electrode|14/100|[from] Recoil
|
|upkeep
|
|t:|1776045676
|switch|p2a: Dragonite|Dragonite, M|100/100
|turn|10
|
|t:|1776045680
|move|p2a: Dragonite|Extreme Speed|p1a: Electrode
|-damage|p1a: Electrode|0 fnt
|faint|p1a: Electrode
|
|upkeep
|
|t:|1776045699
|switch|p1a: Alomomola|Alomomola, F|100/100 tox
|-damage|p1a: Alomomola|88/100 tox|[from] Stealth Rock
|-damage|p1a: Alomomola|76/100 tox|[from] Spikes
|turn|11
|
|t:|1776045706
|switch|p2a: Primarina|Primarina, F|100/100
|move|p1a: Alomomola|Flip Turn|p2a: Primarina
|-resisted|p2a: Primarina
|-damage|p2a: Primarina|89/100
|
|t:|1776045720
|switch|p1a: Slowking|Slowking-Galar, F|100/100|[from] Flip Turn
|
|upkeep
|turn|12
|
|t:|1776045728
|move|p2a: Primarina|Psychic Noise|p1a: Slowking
|-damage|p1a: Slowking|83/100
|-start|p1a: Slowking|move: Heal Block
|-prepare|p1a: Slowking|Chilly Reception|[premajor]
|move|p1a: Slowking|Chilly Reception|p1a: Slowking
|-weather|Snowscape
|
|t:|1776045735
|switch|p1a: Gliscor|Gliscor, M|100/100 tox|[from] Chilly Reception
|-damage|p1a: Gliscor|88/100 tox|[from] Stealth Rock
|
|-weather|Snowscape|[upkeep]
|-heal|p1a: Gliscor|100/100 tox|[from] ability: Poison Heal
|upkeep
|turn|13
|
|t:|1776045743
|switch|p1a: Slowking|Slowking-Galar, F|100/100
|move|p2a: Primarina|Surf|p1a: Slowking
|-damage|p1a: Slowking|73/100
|
|-weather|Snowscape|[upkeep]
|upkeep
|turn|14
|
|t:|1776045751
|move|p2a: Primarina|Psychic Noise|p1a: Slowking
|-damage|p1a: Slowking|56/100
|-start|p1a: Slowking|move: Heal Block
|move|p1a: Slowking|Sludge Bomb|p2a: Primarina
|-supereffective|p2a: Primarina
|-damage|p2a: Primarina|48/100
|
|-weather|Snowscape|[upkeep]
|upkeep
|turn|15
|
|t:|1776045761
|move|p2a: Primarina|Flip Turn|p1a: Slowking
|-damage|p1a: Slowking|42/100
|
|t:|1776045764
|switch|p2a: Kingambit|Kingambit, M|100/100|[from] Flip Turn
|-activate|p2a: Kingambit|ability: Supreme Overlord
|-start|p2a: Kingambit|fallen1|[silent]
|move|p1a: Slowking|Sludge Bomb|p2a: Kingambit
|-immune|p2a: Kingambit
|
|-weather|Snowscape|[upkeep]
|-end|p1a: Slowking|move: Heal Block
|upkeep
|turn|16
|inactive|neoteric3705 has 120 seconds left.
|
|t:|1776045795
|switch|p1a: Heatran|Heatran, M|100/100
|-damage|p1a: Heatran|88/100|[from] Stealth Rock
|-damage|p1a: Heatran|76/100|[from] Spikes
|move|p2a: Kingambit|Swords Dance|p2a: Kingambit
|-boost|p2a: Kingambit|atk|2
|
|-weather|none
|-heal|p1a: Heatran|82/100|[from] item: Leftovers
|upkeep
|turn|17
|
|t:|1776045803
|-terastallize|p2a: Kingambit|Ghost
|move|p1a: Heatran|Taunt|p2a: Kingambit
|-start|p2a: Kingambit|move: Taunt
|move|p2a: Kingambit|Low Kick|p1a: Heatran
|-supereffective|p1a: Heatran
|-damage|p1a: Heatran|0 fnt
|faint|p1a: Heatran
|
|upkeep
|inactive|neoteric3705 has 120 seconds left.
|-message|neoteric3705 forfeited.
|
|win|waterser
|raw|neoteric3705's rating: 1308 &rarr; <strong>1293</strong><br />(-15 for losing)
|raw|waterser's rating: 1391 &rarr; <strong>1406</strong><br />(+15 for winning)
|l|☆neoteric3705
|player|p1|
|l| ohko_smeargle
|l|☆waterser
|player|p2|
