|html|<div class="broadcast-blue"><strong>[Gen 9] OU is currently suspecting Tera Blast! For information on how to participate check out the <a href="https://www.smogon.com/tools/suspects/view/200">suspect thread</a>.</strong></div>
|j|☆Blastoise_Choice
|j|☆getreyal
|t:|1776124825
|gametype|singles
|player|p1|Blastoise_Choice|101|1597
|player|p2|getreyal|pokemaniac-gen6|1666
|gen|9
|tier|[Gen 9] OU
|rated|
|rule|HP Percentage Mod: HP is shown in percentages
|rule|Endless Battle Clause: Forcing endless battles is banned
|rule|Species Clause: Limit one of each Pokémon
|rule|OHKO Clause: OHKO moves are banned
|rule|Evasion Items Clause: Evasion items are banned
|rule|Evasion Moves Clause: Evasion moves are banned
|rule|Evasion Abilities Clause: Evasion abilities are banned
|rule|Sleep Moves Clause: Sleep-inducing moves are banned
|clearpoke
|poke|p1|Garganacl, M|
|poke|p1|Darkrai|
|poke|p1|Great Tusk|
|poke|p1|Hatterene, F|
|poke|p1|Tornadus-Therian, M|
|poke|p1|Dragonite, M|
|poke|p2|Gallade, M|
|poke|p2|Garchomp, F|
|poke|p2|Meowscarada, M|
|poke|p2|Iron Hands|
|poke|p2|Corviknight, M|
|poke|p2|Cinderace, F|
|teampreview
|c|☆Blastoise_Choice|hf
|inactive|Battle timer is ON: inactive players will automatically lose when time's up. (requested by Blastoise_Choice)
|
|t:|1776124840
|teamsize|p1|6
|teamsize|p2|6
|start
|switch|p1a: Great Tusk|Great Tusk|100/100
|switch|p2a: Meowscarada|Meowscarada, M|100/100
|-enditem|p1a: Great Tusk|Booster Energy
|-activate|p1a: Great Tusk|ability: Protosynthesis|[fromitem]
|-start|p1a: Great Tusk|protosynthesisatk
|turn|1
|
|t:|1776124847
|-terastallize|p1a: Great Tusk|Ice
|move|p2a: Meowscarada|Triple Axel|p1a: Great Tusk
|-start|p2a: Meowscarada|typechange|Ice|[from] ability: Protean
|-resisted|p1a: Great Tusk
|-damage|p1a: Great Tusk|95/100
|-resisted|p1a: Great Tusk
|-damage|p1a: Great Tusk|85/100
|-resisted|p1a: Great Tusk
|-damage|p1a: Great Tusk|69/100
|-hitcount|p1a: Great Tusk|3
|move|p1a: Great Tusk|Ice Spinner|p2a: Meowscarada
|-resisted|p2a: Meowscarada
|-damage|p2a: Meowscarada|62/100
|
|upkeep
|turn|2
|
|t:|1776124869
|switch|p2a: Corviknight|Corviknight, M|100/100
|-ability|p2a: Corviknight|Pressure
|move|p1a: Great Tusk|Close Combat|p2a: Corviknight
|-damage|p2a: Corviknight|48/100
|-unboost|p1a: Great Tusk|def|1
|-unboost|p1a: Great Tusk|spd|1
|-damage|p1a: Great Tusk|52/100|[from] item: Rocky Helmet|[of] p2a: Corviknight
|
|upkeep
|turn|3
|
|t:|1776124887
|move|p1a: Great Tusk|Close Combat|p2a: Corviknight
|-damage|p2a: Corviknight|0 fnt
|-unboost|p1a: Great Tusk|def|1
|-unboost|p1a: Great Tusk|spd|1
|-damage|p1a: Great Tusk|36/100|[from] item: Rocky Helmet|[of] p2a: Corviknight
|faint|p2a: Corviknight
|
|upkeep
|
|t:|1776124888
|switch|p2a: Meowscarada|Meowscarada, M|62/100
|turn|4
|
|t:|1776124894
|-end|p1a: Great Tusk|Protosynthesis|[silent]
|switch|p1a: Hatterene|Hatterene, F|100/100
|move|p2a: Meowscarada|Triple Axel|p1a: Hatterene
|-start|p2a: Meowscarada|typechange|Ice|[from] ability: Protean
|-damage|p1a: Hatterene|88/100
|-damage|p2a: Meowscarada|45/100|[from] item: Rocky Helmet|[of] p1a: Hatterene
|-damage|p1a: Hatterene|66/100
|-damage|p2a: Meowscarada|29/100|[from] item: Rocky Helmet|[of] p1a: Hatterene
|-damage|p1a: Hatterene|32/100
|-damage|p2a: Meowscarada|12/100|[from] item: Rocky Helmet|[of] p1a: Hatterene
|-hitcount|p1a: Hatterene|3
|
|upkeep
|turn|5
|
|t:|1776124909
|move|p2a: Meowscarada|Triple Axel|p1a: Hatterene
|-damage|p1a: Hatterene|20/100
|-damage|p2a: Meowscarada|0 fnt|[from] item: Rocky Helmet|[of] p1a: Hatterene
|faint|p2a: Meowscarada
|-hitcount|p1a: Hatterene|1
|move|p1a: Hatterene|Future Sight|p2: Meowscarada
|-start|p1a: Hatterene|move: Future Sight
|
|upkeep
|
|t:|1776124913
|switch|p2a: Garchomp|Garchomp, F, shiny|100/100
|turn|6
|
|t:|1776124920
|move|p2a: Garchomp|Earthquake|p1a: Hatterene
|-damage|p1a: Hatterene|0 fnt
|faint|p1a: Hatterene
|
|upkeep
|
|t:|1776124927
|switch|p1a: Dragonite|Dragonite, M|100/100
|turn|7
|
|t:|1776124933
|move|p1a: Dragonite|Earthquake|p2a: Garchomp
|-damage|p2a: Garchomp|78/100
|move|p2a: Garchomp|Dragon Tail|p1a: Dragonite
|-supereffective|p1a: Dragonite
|-damage|p1a: Dragonite|74/100
|drag|p1a: Tornadus|Tornadus-Therian, M, shiny|100/100
|
|-end|p2a: Garchomp|move: Future Sight
|-damage|p2a: Garchomp|25/100
|-heal|p2a: Garchomp|31/100|[from] item: Leftovers
|upkeep
|turn|8
|
|t:|1776124940
|move|p2a: Garchomp|Protect|p2a: Garchomp
|-singleturn|p2a: Garchomp|Protect
|move|p1a: Tornadus|U-turn|p2a: Garchomp
|-activate|p2a: Garchomp|move: Protect
|
|-heal|p2a: Garchomp|38/100|[from] item: Leftovers
|upkeep
|turn|9
|
|t:|1776124943
|move|p1a: Tornadus|U-turn|p2a: Garchomp
|-damage|p2a: Garchomp|29/100
|-damage|p1a: Tornadus|88/100|[from] ability: Rough Skin|[of] p2a: Garchomp
|
|t:|1776124947
|switch|p1a: Great Tusk|Great Tusk, tera:Ice|36/100|[from] U-turn
|move|p2a: Garchomp|Stealth Rock|p1a: Great Tusk
|-sidestart|p1: Blastoise_Choice|move: Stealth Rock
|
|-heal|p2a: Garchomp|35/100|[from] item: Leftovers
|upkeep
|turn|10
|
|t:|1776124959
|-terastallize|p2a: Garchomp|Ghost
|move|p1a: Great Tusk|Rapid Spin|p2a: Garchomp
|-immune|p2a: Garchomp
|move|p2a: Garchomp|Dragon Tail|p1a: Great Tusk
|-crit|p1a: Great Tusk
|-damage|p1a: Great Tusk|9/100
|-end|p1a: Great Tusk|Protosynthesis|[silent]
|drag|p1a: Dragonite|Dragonite, M|74/100
|-damage|p1a: Dragonite|49/100|[from] Stealth Rock
|
|-heal|p2a: Garchomp|42/100|[from] item: Leftovers
|upkeep
|turn|11
|
|t:|1776124969
|move|p2a: Garchomp|Protect|p2a: Garchomp
|-singleturn|p2a: Garchomp|Protect
|move|p1a: Dragonite|Roost|p1a: Dragonite
|-heal|p1a: Dragonite|99/100
|-singleturn|p1a: Dragonite|move: Roost
|
|-heal|p2a: Garchomp|48/100|[from] item: Leftovers
|upkeep
|turn|12
|
|t:|1776124973
|move|p1a: Dragonite|Earthquake|p2a: Garchomp
|-damage|p2a: Garchomp|23/100
|move|p2a: Garchomp|Dragon Tail|p1a: Dragonite
|-supereffective|p1a: Dragonite
|-damage|p1a: Dragonite|51/100
|drag|p1a: Great Tusk|Great Tusk, tera:Ice|9/100
|-damage|p1a: Great Tusk|0 fnt|[from] Stealth Rock
|faint|p1a: Great Tusk
|-end|p1a: Great Tusk|Protosynthesis|[silent]
|
|-heal|p2a: Garchomp|29/100|[from] item: Leftovers
|upkeep
|
|t:|1776124977
|switch|p1a: Darkrai|Darkrai|100/100
|-damage|p1a: Darkrai|88/100|[from] Stealth Rock
|turn|13
|
|t:|1776124981
|move|p2a: Garchomp|Protect|p2a: Garchomp
|-singleturn|p2a: Garchomp|Protect
|move|p1a: Darkrai|Psychic|p2a: Garchomp
|-activate|p2a: Garchomp|move: Protect
|
|-heal|p2a: Garchomp|35/100|[from] item: Leftovers
|upkeep
|turn|14
|
|t:|1776124987
|switch|p2a: Gallade|Gallade, M, shiny|100/100
|move|p1a: Darkrai|Psychic|p2a: Gallade
|-damage|p2a: Gallade|47/100
|
|upkeep
|turn|15
|
|t:|1776124994
|move|p2a: Gallade|Sacred Sword|p1a: Darkrai
|-supereffective|p1a: Darkrai
|-damage|p1a: Darkrai|0 fnt
|faint|p1a: Darkrai
|
|upkeep
|
|t:|1776125002
|switch|p1a: Tornadus|Tornadus-Therian, M, shiny|100/100
|-damage|p1a: Tornadus|76/100|[from] Stealth Rock
|turn|16
|
|t:|1776125011
|switch|p2a: Iron Hands|Iron Hands|100/100
|move|p1a: Tornadus|Bleakwind Storm|p2a: Iron Hands
|-damage|p2a: Iron Hands|78/100
|-unboost|p2a: Iron Hands|spe|1
|
|upkeep
|turn|17
|
|t:|1776125018
|move|p1a: Tornadus|U-turn|p2a: Iron Hands
|-resisted|p2a: Iron Hands
|-damage|p2a: Iron Hands|72/100
|
|t:|1776125024
|switch|p1a: Garganacl|Garganacl, M|100/100|[from] U-turn
|-damage|p1a: Garganacl|88/100|[from] Stealth Rock
|move|p2a: Iron Hands|Supercell Slam|p1a: Garganacl
|-damage|p1a: Garganacl|46/100
|
|-heal|p1a: Garganacl|52/100|[from] item: Leftovers
|upkeep
|turn|18
|
|t:|1776125030
|move|p2a: Iron Hands|Drain Punch|p1a: Garganacl
|-supereffective|p1a: Garganacl
|-damage|p1a: Garganacl|0 fnt
|-heal|p2a: Iron Hands|96/100|[from] drain|[of] p1a: Garganacl
|faint|p1a: Garganacl
|
|upkeep
|
|t:|1776125036
|switch|p1a: Dragonite|Dragonite, M|51/100
|-damage|p1a: Dragonite|26/100|[from] Stealth Rock
|turn|19
|
|t:|1776125055
|move|p1a: Dragonite|Roost|p1a: Dragonite
|-heal|p1a: Dragonite|76/100
|-singleturn|p1a: Dragonite|move: Roost
|move|p2a: Iron Hands|Ice Punch|p1a: Dragonite
|-supereffective|p1a: Dragonite
|-damage|p1a: Dragonite|21/100
|
|upkeep
|turn|20
|
|t:|1776125061
|move|p1a: Dragonite|Roost|p1a: Dragonite
|-heal|p1a: Dragonite|71/100
|-singleturn|p1a: Dragonite|move: Roost
|move|p2a: Iron Hands|Ice Punch|p1a: Dragonite
|-supereffective|p1a: Dragonite
|-damage|p1a: Dragonite|15/100
|
|upkeep
|turn|21
|
|t:|1776125065
|move|p1a: Dragonite|Earthquake|p2a: Iron Hands
|-supereffective|p2a: Iron Hands
|-damage|p2a: Iron Hands|44/100
|move|p2a: Iron Hands|Ice Punch|p1a: Dragonite
|-supereffective|p1a: Dragonite
|-damage|p1a: Dragonite|0 fnt
|faint|p1a: Dragonite
|
|upkeep
|
|t:|1776125068
|switch|p1a: Tornadus|Tornadus-Therian, M, shiny|100/100
|-damage|p1a: Tornadus|76/100|[from] Stealth Rock
|turn|22
|
|t:|1776125087
|move|p1a: Tornadus|Heat Wave|p2a: Iron Hands
|-damage|p2a: Iron Hands|30/100
|move|p2a: Iron Hands|Supercell Slam|p1a: Tornadus
|-supereffective|p1a: Tornadus
|-damage|p1a: Tornadus|0 fnt
|faint|p1a: Tornadus
|
|win|getreyal
|raw|Blastoise_Choice's rating: 1597 &rarr; <strong>1581</strong><br />(-16 for losing)
|raw|getreyal's rating: 1666 &rarr; <strong>1682</strong><br />(+16 for winning)
|c|☆Blastoise_Choice|gg
