|html|<div class="broadcast-blue"><strong>[Gen 9] OU is currently suspecting Tera Blast! For information on how to participate check out the <a href="https://www.smogon.com/tools/suspects/view/200">suspect thread</a>.</strong></div>
|j|☆bowling12345
|j|☆ubungowungo
|t:|1776098595
|gametype|singles
|player|p1|bowling12345|169|1309
|player|p2|ubungowungo|lucas|1287
|gen|9
|tier|[Gen 9] OU
|rated|
|rule|HP Percentage Mod: HP is shown in percentages
|rule|Endless Battle Clause: Forcing endless battles is banned
|rule|Species Clause: Limit one of each Pokémon
|rule|OHKO Clause: OHKO moves are banned
|rule|Evasion Items Clause: Evasion items are banned
|rule|Evasion Moves Clause: Evasion moves are banned
|rule|Evasion Abilities Clause: Evasion abilities are banned
|rule|Sleep Moves Clause: Sleep-inducing moves are banned
|clearpoke
|poke|p1|Zoroark-Hisui, F|
|poke|p1|Jirachi|
|poke|p1|Munkidori, M|
|poke|p1|Sinistcha|
|poke|p1|Alomomola, M|
|poke|p1|Entei|
|poke|p2|Okidogi, M|
|poke|p2|Zamazenta-*|
|poke|p2|Suicune|
|poke|p2|Braviary-Hisui, M|
|poke|p2|Meowscarada, M|
|poke|p2|Darkrai|
|teampreview
|inactive|Battle timer is ON: inactive players will automatically lose when time's up. (requested by bowling12345)
|
|t:|1776098602
|teamsize|p1|6
|teamsize|p2|6
|start
|switch|p1a: Jirachi|Jirachi|100/100
|switch|p2a: Meowscarada|Meowscarada, M|100/100
|turn|1
|
|t:|1776098628
|move|p1a: Jirachi|Trick|p2a: Meowscarada
|-activate|p1a: Jirachi|move: Trick|[of] p2a: Meowscarada
|-item|p2a: Meowscarada|Choice Scarf|[from] move: Trick
|-item|p1a: Jirachi|Wide Lens|[from] move: Trick
|move|p2a: Meowscarada|Knock Off|p1a: Jirachi
|-start|p2a: Meowscarada|typechange|Dark|[from] ability: Protean
|-supereffective|p1a: Jirachi
|-damage|p1a: Jirachi|21/100
|-enditem|p1a: Jirachi|Wide Lens|[from] move: Knock Off|[of] p2a: Meowscarada
|
|upkeep
|turn|2
|
|t:|1776098639
|switch|p1a: Alomomola|Alomomola, M|100/100
|move|p2a: Meowscarada|Knock Off|p1a: Alomomola
|-damage|p1a: Alomomola|78/100
|-damage|p2a: Meowscarada|84/100|[from] item: Rocky Helmet|[of] p1a: Alomomola
|-enditem|p1a: Alomomola|Rocky Helmet|[from] move: Knock Off|[of] p2a: Meowscarada
|
|upkeep
|turn|3
|
|t:|1776098651
|move|p2a: Meowscarada|Knock Off|p1a: Alomomola
|-damage|p1a: Alomomola|63/100
|move|p1a: Alomomola|Scald|p2a: Meowscarada
|-damage|p2a: Meowscarada|63/100
|
|upkeep
|turn|4
|inactive|bowling12345 has 120 seconds left.
|
|t:|1776098673
|move|p2a: Meowscarada|Knock Off|p1a: Alomomola
|-damage|p1a: Alomomola|47/100
|move|p1a: Alomomola|Flip Turn|p2a: Meowscarada
|-crit|p2a: Meowscarada
|-damage|p2a: Meowscarada|22/100
|inactive|bowling12345 has 120 seconds left.
|
|t:|1776098678
|switch|p1a: Entei|Entei|100/100|[from] Flip Turn
|
|upkeep
|turn|5
|
|t:|1776098689
|switch|p2a: Suicune|Suicune|100/100
|-ability|p2a: Suicune|Pressure
|move|p1a: Entei|Extreme Speed|p2a: Suicune
|-damage|p2a: Suicune|77/100
|
|-heal|p2a: Suicune|84/100|[from] item: Leftovers
|upkeep
|turn|6
|
|t:|1776098700
|switch|p1a: Alomomola|Alomomola, M|81/100
|move|p2a: Suicune|Agility|p2a: Suicune
|-boost|p2a: Suicune|spe|2
|
|-heal|p2a: Suicune|90/100|[from] item: Leftovers
|upkeep
|turn|7
|
|t:|1776098707
|move|p2a: Suicune|Calm Mind|p2a: Suicune
|-boost|p2a: Suicune|spa|1
|-boost|p2a: Suicune|spd|1
|move|p1a: Alomomola|Flip Turn|p2a: Suicune
|-resisted|p2a: Suicune
|-damage|p2a: Suicune|84/100
|
|t:|1776098713
|switch|p1a: Munkidori|Munkidori, M|100/100|[from] Flip Turn
|
|-heal|p2a: Suicune|90/100|[from] item: Leftovers
|upkeep
|turn|8
|
|t:|1776098719
|move|p2a: Suicune|Scald|p1a: Munkidori
|-damage|p1a: Munkidori|80/100
|move|p1a: Munkidori|Psyshock|p2a: Suicune
|-damage|p2a: Suicune|59/100
|-status|p2a: Suicune|tox|[from] ability: Toxic Chain|[of] p1a: Munkidori
|
|-heal|p2a: Suicune|65/100 tox|[from] item: Leftovers
|-damage|p2a: Suicune|59/100 tox|[from] psn
|upkeep
|turn|9
|
|t:|1776098735
|move|p2a: Suicune|Scald|p1a: Munkidori
|-damage|p1a: Munkidori|59/100
|-status|p1a: Munkidori|brn
|move|p1a: Munkidori|Psyshock|p2a: Suicune
|-damage|p2a: Suicune|25/100 tox
|
|-heal|p2a: Suicune|31/100 tox|[from] item: Leftovers
|-damage|p2a: Suicune|19/100 tox|[from] psn
|-damage|p1a: Munkidori|53/100 brn|[from] brn
|upkeep
|turn|10
|
|t:|1776098748
|move|p2a: Suicune|Scald|p1a: Munkidori
|-damage|p1a: Munkidori|31/100 brn
|move|p1a: Munkidori|Hex|p2a: Suicune
|-damage|p2a: Suicune|1/100 tox
|
|-heal|p2a: Suicune|7/100 tox|[from] item: Leftovers
|-damage|p2a: Suicune|0 fnt|[from] psn
|faint|p2a: Suicune
|-damage|p1a: Munkidori|25/100 brn|[from] brn
|upkeep
|
|t:|1776098758
|switch|p2a: Braviary|Braviary-Hisui, M|100/100
|turn|11
|inactive|bowling12345 has 120 seconds left.
|
|t:|1776098812
|switch|p1a: Alomomola|Alomomola, M|100/100
|move|p2a: Braviary|Esper Wing|p1a: Alomomola
|-damage|p1a: Alomomola|67/100
|-boost|p2a: Braviary|spe|1
|
|upkeep
|turn|12
|inactive|bowling12345 has 90 seconds left.
|
|t:|1776098844
|move|p2a: Braviary|Calm Mind|p2a: Braviary
|-boost|p2a: Braviary|spa|1
|-boost|p2a: Braviary|spd|1
|move|p1a: Alomomola|Scald|p2a: Braviary
|-damage|p2a: Braviary|90/100
|
|upkeep
|turn|13
|
|t:|1776098850
|move|p2a: Braviary|Esper Wing|p1a: Alomomola
|-damage|p1a: Alomomola|13/100
|-boost|p2a: Braviary|spe|1
|move|p1a: Alomomola|Flip Turn|p2a: Braviary
|-damage|p2a: Braviary|74/100
|
|t:|1776098865
|switch|p1a: Sinistcha|Sinistcha|100/100|[from] Flip Turn
|
|upkeep
|turn|14
|
|t:|1776098876
|move|p2a: Braviary|Dazzling Gleam|p1a: Sinistcha
|-damage|p1a: Sinistcha|37/100
|replace|p1a: Zoroark|Zoroark-Hisui, F
|-end|p1a: Zoroark|Illusion
|move|p1a: Zoroark|Hex|p2a: Braviary
|-supereffective|p2a: Braviary
|-damage|p2a: Braviary|23/100
|
|upkeep
|turn|15
|inactive|bowling12345 has 90 seconds left.
|
|t:|1776098887
|-terastallize|p1a: Zoroark|Fire
|move|p2a: Braviary|Esper Wing|p1a: Zoroark
|-crit|p1a: Zoroark
|-damage|p1a: Zoroark|0 fnt
|-boost|p2a: Braviary|spe|1
|faint|p1a: Zoroark
|
|upkeep
|
|t:|1776098895
|switch|p1a: Entei|Entei|100/100
|turn|16
|
|t:|1776098905
|move|p1a: Entei|Extreme Speed|p2a: Braviary
|-damage|p2a: Braviary|0 fnt
|faint|p2a: Braviary
|
|upkeep
|
|t:|1776098929
|switch|p2a: Darkrai|Darkrai|100/100
|turn|17
|
|t:|1776098939
|move|p2a: Darkrai|Dark Pulse|p1a: Entei
|-damage|p1a: Entei|76/100
|move|p1a: Entei|Sacred Fire|p2a: Darkrai
|-damage|p2a: Darkrai|30/100
|-status|p2a: Darkrai|brn
|
|-damage|p2a: Darkrai|24/100 brn|[from] brn
|upkeep
|turn|18
|inactive|bowling12345 has 90 seconds left.
|
|t:|1776098963
|move|p1a: Entei|Extreme Speed|p2a: Darkrai
|-damage|p2a: Darkrai|0 fnt
|faint|p2a: Darkrai
|
|upkeep
|
|t:|1776098970
|switch|p2a: Zamazenta|Zamazenta|100/100
|-ability|p2a: Zamazenta|Dauntless Shield|boost
|-boost|p2a: Zamazenta|def|1
|turn|19
|
|t:|1776098978
|switch|p1a: Alomomola|Alomomola, M|47/100
|move|p2a: Zamazenta|Iron Defense|p2a: Zamazenta
|-boost|p2a: Zamazenta|def|2
|
|upkeep
|turn|20
|
|t:|1776098984
|switch|p1a: Jirachi|Jirachi|21/100
|move|p2a: Zamazenta|Trailblaze|p1a: Jirachi
|-resisted|p1a: Jirachi
|-damage|p1a: Jirachi|15/100
|-boost|p2a: Zamazenta|spe|1
|
|upkeep
|turn|21
|
|t:|1776098991
|move|p2a: Zamazenta|Crunch|p1a: Jirachi
|-supereffective|p1a: Jirachi
|-damage|p1a: Jirachi|0 fnt
|faint|p1a: Jirachi
|
|upkeep
|
|t:|1776098997
|switch|p1a: Alomomola|Alomomola, M|80/100
|turn|22
|
|t:|1776099002
|move|p2a: Zamazenta|Iron Defense|p2a: Zamazenta
|-boost|p2a: Zamazenta|def|2
|move|p1a: Alomomola|Scald|p2a: Zamazenta
|-damage|p2a: Zamazenta|90/100
|
|-heal|p2a: Zamazenta|96/100|[from] item: Leftovers
|upkeep
|turn|23
|inactive|bowling12345 has 120 seconds left.
|
|t:|1776099022
|move|p2a: Zamazenta|Body Press|p1a: Alomomola
|-damage|p1a: Alomomola|0 fnt
|faint|p1a: Alomomola
|
|-heal|p2a: Zamazenta|100/100|[from] item: Leftovers
|upkeep
|
|t:|1776099029
|switch|p1a: Sinistcha|Sinistcha|100/100
|turn|24
|
|t:|1776099032
|move|p2a: Zamazenta|Crunch|p1a: Sinistcha
|-supereffective|p1a: Sinistcha
|-damage|p1a: Sinistcha|65/100
|-enditem|p1a: Sinistcha|Weakness Policy
|-boost|p1a: Sinistcha|atk|2|[from] item: Weakness Policy
|-boost|p1a: Sinistcha|spa|2|[from] item: Weakness Policy
|move|p1a: Sinistcha|Trick Room|p1a: Sinistcha
|-fieldstart|move: Trick Room|[of] p1a: Sinistcha
|
|upkeep
|turn|25
|
|t:|1776099044
|move|p1a: Sinistcha|Matcha Gotcha|p2a: Zamazenta
|-damage|p2a: Zamazenta|36/100
|-heal|p1a: Sinistcha|100/100|[from] drain|[of] p2a: Zamazenta
|-status|p2a: Zamazenta|brn
|move|p2a: Zamazenta|Crunch|p1a: Sinistcha
|-supereffective|p1a: Sinistcha
|-damage|p1a: Sinistcha|83/100
|
|-heal|p2a: Zamazenta|42/100 brn|[from] item: Leftovers
|-damage|p2a: Zamazenta|36/100 brn|[from] brn
|upkeep
|turn|26
|
|t:|1776099058
|move|p1a: Sinistcha|Hex|p2a: Zamazenta
|-damage|p2a: Zamazenta|0 fnt
|faint|p2a: Zamazenta
|
|upkeep
|
|t:|1776099061
|switch|p2a: Okidogi|Okidogi, M|100/100
|turn|27
|
|t:|1776099074
|move|p1a: Sinistcha|Strength Sap|p2a: Okidogi
|-unboost|p2a: Okidogi|atk|1
|-heal|p1a: Sinistcha|100/100
|move|p2a: Okidogi|Substitute|p2a: Okidogi
|-start|p2a: Okidogi|Substitute
|-damage|p2a: Okidogi|75/100
|
|-heal|p2a: Okidogi|82/100|[from] item: Leftovers
|upkeep
|turn|28
|
|t:|1776099087
|move|p1a: Sinistcha|Hex|p2a: Okidogi
|-end|p2a: Okidogi|Substitute
|move|p2a: Okidogi|Bulk Up|p2a: Okidogi
|-boost|p2a: Okidogi|atk|1
|-boost|p2a: Okidogi|def|1
|
|-heal|p2a: Okidogi|88/100|[from] item: Leftovers
|-fieldend|move: Trick Room
|upkeep
|turn|29
|
|t:|1776099095
|move|p2a: Okidogi|Substitute|p2a: Okidogi
|-start|p2a: Okidogi|Substitute
|-damage|p2a: Okidogi|63/100
|move|p1a: Sinistcha|Trick Room|p1a: Sinistcha
|-fieldstart|move: Trick Room|[of] p1a: Sinistcha
|
|-heal|p2a: Okidogi|69/100|[from] item: Leftovers
|upkeep
|turn|30
|
|t:|1776099107
|move|p1a: Sinistcha|Hex|p2a: Okidogi
|-end|p2a: Okidogi|Substitute
|move|p2a: Okidogi|Bulk Up|p2a: Okidogi
|-boost|p2a: Okidogi|atk|1
|-boost|p2a: Okidogi|def|1
|
|-heal|p2a: Okidogi|75/100|[from] item: Leftovers
|upkeep
|turn|31
|
|t:|1776099117
|move|p1a: Sinistcha|Hex|p2a: Okidogi
|-damage|p2a: Okidogi|23/100
|move|p2a: Okidogi|Bulk Up|p2a: Okidogi
|-boost|p2a: Okidogi|atk|1
|-boost|p2a: Okidogi|def|1
|
|-heal|p2a: Okidogi|29/100|[from] item: Leftovers
|upkeep
|turn|32
|
|t:|1776099125
|move|p1a: Sinistcha|Hex|p2a: Okidogi
|-damage|p2a: Okidogi|0 fnt
|faint|p2a: Okidogi
|
|upkeep
|
|t:|1776099127
|switch|p2a: Meowscarada|Meowscarada, M|22/100
|turn|33
|
|t:|1776099132
|-terastallize|p2a: Meowscarada|Grass
|move|p1a: Sinistcha|Hex|p2a: Meowscarada
|-damage|p2a: Meowscarada|0 fnt
|faint|p2a: Meowscarada
|
|win|bowling12345
|raw|bowling12345's rating: 1309 &rarr; <strong>1328</strong><br />(+19 for winning)
|raw|ubungowungo's rating: 1287 &rarr; <strong>1264</strong><br />(-23 for losing)
|l|☆ubungowungo
|player|p2|
|l|☆bowling12345
|player|p1|
