|html|<div class="broadcast-blue"><strong>[Gen 9] OU is currently suspecting Volcarona! For information on how to participate check out the <a href="https://www.smogon.com/tools/suspects/view/208">suspect thread</a>.</strong></div>
|j|☆demonlarp
|j|☆newgensbetter
|t:|1778517140
|gametype|singles
|player|p1|demonlarp|cheryl|1600
|player|p2|newgensbetter|unknownf|1572
|gen|9
|tier|[Gen 9] OU
|rated|
|rule|HP Percentage Mod: HP is shown in percentages
|rule|Endless Battle Clause: Forcing endless battles is banned
|rule|Species Clause: Limit one of each Pokémon
|rule|OHKO Clause: OHKO moves are banned
|rule|Evasion Items Clause: Evasion items are banned
|rule|Evasion Moves Clause: Evasion moves are banned
|rule|Evasion Abilities Clause: Evasion abilities are banned
|rule|Sleep Moves Clause: Sleep-inducing moves are banned
|clearpoke
|poke|p1|Darkrai|
|poke|p1|Slither Wing|
|poke|p1|Ting-Lu|
|poke|p1|Garganacl, M|
|poke|p1|Dragonite, F|
|poke|p1|Tinkaton, F|
|poke|p2|Samurott-Hisui, M|
|poke|p2|Zapdos|
|poke|p2|Iron Treads|
|poke|p2|Ceruledge, M|
|poke|p2|Gholdengo|
|poke|p2|Kingambit, M|
|teampreview
|
|t:|1778517149
|teamsize|p1|6
|teamsize|p2|6
|start
|switch|p1a: Slither Wing|Slither Wing|100/100
|switch|p2a: Samurott|Samurott-Hisui, M|100/100
|turn|1
|
|t:|1778517157
|switch|p2a: Zapdos|Zapdos|100/100
|move|p1a: Slither Wing|Close Combat|p2a: Zapdos
|-resisted|p2a: Zapdos
|-damage|p2a: Zapdos|80/100
|-unboost|p1a: Slither Wing|def|1
|-unboost|p1a: Slither Wing|spd|1
|
|upkeep
|turn|2
|
|t:|1778517162
|-end|p1a: Slither Wing|Protosynthesis|[silent]
|switch|p1a: Garganacl|Garganacl, M|100/100
|move|p2a: Zapdos|Hurricane|p1a: Garganacl
|-resisted|p1a: Garganacl
|-crit|p1a: Garganacl
|-damage|p1a: Garganacl|78/100
|-start|p1a: Garganacl|confusion
|
|-heal|p1a: Garganacl|84/100|[from] item: Leftovers
|upkeep
|turn|3
|
|t:|1778517166
|move|p2a: Zapdos|Volt Switch|p1a: Garganacl
|-damage|p1a: Garganacl|65/100
|
|t:|1778517170
|switch|p2a: Samurott|Samurott-Hisui, M|100/100|[from] Volt Switch
|-activate|p1a: Garganacl|confusion
|move|p1a: Garganacl|Salt Cure|p2a: Samurott
|-damage|p2a: Samurott|85/100
|-start|p2a: Samurott|Salt Cure
|
|-heal|p1a: Garganacl|71/100|[from] item: Leftovers
|-damage|p2a: Samurott|61/100|[from] Salt Cure
|upkeep
|turn|4
|
|t:|1778517174
|-activate|p1a: Garganacl|confusion
|move|p1a: Garganacl|Protect|p1a: Garganacl
|-singleturn|p1a: Garganacl|Protect
|move|p2a: Samurott|Ceaseless Edge|p1a: Garganacl
|-activate|p1a: Garganacl|move: Protect
|
|-heal|p1a: Garganacl|78/100|[from] item: Leftovers
|-damage|p2a: Samurott|36/100|[from] Salt Cure
|upkeep
|turn|5
|
|t:|1778517178
|switch|p1a: Slither Wing|Slither Wing|100/100
|move|p2a: Samurott|Ceaseless Edge|p1a: Slither Wing
|-resisted|p1a: Slither Wing
|-crit|p1a: Slither Wing
|-damage|p1a: Slither Wing|76/100
|-damage|p2a: Samurott|19/100|[from] item: Rocky Helmet|[of] p1a: Slither Wing
|-sidestart|p1: demonlarp|Spikes
|
|-damage|p2a: Samurott|0 fnt|[from] Salt Cure
|faint|p2a: Samurott
|upkeep
|
|t:|1778517189
|switch|p2a: Ceruledge|Ceruledge, M|100/100
|turn|6
|
|t:|1778517196
|-end|p1a: Slither Wing|Protosynthesis|[silent]
|switch|p1a: Dragonite|Dragonite, F|100/100
|move|p2a: Ceruledge|Swords Dance|p2a: Ceruledge
|-boost|p2a: Ceruledge|atk|2
|
|upkeep
|turn|7
|
|t:|1778517200
|move|p2a: Ceruledge|Bitter Blade|p1a: Dragonite
|-resisted|p1a: Dragonite
|-damage|p1a: Dragonite|78/100
|move|p1a: Dragonite|Dragon Tail|p2a: Ceruledge
|-damage|p2a: Ceruledge|64/100
|-ability|p2a: Ceruledge|Weak Armor|boost
|-unboost|p2a: Ceruledge|def|1
|-boost|p2a: Ceruledge|spe|2
|drag|p2a: Kingambit|Kingambit, M|100/100
|-activate|p2a: Kingambit|ability: Supreme Overlord
|-start|p2a: Kingambit|fallen1|[silent]
|
|upkeep
|turn|8
|
|t:|1778517212
|-end|p2a: Kingambit|fallen1|[silent]
|switch|p2a: Zapdos|Zapdos|80/100
|switch|p1a: Slither Wing|Slither Wing|76/100
|-damage|p1a: Slither Wing|63/100|[from] Spikes
|
|upkeep
|turn|9
|
|t:|1778517215
|-end|p1a: Slither Wing|Protosynthesis|[silent]
|switch|p1a: Ting-Lu|Ting-Lu|100/100
|-damage|p1a: Ting-Lu|88/100|[from] Spikes
|-ability|p1a: Ting-Lu|Vessel of Ruin
|move|p2a: Zapdos|Volt Switch|p1a: Ting-Lu
|-immune|p1a: Ting-Lu
|
|-heal|p1a: Ting-Lu|94/100|[from] item: Leftovers
|upkeep
|turn|10
|
|t:|1778517218
|move|p2a: Zapdos|Hurricane|p1a: Ting-Lu
|-damage|p1a: Ting-Lu|73/100
|move|p1a: Ting-Lu|Spikes|p2a: Zapdos
|-sidestart|p2: newgensbetter|Spikes
|
|-heal|p1a: Ting-Lu|79/100|[from] item: Leftovers
|upkeep
|turn|11
|
|t:|1778517224
|switch|p2a: Kingambit|Kingambit, M|100/100
|-damage|p2a: Kingambit|88/100|[from] Spikes
|-activate|p2a: Kingambit|ability: Supreme Overlord
|-start|p2a: Kingambit|fallen1|[silent]
|move|p1a: Ting-Lu|Ruination|p2a: Kingambit|[miss]
|-miss|p1a: Ting-Lu|p2a: Kingambit
|
|-heal|p2a: Kingambit|94/100|[from] item: Leftovers
|-heal|p1a: Ting-Lu|85/100|[from] item: Leftovers
|upkeep
|turn|12
|
|t:|1778517229
|move|p2a: Kingambit|Swords Dance|p2a: Kingambit
|-boost|p2a: Kingambit|atk|2
|move|p1a: Ting-Lu|Earthquake|p2a: Kingambit
|-supereffective|p2a: Kingambit
|-damage|p2a: Kingambit|34/100
|
|-heal|p2a: Kingambit|40/100|[from] item: Leftovers
|-heal|p1a: Ting-Lu|92/100|[from] item: Leftovers
|upkeep
|turn|13
|
|t:|1778517246
|switch|p1a: Slither Wing|Slither Wing|63/100
|-damage|p1a: Slither Wing|51/100|[from] Spikes
|move|p2a: Kingambit|Low Kick|p1a: Slither Wing
|-resisted|p1a: Slither Wing
|-damage|p1a: Slither Wing|26/100
|-damage|p2a: Kingambit|24/100|[from] item: Rocky Helmet|[of] p1a: Slither Wing
|
|-heal|p2a: Kingambit|30/100|[from] item: Leftovers
|upkeep
|turn|14
|
|t:|1778517253
|move|p2a: Kingambit|Sucker Punch||[still]
|-fail|p2a: Kingambit
|move|p1a: Slither Wing|Morning Sun|p1a: Slither Wing
|-heal|p1a: Slither Wing|76/100
|
|-heal|p2a: Kingambit|36/100|[from] item: Leftovers
|upkeep
|turn|15
|
|t:|1778517256
|move|p2a: Kingambit|Iron Head|p1a: Slither Wing
|-damage|p1a: Slither Wing|2/100
|-damage|p2a: Kingambit|20/100|[from] item: Rocky Helmet|[of] p1a: Slither Wing
|move|p1a: Slither Wing|Close Combat|p2a: Kingambit
|-supereffective|p2a: Kingambit
|-damage|p2a: Kingambit|0 fnt
|-unboost|p1a: Slither Wing|def|1
|-unboost|p1a: Slither Wing|spd|1
|faint|p2a: Kingambit
|-end|p2a: Kingambit|fallen1|[silent]
|
|upkeep
|
|t:|1778517260
|switch|p2a: Ceruledge|Ceruledge, M|64/100
|turn|16
|
|t:|1778517262
|move|p2a: Ceruledge|Swords Dance|p2a: Ceruledge
|-boost|p2a: Ceruledge|atk|2
|move|p1a: Slither Wing|Whirlwind|p2a: Ceruledge
|drag|p2a: Gholdengo|Gholdengo|100/100
|-item|p2a: Gholdengo|Air Balloon
|
|upkeep
|turn|17
|
|t:|1778517268
|-end|p1a: Slither Wing|Protosynthesis|[silent]
|switch|p1a: Ting-Lu|Ting-Lu|92/100
|-damage|p1a: Ting-Lu|79/100|[from] Spikes
|-ability|p1a: Ting-Lu|Vessel of Ruin
|move|p2a: Gholdengo|Hex|p1a: Ting-Lu
|-resisted|p1a: Ting-Lu
|-damage|p1a: Ting-Lu|73/100
|
|-heal|p1a: Ting-Lu|79/100|[from] item: Leftovers
|upkeep
|turn|18
|
|t:|1778517273
|switch|p2a: Iron Treads|Iron Treads|100/100
|-damage|p2a: Iron Treads|88/100|[from] Spikes
|move|p1a: Ting-Lu|Ruination|p2a: Iron Treads
|-damage|p2a: Iron Treads|44/100
|
|-heal|p2a: Iron Treads|51/100|[from] item: Leftovers
|-heal|p1a: Ting-Lu|85/100|[from] item: Leftovers
|upkeep
|turn|19
|
|t:|1778517279
|move|p2a: Iron Treads|Rapid Spin|p1a: Ting-Lu
|-damage|p1a: Ting-Lu|77/100
|-boost|p2a: Iron Treads|spe|1
|-sideend|p2: newgensbetter|Spikes|[from] move: Rapid Spin|[of] p2a: Iron Treads
|move|p1a: Ting-Lu|Earthquake|p2a: Iron Treads
|-supereffective|p2a: Iron Treads
|-damage|p2a: Iron Treads|0 fnt
|faint|p2a: Iron Treads
|-end|p2a: Iron Treads|Quark Drive|[silent]
|
|-heal|p1a: Ting-Lu|83/100|[from] item: Leftovers
|upkeep
|
|t:|1778517287
|switch|p2a: Ceruledge|Ceruledge, M|64/100
|turn|20
|
|t:|1778517291
|move|p2a: Ceruledge|Swords Dance|p2a: Ceruledge
|-boost|p2a: Ceruledge|atk|2
|move|p1a: Ting-Lu|Whirlwind|p2a: Ceruledge
|drag|p2a: Zapdos|Zapdos|80/100
|
|-heal|p1a: Ting-Lu|89/100|[from] item: Leftovers
|upkeep
|turn|21
|
|t:|1778517293
|move|p2a: Zapdos|Hurricane|p1a: Ting-Lu
|-damage|p1a: Ting-Lu|70/100
|-start|p1a: Ting-Lu|confusion
|-activate|p1a: Ting-Lu|confusion
|-damage|p1a: Ting-Lu|65/100|[from] confusion
|
|-heal|p1a: Ting-Lu|71/100|[from] item: Leftovers
|upkeep
|turn|22
|
|t:|1778517299
|switch|p1a: Garganacl|Garganacl, M|78/100
|-damage|p1a: Garganacl|65/100|[from] Spikes
|move|p2a: Zapdos|Hurricane|p1a: Garganacl
|-resisted|p1a: Garganacl
|-damage|p1a: Garganacl|50/100
|-start|p1a: Garganacl|confusion
|
|-heal|p1a: Garganacl|56/100|[from] item: Leftovers
|upkeep
|turn|23
|
|t:|1778517302
|move|p2a: Zapdos|Volt Switch|p1a: Garganacl
|-damage|p1a: Garganacl|38/100
|
|t:|1778517303
|switch|p2a: Gholdengo|Gholdengo|100/100|[from] Volt Switch
|-item|p2a: Gholdengo|Air Balloon
|-activate|p1a: Garganacl|confusion
|-damage|p1a: Garganacl|32/100|[from] confusion
|
|-heal|p1a: Garganacl|38/100|[from] item: Leftovers
|upkeep
|turn|24
|
|t:|1778517308
|switch|p1a: Slither Wing|Slither Wing|2/100
|-damage|p1a: Slither Wing|0 fnt|[from] Spikes
|faint|p1a: Slither Wing
|-end|p1a: Slither Wing|Protosynthesis|[silent]
|move|p2a: Gholdengo|Focus Blast|p1: Slither Wing|[notarget]
|-fail|p2a: Gholdengo
|
|upkeep
|
|t:|1778517310
|switch|p1a: Ting-Lu|Ting-Lu|71/100
|-damage|p1a: Ting-Lu|59/100|[from] Spikes
|-ability|p1a: Ting-Lu|Vessel of Ruin
|turn|25
|
|t:|1778517314
|move|p2a: Gholdengo|Focus Blast|p1a: Ting-Lu
|-supereffective|p1a: Ting-Lu
|-damage|p1a: Ting-Lu|26/100
|-unboost|p1a: Ting-Lu|spd|1
|move|p1a: Ting-Lu|Spikes|p2a: Gholdengo
|-sidestart|p2: newgensbetter|Spikes
|
|-heal|p1a: Ting-Lu|33/100|[from] item: Leftovers
|upkeep
|turn|26
|
|t:|1778517320
|switch|p1a: Tinkaton|Tinkaton, F|100/100
|-item|p1a: Tinkaton|Air Balloon
|move|p2a: Gholdengo|Focus Blast|p1a: Tinkaton|[miss]
|-miss|p2a: Gholdengo|p1a: Tinkaton
|
|upkeep
|turn|27
|
|t:|1778517325
|move|p1a: Tinkaton|Knock Off|p2a: Gholdengo
|-supereffective|p2a: Gholdengo
|-damage|p2a: Gholdengo|76/100
|-enditem|p2a: Gholdengo|Air Balloon
|move|p2a: Gholdengo|Thunder Wave|p1a: Tinkaton
|-status|p1a: Tinkaton|par
|
|upkeep
|turn|28
|
|t:|1778517337
|switch|p1a: Darkrai|Darkrai|100/100
|move|p2a: Gholdengo|Focus Blast|p1a: Darkrai|[miss]
|-miss|p2a: Gholdengo|p1a: Darkrai
|
|upkeep
|turn|29
|
|t:|1778517342
|switch|p2a: Zapdos|Zapdos|80/100
|move|p1a: Darkrai|Dark Pulse|p2a: Zapdos
|-damage|p2a: Zapdos|39/100
|
|upkeep
|turn|30
|
|t:|1778517345
|move|p1a: Darkrai|Ice Beam|p2a: Zapdos
|-supereffective|p2a: Zapdos
|-damage|p2a: Zapdos|0 fnt
|faint|p2a: Zapdos
|
|upkeep
|
|t:|1778517351
|switch|p2a: Ceruledge|Ceruledge, M|64/100
|turn|31
|
|t:|1778517353
|-terastallize|p2a: Ceruledge|Fairy
|move|p1a: Darkrai|Dark Pulse|p2a: Ceruledge
|-resisted|p2a: Ceruledge
|-damage|p2a: Ceruledge|43/100
|move|p2a: Ceruledge|Swords Dance|p2a: Ceruledge
|-boost|p2a: Ceruledge|atk|2
|
|upkeep
|turn|32
|
|t:|1778517357
|move|p1a: Darkrai|Sludge Bomb|p2a: Ceruledge
|-supereffective|p2a: Ceruledge
|-damage|p2a: Ceruledge|0 fnt
|faint|p2a: Ceruledge
|
|upkeep
|
|t:|1778517358
|switch|p2a: Gholdengo|Gholdengo|76/100
|-damage|p2a: Gholdengo|63/100|[from] Spikes
|turn|33
|
|t:|1778517361
|move|p1a: Darkrai|Dark Pulse|p2a: Gholdengo
|-supereffective|p2a: Gholdengo
|-damage|p2a: Gholdengo|0 fnt
|faint|p2a: Gholdengo
|
|win|demonlarp
|raw|demonlarp's rating: 1600 &rarr; <strong>1618</strong><br />(+18 for winning)
|raw|newgensbetter's rating: 1572 &rarr; <strong>1554</strong><br />(-18 for losing)
|l|☆newgensbetter
|player|p2|
|l|☆demonlarp
|player|p1|
