|html|<div class="broadcast-blue"><strong>[Gen 9] OU is currently suspecting Tera Blast! For information on how to participate check out the <a href="https://www.smogon.com/tools/suspects/view/200">suspect thread</a>.</strong></div>
|j|☆Nashira
|j|☆Galaxy-ice789
|t:|1776075411
|gametype|singles
|player|p1|Nashira|2|1182
|player|p2|Galaxy-ice789|cilan|1214
|gen|9
|tier|[Gen 9] OU
|rated|
|rule|HP Percentage Mod: HP is shown in percentages
|rule|Endless Battle Clause: Forcing endless battles is banned
|rule|Species Clause: Limit one of each Pokémon
|rule|OHKO Clause: OHKO moves are banned
|rule|Evasion Items Clause: Evasion items are banned
|rule|Evasion Moves Clause: Evasion moves are banned
|rule|Evasion Abilities Clause: Evasion abilities are banned
|rule|Sleep Moves Clause: Sleep-inducing moves are banned
|clearpoke
|poke|p1|Excadrill, M|
|poke|p1|Tyranitar, M|
|poke|p1|Corviknight, F|
|poke|p1|Raging Bolt|
|poke|p1|Meowscarada, M|
|poke|p1|Slowbro, M|
|poke|p2|Zebstrika, F|
|poke|p2|Milotic, F|
|poke|p2|Mienshao, F|
|poke|p2|Espeon, F|
|poke|p2|Tsareena, F|
|poke|p2|Alcremie-Rainbow-Swirl, F|
|teampreview
|inactive|Battle timer is ON: inactive players will automatically lose when time's up. (requested by Galaxy-ice789)
|
|t:|1776075437
|teamsize|p1|6
|teamsize|p2|6
|start
|switch|p1a: Corviknight|Corviknight, F|100/100
|switch|p2a: Mariana|Mienshao, F, shiny|100/100
|-ability|p1a: Corviknight|Pressure
|turn|1
|
|t:|1776075454
|switch|p2a: Zera|Zebstrika, F, shiny|100/100
|move|p1a: Corviknight|U-turn|p2a: Zera
|-damage|p2a: Zera|78/100
|inactive|Nashira has 120 seconds left.
|
|t:|1776075496
|switch|p1a: Raging Bolt|Raging Bolt|100/100|[from] U-turn
|-enditem|p1a: Raging Bolt|Booster Energy
|-activate|p1a: Raging Bolt|ability: Protosynthesis|[fromitem]
|-start|p1a: Raging Bolt|protosynthesisspa
|
|upkeep
|turn|2
|
|t:|1776075506
|move|p2a: Zera|High Horsepower|p1a: Raging Bolt
|-supereffective|p1a: Raging Bolt
|-damage|p1a: Raging Bolt|32/100
|-damage|p2a: Zera|68/100|[from] item: Life Orb
|move|p1a: Raging Bolt|Calm Mind|p1a: Raging Bolt
|-boost|p1a: Raging Bolt|spa|1
|-boost|p1a: Raging Bolt|spd|1
|
|upkeep
|turn|3
|
|t:|1776075517
|move|p1a: Raging Bolt|Thunderclap|p2a: Zera
|-ability|p2a: Zera|Motor Drive|boost
|-boost|p2a: Zera|spe|1
|move|p2a: Zera|Low Kick|p1a: Raging Bolt
|-damage|p1a: Raging Bolt|0 fnt
|faint|p1a: Raging Bolt
|-end|p1a: Raging Bolt|Protosynthesis|[silent]
|-damage|p2a: Zera|58/100|[from] item: Life Orb
|
|upkeep
|
|t:|1776075530
|switch|p1a: Meowscarada|Meowscarada, M|100/100
|turn|4
|
|t:|1776075538
|move|p2a: Zera|Flame Charge|p1a: Meowscarada
|-supereffective|p1a: Meowscarada
|-damage|p1a: Meowscarada|38/100
|-boost|p2a: Zera|spe|1
|-damage|p2a: Zera|49/100|[from] item: Life Orb
|move|p1a: Meowscarada|Flower Trick|p2a: Zera
|-start|p1a: Meowscarada|typechange|Grass|[from] ability: Protean
|-crit|p2a: Zera
|-damage|p2a: Zera|0 fnt
|faint|p2a: Zera
|
|upkeep
|
|t:|1776075554
|switch|p2a: Mariana|Mienshao, F, shiny|100/100
|turn|5
|
|t:|1776075564
|move|p1a: Meowscarada|U-turn|p2a: Mariana
|-resisted|p2a: Mariana
|-damage|p2a: Mariana|83/100
|
|t:|1776075567
|switch|p1a: Corviknight|Corviknight, F|100/100|[from] U-turn
|-ability|p1a: Corviknight|Pressure
|move|p2a: Mariana|Knock Off|p1a: Corviknight
|-damage|p1a: Corviknight|76/100
|-damage|p2a: Mariana|66/100|[from] item: Rocky Helmet|[of] p1a: Corviknight
|-enditem|p1a: Corviknight|Rocky Helmet|[from] move: Knock Off|[of] p2a: Mariana
|-damage|p2a: Mariana|57/100|[from] item: Life Orb
|
|upkeep
|turn|6
|
|t:|1776075577
|move|p2a: Mariana|Drain Punch|p1a: Corviknight
|-damage|p1a: Corviknight|48/100
|-heal|p2a: Mariana|76/100|[from] drain|[of] p1a: Corviknight
|-damage|p2a: Mariana|66/100|[from] item: Life Orb
|move|p1a: Corviknight|U-turn|p2a: Mariana
|-resisted|p2a: Mariana
|-damage|p2a: Mariana|55/100
|
|t:|1776075585
|switch|p1a: Meowscarada|Meowscarada, M|38/100|[from] U-turn
|
|upkeep
|turn|7
|
|t:|1776075594
|move|p1a: Meowscarada|Flower Trick|p2a: Mariana
|-start|p1a: Meowscarada|typechange|Grass|[from] ability: Protean
|-crit|p2a: Mariana
|-damage|p2a: Mariana|0 fnt
|faint|p2a: Mariana
|
|upkeep
|
|t:|1776075605
|switch|p2a: Amelia|Alcremie-Rainbow-Swirl, F|100/100
|turn|8
|
|t:|1776075613
|switch|p2a: Mira|Milotic, F, shiny|100/100
|move|p1a: Meowscarada|U-turn|p2a: Mira
|-damage|p2a: Mira|78/100
|
|t:|1776075621
|switch|p1a: Tyranitar|Tyranitar, M|100/100|[from] U-turn
|-weather|Sandstorm|[from] ability: Sand Stream|[of] p1a: Tyranitar
|
|-weather|Sandstorm|[upkeep]
|-damage|p2a: Mira|71/100|[from] Sandstorm
|-heal|p2a: Mira|78/100|[from] item: Leftovers
|upkeep
|turn|9
|
|t:|1776075626
|move|p2a: Mira|Aqua Ring|p2a: Mira
|-start|p2a: Mira|Aqua Ring
|move|p1a: Tyranitar|Knock Off|p2a: Mira
|-damage|p2a: Mira|0 fnt
|-enditem|p2a: Mira|Leftovers|[from] move: Knock Off|[of] p1a: Tyranitar
|faint|p2a: Mira
|
|-weather|Sandstorm|[upkeep]
|upkeep
|-message|Galaxy-ice789 forfeited.
|
|win|Nashira
|raw|Nashira's rating: 1182 &rarr; <strong>1209</strong><br />(+27 for winning)
|raw|Galaxy-ice789's rating: 1214 &rarr; <strong>1187</strong><br />(-27 for losing)
|l|☆Galaxy-ice789
|player|p2|
|l|☆Nashira
|player|p1|
