|html|<div class="broadcast-blue"><strong>[Gen 9] OU is currently suspecting Tera Blast! For information on how to participate check out the <a href="https://www.smogon.com/tools/suspects/view/200">suspect thread</a>.</strong></div>
|j|☆da bus ID
|j|☆Narzo512
|t:|1776124254
|gametype|singles
|player|p1|da bus ID|norman|1055
|player|p2|Narzo512|will|1106
|gen|9
|tier|[Gen 9] OU
|rated|
|rule|HP Percentage Mod: HP is shown in percentages
|rule|Endless Battle Clause: Forcing endless battles is banned
|rule|Species Clause: Limit one of each Pokémon
|rule|OHKO Clause: OHKO moves are banned
|rule|Evasion Items Clause: Evasion items are banned
|rule|Evasion Moves Clause: Evasion moves are banned
|rule|Evasion Abilities Clause: Evasion abilities are banned
|rule|Sleep Moves Clause: Sleep-inducing moves are banned
|clearpoke
|poke|p1|Mesprit|
|poke|p1|Spidops, M|
|poke|p1|Azumarill, M|
|poke|p1|Porygon-Z|
|poke|p1|Basculin-White-Striped, F|
|poke|p1|Dragapult, M|
|poke|p2|Metagross|
|poke|p2|Incineroar, M|
|poke|p2|Gliscor, M|
|poke|p2|Kommo-o, F|
|poke|p2|Gengar, M|
|poke|p2|Toxtricity, F|
|teampreview
|inactive|Battle timer is ON: inactive players will automatically lose when time's up. (requested by da bus ID)
|
|t:|1776124259
|teamsize|p1|6
|teamsize|p2|6
|start
|switch|p1a: Rasta|Mesprit|100/100
|switch|p2a: Gliscor|Gliscor, M|100/100
|turn|1
|c|☆Narzo512|that's a weird ass team and i dont like how weird it is i'm frighten
|
|t:|1776124272
|move|p2a: Gliscor|Stealth Rock|p1a: Rasta
|-sidestart|p1: da bus ID|move: Stealth Rock
|move|p1a: Rasta|Magic Room|p1a: Rasta
|-fieldstart|move: Magic Room|[of] p1a: Rasta
|
|upkeep
|turn|2
|
|t:|1776124277
|move|p2a: Gliscor|Poison Jab|p1a: Rasta
|-damage|p1a: Rasta|79/100
|-status|p1a: Rasta|psn
|move|p1a: Rasta|Stealth Rock|p2a: Gliscor
|-sidestart|p2: Narzo512|move: Stealth Rock
|
|-damage|p1a: Rasta|67/100 psn|[from] psn
|upkeep
|turn|3
|
|t:|1776124284
|move|p2a: Gliscor|Poison Jab|p1a: Rasta
|-damage|p1a: Rasta|44/100 psn
|move|p1a: Rasta|U-turn|p2a: Gliscor
|-resisted|p2a: Gliscor
|-damage|p2a: Gliscor|94/100
|
|t:|1776124289
|switch|p1a: Puddle|Azumarill, M, shiny|100/100|[from] U-turn
|-damage|p1a: Puddle|88/100|[from] Stealth Rock
|
|upkeep
|turn|4
|
|t:|1776124294
|-terastallize|p1a: Puddle|Steel
|move|p2a: Gliscor|Poison Jab|p1a: Puddle
|-immune|p1a: Puddle
|move|p1a: Puddle|Belly Drum|p1a: Puddle
|-damage|p1a: Puddle|38/100
|-setboost|p1a: Puddle|atk|6|[from] move: Belly Drum
|
|upkeep
|turn|5
|c|☆Narzo512|oh no
|
|t:|1776124303
|move|p1a: Puddle|Aqua Jet|p2a: Gliscor
|-supereffective|p2a: Gliscor
|-damage|p2a: Gliscor|0 fnt
|faint|p2a: Gliscor
|
|-fieldend|move: Magic Room|[of] p1: Rasta
|upkeep
|c|☆Narzo512|WHAT
|c|☆Narzo512|THE FUCK
|
|t:|1776124315
|switch|p2a: Metagross|Metagross|100/100
|-damage|p2a: Metagross|94/100|[from] Stealth Rock
|turn|6
|
|t:|1776124319
|move|p1a: Puddle|Aqua Jet|p2a: Metagross
|-damage|p2a: Metagross|0 fnt
|faint|p2a: Metagross
|
|upkeep
|c|☆Narzo512|WHAT DO I EVEN DO???
|
|t:|1776124326
|switch|p2a: Toxtricity|Toxtricity, F|100/100
|-damage|p2a: Toxtricity|88/100|[from] Stealth Rock
|-item|p2a: Toxtricity|Air Balloon
|turn|7
|
|t:|1776124335
|move|p1a: Puddle|Aqua Jet|p2a: Toxtricity
|-damage|p2a: Toxtricity|0 fnt
|-enditem|p2a: Toxtricity|Air Balloon
|faint|p2a: Toxtricity
|
|upkeep
|c|☆Narzo512|THIS IS SO UNFAIR???
|
|t:|1776124343
|switch|p2a: Kommo-o|Kommo-o, F|100/100
|-damage|p2a: Kommo-o|94/100|[from] Stealth Rock
|turn|8
|
|t:|1776124347
|move|p1a: Puddle|Aqua Jet|p2a: Kommo-o
|-resisted|p2a: Kommo-o
|-crit|p2a: Kommo-o
|-damage|p2a: Kommo-o|14/100
|move|p2a: Kommo-o|Body Press|p1a: Puddle
|-supereffective|p1a: Puddle
|-damage|p1a: Puddle|0 fnt
|faint|p1a: Puddle
|
|-heal|p2a: Kommo-o|20/100|[from] item: Leftovers
|upkeep
|
|t:|1776124355
|switch|p1a: Rasta|Mesprit|44/100 psn
|-damage|p1a: Rasta|32/100 psn|[from] Stealth Rock
|turn|9
|
|t:|1776124361
|move|p2a: Kommo-o|Body Press|p1a: Rasta
|-resisted|p1a: Rasta
|-damage|p1a: Rasta|12/100 psn
|move|p1a: Rasta|Magic Room|p1a: Rasta
|-fieldstart|move: Magic Room|[of] p1a: Rasta
|
|-damage|p1a: Rasta|0 fnt|[from] psn
|faint|p1a: Rasta
|upkeep
|
|t:|1776124373
|switch|p1a: Epilep-Z|Porygon-Z|100/100
|-damage|p1a: Epilep-Z|88/100|[from] Stealth Rock
|turn|10
|
|t:|1776124378
|move|p1a: Epilep-Z|Ice Beam|p2a: Kommo-o
|-supereffective|p2a: Kommo-o
|-damage|p2a: Kommo-o|0 fnt
|faint|p2a: Kommo-o
|
|upkeep
|
|t:|1776124386
|switch|p2a: Incineroar|Incineroar, M|100/100
|-damage|p2a: Incineroar|76/100|[from] Stealth Rock
|-ability|p2a: Incineroar|Intimidate|boost
|-unboost|p1a: Epilep-Z|atk|1
|turn|11
|
|t:|1776124393
|move|p2a: Incineroar|Fake Out|p1a: Epilep-Z
|-crit|p1a: Epilep-Z
|-damage|p1a: Epilep-Z|58/100
|cant|p1a: Epilep-Z|flinch
|
|upkeep
|turn|12
|
|t:|1776124400
|move|p1a: Epilep-Z|Nasty Plot|p1a: Epilep-Z
|-boost|p1a: Epilep-Z|spa|2
|move|p2a: Incineroar|Parting Shot|p1a: Epilep-Z
|-unboost|p1a: Epilep-Z|atk|1
|-unboost|p1a: Epilep-Z|spa|1
|
|t:|1776124405
|switch|p2a: Gengar|Gengar, M|100/100|[from] Parting Shot
|-damage|p2a: Gengar|88/100|[from] Stealth Rock
|
|upkeep
|turn|13
|
|t:|1776124413
|move|p2a: Gengar|Shadow Ball|p1a: Epilep-Z
|-immune|p1a: Epilep-Z
|move|p1a: Epilep-Z|Ice Beam|p2a: Gengar
|-damage|p2a: Gengar|21/100
|
|-fieldend|move: Magic Room|[of] p1: Rasta
|upkeep
|turn|14
|c|☆Narzo512|i'm
|c|☆Narzo512|so fucking stupid
|
|t:|1776124423
|move|p2a: Gengar|Toxic Spikes|p1a: Epilep-Z
|-sidestart|p1: da bus ID|move: Toxic Spikes
|move|p1a: Epilep-Z|Ice Beam|p2a: Gengar
|-damage|p2a: Gengar|0 fnt
|-start|p1a: Epilep-Z|Disable|Ice Beam|[from] ability: Cursed Body|[of] p2a: Gengar
|faint|p2a: Gengar
|
|upkeep
|
|t:|1776124430
|switch|p2a: Incineroar|Incineroar, M|76/100
|-damage|p2a: Incineroar|51/100|[from] Stealth Rock
|-ability|p2a: Incineroar|Intimidate|boost
|-unboost|p1a: Epilep-Z|atk|1
|-item|p2a: Incineroar|Air Balloon
|turn|15
|
|t:|1776124443
|switch|p1a: FeetusYeetus|Dragapult, M|100/100
|move|p2a: Incineroar|Fake Out|p1a: FeetusYeetus
|-immune|p1a: FeetusYeetus
|
|upkeep
|turn|16
|
|t:|1776124454
|-terastallize|p2a: Incineroar|Fire
|move|p1a: FeetusYeetus|Dragon Darts|p2a: Incineroar
|-damage|p2a: Incineroar|25/100
|-enditem|p2a: Incineroar|Air Balloon
|-anim|p1a: FeetusYeetus|Dragon Darts|p2a: Incineroar
|-damage|p2a: Incineroar|0 fnt
|faint|p2a: Incineroar
|
|win|da bus ID
