|html|<div class="broadcast-blue"><strong>[Gen 9] OU is currently suspecting Tera Blast! For information on how to participate check out the <a href="https://www.smogon.com/tools/suspects/view/200">suspect thread</a>.</strong></div>
|j|☆maisty
|j|‽Angelic Bimbo Doll
|t:|1776345457
|gametype|singles
|player|p1|maisty|102|1058
|player|p2|Angelic Bimbo Doll|unknownf|1000
|gen|9
|tier|[Gen 9] OU
|rated|
|rule|HP Percentage Mod: HP is shown in percentages
|rule|Endless Battle Clause: Forcing endless battles is banned
|rule|Species Clause: Limit one of each Pokémon
|rule|OHKO Clause: OHKO moves are banned
|rule|Evasion Items Clause: Evasion items are banned
|rule|Evasion Moves Clause: Evasion moves are banned
|rule|Evasion Abilities Clause: Evasion abilities are banned
|rule|Sleep Moves Clause: Sleep-inducing moves are banned
|clearpoke
|poke|p1|Corviknight, M|
|poke|p1|Hatterene, F|
|poke|p1|Great Tusk|
|poke|p1|Walking Wake|
|poke|p1|Torkoal, M|
|poke|p1|Zapdos|
|poke|p2|Ribombee, F|
|poke|p2|Politoed, F|
|poke|p2|Bombirdier, M|
|poke|p2|Hydrapple, F|
|poke|p2|Hatterene, F|
|poke|p2|Diancie|
|teampreview
|
|t:|1776345466
|teamsize|p1|6
|teamsize|p2|6
|start
|switch|p1a: Torkoal|Torkoal, M|100/100
|switch|p2a: Diancie|Diancie, shiny|100/100
|-weather|SunnyDay|[from] ability: Drought|[of] p1a: Torkoal
|turn|1
|
|t:|1776345474
|move|p2a: Diancie|Substitute|p2a: Diancie
|-start|p2a: Diancie|Substitute
|-damage|p2a: Diancie|76/100
|move|p1a: Torkoal|Stealth Rock|p2a: Diancie
|-sidestart|p2: Angelic Bimbo Doll|move: Stealth Rock
|
|-weather|SunnyDay|[upkeep]
|-heal|p2a: Diancie|82/100|[from] item: Leftovers
|upkeep
|turn|2
|
|t:|1776345483
|move|p2a: Diancie|Stealth Rock|p1a: Torkoal
|-sidestart|p1: maisty|move: Stealth Rock
|move|p1a: Torkoal|Rapid Spin|p2a: Diancie
|-resisted|p2a: Diancie
|-crit|p2a: Diancie
|-activate|p2a: Diancie|move: Substitute|[damage]
|-sideend|p1: maisty|Stealth Rock|[from] move: Rapid Spin|[of] p1a: Torkoal
|-boost|p1a: Torkoal|spe|1
|
|-weather|SunnyDay|[upkeep]
|-heal|p2a: Diancie|88/100|[from] item: Leftovers
|upkeep
|turn|3
|
|t:|1776345497
|move|p2a: Diancie|Meteor Beam||[still]
|-prepare|p2a: Diancie|Meteor Beam
|-boost|p2a: Diancie|spa|1
|move|p1a: Torkoal|Rapid Spin|p2a: Diancie
|-resisted|p2a: Diancie
|-activate|p2a: Diancie|move: Substitute|[damage]
|-boost|p1a: Torkoal|spe|1
|
|-weather|SunnyDay|[upkeep]
|-heal|p2a: Diancie|94/100|[from] item: Leftovers
|upkeep
|turn|4
|
|t:|1776345506
|move|p2a: Diancie|Meteor Beam|p1a: Torkoal|[from] lockedmove
|-supereffective|p1a: Torkoal
|-damage|p1a: Torkoal|0 fnt
|faint|p1a: Torkoal
|
|-weather|SunnyDay|[upkeep]
|-heal|p2a: Diancie|100/100|[from] item: Leftovers
|upkeep
|
|t:|1776345517
|switch|p1a: Zapdos|Zapdos|100/100
|turn|5
|
|t:|1776345521
|move|p1a: Zapdos|Volt Switch|p2a: Diancie
|-end|p2a: Diancie|Substitute
|
|t:|1776345528
|switch|p1a: Corviknight|Corviknight, M|100/100|[from] Volt Switch
|move|p2a: Diancie|Meteor Beam||[still]
|-prepare|p2a: Diancie|Meteor Beam
|-boost|p2a: Diancie|spa|1
|
|-weather|SunnyDay|[upkeep]
|upkeep
|turn|6
|
|t:|1776345537
|move|p2a: Diancie|Meteor Beam|p1a: Corviknight|[from] lockedmove
|-damage|p1a: Corviknight|9/100
|move|p1a: Corviknight|U-turn|p2a: Diancie
|-resisted|p2a: Diancie
|-damage|p2a: Diancie|94/100
|
|t:|1776345543
|switch|p1a: Zapdos|Zapdos|100/100|[from] U-turn
|
|-weather|SunnyDay|[upkeep]
|-heal|p2a: Diancie|99/100|[from] item: Leftovers
|upkeep
|turn|7
|
|t:|1776345551
|move|p1a: Zapdos|Discharge|p2a: Diancie
|-damage|p2a: Diancie|70/100
|move|p2a: Diancie|Moonblast|p1a: Zapdos
|-damage|p1a: Zapdos|42/100
|
|-weather|SunnyDay|[upkeep]
|-heal|p1a: Zapdos|48/100|[from] item: Leftovers
|-heal|p2a: Diancie|76/100|[from] item: Leftovers
|upkeep
|turn|8
|
|t:|1776345562
|move|p1a: Zapdos|Volt Switch|p2a: Diancie
|-damage|p2a: Diancie|50/100
|
|t:|1776345568
|switch|p1a: Great Tusk|Great Tusk|100/100|[from] Volt Switch
|-activate|p1a: Great Tusk|ability: Protosynthesis
|-start|p1a: Great Tusk|protosynthesisatk
|move|p2a: Diancie|Substitute|p2a: Diancie
|-start|p2a: Diancie|Substitute
|-damage|p2a: Diancie|25/100
|
|-weather|none
|-end|p1a: Great Tusk|Protosynthesis
|-heal|p2a: Diancie|31/100|[from] item: Leftovers
|upkeep
|turn|9
|
|t:|1776345580
|move|p1a: Great Tusk|Close Combat|p2a: Diancie
|-end|p2a: Diancie|Substitute
|-unboost|p1a: Great Tusk|def|1
|-unboost|p1a: Great Tusk|spd|1
|move|p2a: Diancie|Moonblast|p1a: Great Tusk
|-supereffective|p1a: Great Tusk
|-damage|p1a: Great Tusk|0 fnt
|faint|p1a: Great Tusk
|-end|p1a: Great Tusk|Protosynthesis|[silent]
|
|-heal|p2a: Diancie|37/100|[from] item: Leftovers
|upkeep
|-message|maisty forfeited.
|
|win|Angelic Bimbo Doll
|raw|maisty's rating: 1058 &rarr; <strong>1036</strong><br />(-22 for losing)
|raw|Angelic Bimbo Doll's rating: 1000 &rarr; <strong>1047</strong><br />(+47 for winning)
|l|☆maisty
|player|p1|
