|html|<div class="broadcast-blue"><strong>[Gen 9] OU is currently suspecting Tera Blast! For information on how to participate check out the <a href="https://www.smogon.com/tools/suspects/view/200">suspect thread</a>.</strong></div>
|j|☆esquimilo
|j|☆SigmaGamer123321
|t:|1776075577
|gametype|singles
|player|p1|esquimilo|1|1299
|player|p2|SigmaGamer123321|n|1255
|gen|9
|tier|[Gen 9] OU
|rated|
|rule|HP Percentage Mod: HP is shown in percentages
|rule|Endless Battle Clause: Forcing endless battles is banned
|rule|Species Clause: Limit one of each Pokémon
|rule|OHKO Clause: OHKO moves are banned
|rule|Evasion Items Clause: Evasion items are banned
|rule|Evasion Moves Clause: Evasion moves are banned
|rule|Evasion Abilities Clause: Evasion abilities are banned
|rule|Sleep Moves Clause: Sleep-inducing moves are banned
|clearpoke
|poke|p1|Pelipper, M|
|poke|p1|Deoxys-Speed|
|poke|p1|Excadrill, M|
|poke|p1|Hatterene, F|
|poke|p1|Cinderace, F|
|poke|p1|Araquanid, F|
|poke|p2|Gholdengo|
|poke|p2|Zoroark-Hisui, F|
|poke|p2|Conkeldurr, F|
|poke|p2|Incineroar, M|
|poke|p2|Slowking-Galar, F|
|poke|p2|Iron Treads|
|teampreview
|
|t:|1776075591
|teamsize|p1|6
|teamsize|p2|6
|start
|switch|p1a: Pelipper|Pelipper, M|100/100
|switch|p2a: Slowking|Slowking-Galar, F|100/100
|-weather|RainDance|[from] ability: Drizzle|[of] p1a: Pelipper
|turn|1
|inactive|Battle timer is ON: inactive players will automatically lose when time's up. (requested by esquimilo)
|inactive|SigmaGamer123321 also wants the timer to be on.
|
|t:|1776075596
|move|p2a: Slowking|Knock Off|p1a: Pelipper
|-damage|p1a: Pelipper|84/100
|-enditem|p1a: Pelipper|Damp Rock|[from] move: Knock Off|[of] p2a: Slowking
|move|p1a: Pelipper|U-turn|p2a: Slowking
|-resisted|p2a: Slowking
|-damage|p2a: Slowking|94/100
|replace|p2a: Zoroark|Zoroark-Hisui, F
|-end|p2a: Zoroark|Illusion
|
|t:|1776075599
|switch|p1a: Araquanid|Araquanid, F|100/100|[from] U-turn
|
|-weather|RainDance|[upkeep]
|upkeep
|turn|2
|
|t:|1776075611
|move|p2a: Zoroark|Foul Play|p1a: Araquanid
|-damage|p1a: Araquanid|73/100
|move|p1a: Araquanid|Liquidation|p2a: Zoroark
|-damage|p2a: Zoroark|0 fnt
|faint|p2a: Zoroark
|
|-weather|RainDance|[upkeep]
|upkeep
|
|t:|1776075618
|switch|p2a: Gholdengo|Gholdengo|100/100
|turn|3
|
|t:|1776075622
|move|p2a: Gholdengo|Psyshock|p1a: Araquanid
|-damage|p1a: Araquanid|18/100
|move|p1a: Araquanid|Liquidation|p2a: Gholdengo
|-damage|p2a: Gholdengo|0 fnt
|faint|p2a: Gholdengo
|
|-weather|RainDance|[upkeep]
|upkeep
|
|t:|1776075628
|switch|p2a: Conkeldurr|Conkeldurr, F|100/100
|turn|4
|
|t:|1776075640
|move|p2a: Conkeldurr|Mach Punch|p1a: Araquanid
|-resisted|p1a: Araquanid
|-damage|p1a: Araquanid|5/100
|move|p1a: Araquanid|Liquidation|p2a: Conkeldurr
|-damage|p2a: Conkeldurr|0 fnt
|faint|p2a: Conkeldurr
|
|-weather|RainDance|[upkeep]
|upkeep
|
|t:|1776075647
|switch|p2a: Iron Treads|Iron Treads|100/100
|turn|5
|
|t:|1776075663
|move|p2a: Iron Treads|Rapid Spin|p1a: Araquanid
|-damage|p1a: Araquanid|0 fnt
|-boost|p2a: Iron Treads|spe|1
|faint|p1a: Araquanid
|
|-weather|RainDance|[upkeep]
|upkeep
|
|t:|1776075683
|switch|p1a: Excadrill|Excadrill, M|100/100
|-ability|p1a: Excadrill|Mold Breaker
|turn|6
|
|t:|1776075686
|-terastallize|p1a: Excadrill|Ground
|move|p2a: Iron Treads|Iron Defense|p2a: Iron Treads
|-boost|p2a: Iron Treads|def|2
|move|p1a: Excadrill|Earthquake|p2a: Iron Treads
|-supereffective|p2a: Iron Treads
|-damage|p2a: Iron Treads|63/100
|
|-weather|RainDance|[upkeep]
|-heal|p2a: Iron Treads|69/100|[from] item: Leftovers
|upkeep
|turn|7
|
|t:|1776075698
|-terastallize|p2a: Iron Treads|Water
|move|p2a: Iron Treads|Iron Defense|p2a: Iron Treads
|-boost|p2a: Iron Treads|def|2
|move|p1a: Excadrill|Earthquake|p2a: Iron Treads
|-damage|p2a: Iron Treads|55/100
|
|-weather|RainDance|[upkeep]
|-heal|p2a: Iron Treads|61/100|[from] item: Leftovers
|upkeep
|turn|8
|
|t:|1776075705
|move|p2a: Iron Treads|Rapid Spin|p1a: Excadrill
|-damage|p1a: Excadrill|81/100
|-boost|p2a: Iron Treads|spe|1
|move|p1a: Excadrill|Earthquake|p2a: Iron Treads
|-damage|p2a: Iron Treads|48/100
|
|-weather|none
|-heal|p2a: Iron Treads|55/100|[from] item: Leftovers
|-heal|p1a: Excadrill|87/100|[from] item: Leftovers
|upkeep
|turn|9
|
|t:|1776075711
|move|p2a: Iron Treads|Rapid Spin|p1a: Excadrill
|-damage|p1a: Excadrill|67/100
|-boost|p2a: Iron Treads|spe|1
|move|p1a: Excadrill|Swords Dance|p1a: Excadrill
|-boost|p1a: Excadrill|atk|2
|
|-heal|p2a: Iron Treads|61/100|[from] item: Leftovers
|-heal|p1a: Excadrill|73/100|[from] item: Leftovers
|upkeep
|turn|10
|
|t:|1776075715
|move|p2a: Iron Treads|Iron Defense|p2a: Iron Treads
|-boost|p2a: Iron Treads|def|2
|move|p1a: Excadrill|Earthquake|p2a: Iron Treads
|-damage|p2a: Iron Treads|41/100
|
|-heal|p2a: Iron Treads|47/100|[from] item: Leftovers
|-heal|p1a: Excadrill|79/100|[from] item: Leftovers
|upkeep
|turn|11
|
|t:|1776075718
|move|p2a: Iron Treads|Ice Spinner|p1a: Excadrill
|-supereffective|p1a: Excadrill
|-damage|p1a: Excadrill|18/100
|move|p1a: Excadrill|Earthquake|p2a: Iron Treads
|-damage|p2a: Iron Treads|27/100
|
|-heal|p2a: Iron Treads|33/100|[from] item: Leftovers
|-heal|p1a: Excadrill|24/100|[from] item: Leftovers
|upkeep
|turn|12
|
|t:|1776075721
|move|p2a: Iron Treads|Ice Spinner|p1a: Excadrill
|-supereffective|p1a: Excadrill
|-damage|p1a: Excadrill|0 fnt
|faint|p1a: Excadrill
|
|-heal|p2a: Iron Treads|39/100|[from] item: Leftovers
|upkeep
|
|t:|1776075733
|switch|p1a: Hatterene|Hatterene, F|100/100
|turn|13
|
|t:|1776075747
|move|p2a: Iron Treads|Ice Spinner|p1a: Hatterene
|-damage|p1a: Hatterene|79/100
|move|p1a: Hatterene|Future Sight|p2a: Iron Treads
|-start|p1a: Hatterene|move: Future Sight
|
|-heal|p2a: Iron Treads|45/100|[from] item: Leftovers
|upkeep
|turn|14
|
|t:|1776075755
|-end|p2a: Iron Treads|Quark Drive|[silent]
|switch|p2a: Incineroar|Incineroar, M|100/100
|-ability|p2a: Incineroar|Intimidate|boost
|-unboost|p1a: Hatterene|atk|1
|move|p1a: Hatterene|Nuzzle|p2a: Incineroar
|-damage|p2a: Incineroar|99/100
|-status|p2a: Incineroar|par
|
|upkeep
|turn|15
|
|t:|1776075761
|switch|p1a: Pelipper|Pelipper, M|84/100
|-weather|RainDance|[from] ability: Drizzle|[of] p1a: Pelipper
|move|p2a: Incineroar|Knock Off|p1a: Pelipper
|-damage|p1a: Pelipper|66/100
|
|-weather|RainDance|[upkeep]
|-end|p2a: Incineroar|move: Future Sight
|-immune|p2a: Incineroar
|upkeep
|turn|16
|
|t:|1776075765
|switch|p2a: Slowking|Slowking-Galar, F|100/100
|move|p1a: Pelipper|Weather Ball|p2a: Slowking
|-damage|p2a: Slowking|74/100
|
|-weather|RainDance|[upkeep]
|upkeep
|turn|17
|
|t:|1776075770
|move|p1a: Pelipper|U-turn|p2a: Slowking
|-damage|p2a: Slowking|65/100
|
|t:|1776075783
|switch|p1a: Hatterene|Hatterene, F|79/100|[from] U-turn
|move|p2a: Slowking|Power Gem|p1a: Hatterene
|-damage|p1a: Hatterene|57/100
|
|-weather|RainDance|[upkeep]
|upkeep
|turn|18
|
|t:|1776075792
|move|p1a: Hatterene|Calm Mind|p1a: Hatterene
|-boost|p1a: Hatterene|spa|1
|-boost|p1a: Hatterene|spd|1
|move|p2a: Slowking|Power Gem|p1a: Hatterene
|-damage|p1a: Hatterene|42/100
|
|-weather|RainDance|[upkeep]
|upkeep
|turn|19
|
|t:|1776075811
|move|p1a: Hatterene|Draining Kiss|p2a: Slowking
|-resisted|p2a: Slowking
|-damage|p2a: Slowking|53/100
|-heal|p1a: Hatterene|54/100|[from] drain|[of] p2a: Slowking
|-prepare|p2a: Slowking|Chilly Reception|[premajor]
|move|p2a: Slowking|Chilly Reception|p2a: Slowking
|-weather|Snowscape
|
|t:|1776075817
|switch|p2a: Incineroar|Incineroar, M|99/100 par|[from] Chilly Reception
|-ability|p2a: Incineroar|Intimidate|boost
|-unboost|p1a: Hatterene|atk|1
|
|-weather|Snowscape|[upkeep]
|upkeep
|turn|20
|
|t:|1776075835
|move|p1a: Hatterene|Draining Kiss|p2a: Incineroar
|-damage|p2a: Incineroar|56/100 par
|-heal|p1a: Hatterene|93/100|[from] drain|[of] p2a: Incineroar
|move|p2a: Incineroar|Flare Blitz|p1a: Hatterene
|-damage|p1a: Hatterene|39/100
|-status|p1a: Hatterene|brn
|-damage|p2a: Incineroar|42/100 par|[from] Recoil
|
|-weather|Snowscape|[upkeep]
|-damage|p1a: Hatterene|34/100 brn|[from] brn
|upkeep
|turn|21
|
|t:|1776075849
|switch|p2a: Slowking|Slowking-Galar, F|86/100
|move|p1a: Hatterene|Draining Kiss|p2a: Slowking
|-resisted|p2a: Slowking
|-damage|p2a: Slowking|73/100
|-heal|p1a: Hatterene|46/100 brn|[from] drain|[of] p2a: Slowking
|
|-weather|Snowscape|[upkeep]
|-damage|p1a: Hatterene|40/100 brn|[from] brn
|upkeep
|turn|22
|
|t:|1776075865
|move|p1a: Hatterene|Future Sight|p2a: Slowking
|-start|p1a: Hatterene|move: Future Sight
|move|p2a: Slowking|Slack Off|p2a: Slowking
|-heal|p2a: Slowking|100/100
|
|-weather|Snowscape|[upkeep]
|-damage|p1a: Hatterene|34/100 brn|[from] brn
|upkeep
|turn|23
|
|t:|1776075871
|move|p1a: Hatterene|Draining Kiss|p2a: Slowking
|-resisted|p2a: Slowking
|-damage|p2a: Slowking|88/100
|-heal|p1a: Hatterene|46/100 brn|[from] drain|[of] p2a: Slowking
|move|p2a: Slowking|Power Gem|p1a: Hatterene
|-damage|p1a: Hatterene|32/100 brn
|
|-weather|none
|-damage|p1a: Hatterene|26/100 brn|[from] brn
|upkeep
|turn|24
|inactive|esquimilo has 120 seconds left.
|
|t:|1776075902
|switch|p2a: Incineroar|Incineroar, M|42/100 par
|-ability|p2a: Incineroar|Intimidate|boost
|-unboost|p1a: Hatterene|atk|1
|move|p1a: Hatterene|Draining Kiss|p2a: Incineroar
|-damage|p2a: Incineroar|2/100 par
|-heal|p1a: Hatterene|64/100 brn|[from] drain|[of] p2a: Incineroar
|
|-end|p2a: Incineroar|move: Future Sight
|-immune|p2a: Incineroar
|-damage|p1a: Hatterene|58/100 brn|[from] brn
|upkeep
|turn|25
|
|t:|1776075909
|switch|p2a: Slowking|Slowking-Galar, F|100/100
|move|p1a: Hatterene|Draining Kiss|p2a: Slowking
|-resisted|p2a: Slowking
|-damage|p2a: Slowking|86/100
|-heal|p1a: Hatterene|71/100 brn|[from] drain|[of] p2a: Slowking
|
|-damage|p1a: Hatterene|65/100 brn|[from] brn
|upkeep
|turn|26
|
|t:|1776075919
|move|p1a: Hatterene|Nuzzle|p2a: Slowking
|-damage|p2a: Slowking|85/100
|-status|p2a: Slowking|par
|move|p2a: Slowking|Power Gem|p1a: Hatterene
|-damage|p1a: Hatterene|50/100 brn
|
|-damage|p1a: Hatterene|44/100 brn|[from] brn
|upkeep
|turn|27
|
|t:|1776075923
|move|p1a: Hatterene|Future Sight|p2a: Slowking
|-start|p1a: Hatterene|move: Future Sight
|-prepare|p2a: Slowking|Chilly Reception|[premajor]
|move|p2a: Slowking|Chilly Reception|p2a: Slowking
|-weather|Snowscape
|
|t:|1776075925
|switch|p2a: Iron Treads|Iron Treads, tera:Water|45/100|[from] Chilly Reception
|
|-weather|Snowscape|[upkeep]
|-heal|p2a: Iron Treads|52/100|[from] item: Leftovers
|-damage|p1a: Hatterene|38/100 brn|[from] brn
|upkeep
|turn|28
|
|t:|1776075930
|move|p2a: Iron Treads|Ice Spinner|p1a: Hatterene
|-damage|p1a: Hatterene|16/100 brn
|move|p1a: Hatterene|Draining Kiss|p2a: Iron Treads
|-crit|p2a: Iron Treads
|-damage|p2a: Iron Treads|0 fnt
|-heal|p1a: Hatterene|62/100 brn|[from] drain|[of] p2a: Iron Treads
|faint|p2a: Iron Treads
|-end|p2a: Iron Treads|Quark Drive|[silent]
|
|-weather|Snowscape|[upkeep]
|-damage|p1a: Hatterene|56/100 brn|[from] brn
|upkeep
|c|☆SigmaGamer123321|ggs
|-message|SigmaGamer123321 forfeited.
|
|win|esquimilo
|raw|esquimilo's rating: 1299 &rarr; <strong>1321</strong><br />(+22 for winning)
|raw|SigmaGamer123321's rating: 1255 &rarr; <strong>1233</strong><br />(-22 for losing)
|l|☆SigmaGamer123321
|player|p2|
|l|☆esquimilo
|player|p1|
