|html|<div class="broadcast-blue"><strong>[Gen 9] OU is currently suspecting Volcarona! For information on how to participate check out the <a href="https://www.smogon.com/tools/suspects/view/208">suspect thread</a>.</strong></div>
|j|☆Zervifine
|j|☆mrsmaiwool
|t:|1778504765
|gametype|singles
|player|p1|Zervifine|170|1196
|player|p2|mrsmaiwool|shauntal|1222
|gen|9
|tier|[Gen 9] OU
|rated|
|rule|HP Percentage Mod: HP is shown in percentages
|rule|Endless Battle Clause: Forcing endless battles is banned
|rule|Species Clause: Limit one of each Pokémon
|rule|OHKO Clause: OHKO moves are banned
|rule|Evasion Items Clause: Evasion items are banned
|rule|Evasion Moves Clause: Evasion moves are banned
|rule|Evasion Abilities Clause: Evasion abilities are banned
|rule|Sleep Moves Clause: Sleep-inducing moves are banned
|clearpoke
|poke|p1|Arcanine-Hisui, F|
|poke|p1|Braviary-Hisui, M|
|poke|p1|Electrode-Hisui|
|poke|p1|Overqwil, M|
|poke|p1|Basculegion, M|
|poke|p1|Goodra-Hisui, M|
|poke|p2|Brambleghast, F|
|poke|p2|Floatzel, F|
|poke|p2|Falinks|
|poke|p2|Pelipper, M|
|poke|p2|Sandy Shocks|
|poke|p2|Hatterene, F|
|teampreview
|inactive|Battle timer is ON: inactive players will automatically lose when time's up. (requested by Zervifine)
|inactive|mrsmaiwool also wants the timer to be on.
|
|t:|1778504774
|teamsize|p1|6
|teamsize|p2|6
|start
|switch|p1a: Electrode|Electrode-Hisui, shiny|100/100
|switch|p2a: Pelipper|Pelipper, M|100/100
|-weather|RainDance|[from] ability: Drizzle|[of] p2a: Pelipper
|turn|1
|
|t:|1778504789
|switch|p2a: Sandy Shocks|Sandy Shocks|100/100
|move|p1a: Electrode|Discharge|p2a: Sandy Shocks
|-immune|p2a: Sandy Shocks
|
|-weather|RainDance|[upkeep]
|upkeep
|turn|2
|
|t:|1778504796
|move|p1a: Electrode|Chloroblast|p2a: Sandy Shocks
|-supereffective|p2a: Sandy Shocks
|-damage|p2a: Sandy Shocks|0 fnt
|faint|p2a: Sandy Shocks
|-end|p2a: Sandy Shocks|Protosynthesis|[silent]
|-damage|p1a: Electrode|50/100|[from] Recoil
|-damage|p1a: Electrode|40/100|[from] item: Life Orb
|
|-weather|RainDance|[upkeep]
|upkeep
|
|t:|1778504802
|switch|p2a: Floatzel|Floatzel, F|100/100
|turn|3
|
|t:|1778504806
|move|p2a: Floatzel|Ice Spinner|p1a: Electrode
|-supereffective|p1a: Electrode
|-damage|p1a: Electrode|0 fnt
|-damage|p2a: Floatzel|76/100|[from] ability: Aftermath|[of] p1a: Electrode
|faint|p1a: Electrode
|
|-weather|RainDance|[upkeep]
|upkeep
|
|t:|1778504823
|switch|p1a: Overqwil|Overqwil, M, shiny|100/100
|turn|4
|
|t:|1778504829
|switch|p2a: Pelipper|Pelipper, M|100/100
|move|p1a: Overqwil|Barb Barrage|p2a: Pelipper
|-damage|p2a: Pelipper|80/100
|-status|p2a: Pelipper|psn
|
|-weather|RainDance|[upkeep]
|-damage|p2a: Pelipper|68/100 psn|[from] psn
|upkeep
|turn|5
|
|t:|1778504842
|move|p1a: Overqwil|Barb Barrage|p2a: Pelipper
|-damage|p2a: Pelipper|25/100 psn
|move|p2a: Pelipper|U-turn|p1a: Overqwil
|-damage|p1a: Overqwil|92/100
|
|t:|1778504849
|switch|p2a: Floatzel|Floatzel, F|76/100|[from] U-turn
|
|-weather|RainDance|[upkeep]
|upkeep
|turn|6
|
|t:|1778504855
|move|p2a: Floatzel|Wave Crash|p1a: Overqwil
|-damage|p1a: Overqwil|0 fnt
|faint|p1a: Overqwil
|-damage|p2a: Floatzel|44/100|[from] Recoil
|
|-weather|RainDance|[upkeep]
|upkeep
|
|t:|1778504865
|switch|p1a: Braviary|Braviary-Hisui, M, shiny|100/100
|turn|7
|
|t:|1778504870
|move|p2a: Floatzel|Wave Crash|p1a: Braviary
|-damage|p1a: Braviary|0 fnt
|faint|p1a: Braviary
|-damage|p2a: Floatzel|0 fnt|[from] Recoil
|faint|p2a: Floatzel
|
|-weather|RainDance|[upkeep]
|upkeep
|
|t:|1778504877
|switch|p2a: Falinks|Falinks|100/100
|switch|p1a: Arcanine|Arcanine-Hisui, F, shiny|100/100
|-item|p1a: Arcanine|Air Balloon
|turn|8
|
|t:|1778504892
|-terastallize|p1a: Arcanine|Flying
|move|p1a: Arcanine|Flare Blitz|p2a: Falinks
|-damage|p2a: Falinks|71/100
|move|p2a: Falinks|No Retreat|p2a: Falinks
|-boost|p2a: Falinks|atk|1
|-boost|p2a: Falinks|def|1
|-boost|p2a: Falinks|spa|1
|-boost|p2a: Falinks|spd|1
|-boost|p2a: Falinks|spe|1
|-start|p2a: Falinks|move: No Retreat
|
|-weather|none
|-heal|p2a: Falinks|77/100|[from] item: Leftovers
|upkeep
|turn|9
|
|t:|1778504905
|move|p1a: Arcanine|Flare Blitz|p2a: Falinks
|-damage|p2a: Falinks|36/100
|move|p2a: Falinks|Iron Head|p1a: Arcanine
|-damage|p1a: Arcanine|51/100
|-enditem|p1a: Arcanine|Air Balloon
|
|-heal|p2a: Falinks|42/100|[from] item: Leftovers
|upkeep
|turn|10
|
|t:|1778504919
|move|p1a: Arcanine|Flare Blitz|p2a: Falinks
|-damage|p2a: Falinks|5/100
|-status|p2a: Falinks|brn
|move|p2a: Falinks|Close Combat|p1a: Arcanine
|-resisted|p1a: Arcanine
|-damage|p1a: Arcanine|25/100
|-unboost|p2a: Falinks|def|1
|-unboost|p2a: Falinks|spd|1
|
|-heal|p2a: Falinks|11/100 brn|[from] item: Leftovers
|-damage|p2a: Falinks|5/100 brn|[from] brn
|upkeep
|turn|11
|
|t:|1778504930
|move|p1a: Arcanine|Extreme Speed|p2a: Falinks
|-damage|p2a: Falinks|0 fnt
|faint|p2a: Falinks
|
|upkeep
|
|t:|1778504937
|switch|p2a: Pelipper|Pelipper, M|25/100 psn
|-weather|RainDance|[from] ability: Drizzle|[of] p2a: Pelipper
|turn|12
|
|t:|1778504942
|move|p1a: Arcanine|Head Smash|p2a: Pelipper
|-supereffective|p2a: Pelipper
|-damage|p2a: Pelipper|0 fnt
|faint|p2a: Pelipper
|
|-weather|RainDance|[upkeep]
|upkeep
|
|t:|1778504949
|switch|p2a: Hatterene|Hatterene, F|100/100
|turn|13
|
|t:|1778504955
|move|p1a: Arcanine|Iron Head|p2a: Hatterene
|-supereffective|p2a: Hatterene
|-damage|p2a: Hatterene|46/100
|move|p2a: Hatterene|Trick Room|p2a: Hatterene
|-fieldstart|move: Trick Room|[of] p2a: Hatterene
|
|-weather|RainDance|[upkeep]
|upkeep
|turn|14
|
|t:|1778504962
|move|p2a: Hatterene|Draining Kiss|p1a: Arcanine
|-damage|p1a: Arcanine|0 fnt
|-heal|p2a: Hatterene|65/100|[from] drain|[of] p1a: Arcanine
|faint|p1a: Arcanine
|-damage|p2a: Hatterene|56/100|[from] item: Life Orb
|
|-weather|RainDance|[upkeep]
|upkeep
|
|t:|1778504969
|switch|p1a: Goodra|Goodra-Hisui, M, shiny|100/100
|turn|15
|
|t:|1778504973
|move|p2a: Hatterene|Mystical Fire|p1a: Goodra
|-damage|p1a: Goodra|87/100
|-unboost|p1a: Goodra|spa|1
|-damage|p2a: Hatterene|46/100|[from] item: Life Orb
|move|p1a: Goodra|Flash Cannon|p2a: Hatterene
|-supereffective|p2a: Hatterene
|-damage|p2a: Hatterene|0 fnt
|faint|p2a: Hatterene
|
|-weather|RainDance|[upkeep]
|-heal|p1a: Goodra|93/100|[from] item: Leftovers
|upkeep
|
|t:|1778504977
|switch|p2a: Brambleghast|Brambleghast, F|100/100
|turn|16
|
|t:|1778504987
|move|p1a: Goodra|Ice Beam|p2a: Brambleghast
|-supereffective|p2a: Brambleghast
|-damage|p2a: Brambleghast|28/100
|move|p2a: Brambleghast|Poltergeist|p1a: Goodra
|-activate|p1a: Goodra|move: Poltergeist|Leftovers
|-damage|p1a: Goodra|41/100
|
|-weather|RainDance|[upkeep]
|-heal|p1a: Goodra|47/100|[from] item: Leftovers
|upkeep
|turn|17
|
|t:|1778504996
|move|p1a: Goodra|Ice Beam|p2a: Brambleghast
|-supereffective|p2a: Brambleghast
|-damage|p2a: Brambleghast|0 fnt
|faint|p2a: Brambleghast
|
|win|Zervifine
|raw|Zervifine's rating: 1196 &rarr; <strong>1223</strong><br />(+27 for winning)
|raw|mrsmaiwool's rating: 1222 &rarr; <strong>1195</strong><br />(-27 for losing)
|l|☆mrsmaiwool
|player|p2|
|l|☆Zervifine
|player|p1|
