|html|<div class="broadcast-blue"><strong>[Gen 9] OU is currently suspecting Volcarona! For information on how to participate check out the <a href="https://www.smogon.com/tools/suspects/view/208">suspect thread</a>.</strong></div>
|j|☆Nickthenickthenick
|j|☆lemeu
|t:|1778496787
|gametype|singles
|player|p1|Nickthenickthenick|266|1315
|player|p2|lemeu|265|1369
|gen|9
|tier|[Gen 9] OU
|rated|
|rule|HP Percentage Mod: HP is shown in percentages
|rule|Endless Battle Clause: Forcing endless battles is banned
|rule|Species Clause: Limit one of each Pokémon
|rule|OHKO Clause: OHKO moves are banned
|rule|Evasion Items Clause: Evasion items are banned
|rule|Evasion Moves Clause: Evasion moves are banned
|rule|Evasion Abilities Clause: Evasion abilities are banned
|rule|Sleep Moves Clause: Sleep-inducing moves are banned
|clearpoke
|poke|p1|Ninetales, M|
|poke|p1|Charizard, F|
|poke|p1|Venusaur, M|
|poke|p1|Dragonite, M|
|poke|p1|Zapdos|
|poke|p1|Blastoise, M|
|poke|p2|Torkoal, M|
|poke|p2|Great Tusk|
|poke|p2|Arcanine-Hisui, M|
|poke|p2|Venusaur, M|
|poke|p2|Walking Wake|
|poke|p2|Hatterene, F|
|teampreview
|
|t:|1778496802
|teamsize|p1|6
|teamsize|p2|6
|start
|switch|p1a: Blastoise|Blastoise, M|100/100
|switch|p2a: Walking Wake|Walking Wake|100/100
|turn|1
|
|t:|1778496813
|move|p2a: Walking Wake|Draco Meteor|p1a: Blastoise|[miss]
|-miss|p2a: Walking Wake|p1a: Blastoise
|move|p1a: Blastoise|Shell Smash|p1a: Blastoise
|-unboost|p1a: Blastoise|def|1
|-unboost|p1a: Blastoise|spd|1
|-boost|p1a: Blastoise|atk|2
|-boost|p1a: Blastoise|spa|2
|-boost|p1a: Blastoise|spe|2
|-enditem|p1a: Blastoise|White Herb
|-clearnegativeboost|p1a: Blastoise|[silent]
|
|upkeep
|turn|2
|
|t:|1778496822
|move|p1a: Blastoise|Ice Beam|p2a: Walking Wake
|-damage|p2a: Walking Wake|40/100
|move|p2a: Walking Wake|Draco Meteor|p1a: Blastoise
|-damage|p1a: Blastoise|0 fnt
|-unboost|p2a: Walking Wake|spa|2
|faint|p1a: Blastoise
|
|upkeep
|
|t:|1778496857
|switch|p1a: Zapdos|Zapdos|100/100
|turn|3
|
|t:|1778496870
|-end|p2a: Walking Wake|Protosynthesis|[silent]
|switch|p2a: Great Tusk|Great Tusk|100/100
|move|p1a: Zapdos|U-turn|p2a: Great Tusk
|-resisted|p2a: Great Tusk
|-damage|p2a: Great Tusk|97/100
|
|t:|1778496877
|switch|p1a: Charizard|Charizard, F|100/100|[from] U-turn
|
|-heal|p2a: Great Tusk|100/100|[from] item: Leftovers
|upkeep
|turn|4
|
|t:|1778496891
|move|p1a: Charizard|Hurricane|p2a: Great Tusk
|-supereffective|p2a: Great Tusk
|-damage|p2a: Great Tusk|0 fnt
|faint|p2a: Great Tusk
|-end|p2a: Great Tusk|Protosynthesis|[silent]
|
|upkeep
|
|t:|1778496897
|switch|p2a: Arcanine|Arcanine-Hisui, M|100/100
|turn|5
|
|t:|1778496918
|move|p1a: Charizard|Scorching Sands|p2a: Arcanine
|-supereffective|p2a: Arcanine
|-damage|p2a: Arcanine|0 fnt
|faint|p2a: Arcanine
|
|upkeep
|
|t:|1778496937
|switch|p2a: Torkoal|Torkoal, M|100/100
|-weather|SunnyDay|[from] ability: Drought|[of] p2a: Torkoal
|turn|6
|
|t:|1778496949
|move|p1a: Charizard|Scorching Sands|p2a: Torkoal
|-supereffective|p2a: Torkoal
|-damage|p2a: Torkoal|40/100
|move|p2a: Torkoal|Stealth Rock|p1a: Charizard
|-sidestart|p1: Nickthenickthenick|move: Stealth Rock
|
|-weather|SunnyDay|[upkeep]
|-damage|p1a: Charizard|88/100|[from] ability: Solar Power|[of] p1a: Charizard
|upkeep
|turn|7
|
|t:|1778496958
|switch|p2a: Hatterene|Hatterene, F|100/100
|move|p1a: Charizard|Scorching Sands|p2a: Hatterene
|-damage|p2a: Hatterene|65/100
|-enditem|p2a: Hatterene|Eject Button
|
|t:|1778496964
|switch|p2a: Walking Wake|Walking Wake|40/100
|-activate|p2a: Walking Wake|ability: Protosynthesis
|-start|p2a: Walking Wake|protosynthesisspe
|
|-weather|SunnyDay|[upkeep]
|-damage|p1a: Charizard|76/100|[from] ability: Solar Power|[of] p1a: Charizard
|upkeep
|turn|8
|
|t:|1778496973
|move|p2a: Walking Wake|Hydro Steam|p1a: Charizard
|-supereffective|p1a: Charizard
|-damage|p1a: Charizard|0 fnt
|faint|p1a: Charizard
|
|-weather|SunnyDay|[upkeep]
|upkeep
|
|t:|1778496980
|switch|p1a: Zapdos|Zapdos|100/100
|turn|9
|
|t:|1778496984
|move|p2a: Walking Wake|Hydro Steam|p1a: Zapdos
|-damage|p1a: Zapdos|40/100
|move|p1a: Zapdos|Discharge|p2a: Walking Wake
|-damage|p2a: Walking Wake|3/100
|
|-weather|SunnyDay|[upkeep]
|upkeep
|turn|10
|
|t:|1778497000
|move|p2a: Walking Wake|Hydro Steam|p1a: Zapdos
|-damage|p1a: Zapdos|0 fnt
|faint|p1a: Zapdos
|
|-weather|SunnyDay|[upkeep]
|upkeep
|
|t:|1778497001
|switch|p1a: Dragonite|Dragonite, M|100/100
|turn|11
|
|t:|1778497007
|-end|p2a: Walking Wake|Protosynthesis|[silent]
|switch|p2a: Hatterene|Hatterene, F|65/100
|move|p1a: Dragonite|Extreme Speed|p2a: Hatterene
|-damage|p2a: Hatterene|40/100
|
|-weather|SunnyDay|[upkeep]
|upkeep
|turn|12
|
|t:|1778497020
|switch|p1a: Venusaur|Venusaur, M|100/100
|-damage|p1a: Venusaur|88/100|[from] Stealth Rock
|move|p2a: Hatterene|Nuzzle|p1a: Venusaur
|-resisted|p1a: Venusaur
|-damage|p1a: Venusaur|86/100
|-status|p1a: Venusaur|par
|
|-weather|SunnyDay|[upkeep]
|upkeep
|turn|13
|
|t:|1778497029
|move|p1a: Venusaur|Sludge Bomb|p2a: Hatterene
|-supereffective|p2a: Hatterene
|-damage|p2a: Hatterene|0 fnt
|faint|p2a: Hatterene
|-damage|p1a: Venusaur|76/100 par|[from] item: Life Orb
|
|-weather|none
|upkeep
|
|t:|1778497036
|switch|p2a: Torkoal|Torkoal, M|40/100
|-weather|SunnyDay|[from] ability: Drought|[of] p2a: Torkoal
|turn|14
|
|t:|1778497041
|move|p1a: Venusaur|Sludge Bomb|p2a: Torkoal
|-damage|p2a: Torkoal|0 fnt
|faint|p2a: Torkoal
|-damage|p1a: Venusaur|66/100 par|[from] item: Life Orb
|
|-weather|SunnyDay|[upkeep]
|upkeep
|inactive|Battle timer is ON: inactive players will automatically lose when time's up. (requested by Nickthenickthenick)
|
|t:|1778497047
|switch|p2a: Walking Wake|Walking Wake|3/100
|-activate|p2a: Walking Wake|ability: Protosynthesis
|-start|p2a: Walking Wake|protosynthesisspe
|turn|15
|
|t:|1778497079
|move|p2a: Walking Wake|Flamethrower|p1a: Venusaur
|-supereffective|p1a: Venusaur
|-damage|p1a: Venusaur|0 fnt
|faint|p1a: Venusaur
|
|-weather|SunnyDay|[upkeep]
|upkeep
|
|t:|1778497082
|switch|p1a: Dragonite|Dragonite, M|100/100
|turn|16
|
|t:|1778497085
|move|p1a: Dragonite|Extreme Speed|p2a: Walking Wake
|-crit|p2a: Walking Wake
|-damage|p2a: Walking Wake|0 fnt
|faint|p2a: Walking Wake
|-end|p2a: Walking Wake|Protosynthesis|[silent]
|
|-weather|SunnyDay|[upkeep]
|upkeep
|
|t:|1778497090
|switch|p2a: Venusaur|Venusaur, M|100/100
|turn|17
|
|t:|1778497094
|move|p2a: Venusaur|Growth|p2a: Venusaur
|-boost|p2a: Venusaur|atk|2
|-boost|p2a: Venusaur|spa|2
|move|p1a: Dragonite|Earthquake|p2a: Venusaur
|-damage|p2a: Venusaur|53/100
|
|-weather|SunnyDay|[upkeep]
|upkeep
|turn|18
|
|t:|1778497104
|-terastallize|p1a: Dragonite|Normal
|move|p1a: Dragonite|Extreme Speed|p2a: Venusaur
|-damage|p2a: Venusaur|0 fnt
|faint|p2a: Venusaur
|
|win|Nickthenickthenick
|raw|Nickthenickthenick's rating: 1315 &rarr; <strong>1338</strong><br />(+23 for winning)
|raw|lemeu's rating: 1369 &rarr; <strong>1346</strong><br />(-23 for losing)
|l|☆lemeu
|player|p2|
