|html|<div class="broadcast-blue"><strong>[Gen 9] OU is currently suspecting Tera Blast! For information on how to participate check out the <a href="https://www.smogon.com/tools/suspects/view/200">suspect thread</a>.</strong></div>
|j|☆kingjot
|j|☆jyusaan雨傘
|t:|1776197696
|gametype|singles
|player|p1|kingjot|caitlin|
|player|p2|jyusaan雨傘|emma|
|gen|9
|tier|[Gen 9] OU
|rule|HP Percentage Mod: HP is shown in percentages
|rule|Endless Battle Clause: Forcing endless battles is banned
|rule|Species Clause: Limit one of each Pokémon
|rule|OHKO Clause: OHKO moves are banned
|rule|Evasion Items Clause: Evasion items are banned
|rule|Evasion Moves Clause: Evasion moves are banned
|rule|Evasion Abilities Clause: Evasion abilities are banned
|rule|Sleep Moves Clause: Sleep-inducing moves are banned
|clearpoke
|poke|p1|Torkoal, F|
|poke|p1|Great Tusk|
|poke|p1|Slither Wing|
|poke|p1|Venusaur, F|
|poke|p1|Walking Wake|
|poke|p1|Heatran, M|
|poke|p2|Kyurem|
|poke|p2|Slowking-Galar, M|
|poke|p2|Garganacl, F|
|poke|p2|Dragonite, M|
|poke|p2|Great Tusk|
|poke|p2|Ogerpon-Wellspring, F|
|teampreview
|c|☆jyusaan雨傘|hf
|inactive|Battle timer is ON: inactive players will automatically lose when time's up. (requested by jyusaan雨傘)
|c|☆kingjot|yt
|
|t:|1776197732
|teamsize|p1|6
|teamsize|p2|6
|start
|switch|p1a: Heatran|Heatran, M|100/100
|switch|p2a: Slowking|Slowking-Galar, M|100/100
|-item|p1a: Heatran|Air Balloon
|turn|1
|
|t:|1776197741
|move|p1a: Heatran|Magma Storm|p2a: Slowking
|-damage|p2a: Slowking|73/100
|-activate|p2a: Slowking|move: Magma Storm|[of] p1a: Heatran
|move|p2a: Slowking|Psychic Noise|p1a: Heatran
|-resisted|p1a: Heatran
|-damage|p1a: Heatran|88/100
|-start|p1a: Heatran|move: Heal Block
|-enditem|p1a: Heatran|Air Balloon
|
|-damage|p2a: Slowking|61/100|[from] move: Magma Storm|[partiallytrapped]
|upkeep
|turn|2
|
|t:|1776197748
|move|p1a: Heatran|Earth Power|p2a: Slowking
|-supereffective|p2a: Slowking
|-damage|p2a: Slowking|24/100
|-prepare|p2a: Slowking|Chilly Reception|[premajor]
|move|p2a: Slowking|Chilly Reception|p2a: Slowking
|-weather|Snowscape
|
|t:|1776197777
|switch|p2a: Kyurem|Kyurem|100/100|[from] Chilly Reception
|-ability|p2a: Kyurem|Pressure
|
|-weather|Snowscape|[upkeep]
|-end|p1a: Heatran|move: Heal Block
|upkeep
|turn|3
|
|t:|1776197783
|switch|p1a: Torkoal|Torkoal, F|100/100
|-weather|SunnyDay|[from] ability: Drought|[of] p1a: Torkoal
|move|p2a: Kyurem|Earth Power|p1a: Torkoal
|-supereffective|p1a: Torkoal
|-damage|p1a: Torkoal|0 fnt
|faint|p1a: Torkoal
|
|-weather|SunnyDay|[upkeep]
|upkeep
|
|t:|1776197794
|switch|p1a: Great Tusk|Great Tusk|100/100
|-activate|p1a: Great Tusk|ability: Protosynthesis
|-start|p1a: Great Tusk|protosynthesisspe
|turn|4
|inactive|jyusaan雨傘 has 270 seconds left.
|
|t:|1776197838
|switch|p2a: Great Tusk|Great Tusk|100/100
|-activate|p2a: Great Tusk|ability: Protosynthesis
|-start|p2a: Great Tusk|protosynthesisatk
|move|p1a: Great Tusk|Bulk Up|p1a: Great Tusk
|-boost|p1a: Great Tusk|atk|1
|-boost|p1a: Great Tusk|def|1
|
|-weather|SunnyDay|[upkeep]
|upkeep
|turn|5
|inactive|jyusaan雨傘 has 240 seconds left.
|
|t:|1776197883
|move|p1a: Great Tusk|Bulk Up|p1a: Great Tusk
|-boost|p1a: Great Tusk|atk|1
|-boost|p1a: Great Tusk|def|1
|move|p2a: Great Tusk|Ice Spinner|p1a: Great Tusk
|-supereffective|p1a: Great Tusk
|-damage|p1a: Great Tusk|77/100
|
|-weather|SunnyDay|[upkeep]
|upkeep
|turn|6
|inactive|jyusaan雨傘 has 210 seconds left.
|inactive|kingjot has 270 seconds left.
|l|☆kingjot
|inactive|kingjot disconnected and has 300 seconds to reconnect!
|player|p1|
|inactive|jyusaan雨傘 has 180 seconds left.
|inactive|kingjot has 270 seconds to reconnect!
|inactive|kingjot has 240 seconds to reconnect!
|j|☆kingjot
|inactive|kingjot reconnected and has 270 seconds left.
|player|p1|kingjot|caitlin|
|
|t:|1776197994
|-end|p2a: Great Tusk|Protosynthesis|[silent]
|switch|p2a: Slowking|Slowking-Galar, M|57/100
|move|p1a: Great Tusk|Bulk Up|p1a: Great Tusk
|-boost|p1a: Great Tusk|atk|1
|-boost|p1a: Great Tusk|def|1
|
|-weather|SunnyDay|[upkeep]
|upkeep
|turn|7
|
|t:|1776197999
|move|p1a: Great Tusk|Earthquake|p2a: Slowking
|-supereffective|p2a: Slowking
|-damage|p2a: Slowking|0 fnt
|faint|p2a: Slowking
|
|-weather|SunnyDay|[upkeep]
|upkeep
|inactive|jyusaan雨傘 has 180 seconds left.
|
|t:|1776198017
|switch|p2a: Garganacl|Garganacl, F|100/100
|turn|8
|inactive|kingjot has 270 seconds left.
|
|t:|1776198032
|-terastallize|p2a: Garganacl|Water
|move|p1a: Great Tusk|Rapid Spin|p2a: Garganacl
|-damage|p2a: Garganacl|78/100
|-boost|p1a: Great Tusk|spe|1
|move|p2a: Garganacl|Salt Cure|p1a: Great Tusk
|-resisted|p1a: Great Tusk
|-damage|p1a: Great Tusk|76/100
|
|-weather|SunnyDay|[upkeep]
|-heal|p2a: Garganacl|85/100|[from] item: Leftovers
|upkeep
|turn|9
|
|t:|1776198041
|move|p2a: Garganacl|Protect|p2a: Garganacl
|-singleturn|p2a: Garganacl|Protect
|move|p1a: Great Tusk|Bulk Up|p1a: Great Tusk
|-boost|p1a: Great Tusk|atk|1
|-boost|p1a: Great Tusk|def|1
|
|-weather|SunnyDay|[upkeep]
|-heal|p2a: Garganacl|91/100|[from] item: Leftovers
|upkeep
|turn|10
|
|t:|1776198048
|switch|p2a: Dragonite|Dragonite, M|100/100
|move|p1a: Great Tusk|Earthquake|p2a: Dragonite
|-immune|p2a: Dragonite
|
|-weather|none
|-end|p1a: Great Tusk|Protosynthesis
|upkeep
|turn|11
|inactive|jyusaan雨傘 has 180 seconds left.
|
|t:|1776198087
|move|p2a: Dragonite|Extreme Speed|p1a: Great Tusk
|-damage|p1a: Great Tusk|69/100
|move|p1a: Great Tusk|Ice Spinner|p2a: Dragonite
|-supereffective|p2a: Dragonite
|-damage|p2a: Dragonite|0 fnt
|faint|p2a: Dragonite
|
|upkeep
|
|t:|1776198091
|switch|p2a: Ogerpon|Ogerpon-Wellspring, F|100/100
|turn|12
|inactive|jyusaan雨傘 has 180 seconds left.
|
|t:|1776198107
|move|p1a: Great Tusk|Ice Spinner|p2a: Ogerpon
|-damage|p2a: Ogerpon|6/100
|move|p2a: Ogerpon|Ivy Cudgel|p1a: Great Tusk|[anim] Ivy Cudgel Water
|-supereffective|p1a: Great Tusk
|-damage|p1a: Great Tusk|44/100
|
|upkeep
|turn|13
|
|t:|1776198113
|move|p1a: Great Tusk|Rapid Spin|p2a: Ogerpon
|-damage|p2a: Ogerpon|0 fnt
|-boost|p1a: Great Tusk|spe|1
|faint|p2a: Ogerpon
|
|upkeep
|
|t:|1776198123
|switch|p2a: Great Tusk|Great Tusk|100/100
|turn|14
|
|t:|1776198132
|move|p1a: Great Tusk|Ice Spinner|p2a: Great Tusk
|-supereffective|p2a: Great Tusk
|-damage|p2a: Great Tusk|1/100
|move|p2a: Great Tusk|Ice Spinner|p1a: Great Tusk
|-supereffective|p1a: Great Tusk
|-damage|p1a: Great Tusk|31/100
|
|upkeep
|turn|15
|-message|jyusaan雨傘 forfeited.
|
|win|kingjot
|c|☆jyusaan雨傘|gg
|c|☆kingjot|gg
|l|☆jyusaan雨傘
|player|p2|
|l|☆kingjot
|player|p1|
|j|☆jyusaan雨傘
|player|p2|jyusaan雨傘|emma|
