|html|<div class="broadcast-blue"><strong>[Gen 9] OU is currently suspecting Tera Blast! For information on how to participate check out the <a href="https://www.smogon.com/tools/suspects/view/200">suspect thread</a>.</strong></div>
|j|☆miaoTV-青
|j|☆OP Earthquakes
|t:|1776126899
|gametype|singles
|player|p1|miaoTV-青|elesa|1785
|player|p2|OP Earthquakes|giovanni-masters|1745
|gen|9
|tier|[Gen 9] OU
|rated|
|rule|HP Percentage Mod: HP is shown in percentages
|rule|Endless Battle Clause: Forcing endless battles is banned
|rule|Species Clause: Limit one of each Pokémon
|rule|OHKO Clause: OHKO moves are banned
|rule|Evasion Items Clause: Evasion items are banned
|rule|Evasion Moves Clause: Evasion moves are banned
|rule|Evasion Abilities Clause: Evasion abilities are banned
|rule|Sleep Moves Clause: Sleep-inducing moves are banned
|clearpoke
|poke|p1|Ogerpon-Wellspring, F|
|poke|p1|Dondozo, M|
|poke|p1|Cinderace, M|
|poke|p1|Landorus-Therian, M|
|poke|p1|Slowking-Galar, L99, M|
|poke|p1|Tyranitar, M|
|poke|p2|Excadrill, M|
|poke|p2|Tyranitar, F|
|poke|p2|Kyurem|
|poke|p2|Hawlucha, F|
|poke|p2|Pawmot, M|
|poke|p2|Gliscor, F|
|teampreview
|inactive|Battle timer is ON: inactive players will automatically lose when time's up. (requested by OP Earthquakes)
|j| Nyrkry
|c|☆OP Earthquakes|GLHF
|c|☆miaoTV-青|hi
|
|t:|1776126915
|teamsize|p1|6
|teamsize|p2|6
|start
|switch|p1a: 江母狗|Ogerpon-Wellspring, F|100/100
|switch|p2a: Gliscor|Gliscor, F, shiny|100/100
|turn|1
|
|t:|1776126926
|move|p2a: Gliscor|Protect|p2a: Gliscor
|-singleturn|p2a: Gliscor|Protect
|move|p1a: 江母狗|Ivy Cudgel|p2a: Gliscor|[anim] Ivy Cudgel Water
|-activate|p2a: Gliscor|move: Protect
|
|-status|p2a: Gliscor|tox|[from] item: Toxic Orb
|upkeep
|turn|2
|
|t:|1776126934
|switch|p2a: Frieza|Kyurem, shiny|100/100
|-ability|p2a: Frieza|Pressure
|move|p1a: 江母狗|Ivy Cudgel|p2a: Frieza|[anim] Ivy Cudgel Water
|-resisted|p2a: Frieza
|-crit|p2a: Frieza
|-damage|p2a: Frieza|51/100
|
|upkeep
|turn|3
|
|t:|1776126941
|move|p1a: 江母狗|U-turn|p2a: Frieza
|-damage|p2a: Frieza|23/100
|
|t:|1776126945
|switch|p1a: 毛腊肉|Tyranitar, M|100/100|[from] U-turn
|-weather|Sandstorm|[from] ability: Sand Stream|[of] p1a: 毛腊肉
|move|p2a: Frieza|Freeze-Dry|p1a: 毛腊肉
|-damage|p1a: 毛腊肉|85/100
|
|-weather|Sandstorm|[upkeep]
|-damage|p2a: Frieza|17/100|[from] Sandstorm
|upkeep
|turn|4
|
|t:|1776126957
|move|p2a: Frieza|Earth Power|p1a: 毛腊肉
|-supereffective|p1a: 毛腊肉
|-damage|p1a: 毛腊肉|57/100
|move|p1a: 毛腊肉|Ice Beam|p2a: Frieza
|-damage|p2a: Frieza|0 fnt
|faint|p2a: Frieza
|
|-weather|Sandstorm|[upkeep]
|upkeep
|
|t:|1776126969
|switch|p2a: OP|Excadrill, M|100/100
|turn|5
|j| shuuzi
|
|t:|1776126989
|switch|p1a: 水晶棺|Dondozo, M|100/100
|move|p2a: OP|Iron Head|p1a: 水晶棺
|-resisted|p1a: 水晶棺
|-damage|p1a: 水晶棺|84/100
|
|-weather|Sandstorm|[upkeep]
|-damage|p1a: 水晶棺|78/100|[from] Sandstorm
|upkeep
|turn|6
|
|t:|1776126995
|switch|p2a: Porunga|Pawmot, M|100/100
|move|p1a: 水晶棺|Wave Crash|p2a: Porunga
|-damage|p2a: Porunga|40/100
|-damage|p1a: 水晶棺|65/100|[from] Recoil
|
|-weather|Sandstorm|[upkeep]
|-damage|p2a: Porunga|34/100|[from] Sandstorm
|-damage|p1a: 水晶棺|59/100|[from] Sandstorm
|upkeep
|turn|7
|
|t:|1776126999
|switch|p1a: 庆丰帝|Slowking-Galar, L99, M, shiny|100/100
|move|p2a: Porunga|Revival Blessing|p2a: Porunga
|-enditem|p2a: Porunga|Leppa Berry|[eat]
|-activate|p2a: Porunga|item: Leppa Berry|Revival Blessing|[consumed]
|l| shuuzi
|
|t:|1776127004
|-heal|p2: Frieza|50/100|[from] move: Revival Blessing
|
|-weather|none
|upkeep
|turn|8
|
|t:|1776127011
|switch|p2a: Gliscor|Gliscor, F, shiny|100/100 tox
|-prepare|p1a: 庆丰帝|Chilly Reception|[premajor]
|move|p1a: 庆丰帝|Chilly Reception|p1a: 庆丰帝
|-weather|Snowscape
|
|t:|1776127013
|switch|p1a: 江母狗|Ogerpon-Wellspring, F|100/100|[from] Chilly Reception
|
|-weather|Snowscape|[upkeep]
|upkeep
|turn|9
|
|t:|1776127026
|switch|p2a: Itachi|Hawlucha, F, shiny|100/100
|-ability|p2a: Itachi|Mold Breaker
|move|p1a: 江母狗|Ivy Cudgel|p2a: Itachi|[anim] Ivy Cudgel Water
|-damage|p2a: Itachi|18/100
|-enditem|p2a: Itachi|Red Card|[of] p1a: 江母狗
|drag|p1a: 水晶棺|Dondozo, M|59/100
|
|-weather|Snowscape|[upkeep]
|upkeep
|turn|10
|
|t:|1776127045
|move|p2a: Itachi|Swords Dance|p2a: Itachi
|-boost|p2a: Itachi|atk|2
|move|p1a: 水晶棺|Wave Crash|p2a: Itachi
|-damage|p2a: Itachi|0 fnt
|faint|p2a: Itachi
|-damage|p1a: 水晶棺|55/100|[from] Recoil
|
|-weather|Snowscape|[upkeep]
|upkeep
|
|t:|1776127051
|switch|p2a: Frieza|Kyurem, shiny|50/100
|-ability|p2a: Frieza|Pressure
|turn|11
|
|t:|1776127056
|switch|p1a: 毛腊肉|Tyranitar, M|57/100
|-weather|Sandstorm|[from] ability: Sand Stream|[of] p1a: 毛腊肉
|move|p2a: Frieza|Scale Shot|p1a: 毛腊肉
|-damage|p1a: 毛腊肉|47/100
|-damage|p1a: 毛腊肉|37/100
|-damage|p1a: 毛腊肉|28/100
|-damage|p1a: 毛腊肉|20/100
|-hitcount|p1a: 毛腊肉|4
|-unboost|p2a: Frieza|def|1
|-boost|p2a: Frieza|spe|1
|
|-weather|Sandstorm|[upkeep]
|-damage|p2a: Frieza|44/100|[from] Sandstorm
|upkeep
|turn|12
|
|t:|1776127066
|move|p2a: Frieza|Earth Power|p1a: 毛腊肉
|-supereffective|p1a: 毛腊肉
|-damage|p1a: 毛腊肉|0 fnt
|faint|p1a: 毛腊肉
|
|-weather|Sandstorm|[upkeep]
|-damage|p2a: Frieza|38/100|[from] Sandstorm
|upkeep
|
|t:|1776127071
|switch|p1a: 红小将|Cinderace, M|100/100
|turn|13
|
|t:|1776127097
|move|p1a: 红小将|Sucker Punch|p2a: Frieza
|-start|p1a: 红小将|typechange|Dark|[from] ability: Libero
|-damage|p2a: Frieza|0 fnt
|faint|p2a: Frieza
|
|-weather|Sandstorm|[upkeep]
|-damage|p1a: 红小将|95/100|[from] Sandstorm
|upkeep
|
|t:|1776127102
|switch|p2a: OP|Excadrill, M|100/100
|turn|14
|
|t:|1776127107
|switch|p1a: 水晶棺|Dondozo, M|55/100
|move|p2a: OP|Iron Head|p1a: 水晶棺
|-resisted|p1a: 水晶棺
|-damage|p1a: 水晶棺|39/100
|
|-weather|Sandstorm|[upkeep]
|-damage|p1a: 水晶棺|33/100|[from] Sandstorm
|upkeep
|turn|15
|
|t:|1776127120
|switch|p2a: Gliscor|Gliscor, F, shiny|100/100 tox
|move|p1a: 水晶棺|Rest|p1a: 水晶棺
|-status|p1a: 水晶棺|slp|[from] move: Rest
|-heal|p1a: 水晶棺|100/100 slp|[silent]
|-enditem|p1a: 水晶棺|Chesto Berry|[eat]
|-curestatus|p1a: 水晶棺|slp|[msg]
|
|-weather|none
|upkeep
|turn|16
|
|t:|1776127125
|move|p2a: Gliscor|Knock Off|p1a: 水晶棺
|-damage|p1a: 水晶棺|93/100
|move|p1a: 水晶棺|Curse|p1a: 水晶棺
|-unboost|p1a: 水晶棺|spe|1
|-boost|p1a: 水晶棺|atk|1
|-boost|p1a: 水晶棺|def|1
|
|upkeep
|turn|17
|
|t:|1776127141
|switch|p2a: The sandstorm|Tyranitar, F, shiny|100/100
|-weather|Sandstorm|[from] ability: Sand Stream|[of] p2a: The sandstorm
|move|p1a: 水晶棺|Wave Crash|p2a: The sandstorm
|-supereffective|p2a: The sandstorm
|-damage|p2a: The sandstorm|20/100
|-damage|p1a: 水晶棺|75/100|[from] Recoil
|
|-weather|Sandstorm|[upkeep]
|-damage|p1a: 水晶棺|69/100|[from] Sandstorm
|upkeep
|turn|18
|
|t:|1776127150
|move|p2a: The sandstorm|Thunder Wave|p1a: 水晶棺
|-status|p1a: 水晶棺|par
|cant|p1a: 水晶棺|par
|
|-weather|Sandstorm|[upkeep]
|-damage|p1a: 水晶棺|62/100 par|[from] Sandstorm
|upkeep
|turn|19
|
|t:|1776127155
|move|p2a: The sandstorm|Stealth Rock|p1a: 水晶棺
|-sidestart|p1: miaoTV-青|move: Stealth Rock
|move|p1a: 水晶棺|Body Press|p2a: The sandstorm
|-supereffective|p2a: The sandstorm
|-damage|p2a: The sandstorm|0 fnt
|faint|p2a: The sandstorm
|
|-weather|Sandstorm|[upkeep]
|-damage|p1a: 水晶棺|56/100 par|[from] Sandstorm
|upkeep
|
|t:|1776127159
|switch|p2a: Porunga|Pawmot, M|34/100
|turn|20
|
|t:|1776127179
|move|p2a: Porunga|Revival Blessing|p2a: Porunga
|
|t:|1776127182
|-heal|p2: Frieza|50/100|[from] move: Revival Blessing
|move|p1a: 水晶棺|Body Press|p2a: Porunga
|-damage|p2a: Porunga|0 fnt
|faint|p2a: Porunga
|
|-weather|Sandstorm|[upkeep]
|-damage|p1a: 水晶棺|50/100 par|[from] Sandstorm
|upkeep
|
|t:|1776127188
|switch|p2a: Frieza|Kyurem, shiny|50/100
|-ability|p2a: Frieza|Pressure
|turn|21
|
|t:|1776127204
|switch|p1a: 庆丰帝|Slowking-Galar, L99, M, shiny|100/100
|-damage|p1a: 庆丰帝|88/100|[from] Stealth Rock
|move|p2a: Frieza|Freeze-Dry|p1a: 庆丰帝
|-crit|p1a: 庆丰帝
|-damage|p1a: 庆丰帝|35/100
|
|-weather|Sandstorm|[upkeep]
|-damage|p2a: Frieza|44/100|[from] Sandstorm
|-damage|p1a: 庆丰帝|29/100|[from] Sandstorm
|upkeep
|turn|22
|inactive|OP Earthquakes has 120 seconds left.
|
|t:|1776127235
|move|p2a: Frieza|Freeze-Dry|p1a: 庆丰帝
|-damage|p1a: 庆丰帝|0 fnt
|faint|p1a: 庆丰帝
|
|-weather|Sandstorm|[upkeep]
|-damage|p2a: Frieza|38/100|[from] Sandstorm
|upkeep
|
|t:|1776127239
|switch|p1a: 红小将|Cinderace, M|95/100
|turn|23
|
|t:|1776127246
|switch|p2a: Gliscor|Gliscor, F, shiny|100/100 tox
|-terastallize|p1a: 红小将|Fire
|move|p1a: 红小将|Pyro Ball|p2a: Gliscor
|-damage|p2a: Gliscor|44/100 tox
|
|-weather|Sandstorm|[upkeep]
|-damage|p1a: 红小将|89/100|[from] Sandstorm
|-heal|p2a: Gliscor|57/100 tox|[from] ability: Poison Heal
|upkeep
|turn|24
|
|t:|1776127267
|move|p1a: 红小将|Court Change|p1a: 红小将
|-swapsideconditions
|-activate|p1a: 红小将|move: Court Change
|move|p2a: Gliscor|Earthquake|p1a: 红小将
|-supereffective|p1a: 红小将
|-damage|p1a: 红小将|0 fnt
|faint|p1a: 红小将
|
|-weather|none
|-heal|p2a: Gliscor|69/100 tox|[from] ability: Poison Heal
|upkeep
|
|t:|1776127272
|switch|p1a: 江母狗|Ogerpon-Wellspring, F|100/100
|turn|25
|inactive|OP Earthquakes has 120 seconds left.
|
|t:|1776127297
|-terastallize|p2a: Gliscor|Bug
|move|p1a: 江母狗|Ivy Cudgel|p2a: Gliscor|[anim] Ivy Cudgel Water
|-damage|p2a: Gliscor|27/100 tox
|move|p2a: Gliscor|Tailwind|p2a: Gliscor
|-sidestart|p2: OP Earthquakes|move: Tailwind
|
|-heal|p2a: Gliscor|39/100 tox|[from] ability: Poison Heal
|upkeep
|turn|26
|inactive|OP Earthquakes has 120 seconds left.
|
|t:|1776127313
|switch|p2a: OP|Excadrill, M|100/100
|-damage|p2a: OP|97/100|[from] Stealth Rock
|switch|p1a: 林统帅(未坠机版)|Landorus-Therian, M|100/100
|-ability|p1a: 林统帅(未坠机版)|Intimidate|boost
|-unboost|p2a: OP|atk|1
|
|upkeep
|turn|27
|
|t:|1776127317
|move|p2a: OP|Iron Head|p1a: 林统帅(未坠机版)
|-damage|p1a: 林统帅(未坠机版)|43/100
|cant|p1a: 林统帅(未坠机版)|flinch
|
|upkeep
|turn|28
|
|t:|1776127322
|move|p2a: OP|Iron Head|p1a: 林统帅(未坠机版)
|-damage|p1a: 林统帅(未坠机版)|0 fnt
|faint|p1a: 林统帅(未坠机版)
|
|-sideend|p2: OP Earthquakes|move: Tailwind
|upkeep
|
|t:|1776127324
|switch|p1a: 水晶棺|Dondozo, M|50/100 par
|turn|29
|
|t:|1776127336
|switch|p2a: Gliscor|Gliscor, F, shiny, tera:Bug|39/100 tox
|-damage|p2a: Gliscor|14/100 tox|[from] Stealth Rock
|cant|p1a: 水晶棺|par
|
|-heal|p2a: Gliscor|27/100 tox|[from] ability: Poison Heal
|upkeep
|turn|30
|
|t:|1776127350
|move|p2a: Gliscor|Tailwind|p2a: Gliscor
|-sidestart|p2: OP Earthquakes|move: Tailwind
|cant|p1a: 水晶棺|par
|
|-heal|p2a: Gliscor|39/100 tox|[from] ability: Poison Heal
|upkeep
|turn|31
|
|t:|1776127357
|switch|p2a: OP|Excadrill, M|97/100
|-damage|p2a: OP|94/100|[from] Stealth Rock
|move|p1a: 水晶棺|Body Press|p2a: OP
|-supereffective|p2a: OP
|-damage|p2a: OP|15/100
|
|upkeep
|turn|32
|
|t:|1776127387
|move|p2a: OP|Earthquake|p1a: 水晶棺
|-damage|p1a: 水晶棺|10/100 par
|cant|p1a: 水晶棺|par
|
|upkeep
|turn|33
|c|☆OP Earthquakes|Sigh
|c|☆miaoTV-青|gl
|inactive|OP Earthquakes has 120 seconds left.
|
|t:|1776127405
|switch|p2a: Gliscor|Gliscor, F, shiny, tera:Bug|39/100 tox
|-damage|p2a: Gliscor|14/100 tox|[from] Stealth Rock
|cant|p1a: 水晶棺|par
|
|-heal|p2a: Gliscor|27/100 tox|[from] ability: Poison Heal
|-sideend|p2: OP Earthquakes|move: Tailwind
|upkeep
|turn|34
|
|t:|1776127411
|move|p2a: Gliscor|Tailwind|p2a: Gliscor
|-sidestart|p2: OP Earthquakes|move: Tailwind
|move|p1a: 水晶棺|Rest|p1a: 水晶棺
|-status|p1a: 水晶棺|slp|[from] move: Rest
|-heal|p1a: 水晶棺|100/100 slp|[silent]
|
|-heal|p2a: Gliscor|39/100 tox|[from] ability: Poison Heal
|upkeep
|turn|35
|
|t:|1776127419
|switch|p2a: Frieza|Kyurem, shiny|38/100
|-damage|p2a: Frieza|13/100|[from] Stealth Rock
|-ability|p2a: Frieza|Pressure
|cant|p1a: 水晶棺|slp
|
|upkeep
|turn|36
|
|t:|1776127423
|move|p2a: Frieza|Freeze-Dry|p1a: 水晶棺
|-supereffective|p1a: 水晶棺
|-damage|p1a: 水晶棺|18/100 slp
|cant|p1a: 水晶棺|slp
|
|upkeep
|turn|37
|
|t:|1776127428
|move|p2a: Frieza|Scale Shot|p1a: 水晶棺
|-damage|p1a: 水晶棺|13/100 slp
|-damage|p1a: 水晶棺|8/100 slp
|-damage|p1a: 水晶棺|4/100 slp
|-damage|p1a: 水晶棺|0 fnt
|faint|p1a: 水晶棺
|-hitcount|p1: 水晶棺|4
|-unboost|p2a: Frieza|def|1
|-boost|p2a: Frieza|spe|1
|
|-sideend|p2: OP Earthquakes|move: Tailwind
|upkeep
|
|t:|1776127430
|switch|p1a: 江母狗|Ogerpon-Wellspring, F|100/100
|turn|38
|c|☆miaoTV-青|gg
|c|☆OP Earthquakes|Gg
|c|☆miaoTV-青|so lucky
|
|t:|1776127446
|move|p2a: Frieza|Freeze-Dry|p1a: 江母狗
|-supereffective|p1a: 江母狗
|-damage|p1a: 江母狗|0 fnt
|faint|p1a: 江母狗
|
|win|OP Earthquakes
|raw|miaoTV-青's rating: 1785 &rarr; <strong>1763</strong><br />(-22 for losing)
|raw|OP Earthquakes's rating: 1745 &rarr; <strong>1767</strong><br />(+22 for winning)
|l|☆miaoTV-青
|player|p1|
