|html|<div class="broadcast-blue"><strong>[Gen 9] OU is currently suspecting Volcarona! For information on how to participate check out the <a href="https://www.smogon.com/tools/suspects/view/208">suspect thread</a>.</strong></div>
|j|☆jonesy42
|j|☆Spikenard
|t:|1778513164
|gametype|singles
|player|p1|jonesy42|169|1358
|player|p2|Spikenard|erika-masters|1408
|gen|9
|tier|[Gen 9] OU
|rated|
|rule|HP Percentage Mod: HP is shown in percentages
|rule|Endless Battle Clause: Forcing endless battles is banned
|rule|Species Clause: Limit one of each Pokémon
|rule|OHKO Clause: OHKO moves are banned
|rule|Evasion Items Clause: Evasion items are banned
|rule|Evasion Moves Clause: Evasion moves are banned
|rule|Evasion Abilities Clause: Evasion abilities are banned
|rule|Sleep Moves Clause: Sleep-inducing moves are banned
|clearpoke
|poke|p1|Darkrai|
|poke|p1|Slowking-Galar, M|
|poke|p1|Alomomola, F|
|poke|p1|Great Tusk|
|poke|p1|Heatran, F|
|poke|p1|Dragonite, M|
|poke|p2|Cinderace, M|
|poke|p2|Hatterene, F|
|poke|p2|Raging Bolt|
|poke|p2|Kingambit, M|
|poke|p2|Vileplume, F|
|poke|p2|Hoopa-Unbound|
|teampreview
|
|t:|1778513177
|teamsize|p1|6
|teamsize|p2|6
|start
|switch|p1a: Heatran|Heatran, F|100/100
|switch|p2a: Hoopa|Hoopa-Unbound|100/100
|turn|1
|inactive|Battle timer is ON: inactive players will automatically lose when time's up. (requested by jonesy42)
|
|t:|1778513185
|move|p1a: Heatran|Magma Storm|p2a: Hoopa
|-damage|p2a: Hoopa|80/100
|-activate|p2a: Hoopa|move: Magma Storm|[of] p1a: Heatran
|move|p2a: Hoopa|Knock Off|p1a: Heatran
|-crit|p1a: Heatran
|-damage|p1a: Heatran|50/100
|-enditem|p1a: Heatran|Leftovers|[from] move: Knock Off|[of] p2a: Hoopa
|
|-damage|p2a: Hoopa|67/100|[from] move: Magma Storm|[partiallytrapped]
|upkeep
|turn|2
|
|t:|1778513194
|move|p1a: Heatran|Protect|p1a: Heatran
|-singleturn|p1a: Heatran|Protect
|move|p2a: Hoopa|Drain Punch|p1a: Heatran
|-activate|p1a: Heatran|move: Protect
|
|-damage|p2a: Hoopa|55/100|[from] move: Magma Storm|[partiallytrapped]
|upkeep
|turn|3
|
|t:|1778513200
|switch|p1a: Alomomola|Alomomola, F|100/100
|move|p2a: Hoopa|Knock Off|p1a: Alomomola
|-damage|p1a: Alomomola|76/100
|-damage|p2a: Hoopa|38/100|[from] item: Rocky Helmet|[of] p1a: Alomomola
|-enditem|p1a: Alomomola|Rocky Helmet|[from] move: Knock Off|[of] p2a: Hoopa
|
|-end|p2a: Hoopa|Magma Storm|[partiallytrapped]|[silent]
|upkeep
|turn|4
|
|t:|1778513208
|move|p2a: Hoopa|Thunderbolt|p1a: Alomomola
|-supereffective|p1a: Alomomola
|-damage|p1a: Alomomola|0 fnt
|faint|p1a: Alomomola
|
|upkeep
|
|t:|1778513212
|switch|p1a: Darkrai|Darkrai|100/100
|turn|5
|
|t:|1778513224
|move|p1a: Darkrai|Sludge Bomb|p2a: Hoopa
|-damage|p2a: Hoopa|15/100
|move|p2a: Hoopa|Drain Punch|p1a: Darkrai
|-supereffective|p1a: Darkrai
|-damage|p1a: Darkrai|36/100
|-heal|p2a: Hoopa|40/100|[from] drain|[of] p1a: Darkrai
|
|upkeep
|turn|6
|
|t:|1778513232
|switch|p1a: Great Tusk|Great Tusk|100/100
|-enditem|p1a: Great Tusk|Booster Energy
|-activate|p1a: Great Tusk|ability: Protosynthesis|[fromitem]
|-start|p1a: Great Tusk|protosynthesisatk
|move|p2a: Hoopa|Drain Punch|p1a: Great Tusk
|-crit|p1a: Great Tusk
|-damage|p1a: Great Tusk|70/100
|-heal|p2a: Hoopa|56/100|[from] drain|[of] p1a: Great Tusk
|
|upkeep
|turn|7
|
|t:|1778513242
|switch|p2a: Vileplume|Vileplume, F|100/100
|move|p1a: Great Tusk|Headlong Rush|p2a: Vileplume
|-damage|p2a: Vileplume|38/100
|-unboost|p1a: Great Tusk|def|1
|-unboost|p1a: Great Tusk|spd|1
|-damage|p1a: Great Tusk|53/100|[from] item: Rocky Helmet|[of] p2a: Vileplume
|
|upkeep
|turn|8
|
|t:|1778513252
|move|p1a: Great Tusk|Ice Spinner|p2a: Vileplume
|-supereffective|p2a: Vileplume
|-damage|p2a: Vileplume|0 fnt
|-damage|p1a: Great Tusk|37/100|[from] item: Rocky Helmet|[of] p2a: Vileplume
|faint|p2a: Vileplume
|
|upkeep
|
|t:|1778513262
|switch|p2a: Cinderace|Cinderace, M|100/100
|turn|9
|
|t:|1778513276
|-end|p1a: Great Tusk|Protosynthesis|[silent]
|switch|p1a: Slowking|Slowking-Galar, M|100/100
|move|p2a: Cinderace|U-turn|p1a: Slowking
|-start|p2a: Cinderace|typechange|Bug|[from] ability: Libero
|-damage|p1a: Slowking|64/100
|
|t:|1778513284
|switch|p2a: Hoopa|Hoopa-Unbound|56/100|[from] U-turn
|
|-heal|p1a: Slowking|70/100|[from] item: Leftovers
|upkeep
|turn|10
|
|t:|1778513290
|move|p2a: Hoopa|Knock Off|p1a: Slowking
|-supereffective|p1a: Slowking
|-damage|p1a: Slowking|0 fnt
|-enditem|p1a: Slowking|Leftovers|[from] move: Knock Off|[of] p2a: Hoopa
|faint|p1a: Slowking
|
|upkeep
|
|t:|1778513292
|switch|p1a: Great Tusk|Great Tusk|37/100
|turn|11
|
|t:|1778513300
|switch|p2a: Hatterene|Hatterene, F|100/100
|-terastallize|p1a: Great Tusk|Ground
|move|p1a: Great Tusk|Headlong Rush|p2a: Hatterene
|-damage|p2a: Hatterene|31/100
|-unboost|p1a: Great Tusk|def|1
|-unboost|p1a: Great Tusk|spd|1
|
|-heal|p2a: Hatterene|37/100|[from] item: Leftovers
|upkeep
|turn|12
|
|t:|1778513312
|move|p1a: Great Tusk|Headlong Rush|p2a: Hatterene
|-damage|p2a: Hatterene|0 fnt
|-unboost|p1a: Great Tusk|def|1
|-unboost|p1a: Great Tusk|spd|1
|faint|p2a: Hatterene
|
|upkeep
|
|t:|1778513316
|switch|p2a: Cinderace|Cinderace, M|100/100
|turn|13
|
|t:|1778513324
|-end|p1a: Great Tusk|Protosynthesis|[silent]
|switch|p1a: Heatran|Heatran, F|50/100
|move|p2a: Cinderace|Pyro Ball|p1a: Heatran
|-damage|p1a: Heatran|10/100
|
|upkeep
|turn|14
|
|t:|1778513331
|move|p2a: Cinderace|Pyro Ball|p1a: Heatran
|-damage|p1a: Heatran|0 fnt
|faint|p1a: Heatran
|
|upkeep
|
|t:|1778513335
|switch|p1a: Dragonite|Dragonite, M|100/100
|turn|15
|
|t:|1778513341
|move|p2a: Cinderace|U-turn|p1a: Dragonite
|-start|p2a: Cinderace|typechange|Bug|[from] ability: Libero
|-resisted|p1a: Dragonite
|-crit|p1a: Dragonite
|-damage|p1a: Dragonite|89/100
|
|t:|1778513353
|switch|p2a: Hoopa|Hoopa-Unbound|56/100|[from] U-turn
|move|p1a: Dragonite|Dragon Dance|p1a: Dragonite
|-boost|p1a: Dragonite|atk|1
|-boost|p1a: Dragonite|spe|1
|
|-heal|p1a: Dragonite|95/100|[from] item: Leftovers
|upkeep
|turn|16
|
|t:|1778513371
|move|p1a: Dragonite|Dragon Dance|p1a: Dragonite
|-boost|p1a: Dragonite|atk|1
|-boost|p1a: Dragonite|spe|1
|move|p2a: Hoopa|Knock Off|p1a: Dragonite
|-damage|p1a: Dragonite|52/100
|-enditem|p1a: Dragonite|Leftovers|[from] move: Knock Off|[of] p2a: Hoopa
|
|upkeep
|turn|17
|
|t:|1778513378
|move|p1a: Dragonite|Roost|p1a: Dragonite
|-heal|p1a: Dragonite|100/100
|-singleturn|p1a: Dragonite|move: Roost
|move|p2a: Hoopa|Psychic Noise|p1a: Dragonite
|-damage|p1a: Dragonite|81/100
|-start|p1a: Dragonite|move: Heal Block
|
|upkeep
|turn|18
|
|t:|1778513387
|move|p1a: Dragonite|Dragon Dance|p1a: Dragonite
|-boost|p1a: Dragonite|atk|1
|-boost|p1a: Dragonite|spe|1
|move|p2a: Hoopa|Psychic Noise|p1a: Dragonite
|-damage|p1a: Dragonite|42/100
|
|-end|p1a: Dragonite|move: Heal Block
|upkeep
|turn|19
|
|t:|1778513391
|move|p1a: Dragonite|Earthquake|p2a: Hoopa
|-damage|p2a: Hoopa|0 fnt
|faint|p2a: Hoopa
|
|upkeep
|
|t:|1778513397
|switch|p2a: Kingambit|Kingambit, M|100/100
|-activate|p2a: Kingambit|ability: Supreme Overlord
|-start|p2a: Kingambit|fallen3|[silent]
|turn|20
|
|t:|1778513401
|-terastallize|p2a: Kingambit|Flying
|move|p1a: Dragonite|Earthquake|p2a: Kingambit
|-immune|p2a: Kingambit
|move|p2a: Kingambit|Kowtow Cleave|p1a: Dragonite
|-damage|p1a: Dragonite|0 fnt
|faint|p1a: Dragonite
|
|upkeep
|
|t:|1778513408
|switch|p1a: Great Tusk|Great Tusk, tera:Ground|37/100
|turn|21
|
|t:|1778513414
|move|p2a: Kingambit|Sucker Punch|p1a: Great Tusk
|-damage|p1a: Great Tusk|0 fnt
|faint|p1a: Great Tusk
|-end|p1a: Great Tusk|Protosynthesis|[silent]
|
|upkeep
|
|t:|1778513417
|switch|p1a: Darkrai|Darkrai|36/100
|turn|22
|
|t:|1778513421
|move|p1a: Darkrai|Ice Beam|p2a: Kingambit
|-supereffective|p2a: Kingambit
|-damage|p2a: Kingambit|0 fnt
|faint|p2a: Kingambit
|-end|p2a: Kingambit|fallen3|[silent]
|
|upkeep
|
|t:|1778513427
|switch|p2a: Cinderace|Cinderace, M|100/100
|turn|23
|
|t:|1778513431
|move|p1a: Darkrai|Ice Beam|p2a: Cinderace
|-resisted|p2a: Cinderace
|-damage|p2a: Cinderace|67/100
|move|p2a: Cinderace|Pyro Ball|p1a: Darkrai
|-damage|p1a: Darkrai|0 fnt
|faint|p1a: Darkrai
|
|win|Spikenard
|raw|jonesy42's rating: 1358 &rarr; <strong>1341</strong><br />(-17 for losing)
|raw|Spikenard's rating: 1408 &rarr; <strong>1425</strong><br />(+17 for winning)
|l|☆jonesy42
|player|p1|
|l|☆Spikenard
|player|p2|
