|html|<div class="broadcast-blue"><strong>[Gen 9] OU is currently suspecting Tera Blast! For information on how to participate check out the <a href="https://www.smogon.com/tools/suspects/view/200">suspect thread</a>.</strong></div>
|j|‽1200s chud
|j|☆geckoflaquee
|t:|1776294058
|gametype|singles
|player|p1|1200s chud|drayton|1636
|player|p2|geckoflaquee|iris|1574
|gen|9
|tier|[Gen 9] OU
|rated|
|rule|HP Percentage Mod: HP is shown in percentages
|rule|Endless Battle Clause: Forcing endless battles is banned
|rule|Species Clause: Limit one of each Pokémon
|rule|OHKO Clause: OHKO moves are banned
|rule|Evasion Items Clause: Evasion items are banned
|rule|Evasion Moves Clause: Evasion moves are banned
|rule|Evasion Abilities Clause: Evasion abilities are banned
|rule|Sleep Moves Clause: Sleep-inducing moves are banned
|clearpoke
|poke|p1|Araquanid, F|
|poke|p1|Latios, M|
|poke|p1|Kingambit, F|
|poke|p1|Glimmora, M|
|poke|p1|Excadrill, M|
|poke|p1|Clefable, F|
|poke|p2|Torkoal, F|
|poke|p2|Walking Wake|
|poke|p2|Venusaur, M|
|poke|p2|Great Tusk|
|poke|p2|Slither Wing|
|poke|p2|Raging Bolt|
|teampreview
|inactive|Battle timer is ON: inactive players will automatically lose when time's up. (requested by 1200s chud)
|
|t:|1776294087
|teamsize|p1|6
|teamsize|p2|6
|start
|switch|p1a: Latios|Latios, M|100/100
|switch|p2a: Raging Bolt|Raging Bolt|100/100
|turn|1
|j| North Ryder
|
|t:|1776294116
|switch|p1a: Excadrill|Excadrill, M|100/100
|-ability|p1a: Excadrill|Mold Breaker
|-item|p1a: Excadrill|Air Balloon
|move|p2a: Raging Bolt|Draco Meteor|p1a: Excadrill
|-resisted|p1a: Excadrill
|-damage|p1a: Excadrill|52/100
|-unboost|p2a: Raging Bolt|spa|2
|-enditem|p1a: Excadrill|Air Balloon
|
|upkeep
|turn|2
|
|t:|1776294137
|-end|p2a: Raging Bolt|Protosynthesis|[silent]
|switch|p2a: Slither Wing|Slither Wing|100/100
|move|p1a: Excadrill|Earthquake|p2a: Slither Wing
|-resisted|p2a: Slither Wing
|-damage|p2a: Slither Wing|65/100
|
|upkeep
|turn|3
|inactive|1200s chud has 120 seconds left.
|
|t:|1776294158
|switch|p1a: Araquanid|Araquanid, F, shiny|100/100
|move|p2a: Slither Wing|U-turn|p1a: Araquanid
|-damage|p1a: Araquanid|32/100
|
|t:|1776294164
|-end|p2a: Slither Wing|Protosynthesis|[silent]
|switch|p2a: Raging Bolt|Raging Bolt|100/100|[from] U-turn
|
|upkeep
|turn|4
|
|t:|1776294176
|switch|p1a: Clefable|Clefable, F|100/100
|move|p2a: Raging Bolt|Draco Meteor|p1a: Clefable
|-immune|p1a: Clefable
|
|upkeep
|turn|5
|inactive|1200s chud has 120 seconds left.
|
|t:|1776294195
|-end|p2a: Raging Bolt|Protosynthesis|[silent]
|switch|p2a: Torkoal|Torkoal, F, shiny|100/100
|-weather|SunnyDay|[from] ability: Drought|[of] p2a: Torkoal
|move|p1a: Clefable|Calm Mind|p1a: Clefable
|-boost|p1a: Clefable|spa|1
|-boost|p1a: Clefable|spd|1
|
|-weather|SunnyDay|[upkeep]
|upkeep
|turn|6
|
|t:|1776294202
|switch|p2a: Slither Wing|Slither Wing|65/100
|-activate|p2a: Slither Wing|ability: Protosynthesis
|-start|p2a: Slither Wing|protosynthesisatk
|move|p1a: Clefable|Calm Mind|p1a: Clefable
|-boost|p1a: Clefable|spa|1
|-boost|p1a: Clefable|spd|1
|
|-weather|SunnyDay|[upkeep]
|upkeep
|turn|7
|
|t:|1776294218
|-terastallize|p1a: Clefable|Water
|move|p2a: Slither Wing|Flare Blitz|p1a: Clefable
|-resisted|p1a: Clefable
|-damage|p1a: Clefable|51/100
|-damage|p2a: Slither Wing|45/100|[from] Recoil
|move|p1a: Clefable|Moonblast|p2a: Slither Wing
|-supereffective|p2a: Slither Wing
|-damage|p2a: Slither Wing|0 fnt
|faint|p2a: Slither Wing
|-end|p2a: Slither Wing|Protosynthesis|[silent]
|
|-weather|SunnyDay|[upkeep]
|upkeep
|
|t:|1776294221
|switch|p2a: Great Tusk|Great Tusk|100/100
|-activate|p2a: Great Tusk|ability: Protosynthesis
|-start|p2a: Great Tusk|protosynthesisspe
|turn|8
|
|t:|1776294228
|move|p2a: Great Tusk|Headlong Rush|p1a: Clefable
|-damage|p1a: Clefable|9/100
|-unboost|p2a: Great Tusk|def|1
|-unboost|p2a: Great Tusk|spd|1
|move|p1a: Clefable|Moonlight|p1a: Clefable
|-heal|p1a: Clefable|76/100
|
|-weather|SunnyDay|[upkeep]
|upkeep
|turn|9
|
|t:|1776294242
|-end|p2a: Great Tusk|Protosynthesis|[silent]
|switch|p2a: Torkoal|Torkoal, F, shiny|100/100
|move|p1a: Clefable|Moonlight|p1a: Clefable
|-heal|p1a: Clefable|100/100
|
|-weather|SunnyDay|[upkeep]
|upkeep
|turn|10
|
|t:|1776294246
|move|p1a: Clefable|Moonblast|p2a: Torkoal
|-resisted|p2a: Torkoal
|-damage|p2a: Torkoal|60/100
|move|p2a: Torkoal|Eruption|p1a: Clefable
|-resisted|p1a: Clefable
|-damage|p1a: Clefable|88/100
|
|-weather|SunnyDay|[upkeep]
|upkeep
|turn|11
|
|t:|1776294253
|move|p1a: Clefable|Calm Mind|p1a: Clefable
|-boost|p1a: Clefable|spa|1
|-boost|p1a: Clefable|spd|1
|move|p2a: Torkoal|Lava Plume|p1a: Clefable
|-resisted|p1a: Clefable
|-damage|p1a: Clefable|78/100
|-status|p1a: Clefable|brn
|
|-weather|SunnyDay|[upkeep]
|-damage|p1a: Clefable|72/100 brn|[from] brn
|upkeep
|turn|12
|
|t:|1776294261
|switch|p2a: Venusaur|Venusaur, M|100/100
|move|p1a: Clefable|Calm Mind|p1a: Clefable
|-boost|p1a: Clefable|spa|1
|-boost|p1a: Clefable|spd|1
|
|-weather|none
|-damage|p1a: Clefable|66/100 brn|[from] brn
|upkeep
|turn|13
|
|t:|1776294267
|switch|p2a: Torkoal|Torkoal, F, shiny|60/100
|-weather|SunnyDay|[from] ability: Drought|[of] p2a: Torkoal
|move|p1a: Clefable|Moonlight|p1a: Clefable
|-heal|p1a: Clefable|100/100 brn
|
|-weather|SunnyDay|[upkeep]
|-damage|p1a: Clefable|94/100 brn|[from] brn
|upkeep
|turn|14
|
|t:|1776294273
|move|p1a: Clefable|Calm Mind|p1a: Clefable
|-boost|p1a: Clefable|spa|1
|-boost|p1a: Clefable|spd|1
|move|p2a: Torkoal|Stealth Rock|p1a: Clefable
|-sidestart|p1: 1200s chud|move: Stealth Rock
|
|-weather|SunnyDay|[upkeep]
|-damage|p1a: Clefable|88/100 brn|[from] brn
|upkeep
|turn|15
|
|t:|1776294275
|move|p1a: Clefable|Moonblast|p2a: Torkoal
|-resisted|p2a: Torkoal
|-damage|p2a: Torkoal|0 fnt
|faint|p2a: Torkoal
|
|-weather|SunnyDay|[upkeep]
|-damage|p1a: Clefable|82/100 brn|[from] brn
|upkeep
|
|t:|1776294278
|switch|p2a: Venusaur|Venusaur, M|100/100
|turn|16
|
|t:|1776294284
|move|p2a: Venusaur|Growth|p2a: Venusaur
|-boost|p2a: Venusaur|atk|2
|-boost|p2a: Venusaur|spa|2
|move|p1a: Clefable|Moonlight|p1a: Clefable
|-heal|p1a: Clefable|100/100 brn
|
|-weather|SunnyDay|[upkeep]
|-damage|p1a: Clefable|94/100 brn|[from] brn
|upkeep
|turn|17
|
|t:|1776294288
|move|p2a: Venusaur|Giga Drain|p1a: Clefable
|-supereffective|p1a: Clefable
|-damage|p1a: Clefable|72/100 brn
|-damage|p2a: Venusaur|91/100|[from] item: Life Orb
|move|p1a: Clefable|Flamethrower|p2a: Venusaur
|-supereffective|p2a: Venusaur
|-damage|p2a: Venusaur|0 fnt
|faint|p2a: Venusaur
|
|-weather|SunnyDay|[upkeep]
|-damage|p1a: Clefable|66/100 brn|[from] brn
|upkeep
|
|t:|1776294291
|switch|p2a: Great Tusk|Great Tusk|100/100
|-activate|p2a: Great Tusk|ability: Protosynthesis
|-start|p2a: Great Tusk|protosynthesisspe
|turn|18
|
|t:|1776294293
|-terastallize|p2a: Great Tusk|Poison
|move|p2a: Great Tusk|Bulk Up|p2a: Great Tusk
|-boost|p2a: Great Tusk|atk|1
|-boost|p2a: Great Tusk|def|1
|move|p1a: Clefable|Moonlight|p1a: Clefable
|-heal|p1a: Clefable|100/100 brn
|
|-weather|SunnyDay|[upkeep]
|-damage|p1a: Clefable|94/100 brn|[from] brn
|upkeep
|turn|19
|
|t:|1776294298
|move|p2a: Great Tusk|Headlong Rush|p1a: Clefable
|-damage|p1a: Clefable|57/100 brn
|-unboost|p2a: Great Tusk|def|1
|-unboost|p2a: Great Tusk|spd|1
|move|p1a: Clefable|Flamethrower|p2a: Great Tusk
|-damage|p2a: Great Tusk|0 fnt
|faint|p2a: Great Tusk
|-end|p2a: Great Tusk|Protosynthesis|[silent]
|
|-weather|SunnyDay|[upkeep]
|-damage|p1a: Clefable|51/100 brn|[from] brn
|upkeep
|
|t:|1776294300
|switch|p2a: Walking Wake|Walking Wake|100/100
|-activate|p2a: Walking Wake|ability: Protosynthesis
|-start|p2a: Walking Wake|protosynthesisspe
|turn|20
|
|t:|1776294303
|move|p2a: Walking Wake|Draco Meteor|p1a: Clefable
|-damage|p1a: Clefable|23/100 brn
|-unboost|p2a: Walking Wake|spa|2
|move|p1a: Clefable|Moonlight|p1a: Clefable
|-heal|p1a: Clefable|89/100 brn
|
|-weather|none
|-end|p2a: Walking Wake|Protosynthesis
|-damage|p1a: Clefable|83/100 brn|[from] brn
|upkeep
|turn|21
|-message|geckoflaquee forfeited.
|
|win|1200s chud
|raw|1200s chud's rating: 1636 &rarr; <strong>1652</strong><br />(+16 for winning)
|raw|geckoflaquee's rating: 1574 &rarr; <strong>1558</strong><br />(-16 for losing)
|l|☆geckoflaquee
|player|p2|
|l| North Ryder
