|html|<div class="broadcast-blue"><strong>[Gen 9] OU is currently suspecting Tera Blast! For information on how to participate check out the <a href="https://www.smogon.com/tools/suspects/view/200">suspect thread</a>.</strong></div>
|j|☆Salutethewolf
|j|☆slumbering beetle
|t:|1776180894
|gametype|singles
|player|p1|Salutethewolf|hugh|1455
|player|p2|slumbering beetle|169|1429
|gen|9
|tier|[Gen 9] OU
|rated|
|rule|HP Percentage Mod: HP is shown in percentages
|rule|Endless Battle Clause: Forcing endless battles is banned
|rule|Species Clause: Limit one of each Pokémon
|rule|OHKO Clause: OHKO moves are banned
|rule|Evasion Items Clause: Evasion items are banned
|rule|Evasion Moves Clause: Evasion moves are banned
|rule|Evasion Abilities Clause: Evasion abilities are banned
|rule|Sleep Moves Clause: Sleep-inducing moves are banned
|clearpoke
|poke|p1|Ninetales, M|
|poke|p1|Entei|
|poke|p1|Rotom-Heat|
|poke|p1|Glimmora, F|
|poke|p1|Walking Wake|
|poke|p1|Rillaboom, M|
|poke|p2|Zamazenta-*|
|poke|p2|Dragonite, F|
|poke|p2|Kingambit, M|
|poke|p2|Glimmora, F|
|poke|p2|Hatterene, F|
|poke|p2|Ogerpon-Wellspring, F|
|teampreview
|j| ohko_smeargle
|inactive|Battle timer is ON: inactive players will automatically lose when time's up. (requested by Salutethewolf)
|inactive|slumbering beetle has 120 seconds left.
|
|t:|1776180949
|teamsize|p1|6
|teamsize|p2|6
|start
|switch|p1a: Glimmora|Glimmora, F|100/100
|switch|p2a: Zamazenta|Zamazenta|100/100
|-ability|p2a: Zamazenta|Dauntless Shield|boost
|-boost|p2a: Zamazenta|def|1
|turn|1
|
|t:|1776180959
|move|p2a: Zamazenta|Close Combat|p1a: Glimmora
|-damage|p1a: Glimmora|40/100
|-unboost|p2a: Zamazenta|def|1
|-unboost|p2a: Zamazenta|spd|1
|-activate|p1a: Glimmora|ability: Toxic Debris
|-sidestart|p2: slumbering beetle|move: Toxic Spikes
|move|p1a: Glimmora|Meteor Beam||[still]
|-prepare|p1a: Glimmora|Meteor Beam
|-boost|p1a: Glimmora|spa|1
|-enditem|p1a: Glimmora|Power Herb
|-anim|p1a: Glimmora|Meteor Beam|p2a: Zamazenta
|-resisted|p2a: Zamazenta
|-damage|p2a: Zamazenta|46/100
|
|upkeep
|turn|2
|
|t:|1776180983
|-terastallize|p1a: Glimmora|Ghost
|move|p2a: Zamazenta|Close Combat|p1a: Glimmora
|-immune|p1a: Glimmora
|move|p1a: Glimmora|Sludge Wave|p2a: Zamazenta
|-damage|p2a: Zamazenta|0 fnt
|faint|p2a: Zamazenta
|
|upkeep
|
|t:|1776180991
|switch|p2a: Kingambit|Kingambit, M|100/100
|-activate|p2a: Kingambit|ability: Supreme Overlord
|-start|p2a: Kingambit|fallen1|[silent]
|turn|3
|
|t:|1776180998
|move|p1a: Glimmora|Stealth Rock|p2a: Kingambit
|-sidestart|p2: slumbering beetle|move: Stealth Rock
|move|p2a: Kingambit|Kowtow Cleave|p1a: Glimmora
|-supereffective|p1a: Glimmora
|-damage|p1a: Glimmora|0 fnt
|-activate|p1a: Glimmora|ability: Toxic Debris
|-sidestart|p2: slumbering beetle|move: Toxic Spikes
|faint|p1a: Glimmora
|
|upkeep
|inactive|Salutethewolf has 120 seconds left.
|
|t:|1776181031
|switch|p1a: Rotom|Rotom-Heat|100/100
|turn|4
|inactive|Salutethewolf has 120 seconds left.
|
|t:|1776181039
|-end|p2a: Kingambit|fallen1|[silent]
|switch|p2a: Glimmora|Glimmora, F|100/100
|-sideend|p2: slumbering beetle|move: Toxic Spikes|[of] p2a: Glimmora
|-damage|p2a: Glimmora|88/100|[from] Stealth Rock
|move|p1a: Rotom|Volt Switch|p2a: Glimmora
|-damage|p2a: Glimmora|56/100
|inactive|Salutethewolf has 120 seconds left.
|
|t:|1776181049
|switch|p1a: Walking Wake|Walking Wake|100/100|[from] Volt Switch
|
|upkeep
|turn|5
|inactive|Salutethewolf has 120 seconds left.
|
|t:|1776181065
|switch|p2a: Ogerpon|Ogerpon-Wellspring, F|100/100
|-damage|p2a: Ogerpon|88/100|[from] Stealth Rock
|move|p1a: Walking Wake|Draco Meteor|p2a: Ogerpon
|-crit|p2a: Ogerpon
|-damage|p2a: Ogerpon|0 fnt
|-unboost|p1a: Walking Wake|spa|2
|faint|p2a: Ogerpon
|-damage|p1a: Walking Wake|91/100|[from] item: Life Orb
|
|upkeep
|
|t:|1776181084
|switch|p2a: Kingambit|Kingambit, M|100/100
|-damage|p2a: Kingambit|94/100|[from] Stealth Rock
|-activate|p2a: Kingambit|ability: Supreme Overlord
|-start|p2a: Kingambit|fallen2|[silent]
|turn|6
|
|t:|1776181092
|move|p1a: Walking Wake|Flip Turn|p2a: Kingambit
|-damage|p2a: Kingambit|77/100
|-damage|p1a: Walking Wake|81/100|[from] item: Life Orb
|
|t:|1776181097
|-end|p1a: Walking Wake|Protosynthesis|[silent]
|switch|p1a: Rotom|Rotom-Heat|100/100|[from] Flip Turn
|move|p2a: Kingambit|Swords Dance|p2a: Kingambit
|-boost|p2a: Kingambit|atk|2
|
|-heal|p2a: Kingambit|83/100|[from] item: Leftovers
|upkeep
|turn|7
|
|t:|1776181110
|move|p2a: Kingambit|Sucker Punch||[still]
|-fail|p2a: Kingambit
|move|p1a: Rotom|Will-O-Wisp|p2a: Kingambit
|-status|p2a: Kingambit|brn
|
|-heal|p2a: Kingambit|89/100 brn|[from] item: Leftovers
|-damage|p2a: Kingambit|83/100 brn|[from] brn
|upkeep
|turn|8
|
|t:|1776181129
|move|p2a: Kingambit|Sucker Punch|p1a: Rotom
|-damage|p1a: Rotom|66/100
|move|p1a: Rotom|Overheat|p2a: Kingambit|[miss]
|-miss|p1a: Rotom|p2a: Kingambit
|
|-heal|p2a: Kingambit|89/100 brn|[from] item: Leftovers
|-damage|p2a: Kingambit|83/100 brn|[from] brn
|upkeep
|turn|9
|inactive|Salutethewolf has 120 seconds left.
|
|t:|1776181161
|move|p2a: Kingambit|Sucker Punch|p1a: Rotom
|-damage|p1a: Rotom|29/100
|move|p1a: Rotom|Volt Switch|p2a: Kingambit
|-damage|p2a: Kingambit|54/100 brn
|
|t:|1776181184
|switch|p1a: Ninetales|Ninetales, M|100/100|[from] Volt Switch
|-weather|SunnyDay|[from] ability: Drought|[of] p1a: Ninetales
|
|-weather|SunnyDay|[upkeep]
|-heal|p2a: Kingambit|60/100 brn|[from] item: Leftovers
|-damage|p2a: Kingambit|54/100 brn|[from] brn
|upkeep
|turn|10
|
|t:|1776181196
|-end|p2a: Kingambit|fallen2|[silent]
|switch|p2a: Glimmora|Glimmora, F|56/100
|-damage|p2a: Glimmora|43/100|[from] Stealth Rock
|move|p1a: Ninetales|Overheat|p2a: Glimmora
|-resisted|p2a: Glimmora
|-damage|p2a: Glimmora|8/100
|-unboost|p1a: Ninetales|spa|2
|
|-weather|SunnyDay|[upkeep]
|upkeep
|turn|11
|
|t:|1776181213
|move|p2a: Glimmora|Mortal Spin|p1a: Ninetales
|-damage|p1a: Ninetales|93/100
|-status|p1a: Ninetales|psn
|-sideend|p2: slumbering beetle|Stealth Rock|[from] move: Mortal Spin|[of] p2a: Glimmora
|move|p1a: Ninetales|Overheat|p2a: Glimmora
|-resisted|p2a: Glimmora
|-crit|p2a: Glimmora
|-damage|p2a: Glimmora|0 fnt
|-unboost|p1a: Ninetales|spa|2
|faint|p2a: Glimmora
|
|-weather|SunnyDay|[upkeep]
|-damage|p1a: Ninetales|80/100 psn|[from] psn
|upkeep
|
|t:|1776181225
|switch|p2a: Dragonite|Dragonite, F|100/100
|turn|12
|
|t:|1776181230
|move|p2a: Dragonite|Substitute|p2a: Dragonite
|-start|p2a: Dragonite|Substitute
|-damage|p2a: Dragonite|76/100
|move|p1a: Ninetales|Encore|p2a: Dragonite
|-start|p2a: Dragonite|Encore
|
|-weather|SunnyDay|[upkeep]
|-heal|p2a: Dragonite|82/100|[from] item: Leftovers
|-damage|p1a: Ninetales|68/100 psn|[from] psn
|upkeep
|turn|13
|
|t:|1776181250
|switch|p1a: Rotom|Rotom-Heat|29/100
|move|p2a: Dragonite|Substitute|p2a: Dragonite
|-fail|p2a: Dragonite|move: Substitute
|
|-weather|SunnyDay|[upkeep]
|-heal|p2a: Dragonite|88/100|[from] item: Leftovers
|upkeep
|turn|14
|
|t:|1776181261
|move|p2a: Dragonite|Substitute|p2a: Dragonite
|-fail|p2a: Dragonite|move: Substitute
|move|p1a: Rotom|Volt Switch|p2a: Dragonite
|-end|p2a: Dragonite|Substitute
|
|t:|1776181266
|switch|p1a: Walking Wake|Walking Wake|81/100|[from] Volt Switch
|-activate|p1a: Walking Wake|ability: Protosynthesis
|-start|p1a: Walking Wake|protosynthesisspe
|
|-weather|SunnyDay|[upkeep]
|-heal|p2a: Dragonite|94/100|[from] item: Leftovers
|upkeep
|turn|15
|
|t:|1776181275
|switch|p2a: Kingambit|Kingambit, M|54/100 brn
|-activate|p2a: Kingambit|ability: Supreme Overlord
|-start|p2a: Kingambit|fallen3|[silent]
|move|p1a: Walking Wake|Draco Meteor|p2a: Kingambit|[miss]
|-miss|p1a: Walking Wake|p2a: Kingambit
|
|-weather|SunnyDay|[upkeep]
|-heal|p2a: Kingambit|60/100 brn|[from] item: Leftovers
|-damage|p2a: Kingambit|54/100 brn|[from] brn
|upkeep
|turn|16
|
|t:|1776181287
|move|p1a: Walking Wake|Flamethrower|p2a: Kingambit
|-supereffective|p2a: Kingambit
|-damage|p2a: Kingambit|0 fnt
|faint|p2a: Kingambit
|-end|p2a: Kingambit|fallen3|[silent]
|-damage|p1a: Walking Wake|71/100|[from] item: Life Orb
|
|-weather|none
|-end|p1a: Walking Wake|Protosynthesis
|upkeep
|
|t:|1776181291
|switch|p2a: Hatterene|Hatterene, F|100/100
|turn|17
|
|t:|1776181303
|move|p1a: Walking Wake|Flip Turn|p2a: Hatterene
|-damage|p2a: Hatterene|82/100
|-damage|p1a: Walking Wake|62/100|[from] item: Life Orb
|
|t:|1776181308
|-end|p1a: Walking Wake|Protosynthesis|[silent]
|switch|p1a: Ninetales|Ninetales, M|68/100 psn|[from] Flip Turn
|-weather|SunnyDay|[from] ability: Drought|[of] p1a: Ninetales
|move|p2a: Hatterene|Calm Mind|p2a: Hatterene
|-boost|p2a: Hatterene|spa|1
|-boost|p2a: Hatterene|spd|1
|
|-weather|SunnyDay|[upkeep]
|-heal|p2a: Hatterene|88/100|[from] item: Leftovers
|-damage|p1a: Ninetales|56/100 psn|[from] psn
|upkeep
|turn|18
|inactive|Salutethewolf has 120 seconds left.
|
|t:|1776181320
|move|p1a: Ninetales|Healing Wish|p1a: Ninetales
|faint|p1a: Ninetales
|move|p2a: Hatterene|Calm Mind|p2a: Hatterene
|-boost|p2a: Hatterene|spa|1
|-boost|p2a: Hatterene|spd|1
|
|-weather|SunnyDay|[upkeep]
|-heal|p2a: Hatterene|94/100|[from] item: Leftovers
|upkeep
|inactive|Salutethewolf has 120 seconds left.
|
|t:|1776181329
|switch|p1a: Entei|Entei|100/100
|turn|19
|
|t:|1776181338
|move|p1a: Entei|Sacred Fire|p2a: Hatterene
|-damage|p2a: Hatterene|6/100
|-status|p2a: Hatterene|brn
|move|p2a: Hatterene|Psyshock|p1a: Entei
|-damage|p1a: Entei|25/100
|
|-weather|SunnyDay|[upkeep]
|-heal|p2a: Hatterene|12/100 brn|[from] item: Leftovers
|-damage|p2a: Hatterene|6/100 brn|[from] brn
|upkeep
|turn|20
|
|t:|1776181351
|switch|p1a: Walking Wake|Walking Wake|62/100
|-heal|p1a: Walking Wake|100/100|[from] move: Healing Wish
|-activate|p1a: Walking Wake|ability: Protosynthesis
|-start|p1a: Walking Wake|protosynthesisspe
|move|p2a: Hatterene|Psyshock|p1a: Walking Wake
|-damage|p1a: Walking Wake|20/100
|
|-weather|SunnyDay|[upkeep]
|-heal|p2a: Hatterene|12/100 brn|[from] item: Leftovers
|-damage|p2a: Hatterene|6/100 brn|[from] brn
|upkeep
|turn|21
|
|t:|1776181370
|move|p1a: Walking Wake|Hydro Steam|p2a: Hatterene
|-damage|p2a: Hatterene|0 fnt
|faint|p2a: Hatterene
|-damage|p1a: Walking Wake|10/100|[from] item: Life Orb
|
|-weather|SunnyDay|[upkeep]
|upkeep
|
|t:|1776181372
|switch|p2a: Dragonite|Dragonite, F|94/100
|turn|22
|
|t:|1776181379
|-terastallize|p2a: Dragonite|Flying
|move|p1a: Walking Wake|Draco Meteor|p2a: Dragonite
|-damage|p2a: Dragonite|5/100
|-unboost|p1a: Walking Wake|spa|2
|-damage|p1a: Walking Wake|0 fnt|[from] item: Life Orb
|faint|p1a: Walking Wake
|-end|p1a: Walking Wake|Protosynthesis|[silent]
|move|p2a: Dragonite|Dragon Dance|p2a: Dragonite
|-boost|p2a: Dragonite|atk|1
|-boost|p2a: Dragonite|spe|1
|
|-weather|SunnyDay|[upkeep]
|-heal|p2a: Dragonite|11/100|[from] item: Leftovers
|upkeep
|
|t:|1776181398
|switch|p1a: Entei|Entei|25/100
|turn|23
|
|t:|1776181403
|move|p1a: Entei|Extreme Speed|p2a: Dragonite
|-damage|p2a: Dragonite|0 fnt
|faint|p2a: Dragonite
|
|win|Salutethewolf
|raw|Salutethewolf's rating: 1455 &rarr; <strong>1474</strong><br />(+19 for winning)
|raw|slumbering beetle's rating: 1429 &rarr; <strong>1410</strong><br />(-19 for losing)
|l| ohko_smeargle
|l|☆slumbering beetle
|player|p2|
|l|☆Salutethewolf
|player|p1|
|j|☆Salutethewolf
|player|p1|Salutethewolf|hugh|
