|html|<div class="broadcast-blue"><strong>[Gen 9] OU is currently suspecting Tera Blast! For information on how to participate check out the <a href="https://www.smogon.com/tools/suspects/view/200">suspect thread</a>.</strong></div>
|j|☆pinegoddess
|j|☆mortardom
|t:|1776036460
|gametype|singles
|player|p1|pinegoddess|sabrina|1675
|player|p2|mortardom|ingo|1737
|gen|9
|tier|[Gen 9] OU
|rated|
|rule|HP Percentage Mod: HP is shown in percentages
|rule|Endless Battle Clause: Forcing endless battles is banned
|rule|Species Clause: Limit one of each Pokémon
|rule|OHKO Clause: OHKO moves are banned
|rule|Evasion Items Clause: Evasion items are banned
|rule|Evasion Moves Clause: Evasion moves are banned
|rule|Evasion Abilities Clause: Evasion abilities are banned
|rule|Sleep Moves Clause: Sleep-inducing moves are banned
|clearpoke
|poke|p1|Gholdengo|
|poke|p1|Iron Hands|
|poke|p1|Zamazenta-*|
|poke|p1|Great Tusk|
|poke|p1|Ogerpon-Wellspring, F|
|poke|p1|Samurott-Hisui, F|
|poke|p2|Sandy Shocks|
|poke|p2|Ninetales, M|
|poke|p2|Walking Wake|
|poke|p2|Hatterene, F|
|poke|p2|Lilligant-Hisui, F|
|poke|p2|Great Tusk|
|teampreview
|inactive|Battle timer is ON: inactive players will automatically lose when time's up. (requested by mortardom)
|
|t:|1776036477
|teamsize|p1|6
|teamsize|p2|6
|start
|switch|p1a: Zamazenta|Zamazenta|100/100
|switch|p2a: Sandy Shocks|Sandy Shocks|100/100
|-ability|p1a: Zamazenta|Dauntless Shield|boost
|-boost|p1a: Zamazenta|def|1
|turn|1
|
|t:|1776036485
|move|p1a: Zamazenta|Light Screen|p1a: Zamazenta
|-sidestart|p1: pinegoddess|move: Light Screen
|move|p2a: Sandy Shocks|Volt Switch|p1a: Zamazenta
|-damage|p1a: Zamazenta|82/100
|
|t:|1776036494
|-end|p2a: Sandy Shocks|Protosynthesis|[silent]
|switch|p2a: Great Tusk|Great Tusk|100/100|[from] Volt Switch
|
|upkeep
|turn|2
|
|t:|1776036498
|move|p1a: Zamazenta|Reflect|p1a: Zamazenta
|-sidestart|p1: pinegoddess|Reflect
|move|p2a: Great Tusk|Stealth Rock|p1a: Zamazenta
|-sidestart|p1: pinegoddess|move: Stealth Rock
|
|upkeep
|turn|3
|
|t:|1776036516
|switch|p1a: Great Tusk|Great Tusk|100/100
|-damage|p1a: Great Tusk|98/100|[from] Stealth Rock
|-enditem|p1a: Great Tusk|Booster Energy
|-activate|p1a: Great Tusk|ability: Protosynthesis|[fromitem]
|-start|p1a: Great Tusk|protosynthesisatk
|move|p2a: Great Tusk|Knock Off|p1a: Great Tusk
|-resisted|p1a: Great Tusk
|-damage|p1a: Great Tusk|93/100
|
|upkeep
|turn|4
|
|t:|1776036535
|-end|p2a: Great Tusk|Protosynthesis|[silent]
|switch|p2a: Ninetales|Ninetales, M|100/100
|-weather|SunnyDay|[from] ability: Drought|[of] p2a: Ninetales
|move|p1a: Great Tusk|Rapid Spin|p2a: Ninetales
|-damage|p2a: Ninetales|71/100
|-boost|p1a: Great Tusk|spe|1
|-sideend|p1: pinegoddess|Stealth Rock|[from] move: Rapid Spin|[of] p1a: Great Tusk
|
|-weather|SunnyDay|[upkeep]
|upkeep
|turn|5
|
|t:|1776036545
|switch|p2a: Hatterene|Hatterene, F|100/100
|move|p1a: Great Tusk|Headlong Rush|p2a: Hatterene
|-damage|p2a: Hatterene|39/100
|-unboost|p1a: Great Tusk|def|1
|-unboost|p1a: Great Tusk|spd|1
|-enditem|p2a: Hatterene|Eject Button
|
|t:|1776036556
|switch|p2a: Walking Wake|Walking Wake|100/100
|-activate|p2a: Walking Wake|ability: Protosynthesis
|-start|p2a: Walking Wake|protosynthesisspe
|
|-weather|SunnyDay|[upkeep]
|upkeep
|turn|6
|
|t:|1776036563
|move|p2a: Walking Wake|Hydro Steam|p1a: Great Tusk
|-supereffective|p1a: Great Tusk
|-damage|p1a: Great Tusk|0 fnt
|faint|p1a: Great Tusk
|-end|p1a: Great Tusk|Protosynthesis|[silent]
|
|-weather|SunnyDay|[upkeep]
|upkeep
|
|t:|1776036570
|switch|p1a: Samurott|Samurott-Hisui, F|100/100
|turn|7
|
|t:|1776036575
|-end|p2a: Walking Wake|Protosynthesis|[silent]
|switch|p2a: Great Tusk|Great Tusk|100/100
|-activate|p2a: Great Tusk|ability: Protosynthesis
|-start|p2a: Great Tusk|protosynthesisatk
|move|p1a: Samurott|Swords Dance|p1a: Samurott
|-boost|p1a: Samurott|atk|2
|
|-weather|SunnyDay|[upkeep]
|upkeep
|turn|8
|
|t:|1776036595
|move|p2a: Great Tusk|Stealth Rock|p1a: Samurott
|-sidestart|p1: pinegoddess|move: Stealth Rock
|move|p1a: Samurott|Razor Shell|p2a: Great Tusk
|-supereffective|p2a: Great Tusk
|-damage|p2a: Great Tusk|23/100
|-unboost|p2a: Great Tusk|def|1
|
|-weather|SunnyDay|[upkeep]
|-sideend|p1: pinegoddess|move: Light Screen
|upkeep
|turn|9
|
|t:|1776036609
|-end|p2a: Great Tusk|Protosynthesis|[silent]
|switch|p2a: Lilligant|Lilligant-Hisui, F|100/100
|move|p1a: Samurott|Sucker Punch||[still]
|-fail|p1a: Samurott
|
|-weather|SunnyDay|[upkeep]
|-sideend|p1: pinegoddess|Reflect
|upkeep
|turn|10
|inactive|pinegoddess has 120 seconds left.
|
|t:|1776036636
|move|p1a: Samurott|Sucker Punch||[still]
|-fail|p1a: Samurott
|move|p2a: Lilligant|Encore|p1a: Samurott
|-start|p1a: Samurott|Encore
|
|-weather|SunnyDay|[upkeep]
|upkeep
|turn|11
|
|t:|1776036651
|switch|p1a: Zamazenta|Zamazenta|82/100
|-damage|p1a: Zamazenta|76/100|[from] Stealth Rock
|move|p2a: Lilligant|Solar Blade||[still]
|-prepare|p2a: Lilligant|Solar Blade
|-anim|p2a: Lilligant|Solar Blade|p1a: Zamazenta
|-crit|p1a: Zamazenta
|-damage|p1a: Zamazenta|0 fnt
|faint|p1a: Zamazenta
|-damage|p2a: Lilligant|91/100|[from] item: Life Orb
|
|-weather|none
|upkeep
|c|☆mortardom|mb
|inactive|pinegoddess has 120 seconds left.
|c|☆pinegoddess|all g tough one fs tho
|
|t:|1776036693
|switch|p1a: Iron Hands|Iron Hands, shiny|100/100
|-damage|p1a: Iron Hands|94/100|[from] Stealth Rock
|-enditem|p1a: Iron Hands|Booster Energy
|-activate|p1a: Iron Hands|ability: Quark Drive|[fromitem]
|-start|p1a: Iron Hands|quarkdriveatk
|turn|12
|inactive|pinegoddess has 90 seconds left.
|
|t:|1776036711
|switch|p2a: Ninetales|Ninetales, M|71/100
|-weather|SunnyDay|[from] ability: Drought|[of] p2a: Ninetales
|move|p1a: Iron Hands|Drain Punch|p2a: Ninetales
|-damage|p2a: Ninetales|0 fnt
|-heal|p1a: Iron Hands|100/100|[from] drain|[of] p2a: Ninetales
|faint|p2a: Ninetales
|
|-weather|SunnyDay|[upkeep]
|upkeep
|
|t:|1776036723
|switch|p2a: Great Tusk|Great Tusk|23/100
|-activate|p2a: Great Tusk|ability: Protosynthesis
|-start|p2a: Great Tusk|protosynthesisatk
|turn|13
|inactive|pinegoddess has 90 seconds left.
|
|t:|1776036757
|-end|p1a: Iron Hands|Quark Drive|[silent]
|switch|p1a: Ogerpon|Ogerpon-Wellspring, F|100/100
|-damage|p1a: Ogerpon|88/100|[from] Stealth Rock
|move|p2a: Great Tusk|Headlong Rush|p1a: Ogerpon
|-resisted|p1a: Ogerpon
|-damage|p1a: Ogerpon|35/100
|-unboost|p2a: Great Tusk|def|1
|-unboost|p2a: Great Tusk|spd|1
|
|-weather|SunnyDay|[upkeep]
|upkeep
|turn|14
|
|t:|1776036769
|-end|p2a: Great Tusk|Protosynthesis|[silent]
|switch|p2a: Sandy Shocks|Sandy Shocks|100/100
|-activate|p2a: Sandy Shocks|ability: Protosynthesis
|-start|p2a: Sandy Shocks|protosynthesisspe
|move|p1a: Ogerpon|Trailblaze|p2a: Sandy Shocks
|-supereffective|p2a: Sandy Shocks
|-crit|p2a: Sandy Shocks
|-damage|p2a: Sandy Shocks|11/100
|-boost|p1a: Ogerpon|spe|1
|
|-weather|SunnyDay|[upkeep]
|upkeep
|turn|15
|inactive|pinegoddess has 90 seconds left.
|
|t:|1776036780
|-end|p2a: Sandy Shocks|Protosynthesis|[silent]
|switch|p2a: Hatterene|Hatterene, F|39/100
|move|p1a: Ogerpon|Trailblaze|p2a: Hatterene
|-damage|p2a: Hatterene|15/100
|-boost|p1a: Ogerpon|spe|1
|
|-weather|SunnyDay|[upkeep]
|upkeep
|turn|16
|inactive|pinegoddess has 90 seconds left.
|
|t:|1776036791
|move|p1a: Ogerpon|Trailblaze|p2a: Hatterene
|-damage|p2a: Hatterene|0 fnt
|-boost|p1a: Ogerpon|spe|1
|faint|p2a: Hatterene
|
|-weather|SunnyDay|[upkeep]
|upkeep
|
|t:|1776036798
|switch|p2a: Lilligant|Lilligant-Hisui, F|91/100
|turn|17
|
|t:|1776036809
|-terastallize|p2a: Lilligant|Ghost
|move|p1a: Ogerpon|Play Rough|p2a: Lilligant
|-damage|p2a: Lilligant|38/100
|move|p2a: Lilligant|Solar Blade||[still]
|-prepare|p2a: Lilligant|Solar Blade
|-anim|p2a: Lilligant|Solar Blade|p1a: Ogerpon
|-damage|p1a: Ogerpon|0 fnt
|faint|p1a: Ogerpon
|-damage|p2a: Lilligant|28/100|[from] item: Life Orb
|
|-weather|SunnyDay|[upkeep]
|upkeep
|
|t:|1776036814
|switch|p1a: Samurott|Samurott-Hisui, F|100/100
|-damage|p1a: Samurott|88/100|[from] Stealth Rock
|turn|18
|
|t:|1776036823
|move|p2a: Lilligant|Encore||[still]
|-fail|p2a: Lilligant
|move|p1a: Samurott|Ceaseless Edge|p2a: Lilligant
|-supereffective|p2a: Lilligant
|-damage|p2a: Lilligant|0 fnt
|-sidestart|p2: mortardom|Spikes
|faint|p2a: Lilligant
|
|-weather|SunnyDay|[upkeep]
|upkeep
|
|t:|1776036831
|switch|p2a: Great Tusk|Great Tusk|23/100
|-activate|p2a: Great Tusk|ability: Protosynthesis
|-start|p2a: Great Tusk|protosynthesisatk
|turn|19
|j| Kyurem
|inactive|pinegoddess has 120 seconds left.
|inactive|pinegoddess has 90 seconds left.
|
|t:|1776036900
|switch|p1a: Gholdengo|Gholdengo|100/100
|-damage|p1a: Gholdengo|94/100|[from] Stealth Rock
|move|p2a: Great Tusk|Headlong Rush|p1a: Gholdengo
|-supereffective|p1a: Gholdengo
|-damage|p1a: Gholdengo|0 fnt
|-unboost|p2a: Great Tusk|def|1
|-unboost|p2a: Great Tusk|spd|1
|faint|p1a: Gholdengo
|
|-weather|none
|-end|p2a: Great Tusk|Protosynthesis
|upkeep
|
|t:|1776036911
|switch|p1a: Samurott|Samurott-Hisui, F|88/100
|-damage|p1a: Samurott|76/100|[from] Stealth Rock
|turn|20
|
|t:|1776036922
|-end|p2a: Great Tusk|Protosynthesis|[silent]
|switch|p2a: Sandy Shocks|Sandy Shocks|11/100
|-damage|p2a: Sandy Shocks|0 fnt|[from] Spikes
|faint|p2a: Sandy Shocks
|-end|p2a: Sandy Shocks|Protosynthesis|[silent]
|-terastallize|p1a: Samurott|Dark
|move|p1a: Samurott|Sucker Punch|p2: Sandy Shocks|[notarget]
|-fail|p1a: Samurott
|
|upkeep
|
|t:|1776036934
|switch|p2a: Walking Wake|Walking Wake|100/100
|-damage|p2a: Walking Wake|88/100|[from] Spikes
|turn|21
|
|t:|1776036942
|move|p1a: Samurott|Sucker Punch|p2a: Walking Wake
|-damage|p2a: Walking Wake|27/100
|move|p2a: Walking Wake|Hydro Steam|p1a: Samurott
|-damage|p1a: Samurott|0 fnt
|faint|p1a: Samurott
|
|upkeep
|
|t:|1776036946
|switch|p1a: Iron Hands|Iron Hands, shiny|100/100
|-damage|p1a: Iron Hands|94/100|[from] Stealth Rock
|turn|22
|
|t:|1776036952
|move|p2a: Walking Wake|Hydro Steam|p1a: Iron Hands
|-damage|p1a: Iron Hands|40/100
|move|p1a: Iron Hands|Drain Punch|p2a: Walking Wake
|-damage|p2a: Walking Wake|0 fnt
|-heal|p1a: Iron Hands|50/100|[from] drain|[of] p2a: Walking Wake
|faint|p2a: Walking Wake
|-end|p2a: Walking Wake|Protosynthesis|[silent]
|
|upkeep
|-message|pinegoddess forfeited.
|
|win|mortardom
|raw|pinegoddess's rating: 1675 &rarr; <strong>1659</strong><br />(-16 for losing)
|raw|mortardom's rating: 1737 &rarr; <strong>1753</strong><br />(+16 for winning)
|l|☆pinegoddess
|player|p1|
|c|☆mortardom|gg
|c|☆mortardom|nice to see you again kyu
|l|☆mortardom
|player|p2|
