|html|<div class="broadcast-blue"><strong>[Gen 9] OU is currently suspecting Tera Blast! For information on how to participate check out the <a href="https://www.smogon.com/tools/suspects/view/200">suspect thread</a>.</strong></div>
|j|☆brucexavier
|j|☆magistermilitum420
|t:|1776308695
|gametype|singles
|player|p1|brucexavier|scientist-gen4dp|1256
|player|p2|magistermilitum420|blue|1360
|gen|9
|tier|[Gen 9] OU
|rated|
|rule|HP Percentage Mod: HP is shown in percentages
|rule|Endless Battle Clause: Forcing endless battles is banned
|rule|Species Clause: Limit one of each Pokémon
|rule|OHKO Clause: OHKO moves are banned
|rule|Evasion Items Clause: Evasion items are banned
|rule|Evasion Moves Clause: Evasion moves are banned
|rule|Evasion Abilities Clause: Evasion abilities are banned
|rule|Sleep Moves Clause: Sleep-inducing moves are banned
|clearpoke
|poke|p1|Torkoal, F|
|poke|p1|Walking Wake|
|poke|p1|Great Tusk|
|poke|p1|Moltres|
|poke|p1|Lilligant-Hisui, F|
|poke|p1|Ribombee, F|
|poke|p2|Meowscarada, F|
|poke|p2|Great Tusk|
|poke|p2|Alomomola, F|
|poke|p2|Slowking-Galar, M|
|poke|p2|Iron Valiant|
|poke|p2|Heatran, M|
|teampreview
|
|t:|1776308698
|teamsize|p1|6
|teamsize|p2|6
|start
|switch|p1a: Ribombee|Ribombee, F|100/100
|switch|p2a: Mithridates|Slowking-Galar, M|100/100
|turn|1
|
|t:|1776308704
|move|p1a: Ribombee|Sticky Web|p2a: Mithridates
|-sidestart|p2: magistermilitum420|move: Sticky Web
|move|p2a: Mithridates|Sludge Bomb|p1a: Ribombee
|-supereffective|p1a: Ribombee
|-enditem|p1a: Ribombee|Focus Sash
|-damage|p1a: Ribombee|1/100
|
|upkeep
|turn|2
|
|t:|1776308710
|move|p1a: Ribombee|Moonblast|p2a: Mithridates
|-resisted|p2a: Mithridates
|-damage|p2a: Mithridates|91/100
|-unboost|p2a: Mithridates|spa|1
|move|p2a: Mithridates|Psychic Noise|p1a: Ribombee
|-damage|p1a: Ribombee|0 fnt
|faint|p1a: Ribombee
|
|upkeep
|
|t:|1776308717
|switch|p1a: Great Tusk|Great Tusk|100/100
|turn|3
|
|t:|1776308721
|switch|p2a: Barca|Great Tusk|100/100
|-activate|p2a: Barca|move: Sticky Web
|-unboost|p2a: Barca|spe|1
|move|p1a: Great Tusk|Knock Off|p2a: Barca
|-resisted|p2a: Barca
|-damage|p2a: Barca|91/100
|-enditem|p2a: Barca|Leftovers|[from] move: Knock Off|[of] p1a: Great Tusk
|
|upkeep
|turn|4
|
|t:|1776308729
|move|p1a: Great Tusk|Rapid Spin|p2a: Barca
|-damage|p2a: Barca|83/100
|-boost|p1a: Great Tusk|spe|1
|move|p2a: Barca|Rapid Spin|p1a: Great Tusk
|-damage|p1a: Great Tusk|91/100
|-boost|p2a: Barca|spe|1
|-damage|p2a: Barca|66/100|[from] item: Rocky Helmet|[of] p1a: Great Tusk
|-sideend|p2: magistermilitum420|Sticky Web|[from] move: Rapid Spin|[of] p2a: Barca
|
|upkeep
|turn|5
|
|t:|1776308748
|move|p1a: Great Tusk|Ice Spinner|p2a: Barca
|-supereffective|p2a: Barca
|-damage|p2a: Barca|39/100
|move|p2a: Barca|Knock Off|p1a: Great Tusk
|-resisted|p1a: Great Tusk
|-damage|p1a: Great Tusk|82/100
|-damage|p2a: Barca|22/100|[from] item: Rocky Helmet|[of] p1a: Great Tusk
|-enditem|p1a: Great Tusk|Rocky Helmet|[from] move: Knock Off|[of] p2a: Barca
|
|upkeep
|turn|6
|
|t:|1776308757
|-end|p2a: Barca|Protosynthesis|[silent]
|switch|p2a: Charybdis|Alomomola, F, shiny|100/100
|move|p1a: Great Tusk|Headlong Rush|p2a: Charybdis
|-damage|p2a: Charybdis|62/100
|-unboost|p1a: Great Tusk|def|1
|-unboost|p1a: Great Tusk|spd|1
|-damage|p1a: Great Tusk|65/100|[from] item: Rocky Helmet|[of] p2a: Charybdis
|
|upkeep
|turn|7
|
|t:|1776308766
|move|p1a: Great Tusk|Knock Off|p2a: Charybdis
|-damage|p2a: Charybdis|42/100
|-damage|p1a: Great Tusk|49/100|[from] item: Rocky Helmet|[of] p2a: Charybdis
|-enditem|p2a: Charybdis|Rocky Helmet|[from] move: Knock Off|[of] p1a: Great Tusk
|move|p2a: Charybdis|Scald|p1a: Great Tusk
|-supereffective|p1a: Great Tusk
|-damage|p1a: Great Tusk|0 fnt
|faint|p1a: Great Tusk
|-end|p1a: Great Tusk|Protosynthesis|[silent]
|
|upkeep
|
|t:|1776308773
|switch|p1a: Torkoal|Torkoal, F|100/100
|-weather|SunnyDay|[from] ability: Drought|[of] p1a: Torkoal
|turn|8
|
|t:|1776308779
|switch|p2a: Vulcanus|Heatran, M, shiny|100/100
|move|p1a: Torkoal|Stealth Rock|p2a: Vulcanus
|-sidestart|p2: magistermilitum420|move: Stealth Rock
|
|-weather|SunnyDay|[upkeep]
|upkeep
|turn|9
|
|t:|1776308786
|switch|p1a: Walking Wake|Walking Wake|100/100
|-activate|p1a: Walking Wake|ability: Protosynthesis
|-start|p1a: Walking Wake|protosynthesisspe
|move|p2a: Vulcanus|Earth Power|p1a: Walking Wake
|-damage|p1a: Walking Wake|44/100
|
|-weather|SunnyDay|[upkeep]
|upkeep
|turn|10
|
|t:|1776308795
|switch|p2a: Mithridates|Slowking-Galar, M|100/100
|-damage|p2a: Mithridates|88/100|[from] Stealth Rock
|move|p1a: Walking Wake|Hydro Steam|p2a: Mithridates
|-damage|p2a: Mithridates|42/100
|
|-weather|SunnyDay|[upkeep]
|upkeep
|turn|11
|
|t:|1776308822
|move|p1a: Walking Wake|Hydro Steam|p2a: Mithridates
|-damage|p2a: Mithridates|0 fnt
|faint|p2a: Mithridates
|
|-weather|SunnyDay|[upkeep]
|upkeep
|
|t:|1776308833
|switch|p2a: Pallas|Iron Valiant, shiny|100/100
|-damage|p2a: Pallas|94/100|[from] Stealth Rock
|-enditem|p2a: Pallas|Booster Energy
|-activate|p2a: Pallas|ability: Quark Drive|[fromitem]
|-start|p2a: Pallas|quarkdrivespe
|turn|12
|
|t:|1776308842
|-end|p1a: Walking Wake|Protosynthesis|[silent]
|switch|p1a: Moltres|Moltres|100/100
|move|p2a: Pallas|Moonblast|p1a: Moltres
|-resisted|p1a: Moltres
|-damage|p1a: Moltres|79/100
|
|-weather|SunnyDay|[upkeep]
|upkeep
|turn|13
|
|t:|1776308849
|-end|p2a: Pallas|Quark Drive|[silent]
|switch|p2a: Charybdis|Alomomola, F, shiny|75/100
|-damage|p2a: Charybdis|63/100|[from] Stealth Rock
|move|p1a: Moltres|Flamethrower|p2a: Charybdis
|-resisted|p2a: Charybdis
|-damage|p2a: Charybdis|31/100
|
|-weather|SunnyDay|[upkeep]
|upkeep
|turn|14
|
|t:|1776308858
|switch|p2a: Vulcanus|Heatran, M, shiny|100/100
|-damage|p2a: Vulcanus|88/100|[from] Stealth Rock
|move|p1a: Moltres|Flamethrower|p2a: Vulcanus
|-start|p2a: Vulcanus|ability: Flash Fire
|
|-weather|SunnyDay|[upkeep]
|upkeep
|turn|15
|
|t:|1776308866
|move|p2a: Vulcanus|Overheat|p1a: Moltres
|-resisted|p1a: Moltres
|-damage|p1a: Moltres|0 fnt
|-unboost|p2a: Vulcanus|spa|2
|faint|p1a: Moltres
|
|-weather|none
|upkeep
|
|t:|1776308870
|switch|p1a: Torkoal|Torkoal, F|100/100
|-weather|SunnyDay|[from] ability: Drought|[of] p1a: Torkoal
|turn|16
|
|t:|1776308878
|-end|p2a: Vulcanus|ability: Flash Fire|[silent]
|switch|p2a: Barca|Great Tusk|22/100
|-damage|p2a: Barca|19/100|[from] Stealth Rock
|-activate|p2a: Barca|ability: Protosynthesis
|-start|p2a: Barca|protosynthesisdef
|switch|p1a: Lilligant|Lilligant-Hisui, F|100/100
|
|-weather|SunnyDay|[upkeep]
|upkeep
|turn|17
|
|t:|1776308891
|-terastallize|p2a: Barca|Steel
|move|p1a: Lilligant|Solar Blade||[still]
|-prepare|p1a: Lilligant|Solar Blade
|-anim|p1a: Lilligant|Solar Blade|p2a: Barca
|-resisted|p2a: Barca
|-damage|p2a: Barca|6/100
|-damage|p1a: Lilligant|91/100|[from] item: Life Orb
|move|p2a: Barca|Rapid Spin|p1a: Lilligant
|-damage|p1a: Lilligant|68/100
|-boost|p2a: Barca|spe|1
|-sideend|p2: magistermilitum420|Stealth Rock|[from] move: Rapid Spin|[of] p2a: Barca
|
|-weather|SunnyDay|[upkeep]
|upkeep
|turn|18
|
|t:|1776308908
|-end|p2a: Barca|Protosynthesis|[silent]
|switch|p2a: Mahad|Meowscarada, F, shiny|100/100
|move|p1a: Lilligant|Solar Blade||[still]
|-prepare|p1a: Lilligant|Solar Blade
|-anim|p1a: Lilligant|Solar Blade|p2a: Mahad
|-resisted|p2a: Mahad
|-damage|p2a: Mahad|41/100
|-damage|p1a: Lilligant|58/100|[from] item: Life Orb
|
|-weather|SunnyDay|[upkeep]
|upkeep
|turn|19
|
|t:|1776308924
|move|p1a: Lilligant|Triple Axel|p2a: Mahad|[miss]
|-miss|p1a: Lilligant|p2a: Mahad
|move|p2a: Mahad|Triple Axel|p1a: Lilligant
|-start|p2a: Mahad|typechange|Ice|[from] ability: Protean
|-supereffective|p1a: Lilligant
|-damage|p1a: Lilligant|31/100
|-supereffective|p1a: Lilligant
|-damage|p1a: Lilligant|0 fnt
|faint|p1a: Lilligant
|-hitcount|p1: Lilligant|2
|
|-weather|SunnyDay|[upkeep]
|upkeep
|-message|brucexavier forfeited.
|
|win|magistermilitum420
|raw|brucexavier's rating: 1256 &rarr; <strong>1238</strong><br />(-18 for losing)
|raw|magistermilitum420's rating: 1360 &rarr; <strong>1374</strong><br />(+14 for winning)
|l|☆brucexavier
|player|p1|
