|html|<div class="broadcast-blue"><strong>[Gen 9] OU is currently suspecting Tera Blast! For information on how to participate check out the <a href="https://www.smogon.com/tools/suspects/view/200">suspect thread</a>.</strong></div>
|j|☆Chabbott918
|j|☆rehan blukutuk
|t:|1776062957
|gametype|singles
|player|p1|Chabbott918|clair|1187
|player|p2|rehan blukutuk|steven|1126
|gen|9
|tier|[Gen 9] OU
|rated|
|rule|HP Percentage Mod: HP is shown in percentages
|rule|Endless Battle Clause: Forcing endless battles is banned
|rule|Species Clause: Limit one of each Pokémon
|rule|OHKO Clause: OHKO moves are banned
|rule|Evasion Items Clause: Evasion items are banned
|rule|Evasion Moves Clause: Evasion moves are banned
|rule|Evasion Abilities Clause: Evasion abilities are banned
|rule|Sleep Moves Clause: Sleep-inducing moves are banned
|clearpoke
|poke|p1|Meowscarada, F|
|poke|p1|Blaziken, F|
|poke|p1|Primarina, F|
|poke|p1|Galvantula, F|
|poke|p1|Corviknight, F|
|poke|p1|Garchomp, F|
|poke|p2|Blaziken, F|
|poke|p2|Corviknight, F|
|poke|p2|Vaporeon, F|
|poke|p2|Dragapult, M|
|poke|p2|Kilowattrel, M|
|poke|p2|Toxapex, M|
|teampreview
|
|t:|1776062968
|teamsize|p1|6
|teamsize|p2|6
|start
|switch|p1a: Galvantula|Galvantula, F, shiny|100/100
|switch|p2a: Blaziken|Blaziken, F|100/100
|turn|1
|
|t:|1776062970
|move|p1a: Galvantula|Thunder Wave|p2a: Blaziken
|-status|p2a: Blaziken|par
|cant|p2a: Blaziken|par
|
|-ability|p2a: Blaziken|Speed Boost|boost
|-boost|p2a: Blaziken|spe|1
|upkeep
|turn|2
|inactive|Battle timer is ON: inactive players will automatically lose when time's up. (requested by rehan blukutuk)
|
|t:|1776062978
|move|p1a: Galvantula|Sticky Web|p2a: Blaziken
|-sidestart|p2: rehan blukutuk|move: Sticky Web
|move|p2a: Blaziken|Focus Energy|p2a: Blaziken
|-start|p2a: Blaziken|move: Focus Energy
|
|-ability|p2a: Blaziken|Speed Boost|boost
|-boost|p2a: Blaziken|spe|1
|upkeep
|turn|3
|
|t:|1776062986
|move|p2a: Blaziken|Protect|p2a: Blaziken
|-singleturn|p2a: Blaziken|Protect
|move|p1a: Galvantula|Volt Switch|p2a: Blaziken
|-activate|p2a: Blaziken|move: Protect
|
|-ability|p2a: Blaziken|Speed Boost|boost
|-boost|p2a: Blaziken|spe|1
|upkeep
|turn|4
|
|t:|1776062995
|move|p1a: Galvantula|Volt Switch|p2a: Blaziken
|-damage|p2a: Blaziken|57/100 par
|
|t:|1776062999
|switch|p1a: Garchomp|Garchomp, F, shiny|100/100|[from] Volt Switch
|move|p2a: Blaziken|Overheat|p1a: Garchomp
|-resisted|p1a: Garchomp
|-crit|p1a: Garchomp
|-damage|p1a: Garchomp|47/100
|-unboost|p2a: Blaziken|spa|2
|
|-ability|p2a: Blaziken|Speed Boost|boost
|-boost|p2a: Blaziken|spe|1
|upkeep
|turn|5
|
|t:|1776063012
|-terastallize|p2a: Blaziken|Flying
|move|p2a: Blaziken|Overheat|p1a: Garchomp
|-resisted|p1a: Garchomp
|-crit|p1a: Garchomp
|-damage|p1a: Garchomp|0 fnt
|-unboost|p2a: Blaziken|spa|2
|faint|p1a: Garchomp
|
|-ability|p2a: Blaziken|Speed Boost|boost
|-boost|p2a: Blaziken|spe|1
|upkeep
|
|t:|1776063021
|switch|p1a: Galvantula|Galvantula, F, shiny|100/100
|turn|6
|
|t:|1776063027
|move|p2a: Blaziken|Overheat|p1a: Galvantula|[miss]
|-miss|p2a: Blaziken|p1a: Galvantula
|move|p1a: Galvantula|Volt Switch|p2a: Blaziken
|-supereffective|p2a: Blaziken
|-damage|p2a: Blaziken|0 fnt
|faint|p2a: Blaziken
|
|t:|1776063033
|switch|p1a: Blaziken|Blaziken, F, shiny|100/100|[from] Volt Switch
|
|upkeep
|
|t:|1776063049
|switch|p2a: Toxapex|Toxapex, M|100/100
|-activate|p2a: Toxapex|move: Sticky Web
|-unboost|p2a: Toxapex|spe|1
|turn|7
|
|t:|1776063054
|switch|p1a: Corviknight|Corviknight, F, shiny|100/100
|-ability|p1a: Corviknight|Pressure
|move|p2a: Toxapex|Toxic|p1a: Corviknight
|-immune|p1a: Corviknight
|
|upkeep
|turn|8
|
|t:|1776063060
|move|p1a: Corviknight|U-turn|p2a: Toxapex
|-resisted|p2a: Toxapex
|-damage|p2a: Toxapex|96/100
|
|t:|1776063077
|switch|p1a: Meowscarada|Meowscarada, F, shiny|100/100|[from] U-turn
|move|p2a: Toxapex|Liquidation|p1a: Meowscarada
|-resisted|p1a: Meowscarada
|-damage|p1a: Meowscarada|84/100
|
|-heal|p2a: Toxapex|100/100|[from] item: Leftovers
|upkeep
|turn|9
|c|☆rehan blukutuk|Overheat kontol malah miss ajg
|
|t:|1776063089
|switch|p2a: Dragapult|Dragapult, M|100/100
|-activate|p2a: Dragapult|move: Sticky Web
|-fail|p2a: Dragapult|unboost|[from] ability: Clear Body|[of] p2a: Dragapult
|move|p1a: Meowscarada|Trick|p2a: Dragapult
|-start|p1a: Meowscarada|typechange|Psychic|[from] ability: Protean
|-activate|p1a: Meowscarada|move: Trick|[of] p2a: Dragapult
|-item|p2a: Dragapult|Choice Band|[from] move: Trick
|-item|p1a: Meowscarada|Choice Specs|[from] move: Trick
|
|upkeep
|turn|10
|
|t:|1776063105
|move|p2a: Dragapult|Flamethrower|p1a: Meowscarada
|-damage|p1a: Meowscarada|43/100
|move|p1a: Meowscarada|Knock Off|p2a: Dragapult
|-supereffective|p2a: Dragapult
|-crit|p2a: Dragapult
|-damage|p2a: Dragapult|0 fnt
|-enditem|p2a: Dragapult|Choice Band|[from] move: Knock Off|[of] p1a: Meowscarada
|faint|p2a: Dragapult
|
|upkeep
|
|t:|1776063113
|switch|p2a: Corviknight|Corviknight, F|100/100
|-ability|p2a: Corviknight|Pressure
|turn|11
|
|t:|1776063119
|move|p1a: Meowscarada|Knock Off|p2a: Corviknight
|-damage|p2a: Corviknight|83/100
|-enditem|p2a: Corviknight|Leftovers|[from] move: Knock Off|[of] p1a: Meowscarada
|move|p2a: Corviknight|Defog|p1a: Meowscarada
|-unboost|p1a: Meowscarada|evasion|1
|-sideend|p2: rehan blukutuk|Sticky Web|[from] move: Defog|[of] p2a: Corviknight
|
|upkeep
|turn|12
|
|t:|1776063124
|switch|p1a: Corviknight|Corviknight, F, shiny|100/100
|-ability|p1a: Corviknight|Pressure
|move|p2a: Corviknight|U-turn|p1a: Corviknight
|-resisted|p1a: Corviknight
|-damage|p1a: Corviknight|98/100
|-damage|p2a: Corviknight|66/100|[from] item: Rocky Helmet|[of] p1a: Corviknight
|
|t:|1776063134
|switch|p2a: Kilowattrel|Kilowattrel, M|100/100|[from] U-turn
|
|upkeep
|turn|13
|
|t:|1776063146
|move|p2a: Kilowattrel|Thunderbolt|p1a: Corviknight
|-supereffective|p1a: Corviknight
|-damage|p1a: Corviknight|0 fnt
|faint|p1a: Corviknight
|-damage|p2a: Kilowattrel|91/100|[from] item: Life Orb
|
|upkeep
|
|t:|1776063153
|switch|p1a: Blaziken|Blaziken, F, shiny|100/100
|turn|14
|
|t:|1776063158
|move|p1a: Blaziken|Protect|p1a: Blaziken
|-singleturn|p1a: Blaziken|Protect
|move|p2a: Kilowattrel|Air Slash|p1a: Blaziken
|-activate|p1a: Blaziken|move: Protect
|
|-ability|p1a: Blaziken|Speed Boost|boost
|-boost|p1a: Blaziken|spe|1
|upkeep
|turn|15
|
|t:|1776063164
|move|p1a: Blaziken|Overheat|p2a: Kilowattrel
|-damage|p2a: Kilowattrel|0 fnt
|-unboost|p1a: Blaziken|spa|2
|faint|p2a: Kilowattrel
|
|-ability|p1a: Blaziken|Speed Boost|boost
|-boost|p1a: Blaziken|spe|1
|upkeep
|
|t:|1776063171
|switch|p2a: Vaporeon|Vaporeon, F|100/100
|turn|16
|
|t:|1776063174
|switch|p1a: Meowscarada|Meowscarada, F, shiny|43/100
|move|p2a: Vaporeon|Calm Mind|p2a: Vaporeon
|-boost|p2a: Vaporeon|spa|1
|-boost|p2a: Vaporeon|spd|1
|
|upkeep
|turn|17
|
|t:|1776063180
|move|p2a: Vaporeon|Protect|p2a: Vaporeon
|-singleturn|p2a: Vaporeon|Protect
|move|p1a: Meowscarada|Trick|p2a: Vaporeon
|-start|p1a: Meowscarada|typechange|Psychic|[from] ability: Protean
|-activate|p2a: Vaporeon|move: Protect
|
|upkeep
|turn|18
|
|t:|1776063193
|move|p1a: Meowscarada|Trick|p2a: Vaporeon
|-activate|p1a: Meowscarada|move: Trick|[of] p2a: Vaporeon
|-item|p2a: Vaporeon|Choice Specs|[from] move: Trick
|-item|p1a: Meowscarada|Leftovers|[from] move: Trick
|move|p2a: Vaporeon|Scald|p1a: Meowscarada
|-damage|p1a: Meowscarada|0 fnt
|faint|p1a: Meowscarada
|
|upkeep
|
|t:|1776063198
|switch|p1a: Primarina|Primarina, F, shiny|100/100
|turn|19
|
|t:|1776063203
|move|p1a: Primarina|Calm Mind|p1a: Primarina
|-boost|p1a: Primarina|spa|1
|-boost|p1a: Primarina|spd|1
|move|p2a: Vaporeon|Scald|p1a: Primarina
|-resisted|p1a: Primarina
|-damage|p1a: Primarina|76/100
|
|-heal|p1a: Primarina|82/100|[from] item: Leftovers
|upkeep
|turn|20
|
|t:|1776063213
|move|p1a: Primarina|Calm Mind|p1a: Primarina
|-boost|p1a: Primarina|spa|1
|-boost|p1a: Primarina|spd|1
|move|p2a: Vaporeon|Scald|p1a: Primarina
|-resisted|p1a: Primarina
|-damage|p1a: Primarina|67/100
|
|-heal|p1a: Primarina|73/100|[from] item: Leftovers
|upkeep
|turn|21
|c|☆rehan blukutuk|Memek burn nya mana asuuuuu
|
|t:|1776063233
|move|p1a: Primarina|Calm Mind|p1a: Primarina
|-boost|p1a: Primarina|spa|1
|-boost|p1a: Primarina|spd|1
|move|p2a: Vaporeon|Scald|p1a: Primarina
|-resisted|p1a: Primarina
|-damage|p1a: Primarina|60/100
|
|-heal|p1a: Primarina|66/100|[from] item: Leftovers
|upkeep
|turn|22
|c|☆rehan blukutuk|Kontol lo
|c|☆rehan blukutuk|Ajg
|c|☆rehan blukutuk|Pkke showdown memek
|c|☆rehan blukutuk|Jahanam
|
|t:|1776063253
|move|p1a: Primarina|Draining Kiss|p2a: Vaporeon
|-damage|p2a: Vaporeon|79/100
|-heal|p1a: Primarina|92/100|[from] drain|[of] p2a: Vaporeon
|move|p2a: Vaporeon|Scald|p1a: Primarina
|-resisted|p1a: Primarina
|-damage|p1a: Primarina|79/100
|-status|p1a: Primarina|brn
|
|-heal|p1a: Primarina|85/100 brn|[from] item: Leftovers
|-damage|p1a: Primarina|79/100 brn|[from] brn
|upkeep
|turn|23
|-message|rehan blukutuk forfeited.
|
|win|Chabbott918
|raw|Chabbott918's rating: 1187 &rarr; <strong>1208</strong><br />(+21 for winning)
|raw|rehan blukutuk's rating: 1126 &rarr; <strong>1105</strong><br />(-21 for losing)
|c|☆Chabbott918|gg?
|l|☆Chabbott918
|player|p1|
|c|☆rehan blukutuk|Yea gg
|l|☆rehan blukutuk
|player|p2|
