|html|<div class="broadcast-blue"><strong>[Gen 9] OU is currently suspecting Tera Blast! For information on how to participate check out the <a href="https://www.smogon.com/tools/suspects/view/200">suspect thread</a>.</strong></div>
|j|☆AndrewF462
|j|☆Blastoise_Choice
|t:|1776055152
|gametype|singles
|player|p1|AndrewF462|2|1452
|player|p2|Blastoise_Choice|benga|1497
|gen|9
|tier|[Gen 9] OU
|rated|
|rule|HP Percentage Mod: HP is shown in percentages
|rule|Endless Battle Clause: Forcing endless battles is banned
|rule|Species Clause: Limit one of each Pokémon
|rule|OHKO Clause: OHKO moves are banned
|rule|Evasion Items Clause: Evasion items are banned
|rule|Evasion Moves Clause: Evasion moves are banned
|rule|Evasion Abilities Clause: Evasion abilities are banned
|rule|Sleep Moves Clause: Sleep-inducing moves are banned
|clearpoke
|poke|p1|Infernape, M|
|poke|p1|Rotom-Wash|
|poke|p1|Corviknight, M|
|poke|p1|Ogerpon-Wellspring, F|
|poke|p1|Tyranitar, M|
|poke|p1|Scizor, F|
|poke|p2|Hydrapple, M|
|poke|p2|Tyranitar, F|
|poke|p2|Moltres|
|poke|p2|Zamazenta-*|
|poke|p2|Slowking-Galar, F|
|poke|p2|Excadrill, F|
|teampreview
|inactive|Battle timer is ON: inactive players will automatically lose when time's up. (requested by AndrewF462)
|j| ohko_smeargle
|
|t:|1776055160
|teamsize|p1|6
|teamsize|p2|6
|start
|switch|p1a: Rotom|Rotom-Wash|100/100
|switch|p2a: Zamazenta|Zamazenta|100/100
|-ability|p2a: Zamazenta|Dauntless Shield|boost
|-boost|p2a: Zamazenta|def|1
|turn|1
|c|☆Blastoise_Choice|hf
|inactive|Blastoise_Choice also wants the timer to be on.
|
|t:|1776055166
|switch|p2a: Hydrapple|Hydrapple, M|100/100
|move|p1a: Rotom|Will-O-Wisp|p2a: Hydrapple
|-status|p2a: Hydrapple|brn
|
|-damage|p2a: Hydrapple|94/100 brn|[from] brn
|upkeep
|turn|2
|
|t:|1776055173
|move|p1a: Rotom|Volt Switch|p2a: Hydrapple
|-resisted|p2a: Hydrapple
|-damage|p2a: Hydrapple|88/100 brn
|
|t:|1776055180
|switch|p1a: Corviknight|Corviknight, M|100/100|[from] Volt Switch
|move|p2a: Hydrapple|Giga Drain|p1a: Corviknight
|-resisted|p1a: Corviknight
|-damage|p1a: Corviknight|93/100
|-heal|p2a: Hydrapple|92/100 brn|[from] drain|[of] p1a: Corviknight
|
|-damage|p2a: Hydrapple|86/100 brn|[from] brn
|upkeep
|turn|3
|
|t:|1776055191
|switch|p1a: Tyranitar|Tyranitar, M|100/100
|-weather|Sandstorm|[from] ability: Sand Stream|[of] p1a: Tyranitar
|switch|p2a: Zamazenta|Zamazenta|100/100
|
|-weather|Sandstorm|[upkeep]
|-damage|p2a: Zamazenta|94/100|[from] Sandstorm
|-heal|p2a: Zamazenta|100/100|[from] item: Leftovers
|upkeep
|turn|4
|
|t:|1776055199
|switch|p1a: Rotom|Rotom-Wash|100/100
|move|p2a: Zamazenta|Iron Defense|p2a: Zamazenta
|-boost|p2a: Zamazenta|def|2
|
|-weather|Sandstorm|[upkeep]
|-damage|p2a: Zamazenta|94/100|[from] Sandstorm
|-damage|p1a: Rotom|94/100|[from] Sandstorm
|-heal|p2a: Zamazenta|100/100|[from] item: Leftovers
|-heal|p1a: Rotom|100/100|[from] item: Leftovers
|upkeep
|turn|5
|
|t:|1776055205
|move|p2a: Zamazenta|Body Press|p1a: Rotom
|-damage|p1a: Rotom|34/100
|move|p1a: Rotom|Will-O-Wisp|p2a: Zamazenta
|-status|p2a: Zamazenta|brn
|
|-weather|Sandstorm|[upkeep]
|-damage|p2a: Zamazenta|94/100 brn|[from] Sandstorm
|-damage|p1a: Rotom|28/100|[from] Sandstorm
|-heal|p2a: Zamazenta|100/100 brn|[from] item: Leftovers
|-heal|p1a: Rotom|34/100|[from] item: Leftovers
|-damage|p2a: Zamazenta|94/100 brn|[from] brn
|upkeep
|turn|6
|
|t:|1776055213
|move|p2a: Zamazenta|Iron Defense|p2a: Zamazenta
|-boost|p2a: Zamazenta|def|2
|move|p1a: Rotom|Pain Split|p2a: Zamazenta
|-sethp|p2a: Zamazenta|63/100 brn|[from] move: Pain Split|[silent]
|-sethp|p1a: Rotom|68/100|[from] move: Pain Split
|
|-weather|Sandstorm|[upkeep]
|-damage|p2a: Zamazenta|57/100 brn|[from] Sandstorm
|-damage|p1a: Rotom|61/100|[from] Sandstorm
|-heal|p2a: Zamazenta|63/100 brn|[from] item: Leftovers
|-heal|p1a: Rotom|68/100|[from] item: Leftovers
|-damage|p2a: Zamazenta|57/100 brn|[from] brn
|upkeep
|turn|7
|
|t:|1776055218
|move|p1a: Rotom|Hydro Pump|p2a: Zamazenta
|-damage|p2a: Zamazenta|19/100 brn
|move|p2a: Zamazenta|Roar|p1a: Rotom
|drag|p1a: Ogerpon|Ogerpon-Wellspring, F|100/100
|
|-weather|none
|-heal|p2a: Zamazenta|25/100 brn|[from] item: Leftovers
|-damage|p2a: Zamazenta|19/100 brn|[from] brn
|upkeep
|turn|8
|
|t:|1776055226
|move|p2a: Zamazenta|Body Press|p1a: Ogerpon
|-damage|p1a: Ogerpon|27/100
|move|p1a: Ogerpon|Ivy Cudgel|p2a: Zamazenta|[anim] Ivy Cudgel Water
|-crit|p2a: Zamazenta
|-damage|p2a: Zamazenta|0 fnt
|faint|p2a: Zamazenta
|
|upkeep
|
|t:|1776055232
|switch|p2a: Hydrapple|Hydrapple, M|100/100 brn
|turn|9
|
|t:|1776055239
|move|p1a: Ogerpon|U-turn|p2a: Hydrapple
|-supereffective|p2a: Hydrapple
|-damage|p2a: Hydrapple|66/100 brn
|
|t:|1776055247
|switch|p1a: Tyranitar|Tyranitar, M|100/100|[from] U-turn
|-weather|Sandstorm|[from] ability: Sand Stream|[of] p1a: Tyranitar
|move|p2a: Hydrapple|Fickle Beam|p1a: Tyranitar|[anim] Fickle Beam All Out
|-activate|p2a: Hydrapple|move: Fickle Beam
|-damage|p1a: Tyranitar|70/100
|
|-weather|Sandstorm|[upkeep]
|-damage|p2a: Hydrapple|60/100 brn|[from] Sandstorm
|-heal|p1a: Tyranitar|76/100|[from] item: Leftovers
|-damage|p2a: Hydrapple|54/100 brn|[from] brn
|upkeep
|turn|10
|
|t:|1776055258
|switch|p2a: Tyranitar|Tyranitar, F|100/100
|move|p1a: Tyranitar|Stealth Rock|p2a: Tyranitar
|-sidestart|p2: Blastoise_Choice|move: Stealth Rock
|
|-weather|Sandstorm|[upkeep]
|-heal|p1a: Tyranitar|82/100|[from] item: Leftovers
|upkeep
|turn|11
|
|t:|1776055265
|switch|p1a: Rotom|Rotom-Wash|68/100
|move|p2a: Tyranitar|Stealth Rock|p1a: Rotom
|-sidestart|p1: AndrewF462|move: Stealth Rock
|
|-weather|Sandstorm|[upkeep]
|-damage|p1a: Rotom|61/100|[from] Sandstorm
|-heal|p1a: Rotom|68/100|[from] item: Leftovers
|upkeep
|turn|12
|
|t:|1776055270
|switch|p2a: Hydrapple|Hydrapple, M|87/100 brn
|move|p1a: Rotom|Pain Split|p2a: Hydrapple
|-sethp|p2a: Hydrapple|69/100 brn|[from] move: Pain Split|[silent]
|-sethp|p1a: Rotom|92/100|[from] move: Pain Split
|
|-weather|Sandstorm|[upkeep]
|-damage|p1a: Rotom|86/100|[from] Sandstorm
|-damage|p2a: Hydrapple|63/100 brn|[from] Sandstorm
|-heal|p1a: Rotom|92/100|[from] item: Leftovers
|-damage|p2a: Hydrapple|57/100 brn|[from] brn
|upkeep
|turn|13
|
|t:|1776055275
|move|p1a: Rotom|Volt Switch|p2a: Hydrapple
|-resisted|p2a: Hydrapple
|-damage|p2a: Hydrapple|51/100 brn
|
|t:|1776055277
|switch|p1a: Tyranitar|Tyranitar, M|82/100|[from] Volt Switch
|-damage|p1a: Tyranitar|70/100|[from] Stealth Rock
|move|p2a: Hydrapple|Giga Drain|p1a: Tyranitar
|-supereffective|p1a: Tyranitar
|-damage|p1a: Tyranitar|42/100
|-heal|p2a: Hydrapple|65/100 brn|[from] drain|[of] p1a: Tyranitar
|
|-weather|none
|-heal|p1a: Tyranitar|48/100|[from] item: Leftovers
|-damage|p2a: Hydrapple|59/100 brn|[from] brn
|upkeep
|turn|14
|
|t:|1776055285
|switch|p2a: Tyranitar|Tyranitar, F|100/100
|-damage|p2a: Tyranitar|88/100|[from] Stealth Rock
|-weather|Sandstorm|[from] ability: Sand Stream|[of] p2a: Tyranitar
|move|p1a: Tyranitar|Knock Off|p2a: Tyranitar
|-resisted|p2a: Tyranitar
|-damage|p2a: Tyranitar|71/100
|-enditem|p2a: Tyranitar|Smooth Rock|[from] move: Knock Off|[of] p1a: Tyranitar
|
|-weather|Sandstorm|[upkeep]
|-heal|p1a: Tyranitar|54/100|[from] item: Leftovers
|upkeep
|turn|15
|
|t:|1776055297
|switch|p1a: Corviknight|Corviknight, M|93/100
|-damage|p1a: Corviknight|81/100|[from] Stealth Rock
|move|p2a: Tyranitar|Knock Off|p1a: Corviknight
|-damage|p1a: Corviknight|56/100
|-damage|p2a: Tyranitar|54/100|[from] item: Rocky Helmet|[of] p1a: Corviknight
|-enditem|p1a: Corviknight|Rocky Helmet|[from] move: Knock Off|[of] p2a: Tyranitar
|
|-weather|Sandstorm|[upkeep]
|upkeep
|turn|16
|
|t:|1776055304
|switch|p2a: Moltres|Moltres|100/100
|move|p1a: Corviknight|U-turn|p2a: Moltres
|-resisted|p2a: Moltres
|-damage|p2a: Moltres|98/100
|
|t:|1776055309
|switch|p1a: Tyranitar|Tyranitar, M|54/100|[from] U-turn
|-damage|p1a: Tyranitar|42/100|[from] Stealth Rock
|
|-weather|Sandstorm|[upkeep]
|-damage|p2a: Moltres|92/100|[from] Sandstorm
|-heal|p1a: Tyranitar|48/100|[from] item: Leftovers
|upkeep
|turn|17
|
|t:|1776055318
|move|p2a: Moltres|U-turn|p1a: Tyranitar
|-supereffective|p1a: Tyranitar
|-damage|p1a: Tyranitar|25/100
|
|t:|1776055325
|switch|p2a: Tyranitar|Tyranitar, F|54/100|[from] U-turn
|-damage|p2a: Tyranitar|42/100|[from] Stealth Rock
|move|p1a: Tyranitar|Stone Edge|p2a: Tyranitar
|-damage|p2a: Tyranitar|10/100
|
|-weather|Sandstorm|[upkeep]
|-heal|p1a: Tyranitar|31/100|[from] item: Leftovers
|upkeep
|turn|18
|
|t:|1776055337
|move|p2a: Tyranitar|Knock Off|p1a: Tyranitar
|-resisted|p1a: Tyranitar
|-damage|p1a: Tyranitar|15/100
|-enditem|p1a: Tyranitar|Leftovers|[from] move: Knock Off|[of] p2a: Tyranitar
|move|p1a: Tyranitar|Knock Off|p2a: Tyranitar
|-resisted|p2a: Tyranitar
|-damage|p2a: Tyranitar|0 fnt
|faint|p2a: Tyranitar
|
|-weather|Sandstorm|[upkeep]
|upkeep
|
|t:|1776055340
|switch|p2a: Moltres|Moltres|92/100
|turn|19
|
|t:|1776055344
|move|p2a: Moltres|U-turn|p1a: Tyranitar
|-supereffective|p1a: Tyranitar
|-damage|p1a: Tyranitar|0 fnt
|faint|p1a: Tyranitar
|
|t:|1776055348
|switch|p2a: Excadrill|Excadrill, F|100/100|[from] U-turn
|-damage|p2a: Excadrill|97/100|[from] Stealth Rock
|-item|p2a: Excadrill|Air Balloon
|
|-weather|Sandstorm|[upkeep]
|upkeep
|
|t:|1776055352
|switch|p1a: Infernape|Infernape, M|100/100
|-damage|p1a: Infernape|88/100|[from] Stealth Rock
|turn|20
|
|t:|1776055370
|switch|p1a: Rotom|Rotom-Wash|92/100
|-damage|p1a: Rotom|79/100|[from] Stealth Rock
|move|p2a: Excadrill|Earthquake|p1a: Rotom
|-immune|p1a: Rotom|[from] ability: Levitate
|
|-weather|Sandstorm|[upkeep]
|-damage|p1a: Rotom|73/100|[from] Sandstorm
|-heal|p1a: Rotom|79/100|[from] item: Leftovers
|upkeep
|turn|21
|
|t:|1776055375
|switch|p2a: Hydrapple|Hydrapple, M|92/100 brn
|move|p1a: Rotom|Will-O-Wisp|p2a: Hydrapple
|-fail|p2a: Hydrapple|brn
|
|-weather|none
|-heal|p1a: Rotom|86/100|[from] item: Leftovers
|-damage|p2a: Hydrapple|86/100 brn|[from] brn
|upkeep
|turn|22
|
|t:|1776055379
|move|p1a: Rotom|Volt Switch|p2a: Hydrapple
|-resisted|p2a: Hydrapple
|-damage|p2a: Hydrapple|80/100 brn
|
|t:|1776055383
|switch|p1a: Corviknight|Corviknight, M|56/100|[from] Volt Switch
|-damage|p1a: Corviknight|43/100|[from] Stealth Rock
|move|p2a: Hydrapple|Fickle Beam|p1a: Corviknight|[anim] Fickle Beam All Out
|-activate|p2a: Hydrapple|move: Fickle Beam
|-resisted|p1a: Corviknight
|-damage|p1a: Corviknight|9/100
|
|-damage|p2a: Hydrapple|74/100 brn|[from] brn
|upkeep
|turn|23
|
|t:|1776055390
|switch|p2a: Moltres|Moltres|92/100
|move|p1a: Corviknight|Roost|p1a: Corviknight
|-heal|p1a: Corviknight|59/100
|-singleturn|p1a: Corviknight|move: Roost
|
|upkeep
|turn|24
|
|t:|1776055396
|switch|p1a: Rotom|Rotom-Wash|86/100
|-damage|p1a: Rotom|73/100|[from] Stealth Rock
|move|p2a: Moltres|Flamethrower|p1a: Rotom
|-resisted|p1a: Rotom
|-damage|p1a: Rotom|52/100
|
|-heal|p1a: Rotom|58/100|[from] item: Leftovers
|upkeep
|turn|25
|
|t:|1776055403
|switch|p2a: Slowking|Slowking-Galar, F|100/100
|-damage|p2a: Slowking|88/100|[from] Stealth Rock
|move|p1a: Rotom|Pain Split|p2a: Slowking
|-sethp|p2a: Slowking|67/100|[from] move: Pain Split|[silent]
|-sethp|p1a: Rotom|86/100|[from] move: Pain Split
|
|-heal|p1a: Rotom|92/100|[from] item: Leftovers
|upkeep
|turn|26
|
|t:|1776055410
|switch|p2a: Hydrapple|Hydrapple, M|100/100 brn
|move|p1a: Rotom|Volt Switch|p2a: Hydrapple
|-resisted|p2a: Hydrapple
|-damage|p2a: Hydrapple|95/100 brn
|
|t:|1776055416
|switch|p1a: Infernape|Infernape, M|88/100|[from] Volt Switch
|-damage|p1a: Infernape|76/100|[from] Stealth Rock
|
|-damage|p2a: Hydrapple|88/100 brn|[from] brn
|upkeep
|turn|27
|
|t:|1776055422
|switch|p2a: Slowking|Slowking-Galar, F|99/100
|-damage|p2a: Slowking|88/100|[from] Stealth Rock
|move|p1a: Infernape|Flare Blitz|p2a: Slowking
|-damage|p2a: Slowking|27/100
|-damage|p1a: Infernape|49/100|[from] Recoil
|
|upkeep
|turn|28
|
|t:|1776055429
|switch|p2a: Moltres|Moltres|92/100
|move|p1a: Infernape|Flare Blitz|p2a: Moltres
|-resisted|p2a: Moltres
|-damage|p2a: Moltres|66/100
|-damage|p1a: Infernape|38/100|[from] Recoil
|
|upkeep
|turn|29
|
|t:|1776055439
|move|p1a: Infernape|Flare Blitz|p2a: Moltres
|-resisted|p2a: Moltres
|-damage|p2a: Moltres|37/100
|-damage|p1a: Infernape|26/100|[from] Recoil
|move|p2a: Moltres|Roost|p2a: Moltres
|-heal|p2a: Moltres|87/100
|-singleturn|p2a: Moltres|move: Roost
|
|upkeep
|turn|30
|
|t:|1776055445
|move|p1a: Infernape|Flare Blitz|p2a: Moltres
|-resisted|p2a: Moltres
|-damage|p2a: Moltres|47/100
|-damage|p1a: Infernape|8/100|[from] Recoil
|move|p2a: Moltres|Flamethrower|p1a: Infernape
|-resisted|p1a: Infernape
|-damage|p1a: Infernape|0 fnt
|faint|p1a: Infernape
|
|upkeep
|
|t:|1776055466
|switch|p1a: Rotom|Rotom-Wash|92/100
|-damage|p1a: Rotom|80/100|[from] Stealth Rock
|turn|31
|
|t:|1776055470
|move|p1a: Rotom|Volt Switch|p2a: Moltres
|-supereffective|p2a: Moltres
|-damage|p2a: Moltres|0 fnt
|faint|p2a: Moltres
|
|t:|1776055474
|switch|p1a: Corviknight|Corviknight, M|59/100|[from] Volt Switch
|-damage|p1a: Corviknight|47/100|[from] Stealth Rock
|
|upkeep
|
|t:|1776055480
|switch|p2a: Hydrapple|Hydrapple, M|100/100 brn
|turn|32
|
|t:|1776055486
|move|p1a: Corviknight|Roost|p1a: Corviknight
|-heal|p1a: Corviknight|97/100
|-singleturn|p1a: Corviknight|move: Roost
|move|p2a: Hydrapple|Nasty Plot|p2a: Hydrapple
|-boost|p2a: Hydrapple|spa|2
|
|-damage|p2a: Hydrapple|94/100 brn|[from] brn
|upkeep
|turn|33
|
|t:|1776055493
|move|p1a: Corviknight|Brave Bird|p2a: Hydrapple
|-supereffective|p2a: Hydrapple
|-damage|p2a: Hydrapple|50/100 brn
|-damage|p1a: Corviknight|82/100|[from] Recoil
|move|p2a: Hydrapple|Fickle Beam|p1a: Corviknight
|-resisted|p1a: Corviknight
|-damage|p1a: Corviknight|47/100
|
|-damage|p2a: Hydrapple|44/100 brn|[from] brn
|upkeep
|turn|34
|
|t:|1776055501
|switch|p2a: Excadrill|Excadrill, F|97/100
|-damage|p2a: Excadrill|94/100|[from] Stealth Rock
|-item|p2a: Excadrill|Air Balloon
|move|p1a: Corviknight|Brave Bird|p2a: Excadrill
|-resisted|p2a: Excadrill
|-damage|p2a: Excadrill|70/100
|-enditem|p2a: Excadrill|Air Balloon
|-damage|p1a: Corviknight|40/100|[from] Recoil
|
|upkeep
|turn|35
|
|t:|1776055510
|move|p2a: Excadrill|Iron Head|p1a: Corviknight
|-resisted|p1a: Corviknight
|-damage|p1a: Corviknight|27/100
|move|p1a: Corviknight|U-turn|p2a: Excadrill
|-resisted|p2a: Excadrill
|-damage|p2a: Excadrill|60/100
|
|t:|1776055516
|switch|p1a: Ogerpon|Ogerpon-Wellspring, F|27/100|[from] U-turn
|-damage|p1a: Ogerpon|14/100|[from] Stealth Rock
|
|upkeep
|turn|36
|
|t:|1776055522
|switch|p2a: Hydrapple|Hydrapple, M|77/100 brn
|move|p1a: Ogerpon|Ivy Cudgel|p2a: Hydrapple|[anim] Ivy Cudgel Water
|-resisted|p2a: Hydrapple
|-damage|p2a: Hydrapple|69/100 brn
|
|-damage|p2a: Hydrapple|63/100 brn|[from] brn
|upkeep
|turn|37
|
|t:|1776055529
|switch|p2a: Excadrill|Excadrill, F|60/100
|-damage|p2a: Excadrill|56/100|[from] Stealth Rock
|move|p1a: Ogerpon|Play Rough|p2a: Excadrill
|-resisted|p2a: Excadrill
|-crit|p2a: Excadrill
|-damage|p2a: Excadrill|21/100
|
|upkeep
|turn|38
|
|t:|1776055537
|switch|p2a: Hydrapple|Hydrapple, M|96/100 brn
|move|p1a: Ogerpon|Ivy Cudgel|p2a: Hydrapple|[anim] Ivy Cudgel Water
|-resisted|p2a: Hydrapple
|-damage|p2a: Hydrapple|87/100 brn
|
|-damage|p2a: Hydrapple|81/100 brn|[from] brn
|upkeep
|turn|39
|
|t:|1776055540
|-terastallize|p2a: Hydrapple|Poison
|move|p1a: Ogerpon|Play Rough|p2a: Hydrapple
|-resisted|p2a: Hydrapple
|-damage|p2a: Hydrapple|71/100 brn
|move|p2a: Hydrapple|Fickle Beam|p1a: Ogerpon
|-damage|p1a: Ogerpon|0 fnt
|faint|p1a: Ogerpon
|
|-damage|p2a: Hydrapple|64/100 brn|[from] brn
|upkeep
|
|t:|1776055557
|switch|p1a: Corviknight|Corviknight, M|27/100
|-damage|p1a: Corviknight|14/100|[from] Stealth Rock
|turn|40
|
|t:|1776055561
|switch|p2a: Slowking|Slowking-Galar, F|61/100
|-damage|p2a: Slowking|48/100|[from] Stealth Rock
|move|p1a: Corviknight|Roost|p1a: Corviknight
|-heal|p1a: Corviknight|64/100
|-singleturn|p1a: Corviknight|move: Roost
|
|upkeep
|turn|41
|
|t:|1776055564
|move|p1a: Corviknight|U-turn|p2a: Slowking
|-damage|p2a: Slowking|36/100
|
|t:|1776055569
|switch|p1a: Scizor|Scizor, F|100/100|[from] U-turn
|-damage|p1a: Scizor|88/100|[from] Stealth Rock
|move|p2a: Slowking|Flamethrower|p1a: Scizor
|-supereffective|p1a: Scizor
|-damage|p1a: Scizor|0 fnt
|faint|p1a: Scizor
|
|upkeep
|
|t:|1776055577
|switch|p1a: Corviknight|Corviknight, M|64/100
|-damage|p1a: Corviknight|52/100|[from] Stealth Rock
|turn|42
|
|t:|1776055580
|move|p1a: Corviknight|Brave Bird|p2a: Slowking
|-damage|p2a: Slowking|5/100
|-damage|p1a: Corviknight|42/100|[from] Recoil
|move|p2a: Slowking|Flamethrower|p1a: Corviknight
|-supereffective|p1a: Corviknight
|-damage|p1a: Corviknight|0 fnt
|faint|p1a: Corviknight
|
|upkeep
|
|t:|1776055583
|switch|p1a: Rotom|Rotom-Wash|80/100
|-damage|p1a: Rotom|67/100|[from] Stealth Rock
|turn|43
|
|t:|1776055587
|switch|p2a: Excadrill|Excadrill, F|21/100
|-damage|p2a: Excadrill|18/100|[from] Stealth Rock
|move|p1a: Rotom|Hydro Pump|p2a: Excadrill|[miss]
|-miss|p1a: Rotom|p2a: Excadrill
|
|-heal|p1a: Rotom|74/100|[from] item: Leftovers
|upkeep
|turn|44
|
|t:|1776055591
|move|p2a: Excadrill|Rapid Spin|p1a: Rotom
|-damage|p1a: Rotom|58/100
|-boost|p2a: Excadrill|spe|1
|-sideend|p2: Blastoise_Choice|Stealth Rock|[from] move: Rapid Spin|[of] p2a: Excadrill
|move|p1a: Rotom|Hydro Pump|p2a: Excadrill
|-supereffective|p2a: Excadrill
|-damage|p2a: Excadrill|0 fnt
|faint|p2a: Excadrill
|
|-heal|p1a: Rotom|64/100|[from] item: Leftovers
|upkeep
|
|t:|1776055594
|switch|p2a: Slowking|Slowking-Galar, F|39/100
|turn|45
|
|t:|1776055600
|switch|p2a: Hydrapple|Hydrapple, M, tera:Poison|98/100 brn
|move|p1a: Rotom|Hydro Pump|p2a: Hydrapple
|-damage|p2a: Hydrapple|55/100 brn
|
|-heal|p1a: Rotom|70/100|[from] item: Leftovers
|-damage|p2a: Hydrapple|48/100 brn|[from] brn
|upkeep
|turn|46
|
|t:|1776055609
|-terastallize|p1a: Rotom|Steel
|move|p1a: Rotom|Hydro Pump|p2a: Hydrapple
|-damage|p2a: Hydrapple|6/100 brn
|move|p2a: Hydrapple|Giga Drain|p1a: Rotom
|-resisted|p1a: Rotom
|-damage|p1a: Rotom|52/100
|-heal|p2a: Hydrapple|13/100 brn|[from] drain|[of] p1a: Rotom
|
|-heal|p1a: Rotom|58/100|[from] item: Leftovers
|-damage|p2a: Hydrapple|7/100 brn|[from] brn
|upkeep
|turn|47
|
|t:|1776055615
|switch|p2a: Slowking|Slowking-Galar, F|72/100
|move|p1a: Rotom|Volt Switch|p2a: Slowking
|-damage|p2a: Slowking|58/100
|
|-heal|p1a: Rotom|64/100|[from] item: Leftovers
|upkeep
|turn|48
|
|t:|1776055619
|move|p1a: Rotom|Hydro Pump|p2a: Slowking
|-damage|p2a: Slowking|37/100
|move|p2a: Slowking|Flamethrower|p1a: Rotom
|-supereffective|p1a: Rotom
|-damage|p1a: Rotom|14/100
|
|-heal|p1a: Rotom|21/100|[from] item: Leftovers
|upkeep
|turn|49
|
|t:|1776055624
|move|p1a: Rotom|Hydro Pump|p2a: Slowking
|-damage|p2a: Slowking|17/100
|move|p2a: Slowking|Flamethrower|p1a: Rotom
|-supereffective|p1a: Rotom
|-damage|p1a: Rotom|0 fnt
|faint|p1a: Rotom
|
|win|Blastoise_Choice
|raw|AndrewF462's rating: 1452 &rarr; <strong>1435</strong><br />(-17 for losing)
|raw|Blastoise_Choice's rating: 1497 &rarr; <strong>1514</strong><br />(+17 for winning)
|c|☆Blastoise_Choice|gg
|l| ohko_smeargle
|l|☆Blastoise_Choice
|player|p2|
|c|☆AndrewF462|Fuck I should’ve saw the flamethrower
|l|☆AndrewF462
|player|p1|
