|html|<div class="broadcast-blue"><strong>[Gen 9] OU is currently suspecting Tera Blast! For information on how to participate check out the <a href="https://www.smogon.com/tools/suspects/view/200">suspect thread</a>.</strong></div>
|j|☆kugiki
|j|☆notashota
|t:|1776173710
|gametype|singles
|player|p1|kugiki|101|1068
|player|p2|notashota|ethan|1051
|gen|9
|tier|[Gen 9] OU
|rated|
|rule|HP Percentage Mod: HP is shown in percentages
|rule|Endless Battle Clause: Forcing endless battles is banned
|rule|Species Clause: Limit one of each Pokémon
|rule|OHKO Clause: OHKO moves are banned
|rule|Evasion Items Clause: Evasion items are banned
|rule|Evasion Moves Clause: Evasion moves are banned
|rule|Evasion Abilities Clause: Evasion abilities are banned
|rule|Sleep Moves Clause: Sleep-inducing moves are banned
|clearpoke
|poke|p1|Blissey, F|
|poke|p1|Serperior, F|
|poke|p1|Rillaboom, M|
|poke|p1|Volcanion|
|poke|p1|Tyranitar, F|
|poke|p1|Hatterene, F|
|poke|p2|Slowbro, M|
|poke|p2|Scizor, M|
|poke|p2|Dragonite, M|
|poke|p2|Clefable, F|
|poke|p2|Gengar, M|
|poke|p2|Ditto|
|teampreview
|
|t:|1776173736
|teamsize|p1|6
|teamsize|p2|6
|start
|switch|p1a: Blissey|Blissey, F, shiny|100/100
|switch|p2a: Ditto|Ditto|100/100
|-transform|p2a: Ditto|p1a: Blissey|[from] ability: Imposter
|turn|1
|
|t:|1776173750
|move|p2a: Ditto|Stealth Rock|p1a: Blissey
|-sidestart|p1: kugiki|move: Stealth Rock
|move|p1a: Blissey|Stealth Rock|p2a: Ditto
|-sidestart|p2: notashota|move: Stealth Rock
|
|upkeep
|turn|2
|
|t:|1776173770
|switch|p2a: Scizor|Scizor, M|100/100
|-damage|p2a: Scizor|88/100|[from] Stealth Rock
|move|p1a: Blissey|Seismic Toss|p2a: Scizor
|-damage|p2a: Scizor|59/100
|
|upkeep
|turn|3
|
|t:|1776173779
|move|p2a: Scizor|Bullet Punch|p1a: Blissey
|-damage|p1a: Blissey|67/100
|move|p1a: Blissey|Seismic Toss|p2a: Scizor
|-damage|p2a: Scizor|30/100
|
|-heal|p1a: Blissey|73/100|[from] item: Leftovers
|upkeep
|turn|4
|
|t:|1776173786
|move|p2a: Scizor|Swords Dance|p2a: Scizor
|-boost|p2a: Scizor|atk|2
|move|p1a: Blissey|Seismic Toss|p2a: Scizor
|-damage|p2a: Scizor|1/100
|-enditem|p2a: Scizor|Aguav Berry|[eat]
|-heal|p2a: Scizor|34/100|[from] item: Aguav Berry
|
|-heal|p1a: Blissey|79/100|[from] item: Leftovers
|upkeep
|turn|5
|
|t:|1776173798
|move|p2a: Scizor|Bullet Punch|p1a: Blissey
|-damage|p1a: Blissey|9/100
|move|p1a: Blissey|Seismic Toss|p2a: Scizor
|-damage|p2a: Scizor|5/100
|
|-heal|p1a: Blissey|15/100|[from] item: Leftovers
|upkeep
|turn|6
|
|t:|1776173805
|move|p2a: Scizor|Bullet Punch|p1a: Blissey
|-damage|p1a: Blissey|0 fnt
|faint|p1a: Blissey
|
|upkeep
|
|t:|1776173812
|switch|p1a: Rillaboom|Rillaboom, M, shiny|100/100
|-damage|p1a: Rillaboom|88/100|[from] Stealth Rock
|-fieldstart|move: Grassy Terrain|[from] ability: Grassy Surge|[of] p1a: Rillaboom
|turn|7
|
|t:|1776173819
|move|p1a: Rillaboom|Grassy Glide|p2a: Scizor
|-resisted|p2a: Scizor
|-damage|p2a: Scizor|0 fnt
|faint|p2a: Scizor
|
|-heal|p1a: Rillaboom|94/100|[from] Grassy Terrain
|upkeep
|
|t:|1776173828
|switch|p2a: Clefable|Clefable, F|100/100
|turn|8
|
|t:|1776173834
|switch|p1a: Serperior|Serperior, F|100/100
|-damage|p1a: Serperior|88/100|[from] Stealth Rock
|move|p2a: Clefable|Calm Mind|p2a: Clefable
|-boost|p2a: Clefable|spa|1
|-boost|p2a: Clefable|spd|1
|
|-heal|p1a: Serperior|94/100|[from] Grassy Terrain
|upkeep
|turn|9
|
|t:|1776173842
|move|p1a: Serperior|Leaf Storm|p2a: Clefable|[miss]
|-miss|p1a: Serperior|p2a: Clefable
|move|p2a: Clefable|Flamethrower|p1a: Serperior
|-supereffective|p1a: Serperior
|-damage|p1a: Serperior|0 fnt
|faint|p1a: Serperior
|
|upkeep
|
|t:|1776173868
|switch|p1a: Hatterene|Hatterene, F|100/100
|-damage|p1a: Hatterene|88/100|[from] Stealth Rock
|turn|10
|
|t:|1776173874
|move|p2a: Clefable|Flamethrower|p1a: Hatterene
|-damage|p1a: Hatterene|46/100
|move|p1a: Hatterene|Nuzzle|p2a: Clefable
|-damage|p2a: Clefable|96/100
|-status|p2a: Clefable|par
|
|-heal|p1a: Hatterene|52/100|[from] Grassy Terrain
|-heal|p2a: Clefable|100/100 par|[from] Grassy Terrain
|upkeep
|turn|11
|
|t:|1776173885
|move|p1a: Hatterene|Pain Split|p2a: Clefable
|-sethp|p2a: Clefable|71/100 par|[from] move: Pain Split|[silent]
|-sethp|p1a: Hatterene|88/100|[from] move: Pain Split
|move|p2a: Clefable|Calm Mind|p2a: Clefable
|-boost|p2a: Clefable|spa|1
|-boost|p2a: Clefable|spd|1
|
|-heal|p1a: Hatterene|94/100|[from] Grassy Terrain
|-heal|p2a: Clefable|77/100 par|[from] Grassy Terrain
|-fieldend|move: Grassy Terrain
|upkeep
|turn|12
|
|t:|1776173897
|move|p1a: Hatterene|Psychic Noise|p2a: Clefable
|-damage|p2a: Clefable|61/100 par
|-start|p2a: Clefable|move: Heal Block
|move|p2a: Clefable|Flamethrower|p1a: Hatterene
|-damage|p1a: Hatterene|38/100
|
|upkeep
|turn|13
|
|t:|1776173911
|move|p1a: Hatterene|Pain Split|p2a: Clefable
|-sethp|p2a: Clefable|46/100 par|[from] move: Pain Split|[silent]
|-sethp|p1a: Hatterene|57/100|[from] move: Pain Split
|move|p2a: Clefable|Flamethrower|p1a: Hatterene
|-damage|p1a: Hatterene|1/100
|
|-end|p2a: Clefable|move: Heal Block
|upkeep
|turn|14
|
|t:|1776173922
|move|p1a: Hatterene|Draining Kiss|p2a: Clefable
|-damage|p2a: Clefable|35/100 par
|-heal|p1a: Hatterene|11/100|[from] drain|[of] p2a: Clefable
|move|p2a: Clefable|Flamethrower|p1a: Hatterene
|-damage|p1a: Hatterene|0 fnt
|faint|p1a: Hatterene
|
|upkeep
|
|t:|1776173933
|switch|p1a: Rillaboom|Rillaboom, M, shiny|94/100
|-damage|p1a: Rillaboom|82/100|[from] Stealth Rock
|-fieldstart|move: Grassy Terrain|[from] ability: Grassy Surge|[of] p1a: Rillaboom
|turn|15
|
|t:|1776173938
|move|p1a: Rillaboom|Wood Hammer|p2a: Clefable
|-damage|p2a: Clefable|0 fnt
|faint|p2a: Clefable
|-damage|p1a: Rillaboom|69/100|[from] Recoil
|
|-heal|p1a: Rillaboom|75/100|[from] Grassy Terrain
|upkeep
|
|t:|1776173948
|switch|p2a: Ditto|Ditto|100/100
|-damage|p2a: Ditto|88/100|[from] Stealth Rock
|-transform|p2a: Ditto|p1a: Rillaboom|[from] ability: Imposter
|turn|16
|
|t:|1776173963
|move|p2a: Ditto|U-turn|p1a: Rillaboom
|-supereffective|p1a: Rillaboom
|-damage|p1a: Rillaboom|19/100
|
|t:|1776173972
|switch|p2a: Dragonite|Dragonite, M|100/100|[from] U-turn
|-damage|p2a: Dragonite|76/100|[from] Stealth Rock
|move|p1a: Rillaboom|Wood Hammer|p2a: Dragonite
|-resisted|p2a: Dragonite
|-damage|p2a: Dragonite|38/100
|-damage|p1a: Rillaboom|7/100|[from] Recoil
|
|-heal|p1a: Rillaboom|13/100|[from] Grassy Terrain
|upkeep
|turn|17
|
|t:|1776173984
|move|p2a: Dragonite|Extreme Speed|p1a: Rillaboom
|-damage|p1a: Rillaboom|0 fnt
|faint|p1a: Rillaboom
|
|upkeep
|
|t:|1776173991
|switch|p1a: Tyranitar|Tyranitar, F, shiny|100/100
|-ability|p1a: Tyranitar|Unnerve
|turn|18
|
|t:|1776174004
|move|p2a: Dragonite|Earthquake|p1a: Tyranitar
|-supereffective|p1a: Tyranitar
|-damage|p1a: Tyranitar|61/100
|move|p1a: Tyranitar|Ice Punch|p2a: Dragonite
|-supereffective|p2a: Dragonite
|-damage|p2a: Dragonite|0 fnt
|faint|p2a: Dragonite
|
|-heal|p1a: Tyranitar|67/100|[from] Grassy Terrain
|upkeep
|
|t:|1776174015
|switch|p2a: Ditto|Ditto|88/100
|-damage|p2a: Ditto|76/100|[from] Stealth Rock
|-transform|p2a: Ditto|p1a: Tyranitar|[from] ability: Imposter
|-ability|p2a: Ditto|Unnerve
|turn|19
|
|t:|1776174032
|move|p2a: Ditto|Low Kick|p1a: Tyranitar
|-supereffective|p1a: Tyranitar
|-damage|p1a: Tyranitar|0 fnt
|faint|p1a: Tyranitar
|
|-heal|p2a: Ditto|82/100|[from] Grassy Terrain
|-fieldend|move: Grassy Terrain
|upkeep
|
|t:|1776174035
|switch|p1a: Volcanion|Volcanion|100/100
|-damage|p1a: Volcanion|76/100|[from] Stealth Rock
|turn|20
|
|t:|1776174041
|move|p2a: Ditto|Low Kick|p1a: Volcanion
|-damage|p1a: Volcanion|35/100
|move|p1a: Volcanion|Steam Eruption|p2a: Ditto
|-supereffective|p2a: Ditto
|-damage|p2a: Ditto|0 fnt
|faint|p2a: Ditto
|
|upkeep
|
|t:|1776174052
|switch|p2a: Slowbro|Slowbro, M|100/100
|-damage|p2a: Slowbro|88/100|[from] Stealth Rock
|turn|21
|
|t:|1776174057
|move|p1a: Volcanion|Sludge Bomb|p2a: Slowbro
|-damage|p2a: Slowbro|55/100
|move|p2a: Slowbro|Future Sight|p1a: Volcanion
|-start|p2a: Slowbro|move: Future Sight
|
|-heal|p2a: Slowbro|61/100|[from] item: Leftovers
|upkeep
|turn|22
|
|t:|1776174063
|-terastallize|p1a: Volcanion|Ghost
|move|p1a: Volcanion|Sludge Bomb|p2a: Slowbro
|-damage|p2a: Slowbro|26/100
|move|p2a: Slowbro|Calm Mind|p2a: Slowbro
|-boost|p2a: Slowbro|spa|1
|-boost|p2a: Slowbro|spd|1
|
|-heal|p2a: Slowbro|32/100|[from] item: Leftovers
|upkeep
|turn|23
|
|t:|1776174079
|move|p1a: Volcanion|Sludge Bomb|p2a: Slowbro
|-damage|p2a: Slowbro|9/100
|move|p2a: Slowbro|Slack Off|p2a: Slowbro
|-heal|p2a: Slowbro|59/100
|
|-end|p1a: Volcanion|move: Future Sight
|-damage|p1a: Volcanion|0 fnt
|faint|p1a: Volcanion
|
|win|notashota
|raw|kugiki's rating: 1068 &rarr; <strong>1047</strong><br />(-21 for losing)
|raw|notashota's rating: 1051 &rarr; <strong>1085</strong><br />(+34 for winning)
|c|☆notashota|gg
|l|☆kugiki
|player|p1|
