|html|<div class="broadcast-blue"><strong>[Gen 9] OU is currently suspecting Tera Blast! For information on how to participate check out the <a href="https://www.smogon.com/tools/suspects/view/200">suspect thread</a>.</strong></div>
|j|☆Cocomao7
|j|☆DoubleBaggerDavis
|t:|1776054939
|gametype|singles
|player|p1|Cocomao7|biker-gen4|1076
|player|p2|DoubleBaggerDavis|cheryl|1159
|gen|9
|tier|[Gen 9] OU
|rated|
|rule|HP Percentage Mod: HP is shown in percentages
|rule|Endless Battle Clause: Forcing endless battles is banned
|rule|Species Clause: Limit one of each Pokémon
|rule|OHKO Clause: OHKO moves are banned
|rule|Evasion Items Clause: Evasion items are banned
|rule|Evasion Moves Clause: Evasion moves are banned
|rule|Evasion Abilities Clause: Evasion abilities are banned
|rule|Sleep Moves Clause: Sleep-inducing moves are banned
|clearpoke
|poke|p1|Torkoal, F|
|poke|p1|Blaziken, F|
|poke|p1|Grafaiai, M|
|poke|p1|Venusaur, M|
|poke|p1|Quagsire, F|
|poke|p1|Mamoswine, M|
|poke|p2|Dragonite, M|
|poke|p2|Moltres-Galar|
|poke|p2|Raging Bolt|
|poke|p2|Ogerpon-Cornerstone, F|
|poke|p2|Iron Valiant|
|poke|p2|Hatterene, F|
|teampreview
|inactive|Battle timer is ON: inactive players will automatically lose when time's up. (requested by DoubleBaggerDavis)
|inactive|Cocomao7 also wants the timer to be on.
|
|t:|1776054947
|teamsize|p1|6
|teamsize|p2|6
|start
|switch|p1a: JohnnySomali|Grafaiai, M|100/100
|switch|p2a: Iron Valiant|Iron Valiant|100/100
|turn|1
|
|t:|1776054952
|move|p2a: Iron Valiant|Taunt|p1a: JohnnySomali
|-start|p1a: JohnnySomali|move: Taunt
|move|p1a: JohnnySomali|Knock Off|p2a: Iron Valiant
|-resisted|p2a: Iron Valiant
|-damage|p2a: Iron Valiant|93/100
|-enditem|p2a: Iron Valiant|Light Clay|[from] move: Knock Off|[of] p1a: JohnnySomali
|
|upkeep
|turn|2
|
|t:|1776054961
|switch|p1a: ShinyVedal|Torkoal, F|100/100
|-weather|SunnyDay|[from] ability: Drought|[of] p1a: ShinyVedal
|move|p2a: Iron Valiant|Reflect|p2a: Iron Valiant
|-sidestart|p2: DoubleBaggerDavis|Reflect
|
|-weather|SunnyDay|[upkeep]
|upkeep
|turn|3
|
|t:|1776054966
|move|p2a: Iron Valiant|Light Screen|p2a: Iron Valiant
|-sidestart|p2: DoubleBaggerDavis|move: Light Screen
|move|p1a: ShinyVedal|Stealth Rock|p2a: Iron Valiant
|-sidestart|p2: DoubleBaggerDavis|move: Stealth Rock
|
|-weather|SunnyDay|[upkeep]
|upkeep
|turn|4
|
|t:|1776054973
|-end|p2a: Iron Valiant|Quark Drive|[silent]
|switch|p2a: Ogerpon|Ogerpon-Cornerstone, F|100/100
|-damage|p2a: Ogerpon|88/100|[from] Stealth Rock
|switch|p1a: JohnnySomali|Grafaiai, M|100/100
|
|-weather|SunnyDay|[upkeep]
|upkeep
|turn|5
|
|t:|1776054979
|move|p1a: JohnnySomali|Parting Shot|p2a: Ogerpon
|-unboost|p2a: Ogerpon|atk|1
|-unboost|p2a: Ogerpon|spa|1
|
|t:|1776054982
|switch|p1a: YourMom|Venusaur, M|100/100|[from] Parting Shot
|move|p2a: Ogerpon|Ivy Cudgel|p1a: YourMom|[anim] Ivy Cudgel Rock
|-damage|p1a: YourMom|54/100
|
|-weather|SunnyDay|[upkeep]
|-heal|p1a: YourMom|60/100|[from] item: Black Sludge
|upkeep
|turn|6
|
|t:|1776054991
|switch|p1a: JohnnySomali|Grafaiai, M|100/100
|move|p2a: Ogerpon|Ivy Cudgel|p1a: JohnnySomali|[anim] Ivy Cudgel Rock
|-damage|p1a: JohnnySomali|23/100
|
|-weather|SunnyDay|[upkeep]
|-sideend|p2: DoubleBaggerDavis|Reflect
|upkeep
|turn|7
|
|t:|1776054996
|move|p1a: JohnnySomali|Parting Shot|p2a: Ogerpon
|-unboost|p2a: Ogerpon|atk|1
|-unboost|p2a: Ogerpon|spa|1
|
|t:|1776055004
|switch|p1a: Old Tusk|Mamoswine, M|100/100|[from] Parting Shot
|move|p2a: Ogerpon|Swords Dance|p2a: Ogerpon
|-boost|p2a: Ogerpon|atk|2
|
|-weather|SunnyDay|[upkeep]
|-sideend|p2: DoubleBaggerDavis|move: Light Screen
|upkeep
|turn|8
|
|t:|1776055023
|move|p2a: Ogerpon|Low Kick|p1a: Old Tusk
|-supereffective|p1a: Old Tusk
|-damage|p1a: Old Tusk|0 fnt
|faint|p1a: Old Tusk
|
|-weather|SunnyDay|[upkeep]
|upkeep
|-message|Cocomao7 forfeited.
|
|win|DoubleBaggerDavis
|raw|Cocomao7's rating: 1076 &rarr; <strong>1060</strong><br />(-16 for losing)
|raw|DoubleBaggerDavis's rating: 1159 &rarr; <strong>1178</strong><br />(+19 for winning)
|l|☆Cocomao7
|player|p1|
|l|☆DoubleBaggerDavis
|player|p2|
