|html|<div class="broadcast-blue"><strong>[Gen 9] OU is currently suspecting Tera Blast! For information on how to participate check out the <a href="https://www.smogon.com/tools/suspects/view/200">suspect thread</a>.</strong></div>
|j|☆The Quaggie Boys
|j|☆JasperHatton
|t:|1776132728
|gametype|singles
|player|p1|The Quaggie Boys|ingo|1078
|player|p2|JasperHatton|palmer|1064
|gen|9
|tier|[Gen 9] OU
|rated|
|rule|HP Percentage Mod: HP is shown in percentages
|rule|Endless Battle Clause: Forcing endless battles is banned
|rule|Species Clause: Limit one of each Pokémon
|rule|OHKO Clause: OHKO moves are banned
|rule|Evasion Items Clause: Evasion items are banned
|rule|Evasion Moves Clause: Evasion moves are banned
|rule|Evasion Abilities Clause: Evasion abilities are banned
|rule|Sleep Moves Clause: Sleep-inducing moves are banned
|clearpoke
|poke|p1|Quagsire, M|
|poke|p1|Camerupt, F|
|poke|p1|Hatterene, F|
|poke|p1|Hoopa-Unbound|
|poke|p1|Diancie|
|poke|p1|Necrozma|
|poke|p2|Houndoom, M|
|poke|p2|Lucario, M|
|poke|p2|Gardevoir, F|
|poke|p2|Garchomp, M|
|poke|p2|Leavanny, F|
|poke|p2|Gengar, F|
|teampreview
|inactive|Battle timer is ON: inactive players will automatically lose when time's up. (requested by The Quaggie Boys)
|
|t:|1776132752
|teamsize|p1|6
|teamsize|p2|6
|start
|switch|p1a: Necrozma|Necrozma|100/100
|switch|p2a: Leavanny|Leavanny, F|100/100
|turn|1
|
|t:|1776132758
|move|p2a: Leavanny|Swords Dance|p2a: Leavanny
|-boost|p2a: Leavanny|atk|2
|move|p1a: Necrozma|Meteor Beam||[still]
|-prepare|p1a: Necrozma|Meteor Beam
|-boost|p1a: Necrozma|spa|1
|-enditem|p1a: Necrozma|Power Herb
|-anim|p1a: Necrozma|Meteor Beam|p2a: Leavanny
|-supereffective|p2a: Leavanny
|-enditem|p2a: Leavanny|Focus Sash
|-damage|p2a: Leavanny|1/100
|
|upkeep
|turn|2
|
|t:|1776132769
|move|p2a: Leavanny|X-Scissor|p1a: Necrozma
|-supereffective|p1a: Necrozma
|-damage|p1a: Necrozma|0 fnt
|faint|p1a: Necrozma
|
|upkeep
|
|t:|1776132782
|switch|p1a: Camerupt|Camerupt, F, shiny|100/100
|turn|3
|
|t:|1776132808
|move|p2a: Leavanny|Knock Off|p1a: Camerupt
|-damage|p1a: Camerupt|29/100
|-enditem|p1a: Camerupt|Charcoal|[from] move: Knock Off|[of] p2a: Leavanny
|move|p1a: Camerupt|Earth Power|p2a: Leavanny
|-resisted|p2a: Leavanny
|-damage|p2a: Leavanny|0 fnt
|faint|p2a: Leavanny
|
|upkeep
|inactive|JasperHatton has 120 seconds left.
|
|t:|1776132819
|switch|p2a: Gardevoir|Gardevoir, F|100/100
|-ability|p2a: Gardevoir|Solid Rock|Trace|[from] ability: Trace|[of] p1a: Camerupt
|turn|4
|
|t:|1776132825
|move|p2a: Gardevoir|Psychic|p1a: Camerupt
|-damage|p1a: Camerupt|0 fnt
|faint|p1a: Camerupt
|-damage|p2a: Gardevoir|91/100|[from] item: Life Orb
|
|upkeep
|
|t:|1776132839
|switch|p1a: Quagsire|Quagsire, M, shiny|100/100
|turn|5
|inactive|JasperHatton has 120 seconds left.
|
|t:|1776132871
|move|p2a: Gardevoir|Moonblast|p1a: Quagsire
|-damage|p1a: Quagsire|19/100
|-damage|p2a: Gardevoir|81/100|[from] item: Life Orb
|move|p1a: Quagsire|Earthquake|p2a: Gardevoir
|-damage|p2a: Gardevoir|0 fnt
|faint|p2a: Gardevoir
|
|upkeep
|inactive|JasperHatton has 90 seconds left.
|
|t:|1776132904
|switch|p2a: Gengar|Gengar, F|100/100
|turn|6
|
|t:|1776132907
|move|p2a: Gengar|Energy Ball|p1a: Quagsire
|-supereffective|p1a: Quagsire
|-damage|p1a: Quagsire|0 fnt
|faint|p1a: Quagsire
|
|upkeep
|
|t:|1776132913
|switch|p1a: Hoopa|Hoopa-Unbound|100/100
|turn|7
|
|t:|1776132919
|move|p2a: Gengar|Energy Ball|p1a: Hoopa
|-damage|p1a: Hoopa|71/100
|move|p1a: Hoopa|Trick Room|p1a: Hoopa
|-fieldstart|move: Trick Room|[of] p1a: Hoopa
|
|upkeep
|turn|8
|
|t:|1776132931
|switch|p2a: Houndoom|Houndoom, M|100/100
|move|p1a: Hoopa|Hyperspace Fury|p2a: Houndoom
|-resisted|p2a: Houndoom
|-damage|p2a: Houndoom|25/100
|-unboost|p1a: Hoopa|def|1
|-damage|p1a: Hoopa|61/100|[from] item: Life Orb
|
|upkeep
|turn|9
|
|t:|1776132940
|move|p1a: Hoopa|Drain Punch|p2a: Houndoom
|-supereffective|p2a: Houndoom
|-damage|p2a: Houndoom|0 fnt
|-heal|p1a: Hoopa|71/100|[from] drain|[of] p2a: Houndoom
|faint|p2a: Houndoom
|-damage|p1a: Hoopa|62/100|[from] item: Life Orb
|
|upkeep
|
|t:|1776132946
|switch|p2a: Garchomp|Garchomp, M|100/100
|turn|10
|
|t:|1776132950
|move|p1a: Hoopa|Psychic|p2a: Garchomp
|-damage|p2a: Garchomp|25/100
|-damage|p1a: Hoopa|52/100|[from] item: Life Orb
|move|p2a: Garchomp|Earthquake|p1a: Hoopa
|-damage|p1a: Hoopa|0 fnt
|faint|p1a: Hoopa
|
|upkeep
|
|t:|1776132966
|switch|p1a: Hatterene|Hatterene, F|100/100
|turn|11
|inactive|JasperHatton has 120 seconds left.
|
|t:|1776132990
|move|p1a: Hatterene|Psyshock|p2a: Garchomp
|-damage|p2a: Garchomp|0 fnt
|faint|p2a: Garchomp
|-damage|p1a: Hatterene|91/100|[from] item: Life Orb
|
|-fieldend|move: Trick Room
|upkeep
|inactive|JasperHatton has 120 seconds left.
|
|t:|1776132996
|switch|p2a: Gengar|Gengar, F|100/100
|turn|12
|
|t:|1776133000
|-terastallize|p1a: Hatterene|Fire
|move|p2a: Gengar|Sludge Wave|p1a: Hatterene
|-damage|p1a: Hatterene|37/100
|move|p1a: Hatterene|Trick Room|p1a: Hatterene
|-fieldstart|move: Trick Room|[of] p1a: Hatterene
|
|upkeep
|turn|13
|
|t:|1776133009
|move|p1a: Hatterene|Mystical Fire|p2a: Gengar
|-damage|p2a: Gengar|4/100
|-unboost|p2a: Gengar|spa|1
|-damage|p1a: Hatterene|27/100|[from] item: Life Orb
|move|p2a: Gengar|Shadow Ball|p1a: Hatterene
|-damage|p1a: Hatterene|0 fnt
|faint|p1a: Hatterene
|
|upkeep
|
|t:|1776133019
|switch|p1a: Diancie|Diancie, shiny|100/100
|turn|14
|
|t:|1776133032
|move|p1a: Diancie|Meteor Beam||[still]
|-prepare|p1a: Diancie|Meteor Beam
|-boost|p1a: Diancie|spa|1
|-enditem|p1a: Diancie|Power Herb
|-anim|p1a: Diancie|Meteor Beam|p2a: Gengar
|-damage|p2a: Gengar|0 fnt
|faint|p2a: Gengar
|
|upkeep
|
|t:|1776133035
|switch|p2a: Lucario|Lucario, M|100/100
|turn|15
|
|t:|1776133042
|-terastallize|p2a: Lucario|Ground
|move|p1a: Diancie|Moonblast|p2a: Lucario
|-damage|p2a: Lucario|0 fnt
|faint|p2a: Lucario
|
|win|The Quaggie Boys
|raw|The Quaggie Boys's rating: 1078 &rarr; <strong>1105</strong><br />(+27 for winning)
|raw|JasperHatton's rating: 1064 &rarr; <strong>1045</strong><br />(-19 for losing)
