|html|<div class="broadcast-blue"><strong>[Gen 9] OU is currently suspecting Tera Blast! For information on how to participate check out the <a href="https://www.smogon.com/tools/suspects/view/200">suspect thread</a>.</strong></div>
|j|☆9hatesmurfs
|j|☆suaiaj
|t:|1776190389
|gametype|singles
|player|p1|9hatesmurfs|lady-gen4|1478
|player|p2|suaiaj|juan|1497
|gen|9
|tier|[Gen 9] OU
|rated|
|rule|HP Percentage Mod: HP is shown in percentages
|rule|Endless Battle Clause: Forcing endless battles is banned
|rule|Species Clause: Limit one of each Pokémon
|rule|OHKO Clause: OHKO moves are banned
|rule|Evasion Items Clause: Evasion items are banned
|rule|Evasion Moves Clause: Evasion moves are banned
|rule|Evasion Abilities Clause: Evasion abilities are banned
|rule|Sleep Moves Clause: Sleep-inducing moves are banned
|clearpoke
|poke|p1|Kingambit, F|
|poke|p1|Great Tusk|
|poke|p1|Dragapult, M|
|poke|p1|Moltres|
|poke|p1|Clefable, F|
|poke|p1|Volcanion|
|poke|p2|Dragonite, M|
|poke|p2|Chandelure, F|
|poke|p2|Great Tusk|
|poke|p2|Amoonguss, F|
|poke|p2|Samurott-Hisui, F|
|poke|p2|Gholdengo|
|teampreview
|
|t:|1776190413
|teamsize|p1|6
|teamsize|p2|6
|start
|switch|p1a: Kingambit|Kingambit, F|100/100
|switch|p2a: Samurott|Samurott-Hisui, F, shiny|100/100
|turn|1
|
|t:|1776190419
|move|p2a: Samurott|Sacred Sword|p1a: Kingambit
|-supereffective|p1a: Kingambit
|-damage|p1a: Kingambit|0 fnt
|faint|p1a: Kingambit
|-end|p1a: Kingambit|fallenundefined|[silent]
|
|upkeep
|
|t:|1776190423
|switch|p1a: Dragapult|Dragapult, M, shiny|100/100
|turn|2
|
|t:|1776190426
|switch|p2a: Amoonguss|Amoonguss, F|100/100
|move|p1a: Dragapult|U-turn|p2a: Amoonguss
|-damage|p2a: Amoonguss|76/100
|-damage|p1a: Dragapult|84/100|[from] item: Rocky Helmet|[of] p2a: Amoonguss
|
|t:|1776190430
|switch|p1a: Moltres|Moltres|100/100|[from] U-turn
|
|upkeep
|turn|3
|
|t:|1776190440
|switch|p2a: Chandelure|Chandelure, F|100/100
|-item|p2a: Chandelure|Air Balloon
|move|p1a: Moltres|Hurricane|p2a: Chandelure
|-damage|p2a: Chandelure|44/100
|-enditem|p2a: Chandelure|Air Balloon
|
|upkeep
|turn|4
|
|t:|1776190452
|move|p1a: Moltres|Hurricane|p2a: Chandelure
|-damage|p2a: Chandelure|0 fnt
|faint|p2a: Chandelure
|
|upkeep
|
|t:|1776190456
|switch|p2a: Samurott|Samurott-Hisui, F, shiny|100/100
|turn|5
|
|t:|1776190459
|move|p1a: Moltres|Hurricane|p2a: Samurott
|-damage|p2a: Samurott|46/100
|move|p2a: Samurott|Ceaseless Edge|p1a: Moltres
|-damage|p1a: Moltres|46/100
|-status|p2a: Samurott|brn|[from] ability: Flame Body|[of] p1a: Moltres
|-sidestart|p1: 9hatesmurfs|Spikes
|
|-damage|p2a: Samurott|40/100 brn|[from] brn
|upkeep
|turn|6
|
|t:|1776190465
|move|p1a: Moltres|Hurricane|p2a: Samurott|[miss]
|-miss|p1a: Moltres|p2a: Samurott
|move|p2a: Samurott|Ceaseless Edge|p1a: Moltres
|-damage|p1a: Moltres|23/100
|-sidestart|p1: 9hatesmurfs|Spikes
|
|-damage|p2a: Samurott|34/100 brn|[from] brn
|upkeep
|turn|7
|
|t:|1776190469
|move|p1a: Moltres|Hurricane|p2a: Samurott|[miss]
|-miss|p1a: Moltres|p2a: Samurott
|move|p2a: Samurott|Ceaseless Edge|p1a: Moltres
|-damage|p1a: Moltres|0 fnt
|-sidestart|p1: 9hatesmurfs|Spikes
|faint|p1a: Moltres
|
|-damage|p2a: Samurott|28/100 brn|[from] brn
|upkeep
|
|t:|1776190474
|switch|p1a: Great Tusk|Great Tusk, shiny|100/100
|turn|8
|
|t:|1776190478
|move|p1a: Great Tusk|Ice Spinner|p2a: Samurott
|-resisted|p2a: Samurott
|-damage|p2a: Samurott|13/100 brn
|move|p2a: Samurott|Ceaseless Edge|p1a: Great Tusk
|-resisted|p1a: Great Tusk
|-damage|p1a: Great Tusk|87/100
|
|-damage|p2a: Samurott|7/100 brn|[from] brn
|upkeep
|turn|9
|
|t:|1776190484
|move|p1a: Great Tusk|Rapid Spin|p2a: Samurott
|-damage|p2a: Samurott|0 fnt
|-boost|p1a: Great Tusk|spe|1
|-sideend|p1: 9hatesmurfs|Spikes|[from] move: Rapid Spin|[of] p1a: Great Tusk
|faint|p2a: Samurott
|
|upkeep
|
|t:|1776190493
|switch|p2a: Amoonguss|Amoonguss, F|100/100
|turn|10
|
|t:|1776190498
|move|p1a: Great Tusk|Stealth Rock|p2a: Amoonguss
|-sidestart|p2: suaiaj|move: Stealth Rock
|move|p2a: Amoonguss|Stun Spore|p1a: Great Tusk
|-status|p1a: Great Tusk|par
|
|upkeep
|turn|11
|
|t:|1776190506
|-end|p1a: Great Tusk|Protosynthesis|[silent]
|switch|p1a: Volcanion|Volcanion|100/100
|move|p2a: Amoonguss|Leaf Storm|p1a: Volcanion
|-damage|p1a: Volcanion|70/100
|-unboost|p2a: Amoonguss|spa|2
|
|upkeep
|turn|12
|
|t:|1776190520
|move|p1a: Volcanion|Fire Spin|p2a: Amoonguss
|-supereffective|p2a: Amoonguss
|-damage|p2a: Amoonguss|69/100
|-activate|p2a: Amoonguss|move: Fire Spin|[of] p1a: Volcanion
|move|p2a: Amoonguss|Stun Spore|p1a: Volcanion
|-status|p1a: Volcanion|par
|
|-damage|p2a: Amoonguss|56/100|[from] move: Fire Spin|[partiallytrapped]
|upkeep
|turn|13
|
|t:|1776190528
|cant|p1a: Volcanion|par
|move|p2a: Amoonguss|Foul Play|p1a: Volcanion
|-damage|p1a: Volcanion|55/100 par
|
|-damage|p2a: Amoonguss|44/100|[from] move: Fire Spin|[partiallytrapped]
|upkeep
|turn|14
|
|t:|1776190537
|move|p1a: Volcanion|Fire Spin|p2a: Amoonguss
|-supereffective|p2a: Amoonguss
|-damage|p2a: Amoonguss|10/100
|move|p2a: Amoonguss|Stomping Tantrum|p1a: Volcanion
|-supereffective|p1a: Volcanion
|-damage|p1a: Volcanion|29/100 par
|
|-damage|p2a: Amoonguss|0 fnt|[from] move: Fire Spin|[partiallytrapped]
|faint|p2a: Amoonguss
|upkeep
|
|t:|1776190545
|switch|p2a: Dragonite|Dragonite, M|100/100
|turn|15
|
|t:|1776190551
|move|p2a: Dragonite|Earthquake|p1a: Volcanion
|-supereffective|p1a: Volcanion
|-damage|p1a: Volcanion|0 fnt
|faint|p1a: Volcanion
|
|upkeep
|
|t:|1776190554
|switch|p1a: Great Tusk|Great Tusk, shiny|87/100 par
|turn|16
|
|t:|1776190558
|-terastallize|p2a: Dragonite|Normal
|move|p2a: Dragonite|Dragon Dance|p2a: Dragonite
|-boost|p2a: Dragonite|atk|1
|-boost|p2a: Dragonite|spe|1
|cant|p1a: Great Tusk|par
|
|upkeep
|turn|17
|
|t:|1776190563
|move|p2a: Dragonite|Dragon Dance|p2a: Dragonite
|-boost|p2a: Dragonite|atk|1
|-boost|p2a: Dragonite|spe|1
|cant|p1a: Great Tusk|par
|
|upkeep
|turn|18
|
|t:|1776190567
|move|p2a: Dragonite|Dragon Dance|p2a: Dragonite
|-boost|p2a: Dragonite|atk|1
|-boost|p2a: Dragonite|spe|1
|cant|p1a: Great Tusk|par
|
|upkeep
|turn|19
|-message|suaiaj forfeited.
|
|win|9hatesmurfs
|raw|9hatesmurfs's rating: 1478 &rarr; <strong>1499</strong><br />(+21 for winning)
|raw|suaiaj's rating: 1497 &rarr; <strong>1476</strong><br />(-21 for losing)
|l|☆suaiaj
|player|p2|
