|html|<div class="broadcast-blue"><strong>[Gen 9] OU is currently suspecting Tera Blast! For information on how to participate check out the <a href="https://www.smogon.com/tools/suspects/view/200">suspect thread</a>.</strong></div>
|j|☆BERNARDOGBj
|j|☆sharkerthantheteal
|t:|1776214535
|gametype|singles
|player|p1|BERNARDOGBj|hilbert|1157
|player|p2|sharkerthantheteal|cynthia-gen4|1178
|gen|9
|tier|[Gen 9] OU
|rated|
|rule|HP Percentage Mod: HP is shown in percentages
|rule|Endless Battle Clause: Forcing endless battles is banned
|rule|Species Clause: Limit one of each Pokémon
|rule|OHKO Clause: OHKO moves are banned
|rule|Evasion Items Clause: Evasion items are banned
|rule|Evasion Moves Clause: Evasion moves are banned
|rule|Evasion Abilities Clause: Evasion abilities are banned
|rule|Sleep Moves Clause: Sleep-inducing moves are banned
|clearpoke
|poke|p1|Gliscor, F|
|poke|p1|Garganacl, M|
|poke|p1|Zapdos|
|poke|p1|Iron Crown|
|poke|p1|Raging Bolt|
|poke|p1|Darkrai|
|poke|p2|Cetitan, F|
|poke|p2|Ninetales-Alola, F|
|poke|p2|Great Tusk|
|poke|p2|Dragapult, M|
|poke|p2|Iron Valiant|
|poke|p2|Gholdengo|
|teampreview
|j| GruesomeLovelies
|
|t:|1776214552
|teamsize|p1|6
|teamsize|p2|6
|start
|switch|p1a: Garganacl|Garganacl, M|100/100
|switch|p2a: Gholdengo|Gholdengo|100/100
|turn|1
|
|t:|1776214563
|move|p2a: Gholdengo|Trick|p1a: Garganacl
|-activate|p2a: Gholdengo|move: Trick|[of] p1a: Garganacl
|-item|p1a: Garganacl|Choice Scarf|[from] move: Trick
|-item|p2a: Gholdengo|Leftovers|[from] move: Trick
|move|p1a: Garganacl|Earthquake|p2a: Gholdengo
|-supereffective|p2a: Gholdengo
|-damage|p2a: Gholdengo|35/100
|
|-heal|p2a: Gholdengo|41/100|[from] item: Leftovers
|upkeep
|turn|2
|
|t:|1776214577
|switch|p2a: Great Tusk|Great Tusk|100/100
|move|p1a: Garganacl|Earthquake|p2a: Great Tusk
|-damage|p2a: Great Tusk|83/100
|
|upkeep
|turn|3
|
|t:|1776214584
|switch|p1a: Zapdos|Zapdos|100/100
|move|p2a: Great Tusk|Bulk Up|p2a: Great Tusk
|-boost|p2a: Great Tusk|atk|1
|-boost|p2a: Great Tusk|def|1
|
|upkeep
|turn|4
|
|t:|1776214592
|move|p1a: Zapdos|Hurricane|p2a: Great Tusk|[miss]
|-miss|p1a: Zapdos|p2a: Great Tusk
|move|p2a: Great Tusk|Bulk Up|p2a: Great Tusk
|-boost|p2a: Great Tusk|atk|1
|-boost|p2a: Great Tusk|def|1
|
|upkeep
|turn|5
|
|t:|1776214601
|move|p1a: Zapdos|Hurricane|p2a: Great Tusk
|-supereffective|p2a: Great Tusk
|-damage|p2a: Great Tusk|0 fnt
|faint|p2a: Great Tusk
|-end|p2a: Great Tusk|Protosynthesis|[silent]
|
|upkeep
|
|t:|1776214606
|switch|p2a: Gholdengo|Gholdengo|41/100
|turn|6
|
|t:|1776214613
|move|p1a: Zapdos|Heat Wave|p2a: Gholdengo
|-supereffective|p2a: Gholdengo
|-damage|p2a: Gholdengo|0 fnt
|faint|p2a: Gholdengo
|
|upkeep
|
|t:|1776214617
|switch|p2a: Ninetales|Ninetales-Alola, F|100/100
|-weather|Snowscape|[from] ability: Snow Warning|[of] p2a: Ninetales
|turn|7
|
|t:|1776214623
|move|p2a: Ninetales|Aurora Veil|p2a: Ninetales
|-sidestart|p2: sharkerthantheteal|move: Aurora Veil
|move|p1a: Zapdos|Heat Wave|p2a: Ninetales
|-supereffective|p2a: Ninetales
|-damage|p2a: Ninetales|69/100
|
|-weather|Snowscape|[upkeep]
|upkeep
|turn|8
|
|t:|1776214630
|switch|p1a: Garganacl|Garganacl, M|100/100
|move|p2a: Ninetales|Freeze-Dry|p1a: Garganacl
|-damage|p1a: Garganacl|81/100
|-status|p1a: Garganacl|frz
|
|-weather|Snowscape|[upkeep]
|upkeep
|turn|9
|
|t:|1776214638
|switch|p2a: Cetitan|Cetitan, F|100/100
|cant|p1a: Garganacl|frz
|
|-weather|Snowscape|[upkeep]
|upkeep
|turn|10
|
|t:|1776214645
|-terastallize|p2a: Cetitan|Ice
|move|p2a: Cetitan|Belly Drum|p2a: Cetitan
|-damage|p2a: Cetitan|50/100
|-setboost|p2a: Cetitan|atk|6|[from] move: Belly Drum
|-enditem|p2a: Cetitan|Sitrus Berry|[eat]
|-heal|p2a: Cetitan|75/100|[from] item: Sitrus Berry
|cant|p1a: Garganacl|frz
|
|-weather|Snowscape|[upkeep]
|upkeep
|turn|11
|
|t:|1776214654
|move|p2a: Cetitan|Ice Spinner|p1a: Garganacl
|-damage|p1a: Garganacl|0 fnt
|faint|p1a: Garganacl
|
|-weather|none
|upkeep
|
|t:|1776214662
|switch|p1a: Raging Bolt|Raging Bolt|100/100
|-enditem|p1a: Raging Bolt|Booster Energy
|-activate|p1a: Raging Bolt|ability: Protosynthesis|[fromitem]
|-start|p1a: Raging Bolt|protosynthesisspa
|turn|12
|
|t:|1776214668
|move|p2a: Cetitan|Ice Shard|p1a: Raging Bolt
|-supereffective|p1a: Raging Bolt
|-damage|p1a: Raging Bolt|0 fnt
|faint|p1a: Raging Bolt
|-end|p1a: Raging Bolt|Protosynthesis|[silent]
|
|upkeep
|
|t:|1776214674
|switch|p1a: Iron Crown|Iron Crown|100/100
|-enditem|p1a: Iron Crown|Booster Energy
|-activate|p1a: Iron Crown|ability: Quark Drive|[fromitem]
|-start|p1a: Iron Crown|quarkdrivespa
|turn|13
|
|t:|1776214680
|-terastallize|p1a: Iron Crown|Steel
|move|p2a: Cetitan|Ice Shard|p1a: Iron Crown
|-resisted|p1a: Iron Crown
|-damage|p1a: Iron Crown|51/100
|move|p1a: Iron Crown|Tachyon Cutter|p2a: Cetitan
|-supereffective|p2a: Cetitan
|-damage|p2a: Cetitan|24/100
|-supereffective|p2a: Cetitan
|-damage|p2a: Cetitan|0 fnt
|faint|p2a: Cetitan
|-hitcount|p2: Cetitan|2
|
|upkeep
|
|t:|1776214690
|switch|p2a: Ninetales|Ninetales-Alola, F|69/100
|-weather|Snowscape|[from] ability: Snow Warning|[of] p2a: Ninetales
|turn|14
|
|t:|1776214698
|move|p2a: Ninetales|Encore|p1a: Iron Crown
|-start|p1a: Iron Crown|Encore
|move|p1a: Iron Crown|Tachyon Cutter|p2a: Ninetales
|-supereffective|p2a: Ninetales
|-damage|p2a: Ninetales|0 fnt
|faint|p2a: Ninetales
|-hitcount|p2: Ninetales|1
|
|-weather|Snowscape|[upkeep]
|-sideend|p2: sharkerthantheteal|move: Aurora Veil
|upkeep
|
|t:|1776214706
|switch|p2a: Iron Valiant|Iron Valiant|100/100
|-enditem|p2a: Iron Valiant|Booster Energy
|-activate|p2a: Iron Valiant|ability: Quark Drive|[fromitem]
|-start|p2a: Iron Valiant|quarkdrivespe
|turn|15
|
|t:|1776214712
|move|p2a: Iron Valiant|Disable|p1a: Iron Crown
|-start|p1a: Iron Crown|Disable|Tachyon Cutter
|cant|p1a: Iron Crown|Disable|Tachyon Cutter
|
|-weather|Snowscape|[upkeep]
|upkeep
|turn|16
|
|t:|1776214724
|-end|p1a: Iron Crown|Quark Drive|[silent]
|switch|p1a: Zapdos|Zapdos|100/100
|move|p2a: Iron Valiant|Calm Mind|p2a: Iron Valiant
|-boost|p2a: Iron Valiant|spa|1
|-boost|p2a: Iron Valiant|spd|1
|
|-weather|Snowscape|[upkeep]
|upkeep
|turn|17
|
|t:|1776214732
|move|p2a: Iron Valiant|Moonblast|p1a: Zapdos
|-damage|p1a: Zapdos|20/100
|move|p1a: Zapdos|Hurricane|p2a: Iron Valiant
|-supereffective|p2a: Iron Valiant
|-damage|p2a: Iron Valiant|0 fnt
|faint|p2a: Iron Valiant
|-end|p2a: Iron Valiant|Quark Drive|[silent]
|
|-weather|Snowscape|[upkeep]
|upkeep
|
|t:|1776214747
|switch|p2a: Dragapult|Dragapult, M|100/100
|turn|18
|c|☆sharkerthantheteal|gg
|
|t:|1776214753
|move|p2a: Dragapult|Shadow Ball|p1a: Zapdos
|-damage|p1a: Zapdos|0 fnt
|faint|p1a: Zapdos
|
|-weather|none
|upkeep
|
|t:|1776214755
|switch|p1a: Gliscor|Gliscor, F|100/100
|turn|19
|
|t:|1776214759
|move|p2a: Dragapult|Shadow Ball|p1a: Gliscor
|-damage|p1a: Gliscor|45/100
|-unboost|p1a: Gliscor|spd|1
|move|p1a: Gliscor|Toxic|p2a: Dragapult
|-status|p2a: Dragapult|tox
|
|-damage|p2a: Dragapult|95/100 tox|[from] psn
|-status|p1a: Gliscor|tox|[from] item: Toxic Orb
|upkeep
|turn|20
|
|t:|1776214769
|move|p1a: Gliscor|Protect|p1a: Gliscor
|-singleturn|p1a: Gliscor|Protect
|move|p2a: Dragapult|Shadow Ball|p1a: Gliscor
|-activate|p1a: Gliscor|move: Protect
|
|-damage|p2a: Dragapult|83/100 tox|[from] psn
|-heal|p1a: Gliscor|58/100 tox|[from] ability: Poison Heal
|upkeep
|turn|21
|
|t:|1776214780
|switch|p1a: Darkrai|Darkrai|100/100
|move|p2a: Dragapult|Shadow Ball|p1a: Darkrai
|-resisted|p1a: Darkrai
|-damage|p1a: Darkrai|67/100
|
|-damage|p2a: Dragapult|65/100 tox|[from] psn
|upkeep
|turn|22
|
|t:|1776214787
|move|p2a: Dragapult|Shadow Ball|p1a: Darkrai
|-resisted|p1a: Darkrai
|-damage|p1a: Darkrai|35/100
|move|p1a: Darkrai|Dark Pulse|p2a: Dragapult
|-supereffective|p2a: Dragapult
|-damage|p2a: Dragapult|0 fnt
|faint|p2a: Dragapult
|
|win|BERNARDOGBj
|raw|BERNARDOGBj's rating: 1157 &rarr; <strong>1184</strong><br />(+27 for winning)
|raw|sharkerthantheteal's rating: 1178 &rarr; <strong>1151</strong><br />(-27 for losing)
