|html|<div class="broadcast-blue"><strong>[Gen 9] OU is currently suspecting Tera Blast! For information on how to participate check out the <a href="https://www.smogon.com/tools/suspects/view/200">suspect thread</a>.</strong></div>
|j|☆Sergay_Is_Straight
|j|☆ilikehorse222
|t:|1776071706
|gametype|singles
|player|p1|Sergay_Is_Straight|265|1410
|player|p2|ilikehorse222|cress|1340
|gen|9
|tier|[Gen 9] OU
|rated|
|rule|HP Percentage Mod: HP is shown in percentages
|rule|Endless Battle Clause: Forcing endless battles is banned
|rule|Species Clause: Limit one of each Pokémon
|rule|OHKO Clause: OHKO moves are banned
|rule|Evasion Items Clause: Evasion items are banned
|rule|Evasion Moves Clause: Evasion moves are banned
|rule|Evasion Abilities Clause: Evasion abilities are banned
|rule|Sleep Moves Clause: Sleep-inducing moves are banned
|clearpoke
|poke|p1|Regidrago|
|poke|p1|Grimmsnarl, M|
|poke|p1|Corviknight, M|
|poke|p1|Raging Bolt|
|poke|p1|Maushold|
|poke|p1|Ceruledge, M|
|poke|p2|Kyurem|
|poke|p2|Cinderace, M|
|poke|p2|Tornadus-Therian, M|
|poke|p2|Hatterene, F|
|poke|p2|Great Tusk|
|poke|p2|Kingambit, F|
|teampreview
|inactive|Battle timer is ON: inactive players will automatically lose when time's up. (requested by ilikehorse222)
|inactive|Sergay_Is_Straight has 120 seconds left.
|inactive|Sergay_Is_Straight has 90 seconds left.
|inactive|Sergay_Is_Straight has 60 seconds left.
|c|☆ilikehorse222|y r there spectators in every game
|
|t:|1776071835
|teamsize|p1|6
|teamsize|p2|6
|start
|switch|p1a: Regidrago|Regidrago|100/100
|switch|p2a: welcome to|Cinderace, M|100/100
|turn|1
|c|☆Sergay_Is_Straight|sorry got a phone call
|inactive|Sergay_Is_Straight has 90 seconds left.
|inactive|ilikehorse222 has 120 seconds left.
|c|☆Sergay_Is_Straight|damn i had 1400 elo
|c|☆Sergay_Is_Straight|imma kill allat
|
|t:|1776071887
|move|p2a: welcome to|U-turn|p1a: Regidrago
|-start|p2a: welcome to|typechange|Bug|[from] ability: Libero
|-damage|p1a: Regidrago|63/100
|c|☆Sergay_Is_Straight|i havent played in like 2 months
|c|☆ilikehorse222|lol
|c|☆ilikehorse222|dont worry im rlly bad
|
|t:|1776071899
|switch|p2a: wish you were hear|Hatterene, F|100/100|[from] U-turn
|move|p1a: Regidrago|Scale Shot|p2a: wish you were hear
|-immune|p2a: wish you were hear
|
|upkeep
|turn|2
|
|t:|1776071912
|switch|p1a: Grimmothy|Grimmsnarl, M|100/100
|move|p2a: wish you were hear|Nuzzle|p1a: Grimmothy
|-damage|p1a: Grimmothy|96/100
|-status|p1a: Grimmothy|par
|
|upkeep
|turn|3
|
|t:|1776071920
|switch|p2a: welcome to|Cinderace, M|100/100
|cant|p1a: Grimmothy|par
|
|upkeep
|turn|4
|c|☆Sergay_Is_Straight|goddamn
|inactive|Sergay_Is_Straight has 90 seconds left.
|c|☆ilikehorse222|i dont have court change D:
|c|☆Sergay_Is_Straight|im def looking forward to the para change in champions
|c|☆Sergay_Is_Straight|ain't no way
|c|☆ilikehorse222|yeah
|c|☆ilikehorse222|fr
|
|t:|1776071949
|move|p1a: Grimmothy|Reflect|p1a: Grimmothy
|-sidestart|p1: Sergay_Is_Straight|Reflect
|move|p2a: welcome to|Gunk Shot|p1a: Grimmothy
|-start|p2a: welcome to|typechange|Poison|[from] ability: Libero
|-supereffective|p1a: Grimmothy
|-damage|p1a: Grimmothy|31/100 par
|
|upkeep
|turn|5
|c|☆Sergay_Is_Straight|let's see
|inactive|Sergay_Is_Straight has 90 seconds left.
|c|☆ilikehorse222|dam u called it
|inactive|ilikehorse222 has 90 seconds left.
|c|☆ilikehorse222|ive said that against like 3 grimsnarl teams and they didnt click screens lol
|
|t:|1776071985
|cant|p1a: Grimmothy|par
|move|p2a: welcome to|Gunk Shot|p1a: Grimmothy
|-supereffective|p1a: Grimmothy
|-damage|p1a: Grimmothy|0 fnt
|faint|p1a: Grimmothy
|
|upkeep
|c|☆Sergay_Is_Straight|i belive ppl
|c|☆Sergay_Is_Straight|i have faith in this world or sum
|inactive|Sergay_Is_Straight has 60 seconds left.
|c|☆ilikehorse222|fr
|
|t:|1776072011
|switch|p1a: edging 24/7|Ceruledge, M|100/100
|turn|6
|
|t:|1776072016
|move|p2a: welcome to|U-turn|p1a: edging 24/7
|-resisted|p1a: edging 24/7
|-damage|p1a: edging 24/7|96/100
|-ability|p1a: edging 24/7|Weak Armor|boost
|-unboost|p1a: edging 24/7|def|1
|-boost|p1a: edging 24/7|spe|2
|
|t:|1776072028
|switch|p2a: have a cigar|Great Tusk|100/100|[from] U-turn
|move|p1a: edging 24/7|Swords Dance|p1a: edging 24/7
|-boost|p1a: edging 24/7|atk|2
|
|upkeep
|turn|7
|
|t:|1776072052
|-terastallize|p1a: edging 24/7|Fighting
|-terastallize|p2a: have a cigar|Dragon
|move|p1a: edging 24/7|Shadow Sneak|p2a: have a cigar
|-damage|p2a: have a cigar|65/100
|-damage|p1a: edging 24/7|80/100|[from] item: Rocky Helmet|[of] p2a: have a cigar
|-damage|p1a: edging 24/7|70/100|[from] item: Life Orb
|move|p2a: have a cigar|Headlong Rush|p1a: edging 24/7
|-damage|p1a: edging 24/7|16/100
|-unboost|p2a: have a cigar|def|1
|-unboost|p2a: have a cigar|spd|1
|-ability|p1a: edging 24/7|Weak Armor|boost
|-unboost|p1a: edging 24/7|def|1
|-boost|p1a: edging 24/7|spe|2
|
|upkeep
|turn|8
|inactive|Sergay_Is_Straight has 60 seconds left.
|
|t:|1776072068
|move|p1a: edging 24/7|Bitter Blade|p2a: have a cigar
|-resisted|p2a: have a cigar
|-damage|p2a: have a cigar|9/100
|-heal|p1a: edging 24/7|59/100|[from] drain|[of] p2a: have a cigar
|-damage|p1a: edging 24/7|42/100|[from] item: Rocky Helmet|[of] p2a: have a cigar
|-damage|p1a: edging 24/7|32/100|[from] item: Life Orb
|move|p2a: have a cigar|Ice Spinner|p1a: edging 24/7
|-damage|p1a: edging 24/7|0 fnt
|faint|p1a: edging 24/7
|
|upkeep
|inactive|Sergay_Is_Straight has 60 seconds left.
|
|t:|1776072076
|switch|p1a: Taxi shii|Corviknight, M|100/100
|-ability|p1a: Taxi shii|Pressure
|turn|9
|
|t:|1776072082
|move|p2a: have a cigar|Stealth Rock|p1a: Taxi shii
|-sidestart|p1: Sergay_Is_Straight|move: Stealth Rock
|move|p1a: Taxi shii|Bulk Up|p1a: Taxi shii
|-boost|p1a: Taxi shii|atk|1
|-boost|p1a: Taxi shii|def|1
|
|upkeep
|turn|10
|
|t:|1776072090
|-end|p2a: have a cigar|Protosynthesis|[silent]
|switch|p2a: shine on you (1-5)|Tornadus-Therian, M|100/100
|move|p1a: Taxi shii|Bulk Up|p1a: Taxi shii
|-boost|p1a: Taxi shii|atk|1
|-boost|p1a: Taxi shii|def|1
|
|upkeep
|turn|11
|
|t:|1776072094
|move|p2a: shine on you (1-5)|Heat Wave|p1a: Taxi shii
|-supereffective|p1a: Taxi shii
|-damage|p1a: Taxi shii|67/100
|-enditem|p1a: Taxi shii|Maranga Berry|[eat]
|-boost|p1a: Taxi shii|spd|1|[from] item: Maranga Berry
|move|p1a: Taxi shii|Agility|p1a: Taxi shii
|-boost|p1a: Taxi shii|spe|2
|
|-sideend|p1: Sergay_Is_Straight|Reflect
|upkeep
|turn|12
|c|☆ilikehorse222|oh no
|inactive|ilikehorse222 has 120 seconds left.
|c|☆Sergay_Is_Straight|crazy set no ?
|c|☆ilikehorse222|oops
|c|☆ilikehorse222|yeah
|c|☆Sergay_Is_Straight|bird on bird action
|c|☆ilikehorse222|dam never seen that before
|
|t:|1776072118
|move|p2a: shine on you (1-5)|Heat Wave|p1a: Taxi shii
|-supereffective|p1a: Taxi shii
|-damage|p1a: Taxi shii|43/100
|move|p1a: Taxi shii|Bulk Up|p1a: Taxi shii
|-boost|p1a: Taxi shii|atk|1
|-boost|p1a: Taxi shii|def|1
|
|upkeep
|turn|13
|inactive|Sergay_Is_Straight has 90 seconds left.
|c|☆Sergay_Is_Straight|it's 100% cheese
|
|t:|1776072128
|move|p2a: shine on you (1-5)|Heat Wave|p1a: Taxi shii
|-supereffective|p1a: Taxi shii
|-damage|p1a: Taxi shii|22/100
|move|p1a: Taxi shii|Roost|p1a: Taxi shii
|-heal|p1a: Taxi shii|72/100
|-singleturn|p1a: Taxi shii|move: Roost
|
|upkeep
|turn|14
|inactive|ilikehorse222 has 120 seconds left.
|c|☆Sergay_Is_Straight|and i'm not ashamed of it
|c|☆ilikehorse222|i didnt even know corv got agility tbh
|
|t:|1776072155
|move|p2a: shine on you (1-5)|Heat Wave|p1a: Taxi shii
|-supereffective|p1a: Taxi shii
|-damage|p1a: Taxi shii|47/100
|move|p1a: Taxi shii|Agility|p1a: Taxi shii
|-boost|p1a: Taxi shii|spe|2
|
|upkeep
|turn|15
|c|☆Sergay_Is_Straight|yh cuz only mentaly deranged ppl would play this
|inactive|Sergay_Is_Straight has 90 seconds left.
|
|t:|1776072176
|switch|p2a: the machine|Kyurem|100/100
|-ability|p2a: the machine|Pressure
|move|p1a: Taxi shii|Roost|p1a: Taxi shii
|-heal|p1a: Taxi shii|97/100
|-singleturn|p1a: Taxi shii|move: Roost
|
|upkeep
|turn|16
|
|t:|1776072183
|move|p1a: Taxi shii|Power Trip|p2a: the machine
|-damage|p2a: the machine|0 fnt
|faint|p2a: the machine
|
|upkeep
|c|☆Sergay_Is_Straight|here comes the last move
|
|t:|1776072191
|switch|p2a: shine on you (6-9)|Kingambit, F|100/100
|-activate|p2a: shine on you (6-9)|ability: Supreme Overlord
|-start|p2a: shine on you (6-9)|fallen1|[silent]
|turn|17
|
|t:|1776072196
|-end|p2a: shine on you (6-9)|fallen1|[silent]
|switch|p2a: have a cigar|Great Tusk, tera:Dragon|9/100
|move|p1a: Taxi shii|Power Trip|p2a: have a cigar
|-damage|p2a: have a cigar|0 fnt
|-damage|p1a: Taxi shii|81/100|[from] item: Rocky Helmet|[of] p2a: have a cigar
|faint|p2a: have a cigar
|-end|p2a: have a cigar|Protosynthesis|[silent]
|
|upkeep
|inactive|ilikehorse222 has 120 seconds left.
|
|t:|1776072213
|switch|p2a: shine on you (1-5)|Tornadus-Therian, M|100/100
|turn|18
|
|t:|1776072215
|move|p1a: Taxi shii|Power Trip|p2a: shine on you (1-5)
|-damage|p2a: shine on you (1-5)|0 fnt
|faint|p2a: shine on you (1-5)
|
|upkeep
|inactive|ilikehorse222 has 120 seconds left.
|
|t:|1776072221
|switch|p2a: welcome to|Cinderace, M|100/100
|turn|19
|c|☆ilikehorse222|yeah
|c|☆ilikehorse222|its over
|
|t:|1776072229
|move|p1a: Taxi shii|Power Trip|p2a: welcome to
|-damage|p2a: welcome to|0 fnt
|faint|p2a: welcome to
|
|upkeep
|
|t:|1776072232
|switch|p2a: wish you were hear|Hatterene, F|100/100
|turn|20
|c|☆Sergay_Is_Straight|yeah mb bro
|
|t:|1776072235
|move|p1a: Taxi shii|Power Trip|p2a: wish you were hear
|-damage|p2a: wish you were hear|0 fnt
|faint|p2a: wish you were hear
|
|upkeep
|
|t:|1776072238
|switch|p2a: shine on you (6-9)|Kingambit, F|100/100
|-activate|p2a: shine on you (6-9)|ability: Supreme Overlord
|-start|p2a: shine on you (6-9)|fallen5|[silent]
|turn|21
|c|☆Sergay_Is_Straight|i def didnt play well tho
|c|☆ilikehorse222|no u got me
|
|t:|1776072250
|move|p2a: shine on you (6-9)|Sucker Punch|p1a: Taxi shii
|-damage|p1a: Taxi shii|59/100
|move|p1a: Taxi shii|Power Trip|p2a: shine on you (6-9)
|-resisted|p2a: shine on you (6-9)
|-damage|p2a: shine on you (6-9)|54/100
|
|-heal|p2a: shine on you (6-9)|60/100|[from] item: Leftovers
|upkeep
|turn|22
|c|☆ilikehorse222|hang on
|c|☆Sergay_Is_Straight|lowkey crit kills
|
|t:|1776072259
|move|p1a: Taxi shii|Power Trip|p2a: shine on you (6-9)
|-resisted|p2a: shine on you (6-9)
|-damage|p2a: shine on you (6-9)|15/100
|move|p2a: shine on you (6-9)|Swords Dance|p2a: shine on you (6-9)
|-boost|p2a: shine on you (6-9)|atk|2
|
|-heal|p2a: shine on you (6-9)|21/100|[from] item: Leftovers
|upkeep
|turn|23
|
|t:|1776072268
|move|p2a: shine on you (6-9)|Sucker Punch|p1a: Taxi shii
|-damage|p1a: Taxi shii|19/100
|move|p1a: Taxi shii|Power Trip|p2a: shine on you (6-9)
|-resisted|p2a: shine on you (6-9)
|-damage|p2a: shine on you (6-9)|0 fnt
|faint|p2a: shine on you (6-9)
|-end|p2a: shine on you (6-9)|fallen5|[silent]
|
|win|Sergay_Is_Straight
|raw|Sergay_Is_Straight's rating: 1410 &rarr; <strong>1426</strong><br />(+16 for winning)
|raw|ilikehorse222's rating: 1340 &rarr; <strong>1324</strong><br />(-16 for losing)
|c|☆ilikehorse222|lock in kingambit
|c|☆Sergay_Is_Straight|gg
|c|☆Sergay_Is_Straight|wp
|c|☆ilikehorse222|gg
|l|☆ilikehorse222
|player|p2|
