|html|<div class="broadcast-blue"><strong>[Gen 9] OU is currently suspecting Tera Blast! For information on how to participate check out the <a href="https://www.smogon.com/tools/suspects/view/200">suspect thread</a>.</strong></div>
|j|☆SpiralShift
|j|☆Ghostyre
|t:|1776055617
|gametype|singles
|player|p1|SpiralShift|169|1086
|player|p2|Ghostyre|hugh|1084
|gen|9
|tier|[Gen 9] OU
|rated|
|rule|HP Percentage Mod: HP is shown in percentages
|rule|Endless Battle Clause: Forcing endless battles is banned
|rule|Species Clause: Limit one of each Pokémon
|rule|OHKO Clause: OHKO moves are banned
|rule|Evasion Items Clause: Evasion items are banned
|rule|Evasion Moves Clause: Evasion moves are banned
|rule|Evasion Abilities Clause: Evasion abilities are banned
|rule|Sleep Moves Clause: Sleep-inducing moves are banned
|clearpoke
|poke|p1|Scizor, F|
|poke|p1|Skarmory, M|
|poke|p1|Galvantula, M|
|poke|p1|Feraligatr, F|
|poke|p1|Forretress, M|
|poke|p1|Dragonite, F|
|poke|p2|Blaziken, M|
|poke|p2|Corviknight, F|
|poke|p2|Greninja-*, M|
|poke|p2|Scizor, M|
|poke|p2|Tyranitar, F|
|poke|p2|Hawlucha, F|
|teampreview
|
|t:|1776055640
|teamsize|p1|6
|teamsize|p2|6
|start
|switch|p1a: Forretress|Forretress, M|100/100
|switch|p2a: Rey Misterio|Hawlucha, F|100/100
|-ability|p2a: Rey Misterio|Mold Breaker
|turn|1
|
|t:|1776055652
|move|p2a: Rey Misterio|Close Combat|p1a: Forretress
|-damage|p1a: Forretress|63/100
|-unboost|p2a: Rey Misterio|def|1
|-unboost|p2a: Rey Misterio|spd|1
|-damage|p2a: Rey Misterio|84/100|[from] item: Rocky Helmet|[of] p1a: Forretress
|move|p1a: Forretress|Stealth Rock|p2a: Rey Misterio
|-sidestart|p2: Ghostyre|move: Stealth Rock
|
|upkeep
|turn|2
|
|t:|1776055661
|move|p2a: Rey Misterio|Cross Chop|p1a: Forretress
|-damage|p1a: Forretress|35/100
|-damage|p2a: Rey Misterio|68/100|[from] item: Rocky Helmet|[of] p1a: Forretress
|move|p1a: Forretress|Reflect|p1a: Forretress
|-sidestart|p1: SpiralShift|Reflect
|
|upkeep
|turn|3
|
|t:|1776055668
|move|p2a: Rey Misterio|Fly||[still]
|-prepare|p2a: Rey Misterio|Fly
|move|p1a: Forretress|Spikes|p2a: Rey Misterio
|-sidestart|p2: Ghostyre|Spikes
|
|upkeep
|turn|4
|
|t:|1776055673
|move|p2a: Rey Misterio|Fly|p1a: Forretress|[from] lockedmove
|-damage|p1a: Forretress|22/100
|-damage|p2a: Rey Misterio|51/100|[from] item: Rocky Helmet|[of] p1a: Forretress
|move|p1a: Forretress|Spikes|p2a: Rey Misterio
|-sidestart|p2: Ghostyre|Spikes
|
|upkeep
|turn|5
|
|t:|1776055682
|move|p2a: Rey Misterio|Cross Chop|p1a: Forretress
|-damage|p1a: Forretress|7/100
|-damage|p2a: Rey Misterio|35/100|[from] item: Rocky Helmet|[of] p1a: Forretress
|move|p1a: Forretress|Reflect||[still]
|-fail|p1a: Forretress
|
|upkeep
|turn|6
|
|t:|1776055689
|move|p2a: Rey Misterio|Cross Chop|p1a: Forretress|[miss]
|-miss|p2a: Rey Misterio|p1a: Forretress
|move|p1a: Forretress|Reflect||[still]
|-fail|p1a: Forretress
|
|-sideend|p1: SpiralShift|Reflect
|upkeep
|turn|7
|
|t:|1776055696
|move|p2a: Rey Misterio|Cross Chop|p1a: Forretress
|-damage|p1a: Forretress|0 fnt
|-damage|p2a: Rey Misterio|18/100|[from] item: Rocky Helmet|[of] p1a: Forretress
|faint|p1a: Forretress
|
|upkeep
|
|t:|1776055712
|switch|p1a: Feraligatr|Feraligatr, F|100/100
|turn|8
|
|t:|1776055720
|move|p2a: Rey Misterio|Fly||[still]
|-prepare|p2a: Rey Misterio|Fly
|move|p1a: Feraligatr|Dragon Dance|p1a: Feraligatr
|-boost|p1a: Feraligatr|atk|1
|-boost|p1a: Feraligatr|spe|1
|
|upkeep
|turn|9
|
|t:|1776055727
|move|p1a: Feraligatr|Dragon Dance|p1a: Feraligatr
|-boost|p1a: Feraligatr|atk|1
|-boost|p1a: Feraligatr|spe|1
|move|p2a: Rey Misterio|Fly|p1a: Feraligatr|[from] lockedmove
|-damage|p1a: Feraligatr|57/100
|
|upkeep
|turn|10
|
|t:|1776055736
|move|p1a: Feraligatr|Waterfall|p2a: Rey Misterio
|-damage|p2a: Rey Misterio|0 fnt
|faint|p2a: Rey Misterio
|
|upkeep
|
|t:|1776055745
|switch|p2a: Gojira|Tyranitar, F|100/100
|-damage|p2a: Gojira|88/100|[from] Stealth Rock
|-damage|p2a: Gojira|72/100|[from] Spikes
|-weather|Sandstorm|[from] ability: Sand Stream|[of] p2a: Gojira
|turn|11
|
|t:|1776055754
|move|p1a: Feraligatr|Aqua Jet|p2a: Gojira
|-supereffective|p2a: Gojira
|-damage|p2a: Gojira|0 fnt
|faint|p2a: Gojira
|-damage|p1a: Feraligatr|47/100|[from] item: Life Orb
|
|-weather|Sandstorm|[upkeep]
|-damage|p1a: Feraligatr|41/100|[from] Sandstorm
|upkeep
|
|t:|1776055761
|switch|p2a: Corvi|Corviknight, F|100/100
|-damage|p2a: Corvi|88/100|[from] Stealth Rock
|-ability|p2a: Corvi|Pressure
|turn|12
|
|t:|1776055771
|move|p1a: Feraligatr|Waterfall|p2a: Corvi
|-damage|p2a: Corvi|0 fnt
|-damage|p1a: Feraligatr|25/100|[from] item: Rocky Helmet|[of] p2a: Corvi
|faint|p2a: Corvi
|
|-weather|Sandstorm|[upkeep]
|-damage|p1a: Feraligatr|19/100|[from] Sandstorm
|upkeep
|
|t:|1776055780
|switch|p2a: Leny|Greninja, M, shiny|100/100
|-damage|p2a: Leny|88/100|[from] Stealth Rock
|-damage|p2a: Leny|72/100|[from] Spikes
|turn|13
|
|t:|1776055792
|switch|p2a: Scizor|Scizor, M|100/100
|-damage|p2a: Scizor|88/100|[from] Stealth Rock
|-damage|p2a: Scizor|72/100|[from] Spikes
|move|p1a: Feraligatr|Body Slam|p2a: Scizor
|-resisted|p2a: Scizor
|-damage|p2a: Scizor|28/100
|
|-weather|Sandstorm|[upkeep]
|-damage|p1a: Feraligatr|12/100|[from] Sandstorm
|upkeep
|turn|14
|
|t:|1776055804
|move|p1a: Feraligatr|Aqua Jet|p2a: Scizor
|-damage|p2a: Scizor|0 fnt
|faint|p2a: Scizor
|-damage|p1a: Feraligatr|2/100|[from] item: Life Orb
|
|-weather|Sandstorm|[upkeep]
|-damage|p1a: Feraligatr|0 fnt|[from] Sandstorm
|faint|p1a: Feraligatr
|upkeep
|
|t:|1776055817
|switch|p1a: Galvantula|Galvantula, M|100/100
|switch|p2a: Leny|Greninja, M, shiny|72/100
|-damage|p2a: Leny|59/100|[from] Stealth Rock
|-damage|p2a: Leny|43/100|[from] Spikes
|turn|15
|
|t:|1776055830
|move|p2a: Leny|Icy Wind|p1a: Galvantula
|-damage|p1a: Galvantula|70/100
|-unboost|p1a: Galvantula|spe|1
|move|p1a: Galvantula|Light Screen|p1a: Galvantula
|-sidestart|p1: SpiralShift|move: Light Screen
|
|-weather|none
|upkeep
|turn|16
|
|t:|1776055838
|move|p2a: Leny|Liquidation|p1a: Galvantula
|-damage|p1a: Galvantula|14/100
|move|p1a: Galvantula|Thunder Wave|p2a: Leny
|-status|p2a: Leny|par
|
|upkeep
|turn|17
|
|t:|1776055847
|move|p1a: Galvantula|Thief|p2a: Leny
|-resisted|p2a: Leny
|-damage|p2a: Leny|34/100 par
|cant|p2a: Leny|par
|
|upkeep
|turn|18
|
|t:|1776055856
|switch|p2a: Blaziknight|Blaziken, M, shiny|100/100
|-damage|p2a: Blaziknight|88/100|[from] Stealth Rock
|-damage|p2a: Blaziknight|72/100|[from] Spikes
|move|p1a: Galvantula|Sticky Web|p2a: Blaziknight
|-sidestart|p2: Ghostyre|move: Sticky Web
|
|-heal|p2a: Blaziknight|78/100|[from] item: Leftovers
|upkeep
|turn|19
|
|t:|1776055868
|move|p2a: Blaziknight|Fire Punch|p1a: Galvantula
|-supereffective|p1a: Galvantula
|-damage|p1a: Galvantula|0 fnt
|faint|p1a: Galvantula
|
|-heal|p2a: Blaziknight|84/100|[from] item: Leftovers
|-sideend|p1: SpiralShift|move: Light Screen
|-ability|p2a: Blaziknight|Speed Boost|boost
|-boost|p2a: Blaziknight|spe|1
|upkeep
|
|t:|1776055878
|switch|p1a: Dragonite|Dragonite, F|100/100
|turn|20
|
|t:|1776055884
|move|p2a: Blaziknight|Slash|p1a: Dragonite
|-damage|p1a: Dragonite|87/100
|move|p1a: Dragonite|Earthquake|p2a: Blaziknight
|-supereffective|p2a: Blaziknight
|-damage|p2a: Blaziknight|0 fnt
|faint|p2a: Blaziknight
|
|upkeep
|
|t:|1776055891
|switch|p2a: Leny|Greninja, M, shiny|34/100 par
|-damage|p2a: Leny|22/100 par|[from] Stealth Rock
|-damage|p2a: Leny|5/100 par|[from] Spikes
|-activate|p2a: Leny|move: Sticky Web
|-unboost|p2a: Leny|spe|1
|turn|21
|
|t:|1776055899
|move|p1a: Dragonite|Extreme Speed|p2a: Leny
|-damage|p2a: Leny|0 fnt
|faint|p2a: Leny
|
|win|SpiralShift
|raw|SpiralShift's rating: 1086 &rarr; <strong>1113</strong><br />(+27 for winning)
|raw|Ghostyre's rating: 1084 &rarr; <strong>1062</strong><br />(-22 for losing)
|l|☆SpiralShift
|player|p1|
|l|☆Ghostyre
|player|p2|
