|html|<div class="broadcast-blue"><strong>[Gen 9] OU is currently suspecting Volcarona! For information on how to participate check out the <a href="https://www.smogon.com/tools/suspects/view/208">suspect thread</a>.</strong></div>
|j|‽asdasfewg asdasd
|j|☆Tagada3333
|t:|1778510751
|gametype|singles
|player|p1|asdasfewg asdasd|102|1337
|player|p2|Tagada3333|265|1336
|gen|9
|tier|[Gen 9] OU
|rated|
|rule|HP Percentage Mod: HP is shown in percentages
|rule|Endless Battle Clause: Forcing endless battles is banned
|rule|Species Clause: Limit one of each Pokémon
|rule|OHKO Clause: OHKO moves are banned
|rule|Evasion Items Clause: Evasion items are banned
|rule|Evasion Moves Clause: Evasion moves are banned
|rule|Evasion Abilities Clause: Evasion abilities are banned
|rule|Sleep Moves Clause: Sleep-inducing moves are banned
|clearpoke
|poke|p1|Corviknight, F|
|poke|p1|Zapdos|
|poke|p1|Volcarona, M|
|poke|p1|Clefable, F|
|poke|p1|Amoonguss, F|
|poke|p1|Duraludon, M|
|poke|p2|Porygon2|
|poke|p2|Deoxys-Defense|
|poke|p2|Ursaluna, M|
|poke|p2|Kingambit, M|
|poke|p2|Primarina, M|
|poke|p2|Hoopa-Unbound|
|teampreview
|
|t:|1778510807
|teamsize|p1|6
|teamsize|p2|6
|start
|switch|p1a: Volcarona|Volcarona, M|100/100
|switch|p2a: Deoxys|Deoxys-Defense|100/100
|-ability|p2a: Deoxys|Pressure
|turn|1
|inactive|Battle timer is ON: inactive players will automatically lose when time's up. (requested by asdasfewg asdasd)
|
|t:|1778510823
|move|p1a: Volcarona|Quiver Dance|p1a: Volcarona
|-boost|p1a: Volcarona|spa|1
|-boost|p1a: Volcarona|spd|1
|-boost|p1a: Volcarona|spe|1
|move|p2a: Deoxys|Stealth Rock|p1a: Volcarona
|-sidestart|p1: asdasfewg asdasd|move: Stealth Rock
|
|upkeep
|turn|2
|
|t:|1778510834
|move|p1a: Volcarona|Bug Buzz|p2a: Deoxys
|-supereffective|p2a: Deoxys
|-damage|p2a: Deoxys|10/100
|move|p2a: Deoxys|Trick Room|p2a: Deoxys
|-fieldstart|move: Trick Room|[of] p2a: Deoxys
|
|-heal|p2a: Deoxys|16/100|[from] item: Leftovers
|upkeep
|turn|3
|
|t:|1778510858
|move|p1a: Volcarona|Quiver Dance|p1a: Volcarona
|-boost|p1a: Volcarona|spa|1
|-boost|p1a: Volcarona|spd|1
|-boost|p1a: Volcarona|spe|1
|move|p2a: Deoxys|Teleport|p2a: Deoxys
|
|t:|1778510863
|switch|p2a: Ursaluna|Ursaluna, M|100/100|[from] Teleport
|
|-status|p2a: Ursaluna|brn|[from] item: Flame Orb
|upkeep
|turn|4
|
|t:|1778510874
|switch|p1a: Corviknight|Corviknight, F|100/100
|-damage|p1a: Corviknight|88/100|[from] Stealth Rock
|-ability|p1a: Corviknight|Pressure
|move|p2a: Ursaluna|Facade|p1a: Corviknight
|-resisted|p1a: Corviknight
|-damage|p1a: Corviknight|49/100
|-damage|p2a: Ursaluna|84/100 brn|[from] item: Rocky Helmet|[of] p1a: Corviknight
|
|-damage|p2a: Ursaluna|78/100 brn|[from] brn
|upkeep
|turn|5
|inactive|Tagada3333 has 120 seconds left.
|inactive|Tagada3333 has 90 seconds left.
|inactive|Tagada3333 has 60 seconds left.
|
|t:|1778510985
|move|p2a: Ursaluna|Close Combat|p1a: Corviknight
|-damage|p1a: Corviknight|8/100
|-unboost|p2a: Ursaluna|def|1
|-unboost|p2a: Ursaluna|spd|1
|-damage|p2a: Ursaluna|61/100 brn|[from] item: Rocky Helmet|[of] p1a: Corviknight
|move|p1a: Corviknight|Roost|p1a: Corviknight
|-heal|p1a: Corviknight|58/100
|-singleturn|p1a: Corviknight|move: Roost
|
|-damage|p2a: Ursaluna|55/100 brn|[from] brn
|upkeep
|turn|6
|inactive|Tagada3333 has 30 seconds left.
|inactive|asdasfewg asdasd has 120 seconds left.
|
|t:|1778511017
|switch|p2a: Porygon2|Porygon2, shiny|100/100
|-ability|p2a: Porygon2|Download|boost
|-boost|p2a: Porygon2|spa|1
|move|p1a: Corviknight|Roost|p1a: Corviknight
|-heal|p1a: Corviknight|100/100
|-singleturn|p1a: Corviknight|move: Roost
|
|-fieldend|move: Trick Room
|upkeep
|turn|7
|inactive|Tagada3333 has 30 seconds left.
|
|t:|1778511037
|move|p1a: Corviknight|Taunt|p2a: Porygon2
|-start|p2a: Porygon2|move: Taunt
|cant|p2a: Porygon2|move: Taunt|Trick Room
|
|upkeep
|turn|8
|inactive|Tagada3333 has 30 seconds left.
|
|t:|1778511044
|move|p1a: Corviknight|Defog|p2a: Porygon2
|-unboost|p2a: Porygon2|evasion|1
|-sideend|p1: asdasfewg asdasd|Stealth Rock|[from] move: Defog|[of] p1a: Corviknight
|move|p2a: Porygon2|Ice Beam|p1a: Corviknight
|-damage|p1a: Corviknight|70/100
|
|upkeep
|turn|9
|inactive|Tagada3333 has 30 seconds left.
|
|t:|1778511057
|switch|p2a: Hoopa|Hoopa-Unbound|100/100
|move|p1a: Corviknight|Roost|p1a: Corviknight
|-heal|p1a: Corviknight|100/100
|-singleturn|p1a: Corviknight|move: Roost
|
|upkeep
|turn|10
|inactive|Tagada3333 has 30 seconds left.
|
|t:|1778511087
|switch|p1a: Clefable|Clefable, F|100/100
|move|p2a: Hoopa|Dark Pulse|p1a: Clefable
|-resisted|p1a: Clefable
|-damage|p1a: Clefable|83/100
|
|-heal|p1a: Clefable|90/100|[from] item: Leftovers
|upkeep
|turn|11
|inactive|Tagada3333 has 30 seconds left.
|inactive|asdasfewg asdasd has 120 seconds left.
|
|t:|1778511110
|move|p1a: Clefable|Moonblast|p2a: Hoopa
|-supereffective|p2a: Hoopa
|-damage|p2a: Hoopa|52/100
|move|p2a: Hoopa|Psychic|p1a: Clefable
|-damage|p1a: Clefable|47/100
|
|-heal|p1a: Clefable|53/100|[from] item: Leftovers
|upkeep
|turn|12
|inactive|asdasfewg asdasd has 120 seconds left.
|inactive|Tagada3333 has 30 seconds left.
|
|t:|1778511121
|switch|p2a: Porygon2|Porygon2, shiny|100/100
|-ability|p2a: Porygon2|Download|boost
|-boost|p2a: Porygon2|atk|1
|move|p1a: Clefable|Wish|p1a: Clefable
|
|-heal|p1a: Clefable|59/100|[from] item: Leftovers
|upkeep
|turn|13
|inactive|asdasfewg asdasd has 120 seconds left.
|inactive|Tagada3333 has 30 seconds left.
|inactive|asdasfewg asdasd has 90 seconds left.
|
|t:|1778511168
|move|p1a: Clefable|Cosmic Power|p1a: Clefable
|-boost|p1a: Clefable|def|1
|-boost|p1a: Clefable|spd|1
|move|p2a: Porygon2|Trick Room|p2a: Porygon2
|-fieldstart|move: Trick Room|[of] p2a: Porygon2
|
|-heal|p1a: Clefable|100/100|[from] move: Wish|[wisher] Clefable
|upkeep
|turn|14
|inactive|Tagada3333 has 30 seconds left.
|inactive|Tagada3333 has 20 seconds left.
|
|t:|1778511190
|switch|p2a: Ursaluna|Ursaluna, M|55/100 brn
|move|p1a: Clefable|Protect||[still]
|-fail|p1a: Clefable
|
|-damage|p2a: Ursaluna|49/100 brn|[from] brn
|upkeep
|turn|15
|inactive|Tagada3333 has 30 seconds left this turn.
|inactive|Tagada3333 has 20 seconds left.
|inactive|Tagada3333 has 15 seconds left.
|
|t:|1778511206
|move|p1a: Clefable|Protect|p1a: Clefable
|-singleturn|p1a: Clefable|Protect
|move|p2a: Ursaluna|Facade|p1a: Clefable
|-activate|p1a: Clefable|move: Protect
|
|-damage|p2a: Ursaluna|43/100 brn|[from] brn
|upkeep
|turn|16
|inactive|Tagada3333 has 25 seconds left this turn.
|inactive|Tagada3333 has 20 seconds left.
|
|t:|1778511225
|switch|p1a: Corviknight|Corviknight, F|100/100
|-ability|p1a: Corviknight|Pressure
|move|p2a: Ursaluna|Facade|p1a: Corviknight
|-resisted|p1a: Corviknight
|-damage|p1a: Corviknight|66/100
|-damage|p2a: Ursaluna|26/100 brn|[from] item: Rocky Helmet|[of] p1a: Corviknight
|
|-damage|p2a: Ursaluna|20/100 brn|[from] brn
|upkeep
|turn|17
|inactive|Tagada3333 has 30 seconds left this turn.
|inactive|Tagada3333 has 20 seconds left.
|inactive|Tagada3333 has 15 seconds left.
|inactive|Tagada3333 has 10 seconds left.
|inactive|Tagada3333 has 5 seconds left.
|
|t:|1778511253
|switch|p2a: Porygon2|Porygon2, shiny|100/100
|-ability|p2a: Porygon2|Download|boost
|-boost|p2a: Porygon2|spa|1
|move|p1a: Corviknight|Roost|p1a: Corviknight
|-heal|p1a: Corviknight|100/100
|-singleturn|p1a: Corviknight|move: Roost
|
|-fieldend|move: Trick Room
|upkeep
|turn|18
|inactive|Tagada3333 has 15 seconds left this turn.
|inactive|Tagada3333 has 10 seconds left.
|
|t:|1778511263
|move|p1a: Corviknight|Taunt|p2a: Porygon2
|-start|p2a: Porygon2|move: Taunt
|cant|p2a: Porygon2|move: Taunt|Trick Room
|
|upkeep
|turn|19
|inactive|Tagada3333 has 20 seconds left this turn.
|inactive|Tagada3333 has 15 seconds left.
|inactive|asdasfewg asdasd has 90 seconds left.
|
|t:|1778511303
|move|p1a: Corviknight|Iron Head|p2a: Porygon2
|-damage|p2a: Porygon2|87/100
|move|p2a: Porygon2|Ice Beam|p1a: Corviknight
|-damage|p1a: Corviknight|71/100
|
|upkeep
|turn|20
|inactive|Tagada3333 has 25 seconds left this turn.
|inactive|asdasfewg asdasd has 90 seconds left.
|inactive|Tagada3333 has 20 seconds left.
|inactive|asdasfewg asdasd has 60 seconds left.
|
|t:|1778511352
|move|p1a: Corviknight|Roost|p1a: Corviknight
|-heal|p1a: Corviknight|100/100
|-singleturn|p1a: Corviknight|move: Roost
|move|p2a: Porygon2|Ice Beam|p1a: Corviknight
|-resisted|p1a: Corviknight
|-damage|p1a: Corviknight|85/100
|
|-end|p2a: Porygon2|move: Taunt
|upkeep
|turn|21
|inactive|Tagada3333 has 30 seconds left this turn.
|inactive|Tagada3333 has 20 seconds left.
|
|t:|1778511365
|move|p1a: Corviknight|Taunt|p2a: Porygon2
|-start|p2a: Porygon2|move: Taunt
|move|p2a: Porygon2|Foul Play|p1a: Corviknight
|-damage|p1a: Corviknight|75/100
|-damage|p2a: Porygon2|70/100|[from] item: Rocky Helmet|[of] p1a: Corviknight
|
|upkeep
|turn|22
|inactive|Tagada3333 has 30 seconds left this turn.
|inactive|Tagada3333 has 20 seconds left.
|
|t:|1778511377
|move|p1a: Corviknight|Iron Head|p2a: Porygon2
|-damage|p2a: Porygon2|58/100
|move|p2a: Porygon2|Ice Beam|p1a: Corviknight
|-damage|p1a: Corviknight|42/100
|-status|p1a: Corviknight|frz
|
|upkeep
|turn|23
|inactive|Tagada3333 has 30 seconds left this turn.
|
|t:|1778511385
|cant|p1a: Corviknight|frz
|move|p2a: Porygon2|Ice Beam|p1a: Corviknight
|-damage|p1a: Corviknight|10/100 frz
|
|-end|p2a: Porygon2|move: Taunt
|upkeep
|turn|24
|inactive|Tagada3333 has 30 seconds left.
|
|t:|1778511394
|cant|p1a: Corviknight|frz
|move|p2a: Porygon2|Ice Beam|p1a: Corviknight
|-damage|p1a: Corviknight|0 fnt
|faint|p1a: Corviknight
|
|upkeep
|
|t:|1778511418
|switch|p1a: Volcarona|Volcarona, M|100/100
|turn|25
|
|t:|1778511428
|move|p1a: Volcarona|Quiver Dance|p1a: Volcarona
|-boost|p1a: Volcarona|spa|1
|-boost|p1a: Volcarona|spd|1
|-boost|p1a: Volcarona|spe|1
|move|p2a: Porygon2|Trick Room|p2a: Porygon2
|-fieldstart|move: Trick Room|[of] p2a: Porygon2
|
|upkeep
|turn|26
|
|t:|1778511445
|switch|p2a: Deoxys|Deoxys-Defense|16/100
|-ability|p2a: Deoxys|Pressure
|move|p1a: Volcarona|Fiery Dance|p2a: Deoxys
|-damage|p2a: Deoxys|0 fnt
|-boost|p1a: Volcarona|spa|1
|faint|p2a: Deoxys
|
|upkeep
|
|t:|1778511455
|switch|p2a: Ursaluna|Ursaluna, M|20/100 brn
|turn|27
|
|t:|1778511476
|switch|p1a: Duraludon|Duraludon, M|100/100
|move|p2a: Ursaluna|Facade|p1a: Duraludon
|-resisted|p1a: Duraludon
|-damage|p1a: Duraludon|58/100
|
|-heal|p1a: Duraludon|64/100|[from] item: Leftovers
|-damage|p2a: Ursaluna|14/100 brn|[from] brn
|upkeep
|turn|28
|
|t:|1778511494
|switch|p1a: Zapdos|Zapdos|100/100
|-ability|p1a: Zapdos|Pressure
|move|p2a: Ursaluna|Headlong Rush|p1a: Zapdos
|-immune|p1a: Zapdos
|
|-damage|p2a: Ursaluna|7/100 brn|[from] brn
|upkeep
|turn|29
|
|t:|1778511507
|switch|p1a: Amoonguss|Amoonguss, F|100/100
|move|p2a: Ursaluna|Close Combat|p1a: Amoonguss
|-resisted|p1a: Amoonguss
|-damage|p1a: Amoonguss|76/100
|-unboost|p2a: Ursaluna|def|1
|-unboost|p2a: Ursaluna|spd|1
|
|-heal|p1a: Amoonguss|82/100|[from] item: Black Sludge
|-damage|p2a: Ursaluna|1/100 brn|[from] brn
|-fieldend|move: Trick Room
|upkeep
|turn|30
|inactive|Tagada3333 has 30 seconds left.
|
|t:|1778511530
|switch|p1a: Duraludon|Duraludon, M|64/100
|move|p2a: Ursaluna|Ice Punch|p1a: Duraludon
|-damage|p1a: Duraludon|37/100
|
|-heal|p1a: Duraludon|43/100|[from] item: Leftovers
|-damage|p2a: Ursaluna|0 fnt|[from] brn
|faint|p2a: Ursaluna
|upkeep
|inactive|Tagada3333 has 30 seconds left.
|
|t:|1778511541
|switch|p2a: Porygon2|Porygon2, shiny|58/100
|-ability|p2a: Porygon2|Download|boost
|-boost|p2a: Porygon2|spa|1
|turn|31
|inactive|Tagada3333 has 30 seconds left.
|
|t:|1778511558
|move|p1a: Duraludon|Rest|p1a: Duraludon
|-status|p1a: Duraludon|slp|[from] move: Rest
|-heal|p1a: Duraludon|100/100 slp|[silent]
|move|p2a: Porygon2|Ice Beam|p1a: Duraludon
|-damage|p1a: Duraludon|45/100 slp
|
|-heal|p1a: Duraludon|51/100 slp|[from] item: Leftovers
|upkeep
|turn|32
|inactive|Tagada3333 has 30 seconds left.
|
|t:|1778511570
|cant|p1a: Duraludon|slp
|move|p1a: Duraludon|Sleep Talk|p1a: Duraludon
|move|p1a: Duraludon|Rest||[from] move: Sleep Talk|[still]
|-fail|p1a: Duraludon
|move|p2a: Porygon2|Ice Beam|p1a: Duraludon
|-damage|p1a: Duraludon|0 fnt
|faint|p1a: Duraludon
|
|upkeep
|
|t:|1778511577
|switch|p1a: Volcarona|Volcarona, M|100/100
|turn|33
|
|t:|1778511586
|move|p1a: Volcarona|Quiver Dance|p1a: Volcarona
|-boost|p1a: Volcarona|spa|1
|-boost|p1a: Volcarona|spd|1
|-boost|p1a: Volcarona|spe|1
|move|p2a: Porygon2|Recover|p2a: Porygon2
|-heal|p2a: Porygon2|100/100
|
|upkeep
|turn|34
|
|t:|1778511593
|move|p1a: Volcarona|Fiery Dance|p2a: Porygon2
|-damage|p2a: Porygon2|60/100
|move|p2a: Porygon2|Trick Room|p2a: Porygon2
|-fieldstart|move: Trick Room|[of] p2a: Porygon2
|
|upkeep
|turn|35
|
|t:|1778511605
|switch|p2a: Primarina|Primarina, M|100/100
|move|p1a: Volcarona|Giga Drain|p2a: Primarina
|-supereffective|p2a: Primarina
|-damage|p2a: Primarina|26/100
|
|upkeep
|turn|36
|
|t:|1778511617
|switch|p1a: Amoonguss|Amoonguss, F|100/100
|move|p2a: Primarina|Hyper Voice|p1a: Amoonguss
|-resisted|p1a: Amoonguss
|-damage|p1a: Amoonguss|75/100
|
|-heal|p1a: Amoonguss|81/100|[from] item: Black Sludge
|upkeep
|turn|37
|
|t:|1778511631
|move|p1a: Amoonguss|Stun Spore|p2a: Primarina
|-status|p2a: Primarina|par
|cant|p2a: Primarina|par
|
|-heal|p1a: Amoonguss|88/100|[from] item: Black Sludge
|upkeep
|turn|38
|
|t:|1778511641
|switch|p2a: Porygon2|Porygon2, shiny|60/100
|-ability|p2a: Porygon2|Download|boost
|-boost|p2a: Porygon2|spa|1
|move|p1a: Amoonguss|Giga Drain|p2a: Porygon2
|-damage|p2a: Porygon2|47/100
|-heal|p1a: Amoonguss|93/100|[from] drain|[of] p2a: Porygon2
|
|-heal|p1a: Amoonguss|99/100|[from] item: Black Sludge
|-fieldend|move: Trick Room
|upkeep
|turn|39
|inactive|Tagada3333 has 30 seconds left.
|
|t:|1778511673
|switch|p1a: Volcarona|Volcarona, M|100/100
|move|p2a: Porygon2|Ice Beam|p1a: Volcarona
|-resisted|p1a: Volcarona
|-damage|p1a: Volcarona|82/100
|-status|p1a: Volcarona|frz
|
|upkeep
|turn|40
|inactive|asdasfewg asdasd has 120 seconds left.
|inactive|Tagada3333 has 30 seconds left.
|
|t:|1778511685
|cant|p1a: Volcarona|frz
|move|p2a: Porygon2|Recover|p2a: Porygon2
|-heal|p2a: Porygon2|97/100
|
|upkeep
|turn|41
|inactive|Tagada3333 has 30 seconds left.
|
|t:|1778511695
|cant|p1a: Volcarona|frz
|move|p2a: Porygon2|Trick Room|p2a: Porygon2
|-fieldstart|move: Trick Room|[of] p2a: Porygon2
|
|upkeep
|turn|42
|inactive|Tagada3333 has 30 seconds left.
|
|t:|1778511708
|switch|p2a: Kingambit|Kingambit, M|100/100
|-activate|p2a: Kingambit|ability: Supreme Overlord
|-start|p2a: Kingambit|fallen2|[silent]
|cant|p1a: Volcarona|frz
|
|upkeep
|turn|43
|inactive|Tagada3333 has 30 seconds left.
|
|t:|1778511720
|move|p2a: Kingambit|Swords Dance|p2a: Kingambit
|-boost|p2a: Kingambit|atk|2
|cant|p1a: Volcarona|frz
|
|upkeep
|turn|44
|-message|asdasfewg asdasd forfeited.
|
|win|Tagada3333
|raw|asdasfewg asdasd's rating: 1356 &rarr; <strong>1335</strong><br />(-21 for losing)
|raw|Tagada3333's rating: 1336 &rarr; <strong>1357</strong><br />(+21 for winning)
|l|‽asdasfewg asdasd
|player|p1|
|l|☆Tagada3333
|player|p2|
