|html|<div class="broadcast-blue"><strong>[Gen 9] OU is currently suspecting Volcarona! For information on how to participate check out the <a href="https://www.smogon.com/tools/suspects/view/208">suspect thread</a>.</strong></div>
|j|☆aortega21
|j|☆blazearc
|t:|1778503305
|gametype|singles
|player|p1|aortega21|2|1052
|player|p2|blazearc|169|1055
|gen|9
|tier|[Gen 9] OU
|rated|
|rule|HP Percentage Mod: HP is shown in percentages
|rule|Endless Battle Clause: Forcing endless battles is banned
|rule|Species Clause: Limit one of each Pokémon
|rule|OHKO Clause: OHKO moves are banned
|rule|Evasion Items Clause: Evasion items are banned
|rule|Evasion Moves Clause: Evasion moves are banned
|rule|Evasion Abilities Clause: Evasion abilities are banned
|rule|Sleep Moves Clause: Sleep-inducing moves are banned
|clearpoke
|poke|p1|Froslass, F|
|poke|p1|Gholdengo|
|poke|p1|Mimikyu, F|
|poke|p1|Ceruledge, F|
|poke|p1|Skeledirge, M|
|poke|p1|Dragapult, F|
|poke|p2|Garchomp, F|
|poke|p2|Ninetales-Alola, M|
|poke|p2|Toxicroak, F|
|poke|p2|Gyarados, F|
|poke|p2|Metagross|
|poke|p2|Gliscor, M|
|teampreview
|c|☆blazearc|gl
|
|t:|1778503321
|teamsize|p1|6
|teamsize|p2|6
|start
|switch|p1a: Froslass|Froslass, F|100/100
|switch|p2a: Gliscor|Gliscor, M|100/100
|turn|1
|
|t:|1778503344
|switch|p2a: Metagross|Metagross|100/100
|move|p1a: Froslass|Taunt|p2a: Metagross
|-start|p2a: Metagross|move: Taunt
|
|upkeep
|turn|2
|
|t:|1778503353
|move|p1a: Froslass|Spikes|p2a: Metagross
|-sidestart|p2: blazearc|Spikes
|move|p2a: Metagross|Meteor Mash|p1a: Froslass
|-supereffective|p1a: Froslass
|-enditem|p1a: Froslass|Focus Sash
|-damage|p1a: Froslass|1/100
|
|upkeep
|turn|3
|
|t:|1778503367
|move|p1a: Froslass|Destiny Bond|p1a: Froslass
|-singlemove|p1a: Froslass|Destiny Bond
|move|p2a: Metagross|Earthquake|p1a: Froslass
|-damage|p1a: Froslass|0 fnt
|faint|p1a: Froslass
|-activate|p1a: Froslass|move: Destiny Bond
|faint|p2a: Metagross
|
|upkeep
|c|☆blazearc|dang u got me
|
|t:|1778503381
|switch|p1a: Skeledirge|Skeledirge, M|100/100
|switch|p2a: Toxicroak|Toxicroak, F|100/100
|-damage|p2a: Toxicroak|88/100|[from] Spikes
|turn|4
|c|☆blazearc|smart
|
|t:|1778503393
|switch|p2a: Gyarados|Gyarados, F|100/100
|move|p1a: Skeledirge|Torch Song|p2a: Gyarados
|-resisted|p2a: Gyarados
|-damage|p2a: Gyarados|84/100
|-boost|p1a: Skeledirge|spa|1
|
|upkeep
|turn|5
|
|t:|1778503403
|-terastallize|p1a: Skeledirge|Fairy
|move|p2a: Gyarados|Dragon Dance|p2a: Gyarados
|-boost|p2a: Gyarados|atk|1
|-boost|p2a: Gyarados|spe|1
|move|p1a: Skeledirge|Torch Song|p2a: Gyarados
|-resisted|p2a: Gyarados
|-damage|p2a: Gyarados|62/100
|-boost|p1a: Skeledirge|spa|1
|
|upkeep
|turn|6
|-activate|p2a: Gyarados|item: Quick Claw
|
|t:|1778503419
|move|p2a: Gyarados|Waterfall|p1a: Skeledirge
|-damage|p1a: Skeledirge|67/100
|move|p1a: Skeledirge|Shadow Ball|p2a: Gyarados
|-damage|p2a: Gyarados|5/100
|-unboost|p2a: Gyarados|spd|1
|
|upkeep
|turn|7
|
|t:|1778503432
|switch|p2a: Toxicroak|Toxicroak, F|88/100
|-damage|p2a: Toxicroak|76/100|[from] Spikes
|move|p1a: Skeledirge|Torch Song|p2a: Toxicroak
|-damage|p2a: Toxicroak|0 fnt
|-boost|p1a: Skeledirge|spa|1
|faint|p2a: Toxicroak
|
|upkeep
|
|t:|1778503442
|switch|p2a: Garchomp|Garchomp, F|100/100
|-damage|p2a: Garchomp|88/100|[from] Spikes
|turn|8
|
|t:|1778503474
|-terastallize|p2a: Garchomp|Steel
|move|p2a: Garchomp|Iron Head|p1a: Skeledirge
|-supereffective|p1a: Skeledirge
|-damage|p1a: Skeledirge|5/100
|cant|p1a: Skeledirge|flinch
|
|upkeep
|turn|9
|
|t:|1778503480
|move|p2a: Garchomp|Swords Dance|p2a: Garchomp
|-boost|p2a: Garchomp|atk|2
|move|p1a: Skeledirge|Torch Song|p2a: Garchomp
|-supereffective|p2a: Garchomp
|-damage|p2a: Garchomp|0 fnt
|-boost|p1a: Skeledirge|spa|1
|faint|p2a: Garchomp
|
|upkeep
|c|☆blazearc|yh thats my bad
|
|t:|1778503490
|switch|p2a: Gliscor|Gliscor, M|100/100
|turn|10
|c|☆aortega21|lmaoooo
|c|☆blazearc|shhhhhhhh
|
|t:|1778503502
|move|p2a: Gliscor|Earth Power|p1a: Skeledirge
|-damage|p1a: Skeledirge|0 fnt
|faint|p1a: Skeledirge
|
|-status|p2a: Gliscor|tox|[from] item: Toxic Orb
|upkeep
|
|t:|1778503511
|switch|p1a: Mimikyu|Mimikyu, F|100/100
|turn|11
|c|☆blazearc|it never happened
|
|t:|1778503518
|switch|p2a: Ninetales|Ninetales-Alola, M|100/100
|-damage|p2a: Ninetales|88/100|[from] Spikes
|-weather|Snowscape|[from] ability: Snow Warning|[of] p2a: Ninetales
|move|p1a: Mimikyu|Swords Dance|p1a: Mimikyu
|-boost|p1a: Mimikyu|atk|2
|
|-weather|Snowscape|[upkeep]
|upkeep
|turn|12
|
|t:|1778503552
|move|p2a: Ninetales|Aurora Veil|p2a: Ninetales
|-sidestart|p2: blazearc|move: Aurora Veil
|move|p1a: Mimikyu|Swords Dance|p1a: Mimikyu
|-boost|p1a: Mimikyu|atk|2
|
|-weather|Snowscape|[upkeep]
|upkeep
|turn|13
|
|t:|1778503581
|move|p2a: Ninetales|Blizzard|p1a: Mimikyu
|-activate|p1a: Mimikyu|ability: Disguise
|-damage|p1a: Mimikyu|100/100
|-status|p1a: Mimikyu|frz
|detailschange|p1a: Mimikyu|Mimikyu-Busted, F
|-damage|p1a: Mimikyu|88/100 frz|[from] pokemon: Mimikyu-Busted
|-curestatus|p1a: Mimikyu|frz|[msg]
|move|p1a: Mimikyu|Swords Dance|p1a: Mimikyu
|-boost|p1a: Mimikyu|atk|2
|
|-weather|Snowscape|[upkeep]
|upkeep
|turn|14
|c|☆blazearc|clutched
|c|☆blazearc|wait
|c|☆blazearc|uh
|
|t:|1778503600
|move|p2a: Ninetales|Blizzard|p1a: Mimikyu
|-damage|p1a: Mimikyu|28/100
|move|p1a: Mimikyu|Drain Punch|p2a: Ninetales
|-damage|p2a: Ninetales|25/100
|-heal|p1a: Mimikyu|65/100|[from] drain|[of] p2a: Ninetales
|-damage|p1a: Mimikyu|55/100|[from] item: Life Orb
|
|-weather|Snowscape|[upkeep]
|upkeep
|turn|15
|
|t:|1778503611
|move|p1a: Mimikyu|Shadow Sneak|p2a: Ninetales
|-damage|p2a: Ninetales|0 fnt
|faint|p2a: Ninetales
|-damage|p1a: Mimikyu|45/100|[from] item: Life Orb
|
|-weather|none
|upkeep
|
|t:|1778503617
|switch|p2a: Gliscor|Gliscor, M|100/100 tox
|turn|16
|
|t:|1778503632
|move|p1a: Mimikyu|Shadow Sneak|p2a: Gliscor
|-damage|p2a: Gliscor|57/100 tox
|-damage|p1a: Mimikyu|35/100|[from] item: Life Orb
|move|p2a: Gliscor|Earth Power|p1a: Mimikyu
|-damage|p1a: Mimikyu|12/100
|
|-heal|p2a: Gliscor|69/100 tox|[from] ability: Poison Heal
|upkeep
|turn|17
|
|t:|1778503643
|move|p1a: Mimikyu|Shadow Sneak|p2a: Gliscor
|-damage|p2a: Gliscor|26/100 tox
|-damage|p1a: Mimikyu|2/100|[from] item: Life Orb
|move|p2a: Gliscor|Earth Power|p1a: Mimikyu
|-damage|p1a: Mimikyu|0 fnt
|faint|p1a: Mimikyu
|
|-heal|p2a: Gliscor|38/100 tox|[from] ability: Poison Heal
|upkeep
|
|t:|1778503655
|switch|p1a: Ceruledge|Ceruledge, F|100/100
|turn|18
|
|t:|1778503663
|move|p1a: Ceruledge|Shadow Sneak|p2a: Gliscor
|-damage|p2a: Gliscor|25/100 tox
|-damage|p1a: Ceruledge|91/100|[from] item: Life Orb
|move|p2a: Gliscor|Earth Power|p1a: Ceruledge
|-supereffective|p1a: Ceruledge
|-damage|p1a: Ceruledge|53/100
|
|-heal|p2a: Gliscor|37/100 tox|[from] ability: Poison Heal
|upkeep
|turn|19
|
|t:|1778503677
|move|p2a: Gliscor|Breaking Swipe|p1a: Ceruledge
|-damage|p1a: Ceruledge|31/100
|-unboost|p1a: Ceruledge|atk|1
|-ability|p1a: Ceruledge|Weak Armor|boost
|-unboost|p1a: Ceruledge|def|1
|-boost|p1a: Ceruledge|spe|2
|move|p1a: Ceruledge|Bitter Blade|p2a: Gliscor
|-damage|p2a: Gliscor|19/100 tox
|-heal|p1a: Ceruledge|40/100|[from] drain|[of] p2a: Gliscor
|-damage|p1a: Ceruledge|30/100|[from] item: Life Orb
|
|-heal|p2a: Gliscor|31/100 tox|[from] ability: Poison Heal
|-sideend|p2: blazearc|move: Aurora Veil
|upkeep
|turn|20
|
|t:|1778503692
|move|p1a: Ceruledge|Shadow Sneak|p2a: Gliscor
|-damage|p2a: Gliscor|14/100 tox
|-damage|p1a: Ceruledge|20/100|[from] item: Life Orb
|move|p2a: Gliscor|Swords Dance|p2a: Gliscor
|-boost|p2a: Gliscor|atk|2
|
|-heal|p2a: Gliscor|26/100 tox|[from] ability: Poison Heal
|upkeep
|turn|21
|
|t:|1778503700
|move|p1a: Ceruledge|Shadow Sneak|p2a: Gliscor
|-damage|p2a: Gliscor|9/100 tox
|-damage|p1a: Ceruledge|10/100|[from] item: Life Orb
|move|p2a: Gliscor|Earth Power|p1a: Ceruledge
|-supereffective|p1a: Ceruledge
|-damage|p1a: Ceruledge|0 fnt
|faint|p1a: Ceruledge
|
|-heal|p2a: Gliscor|21/100 tox|[from] ability: Poison Heal
|upkeep
|
|t:|1778503719
|switch|p1a: Gholdengo|Gholdengo|100/100
|-item|p1a: Gholdengo|Air Balloon
|turn|22
|
|t:|1778503746
|move|p2a: Gliscor|Lunge|p1a: Gholdengo
|-resisted|p1a: Gholdengo
|-damage|p1a: Gholdengo|88/100
|-unboost|p1a: Gholdengo|atk|1
|-enditem|p1a: Gholdengo|Air Balloon
|move|p1a: Gholdengo|Nasty Plot|p1a: Gholdengo
|-boost|p1a: Gholdengo|spa|2
|
|-heal|p2a: Gliscor|33/100 tox|[from] ability: Poison Heal
|upkeep
|turn|23
|
|t:|1778503756
|move|p2a: Gliscor|Earth Power|p1a: Gholdengo
|-supereffective|p1a: Gholdengo
|-damage|p1a: Gholdengo|52/100
|move|p1a: Gholdengo|Shadow Ball|p2a: Gliscor
|-damage|p2a: Gliscor|0 fnt
|faint|p2a: Gliscor
|
|upkeep
|
|t:|1778503763
|switch|p2a: Gyarados|Gyarados, F|5/100
|turn|24
|c|☆blazearc|gg
|c|☆blazearc|i lost
|
|t:|1778503788
|move|p1a: Gholdengo|Shadow Ball|p2a: Gyarados
|-damage|p2a: Gyarados|0 fnt
|faint|p2a: Gyarados
|
|win|aortega21
|raw|aortega21's rating: 1052 &rarr; <strong>1084</strong><br />(+32 for winning)
|raw|blazearc's rating: 1055 &rarr; <strong>1037</strong><br />(-18 for losing)
|c|☆aortega21|gg
|l|☆blazearc
|player|p2|
|l|☆aortega21
|player|p1|
