|html|<div class="broadcast-blue"><strong>[Gen 9] OU is currently suspecting Tera Blast! For information on how to participate check out the <a href="https://www.smogon.com/tools/suspects/view/200">suspect thread</a>.</strong></div>
|j|☆bsmcreeper
|j|☆Doxiw
|t:|1776053110
|gametype|singles
|player|p1|bsmcreeper|169|1463
|player|p2|Doxiw|266|1425
|gen|9
|tier|[Gen 9] OU
|rated|
|rule|HP Percentage Mod: HP is shown in percentages
|rule|Endless Battle Clause: Forcing endless battles is banned
|rule|Species Clause: Limit one of each Pokémon
|rule|OHKO Clause: OHKO moves are banned
|rule|Evasion Items Clause: Evasion items are banned
|rule|Evasion Moves Clause: Evasion moves are banned
|rule|Evasion Abilities Clause: Evasion abilities are banned
|rule|Sleep Moves Clause: Sleep-inducing moves are banned
|clearpoke
|poke|p1|Zamazenta-*|
|poke|p1|Ceruledge, F|
|poke|p1|Corviknight, M|
|poke|p1|Slowking-Galar, M|
|poke|p1|Raging Bolt|
|poke|p1|Meowscarada, F|
|poke|p2|Arcanine-Hisui, M|
|poke|p2|Clefable, M|
|poke|p2|Walking Wake|
|poke|p2|Great Tusk|
|poke|p2|Blissey, F|
|poke|p2|Torkoal, F|
|teampreview
|inactive|Battle timer is ON: inactive players will automatically lose when time's up. (requested by bsmcreeper)
|
|t:|1776053122
|teamsize|p1|6
|teamsize|p2|6
|start
|switch|p1a: Slowking|Slowking-Galar, M|100/100
|switch|p2a: Clefable|Clefable, M|100/100
|turn|1
|
|t:|1776053128
|switch|p2a: Great Tusk|Great Tusk|100/100
|move|p1a: Slowking|Sludge Bomb|p2a: Great Tusk
|-resisted|p2a: Great Tusk
|-damage|p2a: Great Tusk|87/100
|
|upkeep
|turn|2
|
|t:|1776053137
|switch|p1a: Corviknight|Corviknight, M|100/100
|-ability|p1a: Corviknight|Pressure
|move|p2a: Great Tusk|Close Combat|p1a: Corviknight
|-damage|p1a: Corviknight|63/100
|-unboost|p2a: Great Tusk|def|1
|-unboost|p2a: Great Tusk|spd|1
|-damage|p2a: Great Tusk|71/100|[from] item: Rocky Helmet|[of] p1a: Corviknight
|
|upkeep
|turn|3
|
|t:|1776053147
|-end|p2a: Great Tusk|Protosynthesis|[silent]
|switch|p2a: Clefable|Clefable, M|100/100
|move|p1a: Corviknight|Roost|p1a: Corviknight
|-heal|p1a: Corviknight|100/100
|-singleturn|p1a: Corviknight|move: Roost
|
|upkeep
|turn|4
|
|t:|1776053155
|move|p1a: Corviknight|Brave Bird|p2a: Clefable
|-damage|p2a: Clefable|62/100
|-damage|p1a: Corviknight|88/100|[from] Recoil
|move|p2a: Clefable|Flamethrower|p1a: Corviknight
|-supereffective|p1a: Corviknight
|-damage|p1a: Corviknight|23/100
|
|upkeep
|turn|5
|
|t:|1776053166
|switch|p2a: Arcanine|Arcanine-Hisui, M|100/100
|move|p1a: Corviknight|U-turn|p2a: Arcanine
|-resisted|p2a: Arcanine
|-damage|p2a: Arcanine|92/100
|
|t:|1776053184
|switch|p1a: Zamazenta|Zamazenta|100/100|[from] U-turn
|-ability|p1a: Zamazenta|Dauntless Shield|boost
|-boost|p1a: Zamazenta|def|1
|
|upkeep
|turn|6
|
|t:|1776053190
|switch|p2a: Walking Wake|Walking Wake|100/100
|move|p1a: Zamazenta|Close Combat|p2a: Walking Wake
|-damage|p2a: Walking Wake|3/100
|-unboost|p1a: Zamazenta|def|1
|-unboost|p1a: Zamazenta|spd|1
|
|upkeep
|turn|7
|
|t:|1776053200
|switch|p1a: Slowking|Slowking-Galar, M|100/100
|move|p2a: Walking Wake|Draco Meteor|p1a: Slowking
|-damage|p1a: Slowking|46/100
|-unboost|p2a: Walking Wake|spa|2
|
|upkeep
|turn|8
|
|t:|1776053206
|-end|p2a: Walking Wake|Protosynthesis|[silent]
|switch|p2a: Great Tusk|Great Tusk|71/100
|-prepare|p1a: Slowking|Chilly Reception|[premajor]
|move|p1a: Slowking|Chilly Reception|p1a: Slowking
|-weather|Snowscape
|
|t:|1776053234
|switch|p1a: Meowscarada|Meowscarada, F|100/100|[from] Chilly Reception
|
|-weather|Snowscape|[upkeep]
|upkeep
|turn|9
|
|t:|1776053238
|move|p1a: Meowscarada|Triple Axel|p2a: Great Tusk
|-start|p1a: Meowscarada|typechange|Ice|[from] ability: Protean
|-supereffective|p2a: Great Tusk
|-damage|p2a: Great Tusk|55/100
|-supereffective|p2a: Great Tusk
|-damage|p2a: Great Tusk|24/100
|-supereffective|p2a: Great Tusk
|-damage|p2a: Great Tusk|0 fnt
|faint|p2a: Great Tusk
|-end|p2a: Great Tusk|Protosynthesis|[silent]
|-hitcount|p2: Great Tusk|3
|
|-weather|Snowscape|[upkeep]
|upkeep
|
|t:|1776053247
|switch|p2a: Arcanine|Arcanine-Hisui, M|92/100
|turn|10
|
|t:|1776053256
|move|p2a: Arcanine|Flare Blitz|p1a: Meowscarada
|-supereffective|p1a: Meowscarada
|-damage|p1a: Meowscarada|0 fnt
|faint|p1a: Meowscarada
|
|-weather|Snowscape|[upkeep]
|upkeep
|
|t:|1776053261
|switch|p1a: Ceruledge|Ceruledge, F|100/100
|turn|11
|inactive|Doxiw has 120 seconds left.
|
|t:|1776053308
|switch|p2a: Blissey|Blissey, F|100/100
|move|p1a: Ceruledge|Swords Dance|p1a: Ceruledge
|-boost|p1a: Ceruledge|atk|2
|
|-weather|Snowscape|[upkeep]
|upkeep
|turn|12
|
|t:|1776053320
|move|p1a: Ceruledge|Bitter Blade|p2a: Blissey
|-damage|p2a: Blissey|20/100
|move|p2a: Blissey|Thunder Wave|p1a: Ceruledge
|-status|p1a: Ceruledge|par
|
|-weather|none
|-heal|p2a: Blissey|26/100|[from] item: Leftovers
|upkeep
|turn|13
|inactive|Doxiw has 120 seconds left.
|
|t:|1776053336
|switch|p2a: Torkoal|Torkoal, F|100/100
|-weather|SunnyDay|[from] ability: Drought|[of] p2a: Torkoal
|move|p1a: Ceruledge|Swords Dance|p1a: Ceruledge
|-boost|p1a: Ceruledge|atk|2
|
|-weather|SunnyDay|[upkeep]
|upkeep
|turn|14
|
|t:|1776053344
|cant|p1a: Ceruledge|par
|move|p2a: Torkoal|Lava Plume|p1a: Ceruledge
|-resisted|p1a: Ceruledge
|-damage|p1a: Ceruledge|83/100 par
|
|-weather|SunnyDay|[upkeep]
|upkeep
|turn|15
|
|t:|1776053347
|switch|p2a: Blissey|Blissey, F|26/100
|move|p1a: Ceruledge|Bitter Blade|p2a: Blissey
|-damage|p2a: Blissey|0 fnt
|-heal|p1a: Ceruledge|100/100 par|[from] drain|[of] p2a: Blissey
|faint|p2a: Blissey
|
|-weather|SunnyDay|[upkeep]
|upkeep
|
|t:|1776053350
|switch|p2a: Walking Wake|Walking Wake|3/100
|-activate|p2a: Walking Wake|ability: Protosynthesis
|-start|p2a: Walking Wake|protosynthesisspe
|turn|16
|
|t:|1776053353
|move|p1a: Ceruledge|Shadow Sneak|p2a: Walking Wake
|-damage|p2a: Walking Wake|0 fnt
|faint|p2a: Walking Wake
|-end|p2a: Walking Wake|Protosynthesis|[silent]
|
|-weather|SunnyDay|[upkeep]
|upkeep
|
|t:|1776053360
|switch|p2a: Arcanine|Arcanine-Hisui, M|92/100
|turn|17
|
|t:|1776053368
|move|p2a: Arcanine|Head Smash|p1a: Ceruledge
|-supereffective|p1a: Ceruledge
|-enditem|p1a: Ceruledge|Focus Sash
|-damage|p1a: Ceruledge|1/100 par
|-ability|p1a: Ceruledge|Weak Armor|boost
|-unboost|p1a: Ceruledge|def|1
|-boost|p1a: Ceruledge|spe|2
|move|p1a: Ceruledge|Poltergeist|p2a: Arcanine|[miss]
|-miss|p1a: Ceruledge|p2a: Arcanine
|
|-weather|none
|upkeep
|turn|18
|
|t:|1776053376
|cant|p1a: Ceruledge|par
|move|p2a: Arcanine|Head Smash|p1a: Ceruledge|[miss]
|-miss|p2a: Arcanine|p1a: Ceruledge
|
|upkeep
|turn|19
|
|t:|1776053381
|move|p1a: Ceruledge|Shadow Sneak|p2a: Arcanine
|-damage|p2a: Arcanine|7/100
|move|p2a: Arcanine|Head Smash|p1a: Ceruledge|[miss]
|-miss|p2a: Arcanine|p1a: Ceruledge
|
|upkeep
|turn|20
|
|t:|1776053384
|switch|p2a: Torkoal|Torkoal, F|100/100
|-weather|SunnyDay|[from] ability: Drought|[of] p2a: Torkoal
|move|p1a: Ceruledge|Shadow Sneak|p2a: Torkoal
|-damage|p2a: Torkoal|53/100
|
|-weather|SunnyDay|[upkeep]
|upkeep
|turn|21
|
|t:|1776053389
|move|p1a: Ceruledge|Poltergeist|p2a: Torkoal
|-activate|p2a: Torkoal|move: Poltergeist|Heavy-Duty Boots
|-damage|p2a: Torkoal|0 fnt
|faint|p2a: Torkoal
|
|-weather|SunnyDay|[upkeep]
|upkeep
|
|t:|1776053396
|switch|p2a: Arcanine|Arcanine-Hisui, M|7/100
|turn|22
|
|t:|1776053400
|move|p1a: Ceruledge|Shadow Sneak|p2a: Arcanine
|-damage|p2a: Arcanine|0 fnt
|faint|p2a: Arcanine
|
|-weather|SunnyDay|[upkeep]
|upkeep
|
|t:|1776053401
|switch|p2a: Clefable|Clefable, M|62/100
|turn|23
|
|t:|1776053403
|move|p1a: Ceruledge|Bitter Blade|p2a: Clefable
|-damage|p2a: Clefable|0 fnt
|-heal|p1a: Ceruledge|33/100 par|[from] drain|[of] p2a: Clefable
|faint|p2a: Clefable
|
|win|bsmcreeper
|raw|bsmcreeper's rating: 1463 &rarr; <strong>1481</strong><br />(+18 for winning)
|raw|Doxiw's rating: 1425 &rarr; <strong>1407</strong><br />(-18 for losing)
|l|☆Doxiw
|player|p2|
|l|☆bsmcreeper
|player|p1|
