|html|<div class="broadcast-blue"><strong>[Gen 9] OU is currently suspecting Tera Blast! For information on how to participate check out the <a href="https://www.smogon.com/tools/suspects/view/200">suspect thread</a>.</strong></div>
|j|☆ban biden blast
|j|☆Pig Perfect
|t:|1776063290
|gametype|singles
|player|p1|ban biden blast|pokemonrangerf-gen4|1579
|player|p2|Pig Perfect|workerice|1575
|gen|9
|tier|[Gen 9] OU
|rated|
|rule|HP Percentage Mod: HP is shown in percentages
|rule|Endless Battle Clause: Forcing endless battles is banned
|rule|Species Clause: Limit one of each Pokémon
|rule|OHKO Clause: OHKO moves are banned
|rule|Evasion Items Clause: Evasion items are banned
|rule|Evasion Moves Clause: Evasion moves are banned
|rule|Evasion Abilities Clause: Evasion abilities are banned
|rule|Sleep Moves Clause: Sleep-inducing moves are banned
|clearpoke
|poke|p1|Great Tusk|
|poke|p1|Cinderace, M|
|poke|p1|Hatterene, F|
|poke|p1|Kyurem|
|poke|p1|Tornadus-Therian, M|
|poke|p1|Kingambit, F|
|poke|p2|Iron Leaves|
|poke|p2|Iron Treads|
|poke|p2|Kingambit, M|
|poke|p2|Pawmot, F|
|poke|p2|Pincurchin, M|
|poke|p2|Raging Bolt|
|teampreview
|inactive|Battle timer is ON: inactive players will automatically lose when time's up. (requested by ban biden blast)
|inactive|Pig Perfect has 120 seconds left.
|
|t:|1776063334
|teamsize|p1|6
|teamsize|p2|6
|start
|switch|p1a: Kyurem|Kyurem|100/100
|switch|p2a: Sew What?|Pincurchin, M|100/100
|-ability|p1a: Kyurem|Pressure
|-fieldstart|move: Electric Terrain|[from] ability: Electric Surge|[of] p2a: Sew What?
|turn|1
|inactive|Pig Perfect has 120 seconds left.
|inactive|Pig Perfect has 90 seconds left.
|
|t:|1776063414
|move|p1a: Kyurem|Draco Meteor|p2a: Sew What?
|-crit|p2a: Sew What?
|-damage|p2a: Sew What?|0 fnt
|-unboost|p1a: Kyurem|spa|2
|faint|p2a: Sew What?
|
|upkeep
|
|t:|1776063420
|switch|p2a: *Leaves Game*|Iron Leaves|100/100
|-activate|p2a: *Leaves Game*|ability: Quark Drive
|-start|p2a: *Leaves Game*|quarkdriveatk
|turn|2
|
|t:|1776063431
|switch|p1a: Hatterene|Hatterene, F|100/100
|move|p2a: *Leaves Game*|Trailblaze|p1a: Hatterene
|-damage|p1a: Hatterene|71/100
|-boost|p2a: *Leaves Game*|spe|1
|-damage|p2a: *Leaves Game*|84/100|[from] item: Rocky Helmet|[of] p1a: Hatterene
|
|upkeep
|turn|3
|
|t:|1776063456
|-end|p2a: *Leaves Game*|Quark Drive|[silent]
|switch|p2a: Necky's Nuts|Raging Bolt|100/100
|-enditem|p2a: Necky's Nuts|Booster Energy
|-activate|p2a: Necky's Nuts|ability: Protosynthesis|[fromitem]
|-start|p2a: Necky's Nuts|protosynthesisspa
|move|p1a: Hatterene|Nuzzle|p2a: Necky's Nuts
|-resisted|p2a: Necky's Nuts
|-damage|p2a: Necky's Nuts|99/100
|
|upkeep
|turn|4
|
|t:|1776063471
|move|p2a: Necky's Nuts|Dragon Pulse|p1a: Hatterene
|-immune|p1a: Hatterene
|move|p1a: Hatterene|Draining Kiss|p2a: Necky's Nuts
|-supereffective|p2a: Necky's Nuts
|-damage|p2a: Necky's Nuts|59/100
|-heal|p1a: Hatterene|100/100|[from] drain|[of] p2a: Necky's Nuts
|
|upkeep
|turn|5
|
|t:|1776063478
|switch|p1a: Kyurem|Kyurem|100/100
|-ability|p1a: Kyurem|Pressure
|move|p2a: Necky's Nuts|Dragon Pulse|p1a: Kyurem
|-supereffective|p1a: Kyurem
|-damage|p1a: Kyurem|0 fnt
|faint|p1a: Kyurem
|
|upkeep
|
|t:|1776063482
|switch|p1a: Great Tusk|Great Tusk|100/100
|turn|6
|inactive|Pig Perfect has 60 seconds left.
|
|t:|1776063521
|-end|p1a: Great Tusk|Protosynthesis|[silent]
|switch|p1a: Hatterene|Hatterene, F|100/100
|-end|p2a: Necky's Nuts|Protosynthesis|[silent]
|switch|p2a: *Leaves Game*|Iron Leaves|84/100
|-activate|p2a: *Leaves Game*|ability: Quark Drive
|-start|p2a: *Leaves Game*|quarkdriveatk
|
|upkeep
|turn|7
|inactive|Pig Perfect has 60 seconds left.
|
|t:|1776063536
|-end|p2a: *Leaves Game*|Quark Drive|[silent]
|switch|p2a: Necky's Nuts|Raging Bolt|59/100
|move|p1a: Hatterene|Psychic Noise|p2a: Necky's Nuts
|-damage|p2a: Necky's Nuts|28/100
|-start|p2a: Necky's Nuts|move: Heal Block
|
|upkeep
|turn|8
|
|t:|1776063552
|switch|p1a: Tornadus|Tornadus-Therian, M|100/100
|move|p2a: Necky's Nuts|Rising Voltage|p1a: Tornadus
|-supereffective|p1a: Tornadus
|-damage|p1a: Tornadus|34/100
|
|-end|p2a: Necky's Nuts|move: Heal Block
|-fieldend|move: Electric Terrain
|upkeep
|turn|9
|inactive|Pig Perfect has 60 seconds left.
|
|t:|1776063583
|switch|p1a: Hatterene|Hatterene, F|100/100
|move|p2a: Necky's Nuts|Dragon Pulse|p1a: Hatterene
|-immune|p1a: Hatterene
|
|upkeep
|turn|10
|
|t:|1776063586
|move|p2a: Necky's Nuts|Rising Voltage|p1a: Hatterene
|-damage|p1a: Hatterene|57/100
|move|p1a: Hatterene|Draining Kiss|p2a: Necky's Nuts
|-supereffective|p2a: Necky's Nuts
|-damage|p2a: Necky's Nuts|0 fnt
|-heal|p1a: Hatterene|84/100|[from] drain|[of] p2a: Necky's Nuts
|faint|p2a: Necky's Nuts
|-end|p2a: Necky's Nuts|Protosynthesis|[silent]
|
|upkeep
|
|t:|1776063589
|switch|p2a: Iron Trunk|Iron Treads|100/100
|-item|p2a: Iron Trunk|Air Balloon
|turn|11
|
|t:|1776063601
|move|p2a: Iron Trunk|Steel Beam|p1a: Hatterene
|-supereffective|p1a: Hatterene
|-damage|p1a: Hatterene|0 fnt
|-damage|p2a: Iron Trunk|50/100|[from] steelbeam
|faint|p1a: Hatterene
|
|upkeep
|
|t:|1776063606
|switch|p1a: Cinderace|Cinderace, M|100/100
|turn|12
|
|t:|1776063617
|move|p1a: Cinderace|Pyro Ball|p2a: Iron Trunk
|-supereffective|p2a: Iron Trunk
|-damage|p2a: Iron Trunk|0 fnt
|-enditem|p2a: Iron Trunk|Air Balloon
|faint|p2a: Iron Trunk
|-end|p2a: Iron Trunk|Quark Drive|[silent]
|
|upkeep
|
|t:|1776063625
|switch|p2a: So ein Mist!|Kingambit, M|100/100
|-activate|p2a: So ein Mist!|ability: Supreme Overlord
|-start|p2a: So ein Mist!|fallen3|[silent]
|turn|13
|j| SquilliamTg
|
|t:|1776063629
|-terastallize|p2a: So ein Mist!|Ghost
|move|p1a: Cinderace|Will-O-Wisp|p2a: So ein Mist!
|-status|p2a: So ein Mist!|brn
|move|p2a: So ein Mist!|Swords Dance|p2a: So ein Mist!
|-boost|p2a: So ein Mist!|atk|2
|
|-damage|p2a: So ein Mist!|94/100 brn|[from] brn
|upkeep
|turn|14
|inactive|Pig Perfect has 90 seconds left.
|
|t:|1776063638
|move|p1a: Cinderace|U-turn|p2a: So ein Mist!
|-resisted|p2a: So ein Mist!
|-damage|p2a: So ein Mist!|87/100 brn
|
|t:|1776063640
|switch|p1a: Great Tusk|Great Tusk|100/100|[from] U-turn
|move|p2a: So ein Mist!|Iron Head|p1a: Great Tusk
|-damage|p1a: Great Tusk|56/100
|-damage|p2a: So ein Mist!|71/100 brn|[from] item: Rocky Helmet|[of] p1a: Great Tusk
|
|-heal|p2a: So ein Mist!|77/100 brn|[from] item: Leftovers
|-damage|p2a: So ein Mist!|71/100 brn|[from] brn
|upkeep
|turn|15
|inactive|Pig Perfect has 90 seconds left.
|
|t:|1776063673
|-terastallize|p1a: Great Tusk|Ground
|move|p1a: Great Tusk|Headlong Rush|p2a: So ein Mist!
|-damage|p2a: So ein Mist!|5/100 brn
|-unboost|p1a: Great Tusk|def|1
|-unboost|p1a: Great Tusk|spd|1
|move|p2a: So ein Mist!|Iron Head|p1a: Great Tusk
|-damage|p1a: Great Tusk|0 fnt
|-damage|p2a: So ein Mist!|0 fnt|[from] item: Rocky Helmet|[of] p1a: Great Tusk
|faint|p1a: Great Tusk
|-end|p1a: Great Tusk|Protosynthesis|[silent]
|faint|p2a: So ein Mist!
|-end|p2a: So ein Mist!|fallen3|[silent]
|
|upkeep
|inactive|Pig Perfect has 60 seconds left.
|inactive|Pig Perfect has 30 seconds left.
|l| SquilliamTg
|
|t:|1776063737
|switch|p1a: Cinderace|Cinderace, M|100/100
|switch|p2a: Peak-Chu|Pawmot, F|100/100
|turn|16
|
|t:|1776063746
|move|p1a: Cinderace|Will-O-Wisp|p2a: Peak-Chu
|-status|p2a: Peak-Chu|brn
|move|p2a: Peak-Chu|Revival Blessing|p2a: Peak-Chu
|-enditem|p2a: Peak-Chu|Leppa Berry|[eat]
|-activate|p2a: Peak-Chu|item: Leppa Berry|Revival Blessing|[consumed]
|
|t:|1776063752
|-heal|p2: So ein Mist!|50/100|[from] move: Revival Blessing
|
|-damage|p2a: Peak-Chu|94/100 brn|[from] brn
|upkeep
|turn|17
|
|t:|1776063759
|move|p1a: Cinderace|Pyro Ball|p2a: Peak-Chu
|-damage|p2a: Peak-Chu|25/100 brn
|move|p2a: Peak-Chu|Revival Blessing|p2a: Peak-Chu
|
|t:|1776063762
|-heal|p2: Necky's Nuts|50/100|[from] move: Revival Blessing
|
|-damage|p2a: Peak-Chu|19/100 brn|[from] brn
|upkeep
|turn|18
|
|t:|1776063767
|move|p2a: Peak-Chu|Mach Punch|p1a: Cinderace
|-damage|p1a: Cinderace|87/100
|move|p1a: Cinderace|Pyro Ball|p2a: Peak-Chu
|-damage|p2a: Peak-Chu|0 fnt
|faint|p2a: Peak-Chu
|
|upkeep
|
|t:|1776063770
|switch|p2a: Necky's Nuts|Raging Bolt|50/100
|turn|19
|
|t:|1776063776
|move|p1a: Cinderace|U-turn|p2a: Necky's Nuts
|-damage|p2a: Necky's Nuts|32/100
|
|t:|1776063778
|switch|p1a: Tornadus|Tornadus-Therian, M|67/100|[from] U-turn
|move|p2a: Necky's Nuts|Rising Voltage|p1a: Tornadus
|-supereffective|p1a: Tornadus
|-damage|p1a: Tornadus|18/100
|
|upkeep
|turn|20
|j| PESWGG
|j| Dogedgr8
|inactive|Pig Perfect has 60 seconds left.
|
|t:|1776063824
|move|p2a: Necky's Nuts|Thunderclap|p1a: Tornadus
|-supereffective|p1a: Tornadus
|-damage|p1a: Tornadus|0 fnt
|faint|p1a: Tornadus
|
|upkeep
|
|t:|1776063828
|switch|p1a: Kingambit|Kingambit, F|100/100
|-activate|p1a: Kingambit|ability: Supreme Overlord
|-start|p1a: Kingambit|fallen4|[silent]
|turn|21
|
|t:|1776063833
|move|p2a: Necky's Nuts|Rising Voltage|p1a: Kingambit
|-damage|p1a: Kingambit|57/100
|move|p1a: Kingambit|Kowtow Cleave|p2a: Necky's Nuts
|-damage|p2a: Necky's Nuts|0 fnt
|faint|p2a: Necky's Nuts
|-end|p2a: Necky's Nuts|Protosynthesis|[silent]
|
|-heal|p1a: Kingambit|63/100|[from] item: Leftovers
|upkeep
|
|t:|1776063840
|switch|p2a: So ein Mist!|Kingambit, M|50/100
|-activate|p2a: So ein Mist!|ability: Supreme Overlord
|-start|p2a: So ein Mist!|fallen5|[silent]
|turn|22
|
|t:|1776063848
|move|p2a: So ein Mist!|Low Kick|p1a: Kingambit
|-supereffective|p1a: Kingambit
|-damage|p1a: Kingambit|0 fnt
|faint|p1a: Kingambit
|-end|p1a: Kingambit|fallen4|[silent]
|
|-heal|p2a: So ein Mist!|57/100|[from] item: Leftovers
|upkeep
|
|t:|1776063850
|switch|p1a: Cinderace|Cinderace, M|87/100
|turn|23
|
|t:|1776063868
|move|p2a: So ein Mist!|Sucker Punch|p1a: Cinderace
|-damage|p1a: Cinderace|9/100
|move|p1a: Cinderace|Pyro Ball|p2a: So ein Mist!
|-supereffective|p2a: So ein Mist!
|-damage|p2a: So ein Mist!|0 fnt
|faint|p2a: So ein Mist!
|-end|p2a: So ein Mist!|fallen5|[silent]
|
|upkeep
|
|t:|1776063872
|switch|p2a: *Leaves Game*|Iron Leaves|84/100
|turn|24
|
|t:|1776063875
|move|p1a: Cinderace|Pyro Ball|p2a: *Leaves Game*
|-supereffective|p2a: *Leaves Game*
|-damage|p2a: *Leaves Game*|0 fnt
|faint|p2a: *Leaves Game*
|-end|p2a: *Leaves Game*|Quark Drive|[silent]
|
|win|ban biden blast
|raw|ban biden blast's rating: 1579 &rarr; <strong>1599</strong><br />(+20 for winning)
|raw|Pig Perfect's rating: 1575 &rarr; <strong>1555</strong><br />(-20 for losing)
|l|☆Pig Perfect
|player|p2|
|l|☆ban biden blast
|player|p1|
|l| PESWGG
|l| Dogedgr8
