|html|<div class="broadcast-blue"><strong>[Gen 9] OU is currently suspecting Tera Blast! For information on how to participate check out the <a href="https://www.smogon.com/tools/suspects/view/200">suspect thread</a>.</strong></div>
|j|☆LOYVA
|j|☆StaiNthaNieL
|t:|1776055631
|gametype|singles
|player|p1|LOYVA|101|1113
|player|p2|StaiNthaNieL|dawn|1132
|gen|9
|tier|[Gen 9] OU
|rated|
|rule|HP Percentage Mod: HP is shown in percentages
|rule|Endless Battle Clause: Forcing endless battles is banned
|rule|Species Clause: Limit one of each Pokémon
|rule|OHKO Clause: OHKO moves are banned
|rule|Evasion Items Clause: Evasion items are banned
|rule|Evasion Moves Clause: Evasion moves are banned
|rule|Evasion Abilities Clause: Evasion abilities are banned
|rule|Sleep Moves Clause: Sleep-inducing moves are banned
|clearpoke
|poke|p1|Quagsire, F|
|poke|p1|Dragonite, F|
|poke|p1|Mandibuzz, F|
|poke|p1|Deoxys-Speed|
|poke|p1|Iron Valiant|
|poke|p1|Slowking-Galar, F|
|poke|p2|Ogerpon-Wellspring, F|
|poke|p2|Raging Bolt|
|poke|p2|Tornadus-Therian, M|
|poke|p2|Pelipper, M|
|poke|p2|Barraskewda, F|
|poke|p2|Iron Treads|
|teampreview
|inactive|Battle timer is ON: inactive players will automatically lose when time's up. (requested by LOYVA)
|
|t:|1776055638
|teamsize|p1|6
|teamsize|p2|6
|start
|switch|p1a: Slowking|Slowking-Galar, F|100/100
|switch|p2a: Pelipper|Pelipper, M|100/100
|-weather|RainDance|[from] ability: Drizzle|[of] p2a: Pelipper
|turn|1
|
|t:|1776055648
|move|p2a: Pelipper|Knock Off|p1a: Slowking
|-supereffective|p1a: Slowking
|-damage|p1a: Slowking|72/100
|-enditem|p1a: Slowking|Assault Vest|[from] move: Knock Off|[of] p2a: Pelipper
|move|p1a: Slowking|Sludge Bomb|p2a: Pelipper
|-damage|p2a: Pelipper|28/100
|
|-weather|RainDance|[upkeep]
|upkeep
|turn|2
|
|t:|1776055659
|move|p2a: Pelipper|U-turn|p1a: Slowking
|-damage|p1a: Slowking|61/100
|
|t:|1776055662
|switch|p2a: Iron Treads|Iron Treads|100/100|[from] U-turn
|move|p1a: Slowking|Sludge Bomb|p2a: Iron Treads
|-immune|p2a: Iron Treads
|
|-weather|RainDance|[upkeep]
|upkeep
|turn|3
|
|t:|1776055672
|switch|p1a: Mandibuzz|Mandibuzz, F|100/100
|move|p2a: Iron Treads|Stealth Rock|p1a: Mandibuzz
|-sidestart|p1: LOYVA|move: Stealth Rock
|
|-weather|RainDance|[upkeep]
|upkeep
|turn|4
|
|t:|1776055681
|move|p2a: Iron Treads|Knock Off|p1a: Mandibuzz
|-resisted|p1a: Mandibuzz
|-damage|p1a: Mandibuzz|92/100
|-enditem|p1a: Mandibuzz|Heavy-Duty Boots|[from] move: Knock Off|[of] p2a: Iron Treads
|move|p1a: Mandibuzz|Defog|p2a: Iron Treads
|-unboost|p2a: Iron Treads|evasion|1
|-sideend|p1: LOYVA|Stealth Rock|[from] move: Defog|[of] p1a: Mandibuzz
|
|-weather|RainDance|[upkeep]
|upkeep
|turn|5
|
|t:|1776055691
|move|p2a: Iron Treads|Stealth Rock|p1a: Mandibuzz
|-sidestart|p1: LOYVA|move: Stealth Rock
|move|p1a: Mandibuzz|Foul Play|p2a: Iron Treads
|-damage|p2a: Iron Treads|54/100
|
|-weather|RainDance|[upkeep]
|upkeep
|turn|6
|
|t:|1776055702
|-end|p2a: Iron Treads|Quark Drive|[silent]
|switch|p2a: Ogerpon|Ogerpon-Wellspring, F|100/100
|move|p1a: Mandibuzz|Defog|p2a: Ogerpon
|-unboost|p2a: Ogerpon|evasion|1
|-sideend|p1: LOYVA|Stealth Rock|[from] move: Defog|[of] p1a: Mandibuzz
|
|-weather|RainDance|[upkeep]
|upkeep
|turn|7
|
|t:|1776055714
|move|p2a: Ogerpon|Swords Dance|p2a: Ogerpon
|-boost|p2a: Ogerpon|atk|2
|move|p1a: Mandibuzz|Toxic|p2a: Ogerpon
|-status|p2a: Ogerpon|tox
|
|-weather|RainDance|[upkeep]
|-damage|p2a: Ogerpon|95/100 tox|[from] psn
|upkeep
|turn|8
|
|t:|1776055724
|move|p2a: Ogerpon|Ivy Cudgel|p1a: Mandibuzz|[anim] Ivy Cudgel Water
|-damage|p1a: Mandibuzz|0 fnt
|faint|p1a: Mandibuzz
|
|-weather|none
|-damage|p2a: Ogerpon|83/100 tox|[from] psn
|upkeep
|
|t:|1776055733
|switch|p1a: Quagsire|Quagsire, F|100/100
|turn|9
|
|t:|1776055740
|-terastallize|p1a: Quagsire|Grass
|move|p2a: Ogerpon|Horn Leech|p1a: Quagsire
|-resisted|p1a: Quagsire
|-damage|p1a: Quagsire|85/100
|-heal|p2a: Ogerpon|93/100 tox|[from] drain|[of] p1a: Quagsire
|move|p1a: Quagsire|Earthquake|p2a: Ogerpon
|-resisted|p2a: Ogerpon
|-damage|p2a: Ogerpon|73/100 tox
|
|-heal|p1a: Quagsire|91/100|[from] item: Leftovers
|-damage|p2a: Ogerpon|55/100 tox|[from] psn
|upkeep
|turn|10
|
|t:|1776055756
|switch|p2a: Pelipper|Pelipper, M|28/100
|-weather|RainDance|[from] ability: Drizzle|[of] p2a: Pelipper
|move|p1a: Quagsire|Earthquake|p2a: Pelipper
|-immune|p2a: Pelipper
|
|-weather|RainDance|[upkeep]
|-heal|p1a: Quagsire|97/100|[from] item: Leftovers
|upkeep
|turn|11
|
|t:|1776055777
|move|p2a: Pelipper|Hurricane|p1a: Quagsire
|-supereffective|p1a: Quagsire
|-damage|p1a: Quagsire|6/100
|move|p1a: Quagsire|Toxic|p2a: Pelipper
|-status|p2a: Pelipper|tox
|
|-weather|RainDance|[upkeep]
|-heal|p1a: Quagsire|12/100|[from] item: Leftovers
|-damage|p2a: Pelipper|22/100 tox|[from] psn
|upkeep
|turn|12
|
|t:|1776055787
|move|p2a: Pelipper|U-turn|p1a: Quagsire
|-supereffective|p1a: Quagsire
|-damage|p1a: Quagsire|0 fnt
|faint|p1a: Quagsire
|
|t:|1776055791
|switch|p2a: Barraskewda|Barraskewda, F|100/100|[from] U-turn
|
|-weather|RainDance|[upkeep]
|upkeep
|
|t:|1776055805
|switch|p1a: Deoxys|Deoxys-Speed|100/100
|-ability|p1a: Deoxys|Pressure
|turn|13
|
|t:|1776055812
|-terastallize|p2a: Barraskewda|Water
|move|p2a: Barraskewda|Liquidation|p1a: Deoxys
|-damage|p1a: Deoxys|0 fnt
|faint|p1a: Deoxys
|
|-weather|RainDance|[upkeep]
|upkeep
|
|t:|1776055824
|switch|p1a: Slowking|Slowking-Galar, F|94/100
|turn|14
|
|t:|1776055827
|move|p2a: Barraskewda|Liquidation|p1a: Slowking
|-damage|p1a: Slowking|0 fnt
|faint|p1a: Slowking
|
|-weather|RainDance|[upkeep]
|upkeep
|-message|LOYVA forfeited.
|
|win|StaiNthaNieL
|raw|LOYVA's rating: 1113 &rarr; <strong>1089</strong><br />(-24 for losing)
|raw|StaiNthaNieL's rating: 1132 &rarr; <strong>1156</strong><br />(+24 for winning)
|l|☆LOYVA
|player|p1|
|l|☆StaiNthaNieL
|player|p2|
