|html|<div class="broadcast-blue"><strong>[Gen 9] OU is currently suspecting Tera Blast! For information on how to participate check out the <a href="https://www.smogon.com/tools/suspects/view/200">suspect thread</a>.</strong></div>
|j|☆bowling12345
|j|☆KungFuCutman1
|t:|1776107373
|gametype|singles
|player|p1|bowling12345|265|1328
|player|p2|KungFuCutman1|ethan|1367
|gen|9
|tier|[Gen 9] OU
|rated|
|rule|HP Percentage Mod: HP is shown in percentages
|rule|Endless Battle Clause: Forcing endless battles is banned
|rule|Species Clause: Limit one of each Pokémon
|rule|OHKO Clause: OHKO moves are banned
|rule|Evasion Items Clause: Evasion items are banned
|rule|Evasion Moves Clause: Evasion moves are banned
|rule|Evasion Abilities Clause: Evasion abilities are banned
|rule|Sleep Moves Clause: Sleep-inducing moves are banned
|clearpoke
|poke|p1|Zoroark-Hisui, F|
|poke|p1|Jirachi|
|poke|p1|Munkidori, M|
|poke|p1|Sinistcha|
|poke|p1|Alomomola, M|
|poke|p1|Entei|
|poke|p2|Latios, M|
|poke|p2|Samurott-Hisui, F|
|poke|p2|Zamazenta-*|
|poke|p2|Great Tusk|
|poke|p2|Heatran, F|
|poke|p2|Pecharunt|
|teampreview
|inactive|Battle timer is ON: inactive players will automatically lose when time's up. (requested by bowling12345)
|
|t:|1776107385
|teamsize|p1|6
|teamsize|p2|6
|start
|switch|p1a: Jirachi|Jirachi|100/100
|switch|p2a: Samurott|Samurott-Hisui, F|100/100
|turn|1
|
|t:|1776107398
|move|p1a: Jirachi|Trick|p2a: Samurott
|-activate|p1a: Jirachi|move: Trick|[of] p2a: Samurott
|-item|p2a: Samurott|Choice Scarf|[from] move: Trick
|-item|p1a: Jirachi|Assault Vest|[from] move: Trick
|move|p2a: Samurott|Ceaseless Edge|p1a: Jirachi
|-supereffective|p1a: Jirachi
|-damage|p1a: Jirachi|25/100
|-sidestart|p1: bowling12345|Spikes
|
|upkeep
|turn|2
|
|t:|1776107407
|switch|p1a: Alomomola|Alomomola, M|100/100
|-damage|p1a: Alomomola|88/100|[from] Spikes
|move|p2a: Samurott|Ceaseless Edge|p1a: Alomomola
|-damage|p1a: Alomomola|67/100
|-damage|p2a: Samurott|84/100|[from] item: Rocky Helmet|[of] p1a: Alomomola
|-sidestart|p1: bowling12345|Spikes
|
|upkeep
|turn|3
|
|t:|1776107415
|move|p2a: Samurott|Ceaseless Edge|p1a: Alomomola
|-damage|p1a: Alomomola|46/100
|-damage|p2a: Samurott|68/100|[from] item: Rocky Helmet|[of] p1a: Alomomola
|-sidestart|p1: bowling12345|Spikes
|move|p1a: Alomomola|Scald|p2a: Samurott
|-resisted|p2a: Samurott
|-damage|p2a: Samurott|61/100
|
|upkeep
|turn|4
|
|t:|1776107426
|switch|p2a: Latios|Latios, M|100/100
|move|p1a: Alomomola|Scald|p2a: Latios
|-resisted|p2a: Latios
|-damage|p2a: Latios|93/100
|
|upkeep
|turn|5
|
|t:|1776107433
|switch|p1a: Jirachi|Jirachi|25/100
|-damage|p1a: Jirachi|0 fnt|[from] Spikes
|faint|p1a: Jirachi
|move|p2a: Latios|Draco Meteor|p1: Jirachi|[notarget]
|-fail|p2a: Latios
|
|upkeep
|
|t:|1776107446
|switch|p1a: Munkidori|Munkidori, M|100/100
|-damage|p1a: Munkidori|76/100|[from] Spikes
|turn|6
|
|t:|1776107451
|switch|p2a: Samurott|Samurott-Hisui, F|61/100
|move|p1a: Munkidori|Hex|p2a: Samurott
|-resisted|p2a: Samurott
|-damage|p2a: Samurott|49/100
|-status|p2a: Samurott|tox|[from] ability: Toxic Chain|[of] p1a: Munkidori
|
|-damage|p2a: Samurott|43/100 tox|[from] psn
|upkeep
|turn|7
|
|t:|1776107460
|switch|p1a: Alomomola|Alomomola, M|79/100
|-damage|p1a: Alomomola|54/100|[from] Spikes
|move|p2a: Samurott|Knock Off|p1a: Alomomola
|-damage|p1a: Alomomola|32/100
|-damage|p2a: Samurott|26/100 tox|[from] item: Rocky Helmet|[of] p1a: Alomomola
|-enditem|p1a: Alomomola|Rocky Helmet|[from] move: Knock Off|[of] p2a: Samurott
|
|-damage|p2a: Samurott|14/100 tox|[from] psn
|upkeep
|turn|8
|
|t:|1776107477
|switch|p2a: Heatran|Heatran, F|100/100
|move|p1a: Alomomola|Flip Turn|p2a: Heatran
|-supereffective|p2a: Heatran
|-damage|p2a: Heatran|75/100
|
|t:|1776107482
|switch|p1a: Sinistcha|Sinistcha|100/100|[from] Flip Turn
|-damage|p1a: Sinistcha|75/100|[from] Spikes
|
|-heal|p2a: Heatran|81/100|[from] item: Leftovers
|upkeep
|turn|9
|
|t:|1776107488
|move|p1a: Sinistcha|Focus Blast|p2a: Heatran
|-supereffective|p2a: Heatran
|-damage|p2a: Heatran|33/100
|-unboost|p2a: Heatran|spd|1
|move|p2a: Heatran|Lava Plume|p1a: Sinistcha
|-damage|p1a: Sinistcha|6/100
|-status|p1a: Sinistcha|brn
|replace|p1a: Zoroark|Zoroark-Hisui, F
|-end|p1a: Zoroark|Illusion
|
|-heal|p2a: Heatran|39/100|[from] item: Leftovers
|-damage|p1a: Zoroark|0 fnt|[from] brn
|faint|p1a: Zoroark
|upkeep
|
|t:|1776107507
|switch|p1a: Munkidori|Munkidori, M|76/100
|-damage|p1a: Munkidori|51/100|[from] Spikes
|turn|10
|
|t:|1776107514
|move|p1a: Munkidori|Focus Blast|p2a: Heatran
|-supereffective|p2a: Heatran
|-damage|p2a: Heatran|0 fnt
|faint|p2a: Heatran
|
|upkeep
|
|t:|1776107518
|switch|p2a: Latios|Latios, M|93/100
|turn|11
|
|t:|1776107523
|-terastallize|p1a: Munkidori|Dark
|move|p2a: Latios|Luster Purge|p1a: Munkidori
|-immune|p1a: Munkidori
|move|p1a: Munkidori|Hex|p2a: Latios
|-supereffective|p2a: Latios
|-damage|p2a: Latios|42/100
|
|upkeep
|turn|12
|
|t:|1776107530
|move|p2a: Latios|Aura Sphere|p1a: Munkidori
|-supereffective|p1a: Munkidori
|-damage|p1a: Munkidori|22/100
|move|p1a: Munkidori|Hex|p2a: Latios
|-supereffective|p2a: Latios
|-damage|p2a: Latios|0 fnt
|faint|p2a: Latios
|
|upkeep
|
|t:|1776107535
|switch|p2a: Samurott|Samurott-Hisui, F|14/100 tox
|turn|13
|
|t:|1776107541
|switch|p1a: Alomomola|Alomomola, M|65/100
|-damage|p1a: Alomomola|40/100|[from] Spikes
|move|p2a: Samurott|Knock Off|p1a: Alomomola
|-damage|p1a: Alomomola|26/100
|
|-damage|p2a: Samurott|8/100 tox|[from] psn
|upkeep
|turn|14
|
|t:|1776107548
|move|p2a: Samurott|Knock Off|p1a: Alomomola
|-damage|p1a: Alomomola|11/100
|move|p1a: Alomomola|Wish|p1a: Alomomola
|
|-damage|p2a: Samurott|0 fnt|[from] psn
|faint|p2a: Samurott
|upkeep
|
|t:|1776107559
|switch|p2a: Great Tusk|Great Tusk|100/100
|turn|15
|
|t:|1776107568
|switch|p1a: Sinistcha|Sinistcha|100/100
|-damage|p1a: Sinistcha|75/100|[from] Spikes
|move|p2a: Great Tusk|Stealth Rock|p1a: Sinistcha
|-sidestart|p1: bowling12345|move: Stealth Rock
|
|-heal|p1a: Sinistcha|100/100|[from] move: Wish|[wisher] Alomomola
|upkeep
|turn|16
|
|t:|1776107577
|-end|p2a: Great Tusk|Protosynthesis|[silent]
|switch|p2a: Pecharunt|Pecharunt|100/100
|move|p1a: Sinistcha|Trick Room|p1a: Sinistcha
|-fieldstart|move: Trick Room|[of] p1a: Sinistcha
|
|upkeep
|turn|17
|inactive|bowling12345 has 120 seconds left.
|
|t:|1776107619
|switch|p1a: Munkidori|Munkidori, M, tera:Dark|22/100
|-damage|p1a: Munkidori|0 fnt|[from] Spikes
|faint|p1a: Munkidori
|-terastallize|p2a: Pecharunt|Dark
|move|p2a: Pecharunt|Malignant Chain|p1: Munkidori|[notarget]
|-fail|p2a: Pecharunt
|
|upkeep
|
|t:|1776107627
|switch|p1a: Entei|Entei|100/100
|-damage|p1a: Entei|75/100|[from] Spikes
|-damage|p1a: Entei|50/100|[from] Stealth Rock
|turn|18
|
|t:|1776107632
|switch|p2a: Zamazenta|Zamazenta|100/100
|-ability|p2a: Zamazenta|Dauntless Shield|boost
|-boost|p2a: Zamazenta|def|1
|move|p1a: Entei|Sacred Fire|p2a: Zamazenta
|-damage|p2a: Zamazenta|69/100
|-status|p2a: Zamazenta|brn
|
|-heal|p2a: Zamazenta|75/100 brn|[from] item: Leftovers
|-damage|p2a: Zamazenta|69/100 brn|[from] brn
|upkeep
|turn|19
|inactive|bowling12345 has 120 seconds left.
|
|t:|1776107643
|switch|p1a: Alomomola|Alomomola, M|45/100
|-damage|p1a: Alomomola|20/100|[from] Spikes
|-damage|p1a: Alomomola|7/100|[from] Stealth Rock
|move|p2a: Zamazenta|Crunch|p1a: Alomomola
|-damage|p1a: Alomomola|1/100
|
|-heal|p2a: Zamazenta|75/100 brn|[from] item: Leftovers
|-damage|p2a: Zamazenta|69/100 brn|[from] brn
|upkeep
|turn|20
|
|t:|1776107652
|move|p2a: Zamazenta|Crunch|p1a: Alomomola
|-damage|p1a: Alomomola|0 fnt
|faint|p1a: Alomomola
|
|-heal|p2a: Zamazenta|75/100 brn|[from] item: Leftovers
|-damage|p2a: Zamazenta|69/100 brn|[from] brn
|-fieldend|move: Trick Room
|upkeep
|
|t:|1776107661
|switch|p1a: Sinistcha|Sinistcha|100/100
|-damage|p1a: Sinistcha|75/100|[from] Spikes
|-damage|p1a: Sinistcha|63/100|[from] Stealth Rock
|turn|21
|
|t:|1776107665
|move|p2a: Zamazenta|Crunch|p1a: Sinistcha
|-supereffective|p1a: Sinistcha
|-damage|p1a: Sinistcha|43/100
|-enditem|p1a: Sinistcha|Weakness Policy
|-boost|p1a: Sinistcha|atk|2|[from] item: Weakness Policy
|-boost|p1a: Sinistcha|spa|2|[from] item: Weakness Policy
|move|p1a: Sinistcha|Trick Room|p1a: Sinistcha
|-fieldstart|move: Trick Room|[of] p1a: Sinistcha
|
|-heal|p2a: Zamazenta|75/100 brn|[from] item: Leftovers
|-damage|p2a: Zamazenta|69/100 brn|[from] brn
|upkeep
|turn|22
|
|t:|1776107674
|move|p1a: Sinistcha|Matcha Gotcha|p2a: Zamazenta
|-damage|p2a: Zamazenta|4/100 brn
|-heal|p1a: Sinistcha|84/100|[from] drain|[of] p2a: Zamazenta
|move|p2a: Zamazenta|Roar|p1a: Sinistcha
|drag|p1a: Entei|Entei|50/100
|-damage|p1a: Entei|25/100|[from] Spikes
|-damage|p1a: Entei|0 fnt|[from] Stealth Rock
|faint|p1a: Entei
|
|-heal|p2a: Zamazenta|10/100 brn|[from] item: Leftovers
|-damage|p2a: Zamazenta|4/100 brn|[from] brn
|upkeep
|
|t:|1776107687
|switch|p1a: Sinistcha|Sinistcha|84/100
|-damage|p1a: Sinistcha|59/100|[from] Spikes
|-damage|p1a: Sinistcha|47/100|[from] Stealth Rock
|turn|23
|
|t:|1776107694
|move|p1a: Sinistcha|Hex|p2a: Zamazenta
|-damage|p2a: Zamazenta|0 fnt
|faint|p2a: Zamazenta
|
|upkeep
|
|t:|1776107698
|switch|p2a: Pecharunt|Pecharunt, tera:Dark|100/100
|turn|24
|
|t:|1776107701
|move|p1a: Sinistcha|Matcha Gotcha|p2a: Pecharunt
|-damage|p2a: Pecharunt|63/100
|-heal|p1a: Sinistcha|72/100|[from] drain|[of] p2a: Pecharunt
|move|p2a: Pecharunt|Malignant Chain|p1a: Sinistcha
|-damage|p1a: Sinistcha|23/100
|-status|p1a: Sinistcha|tox
|-start|p1a: Sinistcha|confusion|[from] ability: Poison Puppeteer|[of] p2a: Pecharunt
|
|-damage|p1a: Sinistcha|17/100 tox|[from] psn
|upkeep
|turn|25
|
|t:|1776107713
|-activate|p1a: Sinistcha|confusion
|move|p1a: Sinistcha|Matcha Gotcha|p2a: Pecharunt
|-damage|p2a: Pecharunt|26/100
|-heal|p1a: Sinistcha|42/100 tox|[from] drain|[of] p2a: Pecharunt
|move|p2a: Pecharunt|Hex|p1a: Sinistcha
|-supereffective|p1a: Sinistcha
|-damage|p1a: Sinistcha|0 fnt
|faint|p1a: Sinistcha
|
|win|KungFuCutman1
|raw|bowling12345's rating: 1328 &rarr; <strong>1310</strong><br />(-18 for losing)
|raw|KungFuCutman1's rating: 1367 &rarr; <strong>1385</strong><br />(+18 for winning)
|l|☆bowling12345
|player|p1|
|l|☆KungFuCutman1
|player|p2|
