|html|<div class="broadcast-blue"><strong>[Gen 9] OU is currently suspecting Tera Blast! For information on how to participate check out the <a href="https://www.smogon.com/tools/suspects/view/200">suspect thread</a>.</strong></div>
|j|☆UCB0
|j|☆RedFool
|t:|1776104381
|gametype|singles
|player|p1|UCB0|n|1340
|player|p2|RedFool|169|1319
|gen|9
|tier|[Gen 9] OU
|rated|
|rule|HP Percentage Mod: HP is shown in percentages
|rule|Endless Battle Clause: Forcing endless battles is banned
|rule|Species Clause: Limit one of each Pokémon
|rule|OHKO Clause: OHKO moves are banned
|rule|Evasion Items Clause: Evasion items are banned
|rule|Evasion Moves Clause: Evasion moves are banned
|rule|Evasion Abilities Clause: Evasion abilities are banned
|rule|Sleep Moves Clause: Sleep-inducing moves are banned
|clearpoke
|poke|p1|Excadrill, M|
|poke|p1|Abomasnow, M|
|poke|p1|Clodsire, M|
|poke|p1|Iron Moth|
|poke|p1|Skarmory, M|
|poke|p1|Morpeko, F|
|poke|p2|Deoxys-Speed|
|poke|p2|Ceruledge, F|
|poke|p2|Zamazenta-*|
|poke|p2|Ogerpon-Wellspring, F|
|poke|p2|Glimmora, M|
|poke|p2|Moltres-Galar|
|teampreview
|
|t:|1776104395
|teamsize|p1|6
|teamsize|p2|6
|start
|switch|p1a: Star platinum|Excadrill, M|100/100
|switch|p2a: Deoxys|Deoxys-Speed|100/100
|-ability|p2a: Deoxys|Pressure
|-ability|p1a: Star platinum|Mold Breaker
|turn|1
|
|t:|1776104409
|switch|p1a: Silver chariot|Skarmory, M|100/100
|move|p2a: Deoxys|Reflect|p2a: Deoxys
|-sidestart|p2: RedFool|Reflect
|
|upkeep
|turn|2
|
|t:|1776104414
|move|p2a: Deoxys|Light Screen|p2a: Deoxys
|-sidestart|p2: RedFool|move: Light Screen
|move|p1a: Silver chariot|Stealth Rock|p2a: Deoxys
|-sidestart|p2: RedFool|move: Stealth Rock
|
|upkeep
|turn|3
|
|t:|1776104423
|move|p2a: Deoxys|Taunt|p1a: Silver chariot
|-start|p1a: Silver chariot|move: Taunt
|cant|p1a: Silver chariot|move: Taunt|Iron Defense
|
|upkeep
|turn|4
|
|t:|1776104429
|switch|p2a: Ceruledge|Ceruledge, F|100/100
|-damage|p2a: Ceruledge|76/100|[from] Stealth Rock
|move|p1a: Silver chariot|Body Press|p2a: Ceruledge
|-immune|p2a: Ceruledge
|
|upkeep
|turn|5
|
|t:|1776104443
|move|p2a: Ceruledge|Swords Dance|p2a: Ceruledge
|-boost|p2a: Ceruledge|atk|2
|move|p1a: Silver chariot|Body Press|p2a: Ceruledge
|-immune|p2a: Ceruledge
|
|-end|p1a: Silver chariot|move: Taunt
|upkeep
|turn|6
|
|t:|1776104449
|move|p2a: Ceruledge|Bitter Blade|p1a: Silver chariot
|-supereffective|p1a: Silver chariot
|-ability|p1a: Silver chariot|Sturdy
|-damage|p1a: Silver chariot|1/100
|-heal|p2a: Ceruledge|100/100|[from] drain|[of] p1a: Silver chariot
|-damage|p2a: Ceruledge|84/100|[from] item: Rocky Helmet|[of] p1a: Silver chariot
|-damage|p2a: Ceruledge|74/100|[from] item: Life Orb
|move|p1a: Silver chariot|Roar|p2a: Ceruledge
|drag|p2a: Zamazenta|Zamazenta, shiny|100/100
|-damage|p2a: Zamazenta|94/100|[from] Stealth Rock
|-ability|p2a: Zamazenta|Dauntless Shield|boost
|-boost|p2a: Zamazenta|def|1
|
|-heal|p2a: Zamazenta|100/100|[from] item: Leftovers
|upkeep
|turn|7
|
|t:|1776104464
|move|p2a: Zamazenta|Body Press|p1a: Silver chariot
|-damage|p1a: Silver chariot|0 fnt
|-damage|p2a: Zamazenta|84/100|[from] item: Rocky Helmet|[of] p1a: Silver chariot
|faint|p1a: Silver chariot
|
|-heal|p2a: Zamazenta|90/100|[from] item: Leftovers
|upkeep
|
|t:|1776104472
|switch|p1a: Josuke J|Morpeko, F, shiny|100/100
|turn|8
|
|t:|1776104476
|move|p1a: Josuke J|Fake Out|p2a: Zamazenta
|-damage|p2a: Zamazenta|87/100
|cant|p2a: Zamazenta|flinch
|
|-heal|p2a: Zamazenta|93/100|[from] item: Leftovers
|-sideend|p2: RedFool|Reflect
|-formechange|p1a: Josuke J|Morpeko-Hangry||[from] ability: Hunger Switch
|upkeep
|turn|9
|
|t:|1776104481
|switch|p1a: High priestes|Clodsire, M|100/100
|move|p2a: Zamazenta|Body Press|p1a: High priestes
|-resisted|p1a: High priestes
|-damage|p1a: High priestes|71/100
|
|-heal|p2a: Zamazenta|99/100|[from] item: Leftovers
|-sideend|p2: RedFool|move: Light Screen
|upkeep
|turn|10
|
|t:|1776104491
|move|p2a: Zamazenta|Heavy Slam|p1a: High priestes
|-damage|p1a: High priestes|59/100
|move|p1a: High priestes|Gunk Shot|p2a: Zamazenta|[miss]
|-miss|p1a: High priestes|p2a: Zamazenta
|
|-heal|p2a: Zamazenta|100/100|[from] item: Leftovers
|upkeep
|turn|11
|
|t:|1776104516
|move|p2a: Zamazenta|Body Press|p1a: High priestes
|-resisted|p1a: High priestes
|-damage|p1a: High priestes|30/100
|move|p1a: High priestes|Gunk Shot|p2a: Zamazenta|[miss]
|-miss|p1a: High priestes|p2a: Zamazenta
|
|upkeep
|turn|12
|
|t:|1776104524
|move|p2a: Zamazenta|Body Press|p1a: High priestes
|-resisted|p1a: High priestes
|-damage|p1a: High priestes|0 fnt
|faint|p1a: High priestes
|
|upkeep
|
|t:|1776104528
|switch|p1a: Flare magician|Iron Moth, shiny|100/100
|-enditem|p1a: Flare magician|Booster Energy
|-activate|p1a: Flare magician|ability: Quark Drive|[fromitem]
|-start|p1a: Flare magician|quarkdrivespe
|turn|13
|
|t:|1776104537
|move|p1a: Flare magician|Fiery Dance|p2a: Zamazenta
|-damage|p2a: Zamazenta|60/100
|move|p2a: Zamazenta|Body Press|p1a: Flare magician
|-resisted|p1a: Flare magician
|-damage|p1a: Flare magician|50/100
|
|-heal|p2a: Zamazenta|66/100|[from] item: Leftovers
|upkeep
|turn|14
|
|t:|1776104546
|move|p1a: Flare magician|Sludge Wave|p2a: Zamazenta
|-damage|p2a: Zamazenta|20/100
|move|p2a: Zamazenta|Body Press|p1a: Flare magician
|-resisted|p1a: Flare magician
|-damage|p1a: Flare magician|2/100
|
|-heal|p2a: Zamazenta|26/100|[from] item: Leftovers
|upkeep
|turn|15
|
|t:|1776104551
|move|p1a: Flare magician|Fiery Dance|p2a: Zamazenta
|-damage|p2a: Zamazenta|0 fnt
|-boost|p1a: Flare magician|spa|1
|faint|p2a: Zamazenta
|
|upkeep
|
|t:|1776104565
|switch|p2a: Deoxys|Deoxys-Speed|100/100
|-damage|p2a: Deoxys|88/100|[from] Stealth Rock
|-ability|p2a: Deoxys|Pressure
|turn|16
|
|t:|1776104571
|move|p1a: Flare magician|Sludge Wave|p2a: Deoxys
|-damage|p2a: Deoxys|2/100
|move|p2a: Deoxys|Light Screen|p2a: Deoxys
|-sidestart|p2: RedFool|move: Light Screen
|
|upkeep
|turn|17
|
|t:|1776104575
|move|p1a: Flare magician|Fiery Dance|p2a: Deoxys
|-damage|p2a: Deoxys|0 fnt
|-boost|p1a: Flare magician|spa|1
|faint|p2a: Deoxys
|
|upkeep
|
|t:|1776104582
|switch|p2a: Glimmora|Glimmora, M|100/100
|-damage|p2a: Glimmora|88/100|[from] Stealth Rock
|turn|18
|
|t:|1776104602
|-terastallize|p1a: Flare magician|Ground
|move|p1a: Flare magician|Tera Blast|p2a: Glimmora|[anim] Tera Blast Ground
|-supereffective|p2a: Glimmora
|-damage|p2a: Glimmora|0 fnt
|faint|p2a: Glimmora
|
|upkeep
|
|t:|1776104608
|switch|p2a: Moltres|Moltres-Galar|100/100
|-damage|p2a: Moltres|75/100|[from] Stealth Rock
|turn|19
|
|t:|1776104613
|move|p1a: Flare magician|Fiery Dance|p2a: Moltres
|-damage|p2a: Moltres|43/100
|-boost|p1a: Flare magician|spa|1
|-ability|p2a: Moltres|Berserk|boost
|-boost|p2a: Moltres|spa|1
|-enditem|p2a: Moltres|Sitrus Berry|[eat]
|-heal|p2a: Moltres|68/100|[from] item: Sitrus Berry
|move|p2a: Moltres|Nasty Plot|p2a: Moltres
|-boost|p2a: Moltres|spa|2
|
|upkeep
|turn|20
|
|t:|1776104624
|move|p1a: Flare magician|Sludge Wave|p2a: Moltres
|-damage|p2a: Moltres|15/100
|-ability|p2a: Moltres|Berserk|boost
|-boost|p2a: Moltres|spa|1
|move|p2a: Moltres|Fiery Wrath|p1a: Flare magician
|-damage|p1a: Flare magician|0 fnt
|faint|p1a: Flare magician
|-end|p1a: Flare magician|Quark Drive|[silent]
|
|upkeep
|
|t:|1776104639
|switch|p1a: Josuke J|Morpeko, F, shiny|100/100
|turn|21
|
|t:|1776104645
|-terastallize|p2a: Moltres|Fairy
|move|p1a: Josuke J|Aura Wheel|p2a: Moltres
|-damage|p2a: Moltres|0 fnt
|-boost|p1a: Josuke J|spe|1
|faint|p2a: Moltres
|
|-formechange|p1a: Josuke J|Morpeko-Hangry||[from] ability: Hunger Switch
|upkeep
|
|t:|1776104653
|switch|p2a: Ogerpon|Ogerpon-Wellspring, F|100/100
|-damage|p2a: Ogerpon|88/100|[from] Stealth Rock
|turn|22
|
|t:|1776104659
|move|p1a: Josuke J|Parting Shot|p2a: Ogerpon
|-unboost|p2a: Ogerpon|atk|1
|-unboost|p2a: Ogerpon|spa|1
|
|t:|1776104662
|switch|p1a: Joseph J|Abomasnow, M, shiny|100/100|[from] Parting Shot
|-weather|Snowscape|[from] ability: Snow Warning|[of] p1a: Joseph J
|move|p2a: Ogerpon|Swords Dance|p2a: Ogerpon
|-boost|p2a: Ogerpon|atk|2
|
|-weather|Snowscape|[upkeep]
|upkeep
|turn|23
|
|t:|1776104672
|move|p2a: Ogerpon|Play Rough|p1a: Joseph J
|-damage|p1a: Joseph J|64/100
|move|p1a: Joseph J|Aurora Veil|p1a: Joseph J
|-sidestart|p1: UCB0|move: Aurora Veil
|
|-weather|Snowscape|[upkeep]
|-sideend|p2: RedFool|move: Light Screen
|upkeep
|turn|24
|
|t:|1776104676
|move|p2a: Ogerpon|Play Rough|p1a: Joseph J|[miss]
|-miss|p2a: Ogerpon|p1a: Joseph J
|move|p1a: Joseph J|Icicle Spear|p2a: Ogerpon
|-damage|p2a: Ogerpon|73/100
|-damage|p2a: Ogerpon|58/100
|-damage|p2a: Ogerpon|42/100
|-damage|p2a: Ogerpon|27/100
|-damage|p2a: Ogerpon|12/100
|-hitcount|p2a: Ogerpon|5
|
|-weather|Snowscape|[upkeep]
|upkeep
|turn|25
|
|t:|1776104688
|move|p2a: Ogerpon|Play Rough|p1a: Joseph J
|-damage|p1a: Joseph J|44/100
|move|p1a: Joseph J|Icicle Spear|p2a: Ogerpon
|-damage|p2a: Ogerpon|0 fnt
|faint|p2a: Ogerpon
|-hitcount|p2: Ogerpon|1
|
|-weather|Snowscape|[upkeep]
|upkeep
|
|t:|1776104693
|switch|p2a: Ceruledge|Ceruledge, F|74/100
|-damage|p2a: Ceruledge|49/100|[from] Stealth Rock
|turn|26
|
|t:|1776104702
|move|p2a: Ceruledge|Bitter Blade|p1a: Joseph J
|-supereffective|p1a: Joseph J
|-damage|p1a: Joseph J|0 fnt
|-heal|p2a: Ceruledge|72/100|[from] drain|[of] p1a: Joseph J
|faint|p1a: Joseph J
|-damage|p2a: Ceruledge|62/100|[from] item: Life Orb
|
|-weather|none
|upkeep
|
|t:|1776104706
|switch|p1a: Star platinum|Excadrill, M|100/100
|-ability|p1a: Star platinum|Mold Breaker
|turn|27
|
|t:|1776104716
|move|p1a: Star platinum|Earthquake|p2a: Ceruledge
|-supereffective|p2a: Ceruledge
|-damage|p2a: Ceruledge|0 fnt
|faint|p2a: Ceruledge
|
|win|UCB0
|raw|UCB0's rating: 1340 &rarr; <strong>1359</strong><br />(+19 for winning)
|raw|RedFool's rating: 1319 &rarr; <strong>1300</strong><br />(-19 for losing)
|l|☆UCB0
|player|p1|
