|html|<div class="broadcast-blue"><strong>[Gen 9] OU is currently suspecting Volcarona! For information on how to participate check out the <a href="https://www.smogon.com/tools/suspects/view/208">suspect thread</a>.</strong></div>
|j|☆ykykp
|j|☆lolcano46
|t:|1778515602
|gametype|singles
|player|p1|ykykp|1|1443
|player|p2|lolcano46|fisherman-gen4|1424
|gen|9
|tier|[Gen 9] OU
|rated|
|rule|HP Percentage Mod: HP is shown in percentages
|rule|Endless Battle Clause: Forcing endless battles is banned
|rule|Species Clause: Limit one of each Pokémon
|rule|OHKO Clause: OHKO moves are banned
|rule|Evasion Items Clause: Evasion items are banned
|rule|Evasion Moves Clause: Evasion moves are banned
|rule|Evasion Abilities Clause: Evasion abilities are banned
|rule|Sleep Moves Clause: Sleep-inducing moves are banned
|clearpoke
|poke|p1|Sylveon, F|
|poke|p1|Hatterene, F|
|poke|p1|Ursaluna, M|
|poke|p1|Cresselia, F|
|poke|p1|Ditto|
|poke|p1|Cinderace, M|
|poke|p2|Azelf|
|poke|p2|Ogerpon-Wellspring, F|
|poke|p2|Scizor, M|
|poke|p2|Gengar, M|
|poke|p2|Raging Bolt|
|poke|p2|Cinderace, M|
|teampreview
|inactive|Battle timer is ON: inactive players will automatically lose when time's up. (requested by lolcano46)
|
|t:|1778515612
|teamsize|p1|6
|teamsize|p2|6
|start
|switch|p1a: Hatterene|Hatterene, F|100/100
|switch|p2a: Gengar|Gengar, M|100/100
|turn|1
|
|t:|1778515625
|move|p2a: Gengar|Trick|p1a: Hatterene
|-activate|p2a: Gengar|move: Trick|[of] p1a: Hatterene
|-item|p1a: Hatterene|Choice Scarf|[from] move: Trick
|-item|p2a: Gengar|Focus Sash|[from] move: Trick
|move|p1a: Hatterene|Trick Room|p1a: Hatterene
|-fieldstart|move: Trick Room|[of] p1a: Hatterene
|
|upkeep
|turn|2
|
|t:|1778515639
|switch|p1a: Ursaluna|Ursaluna, M|100/100
|move|p2a: Gengar|Sludge Bomb|p1a: Ursaluna
|-resisted|p1a: Ursaluna
|-damage|p1a: Ursaluna|80/100
|
|-status|p1a: Ursaluna|brn|[from] item: Flame Orb
|upkeep
|turn|3
|
|t:|1778515645
|move|p1a: Ursaluna|Fire Punch|p2a: Gengar
|-damage|p2a: Gengar|14/100
|-start|p1a: Ursaluna|Disable|Fire Punch|[from] ability: Cursed Body|[of] p2a: Gengar
|move|p2a: Gengar|Sludge Bomb|p1a: Ursaluna
|-resisted|p1a: Ursaluna
|-damage|p1a: Ursaluna|60/100 brn
|
|-damage|p1a: Ursaluna|54/100 brn|[from] brn
|upkeep
|turn|4
|inactive|lolcano46 has 120 seconds left.
|
|t:|1778515684
|-terastallize|p2a: Gengar|Flying
|move|p1a: Ursaluna|Headlong Rush|p2a: Gengar
|-immune|p2a: Gengar
|move|p2a: Gengar|Sludge Bomb|p1a: Ursaluna
|-resisted|p1a: Ursaluna
|-damage|p1a: Ursaluna|33/100 brn
|
|-damage|p1a: Ursaluna|27/100 brn|[from] brn
|upkeep
|turn|5
|inactive|lolcano46 has 120 seconds left.
|
|t:|1778515693
|move|p1a: Ursaluna|Facade|p2a: Gengar
|-damage|p2a: Gengar|0 fnt
|faint|p2a: Gengar
|
|-damage|p1a: Ursaluna|21/100 brn|[from] brn
|-fieldend|move: Trick Room
|upkeep
|
|t:|1778515696
|switch|p2a: Ogerpon|Ogerpon-Wellspring, F|100/100
|turn|6
|
|t:|1778515708
|switch|p1a: Cresselia|Cresselia, F|100/100
|move|p2a: Ogerpon|Ivy Cudgel|p1a: Cresselia|[anim] Ivy Cudgel Water
|-damage|p1a: Cresselia|72/100
|
|upkeep
|turn|7
|
|t:|1778515710
|move|p2a: Ogerpon|Swords Dance|p2a: Ogerpon
|-boost|p2a: Ogerpon|atk|2
|move|p1a: Cresselia|Trick Room|p1a: Cresselia
|-fieldstart|move: Trick Room|[of] p1a: Cresselia
|
|upkeep
|turn|8
|
|t:|1778515719
|move|p1a: Cresselia|Lunar Dance|p1a: Cresselia
|faint|p1a: Cresselia
|move|p2a: Ogerpon|Horn Leech|p1: Cresselia|[notarget]
|-fail|p2a: Ogerpon
|
|upkeep
|
|t:|1778515721
|switch|p1a: Ursaluna|Ursaluna, M|21/100 brn
|-heal|p1a: Ursaluna|100/100|[from] move: Lunar Dance
|turn|9
|
|t:|1778515726
|move|p1a: Ursaluna|Protect|p1a: Ursaluna
|-singleturn|p1a: Ursaluna|Protect
|move|p2a: Ogerpon|Horn Leech|p1a: Ursaluna
|-activate|p1a: Ursaluna|move: Protect
|
|-status|p1a: Ursaluna|brn|[from] item: Flame Orb
|upkeep
|turn|10
|
|t:|1778515735
|switch|p2a: Cinderace|Cinderace, M|100/100
|move|p1a: Ursaluna|Facade|p2a: Cinderace
|-damage|p2a: Cinderace|0 fnt
|faint|p2a: Cinderace
|
|-damage|p1a: Ursaluna|94/100 brn|[from] brn
|upkeep
|
|t:|1778515742
|switch|p2a: Scizor|Scizor, M|100/100
|turn|11
|
|t:|1778515744
|switch|p2a: Ogerpon|Ogerpon-Wellspring, F|100/100
|move|p1a: Ursaluna|Fire Punch|p2a: Ogerpon
|-damage|p2a: Ogerpon|39/100
|
|-damage|p1a: Ursaluna|88/100 brn|[from] brn
|-fieldend|move: Trick Room
|upkeep
|turn|12
|
|t:|1778515753
|-terastallize|p1a: Ursaluna|Normal
|move|p2a: Ogerpon|Horn Leech|p1a: Ursaluna
|-damage|p1a: Ursaluna|58/100 brn
|-heal|p2a: Ogerpon|62/100|[from] drain|[of] p1a: Ursaluna
|move|p1a: Ursaluna|Fire Punch|p2a: Ogerpon
|-damage|p2a: Ogerpon|4/100
|
|-damage|p1a: Ursaluna|52/100 brn|[from] brn
|upkeep
|turn|13
|
|t:|1778515771
|switch|p1a: Ditto|Ditto|100/100
|-transform|p1a: Ditto|p2a: Ogerpon|[from] ability: Imposter
|move|p2a: Ogerpon|Ivy Cudgel|p1a: Ditto|[anim] Ivy Cudgel Water
|-immune|p1a: Ditto|[from] ability: Water Absorb
|
|upkeep
|turn|14
|
|t:|1778515777
|switch|p2a: Raging Bolt|Raging Bolt|100/100
|-enditem|p2a: Raging Bolt|Booster Energy
|-activate|p2a: Raging Bolt|ability: Protosynthesis|[fromitem]
|-start|p2a: Raging Bolt|protosynthesisspa
|move|p1a: Ditto|Horn Leech|p2a: Raging Bolt
|-resisted|p2a: Raging Bolt
|-damage|p2a: Raging Bolt|84/100
|
|upkeep
|turn|15
|
|t:|1778515780
|switch|p1a: Sylveon|Sylveon, F|100/100
|move|p2a: Raging Bolt|Calm Mind|p2a: Raging Bolt
|-boost|p2a: Raging Bolt|spa|1
|-boost|p2a: Raging Bolt|spd|1
|
|upkeep
|turn|16
|
|t:|1778515783
|move|p2a: Raging Bolt|Thunderbolt|p1a: Sylveon
|-damage|p1a: Sylveon|34/100
|move|p1a: Sylveon|Hyper Voice|p2a: Raging Bolt
|-supereffective|p2a: Raging Bolt
|-damage|p2a: Raging Bolt|0 fnt
|faint|p2a: Raging Bolt
|-end|p2a: Raging Bolt|Protosynthesis|[silent]
|
|upkeep
|
|t:|1778515789
|switch|p2a: Scizor|Scizor, M|100/100
|turn|17
|
|t:|1778515792
|move|p2a: Scizor|Bullet Punch|p1a: Sylveon
|-supereffective|p1a: Sylveon
|-damage|p1a: Sylveon|0 fnt
|faint|p1a: Sylveon
|
|upkeep
|
|t:|1778515796
|switch|p1a: Cinderace|Cinderace, M|100/100
|turn|18
|
|t:|1778515800
|move|p2a: Scizor|Bullet Punch|p1a: Cinderace
|-resisted|p1a: Cinderace
|-damage|p1a: Cinderace|71/100
|move|p1a: Cinderace|Pyro Ball|p2a: Scizor
|-supereffective|p2a: Scizor
|-damage|p2a: Scizor|0 fnt
|faint|p2a: Scizor
|
|upkeep
|
|t:|1778515804
|switch|p2a: Azelf|Azelf|100/100
|turn|19
|
|t:|1778515806
|move|p1a: Cinderace|Pyro Ball|p2a: Azelf
|-damage|p2a: Azelf|0 fnt
|faint|p2a: Azelf
|
|upkeep
|-message|lolcano46 forfeited.
|
|win|ykykp
|raw|ykykp's rating: 1443 &rarr; <strong>1462</strong><br />(+19 for winning)
|raw|lolcano46's rating: 1424 &rarr; <strong>1405</strong><br />(-19 for losing)
|l|☆lolcano46
|player|p2|
|l|☆ykykp
|player|p1|
