|html|<div class="broadcast-blue"><strong>[Gen 9] OU is currently suspecting Tera Blast! For information on how to participate check out the <a href="https://www.smogon.com/tools/suspects/view/200">suspect thread</a>.</strong></div>
|j|☆RomN-Tick
|j|☆Leap Call
|t:|1776310189
|gametype|singles
|player|p1|RomN-Tick|ethan|1591
|player|p2|Leap Call|170|1599
|gen|9
|tier|[Gen 9] OU
|rated|
|rule|HP Percentage Mod: HP is shown in percentages
|rule|Endless Battle Clause: Forcing endless battles is banned
|rule|Species Clause: Limit one of each Pokémon
|rule|OHKO Clause: OHKO moves are banned
|rule|Evasion Items Clause: Evasion items are banned
|rule|Evasion Moves Clause: Evasion moves are banned
|rule|Evasion Abilities Clause: Evasion abilities are banned
|rule|Sleep Moves Clause: Sleep-inducing moves are banned
|clearpoke
|poke|p1|Lokix, M|
|poke|p1|Primarina, F|
|poke|p1|Corviknight, M|
|poke|p1|Slowking-Galar, M|
|poke|p1|Dragapult, F|
|poke|p1|Great Tusk|
|poke|p2|Lokix, F|
|poke|p2|Slowking-Galar, M|
|poke|p2|Great Tusk|
|poke|p2|Ogerpon-Cornerstone, F|
|poke|p2|Alomomola, M|
|poke|p2|Darkrai|
|teampreview
|c|☆Leap Call|wtf
|c|☆Leap Call|this is my 4th battle in a row with the lowest of kicks
|c|☆RomN-Tick|?)
|c|☆Leap Call|and i never ever see them during the daytime
|
|t:|1776310232
|teamsize|p1|6
|teamsize|p2|6
|start
|switch|p1a: Dragapult|Dragapult, F|100/100
|switch|p2a: Ogerpon|Ogerpon-Cornerstone, F|100/100
|turn|1
|c|☆RomN-Tick|Lokix fans come aut at this hour
|
|t:|1776310242
|switch|p2a: Alomomola|Alomomola, M|100/100
|move|p1a: Dragapult|Will-O-Wisp|p2a: Alomomola
|-status|p2a: Alomomola|brn
|
|-damage|p2a: Alomomola|94/100 brn|[from] brn
|upkeep
|turn|2
|c|☆Leap Call|i dont think thats a coincidence
|c|☆Leap Call|but idk why
|
|t:|1776310256
|move|p1a: Dragapult|U-turn|p2a: Alomomola
|-damage|p2a: Alomomola|86/100 brn
|-damage|p1a: Dragapult|84/100|[from] item: Rocky Helmet|[of] p2a: Alomomola
|
|t:|1776310260
|switch|p1a: Corviknight|Corviknight, M|100/100|[from] U-turn
|-ability|p1a: Corviknight|Pressure
|move|p2a: Alomomola|Flip Turn|p1a: Corviknight
|-damage|p1a: Corviknight|95/100
|-damage|p2a: Alomomola|69/100 brn|[from] item: Rocky Helmet|[of] p1a: Corviknight
|
|t:|1776310277
|switch|p2a: Darkrai|Darkrai|100/100|[from] Flip Turn
|
|upkeep
|turn|3
|
|t:|1776310284
|switch|p1a: Primarina|Primarina, F|100/100
|move|p2a: Darkrai|Dark Pulse|p1a: Primarina
|-resisted|p1a: Primarina
|-crit|p1a: Primarina
|-damage|p1a: Primarina|78/100
|
|upkeep
|turn|4
|
|t:|1776310305
|switch|p2a: Slowking|Slowking-Galar, M|100/100
|move|p1a: Primarina|Flip Turn|p2a: Slowking
|-crit|p2a: Slowking
|-damage|p2a: Slowking|78/100
|
|t:|1776310308
|switch|p1a: Lokix|Lokix, M|100/100|[from] Flip Turn
|
|upkeep
|turn|5
|
|t:|1776310313
|switch|p2a: Alomomola|Alomomola, M|100/100 brn
|move|p1a: Lokix|Knock Off|p2a: Alomomola
|-damage|p2a: Alomomola|61/100 brn
|-damage|p1a: Lokix|84/100|[from] item: Rocky Helmet|[of] p2a: Alomomola
|-enditem|p2a: Alomomola|Rocky Helmet|[from] move: Knock Off|[of] p1a: Lokix
|
|-damage|p2a: Alomomola|55/100 brn|[from] brn
|upkeep
|turn|6
|
|t:|1776310318
|switch|p1a: Corviknight|Corviknight, M|95/100
|-ability|p1a: Corviknight|Pressure
|move|p2a: Alomomola|Wish|p2a: Alomomola
|
|-damage|p2a: Alomomola|49/100 brn|[from] brn
|upkeep
|turn|7
|
|t:|1776310336
|switch|p2a: Great Tusk|Great Tusk|100/100
|move|p1a: Corviknight|U-turn|p2a: Great Tusk
|-resisted|p2a: Great Tusk
|-damage|p2a: Great Tusk|96/100
|-damage|p1a: Corviknight|79/100|[from] item: Rocky Helmet|[of] p2a: Great Tusk
|
|t:|1776310342
|switch|p1a: Dragapult|Dragapult, F|84/100|[from] U-turn
|
|-heal|p2a: Great Tusk|100/100|[from] move: Wish|[wisher] Alomomola
|upkeep
|turn|8
|
|t:|1776310357
|move|p1a: Dragapult|Will-O-Wisp|p2a: Great Tusk
|-status|p2a: Great Tusk|brn
|move|p2a: Great Tusk|Stealth Rock|p1a: Dragapult
|-sidestart|p1: RomN-Tick|move: Stealth Rock
|
|-damage|p2a: Great Tusk|94/100 brn|[from] brn
|upkeep
|turn|9
|
|t:|1776310373
|-end|p2a: Great Tusk|Protosynthesis|[silent]
|switch|p2a: Ogerpon|Ogerpon-Cornerstone, F|100/100
|move|p1a: Dragapult|Hex|p2a: Ogerpon
|-damage|p2a: Ogerpon|70/100
|
|upkeep
|turn|10
|
|t:|1776310392
|switch|p2a: Slowking|Slowking-Galar, M|100/100
|move|p1a: Dragapult|U-turn|p2a: Slowking
|-crit|p2a: Slowking
|-damage|p2a: Slowking|73/100
|
|t:|1776310398
|switch|p1a: Great Tusk|Great Tusk|100/100|[from] U-turn
|-damage|p1a: Great Tusk|97/100|[from] Stealth Rock
|
|-heal|p1a: Great Tusk|100/100|[from] item: Leftovers
|upkeep
|turn|11
|
|t:|1776310420
|switch|p2a: Alomomola|Alomomola, M|82/100 brn
|move|p1a: Great Tusk|Stealth Rock|p2a: Alomomola
|-sidestart|p2: Leap Call|move: Stealth Rock
|
|-damage|p2a: Alomomola|76/100 brn|[from] brn
|upkeep
|turn|12
|
|t:|1776310425
|move|p1a: Great Tusk|Rapid Spin|p2a: Alomomola
|-damage|p2a: Alomomola|69/100 brn
|-boost|p1a: Great Tusk|spe|1
|-sideend|p1: RomN-Tick|Stealth Rock|[from] move: Rapid Spin|[of] p1a: Great Tusk
|move|p2a: Alomomola|Flip Turn|p1a: Great Tusk
|-supereffective|p1a: Great Tusk
|-damage|p1a: Great Tusk|91/100
|
|t:|1776310443
|switch|p2a: Great Tusk|Great Tusk|94/100 brn|[from] Flip Turn
|-damage|p2a: Great Tusk|91/100 brn|[from] Stealth Rock
|
|-heal|p1a: Great Tusk|97/100|[from] item: Leftovers
|-damage|p2a: Great Tusk|85/100 brn|[from] brn
|upkeep
|turn|13
|
|t:|1776310452
|-end|p1a: Great Tusk|Protosynthesis|[silent]
|switch|p1a: Dragapult|Dragapult, F|84/100
|move|p2a: Great Tusk|Stealth Rock|p1a: Dragapult
|-sidestart|p1: RomN-Tick|move: Stealth Rock
|
|-damage|p2a: Great Tusk|79/100 brn|[from] brn
|upkeep
|turn|14
|
|t:|1776310458
|move|p1a: Dragapult|Hex|p2a: Great Tusk
|-damage|p2a: Great Tusk|0 fnt
|faint|p2a: Great Tusk
|-end|p2a: Great Tusk|Protosynthesis|[silent]
|
|upkeep
|
|t:|1776310462
|switch|p2a: Lokix|Lokix, F|100/100
|turn|15
|
|t:|1776310471
|switch|p1a: Corviknight|Corviknight, M|79/100
|-damage|p1a: Corviknight|66/100|[from] Stealth Rock
|-ability|p1a: Corviknight|Pressure
|-terastallize|p2a: Lokix|Bug
|move|p2a: Lokix|First Impression|p1a: Corviknight
|-resisted|p1a: Corviknight
|-damage|p1a: Corviknight|49/100
|-damage|p2a: Lokix|84/100|[from] item: Rocky Helmet|[of] p1a: Corviknight
|
|upkeep
|turn|16
|
|t:|1776310475
|move|p2a: Lokix|Knock Off|p1a: Corviknight
|-damage|p1a: Corviknight|19/100
|-damage|p2a: Lokix|67/100|[from] item: Rocky Helmet|[of] p1a: Corviknight
|-enditem|p1a: Corviknight|Rocky Helmet|[from] move: Knock Off|[of] p2a: Lokix
|move|p1a: Corviknight|Roost|p1a: Corviknight
|-heal|p1a: Corviknight|69/100
|-singleturn|p1a: Corviknight|move: Roost
|
|upkeep
|turn|17
|
|t:|1776310477
|move|p2a: Lokix|U-turn|p1a: Corviknight
|-resisted|p1a: Corviknight
|-damage|p1a: Corviknight|57/100
|
|t:|1776310484
|switch|p2a: Ogerpon|Ogerpon-Cornerstone, F|70/100|[from] U-turn
|-damage|p2a: Ogerpon|57/100|[from] Stealth Rock
|move|p1a: Corviknight|U-turn|p2a: Ogerpon
|-supereffective|p2a: Ogerpon
|-damage|p2a: Ogerpon|21/100
|
|t:|1776310487
|switch|p1a: Dragapult|Dragapult, F|84/100|[from] U-turn
|
|upkeep
|turn|18
|
|t:|1776310497
|move|p1a: Dragapult|U-turn|p2a: Ogerpon
|-supereffective|p2a: Ogerpon
|-damage|p2a: Ogerpon|0 fnt
|faint|p2a: Ogerpon
|
|t:|1776310512
|switch|p1a: Great Tusk|Great Tusk|97/100|[from] U-turn
|-damage|p1a: Great Tusk|94/100|[from] Stealth Rock
|
|-heal|p1a: Great Tusk|99/100|[from] item: Leftovers
|upkeep
|
|t:|1776310519
|switch|p2a: Darkrai|Darkrai|100/100
|-damage|p2a: Darkrai|88/100|[from] Stealth Rock
|turn|19
|
|t:|1776310533
|-terastallize|p1a: Great Tusk|Steel
|move|p2a: Darkrai|Dark Pulse|p1a: Great Tusk
|-damage|p1a: Great Tusk|16/100
|move|p1a: Great Tusk|Rapid Spin|p2a: Darkrai
|-damage|p2a: Darkrai|69/100
|-boost|p1a: Great Tusk|spe|1
|-sideend|p1: RomN-Tick|Stealth Rock|[from] move: Rapid Spin|[of] p1a: Great Tusk
|
|-heal|p1a: Great Tusk|23/100|[from] item: Leftovers
|upkeep
|turn|20
|
|t:|1776310545
|-end|p1a: Great Tusk|Protosynthesis|[silent]
|switch|p1a: Primarina|Primarina, F|78/100
|switch|p2a: Alomomola|Alomomola, M|100/100 brn
|-damage|p2a: Alomomola|88/100 brn|[from] Stealth Rock
|
|-damage|p2a: Alomomola|82/100 brn|[from] brn
|upkeep
|turn|21
|
|t:|1776310550
|move|p1a: Primarina|Moonblast|p2a: Alomomola
|-damage|p2a: Alomomola|29/100 brn
|move|p2a: Alomomola|Wish|p2a: Alomomola
|
|-damage|p2a: Alomomola|23/100 brn|[from] brn
|upkeep
|turn|22
|
|t:|1776310561
|switch|p2a: Lokix|Lokix, F, tera:Bug|67/100
|move|p1a: Primarina|Psychic Noise|p2a: Lokix
|-damage|p2a: Lokix|0 fnt
|faint|p2a: Lokix
|
|upkeep
|
|t:|1776310570
|switch|p2a: Darkrai|Darkrai|69/100
|-damage|p2a: Darkrai|56/100|[from] Stealth Rock
|turn|23
|-message|Leap Call forfeited.
|
|win|RomN-Tick
|raw|RomN-Tick's rating: 1591 &rarr; <strong>1611</strong><br />(+20 for winning)
|raw|Leap Call's rating: 1599 &rarr; <strong>1579</strong><br />(-20 for losing)
|l|☆Leap Call
|player|p2|
