|html|<div class="broadcast-blue"><strong>[Gen 9] OU is currently suspecting Tera Blast! For information on how to participate check out the <a href="https://www.smogon.com/tools/suspects/view/200">suspect thread</a>.</strong></div>
|j|☆SoupTM
|j|☆Eastside Smackdown
|t:|1776088818
|gametype|singles
|player|p1|SoupTM|170|1239
|player|p2|Eastside Smackdown|backpacker|1206
|gen|9
|tier|[Gen 9] OU
|rated|
|rule|HP Percentage Mod: HP is shown in percentages
|rule|Endless Battle Clause: Forcing endless battles is banned
|rule|Species Clause: Limit one of each Pokémon
|rule|OHKO Clause: OHKO moves are banned
|rule|Evasion Items Clause: Evasion items are banned
|rule|Evasion Moves Clause: Evasion moves are banned
|rule|Evasion Abilities Clause: Evasion abilities are banned
|rule|Sleep Moves Clause: Sleep-inducing moves are banned
|clearpoke
|poke|p1|Kingambit, M|
|poke|p1|Rillaboom, M|
|poke|p1|Slowking-Galar, F|
|poke|p1|Kyurem|
|poke|p1|Great Tusk|
|poke|p1|Rotom-Wash|
|poke|p2|Gliscor, M|
|poke|p2|Toxapex, M|
|poke|p2|Garganacl, F|
|poke|p2|Landorus-Therian, M|
|poke|p2|Skeledirge, F|
|poke|p2|Primarina, F|
|teampreview
|inactive|Battle timer is ON: inactive players will automatically lose when time's up. (requested by SoupTM)
|j| Dripakuma
|l| Dripakuma
|c|☆SoupTM|DUDE
|inactive|Eastside Smackdown has 120 seconds left.
|c|☆SoupTM|ITS THE SAME FUCKING BOT
|c|☆SoupTM|THAT JOINS MY GAMES
|c|☆SoupTM|FUCK OFFFFF
|
|t:|1776088864
|teamsize|p1|6
|teamsize|p2|6
|start
|switch|p1a: Rotom|Rotom-Wash|100/100
|switch|p2a: Gliscor|Gliscor, M|100/100
|turn|1
|
|t:|1776088870
|move|p2a: Gliscor|Protect|p2a: Gliscor
|-singleturn|p2a: Gliscor|Protect
|move|p1a: Rotom|Will-O-Wisp|p2a: Gliscor
|-activate|p2a: Gliscor|move: Protect
|
|-status|p2a: Gliscor|tox|[from] item: Toxic Orb
|upkeep
|turn|2
|
|t:|1776088893
|switch|p2a: Toxapex|Toxapex, M|100/100
|move|p1a: Rotom|Hydro Pump|p2a: Toxapex
|-resisted|p2a: Toxapex
|-damage|p2a: Toxapex|85/100
|
|upkeep
|turn|3
|
|t:|1776088905
|move|p1a: Rotom|Volt Switch|p2a: Toxapex
|-supereffective|p2a: Toxapex
|-damage|p2a: Toxapex|43/100
|
|t:|1776088908
|switch|p1a: Slowking|Slowking-Galar, F|100/100|[from] Volt Switch
|move|p2a: Toxapex|Toxic|p1a: Slowking
|-immune|p1a: Slowking
|
|upkeep
|turn|4
|
|t:|1776088916
|switch|p2a: Gliscor|Gliscor, M|100/100 tox
|move|p1a: Slowking|Future Sight|p2a: Gliscor
|-start|p1a: Slowking|move: Future Sight
|
|upkeep
|turn|5
|
|t:|1776088921
|switch|p1a: Rillaboom|Rillaboom, M|100/100
|-fieldstart|move: Grassy Terrain|[from] ability: Grassy Surge|[of] p1a: Rillaboom
|move|p2a: Gliscor|Toxic Spikes|p1a: Rillaboom
|-sidestart|p1: SoupTM|move: Toxic Spikes
|
|upkeep
|turn|6
|
|t:|1776088932
|move|p1a: Rillaboom|Wood Hammer|p2a: Gliscor
|-damage|p2a: Gliscor|25/100 tox
|-damage|p1a: Rillaboom|75/100|[from] Recoil
|move|p2a: Gliscor|Toxic|p1a: Rillaboom
|-status|p1a: Rillaboom|tox
|
|-end|p2a: Gliscor|move: Future Sight
|-damage|p2a: Gliscor|0 fnt
|faint|p2a: Gliscor
|-heal|p1a: Rillaboom|81/100 tox|[from] Grassy Terrain
|-damage|p1a: Rillaboom|75/100 tox|[from] psn
|upkeep
|
|t:|1776088953
|switch|p2a: Toxapex|Toxapex, M|77/100
|turn|7
|
|t:|1776088966
|switch|p1a: Slowking|Slowking-Galar, F|100/100
|-sideend|p1: SoupTM|move: Toxic Spikes|[of] p1a: Slowking
|move|p2a: Toxapex|Chilling Water|p1a: Slowking
|-damage|p1a: Slowking|94/100
|-unboost|p1a: Slowking|atk|1
|
|-heal|p2a: Toxapex|83/100|[from] Grassy Terrain
|-heal|p1a: Slowking|100/100|[from] Grassy Terrain
|upkeep
|turn|8
|
|t:|1776088976
|switch|p2a: Skeledirge|Skeledirge, F|100/100
|move|p1a: Slowking|Future Sight|p2a: Skeledirge
|-start|p1a: Slowking|move: Future Sight
|
|upkeep
|turn|9
|
|t:|1776088982
|move|p2a: Skeledirge|Will-O-Wisp|p1a: Slowking
|-status|p1a: Slowking|brn
|-prepare|p1a: Slowking|Chilly Reception|[premajor]
|move|p1a: Slowking|Chilly Reception|p1a: Slowking
|-weather|Snowscape
|
|t:|1776088991
|switch|p1a: Rillaboom|Rillaboom, M|75/100 tox|[from] Chilly Reception
|
|-weather|Snowscape|[upkeep]
|-heal|p1a: Rillaboom|81/100 tox|[from] Grassy Terrain
|-damage|p1a: Rillaboom|75/100 tox|[from] psn
|-fieldend|move: Grassy Terrain
|upkeep
|turn|10
|
|t:|1776089012
|switch|p2a: Landorus|Landorus-Therian, M|100/100
|-ability|p2a: Landorus|Intimidate|boost
|-unboost|p1a: Rillaboom|atk|1
|move|p1a: Rillaboom|Knock Off|p2a: Landorus
|-damage|p2a: Landorus|58/100
|-damage|p1a: Rillaboom|58/100 tox|[from] item: Rocky Helmet|[of] p2a: Landorus
|-enditem|p2a: Landorus|Rocky Helmet|[from] move: Knock Off|[of] p1a: Rillaboom
|
|-weather|Snowscape|[upkeep]
|-end|p2a: Landorus|move: Future Sight
|-crit|p2a: Landorus
|-damage|p2a: Landorus|0 fnt
|faint|p2a: Landorus
|-damage|p1a: Rillaboom|46/100 tox|[from] psn
|upkeep
|j|~aQrator@!
|inactive|Eastside Smackdown has 120 seconds left.
|
|t:|1776089031
|switch|p2a: Toxapex|Toxapex, M|100/100
|turn|11
|
|t:|1776089036
|switch|p1a: Slowking|Slowking-Galar, F|100/100 brn
|move|p2a: Toxapex|Baneful Bunker||[still]
|-fail|p2a: Toxapex
|
|-weather|Snowscape|[upkeep]
|-damage|p1a: Slowking|94/100 brn|[from] brn
|upkeep
|turn|12
|
|t:|1776089048
|switch|p2a: Primarina|Primarina, F|100/100
|move|p1a: Slowking|Future Sight|p2a: Primarina
|-start|p1a: Slowking|move: Future Sight
|
|-weather|Snowscape|[upkeep]
|-damage|p1a: Slowking|88/100 brn|[from] brn
|upkeep
|turn|13
|l|~aQrator
|
|t:|1776089054
|move|p2a: Primarina|Calm Mind|p2a: Primarina
|-boost|p2a: Primarina|spa|1
|-boost|p2a: Primarina|spd|1
|move|p1a: Slowking|Sludge Bomb|p2a: Primarina
|-supereffective|p2a: Primarina
|-damage|p2a: Primarina|65/100
|
|-weather|none
|-heal|p2a: Primarina|71/100|[from] item: Leftovers
|-damage|p1a: Slowking|82/100 brn|[from] brn
|upkeep
|turn|14
|
|t:|1776089075
|move|p2a: Primarina|Hyper Voice|p1a: Slowking
|-damage|p1a: Slowking|36/100 brn
|-prepare|p1a: Slowking|Chilly Reception|[premajor]
|move|p1a: Slowking|Chilly Reception|p1a: Slowking
|-weather|Snowscape
|
|t:|1776089091
|switch|p1a: Rillaboom|Rillaboom, M|46/100 tox|[from] Chilly Reception
|-fieldstart|move: Grassy Terrain|[from] ability: Grassy Surge|[of] p1a: Rillaboom
|
|-weather|Snowscape|[upkeep]
|-end|p2a: Primarina|move: Future Sight
|-damage|p2a: Primarina|45/100
|-heal|p1a: Rillaboom|52/100 tox|[from] Grassy Terrain
|-heal|p2a: Primarina|51/100|[from] Grassy Terrain
|-heal|p2a: Primarina|58/100|[from] item: Leftovers
|-damage|p1a: Rillaboom|46/100 tox|[from] psn
|upkeep
|turn|15
|
|t:|1776089110
|switch|p2a: Toxapex|Toxapex, M|100/100
|move|p1a: Rillaboom|Wood Hammer|p2a: Toxapex
|-damage|p2a: Toxapex|16/100
|-damage|p1a: Rillaboom|30/100 tox|[from] item: Rocky Helmet|[of] p2a: Toxapex
|-damage|p1a: Rillaboom|5/100 tox|[from] Recoil
|
|-weather|Snowscape|[upkeep]
|-heal|p1a: Rillaboom|11/100 tox|[from] Grassy Terrain
|-heal|p2a: Toxapex|22/100|[from] Grassy Terrain
|-damage|p1a: Rillaboom|0 fnt|[from] psn
|faint|p1a: Rillaboom
|upkeep
|
|t:|1776089123
|switch|p1a: Kyurem|Kyurem, shiny|100/100
|-ability|p1a: Kyurem|Pressure
|turn|16
|
|t:|1776089127
|move|p2a: Toxapex|Baneful Bunker|p2a: Toxapex
|-singleturn|p2a: Toxapex|move: Protect
|move|p1a: Kyurem|Earth Power|p2a: Toxapex
|-activate|p2a: Toxapex|move: Protect
|
|-weather|Snowscape|[upkeep]
|-heal|p2a: Toxapex|28/100|[from] Grassy Terrain
|upkeep
|turn|17
|
|t:|1776089134
|switch|p2a: Primarina|Primarina, F|58/100
|move|p1a: Kyurem|Earth Power|p2a: Primarina
|-crit|p2a: Primarina
|-damage|p2a: Primarina|0 fnt
|faint|p2a: Primarina
|
|-weather|Snowscape|[upkeep]
|upkeep
|
|t:|1776089146
|switch|p2a: Skeledirge|Skeledirge, F|100/100
|turn|18
|
|t:|1776089153
|move|p1a: Kyurem|Earth Power|p2a: Skeledirge
|-supereffective|p2a: Skeledirge
|-damage|p2a: Skeledirge|34/100
|move|p2a: Skeledirge|Torch Song|p1a: Kyurem
|-damage|p1a: Kyurem|70/100
|-boost|p2a: Skeledirge|spa|1
|
|-weather|none
|-heal|p1a: Kyurem|76/100|[from] Grassy Terrain
|-heal|p2a: Skeledirge|41/100|[from] Grassy Terrain
|-heal|p2a: Skeledirge|47/100|[from] item: Leftovers
|-fieldend|move: Grassy Terrain
|upkeep
|turn|19
|-message|Eastside Smackdown forfeited.
|
|win|SoupTM
