|html|<div class="broadcast-blue"><strong>[Gen 9] OU is currently suspecting Tera Blast! For information on how to participate check out the <a href="https://www.smogon.com/tools/suspects/view/200">suspect thread</a>.</strong></div>
|j|☆budellinoh
|j|☆wonderofunown
|t:|1776265061
|gametype|singles
|player|p1|budellinoh|ethan|1121
|player|p2|wonderofunown|red|1168
|gen|9
|tier|[Gen 9] OU
|rated|
|rule|HP Percentage Mod: HP is shown in percentages
|rule|Endless Battle Clause: Forcing endless battles is banned
|rule|Species Clause: Limit one of each Pokémon
|rule|OHKO Clause: OHKO moves are banned
|rule|Evasion Items Clause: Evasion items are banned
|rule|Evasion Moves Clause: Evasion moves are banned
|rule|Evasion Abilities Clause: Evasion abilities are banned
|rule|Sleep Moves Clause: Sleep-inducing moves are banned
|clearpoke
|poke|p1|Politoed, F|
|poke|p1|Drednaw, F|
|poke|p1|Poliwrath, F|
|poke|p1|Dragonite, F|
|poke|p1|Clodsire, F|
|poke|p1|Hatterene, F|
|poke|p2|Deoxys-Speed|
|poke|p2|Kyurem|
|poke|p2|Dondozo, F|
|poke|p2|Iron Moth|
|poke|p2|Forretress, M|
|poke|p2|Eiscue, M|
|teampreview
|
|t:|1776265069
|teamsize|p1|6
|teamsize|p2|6
|start
|switch|p1a: Politoed|Politoed, F, shiny|100/100
|switch|p2a: Deoxys|Deoxys-Speed|100/100
|-ability|p2a: Deoxys|Pressure
|-weather|RainDance|[from] ability: Drizzle|[of] p1a: Politoed
|turn|1
|
|t:|1776265075
|move|p2a: Deoxys|Light Screen|p2a: Deoxys
|-sidestart|p2: wonderofunown|move: Light Screen
|move|p1a: Politoed|Weather Ball|p2a: Deoxys
|-damage|p2a: Deoxys|72/100
|
|-weather|RainDance|[upkeep]
|upkeep
|turn|2
|
|t:|1776265082
|move|p2a: Deoxys|Reflect|p2a: Deoxys
|-sidestart|p2: wonderofunown|Reflect
|move|p1a: Politoed|Encore|p2a: Deoxys
|-start|p2a: Deoxys|Encore
|
|-weather|RainDance|[upkeep]
|upkeep
|turn|3
|
|t:|1776265090
|switch|p2a: Kyurem|Kyurem|100/100
|-ability|p2a: Kyurem|Pressure
|switch|p1a: Hatterene|Hatterene, F|100/100
|
|-weather|RainDance|[upkeep]
|upkeep
|turn|4
|
|t:|1776265098
|-terastallize|p2a: Kyurem|Ghost
|move|p2a: Kyurem|Dragon Dance|p2a: Kyurem
|-boost|p2a: Kyurem|atk|1
|-boost|p2a: Kyurem|spe|1
|move|p1a: Hatterene|Nuzzle|p2a: Kyurem
|-damage|p2a: Kyurem|98/100
|-status|p2a: Kyurem|par
|
|-weather|RainDance|[upkeep]
|upkeep
|turn|5
|
|t:|1776265129
|cant|p2a: Kyurem|par
|move|p1a: Hatterene|Healing Wish|p1a: Hatterene
|faint|p1a: Hatterene
|
|-weather|RainDance|[upkeep]
|upkeep
|
|t:|1776265131
|switch|p1a: Dragonite|Dragonite, F|100/100
|turn|6
|
|t:|1776265141
|-terastallize|p1a: Dragonite|Flying
|move|p1a: Dragonite|Hurricane|p2a: Kyurem
|-damage|p2a: Kyurem|50/100 par
|move|p2a: Kyurem|Icicle Spear|p1a: Dragonite
|-supereffective|p1a: Dragonite
|-damage|p1a: Dragonite|77/100
|-supereffective|p1a: Dragonite
|-damage|p1a: Dragonite|27/100
|-supereffective|p1a: Dragonite
|-damage|p1a: Dragonite|0 fnt
|faint|p1a: Dragonite
|-hitcount|p1: Dragonite|3
|
|-weather|RainDance|[upkeep]
|upkeep
|
|t:|1776265149
|switch|p1a: Poliwrath|Poliwrath, F|100/100
|turn|7
|
|t:|1776265154
|move|p1a: Poliwrath|Belly Drum|p1a: Poliwrath
|-damage|p1a: Poliwrath|50/100
|-setboost|p1a: Poliwrath|atk|6|[from] move: Belly Drum
|-enditem|p1a: Poliwrath|Sitrus Berry|[eat]
|-heal|p1a: Poliwrath|75/100|[from] item: Sitrus Berry
|move|p2a: Kyurem|Scale Shot|p1a: Poliwrath|[miss]
|-miss|p2a: Kyurem|p1a: Poliwrath
|
|-weather|RainDance|[upkeep]
|upkeep
|turn|8
|
|t:|1776265165
|move|p1a: Poliwrath|Liquidation|p2a: Kyurem
|-damage|p2a: Kyurem|0 fnt
|faint|p2a: Kyurem
|
|-weather|none
|-sideend|p2: wonderofunown|move: Light Screen
|upkeep
|
|t:|1776265175
|switch|p2a: Deoxys|Deoxys-Speed|72/100
|-ability|p2a: Deoxys|Pressure
|turn|9
|
|t:|1776265180
|move|p2a: Deoxys|Psycho Boost|p1a: Poliwrath
|-supereffective|p1a: Poliwrath
|-damage|p1a: Poliwrath|0 fnt
|-unboost|p2a: Deoxys|spa|2
|faint|p1a: Poliwrath
|
|-sideend|p2: wonderofunown|Reflect
|upkeep
|
|t:|1776265186
|switch|p1a: Politoed|Politoed, F, shiny|100/100
|-weather|RainDance|[from] ability: Drizzle|[of] p1a: Politoed
|turn|10
|
|t:|1776265191
|switch|p1a: Drednaw|Drednaw, F|100/100
|move|p2a: Deoxys|Light Screen|p2a: Deoxys
|-sidestart|p2: wonderofunown|move: Light Screen
|
|-weather|RainDance|[upkeep]
|upkeep
|turn|11
|
|t:|1776265196
|move|p2a: Deoxys|Taunt|p1a: Drednaw
|-start|p1a: Drednaw|move: Taunt
|cant|p1a: Drednaw|move: Taunt|Shell Smash
|
|-weather|RainDance|[upkeep]
|upkeep
|turn|12
|
|t:|1776265202
|move|p2a: Deoxys|Reflect|p2a: Deoxys
|-sidestart|p2: wonderofunown|Reflect
|move|p1a: Drednaw|Liquidation|p2a: Deoxys
|-damage|p2a: Deoxys|28/100
|-unboost|p2a: Deoxys|def|1
|
|-weather|RainDance|[upkeep]
|upkeep
|turn|13
|
|t:|1776265217
|switch|p2a: Dondozo|Dondozo, F|100/100
|switch|p1a: Politoed|Politoed, F, shiny|100/100
|
|-weather|RainDance|[upkeep]
|upkeep
|turn|14
|
|t:|1776265230
|move|p1a: Politoed|Earth Power|p2a: Dondozo
|-damage|p2a: Dondozo|91/100
|move|p2a: Dondozo|Curse|p2a: Dondozo
|-unboost|p2a: Dondozo|spe|1
|-boost|p2a: Dondozo|atk|1
|-boost|p2a: Dondozo|def|1
|
|-weather|RainDance|[upkeep]
|upkeep
|turn|15
|
|t:|1776265234
|move|p1a: Politoed|Encore|p2a: Dondozo
|-start|p2a: Dondozo|Encore
|move|p2a: Dondozo|Curse|p2a: Dondozo
|-unboost|p2a: Dondozo|spe|1
|-boost|p2a: Dondozo|atk|1
|-boost|p2a: Dondozo|def|1
|
|-weather|RainDance|[upkeep]
|upkeep
|turn|16
|
|t:|1776265246
|switch|p1a: Drednaw|Drednaw, F|100/100
|move|p2a: Dondozo|Curse|p2a: Dondozo
|-unboost|p2a: Dondozo|spe|1
|-boost|p2a: Dondozo|atk|1
|-boost|p2a: Dondozo|def|1
|
|-weather|RainDance|[upkeep]
|upkeep
|turn|17
|
|t:|1776265260
|move|p1a: Drednaw|Rock Blast|p2a: Dondozo
|-damage|p2a: Dondozo|90/100
|-damage|p2a: Dondozo|88/100
|-damage|p2a: Dondozo|86/100
|-damage|p2a: Dondozo|85/100
|-hitcount|p2a: Dondozo|4
|move|p2a: Dondozo|Curse|p2a: Dondozo
|-unboost|p2a: Dondozo|spe|1
|-boost|p2a: Dondozo|atk|1
|-boost|p2a: Dondozo|def|1
|
|-weather|none
|-end|p2a: Dondozo|Encore
|-sideend|p2: wonderofunown|move: Light Screen
|upkeep
|turn|18
|-message|budellinoh forfeited.
|
|win|wonderofunown
|raw|budellinoh's rating: 1121 &rarr; <strong>1099</strong><br />(-22 for losing)
|raw|wonderofunown's rating: 1168 &rarr; <strong>1190</strong><br />(+22 for winning)
|l|☆budellinoh
|player|p1|
