|html|<div class="broadcast-blue"><strong>[Gen 9] OU is currently suspecting Tera Blast! For information on how to participate check out the <a href="https://www.smogon.com/tools/suspects/view/200">suspect thread</a>.</strong></div>
|badge|p1|bronze|gen9ru|100-9
|uhtml|medal-msg|<div class="broadcast-blue">Curious what those medals under the avatar are? PS now has Ladder Seasons! For more information, check out the <a href="https://www.smogon.com/forums/threads/3740067/">thread on Smogon.</a></div>
|j|☆charjabugfan
|j|‽tasty sardine 408
|t:|1776102049
|gametype|singles
|player|p1|charjabugfan|bugcatcher-gen4dp|1530
|player|p2|tasty sardine 408|harlequin|1575
|gen|9
|tier|[Gen 9] OU
|rated|
|rule|HP Percentage Mod: HP is shown in percentages
|rule|Endless Battle Clause: Forcing endless battles is banned
|rule|Species Clause: Limit one of each Pokémon
|rule|OHKO Clause: OHKO moves are banned
|rule|Evasion Items Clause: Evasion items are banned
|rule|Evasion Moves Clause: Evasion moves are banned
|rule|Evasion Abilities Clause: Evasion abilities are banned
|rule|Sleep Moves Clause: Sleep-inducing moves are banned
|clearpoke
|poke|p1|Ting-Lu|
|poke|p1|Alomomola, M|
|poke|p1|Gholdengo|
|poke|p1|Ogerpon-Wellspring, F|
|poke|p1|Zamazenta-*|
|poke|p1|Dragonite, M|
|poke|p2|Umbreon, F|
|poke|p2|Serperior, F|
|poke|p2|Cresselia, F|
|poke|p2|Revavroom, F|
|poke|p2|Skeledirge, F|
|poke|p2|Manaphy|
|teampreview
|inactive|Battle timer is ON: inactive players will automatically lose when time's up. (requested by tasty sardine 408)
|inactive|charjabugfan also wants the timer to be on.
|
|t:|1776102083
|teamsize|p1|6
|teamsize|p2|6
|start
|switch|p1a: Ting-Lu|Ting-Lu|100/100
|switch|p2a: Serperior|Serperior, F, shiny|100/100
|-ability|p1a: Ting-Lu|Vessel of Ruin
|turn|1
|
|t:|1776102091
|move|p2a: Serperior|Leaf Storm|p1a: Ting-Lu
|-supereffective|p1a: Ting-Lu
|-damage|p1a: Ting-Lu|70/100
|-boost|p2a: Serperior|spa|2
|move|p1a: Ting-Lu|Whirlwind|p2a: Serperior
|drag|p2a: Manaphy|Manaphy, shiny|100/100
|
|-heal|p1a: Ting-Lu|76/100|[from] item: Leftovers
|upkeep
|turn|2
|
|t:|1776102099
|move|p2a: Manaphy|Scald|p1a: Ting-Lu
|-supereffective|p1a: Ting-Lu
|-damage|p1a: Ting-Lu|53/100
|move|p1a: Ting-Lu|Stealth Rock|p2a: Manaphy
|-sidestart|p2: tasty sardine 408|move: Stealth Rock
|
|-heal|p1a: Ting-Lu|59/100|[from] item: Leftovers
|upkeep
|turn|3
|
|t:|1776102103
|switch|p1a: Ogerpon|Ogerpon-Wellspring, F|100/100
|move|p2a: Manaphy|Scald|p1a: Ogerpon
|-immune|p1a: Ogerpon|[from] ability: Water Absorb
|
|upkeep
|turn|4
|
|t:|1776102106
|switch|p2a: Serperior|Serperior, F, shiny|100/100
|-damage|p2a: Serperior|88/100|[from] Stealth Rock
|move|p1a: Ogerpon|Swords Dance|p1a: Ogerpon
|-boost|p1a: Ogerpon|atk|2
|
|-heal|p2a: Serperior|94/100|[from] item: Leftovers
|upkeep
|turn|5
|
|t:|1776102112
|move|p2a: Serperior|Glare|p1a: Ogerpon
|-status|p1a: Ogerpon|par
|move|p1a: Ogerpon|Trailblaze|p2a: Serperior
|-resisted|p2a: Serperior
|-damage|p2a: Serperior|62/100
|-boost|p1a: Ogerpon|spe|1
|
|-heal|p2a: Serperior|69/100|[from] item: Leftovers
|upkeep
|turn|6
|
|t:|1776102117
|move|p2a: Serperior|Leaf Storm|p1a: Ogerpon
|-damage|p1a: Ogerpon|58/100 par
|-boost|p2a: Serperior|spa|2
|move|p1a: Ogerpon|Ivy Cudgel|p2a: Serperior|[anim] Ivy Cudgel Water
|-resisted|p2a: Serperior
|-damage|p2a: Serperior|6/100
|
|-heal|p2a: Serperior|12/100|[from] item: Leftovers
|upkeep
|turn|7
|
|t:|1776102120
|move|p2a: Serperior|Leaf Storm|p1a: Ogerpon
|-crit|p1a: Ogerpon
|-damage|p1a: Ogerpon|0 fnt
|-boost|p2a: Serperior|spa|2
|faint|p1a: Ogerpon
|
|-heal|p2a: Serperior|18/100|[from] item: Leftovers
|upkeep
|
|t:|1776102122
|switch|p1a: Zamazenta|Zamazenta|100/100
|-ability|p1a: Zamazenta|Dauntless Shield|boost
|-boost|p1a: Zamazenta|def|1
|turn|8
|
|t:|1776102126
|switch|p2a: Cresselia|Cresselia, F, shiny|100/100
|-damage|p2a: Cresselia|88/100|[from] Stealth Rock
|move|p1a: Zamazenta|Crunch|p2a: Cresselia
|-supereffective|p2a: Cresselia
|-damage|p2a: Cresselia|61/100
|
|-heal|p2a: Cresselia|67/100|[from] item: Leftovers
|upkeep
|turn|9
|
|t:|1776102129
|switch|p1a: Ting-Lu|Ting-Lu|59/100
|-ability|p1a: Ting-Lu|Vessel of Ruin
|move|p2a: Cresselia|Calm Mind|p2a: Cresselia
|-boost|p2a: Cresselia|spa|1
|-boost|p2a: Cresselia|spd|1
|
|-heal|p2a: Cresselia|73/100|[from] item: Leftovers
|-heal|p1a: Ting-Lu|65/100|[from] item: Leftovers
|upkeep
|turn|10
|
|t:|1776102137
|move|p2a: Cresselia|Moonblast|p1a: Ting-Lu
|-supereffective|p1a: Ting-Lu
|-damage|p1a: Ting-Lu|45/100
|move|p1a: Ting-Lu|Spikes|p2a: Cresselia
|-sidestart|p2: tasty sardine 408|Spikes
|
|-heal|p2a: Cresselia|79/100|[from] item: Leftovers
|-heal|p1a: Ting-Lu|51/100|[from] item: Leftovers
|upkeep
|turn|11
|
|t:|1776102139
|move|p2a: Cresselia|Moonblast|p1a: Ting-Lu
|-supereffective|p1a: Ting-Lu
|-damage|p1a: Ting-Lu|30/100
|move|p1a: Ting-Lu|Whirlwind|p2a: Cresselia
|drag|p2a: Skeledirge|Skeledirge, F, shiny|100/100
|
|-heal|p1a: Ting-Lu|36/100|[from] item: Leftovers
|upkeep
|turn|12
|
|t:|1776102142
|move|p2a: Skeledirge|Will-O-Wisp|p1a: Ting-Lu
|-status|p1a: Ting-Lu|brn
|move|p1a: Ting-Lu|Spikes|p2a: Skeledirge
|-sidestart|p2: tasty sardine 408|Spikes
|
|-heal|p1a: Ting-Lu|43/100 brn|[from] item: Leftovers
|-damage|p1a: Ting-Lu|36/100 brn|[from] brn
|upkeep
|turn|13
|
|t:|1776102145
|move|p2a: Skeledirge|Torch Song|p1a: Ting-Lu
|-damage|p1a: Ting-Lu|23/100 brn
|-boost|p2a: Skeledirge|spa|1
|move|p1a: Ting-Lu|Spikes|p2a: Skeledirge
|-sidestart|p2: tasty sardine 408|Spikes
|
|-heal|p1a: Ting-Lu|30/100 brn|[from] item: Leftovers
|-damage|p1a: Ting-Lu|23/100 brn|[from] brn
|upkeep
|turn|14
|
|t:|1776102148
|move|p2a: Skeledirge|Torch Song|p1a: Ting-Lu
|-damage|p1a: Ting-Lu|4/100 brn
|-boost|p2a: Skeledirge|spa|1
|move|p1a: Ting-Lu|Whirlwind|p2a: Skeledirge
|drag|p2a: Manaphy|Manaphy, shiny|100/100
|-damage|p2a: Manaphy|88/100|[from] Stealth Rock
|-damage|p2a: Manaphy|63/100|[from] Spikes
|
|-heal|p2a: Manaphy|69/100|[from] item: Leftovers
|-heal|p1a: Ting-Lu|10/100 brn|[from] item: Leftovers
|-damage|p1a: Ting-Lu|4/100 brn|[from] brn
|upkeep
|turn|15
|
|t:|1776102152
|move|p2a: Manaphy|Scald|p1a: Ting-Lu
|-supereffective|p1a: Ting-Lu
|-damage|p1a: Ting-Lu|0 fnt
|faint|p1a: Ting-Lu
|
|-heal|p2a: Manaphy|75/100|[from] item: Leftovers
|upkeep
|
|t:|1776102154
|switch|p1a: Gholdengo|Gholdengo|100/100
|-item|p1a: Gholdengo|Air Balloon
|turn|16
|
|t:|1776102162
|move|p2a: Manaphy|Take Heart|p2a: Manaphy
|-boost|p2a: Manaphy|spa|1
|-boost|p2a: Manaphy|spd|1
|move|p1a: Gholdengo|Thunder Wave|p2a: Manaphy
|-status|p2a: Manaphy|par
|
|-heal|p2a: Manaphy|82/100 par|[from] item: Leftovers
|upkeep
|turn|17
|
|t:|1776102165
|switch|p1a: Dragonite|Dragonite, M|100/100
|move|p2a: Manaphy|Take Heart|p2a: Manaphy
|-boost|p2a: Manaphy|spa|1
|-boost|p2a: Manaphy|spd|1
|-curestatus|p2a: Manaphy|par|[msg]
|
|-heal|p2a: Manaphy|88/100|[from] item: Leftovers
|upkeep
|turn|18
|
|t:|1776102168
|move|p2a: Manaphy|Scald|p1a: Dragonite
|-resisted|p1a: Dragonite
|-damage|p1a: Dragonite|87/100
|move|p1a: Dragonite|Encore|p2a: Manaphy
|-start|p2a: Manaphy|Encore
|
|-heal|p2a: Manaphy|94/100|[from] item: Leftovers
|upkeep
|turn|19
|
|t:|1776102172
|switch|p1a: Alomomola|Alomomola, M|100/100
|move|p2a: Manaphy|Scald|p1a: Alomomola
|-resisted|p1a: Alomomola
|-damage|p1a: Alomomola|69/100
|-status|p1a: Alomomola|brn
|
|-heal|p2a: Manaphy|99/100|[from] item: Leftovers
|-damage|p1a: Alomomola|63/100 brn|[from] brn
|upkeep
|turn|20
|
|t:|1776102178
|move|p2a: Manaphy|Scald|p1a: Alomomola
|-resisted|p1a: Alomomola
|-damage|p1a: Alomomola|28/100 brn
|move|p1a: Alomomola|Wish|p1a: Alomomola
|
|-heal|p2a: Manaphy|100/100|[from] item: Leftovers
|-damage|p1a: Alomomola|21/100 brn|[from] brn
|upkeep
|turn|21
|
|t:|1776102194
|switch|p1a: Gholdengo|Gholdengo|100/100
|-item|p1a: Gholdengo|Air Balloon
|move|p2a: Manaphy|Scald|p1a: Gholdengo
|-damage|p1a: Gholdengo|49/100
|-enditem|p1a: Gholdengo|Air Balloon
|
|-heal|p1a: Gholdengo|100/100|[from] move: Wish|[wisher] Alomomola
|-end|p2a: Manaphy|Encore
|upkeep
|turn|22
|
|t:|1776102208
|move|p2a: Manaphy|Scald|p1a: Gholdengo
|-damage|p1a: Gholdengo|47/100
|move|p1a: Gholdengo|Thunder Wave|p2a: Manaphy
|-status|p2a: Manaphy|par
|
|upkeep
|turn|23
|
|t:|1776102211
|move|p1a: Gholdengo|Hex|p2a: Manaphy
|-damage|p2a: Manaphy|75/100 par
|cant|p2a: Manaphy|par
|
|-heal|p2a: Manaphy|81/100 par|[from] item: Leftovers
|upkeep
|turn|24
|
|t:|1776102216
|move|p1a: Gholdengo|Hex|p2a: Manaphy
|-damage|p2a: Manaphy|56/100 par
|move|p2a: Manaphy|Take Heart|p2a: Manaphy
|-boost|p2a: Manaphy|spa|1
|-boost|p2a: Manaphy|spd|1
|-curestatus|p2a: Manaphy|par|[msg]
|
|-heal|p2a: Manaphy|62/100|[from] item: Leftovers
|upkeep
|turn|25
|
|t:|1776102220
|move|p2a: Manaphy|Scald|p1a: Gholdengo
|-damage|p1a: Gholdengo|0 fnt
|faint|p1a: Gholdengo
|
|-heal|p2a: Manaphy|69/100|[from] item: Leftovers
|upkeep
|
|t:|1776102221
|switch|p1a: Zamazenta|Zamazenta|100/100
|turn|26
|
|t:|1776102230
|-terastallize|p1a: Zamazenta|Dark
|move|p1a: Zamazenta|Close Combat|p2a: Manaphy
|-damage|p2a: Manaphy|23/100
|-unboost|p1a: Zamazenta|def|1
|-unboost|p1a: Zamazenta|spd|1
|move|p2a: Manaphy|Stored Power|p1a: Zamazenta
|-immune|p1a: Zamazenta
|
|-heal|p2a: Manaphy|29/100|[from] item: Leftovers
|upkeep
|turn|27
|
|t:|1776102234
|move|p1a: Zamazenta|Close Combat|p2a: Manaphy
|-damage|p2a: Manaphy|0 fnt
|-unboost|p1a: Zamazenta|def|1
|-unboost|p1a: Zamazenta|spd|1
|faint|p2a: Manaphy
|
|upkeep
|
|t:|1776102238
|switch|p2a: Cresselia|Cresselia, F, shiny|79/100
|-damage|p2a: Cresselia|66/100|[from] Stealth Rock
|turn|28
|
|t:|1776102243
|move|p1a: Zamazenta|Crunch|p2a: Cresselia
|-supereffective|p2a: Cresselia
|-damage|p2a: Cresselia|21/100
|-unboost|p2a: Cresselia|def|1
|move|p2a: Cresselia|Moonblast|p1a: Zamazenta
|-supereffective|p1a: Zamazenta
|-damage|p1a: Zamazenta|33/100
|
|-heal|p2a: Cresselia|28/100|[from] item: Leftovers
|upkeep
|turn|29
|
|t:|1776102268
|move|p1a: Zamazenta|Crunch|p2a: Cresselia
|-supereffective|p2a: Cresselia
|-damage|p2a: Cresselia|0 fnt
|faint|p2a: Cresselia
|
|upkeep
|
|t:|1776102285
|switch|p2a: Revavroom|Revavroom, F, shiny|100/100
|-damage|p2a: Revavroom|94/100|[from] Stealth Rock
|-item|p2a: Revavroom|Air Balloon
|turn|30
|
|t:|1776102297
|move|p1a: Zamazenta|Close Combat|p2a: Revavroom
|-damage|p2a: Revavroom|32/100
|-unboost|p1a: Zamazenta|def|1
|-unboost|p1a: Zamazenta|spd|1
|-enditem|p2a: Revavroom|Air Balloon
|move|p2a: Revavroom|Shift Gear|p2a: Revavroom
|-boost|p2a: Revavroom|spe|2
|-boost|p2a: Revavroom|atk|1
|
|upkeep
|turn|31
|
|t:|1776102308
|switch|p1a: Dragonite|Dragonite, M|87/100
|move|p2a: Revavroom|Iron Head|p1a: Dragonite
|-damage|p1a: Dragonite|17/100
|
|upkeep
|turn|32
|
|t:|1776102319
|move|p2a: Revavroom|Iron Head|p1a: Dragonite
|-damage|p1a: Dragonite|0 fnt
|faint|p1a: Dragonite
|
|upkeep
|
|t:|1776102321
|switch|p1a: Alomomola|Alomomola, M|55/100 brn
|turn|33
|
|t:|1776102324
|move|p2a: Revavroom|Gunk Shot|p1a: Alomomola
|-damage|p1a: Alomomola|2/100 brn
|move|p1a: Alomomola|Scald|p2a: Revavroom
|-damage|p2a: Revavroom|15/100
|
|-damage|p1a: Alomomola|0 fnt|[from] brn
|faint|p1a: Alomomola
|upkeep
|-message|charjabugfan forfeited.
|
|win|tasty sardine 408
|raw|charjabugfan's rating: 1530 &rarr; <strong>1511</strong><br />(-19 for losing)
|raw|tasty sardine 408's rating: 1553 &rarr; <strong>1572</strong><br />(+19 for winning)
|l|☆charjabugfan
|player|p1|
|l|‽tasty sardine 408
|player|p2|
