|html|<div class="broadcast-blue"><strong>[Gen 9] OU is currently suspecting Tera Blast! For information on how to participate check out the <a href="https://www.smogon.com/tools/suspects/view/200">suspect thread</a>.</strong></div>
|j|☆gladdo
|j|☆Adoumi_
|t:|1776340163
|gametype|singles
|player|p1|gladdo|266|1211
|player|p2|Adoumi_|hiker-gen4|1244
|gen|9
|tier|[Gen 9] OU
|rated|
|rule|HP Percentage Mod: HP is shown in percentages
|rule|Endless Battle Clause: Forcing endless battles is banned
|rule|Species Clause: Limit one of each Pokémon
|rule|OHKO Clause: OHKO moves are banned
|rule|Evasion Items Clause: Evasion items are banned
|rule|Evasion Moves Clause: Evasion moves are banned
|rule|Evasion Abilities Clause: Evasion abilities are banned
|rule|Sleep Moves Clause: Sleep-inducing moves are banned
|clearpoke
|poke|p1|Kingambit, F|
|poke|p1|Cinderace, F|
|poke|p1|Landorus-Therian, M|
|poke|p1|Iron Valiant|
|poke|p1|Kyurem|
|poke|p1|Slowking-Galar, M|
|poke|p2|Quaquaval, F|
|poke|p2|Weezing-Galar, M|
|poke|p2|Deoxys-Speed|
|poke|p2|Mamoswine, F|
|poke|p2|Dragonite, M|
|poke|p2|Quagsire, F|
|teampreview
|inactive|Battle timer is ON: inactive players will automatically lose when time's up. (requested by Adoumi_)
|
|t:|1776340170
|teamsize|p1|6
|teamsize|p2|6
|start
|switch|p1a: Homelandor|Landorus-Therian, M, shiny|100/100
|switch|p2a: Deoxys|Deoxys-Speed|100/100
|-ability|p2a: Deoxys|Pressure
|-ability|p1a: Homelandor|Intimidate|boost
|-unboost|p2a: Deoxys|atk|1
|turn|1
|
|t:|1776340180
|move|p2a: Deoxys|Taunt|p1a: Homelandor
|-start|p1a: Homelandor|move: Taunt
|move|p1a: Homelandor|U-turn|p2a: Deoxys
|-supereffective|p2a: Deoxys
|-damage|p2a: Deoxys|45/100
|
|t:|1776340187
|switch|p1a: WALL-Y|Iron Valiant|100/100|[from] U-turn
|-enditem|p1a: WALL-Y|Booster Energy
|-activate|p1a: WALL-Y|ability: Quark Drive|[fromitem]
|-start|p1a: WALL-Y|quarkdrivespe
|
|upkeep
|turn|2
|
|t:|1776340199
|switch|p2a: Weezing|Weezing-Galar, M|100/100
|move|p1a: WALL-Y|Swords Dance|p1a: WALL-Y
|-boost|p1a: WALL-Y|atk|2
|
|upkeep
|turn|3
|
|t:|1776340218
|-terastallize|p1a: WALL-Y|Ghost
|move|p1a: WALL-Y|Drain Punch|p2a: Weezing
|-resisted|p2a: Weezing
|-damage|p2a: Weezing|87/100
|-damage|p1a: WALL-Y|84/100|[from] item: Rocky Helmet|[of] p2a: Weezing
|move|p2a: Weezing|Will-O-Wisp|p1a: WALL-Y
|-status|p1a: WALL-Y|brn
|
|-damage|p1a: WALL-Y|78/100 brn|[from] brn
|upkeep
|turn|4
|
|t:|1776340236
|move|p1a: WALL-Y|Encore|p2a: Weezing
|-start|p2a: Weezing|Encore
|move|p2a: Weezing|Will-O-Wisp|p1a: WALL-Y
|-fail|p1a: WALL-Y|brn
|
|-damage|p1a: WALL-Y|71/100 brn|[from] brn
|upkeep
|turn|5
|
|t:|1776340246
|switch|p2a: Quagsire|Quagsire, F|100/100
|move|p1a: WALL-Y|Swords Dance|p1a: WALL-Y
|-boost|p1a: WALL-Y|atk|2
|
|-damage|p1a: WALL-Y|65/100 brn|[from] brn
|upkeep
|turn|6
|
|t:|1776340256
|move|p1a: WALL-Y|Drain Punch|p2a: Quagsire
|-damage|p2a: Quagsire|83/100
|-heal|p1a: WALL-Y|77/100 brn|[from] drain|[of] p2a: Quagsire
|move|p2a: Quagsire|Haze|p2a: Quagsire
|-clearallboost
|
|-heal|p2a: Quagsire|89/100|[from] item: Leftovers
|-damage|p1a: WALL-Y|71/100 brn|[from] brn
|upkeep
|turn|7
|
|t:|1776340275
|move|p1a: WALL-Y|Encore|p2a: Quagsire
|-start|p2a: Quagsire|Encore
|move|p2a: Quagsire|Haze|p2a: Quagsire
|-clearallboost
|
|-heal|p2a: Quagsire|95/100|[from] item: Leftovers
|-damage|p1a: WALL-Y|65/100 brn|[from] brn
|upkeep
|turn|8
|
|t:|1776340286
|switch|p2a: Deoxys|Deoxys-Speed|45/100
|-ability|p2a: Deoxys|Pressure
|move|p1a: WALL-Y|Drain Punch|p2a: Deoxys
|-resisted|p2a: Deoxys
|-damage|p2a: Deoxys|32/100
|-heal|p1a: WALL-Y|71/100 brn|[from] drain|[of] p2a: Deoxys
|
|-damage|p1a: WALL-Y|65/100 brn|[from] brn
|upkeep
|turn|9
|
|t:|1776340300
|move|p1a: WALL-Y|Swords Dance|p1a: WALL-Y
|-boost|p1a: WALL-Y|atk|2
|move|p2a: Deoxys|Knock Off|p1a: WALL-Y
|-supereffective|p1a: WALL-Y
|-damage|p1a: WALL-Y|11/100 brn
|-damage|p2a: Deoxys|22/100|[from] item: Life Orb
|
|-damage|p1a: WALL-Y|4/100 brn|[from] brn
|upkeep
|turn|10
|
|t:|1776340312
|switch|p2a: Weezing|Weezing-Galar, M|87/100
|move|p1a: WALL-Y|Drain Punch|p2a: Weezing
|-resisted|p2a: Weezing
|-damage|p2a: Weezing|80/100
|-heal|p1a: WALL-Y|8/100 brn|[from] drain|[of] p2a: Weezing
|-damage|p1a: WALL-Y|0 fnt|[from] item: Rocky Helmet|[of] p2a: Weezing
|faint|p1a: WALL-Y
|-end|p1a: WALL-Y|Quark Drive|[silent]
|
|upkeep
|
|t:|1776340326
|switch|p1a: Daenerys|Kingambit, F|100/100
|-activate|p1a: Daenerys|ability: Supreme Overlord
|-start|p1a: Daenerys|fallen1|[silent]
|turn|11
|
|t:|1776340333
|move|p2a: Weezing|Will-O-Wisp|p1a: Daenerys|[miss]
|-miss|p2a: Weezing|p1a: Daenerys
|move|p1a: Daenerys|Swords Dance|p1a: Daenerys
|-boost|p1a: Daenerys|atk|2
|
|upkeep
|turn|12
|
|t:|1776340342
|-end|p1a: Daenerys|fallen1|[silent]
|switch|p1a: Kristine|Cinderace, F, shiny|100/100
|move|p2a: Weezing|Will-O-Wisp|p1a: Kristine
|-immune|p1a: Kristine
|
|upkeep
|turn|13
|
|t:|1776340355
|switch|p2a: Dragonite|Dragonite, M|100/100
|move|p1a: Kristine|Will-O-Wisp|p2a: Dragonite
|-status|p2a: Dragonite|brn
|
|-damage|p2a: Dragonite|94/100 brn|[from] brn
|upkeep
|turn|14
|
|t:|1776340367
|move|p1a: Kristine|U-turn|p2a: Dragonite
|-resisted|p2a: Dragonite
|-damage|p2a: Dragonite|85/100 brn
|
|t:|1776340373
|switch|p1a: Mr. Freeze|Kyurem, shiny|100/100|[from] U-turn
|-ability|p1a: Mr. Freeze|Pressure
|move|p2a: Dragonite|Dragon Tail|p1a: Mr. Freeze
|-supereffective|p1a: Mr. Freeze
|-damage|p1a: Mr. Freeze|69/100
|drag|p1a: Kristine|Cinderace, F, shiny|100/100
|
|-damage|p2a: Dragonite|78/100 brn|[from] brn
|upkeep
|turn|15
|
|t:|1776340393
|move|p1a: Kristine|Pyro Ball|p2a: Dragonite
|-resisted|p2a: Dragonite
|-damage|p2a: Dragonite|50/100 brn
|move|p2a: Dragonite|Dragon Tail|p1a: Kristine
|-damage|p1a: Kristine|75/100
|drag|p1a: Chillionaire|Slowking-Galar, M, shiny|100/100
|
|-damage|p2a: Dragonite|44/100 brn|[from] brn
|upkeep
|turn|16
|
|t:|1776340403
|move|p2a: Dragonite|Roost|p2a: Dragonite
|-heal|p2a: Dragonite|94/100 brn
|-singleturn|p2a: Dragonite|move: Roost
|move|p1a: Chillionaire|Sludge Bomb|p2a: Dragonite
|-damage|p2a: Dragonite|62/100 brn
|
|-damage|p2a: Dragonite|56/100 brn|[from] brn
|upkeep
|turn|17
|
|t:|1776340412
|move|p2a: Dragonite|Roost|p2a: Dragonite
|-heal|p2a: Dragonite|100/100 brn
|-singleturn|p2a: Dragonite|move: Roost
|move|p1a: Chillionaire|Future Sight|p2a: Dragonite
|-start|p1a: Chillionaire|move: Future Sight
|
|-damage|p2a: Dragonite|94/100 brn|[from] brn
|upkeep
|turn|18
|
|t:|1776340432
|move|p2a: Dragonite|Earthquake|p1a: Chillionaire
|-supereffective|p1a: Chillionaire
|-damage|p1a: Chillionaire|59/100
|move|p1a: Chillionaire|Sludge Bomb|p2a: Dragonite
|-damage|p2a: Dragonite|66/100 brn
|
|-heal|p1a: Chillionaire|65/100|[from] item: Leftovers
|-damage|p2a: Dragonite|60/100 brn|[from] brn
|upkeep
|turn|19
|
|t:|1776340449
|move|p2a: Dragonite|Roost|p2a: Dragonite
|-heal|p2a: Dragonite|100/100 brn
|-singleturn|p2a: Dragonite|move: Roost
|move|p1a: Chillionaire|Slack Off|p1a: Chillionaire
|-heal|p1a: Chillionaire|100/100
|
|-end|p2a: Dragonite|move: Future Sight
|-damage|p2a: Dragonite|80/100 brn
|-damage|p2a: Dragonite|74/100 brn|[from] brn
|upkeep
|turn|20
|
|t:|1776340465
|switch|p1a: Mr. Freeze|Kyurem, shiny|69/100
|-ability|p1a: Mr. Freeze|Pressure
|move|p2a: Dragonite|Earthquake|p1a: Mr. Freeze
|-damage|p1a: Mr. Freeze|50/100
|
|-heal|p1a: Mr. Freeze|56/100|[from] item: Leftovers
|-damage|p2a: Dragonite|67/100 brn|[from] brn
|upkeep
|turn|21
|inactive|Adoumi_ has 120 seconds left.
|
|t:|1776340480
|switch|p2a: Deoxys|Deoxys-Speed|22/100
|-ability|p2a: Deoxys|Pressure
|move|p1a: Mr. Freeze|Freeze-Dry|p2a: Deoxys
|-damage|p2a: Deoxys|0 fnt
|faint|p2a: Deoxys
|
|-heal|p1a: Mr. Freeze|63/100|[from] item: Leftovers
|upkeep
|inactive|Adoumi_ has 120 seconds left.
|
|t:|1776340495
|switch|p2a: Quaquaval|Quaquaval, F|100/100
|turn|22
|inactive|Adoumi_ has 120 seconds left.
|inactive|gladdo has 120 seconds left.
|
|t:|1776340526
|move|p1a: Mr. Freeze|Draco Meteor|p2a: Quaquaval
|-damage|p2a: Quaquaval|5/100
|-unboost|p1a: Mr. Freeze|spa|2
|move|p2a: Quaquaval|Aqua Step|p1a: Mr. Freeze
|-resisted|p1a: Mr. Freeze
|-damage|p1a: Mr. Freeze|46/100
|-boost|p2a: Quaquaval|spe|1
|
|-heal|p2a: Quaquaval|11/100|[from] item: Leftovers
|-heal|p1a: Mr. Freeze|52/100|[from] item: Leftovers
|upkeep
|turn|23
|inactive|gladdo has 120 seconds left.
|inactive|Adoumi_ has 90 seconds left.
|
|t:|1776340562
|move|p2a: Quaquaval|Close Combat|p1a: Mr. Freeze
|-supereffective|p1a: Mr. Freeze
|-damage|p1a: Mr. Freeze|0 fnt
|-unboost|p2a: Quaquaval|def|1
|-unboost|p2a: Quaquaval|spd|1
|faint|p1a: Mr. Freeze
|-ability|p2a: Quaquaval|Moxie|boost
|-boost|p2a: Quaquaval|atk|1
|
|-heal|p2a: Quaquaval|17/100|[from] item: Leftovers
|upkeep
|
|t:|1776340574
|switch|p1a: Daenerys|Kingambit, F|100/100
|-activate|p1a: Daenerys|ability: Supreme Overlord
|-start|p1a: Daenerys|fallen2|[silent]
|turn|24
|
|t:|1776340579
|move|p1a: Daenerys|Sucker Punch||[still]
|-fail|p1a: Daenerys
|move|p2a: Quaquaval|Swords Dance|p2a: Quaquaval
|-boost|p2a: Quaquaval|atk|2
|
|-heal|p2a: Quaquaval|23/100|[from] item: Leftovers
|upkeep
|turn|25
|inactive|gladdo has 120 seconds left.
|
|t:|1776340588
|move|p1a: Daenerys|Sucker Punch||[still]
|-fail|p1a: Daenerys
|move|p2a: Quaquaval|Swords Dance|p2a: Quaquaval
|-boost|p2a: Quaquaval|atk|2
|
|-heal|p2a: Quaquaval|29/100|[from] item: Leftovers
|upkeep
|turn|26
|
|t:|1776340602
|move|p1a: Daenerys|Sucker Punch|p2a: Quaquaval
|-resisted|p2a: Quaquaval
|-damage|p2a: Quaquaval|0 fnt
|faint|p2a: Quaquaval
|-damage|p1a: Daenerys|91/100|[from] item: Life Orb
|
|upkeep
|
|t:|1776340613
|switch|p2a: Mamoswine|Mamoswine, F|100/100
|turn|27
|
|t:|1776340631
|-end|p1a: Daenerys|fallen2|[silent]
|switch|p1a: Chillionaire|Slowking-Galar, M, shiny|100/100
|move|p2a: Mamoswine|Stealth Rock|p1a: Chillionaire
|-sidestart|p1: gladdo|move: Stealth Rock
|
|upkeep
|turn|28
|
|t:|1776340638
|move|p2a: Mamoswine|Earthquake|p1a: Chillionaire
|-supereffective|p1a: Chillionaire
|-damage|p1a: Chillionaire|0 fnt
|faint|p1a: Chillionaire
|
|upkeep
|
|t:|1776340644
|switch|p1a: Kristine|Cinderace, F, shiny|75/100
|turn|29
|
|t:|1776340653
|-terastallize|p2a: Mamoswine|Fire
|move|p1a: Kristine|Will-O-Wisp|p2a: Mamoswine
|-immune|p2a: Mamoswine
|move|p2a: Mamoswine|Earthquake|p1a: Kristine
|-supereffective|p1a: Kristine
|-damage|p1a: Kristine|0 fnt
|faint|p1a: Kristine
|
|upkeep
|
|t:|1776340664
|switch|p1a: Homelandor|Landorus-Therian, M, shiny|100/100
|-damage|p1a: Homelandor|88/100|[from] Stealth Rock
|-ability|p1a: Homelandor|Intimidate|boost
|-unboost|p2a: Mamoswine|atk|1
|turn|30
|
|t:|1776340673
|switch|p2a: Quagsire|Quagsire, F|95/100
|move|p1a: Homelandor|Earth Power|p2a: Quagsire
|-damage|p2a: Quagsire|69/100
|
|-heal|p2a: Quagsire|75/100|[from] item: Leftovers
|upkeep
|turn|31
|
|t:|1776340682
|move|p1a: Homelandor|U-turn|p2a: Quagsire
|-damage|p2a: Quagsire|57/100
|
|t:|1776340685
|switch|p1a: Daenerys|Kingambit, F|91/100|[from] U-turn
|-damage|p1a: Daenerys|84/100|[from] Stealth Rock
|-activate|p1a: Daenerys|ability: Supreme Overlord
|-start|p1a: Daenerys|fallen4|[silent]
|move|p2a: Quagsire|Surf|p1a: Daenerys
|-damage|p1a: Daenerys|63/100
|
|-heal|p2a: Quagsire|63/100|[from] item: Leftovers
|upkeep
|turn|32
|
|t:|1776340709
|switch|p2a: Weezing|Weezing-Galar, M|80/100
|move|p1a: Daenerys|Swords Dance|p1a: Daenerys
|-boost|p1a: Daenerys|atk|2
|
|upkeep
|turn|33
|
|t:|1776340719
|move|p2a: Weezing|Will-O-Wisp|p1a: Daenerys
|-status|p1a: Daenerys|brn
|move|p1a: Daenerys|Iron Head|p2a: Weezing
|-supereffective|p2a: Weezing
|-damage|p2a: Weezing|0 fnt
|-damage|p1a: Daenerys|47/100 brn|[from] item: Rocky Helmet|[of] p2a: Weezing
|faint|p2a: Weezing
|-damage|p1a: Daenerys|37/100 brn|[from] item: Life Orb
|
|-damage|p1a: Daenerys|31/100 brn|[from] brn
|upkeep
|
|t:|1776340733
|switch|p2a: Mamoswine|Mamoswine, F, tera:Fire|100/100
|turn|34
|
|t:|1776340739
|move|p1a: Daenerys|Sucker Punch|p2a: Mamoswine
|-damage|p2a: Mamoswine|42/100
|-damage|p1a: Daenerys|14/100 brn|[from] item: Rocky Helmet|[of] p2a: Mamoswine
|-damage|p1a: Daenerys|4/100 brn|[from] item: Life Orb
|move|p2a: Mamoswine|Earthquake|p1a: Daenerys
|-supereffective|p1a: Daenerys
|-damage|p1a: Daenerys|0 fnt
|faint|p1a: Daenerys
|-end|p1a: Daenerys|fallen4|[silent]
|
|upkeep
|
|t:|1776340747
|switch|p1a: Homelandor|Landorus-Therian, M, shiny|88/100
|-damage|p1a: Homelandor|76/100|[from] Stealth Rock
|-ability|p1a: Homelandor|Intimidate|boost
|-unboost|p2a: Mamoswine|atk|1
|turn|35
|
|t:|1776340758
|switch|p2a: Dragonite|Dragonite, M|67/100 brn
|move|p1a: Homelandor|Psychic|p2a: Dragonite
|-damage|p2a: Dragonite|48/100 brn
|
|-damage|p2a: Dragonite|42/100 brn|[from] brn
|upkeep
|turn|36
|
|t:|1776340768
|move|p1a: Homelandor|U-turn|p2a: Dragonite
|-resisted|p2a: Dragonite
|-damage|p2a: Dragonite|33/100 brn
|move|p2a: Dragonite|Dragon Tail|p1a: Homelandor
|-damage|p1a: Homelandor|62/100
|-damage|p2a: Dragonite|17/100 brn|[from] item: Rocky Helmet|[of] p1a: Homelandor
|
|-damage|p2a: Dragonite|11/100 brn|[from] brn
|upkeep
|turn|37
|
|t:|1776340777
|move|p1a: Homelandor|Psychic|p2a: Dragonite
|-damage|p2a: Dragonite|0 fnt
|faint|p2a: Dragonite
|
|upkeep
|
|t:|1776340783
|switch|p2a: Mamoswine|Mamoswine, F, tera:Fire|42/100
|turn|38
|
|t:|1776340786
|move|p2a: Mamoswine|Ice Shard|p1a: Homelandor
|-supereffective|p1a: Homelandor
|-damage|p1a: Homelandor|0 fnt
|faint|p1a: Homelandor
|
|win|Adoumi_
|raw|gladdo's rating: 1211 &rarr; <strong>1188</strong><br />(-23 for losing)
|raw|Adoumi_'s rating: 1244 &rarr; <strong>1267</strong><br />(+23 for winning)
