|html|<div class="broadcast-blue"><strong>[Gen 9] OU is currently suspecting Tera Blast! For information on how to participate check out the <a href="https://www.smogon.com/tools/suspects/view/200">suspect thread</a>.</strong></div>
|j|☆big bod3
|j|☆Crashbuster
|t:|1776293517
|gametype|singles
|player|p1|big bod3|marshal|1111
|player|p2|Crashbuster|brycenman|1066
|gen|9
|tier|[Gen 9] OU
|rated|
|rule|HP Percentage Mod: HP is shown in percentages
|rule|Endless Battle Clause: Forcing endless battles is banned
|rule|Species Clause: Limit one of each Pokémon
|rule|OHKO Clause: OHKO moves are banned
|rule|Evasion Items Clause: Evasion items are banned
|rule|Evasion Moves Clause: Evasion moves are banned
|rule|Evasion Abilities Clause: Evasion abilities are banned
|rule|Sleep Moves Clause: Sleep-inducing moves are banned
|clearpoke
|poke|p1|Wo-Chien|
|poke|p1|Scrafty, F|
|poke|p1|Dondozo, M|
|poke|p1|Honchkrow, M|
|poke|p1|Pelipper, M|
|poke|p1|Basculegion-F, F|
|poke|p2|Magneton|
|poke|p2|Iron Valiant|
|poke|p2|Ribombee, M|
|poke|p2|Coalossal, F|
|poke|p2|Salamence, F|
|poke|p2|Basculegion-F, F|
|teampreview
|
|t:|1776293532
|teamsize|p1|6
|teamsize|p2|6
|start
|switch|p1a: Herald|Pelipper, M|100/100
|switch|p2a: Magneton|Magneton|100/100
|-weather|RainDance|[from] ability: Drizzle|[of] p1a: Herald
|turn|1
|
|t:|1776293541
|move|p2a: Magneton|Discharge|p1a: Herald
|-supereffective|p1a: Herald
|-damage|p1a: Herald|0 fnt
|faint|p1a: Herald
|
|-weather|RainDance|[upkeep]
|upkeep
|
|t:|1776293546
|switch|p1a: Wo-Nade|Wo-Chien|100/100
|-ability|p1a: Wo-Nade|Tablets of Ruin
|turn|2
|
|t:|1776293552
|-terastallize|p2a: Magneton|Bug
|move|p1a: Wo-Nade|Body Press|p2a: Magneton
|-resisted|p2a: Magneton
|-damage|p2a: Magneton|93/100
|move|p2a: Magneton|Tera Blast|p1a: Wo-Nade|[anim] Tera Blast Bug
|-supereffective|p1a: Wo-Nade
|-damage|p1a: Wo-Nade|26/100
|
|-weather|RainDance|[upkeep]
|upkeep
|turn|3
|
|t:|1776293570
|move|p2a: Magneton|Discharge|p1a: Wo-Nade
|-resisted|p1a: Wo-Nade
|-damage|p1a: Wo-Nade|19/100
|move|p1a: Wo-Nade|Body Slam|p2a: Magneton
|-damage|p2a: Magneton|74/100
|
|-weather|RainDance|[upkeep]
|upkeep
|turn|4
|
|t:|1776293579
|move|p1a: Wo-Nade|Body Slam|p2a: Magneton
|-damage|p2a: Magneton|57/100
|move|p2a: Magneton|Tera Blast|p1a: Wo-Nade|[anim] Tera Blast Bug
|-supereffective|p1a: Wo-Nade
|-damage|p1a: Wo-Nade|0 fnt
|faint|p1a: Wo-Nade
|
|-weather|RainDance|[upkeep]
|upkeep
|
|t:|1776293590
|switch|p1a: Hon|Honchkrow, M|100/100
|turn|5
|
|t:|1776293598
|move|p1a: Hon|Air Slash|p2a: Magneton|[miss]
|-miss|p1a: Hon|p2a: Magneton
|move|p2a: Magneton|Discharge|p1a: Hon
|-supereffective|p1a: Hon
|-damage|p1a: Hon|26/100
|-status|p1a: Hon|par
|
|-weather|RainDance|[upkeep]
|upkeep
|turn|6
|
|t:|1776293609
|move|p2a: Magneton|Flash Cannon|p1a: Hon
|-damage|p1a: Hon|0 fnt
|faint|p1a: Hon
|
|-weather|RainDance|[upkeep]
|upkeep
|
|t:|1776293614
|switch|p1a: Crafty|Scrafty, F|100/100
|turn|7
|
|t:|1776293620
|move|p1a: Crafty|Fake Out|p2a: Magneton
|-damage|p2a: Magneton|48/100
|cant|p2a: Magneton|flinch
|
|-weather|RainDance|[upkeep]
|upkeep
|turn|8
|
|t:|1776293629
|-terastallize|p1a: Crafty|Dragon
|move|p2a: Magneton|Discharge|p1a: Crafty
|-resisted|p1a: Crafty
|-damage|p1a: Crafty|90/100
|-status|p1a: Crafty|par
|move|p1a: Crafty|Dragon Claw|p2a: Magneton
|-damage|p2a: Magneton|21/100
|
|-weather|none
|upkeep
|turn|9
|
|t:|1776293641
|move|p2a: Magneton|Flash Cannon|p1a: Crafty
|-damage|p1a: Crafty|70/100 par
|cant|p1a: Crafty|par
|
|upkeep
|turn|10
|
|t:|1776293650
|switch|p2a: Ribombee|Ribombee, M|100/100
|move|p1a: Crafty|Body Slam|p2a: Ribombee
|-damage|p2a: Ribombee|54/100
|
|upkeep
|turn|11
|
|t:|1776293660
|switch|p1a: Don|Dondozo, M|100/100
|move|p2a: Ribombee|Moonblast|p1a: Don
|-damage|p1a: Don|73/100
|
|upkeep
|turn|12
|
|t:|1776293672
|move|p2a: Ribombee|Moonblast|p1a: Don
|-damage|p1a: Don|49/100
|-unboost|p1a: Don|spa|1
|move|p1a: Don|Body Slam|p2a: Ribombee
|-damage|p2a: Ribombee|0 fnt
|faint|p2a: Ribombee
|
|upkeep
|
|t:|1776293680
|switch|p2a: Magneton|Magneton, tera:Bug|21/100
|turn|13
|
|t:|1776293688
|switch|p1a: Crafty|Scrafty, F, tera:Dragon|70/100 par
|move|p2a: Magneton|Discharge|p1a: Crafty
|-resisted|p1a: Crafty
|-damage|p1a: Crafty|57/100 par
|
|upkeep
|turn|14
|
|t:|1776293697
|switch|p2a: Iron Valiant|Iron Valiant|100/100
|move|p1a: Crafty|Brick Break|p2a: Iron Valiant
|-resisted|p2a: Iron Valiant
|-damage|p2a: Iron Valiant|77/100
|
|upkeep
|turn|15
|
|t:|1776293708
|move|p2a: Iron Valiant|Ice Punch|p1a: Crafty
|-supereffective|p1a: Crafty
|-damage|p1a: Crafty|2/100 par
|move|p1a: Crafty|Body Slam|p2a: Iron Valiant
|-damage|p2a: Iron Valiant|46/100
|
|upkeep
|turn|16
|
|t:|1776293715
|switch|p1a: Don|Dondozo, M|49/100
|move|p2a: Iron Valiant|Drain Punch|p1a: Don
|-damage|p1a: Don|26/100
|-heal|p2a: Iron Valiant|66/100|[from] drain|[of] p1a: Don
|
|upkeep
|turn|17
|
|t:|1776293729
|move|p2a: Iron Valiant|Knock Off|p1a: Don
|-damage|p1a: Don|5/100
|-enditem|p1a: Don|Assault Vest|[from] move: Knock Off|[of] p2a: Iron Valiant
|move|p1a: Don|Avalanche|p2a: Iron Valiant
|-damage|p2a: Iron Valiant|20/100
|
|upkeep
|turn|18
|
|t:|1776293736
|move|p2a: Iron Valiant|Poison Jab|p1a: Don
|-damage|p1a: Don|0 fnt
|faint|p1a: Don
|
|upkeep
|
|t:|1776293740
|switch|p1a: Lemona|Basculegion-F, F, shiny|100/100
|turn|19
|
|t:|1776293756
|move|p2a: Iron Valiant|Knock Off|p1a: Lemona
|-supereffective|p1a: Lemona
|-damage|p1a: Lemona|5/100
|-enditem|p1a: Lemona|Assault Vest|[from] move: Knock Off|[of] p2a: Iron Valiant
|move|p1a: Lemona|Ice Beam|p2a: Iron Valiant
|-damage|p2a: Iron Valiant|0 fnt
|faint|p2a: Iron Valiant
|-end|p2a: Iron Valiant|Quark Drive|[silent]
|
|upkeep
|
|t:|1776293763
|switch|p2a: Basculegion|Basculegion-F, F|100/100
|turn|20
|
|t:|1776293768
|move|p2a: Basculegion|Aqua Jet|p1a: Lemona
|-resisted|p1a: Lemona
|-damage|p1a: Lemona|0 fnt
|faint|p1a: Lemona
|
|upkeep
|
|t:|1776293772
|switch|p1a: Crafty|Scrafty, F, tera:Dragon|2/100 par
|turn|21
|
|t:|1776293776
|move|p1a: Crafty|Fake Out|p2a: Basculegion
|-immune|p2a: Basculegion
|move|p2a: Basculegion|Aqua Jet|p1a: Crafty
|-resisted|p1a: Crafty
|-damage|p1a: Crafty|0 fnt
|faint|p1a: Crafty
|
|win|Crashbuster
|raw|big bod3's rating: 1111 &rarr; <strong>1083</strong><br />(-28 for losing)
|raw|Crashbuster's rating: 1066 &rarr; <strong>1100</strong><br />(+34 for winning)
