|html|<div class="broadcast-blue"><strong>[Gen 9] OU is currently suspecting Tera Blast! For information on how to participate check out the <a href="https://www.smogon.com/tools/suspects/view/200">suspect thread</a>.</strong></div>
|j|☆MASTEROFALLCREATE
|j|☆parkinglot12321
|t:|1776112926
|gametype|singles
|player|p1|MASTEROFALLCREATE|pokefan-gen4|1161
|player|p2|parkinglot12321|crasherwake|1162
|gen|9
|tier|[Gen 9] OU
|rated|
|rule|HP Percentage Mod: HP is shown in percentages
|rule|Endless Battle Clause: Forcing endless battles is banned
|rule|Species Clause: Limit one of each Pokémon
|rule|OHKO Clause: OHKO moves are banned
|rule|Evasion Items Clause: Evasion items are banned
|rule|Evasion Moves Clause: Evasion moves are banned
|rule|Evasion Abilities Clause: Evasion abilities are banned
|rule|Sleep Moves Clause: Sleep-inducing moves are banned
|clearpoke
|poke|p1|Rillaboom, F|
|poke|p1|Ambipom, F|
|poke|p1|Carbink|
|poke|p1|Bronzong|
|poke|p1|Eelektross, F|
|poke|p1|Tentacruel, M|
|poke|p2|Pelipper, M|
|poke|p2|Barraskewda, M|
|poke|p2|Zapdos|
|poke|p2|Kingdra, M|
|poke|p2|Gliscor, M|
|poke|p2|Ludicolo, F|
|teampreview
|inactive|Battle timer is ON: inactive players will automatically lose when time's up. (requested by parkinglot12321)
|
|t:|1776112936
|teamsize|p1|6
|teamsize|p2|6
|start
|switch|p1a: Ambipom|Ambipom, F|100/100
|switch|p2a: biggest bird|Pelipper, M, shiny|100/100
|-weather|RainDance|[from] ability: Drizzle|[of] p2a: biggest bird
|turn|1
|inactive|parkinglot12321 has 120 seconds left.
|inactive|parkinglot12321 has 90 seconds left.
|
|t:|1776112996
|move|p1a: Ambipom|Fake Out|p2a: biggest bird
|-damage|p2a: biggest bird|63/100
|-damage|p1a: Ambipom|91/100|[from] item: Life Orb
|cant|p2a: biggest bird|flinch
|
|-weather|RainDance|[upkeep]
|upkeep
|turn|2
|
|t:|1776113005
|switch|p1a: Eelektross|Eelektross, F|100/100
|move|p2a: biggest bird|Knock Off|p1a: Eelektross
|-damage|p1a: Eelektross|88/100
|-enditem|p1a: Eelektross|Assault Vest|[from] move: Knock Off|[of] p2a: biggest bird
|
|-weather|RainDance|[upkeep]
|upkeep
|turn|3
|
|t:|1776113013
|switch|p2a: little bird|Gliscor, M, shiny|100/100
|move|p1a: Eelektross|U-turn|p2a: little bird
|-resisted|p2a: little bird
|-damage|p2a: little bird|92/100
|
|t:|1776113019
|switch|p1a: Ambipom|Ambipom, F|91/100|[from] U-turn
|
|-weather|RainDance|[upkeep]
|-status|p2a: little bird|tox|[from] item: Toxic Orb
|upkeep
|turn|4
|
|t:|1776113033
|move|p1a: Ambipom|Fake Out|p2a: little bird
|-damage|p2a: little bird|58/100 tox
|-damage|p1a: Ambipom|81/100|[from] item: Life Orb
|cant|p2a: little bird|flinch
|
|-weather|RainDance|[upkeep]
|-heal|p2a: little bird|70/100 tox|[from] ability: Poison Heal
|upkeep
|turn|5
|
|t:|1776113038
|move|p1a: Ambipom|Triple Axel|p2a: little bird
|-supereffective|p2a: little bird
|-damage|p2a: little bird|27/100 tox
|-supereffective|p2a: little bird
|-damage|p2a: little bird|0 fnt
|faint|p2a: little bird
|-hitcount|p2: little bird|2
|-damage|p1a: Ambipom|71/100|[from] item: Life Orb
|
|-weather|RainDance|[upkeep]
|upkeep
|
|t:|1776113044
|switch|p2a: sushi|Barraskewda, M, shiny|100/100
|turn|6
|
|t:|1776113052
|switch|p1a: Rillaboom|Rillaboom, F|100/100
|-fieldstart|move: Grassy Terrain|[from] ability: Grassy Surge|[of] p1a: Rillaboom
|move|p2a: sushi|Waterfall|p1a: Rillaboom
|-resisted|p1a: Rillaboom
|-damage|p1a: Rillaboom|52/100
|-damage|p2a: sushi|91/100|[from] item: Life Orb
|
|-weather|RainDance|[upkeep]
|-heal|p2a: sushi|97/100|[from] Grassy Terrain
|-heal|p1a: Rillaboom|59/100|[from] Grassy Terrain
|upkeep
|turn|7
|inactive|parkinglot12321 has 120 seconds left.
|
|t:|1776113062
|move|p1a: Rillaboom|Grassy Glide|p2a: sushi
|-supereffective|p2a: sushi
|-damage|p2a: sushi|0 fnt
|faint|p2a: sushi
|
|-weather|RainDance|[upkeep]
|-heal|p1a: Rillaboom|65/100|[from] Grassy Terrain
|upkeep
|
|t:|1776113067
|switch|p2a: senor pineapple|Ludicolo, F|100/100
|turn|8
|
|t:|1776113082
|switch|p1a: Eelektross|Eelektross, F|88/100
|move|p2a: senor pineapple|Ice Beam|p1a: Eelektross
|-damage|p1a: Eelektross|62/100
|
|-weather|none
|upkeep
|turn|9
|
|t:|1776113100
|move|p2a: senor pineapple|Rain Dance|p2a: senor pineapple
|-weather|RainDance
|move|p1a: Eelektross|U-turn|p2a: senor pineapple
|-supereffective|p2a: senor pineapple
|-damage|p2a: senor pineapple|57/100
|
|t:|1776113113
|switch|p1a: Rillaboom|Rillaboom, F|65/100|[from] U-turn
|
|-weather|RainDance|[upkeep]
|-heal|p2a: senor pineapple|63/100|[from] ability: Rain Dish
|-heal|p1a: Rillaboom|71/100|[from] Grassy Terrain
|-heal|p2a: senor pineapple|69/100|[from] Grassy Terrain
|-heal|p2a: senor pineapple|75/100|[from] item: Leftovers
|upkeep
|turn|10
|
|t:|1776113122
|move|p1a: Rillaboom|U-turn|p2a: senor pineapple
|-supereffective|p2a: senor pineapple
|-damage|p2a: senor pineapple|0 fnt
|faint|p2a: senor pineapple
|-message|parkinglot12321 forfeited.
|
|win|MASTEROFALLCREATE
|raw|MASTEROFALLCREATE's rating: 1161 &rarr; <strong>1186</strong><br />(+25 for winning)
|raw|parkinglot12321's rating: 1162 &rarr; <strong>1137</strong><br />(-25 for losing)
|l|☆parkinglot12321
|player|p2|
|l|☆MASTEROFALLCREATE
|player|p1|
