|html|<div class="broadcast-blue"><strong>[Gen 9] OU is currently suspecting Tera Blast! For information on how to participate check out the <a href="https://www.smogon.com/tools/suspects/view/200">suspect thread</a>.</strong></div>
|j|☆psgom
|j|☆WhiteBug
|t:|1776036364
|gametype|singles
|player|p1|psgom|swimmerf|1183
|player|p2|WhiteBug|shauntal|1107
|gen|9
|tier|[Gen 9] OU
|rated|
|rule|HP Percentage Mod: HP is shown in percentages
|rule|Endless Battle Clause: Forcing endless battles is banned
|rule|Species Clause: Limit one of each Pokémon
|rule|OHKO Clause: OHKO moves are banned
|rule|Evasion Items Clause: Evasion items are banned
|rule|Evasion Moves Clause: Evasion moves are banned
|rule|Evasion Abilities Clause: Evasion abilities are banned
|rule|Sleep Moves Clause: Sleep-inducing moves are banned
|clearpoke
|poke|p1|Pelipper, F|
|poke|p1|Kingdra, M|
|poke|p1|Pecharunt|
|poke|p1|Iron Treads|
|poke|p1|Iron Valiant|
|poke|p1|Beartic, M|
|poke|p2|Golurk|
|poke|p2|Ninetales-Alola, F|
|poke|p2|Furret, M|
|poke|p2|Lucario, M|
|poke|p2|Gyarados, M|
|poke|p2|Darkrai|
|teampreview
|
|t:|1776036376
|teamsize|p1|6
|teamsize|p2|6
|start
|switch|p1a: Pecharunt|Pecharunt|100/100
|switch|p2a: Ninetales|Ninetales-Alola, F, shiny|100/100
|-weather|Snowscape|[from] ability: Snow Warning|[of] p2a: Ninetales
|turn|1
|
|t:|1776036388
|move|p2a: Ninetales|Aurora Veil|p2a: Ninetales
|-sidestart|p2: WhiteBug|move: Aurora Veil
|move|p1a: Pecharunt|Malignant Chain|p2a: Ninetales
|-supereffective|p2a: Ninetales
|-damage|p2a: Ninetales|66/100
|-status|p2a: Ninetales|tox
|-start|p2a: Ninetales|confusion|[from] ability: Poison Puppeteer|[of] p1a: Pecharunt
|
|-weather|Snowscape|[upkeep]
|-damage|p2a: Ninetales|60/100 tox|[from] psn
|upkeep
|turn|2
|
|t:|1776036405
|-activate|p2a: Ninetales|confusion
|move|p2a: Ninetales|Blizzard|p1a: Pecharunt
|-damage|p1a: Pecharunt|46/100
|move|p1a: Pecharunt|Parting Shot|p2a: Ninetales
|-unboost|p2a: Ninetales|atk|1
|-unboost|p2a: Ninetales|spa|1
|
|t:|1776036410
|switch|p1a: Pelipper|Pelipper, F|100/100|[from] Parting Shot
|-weather|RainDance|[from] ability: Drizzle|[of] p1a: Pelipper
|
|-weather|RainDance|[upkeep]
|-damage|p2a: Ninetales|48/100 tox|[from] psn
|upkeep
|turn|3
|
|t:|1776036429
|switch|p2a: Darkrai|Darkrai|100/100
|switch|p1a: Beartic|Beartic, M|100/100
|
|-weather|RainDance|[upkeep]
|upkeep
|turn|4
|
|t:|1776036439
|move|p1a: Beartic|Icicle Crash|p2a: Darkrai
|-damage|p2a: Darkrai|62/100
|-damage|p1a: Beartic|91/100|[from] item: Life Orb
|move|p2a: Darkrai|Focus Blast|p1a: Beartic
|-supereffective|p1a: Beartic
|-damage|p1a: Beartic|0 fnt
|faint|p1a: Beartic
|
|-weather|RainDance|[upkeep]
|upkeep
|
|t:|1776036447
|switch|p1a: Kingdra|Kingdra, M|100/100
|turn|5
|
|t:|1776036466
|move|p1a: Kingdra|Focus Energy|p1a: Kingdra
|-start|p1a: Kingdra|move: Focus Energy
|move|p2a: Darkrai|Focus Blast|p1a: Kingdra|[miss]
|-miss|p2a: Darkrai|p1a: Kingdra
|
|-weather|RainDance|[upkeep]
|-sideend|p2: WhiteBug|move: Aurora Veil
|upkeep
|turn|6
|
|t:|1776036479
|switch|p2a: Gyarados|Gyarados, M, shiny|100/100
|move|p1a: Kingdra|Hurricane|p2a: Gyarados
|-crit|p2a: Gyarados
|-damage|p2a: Gyarados|52/100
|
|-weather|RainDance|[upkeep]
|-heal|p2a: Gyarados|58/100|[from] item: Leftovers
|upkeep
|turn|7
|
|t:|1776036495
|-terastallize|p2a: Gyarados|Flying
|move|p1a: Kingdra|Draco Meteor|p2a: Gyarados
|-crit|p2a: Gyarados
|-damage|p2a: Gyarados|0 fnt
|-unboost|p1a: Kingdra|spa|2
|faint|p2a: Gyarados
|
|-weather|RainDance|[upkeep]
|upkeep
|
|t:|1776036500
|switch|p2a: Furret|Furret, M|100/100
|-item|p1a: Kingdra|Scope Lens|[from] ability: Frisk|[of] p2a: Furret
|turn|8
|
|t:|1776036511
|move|p1a: Kingdra|Draco Meteor|p2a: Furret
|-crit|p2a: Furret
|-damage|p2a: Furret|0 fnt
|-unboost|p1a: Kingdra|spa|2
|faint|p2a: Furret
|
|-weather|RainDance|[upkeep]
|upkeep
|
|t:|1776036519
|switch|p2a: Lucario|Lucario, M|100/100
|turn|9
|
|t:|1776036524
|move|p1a: Kingdra|Weather Ball|p2a: Lucario
|-crit|p2a: Lucario
|-damage|p2a: Lucario|0 fnt
|faint|p2a: Lucario
|
|-weather|none
|upkeep
|
|t:|1776036533
|switch|p2a: Darkrai|Darkrai|62/100
|turn|10
|
|t:|1776036556
|switch|p1a: Iron Valiant|Iron Valiant|100/100
|move|p2a: Darkrai|Thunder|p1a: Iron Valiant|[miss]
|-miss|p2a: Darkrai|p1a: Iron Valiant
|
|upkeep
|turn|11
|
|t:|1776036568
|switch|p2a: Golurk|Golurk, shiny|100/100
|-end|p1a: Iron Valiant|Quark Drive|[silent]
|switch|p1a: Iron Treads|Iron Treads|100/100
|
|upkeep
|turn|12
|
|t:|1776036579
|-end|p1a: Iron Treads|Quark Drive|[silent]
|switch|p1a: Pelipper|Pelipper, F|100/100
|-weather|RainDance|[from] ability: Drizzle|[of] p1a: Pelipper
|move|p2a: Golurk|Fire Punch|p1a: Pelipper
|-resisted|p1a: Pelipper
|-damage|p1a: Pelipper|95/100
|
|-weather|RainDance|[upkeep]
|upkeep
|turn|13
|
|t:|1776036591
|switch|p2a: Ninetales|Ninetales-Alola, F, shiny|48/100 tox
|-weather|Snowscape|[from] ability: Snow Warning|[of] p2a: Ninetales
|move|p1a: Pelipper|U-turn|p2a: Ninetales
|-resisted|p2a: Ninetales
|-damage|p2a: Ninetales|44/100 tox
|
|t:|1776036603
|switch|p1a: Iron Valiant|Iron Valiant|100/100|[from] U-turn
|
|-weather|Snowscape|[upkeep]
|-damage|p2a: Ninetales|38/100 tox|[from] psn
|upkeep
|turn|14
|
|t:|1776036610
|move|p1a: Iron Valiant|Aura Sphere|p2a: Ninetales
|-damage|p2a: Ninetales|0 fnt
|faint|p2a: Ninetales
|
|-weather|Snowscape|[upkeep]
|upkeep
|
|t:|1776036615
|switch|p2a: Darkrai|Darkrai|62/100
|turn|15
|inactive|Battle timer is ON: inactive players will automatically lose when time's up. (requested by WhiteBug)
|
|t:|1776036626
|-end|p1a: Iron Valiant|Quark Drive|[silent]
|switch|p1a: Iron Treads|Iron Treads|100/100
|move|p2a: Darkrai|Thunder|p1a: Iron Treads
|-immune|p1a: Iron Treads
|
|-weather|Snowscape|[upkeep]
|upkeep
|turn|16
|
|t:|1776036631
|switch|p2a: Golurk|Golurk, shiny|100/100
|move|p1a: Iron Treads|Volt Switch|p2a: Golurk
|-immune|p2a: Golurk
|
|-weather|Snowscape|[upkeep]
|upkeep
|turn|17
|
|t:|1776036642
|-end|p1a: Iron Treads|Quark Drive|[silent]
|switch|p1a: Pelipper|Pelipper, F|95/100
|-weather|RainDance|[from] ability: Drizzle|[of] p1a: Pelipper
|move|p2a: Golurk|Shadow Punch|p1a: Pelipper
|-damage|p1a: Pelipper|66/100
|
|-weather|RainDance|[upkeep]
|upkeep
|turn|18
|
|t:|1776036650
|switch|p2a: Darkrai|Darkrai|62/100
|move|p1a: Pelipper|Surf|p2a: Darkrai
|-damage|p2a: Darkrai|6/100
|
|-weather|RainDance|[upkeep]
|upkeep
|turn|19
|
|t:|1776036654
|move|p2a: Darkrai|Thunder|p1a: Pelipper
|-supereffective|p1a: Pelipper
|-damage|p1a: Pelipper|0 fnt
|faint|p1a: Pelipper
|
|-weather|RainDance|[upkeep]
|upkeep
|
|t:|1776036656
|switch|p1a: Kingdra|Kingdra, M|100/100
|turn|20
|
|t:|1776036666
|move|p1a: Kingdra|Hurricane|p2a: Darkrai
|-damage|p2a: Darkrai|0 fnt
|faint|p2a: Darkrai
|
|-weather|RainDance|[upkeep]
|upkeep
|
|t:|1776036668
|switch|p2a: Golurk|Golurk, shiny|100/100
|turn|21
|
|t:|1776036675
|move|p1a: Kingdra|Weather Ball|p2a: Golurk
|-supereffective|p2a: Golurk
|-damage|p2a: Golurk|10/100
|move|p2a: Golurk|Shadow Punch|p1a: Kingdra
|-crit|p1a: Kingdra
|-damage|p1a: Kingdra|25/100
|
|-weather|RainDance|[upkeep]
|upkeep
|turn|22
|
|t:|1776036685
|move|p1a: Kingdra|Weather Ball|p2a: Golurk
|-supereffective|p2a: Golurk
|-crit|p2a: Golurk
|-damage|p2a: Golurk|0 fnt
|faint|p2a: Golurk
|
|win|psgom
|raw|psgom's rating: 1183 &rarr; <strong>1203</strong><br />(+20 for winning)
|raw|WhiteBug's rating: 1107 &rarr; <strong>1087</strong><br />(-20 for losing)
|l|☆psgom
|player|p1|
|l|☆WhiteBug
|player|p2|
