|html|<div class="broadcast-blue"><strong>[Gen 9] OU is currently suspecting Volcarona! For information on how to participate check out the <a href="https://www.smogon.com/tools/suspects/view/208">suspect thread</a>.</strong></div>
|j|☆whentherisefalls
|j|☆aizennenr
|t:|1778506135
|gametype|singles
|player|p1|whentherisefalls|lady-gen4|1567
|player|p2|aizennenr|2|1588
|gen|9
|tier|[Gen 9] OU
|rated|
|rule|HP Percentage Mod: HP is shown in percentages
|rule|Endless Battle Clause: Forcing endless battles is banned
|rule|Species Clause: Limit one of each Pokémon
|rule|OHKO Clause: OHKO moves are banned
|rule|Evasion Items Clause: Evasion items are banned
|rule|Evasion Moves Clause: Evasion moves are banned
|rule|Evasion Abilities Clause: Evasion abilities are banned
|rule|Sleep Moves Clause: Sleep-inducing moves are banned
|clearpoke
|poke|p1|Great Tusk|
|poke|p1|Hatterene, F|
|poke|p1|Raging Bolt|
|poke|p1|Walking Wake|
|poke|p1|Ninetales, F|
|poke|p1|Ceruledge, F|
|poke|p2|Keldeo-Resolute|
|poke|p2|Tornadus-Therian, M|
|poke|p2|Hydrapple, F|
|poke|p2|Corviknight, F|
|poke|p2|Tyranitar, F|
|poke|p2|Excadrill, F|
|teampreview
|
|t:|1778506152
|teamsize|p1|6
|teamsize|p2|6
|start
|switch|p1a: Ninetales|Ninetales, F|100/100
|switch|p2a: Tyranitar|Tyranitar, F|100/100
|-weather|SunnyDay|[from] ability: Drought|[of] p1a: Ninetales
|-weather|Sandstorm|[from] ability: Sand Stream|[of] p2a: Tyranitar
|turn|1
|
|t:|1778506160
|switch|p1a: Hatterene|Hatterene, F|100/100
|move|p2a: Tyranitar|Knock Off|p1a: Hatterene
|-damage|p1a: Hatterene|62/100
|-enditem|p1a: Hatterene|Eject Button|[from] move: Knock Off|[of] p2a: Tyranitar
|
|-weather|Sandstorm|[upkeep]
|-damage|p1a: Hatterene|56/100|[from] Sandstorm
|upkeep
|turn|2
|
|t:|1778506173
|move|p2a: Tyranitar|Earthquake|p1a: Hatterene
|-damage|p1a: Hatterene|32/100
|move|p1a: Hatterene|Dazzling Gleam|p2a: Tyranitar
|-supereffective|p2a: Tyranitar
|-damage|p2a: Tyranitar|73/100
|
|-weather|Sandstorm|[upkeep]
|-damage|p1a: Hatterene|26/100|[from] Sandstorm
|upkeep
|turn|3
|
|t:|1778506184
|switch|p2a: Excadrill|Excadrill, F|100/100
|-item|p2a: Excadrill|Air Balloon
|switch|p1a: Tung God Tusk|Great Tusk|100/100
|
|-weather|Sandstorm|[upkeep]
|upkeep
|turn|4
|
|t:|1778506193
|switch|p2a: Corviknight|Corviknight, F|100/100
|-ability|p2a: Corviknight|Pressure
|move|p1a: Tung God Tusk|Temper Flare|p2a: Corviknight
|-supereffective|p2a: Corviknight
|-damage|p2a: Corviknight|67/100
|-damage|p1a: Tung God Tusk|84/100|[from] item: Rocky Helmet|[of] p2a: Corviknight
|
|-weather|Sandstorm|[upkeep]
|upkeep
|turn|5
|
|t:|1778506205
|move|p1a: Tung God Tusk|Rapid Spin|p2a: Corviknight
|-resisted|p2a: Corviknight
|-damage|p2a: Corviknight|61/100
|-boost|p1a: Tung God Tusk|spe|1
|-damage|p1a: Tung God Tusk|67/100|[from] item: Rocky Helmet|[of] p2a: Corviknight
|move|p2a: Corviknight|Brave Bird|p1a: Tung God Tusk
|-supereffective|p1a: Tung God Tusk
|-damage|p1a: Tung God Tusk|11/100
|-damage|p2a: Corviknight|44/100|[from] Recoil
|
|-weather|Sandstorm|[upkeep]
|upkeep
|turn|6
|
|t:|1778506235
|-terastallize|p1a: Tung God Tusk|Fire
|move|p1a: Tung God Tusk|Temper Flare|p2a: Corviknight
|-supereffective|p2a: Corviknight
|-damage|p2a: Corviknight|0 fnt
|-damage|p1a: Tung God Tusk|0 fnt|[from] item: Rocky Helmet|[of] p2a: Corviknight
|faint|p2a: Corviknight
|faint|p1a: Tung God Tusk
|-end|p1a: Tung God Tusk|Protosynthesis|[silent]
|
|-weather|Sandstorm|[upkeep]
|upkeep
|
|t:|1778506248
|switch|p1a: Ninetales|Ninetales, F|100/100
|switch|p2a: Tyranitar|Tyranitar, F|73/100
|-weather|SunnyDay|[from] ability: Drought|[of] p1a: Ninetales
|-weather|Sandstorm|[from] ability: Sand Stream|[of] p2a: Tyranitar
|turn|7
|
|t:|1778506259
|switch|p1a: Hatterene|Hatterene, F|26/100
|move|p2a: Tyranitar|Earthquake|p1a: Hatterene
|-damage|p1a: Hatterene|3/100
|
|-weather|Sandstorm|[upkeep]
|-damage|p1a: Hatterene|0 fnt|[from] Sandstorm
|faint|p1a: Hatterene
|upkeep
|
|t:|1778506264
|switch|p1a: Ninetales|Ninetales, F|100/100
|-weather|SunnyDay|[from] ability: Drought|[of] p1a: Ninetales
|turn|8
|
|t:|1778506274
|move|p1a: Ninetales|Overheat|p2a: Tyranitar
|-resisted|p2a: Tyranitar
|-damage|p2a: Tyranitar|52/100
|-unboost|p1a: Ninetales|spa|2
|move|p2a: Tyranitar|Stealth Rock|p1a: Ninetales
|-sidestart|p1: whentherisefalls|move: Stealth Rock
|
|-weather|SunnyDay|[upkeep]
|upkeep
|turn|9
|
|t:|1778506280
|move|p1a: Ninetales|Encore|p2a: Tyranitar
|-start|p2a: Tyranitar|Encore
|move|p2a: Tyranitar|Stealth Rock||[still]
|-fail|p2a: Tyranitar
|
|-weather|SunnyDay|[upkeep]
|upkeep
|turn|10
|
|t:|1778506302
|switch|p1a: Raging Bolt|Raging Bolt|100/100
|-damage|p1a: Raging Bolt|88/100|[from] Stealth Rock
|-activate|p1a: Raging Bolt|ability: Protosynthesis
|-start|p1a: Raging Bolt|protosynthesisspa
|switch|p2a: Keldeo|Keldeo-Resolute|100/100
|
|-weather|SunnyDay|[upkeep]
|upkeep
|turn|11
|
|t:|1778506324
|move|p2a: Keldeo|Secret Sword|p1a: Raging Bolt
|-crit|p1a: Raging Bolt
|-damage|p1a: Raging Bolt|1/100
|move|p1a: Raging Bolt|Dragon Pulse|p2a: Keldeo
|-damage|p2a: Keldeo|7/100
|-damage|p1a: Raging Bolt|0 fnt|[from] item: Life Orb
|faint|p1a: Raging Bolt
|-end|p1a: Raging Bolt|Protosynthesis|[silent]
|
|-weather|SunnyDay|[upkeep]
|upkeep
|
|t:|1778506341
|switch|p1a: Walking Wake|Walking Wake|100/100
|-damage|p1a: Walking Wake|88/100|[from] Stealth Rock
|-activate|p1a: Walking Wake|ability: Protosynthesis
|-start|p1a: Walking Wake|protosynthesisspe
|turn|12
|
|t:|1778506354
|move|p1a: Walking Wake|Dragon Pulse|p2a: Keldeo
|-damage|p2a: Keldeo|0 fnt
|faint|p2a: Keldeo
|
|-weather|SunnyDay|[upkeep]
|upkeep
|
|t:|1778506362
|switch|p2a: Tyranitar|Tyranitar, F|52/100
|-weather|Sandstorm|[from] ability: Sand Stream|[of] p2a: Tyranitar
|-end|p1a: Walking Wake|Protosynthesis
|turn|13
|
|t:|1778506375
|-end|p1a: Walking Wake|Protosynthesis|[silent]
|switch|p1a: Ninetales|Ninetales, F|100/100
|-damage|p1a: Ninetales|76/100|[from] Stealth Rock
|-weather|SunnyDay|[from] ability: Drought|[of] p1a: Ninetales
|switch|p2a: Excadrill|Excadrill, F|100/100
|-item|p2a: Excadrill|Air Balloon
|
|-weather|SunnyDay|[upkeep]
|upkeep
|turn|14
|
|t:|1778506384
|switch|p1a: Walking Wake|Walking Wake|88/100
|-damage|p1a: Walking Wake|76/100|[from] Stealth Rock
|-activate|p1a: Walking Wake|ability: Protosynthesis
|-start|p1a: Walking Wake|protosynthesisspe
|switch|p2a: Tyranitar|Tyranitar, F|52/100
|-weather|Sandstorm|[from] ability: Sand Stream|[of] p2a: Tyranitar
|-end|p1a: Walking Wake|Protosynthesis
|
|-weather|Sandstorm|[upkeep]
|-damage|p1a: Walking Wake|70/100|[from] Sandstorm
|upkeep
|turn|15
|
|t:|1778506390
|switch|p2a: Tornadus|Tornadus-Therian, M|100/100
|move|p1a: Walking Wake|Hydro Steam|p2a: Tornadus
|-damage|p2a: Tornadus|58/100
|
|-weather|Sandstorm|[upkeep]
|-damage|p2a: Tornadus|52/100|[from] Sandstorm
|-damage|p1a: Walking Wake|64/100|[from] Sandstorm
|upkeep
|turn|16
|
|t:|1778506396
|-end|p1a: Walking Wake|Protosynthesis|[silent]
|switch|p1a: Ceruledge|Ceruledge, F|100/100
|-damage|p1a: Ceruledge|76/100|[from] Stealth Rock
|move|p2a: Tornadus|Bleakwind Storm|p1a: Ceruledge
|-damage|p1a: Ceruledge|35/100
|-unboost|p1a: Ceruledge|spe|1
|
|-weather|Sandstorm|[upkeep]
|-damage|p2a: Tornadus|46/100|[from] Sandstorm
|-damage|p1a: Ceruledge|29/100|[from] Sandstorm
|upkeep
|turn|17
|
|t:|1778506405
|move|p1a: Ceruledge|Shadow Sneak|p2a: Tornadus
|-damage|p2a: Tornadus|13/100
|-damage|p1a: Ceruledge|19/100|[from] item: Life Orb
|move|p2a: Tornadus|Knock Off|p1a: Ceruledge
|-supereffective|p1a: Ceruledge
|-damage|p1a: Ceruledge|0 fnt
|-enditem|p1a: Ceruledge|Life Orb|[from] move: Knock Off|[of] p2a: Tornadus
|faint|p1a: Ceruledge
|
|-weather|Sandstorm|[upkeep]
|-damage|p2a: Tornadus|7/100|[from] Sandstorm
|upkeep
|
|t:|1778506411
|switch|p1a: Ninetales|Ninetales, F|76/100
|-damage|p1a: Ninetales|51/100|[from] Stealth Rock
|-weather|SunnyDay|[from] ability: Drought|[of] p1a: Ninetales
|turn|18
|
|t:|1778506419
|move|p2a: Tornadus|Bleakwind Storm|p1a: Ninetales
|-damage|p1a: Ninetales|9/100
|move|p1a: Ninetales|Overheat|p2a: Tornadus
|-damage|p2a: Tornadus|0 fnt
|-unboost|p1a: Ninetales|spa|2
|faint|p2a: Tornadus
|
|-weather|SunnyDay|[upkeep]
|upkeep
|
|t:|1778506426
|switch|p2a: Tyranitar|Tyranitar, F|52/100
|-weather|Sandstorm|[from] ability: Sand Stream|[of] p2a: Tyranitar
|turn|19
|
|t:|1778506435
|move|p1a: Ninetales|Healing Wish|p1a: Ninetales
|faint|p1a: Ninetales
|move|p2a: Tyranitar|Earthquake|p1: Ninetales|[notarget]
|-fail|p2a: Tyranitar
|
|-weather|Sandstorm|[upkeep]
|upkeep
|
|t:|1778506437
|switch|p1a: Walking Wake|Walking Wake|64/100
|-heal|p1a: Walking Wake|100/100|[from] move: Healing Wish
|-damage|p1a: Walking Wake|88/100|[from] Stealth Rock
|turn|20
|
|t:|1778506449
|move|p1a: Walking Wake|Draco Meteor|p2a: Tyranitar
|-damage|p2a: Tyranitar|12/100
|-unboost|p1a: Walking Wake|spa|2
|move|p2a: Tyranitar|Earthquake|p1a: Walking Wake
|-damage|p1a: Walking Wake|58/100
|
|-weather|Sandstorm|[upkeep]
|-damage|p1a: Walking Wake|52/100|[from] Sandstorm
|upkeep
|turn|21
|-message|whentherisefalls forfeited.
|
|win|aizennenr
|raw|whentherisefalls's rating: 1567 &rarr; <strong>1548</strong><br />(-19 for losing)
|raw|aizennenr's rating: 1588 &rarr; <strong>1607</strong><br />(+19 for winning)
|l|☆whentherisefalls
|player|p1|
|l|☆aizennenr
|player|p2|
