|html|<div class="broadcast-blue"><strong>[Gen 9] OU is currently suspecting Tera Blast! For information on how to participate check out the <a href="https://www.smogon.com/tools/suspects/view/200">suspect thread</a>.</strong></div>
|j|☆Morthill
|j|☆susumalida
|t:|1776079054
|gametype|singles
|player|p1|Morthill|lucas|1459
|player|p2|susumalida|dawn|1439
|gen|9
|tier|[Gen 9] OU
|rated|
|rule|HP Percentage Mod: HP is shown in percentages
|rule|Endless Battle Clause: Forcing endless battles is banned
|rule|Species Clause: Limit one of each Pokémon
|rule|OHKO Clause: OHKO moves are banned
|rule|Evasion Items Clause: Evasion items are banned
|rule|Evasion Moves Clause: Evasion moves are banned
|rule|Evasion Abilities Clause: Evasion abilities are banned
|rule|Sleep Moves Clause: Sleep-inducing moves are banned
|clearpoke
|poke|p1|Heatran, M|
|poke|p1|Cetitan, M|
|poke|p1|Ninetales-Alola, M|
|poke|p1|Frosmoth, M|
|poke|p1|Kyurem|
|poke|p1|Avalugg, M|
|poke|p2|Skeledirge, M|
|poke|p2|Alomomola, F|
|poke|p2|Weezing-Galar, F|
|poke|p2|Zoroark-Hisui, M|
|poke|p2|Sinistcha|
|poke|p2|Tyranitar, M|
|teampreview
|inactive|Battle timer is ON: inactive players will automatically lose when time's up. (requested by Morthill)
|l|☆susumalida
|inactive|susumalida disconnected and has a minute to reconnect!
|player|p2|
|j|☆susumalida
|inactive|susumalida reconnected and has 120 seconds left.
|player|p2|susumalida|dawn|
|
|t:|1776079096
|teamsize|p1|6
|teamsize|p2|6
|start
|switch|p1a: Avalugg|Avalugg, M|100/100
|switch|p2a: Skeledirge|Skeledirge, M, shiny|100/100
|turn|1
|
|t:|1776079105
|switch|p1a: Heatran|Heatran, M|100/100
|move|p2a: Skeledirge|Shadow Ball|p1a: Heatran
|-damage|p1a: Heatran|59/100
|-unboost|p1a: Heatran|spd|1
|
|upkeep
|turn|2
|
|t:|1776079115
|move|p2a: Skeledirge|Shadow Ball|p1a: Heatran
|-damage|p1a: Heatran|0 fnt
|faint|p1a: Heatran
|
|upkeep
|
|t:|1776079122
|switch|p1a: Frosmoth|Frosmoth, M, shiny|100/100
|turn|3
|
|t:|1776079128
|switch|p2a: Tyranitar|Tyranitar, M|100/100
|-weather|Sandstorm|[from] ability: Sand Stream|[of] p2a: Tyranitar
|-terastallize|p1a: Frosmoth|Ground
|move|p1a: Frosmoth|Tera Blast|p2a: Tyranitar|[anim] Tera Blast Ground
|-supereffective|p2a: Tyranitar
|-damage|p2a: Tyranitar|68/100
|
|-weather|Sandstorm|[upkeep]
|-heal|p2a: Tyranitar|74/100|[from] item: Leftovers
|upkeep
|turn|4
|
|t:|1776079138
|switch|p1a: Ninetales|Ninetales-Alola, M, shiny|100/100
|-weather|Snowscape|[from] ability: Snow Warning|[of] p1a: Ninetales
|move|p2a: Tyranitar|Stealth Rock|p1a: Ninetales
|-sidestart|p1: Morthill|move: Stealth Rock
|
|-weather|Snowscape|[upkeep]
|-heal|p2a: Tyranitar|80/100|[from] item: Leftovers
|upkeep
|turn|5
|
|t:|1776079141
|switch|p2a: Weezing|Weezing-Galar, F|100/100
|move|p1a: Ninetales|Aurora Veil|p1a: Ninetales
|-sidestart|p1: Morthill|move: Aurora Veil
|
|-weather|Snowscape|[upkeep]
|upkeep
|turn|6
|
|t:|1776079146
|switch|p1a: Frosmoth|Frosmoth, M, shiny, tera:Ground|100/100
|move|p2a: Weezing|Sludge Bomb|p1a: Frosmoth
|-resisted|p1a: Frosmoth
|-damage|p1a: Frosmoth|97/100
|
|-weather|Snowscape|[upkeep]
|upkeep
|turn|7
|
|t:|1776079155
|move|p1a: Frosmoth|Ice Beam|p2a: Weezing
|-damage|p2a: Weezing|55/100
|move|p2a: Weezing|Will-O-Wisp|p1a: Frosmoth
|-status|p1a: Frosmoth|brn
|
|-weather|Snowscape|[upkeep]
|-heal|p2a: Weezing|61/100|[from] item: Leftovers
|-damage|p1a: Frosmoth|91/100 brn|[from] brn
|upkeep
|turn|8
|
|t:|1776079161
|switch|p2a: Alomomola|Alomomola, F|100/100
|move|p1a: Frosmoth|Quiver Dance|p1a: Frosmoth
|-boost|p1a: Frosmoth|spa|1
|-boost|p1a: Frosmoth|spd|1
|-boost|p1a: Frosmoth|spe|1
|
|-weather|none
|-damage|p1a: Frosmoth|85/100 brn|[from] brn
|upkeep
|turn|9
|
|t:|1776079168
|move|p1a: Frosmoth|Quiver Dance|p1a: Frosmoth
|-boost|p1a: Frosmoth|spa|1
|-boost|p1a: Frosmoth|spd|1
|-boost|p1a: Frosmoth|spe|1
|move|p2a: Alomomola|Flip Turn|p1a: Frosmoth
|-supereffective|p1a: Frosmoth
|-damage|p1a: Frosmoth|54/100 brn
|
|t:|1776079170
|switch|p2a: Skeledirge|Skeledirge, M, shiny|100/100|[from] Flip Turn
|
|-damage|p1a: Frosmoth|47/100 brn|[from] brn
|upkeep
|turn|10
|
|t:|1776079176
|switch|p2a: Weezing|Weezing-Galar, F|61/100
|move|p1a: Frosmoth|Tera Blast|p2a: Weezing|[anim] Tera Blast Ground
|-immune|p2a: Weezing|[from] ability: Levitate
|
|-heal|p2a: Weezing|67/100|[from] item: Leftovers
|-damage|p1a: Frosmoth|41/100 brn|[from] brn
|upkeep
|turn|11
|
|t:|1776079183
|switch|p2a: Skeledirge|Skeledirge, M, shiny|100/100
|move|p1a: Frosmoth|Ice Beam|p2a: Skeledirge
|-resisted|p2a: Skeledirge
|-damage|p2a: Skeledirge|75/100
|
|-damage|p1a: Frosmoth|35/100 brn|[from] brn
|upkeep
|turn|12
|
|t:|1776079190
|move|p1a: Frosmoth|Defog|p2a: Skeledirge
|-unboost|p2a: Skeledirge|evasion|1
|-sideend|p1: Morthill|Stealth Rock|[from] move: Defog|[of] p1a: Frosmoth
|move|p2a: Skeledirge|Slack Off|p2a: Skeledirge
|-heal|p2a: Skeledirge|100/100
|
|-damage|p1a: Frosmoth|29/100 brn|[from] brn
|-sideend|p1: Morthill|move: Aurora Veil
|upkeep
|turn|13
|
|t:|1776079201
|move|p1a: Frosmoth|Tera Blast|p2a: Skeledirge|[anim] Tera Blast Ground
|-supereffective|p2a: Skeledirge
|-damage|p2a: Skeledirge|12/100
|-enditem|p2a: Skeledirge|Weakness Policy
|-boost|p2a: Skeledirge|atk|2|[from] item: Weakness Policy
|-boost|p2a: Skeledirge|spa|2|[from] item: Weakness Policy
|move|p2a: Skeledirge|Torch Song|p1a: Frosmoth
|-damage|p1a: Frosmoth|0 fnt
|-boost|p2a: Skeledirge|spa|1
|faint|p1a: Frosmoth
|
|upkeep
|
|t:|1776079212
|switch|p1a: Cetitan|Cetitan, M, shiny|100/100
|turn|14
|
|t:|1776079216
|move|p1a: Cetitan|Earthquake|p2a: Skeledirge
|-supereffective|p2a: Skeledirge
|-damage|p2a: Skeledirge|0 fnt
|faint|p2a: Skeledirge
|
|upkeep
|
|t:|1776079224
|switch|p2a: Alomomola|Alomomola, F|100/100
|turn|15
|
|t:|1776079227
|move|p1a: Cetitan|Belly Drum|p1a: Cetitan
|-damage|p1a: Cetitan|50/100
|-setboost|p1a: Cetitan|atk|6|[from] move: Belly Drum
|-enditem|p1a: Cetitan|Sitrus Berry|[eat]
|-heal|p1a: Cetitan|75/100|[from] item: Sitrus Berry
|move|p2a: Alomomola|Flip Turn|p1a: Cetitan
|-crit|p1a: Cetitan
|-damage|p1a: Cetitan|52/100
|
|t:|1776079230
|switch|p2a: Sinistcha|Sinistcha|100/100|[from] Flip Turn
|
|upkeep
|turn|16
|
|t:|1776079237
|switch|p2a: Tyranitar|Tyranitar, M|80/100
|-weather|Sandstorm|[from] ability: Sand Stream|[of] p2a: Tyranitar
|move|p1a: Cetitan|Ice Shard|p2a: Tyranitar
|-damage|p2a: Tyranitar|21/100
|
|-weather|Sandstorm|[upkeep]
|-damage|p1a: Cetitan|46/100|[from] Sandstorm
|-heal|p2a: Tyranitar|27/100|[from] item: Leftovers
|upkeep
|turn|17
|
|t:|1776079244
|move|p2a: Tyranitar|Protect|p2a: Tyranitar
|-singleturn|p2a: Tyranitar|Protect
|move|p1a: Cetitan|Ice Shard|p2a: Tyranitar
|-activate|p2a: Tyranitar|move: Protect
|
|-weather|Sandstorm|[upkeep]
|-damage|p1a: Cetitan|39/100|[from] Sandstorm
|-heal|p2a: Tyranitar|34/100|[from] item: Leftovers
|upkeep
|turn|18
|
|t:|1776079248
|switch|p2a: Alomomola|Alomomola, F|100/100
|move|p1a: Cetitan|Ice Shard|p2a: Alomomola
|-resisted|p2a: Alomomola
|-damage|p2a: Alomomola|69/100
|
|-weather|Sandstorm|[upkeep]
|-damage|p1a: Cetitan|33/100|[from] Sandstorm
|-damage|p2a: Alomomola|62/100|[from] Sandstorm
|upkeep
|turn|19
|
|t:|1776079253
|move|p2a: Alomomola|Protect|p2a: Alomomola
|-singleturn|p2a: Alomomola|Protect
|move|p1a: Cetitan|Earthquake|p2a: Alomomola
|-activate|p2a: Alomomola|move: Protect
|
|-weather|Sandstorm|[upkeep]
|-damage|p1a: Cetitan|27/100|[from] Sandstorm
|-damage|p2a: Alomomola|56/100|[from] Sandstorm
|upkeep
|turn|20
|
|t:|1776079258
|switch|p2a: Weezing|Weezing-Galar, F|67/100
|move|p1a: Cetitan|Earthquake|p2a: Weezing
|-immune|p2a: Weezing|[from] ability: Levitate
|
|-weather|none
|-heal|p2a: Weezing|73/100|[from] item: Leftovers
|upkeep
|turn|21
|
|t:|1776079271
|-terastallize|p2a: Weezing|Steel
|move|p1a: Cetitan|Ice Shard|p2a: Weezing
|-resisted|p2a: Weezing
|-crit|p2a: Weezing
|-damage|p2a: Weezing|18/100
|move|p2a: Weezing|Will-O-Wisp|p1a: Cetitan
|-status|p1a: Cetitan|brn
|
|-heal|p2a: Weezing|24/100|[from] item: Leftovers
|-damage|p1a: Cetitan|21/100 brn|[from] brn
|upkeep
|turn|22
|
|t:|1776079281
|switch|p2a: Alomomola|Alomomola, F|90/100
|move|p1a: Cetitan|Ice Shard|p2a: Alomomola
|-resisted|p2a: Alomomola
|-damage|p2a: Alomomola|73/100
|
|-damage|p1a: Cetitan|15/100 brn|[from] brn
|upkeep
|turn|23
|
|t:|1776079286
|move|p2a: Alomomola|Protect|p2a: Alomomola
|-singleturn|p2a: Alomomola|Protect
|move|p1a: Cetitan|Ice Shard|p2a: Alomomola
|-activate|p2a: Alomomola|move: Protect
|
|-damage|p1a: Cetitan|9/100 brn|[from] brn
|upkeep
|turn|24
|
|t:|1776079296
|switch|p2a: Weezing|Weezing-Galar, F, tera:Steel|24/100
|move|p1a: Cetitan|Superpower|p2a: Weezing
|-supereffective|p2a: Weezing
|-damage|p2a: Weezing|0 fnt
|-unboost|p1a: Cetitan|atk|1
|-unboost|p1a: Cetitan|def|1
|faint|p2a: Weezing
|
|-damage|p1a: Cetitan|3/100 brn|[from] brn
|upkeep
|
|t:|1776079302
|switch|p2a: Alomomola|Alomomola, F|100/100
|turn|25
|
|t:|1776079307
|switch|p1a: Ninetales|Ninetales-Alola, M, shiny|100/100
|-weather|Snowscape|[from] ability: Snow Warning|[of] p1a: Ninetales
|move|p2a: Alomomola|Protect||[still]
|-fail|p2a: Alomomola
|
|-weather|Snowscape|[upkeep]
|upkeep
|turn|26
|
|t:|1776079309
|switch|p2a: Tyranitar|Tyranitar, M|34/100
|-weather|Sandstorm|[from] ability: Sand Stream|[of] p2a: Tyranitar
|move|p1a: Ninetales|Aurora Veil||[still]
|-fail|p1a: Ninetales
|
|-weather|Sandstorm|[upkeep]
|-damage|p1a: Ninetales|95/100|[from] Sandstorm
|-heal|p2a: Tyranitar|40/100|[from] item: Leftovers
|upkeep
|turn|27
|
|t:|1776079317
|move|p1a: Ninetales|Snowscape|p1a: Ninetales
|-weather|Snowscape
|move|p2a: Tyranitar|Stealth Rock|p1a: Ninetales
|-sidestart|p1: Morthill|move: Stealth Rock
|
|-weather|Snowscape|[upkeep]
|-heal|p2a: Tyranitar|46/100|[from] item: Leftovers
|upkeep
|turn|28
|
|t:|1776079323
|move|p1a: Ninetales|Aurora Veil|p1a: Ninetales
|-sidestart|p1: Morthill|move: Aurora Veil
|move|p2a: Tyranitar|Knock Off|p1a: Ninetales
|-resisted|p1a: Ninetales
|-damage|p1a: Ninetales|86/100
|-enditem|p1a: Ninetales|Light Clay|[from] move: Knock Off|[of] p2a: Tyranitar
|
|-weather|Snowscape|[upkeep]
|-heal|p2a: Tyranitar|52/100|[from] item: Leftovers
|upkeep
|turn|29
|
|t:|1776079332
|move|p1a: Ninetales|Blizzard|p2a: Tyranitar
|-damage|p2a: Tyranitar|32/100
|move|p2a: Tyranitar|Dragon Tail|p1a: Ninetales
|-immune|p1a: Ninetales
|
|-weather|Snowscape|[upkeep]
|-heal|p2a: Tyranitar|38/100|[from] item: Leftovers
|upkeep
|turn|30
|
|t:|1776079335
|move|p2a: Tyranitar|Protect|p2a: Tyranitar
|-singleturn|p2a: Tyranitar|Protect
|move|p1a: Ninetales|Blizzard|p2a: Tyranitar
|-activate|p2a: Tyranitar|move: Protect
|
|-weather|Snowscape|[upkeep]
|-heal|p2a: Tyranitar|45/100|[from] item: Leftovers
|upkeep
|turn|31
|
|t:|1776079339
|switch|p2a: Alomomola|Alomomola, F|100/100
|move|p1a: Ninetales|Blizzard|p2a: Alomomola
|-resisted|p2a: Alomomola
|-damage|p2a: Alomomola|89/100
|-status|p2a: Alomomola|frz
|
|-weather|none
|upkeep
|turn|32
|
|t:|1776079346
|switch|p1a: Kyurem|Kyurem|100/100
|-damage|p1a: Kyurem|76/100|[from] Stealth Rock
|-ability|p1a: Kyurem|Pressure
|cant|p2a: Alomomola|frz
|
|upkeep
|turn|33
|
|t:|1776079352
|switch|p2a: Tyranitar|Tyranitar, M|45/100
|-weather|Sandstorm|[from] ability: Sand Stream|[of] p2a: Tyranitar
|move|p1a: Kyurem|Freeze-Dry|p2a: Tyranitar
|-damage|p2a: Tyranitar|28/100
|
|-weather|Sandstorm|[upkeep]
|-damage|p1a: Kyurem|70/100|[from] Sandstorm
|-heal|p2a: Tyranitar|34/100|[from] item: Leftovers
|upkeep
|turn|34
|
|t:|1776079361
|switch|p2a: Alomomola|Alomomola, F|100/100 frz
|move|p1a: Kyurem|Freeze-Dry|p2a: Alomomola
|-supereffective|p2a: Alomomola
|-damage|p2a: Alomomola|39/100 frz
|
|-weather|Sandstorm|[upkeep]
|-damage|p1a: Kyurem|63/100|[from] Sandstorm
|-damage|p2a: Alomomola|33/100 frz|[from] Sandstorm
|upkeep
|turn|35
|
|t:|1776079367
|-curestatus|p2a: Alomomola|frz|[msg]
|move|p2a: Alomomola|Protect|p2a: Alomomola
|-singleturn|p2a: Alomomola|Protect
|move|p1a: Kyurem|Freeze-Dry|p2a: Alomomola
|-activate|p2a: Alomomola|move: Protect
|
|-weather|Sandstorm|[upkeep]
|-damage|p1a: Kyurem|57/100|[from] Sandstorm
|-damage|p2a: Alomomola|26/100|[from] Sandstorm
|-sideend|p1: Morthill|move: Aurora Veil
|upkeep
|turn|36
|
|t:|1776079377
|switch|p2a: Sinistcha|Sinistcha|100/100
|move|p1a: Kyurem|Freeze-Dry|p2a: Sinistcha
|-supereffective|p2a: Sinistcha
|-damage|p2a: Sinistcha|10/100
|
|-weather|Sandstorm|[upkeep]
|-damage|p1a: Kyurem|51/100|[from] Sandstorm
|-damage|p2a: Sinistcha|4/100|[from] Sandstorm
|-heal|p2a: Sinistcha|10/100|[from] item: Leftovers
|upkeep
|turn|37
|
|t:|1776079383
|move|p1a: Kyurem|Freeze-Dry|p2a: Sinistcha
|-supereffective|p2a: Sinistcha
|-damage|p2a: Sinistcha|0 fnt
|faint|p2a: Sinistcha
|
|-weather|none
|upkeep
|j| Lissantt
|
|t:|1776079386
|switch|p2a: Alomomola|Alomomola, F|100/100
|turn|38
|
|t:|1776079394
|switch|p1a: Ninetales|Ninetales-Alola, M, shiny|86/100
|-damage|p1a: Ninetales|61/100|[from] Stealth Rock
|-weather|Snowscape|[from] ability: Snow Warning|[of] p1a: Ninetales
|move|p2a: Alomomola|Shadow Ball|p1a: Ninetales
|-damage|p1a: Ninetales|14/100
|
|-weather|Snowscape|[upkeep]
|upkeep
|turn|39
|
|t:|1776079397
|move|p2a: Alomomola|Shadow Ball|p1a: Ninetales
|-damage|p1a: Ninetales|0 fnt
|faint|p1a: Ninetales
|
|-weather|Snowscape|[upkeep]
|upkeep
|
|t:|1776079402
|switch|p1a: Kyurem|Kyurem|51/100
|-damage|p1a: Kyurem|26/100|[from] Stealth Rock
|-ability|p1a: Kyurem|Pressure
|turn|40
|
|t:|1776079408
|move|p2a: Alomomola|Shadow Ball|p1a: Kyurem
|-damage|p1a: Kyurem|0 fnt
|faint|p1a: Kyurem
|
|-weather|Snowscape|[upkeep]
|upkeep
|
|t:|1776079412
|switch|p1a: Avalugg|Avalugg, M|100/100
|-damage|p1a: Avalugg|76/100|[from] Stealth Rock
|turn|41
|
|t:|1776079417
|switch|p2a: Tyranitar|Tyranitar, M|34/100
|-weather|Sandstorm|[from] ability: Sand Stream|[of] p2a: Tyranitar
|move|p1a: Avalugg|Rapid Spin|p2a: Tyranitar
|-resisted|p2a: Tyranitar
|-damage|p2a: Tyranitar|29/100
|-boost|p1a: Avalugg|spe|1
|-sideend|p1: Morthill|Stealth Rock|[from] move: Rapid Spin|[of] p1a: Avalugg
|
|-weather|Sandstorm|[upkeep]
|-damage|p1a: Avalugg|70/100|[from] Sandstorm
|-heal|p2a: Tyranitar|35/100|[from] item: Leftovers
|upkeep
|turn|42
|
|t:|1776079429
|move|p2a: Tyranitar|Stealth Rock|p1a: Avalugg
|-sidestart|p1: Morthill|move: Stealth Rock
|move|p1a: Avalugg|Body Press|p2a: Tyranitar
|-supereffective|p2a: Tyranitar
|-damage|p2a: Tyranitar|0 fnt
|faint|p2a: Tyranitar
|
|-weather|Sandstorm|[upkeep]
|-damage|p1a: Avalugg|63/100|[from] Sandstorm
|upkeep
|
|t:|1776079434
|switch|p2a: Alomomola|Alomomola, F|100/100
|turn|43
|
|t:|1776079439
|move|p2a: Alomomola|Shadow Ball|p1a: Avalugg
|-damage|p1a: Avalugg|0 fnt
|faint|p1a: Avalugg
|
|-weather|Sandstorm|[upkeep]
|-damage|p2a: Alomomola|95/100|[from] Sandstorm
|upkeep
|
|t:|1776079442
|switch|p1a: Cetitan|Cetitan, M, shiny|3/100 brn
|-damage|p1a: Cetitan|0 fnt|[from] Stealth Rock
|faint|p1a: Cetitan
|
|win|susumalida
|raw|Morthill's rating: 1459 &rarr; <strong>1438</strong><br />(-21 for losing)
|raw|susumalida's rating: 1439 &rarr; <strong>1460</strong><br />(+21 for winning)
|l|☆Morthill
|player|p1|
|l|☆susumalida
|player|p2|
