|html|<div class="broadcast-blue"><strong>[Gen 9] OU is currently suspecting Tera Blast! For information on how to participate check out the <a href="https://www.smogon.com/tools/suspects/view/200">suspect thread</a>.</strong></div>
|j|‽perplexed cucumber
|j|☆3idk
|t:|1776269689
|gametype|singles
|player|p1|perplexed cucumber|170|1451
|player|p2|3idk|cynthia-masters|1424
|gen|9
|tier|[Gen 9] OU
|rated|
|rule|HP Percentage Mod: HP is shown in percentages
|rule|Endless Battle Clause: Forcing endless battles is banned
|rule|Species Clause: Limit one of each Pokémon
|rule|OHKO Clause: OHKO moves are banned
|rule|Evasion Items Clause: Evasion items are banned
|rule|Evasion Moves Clause: Evasion moves are banned
|rule|Evasion Abilities Clause: Evasion abilities are banned
|rule|Sleep Moves Clause: Sleep-inducing moves are banned
|clearpoke
|poke|p1|Ogerpon-Wellspring, F|
|poke|p1|Greninja-*, M|
|poke|p1|Pelipper, M|
|poke|p1|Iron Treads|
|poke|p1|Barraskewda, M|
|poke|p1|Raging Bolt|
|poke|p2|Araquanid, M|
|poke|p2|Ceruledge, F|
|poke|p2|Enamorus, F|
|poke|p2|Iron Treads|
|poke|p2|Kingambit, M|
|poke|p2|Pecharunt|
|teampreview
|inactive|Battle timer is ON: inactive players will automatically lose when time's up. (requested by perplexed cucumber)
|inactive|3idk also wants the timer to be on.
|
|t:|1776269712
|teamsize|p1|6
|teamsize|p2|6
|start
|switch|p1a: Iron Treads|Iron Treads|100/100
|switch|p2a: Misty|Araquanid, M|100/100
|-enditem|p1a: Iron Treads|Booster Energy
|-activate|p1a: Iron Treads|ability: Quark Drive|[fromitem]
|-start|p1a: Iron Treads|quarkdrivespe
|turn|1
|
|t:|1776269717
|move|p1a: Iron Treads|Stealth Rock|p2a: Misty
|-sidestart|p2: 3idk|move: Stealth Rock
|move|p2a: Misty|Surf|p1a: Iron Treads
|-supereffective|p1a: Iron Treads
|-damage|p1a: Iron Treads|0 fnt
|faint|p1a: Iron Treads
|-end|p1a: Iron Treads|Quark Drive|[silent]
|
|upkeep
|
|t:|1776269734
|switch|p1a: Pelipper|Pelipper, M|100/100
|-weather|RainDance|[from] ability: Drizzle|[of] p1a: Pelipper
|turn|2
|
|t:|1776269740
|move|p1a: Pelipper|Hurricane|p2a: Misty
|-supereffective|p2a: Misty
|-damage|p2a: Misty|42/100
|move|p2a: Misty|Sticky Web|p1a: Pelipper
|-sidestart|p1: perplexed cucumber|move: Sticky Web
|
|-weather|RainDance|[upkeep]
|upkeep
|turn|3
|inactive|perplexed cucumber has 120 seconds left.
|
|t:|1776269774
|move|p2a: Misty|Endure|p2a: Misty
|-singleturn|p2a: Misty|move: Endure
|move|p1a: Pelipper|Hurricane|p2a: Misty
|-supereffective|p2a: Misty
|-activate|p2a: Misty|move: Endure
|-damage|p2a: Misty|1/100
|
|-weather|RainDance|[upkeep]
|upkeep
|turn|4
|-enditem|p2a: Misty|Custap Berry|[eat]
|-activate|p2a: Misty|item: Custap Berry|[consumed]
|
|t:|1776269788
|move|p2a: Misty|Endeavor|p1a: Pelipper
|-damage|p1a: Pelipper|1/100
|move|p1a: Pelipper|U-turn|p2a: Misty
|-damage|p2a: Misty|0 fnt
|faint|p2a: Misty
|inactive|perplexed cucumber has 120 seconds left.
|
|t:|1776269821
|switch|p1a: Greninja|Greninja, M|100/100|[from] U-turn
|-activate|p1a: Greninja|move: Sticky Web
|-unboost|p1a: Greninja|spe|1
|
|-weather|RainDance|[upkeep]
|upkeep
|
|t:|1776269826
|switch|p2a: Goddess|Enamorus, F|100/100
|-damage|p2a: Goddess|76/100|[from] Stealth Rock
|turn|5
|
|t:|1776269834
|-terastallize|p1a: Greninja|Water
|move|p1a: Greninja|Water Shuriken|p2a: Goddess
|-damage|p2a: Goddess|51/100
|-damage|p2a: Goddess|28/100
|-damage|p2a: Goddess|4/100
|-hitcount|p2a: Goddess|3
|-damage|p1a: Greninja|91/100|[from] item: Life Orb
|move|p2a: Goddess|Moonblast|p1a: Greninja
|-damage|p1a: Greninja|0 fnt
|faint|p1a: Greninja
|
|-weather|RainDance|[upkeep]
|upkeep
|
|t:|1776269842
|switch|p1a: Barraskewda|Barraskewda, M|100/100
|-activate|p1a: Barraskewda|move: Sticky Web
|-unboost|p1a: Barraskewda|spe|1
|turn|6
|
|t:|1776269845
|move|p1a: Barraskewda|Liquidation|p2a: Goddess
|-damage|p2a: Goddess|0 fnt
|faint|p2a: Goddess
|
|-weather|RainDance|[upkeep]
|upkeep
|
|t:|1776269850
|switch|p2a: Bewitched|Pecharunt|100/100
|-damage|p2a: Bewitched|88/100|[from] Stealth Rock
|-item|p2a: Bewitched|Air Balloon
|turn|7
|
|t:|1776269854
|move|p1a: Barraskewda|Liquidation|p2a: Bewitched
|-damage|p2a: Bewitched|13/100
|-enditem|p2a: Bewitched|Air Balloon
|move|p2a: Bewitched|Malignant Chain|p1a: Barraskewda
|-damage|p1a: Barraskewda|12/100
|
|-weather|RainDance|[upkeep]
|upkeep
|turn|8
|
|t:|1776269863
|move|p1a: Barraskewda|Liquidation|p2a: Bewitched
|-damage|p2a: Bewitched|0 fnt
|faint|p2a: Bewitched
|
|-weather|RainDance|[upkeep]
|upkeep
|
|t:|1776269866
|switch|p2a: Trouble|Kingambit, M|100/100
|-damage|p2a: Trouble|94/100|[from] Stealth Rock
|-activate|p2a: Trouble|ability: Supreme Overlord
|-start|p2a: Trouble|fallen3|[silent]
|turn|9
|
|t:|1776269884
|move|p2a: Trouble|Sucker Punch|p1a: Barraskewda
|-damage|p1a: Barraskewda|0 fnt
|faint|p1a: Barraskewda
|
|-weather|none
|upkeep
|
|t:|1776269886
|switch|p1a: Pelipper|Pelipper, M|1/100
|-weather|RainDance|[from] ability: Drizzle|[of] p1a: Pelipper
|turn|10
|
|t:|1776269890
|move|p2a: Trouble|Kowtow Cleave|p1a: Pelipper
|-damage|p1a: Pelipper|0 fnt
|faint|p1a: Pelipper
|
|-weather|RainDance|[upkeep]
|upkeep
|
|t:|1776269910
|switch|p1a: Raging Bolt|Raging Bolt|100/100
|-activate|p1a: Raging Bolt|move: Sticky Web
|-unboost|p1a: Raging Bolt|spe|1
|-enditem|p1a: Raging Bolt|Booster Energy
|-activate|p1a: Raging Bolt|ability: Protosynthesis|[fromitem]
|-start|p1a: Raging Bolt|protosynthesisspa
|turn|11
|
|t:|1776269916
|-end|p2a: Trouble|fallen3|[silent]
|switch|p2a: Promise|Iron Treads|100/100
|-damage|p2a: Promise|97/100|[from] Stealth Rock
|-enditem|p2a: Promise|Booster Energy
|-activate|p2a: Promise|ability: Quark Drive|[fromitem]
|-start|p2a: Promise|quarkdrivespe
|move|p1a: Raging Bolt|Thunder|p2a: Promise
|-immune|p2a: Promise
|
|-weather|RainDance|[upkeep]
|upkeep
|turn|12
|
|t:|1776269936
|move|p2a: Promise|Earth Power|p1a: Raging Bolt
|-supereffective|p1a: Raging Bolt
|-damage|p1a: Raging Bolt|42/100
|move|p1a: Raging Bolt|Dragon Pulse|p2a: Promise
|-resisted|p2a: Promise
|-damage|p2a: Promise|53/100
|
|-weather|RainDance|[upkeep]
|upkeep
|turn|13
|
|t:|1776269943
|-end|p1a: Raging Bolt|Protosynthesis|[silent]
|switch|p1a: Ogerpon|Ogerpon-Wellspring, F|100/100
|-activate|p1a: Ogerpon|move: Sticky Web
|-unboost|p1a: Ogerpon|spe|1
|move|p2a: Promise|Stealth Rock|p1a: Ogerpon
|-sidestart|p1: perplexed cucumber|move: Stealth Rock
|
|-weather|RainDance|[upkeep]
|upkeep
|turn|14
|
|t:|1776269954
|move|p2a: Promise|Rapid Spin|p1a: Ogerpon
|-damage|p1a: Ogerpon|87/100
|-boost|p2a: Promise|spe|1
|-sideend|p2: 3idk|Stealth Rock|[from] move: Rapid Spin|[of] p2a: Promise
|move|p1a: Ogerpon|Ivy Cudgel|p2a: Promise|[anim] Ivy Cudgel Water
|-supereffective|p2a: Promise
|-damage|p2a: Promise|0 fnt
|faint|p2a: Promise
|-end|p2a: Promise|Quark Drive|[silent]
|
|-weather|RainDance|[upkeep]
|upkeep
|
|t:|1776269961
|switch|p2a: Nocturne|Ceruledge, F|100/100
|turn|15
|
|t:|1776269964
|move|p2a: Nocturne|Poltergeist|p1a: Ogerpon
|-activate|p1a: Ogerpon|move: Poltergeist|Wellspring Mask
|-damage|p1a: Ogerpon|0 fnt
|faint|p1a: Ogerpon
|-damage|p2a: Nocturne|91/100|[from] item: Life Orb
|
|-weather|RainDance|[upkeep]
|upkeep
|
|t:|1776269966
|switch|p1a: Raging Bolt|Raging Bolt|42/100
|-activate|p1a: Raging Bolt|move: Sticky Web
|-unboost|p1a: Raging Bolt|spe|1
|-damage|p1a: Raging Bolt|30/100|[from] Stealth Rock
|turn|16
|
|t:|1776269974
|-terastallize|p2a: Nocturne|Fairy
|move|p2a: Nocturne|Tera Blast|p1a: Raging Bolt|[anim] Tera Blast Fairy
|-supereffective|p1a: Raging Bolt
|-damage|p1a: Raging Bolt|0 fnt
|faint|p1a: Raging Bolt
|-end|p1a: Raging Bolt|Protosynthesis|[silent]
|-damage|p2a: Nocturne|81/100|[from] item: Life Orb
|
|win|3idk
|raw|perplexed cucumber's rating: 1432 &rarr; <strong>1412</strong><br />(-20 for losing)
|raw|3idk's rating: 1424 &rarr; <strong>1444</strong><br />(+20 for winning)
|l|‽perplexed cucumber
|player|p1|
