|html|<div class="broadcast-blue"><strong>[Gen 9] OU is currently suspecting Tera Blast! For information on how to participate check out the <a href="https://www.smogon.com/tools/suspects/view/200">suspect thread</a>.</strong></div>
|j|☆Kingtrainer
|j|☆zapplabob
|t:|1776291764
|gametype|singles
|player|p1|Kingtrainer|169|1578
|player|p2|zapplabob|skier|1586
|gen|9
|tier|[Gen 9] OU
|rated|
|rule|HP Percentage Mod: HP is shown in percentages
|rule|Endless Battle Clause: Forcing endless battles is banned
|rule|Species Clause: Limit one of each Pokémon
|rule|OHKO Clause: OHKO moves are banned
|rule|Evasion Items Clause: Evasion items are banned
|rule|Evasion Moves Clause: Evasion moves are banned
|rule|Evasion Abilities Clause: Evasion abilities are banned
|rule|Sleep Moves Clause: Sleep-inducing moves are banned
|clearpoke
|poke|p1|Clefable, M|
|poke|p1|Moltres|
|poke|p1|Kingambit, F|
|poke|p1|Great Tusk|
|poke|p1|Kyurem|
|poke|p1|Rillaboom, M|
|poke|p2|Skeledirge, M|
|poke|p2|Ogerpon-Wellspring, F|
|poke|p2|Dragapult, M|
|poke|p2|Weezing-Galar, F|
|poke|p2|Ting-Lu|
|poke|p2|Corviknight, F|
|teampreview
|inactive|Battle timer is ON: inactive players will automatically lose when time's up. (requested by Kingtrainer)
|inactive|zapplabob has 120 seconds left.
|
|t:|1776291814
|teamsize|p1|6
|teamsize|p2|6
|start
|switch|p1a: here comes t boom|Rillaboom, M|100/100
|switch|p2a: FUCK|Ogerpon-Wellspring, F|100/100
|-fieldstart|move: Grassy Terrain|[from] ability: Grassy Surge|[of] p1a: here comes t boom
|turn|1
|
|t:|1776291823
|switch|p2a: "THE FONZ"|Weezing-Galar, F|100/100
|-ability|p2a: "THE FONZ"|Neutralizing Gas
|move|p1a: here comes t boom|Grassy Glide|p2a: "THE FONZ"
|-resisted|p2a: "THE FONZ"
|-damage|p2a: "THE FONZ"|79/100
|
|-heal|p2a: "THE FONZ"|85/100|[from] Grassy Terrain
|upkeep
|turn|2
|j| Ctannn
|
|t:|1776291830
|switch|p1a: WP|Kyurem|100/100
|move|p2a: "THE FONZ"|Will-O-Wisp|p1a: WP
|-status|p1a: WP|brn
|
|-heal|p2a: "THE FONZ"|91/100|[from] Grassy Terrain
|-damage|p1a: WP|94/100 brn|[from] brn
|upkeep
|turn|3
|l| Ctannn
|
|t:|1776291838
|-end|p2a: "THE FONZ"|ability: Neutralizing Gas
|-ability|p1a: WP|Pressure
|switch|p2a: MONTY MOLE|Corviknight, F|100/100
|-ability|p2a: MONTY MOLE|Pressure
|move|p1a: WP|Substitute|p1a: WP
|-start|p1a: WP|Substitute
|-damage|p1a: WP|70/100 brn
|
|-heal|p1a: WP|76/100 brn|[from] Grassy Terrain
|-heal|p1a: WP|82/100 brn|[from] item: Leftovers
|-damage|p1a: WP|76/100 brn|[from] brn
|upkeep
|turn|4
|j| k1kayone
|
|t:|1776291844
|move|p1a: WP|Freeze-Dry|p2a: MONTY MOLE
|-damage|p2a: MONTY MOLE|64/100
|move|p2a: MONTY MOLE|Body Press|p1a: WP
|-supereffective|p1a: WP
|-end|p1a: WP|Substitute
|
|-heal|p1a: WP|82/100 brn|[from] Grassy Terrain
|-heal|p1a: WP|88/100 brn|[from] item: Leftovers
|-damage|p1a: WP|82/100 brn|[from] brn
|upkeep
|turn|5
|
|t:|1776291854
|switch|p2a: MARK RUFFALO|Skeledirge, M, shiny|100/100
|move|p1a: WP|Freeze-Dry|p2a: MARK RUFFALO
|-resisted|p2a: MARK RUFFALO
|-damage|p2a: MARK RUFFALO|86/100
|
|-heal|p1a: WP|88/100 brn|[from] Grassy Terrain
|-heal|p1a: WP|94/100 brn|[from] item: Leftovers
|-heal|p2a: MARK RUFFALO|92/100|[from] Grassy Terrain
|-damage|p1a: WP|88/100 brn|[from] brn
|-fieldend|move: Grassy Terrain
|upkeep
|turn|6
|
|t:|1776291858
|move|p1a: WP|Earth Power|p2a: MARK RUFFALO
|-supereffective|p2a: MARK RUFFALO
|-damage|p2a: MARK RUFFALO|48/100
|move|p2a: MARK RUFFALO|Torch Song|p1a: WP
|-damage|p1a: WP|62/100 brn
|-boost|p2a: MARK RUFFALO|spa|1
|
|-heal|p1a: WP|68/100 brn|[from] item: Leftovers
|-damage|p1a: WP|62/100 brn|[from] brn
|upkeep
|turn|7
|
|t:|1776291873
|switch|p2a: JETWIND JOHNSON|Dragapult, M|100/100
|move|p1a: WP|Earth Power|p2a: JETWIND JOHNSON
|-damage|p2a: JETWIND JOHNSON|59/100
|
|-heal|p1a: WP|68/100 brn|[from] item: Leftovers
|-damage|p1a: WP|62/100 brn|[from] brn
|upkeep
|turn|8
|
|t:|1776291892
|switch|p1a: dancing queen|Clefable, M|100/100
|move|p2a: JETWIND JOHNSON|Draco Meteor|p1a: dancing queen
|-immune|p1a: dancing queen
|
|upkeep
|turn|9
|
|t:|1776291899
|switch|p2a: JIMS STEAKOUT|Ting-Lu, shiny|100/100
|-ability|p2a: JIMS STEAKOUT|Vessel of Ruin
|move|p1a: dancing queen|Thunder Wave|p2a: JIMS STEAKOUT
|-immune|p2a: JIMS STEAKOUT
|
|upkeep
|turn|10
|
|t:|1776291902
|switch|p1a: RadioRock Head|Great Tusk|100/100
|move|p2a: JIMS STEAKOUT|Stealth Rock|p1a: RadioRock Head
|-sidestart|p1: Kingtrainer|move: Stealth Rock
|
|upkeep
|turn|11
|
|t:|1776291911
|switch|p2a: FUCK|Ogerpon-Wellspring, F|100/100
|move|p1a: RadioRock Head|Ice Spinner|p2a: FUCK
|-damage|p2a: FUCK|68/100
|
|upkeep
|turn|12
|
|t:|1776291920
|-end|p1a: RadioRock Head|Protosynthesis|[silent]
|switch|p1a: here comes t boom|Rillaboom, M|100/100
|-damage|p1a: here comes t boom|88/100|[from] Stealth Rock
|-fieldstart|move: Grassy Terrain|[from] ability: Grassy Surge|[of] p1a: here comes t boom
|move|p2a: FUCK|Ivy Cudgel|p1a: here comes t boom|[anim] Ivy Cudgel Water
|-resisted|p1a: here comes t boom
|-crit|p1a: here comes t boom
|-damage|p1a: here comes t boom|54/100
|
|-heal|p2a: FUCK|74/100|[from] Grassy Terrain
|-heal|p1a: here comes t boom|60/100|[from] Grassy Terrain
|upkeep
|turn|13
|
|t:|1776291929
|switch|p2a: "THE FONZ"|Weezing-Galar, F|91/100
|-ability|p2a: "THE FONZ"|Neutralizing Gas
|move|p1a: here comes t boom|Knock Off|p2a: "THE FONZ"
|-resisted|p2a: "THE FONZ"
|-damage|p2a: "THE FONZ"|68/100
|-enditem|p2a: "THE FONZ"|Heavy-Duty Boots|[from] move: Knock Off|[of] p1a: here comes t boom
|
|-heal|p1a: here comes t boom|66/100|[from] Grassy Terrain
|-heal|p2a: "THE FONZ"|74/100|[from] Grassy Terrain
|upkeep
|turn|14
|
|t:|1776291945
|switch|p1a: rise likea phoenix|Moltres|100/100
|move|p2a: "THE FONZ"|Sludge Bomb|p1a: rise likea phoenix
|-damage|p1a: rise likea phoenix|73/100
|
|-heal|p2a: "THE FONZ"|80/100|[from] Grassy Terrain
|upkeep
|turn|15
|
|t:|1776291957
|-end|p2a: "THE FONZ"|ability: Neutralizing Gas
|switch|p2a: JIMS STEAKOUT|Ting-Lu, shiny|100/100
|-ability|p2a: JIMS STEAKOUT|Vessel of Ruin
|move|p1a: rise likea phoenix|U-turn|p2a: JIMS STEAKOUT
|-supereffective|p2a: JIMS STEAKOUT
|-damage|p2a: JIMS STEAKOUT|85/100
|
|t:|1776291962
|switch|p1a: RadioRock Head|Great Tusk|100/100|[from] U-turn
|-damage|p1a: RadioRock Head|98/100|[from] Stealth Rock
|
|-heal|p1a: RadioRock Head|100/100|[from] Grassy Terrain
|-heal|p2a: JIMS STEAKOUT|91/100|[from] Grassy Terrain
|-heal|p2a: JIMS STEAKOUT|97/100|[from] item: Leftovers
|upkeep
|turn|16
|
|t:|1776291976
|move|p1a: RadioRock Head|Rapid Spin|p2a: JIMS STEAKOUT
|-damage|p2a: JIMS STEAKOUT|86/100
|-boost|p1a: RadioRock Head|spe|1
|-sideend|p1: Kingtrainer|Stealth Rock|[from] move: Rapid Spin|[of] p1a: RadioRock Head
|move|p2a: JIMS STEAKOUT|Earthquake|p1a: RadioRock Head
|-damage|p1a: RadioRock Head|86/100
|
|-heal|p1a: RadioRock Head|92/100|[from] Grassy Terrain
|-heal|p2a: JIMS STEAKOUT|93/100|[from] Grassy Terrain
|-heal|p2a: JIMS STEAKOUT|99/100|[from] item: Leftovers
|-fieldend|move: Grassy Terrain
|upkeep
|turn|17
|
|t:|1776291988
|switch|p2a: MONTY MOLE|Corviknight, F|64/100
|-ability|p2a: MONTY MOLE|Pressure
|move|p1a: RadioRock Head|Stealth Rock|p2a: MONTY MOLE
|-sidestart|p2: zapplabob|move: Stealth Rock
|
|upkeep
|turn|18
|
|t:|1776291998
|-end|p1a: RadioRock Head|Protosynthesis|[silent]
|switch|p1a: dancing queen|Clefable, M|100/100
|move|p2a: MONTY MOLE|Roost|p2a: MONTY MOLE
|-heal|p2a: MONTY MOLE|100/100
|-singleturn|p2a: MONTY MOLE|move: Roost
|
|upkeep
|turn|19
|
|t:|1776292006
|move|p2a: MONTY MOLE|U-turn|p1a: dancing queen
|-resisted|p1a: dancing queen
|-damage|p1a: dancing queen|93/100
|
|t:|1776292014
|switch|p2a: JIMS STEAKOUT|Ting-Lu, shiny|99/100|[from] U-turn
|-damage|p2a: JIMS STEAKOUT|93/100|[from] Stealth Rock
|-ability|p2a: JIMS STEAKOUT|Vessel of Ruin
|move|p1a: dancing queen|Thunder Wave|p2a: JIMS STEAKOUT
|-immune|p2a: JIMS STEAKOUT
|
|-heal|p1a: dancing queen|99/100|[from] item: Leftovers
|-heal|p2a: JIMS STEAKOUT|99/100|[from] item: Leftovers
|upkeep
|turn|20
|
|t:|1776292021
|switch|p1a: RadioRock Head|Great Tusk|92/100
|move|p2a: JIMS STEAKOUT|Stealth Rock|p1a: RadioRock Head
|-sidestart|p1: Kingtrainer|move: Stealth Rock
|
|-heal|p2a: JIMS STEAKOUT|100/100|[from] item: Leftovers
|upkeep
|turn|21
|
|t:|1776292028
|move|p1a: RadioRock Head|Headlong Rush|p2a: JIMS STEAKOUT
|-damage|p2a: JIMS STEAKOUT|67/100
|-unboost|p1a: RadioRock Head|def|1
|-unboost|p1a: RadioRock Head|spd|1
|move|p2a: JIMS STEAKOUT|Earthquake|p1a: RadioRock Head
|-damage|p1a: RadioRock Head|54/100
|
|-heal|p2a: JIMS STEAKOUT|73/100|[from] item: Leftovers
|upkeep
|turn|22
|
|t:|1776292037
|switch|p2a: MONTY MOLE|Corviknight, F|100/100
|-damage|p2a: MONTY MOLE|88/100|[from] Stealth Rock
|-ability|p2a: MONTY MOLE|Pressure
|move|p1a: RadioRock Head|Rapid Spin|p2a: MONTY MOLE
|-resisted|p2a: MONTY MOLE
|-crit|p2a: MONTY MOLE
|-damage|p2a: MONTY MOLE|79/100
|-boost|p1a: RadioRock Head|spe|1
|-damage|p1a: RadioRock Head|37/100|[from] item: Rocky Helmet|[of] p2a: MONTY MOLE
|-sideend|p1: Kingtrainer|Stealth Rock|[from] move: Rapid Spin|[of] p1a: RadioRock Head
|
|upkeep
|turn|23
|
|t:|1776292043
|-end|p1a: RadioRock Head|Protosynthesis|[silent]
|switch|p1a: here comes t boom|Rillaboom, M|66/100
|-fieldstart|move: Grassy Terrain|[from] ability: Grassy Surge|[of] p1a: here comes t boom
|move|p2a: MONTY MOLE|U-turn|p1a: here comes t boom
|-supereffective|p1a: here comes t boom
|-damage|p1a: here comes t boom|42/100
|
|t:|1776292051
|switch|p2a: "THE FONZ"|Weezing-Galar, F|80/100|[from] U-turn
|-ability|p2a: "THE FONZ"|Neutralizing Gas
|-damage|p2a: "THE FONZ"|68/100|[from] Stealth Rock
|
|-heal|p1a: here comes t boom|48/100|[from] Grassy Terrain
|-heal|p2a: "THE FONZ"|74/100|[from] Grassy Terrain
|upkeep
|turn|24
|
|t:|1776292059
|switch|p1a: rise likea phoenix|Moltres|73/100
|move|p2a: "THE FONZ"|Defog|p1a: rise likea phoenix
|-unboost|p1a: rise likea phoenix|evasion|1
|-sideend|p2: zapplabob|Stealth Rock|[from] move: Defog|[of] p2a: "THE FONZ"
|-fieldend|move: Grassy Terrain
|
|upkeep
|turn|25
|
|t:|1776292066
|-end|p2a: "THE FONZ"|ability: Neutralizing Gas
|switch|p2a: MARK RUFFALO|Skeledirge, M, shiny|48/100
|move|p1a: rise likea phoenix|U-turn|p2a: MARK RUFFALO
|-resisted|p2a: MARK RUFFALO
|-damage|p2a: MARK RUFFALO|45/100
|
|t:|1776292077
|switch|p1a: here comes t boom|Rillaboom, M|48/100|[from] U-turn
|-fieldstart|move: Grassy Terrain|[from] ability: Grassy Surge|[of] p1a: here comes t boom
|
|-heal|p1a: here comes t boom|54/100|[from] Grassy Terrain
|-heal|p2a: MARK RUFFALO|51/100|[from] Grassy Terrain
|upkeep
|turn|26
|
|t:|1776292081
|switch|p2a: "THE FONZ"|Weezing-Galar, F|74/100
|-ability|p2a: "THE FONZ"|Neutralizing Gas
|move|p1a: here comes t boom|Knock Off|p2a: "THE FONZ"
|-resisted|p2a: "THE FONZ"
|-damage|p2a: "THE FONZ"|60/100
|
|-heal|p1a: here comes t boom|61/100|[from] Grassy Terrain
|-heal|p2a: "THE FONZ"|66/100|[from] Grassy Terrain
|upkeep
|turn|27
|
|t:|1776292100
|switch|p1a: WP|Kyurem|62/100 brn
|move|p2a: "THE FONZ"|Sludge Bomb|p1a: WP
|-damage|p1a: WP|36/100 brn
|
|-heal|p1a: WP|42/100 brn|[from] Grassy Terrain
|-heal|p1a: WP|48/100 brn|[from] item: Leftovers
|-heal|p2a: "THE FONZ"|72/100|[from] Grassy Terrain
|-damage|p1a: WP|42/100 brn|[from] brn
|upkeep
|turn|28
|
|t:|1776292110
|-end|p2a: "THE FONZ"|ability: Neutralizing Gas
|-ability|p1a: WP|Pressure
|switch|p2a: MARK RUFFALO|Skeledirge, M, shiny|51/100
|move|p1a: WP|Freeze-Dry|p2a: MARK RUFFALO
|-resisted|p2a: MARK RUFFALO
|-damage|p2a: MARK RUFFALO|37/100
|-status|p2a: MARK RUFFALO|frz
|
|-heal|p1a: WP|48/100 brn|[from] Grassy Terrain
|-heal|p1a: WP|54/100 brn|[from] item: Leftovers
|-heal|p2a: MARK RUFFALO|44/100 frz|[from] Grassy Terrain
|-damage|p1a: WP|48/100 brn|[from] brn
|upkeep
|turn|29
|
|t:|1776292121
|move|p1a: WP|Substitute|p1a: WP
|-start|p1a: WP|Substitute
|-damage|p1a: WP|24/100 brn
|cant|p2a: MARK RUFFALO|frz
|
|-heal|p1a: WP|30/100 brn|[from] Grassy Terrain
|-heal|p1a: WP|36/100 brn|[from] item: Leftovers
|-heal|p2a: MARK RUFFALO|50/100 frz|[from] Grassy Terrain
|-damage|p1a: WP|30/100 brn|[from] brn
|-fieldend|move: Grassy Terrain
|upkeep
|turn|30
|
|t:|1776292127
|move|p1a: WP|Earth Power|p2a: MARK RUFFALO
|-supereffective|p2a: MARK RUFFALO
|-damage|p2a: MARK RUFFALO|7/100 frz
|cant|p2a: MARK RUFFALO|frz
|
|-heal|p1a: WP|36/100 brn|[from] item: Leftovers
|-damage|p1a: WP|30/100 brn|[from] brn
|upkeep
|turn|31
|
|t:|1776292132
|move|p1a: WP|Earth Power|p2a: MARK RUFFALO
|-supereffective|p2a: MARK RUFFALO
|-damage|p2a: MARK RUFFALO|0 fnt
|faint|p2a: MARK RUFFALO
|
|-heal|p1a: WP|36/100 brn|[from] item: Leftovers
|-damage|p1a: WP|30/100 brn|[from] brn
|upkeep
|
|t:|1776292136
|switch|p2a: JIMS STEAKOUT|Ting-Lu, shiny|73/100
|-ability|p2a: JIMS STEAKOUT|Vessel of Ruin
|turn|32
|
|t:|1776292143
|move|p1a: WP|Freeze-Dry|p2a: JIMS STEAKOUT
|-supereffective|p2a: JIMS STEAKOUT
|-damage|p2a: JIMS STEAKOUT|44/100
|move|p2a: JIMS STEAKOUT|Earthquake|p1a: WP
|-end|p1a: WP|Substitute
|
|-heal|p1a: WP|36/100 brn|[from] item: Leftovers
|-heal|p2a: JIMS STEAKOUT|50/100|[from] item: Leftovers
|-damage|p1a: WP|30/100 brn|[from] brn
|upkeep
|turn|33
|
|t:|1776292148
|move|p1a: WP|Freeze-Dry|p2a: JIMS STEAKOUT
|-supereffective|p2a: JIMS STEAKOUT
|-damage|p2a: JIMS STEAKOUT|21/100
|move|p2a: JIMS STEAKOUT|Earthquake|p1a: WP
|-damage|p1a: WP|0 fnt
|faint|p1a: WP
|
|-heal|p2a: JIMS STEAKOUT|28/100|[from] item: Leftovers
|upkeep
|
|t:|1776292155
|switch|p1a: here comes t boom|Rillaboom, M|61/100
|-fieldstart|move: Grassy Terrain|[from] ability: Grassy Surge|[of] p1a: here comes t boom
|turn|34
|
|t:|1776292159
|switch|p2a: "THE FONZ"|Weezing-Galar, F|72/100
|-ability|p2a: "THE FONZ"|Neutralizing Gas
|move|p1a: here comes t boom|U-turn|p2a: "THE FONZ"
|-resisted|p2a: "THE FONZ"
|-damage|p2a: "THE FONZ"|64/100
|
|t:|1776292164
|switch|p1a: RadioRock Head|Great Tusk|37/100|[from] U-turn
|
|-heal|p1a: RadioRock Head|43/100|[from] Grassy Terrain
|-heal|p2a: "THE FONZ"|70/100|[from] Grassy Terrain
|upkeep
|turn|35
|
|t:|1776292170
|-end|p2a: "THE FONZ"|ability: Neutralizing Gas
|switch|p2a: MONTY MOLE|Corviknight, F|79/100
|-ability|p2a: MONTY MOLE|Pressure
|move|p1a: RadioRock Head|Headlong Rush|p2a: MONTY MOLE
|-immune|p2a: MONTY MOLE
|
|-heal|p1a: RadioRock Head|50/100|[from] Grassy Terrain
|upkeep
|turn|36
|
|t:|1776292174
|move|p1a: RadioRock Head|Stealth Rock|p2a: MONTY MOLE
|-sidestart|p2: zapplabob|move: Stealth Rock
|move|p2a: MONTY MOLE|U-turn|p1a: RadioRock Head
|-resisted|p1a: RadioRock Head
|-damage|p1a: RadioRock Head|44/100
|-damage|p2a: MONTY MOLE|63/100|[from] item: Rocky Helmet|[of] p1a: RadioRock Head
|
|t:|1776292179
|switch|p2a: FUCK|Ogerpon-Wellspring, F|74/100|[from] U-turn
|-damage|p2a: FUCK|62/100|[from] Stealth Rock
|
|-heal|p2a: FUCK|68/100|[from] Grassy Terrain
|-heal|p1a: RadioRock Head|51/100|[from] Grassy Terrain
|upkeep
|turn|37
|
|t:|1776292186
|-end|p1a: RadioRock Head|Protosynthesis|[silent]
|switch|p1a: here comes t boom|Rillaboom, M|61/100
|move|p2a: FUCK|Knock Off|p1a: here comes t boom
|-damage|p1a: here comes t boom|32/100
|-enditem|p1a: here comes t boom|Choice Band|[from] move: Knock Off|[of] p2a: FUCK
|
|-heal|p2a: FUCK|74/100|[from] Grassy Terrain
|-heal|p1a: here comes t boom|38/100|[from] Grassy Terrain
|upkeep
|turn|38
|
|t:|1776292192
|switch|p2a: MONTY MOLE|Corviknight, F|63/100
|-damage|p2a: MONTY MOLE|50/100|[from] Stealth Rock
|-ability|p2a: MONTY MOLE|Pressure
|move|p1a: here comes t boom|Grassy Glide|p2a: MONTY MOLE
|-resisted|p2a: MONTY MOLE
|-damage|p2a: MONTY MOLE|45/100
|-damage|p1a: here comes t boom|22/100|[from] item: Rocky Helmet|[of] p2a: MONTY MOLE
|
|-heal|p1a: here comes t boom|28/100|[from] Grassy Terrain
|-fieldend|move: Grassy Terrain
|upkeep
|turn|39
|
|t:|1776292199
|switch|p2a: "THE FONZ"|Weezing-Galar, F|70/100
|-ability|p2a: "THE FONZ"|Neutralizing Gas
|-damage|p2a: "THE FONZ"|58/100|[from] Stealth Rock
|move|p1a: here comes t boom|Knock Off|p2a: "THE FONZ"
|-resisted|p2a: "THE FONZ"
|-damage|p2a: "THE FONZ"|48/100
|
|upkeep
|turn|40
|j| Dahlmander
|
|t:|1776292208
|move|p1a: here comes t boom|U-turn|p2a: "THE FONZ"
|-resisted|p2a: "THE FONZ"
|-damage|p2a: "THE FONZ"|43/100
|
|t:|1776292214
|switch|p1a: dancing queen|Clefable, M|99/100|[from] U-turn
|move|p2a: "THE FONZ"|Sludge Bomb|p1a: dancing queen
|-supereffective|p1a: dancing queen
|-damage|p1a: dancing queen|61/100
|
|-heal|p1a: dancing queen|67/100|[from] item: Leftovers
|upkeep
|turn|41
|l| k1kayone
|
|t:|1776292228
|-end|p2a: "THE FONZ"|ability: Neutralizing Gas
|switch|p2a: JIMS STEAKOUT|Ting-Lu, shiny|28/100
|-damage|p2a: JIMS STEAKOUT|21/100|[from] Stealth Rock
|-ability|p2a: JIMS STEAKOUT|Vessel of Ruin
|move|p1a: dancing queen|Thunder Wave|p2a: JIMS STEAKOUT
|-immune|p2a: JIMS STEAKOUT
|
|-heal|p1a: dancing queen|73/100|[from] item: Leftovers
|-heal|p2a: JIMS STEAKOUT|28/100|[from] item: Leftovers
|upkeep
|turn|42
|
|t:|1776292234
|move|p1a: dancing queen|Moonblast|p2a: JIMS STEAKOUT
|-supereffective|p2a: JIMS STEAKOUT
|-damage|p2a: JIMS STEAKOUT|3/100
|-unboost|p2a: JIMS STEAKOUT|spa|1
|move|p2a: JIMS STEAKOUT|Rest|p2a: JIMS STEAKOUT
|-status|p2a: JIMS STEAKOUT|slp|[from] move: Rest
|-heal|p2a: JIMS STEAKOUT|100/100 slp|[silent]
|
|-heal|p1a: dancing queen|79/100|[from] item: Leftovers
|upkeep
|turn|43
|
|t:|1776292242
|switch|p1a: here comes t boom|Rillaboom, M|28/100
|-fieldstart|move: Grassy Terrain|[from] ability: Grassy Surge|[of] p1a: here comes t boom
|cant|p2a: JIMS STEAKOUT|slp
|
|-heal|p1a: here comes t boom|34/100|[from] Grassy Terrain
|upkeep
|turn|44
|
|t:|1776292251
|switch|p2a: "THE FONZ"|Weezing-Galar, F|43/100
|-ability|p2a: "THE FONZ"|Neutralizing Gas
|-damage|p2a: "THE FONZ"|31/100|[from] Stealth Rock
|move|p1a: here comes t boom|U-turn|p2a: "THE FONZ"
|-resisted|p2a: "THE FONZ"
|-damage|p2a: "THE FONZ"|26/100
|
|t:|1776292259
|switch|p1a: GG|Kingambit, F|100/100|[from] U-turn
|
|-heal|p2a: "THE FONZ"|32/100|[from] Grassy Terrain
|upkeep
|turn|45
|
|t:|1776292261
|move|p2a: "THE FONZ"|Will-O-Wisp|p1a: GG
|-status|p1a: GG|brn
|move|p1a: GG|Iron Head|p2a: "THE FONZ"
|-supereffective|p2a: "THE FONZ"
|-damage|p2a: "THE FONZ"|0 fnt
|faint|p2a: "THE FONZ"
|-end|p2a: "THE FONZ"|ability: Neutralizing Gas
|-activate|p1a: GG|ability: Supreme Overlord
|-start|p1a: GG|fallen1|[silent]
|
|-damage|p1a: GG|94/100 brn|[from] brn
|upkeep
|
|t:|1776292265
|switch|p2a: MONTY MOLE|Corviknight, F|45/100
|-damage|p2a: MONTY MOLE|32/100|[from] Stealth Rock
|-ability|p2a: MONTY MOLE|Pressure
|turn|46
|l|☆Kingtrainer
|inactive|Kingtrainer disconnected and has a minute to reconnect!
|player|p1|
|inactive|Kingtrainer has 30 seconds to reconnect!
|inactive|Kingtrainer has 20 seconds to reconnect!
|inactive|Kingtrainer has 15 seconds to reconnect!
|inactive|Kingtrainer has 10 seconds to reconnect!
|inactive|Kingtrainer has 5 seconds to reconnect!
|-message|Kingtrainer lost due to inactivity.
|
|win|zapplabob
|raw|Kingtrainer's rating: 1578 &rarr; <strong>1558</strong><br />(-20 for losing)
|raw|zapplabob's rating: 1586 &rarr; <strong>1606</strong><br />(+20 for winning)
|j|☆Kingtrainer
|player|p1|Kingtrainer|169|
