|html|<div class="broadcast-blue"><strong>[Gen 9] OU is currently suspecting Tera Blast! For information on how to participate check out the <a href="https://www.smogon.com/tools/suspects/view/200">suspect thread</a>.</strong></div>
|j|☆fuckdhelmis000
|j|☆squinja
|t:|1776276047
|gametype|singles
|player|p1|fuckdhelmis000|dawn|1132
|player|p2|squinja|170|1154
|gen|9
|tier|[Gen 9] OU
|rated|
|rule|HP Percentage Mod: HP is shown in percentages
|rule|Endless Battle Clause: Forcing endless battles is banned
|rule|Species Clause: Limit one of each Pokémon
|rule|OHKO Clause: OHKO moves are banned
|rule|Evasion Items Clause: Evasion items are banned
|rule|Evasion Moves Clause: Evasion moves are banned
|rule|Evasion Abilities Clause: Evasion abilities are banned
|rule|Sleep Moves Clause: Sleep-inducing moves are banned
|clearpoke
|poke|p1|Ceruledge, M|
|poke|p1|Indeedee, M|
|poke|p1|Hatterene, F|
|poke|p1|Great Tusk|
|poke|p1|Dragonite, M|
|poke|p1|Deoxys-Speed|
|poke|p2|Zangoose, F|
|poke|p2|Primarina, F|
|poke|p2|Mandibuzz, F|
|poke|p2|Gholdengo|
|poke|p2|Arcanine-Hisui, M|
|poke|p2|Kommo-o, M|
|teampreview
|inactive|Battle timer is ON: inactive players will automatically lose when time's up. (requested by fuckdhelmis000)
|
|t:|1776276076
|teamsize|p1|6
|teamsize|p2|6
|start
|switch|p1a: Indeedee|Indeedee, M|100/100
|switch|p2a: Gholdengo|Gholdengo|100/100
|-fieldstart|move: Psychic Terrain|[from] ability: Psychic Surge|[of] p1a: Indeedee
|turn|1
|
|t:|1776276085
|switch|p1a: Hatterene|Hatterene, F|100/100
|move|p2a: Gholdengo|Thunder Wave|p1a: Hatterene
|move|p1a: Hatterene|Thunder Wave|p2a: Gholdengo|[from] ability: Magic Bounce
|-immune|p2a: Gholdengo|[from] ability: Good as Gold
|
|upkeep
|turn|2
|
|t:|1776276106
|move|p2a: Gholdengo|Flash Cannon|p1a: Hatterene
|-supereffective|p1a: Hatterene
|-damage|p1a: Hatterene|23/100
|-enditem|p1a: Hatterene|Eject Button
|
|t:|1776276114
|switch|p1a: Ceruledge|Ceruledge, M|100/100
|
|upkeep
|turn|3
|
|t:|1776276120
|switch|p2a: Arcanine|Arcanine-Hisui, M|100/100
|move|p1a: Ceruledge|Poltergeist|p2a: Arcanine
|-activate|p2a: Arcanine|move: Poltergeist|Life Orb
|-damage|p2a: Arcanine|30/100
|
|upkeep
|turn|4
|
|t:|1776276138
|move|p2a: Arcanine|Head Smash|p1a: Ceruledge
|-supereffective|p1a: Ceruledge
|-enditem|p1a: Ceruledge|Focus Sash
|-damage|p1a: Ceruledge|1/100
|-ability|p1a: Ceruledge|Weak Armor|boost
|-unboost|p1a: Ceruledge|def|1
|-boost|p1a: Ceruledge|spe|2
|-damage|p2a: Arcanine|20/100|[from] item: Life Orb
|move|p1a: Ceruledge|Swords Dance|p1a: Ceruledge
|-boost|p1a: Ceruledge|atk|2
|
|upkeep
|turn|5
|inactive|squinja has 120 seconds left.
|inactive|squinja has 90 seconds left.
|inactive|squinja has 60 seconds left.
|
|t:|1776276231
|move|p1a: Ceruledge|Bitter Blade|p2a: Arcanine
|-resisted|p2a: Arcanine
|-damage|p2a: Arcanine|0 fnt
|-heal|p1a: Ceruledge|12/100|[from] drain|[of] p2a: Arcanine
|faint|p2a: Arcanine
|
|upkeep
|inactive|squinja has 60 seconds left.
|
|t:|1776276242
|switch|p2a: Kommo-o|Kommo-o, M|100/100
|turn|6
|inactive|squinja has 60 seconds left.
|
|t:|1776276254
|-terastallize|p1a: Ceruledge|Fairy
|move|p1a: Ceruledge|Tera Blast|p2a: Kommo-o|[anim] Tera Blast Fairy
|-supereffective|p2a: Kommo-o
|-damage|p2a: Kommo-o|0 fnt
|faint|p2a: Kommo-o
|
|upkeep
|inactive|squinja has 60 seconds left.
|
|t:|1776276280
|switch|p2a: Mandibuzz|Mandibuzz, F|100/100
|turn|7
|
|t:|1776276285
|move|p1a: Ceruledge|Bitter Blade|p2a: Mandibuzz
|-damage|p2a: Mandibuzz|40/100
|-heal|p1a: Ceruledge|56/100|[from] drain|[of] p2a: Mandibuzz
|move|p2a: Mandibuzz|Foul Play|p1a: Ceruledge
|-resisted|p1a: Ceruledge
|-damage|p1a: Ceruledge|0 fnt
|faint|p1a: Ceruledge
|
|upkeep
|
|t:|1776276293
|switch|p1a: Deoxys|Deoxys-Speed|100/100
|-ability|p1a: Deoxys|Pressure
|turn|8
|inactive|squinja has 60 seconds left.
|
|t:|1776276298
|move|p1a: Deoxys|Thunderbolt|p2a: Mandibuzz
|-supereffective|p2a: Mandibuzz
|-damage|p2a: Mandibuzz|0 fnt
|faint|p2a: Mandibuzz
|-damage|p1a: Deoxys|91/100|[from] item: Life Orb
|
|-fieldend|move: Psychic Terrain
|upkeep
|inactive|squinja has 60 seconds left.
|
|t:|1776276305
|switch|p2a: Zangoose|Zangoose, F|100/100
|turn|9
|
|t:|1776276309
|move|p1a: Deoxys|Focus Blast|p2a: Zangoose
|-supereffective|p2a: Zangoose
|-crit|p2a: Zangoose
|-damage|p2a: Zangoose|0 fnt
|faint|p2a: Zangoose
|-damage|p1a: Deoxys|81/100|[from] item: Life Orb
|
|upkeep
|
|t:|1776276318
|switch|p2a: Gholdengo|Gholdengo|100/100
|turn|10
|
|t:|1776276326
|switch|p1a: Hatterene|Hatterene, F|23/100
|move|p2a: Gholdengo|Flash Cannon|p1a: Hatterene
|-supereffective|p1a: Hatterene
|-damage|p1a: Hatterene|0 fnt
|faint|p1a: Hatterene
|
|upkeep
|
|t:|1776276329
|switch|p1a: Great Tusk|Great Tusk|100/100
|turn|11
|inactive|squinja has 90 seconds left.
|
|t:|1776276357
|switch|p2a: Primarina|Primarina, F|100/100
|move|p1a: Great Tusk|Headlong Rush|p2a: Primarina
|-damage|p2a: Primarina|53/100
|-unboost|p1a: Great Tusk|def|1
|-unboost|p1a: Great Tusk|spd|1
|
|-heal|p2a: Primarina|59/100|[from] item: Leftovers
|upkeep
|turn|12
|
|t:|1776276366
|-end|p1a: Great Tusk|Protosynthesis|[silent]
|switch|p1a: Indeedee|Indeedee, M|100/100
|-fieldstart|move: Psychic Terrain|[from] ability: Psychic Surge|[of] p1a: Indeedee
|move|p2a: Primarina|Hyper Voice|p1a: Indeedee
|-damage|p1a: Indeedee|51/100
|
|-heal|p2a: Primarina|65/100|[from] item: Leftovers
|upkeep
|turn|13
|
|t:|1776276374
|move|p1a: Indeedee|Expanding Force|p2a: Primarina
|-damage|p2a: Primarina|4/100
|move|p2a: Primarina|Calm Mind|p2a: Primarina
|-boost|p2a: Primarina|spa|1
|-boost|p2a: Primarina|spd|1
|
|-heal|p2a: Primarina|10/100|[from] item: Leftovers
|upkeep
|turn|14
|
|t:|1776276382
|switch|p2a: Gholdengo|Gholdengo|100/100
|move|p1a: Indeedee|Expanding Force|p2a: Gholdengo
|-resisted|p2a: Gholdengo
|-damage|p2a: Gholdengo|71/100
|
|-heal|p2a: Gholdengo|77/100|[from] item: Leftovers
|upkeep
|turn|15
|inactive|squinja has 90 seconds left.
|
|t:|1776276389
|move|p1a: Indeedee|Expanding Force|p2a: Gholdengo
|-resisted|p2a: Gholdengo
|-damage|p2a: Gholdengo|49/100
|move|p2a: Gholdengo|Flash Cannon|p1a: Indeedee
|-damage|p1a: Indeedee|3/100
|
|-heal|p2a: Gholdengo|55/100|[from] item: Leftovers
|upkeep
|turn|16
|
|t:|1776276399
|move|p1a: Indeedee|Healing Wish|p1a: Indeedee
|faint|p1a: Indeedee
|move|p2a: Gholdengo|Recover|p2a: Gholdengo
|-heal|p2a: Gholdengo|100/100
|
|upkeep
|
|t:|1776276412
|switch|p1a: Great Tusk|Great Tusk|100/100
|turn|17
|
|t:|1776276419
|-terastallize|p2a: Gholdengo|Flying
|move|p1a: Great Tusk|Knock Off|p2a: Gholdengo
|-damage|p2a: Gholdengo|72/100
|-enditem|p2a: Gholdengo|Leftovers|[from] move: Knock Off|[of] p1a: Great Tusk
|move|p2a: Gholdengo|Flash Cannon|p1a: Great Tusk
|-damage|p1a: Great Tusk|46/100
|
|upkeep
|turn|18
|
|t:|1776276426
|move|p1a: Great Tusk|Ice Spinner|p2a: Gholdengo
|-supereffective|p2a: Gholdengo
|-damage|p2a: Gholdengo|27/100
|-fieldend|move: Psychic Terrain
|move|p2a: Gholdengo|Flash Cannon|p1a: Great Tusk
|-damage|p1a: Great Tusk|0 fnt
|faint|p1a: Great Tusk
|-end|p1a: Great Tusk|Protosynthesis|[silent]
|
|upkeep
|-message|squinja forfeited.
|
|win|fuckdhelmis000
|raw|fuckdhelmis000's rating: 1164 &rarr; <strong>1188</strong><br />(+24 for winning)
|raw|squinja's rating: 1154 &rarr; <strong>1130</strong><br />(-24 for losing)
|l|☆squinja
|player|p2|
