|html|<div class="broadcast-blue"><strong>[Gen 9] OU is currently suspecting Tera Blast! For information on how to participate check out the <a href="https://www.smogon.com/tools/suspects/view/200">suspect thread</a>.</strong></div>
|j|☆findamental
|j|☆Glihdr
|t:|1776062733
|gametype|singles
|player|p1|findamental|plasmagrunt|1319
|player|p2|Glihdr|1|1254
|gen|9
|tier|[Gen 9] OU
|rated|
|rule|HP Percentage Mod: HP is shown in percentages
|rule|Endless Battle Clause: Forcing endless battles is banned
|rule|Species Clause: Limit one of each Pokémon
|rule|OHKO Clause: OHKO moves are banned
|rule|Evasion Items Clause: Evasion items are banned
|rule|Evasion Moves Clause: Evasion moves are banned
|rule|Evasion Abilities Clause: Evasion abilities are banned
|rule|Sleep Moves Clause: Sleep-inducing moves are banned
|clearpoke
|poke|p1|Raikou|
|poke|p1|Entei|
|poke|p1|Regirock|
|poke|p1|Registeel|
|poke|p1|Regice|
|poke|p1|Suicune|
|poke|p2|Hatterene, F|
|poke|p2|Ursaluna, M|
|poke|p2|Porygon2|
|poke|p2|Cresselia, F|
|poke|p2|Iron Hands|
|poke|p2|Volcanion|
|teampreview
|c|☆findamental|glhf
|
|t:|1776062749
|teamsize|p1|6
|teamsize|p2|6
|start
|switch|p1a: Suicune|Suicune|100/100
|switch|p2a: TARS|Porygon2|100/100
|-ability|p1a: Suicune|Pressure
|-ability|p2a: TARS|Download|boost
|-boost|p2a: TARS|spa|1
|turn|1
|c|☆Glihdr|Glhf
|
|t:|1776062766
|move|p1a: Suicune|Calm Mind|p1a: Suicune
|-boost|p1a: Suicune|spa|1
|-boost|p1a: Suicune|spd|1
|move|p2a: TARS|Hyper Beam|p1a: Suicune
|-damage|p1a: Suicune|41/100
|-mustrecharge|p2a: TARS
|
|-heal|p1a: Suicune|47/100|[from] item: Leftovers
|upkeep
|turn|2
|
|t:|1776062775
|move|p1a: Suicune|Scald|p2a: TARS
|-damage|p2a: TARS|64/100
|-status|p2a: TARS|brn
|cant|p2a: TARS|recharge
|
|-heal|p1a: Suicune|53/100|[from] item: Leftovers
|-damage|p2a: TARS|58/100 brn|[from] brn
|upkeep
|turn|3
|
|t:|1776062785
|move|p1a: Suicune|Mirror Coat||[still]
|-fail|p1a: Suicune
|move|p2a: TARS|Trick Room|p2a: TARS
|-fieldstart|move: Trick Room|[of] p2a: TARS
|
|-heal|p1a: Suicune|60/100|[from] item: Leftovers
|-damage|p2a: TARS|52/100 brn|[from] brn
|upkeep
|turn|4
|
|t:|1776062796
|move|p2a: TARS|Hyper Beam|p1a: Suicune
|-damage|p1a: Suicune|4/100
|-mustrecharge|p2a: TARS
|move|p1a: Suicune|Scald|p2a: TARS
|-damage|p2a: TARS|17/100 brn
|
|-heal|p1a: Suicune|11/100|[from] item: Leftovers
|-damage|p2a: TARS|11/100 brn|[from] brn
|upkeep
|turn|5
|
|t:|1776062811
|switch|p1a: Registeel|Registeel|100/100
|cant|p2a: TARS|recharge
|
|-damage|p2a: TARS|5/100 brn|[from] brn
|upkeep
|turn|6
|
|t:|1776062824
|switch|p2a: Mann|Ursaluna, M|100/100
|move|p1a: Registeel|Body Press|p2a: Mann
|-supereffective|p2a: Mann
|-damage|p2a: Mann|64/100
|
|-status|p2a: Mann|brn|[from] item: Flame Orb
|upkeep
|turn|7
|
|t:|1776062847
|move|p1a: Registeel|Body Press|p2a: Mann
|-supereffective|p2a: Mann
|-damage|p2a: Mann|26/100 brn
|move|p2a: Mann|Fire Punch|p1a: Registeel
|-supereffective|p1a: Registeel
|-damage|p1a: Registeel|43/100
|
|-damage|p2a: Mann|20/100 brn|[from] brn
|-fieldend|move: Trick Room
|upkeep
|turn|8
|
|t:|1776062859
|move|p1a: Registeel|Body Press|p2a: Mann
|-supereffective|p2a: Mann
|-damage|p2a: Mann|0 fnt
|faint|p2a: Mann
|
|upkeep
|
|t:|1776062867
|switch|p2a: Miller|Cresselia, F, shiny|100/100
|turn|9
|c|☆findamental|fast room ursa?
|
|t:|1776062878
|move|p1a: Registeel|Charge Beam|p2a: Miller
|-damage|p2a: Miller|95/100
|-boost|p1a: Registeel|spa|1
|move|p2a: Miller|Trick Room|p2a: Miller
|-fieldstart|move: Trick Room|[of] p2a: Miller
|
|upkeep
|turn|10
|
|t:|1776062890
|move|p1a: Registeel|Flash Cannon|p2a: Miller
|-damage|p2a: Miller|74/100
|move|p2a: Miller|Moonblast|p1a: Registeel
|-resisted|p1a: Registeel
|-damage|p1a: Registeel|40/100
|
|upkeep
|turn|11
|
|t:|1776062900
|switch|p2a: Saturn|Volcanion|100/100
|move|p1a: Registeel|Charge Beam|p2a: Saturn
|-supereffective|p2a: Saturn
|-damage|p2a: Saturn|74/100
|-boost|p1a: Registeel|spa|1
|
|upkeep
|turn|12
|
|t:|1776062912
|-terastallize|p1a: Registeel|Water
|move|p2a: Saturn|Flamethrower|p1a: Registeel
|-resisted|p1a: Registeel
|-damage|p1a: Registeel|26/100
|move|p1a: Registeel|Charge Beam|p2a: Saturn
|-supereffective|p2a: Saturn
|-damage|p2a: Saturn|39/100
|
|upkeep
|turn|13
|
|t:|1776062926
|switch|p2a: CASE|Iron Hands|100/100
|-enditem|p2a: CASE|Booster Energy
|-activate|p2a: CASE|ability: Quark Drive|[fromitem]
|-start|p2a: CASE|quarkdriveatk
|move|p1a: Registeel|Charge Beam|p2a: CASE
|-resisted|p2a: CASE
|-damage|p2a: CASE|93/100
|-boost|p1a: Registeel|spa|1
|
|-fieldend|move: Trick Room
|upkeep
|turn|14
|
|t:|1776062937
|move|p1a: Registeel|Body Press|p2a: CASE
|-damage|p2a: CASE|77/100
|move|p2a: CASE|Wild Charge|p1a: Registeel
|-supereffective|p1a: Registeel
|-damage|p1a: Registeel|0 fnt
|faint|p1a: Registeel
|-damage|p2a: CASE|72/100|[from] Recoil
|
|upkeep
|
|t:|1776062944
|switch|p1a: Suicune|Suicune|11/100
|-ability|p1a: Suicune|Pressure
|turn|15
|
|t:|1776062953
|-terastallize|p2a: CASE|Flying
|move|p1a: Suicune|Ice Beam|p2a: CASE
|-supereffective|p2a: CASE
|-damage|p2a: CASE|26/100
|move|p2a: CASE|Wild Charge|p1a: Suicune
|-supereffective|p1a: Suicune
|-damage|p1a: Suicune|0 fnt
|faint|p1a: Suicune
|-damage|p2a: CASE|24/100|[from] Recoil
|
|upkeep
|
|t:|1776062961
|switch|p1a: Raikou|Raikou|100/100
|turn|16
|
|t:|1776062970
|-end|p2a: CASE|Quark Drive|[silent]
|switch|p2a: Brand|Hatterene, F, shiny|100/100
|move|p1a: Raikou|Volt Switch|p2a: Brand
|-damage|p2a: Brand|65/100
|
|t:|1776062981
|switch|p1a: Regice|Regice|100/100|[from] Volt Switch
|
|upkeep
|turn|17
|
|t:|1776062988
|move|p1a: Regice|Ice Beam|p2a: Brand
|-damage|p2a: Brand|24/100
|-status|p2a: Brand|frz
|cant|p2a: Brand|frz
|
|upkeep
|turn|18
|
|t:|1776063001
|move|p1a: Regice|Ice Beam|p2a: Brand
|-damage|p2a: Brand|0 fnt
|faint|p2a: Brand
|
|upkeep
|
|t:|1776063007
|switch|p2a: TARS|Porygon2|5/100 brn
|-ability|p2a: TARS|Download|boost
|-boost|p2a: TARS|atk|1
|turn|19
|
|t:|1776063016
|move|p1a: Regice|Tera Blast|p2a: TARS
|-damage|p2a: TARS|0 fnt
|faint|p2a: TARS
|
|upkeep
|
|t:|1776063023
|switch|p2a: Miller|Cresselia, F, shiny|74/100
|turn|20
|
|t:|1776063028
|move|p1a: Regice|Ice Beam|p2a: Miller
|-damage|p2a: Miller|45/100
|move|p2a: Miller|Trick Room|p2a: Miller
|-fieldstart|move: Trick Room|[of] p2a: Miller
|
|upkeep
|turn|21
|
|t:|1776063040
|move|p1a: Regice|Ice Beam|p2a: Miller
|-damage|p2a: Miller|20/100
|move|p2a: Miller|Psychic|p1a: Regice
|-damage|p1a: Regice|88/100
|
|upkeep
|turn|22
|
|t:|1776063050
|move|p1a: Regice|Ice Beam|p2a: Miller
|-damage|p2a: Miller|0 fnt
|faint|p2a: Miller
|
|upkeep
|
|t:|1776063056
|switch|p2a: CASE|Iron Hands, tera:Flying|24/100
|turn|23
|
|t:|1776063068
|move|p2a: CASE|Drain Punch|p1a: Regice
|-supereffective|p1a: Regice
|-damage|p1a: Regice|0 fnt
|-heal|p2a: CASE|55/100|[from] drain|[of] p1a: Regice
|faint|p1a: Regice
|
|upkeep
|
|t:|1776063076
|switch|p1a: Entei|Entei|100/100
|turn|24
|
|t:|1776063089
|move|p2a: CASE|Drain Punch|p1a: Entei
|-damage|p1a: Entei|52/100
|-heal|p2a: CASE|73/100|[from] drain|[of] p1a: Entei
|move|p1a: Entei|Stone Edge|p2a: CASE
|-supereffective|p2a: CASE
|-damage|p2a: CASE|29/100
|
|-fieldend|move: Trick Room
|upkeep
|turn|25
|
|t:|1776063101
|-end|p2a: CASE|Quark Drive|[silent]
|switch|p2a: Saturn|Volcanion|39/100
|move|p1a: Entei|Stone Edge|p2a: Saturn|[miss]
|-miss|p1a: Entei|p2a: Saturn
|
|upkeep
|turn|26
|
|t:|1776063110
|move|p1a: Entei|Stone Edge|p2a: Saturn
|-supereffective|p2a: Saturn
|-damage|p2a: Saturn|0 fnt
|faint|p2a: Saturn
|
|upkeep
|
|t:|1776063128
|switch|p2a: CASE|Iron Hands, tera:Flying|29/100
|turn|27
|
|t:|1776063131
|move|p1a: Entei|Stone Edge|p2a: CASE
|-supereffective|p2a: CASE
|-damage|p2a: CASE|0 fnt
|faint|p2a: CASE
|-end|p2a: CASE|Quark Drive|[silent]
|
|win|findamental
|raw|findamental's rating: 1319 &rarr; <strong>1335</strong><br />(+16 for winning)
|raw|Glihdr's rating: 1254 &rarr; <strong>1234</strong><br />(-20 for losing)
|c|☆findamental|gg wp
|l|☆Glihdr
|player|p2|
|l|☆findamental
|player|p1|
