|html|<div class="broadcast-blue"><strong>[Gen 9] OU is currently suspecting Tera Blast! For information on how to participate check out the <a href="https://www.smogon.com/tools/suspects/view/200">suspect thread</a>.</strong></div>
|j|☆Ilubemon
|j|☆Gaz1sC00ked
|t:|1776032246
|gametype|singles
|player|p1|Ilubemon|ghetsis|1122
|player|p2|Gaz1sC00ked|266|1133
|gen|9
|tier|[Gen 9] OU
|rated|
|rule|HP Percentage Mod: HP is shown in percentages
|rule|Endless Battle Clause: Forcing endless battles is banned
|rule|Species Clause: Limit one of each Pokémon
|rule|OHKO Clause: OHKO moves are banned
|rule|Evasion Items Clause: Evasion items are banned
|rule|Evasion Moves Clause: Evasion moves are banned
|rule|Evasion Abilities Clause: Evasion abilities are banned
|rule|Sleep Moves Clause: Sleep-inducing moves are banned
|clearpoke
|poke|p1|Blaziken, M|
|poke|p1|Grafaiai, M|
|poke|p1|Cyclizar, F|
|poke|p1|Iron Crown|
|poke|p1|Drifblim, M|
|poke|p1|Primarina, M|
|poke|p2|Araquanid, F|
|poke|p2|Gholdengo|
|poke|p2|Raging Bolt|
|poke|p2|Lycanroc-Dusk, F|
|poke|p2|Great Tusk|
|poke|p2|Iron Moth|
|teampreview
|
|t:|1776032278
|teamsize|p1|6
|teamsize|p2|6
|start
|switch|p1a: Pooh Shiesty|Grafaiai, M, shiny|100/100
|switch|p2a: Araquanid|Araquanid, F|100/100
|turn|1
|inactive|Battle timer is ON: inactive players will automatically lose when time's up. (requested by Gaz1sC00ked)
|
|t:|1776032307
|move|p1a: Pooh Shiesty|Cross Poison|p2a: Araquanid
|-crit|p2a: Araquanid
|-damage|p2a: Araquanid|52/100
|move|p2a: Araquanid|Sticky Web|p1a: Pooh Shiesty
|-sidestart|p1: Ilubemon|move: Sticky Web
|
|upkeep
|turn|2
|
|t:|1776032322
|move|p1a: Pooh Shiesty|U-turn|p2a: Araquanid
|-damage|p2a: Araquanid|30/100
|-status|p2a: Araquanid|psn|[from] ability: Poison Touch|[of] p1a: Pooh Shiesty
|
|t:|1776032328
|switch|p1a: King Von|Cyclizar, F, shiny|100/100|[from] U-turn
|-activate|p1a: King Von|move: Sticky Web
|-unboost|p1a: King Von|spe|1
|move|p2a: Araquanid|Hydro Pump|p1a: King Von|[miss]
|-miss|p2a: Araquanid|p1a: King Von
|
|-damage|p2a: Araquanid|17/100 psn|[from] psn
|upkeep
|turn|3
|-enditem|p2a: Araquanid|Custap Berry|[eat]
|-activate|p2a: Araquanid|item: Custap Berry|[consumed]
|
|t:|1776032340
|move|p2a: Araquanid|Hydro Pump|p1a: King Von
|-resisted|p1a: King Von
|-damage|p1a: King Von|40/100
|move|p1a: King Von|Rapid Spin|p2a: Araquanid
|-damage|p2a: Araquanid|0 fnt
|-boost|p1a: King Von|spe|1
|-sideend|p1: Ilubemon|Sticky Web|[from] move: Rapid Spin|[of] p1a: King Von
|faint|p2a: Araquanid
|
|upkeep
|
|t:|1776032361
|switch|p2a: Lycanroc|Lycanroc-Dusk, F|100/100
|turn|4
|inactive|Ilubemon has 120 seconds left.
|
|t:|1776032401
|switch|p1a: Lil Peep|Drifblim, M, shiny|100/100
|move|p2a: Lycanroc|Psychic Fangs|p1a: Lil Peep
|-damage|p1a: Lil Peep|30/100
|-enditem|p1a: Lil Peep|Red Card|[of] p2a: Lycanroc
|drag|p2a: Great Tusk|Great Tusk, shiny|100/100
|-enditem|p2a: Great Tusk|Booster Energy
|-activate|p2a: Great Tusk|ability: Protosynthesis|[fromitem]
|-start|p2a: Great Tusk|protosynthesisspe
|
|upkeep
|turn|5
|
|t:|1776032424
|move|p1a: Lil Peep|Strength Sap|p2a: Great Tusk
|-unboost|p2a: Great Tusk|atk|1
|-heal|p1a: Lil Peep|97/100
|move|p2a: Great Tusk|Ice Spinner|p1a: Lil Peep
|-supereffective|p1a: Lil Peep
|-damage|p1a: Lil Peep|53/100
|
|upkeep
|turn|6
|
|t:|1776032434
|move|p1a: Lil Peep|Strength Sap|p2a: Great Tusk
|-unboost|p2a: Great Tusk|atk|1
|-heal|p1a: Lil Peep|98/100
|move|p2a: Great Tusk|Ice Spinner|p1a: Lil Peep
|-supereffective|p1a: Lil Peep
|-damage|p1a: Lil Peep|66/100
|
|upkeep
|turn|7
|
|t:|1776032448
|-end|p2a: Great Tusk|Protosynthesis|[silent]
|switch|p2a: Iron Moth|Iron Moth|100/100
|-enditem|p2a: Iron Moth|Booster Energy
|-activate|p2a: Iron Moth|ability: Quark Drive|[fromitem]
|-start|p2a: Iron Moth|quarkdrivespa
|move|p1a: Lil Peep|Strength Sap|p2a: Iron Moth
|-unboost|p2a: Iron Moth|atk|1
|-heal|p1a: Lil Peep|95/100
|
|upkeep
|turn|8
|
|t:|1776032468
|move|p1a: Lil Peep|Shadow Ball|p2a: Iron Moth
|-damage|p2a: Iron Moth|64/100
|move|p2a: Iron Moth|Psychic|p1a: Lil Peep
|-damage|p1a: Lil Peep|37/100
|
|upkeep
|turn|9
|
|t:|1776032476
|move|p1a: Lil Peep|Destiny Bond|p1a: Lil Peep
|-singlemove|p1a: Lil Peep|Destiny Bond
|move|p2a: Iron Moth|Psychic|p1a: Lil Peep
|-damage|p1a: Lil Peep|0 fnt
|faint|p1a: Lil Peep
|-activate|p1a: Lil Peep|move: Destiny Bond
|faint|p2a: Iron Moth
|-end|p2a: Iron Moth|Quark Drive|[silent]
|
|upkeep
|inactive|Ilubemon has 90 seconds left.
|
|t:|1776032514
|switch|p2a: Lycanroc|Lycanroc-Dusk, F|100/100
|switch|p1a: Kanye West|Primarina, M, shiny|100/100
|turn|10
|
|t:|1776032529
|switch|p2a: Raging Bolt|Raging Bolt|100/100
|-enditem|p2a: Raging Bolt|Booster Energy
|-activate|p2a: Raging Bolt|ability: Protosynthesis|[fromitem]
|-start|p2a: Raging Bolt|protosynthesisspa
|move|p1a: Kanye West|Hyper Voice|p2a: Raging Bolt
|-resisted|p2a: Raging Bolt
|-damage|p2a: Raging Bolt|78/100
|
|upkeep
|turn|11
|
|t:|1776032553
|-terastallize|p1a: Kanye West|Grass
|move|p2a: Raging Bolt|Thunderbolt|p1a: Kanye West
|-resisted|p1a: Kanye West
|-damage|p1a: Kanye West|71/100
|move|p1a: Kanye West|Moonblast|p2a: Raging Bolt
|-supereffective|p2a: Raging Bolt
|-damage|p2a: Raging Bolt|0 fnt
|faint|p2a: Raging Bolt
|-end|p2a: Raging Bolt|Protosynthesis|[silent]
|
|-heal|p1a: Kanye West|77/100|[from] item: Leftovers
|upkeep
|-message|Gaz1sC00ked forfeited.
|
|win|Ilubemon
|raw|Ilubemon's rating: 1122 &rarr; <strong>1148</strong><br />(+26 for winning)
|raw|Gaz1sC00ked's rating: 1133 &rarr; <strong>1107</strong><br />(-26 for losing)
|l|☆Gaz1sC00ked
|player|p2|
