|html|<div class="broadcast-blue"><strong>[Gen 9] OU is currently suspecting Tera Blast! For information on how to participate check out the <a href="https://www.smogon.com/tools/suspects/view/200">suspect thread</a>.</strong></div>
|j|☆brock4real
|j|☆Sieeeffmon
|t:|1776097001
|gametype|singles
|player|p1|brock4real|101|1447
|player|p2|Sieeeffmon|fisherman|1497
|gen|9
|tier|[Gen 9] OU
|rated|
|rule|HP Percentage Mod: HP is shown in percentages
|rule|Endless Battle Clause: Forcing endless battles is banned
|rule|Species Clause: Limit one of each Pokémon
|rule|OHKO Clause: OHKO moves are banned
|rule|Evasion Items Clause: Evasion items are banned
|rule|Evasion Moves Clause: Evasion moves are banned
|rule|Evasion Abilities Clause: Evasion abilities are banned
|rule|Sleep Moves Clause: Sleep-inducing moves are banned
|clearpoke
|poke|p1|Garganacl, M|
|poke|p1|Glimmora, F|
|poke|p1|Tyranitar, M|
|poke|p1|Ogerpon-Cornerstone, F|
|poke|p1|Iron Boulder|
|poke|p1|Kleavor, F|
|poke|p2|Heatran, F|
|poke|p2|Gliscor, F|
|poke|p2|Dragonite, F|
|poke|p2|Hatterene, F|
|poke|p2|Zamazenta-*|
|poke|p2|Ogerpon-Wellspring, F|
|teampreview
|inactive|Battle timer is ON: inactive players will automatically lose when time's up. (requested by Sieeeffmon)
|
|t:|1776097026
|teamsize|p1|6
|teamsize|p2|6
|start
|switch|p1a: Garganacl|Garganacl, M|100/100
|switch|p2a: Hatterene|Hatterene, F|100/100
|turn|1
|
|t:|1776097029
|-terastallize|p1a: Garganacl|Ghost
|move|p2a: Hatterene|Psychic Noise|p1a: Garganacl
|-damage|p1a: Garganacl|78/100
|-start|p1a: Garganacl|move: Heal Block
|move|p1a: Garganacl|Salt Cure|p2a: Hatterene
|-damage|p2a: Hatterene|89/100
|-start|p2a: Hatterene|Salt Cure
|
|-damage|p2a: Hatterene|77/100|[from] Salt Cure
|upkeep
|turn|2
|
|t:|1776097036
|switch|p1a: Tyranitar|Tyranitar, M|100/100
|-weather|Sandstorm|[from] ability: Sand Stream|[of] p1a: Tyranitar
|move|p2a: Hatterene|Psychic Noise|p1a: Tyranitar
|-immune|p1a: Tyranitar
|
|-weather|Sandstorm|[upkeep]
|-damage|p2a: Hatterene|71/100|[from] Sandstorm
|-damage|p2a: Hatterene|59/100|[from] Salt Cure
|upkeep
|turn|3
|
|t:|1776097042
|switch|p2a: Ogerpon|Ogerpon-Wellspring, F|100/100
|move|p1a: Tyranitar|Knock Off|p2a: Ogerpon
|-damage|p2a: Ogerpon|70/100
|
|-weather|Sandstorm|[upkeep]
|-damage|p2a: Ogerpon|64/100|[from] Sandstorm
|upkeep
|turn|4
|
|t:|1776097051
|move|p2a: Ogerpon|Ivy Cudgel|p1a: Tyranitar|[anim] Ivy Cudgel Water
|-supereffective|p1a: Tyranitar
|-crit|p1a: Tyranitar
|-damage|p1a: Tyranitar|0 fnt
|faint|p1a: Tyranitar
|
|-weather|Sandstorm|[upkeep]
|-damage|p2a: Ogerpon|58/100|[from] Sandstorm
|upkeep
|
|t:|1776097064
|switch|p1a: Kleavor|Kleavor, F|100/100
|turn|5
|
|t:|1776097069
|move|p1a: Kleavor|U-turn|p2a: Ogerpon
|-supereffective|p2a: Ogerpon
|-damage|p2a: Ogerpon|0 fnt
|faint|p2a: Ogerpon
|
|t:|1776097074
|switch|p1a: Glimmora|Glimmora, F|100/100|[from] U-turn
|
|-weather|Sandstorm|[upkeep]
|upkeep
|
|t:|1776097082
|switch|p2a: Hatterene|Hatterene, F|59/100
|turn|6
|
|t:|1776097087
|move|p1a: Glimmora|Mortal Spin|p2a: Hatterene
|-supereffective|p2a: Hatterene
|-damage|p2a: Hatterene|48/100
|-status|p2a: Hatterene|psn
|-damage|p1a: Glimmora|84/100|[from] item: Rocky Helmet|[of] p2a: Hatterene
|move|p2a: Hatterene|Psychic Noise|p1a: Glimmora
|-supereffective|p1a: Glimmora
|-damage|p1a: Glimmora|24/100
|-start|p1a: Glimmora|move: Heal Block
|
|-weather|Sandstorm|[upkeep]
|-damage|p2a: Hatterene|42/100 psn|[from] Sandstorm
|-damage|p2a: Hatterene|30/100 psn|[from] psn
|upkeep
|turn|7
|
|t:|1776097096
|move|p1a: Glimmora|Power Gem|p2a: Hatterene
|-damage|p2a: Hatterene|0 fnt
|faint|p2a: Hatterene
|
|-weather|Sandstorm|[upkeep]
|-end|p1a: Glimmora|move: Heal Block
|upkeep
|
|t:|1776097114
|switch|p2a: Zamazenta|Zamazenta|100/100
|-ability|p2a: Zamazenta|Dauntless Shield|boost
|-boost|p2a: Zamazenta|def|1
|turn|8
|
|t:|1776097122
|move|p2a: Zamazenta|Crunch|p1a: Glimmora
|-damage|p1a: Glimmora|0 fnt
|-activate|p1a: Glimmora|ability: Toxic Debris
|-sidestart|p2: Sieeeffmon|move: Toxic Spikes
|faint|p1a: Glimmora
|
|-weather|Sandstorm|[upkeep]
|-damage|p2a: Zamazenta|94/100|[from] Sandstorm
|-heal|p2a: Zamazenta|100/100|[from] item: Leftovers
|upkeep
|
|t:|1776097127
|switch|p1a: Kleavor|Kleavor, F|100/100
|turn|9
|
|t:|1776097131
|move|p1a: Kleavor|Dual Wingbeat|p2a: Zamazenta|[miss]
|-miss|p1a: Kleavor|p2a: Zamazenta
|move|p2a: Zamazenta|Iron Defense|p2a: Zamazenta
|-boost|p2a: Zamazenta|def|2
|
|-weather|none
|upkeep
|turn|10
|
|t:|1776097137
|move|p1a: Kleavor|Dual Wingbeat|p2a: Zamazenta|[miss]
|-miss|p1a: Kleavor|p2a: Zamazenta
|move|p2a: Zamazenta|Body Press|p1a: Kleavor
|-damage|p1a: Kleavor|0 fnt
|faint|p1a: Kleavor
|
|upkeep
|c|☆brock4real|Nice
|
|t:|1776097145
|switch|p1a: Garganacl|Garganacl, M, tera:Ghost|78/100
|turn|11
|
|t:|1776097157
|move|p2a: Zamazenta|Crunch|p1a: Garganacl
|-supereffective|p1a: Garganacl
|-damage|p1a: Garganacl|50/100
|move|p1a: Garganacl|Iron Defense|p1a: Garganacl
|-boost|p1a: Garganacl|def|2
|
|-heal|p1a: Garganacl|56/100|[from] item: Leftovers
|upkeep
|turn|12
|
|t:|1776097162
|switch|p2a: Heatran|Heatran, F|100/100
|move|p1a: Garganacl|Salt Cure|p2a: Heatran
|-damage|p2a: Heatran|89/100
|-start|p2a: Heatran|Salt Cure
|
|-heal|p2a: Heatran|95/100|[from] item: Leftovers
|-heal|p1a: Garganacl|62/100|[from] item: Leftovers
|-damage|p2a: Heatran|70/100|[from] Salt Cure
|upkeep
|turn|13
|
|t:|1776097168
|move|p2a: Heatran|Taunt|p1a: Garganacl
|-start|p1a: Garganacl|move: Taunt
|cant|p1a: Garganacl|move: Taunt|Recover
|
|-heal|p2a: Heatran|76/100|[from] item: Leftovers
|-heal|p1a: Garganacl|68/100|[from] item: Leftovers
|-damage|p2a: Heatran|51/100|[from] Salt Cure
|upkeep
|turn|14
|
|t:|1776097186
|switch|p1a: Iron Boulder|Iron Boulder|100/100
|-enditem|p1a: Iron Boulder|Booster Energy
|-activate|p1a: Iron Boulder|ability: Quark Drive|[fromitem]
|-start|p1a: Iron Boulder|quarkdrivespe
|move|p2a: Heatran|Lava Plume|p1a: Iron Boulder
|-resisted|p1a: Iron Boulder
|-damage|p1a: Iron Boulder|82/100
|-status|p1a: Iron Boulder|brn
|
|-heal|p2a: Heatran|57/100|[from] item: Leftovers
|-damage|p1a: Iron Boulder|76/100 brn|[from] brn
|-damage|p2a: Heatran|32/100|[from] Salt Cure
|upkeep
|turn|15
|c|☆brock4real|Ok
|
|t:|1776097197
|switch|p2a: Gliscor|Gliscor, F|100/100
|move|p1a: Iron Boulder|Swords Dance|p1a: Iron Boulder
|-boost|p1a: Iron Boulder|atk|2
|
|-damage|p1a: Iron Boulder|70/100 brn|[from] brn
|-status|p2a: Gliscor|tox|[from] item: Toxic Orb
|upkeep
|turn|16
|
|t:|1776097203
|move|p1a: Iron Boulder|Mighty Cleave|p2a: Gliscor
|-damage|p2a: Gliscor|65/100 tox
|move|p2a: Gliscor|Earthquake|p1a: Iron Boulder
|-supereffective|p1a: Iron Boulder
|-damage|p1a: Iron Boulder|0 fnt
|faint|p1a: Iron Boulder
|-end|p1a: Iron Boulder|Quark Drive|[silent]
|
|-heal|p2a: Gliscor|77/100 tox|[from] ability: Poison Heal
|upkeep
|
|t:|1776097212
|switch|p1a: Garganacl|Garganacl, M, tera:Ghost|68/100
|turn|17
|
|t:|1776097216
|move|p2a: Gliscor|U-turn|p1a: Garganacl
|-resisted|p1a: Garganacl
|-damage|p1a: Garganacl|64/100
|
|t:|1776097218
|switch|p2a: Heatran|Heatran, F|32/100|[from] U-turn
|move|p1a: Garganacl|Iron Defense|p1a: Garganacl
|-boost|p1a: Garganacl|def|2
|
|-heal|p2a: Heatran|39/100|[from] item: Leftovers
|-heal|p1a: Garganacl|70/100|[from] item: Leftovers
|upkeep
|turn|18
|
|t:|1776097225
|move|p2a: Heatran|Taunt|p1a: Garganacl
|-start|p1a: Garganacl|move: Taunt
|move|p1a: Garganacl|Body Press|p2a: Heatran
|-supereffective|p2a: Heatran
|-damage|p2a: Heatran|0 fnt
|faint|p2a: Heatran
|
|-heal|p1a: Garganacl|76/100|[from] item: Leftovers
|upkeep
|
|t:|1776097230
|switch|p2a: Dragonite|Dragonite, F|100/100
|turn|19
|
|t:|1776097237
|move|p2a: Dragonite|Dragon Dance|p2a: Dragonite
|-boost|p2a: Dragonite|atk|1
|-boost|p2a: Dragonite|spe|1
|move|p1a: Garganacl|Salt Cure|p2a: Dragonite
|-supereffective|p2a: Dragonite
|-damage|p2a: Dragonite|85/100
|-start|p2a: Dragonite|Salt Cure
|
|-heal|p1a: Garganacl|82/100|[from] item: Leftovers
|-damage|p2a: Dragonite|72/100|[from] Salt Cure
|upkeep
|turn|20
|
|t:|1776097242
|-terastallize|p2a: Dragonite|Flying
|move|p2a: Dragonite|Tera Blast|p1a: Garganacl|[anim] Tera Blast Flying
|-damage|p1a: Garganacl|56/100
|move|p1a: Garganacl|Salt Cure|p2a: Dragonite
|-supereffective|p2a: Dragonite
|-damage|p2a: Dragonite|41/100
|
|-heal|p1a: Garganacl|62/100|[from] item: Leftovers
|-damage|p2a: Dragonite|28/100|[from] Salt Cure
|-end|p1a: Garganacl|move: Taunt
|upkeep
|turn|21
|
|t:|1776097247
|move|p2a: Dragonite|Tera Blast|p1a: Garganacl|[anim] Tera Blast Flying
|-damage|p1a: Garganacl|38/100
|move|p1a: Garganacl|Recover|p1a: Garganacl
|-heal|p1a: Garganacl|88/100
|
|-heal|p1a: Garganacl|94/100|[from] item: Leftovers
|-damage|p2a: Dragonite|16/100|[from] Salt Cure
|upkeep
|turn|22
|
|t:|1776097250
|move|p2a: Dragonite|Tera Blast|p1a: Garganacl|[anim] Tera Blast Flying
|-damage|p1a: Garganacl|67/100
|move|p1a: Garganacl|Iron Defense|p1a: Garganacl
|-boost|p1a: Garganacl|def|2
|
|-heal|p1a: Garganacl|73/100|[from] item: Leftovers
|-damage|p2a: Dragonite|4/100|[from] Salt Cure
|upkeep
|turn|23
|
|t:|1776097259
|move|p2a: Dragonite|Tera Blast|p1a: Garganacl|[anim] Tera Blast Flying
|-damage|p1a: Garganacl|55/100
|move|p1a: Garganacl|Recover|p1a: Garganacl
|-heal|p1a: Garganacl|100/100
|
|-damage|p2a: Dragonite|0 fnt|[from] Salt Cure
|faint|p2a: Dragonite
|upkeep
|-message|Sieeeffmon forfeited.
|
|win|brock4real
|raw|brock4real's rating: 1447 &rarr; <strong>1470</strong><br />(+23 for winning)
|raw|Sieeeffmon's rating: 1497 &rarr; <strong>1474</strong><br />(-23 for losing)
|l|☆Sieeeffmon
|player|p2|
|l|☆brock4real
|player|p1|
