|html|<div class="broadcast-blue"><strong>[Gen 9] OU is currently suspecting Tera Blast! For information on how to participate check out the <a href="https://www.smogon.com/tools/suspects/view/200">suspect thread</a>.</strong></div>
|j|☆MarcElf22
|j|☆pokenoob123p
|t:|1776228857
|gametype|singles
|player|p1|MarcElf22|hilbert-wonderlauncher|
|player|p2|pokenoob123p|265|
|gen|9
|tier|[Gen 9] OU
|rule|HP Percentage Mod: HP is shown in percentages
|rule|Endless Battle Clause: Forcing endless battles is banned
|rule|Species Clause: Limit one of each Pokémon
|rule|OHKO Clause: OHKO moves are banned
|rule|Evasion Items Clause: Evasion items are banned
|rule|Evasion Moves Clause: Evasion moves are banned
|rule|Evasion Abilities Clause: Evasion abilities are banned
|rule|Sleep Moves Clause: Sleep-inducing moves are banned
|clearpoke
|poke|p1|Flamigo, M|
|poke|p1|Scrafty, M|
|poke|p1|Garganacl, F|
|poke|p1|Azumarill, F|
|poke|p1|Reuniclus, M|
|poke|p1|Scovillain, M|
|poke|p2|Cinccino, F|
|poke|p2|Snorlax, M|
|poke|p2|Ursaluna, F|
|poke|p2|Deoxys-Speed|
|poke|p2|Iron Valiant|
|poke|p2|Corviknight, M|
|teampreview
|c|☆pokenoob123p|got no music
|c|☆pokenoob123p|so can listen to some mruzzic
|
|t:|1776228895
|teamsize|p1|6
|teamsize|p2|6
|start
|switch|p1a: Scovillain|Scovillain, M|100/100
|switch|p2a: Deoxys|Deoxys-Speed|100/100
|-ability|p2a: Deoxys|Pressure
|turn|1
|
|t:|1776228911
|move|p2a: Deoxys|Psycho Boost|p1a: Scovillain
|-enditem|p1a: Scovillain|Focus Sash
|-damage|p1a: Scovillain|1/100
|-unboost|p2a: Deoxys|spa|2
|move|p1a: Scovillain|Sunny Day|p1a: Scovillain
|-weather|SunnyDay
|
|-weather|SunnyDay|[upkeep]
|upkeep
|turn|2
|
|t:|1776228921
|move|p2a: Deoxys|Flash Cannon|p1a: Scovillain
|-resisted|p1a: Scovillain
|-damage|p1a: Scovillain|0 fnt
|faint|p1a: Scovillain
|
|-weather|SunnyDay|[upkeep]
|upkeep
|c|☆pokenoob123p|yeah
|c|☆pokenoob123p|thats why its a glass canon
|
|t:|1776228952
|switch|p1a: Resting Face|Scrafty, M|100/100
|-ability|p1a: Resting Face|Intimidate|boost
|-unboost|p2a: Deoxys|atk|1
|turn|3
|c|☆pokenoob123p|meh
|
|t:|1776228981
|-terastallize|p1a: Resting Face|Steel
|move|p2a: Deoxys|Calm Mind|p2a: Deoxys
|-boost|p2a: Deoxys|spa|1
|-boost|p2a: Deoxys|spd|1
|move|p1a: Resting Face|Scary Face|p2a: Deoxys
|-unboost|p2a: Deoxys|spe|2
|
|-weather|SunnyDay|[upkeep]
|upkeep
|turn|4
|
|t:|1776229003
|switch|p2a: Snorlax|Snorlax, M|100/100
|move|p1a: Resting Face|Dragon Dance|p1a: Resting Face
|-boost|p1a: Resting Face|atk|1
|-boost|p1a: Resting Face|spe|1
|
|-weather|SunnyDay|[upkeep]
|upkeep
|turn|5
|
|t:|1776229014
|move|p1a: Resting Face|Dragon Dance|p1a: Resting Face
|-boost|p1a: Resting Face|atk|1
|-boost|p1a: Resting Face|spe|1
|move|p2a: Snorlax|Body Press|p1a: Resting Face
|-supereffective|p1a: Resting Face
|-damage|p1a: Resting Face|67/100
|
|-weather|none
|upkeep
|turn|6
|
|t:|1776229023
|move|p1a: Resting Face|Dragon Dance|p1a: Resting Face
|-boost|p1a: Resting Face|atk|1
|-boost|p1a: Resting Face|spe|1
|move|p2a: Snorlax|Body Press|p1a: Resting Face
|-supereffective|p1a: Resting Face
|-damage|p1a: Resting Face|29/100
|
|upkeep
|turn|7
|
|t:|1776229034
|move|p1a: Resting Face|Drain Punch|p2a: Snorlax
|-supereffective|p2a: Snorlax
|-damage|p2a: Snorlax|0 fnt
|-heal|p1a: Resting Face|100/100|[from] drain|[of] p2a: Snorlax
|-damage|p1a: Resting Face|84/100|[from] item: Rocky Helmet|[of] p2a: Snorlax
|faint|p2a: Snorlax
|
|upkeep
|c|☆pokenoob123p|it has never been free
|c|☆pokenoob123p|it was a free license for a bit of time
|c|☆pokenoob123p|libreoffice
|
|t:|1776229074
|switch|p2a: Corviknight|Corviknight, M|100/100
|turn|8
|c|☆pokenoob123p|yeah
|c|☆pokenoob123p|its the one you use on liinux
|
|t:|1776229092
|move|p1a: Resting Face|Drain Punch|p2a: Corviknight
|-damage|p2a: Corviknight|36/100
|-heal|p1a: Resting Face|100/100|[from] drain|[of] p2a: Corviknight
|move|p2a: Corviknight|Body Press|p1a: Resting Face
|-supereffective|p1a: Resting Face
|-damage|p1a: Resting Face|51/100
|-damage|p2a: Corviknight|26/100|[from] item: Life Orb
|
|upkeep
|turn|9
|
|t:|1776229104
|move|p1a: Resting Face|Drain Punch|p2a: Corviknight
|-damage|p2a: Corviknight|0 fnt
|-heal|p1a: Resting Face|70/100|[from] drain|[of] p2a: Corviknight
|faint|p2a: Corviknight
|
|upkeep
|
|t:|1776229113
|switch|p2a: Ursaluna|Ursaluna, F|100/100
|turn|10
|
|t:|1776229116
|move|p1a: Resting Face|Drain Punch|p2a: Ursaluna
|-supereffective|p2a: Ursaluna
|-damage|p2a: Ursaluna|0 fnt
|-heal|p1a: Resting Face|100/100|[from] drain|[of] p2a: Ursaluna
|faint|p2a: Ursaluna
|
|upkeep
|
|t:|1776229125
|switch|p2a: Iron Valiant|Iron Valiant|100/100
|turn|11
|
|t:|1776229132
|move|p1a: Resting Face|Iron Head|p2a: Iron Valiant
|-supereffective|p2a: Iron Valiant
|-damage|p2a: Iron Valiant|0 fnt
|faint|p2a: Iron Valiant
|-end|p2a: Iron Valiant|Quark Drive|[silent]
|
|upkeep
|
|t:|1776229140
|switch|p2a: Cinccino|Cinccino, F|100/100
|turn|12
|
|t:|1776229156
|move|p1a: Resting Face|Drain Punch|p2a: Cinccino
|-supereffective|p2a: Cinccino
|-enditem|p2a: Cinccino|Focus Sash
|-damage|p2a: Cinccino|1/100
|move|p2a: Cinccino|Tidy Up|p2a: Cinccino
|-boost|p2a: Cinccino|atk|1
|-boost|p2a: Cinccino|spe|1
|
|upkeep
|turn|13
|
|t:|1776229169
|move|p2a: Cinccino|Bullet Seed|p1a: Resting Face
|-resisted|p1a: Resting Face
|-damage|p1a: Resting Face|96/100
|-resisted|p1a: Resting Face
|-damage|p1a: Resting Face|91/100
|-resisted|p1a: Resting Face
|-damage|p1a: Resting Face|87/100
|-resisted|p1a: Resting Face
|-damage|p1a: Resting Face|82/100
|-resisted|p1a: Resting Face
|-damage|p1a: Resting Face|78/100
|-hitcount|p1a: Resting Face|5
|move|p1a: Resting Face|Drain Punch|p2a: Cinccino
|-supereffective|p2a: Cinccino
|-damage|p2a: Cinccino|0 fnt
|-heal|p1a: Resting Face|78/100|[from] drain|[of] p2a: Cinccino
|faint|p2a: Cinccino
|
|upkeep
|
|t:|1776229184
|switch|p2a: Deoxys|Deoxys-Speed|100/100
|-ability|p2a: Deoxys|Pressure
|turn|14
|c|☆pokenoob123p|swpt
|c|☆pokenoob123p|swept
|-message|pokenoob123p forfeited.
|
|win|MarcElf22
|l|☆pokenoob123p
|player|p2|
