|html|<div class="broadcast-blue"><strong>[Gen 9] OU is currently suspecting Tera Blast! For information on how to participate check out the <a href="https://www.smogon.com/tools/suspects/view/200">suspect thread</a>.</strong></div>
|j|☆im the angry gamer
|j|☆Anchor9
|t:|1776056603
|gametype|singles
|player|p1|im the angry gamer|fisherman-gen4|1351
|player|p2|Anchor9|silver|1433
|gen|9
|tier|[Gen 9] OU
|rated|
|rule|HP Percentage Mod: HP is shown in percentages
|rule|Endless Battle Clause: Forcing endless battles is banned
|rule|Species Clause: Limit one of each Pokémon
|rule|OHKO Clause: OHKO moves are banned
|rule|Evasion Items Clause: Evasion items are banned
|rule|Evasion Moves Clause: Evasion moves are banned
|rule|Evasion Abilities Clause: Evasion abilities are banned
|rule|Sleep Moves Clause: Sleep-inducing moves are banned
|clearpoke
|poke|p1|Samurott-Hisui, F|
|poke|p1|Zapdos|
|poke|p1|Iron Treads|
|poke|p1|Ceruledge, M|
|poke|p1|Gholdengo|
|poke|p1|Kingambit, M|
|poke|p2|Araquanid, F|
|poke|p2|Ampharos, M|
|poke|p2|Dragonite, M|
|poke|p2|Gholdengo|
|poke|p2|Kyurem|
|poke|p2|Great Tusk|
|teampreview
|inactive|Battle timer is ON: inactive players will automatically lose when time's up. (requested by Anchor9)
|inactive|im the angry gamer has 120 seconds left.
|
|t:|1776056656
|teamsize|p1|6
|teamsize|p2|6
|start
|switch|p1a: Zapdos|Zapdos|100/100
|switch|p2a: Araquanid|Araquanid, F|100/100
|turn|1
|
|t:|1776056663
|move|p1a: Zapdos|Hurricane|p2a: Araquanid|[miss]
|-miss|p1a: Zapdos|p2a: Araquanid
|move|p2a: Araquanid|Sticky Web|p1a: Zapdos
|-sidestart|p1: im the angry gamer|move: Sticky Web
|
|upkeep
|turn|2
|
|t:|1776056670
|move|p1a: Zapdos|Hurricane|p2a: Araquanid
|-supereffective|p2a: Araquanid
|-damage|p2a: Araquanid|23/100
|move|p2a: Araquanid|Surf|p1a: Zapdos
|-damage|p1a: Zapdos|47/100
|
|upkeep
|turn|3
|-enditem|p2a: Araquanid|Custap Berry|[eat]
|-activate|p2a: Araquanid|item: Custap Berry|[consumed]
|
|t:|1776056681
|switch|p1a: Samurott|Samurott-Hisui, F|100/100
|-activate|p1a: Samurott|move: Sticky Web
|-unboost|p1a: Samurott|spe|1
|move|p2a: Araquanid|Surf|p1a: Samurott
|-resisted|p1a: Samurott
|-damage|p1a: Samurott|81/100
|
|upkeep
|turn|4
|
|t:|1776056686
|move|p1a: Samurott|Ceaseless Edge|p2a: Araquanid
|-damage|p2a: Araquanid|0 fnt
|-sidestart|p2: Anchor9|Spikes
|faint|p2a: Araquanid
|
|upkeep
|
|t:|1776056702
|switch|p2a: Kyurem|Kyurem|100/100
|-damage|p2a: Kyurem|88/100|[from] Spikes
|-ability|p2a: Kyurem|Pressure
|turn|5
|
|t:|1776056707
|move|p2a: Kyurem|Freeze-Dry|p1a: Samurott
|-supereffective|p1a: Samurott
|-damage|p1a: Samurott|25/100
|move|p1a: Samurott|Knock Off|p2a: Kyurem
|-damage|p2a: Kyurem|40/100
|-enditem|p2a: Kyurem|Never-Melt Ice|[from] move: Knock Off|[of] p1a: Samurott
|
|upkeep
|turn|6
|
|t:|1776056721
|move|p1a: Samurott|Sucker Punch|p2a: Kyurem
|-damage|p2a: Kyurem|8/100
|move|p2a: Kyurem|Freeze-Dry|p1a: Samurott
|-supereffective|p1a: Samurott
|-damage|p1a: Samurott|0 fnt
|faint|p1a: Samurott
|
|upkeep
|
|t:|1776056729
|switch|p1a: Iron Treads|Iron Treads|100/100
|-activate|p1a: Iron Treads|move: Sticky Web
|-unboost|p1a: Iron Treads|spe|1
|turn|7
|
|t:|1776056737
|switch|p2a: Gholdengo|Gholdengo|100/100
|-item|p2a: Gholdengo|Air Balloon
|move|p1a: Iron Treads|Knock Off|p2a: Gholdengo
|-supereffective|p2a: Gholdengo
|-crit|p2a: Gholdengo
|-damage|p2a: Gholdengo|0 fnt
|-enditem|p2a: Gholdengo|Air Balloon
|faint|p2a: Gholdengo
|
|upkeep
|
|t:|1776056743
|switch|p2a: Great Tusk|Great Tusk|100/100
|-damage|p2a: Great Tusk|88/100|[from] Spikes
|-enditem|p2a: Great Tusk|Booster Energy
|-activate|p2a: Great Tusk|ability: Protosynthesis|[fromitem]
|-start|p2a: Great Tusk|protosynthesisspe
|turn|8
|
|t:|1776056748
|-terastallize|p1a: Iron Treads|Ghost
|move|p2a: Great Tusk|Bulk Up|p2a: Great Tusk
|-boost|p2a: Great Tusk|atk|1
|-boost|p2a: Great Tusk|def|1
|move|p1a: Iron Treads|Rapid Spin|p2a: Great Tusk
|-damage|p2a: Great Tusk|81/100
|-boost|p1a: Iron Treads|spe|1
|-sideend|p1: im the angry gamer|Sticky Web|[from] move: Rapid Spin|[of] p1a: Iron Treads
|
|upkeep
|turn|9
|
|t:|1776056761
|-end|p1a: Iron Treads|Quark Drive|[silent]
|switch|p1a: Zapdos|Zapdos|47/100
|move|p2a: Great Tusk|Bulk Up|p2a: Great Tusk
|-boost|p2a: Great Tusk|atk|1
|-boost|p2a: Great Tusk|def|1
|
|upkeep
|turn|10
|
|t:|1776056765
|move|p2a: Great Tusk|Ice Spinner|p1a: Zapdos
|-supereffective|p1a: Zapdos
|-damage|p1a: Zapdos|0 fnt
|-status|p2a: Great Tusk|par|[from] ability: Static|[of] p1a: Zapdos
|faint|p1a: Zapdos
|
|upkeep
|
|t:|1776056772
|switch|p1a: Gholdengo|Gholdengo|100/100
|-item|p1a: Gholdengo|Air Balloon
|turn|11
|
|t:|1776056794
|move|p2a: Great Tusk|Ice Spinner|p1a: Gholdengo
|-resisted|p1a: Gholdengo
|-damage|p1a: Gholdengo|84/100
|-enditem|p1a: Gholdengo|Air Balloon
|move|p1a: Gholdengo|Hex|p2a: Great Tusk
|-damage|p2a: Great Tusk|8/100 par
|
|upkeep
|turn|12
|
|t:|1776056808
|cant|p2a: Great Tusk|par
|move|p1a: Gholdengo|Hex|p2a: Great Tusk
|-damage|p2a: Great Tusk|0 fnt
|faint|p2a: Great Tusk
|-end|p2a: Great Tusk|Protosynthesis|[silent]
|
|upkeep
|inactive|Anchor9 has 120 seconds left.
|
|t:|1776056839
|switch|p2a: Dragonite|Dragonite, M|100/100
|turn|13
|inactive|im the angry gamer has 120 seconds left.
|inactive|im the angry gamer has 90 seconds left.
|inactive|im the angry gamer has 60 seconds left.
|inactive|im the angry gamer has 30 seconds left.
|inactive|im the angry gamer has 20 seconds left.
|inactive|im the angry gamer has 15 seconds left.
|inactive|im the angry gamer has 10 seconds left.
|inactive|im the angry gamer has 5 seconds left.
|-message|im the angry gamer lost due to inactivity.
|
|win|Anchor9
|raw|im the angry gamer's rating: 1351 &rarr; <strong>1334</strong><br />(-17 for losing)
|raw|Anchor9's rating: 1396 &rarr; <strong>1413</strong><br />(+17 for winning)
|l|☆Anchor9
|player|p2|
