|html|<div class="broadcast-blue"><strong>[Gen 9] OU is currently suspecting Tera Blast! For information on how to participate check out the <a href="https://www.smogon.com/tools/suspects/view/200">suspect thread</a>.</strong></div>
|j|☆ahjskahskjah
|j|☆TroubleFindsMe
|t:|1776044525
|gametype|singles
|player|p1|ahjskahskjah|gambler|1644
|player|p2|TroubleFindsMe|rika|1694
|gen|9
|tier|[Gen 9] OU
|rated|
|rule|HP Percentage Mod: HP is shown in percentages
|rule|Endless Battle Clause: Forcing endless battles is banned
|rule|Species Clause: Limit one of each Pokémon
|rule|OHKO Clause: OHKO moves are banned
|rule|Evasion Items Clause: Evasion items are banned
|rule|Evasion Moves Clause: Evasion moves are banned
|rule|Evasion Abilities Clause: Evasion abilities are banned
|rule|Sleep Moves Clause: Sleep-inducing moves are banned
|clearpoke
|poke|p1|Manaphy|
|poke|p1|Raging Bolt|
|poke|p1|Great Tusk|
|poke|p1|Gliscor, M|
|poke|p1|Gholdengo|
|poke|p1|Kingambit, M|
|poke|p2|Cloyster, M|
|poke|p2|Iron Valiant|
|poke|p2|Moltres|
|poke|p2|Dragonite, F|
|poke|p2|Zamazenta-*|
|poke|p2|Ogerpon-Cornerstone, F|
|teampreview
|inactive|Battle timer is ON: inactive players will automatically lose when time's up. (requested by TroubleFindsMe)
|
|t:|1776044566
|teamsize|p1|6
|teamsize|p2|6
|start
|switch|p1a: Gholdengo|Gholdengo|100/100
|switch|p2a: o_o|Cloyster, M|100/100
|turn|1
|
|t:|1776044575
|switch|p2a: AHHHH IM ON FIRE|Moltres|100/100
|move|p1a: Gholdengo|Shadow Ball|p2a: AHHHH IM ON FIRE
|-damage|p2a: AHHHH IM ON FIRE|45/100
|
|upkeep
|turn|2
|
|t:|1776044578
|move|p1a: Gholdengo|Shadow Ball|p2a: AHHHH IM ON FIRE
|-crit|p2a: AHHHH IM ON FIRE
|-damage|p2a: AHHHH IM ON FIRE|0 fnt
|faint|p2a: AHHHH IM ON FIRE
|
|upkeep
|
|t:|1776044588
|switch|p2a: dogecoin !|Zamazenta|100/100
|-ability|p2a: dogecoin !|Dauntless Shield|boost
|-boost|p2a: dogecoin !|def|1
|turn|3
|
|t:|1776044591
|switch|p1a: Gliscor|Gliscor, M|100/100
|move|p2a: dogecoin !|Crunch|p1a: Gliscor
|-damage|p1a: Gliscor|72/100
|
|-status|p1a: Gliscor|tox|[from] item: Toxic Orb
|upkeep
|turn|4
|
|t:|1776044594
|switch|p2a: o_o|Cloyster, M|100/100
|move|p1a: Gliscor|Knock Off|p2a: o_o
|-damage|p2a: o_o|83/100
|-enditem|p2a: o_o|Focus Sash|[from] move: Knock Off|[of] p1a: Gliscor
|
|-heal|p1a: Gliscor|84/100 tox|[from] ability: Poison Heal
|upkeep
|turn|5
|
|t:|1776044602
|switch|p1a: Gholdengo|Gholdengo|100/100
|move|p2a: o_o|Shell Smash|p2a: o_o
|-unboost|p2a: o_o|def|1
|-unboost|p2a: o_o|spd|1
|-boost|p2a: o_o|atk|2
|-boost|p2a: o_o|spa|2
|-boost|p2a: o_o|spe|2
|
|upkeep
|turn|6
|
|t:|1776044606
|move|p2a: o_o|Icicle Spear|p1a: Gholdengo
|-resisted|p1a: Gholdengo
|-damage|p1a: Gholdengo|87/100
|-resisted|p1a: Gholdengo
|-damage|p1a: Gholdengo|74/100
|-resisted|p1a: Gholdengo
|-damage|p1a: Gholdengo|60/100
|-resisted|p1a: Gholdengo
|-damage|p1a: Gholdengo|48/100
|-resisted|p1a: Gholdengo
|-damage|p1a: Gholdengo|36/100
|-hitcount|p1a: Gholdengo|5
|move|p1a: Gholdengo|Shadow Ball|p2a: o_o
|-damage|p2a: o_o|0 fnt
|faint|p2a: o_o
|
|upkeep
|
|t:|1776044610
|switch|p2a: BarneyFromDinosaur|Dragonite, F|100/100
|turn|7
|
|t:|1776044615
|switch|p1a: Great Tusk|Great Tusk|100/100
|move|p2a: BarneyFromDinosaur|Earthquake|p1a: Great Tusk
|-damage|p1a: Great Tusk|71/100
|
|upkeep
|turn|8
|
|t:|1776044619
|switch|p2a: #Girl|Ogerpon-Cornerstone, F|100/100
|move|p1a: Great Tusk|Stealth Rock|p2a: #Girl
|-sidestart|p2: TroubleFindsMe|move: Stealth Rock
|
|upkeep
|turn|9
|
|t:|1776044623
|-end|p1a: Great Tusk|Protosynthesis|[silent]
|switch|p1a: Raging Bolt|Raging Bolt|100/100
|move|p2a: #Girl|Swords Dance|p2a: #Girl
|-boost|p2a: #Girl|atk|2
|
|upkeep
|turn|10
|
|t:|1776044632
|move|p1a: Raging Bolt|Thunderclap|p2a: #Girl
|-resisted|p2a: #Girl
|-damage|p2a: #Girl|75/100
|move|p2a: #Girl|Ivy Cudgel|p1a: Raging Bolt|[anim] Ivy Cudgel Rock
|-damage|p1a: Raging Bolt|0 fnt
|faint|p1a: Raging Bolt
|-end|p1a: Raging Bolt|Protosynthesis|[silent]
|
|upkeep
|
|t:|1776044647
|switch|p1a: Gholdengo|Gholdengo|36/100
|turn|11
|
|t:|1776044650
|move|p1a: Gholdengo|Make It Rain|p2a: #Girl
|-supereffective|p2a: #Girl
|-damage|p2a: #Girl|0 fnt
|-unboost|p1a: Gholdengo|spa|1
|faint|p2a: #Girl
|
|upkeep
|
|t:|1776044655
|switch|p2a: BarneyFromDinosaur|Dragonite, F|100/100
|turn|12
|
|t:|1776044664
|switch|p1a: Great Tusk|Great Tusk|71/100
|move|p2a: BarneyFromDinosaur|Dragon Dance|p2a: BarneyFromDinosaur
|-boost|p2a: BarneyFromDinosaur|atk|1
|-boost|p2a: BarneyFromDinosaur|spe|1
|
|upkeep
|turn|13
|
|t:|1776044668
|-terastallize|p2a: BarneyFromDinosaur|Normal
|move|p2a: BarneyFromDinosaur|Dragon Dance|p2a: BarneyFromDinosaur
|-boost|p2a: BarneyFromDinosaur|atk|1
|-boost|p2a: BarneyFromDinosaur|spe|1
|move|p1a: Great Tusk|Ice Spinner|p2a: BarneyFromDinosaur
|-damage|p2a: BarneyFromDinosaur|84/100
|
|upkeep
|turn|14
|
|t:|1776044675
|move|p2a: BarneyFromDinosaur|Extreme Speed|p1a: Great Tusk
|-damage|p1a: Great Tusk|7/100
|move|p1a: Great Tusk|Headlong Rush|p2a: BarneyFromDinosaur
|-damage|p2a: BarneyFromDinosaur|14/100
|-unboost|p1a: Great Tusk|def|1
|-unboost|p1a: Great Tusk|spd|1
|
|upkeep
|turn|15
|
|t:|1776044682
|move|p2a: BarneyFromDinosaur|Extreme Speed|p1a: Great Tusk
|-damage|p1a: Great Tusk|0 fnt
|faint|p1a: Great Tusk
|-end|p1a: Great Tusk|Protosynthesis|[silent]
|
|upkeep
|inactive|ahjskahskjah has 120 seconds left.
|
|t:|1776044741
|switch|p1a: Kingambit|Kingambit, M|100/100
|-activate|p1a: Kingambit|ability: Supreme Overlord
|-start|p1a: Kingambit|fallen2|[silent]
|turn|16
|
|t:|1776044744
|-terastallize|p1a: Kingambit|Ghost
|move|p2a: BarneyFromDinosaur|Dragon Dance|p2a: BarneyFromDinosaur
|-boost|p2a: BarneyFromDinosaur|atk|1
|-boost|p2a: BarneyFromDinosaur|spe|1
|move|p1a: Kingambit|Kowtow Cleave|p2a: BarneyFromDinosaur
|-damage|p2a: BarneyFromDinosaur|0 fnt
|faint|p2a: BarneyFromDinosaur
|
|upkeep
|
|t:|1776044748
|switch|p2a: dogecoin !|Zamazenta|100/100
|-damage|p2a: dogecoin !|94/100|[from] Stealth Rock
|turn|17
|
|t:|1776044751
|move|p2a: dogecoin !|Crunch|p1a: Kingambit
|-supereffective|p1a: Kingambit
|-damage|p1a: Kingambit|44/100
|move|p1a: Kingambit|Iron Head|p2a: dogecoin !
|-damage|p2a: dogecoin !|39/100
|
|-heal|p1a: Kingambit|50/100|[from] item: Leftovers
|upkeep
|turn|18
|
|t:|1776044755
|-end|p1a: Kingambit|fallen2|[silent]
|switch|p1a: Gliscor|Gliscor, M|84/100 tox
|move|p2a: dogecoin !|Crunch|p1a: Gliscor
|-damage|p1a: Gliscor|55/100 tox
|
|-heal|p1a: Gliscor|68/100 tox|[from] ability: Poison Heal
|upkeep
|turn|19
|
|t:|1776044758
|move|p2a: dogecoin !|Crunch|p1a: Gliscor
|-damage|p1a: Gliscor|39/100 tox
|move|p1a: Gliscor|Toxic|p2a: dogecoin !
|-status|p2a: dogecoin !|tox
|
|-damage|p2a: dogecoin !|33/100 tox|[from] psn
|-heal|p1a: Gliscor|52/100 tox|[from] ability: Poison Heal
|upkeep
|turn|20
|
|t:|1776044761
|move|p1a: Gliscor|Protect|p1a: Gliscor
|-singleturn|p1a: Gliscor|Protect
|move|p2a: dogecoin !|Crunch|p1a: Gliscor
|-activate|p1a: Gliscor|move: Protect
|
|-damage|p2a: dogecoin !|20/100 tox|[from] psn
|-heal|p1a: Gliscor|64/100 tox|[from] ability: Poison Heal
|upkeep
|turn|21
|
|t:|1776044763
|move|p2a: dogecoin !|Crunch|p1a: Gliscor
|-damage|p1a: Gliscor|32/100 tox
|move|p1a: Gliscor|Spikes|p2a: dogecoin !
|-sidestart|p2: TroubleFindsMe|Spikes
|
|-damage|p2a: dogecoin !|2/100 tox|[from] psn
|-heal|p1a: Gliscor|44/100 tox|[from] ability: Poison Heal
|upkeep
|turn|22
|
|t:|1776044767
|move|p1a: Gliscor|Protect|p1a: Gliscor
|-singleturn|p1a: Gliscor|Protect
|move|p2a: dogecoin !|Crunch|p1a: Gliscor
|-activate|p1a: Gliscor|move: Protect
|
|-damage|p2a: dogecoin !|0 fnt|[from] psn
|faint|p2a: dogecoin !
|-heal|p1a: Gliscor|57/100 tox|[from] ability: Poison Heal
|upkeep
|
|t:|1776044768
|switch|p2a: Wokeness Unleashed|Iron Valiant|100/100
|-damage|p2a: Wokeness Unleashed|94/100|[from] Stealth Rock
|-damage|p2a: Wokeness Unleashed|82/100|[from] Spikes
|-enditem|p2a: Wokeness Unleashed|Booster Energy
|-activate|p2a: Wokeness Unleashed|ability: Quark Drive|[fromitem]
|-start|p2a: Wokeness Unleashed|quarkdrivespe
|turn|23
|
|t:|1776044770
|move|p2a: Wokeness Unleashed|Calm Mind|p2a: Wokeness Unleashed
|-boost|p2a: Wokeness Unleashed|spa|1
|-boost|p2a: Wokeness Unleashed|spd|1
|move|p1a: Gliscor|Toxic|p2a: Wokeness Unleashed
|-status|p2a: Wokeness Unleashed|tox
|
|-damage|p2a: Wokeness Unleashed|76/100 tox|[from] psn
|-heal|p1a: Gliscor|69/100 tox|[from] ability: Poison Heal
|upkeep
|turn|24
|
|t:|1776044778
|move|p2a: Wokeness Unleashed|Calm Mind|p2a: Wokeness Unleashed
|-boost|p2a: Wokeness Unleashed|spa|1
|-boost|p2a: Wokeness Unleashed|spd|1
|move|p1a: Gliscor|Knock Off|p2a: Wokeness Unleashed
|-resisted|p2a: Wokeness Unleashed
|-damage|p2a: Wokeness Unleashed|71/100 tox
|
|-damage|p2a: Wokeness Unleashed|59/100 tox|[from] psn
|-heal|p1a: Gliscor|82/100 tox|[from] ability: Poison Heal
|upkeep
|turn|25
|
|t:|1776044782
|move|p1a: Gliscor|Protect|p1a: Gliscor
|-singleturn|p1a: Gliscor|Protect
|move|p2a: Wokeness Unleashed|Calm Mind|p2a: Wokeness Unleashed
|-boost|p2a: Wokeness Unleashed|spa|1
|-boost|p2a: Wokeness Unleashed|spd|1
|
|-damage|p2a: Wokeness Unleashed|40/100 tox|[from] psn
|-heal|p1a: Gliscor|94/100 tox|[from] ability: Poison Heal
|upkeep
|turn|26
|
|t:|1776044789
|switch|p1a: Gholdengo|Gholdengo|36/100
|move|p2a: Wokeness Unleashed|Moonblast|p1a: Gholdengo
|-resisted|p1a: Gholdengo
|-damage|p1a: Gholdengo|0 fnt
|faint|p1a: Gholdengo
|
|-damage|p2a: Wokeness Unleashed|15/100 tox|[from] psn
|upkeep
|
|t:|1776044794
|switch|p1a: Gliscor|Gliscor, M|94/100 tox
|turn|27
|
|t:|1776044796
|move|p1a: Gliscor|Protect|p1a: Gliscor
|-singleturn|p1a: Gliscor|Protect
|move|p2a: Wokeness Unleashed|Calm Mind|p2a: Wokeness Unleashed
|-boost|p2a: Wokeness Unleashed|spa|1
|-boost|p2a: Wokeness Unleashed|spd|1
|
|-damage|p2a: Wokeness Unleashed|0 fnt|[from] psn
|faint|p2a: Wokeness Unleashed
|-end|p2a: Wokeness Unleashed|Quark Drive|[silent]
|
|win|ahjskahskjah
|raw|ahjskahskjah's rating: 1644 &rarr; <strong>1667</strong><br />(+23 for winning)
|raw|TroubleFindsMe's rating: 1694 &rarr; <strong>1671</strong><br />(-23 for losing)
|l|☆TroubleFindsMe
|player|p2|
