|html|<div class="broadcast-blue"><strong>[Gen 9] OU is currently suspecting Tera Blast! For information on how to participate check out the <a href="https://www.smogon.com/tools/suspects/view/200">suspect thread</a>.</strong></div>
|j|☆scarry.exe
|j|☆aaopp
|t:|1776068495
|gametype|singles
|player|p1|scarry.exe|mela|1353
|player|p2|aaopp|ghetsis|1327
|gen|9
|tier|[Gen 9] OU
|rated|
|rule|HP Percentage Mod: HP is shown in percentages
|rule|Endless Battle Clause: Forcing endless battles is banned
|rule|Species Clause: Limit one of each Pokémon
|rule|OHKO Clause: OHKO moves are banned
|rule|Evasion Items Clause: Evasion items are banned
|rule|Evasion Moves Clause: Evasion moves are banned
|rule|Evasion Abilities Clause: Evasion abilities are banned
|rule|Sleep Moves Clause: Sleep-inducing moves are banned
|clearpoke
|poke|p1|Kyurem|
|poke|p1|Raging Bolt|
|poke|p1|Mandibuzz, F|
|poke|p1|Cinderace, F|
|poke|p1|Landorus-Therian, M|
|poke|p1|Iron Crown|
|poke|p2|Gholdengo|
|poke|p2|Darkrai|
|poke|p2|Clefable, F|
|poke|p2|Ting-Lu|
|poke|p2|Dragonite, F|
|poke|p2|Pecharunt|
|teampreview
|inactive|Battle timer is ON: inactive players will automatically lose when time's up. (requested by aaopp)
|inactive|scarry.exe also wants the timer to be on.
|
|t:|1776068508
|teamsize|p1|6
|teamsize|p2|6
|start
|switch|p1a: Gain through Pain|Mandibuzz, F, shiny|100/100
|switch|p2a: Clefable|Clefable, F|100/100
|turn|1
|
|t:|1776068521
|switch|p1a: Safe Haven|Landorus-Therian, M|100/100
|-ability|p1a: Safe Haven|Intimidate|boost
|-unboost|p2a: Clefable|atk|1
|move|p2a: Clefable|Moonblast|p1a: Safe Haven
|-damage|p1a: Safe Haven|47/100
|
|upkeep
|turn|2
|
|t:|1776068528
|move|p1a: Safe Haven|U-turn|p2a: Clefable
|-resisted|p2a: Clefable
|-damage|p2a: Clefable|89/100
|
|t:|1776068531
|switch|p1a: Rex|Iron Crown|100/100|[from] U-turn
|move|p2a: Clefable|Moonblast|p1a: Rex
|-resisted|p1a: Rex
|-damage|p1a: Rex|86/100
|
|upkeep
|turn|3
|
|t:|1776068544
|switch|p2a: Gholdengo|Gholdengo|100/100
|move|p1a: Rex|Tachyon Cutter|p2a: Gholdengo
|-resisted|p2a: Gholdengo
|-damage|p2a: Gholdengo|87/100
|-resisted|p2a: Gholdengo
|-damage|p2a: Gholdengo|73/100
|-hitcount|p2a: Gholdengo|2
|
|upkeep
|turn|4
|
|t:|1776068563
|move|p2a: Gholdengo|Thunder Wave|p1a: Rex
|-status|p1a: Rex|par
|cant|p1a: Rex|par
|
|upkeep
|turn|5
|
|t:|1776068571
|switch|p2a: Ting-Lu|Ting-Lu|100/100
|-ability|p2a: Ting-Lu|Vessel of Ruin
|-end|p1a: Rex|Quark Drive|[silent]
|switch|p1a: Safe Haven|Landorus-Therian, M|47/100
|-ability|p1a: Safe Haven|Intimidate|boost
|-unboost|p2a: Ting-Lu|atk|1
|
|upkeep
|turn|6
|
|t:|1776068586
|switch|p2a: Clefable|Clefable, F|89/100
|move|p1a: Safe Haven|Sandsear Storm|p2a: Clefable
|-damage|p2a: Clefable|53/100
|
|upkeep
|turn|7
|
|t:|1776068590
|move|p1a: Safe Haven|U-turn|p2a: Clefable
|-resisted|p2a: Clefable
|-damage|p2a: Clefable|42/100
|
|t:|1776068592
|switch|p1a: Rex|Iron Crown|86/100 par|[from] U-turn
|move|p2a: Clefable|Moonblast|p1a: Rex
|-resisted|p1a: Rex
|-damage|p1a: Rex|71/100 par
|
|upkeep
|turn|8
|
|t:|1776068598
|move|p2a: Clefable|Flamethrower|p1a: Rex
|-supereffective|p1a: Rex
|-damage|p1a: Rex|29/100 par
|move|p1a: Rex|Volt Switch|p2a: Clefable
|-damage|p2a: Clefable|19/100
|
|t:|1776068607
|-end|p1a: Rex|Quark Drive|[silent]
|switch|p1a: Fire to Ashes|Cinderace, F|100/100|[from] Volt Switch
|
|upkeep
|turn|9
|
|t:|1776068611
|switch|p2a: Pecharunt|Pecharunt|100/100
|move|p1a: Fire to Ashes|Pyro Ball|p2a: Pecharunt
|-damage|p2a: Pecharunt|64/100
|-status|p2a: Pecharunt|brn
|
|-damage|p2a: Pecharunt|58/100 brn|[from] brn
|upkeep
|turn|10
|
|t:|1776068622
|move|p1a: Fire to Ashes|U-turn|p2a: Pecharunt
|-start|p1a: Fire to Ashes|typechange|Bug|[from] ability: Libero
|-resisted|p2a: Pecharunt
|-damage|p2a: Pecharunt|53/100 brn
|
|t:|1776068627
|switch|p1a: Rex|Iron Crown|29/100 par|[from] U-turn
|move|p2a: Pecharunt|Malignant Chain|p1a: Rex
|-immune|p1a: Rex
|
|-damage|p2a: Pecharunt|47/100 brn|[from] brn
|upkeep
|turn|11
|
|t:|1776068638
|move|p2a: Pecharunt|Shadow Ball|p1a: Rex
|-supereffective|p1a: Rex
|-damage|p1a: Rex|0 fnt
|faint|p1a: Rex
|-end|p1a: Rex|Quark Drive|[silent]
|
|-damage|p2a: Pecharunt|41/100 brn|[from] brn
|upkeep
|
|t:|1776068645
|switch|p1a: Safe Haven|Landorus-Therian, M|47/100
|-ability|p1a: Safe Haven|Intimidate|boost
|-unboost|p2a: Pecharunt|atk|1
|turn|12
|
|t:|1776068655
|switch|p2a: Clefable|Clefable, F|19/100
|move|p1a: Safe Haven|Sandsear Storm|p2a: Clefable
|-damage|p2a: Clefable|0 fnt
|faint|p2a: Clefable
|
|upkeep
|
|t:|1776068664
|switch|p2a: Darkrai|Darkrai|100/100
|turn|13
|
|t:|1776068675
|move|p2a: Darkrai|Ice Beam|p1a: Safe Haven
|-supereffective|p1a: Safe Haven
|-damage|p1a: Safe Haven|0 fnt
|faint|p1a: Safe Haven
|
|upkeep
|
|t:|1776068678
|switch|p1a: UURGGHHH|Raging Bolt|100/100
|turn|14
|
|t:|1776068684
|switch|p2a: Ting-Lu|Ting-Lu|100/100
|-ability|p2a: Ting-Lu|Vessel of Ruin
|-terastallize|p1a: UURGGHHH|Fairy
|move|p1a: UURGGHHH|Calm Mind|p1a: UURGGHHH
|-boost|p1a: UURGGHHH|spa|1
|-boost|p1a: UURGGHHH|spd|1
|
|upkeep
|turn|15
|
|t:|1776068691
|move|p1a: UURGGHHH|Dragon Pulse|p2a: Ting-Lu
|-damage|p2a: Ting-Lu|64/100
|-enditem|p2a: Ting-Lu|Red Card|[of] p1a: UURGGHHH
|-end|p1a: UURGGHHH|Protosynthesis|[silent]
|drag|p1a: Gain through Pain|Mandibuzz, F, shiny|100/100
|move|p2a: Ting-Lu|Stealth Rock|p1a: Gain through Pain
|-sidestart|p1: scarry.exe|move: Stealth Rock
|
|upkeep
|turn|16
|
|t:|1776068700
|switch|p2a: Pecharunt|Pecharunt|41/100 brn
|move|p1a: Gain through Pain|Foul Play|p2a: Pecharunt
|-supereffective|p2a: Pecharunt
|-damage|p2a: Pecharunt|15/100 brn
|
|-damage|p2a: Pecharunt|9/100 brn|[from] brn
|upkeep
|turn|17
|
|t:|1776068703
|move|p2a: Pecharunt|Recover|p2a: Pecharunt
|-heal|p2a: Pecharunt|59/100 brn
|move|p1a: Gain through Pain|Foul Play|p2a: Pecharunt
|-supereffective|p2a: Pecharunt
|-damage|p2a: Pecharunt|29/100 brn
|
|-damage|p2a: Pecharunt|23/100 brn|[from] brn
|upkeep
|turn|18
|
|t:|1776068707
|move|p2a: Pecharunt|Recover|p2a: Pecharunt
|-heal|p2a: Pecharunt|73/100 brn
|move|p1a: Gain through Pain|Foul Play|p2a: Pecharunt
|-supereffective|p2a: Pecharunt
|-damage|p2a: Pecharunt|44/100 brn
|
|-damage|p2a: Pecharunt|38/100 brn|[from] brn
|upkeep
|turn|19
|
|t:|1776068710
|move|p2a: Pecharunt|Recover|p2a: Pecharunt
|-heal|p2a: Pecharunt|88/100 brn
|move|p1a: Gain through Pain|Foul Play|p2a: Pecharunt
|-supereffective|p2a: Pecharunt
|-damage|p2a: Pecharunt|60/100 brn
|
|-damage|p2a: Pecharunt|54/100 brn|[from] brn
|upkeep
|turn|20
|
|t:|1776068713
|move|p2a: Pecharunt|Recover|p2a: Pecharunt
|-heal|p2a: Pecharunt|100/100 brn
|move|p1a: Gain through Pain|Foul Play|p2a: Pecharunt
|-supereffective|p2a: Pecharunt
|-damage|p2a: Pecharunt|75/100 brn
|
|-damage|p2a: Pecharunt|69/100 brn|[from] brn
|upkeep
|turn|21
|
|t:|1776068718
|move|p2a: Pecharunt|Malignant Chain|p1a: Gain through Pain
|-damage|p1a: Gain through Pain|75/100
|move|p1a: Gain through Pain|Foul Play|p2a: Pecharunt
|-supereffective|p2a: Pecharunt
|-damage|p2a: Pecharunt|42/100 brn
|
|-damage|p2a: Pecharunt|36/100 brn|[from] brn
|upkeep
|turn|22
|
|t:|1776068723
|move|p2a: Pecharunt|Recover|p2a: Pecharunt
|-heal|p2a: Pecharunt|86/100 brn
|move|p1a: Gain through Pain|Foul Play|p2a: Pecharunt
|-supereffective|p2a: Pecharunt
|-damage|p2a: Pecharunt|59/100 brn
|
|-damage|p2a: Pecharunt|53/100 brn|[from] brn
|upkeep
|turn|23
|
|t:|1776068726
|move|p2a: Pecharunt|Recover|p2a: Pecharunt
|-heal|p2a: Pecharunt|100/100 brn
|move|p1a: Gain through Pain|Foul Play|p2a: Pecharunt
|-supereffective|p2a: Pecharunt
|-damage|p2a: Pecharunt|72/100 brn
|
|-damage|p2a: Pecharunt|66/100 brn|[from] brn
|upkeep
|turn|24
|
|t:|1776068730
|move|p2a: Pecharunt|Malignant Chain|p1a: Gain through Pain
|-damage|p1a: Gain through Pain|46/100
|-status|p1a: Gain through Pain|tox
|-start|p1a: Gain through Pain|confusion|[from] ability: Poison Puppeteer|[of] p2a: Pecharunt
|-activate|p1a: Gain through Pain|confusion
|move|p1a: Gain through Pain|Roost|p1a: Gain through Pain
|-heal|p1a: Gain through Pain|96/100 tox
|-singleturn|p1a: Gain through Pain|move: Roost
|
|-damage|p1a: Gain through Pain|90/100 tox|[from] psn
|-damage|p2a: Pecharunt|60/100 brn|[from] brn
|upkeep
|turn|25
|
|t:|1776068742
|switch|p2a: Darkrai|Darkrai|100/100
|-activate|p1a: Gain through Pain|confusion
|move|p1a: Gain through Pain|Foul Play|p2a: Darkrai
|-resisted|p2a: Darkrai
|-damage|p2a: Darkrai|83/100
|
|-damage|p1a: Gain through Pain|78/100 tox|[from] psn
|upkeep
|turn|26
|
|t:|1776068749
|move|p2a: Darkrai|Ice Beam|p1a: Gain through Pain
|-supereffective|p1a: Gain through Pain
|-damage|p1a: Gain through Pain|20/100 tox
|-end|p1a: Gain through Pain|confusion
|move|p1a: Gain through Pain|Toxic|p2a: Darkrai
|-status|p2a: Darkrai|tox
|
|-damage|p2a: Darkrai|77/100 tox|[from] psn
|-damage|p1a: Gain through Pain|2/100 tox|[from] psn
|upkeep
|turn|27
|
|t:|1776068761
|move|p2a: Darkrai|Ice Beam|p1a: Gain through Pain
|-supereffective|p1a: Gain through Pain
|-damage|p1a: Gain through Pain|0 fnt
|faint|p1a: Gain through Pain
|
|-damage|p2a: Darkrai|65/100 tox|[from] psn
|upkeep
|
|t:|1776068765
|switch|p1a: UURGGHHH|Raging Bolt, tera:Fairy|100/100
|-damage|p1a: UURGGHHH|88/100|[from] Stealth Rock
|turn|28
|
|t:|1776068771
|switch|p2a: Gholdengo|Gholdengo|73/100
|move|p1a: UURGGHHH|Calm Mind|p1a: UURGGHHH
|-boost|p1a: UURGGHHH|spa|1
|-boost|p1a: UURGGHHH|spd|1
|
|-heal|p1a: UURGGHHH|94/100|[from] item: Leftovers
|upkeep
|turn|29
|
|t:|1776068775
|move|p1a: UURGGHHH|Thunderclap|p2a: Gholdengo
|-damage|p2a: Gholdengo|6/100
|move|p2a: Gholdengo|Make It Rain|p1a: UURGGHHH
|-supereffective|p1a: UURGGHHH
|-damage|p1a: UURGGHHH|15/100
|-unboost|p2a: Gholdengo|spa|1
|
|-heal|p1a: UURGGHHH|21/100|[from] item: Leftovers
|upkeep
|turn|30
|
|t:|1776068782
|move|p1a: UURGGHHH|Thunderclap|p2a: Gholdengo
|-damage|p2a: Gholdengo|0 fnt
|faint|p2a: Gholdengo
|
|-heal|p1a: UURGGHHH|27/100|[from] item: Leftovers
|upkeep
|
|t:|1776068784
|switch|p2a: Dragonite|Dragonite, F|100/100
|turn|31
|
|t:|1776068788
|move|p2a: Dragonite|Extreme Speed|p1a: UURGGHHH
|-damage|p1a: UURGGHHH|1/100
|move|p1a: UURGGHHH|Dragon Pulse|p2a: Dragonite
|-supereffective|p2a: Dragonite
|-damage|p2a: Dragonite|19/100
|
|-heal|p1a: UURGGHHH|7/100|[from] item: Leftovers
|upkeep
|turn|32
|
|t:|1776068793
|move|p2a: Dragonite|Extreme Speed|p1a: UURGGHHH
|-damage|p1a: UURGGHHH|0 fnt
|faint|p1a: UURGGHHH
|-end|p1a: UURGGHHH|Protosynthesis|[silent]
|
|upkeep
|
|t:|1776068798
|switch|p1a: BLEHHH|Kyurem, shiny|100/100
|-damage|p1a: BLEHHH|76/100|[from] Stealth Rock
|-ability|p1a: BLEHHH|Pressure
|turn|33
|
|t:|1776068811
|switch|p2a: Pecharunt|Pecharunt|60/100 brn
|move|p1a: BLEHHH|Scale Shot|p2a: Pecharunt
|-damage|p2a: Pecharunt|50/100 brn
|-damage|p2a: Pecharunt|42/100 brn
|-damage|p2a: Pecharunt|33/100 brn
|-damage|p2a: Pecharunt|23/100 brn
|-hitcount|p2a: Pecharunt|4
|-unboost|p1a: BLEHHH|def|1
|-boost|p1a: BLEHHH|spe|1
|
|-damage|p2a: Pecharunt|17/100 brn|[from] brn
|upkeep
|turn|34
|
|t:|1776068815
|move|p1a: BLEHHH|Scale Shot|p2a: Pecharunt
|-damage|p2a: Pecharunt|9/100 brn
|-damage|p2a: Pecharunt|0 fnt
|faint|p2a: Pecharunt
|-hitcount|p2: Pecharunt|2
|-unboost|p1a: BLEHHH|def|1
|-boost|p1a: BLEHHH|spe|1
|
|upkeep
|
|t:|1776068830
|switch|p2a: Ting-Lu|Ting-Lu|64/100
|-ability|p2a: Ting-Lu|Vessel of Ruin
|turn|35
|
|t:|1776068838
|move|p1a: BLEHHH|Icicle Spear|p2a: Ting-Lu
|-supereffective|p2a: Ting-Lu
|-damage|p2a: Ting-Lu|49/100
|-supereffective|p2a: Ting-Lu
|-damage|p2a: Ting-Lu|35/100
|-supereffective|p2a: Ting-Lu
|-damage|p2a: Ting-Lu|21/100
|-supereffective|p2a: Ting-Lu
|-damage|p2a: Ting-Lu|7/100
|-supereffective|p2a: Ting-Lu
|-damage|p2a: Ting-Lu|0 fnt
|faint|p2a: Ting-Lu
|-hitcount|p2: Ting-Lu|5
|
|upkeep
|
|t:|1776068848
|switch|p2a: Dragonite|Dragonite, F|19/100
|turn|36
|
|t:|1776068850
|switch|p1a: Fire to Ashes|Cinderace, F|100/100
|move|p2a: Dragonite|Extreme Speed|p1a: Fire to Ashes
|-damage|p1a: Fire to Ashes|56/100
|
|upkeep
|turn|37
|
|t:|1776068861
|switch|p2a: Darkrai|Darkrai|65/100 tox
|move|p1a: Fire to Ashes|Pyro Ball|p2a: Darkrai
|-damage|p2a: Darkrai|0 fnt
|faint|p2a: Darkrai
|
|upkeep
|
|t:|1776068863
|switch|p2a: Dragonite|Dragonite, F|19/100
|turn|38
|
|t:|1776068866
|-terastallize|p2a: Dragonite|Normal
|move|p2a: Dragonite|Extreme Speed|p1a: Fire to Ashes
|-damage|p1a: Fire to Ashes|0 fnt
|faint|p1a: Fire to Ashes
|
|upkeep
|
|t:|1776068869
|switch|p1a: BLEHHH|Kyurem, shiny|76/100
|-damage|p1a: BLEHHH|51/100|[from] Stealth Rock
|-ability|p1a: BLEHHH|Pressure
|turn|39
|
|t:|1776068872
|move|p2a: Dragonite|Extreme Speed|p1a: BLEHHH
|-damage|p1a: BLEHHH|8/100
|move|p1a: BLEHHH|Icicle Spear|p2a: Dragonite
|-damage|p2a: Dragonite|2/100
|-damage|p2a: Dragonite|0 fnt
|faint|p2a: Dragonite
|-hitcount|p2: Dragonite|2
|
|win|scarry.exe
|raw|scarry.exe's rating: 1353 &rarr; <strong>1372</strong><br />(+19 for winning)
|raw|aaopp's rating: 1327 &rarr; <strong>1308</strong><br />(-19 for losing)
|l|☆scarry.exe
|player|p1|
|l|☆aaopp
|player|p2|
