|html|<div class="broadcast-blue"><strong>[Gen 9] OU is currently suspecting Volcarona! For information on how to participate check out the <a href="https://www.smogon.com/tools/suspects/view/208">suspect thread</a>.</strong></div>
|j|‽itiksane
|j|☆Skhoooler
|t:|1778502420
|gametype|singles
|player|p1|itiksane|265|1089
|player|p2|Skhoooler|1|1082
|gen|9
|tier|[Gen 9] OU
|rated|
|rule|HP Percentage Mod: HP is shown in percentages
|rule|Endless Battle Clause: Forcing endless battles is banned
|rule|Species Clause: Limit one of each Pokémon
|rule|OHKO Clause: OHKO moves are banned
|rule|Evasion Items Clause: Evasion items are banned
|rule|Evasion Moves Clause: Evasion moves are banned
|rule|Evasion Abilities Clause: Evasion abilities are banned
|rule|Sleep Moves Clause: Sleep-inducing moves are banned
|clearpoke
|poke|p1|Magmortar, M|
|poke|p1|Azelf|
|poke|p1|Yanmega, M|
|poke|p1|Rampardos, F|
|poke|p1|Cyclizar, M|
|poke|p1|Bruxish, M|
|poke|p2|Gliscor, M|
|poke|p2|Grumpig, M|
|poke|p2|Hippowdon, M|
|poke|p2|Dragapult, F|
|poke|p2|Skarmory, M|
|poke|p2|Spidops, F|
|teampreview
|
|t:|1778502427
|teamsize|p1|6
|teamsize|p2|6
|start
|switch|p1a: Yanmega|Yanmega, M|100/100
|switch|p2a: Spidops|Spidops, F|100/100
|turn|1
|
|t:|1778502435
|-terastallize|p1a: Yanmega|Bug
|move|p1a: Yanmega|Bug Buzz|p2a: Spidops
|-damage|p2a: Spidops|0 fnt
|faint|p2a: Spidops
|
|upkeep
|
|t:|1778502444
|switch|p2a: Skarmory|Skarmory, M|100/100
|turn|2
|
|t:|1778502451
|switch|p1a: Bruxish|Bruxish, M|100/100
|move|p2a: Skarmory|Spikes|p1a: Bruxish
|-sidestart|p1: itiksane|Spikes
|
|upkeep
|turn|3
|
|t:|1778502456
|move|p1a: Bruxish|Swords Dance|p1a: Bruxish
|-boost|p1a: Bruxish|atk|2
|move|p2a: Skarmory|Spikes|p1a: Bruxish
|-sidestart|p1: itiksane|Spikes
|
|upkeep
|turn|4
|
|t:|1778502464
|move|p1a: Bruxish|Wave Crash|p2a: Skarmory
|-damage|p2a: Skarmory|39/100
|-damage|p1a: Bruxish|84/100|[from] item: Rocky Helmet|[of] p2a: Skarmory
|-damage|p1a: Bruxish|60/100|[from] Recoil
|move|p2a: Skarmory|Whirlwind|p1a: Bruxish
|drag|p1a: Cyclizar|Cyclizar, M|100/100
|-damage|p1a: Cyclizar|84/100|[from] Spikes
|
|upkeep
|turn|5
|
|t:|1778502476
|move|p1a: Cyclizar|Temper Flare|p2a: Skarmory
|-supereffective|p2a: Skarmory
|-damage|p2a: Skarmory|15/100
|-damage|p1a: Cyclizar|68/100|[from] item: Rocky Helmet|[of] p2a: Skarmory
|move|p2a: Skarmory|Body Press|p1a: Cyclizar
|-supereffective|p1a: Cyclizar
|-damage|p1a: Cyclizar|0 fnt
|faint|p1a: Cyclizar
|
|upkeep
|
|t:|1778502485
|switch|p1a: Azelf|Azelf|100/100
|turn|6
|
|t:|1778502490
|move|p1a: Azelf|Knock Off|p2a: Skarmory
|-damage|p2a: Skarmory|0 fnt
|-damage|p1a: Azelf|84/100|[from] item: Rocky Helmet|[of] p2a: Skarmory
|-enditem|p2a: Skarmory|Rocky Helmet|[from] move: Knock Off|[of] p1a: Azelf
|faint|p2a: Skarmory
|
|upkeep
|
|t:|1778502498
|switch|p2a: Grumpig|Grumpig, M|100/100
|turn|7
|
|t:|1778502502
|move|p1a: Azelf|Knock Off|p2a: Grumpig
|-supereffective|p2a: Grumpig
|-damage|p2a: Grumpig|19/100
|-enditem|p2a: Grumpig|Light Clay|[from] move: Knock Off|[of] p1a: Azelf
|move|p2a: Grumpig|Light Screen|p2a: Grumpig
|-sidestart|p2: Skhoooler|move: Light Screen
|
|upkeep
|turn|8
|
|t:|1778502508
|switch|p2a: Hippowdon|Hippowdon, M|100/100
|-weather|Sandstorm|[from] ability: Sand Stream|[of] p2a: Hippowdon
|move|p1a: Azelf|Knock Off|p2a: Hippowdon
|-crit|p2a: Hippowdon
|-damage|p2a: Hippowdon|65/100
|-enditem|p2a: Hippowdon|Leftovers|[from] move: Knock Off|[of] p1a: Azelf
|
|-weather|Sandstorm|[upkeep]
|-damage|p1a: Azelf|78/100|[from] Sandstorm
|upkeep
|turn|9
|
|t:|1778502520
|move|p1a: Azelf|Stealth Rock|p2a: Hippowdon
|-sidestart|p2: Skhoooler|move: Stealth Rock
|move|p2a: Hippowdon|Stealth Rock|p1a: Azelf
|-sidestart|p1: itiksane|move: Stealth Rock
|
|-weather|Sandstorm|[upkeep]
|-damage|p1a: Azelf|72/100|[from] Sandstorm
|upkeep
|turn|10
|
|t:|1778502529
|move|p1a: Azelf|Explosion|p2a: Hippowdon
|-damage|p2a: Hippowdon|6/100
|faint|p1a: Azelf
|move|p2a: Hippowdon|Whirlwind|p1: Azelf|[notarget]
|-fail|p2a: Hippowdon
|
|-weather|Sandstorm|[upkeep]
|upkeep
|
|t:|1778502538
|switch|p1a: Bruxish|Bruxish, M|60/100
|-damage|p1a: Bruxish|43/100|[from] Spikes
|-damage|p1a: Bruxish|31/100|[from] Stealth Rock
|turn|11
|
|t:|1778502549
|move|p1a: Bruxish|Psychic Fangs|p2a: Hippowdon
|-sideend|p2: Skhoooler|move: Light Screen
|-damage|p2a: Hippowdon|0 fnt
|faint|p2a: Hippowdon
|
|-weather|Sandstorm|[upkeep]
|-damage|p1a: Bruxish|25/100|[from] Sandstorm
|upkeep
|
|t:|1778502556
|switch|p2a: Dragapult|Dragapult, F|100/100
|turn|12
|
|t:|1778502561
|move|p2a: Dragapult|Sucker Punch||[still]
|cant|p1a: Bruxish|ability: Dazzling|Sucker Punch|[of] p2a: Dragapult
|move|p1a: Bruxish|Crunch|p2a: Dragapult
|-supereffective|p2a: Dragapult
|-damage|p2a: Dragapult|24/100
|
|-weather|none
|upkeep
|turn|13
|
|t:|1778502570
|move|p2a: Dragapult|Phantom Force||[still]
|-prepare|p2a: Dragapult|Phantom Force
|move|p1a: Bruxish|Crunch|p2a: Dragapult|[miss]
|-miss|p1a: Bruxish|p2a: Dragapult
|
|upkeep
|turn|14
|
|t:|1778502581
|move|p2a: Dragapult|Phantom Force|p1a: Bruxish|[from] lockedmove
|-supereffective|p1a: Bruxish
|-damage|p1a: Bruxish|0 fnt
|faint|p1a: Bruxish
|
|upkeep
|
|t:|1778502595
|switch|p1a: Magmortar|Magmortar, M|100/100
|-damage|p1a: Magmortar|84/100|[from] Spikes
|-damage|p1a: Magmortar|59/100|[from] Stealth Rock
|turn|15
|
|t:|1778502602
|move|p2a: Dragapult|Surf|p1a: Magmortar
|-supereffective|p1a: Magmortar
|-damage|p1a: Magmortar|6/100
|-enditem|p1a: Magmortar|Sitrus Berry|[eat]
|-heal|p1a: Magmortar|31/100|[from] item: Sitrus Berry
|move|p1a: Magmortar|Knock Off|p2a: Dragapult
|-supereffective|p2a: Dragapult
|-damage|p2a: Dragapult|0 fnt
|-enditem|p2a: Dragapult|Heavy-Duty Boots|[from] move: Knock Off|[of] p1a: Magmortar
|faint|p2a: Dragapult
|
|upkeep
|
|t:|1778502613
|switch|p2a: Gliscor|Gliscor, M|100/100
|-damage|p2a: Gliscor|88/100|[from] Stealth Rock
|turn|16
|
|t:|1778502620
|move|p2a: Gliscor|Protect|p2a: Gliscor
|-singleturn|p2a: Gliscor|Protect
|move|p1a: Magmortar|Knock Off|p2a: Gliscor
|-activate|p2a: Gliscor|move: Protect
|
|-status|p2a: Gliscor|tox|[from] item: Toxic Orb
|upkeep
|turn|17
|
|t:|1778502629
|move|p1a: Magmortar|Knock Off|p2a: Gliscor
|-damage|p2a: Gliscor|70/100 tox
|-enditem|p2a: Gliscor|Toxic Orb|[from] move: Knock Off|[of] p1a: Magmortar
|move|p2a: Gliscor|Toxic|p1a: Magmortar
|-status|p1a: Magmortar|tox
|
|-damage|p1a: Magmortar|24/100 tox|[from] psn
|-heal|p2a: Gliscor|82/100 tox|[from] ability: Poison Heal
|upkeep
|turn|18
|
|t:|1778502646
|move|p2a: Gliscor|Protect|p2a: Gliscor
|-singleturn|p2a: Gliscor|Protect
|move|p1a: Magmortar|Knock Off|p2a: Gliscor
|-activate|p2a: Gliscor|move: Protect
|
|-damage|p1a: Magmortar|12/100 tox|[from] psn
|-heal|p2a: Gliscor|94/100 tox|[from] ability: Poison Heal
|upkeep
|turn|19
|
|t:|1778502655
|move|p1a: Magmortar|Knock Off|p2a: Gliscor
|-damage|p2a: Gliscor|82/100 tox
|move|p2a: Gliscor|Knock Off|p1a: Magmortar
|-damage|p1a: Magmortar|0 fnt
|faint|p1a: Magmortar
|
|-heal|p2a: Gliscor|95/100 tox|[from] ability: Poison Heal
|upkeep
|
|t:|1778502664
|switch|p1a: Yanmega|Yanmega, M, tera:Bug|100/100
|-damage|p1a: Yanmega|84/100|[from] Spikes
|-damage|p1a: Yanmega|59/100|[from] Stealth Rock
|turn|20
|
|t:|1778502671
|move|p1a: Yanmega|Bug Buzz|p2a: Gliscor
|-resisted|p2a: Gliscor
|-damage|p2a: Gliscor|8/100 tox
|move|p2a: Gliscor|Toxic|p1a: Yanmega
|-status|p1a: Yanmega|tox
|
|-damage|p1a: Yanmega|53/100 tox|[from] psn
|-heal|p2a: Gliscor|21/100 tox|[from] ability: Poison Heal
|upkeep
|turn|21
|
|t:|1778502681
|move|p2a: Gliscor|Protect|p2a: Gliscor
|-singleturn|p2a: Gliscor|Protect
|move|p1a: Yanmega|Bug Buzz|p2a: Gliscor
|-activate|p2a: Gliscor|move: Protect
|
|-damage|p1a: Yanmega|41/100 tox|[from] psn
|-heal|p2a: Gliscor|33/100 tox|[from] ability: Poison Heal
|upkeep
|turn|22
|
|t:|1778502696
|move|p2a: Gliscor|Protect||[still]
|-fail|p2a: Gliscor
|move|p1a: Yanmega|Bug Buzz|p2a: Gliscor
|-resisted|p2a: Gliscor
|-damage|p2a: Gliscor|0 fnt
|faint|p2a: Gliscor
|
|-damage|p1a: Yanmega|23/100 tox|[from] psn
|upkeep
|
|t:|1778502705
|switch|p2a: Grumpig|Grumpig, M|19/100
|-damage|p2a: Grumpig|7/100|[from] Stealth Rock
|turn|23
|
|t:|1778502709
|move|p1a: Yanmega|Bug Buzz|p2a: Grumpig
|-supereffective|p2a: Grumpig
|-damage|p2a: Grumpig|0 fnt
|faint|p2a: Grumpig
|
|win|itiksane
|raw|itiksane's rating: 1089 &rarr; <strong>1115</strong><br />(+26 for winning)
|raw|Skhoooler's rating: 1082 &rarr; <strong>1060</strong><br />(-22 for losing)
|l|☆Skhoooler
|player|p2|
|l|‽itiksane
|player|p1|
