|html|<div class="broadcast-blue"><strong>[Gen 9] OU is currently suspecting Tera Blast! For information on how to participate check out the <a href="https://www.smogon.com/tools/suspects/view/200">suspect thread</a>.</strong></div>
|j|☆Anondree
|j|☆schlobberin
|t:|1776033622
|gametype|singles
|player|p1|Anondree|101|1520
|player|p2|schlobberin|elesa|1446
|gen|9
|tier|[Gen 9] OU
|rated|
|rule|HP Percentage Mod: HP is shown in percentages
|rule|Endless Battle Clause: Forcing endless battles is banned
|rule|Species Clause: Limit one of each Pokémon
|rule|OHKO Clause: OHKO moves are banned
|rule|Evasion Items Clause: Evasion items are banned
|rule|Evasion Moves Clause: Evasion moves are banned
|rule|Evasion Abilities Clause: Evasion abilities are banned
|rule|Sleep Moves Clause: Sleep-inducing moves are banned
|clearpoke
|poke|p1|Goodra-Hisui, M|
|poke|p1|Samurott-Hisui, M|
|poke|p1|Ting-Lu|
|poke|p1|Dragapult, M|
|poke|p1|Weezing-Galar, M|
|poke|p1|Ditto|
|poke|p2|Ting-Lu|
|poke|p2|Gholdengo|
|poke|p2|Zamazenta-*|
|poke|p2|Clefable, M|
|poke|p2|Dragonite, M|
|poke|p2|Deoxys-Speed|
|teampreview
|
|t:|1776033639
|teamsize|p1|6
|teamsize|p2|6
|start
|switch|p1a: Samurott|Samurott-Hisui, M|100/100
|switch|p2a: Clefable|Clefable, M|100/100
|turn|1
|
|t:|1776033646
|move|p1a: Samurott|Razor Shell|p2a: Clefable
|-damage|p2a: Clefable|61/100
|-damage|p1a: Samurott|84/100|[from] item: Rocky Helmet|[of] p2a: Clefable
|move|p2a: Clefable|Moonblast|p1a: Samurott
|-supereffective|p1a: Samurott
|-damage|p1a: Samurott|0 fnt
|faint|p1a: Samurott
|
|upkeep
|
|t:|1776033653
|switch|p1a: Goodra|Goodra-Hisui, M|100/100
|turn|2
|
|t:|1776033662
|switch|p2a: Gholdengo|Gholdengo|100/100
|move|p1a: Goodra|Curse|p1a: Goodra
|-unboost|p1a: Goodra|spe|1
|-boost|p1a: Goodra|atk|1
|-boost|p1a: Goodra|def|1
|
|upkeep
|turn|3
|
|t:|1776033670
|switch|p1a: Ditto|Ditto, shiny|100/100
|-transform|p1a: Ditto|p2a: Gholdengo|[from] ability: Imposter
|move|p2a: Gholdengo|Thunder Wave|p1a: Ditto
|-immune|p1a: Ditto|[from] ability: Good as Gold
|
|upkeep
|turn|4
|
|t:|1776033682
|switch|p2a: Ting-Lu|Ting-Lu|100/100
|-ability|p2a: Ting-Lu|Vessel of Ruin
|-terastallize|p1a: Ditto|Normal
|move|p1a: Ditto|Shadow Ball|p2a: Ting-Lu
|-resisted|p2a: Ting-Lu
|-damage|p2a: Ting-Lu|93/100
|
|upkeep
|turn|5
|
|t:|1776033695
|switch|p1a: Weezing|Weezing-Galar, M, shiny|100/100
|move|p2a: Ting-Lu|Spikes|p1a: Weezing
|-sidestart|p1: Anondree|Spikes
|
|upkeep
|turn|6
|
|t:|1776033701
|move|p1a: Weezing|Toxic Spikes|p2a: Ting-Lu
|-sidestart|p2: schlobberin|move: Toxic Spikes
|move|p2a: Ting-Lu|Ruination|p1a: Weezing
|-damage|p1a: Weezing|50/100
|
|upkeep
|turn|7
|
|t:|1776033703
|move|p1a: Weezing|Will-O-Wisp|p2a: Ting-Lu
|-status|p2a: Ting-Lu|brn
|move|p2a: Ting-Lu|Earthquake|p1a: Weezing
|-immune|p1a: Weezing|[from] ability: Levitate
|
|-damage|p2a: Ting-Lu|87/100 brn|[from] brn
|upkeep
|turn|8
|
|t:|1776033709
|move|p1a: Weezing|Defog|p2a: Ting-Lu
|-unboost|p2a: Ting-Lu|evasion|1
|-sideend|p2: schlobberin|Toxic Spikes|[from] move: Defog|[of] p1a: Weezing
|-sideend|p1: Anondree|Spikes|[from] move: Defog|[of] p1a: Weezing
|move|p2a: Ting-Lu|Spikes|p1a: Weezing
|-sidestart|p1: Anondree|Spikes
|
|-damage|p2a: Ting-Lu|81/100 brn|[from] brn
|upkeep
|turn|9
|
|t:|1776033712
|move|p1a: Weezing|Defog|p2a: Ting-Lu
|-unboost|p2a: Ting-Lu|evasion|1
|-sideend|p1: Anondree|Spikes|[from] move: Defog|[of] p1a: Weezing
|move|p2a: Ting-Lu|Whirlwind|p1a: Weezing
|drag|p1a: Ting-Lu|Ting-Lu|100/100
|-ability|p1a: Ting-Lu|Vessel of Ruin
|
|-damage|p2a: Ting-Lu|75/100 brn|[from] brn
|upkeep
|turn|10
|
|t:|1776033726
|move|p2a: Ting-Lu|Ruination|p1a: Ting-Lu
|-damage|p1a: Ting-Lu|50/100
|move|p1a: Ting-Lu|Stealth Rock|p2a: Ting-Lu
|-sidestart|p2: schlobberin|move: Stealth Rock
|
|-heal|p1a: Ting-Lu|57/100|[from] item: Leftovers
|-damage|p2a: Ting-Lu|69/100 brn|[from] brn
|upkeep
|turn|11
|
|t:|1776033737
|switch|p1a: Weezing|Weezing-Galar, M, shiny|50/100
|move|p2a: Ting-Lu|Spikes|p1a: Weezing
|-sidestart|p1: Anondree|Spikes
|
|-damage|p2a: Ting-Lu|62/100 brn|[from] brn
|upkeep
|turn|12
|
|t:|1776033750
|move|p1a: Weezing|Toxic Spikes|p2a: Ting-Lu
|-sidestart|p2: schlobberin|move: Toxic Spikes
|move|p2a: Ting-Lu|Ruination|p1a: Weezing
|-damage|p1a: Weezing|26/100
|
|-damage|p2a: Ting-Lu|56/100 brn|[from] brn
|upkeep
|turn|13
|
|t:|1776033755
|move|p1a: Weezing|Toxic Spikes|p2a: Ting-Lu
|-sidestart|p2: schlobberin|move: Toxic Spikes
|move|p2a: Ting-Lu|Spikes|p1a: Weezing
|-sidestart|p1: Anondree|Spikes
|
|-damage|p2a: Ting-Lu|50/100 brn|[from] brn
|upkeep
|turn|14
|
|t:|1776033769
|switch|p1a: Ditto|Ditto, shiny, tera:Normal|100/100
|-damage|p1a: Ditto|84/100|[from] Spikes
|-transform|p1a: Ditto|p2a: Ting-Lu|[from] ability: Imposter
|-ability|p1a: Ditto|Vessel of Ruin
|move|p2a: Ting-Lu|Spikes|p1a: Ditto
|-sidestart|p1: Anondree|Spikes
|
|-damage|p2a: Ting-Lu|44/100 brn|[from] brn
|upkeep
|turn|15
|
|t:|1776033773
|move|p2a: Ting-Lu|Ruination|p1a: Ditto
|-damage|p1a: Ditto|42/100
|move|p1a: Ditto|Whirlwind|p2a: Ting-Lu
|drag|p2a: Gholdengo|Gholdengo|100/100
|
|upkeep
|turn|16
|
|t:|1776033786
|switch|p1a: Ting-Lu|Ting-Lu|57/100
|-damage|p1a: Ting-Lu|32/100|[from] Spikes
|-ability|p1a: Ting-Lu|Vessel of Ruin
|move|p2a: Gholdengo|Make It Rain|p1a: Ting-Lu
|-damage|p1a: Ting-Lu|7/100
|-unboost|p2a: Gholdengo|spa|1
|
|-heal|p1a: Ting-Lu|13/100|[from] item: Leftovers
|upkeep
|turn|17
|
|t:|1776033789
|move|p2a: Gholdengo|Make It Rain|p1a: Ting-Lu
|-damage|p1a: Ting-Lu|0 fnt
|-unboost|p2a: Gholdengo|spa|1
|faint|p1a: Ting-Lu
|
|upkeep
|
|t:|1776033792
|switch|p1a: Dragapult|Dragapult, M|100/100
|turn|18
|
|t:|1776033795
|switch|p2a: Ting-Lu|Ting-Lu|44/100 brn
|-damage|p2a: Ting-Lu|37/100 brn|[from] Stealth Rock
|-ability|p2a: Ting-Lu|Vessel of Ruin
|move|p1a: Dragapult|Substitute|p1a: Dragapult
|-start|p1a: Dragapult|Substitute
|-damage|p1a: Dragapult|76/100
|
|-damage|p2a: Ting-Lu|31/100 brn|[from] brn
|upkeep
|turn|19
|
|t:|1776033798
|move|p1a: Dragapult|Hex|p2a: Ting-Lu
|-resisted|p2a: Ting-Lu
|-damage|p2a: Ting-Lu|21/100 brn
|move|p2a: Ting-Lu|Whirlwind|p1a: Dragapult
|drag|p1a: Goodra|Goodra-Hisui, M|100/100
|-damage|p1a: Goodra|75/100|[from] Spikes
|
|-heal|p1a: Goodra|82/100|[from] item: Leftovers
|-damage|p2a: Ting-Lu|15/100 brn|[from] brn
|upkeep
|turn|20
|
|t:|1776033804
|move|p1a: Goodra|Iron Head|p2a: Ting-Lu
|-damage|p2a: Ting-Lu|0 fnt
|-damage|p1a: Goodra|65/100|[from] item: Rocky Helmet|[of] p2a: Ting-Lu
|faint|p2a: Ting-Lu
|
|-heal|p1a: Goodra|72/100|[from] item: Leftovers
|upkeep
|
|t:|1776033816
|switch|p2a: Dragonite|Dragonite, M|100/100
|turn|21
|
|t:|1776033819
|move|p2a: Dragonite|Earthquake|p1a: Goodra
|-supereffective|p1a: Goodra
|-damage|p1a: Goodra|2/100
|move|p1a: Goodra|Dragon Tail|p2a: Dragonite
|-supereffective|p2a: Dragonite
|-damage|p2a: Dragonite|83/100
|drag|p2a: Clefable|Clefable, M|61/100
|-status|p2a: Clefable|tox
|
|-heal|p1a: Goodra|8/100|[from] item: Leftovers
|upkeep
|turn|22
|
|t:|1776033828
|move|p2a: Clefable|Moonlight|p2a: Clefable
|-heal|p2a: Clefable|100/100 tox
|move|p1a: Goodra|Rest|p1a: Goodra
|-status|p1a: Goodra|slp|[from] move: Rest
|-heal|p1a: Goodra|100/100 slp|[silent]
|
|upkeep
|turn|23
|
|t:|1776033835
|move|p2a: Clefable|Knock Off|p1a: Goodra
|-damage|p1a: Goodra|88/100 slp
|-enditem|p1a: Goodra|Leftovers|[from] move: Knock Off|[of] p2a: Clefable
|cant|p1a: Goodra|slp
|
|upkeep
|turn|24
|inactive|Battle timer is ON: inactive players will automatically lose when time's up. (requested by Anondree)
|
|t:|1776033840
|switch|p2a: Dragonite|Dragonite, M|83/100
|cant|p1a: Goodra|slp
|
|upkeep
|turn|25
|
|t:|1776033843
|switch|p1a: Weezing|Weezing-Galar, M, shiny|26/100
|move|p2a: Dragonite|Earthquake|p1a: Weezing
|-immune|p1a: Weezing|[from] ability: Levitate
|
|upkeep
|turn|26
|
|t:|1776033849
|-terastallize|p2a: Dragonite|Normal
|move|p2a: Dragonite|Extreme Speed|p1a: Weezing
|-damage|p1a: Weezing|0 fnt
|-damage|p2a: Dragonite|66/100|[from] item: Rocky Helmet|[of] p1a: Weezing
|faint|p1a: Weezing
|
|upkeep
|
|t:|1776033859
|switch|p1a: Dragapult|Dragapult, M|76/100
|turn|27
|
|t:|1776033864
|move|p1a: Dragapult|Will-O-Wisp|p2a: Dragonite
|-status|p2a: Dragonite|brn
|move|p2a: Dragonite|Dragon Tail|p1a: Dragapult
|-supereffective|p1a: Dragapult
|-damage|p1a: Dragapult|31/100
|drag|p1a: Ditto|Ditto, shiny, tera:Normal|42/100
|-damage|p1a: Ditto|17/100|[from] Spikes
|-transform|p1a: Ditto|p2a: Dragonite|[from] ability: Imposter
|
|-damage|p2a: Dragonite|60/100 brn|[from] brn
|upkeep
|turn|28
|
|t:|1776033875
|move|p2a: Dragonite|Extreme Speed|p1a: Ditto
|-damage|p1a: Ditto|0 fnt
|faint|p1a: Ditto
|
|-damage|p2a: Dragonite|54/100 brn|[from] brn
|upkeep
|
|t:|1776033880
|switch|p1a: Goodra|Goodra-Hisui, M|88/100 slp
|-damage|p1a: Goodra|63/100 slp|[from] Spikes
|turn|29
|
|t:|1776033887
|move|p2a: Dragonite|Earthquake|p1a: Goodra
|-supereffective|p1a: Goodra
|-damage|p1a: Goodra|27/100 slp
|-curestatus|p1a: Goodra|slp|[msg]
|move|p1a: Goodra|Curse|p1a: Goodra
|-unboost|p1a: Goodra|spe|1
|-boost|p1a: Goodra|atk|1
|-boost|p1a: Goodra|def|1
|
|-damage|p2a: Dragonite|48/100 brn|[from] brn
|upkeep
|turn|30
|
|t:|1776033891
|move|p1a: Goodra|Rest|p1a: Goodra
|-status|p1a: Goodra|slp|[from] move: Rest
|-heal|p1a: Goodra|100/100 slp|[silent]
|move|p2a: Dragonite|Dragon Tail|p1a: Goodra
|-damage|p1a: Goodra|91/100 slp
|drag|p1a: Dragapult|Dragapult, M|31/100
|
|-damage|p2a: Dragonite|42/100 brn|[from] brn
|upkeep
|turn|31
|
|t:|1776033901
|move|p1a: Dragapult|Thunder Wave|p2a: Dragonite|[miss]
|-miss|p1a: Dragapult|p2a: Dragonite
|move|p2a: Dragonite|Roost|p2a: Dragonite
|-heal|p2a: Dragonite|92/100 brn
|
|-damage|p2a: Dragonite|85/100 brn|[from] brn
|upkeep
|turn|32
|
|t:|1776033904
|move|p1a: Dragapult|Hex|p2a: Dragonite
|-immune|p2a: Dragonite
|move|p2a: Dragonite|Earthquake|p1a: Dragapult
|-damage|p1a: Dragapult|7/100
|
|-damage|p2a: Dragonite|79/100 brn|[from] brn
|upkeep
|turn|33
|
|t:|1776033907
|move|p1a: Dragapult|Hex|p2a: Dragonite
|-immune|p2a: Dragonite
|move|p2a: Dragonite|Earthquake|p1a: Dragapult
|-damage|p1a: Dragapult|0 fnt
|faint|p1a: Dragapult
|
|-damage|p2a: Dragonite|73/100 brn|[from] brn
|upkeep
|
|t:|1776033909
|switch|p1a: Goodra|Goodra-Hisui, M|91/100 slp
|-damage|p1a: Goodra|66/100 slp|[from] Spikes
|turn|34
|-message|Anondree forfeited.
|
|win|schlobberin
|raw|Anondree's rating: 1520 &rarr; <strong>1495</strong><br />(-25 for losing)
|raw|schlobberin's rating: 1425 &rarr; <strong>1450</strong><br />(+25 for winning)
|l|☆Anondree
|player|p1|
|l|☆schlobberin
|player|p2|
