|html|<div class="broadcast-blue"><strong>[Gen 9] OU is currently suspecting Tera Blast! For information on how to participate check out the <a href="https://www.smogon.com/tools/suspects/view/200">suspect thread</a>.</strong></div>
|j|☆pekkitou
|j|☆Dragonpetim
|t:|1776347179
|gametype|singles
|player|p1|pekkitou|102|1207
|player|p2|Dragonpetim|blackbelt|1174
|gen|9
|tier|[Gen 9] OU
|rated|
|rule|HP Percentage Mod: HP is shown in percentages
|rule|Endless Battle Clause: Forcing endless battles is banned
|rule|Species Clause: Limit one of each Pokémon
|rule|OHKO Clause: OHKO moves are banned
|rule|Evasion Items Clause: Evasion items are banned
|rule|Evasion Moves Clause: Evasion moves are banned
|rule|Evasion Abilities Clause: Evasion abilities are banned
|rule|Sleep Moves Clause: Sleep-inducing moves are banned
|clearpoke
|poke|p1|Raging Bolt|
|poke|p1|Ribombee, M|
|poke|p1|Gholdengo|
|poke|p1|Great Tusk|
|poke|p1|Ogerpon-Cornerstone, F|
|poke|p1|Ceruledge, F|
|poke|p2|Charizard, M|
|poke|p2|Torkoal, M|
|poke|p2|Spiritomb, M|
|poke|p2|Hydrapple, M|
|poke|p2|Scizor, M|
|poke|p2|Deoxys-Speed|
|teampreview
|inactive|Battle timer is ON: inactive players will automatically lose when time's up. (requested by Dragonpetim)
|inactive|pekkitou also wants the timer to be on.
|
|t:|1776347192
|teamsize|p1|6
|teamsize|p2|6
|start
|switch|p1a: Ribombee|Ribombee, M, shiny|100/100
|switch|p2a: Deoxys|Deoxys-Speed|100/100
|-ability|p2a: Deoxys|Pressure
|turn|1
|
|t:|1776347204
|move|p2a: Deoxys|Psycho Boost|p1a: Ribombee
|-enditem|p1a: Ribombee|Focus Sash
|-damage|p1a: Ribombee|1/100
|-unboost|p2a: Deoxys|spa|2
|-enditem|p2a: Deoxys|Eject Pack
|
|t:|1776347213
|switch|p2a: U (SHELL) NOT PASS|Torkoal, M|100/100
|-weather|SunnyDay|[from] ability: Drought|[of] p2a: U (SHELL) NOT PASS
|move|p1a: Ribombee|Sticky Web|p2a: U (SHELL) NOT PASS
|-sidestart|p2: Dragonpetim|move: Sticky Web
|
|-weather|SunnyDay|[upkeep]
|upkeep
|turn|2
|
|t:|1776347226
|switch|p1a: Gholdengo|Gholdengo|100/100
|-item|p1a: Gholdengo|Air Balloon
|move|p2a: U (SHELL) NOT PASS|Rapid Spin|p1a: Gholdengo
|-immune|p1a: Gholdengo
|
|-weather|SunnyDay|[upkeep]
|upkeep
|turn|3
|
|t:|1776347242
|-terastallize|p1a: Gholdengo|Fairy
|move|p1a: Gholdengo|Nasty Plot|p1a: Gholdengo
|-boost|p1a: Gholdengo|spa|2
|move|p2a: U (SHELL) NOT PASS|Stealth Rock|p1a: Gholdengo
|-sidestart|p1: pekkitou|move: Stealth Rock
|
|-weather|SunnyDay|[upkeep]
|upkeep
|turn|4
|
|t:|1776347254
|switch|p2a: FAAAAAAAAAAA|Charizard, M|100/100
|move|p1a: Gholdengo|Shadow Ball|p2a: FAAAAAAAAAAA
|-damage|p2a: FAAAAAAAAAAA|13/100
|
|-weather|SunnyDay|[upkeep]
|-damage|p2a: FAAAAAAAAAAA|1/100|[from] ability: Solar Power|[of] p2a: FAAAAAAAAAAA
|upkeep
|turn|5
|
|t:|1776347270
|move|p2a: FAAAAAAAAAAA|Fire Blast|p1a: Gholdengo
|-damage|p1a: Gholdengo|0 fnt
|-enditem|p1a: Gholdengo|Air Balloon
|faint|p1a: Gholdengo
|
|-weather|SunnyDay|[upkeep]
|-damage|p2a: FAAAAAAAAAAA|0 fnt|[from] ability: Solar Power|[of] p2a: FAAAAAAAAAAA
|faint|p2a: FAAAAAAAAAAA
|upkeep
|inactive|pekkitou has 120 seconds left.
|c|☆pekkitou|Gotta go
|c|☆pekkitou|ggs wp
|
|t:|1776347296
|switch|p2a: Red Scyther|Scizor, M|100/100
|switch|p1a: Ogerpon|Ogerpon-Cornerstone, F|100/100
|-damage|p1a: Ogerpon|88/100|[from] Stealth Rock
|-activate|p2a: Red Scyther|move: Sticky Web
|-unboost|p2a: Red Scyther|spe|1
|turn|6
|
|t:|1776347303
|move|p1a: Ogerpon|Knock Off|p2a: Red Scyther
|-crit|p2a: Red Scyther
|-damage|p2a: Red Scyther|24/100
|-enditem|p2a: Red Scyther|Life Orb|[from] move: Knock Off|[of] p1a: Ogerpon
|move|p2a: Red Scyther|Swords Dance|p2a: Red Scyther
|-boost|p2a: Red Scyther|atk|2
|
|-weather|SunnyDay|[upkeep]
|upkeep
|turn|7
|inactive|pekkitou has 120 seconds left.
|
|t:|1776347317
|switch|p1a: Great Tusk|Great Tusk|100/100
|-damage|p1a: Great Tusk|98/100|[from] Stealth Rock
|-activate|p1a: Great Tusk|ability: Protosynthesis
|-start|p1a: Great Tusk|protosynthesisatk
|move|p2a: Red Scyther|Bullet Punch|p1a: Great Tusk
|-damage|p1a: Great Tusk|50/100
|
|-weather|SunnyDay|[upkeep]
|upkeep
|turn|8
|inactive|pekkitou has 120 seconds left.
|
|t:|1776347328
|-terastallize|p2a: Red Scyther|Steel
|move|p2a: Red Scyther|Bullet Punch|p1a: Great Tusk
|-damage|p1a: Great Tusk|0 fnt
|faint|p1a: Great Tusk
|-end|p1a: Great Tusk|Protosynthesis|[silent]
|
|-weather|none
|upkeep
|inactive|pekkitou has 120 seconds left.
|
|t:|1776347336
|switch|p1a: Raging Bolt|Raging Bolt|100/100
|-damage|p1a: Raging Bolt|88/100|[from] Stealth Rock
|-enditem|p1a: Raging Bolt|Booster Energy
|-activate|p1a: Raging Bolt|ability: Protosynthesis|[fromitem]
|-start|p1a: Raging Bolt|protosynthesisspa
|turn|9
|
|t:|1776347346
|move|p2a: Red Scyther|Bullet Punch|p1a: Raging Bolt
|-resisted|p1a: Raging Bolt
|-damage|p1a: Raging Bolt|45/100
|move|p1a: Raging Bolt|Calm Mind|p1a: Raging Bolt
|-boost|p1a: Raging Bolt|spa|1
|-boost|p1a: Raging Bolt|spd|1
|
|upkeep
|turn|10
|
|t:|1776347362
|switch|p2a: U (SHELL) NOT PASS|Torkoal, M|100/100
|-activate|p2a: U (SHELL) NOT PASS|move: Sticky Web
|-unboost|p2a: U (SHELL) NOT PASS|spe|1
|-weather|SunnyDay|[from] ability: Drought|[of] p2a: U (SHELL) NOT PASS
|move|p1a: Raging Bolt|Thunderbolt|p2a: U (SHELL) NOT PASS
|-damage|p2a: U (SHELL) NOT PASS|0 fnt
|faint|p2a: U (SHELL) NOT PASS
|
|-weather|SunnyDay|[upkeep]
|upkeep
|
|t:|1776347377
|switch|p2a: Bed Boy|Spiritomb, M|100/100
|-activate|p2a: Bed Boy|move: Sticky Web
|-unboost|p2a: Bed Boy|spe|1
|turn|11
|c|☆pekkitou|nvm
|c|☆pekkitou|i can finish the match
|
|t:|1776347389
|move|p1a: Raging Bolt|Thunderbolt|p2a: Bed Boy
|-damage|p2a: Bed Boy|13/100
|move|p2a: Bed Boy|Trick|p1a: Raging Bolt
|-activate|p2a: Bed Boy|move: Trick|[of] p1a: Raging Bolt
|-item|p1a: Raging Bolt|Lagging Tail|[from] move: Trick
|-enditem|p2a: Bed Boy|Lagging Tail|[silent]|[from] move: Trick
|
|-weather|SunnyDay|[upkeep]
|upkeep
|turn|12
|
|t:|1776347396
|move|p1a: Raging Bolt|Thunderclap||[still]
|-fail|p1a: Raging Bolt
|move|p2a: Bed Boy|Confuse Ray|p1a: Raging Bolt
|-start|p1a: Raging Bolt|confusion
|
|-weather|SunnyDay|[upkeep]
|upkeep
|turn|13
|
|t:|1776347402
|-activate|p1a: Raging Bolt|confusion
|-damage|p1a: Raging Bolt|39/100|[from] confusion
|move|p2a: Bed Boy|Dark Pulse|p1a: Raging Bolt
|-damage|p1a: Raging Bolt|22/100
|
|-weather|SunnyDay|[upkeep]
|upkeep
|turn|14
|c|☆pekkitou|Okay you guys in this format got the weirdest sets ong
|
|t:|1776347424
|-activate|p1a: Raging Bolt|confusion
|move|p1a: Raging Bolt|Thunderclap||[still]
|-fail|p1a: Raging Bolt
|move|p2a: Bed Boy|Pain Split|p1a: Raging Bolt
|-sethp|p1a: Raging Bolt|16/100|[from] move: Pain Split|[silent]
|-sethp|p2a: Bed Boy|21/100|[from] move: Pain Split
|
|-weather|SunnyDay|[upkeep]
|upkeep
|turn|15
|
|t:|1776347436
|-activate|p1a: Raging Bolt|confusion
|-damage|p1a: Raging Bolt|10/100|[from] confusion
|move|p2a: Bed Boy|Dark Pulse|p1a: Raging Bolt
|-damage|p1a: Raging Bolt|0 fnt
|faint|p1a: Raging Bolt
|-end|p1a: Raging Bolt|Protosynthesis|[silent]
|
|-weather|SunnyDay|[upkeep]
|upkeep
|c|☆Dragonpetim|XD
|
|t:|1776347446
|switch|p1a: Ogerpon|Ogerpon-Cornerstone, F|88/100
|-damage|p1a: Ogerpon|76/100|[from] Stealth Rock
|turn|16
|
|t:|1776347457
|move|p1a: Ogerpon|Knock Off|p2a: Bed Boy
|-damage|p2a: Bed Boy|0 fnt
|faint|p2a: Bed Boy
|
|-weather|SunnyDay|[upkeep]
|upkeep
|
|t:|1776347467
|switch|p2a: What FK Is That?|Hydrapple, M|100/100
|-activate|p2a: What FK Is That?|move: Sticky Web
|-unboost|p2a: What FK Is That?|spe|1
|turn|17
|
|t:|1776347474
|switch|p1a: Ribombee|Ribombee, M, shiny|1/100
|-damage|p1a: Ribombee|0 fnt|[from] Stealth Rock
|faint|p1a: Ribombee
|move|p2a: What FK Is That?|Body Press|p1: Ribombee|[notarget]
|-fail|p2a: What FK Is That?
|
|-weather|none
|upkeep
|
|t:|1776347482
|switch|p1a: Ceruledge|Ceruledge, F, shiny|100/100
|-damage|p1a: Ceruledge|76/100|[from] Stealth Rock
|turn|18
|
|t:|1776347489
|move|p1a: Ceruledge|Swords Dance|p1a: Ceruledge
|-boost|p1a: Ceruledge|atk|2
|move|p2a: What FK Is That?|Earth Power|p1a: Ceruledge
|-supereffective|p1a: Ceruledge
|-damage|p1a: Ceruledge|14/100
|
|upkeep
|turn|19
|
|t:|1776347498
|move|p1a: Ceruledge|Poltergeist|p2a: What FK Is That?
|-activate|p2a: What FK Is That?|move: Poltergeist|Assault Vest
|-crit|p2a: What FK Is That?
|-damage|p2a: What FK Is That?|0 fnt
|faint|p2a: What FK Is That?
|
|upkeep
|
|t:|1776347504
|switch|p2a: Red Scyther|Scizor, M, tera:Steel|24/100
|-activate|p2a: Red Scyther|move: Sticky Web
|-unboost|p2a: Red Scyther|spe|1
|turn|20
|
|t:|1776347508
|move|p1a: Ceruledge|Shadow Sneak|p2a: Red Scyther
|-damage|p2a: Red Scyther|0 fnt
|faint|p2a: Red Scyther
|
|upkeep
|
|t:|1776347511
|switch|p2a: Deoxys|Deoxys-Speed|100/100
|-activate|p2a: Deoxys|move: Sticky Web
|-unboost|p2a: Deoxys|spe|1
|-ability|p2a: Deoxys|Pressure
|turn|21
|c|☆Dragonpetim|gg
|
|t:|1776347519
|move|p1a: Ceruledge|Shadow Sneak|p2a: Deoxys
|-supereffective|p2a: Deoxys
|-damage|p2a: Deoxys|0 fnt
|faint|p2a: Deoxys
|
|win|pekkitou
|raw|pekkitou's rating: 1207 &rarr; <strong>1230</strong><br />(+23 for winning)
|raw|Dragonpetim's rating: 1174 &rarr; <strong>1151</strong><br />(-23 for losing)
|l|☆Dragonpetim
|player|p2|
|c|☆pekkitou|ggs
