|html|<div class="broadcast-blue"><strong>[Gen 9] OU is currently suspecting Tera Blast! For information on how to participate check out the <a href="https://www.smogon.com/tools/suspects/view/200">suspect thread</a>.</strong></div>
|j|☆abate fabs
|j|☆bobo08140
|t:|1776099412
|gametype|singles
|player|p1|abate fabs|touristf|1274
|player|p2|bobo08140|cynthia-gen4|1248
|gen|9
|tier|[Gen 9] OU
|rated|
|rule|HP Percentage Mod: HP is shown in percentages
|rule|Endless Battle Clause: Forcing endless battles is banned
|rule|Species Clause: Limit one of each Pokémon
|rule|OHKO Clause: OHKO moves are banned
|rule|Evasion Items Clause: Evasion items are banned
|rule|Evasion Moves Clause: Evasion moves are banned
|rule|Evasion Abilities Clause: Evasion abilities are banned
|rule|Sleep Moves Clause: Sleep-inducing moves are banned
|clearpoke
|poke|p1|Umbreon, M|
|poke|p1|Mandibuzz, F|
|poke|p1|Clodsire, F|
|poke|p1|Hatterene, F|
|poke|p1|Slowking, F|
|poke|p1|Crocalor, F|
|poke|p2|Garchomp, F|
|poke|p2|Samurott-Hisui, F|
|poke|p2|Hoopa-Unbound|
|poke|p2|Moltres|
|poke|p2|Dragapult, M|
|poke|p2|Iron Valiant|
|teampreview
|inactive|Battle timer is ON: inactive players will automatically lose when time's up. (requested by abate fabs)
|
|t:|1776099424
|teamsize|p1|6
|teamsize|p2|6
|start
|switch|p1a: Checktung|Slowking, F|100/100
|switch|p2a: Moltres|Moltres|100/100
|turn|1
|
|t:|1776099429
|move|p2a: Moltres|U-turn|p1a: Checktung
|-supereffective|p1a: Checktung
|-damage|p1a: Checktung|77/100
|
|t:|1776099433
|switch|p2a: Samurott|Samurott-Hisui, F|100/100|[from] U-turn
|move|p1a: Checktung|Scald|p2a: Samurott
|-resisted|p2a: Samurott
|-crit|p2a: Samurott
|-damage|p2a: Samurott|56/100
|-status|p2a: Samurott|brn
|
|-damage|p2a: Samurott|50/100 brn|[from] brn
|upkeep
|turn|2
|
|t:|1776099442
|switch|p1a: Checking|Mandibuzz, F|100/100
|move|p2a: Samurott|Ceaseless Edge|p1a: Checking
|-resisted|p1a: Checking
|-damage|p1a: Checking|94/100
|-sidestart|p1: abate fabs|Spikes
|
|-damage|p2a: Samurott|44/100 brn|[from] brn
|upkeep
|turn|3
|
|t:|1776099447
|switch|p2a: Moltres|Moltres|100/100
|move|p1a: Checking|Foul Play|p2a: Moltres
|-damage|p2a: Moltres|79/100
|-status|p1a: Checking|brn|[from] ability: Flame Body|[of] p2a: Moltres
|
|-damage|p1a: Checking|87/100 brn|[from] brn
|upkeep
|turn|4
|
|t:|1776099453
|move|p2a: Moltres|Flamethrower|p1a: Checking
|-damage|p1a: Checking|55/100 brn
|move|p1a: Checking|Defog|p2a: Moltres
|-unboost|p2a: Moltres|evasion|1
|-sideend|p1: abate fabs|Spikes|[from] move: Defog|[of] p1a: Checking
|
|-damage|p1a: Checking|49/100 brn|[from] brn
|upkeep
|turn|5
|
|t:|1776099458
|move|p1a: Checking|Roost|p1a: Checking
|-heal|p1a: Checking|99/100 brn
|-singleturn|p1a: Checking|move: Roost
|move|p2a: Moltres|Flamethrower|p1a: Checking
|-damage|p1a: Checking|68/100 brn
|
|-damage|p1a: Checking|62/100 brn|[from] brn
|upkeep
|turn|6
|
|t:|1776099465
|move|p1a: Checking|Toxic|p2a: Moltres
|-status|p2a: Moltres|tox
|move|p2a: Moltres|Flamethrower|p1a: Checking
|-crit|p1a: Checking
|-damage|p1a: Checking|15/100 brn
|
|-damage|p2a: Moltres|73/100 tox|[from] psn
|-damage|p1a: Checking|9/100 brn|[from] brn
|upkeep
|turn|7
|
|t:|1776099467
|switch|p2a: Iron Valiant|Iron Valiant|100/100
|-enditem|p2a: Iron Valiant|Booster Energy
|-activate|p2a: Iron Valiant|ability: Quark Drive|[fromitem]
|-start|p2a: Iron Valiant|quarkdrivespe
|move|p1a: Checking|Roost|p1a: Checking
|-heal|p1a: Checking|59/100 brn
|-singleturn|p1a: Checking|move: Roost
|
|-damage|p1a: Checking|53/100 brn|[from] brn
|upkeep
|turn|8
|
|t:|1776099478
|switch|p1a: Checkelung|Clodsire, F|100/100
|move|p2a: Iron Valiant|Knock Off|p1a: Checkelung
|-damage|p1a: Checkelung|69/100
|-enditem|p1a: Checkelung|Leftovers|[from] move: Knock Off|[of] p2a: Iron Valiant
|
|upkeep
|turn|9
|
|t:|1776099484
|-end|p2a: Iron Valiant|Quark Drive|[silent]
|switch|p2a: Samurott|Samurott-Hisui, F|44/100 brn
|move|p1a: Checkelung|Gunk Shot|p2a: Samurott|[miss]
|-miss|p1a: Checkelung|p2a: Samurott
|
|-damage|p2a: Samurott|38/100 brn|[from] brn
|upkeep
|turn|10
|
|t:|1776099488
|move|p2a: Samurott|Flip Turn|p1a: Checkelung
|-heal|p1a: Checkelung|94/100|[from] ability: Water Absorb|[of] p2a: Samurott
|move|p1a: Checkelung|Gunk Shot|p2a: Samurott|[miss]
|-miss|p1a: Checkelung|p2a: Samurott
|
|-damage|p2a: Samurott|31/100 brn|[from] brn
|upkeep
|turn|11
|
|t:|1776099492
|switch|p2a: Garchomp|Garchomp, F|100/100
|switch|p1a: Checking|Mandibuzz, F|53/100 brn
|
|-damage|p1a: Checking|46/100 brn|[from] brn
|upkeep
|turn|12
|
|t:|1776099495
|move|p2a: Garchomp|Swords Dance|p2a: Garchomp
|-boost|p2a: Garchomp|atk|2
|move|p1a: Checking|Roost|p1a: Checking
|-heal|p1a: Checking|96/100 brn
|-singleturn|p1a: Checking|move: Roost
|
|-damage|p1a: Checking|90/100 brn|[from] brn
|upkeep
|turn|13
|
|t:|1776099499
|move|p2a: Garchomp|Scale Shot|p1a: Checking
|-damage|p1a: Checking|75/100 brn
|-damage|p1a: Checking|60/100 brn
|-damage|p1a: Checking|44/100 brn
|-damage|p1a: Checking|28/100 brn
|-hitcount|p1a: Checking|4
|-unboost|p2a: Garchomp|def|1
|-boost|p2a: Garchomp|spe|1
|move|p1a: Checking|Foul Play|p2a: Garchomp
|-damage|p2a: Garchomp|22/100
|-damage|p1a: Checking|16/100 brn|[from] ability: Rough Skin|[of] p2a: Garchomp
|
|-damage|p1a: Checking|10/100 brn|[from] brn
|upkeep
|turn|14
|
|t:|1776099504
|move|p2a: Garchomp|Fire Fang|p1a: Checking
|-damage|p1a: Checking|0 fnt
|faint|p1a: Checking
|
|upkeep
|
|t:|1776099505
|switch|p1a: Checkaloo|Crocalor, F|100/100
|turn|15
|
|t:|1776099508
|-terastallize|p1a: Checkaloo|Flying
|move|p2a: Garchomp|Earthquake|p1a: Checkaloo
|-immune|p1a: Checkaloo
|move|p1a: Checkaloo|Flamethrower|p2a: Garchomp
|-resisted|p2a: Garchomp
|-damage|p2a: Garchomp|5/100
|
|upkeep
|turn|16
|
|t:|1776099511
|move|p2a: Garchomp|Scale Shot|p1a: Checkaloo
|-damage|p1a: Checkaloo|90/100
|-crit|p1a: Checkaloo
|-damage|p1a: Checkaloo|76/100
|-damage|p1a: Checkaloo|65/100
|-damage|p1a: Checkaloo|54/100
|-damage|p1a: Checkaloo|44/100
|-hitcount|p1a: Checkaloo|5
|-unboost|p2a: Garchomp|def|1
|-boost|p2a: Garchomp|spe|1
|move|p1a: Checkaloo|Flamethrower|p2a: Garchomp
|-resisted|p2a: Garchomp
|-damage|p2a: Garchomp|0 fnt
|faint|p2a: Garchomp
|
|upkeep
|
|t:|1776099521
|switch|p2a: Hoopa|Hoopa-Unbound|100/100
|turn|17
|
|t:|1776099524
|move|p2a: Hoopa|Thunderbolt|p1a: Checkaloo
|-supereffective|p1a: Checkaloo
|-damage|p1a: Checkaloo|0 fnt
|faint|p1a: Checkaloo
|
|upkeep
|
|t:|1776099526
|switch|p1a: Checker|Umbreon, M|100/100
|turn|18
|
|t:|1776099531
|move|p2a: Hoopa|Drain Punch|p1a: Checker
|-supereffective|p1a: Checker
|-damage|p1a: Checker|60/100
|move|p1a: Checker|Foul Play|p2a: Hoopa
|-damage|p2a: Hoopa|42/100
|
|-heal|p1a: Checker|66/100|[from] item: Leftovers
|upkeep
|turn|19
|
|t:|1776099534
|move|p1a: Checker|Protect|p1a: Checker
|-singleturn|p1a: Checker|Protect
|move|p2a: Hoopa|Drain Punch|p1a: Checker
|-activate|p1a: Checker|move: Protect
|
|-heal|p1a: Checker|73/100|[from] item: Leftovers
|upkeep
|turn|20
|
|t:|1776099537
|move|p2a: Hoopa|Drain Punch|p1a: Checker
|-supereffective|p1a: Checker
|-damage|p1a: Checker|32/100
|-heal|p2a: Hoopa|63/100|[from] drain|[of] p1a: Checker
|move|p1a: Checker|Wish|p1a: Checker
|
|-heal|p1a: Checker|38/100|[from] item: Leftovers
|upkeep
|turn|21
|
|t:|1776099544
|switch|p2a: Iron Valiant|Iron Valiant|100/100
|move|p1a: Checker|Protect||[still]
|-fail|p1a: Checker
|
|-heal|p1a: Checker|88/100|[from] move: Wish|[wisher] Checker
|-heal|p1a: Checker|94/100|[from] item: Leftovers
|upkeep
|turn|22
|
|t:|1776099548
|move|p2a: Iron Valiant|Encore|p1a: Checker
|-start|p1a: Checker|Encore
|move|p1a: Checker|Protect||[still]
|-fail|p1a: Checker
|
|-heal|p1a: Checker|100/100|[from] item: Leftovers
|upkeep
|turn|23
|
|t:|1776099559
|switch|p1a: Checkelung|Clodsire, F|94/100
|move|p2a: Iron Valiant|Moonblast|p1a: Checkelung
|-resisted|p1a: Checkelung
|-damage|p1a: Checkelung|78/100
|
|upkeep
|turn|24
|
|t:|1776099564
|-end|p2a: Iron Valiant|Quark Drive|[silent]
|switch|p2a: Samurott|Samurott-Hisui, F|31/100 brn
|move|p1a: Checkelung|Gunk Shot|p2a: Samurott
|-damage|p2a: Samurott|0 fnt
|faint|p2a: Samurott
|
|upkeep
|
|t:|1776099566
|switch|p2a: Hoopa|Hoopa-Unbound|63/100
|turn|25
|
|t:|1776099571
|switch|p1a: Checker|Umbreon, M|100/100
|move|p2a: Hoopa|Psychic Noise|p1a: Checker
|-immune|p1a: Checker
|
|upkeep
|turn|26
|
|t:|1776099574
|move|p2a: Hoopa|Drain Punch|p1a: Checker
|-supereffective|p1a: Checker
|-damage|p1a: Checker|61/100
|-heal|p2a: Hoopa|85/100|[from] drain|[of] p1a: Checker
|move|p1a: Checker|Foul Play|p2a: Hoopa
|-damage|p2a: Hoopa|34/100
|
|-heal|p1a: Checker|67/100|[from] item: Leftovers
|upkeep
|turn|27
|
|t:|1776099578
|move|p2a: Hoopa|Drain Punch|p1a: Checker
|-supereffective|p1a: Checker
|-crit|p1a: Checker
|-damage|p1a: Checker|3/100
|-heal|p2a: Hoopa|68/100|[from] drain|[of] p1a: Checker
|move|p1a: Checker|Foul Play|p2a: Hoopa
|-damage|p2a: Hoopa|17/100
|
|-heal|p1a: Checker|9/100|[from] item: Leftovers
|upkeep
|turn|28
|
|t:|1776099588
|move|p2a: Hoopa|Drain Punch|p1a: Checker
|-supereffective|p1a: Checker
|-damage|p1a: Checker|0 fnt
|-heal|p2a: Hoopa|22/100|[from] drain|[of] p1a: Checker
|faint|p1a: Checker
|
|upkeep
|
|t:|1776099590
|switch|p1a: Check|Hatterene, F|100/100
|turn|29
|
|t:|1776099594
|move|p2a: Hoopa|Knock Off|p1a: Check
|-damage|p1a: Check|57/100
|-enditem|p1a: Check|Leftovers|[from] move: Knock Off|[of] p2a: Hoopa
|move|p1a: Check|Mystical Fire|p2a: Hoopa
|-damage|p2a: Hoopa|11/100
|-unboost|p2a: Hoopa|spa|1
|
|upkeep
|turn|30
|
|t:|1776099604
|move|p2a: Hoopa|Knock Off|p1a: Check
|-damage|p1a: Check|29/100
|move|p1a: Check|Draining Kiss|p2a: Hoopa
|-supereffective|p2a: Hoopa
|-damage|p2a: Hoopa|0 fnt
|-heal|p1a: Check|38/100|[from] drain|[of] p2a: Hoopa
|faint|p2a: Hoopa
|
|upkeep
|
|t:|1776099611
|switch|p2a: Dragapult|Dragapult, M|100/100
|turn|31
|
|t:|1776099619
|move|p2a: Dragapult|U-turn|p1a: Check
|-damage|p1a: Check|25/100
|
|t:|1776099622
|switch|p2a: Moltres|Moltres|73/100 tox|[from] U-turn
|move|p1a: Check|Draining Kiss|p2a: Moltres
|-resisted|p2a: Moltres
|-damage|p2a: Moltres|62/100 tox
|-heal|p1a: Check|35/100|[from] drain|[of] p2a: Moltres
|
|-damage|p2a: Moltres|56/100 tox|[from] psn
|upkeep
|turn|32
|
|t:|1776099630
|move|p2a: Moltres|Roost|p2a: Moltres
|-heal|p2a: Moltres|100/100 tox
|-singleturn|p2a: Moltres|move: Roost
|move|p1a: Check|Psychic|p2a: Moltres
|-damage|p2a: Moltres|60/100 tox
|
|-damage|p2a: Moltres|48/100 tox|[from] psn
|upkeep
|turn|33
|
|t:|1776099632
|move|p2a: Moltres|Flamethrower|p1a: Check
|-damage|p1a: Check|0 fnt
|faint|p1a: Check
|
|-damage|p2a: Moltres|30/100 tox|[from] psn
|upkeep
|
|t:|1776099635
|switch|p1a: Checktung|Slowking, F|100/100
|turn|34
|
|t:|1776099645
|move|p2a: Moltres|U-turn|p1a: Checktung
|-supereffective|p1a: Checktung
|-damage|p1a: Checktung|78/100
|
|t:|1776099654
|switch|p2a: Dragapult|Dragapult, M|100/100|[from] U-turn
|move|p1a: Checktung|Psychic|p2a: Dragapult
|-damage|p2a: Dragapult|42/100
|
|upkeep
|turn|35
|
|t:|1776099658
|-terastallize|p2a: Dragapult|Ghost
|move|p2a: Dragapult|Shadow Ball|p1a: Checktung
|-supereffective|p1a: Checktung
|-damage|p1a: Checktung|0 fnt
|faint|p1a: Checktung
|
|upkeep
|
|t:|1776099660
|switch|p1a: Checkelung|Clodsire, F|78/100
|turn|36
|
|t:|1776099665
|move|p2a: Dragapult|Shadow Ball|p1a: Checkelung
|-damage|p1a: Checkelung|32/100
|move|p1a: Checkelung|Recover|p1a: Checkelung
|-heal|p1a: Checkelung|82/100
|
|upkeep
|turn|37
|
|t:|1776099669
|move|p2a: Dragapult|Shadow Ball|p1a: Checkelung
|-crit|p1a: Checkelung
|-damage|p1a: Checkelung|12/100
|move|p1a: Checkelung|Recover|p1a: Checkelung
|-heal|p1a: Checkelung|62/100
|
|upkeep
|turn|38
|
|t:|1776099674
|move|p2a: Dragapult|Shadow Ball|p1a: Checkelung
|-damage|p1a: Checkelung|18/100
|move|p1a: Checkelung|Recover|p1a: Checkelung
|-heal|p1a: Checkelung|68/100
|
|upkeep
|turn|39
|
|t:|1776099681
|move|p2a: Dragapult|Shadow Ball|p1a: Checkelung
|-damage|p1a: Checkelung|22/100
|-unboost|p1a: Checkelung|spd|1
|move|p1a: Checkelung|Recover|p1a: Checkelung
|-heal|p1a: Checkelung|72/100
|
|upkeep
|turn|40
|-message|abate fabs forfeited.
|
|win|bobo08140
|raw|abate fabs's rating: 1274 &rarr; <strong>1247</strong><br />(-27 for losing)
|raw|bobo08140's rating: 1248 &rarr; <strong>1275</strong><br />(+27 for winning)
|l|☆abate fabs
|player|p1|
|l|☆bobo08140
|player|p2|
