|html|<div class="broadcast-blue"><strong>[Gen 9] OU is currently suspecting Tera Blast! For information on how to participate check out the <a href="https://www.smogon.com/tools/suspects/view/200">suspect thread</a>.</strong></div>
|j|☆kjojon
|j|☆krausus
|t:|1776135363
|gametype|singles
|player|p1|kjojon|brock|1093
|player|p2|krausus|169|1088
|gen|9
|tier|[Gen 9] OU
|rated|
|rule|HP Percentage Mod: HP is shown in percentages
|rule|Endless Battle Clause: Forcing endless battles is banned
|rule|Species Clause: Limit one of each Pokémon
|rule|OHKO Clause: OHKO moves are banned
|rule|Evasion Items Clause: Evasion items are banned
|rule|Evasion Moves Clause: Evasion moves are banned
|rule|Evasion Abilities Clause: Evasion abilities are banned
|rule|Sleep Moves Clause: Sleep-inducing moves are banned
|clearpoke
|poke|p1|Weezing-Galar, F|
|poke|p1|Cinderace, F|
|poke|p1|Duraludon, M|
|poke|p1|Hitmontop, M|
|poke|p1|Necrozma|
|poke|p1|Porygon-Z|
|poke|p2|Glimmora, M|
|poke|p2|Clodsire, F|
|poke|p2|Skeledirge, F|
|poke|p2|Corviknight, F|
|poke|p2|Gholdengo|
|poke|p2|Kingambit, F|
|teampreview
|
|t:|1776135372
|teamsize|p1|6
|teamsize|p2|6
|start
|switch|p1a: PoyPee|Porygon-Z, shiny|100/100
|switch|p2a: Glimmora|Glimmora, M|100/100
|turn|1
|
|t:|1776135384
|move|p2a: Glimmora|Stealth Rock|p1a: PoyPee
|-sidestart|p1: kjojon|move: Stealth Rock
|move|p1a: PoyPee|Nasty Plot|p1a: PoyPee
|-boost|p1a: PoyPee|spa|2
|
|upkeep
|turn|2
|
|t:|1776135406
|move|p2a: Glimmora|Toxic Spikes|p1a: PoyPee
|-sidestart|p1: kjojon|move: Toxic Spikes
|move|p1a: PoyPee|Tri Attack|p2a: Glimmora
|-resisted|p2a: Glimmora
|-damage|p2a: Glimmora|29/100
|
|upkeep
|turn|3
|
|t:|1776135425
|move|p2a: Glimmora|Toxic Spikes|p1a: PoyPee
|-sidestart|p1: kjojon|move: Toxic Spikes
|move|p1a: PoyPee|Tri Attack|p2a: Glimmora
|-resisted|p2a: Glimmora
|-crit|p2a: Glimmora
|-damage|p2a: Glimmora|0 fnt
|faint|p2a: Glimmora
|
|upkeep
|
|t:|1776135440
|switch|p2a: Gholdengo|Gholdengo|100/100
|turn|4
|
|t:|1776135454
|move|p1a: PoyPee|Shadow Ball|p2a: Gholdengo
|-supereffective|p2a: Gholdengo
|-damage|p2a: Gholdengo|17/100
|move|p2a: Gholdengo|Make It Rain|p1a: PoyPee
|-damage|p1a: PoyPee|27/100
|-unboost|p2a: Gholdengo|spa|1
|
|-heal|p2a: Gholdengo|23/100|[from] item: Leftovers
|upkeep
|turn|5
|
|t:|1776135477
|move|p1a: PoyPee|Shadow Ball|p2a: Gholdengo
|-supereffective|p2a: Gholdengo
|-damage|p2a: Gholdengo|0 fnt
|faint|p2a: Gholdengo
|
|upkeep
|l|☆krausus
|player|p2|
|inactive|Battle timer is ON: inactive players will automatically lose when time's up. (requested by kjojon)
|j|☆krausus
|inactive|krausus reconnected and has 140 seconds left.
|player|p2|krausus|169|
|
|t:|1776135538
|switch|p2a: Clodsire|Clodsire, F|100/100
|turn|6
|
|t:|1776135557
|move|p1a: PoyPee|Ice Beam|p2a: Clodsire
|-supereffective|p2a: Clodsire
|-damage|p2a: Clodsire|65/100
|move|p2a: Clodsire|Earthquake|p1a: PoyPee
|-damage|p1a: PoyPee|0 fnt
|faint|p1a: PoyPee
|
|-heal|p2a: Clodsire|71/100|[from] item: Leftovers
|upkeep
|
|t:|1776135565
|switch|p1a: Joao|Cinderace, F, shiny|100/100
|-damage|p1a: Joao|76/100|[from] Stealth Rock
|-status|p1a: Joao|tox
|turn|7
|
|t:|1776135574
|move|p1a: Joao|Court Change|p1a: Joao
|-start|p1a: Joao|typechange|Normal|[from] ability: Libero
|-swapsideconditions
|-activate|p1a: Joao|move: Court Change
|move|p2a: Clodsire|Spikes|p1a: Joao
|-sidestart|p1: kjojon|Spikes
|
|-heal|p2a: Clodsire|78/100|[from] item: Leftovers
|-damage|p1a: Joao|70/100 tox|[from] psn
|upkeep
|turn|8
|
|t:|1776135585
|move|p1a: Joao|Bulk Up|p1a: Joao
|-boost|p1a: Joao|atk|1
|-boost|p1a: Joao|def|1
|move|p2a: Clodsire|Spikes|p1a: Joao
|-sidestart|p1: kjojon|Spikes
|
|-heal|p2a: Clodsire|84/100|[from] item: Leftovers
|-damage|p1a: Joao|58/100 tox|[from] psn
|upkeep
|turn|9
|
|t:|1776135596
|move|p1a: Joao|Iron Head|p2a: Clodsire
|-damage|p2a: Clodsire|50/100
|cant|p2a: Clodsire|flinch
|
|-heal|p2a: Clodsire|56/100|[from] item: Leftovers
|-damage|p1a: Joao|40/100 tox|[from] psn
|upkeep
|turn|10
|
|t:|1776135607
|move|p1a: Joao|Iron Head|p2a: Clodsire
|-damage|p2a: Clodsire|22/100
|move|p2a: Clodsire|Earthquake|p1a: Joao
|-damage|p1a: Joao|0 fnt
|faint|p1a: Joao
|
|-heal|p2a: Clodsire|29/100|[from] item: Leftovers
|upkeep
|
|t:|1776135614
|switch|p1a: Garfiel|Hitmontop, M|100/100
|-damage|p1a: Garfiel|84/100|[from] Spikes
|turn|11
|
|t:|1776135620
|move|p1a: Garfiel|Rapid Spin|p2a: Clodsire
|-damage|p2a: Clodsire|2/100
|-boost|p1a: Garfiel|spe|1
|-sideend|p1: kjojon|Spikes|[from] move: Rapid Spin|[of] p1a: Garfiel
|move|p2a: Clodsire|Toxic|p1a: Garfiel
|-status|p1a: Garfiel|tox
|
|-heal|p2a: Clodsire|9/100|[from] item: Leftovers
|-damage|p1a: Garfiel|78/100 tox|[from] psn
|upkeep
|turn|12
|
|t:|1776135634
|move|p1a: Garfiel|Rapid Spin|p2a: Clodsire
|-damage|p2a: Clodsire|0 fnt
|-boost|p1a: Garfiel|spe|1
|faint|p2a: Clodsire
|
|-damage|p1a: Garfiel|65/100 tox|[from] psn
|upkeep
|
|t:|1776135644
|switch|p2a: Corviknight|Corviknight, F|100/100
|-damage|p2a: Corviknight|88/100|[from] Stealth Rock
|-ability|p2a: Corviknight|Pressure
|turn|13
|
|t:|1776135663
|move|p1a: Garfiel|Triple Axel|p2a: Corviknight
|-damage|p2a: Corviknight|82/100
|-damage|p1a: Garfiel|49/100 tox|[from] item: Rocky Helmet|[of] p2a: Corviknight
|-damage|p2a: Corviknight|69/100
|-damage|p1a: Garfiel|32/100 tox|[from] item: Rocky Helmet|[of] p2a: Corviknight
|-damage|p2a: Corviknight|49/100
|-damage|p1a: Garfiel|15/100 tox|[from] item: Rocky Helmet|[of] p2a: Corviknight
|-hitcount|p2a: Corviknight|3
|move|p2a: Corviknight|Defog|p1a: Garfiel
|-unboost|p1a: Garfiel|evasion|1
|-sideend|p2: krausus|Toxic Spikes|[from] move: Defog|[of] p2a: Corviknight
|-sideend|p2: krausus|Stealth Rock|[from] move: Defog|[of] p2a: Corviknight
|
|-damage|p1a: Garfiel|0 fnt|[from] psn
|faint|p1a: Garfiel
|upkeep
|
|t:|1776135682
|switch|p1a: R-Pyrite|Necrozma, shiny|100/100
|turn|14
|
|t:|1776135696
|move|p1a: R-Pyrite|Dragon Dance|p1a: R-Pyrite
|-boost|p1a: R-Pyrite|atk|1
|-boost|p1a: R-Pyrite|spe|1
|move|p2a: Corviknight|U-turn|p1a: R-Pyrite
|-supereffective|p1a: R-Pyrite
|-damage|p1a: R-Pyrite|80/100
|-enditem|p1a: R-Pyrite|Weakness Policy
|-boost|p1a: R-Pyrite|atk|2|[from] item: Weakness Policy
|-boost|p1a: R-Pyrite|spa|2|[from] item: Weakness Policy
|
|t:|1776135710
|switch|p2a: Skeledirge|Skeledirge, F|100/100|[from] U-turn
|
|upkeep
|turn|15
|
|t:|1776135723
|-terastallize|p1a: R-Pyrite|Normal
|move|p1a: R-Pyrite|Dragon Dance|p1a: R-Pyrite
|-boost|p1a: R-Pyrite|atk|1
|-boost|p1a: R-Pyrite|spe|1
|move|p2a: Skeledirge|Will-O-Wisp|p1a: R-Pyrite|[miss]
|-miss|p2a: Skeledirge|p1a: R-Pyrite
|
|upkeep
|turn|16
|-message|krausus forfeited.
|
|win|kjojon
|raw|kjojon's rating: 1093 &rarr; <strong>1119</strong><br />(+26 for winning)
|raw|krausus's rating: 1088 &rarr; <strong>1065</strong><br />(-23 for losing)
|l|☆krausus
|player|p2|
