|html|<div class="broadcast-blue"><strong>[Gen 9] OU is currently suspecting Tera Blast! For information on how to participate check out the <a href="https://www.smogon.com/tools/suspects/view/200">suspect thread</a>.</strong></div>
|j|☆bringme the late
|j|☆washed is generous
|t:|1776297748
|gametype|singles
|player|p1|bringme the late|blue-gen7|1732
|player|p2|washed is generous|blue|1720
|gen|9
|tier|[Gen 9] OU
|rated|
|rule|HP Percentage Mod: HP is shown in percentages
|rule|Endless Battle Clause: Forcing endless battles is banned
|rule|Species Clause: Limit one of each Pokémon
|rule|OHKO Clause: OHKO moves are banned
|rule|Evasion Items Clause: Evasion items are banned
|rule|Evasion Moves Clause: Evasion moves are banned
|rule|Evasion Abilities Clause: Evasion abilities are banned
|rule|Sleep Moves Clause: Sleep-inducing moves are banned
|clearpoke
|poke|p1|Clefable, F|
|poke|p1|Dondozo, M|
|poke|p1|Blissey, F|
|poke|p1|Clodsire, M|
|poke|p1|Corviknight, F|
|poke|p1|Gliscor, F|
|poke|p2|Samurott-Hisui, F|
|poke|p2|Great Tusk|
|poke|p2|Gholdengo|
|poke|p2|Iron Valiant|
|poke|p2|Dragonite, F|
|poke|p2|Enamorus, F|
|teampreview
|j| StallMyWayTo1700s
|j| gidhavwkfvihtr
|c|☆washed is generous|I'm only gonna play this for the memes
|c|☆washed is generous|but my team cant break ts at all lmfao
|c| StallMyWayTo1700s|how did u get this high up with a stall prone team
|n|☆bringme the late|bringmethelate
|c|☆washed is generous|nah I didnt use this only
|c|☆washed is generous|its a new team im trying
|c| StallMyWayTo1700s|ah
|c|☆washed is generous|but I was hit
|c|☆washed is generous|with a harsh reality check.
|l| gidhavwkfvihtr
|j| gidhavwkfvihtr
|c|☆washed is generous|I thought it was fine until the pjab clod ngl
|
|t:|1776297842
|teamsize|p1|6
|teamsize|p2|6
|start
|switch|p1a: Gliscor|Gliscor, F|100/100
|switch|p2a: Great Tusk|Great Tusk|100/100
|turn|1
|
|t:|1776297845
|move|p1a: Gliscor|Protect|p1a: Gliscor
|-singleturn|p1a: Gliscor|Protect
|move|p2a: Great Tusk|Ice Spinner|p1a: Gliscor
|-activate|p1a: Gliscor|move: Protect
|
|-status|p1a: Gliscor|tox|[from] item: Toxic Orb
|upkeep
|turn|2
|
|t:|1776297851
|move|p2a: Great Tusk|Ice Spinner|p1a: Gliscor
|-supereffective|p1a: Gliscor
|-damage|p1a: Gliscor|47/100 tox
|move|p1a: Gliscor|Toxic|p2a: Great Tusk
|-status|p2a: Great Tusk|tox
|
|-damage|p2a: Great Tusk|94/100 tox|[from] psn
|-heal|p1a: Gliscor|60/100 tox|[from] ability: Poison Heal
|upkeep
|turn|3
|
|t:|1776297855
|move|p1a: Gliscor|Protect|p1a: Gliscor
|-singleturn|p1a: Gliscor|Protect
|move|p2a: Great Tusk|Ice Spinner|p1a: Gliscor
|-activate|p1a: Gliscor|move: Protect
|
|-damage|p2a: Great Tusk|82/100 tox|[from] psn
|-heal|p1a: Gliscor|72/100 tox|[from] ability: Poison Heal
|upkeep
|turn|4
|
|t:|1776297858
|switch|p1a: Corviknight|Corviknight, F|100/100
|-ability|p1a: Corviknight|Pressure
|move|p2a: Great Tusk|Ice Spinner|p1a: Corviknight
|-damage|p1a: Corviknight|86/100
|-damage|p2a: Great Tusk|65/100 tox|[from] item: Rocky Helmet|[of] p1a: Corviknight
|
|-damage|p2a: Great Tusk|47/100 tox|[from] psn
|upkeep
|turn|5
|
|t:|1776297861
|switch|p1a: Gliscor|Gliscor, F|72/100 tox
|move|p2a: Great Tusk|Stealth Rock|p1a: Gliscor
|-sidestart|p1: bringme the late|move: Stealth Rock
|
|-damage|p2a: Great Tusk|22/100 tox|[from] psn
|-heal|p1a: Gliscor|85/100 tox|[from] ability: Poison Heal
|upkeep
|turn|6
|j| Heliophete
|
|t:|1776297865
|-end|p2a: Great Tusk|Protosynthesis|[silent]
|switch|p2a: Samurott|Samurott-Hisui, F|100/100
|move|p1a: Gliscor|Protect||[still]
|-fail|p1a: Gliscor
|
|-heal|p1a: Gliscor|97/100 tox|[from] ability: Poison Heal
|upkeep
|turn|7
|
|t:|1776297868
|move|p1a: Gliscor|Toxic|p2a: Samurott
|-status|p2a: Samurott|tox
|move|p2a: Samurott|Ceaseless Edge|p1a: Gliscor
|-crit|p1a: Gliscor
|-damage|p1a: Gliscor|60/100 tox
|-sidestart|p1: bringme the late|Spikes
|
|-heal|p1a: Gliscor|73/100 tox|[from] ability: Poison Heal
|-damage|p2a: Samurott|94/100 tox|[from] psn
|upkeep
|turn|8
|
|t:|1776297873
|move|p1a: Gliscor|Protect|p1a: Gliscor
|-singleturn|p1a: Gliscor|Protect
|move|p2a: Samurott|Flip Turn|p1a: Gliscor
|-activate|p1a: Gliscor|move: Protect
|
|-heal|p1a: Gliscor|85/100 tox|[from] ability: Poison Heal
|-damage|p2a: Samurott|82/100 tox|[from] psn
|upkeep
|turn|9
|
|t:|1776297877
|move|p1a: Gliscor|Spikes|p2a: Samurott
|-sidestart|p2: washed is generous|Spikes
|move|p2a: Samurott|Flip Turn|p1a: Gliscor
|-supereffective|p1a: Gliscor
|-damage|p1a: Gliscor|56/100 tox
|
|t:|1776297883
|switch|p2a: Enamorus|Enamorus, F|100/100|[from] Flip Turn
|
|-heal|p1a: Gliscor|68/100 tox|[from] ability: Poison Heal
|upkeep
|turn|10
|
|t:|1776297887
|move|p1a: Gliscor|Protect|p1a: Gliscor
|-singleturn|p1a: Gliscor|Protect
|move|p2a: Enamorus|Taunt|p1a: Gliscor
|-activate|p1a: Gliscor|move: Protect
|
|-heal|p1a: Gliscor|81/100 tox|[from] ability: Poison Heal
|upkeep
|turn|11
|
|t:|1776297891
|switch|p1a: Clodsire|Clodsire, M|100/100
|move|p2a: Enamorus|Moonblast|p1a: Clodsire
|-resisted|p1a: Clodsire
|-damage|p1a: Clodsire|85/100
|
|upkeep
|turn|12
|
|t:|1776297896
|switch|p2a: Great Tusk|Great Tusk|22/100 tox
|-damage|p2a: Great Tusk|10/100 tox|[from] Spikes
|move|p1a: Clodsire|Poison Jab|p2a: Great Tusk
|-resisted|p2a: Great Tusk
|-damage|p2a: Great Tusk|4/100 tox
|-damage|p1a: Clodsire|68/100|[from] item: Rocky Helmet|[of] p2a: Great Tusk
|
|-damage|p2a: Great Tusk|0 fnt|[from] psn
|faint|p2a: Great Tusk
|-end|p2a: Great Tusk|Protosynthesis|[silent]
|upkeep
|
|t:|1776297900
|switch|p2a: Samurott|Samurott-Hisui, F|82/100 tox
|-damage|p2a: Samurott|70/100 tox|[from] Spikes
|turn|13
|l| StallMyWayTo1700s
|j| Puyu paz
|
|t:|1776297906
|switch|p1a: Corviknight|Corviknight, F|86/100
|-damage|p1a: Corviknight|73/100|[from] Stealth Rock
|-ability|p1a: Corviknight|Pressure
|move|p2a: Samurott|Ceaseless Edge|p1a: Corviknight
|-damage|p1a: Corviknight|45/100
|-damage|p2a: Samurott|54/100 tox|[from] item: Rocky Helmet|[of] p1a: Corviknight
|-sidestart|p1: bringme the late|Spikes
|
|-damage|p2a: Samurott|48/100 tox|[from] psn
|upkeep
|turn|14
|
|t:|1776297910
|switch|p2a: Gholdengo|Gholdengo|100/100
|-damage|p2a: Gholdengo|88/100|[from] Spikes
|move|p1a: Corviknight|Roost|p1a: Corviknight
|-heal|p1a: Corviknight|95/100
|-singleturn|p1a: Corviknight|move: Roost
|
|upkeep
|turn|15
|
|t:|1776297917
|switch|p1a: Blissey|Blissey, F|100/100
|move|p2a: Gholdengo|Trick|p1a: Blissey
|-activate|p2a: Gholdengo|move: Trick|[of] p1a: Blissey
|-item|p1a: Blissey|Choice Scarf|[from] move: Trick
|-item|p2a: Gholdengo|Heavy-Duty Boots|[from] move: Trick
|
|upkeep
|turn|16
|
|t:|1776297921
|switch|p2a: Samurott|Samurott-Hisui, F|48/100 tox
|-damage|p2a: Samurott|35/100 tox|[from] Spikes
|move|p1a: Blissey|Shadow Ball|p2a: Samurott
|-resisted|p2a: Samurott
|-damage|p2a: Samurott|30/100 tox
|-unboost|p2a: Samurott|spd|1
|
|-damage|p2a: Samurott|24/100 tox|[from] psn
|upkeep
|turn|17
|
|t:|1776297927
|switch|p1a: Corviknight|Corviknight, F|95/100
|-damage|p1a: Corviknight|83/100|[from] Stealth Rock
|-ability|p1a: Corviknight|Pressure
|move|p2a: Samurott|Ceaseless Edge|p1a: Corviknight
|-damage|p1a: Corviknight|56/100
|-damage|p2a: Samurott|8/100 tox|[from] item: Rocky Helmet|[of] p1a: Corviknight
|-sidestart|p1: bringme the late|Spikes
|
|-damage|p2a: Samurott|0 fnt|[from] psn
|faint|p2a: Samurott
|upkeep
|
|t:|1776297931
|switch|p2a: Gholdengo|Gholdengo|88/100
|turn|18
|
|t:|1776297935
|move|p2a: Gholdengo|Shadow Ball|p1a: Corviknight
|-damage|p1a: Corviknight|13/100
|-unboost|p1a: Corviknight|spd|1
|move|p1a: Corviknight|Roost|p1a: Corviknight
|-heal|p1a: Corviknight|63/100
|-singleturn|p1a: Corviknight|move: Roost
|
|upkeep
|turn|19
|
|t:|1776297941
|switch|p1a: Clodsire|Clodsire, M|68/100
|move|p2a: Gholdengo|Thunder Wave|p1a: Clodsire
|-immune|p1a: Clodsire
|
|upkeep
|turn|20
|
|t:|1776297944
|switch|p2a: Dragonite|Dragonite, F|100/100
|move|p1a: Clodsire|Recover|p1a: Clodsire
|-heal|p1a: Clodsire|100/100
|
|upkeep
|turn|21
|
|t:|1776297951
|switch|p1a: Corviknight|Corviknight, F|63/100
|-damage|p1a: Corviknight|50/100|[from] Stealth Rock
|-ability|p1a: Corviknight|Pressure
|move|p2a: Dragonite|Earthquake|p1a: Corviknight
|-immune|p1a: Corviknight
|
|upkeep
|turn|22
|
|t:|1776297953
|switch|p2a: Gholdengo|Gholdengo|88/100
|move|p1a: Corviknight|Roost|p1a: Corviknight
|-heal|p1a: Corviknight|100/100
|-singleturn|p1a: Corviknight|move: Roost
|
|upkeep
|turn|23
|
|t:|1776297963
|switch|p1a: Clodsire|Clodsire, M|100/100
|move|p2a: Gholdengo|Shadow Ball|p1a: Clodsire
|-damage|p1a: Clodsire|79/100
|
|upkeep
|turn|24
|
|t:|1776297969
|move|p2a: Gholdengo|Shadow Ball|p1a: Clodsire
|-damage|p1a: Clodsire|55/100
|-unboost|p1a: Clodsire|spd|1
|move|p1a: Clodsire|Poison Jab|p2a: Gholdengo
|-immune|p2a: Gholdengo
|
|upkeep
|turn|25
|
|t:|1776297980
|move|p2a: Gholdengo|Make It Rain|p1a: Clodsire
|-damage|p1a: Clodsire|5/100
|-unboost|p2a: Gholdengo|spa|1
|move|p1a: Clodsire|Recover|p1a: Clodsire
|-heal|p1a: Clodsire|55/100
|
|upkeep
|turn|26
|
|t:|1776297992
|move|p2a: Gholdengo|Make It Rain|p1a: Clodsire
|-damage|p1a: Clodsire|3/100
|-unboost|p2a: Gholdengo|spa|1
|move|p1a: Clodsire|Recover|p1a: Clodsire
|-heal|p1a: Clodsire|53/100
|
|upkeep
|turn|27
|
|t:|1776298000
|switch|p1a: Blissey|Blissey, F|100/100
|-damage|p1a: Blissey|88/100|[from] Stealth Rock
|-damage|p1a: Blissey|63/100|[from] Spikes
|move|p2a: Gholdengo|Make It Rain|p1a: Blissey
|-damage|p1a: Blissey|53/100
|-unboost|p2a: Gholdengo|spa|1
|
|upkeep
|turn|28
|
|t:|1776298007
|switch|p2a: Enamorus|Enamorus, F|100/100
|move|p1a: Blissey|Shadow Ball|p2a: Enamorus
|-damage|p2a: Enamorus|78/100
|
|upkeep
|turn|29
|
|t:|1776298021
|switch|p1a: Gliscor|Gliscor, F|81/100 tox
|-damage|p1a: Gliscor|68/100 tox|[from] Stealth Rock
|move|p2a: Enamorus|Moonblast|p1a: Gliscor
|-damage|p1a: Gliscor|6/100 tox
|
|-heal|p1a: Gliscor|19/100 tox|[from] ability: Poison Heal
|upkeep
|turn|30
|j| HyperStallMIA
|
|t:|1776298025
|move|p1a: Gliscor|Protect|p1a: Gliscor
|-singleturn|p1a: Gliscor|Protect
|move|p2a: Enamorus|Moonblast|p1a: Gliscor
|-activate|p1a: Gliscor|move: Protect
|
|-heal|p1a: Gliscor|31/100 tox|[from] ability: Poison Heal
|upkeep
|turn|31
|
|t:|1776298034
|switch|p1a: Clefable|Clefable, F|100/100
|move|p2a: Enamorus|Taunt|p1a: Clefable
|-start|p1a: Clefable|move: Taunt
|
|upkeep
|turn|32
|
|t:|1776298050
|move|p2a: Enamorus|Moonblast|p1a: Clefable
|-damage|p1a: Clefable|49/100
|move|p1a: Clefable|Moonblast|p2a: Enamorus
|-damage|p2a: Enamorus|30/100
|
|upkeep
|turn|33
|j| Kingtrainer
|
|t:|1776298056
|switch|p1a: Corviknight|Corviknight, F|100/100
|-damage|p1a: Corviknight|88/100|[from] Stealth Rock
|-ability|p1a: Corviknight|Pressure
|move|p2a: Enamorus|Moonblast|p1a: Corviknight
|-resisted|p1a: Corviknight
|-damage|p1a: Corviknight|60/100
|
|upkeep
|turn|34
|
|t:|1776298060
|switch|p2a: Gholdengo|Gholdengo|88/100
|move|p1a: Corviknight|Brave Bird|p2a: Gholdengo
|-resisted|p2a: Gholdengo
|-damage|p2a: Gholdengo|68/100
|-damage|p1a: Corviknight|54/100|[from] Recoil
|
|upkeep
|turn|35
|
|t:|1776298066
|switch|p1a: Blissey|Blissey, F|53/100
|-damage|p1a: Blissey|41/100|[from] Stealth Rock
|-damage|p1a: Blissey|16/100|[from] Spikes
|move|p2a: Gholdengo|Shadow Ball|p1a: Blissey
|-immune|p1a: Blissey
|
|upkeep
|turn|36
|
|t:|1776298071
|switch|p2a: Enamorus|Enamorus, F|30/100
|move|p1a: Blissey|Shadow Ball|p2a: Enamorus
|-damage|p2a: Enamorus|8/100
|-boost|p2a: Enamorus|spd|1
|
|upkeep
|turn|37
|
|t:|1776298075
|move|p2a: Enamorus|Moonblast|p1a: Blissey
|-damage|p1a: Blissey|0 fnt
|faint|p1a: Blissey
|
|upkeep
|
|t:|1776298094
|switch|p1a: Dondozo|Dondozo, M|100/100
|turn|38
|
|t:|1776298102
|move|p2a: Enamorus|Moonblast|p1a: Dondozo
|-damage|p1a: Dondozo|50/100
|move|p1a: Dondozo|Waterfall|p2a: Enamorus
|-damage|p2a: Enamorus|0 fnt
|faint|p2a: Enamorus
|
|upkeep
|
|t:|1776298115
|switch|p2a: Iron Valiant|Iron Valiant|100/100
|-damage|p2a: Iron Valiant|88/100|[from] Spikes
|-enditem|p2a: Iron Valiant|Booster Energy
|-activate|p2a: Iron Valiant|ability: Quark Drive|[fromitem]
|-start|p2a: Iron Valiant|quarkdrivespe
|turn|39
|n| StallToThe1700s|hyperstallmia
|
|t:|1776298121
|switch|p1a: Gliscor|Gliscor, F|31/100 tox
|-damage|p1a: Gliscor|19/100 tox|[from] Stealth Rock
|move|p2a: Iron Valiant|Moonblast|p1a: Gliscor
|-damage|p1a: Gliscor|0 fnt
|faint|p1a: Gliscor
|
|upkeep
|
|t:|1776298124
|switch|p1a: Corviknight|Corviknight, F|54/100
|-damage|p1a: Corviknight|42/100|[from] Stealth Rock
|-ability|p1a: Corviknight|Pressure
|turn|40
|
|t:|1776298132
|move|p2a: Iron Valiant|Close Combat|p1a: Corviknight
|-damage|p1a: Corviknight|1/100
|-unboost|p2a: Iron Valiant|def|1
|-unboost|p2a: Iron Valiant|spd|1
|-damage|p2a: Iron Valiant|71/100|[from] item: Rocky Helmet|[of] p1a: Corviknight
|move|p1a: Corviknight|Roost|p1a: Corviknight
|-heal|p1a: Corviknight|51/100
|-singleturn|p1a: Corviknight|move: Roost
|
|upkeep
|turn|41
|
|t:|1776298136
|-end|p2a: Iron Valiant|Quark Drive|[silent]
|switch|p2a: Gholdengo|Gholdengo|68/100
|move|p1a: Corviknight|Roost|p1a: Corviknight
|-heal|p1a: Corviknight|100/100
|-singleturn|p1a: Corviknight|move: Roost
|
|upkeep
|turn|42
|
|t:|1776298145
|switch|p1a: Clefable|Clefable, F|49/100
|move|p2a: Gholdengo|Shadow Ball|p1a: Clefable
|-damage|p1a: Clefable|11/100
|-unboost|p1a: Clefable|spd|1
|
|upkeep
|turn|43
|
|t:|1776298149
|move|p2a: Gholdengo|Shadow Ball|p1a: Clefable
|-damage|p1a: Clefable|0 fnt
|faint|p1a: Clefable
|
|upkeep
|
|t:|1776298152
|switch|p1a: Clodsire|Clodsire, M|53/100
|turn|44
|
|t:|1776298154
|switch|p2a: Dragonite|Dragonite, F|100/100
|move|p1a: Clodsire|Recover|p1a: Clodsire
|-heal|p1a: Clodsire|100/100
|
|upkeep
|turn|45
|
|t:|1776298162
|switch|p1a: Dondozo|Dondozo, M|50/100
|move|p2a: Dragonite|Earthquake|p1a: Dondozo
|-damage|p1a: Dondozo|34/100
|
|upkeep
|turn|46
|
|t:|1776298165
|switch|p2a: Gholdengo|Gholdengo|68/100
|move|p1a: Dondozo|Rest|p1a: Dondozo
|-status|p1a: Dondozo|slp|[from] move: Rest
|-heal|p1a: Dondozo|100/100 slp|[silent]
|
|upkeep
|turn|47
|
|t:|1776298170
|switch|p2a: Iron Valiant|Iron Valiant|71/100
|-damage|p2a: Iron Valiant|59/100|[from] Spikes
|switch|p1a: Clodsire|Clodsire, M|100/100
|
|upkeep
|turn|48
|l| StallToThe1700s
|j| StallMyWayTo1700s
|
|t:|1776298173
|switch|p1a: Corviknight|Corviknight, F|100/100
|-damage|p1a: Corviknight|88/100|[from] Stealth Rock
|-ability|p1a: Corviknight|Pressure
|move|p2a: Iron Valiant|Knock Off|p1a: Corviknight
|-damage|p1a: Corviknight|64/100
|-damage|p2a: Iron Valiant|42/100|[from] item: Rocky Helmet|[of] p1a: Corviknight
|-enditem|p1a: Corviknight|Rocky Helmet|[from] move: Knock Off|[of] p2a: Iron Valiant
|
|upkeep
|turn|49
|
|t:|1776298189
|-end|p2a: Iron Valiant|Quark Drive|[silent]
|switch|p2a: Gholdengo|Gholdengo|68/100
|move|p1a: Corviknight|Roost|p1a: Corviknight
|-heal|p1a: Corviknight|100/100
|-singleturn|p1a: Corviknight|move: Roost
|
|upkeep
|turn|50
|
|t:|1776298192
|switch|p2a: Dragonite|Dragonite, F|100/100
|switch|p1a: Clodsire|Clodsire, M|100/100
|
|upkeep
|turn|51
|
|t:|1776298200
|switch|p1a: Dondozo|Dondozo, M|100/100 slp
|move|p2a: Dragonite|Earthquake|p1a: Dondozo
|-damage|p1a: Dondozo|85/100 slp
|
|upkeep
|turn|52
|
|t:|1776298204
|switch|p2a: Iron Valiant|Iron Valiant|42/100
|-damage|p2a: Iron Valiant|30/100|[from] Spikes
|cant|p1a: Dondozo|slp
|move|p1a: Dondozo|Sleep Talk|p1a: Dondozo
|move|p1a: Dondozo|Waterfall|p2a: Iron Valiant|[from] move: Sleep Talk
|-damage|p2a: Iron Valiant|0 fnt
|faint|p2a: Iron Valiant
|-end|p2a: Iron Valiant|Quark Drive|[silent]
|
|upkeep
|
|t:|1776298207
|switch|p2a: Gholdengo|Gholdengo|68/100
|turn|53
|
|t:|1776298211
|switch|p1a: Clodsire|Clodsire, M|100/100
|-terastallize|p2a: Gholdengo|Ghost
|move|p2a: Gholdengo|Shadow Ball|p1a: Clodsire
|-damage|p1a: Clodsire|69/100
|
|upkeep
|turn|54
|
|t:|1776298218
|move|p2a: Gholdengo|Shadow Ball|p1a: Clodsire
|-damage|p1a: Clodsire|38/100
|move|p1a: Clodsire|Poison Jab|p2a: Gholdengo
|-resisted|p2a: Gholdengo
|-damage|p2a: Gholdengo|55/100
|
|upkeep
|turn|55
|
|t:|1776298222
|move|p2a: Gholdengo|Shadow Ball|p1a: Clodsire
|-crit|p1a: Clodsire
|-damage|p1a: Clodsire|0 fnt
|faint|p1a: Clodsire
|
|upkeep
|
|t:|1776298236
|switch|p1a: Dondozo|Dondozo, M|85/100 slp
|turn|56
|
|t:|1776298241
|move|p2a: Gholdengo|Shadow Ball|p1a: Dondozo
|-damage|p1a: Dondozo|26/100 slp
|-unboost|p1a: Dondozo|spd|1
|cant|p1a: Dondozo|slp
|move|p1a: Dondozo|Sleep Talk|p1a: Dondozo
|move|p1a: Dondozo|Rest||[from] move: Sleep Talk|[still]
|-fail|p1a: Dondozo
|
|upkeep
|turn|57
|
|t:|1776298244
|move|p2a: Gholdengo|Shadow Ball|p1a: Dondozo
|-damage|p1a: Dondozo|0 fnt
|faint|p1a: Dondozo
|
|upkeep
|
|t:|1776298246
|switch|p1a: Corviknight|Corviknight, F|100/100
|-damage|p1a: Corviknight|88/100|[from] Stealth Rock
|-ability|p1a: Corviknight|Pressure
|turn|58
|
|t:|1776298250
|move|p2a: Gholdengo|Shadow Ball|p1a: Corviknight
|-damage|p1a: Corviknight|28/100
|-unboost|p1a: Corviknight|spd|1
|move|p1a: Corviknight|Brave Bird|p2a: Gholdengo
|-damage|p2a: Gholdengo|12/100
|-damage|p1a: Corviknight|17/100|[from] Recoil
|
|upkeep
|turn|59
|c| StallMyWayTo1700s|wow
|
|t:|1776298254
|move|p2a: Gholdengo|Shadow Ball|p1a: Corviknight
|-damage|p1a: Corviknight|0 fnt
|faint|p1a: Corviknight
|
|win|washed is generous
|raw|bringme the late's rating: 1732 &rarr; <strong>1711</strong><br />(-21 for losing)
|raw|washed is generous's rating: 1720 &rarr; <strong>1741</strong><br />(+21 for winning)
|c|☆washed is generous|gg
|c|☆bringme the late|lol gg
|c| StallMyWayTo1700s|how tf
|l|☆bringme the late
|player|p1|
