|html|<div class="broadcast-blue"><strong>[Gen 9] OU is currently suspecting Tera Blast! For information on how to participate check out the <a href="https://www.smogon.com/tools/suspects/view/200">suspect thread</a>.</strong></div>
|j|☆jhrbg
|j|☆ZaneCrescentb
|t:|1776120198
|gametype|singles
|player|p1|jhrbg|waiter-gen4dp|1078
|player|p2|ZaneCrescentb|vessa|1131
|gen|9
|tier|[Gen 9] OU
|rated|
|rule|HP Percentage Mod: HP is shown in percentages
|rule|Endless Battle Clause: Forcing endless battles is banned
|rule|Species Clause: Limit one of each Pokémon
|rule|OHKO Clause: OHKO moves are banned
|rule|Evasion Items Clause: Evasion items are banned
|rule|Evasion Moves Clause: Evasion moves are banned
|rule|Evasion Abilities Clause: Evasion abilities are banned
|rule|Sleep Moves Clause: Sleep-inducing moves are banned
|clearpoke
|poke|p1|Kingambit, M|
|poke|p1|Deoxys-Speed|
|poke|p1|Great Tusk|
|poke|p1|Dragonite, F|
|poke|p1|Iron Moth|
|poke|p1|Primarina, F|
|poke|p2|Pawmot, F|
|poke|p2|Alomomola, F|
|poke|p2|Grimmsnarl, M|
|poke|p2|Glimmora, F|
|poke|p2|Iron Valiant|
|poke|p2|Goodra, F|
|teampreview
|inactive|Battle timer is ON: inactive players will automatically lose when time's up. (requested by jhrbg)
|c|☆ZaneCrescentb|Gl hf.
|c|☆ZaneCrescentb|LEt's gO!
|c|☆ZaneCrescentb|Timer...
|c|☆ZaneCrescentb|Le-Sigh...
|c|☆ZaneCrescentb|Don't mind that.
|c|☆ZaneCrescentb|I just say it.
|
|t:|1776120212
|teamsize|p1|6
|teamsize|p2|6
|start
|switch|p1a: Free Space|Great Tusk|100/100
|switch|p2a: Florablo|Glimmora, F|100/100
|-enditem|p1a: Free Space|Booster Energy
|-activate|p1a: Free Space|ability: Protosynthesis|[fromitem]
|-start|p1a: Free Space|protosynthesisatk
|turn|1
|
|t:|1776120233
|move|p1a: Free Space|Headlong Rush|p2a: Florablo
|-supereffective|p2a: Florablo
|-enditem|p2a: Florablo|Focus Sash
|-damage|p2a: Florablo|1/100
|-unboost|p1a: Free Space|def|1
|-unboost|p1a: Free Space|spd|1
|-activate|p2a: Florablo|ability: Toxic Debris
|-sidestart|p1: jhrbg|move: Toxic Spikes
|move|p2a: Florablo|Energy Ball|p1a: Free Space
|-supereffective|p1a: Free Space
|-damage|p1a: Free Space|0 fnt
|faint|p1a: Free Space
|-end|p1a: Free Space|Protosynthesis|[silent]
|
|upkeep
|
|t:|1776120238
|switch|p1a: Early Burzum|Iron Moth, shiny|100/100
|-sideend|p1: jhrbg|move: Toxic Spikes|[of] p1a: Early Burzum
|-enditem|p1a: Early Burzum|Booster Energy
|-activate|p1a: Early Burzum|ability: Quark Drive|[fromitem]
|-start|p1a: Early Burzum|quarkdrivespe
|turn|2
|
|t:|1776120259
|switch|p2a: MoMolto|Alomomola, F|100/100
|move|p1a: Early Burzum|Fiery Dance|p2a: MoMolto
|-resisted|p2a: MoMolto
|-damage|p2a: MoMolto|84/100
|
|-heal|p2a: MoMolto|90/100|[from] item: Leftovers
|upkeep
|turn|3
|
|t:|1776120268
|-terastallize|p2a: MoMolto|Normal
|move|p1a: Early Burzum|Energy Ball|p2a: MoMolto
|-damage|p2a: MoMolto|66/100
|move|p2a: MoMolto|Mirror Coat|p1a: Early Burzum
|-damage|p1a: Early Burzum|17/100
|
|-heal|p2a: MoMolto|72/100|[from] item: Leftovers
|upkeep
|turn|4
|c|☆ZaneCrescentb|Hollow Purple!
|
|t:|1776120285
|move|p1a: Early Burzum|Sludge Wave|p2a: MoMolto
|-damage|p2a: MoMolto|33/100
|move|p2a: MoMolto|Wish|p2a: MoMolto
|
|-heal|p2a: MoMolto|40/100|[from] item: Leftovers
|upkeep
|turn|5
|
|t:|1776120294
|move|p1a: Early Burzum|Fiery Dance|p2a: MoMolto
|-damage|p2a: MoMolto|8/100
|move|p2a: MoMolto|Flip Turn|p1a: Early Burzum
|-supereffective|p1a: Early Burzum
|-damage|p1a: Early Burzum|0 fnt
|faint|p1a: Early Burzum
|-end|p1a: Early Burzum|Quark Drive|[silent]
|
|t:|1776120298
|switch|p2a: Florablo|Glimmora, F|1/100|[from] Flip Turn
|
|-heal|p2a: Florablo|87/100|[from] move: Wish|[wisher] MoMolto
|upkeep
|
|t:|1776120304
|switch|p1a: Howard the Alien|Deoxys-Speed, shiny|100/100
|-ability|p1a: Howard the Alien|Pressure
|turn|6
|
|t:|1776120307
|move|p1a: Howard the Alien|Focus Blast|p2a: Florablo
|-damage|p2a: Florablo|13/100
|-damage|p1a: Howard the Alien|91/100|[from] item: Life Orb
|move|p2a: Florablo|Power Gem|p1a: Howard the Alien
|-damage|p1a: Howard the Alien|27/100
|
|upkeep
|turn|7
|
|t:|1776120314
|switch|p2a: Boodra|Goodra, F|100/100
|move|p1a: Howard the Alien|Ice Beam|p2a: Boodra
|-supereffective|p2a: Boodra
|-damage|p2a: Boodra|73/100
|-damage|p1a: Howard the Alien|17/100|[from] item: Life Orb
|
|upkeep
|turn|8
|
|t:|1776120322
|switch|p1a: Late Burzum|Primarina, F|100/100
|move|p2a: Boodra|Acid Spray|p1a: Late Burzum
|-supereffective|p1a: Late Burzum
|-damage|p1a: Late Burzum|87/100
|-unboost|p1a: Late Burzum|spd|2
|
|upkeep
|turn|9
|
|t:|1776120333
|-terastallize|p1a: Late Burzum|Poison
|move|p1a: Late Burzum|Moonblast|p2a: Boodra
|-supereffective|p2a: Boodra
|-damage|p2a: Boodra|34/100
|move|p2a: Boodra|Thunder|p1a: Late Burzum|[miss]
|-miss|p2a: Boodra|p1a: Late Burzum
|
|upkeep
|turn|10
|
|t:|1776120350
|move|p1a: Late Burzum|Moonblast|p2a: Boodra
|-supereffective|p2a: Boodra
|-damage|p2a: Boodra|0 fnt
|faint|p2a: Boodra
|
|upkeep
|
|t:|1776120360
|switch|p2a: Grimm...|Grimmsnarl, M|100/100
|turn|11
|
|t:|1776120370
|move|p2a: Grimm...|Light Screen|p2a: Grimm...
|-sidestart|p2: ZaneCrescentb|move: Light Screen
|move|p1a: Late Burzum|Moonblast|p2a: Grimm...
|-supereffective|p2a: Grimm...
|-damage|p2a: Grimm...|52/100
|
|upkeep
|turn|12
|
|t:|1776120373
|move|p1a: Late Burzum|Moonblast|p2a: Grimm...
|-supereffective|p2a: Grimm...
|-damage|p2a: Grimm...|2/100
|move|p2a: Grimm...|Spirit Break|p1a: Late Burzum
|-resisted|p1a: Late Burzum
|-damage|p1a: Late Burzum|61/100
|-unboost|p1a: Late Burzum|spa|1
|
|upkeep
|turn|13
|
|t:|1776120384
|switch|p1a: Sean Connery|Dragonite, F, shiny|100/100
|move|p2a: Grimm...|Reflect|p2a: Grimm...
|-sidestart|p2: ZaneCrescentb|Reflect
|
|upkeep
|turn|14
|
|t:|1776120390
|move|p1a: Sean Connery|Extreme Speed|p2a: Grimm...
|-damage|p2a: Grimm...|0 fnt
|faint|p2a: Grimm...
|
|upkeep
|
|t:|1776120395
|switch|p2a: MoMolto|Alomomola, F, tera:Normal|42/100
|turn|15
|
|t:|1776120402
|switch|p1a: Late Burzum|Primarina, F, tera:Poison|61/100
|move|p2a: MoMolto|Flip Turn|p1a: Late Burzum
|-damage|p1a: Late Burzum|38/100
|
|t:|1776120405
|switch|p2a: Florablo|Glimmora, F|13/100|[from] Flip Turn
|
|upkeep
|turn|16
|
|t:|1776120411
|switch|p1a: Honored One|Kingambit, M|100/100
|-activate|p1a: Honored One|ability: Supreme Overlord
|-start|p1a: Honored One|fallen2|[silent]
|move|p2a: Florablo|Earth Power|p1a: Honored One
|-supereffective|p1a: Honored One
|-damage|p1a: Honored One|42/100
|
|upkeep
|turn|17
|
|t:|1776120421
|move|p1a: Honored One|Sucker Punch|p2a: Florablo
|-damage|p2a: Florablo|0 fnt
|-activate|p2a: Florablo|ability: Toxic Debris
|-sidestart|p1: jhrbg|move: Toxic Spikes
|faint|p2a: Florablo
|
|upkeep
|
|t:|1776120423
|switch|p2a: Reimi Itadori|Pawmot, F, shiny|100/100
|turn|18
|
|t:|1776120427
|move|p2a: Reimi Itadori|Mach Punch|p1a: Honored One
|-supereffective|p1a: Honored One
|-damage|p1a: Honored One|0 fnt
|faint|p1a: Honored One
|-end|p1a: Honored One|fallen2|[silent]
|
|-sideend|p2: ZaneCrescentb|move: Light Screen
|upkeep
|
|t:|1776120432
|switch|p1a: Howard the Alien|Deoxys-Speed, shiny|17/100
|-status|p1a: Howard the Alien|psn
|-ability|p1a: Howard the Alien|Pressure
|turn|19
|
|t:|1776120442
|switch|p2a: MoMolto|Alomomola, F, tera:Normal|75/100
|move|p1a: Howard the Alien|Psycho Boost|p2a: MoMolto
|-damage|p2a: MoMolto|11/100
|-unboost|p1a: Howard the Alien|spa|2
|-damage|p1a: Howard the Alien|7/100 psn|[from] item: Life Orb
|
|-heal|p2a: MoMolto|17/100|[from] item: Leftovers
|-damage|p1a: Howard the Alien|0 fnt|[from] psn
|faint|p1a: Howard the Alien
|upkeep
|
|t:|1776120445
|switch|p1a: Sean Connery|Dragonite, F, shiny|100/100
|turn|20
|
|t:|1776120450
|move|p1a: Sean Connery|Extreme Speed|p2a: MoMolto
|-damage|p2a: MoMolto|3/100
|move|p2a: MoMolto|Scald|p1a: Sean Connery
|-resisted|p1a: Sean Connery
|-damage|p1a: Sean Connery|97/100
|
|-heal|p2a: MoMolto|9/100|[from] item: Leftovers
|-sideend|p2: ZaneCrescentb|Reflect
|upkeep
|turn|21
|
|t:|1776120455
|move|p1a: Sean Connery|Extreme Speed|p2a: MoMolto
|-damage|p2a: MoMolto|0 fnt
|faint|p2a: MoMolto
|
|upkeep
|
|t:|1776120458
|switch|p2a: Reimi Itadori|Pawmot, F, shiny|100/100
|turn|22
|
|t:|1776120464
|move|p1a: Sean Connery|Extreme Speed|p2a: Reimi Itadori
|-damage|p2a: Reimi Itadori|30/100
|move|p2a: Reimi Itadori|Ice Punch|p1a: Sean Connery
|-supereffective|p1a: Sean Connery
|-damage|p1a: Sean Connery|0 fnt
|faint|p1a: Sean Connery
|
|upkeep
|
|t:|1776120469
|switch|p1a: Late Burzum|Primarina, F, tera:Poison|38/100
|-sideend|p1: jhrbg|move: Toxic Spikes|[of] p1a: Late Burzum
|turn|23
|c|☆ZaneCrescentb|BLACK FLASH!
|c|☆jhrbg|youre very autistic
|c|☆jhrbg|lol
|c|☆ZaneCrescentb|No.
|
|t:|1776120486
|move|p2a: Reimi Itadori|Thunder Punch|p1a: Late Burzum
|-damage|p1a: Late Burzum|0 fnt
|faint|p1a: Late Burzum
|
|win|ZaneCrescentb
|raw|jhrbg's rating: 1109 &rarr; <strong>1087</strong><br />(-22 for losing)
|raw|ZaneCrescentb's rating: 1152 &rarr; <strong>1174</strong><br />(+22 for winning)
|c|☆ZaneCrescentb|BLACK FLASH!
|c|☆ZaneCrescentb|Gg.
|c|☆ZaneCrescentb|I NEVER END ON A LOSS!!!
|c|☆jhrbg|?
|l|☆jhrbg
|player|p1|
