|html|<div class="broadcast-blue"><strong>[Gen 9] OU is currently suspecting Tera Blast! For information on how to participate check out the <a href="https://www.smogon.com/tools/suspects/view/200">suspect thread</a>.</strong></div>
|j|☆Zuko43210
|j|☆pedro124134
|t:|1776135427
|gametype|singles
|player|p1|Zuko43210|265|1000
|player|p2|pedro124134|169|1040
|gen|9
|tier|[Gen 9] OU
|rated|
|rule|HP Percentage Mod: HP is shown in percentages
|rule|Endless Battle Clause: Forcing endless battles is banned
|rule|Species Clause: Limit one of each Pokémon
|rule|OHKO Clause: OHKO moves are banned
|rule|Evasion Items Clause: Evasion items are banned
|rule|Evasion Moves Clause: Evasion moves are banned
|rule|Evasion Abilities Clause: Evasion abilities are banned
|rule|Sleep Moves Clause: Sleep-inducing moves are banned
|clearpoke
|poke|p1|Meowscarada, F|
|poke|p1|Raging Bolt|
|poke|p1|Zamazenta-*|
|poke|p1|Iron Treads|
|poke|p1|Hatterene, F|
|poke|p1|Hydrapple, M|
|poke|p2|Dragapult, F|
|poke|p2|Heatran, M|
|poke|p2|Great Tusk|
|poke|p2|Gholdengo|
|poke|p2|Kingambit, M|
|poke|p2|Dragonite, M|
|teampreview
|
|t:|1776135449
|teamsize|p1|6
|teamsize|p2|6
|start
|switch|p1a: Meowscarada|Meowscarada, F|100/100
|switch|p2a: Heatran|Heatran, M|100/100
|turn|1
|inactive|Battle timer is ON: inactive players will automatically lose when time's up. (requested by Zuko43210)
|inactive|Zuko43210 has 120 seconds left.
|
|t:|1776135486
|move|p1a: Meowscarada|Spikes|p2a: Heatran
|-sidestart|p2: pedro124134|Spikes
|move|p2a: Heatran|Lava Plume|p1a: Meowscarada
|-supereffective|p1a: Meowscarada
|-enditem|p1a: Meowscarada|Focus Sash
|-damage|p1a: Meowscarada|1/100
|
|upkeep
|turn|2
|
|t:|1776135500
|move|p1a: Meowscarada|Knock Off|p2a: Heatran
|-damage|p2a: Heatran|61/100
|-enditem|p2a: Heatran|Leftovers|[from] move: Knock Off|[of] p1a: Meowscarada
|move|p2a: Heatran|Earth Power|p1a: Meowscarada
|-resisted|p1a: Meowscarada
|-damage|p1a: Meowscarada|0 fnt
|faint|p1a: Meowscarada
|
|upkeep
|
|t:|1776135515
|switch|p1a: Iron Treads|Iron Treads|100/100
|-enditem|p1a: Iron Treads|Booster Energy
|-activate|p1a: Iron Treads|ability: Quark Drive|[fromitem]
|-start|p1a: Iron Treads|quarkdrivespe
|turn|3
|
|t:|1776135534
|move|p1a: Iron Treads|Volt Switch|p2a: Heatran
|-damage|p2a: Heatran|54/100
|
|t:|1776135543
|-end|p1a: Iron Treads|Quark Drive|[silent]
|switch|p1a: Raging Bolt|Raging Bolt|100/100|[from] Volt Switch
|move|p2a: Heatran|Lava Plume|p1a: Raging Bolt
|-resisted|p1a: Raging Bolt
|-damage|p1a: Raging Bolt|90/100
|
|upkeep
|turn|4
|
|t:|1776135554
|move|p2a: Heatran|Stealth Rock|p1a: Raging Bolt
|-sidestart|p1: Zuko43210|move: Stealth Rock
|move|p1a: Raging Bolt|Volt Switch|p2a: Heatran
|-damage|p2a: Heatran|30/100
|
|t:|1776135558
|-end|p1a: Raging Bolt|Protosynthesis|[silent]
|switch|p1a: Iron Treads|Iron Treads|100/100|[from] Volt Switch
|-damage|p1a: Iron Treads|97/100|[from] Stealth Rock
|
|upkeep
|turn|5
|
|t:|1776135571
|move|p1a: Iron Treads|Earthquake|p2a: Heatran
|-supereffective|p2a: Heatran
|-damage|p2a: Heatran|0 fnt
|faint|p2a: Heatran
|
|upkeep
|
|t:|1776135590
|switch|p2a: Kingambit|Kingambit, M|100/100
|-damage|p2a: Kingambit|88/100|[from] Spikes
|-activate|p2a: Kingambit|ability: Supreme Overlord
|-start|p2a: Kingambit|fallen1|[silent]
|turn|6
|
|t:|1776135604
|move|p2a: Kingambit|Sucker Punch|p1a: Iron Treads
|-damage|p1a: Iron Treads|59/100
|move|p1a: Iron Treads|Earthquake|p2a: Kingambit
|-supereffective|p2a: Kingambit
|-damage|p2a: Kingambit|23/100
|
|upkeep
|turn|7
|
|t:|1776135612
|-end|p2a: Kingambit|fallen1|[silent]
|switch|p2a: Gholdengo|Gholdengo|100/100
|-damage|p2a: Gholdengo|88/100|[from] Spikes
|move|p1a: Iron Treads|Earthquake|p2a: Gholdengo
|-supereffective|p2a: Gholdengo
|-damage|p2a: Gholdengo|0 fnt
|faint|p2a: Gholdengo
|
|upkeep
|
|t:|1776135621
|switch|p2a: Dragapult|Dragapult, F|100/100
|-damage|p2a: Dragapult|88/100|[from] Spikes
|turn|8
|
|t:|1776135628
|move|p2a: Dragapult|Shadow Ball|p1a: Iron Treads
|-damage|p1a: Iron Treads|2/100
|move|p1a: Iron Treads|Knock Off|p2a: Dragapult
|-supereffective|p2a: Dragapult
|-damage|p2a: Dragapult|22/100
|-enditem|p2a: Dragapult|Choice Specs|[from] move: Knock Off|[of] p1a: Iron Treads
|
|upkeep
|turn|9
|
|t:|1776135639
|move|p2a: Dragapult|Flamethrower|p1a: Iron Treads
|-supereffective|p1a: Iron Treads
|-damage|p1a: Iron Treads|0 fnt
|faint|p1a: Iron Treads
|-end|p1a: Iron Treads|Quark Drive|[silent]
|
|upkeep
|
|t:|1776135655
|switch|p1a: Hatterene|Hatterene, F|100/100
|-damage|p1a: Hatterene|88/100|[from] Stealth Rock
|turn|10
|
|t:|1776135664
|move|p2a: Dragapult|Shadow Ball|p1a: Hatterene
|-supereffective|p1a: Hatterene
|-damage|p1a: Hatterene|14/100
|move|p1a: Hatterene|Draining Kiss|p2a: Dragapult
|-supereffective|p2a: Dragapult
|-damage|p2a: Dragapult|0 fnt
|-heal|p1a: Hatterene|30/100|[from] drain|[of] p2a: Dragapult
|faint|p2a: Dragapult
|-damage|p1a: Hatterene|20/100|[from] item: Life Orb
|
|upkeep
|
|t:|1776135684
|switch|p2a: Great Tusk|Great Tusk|100/100
|-damage|p2a: Great Tusk|88/100|[from] Spikes
|turn|11
|
|t:|1776135698
|move|p2a: Great Tusk|Close Combat|p1a: Hatterene
|-resisted|p1a: Hatterene
|-damage|p1a: Hatterene|6/100
|-unboost|p2a: Great Tusk|def|1
|-unboost|p2a: Great Tusk|spd|1
|move|p1a: Hatterene|Draining Kiss|p2a: Great Tusk
|-supereffective|p2a: Great Tusk
|-damage|p2a: Great Tusk|0 fnt
|-heal|p1a: Hatterene|96/100|[from] drain|[of] p2a: Great Tusk
|faint|p2a: Great Tusk
|-end|p2a: Great Tusk|Protosynthesis|[silent]
|-damage|p1a: Hatterene|86/100|[from] item: Life Orb
|
|upkeep
|
|t:|1776135714
|switch|p2a: Kingambit|Kingambit, M|23/100
|-damage|p2a: Kingambit|11/100|[from] Spikes
|-activate|p2a: Kingambit|ability: Supreme Overlord
|-start|p2a: Kingambit|fallen4|[silent]
|turn|12
|
|t:|1776135737
|-terastallize|p1a: Hatterene|Fire
|move|p2a: Kingambit|Sucker Punch|p1a: Hatterene
|-damage|p1a: Hatterene|12/100
|move|p1a: Hatterene|Mystical Fire|p2a: Kingambit
|-supereffective|p2a: Kingambit
|-damage|p2a: Kingambit|0 fnt
|faint|p2a: Kingambit
|-end|p2a: Kingambit|fallen4|[silent]
|-damage|p1a: Hatterene|2/100|[from] item: Life Orb
|
|upkeep
|
|t:|1776135746
|switch|p2a: Dragonite|Dragonite, M|100/100
|turn|13
|
|t:|1776135750
|move|p2a: Dragonite|Extreme Speed|p1a: Hatterene
|-damage|p1a: Hatterene|0 fnt
|faint|p1a: Hatterene
|
|upkeep
|inactive|Zuko43210 has 120 seconds left.
|
|t:|1776135782
|switch|p1a: Raging Bolt|Raging Bolt|90/100
|-damage|p1a: Raging Bolt|78/100|[from] Stealth Rock
|turn|14
|
|t:|1776135791
|move|p1a: Raging Bolt|Thunderclap|p2a: Dragonite
|-damage|p2a: Dragonite|79/100
|move|p2a: Dragonite|Earthquake|p1a: Raging Bolt
|-supereffective|p1a: Raging Bolt
|-damage|p1a: Raging Bolt|10/100
|
|upkeep
|turn|15
|
|t:|1776135797
|move|p2a: Dragonite|Extreme Speed|p1a: Raging Bolt
|-damage|p1a: Raging Bolt|0 fnt
|faint|p1a: Raging Bolt
|-end|p1a: Raging Bolt|Protosynthesis|[silent]
|
|upkeep
|
|t:|1776135801
|switch|p1a: Zamazenta|Zamazenta|100/100
|-damage|p1a: Zamazenta|94/100|[from] Stealth Rock
|-ability|p1a: Zamazenta|Dauntless Shield|boost
|-boost|p1a: Zamazenta|def|1
|turn|16
|
|t:|1776135815
|move|p1a: Zamazenta|Crunch|p2a: Dragonite
|-damage|p2a: Dragonite|50/100
|move|p2a: Dragonite|Fire Punch|p1a: Zamazenta
|-damage|p1a: Zamazenta|75/100
|
|-heal|p1a: Zamazenta|81/100|[from] item: Leftovers
|upkeep
|turn|17
|
|t:|1776135830
|move|p2a: Dragonite|Extreme Speed|p1a: Zamazenta
|-damage|p1a: Zamazenta|60/100
|move|p1a: Zamazenta|Iron Defense|p1a: Zamazenta
|-boost|p1a: Zamazenta|def|2
|
|-heal|p1a: Zamazenta|66/100|[from] item: Leftovers
|upkeep
|turn|18
|
|t:|1776135837
|move|p1a: Zamazenta|Crunch|p2a: Dragonite
|-damage|p2a: Dragonite|21/100
|-unboost|p2a: Dragonite|def|1
|move|p2a: Dragonite|Dragon Dance|p2a: Dragonite
|-boost|p2a: Dragonite|atk|1
|-boost|p2a: Dragonite|spe|1
|
|-heal|p1a: Zamazenta|72/100|[from] item: Leftovers
|upkeep
|turn|19
|
|t:|1776135845
|move|p1a: Zamazenta|Crunch|p2a: Dragonite
|-damage|p2a: Dragonite|0 fnt
|faint|p2a: Dragonite
|
|win|Zuko43210
|raw|Zuko43210's rating: 1000 &rarr; <strong>1045</strong><br />(+45 for winning)
|raw|pedro124134's rating: 1040 &rarr; <strong>1022</strong><br />(-18 for losing)
|l|☆Zuko43210
|player|p1|
|n|☆pedro124134|pedro124134
|c|☆pedro124134|good game
