|html|<div class="broadcast-blue"><strong>[Gen 9] OU is currently suspecting Tera Blast! For information on how to participate check out the <a href="https://www.smogon.com/tools/suspects/view/200">suspect thread</a>.</strong></div>
|j|☆taikenlest
|j|☆Team BBIO 38
|t:|1776096638
|gametype|singles
|player|p1|taikenlest|psychic|1334
|player|p2|Team BBIO 38|janitor|1370
|gen|9
|tier|[Gen 9] OU
|rated|
|rule|HP Percentage Mod: HP is shown in percentages
|rule|Endless Battle Clause: Forcing endless battles is banned
|rule|Species Clause: Limit one of each Pokémon
|rule|OHKO Clause: OHKO moves are banned
|rule|Evasion Items Clause: Evasion items are banned
|rule|Evasion Moves Clause: Evasion moves are banned
|rule|Evasion Abilities Clause: Evasion abilities are banned
|rule|Sleep Moves Clause: Sleep-inducing moves are banned
|clearpoke
|poke|p1|Heatran, M|
|poke|p1|Corviknight, F|
|poke|p1|Dragapult, F|
|poke|p1|Great Tusk|
|poke|p1|Rillaboom, M|
|poke|p1|Toxapex, F|
|poke|p2|Dusclops, M|
|poke|p2|Blissey, F|
|poke|p2|Flamigo, M|
|poke|p2|Latias, F|
|poke|p2|Darkrai|
|poke|p2|Porygon2|
|teampreview
|inactive|Battle timer is ON: inactive players will automatically lose when time's up. (requested by Team BBIO 38)
|j| ohko_smeargle
|
|t:|1776096651
|teamsize|p1|6
|teamsize|p2|6
|start
|switch|p1a: Toxapex|Toxapex, F|100/100
|switch|p2a: Darkrai|Darkrai|100/100
|turn|1
|
|t:|1776096656
|move|p2a: Darkrai|Psychic|p1a: Toxapex
|-supereffective|p1a: Toxapex
|-damage|p1a: Toxapex|26/100
|move|p1a: Toxapex|Toxic|p2a: Darkrai
|-status|p2a: Darkrai|tox
|
|-heal|p1a: Toxapex|32/100|[from] item: Black Sludge
|-damage|p2a: Darkrai|94/100 tox|[from] psn
|upkeep
|turn|2
|
|t:|1776096672
|switch|p1a: Heatran|Heatran, M|100/100
|move|p2a: Darkrai|Psychic|p1a: Heatran
|-resisted|p1a: Heatran
|-damage|p1a: Heatran|90/100
|
|-damage|p2a: Darkrai|82/100 tox|[from] psn
|upkeep
|turn|3
|inactive|taikenlest has 120 seconds left.
|
|t:|1776096719
|switch|p2a: Flamigo|Flamigo, M|100/100
|move|p1a: Heatran|Magma Storm|p2a: Flamigo|[miss]
|-miss|p1a: Heatran|p2a: Flamigo
|
|upkeep
|turn|4
|
|t:|1776096729
|-terastallize|p1a: Heatran|Fairy
|move|p2a: Flamigo|Close Combat|p1a: Heatran
|-resisted|p1a: Heatran
|-crit|p1a: Heatran
|-damage|p1a: Heatran|53/100
|-unboost|p2a: Flamigo|def|1
|-unboost|p2a: Flamigo|spd|1
|move|p1a: Heatran|Tera Blast|p2a: Flamigo|[anim] Tera Blast Fairy
|-supereffective|p2a: Flamigo
|-crit|p2a: Flamigo
|-damage|p2a: Flamigo|0 fnt
|faint|p2a: Flamigo
|
|upkeep
|
|t:|1776096747
|switch|p2a: Blissey|Blissey, F|100/100
|turn|5
|
|t:|1776096772
|switch|p1a: Corviknight|Corviknight, F|100/100
|move|p2a: Blissey|Seismic Toss|p1a: Corviknight
|-damage|p1a: Corviknight|75/100
|-damage|p2a: Blissey|84/100|[from] item: Rocky Helmet|[of] p1a: Corviknight
|
|-heal|p2a: Blissey|90/100|[from] item: Leftovers
|upkeep
|turn|6
|inactive|taikenlest has 90 seconds left.
|
|t:|1776096795
|move|p1a: Corviknight|U-turn|p2a: Blissey
|-crit|p2a: Blissey
|-damage|p2a: Blissey|72/100
|inactive|taikenlest has 90 seconds left.
|
|t:|1776096802
|switch|p1a: Dragapult|Dragapult, F|100/100|[from] U-turn
|move|p2a: Blissey|Heal Bell|p2a: Blissey
|-activate|p2a: Blissey|move: Heal Bell
|-curestatus|p2: Darkrai|tox|[msg]
|
|-heal|p2a: Blissey|78/100|[from] item: Leftovers
|upkeep
|turn|7
|
|t:|1776096810
|move|p1a: Dragapult|U-turn|p2a: Blissey
|-damage|p2a: Blissey|64/100
|
|t:|1776096816
|switch|p1a: Toxapex|Toxapex, F|66/100|[from] U-turn
|move|p2a: Blissey|Stealth Rock|p1a: Toxapex
|-sidestart|p1: taikenlest|move: Stealth Rock
|
|-heal|p2a: Blissey|70/100|[from] item: Leftovers
|-heal|p1a: Toxapex|72/100|[from] item: Black Sludge
|upkeep
|turn|8
|
|t:|1776096828
|move|p2a: Blissey|Soft-Boiled|p2a: Blissey
|-heal|p2a: Blissey|100/100
|move|p1a: Toxapex|Toxic|p2a: Blissey
|-status|p2a: Blissey|tox
|
|-heal|p1a: Toxapex|78/100|[from] item: Black Sludge
|-damage|p2a: Blissey|94/100 tox|[from] psn
|upkeep
|turn|9
|
|t:|1776096835
|switch|p1a: Great Tusk|Great Tusk|100/100
|-damage|p1a: Great Tusk|98/100|[from] Stealth Rock
|move|p2a: Blissey|Seismic Toss|p1a: Great Tusk
|-damage|p1a: Great Tusk|74/100
|
|-heal|p1a: Great Tusk|81/100|[from] item: Leftovers
|-heal|p2a: Blissey|100/100 tox|[from] item: Leftovers
|-damage|p2a: Blissey|88/100 tox|[from] psn
|upkeep
|turn|10
|
|t:|1776096845
|-curestatus|p2a: Blissey|tox|[from] ability: Natural Cure
|switch|p2a: Dusclops|Dusclops, M|100/100
|-item|p1a: Great Tusk|Leftovers|[from] ability: Frisk|[of] p2a: Dusclops
|move|p1a: Great Tusk|Knock Off|p2a: Dusclops
|-supereffective|p2a: Dusclops
|-damage|p2a: Dusclops|71/100
|-enditem|p2a: Dusclops|Eviolite|[from] move: Knock Off|[of] p1a: Great Tusk
|
|-heal|p1a: Great Tusk|87/100|[from] item: Leftovers
|upkeep
|turn|11
|inactive|taikenlest has 90 seconds left.
|
|t:|1776096872
|-end|p1a: Great Tusk|Protosynthesis|[silent]
|switch|p1a: Toxapex|Toxapex, F|100/100
|-damage|p1a: Toxapex|88/100|[from] Stealth Rock
|move|p2a: Dusclops|Will-O-Wisp|p1a: Toxapex
|-status|p1a: Toxapex|brn
|
|-heal|p1a: Toxapex|94/100 brn|[from] item: Black Sludge
|-damage|p1a: Toxapex|88/100 brn|[from] brn
|upkeep
|turn|12
|
|t:|1776096900
|switch|p2a: Blissey|Blissey, F|88/100
|move|p1a: Toxapex|Toxic|p2a: Blissey
|-status|p2a: Blissey|tox
|
|-heal|p2a: Blissey|94/100 tox|[from] item: Leftovers
|-heal|p1a: Toxapex|94/100 brn|[from] item: Black Sludge
|-damage|p2a: Blissey|88/100 tox|[from] psn
|-damage|p1a: Toxapex|88/100 brn|[from] brn
|upkeep
|turn|13
|inactive|taikenlest has 90 seconds left.
|
|t:|1776096917
|-curestatus|p2a: Blissey|tox|[from] ability: Natural Cure
|switch|p2a: Dusclops|Dusclops, M|71/100
|-item|p1a: Toxapex|Black Sludge|[from] ability: Frisk|[of] p2a: Dusclops
|switch|p1a: Great Tusk|Great Tusk|87/100
|-damage|p1a: Great Tusk|84/100|[from] Stealth Rock
|
|-heal|p1a: Great Tusk|90/100|[from] item: Leftovers
|upkeep
|turn|14
|
|t:|1776096927
|switch|p2a: Alaric|Latias, F|100/100
|move|p1a: Great Tusk|Knock Off|p2a: Alaric
|-supereffective|p2a: Alaric
|-damage|p2a: Alaric|18/100
|-enditem|p2a: Alaric|Covert Cloak|[from] move: Knock Off|[of] p1a: Great Tusk
|
|-heal|p1a: Great Tusk|96/100|[from] item: Leftovers
|upkeep
|turn|15
|inactive|taikenlest has 90 seconds left.
|
|t:|1776096971
|-end|p1a: Great Tusk|Protosynthesis|[silent]
|switch|p1a: Corviknight|Corviknight, F|75/100
|-damage|p1a: Corviknight|63/100|[from] Stealth Rock
|-terastallize|p2a: Alaric|Steel
|move|p2a: Alaric|Recover|p2a: Alaric
|-heal|p2a: Alaric|68/100
|
|upkeep
|turn|16
|
|t:|1776096978
|move|p2a: Alaric|Calm Mind|p2a: Alaric
|-boost|p2a: Alaric|spa|1
|-boost|p2a: Alaric|spd|1
|move|p1a: Corviknight|Body Press|p2a: Alaric
|-supereffective|p2a: Alaric
|-damage|p2a: Alaric|2/100
|
|upkeep
|turn|17
|
|t:|1776096984
|move|p2a: Alaric|Aura Sphere|p1a: Corviknight
|-damage|p1a: Corviknight|32/100
|move|p1a: Corviknight|U-turn|p2a: Alaric
|-resisted|p2a: Alaric
|-damage|p2a: Alaric|0 fnt
|faint|p2a: Alaric
|
|t:|1776096993
|switch|p1a: Toxapex|Toxapex, F|100/100 brn|[from] U-turn
|-damage|p1a: Toxapex|88/100 brn|[from] Stealth Rock
|
|-heal|p1a: Toxapex|94/100 brn|[from] item: Black Sludge
|-damage|p1a: Toxapex|88/100 brn|[from] brn
|upkeep
|
|t:|1776097001
|switch|p2a: Darkrai|Darkrai|82/100
|turn|18
|inactive|taikenlest has 90 seconds left.
|
|t:|1776097009
|move|p2a: Darkrai|Trick|p1a: Toxapex
|-activate|p2a: Darkrai|move: Trick|[of] p1a: Toxapex
|-item|p1a: Toxapex|Choice Specs|[from] move: Trick
|-item|p2a: Darkrai|Black Sludge|[from] move: Trick
|move|p1a: Toxapex|Recover|p1a: Toxapex
|-heal|p1a: Toxapex|100/100 brn
|
|-damage|p2a: Darkrai|70/100|[from] item: Black Sludge
|-damage|p1a: Toxapex|94/100 brn|[from] brn
|upkeep
|turn|19
|inactive|taikenlest has 90 seconds left.
|
|t:|1776097020
|move|p2a: Darkrai|Dark Pulse|p1a: Toxapex
|-damage|p1a: Toxapex|59/100 brn
|move|p1a: Toxapex|Recover|p1a: Toxapex
|-heal|p1a: Toxapex|100/100 brn
|
|-damage|p2a: Darkrai|57/100|[from] item: Black Sludge
|-damage|p1a: Toxapex|94/100 brn|[from] brn
|upkeep
|turn|20
|
|t:|1776097027
|switch|p1a: Heatran|Heatran, M, tera:Fairy|53/100
|-damage|p1a: Heatran|41/100|[from] Stealth Rock
|move|p2a: Darkrai|Psychic|p1a: Heatran
|-damage|p1a: Heatran|28/100
|
|-damage|p2a: Darkrai|45/100|[from] item: Black Sludge
|upkeep
|turn|21
|inactive|taikenlest has 90 seconds left.
|inactive|taikenlest has 60 seconds left.
|inactive|taikenlest has 30 seconds left.
|inactive|taikenlest has 20 seconds left.
|inactive|taikenlest has 15 seconds left.
|
|t:|1776097122
|move|p2a: Darkrai|Trick|p1a: Heatran
|-activate|p2a: Darkrai|move: Trick|[of] p1a: Heatran
|-item|p1a: Heatran|Black Sludge|[from] move: Trick
|-item|p2a: Darkrai|Assault Vest|[from] move: Trick
|move|p1a: Heatran|Tera Blast|p2a: Darkrai|[anim] Tera Blast Fairy
|-supereffective|p2a: Darkrai
|-damage|p2a: Darkrai|0 fnt
|faint|p2a: Darkrai
|
|-damage|p1a: Heatran|16/100|[from] item: Black Sludge
|upkeep
|
|t:|1776097140
|switch|p2a: Porygon2|Porygon2|100/100
|-ability|p2a: Porygon2|Download|boost
|-boost|p2a: Porygon2|atk|1
|turn|22
|inactive|taikenlest has 30 seconds left this turn.
|inactive|taikenlest has 20 seconds left.
|inactive|taikenlest has 15 seconds left.
|inactive|taikenlest has 10 seconds left.
|inactive|taikenlest has 5 seconds left.
|
|t:|1776097168
|switch|p2a: Blissey|Blissey, F|88/100
|move|p1a: Heatran|Magma Storm|p2a: Blissey
|-damage|p2a: Blissey|72/100
|-activate|p2a: Blissey|move: Magma Storm|[of] p1a: Heatran
|
|-damage|p1a: Heatran|3/100|[from] item: Black Sludge
|-heal|p2a: Blissey|78/100|[from] item: Leftovers
|-damage|p2a: Blissey|66/100|[from] move: Magma Storm|[partiallytrapped]
|upkeep
|turn|23
|inactive|taikenlest has 15 seconds left this turn.
|inactive|taikenlest has 10 seconds left.
|
|t:|1776097177
|switch|p1a: Toxapex|Toxapex, F|100/100 brn
|-damage|p1a: Toxapex|88/100 brn|[from] Stealth Rock
|move|p2a: Blissey|Seismic Toss|p1a: Toxapex
|-damage|p1a: Toxapex|55/100 brn
|
|-heal|p2a: Blissey|72/100|[from] item: Leftovers
|-damage|p1a: Toxapex|49/100 brn|[from] brn
|-end|p2a: Blissey|Magma Storm|[partiallytrapped]|[silent]
|upkeep
|turn|24
|inactive|taikenlest has 20 seconds left this turn.
|inactive|taikenlest has 15 seconds left.
|
|t:|1776097187
|move|p2a: Blissey|Seismic Toss|p1a: Toxapex
|-damage|p1a: Toxapex|16/100 brn
|move|p1a: Toxapex|Toxic|p2a: Blissey
|-status|p2a: Blissey|tox
|
|-heal|p2a: Blissey|78/100 tox|[from] item: Leftovers
|-damage|p2a: Blissey|72/100 tox|[from] psn
|-damage|p1a: Toxapex|10/100 brn|[from] brn
|upkeep
|turn|25
|inactive|taikenlest has 25 seconds left this turn.
|
|t:|1776097196
|switch|p1a: Heatran|Heatran, M, tera:Fairy|3/100
|-damage|p1a: Heatran|0 fnt|[from] Stealth Rock
|faint|p1a: Heatran
|move|p2a: Blissey|Seismic Toss|p1: Heatran|[notarget]
|-fail|p2a: Blissey
|
|-heal|p2a: Blissey|78/100 tox|[from] item: Leftovers
|-damage|p2a: Blissey|66/100 tox|[from] psn
|upkeep
|inactive|taikenlest has 30 seconds left this turn.
|inactive|taikenlest has 20 seconds left.
|inactive|taikenlest has 15 seconds left.
|inactive|taikenlest has 10 seconds left.
|
|t:|1776097218
|switch|p1a: Dragapult|Dragapult, F|100/100
|-damage|p1a: Dragapult|88/100|[from] Stealth Rock
|turn|26
|inactive|taikenlest has 20 seconds left this turn.
|inactive|taikenlest has 15 seconds left.
|
|t:|1776097232
|-curestatus|p2a: Blissey|tox|[from] ability: Natural Cure
|switch|p2a: Dusclops|Dusclops, M|71/100
|-item|p1a: Dragapult|Choice Specs|[from] ability: Frisk|[of] p2a: Dusclops
|move|p1a: Dragapult|U-turn|p2a: Dusclops
|-resisted|p2a: Dusclops
|-damage|p2a: Dusclops|65/100
|inactive|taikenlest has 20 seconds left this turn.
|inactive|taikenlest has 15 seconds left.
|
|t:|1776097240
|switch|p1a: Toxapex|Toxapex, F|43/100 brn|[from] U-turn
|-damage|p1a: Toxapex|30/100 brn|[from] Stealth Rock
|
|-damage|p1a: Toxapex|24/100 brn|[from] brn
|upkeep
|turn|27
|inactive|taikenlest has 25 seconds left this turn.
|
|t:|1776097245
|switch|p1a: Corviknight|Corviknight, F|32/100
|-damage|p1a: Corviknight|19/100|[from] Stealth Rock
|move|p2a: Dusclops|Night Shade|p1a: Corviknight
|-damage|p1a: Corviknight|0 fnt
|faint|p1a: Corviknight
|
|upkeep
|inactive|taikenlest has 30 seconds left this turn.
|
|t:|1776097253
|switch|p1a: Dragapult|Dragapult, F|88/100
|-damage|p1a: Dragapult|76/100|[from] Stealth Rock
|turn|28
|
|t:|1776097256
|move|p1a: Dragapult|U-turn|p2a: Dusclops
|-resisted|p2a: Dusclops
|-damage|p2a: Dusclops|58/100
|
|t:|1776097261
|switch|p1a: Toxapex|Toxapex, F|57/100 brn|[from] U-turn
|-damage|p1a: Toxapex|45/100 brn|[from] Stealth Rock
|move|p2a: Dusclops|Will-O-Wisp|p1a: Toxapex
|-fail|p1a: Toxapex|brn
|
|-damage|p1a: Toxapex|39/100 brn|[from] brn
|upkeep
|turn|29
|
|t:|1776097269
|move|p1a: Toxapex|Toxic|p2a: Dusclops
|-status|p2a: Dusclops|tox
|move|p2a: Dusclops|Night Shade|p1a: Toxapex
|-damage|p1a: Toxapex|6/100 brn
|
|-damage|p2a: Dusclops|52/100 tox|[from] psn
|-damage|p1a: Toxapex|0 fnt|[from] brn
|faint|p1a: Toxapex
|upkeep
|
|t:|1776097275
|switch|p1a: Rillaboom|Rillaboom, M|100/100
|-damage|p1a: Rillaboom|88/100|[from] Stealth Rock
|-fieldstart|move: Grassy Terrain|[from] ability: Grassy Surge|[of] p1a: Rillaboom
|turn|30
|
|t:|1776097282
|move|p1a: Rillaboom|Wood Hammer|p2a: Dusclops
|-damage|p2a: Dusclops|0 fnt
|faint|p2a: Dusclops
|-damage|p1a: Rillaboom|74/100|[from] Recoil
|
|-heal|p1a: Rillaboom|80/100|[from] Grassy Terrain
|upkeep
|
|t:|1776097290
|switch|p2a: Blissey|Blissey, F|66/100
|turn|31
|
|t:|1776097293
|move|p1a: Rillaboom|Wood Hammer|p2a: Blissey
|-damage|p2a: Blissey|0 fnt
|faint|p2a: Blissey
|-damage|p1a: Rillaboom|36/100|[from] Recoil
|
|-heal|p1a: Rillaboom|42/100|[from] Grassy Terrain
|upkeep
|
|t:|1776097300
|switch|p2a: Porygon2|Porygon2|100/100
|-ability|p2a: Porygon2|Download|boost
|-boost|p2a: Porygon2|spa|1
|turn|32
|
|t:|1776097307
|move|p1a: Rillaboom|Wood Hammer|p2a: Porygon2
|-damage|p2a: Porygon2|21/100
|-damage|p1a: Rillaboom|13/100|[from] Recoil
|move|p2a: Porygon2|Trick Room|p2a: Porygon2
|-fieldstart|move: Trick Room|[of] p2a: Porygon2
|
|-heal|p2a: Porygon2|27/100|[from] Grassy Terrain
|-heal|p1a: Rillaboom|20/100|[from] Grassy Terrain
|upkeep
|turn|33
|
|t:|1776097315
|move|p2a: Porygon2|Ice Beam|p1a: Rillaboom
|-supereffective|p1a: Rillaboom
|-damage|p1a: Rillaboom|0 fnt
|faint|p1a: Rillaboom
|
|-heal|p2a: Porygon2|33/100|[from] Grassy Terrain
|upkeep
|inactive|taikenlest has 90 seconds left.
|
|t:|1776097327
|switch|p1a: Great Tusk|Great Tusk|96/100
|-damage|p1a: Great Tusk|93/100|[from] Stealth Rock
|turn|34
|inactive|taikenlest has 90 seconds left.
|
|t:|1776097335
|move|p2a: Porygon2|Ice Beam|p1a: Great Tusk
|-supereffective|p1a: Great Tusk
|-damage|p1a: Great Tusk|0 fnt
|faint|p1a: Great Tusk
|-end|p1a: Great Tusk|Protosynthesis|[silent]
|
|-heal|p2a: Porygon2|40/100|[from] Grassy Terrain
|-fieldend|move: Grassy Terrain
|upkeep
|
|t:|1776097338
|switch|p1a: Dragapult|Dragapult, F|76/100
|-damage|p1a: Dragapult|64/100|[from] Stealth Rock
|turn|35
|
|t:|1776097343
|move|p2a: Porygon2|Ice Beam|p1a: Dragapult
|-supereffective|p1a: Dragapult
|-damage|p1a: Dragapult|0 fnt
|faint|p1a: Dragapult
|
|win|Team BBIO 38
|raw|taikenlest's rating: 1334 &rarr; <strong>1316</strong><br />(-18 for losing)
|raw|Team BBIO 38's rating: 1370 &rarr; <strong>1388</strong><br />(+18 for winning)
|l| ohko_smeargle
|l|☆Team BBIO 38
|player|p2|
|l|☆taikenlest
|player|p1|
