|html|<div class="broadcast-blue"><strong>[Gen 9] OU is currently suspecting Tera Blast! For information on how to participate check out the <a href="https://www.smogon.com/tools/suspects/view/200">suspect thread</a>.</strong></div>
|j|☆theflowofc4lamity
|j|☆lebronismygoatzs
|t:|1776349134
|gametype|singles
|player|p1|theflowofc4lamity|red|
|player|p2|lebronismygoatzs|crasherwake|
|gen|9
|tier|[Gen 9] OU
|rule|HP Percentage Mod: HP is shown in percentages
|rule|Endless Battle Clause: Forcing endless battles is banned
|rule|Species Clause: Limit one of each Pokémon
|rule|OHKO Clause: OHKO moves are banned
|rule|Evasion Items Clause: Evasion items are banned
|rule|Evasion Moves Clause: Evasion moves are banned
|rule|Evasion Abilities Clause: Evasion abilities are banned
|rule|Sleep Moves Clause: Sleep-inducing moves are banned
|clearpoke
|poke|p1|Ogerpon-Wellspring, F|
|poke|p1|Great Tusk|
|poke|p1|Heatran, F|
|poke|p1|Hatterene, F|
|poke|p1|Dragonite, F|
|poke|p1|Hoopa-Unbound|
|poke|p2|Ogerpon-Wellspring, F|
|poke|p2|Samurott-Hisui, M|
|poke|p2|Clefable, F|
|poke|p2|Gliscor, M|
|poke|p2|Gholdengo|
|poke|p2|Zamazenta-*|
|teampreview
|inactive|Battle timer is ON: inactive players will automatically lose when time's up. (requested by lebronismygoatzs)
|
|t:|1776349161
|teamsize|p1|6
|teamsize|p2|6
|start
|switch|p1a: Ogerpon|Ogerpon-Wellspring, F|100/100
|switch|p2a: Clefable|Clefable, F|100/100
|turn|1
|
|t:|1776349173
|switch|p1a: Hatterene|Hatterene, F|100/100
|move|p2a: Clefable|Moonblast|p1a: Hatterene
|-damage|p1a: Hatterene|70/100
|
|upkeep
|turn|2
|
|t:|1776349187
|move|p2a: Clefable|Knock Off|p1a: Hatterene
|-damage|p1a: Hatterene|57/100
|-enditem|p1a: Hatterene|Rocky Helmet|[from] move: Knock Off|[of] p2a: Clefable
|move|p1a: Hatterene|Psychic Noise|p2a: Clefable
|-damage|p2a: Clefable|71/100
|-start|p2a: Clefable|move: Heal Block
|
|upkeep
|turn|3
|
|t:|1776349196
|switch|p2a: Gliscor|Gliscor, M|100/100
|move|p1a: Hatterene|Nuzzle|p2a: Gliscor
|-immune|p2a: Gliscor
|
|-status|p2a: Gliscor|tox|[from] item: Toxic Orb
|upkeep
|turn|4
|
|t:|1776349205
|move|p2a: Gliscor|Earthquake|p1a: Hatterene
|-damage|p1a: Hatterene|30/100
|move|p1a: Hatterene|Pain Split|p2a: Gliscor
|-sethp|p2a: Gliscor|64/100 tox|[from] move: Pain Split|[silent]
|-sethp|p1a: Hatterene|71/100|[from] move: Pain Split
|
|-heal|p2a: Gliscor|76/100 tox|[from] ability: Poison Heal
|upkeep
|turn|5
|
|t:|1776349222
|move|p2a: Gliscor|Swords Dance|p2a: Gliscor
|-boost|p2a: Gliscor|atk|2
|move|p1a: Hatterene|Psychic Noise|p2a: Gliscor
|-damage|p2a: Gliscor|45/100 tox
|-start|p2a: Gliscor|move: Heal Block
|
|upkeep
|turn|6
|
|t:|1776349232
|switch|p1a: Great Tusk|Great Tusk|100/100
|move|p2a: Gliscor|Facade|p1a: Great Tusk
|-crit|p1a: Great Tusk
|-damage|p1a: Great Tusk|31/100
|-damage|p2a: Gliscor|28/100 tox|[from] item: Rocky Helmet|[of] p1a: Great Tusk
|
|-end|p2a: Gliscor|move: Heal Block
|upkeep
|turn|7
|inactive|lebronismygoatzs has 270 seconds left.
|
|t:|1776349263
|move|p2a: Gliscor|Protect|p2a: Gliscor
|-singleturn|p2a: Gliscor|Protect
|move|p1a: Great Tusk|Ice Spinner|p2a: Gliscor
|-activate|p2a: Gliscor|move: Protect
|
|-heal|p2a: Gliscor|41/100 tox|[from] ability: Poison Heal
|upkeep
|turn|8
|
|t:|1776349273
|switch|p2a: Clefable|Clefable, F|71/100
|move|p1a: Great Tusk|Headlong Rush|p2a: Clefable
|-crit|p2a: Clefable
|-damage|p2a: Clefable|2/100
|-unboost|p1a: Great Tusk|def|1
|-unboost|p1a: Great Tusk|spd|1
|-damage|p1a: Great Tusk|14/100|[from] item: Rocky Helmet|[of] p2a: Clefable
|
|upkeep
|turn|9
|l|☆theflowofc4lamity
|inactive|theflowofc4lamity disconnected and has 300 seconds to reconnect!
|player|p1|
|j|☆theflowofc4lamity
|inactive|theflowofc4lamity reconnected and has 295 seconds left.
|player|p1|theflowofc4lamity|red|
|
|t:|1776349304
|-end|p1a: Great Tusk|Protosynthesis|[silent]
|switch|p1a: Heatran|Heatran, F|100/100
|move|p2a: Clefable|Moonlight|p2a: Clefable
|-heal|p2a: Clefable|52/100
|
|upkeep
|turn|10
|
|t:|1776349316
|move|p1a: Heatran|Stealth Rock|p2a: Clefable
|-sidestart|p2: lebronismygoatzs|move: Stealth Rock
|move|p2a: Clefable|Moonlight|p2a: Clefable
|-heal|p2a: Clefable|100/100
|
|upkeep
|turn|11
|
|t:|1776349322
|move|p1a: Heatran|Magma Storm|p2a: Clefable
|-damage|p2a: Clefable|62/100
|-activate|p2a: Clefable|move: Magma Storm|[of] p1a: Heatran
|move|p2a: Clefable|Knock Off|p1a: Heatran
|-damage|p1a: Heatran|88/100
|-enditem|p1a: Heatran|Leftovers|[from] move: Knock Off|[of] p2a: Clefable
|
|upkeep
|turn|12
|
|t:|1776349332
|move|p1a: Heatran|Earth Power|p2a: Clefable
|-damage|p2a: Clefable|36/100
|move|p2a: Clefable|Stealth Rock|p1a: Heatran
|-sidestart|p1: theflowofc4lamity|move: Stealth Rock
|
|upkeep
|turn|13
|
|t:|1776349344
|move|p1a: Heatran|Magma Storm|p2a: Clefable
|-damage|p2a: Clefable|0 fnt
|faint|p2a: Clefable
|
|upkeep
|
|t:|1776349354
|switch|p2a: Ogerpon|Ogerpon-Wellspring, F|100/100
|-damage|p2a: Ogerpon|88/100|[from] Stealth Rock
|turn|14
|
|t:|1776349366
|move|p2a: Ogerpon|Ivy Cudgel|p1a: Heatran|[anim] Ivy Cudgel Water
|-supereffective|p1a: Heatran
|-damage|p1a: Heatran|0 fnt
|faint|p1a: Heatran
|
|upkeep
|inactive|theflowofc4lamity has 270 seconds left.
|
|t:|1776349402
|switch|p1a: Hatterene|Hatterene, F|71/100
|-damage|p1a: Hatterene|58/100|[from] Stealth Rock
|turn|15
|
|t:|1776349413
|move|p2a: Ogerpon|U-turn|p1a: Hatterene
|-damage|p1a: Hatterene|36/100
|
|t:|1776349414
|switch|p2a: Samurott|Samurott-Hisui, M|100/100|[from] U-turn
|-damage|p2a: Samurott|88/100|[from] Stealth Rock
|move|p1a: Hatterene|Psychic Noise|p2a: Samurott
|-immune|p2a: Samurott
|
|upkeep
|turn|16
|
|t:|1776349424
|move|p2a: Samurott|Ceaseless Edge|p1a: Hatterene
|-damage|p1a: Hatterene|0 fnt
|-sidestart|p1: theflowofc4lamity|Spikes
|faint|p1a: Hatterene
|
|upkeep
|inactive|theflowofc4lamity has 270 seconds left.
|
|t:|1776349437
|switch|p1a: Ogerpon|Ogerpon-Wellspring, F|100/100
|-damage|p1a: Ogerpon|88/100|[from] Stealth Rock
|-damage|p1a: Ogerpon|76/100|[from] Spikes
|turn|17
|inactive|theflowofc4lamity has 270 seconds left.
|
|t:|1776349457
|switch|p2a: Gliscor|Gliscor, M|41/100 tox
|-damage|p2a: Gliscor|28/100 tox|[from] Stealth Rock
|move|p1a: Ogerpon|Power Whip|p2a: Gliscor
|-damage|p2a: Gliscor|0 fnt
|faint|p2a: Gliscor
|
|upkeep
|inactive|lebronismygoatzs has 270 seconds left.
|
|t:|1776349490
|switch|p2a: Zamazenta|Zamazenta|100/100
|-damage|p2a: Zamazenta|94/100|[from] Stealth Rock
|-ability|p2a: Zamazenta|Dauntless Shield|boost
|-boost|p2a: Zamazenta|def|1
|turn|18
|inactive|lebronismygoatzs has 270 seconds left.
|
|t:|1776349504
|switch|p1a: Great Tusk|Great Tusk|14/100
|-damage|p1a: Great Tusk|11/100|[from] Stealth Rock
|-damage|p1a: Great Tusk|0 fnt|[from] Spikes
|faint|p1a: Great Tusk
|-end|p1a: Great Tusk|Protosynthesis|[silent]
|move|p2a: Zamazenta|Iron Defense|p2a: Zamazenta
|-boost|p2a: Zamazenta|def|2
|
|-heal|p2a: Zamazenta|100/100|[from] item: Leftovers
|upkeep
|inactive|theflowofc4lamity has 270 seconds left.
|
|t:|1776349518
|switch|p1a: Hoopa|Hoopa-Unbound|100/100
|-damage|p1a: Hoopa|88/100|[from] Stealth Rock
|-damage|p1a: Hoopa|76/100|[from] Spikes
|turn|19
|inactive|theflowofc4lamity has 270 seconds left.
|inactive|lebronismygoatzs has 270 seconds left.
|
|t:|1776349550
|-terastallize|p2a: Zamazenta|Ghost
|move|p1a: Hoopa|Trick|p2a: Zamazenta
|-activate|p1a: Hoopa|move: Trick|[of] p2a: Zamazenta
|-item|p2a: Zamazenta|Choice Scarf|[from] move: Trick
|-item|p1a: Hoopa|Leftovers|[from] move: Trick
|move|p2a: Zamazenta|Body Press|p1a: Hoopa
|-damage|p1a: Hoopa|0 fnt
|faint|p1a: Hoopa
|
|upkeep
|
|t:|1776349565
|switch|p1a: Dragonite|Dragonite, F|100/100
|turn|20
|
|t:|1776349569
|move|p2a: Zamazenta|Body Press|p1a: Dragonite
|-resisted|p1a: Dragonite
|-crit|p1a: Dragonite
|-damage|p1a: Dragonite|66/100
|move|p1a: Dragonite|Dragon Dance|p1a: Dragonite
|-boost|p1a: Dragonite|atk|1
|-boost|p1a: Dragonite|spe|1
|
|upkeep
|turn|21
|inactive|theflowofc4lamity has 270 seconds left.
|
|t:|1776349584
|move|p2a: Zamazenta|Body Press|p1a: Dragonite
|-resisted|p1a: Dragonite
|-damage|p1a: Dragonite|18/100
|move|p1a: Dragonite|Dragon Dance|p1a: Dragonite
|-boost|p1a: Dragonite|atk|1
|-boost|p1a: Dragonite|spe|1
|
|upkeep
|turn|22
|inactive|theflowofc4lamity has 270 seconds left.
|
|t:|1776349590
|move|p2a: Zamazenta|Body Press|p1a: Dragonite
|-resisted|p1a: Dragonite
|-damage|p1a: Dragonite|0 fnt
|faint|p1a: Dragonite
|
|upkeep
|inactive|theflowofc4lamity has 270 seconds left.
|c|☆lebronismygoatzs|gg
|c|☆theflowofc4lamity|gg
|-message|theflowofc4lamity forfeited.
|
|win|lebronismygoatzs
