|html|<div class="broadcast-blue"><strong>[Gen 9] OU is currently suspecting Tera Blast! For information on how to participate check out the <a href="https://www.smogon.com/tools/suspects/view/200">suspect thread</a>.</strong></div>
|j|☆chicoronaldo
|j|☆kiryu the saturn
|t:|1776125176
|gametype|singles
|player|p1|chicoronaldo|maid|1040
|player|p2|kiryu the saturn|veteran|1027
|gen|9
|tier|[Gen 9] OU
|rated|
|rule|HP Percentage Mod: HP is shown in percentages
|rule|Endless Battle Clause: Forcing endless battles is banned
|rule|Species Clause: Limit one of each Pokémon
|rule|OHKO Clause: OHKO moves are banned
|rule|Evasion Items Clause: Evasion items are banned
|rule|Evasion Moves Clause: Evasion moves are banned
|rule|Evasion Abilities Clause: Evasion abilities are banned
|rule|Sleep Moves Clause: Sleep-inducing moves are banned
|clearpoke
|poke|p1|Great Tusk|
|poke|p1|Dragonite, F|
|poke|p1|Glimmora, F|
|poke|p1|Weezing-Galar, F|
|poke|p1|Darkrai|
|poke|p1|Gholdengo|
|poke|p2|Ninetales, F|
|poke|p2|Torkoal, M|
|poke|p2|Charizard, F|
|poke|p2|Exeggutor, F|
|poke|p2|Trevenant, M|
|poke|p2|Shiftry, F|
|teampreview
|
|t:|1776125186
|teamsize|p1|6
|teamsize|p2|6
|start
|switch|p1a: Dragonite|Dragonite, F|100/100
|switch|p2a: Torkoal|Torkoal, M, shiny|100/100
|-weather|SunnyDay|[from] ability: Drought|[of] p2a: Torkoal
|turn|1
|
|t:|1776125208
|move|p1a: Dragonite|Substitute|p1a: Dragonite
|-start|p1a: Dragonite|Substitute
|-damage|p1a: Dragonite|76/100
|move|p2a: Torkoal|Weather Ball|p1a: Dragonite
|-resisted|p1a: Dragonite
|-activate|p1a: Dragonite|move: Substitute|[damage]
|
|-weather|SunnyDay|[upkeep]
|-heal|p1a: Dragonite|82/100|[from] item: Leftovers
|upkeep
|turn|2
|
|t:|1776125218
|move|p1a: Dragonite|Dragon Dance|p1a: Dragonite
|-boost|p1a: Dragonite|atk|1
|-boost|p1a: Dragonite|spe|1
|move|p2a: Torkoal|Weather Ball|p1a: Dragonite
|-resisted|p1a: Dragonite
|-end|p1a: Dragonite|Substitute
|
|-weather|SunnyDay|[upkeep]
|-heal|p1a: Dragonite|88/100|[from] item: Leftovers
|upkeep
|turn|3
|
|t:|1776125228
|move|p1a: Dragonite|Substitute|p1a: Dragonite
|-start|p1a: Dragonite|Substitute
|-damage|p1a: Dragonite|63/100
|move|p2a: Torkoal|Clear Smog|p1a: Dragonite
|-activate|p1a: Dragonite|move: Substitute|[damage]
|
|-weather|SunnyDay|[upkeep]
|-heal|p1a: Dragonite|70/100|[from] item: Leftovers
|upkeep
|turn|4
|
|t:|1776125240
|move|p1a: Dragonite|Dragon Dance|p1a: Dragonite
|-boost|p1a: Dragonite|atk|1
|-boost|p1a: Dragonite|spe|1
|move|p2a: Torkoal|Weather Ball|p1a: Dragonite
|-resisted|p1a: Dragonite
|-crit|p1a: Dragonite
|-end|p1a: Dragonite|Substitute
|
|-weather|SunnyDay|[upkeep]
|-heal|p1a: Dragonite|76/100|[from] item: Leftovers
|upkeep
|turn|5
|
|t:|1776125249
|move|p1a: Dragonite|Substitute|p1a: Dragonite
|-start|p1a: Dragonite|Substitute
|-damage|p1a: Dragonite|51/100
|move|p2a: Torkoal|Clear Smog|p1a: Dragonite
|-activate|p1a: Dragonite|move: Substitute|[damage]
|
|-weather|none
|-heal|p1a: Dragonite|57/100|[from] item: Leftovers
|upkeep
|turn|6
|
|t:|1776125257
|move|p1a: Dragonite|Dragon Dance|p1a: Dragonite
|-boost|p1a: Dragonite|atk|1
|-boost|p1a: Dragonite|spe|1
|move|p2a: Torkoal|Weather Ball|p1a: Dragonite
|-activate|p1a: Dragonite|move: Substitute|[damage]
|
|-heal|p1a: Dragonite|63/100|[from] item: Leftovers
|upkeep
|turn|7
|
|t:|1776125268
|move|p1a: Dragonite|Dragon Dance|p1a: Dragonite
|-boost|p1a: Dragonite|atk|1
|-boost|p1a: Dragonite|spe|1
|move|p2a: Torkoal|Weather Ball|p1a: Dragonite
|-end|p1a: Dragonite|Substitute
|
|-heal|p1a: Dragonite|70/100|[from] item: Leftovers
|upkeep
|turn|8
|
|t:|1776125285
|switch|p2a: Ninetales|Ninetales, F, shiny|100/100
|-weather|SunnyDay|[from] ability: Drought|[of] p2a: Ninetales
|move|p1a: Dragonite|Substitute|p1a: Dragonite
|-start|p1a: Dragonite|Substitute
|-damage|p1a: Dragonite|45/100
|
|-weather|SunnyDay|[upkeep]
|-heal|p1a: Dragonite|51/100|[from] item: Leftovers
|upkeep
|turn|9
|
|t:|1776125294
|move|p1a: Dragonite|Earthquake|p2a: Ninetales
|-supereffective|p2a: Ninetales
|-damage|p2a: Ninetales|0 fnt
|faint|p2a: Ninetales
|
|-weather|SunnyDay|[upkeep]
|-heal|p1a: Dragonite|57/100|[from] item: Leftovers
|upkeep
|
|t:|1776125301
|switch|p2a: Torkoal|Torkoal, M, shiny|100/100
|turn|10
|
|t:|1776125307
|switch|p2a: Charizard|Charizard, F, shiny|100/100
|move|p1a: Dragonite|Earthquake|p2a: Charizard
|-immune|p2a: Charizard
|
|-weather|SunnyDay|[upkeep]
|-damage|p2a: Charizard|88/100|[from] ability: Solar Power|[of] p2a: Charizard
|-heal|p1a: Dragonite|63/100|[from] item: Leftovers
|upkeep
|turn|11
|inactive|Battle timer is ON: inactive players will automatically lose when time's up. (requested by chicoronaldo)
|
|t:|1776125317
|-terastallize|p1a: Dragonite|Flying
|move|p1a: Dragonite|Tera Blast|p2a: Charizard|[anim] Tera Blast Flying
|-damage|p2a: Charizard|0 fnt
|faint|p2a: Charizard
|
|-weather|SunnyDay|[upkeep]
|-heal|p1a: Dragonite|70/100|[from] item: Leftovers
|upkeep
|-message|kiryu the saturn forfeited.
|
|win|chicoronaldo
|raw|chicoronaldo's rating: 1040 &rarr; <strong>1073</strong><br />(+33 for winning)
|raw|kiryu the saturn's rating: 1027 &rarr; <strong>1013</strong><br />(-14 for losing)
|l|☆kiryu the saturn
|player|p2|
