|html|<div class="broadcast-blue"><strong>[Gen 9] OU is currently suspecting Tera Blast! For information on how to participate check out the <a href="https://www.smogon.com/tools/suspects/view/200">suspect thread</a>.</strong></div>
|j|☆reallyrobin
|j|☆MASTEROFALLCREATE
|t:|1776061120
|gametype|singles
|player|p1|reallyrobin|hiker-gen4|1095
|player|p2|MASTEROFALLCREATE|pokefan-gen4|1154
|gen|9
|tier|[Gen 9] OU
|rated|
|rule|HP Percentage Mod: HP is shown in percentages
|rule|Endless Battle Clause: Forcing endless battles is banned
|rule|Species Clause: Limit one of each Pokémon
|rule|OHKO Clause: OHKO moves are banned
|rule|Evasion Items Clause: Evasion items are banned
|rule|Evasion Moves Clause: Evasion moves are banned
|rule|Evasion Abilities Clause: Evasion abilities are banned
|rule|Sleep Moves Clause: Sleep-inducing moves are banned
|clearpoke
|poke|p1|Raging Bolt|
|poke|p1|Ribombee, M|
|poke|p1|Gholdengo|
|poke|p1|Great Tusk|
|poke|p1|Ogerpon-Cornerstone, F|
|poke|p1|Ceruledge, M|
|poke|p2|Rillaboom, F|
|poke|p2|Ambipom, M|
|poke|p2|Carbink|
|poke|p2|Bronzong|
|poke|p2|Eelektross, M|
|poke|p2|Tentacruel, M|
|teampreview
|
|t:|1776061124
|teamsize|p1|6
|teamsize|p2|6
|start
|switch|p1a: Ribombee|Ribombee, M, shiny|100/100
|switch|p2a: Ambipom|Ambipom, M|100/100
|turn|1
|
|t:|1776061136
|move|p2a: Ambipom|Fake Out|p1a: Ribombee
|-damage|p1a: Ribombee|29/100
|-damage|p2a: Ambipom|91/100|[from] item: Life Orb
|move|p1a: Ribombee|Stun Spore|p2a: Ambipom
|-status|p2a: Ambipom|par
|
|upkeep
|turn|2
|
|t:|1776061143
|move|p1a: Ribombee|Sticky Web|p2a: Ambipom
|-sidestart|p2: MASTEROFALLCREATE|move: Sticky Web
|move|p2a: Ambipom|Aerial Ace|p1a: Ribombee
|-supereffective|p1a: Ribombee
|-damage|p1a: Ribombee|0 fnt
|faint|p1a: Ribombee
|-damage|p2a: Ambipom|81/100 par|[from] item: Life Orb
|
|upkeep
|
|t:|1776061159
|switch|p1a: Great Tusk|Great Tusk, shiny|100/100
|-enditem|p1a: Great Tusk|Booster Energy
|-activate|p1a: Great Tusk|ability: Protosynthesis|[fromitem]
|-start|p1a: Great Tusk|protosynthesisatk
|turn|3
|
|t:|1776061176
|switch|p2a: Eelektross|Eelektross, M|100/100
|-terastallize|p1a: Great Tusk|Fighting
|move|p1a: Great Tusk|Close Combat|p2a: Eelektross
|-damage|p2a: Eelektross|2/100
|-unboost|p1a: Great Tusk|def|1
|-unboost|p1a: Great Tusk|spd|1
|
|upkeep
|turn|4
|
|t:|1776061186
|move|p1a: Great Tusk|Rapid Spin|p2a: Eelektross
|-damage|p2a: Eelektross|0 fnt
|-boost|p1a: Great Tusk|spe|1
|faint|p2a: Eelektross
|
|upkeep
|
|t:|1776061188
|switch|p2a: Ambipom|Ambipom, M|81/100 par
|-activate|p2a: Ambipom|move: Sticky Web
|-unboost|p2a: Ambipom|spe|1
|turn|5
|
|t:|1776061195
|move|p2a: Ambipom|Fake Out|p1a: Great Tusk
|-damage|p1a: Great Tusk|64/100
|-damage|p2a: Ambipom|71/100 par|[from] item: Life Orb
|cant|p1a: Great Tusk|flinch
|
|upkeep
|turn|6
|
|t:|1776061201
|move|p1a: Great Tusk|Close Combat|p2a: Ambipom
|-supereffective|p2a: Ambipom
|-damage|p2a: Ambipom|0 fnt
|-unboost|p1a: Great Tusk|def|1
|-unboost|p1a: Great Tusk|spd|1
|faint|p2a: Ambipom
|
|upkeep
|
|t:|1776061207
|switch|p2a: Rillaboom|Rillaboom, F|100/100
|-activate|p2a: Rillaboom|move: Sticky Web
|-unboost|p2a: Rillaboom|spe|1
|-fieldstart|move: Grassy Terrain|[from] ability: Grassy Surge|[of] p2a: Rillaboom
|turn|7
|
|t:|1776061218
|move|p2a: Rillaboom|Grassy Glide|p1a: Great Tusk
|-damage|p1a: Great Tusk|0 fnt
|faint|p1a: Great Tusk
|-end|p1a: Great Tusk|Protosynthesis|[silent]
|
|upkeep
|
|t:|1776061235
|switch|p1a: Raging Bolt|Raging Bolt|100/100
|-enditem|p1a: Raging Bolt|Booster Energy
|-activate|p1a: Raging Bolt|ability: Protosynthesis|[fromitem]
|-start|p1a: Raging Bolt|protosynthesisspa
|turn|8
|
|t:|1776061242
|switch|p2a: Carbink|Carbink|100/100
|-activate|p2a: Carbink|move: Sticky Web
|-unboost|p2a: Carbink|spe|1
|move|p1a: Raging Bolt|Calm Mind|p1a: Raging Bolt
|-boost|p1a: Raging Bolt|spa|1
|-boost|p1a: Raging Bolt|spd|1
|
|upkeep
|turn|9
|inactive|Battle timer is ON: inactive players will automatically lose when time's up. (requested by reallyrobin)
|
|t:|1776061265
|move|p1a: Raging Bolt|Thunderbolt|p2a: Carbink
|-damage|p2a: Carbink|11/100
|move|p2a: Carbink|Body Press|p1a: Raging Bolt
|-damage|p1a: Raging Bolt|68/100
|
|-heal|p1a: Raging Bolt|74/100|[from] Grassy Terrain
|-heal|p2a: Carbink|17/100|[from] Grassy Terrain
|upkeep
|turn|10
|
|t:|1776061275
|move|p1a: Raging Bolt|Calm Mind|p1a: Raging Bolt
|-boost|p1a: Raging Bolt|spa|1
|-boost|p1a: Raging Bolt|spd|1
|move|p2a: Carbink|Rest|p2a: Carbink
|-status|p2a: Carbink|slp|[from] move: Rest
|-heal|p2a: Carbink|100/100 slp|[silent]
|
|-heal|p1a: Raging Bolt|80/100|[from] Grassy Terrain
|upkeep
|turn|11
|
|t:|1776061284
|move|p1a: Raging Bolt|Calm Mind|p1a: Raging Bolt
|-boost|p1a: Raging Bolt|spa|1
|-boost|p1a: Raging Bolt|spd|1
|cant|p2a: Carbink|slp
|move|p2a: Carbink|Sleep Talk|p2a: Carbink
|move|p2a: Carbink|Rest||[from] move: Sleep Talk|[still]
|-fail|p2a: Carbink
|
|-heal|p1a: Raging Bolt|86/100|[from] Grassy Terrain
|-fieldend|move: Grassy Terrain
|upkeep
|turn|12
|
|t:|1776061297
|move|p1a: Raging Bolt|Thunderbolt|p2a: Carbink
|-ability|p2a: Carbink|Sturdy
|-damage|p2a: Carbink|1/100 slp
|cant|p2a: Carbink|slp
|move|p2a: Carbink|Sleep Talk|p2a: Carbink
|move|p2a: Carbink|Rest||[from] move: Sleep Talk|[still]
|-fail|p2a: Carbink
|
|upkeep
|turn|13
|
|t:|1776061311
|move|p1a: Raging Bolt|Thunderclap||[still]
|-fail|p1a: Raging Bolt
|-curestatus|p2a: Carbink|slp|[msg]
|move|p2a: Carbink|Spikes|p1a: Raging Bolt
|-sidestart|p1: reallyrobin|Spikes
|
|upkeep
|turn|14
|
|t:|1776061318
|move|p1a: Raging Bolt|Thunderbolt|p2a: Carbink
|-damage|p2a: Carbink|0 fnt
|faint|p2a: Carbink
|
|upkeep
|
|t:|1776061324
|switch|p2a: Tentacruel|Tentacruel, M|100/100
|-activate|p2a: Tentacruel|move: Sticky Web
|-unboost|p2a: Tentacruel|spe|1
|turn|15
|
|t:|1776061330
|move|p1a: Raging Bolt|Thunderclap|p2a: Tentacruel
|-supereffective|p2a: Tentacruel
|-damage|p2a: Tentacruel|0 fnt
|faint|p2a: Tentacruel
|
|upkeep
|
|t:|1776061336
|switch|p2a: Rillaboom|Rillaboom, F|100/100
|-activate|p2a: Rillaboom|move: Sticky Web
|-unboost|p2a: Rillaboom|spe|1
|-fieldstart|move: Grassy Terrain|[from] ability: Grassy Surge|[of] p2a: Rillaboom
|turn|16
|
|t:|1776061342
|-terastallize|p2a: Rillaboom|Grass
|move|p1a: Raging Bolt|Thunderclap|p2a: Rillaboom
|-resisted|p2a: Rillaboom
|-damage|p2a: Rillaboom|17/100
|move|p2a: Rillaboom|Grassy Glide|p1a: Raging Bolt
|-resisted|p1a: Raging Bolt
|-damage|p1a: Raging Bolt|49/100
|
|-heal|p1a: Raging Bolt|55/100|[from] Grassy Terrain
|-heal|p2a: Rillaboom|23/100|[from] Grassy Terrain
|upkeep
|turn|17
|
|t:|1776061353
|move|p1a: Raging Bolt|Thunderclap|p2a: Rillaboom
|-resisted|p2a: Rillaboom
|-damage|p2a: Rillaboom|0 fnt
|faint|p2a: Rillaboom
|
|-heal|p1a: Raging Bolt|62/100|[from] Grassy Terrain
|upkeep
|
|t:|1776061355
|switch|p2a: Bronzong|Bronzong|100/100
|-activate|p2a: Bronzong|move: Sticky Web
|-unboost|p2a: Bronzong|spe|1
|turn|18
|
|t:|1776061366
|move|p1a: Raging Bolt|Thunderbolt|p2a: Bronzong
|-damage|p2a: Bronzong|0 fnt
|faint|p2a: Bronzong
|
|win|reallyrobin
|raw|reallyrobin's rating: 1095 &rarr; <strong>1125</strong><br />(+30 for winning)
|raw|MASTEROFALLCREATE's rating: 1154 &rarr; <strong>1125</strong><br />(-29 for losing)
|l|☆MASTEROFALLCREATE
|player|p2|
|l|☆reallyrobin
|player|p1|
