|html|<div class="broadcast-blue"><strong>[Gen 9] OU is currently suspecting Tera Blast! For information on how to participate check out the <a href="https://www.smogon.com/tools/suspects/view/200">suspect thread</a>.</strong></div>
|j|☆Un1Korn2
|j|☆Bicyn
|t:|1776071649
|gametype|singles
|player|p1|Un1Korn2|janitor|1195
|player|p2|Bicyn|dancer|1176
|gen|9
|tier|[Gen 9] OU
|rated|
|rule|HP Percentage Mod: HP is shown in percentages
|rule|Endless Battle Clause: Forcing endless battles is banned
|rule|Species Clause: Limit one of each Pokémon
|rule|OHKO Clause: OHKO moves are banned
|rule|Evasion Items Clause: Evasion items are banned
|rule|Evasion Moves Clause: Evasion moves are banned
|rule|Evasion Abilities Clause: Evasion abilities are banned
|rule|Sleep Moves Clause: Sleep-inducing moves are banned
|clearpoke
|poke|p1|Iron Treads|
|poke|p1|Rillaboom, F|
|poke|p1|Raging Bolt|
|poke|p1|Darkrai|
|poke|p1|Blaziken, F|
|poke|p1|Dragonite, F|
|poke|p2|Bronzong|
|poke|p2|Enamorus-Therian, F|
|poke|p2|Hippowdon, M|
|poke|p2|Chandelure, F|
|poke|p2|Diancie|
|poke|p2|Excadrill, F|
|teampreview
|inactive|Battle timer is ON: inactive players will automatically lose when time's up. (requested by Un1Korn2)
|j| ohko_smeargle
|
|t:|1776071659
|teamsize|p1|6
|teamsize|p2|6
|start
|switch|p1a: Iron Treads|Iron Treads|100/100
|switch|p2a: Hippowdon|Hippowdon, M|100/100
|-weather|Sandstorm|[from] ability: Sand Stream|[of] p2a: Hippowdon
|-enditem|p1a: Iron Treads|Booster Energy
|-activate|p1a: Iron Treads|ability: Quark Drive|[fromitem]
|-start|p1a: Iron Treads|quarkdrivespe
|turn|1
|
|t:|1776071669
|move|p1a: Iron Treads|Stealth Rock|p2a: Hippowdon
|-sidestart|p2: Bicyn|move: Stealth Rock
|move|p2a: Hippowdon|Fire Fang|p1a: Iron Treads
|-supereffective|p1a: Iron Treads
|-damage|p1a: Iron Treads|41/100
|
|-weather|Sandstorm|[upkeep]
|upkeep
|turn|2
|
|t:|1776071677
|move|p1a: Iron Treads|Steel Beam|p2a: Hippowdon
|-damage|p2a: Hippowdon|49/100
|-damage|p1a: Iron Treads|0 fnt|[from] steelbeam
|faint|p1a: Iron Treads
|-end|p1a: Iron Treads|Quark Drive|[silent]
|move|p2a: Hippowdon|Fire Fang|p1: Iron Treads|[notarget]
|-fail|p2a: Hippowdon
|
|-weather|Sandstorm|[upkeep]
|upkeep
|
|t:|1776071687
|switch|p1a: Rillaboom|Rillaboom, F|100/100
|-fieldstart|move: Grassy Terrain|[from] ability: Grassy Surge|[of] p1a: Rillaboom
|turn|3
|
|t:|1776071700
|switch|p2a: Chandelure|Chandelure, F|100/100
|move|p1a: Rillaboom|Wood Hammer|p2a: Chandelure
|-resisted|p2a: Chandelure
|-damage|p2a: Chandelure|48/100
|-damage|p1a: Rillaboom|86/100|[from] Recoil
|
|-weather|Sandstorm|[upkeep]
|-damage|p1a: Rillaboom|80/100|[from] Sandstorm
|-damage|p2a: Chandelure|41/100|[from] Sandstorm
|-heal|p1a: Rillaboom|86/100|[from] Grassy Terrain
|-heal|p2a: Chandelure|48/100|[from] Grassy Terrain
|upkeep
|turn|4
|
|t:|1776071713
|move|p1a: Rillaboom|Knock Off|p2a: Chandelure
|-supereffective|p2a: Chandelure
|-damage|p2a: Chandelure|0 fnt
|-enditem|p2a: Chandelure|Heavy-Duty Boots|[from] move: Knock Off|[of] p1a: Rillaboom
|faint|p2a: Chandelure
|
|-weather|Sandstorm|[upkeep]
|-damage|p1a: Rillaboom|80/100|[from] Sandstorm
|-heal|p1a: Rillaboom|86/100|[from] Grassy Terrain
|upkeep
|
|t:|1776071719
|switch|p2a: Excadrill|Excadrill, F|100/100
|-damage|p2a: Excadrill|97/100|[from] Stealth Rock
|turn|5
|
|t:|1776071726
|move|p1a: Rillaboom|Grassy Glide|p2a: Excadrill
|-damage|p2a: Excadrill|40/100
|move|p2a: Excadrill|Rapid Spin|p1a: Rillaboom
|-damage|p1a: Rillaboom|63/100
|-boost|p2a: Excadrill|spe|1
|-sideend|p2: Bicyn|Stealth Rock|[from] move: Rapid Spin|[of] p2a: Excadrill
|-damage|p2a: Excadrill|30/100|[from] item: Life Orb
|
|-weather|none
|-heal|p2a: Excadrill|36/100|[from] Grassy Terrain
|-heal|p1a: Rillaboom|69/100|[from] Grassy Terrain
|upkeep
|turn|6
|
|t:|1776071741
|switch|p2a: Enamorus|Enamorus-Therian, F|100/100
|move|p1a: Rillaboom|Grassy Glide|p2a: Enamorus
|-resisted|p2a: Enamorus
|-damage|p2a: Enamorus|81/100
|
|-heal|p1a: Rillaboom|75/100|[from] Grassy Terrain
|-heal|p2a: Enamorus|87/100|[from] item: Leftovers
|upkeep
|turn|7
|
|t:|1776071752
|move|p1a: Rillaboom|Knock Off|p2a: Enamorus
|-resisted|p2a: Enamorus
|-damage|p2a: Enamorus|70/100
|-enditem|p2a: Enamorus|Leftovers|[from] move: Knock Off|[of] p1a: Rillaboom
|move|p2a: Enamorus|Sludge Bomb|p1a: Rillaboom
|-supereffective|p1a: Rillaboom
|-crit|p1a: Rillaboom
|-damage|p1a: Rillaboom|0 fnt
|faint|p1a: Rillaboom
|
|upkeep
|
|t:|1776071763
|switch|p1a: Darkrai|Darkrai|100/100
|turn|8
|
|t:|1776071777
|switch|p2a: Bronzong|Bronzong|100/100
|move|p1a: Darkrai|Sludge Bomb|p2a: Bronzong
|-immune|p2a: Bronzong
|
|upkeep
|turn|9
|
|t:|1776071784
|move|p1a: Darkrai|Nasty Plot|p1a: Darkrai
|-boost|p1a: Darkrai|spa|2
|move|p2a: Bronzong|Trick Room|p2a: Bronzong
|-fieldstart|move: Trick Room|[of] p2a: Bronzong
|
|upkeep
|turn|10
|
|t:|1776071792
|move|p2a: Bronzong|Body Press|p1a: Darkrai
|-supereffective|p1a: Darkrai
|-damage|p1a: Darkrai|36/100
|move|p1a: Darkrai|Dark Pulse|p2a: Bronzong
|-supereffective|p2a: Bronzong
|-damage|p2a: Bronzong|0 fnt
|faint|p2a: Bronzong
|-damage|p1a: Darkrai|26/100|[from] item: Life Orb
|
|-heal|p1a: Darkrai|33/100|[from] Grassy Terrain
|-fieldend|move: Grassy Terrain
|upkeep
|
|t:|1776071799
|switch|p2a: Enamorus|Enamorus-Therian, F|70/100
|turn|11
|
|t:|1776071807
|move|p2a: Enamorus|Moonblast|p1a: Darkrai
|-supereffective|p1a: Darkrai
|-damage|p1a: Darkrai|0 fnt
|faint|p1a: Darkrai
|
|upkeep
|
|t:|1776071814
|switch|p1a: Blaziken|Blaziken, F|100/100
|turn|12
|
|t:|1776071818
|move|p1a: Blaziken|Protect|p1a: Blaziken
|-singleturn|p1a: Blaziken|Protect
|move|p2a: Enamorus|Calm Mind|p2a: Enamorus
|-boost|p2a: Enamorus|spa|1
|-boost|p2a: Enamorus|spd|1
|
|-ability|p1a: Blaziken|Speed Boost|boost
|-boost|p1a: Blaziken|spe|1
|upkeep
|turn|13
|
|t:|1776071834
|move|p2a: Enamorus|Moonblast|p1a: Blaziken
|-damage|p1a: Blaziken|0 fnt
|faint|p1a: Blaziken
|
|-fieldend|move: Trick Room
|upkeep
|
|t:|1776071845
|switch|p1a: Raging Bolt|Raging Bolt|100/100
|-enditem|p1a: Raging Bolt|Booster Energy
|-activate|p1a: Raging Bolt|ability: Protosynthesis|[fromitem]
|-start|p1a: Raging Bolt|protosynthesisspa
|turn|14
|
|t:|1776071858
|-terastallize|p2a: Enamorus|Fairy
|move|p1a: Raging Bolt|Thunderbolt|p2a: Enamorus
|-damage|p2a: Enamorus|27/100
|-status|p2a: Enamorus|par
|move|p2a: Enamorus|Moonblast|p1a: Raging Bolt
|-supereffective|p1a: Raging Bolt
|-damage|p1a: Raging Bolt|0 fnt
|faint|p1a: Raging Bolt
|-end|p1a: Raging Bolt|Protosynthesis|[silent]
|
|upkeep
|
|t:|1776071869
|switch|p1a: Dragonite|Dragonite, F|100/100
|turn|15
|
|t:|1776071875
|-terastallize|p1a: Dragonite|Normal
|move|p1a: Dragonite|Dragon Dance|p1a: Dragonite
|-boost|p1a: Dragonite|atk|1
|-boost|p1a: Dragonite|spe|1
|move|p2a: Enamorus|Moonblast|p1a: Dragonite
|-damage|p1a: Dragonite|45/100
|
|upkeep
|turn|16
|
|t:|1776071891
|move|p1a: Dragonite|Dragon Dance|p1a: Dragonite
|-boost|p1a: Dragonite|atk|1
|-boost|p1a: Dragonite|spe|1
|move|p2a: Enamorus|Moonblast|p1a: Dragonite
|-damage|p1a: Dragonite|0 fnt
|faint|p1a: Dragonite
|
|win|Bicyn
|raw|Un1Korn2's rating: 1195 &rarr; <strong>1169</strong><br />(-26 for losing)
|raw|Bicyn's rating: 1176 &rarr; <strong>1202</strong><br />(+26 for winning)
|l| ohko_smeargle
|l|☆Bicyn
|player|p2|
|l|☆Un1Korn2
|player|p1|
