|html|<div class="broadcast-blue"><strong>[Gen 9] OU is currently suspecting Volcarona! For information on how to participate check out the <a href="https://www.smogon.com/tools/suspects/view/208">suspect thread</a>.</strong></div>
|j|☆karmasiren
|j|☆Billythekid95
|t:|1778508845
|gametype|singles
|player|p1|karmasiren|skyla|1502
|player|p2|Billythekid95|1|1491
|gen|9
|tier|[Gen 9] OU
|rated|
|rule|HP Percentage Mod: HP is shown in percentages
|rule|Endless Battle Clause: Forcing endless battles is banned
|rule|Species Clause: Limit one of each Pokémon
|rule|OHKO Clause: OHKO moves are banned
|rule|Evasion Items Clause: Evasion items are banned
|rule|Evasion Moves Clause: Evasion moves are banned
|rule|Evasion Abilities Clause: Evasion abilities are banned
|rule|Sleep Moves Clause: Sleep-inducing moves are banned
|clearpoke
|poke|p1|Staraptor, M|
|poke|p1|Alomomola, F|
|poke|p1|Clodsire, F|
|poke|p1|Corviknight, F|
|poke|p1|Gliscor, F|
|poke|p1|Goodra-Hisui, M|
|poke|p2|Cinderace, M|
|poke|p2|Enamorus, F|
|poke|p2|Serperior, M|
|poke|p2|Empoleon, M|
|poke|p2|Kingambit, F|
|poke|p2|Ribombee, F|
|teampreview
|inactive|Battle timer is ON: inactive players will automatically lose when time's up. (requested by karmasiren)
|inactive|Billythekid95 has 120 seconds left.
|
|t:|1778508924
|teamsize|p1|6
|teamsize|p2|6
|start
|switch|p1a: Clodsire|Clodsire, F|100/100
|switch|p2a: Ribombee|Ribombee, F|100/100
|turn|1
|
|t:|1778508947
|move|p2a: Ribombee|Stun Spore|p1a: Clodsire
|-status|p1a: Clodsire|par
|move|p1a: Clodsire|Toxic|p2a: Ribombee
|-status|p2a: Ribombee|tox
|
|-damage|p2a: Ribombee|94/100 tox|[from] psn
|upkeep
|turn|2
|
|t:|1778508953
|move|p2a: Ribombee|Sticky Web|p1a: Clodsire
|-sidestart|p1: karmasiren|move: Sticky Web
|move|p1a: Clodsire|Earthquake|p2a: Ribombee
|-resisted|p2a: Ribombee
|-damage|p2a: Ribombee|72/100 tox
|
|-damage|p2a: Ribombee|60/100 tox|[from] psn
|upkeep
|turn|3
|
|t:|1778508960
|move|p2a: Ribombee|Skill Swap|p1a: Clodsire
|-activate|p2a: Ribombee|Skill Swap|Unaware|Shield Dust|[of] p1a: Clodsire
|cant|p1a: Clodsire|par
|
|-damage|p2a: Ribombee|41/100 tox|[from] psn
|upkeep
|turn|4
|
|t:|1778508966
|move|p2a: Ribombee|Stun Spore|p1a: Clodsire
|-fail|p1a: Clodsire|par
|move|p1a: Clodsire|Toxic|p2a: Ribombee
|-fail|p2a: Ribombee|tox
|
|-damage|p2a: Ribombee|16/100 tox|[from] psn
|upkeep
|turn|5
|
|t:|1778508973
|move|p2a: Ribombee|Stun Spore|p1a: Clodsire
|-fail|p1a: Clodsire|par
|move|p1a: Clodsire|Earthquake|p2a: Ribombee
|-resisted|p2a: Ribombee
|-damage|p2a: Ribombee|0 fnt
|faint|p2a: Ribombee
|
|upkeep
|
|t:|1778508990
|switch|p2a: Cinderace|Cinderace, M|100/100
|turn|6
|
|t:|1778508993
|move|p2a: Cinderace|Court Change|p2a: Cinderace
|-swapsideconditions
|-activate|p2a: Cinderace|move: Court Change
|move|p1a: Clodsire|Earthquake|p2a: Cinderace
|-supereffective|p2a: Cinderace
|-damage|p2a: Cinderace|36/100
|
|upkeep
|turn|7
|
|t:|1778509000
|move|p2a: Cinderace|Pyro Ball|p1a: Clodsire
|-damage|p1a: Clodsire|47/100 par
|move|p1a: Clodsire|Toxic|p2a: Cinderace
|-status|p2a: Cinderace|tox
|
|-damage|p2a: Cinderace|30/100 tox|[from] psn
|upkeep
|turn|8
|
|t:|1778509006
|switch|p1a: Gliscor|Gliscor, F|100/100
|move|p2a: Cinderace|Pyro Ball|p1a: Gliscor
|-damage|p1a: Gliscor|61/100
|
|-damage|p2a: Cinderace|18/100 tox|[from] psn
|-status|p1a: Gliscor|tox|[from] item: Toxic Orb
|upkeep
|turn|9
|
|t:|1778509013
|move|p1a: Gliscor|Protect|p1a: Gliscor
|-singleturn|p1a: Gliscor|Protect
|move|p2a: Cinderace|Pyro Ball|p1a: Gliscor
|-activate|p1a: Gliscor|move: Protect
|
|-damage|p2a: Cinderace|0 fnt|[from] psn
|faint|p2a: Cinderace
|-heal|p1a: Gliscor|73/100 tox|[from] ability: Poison Heal
|upkeep
|
|t:|1778509021
|switch|p2a: Empoleon|Empoleon, M|100/100
|-activate|p2a: Empoleon|move: Sticky Web
|-unboost|p2a: Empoleon|spe|1
|-ability|p2a: Empoleon|Competitive|boost
|-boost|p2a: Empoleon|spa|2
|turn|10
|
|t:|1778509031
|switch|p1a: Clodsire|Clodsire, F|47/100 par
|move|p2a: Empoleon|Surf|p1a: Clodsire
|-supereffective|p1a: Clodsire
|-damage|p1a: Clodsire|0 fnt
|faint|p1a: Clodsire
|
|upkeep
|
|t:|1778509033
|switch|p1a: Staraptor|Staraptor, M|100/100
|turn|11
|
|t:|1778509040
|move|p1a: Staraptor|Close Combat|p2a: Empoleon
|-supereffective|p2a: Empoleon
|-damage|p2a: Empoleon|0 fnt
|-unboost|p1a: Staraptor|def|1
|-unboost|p1a: Staraptor|spd|1
|faint|p2a: Empoleon
|
|upkeep
|
|t:|1778509047
|switch|p2a: Enamorus|Enamorus, F|100/100
|turn|12
|
|t:|1778509052
|switch|p1a: Corviknight|Corviknight, F|100/100
|-ability|p1a: Corviknight|Pressure
|move|p2a: Enamorus|Superpower|p1a: Corviknight
|-damage|p1a: Corviknight|74/100
|-boost|p2a: Enamorus|atk|1
|-boost|p2a: Enamorus|def|1
|-damage|p2a: Enamorus|84/100|[from] item: Rocky Helmet|[of] p1a: Corviknight
|
|upkeep
|turn|13
|
|t:|1778509061
|move|p2a: Enamorus|Superpower|p1a: Corviknight
|-damage|p1a: Corviknight|36/100
|-boost|p2a: Enamorus|atk|1
|-boost|p2a: Enamorus|def|1
|-damage|p2a: Enamorus|67/100|[from] item: Rocky Helmet|[of] p1a: Corviknight
|move|p1a: Corviknight|Iron Defense|p1a: Corviknight
|-boost|p1a: Corviknight|def|2
|
|upkeep
|turn|14
|
|t:|1778509069
|switch|p2a: Serperior|Serperior, M|100/100
|-activate|p2a: Serperior|move: Sticky Web
|-boost|p2a: Serperior|spe|1
|move|p1a: Corviknight|Roost|p1a: Corviknight
|-heal|p1a: Corviknight|86/100
|-singleturn|p1a: Corviknight|move: Roost
|
|upkeep
|turn|15
|
|t:|1778509077
|move|p2a: Serperior|Glare|p1a: Corviknight
|-status|p1a: Corviknight|par
|move|p1a: Corviknight|Iron Defense|p1a: Corviknight
|-boost|p1a: Corviknight|def|2
|
|upkeep
|turn|16
|
|t:|1778509089
|move|p2a: Serperior|Leaf Storm|p1a: Corviknight
|-resisted|p1a: Corviknight
|-damage|p1a: Corviknight|75/100 par
|-boost|p2a: Serperior|spa|2
|move|p1a: Corviknight|Body Press|p2a: Serperior
|-damage|p2a: Serperior|9/100
|
|-heal|p2a: Serperior|16/100|[from] item: Leftovers
|upkeep
|turn|17
|
|t:|1778509097
|move|p2a: Serperior|Leaf Storm|p1a: Corviknight
|-resisted|p1a: Corviknight
|-damage|p1a: Corviknight|52/100 par
|-boost|p2a: Serperior|spa|2
|move|p1a: Corviknight|Defog|p2a: Serperior
|-boost|p2a: Serperior|evasion|1
|-sideend|p2: Billythekid95|Sticky Web|[from] move: Defog|[of] p1a: Corviknight
|
|-heal|p2a: Serperior|22/100|[from] item: Leftovers
|upkeep
|turn|18
|
|t:|1778509105
|move|p2a: Serperior|Leaf Storm|p1a: Corviknight
|-resisted|p1a: Corviknight
|-damage|p1a: Corviknight|19/100 par
|-boost|p2a: Serperior|spa|2
|cant|p1a: Corviknight|par
|
|-heal|p2a: Serperior|28/100|[from] item: Leftovers
|upkeep
|turn|19
|
|t:|1778509113
|move|p2a: Serperior|Dragon Pulse|p1a: Corviknight
|-resisted|p1a: Corviknight
|-damage|p1a: Corviknight|0 fnt
|faint|p1a: Corviknight
|
|-heal|p2a: Serperior|34/100|[from] item: Leftovers
|upkeep
|
|t:|1778509116
|switch|p1a: Staraptor|Staraptor, M|100/100
|turn|20
|
|t:|1778509122
|move|p1a: Staraptor|Quick Attack|p2a: Serperior
|-damage|p2a: Serperior|0 fnt
|faint|p2a: Serperior
|
|upkeep
|
|t:|1778509131
|switch|p2a: Kingambit|Kingambit, F|100/100
|turn|21
|
|t:|1778509137
|switch|p1a: Gliscor|Gliscor, F|73/100 tox
|move|p2a: Kingambit|Kowtow Cleave|p1a: Gliscor
|-damage|p1a: Gliscor|45/100 tox
|
|-heal|p1a: Gliscor|57/100 tox|[from] ability: Poison Heal
|upkeep
|turn|22
|
|t:|1778509144
|move|p1a: Gliscor|Toxic|p2a: Kingambit
|-immune|p2a: Kingambit
|move|p2a: Kingambit|Kowtow Cleave|p1a: Gliscor
|-damage|p1a: Gliscor|29/100 tox
|
|-heal|p1a: Gliscor|41/100 tox|[from] ability: Poison Heal
|upkeep
|turn|23
|
|t:|1778509152
|move|p1a: Gliscor|Knock Off|p2a: Kingambit
|-resisted|p2a: Kingambit
|-damage|p2a: Kingambit|93/100
|-enditem|p2a: Kingambit|Assault Vest|[from] move: Knock Off|[of] p1a: Gliscor
|move|p2a: Kingambit|Kowtow Cleave|p1a: Gliscor
|-damage|p1a: Gliscor|11/100 tox
|
|-heal|p1a: Gliscor|23/100 tox|[from] ability: Poison Heal
|upkeep
|turn|24
|
|t:|1778509160
|move|p1a: Gliscor|Protect|p1a: Gliscor
|-singleturn|p1a: Gliscor|Protect
|move|p2a: Kingambit|Kowtow Cleave|p1a: Gliscor
|-activate|p1a: Gliscor|move: Protect
|
|-heal|p1a: Gliscor|36/100 tox|[from] ability: Poison Heal
|upkeep
|turn|25
|
|t:|1778509167
|move|p1a: Gliscor|Spikes|p2a: Kingambit
|-sidestart|p2: Billythekid95|Spikes
|move|p2a: Kingambit|Kowtow Cleave|p1a: Gliscor
|-damage|p1a: Gliscor|3/100 tox
|
|-heal|p1a: Gliscor|15/100 tox|[from] ability: Poison Heal
|upkeep
|turn|26
|
|t:|1778509174
|move|p1a: Gliscor|Knock Off|p2a: Kingambit
|-resisted|p2a: Kingambit
|-damage|p2a: Kingambit|88/100
|move|p2a: Kingambit|Kowtow Cleave|p1a: Gliscor
|-damage|p1a: Gliscor|0 fnt
|faint|p1a: Gliscor
|
|upkeep
|
|t:|1778509178
|switch|p1a: Staraptor|Staraptor, M|100/100
|turn|27
|
|t:|1778509185
|move|p2a: Kingambit|Sucker Punch|p1a: Staraptor
|-damage|p1a: Staraptor|37/100
|move|p1a: Staraptor|Close Combat|p2a: Kingambit
|-supereffective|p2a: Kingambit
|-damage|p2a: Kingambit|0 fnt
|-unboost|p1a: Staraptor|def|1
|-unboost|p1a: Staraptor|spd|1
|faint|p2a: Kingambit
|
|upkeep
|
|t:|1778509193
|switch|p2a: Enamorus|Enamorus, F|67/100
|turn|28
|
|t:|1778509195
|switch|p1a: Alomomola|Alomomola, F|100/100
|move|p2a: Enamorus|Superpower|p1a: Alomomola
|-damage|p1a: Alomomola|79/100
|-boost|p2a: Enamorus|atk|1
|-boost|p2a: Enamorus|def|1
|
|upkeep
|turn|29
|
|t:|1778509202
|move|p2a: Enamorus|Superpower|p1a: Alomomola
|-damage|p1a: Alomomola|47/100
|-boost|p2a: Enamorus|atk|1
|-boost|p2a: Enamorus|def|1
|move|p1a: Alomomola|Scald|p2a: Enamorus
|-damage|p2a: Enamorus|56/100
|
|upkeep
|turn|30
|
|t:|1778509209
|move|p2a: Enamorus|Play Rough|p1a: Alomomola
|-damage|p1a: Alomomola|0 fnt
|faint|p1a: Alomomola
|
|upkeep
|
|t:|1778509214
|switch|p1a: Staraptor|Staraptor, M|37/100
|turn|31
|
|t:|1778509217
|move|p2a: Enamorus|Superpower|p1a: Staraptor
|-damage|p1a: Staraptor|0 fnt
|-boost|p2a: Enamorus|atk|1
|-boost|p2a: Enamorus|def|1
|faint|p1a: Staraptor
|
|upkeep
|
|t:|1778509219
|switch|p1a: Shnarl|Goodra-Hisui, M|100/100
|turn|32
|
|t:|1778509225
|-terastallize|p2a: Enamorus|Ground
|-terastallize|p1a: Shnarl|Fairy
|move|p2a: Enamorus|Superpower|p1a: Shnarl
|-resisted|p1a: Shnarl
|-damage|p1a: Shnarl|58/100
|-boost|p2a: Enamorus|atk|1
|-boost|p2a: Enamorus|def|1
|move|p1a: Shnarl|Flash Cannon|p2a: Enamorus
|-damage|p2a: Enamorus|27/100
|
|upkeep
|turn|33
|
|t:|1778509234
|move|p2a: Enamorus|Iron Head|p1a: Shnarl
|-supereffective|p1a: Shnarl
|-damage|p1a: Shnarl|0 fnt
|faint|p1a: Shnarl
|
|win|Billythekid95
|raw|karmasiren's rating: 1502 &rarr; <strong>1481</strong><br />(-21 for losing)
|raw|Billythekid95's rating: 1491 &rarr; <strong>1512</strong><br />(+21 for winning)
|l|☆Billythekid95
|player|p2|
|l|☆karmasiren
|player|p1|
