|html|<div class="broadcast-blue"><strong>[Gen 9] OU is currently suspecting Tera Blast! For information on how to participate check out the <a href="https://www.smogon.com/tools/suspects/view/200">suspect thread</a>.</strong></div>
|j|☆joaogotty
|j|☆40kQuaQrash
|t:|1776291873
|gametype|singles
|player|p1|joaogotty|cynthia-masters4|1480
|player|p2|40kQuaQrash|102|1460
|gen|9
|tier|[Gen 9] OU
|rated|
|rule|HP Percentage Mod: HP is shown in percentages
|rule|Endless Battle Clause: Forcing endless battles is banned
|rule|Species Clause: Limit one of each Pokémon
|rule|OHKO Clause: OHKO moves are banned
|rule|Evasion Items Clause: Evasion items are banned
|rule|Evasion Moves Clause: Evasion moves are banned
|rule|Evasion Abilities Clause: Evasion abilities are banned
|rule|Sleep Moves Clause: Sleep-inducing moves are banned
|clearpoke
|poke|p1|Amoonguss, M|
|poke|p1|Gliscor, F|
|poke|p1|Heatran, F|
|poke|p1|Kyurem|
|poke|p1|Glimmora, F|
|poke|p1|Zamazenta-*|
|poke|p2|Rillaboom, M|
|poke|p2|Chesnaught, F|
|poke|p2|Kingambit, F|
|poke|p2|Glimmora, F|
|poke|p2|Great Tusk|
|poke|p2|Hawlucha, M|
|teampreview
|
|t:|1776291895
|teamsize|p1|6
|teamsize|p2|6
|start
|switch|p1a: Glimmora|Glimmora, F|100/100
|switch|p2a: Rillaboom|Rillaboom, M|100/100
|-fieldstart|move: Grassy Terrain|[from] ability: Grassy Surge|[of] p2a: Rillaboom
|turn|1
|
|t:|1776291907
|move|p1a: Glimmora|Spiky Shield|p1a: Glimmora
|-singleturn|p1a: Glimmora|move: Protect
|move|p2a: Rillaboom|U-turn|p1a: Glimmora
|-activate|p1a: Glimmora|move: Protect
|-damage|p2a: Rillaboom|88/100|[from] Spiky Shield|[of] p1a: Glimmora
|
|-heal|p2a: Rillaboom|94/100|[from] Grassy Terrain
|upkeep
|turn|2
|inactive|Battle timer is ON: inactive players will automatically lose when time's up. (requested by joaogotty)
|
|t:|1776291926
|move|p1a: Glimmora|Earth Power|p2a: Rillaboom
|-resisted|p2a: Rillaboom
|-damage|p2a: Rillaboom|78/100
|move|p2a: Rillaboom|U-turn|p1a: Glimmora
|-resisted|p1a: Glimmora
|-damage|p1a: Glimmora|87/100
|-activate|p1a: Glimmora|ability: Toxic Debris
|-sidestart|p2: 40kQuaQrash|move: Toxic Spikes
|
|t:|1776291938
|switch|p2a: Kingambit|Kingambit, F|100/100|[from] U-turn
|-item|p2a: Kingambit|Air Balloon
|
|-heal|p1a: Glimmora|93/100|[from] Grassy Terrain
|upkeep
|turn|3
|
|t:|1776291942
|move|p1a: Glimmora|Spiky Shield|p1a: Glimmora
|-singleturn|p1a: Glimmora|move: Protect
|move|p2a: Kingambit|Iron Head|p1a: Glimmora
|-activate|p1a: Glimmora|move: Protect
|-damage|p2a: Kingambit|88/100|[from] Spiky Shield|[of] p1a: Glimmora
|
|-heal|p1a: Glimmora|99/100|[from] Grassy Terrain
|upkeep
|turn|4
|
|t:|1776291948
|switch|p1a: Gliscor|Gliscor, F, shiny|100/100
|move|p2a: Kingambit|Iron Head|p1a: Gliscor
|-damage|p1a: Gliscor|61/100
|
|-status|p1a: Gliscor|tox|[from] item: Toxic Orb
|upkeep
|turn|5
|
|t:|1776291955
|-end|p2a: Kingambit|fallenundefined|[silent]
|switch|p2a: Glimmora|Glimmora, F|100/100
|-sideend|p2: 40kQuaQrash|move: Toxic Spikes|[of] p2a: Glimmora
|move|p1a: Gliscor|Knock Off|p2a: Glimmora
|-damage|p2a: Glimmora|81/100
|-activate|p2a: Glimmora|ability: Toxic Debris
|-sidestart|p1: joaogotty|move: Toxic Spikes
|-enditem|p2a: Glimmora|Red Card|[from] move: Knock Off|[of] p1a: Gliscor
|
|-heal|p2a: Glimmora|87/100|[from] Grassy Terrain
|-heal|p1a: Gliscor|74/100 tox|[from] ability: Poison Heal
|upkeep
|turn|6
|
|t:|1776291964
|switch|p1a: Glimmora|Glimmora, F|99/100
|-sideend|p1: joaogotty|move: Toxic Spikes|[of] p1a: Glimmora
|switch|p2a: Kingambit|Kingambit, F|88/100
|-item|p2a: Kingambit|Air Balloon
|
|-heal|p1a: Glimmora|100/100|[from] Grassy Terrain
|upkeep
|turn|7
|
|t:|1776291970
|move|p1a: Glimmora|Stealth Rock|p2a: Kingambit
|-sidestart|p2: 40kQuaQrash|move: Stealth Rock
|move|p2a: Kingambit|Swords Dance|p2a: Kingambit
|-boost|p2a: Kingambit|atk|2
|
|upkeep
|turn|8
|
|t:|1776291973
|move|p1a: Glimmora|Spiky Shield|p1a: Glimmora
|-singleturn|p1a: Glimmora|move: Protect
|move|p2a: Kingambit|Swords Dance|p2a: Kingambit
|-boost|p2a: Kingambit|atk|2
|
|-fieldend|move: Grassy Terrain
|upkeep
|turn|9
|
|t:|1776291984
|switch|p1a: Amoonguss|Amoonguss, M, shiny|100/100
|move|p2a: Kingambit|Iron Head|p1a: Amoonguss
|-damage|p1a: Amoonguss|0 fnt
|faint|p1a: Amoonguss
|
|upkeep
|
|t:|1776291985
|switch|p1a: Zamazenta|Zamazenta|100/100
|-ability|p1a: Zamazenta|Dauntless Shield|boost
|-boost|p1a: Zamazenta|def|1
|turn|10
|
|t:|1776291993
|-terastallize|p2a: Kingambit|Ghost
|move|p2a: Kingambit|Iron Head|p1a: Zamazenta
|-damage|p1a: Zamazenta|28/100
|cant|p1a: Zamazenta|flinch
|
|-heal|p1a: Zamazenta|34/100|[from] item: Leftovers
|upkeep
|turn|11
|
|t:|1776292005
|-terastallize|p1a: Zamazenta|Fire
|move|p2a: Kingambit|Iron Head|p1a: Zamazenta
|-resisted|p1a: Zamazenta
|-damage|p1a: Zamazenta|1/100
|move|p1a: Zamazenta|Roar|p2a: Kingambit
|-end|p2a: Kingambit|fallenundefined|[silent]
|drag|p2a: Glimmora|Glimmora, F|87/100
|-damage|p2a: Glimmora|75/100|[from] Stealth Rock
|
|-heal|p1a: Zamazenta|7/100|[from] item: Leftovers
|upkeep
|turn|12
|
|t:|1776292016
|move|p1a: Zamazenta|Body Press|p2a: Glimmora
|-damage|p2a: Glimmora|31/100
|-activate|p2a: Glimmora|ability: Toxic Debris
|-sidestart|p1: joaogotty|move: Toxic Spikes
|move|p2a: Glimmora|Mortal Spin|p1a: Zamazenta
|-damage|p1a: Zamazenta|4/100
|-status|p1a: Zamazenta|psn
|-sideend|p2: 40kQuaQrash|Stealth Rock|[from] move: Mortal Spin|[of] p2a: Glimmora
|
|-heal|p1a: Zamazenta|11/100 psn|[from] item: Leftovers
|-damage|p1a: Zamazenta|0 fnt|[from] psn
|faint|p1a: Zamazenta
|upkeep
|
|t:|1776292021
|switch|p1a: Glimmora|Glimmora, F|100/100
|-sideend|p1: joaogotty|move: Toxic Spikes|[of] p1a: Glimmora
|turn|13
|
|t:|1776292038
|move|p1a: Glimmora|Stealth Rock|p2a: Glimmora
|-sidestart|p2: 40kQuaQrash|move: Stealth Rock
|move|p2a: Glimmora|Earth Power|p1a: Glimmora
|-supereffective|p1a: Glimmora
|-enditem|p1a: Glimmora|Focus Sash
|-damage|p1a: Glimmora|1/100
|
|upkeep
|turn|14
|inactive|40kQuaQrash has 120 seconds left.
|
|t:|1776292065
|switch|p2a: Kingambit|Kingambit, F, tera:Ghost|88/100
|-damage|p2a: Kingambit|76/100|[from] Stealth Rock
|-item|p2a: Kingambit|Air Balloon
|move|p1a: Glimmora|Earth Power|p2a: Kingambit
|-immune|p2a: Kingambit
|
|upkeep
|turn|15
|
|t:|1776292079
|move|p1a: Glimmora|Mortal Spin|p2a: Kingambit
|-resisted|p2a: Kingambit
|-damage|p2a: Kingambit|73/100
|-status|p2a: Kingambit|psn
|-enditem|p2a: Kingambit|Air Balloon
|move|p2a: Kingambit|Swords Dance|p2a: Kingambit
|-boost|p2a: Kingambit|atk|2
|
|-damage|p2a: Kingambit|60/100 psn|[from] psn
|upkeep
|turn|16
|
|t:|1776292085
|move|p1a: Glimmora|Earth Power|p2a: Kingambit
|-damage|p2a: Kingambit|31/100 psn
|move|p2a: Kingambit|Swords Dance|p2a: Kingambit
|-boost|p2a: Kingambit|atk|2
|
|-damage|p2a: Kingambit|18/100 psn|[from] psn
|upkeep
|turn|17
|
|t:|1776292088
|move|p1a: Glimmora|Spiky Shield|p1a: Glimmora
|-singleturn|p1a: Glimmora|move: Protect
|move|p2a: Kingambit|Sucker Punch||[still]
|-fail|p2a: Kingambit
|
|-damage|p2a: Kingambit|6/100 psn|[from] psn
|upkeep
|turn|18
|
|t:|1776292096
|move|p1a: Glimmora|Spiky Shield||[still]
|-fail|p1a: Glimmora
|move|p2a: Kingambit|Iron Head|p1a: Glimmora
|-supereffective|p1a: Glimmora
|-damage|p1a: Glimmora|0 fnt
|-activate|p1a: Glimmora|ability: Toxic Debris
|-sidestart|p2: 40kQuaQrash|move: Toxic Spikes
|faint|p1a: Glimmora
|
|-damage|p2a: Kingambit|0 fnt|[from] psn
|faint|p2a: Kingambit
|-end|p2a: Kingambit|fallenundefined|[silent]
|upkeep
|
|t:|1776292102
|switch|p1a: Kyurem|Kyurem|100/100
|switch|p2a: Glimmora|Glimmora, F|31/100
|-ability|p1a: Kyurem|Pressure
|-damage|p2a: Glimmora|19/100|[from] Stealth Rock
|-sideend|p2: 40kQuaQrash|move: Toxic Spikes|[of] p2a: Glimmora
|turn|19
|
|t:|1776292115
|move|p1a: Kyurem|Freeze-Dry|p2a: Glimmora
|-damage|p2a: Glimmora|0 fnt
|faint|p2a: Glimmora
|
|upkeep
|
|t:|1776292122
|switch|p2a: Rillaboom|Rillaboom, M|78/100
|-damage|p2a: Rillaboom|66/100|[from] Stealth Rock
|-fieldstart|move: Grassy Terrain|[from] ability: Grassy Surge|[of] p2a: Rillaboom
|turn|20
|
|t:|1776292128
|move|p1a: Kyurem|Protect|p1a: Kyurem
|-singleturn|p1a: Kyurem|Protect
|move|p2a: Rillaboom|Low Kick|p1a: Kyurem
|-activate|p1a: Kyurem|move: Protect
|
|-heal|p2a: Rillaboom|72/100|[from] Grassy Terrain
|upkeep
|turn|21
|
|t:|1776292133
|switch|p1a: Gliscor|Gliscor, F, shiny|74/100 tox
|move|p2a: Rillaboom|Low Kick|p1a: Gliscor
|-resisted|p1a: Gliscor
|-damage|p1a: Gliscor|64/100 tox
|
|-heal|p2a: Rillaboom|78/100|[from] Grassy Terrain
|-heal|p1a: Gliscor|77/100 tox|[from] ability: Poison Heal
|upkeep
|turn|22
|
|t:|1776292137
|move|p1a: Gliscor|Spikes|p2a: Rillaboom
|-sidestart|p2: 40kQuaQrash|Spikes
|move|p2a: Rillaboom|U-turn|p1a: Gliscor
|-resisted|p1a: Gliscor
|-damage|p1a: Gliscor|66/100 tox
|
|t:|1776292139
|switch|p2a: Great Tusk|Great Tusk|100/100|[from] U-turn
|-damage|p2a: Great Tusk|98/100|[from] Stealth Rock
|-damage|p2a: Great Tusk|85/100|[from] Spikes
|-enditem|p2a: Great Tusk|Booster Energy
|-activate|p2a: Great Tusk|ability: Protosynthesis|[fromitem]
|-start|p2a: Great Tusk|protosynthesisspe
|
|-heal|p2a: Great Tusk|91/100|[from] Grassy Terrain
|-heal|p1a: Gliscor|79/100 tox|[from] ability: Poison Heal
|upkeep
|turn|23
|
|t:|1776292141
|move|p2a: Great Tusk|Taunt|p1a: Gliscor
|-start|p1a: Gliscor|move: Taunt
|cant|p1a: Gliscor|move: Taunt|Toxic
|
|-heal|p2a: Great Tusk|98/100|[from] Grassy Terrain
|-heal|p1a: Gliscor|91/100 tox|[from] ability: Poison Heal
|upkeep
|turn|24
|
|t:|1776292147
|switch|p1a: Heatran|Heatran, F|100/100
|move|p2a: Great Tusk|Bulk Up|p2a: Great Tusk
|-boost|p2a: Great Tusk|atk|1
|-boost|p2a: Great Tusk|def|1
|
|-heal|p2a: Great Tusk|100/100|[from] Grassy Terrain
|upkeep
|turn|25
|c|☆40kQuaQrash|Ggs
|inactive|joaogotty has 120 seconds left.
|
|t:|1776292199
|switch|p1a: Gliscor|Gliscor, F, shiny|91/100 tox
|move|p2a: Great Tusk|Headlong Rush|p1a: Gliscor
|-immune|p1a: Gliscor
|
|-heal|p1a: Gliscor|100/100 tox|[from] ability: Poison Heal
|upkeep
|turn|26
|
|t:|1776292208
|switch|p1a: Kyurem|Kyurem|100/100
|-ability|p1a: Kyurem|Pressure
|move|p2a: Great Tusk|Taunt|p1a: Kyurem
|-start|p1a: Kyurem|move: Taunt
|
|upkeep
|turn|27
|
|t:|1776292213
|move|p2a: Great Tusk|Head Smash|p1a: Kyurem
|-supereffective|p1a: Kyurem
|-damage|p1a: Kyurem|0 fnt
|faint|p1a: Kyurem
|-damage|p2a: Great Tusk|46/100|[from] Recoil
|
|-heal|p2a: Great Tusk|52/100|[from] Grassy Terrain
|-fieldend|move: Grassy Terrain
|upkeep
|
|t:|1776292223
|switch|p1a: Gliscor|Gliscor, F, shiny|100/100 tox
|turn|28
|
|t:|1776292226
|move|p2a: Great Tusk|Taunt|p1a: Gliscor
|-start|p1a: Gliscor|move: Taunt
|move|p1a: Gliscor|Knock Off|p2a: Great Tusk
|-resisted|p2a: Great Tusk
|-damage|p2a: Great Tusk|49/100
|
|upkeep
|turn|29
|
|t:|1776292233
|switch|p1a: Heatran|Heatran, F|100/100
|move|p2a: Great Tusk|Bulk Up|p2a: Great Tusk
|-boost|p2a: Great Tusk|atk|1
|-boost|p2a: Great Tusk|def|1
|
|upkeep
|turn|30
|
|t:|1776292241
|move|p1a: Heatran|Protect|p1a: Heatran
|-singleturn|p1a: Heatran|Protect
|move|p2a: Great Tusk|Headlong Rush|p1a: Heatran
|-activate|p1a: Heatran|move: Protect
|
|upkeep
|turn|31
|
|t:|1776292246
|move|p2a: Great Tusk|Headlong Rush|p1a: Heatran
|-supereffective|p1a: Heatran
|-damage|p1a: Heatran|0 fnt
|-unboost|p2a: Great Tusk|def|1
|-unboost|p2a: Great Tusk|spd|1
|faint|p1a: Heatran
|
|upkeep
|
|t:|1776292248
|switch|p1a: Gliscor|Gliscor, F, shiny|100/100 tox
|turn|32
|
|t:|1776292250
|move|p2a: Great Tusk|Taunt|p1a: Gliscor
|-start|p1a: Gliscor|move: Taunt
|cant|p1a: Gliscor|move: Taunt|Toxic
|
|upkeep
|turn|33
|
|t:|1776292254
|move|p2a: Great Tusk|Bulk Up|p2a: Great Tusk
|-boost|p2a: Great Tusk|atk|1
|-boost|p2a: Great Tusk|def|1
|move|p1a: Gliscor|Knock Off|p2a: Great Tusk
|-resisted|p2a: Great Tusk
|-damage|p2a: Great Tusk|46/100
|
|upkeep
|turn|34
|-message|joaogotty forfeited.
|
|win|40kQuaQrash
|raw|joaogotty's rating: 1480 &rarr; <strong>1459</strong><br />(-21 for losing)
|raw|40kQuaQrash's rating: 1460 &rarr; <strong>1481</strong><br />(+21 for winning)
|l|☆joaogotty
|player|p1|
