|html|<div class="broadcast-blue"><strong>[Gen 9] OU is currently suspecting Volcarona! For information on how to participate check out the <a href="https://www.smogon.com/tools/suspects/view/208">suspect thread</a>.</strong></div>
|j|☆Billythekid95
|j|☆151htyrneh
|t:|1778510175
|gametype|singles
|player|p1|Billythekid95|1|1547
|player|p2|151htyrneh|unknownf|1533
|gen|9
|tier|[Gen 9] OU
|rated|
|rule|HP Percentage Mod: HP is shown in percentages
|rule|Endless Battle Clause: Forcing endless battles is banned
|rule|Species Clause: Limit one of each Pokémon
|rule|OHKO Clause: OHKO moves are banned
|rule|Evasion Items Clause: Evasion items are banned
|rule|Evasion Moves Clause: Evasion moves are banned
|rule|Evasion Abilities Clause: Evasion abilities are banned
|rule|Sleep Moves Clause: Sleep-inducing moves are banned
|clearpoke
|poke|p1|Cinderace, M|
|poke|p1|Enamorus, F|
|poke|p1|Serperior, M|
|poke|p1|Empoleon, M|
|poke|p1|Kingambit, M|
|poke|p1|Ribombee, F|
|poke|p2|Gholdengo|
|poke|p2|Hatterene, F|
|poke|p2|Samurott-Hisui, F|
|poke|p2|Weavile, F|
|poke|p2|Great Tusk|
|poke|p2|Dragonite, M|
|teampreview
|inactive|Battle timer is ON: inactive players will automatically lose when time's up. (requested by 151htyrneh)
|j| angel engine
|inactive|Billythekid95 has 120 seconds left.
|
|t:|1778510221
|teamsize|p1|6
|teamsize|p2|6
|start
|switch|p1a: Ribombee|Ribombee, F|100/100
|switch|p2a: Weavile|Weavile, F|100/100
|-ability|p2a: Weavile|Pressure
|turn|1
|inactive|151htyrneh has 120 seconds left.
|
|t:|1778510259
|move|p2a: Weavile|Swords Dance|p2a: Weavile
|-boost|p2a: Weavile|atk|2
|move|p1a: Ribombee|Stun Spore|p2a: Weavile
|-status|p2a: Weavile|par
|
|upkeep
|turn|2
|
|t:|1778510267
|move|p1a: Ribombee|Sticky Web|p2a: Weavile
|-sidestart|p2: 151htyrneh|move: Sticky Web
|cant|p2a: Weavile|par
|
|upkeep
|turn|3
|
|t:|1778510270
|move|p1a: Ribombee|Moonblast|p2a: Weavile
|-supereffective|p2a: Weavile
|-damage|p2a: Weavile|13/100 par
|move|p2a: Weavile|Triple Axel|p1a: Ribombee
|-damage|p1a: Ribombee|66/100
|-damage|p1a: Ribombee|0 fnt
|faint|p1a: Ribombee
|-hitcount|p1: Ribombee|2
|
|upkeep
|
|t:|1778510283
|switch|p1a: Cinderace|Cinderace, M|100/100
|turn|4
|j| snus epok nr 1
|
|t:|1778510304
|move|p1a: Cinderace|Pyro Ball|p2a: Weavile
|-supereffective|p2a: Weavile
|-damage|p2a: Weavile|0 fnt
|faint|p2a: Weavile
|
|upkeep
|
|t:|1778510308
|switch|p2a: Dragonite|Dragonite, M, shiny|100/100
|turn|5
|
|t:|1778510311
|move|p1a: Cinderace|Will-O-Wisp|p2a: Dragonite
|-status|p2a: Dragonite|brn
|move|p2a: Dragonite|Dragon Dance|p2a: Dragonite
|-boost|p2a: Dragonite|atk|1
|-boost|p2a: Dragonite|spe|1
|
|-damage|p2a: Dragonite|94/100 brn|[from] brn
|upkeep
|turn|6
|
|t:|1778510318
|move|p2a: Dragonite|Dragon Dance|p2a: Dragonite
|-boost|p2a: Dragonite|atk|1
|-boost|p2a: Dragonite|spe|1
|move|p1a: Cinderace|Court Change|p1a: Cinderace
|-swapsideconditions
|-activate|p1a: Cinderace|move: Court Change
|
|-heal|p2a: Dragonite|100/100 brn|[from] item: Leftovers
|-damage|p2a: Dragonite|94/100 brn|[from] brn
|upkeep
|turn|7
|
|t:|1778510330
|move|p2a: Dragonite|Dragon Dance|p2a: Dragonite
|-boost|p2a: Dragonite|atk|1
|-boost|p2a: Dragonite|spe|1
|move|p1a: Cinderace|U-turn|p2a: Dragonite
|-resisted|p2a: Dragonite
|-damage|p2a: Dragonite|85/100 brn
|
|t:|1778510335
|switch|p1a: Empoleon|Empoleon, M|100/100|[from] U-turn
|-activate|p1a: Empoleon|move: Sticky Web
|-unboost|p1a: Empoleon|spe|1
|-ability|p1a: Empoleon|Competitive|boost
|-boost|p1a: Empoleon|spa|2
|
|-heal|p2a: Dragonite|91/100 brn|[from] item: Leftovers
|-damage|p2a: Dragonite|85/100 brn|[from] brn
|upkeep
|turn|8
|
|t:|1778510349
|move|p2a: Dragonite|Earthquake|p1a: Empoleon
|-supereffective|p1a: Empoleon
|-damage|p1a: Empoleon|0 fnt
|faint|p1a: Empoleon
|
|-heal|p2a: Dragonite|91/100 brn|[from] item: Leftovers
|-damage|p2a: Dragonite|85/100 brn|[from] brn
|upkeep
|
|t:|1778510357
|switch|p1a: Kingambit|Kingambit, M|100/100
|-activate|p1a: Kingambit|move: Sticky Web
|-unboost|p1a: Kingambit|spe|1
|-ability|p1a: Kingambit|Defiant|boost
|-boost|p1a: Kingambit|atk|2
|turn|9
|inactive|151htyrneh has 120 seconds left.
|
|t:|1778510402
|move|p2a: Dragonite|Earthquake|p1a: Kingambit
|-supereffective|p1a: Kingambit
|-damage|p1a: Kingambit|30/100
|move|p1a: Kingambit|Kowtow Cleave|p2a: Dragonite
|-damage|p2a: Dragonite|0 fnt
|faint|p2a: Dragonite
|
|upkeep
|
|t:|1778510405
|switch|p2a: Great Tusk|Great Tusk|100/100
|turn|10
|
|t:|1778510410
|move|p2a: Great Tusk|Headlong Rush|p1a: Kingambit
|-supereffective|p1a: Kingambit
|-damage|p1a: Kingambit|0 fnt
|-unboost|p2a: Great Tusk|def|1
|-unboost|p2a: Great Tusk|spd|1
|faint|p1a: Kingambit
|
|upkeep
|
|t:|1778510416
|switch|p1a: Serperior|Serperior, M|100/100
|-activate|p1a: Serperior|move: Sticky Web
|-boost|p1a: Serperior|spe|1
|turn|11
|
|t:|1778510427
|-end|p2a: Great Tusk|Protosynthesis|[silent]
|switch|p2a: Hatterene|Hatterene, F|100/100
|move|p1a: Serperior|Leaf Storm|p2a: Hatterene|[miss]
|-miss|p1a: Serperior|p2a: Hatterene
|
|upkeep
|turn|12
|
|t:|1778510433
|move|p1a: Serperior|Substitute|p1a: Serperior
|-start|p1a: Serperior|Substitute
|-damage|p1a: Serperior|76/100
|move|p2a: Hatterene|Mystical Fire|p1a: Serperior
|-supereffective|p1a: Serperior
|-end|p1a: Serperior|Substitute
|
|-heal|p1a: Serperior|82/100|[from] item: Leftovers
|upkeep
|turn|13
|
|t:|1778510444
|-terastallize|p1a: Serperior|Dragon
|move|p1a: Serperior|Leaf Storm|p2a: Hatterene
|-damage|p2a: Hatterene|66/100
|-boost|p1a: Serperior|spa|2
|move|p2a: Hatterene|Draining Kiss|p1a: Serperior
|-supereffective|p1a: Serperior
|-damage|p1a: Serperior|12/100
|-heal|p2a: Hatterene|100/100|[from] drain|[of] p1a: Serperior
|
|-heal|p1a: Serperior|18/100|[from] item: Leftovers
|upkeep
|turn|14
|
|t:|1778510454
|move|p1a: Serperior|Leaf Storm|p2a: Hatterene|[miss]
|-miss|p1a: Serperior|p2a: Hatterene
|move|p2a: Hatterene|Draining Kiss|p1a: Serperior
|-supereffective|p1a: Serperior
|-damage|p1a: Serperior|0 fnt
|faint|p1a: Serperior
|
|upkeep
|c|☆Billythekid95|come on
|c|☆Billythekid95|wtf
|c|☆Billythekid95|2 misses on 3
|c|☆151htyrneh|Didnf kill
|c|☆Billythekid95|so lucky
|c| angel engine|henry robbed ngl
|c|☆151htyrneh|+ i woulda tera poisoned anywya
|c|☆Billythekid95|bro 2 on 3 and i had to put tera
|c|☆Billythekid95|come on
|inactive|Billythekid95 has 120 seconds left.
|
|t:|1778510486
|switch|p1a: Cinderace|Cinderace, M|100/100
|turn|15
|
|t:|1778510493
|switch|p2a: Great Tusk|Great Tusk|100/100
|move|p1a: Cinderace|Pyro Ball|p2a: Great Tusk
|-damage|p2a: Great Tusk|67/100
|
|upkeep
|turn|16
|
|t:|1778510497
|move|p1a: Cinderace|Will-O-Wisp|p2a: Great Tusk
|-status|p2a: Great Tusk|brn
|move|p2a: Great Tusk|Headlong Rush|p1a: Cinderace
|-supereffective|p1a: Cinderace
|-damage|p1a: Cinderace|24/100
|-unboost|p2a: Great Tusk|def|1
|-unboost|p2a: Great Tusk|spd|1
|
|-damage|p2a: Great Tusk|61/100 brn|[from] brn
|upkeep
|turn|17
|
|t:|1778510507
|move|p1a: Cinderace|Pyro Ball|p2a: Great Tusk
|-damage|p2a: Great Tusk|0 fnt
|faint|p2a: Great Tusk
|-end|p2a: Great Tusk|Protosynthesis|[silent]
|
|upkeep
|
|t:|1778510508
|switch|p2a: Samurott|Samurott-Hisui, F|100/100
|turn|18
|
|t:|1778510512
|move|p2a: Samurott|Flip Turn|p1a: Cinderace
|-supereffective|p1a: Cinderace
|-damage|p1a: Cinderace|0 fnt
|faint|p1a: Cinderace
|
|t:|1778510513
|switch|p2a: Gholdengo|Gholdengo|100/100|[from] Flip Turn
|-item|p2a: Gholdengo|Air Balloon
|
|upkeep
|c|☆Billythekid95|gg lucky boy
|-message|Billythekid95 forfeited.
|
|win|151htyrneh
|raw|Billythekid95's rating: 1547 &rarr; <strong>1526</strong><br />(-21 for losing)
|raw|151htyrneh's rating: 1533 &rarr; <strong>1554</strong><br />(+21 for winning)
|l|☆Billythekid95
|player|p1|
|c| angel engine|LMAO
|l| angel engine
|l|☆151htyrneh
|player|p2|
|l| snus epok nr 1
