|html|<div class="broadcast-blue"><strong>[Gen 9] OU is currently suspecting Tera Blast! For information on how to participate check out the <a href="https://www.smogon.com/tools/suspects/view/200">suspect thread</a>.</strong></div>
|j|☆mistuhgillies
|j|☆Sohai0721
|t:|1776063657
|gametype|singles
|player|p1|mistuhgillies|170|1117
|player|p2|Sohai0721|265|1141
|gen|9
|tier|[Gen 9] OU
|rated|
|rule|HP Percentage Mod: HP is shown in percentages
|rule|Endless Battle Clause: Forcing endless battles is banned
|rule|Species Clause: Limit one of each Pokémon
|rule|OHKO Clause: OHKO moves are banned
|rule|Evasion Items Clause: Evasion items are banned
|rule|Evasion Moves Clause: Evasion moves are banned
|rule|Evasion Abilities Clause: Evasion abilities are banned
|rule|Sleep Moves Clause: Sleep-inducing moves are banned
|clearpoke
|poke|p1|Dragapult, M|
|poke|p1|Landorus-Therian, M|
|poke|p1|Iron Valiant|
|poke|p1|Meowscarada, F|
|poke|p1|Rotom-Wash|
|poke|p1|Gholdengo|
|poke|p2|Garganacl, F|
|poke|p2|Landorus-Therian, M|
|poke|p2|Clefable, F|
|poke|p2|Corviknight, M|
|poke|p2|Ditto|
|poke|p2|Conkeldurr, M|
|teampreview
|
|t:|1776063665
|teamsize|p1|6
|teamsize|p2|6
|start
|switch|p1a: Iron Valiant|Iron Valiant|100/100
|switch|p2a: Garganacl|Garganacl, F|100/100
|turn|1
|
|t:|1776063679
|move|p1a: Iron Valiant|Trick|p2a: Garganacl
|-activate|p1a: Iron Valiant|move: Trick|[of] p2a: Garganacl
|-item|p2a: Garganacl|Choice Scarf|[from] move: Trick
|-item|p1a: Iron Valiant|Leftovers|[from] move: Trick
|move|p2a: Garganacl|Salt Cure|p1a: Iron Valiant
|-resisted|p1a: Iron Valiant
|-damage|p1a: Iron Valiant|92/100
|-start|p1a: Iron Valiant|Salt Cure
|
|-heal|p1a: Iron Valiant|98/100|[from] item: Leftovers
|-damage|p1a: Iron Valiant|86/100|[from] Salt Cure
|upkeep
|turn|2
|
|t:|1776063695
|move|p1a: Iron Valiant|Psyshock|p2a: Garganacl
|-damage|p2a: Garganacl|84/100
|move|p2a: Garganacl|Salt Cure|p1a: Iron Valiant
|-resisted|p1a: Iron Valiant
|-damage|p1a: Iron Valiant|77/100
|
|-heal|p1a: Iron Valiant|83/100|[from] item: Leftovers
|-damage|p1a: Iron Valiant|70/100|[from] Salt Cure
|upkeep
|turn|3
|
|t:|1776063705
|-end|p1a: Iron Valiant|Quark Drive|[silent]
|switch|p1a: Gholdengo|Gholdengo|100/100
|switch|p2a: Clefable|Clefable, F|100/100
|
|upkeep
|turn|4
|
|t:|1776063714
|move|p2a: Clefable|Protect|p2a: Clefable
|-singleturn|p2a: Clefable|Protect
|move|p1a: Gholdengo|Make It Rain|p2a: Clefable
|-activate|p2a: Clefable|move: Protect
|
|upkeep
|turn|5
|
|t:|1776063722
|switch|p2a: Corviknight|Corviknight, M|100/100
|move|p1a: Gholdengo|Make It Rain|p2a: Corviknight
|-resisted|p2a: Corviknight
|-damage|p2a: Corviknight|70/100
|-unboost|p1a: Gholdengo|spa|1
|
|upkeep
|turn|6
|
|t:|1776063735
|switch|p1a: Rotom|Rotom-Wash|100/100
|move|p2a: Corviknight|Brave Bird|p1a: Rotom
|-resisted|p1a: Rotom
|-damage|p1a: Rotom|77/100
|-damage|p2a: Corviknight|66/100|[from] Recoil
|
|upkeep
|turn|7
|
|t:|1776063748
|switch|p2a: Clefable|Clefable, F|100/100
|move|p1a: Rotom|Trick|p2a: Clefable
|-activate|p1a: Rotom|move: Trick|[of] p2a: Clefable
|-item|p2a: Clefable|Choice Scarf|[from] move: Trick
|-item|p1a: Rotom|Leftovers|[from] move: Trick
|
|-heal|p1a: Rotom|83/100|[from] item: Leftovers
|upkeep
|turn|8
|
|t:|1776063764
|switch|p1a: Gholdengo|Gholdengo|100/100
|move|p2a: Clefable|Moonblast|p1a: Gholdengo
|-resisted|p1a: Gholdengo
|-damage|p1a: Gholdengo|80/100
|-unboost|p1a: Gholdengo|spa|1
|
|upkeep
|turn|9
|
|t:|1776063777
|switch|p2a: Corviknight|Corviknight, M|66/100
|move|p1a: Gholdengo|Nasty Plot|p1a: Gholdengo
|-boost|p1a: Gholdengo|spa|2
|
|upkeep
|turn|10
|
|t:|1776063794
|switch|p1a: Rotom|Rotom-Wash|83/100
|move|p2a: Corviknight|Roost|p2a: Corviknight
|-heal|p2a: Corviknight|100/100
|-singleturn|p2a: Corviknight|move: Roost
|
|-heal|p1a: Rotom|90/100|[from] item: Leftovers
|upkeep
|turn|11
|
|t:|1776063805
|switch|p2a: Clefable|Clefable, F|100/100
|move|p1a: Rotom|Will-O-Wisp|p2a: Clefable
|-status|p2a: Clefable|brn
|
|-heal|p1a: Rotom|96/100|[from] item: Leftovers
|upkeep
|turn|12
|
|t:|1776063820
|switch|p1a: Gholdengo|Gholdengo|80/100
|move|p2a: Clefable|Moonblast|p1a: Gholdengo
|-resisted|p1a: Gholdengo
|-damage|p1a: Gholdengo|61/100
|-unboost|p1a: Gholdengo|spa|1
|
|upkeep
|turn|13
|
|t:|1776063830
|move|p1a: Gholdengo|Trick|p2a: Clefable
|-activate|p1a: Gholdengo|move: Trick|[of] p2a: Clefable
|-item|p2a: Clefable|Choice Scarf|[from] move: Trick
|-item|p1a: Gholdengo|Choice Scarf|[from] move: Trick
|move|p2a: Clefable|Moonblast|p1a: Gholdengo
|-resisted|p1a: Gholdengo
|-damage|p1a: Gholdengo|45/100
|
|upkeep
|turn|14
|
|t:|1776063853
|switch|p2a: Garganacl|Garganacl, F|84/100
|move|p1a: Gholdengo|Make It Rain|p2a: Garganacl
|-supereffective|p2a: Garganacl
|-damage|p2a: Garganacl|21/100
|-unboost|p1a: Gholdengo|spa|1
|
|upkeep
|turn|15
|
|t:|1776063863
|move|p1a: Gholdengo|Make It Rain|p2a: Garganacl
|-supereffective|p2a: Garganacl
|-damage|p2a: Garganacl|0 fnt
|-unboost|p1a: Gholdengo|spa|1
|faint|p2a: Garganacl
|
|upkeep
|
|t:|1776063875
|switch|p2a: Clefable|Clefable, F|100/100 brn
|turn|16
|
|t:|1776063879
|move|p1a: Gholdengo|Make It Rain|p2a: Clefable
|-supereffective|p2a: Clefable
|-damage|p2a: Clefable|62/100 brn
|-unboost|p1a: Gholdengo|spa|1
|move|p2a: Clefable|Moonblast|p1a: Gholdengo
|-resisted|p1a: Gholdengo
|-crit|p1a: Gholdengo
|-damage|p1a: Gholdengo|15/100
|
|upkeep
|turn|17
|
|t:|1776063903
|switch|p1a: Landorus|Landorus-Therian, M|100/100
|-ability|p1a: Landorus|Intimidate|boost
|-unboost|p2a: Clefable|atk|1
|move|p2a: Clefable|Moonblast|p1a: Landorus
|-damage|p1a: Landorus|58/100
|-unboost|p1a: Landorus|spa|1
|
|upkeep
|turn|18
|
|t:|1776063917
|switch|p2a: Corviknight|Corviknight, M|100/100
|move|p1a: Landorus|Earthquake|p2a: Corviknight
|-immune|p2a: Corviknight
|
|upkeep
|turn|19
|
|t:|1776063925
|switch|p1a: Rotom|Rotom-Wash|96/100
|move|p2a: Corviknight|Brave Bird|p1a: Rotom
|-resisted|p1a: Rotom
|-damage|p1a: Rotom|71/100
|-damage|p2a: Corviknight|95/100|[from] Recoil
|
|-heal|p1a: Rotom|77/100|[from] item: Leftovers
|upkeep
|turn|20
|
|t:|1776063941
|switch|p2a: Clefable|Clefable, F|62/100 brn
|move|p1a: Rotom|Volt Switch|p2a: Clefable
|-damage|p2a: Clefable|40/100 brn
|
|t:|1776063950
|switch|p1a: Landorus|Landorus-Therian, M|58/100|[from] Volt Switch
|-ability|p1a: Landorus|Intimidate|boost
|-unboost|p2a: Clefable|atk|1
|
|upkeep
|turn|21
|
|t:|1776063958
|move|p1a: Landorus|Earthquake|p2a: Clefable
|-damage|p2a: Clefable|0 fnt
|faint|p2a: Clefable
|
|upkeep
|
|t:|1776063965
|switch|p2a: Landorus|Landorus-Therian, M|100/100
|-ability|p2a: Landorus|Intimidate|boost
|-unboost|p1a: Landorus|atk|1
|turn|22
|
|t:|1776063974
|switch|p1a: Rotom|Rotom-Wash|77/100
|move|p2a: Landorus|Stone Edge|p1a: Rotom
|-crit|p1a: Rotom
|-damage|p1a: Rotom|0 fnt
|faint|p1a: Rotom
|
|upkeep
|
|t:|1776063991
|switch|p1a: Meowscarada|Meowscarada, F|100/100
|turn|23
|
|t:|1776064003
|switch|p2a: Corviknight|Corviknight, M|95/100
|move|p1a: Meowscarada|Triple Axel|p2a: Corviknight
|-start|p1a: Meowscarada|typechange|Ice|[from] ability: Protean
|-damage|p2a: Corviknight|90/100
|-damage|p2a: Corviknight|79/100
|-damage|p2a: Corviknight|60/100
|-hitcount|p2a: Corviknight|3
|
|upkeep
|turn|24
|
|t:|1776064019
|switch|p1a: Dragapult|Dragapult, M|100/100
|move|p2a: Corviknight|Roost|p2a: Corviknight
|-heal|p2a: Corviknight|100/100
|-singleturn|p2a: Corviknight|move: Roost
|
|upkeep
|turn|25
|
|t:|1776064038
|-terastallize|p1a: Dragapult|Ghost
|move|p1a: Dragapult|Fire Blast|p2a: Corviknight|[miss]
|-miss|p1a: Dragapult|p2a: Corviknight
|move|p2a: Corviknight|Brave Bird|p1a: Dragapult
|-damage|p1a: Dragapult|46/100
|-damage|p2a: Corviknight|86/100|[from] Recoil
|
|upkeep
|turn|26
|
|t:|1776064054
|move|p1a: Dragapult|Fire Blast|p2a: Corviknight
|-supereffective|p2a: Corviknight
|-damage|p2a: Corviknight|22/100
|move|p2a: Corviknight|Brave Bird|p1a: Dragapult
|-damage|p1a: Dragapult|0 fnt
|faint|p1a: Dragapult
|-damage|p2a: Corviknight|9/100|[from] Recoil
|
|upkeep
|
|t:|1776064065
|switch|p1a: Gholdengo|Gholdengo|15/100
|turn|27
|
|t:|1776064071
|move|p1a: Gholdengo|Shadow Ball|p2a: Corviknight
|-damage|p2a: Corviknight|0 fnt
|faint|p2a: Corviknight
|
|upkeep
|
|t:|1776064078
|switch|p2a: Landorus|Landorus-Therian, M|100/100
|-ability|p2a: Landorus|Intimidate|boost
|-unboost|p1a: Gholdengo|atk|1
|turn|28
|
|t:|1776064087
|switch|p1a: Landorus|Landorus-Therian, M|58/100
|-ability|p1a: Landorus|Intimidate|boost
|-unboost|p2a: Landorus|atk|1
|move|p2a: Landorus|U-turn|p1a: Landorus
|-resisted|p1a: Landorus
|-damage|p1a: Landorus|46/100
|
|t:|1776064097
|switch|p2a: Ditto|Ditto|100/100|[from] U-turn
|-transform|p2a: Ditto|p1a: Landorus|[from] ability: Imposter
|-ability|p2a: Ditto|Intimidate|boost
|-unboost|p1a: Landorus|atk|1
|
|upkeep
|turn|29
|
|t:|1776064130
|-terastallize|p2a: Ditto|Normal
|move|p2a: Ditto|Tera Blast|p1a: Landorus|[anim] Tera Blast Normal
|-damage|p1a: Landorus|0 fnt
|faint|p1a: Landorus
|
|upkeep
|
|t:|1776064138
|switch|p1a: Iron Valiant|Iron Valiant|70/100
|turn|30
|
|t:|1776064155
|move|p2a: Ditto|Tera Blast|p1a: Iron Valiant|[anim] Tera Blast Normal
|-damage|p1a: Iron Valiant|14/100
|move|p1a: Iron Valiant|Psyshock|p2a: Ditto
|-damage|p2a: Ditto|69/100
|
|-heal|p1a: Iron Valiant|20/100|[from] item: Leftovers
|upkeep
|turn|31
|
|t:|1776064167
|-end|p1a: Iron Valiant|Quark Drive|[silent]
|switch|p1a: Meowscarada|Meowscarada, F|100/100
|move|p2a: Ditto|Tera Blast|p1a: Meowscarada|[anim] Tera Blast Normal
|-damage|p1a: Meowscarada|35/100
|
|upkeep
|turn|32
|
|t:|1776064179
|switch|p2a: Conkeldurr|Conkeldurr, M|100/100
|move|p1a: Meowscarada|Triple Axel|p2a: Conkeldurr
|-start|p1a: Meowscarada|typechange|Ice|[from] ability: Protean
|-damage|p2a: Conkeldurr|90/100
|-damage|p2a: Conkeldurr|72/100
|-damage|p2a: Conkeldurr|44/100
|-hitcount|p2a: Conkeldurr|3
|
|-status|p2a: Conkeldurr|brn|[from] item: Flame Orb
|upkeep
|turn|33
|
|t:|1776064193
|move|p2a: Conkeldurr|Mach Punch|p1a: Meowscarada
|-supereffective|p1a: Meowscarada
|-damage|p1a: Meowscarada|0 fnt
|faint|p1a: Meowscarada
|
|-damage|p2a: Conkeldurr|38/100 brn|[from] brn
|upkeep
|
|t:|1776064200
|switch|p1a: Iron Valiant|Iron Valiant|20/100
|turn|34
|
|t:|1776064205
|-end|p1a: Iron Valiant|Quark Drive|[silent]
|switch|p1a: Gholdengo|Gholdengo|15/100
|move|p2a: Conkeldurr|Mach Punch|p1a: Gholdengo
|-immune|p1a: Gholdengo
|
|-damage|p2a: Conkeldurr|32/100 brn|[from] brn
|upkeep
|turn|35
|
|t:|1776064217
|move|p1a: Gholdengo|Shadow Ball|p2a: Conkeldurr
|-damage|p2a: Conkeldurr|0 fnt
|faint|p2a: Conkeldurr
|
|upkeep
|
|t:|1776064223
|switch|p2a: Landorus|Landorus-Therian, M|100/100
|-ability|p2a: Landorus|Intimidate|boost
|-unboost|p1a: Gholdengo|atk|1
|turn|36
|
|t:|1776064229
|move|p1a: Gholdengo|Shadow Ball|p2a: Landorus
|-damage|p2a: Landorus|45/100
|move|p2a: Landorus|Earthquake|p1a: Gholdengo
|-supereffective|p1a: Gholdengo
|-damage|p1a: Gholdengo|0 fnt
|faint|p1a: Gholdengo
|
|upkeep
|
|t:|1776064238
|switch|p1a: Iron Valiant|Iron Valiant|20/100
|turn|37
|
|t:|1776064242
|move|p2a: Landorus|Earthquake|p1a: Iron Valiant
|-damage|p1a: Iron Valiant|0 fnt
|faint|p1a: Iron Valiant
|-end|p1a: Iron Valiant|Quark Drive|[silent]
|
|win|Sohai0721
|raw|mistuhgillies's rating: 1117 &rarr; <strong>1094</strong><br />(-23 for losing)
|raw|Sohai0721's rating: 1141 &rarr; <strong>1164</strong><br />(+23 for winning)
|l|☆Sohai0721
|player|p2|
|l|☆mistuhgillies
|player|p1|
