|html|<div class="broadcast-blue"><strong>[Gen 9] OU is currently suspecting Tera Blast! For information on how to participate check out the <a href="https://www.smogon.com/tools/suspects/view/200">suspect thread</a>.</strong></div>
|j|☆Rocket_Grunt_600
|j|☆BLK DG
|t:|1776302577
|gametype|singles
|player|p1|Rocket_Grunt_600|cynthia-gen4|1040
|player|p2|BLK DG|irida|1077
|gen|9
|tier|[Gen 9] OU
|rated|
|rule|HP Percentage Mod: HP is shown in percentages
|rule|Endless Battle Clause: Forcing endless battles is banned
|rule|Species Clause: Limit one of each Pokémon
|rule|OHKO Clause: OHKO moves are banned
|rule|Evasion Items Clause: Evasion items are banned
|rule|Evasion Moves Clause: Evasion moves are banned
|rule|Evasion Abilities Clause: Evasion abilities are banned
|rule|Sleep Moves Clause: Sleep-inducing moves are banned
|clearpoke
|poke|p1|Great Tusk|
|poke|p1|Ampharos, M|
|poke|p1|Kingdra, M|
|poke|p1|Charizard, F|
|poke|p1|Tyranitar, M|
|poke|p1|Corviknight, F|
|poke|p2|Chandelure, F|
|poke|p2|Araquanid, F|
|poke|p2|Iron Treads|
|poke|p2|Enamorus, F|
|poke|p2|Weavile, F|
|poke|p2|Weezing-Galar, M|
|teampreview
|inactive|Battle timer is ON: inactive players will automatically lose when time's up. (requested by BLK DG)
|
|t:|1776302590
|teamsize|p1|6
|teamsize|p2|6
|start
|switch|p1a: Ampharos|Ampharos, M|100/100
|switch|p2a: Araquanid|Araquanid, F|100/100
|turn|1
|
|t:|1776302600
|move|p1a: Ampharos|Thunder|p2a: Araquanid
|-supereffective|p2a: Araquanid
|-damage|p2a: Araquanid|40/100
|move|p2a: Araquanid|Sticky Web|p1a: Ampharos
|-sidestart|p1: Rocket_Grunt_600|move: Sticky Web
|
|upkeep
|turn|2
|
|t:|1776302608
|switch|p2a: Iron Treads|Iron Treads|100/100
|move|p1a: Ampharos|Thunder|p2a: Iron Treads
|-immune|p2a: Iron Treads
|
|upkeep
|turn|3
|
|t:|1776302622
|switch|p1a: Great Tusk|Great Tusk|100/100
|-activate|p1a: Great Tusk|move: Sticky Web
|-unboost|p1a: Great Tusk|spe|1
|move|p2a: Iron Treads|Ice Spinner|p1a: Great Tusk
|-supereffective|p1a: Great Tusk
|-damage|p1a: Great Tusk|71/100
|-damage|p2a: Iron Treads|84/100|[from] item: Rocky Helmet|[of] p1a: Great Tusk
|
|upkeep
|turn|4
|
|t:|1776302633
|-terastallize|p2a: Iron Treads|Ghost
|move|p2a: Iron Treads|Earthquake|p1a: Great Tusk
|-damage|p1a: Great Tusk|41/100
|move|p1a: Great Tusk|Earthquake|p2a: Iron Treads
|-damage|p2a: Iron Treads|39/100
|
|upkeep
|turn|5
|
|t:|1776302648
|-end|p2a: Iron Treads|Quark Drive|[silent]
|switch|p2a: Enamorus|Enamorus, F|100/100
|move|p1a: Great Tusk|Zen Headbutt|p2a: Enamorus
|-damage|p2a: Enamorus|59/100
|
|upkeep
|turn|6
|
|t:|1776302661
|-end|p1a: Great Tusk|Protosynthesis|[silent]
|switch|p1a: Ampharos|Ampharos, M|100/100
|-activate|p1a: Ampharos|move: Sticky Web
|-unboost|p1a: Ampharos|spe|1
|move|p2a: Enamorus|Moonblast|p1a: Ampharos
|-damage|p1a: Ampharos|55/100
|
|upkeep
|turn|7
|
|t:|1776302668
|move|p2a: Enamorus|Moonblast|p1a: Ampharos
|-damage|p1a: Ampharos|8/100
|move|p1a: Ampharos|Thunder|p2a: Enamorus|[miss]
|-miss|p1a: Ampharos|p2a: Enamorus
|
|upkeep
|turn|8
|
|t:|1776302679
|move|p2a: Enamorus|Moonblast|p1a: Ampharos
|-damage|p1a: Ampharos|0 fnt
|faint|p1a: Ampharos
|
|upkeep
|
|t:|1776302687
|switch|p1a: Kingdra|Kingdra, M|100/100
|-activate|p1a: Kingdra|move: Sticky Web
|-unboost|p1a: Kingdra|spe|1
|turn|9
|
|t:|1776302694
|move|p2a: Enamorus|Moonblast|p1a: Kingdra
|-supereffective|p1a: Kingdra
|-damage|p1a: Kingdra|0 fnt
|faint|p1a: Kingdra
|
|upkeep
|
|t:|1776302699
|switch|p1a: Corviknight|Corviknight, F|100/100
|turn|10
|
|t:|1776302706
|switch|p2a: Weezing|Weezing-Galar, M|100/100
|-ability|p2a: Weezing|Neutralizing Gas
|move|p1a: Corviknight|Hurricane|p2a: Weezing
|-damage|p2a: Weezing|67/100
|-start|p2a: Weezing|confusion
|
|upkeep
|turn|11
|
|t:|1776302716
|move|p1a: Corviknight|Flash Cannon|p2a: Weezing
|-supereffective|p2a: Weezing
|-damage|p2a: Weezing|9/100
|-unboost|p2a: Weezing|spd|1
|-activate|p2a: Weezing|confusion
|move|p2a: Weezing|Flamethrower|p1a: Corviknight
|-supereffective|p1a: Corviknight
|-damage|p1a: Corviknight|67/100
|-status|p1a: Corviknight|brn
|
|-damage|p1a: Corviknight|61/100 brn|[from] brn
|upkeep
|turn|12
|
|t:|1776302727
|move|p1a: Corviknight|Hurricane|p2a: Weezing
|-damage|p2a: Weezing|0 fnt
|faint|p2a: Weezing
|-end|p2a: Weezing|ability: Neutralizing Gas
|
|-damage|p1a: Corviknight|54/100 brn|[from] brn
|upkeep
|
|t:|1776302731
|switch|p2a: Enamorus|Enamorus, F|59/100
|turn|13
|
|t:|1776302735
|move|p2a: Enamorus|Mystical Fire|p1a: Corviknight
|-supereffective|p1a: Corviknight
|-damage|p1a: Corviknight|0 fnt
|faint|p1a: Corviknight
|
|upkeep
|
|t:|1776302742
|switch|p1a: Charizard|Charizard, F|100/100
|turn|14
|
|t:|1776302748
|switch|p2a: Araquanid|Araquanid, F|40/100
|move|p1a: Charizard|Fire Blast|p2a: Araquanid
|-damage|p2a: Araquanid|25/100
|
|upkeep
|turn|15
|-enditem|p2a: Araquanid|Custap Berry|[eat]
|-activate|p2a: Araquanid|item: Custap Berry|[consumed]
|
|t:|1776302757
|switch|p1a: Tyranitar|Tyranitar, M|100/100
|-activate|p1a: Tyranitar|move: Sticky Web
|-unboost|p1a: Tyranitar|spe|1
|-weather|Sandstorm|[from] ability: Sand Stream|[of] p1a: Tyranitar
|move|p2a: Araquanid|Surf|p1a: Tyranitar
|-supereffective|p1a: Tyranitar
|-damage|p1a: Tyranitar|55/100
|
|-weather|Sandstorm|[upkeep]
|-damage|p2a: Araquanid|19/100|[from] Sandstorm
|-heal|p1a: Tyranitar|61/100|[from] item: Leftovers
|upkeep
|turn|16
|
|t:|1776302770
|move|p2a: Araquanid|Surf|p1a: Tyranitar
|-supereffective|p1a: Tyranitar
|-damage|p1a: Tyranitar|15/100
|move|p1a: Tyranitar|Dragon Pulse|p2a: Araquanid
|-damage|p2a: Araquanid|7/100
|
|-weather|Sandstorm|[upkeep]
|-damage|p2a: Araquanid|1/100|[from] Sandstorm
|-heal|p1a: Tyranitar|22/100|[from] item: Leftovers
|upkeep
|turn|17
|
|t:|1776302780
|move|p1a: Tyranitar|Protect|p1a: Tyranitar
|-singleturn|p1a: Tyranitar|Protect
|move|p2a: Araquanid|Surf|p1a: Tyranitar
|-activate|p1a: Tyranitar|move: Protect
|
|-weather|Sandstorm|[upkeep]
|-damage|p2a: Araquanid|0 fnt|[from] Sandstorm
|faint|p2a: Araquanid
|-heal|p1a: Tyranitar|28/100|[from] item: Leftovers
|upkeep
|
|t:|1776302787
|switch|p2a: Iron Treads|Iron Treads, tera:Ghost|39/100
|turn|18
|
|t:|1776302792
|move|p2a: Iron Treads|Stealth Rock|p1a: Tyranitar
|-sidestart|p1: Rocket_Grunt_600|move: Stealth Rock
|move|p1a: Tyranitar|Crunch|p2a: Iron Treads
|-supereffective|p2a: Iron Treads
|-damage|p2a: Iron Treads|0 fnt
|faint|p2a: Iron Treads
|-end|p2a: Iron Treads|Quark Drive|[silent]
|
|-weather|Sandstorm|[upkeep]
|-heal|p1a: Tyranitar|34/100|[from] item: Leftovers
|upkeep
|
|t:|1776302797
|switch|p2a: Enamorus|Enamorus, F|59/100
|turn|19
|
|t:|1776302807
|move|p1a: Tyranitar|Protect|p1a: Tyranitar
|-singleturn|p1a: Tyranitar|Protect
|move|p2a: Enamorus|Moonblast|p1a: Tyranitar
|-activate|p1a: Tyranitar|move: Protect
|
|-weather|none
|-heal|p1a: Tyranitar|40/100|[from] item: Leftovers
|upkeep
|turn|20
|
|t:|1776302815
|switch|p1a: Charizard|Charizard, F|100/100
|-damage|p1a: Charizard|51/100|[from] Stealth Rock
|move|p2a: Enamorus|Moonblast|p1a: Charizard
|-resisted|p1a: Charizard
|-damage|p1a: Charizard|1/100
|-unboost|p1a: Charizard|spa|1
|
|upkeep
|turn|21
|
|t:|1776302823
|move|p2a: Enamorus|Moonblast|p1a: Charizard
|-resisted|p1a: Charizard
|-damage|p1a: Charizard|0 fnt
|faint|p1a: Charizard
|
|upkeep
|
|t:|1776302828
|switch|p1a: Great Tusk|Great Tusk|41/100
|-activate|p1a: Great Tusk|move: Sticky Web
|-unboost|p1a: Great Tusk|spe|1
|-damage|p1a: Great Tusk|38/100|[from] Stealth Rock
|turn|22
|
|t:|1776302833
|move|p2a: Enamorus|Moonblast|p1a: Great Tusk
|-supereffective|p1a: Great Tusk
|-crit|p1a: Great Tusk
|-damage|p1a: Great Tusk|0 fnt
|faint|p1a: Great Tusk
|-end|p1a: Great Tusk|Protosynthesis|[silent]
|
|upkeep
|
|t:|1776302838
|switch|p1a: Tyranitar|Tyranitar, M|40/100
|-activate|p1a: Tyranitar|move: Sticky Web
|-unboost|p1a: Tyranitar|spe|1
|-damage|p1a: Tyranitar|28/100|[from] Stealth Rock
|-weather|Sandstorm|[from] ability: Sand Stream|[of] p1a: Tyranitar
|turn|23
|
|t:|1776302846
|move|p2a: Enamorus|Moonblast|p1a: Tyranitar
|-supereffective|p1a: Tyranitar
|-damage|p1a: Tyranitar|0 fnt
|faint|p1a: Tyranitar
|
|win|BLK DG
|raw|Rocket_Grunt_600's rating: 1040 &rarr; <strong>1026</strong><br />(-14 for losing)
|raw|BLK DG's rating: 1077 &rarr; <strong>1102</strong><br />(+25 for winning)
|c|☆Rocket_Grunt_600|gg
|c|☆BLK DG|gg
|l|☆Rocket_Grunt_600
|player|p1|
