|html|<div class="broadcast-blue"><strong>[Gen 9] OU is currently suspecting Tera Blast! For information on how to participate check out the <a href="https://www.smogon.com/tools/suspects/view/200">suspect thread</a>.</strong></div>
|j|☆ridleyfr
|j|☆spudcutter
|t:|1776098497
|gametype|singles
|player|p1|ridleyfr|dawn|1581
|player|p2|spudcutter|ghetsis-gen5bw|1652
|gen|9
|tier|[Gen 9] OU
|rated|
|rule|HP Percentage Mod: HP is shown in percentages
|rule|Endless Battle Clause: Forcing endless battles is banned
|rule|Species Clause: Limit one of each Pokémon
|rule|OHKO Clause: OHKO moves are banned
|rule|Evasion Items Clause: Evasion items are banned
|rule|Evasion Moves Clause: Evasion moves are banned
|rule|Evasion Abilities Clause: Evasion abilities are banned
|rule|Sleep Moves Clause: Sleep-inducing moves are banned
|clearpoke
|poke|p1|Gliscor, M|
|poke|p1|Heatran, F|
|poke|p1|Sinistcha|
|poke|p1|Corviknight, M|
|poke|p1|Tentacruel, M|
|poke|p1|Darkrai|
|poke|p2|Tyranitar, M|
|poke|p2|Deoxys-Speed|
|poke|p2|Slowking-Galar, M|
|poke|p2|Great Tusk|
|poke|p2|Raging Bolt|
|poke|p2|Dondozo, M|
|teampreview
|inactive|Battle timer is ON: inactive players will automatically lose when time's up. (requested by spudcutter)
|inactive|ridleyfr also wants the timer to be on.
|inactive|ridleyfr has 120 seconds left.
|
|t:|1776098549
|teamsize|p1|6
|teamsize|p2|6
|start
|switch|p1a: Hephaepstein|Heatran, F|100/100
|switch|p2a: Deoxys|Deoxys-Speed|100/100
|-ability|p2a: Deoxys|Pressure
|turn|1
|
|t:|1776098563
|move|p2a: Deoxys|Knock Off|p1a: Hephaepstein
|-damage|p1a: Hephaepstein|73/100
|-enditem|p1a: Hephaepstein|Leftovers|[from] move: Knock Off|[of] p2a: Deoxys
|-damage|p2a: Deoxys|91/100|[from] item: Life Orb
|move|p1a: Hephaepstein|Magma Storm|p2a: Deoxys
|-damage|p2a: Deoxys|13/100
|-activate|p2a: Deoxys|move: Magma Storm|[of] p1a: Hephaepstein
|
|-damage|p2a: Deoxys|1/100|[from] move: Magma Storm|[partiallytrapped]
|upkeep
|turn|2
|
|t:|1776098569
|move|p2a: Deoxys|Superpower|p1a: Hephaepstein
|-supereffective|p1a: Hephaepstein
|-damage|p1a: Hephaepstein|2/100
|-unboost|p2a: Deoxys|atk|1
|-unboost|p2a: Deoxys|def|1
|-damage|p2a: Deoxys|0 fnt|[from] item: Life Orb
|faint|p2a: Deoxys
|move|p1a: Hephaepstein|Stealth Rock|p2: Deoxys
|-sidestart|p2: spudcutter|move: Stealth Rock
|
|upkeep
|
|t:|1776098575
|switch|p2a: Great Tusk|Great Tusk|100/100
|-damage|p2a: Great Tusk|98/100|[from] Stealth Rock
|turn|3
|
|t:|1776098579
|move|p1a: Hephaepstein|Will-O-Wisp|p2a: Great Tusk|[miss]
|-miss|p1a: Hephaepstein|p2a: Great Tusk
|move|p2a: Great Tusk|Rapid Spin|p1a: Hephaepstein
|-resisted|p1a: Hephaepstein
|-damage|p1a: Hephaepstein|0 fnt
|-boost|p2a: Great Tusk|spe|1
|-sideend|p2: spudcutter|Stealth Rock|[from] move: Rapid Spin|[of] p2a: Great Tusk
|faint|p1a: Hephaepstein
|
|-heal|p2a: Great Tusk|100/100|[from] item: Leftovers
|upkeep
|
|t:|1776098591
|switch|p1a: Charlie Kirsch|Sinistcha|100/100
|turn|4
|
|t:|1776098595
|-end|p2a: Great Tusk|Protosynthesis|[silent]
|switch|p2a: Slowking|Slowking-Galar, M|100/100
|move|p1a: Charlie Kirsch|Calm Mind|p1a: Charlie Kirsch
|-boost|p1a: Charlie Kirsch|spa|1
|-boost|p1a: Charlie Kirsch|spd|1
|
|upkeep
|turn|5
|
|t:|1776098598
|switch|p1a: Gliskibidi|Gliscor, M|100/100
|move|p2a: Slowking|Sludge Bomb|p1a: Gliskibidi
|-resisted|p1a: Gliskibidi
|-damage|p1a: Gliskibidi|79/100
|
|-status|p1a: Gliskibidi|tox|[from] item: Toxic Orb
|upkeep
|turn|6
|
|t:|1776098603
|move|p1a: Gliskibidi|Knock Off|p2a: Slowking
|-supereffective|p2a: Slowking
|-damage|p2a: Slowking|57/100
|-enditem|p2a: Slowking|Assault Vest|[from] move: Knock Off|[of] p1a: Gliskibidi
|move|p2a: Slowking|Ice Beam|p1a: Gliskibidi
|-supereffective|p1a: Gliskibidi
|-damage|p1a: Gliskibidi|0 fnt
|faint|p1a: Gliskibidi
|
|upkeep
|
|t:|1776098609
|switch|p1a: DreamNotFound|Darkrai|100/100
|turn|7
|
|t:|1776098611
|switch|p2a: Tyranitar|Tyranitar, M|100/100
|-weather|Sandstorm|[from] ability: Sand Stream|[of] p2a: Tyranitar
|move|p1a: DreamNotFound|Knock Off|p2a: Tyranitar
|-resisted|p2a: Tyranitar
|-damage|p2a: Tyranitar|87/100
|-enditem|p2a: Tyranitar|Assault Vest|[from] move: Knock Off|[of] p1a: DreamNotFound
|
|-weather|Sandstorm|[upkeep]
|-damage|p1a: DreamNotFound|94/100|[from] Sandstorm
|upkeep
|turn|8
|
|t:|1776098615
|switch|p1a: MEGA KNIGHT|Corviknight, M|100/100
|-ability|p1a: MEGA KNIGHT|Pressure
|move|p2a: Tyranitar|Knock Off|p1a: MEGA KNIGHT
|-damage|p1a: MEGA KNIGHT|67/100
|-damage|p2a: Tyranitar|70/100|[from] item: Rocky Helmet|[of] p1a: MEGA KNIGHT
|-enditem|p1a: MEGA KNIGHT|Rocky Helmet|[from] move: Knock Off|[of] p2a: Tyranitar
|
|-weather|Sandstorm|[upkeep]
|upkeep
|turn|9
|
|t:|1776098620
|switch|p2a: Raging Bolt|Raging Bolt|100/100
|move|p1a: MEGA KNIGHT|U-turn|p2a: Raging Bolt
|-damage|p2a: Raging Bolt|89/100
|inactive|ridleyfr has 120 seconds left.
|
|t:|1776098659
|switch|p1a: The Squiddler|Tentacruel, M, shiny|100/100|[from] U-turn
|
|-weather|Sandstorm|[upkeep]
|-damage|p1a: The Squiddler|95/100|[from] Sandstorm
|-damage|p2a: Raging Bolt|83/100|[from] Sandstorm
|-heal|p2a: Raging Bolt|89/100|[from] item: Leftovers
|upkeep
|turn|10
|
|t:|1776098666
|-end|p2a: Raging Bolt|Protosynthesis|[silent]
|switch|p2a: Slowking|Slowking-Galar, M|90/100
|move|p1a: The Squiddler|Sludge Bomb|p2a: Slowking
|-resisted|p2a: Slowking
|-damage|p2a: Slowking|76/100
|
|-weather|Sandstorm|[upkeep]
|-damage|p1a: The Squiddler|89/100|[from] Sandstorm
|-damage|p2a: Slowking|70/100|[from] Sandstorm
|upkeep
|turn|11
|
|t:|1776098672
|switch|p1a: MEGA KNIGHT|Corviknight, M|67/100
|-ability|p1a: MEGA KNIGHT|Pressure
|move|p2a: Slowking|Psyshock|p1a: MEGA KNIGHT
|-resisted|p1a: MEGA KNIGHT
|-damage|p1a: MEGA KNIGHT|54/100
|
|-weather|none
|upkeep
|turn|12
|
|t:|1776098678
|move|p1a: MEGA KNIGHT|U-turn|p2a: Slowking
|-damage|p2a: Slowking|56/100
|
|t:|1776098680
|switch|p1a: The Squiddler|Tentacruel, M, shiny|89/100|[from] U-turn
|move|p2a: Slowking|Flamethrower|p1a: The Squiddler
|-resisted|p1a: The Squiddler
|-damage|p1a: The Squiddler|73/100
|
|upkeep
|turn|13
|
|t:|1776098685
|switch|p1a: DreamNotFound|Darkrai|94/100
|move|p2a: Slowking|Flamethrower|p1a: DreamNotFound
|-damage|p1a: DreamNotFound|50/100
|
|upkeep
|turn|14
|
|t:|1776098689
|switch|p2a: Tyranitar|Tyranitar, M|70/100
|-weather|Sandstorm|[from] ability: Sand Stream|[of] p2a: Tyranitar
|move|p1a: DreamNotFound|Dark Pulse|p2a: Tyranitar
|-resisted|p2a: Tyranitar
|-damage|p2a: Tyranitar|55/100
|
|-weather|Sandstorm|[upkeep]
|-damage|p1a: DreamNotFound|44/100|[from] Sandstorm
|upkeep
|turn|15
|
|t:|1776098692
|switch|p1a: MEGA KNIGHT|Corviknight, M|54/100
|-ability|p1a: MEGA KNIGHT|Pressure
|switch|p2a: Raging Bolt|Raging Bolt|89/100
|
|-weather|Sandstorm|[upkeep]
|-damage|p2a: Raging Bolt|83/100|[from] Sandstorm
|-heal|p2a: Raging Bolt|89/100|[from] item: Leftovers
|upkeep
|turn|16
|
|t:|1776098699
|move|p2a: Raging Bolt|Thunderbolt|p1a: MEGA KNIGHT
|-supereffective|p1a: MEGA KNIGHT
|-damage|p1a: MEGA KNIGHT|0 fnt
|faint|p1a: MEGA KNIGHT
|
|-weather|Sandstorm|[upkeep]
|-damage|p2a: Raging Bolt|83/100|[from] Sandstorm
|-heal|p2a: Raging Bolt|89/100|[from] item: Leftovers
|upkeep
|
|t:|1776098701
|switch|p1a: Charlie Kirsch|Sinistcha|100/100
|turn|17
|
|t:|1776098715
|move|p1a: Charlie Kirsch|Calm Mind|p1a: Charlie Kirsch
|-boost|p1a: Charlie Kirsch|spa|1
|-boost|p1a: Charlie Kirsch|spd|1
|move|p2a: Raging Bolt|Calm Mind|p2a: Raging Bolt
|-boost|p2a: Raging Bolt|spa|1
|-boost|p2a: Raging Bolt|spd|1
|
|-weather|Sandstorm|[upkeep]
|-damage|p1a: Charlie Kirsch|94/100|[from] Sandstorm
|-damage|p2a: Raging Bolt|83/100|[from] Sandstorm
|-heal|p2a: Raging Bolt|89/100|[from] item: Leftovers
|upkeep
|turn|18
|inactive|ridleyfr has 120 seconds left.
|
|t:|1776098749
|move|p1a: Charlie Kirsch|Shadow Ball|p2a: Raging Bolt
|-damage|p2a: Raging Bolt|63/100
|move|p2a: Raging Bolt|Calm Mind|p2a: Raging Bolt
|-boost|p2a: Raging Bolt|spa|1
|-boost|p2a: Raging Bolt|spd|1
|
|-weather|none
|-heal|p2a: Raging Bolt|69/100|[from] item: Leftovers
|upkeep
|turn|19
|
|t:|1776098753
|move|p1a: Charlie Kirsch|Calm Mind|p1a: Charlie Kirsch
|-boost|p1a: Charlie Kirsch|spa|1
|-boost|p1a: Charlie Kirsch|spd|1
|move|p2a: Raging Bolt|Dragon Pulse|p1a: Charlie Kirsch
|-damage|p1a: Charlie Kirsch|35/100
|
|-heal|p2a: Raging Bolt|76/100|[from] item: Leftovers
|upkeep
|turn|20
|
|t:|1776098755
|move|p1a: Charlie Kirsch|Strength Sap|p2a: Raging Bolt
|-unboost|p2a: Raging Bolt|atk|1
|-heal|p1a: Charlie Kirsch|79/100
|move|p2a: Raging Bolt|Dragon Pulse|p1a: Charlie Kirsch
|-damage|p1a: Charlie Kirsch|18/100
|
|-heal|p2a: Raging Bolt|82/100|[from] item: Leftovers
|upkeep
|turn|21
|
|t:|1776098763
|move|p1a: Charlie Kirsch|Shadow Ball|p2a: Raging Bolt
|-damage|p2a: Raging Bolt|53/100
|move|p2a: Raging Bolt|Dragon Pulse|p1a: Charlie Kirsch
|-damage|p1a: Charlie Kirsch|0 fnt
|faint|p1a: Charlie Kirsch
|
|-heal|p2a: Raging Bolt|59/100|[from] item: Leftovers
|upkeep
|-message|ridleyfr forfeited.
|
|win|spudcutter
|raw|ridleyfr's rating: 1581 &rarr; <strong>1565</strong><br />(-16 for losing)
|raw|spudcutter's rating: 1652 &rarr; <strong>1668</strong><br />(+16 for winning)
|l|☆ridleyfr
|player|p1|
|l|☆spudcutter
|player|p2|
