|html|<div class="broadcast-blue"><strong>[Gen 9] OU is currently suspecting Tera Blast! For information on how to participate check out the <a href="https://www.smogon.com/tools/suspects/view/200">suspect thread</a>.</strong></div>
|j|☆CilenTreeco
|j|☆belacquaaa
|t:|1776063862
|gametype|singles
|player|p1|CilenTreeco|2|1138
|player|p2|belacquaaa|bruno|1183
|gen|9
|tier|[Gen 9] OU
|rated|
|rule|HP Percentage Mod: HP is shown in percentages
|rule|Endless Battle Clause: Forcing endless battles is banned
|rule|Species Clause: Limit one of each Pokémon
|rule|OHKO Clause: OHKO moves are banned
|rule|Evasion Items Clause: Evasion items are banned
|rule|Evasion Moves Clause: Evasion moves are banned
|rule|Evasion Abilities Clause: Evasion abilities are banned
|rule|Sleep Moves Clause: Sleep-inducing moves are banned
|clearpoke
|poke|p1|Quaquaval, M|
|poke|p1|Sinistcha-Masterpiece|
|poke|p1|Armarouge, M|
|poke|p1|Goodra-Hisui, M|
|poke|p1|Enamorus, F|
|poke|p1|Klefki, F|
|poke|p2|Great Tusk|
|poke|p2|Dragonite, M|
|poke|p2|Darkrai|
|poke|p2|Cresselia, F|
|poke|p2|Ceruledge, F|
|poke|p2|Hatterene, F|
|teampreview
|inactive|Battle timer is ON: inactive players will automatically lose when time's up. (requested by belacquaaa)
|j| ChampionsmatchVGC
|
|t:|1776063882
|teamsize|p1|6
|teamsize|p2|6
|start
|switch|p1a: Klefki|Klefki, F|100/100
|switch|p2a: Hatterene|Hatterene, F|100/100
|turn|1
|
|t:|1776063889
|-terastallize|p2a: Hatterene|Water
|move|p1a: Klefki|Switcheroo|p2a: Hatterene
|-activate|p1a: Klefki|move: Trick|[of] p2a: Hatterene
|-item|p2a: Hatterene|Choice Scarf|[from] move: Switcheroo
|-item|p1a: Klefki|Leftovers|[from] move: Switcheroo
|move|p2a: Hatterene|Calm Mind|p2a: Hatterene
|-boost|p2a: Hatterene|spa|1
|-boost|p2a: Hatterene|spd|1
|
|upkeep
|turn|2
|inactive|belacquaaa has 120 seconds left.
|
|t:|1776063922
|switch|p2a: Darkrai|Darkrai|100/100
|move|p1a: Klefki|Spikes|p2a: Darkrai
|-sidestart|p2: belacquaaa|Spikes
|
|upkeep
|turn|3
|
|t:|1776063929
|move|p1a: Klefki|Light Screen|p1a: Klefki
|-sidestart|p1: CilenTreeco|move: Light Screen
|move|p2a: Darkrai|Nasty Plot|p2a: Darkrai
|-boost|p2a: Darkrai|spa|2
|
|upkeep
|turn|4
|
|t:|1776063943
|move|p1a: Klefki|Spikes|p2a: Darkrai
|-sidestart|p2: belacquaaa|Spikes
|move|p2a: Darkrai|Focus Blast|p1a: Klefki
|-damage|p1a: Klefki|28/100
|-damage|p2a: Darkrai|91/100|[from] item: Life Orb
|
|-heal|p1a: Klefki|34/100|[from] item: Leftovers
|upkeep
|turn|5
|
|t:|1776063959
|move|p1a: Klefki|Spikes|p2a: Darkrai
|-sidestart|p2: belacquaaa|Spikes
|move|p2a: Darkrai|Nasty Plot|p2a: Darkrai
|-boost|p2a: Darkrai|spa|2
|
|-heal|p1a: Klefki|40/100|[from] item: Leftovers
|upkeep
|turn|6
|
|t:|1776063965
|switch|p1a: Goodra|Goodra-Hisui, M, shiny|100/100
|move|p2a: Darkrai|Dark Pulse|p1a: Goodra
|-damage|p1a: Goodra|68/100
|-damage|p2a: Darkrai|81/100|[from] item: Life Orb
|
|upkeep
|turn|7
|
|t:|1776063974
|move|p2a: Darkrai|Focus Blast|p1a: Goodra
|-supereffective|p1a: Goodra
|-damage|p1a: Goodra|11/100
|-damage|p2a: Darkrai|71/100|[from] item: Life Orb
|move|p1a: Goodra|Dragon Tail|p2a: Darkrai
|-damage|p2a: Darkrai|41/100
|drag|p2a: Great Tusk|Great Tusk|100/100
|-damage|p2a: Great Tusk|76/100|[from] Spikes
|-enditem|p2a: Great Tusk|Booster Energy
|-activate|p2a: Great Tusk|ability: Protosynthesis|[fromitem]
|-start|p2a: Great Tusk|protosynthesisspe
|
|-sideend|p1: CilenTreeco|move: Light Screen
|upkeep
|turn|8
|
|t:|1776063986
|switch|p1a: Sinistcha|Sinistcha-Masterpiece, shiny|100/100
|move|p2a: Great Tusk|Rapid Spin|p1a: Sinistcha
|-immune|p1a: Sinistcha
|
|upkeep
|turn|9
|
|t:|1776064011
|-end|p2a: Great Tusk|Protosynthesis|[silent]
|switch|p2a: Cresselia|Cresselia, F|100/100
|move|p1a: Sinistcha|Scald|p2a: Cresselia
|-damage|p2a: Cresselia|86/100
|
|upkeep
|turn|10
|
|t:|1776064021
|switch|p1a: Goodra|Goodra-Hisui, M, shiny|11/100
|move|p2a: Cresselia|Ice Beam|p1a: Goodra
|-damage|p1a: Goodra|5/100
|
|upkeep
|turn|11
|
|t:|1776064029
|move|p2a: Cresselia|Ice Beam|p1a: Goodra
|-damage|p1a: Goodra|0 fnt
|faint|p1a: Goodra
|
|upkeep
|
|t:|1776064040
|switch|p1a: Enamorus|Enamorus, F|100/100
|turn|12
|
|t:|1776064049
|switch|p1a: Klefki|Klefki, F|40/100
|move|p2a: Cresselia|Thunder Wave|p1a: Klefki
|-status|p1a: Klefki|par
|
|-heal|p1a: Klefki|46/100 par|[from] item: Leftovers
|upkeep
|turn|13
|
|t:|1776064077
|switch|p2a: Great Tusk|Great Tusk|76/100
|-damage|p2a: Great Tusk|51/100|[from] Spikes
|move|p1a: Klefki|Reflect|p1a: Klefki
|-sidestart|p1: CilenTreeco|Reflect
|
|-heal|p1a: Klefki|52/100 par|[from] item: Leftovers
|upkeep
|turn|14
|
|t:|1776064087
|switch|p1a: Sinistcha|Sinistcha-Masterpiece, shiny|100/100
|move|p2a: Great Tusk|Ice Spinner|p1a: Sinistcha
|-supereffective|p1a: Sinistcha
|-crit|p1a: Sinistcha
|-damage|p1a: Sinistcha|44/100
|
|-heal|p1a: Sinistcha|50/100|[from] item: Leftovers
|upkeep
|turn|15
|
|t:|1776064107
|-terastallize|p1a: Sinistcha|Fire
|move|p2a: Great Tusk|Ice Spinner|p1a: Sinistcha
|-resisted|p1a: Sinistcha
|-damage|p1a: Sinistcha|46/100
|move|p1a: Sinistcha|Strength Sap|p2a: Great Tusk
|-unboost|p2a: Great Tusk|atk|1
|-heal|p1a: Sinistcha|100/100
|
|upkeep
|turn|16
|
|t:|1776064119
|move|p2a: Great Tusk|Headlong Rush|p1a: Sinistcha
|-supereffective|p1a: Sinistcha
|-damage|p1a: Sinistcha|74/100
|-unboost|p2a: Great Tusk|def|1
|-unboost|p2a: Great Tusk|spd|1
|move|p1a: Sinistcha|Matcha Gotcha|p2a: Great Tusk
|-supereffective|p2a: Great Tusk
|-damage|p2a: Great Tusk|0 fnt
|-heal|p1a: Sinistcha|100/100|[from] drain|[of] p2a: Great Tusk
|faint|p2a: Great Tusk
|-end|p2a: Great Tusk|Protosynthesis|[silent]
|
|upkeep
|inactive|belacquaaa has 120 seconds left.
|
|t:|1776064134
|switch|p2a: Cresselia|Cresselia, F|86/100
|turn|17
|
|t:|1776064140
|switch|p1a: Klefki|Klefki, F|52/100 par
|move|p2a: Cresselia|Thunder Wave|p1a: Klefki
|-fail|p1a: Klefki|par
|
|-heal|p1a: Klefki|58/100 par|[from] item: Leftovers
|-sideend|p1: CilenTreeco|Reflect
|upkeep
|turn|18
|
|t:|1776064151
|move|p1a: Klefki|Light Screen|p1a: Klefki
|-sidestart|p1: CilenTreeco|move: Light Screen
|move|p2a: Cresselia|Lunar Dance|p2a: Cresselia
|faint|p2a: Cresselia
|
|-heal|p1a: Klefki|64/100 par|[from] item: Leftovers
|upkeep
|
|t:|1776064162
|switch|p2a: Darkrai|Darkrai|41/100
|-heal|p2a: Darkrai|100/100|[from] move: Lunar Dance
|-damage|p2a: Darkrai|76/100|[from] Spikes
|turn|19
|
|t:|1776064169
|cant|p1a: Klefki|par
|move|p2a: Darkrai|Nasty Plot|p2a: Darkrai
|-boost|p2a: Darkrai|spa|2
|
|-heal|p1a: Klefki|70/100 par|[from] item: Leftovers
|upkeep
|turn|20
|
|t:|1776064178
|switch|p1a: Quaquaval|Quaquaval, M, shiny|100/100
|move|p2a: Darkrai|Focus Blast|p1a: Quaquaval|[miss]
|-miss|p2a: Darkrai|p1a: Quaquaval
|
|upkeep
|turn|21
|
|t:|1776064195
|move|p2a: Darkrai|Focus Blast|p1a: Quaquaval
|-damage|p1a: Quaquaval|49/100
|-damage|p2a: Darkrai|66/100|[from] item: Life Orb
|move|p1a: Quaquaval|Aqua Step|p2a: Darkrai
|-damage|p2a: Darkrai|8/100
|-boost|p1a: Quaquaval|spe|1
|
|upkeep
|turn|22
|
|t:|1776064204
|move|p1a: Quaquaval|Aqua Step|p2a: Darkrai
|-damage|p2a: Darkrai|0 fnt
|-boost|p1a: Quaquaval|spe|1
|faint|p2a: Darkrai
|-ability|p1a: Quaquaval|Moxie|boost
|-boost|p1a: Quaquaval|atk|1
|
|-sideend|p1: CilenTreeco|move: Light Screen
|upkeep
|
|t:|1776064213
|switch|p2a: Dragonite|Dragonite, M|100/100
|turn|23
|
|t:|1776064224
|move|p1a: Quaquaval|Ice Spinner|p2a: Dragonite
|-supereffective|p2a: Dragonite
|-crit|p2a: Dragonite
|-damage|p2a: Dragonite|0 fnt
|faint|p2a: Dragonite
|-ability|p1a: Quaquaval|Moxie|boost
|-boost|p1a: Quaquaval|atk|1
|
|upkeep
|-message|belacquaaa forfeited.
|
|win|CilenTreeco
|raw|CilenTreeco's rating: 1138 &rarr; <strong>1166</strong><br />(+28 for winning)
|raw|belacquaaa's rating: 1183 &rarr; <strong>1155</strong><br />(-28 for losing)
|l|☆belacquaaa
|player|p2|
|l|☆CilenTreeco
|player|p1|
|l| ChampionsmatchVGC
