|html|<div class="broadcast-blue"><strong>[Gen 9] OU is currently suspecting Tera Blast! For information on how to participate check out the <a href="https://www.smogon.com/tools/suspects/view/200">suspect thread</a>.</strong></div>
|j|☆alfaluis117
|j|☆Cid_Kage16
|t:|1776058360
|gametype|singles
|player|p1|alfaluis117|169|1241
|player|p2|Cid_Kage16|102|1251
|gen|9
|tier|[Gen 9] OU
|rated|
|rule|HP Percentage Mod: HP is shown in percentages
|rule|Endless Battle Clause: Forcing endless battles is banned
|rule|Species Clause: Limit one of each Pokémon
|rule|OHKO Clause: OHKO moves are banned
|rule|Evasion Items Clause: Evasion items are banned
|rule|Evasion Moves Clause: Evasion moves are banned
|rule|Evasion Abilities Clause: Evasion abilities are banned
|rule|Sleep Moves Clause: Sleep-inducing moves are banned
|clearpoke
|poke|p1|Metagross|
|poke|p1|Ceruledge, M|
|poke|p1|Florges-Blue, F|
|poke|p1|Milotic, F|
|poke|p1|Latios, M|
|poke|p1|Infernape, M|
|poke|p2|Dragapult, F|
|poke|p2|Primarina, M|
|poke|p2|Darkrai|
|poke|p2|Iron Treads|
|poke|p2|Ceruledge, M|
|poke|p2|Landorus-Therian, M|
|teampreview
|
|t:|1776058366
|teamsize|p1|6
|teamsize|p2|6
|start
|switch|p1a: Milotic|Milotic, F|100/100
|switch|p2a: Landorus|Landorus-Therian, M, shiny|100/100
|-ability|p2a: Landorus|Intimidate|boost
|-unboost|p1a: Milotic|atk|1
|-ability|p1a: Milotic|Competitive|boost
|-boost|p1a: Milotic|spa|2
|turn|1
|
|t:|1776058378
|move|p2a: Landorus|U-turn|p1a: Milotic
|-damage|p1a: Milotic|83/100
|
|t:|1776058382
|switch|p2a: Primarina|Primarina, M, shiny|100/100|[from] U-turn
|move|p1a: Milotic|Scald|p2a: Primarina
|-resisted|p2a: Primarina
|-damage|p2a: Primarina|80/100
|
|-heal|p1a: Milotic|89/100|[from] item: Leftovers
|-heal|p2a: Primarina|86/100|[from] item: Leftovers
|upkeep
|turn|2
|
|t:|1776058394
|switch|p1a: Florges|Florges-Blue, F, shiny|100/100
|move|p2a: Primarina|Calm Mind|p2a: Primarina
|-boost|p2a: Primarina|spa|1
|-boost|p2a: Primarina|spd|1
|
|-heal|p2a: Primarina|92/100|[from] item: Leftovers
|upkeep
|turn|3
|
|t:|1776058405
|move|p1a: Florges|Calm Mind|p1a: Florges
|-boost|p1a: Florges|spa|1
|-boost|p1a: Florges|spd|1
|move|p2a: Primarina|Moonblast|p1a: Florges
|-damage|p1a: Florges|67/100
|
|-heal|p2a: Primarina|98/100|[from] item: Leftovers
|upkeep
|turn|4
|
|t:|1776058414
|move|p1a: Florges|Moonblast|p2a: Primarina
|-damage|p2a: Primarina|71/100
|move|p2a: Primarina|Moonblast|p1a: Florges
|-damage|p1a: Florges|35/100
|-enditem|p1a: Florges|Sitrus Berry|[eat]
|-heal|p1a: Florges|60/100|[from] item: Sitrus Berry
|
|-heal|p2a: Primarina|77/100|[from] item: Leftovers
|upkeep
|turn|5
|
|t:|1776058425
|move|p1a: Florges|Calm Mind|p1a: Florges
|-boost|p1a: Florges|spa|1
|-boost|p1a: Florges|spd|1
|move|p2a: Primarina|Calm Mind|p2a: Primarina
|-boost|p2a: Primarina|spa|1
|-boost|p2a: Primarina|spd|1
|
|-heal|p2a: Primarina|83/100|[from] item: Leftovers
|upkeep
|turn|6
|
|t:|1776058434
|move|p1a: Florges|Wish|p1a: Florges
|move|p2a: Primarina|Calm Mind|p2a: Primarina
|-boost|p2a: Primarina|spa|1
|-boost|p2a: Primarina|spd|1
|
|-heal|p2a: Primarina|89/100|[from] item: Leftovers
|upkeep
|turn|7
|
|t:|1776058442
|move|p1a: Florges|Calm Mind|p1a: Florges
|-boost|p1a: Florges|spa|1
|-boost|p1a: Florges|spd|1
|move|p2a: Primarina|Moonblast|p1a: Florges
|-damage|p1a: Florges|28/100
|-unboost|p1a: Florges|spa|1
|
|-heal|p1a: Florges|78/100|[from] move: Wish|[wisher] Florges
|-heal|p2a: Primarina|95/100|[from] item: Leftovers
|upkeep
|turn|8
|
|t:|1776058453
|move|p1a: Florges|Calm Mind|p1a: Florges
|-boost|p1a: Florges|spa|1
|-boost|p1a: Florges|spd|1
|move|p2a: Primarina|Calm Mind|p2a: Primarina
|-boost|p2a: Primarina|spa|1
|-boost|p2a: Primarina|spd|1
|
|-heal|p2a: Primarina|100/100|[from] item: Leftovers
|upkeep
|turn|9
|
|t:|1776058462
|move|p1a: Florges|Calm Mind|p1a: Florges
|-boost|p1a: Florges|spa|1
|-boost|p1a: Florges|spd|1
|move|p2a: Primarina|Calm Mind|p2a: Primarina
|-boost|p2a: Primarina|spa|1
|-boost|p2a: Primarina|spd|1
|
|upkeep
|turn|10
|
|t:|1776058470
|move|p1a: Florges|Moonblast|p2a: Primarina
|-damage|p2a: Primarina|78/100
|-unboost|p2a: Primarina|spa|1
|move|p2a: Primarina|Moonblast|p1a: Florges
|-damage|p1a: Florges|52/100
|
|-heal|p2a: Primarina|84/100|[from] item: Leftovers
|upkeep
|turn|11
|
|t:|1776058480
|move|p1a: Florges|Wish|p1a: Florges
|move|p2a: Primarina|Calm Mind|p2a: Primarina
|-boost|p2a: Primarina|spa|1
|-boost|p2a: Primarina|spd|1
|
|-heal|p2a: Primarina|90/100|[from] item: Leftovers
|upkeep
|turn|12
|
|t:|1776058488
|move|p1a: Florges|Calm Mind|p1a: Florges
|-boost|p1a: Florges|spa|1
|-boost|p1a: Florges|spd|1
|move|p2a: Primarina|Moonblast|p1a: Florges
|-damage|p1a: Florges|23/100
|-unboost|p1a: Florges|spa|1
|
|-heal|p1a: Florges|72/100|[from] move: Wish|[wisher] Florges
|-heal|p2a: Primarina|96/100|[from] item: Leftovers
|upkeep
|turn|13
|
|t:|1776058499
|move|p1a: Florges|Moonblast|p2a: Primarina
|-damage|p2a: Primarina|76/100
|move|p2a: Primarina|Calm Mind|p2a: Primarina
|-boost|p2a: Primarina|spa|1
|-boost|p2a: Primarina|spd|0
|
|-heal|p2a: Primarina|82/100|[from] item: Leftovers
|upkeep
|turn|14
|
|t:|1776058509
|move|p1a: Florges|Calm Mind|p1a: Florges
|-boost|p1a: Florges|spa|1
|-boost|p1a: Florges|spd|0
|move|p2a: Primarina|Moonblast|p1a: Florges
|-damage|p1a: Florges|40/100
|-unboost|p1a: Florges|spa|1
|
|-heal|p2a: Primarina|88/100|[from] item: Leftovers
|upkeep
|turn|15
|
|t:|1776058521
|move|p1a: Florges|Wish|p1a: Florges
|move|p2a: Primarina|Moonblast|p1a: Florges
|-damage|p1a: Florges|7/100
|
|-heal|p2a: Primarina|94/100|[from] item: Leftovers
|upkeep
|turn|16
|
|t:|1776058528
|move|p1a: Florges|Moonblast|p2a: Primarina
|-damage|p2a: Primarina|74/100
|move|p2a: Primarina|Moonblast|p1a: Florges
|-damage|p1a: Florges|0 fnt
|faint|p1a: Florges
|
|-heal|p2a: Primarina|80/100|[from] item: Leftovers
|upkeep
|-message|alfaluis117 forfeited.
|
|win|Cid_Kage16
|raw|alfaluis117's rating: 1241 &rarr; <strong>1217</strong><br />(-24 for losing)
|raw|Cid_Kage16's rating: 1251 &rarr; <strong>1275</strong><br />(+24 for winning)
|l|☆alfaluis117
|player|p1|
|l|☆Cid_Kage16
|player|p2|
