|html|<div class="broadcast-blue"><strong>[Gen 9] OU is currently suspecting Tera Blast! For information on how to participate check out the <a href="https://www.smogon.com/tools/suspects/view/200">suspect thread</a>.</strong></div>
|j|☆Princessjosie1001!
|j|☆StrengthOfHeart
|t:|1776033408
|gametype|singles
|player|p1|Princessjosie1001!|nurse|1465
|player|p2|StrengthOfHeart|byron|1510
|gen|9
|tier|[Gen 9] OU
|rated|
|rule|HP Percentage Mod: HP is shown in percentages
|rule|Endless Battle Clause: Forcing endless battles is banned
|rule|Species Clause: Limit one of each Pokémon
|rule|OHKO Clause: OHKO moves are banned
|rule|Evasion Items Clause: Evasion items are banned
|rule|Evasion Moves Clause: Evasion moves are banned
|rule|Evasion Abilities Clause: Evasion abilities are banned
|rule|Sleep Moves Clause: Sleep-inducing moves are banned
|clearpoke
|poke|p1|Grimmsnarl, M|
|poke|p1|Cloyster, F|
|poke|p1|Salazzle, F|
|poke|p1|Espeon, F|
|poke|p1|Jirachi|
|poke|p1|Dragonite, F|
|poke|p2|Cinderace, F|
|poke|p2|Garganacl, M|
|poke|p2|Great Tusk|
|poke|p2|Okidogi, M|
|poke|p2|Primarina, F|
|poke|p2|Tornadus-Therian, M|
|teampreview
|
|t:|1776033432
|teamsize|p1|6
|teamsize|p2|6
|start
|switch|p1a: Jirachi|Jirachi|100/100
|switch|p2a: Garganacl|Garganacl, M|100/100
|turn|1
|
|t:|1776033441
|move|p1a: Jirachi|U-turn|p2a: Garganacl
|-damage|p2a: Garganacl|85/100
|
|t:|1776033444
|switch|p1a: No hazard allowed|Espeon, F|100/100|[from] U-turn
|move|p2a: Garganacl|Salt Cure|p1a: No hazard allowed
|-damage|p1a: No hazard allowed|76/100
|-start|p1a: No hazard allowed|Salt Cure
|
|-heal|p2a: Garganacl|91/100|[from] item: Leftovers
|-damage|p1a: No hazard allowed|64/100|[from] Salt Cure
|upkeep
|turn|2
|
|t:|1776033462
|move|p1a: No hazard allowed|Trick|p2a: Garganacl
|-activate|p1a: No hazard allowed|move: Trick|[of] p2a: Garganacl
|-item|p2a: Garganacl|Choice Scarf|[from] move: Trick
|-item|p1a: No hazard allowed|Leftovers|[from] move: Trick
|move|p2a: Garganacl|Curse|p2a: Garganacl
|-unboost|p2a: Garganacl|spe|1
|-boost|p2a: Garganacl|atk|1
|-boost|p2a: Garganacl|def|1
|
|-heal|p1a: No hazard allowed|70/100|[from] item: Leftovers
|-damage|p1a: No hazard allowed|58/100|[from] Salt Cure
|upkeep
|turn|3
|
|t:|1776033476
|switch|p2a: Tornadus|Tornadus-Therian, M|100/100
|move|p1a: No hazard allowed|Thunder Wave|p2a: Tornadus
|-status|p2a: Tornadus|par
|
|-heal|p1a: No hazard allowed|64/100|[from] item: Leftovers
|-damage|p1a: No hazard allowed|51/100|[from] Salt Cure
|upkeep
|turn|4
|
|t:|1776033486
|move|p1a: No hazard allowed|Psychic|p2a: Tornadus
|-damage|p2a: Tornadus|32/100 par
|cant|p2a: Tornadus|par
|
|-heal|p1a: No hazard allowed|57/100|[from] item: Leftovers
|-damage|p1a: No hazard allowed|45/100|[from] Salt Cure
|upkeep
|turn|5
|
|t:|1776033493
|switch|p2a: Garganacl|Garganacl, M|91/100
|move|p1a: No hazard allowed|Psychic|p2a: Garganacl
|-damage|p2a: Garganacl|58/100
|-unboost|p2a: Garganacl|spd|1
|
|-heal|p1a: No hazard allowed|51/100|[from] item: Leftovers
|-damage|p1a: No hazard allowed|39/100|[from] Salt Cure
|upkeep
|turn|6
|
|t:|1776033504
|move|p1a: No hazard allowed|Psychic|p2a: Garganacl
|-damage|p2a: Garganacl|3/100
|move|p2a: Garganacl|Salt Cure|p1a: No hazard allowed
|-crit|p1a: No hazard allowed
|-damage|p1a: No hazard allowed|2/100
|
|-heal|p1a: No hazard allowed|8/100|[from] item: Leftovers
|-damage|p1a: No hazard allowed|0 fnt|[from] Salt Cure
|faint|p1a: No hazard allowed
|upkeep
|
|t:|1776033516
|switch|p1a: Jirachi|Jirachi|100/100
|turn|7
|
|t:|1776033521
|move|p1a: Jirachi|Iron Head|p2a: Garganacl
|-supereffective|p2a: Garganacl
|-damage|p2a: Garganacl|0 fnt
|faint|p2a: Garganacl
|
|upkeep
|
|t:|1776033529
|switch|p2a: Great Tusk|Great Tusk|100/100
|turn|8
|
|t:|1776033532
|move|p1a: Jirachi|Iron Head|p2a: Great Tusk
|-damage|p2a: Great Tusk|75/100
|-damage|p1a: Jirachi|84/100|[from] item: Rocky Helmet|[of] p2a: Great Tusk
|cant|p2a: Great Tusk|flinch
|
|upkeep
|turn|9
|
|t:|1776033540
|move|p1a: Jirachi|Iron Head|p2a: Great Tusk
|-damage|p2a: Great Tusk|53/100
|-damage|p1a: Jirachi|68/100|[from] item: Rocky Helmet|[of] p2a: Great Tusk
|move|p2a: Great Tusk|Stealth Rock|p1a: Jirachi
|-sidestart|p1: Princessjosie1001!|move: Stealth Rock
|
|upkeep
|turn|10
|
|t:|1776033559
|-end|p2a: Great Tusk|Protosynthesis|[silent]
|switch|p2a: Tornadus|Tornadus-Therian, M|65/100 par
|move|p1a: Jirachi|Iron Head|p2a: Tornadus
|-damage|p2a: Tornadus|15/100 par
|
|upkeep
|turn|11
|
|t:|1776033565
|move|p1a: Jirachi|Iron Head|p2a: Tornadus
|-damage|p2a: Tornadus|0 fnt
|faint|p2a: Tornadus
|
|upkeep
|
|t:|1776033570
|switch|p2a: Cinderace|Cinderace, F|100/100
|turn|12
|
|t:|1776033575
|move|p2a: Cinderace|Sucker Punch|p1a: Jirachi
|-start|p2a: Cinderace|typechange|Dark|[from] ability: Libero
|-supereffective|p1a: Jirachi
|-damage|p1a: Jirachi|0 fnt
|faint|p1a: Jirachi
|
|upkeep
|
|t:|1776033586
|switch|p1a: Cloyster|Cloyster, F|100/100
|-damage|p1a: Cloyster|76/100|[from] Stealth Rock
|turn|13
|
|t:|1776033596
|move|p2a: Cinderace|Pyro Ball|p1a: Cloyster
|-damage|p1a: Cloyster|43/100
|move|p1a: Cloyster|Shell Smash|p1a: Cloyster
|-unboost|p1a: Cloyster|def|1
|-unboost|p1a: Cloyster|spd|1
|-boost|p1a: Cloyster|atk|2
|-boost|p1a: Cloyster|spa|2
|-boost|p1a: Cloyster|spe|2
|
|upkeep
|turn|14
|
|t:|1776033605
|move|p2a: Cinderace|Sucker Punch||[still]
|-fail|p2a: Cinderace
|move|p1a: Cloyster|Shell Smash|p1a: Cloyster
|-unboost|p1a: Cloyster|def|1
|-unboost|p1a: Cloyster|spd|1
|-boost|p1a: Cloyster|atk|2
|-boost|p1a: Cloyster|spa|2
|-boost|p1a: Cloyster|spe|2
|
|upkeep
|turn|15
|
|t:|1776033612
|move|p2a: Cinderace|Sucker Punch||[still]
|-fail|p2a: Cinderace
|move|p1a: Cloyster|Shell Smash|p1a: Cloyster
|-unboost|p1a: Cloyster|def|1
|-unboost|p1a: Cloyster|spd|1
|-boost|p1a: Cloyster|atk|2
|-boost|p1a: Cloyster|spa|2
|-boost|p1a: Cloyster|spe|2
|
|upkeep
|turn|16
|
|t:|1776033620
|-terastallize|p1a: Cloyster|Ice
|move|p1a: Cloyster|Ice Shard|p2a: Cinderace
|-damage|p2a: Cinderace|0 fnt
|faint|p2a: Cinderace
|
|upkeep
|
|t:|1776033643
|switch|p2a: Primarina|Primarina, F|100/100
|turn|17
|
|t:|1776033646
|-terastallize|p2a: Primarina|Steel
|move|p1a: Cloyster|Icicle Spear|p2a: Primarina
|-resisted|p2a: Primarina
|-damage|p2a: Primarina|73/100
|-resisted|p2a: Primarina
|-damage|p2a: Primarina|49/100
|-resisted|p2a: Primarina
|-damage|p2a: Primarina|25/100
|-resisted|p2a: Primarina
|-damage|p2a: Primarina|0 fnt
|faint|p2a: Primarina
|-hitcount|p2: Primarina|4
|
|upkeep
|
|t:|1776033657
|switch|p2a: Okidogi|Okidogi, M|100/100
|turn|18
|
|t:|1776033661
|move|p1a: Cloyster|Icicle Spear|p2a: Okidogi
|-damage|p2a: Okidogi|49/100
|-damage|p2a: Okidogi|0 fnt
|faint|p2a: Okidogi
|-hitcount|p2: Okidogi|2
|
|upkeep
|-message|StrengthOfHeart forfeited.
|
|win|Princessjosie1001!
|raw|Princessjosie1001!'s rating: 1465 &rarr; <strong>1488</strong><br />(+23 for winning)
|raw|StrengthOfHeart's rating: 1510 &rarr; <strong>1487</strong><br />(-23 for losing)
|l|☆StrengthOfHeart
|player|p2|
|l|☆Princessjosie1001!
|player|p1|
