|html|<div class="broadcast-blue"><strong>[Gen 9] OU is currently suspecting Tera Blast! For information on how to participate check out the <a href="https://www.smogon.com/tools/suspects/view/200">suspect thread</a>.</strong></div>
|j|☆Marvin gaye y
|j|☆YeruNERU
|t:|1776041931
|gametype|singles
|player|p1|Marvin gaye y|265|1247
|player|p2|YeruNERU|2|1161
|gen|9
|tier|[Gen 9] OU
|rated|
|rule|HP Percentage Mod: HP is shown in percentages
|rule|Endless Battle Clause: Forcing endless battles is banned
|rule|Species Clause: Limit one of each Pokémon
|rule|OHKO Clause: OHKO moves are banned
|rule|Evasion Items Clause: Evasion items are banned
|rule|Evasion Moves Clause: Evasion moves are banned
|rule|Evasion Abilities Clause: Evasion abilities are banned
|rule|Sleep Moves Clause: Sleep-inducing moves are banned
|clearpoke
|poke|p1|Glimmora, M|
|poke|p1|Hippowdon, F|
|poke|p1|Iron Boulder|
|poke|p1|Garganacl, M|
|poke|p1|Dragapult, M|
|poke|p1|Incineroar, M|
|poke|p2|Ceruledge, M|
|poke|p2|Rotom-Wash|
|poke|p2|Dragapult, F|
|poke|p2|Landorus-Therian, M|
|poke|p2|Kingambit, F|
|poke|p2|Great Tusk|
|teampreview
|
|t:|1776041940
|teamsize|p1|6
|teamsize|p2|6
|start
|switch|p1a: Hippowdon|Hippowdon, F|100/100
|switch|p2a: Rotom|Rotom-Wash, shiny|100/100
|-weather|Sandstorm|[from] ability: Sand Stream|[of] p1a: Hippowdon
|turn|1
|
|t:|1776041949
|move|p2a: Rotom|Hydro Pump|p1a: Hippowdon
|-supereffective|p1a: Hippowdon
|-damage|p1a: Hippowdon|34/100
|move|p1a: Hippowdon|Roar|p2a: Rotom
|drag|p2a: Ceruledge|Ceruledge, M|100/100
|
|-weather|Sandstorm|[upkeep]
|-damage|p2a: Ceruledge|94/100|[from] Sandstorm
|upkeep
|turn|2
|
|t:|1776041964
|-terastallize|p2a: Ceruledge|Grass
|move|p2a: Ceruledge|Close Combat|p1a: Hippowdon
|-damage|p1a: Hippowdon|1/100
|-unboost|p2a: Ceruledge|def|1
|-unboost|p2a: Ceruledge|spd|1
|move|p1a: Hippowdon|Earthquake|p2a: Ceruledge
|-resisted|p2a: Ceruledge
|-damage|p2a: Ceruledge|42/100
|
|-weather|Sandstorm|[upkeep]
|-damage|p2a: Ceruledge|36/100|[from] Sandstorm
|upkeep
|turn|3
|
|t:|1776041979
|switch|p1a: Dragapult|Dragapult, M|100/100
|move|p2a: Ceruledge|Shadow Sneak|p1a: Dragapult
|-supereffective|p1a: Dragapult
|-damage|p1a: Dragapult|57/100
|
|-weather|Sandstorm|[upkeep]
|-damage|p1a: Dragapult|51/100|[from] Sandstorm
|-damage|p2a: Ceruledge|29/100|[from] Sandstorm
|upkeep
|turn|4
|
|t:|1776041994
|switch|p1a: Garganacl|Garganacl, M|100/100
|move|p2a: Ceruledge|Shadow Sneak|p1a: Garganacl
|-damage|p1a: Garganacl|94/100
|
|-weather|Sandstorm|[upkeep]
|-damage|p2a: Ceruledge|23/100|[from] Sandstorm
|-heal|p1a: Garganacl|99/100|[from] item: Leftovers
|upkeep
|turn|5
|
|t:|1776042004
|switch|p2a: Great Tusk|Great Tusk|100/100
|move|p1a: Garganacl|Iron Defense|p1a: Garganacl
|-boost|p1a: Garganacl|def|2
|
|-weather|none
|-heal|p1a: Garganacl|100/100|[from] item: Leftovers
|upkeep
|turn|6
|
|t:|1776042012
|move|p2a: Great Tusk|Close Combat|p1a: Garganacl
|-supereffective|p1a: Garganacl
|-damage|p1a: Garganacl|64/100
|-unboost|p2a: Great Tusk|def|1
|-unboost|p2a: Great Tusk|spd|1
|move|p1a: Garganacl|Iron Defense|p1a: Garganacl
|-boost|p1a: Garganacl|def|2
|
|-heal|p1a: Garganacl|70/100|[from] item: Leftovers
|upkeep
|turn|7
|
|t:|1776042023
|move|p2a: Great Tusk|Close Combat|p1a: Garganacl
|-supereffective|p1a: Garganacl
|-damage|p1a: Garganacl|49/100
|-unboost|p2a: Great Tusk|def|1
|-unboost|p2a: Great Tusk|spd|1
|move|p1a: Garganacl|Iron Defense|p1a: Garganacl
|-boost|p1a: Garganacl|def|2
|
|-heal|p1a: Garganacl|55/100|[from] item: Leftovers
|upkeep
|turn|8
|
|t:|1776042035
|move|p2a: Great Tusk|Close Combat|p1a: Garganacl
|-supereffective|p1a: Garganacl
|-damage|p1a: Garganacl|37/100
|-unboost|p2a: Great Tusk|def|1
|-unboost|p2a: Great Tusk|spd|1
|move|p1a: Garganacl|Recover|p1a: Garganacl
|-heal|p1a: Garganacl|87/100
|
|-heal|p1a: Garganacl|93/100|[from] item: Leftovers
|upkeep
|turn|9
|
|t:|1776042046
|move|p2a: Great Tusk|Close Combat|p1a: Garganacl
|-supereffective|p1a: Garganacl
|-damage|p1a: Garganacl|77/100
|-unboost|p2a: Great Tusk|def|1
|-unboost|p2a: Great Tusk|spd|1
|move|p1a: Garganacl|Body Press|p2a: Great Tusk
|-damage|p2a: Great Tusk|0 fnt
|faint|p2a: Great Tusk
|-end|p2a: Great Tusk|Protosynthesis|[silent]
|
|-heal|p1a: Garganacl|83/100|[from] item: Leftovers
|upkeep
|
|t:|1776042070
|switch|p2a: Rotom|Rotom-Wash, shiny|100/100
|turn|10
|
|t:|1776042074
|move|p2a: Rotom|Hydro Pump|p1a: Garganacl|[miss]
|-miss|p2a: Rotom|p1a: Garganacl
|move|p1a: Garganacl|Body Press|p2a: Rotom
|-damage|p2a: Rotom|11/100
|
|-heal|p2a: Rotom|17/100|[from] item: Leftovers
|-heal|p1a: Garganacl|89/100|[from] item: Leftovers
|upkeep
|turn|11
|
|t:|1776042086
|move|p2a: Rotom|Hydro Pump|p1a: Garganacl
|-supereffective|p1a: Garganacl
|-damage|p1a: Garganacl|31/100
|move|p1a: Garganacl|Body Press|p2a: Rotom
|-damage|p2a: Rotom|0 fnt
|faint|p2a: Rotom
|
|-heal|p1a: Garganacl|38/100|[from] item: Leftovers
|upkeep
|
|t:|1776042094
|switch|p2a: Landorus|Landorus-Therian, M, shiny|100/100
|-ability|p2a: Landorus|Intimidate|boost
|-unboost|p1a: Garganacl|atk|1
|turn|12
|
|t:|1776042101
|move|p2a: Landorus|Earthquake|p1a: Garganacl
|-supereffective|p1a: Garganacl
|-damage|p1a: Garganacl|21/100
|move|p1a: Garganacl|Recover|p1a: Garganacl
|-heal|p1a: Garganacl|71/100
|
|-heal|p1a: Garganacl|77/100|[from] item: Leftovers
|upkeep
|turn|13
|
|t:|1776042110
|move|p2a: Landorus|Earthquake|p1a: Garganacl
|-supereffective|p1a: Garganacl
|-damage|p1a: Garganacl|61/100
|move|p1a: Garganacl|Salt Cure|p2a: Landorus
|-damage|p2a: Landorus|93/100
|-start|p2a: Landorus|Salt Cure
|
|-heal|p1a: Garganacl|67/100|[from] item: Leftovers
|-damage|p2a: Landorus|81/100|[from] Salt Cure
|upkeep
|turn|14
|
|t:|1776042121
|move|p2a: Landorus|Earthquake|p1a: Garganacl
|-supereffective|p1a: Garganacl
|-damage|p1a: Garganacl|49/100
|move|p1a: Garganacl|Recover|p1a: Garganacl
|-heal|p1a: Garganacl|99/100
|
|-heal|p1a: Garganacl|100/100|[from] item: Leftovers
|-damage|p2a: Landorus|69/100|[from] Salt Cure
|upkeep
|turn|15
|
|t:|1776042132
|move|p2a: Landorus|Earthquake|p1a: Garganacl
|-supereffective|p1a: Garganacl
|-damage|p1a: Garganacl|85/100
|move|p1a: Garganacl|Body Press|p2a: Landorus
|-resisted|p2a: Landorus
|-damage|p2a: Landorus|30/100
|-damage|p1a: Garganacl|68/100|[from] item: Rocky Helmet|[of] p2a: Landorus
|
|-heal|p1a: Garganacl|74/100|[from] item: Leftovers
|-damage|p2a: Landorus|18/100|[from] Salt Cure
|upkeep
|turn|16
|
|t:|1776042162
|move|p2a: Landorus|U-turn|p1a: Garganacl
|-damage|p1a: Garganacl|70/100
|
|t:|1776042167
|switch|p2a: Dragapult|Dragapult, F, shiny|100/100|[from] U-turn
|move|p1a: Garganacl|Salt Cure|p2a: Dragapult
|-damage|p2a: Dragapult|87/100
|-start|p2a: Dragapult|Salt Cure
|
|-heal|p1a: Garganacl|76/100|[from] item: Leftovers
|-damage|p2a: Dragapult|75/100|[from] Salt Cure
|upkeep
|turn|17
|
|t:|1776042178
|move|p2a: Dragapult|Shadow Ball|p1a: Garganacl
|-damage|p1a: Garganacl|58/100
|move|p1a: Garganacl|Recover|p1a: Garganacl
|-heal|p1a: Garganacl|100/100
|
|-damage|p2a: Dragapult|63/100|[from] Salt Cure
|upkeep
|turn|18
|
|t:|1776042187
|move|p2a: Dragapult|Shadow Ball|p1a: Garganacl
|-damage|p1a: Garganacl|80/100
|move|p1a: Garganacl|Salt Cure|p2a: Dragapult
|-damage|p2a: Dragapult|50/100
|
|-heal|p1a: Garganacl|86/100|[from] item: Leftovers
|-damage|p2a: Dragapult|38/100|[from] Salt Cure
|upkeep
|turn|19
|
|t:|1776042200
|move|p2a: Dragapult|Shadow Ball|p1a: Garganacl
|-damage|p1a: Garganacl|65/100
|move|p1a: Garganacl|Salt Cure|p2a: Dragapult
|-damage|p2a: Dragapult|24/100
|
|-heal|p1a: Garganacl|71/100|[from] item: Leftovers
|-damage|p2a: Dragapult|12/100|[from] Salt Cure
|upkeep
|turn|20
|-message|YeruNERU forfeited.
|
|win|Marvin gaye y
|raw|Marvin gaye y's rating: 1247 &rarr; <strong>1266</strong><br />(+19 for winning)
|raw|YeruNERU's rating: 1161 &rarr; <strong>1142</strong><br />(-19 for losing)
|l|☆YeruNERU
|player|p2|
