|html|<div class="broadcast-blue"><strong>[Gen 9] OU is currently suspecting Tera Blast! For information on how to participate check out the <a href="https://www.smogon.com/tools/suspects/view/200">suspect thread</a>.</strong></div>
|j|☆Swisky
|j|☆pepinoloko
|t:|1776202056
|gametype|singles
|player|p1|Swisky|erika|1648
|player|p2|pepinoloko|byron|1613
|gen|9
|tier|[Gen 9] OU
|rated|
|rule|HP Percentage Mod: HP is shown in percentages
|rule|Endless Battle Clause: Forcing endless battles is banned
|rule|Species Clause: Limit one of each Pokémon
|rule|OHKO Clause: OHKO moves are banned
|rule|Evasion Items Clause: Evasion items are banned
|rule|Evasion Moves Clause: Evasion moves are banned
|rule|Evasion Abilities Clause: Evasion abilities are banned
|rule|Sleep Moves Clause: Sleep-inducing moves are banned
|clearpoke
|poke|p1|Dragonite, F|
|poke|p1|Latios, M|
|poke|p1|Pecharunt|
|poke|p1|Ogerpon-Wellspring, F|
|poke|p1|Ting-Lu|
|poke|p1|Corviknight, M|
|poke|p2|Salazzle, F|
|poke|p2|Zoroark-Hisui, M|
|poke|p2|Iron Treads|
|poke|p2|Lokix, F|
|poke|p2|Primarina, M|
|poke|p2|Hydrapple, M|
|teampreview
|inactive|Battle timer is ON: inactive players will automatically lose when time's up. (requested by pepinoloko)
|inactive|Swisky has 120 seconds left.
|
|t:|1776202136
|teamsize|p1|6
|teamsize|p2|6
|start
|switch|p1a: Latios|Latios, M|100/100
|switch|p2a: Grace still is|Primarina, M|100/100
|turn|1
|
|t:|1776202144
|move|p1a: Latios|Flip Turn|p2a: Grace still is
|-damage|p2a: Grace still is|76/100
|replace|p2a: The end is nigh|Zoroark-Hisui, M
|-end|p2a: The end is nigh|Illusion
|
|t:|1776202155
|switch|p1a: Ting-Lu|Ting-Lu|100/100|[from] Flip Turn
|-ability|p1a: Ting-Lu|Vessel of Ruin
|move|p2a: The end is nigh|Shadow Ball|p1a: Ting-Lu
|-resisted|p1a: Ting-Lu
|-crit|p1a: Ting-Lu
|-damage|p1a: Ting-Lu|82/100
|
|-heal|p1a: Ting-Lu|89/100|[from] item: Leftovers
|upkeep
|turn|2
|
|t:|1776202182
|switch|p2a: Repent|Lokix, F|100/100
|switch|p1a: Corviknight|Corviknight, M|100/100
|-ability|p1a: Corviknight|Pressure
|
|upkeep
|turn|3
|c|☆Swisky|Cool nicks :3
|
|t:|1776202203
|switch|p2a: He loves you|Hydrapple, M|100/100
|move|p1a: Corviknight|U-turn|p2a: He loves you
|-supereffective|p2a: He loves you
|-damage|p2a: He loves you|83/100
|-damage|p1a: Corviknight|84/100|[from] item: Rocky Helmet|[of] p2a: He loves you
|c|☆pepinoloko|thanks bruv
|
|t:|1776202218
|switch|p1a: Latios|Latios, M|100/100|[from] U-turn
|
|upkeep
|turn|4
|
|t:|1776202223
|switch|p2a: Grace still is|Primarina, M|100/100
|move|p1a: Latios|Flip Turn|p2a: Grace still is
|-resisted|p2a: Grace still is
|-damage|p2a: Grace still is|92/100
|
|t:|1776202228
|switch|p1a: Ogerpon|Ogerpon-Wellspring, F|100/100|[from] Flip Turn
|
|upkeep
|turn|5
|inactive|Swisky has 120 seconds left.
|
|t:|1776202262
|switch|p2a: He loves you|Hydrapple, M|100/100
|move|p1a: Ogerpon|Knock Off|p2a: He loves you
|-damage|p2a: He loves you|78/100
|-damage|p1a: Ogerpon|84/100|[from] item: Rocky Helmet|[of] p2a: He loves you
|-enditem|p2a: He loves you|Rocky Helmet|[from] move: Knock Off|[of] p1a: Ogerpon
|
|upkeep
|turn|6
|
|t:|1776202271
|switch|p1a: Corviknight|Corviknight, M|84/100
|-ability|p1a: Corviknight|Pressure
|move|p2a: He loves you|Fickle Beam|p1a: Corviknight
|-resisted|p1a: Corviknight
|-damage|p1a: Corviknight|72/100
|
|-heal|p1a: Corviknight|78/100|[from] item: Leftovers
|upkeep
|turn|7
|
|t:|1776202276
|move|p2a: He loves you|Nasty Plot|p2a: He loves you
|-boost|p2a: He loves you|spa|2
|move|p1a: Corviknight|U-turn|p2a: He loves you
|-supereffective|p2a: He loves you
|-damage|p2a: He loves you|63/100
|inactive|Swisky has 120 seconds left.
|
|t:|1776202319
|switch|p1a: Latios|Latios, M|100/100|[from] U-turn
|
|upkeep
|turn|8
|
|t:|1776202327
|-terastallize|p2a: He loves you|Fairy
|move|p1a: Latios|Flip Turn|p2a: He loves you
|-damage|p2a: He loves you|56/100
|
|t:|1776202334
|switch|p1a: Corviknight|Corviknight, M|78/100|[from] Flip Turn
|-ability|p1a: Corviknight|Pressure
|move|p2a: He loves you|Fickle Beam|p1a: Corviknight
|-resisted|p1a: Corviknight
|-damage|p1a: Corviknight|56/100
|
|-heal|p1a: Corviknight|62/100|[from] item: Leftovers
|upkeep
|turn|9
|
|t:|1776202343
|switch|p2a: Forgive|Salazzle, F|100/100
|move|p1a: Corviknight|Roost|p1a: Corviknight
|-heal|p1a: Corviknight|100/100
|-singleturn|p1a: Corviknight|move: Roost
|
|upkeep
|turn|10
|
|t:|1776202345
|switch|p1a: Ting-Lu|Ting-Lu|89/100
|-ability|p1a: Ting-Lu|Vessel of Ruin
|move|p2a: Forgive|Toxic|p1a: Ting-Lu
|-status|p1a: Ting-Lu|tox
|
|-heal|p1a: Ting-Lu|95/100 tox|[from] item: Leftovers
|-damage|p1a: Ting-Lu|89/100 tox|[from] psn
|upkeep
|turn|11
|inactive|Swisky has 120 seconds left.
|
|t:|1776202353
|move|p2a: Forgive|Substitute|p2a: Forgive
|-start|p2a: Forgive|Substitute
|-damage|p2a: Forgive|76/100
|move|p1a: Ting-Lu|Stealth Rock|p2a: Forgive
|-sidestart|p2: pepinoloko|move: Stealth Rock
|
|-heal|p2a: Forgive|82/100|[from] item: Leftovers
|-heal|p1a: Ting-Lu|95/100 tox|[from] item: Leftovers
|-damage|p1a: Ting-Lu|82/100 tox|[from] psn
|upkeep
|turn|12
|
|t:|1776202357
|move|p2a: Forgive|Encore|p1a: Ting-Lu
|-start|p1a: Ting-Lu|Encore
|move|p1a: Ting-Lu|Stealth Rock||[still]
|-fail|p1a: Ting-Lu
|
|-heal|p2a: Forgive|88/100|[from] item: Leftovers
|-heal|p1a: Ting-Lu|89/100 tox|[from] item: Leftovers
|-damage|p1a: Ting-Lu|70/100 tox|[from] psn
|upkeep
|turn|13
|
|t:|1776202374
|switch|p1a: Pecharunt|Pecharunt|100/100
|move|p2a: Forgive|Toxic|p1a: Pecharunt
|-status|p1a: Pecharunt|tox
|
|-heal|p2a: Forgive|94/100|[from] item: Leftovers
|-damage|p1a: Pecharunt|94/100 tox|[from] psn
|upkeep
|turn|14
|
|t:|1776202383
|move|p2a: Forgive|Flamethrower|p1a: Pecharunt
|-damage|p1a: Pecharunt|60/100 tox
|move|p1a: Pecharunt|Parting Shot|p2a: Forgive
|-unboost|p2a: Forgive|atk|1
|-unboost|p2a: Forgive|spa|1
|
|t:|1776202386
|switch|p1a: Ting-Lu|Ting-Lu|70/100 tox|[from] Parting Shot
|-ability|p1a: Ting-Lu|Vessel of Ruin
|
|-heal|p2a: Forgive|100/100|[from] item: Leftovers
|-heal|p1a: Ting-Lu|76/100 tox|[from] item: Leftovers
|-damage|p1a: Ting-Lu|70/100 tox|[from] psn
|upkeep
|turn|15
|
|t:|1776202389
|move|p2a: Forgive|Flamethrower|p1a: Ting-Lu
|-damage|p1a: Ting-Lu|61/100 tox
|move|p1a: Ting-Lu|Whirlwind|p2a: Forgive
|drag|p2a: He loves you|Hydrapple, M, tera:Fairy|89/100
|-damage|p2a: He loves you|77/100|[from] Stealth Rock
|
|-heal|p1a: Ting-Lu|67/100 tox|[from] item: Leftovers
|-damage|p1a: Ting-Lu|55/100 tox|[from] psn
|upkeep
|turn|16
|
|t:|1776202395
|switch|p2a: Jesus is the way|Iron Treads|100/100
|-damage|p2a: Jesus is the way|97/100|[from] Stealth Rock
|move|p1a: Ting-Lu|Ruination|p2a: Jesus is the way|[miss]
|-miss|p1a: Ting-Lu|p2a: Jesus is the way
|
|-heal|p2a: Jesus is the way|100/100|[from] item: Leftovers
|-heal|p1a: Ting-Lu|61/100 tox|[from] item: Leftovers
|-damage|p1a: Ting-Lu|42/100 tox|[from] psn
|upkeep
|turn|17
|
|t:|1776202402
|move|p2a: Jesus is the way|Stealth Rock|p1a: Ting-Lu
|-sidestart|p1: Swisky|move: Stealth Rock
|move|p1a: Ting-Lu|Earthquake|p2a: Jesus is the way
|-supereffective|p2a: Jesus is the way
|-damage|p2a: Jesus is the way|37/100
|
|-heal|p2a: Jesus is the way|43/100|[from] item: Leftovers
|-heal|p1a: Ting-Lu|49/100 tox|[from] item: Leftovers
|-damage|p1a: Ting-Lu|24/100 tox|[from] psn
|upkeep
|turn|18
|
|t:|1776202413
|move|p2a: Jesus is the way|Rapid Spin|p1a: Ting-Lu
|-damage|p1a: Ting-Lu|15/100 tox
|-boost|p2a: Jesus is the way|spe|1
|-sideend|p2: pepinoloko|Stealth Rock|[from] move: Rapid Spin|[of] p2a: Jesus is the way
|move|p1a: Ting-Lu|Stealth Rock|p2a: Jesus is the way
|-sidestart|p2: pepinoloko|move: Stealth Rock
|
|-heal|p2a: Jesus is the way|49/100|[from] item: Leftovers
|-heal|p1a: Ting-Lu|22/100 tox|[from] item: Leftovers
|-damage|p1a: Ting-Lu|0 fnt|[from] psn
|faint|p1a: Ting-Lu
|upkeep
|inactive|Swisky has 120 seconds left.
|
|t:|1776202466
|switch|p1a: Ogerpon|Ogerpon-Wellspring, F|84/100
|-damage|p1a: Ogerpon|72/100|[from] Stealth Rock
|turn|19
|
|t:|1776202478
|move|p2a: Jesus is the way|Rapid Spin|p1a: Ogerpon
|-damage|p1a: Ogerpon|53/100
|-boost|p2a: Jesus is the way|spe|1
|-sideend|p2: pepinoloko|Stealth Rock|[from] move: Rapid Spin|[of] p2a: Jesus is the way
|move|p1a: Ogerpon|Ivy Cudgel|p2a: Jesus is the way|[anim] Ivy Cudgel Water
|-supereffective|p2a: Jesus is the way
|-damage|p2a: Jesus is the way|0 fnt
|faint|p2a: Jesus is the way
|-end|p2a: Jesus is the way|Quark Drive|[silent]
|
|upkeep
|
|t:|1776202483
|switch|p2a: Repent|Lokix, F|100/100
|turn|20
|
|t:|1776202493
|switch|p1a: Pecharunt|Pecharunt|60/100 tox
|move|p2a: Repent|First Impression|p1a: Pecharunt
|-resisted|p1a: Pecharunt
|-damage|p1a: Pecharunt|48/100 tox
|-damage|p2a: Repent|91/100|[from] item: Life Orb
|
|-damage|p1a: Pecharunt|42/100 tox|[from] psn
|upkeep
|turn|21
|
|t:|1776202506
|switch|p2a: Forgive|Salazzle, F|100/100
|move|p1a: Pecharunt|Parting Shot|p2a: Forgive
|-unboost|p2a: Forgive|atk|1
|-unboost|p2a: Forgive|spa|1
|inactive|Swisky has 90 seconds left.
|
|t:|1776202546
|switch|p1a: Latios|Latios, M|100/100|[from] Parting Shot
|-damage|p1a: Latios|88/100|[from] Stealth Rock
|
|upkeep
|turn|22
|
|t:|1776202553
|switch|p2a: Grace still is|Primarina, M|92/100
|move|p1a: Latios|Draco Meteor|p2a: Grace still is
|-immune|p2a: Grace still is
|
|upkeep
|turn|23
|
|t:|1776202563
|switch|p1a: Pecharunt|Pecharunt|42/100 tox
|move|p2a: Grace still is|Energy Ball|p1a: Pecharunt
|-resisted|p1a: Pecharunt
|-damage|p1a: Pecharunt|26/100 tox
|
|-damage|p1a: Pecharunt|20/100 tox|[from] psn
|upkeep
|turn|24
|
|t:|1776202571
|move|p1a: Pecharunt|Shadow Ball|p2a: Grace still is
|-damage|p2a: Grace still is|80/100
|move|p2a: Grace still is|Hyper Voice|p1a: Pecharunt
|-damage|p1a: Pecharunt|0 fnt
|faint|p1a: Pecharunt
|
|upkeep
|
|t:|1776202578
|switch|p1a: Ogerpon|Ogerpon-Wellspring, F|53/100
|-damage|p1a: Ogerpon|41/100|[from] Stealth Rock
|turn|25
|inactive|Swisky has 90 seconds left.
|
|t:|1776202609
|switch|p2a: He loves you|Hydrapple, M, tera:Fairy|100/100
|move|p1a: Ogerpon|Horn Leech|p2a: He loves you
|-damage|p2a: He loves you|71/100
|-heal|p1a: Ogerpon|61/100|[from] drain|[of] p2a: He loves you
|
|upkeep
|turn|26
|
|t:|1776202616
|move|p1a: Ogerpon|Swords Dance|p1a: Ogerpon
|-boost|p1a: Ogerpon|atk|2
|move|p2a: He loves you|Fickle Beam|p1a: Ogerpon|[anim] Fickle Beam All Out
|-activate|p2a: He loves you|move: Fickle Beam
|-damage|p1a: Ogerpon|0 fnt
|faint|p1a: Ogerpon
|
|upkeep
|inactive|Swisky has 60 seconds left.
|
|t:|1776202643
|switch|p1a: Dragonite|Dragonite, F|100/100
|turn|27
|
|t:|1776202648
|switch|p2a: Forgive|Salazzle, F|76/100
|-terastallize|p1a: Dragonite|Fairy
|move|p1a: Dragonite|Dragon Dance|p1a: Dragonite
|-boost|p1a: Dragonite|atk|1
|-boost|p1a: Dragonite|spe|1
|
|upkeep
|turn|28
|
|t:|1776202655
|move|p1a: Dragonite|Earthquake|p2a: Forgive
|-damage|p2a: Forgive|0 fnt
|replace|p2a: The end is nigh|Zoroark-Hisui, M
|-end|p2a: The end is nigh|Illusion
|faint|p2a: The end is nigh
|
|upkeep
|
|t:|1776202664
|switch|p2a: He loves you|Hydrapple, M, tera:Fairy|100/100
|turn|29
|
|t:|1776202668
|switch|p1a: Corviknight|Corviknight, M|100/100
|-damage|p1a: Corviknight|88/100|[from] Stealth Rock
|-ability|p1a: Corviknight|Pressure
|move|p2a: He loves you|Nasty Plot|p2a: He loves you
|-boost|p2a: He loves you|spa|2
|
|-heal|p1a: Corviknight|94/100|[from] item: Leftovers
|upkeep
|turn|30
|
|t:|1776202672
|move|p2a: He loves you|Nasty Plot|p2a: He loves you
|-boost|p2a: He loves you|spa|2
|move|p1a: Corviknight|Iron Head|p2a: He loves you
|-supereffective|p2a: He loves you
|-damage|p2a: He loves you|73/100
|
|-heal|p1a: Corviknight|100/100|[from] item: Leftovers
|upkeep
|turn|31
|
|t:|1776202677
|move|p2a: He loves you|Nasty Plot|p2a: He loves you
|-boost|p2a: He loves you|spa|2
|move|p1a: Corviknight|Iron Head|p2a: He loves you
|-supereffective|p2a: He loves you
|-damage|p2a: He loves you|44/100
|
|upkeep
|turn|32
|
|t:|1776202679
|move|p2a: He loves you|Giga Drain|p1a: Corviknight
|-resisted|p1a: Corviknight
|-damage|p1a: Corviknight|80/100
|-heal|p2a: He loves you|53/100|[from] drain|[of] p1a: Corviknight
|move|p1a: Corviknight|Iron Head|p2a: He loves you
|-supereffective|p2a: He loves you
|-damage|p2a: He loves you|27/100
|
|-heal|p1a: Corviknight|87/100|[from] item: Leftovers
|upkeep
|turn|33
|
|t:|1776202684
|switch|p2a: Forgive|Salazzle, F|100/100
|move|p1a: Corviknight|U-turn|p2a: Forgive
|-resisted|p2a: Forgive
|-damage|p2a: Forgive|95/100
|
|t:|1776202699
|switch|p1a: Latios|Latios, M|88/100|[from] U-turn
|-damage|p1a: Latios|76/100|[from] Stealth Rock
|
|-heal|p2a: Forgive|100/100|[from] item: Leftovers
|upkeep
|turn|34
|
|t:|1776202711
|move|p1a: Latios|Flip Turn|p2a: Forgive
|-supereffective|p2a: Forgive
|-damage|p2a: Forgive|66/100
|
|t:|1776202717
|switch|p1a: Corviknight|Corviknight, M|87/100|[from] Flip Turn
|-damage|p1a: Corviknight|74/100|[from] Stealth Rock
|-ability|p1a: Corviknight|Pressure
|move|p2a: Forgive|Toxic|p1a: Corviknight
|-status|p1a: Corviknight|tox
|
|-heal|p2a: Forgive|72/100|[from] item: Leftovers
|-heal|p1a: Corviknight|80/100 tox|[from] item: Leftovers
|-damage|p1a: Corviknight|74/100 tox|[from] psn
|upkeep
|turn|35
|
|t:|1776202721
|move|p2a: Forgive|Flamethrower|p1a: Corviknight
|-supereffective|p1a: Corviknight
|-damage|p1a: Corviknight|23/100 tox
|move|p1a: Corviknight|Brave Bird|p2a: Forgive
|-damage|p2a: Forgive|21/100
|-damage|p1a: Corviknight|9/100 tox|[from] Recoil
|
|-heal|p2a: Forgive|27/100|[from] item: Leftovers
|-heal|p1a: Corviknight|15/100 tox|[from] item: Leftovers
|-damage|p1a: Corviknight|2/100 tox|[from] psn
|upkeep
|turn|36
|
|t:|1776202727
|move|p2a: Forgive|Flamethrower|p1a: Corviknight
|-supereffective|p1a: Corviknight
|-damage|p1a: Corviknight|0 fnt
|faint|p1a: Corviknight
|
|-heal|p2a: Forgive|33/100|[from] item: Leftovers
|upkeep
|
|t:|1776202731
|switch|p1a: Latios|Latios, M|76/100
|-damage|p1a: Latios|64/100|[from] Stealth Rock
|turn|37
|
|t:|1776202748
|move|p1a: Latios|Flip Turn|p2a: Forgive
|-supereffective|p2a: Forgive
|-damage|p2a: Forgive|0 fnt
|faint|p2a: Forgive
|
|t:|1776202750
|switch|p1a: Dragonite|Dragonite, F, tera:Fairy|100/100|[from] Flip Turn
|
|upkeep
|
|t:|1776202756
|switch|p2a: He loves you|Hydrapple, M, tera:Fairy|60/100
|turn|38
|
|t:|1776202771
|move|p1a: Dragonite|Dragon Dance|p1a: Dragonite
|-boost|p1a: Dragonite|atk|1
|-boost|p1a: Dragonite|spe|1
|move|p2a: He loves you|Nasty Plot|p2a: He loves you
|-boost|p2a: He loves you|spa|2
|
|upkeep
|turn|39
|inactive|Swisky has 120 seconds left.
|
|t:|1776202817
|move|p1a: Dragonite|Dragon Dance|p1a: Dragonite
|-boost|p1a: Dragonite|atk|1
|-boost|p1a: Dragonite|spe|1
|move|p2a: He loves you|Giga Drain|p1a: Dragonite
|-damage|p1a: Dragonite|66/100
|-heal|p2a: He loves you|74/100|[from] drain|[of] p1a: Dragonite
|
|upkeep
|turn|40
|
|t:|1776202825
|move|p1a: Dragonite|Earthquake|p2a: He loves you
|-damage|p2a: He loves you|28/100
|move|p2a: He loves you|Fickle Beam|p1a: Dragonite
|-immune|p1a: Dragonite
|
|upkeep
|turn|41
|c|☆pepinoloko|IIiii missclickd
|c|☆pepinoloko|heheh
|c|☆pepinoloko|gg
|c|☆Swisky|gg
|-message|pepinoloko forfeited.
|
|win|Swisky
|raw|Swisky's rating: 1648 &rarr; <strong>1666</strong><br />(+18 for winning)
|raw|pepinoloko's rating: 1613 &rarr; <strong>1595</strong><br />(-18 for losing)
