|html|<div class="broadcast-blue"><strong>[Gen 9] OU is currently suspecting Tera Blast! For information on how to participate check out the <a href="https://www.smogon.com/tools/suspects/view/200">suspect thread</a>.</strong></div>
|j|☆fosfi1806
|j|☆CakNoel
|t:|1776286356
|gametype|singles
|player|p1|fosfi1806|hugh|1216
|player|p2|CakNoel|hoopster|1243
|gen|9
|tier|[Gen 9] OU
|rated|
|rule|HP Percentage Mod: HP is shown in percentages
|rule|Endless Battle Clause: Forcing endless battles is banned
|rule|Species Clause: Limit one of each Pokémon
|rule|OHKO Clause: OHKO moves are banned
|rule|Evasion Items Clause: Evasion items are banned
|rule|Evasion Moves Clause: Evasion moves are banned
|rule|Evasion Abilities Clause: Evasion abilities are banned
|rule|Sleep Moves Clause: Sleep-inducing moves are banned
|clearpoke
|poke|p1|Rotom-Wash|
|poke|p1|Garchomp, M|
|poke|p1|Kingambit, M|
|poke|p1|Gengar, M|
|poke|p1|Gyarados, M|
|poke|p1|Venusaur, M|
|poke|p2|Dondozo, M|
|poke|p2|Dragonite, F|
|poke|p2|Clefable, M|
|poke|p2|Gliscor, M|
|poke|p2|Gholdengo|
|poke|p2|Clodsire, M|
|teampreview
|
|t:|1776286377
|teamsize|p1|6
|teamsize|p2|6
|start
|switch|p1a: Venusaur|Venusaur, M|100/100
|switch|p2a: Gliscor|Gliscor, M|100/100
|turn|1
|inactive|Battle timer is ON: inactive players will automatically lose when time's up. (requested by CakNoel)
|
|t:|1776286383
|move|p2a: Gliscor|Protect|p2a: Gliscor
|-singleturn|p2a: Gliscor|Protect
|move|p1a: Venusaur|Leech Seed|p2a: Gliscor
|-activate|p2a: Gliscor|move: Protect
|
|-status|p2a: Gliscor|tox|[from] item: Toxic Orb
|upkeep
|turn|2
|
|t:|1776286390
|move|p2a: Gliscor|Spikes|p1a: Venusaur
|-sidestart|p1: fosfi1806|Spikes
|move|p1a: Venusaur|Leech Seed|p2a: Gliscor
|-start|p2a: Gliscor|move: Leech Seed
|
|-damage|p2a: Gliscor|88/100 tox|[from] Leech Seed|[of] p1a: Venusaur
|-heal|p2a: Gliscor|100/100 tox|[from] ability: Poison Heal
|upkeep
|turn|3
|
|t:|1776286402
|switch|p1a: Garchomp|Garchomp, M|100/100
|-damage|p1a: Garchomp|88/100|[from] Spikes
|move|p2a: Gliscor|Spikes|p1a: Garchomp
|-sidestart|p1: fosfi1806|Spikes
|
|-damage|p2a: Gliscor|88/100 tox|[from] Leech Seed|[of] p1a: Garchomp
|-heal|p1a: Garchomp|99/100|[silent]
|-heal|p2a: Gliscor|100/100 tox|[from] ability: Poison Heal
|upkeep
|turn|4
|
|t:|1776286408
|move|p1a: Garchomp|Stealth Rock|p2a: Gliscor
|-sidestart|p2: CakNoel|move: Stealth Rock
|move|p2a: Gliscor|Toxic|p1a: Garchomp
|-status|p1a: Garchomp|tox
|
|-damage|p2a: Gliscor|88/100 tox|[from] Leech Seed|[of] p1a: Garchomp
|-heal|p1a: Garchomp|100/100 tox|[silent]
|-damage|p1a: Garchomp|94/100 tox|[from] psn
|-heal|p2a: Gliscor|100/100 tox|[from] ability: Poison Heal
|upkeep
|turn|5
|
|t:|1776286424
|move|p1a: Garchomp|Spikes|p2a: Gliscor
|-sidestart|p2: CakNoel|Spikes
|move|p2a: Gliscor|Spikes|p1a: Garchomp
|-sidestart|p1: fosfi1806|Spikes
|
|-damage|p2a: Gliscor|88/100 tox|[from] Leech Seed|[of] p1a: Garchomp
|-heal|p1a: Garchomp|100/100 tox|[silent]
|-damage|p1a: Garchomp|88/100 tox|[from] psn
|-heal|p2a: Gliscor|100/100 tox|[from] ability: Poison Heal
|upkeep
|turn|6
|
|t:|1776286428
|switch|p2a: Clefable|Clefable, M|100/100
|move|p1a: Garchomp|Dragon Tail|p2a: Clefable
|-immune|p2a: Clefable
|
|-damage|p1a: Garchomp|70/100 tox|[from] psn
|upkeep
|turn|7
|
|t:|1776286439
|move|p1a: Garchomp|Earthquake|p2a: Clefable
|-damage|p2a: Clefable|70/100
|move|p2a: Clefable|Calm Mind|p2a: Clefable
|-boost|p2a: Clefable|spa|1
|-boost|p2a: Clefable|spd|1
|
|-heal|p2a: Clefable|76/100|[from] item: Leftovers
|-damage|p1a: Garchomp|45/100 tox|[from] psn
|upkeep
|turn|8
|
|t:|1776286443
|move|p1a: Garchomp|Earthquake|p2a: Clefable
|-damage|p2a: Clefable|43/100
|move|p2a: Clefable|Moonblast|p1a: Garchomp
|-supereffective|p1a: Garchomp
|-damage|p1a: Garchomp|0 fnt
|faint|p1a: Garchomp
|
|-heal|p2a: Clefable|49/100|[from] item: Leftovers
|upkeep
|
|t:|1776286455
|switch|p1a: Gengar|Gengar, M|100/100
|-damage|p1a: Gengar|76/100|[from] Spikes
|turn|9
|
|t:|1776286461
|switch|p2a: Clodsire|Clodsire, M|100/100
|move|p1a: Gengar|Shadow Ball|p2a: Clodsire
|-damage|p2a: Clodsire|78/100
|
|upkeep
|turn|10
|
|t:|1776286469
|switch|p1a: Rotom|Rotom-Wash|100/100
|move|p2a: Clodsire|Stealth Rock|p1a: Rotom
|-sidestart|p1: fosfi1806|move: Stealth Rock
|
|upkeep
|turn|11
|
|t:|1776286475
|move|p1a: Rotom|Hydro Pump|p2a: Clodsire
|-supereffective|p2a: Clodsire
|-damage|p2a: Clodsire|29/100
|move|p2a: Clodsire|Recover|p2a: Clodsire
|-heal|p2a: Clodsire|79/100
|
|upkeep
|turn|12
|
|t:|1776286483
|move|p1a: Rotom|Hydro Pump|p2a: Clodsire|[miss]
|-miss|p1a: Rotom|p2a: Clodsire
|move|p2a: Clodsire|Toxic|p1a: Rotom
|-status|p1a: Rotom|tox
|
|-damage|p1a: Rotom|94/100 tox|[from] psn
|upkeep
|turn|13
|
|t:|1776286497
|switch|p2a: Dragonite|Dragonite, F|100/100
|move|p1a: Rotom|Hydro Pump|p2a: Dragonite
|-resisted|p2a: Dragonite
|-damage|p2a: Dragonite|90/100
|
|-heal|p1a: Rotom|100/100 tox|[from] item: Leftovers
|-damage|p1a: Rotom|88/100 tox|[from] psn
|upkeep
|turn|14
|
|t:|1776286503
|move|p1a: Rotom|Will-O-Wisp|p2a: Dragonite
|-status|p2a: Dragonite|brn
|move|p2a: Dragonite|Dragon Tail|p1a: Rotom
|-damage|p1a: Rotom|72/100 tox
|drag|p1a: Gengar|Gengar, M|76/100
|-damage|p1a: Gengar|51/100|[from] Spikes
|-damage|p1a: Gengar|39/100|[from] Stealth Rock
|
|-damage|p2a: Dragonite|84/100 brn|[from] brn
|upkeep
|turn|15
|
|t:|1776286511
|move|p1a: Gengar|Sludge Bomb|p2a: Dragonite
|-damage|p2a: Dragonite|43/100 brn
|move|p2a: Dragonite|Dragon Tail|p1a: Gengar
|-damage|p1a: Gengar|7/100
|-start|p2a: Dragonite|Disable|Dragon Tail|[from] ability: Cursed Body|[of] p1a: Gengar
|drag|p1a: Rotom|Rotom-Wash|72/100 tox
|-damage|p1a: Rotom|59/100 tox|[from] Stealth Rock
|
|-heal|p1a: Rotom|65/100 tox|[from] item: Leftovers
|-damage|p1a: Rotom|59/100 tox|[from] psn
|-damage|p2a: Dragonite|37/100 brn|[from] brn
|upkeep
|turn|16
|
|t:|1776286517
|move|p1a: Rotom|Discharge|p2a: Dragonite
|-damage|p2a: Dragonite|8/100 brn
|move|p2a: Dragonite|Roost|p2a: Dragonite
|-heal|p2a: Dragonite|58/100 brn
|-singleturn|p2a: Dragonite|move: Roost
|
|-heal|p1a: Rotom|65/100 tox|[from] item: Leftovers
|-damage|p1a: Rotom|53/100 tox|[from] psn
|-damage|p2a: Dragonite|52/100 brn|[from] brn
|upkeep
|turn|17
|
|t:|1776286523
|move|p1a: Rotom|Discharge|p2a: Dragonite
|-damage|p2a: Dragonite|20/100 brn
|move|p2a: Dragonite|Roost|p2a: Dragonite
|-heal|p2a: Dragonite|70/100 brn
|-singleturn|p2a: Dragonite|move: Roost
|
|-heal|p1a: Rotom|59/100 tox|[from] item: Leftovers
|-damage|p1a: Rotom|40/100 tox|[from] psn
|-damage|p2a: Dragonite|64/100 brn|[from] brn
|upkeep
|turn|18
|
|t:|1776286528
|move|p1a: Rotom|Pain Split|p2a: Dragonite
|-sethp|p2a: Dragonite|48/100 brn|[from] move: Pain Split|[silent]
|-sethp|p1a: Rotom|61/100 tox|[from] move: Pain Split
|move|p2a: Dragonite|Roost|p2a: Dragonite
|-heal|p2a: Dragonite|98/100 brn
|-singleturn|p2a: Dragonite|move: Roost
|
|-heal|p1a: Rotom|67/100 tox|[from] item: Leftovers
|-damage|p1a: Rotom|42/100 tox|[from] psn
|-damage|p2a: Dragonite|92/100 brn|[from] brn
|-end|p2a: Dragonite|Disable
|upkeep
|turn|19
|
|t:|1776286532
|move|p1a: Rotom|Pain Split|p2a: Dragonite
|-sethp|p2a: Dragonite|62/100 brn|[from] move: Pain Split|[silent]
|-sethp|p1a: Rotom|79/100 tox|[from] move: Pain Split
|move|p2a: Dragonite|Dragon Tail|p1a: Rotom
|-damage|p1a: Rotom|62/100 tox
|drag|p1a: Kingambit|Kingambit, M|100/100
|-damage|p1a: Kingambit|76/100|[from] Spikes
|-damage|p1a: Kingambit|70/100|[from] Stealth Rock
|-activate|p1a: Kingambit|ability: Supreme Overlord
|-start|p1a: Kingambit|fallen1|[silent]
|
|-damage|p2a: Dragonite|56/100 brn|[from] brn
|upkeep
|turn|20
|
|t:|1776286540
|move|p2a: Dragonite|Roost|p2a: Dragonite
|-heal|p2a: Dragonite|100/100 brn
|-singleturn|p2a: Dragonite|move: Roost
|move|p1a: Kingambit|Kowtow Cleave|p2a: Dragonite
|-damage|p2a: Dragonite|74/100 brn
|
|-damage|p2a: Dragonite|68/100 brn|[from] brn
|upkeep
|turn|21
|
|t:|1776286549
|switch|p2a: Dondozo|Dondozo, M|100/100
|-damage|p2a: Dondozo|88/100|[from] Stealth Rock
|-damage|p2a: Dondozo|75/100|[from] Spikes
|move|p1a: Kingambit|Kowtow Cleave|p2a: Dondozo
|-damage|p2a: Dondozo|52/100
|
|-heal|p2a: Dondozo|58/100|[from] item: Leftovers
|upkeep
|turn|22
|
|t:|1776286557
|move|p1a: Kingambit|Kowtow Cleave|p2a: Dondozo
|-damage|p2a: Dondozo|34/100
|move|p2a: Dondozo|Wave Crash|p1a: Kingambit
|-damage|p1a: Kingambit|41/100
|-damage|p2a: Dondozo|26/100|[from] Recoil
|
|-heal|p2a: Dondozo|33/100|[from] item: Leftovers
|upkeep
|turn|23
|
|t:|1776286563
|move|p1a: Kingambit|Kowtow Cleave|p2a: Dondozo
|-damage|p2a: Dondozo|6/100
|move|p2a: Dondozo|Rest|p2a: Dondozo
|-status|p2a: Dondozo|slp|[from] move: Rest
|-heal|p2a: Dondozo|100/100 slp|[silent]
|
|upkeep
|turn|24
|
|t:|1776286568
|move|p1a: Kingambit|Swords Dance|p1a: Kingambit
|-boost|p1a: Kingambit|atk|2
|cant|p2a: Dondozo|slp
|move|p2a: Dondozo|Sleep Talk|p2a: Dondozo
|move|p2a: Dondozo|Wave Crash|p1a: Kingambit|[from] move: Sleep Talk
|-damage|p1a: Kingambit|13/100
|-damage|p2a: Dondozo|93/100 slp|[from] Recoil
|
|-heal|p2a: Dondozo|99/100 slp|[from] item: Leftovers
|upkeep
|turn|25
|
|t:|1776286573
|move|p1a: Kingambit|Kowtow Cleave|p2a: Dondozo
|-damage|p2a: Dondozo|74/100 slp
|cant|p2a: Dondozo|slp
|move|p2a: Dondozo|Sleep Talk|p2a: Dondozo
|move|p2a: Dondozo|Curse|p2a: Dondozo|[from] move: Sleep Talk
|-unboost|p2a: Dondozo|spe|1
|-boost|p2a: Dondozo|atk|1
|-boost|p2a: Dondozo|def|1
|
|-heal|p2a: Dondozo|80/100 slp|[from] item: Leftovers
|upkeep
|turn|26
|
|t:|1776286578
|move|p1a: Kingambit|Kowtow Cleave|p2a: Dondozo
|-damage|p2a: Dondozo|62/100 slp
|-curestatus|p2a: Dondozo|slp|[msg]
|move|p2a: Dondozo|Wave Crash|p1a: Kingambit
|-damage|p1a: Kingambit|0 fnt
|faint|p1a: Kingambit
|-end|p1a: Kingambit|fallen1|[silent]
|-damage|p2a: Dondozo|59/100|[from] Recoil
|
|-heal|p2a: Dondozo|65/100|[from] item: Leftovers
|upkeep
|
|t:|1776286581
|switch|p1a: Rotom|Rotom-Wash|62/100 tox
|-damage|p1a: Rotom|49/100 tox|[from] Stealth Rock
|turn|27
|
|t:|1776286586
|switch|p2a: Dragonite|Dragonite, F|68/100 brn
|move|p1a: Rotom|Discharge|p2a: Dragonite
|-damage|p2a: Dragonite|34/100 brn
|
|-heal|p1a: Rotom|55/100 tox|[from] item: Leftovers
|-damage|p1a: Rotom|49/100 tox|[from] psn
|-damage|p2a: Dragonite|28/100 brn|[from] brn
|upkeep
|turn|28
|
|t:|1776286589
|move|p1a: Rotom|Discharge|p2a: Dragonite
|-damage|p2a: Dragonite|0 fnt
|faint|p2a: Dragonite
|
|-heal|p1a: Rotom|55/100 tox|[from] item: Leftovers
|-damage|p1a: Rotom|43/100 tox|[from] psn
|upkeep
|
|t:|1776286597
|switch|p2a: Gholdengo|Gholdengo|100/100
|-damage|p2a: Gholdengo|94/100|[from] Stealth Rock
|-item|p2a: Gholdengo|Air Balloon
|turn|29
|
|t:|1776286603
|switch|p1a: Gengar|Gengar, M|7/100
|-damage|p1a: Gengar|0 fnt|[from] Spikes
|faint|p1a: Gengar
|move|p2a: Gholdengo|Hex|p1: Gengar|[notarget]
|-fail|p2a: Gholdengo
|
|upkeep
|
|t:|1776286608
|switch|p1a: Venusaur|Venusaur, M|100/100
|-damage|p1a: Venusaur|75/100|[from] Spikes
|-damage|p1a: Venusaur|63/100|[from] Stealth Rock
|turn|30
|
|t:|1776286615
|move|p2a: Gholdengo|Thunder Wave|p1a: Venusaur
|-status|p1a: Venusaur|par
|cant|p1a: Venusaur|par
|
|upkeep
|turn|31
|
|t:|1776286626
|move|p2a: Gholdengo|Hex|p1a: Venusaur
|-damage|p1a: Venusaur|13/100 par
|-enditem|p1a: Venusaur|Sitrus Berry|[eat]
|-heal|p1a: Venusaur|38/100 par|[from] item: Sitrus Berry
|move|p1a: Venusaur|Leech Seed|p2a: Gholdengo
|-immune|p2a: Gholdengo|[from] ability: Good as Gold
|
|upkeep
|turn|32
|-message|fosfi1806 forfeited.
|
|win|CakNoel
|raw|fosfi1806's rating: 1216 &rarr; <strong>1193</strong><br />(-23 for losing)
|raw|CakNoel's rating: 1243 &rarr; <strong>1266</strong><br />(+23 for winning)
|l|☆fosfi1806
|player|p1|
