|html|<div class="broadcast-blue"><strong>[Gen 9] OU is currently suspecting Tera Blast! For information on how to participate check out the <a href="https://www.smogon.com/tools/suspects/view/200">suspect thread</a>.</strong></div>
|j|☆icylikedecember
|j|☆red123x
|t:|1776047553
|gametype|singles
|player|p1|icylikedecember|skierf|1646
|player|p2|red123x|266|1643
|gen|9
|tier|[Gen 9] OU
|rated|
|rule|HP Percentage Mod: HP is shown in percentages
|rule|Endless Battle Clause: Forcing endless battles is banned
|rule|Species Clause: Limit one of each Pokémon
|rule|OHKO Clause: OHKO moves are banned
|rule|Evasion Items Clause: Evasion items are banned
|rule|Evasion Moves Clause: Evasion moves are banned
|rule|Evasion Abilities Clause: Evasion abilities are banned
|rule|Sleep Moves Clause: Sleep-inducing moves are banned
|clearpoke
|poke|p1|Landorus-Therian, M|
|poke|p1|Corviknight, M|
|poke|p1|Slowking-Galar, F|
|poke|p1|Crawdaunt, M|
|poke|p1|Darkrai|
|poke|p1|Gholdengo|
|poke|p2|Iron Treads|
|poke|p2|Ninetales-Alola, M|
|poke|p2|Gholdengo|
|poke|p2|Hawlucha, F|
|poke|p2|Garchomp, F|
|poke|p2|Ursaluna, M|
|teampreview
|inactive|Battle timer is ON: inactive players will automatically lose when time's up. (requested by red123x)
|
|t:|1776047563
|teamsize|p1|6
|teamsize|p2|6
|start
|switch|p1a: Darkrai|Darkrai|100/100
|switch|p2a: Ninetales|Ninetales-Alola, M|100/100
|-weather|Snowscape|[from] ability: Snow Warning|[of] p2a: Ninetales
|turn|1
|
|t:|1776047568
|switch|p2a: Iron Treads|Iron Treads|100/100
|-enditem|p2a: Iron Treads|Booster Energy
|-activate|p2a: Iron Treads|ability: Quark Drive|[fromitem]
|-start|p2a: Iron Treads|quarkdrivespe
|-terastallize|p1a: Darkrai|Poison
|move|p1a: Darkrai|Sludge Bomb|p2a: Iron Treads
|-immune|p2a: Iron Treads
|
|-weather|Snowscape|[upkeep]
|upkeep
|turn|2
|
|t:|1776047577
|move|p2a: Iron Treads|Stealth Rock|p1a: Darkrai
|-sidestart|p1: icylikedecember|move: Stealth Rock
|move|p1a: Darkrai|Focus Blast|p2a: Iron Treads
|-supereffective|p2a: Iron Treads
|-damage|p2a: Iron Treads|0 fnt
|faint|p2a: Iron Treads
|-end|p2a: Iron Treads|Quark Drive|[silent]
|
|-weather|Snowscape|[upkeep]
|upkeep
|
|t:|1776047585
|switch|p2a: Ursaluna|Ursaluna, M|100/100
|turn|3
|j| Shucklepilled
|
|t:|1776047592
|switch|p1a: Landorus|Landorus-Therian, M|100/100
|-damage|p1a: Landorus|88/100|[from] Stealth Rock
|-ability|p1a: Landorus|Intimidate|boost
|-unboost|p2a: Ursaluna|atk|1
|move|p2a: Ursaluna|Headlong Rush|p1a: Landorus
|-immune|p1a: Landorus
|
|-weather|Snowscape|[upkeep]
|-status|p2a: Ursaluna|brn|[from] item: Flame Orb
|upkeep
|turn|4
|
|t:|1776047605
|move|p1a: Landorus|U-turn|p2a: Ursaluna
|-damage|p2a: Ursaluna|82/100 brn
|
|t:|1776047613
|switch|p1a: Corviknight|Corviknight, M, shiny|100/100|[from] U-turn
|-damage|p1a: Corviknight|88/100|[from] Stealth Rock
|-ability|p1a: Corviknight|Pressure
|move|p2a: Ursaluna|Facade|p1a: Corviknight
|-resisted|p1a: Corviknight
|-damage|p1a: Corviknight|64/100
|
|-weather|Snowscape|[upkeep]
|-heal|p1a: Corviknight|70/100|[from] item: Leftovers
|-damage|p2a: Ursaluna|76/100 brn|[from] brn
|upkeep
|turn|5
|
|t:|1776047617
|switch|p2a: Gholdengo|Gholdengo|100/100
|-item|p2a: Gholdengo|Air Balloon
|move|p1a: Corviknight|Body Press|p2a: Gholdengo
|-immune|p2a: Gholdengo
|
|-weather|none
|-heal|p1a: Corviknight|76/100|[from] item: Leftovers
|upkeep
|turn|6
|
|t:|1776047625
|move|p2a: Gholdengo|Shadow Ball|p1a: Corviknight
|-damage|p1a: Corviknight|37/100
|-unboost|p1a: Corviknight|spd|1
|move|p1a: Corviknight|U-turn|p2a: Gholdengo
|-resisted|p2a: Gholdengo
|-crit|p2a: Gholdengo
|-damage|p2a: Gholdengo|94/100
|-enditem|p2a: Gholdengo|Air Balloon
|
|t:|1776047637
|switch|p1a: Darkrai|Darkrai, tera:Poison|100/100|[from] U-turn
|-damage|p1a: Darkrai|88/100|[from] Stealth Rock
|
|upkeep
|turn|7
|
|t:|1776047646
|move|p1a: Darkrai|Dark Pulse|p2a: Gholdengo
|-supereffective|p2a: Gholdengo
|-damage|p2a: Gholdengo|0 fnt
|faint|p2a: Gholdengo
|
|upkeep
|j| Kyurem
|
|t:|1776047650
|switch|p2a: Ninetales|Ninetales-Alola, M|100/100
|-weather|Snowscape|[from] ability: Snow Warning|[of] p2a: Ninetales
|turn|8
|
|t:|1776047654
|move|p1a: Darkrai|Focus Blast|p2a: Ninetales|[miss]
|-miss|p1a: Darkrai|p2a: Ninetales
|move|p2a: Ninetales|Aurora Veil|p2a: Ninetales
|-sidestart|p2: red123x|move: Aurora Veil
|
|-weather|Snowscape|[upkeep]
|upkeep
|turn|9
|
|t:|1776047661
|move|p1a: Darkrai|Sludge Bomb|p2a: Ninetales
|-supereffective|p2a: Ninetales
|-damage|p2a: Ninetales|47/100
|move|p2a: Ninetales|Encore|p1a: Darkrai
|-start|p1a: Darkrai|Encore
|
|-weather|Snowscape|[upkeep]
|upkeep
|turn|10
|
|t:|1776047667
|switch|p2a: Ursaluna|Ursaluna, M|76/100 brn
|move|p1a: Darkrai|Sludge Bomb|p2a: Ursaluna
|-resisted|p2a: Ursaluna
|-damage|p2a: Ursaluna|65/100 brn
|
|-weather|Snowscape|[upkeep]
|-damage|p2a: Ursaluna|59/100 brn|[from] brn
|upkeep
|turn|11
|
|t:|1776047676
|switch|p1a: Corviknight|Corviknight, M, shiny|37/100
|-damage|p1a: Corviknight|25/100|[from] Stealth Rock
|-ability|p1a: Corviknight|Pressure
|move|p2a: Ursaluna|Swords Dance|p2a: Ursaluna
|-boost|p2a: Ursaluna|atk|2
|
|-weather|Snowscape|[upkeep]
|-heal|p1a: Corviknight|31/100|[from] item: Leftovers
|-damage|p2a: Ursaluna|53/100 brn|[from] brn
|upkeep
|turn|12
|
|t:|1776047683
|move|p1a: Corviknight|Body Press|p2a: Ursaluna
|-supereffective|p2a: Ursaluna
|-damage|p2a: Ursaluna|32/100 brn
|move|p2a: Ursaluna|Fire Punch|p1a: Corviknight
|-supereffective|p1a: Corviknight
|-damage|p1a: Corviknight|0 fnt
|faint|p1a: Corviknight
|
|-weather|none
|-damage|p2a: Ursaluna|25/100 brn|[from] brn
|upkeep
|
|t:|1776047697
|switch|p1a: Darkrai|Darkrai, tera:Poison|88/100
|-damage|p1a: Darkrai|76/100|[from] Stealth Rock
|turn|13
|
|t:|1776047701
|move|p1a: Darkrai|Ice Beam|p2a: Ursaluna
|-supereffective|p2a: Ursaluna
|-damage|p2a: Ursaluna|0 fnt
|faint|p2a: Ursaluna
|
|upkeep
|
|t:|1776047705
|switch|p2a: Hawlucha|Hawlucha, F|100/100
|turn|14
|
|t:|1776047708
|move|p1a: Darkrai|Ice Beam|p2a: Hawlucha
|-supereffective|p2a: Hawlucha
|-damage|p2a: Hawlucha|45/100
|move|p2a: Hawlucha|Close Combat|p1a: Darkrai
|-resisted|p1a: Darkrai
|-damage|p1a: Darkrai|41/100
|-unboost|p2a: Hawlucha|def|1
|-unboost|p2a: Hawlucha|spd|1
|-enditem|p2a: Hawlucha|White Herb
|-clearnegativeboost|p2a: Hawlucha|[silent]
|
|upkeep
|turn|15
|
|t:|1776047713
|move|p2a: Hawlucha|Acrobatics|p1a: Darkrai
|-damage|p1a: Darkrai|0 fnt
|faint|p1a: Darkrai
|
|-sideend|p2: red123x|move: Aurora Veil
|upkeep
|
|t:|1776047725
|switch|p1a: Gholdengo|Gholdengo|100/100
|-damage|p1a: Gholdengo|94/100|[from] Stealth Rock
|turn|16
|
|t:|1776047729
|move|p2a: Hawlucha|Acrobatics|p1a: Gholdengo
|-resisted|p1a: Gholdengo
|-damage|p1a: Gholdengo|66/100
|move|p1a: Gholdengo|Dazzling Gleam|p2a: Hawlucha
|-supereffective|p2a: Hawlucha
|-damage|p2a: Hawlucha|0 fnt
|faint|p2a: Hawlucha
|
|upkeep
|
|t:|1776047732
|switch|p2a: Ninetales|Ninetales-Alola, M|47/100
|-weather|Snowscape|[from] ability: Snow Warning|[of] p2a: Ninetales
|turn|17
|
|t:|1776047737
|switch|p1a: Slowking|Slowking-Galar, F, shiny|100/100
|-damage|p1a: Slowking|88/100|[from] Stealth Rock
|move|p2a: Ninetales|Aurora Veil|p2a: Ninetales
|-sidestart|p2: red123x|move: Aurora Veil
|
|-weather|Snowscape|[upkeep]
|upkeep
|turn|18
|
|t:|1776047740
|switch|p2a: Garchomp|Garchomp, F|100/100
|move|p1a: Slowking|Sludge Bomb|p2a: Garchomp
|-resisted|p2a: Garchomp
|-damage|p2a: Garchomp|89/100
|-status|p2a: Garchomp|psn
|
|-weather|Snowscape|[upkeep]
|-damage|p2a: Garchomp|77/100 psn|[from] psn
|upkeep
|turn|19
|
|t:|1776047743
|move|p2a: Garchomp|Swords Dance|p2a: Garchomp
|-boost|p2a: Garchomp|atk|2
|move|p1a: Slowking|Ice Beam|p2a: Garchomp
|-supereffective|p2a: Garchomp
|-damage|p2a: Garchomp|14/100 psn
|
|-weather|Snowscape|[upkeep]
|-damage|p2a: Garchomp|1/100 psn|[from] psn
|upkeep
|turn|20
|-message|red123x forfeited.
|
|win|icylikedecember
|raw|icylikedecember's rating: 1646 &rarr; <strong>1666</strong><br />(+20 for winning)
|raw|red123x's rating: 1643 &rarr; <strong>1623</strong><br />(-20 for losing)
|l|☆red123x
|player|p2|
|l|☆icylikedecember
|player|p1|
|l| Shucklepilled
|l| Kyurem
