|html|<div class="broadcast-blue"><strong>[Gen 9] OU is currently suspecting Volcarona! For information on how to participate check out the <a href="https://www.smogon.com/tools/suspects/view/208">suspect thread</a>.</strong></div>
|j|☆ravycon
|j|☆erjuanzas
|t:|1778508027
|gametype|singles
|player|p1|ravycon|acetrainercouple|1371
|player|p2|erjuanzas|linebacker|1381
|gen|9
|tier|[Gen 9] OU
|rated|
|rule|HP Percentage Mod: HP is shown in percentages
|rule|Endless Battle Clause: Forcing endless battles is banned
|rule|Species Clause: Limit one of each Pokémon
|rule|OHKO Clause: OHKO moves are banned
|rule|Evasion Items Clause: Evasion items are banned
|rule|Evasion Moves Clause: Evasion moves are banned
|rule|Evasion Abilities Clause: Evasion abilities are banned
|rule|Sleep Moves Clause: Sleep-inducing moves are banned
|clearpoke
|poke|p1|Scizor, F|
|poke|p1|Ogerpon-Wellspring, F|
|poke|p1|Raging Bolt|
|poke|p1|Pecharunt|
|poke|p1|Landorus-Therian, M|
|poke|p1|Samurott-Hisui, F|
|poke|p2|Pelipper, M|
|poke|p2|Ludicolo, M|
|poke|p2|Iron Treads|
|poke|p2|Landorus-Therian, M|
|poke|p2|Barraskewda, M|
|poke|p2|Basculegion-F, F|
|teampreview
|inactive|Battle timer is ON: inactive players will automatically lose when time's up. (requested by erjuanzas)
|
|t:|1778508053
|teamsize|p1|6
|teamsize|p2|6
|start
|switch|p1a: Raging Bolt|Raging Bolt|100/100
|switch|p2a: Pelipas|Pelipper, M, shiny|100/100
|-weather|RainDance|[from] ability: Drizzle|[of] p2a: Pelipas
|turn|1
|
|t:|1778508066
|switch|p2a: Chanao|Iron Treads, shiny|100/100
|move|p1a: Raging Bolt|Draco Meteor|p2a: Chanao
|-resisted|p2a: Chanao
|-damage|p2a: Chanao|79/100
|-unboost|p1a: Raging Bolt|spa|2
|
|-weather|RainDance|[upkeep]
|upkeep
|turn|2
|
|t:|1778508082
|-end|p1a: Raging Bolt|Protosynthesis|[silent]
|switch|p1a: Ogerpon|Ogerpon-Wellspring, F|100/100
|move|p2a: Chanao|Volt Switch|p1a: Ogerpon
|-damage|p1a: Ogerpon|87/100
|
|t:|1778508092
|-end|p2a: Chanao|Quark Drive|[silent]
|switch|p2a: Loco|Ludicolo, M, shiny|100/100|[from] Volt Switch
|
|-weather|RainDance|[upkeep]
|upkeep
|turn|3
|
|t:|1778508095
|move|p2a: Loco|Giga Drain|p1a: Ogerpon
|-damage|p1a: Ogerpon|37/100
|-damage|p2a: Loco|91/100|[from] item: Life Orb
|move|p1a: Ogerpon|U-turn|p2a: Loco
|-supereffective|p2a: Loco
|-damage|p2a: Loco|0 fnt
|faint|p2a: Loco
|
|t:|1778508103
|switch|p1a: Pecharunt|Pecharunt|100/100|[from] U-turn
|
|-weather|RainDance|[upkeep]
|upkeep
|
|t:|1778508106
|switch|p2a: Miauni|Basculegion-F, F, shiny|100/100
|turn|4
|
|t:|1778508110
|move|p2a: Miauni|Shadow Ball|p1a: Pecharunt
|-supereffective|p1a: Pecharunt
|-damage|p1a: Pecharunt|0 fnt
|faint|p1a: Pecharunt
|-damage|p2a: Miauni|91/100|[from] item: Life Orb
|
|-weather|RainDance|[upkeep]
|upkeep
|
|t:|1778508116
|switch|p1a: Raging Bolt|Raging Bolt|100/100
|turn|5
|
|t:|1778508121
|switch|p2a: Chanao|Iron Treads, shiny|79/100
|move|p1a: Raging Bolt|Thunderclap||[still]
|-fail|p1a: Raging Bolt
|
|-weather|RainDance|[upkeep]
|upkeep
|turn|6
|
|t:|1778508130
|-end|p1a: Raging Bolt|Protosynthesis|[silent]
|switch|p1a: Samurott|Samurott-Hisui, F|100/100
|-end|p2a: Chanao|Quark Drive|[silent]
|switch|p2a: La cabra|Barraskewda, M|100/100
|
|-weather|RainDance|[upkeep]
|upkeep
|turn|7
|
|t:|1778508138
|-terastallize|p1a: Samurott|Ghost
|move|p2a: La cabra|Close Combat|p1a: Samurott
|-immune|p1a: Samurott
|move|p1a: Samurott|Ceaseless Edge|p2a: La cabra
|-damage|p2a: La cabra|15/100
|-sidestart|p2: erjuanzas|Spikes
|
|-weather|RainDance|[upkeep]
|upkeep
|turn|8
|-message|erjuanzas forfeited.
|
|win|ravycon
|raw|ravycon's rating: 1371 &rarr; <strong>1392</strong><br />(+21 for winning)
|raw|erjuanzas's rating: 1381 &rarr; <strong>1360</strong><br />(-21 for losing)
|l|☆erjuanzas
|player|p2|
|l|☆ravycon
|player|p1|
