|html|<div class="broadcast-blue"><strong>[Gen 9] OU is currently suspecting Tera Blast! For information on how to participate check out the <a href="https://www.smogon.com/tools/suspects/view/200">suspect thread</a>.</strong></div>
|j|☆brogre35
|j|☆Sz_dS
|t:|1776039182
|gametype|singles
|player|p1|brogre35|swimmer-gen4dp|1695
|player|p2|Sz_dS|169|1778
|gen|9
|tier|[Gen 9] OU
|rated|
|rule|HP Percentage Mod: HP is shown in percentages
|rule|Endless Battle Clause: Forcing endless battles is banned
|rule|Species Clause: Limit one of each Pokémon
|rule|OHKO Clause: OHKO moves are banned
|rule|Evasion Items Clause: Evasion items are banned
|rule|Evasion Moves Clause: Evasion moves are banned
|rule|Evasion Abilities Clause: Evasion abilities are banned
|rule|Sleep Moves Clause: Sleep-inducing moves are banned
|clearpoke
|poke|p1|Ninetales-Alola, F|
|poke|p1|Kyurem|
|poke|p1|Ursaluna, F|
|poke|p1|Farigiraf, F|
|poke|p1|Hatterene, F|
|poke|p1|Cresselia, F|
|poke|p2|Great Tusk|
|poke|p2|Pecharunt|
|poke|p2|Iron Valiant|
|poke|p2|Iron Crown|
|poke|p2|Samurott-Hisui, M|
|poke|p2|Dragonite, M|
|teampreview
|inactive|Battle timer is ON: inactive players will automatically lose when time's up. (requested by brogre35)
|
|t:|1776039190
|teamsize|p1|6
|teamsize|p2|6
|start
|switch|p1a: The Good Life|Ninetales-Alola, F|100/100
|switch|p2a: Iron Crown|Iron Crown|100/100
|-weather|Snowscape|[from] ability: Snow Warning|[of] p1a: The Good Life
|turn|1
|
|t:|1776039200
|switch|p1a: Butterfly|Cresselia, F|100/100
|move|p2a: Iron Crown|Tachyon Cutter|p1a: Butterfly
|-damage|p1a: Butterfly|86/100
|-damage|p1a: Butterfly|70/100
|-hitcount|p1a: Butterfly|2
|
|-weather|Snowscape|[upkeep]
|upkeep
|turn|2
|
|t:|1776039204
|move|p2a: Iron Crown|Future Sight|p1a: Butterfly
|-start|p2a: Iron Crown|move: Future Sight
|move|p1a: Butterfly|Trick Room|p1a: Butterfly
|-fieldstart|move: Trick Room|[of] p1a: Butterfly
|
|-weather|Snowscape|[upkeep]
|upkeep
|turn|3
|
|t:|1776039210
|switch|p1a: El Scorcho|Ursaluna, F|100/100
|move|p2a: Iron Crown|Volt Switch|p1a: El Scorcho
|-immune|p1a: El Scorcho
|
|-weather|Snowscape|[upkeep]
|-status|p1a: El Scorcho|brn|[from] item: Flame Orb
|upkeep
|turn|4
|
|t:|1776039219
|-end|p2a: Iron Crown|Quark Drive|[silent]
|switch|p2a: Dragonite|Dragonite, M|100/100
|move|p1a: El Scorcho|Fire Punch|p2a: Dragonite
|-resisted|p2a: Dragonite
|-damage|p2a: Dragonite|88/100
|
|-weather|Snowscape|[upkeep]
|-end|p1a: El Scorcho|move: Future Sight
|-crit|p1a: El Scorcho
|-damage|p1a: El Scorcho|18/100 brn
|-damage|p1a: El Scorcho|12/100 brn|[from] brn
|upkeep
|turn|5
|j| Halifax0760
|
|t:|1776039226
|switch|p1a: Across The Sea|Farigiraf, F|100/100
|switch|p2a: Pecharunt|Pecharunt|100/100
|
|-weather|none
|upkeep
|turn|6
|
|t:|1776039235
|switch|p2a: Samurott|Samurott-Hisui, M, shiny|100/100
|move|p1a: Across The Sea|Nasty Plot|p1a: Across The Sea
|-boost|p1a: Across The Sea|spa|2
|
|-fieldend|move: Trick Room
|upkeep
|turn|7
|
|t:|1776039240
|-terastallize|p1a: Across The Sea|Fighting
|move|p2a: Samurott|Knock Off|p1a: Across The Sea
|-resisted|p1a: Across The Sea
|-damage|p1a: Across The Sea|73/100
|-enditem|p1a: Across The Sea|Leftovers|[from] move: Knock Off|[of] p2a: Samurott
|move|p1a: Across The Sea|Tera Blast|p2a: Samurott|[anim] Tera Blast Fighting
|-supereffective|p2a: Samurott
|-damage|p2a: Samurott|0 fnt
|faint|p2a: Samurott
|
|upkeep
|
|t:|1776039245
|switch|p2a: Iron Valiant|Iron Valiant, shiny|100/100
|turn|8
|
|t:|1776039256
|switch|p1a: Butterfly|Cresselia, F|70/100
|-terastallize|p2a: Iron Valiant|Fairy
|move|p2a: Iron Valiant|Moonblast|p1a: Butterfly
|-damage|p1a: Butterfly|10/100
|-unboost|p1a: Butterfly|spa|1
|
|upkeep
|turn|9
|
|t:|1776039261
|move|p2a: Iron Valiant|Moonblast|p1a: Butterfly
|-damage|p1a: Butterfly|0 fnt
|faint|p1a: Butterfly
|
|upkeep
|
|t:|1776039263
|switch|p1a: Pink Triangle|Hatterene, F|100/100
|turn|10
|
|t:|1776039268
|-end|p2a: Iron Valiant|Quark Drive|[silent]
|switch|p2a: Iron Crown|Iron Crown|100/100
|move|p1a: Pink Triangle|Trick Room|p1a: Pink Triangle
|-fieldstart|move: Trick Room|[of] p1a: Pink Triangle
|
|upkeep
|turn|11
|
|t:|1776039278
|move|p1a: Pink Triangle|Healing Wish|p1a: Pink Triangle
|faint|p1a: Pink Triangle
|move|p2a: Iron Crown|Tachyon Cutter|p1: Pink Triangle|[notarget]
|-fail|p2a: Iron Crown
|
|upkeep
|
|t:|1776039279
|switch|p1a: El Scorcho|Ursaluna, F|12/100 brn
|-heal|p1a: El Scorcho|100/100|[from] move: Healing Wish
|turn|12
|
|t:|1776039285
|-end|p2a: Iron Crown|Quark Drive|[silent]
|switch|p2a: Dragonite|Dragonite, M|88/100
|move|p1a: El Scorcho|Headlong Rush|p2a: Dragonite
|-immune|p2a: Dragonite
|
|-status|p1a: El Scorcho|brn|[from] item: Flame Orb
|upkeep
|turn|13
|
|t:|1776039291
|move|p1a: El Scorcho|Headlong Rush|p2a: Dragonite
|-immune|p2a: Dragonite
|move|p2a: Dragonite|Roost|p2a: Dragonite
|-heal|p2a: Dragonite|100/100
|-singleturn|p2a: Dragonite|move: Roost
|
|-damage|p1a: El Scorcho|94/100 brn|[from] brn
|upkeep
|turn|14
|
|t:|1776039296
|move|p1a: El Scorcho|Facade|p2a: Dragonite
|-damage|p2a: Dragonite|33/100
|move|p2a: Dragonite|Earthquake|p1a: El Scorcho
|-damage|p1a: El Scorcho|70/100 brn
|
|-damage|p1a: El Scorcho|64/100 brn|[from] brn
|-fieldend|move: Trick Room
|upkeep
|turn|15
|
|t:|1776039303
|move|p2a: Dragonite|Dragon Dance|p2a: Dragonite
|-boost|p2a: Dragonite|atk|1
|-boost|p2a: Dragonite|spe|1
|move|p1a: El Scorcho|Headlong Rush|p2a: Dragonite
|-immune|p2a: Dragonite
|
|-damage|p1a: El Scorcho|58/100 brn|[from] brn
|upkeep
|turn|16
|
|t:|1776039306
|move|p2a: Dragonite|Earthquake|p1a: El Scorcho
|-damage|p1a: El Scorcho|20/100 brn
|move|p1a: El Scorcho|Facade|p2a: Dragonite
|-damage|p2a: Dragonite|0 fnt
|faint|p2a: Dragonite
|
|-damage|p1a: El Scorcho|14/100 brn|[from] brn
|upkeep
|
|t:|1776039310
|switch|p2a: Iron Valiant|Iron Valiant, shiny, tera:Fairy|100/100
|turn|17
|
|t:|1776039317
|move|p2a: Iron Valiant|Moonblast|p1a: El Scorcho
|-damage|p1a: El Scorcho|0 fnt
|faint|p1a: El Scorcho
|
|upkeep
|j| North Ryder
|
|t:|1776039319
|switch|p1a: The Good Life|Ninetales-Alola, F|100/100
|-weather|Snowscape|[from] ability: Snow Warning|[of] p1a: The Good Life
|turn|18
|
|t:|1776039322
|move|p2a: Iron Valiant|Moonblast|p1a: The Good Life
|-damage|p1a: The Good Life|16/100
|move|p1a: The Good Life|Aurora Veil|p1a: The Good Life
|-sidestart|p1: brogre35|move: Aurora Veil
|
|-weather|Snowscape|[upkeep]
|upkeep
|turn|19
|j| Dhoom Again
|
|t:|1776039327
|move|p2a: Iron Valiant|Moonblast|p1a: The Good Life
|-damage|p1a: The Good Life|0 fnt
|faint|p1a: The Good Life
|
|-weather|Snowscape|[upkeep]
|upkeep
|
|t:|1776039328
|switch|p1a: Getchoo|Kyurem|100/100
|-ability|p1a: Getchoo|Pressure
|turn|20
|
|t:|1776039331
|move|p2a: Iron Valiant|Moonblast|p1a: Getchoo
|-supereffective|p1a: Getchoo
|-damage|p1a: Getchoo|16/100
|-unboost|p1a: Getchoo|spa|1
|move|p1a: Getchoo|Dragon Dance|p1a: Getchoo
|-boost|p1a: Getchoo|atk|1
|-boost|p1a: Getchoo|spe|1
|
|-weather|Snowscape|[upkeep]
|upkeep
|turn|21
|
|t:|1776039337
|-end|p2a: Iron Valiant|Quark Drive|[silent]
|switch|p2a: Great Tusk|Great Tusk|100/100
|move|p1a: Getchoo|Icicle Spear|p2a: Great Tusk
|-supereffective|p2a: Great Tusk
|-damage|p2a: Great Tusk|69/100
|-supereffective|p2a: Great Tusk
|-damage|p2a: Great Tusk|37/100
|-supereffective|p2a: Great Tusk
|-damage|p2a: Great Tusk|5/100
|-supereffective|p2a: Great Tusk
|-damage|p2a: Great Tusk|0 fnt
|faint|p2a: Great Tusk
|-end|p2a: Great Tusk|Protosynthesis|[silent]
|-hitcount|p2: Great Tusk|4
|
|-weather|Snowscape|[upkeep]
|upkeep
|
|t:|1776039339
|switch|p2a: Pecharunt|Pecharunt|100/100
|turn|22
|
|t:|1776039343
|move|p1a: Getchoo|Dragon Dance|p1a: Getchoo
|-boost|p1a: Getchoo|atk|1
|-boost|p1a: Getchoo|spe|1
|move|p2a: Pecharunt|Shadow Ball|p1a: Getchoo
|-damage|p1a: Getchoo|4/100
|
|-weather|none
|upkeep
|turn|23
|
|t:|1776039348
|move|p1a: Getchoo|Icicle Spear|p2a: Pecharunt
|-damage|p2a: Pecharunt|87/100
|-damage|p2a: Pecharunt|75/100
|-damage|p2a: Pecharunt|61/100
|-damage|p2a: Pecharunt|49/100
|-hitcount|p2a: Pecharunt|4
|move|p2a: Pecharunt|Shadow Ball|p1a: Getchoo
|-damage|p1a: Getchoo|0 fnt
|faint|p1a: Getchoo
|
|upkeep
|
|t:|1776039354
|switch|p1a: Across The Sea|Farigiraf, F, tera:Fighting|73/100
|turn|24
|
|t:|1776039358
|move|p2a: Pecharunt|Parting Shot|p1a: Across The Sea
|-unboost|p1a: Across The Sea|atk|1
|-unboost|p1a: Across The Sea|spa|1
|
|t:|1776039360
|switch|p2a: Iron Crown|Iron Crown|100/100|[from] Parting Shot
|move|p1a: Across The Sea|Nasty Plot|p1a: Across The Sea
|-boost|p1a: Across The Sea|spa|2
|
|upkeep
|turn|25
|
|t:|1776039363
|move|p2a: Iron Crown|Psychic Noise|p1a: Across The Sea
|-supereffective|p1a: Across The Sea
|-damage|p1a: Across The Sea|32/100
|-start|p1a: Across The Sea|move: Heal Block
|move|p1a: Across The Sea|Trick Room|p1a: Across The Sea
|-fieldstart|move: Trick Room|[of] p1a: Across The Sea
|
|-sideend|p1: brogre35|move: Aurora Veil
|upkeep
|turn|26
|
|t:|1776039368
|move|p1a: Across The Sea|Shadow Ball|p2a: Iron Crown
|-supereffective|p2a: Iron Crown
|-damage|p2a: Iron Crown|50/100
|move|p2a: Iron Crown|Psychic Noise|p1a: Across The Sea
|-supereffective|p1a: Across The Sea
|-damage|p1a: Across The Sea|0 fnt
|faint|p1a: Across The Sea
|
|win|Sz_dS
|raw|brogre35's rating: 1695 &rarr; <strong>1680</strong><br />(-15 for losing)
|raw|Sz_dS's rating: 1791 &rarr; <strong>1806</strong><br />(+15 for winning)
|l|☆Sz_dS
|player|p2|
|l|☆brogre35
|player|p1|
|l| North Ryder
|j| North Ryder
|l| Halifax0760
|l| Dhoom Again
