|html|<div class="broadcast-blue"><strong>[Gen 9] OU is currently suspecting Tera Blast! For information on how to participate check out the <a href="https://www.smogon.com/tools/suspects/view/200">suspect thread</a>.</strong></div>
|j|☆Diepnogc
|j|☆Afiyah
|t:|1776060449
|gametype|singles
|player|p1|Diepnogc|elesa|1052
|player|p2|Afiyah|clerkf|1106
|gen|9
|tier|[Gen 9] OU
|rated|
|rule|HP Percentage Mod: HP is shown in percentages
|rule|Endless Battle Clause: Forcing endless battles is banned
|rule|Species Clause: Limit one of each Pokémon
|rule|OHKO Clause: OHKO moves are banned
|rule|Evasion Items Clause: Evasion items are banned
|rule|Evasion Moves Clause: Evasion moves are banned
|rule|Evasion Abilities Clause: Evasion abilities are banned
|rule|Sleep Moves Clause: Sleep-inducing moves are banned
|clearpoke
|poke|p1|Ninetales-Alola, F|
|poke|p1|Sylveon, F|
|poke|p1|Corviknight, M|
|poke|p1|Arcanine, M|
|poke|p1|Swampert, M|
|poke|p1|Goodra-Hisui, F|
|poke|p2|Lapras, F|
|poke|p2|Sandy Shocks|
|poke|p2|Sylveon, F|
|poke|p2|Ninetales, F|
|poke|p2|Iron Treads|
|poke|p2|Corviknight, M|
|teampreview
|inactive|Battle timer is ON: inactive players will automatically lose when time's up. (requested by Afiyah)
|
|t:|1776060467
|teamsize|p1|6
|teamsize|p2|6
|start
|switch|p1a: Ninetales|Ninetales-Alola, F|100/100
|switch|p2a: Iron|Iron Treads|100/100
|-weather|Snowscape|[from] ability: Snow Warning|[of] p1a: Ninetales
|turn|1
|
|t:|1776060482
|switch|p1a: Swampert|Swampert, M|100/100
|move|p2a: Iron|Earthquake|p1a: Swampert
|-damage|p1a: Swampert|46/100
|-damage|p2a: Iron|91/100|[from] item: Life Orb
|
|-weather|Snowscape|[upkeep]
|-heal|p1a: Swampert|52/100|[from] item: Leftovers
|upkeep
|turn|2
|
|t:|1776060498
|-terastallize|p2a: Iron|Water
|move|p2a: Iron|Earthquake|p1a: Swampert
|-damage|p1a: Swampert|0 fnt
|faint|p1a: Swampert
|-damage|p2a: Iron|81/100|[from] item: Life Orb
|
|-weather|Snowscape|[upkeep]
|upkeep
|
|t:|1776060508
|switch|p1a: Ninetales|Ninetales-Alola, F|100/100
|turn|3
|
|t:|1776060521
|move|p1a: Ninetales|Aurora Veil|p1a: Ninetales
|-sidestart|p1: Diepnogc|move: Aurora Veil
|move|p2a: Iron|Volt Switch|p1a: Ninetales
|-damage|p1a: Ninetales|93/100
|-damage|p2a: Iron|71/100|[from] item: Life Orb
|
|t:|1776060537
|-end|p2a: Iron|Quark Drive|[silent]
|switch|p2a: Gaia|Lapras, F|100/100|[from] Volt Switch
|
|-weather|Snowscape|[upkeep]
|upkeep
|turn|4
|
|t:|1776060556
|move|p1a: Ninetales|Moonblast|p2a: Gaia
|-damage|p2a: Gaia|80/100
|move|p2a: Gaia|Thunderbolt|p1a: Ninetales
|-damage|p1a: Ninetales|79/100
|
|-weather|Snowscape|[upkeep]
|-heal|p2a: Gaia|86/100|[from] item: Leftovers
|upkeep
|turn|5
|inactive|Afiyah has 120 seconds left.
|
|t:|1776060584
|switch|p1a: Goodra|Goodra-Hisui, F|100/100
|switch|p2a: Nilla|Ninetales, F|100/100
|-weather|SunnyDay|[from] ability: Drought|[of] p2a: Nilla
|
|-weather|SunnyDay|[upkeep]
|upkeep
|turn|6
|inactive|Afiyah has 120 seconds left.
|
|t:|1776060601
|move|p2a: Nilla|Weather Ball|p1a: Goodra
|-damage|p1a: Goodra|86/100
|move|p1a: Goodra|Draco Meteor|p2a: Nilla
|-damage|p2a: Nilla|34/100
|-unboost|p1a: Goodra|spa|2
|
|-weather|SunnyDay|[upkeep]
|upkeep
|turn|7
|
|t:|1776060614
|switch|p2a: Sylvia|Sylveon, F|100/100
|switch|p1a: Arcanine|Arcanine, M|100/100
|-ability|p1a: Arcanine|Intimidate|boost
|-unboost|p2a: Sylvia|atk|1
|
|-weather|SunnyDay|[upkeep]
|upkeep
|turn|8
|
|t:|1776060631
|move|p1a: Arcanine|Flare Blitz|p2a: Sylvia
|-damage|p2a: Sylvia|0 fnt
|faint|p2a: Sylvia
|-damage|p1a: Arcanine|64/100|[from] Recoil
|-damage|p1a: Arcanine|54/100|[from] item: Life Orb
|
|-weather|SunnyDay|[upkeep]
|upkeep
|
|t:|1776060640
|switch|p2a: Corviknight|Corviknight, M|100/100
|turn|9
|
|t:|1776060648
|move|p1a: Arcanine|Morning Sun|p1a: Arcanine
|-heal|p1a: Arcanine|100/100
|move|p2a: Corviknight|Roost||[still]
|-fail|p2a: Corviknight|heal
|
|-weather|none
|upkeep
|turn|10
|
|t:|1776060655
|move|p1a: Arcanine|Flare Blitz|p2a: Corviknight
|-supereffective|p2a: Corviknight
|-damage|p2a: Corviknight|0 fnt
|-damage|p1a: Arcanine|84/100|[from] item: Rocky Helmet|[of] p2a: Corviknight
|faint|p2a: Corviknight
|-damage|p1a: Arcanine|47/100|[from] Recoil
|-damage|p1a: Arcanine|37/100|[from] item: Life Orb
|
|-sideend|p1: Diepnogc|move: Aurora Veil
|upkeep
|
|t:|1776060679
|switch|p2a: Iron|Iron Treads, tera:Water|71/100
|turn|11
|
|t:|1776060688
|switch|p1a: Corviknight|Corviknight, M, shiny|100/100
|-ability|p1a: Corviknight|Unnerve
|move|p2a: Iron|Earthquake|p1a: Corviknight
|-immune|p1a: Corviknight
|
|upkeep
|turn|12
|
|t:|1776060699
|-end|p2a: Iron|Quark Drive|[silent]
|switch|p2a: Nilla|Ninetales, F|34/100
|-weather|SunnyDay|[from] ability: Drought|[of] p2a: Nilla
|move|p1a: Corviknight|Brave Bird|p2a: Nilla
|-damage|p2a: Nilla|0 fnt
|faint|p2a: Nilla
|-damage|p1a: Corviknight|91/100|[from] Recoil
|
|-weather|SunnyDay|[upkeep]
|upkeep
|
|t:|1776060707
|switch|p2a: Tyrantre|Sandy Shocks, shiny|100/100
|-activate|p2a: Tyrantre|ability: Protosynthesis
|-start|p2a: Tyrantre|protosynthesisspe
|turn|13
|inactive|Diepnogc has 120 seconds left.
|
|t:|1776060744
|switch|p1a: Sylveon|Sylveon, F|100/100
|move|p2a: Tyrantre|Thunderbolt|p1a: Sylveon
|-damage|p1a: Sylveon|70/100
|
|-weather|SunnyDay|[upkeep]
|-heal|p1a: Sylveon|76/100|[from] item: Leftovers
|upkeep
|turn|14
|inactive|Diepnogc has 120 seconds left.
|inactive|Afiyah has 120 seconds left.
|
|t:|1776060763
|move|p2a: Tyrantre|Sand Tomb|p1a: Sylveon
|-damage|p1a: Sylveon|66/100
|-activate|p1a: Sylveon|move: Sand Tomb|[of] p2a: Tyrantre
|move|p1a: Sylveon|Wish|p1a: Sylveon
|
|-weather|SunnyDay|[upkeep]
|-heal|p1a: Sylveon|72/100|[from] item: Leftovers
|-damage|p1a: Sylveon|59/100|[from] move: Sand Tomb|[partiallytrapped]
|upkeep
|turn|15
|inactive|Afiyah has 120 seconds left.
|inactive|Diepnogc has 120 seconds left.
|
|t:|1776060780
|move|p2a: Tyrantre|Thunderbolt|p1a: Sylveon
|-damage|p1a: Sylveon|32/100
|move|p1a: Sylveon|Hyper Voice|p2a: Tyrantre
|-damage|p2a: Tyrantre|36/100
|
|-weather|SunnyDay|[upkeep]
|-heal|p1a: Sylveon|82/100|[from] move: Wish|[wisher] Sylveon
|-heal|p1a: Sylveon|88/100|[from] item: Leftovers
|-damage|p1a: Sylveon|75/100|[from] move: Sand Tomb|[partiallytrapped]
|upkeep
|turn|16
|
|t:|1776060790
|move|p2a: Tyrantre|Thunderbolt|p1a: Sylveon
|-damage|p1a: Sylveon|48/100
|move|p1a: Sylveon|Wish|p1a: Sylveon
|
|-weather|none
|-end|p2a: Tyrantre|Protosynthesis
|-heal|p1a: Sylveon|54/100|[from] item: Leftovers
|-damage|p1a: Sylveon|41/100|[from] move: Sand Tomb|[partiallytrapped]
|upkeep
|-enditem|p2a: Tyrantre|Booster Energy
|-activate|p2a: Tyrantre|ability: Protosynthesis|[fromitem]
|-start|p2a: Tyrantre|protosynthesisspe
|turn|17
|inactive|Afiyah has 120 seconds left.
|
|t:|1776060801
|move|p2a: Tyrantre|Protect|p2a: Tyrantre
|-singleturn|p2a: Tyrantre|Protect
|move|p1a: Sylveon|Hyper Voice|p2a: Tyrantre
|-activate|p2a: Tyrantre|move: Protect
|
|-heal|p1a: Sylveon|91/100|[from] move: Wish|[wisher] Sylveon
|-heal|p1a: Sylveon|97/100|[from] item: Leftovers
|-damage|p1a: Sylveon|85/100|[from] move: Sand Tomb|[partiallytrapped]
|upkeep
|turn|18
|inactive|Afiyah has 120 seconds left.
|-message|Afiyah forfeited.
|
|win|Diepnogc
|raw|Diepnogc's rating: 1052 &rarr; <strong>1089</strong><br />(+37 for winning)
|raw|Afiyah's rating: 1106 &rarr; <strong>1077</strong><br />(-29 for losing)
|l|☆Afiyah
|player|p2|
|l|☆Diepnogc
|player|p1|
