|html|<div class="broadcast-blue"><strong>[Gen 9] OU is currently suspecting Tera Blast! For information on how to participate check out the <a href="https://www.smogon.com/tools/suspects/view/200">suspect thread</a>.</strong></div>
|j|☆peterraptor1
|j|☆Chaincrush
|t:|1776039204
|gametype|singles
|player|p1|peterraptor1|lance|1366
|player|p2|Chaincrush|101|1306
|gen|9
|tier|[Gen 9] OU
|rated|
|rule|HP Percentage Mod: HP is shown in percentages
|rule|Endless Battle Clause: Forcing endless battles is banned
|rule|Species Clause: Limit one of each Pokémon
|rule|OHKO Clause: OHKO moves are banned
|rule|Evasion Items Clause: Evasion items are banned
|rule|Evasion Moves Clause: Evasion moves are banned
|rule|Evasion Abilities Clause: Evasion abilities are banned
|rule|Sleep Moves Clause: Sleep-inducing moves are banned
|clearpoke
|poke|p1|Metagross|
|poke|p1|Gyarados, M|
|poke|p1|Serperior, M|
|poke|p1|Hitmonlee, M|
|poke|p1|Yanmega, M|
|poke|p1|Kingambit, M|
|poke|p2|Rillaboom, F|
|poke|p2|Hawlucha, M|
|poke|p2|Virizion|
|poke|p2|Slowking-Galar, F|
|poke|p2|Kyurem|
|poke|p2|Houndoom, F|
|teampreview
|inactive|Battle timer is ON: inactive players will automatically lose when time's up. (requested by Chaincrush)
|
|t:|1776039216
|teamsize|p1|6
|teamsize|p2|6
|start
|switch|p1a: Gyarados|Gyarados, M, shiny|100/100
|switch|p2a: Houndoom|Houndoom, F|100/100
|turn|1
|
|t:|1776039232
|switch|p2a: Kyurem|Kyurem|100/100
|-ability|p2a: Kyurem|Pressure
|move|p1a: Gyarados|Dragon Dance|p1a: Gyarados
|-boost|p1a: Gyarados|atk|1
|-boost|p1a: Gyarados|spe|1
|
|upkeep
|turn|2
|
|t:|1776039244
|move|p1a: Gyarados|Scale Shot|p2a: Kyurem
|-supereffective|p2a: Kyurem
|-damage|p2a: Kyurem|72/100
|-supereffective|p2a: Kyurem
|-damage|p2a: Kyurem|45/100
|-supereffective|p2a: Kyurem
|-damage|p2a: Kyurem|20/100
|-supereffective|p2a: Kyurem
|-damage|p2a: Kyurem|0 fnt
|faint|p2a: Kyurem
|-ability|p1a: Gyarados|Moxie|boost
|-boost|p1a: Gyarados|atk|1
|-hitcount|p2: Kyurem|4
|-unboost|p1a: Gyarados|def|1
|-boost|p1a: Gyarados|spe|1
|
|upkeep
|
|t:|1776039253
|switch|p2a: Rillaboom|Rillaboom, F|100/100
|-fieldstart|move: Grassy Terrain|[from] ability: Grassy Surge|[of] p2a: Rillaboom
|turn|3
|
|t:|1776039258
|-terastallize|p2a: Rillaboom|Grass
|move|p2a: Rillaboom|Grassy Glide|p1a: Gyarados
|-damage|p1a: Gyarados|0 fnt
|faint|p1a: Gyarados
|
|upkeep
|
|t:|1776039265
|switch|p1a: Yanmega|Yanmega, M, shiny|100/100
|turn|4
|
|t:|1776039272
|switch|p2a: Hawlucha|Hawlucha, M|100/100
|-enditem|p2a: Hawlucha|Grassy Seed
|-boost|p2a: Hawlucha|def|1|[from] item: Grassy Seed
|move|p1a: Yanmega|Bug Buzz|p2a: Hawlucha
|-resisted|p2a: Hawlucha
|-damage|p2a: Hawlucha|82/100
|-enditem|p1a: Yanmega|Throat Spray
|-boost|p1a: Yanmega|spa|1|[from] item: Throat Spray
|
|-ability|p1a: Yanmega|Speed Boost|boost
|-boost|p1a: Yanmega|spe|1
|upkeep
|turn|5
|
|t:|1776039280
|move|p1a: Yanmega|Protect|p1a: Yanmega
|-singleturn|p1a: Yanmega|Protect
|move|p2a: Hawlucha|Acrobatics|p1a: Yanmega
|-activate|p1a: Yanmega|move: Protect
|
|-ability|p1a: Yanmega|Speed Boost|boost
|-boost|p1a: Yanmega|spe|1
|upkeep
|turn|6
|
|t:|1776039287
|move|p2a: Hawlucha|Acrobatics|p1a: Yanmega
|-supereffective|p1a: Yanmega
|-damage|p1a: Yanmega|0 fnt
|faint|p1a: Yanmega
|
|upkeep
|
|t:|1776039293
|switch|p1a: Hitmonlee|Hitmonlee, M|100/100
|turn|7
|
|t:|1776039301
|move|p2a: Hawlucha|Acrobatics|p1a: Hitmonlee
|-supereffective|p1a: Hitmonlee
|-damage|p1a: Hitmonlee|0 fnt
|faint|p1a: Hitmonlee
|
|-fieldend|move: Grassy Terrain
|upkeep
|
|t:|1776039304
|switch|p1a: Metagross|Metagross, shiny|100/100
|turn|8
|
|t:|1776039313
|switch|p2a: Houndoom|Houndoom, F|100/100
|move|p1a: Metagross|Agility|p1a: Metagross
|-boost|p1a: Metagross|spe|2
|
|upkeep
|turn|9
|
|t:|1776039320
|move|p1a: Metagross|Heavy Slam|p2a: Houndoom
|-resisted|p2a: Houndoom
|-damage|p2a: Houndoom|23/100
|move|p2a: Houndoom|Overheat|p1a: Metagross|[miss]
|-miss|p2a: Houndoom|p1a: Metagross
|
|upkeep
|turn|10
|
|t:|1776039326
|move|p1a: Metagross|Heavy Slam|p2a: Houndoom
|-resisted|p2a: Houndoom
|-damage|p2a: Houndoom|0 fnt
|faint|p2a: Houndoom
|
|upkeep
|
|t:|1776039332
|switch|p2a: Rillaboom|Rillaboom, F, tera:Grass|100/100
|-fieldstart|move: Grassy Terrain|[from] ability: Grassy Surge|[of] p2a: Rillaboom
|turn|11
|
|t:|1776039341
|move|p1a: Metagross|Ice Punch|p2a: Rillaboom
|-supereffective|p2a: Rillaboom
|-damage|p2a: Rillaboom|44/100
|move|p2a: Rillaboom|Drain Punch|p1a: Metagross
|-damage|p1a: Metagross|67/100
|-heal|p2a: Rillaboom|58/100|[from] drain|[of] p1a: Metagross
|
|-heal|p1a: Metagross|73/100|[from] Grassy Terrain
|-heal|p2a: Rillaboom|64/100|[from] Grassy Terrain
|upkeep
|turn|12
|
|t:|1776039353
|switch|p2a: Slowking|Slowking-Galar, F|100/100
|move|p1a: Metagross|Heavy Slam|p2a: Slowking
|-damage|p2a: Slowking|29/100
|
|-heal|p1a: Metagross|79/100|[from] Grassy Terrain
|-heal|p2a: Slowking|35/100|[from] Grassy Terrain
|upkeep
|turn|13
|-message|Chaincrush forfeited.
|
|win|peterraptor1
|raw|peterraptor1's rating: 1345 &rarr; <strong>1363</strong><br />(+18 for winning)
|raw|Chaincrush's rating: 1306 &rarr; <strong>1288</strong><br />(-18 for losing)
|l|☆Chaincrush
|player|p2|
|l|☆peterraptor1
|player|p1|
