|html|<div class="broadcast-blue"><strong>[Gen 9] OU is currently suspecting Volcarona! For information on how to participate check out the <a href="https://www.smogon.com/tools/suspects/view/208">suspect thread</a>.</strong></div>
|badge|p2|bronze|gen9ou|100-9
|uhtml|medal-msg|<div class="broadcast-blue">Curious what those medals under the avatar are? PS now has Ladder Seasons! For more information, check out the <a href="https://www.smogon.com/forums/threads/3740067/">thread on Smogon.</a></div>
|j|☆qways
|j|☆Noamm
|t:|1778510813
|gametype|singles
|player|p1|qways|265|1758
|player|p2|Noamm|gambler|1850
|gen|9
|tier|[Gen 9] OU
|rated|
|rule|HP Percentage Mod: HP is shown in percentages
|rule|Endless Battle Clause: Forcing endless battles is banned
|rule|Species Clause: Limit one of each Pokémon
|rule|OHKO Clause: OHKO moves are banned
|rule|Evasion Items Clause: Evasion items are banned
|rule|Evasion Moves Clause: Evasion moves are banned
|rule|Evasion Abilities Clause: Evasion abilities are banned
|rule|Sleep Moves Clause: Sleep-inducing moves are banned
|clearpoke
|poke|p1|Deoxys-Speed|
|poke|p1|Glimmora, F|
|poke|p1|Darkrai|
|poke|p1|Volcarona, M|
|poke|p1|Great Tusk|
|poke|p1|Hatterene, F|
|poke|p2|Lokix, F|
|poke|p2|Iron Valiant|
|poke|p2|Alomomola, M|
|poke|p2|Mandibuzz, F|
|poke|p2|Great Tusk|
|poke|p2|Gholdengo|
|teampreview
|inactive|Battle timer is ON: inactive players will automatically lose when time's up. (requested by Noamm)
|inactive|qways has 120 seconds left.
|j| NoirShaadow
|
|t:|1778510871
|teamsize|p1|6
|teamsize|p2|6
|start
|switch|p1a: Glimmora|Glimmora, F|100/100
|switch|p2a: Shining Agito|Lokix, F, shiny|100/100
|turn|1
|
|t:|1778510875
|-terastallize|p2a: Shining Agito|Bug
|move|p2a: Shining Agito|First Impression|p1a: Glimmora
|-resisted|p1a: Glimmora
|-damage|p1a: Glimmora|0 fnt
|-activate|p1a: Glimmora|ability: Toxic Debris
|-sidestart|p2: Noamm|move: Toxic Spikes
|faint|p1a: Glimmora
|
|upkeep
|inactive|qways has 120 seconds left.
|
|t:|1778510911
|switch|p1a: Volcarona|Volcarona, M|100/100
|turn|2
|
|t:|1778510914
|switch|p2a: Tetsuya Sawaki|Alomomola, M|100/100
|-status|p2a: Tetsuya Sawaki|psn
|move|p1a: Volcarona|Quiver Dance|p1a: Volcarona
|-boost|p1a: Volcarona|spa|1
|-boost|p1a: Volcarona|spd|1
|-boost|p1a: Volcarona|spe|1
|
|-damage|p2a: Tetsuya Sawaki|88/100 psn|[from] psn
|upkeep
|turn|3
|
|t:|1778510918
|-terastallize|p1a: Volcarona|Psychic
|move|p1a: Volcarona|Substitute|p1a: Volcarona
|-start|p1a: Volcarona|Substitute
|-damage|p1a: Volcarona|76/100
|move|p2a: Tetsuya Sawaki|Flip Turn|p1a: Volcarona
|-activate|p1a: Volcarona|move: Substitute|[damage]
|
|t:|1778510923
|switch|p2a: Overlord|Mandibuzz, F|100/100|[from] Flip Turn
|
|-heal|p1a: Volcarona|82/100|[from] item: Leftovers
|upkeep
|turn|4
|
|t:|1778510925
|move|p1a: Volcarona|Fiery Dance|p2a: Overlord
|-damage|p2a: Overlord|53/100
|-boost|p1a: Volcarona|spa|1
|move|p2a: Overlord|U-turn|p1a: Volcarona
|-supereffective|p1a: Volcarona
|-end|p1a: Volcarona|Substitute
|
|t:|1778510927
|switch|p2a: Shining Agito|Lokix, F, shiny, tera:Bug|100/100|[from] U-turn
|-status|p2a: Shining Agito|psn
|
|-heal|p1a: Volcarona|88/100|[from] item: Leftovers
|-damage|p2a: Shining Agito|88/100 psn|[from] psn
|upkeep
|turn|5
|
|t:|1778510943
|switch|p1a: Great Tusk|Great Tusk|100/100
|-enditem|p1a: Great Tusk|Booster Energy
|-activate|p1a: Great Tusk|ability: Protosynthesis|[fromitem]
|-start|p1a: Great Tusk|protosynthesisspe
|move|p2a: Shining Agito|First Impression|p1a: Great Tusk
|-resisted|p1a: Great Tusk
|-damage|p1a: Great Tusk|35/100
|
|-damage|p2a: Shining Agito|76/100 psn|[from] psn
|upkeep
|turn|6
|
|t:|1778510947
|-end|p1a: Great Tusk|Protosynthesis|[silent]
|switch|p1a: Volcarona|Volcarona, M, tera:Psychic|88/100
|switch|p2a: Gills Exceed|Great Tusk|100/100
|
|-heal|p1a: Volcarona|94/100|[from] item: Leftovers
|upkeep
|turn|7
|
|t:|1778510953
|-end|p2a: Gills Exceed|Protosynthesis|[silent]
|switch|p2a: Overlord|Mandibuzz, F|53/100
|move|p1a: Volcarona|Quiver Dance|p1a: Volcarona
|-boost|p1a: Volcarona|spa|1
|-boost|p1a: Volcarona|spd|1
|-boost|p1a: Volcarona|spe|1
|
|-heal|p1a: Volcarona|99/100|[from] item: Leftovers
|upkeep
|turn|8
|
|t:|1778510957
|move|p1a: Volcarona|Fiery Dance|p2a: Overlord
|-damage|p2a: Overlord|3/100
|-boost|p1a: Volcarona|spa|1
|move|p2a: Overlord|U-turn|p1a: Volcarona
|-supereffective|p1a: Volcarona
|-damage|p1a: Volcarona|74/100
|
|t:|1778510959
|switch|p2a: Shining Agito|Lokix, F, shiny, tera:Bug|76/100 psn|[from] U-turn
|
|-heal|p1a: Volcarona|80/100|[from] item: Leftovers
|-damage|p2a: Shining Agito|63/100 psn|[from] psn
|upkeep
|turn|9
|
|t:|1778510964
|switch|p1a: Great Tusk|Great Tusk|35/100
|move|p2a: Shining Agito|First Impression|p1a: Great Tusk
|-resisted|p1a: Great Tusk
|-damage|p1a: Great Tusk|0 fnt
|faint|p1a: Great Tusk
|-end|p1a: Great Tusk|Protosynthesis|[silent]
|
|-damage|p2a: Shining Agito|51/100 psn|[from] psn
|upkeep
|
|t:|1778510967
|switch|p1a: Volcarona|Volcarona, M, tera:Psychic|80/100
|turn|10
|
|t:|1778510975
|switch|p2a: Overlord|Mandibuzz, F|3/100
|move|p1a: Volcarona|Quiver Dance|p1a: Volcarona
|-boost|p1a: Volcarona|spa|1
|-boost|p1a: Volcarona|spd|1
|-boost|p1a: Volcarona|spe|1
|
|-heal|p1a: Volcarona|86/100|[from] item: Leftovers
|upkeep
|turn|11
|
|t:|1778510978
|move|p1a: Volcarona|Fiery Dance|p2a: Overlord
|-damage|p2a: Overlord|0 fnt
|faint|p2a: Overlord
|
|-heal|p1a: Volcarona|92/100|[from] item: Leftovers
|upkeep
|
|t:|1778510979
|switch|p2a: Shining Agito|Lokix, F, shiny, tera:Bug|51/100 psn
|turn|12
|
|t:|1778511008
|switch|p1a: Hatterene|Hatterene, F|100/100
|move|p2a: Shining Agito|First Impression|p1a: Hatterene
|-damage|p1a: Hatterene|27/100
|
|-heal|p1a: Hatterene|33/100|[from] item: Leftovers
|-damage|p2a: Shining Agito|39/100 psn|[from] psn
|upkeep
|turn|13
|
|t:|1778511014
|switch|p2a: MACHINE TORNADER|Gholdengo|100/100
|switch|p1a: Volcarona|Volcarona, M, tera:Psychic|92/100
|
|-heal|p1a: Volcarona|99/100|[from] item: Leftovers
|upkeep
|turn|14
|
|t:|1778511019
|switch|p1a: Hatterene|Hatterene, F|33/100
|move|p2a: MACHINE TORNADER|Shadow Ball|p1a: Hatterene
|-supereffective|p1a: Hatterene
|-damage|p1a: Hatterene|0 fnt
|faint|p1a: Hatterene
|
|upkeep
|
|t:|1778511025
|switch|p1a: Deoxys|Deoxys-Speed|100/100
|-ability|p1a: Deoxys|Pressure
|turn|15
|
|t:|1778511028
|move|p1a: Deoxys|Light Screen|p1a: Deoxys
|-sidestart|p1: qways|move: Light Screen
|move|p2a: MACHINE TORNADER|Shadow Ball|p1a: Deoxys
|-supereffective|p1a: Deoxys
|-damage|p1a: Deoxys|47/100
|
|upkeep
|turn|16
|
|t:|1778511053
|move|p1a: Deoxys|Reflect|p1a: Deoxys
|-sidestart|p1: qways|Reflect
|move|p2a: MACHINE TORNADER|Shadow Ball|p1a: Deoxys
|-supereffective|p1a: Deoxys
|-damage|p1a: Deoxys|0 fnt
|faint|p1a: Deoxys
|
|upkeep
|
|t:|1778511056
|switch|p1a: Volcarona|Volcarona, M, tera:Psychic|99/100
|turn|17
|
|t:|1778511060
|move|p2a: MACHINE TORNADER|Shadow Ball|p1a: Volcarona
|-supereffective|p1a: Volcarona
|-damage|p1a: Volcarona|61/100
|move|p1a: Volcarona|Quiver Dance|p1a: Volcarona
|-boost|p1a: Volcarona|spa|1
|-boost|p1a: Volcarona|spd|1
|-boost|p1a: Volcarona|spe|1
|
|-heal|p1a: Volcarona|67/100|[from] item: Leftovers
|upkeep
|turn|18
|
|t:|1778511080
|move|p1a: Volcarona|Quiver Dance|p1a: Volcarona
|-boost|p1a: Volcarona|spa|1
|-boost|p1a: Volcarona|spd|1
|-boost|p1a: Volcarona|spe|1
|move|p2a: MACHINE TORNADER|Shadow Ball|p1a: Volcarona
|-supereffective|p1a: Volcarona
|-damage|p1a: Volcarona|49/100
|
|-heal|p1a: Volcarona|55/100|[from] item: Leftovers
|upkeep
|turn|19
|
|t:|1778511091
|move|p1a: Volcarona|Substitute|p1a: Volcarona
|-start|p1a: Volcarona|Substitute
|-damage|p1a: Volcarona|30/100
|move|p2a: MACHINE TORNADER|Shadow Ball|p1a: Volcarona
|-supereffective|p1a: Volcarona
|-activate|p1a: Volcarona|move: Substitute|[damage]
|
|-heal|p1a: Volcarona|36/100|[from] item: Leftovers
|upkeep
|turn|20
|
|t:|1778511095
|move|p1a: Volcarona|Fiery Dance|p2a: MACHINE TORNADER
|-supereffective|p2a: MACHINE TORNADER
|-damage|p2a: MACHINE TORNADER|0 fnt
|-boost|p1a: Volcarona|spa|1
|faint|p2a: MACHINE TORNADER
|
|-heal|p1a: Volcarona|42/100|[from] item: Leftovers
|upkeep
|
|t:|1778511098
|switch|p2a: Tetsuya Sawaki|Alomomola, M|100/100 psn
|turn|21
|
|t:|1778511101
|move|p1a: Volcarona|Psychic|p2a: Tetsuya Sawaki
|-damage|p2a: Tetsuya Sawaki|35/100 psn
|move|p2a: Tetsuya Sawaki|Flip Turn|p1a: Volcarona
|-end|p1a: Volcarona|Substitute
|
|t:|1778511104
|switch|p2a: Shining Agito|Lokix, F, shiny, tera:Bug|39/100 psn|[from] Flip Turn
|
|-heal|p1a: Volcarona|48/100|[from] item: Leftovers
|-damage|p2a: Shining Agito|26/100 psn|[from] psn
|upkeep
|turn|22
|
|t:|1778511113
|switch|p1a: Darkrai|Darkrai|100/100
|move|p2a: Shining Agito|First Impression|p1a: Darkrai
|-supereffective|p1a: Darkrai
|-damage|p1a: Darkrai|7/100
|
|-heal|p1a: Darkrai|13/100|[from] item: Leftovers
|-damage|p2a: Shining Agito|14/100 psn|[from] psn
|-sideend|p1: qways|move: Light Screen
|upkeep
|turn|23
|
|t:|1778511123
|switch|p1a: Volcarona|Volcarona, M, tera:Psychic|48/100
|switch|p2a: G3-X|Iron Valiant, shiny|100/100
|-status|p2a: G3-X|psn
|
|-heal|p1a: Volcarona|55/100|[from] item: Leftovers
|-damage|p2a: G3-X|88/100 psn|[from] psn
|-sideend|p1: qways|Reflect
|upkeep
|turn|24
|
|t:|1778511139
|move|p2a: G3-X|Shadow Ball|p1a: Volcarona
|-supereffective|p1a: Volcarona
|-damage|p1a: Volcarona|0 fnt
|faint|p1a: Volcarona
|
|-damage|p2a: G3-X|76/100 psn|[from] psn
|upkeep
|-message|qways forfeited.
|
|win|Noamm
|raw|qways's rating: 1758 &rarr; <strong>1743</strong><br />(-15 for losing)
|raw|Noamm's rating: 1850 &rarr; <strong>1865</strong><br />(+15 for winning)
|l|☆qways
|player|p1|
|c|☆Noamm|Gg
|l|☆Noamm
|player|p2|
|l| NoirShaadow
