|html|<div class="broadcast-blue"><strong>[Gen 9] OU is currently suspecting Tera Blast! For information on how to participate check out the <a href="https://www.smogon.com/tools/suspects/view/200">suspect thread</a>.</strong></div>
|j|☆PureSkillLol
|j|☆untilting1877
|t:|1776046900
|gametype|singles
|player|p1|PureSkillLol|guzma|1670
|player|p2|untilting1877|2|1623
|gen|9
|tier|[Gen 9] OU
|rated|
|rule|HP Percentage Mod: HP is shown in percentages
|rule|Endless Battle Clause: Forcing endless battles is banned
|rule|Species Clause: Limit one of each Pokémon
|rule|OHKO Clause: OHKO moves are banned
|rule|Evasion Items Clause: Evasion items are banned
|rule|Evasion Moves Clause: Evasion moves are banned
|rule|Evasion Abilities Clause: Evasion abilities are banned
|rule|Sleep Moves Clause: Sleep-inducing moves are banned
|clearpoke
|poke|p1|Lokix, F|
|poke|p1|Gholdengo|
|poke|p1|Alomomola, F|
|poke|p1|Great Tusk|
|poke|p1|Zapdos|
|poke|p1|Deoxys-Speed|
|poke|p2|Tornadus-Therian, M|
|poke|p2|Tinkaton, F|
|poke|p2|Slowking-Galar, M|
|poke|p2|Sinistcha|
|poke|p2|Weavile, F|
|poke|p2|Volcanion|
|teampreview
|
|t:|1776046922
|teamsize|p1|6
|teamsize|p2|6
|start
|switch|p1a: Deoxys|Deoxys-Speed|100/100
|switch|p2a: Tinkaton|Tinkaton, F|100/100
|-ability|p1a: Deoxys|Pressure
|-item|p2a: Tinkaton|Air Balloon
|turn|1
|
|t:|1776046928
|move|p1a: Deoxys|Superpower|p2a: Tinkaton
|-damage|p2a: Tinkaton|62/100
|-unboost|p1a: Deoxys|atk|1
|-unboost|p1a: Deoxys|def|1
|-enditem|p2a: Tinkaton|Air Balloon
|-enditem|p1a: Deoxys|Eject Pack|[silent]|[from] ability: Pickpocket|[of] p1a: Deoxys
|-item|p2a: Tinkaton|Eject Pack|[from] ability: Pickpocket|[of] p1a: Deoxys
|move|p2a: Tinkaton|Stealth Rock|p1a: Deoxys
|-sidestart|p1: PureSkillLol|move: Stealth Rock
|
|upkeep
|turn|2
|
|t:|1776046937
|switch|p1a: Great Tusk|Great Tusk|100/100
|move|p2a: Tinkaton|Gigaton Hammer|p1a: Great Tusk
|-damage|p1a: Great Tusk|69/100
|
|upkeep
|turn|3
|
|t:|1776046939
|switch|p2a: Sinistcha|Sinistcha|100/100
|move|p1a: Great Tusk|Stealth Rock|p2a: Sinistcha
|-sidestart|p2: untilting1877|move: Stealth Rock
|
|upkeep
|turn|4
|
|t:|1776046944
|-end|p1a: Great Tusk|Protosynthesis|[silent]
|switch|p1a: Zapdos|Zapdos|100/100
|move|p2a: Sinistcha|Matcha Gotcha|p1a: Zapdos|[miss]
|-miss|p2a: Sinistcha|p1a: Zapdos
|
|upkeep
|turn|5
|
|t:|1776046947
|switch|p2a: Slowking|Slowking-Galar, M|100/100
|move|p1a: Zapdos|Volt Switch|p2a: Slowking
|-damage|p2a: Slowking|82/100
|
|t:|1776046961
|switch|p1a: Lokix|Lokix, F|100/100|[from] Volt Switch
|-damage|p1a: Lokix|76/100|[from] Stealth Rock
|
|upkeep
|turn|6
|
|t:|1776046963
|switch|p2a: Tinkaton|Tinkaton, F|62/100
|-damage|p2a: Tinkaton|56/100|[from] Stealth Rock
|move|p1a: Lokix|Knock Off|p2a: Tinkaton
|-resisted|p2a: Tinkaton
|-damage|p2a: Tinkaton|0 fnt
|-enditem|p2a: Tinkaton|Eject Pack|[from] move: Knock Off|[of] p1a: Lokix
|faint|p2a: Tinkaton
|
|upkeep
|
|t:|1776046967
|switch|p2a: Tornadus|Tornadus-Therian, M|100/100
|-damage|p2a: Tornadus|76/100|[from] Stealth Rock
|turn|7
|
|t:|1776046972
|switch|p1a: Deoxys|Deoxys-Speed|100/100
|-damage|p1a: Deoxys|88/100|[from] Stealth Rock
|-ability|p1a: Deoxys|Pressure
|move|p2a: Tornadus|Bleakwind Storm|p1a: Deoxys
|-damage|p1a: Deoxys|0 fnt
|faint|p1a: Deoxys
|-damage|p2a: Tornadus|66/100|[from] item: Life Orb
|
|upkeep
|
|t:|1776046979
|switch|p1a: Zapdos|Zapdos|100/100
|turn|8
|
|t:|1776046982
|switch|p2a: Slowking|Slowking-Galar, M|100/100
|move|p1a: Zapdos|Volt Switch|p2a: Slowking
|-damage|p2a: Slowking|84/100
|
|t:|1776046984
|switch|p1a: Lokix|Lokix, F|76/100|[from] Volt Switch
|-damage|p1a: Lokix|51/100|[from] Stealth Rock
|
|upkeep
|turn|9
|
|t:|1776046987
|switch|p2a: Volcanion|Volcanion|100/100
|move|p1a: Lokix|U-turn|p2a: Volcanion
|-resisted|p2a: Volcanion
|-damage|p2a: Volcanion|68/100
|
|t:|1776046991
|switch|p1a: Zapdos|Zapdos|100/100|[from] U-turn
|
|upkeep
|turn|10
|
|t:|1776046993
|switch|p2a: Slowking|Slowking-Galar, M|100/100
|move|p1a: Zapdos|Volt Switch|p2a: Slowking
|-damage|p2a: Slowking|81/100
|
|t:|1776046996
|switch|p1a: Gholdengo|Gholdengo|100/100|[from] Volt Switch
|-damage|p1a: Gholdengo|94/100|[from] Stealth Rock
|-item|p1a: Gholdengo|Air Balloon
|
|upkeep
|turn|11
|
|t:|1776047001
|move|p1a: Gholdengo|Nasty Plot|p1a: Gholdengo
|-boost|p1a: Gholdengo|spa|2
|-prepare|p2a: Slowking|Chilly Reception|[premajor]
|move|p2a: Slowking|Chilly Reception|p2a: Slowking
|-weather|Snowscape
|
|t:|1776047004
|switch|p2a: Weavile|Weavile, F|100/100|[from] Chilly Reception
|-ability|p2a: Weavile|Pressure
|
|-weather|Snowscape|[upkeep]
|upkeep
|turn|12
|
|t:|1776047020
|switch|p1a: Zapdos|Zapdos|100/100
|move|p2a: Weavile|Knock Off|p1a: Zapdos
|-damage|p1a: Zapdos|64/100
|-enditem|p1a: Zapdos|Heavy-Duty Boots|[from] move: Knock Off|[of] p2a: Weavile
|
|-weather|Snowscape|[upkeep]
|upkeep
|turn|13
|
|t:|1776047023
|switch|p2a: Slowking|Slowking-Galar, M|100/100
|move|p1a: Zapdos|Volt Switch|p2a: Slowking
|-damage|p2a: Slowking|82/100
|
|t:|1776047026
|switch|p1a: Alomomola|Alomomola, F|100/100|[from] Volt Switch
|-damage|p1a: Alomomola|88/100|[from] Stealth Rock
|
|-weather|Snowscape|[upkeep]
|upkeep
|turn|14
|
|t:|1776047029
|move|p1a: Alomomola|Flip Turn|p2a: Slowking
|-damage|p2a: Slowking|66/100
|
|t:|1776047032
|switch|p1a: Gholdengo|Gholdengo|94/100|[from] Flip Turn
|-damage|p1a: Gholdengo|88/100|[from] Stealth Rock
|-item|p1a: Gholdengo|Air Balloon
|move|p2a: Slowking|Toxic Spikes|p1a: Gholdengo
|-sidestart|p1: PureSkillLol|move: Toxic Spikes
|
|-weather|Snowscape|[upkeep]
|upkeep
|turn|15
|
|t:|1776047035
|move|p1a: Gholdengo|Shadow Ball|p2a: Slowking
|-supereffective|p2a: Slowking
|-crit|p2a: Slowking
|-damage|p2a: Slowking|0 fnt
|faint|p2a: Slowking
|
|-weather|none
|upkeep
|
|t:|1776047042
|switch|p2a: Weavile|Weavile, F|100/100
|-ability|p2a: Weavile|Pressure
|turn|16
|
|t:|1776047046
|switch|p1a: Zapdos|Zapdos|64/100
|-damage|p1a: Zapdos|39/100|[from] Stealth Rock
|move|p2a: Weavile|Knock Off|p1a: Zapdos
|-damage|p1a: Zapdos|14/100
|
|upkeep
|turn|17
|
|t:|1776047049
|move|p2a: Weavile|Ice Shard|p1a: Zapdos
|-supereffective|p1a: Zapdos
|-damage|p1a: Zapdos|0 fnt
|faint|p1a: Zapdos
|
|upkeep
|
|t:|1776047057
|switch|p1a: Gholdengo|Gholdengo|88/100
|-damage|p1a: Gholdengo|82/100|[from] Stealth Rock
|-item|p1a: Gholdengo|Air Balloon
|turn|18
|
|t:|1776047060
|-terastallize|p1a: Gholdengo|Fighting
|move|p2a: Weavile|Knock Off|p1a: Gholdengo
|-resisted|p1a: Gholdengo
|-damage|p1a: Gholdengo|57/100
|-enditem|p1a: Gholdengo|Air Balloon
|move|p1a: Gholdengo|Make It Rain|p2a: Weavile
|-supereffective|p2a: Weavile
|-damage|p2a: Weavile|0 fnt
|-unboost|p1a: Gholdengo|spa|1
|faint|p2a: Weavile
|
|upkeep
|
|t:|1776047063
|switch|p2a: Tornadus|Tornadus-Therian, M|99/100
|-damage|p2a: Tornadus|74/100|[from] Stealth Rock
|turn|19
|
|t:|1776047066
|switch|p1a: Alomomola|Alomomola, F|100/100
|-damage|p1a: Alomomola|88/100|[from] Stealth Rock
|-status|p1a: Alomomola|psn
|move|p2a: Tornadus|Bleakwind Storm|p1a: Alomomola
|-damage|p1a: Alomomola|60/100 psn
|-damage|p2a: Tornadus|65/100|[from] item: Life Orb
|
|-damage|p1a: Alomomola|47/100 psn|[from] psn
|upkeep
|turn|20
|
|t:|1776047070
|switch|p2a: Volcanion|Volcanion|68/100
|move|p1a: Alomomola|Flip Turn|p2a: Volcanion
|-heal|p2a: Volcanion|93/100|[from] ability: Water Absorb|[of] p1a: Alomomola
|
|-damage|p1a: Alomomola|35/100 psn|[from] psn
|upkeep
|turn|21
|
|t:|1776047074
|switch|p1a: Gholdengo|Gholdengo, tera:Fighting|57/100
|-damage|p1a: Gholdengo|51/100|[from] Stealth Rock
|-status|p1a: Gholdengo|psn
|move|p2a: Volcanion|Flamethrower|p1a: Gholdengo
|-crit|p1a: Gholdengo
|-damage|p1a: Gholdengo|0 fnt
|faint|p1a: Gholdengo
|
|upkeep
|-message|PureSkillLol forfeited.
|
|win|untilting1877
|raw|PureSkillLol's rating: 1670 &rarr; <strong>1647</strong><br />(-23 for losing)
|raw|untilting1877's rating: 1623 &rarr; <strong>1646</strong><br />(+23 for winning)
|l|☆PureSkillLol
|player|p1|
|l|☆untilting1877
|player|p2|
