|html|<div class="broadcast-blue"><strong>[Gen 9] OU is currently suspecting Volcarona! For information on how to participate check out the <a href="https://www.smogon.com/tools/suspects/view/208">suspect thread</a>.</strong></div>
|j|☆IAmFovos
|j|‽lkajienjbfa
|t:|1778510079
|gametype|singles
|player|p1|IAmFovos|workerice|1106
|player|p2|lkajienjbfa|2|1074
|gen|9
|tier|[Gen 9] OU
|rated|
|rule|HP Percentage Mod: HP is shown in percentages
|rule|Endless Battle Clause: Forcing endless battles is banned
|rule|Species Clause: Limit one of each Pokémon
|rule|OHKO Clause: OHKO moves are banned
|rule|Evasion Items Clause: Evasion items are banned
|rule|Evasion Moves Clause: Evasion moves are banned
|rule|Evasion Abilities Clause: Evasion abilities are banned
|rule|Sleep Moves Clause: Sleep-inducing moves are banned
|clearpoke
|poke|p1|Cinderace, F|
|poke|p1|Muk-Alola, F|
|poke|p1|Mismagius, F|
|poke|p1|Froslass, F|
|poke|p1|Dusknoir, M|
|poke|p1|Regirock|
|poke|p2|Dragonite, M|
|poke|p2|Ogerpon, F|
|poke|p2|Iron Valiant|
|poke|p2|Excadrill, F|
|poke|p2|Torkoal, F|
|poke|p2|Arcanine-Hisui, F|
|teampreview
|
|t:|1778510086
|teamsize|p1|6
|teamsize|p2|6
|start
|switch|p1a: Muk|Muk-Alola, F|100/100
|switch|p2a: Torkoal|Torkoal, F|100/100
|-weather|SunnyDay|[from] ability: Drought|[of] p2a: Torkoal
|turn|1
|
|t:|1778510108
|switch|p2a: Excadrill|Excadrill, F|100/100
|move|p1a: Muk|Knock Off|p2a: Excadrill
|-damage|p2a: Excadrill|39/100
|-enditem|p2a: Excadrill|Focus Sash|[from] move: Knock Off|[of] p1a: Muk
|
|-weather|SunnyDay|[upkeep]
|upkeep
|turn|2
|
|t:|1778510119
|-terastallize|p1a: Muk|Water
|move|p2a: Excadrill|Drill Run|p1a: Muk|[miss]
|-miss|p2a: Excadrill|p1a: Muk
|move|p1a: Muk|Fire Punch|p2a: Excadrill
|-supereffective|p2a: Excadrill
|-damage|p2a: Excadrill|0 fnt
|faint|p2a: Excadrill
|
|-weather|SunnyDay|[upkeep]
|upkeep
|
|t:|1778510128
|switch|p2a: Ogerpon|Ogerpon, F|100/100
|turn|3
|
|t:|1778510132
|move|p2a: Ogerpon|Solar Blade||[still]
|-prepare|p2a: Ogerpon|Solar Blade
|-anim|p2a: Ogerpon|Solar Blade|p1a: Muk
|-supereffective|p1a: Muk
|-damage|p1a: Muk|0 fnt
|faint|p1a: Muk
|
|-weather|SunnyDay|[upkeep]
|upkeep
|
|t:|1778510142
|switch|p1a: Froslass|Froslass, F|100/100
|turn|4
|
|t:|1778510157
|switch|p2a: Torkoal|Torkoal, F|100/100
|move|p1a: Froslass|Spikes|p2a: Torkoal
|-sidestart|p2: lkajienjbfa|Spikes
|
|-weather|SunnyDay|[upkeep]
|upkeep
|turn|5
|
|t:|1778510170
|move|p1a: Froslass|Taunt|p2a: Torkoal
|-start|p2a: Torkoal|move: Taunt
|move|p2a: Torkoal|Gyro Ball|p1a: Froslass
|-supereffective|p1a: Froslass
|-enditem|p1a: Froslass|Focus Sash
|-damage|p1a: Froslass|1/100
|
|-weather|none
|upkeep
|turn|6
|
|t:|1778510179
|move|p1a: Froslass|Destiny Bond|p1a: Froslass
|-singlemove|p1a: Froslass|Destiny Bond
|move|p2a: Torkoal|Gyro Ball|p1a: Froslass
|-supereffective|p1a: Froslass
|-damage|p1a: Froslass|0 fnt
|faint|p1a: Froslass
|-activate|p1a: Froslass|move: Destiny Bond
|faint|p2a: Torkoal
|
|upkeep
|
|t:|1778510202
|switch|p1a: Regirock|Regirock|100/100
|switch|p2a: Dragonite|Dragonite, M, shiny|100/100
|turn|7
|
|t:|1778510210
|move|p2a: Dragonite|Earthquake|p1a: Regirock
|-supereffective|p1a: Regirock
|-damage|p1a: Regirock|69/100
|move|p1a: Regirock|Stealth Rock|p2a: Dragonite
|-sidestart|p2: lkajienjbfa|move: Stealth Rock
|
|-heal|p1a: Regirock|75/100|[from] item: Leftovers
|upkeep
|turn|8
|
|t:|1778510219
|-terastallize|p2a: Dragonite|Normal
|move|p2a: Dragonite|Dragon Dance|p2a: Dragonite
|-boost|p2a: Dragonite|atk|1
|-boost|p2a: Dragonite|spe|1
|move|p1a: Regirock|Rock Blast|p2a: Dragonite|[miss]
|-miss|p1a: Regirock|p2a: Dragonite
|
|-heal|p1a: Regirock|81/100|[from] item: Leftovers
|upkeep
|turn|9
|
|t:|1778510229
|move|p2a: Dragonite|Dragon Dance|p2a: Dragonite
|-boost|p2a: Dragonite|atk|1
|-boost|p2a: Dragonite|spe|1
|move|p1a: Regirock|Body Press|p2a: Dragonite
|-supereffective|p2a: Dragonite
|-damage|p2a: Dragonite|67/100
|
|-heal|p2a: Dragonite|73/100|[from] item: Leftovers
|-heal|p1a: Regirock|87/100|[from] item: Leftovers
|upkeep
|turn|10
|
|t:|1778510237
|move|p2a: Dragonite|Earthquake|p1a: Regirock
|-supereffective|p1a: Regirock
|-damage|p1a: Regirock|16/100
|move|p1a: Regirock|Thunder Wave|p2a: Dragonite
|-status|p2a: Dragonite|par
|
|-heal|p2a: Dragonite|80/100 par|[from] item: Leftovers
|-heal|p1a: Regirock|22/100|[from] item: Leftovers
|upkeep
|turn|11
|
|t:|1778510253
|move|p2a: Dragonite|Earthquake|p1a: Regirock
|-supereffective|p1a: Regirock
|-damage|p1a: Regirock|0 fnt
|faint|p1a: Regirock
|
|-heal|p2a: Dragonite|86/100 par|[from] item: Leftovers
|upkeep
|
|t:|1778510259
|switch|p1a: Dusknoir|Dusknoir, M|100/100
|-ability|p1a: Dusknoir|Pressure
|turn|12
|
|t:|1778510273
|move|p2a: Dragonite|Dragon Claw|p1a: Dusknoir
|-crit|p1a: Dusknoir
|-damage|p1a: Dusknoir|0 fnt
|faint|p1a: Dusknoir
|
|-heal|p2a: Dragonite|92/100 par|[from] item: Leftovers
|upkeep
|
|t:|1778510281
|switch|p1a: Mismagius|Mismagius, F|100/100
|turn|13
|
|t:|1778510286
|move|p1a: Mismagius|Substitute|p1a: Mismagius
|-start|p1a: Mismagius|Substitute
|-damage|p1a: Mismagius|76/100
|move|p2a: Dragonite|Dragon Claw|p1a: Mismagius
|-crit|p1a: Mismagius
|-end|p1a: Mismagius|Substitute
|
|-heal|p2a: Dragonite|98/100 par|[from] item: Leftovers
|upkeep
|turn|14
|
|t:|1778510295
|move|p1a: Mismagius|Draining Kiss|p2a: Dragonite
|-damage|p2a: Dragonite|82/100 par
|-heal|p1a: Mismagius|92/100|[from] drain|[of] p2a: Dragonite
|-damage|p1a: Mismagius|82/100|[from] item: Life Orb
|move|p2a: Dragonite|Dragon Claw|p1a: Mismagius
|-damage|p1a: Mismagius|0 fnt
|faint|p1a: Mismagius
|
|-heal|p2a: Dragonite|88/100 par|[from] item: Leftovers
|upkeep
|
|t:|1778510305
|switch|p1a: Cinderace|Cinderace, F|100/100
|turn|15
|
|t:|1778510309
|move|p2a: Dragonite|Extreme Speed|p1a: Cinderace
|-damage|p1a: Cinderace|0 fnt
|faint|p1a: Cinderace
|
|win|lkajienjbfa
|raw|IAmFovos's rating: 1106 &rarr; <strong>1079</strong><br />(-27 for losing)
|raw|lkajienjbfa's rating: 1074 &rarr; <strong>1106</strong><br />(+32 for winning)
|l|‽lkajienjbfa
|player|p2|
|l|☆IAmFovos
|player|p1|
