|html|<div class="broadcast-blue"><strong>[Gen 9] OU is currently suspecting Volcarona! For information on how to participate check out the <a href="https://www.smogon.com/tools/suspects/view/208">suspect thread</a>.</strong></div>
|j|☆Jlenny8
|j|‽PuzzleSpirit
|t:|1778500843
|gametype|singles
|player|p1|Jlenny8|1|1449
|player|p2|PuzzleSpirit|265|1394
|gen|9
|tier|[Gen 9] OU
|rated|
|rule|HP Percentage Mod: HP is shown in percentages
|rule|Endless Battle Clause: Forcing endless battles is banned
|rule|Species Clause: Limit one of each Pokémon
|rule|OHKO Clause: OHKO moves are banned
|rule|Evasion Items Clause: Evasion items are banned
|rule|Evasion Moves Clause: Evasion moves are banned
|rule|Evasion Abilities Clause: Evasion abilities are banned
|rule|Sleep Moves Clause: Sleep-inducing moves are banned
|clearpoke
|poke|p1|Cinderace, M|
|poke|p1|Ogerpon-Wellspring, F|
|poke|p1|Kingambit, M|
|poke|p1|Incineroar, M|
|poke|p1|Clefable, M|
|poke|p1|Dragapult, F|
|poke|p2|Zarude-Dada|
|poke|p2|Cinderace, M|
|poke|p2|Tornadus-Therian, M|
|poke|p2|Primarina, M|
|poke|p2|Slither Wing|
|poke|p2|Hydreigon, F|
|teampreview
|inactive|Battle timer is ON: inactive players will automatically lose when time's up. (requested by Jlenny8)
|inactive|PuzzleSpirit has 120 seconds left.
|l|‽PuzzleSpirit
|inactive|PuzzleSpirit disconnected and has a minute to reconnect!
|player|p2|
|j|‽PuzzleSpirit
|inactive|PuzzleSpirit reconnected and has 80 seconds left.
|player|p2|PuzzleSpirit|265|
|n|‽PuzzleSpirit|puzzlespirit
|
|t:|1778500934
|teamsize|p1|6
|teamsize|p2|6
|start
|switch|p1a: Incineroar|Incineroar, M|100/100
|switch|p2a: Hydreigon|Hydreigon, F|100/100
|-ability|p1a: Incineroar|Intimidate|boost
|-unboost|p2a: Hydreigon|atk|1
|turn|1
|
|t:|1778500942
|move|p1a: Incineroar|Fake Out|p2a: Hydreigon
|-damage|p2a: Hydreigon|88/100
|cant|p2a: Hydreigon|flinch
|
|upkeep
|turn|2
|
|t:|1778500947
|move|p2a: Hydreigon|Taunt|p1a: Incineroar
|-start|p1a: Incineroar|move: Taunt
|cant|p1a: Incineroar|move: Taunt|Will-O-Wisp
|
|upkeep
|turn|3
|
|t:|1778500958
|switch|p1a: Kingambit|Kingambit, M|100/100
|-item|p1a: Kingambit|Air Balloon
|move|p2a: Hydreigon|Stealth Rock|p1a: Kingambit
|-sidestart|p1: Jlenny8|move: Stealth Rock
|
|upkeep
|turn|4
|
|t:|1778500983
|switch|p2a: Cinderace|Cinderace, M|100/100
|move|p1a: Kingambit|Brick Break|p2a: Cinderace
|-damage|p2a: Cinderace|58/100
|
|upkeep
|turn|5
|
|t:|1778500999
|switch|p2a: Slither Wing|Slither Wing|100/100
|-enditem|p2a: Slither Wing|Booster Energy
|-activate|p2a: Slither Wing|ability: Protosynthesis|[fromitem]
|-start|p2a: Slither Wing|protosynthesisatk
|-end|p1a: Kingambit|fallenundefined|[silent]
|switch|p1a: Dragapult|Dragapult, F|100/100
|-damage|p1a: Dragapult|88/100|[from] Stealth Rock
|
|upkeep
|turn|6
|
|t:|1778501014
|move|p1a: Dragapult|Flamethrower|p2a: Slither Wing
|-supereffective|p2a: Slither Wing
|-damage|p2a: Slither Wing|33/100
|move|p2a: Slither Wing|Flame Charge|p1a: Dragapult
|-resisted|p1a: Dragapult
|-damage|p1a: Dragapult|73/100
|-boost|p2a: Slither Wing|spe|1
|
|upkeep
|turn|7
|inactive|PuzzleSpirit has 120 seconds left.
|
|t:|1778501030
|-terastallize|p2a: Slither Wing|Fire
|move|p2a: Slither Wing|Leech Life|p1a: Dragapult
|-resisted|p1a: Dragapult
|-damage|p1a: Dragapult|33/100
|-heal|p2a: Slither Wing|53/100|[from] drain|[of] p1a: Dragapult
|move|p1a: Dragapult|Flamethrower|p2a: Slither Wing
|-resisted|p2a: Slither Wing
|-damage|p2a: Slither Wing|39/100
|
|upkeep
|turn|8
|
|t:|1778501054
|switch|p1a: Incineroar|Incineroar, M|100/100
|-damage|p1a: Incineroar|76/100|[from] Stealth Rock
|-ability|p1a: Incineroar|Intimidate|boost
|-unboost|p2a: Slither Wing|atk|1
|move|p2a: Slither Wing|Leech Life|p1a: Incineroar
|-damage|p1a: Incineroar|40/100
|-heal|p2a: Slither Wing|62/100|[from] drain|[of] p1a: Incineroar
|
|-heal|p1a: Incineroar|46/100|[from] item: Leftovers
|upkeep
|turn|9
|inactive|Jlenny8 has 120 seconds left.
|
|t:|1778501069
|move|p1a: Incineroar|Fake Out|p2a: Slither Wing
|-damage|p2a: Slither Wing|47/100
|cant|p2a: Slither Wing|flinch
|
|-heal|p1a: Incineroar|53/100|[from] item: Leftovers
|upkeep
|turn|10
|
|t:|1778501077
|move|p2a: Slither Wing|Earthquake|p1a: Incineroar
|-supereffective|p1a: Incineroar
|-damage|p1a: Incineroar|0 fnt
|faint|p1a: Incineroar
|
|upkeep
|
|t:|1778501084
|switch|p1a: Cinderace|Cinderace, M|100/100
|turn|11
|
|t:|1778501092
|move|p1a: Cinderace|Sucker Punch|p2a: Slither Wing
|-start|p1a: Cinderace|typechange|Dark|[from] ability: Libero
|-damage|p2a: Slither Wing|5/100
|move|p2a: Slither Wing|Earthquake|p1a: Cinderace
|-damage|p1a: Cinderace|53/100
|
|upkeep
|turn|12
|
|t:|1778501103
|-end|p2a: Slither Wing|Protosynthesis|[silent]
|switch|p2a: Hydreigon|Hydreigon, F|88/100
|move|p1a: Cinderace|High Jump Kick|p2a: Hydreigon
|-supereffective|p2a: Hydreigon
|-damage|p2a: Hydreigon|0 fnt
|faint|p2a: Hydreigon
|
|upkeep
|
|t:|1778501122
|switch|p2a: Zarude|Zarude-Dada|100/100
|turn|13
|
|t:|1778501126
|move|p2a: Zarude|U-turn|p1a: Cinderace
|-supereffective|p1a: Cinderace
|-damage|p1a: Cinderace|0 fnt
|faint|p1a: Cinderace
|
|t:|1778501149
|switch|p2a: Tornadus|Tornadus-Therian, M|100/100|[from] U-turn
|
|upkeep
|
|t:|1778501154
|switch|p1a: Kingambit|Kingambit, M|100/100
|-damage|p1a: Kingambit|94/100|[from] Stealth Rock
|-activate|p1a: Kingambit|ability: Supreme Overlord
|-start|p1a: Kingambit|fallen2|[silent]
|-item|p1a: Kingambit|Air Balloon
|turn|14
|
|t:|1778501174
|move|p2a: Tornadus|U-turn|p1a: Kingambit
|-damage|p1a: Kingambit|85/100
|-enditem|p1a: Kingambit|Air Balloon
|inactive|PuzzleSpirit has 120 seconds left.
|
|t:|1778501184
|switch|p2a: Zarude|Zarude-Dada|100/100|[from] U-turn
|move|p1a: Kingambit|Kowtow Cleave|p2a: Zarude
|-resisted|p2a: Zarude
|-damage|p2a: Zarude|71/100
|
|upkeep
|turn|15
|inactive|PuzzleSpirit has 120 seconds left.
|
|t:|1778501200
|move|p2a: Zarude|U-turn|p1a: Kingambit
|-damage|p1a: Kingambit|65/100
|
|t:|1778501202
|switch|p2a: Tornadus|Tornadus-Therian, M|100/100|[from] U-turn
|move|p1a: Kingambit|Brick Break|p2a: Tornadus
|-resisted|p2a: Tornadus
|-damage|p2a: Tornadus|78/100
|
|upkeep
|turn|16
|inactive|PuzzleSpirit has 120 seconds left.
|
|t:|1778501213
|move|p1a: Kingambit|Sucker Punch|p2a: Tornadus
|-damage|p2a: Tornadus|6/100
|move|p2a: Tornadus|U-turn|p1a: Kingambit
|-crit|p1a: Kingambit
|-damage|p1a: Kingambit|49/100
|inactive|PuzzleSpirit has 120 seconds left.
|
|t:|1778501236
|switch|p2a: Zarude|Zarude-Dada|71/100|[from] U-turn
|
|upkeep
|turn|17
|
|t:|1778501241
|move|p2a: Zarude|U-turn|p1a: Kingambit
|-damage|p1a: Kingambit|29/100
|
|t:|1778501244
|switch|p2a: Slither Wing|Slither Wing, tera:Fire|5/100|[from] U-turn
|move|p1a: Kingambit|Iron Head|p2a: Slither Wing
|-resisted|p2a: Slither Wing
|-damage|p2a: Slither Wing|0 fnt
|faint|p2a: Slither Wing
|-end|p2a: Slither Wing|Protosynthesis|[silent]
|
|upkeep
|inactive|PuzzleSpirit has 120 seconds left.
|
|t:|1778501258
|switch|p2a: Primarina|Primarina, M|100/100
|turn|18
|
|t:|1778501261
|move|p2a: Primarina|Surf|p1a: Kingambit
|-damage|p1a: Kingambit|0 fnt
|faint|p1a: Kingambit
|-end|p1a: Kingambit|fallen2|[silent]
|
|upkeep
|
|t:|1778501266
|switch|p1a: Ogerpon|Ogerpon-Wellspring, F|100/100
|-damage|p1a: Ogerpon|88/100|[from] Stealth Rock
|turn|19
|inactive|PuzzleSpirit has 120 seconds left.
|
|t:|1778501290
|switch|p2a: Zarude|Zarude-Dada|71/100
|move|p1a: Ogerpon|U-turn|p2a: Zarude
|-supereffective|p2a: Zarude
|-damage|p2a: Zarude|0 fnt
|faint|p2a: Zarude
|
|t:|1778501299
|switch|p1a: Dragapult|Dragapult, F|33/100|[from] U-turn
|-damage|p1a: Dragapult|21/100|[from] Stealth Rock
|
|upkeep
|inactive|PuzzleSpirit has 120 seconds left.
|
|t:|1778501311
|switch|p2a: Primarina|Primarina, M|100/100
|turn|20
|inactive|PuzzleSpirit has 120 seconds left.
|
|t:|1778501322
|switch|p1a: Clefable|Clefable, M|100/100
|-damage|p1a: Clefable|88/100|[from] Stealth Rock
|move|p2a: Primarina|Draining Kiss|p1a: Clefable
|-damage|p1a: Clefable|62/100
|
|-heal|p1a: Clefable|68/100|[from] item: Leftovers
|upkeep
|turn|21
|inactive|PuzzleSpirit has 120 seconds left.
|
|t:|1778501334
|move|p2a: Primarina|Flip Turn|p1a: Clefable
|-damage|p1a: Clefable|57/100
|
|t:|1778501337
|switch|p2a: Cinderace|Cinderace, M|58/100|[from] Flip Turn
|move|p1a: Clefable|Wish|p1a: Clefable
|
|-heal|p1a: Clefable|63/100|[from] item: Leftovers
|upkeep
|turn|22
|
|t:|1778501345
|move|p1a: Clefable|Protect|p1a: Clefable
|-singleturn|p1a: Clefable|Protect
|move|p2a: Cinderace|Gunk Shot|p1a: Clefable
|-start|p2a: Cinderace|typechange|Poison|[from] ability: Libero
|-activate|p1a: Clefable|move: Protect
|
|-heal|p1a: Clefable|100/100|[from] move: Wish|[wisher] Clefable
|upkeep
|turn|23
|
|t:|1778501358
|-terastallize|p1a: Clefable|Steel
|move|p2a: Cinderace|Gunk Shot|p1a: Clefable
|-immune|p1a: Clefable
|move|p1a: Clefable|Moonblast|p2a: Cinderace
|-resisted|p2a: Cinderace
|-damage|p2a: Cinderace|37/100
|
|upkeep
|turn|24
|
|t:|1778501368
|move|p1a: Clefable|Protect|p1a: Clefable
|-singleturn|p1a: Clefable|Protect
|move|p2a: Cinderace|Pyro Ball|p1a: Clefable
|-activate|p1a: Clefable|move: Protect
|
|upkeep
|turn|25
|
|t:|1778501376
|move|p2a: Cinderace|U-turn|p1a: Clefable
|-resisted|p1a: Clefable
|-damage|p1a: Clefable|92/100
|
|t:|1778501378
|switch|p2a: Tornadus|Tornadus-Therian, M|39/100|[from] U-turn
|move|p1a: Clefable|Moonblast|p2a: Tornadus
|-damage|p2a: Tornadus|0 fnt
|faint|p2a: Tornadus
|
|-heal|p1a: Clefable|98/100|[from] item: Leftovers
|upkeep
|
|t:|1778501386
|switch|p2a: Cinderace|Cinderace, M|37/100
|turn|26
|
|t:|1778501393
|move|p2a: Cinderace|Pyro Ball|p1a: Clefable
|-supereffective|p1a: Clefable
|-damage|p1a: Clefable|8/100
|move|p1a: Clefable|Moonblast|p2a: Cinderace
|-resisted|p2a: Cinderace
|-damage|p2a: Cinderace|14/100
|
|-heal|p1a: Clefable|14/100|[from] item: Leftovers
|upkeep
|turn|27
|
|t:|1778501407
|move|p2a: Cinderace|Pyro Ball|p1a: Clefable
|-supereffective|p1a: Clefable
|-damage|p1a: Clefable|0 fnt
|faint|p1a: Clefable
|
|upkeep
|
|t:|1778501412
|switch|p1a: Ogerpon|Ogerpon-Wellspring, F|88/100
|-damage|p1a: Ogerpon|76/100|[from] Stealth Rock
|turn|28
|
|t:|1778501429
|move|p2a: Cinderace|Gunk Shot|p1a: Ogerpon|[miss]
|-start|p2a: Cinderace|typechange|Poison|[from] ability: Libero
|-miss|p2a: Cinderace|p1a: Ogerpon
|move|p1a: Ogerpon|Ivy Cudgel|p2a: Cinderace|[anim] Ivy Cudgel Water
|-damage|p2a: Cinderace|0 fnt
|faint|p2a: Cinderace
|
|upkeep
|
|t:|1778501436
|switch|p2a: Primarina|Primarina, M|100/100
|turn|29
|
|t:|1778501441
|move|p1a: Ogerpon|Horn Leech|p2a: Primarina
|-supereffective|p2a: Primarina
|-damage|p2a: Primarina|1/100
|-heal|p1a: Ogerpon|100/100|[from] drain|[of] p2a: Primarina
|move|p2a: Primarina|Draining Kiss|p1a: Ogerpon
|-damage|p1a: Ogerpon|65/100
|-heal|p2a: Primarina|23/100|[from] drain|[of] p1a: Ogerpon
|
|upkeep
|turn|30
|
|t:|1778501453
|move|p1a: Ogerpon|Horn Leech|p2a: Primarina
|-supereffective|p2a: Primarina
|-damage|p2a: Primarina|0 fnt
|-heal|p1a: Ogerpon|79/100|[from] drain|[of] p2a: Primarina
|faint|p2a: Primarina
|
|win|Jlenny8
|raw|Jlenny8's rating: 1449 &rarr; <strong>1466</strong><br />(+17 for winning)
|raw|PuzzleSpirit's rating: 1394 &rarr; <strong>1377</strong><br />(-17 for losing)
|l|‽PuzzleSpirit
|player|p2|
|l|☆Jlenny8
|player|p1|
