|html|<div class="broadcast-blue"><strong>[Gen 9] OU is currently suspecting Tera Blast! For information on how to participate check out the <a href="https://www.smogon.com/tools/suspects/view/200">suspect thread</a>.</strong></div>
|j|‽orange fruit
|j|☆ceo o wo chien
|t:|1776060312
|gametype|singles
|player|p1|orange fruit|cynthia|1799
|player|p2|ceo o wo chien|fisherman-gen4|1745
|gen|9
|tier|[Gen 9] OU
|rated|
|rule|HP Percentage Mod: HP is shown in percentages
|rule|Endless Battle Clause: Forcing endless battles is banned
|rule|Species Clause: Limit one of each Pokémon
|rule|OHKO Clause: OHKO moves are banned
|rule|Evasion Items Clause: Evasion items are banned
|rule|Evasion Moves Clause: Evasion moves are banned
|rule|Evasion Abilities Clause: Evasion abilities are banned
|rule|Sleep Moves Clause: Sleep-inducing moves are banned
|clearpoke
|poke|p1|Tyranitar, F|
|poke|p1|Alomomola, M|
|poke|p1|Gliscor, M|
|poke|p1|Sinistcha|
|poke|p1|Cinderace, F|
|poke|p1|Iron Crown|
|poke|p2|Wo-Chien|
|poke|p2|Clefable, M|
|poke|p2|Gholdengo|
|poke|p2|Great Tusk|
|poke|p2|Dragonite, F|
|poke|p2|Garganacl, M|
|teampreview
|inactive|Battle timer is ON: inactive players will automatically lose when time's up. (requested by ceo o wo chien)
|j| ohko_smeargle
|
|t:|1776060332
|teamsize|p1|6
|teamsize|p2|6
|start
|switch|p1a: Tyranitar|Tyranitar, F|100/100
|switch|p2a: Clefable|Clefable, M|100/100
|-weather|Sandstorm|[from] ability: Sand Stream|[of] p1a: Tyranitar
|turn|1
|
|t:|1776060338
|switch|p2a: Great Tusk|Great Tusk|100/100
|move|p1a: Tyranitar|Stone Edge|p2a: Great Tusk
|-resisted|p2a: Great Tusk
|-damage|p2a: Great Tusk|85/100
|
|-weather|Sandstorm|[upkeep]
|upkeep
|turn|2
|
|t:|1776060342
|switch|p1a: Alomomola|Alomomola, M|100/100
|move|p2a: Great Tusk|Knock Off|p1a: Alomomola
|-damage|p1a: Alomomola|80/100
|-enditem|p1a: Alomomola|Assault Vest|[from] move: Knock Off|[of] p2a: Great Tusk
|
|-weather|Sandstorm|[upkeep]
|-damage|p1a: Alomomola|74/100|[from] Sandstorm
|upkeep
|turn|3
|
|t:|1776060346
|move|p2a: Great Tusk|Rapid Spin|p1a: Alomomola
|-damage|p1a: Alomomola|64/100
|-boost|p2a: Great Tusk|spe|1
|move|p1a: Alomomola|Flip Turn|p2a: Great Tusk
|-supereffective|p2a: Great Tusk
|-damage|p2a: Great Tusk|60/100
|
|t:|1776060362
|switch|p1a: Gliscor|Gliscor, M|100/100|[from] Flip Turn
|
|-weather|Sandstorm|[upkeep]
|-status|p1a: Gliscor|tox|[from] item: Toxic Orb
|upkeep
|turn|4
|
|t:|1776060365
|move|p2a: Great Tusk|Ice Spinner|p1a: Gliscor
|-supereffective|p1a: Gliscor
|-damage|p1a: Gliscor|24/100 tox
|move|p1a: Gliscor|Toxic|p2a: Great Tusk
|-status|p2a: Great Tusk|tox
|
|-weather|Sandstorm|[upkeep]
|-damage|p2a: Great Tusk|54/100 tox|[from] psn
|-heal|p1a: Gliscor|36/100 tox|[from] ability: Poison Heal
|upkeep
|turn|5
|
|t:|1776060372
|switch|p1a: Alomomola|Alomomola, M|97/100
|move|p2a: Great Tusk|Ice Spinner|p1a: Alomomola
|-resisted|p1a: Alomomola
|-damage|p1a: Alomomola|89/100
|
|-weather|none
|-damage|p2a: Great Tusk|41/100 tox|[from] psn
|upkeep
|turn|6
|
|t:|1776060377
|-end|p2a: Great Tusk|Protosynthesis|[silent]
|switch|p2a: Young Money|Gholdengo|100/100
|move|p1a: Alomomola|Flip Turn|p2a: Young Money
|-damage|p2a: Young Money|82/100
|
|t:|1776060382
|switch|p1a: Cinderace|Cinderace, F|100/100|[from] Flip Turn
|
|upkeep
|turn|7
|
|t:|1776060390
|move|p2a: Young Money|Thunder Wave|p1a: Cinderace
|-status|p1a: Cinderace|par
|cant|p1a: Cinderace|par
|
|upkeep
|turn|8
|
|t:|1776060396
|switch|p2a: Garganacl|Garganacl, M|100/100
|move|p1a: Cinderace|U-turn|p2a: Garganacl
|-start|p1a: Cinderace|typechange|Bug|[from] ability: Libero
|-damage|p2a: Garganacl|77/100
|
|t:|1776060399
|switch|p1a: Tyranitar|Tyranitar, F|100/100|[from] U-turn
|-weather|Sandstorm|[from] ability: Sand Stream|[of] p1a: Tyranitar
|
|-weather|Sandstorm|[upkeep]
|-heal|p2a: Garganacl|84/100|[from] item: Leftovers
|upkeep
|turn|9
|
|t:|1776060402
|move|p2a: Garganacl|Protect|p2a: Garganacl
|-singleturn|p2a: Garganacl|Protect
|move|p1a: Tyranitar|Low Kick|p2a: Garganacl
|-activate|p2a: Garganacl|move: Protect
|
|-weather|Sandstorm|[upkeep]
|-heal|p2a: Garganacl|90/100|[from] item: Leftovers
|upkeep
|turn|10
|
|t:|1776060404
|switch|p2a: Young Money|Gholdengo|82/100
|move|p1a: Tyranitar|Low Kick|p2a: Young Money
|-immune|p2a: Young Money
|
|-weather|Sandstorm|[upkeep]
|upkeep
|turn|11
|j| rehan blukutuk
|
|t:|1776060409
|switch|p1a: Alomomola|Alomomola, M|100/100
|move|p2a: Young Money|Trick|p1a: Alomomola
|-activate|p2a: Young Money|move: Trick|[of] p1a: Alomomola
|-item|p1a: Alomomola|Choice Scarf|[from] move: Trick
|-enditem|p2a: Young Money|Choice Scarf|[silent]|[from] move: Trick
|
|-weather|Sandstorm|[upkeep]
|-damage|p1a: Alomomola|94/100|[from] Sandstorm
|upkeep
|turn|12
|
|t:|1776060417
|move|p2a: Young Money|Thunder Wave|p1a: Alomomola
|-status|p1a: Alomomola|par
|move|p1a: Alomomola|Flip Turn|p2a: Young Money
|-damage|p2a: Young Money|64/100
|
|t:|1776060423
|switch|p1a: Gliscor|Gliscor, M|36/100 tox|[from] Flip Turn
|
|-weather|none
|-heal|p1a: Gliscor|49/100 tox|[from] ability: Poison Heal
|upkeep
|turn|13
|
|t:|1776060428
|move|p1a: Gliscor|Protect|p1a: Gliscor
|-singleturn|p1a: Gliscor|Protect
|move|p2a: Young Money|Make It Rain|p1a: Gliscor
|-activate|p1a: Gliscor|move: Protect
|
|-heal|p1a: Gliscor|61/100 tox|[from] ability: Poison Heal
|upkeep
|turn|14
|
|t:|1776060431
|switch|p2a: Clefable|Clefable, M|100/100
|switch|p1a: Alomomola|Alomomola, M|100/100 par
|
|upkeep
|turn|15
|
|t:|1776060434
|move|p2a: Clefable|Calm Mind|p2a: Clefable
|-boost|p2a: Clefable|spa|1
|-boost|p2a: Clefable|spd|1
|cant|p1a: Alomomola|par
|
|upkeep
|turn|16
|
|t:|1776060437
|switch|p1a: Tyranitar|Tyranitar, F|100/100
|-weather|Sandstorm|[from] ability: Sand Stream|[of] p1a: Tyranitar
|move|p2a: Clefable|Calm Mind|p2a: Clefable
|-boost|p2a: Clefable|spa|1
|-boost|p2a: Clefable|spd|1
|
|-weather|Sandstorm|[upkeep]
|upkeep
|turn|17
|
|t:|1776060440
|move|p1a: Tyranitar|Stone Edge|p2a: Clefable|[miss]
|-miss|p1a: Tyranitar|p2a: Clefable
|move|p2a: Clefable|Moonblast|p1a: Tyranitar
|-supereffective|p1a: Tyranitar
|-damage|p1a: Tyranitar|0 fnt
|faint|p1a: Tyranitar
|
|-weather|Sandstorm|[upkeep]
|upkeep
|
|t:|1776060450
|switch|p1a: Gliscor|Gliscor, M|61/100 tox
|turn|18
|
|t:|1776060454
|move|p1a: Gliscor|Toxic|p2a: Clefable
|-status|p2a: Clefable|tox
|move|p2a: Clefable|Calm Mind|p2a: Clefable
|-boost|p2a: Clefable|spa|1
|-boost|p2a: Clefable|spd|1
|
|-weather|Sandstorm|[upkeep]
|-heal|p1a: Gliscor|73/100 tox|[from] ability: Poison Heal
|upkeep
|turn|19
|
|t:|1776060459
|move|p1a: Gliscor|Knock Off|p2a: Clefable
|-resisted|p2a: Clefable
|-damage|p2a: Clefable|91/100 tox
|-enditem|p2a: Clefable|Life Orb|[from] move: Knock Off|[of] p1a: Gliscor
|move|p2a: Clefable|Moonblast|p1a: Gliscor
|-damage|p1a: Gliscor|0 fnt
|faint|p1a: Gliscor
|
|-weather|Sandstorm|[upkeep]
|upkeep
|
|t:|1776060469
|switch|p1a: Iron Crown|Iron Crown|100/100
|turn|20
|
|t:|1776060474
|-terastallize|p2a: Clefable|Water
|move|p1a: Iron Crown|Tachyon Cutter|p2a: Clefable
|-resisted|p2a: Clefable
|-damage|p2a: Clefable|86/100 tox
|-resisted|p2a: Clefable
|-damage|p2a: Clefable|81/100 tox
|-hitcount|p2a: Clefable|2
|move|p2a: Clefable|Flamethrower|p1a: Iron Crown
|-supereffective|p1a: Iron Crown
|-damage|p1a: Iron Crown|0 fnt
|faint|p1a: Iron Crown
|-end|p1a: Iron Crown|Quark Drive|[silent]
|
|-weather|none
|upkeep
|
|t:|1776060479
|switch|p1a: Sinistcha|Sinistcha|100/100
|turn|21
|
|t:|1776060484
|-terastallize|p1a: Sinistcha|Poison
|move|p1a: Sinistcha|Calm Mind|p1a: Sinistcha
|-boost|p1a: Sinistcha|spa|1
|-boost|p1a: Sinistcha|spd|1
|move|p2a: Clefable|Moonblast|p1a: Sinistcha
|-resisted|p1a: Sinistcha
|-damage|p1a: Sinistcha|64/100
|
|upkeep
|turn|22
|
|t:|1776060488
|move|p1a: Sinistcha|Calm Mind|p1a: Sinistcha
|-boost|p1a: Sinistcha|spa|1
|-boost|p1a: Sinistcha|spd|1
|move|p2a: Clefable|Moonblast|p1a: Sinistcha
|-resisted|p1a: Sinistcha
|-damage|p1a: Sinistcha|37/100
|
|upkeep
|turn|23
|
|t:|1776060494
|move|p1a: Sinistcha|Matcha Gotcha|p2a: Clefable
|-supereffective|p2a: Clefable
|-damage|p2a: Clefable|28/100 tox
|-heal|p1a: Sinistcha|68/100|[from] drain|[of] p2a: Clefable
|move|p2a: Clefable|Moonblast|p1a: Sinistcha
|-resisted|p1a: Sinistcha
|-damage|p1a: Sinistcha|41/100
|
|upkeep
|turn|24
|
|t:|1776060507
|move|p1a: Sinistcha|Matcha Gotcha|p2a: Clefable
|-supereffective|p2a: Clefable
|-damage|p2a: Clefable|0 fnt
|-heal|p1a: Sinistcha|56/100|[from] drain|[of] p2a: Clefable
|faint|p2a: Clefable
|
|upkeep
|
|t:|1776060515
|switch|p2a: Great Tusk|Great Tusk|41/100 tox
|turn|25
|
|t:|1776060517
|switch|p1a: Alomomola|Alomomola, M|100/100 par
|move|p2a: Great Tusk|Headlong Rush|p1a: Alomomola
|-damage|p1a: Alomomola|67/100 par
|-unboost|p2a: Great Tusk|def|1
|-unboost|p2a: Great Tusk|spd|1
|
|-damage|p2a: Great Tusk|35/100 tox|[from] psn
|upkeep
|turn|26
|
|t:|1776060522
|-end|p2a: Great Tusk|Protosynthesis|[silent]
|switch|p2a: Young Money|Gholdengo|64/100
|cant|p1a: Alomomola|par
|
|upkeep
|turn|27
|
|t:|1776060527
|switch|p2a: Escargoat|Wo-Chien|100/100
|-ability|p2a: Escargoat|Tablets of Ruin
|move|p1a: Alomomola|Flip Turn|p2a: Escargoat
|-resisted|p2a: Escargoat
|-damage|p2a: Escargoat|96/100
|
|t:|1776060529
|switch|p1a: Cinderace|Cinderace, F|100/100 par|[from] Flip Turn
|
|-heal|p2a: Escargoat|100/100|[from] item: Leftovers
|upkeep
|turn|28
|
|t:|1776060531
|move|p2a: Escargoat|Protect|p2a: Escargoat
|-singleturn|p2a: Escargoat|Protect
|move|p1a: Cinderace|U-turn|p2a: Escargoat
|-start|p1a: Cinderace|typechange|Bug|[from] ability: Libero
|-activate|p2a: Escargoat|move: Protect
|
|upkeep
|turn|29
|
|t:|1776060533
|switch|p2a: Garganacl|Garganacl, M|90/100
|cant|p1a: Cinderace|par
|
|-heal|p2a: Garganacl|96/100|[from] item: Leftovers
|upkeep
|turn|30
|
|t:|1776060536
|move|p1a: Cinderace|U-turn|p2a: Garganacl
|-damage|p2a: Garganacl|75/100
|
|t:|1776060538
|switch|p1a: Alomomola|Alomomola, M|99/100 par|[from] U-turn
|move|p2a: Garganacl|Salt Cure|p1a: Alomomola
|-damage|p1a: Alomomola|93/100 par
|-start|p1a: Alomomola|Salt Cure
|
|-heal|p2a: Garganacl|81/100|[from] item: Leftovers
|-damage|p1a: Alomomola|68/100 par|[from] Salt Cure
|upkeep
|turn|31
|
|t:|1776060541
|move|p2a: Garganacl|Stealth Rock|p1a: Alomomola
|-sidestart|p1: orange fruit|move: Stealth Rock
|cant|p1a: Alomomola|par
|
|-heal|p2a: Garganacl|88/100|[from] item: Leftovers
|-damage|p1a: Alomomola|43/100 par|[from] Salt Cure
|upkeep
|turn|32
|
|t:|1776060543
|move|p2a: Garganacl|Protect|p2a: Garganacl
|-singleturn|p2a: Garganacl|Protect
|cant|p1a: Alomomola|par
|
|-heal|p2a: Garganacl|94/100|[from] item: Leftovers
|-damage|p1a: Alomomola|18/100 par|[from] Salt Cure
|upkeep
|turn|33
|
|t:|1776060545
|move|p2a: Garganacl|Protect||[still]
|-fail|p2a: Garganacl
|move|p1a: Alomomola|Flip Turn|p2a: Garganacl
|-supereffective|p2a: Garganacl
|-damage|p2a: Garganacl|70/100
|
|t:|1776060547
|switch|p1a: Sinistcha|Sinistcha, tera:Poison|56/100|[from] Flip Turn
|
|-heal|p2a: Garganacl|76/100|[from] item: Leftovers
|upkeep
|turn|34
|
|t:|1776060552
|move|p1a: Sinistcha|Shadow Ball|p2a: Garganacl
|-crit|p2a: Garganacl
|-damage|p2a: Garganacl|60/100
|move|p2a: Garganacl|Salt Cure|p1a: Sinistcha
|-damage|p1a: Sinistcha|46/100
|-start|p1a: Sinistcha|Salt Cure
|
|-heal|p2a: Garganacl|66/100|[from] item: Leftovers
|-damage|p1a: Sinistcha|34/100|[from] Salt Cure
|upkeep
|turn|35
|
|t:|1776060558
|switch|p1a: Cinderace|Cinderace, F|100/100 par
|switch|p2a: Young Money|Gholdengo|64/100
|
|upkeep
|turn|36
|
|t:|1776060561
|move|p1a: Cinderace|Sucker Punch|p2a: Young Money
|-start|p1a: Cinderace|typechange|Dark|[from] ability: Libero
|-supereffective|p2a: Young Money
|-damage|p2a: Young Money|0 fnt
|faint|p2a: Young Money
|
|upkeep
|
|t:|1776060562
|switch|p2a: Dragonite|Dragonite, F|100/100
|turn|37
|
|t:|1776060566
|move|p2a: Dragonite|Dragon Dance|p2a: Dragonite
|-boost|p2a: Dragonite|atk|1
|-boost|p2a: Dragonite|spe|1
|move|p1a: Cinderace|U-turn|p2a: Dragonite
|-resisted|p2a: Dragonite
|-damage|p2a: Dragonite|95/100
|
|t:|1776060569
|switch|p1a: Alomomola|Alomomola, M|51/100 par|[from] U-turn
|-damage|p1a: Alomomola|39/100 par|[from] Stealth Rock
|
|upkeep
|turn|38
|
|t:|1776060572
|move|p2a: Dragonite|Earthquake|p1a: Alomomola
|-damage|p1a: Alomomola|5/100 par
|move|p1a: Alomomola|Body Slam|p2a: Dragonite
|-damage|p2a: Dragonite|80/100
|
|upkeep
|turn|39
|
|t:|1776060575
|move|p2a: Dragonite|Earthquake|p1a: Alomomola
|-damage|p1a: Alomomola|0 fnt
|faint|p1a: Alomomola
|
|upkeep
|
|t:|1776060577
|switch|p1a: Cinderace|Cinderace, F|100/100 par
|turn|40
|
|t:|1776060581
|cant|p1a: Cinderace|par
|move|p2a: Dragonite|Roost|p2a: Dragonite
|-heal|p2a: Dragonite|100/100
|-singleturn|p2a: Dragonite|move: Roost
|
|upkeep
|turn|41
|
|t:|1776060590
|cant|p1a: Cinderace|par
|move|p2a: Dragonite|Earthquake|p1a: Cinderace
|-supereffective|p1a: Cinderace
|-damage|p1a: Cinderace|0 fnt
|faint|p1a: Cinderace
|
|upkeep
|
|t:|1776060592
|switch|p1a: Sinistcha|Sinistcha, tera:Poison|34/100
|turn|42
|-message|orange fruit forfeited.
|
|win|ceo o wo chien
|raw|orange fruit's rating: 1799 &rarr; <strong>1776</strong><br />(-23 for losing)
|raw|ceo o wo chien's rating: 1745 &rarr; <strong>1768</strong><br />(+23 for winning)
|l|‽orange fruit
|player|p1|
|l| ohko_smeargle
|l| rehan blukutuk
