|html|<div class="broadcast-blue"><strong>[Gen 9] OU is currently suspecting Tera Blast! For information on how to participate check out the <a href="https://www.smogon.com/tools/suspects/view/200">suspect thread</a>.</strong></div>
|j|☆zimbabwe2137
|j|☆dasdadawdasdad
|t:|1776077329
|gametype|singles
|player|p1|zimbabwe2137|101|1068
|player|p2|dasdadawdasdad|preschooler|1062
|gen|9
|tier|[Gen 9] OU
|rated|
|rule|HP Percentage Mod: HP is shown in percentages
|rule|Endless Battle Clause: Forcing endless battles is banned
|rule|Species Clause: Limit one of each Pokémon
|rule|OHKO Clause: OHKO moves are banned
|rule|Evasion Items Clause: Evasion items are banned
|rule|Evasion Moves Clause: Evasion moves are banned
|rule|Evasion Abilities Clause: Evasion abilities are banned
|rule|Sleep Moves Clause: Sleep-inducing moves are banned
|clearpoke
|poke|p1|Alomomola, F|
|poke|p1|Kingambit, F|
|poke|p1|Great Tusk|
|poke|p1|Ogerpon-Wellspring, F|
|poke|p1|Gholdengo|
|poke|p1|Primarina, M|
|poke|p2|Heatran, F|
|poke|p2|Alomomola, F|
|poke|p2|Gliscor, F|
|poke|p2|Corviknight, M|
|poke|p2|Garganacl, F|
|poke|p2|Clodsire, F|
|teampreview
|
|t:|1776077338
|teamsize|p1|6
|teamsize|p2|6
|start
|switch|p1a: Great Tusk|Great Tusk|100/100
|switch|p2a: Garganacl|Garganacl, F|100/100
|turn|1
|
|t:|1776077354
|move|p1a: Great Tusk|Stealth Rock|p2a: Garganacl
|-sidestart|p2: dasdadawdasdad|move: Stealth Rock
|move|p2a: Garganacl|Stealth Rock|p1a: Great Tusk
|-sidestart|p1: zimbabwe2137|move: Stealth Rock
|
|upkeep
|turn|2
|
|t:|1776077362
|switch|p2a: Corviknight|Corviknight, M|100/100
|-damage|p2a: Corviknight|88/100|[from] Stealth Rock
|-ability|p2a: Corviknight|Pressure
|move|p1a: Great Tusk|Rapid Spin|p2a: Corviknight
|-resisted|p2a: Corviknight
|-damage|p2a: Corviknight|82/100
|-boost|p1a: Great Tusk|spe|1
|-damage|p1a: Great Tusk|84/100|[from] item: Rocky Helmet|[of] p2a: Corviknight
|-sideend|p1: zimbabwe2137|Stealth Rock|[from] move: Rapid Spin|[of] p1a: Great Tusk
|
|upkeep
|turn|3
|
|t:|1776077375
|-end|p1a: Great Tusk|Protosynthesis|[silent]
|switch|p1a: Gholdengo|Gholdengo|100/100
|-item|p1a: Gholdengo|Air Balloon
|move|p2a: Corviknight|Iron Defense|p2a: Corviknight
|-boost|p2a: Corviknight|def|2
|
|upkeep
|turn|4
|
|t:|1776077385
|switch|p2a: Heatran|Heatran, F|100/100
|-damage|p2a: Heatran|88/100|[from] Stealth Rock
|move|p1a: Gholdengo|Thunder Wave|p2a: Heatran
|-status|p2a: Heatran|par
|
|-heal|p2a: Heatran|94/100 par|[from] item: Leftovers
|upkeep
|turn|5
|
|t:|1776077401
|switch|p1a: Ogerpon|Ogerpon-Wellspring, F|100/100
|cant|p2a: Heatran|par
|
|-heal|p2a: Heatran|100/100 par|[from] item: Leftovers
|upkeep
|turn|6
|
|t:|1776077415
|switch|p2a: Corviknight|Corviknight, M|82/100
|-damage|p2a: Corviknight|69/100|[from] Stealth Rock
|-ability|p2a: Corviknight|Pressure
|move|p1a: Ogerpon|Ivy Cudgel|p2a: Corviknight|[anim] Ivy Cudgel Water
|-damage|p2a: Corviknight|30/100
|
|upkeep
|turn|7
|
|t:|1776077432
|move|p1a: Ogerpon|Ivy Cudgel|p2a: Corviknight|[anim] Ivy Cudgel Water
|-damage|p2a: Corviknight|0 fnt
|faint|p2a: Corviknight
|
|upkeep
|
|t:|1776077439
|switch|p2a: Garganacl|Garganacl, F|100/100
|-damage|p2a: Garganacl|88/100|[from] Stealth Rock
|turn|8
|
|t:|1776077444
|-terastallize|p2a: Garganacl|Flying
|move|p1a: Ogerpon|Ivy Cudgel|p2a: Garganacl|[anim] Ivy Cudgel Water
|-damage|p2a: Garganacl|51/100
|move|p2a: Garganacl|Salt Cure|p1a: Ogerpon
|-damage|p1a: Ogerpon|83/100
|-start|p1a: Ogerpon|Salt Cure
|
|-damage|p1a: Ogerpon|58/100|[from] Salt Cure
|upkeep
|turn|9
|
|t:|1776077457
|move|p1a: Ogerpon|Knock Off|p2a: Garganacl
|-damage|p2a: Garganacl|27/100
|-enditem|p2a: Garganacl|Iapapa Berry|[from] move: Knock Off|[of] p1a: Ogerpon
|move|p2a: Garganacl|Recover|p2a: Garganacl
|-heal|p2a: Garganacl|77/100
|
|-damage|p1a: Ogerpon|33/100|[from] Salt Cure
|upkeep
|turn|10
|
|t:|1776077471
|switch|p1a: Gholdengo|Gholdengo|100/100
|-item|p1a: Gholdengo|Air Balloon
|move|p2a: Garganacl|Stealth Rock|p1a: Gholdengo
|-sidestart|p1: zimbabwe2137|move: Stealth Rock
|
|upkeep
|turn|11
|
|t:|1776077481
|move|p1a: Gholdengo|Thunder Wave|p2a: Garganacl
|-immune|p2a: Garganacl|[from] ability: Purifying Salt
|move|p2a: Garganacl|Salt Cure|p1a: Gholdengo
|-resisted|p1a: Gholdengo
|-damage|p1a: Gholdengo|94/100
|-start|p1a: Gholdengo|Salt Cure
|-enditem|p1a: Gholdengo|Air Balloon
|
|-damage|p1a: Gholdengo|69/100|[from] Salt Cure
|upkeep
|turn|12
|
|t:|1776077494
|move|p2a: Garganacl|Protect|p2a: Garganacl
|-singleturn|p2a: Garganacl|Protect
|move|p1a: Gholdengo|Nasty Plot|p1a: Gholdengo
|-boost|p1a: Gholdengo|spa|2
|
|-damage|p1a: Gholdengo|44/100|[from] Salt Cure
|upkeep
|turn|13
|
|t:|1776077502
|move|p1a: Gholdengo|Make It Rain|p2a: Garganacl
|-damage|p2a: Garganacl|0 fnt
|-unboost|p1a: Gholdengo|spa|1
|faint|p2a: Garganacl
|
|-damage|p1a: Gholdengo|19/100|[from] Salt Cure
|upkeep
|
|t:|1776077514
|switch|p2a: Clodsire|Clodsire, F|100/100
|-damage|p2a: Clodsire|94/100|[from] Stealth Rock
|turn|14
|
|t:|1776077531
|move|p1a: Gholdengo|Shadow Ball|p2a: Clodsire
|-damage|p2a: Clodsire|69/100
|move|p2a: Clodsire|Toxic|p1a: Gholdengo
|-immune|p1a: Gholdengo|[from] ability: Good as Gold
|
|-heal|p2a: Clodsire|75/100|[from] item: Black Sludge
|-damage|p1a: Gholdengo|0 fnt|[from] Salt Cure
|faint|p1a: Gholdengo
|upkeep
|
|t:|1776077542
|switch|p1a: Great Tusk|Great Tusk|84/100
|-damage|p1a: Great Tusk|81/100|[from] Stealth Rock
|turn|15
|
|t:|1776077549
|move|p1a: Great Tusk|Rapid Spin|p2a: Clodsire
|-damage|p2a: Clodsire|54/100
|-boost|p1a: Great Tusk|spe|1
|-sideend|p1: zimbabwe2137|Stealth Rock|[from] move: Rapid Spin|[of] p1a: Great Tusk
|move|p2a: Clodsire|Toxic|p1a: Great Tusk
|-status|p1a: Great Tusk|tox
|
|-heal|p2a: Clodsire|61/100|[from] item: Black Sludge
|-damage|p1a: Great Tusk|75/100 tox|[from] psn
|upkeep
|turn|16
|
|t:|1776077561
|move|p2a: Clodsire|Protect|p2a: Clodsire
|-singleturn|p2a: Clodsire|Protect
|move|p1a: Great Tusk|Knock Off|p2a: Clodsire
|-activate|p2a: Clodsire|move: Protect
|
|-heal|p2a: Clodsire|67/100|[from] item: Black Sludge
|-damage|p1a: Great Tusk|62/100 tox|[from] psn
|upkeep
|turn|17
|
|t:|1776077580
|switch|p2a: Gliscor|Gliscor, F|100/100
|-damage|p2a: Gliscor|88/100|[from] Stealth Rock
|move|p1a: Great Tusk|Knock Off|p2a: Gliscor
|-damage|p2a: Gliscor|57/100
|-enditem|p2a: Gliscor|Toxic Orb|[from] move: Knock Off|[of] p1a: Great Tusk
|
|-damage|p1a: Great Tusk|44/100 tox|[from] psn
|upkeep
|turn|18
|-message|dasdadawdasdad forfeited.
|
|win|zimbabwe2137
|raw|zimbabwe2137's rating: 1068 &rarr; <strong>1097</strong><br />(+29 for winning)
|raw|dasdadawdasdad's rating: 1062 &rarr; <strong>1043</strong><br />(-19 for losing)
|l|☆dasdadawdasdad
|player|p2|
|l|☆zimbabwe2137
|player|p1|
|j|☆zimbabwe2137
|player|p1|zimbabwe2137|101|
