|html|<div class="broadcast-blue"><strong>[Gen 9] OU is currently suspecting Tera Blast! For information on how to participate check out the <a href="https://www.smogon.com/tools/suspects/view/200">suspect thread</a>.</strong></div>
|badge|p2|silver|gen9ou|30-9
|uhtml|medal-msg|<div class="broadcast-blue">Curious what those medals under the avatar are? PS now has Ladder Seasons! For more information, check out the <a href="https://www.smogon.com/forums/threads/3740067/">thread on Smogon.</a></div>
|j|☆team10thPlanet
|j|‽zeep vs zoop
|t:|1776184536
|gametype|singles
|player|p1|team10thPlanet|veteran|1673
|player|p2|zeep vs zoop|iris-gen5bw2|1830
|gen|9
|tier|[Gen 9] OU
|rated|
|rule|HP Percentage Mod: HP is shown in percentages
|rule|Endless Battle Clause: Forcing endless battles is banned
|rule|Species Clause: Limit one of each Pokémon
|rule|OHKO Clause: OHKO moves are banned
|rule|Evasion Items Clause: Evasion items are banned
|rule|Evasion Moves Clause: Evasion moves are banned
|rule|Evasion Abilities Clause: Evasion abilities are banned
|rule|Sleep Moves Clause: Sleep-inducing moves are banned
|clearpoke
|poke|p1|Zamazenta-*|
|poke|p1|Dragonite, M|
|poke|p1|Hoopa-Unbound|
|poke|p1|Araquanid, F|
|poke|p1|Iron Treads|
|poke|p1|Raikou|
|poke|p2|Zamazenta-*|
|poke|p2|Kingambit, F|
|poke|p2|Dragapult, M|
|poke|p2|Zapdos|
|poke|p2|Volcanion|
|poke|p2|Iron Treads|
|teampreview
|inactive|Battle timer is ON: inactive players will automatically lose when time's up. (requested by zeep vs zoop)
|
|t:|1776184549
|teamsize|p1|6
|teamsize|p2|6
|start
|switch|p1a: Hoopa|Hoopa-Unbound|100/100
|switch|p2a: Zapdos|Zapdos|100/100
|turn|1
|
|t:|1776184560
|switch|p1a: Iron Treads|Iron Treads|100/100
|-enditem|p1a: Iron Treads|Booster Energy
|-activate|p1a: Iron Treads|ability: Quark Drive|[fromitem]
|-start|p1a: Iron Treads|quarkdrivespe
|move|p2a: Zapdos|Volt Switch|p1a: Iron Treads
|-immune|p1a: Iron Treads
|
|upkeep
|turn|2
|
|t:|1776184583
|move|p1a: Iron Treads|Knock Off|p2a: Zapdos
|-damage|p2a: Zapdos|80/100
|-enditem|p2a: Zapdos|Heavy-Duty Boots|[from] move: Knock Off|[of] p1a: Iron Treads
|move|p2a: Zapdos|Heat Wave|p1a: Iron Treads
|-supereffective|p1a: Iron Treads
|-damage|p1a: Iron Treads|29/100
|
|upkeep
|turn|3
|
|t:|1776184596
|move|p1a: Iron Treads|Endeavor|p2a: Zapdos
|-damage|p2a: Zapdos|25/100
|move|p2a: Zapdos|Heat Wave|p1a: Iron Treads
|-supereffective|p1a: Iron Treads
|-damage|p1a: Iron Treads|0 fnt
|faint|p1a: Iron Treads
|-end|p1a: Iron Treads|Quark Drive|[silent]
|
|upkeep
|inactive|team10thPlanet has 120 seconds left.
|
|t:|1776184616
|switch|p1a: Diego ⚡️|Raikou|100/100
|turn|4
|
|t:|1776184619
|move|p1a: Diego ⚡️|Scald|p2a: Zapdos
|-damage|p2a: Zapdos|0 fnt
|faint|p2a: Zapdos
|
|upkeep
|
|t:|1776184630
|switch|p2a: Dragapult|Dragapult, M|100/100
|turn|5
|
|t:|1776184651
|switch|p1a: Johnny Tsunami 🌊|Araquanid, F|100/100
|move|p2a: Dragapult|Draco Meteor|p1a: Johnny Tsunami 🌊|[miss]
|-miss|p2a: Dragapult|p1a: Johnny Tsunami 🌊
|
|upkeep
|turn|6
|
|t:|1776184661
|move|p2a: Dragapult|Draco Meteor|p1a: Johnny Tsunami 🌊
|-damage|p1a: Johnny Tsunami 🌊|32/100
|-unboost|p2a: Dragapult|spa|2
|move|p1a: Johnny Tsunami 🌊|Sticky Web|p2a: Dragapult
|-sidestart|p2: zeep vs zoop|move: Sticky Web
|
|upkeep
|turn|7
|
|t:|1776184670
|move|p1a: Johnny Tsunami 🌊|Endure|p1a: Johnny Tsunami 🌊
|-singleturn|p1a: Johnny Tsunami 🌊|move: Endure
|move|p2a: Dragapult|Draco Meteor|p1a: Johnny Tsunami 🌊
|-activate|p1a: Johnny Tsunami 🌊|move: Endure
|-damage|p1a: Johnny Tsunami 🌊|1/100
|-unboost|p2a: Dragapult|spa|2
|
|upkeep
|turn|8
|-enditem|p1a: Johnny Tsunami 🌊|Custap Berry|[eat]
|-activate|p1a: Johnny Tsunami 🌊|item: Custap Berry|[consumed]
|
|t:|1776184679
|move|p1a: Johnny Tsunami 🌊|Surf|p2a: Dragapult
|-resisted|p2a: Dragapult
|-damage|p2a: Dragapult|59/100
|move|p2a: Dragapult|Draco Meteor|p1a: Johnny Tsunami 🌊
|-damage|p1a: Johnny Tsunami 🌊|0 fnt
|-unboost|p2a: Dragapult|spa|2
|faint|p1a: Johnny Tsunami 🌊
|
|upkeep
|
|t:|1776184691
|switch|p1a: Hoopa|Hoopa-Unbound|100/100
|turn|9
|
|t:|1776184697
|switch|p2a: Kingambit|Kingambit, F|100/100
|-activate|p2a: Kingambit|move: Sticky Web
|-unboost|p2a: Kingambit|spe|1
|-activate|p2a: Kingambit|ability: Supreme Overlord
|-start|p2a: Kingambit|fallen1|[silent]
|move|p1a: Hoopa|Dark Pulse|p2a: Kingambit
|-resisted|p2a: Kingambit
|-damage|p2a: Kingambit|77/100
|
|-heal|p2a: Kingambit|83/100|[from] item: Leftovers
|upkeep
|turn|10
|inactive|team10thPlanet has 120 seconds left.
|
|t:|1776184735
|switch|p1a: Fat Boy|Dragonite, M, shiny|100/100
|-end|p2a: Kingambit|fallen1|[silent]
|switch|p2a: Dragapult|Dragapult, M|59/100
|-activate|p2a: Dragapult|move: Sticky Web
|-fail|p2a: Dragapult|unboost|[from] ability: Clear Body|[of] p2a: Dragapult
|
|upkeep
|turn|11
|inactive|team10thPlanet has 120 seconds left.
|
|t:|1776184761
|move|p2a: Dragapult|Draco Meteor|p1a: Fat Boy
|-supereffective|p1a: Fat Boy
|-damage|p1a: Fat Boy|25/100
|-unboost|p2a: Dragapult|spa|2
|move|p1a: Fat Boy|Earthquake|p2a: Dragapult
|-damage|p2a: Dragapult|0 fnt
|faint|p2a: Dragapult
|
|upkeep
|inactive|zeep vs zoop has 120 seconds left.
|
|t:|1776184793
|switch|p2a: Iron Treads|Iron Treads|100/100
|-activate|p2a: Iron Treads|move: Sticky Web
|-unboost|p2a: Iron Treads|spe|1
|turn|12
|
|t:|1776184800
|-terastallize|p2a: Iron Treads|Ghost
|move|p2a: Iron Treads|Rapid Spin|p1a: Fat Boy
|-damage|p1a: Fat Boy|11/100
|-boost|p2a: Iron Treads|spe|1
|-sideend|p2: zeep vs zoop|Sticky Web|[from] move: Rapid Spin|[of] p2a: Iron Treads
|move|p1a: Fat Boy|Earthquake|p2a: Iron Treads
|-damage|p2a: Iron Treads|47/100
|
|-heal|p2a: Iron Treads|53/100|[from] item: Leftovers
|upkeep
|turn|13
|
|t:|1776184816
|move|p2a: Iron Treads|Stealth Rock|p1a: Fat Boy
|-sidestart|p1: team10thPlanet|move: Stealth Rock
|move|p1a: Fat Boy|Earthquake|p2a: Iron Treads
|-damage|p2a: Iron Treads|1/100
|
|-heal|p2a: Iron Treads|8/100|[from] item: Leftovers
|upkeep
|turn|14
|
|t:|1776184825
|move|p2a: Iron Treads|Rapid Spin|p1a: Fat Boy
|-damage|p1a: Fat Boy|0 fnt
|-boost|p2a: Iron Treads|spe|1
|faint|p1a: Fat Boy
|
|-heal|p2a: Iron Treads|14/100|[from] item: Leftovers
|upkeep
|
|t:|1776184836
|switch|p1a: Zamazenta|Zamazenta|100/100
|-damage|p1a: Zamazenta|94/100|[from] Stealth Rock
|-ability|p1a: Zamazenta|Dauntless Shield|boost
|-boost|p1a: Zamazenta|def|1
|turn|15
|
|t:|1776184844
|move|p2a: Iron Treads|Knock Off|p1a: Zamazenta
|-resisted|p1a: Zamazenta
|-damage|p1a: Zamazenta|84/100
|-enditem|p1a: Zamazenta|Choice Band|[from] move: Knock Off|[of] p2a: Iron Treads
|move|p1a: Zamazenta|Crunch|p2a: Iron Treads
|-supereffective|p2a: Iron Treads
|-damage|p2a: Iron Treads|0 fnt
|faint|p2a: Iron Treads
|-end|p2a: Iron Treads|Quark Drive|[silent]
|
|upkeep
|
|t:|1776184851
|switch|p2a: Volcanion|Volcanion|100/100
|turn|16
|inactive|team10thPlanet has 120 seconds left.
|j| volbeatluvr
|
|t:|1776184876
|switch|p1a: Diego ⚡️|Raikou|100/100
|-damage|p1a: Diego ⚡️|88/100|[from] Stealth Rock
|move|p2a: Volcanion|Will-O-Wisp|p1a: Diego ⚡️|[miss]
|-miss|p2a: Volcanion|p1a: Diego ⚡️
|
|upkeep
|turn|17
|
|t:|1776184885
|move|p1a: Diego ⚡️|Thunderbolt|p2a: Volcanion
|-supereffective|p2a: Volcanion
|-damage|p2a: Volcanion|0 fnt
|faint|p2a: Volcanion
|
|upkeep
|
|t:|1776184892
|switch|p2a: Kingambit|Kingambit, F|83/100
|-activate|p2a: Kingambit|ability: Supreme Overlord
|-start|p2a: Kingambit|fallen4|[silent]
|turn|18
|inactive|team10thPlanet has 120 seconds left.
|
|t:|1776184898
|move|p1a: Diego ⚡️|Thunderbolt|p2a: Kingambit
|-damage|p2a: Kingambit|20/100
|move|p2a: Kingambit|Kowtow Cleave|p1a: Diego ⚡️
|-damage|p1a: Diego ⚡️|0 fnt
|faint|p1a: Diego ⚡️
|
|-heal|p2a: Kingambit|26/100|[from] item: Leftovers
|upkeep
|j| legitsoda
|inactive|team10thPlanet has 120 seconds left.
|
|t:|1776184909
|switch|p1a: Zamazenta|Zamazenta|84/100
|-damage|p1a: Zamazenta|78/100|[from] Stealth Rock
|turn|19
|inactive|team10thPlanet has 120 seconds left.
|inactive|zeep vs zoop has 120 seconds left.
|inactive|zeep vs zoop has 90 seconds left.
|
|t:|1776184999
|-end|p2a: Kingambit|fallen4|[silent]
|switch|p2a: Zamazenta|Zamazenta|100/100
|-ability|p2a: Zamazenta|Dauntless Shield|boost
|-boost|p2a: Zamazenta|def|1
|move|p1a: Zamazenta|Close Combat|p2a: Zamazenta
|-damage|p2a: Zamazenta|73/100
|-unboost|p1a: Zamazenta|def|1
|-unboost|p1a: Zamazenta|spd|1
|
|-heal|p2a: Zamazenta|79/100|[from] item: Leftovers
|upkeep
|turn|20
|inactive|team10thPlanet has 120 seconds left.
|
|t:|1776185012
|switch|p1a: Hoopa|Hoopa-Unbound|100/100
|-damage|p1a: Hoopa|88/100|[from] Stealth Rock
|move|p2a: Zamazenta|Iron Defense|p2a: Zamazenta
|-boost|p2a: Zamazenta|def|2
|
|-heal|p2a: Zamazenta|85/100|[from] item: Leftovers
|upkeep
|turn|21
|inactive|team10thPlanet has 120 seconds left.
|
|t:|1776185041
|-terastallize|p1a: Hoopa|Fairy
|move|p1a: Hoopa|Tera Blast|p2a: Zamazenta|[anim] Tera Blast Fairy
|-supereffective|p2a: Zamazenta
|-damage|p2a: Zamazenta|10/100
|move|p2a: Zamazenta|Body Press|p1a: Hoopa
|-resisted|p1a: Hoopa
|-damage|p1a: Hoopa|17/100
|
|-heal|p2a: Zamazenta|16/100|[from] item: Leftovers
|upkeep
|turn|22
|
|t:|1776185067
|move|p1a: Hoopa|Tera Blast|p2a: Zamazenta|[anim] Tera Blast Fairy
|-supereffective|p2a: Zamazenta
|-damage|p2a: Zamazenta|0 fnt
|faint|p2a: Zamazenta
|
|upkeep
|
|t:|1776185069
|switch|p2a: Kingambit|Kingambit, F|26/100
|-activate|p2a: Kingambit|ability: Supreme Overlord
|-start|p2a: Kingambit|fallen5|[silent]
|turn|23
|
|t:|1776185077
|move|p2a: Kingambit|Sucker Punch|p1a: Hoopa
|-resisted|p1a: Hoopa
|-damage|p1a: Hoopa|0 fnt
|faint|p1a: Hoopa
|
|-heal|p2a: Kingambit|33/100|[from] item: Leftovers
|upkeep
|
|t:|1776185084
|switch|p1a: Zamazenta|Zamazenta|78/100
|-damage|p1a: Zamazenta|72/100|[from] Stealth Rock
|turn|24
|inactive|team10thPlanet has 120 seconds left.
|inactive|zeep vs zoop has 90 seconds left.
|
|t:|1776185100
|move|p2a: Kingambit|Sucker Punch|p1a: Zamazenta
|-resisted|p1a: Zamazenta
|-damage|p1a: Zamazenta|46/100
|move|p1a: Zamazenta|Close Combat|p2a: Kingambit
|-supereffective|p2a: Kingambit
|-damage|p2a: Kingambit|0 fnt
|-unboost|p1a: Zamazenta|def|1
|-unboost|p1a: Zamazenta|spd|1
|faint|p2a: Kingambit
|-end|p2a: Kingambit|fallen5|[silent]
|
|win|team10thPlanet
|raw|team10thPlanet's rating: 1673 &rarr; <strong>1701</strong><br />(+28 for winning)
|raw|zeep vs zoop's rating: 1830 &rarr; <strong>1802</strong><br />(-28 for losing)
|l|‽zeep vs zoop
|player|p2|
|l| volbeatluvr
|c|☆team10thPlanet|don’t feel bad. im on an alt
|c|☆team10thPlanet|random ass team
|l|☆team10thPlanet
|player|p1|
|j|☆team10thPlanet
|player|p1|team10thPlanet|veteran|
