|html|<div class="broadcast-blue"><strong>[Gen 9] OU is currently suspecting Tera Blast! For information on how to participate check out the <a href="https://www.smogon.com/tools/suspects/view/200">suspect thread</a>.</strong></div>
|j|☆calio5
|j|☆blueisnoob
|t:|1776108009
|gametype|singles
|player|p1|calio5|170|1550
|player|p2|blueisnoob|170|1593
|gen|9
|tier|[Gen 9] OU
|rated|
|rule|HP Percentage Mod: HP is shown in percentages
|rule|Endless Battle Clause: Forcing endless battles is banned
|rule|Species Clause: Limit one of each Pokémon
|rule|OHKO Clause: OHKO moves are banned
|rule|Evasion Items Clause: Evasion items are banned
|rule|Evasion Moves Clause: Evasion moves are banned
|rule|Evasion Abilities Clause: Evasion abilities are banned
|rule|Sleep Moves Clause: Sleep-inducing moves are banned
|clearpoke
|poke|p1|Zapdos|
|poke|p1|Volcanion|
|poke|p1|Corviknight, F|
|poke|p1|Clodsire, F|
|poke|p1|Dondozo, M|
|poke|p1|Politoed, F|
|poke|p2|Zamazenta-*|
|poke|p2|Ogerpon-Wellspring, F|
|poke|p2|Slowking-Galar, F|
|poke|p2|Great Tusk|
|poke|p2|Kingambit, M|
|poke|p2|Zapdos|
|teampreview
|j| kopwdkmw
|
|t:|1776108052
|teamsize|p1|6
|teamsize|p2|6
|start
|switch|p1a: Volcanion|Volcanion|100/100
|switch|p2a: Ogerpon|Ogerpon-Wellspring, F|100/100
|turn|1
|
|t:|1776108060
|move|p2a: Ogerpon|Knock Off|p1a: Volcanion
|-damage|p1a: Volcanion|69/100
|-enditem|p1a: Volcanion|Heavy-Duty Boots|[from] move: Knock Off|[of] p2a: Ogerpon
|move|p1a: Volcanion|Sludge Bomb|p2a: Ogerpon
|-supereffective|p2a: Ogerpon
|-damage|p2a: Ogerpon|34/100
|
|upkeep
|turn|2
|
|t:|1776108067
|move|p2a: Ogerpon|Power Whip|p1a: Volcanion
|-damage|p1a: Volcanion|9/100
|move|p1a: Volcanion|Flamethrower|p2a: Ogerpon
|-damage|p2a: Ogerpon|0 fnt
|faint|p2a: Ogerpon
|
|upkeep
|
|t:|1776108071
|switch|p2a: Great Tusk|Great Tusk, shiny|100/100
|turn|3
|
|t:|1776108076
|move|p2a: Great Tusk|Rapid Spin|p1a: Volcanion
|-damage|p1a: Volcanion|0 fnt
|-boost|p2a: Great Tusk|spe|1
|faint|p1a: Volcanion
|
|upkeep
|
|t:|1776108081
|switch|p1a: Politoed|Politoed, F|100/100
|-weather|RainDance|[from] ability: Drizzle|[of] p1a: Politoed
|turn|4
|
|t:|1776108087
|move|p2a: Great Tusk|Headlong Rush|p1a: Politoed
|-damage|p1a: Politoed|25/100
|-unboost|p2a: Great Tusk|def|1
|-unboost|p2a: Great Tusk|spd|1
|move|p1a: Politoed|Surf|p2a: Great Tusk
|-supereffective|p2a: Great Tusk
|-crit|p2a: Great Tusk
|-damage|p2a: Great Tusk|0 fnt
|faint|p2a: Great Tusk
|-end|p2a: Great Tusk|Protosynthesis|[silent]
|
|-weather|RainDance|[upkeep]
|upkeep
|
|t:|1776108092
|switch|p2a: Zapdos|Zapdos|100/100
|turn|5
|
|t:|1776108098
|switch|p1a: Clodsire|Clodsire, F|100/100
|move|p2a: Zapdos|Hurricane|p1a: Clodsire
|-damage|p1a: Clodsire|74/100
|
|-weather|RainDance|[upkeep]
|-heal|p1a: Clodsire|80/100|[from] item: Black Sludge
|upkeep
|turn|6
|
|t:|1776108106
|switch|p2a: Slowking|Slowking-Galar, F|100/100
|move|p1a: Clodsire|Stealth Rock|p2a: Slowking
|-sidestart|p2: blueisnoob|move: Stealth Rock
|
|-weather|RainDance|[upkeep]
|-heal|p1a: Clodsire|86/100|[from] item: Black Sludge
|upkeep
|turn|7
|
|t:|1776108112
|move|p1a: Clodsire|Earthquake|p2a: Slowking
|-supereffective|p2a: Slowking
|-damage|p2a: Slowking|27/100
|move|p2a: Slowking|Psyshock|p1a: Clodsire
|-supereffective|p1a: Clodsire
|-damage|p1a: Clodsire|0 fnt
|faint|p1a: Clodsire
|
|-weather|RainDance|[upkeep]
|upkeep
|
|t:|1776108124
|switch|p1a: Zapdos|Zapdos|100/100
|turn|8
|
|t:|1776108127
|switch|p2a: Zapdos|Zapdos|100/100
|move|p1a: Zapdos|Thunder|p2a: Zapdos
|-damage|p2a: Zapdos|53/100
|
|-weather|RainDance|[upkeep]
|upkeep
|turn|9
|
|t:|1776108133
|move|p1a: Zapdos|Thunder|p2a: Zapdos
|-damage|p2a: Zapdos|2/100
|move|p2a: Zapdos|Roost|p2a: Zapdos
|-heal|p2a: Zapdos|52/100
|-singleturn|p2a: Zapdos|move: Roost
|
|-weather|RainDance|[upkeep]
|upkeep
|turn|10
|
|t:|1776108142
|move|p1a: Zapdos|Thunder|p2a: Zapdos
|-damage|p2a: Zapdos|0 fnt
|faint|p2a: Zapdos
|
|-weather|RainDance|[upkeep]
|upkeep
|
|t:|1776108145
|switch|p2a: Zamazenta|Zamazenta|100/100
|-damage|p2a: Zamazenta|94/100|[from] Stealth Rock
|-ability|p2a: Zamazenta|Dauntless Shield|boost
|-boost|p2a: Zamazenta|def|1
|turn|11
|
|t:|1776108151
|move|p2a: Zamazenta|Stone Edge|p1a: Zapdos
|-supereffective|p1a: Zapdos
|-damage|p1a: Zapdos|9/100
|move|p1a: Zapdos|Thunder|p2a: Zamazenta
|-damage|p2a: Zamazenta|45/100
|
|-weather|none
|upkeep
|turn|12
|
|t:|1776108160
|switch|p1a: Politoed|Politoed, F|25/100
|-weather|RainDance|[from] ability: Drizzle|[of] p1a: Politoed
|move|p2a: Zamazenta|Crunch|p1a: Politoed
|-damage|p1a: Politoed|0 fnt
|faint|p1a: Politoed
|
|-weather|RainDance|[upkeep]
|upkeep
|
|t:|1776108170
|switch|p1a: Dondozo|Dondozo, M|100/100
|turn|13
|
|t:|1776108173
|switch|p2a: Slowking|Slowking-Galar, F|60/100
|-damage|p2a: Slowking|48/100|[from] Stealth Rock
|move|p1a: Dondozo|Curse|p1a: Dondozo
|-unboost|p1a: Dondozo|spe|1
|-boost|p1a: Dondozo|atk|1
|-boost|p1a: Dondozo|def|1
|
|-weather|RainDance|[upkeep]
|upkeep
|turn|14
|
|t:|1776108182
|-terastallize|p2a: Slowking|Water
|move|p1a: Dondozo|Liquidation|p2a: Slowking
|-resisted|p2a: Slowking
|-damage|p2a: Slowking|5/100
|move|p2a: Slowking|Sludge Bomb|p1a: Dondozo
|-damage|p1a: Dondozo|56/100
|
|-weather|RainDance|[upkeep]
|-heal|p1a: Dondozo|62/100|[from] item: Leftovers
|upkeep
|turn|15
|
|t:|1776108191
|switch|p2a: Kingambit|Kingambit, M|100/100
|-damage|p2a: Kingambit|94/100|[from] Stealth Rock
|-activate|p2a: Kingambit|ability: Supreme Overlord
|-start|p2a: Kingambit|fallen3|[silent]
|move|p1a: Dondozo|Earthquake|p2a: Kingambit
|-supereffective|p2a: Kingambit
|-damage|p2a: Kingambit|37/100
|
|-weather|RainDance|[upkeep]
|-heal|p2a: Kingambit|43/100|[from] item: Leftovers
|-heal|p1a: Dondozo|68/100|[from] item: Leftovers
|upkeep
|turn|16
|
|t:|1776108200
|move|p2a: Kingambit|Kowtow Cleave|p1a: Dondozo
|-damage|p1a: Dondozo|43/100
|move|p1a: Dondozo|Earthquake|p2a: Kingambit
|-supereffective|p2a: Kingambit
|-damage|p2a: Kingambit|0 fnt
|faint|p2a: Kingambit
|-end|p2a: Kingambit|fallen3|[silent]
|
|-weather|RainDance|[upkeep]
|-heal|p1a: Dondozo|49/100|[from] item: Leftovers
|upkeep
|
|t:|1776108212
|switch|p2a: Zamazenta|Zamazenta|45/100
|-damage|p2a: Zamazenta|39/100|[from] Stealth Rock
|turn|17
|
|t:|1776108216
|move|p2a: Zamazenta|Ice Fang|p1a: Dondozo
|-resisted|p1a: Dondozo
|-damage|p1a: Dondozo|45/100
|cant|p1a: Dondozo|flinch
|
|-weather|RainDance|[upkeep]
|-heal|p1a: Dondozo|51/100|[from] item: Leftovers
|upkeep
|turn|18
|
|t:|1776108223
|move|p2a: Zamazenta|Ice Fang|p1a: Dondozo
|-resisted|p1a: Dondozo
|-damage|p1a: Dondozo|47/100
|cant|p1a: Dondozo|flinch
|
|-weather|RainDance|[upkeep]
|-heal|p1a: Dondozo|53/100|[from] item: Leftovers
|upkeep
|turn|19
|
|t:|1776108230
|move|p2a: Zamazenta|Ice Fang|p1a: Dondozo|[miss]
|-miss|p2a: Zamazenta|p1a: Dondozo
|move|p1a: Dondozo|Liquidation|p2a: Zamazenta
|-damage|p2a: Zamazenta|0 fnt
|faint|p2a: Zamazenta
|
|-weather|none
|-heal|p1a: Dondozo|59/100|[from] item: Leftovers
|upkeep
|
|t:|1776108232
|switch|p2a: Slowking|Slowking-Galar, F, tera:Water|38/100
|-damage|p2a: Slowking|26/100|[from] Stealth Rock
|turn|20
|
|t:|1776108241
|move|p1a: Dondozo|Earthquake|p2a: Slowking
|-damage|p2a: Slowking|0 fnt
|faint|p2a: Slowking
|
|win|calio5
|raw|calio5's rating: 1550 &rarr; <strong>1572</strong><br />(+22 for winning)
|raw|blueisnoob's rating: 1593 &rarr; <strong>1571</strong><br />(-22 for losing)
|l|☆blueisnoob
|player|p2|
|l|☆calio5
|player|p1|
|l| kopwdkmw
