|html|<div class="broadcast-blue"><strong>[Gen 9] OU is currently suspecting Tera Blast! For information on how to participate check out the <a href="https://www.smogon.com/tools/suspects/view/200">suspect thread</a>.</strong></div>
|j|☆masked m
|j|☆Jarhel
|t:|1776031592
|gametype|singles
|player|p1|masked m|will|1162
|player|p2|Jarhel|red|1134
|gen|9
|tier|[Gen 9] OU
|rated|
|rule|HP Percentage Mod: HP is shown in percentages
|rule|Endless Battle Clause: Forcing endless battles is banned
|rule|Species Clause: Limit one of each Pokémon
|rule|OHKO Clause: OHKO moves are banned
|rule|Evasion Items Clause: Evasion items are banned
|rule|Evasion Moves Clause: Evasion moves are banned
|rule|Evasion Abilities Clause: Evasion abilities are banned
|rule|Sleep Moves Clause: Sleep-inducing moves are banned
|clearpoke
|poke|p1|Rotom-Wash|
|poke|p1|Dragonite, M|
|poke|p1|Iron Moth|
|poke|p1|Ting-Lu|
|poke|p1|Amoonguss, M|
|poke|p1|Gholdengo|
|poke|p2|Dragonite, F|
|poke|p2|Umbreon, F|
|poke|p2|Thundurus-Therian, M|
|poke|p2|Avalugg, M|
|poke|p2|Iron Valiant|
|poke|p2|Kommo-o, F|
|teampreview
|
|t:|1776031595
|teamsize|p1|6
|teamsize|p2|6
|start
|switch|p1a: Rotom|Rotom-Wash|100/100
|switch|p2a: Kommo-o|Kommo-o, F, shiny|100/100
|turn|1
|
|t:|1776031599
|move|p1a: Rotom|Will-O-Wisp|p2a: Kommo-o
|-status|p2a: Kommo-o|brn
|move|p2a: Kommo-o|Clangorous Soul|p2a: Kommo-o
|-boost|p2a: Kommo-o|atk|1
|-boost|p2a: Kommo-o|def|1
|-boost|p2a: Kommo-o|spa|1
|-boost|p2a: Kommo-o|spd|1
|-boost|p2a: Kommo-o|spe|1
|-damage|p2a: Kommo-o|68/100 brn
|-enditem|p2a: Kommo-o|Throat Spray
|-boost|p2a: Kommo-o|spa|1|[from] item: Throat Spray
|
|-damage|p2a: Kommo-o|61/100 brn|[from] brn
|upkeep
|turn|2
|
|t:|1776031613
|switch|p1a: Ting-Lu|Ting-Lu|100/100
|-ability|p1a: Ting-Lu|Vessel of Ruin
|move|p2a: Kommo-o|Dragon Pulse|p1a: Ting-Lu
|-damage|p1a: Ting-Lu|54/100
|
|-heal|p1a: Ting-Lu|60/100|[from] item: Leftovers
|-damage|p2a: Kommo-o|55/100 brn|[from] brn
|upkeep
|turn|3
|
|t:|1776031625
|move|p2a: Kommo-o|Aura Sphere|p1a: Ting-Lu
|-supereffective|p1a: Ting-Lu
|-damage|p1a: Ting-Lu|0 fnt
|faint|p1a: Ting-Lu
|
|-damage|p2a: Kommo-o|49/100 brn|[from] brn
|upkeep
|
|t:|1776031639
|switch|p1a: Rotom|Rotom-Wash|100/100
|turn|4
|
|t:|1776031654
|move|p2a: Kommo-o|Dragon Pulse|p1a: Rotom
|-damage|p1a: Rotom|25/100
|move|p1a: Rotom|Hydro Pump|p2a: Kommo-o|[miss]
|-miss|p1a: Rotom|p2a: Kommo-o
|
|-damage|p2a: Kommo-o|43/100 brn|[from] brn
|upkeep
|turn|5
|
|t:|1776031659
|move|p2a: Kommo-o|Dragon Pulse|p1a: Rotom
|-damage|p1a: Rotom|0 fnt
|faint|p1a: Rotom
|
|-damage|p2a: Kommo-o|37/100 brn|[from] brn
|upkeep
|
|t:|1776031660
|switch|p1a: Dragonite|Dragonite, M|100/100
|turn|6
|
|t:|1776031661
|move|p2a: Kommo-o|Dragon Pulse|p1a: Dragonite
|-supereffective|p1a: Dragonite
|-damage|p1a: Dragonite|25/100
|-enditem|p1a: Dragonite|Weakness Policy
|-boost|p1a: Dragonite|atk|2|[from] item: Weakness Policy
|-boost|p1a: Dragonite|spa|2|[from] item: Weakness Policy
|move|p1a: Dragonite|Dragon Dance|p1a: Dragonite
|-boost|p1a: Dragonite|atk|1
|-boost|p1a: Dragonite|spe|1
|
|-damage|p2a: Kommo-o|30/100 brn|[from] brn
|upkeep
|turn|7
|
|t:|1776031667
|move|p1a: Dragonite|Extreme Speed|p2a: Kommo-o
|-damage|p2a: Kommo-o|0 fnt
|faint|p2a: Kommo-o
|
|upkeep
|
|t:|1776031672
|switch|p2a: Avalugg|Avalugg, M|100/100
|turn|8
|
|t:|1776031675
|move|p1a: Dragonite|Earthquake|p2a: Avalugg
|-damage|p2a: Avalugg|64/100
|move|p2a: Avalugg|Avalanche|p1a: Dragonite
|-supereffective|p1a: Dragonite
|-crit|p1a: Dragonite
|-damage|p1a: Dragonite|0 fnt
|faint|p1a: Dragonite
|
|upkeep
|
|t:|1776031677
|switch|p1a: Iron Moth|Iron Moth|100/100
|-enditem|p1a: Iron Moth|Booster Energy
|-activate|p1a: Iron Moth|ability: Quark Drive|[fromitem]
|-start|p1a: Iron Moth|quarkdrivespa
|turn|9
|
|t:|1776031685
|switch|p2a: Umbreon|Umbreon, F, shiny|100/100
|move|p1a: Iron Moth|Fiery Dance|p2a: Umbreon
|-damage|p2a: Umbreon|68/100
|-boost|p1a: Iron Moth|spa|1
|
|-heal|p2a: Umbreon|74/100|[from] item: Leftovers
|upkeep
|turn|10
|
|t:|1776031690
|move|p1a: Iron Moth|Fiery Dance|p2a: Umbreon
|-damage|p2a: Umbreon|22/100
|move|p2a: Umbreon|Snarl|p1a: Iron Moth
|-damage|p1a: Iron Moth|86/100
|-unboost|p1a: Iron Moth|spa|1
|
|-heal|p2a: Umbreon|28/100|[from] item: Leftovers
|upkeep
|turn|11
|
|t:|1776031697
|move|p2a: Umbreon|Protect|p2a: Umbreon
|-singleturn|p2a: Umbreon|Protect
|move|p1a: Iron Moth|Agility|p1a: Iron Moth
|-boost|p1a: Iron Moth|spe|2
|
|-heal|p2a: Umbreon|34/100|[from] item: Leftovers
|upkeep
|turn|12
|
|t:|1776031701
|move|p1a: Iron Moth|Fiery Dance|p2a: Umbreon
|-damage|p2a: Umbreon|2/100
|move|p2a: Umbreon|Snarl|p1a: Iron Moth
|-damage|p1a: Iron Moth|73/100
|-unboost|p1a: Iron Moth|spa|1
|
|-heal|p2a: Umbreon|8/100|[from] item: Leftovers
|upkeep
|turn|13
|
|t:|1776031706
|move|p1a: Iron Moth|Fiery Dance|p2a: Umbreon
|-damage|p2a: Umbreon|0 fnt
|faint|p2a: Umbreon
|
|upkeep
|
|t:|1776031719
|switch|p2a: Thundurus|Thundurus-Therian, M, shiny|100/100
|turn|14
|
|t:|1776031726
|move|p1a: Iron Moth|Fiery Dance|p2a: Thundurus
|-damage|p2a: Thundurus|47/100
|-boost|p1a: Iron Moth|spa|1
|move|p2a: Thundurus|Thunderbolt|p1a: Iron Moth
|-damage|p1a: Iron Moth|0 fnt
|faint|p1a: Iron Moth
|-end|p1a: Iron Moth|Quark Drive|[silent]
|
|upkeep
|
|t:|1776031728
|switch|p1a: Gholdengo|Gholdengo|100/100
|turn|15
|
|t:|1776031733
|move|p1a: Gholdengo|Shadow Ball|p2a: Thundurus
|-damage|p2a: Thundurus|0 fnt
|faint|p2a: Thundurus
|
|upkeep
|
|t:|1776031743
|switch|p2a: Iron Valiant|Iron Valiant|100/100
|-enditem|p2a: Iron Valiant|Booster Energy
|-activate|p2a: Iron Valiant|ability: Quark Drive|[fromitem]
|-start|p2a: Iron Valiant|quarkdrivespe
|turn|16
|
|t:|1776031748
|move|p2a: Iron Valiant|Swords Dance|p2a: Iron Valiant
|-boost|p2a: Iron Valiant|atk|2
|move|p1a: Gholdengo|Shadow Ball|p2a: Iron Valiant
|-damage|p2a: Iron Valiant|19/100
|
|upkeep
|turn|17
|
|t:|1776031757
|move|p2a: Iron Valiant|Spirit Break|p1a: Gholdengo
|-resisted|p1a: Gholdengo
|-damage|p1a: Gholdengo|58/100
|-unboost|p1a: Gholdengo|spa|1
|move|p1a: Gholdengo|Shadow Ball|p2a: Iron Valiant
|-damage|p2a: Iron Valiant|0 fnt
|faint|p2a: Iron Valiant
|-end|p2a: Iron Valiant|Quark Drive|[silent]
|
|upkeep
|
|t:|1776031765
|switch|p2a: Dragonite|Dragonite, F, shiny|100/100
|turn|18
|
|t:|1776031770
|switch|p1a: Amoonguss|Amoonguss, M|100/100
|-terastallize|p2a: Dragonite|Normal
|move|p2a: Dragonite|Dragon Dance|p2a: Dragonite
|-boost|p2a: Dragonite|atk|1
|-boost|p2a: Dragonite|spe|1
|
|upkeep
|turn|19
|
|t:|1776031782
|move|p2a: Dragonite|Ice Spinner|p1a: Amoonguss
|-supereffective|p1a: Amoonguss
|-damage|p1a: Amoonguss|0 fnt
|faint|p1a: Amoonguss
|
|upkeep
|
|t:|1776031784
|switch|p1a: Gholdengo|Gholdengo|58/100
|turn|20
|
|t:|1776031787
|move|p1a: Gholdengo|Make It Rain|p2a: Dragonite
|-damage|p2a: Dragonite|63/100
|-unboost|p1a: Gholdengo|spa|1
|move|p2a: Dragonite|Earthquake|p1a: Gholdengo
|-supereffective|p1a: Gholdengo
|-damage|p1a: Gholdengo|0 fnt
|faint|p1a: Gholdengo
|
|win|Jarhel
|raw|masked m's rating: 1162 &rarr; <strong>1135</strong><br />(-27 for losing)
|raw|Jarhel's rating: 1134 &rarr; <strong>1161</strong><br />(+27 for winning)
|l|☆masked m
|player|p1|
|l|☆Jarhel
|player|p2|
