|html|<div class="broadcast-blue"><strong>[Gen 9] OU is currently suspecting Tera Blast! For information on how to participate check out the <a href="https://www.smogon.com/tools/suspects/view/200">suspect thread</a>.</strong></div>
|j|☆findamental
|j|☆fresquinha?
|t:|1776084674
|gametype|singles
|player|p1|findamental|plasmagrunt|1188
|player|p2|fresquinha?|pokemaniac|1172
|gen|9
|tier|[Gen 9] OU
|rated|
|rule|HP Percentage Mod: HP is shown in percentages
|rule|Endless Battle Clause: Forcing endless battles is banned
|rule|Species Clause: Limit one of each Pokémon
|rule|OHKO Clause: OHKO moves are banned
|rule|Evasion Items Clause: Evasion items are banned
|rule|Evasion Moves Clause: Evasion moves are banned
|rule|Evasion Abilities Clause: Evasion abilities are banned
|rule|Sleep Moves Clause: Sleep-inducing moves are banned
|clearpoke
|poke|p1|Raikou|
|poke|p1|Entei|
|poke|p1|Regirock|
|poke|p1|Registeel|
|poke|p1|Regice|
|poke|p1|Suicune|
|poke|p2|Umbreon, M|
|poke|p2|Mandibuzz, F|
|poke|p2|Clodsire, M|
|poke|p2|Hatterene, F|
|poke|p2|Slowking, M|
|poke|p2|Crocalor, F|
|teampreview
|inactive|Battle timer is ON: inactive players will automatically lose when time's up. (requested by fresquinha?)
|inactive|fresquinha? has 120 seconds left.
|
|t:|1776084714
|teamsize|p1|6
|teamsize|p2|6
|start
|switch|p1a: Heart Of Steel|Registeel|100/100
|switch|p2a: Checktung|Slowking, M|100/100
|turn|1
|
|t:|1776084721
|move|p1a: Heart Of Steel|Charge Beam|p2a: Checktung
|-supereffective|p2a: Checktung
|-damage|p2a: Checktung|87/100
|-boost|p1a: Heart Of Steel|spa|1
|move|p2a: Checktung|Trick|p1a: Heart Of Steel
|-activate|p2a: Checktung|move: Trick|[of] p1a: Heart Of Steel
|-item|p1a: Heart Of Steel|Choice Specs|[from] move: Trick
|-item|p2a: Checktung|Assault Vest|[from] move: Trick
|
|upkeep
|turn|2
|
|t:|1776084735
|move|p1a: Heart Of Steel|Sand Tomb|p2a: Checktung
|-crit|p2a: Checktung
|-damage|p2a: Checktung|80/100
|-activate|p2a: Checktung|move: Sand Tomb|[of] p1a: Heart Of Steel
|move|p2a: Checktung|Scald|p1a: Heart Of Steel
|-damage|p1a: Heart Of Steel|83/100
|
|-damage|p2a: Checktung|68/100|[from] move: Sand Tomb|[partiallytrapped]
|upkeep
|turn|3
|
|t:|1776084747
|switch|p1a: End Of The World|Raikou|100/100
|move|p2a: Checktung|Scald|p1a: End Of The World
|-damage|p1a: End Of The World|71/100
|-status|p1a: End Of The World|brn
|
|-damage|p1a: End Of The World|64/100 brn|[from] brn
|-end|p2a: Checktung|Sand Tomb|[partiallytrapped]|[silent]
|upkeep
|turn|4
|
|t:|1776084755
|switch|p2a: Checker|Umbreon, M|100/100
|move|p1a: End Of The World|Shadow Ball|p2a: Checker
|-resisted|p2a: Checker
|-damage|p2a: Checker|93/100
|
|-heal|p2a: Checker|99/100|[from] item: Leftovers
|-damage|p1a: End Of The World|58/100 brn|[from] brn
|upkeep
|turn|5
|
|t:|1776084761
|switch|p1a: True Beliver|Regirock|100/100
|move|p2a: Checker|Foul Play|p1a: True Beliver
|-damage|p1a: True Beliver|77/100
|
|-heal|p2a: Checker|100/100|[from] item: Leftovers
|upkeep
|turn|6
|
|t:|1776084767
|switch|p2a: Checktung|Slowking, M|100/100
|move|p1a: True Beliver|Curse|p1a: True Beliver
|-unboost|p1a: True Beliver|spe|1
|-boost|p1a: True Beliver|atk|1
|-boost|p1a: True Beliver|def|1
|
|upkeep
|turn|7
|
|t:|1776084774
|move|p2a: Checktung|Scald|p1a: True Beliver
|-supereffective|p1a: True Beliver
|-damage|p1a: True Beliver|27/100
|-status|p1a: True Beliver|brn
|-enditem|p1a: True Beliver|Weakness Policy
|-boost|p1a: True Beliver|atk|2|[from] item: Weakness Policy
|-boost|p1a: True Beliver|spa|2|[from] item: Weakness Policy
|move|p1a: True Beliver|Earthquake|p2a: Checktung
|-damage|p2a: Checktung|72/100
|
|-damage|p1a: True Beliver|21/100 brn|[from] brn
|upkeep
|turn|8
|
|t:|1776084783
|move|p2a: Checktung|Scald|p1a: True Beliver
|-supereffective|p1a: True Beliver
|-damage|p1a: True Beliver|0 fnt
|faint|p1a: True Beliver
|
|upkeep
|
|t:|1776084796
|switch|p1a: Blind And Frozen|Regice|100/100
|turn|9
|
|t:|1776084809
|move|p1a: Blind And Frozen|Thunderbolt|p2a: Checktung
|-supereffective|p2a: Checktung
|-damage|p2a: Checktung|39/100
|move|p2a: Checktung|Psychic|p1a: Blind And Frozen
|-damage|p1a: Blind And Frozen|86/100
|
|upkeep
|turn|10
|
|t:|1776084815
|switch|p2a: Crocalor|Crocalor, F|100/100
|move|p1a: Blind And Frozen|Amnesia|p1a: Blind And Frozen
|-boost|p1a: Blind And Frozen|spd|2
|
|upkeep
|turn|11
|
|t:|1776084820
|move|p1a: Blind And Frozen|Amnesia|p1a: Blind And Frozen
|-boost|p1a: Blind And Frozen|spd|2
|move|p2a: Crocalor|Fire Spin|p1a: Blind And Frozen
|-supereffective|p1a: Blind And Frozen
|-damage|p1a: Blind And Frozen|74/100
|-activate|p1a: Blind And Frozen|move: Fire Spin|[of] p2a: Crocalor
|
|-damage|p1a: Blind And Frozen|62/100|[from] move: Fire Spin|[partiallytrapped]
|upkeep
|turn|12
|c|☆fresquinha?|!dt unaware
|c|☆fresquinha?|/raw <ul class="utilichart"><li class="result"><span class="col namecol"><a href="https://dex.pokemonshowdown.com/abilities/unaware">Unaware</a></span> <span class="col abilitydesccol">This Pokemon ignores other Pokemon's stat stages when taking or doing damage.</span> </li><li style="clear:both"></li></ul>
|c|☆fresquinha?|/raw <font size="1"><font color="#686868">Gen:</font> 4&nbsp;|&ThickSpace;&#10003; Ignored by Mold Breaker</font>

|
|t:|1776084829
|move|p1a: Blind And Frozen|Thunderbolt|p2a: Crocalor
|-damage|p2a: Crocalor|81/100
|move|p2a: Crocalor|Flamethrower|p1a: Blind And Frozen
|-supereffective|p1a: Blind And Frozen
|-damage|p1a: Blind And Frozen|32/100
|-status|p1a: Blind And Frozen|brn
|
|-damage|p1a: Blind And Frozen|25/100 brn|[from] brn
|-damage|p1a: Blind And Frozen|13/100 brn|[from] move: Fire Spin|[partiallytrapped]
|upkeep
|turn|13
|c|☆findamental|hardy har har
|
|t:|1776084846
|move|p1a: Blind And Frozen|Thunderbolt|p2a: Crocalor
|-damage|p2a: Crocalor|60/100
|move|p2a: Crocalor|Flamethrower|p1a: Blind And Frozen
|-supereffective|p1a: Blind And Frozen
|-damage|p1a: Blind And Frozen|0 fnt
|faint|p1a: Blind And Frozen
|
|upkeep
|
|t:|1776084854
|switch|p1a: Blood Of A Lion|Entei|100/100
|turn|14
|
|t:|1776084866
|move|p1a: Blood Of A Lion|Stomping Tantrum|p2a: Crocalor
|-supereffective|p2a: Crocalor
|-damage|p2a: Crocalor|24/100
|move|p2a: Crocalor|Slack Off|p2a: Crocalor
|-heal|p2a: Crocalor|74/100
|
|upkeep
|turn|15
|
|t:|1776084878
|switch|p2a: Checking|Mandibuzz, F|100/100
|move|p1a: Blood Of A Lion|Stomping Tantrum|p2a: Checking
|-immune|p2a: Checking
|
|upkeep
|turn|16
|
|t:|1776084892
|switch|p1a: Heart Of Steel|Registeel|83/100
|move|p2a: Checking|Toxic|p1a: Heart Of Steel|[miss]
|-miss|p2a: Checking|p1a: Heart Of Steel
|
|upkeep
|turn|17
|c|☆fresquinha?|?
|c|☆fresquinha?|What is hardy har har
|
|t:|1776084911
|move|p2a: Checking|Foul Play|p1a: Heart Of Steel
|-damage|p1a: Heart Of Steel|71/100
|move|p1a: Heart Of Steel|Body Press|p2a: Checking
|-damage|p2a: Checking|81/100
|
|upkeep
|turn|18
|inactive|findamental has 120 seconds left.
|c|☆findamental|me laughing in ironic manner as i take you helping me as an insult due to my lacking confidence and skill
|
|t:|1776084964
|switch|p2a: Checktung|Slowking, M|73/100
|move|p1a: Heart Of Steel|Body Press|p2a: Checktung
|-resisted|p2a: Checktung
|-damage|p2a: Checktung|60/100
|
|upkeep
|turn|19
|c|☆fresquinha?|Oh I see
|c|☆fresquinha?|That was pretty self aware
|
|t:|1776084989
|switch|p1a: End Of The World|Raikou|58/100 brn
|move|p2a: Checktung|Scald|p1a: End Of The World
|-crit|p1a: End Of The World
|-damage|p1a: End Of The World|13/100 brn
|
|-damage|p1a: End Of The World|7/100 brn|[from] brn
|upkeep
|turn|20
|c|☆findamental|we are playing pokemon. you cant have an ego
|inactive|fresquinha? has 120 seconds left.
|c|☆fresquinha?|Self awareness and lack of ego isn't something to expect from a pokemon player
|
|t:|1776085033
|move|p1a: End Of The World|Thunderbolt|p2a: Checktung
|-supereffective|p2a: Checktung
|-damage|p2a: Checktung|6/100
|move|p2a: Checktung|Scald|p1a: End Of The World
|-damage|p1a: End Of The World|0 fnt
|faint|p1a: End Of The World
|
|upkeep
|
|t:|1776085039
|switch|p1a: Ghost In The Rain|Suicune|100/100
|-ability|p1a: Ghost In The Rain|Pressure
|turn|21
|c|☆fresquinha?|You know what I liked you
|c|☆fresquinha?|You seem a pretty nice person
|
|t:|1776085055
|switch|p2a: Checkelung|Clodsire, M|100/100
|move|p1a: Ghost In The Rain|Calm Mind|p1a: Ghost In The Rain
|-boost|p1a: Ghost In The Rain|spa|1
|-boost|p1a: Ghost In The Rain|spd|1
|
|upkeep
|turn|22
|inactive|findamental has 90 seconds left.
|c|☆findamental|i was dropping quite mean words irl tho
|
|t:|1776085084
|move|p1a: Ghost In The Rain|Ice Beam|p2a: Checkelung
|-supereffective|p2a: Checkelung
|-damage|p2a: Checkelung|46/100
|move|p2a: Checkelung|Gunk Shot|p1a: Ghost In The Rain|[miss]
|-miss|p2a: Checkelung|p1a: Ghost In The Rain
|
|-heal|p2a: Checkelung|52/100|[from] item: Leftovers
|upkeep
|turn|23
|c|☆fresquinha?|Who doesnt
|c|☆fresquinha?|Its human to be pissed at stall
|
|t:|1776085099
|switch|p2a: Checker|Umbreon, M|100/100
|move|p1a: Ghost In The Rain|Ice Beam|p2a: Checker
|-damage|p2a: Checker|79/100
|
|-heal|p2a: Checker|85/100|[from] item: Leftovers
|upkeep
|turn|24
|inactive|findamental has 90 seconds left.
|c|☆findamental|my team just also does that. 4 mons weak to ground and 0 res
|
|t:|1776085142
|move|p1a: Ghost In The Rain|Scald|p2a: Checker
|-damage|p2a: Checker|59/100
|-status|p2a: Checker|brn
|-activate|p2a: Checker|ability: Synchronize
|-status|p1a: Ghost In The Rain|brn
|move|p2a: Checker|Toxic||[still]
|-fail|p2a: Checker
|
|-heal|p2a: Checker|65/100 brn|[from] item: Leftovers
|-damage|p1a: Ghost In The Rain|94/100 brn|[from] brn
|-damage|p2a: Checker|59/100 brn|[from] brn
|upkeep
|turn|25
|inactive|fresquinha? has 120 seconds left.
|c|☆fresquinha?|But you are having fun
|c|☆fresquinha?|Also fuck that burn lol
|
|t:|1776085168
|move|p1a: Ghost In The Rain|Calm Mind|p1a: Ghost In The Rain
|-boost|p1a: Ghost In The Rain|spa|1
|-boost|p1a: Ghost In The Rain|spd|1
|move|p2a: Checker|Wish|p2a: Checker
|
|-heal|p1a: Ghost In The Rain|100/100 brn|[from] item: Leftovers
|-heal|p2a: Checker|65/100 brn|[from] item: Leftovers
|-damage|p1a: Ghost In The Rain|94/100 brn|[from] brn
|-damage|p2a: Checker|59/100 brn|[from] brn
|upkeep
|turn|26
|c|☆findamental|well yea. when it works it feels real good
|c|☆findamental|calculated
|
|t:|1776085186
|switch|p2a: Crocalor|Crocalor, F|74/100
|move|p1a: Ghost In The Rain|Scald|p2a: Crocalor
|-supereffective|p2a: Crocalor
|-damage|p2a: Crocalor|25/100
|
|-heal|p2a: Crocalor|78/100|[from] move: Wish|[wisher] Checker
|-heal|p1a: Ghost In The Rain|100/100 brn|[from] item: Leftovers
|-damage|p1a: Ghost In The Rain|94/100 brn|[from] brn
|upkeep
|turn|27
|c|☆fresquinha?|Worst part was synchronoise
|inactive|fresquinha? has 120 seconds left.
|
|t:|1776085197
|-terastallize|p2a: Crocalor|Flying
|move|p1a: Ghost In The Rain|Scald|p2a: Crocalor
|-damage|p2a: Crocalor|52/100
|move|p2a: Crocalor|Fire Spin|p1a: Ghost In The Rain
|-resisted|p1a: Ghost In The Rain
|-damage|p1a: Ghost In The Rain|90/100 brn
|-activate|p1a: Ghost In The Rain|move: Fire Spin|[of] p2a: Crocalor
|
|-heal|p1a: Ghost In The Rain|96/100 brn|[from] item: Leftovers
|-damage|p1a: Ghost In The Rain|90/100 brn|[from] brn
|-damage|p1a: Ghost In The Rain|77/100 brn|[from] move: Fire Spin|[partiallytrapped]
|upkeep
|turn|28
|
|t:|1776085206
|move|p1a: Ghost In The Rain|Ice Beam|p2a: Crocalor
|-supereffective|p2a: Crocalor
|-damage|p2a: Crocalor|17/100
|move|p2a: Crocalor|Slack Off|p2a: Crocalor
|-heal|p2a: Crocalor|68/100
|
|-heal|p1a: Ghost In The Rain|84/100 brn|[from] item: Leftovers
|-damage|p1a: Ghost In The Rain|77/100 brn|[from] brn
|-damage|p1a: Ghost In The Rain|65/100 brn|[from] move: Fire Spin|[partiallytrapped]
|upkeep
|turn|29
|
|t:|1776085210
|move|p1a: Ghost In The Rain|Calm Mind|p1a: Ghost In The Rain
|-boost|p1a: Ghost In The Rain|spa|1
|-boost|p1a: Ghost In The Rain|spd|1
|move|p2a: Crocalor|Slack Off|p2a: Crocalor
|-heal|p2a: Crocalor|100/100
|
|-heal|p1a: Ghost In The Rain|71/100 brn|[from] item: Leftovers
|-damage|p1a: Ghost In The Rain|65/100 brn|[from] brn
|-damage|p1a: Ghost In The Rain|53/100 brn|[from] move: Fire Spin|[partiallytrapped]
|upkeep
|turn|30
|c|☆fresquinha?|Bro
|c|☆fresquinha?|!dt unaware
|c|☆fresquinha?|/raw <ul class="utilichart"><li class="result"><span class="col namecol"><a href="https://dex.pokemonshowdown.com/abilities/unaware">Unaware</a></span> <span class="col abilitydesccol">This Pokemon ignores other Pokemon's stat stages when taking or doing damage.</span> </li><li style="clear:both"></li></ul>
|c|☆fresquinha?|/raw <font size="1"><font color="#686868">Gen:</font> 4&nbsp;|&ThickSpace;&#10003; Ignored by Mold Breaker</font>

|c|☆findamental|i know
|
|t:|1776085223
|move|p1a: Ghost In The Rain|Ice Beam|p2a: Crocalor
|-supereffective|p2a: Crocalor
|-damage|p2a: Crocalor|65/100
|move|p2a: Crocalor|Flamethrower|p1a: Ghost In The Rain
|-resisted|p1a: Ghost In The Rain
|-damage|p1a: Ghost In The Rain|42/100 brn
|
|-heal|p1a: Ghost In The Rain|48/100 brn|[from] item: Leftovers
|-damage|p1a: Ghost In The Rain|42/100 brn|[from] brn
|-damage|p1a: Ghost In The Rain|29/100 brn|[from] move: Fire Spin|[partiallytrapped]
|upkeep
|turn|31
|c|☆findamental|just leave me alone
|
|t:|1776085230
|move|p1a: Ghost In The Rain|Ice Beam|p2a: Crocalor
|-supereffective|p2a: Crocalor
|-damage|p2a: Crocalor|30/100
|move|p2a: Crocalor|Slack Off|p2a: Crocalor
|-heal|p2a: Crocalor|80/100
|
|-heal|p1a: Ghost In The Rain|36/100 brn|[from] item: Leftovers
|-damage|p1a: Ghost In The Rain|29/100 brn|[from] brn
|-end|p1a: Ghost In The Rain|Fire Spin|[partiallytrapped]
|upkeep
|turn|32
|c|☆fresquinha?|Okkk
|
|t:|1776085237
|move|p1a: Ghost In The Rain|Ice Beam|p2a: Crocalor
|-supereffective|p2a: Crocalor
|-damage|p2a: Crocalor|45/100
|move|p2a: Crocalor|Fire Spin|p1a: Ghost In The Rain|[miss]
|-miss|p2a: Crocalor|p1a: Ghost In The Rain
|
|-heal|p1a: Ghost In The Rain|36/100 brn|[from] item: Leftovers
|-damage|p1a: Ghost In The Rain|29/100 brn|[from] brn
|upkeep
|turn|33
|c|☆findamental|i give goldfish a run for their money
|
|t:|1776085254
|move|p1a: Ghost In The Rain|Ice Beam|p2a: Crocalor
|-supereffective|p2a: Crocalor
|-damage|p2a: Crocalor|8/100
|move|p2a: Crocalor|Slack Off|p2a: Crocalor
|-heal|p2a: Crocalor|58/100
|
|-heal|p1a: Ghost In The Rain|36/100 brn|[from] item: Leftovers
|-damage|p1a: Ghost In The Rain|29/100 brn|[from] brn
|upkeep
|turn|34
|
|t:|1776085260
|move|p1a: Ghost In The Rain|Ice Beam|p2a: Crocalor
|-supereffective|p2a: Crocalor
|-damage|p2a: Crocalor|19/100
|move|p2a: Crocalor|Slack Off|p2a: Crocalor
|-heal|p2a: Crocalor|70/100
|
|-heal|p1a: Ghost In The Rain|36/100 brn|[from] item: Leftovers
|-damage|p1a: Ghost In The Rain|29/100 brn|[from] brn
|upkeep
|turn|35
|
|t:|1776085270
|move|p1a: Ghost In The Rain|Ice Beam|p2a: Crocalor
|-supereffective|p2a: Crocalor
|-damage|p2a: Crocalor|31/100
|move|p2a: Crocalor|Fire Spin|p1a: Ghost In The Rain
|-resisted|p1a: Ghost In The Rain
|-damage|p1a: Ghost In The Rain|25/100 brn
|-activate|p1a: Ghost In The Rain|move: Fire Spin|[of] p2a: Crocalor
|
|-heal|p1a: Ghost In The Rain|32/100 brn|[from] item: Leftovers
|-damage|p1a: Ghost In The Rain|25/100 brn|[from] brn
|-damage|p1a: Ghost In The Rain|13/100 brn|[from] move: Fire Spin|[partiallytrapped]
|upkeep
|turn|36
|c|☆fresquinha?|Wrong move
|
|t:|1776085283
|move|p1a: Ghost In The Rain|Ice Beam|p2a: Crocalor
|-supereffective|p2a: Crocalor
|-damage|p2a: Crocalor|0 fnt
|faint|p2a: Crocalor
|
|-heal|p1a: Ghost In The Rain|19/100 brn|[from] item: Leftovers
|-damage|p1a: Ghost In The Rain|13/100 brn|[from] brn
|-end|p1a: Ghost In The Rain|Fire Spin|[partiallytrapped]|[silent]
|upkeep
|
|t:|1776085286
|switch|p2a: Checking|Mandibuzz, F|81/100
|turn|37
|
|t:|1776085291
|move|p2a: Checking|Foul Play|p1a: Ghost In The Rain
|-damage|p1a: Ghost In The Rain|0 fnt
|faint|p1a: Ghost In The Rain
|
|upkeep
|
|t:|1776085297
|switch|p1a: Blood Of A Lion|Entei|100/100
|turn|38
|
|t:|1776085299
|move|p1a: Blood Of A Lion|Stone Edge|p2a: Checking
|-supereffective|p2a: Checking
|-damage|p2a: Checking|42/100
|move|p2a: Checking|Toxic|p1a: Blood Of A Lion
|-status|p1a: Blood Of A Lion|tox
|
|-damage|p1a: Blood Of A Lion|94/100 tox|[from] psn
|upkeep
|turn|39
|
|t:|1776085304
|switch|p2a: Checktung|Slowking, M|40/100
|move|p1a: Blood Of A Lion|Stone Edge|p2a: Checktung
|-damage|p2a: Checktung|14/100
|
|-damage|p1a: Blood Of A Lion|82/100 tox|[from] psn
|upkeep
|turn|40
|c|☆fresquinha?|Also what are those pokemon names
|
|t:|1776085313
|switch|p2a: Checkelung|Clodsire, M|52/100
|move|p1a: Blood Of A Lion|Stone Edge|p2a: Checkelung
|-resisted|p2a: Checkelung
|-damage|p2a: Checkelung|34/100
|
|-heal|p2a: Checkelung|40/100|[from] item: Leftovers
|-damage|p1a: Blood Of A Lion|63/100 tox|[from] psn
|upkeep
|turn|41
|c|☆findamental|beast in black songs
|
|t:|1776085322
|switch|p1a: Heart Of Steel|Registeel|71/100
|switch|p2a: Checktung|Slowking, M|47/100
|
|upkeep
|turn|42
|
|t:|1776085326
|switch|p2a: Checkelung|Clodsire, M|40/100
|move|p1a: Heart Of Steel|Sand Tomb|p2a: Checkelung
|-supereffective|p2a: Checkelung
|-damage|p2a: Checkelung|26/100
|-activate|p2a: Checkelung|move: Sand Tomb|[of] p1a: Heart Of Steel
|
|-heal|p2a: Checkelung|32/100|[from] item: Leftovers
|-damage|p2a: Checkelung|20/100|[from] move: Sand Tomb|[partiallytrapped]
|upkeep
|turn|43
|
|t:|1776085333
|move|p1a: Heart Of Steel|Sand Tomb|p2a: Checkelung
|-supereffective|p2a: Checkelung
|-damage|p2a: Checkelung|7/100
|move|p2a: Checkelung|Stealth Rock|p1a: Heart Of Steel
|-sidestart|p1: findamental|move: Stealth Rock
|
|-heal|p2a: Checkelung|13/100|[from] item: Leftovers
|-damage|p2a: Checkelung|1/100|[from] move: Sand Tomb|[partiallytrapped]
|upkeep
|turn|44
|
|t:|1776085339
|move|p1a: Heart Of Steel|Sand Tomb|p2a: Checkelung
|-supereffective|p2a: Checkelung
|-damage|p2a: Checkelung|0 fnt
|faint|p2a: Checkelung
|
|upkeep
|c|☆fresquinha?|Never heard of them
|
|t:|1776085356
|switch|p2a: Checktung|Slowking, M|81/100
|turn|45
|inactive|findamental has 120 seconds left.
|c|☆findamental|power metal. liked berzerk enough to make a band about it
|inactive|findamental has 90 seconds left.
|c|☆fresquinha?|Im listening to them
|c|☆fresquinha?|Reminds me of stratovarius
|c|☆fresquinha?|And rhapsody of fire
|c|☆fresquinha?|And a bit of angra
|c|☆findamental|listen to from hell with love
|c|☆fresquinha?|Blind guardian
|inactive|findamental has 60 seconds left.
|
|t:|1776085448
|move|p1a: Heart Of Steel|Sand Tomb|p2a: Checktung|[miss]
|-miss|p1a: Heart Of Steel|p2a: Checktung
|move|p2a: Checktung|Scald|p1a: Heart Of Steel
|-damage|p1a: Heart Of Steel|52/100
|-status|p1a: Heart Of Steel|brn
|
|-damage|p1a: Heart Of Steel|46/100 brn|[from] brn
|upkeep
|turn|46
|c|☆fresquinha?|Okay
|c|☆fresquinha?|Also dragonforce
|c|☆fresquinha?|Black diamond
|
|t:|1776085466
|move|p1a: Heart Of Steel|Sand Tomb|p2a: Checktung
|-damage|p2a: Checktung|79/100
|-activate|p2a: Checktung|move: Sand Tomb|[of] p1a: Heart Of Steel
|move|p2a: Checktung|Scald|p1a: Heart Of Steel
|-damage|p1a: Heart Of Steel|26/100 brn
|
|-damage|p1a: Heart Of Steel|20/100 brn|[from] brn
|-damage|p2a: Checktung|66/100|[from] move: Sand Tomb|[partiallytrapped]
|upkeep
|turn|47
|
|t:|1776085471
|move|p1a: Heart Of Steel|Sand Tomb|p2a: Checktung
|-damage|p2a: Checktung|64/100
|move|p2a: Checktung|Scald|p1a: Heart Of Steel
|-damage|p1a: Heart Of Steel|3/100 brn
|
|-damage|p1a: Heart Of Steel|0 fnt|[from] brn
|faint|p1a: Heart Of Steel
|-end|p2a: Checktung|Sand Tomb|[partiallytrapped]|[silent]
|upkeep
|c|☆fresquinha?|Nice riff
|
|t:|1776085476
|switch|p1a: Blood Of A Lion|Entei|63/100 tox
|-damage|p1a: Blood Of A Lion|38/100 tox|[from] Stealth Rock
|turn|48
|
|t:|1776085482
|-terastallize|p1a: Blood Of A Lion|Fire
|move|p1a: Blood Of A Lion|Sacred Fire|p2a: Checktung
|-resisted|p2a: Checktung
|-damage|p2a: Checktung|37/100
|move|p2a: Checktung|Scald|p1a: Blood Of A Lion
|-supereffective|p1a: Blood Of A Lion
|-damage|p1a: Blood Of A Lion|0 fnt
|faint|p1a: Blood Of A Lion
|
|win|fresquinha?
|raw|findamental's rating: 1188 &rarr; <strong>1164</strong><br />(-24 for losing)
|raw|fresquinha?'s rating: 1200 &rarr; <strong>1224</strong><br />(+24 for winning)
|c|☆findamental|gg wp
|c|☆fresquinha?|Ggb
|c|☆fresquinha?|Gg
|c|☆fresquinha?|Nice chatting
|c|☆fresquinha?|See you around
|c|☆findamental|same
|l|☆fresquinha?
|player|p2|
|l|☆findamental
|player|p1|
