|html|<div class="broadcast-blue"><strong>[Gen 9] OU is currently suspecting Tera Blast! For information on how to participate check out the <a href="https://www.smogon.com/tools/suspects/view/200">suspect thread</a>.</strong></div>
|j|☆vryfast
|j|☆klekim
|t:|1776085165
|gametype|singles
|player|p1|vryfast|2|1330
|player|p2|klekim|roughneck|1342
|gen|9
|tier|[Gen 9] OU
|rated|
|rule|HP Percentage Mod: HP is shown in percentages
|rule|Endless Battle Clause: Forcing endless battles is banned
|rule|Species Clause: Limit one of each Pokémon
|rule|OHKO Clause: OHKO moves are banned
|rule|Evasion Items Clause: Evasion items are banned
|rule|Evasion Moves Clause: Evasion moves are banned
|rule|Evasion Abilities Clause: Evasion abilities are banned
|rule|Sleep Moves Clause: Sleep-inducing moves are banned
|clearpoke
|poke|p1|Dragapult, M|
|poke|p1|Mudsdale, M|
|poke|p1|Corviknight, F|
|poke|p1|Primarina, M|
|poke|p1|Iron Moth|
|poke|p1|Goodra-Hisui, M|
|poke|p2|Iron Moth|
|poke|p2|Gliscor, F|
|poke|p2|Hatterene, F|
|poke|p2|Ogerpon-Wellspring, F|
|poke|p2|Raging Bolt|
|poke|p2|Zamazenta-*|
|teampreview
|inactive|Battle timer is ON: inactive players will automatically lose when time's up. (requested by klekim)
|
|t:|1776085177
|teamsize|p1|6
|teamsize|p2|6
|start
|switch|p1a: Primarina|Primarina, M|100/100
|switch|p2a: Zamazenta|Zamazenta|100/100
|-ability|p2a: Zamazenta|Dauntless Shield|boost
|-boost|p2a: Zamazenta|def|1
|turn|1
|
|t:|1776085183
|move|p2a: Zamazenta|Light Screen|p2a: Zamazenta
|-sidestart|p2: klekim|move: Light Screen
|move|p1a: Primarina|Moonblast|p2a: Zamazenta
|-supereffective|p2a: Zamazenta
|-damage|p2a: Zamazenta|55/100
|
|upkeep
|turn|2
|
|t:|1776085191
|switch|p2a: Hatterene|Hatterene, F|100/100
|move|p1a: Primarina|Moonblast|p2a: Hatterene
|-damage|p2a: Hatterene|73/100
|
|-heal|p2a: Hatterene|79/100|[from] item: Leftovers
|upkeep
|turn|3
|
|t:|1776085200
|switch|p1a: Mudsdale|Mudsdale, M|100/100
|move|p2a: Hatterene|Calm Mind|p2a: Hatterene
|-boost|p2a: Hatterene|spa|1
|-boost|p2a: Hatterene|spd|1
|
|-heal|p2a: Hatterene|85/100|[from] item: Leftovers
|upkeep
|turn|4
|
|t:|1776085208
|switch|p2a: Gliscor|Gliscor, F|100/100
|move|p1a: Mudsdale|Earthquake|p2a: Gliscor
|-immune|p2a: Gliscor
|
|-status|p2a: Gliscor|tox|[from] item: Toxic Orb
|upkeep
|turn|5
|
|t:|1776085214
|move|p2a: Gliscor|Agility|p2a: Gliscor
|-boost|p2a: Gliscor|spe|2
|move|p1a: Mudsdale|Stealth Rock|p2a: Gliscor
|-sidestart|p2: klekim|move: Stealth Rock
|
|upkeep
|turn|6
|
|t:|1776085220
|move|p2a: Gliscor|Swords Dance|p2a: Gliscor
|-boost|p2a: Gliscor|atk|2
|move|p1a: Mudsdale|Roar|p2a: Gliscor
|drag|p2a: Raging Bolt|Raging Bolt|100/100
|-damage|p2a: Raging Bolt|88/100|[from] Stealth Rock
|-enditem|p2a: Raging Bolt|Booster Energy
|-activate|p2a: Raging Bolt|ability: Protosynthesis|[fromitem]
|-start|p2a: Raging Bolt|protosynthesisspa
|
|upkeep
|turn|7
|
|t:|1776085235
|move|p2a: Raging Bolt|Dragon Pulse|p1a: Mudsdale
|-damage|p1a: Mudsdale|38/100
|-ability|p1a: Mudsdale|Stamina|boost
|-boost|p1a: Mudsdale|def|1
|move|p1a: Mudsdale|Roar|p2a: Raging Bolt
|-end|p2a: Raging Bolt|Protosynthesis|[silent]
|drag|p2a: Ogerpon|Ogerpon-Wellspring, F|100/100
|-damage|p2a: Ogerpon|88/100|[from] Stealth Rock
|
|upkeep
|turn|8
|
|t:|1776085252
|move|p2a: Ogerpon|Trailblaze|p1a: Mudsdale
|-supereffective|p1a: Mudsdale
|-damage|p1a: Mudsdale|8/100
|-boost|p2a: Ogerpon|spe|1
|-damage|p2a: Ogerpon|72/100|[from] item: Rocky Helmet|[of] p1a: Mudsdale
|-ability|p1a: Mudsdale|Stamina|boost
|-boost|p1a: Mudsdale|def|1
|move|p1a: Mudsdale|Roar|p2a: Ogerpon
|drag|p2a: Hatterene|Hatterene, F|85/100
|-damage|p2a: Hatterene|72/100|[from] Stealth Rock
|
|-heal|p2a: Hatterene|78/100|[from] item: Leftovers
|-sideend|p2: klekim|move: Light Screen
|upkeep
|turn|9
|
|t:|1776085265
|move|p1a: Mudsdale|Earthquake|p2a: Hatterene
|-damage|p2a: Hatterene|44/100
|move|p2a: Hatterene|Draining Kiss|p1a: Mudsdale
|-damage|p1a: Mudsdale|0 fnt
|-heal|p2a: Hatterene|52/100|[from] drain|[of] p1a: Mudsdale
|-damage|p2a: Hatterene|36/100|[from] item: Rocky Helmet|[of] p1a: Mudsdale
|faint|p1a: Mudsdale
|
|-heal|p2a: Hatterene|42/100|[from] item: Leftovers
|upkeep
|
|t:|1776085278
|switch|p1a: Goodra|Goodra-Hisui, M|100/100
|turn|10
|
|t:|1776085287
|move|p1a: Goodra|Heavy Slam|p2a: Hatterene
|-supereffective|p2a: Hatterene
|-damage|p2a: Hatterene|0 fnt
|faint|p2a: Hatterene
|
|upkeep
|
|t:|1776085295
|switch|p2a: Zamazenta|Zamazenta|55/100
|-damage|p2a: Zamazenta|49/100|[from] Stealth Rock
|turn|11
|
|t:|1776085305
|move|p2a: Zamazenta|Close Combat|p1a: Goodra
|-supereffective|p1a: Goodra
|-damage|p1a: Goodra|6/100
|-unboost|p2a: Zamazenta|def|1
|-unboost|p2a: Zamazenta|spd|1
|move|p1a: Goodra|Dragon Tail|p2a: Zamazenta
|-damage|p2a: Zamazenta|26/100
|drag|p2a: Gliscor|Gliscor, F|100/100 tox
|-damage|p2a: Gliscor|88/100 tox|[from] Stealth Rock
|
|-heal|p2a: Gliscor|100/100 tox|[from] ability: Poison Heal
|upkeep
|turn|12
|
|t:|1776085318
|move|p2a: Gliscor|Earthquake|p1a: Goodra
|-supereffective|p1a: Goodra
|-damage|p1a: Goodra|0 fnt
|faint|p1a: Goodra
|
|upkeep
|
|t:|1776085323
|switch|p1a: Primarina|Primarina, M|100/100
|turn|13
|
|t:|1776085337
|switch|p2a: Zamazenta|Zamazenta|26/100
|-damage|p2a: Zamazenta|20/100|[from] Stealth Rock
|move|p1a: Primarina|Surf|p2a: Zamazenta
|-damage|p2a: Zamazenta|0 fnt
|faint|p2a: Zamazenta
|
|upkeep
|
|t:|1776085344
|switch|p2a: Raging Bolt|Raging Bolt|88/100
|-damage|p2a: Raging Bolt|76/100|[from] Stealth Rock
|turn|14
|
|t:|1776085352
|switch|p1a: Iron Moth|Iron Moth|100/100
|-enditem|p1a: Iron Moth|Booster Energy
|-activate|p1a: Iron Moth|ability: Quark Drive|[fromitem]
|-start|p1a: Iron Moth|quarkdrivespa
|move|p2a: Raging Bolt|Thunderbolt|p1a: Iron Moth
|-damage|p1a: Iron Moth|47/100
|
|upkeep
|turn|15
|
|t:|1776085360
|move|p1a: Iron Moth|Sludge Wave|p2a: Raging Bolt
|-damage|p2a: Raging Bolt|0 fnt
|faint|p2a: Raging Bolt
|-end|p2a: Raging Bolt|Protosynthesis|[silent]
|
|upkeep
|
|t:|1776085367
|switch|p2a: Iron Moth|Iron Moth|100/100
|-damage|p2a: Iron Moth|76/100|[from] Stealth Rock
|-enditem|p2a: Iron Moth|Booster Energy
|-activate|p2a: Iron Moth|ability: Quark Drive|[fromitem]
|-start|p2a: Iron Moth|quarkdrivespe
|turn|16
|
|t:|1776085375
|move|p2a: Iron Moth|Sludge Wave|p1a: Iron Moth
|-resisted|p1a: Iron Moth
|-damage|p1a: Iron Moth|21/100
|move|p1a: Iron Moth|Sludge Wave|p2a: Iron Moth
|-resisted|p2a: Iron Moth
|-damage|p2a: Iron Moth|43/100
|
|upkeep
|turn|17
|
|t:|1776085382
|move|p2a: Iron Moth|Sludge Wave|p1a: Iron Moth
|-resisted|p1a: Iron Moth
|-damage|p1a: Iron Moth|0 fnt
|faint|p1a: Iron Moth
|-end|p1a: Iron Moth|Quark Drive|[silent]
|
|upkeep
|
|t:|1776085385
|switch|p1a: Dragapult|Dragapult, M|100/100
|turn|18
|
|t:|1776085388
|move|p1a: Dragapult|Dragon Darts|p2a: Iron Moth
|-damage|p2a: Iron Moth|1/100
|-anim|p1a: Dragapult|Dragon Darts|p2a: Iron Moth
|-damage|p2a: Iron Moth|0 fnt
|faint|p2a: Iron Moth
|-end|p2a: Iron Moth|Quark Drive|[silent]
|
|upkeep
|
|t:|1776085397
|switch|p2a: Ogerpon|Ogerpon-Wellspring, F|72/100
|-damage|p2a: Ogerpon|59/100|[from] Stealth Rock
|turn|19
|
|t:|1776085403
|-terastallize|p2a: Ogerpon|Water
|detailschange|p2a: Ogerpon|Ogerpon-Wellspring-Tera, F, tera:Water
|-ability|p2a: Ogerpon|Embody Aspect (Wellspring)|boost
|-boost|p2a: Ogerpon|spd|1
|move|p1a: Dragapult|Dragon Darts|p2a: Ogerpon
|-damage|p2a: Ogerpon|29/100
|-anim|p1a: Dragapult|Dragon Darts|p2a: Ogerpon
|-damage|p2a: Ogerpon|0 fnt
|faint|p2a: Ogerpon
|detailschange|p2: Ogerpon|Ogerpon-Wellspring, F|[silent]
|
|upkeep
|-message|klekim forfeited.
|
|win|vryfast
|raw|vryfast's rating: 1330 &rarr; <strong>1351</strong><br />(+21 for winning)
|raw|klekim's rating: 1342 &rarr; <strong>1321</strong><br />(-21 for losing)
|l|☆klekim
|player|p2|
|l|☆vryfast
|player|p1|
