|html|<div class="broadcast-blue"><strong>[Gen 9] OU is currently suspecting Tera Blast! For information on how to participate check out the <a href="https://www.smogon.com/tools/suspects/view/200">suspect thread</a>.</strong></div>
|j|☆treeofoak
|j|☆ADouglas18
|t:|1776048423
|gametype|singles
|player|p1|treeofoak|1|
|player|p2|ADouglas18|n|
|gen|9
|tier|[Gen 9] OU
|rule|HP Percentage Mod: HP is shown in percentages
|rule|Endless Battle Clause: Forcing endless battles is banned
|rule|Species Clause: Limit one of each Pokémon
|rule|OHKO Clause: OHKO moves are banned
|rule|Evasion Items Clause: Evasion items are banned
|rule|Evasion Moves Clause: Evasion moves are banned
|rule|Evasion Abilities Clause: Evasion abilities are banned
|rule|Sleep Moves Clause: Sleep-inducing moves are banned
|clearpoke
|poke|p1|Walking Wake|
|poke|p1|Bronzong|
|poke|p1|Ribombee, M|
|poke|p1|Skeledirge, M|
|poke|p1|Enamorus, F|
|poke|p1|Weavile, F|
|poke|p2|Tyranitar, M|
|poke|p2|Gastrodon-East, F|
|poke|p2|Hydrapple, M|
|poke|p2|Dragonite, M|
|poke|p2|Houndstone, F|
|poke|p2|Metagross|
|teampreview
|
|t:|1776048439
|teamsize|p1|6
|teamsize|p2|6
|start
|switch|p1a: Terrorist|Ribombee, M|100/100
|switch|p2a: Tyranitar|Tyranitar, M, shiny|100/100
|-weather|Sandstorm|[from] ability: Sand Stream|[of] p2a: Tyranitar
|turn|1
|j| Vincent Vile
|
|t:|1776048467
|move|p1a: Terrorist|Stun Spore|p2a: Tyranitar
|-status|p2a: Tyranitar|par
|move|p2a: Tyranitar|Stone Edge|p1a: Terrorist
|-supereffective|p1a: Terrorist
|-enditem|p1a: Terrorist|Focus Sash
|-damage|p1a: Terrorist|1/100
|
|-weather|Sandstorm|[upkeep]
|-damage|p1a: Terrorist|0 fnt|[from] Sandstorm
|faint|p1a: Terrorist
|upkeep
|
|t:|1776048500
|switch|p1a: Walking Woke|Walking Wake|100/100
|turn|2
|j| nourgatgumps
|
|t:|1776048556
|switch|p2a: Gastrodon|Gastrodon-East, F|100/100
|move|p1a: Walking Woke|Draco Meteor|p2a: Gastrodon
|-damage|p2a: Gastrodon|24/100
|-unboost|p1a: Walking Woke|spa|2
|
|-weather|Sandstorm|[upkeep]
|-damage|p1a: Walking Woke|94/100|[from] Sandstorm
|upkeep
|turn|3
|
|t:|1776048577
|-end|p1a: Walking Woke|Protosynthesis|[silent]
|switch|p1a: The Gong|Bronzong|100/100
|move|p2a: Gastrodon|Spikes|p1a: The Gong
|-sidestart|p1: treeofoak|Spikes
|
|-weather|Sandstorm|[upkeep]
|upkeep
|turn|4
|
|t:|1776048595
|move|p2a: Gastrodon|Recover|p2a: Gastrodon
|-heal|p2a: Gastrodon|74/100
|move|p1a: The Gong|Stealth Rock|p2a: Gastrodon
|-sidestart|p2: ADouglas18|move: Stealth Rock
|
|-weather|Sandstorm|[upkeep]
|upkeep
|turn|5
|
|t:|1776048612
|move|p2a: Gastrodon|Spikes|p1a: The Gong
|-sidestart|p1: treeofoak|Spikes
|move|p1a: The Gong|Iron Defense|p1a: The Gong
|-boost|p1a: The Gong|def|2
|
|-weather|none
|upkeep
|turn|6
|
|t:|1776048621
|move|p2a: Gastrodon|Spikes|p1a: The Gong
|-sidestart|p1: treeofoak|Spikes
|move|p1a: The Gong|Iron Defense|p1a: The Gong
|-boost|p1a: The Gong|def|2
|
|upkeep
|turn|7
|
|t:|1776048765
|move|p2a: Gastrodon|Recover|p2a: Gastrodon
|-heal|p2a: Gastrodon|100/100
|move|p1a: The Gong|Iron Defense|p1a: The Gong
|-boost|p1a: The Gong|def|2
|
|upkeep
|turn|8
|
|t:|1776048776
|switch|p2a: Dragonite|Dragonite, M, shiny|100/100
|move|p1a: The Gong|Body Press|p2a: Dragonite
|-resisted|p2a: Dragonite
|-damage|p2a: Dragonite|72/100
|
|upkeep
|turn|9
|
|t:|1776048794
|move|p2a: Dragonite|Dragon Dance|p2a: Dragonite
|-boost|p2a: Dragonite|atk|1
|-boost|p2a: Dragonite|spe|1
|move|p1a: The Gong|Body Press|p2a: Dragonite
|-resisted|p2a: Dragonite
|-damage|p2a: Dragonite|7/100
|
|upkeep
|turn|10
|
|t:|1776048822
|move|p2a: Dragonite|Ice Spinner|p1a: The Gong
|-resisted|p1a: The Gong
|-damage|p1a: The Gong|96/100
|move|p1a: The Gong|Psychic Noise|p2a: Dragonite
|-damage|p2a: Dragonite|0 fnt
|faint|p2a: Dragonite
|
|-heal|p1a: The Gong|100/100|[from] item: Leftovers
|upkeep
|
|t:|1776048910
|switch|p2a: Houndstone|Houndstone, F, shiny|100/100
|-damage|p2a: Houndstone|88/100|[from] Stealth Rock
|turn|11
|
|t:|1776048915
|-terastallize|p1a: The Gong|Water
|move|p2a: Houndstone|Poltergeist|p1a: The Gong
|-activate|p1a: The Gong|move: Poltergeist|Leftovers
|-damage|p1a: The Gong|86/100
|move|p1a: The Gong|Psychic Noise|p2a: Houndstone
|-damage|p2a: Houndstone|63/100
|-start|p2a: Houndstone|move: Heal Block
|
|-heal|p1a: The Gong|93/100|[from] item: Leftovers
|upkeep
|turn|12
|
|t:|1776048930
|switch|p2a: Hydrapple|Hydrapple, M, shiny|100/100
|move|p1a: The Gong|Psychic Noise|p2a: Hydrapple
|-damage|p2a: Hydrapple|82/100
|-start|p2a: Hydrapple|move: Heal Block
|
|-heal|p1a: The Gong|99/100|[from] item: Leftovers
|upkeep
|turn|13
|c|☆treeofoak|holy shit heal block stops giga drain
|c| Vincent Vile|goated
|
|t:|1776049002
|move|p2a: Hydrapple|Fickle Beam|p1a: The Gong|[anim] Fickle Beam All Out
|-activate|p2a: Hydrapple|move: Fickle Beam
|-damage|p1a: The Gong|29/100
|move|p1a: The Gong|Body Press|p2a: Hydrapple
|-damage|p2a: Hydrapple|6/100
|
|-heal|p1a: The Gong|35/100|[from] item: Leftovers
|-end|p2a: Hydrapple|move: Heal Block
|upkeep
|turn|14
|
|t:|1776049010
|move|p2a: Hydrapple|Giga Drain|p1a: The Gong
|-supereffective|p1a: The Gong
|-damage|p1a: The Gong|0 fnt
|-heal|p2a: Hydrapple|20/100|[from] drain|[of] p1a: The Gong
|faint|p1a: The Gong
|
|upkeep
|c|☆ADouglas18|THERE'S A GOD
|
|t:|1776049030
|switch|p1a: where'd his hat go|Skeledirge, M|100/100
|turn|15
|
|t:|1776049041
|move|p1a: where'd his hat go|Torch Song|p2a: Hydrapple
|-damage|p2a: Hydrapple|0 fnt
|-boost|p1a: where'd his hat go|spa|1
|faint|p2a: Hydrapple
|
|upkeep
|
|t:|1776049062
|switch|p2a: Tyranitar|Tyranitar, M, shiny|100/100 par
|-damage|p2a: Tyranitar|88/100 par|[from] Stealth Rock
|-weather|Sandstorm|[from] ability: Sand Stream|[of] p2a: Tyranitar
|turn|16
|
|t:|1776049074
|move|p1a: where'd his hat go|Hex|p2a: Tyranitar
|-resisted|p2a: Tyranitar
|-damage|p2a: Tyranitar|65/100 par
|move|p2a: Tyranitar|Stone Edge|p1a: where'd his hat go
|-supereffective|p1a: where'd his hat go
|-damage|p1a: where'd his hat go|0 fnt
|faint|p1a: where'd his hat go
|
|-weather|Sandstorm|[upkeep]
|upkeep
|
|t:|1776049109
|switch|p1a: Walking Woke|Walking Wake|94/100
|-damage|p1a: Walking Woke|70/100|[from] Spikes
|turn|17
|
|t:|1776049119
|switch|p2a: Metagross|Metagross, shiny|100/100
|-damage|p2a: Metagross|94/100|[from] Stealth Rock
|move|p1a: Walking Woke|Draco Meteor|p2a: Metagross
|-resisted|p2a: Metagross
|-damage|p2a: Metagross|41/100
|-unboost|p1a: Walking Woke|spa|2
|
|-weather|Sandstorm|[upkeep]
|-damage|p1a: Walking Woke|63/100|[from] Sandstorm
|-heal|p2a: Metagross|47/100|[from] item: Leftovers
|upkeep
|turn|18
|
|t:|1776049190
|move|p1a: Walking Woke|Draco Meteor|p2a: Metagross
|-resisted|p2a: Metagross
|-damage|p2a: Metagross|21/100
|-unboost|p1a: Walking Woke|spa|2
|move|p2a: Metagross|Heavy Slam|p1a: Walking Woke
|-resisted|p1a: Walking Woke
|-damage|p1a: Walking Woke|51/100
|
|-weather|Sandstorm|[upkeep]
|-damage|p1a: Walking Woke|45/100|[from] Sandstorm
|-heal|p2a: Metagross|27/100|[from] item: Leftovers
|upkeep
|turn|19
|
|t:|1776049201
|move|p1a: Walking Woke|Draco Meteor|p2a: Metagross
|-resisted|p2a: Metagross
|-damage|p2a: Metagross|10/100
|-unboost|p1a: Walking Woke|spa|2
|move|p2a: Metagross|Heavy Slam|p1a: Walking Woke
|-resisted|p1a: Walking Woke
|-damage|p1a: Walking Woke|33/100
|
|-weather|Sandstorm|[upkeep]
|-damage|p1a: Walking Woke|27/100|[from] Sandstorm
|-heal|p2a: Metagross|16/100|[from] item: Leftovers
|upkeep
|turn|20
|
|t:|1776049212
|move|p1a: Walking Woke|Draco Meteor|p2a: Metagross|[miss]
|-miss|p1a: Walking Woke|p2a: Metagross
|move|p2a: Metagross|Heavy Slam|p1a: Walking Woke
|-resisted|p1a: Walking Woke
|-damage|p1a: Walking Woke|15/100
|
|-weather|none
|-heal|p2a: Metagross|22/100|[from] item: Leftovers
|upkeep
|turn|21
|
|t:|1776049220
|move|p1a: Walking Woke|Draco Meteor|p2a: Metagross
|-resisted|p2a: Metagross
|-damage|p2a: Metagross|9/100
|move|p2a: Metagross|Heavy Slam|p1a: Walking Woke
|-resisted|p1a: Walking Woke
|-damage|p1a: Walking Woke|2/100
|
|-heal|p2a: Metagross|15/100|[from] item: Leftovers
|upkeep
|turn|22
|
|t:|1776049228
|move|p1a: Walking Woke|Draco Meteor|p2a: Metagross
|-resisted|p2a: Metagross
|-damage|p2a: Metagross|4/100
|move|p2a: Metagross|Heavy Slam|p1a: Walking Woke
|-resisted|p1a: Walking Woke
|-damage|p1a: Walking Woke|0 fnt
|faint|p1a: Walking Woke
|-end|p1a: Walking Woke|Protosynthesis|[silent]
|
|-heal|p2a: Metagross|10/100|[from] item: Leftovers
|upkeep
|
|t:|1776049233
|switch|p1a: permabench (sorry)|Enamorus, F|100/100
|turn|23
|
|t:|1776049271
|move|p2a: Metagross|Bullet Punch|p1a: permabench (sorry)
|-supereffective|p1a: permabench (sorry)
|-damage|p1a: permabench (sorry)|27/100
|move|p1a: permabench (sorry)|Moonblast|p2a: Metagross
|-resisted|p2a: Metagross
|-damage|p2a: Metagross|0 fnt
|faint|p2a: Metagross
|
|upkeep
|
|t:|1776049281
|switch|p2a: Gastrodon|Gastrodon-East, F|100/100
|turn|24
|
|t:|1776049284
|move|p1a: permabench (sorry)|Moonblast|p2a: Gastrodon
|-damage|p2a: Gastrodon|59/100
|move|p2a: Gastrodon|Sludge Bomb|p1a: permabench (sorry)
|-supereffective|p1a: permabench (sorry)
|-damage|p1a: permabench (sorry)|0 fnt
|faint|p1a: permabench (sorry)
|
|upkeep
|
|t:|1776049288
|switch|p1a: what guy is this|Weavile, F|100/100
|-damage|p1a: what guy is this|76/100|[from] Spikes
|turn|25
|
|t:|1776049355
|switch|p2a: Tyranitar|Tyranitar, M, shiny|65/100 par
|-damage|p2a: Tyranitar|53/100 par|[from] Stealth Rock
|-weather|Sandstorm|[from] ability: Sand Stream|[of] p2a: Tyranitar
|move|p1a: what guy is this|Swords Dance|p1a: what guy is this
|-boost|p1a: what guy is this|atk|2
|
|-weather|Sandstorm|[upkeep]
|-damage|p1a: what guy is this|70/100|[from] Sandstorm
|upkeep
|turn|26
|c|☆treeofoak|I get to pray I don't miss triple axel for the rest of the match
|
|t:|1776049401
|move|p1a: what guy is this|Triple Axel|p2a: Tyranitar
|-damage|p2a: Tyranitar|33/100 par
|-damage|p2a: Tyranitar|0 fnt
|faint|p2a: Tyranitar
|-hitcount|p2: Tyranitar|2
|
|-weather|Sandstorm|[upkeep]
|-damage|p1a: what guy is this|63/100|[from] Sandstorm
|upkeep
|
|t:|1776049408
|switch|p2a: Gastrodon|Gastrodon-East, F|59/100
|turn|27
|c| Vincent Vile|yooo
|c| Vincent Vile|yoooooo
|c| Vincent Vile|yoooo
|
|t:|1776049421
|move|p1a: what guy is this|Knock Off|p2a: Gastrodon
|-damage|p2a: Gastrodon|0 fnt
|-enditem|p2a: Gastrodon|Heavy-Duty Boots|[from] move: Knock Off|[of] p1a: what guy is this
|faint|p2a: Gastrodon
|
|-weather|Sandstorm|[upkeep]
|-damage|p1a: what guy is this|57/100|[from] Sandstorm
|upkeep
|c| Vincent Vile|Is this the comeback???
|
|t:|1776049428
|switch|p2a: Houndstone|Houndstone, F, shiny|63/100
|-damage|p2a: Houndstone|51/100|[from] Stealth Rock
|turn|28
|c| Vincent Vile|ARE WE GOING TO GAME THREE???
|c|☆treeofoak|I need max roll ice shard soooo
|
|t:|1776049456
|move|p1a: what guy is this|Ice Shard|p2a: Houndstone
|-damage|p2a: Houndstone|5/100
|move|p2a: Houndstone|Play Rough|p1a: what guy is this
|-supereffective|p1a: what guy is this
|-damage|p1a: what guy is this|0 fnt
|faint|p1a: what guy is this
|
|win|ADouglas18
|c| Vincent Vile|NOOOOOOOOOOOOOO
|c|☆treeofoak|ggs!
|l| Vincent Vile
