|html|<div class="broadcast-blue"><strong>[Gen 9] OU is currently suspecting Tera Blast! For information on how to participate check out the <a href="https://www.smogon.com/tools/suspects/view/200">suspect thread</a>.</strong></div>
|j|☆blooaxolotl
|j|☆LiamUtp
|t:|1776190742
|gametype|singles
|player|p1|blooaxolotl|gambler|
|player|p2|LiamUtp|lucas|
|gen|9
|tier|[Gen 9] OU
|rule|HP Percentage Mod: HP is shown in percentages
|rule|Endless Battle Clause: Forcing endless battles is banned
|rule|Species Clause: Limit one of each Pokémon
|rule|OHKO Clause: OHKO moves are banned
|rule|Evasion Items Clause: Evasion items are banned
|rule|Evasion Moves Clause: Evasion moves are banned
|rule|Evasion Abilities Clause: Evasion abilities are banned
|rule|Sleep Moves Clause: Sleep-inducing moves are banned
|clearpoke
|poke|p1|Polteageist|
|poke|p1|Kommo-o, F|
|poke|p1|Kingambit, M|
|poke|p1|Rabsca, M|
|poke|p1|Inteleon, F|
|poke|p1|Iron Valiant|
|poke|p2|Keldeo-Resolute|
|poke|p2|Eelektross, F|
|poke|p2|Slowbro-Galar, M|
|poke|p2|Yanmega, F|
|poke|p2|Houndoom, F|
|poke|p2|Glimmora, M|
|teampreview
|
|t:|1776190751
|teamsize|p1|6
|teamsize|p2|6
|start
|switch|p1a: Inteleon|Inteleon, F|100/100
|switch|p2a: Glimmora|Glimmora, M|100/100
|turn|1
|
|t:|1776190762
|move|p1a: Inteleon|Snipe Shot|p2a: Glimmora
|-supereffective|p2a: Glimmora
|-damage|p2a: Glimmora|6/100
|move|p2a: Glimmora|Substitute|p2a: Glimmora
|-fail|p2a: Glimmora|move: Substitute|[weak]
|
|-heal|p2a: Glimmora|13/100|[from] item: Leftovers
|upkeep
|turn|2
|
|t:|1776190770
|move|p1a: Inteleon|Snipe Shot|p2a: Glimmora
|-supereffective|p2a: Glimmora
|-crit|p2a: Glimmora
|-damage|p2a: Glimmora|0 fnt
|faint|p2a: Glimmora
|
|upkeep
|
|t:|1776190776
|switch|p2a: Yanmega|Yanmega, F|100/100
|turn|3
|
|t:|1776190784
|-terastallize|p1a: Inteleon|Fire
|move|p2a: Yanmega|Detect|p2a: Yanmega
|-singleturn|p2a: Yanmega|Protect
|move|p1a: Inteleon|Tera Blast|p2a: Yanmega|[anim] Tera Blast Fire
|-activate|p2a: Yanmega|move: Protect
|
|-ability|p2a: Yanmega|Speed Boost|boost
|-boost|p2a: Yanmega|spe|1
|upkeep
|turn|4
|
|t:|1776190796
|move|p2a: Yanmega|Psychic|p1a: Inteleon
|-damage|p1a: Inteleon|43/100
|move|p1a: Inteleon|Tera Blast|p2a: Yanmega|[anim] Tera Blast Fire
|-supereffective|p2a: Yanmega
|-enditem|p2a: Yanmega|Focus Sash
|-damage|p2a: Yanmega|1/100
|
|-ability|p2a: Yanmega|Speed Boost|boost
|-boost|p2a: Yanmega|spe|1
|upkeep
|turn|5
|
|t:|1776190806
|move|p2a: Yanmega|Psychic|p1a: Inteleon
|-damage|p1a: Inteleon|0 fnt
|faint|p1a: Inteleon
|
|-ability|p2a: Yanmega|Speed Boost|boost
|-boost|p2a: Yanmega|spe|1
|upkeep
|
|t:|1776190811
|switch|p1a: Kommo-o|Kommo-o, F|100/100
|turn|6
|
|t:|1776190814
|move|p1a: Kommo-o|Vacuum Wave|p2a: Yanmega
|-resisted|p2a: Yanmega
|-damage|p2a: Yanmega|0 fnt
|faint|p2a: Yanmega
|
|upkeep
|
|t:|1776190820
|switch|p2a: Eelektross|Eelektross, F|100/100
|turn|7
|
|t:|1776190826
|move|p1a: Kommo-o|Clangorous Soul|p1a: Kommo-o
|-boost|p1a: Kommo-o|atk|1
|-boost|p1a: Kommo-o|def|1
|-boost|p1a: Kommo-o|spa|1
|-boost|p1a: Kommo-o|spd|1
|-boost|p1a: Kommo-o|spe|1
|-damage|p1a: Kommo-o|68/100
|move|p2a: Eelektross|Coil|p2a: Eelektross
|-boost|p2a: Eelektross|atk|1
|-boost|p2a: Eelektross|def|1
|-boost|p2a: Eelektross|accuracy|1
|
|upkeep
|turn|8
|
|t:|1776190836
|move|p1a: Kommo-o|Clangorous Soul|p1a: Kommo-o
|-boost|p1a: Kommo-o|atk|1
|-boost|p1a: Kommo-o|def|1
|-boost|p1a: Kommo-o|spa|1
|-boost|p1a: Kommo-o|spd|1
|-boost|p1a: Kommo-o|spe|1
|-damage|p1a: Kommo-o|35/100
|-enditem|p1a: Kommo-o|Sitrus Berry|[eat]
|-heal|p1a: Kommo-o|59/100|[from] item: Sitrus Berry
|move|p2a: Eelektross|Dragon Tail|p1a: Kommo-o
|-supereffective|p1a: Kommo-o
|-damage|p1a: Kommo-o|30/100
|drag|p1a: Kingambit|Kingambit, M, shiny|100/100
|-activate|p1a: Kingambit|ability: Supreme Overlord
|-start|p1a: Kingambit|fallen1|[silent]
|
|upkeep
|turn|9
|
|t:|1776190851
|move|p2a: Eelektross|Super Fang|p1a: Kingambit
|-damage|p1a: Kingambit|50/100
|move|p1a: Kingambit|Kowtow Cleave|p2a: Eelektross
|-damage|p2a: Eelektross|36/100
|
|-heal|p2a: Eelektross|42/100|[from] item: Leftovers
|upkeep
|turn|10
|
|t:|1776190858
|move|p2a: Eelektross|Volt Switch|p1a: Kingambit
|-damage|p1a: Kingambit|29/100
|
|t:|1776190863
|switch|p2a: Keldeo|Keldeo-Resolute|100/100|[from] Volt Switch
|move|p1a: Kingambit|Kowtow Cleave|p2a: Keldeo
|-resisted|p2a: Keldeo
|-damage|p2a: Keldeo|52/100
|-ability|p2a: Keldeo|Justified|boost
|-boost|p2a: Keldeo|atk|1
|
|upkeep
|turn|11
|
|t:|1776190872
|move|p2a: Keldeo|Secret Sword|p1a: Kingambit
|-supereffective|p1a: Kingambit
|-crit|p1a: Kingambit
|-damage|p1a: Kingambit|0 fnt
|faint|p1a: Kingambit
|-end|p1a: Kingambit|fallen1|[silent]
|
|upkeep
|
|t:|1776190878
|switch|p1a: Iron Valiant|Iron Valiant|100/100
|-enditem|p1a: Iron Valiant|Booster Energy
|-activate|p1a: Iron Valiant|ability: Quark Drive|[fromitem]
|-start|p1a: Iron Valiant|quarkdrivespe
|turn|12
|
|t:|1776190885
|move|p1a: Iron Valiant|Destiny Bond|p1a: Iron Valiant
|-singlemove|p1a: Iron Valiant|Destiny Bond
|move|p2a: Keldeo|Surf|p1a: Iron Valiant
|-damage|p1a: Iron Valiant|15/100
|
|upkeep
|turn|13
|
|t:|1776190892
|move|p1a: Iron Valiant|Destiny Bond||[still]
|-fail|p1a: Iron Valiant
|move|p2a: Keldeo|Surf|p1a: Iron Valiant
|-damage|p1a: Iron Valiant|0 fnt
|faint|p1a: Iron Valiant
|-end|p1a: Iron Valiant|Quark Drive|[silent]
|
|upkeep
|
|t:|1776190896
|switch|p1a: Rabsca|Rabsca, M|100/100
|turn|14
|
|t:|1776190904
|move|p2a: Keldeo|Surf|p1a: Rabsca
|-crit|p1a: Rabsca
|-damage|p1a: Rabsca|50/100
|move|p1a: Rabsca|Future Sight|p2a: Keldeo
|-start|p1a: Rabsca|move: Future Sight
|
|upkeep
|turn|15
|
|t:|1776190909
|-terastallize|p2a: Keldeo|Ghost
|move|p2a: Keldeo|Tera Blast|p1a: Rabsca|[anim] Tera Blast Ghost
|-supereffective|p1a: Rabsca
|-damage|p1a: Rabsca|0 fnt
|faint|p1a: Rabsca
|
|upkeep
|
|t:|1776190914
|switch|p1a: Polteageist|Polteageist|100/100
|turn|16
|
|t:|1776190918
|move|p2a: Keldeo|Tera Blast|p1a: Polteageist|[anim] Tera Blast Ghost
|-supereffective|p1a: Polteageist
|-damage|p1a: Polteageist|8/100
|-enditem|p1a: Polteageist|Weakness Policy
|-boost|p1a: Polteageist|atk|2|[from] item: Weakness Policy
|-boost|p1a: Polteageist|spa|2|[from] item: Weakness Policy
|move|p1a: Polteageist|Shell Smash|p1a: Polteageist
|-unboost|p1a: Polteageist|def|1
|-unboost|p1a: Polteageist|spd|1
|-boost|p1a: Polteageist|atk|2
|-boost|p1a: Polteageist|spa|2
|-boost|p1a: Polteageist|spe|2
|
|-end|p2a: Keldeo|move: Future Sight
|-damage|p2a: Keldeo|0 fnt
|faint|p2a: Keldeo
|upkeep
|
|t:|1776190931
|switch|p2a: Houndoom|Houndoom, F|100/100
|-ability|p2a: Houndoom|Unnerve
|turn|17
|
|t:|1776190939
|move|p1a: Polteageist|Shadow Ball|p2a: Houndoom
|-resisted|p2a: Houndoom
|-crit|p2a: Houndoom
|-enditem|p2a: Houndoom|Focus Sash
|-damage|p2a: Houndoom|1/100
|-unboost|p2a: Houndoom|spd|1
|move|p2a: Houndoom|Crunch|p1a: Polteageist
|-supereffective|p1a: Polteageist
|-damage|p1a: Polteageist|0 fnt
|faint|p1a: Polteageist
|
|upkeep
|
|t:|1776190947
|switch|p1a: Kommo-o|Kommo-o, F|30/100
|turn|18
|
|t:|1776190950
|move|p1a: Kommo-o|Vacuum Wave|p2a: Houndoom
|-supereffective|p2a: Houndoom
|-damage|p2a: Houndoom|0 fnt
|faint|p2a: Houndoom
|
|upkeep
|
|t:|1776190956
|switch|p2a: Slowbro|Slowbro-Galar, M|100/100
|turn|19
|-activate|p2a: Slowbro|ability: Quick Draw
|
|t:|1776190961
|move|p2a: Slowbro|Psychic|p1a: Kommo-o
|-supereffective|p1a: Kommo-o
|-crit|p1a: Kommo-o
|-damage|p1a: Kommo-o|0 fnt
|faint|p1a: Kommo-o
|
|win|LiamUtp
