|html|<div class="broadcast-blue"><strong>[Gen 9] OU is currently suspecting Tera Blast! For information on how to participate check out the <a href="https://www.smogon.com/tools/suspects/view/200">suspect thread</a>.</strong></div>
|j|☆AKGD
|j|☆Mr Sandwich 667
|t:|1776301542
|gametype|singles
|player|p1|AKGD|hilbert|1400
|player|p2|Mr Sandwich 667|hiker-gen4|1411
|gen|9
|tier|[Gen 9] OU
|rated|
|rule|HP Percentage Mod: HP is shown in percentages
|rule|Endless Battle Clause: Forcing endless battles is banned
|rule|Species Clause: Limit one of each Pokémon
|rule|OHKO Clause: OHKO moves are banned
|rule|Evasion Items Clause: Evasion items are banned
|rule|Evasion Moves Clause: Evasion moves are banned
|rule|Evasion Abilities Clause: Evasion abilities are banned
|rule|Sleep Moves Clause: Sleep-inducing moves are banned
|clearpoke
|poke|p1|Dragapult, F|
|poke|p1|Raging Bolt|
|poke|p1|Iron Moth|
|poke|p1|Great Tusk|
|poke|p1|Ogerpon-Wellspring, F|
|poke|p1|Landorus-Therian, M|
|poke|p2|Hatterene, F|
|poke|p2|Pelipper, M|
|poke|p2|Hariyama, M|
|poke|p2|Cresselia, F|
|poke|p2|Ursaluna, M|
|poke|p2|Porygon2|
|teampreview
|inactive|Battle timer is ON: inactive players will automatically lose when time's up. (requested by AKGD)
|
|t:|1776301554
|teamsize|p1|6
|teamsize|p2|6
|start
|switch|p1a: Landorus|Landorus-Therian, M|100/100
|switch|p2a: Porygon2|Porygon2|100/100
|-ability|p1a: Landorus|Intimidate|boost
|-unboost|p2a: Porygon2|atk|1
|-ability|p2a: Porygon2|Download|boost
|-boost|p2a: Porygon2|spa|1
|turn|1
|
|t:|1776301571
|switch|p2a: Hatterene|Hatterene, F|100/100
|move|p1a: Landorus|Earthquake|p2a: Hatterene
|-damage|p2a: Hatterene|37/100
|
|upkeep
|turn|2
|
|t:|1776301581
|switch|p2a: Cresselia|Cresselia, F|100/100
|move|p1a: Landorus|Earthquake|p2a: Cresselia
|-immune|p2a: Cresselia|[from] ability: Levitate
|
|upkeep
|turn|3
|-activate|p1a: Landorus|item: Quick Claw
|
|t:|1776301589
|move|p1a: Landorus|Smack Down|p2a: Cresselia
|-damage|p2a: Cresselia|90/100
|-start|p2a: Cresselia|Smack Down
|move|p2a: Cresselia|Trick Room|p2a: Cresselia
|-fieldstart|move: Trick Room|[of] p2a: Cresselia
|
|upkeep
|turn|4
|
|t:|1776301601
|switch|p2a: Pelipper|Pelipper, M|100/100
|-weather|RainDance|[from] ability: Drizzle|[of] p2a: Pelipper
|move|p1a: Landorus|Earthquake|p2a: Pelipper
|-immune|p2a: Pelipper
|
|-weather|RainDance|[upkeep]
|upkeep
|turn|5
|
|t:|1776301630
|-terastallize|p1a: Landorus|Water
|move|p2a: Pelipper|Hurricane|p1a: Landorus
|-damage|p1a: Landorus|8/100
|move|p1a: Landorus|Smack Down|p2a: Pelipper
|-supereffective|p2a: Pelipper
|-damage|p2a: Pelipper|58/100
|-start|p2a: Pelipper|Smack Down
|
|-weather|RainDance|[upkeep]
|upkeep
|turn|6
|inactive|AKGD has 120 seconds left.
|
|t:|1776301652
|switch|p1a: Raging Bolt|Raging Bolt|100/100
|-enditem|p1a: Raging Bolt|Booster Energy
|-activate|p1a: Raging Bolt|ability: Protosynthesis|[fromitem]
|-start|p1a: Raging Bolt|protosynthesisspa
|move|p2a: Pelipper|Hurricane|p1a: Raging Bolt
|-resisted|p1a: Raging Bolt
|-damage|p1a: Raging Bolt|61/100
|
|-weather|RainDance|[upkeep]
|upkeep
|turn|7
|inactive|AKGD has 120 seconds left.
|
|t:|1776301665
|switch|p2a: Hatterene|Hatterene, F|37/100
|move|p1a: Raging Bolt|Tera Blast|p2a: Hatterene
|-damage|p2a: Hatterene|0 fnt
|faint|p2a: Hatterene
|
|-weather|RainDance|[upkeep]
|-fieldend|move: Trick Room
|upkeep
|
|t:|1776301675
|switch|p2a: Cresselia|Cresselia, F|90/100
|turn|8
|
|t:|1776301682
|move|p1a: Raging Bolt|Thunderbolt|p2a: Cresselia
|-damage|p2a: Cresselia|49/100
|move|p2a: Cresselia|Trick Room|p2a: Cresselia
|-fieldstart|move: Trick Room|[of] p2a: Cresselia
|
|-weather|none
|upkeep
|turn|9
|
|t:|1776301691
|move|p2a: Cresselia|Moonblast|p1a: Raging Bolt
|-supereffective|p1a: Raging Bolt
|-damage|p1a: Raging Bolt|25/100
|move|p1a: Raging Bolt|Dragon Pulse|p2a: Cresselia
|-damage|p2a: Cresselia|4/100
|
|upkeep
|turn|10
|
|t:|1776301699
|switch|p2a: Ursaluna|Ursaluna, M|100/100
|move|p1a: Raging Bolt|Thunderclap||[still]
|-fail|p1a: Raging Bolt
|
|-status|p2a: Ursaluna|brn|[from] item: Flame Orb
|upkeep
|turn|11
|
|t:|1776301710
|move|p2a: Ursaluna|Headlong Rush|p1a: Raging Bolt
|-supereffective|p1a: Raging Bolt
|-damage|p1a: Raging Bolt|0 fnt
|-unboost|p2a: Ursaluna|def|1
|-unboost|p2a: Ursaluna|spd|1
|faint|p1a: Raging Bolt
|-end|p1a: Raging Bolt|Protosynthesis|[silent]
|
|-damage|p2a: Ursaluna|94/100 brn|[from] brn
|upkeep
|
|t:|1776301728
|switch|p1a: Landorus|Landorus-Therian, M, tera:Water|8/100
|-ability|p1a: Landorus|Intimidate|boost
|-unboost|p2a: Ursaluna|atk|1
|turn|12
|
|t:|1776301733
|move|p2a: Ursaluna|Headlong Rush|p1a: Landorus
|-crit|p1a: Landorus
|-damage|p1a: Landorus|0 fnt
|-unboost|p2a: Ursaluna|def|1
|-unboost|p2a: Ursaluna|spd|1
|faint|p1a: Landorus
|
|-damage|p2a: Ursaluna|88/100 brn|[from] brn
|-fieldend|move: Trick Room
|upkeep
|
|t:|1776301745
|switch|p1a: Dragjet|Dragapult, F|100/100
|turn|13
|
|t:|1776301751
|switch|p2a: Cresselia|Cresselia, F|4/100
|move|p1a: Dragjet|Dragon Darts|p2a: Cresselia
|-damage|p2a: Cresselia|0 fnt
|faint|p2a: Cresselia
|
|upkeep
|
|t:|1776301758
|switch|p2a: Porygon2|Porygon2|100/100
|-ability|p2a: Porygon2|Download|boost
|-boost|p2a: Porygon2|atk|1
|turn|14
|
|t:|1776301766
|move|p1a: Dragjet|Dragon Dance|p1a: Dragjet
|-boost|p1a: Dragjet|atk|1
|-boost|p1a: Dragjet|spe|1
|move|p2a: Porygon2|Trick Room|p2a: Porygon2
|-fieldstart|move: Trick Room|[of] p2a: Porygon2
|
|upkeep
|turn|15
|
|t:|1776301774
|move|p2a: Porygon2|Ice Beam|p1a: Dragjet
|-supereffective|p1a: Dragjet
|-damage|p1a: Dragjet|14/100
|move|p1a: Dragjet|Dragon Darts|p2a: Porygon2
|-damage|p2a: Porygon2|79/100
|-anim|p1a: Dragjet|Dragon Darts|p2a: Porygon2
|-damage|p2a: Porygon2|58/100
|
|upkeep
|turn|16
|
|t:|1776301787
|move|p2a: Porygon2|Ice Beam|p1a: Dragjet
|-supereffective|p1a: Dragjet
|-damage|p1a: Dragjet|0 fnt
|faint|p1a: Dragjet
|
|upkeep
|
|t:|1776301808
|switch|p1a: Ogerpon|Ogerpon-Wellspring, F|100/100
|turn|17
|
|t:|1776301821
|switch|p2a: Hariyama|Hariyama, M|100/100
|move|p1a: Ogerpon|Swords Dance|p1a: Ogerpon
|-boost|p1a: Ogerpon|atk|2
|
|upkeep
|turn|18
|
|t:|1776301829
|move|p2a: Hariyama|Drain Punch|p1a: Ogerpon
|-damage|p1a: Ogerpon|46/100
|move|p1a: Ogerpon|Horn Leech|p2a: Hariyama
|-damage|p2a: Hariyama|7/100
|-heal|p1a: Ogerpon|100/100|[from] drain|[of] p2a: Hariyama
|-enditem|p2a: Hariyama|Sitrus Berry|[eat]
|-heal|p2a: Hariyama|32/100|[from] item: Sitrus Berry
|
|-fieldend|move: Trick Room
|upkeep
|turn|19
|l|☆Mr Sandwich 667
|inactive|Mr Sandwich 667 disconnected and has a minute to reconnect!
|player|p2|
|c|☆AKGD|Gg
|inactive|Mr Sandwich 667 has 30 seconds to reconnect!
|inactive|Mr Sandwich 667 has 20 seconds to reconnect!
|inactive|Mr Sandwich 667 has 15 seconds to reconnect!
|inactive|Mr Sandwich 667 has 10 seconds to reconnect!
|inactive|Mr Sandwich 667 has 5 seconds to reconnect!
|-message|Mr Sandwich 667 lost due to inactivity.
|
|win|AKGD
|raw|AKGD's rating: 1400 &rarr; <strong>1421</strong><br />(+21 for winning)
|raw|Mr Sandwich 667's rating: 1411 &rarr; <strong>1390</strong><br />(-21 for losing)
|c|☆AKGD|Lol
