|html|<div class="broadcast-blue"><strong>[Gen 9] OU is currently suspecting Tera Blast! For information on how to participate check out the <a href="https://www.smogon.com/tools/suspects/view/200">suspect thread</a>.</strong></div>
|j|☆Timolicon
|j|☆1200s chud
|t:|1776192460
|gametype|singles
|player|p1|Timolicon|1|1611
|player|p2|1200s chud|drayton|1596
|gen|9
|tier|[Gen 9] OU
|rated|
|rule|HP Percentage Mod: HP is shown in percentages
|rule|Endless Battle Clause: Forcing endless battles is banned
|rule|Species Clause: Limit one of each Pokémon
|rule|OHKO Clause: OHKO moves are banned
|rule|Evasion Items Clause: Evasion items are banned
|rule|Evasion Moves Clause: Evasion moves are banned
|rule|Evasion Abilities Clause: Evasion abilities are banned
|rule|Sleep Moves Clause: Sleep-inducing moves are banned
|clearpoke
|poke|p1|Dondozo, F|
|poke|p1|Blissey, F|
|poke|p1|Corviknight, M|
|poke|p1|Weezing-Galar, M|
|poke|p1|Gliscor, M|
|poke|p1|Toxapex, F|
|poke|p2|Araquanid, M|
|poke|p2|Kingambit, F|
|poke|p2|Latios, M|
|poke|p2|Iron Valiant|
|poke|p2|Glimmora, M|
|poke|p2|Excadrill, F|
|teampreview
|inactive|Battle timer is ON: inactive players will automatically lose when time's up. (requested by 1200s chud)
|inactive|Timolicon also wants the timer to be on.
|
|t:|1776192475
|teamsize|p1|6
|teamsize|p2|6
|start
|switch|p1a: Gliscor|Gliscor, M|100/100
|switch|p2a: Big Drill Theory|Excadrill, F|100/100
|-ability|p2a: Big Drill Theory|Mold Breaker
|-item|p2a: Big Drill Theory|Air Balloon
|turn|1
|
|t:|1776192483
|move|p1a: Gliscor|Protect|p1a: Gliscor
|-singleturn|p1a: Gliscor|Protect
|move|p2a: Big Drill Theory|Swords Dance|p2a: Big Drill Theory
|-boost|p2a: Big Drill Theory|atk|2
|
|-status|p1a: Gliscor|tox|[from] item: Toxic Orb
|upkeep
|turn|2
|j| Kyurem
|
|t:|1776192492
|move|p2a: Big Drill Theory|Swords Dance|p2a: Big Drill Theory
|-boost|p2a: Big Drill Theory|atk|2
|move|p1a: Gliscor|Knock Off|p2a: Big Drill Theory
|-damage|p2a: Big Drill Theory|64/100
|-enditem|p2a: Big Drill Theory|Air Balloon
|
|upkeep
|turn|3
|
|t:|1776192496
|-terastallize|p2a: Big Drill Theory|Ice
|move|p2a: Big Drill Theory|Tera Blast|p1a: Gliscor|[anim] Tera Blast Ice
|-supereffective|p1a: Gliscor
|-damage|p1a: Gliscor|0 fnt
|faint|p1a: Gliscor
|
|upkeep
|
|t:|1776192501
|switch|p1a: Dondozo|Dondozo, F|100/100
|turn|4
|
|t:|1776192502
|move|p2a: Big Drill Theory|Earthquake|p1a: Dondozo
|-crit|p1a: Dondozo
|-damage|p1a: Dondozo|0 fnt
|faint|p1a: Dondozo
|
|upkeep
|
|t:|1776192504
|switch|p1a: Corviknight|Corviknight, M|100/100
|-ability|p1a: Corviknight|Pressure
|turn|5
|
|t:|1776192506
|move|p2a: Big Drill Theory|Tera Blast|p1a: Corviknight|[anim] Tera Blast Ice
|-damage|p1a: Corviknight|23/100
|move|p1a: Corviknight|Body Press|p2a: Big Drill Theory
|-supereffective|p2a: Big Drill Theory
|-crit|p2a: Big Drill Theory
|-damage|p2a: Big Drill Theory|0 fnt
|faint|p2a: Big Drill Theory
|
|-heal|p1a: Corviknight|29/100|[from] item: Leftovers
|upkeep
|j| Nyrkry
|l|☆1200s chud
|inactive|1200s chud disconnected and has a minute to reconnect!
|player|p2|
|j|☆1200s chud
|inactive|1200s chud reconnected and has 120 seconds left.
|player|p2|1200s chud|drayton|
|
|t:|1776192551
|switch|p2a: Lockheed Shartin|Latios, M|100/100
|turn|6
|
|t:|1776192557
|switch|p1a: Blissey|Blissey, F|100/100
|move|p2a: Lockheed Shartin|Future Sight|p1a: Blissey
|-start|p2a: Lockheed Shartin|move: Future Sight
|
|upkeep
|turn|7
|
|t:|1776192563
|move|p2a: Lockheed Shartin|Flip Turn|p1a: Blissey
|-damage|p1a: Blissey|88/100
|
|t:|1776192565
|switch|p2a: GotYoGirlSticky|Araquanid, M, shiny|100/100|[from] Flip Turn
|move|p1a: Blissey|Seismic Toss|p2a: GotYoGirlSticky
|-damage|p2a: GotYoGirlSticky|70/100
|
|-heal|p1a: Blissey|94/100|[from] item: Leftovers
|upkeep
|turn|8
|
|t:|1776192572
|switch|p1a: Toxapex|Toxapex, F|100/100
|move|p2a: GotYoGirlSticky|Liquidation|p1a: Toxapex
|-resisted|p1a: Toxapex
|-damage|p1a: Toxapex|59/100
|
|-end|p1a: Toxapex|move: Future Sight
|-supereffective|p1a: Toxapex
|-damage|p1a: Toxapex|0 fnt
|faint|p1a: Toxapex
|upkeep
|
|t:|1776192575
|switch|p1a: Corviknight|Corviknight, M|29/100
|-ability|p1a: Corviknight|Pressure
|turn|9
|
|t:|1776192579
|switch|p2a: Lockheed Shartin|Latios, M|100/100
|move|p1a: Corviknight|Roost|p1a: Corviknight
|-heal|p1a: Corviknight|79/100
|-singleturn|p1a: Corviknight|move: Roost
|
|-heal|p1a: Corviknight|85/100|[from] item: Leftovers
|upkeep
|turn|10
|
|t:|1776192583
|move|p2a: Lockheed Shartin|Future Sight|p1a: Corviknight
|-start|p2a: Lockheed Shartin|move: Future Sight
|move|p1a: Corviknight|Iron Defense|p1a: Corviknight
|-boost|p1a: Corviknight|def|2
|
|-heal|p1a: Corviknight|92/100|[from] item: Leftovers
|upkeep
|turn|11
|
|t:|1776192585
|move|p2a: Lockheed Shartin|Flip Turn|p1a: Corviknight
|-damage|p1a: Corviknight|88/100
|
|t:|1776192588
|switch|p2a: Madame Glizzy|Iron Valiant|100/100|[from] Flip Turn
|-enditem|p2a: Madame Glizzy|Booster Energy
|-activate|p2a: Madame Glizzy|ability: Quark Drive|[fromitem]
|-start|p2a: Madame Glizzy|quarkdrivespe
|move|p1a: Corviknight|Iron Defense|p1a: Corviknight
|-boost|p1a: Corviknight|def|2
|
|-heal|p1a: Corviknight|94/100|[from] item: Leftovers
|upkeep
|turn|12
|
|t:|1776192592
|move|p2a: Madame Glizzy|Encore|p1a: Corviknight
|-start|p1a: Corviknight|Encore
|move|p1a: Corviknight|Iron Defense|p1a: Corviknight
|-boost|p1a: Corviknight|def|2
|
|-end|p1a: Corviknight|move: Future Sight
|-resisted|p1a: Corviknight
|-damage|p1a: Corviknight|69/100
|-heal|p1a: Corviknight|75/100|[from] item: Leftovers
|upkeep
|turn|13
|
|t:|1776192595
|switch|p1a: Weezing|Weezing-Galar, M|100/100
|-ability|p1a: Weezing|Neutralizing Gas
|move|p2a: Madame Glizzy|Moonblast|p1a: Weezing
|-resisted|p1a: Weezing
|-damage|p1a: Weezing|66/100
|
|upkeep
|turn|14
|
|t:|1776192606
|-end|p2a: Madame Glizzy|Quark Drive|[silent]
|switch|p2a: Lockheed Shartin|Latios, M|100/100
|move|p1a: Weezing|Toxic Spikes|p2a: Lockheed Shartin
|-sidestart|p2: 1200s chud|move: Toxic Spikes
|
|upkeep
|turn|15
|
|t:|1776192611
|-end|p1a: Weezing|ability: Neutralizing Gas
|switch|p1a: Blissey|Blissey, F|94/100
|move|p2a: Lockheed Shartin|Flip Turn|p1a: Blissey
|-damage|p1a: Blissey|83/100
|
|t:|1776192614
|switch|p2a: Glimmy Neutron|Glimmora, M|100/100|[from] Flip Turn
|-sideend|p2: 1200s chud|move: Toxic Spikes|[of] p2a: Glimmy Neutron
|
|-heal|p1a: Blissey|89/100|[from] item: Leftovers
|upkeep
|turn|16
|
|t:|1776192620
|switch|p2a: Lockheed Shartin|Latios, M|100/100
|move|p1a: Blissey|Seismic Toss|p2a: Lockheed Shartin
|-damage|p2a: Lockheed Shartin|73/100
|
|-heal|p2a: Lockheed Shartin|79/100|[from] item: Leftovers
|-heal|p1a: Blissey|95/100|[from] item: Leftovers
|upkeep
|turn|17
|
|t:|1776192624
|move|p2a: Lockheed Shartin|Future Sight|p1a: Blissey
|-start|p2a: Lockheed Shartin|move: Future Sight
|move|p1a: Blissey|Seismic Toss|p2a: Lockheed Shartin
|-damage|p2a: Lockheed Shartin|52/100
|
|-heal|p2a: Lockheed Shartin|58/100|[from] item: Leftovers
|-heal|p1a: Blissey|100/100|[from] item: Leftovers
|upkeep
|turn|18
|
|t:|1776192627
|move|p2a: Lockheed Shartin|Flip Turn|p1a: Blissey
|-damage|p1a: Blissey|89/100
|
|t:|1776192628
|switch|p2a: GotYoGirlSticky|Araquanid, M, shiny|70/100|[from] Flip Turn
|move|p1a: Blissey|Seismic Toss|p2a: GotYoGirlSticky
|-damage|p2a: GotYoGirlSticky|40/100
|
|-heal|p1a: Blissey|95/100|[from] item: Leftovers
|upkeep
|turn|19
|
|t:|1776192632
|move|p1a: Blissey|Soft-Boiled|p1a: Blissey
|-heal|p1a: Blissey|100/100
|move|p2a: GotYoGirlSticky|Liquidation|p1a: Blissey
|-damage|p1a: Blissey|3/100
|
|-end|p1a: Blissey|move: Future Sight
|-crit|p1a: Blissey
|-damage|p1a: Blissey|0 fnt
|faint|p1a: Blissey
|upkeep
|
|t:|1776192637
|switch|p1a: Corviknight|Corviknight, M|75/100
|-ability|p1a: Corviknight|Pressure
|turn|20
|
|t:|1776192644
|switch|p2a: Madame Glizzy|Iron Valiant|100/100
|move|p1a: Corviknight|Body Press|p2a: Madame Glizzy
|-resisted|p2a: Madame Glizzy
|-crit|p2a: Madame Glizzy
|-damage|p2a: Madame Glizzy|75/100
|
|-heal|p1a: Corviknight|81/100|[from] item: Leftovers
|upkeep
|turn|21
|
|t:|1776192647
|move|p2a: Madame Glizzy|Moonblast|p1a: Corviknight
|-resisted|p1a: Corviknight
|-damage|p1a: Corviknight|56/100
|move|p1a: Corviknight|Body Press|p2a: Madame Glizzy
|-resisted|p2a: Madame Glizzy
|-damage|p2a: Madame Glizzy|57/100
|
|-heal|p1a: Corviknight|63/100|[from] item: Leftovers
|upkeep
|turn|22
|
|t:|1776192651
|move|p2a: Madame Glizzy|Moonblast|p1a: Corviknight
|-resisted|p1a: Corviknight
|-damage|p1a: Corviknight|38/100
|-unboost|p1a: Corviknight|spa|1
|move|p1a: Corviknight|Body Press|p2a: Madame Glizzy
|-resisted|p2a: Madame Glizzy
|-damage|p2a: Madame Glizzy|40/100
|
|-heal|p1a: Corviknight|45/100|[from] item: Leftovers
|upkeep
|turn|23
|
|t:|1776192655
|move|p2a: Madame Glizzy|Encore|p1a: Corviknight
|-start|p1a: Corviknight|Encore
|move|p1a: Corviknight|Body Press|p2a: Madame Glizzy
|-resisted|p2a: Madame Glizzy
|-damage|p2a: Madame Glizzy|22/100
|
|-heal|p1a: Corviknight|51/100|[from] item: Leftovers
|upkeep
|turn|24
|
|t:|1776192657
|move|p2a: Madame Glizzy|Moonblast|p1a: Corviknight
|-resisted|p1a: Corviknight
|-damage|p1a: Corviknight|27/100
|move|p1a: Corviknight|Body Press|p2a: Madame Glizzy
|-resisted|p2a: Madame Glizzy
|-damage|p2a: Madame Glizzy|6/100
|
|-heal|p1a: Corviknight|34/100|[from] item: Leftovers
|upkeep
|turn|25
|
|t:|1776192659
|move|p2a: Madame Glizzy|Destiny Bond|p2a: Madame Glizzy
|-singlemove|p2a: Madame Glizzy|Destiny Bond
|move|p1a: Corviknight|Body Press|p2a: Madame Glizzy
|-resisted|p2a: Madame Glizzy
|-damage|p2a: Madame Glizzy|0 fnt
|faint|p2a: Madame Glizzy
|-activate|p2a: Madame Glizzy|move: Destiny Bond
|-end|p2a: Madame Glizzy|Quark Drive|[silent]
|faint|p1a: Corviknight
|
|upkeep
|
|t:|1776192663
|switch|p2a: Lockheed Shartin|Latios, M|58/100
|switch|p1a: Weezing|Weezing-Galar, M|66/100
|-ability|p1a: Weezing|Neutralizing Gas
|turn|26
|c|☆1200s chud|Yooo
|c|☆1200s chud|Kyurem
|c|☆1200s chud|Wassup
|c| Kyurem|Kyurem
|inactive|Timolicon has 120 seconds left.
|c|☆1200s chud|It's raffe from that one discord ske made
|
|t:|1776192703
|move|p2a: Lockheed Shartin|Future Sight|p1a: Weezing
|-start|p2a: Lockheed Shartin|move: Future Sight
|move|p1a: Weezing|Pain Split|p2a: Lockheed Shartin
|-sethp|p2a: Lockheed Shartin|59/100|[from] move: Pain Split|[silent]
|-sethp|p1a: Weezing|64/100|[from] move: Pain Split
|
|-heal|p2a: Lockheed Shartin|65/100|[from] item: Leftovers
|upkeep
|turn|27
|
|t:|1776192707
|move|p2a: Lockheed Shartin|Flip Turn|p1a: Weezing
|-damage|p1a: Weezing|56/100
|
|t:|1776192709
|switch|p2a: Glimmy Neutron|Glimmora, M|100/100|[from] Flip Turn
|move|p1a: Weezing|Pain Split|p2a: Glimmy Neutron
|-sethp|p2a: Glimmy Neutron|81/100|[from] move: Pain Split|[silent]
|-sethp|p1a: Weezing|74/100|[from] move: Pain Split
|
|upkeep
|turn|28
|
|t:|1776192712
|move|p2a: Glimmy Neutron|Meteor Beam||[still]
|-prepare|p2a: Glimmy Neutron|Meteor Beam
|-boost|p2a: Glimmy Neutron|spa|1
|-enditem|p2a: Glimmy Neutron|Power Herb
|-anim|p2a: Glimmy Neutron|Meteor Beam|p1a: Weezing|[miss]
|-miss|p2a: Glimmy Neutron|p1a: Weezing
|move|p1a: Weezing|Pain Split|p2a: Glimmy Neutron
|-sethp|p2a: Glimmy Neutron|81/100|[from] move: Pain Split|[silent]
|-sethp|p1a: Weezing|74/100|[from] move: Pain Split
|
|-end|p1a: Weezing|move: Future Sight
|-supereffective|p1a: Weezing
|-damage|p1a: Weezing|0 fnt
|faint|p1a: Weezing
|-end|p1a: Weezing|ability: Neutralizing Gas
|
|win|1200s chud
|raw|Timolicon's rating: 1611 &rarr; <strong>1590</strong><br />(-21 for losing)
|raw|1200s chud's rating: 1596 &rarr; <strong>1617</strong><br />(+21 for winning)
|l|☆Timolicon
|player|p1|
|c|☆1200s chud|Lmao
|c|☆1200s chud|Smokeddd
