|html|<div class="broadcast-blue"><strong>[Gen 9] OU is currently suspecting Tera Blast! For information on how to participate check out the <a href="https://www.smogon.com/tools/suspects/view/200">suspect thread</a>.</strong></div>
|j|☆sminey
|j|☆Dr. Drake6782
|t:|1776055437
|gametype|singles
|player|p1|sminey|palmer|1694
|player|p2|Dr. Drake6782|hilbert-masters|1696
|gen|9
|tier|[Gen 9] OU
|rated|
|rule|HP Percentage Mod: HP is shown in percentages
|rule|Endless Battle Clause: Forcing endless battles is banned
|rule|Species Clause: Limit one of each Pokémon
|rule|OHKO Clause: OHKO moves are banned
|rule|Evasion Items Clause: Evasion items are banned
|rule|Evasion Moves Clause: Evasion moves are banned
|rule|Evasion Abilities Clause: Evasion abilities are banned
|rule|Sleep Moves Clause: Sleep-inducing moves are banned
|clearpoke
|poke|p1|Cinderace, F|
|poke|p1|Zapdos|
|poke|p1|Latios, M|
|poke|p1|Weavile, F|
|poke|p1|Clefable, M|
|poke|p1|Slowking-Galar, M|
|poke|p2|Slowking-Galar, M|
|poke|p2|Ting-Lu|
|poke|p2|Hydrapple, M|
|poke|p2|Corviknight, M|
|poke|p2|Cinderace, M|
|poke|p2|Dondozo, F|
|teampreview
|inactive|Battle timer is ON: inactive players will automatically lose when time's up. (requested by Dr. Drake6782)
|
|t:|1776055445
|teamsize|p1|6
|teamsize|p2|6
|start
|switch|p1a: Cinderace|Cinderace, F|100/100
|switch|p2a: Slowking|Slowking-Galar, M, shiny|100/100
|turn|1
|
|t:|1776055450
|move|p1a: Cinderace|U-turn|p2a: Slowking
|-start|p1a: Cinderace|typechange|Bug|[from] ability: Libero
|-damage|p2a: Slowking|75/100
|
|t:|1776055453
|switch|p1a: Slowking|Slowking-Galar, M|100/100|[from] U-turn
|move|p2a: Slowking|Toxic|p1a: Slowking
|-immune|p1a: Slowking
|
|-heal|p2a: Slowking|81/100|[from] item: Black Sludge
|upkeep
|turn|2
|
|t:|1776055458
|switch|p2a: Ting-Lu|Ting-Lu|100/100
|-ability|p2a: Ting-Lu|Vessel of Ruin
|move|p1a: Slowking|Psyshock|p2a: Ting-Lu
|-immune|p2a: Ting-Lu
|
|upkeep
|turn|3
|
|t:|1776055475
|move|p2a: Ting-Lu|Payback|p1a: Slowking
|-supereffective|p1a: Slowking
|-damage|p1a: Slowking|63/100
|move|p1a: Slowking|Ice Beam|p2a: Ting-Lu
|-supereffective|p2a: Ting-Lu
|-damage|p2a: Ting-Lu|80/100
|
|-heal|p2a: Ting-Lu|86/100|[from] item: Leftovers
|upkeep
|turn|4
|
|t:|1776055487
|switch|p2a: Slowking|Slowking-Galar, M, shiny|100/100
|switch|p1a: Clefable|Clefable, M|100/100
|
|upkeep
|turn|5
|
|t:|1776055493
|switch|p1a: Slowking|Slowking-Galar, M|97/100
|move|p2a: Slowking|Sludge Bomb|p1a: Slowking
|-resisted|p1a: Slowking
|-damage|p1a: Slowking|90/100
|
|upkeep
|turn|6
|
|t:|1776055500
|switch|p2a: Ting-Lu|Ting-Lu|86/100
|-ability|p2a: Ting-Lu|Vessel of Ruin
|move|p1a: Slowking|Ice Beam|p2a: Ting-Lu
|-supereffective|p2a: Ting-Lu
|-damage|p2a: Ting-Lu|68/100
|-status|p2a: Ting-Lu|frz
|
|-heal|p2a: Ting-Lu|74/100 frz|[from] item: Leftovers
|upkeep
|turn|7
|
|t:|1776055523
|switch|p1a: Weavile|Weavile, F|100/100
|-ability|p1a: Weavile|Pressure
|cant|p2a: Ting-Lu|frz
|
|-heal|p2a: Ting-Lu|80/100 frz|[from] item: Leftovers
|upkeep
|turn|8
|
|t:|1776055528
|move|p1a: Weavile|Knock Off|p2a: Ting-Lu
|-resisted|p2a: Ting-Lu
|-damage|p2a: Ting-Lu|67/100 frz
|-enditem|p2a: Ting-Lu|Leftovers|[from] move: Knock Off|[of] p1a: Weavile
|cant|p2a: Ting-Lu|frz
|
|upkeep
|turn|9
|
|t:|1776055531
|switch|p2a: Dondozo|Dondozo, F|100/100
|move|p1a: Weavile|Triple Axel|p2a: Dondozo|[miss]
|-miss|p1a: Weavile|p2a: Dondozo
|
|upkeep
|turn|10
|
|t:|1776055534
|move|p1a: Weavile|Knock Off|p2a: Dondozo
|-damage|p2a: Dondozo|71/100
|-enditem|p2a: Dondozo|Leftovers|[from] move: Knock Off|[of] p1a: Weavile
|move|p2a: Dondozo|Curse|p2a: Dondozo
|-unboost|p2a: Dondozo|spe|1
|-boost|p2a: Dondozo|atk|1
|-boost|p2a: Dondozo|def|1
|
|upkeep
|turn|11
|
|t:|1776055542
|switch|p1a: Zapdos|Zapdos|100/100
|move|p2a: Dondozo|Curse|p2a: Dondozo
|-unboost|p2a: Dondozo|spe|1
|-boost|p2a: Dondozo|atk|1
|-boost|p2a: Dondozo|def|1
|
|upkeep
|turn|12
|
|t:|1776055547
|-terastallize|p2a: Dondozo|Dark
|move|p1a: Zapdos|Volt Switch|p2a: Dondozo
|-damage|p2a: Dondozo|54/100
|
|t:|1776055553
|switch|p1a: Clefable|Clefable, M|100/100|[from] Volt Switch
|move|p2a: Dondozo|Liquidation|p1a: Clefable
|-damage|p1a: Clefable|78/100
|
|upkeep
|turn|13
|
|t:|1776055558
|switch|p2a: Slowking|Slowking-Galar, M, shiny|100/100
|move|p1a: Clefable|Moonblast|p2a: Slowking
|-resisted|p2a: Slowking
|-damage|p2a: Slowking|88/100
|
|-heal|p2a: Slowking|94/100|[from] item: Black Sludge
|upkeep
|turn|14
|
|t:|1776055561
|switch|p1a: Slowking|Slowking-Galar, M|100/100
|switch|p2a: Cinderace|Cinderace, M|100/100
|
|upkeep
|turn|15
|
|t:|1776055568
|move|p2a: Cinderace|Pyro Ball|p1a: Slowking
|-damage|p1a: Slowking|51/100
|move|p1a: Slowking|Sludge Bomb|p2a: Cinderace
|-damage|p2a: Cinderace|57/100
|
|upkeep
|turn|16
|
|t:|1776055572
|switch|p1a: Zapdos|Zapdos|100/100
|move|p2a: Cinderace|Pyro Ball|p1a: Zapdos|[miss]
|-miss|p2a: Cinderace|p1a: Zapdos
|
|upkeep
|turn|17
|
|t:|1776055579
|move|p2a: Cinderace|Pyro Ball|p1a: Zapdos
|-damage|p1a: Zapdos|62/100
|-status|p1a: Zapdos|brn
|move|p1a: Zapdos|Hurricane|p2a: Cinderace
|-damage|p2a: Cinderace|0 fnt
|faint|p2a: Cinderace
|
|-damage|p1a: Zapdos|56/100 brn|[from] brn
|upkeep
|
|t:|1776055594
|switch|p2a: Slowking|Slowking-Galar, M, shiny|100/100
|turn|18
|
|t:|1776055598
|switch|p2a: Ting-Lu|Ting-Lu|67/100 frz
|-ability|p2a: Ting-Lu|Vessel of Ruin
|move|p1a: Zapdos|Roost|p1a: Zapdos
|-heal|p1a: Zapdos|100/100 brn
|-singleturn|p1a: Zapdos|move: Roost
|
|-damage|p1a: Zapdos|94/100 brn|[from] brn
|upkeep
|turn|19
|
|t:|1776055602
|switch|p1a: Cinderace|Cinderace, F|100/100
|cant|p2a: Ting-Lu|frz
|
|upkeep
|turn|20
|
|t:|1776055604
|move|p1a: Cinderace|U-turn|p2a: Ting-Lu
|-start|p1a: Cinderace|typechange|Bug|[from] ability: Libero
|-supereffective|p2a: Ting-Lu
|-damage|p2a: Ting-Lu|32/100 frz
|
|t:|1776055608
|switch|p1a: Latios|Latios, M|100/100|[from] U-turn
|cant|p2a: Ting-Lu|frz
|
|upkeep
|turn|21
|
|t:|1776055612
|switch|p2a: Slowking|Slowking-Galar, M, shiny|100/100
|move|p1a: Latios|Draco Meteor|p2a: Slowking|[miss]
|-miss|p1a: Latios|p2a: Slowking
|
|upkeep
|turn|22
|
|t:|1776055619
|switch|p1a: Slowking|Slowking-Galar, M|84/100
|switch|p2a: Ting-Lu|Ting-Lu|32/100 frz
|-ability|p2a: Ting-Lu|Vessel of Ruin
|
|upkeep
|turn|23
|
|t:|1776055621
|cant|p2a: Ting-Lu|frz
|move|p1a: Slowking|Ice Beam|p2a: Ting-Lu
|-supereffective|p2a: Ting-Lu
|-damage|p2a: Ting-Lu|11/100 frz
|
|upkeep
|turn|24
|
|t:|1776055623
|cant|p2a: Ting-Lu|frz
|move|p1a: Slowking|Ice Beam|p2a: Ting-Lu
|-supereffective|p2a: Ting-Lu
|-damage|p2a: Ting-Lu|0 fnt
|faint|p2a: Ting-Lu
|
|upkeep
|-message|Dr. Drake6782 forfeited.
|
|win|sminey
|raw|sminey's rating: 1694 &rarr; <strong>1714</strong><br />(+20 for winning)
|raw|Dr. Drake6782's rating: 1696 &rarr; <strong>1676</strong><br />(-20 for losing)
|l|☆Dr. Drake6782
|player|p2|
|l|☆sminey
|player|p1|
