|html|<div class="broadcast-blue"><strong>[Gen 9] OU is currently suspecting Tera Blast! For information on how to participate check out the <a href="https://www.smogon.com/tools/suspects/view/200">suspect thread</a>.</strong></div>
|j|☆lealleallegal
|j|☆GreninjaMyFav
|t:|1776217557
|gametype|singles
|player|p1|lealleallegal|shadowtriad|1342
|player|p2|GreninjaMyFav|skyla|1403
|gen|9
|tier|[Gen 9] OU
|rated|
|rule|HP Percentage Mod: HP is shown in percentages
|rule|Endless Battle Clause: Forcing endless battles is banned
|rule|Species Clause: Limit one of each Pokémon
|rule|OHKO Clause: OHKO moves are banned
|rule|Evasion Items Clause: Evasion items are banned
|rule|Evasion Moves Clause: Evasion moves are banned
|rule|Evasion Abilities Clause: Evasion abilities are banned
|rule|Sleep Moves Clause: Sleep-inducing moves are banned
|clearpoke
|poke|p1|Garganacl, F|
|poke|p1|Great Tusk|
|poke|p1|Zapdos|
|poke|p1|Weavile, F|
|poke|p1|Heatran, M|
|poke|p1|Dragapult, M|
|poke|p2|Greninja-*, M|
|poke|p2|Great Tusk|
|poke|p2|Alomomola, F|
|poke|p2|Dragapult, F|
|poke|p2|Zamazenta-*|
|poke|p2|Corviknight, F|
|teampreview
|inactive|Battle timer is ON: inactive players will automatically lose when time's up. (requested by GreninjaMyFav)
|
|t:|1776217587
|teamsize|p1|6
|teamsize|p2|6
|start
|switch|p1a: Weavile|Weavile, F|100/100
|switch|p2a: Greninja|Greninja, M|100/100
|-ability|p1a: Weavile|Pressure
|turn|1
|
|t:|1776217592
|switch|p2a: Corviknight|Corviknight, F|100/100
|-ability|p2a: Corviknight|Pressure
|move|p1a: Weavile|Knock Off|p2a: Corviknight
|-damage|p2a: Corviknight|61/100
|-damage|p1a: Weavile|84/100|[from] item: Rocky Helmet|[of] p2a: Corviknight
|-enditem|p2a: Corviknight|Rocky Helmet|[from] move: Knock Off|[of] p1a: Weavile
|
|upkeep
|turn|2
|
|t:|1776217611
|switch|p1a: Dragapult|Dragapult, M|100/100
|move|p2a: Corviknight|U-turn|p1a: Dragapult
|-resisted|p1a: Dragapult
|-damage|p1a: Dragapult|90/100
|
|t:|1776217614
|switch|p2a: Alomomola|Alomomola, F|100/100|[from] U-turn
|
|upkeep
|turn|3
|
|t:|1776217632
|move|p1a: Dragapult|Draco Meteor|p2a: Alomomola
|-damage|p2a: Alomomola|73/100
|-unboost|p1a: Dragapult|spa|2
|move|p2a: Alomomola|Flip Turn|p1a: Dragapult
|-resisted|p1a: Dragapult
|-damage|p1a: Dragapult|79/100
|
|t:|1776217637
|switch|p2a: Greninja|Greninja, M|100/100|[from] Flip Turn
|
|upkeep
|turn|4
|
|t:|1776217647
|move|p1a: Dragapult|U-turn|p2a: Greninja
|-supereffective|p2a: Greninja
|-damage|p2a: Greninja|30/100
|
|t:|1776217653
|switch|p1a: Garganacl|Garganacl, F|100/100|[from] U-turn
|move|p2a: Greninja|Ice Beam|p1a: Garganacl
|-start|p2a: Greninja|typechange|Ice|[from] ability: Protean
|-damage|p1a: Garganacl|61/100
|
|-heal|p1a: Garganacl|67/100|[from] item: Leftovers
|upkeep
|turn|5
|
|t:|1776217663
|switch|p2a: Great Tusk|Great Tusk|100/100
|move|p1a: Garganacl|Recover|p1a: Garganacl
|-heal|p1a: Garganacl|100/100
|
|upkeep
|turn|6
|
|t:|1776217669
|switch|p1a: Zapdos|Zapdos|100/100
|move|p2a: Great Tusk|Stealth Rock|p1a: Zapdos
|-sidestart|p1: lealleallegal|move: Stealth Rock
|
|upkeep
|turn|7
|
|t:|1776217681
|-end|p2a: Great Tusk|Protosynthesis|[silent]
|switch|p2a: Alomomola|Alomomola, F|100/100
|move|p1a: Zapdos|U-turn|p2a: Alomomola
|-damage|p2a: Alomomola|91/100
|
|t:|1776217696
|switch|p1a: Great Tusk|Great Tusk|100/100|[from] U-turn
|
|upkeep
|turn|8
|
|t:|1776217702
|move|p1a: Great Tusk|Knock Off|p2a: Alomomola
|-damage|p2a: Alomomola|65/100
|-enditem|p2a: Alomomola|Assault Vest|[from] move: Knock Off|[of] p1a: Great Tusk
|move|p2a: Alomomola|Scald|p1a: Great Tusk
|-supereffective|p1a: Great Tusk
|-damage|p1a: Great Tusk|57/100
|
|upkeep
|turn|9
|
|t:|1776217709
|switch|p2a: Dragapult|Dragapult, F|100/100
|move|p1a: Great Tusk|Rapid Spin|p2a: Dragapult
|-immune|p2a: Dragapult
|
|upkeep
|turn|10
|
|t:|1776217713
|-end|p1a: Great Tusk|Protosynthesis|[silent]
|switch|p1a: Heatran|Heatran, M|100/100
|-damage|p1a: Heatran|88/100|[from] Stealth Rock
|-item|p1a: Heatran|Air Balloon
|move|p2a: Dragapult|U-turn|p1a: Heatran
|-resisted|p1a: Heatran
|-damage|p1a: Heatran|85/100
|-enditem|p1a: Heatran|Air Balloon
|
|t:|1776217715
|switch|p2a: Greninja|Greninja, M|30/100|[from] U-turn
|
|upkeep
|turn|11
|
|t:|1776217731
|switch|p1a: Garganacl|Garganacl, F|100/100
|-damage|p1a: Garganacl|88/100|[from] Stealth Rock
|move|p2a: Greninja|Hydro Pump|p1a: Garganacl
|-start|p2a: Greninja|typechange|Water|[from] ability: Protean
|-supereffective|p1a: Garganacl
|-damage|p1a: Garganacl|0 fnt
|faint|p1a: Garganacl
|
|upkeep
|
|t:|1776217738
|switch|p1a: Dragapult|Dragapult, M|79/100
|-damage|p1a: Dragapult|67/100|[from] Stealth Rock
|turn|12
|
|t:|1776217743
|switch|p2a: Alomomola|Alomomola, F|98/100
|move|p1a: Dragapult|Dragon Darts|p2a: Alomomola
|-damage|p2a: Alomomola|76/100
|-anim|p1a: Dragapult|Dragon Darts|p2a: Alomomola
|-damage|p2a: Alomomola|56/100
|
|upkeep
|turn|13
|
|t:|1776217757
|-terastallize|p1a: Dragapult|Dragon
|-terastallize|p2a: Alomomola|Fairy
|move|p1a: Dragapult|Dragon Darts|p2a: Alomomola
|-immune|p2a: Alomomola
|move|p2a: Alomomola|Mirror Coat||[still]
|-fail|p2a: Alomomola
|
|upkeep
|turn|14
|
|t:|1776217763
|move|p1a: Dragapult|U-turn|p2a: Alomomola
|-resisted|p2a: Alomomola
|-damage|p2a: Alomomola|48/100
|
|t:|1776217768
|switch|p1a: Zapdos|Zapdos|100/100|[from] U-turn
|move|p2a: Alomomola|Body Slam|p1a: Zapdos
|-damage|p1a: Zapdos|90/100
|
|upkeep
|turn|15
|
|t:|1776217772
|move|p1a: Zapdos|U-turn|p2a: Alomomola
|-resisted|p2a: Alomomola
|-damage|p2a: Alomomola|43/100
|
|t:|1776217778
|switch|p1a: Dragapult|Dragapult, M, tera:Dragon|67/100|[from] U-turn
|-damage|p1a: Dragapult|55/100|[from] Stealth Rock
|move|p2a: Alomomola|Flip Turn|p1a: Dragapult
|-resisted|p1a: Dragapult
|-damage|p1a: Dragapult|43/100
|
|t:|1776217782
|switch|p2a: Corviknight|Corviknight, F|61/100|[from] Flip Turn
|-ability|p2a: Corviknight|Pressure
|
|upkeep
|turn|16
|
|t:|1776217788
|move|p1a: Dragapult|U-turn|p2a: Corviknight
|-resisted|p2a: Corviknight
|-crit|p2a: Corviknight
|-damage|p2a: Corviknight|54/100
|
|t:|1776217790
|switch|p1a: Zapdos|Zapdos|90/100|[from] U-turn
|move|p2a: Corviknight|Roost|p2a: Corviknight
|-heal|p2a: Corviknight|100/100
|-singleturn|p2a: Corviknight|move: Roost
|
|upkeep
|turn|17
|
|t:|1776217796
|switch|p2a: Alomomola|Alomomola, F, tera:Fairy|77/100
|move|p1a: Zapdos|Hurricane|p2a: Alomomola|[miss]
|-miss|p1a: Zapdos|p2a: Alomomola
|
|upkeep
|turn|18
|
|t:|1776217800
|move|p1a: Zapdos|Discharge|p2a: Alomomola
|-damage|p2a: Alomomola|51/100
|move|p2a: Alomomola|Flip Turn|p1a: Zapdos
|-damage|p1a: Zapdos|78/100
|
|t:|1776217802
|switch|p2a: Greninja|Greninja, M|30/100|[from] Flip Turn
|
|upkeep
|turn|19
|
|t:|1776217809
|switch|p1a: Heatran|Heatran, M|85/100
|-damage|p1a: Heatran|73/100|[from] Stealth Rock
|move|p2a: Greninja|Ice Beam|p1a: Heatran
|-start|p2a: Greninja|typechange|Ice|[from] ability: Protean
|-resisted|p1a: Heatran
|-damage|p1a: Heatran|59/100
|
|upkeep
|turn|20
|
|t:|1776217819
|switch|p2a: Dragapult|Dragapult, F|100/100
|move|p1a: Heatran|Magma Storm|p2a: Dragapult
|-resisted|p2a: Dragapult
|-damage|p2a: Dragapult|68/100
|-activate|p2a: Dragapult|move: Magma Storm|[of] p1a: Heatran
|
|-damage|p2a: Dragapult|56/100|[from] move: Magma Storm|[partiallytrapped]
|upkeep
|turn|21
|
|t:|1776217824
|move|p2a: Dragapult|Thunder Wave|p1a: Heatran
|-status|p1a: Heatran|par
|move|p1a: Heatran|Stealth Rock|p2a: Dragapult
|-sidestart|p2: GreninjaMyFav|move: Stealth Rock
|
|-damage|p2a: Dragapult|44/100|[from] move: Magma Storm|[partiallytrapped]
|upkeep
|turn|22
|
|t:|1776217828
|move|p2a: Dragapult|Hex|p1a: Heatran
|-crit|p1a: Heatran
|-damage|p1a: Heatran|0 fnt
|faint|p1a: Heatran
|
|-end|p2a: Dragapult|Magma Storm|[partiallytrapped]|[silent]
|upkeep
|
|t:|1776217840
|switch|p1a: Weavile|Weavile, F|84/100
|-ability|p1a: Weavile|Pressure
|turn|23
|
|t:|1776217844
|move|p2a: Dragapult|Thunder Wave|p1a: Weavile
|-status|p1a: Weavile|par
|cant|p1a: Weavile|par
|
|upkeep
|turn|24
|
|t:|1776217847
|move|p2a: Dragapult|U-turn|p1a: Weavile
|-supereffective|p1a: Weavile
|-damage|p1a: Weavile|17/100 par
|
|t:|1776217850
|switch|p2a: Zamazenta|Zamazenta|100/100|[from] U-turn
|-damage|p2a: Zamazenta|95/100|[from] Stealth Rock
|-ability|p2a: Zamazenta|Dauntless Shield|boost
|-boost|p2a: Zamazenta|def|1
|move|p1a: Weavile|Swords Dance|p1a: Weavile
|-boost|p1a: Weavile|atk|2
|
|upkeep
|turn|25
|
|t:|1776217854
|move|p2a: Zamazenta|Stone Edge|p1a: Weavile|[miss]
|-miss|p2a: Zamazenta|p1a: Weavile
|move|p1a: Weavile|Triple Axel|p2a: Zamazenta
|-damage|p2a: Zamazenta|83/100
|-damage|p2a: Zamazenta|60/100
|-damage|p2a: Zamazenta|29/100
|-hitcount|p2a: Zamazenta|3
|
|upkeep
|turn|26
|
|t:|1776217857
|move|p2a: Zamazenta|Stone Edge|p1a: Weavile
|-supereffective|p1a: Weavile
|-damage|p1a: Weavile|0 fnt
|faint|p1a: Weavile
|
|upkeep
|
|t:|1776217860
|switch|p1a: Dragapult|Dragapult, M, tera:Dragon|43/100
|-damage|p1a: Dragapult|31/100|[from] Stealth Rock
|turn|27
|
|t:|1776217863
|move|p1a: Dragapult|Dragon Darts|p2a: Zamazenta
|-damage|p2a: Zamazenta|8/100
|-anim|p1a: Dragapult|Dragon Darts|p2a: Zamazenta
|-damage|p2a: Zamazenta|0 fnt
|faint|p2a: Zamazenta
|
|upkeep
|
|t:|1776217865
|switch|p2a: Alomomola|Alomomola, F, tera:Fairy|84/100
|-damage|p2a: Alomomola|72/100|[from] Stealth Rock
|turn|28
|
|t:|1776217870
|switch|p1a: Zapdos|Zapdos|78/100
|move|p2a: Alomomola|Flip Turn|p1a: Zapdos
|-damage|p1a: Zapdos|67/100
|
|t:|1776217872
|switch|p2a: Greninja|Greninja, M|30/100|[from] Flip Turn
|-damage|p2a: Greninja|18/100|[from] Stealth Rock
|
|upkeep
|turn|29
|
|t:|1776217882
|move|p2a: Greninja|Ice Beam|p1a: Zapdos
|-start|p2a: Greninja|typechange|Ice|[from] ability: Protean
|-supereffective|p1a: Zapdos
|-damage|p1a: Zapdos|0 fnt
|faint|p1a: Zapdos
|
|upkeep
|
|t:|1776217884
|switch|p1a: Dragapult|Dragapult, M, tera:Dragon|31/100
|-damage|p1a: Dragapult|19/100|[from] Stealth Rock
|turn|30
|
|t:|1776217889
|switch|p2a: Alomomola|Alomomola, F, tera:Fairy|100/100
|-damage|p2a: Alomomola|88/100|[from] Stealth Rock
|move|p1a: Dragapult|U-turn|p2a: Alomomola
|-resisted|p2a: Alomomola
|-damage|p2a: Alomomola|80/100
|
|t:|1776217891
|switch|p1a: Great Tusk|Great Tusk|57/100|[from] U-turn
|
|upkeep
|turn|31
|
|t:|1776217898
|switch|p2a: Dragapult|Dragapult, F|44/100
|move|p1a: Great Tusk|Rapid Spin|p2a: Dragapult
|-immune|p2a: Dragapult
|
|upkeep
|turn|32
|
|t:|1776217900
|move|p2a: Dragapult|Hex|p1a: Great Tusk
|-damage|p1a: Great Tusk|17/100
|move|p1a: Great Tusk|Knock Off|p2a: Dragapult
|-supereffective|p2a: Dragapult
|-damage|p2a: Dragapult|0 fnt
|-enditem|p2a: Dragapult|Heavy-Duty Boots|[from] move: Knock Off|[of] p1a: Great Tusk
|faint|p2a: Dragapult
|
|upkeep
|
|t:|1776217902
|switch|p2a: Greninja|Greninja, M|18/100
|-damage|p2a: Greninja|6/100|[from] Stealth Rock
|turn|33
|
|t:|1776217905
|move|p2a: Greninja|Ice Beam|p1a: Great Tusk
|-start|p2a: Greninja|typechange|Ice|[from] ability: Protean
|-supereffective|p1a: Great Tusk
|-damage|p1a: Great Tusk|0 fnt
|faint|p1a: Great Tusk
|-end|p1a: Great Tusk|Protosynthesis|[silent]
|
|upkeep
|
|t:|1776217907
|switch|p1a: Dragapult|Dragapult, M, tera:Dragon|19/100
|-damage|p1a: Dragapult|6/100|[from] Stealth Rock
|turn|34
|
|t:|1776217910
|move|p1a: Dragapult|Hex|p2a: Greninja
|-damage|p2a: Greninja|0 fnt
|faint|p2a: Greninja
|
|upkeep
|
|t:|1776217912
|switch|p2a: Alomomola|Alomomola, F, tera:Fairy|100/100
|-damage|p2a: Alomomola|88/100|[from] Stealth Rock
|turn|35
|
|t:|1776217915
|move|p1a: Dragapult|Hex|p2a: Alomomola
|-damage|p2a: Alomomola|71/100
|move|p2a: Alomomola|Scald|p1a: Dragapult
|-resisted|p1a: Dragapult
|-damage|p1a: Dragapult|0 fnt
|faint|p1a: Dragapult
|
|win|GreninjaMyFav
|raw|lealleallegal's rating: 1342 &rarr; <strong>1325</strong><br />(-17 for losing)
|raw|GreninjaMyFav's rating: 1403 &rarr; <strong>1420</strong><br />(+17 for winning)
