|html|<div class="broadcast-blue"><strong>[Gen 9] OU is currently suspecting Tera Blast! For information on how to participate check out the <a href="https://www.smogon.com/tools/suspects/view/200">suspect thread</a>.</strong></div>
|j|☆el pepe215
|j|☆julipabl
|t:|1776034304
|gametype|singles
|player|p1|el pepe215|veteran|1221
|player|p2|julipabl|youngster-gen4dp|1213
|gen|9
|tier|[Gen 9] OU
|rated|
|rule|HP Percentage Mod: HP is shown in percentages
|rule|Endless Battle Clause: Forcing endless battles is banned
|rule|Species Clause: Limit one of each Pokémon
|rule|OHKO Clause: OHKO moves are banned
|rule|Evasion Items Clause: Evasion items are banned
|rule|Evasion Moves Clause: Evasion moves are banned
|rule|Evasion Abilities Clause: Evasion abilities are banned
|rule|Sleep Moves Clause: Sleep-inducing moves are banned
|clearpoke
|poke|p1|Primarina, F|
|poke|p1|Meowscarada, F|
|poke|p1|Corviknight, M|
|poke|p1|Ting-Lu|
|poke|p1|Rotom-Wash|
|poke|p1|Iron Moth|
|poke|p2|Scrafty, M|
|poke|p2|Exeggutor-Alola, F|
|poke|p2|Bronzong|
|poke|p2|Malamar, F|
|poke|p2|Chandelure, M|
|poke|p2|Porygon2|
|teampreview
|inactive|Battle timer is ON: inactive players will automatically lose when time's up. (requested by julipabl)
|
|t:|1776034327
|teamsize|p1|6
|teamsize|p2|6
|start
|switch|p1a: Rotom|Rotom-Wash, shiny|100/100
|switch|p2a: Chandelure|Chandelure, M|100/100
|turn|1
|
|t:|1776034341
|move|p1a: Rotom|Hydro Pump|p2a: Chandelure
|-supereffective|p2a: Chandelure
|-enditem|p2a: Chandelure|Focus Sash
|-damage|p2a: Chandelure|1/100
|move|p2a: Chandelure|Trick Room|p2a: Chandelure
|-fieldstart|move: Trick Room|[of] p2a: Chandelure
|
|upkeep
|turn|2
|
|t:|1776034349
|move|p2a: Chandelure|Energy Ball|p1a: Rotom
|-supereffective|p1a: Rotom
|-damage|p1a: Rotom|23/100
|move|p1a: Rotom|Hydro Pump|p2a: Chandelure
|-supereffective|p2a: Chandelure
|-damage|p2a: Chandelure|0 fnt
|faint|p2a: Chandelure
|
|-heal|p1a: Rotom|29/100|[from] item: Leftovers
|upkeep
|
|t:|1776034362
|switch|p2a: Scrafty|Scrafty, M|100/100
|turn|3
|
|t:|1776034370
|move|p2a: Scrafty|Knock Off|p1a: Rotom
|-damage|p1a: Rotom|0 fnt
|-enditem|p1a: Rotom|Leftovers|[from] move: Knock Off|[of] p2a: Scrafty
|faint|p1a: Rotom
|-ability|p2a: Scrafty|Moxie|boost
|-boost|p2a: Scrafty|atk|1
|
|upkeep
|
|t:|1776034383
|switch|p1a: Corviknight|Corviknight, M|100/100
|turn|4
|
|t:|1776034398
|move|p2a: Scrafty|Knock Off|p1a: Corviknight
|-damage|p1a: Corviknight|64/100
|-damage|p2a: Scrafty|84/100|[from] item: Rocky Helmet|[of] p1a: Corviknight
|-enditem|p1a: Corviknight|Rocky Helmet|[from] move: Knock Off|[of] p2a: Scrafty
|move|p1a: Corviknight|Brave Bird|p2a: Scrafty
|-supereffective|p2a: Scrafty
|-damage|p2a: Scrafty|14/100
|-damage|p1a: Corviknight|44/100|[from] Recoil
|
|upkeep
|turn|5
|
|t:|1776034409
|move|p2a: Scrafty|Drain Punch|p1a: Corviknight
|-damage|p1a: Corviknight|14/100
|-heal|p2a: Scrafty|33/100|[from] drain|[of] p1a: Corviknight
|move|p1a: Corviknight|Roost|p1a: Corviknight
|-heal|p1a: Corviknight|64/100
|-singleturn|p1a: Corviknight|move: Roost
|
|-fieldend|move: Trick Room
|upkeep
|turn|6
|
|t:|1776034420
|switch|p2a: Bronzong|Bronzong|100/100
|move|p1a: Corviknight|Brave Bird|p2a: Bronzong
|-resisted|p2a: Bronzong
|-damage|p2a: Bronzong|84/100
|-damage|p1a: Corviknight|59/100|[from] Recoil
|
|upkeep
|turn|7
|
|t:|1776034429
|move|p1a: Corviknight|Roost|p1a: Corviknight
|-heal|p1a: Corviknight|100/100
|-singleturn|p1a: Corviknight|move: Roost
|move|p2a: Bronzong|Stealth Rock|p1a: Corviknight
|-sidestart|p1: el pepe215|move: Stealth Rock
|
|upkeep
|turn|8
|
|t:|1776034436
|move|p1a: Corviknight|U-turn|p2a: Bronzong
|-damage|p2a: Bronzong|70/100
|
|t:|1776034444
|switch|p1a: Meowscarada|Meowscarada, F|100/100|[from] U-turn
|move|p2a: Bronzong|Trick Room|p2a: Bronzong
|-fieldstart|move: Trick Room|[of] p2a: Bronzong
|
|upkeep
|turn|9
|
|t:|1776034455
|move|p2a: Bronzong|Gyro Ball|p1a: Meowscarada
|-damage|p1a: Meowscarada|2/100
|move|p1a: Meowscarada|Knock Off|p2a: Bronzong
|-start|p1a: Meowscarada|typechange|Dark|[from] ability: Protean
|-supereffective|p2a: Bronzong
|-damage|p2a: Bronzong|0 fnt
|-enditem|p2a: Bronzong|Figy Berry|[from] move: Knock Off|[of] p1a: Meowscarada
|faint|p2a: Bronzong
|
|upkeep
|
|t:|1776034467
|switch|p2a: Scrafty|Scrafty, M|33/100
|turn|10
|
|t:|1776034492
|move|p2a: Scrafty|Drain Punch|p1a: Meowscarada
|-supereffective|p1a: Meowscarada
|-damage|p1a: Meowscarada|0 fnt
|-heal|p2a: Scrafty|33/100|[from] drain|[of] p1a: Meowscarada
|faint|p1a: Meowscarada
|-ability|p2a: Scrafty|Moxie|boost
|-boost|p2a: Scrafty|atk|1
|
|upkeep
|
|t:|1776034499
|switch|p1a: Ting-Lu|Ting-Lu, shiny|100/100
|-damage|p1a: Ting-Lu|94/100|[from] Stealth Rock
|-ability|p1a: Ting-Lu|Vessel of Ruin
|turn|11
|
|t:|1776034505
|move|p2a: Scrafty|Drain Punch|p1a: Ting-Lu
|-supereffective|p1a: Ting-Lu
|-damage|p1a: Ting-Lu|51/100
|-heal|p2a: Scrafty|67/100|[from] drain|[of] p1a: Ting-Lu
|move|p1a: Ting-Lu|Earthquake|p2a: Scrafty
|-damage|p2a: Scrafty|32/100
|
|-heal|p1a: Ting-Lu|57/100|[from] item: Leftovers
|upkeep
|turn|12
|
|t:|1776034522
|switch|p1a: Corviknight|Corviknight, M|100/100
|-damage|p1a: Corviknight|88/100|[from] Stealth Rock
|move|p2a: Scrafty|Drain Punch|p1a: Corviknight
|-crit|p1a: Corviknight
|-damage|p1a: Corviknight|39/100
|-heal|p2a: Scrafty|61/100|[from] drain|[of] p1a: Corviknight
|
|-fieldend|move: Trick Room
|upkeep
|turn|13
|
|t:|1776034532
|move|p1a: Corviknight|Brave Bird|p2a: Scrafty
|-supereffective|p2a: Scrafty
|-damage|p2a: Scrafty|0 fnt
|faint|p2a: Scrafty
|-damage|p1a: Corviknight|23/100|[from] Recoil
|
|upkeep
|
|t:|1776034542
|switch|p2a: Exeggutor|Exeggutor-Alola, F|100/100
|turn|14
|
|t:|1776034555
|move|p1a: Corviknight|Roost|p1a: Corviknight
|-heal|p1a: Corviknight|73/100
|-singleturn|p1a: Corviknight|move: Roost
|move|p2a: Exeggutor|Trick Room|p2a: Exeggutor
|-fieldstart|move: Trick Room|[of] p2a: Exeggutor
|
|upkeep
|turn|15
|
|t:|1776034566
|-terastallize|p2a: Exeggutor|Fire
|move|p2a: Exeggutor|Flamethrower|p1a: Corviknight
|-supereffective|p1a: Corviknight
|-damage|p1a: Corviknight|0 fnt
|faint|p1a: Corviknight
|
|upkeep
|
|t:|1776034579
|switch|p1a: Ting-Lu|Ting-Lu, shiny|57/100
|-damage|p1a: Ting-Lu|51/100|[from] Stealth Rock
|-ability|p1a: Ting-Lu|Vessel of Ruin
|turn|16
|
|t:|1776034587
|move|p2a: Exeggutor|Flamethrower|p1a: Ting-Lu
|-damage|p1a: Ting-Lu|20/100
|move|p1a: Ting-Lu|Earthquake|p2a: Exeggutor
|-supereffective|p2a: Exeggutor
|-damage|p2a: Exeggutor|21/100
|-enditem|p2a: Exeggutor|Sitrus Berry|[eat]
|-heal|p2a: Exeggutor|46/100|[from] item: Sitrus Berry
|
|-heal|p1a: Ting-Lu|26/100|[from] item: Leftovers
|upkeep
|turn|17
|
|t:|1776034598
|move|p2a: Exeggutor|Giga Drain|p1a: Ting-Lu
|-supereffective|p1a: Ting-Lu
|-damage|p1a: Ting-Lu|0 fnt
|-heal|p2a: Exeggutor|63/100|[from] drain|[of] p1a: Ting-Lu
|faint|p1a: Ting-Lu
|
|upkeep
|
|t:|1776034604
|switch|p1a: Iron Moth|Iron Moth|100/100
|-damage|p1a: Iron Moth|76/100|[from] Stealth Rock
|-enditem|p1a: Iron Moth|Booster Energy
|-activate|p1a: Iron Moth|ability: Quark Drive|[fromitem]
|-start|p1a: Iron Moth|quarkdrivespa
|turn|18
|
|t:|1776034614
|move|p2a: Exeggutor|Dragon Pulse|p1a: Iron Moth
|-damage|p1a: Iron Moth|23/100
|move|p1a: Iron Moth|Sludge Wave|p2a: Exeggutor
|-damage|p2a: Exeggutor|0 fnt
|faint|p2a: Exeggutor
|
|-fieldend|move: Trick Room
|upkeep
|
|t:|1776034626
|switch|p2a: Malamar|Malamar, F|100/100
|turn|19
|
|t:|1776034638
|move|p1a: Iron Moth|Sludge Wave|p2a: Malamar
|-damage|p2a: Malamar|20/100
|move|p2a: Malamar|Trick Room|p2a: Malamar
|-fieldstart|move: Trick Room|[of] p2a: Malamar
|
|-heal|p2a: Malamar|26/100|[from] item: Leftovers
|upkeep
|turn|20
|
|t:|1776034647
|move|p2a: Malamar|Knock Off|p1a: Iron Moth
|-damage|p1a: Iron Moth|0 fnt
|faint|p1a: Iron Moth
|-end|p1a: Iron Moth|Quark Drive|[silent]
|
|-heal|p2a: Malamar|32/100|[from] item: Leftovers
|upkeep
|
|t:|1776034653
|switch|p1a: Primarina|Primarina, F|100/100
|-damage|p1a: Primarina|88/100|[from] Stealth Rock
|turn|21
|
|t:|1776034662
|move|p2a: Malamar|Knock Off|p1a: Primarina
|-resisted|p1a: Primarina
|-damage|p1a: Primarina|61/100
|-enditem|p1a: Primarina|Choice Specs|[from] move: Knock Off|[of] p2a: Malamar
|move|p1a: Primarina|Moonblast|p2a: Malamar
|-supereffective|p2a: Malamar
|-damage|p2a: Malamar|0 fnt
|faint|p2a: Malamar
|
|upkeep
|
|t:|1776034671
|switch|p2a: Porygon2|Porygon2|100/100
|-ability|p2a: Porygon2|Torrent|Trace|[from] ability: Trace|[of] p1a: Primarina
|turn|22
|
|t:|1776034678
|-terastallize|p1a: Primarina|Water
|move|p2a: Porygon2|Tri Attack|p1a: Primarina
|-damage|p1a: Primarina|25/100
|move|p1a: Primarina|Hydro Pump|p2a: Porygon2
|-damage|p2a: Porygon2|23/100
|
|upkeep
|turn|23
|
|t:|1776034687
|move|p2a: Porygon2|Tri Attack|p1a: Primarina
|-damage|p1a: Primarina|0 fnt
|faint|p1a: Primarina
|
|win|julipabl
|raw|el pepe215's rating: 1221 &rarr; <strong>1195</strong><br />(-26 for losing)
|raw|julipabl's rating: 1213 &rarr; <strong>1239</strong><br />(+26 for winning)
|l|☆el pepe215
|player|p1|
|l|☆julipabl
|player|p2|
