|html|<div class="broadcast-blue"><strong>[Gen 9] OU is currently suspecting Tera Blast! For information on how to participate check out the <a href="https://www.smogon.com/tools/suspects/view/200">suspect thread</a>.</strong></div>
|j|☆Badaboom07
|j|☆Alloyedbricks
|t:|1776058596
|gametype|singles
|player|p1|Badaboom07|burglar|1109
|player|p2|Alloyedbricks|101|1116
|gen|9
|tier|[Gen 9] OU
|rated|
|rule|HP Percentage Mod: HP is shown in percentages
|rule|Endless Battle Clause: Forcing endless battles is banned
|rule|Species Clause: Limit one of each Pokémon
|rule|OHKO Clause: OHKO moves are banned
|rule|Evasion Items Clause: Evasion items are banned
|rule|Evasion Moves Clause: Evasion moves are banned
|rule|Evasion Abilities Clause: Evasion abilities are banned
|rule|Sleep Moves Clause: Sleep-inducing moves are banned
|clearpoke
|poke|p1|Ceruledge, M|
|poke|p1|Golurk|
|poke|p1|Meowscarada, F|
|poke|p1|Kyurem|
|poke|p1|Dragapult, F|
|poke|p1|Enamorus, F|
|poke|p2|Ceruledge, M|
|poke|p2|Darkrai|
|poke|p2|Ogerpon-Wellspring, F|
|poke|p2|Scizor, F|
|poke|p2|Kyurem|
|poke|p2|Raging Bolt|
|teampreview
|inactive|Battle timer is ON: inactive players will automatically lose when time's up. (requested by Alloyedbricks)
|
|t:|1776058607
|teamsize|p1|6
|teamsize|p2|6
|start
|switch|p1a: Shadow|Ceruledge, M, shiny|100/100
|switch|p2a: Ceruledge|Ceruledge, M|100/100
|turn|1
|
|t:|1776058613
|move|p2a: Ceruledge|Poltergeist|p1a: Shadow
|-activate|p1a: Shadow|move: Poltergeist|Expert Belt
|-supereffective|p1a: Shadow
|-damage|p1a: Shadow|0 fnt
|faint|p1a: Shadow
|
|upkeep
|
|t:|1776058624
|switch|p1a: Honorable|Golurk, shiny|100/100
|turn|2
|
|t:|1776058630
|-terastallize|p1a: Honorable|Fighting
|move|p2a: Ceruledge|Poltergeist|p1a: Honorable
|-activate|p1a: Honorable|move: Poltergeist|Heavy-Duty Boots
|-damage|p1a: Honorable|41/100
|move|p1a: Honorable|Phantom Force||[still]
|-prepare|p1a: Honorable|Phantom Force
|
|upkeep
|turn|3
|
|t:|1776058640
|switch|p2a: Darkrai|Darkrai|100/100
|move|p1a: Honorable|Phantom Force|p2a: Darkrai|[from] lockedmove
|-resisted|p2a: Darkrai
|-damage|p2a: Darkrai|66/100
|
|-heal|p2a: Darkrai|72/100|[from] item: Leftovers
|upkeep
|turn|4
|
|t:|1776058646
|move|p2a: Darkrai|Ice Beam|p1a: Honorable
|-damage|p1a: Honorable|6/100
|move|p1a: Honorable|Drain Punch|p2a: Darkrai
|-supereffective|p2a: Darkrai
|-damage|p2a: Darkrai|0 fnt
|-heal|p1a: Honorable|32/100|[from] drain|[of] p2a: Darkrai
|faint|p2a: Darkrai
|
|upkeep
|
|t:|1776058654
|switch|p2a: Ogerpon|Ogerpon-Wellspring, F|100/100
|turn|5
|
|t:|1776058658
|move|p2a: Ogerpon|Ivy Cudgel|p1a: Honorable|[anim] Ivy Cudgel Water
|-damage|p1a: Honorable|0 fnt
|faint|p1a: Honorable
|
|upkeep
|
|t:|1776058663
|switch|p1a: Rada|Meowscarada, F|100/100
|turn|6
|
|t:|1776058672
|switch|p2a: Scizor|Scizor, F|100/100
|move|p1a: Rada|Triple Axel|p2a: Scizor
|-start|p1a: Rada|typechange|Ice|[from] ability: Protean
|-resisted|p2a: Scizor
|-damage|p2a: Scizor|96/100
|-hitcount|p2a: Scizor|1
|
|upkeep
|turn|7
|
|t:|1776058680
|move|p1a: Rada|Thunder Punch|p2a: Scizor
|-damage|p2a: Scizor|73/100
|move|p2a: Scizor|Knock Off|p1a: Rada
|-damage|p1a: Rada|39/100
|-enditem|p1a: Rada|Assault Vest|[from] move: Knock Off|[of] p2a: Scizor
|
|upkeep
|turn|8
|
|t:|1776058684
|move|p2a: Scizor|Bullet Punch|p1a: Rada
|-supereffective|p1a: Rada
|-damage|p1a: Rada|0 fnt
|faint|p1a: Rada
|
|upkeep
|
|t:|1776058687
|switch|p1a: Loaded|Kyurem, shiny|100/100
|-ability|p1a: Loaded|Pressure
|turn|9
|
|t:|1776058693
|move|p2a: Scizor|Bullet Punch|p1a: Loaded
|-supereffective|p1a: Loaded
|-damage|p1a: Loaded|39/100
|move|p1a: Loaded|Dragon Dance|p1a: Loaded
|-boost|p1a: Loaded|atk|1
|-boost|p1a: Loaded|spe|1
|
|upkeep
|turn|10
|
|t:|1776058703
|move|p2a: Scizor|Bullet Punch|p1a: Loaded
|-supereffective|p1a: Loaded
|-damage|p1a: Loaded|0 fnt
|faint|p1a: Loaded
|
|upkeep
|
|t:|1776058706
|switch|p1a: Dragapult|Dragapult, F|100/100
|turn|11
|
|t:|1776058711
|move|p1a: Dragapult|Acrobatics|p2a: Scizor
|-damage|p2a: Scizor|55/100
|move|p2a: Scizor|Knock Off|p1a: Dragapult
|-supereffective|p1a: Dragapult
|-enditem|p1a: Dragapult|Focus Sash
|-damage|p1a: Dragapult|1/100
|
|upkeep
|turn|12
|
|t:|1776058717
|move|p2a: Scizor|Bullet Punch|p1a: Dragapult
|-damage|p1a: Dragapult|0 fnt
|faint|p1a: Dragapult
|
|upkeep
|
|t:|1776058720
|switch|p1a: Femboyus|Enamorus, F|100/100
|turn|13
|
|t:|1776058723
|-terastallize|p2a: Scizor|Steel
|move|p2a: Scizor|Bullet Punch|p1a: Femboyus
|-supereffective|p1a: Femboyus
|-damage|p1a: Femboyus|0 fnt
|faint|p1a: Femboyus
|
|win|Alloyedbricks
|raw|Badaboom07's rating: 1109 &rarr; <strong>1085</strong><br />(-24 for losing)
|raw|Alloyedbricks's rating: 1116 &rarr; <strong>1140</strong><br />(+24 for winning)
|l|☆Badaboom07
|player|p1|
