|html|<div class="broadcast-blue"><strong>[Gen 9] OU is currently suspecting Tera Blast! For information on how to participate check out the <a href="https://www.smogon.com/tools/suspects/view/200">suspect thread</a>.</strong></div>
|j|☆I buy roblox items
|j|☆Blastoise_Choice
|t:|1776061605
|gametype|singles
|player|p1|I buy roblox items|gentleman-gen1|1546
|player|p2|Blastoise_Choice|benga|1626
|gen|9
|tier|[Gen 9] OU
|rated|
|rule|HP Percentage Mod: HP is shown in percentages
|rule|Endless Battle Clause: Forcing endless battles is banned
|rule|Species Clause: Limit one of each Pokémon
|rule|OHKO Clause: OHKO moves are banned
|rule|Evasion Items Clause: Evasion items are banned
|rule|Evasion Moves Clause: Evasion moves are banned
|rule|Evasion Abilities Clause: Evasion abilities are banned
|rule|Sleep Moves Clause: Sleep-inducing moves are banned
|clearpoke
|poke|p1|Entei|
|poke|p1|Kyurem|
|poke|p1|Zamazenta-*|
|poke|p1|Quaquaval, F|
|poke|p1|Muk-Alola, M|
|poke|p1|Ceruledge, M|
|poke|p2|Garganacl, M|
|poke|p2|Darkrai|
|poke|p2|Great Tusk|
|poke|p2|Hatterene, F|
|poke|p2|Tornadus-Therian, M|
|poke|p2|Dragonite, M|
|teampreview
|inactive|Battle timer is ON: inactive players will automatically lose when time's up. (requested by I buy roblox items)
|
|t:|1776061614
|teamsize|p1|6
|teamsize|p2|6
|start
|switch|p1a: Muk|Muk-Alola, M|100/100
|switch|p2a: Great Tusk|Great Tusk|100/100
|-enditem|p2a: Great Tusk|Booster Energy
|-activate|p2a: Great Tusk|ability: Protosynthesis|[fromitem]
|-start|p2a: Great Tusk|protosynthesisatk
|turn|1
|c|☆Blastoise_Choice|hf
|inactive|Blastoise_Choice also wants the timer to be on.
|
|t:|1776061620
|switch|p1a: Zamazenta|Zamazenta|100/100
|-ability|p1a: Zamazenta|Dauntless Shield|boost
|-boost|p1a: Zamazenta|def|1
|move|p2a: Great Tusk|Headlong Rush|p1a: Zamazenta
|-damage|p1a: Zamazenta|58/100
|-unboost|p2a: Great Tusk|def|1
|-unboost|p2a: Great Tusk|spd|1
|
|-heal|p1a: Zamazenta|64/100|[from] item: Leftovers
|upkeep
|turn|2
|
|t:|1776061627
|-end|p2a: Great Tusk|Protosynthesis|[silent]
|switch|p2a: Hatterene|Hatterene, F|100/100
|move|p1a: Zamazenta|Snarl|p2a: Hatterene
|-damage|p2a: Hatterene|90/100
|-unboost|p2a: Hatterene|spa|1
|
|-heal|p1a: Zamazenta|70/100|[from] item: Leftovers
|upkeep
|turn|3
|
|t:|1776061634
|move|p1a: Zamazenta|Substitute|p1a: Zamazenta
|-start|p1a: Zamazenta|Substitute
|-damage|p1a: Zamazenta|45/100
|move|p2a: Hatterene|Future Sight|p1a: Zamazenta
|-start|p2a: Hatterene|move: Future Sight
|
|-heal|p1a: Zamazenta|51/100|[from] item: Leftovers
|upkeep
|turn|4
|
|t:|1776061640
|switch|p2a: Garganacl|Garganacl, M|100/100
|move|p1a: Zamazenta|Snarl|p2a: Garganacl
|-damage|p2a: Garganacl|93/100
|-unboost|p2a: Garganacl|spa|1
|
|-heal|p1a: Zamazenta|57/100|[from] item: Leftovers
|-heal|p2a: Garganacl|99/100|[from] item: Leftovers
|upkeep
|turn|5
|
|t:|1776061647
|switch|p2a: Hatterene|Hatterene, F|90/100
|move|p1a: Zamazenta|Snarl|p2a: Hatterene
|-damage|p2a: Hatterene|79/100
|-unboost|p2a: Hatterene|spa|1
|
|-end|p1a: Zamazenta|move: Future Sight
|-supereffective|p1a: Zamazenta
|-end|p1a: Zamazenta|Substitute
|-heal|p1a: Zamazenta|63/100|[from] item: Leftovers
|upkeep
|turn|6
|
|t:|1776061654
|move|p1a: Zamazenta|Substitute|p1a: Zamazenta
|-start|p1a: Zamazenta|Substitute
|-damage|p1a: Zamazenta|38/100
|move|p2a: Hatterene|Future Sight|p1a: Zamazenta
|-start|p2a: Hatterene|move: Future Sight
|
|-heal|p1a: Zamazenta|44/100|[from] item: Leftovers
|upkeep
|turn|7
|
|t:|1776061660
|switch|p2a: Dragonite|Dragonite, M|100/100
|move|p1a: Zamazenta|Iron Defense|p1a: Zamazenta
|-boost|p1a: Zamazenta|def|2
|
|-heal|p1a: Zamazenta|50/100|[from] item: Leftovers
|upkeep
|turn|8
|
|t:|1776061664
|switch|p2a: Hatterene|Hatterene, F|79/100
|move|p1a: Zamazenta|Body Press|p2a: Hatterene
|-resisted|p2a: Hatterene
|-damage|p2a: Hatterene|63/100
|-damage|p1a: Zamazenta|34/100|[from] item: Rocky Helmet|[of] p2a: Hatterene
|
|-end|p1a: Zamazenta|move: Future Sight
|-supereffective|p1a: Zamazenta
|-end|p1a: Zamazenta|Substitute
|-heal|p1a: Zamazenta|40/100|[from] item: Leftovers
|upkeep
|turn|9
|
|t:|1776061670
|switch|p1a: Muk|Muk-Alola, M|100/100
|move|p2a: Hatterene|Future Sight|p1a: Muk
|-start|p2a: Hatterene|move: Future Sight
|
|upkeep
|turn|10
|
|t:|1776061677
|move|p1a: Muk|Curse|p1a: Muk
|-unboost|p1a: Muk|spe|1
|-boost|p1a: Muk|atk|1
|-boost|p1a: Muk|def|1
|move|p2a: Hatterene|Pain Split|p1a: Muk
|-sethp|p1a: Muk|74/100|[from] move: Pain Split|[silent]
|-sethp|p2a: Hatterene|97/100|[from] move: Pain Split
|
|-heal|p1a: Muk|80/100|[from] item: Leftovers
|upkeep
|turn|11
|
|t:|1776061686
|switch|p2a: Great Tusk|Great Tusk|100/100
|move|p1a: Muk|Poison Jab|p2a: Great Tusk
|-resisted|p2a: Great Tusk
|-damage|p2a: Great Tusk|78/100
|-status|p2a: Great Tusk|psn|[from] ability: Poison Touch|[of] p1a: Muk
|
|-end|p1a: Muk|move: Future Sight
|-immune|p1a: Muk
|-heal|p1a: Muk|86/100|[from] item: Leftovers
|-damage|p2a: Great Tusk|66/100 psn|[from] psn
|upkeep
|turn|12
|
|t:|1776061702
|switch|p1a: Zamazenta|Zamazenta|40/100
|move|p2a: Great Tusk|Headlong Rush|p1a: Zamazenta
|-damage|p1a: Zamazenta|0 fnt
|-unboost|p2a: Great Tusk|def|1
|-unboost|p2a: Great Tusk|spd|1
|faint|p1a: Zamazenta
|
|-damage|p2a: Great Tusk|53/100 psn|[from] psn
|upkeep
|
|t:|1776061709
|switch|p1a: Quaquaval|Quaquaval, F|100/100
|turn|13
|
|t:|1776061715
|move|p2a: Great Tusk|Headlong Rush|p1a: Quaquaval
|-damage|p1a: Quaquaval|14/100
|-unboost|p2a: Great Tusk|def|1
|-unboost|p2a: Great Tusk|spd|1
|move|p1a: Quaquaval|Knock Off|p2a: Great Tusk
|-resisted|p2a: Great Tusk
|-damage|p2a: Great Tusk|36/100 psn
|
|-damage|p2a: Great Tusk|24/100 psn|[from] psn
|upkeep
|turn|14
|
|t:|1776061723
|move|p2a: Great Tusk|Headlong Rush|p1a: Quaquaval
|-damage|p1a: Quaquaval|0 fnt
|-unboost|p2a: Great Tusk|def|1
|-unboost|p2a: Great Tusk|spd|1
|faint|p1a: Quaquaval
|
|-damage|p2a: Great Tusk|12/100 psn|[from] psn
|upkeep
|
|t:|1776061729
|switch|p1a: Entei|Entei|100/100
|-ability|p1a: Entei|Pressure
|turn|15
|
|t:|1776061736
|move|p1a: Entei|Sacred Fire|p2a: Great Tusk
|-damage|p2a: Great Tusk|0 fnt
|faint|p2a: Great Tusk
|-end|p2a: Great Tusk|Protosynthesis|[silent]
|
|upkeep
|
|t:|1776061743
|switch|p2a: Garganacl|Garganacl, M|99/100
|turn|16
|
|t:|1776061749
|move|p1a: Entei|Stomping Tantrum|p2a: Garganacl
|-supereffective|p2a: Garganacl
|-damage|p2a: Garganacl|68/100
|move|p2a: Garganacl|Salt Cure|p1a: Entei
|-supereffective|p1a: Entei
|-crit|p1a: Entei
|-damage|p1a: Entei|58/100
|-start|p1a: Entei|Salt Cure
|
|-heal|p1a: Entei|64/100|[from] item: Leftovers
|-heal|p2a: Garganacl|75/100|[from] item: Leftovers
|-damage|p1a: Entei|52/100|[from] Salt Cure
|upkeep
|turn|17
|
|t:|1776061757
|move|p1a: Entei|Sacred Fire|p2a: Garganacl
|-resisted|p2a: Garganacl
|-damage|p2a: Garganacl|61/100
|move|p2a: Garganacl|Salt Cure|p1a: Entei
|-supereffective|p1a: Entei
|-damage|p1a: Entei|24/100
|
|-heal|p1a: Entei|30/100|[from] item: Leftovers
|-heal|p2a: Garganacl|67/100|[from] item: Leftovers
|-damage|p1a: Entei|17/100|[from] Salt Cure
|upkeep
|turn|18
|
|t:|1776061765
|move|p1a: Entei|Stomping Tantrum|p2a: Garganacl
|-supereffective|p2a: Garganacl
|-damage|p2a: Garganacl|38/100
|move|p2a: Garganacl|Stealth Rock|p1a: Entei
|-sidestart|p1: I buy roblox items|move: Stealth Rock
|
|-heal|p1a: Entei|24/100|[from] item: Leftovers
|-heal|p2a: Garganacl|44/100|[from] item: Leftovers
|-damage|p1a: Entei|11/100|[from] Salt Cure
|upkeep
|turn|19
|j| Squallskip
|l| Squallskip
|
|t:|1776061771
|move|p1a: Entei|Stomping Tantrum|p2a: Garganacl
|-supereffective|p2a: Garganacl
|-damage|p2a: Garganacl|16/100
|move|p2a: Garganacl|Recover|p2a: Garganacl
|-heal|p2a: Garganacl|66/100
|
|-heal|p1a: Entei|17/100|[from] item: Leftovers
|-heal|p2a: Garganacl|72/100|[from] item: Leftovers
|-damage|p1a: Entei|5/100|[from] Salt Cure
|upkeep
|turn|20
|
|t:|1776061778
|move|p1a: Entei|Stomping Tantrum|p2a: Garganacl
|-supereffective|p2a: Garganacl
|-damage|p2a: Garganacl|40/100
|move|p2a: Garganacl|Salt Cure|p1a: Entei
|-supereffective|p1a: Entei
|-damage|p1a: Entei|0 fnt
|faint|p1a: Entei
|
|-heal|p2a: Garganacl|46/100|[from] item: Leftovers
|upkeep
|
|t:|1776061782
|switch|p1a: 🥢🆙🎣|Kyurem|100/100
|-damage|p1a: 🥢🆙🎣|76/100|[from] Stealth Rock
|-ability|p1a: 🥢🆙🎣|Pressure
|turn|21
|
|t:|1776061788
|move|p2a: Garganacl|Protect|p2a: Garganacl
|-singleturn|p2a: Garganacl|Protect
|move|p1a: 🥢🆙🎣|Substitute|p1a: 🥢🆙🎣
|-start|p1a: 🥢🆙🎣|Substitute
|-damage|p1a: 🥢🆙🎣|51/100
|
|-heal|p1a: 🥢🆙🎣|57/100|[from] item: Leftovers
|-heal|p2a: Garganacl|52/100|[from] item: Leftovers
|upkeep
|turn|22
|
|t:|1776061795
|-terastallize|p2a: Garganacl|Water
|move|p1a: 🥢🆙🎣|Dragon Dance|p1a: 🥢🆙🎣
|-boost|p1a: 🥢🆙🎣|atk|1
|-boost|p1a: 🥢🆙🎣|spe|1
|move|p2a: Garganacl|Recover|p2a: Garganacl
|-heal|p2a: Garganacl|100/100
|
|-heal|p1a: 🥢🆙🎣|63/100|[from] item: Leftovers
|upkeep
|turn|23
|
|t:|1776061801
|move|p1a: 🥢🆙🎣|Dragon Dance|p1a: 🥢🆙🎣
|-boost|p1a: 🥢🆙🎣|atk|1
|-boost|p1a: 🥢🆙🎣|spe|1
|move|p2a: Garganacl|Salt Cure|p1a: 🥢🆙🎣
|-supereffective|p1a: 🥢🆙🎣
|-activate|p1a: 🥢🆙🎣|move: Substitute|[damage]
|
|-heal|p1a: 🥢🆙🎣|69/100|[from] item: Leftovers
|upkeep
|turn|24
|
|t:|1776061808
|move|p1a: 🥢🆙🎣|Protect|p1a: 🥢🆙🎣
|-singleturn|p1a: 🥢🆙🎣|Protect
|move|p2a: Garganacl|Salt Cure|p1a: 🥢🆙🎣
|-activate|p1a: 🥢🆙🎣|move: Protect
|
|-heal|p1a: 🥢🆙🎣|75/100|[from] item: Leftovers
|upkeep
|turn|25
|
|t:|1776061811
|move|p1a: 🥢🆙🎣|Dragon Dance|p1a: 🥢🆙🎣
|-boost|p1a: 🥢🆙🎣|atk|1
|-boost|p1a: 🥢🆙🎣|spe|1
|move|p2a: Garganacl|Salt Cure|p1a: 🥢🆙🎣
|-supereffective|p1a: 🥢🆙🎣
|-end|p1a: 🥢🆙🎣|Substitute
|
|-heal|p1a: 🥢🆙🎣|82/100|[from] item: Leftovers
|upkeep
|turn|26
|
|t:|1776061815
|move|p1a: 🥢🆙🎣|Substitute|p1a: 🥢🆙🎣
|-start|p1a: 🥢🆙🎣|Substitute
|-damage|p1a: 🥢🆙🎣|57/100
|move|p2a: Garganacl|Salt Cure|p1a: 🥢🆙🎣
|-supereffective|p1a: 🥢🆙🎣
|-activate|p1a: 🥢🆙🎣|move: Substitute|[damage]
|
|-heal|p1a: 🥢🆙🎣|63/100|[from] item: Leftovers
|upkeep
|turn|27
|
|t:|1776061819
|move|p1a: 🥢🆙🎣|Protect|p1a: 🥢🆙🎣
|-singleturn|p1a: 🥢🆙🎣|Protect
|move|p2a: Garganacl|Salt Cure|p1a: 🥢🆙🎣
|-activate|p1a: 🥢🆙🎣|move: Protect
|
|-heal|p1a: 🥢🆙🎣|69/100|[from] item: Leftovers
|upkeep
|turn|28
|
|t:|1776061823
|move|p1a: 🥢🆙🎣|Dragon Dance|p1a: 🥢🆙🎣
|-boost|p1a: 🥢🆙🎣|atk|1
|-boost|p1a: 🥢🆙🎣|spe|1
|move|p2a: Garganacl|Salt Cure|p1a: 🥢🆙🎣
|-supereffective|p1a: 🥢🆙🎣
|-end|p1a: 🥢🆙🎣|Substitute
|
|-heal|p1a: 🥢🆙🎣|75/100|[from] item: Leftovers
|upkeep
|turn|29
|
|t:|1776061827
|move|p1a: 🥢🆙🎣|Protect|p1a: 🥢🆙🎣
|-singleturn|p1a: 🥢🆙🎣|Protect
|move|p2a: Garganacl|Salt Cure|p1a: 🥢🆙🎣
|-activate|p1a: 🥢🆙🎣|move: Protect
|
|-heal|p1a: 🥢🆙🎣|81/100|[from] item: Leftovers
|upkeep
|turn|30
|
|t:|1776061831
|move|p1a: 🥢🆙🎣|Substitute|p1a: 🥢🆙🎣
|-start|p1a: 🥢🆙🎣|Substitute
|-damage|p1a: 🥢🆙🎣|56/100
|move|p2a: Garganacl|Salt Cure|p1a: 🥢🆙🎣
|-supereffective|p1a: 🥢🆙🎣
|-activate|p1a: 🥢🆙🎣|move: Substitute|[damage]
|
|-heal|p1a: 🥢🆙🎣|63/100|[from] item: Leftovers
|upkeep
|turn|31
|
|t:|1776061834
|switch|p2a: Dragonite|Dragonite, M|100/100
|move|p1a: 🥢🆙🎣|Dragon Dance|p1a: 🥢🆙🎣
|-boost|p1a: 🥢🆙🎣|atk|1
|-boost|p1a: 🥢🆙🎣|spe|1
|
|-heal|p1a: 🥢🆙🎣|69/100|[from] item: Leftovers
|upkeep
|turn|32
|
|t:|1776061839
|move|p1a: 🥢🆙🎣|Icicle Spear|p2a: Dragonite
|-supereffective|p2a: Dragonite
|-damage|p2a: Dragonite|26/100
|-supereffective|p2a: Dragonite
|-damage|p2a: Dragonite|0 fnt
|faint|p2a: Dragonite
|-hitcount|p2: Dragonite|2
|
|-heal|p1a: 🥢🆙🎣|75/100|[from] item: Leftovers
|upkeep
|
|t:|1776061843
|switch|p2a: Garganacl|Garganacl, M, tera:Water|100/100
|turn|33
|c|☆I buy roblox items|oi oi
|
|t:|1776061849
|move|p2a: Garganacl|Protect|p2a: Garganacl
|-singleturn|p2a: Garganacl|Protect
|move|p1a: 🥢🆙🎣|Dragon Dance|p1a: 🥢🆙🎣
|-boost|p1a: 🥢🆙🎣|atk|1
|-boost|p1a: 🥢🆙🎣|spe|1
|
|-heal|p1a: 🥢🆙🎣|81/100|[from] item: Leftovers
|upkeep
|turn|34
|
|t:|1776061853
|move|p1a: 🥢🆙🎣|Icicle Spear|p2a: Garganacl
|-resisted|p2a: Garganacl
|-damage|p2a: Garganacl|87/100
|-resisted|p2a: Garganacl
|-damage|p2a: Garganacl|72/100
|-resisted|p2a: Garganacl
|-damage|p2a: Garganacl|59/100
|-hitcount|p2a: Garganacl|3
|move|p2a: Garganacl|Recover|p2a: Garganacl
|-heal|p2a: Garganacl|100/100
|
|-heal|p1a: 🥢🆙🎣|87/100|[from] item: Leftovers
|upkeep
|turn|35
|
|t:|1776061862
|move|p2a: Garganacl|Protect|p2a: Garganacl
|-singleturn|p2a: Garganacl|Protect
|move|p1a: 🥢🆙🎣|Dragon Dance|p1a: 🥢🆙🎣
|-boost|p1a: 🥢🆙🎣|atk|0
|-boost|p1a: 🥢🆙🎣|spe|0
|
|-heal|p1a: 🥢🆙🎣|93/100|[from] item: Leftovers
|upkeep
|turn|36
|
|t:|1776061865
|move|p1a: 🥢🆙🎣|Dragon Dance|p1a: 🥢🆙🎣
|-boost|p1a: 🥢🆙🎣|atk|0
|-boost|p1a: 🥢🆙🎣|spe|0
|move|p2a: Garganacl|Recover||[still]
|-fail|p2a: Garganacl|heal
|
|-heal|p1a: 🥢🆙🎣|99/100|[from] item: Leftovers
|upkeep
|turn|37
|
|t:|1776061869
|move|p1a: 🥢🆙🎣|Icicle Spear|p2a: Garganacl
|-resisted|p2a: Garganacl
|-damage|p2a: Garganacl|85/100
|-resisted|p2a: Garganacl
|-damage|p2a: Garganacl|71/100
|-resisted|p2a: Garganacl
|-damage|p2a: Garganacl|55/100
|-resisted|p2a: Garganacl
|-damage|p2a: Garganacl|41/100
|-hitcount|p2a: Garganacl|4
|move|p2a: Garganacl|Recover|p2a: Garganacl
|-heal|p2a: Garganacl|91/100
|
|-heal|p1a: 🥢🆙🎣|100/100|[from] item: Leftovers
|-heal|p2a: Garganacl|97/100|[from] item: Leftovers
|upkeep
|turn|38
|
|t:|1776061873
|move|p2a: Garganacl|Protect|p2a: Garganacl
|-singleturn|p2a: Garganacl|Protect
|move|p1a: 🥢🆙🎣|Icicle Spear|p2a: Garganacl
|-activate|p2a: Garganacl|move: Protect
|
|-heal|p2a: Garganacl|100/100|[from] item: Leftovers
|upkeep
|turn|39
|
|t:|1776061876
|move|p1a: 🥢🆙🎣|Icicle Spear|p2a: Garganacl
|-resisted|p2a: Garganacl
|-damage|p2a: Garganacl|85/100
|-resisted|p2a: Garganacl
|-damage|p2a: Garganacl|71/100
|-resisted|p2a: Garganacl
|-damage|p2a: Garganacl|58/100
|-hitcount|p2a: Garganacl|3
|move|p2a: Garganacl|Recover|p2a: Garganacl
|-heal|p2a: Garganacl|100/100
|
|upkeep
|turn|40
|
|t:|1776061887
|move|p2a: Garganacl|Protect|p2a: Garganacl
|-singleturn|p2a: Garganacl|Protect
|move|p1a: 🥢🆙🎣|Icicle Spear|p2a: Garganacl
|-activate|p2a: Garganacl|move: Protect
|
|upkeep
|turn|41
|
|t:|1776061891
|move|p1a: 🥢🆙🎣|Icicle Spear|p2a: Garganacl
|-resisted|p2a: Garganacl
|-damage|p2a: Garganacl|86/100
|-resisted|p2a: Garganacl
|-damage|p2a: Garganacl|72/100
|-resisted|p2a: Garganacl
|-damage|p2a: Garganacl|56/100
|-resisted|p2a: Garganacl
|-damage|p2a: Garganacl|42/100
|-resisted|p2a: Garganacl
|-damage|p2a: Garganacl|27/100
|-hitcount|p2a: Garganacl|5
|move|p2a: Garganacl|Recover|p2a: Garganacl
|-heal|p2a: Garganacl|77/100
|
|-heal|p2a: Garganacl|83/100|[from] item: Leftovers
|upkeep
|turn|42
|
|t:|1776061895
|move|p2a: Garganacl|Protect|p2a: Garganacl
|-singleturn|p2a: Garganacl|Protect
|move|p1a: 🥢🆙🎣|Dragon Dance|p1a: 🥢🆙🎣
|-boost|p1a: 🥢🆙🎣|atk|0
|-boost|p1a: 🥢🆙🎣|spe|0
|
|-heal|p2a: Garganacl|89/100|[from] item: Leftovers
|upkeep
|turn|43
|
|t:|1776061898
|move|p1a: 🥢🆙🎣|Icicle Spear|p2a: Garganacl
|-resisted|p2a: Garganacl
|-damage|p2a: Garganacl|76/100
|-resisted|p2a: Garganacl
|-damage|p2a: Garganacl|60/100
|-resisted|p2a: Garganacl
|-damage|p2a: Garganacl|46/100
|-hitcount|p2a: Garganacl|3
|move|p2a: Garganacl|Salt Cure|p1a: 🥢🆙🎣
|-supereffective|p1a: 🥢🆙🎣
|-end|p1a: 🥢🆙🎣|Substitute
|
|-heal|p2a: Garganacl|52/100|[from] item: Leftovers
|upkeep
|turn|44
|
|t:|1776061902
|move|p1a: 🥢🆙🎣|Substitute|p1a: 🥢🆙🎣
|-start|p1a: 🥢🆙🎣|Substitute
|-damage|p1a: 🥢🆙🎣|76/100
|move|p2a: Garganacl|Recover|p2a: Garganacl
|-heal|p2a: Garganacl|100/100
|
|-heal|p1a: 🥢🆙🎣|82/100|[from] item: Leftovers
|upkeep
|turn|45
|
|t:|1776061906
|move|p2a: Garganacl|Protect|p2a: Garganacl
|-singleturn|p2a: Garganacl|Protect
|move|p1a: 🥢🆙🎣|Dragon Dance|p1a: 🥢🆙🎣
|-boost|p1a: 🥢🆙🎣|atk|0
|-boost|p1a: 🥢🆙🎣|spe|0
|
|-heal|p1a: 🥢🆙🎣|88/100|[from] item: Leftovers
|upkeep
|turn|46
|
|t:|1776061910
|move|p2a: Garganacl|Protect||[still]
|-fail|p2a: Garganacl
|move|p1a: 🥢🆙🎣|Icicle Spear|p2a: Garganacl
|-resisted|p2a: Garganacl
|-damage|p2a: Garganacl|87/100
|-resisted|p2a: Garganacl
|-damage|p2a: Garganacl|74/100
|-hitcount|p2a: Garganacl|2
|
|-heal|p1a: 🥢🆙🎣|94/100|[from] item: Leftovers
|-heal|p2a: Garganacl|80/100|[from] item: Leftovers
|upkeep
|turn|47
|
|t:|1776061915
|move|p2a: Garganacl|Protect|p2a: Garganacl
|-singleturn|p2a: Garganacl|Protect
|move|p1a: 🥢🆙🎣|Dragon Dance|p1a: 🥢🆙🎣
|-boost|p1a: 🥢🆙🎣|atk|0
|-boost|p1a: 🥢🆙🎣|spe|0
|
|-heal|p1a: 🥢🆙🎣|99/100|[from] item: Leftovers
|-heal|p2a: Garganacl|86/100|[from] item: Leftovers
|upkeep
|turn|48
|
|t:|1776061919
|move|p2a: Garganacl|Protect||[still]
|-fail|p2a: Garganacl
|move|p1a: 🥢🆙🎣|Icicle Spear|p2a: Garganacl
|-resisted|p2a: Garganacl
|-damage|p2a: Garganacl|73/100
|-resisted|p2a: Garganacl
|-damage|p2a: Garganacl|59/100
|-resisted|p2a: Garganacl
|-damage|p2a: Garganacl|44/100
|-resisted|p2a: Garganacl
|-damage|p2a: Garganacl|29/100
|-resisted|p2a: Garganacl
|-damage|p2a: Garganacl|14/100
|-hitcount|p2a: Garganacl|5
|
|-heal|p1a: 🥢🆙🎣|100/100|[from] item: Leftovers
|-heal|p2a: Garganacl|20/100|[from] item: Leftovers
|upkeep
|turn|49
|
|t:|1776061923
|move|p2a: Garganacl|Protect|p2a: Garganacl
|-singleturn|p2a: Garganacl|Protect
|move|p1a: 🥢🆙🎣|Icicle Spear|p2a: Garganacl
|-activate|p2a: Garganacl|move: Protect
|
|-heal|p2a: Garganacl|26/100|[from] item: Leftovers
|upkeep
|turn|50
|
|t:|1776061926
|move|p2a: Garganacl|Protect|p2a: Garganacl
|-singleturn|p2a: Garganacl|Protect
|move|p1a: 🥢🆙🎣|Icicle Spear|p2a: Garganacl
|-activate|p2a: Garganacl|move: Protect
|
|-heal|p2a: Garganacl|33/100|[from] item: Leftovers
|upkeep
|turn|51
|
|t:|1776061930
|move|p2a: Garganacl|Protect||[still]
|-fail|p2a: Garganacl
|move|p1a: 🥢🆙🎣|Icicle Spear|p2a: Garganacl
|-resisted|p2a: Garganacl
|-damage|p2a: Garganacl|18/100
|-resisted|p2a: Garganacl
|-damage|p2a: Garganacl|4/100
|-resisted|p2a: Garganacl
|-damage|p2a: Garganacl|0 fnt
|faint|p2a: Garganacl
|-hitcount|p2: Garganacl|3
|
|upkeep
|
|t:|1776061934
|switch|p2a: Darkrai|Darkrai|100/100
|turn|52
|
|t:|1776061941
|switch|p2a: Hatterene|Hatterene, F|97/100
|move|p1a: 🥢🆙🎣|Icicle Spear|p2a: Hatterene
|-damage|p2a: Hatterene|61/100
|-damage|p2a: Hatterene|27/100
|-damage|p2a: Hatterene|0 fnt
|faint|p2a: Hatterene
|-hitcount|p2: Hatterene|3
|
|upkeep
|
|t:|1776061945
|switch|p2a: Tornadus|Tornadus-Therian, M, shiny|100/100
|turn|53
|
|t:|1776061951
|move|p1a: 🥢🆙🎣|Icicle Spear|p2a: Tornadus
|-supereffective|p2a: Tornadus
|-damage|p2a: Tornadus|7/100
|-supereffective|p2a: Tornadus
|-damage|p2a: Tornadus|0 fnt
|faint|p2a: Tornadus
|-hitcount|p2: Tornadus|2
|
|upkeep
|
|t:|1776061955
|switch|p2a: Darkrai|Darkrai|100/100
|turn|54
|
|t:|1776061959
|move|p1a: 🥢🆙🎣|Icicle Spear|p2a: Darkrai
|-damage|p2a: Darkrai|44/100
|-damage|p2a: Darkrai|0 fnt
|faint|p2a: Darkrai
|-hitcount|p2: Darkrai|2
|
|win|I buy roblox items
|raw|I buy roblox items's rating: 1546 &rarr; <strong>1571</strong><br />(+25 for winning)
|raw|Blastoise_Choice's rating: 1626 &rarr; <strong>1601</strong><br />(-25 for losing)
|c|☆Blastoise_Choice|gg
