|html|<div class="broadcast-blue"><strong>[Gen 9] OU is currently suspecting Tera Blast! For information on how to participate check out the <a href="https://www.smogon.com/tools/suspects/view/200">suspect thread</a>.</strong></div>
|j|☆raxu99
|j|☆og_jersey
|t:|1776082396
|gametype|singles
|player|p1|raxu99|266|1379
|player|p2|og_jersey|hilda|1355
|gen|9
|tier|[Gen 9] OU
|rated|
|rule|HP Percentage Mod: HP is shown in percentages
|rule|Endless Battle Clause: Forcing endless battles is banned
|rule|Species Clause: Limit one of each Pokémon
|rule|OHKO Clause: OHKO moves are banned
|rule|Evasion Items Clause: Evasion items are banned
|rule|Evasion Moves Clause: Evasion moves are banned
|rule|Evasion Abilities Clause: Evasion abilities are banned
|rule|Sleep Moves Clause: Sleep-inducing moves are banned
|clearpoke
|poke|p1|Great Tusk|
|poke|p1|Dragapult, F|
|poke|p1|Ceruledge, F|
|poke|p1|Scyther, F|
|poke|p1|Kleavor, M|
|poke|p1|Rotom-Wash|
|poke|p2|Tyranitar, F|
|poke|p2|Excadrill, F|
|poke|p2|Keldeo-Resolute|
|poke|p2|Tornadus-Therian, M|
|poke|p2|Heatran, F|
|poke|p2|Hydrapple, F|
|teampreview
|inactive|Battle timer is ON: inactive players will automatically lose when time's up. (requested by og_jersey)
|j| ohko_smeargle
|
|t:|1776082418
|teamsize|p1|6
|teamsize|p2|6
|start
|switch|p1a: Kleavor|Kleavor, M|100/100
|switch|p2a: Tornadus|Tornadus-Therian, M|100/100
|turn|1
|
|t:|1776082430
|switch|p2a: Heatran|Heatran, F|100/100
|move|p1a: Kleavor|Stone Axe|p2a: Heatran
|-damage|p2a: Heatran|57/100
|-sidestart|p2: og_jersey|move: Stealth Rock
|
|-heal|p2a: Heatran|64/100|[from] item: Leftovers
|upkeep
|turn|2
|
|t:|1776082439
|move|p1a: Kleavor|Stone Axe|p2a: Heatran
|-damage|p2a: Heatran|18/100
|move|p2a: Heatran|Stealth Rock|p1a: Kleavor
|-sidestart|p1: raxu99|move: Stealth Rock
|
|-heal|p2a: Heatran|24/100|[from] item: Leftovers
|upkeep
|turn|3
|
|t:|1776082445
|switch|p2a: Hydrapple|Hydrapple, F|100/100
|-damage|p2a: Hydrapple|88/100|[from] Stealth Rock
|move|p1a: Kleavor|Stone Axe|p2a: Hydrapple
|-damage|p2a: Hydrapple|61/100
|-damage|p1a: Kleavor|84/100|[from] item: Rocky Helmet|[of] p2a: Hydrapple
|
|upkeep
|turn|4
|
|t:|1776082464
|switch|p1a: Scyther|Scyther, F|100/100
|-damage|p1a: Scyther|51/100|[from] Stealth Rock
|move|p2a: Hydrapple|Fickle Beam|p1a: Scyther
|-damage|p1a: Scyther|21/100
|
|upkeep
|turn|5
|
|t:|1776082479
|-terastallize|p2a: Hydrapple|Fairy
|move|p1a: Scyther|Dual Wingbeat|p2a: Hydrapple
|-damage|p2a: Hydrapple|45/100
|-damage|p1a: Scyther|4/100|[from] item: Rocky Helmet|[of] p2a: Hydrapple
|-damage|p2a: Hydrapple|30/100
|-damage|p1a: Scyther|0 fnt|[from] item: Rocky Helmet|[of] p2a: Hydrapple
|faint|p1a: Scyther
|-hitcount|p2a: Hydrapple|2
|move|p2a: Hydrapple|Fickle Beam|p1: Scyther|[notarget]
|-fail|p2a: Hydrapple
|
|upkeep
|inactive|raxu99 has 120 seconds left.
|
|t:|1776082510
|switch|p1a: Rotom|Rotom-Wash|100/100
|-damage|p1a: Rotom|88/100|[from] Stealth Rock
|turn|6
|
|t:|1776082536
|switch|p2a: Tornadus|Tornadus-Therian, M|100/100
|move|p1a: Rotom|Hydro Pump|p2a: Tornadus
|-damage|p2a: Tornadus|61/100
|
|-heal|p1a: Rotom|94/100|[from] item: Leftovers
|upkeep
|turn|7
|
|t:|1776082543
|move|p2a: Tornadus|U-turn|p1a: Rotom
|-damage|p1a: Rotom|83/100
|
|t:|1776082547
|switch|p2a: Tyranitar|Tyranitar, F|100/100|[from] U-turn
|-damage|p2a: Tyranitar|88/100|[from] Stealth Rock
|-weather|Sandstorm|[from] ability: Sand Stream|[of] p2a: Tyranitar
|move|p1a: Rotom|Thunder Wave|p2a: Tyranitar
|-status|p2a: Tyranitar|par
|
|-weather|Sandstorm|[upkeep]
|-damage|p1a: Rotom|77/100|[from] Sandstorm
|-heal|p1a: Rotom|83/100|[from] item: Leftovers
|upkeep
|turn|8
|
|t:|1776082556
|move|p1a: Rotom|Hydro Pump|p2a: Tyranitar
|-supereffective|p2a: Tyranitar
|-damage|p2a: Tyranitar|31/100 par
|move|p2a: Tyranitar|Knock Off|p1a: Rotom
|-damage|p1a: Rotom|17/100
|-enditem|p1a: Rotom|Leftovers|[from] move: Knock Off|[of] p2a: Tyranitar
|
|-weather|Sandstorm|[upkeep]
|-damage|p1a: Rotom|11/100|[from] Sandstorm
|upkeep
|turn|9
|
|t:|1776082566
|move|p1a: Rotom|Volt Switch|p2a: Tyranitar
|-damage|p2a: Tyranitar|14/100 par
|
|t:|1776082569
|switch|p1a: Great Tusk|Great Tusk|100/100|[from] Volt Switch
|-damage|p1a: Great Tusk|98/100|[from] Stealth Rock
|move|p2a: Tyranitar|Knock Off|p1a: Great Tusk
|-resisted|p1a: Great Tusk
|-damage|p1a: Great Tusk|73/100
|-enditem|p1a: Great Tusk|Leftovers|[from] move: Knock Off|[of] p2a: Tyranitar
|
|-weather|Sandstorm|[upkeep]
|upkeep
|turn|10
|
|t:|1776082579
|switch|p2a: Heatran|Heatran, F|24/100
|-damage|p2a: Heatran|11/100|[from] Stealth Rock
|move|p1a: Great Tusk|Rapid Spin|p2a: Heatran
|-resisted|p2a: Heatran
|-damage|p2a: Heatran|5/100
|-boost|p1a: Great Tusk|spe|1
|-status|p1a: Great Tusk|brn|[from] ability: Flame Body|[of] p2a: Heatran
|-sideend|p1: raxu99|Stealth Rock|[from] move: Rapid Spin|[of] p1a: Great Tusk
|
|-weather|Sandstorm|[upkeep]
|-heal|p2a: Heatran|11/100|[from] item: Leftovers
|-damage|p1a: Great Tusk|66/100 brn|[from] brn
|upkeep
|turn|11
|
|t:|1776082595
|move|p1a: Great Tusk|Earthquake|p2a: Heatran
|-supereffective|p2a: Heatran
|-damage|p2a: Heatran|0 fnt
|faint|p2a: Heatran
|
|-weather|none
|-damage|p1a: Great Tusk|60/100 brn|[from] brn
|upkeep
|
|t:|1776082603
|switch|p2a: Tyranitar|Tyranitar, F|14/100 par
|-damage|p2a: Tyranitar|1/100 par|[from] Stealth Rock
|-weather|Sandstorm|[from] ability: Sand Stream|[of] p2a: Tyranitar
|turn|12
|
|t:|1776082607
|move|p1a: Great Tusk|Ice Spinner|p2a: Tyranitar
|-damage|p2a: Tyranitar|0 fnt
|faint|p2a: Tyranitar
|
|-weather|Sandstorm|[upkeep]
|-damage|p1a: Great Tusk|54/100 brn|[from] brn
|upkeep
|
|t:|1776082610
|switch|p2a: Excadrill|Excadrill, F|100/100
|-damage|p2a: Excadrill|97/100|[from] Stealth Rock
|-item|p2a: Excadrill|Air Balloon
|turn|13
|
|t:|1776082619
|move|p2a: Excadrill|Rapid Spin|p1a: Great Tusk
|-damage|p1a: Great Tusk|42/100 brn
|-boost|p2a: Excadrill|spe|1
|-sideend|p2: og_jersey|Stealth Rock|[from] move: Rapid Spin|[of] p2a: Excadrill
|move|p1a: Great Tusk|Earthquake|p2a: Excadrill
|-immune|p2a: Excadrill
|
|-weather|Sandstorm|[upkeep]
|-damage|p1a: Great Tusk|36/100 brn|[from] brn
|upkeep
|turn|14
|
|t:|1776082626
|move|p2a: Excadrill|Earthquake|p1a: Great Tusk
|-damage|p1a: Great Tusk|0 fnt
|faint|p1a: Great Tusk
|-end|p1a: Great Tusk|Protosynthesis|[silent]
|
|-weather|Sandstorm|[upkeep]
|upkeep
|
|t:|1776082639
|switch|p1a: Dragapult|Dragapult, F|100/100
|turn|15
|
|t:|1776082659
|move|p2a: Excadrill|Earthquake|p1a: Dragapult
|-damage|p1a: Dragapult|25/100
|move|p1a: Dragapult|Flamethrower|p2a: Excadrill
|-supereffective|p2a: Excadrill
|-damage|p2a: Excadrill|0 fnt
|-enditem|p2a: Excadrill|Air Balloon
|faint|p2a: Excadrill
|
|-weather|Sandstorm|[upkeep]
|-damage|p1a: Dragapult|19/100|[from] Sandstorm
|upkeep
|
|t:|1776082665
|switch|p2a: Tornadus|Tornadus-Therian, M|95/100
|turn|16
|
|t:|1776082677
|move|p1a: Dragapult|Flamethrower|p2a: Tornadus
|-damage|p2a: Tornadus|52/100
|move|p2a: Tornadus|Bleakwind Storm|p1a: Dragapult
|-damage|p1a: Dragapult|0 fnt
|faint|p1a: Dragapult
|
|-weather|none
|upkeep
|
|t:|1776082680
|switch|p1a: Rotom|Rotom-Wash|11/100
|turn|17
|
|t:|1776082686
|move|p2a: Tornadus|U-turn|p1a: Rotom
|-damage|p1a: Rotom|0 fnt
|faint|p1a: Rotom
|
|t:|1776082690
|switch|p2a: Keldeo|Keldeo-Resolute|100/100|[from] U-turn
|
|upkeep
|
|t:|1776082693
|switch|p1a: Ceruledge|Ceruledge, F|100/100
|turn|18
|
|t:|1776082699
|-terastallize|p1a: Ceruledge|Ghost
|move|p2a: Keldeo|Surf|p1a: Ceruledge
|-damage|p1a: Ceruledge|12/100
|move|p1a: Ceruledge|Swords Dance|p1a: Ceruledge
|-boost|p1a: Ceruledge|atk|2
|
|upkeep
|turn|19
|
|t:|1776082708
|move|p2a: Keldeo|Surf|p1a: Ceruledge
|-damage|p1a: Ceruledge|0 fnt
|faint|p1a: Ceruledge
|
|upkeep
|
|t:|1776082711
|switch|p1a: Kleavor|Kleavor, M|84/100
|turn|20
|
|t:|1776082716
|move|p1a: Kleavor|Close Combat|p2a: Keldeo
|-damage|p2a: Keldeo|52/100
|-unboost|p1a: Kleavor|def|1
|-unboost|p1a: Kleavor|spd|1
|move|p2a: Keldeo|Surf|p1a: Kleavor
|-supereffective|p1a: Kleavor
|-damage|p1a: Kleavor|0 fnt
|faint|p1a: Kleavor
|
|win|og_jersey
|raw|raxu99's rating: 1379 &rarr; <strong>1358</strong><br />(-21 for losing)
|raw|og_jersey's rating: 1355 &rarr; <strong>1376</strong><br />(+21 for winning)
|l| ohko_smeargle
|l|☆og_jersey
|player|p2|
