|html|<div class="broadcast-blue"><strong>[Gen 9] OU is currently suspecting Tera Blast! For information on how to participate check out the <a href="https://www.smogon.com/tools/suspects/view/200">suspect thread</a>.</strong></div>
|j|☆flushable
|j|☆OP Earthquakes
|t:|1776341528
|gametype|singles
|player|p1|flushable|collector|1506
|player|p2|OP Earthquakes|giovanni-masters|1607
|gen|9
|tier|[Gen 9] OU
|rated|
|rule|HP Percentage Mod: HP is shown in percentages
|rule|Endless Battle Clause: Forcing endless battles is banned
|rule|Species Clause: Limit one of each Pokémon
|rule|OHKO Clause: OHKO moves are banned
|rule|Evasion Items Clause: Evasion items are banned
|rule|Evasion Moves Clause: Evasion moves are banned
|rule|Evasion Abilities Clause: Evasion abilities are banned
|rule|Sleep Moves Clause: Sleep-inducing moves are banned
|clearpoke
|poke|p1|Kyurem|
|poke|p1|Iron Treads|
|poke|p1|Samurott-Hisui, F|
|poke|p1|Zamazenta-*|
|poke|p1|Sinistcha|
|poke|p1|Tornadus-Therian, M|
|poke|p2|Excadrill, F|
|poke|p2|Tyranitar, M|
|poke|p2|Kyurem|
|poke|p2|Hawlucha, M|
|poke|p2|Pawmot, M|
|poke|p2|Grimmsnarl, M|
|teampreview
|inactive|Battle timer is ON: inactive players will automatically lose when time's up. (requested by OP Earthquakes)
|j| heatraniac
|inactive|OP Earthquakes has 120 seconds left.
|
|t:|1776341561
|teamsize|p1|6
|teamsize|p2|6
|start
|switch|p1a: Iron Treads|Iron Treads|100/100
|switch|p2a: Grimmsnarl|Grimmsnarl, M|100/100
|turn|1
|
|t:|1776341571
|move|p2a: Grimmsnarl|Reflect|p2a: Grimmsnarl
|-sidestart|p2: OP Earthquakes|Reflect
|move|p1a: Iron Treads|Heavy Slam|p2a: Grimmsnarl
|-supereffective|p2a: Grimmsnarl
|-damage|p2a: Grimmsnarl|58/100
|
|upkeep
|turn|2
|
|t:|1776341577
|switch|p2a: Frieza|Kyurem, shiny|100/100
|-ability|p2a: Frieza|Pressure
|move|p1a: Iron Treads|Heavy Slam|p2a: Frieza
|-supereffective|p2a: Frieza
|-damage|p2a: Frieza|86/100
|
|upkeep
|turn|3
|
|t:|1776341590
|-end|p1a: Iron Treads|Quark Drive|[silent]
|switch|p1a: Kyurem|Kyurem|100/100
|-ability|p1a: Kyurem|Pressure
|move|p2a: Frieza|Freeze-Dry|p1a: Kyurem
|-damage|p1a: Kyurem|79/100
|
|upkeep
|turn|4
|
|t:|1776341604
|switch|p2a: Grimmsnarl|Grimmsnarl, M|58/100
|move|p1a: Kyurem|Ice Beam|p2a: Grimmsnarl
|-damage|p2a: Grimmsnarl|1/100
|
|upkeep
|turn|5
|
|t:|1776341610
|move|p2a: Grimmsnarl|Thunder Wave|p1a: Kyurem
|-status|p1a: Kyurem|par
|cant|p1a: Kyurem|par
|
|upkeep
|turn|6
|
|t:|1776341617
|move|p2a: Grimmsnarl|Light Screen|p2a: Grimmsnarl
|-sidestart|p2: OP Earthquakes|move: Light Screen
|cant|p1a: Kyurem|par
|
|upkeep
|turn|7
|
|t:|1776341622
|move|p2a: Grimmsnarl|Drain Punch|p1a: Kyurem
|-supereffective|p1a: Kyurem
|-damage|p1a: Kyurem|35/100 par
|-heal|p2a: Grimmsnarl|29/100|[from] drain|[of] p1a: Kyurem
|move|p1a: Kyurem|Ice Beam|p2a: Grimmsnarl
|-damage|p2a: Grimmsnarl|2/100
|
|upkeep
|turn|8
|
|t:|1776341630
|switch|p1a: Sinistcha|Sinistcha|100/100
|move|p2a: Grimmsnarl|Drain Punch|p1a: Sinistcha
|-immune|p1a: Sinistcha
|
|-sideend|p2: OP Earthquakes|Reflect
|upkeep
|turn|9
|
|t:|1776341635
|switch|p1a: Kyurem|Kyurem|35/100 par
|-ability|p1a: Kyurem|Pressure
|move|p2a: Grimmsnarl|Thunder Wave|p1a: Kyurem
|-fail|p1a: Kyurem|par
|
|upkeep
|turn|10
|
|t:|1776341644
|switch|p1a: Iron Treads|Iron Treads|100/100
|move|p2a: Grimmsnarl|Drain Punch|p1a: Iron Treads
|-supereffective|p1a: Iron Treads
|-damage|p1a: Iron Treads|62/100
|-heal|p2a: Grimmsnarl|25/100|[from] drain|[of] p1a: Iron Treads
|
|-heal|p1a: Iron Treads|68/100|[from] item: Leftovers
|upkeep
|turn|11
|
|t:|1776341653
|move|p2a: Grimmsnarl|Reflect|p2a: Grimmsnarl
|-sidestart|p2: OP Earthquakes|Reflect
|move|p1a: Iron Treads|Earthquake|p2a: Grimmsnarl
|-crit|p2a: Grimmsnarl
|-damage|p2a: Grimmsnarl|0 fnt
|faint|p2a: Grimmsnarl
|
|-heal|p1a: Iron Treads|74/100|[from] item: Leftovers
|upkeep
|
|t:|1776341659
|switch|p2a: The sandstorm|Tyranitar, M, shiny|100/100
|-weather|Sandstorm|[from] ability: Sand Stream|[of] p2a: The sandstorm
|turn|12
|
|t:|1776341664
|move|p1a: Iron Treads|Stealth Rock|p2a: The sandstorm
|-sidestart|p2: OP Earthquakes|move: Stealth Rock
|move|p2a: The sandstorm|Stealth Rock|p1a: Iron Treads
|-sidestart|p1: flushable|move: Stealth Rock
|
|-weather|Sandstorm|[upkeep]
|-heal|p1a: Iron Treads|80/100|[from] item: Leftovers
|upkeep
|turn|13
|
|t:|1776341675
|-terastallize|p2a: The sandstorm|Ghost
|move|p1a: Iron Treads|Rapid Spin|p2a: The sandstorm
|-immune|p2a: The sandstorm
|move|p2a: The sandstorm|Roar|p1a: Iron Treads
|-end|p1a: Iron Treads|Quark Drive|[silent]
|drag|p1a: Sinistcha|Sinistcha|100/100
|-damage|p1a: Sinistcha|88/100|[from] Stealth Rock
|
|-weather|Sandstorm|[upkeep]
|-damage|p1a: Sinistcha|82/100|[from] Sandstorm
|-damage|p2a: The sandstorm|94/100|[from] Sandstorm
|-sideend|p2: OP Earthquakes|move: Light Screen
|upkeep
|turn|14
|
|t:|1776341683
|switch|p2a: Frieza|Kyurem, shiny|86/100
|-damage|p2a: Frieza|61/100|[from] Stealth Rock
|-ability|p2a: Frieza|Pressure
|move|p1a: Sinistcha|Shadow Ball|p2a: Frieza
|-damage|p2a: Frieza|33/100
|
|-weather|Sandstorm|[upkeep]
|-damage|p2a: Frieza|27/100|[from] Sandstorm
|-damage|p1a: Sinistcha|76/100|[from] Sandstorm
|upkeep
|turn|15
|
|t:|1776341689
|move|p2a: Frieza|Freeze-Dry|p1a: Sinistcha
|-supereffective|p1a: Sinistcha
|-damage|p1a: Sinistcha|0 fnt
|faint|p1a: Sinistcha
|
|-weather|Sandstorm|[upkeep]
|-damage|p2a: Frieza|20/100|[from] Sandstorm
|upkeep
|
|t:|1776341696
|switch|p1a: Iron Treads|Iron Treads|80/100
|-damage|p1a: Iron Treads|77/100|[from] Stealth Rock
|turn|16
|
|t:|1776341702
|move|p2a: Frieza|Earth Power|p1a: Iron Treads
|-supereffective|p1a: Iron Treads
|-damage|p1a: Iron Treads|14/100
|move|p1a: Iron Treads|Rapid Spin|p2a: Frieza
|-damage|p2a: Frieza|15/100
|-boost|p1a: Iron Treads|spe|1
|-sideend|p1: flushable|Stealth Rock|[from] move: Rapid Spin|[of] p1a: Iron Treads
|
|-weather|Sandstorm|[upkeep]
|-damage|p2a: Frieza|8/100|[from] Sandstorm
|-heal|p1a: Iron Treads|20/100|[from] item: Leftovers
|upkeep
|turn|17
|
|t:|1776341708
|move|p1a: Iron Treads|Earthquake|p2a: Frieza
|-damage|p2a: Frieza|0 fnt
|faint|p2a: Frieza
|
|-weather|Sandstorm|[upkeep]
|-heal|p1a: Iron Treads|26/100|[from] item: Leftovers
|upkeep
|
|t:|1776341714
|switch|p2a: OP|Excadrill, F|100/100
|-damage|p2a: OP|97/100|[from] Stealth Rock
|turn|18
|
|t:|1776341719
|-terastallize|p1a: Iron Treads|Ghost
|move|p2a: OP|Iron Head|p1a: Iron Treads
|-damage|p1a: Iron Treads|0 fnt
|faint|p1a: Iron Treads
|-end|p1a: Iron Treads|Quark Drive|[silent]
|
|-weather|Sandstorm|[upkeep]
|-sideend|p2: OP Earthquakes|Reflect
|upkeep
|
|t:|1776341725
|switch|p1a: Zamazenta|Zamazenta|100/100
|-ability|p1a: Zamazenta|Dauntless Shield|boost
|-boost|p1a: Zamazenta|def|1
|turn|19
|
|t:|1776341729
|switch|p2a: Itachi|Hawlucha, M, shiny|100/100
|-damage|p2a: Itachi|88/100|[from] Stealth Rock
|-ability|p2a: Itachi|Mold Breaker
|move|p1a: Zamazenta|Iron Defense|p1a: Zamazenta
|-boost|p1a: Zamazenta|def|2
|
|-weather|none
|upkeep
|turn|20
|
|t:|1776341733
|move|p1a: Zamazenta|Body Press|p2a: Itachi
|-resisted|p2a: Itachi
|-damage|p2a: Itachi|21/100
|-enditem|p2a: Itachi|Red Card|[of] p1a: Zamazenta
|drag|p1a: Samurott|Samurott-Hisui, F|100/100
|move|p2a: Itachi|Defog|p1a: Samurott
|-unboost|p1a: Samurott|evasion|1
|-sideend|p2: OP Earthquakes|Stealth Rock|[from] move: Defog|[of] p2a: Itachi
|
|upkeep
|turn|21
|
|t:|1776341746
|switch|p2a: The sandstorm|Tyranitar, M, shiny, tera:Ghost|94/100
|-weather|Sandstorm|[from] ability: Sand Stream|[of] p2a: The sandstorm
|move|p1a: Samurott|Ceaseless Edge|p2a: The sandstorm
|-supereffective|p2a: The sandstorm
|-damage|p2a: The sandstorm|32/100
|-sidestart|p2: OP Earthquakes|Spikes
|
|-weather|Sandstorm|[upkeep]
|-damage|p1a: Samurott|94/100|[from] Sandstorm
|-damage|p2a: The sandstorm|25/100|[from] Sandstorm
|upkeep
|turn|22
|
|t:|1776341756
|switch|p2a: Itachi|Hawlucha, M, shiny|21/100
|-ability|p2a: Itachi|Mold Breaker
|move|p1a: Samurott|Knock Off|p2a: Itachi
|-resisted|p2a: Itachi
|-damage|p2a: Itachi|0 fnt
|faint|p2a: Itachi
|
|-weather|Sandstorm|[upkeep]
|-damage|p1a: Samurott|88/100|[from] Sandstorm
|upkeep
|
|t:|1776341758
|switch|p2a: OP|Excadrill, F|97/100
|-damage|p2a: OP|85/100|[from] Spikes
|turn|23
|
|t:|1776341763
|move|p2a: OP|Iron Head|p1a: Samurott
|-resisted|p1a: Samurott
|-damage|p1a: Samurott|52/100
|cant|p1a: Samurott|flinch
|
|-weather|Sandstorm|[upkeep]
|-damage|p1a: Samurott|46/100|[from] Sandstorm
|upkeep
|turn|24
|
|t:|1776341767
|move|p2a: OP|Iron Head|p1a: Samurott
|-resisted|p1a: Samurott
|-damage|p1a: Samurott|4/100
|move|p1a: Samurott|Razor Shell|p2a: OP
|-supereffective|p2a: OP
|-damage|p2a: OP|0 fnt
|faint|p2a: OP
|
|-weather|Sandstorm|[upkeep]
|-damage|p1a: Samurott|0 fnt|[from] Sandstorm
|faint|p1a: Samurott
|upkeep
|
|t:|1776341776
|switch|p2a: Porunga|Pawmot, M|100/100
|switch|p1a: Tornadus|Tornadus-Therian, M|100/100
|-damage|p2a: Porunga|88/100|[from] Spikes
|turn|25
|
|t:|1776341779
|move|p1a: Tornadus|Bleakwind Storm|p2a: Porunga|[miss]
|-miss|p1a: Tornadus|p2a: Porunga
|move|p2a: Porunga|Revival Blessing|p2a: Porunga
|-enditem|p2a: Porunga|Leppa Berry|[eat]
|-activate|p2a: Porunga|item: Leppa Berry|Revival Blessing|[consumed]
|
|t:|1776341786
|-heal|p2: Grimmsnarl|50/100|[from] move: Revival Blessing
|
|-weather|Sandstorm|[upkeep]
|-damage|p1a: Tornadus|94/100|[from] Sandstorm
|-damage|p2a: Porunga|82/100|[from] Sandstorm
|upkeep
|turn|26
|
|t:|1776341792
|move|p1a: Tornadus|Bleakwind Storm|p2a: Porunga
|-damage|p2a: Porunga|27/100
|move|p2a: Porunga|Revival Blessing|p2a: Porunga
|
|t:|1776341803
|-heal|p2: OP|50/100|[from] move: Revival Blessing
|
|-weather|Sandstorm|[upkeep]
|-damage|p1a: Tornadus|88/100|[from] Sandstorm
|-damage|p2a: Porunga|21/100|[from] Sandstorm
|upkeep
|turn|27
|
|t:|1776341808
|move|p1a: Tornadus|Bleakwind Storm|p2a: Porunga
|-damage|p2a: Porunga|0 fnt
|faint|p2a: Porunga
|
|-weather|Sandstorm|[upkeep]
|-damage|p1a: Tornadus|82/100|[from] Sandstorm
|upkeep
|
|t:|1776341817
|switch|p2a: Grimmsnarl|Grimmsnarl, M|50/100
|-damage|p2a: Grimmsnarl|38/100|[from] Spikes
|turn|28
|
|t:|1776341822
|move|p2a: Grimmsnarl|Thunder Wave|p1a: Tornadus
|-status|p1a: Tornadus|par
|move|p1a: Tornadus|Knock Off|p2a: Grimmsnarl
|-resisted|p2a: Grimmsnarl
|-damage|p2a: Grimmsnarl|31/100
|-enditem|p2a: Grimmsnarl|Light Clay|[from] move: Knock Off|[of] p1a: Tornadus
|
|-weather|none
|upkeep
|turn|29
|
|t:|1776341835
|move|p2a: Grimmsnarl|Reflect|p2a: Grimmsnarl
|-sidestart|p2: OP Earthquakes|Reflect
|move|p1a: Tornadus|U-turn|p2a: Grimmsnarl
|-damage|p2a: Grimmsnarl|22/100
|
|t:|1776341838
|switch|p1a: Kyurem|Kyurem|35/100 par|[from] U-turn
|-ability|p1a: Kyurem|Pressure
|
|upkeep
|turn|30
|
|t:|1776341843
|switch|p2a: The sandstorm|Tyranitar, M, shiny, tera:Ghost|25/100
|-damage|p2a: The sandstorm|13/100|[from] Spikes
|-weather|Sandstorm|[from] ability: Sand Stream|[of] p2a: The sandstorm
|move|p1a: Kyurem|Ice Beam|p2a: The sandstorm
|-damage|p2a: The sandstorm|0 fnt
|faint|p2a: The sandstorm
|
|-weather|Sandstorm|[upkeep]
|-damage|p1a: Kyurem|29/100 par|[from] Sandstorm
|upkeep
|
|t:|1776341851
|switch|p2a: OP|Excadrill, F|50/100
|-damage|p2a: OP|38/100|[from] Spikes
|turn|31
|
|t:|1776341862
|move|p2a: OP|Iron Head|p1a: Kyurem
|-supereffective|p1a: Kyurem
|-damage|p1a: Kyurem|0 fnt
|faint|p1a: Kyurem
|
|-weather|Sandstorm|[upkeep]
|upkeep
|
|t:|1776341865
|switch|p1a: Zamazenta|Zamazenta|100/100
|turn|32
|
|t:|1776341867
|move|p2a: OP|Iron Head|p1a: Zamazenta
|-damage|p1a: Zamazenta|49/100
|move|p1a: Zamazenta|Body Press|p2a: OP
|-supereffective|p2a: OP
|-damage|p2a: OP|0 fnt
|faint|p2a: OP
|
|-weather|Sandstorm|[upkeep]
|-damage|p1a: Zamazenta|43/100|[from] Sandstorm
|-heal|p1a: Zamazenta|49/100|[from] item: Leftovers
|upkeep
|
|t:|1776341875
|switch|p2a: Grimmsnarl|Grimmsnarl, M|22/100
|-damage|p2a: Grimmsnarl|10/100|[from] Spikes
|turn|33
|
|t:|1776341878
|move|p2a: Grimmsnarl|Thunder Wave|p1a: Zamazenta
|-status|p1a: Zamazenta|par
|move|p1a: Zamazenta|Body Press|p2a: Grimmsnarl
|-damage|p2a: Grimmsnarl|0 fnt
|faint|p2a: Grimmsnarl
|
|win|flushable
|raw|flushable's rating: 1506 &rarr; <strong>1532</strong><br />(+26 for winning)
|raw|OP Earthquakes's rating: 1607 &rarr; <strong>1581</strong><br />(-26 for losing)
|c|☆flushable|gg
|l|☆OP Earthquakes
|player|p2|
