|html|<div class="broadcast-blue"><strong>[Gen 9] OU is currently suspecting Tera Blast! For information on how to participate check out the <a href="https://www.smogon.com/tools/suspects/view/200">suspect thread</a>.</strong></div>
|j|☆bidofo
|j|☆1200s chud
|t:|1776125764
|gametype|singles
|player|p1|bidofo|169|1610
|player|p2|1200s chud|drayton|1528
|gen|9
|tier|[Gen 9] OU
|rated|
|rule|HP Percentage Mod: HP is shown in percentages
|rule|Endless Battle Clause: Forcing endless battles is banned
|rule|Species Clause: Limit one of each Pokémon
|rule|OHKO Clause: OHKO moves are banned
|rule|Evasion Items Clause: Evasion items are banned
|rule|Evasion Moves Clause: Evasion moves are banned
|rule|Evasion Abilities Clause: Evasion abilities are banned
|rule|Sleep Moves Clause: Sleep-inducing moves are banned
|clearpoke
|poke|p1|Darkrai|
|poke|p1|Great Tusk|
|poke|p1|Ogerpon-Wellspring, F|
|poke|p1|Gholdengo|
|poke|p1|Dragonite, M|
|poke|p1|Ting-Lu|
|poke|p2|Araquanid, F|
|poke|p2|Landorus-Therian, M|
|poke|p2|Hatterene, F|
|poke|p2|Ceruledge, M|
|poke|p2|Kingambit, M|
|poke|p2|Gholdengo|
|teampreview
|inactive|Battle timer is ON: inactive players will automatically lose when time's up. (requested by 1200s chud)
|
|t:|1776125784
|teamsize|p1|6
|teamsize|p2|6
|start
|switch|p1a: Ogerpon|Ogerpon-Wellspring, F|100/100
|switch|p2a: Araquanid|Araquanid, F|100/100
|turn|1
|inactive|bidofo has 120 seconds left.
|
|t:|1776125822
|move|p1a: Ogerpon|Power Whip|p2a: Araquanid
|-damage|p2a: Araquanid|19/100
|move|p2a: Araquanid|Leech Life|p1a: Ogerpon
|-supereffective|p1a: Ogerpon
|-damage|p1a: Ogerpon|0 fnt
|-heal|p2a: Araquanid|64/100|[from] drain|[of] p1a: Ogerpon
|faint|p1a: Ogerpon
|
|upkeep
|inactive|bidofo has 90 seconds left.
|
|t:|1776125862
|switch|p1a: Gholdengo|Gholdengo|100/100
|-item|p1a: Gholdengo|Air Balloon
|turn|2
|
|t:|1776125871
|switch|p1a: Great Tusk|Great Tusk|100/100
|switch|p2a: Kingambit|Kingambit, M|100/100
|
|upkeep
|turn|3
|
|t:|1776125882
|-end|p2a: Kingambit|fallenundefined|[silent]
|switch|p2a: Hatterene|Hatterene, F|100/100
|move|p1a: Great Tusk|Headlong Rush|p2a: Hatterene
|-damage|p2a: Hatterene|35/100
|-unboost|p1a: Great Tusk|def|1
|-unboost|p1a: Great Tusk|spd|1
|
|upkeep
|turn|4
|
|t:|1776125890
|switch|p2a: Araquanid|Araquanid, F|64/100
|move|p1a: Great Tusk|Headlong Rush|p2a: Araquanid
|-resisted|p2a: Araquanid
|-damage|p2a: Araquanid|26/100
|-unboost|p1a: Great Tusk|def|1
|-unboost|p1a: Great Tusk|spd|1
|
|upkeep
|turn|5
|j| FaronAan
|
|t:|1776125898
|switch|p2a: Landorus|Landorus-Therian, M|100/100
|-ability|p2a: Landorus|Intimidate|boost
|-unboost|p1a: Great Tusk|atk|1
|move|p1a: Great Tusk|Headlong Rush|p2a: Landorus
|-immune|p2a: Landorus
|
|upkeep
|turn|6
|inactive|1200s chud has 120 seconds left.
|
|t:|1776125929
|-end|p1a: Great Tusk|Protosynthesis|[silent]
|switch|p1a: Dragonite|Dragonite, M|100/100
|move|p2a: Landorus|Earthquake|p1a: Dragonite
|-immune|p1a: Dragonite
|
|upkeep
|turn|7
|inactive|bidofo has 120 seconds left.
|
|t:|1776125939
|move|p2a: Landorus|Taunt|p1a: Dragonite
|-start|p1a: Dragonite|move: Taunt
|move|p1a: Dragonite|Dragon Tail|p2a: Landorus
|-damage|p2a: Landorus|67/100
|-damage|p1a: Dragonite|84/100|[from] item: Rocky Helmet|[of] p2a: Landorus
|drag|p2a: Araquanid|Araquanid, F|26/100
|
|upkeep
|turn|8
|inactive|bidofo has 120 seconds left.
|inactive|1200s chud has 120 seconds left.
|
|t:|1776125985
|switch|p2a: Gholdengo|Gholdengo|100/100
|move|p1a: Dragonite|Extreme Speed|p2a: Gholdengo
|-immune|p2a: Gholdengo
|
|upkeep
|turn|9
|
|t:|1776125995
|switch|p1a: Ting-Lu|Ting-Lu|100/100
|-ability|p1a: Ting-Lu|Vessel of Ruin
|move|p2a: Gholdengo|Nasty Plot|p2a: Gholdengo
|-boost|p2a: Gholdengo|spa|2
|
|upkeep
|turn|10
|
|t:|1776126000
|move|p2a: Gholdengo|Make It Rain|p1a: Ting-Lu
|-damage|p1a: Ting-Lu|36/100
|-unboost|p2a: Gholdengo|spa|1
|move|p1a: Ting-Lu|Ruination|p2a: Gholdengo
|-damage|p2a: Gholdengo|50/100
|
|-heal|p1a: Ting-Lu|42/100|[from] item: Leftovers
|upkeep
|turn|11
|
|t:|1776126013
|move|p2a: Gholdengo|Make It Rain|p1a: Ting-Lu
|-damage|p1a: Ting-Lu|0 fnt
|-unboost|p2a: Gholdengo|spa|1
|faint|p1a: Ting-Lu
|
|upkeep
|
|t:|1776126022
|switch|p1a: Darkrai|Darkrai|100/100
|turn|12
|
|t:|1776126029
|switch|p2a: Araquanid|Araquanid, F|26/100
|move|p1a: Darkrai|Dark Pulse|p2a: Araquanid
|-damage|p2a: Araquanid|0 fnt
|faint|p2a: Araquanid
|
|upkeep
|
|t:|1776126032
|switch|p2a: Hatterene|Hatterene, F|35/100
|turn|13
|
|t:|1776126038
|move|p1a: Darkrai|Dark Pulse|p2a: Hatterene
|-crit|p2a: Hatterene
|-damage|p2a: Hatterene|0 fnt
|faint|p2a: Hatterene
|
|upkeep
|
|t:|1776126041
|switch|p2a: Landorus|Landorus-Therian, M|67/100
|-ability|p2a: Landorus|Intimidate|boost
|-unboost|p1a: Darkrai|atk|1
|turn|14
|
|t:|1776126052
|move|p1a: Darkrai|Ice Beam|p2a: Landorus
|-supereffective|p2a: Landorus
|-damage|p2a: Landorus|0 fnt
|faint|p2a: Landorus
|
|upkeep
|
|t:|1776126054
|switch|p2a: Ceruledge|Ceruledge, M|100/100
|turn|15
|
|t:|1776126058
|-terastallize|p2a: Ceruledge|Bug
|move|p1a: Darkrai|Dark Pulse|p2a: Ceruledge
|-damage|p2a: Ceruledge|75/100
|move|p2a: Ceruledge|Bulk Up|p2a: Ceruledge
|-boost|p2a: Ceruledge|atk|1
|-boost|p2a: Ceruledge|def|1
|
|upkeep
|turn|16
|
|t:|1776126073
|switch|p1a: Dragonite|Dragonite, M|84/100
|move|p2a: Ceruledge|Bulk Up|p2a: Ceruledge
|-boost|p2a: Ceruledge|atk|1
|-boost|p2a: Ceruledge|def|1
|
|upkeep
|turn|17
|
|t:|1776126077
|move|p2a: Ceruledge|Poltergeist|p1a: Dragonite
|-activate|p1a: Dragonite|move: Poltergeist|Heavy-Duty Boots
|-damage|p1a: Dragonite|0 fnt
|faint|p1a: Dragonite
|
|upkeep
|
|t:|1776126099
|switch|p1a: Gholdengo|Gholdengo|100/100
|-item|p1a: Gholdengo|Air Balloon
|turn|18
|
|t:|1776126110
|-terastallize|p1a: Gholdengo|Fairy
|move|p2a: Ceruledge|Poltergeist|p1a: Gholdengo
|-activate|p1a: Gholdengo|move: Poltergeist|Air Balloon
|-damage|p1a: Gholdengo|33/100
|-enditem|p1a: Gholdengo|Air Balloon
|move|p1a: Gholdengo|Shadow Ball|p2a: Ceruledge
|-damage|p2a: Ceruledge|50/100
|
|upkeep
|turn|19
|
|t:|1776126119
|move|p2a: Ceruledge|Bitter Blade|p1a: Gholdengo
|-damage|p1a: Gholdengo|0 fnt
|-heal|p2a: Ceruledge|68/100|[from] drain|[of] p1a: Gholdengo
|faint|p1a: Gholdengo
|
|upkeep
|
|t:|1776126123
|switch|p1a: Darkrai|Darkrai|100/100
|turn|20
|
|t:|1776126130
|move|p1a: Darkrai|Nasty Plot|p1a: Darkrai
|-boost|p1a: Darkrai|spa|2
|move|p2a: Ceruledge|Bitter Blade|p1a: Darkrai
|-damage|p1a: Darkrai|18/100
|-heal|p2a: Ceruledge|100/100|[from] drain|[of] p1a: Darkrai
|
|-heal|p1a: Darkrai|24/100|[from] item: Leftovers
|upkeep
|turn|21
|
|t:|1776126133
|move|p1a: Darkrai|Dark Pulse|p2a: Ceruledge
|-damage|p2a: Ceruledge|49/100
|move|p2a: Ceruledge|Bitter Blade|p1a: Darkrai
|-damage|p1a: Darkrai|0 fnt
|-heal|p2a: Ceruledge|60/100|[from] drain|[of] p1a: Darkrai
|faint|p1a: Darkrai
|
|upkeep
|
|t:|1776126136
|switch|p1a: Great Tusk|Great Tusk|100/100
|turn|22
|
|t:|1776126138
|move|p1a: Great Tusk|Headlong Rush|p2a: Ceruledge
|-resisted|p2a: Ceruledge
|-damage|p2a: Ceruledge|41/100
|-unboost|p1a: Great Tusk|def|1
|-unboost|p1a: Great Tusk|spd|1
|move|p2a: Ceruledge|Bitter Blade|p1a: Great Tusk
|-damage|p1a: Great Tusk|25/100
|-heal|p2a: Ceruledge|81/100|[from] drain|[of] p1a: Great Tusk
|
|upkeep
|turn|23
|
|t:|1776126140
|move|p1a: Great Tusk|Headlong Rush|p2a: Ceruledge
|-resisted|p2a: Ceruledge
|-damage|p2a: Ceruledge|62/100
|-unboost|p1a: Great Tusk|def|1
|-unboost|p1a: Great Tusk|spd|1
|move|p2a: Ceruledge|Bitter Blade|p1a: Great Tusk
|-damage|p1a: Great Tusk|0 fnt
|-heal|p2a: Ceruledge|75/100|[from] drain|[of] p1a: Great Tusk
|faint|p1a: Great Tusk
|-end|p1a: Great Tusk|Protosynthesis|[silent]
|
|win|1200s chud
|raw|bidofo's rating: 1610 &rarr; <strong>1585</strong><br />(-25 for losing)
|raw|1200s chud's rating: 1528 &rarr; <strong>1553</strong><br />(+25 for winning)
|l|☆1200s chud
|player|p2|
|l|☆bidofo
|player|p1|
