|html|<div class="broadcast-blue"><strong>[Gen 9] OU is currently suspecting Tera Blast! For information on how to participate check out the <a href="https://www.smogon.com/tools/suspects/view/200">suspect thread</a>.</strong></div>
|j|☆johnjohnsonjones
|j|☆peterraptor1
|t:|1776042715
|gametype|singles
|player|p1|johnjohnsonjones|101|1313
|player|p2|peterraptor1|lance|1342
|gen|9
|tier|[Gen 9] OU
|rated|
|rule|HP Percentage Mod: HP is shown in percentages
|rule|Endless Battle Clause: Forcing endless battles is banned
|rule|Species Clause: Limit one of each Pokémon
|rule|OHKO Clause: OHKO moves are banned
|rule|Evasion Items Clause: Evasion items are banned
|rule|Evasion Moves Clause: Evasion moves are banned
|rule|Evasion Abilities Clause: Evasion abilities are banned
|rule|Sleep Moves Clause: Sleep-inducing moves are banned
|clearpoke
|poke|p1|Rillaboom, M|
|poke|p1|Hawlucha, M|
|poke|p1|Raging Bolt|
|poke|p1|Mandibuzz, F|
|poke|p1|Primarina, F|
|poke|p1|Garganacl, M|
|poke|p2|Haxorus, M|
|poke|p2|Dragapult, M|
|poke|p2|Metagross|
|poke|p2|Serperior, M|
|poke|p2|Hitmonlee, M|
|poke|p2|Kingambit, M|
|teampreview
|inactive|Battle timer is ON: inactive players will automatically lose when time's up. (requested by peterraptor1)
|
|t:|1776042722
|teamsize|p1|6
|teamsize|p2|6
|start
|switch|p1a: Rillaboom|Rillaboom, M|100/100
|switch|p2a: Haxorus|Haxorus, M, shiny|100/100
|-ability|p2a: Haxorus|Mold Breaker
|-fieldstart|move: Grassy Terrain|[from] ability: Grassy Surge|[of] p1a: Rillaboom
|turn|1
|inactive|johnjohnsonjones has 120 seconds left.
|
|t:|1776042769
|move|p2a: Haxorus|Dragon Dance|p2a: Haxorus
|-boost|p2a: Haxorus|atk|1
|-boost|p2a: Haxorus|spe|1
|move|p1a: Rillaboom|Wood Hammer|p2a: Haxorus
|-resisted|p2a: Haxorus
|-damage|p2a: Haxorus|21/100
|-damage|p1a: Rillaboom|78/100|[from] Recoil
|
|-heal|p2a: Haxorus|27/100|[from] Grassy Terrain
|-heal|p1a: Rillaboom|84/100|[from] Grassy Terrain
|upkeep
|turn|2
|
|t:|1776042778
|switch|p1a: Primarina|Primarina, F|100/100
|move|p2a: Haxorus|Scale Shot|p1a: Primarina
|-immune|p1a: Primarina
|
|-heal|p2a: Haxorus|33/100|[from] Grassy Terrain
|upkeep
|turn|3
|
|t:|1776042783
|move|p2a: Haxorus|Iron Head|p1a: Primarina
|-damage|p1a: Primarina|59/100
|move|p1a: Primarina|Draining Kiss|p2a: Haxorus
|-supereffective|p2a: Haxorus
|-damage|p2a: Haxorus|0 fnt
|-heal|p1a: Primarina|79/100|[from] drain|[of] p2a: Haxorus
|faint|p2a: Haxorus
|
|-heal|p1a: Primarina|85/100|[from] Grassy Terrain
|-heal|p1a: Primarina|91/100|[from] item: Leftovers
|upkeep
|
|t:|1776042789
|switch|p2a: Dragapult|Dragapult, M, shiny|100/100
|turn|4
|inactive|johnjohnsonjones has 120 seconds left.
|
|t:|1776042818
|move|p2a: Dragapult|Thunderbolt|p1a: Primarina
|-supereffective|p1a: Primarina
|-damage|p1a: Primarina|31/100
|-status|p1a: Primarina|par
|-damage|p2a: Dragapult|91/100|[from] item: Life Orb
|move|p1a: Primarina|Calm Mind|p1a: Primarina
|-boost|p1a: Primarina|spa|1
|-boost|p1a: Primarina|spd|1
|
|-heal|p2a: Dragapult|97/100|[from] Grassy Terrain
|-heal|p1a: Primarina|37/100 par|[from] Grassy Terrain
|-heal|p1a: Primarina|43/100 par|[from] item: Leftovers
|upkeep
|turn|5
|
|t:|1776042823
|-terastallize|p1a: Primarina|Steel
|move|p2a: Dragapult|Thunderbolt|p1a: Primarina
|-damage|p1a: Primarina|23/100 par
|-damage|p2a: Dragapult|87/100|[from] item: Life Orb
|move|p1a: Primarina|Draining Kiss|p2a: Dragapult
|-supereffective|p2a: Dragapult
|-damage|p2a: Dragapult|3/100
|-heal|p1a: Primarina|78/100 par|[from] drain|[of] p2a: Dragapult
|
|-heal|p2a: Dragapult|9/100|[from] Grassy Terrain
|-heal|p1a: Primarina|84/100 par|[from] Grassy Terrain
|-heal|p1a: Primarina|90/100 par|[from] item: Leftovers
|-fieldend|move: Grassy Terrain
|upkeep
|turn|6
|
|t:|1776042832
|move|p2a: Dragapult|Flamethrower|p1a: Primarina
|-supereffective|p1a: Primarina
|-damage|p1a: Primarina|55/100 par
|-damage|p2a: Dragapult|0 fnt|[from] item: Life Orb
|faint|p2a: Dragapult
|move|p1a: Primarina|Calm Mind|p1a: Primarina
|-boost|p1a: Primarina|spa|1
|-boost|p1a: Primarina|spd|1
|
|-heal|p1a: Primarina|61/100 par|[from] item: Leftovers
|upkeep
|
|t:|1776042839
|switch|p2a: Hitmonlee|Hitmonlee, M|100/100
|turn|7
|
|t:|1776042841
|move|p2a: Hitmonlee|Endure|p2a: Hitmonlee
|-singleturn|p2a: Hitmonlee|move: Endure
|move|p1a: Primarina|Draining Kiss|p2a: Hitmonlee
|-supereffective|p2a: Hitmonlee
|-activate|p2a: Hitmonlee|move: Endure
|-damage|p2a: Hitmonlee|1/100
|-heal|p1a: Primarina|100/100 par|[from] drain|[of] p2a: Hitmonlee
|-enditem|p2a: Hitmonlee|Liechi Berry|[eat]
|-boost|p2a: Hitmonlee|atk|1|[from] item: Liechi Berry
|
|upkeep
|turn|8
|
|t:|1776042846
|move|p2a: Hitmonlee|Reversal|p1a: Primarina
|-supereffective|p1a: Primarina
|-damage|p1a: Primarina|0 fnt
|faint|p1a: Primarina
|
|upkeep
|
|t:|1776042849
|switch|p1a: Rillaboom|Rillaboom, M|84/100
|-fieldstart|move: Grassy Terrain|[from] ability: Grassy Surge|[of] p1a: Rillaboom
|turn|9
|
|t:|1776042851
|move|p2a: Hitmonlee|Endure|p2a: Hitmonlee
|-singleturn|p2a: Hitmonlee|move: Endure
|move|p1a: Rillaboom|Grassy Glide|p2a: Hitmonlee
|-activate|p2a: Hitmonlee|move: Endure
|-damage|p2a: Hitmonlee|1/100
|
|-heal|p2a: Hitmonlee|7/100|[from] Grassy Terrain
|-heal|p1a: Rillaboom|90/100|[from] Grassy Terrain
|upkeep
|turn|10
|
|t:|1776042857
|move|p1a: Rillaboom|Grassy Glide|p2a: Hitmonlee
|-damage|p2a: Hitmonlee|0 fnt
|faint|p2a: Hitmonlee
|
|-heal|p1a: Rillaboom|96/100|[from] Grassy Terrain
|upkeep
|
|t:|1776042862
|switch|p2a: Metagross|Metagross, shiny|100/100
|turn|11
|inactive|johnjohnsonjones has 120 seconds left.
|
|t:|1776042897
|switch|p1a: Garganacl|Garganacl, M|100/100
|move|p2a: Metagross|Agility|p2a: Metagross
|-boost|p2a: Metagross|spe|2
|
|upkeep
|turn|12
|
|t:|1776042904
|move|p2a: Metagross|Heavy Slam|p1a: Garganacl
|-supereffective|p1a: Garganacl
|-damage|p1a: Garganacl|49/100
|move|p1a: Garganacl|Salt Cure|p2a: Metagross
|-resisted|p2a: Metagross
|-damage|p2a: Metagross|95/100
|-start|p2a: Metagross|Salt Cure
|
|-heal|p2a: Metagross|100/100|[from] Grassy Terrain
|-heal|p1a: Garganacl|56/100|[from] Grassy Terrain
|-heal|p1a: Garganacl|62/100|[from] item: Leftovers
|-damage|p2a: Metagross|76/100|[from] Salt Cure
|upkeep
|turn|13
|
|t:|1776042909
|switch|p1a: Mandibuzz|Mandibuzz, F|100/100
|move|p2a: Metagross|Heavy Slam|p1a: Mandibuzz
|-damage|p1a: Mandibuzz|58/100
|
|-heal|p2a: Metagross|82/100|[from] Grassy Terrain
|-damage|p2a: Metagross|57/100|[from] Salt Cure
|-fieldend|move: Grassy Terrain
|upkeep
|turn|14
|
|t:|1776042913
|move|p2a: Metagross|Ice Punch|p1a: Mandibuzz
|-supereffective|p1a: Mandibuzz
|-damage|p1a: Mandibuzz|22/100
|move|p1a: Mandibuzz|Roost|p1a: Mandibuzz
|-heal|p1a: Mandibuzz|72/100
|-singleturn|p1a: Mandibuzz|move: Roost
|
|-damage|p2a: Metagross|32/100|[from] Salt Cure
|upkeep
|turn|15
|inactive|johnjohnsonjones has 120 seconds left.
|
|t:|1776042959
|move|p2a: Metagross|Heavy Slam|p1a: Mandibuzz
|-damage|p1a: Mandibuzz|32/100
|move|p1a: Mandibuzz|Foul Play|p2a: Metagross
|-supereffective|p2a: Metagross
|-damage|p2a: Metagross|0 fnt
|faint|p2a: Metagross
|
|upkeep
|
|t:|1776042964
|switch|p2a: Serperior|Serperior, M, shiny|100/100
|turn|16
|
|t:|1776042989
|-terastallize|p2a: Serperior|Grass
|move|p2a: Serperior|Leaf Storm|p1a: Mandibuzz
|-resisted|p1a: Mandibuzz
|-damage|p1a: Mandibuzz|0 fnt
|-boost|p2a: Serperior|spa|2
|faint|p1a: Mandibuzz
|
|upkeep
|inactive|johnjohnsonjones has 90 seconds left.
|inactive|johnjohnsonjones has 60 seconds left.
|
|t:|1776043032
|switch|p1a: Raging Bolt|Raging Bolt|100/100
|-enditem|p1a: Raging Bolt|Booster Energy
|-activate|p1a: Raging Bolt|ability: Protosynthesis|[fromitem]
|-start|p1a: Raging Bolt|protosynthesisspa
|turn|17
|
|t:|1776043035
|move|p2a: Serperior|Dragon Pulse|p1a: Raging Bolt
|-supereffective|p1a: Raging Bolt
|-damage|p1a: Raging Bolt|19/100
|move|p1a: Raging Bolt|Calm Mind|p1a: Raging Bolt
|-boost|p1a: Raging Bolt|spa|1
|-boost|p1a: Raging Bolt|spd|1
|
|upkeep
|turn|18
|
|t:|1776043039
|move|p1a: Raging Bolt|Thunderclap|p2a: Serperior
|-resisted|p2a: Serperior
|-damage|p2a: Serperior|58/100
|move|p2a: Serperior|Dragon Pulse|p1a: Raging Bolt
|-supereffective|p1a: Raging Bolt
|-damage|p1a: Raging Bolt|0 fnt
|faint|p1a: Raging Bolt
|-end|p1a: Raging Bolt|Protosynthesis|[silent]
|
|upkeep
|
|t:|1776043043
|switch|p1a: Rillaboom|Rillaboom, M|96/100
|-fieldstart|move: Grassy Terrain|[from] ability: Grassy Surge|[of] p1a: Rillaboom
|turn|19
|
|t:|1776043046
|move|p2a: Serperior|Giga Drain|p1a: Rillaboom
|-resisted|p1a: Rillaboom
|-damage|p1a: Rillaboom|18/100
|-heal|p2a: Serperior|100/100|[from] drain|[of] p1a: Rillaboom
|move|p1a: Rillaboom|U-turn|p2a: Serperior
|-supereffective|p2a: Serperior
|-damage|p2a: Serperior|10/100
|
|t:|1776043049
|switch|p1a: Hawlucha|Hawlucha, M|100/100|[from] U-turn
|-enditem|p1a: Hawlucha|Grassy Seed
|-boost|p1a: Hawlucha|def|1|[from] item: Grassy Seed
|
|-heal|p2a: Serperior|16/100|[from] Grassy Terrain
|upkeep
|turn|20
|
|t:|1776043052
|move|p1a: Hawlucha|Acrobatics|p2a: Serperior
|-supereffective|p2a: Serperior
|-damage|p2a: Serperior|0 fnt
|faint|p2a: Serperior
|
|upkeep
|
|t:|1776043054
|switch|p2a: Kingambit|Kingambit, M, shiny|100/100
|-activate|p2a: Kingambit|ability: Supreme Overlord
|-start|p2a: Kingambit|fallen5|[silent]
|turn|21
|inactive|johnjohnsonjones has 120 seconds left.
|c|☆peterraptor1|gg
|
|t:|1776043084
|move|p1a: Hawlucha|Close Combat|p2a: Kingambit
|-supereffective|p2a: Kingambit
|-damage|p2a: Kingambit|0 fnt
|-unboost|p1a: Hawlucha|def|1
|-unboost|p1a: Hawlucha|spd|1
|faint|p2a: Kingambit
|-end|p2a: Kingambit|fallen5|[silent]
|
|win|johnjohnsonjones
|raw|johnjohnsonjones's rating: 1313 &rarr; <strong>1335</strong><br />(+22 for winning)
|raw|peterraptor1's rating: 1342 &rarr; <strong>1320</strong><br />(-22 for losing)
|l|☆peterraptor1
|player|p2|
|l|☆johnjohnsonjones
|player|p1|
