|html|<div class="broadcast-blue"><strong>[Gen 9] OU is currently suspecting Tera Blast! For information on how to participate check out the <a href="https://www.smogon.com/tools/suspects/view/200">suspect thread</a>.</strong></div>
|j|☆lucario090515
|j|☆mamcackms
|t:|1776084668
|gametype|singles
|player|p1|lucario090515|acetrainer|1370
|player|p2|mamcackms|1|1382
|gen|9
|tier|[Gen 9] OU
|rated|
|rule|HP Percentage Mod: HP is shown in percentages
|rule|Endless Battle Clause: Forcing endless battles is banned
|rule|Species Clause: Limit one of each Pokémon
|rule|OHKO Clause: OHKO moves are banned
|rule|Evasion Items Clause: Evasion items are banned
|rule|Evasion Moves Clause: Evasion moves are banned
|rule|Evasion Abilities Clause: Evasion abilities are banned
|rule|Sleep Moves Clause: Sleep-inducing moves are banned
|clearpoke
|poke|p1|Weavile, F|
|poke|p1|Dragapult, M|
|poke|p1|Great Tusk|
|poke|p1|Ogerpon-Wellspring, F|
|poke|p1|Skarmory, M|
|poke|p1|Heatran, M|
|poke|p2|Alomomola, L99, F|
|poke|p2|Great Tusk|
|poke|p2|Drifblim, M|
|poke|p2|Lokix, F|
|poke|p2|Dudunsparce-*, M|
|poke|p2|Latias, F|
|teampreview
|inactive|Battle timer is ON: inactive players will automatically lose when time's up. (requested by mamcackms)
|
|t:|1776084676
|teamsize|p1|6
|teamsize|p2|6
|start
|switch|p1a: Armorous|Skarmory, M|100/100
|switch|p2a: Dudunsparce|Dudunsparce-Three-Segment, M|100/100
|turn|1
|
|t:|1776084687
|move|p2a: Dudunsparce|Glare|p1a: Armorous
|-status|p1a: Armorous|par
|cant|p1a: Armorous|par
|
|upkeep
|turn|2
|
|t:|1776084692
|move|p2a: Dudunsparce|Flamethrower|p1a: Armorous
|-supereffective|p1a: Armorous
|-damage|p1a: Armorous|50/100 par
|move|p1a: Armorous|Spikes|p2a: Dudunsparce
|-sidestart|p2: mamcackms|Spikes
|
|upkeep
|turn|3
|
|t:|1776084697
|switch|p1a: Stronghold|Heatran, M|100/100
|-item|p1a: Stronghold|Air Balloon
|move|p2a: Dudunsparce|Stealth Rock|p1a: Stronghold
|-sidestart|p1: lucario090515|move: Stealth Rock
|
|upkeep
|turn|4
|
|t:|1776084702
|move|p1a: Stronghold|Taunt|p2a: Dudunsparce
|-start|p2a: Dudunsparce|move: Taunt
|cant|p2a: Dudunsparce|move: Taunt|Glare
|
|upkeep
|turn|5
|
|t:|1776084705
|switch|p2a: Alomolomola|Alomomola, L99, F|100/100
|-damage|p2a: Alomolomola|88/100|[from] Spikes
|move|p1a: Stronghold|Magma Storm|p2a: Alomolomola|[miss]
|-miss|p1a: Stronghold|p2a: Alomolomola
|
|upkeep
|turn|6
|
|t:|1776084711
|switch|p1a: Ino|Ogerpon-Wellspring, F|100/100
|-damage|p1a: Ino|88/100|[from] Stealth Rock
|move|p2a: Alomolomola|Flip Turn|p1a: Ino
|-heal|p1a: Ino|100/100|[from] ability: Water Absorb|[of] p2a: Alomolomola
|
|upkeep
|turn|7
|
|t:|1776084714
|move|p1a: Ino|Knock Off|p2a: Alomolomola
|-damage|p2a: Alomolomola|60/100
|-enditem|p2a: Alomolomola|Eject Button|[from] move: Knock Off|[of] p1a: Ino
|move|p2a: Alomolomola|Wish|p2a: Alomolomola
|
|upkeep
|turn|8
|
|t:|1776084719
|switch|p2a: Dudunsparce|Dudunsparce-Three-Segment, M|100/100
|-damage|p2a: Dudunsparce|88/100|[from] Spikes
|move|p1a: Ino|Horn Leech|p2a: Dudunsparce
|-damage|p2a: Dudunsparce|55/100
|
|-heal|p2a: Dudunsparce|100/100|[from] move: Wish|[wisher] Alomolomola
|upkeep
|turn|9
|
|t:|1776084725
|switch|p1a: Armorous|Skarmory, M|50/100 par
|-damage|p1a: Armorous|38/100 par|[from] Stealth Rock
|move|p2a: Dudunsparce|Glare|p1a: Armorous
|-fail|p1a: Armorous|par
|
|upkeep
|turn|10
|
|t:|1776084727
|move|p2a: Dudunsparce|Boomburst|p1a: Armorous
|-resisted|p1a: Armorous
|-damage|p1a: Armorous|9/100 par
|move|p1a: Armorous|Roost|p1a: Armorous
|-heal|p1a: Armorous|59/100 par
|-singleturn|p1a: Armorous|move: Roost
|
|upkeep
|turn|11
|
|t:|1776084730
|move|p2a: Dudunsparce|Flamethrower|p1a: Armorous
|-supereffective|p1a: Armorous
|-damage|p1a: Armorous|12/100 par
|move|p1a: Armorous|Spikes|p2a: Dudunsparce
|-sidestart|p2: mamcackms|Spikes
|
|upkeep
|turn|12
|
|t:|1776084733
|move|p2a: Dudunsparce|Boomburst|p1a: Armorous
|-resisted|p1a: Armorous
|-damage|p1a: Armorous|0 fnt
|faint|p1a: Armorous
|
|upkeep
|
|t:|1776084742
|switch|p1a: Stronghold|Heatran, M|100/100
|-damage|p1a: Stronghold|88/100|[from] Stealth Rock
|-item|p1a: Stronghold|Air Balloon
|turn|13
|
|t:|1776084747
|switch|p2a: Alomolomola|Alomomola, L99, F|93/100
|-damage|p2a: Alomolomola|77/100|[from] Spikes
|move|p1a: Stronghold|Magma Storm|p2a: Alomolomola
|-resisted|p2a: Alomolomola
|-damage|p2a: Alomolomola|56/100
|-activate|p2a: Alomolomola|move: Magma Storm|[of] p1a: Stronghold
|
|-damage|p2a: Alomolomola|44/100|[from] move: Magma Storm|[partiallytrapped]
|upkeep
|turn|14
|
|t:|1776084759
|move|p1a: Stronghold|Taunt|p2a: Alomolomola
|-start|p2a: Alomolomola|move: Taunt
|cant|p2a: Alomolomola|move: Taunt|Wish
|
|-damage|p2a: Alomolomola|31/100|[from] move: Magma Storm|[partiallytrapped]
|upkeep
|turn|15
|
|t:|1776084763
|move|p1a: Stronghold|Steel Beam|p2a: Alomolomola
|-resisted|p2a: Alomolomola
|-damage|p2a: Alomolomola|4/100
|-damage|p1a: Stronghold|38/100|[from] steelbeam
|move|p2a: Alomolomola|Flip Turn|p1a: Stronghold
|-supereffective|p1a: Stronghold
|-damage|p1a: Stronghold|3/100
|-enditem|p1a: Stronghold|Air Balloon
|
|t:|1776084770
|switch|p2a: Driftblimp|Drifblim, M|100/100|[from] Flip Turn
|
|upkeep
|turn|16
|
|t:|1776084778
|move|p1a: Stronghold|Taunt|p2a: Driftblimp
|-start|p2a: Driftblimp|move: Taunt
|cant|p2a: Driftblimp|move: Taunt|Calm Mind
|
|upkeep
|turn|17
|
|t:|1776084786
|switch|p2a: Alomolomola|Alomomola, L99, F|37/100
|-damage|p2a: Alomolomola|21/100|[from] Spikes
|move|p1a: Stronghold|Steel Beam|p2a: Alomolomola
|-resisted|p2a: Alomolomola
|-damage|p2a: Alomolomola|0 fnt
|-damage|p1a: Stronghold|0 fnt|[from] steelbeam
|faint|p1a: Stronghold
|faint|p2a: Alomolomola
|
|upkeep
|
|t:|1776084795
|switch|p1a: Behemoth|Great Tusk|100/100
|switch|p2a: Great Tusk|Great Tusk|100/100
|-damage|p2a: Great Tusk|84/100|[from] Spikes
|-damage|p1a: Behemoth|98/100|[from] Stealth Rock
|-enditem|p2a: Great Tusk|Booster Energy
|-activate|p2a: Great Tusk|ability: Protosynthesis|[fromitem]
|-start|p2a: Great Tusk|protosynthesisatk
|-enditem|p1a: Behemoth|Booster Energy
|-activate|p1a: Behemoth|ability: Protosynthesis|[fromitem]
|-start|p1a: Behemoth|protosynthesisspe
|turn|18
|
|t:|1776084798
|move|p1a: Behemoth|Bulk Up|p1a: Behemoth
|-boost|p1a: Behemoth|atk|1
|-boost|p1a: Behemoth|def|1
|move|p2a: Great Tusk|Rapid Spin|p1a: Behemoth
|-damage|p1a: Behemoth|88/100
|-boost|p2a: Great Tusk|spe|1
|-sideend|p2: mamcackms|Spikes|[from] move: Rapid Spin|[of] p2a: Great Tusk
|
|upkeep
|turn|19
|
|t:|1776084804
|-end|p2a: Great Tusk|Protosynthesis|[silent]
|switch|p2a: Driftblimp|Drifblim, M|100/100
|move|p1a: Behemoth|Bulk Up|p1a: Behemoth
|-boost|p1a: Behemoth|atk|1
|-boost|p1a: Behemoth|def|1
|
|upkeep
|turn|20
|
|t:|1776084808
|move|p1a: Behemoth|Ice Spinner|p2a: Driftblimp
|-supereffective|p2a: Driftblimp
|-damage|p2a: Driftblimp|12/100
|-enditem|p2a: Driftblimp|Sitrus Berry|[eat]
|-heal|p2a: Driftblimp|37/100|[from] item: Sitrus Berry
|move|p2a: Driftblimp|Strength Sap|p1a: Behemoth
|-unboost|p1a: Behemoth|atk|1
|-heal|p2a: Driftblimp|100/100
|
|upkeep
|turn|21
|
|t:|1776084819
|-end|p1a: Behemoth|Protosynthesis|[silent]
|switch|p1a: Battleship|Dragapult, M|100/100
|-damage|p1a: Battleship|88/100|[from] Stealth Rock
|move|p2a: Driftblimp|Strength Sap||[still]
|-fail|p1a: Battleship|unboost|[from] ability: Clear Body|[of] p1a: Battleship
|-fail|p2a: Driftblimp
|
|upkeep
|turn|22
|
|t:|1776084823
|move|p2a: Driftblimp|Shadow Ball|p1a: Battleship
|-supereffective|p1a: Battleship
|-damage|p1a: Battleship|8/100
|move|p1a: Battleship|Shadow Ball|p2a: Driftblimp
|-supereffective|p2a: Driftblimp
|-damage|p2a: Driftblimp|14/100
|-damage|p1a: Battleship|0 fnt|[from] item: Life Orb
|faint|p1a: Battleship
|
|upkeep
|
|t:|1776084828
|switch|p1a: Chiseler|Weavile, F|100/100
|turn|23
|
|t:|1776084831
|move|p1a: Chiseler|Ice Shard|p2a: Driftblimp
|-supereffective|p2a: Driftblimp
|-damage|p2a: Driftblimp|0 fnt
|faint|p2a: Driftblimp
|
|upkeep
|
|t:|1776084835
|switch|p2a: Lokix|Lokix, F|100/100
|turn|24
|
|t:|1776084839
|switch|p1a: Behemoth|Great Tusk|88/100
|-damage|p1a: Behemoth|85/100|[from] Stealth Rock
|move|p2a: Lokix|First Impression|p1a: Behemoth
|-resisted|p1a: Behemoth
|-damage|p1a: Behemoth|50/100
|-damage|p2a: Lokix|91/100|[from] item: Life Orb
|
|upkeep
|turn|25
|
|t:|1776084842
|move|p2a: Lokix|U-turn|p1a: Behemoth
|-resisted|p1a: Behemoth
|-damage|p1a: Behemoth|27/100
|-damage|p2a: Lokix|81/100|[from] item: Life Orb
|
|t:|1776084844
|switch|p2a: Dudunsparce|Dudunsparce-Three-Segment, M|100/100|[from] U-turn
|move|p1a: Behemoth|Rapid Spin|p2a: Dudunsparce
|-damage|p2a: Dudunsparce|89/100
|-boost|p1a: Behemoth|spe|1
|-sideend|p1: lucario090515|Stealth Rock|[from] move: Rapid Spin|[of] p1a: Behemoth
|
|-heal|p2a: Dudunsparce|95/100|[from] item: Leftovers
|upkeep
|turn|26
|
|t:|1776084851
|move|p1a: Behemoth|Headlong Rush|p2a: Dudunsparce
|-damage|p2a: Dudunsparce|51/100
|-unboost|p1a: Behemoth|def|1
|-unboost|p1a: Behemoth|spd|1
|move|p2a: Dudunsparce|Glare|p1a: Behemoth
|-status|p1a: Behemoth|par
|
|-heal|p2a: Dudunsparce|58/100|[from] item: Leftovers
|upkeep
|turn|27
|
|t:|1776084854
|move|p1a: Behemoth|Headlong Rush|p2a: Dudunsparce
|-damage|p2a: Dudunsparce|14/100
|-unboost|p1a: Behemoth|def|1
|-unboost|p1a: Behemoth|spd|1
|move|p2a: Dudunsparce|Stealth Rock|p1a: Behemoth
|-sidestart|p1: lucario090515|move: Stealth Rock
|
|-heal|p2a: Dudunsparce|20/100|[from] item: Leftovers
|upkeep
|turn|28
|
|t:|1776084858
|move|p1a: Behemoth|Headlong Rush|p2a: Dudunsparce
|-damage|p2a: Dudunsparce|0 fnt
|-unboost|p1a: Behemoth|def|1
|-unboost|p1a: Behemoth|spd|1
|faint|p2a: Dudunsparce
|
|upkeep
|
|t:|1776084860
|switch|p2a: Lokix|Lokix, F|81/100
|turn|29
|
|t:|1776084863
|move|p2a: Lokix|U-turn|p1a: Behemoth
|-resisted|p1a: Behemoth
|-damage|p1a: Behemoth|0 fnt
|faint|p1a: Behemoth
|-end|p1a: Behemoth|Protosynthesis|[silent]
|-damage|p2a: Lokix|71/100|[from] item: Life Orb
|
|t:|1776084867
|switch|p2a: Great Tusk|Great Tusk|84/100|[from] U-turn
|
|upkeep
|
|t:|1776084869
|switch|p1a: Ino|Ogerpon-Wellspring, F|100/100
|-damage|p1a: Ino|88/100|[from] Stealth Rock
|turn|30
|
|t:|1776084872
|move|p1a: Ino|Ivy Cudgel|p2a: Great Tusk|[anim] Ivy Cudgel Water
|-supereffective|p2a: Great Tusk
|-damage|p2a: Great Tusk|0 fnt
|faint|p2a: Great Tusk
|-end|p2a: Great Tusk|Protosynthesis|[silent]
|
|upkeep
|
|t:|1776084873
|switch|p2a: Lokix|Lokix, F|71/100
|turn|31
|
|t:|1776084883
|-terastallize|p2a: Lokix|Bug
|move|p2a: Lokix|First Impression|p1a: Ino
|-supereffective|p1a: Ino
|-damage|p1a: Ino|0 fnt
|faint|p1a: Ino
|-damage|p2a: Lokix|61/100|[from] item: Life Orb
|
|upkeep
|
|t:|1776084886
|switch|p1a: Chiseler|Weavile, F|100/100
|turn|32
|
|t:|1776084889
|switch|p2a: Latias|Latias, F, shiny|100/100
|-terastallize|p1a: Chiseler|Poison
|move|p1a: Chiseler|Swords Dance|p1a: Chiseler
|-boost|p1a: Chiseler|atk|2
|
|upkeep
|turn|33
|
|t:|1776084892
|move|p1a: Chiseler|Knock Off|p2a: Latias
|-supereffective|p2a: Latias
|-damage|p2a: Latias|0 fnt
|-enditem|p2a: Latias|Leftovers|[from] move: Knock Off|[of] p1a: Chiseler
|faint|p2a: Latias
|
|upkeep
|
|t:|1776084894
|switch|p2a: Lokix|Lokix, F, tera:Bug|61/100
|turn|34
|
|t:|1776084896
|move|p2a: Lokix|First Impression|p1a: Chiseler
|-resisted|p1a: Chiseler
|-damage|p1a: Chiseler|0 fnt
|faint|p1a: Chiseler
|-damage|p2a: Lokix|51/100|[from] item: Life Orb
|
|win|mamcackms
|raw|lucario090515's rating: 1370 &rarr; <strong>1351</strong><br />(-19 for losing)
|raw|mamcackms's rating: 1382 &rarr; <strong>1401</strong><br />(+19 for winning)
|l|☆lucario090515
|player|p1|
|l|☆mamcackms
|player|p2|
