|html|<div class="broadcast-blue"><strong>[Gen 9] OU is currently suspecting Tera Blast! For information on how to participate check out the <a href="https://www.smogon.com/tools/suspects/view/200">suspect thread</a>.</strong></div>
|j|☆findamental
|j|☆la5495
|t:|1776064363
|gametype|singles
|player|p1|findamental|plasmagrunt|1313
|player|p2|la5495|ghetsis|1253
|gen|9
|tier|[Gen 9] OU
|rated|
|rule|HP Percentage Mod: HP is shown in percentages
|rule|Endless Battle Clause: Forcing endless battles is banned
|rule|Species Clause: Limit one of each Pokémon
|rule|OHKO Clause: OHKO moves are banned
|rule|Evasion Items Clause: Evasion items are banned
|rule|Evasion Moves Clause: Evasion moves are banned
|rule|Evasion Abilities Clause: Evasion abilities are banned
|rule|Sleep Moves Clause: Sleep-inducing moves are banned
|clearpoke
|poke|p1|Raikou|
|poke|p1|Entei|
|poke|p1|Regirock|
|poke|p1|Registeel|
|poke|p1|Regice|
|poke|p1|Suicune|
|poke|p2|Empoleon, M|
|poke|p2|Ogerpon, F|
|poke|p2|Kingambit, M|
|poke|p2|Cinderace, F|
|poke|p2|Ribombee, F|
|poke|p2|Gholdengo|
|teampreview
|c|☆findamental|glhf
|j| ohko_smeargle
|inactive|Battle timer is ON: inactive players will automatically lose when time's up. (requested by la5495)
|
|t:|1776064378
|teamsize|p1|6
|teamsize|p2|6
|start
|switch|p1a: Registeel|Registeel|100/100
|switch|p2a: Ribombee|Ribombee, F|100/100
|turn|1
|
|t:|1776064380
|move|p2a: Ribombee|Sticky Web|p1a: Registeel
|-sidestart|p1: findamental|move: Sticky Web
|move|p1a: Registeel|Charge Beam|p2a: Ribombee
|-damage|p2a: Ribombee|84/100
|-boost|p1a: Registeel|spa|1
|
|upkeep
|turn|2
|
|t:|1776064389
|move|p2a: Ribombee|Stun Spore|p1a: Registeel
|-status|p1a: Registeel|par
|move|p1a: Registeel|Charge Beam|p2a: Ribombee
|-damage|p2a: Ribombee|62/100
|-boost|p1a: Registeel|spa|1
|
|upkeep
|turn|3
|
|t:|1776064404
|move|p2a: Ribombee|Skill Swap|p1a: Registeel
|-activate|p2a: Ribombee|Skill Swap|Clear Body|Shield Dust|[of] p1a: Registeel
|move|p1a: Registeel|Charge Beam|p2a: Ribombee
|-damage|p2a: Ribombee|32/100
|-boost|p1a: Registeel|spa|1
|
|upkeep
|turn|4
|
|t:|1776064414
|move|p2a: Ribombee|Moonblast|p1a: Registeel
|-resisted|p1a: Registeel
|-damage|p1a: Registeel|94/100 par
|cant|p1a: Registeel|par
|
|upkeep
|turn|5
|
|t:|1776064424
|move|p2a: Ribombee|Moonblast|p1a: Registeel
|-resisted|p1a: Registeel
|-damage|p1a: Registeel|88/100 par
|move|p1a: Registeel|Charge Beam|p2a: Ribombee
|-damage|p2a: Ribombee|0 fnt
|-boost|p1a: Registeel|spa|1
|faint|p2a: Ribombee
|
|upkeep
|
|t:|1776064426
|switch|p2a: Cinderace|Cinderace, F|100/100
|turn|6
|
|t:|1776064443
|-terastallize|p1a: Registeel|Water
|move|p2a: Cinderace|Court Change|p2a: Cinderace
|-start|p2a: Cinderace|typechange|Normal|[from] ability: Libero
|-swapsideconditions
|-activate|p2a: Cinderace|move: Court Change
|cant|p1a: Registeel|par
|
|upkeep
|turn|7
|
|t:|1776064464
|move|p2a: Cinderace|Pyro Ball|p1a: Registeel
|-resisted|p1a: Registeel
|-crit|p1a: Registeel
|-damage|p1a: Registeel|71/100 par
|move|p1a: Registeel|Flash Cannon|p2a: Cinderace
|-damage|p2a: Cinderace|17/100
|
|upkeep
|turn|8
|
|t:|1776064474
|move|p2a: Cinderace|Pyro Ball|p1a: Registeel
|-resisted|p1a: Registeel
|-damage|p1a: Registeel|61/100 par
|move|p1a: Registeel|Charge Beam|p2a: Cinderace
|-damage|p2a: Cinderace|0 fnt
|-boost|p1a: Registeel|spa|1
|faint|p2a: Cinderace
|
|upkeep
|
|t:|1776064478
|switch|p2a: Ogerpon|Ogerpon, F|100/100
|-activate|p2a: Ogerpon|move: Sticky Web
|-unboost|p2a: Ogerpon|spe|1
|-ability|p2a: Ogerpon|Defiant|boost
|-boost|p2a: Ogerpon|atk|2
|turn|9
|
|t:|1776064486
|move|p2a: Ogerpon|Horn Leech|p1a: Registeel
|-supereffective|p1a: Registeel
|-damage|p1a: Registeel|0 fnt
|faint|p1a: Registeel
|
|upkeep
|
|t:|1776064494
|switch|p1a: Entei|Entei|100/100
|turn|10
|
|t:|1776064524
|switch|p1a: Diego|Raikou|100/100
|switch|p2a: Kingambit|Kingambit, M|100/100
|-activate|p2a: Kingambit|move: Sticky Web
|-unboost|p2a: Kingambit|spe|1
|-ability|p2a: Kingambit|Defiant|boost
|-boost|p2a: Kingambit|atk|2
|
|upkeep
|turn|11
|
|t:|1776064535
|move|p1a: Diego|Volt Switch|p2a: Kingambit
|-damage|p2a: Kingambit|72/100
|
|t:|1776064539
|switch|p1a: UN UN UN UN|Regirock|100/100|[from] Volt Switch
|move|p2a: Kingambit|Kowtow Cleave|p1a: UN UN UN UN
|-damage|p1a: UN UN UN UN|64/100
|
|-heal|p1a: UN UN UN UN|70/100|[from] item: Leftovers
|upkeep
|turn|12
|
|t:|1776064553
|switch|p2a: Ogerpon|Ogerpon, F|100/100
|-activate|p2a: Ogerpon|move: Sticky Web
|-unboost|p2a: Ogerpon|spe|1
|-ability|p2a: Ogerpon|Defiant|boost
|-boost|p2a: Ogerpon|atk|2
|move|p1a: UN UN UN UN|Sand Tomb|p2a: Ogerpon
|-resisted|p2a: Ogerpon
|-damage|p2a: Ogerpon|95/100
|-activate|p2a: Ogerpon|move: Sand Tomb|[of] p1a: UN UN UN UN
|
|-heal|p1a: UN UN UN UN|76/100|[from] item: Leftovers
|-damage|p2a: Ogerpon|82/100|[from] move: Sand Tomb|[partiallytrapped]
|upkeep
|turn|13
|
|t:|1776064565
|move|p2a: Ogerpon|Trailblaze|p1a: UN UN UN UN
|-supereffective|p1a: UN UN UN UN
|-damage|p1a: UN UN UN UN|38/100
|-boost|p2a: Ogerpon|spe|1
|move|p1a: UN UN UN UN|Body Press|p2a: Ogerpon
|-damage|p2a: Ogerpon|27/100
|
|-heal|p1a: UN UN UN UN|44/100|[from] item: Leftovers
|-damage|p2a: Ogerpon|15/100|[from] move: Sand Tomb|[partiallytrapped]
|upkeep
|turn|14
|
|t:|1776064582
|move|p2a: Ogerpon|Horn Leech|p1a: UN UN UN UN
|-supereffective|p1a: UN UN UN UN
|-damage|p1a: UN UN UN UN|0 fnt
|-heal|p2a: Ogerpon|42/100|[from] drain|[of] p1a: UN UN UN UN
|faint|p1a: UN UN UN UN
|
|-end|p2a: Ogerpon|Sand Tomb|[partiallytrapped]|[silent]
|upkeep
|
|t:|1776064585
|switch|p1a: Entei|Entei|100/100
|turn|15
|
|t:|1776064588
|switch|p2a: Kingambit|Kingambit, M|72/100
|-activate|p2a: Kingambit|move: Sticky Web
|-unboost|p2a: Kingambit|spe|1
|-ability|p2a: Kingambit|Defiant|boost
|-boost|p2a: Kingambit|atk|2
|move|p1a: Entei|Sacred Fire|p2a: Kingambit
|-supereffective|p2a: Kingambit
|-damage|p2a: Kingambit|0 fnt
|faint|p2a: Kingambit
|
|upkeep
|
|t:|1776064601
|switch|p2a: Empoleon|Empoleon, M|100/100
|-activate|p2a: Empoleon|move: Sticky Web
|-unboost|p2a: Empoleon|spe|1
|-ability|p2a: Empoleon|Competitive|boost
|-boost|p2a: Empoleon|spa|2
|turn|16
|
|t:|1776064625
|switch|p1a: Diego|Raikou|100/100
|move|p2a: Empoleon|Surf|p1a: Diego
|-damage|p1a: Diego|33/100
|
|upkeep
|turn|17
|
|t:|1776064655
|move|p2a: Empoleon|Vacuum Wave|p1a: Diego
|-damage|p1a: Diego|14/100
|move|p1a: Diego|Thunderbolt|p2a: Empoleon
|-supereffective|p2a: Empoleon
|-damage|p2a: Empoleon|52/100
|
|upkeep
|turn|18
|
|t:|1776064672
|switch|p1a: Suicune|Suicune|100/100
|-ability|p1a: Suicune|Pressure
|move|p2a: Empoleon|Surf|p1a: Suicune
|-resisted|p1a: Suicune
|-damage|p1a: Suicune|76/100
|
|-heal|p1a: Suicune|83/100|[from] item: Leftovers
|upkeep
|turn|19
|inactive|findamental has 120 seconds left.
|
|t:|1776064703
|switch|p2a: Gholdengo|Gholdengo|100/100
|-activate|p2a: Gholdengo|move: Sticky Web
|-unboost|p2a: Gholdengo|spe|1
|move|p1a: Suicune|Calm Mind|p1a: Suicune
|-boost|p1a: Suicune|spa|1
|-boost|p1a: Suicune|spd|1
|
|-heal|p1a: Suicune|89/100|[from] item: Leftovers
|upkeep
|turn|20
|
|t:|1776064711
|move|p1a: Suicune|Calm Mind|p1a: Suicune
|-boost|p1a: Suicune|spa|1
|-boost|p1a: Suicune|spd|1
|move|p2a: Gholdengo|Thunder Wave|p1a: Suicune
|-status|p1a: Suicune|par
|
|-heal|p1a: Suicune|95/100 par|[from] item: Leftovers
|upkeep
|turn|21
|inactive|findamental has 120 seconds left.
|
|t:|1776064720
|move|p2a: Gholdengo|Hex|p1a: Suicune
|-damage|p1a: Suicune|75/100 par
|move|p1a: Suicune|Ice Beam|p2a: Gholdengo
|-resisted|p2a: Gholdengo
|-damage|p2a: Gholdengo|76/100
|
|-heal|p2a: Gholdengo|82/100|[from] item: Leftovers
|-heal|p1a: Suicune|81/100 par|[from] item: Leftovers
|upkeep
|turn|22
|
|t:|1776064740
|switch|p2a: Ogerpon|Ogerpon, F|42/100
|-activate|p2a: Ogerpon|move: Sticky Web
|-unboost|p2a: Ogerpon|spe|1
|-ability|p2a: Ogerpon|Defiant|boost
|-boost|p2a: Ogerpon|atk|2
|move|p1a: Suicune|Scald|p2a: Ogerpon
|-resisted|p2a: Ogerpon
|-damage|p2a: Ogerpon|3/100
|
|-heal|p1a: Suicune|87/100 par|[from] item: Leftovers
|upkeep
|turn|23
|
|t:|1776064758
|switch|p1a: Diego|Raikou|14/100
|-terastallize|p2a: Ogerpon|Grass
|detailschange|p2a: Ogerpon|Ogerpon-Teal-Tera, F, tera:Grass
|-ability|p2a: Ogerpon|Embody Aspect (Teal)|boost
|-boost|p2a: Ogerpon|spe|1
|move|p2a: Ogerpon|Horn Leech|p1a: Diego
|-damage|p1a: Diego|0 fnt
|-heal|p2a: Ogerpon|10/100|[from] drain|[of] p1a: Diego
|faint|p1a: Diego
|
|upkeep
|
|t:|1776064764
|switch|p1a: Entei|Entei|100/100
|turn|24
|
|t:|1776064770
|move|p1a: Entei|Sacred Fire|p2a: Ogerpon
|-supereffective|p2a: Ogerpon
|-damage|p2a: Ogerpon|0 fnt
|faint|p2a: Ogerpon
|detailschange|p2: Ogerpon|Ogerpon, F|[silent]
|
|upkeep
|
|t:|1776064773
|switch|p2a: Empoleon|Empoleon, M|52/100
|-activate|p2a: Empoleon|move: Sticky Web
|-unboost|p2a: Empoleon|spe|1
|-ability|p2a: Empoleon|Competitive|boost
|-boost|p2a: Empoleon|spa|2
|turn|25
|
|t:|1776064792
|switch|p1a: Suicune|Suicune|87/100 par
|-ability|p1a: Suicune|Pressure
|move|p2a: Empoleon|Surf|p1a: Suicune
|-resisted|p1a: Suicune
|-damage|p1a: Suicune|63/100 par
|
|-heal|p1a: Suicune|70/100 par|[from] item: Leftovers
|upkeep
|turn|26
|l|☆la5495
|inactive|la5495 disconnected and has a minute to reconnect!
|player|p2|
|inactive|la5495 has 30 seconds to reconnect!
|inactive|la5495 has 20 seconds to reconnect!
|j|☆la5495
|inactive|la5495 reconnected and has 95 seconds left.
|player|p2|la5495|ghetsis|
|inactive|la5495 has 90 seconds left.
|
|t:|1776064864
|cant|p1a: Suicune|par
|move|p2a: Empoleon|Tera Blast|p1a: Suicune
|-damage|p1a: Suicune|38/100 par
|
|-heal|p1a: Suicune|44/100 par|[from] item: Leftovers
|upkeep
|turn|27
|inactive|findamental has 120 seconds left.
|
|t:|1776064920
|move|p2a: Empoleon|Tera Blast|p1a: Suicune
|-damage|p1a: Suicune|15/100 par
|move|p1a: Suicune|Mirror Coat|p2a: Empoleon
|-damage|p2a: Empoleon|0 fnt
|faint|p2a: Empoleon
|
|-heal|p1a: Suicune|21/100 par|[from] item: Leftovers
|upkeep
|
|t:|1776064930
|switch|p2a: Gholdengo|Gholdengo|82/100
|-activate|p2a: Gholdengo|move: Sticky Web
|-unboost|p2a: Gholdengo|spe|1
|turn|28
|
|t:|1776064949
|move|p2a: Gholdengo|Hex|p1a: Suicune
|-damage|p1a: Suicune|0 fnt
|faint|p1a: Suicune
|
|-heal|p2a: Gholdengo|88/100|[from] item: Leftovers
|upkeep
|
|t:|1776064956
|switch|p1a: Entei|Entei|100/100
|turn|29
|
|t:|1776064959
|move|p1a: Entei|Sacred Fire|p2a: Gholdengo
|-supereffective|p2a: Gholdengo
|-damage|p2a: Gholdengo|16/100
|move|p2a: Gholdengo|Thunder Wave|p1a: Entei
|-status|p1a: Entei|par
|
|-heal|p2a: Gholdengo|22/100|[from] item: Leftovers
|upkeep
|turn|30
|
|t:|1776064964
|move|p1a: Entei|Sacred Fire|p2a: Gholdengo
|-supereffective|p2a: Gholdengo
|-damage|p2a: Gholdengo|0 fnt
|faint|p2a: Gholdengo
|
|win|findamental
|raw|findamental's rating: 1313 &rarr; <strong>1330</strong><br />(+17 for winning)
|raw|la5495's rating: 1253 &rarr; <strong>1232</strong><br />(-21 for losing)
|l| ohko_smeargle
|c|☆findamental|gg
|l|☆la5495
|player|p2|
|l|☆findamental
|player|p1|
