|html|<div class="broadcast-blue"><strong>[Gen 9] OU is currently suspecting Tera Blast! For information on how to participate check out the <a href="https://www.smogon.com/tools/suspects/view/200">suspect thread</a>.</strong></div>
|j|☆bringme the late
|j|☆sheisticle crash
|t:|1776287833
|gametype|singles
|player|p1|bringme the late|blue-gen7|1596
|player|p2|sheisticle crash|170|1740
|gen|9
|tier|[Gen 9] OU
|rated|
|rule|HP Percentage Mod: HP is shown in percentages
|rule|Endless Battle Clause: Forcing endless battles is banned
|rule|Species Clause: Limit one of each Pokémon
|rule|OHKO Clause: OHKO moves are banned
|rule|Evasion Items Clause: Evasion items are banned
|rule|Evasion Moves Clause: Evasion moves are banned
|rule|Evasion Abilities Clause: Evasion abilities are banned
|rule|Sleep Moves Clause: Sleep-inducing moves are banned
|clearpoke
|poke|p1|Indeedee, M|
|poke|p1|Hatterene, F|
|poke|p1|Ursaluna, F|
|poke|p1|Iron Hands|
|poke|p1|Hoopa-Unbound|
|poke|p1|Mimikyu, F|
|poke|p2|Garganacl, F|
|poke|p2|Dragapult, M|
|poke|p2|Ogerpon-Wellspring, F|
|poke|p2|Zapdos|
|poke|p2|Zamazenta-*|
|poke|p2|Iron Treads|
|teampreview
|
|t:|1776287846
|teamsize|p1|6
|teamsize|p2|6
|start
|switch|p1a: Subaru|Indeedee, M, shiny|100/100
|switch|p2a: Ogerpon|Ogerpon-Wellspring, F|100/100
|-fieldstart|move: Psychic Terrain|[from] ability: Psychic Surge|[of] p1a: Subaru
|turn|1
|
|t:|1776287883
|move|p2a: Ogerpon|U-turn|p1a: Subaru
|-supereffective|p1a: Subaru
|-damage|p1a: Subaru|42/100
|
|t:|1776287887
|switch|p2a: Iron Treads|Iron Treads|100/100|[from] U-turn
|move|p1a: Subaru|Trick Room|p1a: Subaru
|-fieldstart|move: Trick Room|[of] p1a: Subaru
|
|upkeep
|turn|2
|inactive|Battle timer is ON: inactive players will automatically lose when time's up. (requested by sheisticle crash)
|
|t:|1776287908
|switch|p1a: Satella|Hatterene, F, shiny|100/100
|move|p2a: Iron Treads|Knock Off|p1a: Satella
|-damage|p1a: Satella|73/100
|-enditem|p1a: Satella|Life Orb|[from] move: Knock Off|[of] p2a: Iron Treads
|
|upkeep
|turn|3
|
|t:|1776287919
|-end|p2a: Iron Treads|Quark Drive|[silent]
|switch|p2a: Garganacl|Garganacl, F|100/100
|move|p1a: Satella|Expanding Force|p2a: Garganacl
|-damage|p2a: Garganacl|35/100
|
|-heal|p2a: Garganacl|41/100|[from] item: Leftovers
|upkeep
|turn|4
|
|t:|1776287944
|switch|p2a: Iron Treads|Iron Treads|100/100
|move|p1a: Satella|Expanding Force|p2a: Iron Treads
|-resisted|p2a: Iron Treads
|-damage|p2a: Iron Treads|62/100
|
|-heal|p2a: Iron Treads|69/100|[from] item: Leftovers
|upkeep
|turn|5
|
|t:|1776287959
|-end|p2a: Iron Treads|Quark Drive|[silent]
|switch|p2a: Dragapult|Dragapult, M|100/100
|move|p1a: Satella|Mystical Fire|p2a: Dragapult
|-resisted|p2a: Dragapult
|-damage|p2a: Dragapult|80/100
|-unboost|p2a: Dragapult|spa|1
|
|-fieldend|move: Trick Room
|upkeep
|turn|6
|
|t:|1776287973
|switch|p1a: 5 Nights in TR|Ursaluna, F, shiny|100/100
|move|p2a: Dragapult|U-turn|p1a: 5 Nights in TR
|-damage|p1a: 5 Nights in TR|88/100
|
|t:|1776287978
|switch|p2a: Ogerpon|Ogerpon-Wellspring, F|100/100|[from] U-turn
|
|-status|p1a: 5 Nights in TR|brn|[from] item: Flame Orb
|upkeep
|turn|7
|
|t:|1776287993
|switch|p1a: LEBRON|Iron Hands|100/100
|-enditem|p1a: LEBRON|Booster Energy
|-activate|p1a: LEBRON|ability: Quark Drive|[fromitem]
|-start|p1a: LEBRON|quarkdriveatk
|-terastallize|p2a: Ogerpon|Water
|detailschange|p2a: Ogerpon|Ogerpon-Wellspring-Tera, F, tera:Water
|-ability|p2a: Ogerpon|Embody Aspect (Wellspring)|boost
|-boost|p2a: Ogerpon|spd|1
|move|p2a: Ogerpon|Ivy Cudgel|p1a: LEBRON|[anim] Ivy Cudgel Water
|-crit|p1a: LEBRON
|-damage|p1a: LEBRON|17/100
|
|upkeep
|turn|8
|
|t:|1776288003
|move|p2a: Ogerpon|Ivy Cudgel|p1a: LEBRON|[anim] Ivy Cudgel Water
|-damage|p1a: LEBRON|0 fnt
|faint|p1a: LEBRON
|-end|p1a: LEBRON|Quark Drive|[silent]
|
|-fieldend|move: Psychic Terrain
|upkeep
|
|t:|1776288008
|switch|p1a: Subaru|Indeedee, M, shiny|42/100
|-fieldstart|move: Psychic Terrain|[from] ability: Psychic Surge|[of] p1a: Subaru
|turn|9
|
|t:|1776288012
|move|p2a: Ogerpon|Ivy Cudgel|p1a: Subaru|[anim] Ivy Cudgel Water
|-damage|p1a: Subaru|0 fnt
|faint|p1a: Subaru
|
|upkeep
|
|t:|1776288014
|switch|p1a: Mimi|Mimikyu, F, shiny|100/100
|turn|10
|inactive|sheisticle crash has 120 seconds left.
|
|t:|1776288058
|move|p2a: Ogerpon|U-turn|p1a: Mimi
|-activate|p1a: Mimi|ability: Disguise
|-damage|p1a: Mimi|100/100
|detailschange|p1a: Mimi|Mimikyu-Busted, F, shiny
|-damage|p1a: Mimi|88/100|[from] pokemon: Mimikyu-Busted
|-enditem|p1a: Mimi|Red Card|[of] p2a: Ogerpon
|drag|p2a: Dragapult|Dragapult, M|80/100
|move|p1a: Mimi|Trick Room|p1a: Mimi
|-fieldstart|move: Trick Room|[of] p1a: Mimi
|
|upkeep
|turn|11
|
|t:|1776288070
|switch|p1a: 5 Nights in TR|Ursaluna, F, shiny|88/100 brn
|switch|p2a: Garganacl|Garganacl, F|41/100
|
|-heal|p2a: Garganacl|47/100|[from] item: Leftovers
|-damage|p1a: 5 Nights in TR|82/100 brn|[from] brn
|upkeep
|turn|12
|
|t:|1776288079
|switch|p2a: Zapdos|Zapdos|100/100
|move|p1a: 5 Nights in TR|Facade|p2a: Zapdos
|-damage|p2a: Zapdos|13/100
|
|-damage|p1a: 5 Nights in TR|76/100 brn|[from] brn
|upkeep
|turn|13
|inactive|sheisticle crash has 120 seconds left.
|
|t:|1776288089
|switch|p2a: Garganacl|Garganacl, F|47/100
|move|p1a: 5 Nights in TR|Ice Punch|p2a: Garganacl
|-damage|p2a: Garganacl|17/100
|
|-heal|p2a: Garganacl|24/100|[from] item: Leftovers
|-damage|p1a: 5 Nights in TR|70/100 brn|[from] brn
|upkeep
|turn|14
|inactive|sheisticle crash has 120 seconds left.
|
|t:|1776288102
|move|p2a: Garganacl|Body Press|p1a: 5 Nights in TR
|-supereffective|p1a: 5 Nights in TR
|-damage|p1a: 5 Nights in TR|39/100 brn
|move|p1a: 5 Nights in TR|Ice Punch|p2a: Garganacl
|-damage|p2a: Garganacl|0 fnt
|faint|p2a: Garganacl
|
|-damage|p1a: 5 Nights in TR|33/100 brn|[from] brn
|-fieldend|move: Trick Room
|upkeep
|
|t:|1776288105
|switch|p2a: Ogerpon|Ogerpon-Wellspring-Tera, F, tera:Water|100/100
|-ability|p2a: Ogerpon|Embody Aspect (Wellspring)|boost
|-boost|p2a: Ogerpon|spd|1
|turn|15
|
|t:|1776288135
|move|p2a: Ogerpon|Ivy Cudgel|p1a: 5 Nights in TR|[anim] Ivy Cudgel Water
|-supereffective|p1a: 5 Nights in TR
|-damage|p1a: 5 Nights in TR|0 fnt
|faint|p1a: 5 Nights in TR
|
|upkeep
|
|t:|1776288136
|switch|p1a: King Von|Hoopa-Unbound|100/100
|-enditem|p1a: King Von|Psychic Seed
|-boost|p1a: King Von|spd|1|[from] item: Psychic Seed
|turn|16
|
|t:|1776288161
|-terastallize|p1a: King Von|Psychic
|move|p2a: Ogerpon|U-turn|p1a: King Von
|-supereffective|p1a: King Von
|-damage|p1a: King Von|34/100
|
|t:|1776288167
|switch|p2a: Zapdos|Zapdos|13/100|[from] U-turn
|move|p1a: King Von|Trick Room|p1a: King Von
|-fieldstart|move: Trick Room|[of] p1a: King Von
|
|-fieldend|move: Psychic Terrain
|upkeep
|turn|17
|
|t:|1776288179
|move|p1a: King Von|Expanding Force|p2a: Zapdos
|-damage|p2a: Zapdos|0 fnt
|faint|p2a: Zapdos
|-item|p1a: King Von|Heavy-Duty Boots|[from] ability: Magician|[of] p2: Zapdos
|
|upkeep
|inactive|sheisticle crash has 120 seconds left.
|
|t:|1776288212
|switch|p2a: Ogerpon|Ogerpon-Wellspring-Tera, F, tera:Water|100/100
|-ability|p2a: Ogerpon|Embody Aspect (Wellspring)|boost
|-boost|p2a: Ogerpon|spd|1
|turn|18
|
|t:|1776288230
|switch|p2a: Iron Treads|Iron Treads|69/100
|move|p1a: King Von|Hyperspace Fury|p2a: Iron Treads
|-damage|p2a: Iron Treads|27/100
|-unboost|p1a: King Von|def|1
|
|-heal|p2a: Iron Treads|34/100|[from] item: Leftovers
|upkeep
|turn|19
|
|t:|1776288240
|move|p1a: King Von|Hyperspace Fury|p2a: Iron Treads
|-damage|p2a: Iron Treads|0 fnt
|-unboost|p1a: King Von|def|1
|faint|p2a: Iron Treads
|-end|p2a: Iron Treads|Quark Drive|[silent]
|
|upkeep
|
|t:|1776288244
|switch|p2a: Dragapult|Dragapult, M|80/100
|turn|20
|
|t:|1776288249
|switch|p2a: Zamazenta|Zamazenta|100/100
|-ability|p2a: Zamazenta|Dauntless Shield|boost
|-boost|p2a: Zamazenta|def|1
|move|p1a: King Von|Expanding Force|p2a: Zamazenta
|-supereffective|p2a: Zamazenta
|-damage|p2a: Zamazenta|0 fnt
|faint|p2a: Zamazenta
|
|-fieldend|move: Trick Room
|upkeep
|
|t:|1776288251
|switch|p2a: Ogerpon|Ogerpon-Wellspring-Tera, F, tera:Water|100/100
|-ability|p2a: Ogerpon|Embody Aspect (Wellspring)|boost
|-boost|p2a: Ogerpon|spd|1
|turn|21
|
|t:|1776288254
|move|p2a: Ogerpon|Ivy Cudgel|p1a: King Von|[anim] Ivy Cudgel Water
|-damage|p1a: King Von|0 fnt
|faint|p1a: King Von
|
|upkeep
|
|t:|1776288259
|switch|p1a: Mimi|Mimikyu-Busted, F, shiny|88/100
|turn|22
|
|t:|1776288262
|move|p2a: Ogerpon|Ivy Cudgel|p1a: Mimi|[anim] Ivy Cudgel Water
|-crit|p1a: Mimi
|-damage|p1a: Mimi|0 fnt
|faint|p1a: Mimi
|
|upkeep
|
|t:|1776288270
|switch|p1a: Satella|Hatterene, F, shiny|73/100
|turn|23
|
|t:|1776288273
|move|p2a: Ogerpon|Ivy Cudgel|p1a: Satella|[anim] Ivy Cudgel Water
|-damage|p1a: Satella|0 fnt
|faint|p1a: Satella
|
|win|sheisticle crash
|raw|bringme the late's rating: 1612 &rarr; <strong>1599</strong><br />(-13 for losing)
|raw|sheisticle crash's rating: 1740 &rarr; <strong>1753</strong><br />(+13 for winning)
