|html|<div class="broadcast-blue"><strong>[Gen 9] OU is currently suspecting Tera Blast! For information on how to participate check out the <a href="https://www.smogon.com/tools/suspects/view/200">suspect thread</a>.</strong></div>
|j|☆meio_potato
|j|☆Luceo
|t:|1776113797
|gametype|singles
|player|p1|meio_potato|hilda-wonderlauncher|1585
|player|p2|Luceo|cynthia-masters4|1665
|gen|9
|tier|[Gen 9] OU
|rated|
|rule|HP Percentage Mod: HP is shown in percentages
|rule|Endless Battle Clause: Forcing endless battles is banned
|rule|Species Clause: Limit one of each Pokémon
|rule|OHKO Clause: OHKO moves are banned
|rule|Evasion Items Clause: Evasion items are banned
|rule|Evasion Moves Clause: Evasion moves are banned
|rule|Evasion Abilities Clause: Evasion abilities are banned
|rule|Sleep Moves Clause: Sleep-inducing moves are banned
|clearpoke
|poke|p1|Latias, F|
|poke|p1|Polteageist|
|poke|p1|Zamazenta-*|
|poke|p1|Kingambit, M|
|poke|p1|Ogerpon-Wellspring, F|
|poke|p1|Iron Moth|
|poke|p2|Hoopa-Unbound|
|poke|p2|Clefable, F|
|poke|p2|Great Tusk|
|poke|p2|Cinderace, F|
|poke|p2|Dragonite, M|
|poke|p2|Slowking-Galar, M|
|teampreview
|inactive|Battle timer is ON: inactive players will automatically lose when time's up. (requested by Luceo)
|inactive|meio_potato also wants the timer to be on.
|
|t:|1776113809
|teamsize|p1|6
|teamsize|p2|6
|start
|switch|p1a: Latias|Latias, F|100/100
|switch|p2a: Clefable|Clefable, F|100/100
|turn|1
|
|t:|1776113815
|move|p1a: Latias|Calm Mind|p1a: Latias
|-boost|p1a: Latias|spa|1
|-boost|p1a: Latias|spd|1
|move|p2a: Clefable|Thunder Wave|p1a: Latias
|-status|p1a: Latias|par
|
|upkeep
|turn|2
|
|t:|1776113820
|move|p2a: Clefable|Stealth Rock|p1a: Latias
|-sidestart|p1: meio_potato|move: Stealth Rock
|move|p1a: Latias|Agility|p1a: Latias
|-boost|p1a: Latias|spe|2
|
|upkeep
|turn|3
|
|t:|1776113826
|switch|p2a: Hoopa|Hoopa-Unbound|100/100
|move|p1a: Latias|Calm Mind|p1a: Latias
|-boost|p1a: Latias|spa|1
|-boost|p1a: Latias|spd|1
|
|upkeep
|turn|4
|
|t:|1776113831
|-terastallize|p1a: Latias|Fairy
|move|p1a: Latias|Draining Kiss|p2a: Hoopa
|-supereffective|p2a: Hoopa
|-damage|p2a: Hoopa|48/100
|move|p2a: Hoopa|Knock Off|p1a: Latias
|-resisted|p1a: Latias
|-damage|p1a: Latias|77/100 par
|-enditem|p1a: Latias|Weakness Policy|[from] move: Knock Off|[of] p2a: Hoopa
|
|upkeep
|turn|5
|
|t:|1776113836
|switch|p2a: Slowking|Slowking-Galar, M|100/100
|cant|p1a: Latias|par
|
|upkeep
|turn|6
|
|t:|1776113840
|move|p1a: Latias|Agility|p1a: Latias
|-boost|p1a: Latias|spe|2
|move|p2a: Slowking|Sludge Bomb|p1a: Latias
|-supereffective|p1a: Latias
|-damage|p1a: Latias|47/100 par
|
|upkeep
|turn|7
|
|t:|1776113846
|move|p1a: Latias|Stored Power|p2a: Slowking
|-damage|p2a: Slowking|18/100
|move|p2a: Slowking|Sludge Bomb|p1a: Latias
|-supereffective|p1a: Latias
|-damage|p1a: Latias|17/100 par
|
|upkeep
|turn|8
|
|t:|1776113858
|switch|p2a: Dragonite|Dragonite, M|100/100
|move|p1a: Latias|Stored Power|p2a: Dragonite
|-crit|p2a: Dragonite
|-damage|p2a: Dragonite|0 fnt
|faint|p2a: Dragonite
|
|upkeep
|
|t:|1776113870
|switch|p2a: Cinderace|Cinderace, F|100/100
|turn|9
|
|t:|1776113875
|cant|p1a: Latias|par
|move|p2a: Cinderace|Pyro Ball|p1a: Latias
|-damage|p1a: Latias|0 fnt
|faint|p1a: Latias
|
|upkeep
|
|t:|1776113890
|switch|p1a: Ogerpon|Ogerpon-Wellspring, F|100/100
|-damage|p1a: Ogerpon|88/100|[from] Stealth Rock
|turn|10
|
|t:|1776113898
|move|p2a: Cinderace|Will-O-Wisp|p1a: Ogerpon
|-status|p1a: Ogerpon|brn
|move|p1a: Ogerpon|Knock Off|p2a: Cinderace
|-damage|p2a: Cinderace|76/100
|-enditem|p2a: Cinderace|Heavy-Duty Boots|[from] move: Knock Off|[of] p1a: Ogerpon
|
|-damage|p1a: Ogerpon|82/100 brn|[from] brn
|upkeep
|turn|11
|
|t:|1776113905
|move|p2a: Cinderace|U-turn|p1a: Ogerpon
|-supereffective|p1a: Ogerpon
|-damage|p1a: Ogerpon|36/100 brn
|
|t:|1776113908
|switch|p2a: Clefable|Clefable, F|100/100|[from] U-turn
|move|p1a: Ogerpon|Ivy Cudgel|p2a: Clefable|[anim] Ivy Cudgel Water
|-crit|p2a: Clefable
|-damage|p2a: Clefable|69/100
|
|-heal|p2a: Clefable|75/100|[from] item: Leftovers
|-damage|p1a: Ogerpon|30/100 brn|[from] brn
|upkeep
|turn|12
|
|t:|1776113917
|move|p1a: Ogerpon|Knock Off|p2a: Clefable
|-resisted|p2a: Clefable
|-damage|p2a: Clefable|68/100
|-enditem|p2a: Clefable|Leftovers|[from] move: Knock Off|[of] p1a: Ogerpon
|move|p2a: Clefable|Moonblast|p1a: Ogerpon
|-damage|p1a: Ogerpon|0 fnt
|faint|p1a: Ogerpon
|
|upkeep
|
|t:|1776113923
|switch|p1a: Kingambit|Kingambit, M|100/100
|-damage|p1a: Kingambit|94/100|[from] Stealth Rock
|turn|13
|
|t:|1776113926
|switch|p2a: Great Tusk|Great Tusk|100/100
|move|p1a: Kingambit|Swords Dance|p1a: Kingambit
|-boost|p1a: Kingambit|atk|2
|
|-heal|p1a: Kingambit|100/100|[from] item: Leftovers
|upkeep
|turn|14
|
|t:|1776113930
|move|p2a: Great Tusk|Close Combat|p1a: Kingambit
|-supereffective|p1a: Kingambit
|-damage|p1a: Kingambit|0 fnt
|-unboost|p2a: Great Tusk|def|1
|-unboost|p2a: Great Tusk|spd|1
|faint|p1a: Kingambit
|
|upkeep
|
|t:|1776113933
|switch|p1a: Zamazenta|Zamazenta|100/100
|-damage|p1a: Zamazenta|94/100|[from] Stealth Rock
|-ability|p1a: Zamazenta|Dauntless Shield|boost
|-boost|p1a: Zamazenta|def|1
|turn|15
|
|t:|1776113939
|-end|p2a: Great Tusk|Protosynthesis|[silent]
|switch|p2a: Clefable|Clefable, F|68/100
|move|p1a: Zamazenta|Iron Defense|p1a: Zamazenta
|-boost|p1a: Zamazenta|def|2
|
|-heal|p1a: Zamazenta|100/100|[from] item: Leftovers
|upkeep
|turn|16
|
|t:|1776113944
|move|p1a: Zamazenta|Body Press|p2a: Clefable
|-resisted|p2a: Clefable
|-damage|p2a: Clefable|39/100
|move|p2a: Clefable|Thunder Wave|p1a: Zamazenta|[miss]
|-miss|p2a: Clefable|p1a: Zamazenta
|
|upkeep
|turn|17
|
|t:|1776113950
|move|p1a: Zamazenta|Body Press|p2a: Clefable
|-resisted|p2a: Clefable
|-damage|p2a: Clefable|7/100
|move|p2a: Clefable|Moonlight|p2a: Clefable
|-heal|p2a: Clefable|57/100
|
|upkeep
|turn|18
|
|t:|1776113952
|move|p1a: Zamazenta|Body Press|p2a: Clefable
|-resisted|p2a: Clefable
|-damage|p2a: Clefable|27/100
|move|p2a: Clefable|Thunder Wave|p1a: Zamazenta
|-status|p1a: Zamazenta|par
|
|upkeep
|turn|19
|
|t:|1776113964
|move|p1a: Zamazenta|Body Press|p2a: Clefable
|-resisted|p2a: Clefable
|-crit|p2a: Clefable
|-damage|p2a: Clefable|0 fnt
|faint|p2a: Clefable
|
|upkeep
|
|t:|1776113973
|switch|p2a: Slowking|Slowking-Galar, M|51/100
|turn|20
|
|t:|1776113975
|move|p1a: Zamazenta|Crunch|p2a: Slowking
|-supereffective|p2a: Slowking
|-damage|p2a: Slowking|0 fnt
|faint|p2a: Slowking
|
|upkeep
|
|t:|1776113978
|switch|p2a: Cinderace|Cinderace, F|76/100
|turn|21
|
|t:|1776113984
|move|p2a: Cinderace|Pyro Ball|p1a: Zamazenta
|-damage|p1a: Zamazenta|82/100 par
|move|p1a: Zamazenta|Body Press|p2a: Cinderace
|-damage|p2a: Cinderace|0 fnt
|faint|p2a: Cinderace
|
|-heal|p1a: Zamazenta|88/100 par|[from] item: Leftovers
|upkeep
|
|t:|1776113986
|switch|p2a: Great Tusk|Great Tusk|100/100
|turn|22
|
|t:|1776113996
|move|p2a: Great Tusk|Headlong Rush|p1a: Zamazenta
|-damage|p1a: Zamazenta|65/100 par
|-unboost|p2a: Great Tusk|def|1
|-unboost|p2a: Great Tusk|spd|1
|move|p1a: Zamazenta|Iron Defense|p1a: Zamazenta
|-boost|p1a: Zamazenta|def|2
|
|-heal|p1a: Zamazenta|71/100 par|[from] item: Leftovers
|upkeep
|turn|23
|
|t:|1776114006
|move|p2a: Great Tusk|Headlong Rush|p1a: Zamazenta
|-crit|p1a: Zamazenta
|-damage|p1a: Zamazenta|0 fnt
|-unboost|p2a: Great Tusk|def|1
|-unboost|p2a: Great Tusk|spd|1
|faint|p1a: Zamazenta
|
|upkeep
|
|t:|1776114011
|switch|p1a: Iron Moth|Iron Moth|100/100
|-damage|p1a: Iron Moth|76/100|[from] Stealth Rock
|turn|24
|
|t:|1776114037
|-end|p2a: Great Tusk|Protosynthesis|[silent]
|switch|p2a: Hoopa|Hoopa-Unbound|48/100
|move|p1a: Iron Moth|Fiery Dance|p2a: Hoopa
|-damage|p2a: Hoopa|27/100
|-boost|p1a: Iron Moth|spa|1
|
|upkeep
|turn|25
|
|t:|1776114044
|move|p1a: Iron Moth|Fiery Dance|p2a: Hoopa
|-damage|p2a: Hoopa|0 fnt
|-boost|p1a: Iron Moth|spa|1
|faint|p2a: Hoopa
|
|upkeep
|
|t:|1776114046
|switch|p2a: Great Tusk|Great Tusk|100/100
|turn|26
|
|t:|1776114051
|move|p1a: Iron Moth|Energy Ball|p2a: Great Tusk
|-supereffective|p2a: Great Tusk
|-damage|p2a: Great Tusk|0 fnt
|faint|p2a: Great Tusk
|-end|p2a: Great Tusk|Protosynthesis|[silent]
|
|win|meio_potato
|raw|meio_potato's rating: 1585 &rarr; <strong>1610</strong><br />(+25 for winning)
|raw|Luceo's rating: 1665 &rarr; <strong>1640</strong><br />(-25 for losing)
|l|☆meio_potato
|player|p1|
|l|☆Luceo
|player|p2|
