|html|<div class="broadcast-blue"><strong>[Gen 9] OU is currently suspecting Tera Blast! For information on how to participate check out the <a href="https://www.smogon.com/tools/suspects/view/200">suspect thread</a>.</strong></div>
|j|☆zapplabob
|j|☆soulesstm303
|t:|1776045485
|gametype|singles
|player|p1|zapplabob|skier|1466
|player|p2|soulesstm303|dawn|1445
|gen|9
|tier|[Gen 9] OU
|rated|
|rule|HP Percentage Mod: HP is shown in percentages
|rule|Endless Battle Clause: Forcing endless battles is banned
|rule|Species Clause: Limit one of each Pokémon
|rule|OHKO Clause: OHKO moves are banned
|rule|Evasion Items Clause: Evasion items are banned
|rule|Evasion Moves Clause: Evasion moves are banned
|rule|Evasion Abilities Clause: Evasion abilities are banned
|rule|Sleep Moves Clause: Sleep-inducing moves are banned
|clearpoke
|poke|p1|Skeledirge, M|
|poke|p1|Ogerpon-Wellspring, F|
|poke|p1|Dragapult, M|
|poke|p1|Weezing-Galar, F|
|poke|p1|Ting-Lu|
|poke|p1|Corviknight, F|
|poke|p2|Veluza, F|
|poke|p2|Indeedee, M|
|poke|p2|Maushold|
|poke|p2|Hawlucha, M|
|poke|p2|Hatterene, F|
|poke|p2|Polteageist|
|teampreview
|inactive|Battle timer is ON: inactive players will automatically lose when time's up. (requested by zapplabob)
|
|t:|1776045498
|teamsize|p1|6
|teamsize|p2|6
|start
|switch|p1a: FUCK|Ogerpon-Wellspring, F|100/100
|switch|p2a: Indeedee|Indeedee, M|100/100
|-fieldstart|move: Psychic Terrain|[from] ability: Psychic Surge|[of] p2a: Indeedee
|turn|1
|
|t:|1776045503
|switch|p2a: Hatterene|Hatterene, F|100/100
|move|p1a: FUCK|Knock Off|p2a: Hatterene
|-damage|p2a: Hatterene|63/100
|-enditem|p2a: Hatterene|Eject Button|[from] move: Knock Off|[of] p1a: FUCK
|
|upkeep
|turn|2
|inactive|zapplabob has 120 seconds left.
|inactive|zapplabob has 90 seconds left.
|
|t:|1776045570
|-terastallize|p1a: FUCK|Water
|detailschange|p1a: FUCK|Ogerpon-Wellspring-Tera, F, tera:Water
|-ability|p1a: FUCK|Embody Aspect (Wellspring)|boost
|-boost|p1a: FUCK|spd|1
|move|p1a: FUCK|Ivy Cudgel|p2a: Hatterene|[anim] Ivy Cudgel Water
|-damage|p2a: Hatterene|0 fnt
|faint|p2a: Hatterene
|
|upkeep
|
|t:|1776045578
|switch|p2a: Hawlucha|Hawlucha, M|100/100
|-enditem|p2a: Hawlucha|Psychic Seed
|-boost|p2a: Hawlucha|spd|1|[from] item: Psychic Seed
|turn|3
|
|t:|1776045586
|move|p2a: Hawlucha|Swords Dance|p2a: Hawlucha
|-boost|p2a: Hawlucha|atk|2
|move|p1a: FUCK|Ivy Cudgel|p2a: Hawlucha|[anim] Ivy Cudgel Water
|-damage|p2a: Hawlucha|1/100
|
|upkeep
|turn|4
|
|t:|1776045593
|switch|p1a: MONTY MOLE|Corviknight, F|100/100
|-ability|p1a: MONTY MOLE|Pressure
|move|p2a: Hawlucha|Acrobatics|p1a: MONTY MOLE
|-resisted|p1a: MONTY MOLE
|-damage|p1a: MONTY MOLE|76/100
|-damage|p2a: Hawlucha|0 fnt|[from] item: Rocky Helmet|[of] p1a: MONTY MOLE
|faint|p2a: Hawlucha
|
|upkeep
|
|t:|1776045597
|switch|p2a: Veluza|Veluza, F|100/100
|turn|5
|
|t:|1776045601
|switch|p1a: FUCK|Ogerpon-Wellspring-Tera, F, tera:Water|100/100
|-ability|p1a: FUCK|Embody Aspect (Wellspring)|boost
|-boost|p1a: FUCK|spd|1
|move|p2a: Veluza|Fillet Away|p2a: Veluza
|-boost|p2a: Veluza|atk|2
|-boost|p2a: Veluza|spa|2
|-boost|p2a: Veluza|spe|2
|-damage|p2a: Veluza|50/100
|-enditem|p2a: Veluza|Sitrus Berry|[eat]
|-heal|p2a: Veluza|75/100|[from] item: Sitrus Berry
|
|upkeep
|turn|6
|
|t:|1776045604
|move|p2a: Veluza|Psycho Cut|p1a: FUCK
|-damage|p1a: FUCK|0 fnt
|faint|p1a: FUCK
|detailschange|p1: FUCK|Ogerpon-Wellspring, F|[silent]
|
|upkeep
|inactive|zapplabob has 120 seconds left.
|
|t:|1776045623
|switch|p1a: JIMS STEAKOUT|Ting-Lu, shiny|100/100
|-ability|p1a: JIMS STEAKOUT|Vessel of Ruin
|turn|7
|
|t:|1776045625
|move|p2a: Veluza|Aqua Cutter|p1a: JIMS STEAKOUT
|-supereffective|p1a: JIMS STEAKOUT
|-damage|p1a: JIMS STEAKOUT|0 fnt
|faint|p1a: JIMS STEAKOUT
|
|upkeep
|
|t:|1776045633
|switch|p1a: "THE FONZ"|Weezing-Galar, F|100/100
|-ability|p1a: "THE FONZ"|Neutralizing Gas
|turn|8
|
|t:|1776045640
|move|p2a: Veluza|Psycho Cut|p1a: "THE FONZ"
|-supereffective|p1a: "THE FONZ"
|-damage|p1a: "THE FONZ"|0 fnt
|faint|p1a: "THE FONZ"
|-end|p1a: "THE FONZ"|ability: Neutralizing Gas
|
|-fieldend|move: Psychic Terrain
|upkeep
|
|t:|1776045644
|switch|p1a: JETWIND JOHNSON|Dragapult, M|100/100
|turn|9
|
|t:|1776045648
|move|p2a: Veluza|Psycho Cut|p1a: JETWIND JOHNSON
|-damage|p1a: JETWIND JOHNSON|0 fnt
|faint|p1a: JETWIND JOHNSON
|
|upkeep
|-message|zapplabob forfeited.
|
|win|soulesstm303
|raw|zapplabob's rating: 1466 &rarr; <strong>1445</strong><br />(-21 for losing)
|raw|soulesstm303's rating: 1445 &rarr; <strong>1466</strong><br />(+21 for winning)
|l|☆zapplabob
|player|p1|
|l|☆soulesstm303
|player|p2|
