|html|<div class="broadcast-blue"><strong>[Gen 9] OU is currently suspecting Tera Blast! For information on how to participate check out the <a href="https://www.smogon.com/tools/suspects/view/200">suspect thread</a>.</strong></div>
|j|☆spiritombdefender
|j|☆xxxiamjasonxxx
|t:|1776265777
|gametype|singles
|player|p1|spiritombdefender|ghetsis-gen5bw|1013
|player|p2|xxxiamjasonxxx|102|1000
|gen|9
|tier|[Gen 9] OU
|rated|
|rule|HP Percentage Mod: HP is shown in percentages
|rule|Endless Battle Clause: Forcing endless battles is banned
|rule|Species Clause: Limit one of each Pokémon
|rule|OHKO Clause: OHKO moves are banned
|rule|Evasion Items Clause: Evasion items are banned
|rule|Evasion Moves Clause: Evasion moves are banned
|rule|Evasion Abilities Clause: Evasion abilities are banned
|rule|Sleep Moves Clause: Sleep-inducing moves are banned
|clearpoke
|poke|p1|Alomomola, F|
|poke|p1|Gliscor, F|
|poke|p1|Toxapex, F|
|poke|p1|Amoonguss, M|
|poke|p1|Corviknight, F|
|poke|p1|Glimmora, F|
|poke|p2|Gardevoir, F|
|teampreview
|inactive|Battle timer is ON: inactive players will automatically lose when time's up. (requested by spiritombdefender)
|
|t:|1776265795
|teamsize|p1|6
|teamsize|p2|1
|start
|switch|p1a: The Stagnation|Gliscor, F|100/100
|switch|p2a: Gardevoir|Gardevoir, F|100/100
|-ability|p2a: Gardevoir|Poison Heal|Trace|[from] ability: Trace|[of] p1a: The Stagnation
|turn|1
|c|☆spiritombdefender|Hmm
|
|t:|1776265803
|move|p1a: The Stagnation|Toxic|p2a: Gardevoir
|-status|p2a: Gardevoir|tox
|move|p2a: Gardevoir|Calm Mind|p2a: Gardevoir
|-boost|p2a: Gardevoir|spa|1
|-boost|p2a: Gardevoir|spd|1
|
|-status|p1a: The Stagnation|tox|[from] item: Toxic Orb
|upkeep
|turn|2
|
|t:|1776265813
|move|p1a: The Stagnation|Knock Off|p2a: Gardevoir
|-damage|p2a: Gardevoir|73/100 tox
|-enditem|p2a: Gardevoir|Expert Belt|[from] move: Knock Off|[of] p1a: The Stagnation
|move|p2a: Gardevoir|Calm Mind|p2a: Gardevoir
|-boost|p2a: Gardevoir|spa|1
|-boost|p2a: Gardevoir|spd|1
|
|-heal|p2a: Gardevoir|85/100 tox|[from] ability: Poison Heal
|upkeep
|turn|3
|
|t:|1776265835
|switch|p1a: The Putrescence|Corviknight, F|100/100
|move|p2a: Gardevoir|Calm Mind|p2a: Gardevoir
|-boost|p2a: Gardevoir|spa|1
|-boost|p2a: Gardevoir|spd|1
|
|-heal|p2a: Gardevoir|97/100 tox|[from] ability: Poison Heal
|upkeep
|turn|4
|
|t:|1776265849
|-terastallize|p2a: Gardevoir|Psychic
|move|p2a: Gardevoir|Psychic|p1a: The Putrescence
|-resisted|p1a: The Putrescence
|-damage|p1a: The Putrescence|23/100
|move|p1a: The Putrescence|U-turn|p2a: Gardevoir
|-supereffective|p2a: Gardevoir
|-damage|p2a: Gardevoir|58/100 tox
|
|t:|1776265864
|switch|p1a: The Decay|Alomomola, F|100/100|[from] U-turn
|
|-heal|p2a: Gardevoir|71/100 tox|[from] ability: Poison Heal
|upkeep
|turn|5
|
|t:|1776265873
|move|p2a: Gardevoir|Psychic Terrain|p2a: Gardevoir
|-fieldstart|move: Psychic Terrain
|move|p1a: The Decay|Mirror Coat||[still]
|-fail|p1a: The Decay
|
|-heal|p2a: Gardevoir|83/100 tox|[from] ability: Poison Heal
|upkeep
|turn|6
|
|t:|1776265882
|move|p2a: Gardevoir|Calm Mind|p2a: Gardevoir
|-boost|p2a: Gardevoir|spa|1
|-boost|p2a: Gardevoir|spd|1
|move|p1a: The Decay|Mirror Coat||[still]
|-fail|p1a: The Decay
|
|-heal|p2a: Gardevoir|95/100 tox|[from] ability: Poison Heal
|upkeep
|turn|7
|
|t:|1776265891
|move|p2a: Gardevoir|Calm Mind|p2a: Gardevoir
|-boost|p2a: Gardevoir|spa|1
|-boost|p2a: Gardevoir|spd|1
|move|p1a: The Decay|Scald|p2a: Gardevoir
|-damage|p2a: Gardevoir|92/100 tox
|
|-heal|p2a: Gardevoir|100/100 tox|[from] ability: Poison Heal
|upkeep
|turn|8
|
|t:|1776265901
|move|p2a: Gardevoir|Calm Mind|p2a: Gardevoir
|-boost|p2a: Gardevoir|spa|1
|-boost|p2a: Gardevoir|spd|1
|move|p1a: The Decay|Mirror Coat||[still]
|-fail|p1a: The Decay
|
|upkeep
|turn|9
|
|t:|1776265910
|move|p2a: Gardevoir|Psychic|p1a: The Decay
|-crit|p1a: The Decay
|-damage|p1a: The Decay|0 fnt
|faint|p1a: The Decay
|
|-fieldend|move: Psychic Terrain
|upkeep
|
|t:|1776265920
|switch|p1a: The Rot|Amoonguss, M|100/100
|turn|10
|-message|spiritombdefender forfeited.
|
|win|xxxiamjasonxxx
|raw|spiritombdefender's rating: 1013 &rarr; <strong>1001</strong><br />(-12 for losing)
|raw|xxxiamjasonxxx's rating: 1000 &rarr; <strong>1041</strong><br />(+41 for winning)
|l|☆spiritombdefender
|player|p1|
|c|☆xxxiamjasonxxx|1 mon sweep
