|html|<div class="broadcast-blue"><strong>[Gen 9] OU is currently suspecting Tera Blast! For information on how to participate check out the <a href="https://www.smogon.com/tools/suspects/view/200">suspect thread</a>.</strong></div>
|j|☆noob1877 test
|j|☆Kochu_shak
|t:|1776227786
|gametype|singles
|player|p1|noob1877 test|266|1789
|player|p2|Kochu_shak|morty-masters2|1685
|gen|9
|tier|[Gen 9] OU
|rated|
|rule|HP Percentage Mod: HP is shown in percentages
|rule|Endless Battle Clause: Forcing endless battles is banned
|rule|Species Clause: Limit one of each Pokémon
|rule|OHKO Clause: OHKO moves are banned
|rule|Evasion Items Clause: Evasion items are banned
|rule|Evasion Moves Clause: Evasion moves are banned
|rule|Evasion Abilities Clause: Evasion abilities are banned
|rule|Sleep Moves Clause: Sleep-inducing moves are banned
|clearpoke
|poke|p1|Glimmora, F|
|poke|p1|Ting-Lu|
|poke|p1|Zamazenta-*|
|poke|p1|Pecharunt|
|poke|p1|Dragonite, F|
|poke|p1|Ogerpon-Wellspring, F|
|poke|p2|Araquanid, F|
|poke|p2|Gholdengo|
|poke|p2|Iron Moth|
|poke|p2|Iron Valiant|
|poke|p2|Raging Bolt|
|poke|p2|Kingambit, F|
|teampreview
|inactive|Battle timer is ON: inactive players will automatically lose when time's up. (requested by Kochu_shak)
|l|☆Kochu_shak
|inactive|Kochu_shak disconnected and has a minute to reconnect!
|player|p2|
|inactive|noob1877 test has 120 seconds left.
|inactive|Kochu_shak has 30 seconds to reconnect!
|inactive|Kochu_shak has 20 seconds to reconnect!
|inactive|Kochu_shak has 15 seconds to reconnect!
|inactive|Kochu_shak has 10 seconds to reconnect!
|j|☆Kochu_shak
|inactive|Kochu_shak reconnected and has 95 seconds left.
|player|p2|Kochu_shak|morty-masters2|
|inactive|Kochu_shak has 90 seconds left.
|j| Bunniiiiiis
|
|t:|1776227861
|teamsize|p1|6
|teamsize|p2|6
|start
|switch|p1a: Glimmora|Glimmora, F|100/100
|switch|p2a: QUIL|Araquanid, F|100/100
|turn|1
|l| Bunniiiiiis
|
|t:|1776227880
|move|p1a: Glimmora|Stealth Rock|p2a: QUIL
|-sidestart|p2: Kochu_shak|move: Stealth Rock
|move|p2a: QUIL|Sticky Web|p1a: Glimmora
|-sidestart|p1: noob1877 test|move: Sticky Web
|
|upkeep
|turn|2
|
|t:|1776227895
|switch|p2a: TREE?|Gholdengo|100/100
|-damage|p2a: TREE?|94/100|[from] Stealth Rock
|-item|p2a: TREE?|Air Balloon
|move|p1a: Glimmora|Mortal Spin|p2a: TREE?
|-immune|p2a: TREE?
|
|upkeep
|turn|3
|
|t:|1776227908
|switch|p1a: Ting-Lu|Ting-Lu|100/100
|-activate|p1a: Ting-Lu|move: Sticky Web
|-unboost|p1a: Ting-Lu|spe|1
|-ability|p1a: Ting-Lu|Vessel of Ruin
|move|p2a: TREE?|Nasty Plot|p2a: TREE?
|-boost|p2a: TREE?|spa|2
|
|upkeep
|turn|4
|
|t:|1776227914
|move|p2a: TREE?|Nasty Plot|p2a: TREE?
|-boost|p2a: TREE?|spa|2
|move|p1a: Ting-Lu|Ruination|p2a: TREE?
|-damage|p2a: TREE?|47/100
|-enditem|p2a: TREE?|Air Balloon
|
|upkeep
|turn|5
|
|t:|1776227918
|move|p2a: TREE?|Make It Rain|p1a: Ting-Lu
|-damage|p1a: Ting-Lu|20/100
|-unboost|p2a: TREE?|spa|1
|move|p1a: Ting-Lu|Earthquake|p2a: TREE?
|-supereffective|p2a: TREE?
|-damage|p2a: TREE?|0 fnt
|faint|p2a: TREE?
|
|-heal|p1a: Ting-Lu|27/100|[from] item: Leftovers
|upkeep
|
|t:|1776227922
|switch|p2a: CALA|Iron Moth|100/100
|-damage|p2a: CALA|76/100|[from] Stealth Rock
|-enditem|p2a: CALA|Booster Energy
|-activate|p2a: CALA|ability: Quark Drive|[fromitem]
|-start|p2a: CALA|quarkdrivespa
|turn|6
|j| MX WZKL
|
|t:|1776227936
|move|p2a: CALA|Fiery Dance|p1a: Ting-Lu
|-damage|p1a: Ting-Lu|2/100
|-boost|p2a: CALA|spa|1
|move|p1a: Ting-Lu|Earthquake|p2a: CALA
|-supereffective|p2a: CALA
|-crit|p2a: CALA
|-damage|p2a: CALA|0 fnt
|faint|p2a: CALA
|-end|p2a: CALA|Quark Drive|[silent]
|
|-heal|p1a: Ting-Lu|8/100|[from] item: Leftovers
|upkeep
|c|☆Kochu_shak|literally
|c|☆Kochu_shak|nice roll
|l| MX WZKL
|
|t:|1776227961
|switch|p2a: QUZZ|Iron Valiant|100/100
|-damage|p2a: QUZZ|94/100|[from] Stealth Rock
|-enditem|p2a: QUZZ|Booster Energy
|-activate|p2a: QUZZ|ability: Quark Drive|[fromitem]
|-start|p2a: QUZZ|quarkdrivespa
|turn|7
|
|t:|1776227968
|move|p2a: QUZZ|Moonblast|p1a: Ting-Lu
|-supereffective|p1a: Ting-Lu
|-damage|p1a: Ting-Lu|0 fnt
|faint|p1a: Ting-Lu
|
|upkeep
|c|☆Kochu_shak|the only thing mf learned is to haxx
|inactive|noob1877 test has 120 seconds left.
|
|t:|1776228007
|switch|p1a: Pecharunt|Pecharunt|100/100
|-item|p1a: Pecharunt|Air Balloon
|turn|8
|inactive|noob1877 test has 120 seconds left.
|
|t:|1776228032
|-terastallize|p2a: QUZZ|Ghost
|move|p2a: QUZZ|Calm Mind|p2a: QUZZ
|-boost|p2a: QUZZ|spa|1
|-boost|p2a: QUZZ|spd|1
|move|p1a: Pecharunt|Malignant Chain|p2a: QUZZ
|-resisted|p2a: QUZZ
|-damage|p2a: QUZZ|70/100
|-status|p2a: QUZZ|tox
|-start|p2a: QUZZ|confusion|[from] ability: Poison Puppeteer|[of] p1a: Pecharunt
|
|-damage|p2a: QUZZ|64/100 tox|[from] psn
|upkeep
|turn|9
|
|t:|1776228039
|-activate|p2a: QUZZ|confusion
|move|p2a: QUZZ|Shadow Ball|p1a: Pecharunt
|-supereffective|p1a: Pecharunt
|-damage|p1a: Pecharunt|0 fnt
|-enditem|p1a: Pecharunt|Air Balloon
|faint|p1a: Pecharunt
|
|-damage|p2a: QUZZ|51/100 tox|[from] psn
|upkeep
|
|t:|1776228044
|switch|p1a: Dragonite|Dragonite, F|100/100
|turn|10
|
|t:|1776228058
|-terastallize|p1a: Dragonite|Normal
|-activate|p2a: QUZZ|confusion
|move|p2a: QUZZ|Moonblast|p1a: Dragonite
|-damage|p1a: Dragonite|59/100
|-unboost|p1a: Dragonite|spa|1
|move|p1a: Dragonite|Earthquake|p2a: QUZZ
|-damage|p2a: QUZZ|0 fnt
|faint|p2a: QUZZ
|-end|p2a: QUZZ|Quark Drive|[silent]
|
|upkeep
|
|t:|1776228066
|switch|p2a: QUIL|Araquanid, F|100/100
|-damage|p2a: QUIL|75/100|[from] Stealth Rock
|turn|11
|
|t:|1776228071
|switch|p1a: Ogerpon|Ogerpon-Wellspring, F|100/100
|-activate|p1a: Ogerpon|move: Sticky Web
|-unboost|p1a: Ogerpon|spe|1
|move|p2a: QUIL|Surf|p1a: Ogerpon
|-immune|p1a: Ogerpon|[from] ability: Water Absorb
|
|upkeep
|turn|12
|
|t:|1776228076
|move|p1a: Ogerpon|Swords Dance|p1a: Ogerpon
|-boost|p1a: Ogerpon|atk|2
|move|p2a: QUIL|Lunge|p1a: Ogerpon
|-supereffective|p1a: Ogerpon
|-damage|p1a: Ogerpon|50/100
|-unboost|p1a: Ogerpon|atk|1
|
|upkeep
|turn|13
|
|t:|1776228079
|move|p1a: Ogerpon|Power Whip|p2a: QUIL|[miss]
|-miss|p1a: Ogerpon|p2a: QUIL
|move|p2a: QUIL|Lunge|p1a: Ogerpon
|-supereffective|p1a: Ogerpon
|-damage|p1a: Ogerpon|0 fnt
|faint|p1a: Ogerpon
|
|upkeep
|
|t:|1776228083
|switch|p1a: Glimmora|Glimmora, F|100/100
|-activate|p1a: Glimmora|move: Sticky Web
|-unboost|p1a: Glimmora|spe|1
|turn|14
|
|t:|1776228087
|switch|p2a: SUPA|Kingambit, F|100/100
|-damage|p2a: SUPA|94/100|[from] Stealth Rock
|-activate|p2a: SUPA|ability: Supreme Overlord
|-start|p2a: SUPA|fallen3|[silent]
|-item|p2a: SUPA|Air Balloon
|move|p1a: Glimmora|Mortal Spin|p2a: SUPA
|-immune|p2a: SUPA
|
|upkeep
|turn|15
|
|t:|1776228094
|move|p2a: SUPA|Swords Dance|p2a: SUPA
|-boost|p2a: SUPA|atk|2
|move|p1a: Glimmora|Power Gem|p2a: SUPA
|-resisted|p2a: SUPA
|-damage|p2a: SUPA|75/100
|-enditem|p2a: SUPA|Air Balloon
|
|upkeep
|turn|16
|
|t:|1776228097
|move|p2a: SUPA|Iron Head|p1a: Glimmora
|-supereffective|p1a: Glimmora
|-damage|p1a: Glimmora|0 fnt
|-activate|p1a: Glimmora|ability: Toxic Debris
|-sidestart|p2: Kochu_shak|move: Toxic Spikes
|faint|p1a: Glimmora
|
|upkeep
|
|t:|1776228100
|switch|p1a: Zamazenta|Zamazenta|100/100
|-activate|p1a: Zamazenta|move: Sticky Web
|-unboost|p1a: Zamazenta|spe|1
|-ability|p1a: Zamazenta|Dauntless Shield|boost
|-boost|p1a: Zamazenta|def|1
|turn|17
|
|t:|1776228109
|-end|p2a: SUPA|fallen3|[silent]
|switch|p2a: QUIL|Araquanid, F|75/100
|-damage|p2a: QUIL|50/100|[from] Stealth Rock
|-status|p2a: QUIL|psn
|move|p1a: Zamazenta|Close Combat|p2a: QUIL
|-resisted|p2a: QUIL
|-damage|p2a: QUIL|13/100 psn
|-unboost|p1a: Zamazenta|def|1
|-unboost|p1a: Zamazenta|spd|1
|-damage|p1a: Zamazenta|91/100|[from] item: Life Orb
|
|-damage|p2a: QUIL|0 fnt|[from] psn
|faint|p2a: QUIL
|upkeep
|
|t:|1776228113
|switch|p2a: DELI|Raging Bolt|100/100
|-damage|p2a: DELI|88/100|[from] Stealth Rock
|-status|p2a: DELI|psn
|-enditem|p2a: DELI|Booster Energy
|-activate|p2a: DELI|ability: Protosynthesis|[fromitem]
|-start|p2a: DELI|protosynthesisspa
|turn|18
|
|t:|1776228135
|switch|p1a: Dragonite|Dragonite, F, tera:Normal|59/100
|move|p2a: DELI|Dragon Pulse|p1a: Dragonite
|-damage|p1a: Dragonite|5/100
|
|-damage|p2a: DELI|76/100 psn|[from] psn
|upkeep
|turn|19
|
|t:|1776228143
|move|p1a: Dragonite|Extreme Speed|p2a: DELI
|-damage|p2a: DELI|30/100 psn
|move|p2a: DELI|Thunderbolt|p1a: Dragonite
|-damage|p1a: Dragonite|0 fnt
|faint|p1a: Dragonite
|
|-damage|p2a: DELI|17/100 psn|[from] psn
|upkeep
|
|t:|1776228146
|switch|p1a: Zamazenta|Zamazenta|91/100
|-activate|p1a: Zamazenta|move: Sticky Web
|-unboost|p1a: Zamazenta|spe|1
|turn|20
|
|t:|1776228152
|move|p2a: DELI|Thunderclap|p1a: Zamazenta
|-damage|p1a: Zamazenta|38/100
|move|p1a: Zamazenta|Crunch|p2a: DELI
|-damage|p2a: DELI|0 fnt
|faint|p2a: DELI
|-end|p2a: DELI|Protosynthesis|[silent]
|-damage|p1a: Zamazenta|28/100|[from] item: Life Orb
|
|upkeep
|
|t:|1776228155
|switch|p2a: SUPA|Kingambit, F|75/100
|-damage|p2a: SUPA|69/100|[from] Stealth Rock
|-activate|p2a: SUPA|ability: Supreme Overlord
|-start|p2a: SUPA|fallen5|[silent]
|turn|21
|l|☆Kochu_shak
|inactive|Kochu_shak disconnected and has a minute to reconnect!
|player|p2|
|j|☆Kochu_shak
|inactive|Kochu_shak reconnected and has 140 seconds left.
|player|p2|Kochu_shak|morty-masters2|
|c|☆Kochu_shak|haxxer
|c|☆Kochu_shak|noob
|
|t:|1776228180
|move|p2a: SUPA|Sucker Punch|p1a: Zamazenta
|-resisted|p1a: Zamazenta
|-crit|p1a: Zamazenta
|-damage|p1a: Zamazenta|0 fnt
|faint|p1a: Zamazenta
|
|win|Kochu_shak
|raw|noob1877 test's rating: 1789 &rarr; <strong>1763</strong><br />(-26 for losing)
|raw|Kochu_shak's rating: 1673 &rarr; <strong>1699</strong><br />(+26 for winning)
|l|☆Kochu_shak
|player|p2|
|l|☆noob1877 test
|player|p1|
|j|☆Kochu_shak
|player|p2|Kochu_shak|morty-masters2|
