|html|<div class="broadcast-blue"><strong>[Gen 9] OU is currently suspecting Tera Blast! For information on how to participate check out the <a href="https://www.smogon.com/tools/suspects/view/200">suspect thread</a>.</strong></div>
|j|☆chuck norris 007
|j|☆orangesareafruit
|t:|1776348790
|gametype|singles
|player|p1|chuck norris 007|drayden|1128
|player|p2|orangesareafruit|brycen|1120
|gen|9
|tier|[Gen 9] OU
|rated|
|rule|HP Percentage Mod: HP is shown in percentages
|rule|Endless Battle Clause: Forcing endless battles is banned
|rule|Species Clause: Limit one of each Pokémon
|rule|OHKO Clause: OHKO moves are banned
|rule|Evasion Items Clause: Evasion items are banned
|rule|Evasion Moves Clause: Evasion moves are banned
|rule|Evasion Abilities Clause: Evasion abilities are banned
|rule|Sleep Moves Clause: Sleep-inducing moves are banned
|clearpoke
|poke|p1|Zamazenta-*|
|poke|p1|Deoxys-Speed|
|poke|p1|Great Tusk|
|poke|p1|Garganacl, F|
|poke|p1|Chansey, F|
|poke|p1|Enamorus, F|
|poke|p2|Pelipper, M|
|poke|p2|Barraskewda, M|
|poke|p2|Thundurus-Therian, M|
|poke|p2|Glimmora, M|
|poke|p2|Drednaw, F|
|poke|p2|Kingambit, F|
|teampreview
|inactive|Battle timer is ON: inactive players will automatically lose when time's up. (requested by orangesareafruit)
|
|t:|1776348801
|teamsize|p1|6
|teamsize|p2|6
|start
|switch|p1a: Deoxys|Deoxys-Speed|100/100
|switch|p2a: Pelipper|Pelipper, M, shiny|100/100
|-ability|p1a: Deoxys|Pressure
|-weather|RainDance|[from] ability: Drizzle|[of] p2a: Pelipper
|turn|1
|
|t:|1776348811
|move|p1a: Deoxys|Knock Off|p2a: Pelipper
|-damage|p2a: Pelipper|75/100
|-enditem|p2a: Pelipper|Damp Rock|[from] move: Knock Off|[of] p1a: Deoxys
|-damage|p1a: Deoxys|91/100|[from] item: Life Orb
|move|p2a: Pelipper|Hurricane|p1a: Deoxys
|-damage|p1a: Deoxys|45/100
|
|-weather|RainDance|[upkeep]
|upkeep
|turn|2
|
|t:|1776348822
|move|p1a: Deoxys|Psycho Boost|p2a: Pelipper
|-damage|p2a: Pelipper|0 fnt
|-unboost|p1a: Deoxys|spa|2
|faint|p2a: Pelipper
|-damage|p1a: Deoxys|35/100|[from] item: Life Orb
|
|-weather|RainDance|[upkeep]
|upkeep
|
|t:|1776348828
|switch|p2a: Drednaw|Drednaw, F, shiny|100/100
|turn|3
|
|t:|1776348834
|move|p2a: Drednaw|Shell Smash|p2a: Drednaw
|-unboost|p2a: Drednaw|def|1
|-unboost|p2a: Drednaw|spd|1
|-boost|p2a: Drednaw|atk|2
|-boost|p2a: Drednaw|spa|2
|-boost|p2a: Drednaw|spe|2
|-enditem|p2a: Drednaw|White Herb
|-clearnegativeboost|p2a: Drednaw|[silent]
|move|p1a: Deoxys|Superpower|p2a: Drednaw
|-supereffective|p2a: Drednaw
|-damage|p2a: Drednaw|16/100
|-unboost|p1a: Deoxys|atk|1
|-unboost|p1a: Deoxys|def|1
|-damage|p1a: Deoxys|25/100|[from] item: Life Orb
|
|-weather|RainDance|[upkeep]
|upkeep
|turn|4
|
|t:|1776348857
|move|p2a: Drednaw|Liquidation|p1a: Deoxys
|-damage|p1a: Deoxys|0 fnt
|faint|p1a: Deoxys
|
|-weather|RainDance|[upkeep]
|upkeep
|
|t:|1776348865
|switch|p1a: Zamazenta|Zamazenta|100/100
|-ability|p1a: Zamazenta|Dauntless Shield|boost
|-boost|p1a: Zamazenta|def|1
|turn|5
|
|t:|1776348874
|move|p2a: Drednaw|Liquidation|p1a: Zamazenta
|-damage|p1a: Zamazenta|25/100
|move|p1a: Zamazenta|Body Press|p2a: Drednaw
|-supereffective|p2a: Drednaw
|-damage|p2a: Drednaw|0 fnt
|faint|p2a: Drednaw
|
|-weather|RainDance|[upkeep]
|-heal|p1a: Zamazenta|31/100|[from] item: Leftovers
|upkeep
|
|t:|1776348879
|switch|p2a: Barraskewda|Barraskewda, M|100/100
|turn|6
|
|t:|1776348892
|move|p2a: Barraskewda|Psychic Fangs|p1a: Zamazenta
|-supereffective|p1a: Zamazenta
|-crit|p1a: Zamazenta
|-damage|p1a: Zamazenta|0 fnt
|faint|p1a: Zamazenta
|
|-weather|RainDance|[upkeep]
|upkeep
|inactive|chuck norris 007 has 120 seconds left.
|
|t:|1776348929
|switch|p1a: Garganacl|Garganacl, F|100/100
|turn|7
|
|t:|1776348940
|switch|p2a: Glimmora|Glimmora, M|100/100
|-terastallize|p1a: Garganacl|Dragon
|move|p1a: Garganacl|Body Press|p2a: Glimmora
|-damage|p2a: Glimmora|72/100
|-activate|p2a: Glimmora|ability: Toxic Debris
|-sidestart|p1: chuck norris 007|move: Toxic Spikes
|
|-weather|RainDance|[upkeep]
|upkeep
|turn|8
|inactive|chuck norris 007 has 120 seconds left.
|
|t:|1776348951
|move|p2a: Glimmora|Power Gem|p1a: Garganacl
|-damage|p1a: Garganacl|68/100
|move|p1a: Garganacl|Iron Defense|p1a: Garganacl
|-boost|p1a: Garganacl|def|2
|
|-weather|none
|-heal|p1a: Garganacl|74/100|[from] item: Leftovers
|upkeep
|turn|9
|inactive|chuck norris 007 has 120 seconds left.
|
|t:|1776348970
|move|p2a: Glimmora|Rain Dance|p2a: Glimmora
|-weather|RainDance
|move|p1a: Garganacl|Salt Cure|p2a: Glimmora
|-damage|p2a: Glimmora|57/100
|-start|p2a: Glimmora|Salt Cure
|-activate|p2a: Glimmora|ability: Toxic Debris
|-sidestart|p1: chuck norris 007|move: Toxic Spikes
|
|-weather|RainDance|[upkeep]
|-heal|p1a: Garganacl|81/100|[from] item: Leftovers
|-damage|p2a: Glimmora|45/100|[from] Salt Cure
|upkeep
|turn|10
|
|t:|1776348982
|move|p2a: Glimmora|Stealth Rock|p1a: Garganacl
|-sidestart|p1: chuck norris 007|move: Stealth Rock
|move|p1a: Garganacl|Body Press|p2a: Glimmora
|-damage|p2a: Glimmora|0 fnt
|faint|p2a: Glimmora
|
|-weather|RainDance|[upkeep]
|-heal|p1a: Garganacl|87/100|[from] item: Leftovers
|upkeep
|
|t:|1776348986
|switch|p2a: Barraskewda|Barraskewda, M|100/100
|turn|11
|inactive|chuck norris 007 has 120 seconds left.
|
|t:|1776348995
|move|p2a: Barraskewda|Psychic Fangs|p1a: Garganacl
|-damage|p1a: Garganacl|74/100
|move|p1a: Garganacl|Body Press|p2a: Barraskewda
|-crit|p2a: Barraskewda
|-damage|p2a: Barraskewda|0 fnt
|faint|p2a: Barraskewda
|
|-weather|RainDance|[upkeep]
|-heal|p1a: Garganacl|80/100|[from] item: Leftovers
|upkeep
|
|t:|1776349000
|switch|p2a: Thundurus|Thundurus-Therian, M|100/100
|turn|12
|
|t:|1776349008
|-terastallize|p2a: Thundurus|Ice
|move|p2a: Thundurus|Tera Blast|p1a: Garganacl|[anim] Tera Blast Ice
|-supereffective|p1a: Garganacl
|-damage|p1a: Garganacl|0 fnt
|faint|p1a: Garganacl
|
|-weather|RainDance|[upkeep]
|upkeep
|
|t:|1776349019
|switch|p1a: Chansey|Chansey, F|100/100
|-status|p1a: Chansey|tox
|-damage|p1a: Chansey|88/100 tox|[from] Stealth Rock
|turn|13
|
|t:|1776349032
|move|p2a: Thundurus|Nasty Plot|p2a: Thundurus
|-boost|p2a: Thundurus|spa|2
|move|p1a: Chansey|Seismic Toss|p2a: Thundurus
|-damage|p2a: Thundurus|67/100
|
|-weather|none
|-damage|p1a: Chansey|82/100 tox|[from] psn
|upkeep
|turn|14
|
|t:|1776349043
|move|p2a: Thundurus|Grass Knot|p1a: Chansey
|-damage|p1a: Chansey|70/100 tox
|move|p1a: Chansey|Heal Bell|p1a: Chansey
|-activate|p1a: Chansey|move: Heal Bell
|-curestatus|p1a: Chansey|tox|[msg]
|
|upkeep
|turn|15
|
|t:|1776349053
|move|p2a: Thundurus|Tera Blast|p1a: Chansey|[anim] Tera Blast Ice
|-damage|p1a: Chansey|46/100
|move|p1a: Chansey|Seismic Toss|p2a: Thundurus
|-damage|p2a: Thundurus|34/100
|
|upkeep
|turn|16
|
|t:|1776349060
|move|p2a: Thundurus|Thunder|p1a: Chansey
|-damage|p1a: Chansey|14/100
|move|p1a: Chansey|Soft-Boiled|p1a: Chansey
|-heal|p1a: Chansey|64/100
|
|upkeep
|turn|17
|
|t:|1776349068
|move|p2a: Thundurus|Thunder|p1a: Chansey
|-damage|p1a: Chansey|29/100
|move|p1a: Chansey|Seismic Toss|p2a: Thundurus
|-damage|p2a: Thundurus|0 fnt
|faint|p2a: Thundurus
|
|upkeep
|
|t:|1776349072
|switch|p2a: Kingambit|Kingambit, F|100/100
|-activate|p2a: Kingambit|ability: Supreme Overlord
|-start|p2a: Kingambit|fallen5|[silent]
|turn|18
|
|t:|1776349081
|move|p2a: Kingambit|Kowtow Cleave|p1a: Chansey
|-damage|p1a: Chansey|0 fnt
|faint|p1a: Chansey
|
|upkeep
|
|t:|1776349087
|switch|p1a: Great Tusk|Great Tusk|100/100
|-status|p1a: Great Tusk|tox
|-damage|p1a: Great Tusk|98/100 tox|[from] Stealth Rock
|turn|19
|
|t:|1776349115
|move|p1a: Great Tusk|Close Combat|p2a: Kingambit
|-supereffective|p2a: Kingambit
|-damage|p2a: Kingambit|0 fnt
|-unboost|p1a: Great Tusk|def|1
|-unboost|p1a: Great Tusk|spd|1
|faint|p2a: Kingambit
|-end|p2a: Kingambit|fallen5|[silent]
|
|win|chuck norris 007
|raw|chuck norris 007's rating: 1128 &rarr; <strong>1152</strong><br />(+24 for winning)
|raw|orangesareafruit's rating: 1120 &rarr; <strong>1096</strong><br />(-24 for losing)
|l|☆orangesareafruit
|player|p2|
