|html|<div class="broadcast-blue"><strong>[Gen 9] OU is currently suspecting Tera Blast! For information on how to participate check out the <a href="https://www.smogon.com/tools/suspects/view/200">suspect thread</a>.</strong></div>
|j|☆jayjay4621
|j|☆l4v
|t:|1776082069
|gametype|singles
|player|p1|jayjay4621|skier|1381
|player|p2|l4v|supernerd|1424
|gen|9
|tier|[Gen 9] OU
|rated|
|rule|HP Percentage Mod: HP is shown in percentages
|rule|Endless Battle Clause: Forcing endless battles is banned
|rule|Species Clause: Limit one of each Pokémon
|rule|OHKO Clause: OHKO moves are banned
|rule|Evasion Items Clause: Evasion items are banned
|rule|Evasion Moves Clause: Evasion moves are banned
|rule|Evasion Abilities Clause: Evasion abilities are banned
|rule|Sleep Moves Clause: Sleep-inducing moves are banned
|clearpoke
|poke|p1|Dragapult, F|
|poke|p1|Ninetales-Alola, F|
|poke|p1|Iron Moth|
|poke|p1|Iron Treads|
|poke|p1|Rotom-Wash|
|poke|p1|Darkrai|
|poke|p2|Torkoal, F|
|poke|p2|Charizard, F|
|poke|p2|Venusaur, F|
|poke|p2|Slither Wing|
|poke|p2|Great Tusk|
|poke|p2|Alomomola, F|
|teampreview
|inactive|Battle timer is ON: inactive players will automatically lose when time's up. (requested by l4v)
|inactive|jayjay4621 also wants the timer to be on.
|
|t:|1776082088
|teamsize|p1|6
|teamsize|p2|6
|start
|switch|p1a: Washed|Rotom-Wash, shiny|100/100
|switch|p2a: Torkoal|Torkoal, F|100/100
|-weather|SunnyDay|[from] ability: Drought|[of] p2a: Torkoal
|turn|1
|
|t:|1776082092
|switch|p2a: Venusaur|Venusaur, F|100/100
|move|p1a: Washed|Volt Switch|p2a: Venusaur
|-resisted|p2a: Venusaur
|-damage|p2a: Venusaur|87/100
|
|t:|1776082104
|switch|p1a: Moth|Iron Moth, shiny|100/100|[from] Volt Switch
|-enditem|p1a: Moth|Booster Energy
|-activate|p1a: Moth|ability: Quark Drive|[fromitem]
|-start|p1a: Moth|quarkdrivespe
|
|-weather|SunnyDay|[upkeep]
|upkeep
|turn|2
|
|t:|1776082109
|move|p2a: Venusaur|Earth Power|p1a: Moth
|-supereffective|p1a: Moth
|-damage|p1a: Moth|0 fnt
|faint|p1a: Moth
|-end|p1a: Moth|Quark Drive|[silent]
|-damage|p2a: Venusaur|77/100|[from] item: Life Orb
|
|-weather|SunnyDay|[upkeep]
|upkeep
|
|t:|1776082117
|switch|p1a: A-9|Ninetales-Alola, F, shiny|100/100
|-weather|Snowscape|[from] ability: Snow Warning|[of] p1a: A-9
|turn|3
|
|t:|1776082124
|switch|p1a: Washed|Rotom-Wash, shiny|100/100
|switch|p2a: Torkoal|Torkoal, F|100/100
|-weather|SunnyDay|[from] ability: Drought|[of] p2a: Torkoal
|
|-weather|SunnyDay|[upkeep]
|upkeep
|turn|4
|
|t:|1776082134
|switch|p2a: Alomomola|Alomomola, F|100/100
|move|p1a: Washed|Volt Switch|p2a: Alomomola
|-supereffective|p2a: Alomomola
|-damage|p2a: Alomomola|55/100
|-enditem|p2a: Alomomola|Red Card|[of] p1a: Washed
|drag|p1a: Rai|Darkrai, shiny|100/100
|
|-weather|SunnyDay|[upkeep]
|upkeep
|turn|5
|
|t:|1776082138
|move|p1a: Rai|Knock Off|p2a: Alomomola
|-damage|p2a: Alomomola|44/100
|move|p2a: Alomomola|Flip Turn|p1a: Rai
|-damage|p1a: Rai|92/100
|
|t:|1776082142
|switch|p2a: Venusaur|Venusaur, F|77/100|[from] Flip Turn
|
|-weather|SunnyDay|[upkeep]
|-heal|p1a: Rai|98/100|[from] item: Leftovers
|upkeep
|turn|6
|
|t:|1776082146
|switch|p1a: A-9|Ninetales-Alola, F, shiny|100/100
|-weather|Snowscape|[from] ability: Snow Warning|[of] p1a: A-9
|move|p2a: Venusaur|Giga Drain|p1a: A-9
|-damage|p1a: A-9|56/100
|-heal|p2a: Venusaur|100/100|[from] drain|[of] p1a: A-9
|-damage|p2a: Venusaur|91/100|[from] item: Life Orb
|
|-weather|Snowscape|[upkeep]
|upkeep
|turn|7
|
|t:|1776082153
|switch|p2a: Torkoal|Torkoal, F|100/100
|-weather|SunnyDay|[from] ability: Drought|[of] p2a: Torkoal
|move|p1a: A-9|Aurora Veil||[still]
|-fail|p1a: A-9
|
|-weather|SunnyDay|[upkeep]
|upkeep
|turn|8
|
|t:|1776082159
|switch|p1a: Washed|Rotom-Wash, shiny|100/100
|move|p2a: Torkoal|Stealth Rock|p1a: Washed
|-sidestart|p1: jayjay4621|move: Stealth Rock
|
|-weather|SunnyDay|[upkeep]
|upkeep
|turn|9
|
|t:|1776082164
|switch|p2a: Slither Wing|Slither Wing|100/100
|-activate|p2a: Slither Wing|ability: Protosynthesis
|-start|p2a: Slither Wing|protosynthesisspd
|move|p1a: Washed|Volt Switch|p2a: Slither Wing
|-damage|p2a: Slither Wing|91/100
|
|t:|1776082169
|switch|p1a: Pult|Dragapult, F, shiny|100/100|[from] Volt Switch
|-damage|p1a: Pult|88/100|[from] Stealth Rock
|
|-weather|SunnyDay|[upkeep]
|-heal|p1a: Pult|94/100|[from] item: Leftovers
|upkeep
|turn|10
|
|t:|1776082178
|move|p1a: Pult|Dragon Dance|p1a: Pult
|-boost|p1a: Pult|atk|1
|-boost|p1a: Pult|spe|1
|move|p2a: Slither Wing|U-turn|p1a: Pult
|-resisted|p1a: Pult
|-damage|p1a: Pult|73/100
|
|t:|1776082182
|-end|p2a: Slither Wing|Protosynthesis|[silent]
|switch|p2a: Venusaur|Venusaur, F|91/100|[from] U-turn
|
|-weather|SunnyDay|[upkeep]
|-heal|p1a: Pult|79/100|[from] item: Leftovers
|upkeep
|turn|11
|
|t:|1776082186
|move|p1a: Pult|Dragon Darts|p2a: Venusaur
|-damage|p2a: Venusaur|40/100
|-anim|p1a: Pult|Dragon Darts|p2a: Venusaur
|-damage|p2a: Venusaur|0 fnt
|faint|p2a: Venusaur
|
|-weather|SunnyDay|[upkeep]
|-heal|p1a: Pult|85/100|[from] item: Leftovers
|upkeep
|
|t:|1776082190
|switch|p2a: Great Tusk|Great Tusk|100/100
|-activate|p2a: Great Tusk|ability: Protosynthesis
|-start|p2a: Great Tusk|protosynthesisatk
|turn|12
|
|t:|1776082208
|switch|p1a: Washed|Rotom-Wash, shiny|100/100
|-damage|p1a: Washed|88/100|[from] Stealth Rock
|move|p2a: Great Tusk|Ice Spinner|p1a: Washed
|-resisted|p1a: Washed
|-damage|p1a: Washed|70/100
|-damage|p2a: Great Tusk|91/100|[from] item: Life Orb
|
|-weather|SunnyDay|[upkeep]
|-heal|p1a: Washed|76/100|[from] item: Leftovers
|upkeep
|turn|13
|
|t:|1776082221
|-end|p2a: Great Tusk|Protosynthesis|[silent]
|switch|p2a: Alomomola|Alomomola, F|77/100
|move|p1a: Washed|Volt Switch|p2a: Alomomola
|-supereffective|p2a: Alomomola
|-damage|p2a: Alomomola|32/100
|
|t:|1776082230
|switch|p1a: Pult|Dragapult, F, shiny|85/100|[from] Volt Switch
|-damage|p1a: Pult|73/100|[from] Stealth Rock
|
|-weather|SunnyDay|[upkeep]
|-heal|p1a: Pult|79/100|[from] item: Leftovers
|upkeep
|turn|14
|
|t:|1776082241
|move|p1a: Pult|Substitute|p1a: Pult
|-start|p1a: Pult|Substitute
|-damage|p1a: Pult|54/100
|move|p2a: Alomomola|Flip Turn|p1a: Pult
|-resisted|p1a: Pult
|-activate|p1a: Pult|move: Substitute|[damage]
|
|t:|1776082244
|switch|p2a: Great Tusk|Great Tusk|91/100|[from] Flip Turn
|-activate|p2a: Great Tusk|ability: Protosynthesis
|-start|p2a: Great Tusk|protosynthesisatk
|
|-weather|none
|-end|p2a: Great Tusk|Protosynthesis
|-heal|p1a: Pult|60/100|[from] item: Leftovers
|upkeep
|turn|15
|
|t:|1776082253
|move|p1a: Pult|Phantom Force||[still]
|-prepare|p1a: Pult|Phantom Force
|move|p2a: Great Tusk|Ice Spinner|p1a: Pult|[miss]
|-miss|p2a: Great Tusk|p1a: Pult
|
|-heal|p1a: Pult|66/100|[from] item: Leftovers
|upkeep
|turn|16
|
|t:|1776082257
|-end|p2a: Great Tusk|Protosynthesis|[silent]
|switch|p2a: Torkoal|Torkoal, F|100/100
|-weather|SunnyDay|[from] ability: Drought|[of] p2a: Torkoal
|move|p1a: Pult|Phantom Force|p2a: Torkoal|[from] lockedmove
|-damage|p2a: Torkoal|70/100
|
|-weather|SunnyDay|[upkeep]
|-heal|p1a: Pult|72/100|[from] item: Leftovers
|upkeep
|turn|17
|
|t:|1776082260
|move|p1a: Pult|Dragon Dance|p1a: Pult
|-boost|p1a: Pult|atk|1
|-boost|p1a: Pult|spe|1
|move|p2a: Torkoal|Overheat|p1a: Pult
|-resisted|p1a: Pult
|-end|p1a: Pult|Substitute
|-unboost|p2a: Torkoal|spa|2
|
|-weather|SunnyDay|[upkeep]
|-heal|p1a: Pult|78/100|[from] item: Leftovers
|upkeep
|turn|18
|
|t:|1776082266
|switch|p2a: Great Tusk|Great Tusk|91/100
|-activate|p2a: Great Tusk|ability: Protosynthesis
|-start|p2a: Great Tusk|protosynthesisatk
|move|p1a: Pult|Dragon Dance|p1a: Pult
|-boost|p1a: Pult|atk|1
|-boost|p1a: Pult|spe|1
|
|-weather|SunnyDay|[upkeep]
|-heal|p1a: Pult|84/100|[from] item: Leftovers
|upkeep
|turn|19
|
|t:|1776082272
|-terastallize|p1a: Pult|Dragon
|move|p1a: Pult|Dragon Darts|p2a: Great Tusk
|-damage|p2a: Great Tusk|45/100
|-anim|p1a: Pult|Dragon Darts|p2a: Great Tusk
|-damage|p2a: Great Tusk|0 fnt
|faint|p2a: Great Tusk
|-end|p2a: Great Tusk|Protosynthesis|[silent]
|
|-weather|SunnyDay|[upkeep]
|-heal|p1a: Pult|90/100|[from] item: Leftovers
|upkeep
|
|t:|1776082281
|switch|p2a: Charizard|Charizard, F|100/100
|turn|20
|
|t:|1776082288
|move|p1a: Pult|Dragon Darts|p2a: Charizard
|-damage|p2a: Charizard|2/100
|-anim|p1a: Pult|Dragon Darts|p2a: Charizard
|-damage|p2a: Charizard|0 fnt
|faint|p2a: Charizard
|
|-weather|SunnyDay|[upkeep]
|-heal|p1a: Pult|96/100|[from] item: Leftovers
|upkeep
|-message|l4v forfeited.
|
|win|jayjay4621
|raw|jayjay4621's rating: 1381 &rarr; <strong>1403</strong><br />(+22 for winning)
|raw|l4v's rating: 1424 &rarr; <strong>1402</strong><br />(-22 for losing)
|l|☆l4v
|player|p2|
|l|☆jayjay4621
|player|p1|
