|html|<div class="broadcast-blue"><strong>[Gen 9] OU is currently suspecting Tera Blast! For information on how to participate check out the <a href="https://www.smogon.com/tools/suspects/view/200">suspect thread</a>.</strong></div>
|j|☆frankiejkuna
|j|☆Sharpergamer
|t:|1776056612
|gametype|singles
|player|p1|frankiejkuna|102|1069
|player|p2|Sharpergamer|gentleman|1122
|gen|9
|tier|[Gen 9] OU
|rated|
|rule|HP Percentage Mod: HP is shown in percentages
|rule|Endless Battle Clause: Forcing endless battles is banned
|rule|Species Clause: Limit one of each Pokémon
|rule|OHKO Clause: OHKO moves are banned
|rule|Evasion Items Clause: Evasion items are banned
|rule|Evasion Moves Clause: Evasion moves are banned
|rule|Evasion Abilities Clause: Evasion abilities are banned
|rule|Sleep Moves Clause: Sleep-inducing moves are banned
|clearpoke
|poke|p1|Exeggutor, M|
|poke|p1|Gholdengo|
|poke|p1|Blissey, F|
|poke|p1|Glimmora, F|
|poke|p1|Slither Wing|
|poke|p1|Darkrai|
|poke|p2|Conkeldurr, M|
|poke|p2|Kingambit, F|
|poke|p2|Spidops, M|
|poke|p2|Ursaluna, M|
|poke|p2|Cinderace, F|
|poke|p2|Gengar, M|
|teampreview
|inactive|Battle timer is ON: inactive players will automatically lose when time's up. (requested by Sharpergamer)
|
|t:|1776056649
|teamsize|p1|6
|teamsize|p2|6
|start
|switch|p1a: Little Wig|Slither Wing|100/100
|switch|p2a: Conkeldurr|Conkeldurr, M|100/100
|turn|1
|
|t:|1776056660
|move|p1a: Little Wig|U-turn|p2a: Conkeldurr
|-resisted|p2a: Conkeldurr
|-damage|p2a: Conkeldurr|86/100
|
|t:|1776056665
|-end|p1a: Little Wig|Protosynthesis|[silent]
|switch|p1a: Party Pete|Gholdengo|100/100|[from] U-turn
|move|p2a: Conkeldurr|Bulk Up|p2a: Conkeldurr
|-boost|p2a: Conkeldurr|atk|1
|-boost|p2a: Conkeldurr|def|1
|
|-status|p2a: Conkeldurr|brn|[from] item: Flame Orb
|upkeep
|turn|2
|
|t:|1776056679
|switch|p2a: Spidops|Spidops, M|100/100
|move|p1a: Party Pete|Hex|p2a: Spidops
|-damage|p2a: Spidops|67/100
|
|upkeep
|turn|3
|
|t:|1776056689
|move|p1a: Party Pete|Make It Rain|p2a: Spidops
|-damage|p2a: Spidops|5/100
|-unboost|p1a: Party Pete|spa|1
|move|p2a: Spidops|Knock Off|p1a: Party Pete
|-supereffective|p1a: Party Pete
|-damage|p1a: Party Pete|73/100
|-damage|p2a: Spidops|0 fnt|[from] item: Rocky Helmet|[of] p1a: Party Pete
|faint|p2a: Spidops
|
|upkeep
|
|t:|1776056698
|switch|p2a: Gengar|Gengar, M|100/100
|turn|4
|
|t:|1776056702
|switch|p1a: Gorge|Blissey, F|100/100
|move|p2a: Gengar|Shadow Ball|p1a: Gorge
|-immune|p1a: Gorge
|
|upkeep
|turn|5
|
|t:|1776056719
|switch|p2a: Cinderace|Cinderace, F|100/100
|move|p1a: Gorge|Ice Beam|p2a: Cinderace
|-resisted|p2a: Cinderace
|-damage|p2a: Cinderace|85/100
|-status|p2a: Cinderace|frz
|
|upkeep
|turn|6
|inactive|frankiejkuna has 120 seconds left.
|
|t:|1776056744
|switch|p1a: Mimosa|Glimmora, F|100/100
|-curestatus|p2a: Cinderace|frz|[from] move: Pyro Ball
|move|p2a: Cinderace|Pyro Ball|p1a: Mimosa
|-resisted|p1a: Mimosa
|-damage|p1a: Mimosa|62/100
|-activate|p1a: Mimosa|ability: Toxic Debris
|-sidestart|p2: Sharpergamer|move: Toxic Spikes
|
|upkeep
|turn|7
|inactive|frankiejkuna has 120 seconds left.
|
|t:|1776056755
|move|p2a: Cinderace|Pyro Ball|p1a: Mimosa
|-resisted|p1a: Mimosa
|-damage|p1a: Mimosa|21/100
|-activate|p1a: Mimosa|ability: Toxic Debris
|-sidestart|p2: Sharpergamer|move: Toxic Spikes
|move|p1a: Mimosa|Earth Power|p2a: Cinderace
|-supereffective|p2a: Cinderace
|-damage|p2a: Cinderace|2/100
|
|upkeep
|turn|8
|inactive|frankiejkuna has 120 seconds left.
|
|t:|1776056769
|move|p2a: Cinderace|Pyro Ball|p1a: Mimosa
|-resisted|p1a: Mimosa
|-damage|p1a: Mimosa|0 fnt
|faint|p1a: Mimosa
|
|upkeep
|
|t:|1776056774
|switch|p1a: Little Wig|Slither Wing|100/100
|turn|9
|
|t:|1776056777
|move|p1a: Little Wig|First Impression|p2a: Cinderace
|-resisted|p2a: Cinderace
|-damage|p2a: Cinderace|0 fnt
|faint|p2a: Cinderace
|
|upkeep
|
|t:|1776056781
|switch|p2a: Gengar|Gengar, M|100/100
|-sideend|p2: Sharpergamer|move: Toxic Spikes|[of] p2a: Gengar
|turn|10
|
|t:|1776056795
|move|p2a: Gengar|Trick|p1a: Little Wig
|-activate|p2a: Gengar|move: Trick|[of] p1a: Little Wig
|-item|p1a: Little Wig|Choice Scarf|[from] move: Trick
|-item|p2a: Gengar|Heavy-Duty Boots|[from] move: Trick
|move|p1a: Little Wig|Will-O-Wisp|p2a: Gengar
|-status|p2a: Gengar|brn
|
|-damage|p2a: Gengar|94/100 brn|[from] brn
|upkeep
|turn|11
|
|t:|1776056812
|-end|p1a: Little Wig|Protosynthesis|[silent]
|switch|p1a: Gorge|Blissey, F|100/100
|move|p2a: Gengar|Dazzling Gleam|p1a: Gorge
|-damage|p1a: Gorge|89/100
|
|-damage|p2a: Gengar|88/100 brn|[from] brn
|upkeep
|turn|12
|
|t:|1776056825
|move|p2a: Gengar|Trick|p1a: Gorge
|-activate|p2a: Gengar|move: Trick|[of] p1a: Gorge
|-item|p1a: Gorge|Heavy-Duty Boots|[from] move: Trick
|-item|p2a: Gengar|Choice Scarf|[from] move: Trick
|move|p1a: Gorge|Ice Beam|p2a: Gengar
|-damage|p2a: Gengar|55/100 brn
|
|-damage|p2a: Gengar|49/100 brn|[from] brn
|upkeep
|turn|13
|inactive|frankiejkuna has 120 seconds left.
|
|t:|1776056855
|switch|p2a: Conkeldurr|Conkeldurr, M|86/100 brn
|switch|p1a: Little Wig|Slither Wing|100/100
|
|-damage|p2a: Conkeldurr|80/100 brn|[from] brn
|upkeep
|turn|14
|
|t:|1776056876
|-terastallize|p2a: Conkeldurr|Poison
|move|p1a: Little Wig|U-turn|p2a: Conkeldurr
|-resisted|p2a: Conkeldurr
|-damage|p2a: Conkeldurr|67/100 brn
|
|t:|1776056885
|-end|p1a: Little Wig|Protosynthesis|[silent]
|switch|p1a: Party Pete|Gholdengo|73/100|[from] U-turn
|move|p2a: Conkeldurr|Poison Jab|p1a: Party Pete
|-immune|p1a: Party Pete
|
|-damage|p2a: Conkeldurr|61/100 brn|[from] brn
|upkeep
|turn|15
|
|t:|1776056893
|switch|p2a: Ursaluna|Ursaluna, M|100/100
|move|p1a: Party Pete|Hex|p2a: Ursaluna
|-immune|p2a: Ursaluna
|
|-status|p2a: Ursaluna|brn|[from] item: Flame Orb
|upkeep
|turn|16
|
|t:|1776056911
|move|p1a: Party Pete|Make It Rain|p2a: Ursaluna
|-damage|p2a: Ursaluna|56/100 brn
|-unboost|p1a: Party Pete|spa|1
|move|p2a: Ursaluna|Earthquake|p1a: Party Pete
|-supereffective|p1a: Party Pete
|-damage|p1a: Party Pete|0 fnt
|faint|p1a: Party Pete
|
|-damage|p2a: Ursaluna|49/100 brn|[from] brn
|upkeep
|
|t:|1776056923
|switch|p1a: Carmine|Darkrai|100/100
|turn|17
|
|t:|1776056927
|move|p1a: Carmine|Ice Beam|p2a: Ursaluna
|-supereffective|p2a: Ursaluna
|-damage|p2a: Ursaluna|0 fnt
|faint|p2a: Ursaluna
|
|upkeep
|
|t:|1776056931
|switch|p2a: Gengar|Gengar, M|49/100 brn
|turn|18
|
|t:|1776056937
|move|p2a: Gengar|Destiny Bond|p2a: Gengar
|-singlemove|p2a: Gengar|Destiny Bond
|move|p1a: Carmine|Dark Pulse|p2a: Gengar
|-supereffective|p2a: Gengar
|-damage|p2a: Gengar|0 fnt
|faint|p2a: Gengar
|-activate|p2a: Gengar|move: Destiny Bond
|faint|p1a: Carmine
|
|upkeep
|
|t:|1776056956
|switch|p1a: Pinap Pap|Exeggutor, M, shiny|100/100
|switch|p2a: Conkeldurr|Conkeldurr, M, tera:Poison|61/100 brn
|turn|19
|
|t:|1776056962
|move|p1a: Pinap Pap|Substitute|p1a: Pinap Pap
|-start|p1a: Pinap Pap|Substitute
|-damage|p1a: Pinap Pap|75/100
|move|p2a: Conkeldurr|Poison Jab|p1a: Pinap Pap
|-supereffective|p1a: Pinap Pap
|-end|p1a: Pinap Pap|Substitute
|
|-damage|p2a: Conkeldurr|55/100 brn|[from] brn
|upkeep
|turn|20
|
|t:|1776056988
|-terastallize|p1a: Pinap Pap|Poison
|move|p1a: Pinap Pap|Substitute|p1a: Pinap Pap
|-start|p1a: Pinap Pap|Substitute
|-damage|p1a: Pinap Pap|50/100
|move|p2a: Conkeldurr|Poison Jab|p1a: Pinap Pap
|-resisted|p1a: Pinap Pap
|-end|p1a: Pinap Pap|Substitute
|
|-damage|p2a: Conkeldurr|49/100 brn|[from] brn
|upkeep
|turn|21
|
|t:|1776057006
|move|p1a: Pinap Pap|Substitute|p1a: Pinap Pap
|-start|p1a: Pinap Pap|Substitute
|-damage|p1a: Pinap Pap|25/100
|-enditem|p1a: Pinap Pap|Starf Berry|[eat]
|-boost|p1a: Pinap Pap|atk|2|[from] item: Starf Berry
|move|p2a: Conkeldurr|Bulk Up|p2a: Conkeldurr
|-boost|p2a: Conkeldurr|atk|1
|-boost|p2a: Conkeldurr|def|1
|
|-damage|p2a: Conkeldurr|43/100 brn|[from] brn
|-item|p1a: Pinap Pap|Starf Berry|[from] ability: Harvest
|upkeep
|-enditem|p1a: Pinap Pap|Starf Berry|[eat]
|-boost|p1a: Pinap Pap|atk|2|[from] item: Starf Berry
|turn|22
|
|t:|1776057020
|move|p1a: Pinap Pap|Protect|p1a: Pinap Pap
|-singleturn|p1a: Pinap Pap|Protect
|move|p2a: Conkeldurr|Mach Punch|p1a: Pinap Pap
|-activate|p1a: Pinap Pap|move: Protect
|
|-damage|p2a: Conkeldurr|37/100 brn|[from] brn
|upkeep
|turn|23
|inactive|frankiejkuna has 120 seconds left.
|
|t:|1776057043
|move|p2a: Conkeldurr|Mach Punch|p1a: Pinap Pap
|-resisted|p1a: Pinap Pap
|-activate|p1a: Pinap Pap|move: Substitute|[damage]
|move|p1a: Pinap Pap|Synthesis|p1a: Pinap Pap
|-heal|p1a: Pinap Pap|75/100
|
|-damage|p2a: Conkeldurr|31/100 brn|[from] brn
|-item|p1a: Pinap Pap|Starf Berry|[from] ability: Harvest
|upkeep
|turn|24
|inactive|frankiejkuna has 120 seconds left.
|
|t:|1776057054
|move|p1a: Pinap Pap|Stored Power|p2a: Conkeldurr
|-supereffective|p2a: Conkeldurr
|-damage|p2a: Conkeldurr|0 fnt
|faint|p2a: Conkeldurr
|
|upkeep
|
|t:|1776057058
|switch|p2a: Kingambit|Kingambit, F|100/100
|-activate|p2a: Kingambit|ability: Supreme Overlord
|-start|p2a: Kingambit|fallen5|[silent]
|turn|25
|
|t:|1776057063
|switch|p1a: Little Wig|Slither Wing|100/100
|move|p2a: Kingambit|Kowtow Cleave|p1a: Little Wig
|-resisted|p1a: Little Wig
|-damage|p1a: Little Wig|70/100
|
|upkeep
|turn|26
|
|t:|1776057069
|move|p1a: Little Wig|Will-O-Wisp|p2a: Kingambit
|-status|p2a: Kingambit|brn
|move|p2a: Kingambit|Swords Dance|p2a: Kingambit
|-boost|p2a: Kingambit|atk|2
|
|-damage|p2a: Kingambit|94/100 brn|[from] brn
|upkeep
|turn|27
|-message|Sharpergamer forfeited.
|
|win|frankiejkuna
|raw|frankiejkuna's rating: 1069 &rarr; <strong>1103</strong><br />(+34 for winning)
|raw|Sharpergamer's rating: 1122 &rarr; <strong>1093</strong><br />(-29 for losing)
|l|☆Sharpergamer
|player|p2|
|l|☆frankiejkuna
|player|p1|
