|html|<div class="broadcast-blue"><strong>[Gen 9] OU is currently suspecting Tera Blast! For information on how to participate check out the <a href="https://www.smogon.com/tools/suspects/view/200">suspect thread</a>.</strong></div>
|j|☆elpets
|j|☆like gold
|t:|1776120444
|gametype|singles
|player|p1|elpets|infielder|1679
|player|p2|like gold|steven|1668
|gen|9
|tier|[Gen 9] OU
|rated|
|rule|HP Percentage Mod: HP is shown in percentages
|rule|Endless Battle Clause: Forcing endless battles is banned
|rule|Species Clause: Limit one of each Pokémon
|rule|OHKO Clause: OHKO moves are banned
|rule|Evasion Items Clause: Evasion items are banned
|rule|Evasion Moves Clause: Evasion moves are banned
|rule|Evasion Abilities Clause: Evasion abilities are banned
|rule|Sleep Moves Clause: Sleep-inducing moves are banned
|clearpoke
|poke|p1|Hatterene, F|
|poke|p1|Dragonite, F|
|poke|p1|Breloom, M|
|poke|p1|Azumarill, F|
|poke|p1|Great Tusk|
|poke|p1|Skeledirge, F|
|poke|p2|Kyurem|
|poke|p2|Tornadus-Therian, M|
|poke|p2|Hatterene, F|
|poke|p2|Great Tusk|
|poke|p2|Kingambit, F|
|poke|p2|Arcanine-Hisui, M|
|teampreview
|inactive|Battle timer is ON: inactive players will automatically lose when time's up. (requested by elpets)
|
|t:|1776120459
|teamsize|p1|6
|teamsize|p2|6
|start
|switch|p1a: Azumarill|Azumarill, F|100/100
|switch|p2a: Kyurem|Kyurem|100/100
|-ability|p2a: Kyurem|Pressure
|turn|1
|
|t:|1776120478
|move|p2a: Kyurem|Freeze-Dry|p1a: Azumarill
|-supereffective|p1a: Azumarill
|-damage|p1a: Azumarill|32/100
|move|p1a: Azumarill|Play Rough|p2a: Kyurem
|-supereffective|p2a: Kyurem
|-damage|p2a: Kyurem|0 fnt
|faint|p2a: Kyurem
|
|upkeep
|
|t:|1776120492
|switch|p2a: Tornadus|Tornadus-Therian, M|100/100
|turn|2
|
|t:|1776120497
|move|p2a: Tornadus|Bleakwind Storm|p1a: Azumarill
|-damage|p1a: Azumarill|9/100
|-unboost|p1a: Azumarill|spe|1
|move|p1a: Azumarill|Knock Off|p2a: Tornadus
|-damage|p2a: Tornadus|49/100
|-enditem|p2a: Tornadus|Assault Vest|[from] move: Knock Off|[of] p1a: Azumarill
|
|upkeep
|turn|3
|
|t:|1776120504
|move|p1a: Azumarill|Aqua Jet|p2a: Tornadus
|-damage|p2a: Tornadus|19/100
|move|p2a: Tornadus|Knock Off|p1a: Azumarill
|-resisted|p1a: Azumarill
|-damage|p1a: Azumarill|0 fnt
|-enditem|p1a: Azumarill|Assault Vest|[from] move: Knock Off|[of] p2a: Tornadus
|faint|p1a: Azumarill
|
|upkeep
|
|t:|1776120513
|switch|p1a: Dragonite|Dragonite, F|100/100
|turn|4
|
|t:|1776120517
|move|p2a: Tornadus|U-turn|p1a: Dragonite
|-resisted|p1a: Dragonite
|-damage|p1a: Dragonite|96/100
|
|t:|1776120520
|switch|p2a: Great Tusk|Great Tusk|100/100|[from] U-turn
|move|p1a: Dragonite|Dragon Dance|p1a: Dragonite
|-boost|p1a: Dragonite|atk|1
|-boost|p1a: Dragonite|spe|1
|
|upkeep
|turn|5
|
|t:|1776120526
|move|p1a: Dragonite|Outrage|p2a: Great Tusk
|-damage|p2a: Great Tusk|42/100
|-damage|p1a: Dragonite|80/100|[from] item: Rocky Helmet|[of] p2a: Great Tusk
|move|p2a: Great Tusk|Ice Spinner|p1a: Dragonite
|-supereffective|p1a: Dragonite
|-damage|p1a: Dragonite|0 fnt
|faint|p1a: Dragonite
|
|upkeep
|
|t:|1776120535
|switch|p1a: Hatterene|Hatterene, F|100/100
|turn|6
|
|t:|1776120544
|move|p2a: Great Tusk|Headlong Rush|p1a: Hatterene
|-damage|p1a: Hatterene|45/100
|-unboost|p2a: Great Tusk|def|1
|-unboost|p2a: Great Tusk|spd|1
|move|p1a: Hatterene|Trick Room|p1a: Hatterene
|-fieldstart|move: Trick Room|[of] p1a: Hatterene
|
|-heal|p1a: Hatterene|51/100|[from] item: Leftovers
|upkeep
|turn|7
|
|t:|1776120550
|move|p1a: Hatterene|Draining Kiss|p2a: Great Tusk
|-supereffective|p2a: Great Tusk
|-damage|p2a: Great Tusk|0 fnt
|-heal|p1a: Hatterene|94/100|[from] drain|[of] p2a: Great Tusk
|-damage|p1a: Hatterene|77/100|[from] item: Rocky Helmet|[of] p2a: Great Tusk
|faint|p2a: Great Tusk
|-end|p2a: Great Tusk|Protosynthesis|[silent]
|
|-heal|p1a: Hatterene|83/100|[from] item: Leftovers
|upkeep
|
|t:|1776120554
|switch|p2a: Arcanine|Arcanine-Hisui, M|100/100
|turn|8
|inactive|elpets has 120 seconds left.
|
|t:|1776120584
|move|p1a: Hatterene|Psyshock|p2a: Arcanine
|-damage|p2a: Arcanine|46/100
|move|p2a: Arcanine|Flare Blitz|p1a: Hatterene
|-damage|p1a: Hatterene|0 fnt
|faint|p1a: Hatterene
|
|upkeep
|inactive|elpets has 120 seconds left.
|
|t:|1776120597
|switch|p1a: Ippo|Breloom, M|100/100
|turn|9
|
|t:|1776120600
|switch|p2a: Hatterene|Hatterene, F|100/100
|move|p1a: Ippo|Rock Tomb|p2a: Hatterene
|-damage|p2a: Hatterene|74/100
|-unboost|p2a: Hatterene|spe|1
|
|-heal|p2a: Hatterene|80/100|[from] item: Leftovers
|upkeep
|turn|10
|
|t:|1776120612
|switch|p1a: Skeledirge|Skeledirge, F|100/100
|move|p2a: Hatterene|Psychic Noise|p1a: Skeledirge
|-damage|p1a: Skeledirge|66/100
|
|-heal|p2a: Hatterene|86/100|[from] item: Leftovers
|-fieldend|move: Trick Room
|upkeep
|turn|11
|
|t:|1776120618
|move|p1a: Skeledirge|Torch Song|p2a: Hatterene
|-damage|p2a: Hatterene|55/100
|-boost|p1a: Skeledirge|spa|1
|move|p2a: Hatterene|Nuzzle|p1a: Skeledirge
|-damage|p1a: Skeledirge|63/100
|
|-heal|p2a: Hatterene|61/100|[from] item: Leftovers
|upkeep
|turn|12
|
|t:|1776120632
|move|p1a: Skeledirge|Shadow Ball|p2a: Hatterene
|-supereffective|p2a: Hatterene
|-damage|p2a: Hatterene|0 fnt
|faint|p2a: Hatterene
|
|upkeep
|
|t:|1776120636
|switch|p2a: Arcanine|Arcanine-Hisui, M|46/100
|turn|13
|
|t:|1776120644
|-terastallize|p1a: Skeledirge|Water
|move|p2a: Arcanine|Head Smash|p1a: Skeledirge
|-damage|p1a: Skeledirge|1/100
|move|p1a: Skeledirge|Slack Off|p1a: Skeledirge
|-heal|p1a: Skeledirge|51/100
|
|upkeep
|turn|14
|
|t:|1776120651
|switch|p1a: Ippo|Breloom, M|100/100
|move|p2a: Arcanine|Head Smash|p1a: Ippo|[miss]
|-miss|p2a: Arcanine|p1a: Ippo
|
|upkeep
|turn|15
|
|t:|1776120657
|switch|p2a: Tornadus|Tornadus-Therian, M|52/100
|move|p1a: Ippo|Rock Tomb|p2a: Tornadus
|-supereffective|p2a: Tornadus
|-damage|p2a: Tornadus|0 fnt
|faint|p2a: Tornadus
|
|upkeep
|
|t:|1776120662
|switch|p2a: Kingambit|Kingambit, F|100/100
|-activate|p2a: Kingambit|ability: Supreme Overlord
|-start|p2a: Kingambit|fallen4|[silent]
|turn|16
|
|t:|1776120692
|-terastallize|p2a: Kingambit|Fairy
|move|p1a: Ippo|Mach Punch|p2a: Kingambit
|-resisted|p2a: Kingambit
|-damage|p2a: Kingambit|89/100
|move|p2a: Kingambit|Tera Blast|p1a: Ippo|[anim] Tera Blast Fairy
|-supereffective|p1a: Ippo
|-enditem|p1a: Ippo|Focus Sash
|-damage|p1a: Ippo|1/100
|
|-heal|p2a: Kingambit|95/100|[from] item: Leftovers
|upkeep
|turn|17
|
|t:|1776120704
|move|p1a: Ippo|Mach Punch|p2a: Kingambit
|-resisted|p2a: Kingambit
|-damage|p2a: Kingambit|83/100
|move|p2a: Kingambit|Tera Blast|p1a: Ippo|[anim] Tera Blast Fairy
|-supereffective|p1a: Ippo
|-damage|p1a: Ippo|0 fnt
|faint|p1a: Ippo
|
|-heal|p2a: Kingambit|89/100|[from] item: Leftovers
|upkeep
|
|t:|1776120706
|switch|p1a: Great Tusk|Great Tusk|100/100
|-enditem|p1a: Great Tusk|Booster Energy
|-activate|p1a: Great Tusk|ability: Protosynthesis|[fromitem]
|-start|p1a: Great Tusk|protosynthesisatk
|turn|18
|
|t:|1776120708
|move|p1a: Great Tusk|Headlong Rush|p2a: Kingambit
|-damage|p2a: Kingambit|32/100
|-unboost|p1a: Great Tusk|def|1
|-unboost|p1a: Great Tusk|spd|1
|move|p2a: Kingambit|Tera Blast|p1a: Great Tusk|[anim] Tera Blast Fairy
|-supereffective|p1a: Great Tusk
|-damage|p1a: Great Tusk|0 fnt
|faint|p1a: Great Tusk
|-end|p1a: Great Tusk|Protosynthesis|[silent]
|
|-heal|p2a: Kingambit|38/100|[from] item: Leftovers
|upkeep
|
|t:|1776120713
|switch|p1a: Skeledirge|Skeledirge, F, tera:Water|51/100
|turn|19
|
|t:|1776120718
|move|p1a: Skeledirge|Slack Off|p1a: Skeledirge
|-heal|p1a: Skeledirge|100/100
|move|p2a: Kingambit|Kowtow Cleave|p1a: Skeledirge
|-damage|p1a: Skeledirge|57/100
|
|-heal|p2a: Kingambit|45/100|[from] item: Leftovers
|upkeep
|turn|20
|
|t:|1776120722
|move|p1a: Skeledirge|Torch Song|p2a: Kingambit
|-damage|p2a: Kingambit|18/100
|-boost|p1a: Skeledirge|spa|1
|move|p2a: Kingambit|Kowtow Cleave|p1a: Skeledirge
|-damage|p1a: Skeledirge|18/100
|
|-heal|p2a: Kingambit|24/100|[from] item: Leftovers
|upkeep
|turn|21
|
|t:|1776120728
|move|p1a: Skeledirge|Slack Off|p1a: Skeledirge
|-heal|p1a: Skeledirge|68/100
|move|p2a: Kingambit|Kowtow Cleave|p1a: Skeledirge
|-damage|p1a: Skeledirge|23/100
|
|-heal|p2a: Kingambit|30/100|[from] item: Leftovers
|upkeep
|turn|22
|
|t:|1776120731
|move|p1a: Skeledirge|Slack Off|p1a: Skeledirge
|-heal|p1a: Skeledirge|73/100
|move|p2a: Kingambit|Kowtow Cleave|p1a: Skeledirge
|-crit|p1a: Skeledirge
|-damage|p1a: Skeledirge|7/100
|
|-heal|p2a: Kingambit|36/100|[from] item: Leftovers
|upkeep
|turn|23
|
|t:|1776120733
|move|p1a: Skeledirge|Slack Off|p1a: Skeledirge
|-heal|p1a: Skeledirge|57/100
|move|p2a: Kingambit|Kowtow Cleave|p1a: Skeledirge
|-damage|p1a: Skeledirge|12/100
|
|-heal|p2a: Kingambit|43/100|[from] item: Leftovers
|upkeep
|turn|24
|
|t:|1776120739
|move|p1a: Skeledirge|Torch Song|p2a: Kingambit
|-damage|p2a: Kingambit|0 fnt
|-boost|p1a: Skeledirge|spa|1
|faint|p2a: Kingambit
|-end|p2a: Kingambit|fallen4|[silent]
|
|upkeep
|
|t:|1776120742
|switch|p2a: Arcanine|Arcanine-Hisui, M|46/100
|turn|25
|-message|elpets forfeited.
|
|win|like gold
|raw|elpets's rating: 1679 &rarr; <strong>1658</strong><br />(-21 for losing)
|raw|like gold's rating: 1668 &rarr; <strong>1689</strong><br />(+21 for winning)
|l|☆elpets
|player|p1|
