|html|<div class="broadcast-blue"><strong>[Gen 9] OU is currently suspecting Tera Blast! For information on how to participate check out the <a href="https://www.smogon.com/tools/suspects/view/200">suspect thread</a>.</strong></div>
|j|☆thegrindto2000dez
|j|‽fddfdf
|t:|1776060948
|gametype|singles
|player|p1|thegrindto2000dez|169|1210
|player|p2|fddfdf|cynthia|1286
|gen|9
|tier|[Gen 9] OU
|rated|
|rule|HP Percentage Mod: HP is shown in percentages
|rule|Endless Battle Clause: Forcing endless battles is banned
|rule|Species Clause: Limit one of each Pokémon
|rule|OHKO Clause: OHKO moves are banned
|rule|Evasion Items Clause: Evasion items are banned
|rule|Evasion Moves Clause: Evasion moves are banned
|rule|Evasion Abilities Clause: Evasion abilities are banned
|rule|Sleep Moves Clause: Sleep-inducing moves are banned
|clearpoke
|poke|p1|Pecharunt|
|poke|p1|Dragapult, M|
|poke|p1|Weavile, F|
|poke|p1|Great Tusk|
|poke|p1|Ogerpon-Wellspring, F|
|poke|p1|Latias, F|
|poke|p2|Lycanroc-Dusk, M|
|poke|p2|Gholdengo|
|poke|p2|Ribombee, M|
|poke|p2|Alomomola, M|
|poke|p2|Glimmora, M|
|poke|p2|Zamazenta-*|
|teampreview
|inactive|Battle timer is ON: inactive players will automatically lose when time's up. (requested by thegrindto2000dez)
|inactive|fddfdf also wants the timer to be on.
|j| ohko_smeargle
|
|t:|1776060956
|teamsize|p1|6
|teamsize|p2|6
|start
|switch|p1a: Weavile|Weavile, F|100/100
|switch|p2a: Ribombee|Ribombee, M|100/100
|-ability|p1a: Weavile|Pressure
|turn|1
|
|t:|1776060969
|move|p1a: Weavile|Triple Axel|p2a: Ribombee|[miss]
|-miss|p1a: Weavile|p2a: Ribombee
|move|p2a: Ribombee|Sticky Web|p1a: Weavile
|-sidestart|p1: thegrindto2000dez|move: Sticky Web
|
|upkeep
|turn|2
|
|t:|1776060978
|switch|p2a: Alomomola|Alomomola, M|100/100
|move|p1a: Weavile|Triple Axel|p2a: Alomomola
|-resisted|p2a: Alomomola
|-damage|p2a: Alomomola|95/100
|-resisted|p2a: Alomomola
|-damage|p2a: Alomomola|85/100
|-resisted|p2a: Alomomola
|-damage|p2a: Alomomola|69/100
|-hitcount|p2a: Alomomola|3
|
|upkeep
|turn|3
|
|t:|1776060988
|switch|p1a: Ogerpon|Ogerpon-Wellspring, F|100/100
|-activate|p1a: Ogerpon|move: Sticky Web
|-unboost|p1a: Ogerpon|spe|1
|move|p2a: Alomomola|Flip Turn|p1a: Ogerpon
|-immune|p1a: Ogerpon|[from] ability: Water Absorb
|
|upkeep
|turn|4
|
|t:|1776061016
|switch|p2a: Zamazenta|Zamazenta|100/100
|-ability|p2a: Zamazenta|Dauntless Shield|boost
|-boost|p2a: Zamazenta|def|1
|move|p1a: Ogerpon|Ivy Cudgel|p2a: Zamazenta|[anim] Ivy Cudgel Water
|-crit|p2a: Zamazenta
|-damage|p2a: Zamazenta|32/100
|
|-heal|p2a: Zamazenta|38/100|[from] item: Leftovers
|upkeep
|turn|5
|
|t:|1776061032
|move|p2a: Zamazenta|Body Press|p1a: Ogerpon
|-damage|p1a: Ogerpon|27/100
|move|p1a: Ogerpon|Ivy Cudgel|p2a: Zamazenta|[anim] Ivy Cudgel Water
|-crit|p2a: Zamazenta
|-damage|p2a: Zamazenta|0 fnt
|faint|p2a: Zamazenta
|
|upkeep
|inactive|fddfdf has 120 seconds left.
|
|t:|1776061044
|switch|p2a: Lycanroc|Lycanroc-Dusk, M|100/100
|turn|6
|
|t:|1776061063
|switch|p1a: Great Tusk|Great Tusk|100/100
|-activate|p1a: Great Tusk|move: Sticky Web
|-unboost|p1a: Great Tusk|spe|1
|move|p2a: Lycanroc|Play Rough|p1a: Great Tusk
|-supereffective|p1a: Great Tusk
|-crit|p1a: Great Tusk
|-damage|p1a: Great Tusk|3/100
|-damage|p2a: Lycanroc|91/100|[from] item: Life Orb
|
|upkeep
|turn|7
|
|t:|1776061073
|move|p2a: Lycanroc|Crunch|p1a: Great Tusk
|-resisted|p1a: Great Tusk
|-damage|p1a: Great Tusk|0 fnt
|faint|p1a: Great Tusk
|-end|p1a: Great Tusk|Protosynthesis|[silent]
|-damage|p2a: Lycanroc|81/100|[from] item: Life Orb
|
|upkeep
|
|t:|1776061085
|switch|p1a: Weavile|Weavile, F|100/100
|-activate|p1a: Weavile|move: Sticky Web
|-unboost|p1a: Weavile|spe|1
|-ability|p1a: Weavile|Pressure
|turn|8
|
|t:|1776061094
|-terastallize|p2a: Lycanroc|Rock
|-terastallize|p1a: Weavile|Ice
|move|p2a: Lycanroc|Accelerock|p1a: Weavile
|-supereffective|p1a: Weavile
|-damage|p1a: Weavile|0 fnt
|faint|p1a: Weavile
|-damage|p2a: Lycanroc|71/100|[from] item: Life Orb
|
|upkeep
|-message|thegrindto2000dez forfeited.
|
|win|fddfdf
|raw|thegrindto2000dez's rating: 1210 &rarr; <strong>1190</strong><br />(-20 for losing)
|raw|fddfdf's rating: 1286 &rarr; <strong>1306</strong><br />(+20 for winning)
|l|☆thegrindto2000dez
|player|p1|
|l| ohko_smeargle
|l|‽fddfdf
|player|p2|
