|html|<div class="broadcast-blue"><strong>[Gen 9] OU is currently suspecting Tera Blast! For information on how to participate check out the <a href="https://www.smogon.com/tools/suspects/view/200">suspect thread</a>.</strong></div>
|j|☆Milion_UwU
|j|☆tommy tingles
|t:|1776033209
|gametype|singles
|player|p1|Milion_UwU|wally|1267
|player|p2|tommy tingles|flannery|1296
|gen|9
|tier|[Gen 9] OU
|rated|
|rule|HP Percentage Mod: HP is shown in percentages
|rule|Endless Battle Clause: Forcing endless battles is banned
|rule|Species Clause: Limit one of each Pokémon
|rule|OHKO Clause: OHKO moves are banned
|rule|Evasion Items Clause: Evasion items are banned
|rule|Evasion Moves Clause: Evasion moves are banned
|rule|Evasion Abilities Clause: Evasion abilities are banned
|rule|Sleep Moves Clause: Sleep-inducing moves are banned
|clearpoke
|poke|p1|Reuniclus, F|
|poke|p1|Samurott-Hisui, M|
|poke|p1|Glimmora, M|
|poke|p1|Ribombee, F|
|poke|p1|Mew|
|poke|p1|Scizor, M|
|poke|p2|Politoed, F|
|poke|p2|Hatterene, F|
|poke|p2|Tornadus-Therian, M|
|poke|p2|Kyurem|
|poke|p2|Great Tusk|
|poke|p2|Samurott-Hisui, F|
|teampreview
|
|t:|1776033238
|teamsize|p1|6
|teamsize|p2|6
|start
|switch|p1a: Scizor|Scizor, M|100/100
|switch|p2a: Tornadus|Tornadus-Therian, M|100/100
|turn|1
|inactive|Battle timer is ON: inactive players will automatically lose when time's up. (requested by tommy tingles)
|
|t:|1776033254
|move|p2a: Tornadus|Bleakwind Storm|p1a: Scizor
|-damage|p1a: Scizor|23/100
|-damage|p2a: Tornadus|91/100|[from] item: Life Orb
|move|p1a: Scizor|Knock Off|p2a: Tornadus
|-damage|p2a: Tornadus|37/100
|-enditem|p2a: Tornadus|Life Orb|[from] move: Knock Off|[of] p1a: Scizor
|
|upkeep
|turn|2
|
|t:|1776033284
|switch|p2a: Great Tusk|Great Tusk|100/100
|switch|p1a: Glimmora|Glimmora, M, shiny|100/100
|
|upkeep
|turn|3
|inactive|Milion_UwU has 120 seconds left.
|
|t:|1776033307
|move|p2a: Great Tusk|Headlong Rush|p1a: Glimmora
|-supereffective|p1a: Glimmora
|-damage|p1a: Glimmora|0 fnt
|-unboost|p2a: Great Tusk|def|1
|-unboost|p2a: Great Tusk|spd|1
|-activate|p1a: Glimmora|ability: Toxic Debris
|-sidestart|p2: tommy tingles|move: Toxic Spikes
|faint|p1a: Glimmora
|
|upkeep
|
|t:|1776033316
|switch|p1a: Ribombee|Ribombee, F|100/100
|turn|4
|
|t:|1776033326
|-end|p2a: Great Tusk|Protosynthesis|[silent]
|switch|p2a: Hatterene|Hatterene, F|100/100
|-status|p2a: Hatterene|psn
|move|p1a: Ribombee|Quiver Dance|p1a: Ribombee
|-boost|p1a: Ribombee|spa|1
|-boost|p1a: Ribombee|spd|1
|-boost|p1a: Ribombee|spe|1
|
|-damage|p2a: Hatterene|88/100 psn|[from] psn
|upkeep
|turn|5
|
|t:|1776033336
|move|p1a: Ribombee|Quiver Dance|p1a: Ribombee
|-boost|p1a: Ribombee|spa|1
|-boost|p1a: Ribombee|spd|1
|-boost|p1a: Ribombee|spe|1
|move|p2a: Hatterene|Psychic Noise|p1a: Ribombee
|-damage|p1a: Ribombee|70/100
|
|-damage|p2a: Hatterene|76/100 psn|[from] psn
|upkeep
|turn|6
|
|t:|1776033354
|move|p1a: Ribombee|Quiver Dance|p1a: Ribombee
|-boost|p1a: Ribombee|spa|1
|-boost|p1a: Ribombee|spd|1
|-boost|p1a: Ribombee|spe|1
|move|p2a: Hatterene|Psychic Noise|p1a: Ribombee
|-damage|p1a: Ribombee|46/100
|
|-damage|p2a: Hatterene|64/100 psn|[from] psn
|upkeep
|turn|7
|
|t:|1776033365
|move|p1a: Ribombee|Moonblast|p2a: Hatterene
|-damage|p2a: Hatterene|0 fnt
|faint|p2a: Hatterene
|
|upkeep
|
|t:|1776033383
|switch|p2a: Kyurem|Kyurem|100/100
|-status|p2a: Kyurem|psn
|-ability|p2a: Kyurem|Pressure
|turn|8
|
|t:|1776033392
|-terastallize|p2a: Kyurem|Electric
|move|p1a: Ribombee|Moonblast|p2a: Kyurem
|-damage|p2a: Kyurem|0 fnt
|faint|p2a: Kyurem
|
|upkeep
|-message|tommy tingles forfeited.
|
|win|Milion_UwU
|raw|Milion_UwU's rating: 1267 &rarr; <strong>1294</strong><br />(+27 for winning)
|raw|tommy tingles's rating: 1296 &rarr; <strong>1269</strong><br />(-27 for losing)
|l|☆tommy tingles
|player|p2|
