|html|<div class="broadcast-blue"><strong>[Gen 9] OU is currently suspecting Tera Blast! For information on how to participate check out the <a href="https://www.smogon.com/tools/suspects/view/200">suspect thread</a>.</strong></div>
|j|☆Afiyah
|j|☆dyeyo23
|t:|1776105888
|gametype|singles
|player|p1|Afiyah|clerkf|1079
|player|p2|dyeyo23|170|1101
|gen|9
|tier|[Gen 9] OU
|rated|
|rule|HP Percentage Mod: HP is shown in percentages
|rule|Endless Battle Clause: Forcing endless battles is banned
|rule|Species Clause: Limit one of each Pokémon
|rule|OHKO Clause: OHKO moves are banned
|rule|Evasion Items Clause: Evasion items are banned
|rule|Evasion Moves Clause: Evasion moves are banned
|rule|Evasion Abilities Clause: Evasion abilities are banned
|rule|Sleep Moves Clause: Sleep-inducing moves are banned
|clearpoke
|poke|p1|Forretress, M|
|poke|p1|Yanmega, M|
|poke|p1|Scizor, M|
|poke|p1|Vespiquen, F|
|poke|p1|Slither Wing|
|poke|p1|Kricketune, F|
|poke|p2|Uxie|
|poke|p2|Scovillain, M|
|poke|p2|Venusaur, F|
|poke|p2|Whimsicott, F|
|poke|p2|Comfey, F|
|poke|p2|Walking Wake|
|teampreview
|inactive|Battle timer is ON: inactive players will automatically lose when time's up. (requested by Afiyah)
|
|t:|1776105909
|teamsize|p1|6
|teamsize|p2|6
|start
|switch|p1a: Kricketune|Kricketune, F|100/100
|switch|p2a: Uxie|Uxie|100/100
|turn|1
|
|t:|1776105915
|move|p2a: Uxie|Sunny Day|p2a: Uxie
|-weather|SunnyDay
|move|p1a: Kricketune|Sticky Web|p2a: Uxie
|-sidestart|p2: dyeyo23|move: Sticky Web
|
|-weather|SunnyDay|[upkeep]
|upkeep
|turn|2
|
|t:|1776105924
|move|p2a: Uxie|Stealth Rock|p1a: Kricketune
|-sidestart|p1: Afiyah|move: Stealth Rock
|move|p1a: Kricketune|Perish Song|p1a: Kricketune
|-start|p1a: Kricketune|perish3|[silent]
|-start|p2a: Uxie|perish3|[silent]
|-fieldactivate|move: Perish Song
|
|-weather|SunnyDay|[upkeep]
|-start|p2a: Uxie|perish3
|-start|p1a: Kricketune|perish3
|upkeep
|turn|3
|
|t:|1776105932
|switch|p1a: Forretress|Forretress, M|100/100
|move|p2a: Uxie|Knock Off|p1a: Forretress
|-damage|p1a: Forretress|90/100
|-enditem|p1a: Forretress|Heavy-Duty Boots|[from] move: Knock Off|[of] p2a: Uxie
|
|-weather|SunnyDay|[upkeep]
|-start|p2a: Uxie|perish2
|upkeep
|turn|4
|
|t:|1776105938
|move|p2a: Uxie|Memento|p1a: Forretress
|-unboost|p1a: Forretress|atk|2
|-unboost|p1a: Forretress|spa|2
|faint|p2a: Uxie
|move|p1a: Forretress|Stealth Rock|p2: Uxie
|-sidestart|p2: dyeyo23|move: Stealth Rock
|
|-weather|SunnyDay|[upkeep]
|upkeep
|
|t:|1776105950
|switch|p2a: Scovillain|Scovillain, M|100/100
|-activate|p2a: Scovillain|move: Sticky Web
|-unboost|p2a: Scovillain|spe|1
|-damage|p2a: Scovillain|76/100|[from] Stealth Rock
|turn|5
|inactive|Afiyah has 120 seconds left.
|
|t:|1776106001
|-terastallize|p1a: Forretress|Water
|move|p2a: Scovillain|Fire Blast|p1a: Forretress
|-resisted|p1a: Forretress
|-damage|p1a: Forretress|10/100
|move|p1a: Forretress|Rapid Spin|p2a: Scovillain
|-damage|p2a: Scovillain|65/100
|-boost|p1a: Forretress|spe|1
|-sideend|p1: Afiyah|Stealth Rock|[from] move: Rapid Spin|[of] p1a: Forretress
|
|-weather|SunnyDay|[upkeep]
|upkeep
|turn|6
|c|☆dyeyo23|Ggs
|inactive|Afiyah has 90 seconds left.
|
|t:|1776106025
|move|p2a: Scovillain|Fire Blast|p1a: Forretress
|-resisted|p1a: Forretress
|-damage|p1a: Forretress|0 fnt
|faint|p1a: Forretress
|
|-weather|SunnyDay|[upkeep]
|upkeep
|inactive|Afiyah has 90 seconds left.
|
|t:|1776106043
|switch|p1a: Yanmega|Yanmega, M|100/100
|turn|7
|
|t:|1776106047
|move|p2a: Scovillain|Fire Blast|p1a: Yanmega
|-supereffective|p1a: Yanmega
|-crit|p1a: Yanmega
|-damage|p1a: Yanmega|0 fnt
|faint|p1a: Yanmega
|
|-weather|SunnyDay|[upkeep]
|upkeep
|inactive|Afiyah has 90 seconds left.
|
|t:|1776106059
|switch|p1a: Slither Wing|Slither Wing|100/100
|-activate|p1a: Slither Wing|ability: Protosynthesis
|-start|p1a: Slither Wing|protosynthesisatk
|turn|8
|inactive|Afiyah has 90 seconds left.
|
|t:|1776106064
|move|p2a: Scovillain|Fire Blast|p1a: Slither Wing
|-supereffective|p1a: Slither Wing
|-damage|p1a: Slither Wing|0 fnt
|faint|p1a: Slither Wing
|-end|p1a: Slither Wing|Protosynthesis|[silent]
|
|-weather|none
|upkeep
|inactive|Afiyah has 90 seconds left.
|-message|Afiyah forfeited.
|
|win|dyeyo23
|raw|Afiyah's rating: 1079 &rarr; <strong>1059</strong><br />(-20 for losing)
|raw|dyeyo23's rating: 1101 &rarr; <strong>1124</strong><br />(+23 for winning)
|l|☆Afiyah
|player|p1|
|l|☆dyeyo23
|player|p2|
