|html|<div class="broadcast-blue"><strong>[Gen 9] OU is currently suspecting Volcarona! For information on how to participate check out the <a href="https://www.smogon.com/tools/suspects/view/208">suspect thread</a>.</strong></div>
|j|☆Darthmarth333
|j|☆Beangle
|t:|1778496862
|gametype|singles
|player|p1|Darthmarth333|2|1354
|player|p2|Beangle|bugsy|1414
|gen|9
|tier|[Gen 9] OU
|rated|
|rule|HP Percentage Mod: HP is shown in percentages
|rule|Endless Battle Clause: Forcing endless battles is banned
|rule|Species Clause: Limit one of each Pokémon
|rule|OHKO Clause: OHKO moves are banned
|rule|Evasion Items Clause: Evasion items are banned
|rule|Evasion Moves Clause: Evasion moves are banned
|rule|Evasion Abilities Clause: Evasion abilities are banned
|rule|Sleep Moves Clause: Sleep-inducing moves are banned
|clearpoke
|poke|p1|Great Tusk|
|poke|p1|Kingambit, F|
|poke|p1|Dragapult, M|
|poke|p1|Gholdengo|
|poke|p1|Slowking-Galar, M|
|poke|p1|Dragonite, M|
|poke|p2|Cinderace, F|
|poke|p2|Ogerpon, F|
|poke|p2|Milotic, M|
|poke|p2|Mimikyu, M|
|poke|p2|Kingambit, M|
|poke|p2|Masquerain, F|
|teampreview
|
|t:|1778496870
|teamsize|p1|6
|teamsize|p2|6
|start
|switch|p1a: Dragapult|Dragapult, M|100/100
|switch|p2a: Absolutely Radiant|Masquerain, F|100/100
|-ability|p2a: Absolutely Radiant|Intimidate|boost
|-unboost|p1a: Dragapult|atk|1
|turn|1
|
|t:|1778496881
|move|p2a: Absolutely Radiant|Sticky Web|p1a: Dragapult
|-sidestart|p1: Darthmarth333|move: Sticky Web
|move|p1a: Dragapult|Will-O-Wisp|p2a: Absolutely Radiant
|-status|p2a: Absolutely Radiant|brn
|
|-damage|p2a: Absolutely Radiant|94/100 brn|[from] brn
|upkeep
|turn|2
|
|t:|1778496910
|move|p2a: Absolutely Radiant|Sticky Web||[still]
|-fail|p2a: Absolutely Radiant
|move|p1a: Dragapult|Shadow Ball|p2a: Absolutely Radiant
|-damage|p2a: Absolutely Radiant|46/100 brn
|
|-damage|p2a: Absolutely Radiant|40/100 brn|[from] brn
|upkeep
|turn|3
|
|t:|1778496937
|move|p2a: Absolutely Radiant|Sticky Web||[still]
|-fail|p2a: Absolutely Radiant
|move|p1a: Dragapult|Shadow Ball|p2a: Absolutely Radiant
|-damage|p2a: Absolutely Radiant|0 fnt
|faint|p2a: Absolutely Radiant
|
|upkeep
|
|t:|1778496963
|switch|p2a: Turnaround Jim|Mimikyu, M, shiny|100/100
|turn|4
|
|t:|1778496992
|move|p1a: Dragapult|U-turn|p2a: Turnaround Jim
|-activate|p2a: Turnaround Jim|ability: Disguise
|-damage|p2a: Turnaround Jim|100/100
|-damage|p1a: Dragapult|84/100|[from] item: Rocky Helmet|[of] p2a: Turnaround Jim
|detailschange|p2a: Turnaround Jim|Mimikyu-Busted, M, shiny
|-damage|p2a: Turnaround Jim|88/100|[from] pokemon: Mimikyu-Busted
|
|t:|1778497000
|switch|p1a: Slowking|Slowking-Galar, M|100/100|[from] U-turn
|move|p2a: Turnaround Jim|Trick Room|p2a: Turnaround Jim
|-fieldstart|move: Trick Room|[of] p2a: Turnaround Jim
|
|upkeep
|turn|5
|
|t:|1778497009
|move|p1a: Slowking|Sludge Bomb|p2a: Turnaround Jim
|-damage|p2a: Turnaround Jim|55/100
|-status|p2a: Turnaround Jim|psn
|move|p2a: Turnaround Jim|Curse|p1a: Slowking
|-start|p1a: Slowking|Curse|[of] p2a: Turnaround Jim
|-damage|p2a: Turnaround Jim|5/100 psn
|
|-damage|p2a: Turnaround Jim|0 fnt|[from] psn
|faint|p2a: Turnaround Jim
|-damage|p1a: Slowking|76/100|[from] Curse
|upkeep
|
|t:|1778497021
|switch|p2a: Butch the Twink|Cinderace, F|100/100
|turn|6
|
|t:|1778497062
|move|p1a: Slowking|Toxic|p2a: Butch the Twink
|-status|p2a: Butch the Twink|tox
|move|p2a: Butch the Twink|Court Change|p2a: Butch the Twink
|-start|p2a: Butch the Twink|typechange|Normal|[from] ability: Libero
|-swapsideconditions
|-activate|p2a: Butch the Twink|move: Court Change
|
|-damage|p2a: Butch the Twink|95/100 tox|[from] psn
|-damage|p1a: Slowking|51/100|[from] Curse
|upkeep
|turn|7
|
|t:|1778497089
|switch|p2a: Hans Niemann|Kingambit, M|100/100
|-activate|p2a: Hans Niemann|move: Sticky Web
|-unboost|p2a: Hans Niemann|spe|1
|-ability|p2a: Hans Niemann|Defiant|boost
|-boost|p2a: Hans Niemann|atk|2
|-prepare|p1a: Slowking|Chilly Reception|[premajor]
|move|p1a: Slowking|Chilly Reception|p1a: Slowking
|-weather|Snowscape
|
|t:|1778497109
|switch|p1a: Dragonite|Dragonite, M|100/100|[from] Chilly Reception
|
|-weather|Snowscape|[upkeep]
|upkeep
|turn|8
|
|t:|1778497126
|move|p2a: Hans Niemann|Iron Head|p1a: Dragonite
|-damage|p1a: Dragonite|53/100
|cant|p1a: Dragonite|flinch
|
|-weather|Snowscape|[upkeep]
|-fieldend|move: Trick Room
|upkeep
|turn|9
|
|t:|1778497140
|move|p1a: Dragonite|Earthquake|p2a: Hans Niemann
|-supereffective|p2a: Hans Niemann
|-damage|p2a: Hans Niemann|45/100
|move|p2a: Hans Niemann|Kowtow Cleave|p1a: Dragonite
|-damage|p1a: Dragonite|0 fnt
|faint|p1a: Dragonite
|
|-weather|Snowscape|[upkeep]
|upkeep
|
|t:|1778497150
|switch|p1a: Great Tusk|Great Tusk|100/100
|turn|10
|
|t:|1778497201
|switch|p2a: Butch the Twink|Cinderace, F|95/100 tox
|move|p1a: Great Tusk|Earthquake|p2a: Butch the Twink
|-supereffective|p2a: Butch the Twink
|-damage|p2a: Butch the Twink|0 fnt
|faint|p2a: Butch the Twink
|
|-weather|Snowscape|[upkeep]
|upkeep
|
|t:|1778497215
|switch|p2a: Simon Grungle|Milotic, M|100/100
|-activate|p2a: Simon Grungle|move: Sticky Web
|-unboost|p2a: Simon Grungle|spe|1
|-ability|p2a: Simon Grungle|Competitive|boost
|-boost|p2a: Simon Grungle|spa|2
|turn|11
|
|t:|1778497244
|move|p1a: Great Tusk|Stealth Rock|p2a: Simon Grungle
|-sidestart|p2: Beangle|move: Stealth Rock
|move|p2a: Simon Grungle|Surf|p1a: Great Tusk
|-supereffective|p1a: Great Tusk
|-damage|p1a: Great Tusk|0 fnt
|faint|p1a: Great Tusk
|-end|p1a: Great Tusk|Protosynthesis|[silent]
|
|-weather|none
|upkeep
|
|t:|1778497267
|switch|p1a: Gholdengo|Gholdengo|100/100
|-item|p1a: Gholdengo|Air Balloon
|turn|12
|
|t:|1778497280
|move|p1a: Gholdengo|Thunderbolt|p2a: Simon Grungle
|-supereffective|p2a: Simon Grungle
|-damage|p2a: Simon Grungle|75/100
|move|p2a: Simon Grungle|Surf|p1a: Gholdengo
|-damage|p1a: Gholdengo|6/100
|-enditem|p1a: Gholdengo|Air Balloon
|
|upkeep
|turn|13
|
|t:|1778497290
|switch|p2a: Hans Niemann|Kingambit, M|45/100
|-activate|p2a: Hans Niemann|move: Sticky Web
|-unboost|p2a: Hans Niemann|spe|1
|-ability|p2a: Hans Niemann|Defiant|boost
|-boost|p2a: Hans Niemann|atk|2
|-damage|p2a: Hans Niemann|38/100|[from] Stealth Rock
|move|p1a: Gholdengo|Thunderbolt|p2a: Hans Niemann
|-damage|p2a: Hans Niemann|10/100
|
|upkeep
|turn|14
|
|t:|1778497322
|move|p1a: Gholdengo|Nasty Plot|p1a: Gholdengo
|-boost|p1a: Gholdengo|spa|2
|move|p2a: Hans Niemann|Kowtow Cleave|p1a: Gholdengo
|-supereffective|p1a: Gholdengo
|-damage|p1a: Gholdengo|0 fnt
|faint|p1a: Gholdengo
|
|upkeep
|
|t:|1778497339
|switch|p1a: Dragapult|Dragapult, M|84/100
|turn|15
|
|t:|1778497346
|move|p1a: Dragapult|Shadow Ball|p2a: Hans Niemann
|-resisted|p2a: Hans Niemann
|-damage|p2a: Hans Niemann|0 fnt
|faint|p2a: Hans Niemann
|
|upkeep
|
|t:|1778497356
|switch|p2a: Simon Grungle|Milotic, M|75/100
|-activate|p2a: Simon Grungle|move: Sticky Web
|-unboost|p2a: Simon Grungle|spe|1
|-ability|p2a: Simon Grungle|Competitive|boost
|-boost|p2a: Simon Grungle|spa|2
|-damage|p2a: Simon Grungle|62/100|[from] Stealth Rock
|turn|16
|
|t:|1778497369
|move|p1a: Dragapult|Draco Meteor|p2a: Simon Grungle
|-damage|p2a: Simon Grungle|37/100
|-unboost|p1a: Dragapult|spa|2
|move|p2a: Simon Grungle|Draining Kiss|p1a: Dragapult
|-supereffective|p1a: Dragapult
|-damage|p1a: Dragapult|11/100
|-heal|p2a: Simon Grungle|81/100|[from] drain|[of] p1a: Dragapult
|
|upkeep
|turn|17
|
|t:|1778497383
|move|p1a: Dragapult|Shadow Ball|p2a: Simon Grungle
|-damage|p2a: Simon Grungle|73/100
|move|p2a: Simon Grungle|Draining Kiss|p1a: Dragapult
|-supereffective|p1a: Dragapult
|-damage|p1a: Dragapult|0 fnt
|-heal|p2a: Simon Grungle|80/100|[from] drain|[of] p1a: Dragapult
|faint|p1a: Dragapult
|
|upkeep
|
|t:|1778497393
|switch|p1a: Slowking|Slowking-Galar, M|84/100
|turn|18
|
|t:|1778497401
|move|p2a: Simon Grungle|Surf|p1a: Slowking
|-damage|p1a: Slowking|41/100
|move|p1a: Slowking|Toxic|p2a: Simon Grungle
|-status|p2a: Simon Grungle|tox
|
|-damage|p2a: Simon Grungle|74/100 tox|[from] psn
|upkeep
|turn|19
|
|t:|1778497412
|move|p2a: Simon Grungle|Surf|p1a: Slowking
|-damage|p1a: Slowking|0 fnt
|faint|p1a: Slowking
|
|-damage|p2a: Simon Grungle|61/100 tox|[from] psn
|upkeep
|
|t:|1778497418
|switch|p1a: Kingambit|Kingambit, F|100/100
|-activate|p1a: Kingambit|ability: Supreme Overlord
|-start|p1a: Kingambit|fallen5|[silent]
|turn|20
|
|t:|1778497425
|-terastallize|p1a: Kingambit|Dark
|-terastallize|p2a: Simon Grungle|Fairy
|move|p1a: Kingambit|Sucker Punch|p2a: Simon Grungle
|-resisted|p2a: Simon Grungle
|-damage|p2a: Simon Grungle|18/100 tox
|move|p2a: Simon Grungle|Surf|p1a: Kingambit
|-damage|p1a: Kingambit|21/100
|
|-heal|p1a: Kingambit|27/100|[from] item: Leftovers
|-damage|p2a: Simon Grungle|0 fnt|[from] psn
|faint|p2a: Simon Grungle
|upkeep
|
|t:|1778497436
|switch|p2a: Bong Cloud|Ogerpon, F|100/100
|-activate|p2a: Bong Cloud|move: Sticky Web
|-unboost|p2a: Bong Cloud|spe|1
|-ability|p2a: Bong Cloud|Defiant|boost
|-boost|p2a: Bong Cloud|atk|2
|-damage|p2a: Bong Cloud|88/100|[from] Stealth Rock
|-enditem|p2a: Bong Cloud|White Herb
|-clearnegativeboost|p2a: Bong Cloud|[silent]
|turn|21
|
|t:|1778497448
|move|p1a: Kingambit|Sucker Punch||[still]
|-fail|p1a: Kingambit
|move|p2a: Bong Cloud|Encore|p1a: Kingambit
|-start|p1a: Kingambit|Encore
|
|-heal|p1a: Kingambit|33/100|[from] item: Leftovers
|upkeep
|turn|22
|
|t:|1778497457
|move|p1a: Kingambit|Sucker Punch||[still]
|-fail|p1a: Kingambit
|move|p2a: Bong Cloud|Encore||[still]
|-fail|p2a: Bong Cloud
|
|-heal|p1a: Kingambit|39/100|[from] item: Leftovers
|upkeep
|turn|23
|
|t:|1778497477
|move|p1a: Kingambit|Sucker Punch||[still]
|-fail|p1a: Kingambit
|move|p2a: Bong Cloud|Encore||[still]
|-fail|p2a: Bong Cloud
|
|-heal|p1a: Kingambit|46/100|[from] item: Leftovers
|upkeep
|turn|24
|
|t:|1778497486
|move|p1a: Kingambit|Sucker Punch||[still]
|-fail|p1a: Kingambit
|move|p2a: Bong Cloud|Encore||[still]
|-fail|p2a: Bong Cloud
|
|-heal|p1a: Kingambit|52/100|[from] item: Leftovers
|-end|p1a: Kingambit|Encore
|upkeep
|turn|25
|
|t:|1778497496
|move|p2a: Bong Cloud|Horn Leech|p1a: Kingambit
|-damage|p1a: Kingambit|0 fnt
|-heal|p2a: Bong Cloud|100/100|[from] drain|[of] p1a: Kingambit
|faint|p1a: Kingambit
|-end|p1a: Kingambit|fallen5|[silent]
|
|win|Beangle
|raw|Darthmarth333's rating: 1354 &rarr; <strong>1337</strong><br />(-17 for losing)
|raw|Beangle's rating: 1414 &rarr; <strong>1431</strong><br />(+17 for winning)
|c|☆Beangle|sucker punch wouldve won man
|c|☆Beangle|gg though :)
|l|☆Darthmarth333
|player|p1|
|l|☆Beangle
|player|p2|
