|html|<div class="broadcast-blue"><strong>[Gen 9] OU is currently suspecting Tera Blast! For information on how to participate check out the <a href="https://www.smogon.com/tools/suspects/view/200">suspect thread</a>.</strong></div>
|j|☆Diosleon
|j|☆FairyManiac0108
|t:|1776062440
|gametype|singles
|player|p1|Diosleon|1|1242
|player|p2|FairyManiac0108|richboy-gen4|1304
|gen|9
|tier|[Gen 9] OU
|rated|
|rule|HP Percentage Mod: HP is shown in percentages
|rule|Endless Battle Clause: Forcing endless battles is banned
|rule|Species Clause: Limit one of each Pokémon
|rule|OHKO Clause: OHKO moves are banned
|rule|Evasion Items Clause: Evasion items are banned
|rule|Evasion Moves Clause: Evasion moves are banned
|rule|Evasion Abilities Clause: Evasion abilities are banned
|rule|Sleep Moves Clause: Sleep-inducing moves are banned
|clearpoke
|poke|p1|Great Tusk|
|poke|p1|Garganacl, F|
|poke|p1|Gholdengo|
|poke|p1|Darkrai|
|poke|p1|Ting-Lu|
|poke|p1|Dragonite, M|
|poke|p2|Weezing-Galar, M|
|poke|p2|Vileplume, M|
|poke|p2|Grafaiai, M|
|poke|p2|Glimmora, M|
|poke|p2|Gengar, F|
|poke|p2|Muk-Alola, M|
|teampreview
|j| ohko_smeargle
|
|t:|1776062464
|teamsize|p1|6
|teamsize|p2|6
|start
|switch|p1a: Darkrai|Darkrai|100/100
|switch|p2a: Gengar|Gengar, F|100/100
|turn|1
|inactive|Battle timer is ON: inactive players will automatically lose when time's up. (requested by FairyManiac0108)
|
|t:|1776062515
|switch|p2a: Muk|Muk-Alola, M|100/100
|move|p1a: Darkrai|Dark Pulse|p2a: Muk
|-resisted|p2a: Muk
|-damage|p2a: Muk|81/100
|
|upkeep
|turn|2
|
|t:|1776062522
|switch|p1a: Gholdengo|Gholdengo|100/100
|-item|p1a: Gholdengo|Air Balloon
|move|p2a: Muk|Knock Off|p1a: Gholdengo
|-supereffective|p1a: Gholdengo
|-damage|p1a: Gholdengo|32/100
|-enditem|p1a: Gholdengo|Air Balloon
|
|upkeep
|turn|3
|
|t:|1776062529
|move|p2a: Muk|Shadow Sneak|p1a: Gholdengo
|-supereffective|p1a: Gholdengo
|-damage|p1a: Gholdengo|13/100
|move|p1a: Gholdengo|Make It Rain|p2a: Muk
|-damage|p2a: Muk|51/100
|-unboost|p1a: Gholdengo|spa|1
|
|upkeep
|turn|4
|
|t:|1776062534
|move|p2a: Muk|Shadow Sneak|p1a: Gholdengo
|-supereffective|p1a: Gholdengo
|-damage|p1a: Gholdengo|0 fnt
|faint|p1a: Gholdengo
|
|upkeep
|
|t:|1776062541
|switch|p1a: Garganacl|Garganacl, F|100/100
|turn|5
|
|t:|1776062546
|switch|p2a: Gengar|Gengar, F|100/100
|move|p1a: Garganacl|Curse|p1a: Garganacl
|-unboost|p1a: Garganacl|spe|1
|-boost|p1a: Garganacl|atk|1
|-boost|p1a: Garganacl|def|1
|
|upkeep
|turn|6
|
|t:|1776062571
|move|p2a: Gengar|Trick|p1a: Garganacl
|-activate|p2a: Gengar|move: Trick|[of] p1a: Garganacl
|-item|p1a: Garganacl|Choice Scarf|[from] move: Trick
|-item|p2a: Gengar|Leftovers|[from] move: Trick
|move|p1a: Garganacl|Earthquake|p2a: Gengar
|-supereffective|p2a: Gengar
|-damage|p2a: Gengar|0 fnt
|-start|p1a: Garganacl|Disable|Earthquake|[from] ability: Cursed Body|[of] p2a: Gengar
|faint|p2a: Gengar
|
|upkeep
|
|t:|1776062580
|switch|p2a: Glimmora|Glimmora, M|100/100
|-item|p2a: Glimmora|Air Balloon
|turn|7
|
|t:|1776062590
|switch|p1a: Ting-Lu|Ting-Lu|100/100
|-ability|p1a: Ting-Lu|Vessel of Ruin
|move|p2a: Glimmora|Stealth Rock|p1a: Ting-Lu
|-sidestart|p1: Diosleon|move: Stealth Rock
|
|upkeep
|turn|8
|
|t:|1776062596
|switch|p2a: Weezing|Weezing-Galar, M|100/100
|move|p1a: Ting-Lu|Stealth Rock|p2a: Weezing
|-sidestart|p2: FairyManiac0108|move: Stealth Rock
|
|upkeep
|turn|9
|
|t:|1776062601
|move|p2a: Weezing|Will-O-Wisp|p1a: Ting-Lu
|-status|p1a: Ting-Lu|brn
|move|p1a: Ting-Lu|Whirlwind|p2a: Weezing
|drag|p2a: Grafaiai|Grafaiai, M|100/100
|-damage|p2a: Grafaiai|88/100|[from] Stealth Rock
|
|-damage|p1a: Ting-Lu|94/100 brn|[from] brn
|upkeep
|turn|10
|
|t:|1776062610
|move|p2a: Grafaiai|Parting Shot|p1a: Ting-Lu
|-hint|Since gen 7, Dark is immune to Prankster moves.
|-immune|p1a: Ting-Lu
|move|p1a: Ting-Lu|Spikes|p2a: Grafaiai
|-sidestart|p2: FairyManiac0108|Spikes
|
|-heal|p1a: Ting-Lu|100/100 brn|[from] item: Leftovers
|-damage|p1a: Ting-Lu|94/100 brn|[from] brn
|upkeep
|turn|11
|
|t:|1776062621
|switch|p2a: Glimmora|Glimmora, M|100/100
|-damage|p2a: Glimmora|88/100|[from] Stealth Rock
|-item|p2a: Glimmora|Air Balloon
|move|p1a: Ting-Lu|Spikes|p2a: Glimmora
|-sidestart|p2: FairyManiac0108|Spikes
|
|-heal|p1a: Ting-Lu|100/100 brn|[from] item: Leftovers
|-damage|p1a: Ting-Lu|94/100 brn|[from] brn
|upkeep
|turn|12
|
|t:|1776062628
|move|p2a: Glimmora|Mortal Spin|p1a: Ting-Lu
|-resisted|p1a: Ting-Lu
|-damage|p1a: Ting-Lu|93/100 brn
|-sideend|p2: FairyManiac0108|Spikes|[from] move: Mortal Spin|[of] p2a: Glimmora
|-sideend|p2: FairyManiac0108|Stealth Rock|[from] move: Mortal Spin|[of] p2a: Glimmora
|move|p1a: Ting-Lu|Whirlwind|p2a: Glimmora
|drag|p2a: Grafaiai|Grafaiai, M|88/100
|
|-heal|p1a: Ting-Lu|99/100 brn|[from] item: Leftovers
|-damage|p1a: Ting-Lu|93/100 brn|[from] brn
|upkeep
|turn|13
|
|t:|1776062632
|switch|p2a: Vileplume|Vileplume, M|100/100
|move|p1a: Ting-Lu|Spikes|p2a: Vileplume
|-sidestart|p2: FairyManiac0108|Spikes
|
|-heal|p1a: Ting-Lu|99/100 brn|[from] item: Leftovers
|-damage|p1a: Ting-Lu|93/100 brn|[from] brn
|upkeep
|turn|14
|-message|Diosleon forfeited.
|
|win|FairyManiac0108
|raw|Diosleon's rating: 1185 &rarr; <strong>1168</strong><br />(-17 for losing)
|raw|FairyManiac0108's rating: 1304 &rarr; <strong>1317</strong><br />(+13 for winning)
|l|☆Diosleon
|player|p1|
|l| ohko_smeargle
|l|☆FairyManiac0108
|player|p2|
