|html|<div class="broadcast-blue"><strong>[Gen 9] OU is currently suspecting Tera Blast! For information on how to participate check out the <a href="https://www.smogon.com/tools/suspects/view/200">suspect thread</a>.</strong></div>
|j|‽RadiantSol
|j|☆yazloed
|t:|1776061642
|gametype|singles
|player|p1|RadiantSol|flint|1187
|player|p2|yazloed|169|1229
|gen|9
|tier|[Gen 9] OU
|rated|
|rule|HP Percentage Mod: HP is shown in percentages
|rule|Endless Battle Clause: Forcing endless battles is banned
|rule|Species Clause: Limit one of each Pokémon
|rule|OHKO Clause: OHKO moves are banned
|rule|Evasion Items Clause: Evasion items are banned
|rule|Evasion Moves Clause: Evasion moves are banned
|rule|Evasion Abilities Clause: Evasion abilities are banned
|rule|Sleep Moves Clause: Sleep-inducing moves are banned
|clearpoke
|poke|p1|Espeon, F|
|poke|p1|Ninetales, F|
|poke|p1|Leafeon, F|
|poke|p1|Corviknight, F|
|poke|p1|Quagsire, F|
|poke|p1|Blissey, F|
|poke|p2|Crawdaunt, M|
|poke|p2|Venusaur, M|
|poke|p2|Magnezone|
|poke|p2|Torkoal, M|
|poke|p2|Garchomp, M|
|poke|p2|Staraptor, F|
|teampreview
|
|t:|1776061659
|teamsize|p1|6
|teamsize|p2|6
|start
|switch|p1a: Espeon|Espeon, F, shiny|100/100
|switch|p2a: Torkoal|Torkoal, M, shiny|100/100
|-weather|SunnyDay|[from] ability: Drought|[of] p2a: Torkoal
|turn|1
|
|t:|1776061667
|move|p1a: Espeon|Substitute|p1a: Espeon
|-start|p1a: Espeon|Substitute
|-damage|p1a: Espeon|75/100
|move|p2a: Torkoal|Shell Smash|p2a: Torkoal
|-unboost|p2a: Torkoal|def|1
|-unboost|p2a: Torkoal|spd|1
|-boost|p2a: Torkoal|atk|2
|-boost|p2a: Torkoal|spa|2
|-boost|p2a: Torkoal|spe|2
|-enditem|p2a: Torkoal|White Herb
|-clearnegativeboost|p2a: Torkoal|[silent]
|
|-weather|SunnyDay|[upkeep]
|-heal|p1a: Espeon|82/100|[from] item: Leftovers
|upkeep
|turn|2
|
|t:|1776061678
|move|p1a: Espeon|Psyshock|p2a: Torkoal
|-damage|p2a: Torkoal|59/100
|move|p2a: Torkoal|Flamethrower|p1a: Espeon
|-end|p1a: Espeon|Substitute
|
|-weather|SunnyDay|[upkeep]
|-heal|p1a: Espeon|88/100|[from] item: Leftovers
|upkeep
|turn|3
|
|t:|1776061686
|switch|p1a: Blissey|Blissey, F|100/100
|move|p2a: Torkoal|Flamethrower|p1a: Blissey
|-damage|p1a: Blissey|65/100
|-status|p1a: Blissey|brn
|
|-weather|SunnyDay|[upkeep]
|-damage|p1a: Blissey|59/100 brn|[from] brn
|upkeep
|turn|4
|
|t:|1776061696
|move|p2a: Torkoal|Flamethrower|p1a: Blissey
|-damage|p1a: Blissey|27/100 brn
|move|p1a: Blissey|Soft-Boiled|p1a: Blissey
|-heal|p1a: Blissey|77/100 brn
|
|-weather|SunnyDay|[upkeep]
|-damage|p1a: Blissey|71/100 brn|[from] brn
|upkeep
|turn|5
|
|t:|1776061700
|move|p2a: Torkoal|Flamethrower|p1a: Blissey
|-damage|p1a: Blissey|41/100 brn
|move|p1a: Blissey|Soft-Boiled|p1a: Blissey
|-heal|p1a: Blissey|91/100 brn
|
|-weather|none
|-damage|p1a: Blissey|85/100 brn|[from] brn
|upkeep
|turn|6
|
|t:|1776061708
|move|p2a: Torkoal|Shell Smash|p2a: Torkoal
|-unboost|p2a: Torkoal|def|1
|-unboost|p2a: Torkoal|spd|1
|-boost|p2a: Torkoal|atk|2
|-boost|p2a: Torkoal|spa|2
|-boost|p2a: Torkoal|spe|2
|move|p1a: Blissey|Seismic Toss|p2a: Torkoal
|-damage|p2a: Torkoal|23/100
|
|-damage|p1a: Blissey|79/100 brn|[from] brn
|upkeep
|turn|7
|
|t:|1776061718
|move|p2a: Torkoal|Flamethrower|p1a: Blissey
|-damage|p1a: Blissey|44/100 brn
|move|p1a: Blissey|Seismic Toss|p2a: Torkoal
|-damage|p2a: Torkoal|0 fnt
|faint|p2a: Torkoal
|
|-damage|p1a: Blissey|38/100 brn|[from] brn
|upkeep
|
|t:|1776061725
|switch|p2a: Venusaur|Venusaur, M|100/100
|turn|8
|
|t:|1776061730
|move|p2a: Venusaur|Leech Seed|p1a: Blissey
|-start|p1a: Blissey|move: Leech Seed
|move|p1a: Blissey|Soft-Boiled|p1a: Blissey
|-heal|p1a: Blissey|88/100 brn
|
|-damage|p1a: Blissey|75/100 brn|[from] Leech Seed|[of] p2a: Venusaur
|-damage|p1a: Blissey|69/100 brn|[from] brn
|upkeep
|turn|9
|
|t:|1776061736
|move|p2a: Venusaur|Sludge Bomb|p1a: Blissey
|-damage|p1a: Blissey|60/100 brn
|move|p1a: Blissey|Flamethrower|p2a: Venusaur
|-supereffective|p2a: Venusaur
|-damage|p2a: Venusaur|77/100
|
|-heal|p2a: Venusaur|83/100|[from] item: Leftovers
|-damage|p1a: Blissey|47/100 brn|[from] Leech Seed|[of] p2a: Venusaur
|-heal|p2a: Venusaur|100/100|[silent]
|-damage|p1a: Blissey|41/100 brn|[from] brn
|upkeep
|turn|10
|
|t:|1776061748
|move|p2a: Venusaur|Sludge Bomb|p1a: Blissey
|-damage|p1a: Blissey|33/100 brn
|move|p1a: Blissey|Soft-Boiled|p1a: Blissey
|-heal|p1a: Blissey|83/100 brn
|
|-damage|p1a: Blissey|70/100 brn|[from] Leech Seed|[of] p2a: Venusaur
|-damage|p1a: Blissey|64/100 brn|[from] brn
|upkeep
|turn|11
|
|t:|1776061757
|-curestatus|p1a: Blissey|brn|[from] ability: Natural Cure
|switch|p1a: Corviknight|Corviknight, F|100/100
|-ability|p1a: Corviknight|Pressure
|move|p2a: Venusaur|Sludge Bomb|p1a: Corviknight
|-immune|p1a: Corviknight
|
|upkeep
|turn|12
|
|t:|1776061766
|switch|p2a: Magnezone|Magnezone|100/100
|move|p1a: Corviknight|Taunt|p2a: Magnezone
|-start|p2a: Magnezone|move: Taunt
|
|upkeep
|turn|13
|
|t:|1776061776
|switch|p1a: Blissey|Blissey, F|64/100
|move|p2a: Magnezone|Thunderbolt|p1a: Blissey
|-damage|p1a: Blissey|46/100
|
|upkeep
|turn|14
|
|t:|1776061782
|switch|p2a: Venusaur|Venusaur, M|100/100
|move|p1a: Blissey|Soft-Boiled|p1a: Blissey
|-heal|p1a: Blissey|96/100
|
|upkeep
|turn|15
|
|t:|1776061788
|switch|p1a: Corviknight|Corviknight, F|100/100
|-ability|p1a: Corviknight|Pressure
|move|p2a: Venusaur|Toxic|p1a: Corviknight
|-immune|p1a: Corviknight
|
|upkeep
|turn|16
|
|t:|1776061797
|switch|p2a: Magnezone|Magnezone|100/100
|move|p1a: Corviknight|Body Press|p2a: Magnezone
|-supereffective|p2a: Magnezone
|-damage|p2a: Magnezone|60/100
|
|upkeep
|turn|17
|
|t:|1776061805
|switch|p1a: Blissey|Blissey, F|96/100
|move|p2a: Magnezone|Volt Switch|p1a: Blissey
|-damage|p1a: Blissey|81/100
|
|t:|1776061811
|switch|p2a: Staraptor|Staraptor, F|100/100|[from] Volt Switch
|
|upkeep
|turn|18
|
|t:|1776061818
|switch|p1a: Corviknight|Corviknight, F|100/100
|-ability|p1a: Corviknight|Pressure
|move|p2a: Staraptor|Close Combat|p1a: Corviknight
|-damage|p1a: Corviknight|62/100
|-unboost|p2a: Staraptor|def|1
|-unboost|p2a: Staraptor|spd|1
|-damage|p2a: Staraptor|84/100|[from] item: Rocky Helmet|[of] p1a: Corviknight
|-damage|p2a: Staraptor|74/100|[from] item: Life Orb
|
|upkeep
|turn|19
|
|t:|1776061832
|move|p2a: Staraptor|U-turn|p1a: Corviknight
|-resisted|p1a: Corviknight
|-damage|p1a: Corviknight|56/100
|-damage|p2a: Staraptor|58/100|[from] item: Rocky Helmet|[of] p1a: Corviknight
|-damage|p2a: Staraptor|48/100|[from] item: Life Orb
|
|t:|1776061841
|switch|p2a: Garchomp|Garchomp, M|100/100|[from] U-turn
|move|p1a: Corviknight|Roost|p1a: Corviknight
|-heal|p1a: Corviknight|100/100
|-singleturn|p1a: Corviknight|move: Roost
|
|upkeep
|turn|20
|
|t:|1776061852
|move|p2a: Garchomp|Outrage|p1a: Corviknight
|-resisted|p1a: Corviknight
|-damage|p1a: Corviknight|76/100
|-damage|p2a: Garchomp|84/100|[from] item: Rocky Helmet|[of] p1a: Corviknight
|move|p1a: Corviknight|Taunt|p2a: Garchomp
|-start|p2a: Garchomp|move: Taunt
|
|upkeep
|turn|21
|-message|yazloed forfeited.
|
|win|RadiantSol
|raw|RadiantSol's rating: 1187 &rarr; <strong>1215</strong><br />(+28 for winning)
|raw|yazloed's rating: 1229 &rarr; <strong>1201</strong><br />(-28 for losing)
|l|☆yazloed
|player|p2|
|l|‽RadiantSol
|player|p1|
