|html|<div class="broadcast-blue"><strong>[Gen 9] OU is currently suspecting Tera Blast! For information on how to participate check out the <a href="https://www.smogon.com/tools/suspects/view/200">suspect thread</a>.</strong></div>
|j|☆midonito
|j|☆sminey
|t:|1776042557
|gametype|singles
|player|p1|midonito|265|1645
|player|p2|sminey|palmer|1780
|gen|9
|tier|[Gen 9] OU
|rated|
|rule|HP Percentage Mod: HP is shown in percentages
|rule|Endless Battle Clause: Forcing endless battles is banned
|rule|Species Clause: Limit one of each Pokémon
|rule|OHKO Clause: OHKO moves are banned
|rule|Evasion Items Clause: Evasion items are banned
|rule|Evasion Moves Clause: Evasion moves are banned
|rule|Evasion Abilities Clause: Evasion abilities are banned
|rule|Sleep Moves Clause: Sleep-inducing moves are banned
|clearpoke
|poke|p1|Gliscor, M|
|poke|p1|Blissey, F|
|poke|p1|Alomomola, M|
|poke|p1|Dondozo, F|
|poke|p1|Corviknight, F|
|poke|p1|Clodsire, F|
|poke|p2|Cinderace, F|
|poke|p2|Zapdos|
|poke|p2|Latios, M|
|poke|p2|Weavile, M|
|poke|p2|Clefable, F|
|poke|p2|Slowking-Galar, F|
|teampreview
|inactive|Battle timer is ON: inactive players will automatically lose when time's up. (requested by midonito)
|j| vasago
|
|t:|1776042565
|teamsize|p1|6
|teamsize|p2|6
|start
|switch|p1a: Gliscor|Gliscor, M|100/100
|switch|p2a: Weavile|Weavile, M|100/100
|-ability|p2a: Weavile|Pressure
|turn|1
|
|t:|1776042572
|move|p1a: Gliscor|Protect|p1a: Gliscor
|-singleturn|p1a: Gliscor|Protect
|move|p2a: Weavile|Swords Dance|p2a: Weavile
|-boost|p2a: Weavile|atk|2
|
|-status|p1a: Gliscor|tox|[from] item: Toxic Orb
|upkeep
|turn|2
|
|t:|1776042579
|switch|p1a: Dondozo|Dondozo, F|100/100
|move|p2a: Weavile|Knock Off|p1a: Dondozo
|-damage|p1a: Dondozo|80/100
|-enditem|p1a: Dondozo|Heavy-Duty Boots|[from] move: Knock Off|[of] p2a: Weavile
|
|upkeep
|turn|3
|
|t:|1776042585
|switch|p2a: Zapdos|Zapdos|100/100
|move|p1a: Dondozo|Body Press|p2a: Zapdos
|-resisted|p2a: Zapdos
|-damage|p2a: Zapdos|91/100
|
|upkeep
|turn|4
|
|t:|1776042597
|switch|p2a: Weavile|Weavile, M|100/100
|-ability|p2a: Weavile|Pressure
|switch|p1a: Gliscor|Gliscor, M|100/100 tox
|
|upkeep
|turn|5
|
|t:|1776042607
|switch|p2a: Latios|Latios, M|100/100
|switch|p1a: Dondozo|Dondozo, F|80/100
|
|upkeep
|turn|6
|
|t:|1776042613
|switch|p1a: Blissey|Blissey, F|100/100
|move|p2a: Latios|Trick|p1a: Blissey
|-activate|p2a: Latios|move: Trick|[of] p1a: Blissey
|-item|p1a: Blissey|Choice Scarf|[from] move: Trick
|-item|p2a: Latios|Heavy-Duty Boots|[from] move: Trick
|
|upkeep
|turn|7
|
|t:|1776042625
|move|p2a: Latios|Flip Turn|p1a: Blissey
|-crit|p1a: Blissey
|-damage|p1a: Blissey|82/100
|
|t:|1776042631
|switch|p2a: Slowking|Slowking-Galar, F|100/100|[from] Flip Turn
|move|p1a: Blissey|Stealth Rock|p2a: Slowking
|-sidestart|p2: sminey|move: Stealth Rock
|
|upkeep
|turn|8
|
|t:|1776042635
|switch|p1a: Gliscor|Gliscor, M|100/100 tox
|move|p2a: Slowking|Psyshock|p1a: Gliscor
|-damage|p1a: Gliscor|81/100 tox
|
|-heal|p1a: Gliscor|93/100 tox|[from] ability: Poison Heal
|upkeep
|turn|9
|
|t:|1776042637
|move|p1a: Gliscor|Knock Off|p2a: Slowking
|-supereffective|p2a: Slowking
|-damage|p2a: Slowking|55/100
|-enditem|p2a: Slowking|Assault Vest|[from] move: Knock Off|[of] p1a: Gliscor
|move|p2a: Slowking|Ice Beam|p1a: Gliscor
|-supereffective|p1a: Gliscor
|-damage|p1a: Gliscor|0 fnt
|faint|p1a: Gliscor
|
|upkeep
|
|t:|1776042644
|switch|p1a: Clodsire|Clodsire, F|100/100
|turn|10
|
|t:|1776042653
|switch|p2a: Latios|Latios, M|100/100
|move|p1a: Clodsire|Toxic|p2a: Latios
|-status|p2a: Latios|tox
|
|-damage|p2a: Latios|95/100 tox|[from] psn
|upkeep
|turn|11
|
|t:|1776042660
|switch|p1a: Blissey|Blissey, F|82/100
|move|p2a: Latios|Flip Turn|p1a: Blissey
|-damage|p1a: Blissey|71/100
|l| vasago
|
|t:|1776042663
|switch|p2a: Cinderace|Cinderace, F|100/100|[from] Flip Turn
|
|upkeep
|turn|12
|
|t:|1776042666
|switch|p1a: Alomomola|Alomomola, M|100/100
|move|p2a: Cinderace|U-turn|p1a: Alomomola
|-start|p2a: Cinderace|typechange|Bug|[from] ability: Libero
|-damage|p1a: Alomomola|84/100
|
|t:|1776042671
|switch|p2a: Zapdos|Zapdos|91/100|[from] U-turn
|
|upkeep
|turn|13
|
|t:|1776042675
|switch|p2a: Slowking|Slowking-Galar, F|89/100
|-damage|p2a: Slowking|76/100|[from] Stealth Rock
|switch|p1a: Clodsire|Clodsire, F|100/100
|
|upkeep
|turn|14
|
|t:|1776042686
|move|p2a: Slowking|Psyshock|p1a: Clodsire
|-supereffective|p1a: Clodsire
|-damage|p1a: Clodsire|33/100
|move|p1a: Clodsire|Earthquake|p2a: Slowking
|-supereffective|p2a: Slowking
|-damage|p2a: Slowking|18/100
|
|-heal|p1a: Clodsire|39/100|[from] item: Leftovers
|upkeep
|turn|15
|
|t:|1776042702
|switch|p2a: Zapdos|Zapdos|91/100
|-terastallize|p1a: Clodsire|Steel
|move|p1a: Clodsire|Earthquake|p2a: Zapdos
|-immune|p2a: Zapdos
|
|-heal|p1a: Clodsire|45/100|[from] item: Leftovers
|upkeep
|turn|16
|
|t:|1776042709
|move|p2a: Zapdos|Volt Switch|p1a: Clodsire
|-damage|p1a: Clodsire|29/100
|
|t:|1776042712
|switch|p2a: Latios|Latios, M|95/100 tox|[from] Volt Switch
|move|p1a: Clodsire|Recover|p1a: Clodsire
|-heal|p1a: Clodsire|79/100
|
|-heal|p1a: Clodsire|85/100|[from] item: Leftovers
|-damage|p2a: Latios|89/100 tox|[from] psn
|upkeep
|turn|17
|
|t:|1776042718
|switch|p1a: Blissey|Blissey, F|71/100
|move|p2a: Latios|Flip Turn|p1a: Blissey
|-damage|p1a: Blissey|59/100
|j| North Ryder
|
|t:|1776042727
|switch|p2a: Cinderace|Cinderace, F|100/100|[from] Flip Turn
|
|upkeep
|turn|18
|
|t:|1776042739
|switch|p1a: Alomomola|Alomomola, M|100/100
|move|p2a: Cinderace|Court Change|p2a: Cinderace
|-start|p2a: Cinderace|typechange|Normal|[from] ability: Libero
|-swapsideconditions
|-activate|p2a: Cinderace|move: Court Change
|
|upkeep
|turn|19
|j| raditzisthebest
|
|t:|1776042743
|move|p2a: Cinderace|U-turn|p1a: Alomomola
|-damage|p1a: Alomomola|88/100
|
|t:|1776042746
|switch|p2a: Zapdos|Zapdos|91/100|[from] U-turn
|move|p1a: Alomomola|Wish|p1a: Alomomola
|
|upkeep
|turn|20
|
|t:|1776042751
|switch|p1a: Blissey|Blissey, F|59/100
|-damage|p1a: Blissey|46/100|[from] Stealth Rock
|move|p2a: Zapdos|Thunder Wave|p1a: Blissey
|-status|p1a: Blissey|par
|
|-heal|p1a: Blissey|87/100 par|[from] move: Wish|[wisher] Alomomola
|upkeep
|turn|21
|
|t:|1776042755
|move|p2a: Zapdos|Volt Switch|p1a: Blissey
|-damage|p1a: Blissey|78/100 par
|
|t:|1776042756
|switch|p2a: Slowking|Slowking-Galar, F|52/100|[from] Volt Switch
|move|p1a: Blissey|Stealth Rock|p2a: Slowking
|-sidestart|p2: sminey|move: Stealth Rock
|
|upkeep
|turn|22
|
|t:|1776042762
|-curestatus|p1a: Blissey|par|[from] ability: Natural Cure
|switch|p1a: Clodsire|Clodsire, F, tera:Steel|85/100
|-damage|p1a: Clodsire|79/100|[from] Stealth Rock
|switch|p2a: Zapdos|Zapdos|91/100
|
|-heal|p1a: Clodsire|85/100|[from] item: Leftovers
|upkeep
|turn|23
|
|t:|1776042766
|move|p2a: Zapdos|Volt Switch|p1a: Clodsire
|-crit|p1a: Clodsire
|-damage|p1a: Clodsire|62/100
|
|t:|1776042770
|switch|p2a: Latios|Latios, M|89/100 tox|[from] Volt Switch
|move|p1a: Clodsire|Toxic|p2a: Latios
|-fail|p2a: Latios|tox
|
|-heal|p1a: Clodsire|68/100|[from] item: Leftovers
|-damage|p2a: Latios|83/100 tox|[from] psn
|upkeep
|turn|24
|
|t:|1776042778
|move|p2a: Latios|Flip Turn|p1a: Clodsire
|-damage|p1a: Clodsire|56/100
|
|t:|1776042781
|switch|p2a: Slowking|Slowking-Galar, F|85/100|[from] Flip Turn
|-damage|p2a: Slowking|72/100|[from] Stealth Rock
|move|p1a: Clodsire|Recover|p1a: Clodsire
|-heal|p1a: Clodsire|100/100
|
|upkeep
|turn|25
|
|t:|1776042790
|move|p2a: Slowking|Flamethrower|p1a: Clodsire
|-supereffective|p1a: Clodsire
|-damage|p1a: Clodsire|74/100
|move|p1a: Clodsire|Earthquake|p2a: Slowking
|-supereffective|p2a: Slowking
|-damage|p2a: Slowking|20/100
|
|-heal|p1a: Clodsire|80/100|[from] item: Leftovers
|upkeep
|turn|26
|
|t:|1776042795
|switch|p2a: Latios|Latios, M|83/100 tox
|move|p1a: Clodsire|Toxic|p2a: Latios
|-fail|p2a: Latios|tox
|
|-heal|p1a: Clodsire|86/100|[from] item: Leftovers
|-damage|p2a: Latios|77/100 tox|[from] psn
|upkeep
|turn|27
|
|t:|1776042807
|move|p2a: Latios|Draco Meteor|p1a: Clodsire
|-resisted|p1a: Clodsire
|-damage|p1a: Clodsire|69/100
|-unboost|p2a: Latios|spa|2
|move|p1a: Clodsire|Toxic|p2a: Latios
|-fail|p2a: Latios|tox
|
|-heal|p1a: Clodsire|75/100|[from] item: Leftovers
|-damage|p2a: Latios|65/100 tox|[from] psn
|upkeep
|turn|28
|
|t:|1776042817
|move|p2a: Latios|Flip Turn|p1a: Clodsire
|-damage|p1a: Clodsire|62/100
|
|t:|1776042825
|switch|p2a: Cinderace|Cinderace, F|100/100|[from] Flip Turn
|move|p1a: Clodsire|Toxic|p2a: Cinderace
|-status|p2a: Cinderace|tox
|
|-heal|p1a: Clodsire|69/100|[from] item: Leftovers
|-damage|p2a: Cinderace|95/100 tox|[from] psn
|upkeep
|turn|29
|
|t:|1776042828
|switch|p1a: Alomomola|Alomomola, M|100/100
|move|p2a: Cinderace|U-turn|p1a: Alomomola
|-start|p2a: Cinderace|typechange|Bug|[from] ability: Libero
|-damage|p1a: Alomomola|83/100
|
|t:|1776042832
|switch|p2a: Zapdos|Zapdos|91/100|[from] U-turn
|
|upkeep
|turn|30
|
|t:|1776042842
|switch|p1a: Blissey|Blissey, F|78/100
|-damage|p1a: Blissey|66/100|[from] Stealth Rock
|move|p2a: Zapdos|Volt Switch|p1a: Blissey
|-damage|p1a: Blissey|56/100
|l| raditzisthebest
|
|t:|1776042845
|switch|p2a: Cinderace|Cinderace, F|95/100 tox|[from] Volt Switch
|
|-damage|p2a: Cinderace|89/100 tox|[from] psn
|upkeep
|turn|31
|
|t:|1776042853
|move|p2a: Cinderace|U-turn|p1a: Blissey
|-start|p2a: Cinderace|typechange|Bug|[from] ability: Libero
|-damage|p1a: Blissey|22/100
|
|t:|1776042866
|switch|p2a: Zapdos|Zapdos|91/100|[from] U-turn
|move|p1a: Blissey|Soft-Boiled|p1a: Blissey
|-heal|p1a: Blissey|72/100
|
|upkeep
|turn|32
|
|t:|1776042872
|move|p2a: Zapdos|Volt Switch|p1a: Blissey
|-damage|p1a: Blissey|63/100
|
|t:|1776042875
|switch|p2a: Cinderace|Cinderace, F|89/100 tox|[from] Volt Switch
|move|p1a: Blissey|Soft-Boiled|p1a: Blissey
|-heal|p1a: Blissey|100/100
|
|-damage|p2a: Cinderace|83/100 tox|[from] psn
|upkeep
|turn|33
|
|t:|1776042878
|switch|p1a: Alomomola|Alomomola, M|100/100
|move|p2a: Cinderace|U-turn|p1a: Alomomola
|-start|p2a: Cinderace|typechange|Bug|[from] ability: Libero
|-damage|p1a: Alomomola|83/100
|
|t:|1776042880
|switch|p2a: Zapdos|Zapdos|91/100|[from] U-turn
|
|upkeep
|turn|34
|
|t:|1776042889
|move|p1a: Alomomola|Protect|p1a: Alomomola
|-singleturn|p1a: Alomomola|Protect
|move|p2a: Zapdos|Volt Switch|p1a: Alomomola
|-activate|p1a: Alomomola|move: Protect
|
|upkeep
|turn|35
|
|t:|1776042891
|switch|p1a: Blissey|Blissey, F|100/100
|-damage|p1a: Blissey|88/100|[from] Stealth Rock
|move|p2a: Zapdos|Volt Switch|p1a: Blissey
|-damage|p1a: Blissey|80/100
|
|t:|1776042894
|switch|p2a: Cinderace|Cinderace, F|83/100 tox|[from] Volt Switch
|
|-damage|p2a: Cinderace|77/100 tox|[from] psn
|upkeep
|turn|36
|
|t:|1776042900
|switch|p1a: Alomomola|Alomomola, M|100/100
|move|p2a: Cinderace|U-turn|p1a: Alomomola
|-start|p2a: Cinderace|typechange|Bug|[from] ability: Libero
|-damage|p1a: Alomomola|84/100
|
|t:|1776042904
|switch|p2a: Zapdos|Zapdos|91/100|[from] U-turn
|
|upkeep
|turn|37
|
|t:|1776042907
|move|p1a: Alomomola|Protect|p1a: Alomomola
|-singleturn|p1a: Alomomola|Protect
|move|p2a: Zapdos|Volt Switch|p1a: Alomomola
|-activate|p1a: Alomomola|move: Protect
|
|upkeep
|turn|38
|
|t:|1776042909
|switch|p1a: Blissey|Blissey, F|80/100
|-damage|p1a: Blissey|67/100|[from] Stealth Rock
|move|p2a: Zapdos|Volt Switch|p1a: Blissey
|-crit|p1a: Blissey
|-damage|p1a: Blissey|54/100
|inactive|sminey has 120 seconds left.
|
|t:|1776042942
|switch|p2a: Cinderace|Cinderace, F|77/100 tox|[from] Volt Switch
|
|-damage|p2a: Cinderace|71/100 tox|[from] psn
|upkeep
|turn|39
|
|t:|1776042946
|switch|p1a: Alomomola|Alomomola, M|100/100
|move|p2a: Cinderace|U-turn|p1a: Alomomola
|-start|p2a: Cinderace|typechange|Bug|[from] ability: Libero
|-damage|p1a: Alomomola|82/100
|
|t:|1776042950
|switch|p2a: Zapdos|Zapdos|91/100|[from] U-turn
|
|upkeep
|turn|40
|
|t:|1776042953
|move|p2a: Zapdos|Hurricane|p1a: Alomomola
|-damage|p1a: Alomomola|28/100
|-start|p1a: Alomomola|confusion
|-activate|p1a: Alomomola|confusion
|move|p1a: Alomomola|Wish|p1a: Alomomola
|
|upkeep
|turn|41
|
|t:|1776042966
|switch|p1a: Blissey|Blissey, F|54/100
|-damage|p1a: Blissey|42/100|[from] Stealth Rock
|move|p2a: Zapdos|Hurricane|p1a: Blissey
|-damage|p1a: Blissey|27/100
|
|-heal|p1a: Blissey|68/100|[from] move: Wish|[wisher] Alomomola
|upkeep
|turn|42
|
|t:|1776042978
|move|p2a: Zapdos|Volt Switch|p1a: Blissey
|-damage|p1a: Blissey|59/100
|
|t:|1776042984
|switch|p2a: Slowking|Slowking-Galar, F|53/100|[from] Volt Switch
|-damage|p2a: Slowking|41/100|[from] Stealth Rock
|move|p1a: Blissey|Seismic Toss|p2a: Slowking
|-damage|p2a: Slowking|15/100
|
|upkeep
|turn|43
|
|t:|1776042987
|switch|p2a: Zapdos|Zapdos|91/100
|move|p1a: Blissey|Seismic Toss|p2a: Zapdos
|-damage|p2a: Zapdos|65/100
|-status|p1a: Blissey|par|[from] ability: Static|[of] p2a: Zapdos
|
|upkeep
|turn|44
|
|t:|1776042994
|move|p2a: Zapdos|Volt Switch|p1a: Blissey
|-damage|p1a: Blissey|49/100 par
|
|t:|1776042996
|switch|p2a: Slowking|Slowking-Galar, F|49/100|[from] Volt Switch
|-damage|p2a: Slowking|36/100|[from] Stealth Rock
|move|p1a: Blissey|Seismic Toss|p2a: Slowking
|-damage|p2a: Slowking|11/100
|
|upkeep
|turn|45
|
|t:|1776042999
|switch|p2a: Zapdos|Zapdos|65/100
|move|p1a: Blissey|Seismic Toss|p2a: Zapdos
|-damage|p2a: Zapdos|38/100
|
|upkeep
|turn|46
|
|t:|1776043003
|move|p2a: Zapdos|Roost|p2a: Zapdos
|-heal|p2a: Zapdos|88/100
|-singleturn|p2a: Zapdos|move: Roost
|cant|p1a: Blissey|par
|
|upkeep
|turn|47
|
|t:|1776043009
|move|p2a: Zapdos|Volt Switch|p1a: Blissey
|-damage|p1a: Blissey|40/100 par
|
|t:|1776043012
|switch|p2a: Slowking|Slowking-Galar, F|44/100|[from] Volt Switch
|-damage|p2a: Slowking|32/100|[from] Stealth Rock
|move|p1a: Blissey|Seismic Toss|p2a: Slowking
|-damage|p2a: Slowking|6/100
|
|upkeep
|turn|48
|
|t:|1776043016
|-curestatus|p1a: Blissey|par|[from] ability: Natural Cure
|switch|p1a: Clodsire|Clodsire, F, tera:Steel|69/100
|-damage|p1a: Clodsire|62/100|[from] Stealth Rock
|switch|p2a: Zapdos|Zapdos|88/100
|
|-heal|p1a: Clodsire|69/100|[from] item: Leftovers
|upkeep
|turn|49
|
|t:|1776043021
|move|p2a: Zapdos|Volt Switch|p1a: Clodsire
|-damage|p1a: Clodsire|53/100
|
|t:|1776043029
|switch|p2a: Latios|Latios, M|65/100 tox|[from] Volt Switch
|move|p1a: Clodsire|Earthquake|p2a: Latios
|-immune|p2a: Latios|[from] ability: Levitate
|
|-heal|p1a: Clodsire|59/100|[from] item: Leftovers
|-damage|p2a: Latios|59/100 tox|[from] psn
|upkeep
|turn|50
|
|t:|1776043053
|move|p2a: Latios|Flip Turn|p1a: Clodsire
|-damage|p1a: Clodsire|47/100
|
|t:|1776043055
|switch|p2a: Slowking|Slowking-Galar, F|40/100|[from] Flip Turn
|-damage|p2a: Slowking|27/100|[from] Stealth Rock
|move|p1a: Clodsire|Recover|p1a: Clodsire
|-heal|p1a: Clodsire|97/100
|
|-heal|p1a: Clodsire|100/100|[from] item: Leftovers
|upkeep
|turn|51
|
|t:|1776043060
|switch|p2a: Latios|Latios, M|59/100 tox
|move|p1a: Clodsire|Earthquake|p2a: Latios
|-immune|p2a: Latios|[from] ability: Levitate
|
|-damage|p2a: Latios|53/100 tox|[from] psn
|upkeep
|turn|52
|
|t:|1776043072
|move|p2a: Latios|Luster Purge|p1a: Clodsire
|-resisted|p1a: Clodsire
|-damage|p1a: Clodsire|86/100
|-unboost|p1a: Clodsire|spd|1
|move|p1a: Clodsire|Toxic|p2a: Latios
|-fail|p2a: Latios|tox
|
|-heal|p1a: Clodsire|93/100|[from] item: Leftovers
|-damage|p2a: Latios|41/100 tox|[from] psn
|upkeep
|turn|53
|
|t:|1776043077
|move|p2a: Latios|Flip Turn|p1a: Clodsire
|-damage|p1a: Clodsire|81/100
|
|t:|1776043085
|switch|p2a: Zapdos|Zapdos|88/100|[from] Flip Turn
|move|p1a: Clodsire|Haze|p1a: Clodsire
|-clearallboost
|
|-heal|p1a: Clodsire|87/100|[from] item: Leftovers
|upkeep
|turn|54
|
|t:|1776043092
|move|p2a: Zapdos|Volt Switch|p1a: Clodsire
|-damage|p1a: Clodsire|71/100
|
|t:|1776043095
|switch|p2a: Slowking|Slowking-Galar, F|60/100|[from] Volt Switch
|-damage|p2a: Slowking|48/100|[from] Stealth Rock
|move|p1a: Clodsire|Haze|p1a: Clodsire
|-clearallboost
|
|-heal|p1a: Clodsire|77/100|[from] item: Leftovers
|upkeep
|turn|55
|
|t:|1776043103
|switch|p2a: Latios|Latios, M|41/100 tox
|move|p1a: Clodsire|Haze|p1a: Clodsire
|-clearallboost
|
|-heal|p1a: Clodsire|83/100|[from] item: Leftovers
|-damage|p2a: Latios|35/100 tox|[from] psn
|upkeep
|turn|56
|
|t:|1776043112
|switch|p1a: Alomomola|Alomomola, M|61/100
|move|p2a: Latios|Flip Turn|p1a: Alomomola
|-resisted|p1a: Alomomola
|-damage|p1a: Alomomola|58/100
|
|t:|1776043114
|switch|p2a: Zapdos|Zapdos|88/100|[from] Flip Turn
|
|upkeep
|turn|57
|
|t:|1776043118
|switch|p1a: Clodsire|Clodsire, F, tera:Steel|83/100
|-damage|p1a: Clodsire|77/100|[from] Stealth Rock
|move|p2a: Zapdos|Volt Switch|p1a: Clodsire
|-damage|p1a: Clodsire|61/100
|
|t:|1776043120
|switch|p2a: Cinderace|Cinderace, F|71/100 tox|[from] Volt Switch
|
|-heal|p1a: Clodsire|67/100|[from] item: Leftovers
|-damage|p2a: Cinderace|65/100 tox|[from] psn
|upkeep
|turn|58
|
|t:|1776043126
|switch|p1a: Alomomola|Alomomola, M|92/100
|move|p2a: Cinderace|U-turn|p1a: Alomomola
|-start|p2a: Cinderace|typechange|Bug|[from] ability: Libero
|-damage|p1a: Alomomola|72/100
|
|t:|1776043129
|switch|p2a: Zapdos|Zapdos|88/100|[from] U-turn
|
|upkeep
|turn|59
|
|t:|1776043133
|move|p1a: Alomomola|Protect|p1a: Alomomola
|-singleturn|p1a: Alomomola|Protect
|move|p2a: Zapdos|Volt Switch|p1a: Alomomola
|-activate|p1a: Alomomola|move: Protect
|
|upkeep
|turn|60
|
|t:|1776043137
|switch|p1a: Clodsire|Clodsire, F, tera:Steel|67/100
|-damage|p1a: Clodsire|61/100|[from] Stealth Rock
|move|p2a: Zapdos|Volt Switch|p1a: Clodsire
|-damage|p1a: Clodsire|46/100
|
|t:|1776043145
|switch|p2a: Weavile|Weavile, M|100/100|[from] Volt Switch
|-ability|p2a: Weavile|Pressure
|
|-heal|p1a: Clodsire|52/100|[from] item: Leftovers
|upkeep
|turn|61
|
|t:|1776043154
|switch|p2a: Latios|Latios, M|35/100 tox
|switch|p1a: Dondozo|Dondozo, F|80/100
|-damage|p1a: Dondozo|67/100|[from] Stealth Rock
|
|-damage|p2a: Latios|29/100 tox|[from] psn
|upkeep
|turn|62
|
|t:|1776043161
|switch|p1a: Blissey|Blissey, F|40/100
|-damage|p1a: Blissey|28/100|[from] Stealth Rock
|move|p2a: Latios|Flip Turn|p1a: Blissey
|-damage|p1a: Blissey|17/100
|
|t:|1776043168
|switch|p2a: Cinderace|Cinderace, F|65/100 tox|[from] Flip Turn
|
|-damage|p2a: Cinderace|59/100 tox|[from] psn
|upkeep
|turn|63
|
|t:|1776043174
|switch|p1a: Corviknight|Corviknight, F|100/100
|-damage|p1a: Corviknight|88/100|[from] Stealth Rock
|-ability|p1a: Corviknight|Pressure
|move|p2a: Cinderace|U-turn|p1a: Corviknight
|-start|p2a: Cinderace|typechange|Bug|[from] ability: Libero
|-resisted|p1a: Corviknight
|-damage|p1a: Corviknight|84/100
|-damage|p2a: Cinderace|42/100 tox|[from] item: Rocky Helmet|[of] p1a: Corviknight
|
|t:|1776043176
|switch|p2a: Zapdos|Zapdos|88/100|[from] U-turn
|
|upkeep
|turn|64
|j| kindnessalwayswins
|
|t:|1776043182
|switch|p1a: Clodsire|Clodsire, F, tera:Steel|52/100
|-damage|p1a: Clodsire|46/100|[from] Stealth Rock
|move|p2a: Zapdos|Volt Switch|p1a: Clodsire
|-damage|p1a: Clodsire|30/100
|
|t:|1776043207
|switch|p2a: Cinderace|Cinderace, F|42/100 tox|[from] Volt Switch
|
|-heal|p1a: Clodsire|36/100|[from] item: Leftovers
|-damage|p2a: Cinderace|36/100 tox|[from] psn
|upkeep
|turn|65
|j| zombiesoldierboy
|
|t:|1776043211
|switch|p1a: Alomomola|Alomomola, M|100/100
|move|p2a: Cinderace|U-turn|p1a: Alomomola
|-start|p2a: Cinderace|typechange|Bug|[from] ability: Libero
|-damage|p1a: Alomomola|81/100
|
|t:|1776043214
|switch|p2a: Zapdos|Zapdos|88/100|[from] U-turn
|
|upkeep
|turn|66
|
|t:|1776043222
|move|p2a: Zapdos|Volt Switch|p1a: Alomomola
|-supereffective|p1a: Alomomola
|-damage|p1a: Alomomola|10/100
|l| zombiesoldierboy
|
|t:|1776043251
|switch|p2a: Clefable|Clefable, F|100/100|[from] Volt Switch
|move|p1a: Alomomola|Wish|p1a: Alomomola
|
|upkeep
|turn|67
|
|t:|1776043258
|move|p1a: Alomomola|Protect|p1a: Alomomola
|-singleturn|p1a: Alomomola|Protect
|move|p2a: Clefable|Calm Mind|p2a: Clefable
|-boost|p2a: Clefable|spa|1
|-boost|p2a: Clefable|spd|1
|
|-heal|p1a: Alomomola|60/100|[from] move: Wish|[wisher] Alomomola
|upkeep
|turn|68
|
|t:|1776043265
|switch|p1a: Clodsire|Clodsire, F, tera:Steel|36/100
|-damage|p1a: Clodsire|30/100|[from] Stealth Rock
|move|p2a: Clefable|Knock Off|p1a: Clodsire
|-damage|p1a: Clodsire|14/100
|-enditem|p1a: Clodsire|Leftovers|[from] move: Knock Off|[of] p2a: Clefable
|
|upkeep
|turn|69
|inactive|sminey has 120 seconds left.
|inactive|sminey has 90 seconds left.
|
|t:|1776043330
|switch|p2a: Cinderace|Cinderace, F|36/100 tox
|move|p1a: Clodsire|Recover|p1a: Clodsire
|-heal|p1a: Clodsire|64/100
|
|-damage|p2a: Cinderace|30/100 tox|[from] psn
|upkeep
|turn|70
|inactive|sminey has 90 seconds left.
|
|t:|1776043339
|switch|p1a: Corviknight|Corviknight, F|84/100
|-damage|p1a: Corviknight|71/100|[from] Stealth Rock
|-ability|p1a: Corviknight|Pressure
|move|p2a: Cinderace|Pyro Ball|p1a: Corviknight
|-supereffective|p1a: Corviknight
|-damage|p1a: Corviknight|2/100
|
|-damage|p2a: Cinderace|18/100 tox|[from] psn
|upkeep
|turn|71
|
|t:|1776043353
|switch|p2a: Zapdos|Zapdos|88/100
|move|p1a: Corviknight|Defog|p2a: Zapdos
|-unboost|p2a: Zapdos|evasion|1
|-sideend|p2: sminey|Stealth Rock|[from] move: Defog|[of] p1a: Corviknight
|-sideend|p1: midonito|Stealth Rock|[from] move: Defog|[of] p1a: Corviknight
|
|upkeep
|turn|72
|
|t:|1776043358
|switch|p1a: Clodsire|Clodsire, F, tera:Steel|64/100
|move|p2a: Zapdos|Volt Switch|p1a: Clodsire
|-damage|p1a: Clodsire|49/100
|
|t:|1776043367
|switch|p2a: Cinderace|Cinderace, F|18/100 tox|[from] Volt Switch
|
|-damage|p2a: Cinderace|12/100 tox|[from] psn
|upkeep
|turn|73
|
|t:|1776043370
|switch|p1a: Alomomola|Alomomola, M|94/100
|move|p2a: Cinderace|U-turn|p1a: Alomomola
|-start|p2a: Cinderace|typechange|Bug|[from] ability: Libero
|-damage|p1a: Alomomola|75/100
|
|t:|1776043372
|switch|p2a: Zapdos|Zapdos|88/100|[from] U-turn
|
|upkeep
|turn|74
|
|t:|1776043377
|move|p1a: Alomomola|Protect|p1a: Alomomola
|-singleturn|p1a: Alomomola|Protect
|move|p2a: Zapdos|Volt Switch|p1a: Alomomola
|-activate|p1a: Alomomola|move: Protect
|
|upkeep
|turn|75
|
|t:|1776043382
|switch|p1a: Clodsire|Clodsire, F, tera:Steel|49/100
|move|p2a: Zapdos|Volt Switch|p1a: Clodsire
|-damage|p1a: Clodsire|32/100
|
|t:|1776043394
|switch|p2a: Weavile|Weavile, M|100/100|[from] Volt Switch
|-ability|p2a: Weavile|Pressure
|
|upkeep
|turn|76
|
|t:|1776043404
|switch|p2a: Latios|Latios, M|29/100 tox
|switch|p1a: Alomomola|Alomomola, M|100/100
|
|-damage|p2a: Latios|23/100 tox|[from] psn
|upkeep
|turn|77
|
|t:|1776043413
|switch|p2a: Zapdos|Zapdos|88/100
|move|p1a: Alomomola|Wish|p1a: Alomomola
|
|upkeep
|turn|78
|
|t:|1776043420
|switch|p1a: Clodsire|Clodsire, F, tera:Steel|32/100
|move|p2a: Zapdos|Hurricane|p1a: Clodsire
|-resisted|p1a: Clodsire
|-damage|p1a: Clodsire|21/100
|-start|p1a: Clodsire|confusion
|
|-heal|p1a: Clodsire|78/100|[from] move: Wish|[wisher] Alomomola
|upkeep
|turn|79
|
|t:|1776043438
|move|p2a: Zapdos|Volt Switch|p1a: Clodsire
|-damage|p1a: Clodsire|62/100
|
|t:|1776043441
|switch|p2a: Slowking|Slowking-Galar, F|81/100|[from] Volt Switch
|-activate|p1a: Clodsire|confusion
|move|p1a: Clodsire|Earthquake|p2a: Slowking
|-supereffective|p2a: Slowking
|-damage|p2a: Slowking|27/100
|
|upkeep
|turn|80
|
|t:|1776043456
|switch|p2a: Latios|Latios, M|23/100 tox
|switch|p1a: Alomomola|Alomomola, M|100/100
|
|-damage|p2a: Latios|17/100 tox|[from] psn
|upkeep
|turn|81
|
|t:|1776043460
|move|p2a: Latios|Draco Meteor|p1a: Alomomola
|-damage|p1a: Alomomola|21/100
|-unboost|p2a: Latios|spa|2
|move|p1a: Alomomola|Wish|p1a: Alomomola
|
|-damage|p2a: Latios|5/100 tox|[from] psn
|upkeep
|turn|82
|
|t:|1776043472
|switch|p1a: Blissey|Blissey, F|17/100
|move|p2a: Latios|Flip Turn|p1a: Blissey
|-damage|p1a: Blissey|4/100
|inactive|sminey has 120 seconds left.
|
|t:|1776043500
|switch|p2a: Weavile|Weavile, M|100/100|[from] Flip Turn
|-ability|p2a: Weavile|Pressure
|
|-heal|p1a: Blissey|45/100|[from] move: Wish|[wisher] Alomomola
|upkeep
|turn|83
|
|t:|1776043508
|switch|p2a: Zapdos|Zapdos|88/100
|switch|p1a: Dondozo|Dondozo, F|67/100
|
|upkeep
|turn|84
|
|t:|1776043520
|switch|p1a: Clodsire|Clodsire, F, tera:Steel|62/100
|move|p2a: Zapdos|Volt Switch|p1a: Clodsire
|-damage|p1a: Clodsire|46/100
|
|t:|1776043530
|switch|p2a: Slowking|Slowking-Galar, F|61/100|[from] Volt Switch
|
|upkeep
|turn|85
|
|t:|1776043537
|move|p2a: Slowking|Flamethrower|p1a: Clodsire
|-supereffective|p1a: Clodsire
|-damage|p1a: Clodsire|18/100
|move|p1a: Clodsire|Recover|p1a: Clodsire
|-heal|p1a: Clodsire|68/100
|
|upkeep
|turn|86
|
|t:|1776043556
|switch|p2a: Zapdos|Zapdos|88/100
|move|p1a: Clodsire|Earthquake|p2a: Zapdos
|-immune|p2a: Zapdos
|
|upkeep
|turn|87
|
|t:|1776043565
|move|p2a: Zapdos|Volt Switch|p1a: Clodsire
|-damage|p1a: Clodsire|53/100
|
|t:|1776043567
|switch|p2a: Slowking|Slowking-Galar, F|94/100|[from] Volt Switch
|move|p1a: Clodsire|Toxic|p2a: Slowking|[miss]
|-miss|p1a: Clodsire|p2a: Slowking
|
|upkeep
|turn|88
|
|t:|1776043570
|move|p2a: Slowking|Flamethrower|p1a: Clodsire
|-supereffective|p1a: Clodsire
|-damage|p1a: Clodsire|28/100
|move|p1a: Clodsire|Recover|p1a: Clodsire
|-heal|p1a: Clodsire|78/100
|
|upkeep
|turn|89
|
|t:|1776043574
|move|p2a: Slowking|Flamethrower|p1a: Clodsire
|-supereffective|p1a: Clodsire
|-damage|p1a: Clodsire|52/100
|move|p1a: Clodsire|Earthquake|p2a: Slowking
|-supereffective|p2a: Slowking
|-damage|p2a: Slowking|36/100
|
|upkeep
|turn|90
|
|t:|1776043589
|move|p2a: Slowking|Flamethrower|p1a: Clodsire
|-supereffective|p1a: Clodsire
|-damage|p1a: Clodsire|25/100
|move|p1a: Clodsire|Recover|p1a: Clodsire
|-heal|p1a: Clodsire|75/100
|
|upkeep
|turn|91
|
|t:|1776043595
|switch|p2a: Zapdos|Zapdos|88/100
|move|p1a: Clodsire|Toxic|p2a: Zapdos
|-status|p2a: Zapdos|tox
|
|-damage|p2a: Zapdos|82/100 tox|[from] psn
|upkeep
|turn|92
|
|t:|1776043603
|move|p2a: Zapdos|Volt Switch|p1a: Clodsire
|-damage|p1a: Clodsire|58/100
|
|t:|1776043613
|switch|p2a: Slowking|Slowking-Galar, F|69/100|[from] Volt Switch
|move|p1a: Clodsire|Earthquake|p2a: Slowking
|-supereffective|p2a: Slowking
|-damage|p2a: Slowking|14/100
|
|upkeep
|turn|93
|
|t:|1776043622
|switch|p2a: Zapdos|Zapdos|82/100 tox
|switch|p1a: Alomomola|Alomomola, M|54/100
|
|-damage|p2a: Zapdos|76/100 tox|[from] psn
|upkeep
|turn|94
|j| Monkey D MinMin
|
|t:|1776043629
|move|p1a: Alomomola|Protect|p1a: Alomomola
|-singleturn|p1a: Alomomola|Protect
|move|p2a: Zapdos|Volt Switch|p1a: Alomomola
|-activate|p1a: Alomomola|move: Protect
|
|-damage|p2a: Zapdos|64/100 tox|[from] psn
|upkeep
|turn|95
|
|t:|1776043637
|switch|p1a: Blissey|Blissey, F|45/100
|move|p2a: Zapdos|Volt Switch|p1a: Blissey
|-damage|p1a: Blissey|37/100
|
|t:|1776043650
|switch|p2a: Weavile|Weavile, M|100/100|[from] Volt Switch
|-ability|p2a: Weavile|Pressure
|
|upkeep
|turn|96
|
|t:|1776043658
|switch|p2a: Zapdos|Zapdos|64/100 tox
|switch|p1a: Corviknight|Corviknight, F|2/100
|-ability|p1a: Corviknight|Pressure
|
|-damage|p2a: Zapdos|58/100 tox|[from] psn
|upkeep
|turn|97
|
|t:|1776043667
|move|p2a: Zapdos|Volt Switch|p1a: Corviknight
|-supereffective|p1a: Corviknight
|-damage|p1a: Corviknight|0 fnt
|faint|p1a: Corviknight
|
|t:|1776043673
|switch|p2a: Slowking|Slowking-Galar, F|48/100|[from] Volt Switch
|
|upkeep
|
|t:|1776043700
|switch|p1a: Alomomola|Alomomola, M|87/100
|turn|98
|
|t:|1776043710
|move|p1a: Alomomola|Wish|p1a: Alomomola
|move|p2a: Slowking|Sludge Bomb|p1a: Alomomola
|-damage|p1a: Alomomola|44/100
|-status|p1a: Alomomola|psn
|
|-damage|p1a: Alomomola|32/100 psn|[from] psn
|upkeep
|turn|99
|
|t:|1776043722
|switch|p1a: Clodsire|Clodsire, F, tera:Steel|58/100
|move|p2a: Slowking|Flamethrower|p1a: Clodsire
|-supereffective|p1a: Clodsire
|-damage|p1a: Clodsire|32/100
|
|-heal|p1a: Clodsire|90/100|[from] move: Wish|[wisher] Alomomola
|upkeep
|turn|100
|
|t:|1776043732
|switch|p2a: Zapdos|Zapdos|58/100 tox
|move|p1a: Clodsire|Earthquake|p2a: Zapdos
|-immune|p2a: Zapdos
|
|-damage|p2a: Zapdos|52/100 tox|[from] psn
|upkeep
|turn|101
|
|t:|1776043738
|move|p2a: Zapdos|Roost|p2a: Zapdos
|-heal|p2a: Zapdos|100/100 tox
|-singleturn|p2a: Zapdos|move: Roost
|move|p1a: Clodsire|Haze|p1a: Clodsire
|-clearallboost
|
|-damage|p2a: Zapdos|88/100 tox|[from] psn
|upkeep
|turn|102
|
|t:|1776043742
|move|p2a: Zapdos|Volt Switch|p1a: Clodsire
|-damage|p1a: Clodsire|74/100
|
|t:|1776043745
|switch|p2a: Slowking|Slowking-Galar, F|81/100|[from] Volt Switch
|move|p1a: Clodsire|Haze|p1a: Clodsire
|-clearallboost
|
|upkeep
|turn|103
|
|t:|1776043749
|move|p2a: Slowking|Flamethrower|p1a: Clodsire
|-supereffective|p1a: Clodsire
|-damage|p1a: Clodsire|48/100
|move|p1a: Clodsire|Earthquake|p2a: Slowking
|-supereffective|p2a: Slowking
|-damage|p2a: Slowking|27/100
|
|upkeep
|turn|104
|
|t:|1776043754
|switch|p2a: Zapdos|Zapdos|88/100 tox
|move|p1a: Clodsire|Recover|p1a: Clodsire
|-heal|p1a: Clodsire|98/100
|
|-damage|p2a: Zapdos|82/100 tox|[from] psn
|upkeep
|turn|105
|
|t:|1776043759
|move|p2a: Zapdos|Volt Switch|p1a: Clodsire
|-damage|p1a: Clodsire|83/100
|
|t:|1776043769
|switch|p2a: Slowking|Slowking-Galar, F|60/100|[from] Volt Switch
|move|p1a: Clodsire|Haze|p1a: Clodsire
|-clearallboost
|
|upkeep
|turn|106
|
|t:|1776043775
|switch|p2a: Zapdos|Zapdos|82/100 tox
|move|p1a: Clodsire|Earthquake|p2a: Zapdos
|-immune|p2a: Zapdos
|
|-damage|p2a: Zapdos|76/100 tox|[from] psn
|upkeep
|turn|107
|
|t:|1776043781
|switch|p2a: Slowking|Slowking-Galar, F|94/100
|switch|p1a: Blissey|Blissey, F|37/100
|
|upkeep
|turn|108
|
|t:|1776043786
|switch|p1a: Clodsire|Clodsire, F, tera:Steel|83/100
|move|p2a: Slowking|Psyshock|p1a: Clodsire
|-resisted|p1a: Clodsire
|-damage|p1a: Clodsire|65/100
|
|upkeep
|turn|109
|
|t:|1776043795
|switch|p2a: Zapdos|Zapdos|76/100 tox
|switch|p1a: Alomomola|Alomomola, M|65/100 psn
|
|-damage|p2a: Zapdos|70/100 tox|[from] psn
|-damage|p1a: Alomomola|53/100 psn|[from] psn
|upkeep
|turn|110
|
|t:|1776043807
|switch|p1a: Clodsire|Clodsire, F, tera:Steel|65/100
|move|p2a: Zapdos|Hurricane|p1a: Clodsire|[miss]
|-miss|p2a: Zapdos|p1a: Clodsire
|
|-damage|p2a: Zapdos|58/100 tox|[from] psn
|upkeep
|turn|111
|
|t:|1776043815
|switch|p2a: Slowking|Slowking-Galar, F|100/100
|move|p1a: Clodsire|Earthquake|p2a: Slowking
|-supereffective|p2a: Slowking
|-damage|p2a: Slowking|41/100
|
|upkeep
|turn|112
|l| Monkey D MinMin
|
|t:|1776043823
|switch|p2a: Zapdos|Zapdos|58/100 tox
|switch|p1a: Blissey|Blissey, F|37/100
|
|-damage|p2a: Zapdos|52/100 tox|[from] psn
|upkeep
|turn|113
|
|t:|1776043826
|move|p2a: Zapdos|Roost|p2a: Zapdos
|-heal|p2a: Zapdos|100/100 tox
|-singleturn|p2a: Zapdos|move: Roost
|move|p1a: Blissey|Soft-Boiled|p1a: Blissey
|-heal|p1a: Blissey|87/100
|
|-damage|p2a: Zapdos|88/100 tox|[from] psn
|upkeep
|turn|114
|
|t:|1776043832
|switch|p2a: Slowking|Slowking-Galar, F|74/100
|switch|p1a: Clodsire|Clodsire, F, tera:Steel|65/100
|
|upkeep
|turn|115
|
|t:|1776043849
|switch|p2a: Zapdos|Zapdos|88/100 tox
|switch|p1a: Alomomola|Alomomola, M|86/100 psn
|
|-damage|p2a: Zapdos|82/100 tox|[from] psn
|-damage|p1a: Alomomola|74/100 psn|[from] psn
|upkeep
|turn|116
|
|t:|1776043856
|switch|p2a: Slowking|Slowking-Galar, F|100/100
|move|p1a: Alomomola|Wish|p1a: Alomomola
|
|-damage|p1a: Alomomola|62/100 psn|[from] psn
|upkeep
|turn|117
|
|t:|1776043872
|switch|p1a: Clodsire|Clodsire, F, tera:Steel|65/100
|move|p2a: Slowking|Flamethrower|p1a: Clodsire
|-supereffective|p1a: Clodsire
|-damage|p1a: Clodsire|40/100
|
|-heal|p1a: Clodsire|97/100|[from] move: Wish|[wisher] Alomomola
|upkeep
|turn|118
|
|t:|1776043879
|switch|p1a: Alomomola|Alomomola, M|95/100 psn
|move|p2a: Slowking|Flamethrower|p1a: Alomomola
|-resisted|p1a: Alomomola
|-damage|p1a: Alomomola|82/100 psn
|
|-damage|p1a: Alomomola|69/100 psn|[from] psn
|upkeep
|turn|119
|
|t:|1776043888
|switch|p1a: Clodsire|Clodsire, F, tera:Steel|97/100
|move|p2a: Slowking|Sludge Bomb|p1a: Clodsire
|-immune|p1a: Clodsire
|
|upkeep
|turn|120
|
|t:|1776043895
|move|p2a: Slowking|Flamethrower|p1a: Clodsire
|-supereffective|p1a: Clodsire
|-damage|p1a: Clodsire|72/100
|move|p1a: Clodsire|Haze|p1a: Clodsire
|-clearallboost
|
|upkeep
|turn|121
|
|t:|1776043905
|switch|p2a: Zapdos|Zapdos|82/100 tox
|move|p1a: Clodsire|Earthquake|p2a: Zapdos
|-immune|p2a: Zapdos
|
|-damage|p2a: Zapdos|76/100 tox|[from] psn
|upkeep
|turn|122
|
|t:|1776043920
|switch|p1a: Alomomola|Alomomola, M|100/100 psn
|move|p2a: Zapdos|Hurricane|p1a: Alomomola|[miss]
|-miss|p2a: Zapdos|p1a: Alomomola
|
|-damage|p2a: Zapdos|64/100 tox|[from] psn
|-damage|p1a: Alomomola|88/100 psn|[from] psn
|upkeep
|turn|123
|
|t:|1776043927
|switch|p2a: Slowking|Slowking-Galar, F|100/100
|move|p1a: Alomomola|Wish|p1a: Alomomola
|
|-damage|p1a: Alomomola|76/100 psn|[from] psn
|upkeep
|turn|124
|
|t:|1776043941
|move|p1a: Alomomola|Flip Turn|p2a: Slowking
|-damage|p2a: Slowking|85/100
|
|t:|1776043943
|switch|p1a: Clodsire|Clodsire, F, tera:Steel|72/100|[from] Flip Turn
|move|p2a: Slowking|Flamethrower|p1a: Clodsire
|-supereffective|p1a: Clodsire
|-damage|p1a: Clodsire|44/100
|
|-heal|p1a: Clodsire|100/100|[from] move: Wish|[wisher] Alomomola
|upkeep
|turn|125
|
|t:|1776043948
|switch|p1a: Alomomola|Alomomola, M|100/100 psn
|move|p2a: Slowking|Flamethrower|p1a: Alomomola
|-resisted|p1a: Alomomola
|-damage|p1a: Alomomola|86/100 psn
|
|-damage|p1a: Alomomola|74/100 psn|[from] psn
|upkeep
|turn|126
|
|t:|1776043954
|move|p1a: Alomomola|Scald|p2a: Slowking
|-damage|p2a: Slowking|75/100
|move|p2a: Slowking|Sludge Bomb|p1a: Alomomola
|-damage|p1a: Alomomola|31/100 psn
|
|-damage|p1a: Alomomola|19/100 psn|[from] psn
|upkeep
|turn|127
|
|t:|1776043962
|move|p1a: Alomomola|Flip Turn|p2a: Slowking
|-damage|p2a: Slowking|60/100
|
|t:|1776043964
|switch|p1a: Clodsire|Clodsire, F, tera:Steel|100/100|[from] Flip Turn
|move|p2a: Slowking|Flamethrower|p1a: Clodsire
|-supereffective|p1a: Clodsire
|-damage|p1a: Clodsire|77/100
|
|upkeep
|turn|128
|
|t:|1776043967
|switch|p1a: Alomomola|Alomomola, M|52/100 psn
|move|p2a: Slowking|Flamethrower|p1a: Alomomola
|-resisted|p1a: Alomomola
|-damage|p1a: Alomomola|37/100 psn
|
|-damage|p1a: Alomomola|25/100 psn|[from] psn
|upkeep
|turn|129
|
|t:|1776043973
|move|p1a: Alomomola|Flip Turn|p2a: Slowking
|-damage|p2a: Slowking|43/100
|
|t:|1776043976
|switch|p1a: Blissey|Blissey, F|87/100|[from] Flip Turn
|move|p2a: Slowking|Flamethrower|p1a: Blissey
|-damage|p1a: Blissey|79/100
|
|upkeep
|turn|130
|
|t:|1776043984
|move|p1a: Blissey|Seismic Toss|p2a: Slowking
|-damage|p2a: Slowking|18/100
|move|p2a: Slowking|Sludge Bomb|p1a: Blissey
|-damage|p1a: Blissey|68/100
|
|upkeep
|turn|131
|
|t:|1776043988
|switch|p2a: Zapdos|Zapdos|64/100 tox
|move|p1a: Blissey|Seismic Toss|p2a: Zapdos
|-damage|p2a: Zapdos|38/100 tox
|
|-damage|p2a: Zapdos|32/100 tox|[from] psn
|upkeep
|turn|132
|
|t:|1776043992
|move|p2a: Zapdos|Roost|p2a: Zapdos
|-heal|p2a: Zapdos|82/100 tox
|-singleturn|p2a: Zapdos|move: Roost
|move|p1a: Blissey|Seismic Toss|p2a: Zapdos
|-damage|p2a: Zapdos|56/100 tox
|-status|p1a: Blissey|par|[from] ability: Static|[of] p2a: Zapdos
|
|-damage|p2a: Zapdos|44/100 tox|[from] psn
|upkeep
|turn|133
|
|t:|1776043995
|switch|p2a: Slowking|Slowking-Galar, F|51/100
|cant|p1a: Blissey|par
|
|upkeep
|turn|134
|
|t:|1776043999
|-curestatus|p1a: Blissey|par|[from] ability: Natural Cure
|switch|p1a: Clodsire|Clodsire, F, tera:Steel|77/100
|switch|p2a: Zapdos|Zapdos|44/100 tox
|
|-damage|p2a: Zapdos|38/100 tox|[from] psn
|upkeep
|turn|135
|
|t:|1776044002
|switch|p1a: Blissey|Blissey, F|68/100
|move|p2a: Zapdos|Roost|p2a: Zapdos
|-heal|p2a: Zapdos|88/100 tox
|-singleturn|p2a: Zapdos|move: Roost
|
|-damage|p2a: Zapdos|76/100 tox|[from] psn
|upkeep
|turn|136
|
|t:|1776044006
|switch|p2a: Slowking|Slowking-Galar, F|84/100
|move|p1a: Blissey|Seismic Toss|p2a: Slowking
|-damage|p2a: Slowking|59/100
|
|upkeep
|turn|137
|
|t:|1776044012
|switch|p1a: Clodsire|Clodsire, F, tera:Steel|77/100
|move|p2a: Slowking|Psyshock|p1a: Clodsire
|-resisted|p1a: Clodsire
|-damage|p1a: Clodsire|58/100
|
|upkeep
|turn|138
|
|t:|1776044020
|move|p2a: Slowking|Psyshock|p1a: Clodsire
|-resisted|p1a: Clodsire
|-damage|p1a: Clodsire|42/100
|move|p1a: Clodsire|Earthquake|p2a: Slowking
|-supereffective|p2a: Slowking
|-damage|p2a: Slowking|1/100
|
|upkeep
|turn|139
|j| tickle me girble
|
|t:|1776044029
|switch|p2a: Zapdos|Zapdos|76/100 tox
|switch|p1a: Alomomola|Alomomola, M|58/100 psn
|
|-damage|p2a: Zapdos|70/100 tox|[from] psn
|-damage|p1a: Alomomola|46/100 psn|[from] psn
|upkeep
|turn|140
|
|t:|1776044034
|switch|p2a: Slowking|Slowking-Galar, F|34/100
|switch|p1a: Blissey|Blissey, F|68/100
|
|upkeep
|turn|141
|
|t:|1776044040
|switch|p2a: Zapdos|Zapdos|70/100 tox
|move|p1a: Blissey|Seismic Toss|p2a: Zapdos
|-damage|p2a: Zapdos|44/100 tox
|
|-damage|p2a: Zapdos|38/100 tox|[from] psn
|upkeep
|turn|142
|
|t:|1776044044
|move|p2a: Zapdos|Roost|p2a: Zapdos
|-heal|p2a: Zapdos|88/100 tox
|-singleturn|p2a: Zapdos|move: Roost
|move|p1a: Blissey|Seismic Toss|p2a: Zapdos
|-damage|p2a: Zapdos|61/100 tox
|
|-damage|p2a: Zapdos|49/100 tox|[from] psn
|upkeep
|turn|143
|j| tomato86627
|
|t:|1776044047
|switch|p2a: Slowking|Slowking-Galar, F|67/100
|move|p1a: Blissey|Seismic Toss|p2a: Slowking
|-damage|p2a: Slowking|42/100
|
|upkeep
|turn|144
|l| tickle me girble
|
|t:|1776044062
|move|p1a: Blissey|Seismic Toss|p2a: Slowking
|-damage|p2a: Slowking|16/100
|move|p2a: Slowking|Psyshock|p1a: Blissey
|-damage|p1a: Blissey|36/100
|
|upkeep
|turn|145
|
|t:|1776044069
|switch|p2a: Zapdos|Zapdos|49/100 tox
|move|p1a: Blissey|Seismic Toss|p2a: Zapdos
|-damage|p2a: Zapdos|23/100 tox
|
|-damage|p2a: Zapdos|17/100 tox|[from] psn
|upkeep
|turn|146
|
|t:|1776044081
|switch|p1a: Alomomola|Alomomola, M|79/100 psn
|move|p2a: Zapdos|Roost|p2a: Zapdos
|-heal|p2a: Zapdos|67/100 tox
|-singleturn|p2a: Zapdos|move: Roost
|
|-damage|p2a: Zapdos|55/100 tox|[from] psn
|-damage|p1a: Alomomola|67/100 psn|[from] psn
|upkeep
|turn|147
|
|t:|1776044084
|switch|p2a: Slowking|Slowking-Galar, F|50/100
|move|p1a: Alomomola|Wish|p1a: Alomomola
|
|-damage|p1a: Alomomola|54/100 psn|[from] psn
|upkeep
|turn|148
|
|t:|1776044092
|move|p1a: Alomomola|Flip Turn|p2a: Slowking
|-damage|p2a: Slowking|34/100
|
|t:|1776044094
|switch|p1a: Clodsire|Clodsire, F, tera:Steel|42/100|[from] Flip Turn
|move|p2a: Slowking|Psyshock|p1a: Clodsire
|-resisted|p1a: Clodsire
|-damage|p1a: Clodsire|24/100
|
|-heal|p1a: Clodsire|82/100|[from] move: Wish|[wisher] Alomomola
|upkeep
|turn|149
|
|t:|1776044105
|switch|p1a: Alomomola|Alomomola, M|88/100 psn
|move|p2a: Slowking|Psyshock|p1a: Alomomola
|-damage|p1a: Alomomola|71/100 psn
|
|-damage|p1a: Alomomola|59/100 psn|[from] psn
|upkeep
|turn|150
|
|t:|1776044109
|move|p1a: Alomomola|Flip Turn|p2a: Slowking
|-damage|p2a: Slowking|16/100
|
|t:|1776044114
|switch|p1a: Clodsire|Clodsire, F, tera:Steel|82/100|[from] Flip Turn
|move|p2a: Slowking|Sludge Bomb|p1a: Clodsire
|-immune|p1a: Clodsire
|
|upkeep
|turn|151
|
|t:|1776044120
|switch|p1a: Alomomola|Alomomola, M|92/100 psn
|move|p2a: Slowking|Psyshock|p1a: Alomomola
|-damage|p1a: Alomomola|74/100 psn
|
|-damage|p1a: Alomomola|62/100 psn|[from] psn
|upkeep
|turn|152
|
|t:|1776044126
|switch|p2a: Zapdos|Zapdos|55/100 tox
|move|p1a: Alomomola|Flip Turn|p2a: Zapdos
|-crit|p2a: Zapdos
|-damage|p2a: Zapdos|37/100 tox
|
|t:|1776044128
|switch|p1a: Blissey|Blissey, F|36/100|[from] Flip Turn
|
|-damage|p2a: Zapdos|31/100 tox|[from] psn
|upkeep
|turn|153
|
|t:|1776044133
|move|p2a: Zapdos|Roost|p2a: Zapdos
|-heal|p2a: Zapdos|81/100 tox
|-singleturn|p2a: Zapdos|move: Roost
|move|p1a: Blissey|Soft-Boiled|p1a: Blissey
|-heal|p1a: Blissey|86/100
|
|-damage|p2a: Zapdos|69/100 tox|[from] psn
|upkeep
|turn|154
|
|t:|1776044140
|switch|p2a: Slowking|Slowking-Galar, F|49/100
|switch|p1a: Clodsire|Clodsire, F, tera:Steel|82/100
|
|upkeep
|turn|155
|
|t:|1776044154
|switch|p1a: Alomomola|Alomomola, M|95/100 psn
|move|p2a: Slowking|Sludge Bomb|p1a: Alomomola
|-damage|p1a: Alomomola|51/100 psn
|
|-damage|p1a: Alomomola|39/100 psn|[from] psn
|upkeep
|turn|156
|
|t:|1776044161
|move|p1a: Alomomola|Flip Turn|p2a: Slowking
|-damage|p2a: Slowking|33/100
|
|t:|1776044165
|switch|p1a: Clodsire|Clodsire, F, tera:Steel|82/100|[from] Flip Turn
|move|p2a: Slowking|Psyshock|p1a: Clodsire
|-resisted|p1a: Clodsire
|-damage|p1a: Clodsire|63/100
|
|upkeep
|turn|157
|
|t:|1776044173
|move|p2a: Slowking|Sludge Bomb|p1a: Clodsire
|-immune|p1a: Clodsire
|move|p1a: Clodsire|Haze|p1a: Clodsire
|-clearallboost
|
|upkeep
|turn|158
|
|t:|1776044180
|move|p2a: Slowking|Sludge Bomb|p1a: Clodsire
|-immune|p1a: Clodsire
|move|p1a: Clodsire|Haze|p1a: Clodsire
|-clearallboost
|
|upkeep
|turn|159
|
|t:|1776044186
|switch|p1a: Alomomola|Alomomola, M|72/100 psn
|move|p2a: Slowking|Flamethrower|p1a: Alomomola
|-resisted|p1a: Alomomola
|-damage|p1a: Alomomola|59/100 psn
|
|-damage|p1a: Alomomola|47/100 psn|[from] psn
|upkeep
|turn|160
|
|t:|1776044190
|move|p1a: Alomomola|Flip Turn|p2a: Slowking
|-damage|p2a: Slowking|17/100
|
|t:|1776044200
|switch|p1a: Dondozo|Dondozo, F|67/100|[from] Flip Turn
|move|p2a: Slowking|Sludge Bomb|p1a: Dondozo
|-damage|p1a: Dondozo|33/100
|
|upkeep
|turn|161
|
|t:|1776044211
|move|p1a: Dondozo|Liquidation|p2a: Slowking
|-damage|p2a: Slowking|0 fnt
|faint|p2a: Slowking
|
|upkeep
|
|t:|1776044213
|switch|p2a: Clefable|Clefable, F|100/100
|turn|162
|
|t:|1776044216
|move|p2a: Clefable|Moonblast|p1a: Dondozo
|-damage|p1a: Dondozo|2/100
|move|p1a: Dondozo|Rest|p1a: Dondozo
|-status|p1a: Dondozo|slp|[from] move: Rest
|-heal|p1a: Dondozo|100/100 slp|[silent]
|
|upkeep
|turn|163
|
|t:|1776044234
|switch|p1a: Alomomola|Alomomola, M|80/100 psn
|move|p2a: Clefable|Moonblast|p1a: Alomomola
|-damage|p1a: Alomomola|43/100 psn
|
|-damage|p1a: Alomomola|31/100 psn|[from] psn
|upkeep
|turn|164
|
|t:|1776044245
|switch|p1a: Blissey|Blissey, F|86/100
|move|p2a: Clefable|Moonblast|p1a: Blissey
|-damage|p1a: Blissey|77/100
|-unboost|p1a: Blissey|spa|1
|
|upkeep
|turn|165
|
|t:|1776044258
|move|p1a: Blissey|Shadow Ball|p2a: Clefable
|-damage|p2a: Clefable|86/100
|move|p2a: Clefable|Calm Mind|p2a: Clefable
|-boost|p2a: Clefable|spa|1
|-boost|p2a: Clefable|spd|1
|
|upkeep
|turn|166
|
|t:|1776044269
|switch|p1a: Clodsire|Clodsire, F, tera:Steel|63/100
|move|p2a: Clefable|Moonblast|p1a: Clodsire
|-resisted|p1a: Clodsire
|-damage|p1a: Clodsire|54/100
|
|upkeep
|turn|167
|
|t:|1776044285
|-terastallize|p2a: Clefable|Poison
|move|p2a: Clefable|Knock Off|p1a: Clodsire
|-damage|p1a: Clodsire|43/100
|move|p1a: Clodsire|Toxic|p2a: Clefable
|-immune|p2a: Clefable
|
|upkeep
|turn|168
|
|t:|1776044299
|switch|p1a: Blissey|Blissey, F|77/100
|move|p2a: Clefable|Moonblast|p1a: Blissey
|-damage|p1a: Blissey|63/100
|
|upkeep
|turn|169
|
|t:|1776044310
|move|p1a: Blissey|Seismic Toss|p2a: Clefable
|-damage|p2a: Clefable|61/100
|move|p2a: Clefable|Calm Mind|p2a: Clefable
|-boost|p2a: Clefable|spa|1
|-boost|p2a: Clefable|spd|1
|
|upkeep
|turn|170
|
|t:|1776044315
|switch|p1a: Clodsire|Clodsire, F, tera:Steel|43/100
|move|p2a: Clefable|Moonlight|p2a: Clefable
|-heal|p2a: Clefable|100/100
|
|upkeep
|turn|171
|
|t:|1776044318
|move|p2a: Clefable|Moonblast|p1a: Clodsire
|-resisted|p1a: Clodsire
|-damage|p1a: Clodsire|34/100
|-unboost|p1a: Clodsire|spa|1
|move|p1a: Clodsire|Haze|p1a: Clodsire
|-clearallboost
|
|upkeep
|turn|172
|
|t:|1776044343
|switch|p2a: Cinderace|Cinderace, F|12/100 tox
|switch|p1a: Alomomola|Alomomola, M|64/100 psn
|
|-damage|p2a: Cinderace|6/100 tox|[from] psn
|-damage|p1a: Alomomola|52/100 psn|[from] psn
|upkeep
|turn|173
|
|t:|1776044354
|switch|p2a: Clefable|Clefable, F, tera:Poison|100/100
|move|p1a: Alomomola|Wish|p1a: Alomomola
|
|-damage|p1a: Alomomola|39/100 psn|[from] psn
|upkeep
|turn|174
|j| ohko_smeargle
|inactive|sminey has 120 seconds left.
|
|t:|1776044371
|switch|p1a: Clodsire|Clodsire, F, tera:Steel|34/100
|move|p2a: Clefable|Moonblast|p1a: Clodsire
|-resisted|p1a: Clodsire
|-damage|p1a: Clodsire|27/100
|-unboost|p1a: Clodsire|spa|1
|
|-heal|p1a: Clodsire|84/100|[from] move: Wish|[wisher] Alomomola
|upkeep
|turn|175
|
|t:|1776044386
|switch|p2a: Weavile|Weavile, M|100/100
|-ability|p2a: Weavile|Pressure
|move|p1a: Clodsire|Haze|p1a: Clodsire
|-clearallboost
|
|upkeep
|turn|176
|
|t:|1776044397
|switch|p2a: Clefable|Clefable, F, tera:Poison|100/100
|switch|p1a: Dondozo|Dondozo, F|100/100 slp
|
|upkeep
|turn|177
|
|t:|1776044409
|move|p2a: Clefable|Calm Mind|p2a: Clefable
|-boost|p2a: Clefable|spa|1
|-boost|p2a: Clefable|spd|1
|cant|p1a: Dondozo|slp
|move|p1a: Dondozo|Sleep Talk|p1a: Dondozo
|move|p1a: Dondozo|Liquidation|p2a: Clefable|[from] move: Sleep Talk
|-damage|p2a: Clefable|78/100
|
|upkeep
|turn|178
|
|t:|1776044422
|move|p2a: Clefable|Moonblast|p1a: Dondozo
|-damage|p1a: Dondozo|71/100 slp
|cant|p1a: Dondozo|slp
|move|p1a: Dondozo|Sleep Talk|p1a: Dondozo
|move|p1a: Dondozo|Liquidation|p2a: Clefable|[from] move: Sleep Talk
|-damage|p2a: Clefable|57/100
|
|upkeep
|turn|179
|
|t:|1776044430
|switch|p1a: Clodsire|Clodsire, F, tera:Steel|84/100
|move|p2a: Clefable|Moonlight|p2a: Clefable
|-heal|p2a: Clefable|100/100
|
|upkeep
|turn|180
|
|t:|1776044434
|switch|p2a: Weavile|Weavile, M|100/100
|-ability|p2a: Weavile|Pressure
|move|p1a: Clodsire|Haze|p1a: Clodsire
|-clearallboost
|
|upkeep
|turn|181
|
|t:|1776044441
|switch|p2a: Clefable|Clefable, F, tera:Poison|100/100
|switch|p1a: Dondozo|Dondozo, F|71/100 slp
|
|upkeep
|turn|182
|
|t:|1776044457
|move|p2a: Clefable|Moonblast|p1a: Dondozo
|-damage|p1a: Dondozo|43/100 slp
|-unboost|p1a: Dondozo|spa|1
|-curestatus|p1a: Dondozo|slp|[msg]
|move|p1a: Dondozo|Liquidation|p2a: Clefable
|-damage|p2a: Clefable|80/100
|
|upkeep
|turn|183
|
|t:|1776044471
|switch|p2a: Weavile|Weavile, M|100/100
|-ability|p2a: Weavile|Pressure
|move|p1a: Dondozo|Rest|p1a: Dondozo
|-status|p1a: Dondozo|slp|[from] move: Rest
|-heal|p1a: Dondozo|100/100 slp|[silent]
|
|upkeep
|turn|184
|
|t:|1776044481
|switch|p2a: Clefable|Clefable, F, tera:Poison|80/100
|cant|p1a: Dondozo|slp
|move|p1a: Dondozo|Sleep Talk|p1a: Dondozo
|move|p1a: Dondozo|Rest||[from] move: Sleep Talk|[still]
|-fail|p1a: Dondozo
|
|upkeep
|turn|185
|
|t:|1776044489
|move|p2a: Clefable|Moonblast|p1a: Dondozo
|-damage|p1a: Dondozo|70/100 slp
|cant|p1a: Dondozo|slp
|
|upkeep
|turn|186
|
|t:|1776044494
|switch|p1a: Blissey|Blissey, F|63/100
|move|p2a: Clefable|Moonblast|p1a: Blissey
|-damage|p1a: Blissey|54/100
|-unboost|p1a: Blissey|spa|1
|
|upkeep
|turn|187
|
|t:|1776044505
|switch|p2a: Weavile|Weavile, M|100/100
|-ability|p2a: Weavile|Pressure
|move|p1a: Blissey|Soft-Boiled|p1a: Blissey
|-heal|p1a: Blissey|100/100
|
|upkeep
|turn|188
|
|t:|1776044513
|switch|p2a: Clefable|Clefable, F, tera:Poison|80/100
|switch|p1a: Dondozo|Dondozo, F|70/100 slp
|
|upkeep
|turn|189
|
|t:|1776044526
|switch|p1a: Blissey|Blissey, F|100/100
|move|p2a: Clefable|Moonblast|p1a: Blissey
|-damage|p1a: Blissey|90/100
|
|upkeep
|turn|190
|
|t:|1776044531
|move|p1a: Blissey|Seismic Toss|p2a: Clefable
|-damage|p2a: Clefable|54/100
|move|p2a: Clefable|Calm Mind|p2a: Clefable
|-boost|p2a: Clefable|spa|1
|-boost|p2a: Clefable|spd|1
|
|upkeep
|turn|191
|
|t:|1776044538
|move|p1a: Blissey|Seismic Toss|p2a: Clefable
|-damage|p2a: Clefable|29/100
|move|p2a: Clefable|Calm Mind|p2a: Clefable
|-boost|p2a: Clefable|spa|1
|-boost|p2a: Clefable|spd|1
|
|upkeep
|turn|192
|
|t:|1776044544
|move|p1a: Blissey|Seismic Toss|p2a: Clefable
|-damage|p2a: Clefable|4/100
|move|p2a: Clefable|Moonlight|p2a: Clefable
|-heal|p2a: Clefable|54/100
|
|upkeep
|turn|193
|l| tomato86627
|
|t:|1776044552
|switch|p1a: Clodsire|Clodsire, F, tera:Steel|84/100
|move|p2a: Clefable|Moonblast|p1a: Clodsire
|-resisted|p1a: Clodsire
|-damage|p1a: Clodsire|76/100
|
|upkeep
|turn|194
|
|t:|1776044555
|move|p2a: Clefable|Knock Off|p1a: Clodsire
|-damage|p1a: Clodsire|65/100
|move|p1a: Clodsire|Haze|p1a: Clodsire
|-clearallboost
|
|upkeep
|turn|195
|
|t:|1776044564
|switch|p2a: Weavile|Weavile, M|100/100
|-ability|p2a: Weavile|Pressure
|switch|p1a: Blissey|Blissey, F|90/100
|
|upkeep
|turn|196
|
|t:|1776044575
|switch|p2a: Clefable|Clefable, F, tera:Poison|54/100
|switch|p1a: Dondozo|Dondozo, F|70/100 slp
|
|upkeep
|turn|197
|
|t:|1776044580
|switch|p2a: Weavile|Weavile, M|100/100
|-ability|p2a: Weavile|Pressure
|-curestatus|p1a: Dondozo|slp|[msg]
|move|p1a: Dondozo|Liquidation|p2a: Weavile
|-damage|p2a: Weavile|47/100
|
|upkeep
|turn|198
|
|t:|1776044588
|switch|p2a: Clefable|Clefable, F, tera:Poison|54/100
|move|p1a: Dondozo|Liquidation|p2a: Clefable
|-damage|p2a: Clefable|30/100
|-unboost|p2a: Clefable|def|1
|
|upkeep
|turn|199
|
|t:|1776044598
|switch|p2a: Zapdos|Zapdos|69/100 tox
|move|p1a: Dondozo|Liquidation|p2a: Zapdos
|-damage|p2a: Zapdos|47/100 tox
|-status|p1a: Dondozo|par|[from] ability: Static|[of] p2a: Zapdos
|
|-damage|p2a: Zapdos|41/100 tox|[from] psn
|upkeep
|turn|200
|
|t:|1776044610
|move|p2a: Zapdos|Hurricane|p1a: Dondozo
|-damage|p1a: Dondozo|24/100 par
|move|p1a: Dondozo|Rest|p1a: Dondozo
|-status|p1a: Dondozo|slp|[from] move: Rest
|-heal|p1a: Dondozo|100/100 slp|[silent]
|
|-damage|p2a: Zapdos|29/100 tox|[from] psn
|upkeep
|turn|201
|
|t:|1776044618
|switch|p2a: Clefable|Clefable, F, tera:Poison|30/100
|switch|p1a: Blissey|Blissey, F|90/100
|
|upkeep
|turn|202
|
|t:|1776044620
|move|p1a: Blissey|Seismic Toss|p2a: Clefable
|-damage|p2a: Clefable|5/100
|move|p2a: Clefable|Moonlight|p2a: Clefable
|-heal|p2a: Clefable|55/100
|
|upkeep
|turn|203
|inactive|sminey has 90 seconds left.
|
|t:|1776044631
|move|p1a: Blissey|Seismic Toss|p2a: Clefable
|-damage|p2a: Clefable|29/100
|move|p2a: Clefable|Moonlight|p2a: Clefable
|-heal|p2a: Clefable|79/100
|
|upkeep
|turn|204
|inactive|sminey has 90 seconds left.
|
|t:|1776044648
|switch|p2a: Zapdos|Zapdos|29/100 tox
|move|p1a: Blissey|Seismic Toss|p2a: Zapdos
|-damage|p2a: Zapdos|3/100 tox
|
|-damage|p2a: Zapdos|0 fnt|[from] psn
|faint|p2a: Zapdos
|upkeep
|
|t:|1776044654
|switch|p2a: Cinderace|Cinderace, F|6/100 tox
|turn|205
|
|t:|1776044658
|switch|p1a: Alomomola|Alomomola, M|73/100 psn
|move|p2a: Cinderace|U-turn|p1a: Alomomola
|-start|p2a: Cinderace|typechange|Bug|[from] ability: Libero
|-damage|p1a: Alomomola|56/100 psn
|
|t:|1776044662
|switch|p2a: Clefable|Clefable, F, tera:Poison|79/100|[from] U-turn
|
|-damage|p1a: Alomomola|44/100 psn|[from] psn
|upkeep
|turn|206
|inactive|sminey has 90 seconds left.
|
|t:|1776044683
|switch|p1a: Blissey|Blissey, F|90/100
|move|p2a: Clefable|Calm Mind|p2a: Clefable
|-boost|p2a: Clefable|spa|1
|-boost|p2a: Clefable|spd|1
|
|upkeep
|turn|207
|
|t:|1776044689
|switch|p1a: Clodsire|Clodsire, F, tera:Steel|65/100
|move|p2a: Clefable|Calm Mind|p2a: Clefable
|-boost|p2a: Clefable|spa|1
|-boost|p2a: Clefable|spd|1
|
|upkeep
|turn|208
|inactive|sminey has 90 seconds left.
|
|t:|1776044694
|move|p2a: Clefable|Knock Off|p1a: Clodsire
|-crit|p1a: Clodsire
|-damage|p1a: Clodsire|48/100
|move|p1a: Clodsire|Haze|p1a: Clodsire
|-clearallboost
|
|upkeep
|turn|209
|inactive|midonito has 120 seconds left.
|
|t:|1776044706
|switch|p2a: Weavile|Weavile, M|47/100
|-ability|p2a: Weavile|Pressure
|switch|p1a: Blissey|Blissey, F|90/100
|
|upkeep
|turn|210
|inactive|midonito has 120 seconds left.
|
|t:|1776044724
|switch|p1a: Alomomola|Alomomola, M|77/100 psn
|move|p2a: Weavile|Knock Off|p1a: Alomomola
|-damage|p1a: Alomomola|51/100 psn
|-enditem|p1a: Alomomola|Heavy-Duty Boots|[from] move: Knock Off|[of] p2a: Weavile
|
|-damage|p1a: Alomomola|39/100 psn|[from] psn
|upkeep
|turn|211
|inactive|sminey has 60 seconds left.
|
|t:|1776044741
|switch|p2a: Clefable|Clefable, F, tera:Poison|79/100
|move|p1a: Alomomola|Flip Turn|p2a: Clefable
|-damage|p2a: Clefable|67/100
|
|t:|1776044748
|switch|p1a: Blissey|Blissey, F|90/100|[from] Flip Turn
|
|upkeep
|turn|212
|inactive|sminey has 60 seconds left.
|
|t:|1776044755
|switch|p2a: Weavile|Weavile, M|47/100
|-ability|p2a: Weavile|Pressure
|move|p1a: Blissey|Seismic Toss|p2a: Weavile
|-damage|p2a: Weavile|11/100
|
|upkeep
|turn|213
|inactive|sminey has 60 seconds left.
|
|t:|1776044763
|switch|p1a: Dondozo|Dondozo, F|100/100 slp
|move|p2a: Weavile|Triple Axel|p1a: Dondozo
|-resisted|p1a: Dondozo
|-damage|p1a: Dondozo|98/100 slp
|-resisted|p1a: Dondozo
|-damage|p1a: Dondozo|94/100 slp
|-resisted|p1a: Dondozo
|-damage|p1a: Dondozo|87/100 slp
|-hitcount|p1a: Dondozo|3
|
|upkeep
|turn|214
|
|t:|1776044769
|move|p2a: Weavile|Knock Off|p1a: Dondozo
|-damage|p1a: Dondozo|73/100 slp
|cant|p1a: Dondozo|slp
|move|p1a: Dondozo|Sleep Talk|p1a: Dondozo
|move|p1a: Dondozo|Body Press|p2a: Weavile|[from] move: Sleep Talk
|-supereffective|p2a: Weavile
|-damage|p2a: Weavile|0 fnt
|faint|p2a: Weavile
|
|upkeep
|
|t:|1776044776
|switch|p2a: Clefable|Clefable, F, tera:Poison|67/100
|turn|215
|
|t:|1776044780
|move|p2a: Clefable|Moonblast|p1a: Dondozo
|-damage|p1a: Dondozo|42/100 slp
|cant|p1a: Dondozo|slp
|move|p1a: Dondozo|Sleep Talk|p1a: Dondozo
|move|p1a: Dondozo|Body Press|p2a: Clefable|[from] move: Sleep Talk
|-resisted|p2a: Clefable
|-damage|p2a: Clefable|57/100
|
|upkeep
|turn|216
|
|t:|1776044787
|move|p2a: Clefable|Calm Mind|p2a: Clefable
|-boost|p2a: Clefable|spa|1
|-boost|p2a: Clefable|spd|1
|-curestatus|p1a: Dondozo|slp|[msg]
|move|p1a: Dondozo|Rest|p1a: Dondozo
|-status|p1a: Dondozo|slp|[from] move: Rest
|-heal|p1a: Dondozo|100/100 slp|[silent]
|
|upkeep
|turn|217
|inactive|midonito has 120 seconds left.
|
|t:|1776044796
|switch|p1a: Clodsire|Clodsire, F, tera:Steel|48/100
|move|p2a: Clefable|Moonblast|p1a: Clodsire
|-resisted|p1a: Clodsire
|-damage|p1a: Clodsire|40/100
|
|upkeep
|turn|218
|inactive|midonito has 120 seconds left.
|
|t:|1776044802
|switch|p1a: Blissey|Blissey, F|90/100
|move|p2a: Clefable|Knock Off|p1a: Blissey
|-damage|p1a: Blissey|75/100
|-enditem|p1a: Blissey|Choice Scarf|[from] move: Knock Off|[of] p2a: Clefable
|
|upkeep
|turn|219
|
|t:|1776044812
|move|p2a: Clefable|Calm Mind|p2a: Clefable
|-boost|p2a: Clefable|spa|1
|-boost|p2a: Clefable|spd|1
|move|p1a: Blissey|Seismic Toss|p2a: Clefable
|-damage|p2a: Clefable|32/100
|
|upkeep
|turn|220
|
|t:|1776044818
|move|p2a: Clefable|Moonlight|p2a: Clefable
|-heal|p2a: Clefable|82/100
|move|p1a: Blissey|Seismic Toss|p2a: Clefable
|-damage|p2a: Clefable|56/100
|
|upkeep
|turn|221
|
|t:|1776044833
|move|p2a: Clefable|Calm Mind|p2a: Clefable
|-boost|p2a: Clefable|spa|1
|-boost|p2a: Clefable|spd|1
|move|p1a: Blissey|Seismic Toss|p2a: Clefable
|-damage|p2a: Clefable|31/100
|
|upkeep
|turn|222
|
|t:|1776044839
|move|p2a: Clefable|Moonlight|p2a: Clefable
|-heal|p2a: Clefable|81/100
|move|p1a: Blissey|Seismic Toss|p2a: Clefable
|-damage|p2a: Clefable|56/100
|
|upkeep
|turn|223
|
|t:|1776044842
|switch|p1a: Clodsire|Clodsire, F, tera:Steel|40/100
|move|p2a: Clefable|Moonblast|p1a: Clodsire
|-resisted|p1a: Clodsire
|-damage|p1a: Clodsire|31/100
|
|upkeep
|turn|224
|
|t:|1776044845
|move|p2a: Clefable|Knock Off|p1a: Clodsire
|-damage|p1a: Clodsire|19/100
|move|p1a: Clodsire|Haze|p1a: Clodsire
|-clearallboost
|
|upkeep
|turn|225
|
|t:|1776044855
|move|p2a: Clefable|Knock Off|p1a: Clodsire
|-damage|p1a: Clodsire|8/100
|move|p1a: Clodsire|Earthquake|p2a: Clefable
|-supereffective|p2a: Clefable
|-damage|p2a: Clefable|11/100
|
|upkeep
|turn|226
|inactive|sminey has 60 seconds left.
|
|t:|1776044865
|switch|p1a: Alomomola|Alomomola, M|72/100 psn
|move|p2a: Clefable|Moonlight|p2a: Clefable
|-heal|p2a: Clefable|61/100
|
|-damage|p1a: Alomomola|59/100 psn|[from] psn
|upkeep
|turn|227
|
|t:|1776044877
|move|p2a: Clefable|Moonblast|p1a: Alomomola
|-damage|p1a: Alomomola|21/100 psn
|move|p1a: Alomomola|Wish|p1a: Alomomola
|
|-damage|p1a: Alomomola|8/100 psn|[from] psn
|upkeep
|turn|228
|inactive|sminey has 60 seconds left.
|
|t:|1776044884
|switch|p1a: Blissey|Blissey, F|75/100
|move|p2a: Clefable|Calm Mind|p2a: Clefable
|-boost|p2a: Clefable|spa|1
|-boost|p2a: Clefable|spd|1
|
|-heal|p1a: Blissey|100/100|[from] move: Wish|[wisher] Alomomola
|upkeep
|turn|229
|inactive|midonito has 90 seconds left.
|
|t:|1776044895
|move|p2a: Clefable|Calm Mind|p2a: Clefable
|-boost|p2a: Clefable|spa|1
|-boost|p2a: Clefable|spd|1
|move|p1a: Blissey|Seismic Toss|p2a: Clefable
|-damage|p2a: Clefable|36/100
|
|upkeep
|turn|230
|
|t:|1776044897
|move|p2a: Clefable|Moonblast|p1a: Blissey
|-damage|p1a: Blissey|81/100
|move|p1a: Blissey|Seismic Toss|p2a: Clefable
|-damage|p2a: Clefable|11/100
|
|upkeep
|turn|231
|
|t:|1776044901
|move|p2a: Clefable|Moonblast|p1a: Blissey
|-damage|p1a: Blissey|61/100
|move|p1a: Blissey|Seismic Toss|p2a: Clefable
|-damage|p2a: Clefable|0 fnt
|faint|p2a: Clefable
|
|upkeep
|
|t:|1776044903
|switch|p2a: Cinderace|Cinderace, F|6/100 tox
|turn|232
|
|t:|1776044908
|switch|p1a: Alomomola|Alomomola, M|42/100 psn
|move|p2a: Cinderace|U-turn|p1a: Alomomola
|-start|p2a: Cinderace|typechange|Bug|[from] ability: Libero
|-damage|p1a: Alomomola|23/100 psn
|
|t:|1776044909
|switch|p2a: Latios|Latios, M|5/100 tox|[from] U-turn
|
|-damage|p2a: Latios|0 fnt|[from] psn
|faint|p2a: Latios
|-damage|p1a: Alomomola|11/100 psn|[from] psn
|upkeep
|
|t:|1776044911
|switch|p2a: Cinderace|Cinderace, F|6/100 tox
|turn|233
|
|t:|1776044912
|move|p1a: Alomomola|Protect|p1a: Alomomola
|-singleturn|p1a: Alomomola|Protect
|move|p2a: Cinderace|U-turn|p1a: Alomomola
|-start|p2a: Cinderace|typechange|Bug|[from] ability: Libero
|-activate|p1a: Alomomola|move: Protect
|
|-damage|p2a: Cinderace|0 fnt|[from] psn
|faint|p2a: Cinderace
|
|win|midonito
|raw|midonito's rating: 1645 &rarr; <strong>1672</strong><br />(+27 for winning)
|raw|sminey's rating: 1780 &rarr; <strong>1753</strong><br />(-27 for losing)
|l| ohko_smeargle
|l|☆sminey
|player|p2|
|c|☆midonito|gg
|l| North Ryder
|l|☆midonito
|player|p1|
|l| kindnessalwayswins
