|html|<div class="broadcast-blue"><strong>[Gen 9] OU is currently suspecting Tera Blast! For information on how to participate check out the <a href="https://www.smogon.com/tools/suspects/view/200">suspect thread</a>.</strong></div>
|j|☆pigeon de wich
|j|☆xamorke2111
|t:|1776196782
|gametype|singles
|player|p1|pigeon de wich|medium|1264
|player|p2|xamorke2111|gambler|1245
|gen|9
|tier|[Gen 9] OU
|rated|
|rule|HP Percentage Mod: HP is shown in percentages
|rule|Endless Battle Clause: Forcing endless battles is banned
|rule|Species Clause: Limit one of each Pokémon
|rule|OHKO Clause: OHKO moves are banned
|rule|Evasion Items Clause: Evasion items are banned
|rule|Evasion Moves Clause: Evasion moves are banned
|rule|Evasion Abilities Clause: Evasion abilities are banned
|rule|Sleep Moves Clause: Sleep-inducing moves are banned
|clearpoke
|poke|p1|Samurott-Hisui, M|
|poke|p1|Dragapult, M|
|poke|p1|Great Tusk|
|poke|p1|Gholdengo|
|poke|p1|Primarina, F|
|poke|p1|Raging Bolt|
|poke|p2|Kyurem|
|poke|p2|Iron Crown|
|poke|p2|Great Tusk|
|poke|p2|Typhlosion, M|
|poke|p2|Ribombee, M|
|poke|p2|Primarina, F|
|teampreview
|inactive|Battle timer is ON: inactive players will automatically lose when time's up. (requested by pigeon de wich)
|inactive|xamorke2111 has 120 seconds left.
|inactive|xamorke2111 has 90 seconds left.
|inactive|xamorke2111 has 60 seconds left.
|
|t:|1776196891
|teamsize|p1|6
|teamsize|p2|6
|start
|switch|p1a: China wall|Great Tusk|100/100
|switch|p2a: Typhlosion|Typhlosion, M|100/100
|turn|1
|
|t:|1776196900
|-end|p1a: China wall|Protosynthesis|[silent]
|switch|p1a: Marina|Primarina, F, shiny|100/100
|move|p2a: Typhlosion|Eruption|p1a: Marina
|-resisted|p1a: Marina
|-crit|p1a: Marina
|-damage|p1a: Marina|71/100
|
|upkeep
|turn|2
|
|t:|1776196907
|switch|p2a: Primarina|Primarina, F|100/100
|move|p1a: Marina|Flip Turn|p2a: Primarina
|-resisted|p2a: Primarina
|-damage|p2a: Primarina|92/100
|
|t:|1776196910
|switch|p1a: Goat|Gholdengo, shiny|100/100|[from] Flip Turn
|-item|p1a: Goat|Air Balloon
|
|upkeep
|turn|3
|
|t:|1776196920
|switch|p2a: Great Tusk|Great Tusk|100/100
|move|p1a: Goat|Make It Rain|p2a: Great Tusk
|-damage|p2a: Great Tusk|22/100
|-unboost|p1a: Goat|spa|1
|
|upkeep
|turn|4
|
|t:|1776196932
|switch|p1a: Marina|Primarina, F, shiny|71/100
|move|p2a: Great Tusk|Stealth Rock|p1a: Marina
|-sidestart|p1: pigeon de wich|move: Stealth Rock
|
|upkeep
|turn|5
|
|t:|1776196937
|move|p1a: Marina|Psychic Noise|p2a: Great Tusk
|-supereffective|p2a: Great Tusk
|-damage|p2a: Great Tusk|0 fnt
|faint|p2a: Great Tusk
|-end|p2a: Great Tusk|Protosynthesis|[silent]
|
|upkeep
|
|t:|1776196957
|switch|p2a: Kyurem|Kyurem|100/100
|-ability|p2a: Kyurem|Pressure
|turn|6
|
|t:|1776196965
|switch|p1a: Goat|Gholdengo, shiny|100/100
|-damage|p1a: Goat|94/100|[from] Stealth Rock
|-item|p1a: Goat|Air Balloon
|move|p2a: Kyurem|Freeze-Dry|p1a: Goat
|-resisted|p1a: Goat
|-damage|p1a: Goat|73/100
|-enditem|p1a: Goat|Air Balloon
|
|upkeep
|turn|7
|
|t:|1776196980
|switch|p1a: Niooooon|Dragapult, M, shiny|100/100
|-damage|p1a: Niooooon|88/100|[from] Stealth Rock
|move|p2a: Kyurem|Earth Power|p1a: Niooooon
|-damage|p1a: Niooooon|45/100
|
|upkeep
|turn|8
|
|t:|1776196993
|-terastallize|p2a: Kyurem|Fairy
|move|p1a: Niooooon|Draco Meteor|p2a: Kyurem
|-immune|p2a: Kyurem
|move|p2a: Kyurem|Tera Blast|p1a: Niooooon|[anim] Tera Blast Fairy
|-supereffective|p1a: Niooooon
|-damage|p1a: Niooooon|0 fnt
|faint|p1a: Niooooon
|
|upkeep
|
|t:|1776197002
|switch|p1a: Samurail|Samurott-Hisui, M, shiny|100/100
|-damage|p1a: Samurail|88/100|[from] Stealth Rock
|turn|9
|
|t:|1776197010
|-terastallize|p1a: Samurail|Water
|move|p1a: Samurail|Aqua Cutter|p2a: Kyurem
|-damage|p2a: Kyurem|38/100
|move|p2a: Kyurem|Tera Blast|p1a: Samurail|[anim] Tera Blast Fairy
|-damage|p1a: Samurail|20/100
|
|upkeep
|turn|10
|
|t:|1776197023
|switch|p2a: Primarina|Primarina, F|92/100
|move|p1a: Samurail|Aqua Cutter|p2a: Primarina
|-resisted|p2a: Primarina
|-crit|p2a: Primarina
|-damage|p2a: Primarina|35/100
|
|upkeep
|turn|11
|
|t:|1776197033
|move|p1a: Samurail|Aqua Cutter|p2a: Primarina
|-resisted|p2a: Primarina
|-damage|p2a: Primarina|0 fnt
|faint|p2a: Primarina
|
|upkeep
|
|t:|1776197046
|switch|p2a: Typhlosion|Typhlosion, M|100/100
|turn|12
|
|t:|1776197054
|move|p2a: Typhlosion|Eruption|p1a: Samurail
|-resisted|p1a: Samurail
|-damage|p1a: Samurail|0 fnt
|faint|p1a: Samurail
|
|upkeep
|
|t:|1776197062
|switch|p1a: Marina|Primarina, F, shiny|71/100
|-damage|p1a: Marina|58/100|[from] Stealth Rock
|turn|13
|
|t:|1776197066
|switch|p2a: Kyurem|Kyurem, tera:Fairy|38/100
|-ability|p2a: Kyurem|Pressure
|move|p1a: Marina|Flip Turn|p2a: Kyurem
|-damage|p2a: Kyurem|24/100
|
|t:|1776197069
|switch|p1a: China wall|Great Tusk|100/100|[from] Flip Turn
|-damage|p1a: China wall|98/100|[from] Stealth Rock
|
|upkeep
|turn|14
|
|t:|1776197079
|move|p2a: Kyurem|Psychic|p1a: China wall
|-supereffective|p1a: China wall
|-damage|p1a: China wall|0 fnt
|faint|p1a: China wall
|-end|p1a: China wall|Protosynthesis|[silent]
|
|upkeep
|inactive|pigeon de wich has 120 seconds left.
|c|☆pigeon de wich|Ta mère la pute
|n|‽pigeon de wich|pigeondewich
|c|~|/log pigeon de wich was locked from talking by Artemis. (☆pigeon de wich: Ta mère la pute)
|c|~|/raw <small>This action was done automatically. Want to learn more about the AI? <a href="https://www.smogon.com/forums/threads/3570628/#post-9056769">Visit the information thread</a>.</small>
|-message|pigeon de wich forfeited.
|
|win|xamorke2111
