|html|<div class="broadcast-blue"><strong>[Gen 9] OU is currently suspecting Tera Blast! For information on how to participate check out the <a href="https://www.smogon.com/tools/suspects/view/200">suspect thread</a>.</strong></div>
|j|☆vzn.exe
|j|☆V0ldy
|t:|1776106328
|gametype|singles
|player|p1|vzn.exe|lusamine-nihilego|1593
|player|p2|V0ldy|102|1615
|gen|9
|tier|[Gen 9] OU
|rated|
|rule|HP Percentage Mod: HP is shown in percentages
|rule|Endless Battle Clause: Forcing endless battles is banned
|rule|Species Clause: Limit one of each Pokémon
|rule|OHKO Clause: OHKO moves are banned
|rule|Evasion Items Clause: Evasion items are banned
|rule|Evasion Moves Clause: Evasion moves are banned
|rule|Evasion Abilities Clause: Evasion abilities are banned
|rule|Sleep Moves Clause: Sleep-inducing moves are banned
|clearpoke
|poke|p1|Primarina, M|
|poke|p1|Great Tusk|
|poke|p1|Enamorus, F|
|poke|p1|Slowking-Galar, M|
|poke|p1|Ogerpon, F|
|poke|p1|Kingambit, M|
|poke|p2|Indeedee, M|
|poke|p2|Hawlucha, M|
|poke|p2|Gallade, M|
|poke|p2|Armarouge, M|
|poke|p2|Polteageist-Antique|
|poke|p2|Excadrill, F|
|teampreview
|inactive|Battle timer is ON: inactive players will automatically lose when time's up. (requested by V0ldy)
|
|t:|1776106346
|teamsize|p1|6
|teamsize|p2|6
|start
|switch|p1a: Anonymous|Ogerpon, F|100/100
|switch|p2a: Excadrill|Excadrill, F|100/100
|-ability|p2a: Excadrill|Mold Breaker
|turn|1
|inactive|vzn.exe also wants the timer to be on.
|
|t:|1776106363
|move|p1a: Anonymous|Knock Off|p2a: Excadrill
|-damage|p2a: Excadrill|27/100
|-enditem|p2a: Excadrill|Focus Sash|[from] move: Knock Off|[of] p1a: Anonymous
|move|p2a: Excadrill|Rapid Spin|p1a: Anonymous
|-damage|p1a: Anonymous|76/100
|-boost|p2a: Excadrill|spe|1
|
|upkeep
|turn|2
|
|t:|1776106381
|move|p2a: Excadrill|Stealth Rock|p1a: Anonymous
|-sidestart|p1: vzn.exe|move: Stealth Rock
|move|p1a: Anonymous|Knock Off|p2a: Excadrill
|-damage|p2a: Excadrill|0 fnt
|faint|p2a: Excadrill
|
|upkeep
|
|t:|1776106387
|switch|p2a: Indeedee|Indeedee, M|100/100
|-fieldstart|move: Psychic Terrain|[from] ability: Psychic Surge|[of] p2a: Indeedee
|turn|3
|
|t:|1776106403
|switch|p2a: Armarouge|Armarouge, M|100/100
|move|p1a: Anonymous|Knock Off|p2a: Armarouge
|-supereffective|p2a: Armarouge
|-damage|p2a: Armarouge|0 fnt
|-enditem|p2a: Armarouge|Weakness Policy|[from] move: Knock Off|[of] p1a: Anonymous
|faint|p2a: Armarouge
|
|upkeep
|
|t:|1776106411
|switch|p2a: Polteageist|Polteageist-Antique|100/100
|turn|4
|
|t:|1776106428
|move|p1a: Anonymous|Knock Off|p2a: Polteageist
|-supereffective|p2a: Polteageist
|-enditem|p2a: Polteageist|Focus Sash
|-damage|p2a: Polteageist|1/100
|-ability|p2a: Polteageist|Weak Armor|boost
|-unboost|p2a: Polteageist|def|1
|-boost|p2a: Polteageist|spe|2
|move|p2a: Polteageist|Shell Smash|p2a: Polteageist
|-unboost|p2a: Polteageist|def|1
|-unboost|p2a: Polteageist|spd|1
|-boost|p2a: Polteageist|atk|2
|-boost|p2a: Polteageist|spa|2
|-boost|p2a: Polteageist|spe|2
|
|upkeep
|turn|5
|
|t:|1776106445
|switch|p1a: Overgod|Kingambit, M, shiny|100/100
|-damage|p1a: Overgod|94/100|[from] Stealth Rock
|move|p2a: Polteageist|Shadow Ball|p1a: Overgod
|-resisted|p1a: Overgod
|-damage|p1a: Overgod|49/100
|-unboost|p1a: Overgod|spd|1
|
|-heal|p1a: Overgod|56/100|[from] item: Leftovers
|upkeep
|turn|6
|inactive|vzn.exe has 120 seconds left.
|
|t:|1776106463
|-end|p1a: Overgod|fallenundefined|[silent]
|switch|p1a: Anonymous|Ogerpon, F|76/100
|-damage|p1a: Anonymous|64/100|[from] Stealth Rock
|move|p2a: Polteageist|Shadow Ball|p1a: Anonymous
|-damage|p1a: Anonymous|0 fnt
|faint|p1a: Anonymous
|
|upkeep
|inactive|vzn.exe has 120 seconds left.
|
|t:|1776106480
|switch|p1a: Overgod|Kingambit, M, shiny|56/100
|-damage|p1a: Overgod|49/100|[from] Stealth Rock
|-activate|p1a: Overgod|ability: Supreme Overlord
|-start|p1a: Overgod|fallen1|[silent]
|turn|7
|
|t:|1776106496
|move|p2a: Polteageist|Shadow Ball|p1a: Overgod
|-resisted|p1a: Overgod
|-damage|p1a: Overgod|0 fnt
|faint|p1a: Overgod
|-end|p1a: Overgod|fallen1|[silent]
|
|upkeep
|
|t:|1776106514
|switch|p1a: Gin|Enamorus, F, shiny|100/100
|-damage|p1a: Gin|76/100|[from] Stealth Rock
|turn|8
|inactive|vzn.exe has 90 seconds left.
|
|t:|1776106531
|switch|p1a: Mantra|Slowking-Galar, M, shiny|100/100
|-damage|p1a: Mantra|88/100|[from] Stealth Rock
|move|p2a: Polteageist|Stored Power|p1a: Mantra
|-damage|p1a: Mantra|0 fnt
|faint|p1a: Mantra
|
|upkeep
|inactive|vzn.exe has 90 seconds left.
|
|t:|1776106541
|switch|p1a: Gin|Enamorus, F, shiny|76/100
|-damage|p1a: Gin|51/100|[from] Stealth Rock
|turn|9
|
|t:|1776106549
|switch|p1a: Celestine|Primarina, M, shiny|100/100
|-damage|p1a: Celestine|88/100|[from] Stealth Rock
|move|p2a: Polteageist|Shadow Ball|p1a: Celestine
|-damage|p1a: Celestine|0 fnt
|faint|p1a: Celestine
|
|upkeep
|
|t:|1776106556
|switch|p1a: Behemoth|Great Tusk, shiny|100/100
|-damage|p1a: Behemoth|98/100|[from] Stealth Rock
|turn|10
|
|t:|1776106562
|move|p2a: Polteageist|Stored Power|p1a: Behemoth
|-supereffective|p1a: Behemoth
|-damage|p1a: Behemoth|0 fnt
|faint|p1a: Behemoth
|-end|p1a: Behemoth|Protosynthesis|[silent]
|
|-fieldend|move: Psychic Terrain
|upkeep
|
|t:|1776106566
|switch|p1a: Gin|Enamorus, F, shiny|51/100
|-damage|p1a: Gin|26/100|[from] Stealth Rock
|turn|11
|
|t:|1776106569
|move|p2a: Polteageist|Shadow Ball|p1a: Gin
|-damage|p1a: Gin|0 fnt
|faint|p1a: Gin
|
|win|V0ldy
|raw|vzn.exe's rating: 1593 &rarr; <strong>1574</strong><br />(-19 for losing)
|raw|V0ldy's rating: 1615 &rarr; <strong>1634</strong><br />(+19 for winning)
