|html|<div class="broadcast-blue"><strong>[Gen 9] OU is currently suspecting Tera Blast! For information on how to participate check out the <a href="https://www.smogon.com/tools/suspects/view/200">suspect thread</a>.</strong></div>
|j|☆swiggler
|j|☆mellow
|t:|1776085436
|gametype|singles
|player|p1|swiggler|bugcatcher-gen4dp|1710
|player|p2|mellow|266|1712
|gen|9
|tier|[Gen 9] OU
|rated|
|rule|HP Percentage Mod: HP is shown in percentages
|rule|Endless Battle Clause: Forcing endless battles is banned
|rule|Species Clause: Limit one of each Pokémon
|rule|OHKO Clause: OHKO moves are banned
|rule|Evasion Items Clause: Evasion items are banned
|rule|Evasion Moves Clause: Evasion moves are banned
|rule|Evasion Abilities Clause: Evasion abilities are banned
|rule|Sleep Moves Clause: Sleep-inducing moves are banned
|clearpoke
|poke|p1|Ninetales, F|
|poke|p1|Cresselia, F|
|poke|p1|Raging Bolt|
|poke|p1|Iron Moth|
|poke|p1|Great Tusk|
|poke|p1|Walking Wake|
|poke|p2|Clefable, M|
|poke|p2|Latios, M|
|poke|p2|Great Tusk|
|poke|p2|Moltres|
|poke|p2|Ogerpon-Wellspring, F|
|poke|p2|Kingambit, F|
|teampreview
|inactive|Battle timer is ON: inactive players will automatically lose when time's up. (requested by swiggler)
|
|t:|1776085449
|teamsize|p1|6
|teamsize|p2|6
|start
|switch|p1a: Great Tusk|Great Tusk|100/100
|switch|p2a: Clefable|Clefable, M|100/100
|turn|1
|
|t:|1776085455
|-end|p1a: Great Tusk|Protosynthesis|[silent]
|switch|p1a: Ninetales|Ninetales, F|100/100
|-weather|SunnyDay|[from] ability: Drought|[of] p1a: Ninetales
|move|p2a: Clefable|Moonblast|p1a: Ninetales
|-resisted|p1a: Ninetales
|-damage|p1a: Ninetales|82/100
|
|-weather|SunnyDay|[upkeep]
|upkeep
|turn|2
|
|t:|1776085460
|move|p1a: Ninetales|Overheat|p2a: Clefable
|-damage|p2a: Clefable|47/100
|-unboost|p1a: Ninetales|spa|2
|move|p2a: Clefable|Knock Off|p1a: Ninetales
|-damage|p1a: Ninetales|56/100
|-enditem|p1a: Ninetales|Heat Rock|[from] move: Knock Off|[of] p2a: Clefable
|
|-weather|SunnyDay|[upkeep]
|upkeep
|turn|3
|j| amimec
|inactive|swiggler has 120 seconds left.
|
|t:|1776085490
|switch|p1a: Cresselia|Cresselia, F|100/100
|move|p2a: Clefable|Moonlight|p2a: Clefable
|-heal|p2a: Clefable|100/100
|
|-weather|SunnyDay|[upkeep]
|upkeep
|turn|4
|
|t:|1776085498
|move|p1a: Cresselia|Thunder Wave|p2a: Clefable
|-status|p2a: Clefable|par
|move|p2a: Clefable|Knock Off|p1a: Cresselia
|-supereffective|p1a: Cresselia
|-damage|p1a: Cresselia|78/100
|-enditem|p1a: Cresselia|Eject Button|[from] move: Knock Off|[of] p2a: Clefable
|
|-weather|SunnyDay|[upkeep]
|upkeep
|turn|5
|
|t:|1776085509
|switch|p1a: Raging Bolt|Raging Bolt|100/100
|-activate|p1a: Raging Bolt|ability: Protosynthesis
|-start|p1a: Raging Bolt|protosynthesisspa
|move|p2a: Clefable|Fire Blast|p1a: Raging Bolt
|-resisted|p1a: Raging Bolt
|-damage|p1a: Raging Bolt|80/100
|
|-weather|SunnyDay|[upkeep]
|upkeep
|turn|6
|j| loen_64
|
|t:|1776085520
|move|p1a: Raging Bolt|Weather Ball|p2a: Clefable
|-damage|p2a: Clefable|8/100 par
|-damage|p1a: Raging Bolt|70/100|[from] item: Life Orb
|move|p2a: Clefable|Moonblast|p1a: Raging Bolt
|-supereffective|p1a: Raging Bolt
|-crit|p1a: Raging Bolt
|-damage|p1a: Raging Bolt|0 fnt
|faint|p1a: Raging Bolt
|-end|p1a: Raging Bolt|Protosynthesis|[silent]
|
|-weather|SunnyDay|[upkeep]
|upkeep
|
|t:|1776085528
|switch|p1a: Great Tusk|Great Tusk|100/100
|-activate|p1a: Great Tusk|ability: Protosynthesis
|-start|p1a: Great Tusk|protosynthesisspe
|turn|7
|
|t:|1776085536
|move|p1a: Great Tusk|Rapid Spin|p2a: Clefable
|-damage|p2a: Clefable|0 fnt
|-boost|p1a: Great Tusk|spe|1
|faint|p2a: Clefable
|
|-weather|SunnyDay|[upkeep]
|upkeep
|
|t:|1776085543
|switch|p2a: Latios|Latios, M|100/100
|turn|8
|
|t:|1776085549
|move|p1a: Great Tusk|Head Smash|p2a: Latios|[miss]
|-miss|p1a: Great Tusk|p2a: Latios
|move|p2a: Latios|Psychic Noise|p1a: Great Tusk
|-supereffective|p1a: Great Tusk
|-damage|p1a: Great Tusk|0 fnt
|faint|p1a: Great Tusk
|-end|p1a: Great Tusk|Protosynthesis|[silent]
|
|-weather|none
|upkeep
|
|t:|1776085553
|switch|p1a: Walking Wake|Walking Wake|100/100
|turn|9
|
|t:|1776085562
|switch|p2a: Kingambit|Kingambit, F|100/100
|-activate|p2a: Kingambit|ability: Supreme Overlord
|-start|p2a: Kingambit|fallen1|[silent]
|move|p1a: Walking Wake|Draco Meteor|p2a: Kingambit
|-resisted|p2a: Kingambit
|-damage|p2a: Kingambit|45/100
|-unboost|p1a: Walking Wake|spa|2
|
|-heal|p2a: Kingambit|51/100|[from] item: Leftovers
|upkeep
|turn|10
|
|t:|1776085576
|-end|p1a: Walking Wake|Protosynthesis|[silent]
|switch|p1a: Ninetales|Ninetales, F|56/100
|-weather|SunnyDay|[from] ability: Drought|[of] p1a: Ninetales
|move|p2a: Kingambit|Swords Dance|p2a: Kingambit
|-boost|p2a: Kingambit|atk|2
|
|-weather|SunnyDay|[upkeep]
|-heal|p2a: Kingambit|57/100|[from] item: Leftovers
|upkeep
|turn|11
|
|t:|1776085584
|-end|p2a: Kingambit|fallen1|[silent]
|switch|p2a: Moltres|Moltres|100/100
|move|p1a: Ninetales|Encore||[still]
|-fail|p1a: Ninetales
|
|-weather|SunnyDay|[upkeep]
|upkeep
|turn|12
|
|t:|1776085592
|switch|p1a: Walking Wake|Walking Wake|100/100
|-activate|p1a: Walking Wake|ability: Protosynthesis
|-start|p1a: Walking Wake|protosynthesisspa
|move|p2a: Moltres|U-turn|p1a: Walking Wake
|-damage|p1a: Walking Wake|86/100
|inactive|mellow has 120 seconds left.
|
|t:|1776085643
|switch|p2a: Latios|Latios, M|100/100|[from] U-turn
|
|-weather|SunnyDay|[upkeep]
|upkeep
|turn|13
|
|t:|1776085651
|move|p2a: Latios|Draco Meteor|p1a: Walking Wake
|-supereffective|p1a: Walking Wake
|-damage|p1a: Walking Wake|0 fnt
|-unboost|p2a: Latios|spa|2
|faint|p1a: Walking Wake
|-end|p1a: Walking Wake|Protosynthesis|[silent]
|
|-weather|SunnyDay|[upkeep]
|upkeep
|
|t:|1776085657
|switch|p1a: Iron Moth|Iron Moth|100/100
|-enditem|p1a: Iron Moth|Booster Energy
|-activate|p1a: Iron Moth|ability: Quark Drive|[fromitem]
|-start|p1a: Iron Moth|quarkdrivespe
|turn|14
|inactive|mellow has 120 seconds left.
|
|t:|1776085669
|switch|p2a: Moltres|Moltres|100/100
|move|p1a: Iron Moth|Fiery Dance|p2a: Moltres
|-resisted|p2a: Moltres
|-damage|p2a: Moltres|67/100
|-boost|p1a: Iron Moth|spa|1
|
|-weather|none
|upkeep
|turn|15
|inactive|mellow has 120 seconds left.
|
|t:|1776085680
|move|p1a: Iron Moth|Sludge Wave|p2a: Moltres
|-damage|p2a: Moltres|0 fnt
|faint|p2a: Moltres
|
|upkeep
|
|t:|1776085696
|switch|p2a: Ogerpon|Ogerpon-Wellspring, F|100/100
|turn|16
|
|t:|1776085717
|-terastallize|p1a: Iron Moth|Grass
|-terastallize|p2a: Ogerpon|Water
|detailschange|p2a: Ogerpon|Ogerpon-Wellspring-Tera, F, tera:Water
|-ability|p2a: Ogerpon|Embody Aspect (Wellspring)|boost
|-boost|p2a: Ogerpon|spd|1
|move|p1a: Iron Moth|Sludge Wave|p2a: Ogerpon
|-damage|p2a: Ogerpon|49/100
|move|p2a: Ogerpon|Ivy Cudgel|p1a: Iron Moth|[anim] Ivy Cudgel Water
|-resisted|p1a: Iron Moth
|-damage|p1a: Iron Moth|42/100
|
|upkeep
|turn|17
|inactive|mellow has 120 seconds left.
|
|t:|1776085735
|switch|p2a: Great Tusk|Great Tusk|100/100
|move|p1a: Iron Moth|Sludge Wave|p2a: Great Tusk
|-resisted|p2a: Great Tusk
|-damage|p2a: Great Tusk|56/100
|
|upkeep
|turn|18
|
|t:|1776085743
|move|p1a: Iron Moth|Fiery Dance|p2a: Great Tusk
|-damage|p2a: Great Tusk|0 fnt
|faint|p2a: Great Tusk
|-end|p2a: Great Tusk|Protosynthesis|[silent]
|
|upkeep
|inactive|mellow has 120 seconds left.
|
|t:|1776085752
|switch|p2a: Kingambit|Kingambit, F|57/100
|-activate|p2a: Kingambit|ability: Supreme Overlord
|-start|p2a: Kingambit|fallen3|[silent]
|turn|19
|
|t:|1776085755
|move|p2a: Kingambit|Sucker Punch||[still]
|-fail|p2a: Kingambit
|move|p1a: Iron Moth|Morning Sun|p1a: Iron Moth
|-heal|p1a: Iron Moth|92/100
|
|-heal|p2a: Kingambit|63/100|[from] item: Leftovers
|upkeep
|turn|20
|
|t:|1776085758
|move|p2a: Kingambit|Sucker Punch|p1a: Iron Moth
|-damage|p1a: Iron Moth|20/100
|move|p1a: Iron Moth|Fiery Dance|p2a: Kingambit
|-supereffective|p2a: Kingambit
|-damage|p2a: Kingambit|0 fnt
|-boost|p1a: Iron Moth|spa|1
|faint|p2a: Kingambit
|-end|p2a: Kingambit|fallen3|[silent]
|
|upkeep
|
|t:|1776085763
|switch|p2a: Latios|Latios, M|100/100
|turn|21
|
|t:|1776085769
|move|p1a: Iron Moth|Sludge Wave|p2a: Latios
|-damage|p2a: Latios|0 fnt
|faint|p2a: Latios
|
|upkeep
|
|t:|1776085771
|switch|p2a: Ogerpon|Ogerpon-Wellspring-Tera, F, tera:Water|49/100
|-ability|p2a: Ogerpon|Embody Aspect (Wellspring)|boost
|-boost|p2a: Ogerpon|spd|1
|turn|22
|
|t:|1776085774
|move|p1a: Iron Moth|Sludge Wave|p2a: Ogerpon
|-damage|p2a: Ogerpon|0 fnt
|faint|p2a: Ogerpon
|detailschange|p2: Ogerpon|Ogerpon-Wellspring, F|[silent]
|
|win|swiggler
|raw|swiggler's rating: 1710 &rarr; <strong>1730</strong><br />(+20 for winning)
|raw|mellow's rating: 1712 &rarr; <strong>1692</strong><br />(-20 for losing)
|c|☆mellow|Gg
|c|☆swiggler|gg
|l|☆mellow
|player|p2|
|l|☆swiggler
|player|p1|
