|html|<div class="broadcast-blue"><strong>[Gen 9] OU is currently suspecting Tera Blast! For information on how to participate check out the <a href="https://www.smogon.com/tools/suspects/view/200">suspect thread</a>.</strong></div>
|j|☆ZarrHaka
|j|☆Soul24125
|t:|1776087394
|gametype|singles
|player|p1|ZarrHaka|pokemaniac|1194
|player|p2|Soul24125|dawn-gen4pt|1181
|gen|9
|tier|[Gen 9] OU
|rated|
|rule|HP Percentage Mod: HP is shown in percentages
|rule|Endless Battle Clause: Forcing endless battles is banned
|rule|Species Clause: Limit one of each Pokémon
|rule|OHKO Clause: OHKO moves are banned
|rule|Evasion Items Clause: Evasion items are banned
|rule|Evasion Moves Clause: Evasion moves are banned
|rule|Evasion Abilities Clause: Evasion abilities are banned
|rule|Sleep Moves Clause: Sleep-inducing moves are banned
|clearpoke
|poke|p1|Iron Crown|
|poke|p1|Lycanroc-Midnight, F|
|poke|p1|Talonflame, M|
|poke|p1|Dragapult, F|
|poke|p1|Polteageist-Antique|
|poke|p1|Raichu, M|
|poke|p2|Cinderace, F|
|poke|p2|Kingambit, F|
|poke|p2|Slowking-Galar, M|
|poke|p2|Corviknight, M|
|poke|p2|Landorus-Therian, M|
|poke|p2|Enamorus, F|
|teampreview
|
|t:|1776087407
|teamsize|p1|6
|teamsize|p2|6
|start
|switch|p1a: Talonflame|Talonflame, M|100/100
|switch|p2a: Landorus|Landorus-Therian, M|100/100
|-ability|p2a: Landorus|Intimidate|boost
|-unboost|p1a: Talonflame|atk|1
|turn|1
|
|t:|1776087421
|move|p1a: Talonflame|Will-O-Wisp|p2a: Landorus
|-status|p2a: Landorus|brn
|move|p2a: Landorus|Stealth Rock|p1a: Talonflame
|-sidestart|p1: ZarrHaka|move: Stealth Rock
|
|-damage|p2a: Landorus|95/100 brn|[from] brn
|upkeep
|turn|2
|
|t:|1776087429
|move|p1a: Talonflame|Defog|p2a: Landorus
|-unboost|p2a: Landorus|evasion|1
|-sideend|p1: ZarrHaka|Stealth Rock|[from] move: Defog|[of] p1a: Talonflame
|move|p2a: Landorus|U-turn|p1a: Talonflame
|-resisted|p1a: Talonflame
|-crit|p1a: Talonflame
|-damage|p1a: Talonflame|95/100
|
|t:|1776087444
|switch|p2a: Cinderace|Cinderace, F, shiny|100/100|[from] U-turn
|
|upkeep
|turn|3
|
|t:|1776087460
|move|p2a: Cinderace|Low Kick|p1a: Talonflame
|-start|p2a: Cinderace|typechange|Fighting|[from] ability: Libero
|-resisted|p1a: Talonflame
|-damage|p1a: Talonflame|86/100
|move|p1a: Talonflame|U-turn|p2a: Cinderace
|-resisted|p2a: Cinderace
|-damage|p2a: Cinderace|94/100
|
|t:|1776087470
|switch|p1a: Dragapult|Dragapult, F|100/100|[from] U-turn
|
|upkeep
|turn|4
|
|t:|1776087478
|move|p2a: Cinderace|Sucker Punch|p1a: Dragapult
|-supereffective|p1a: Dragapult
|-damage|p1a: Dragapult|41/100
|move|p1a: Dragapult|Draco Meteor|p2a: Cinderace
|-damage|p2a: Cinderace|19/100
|-unboost|p1a: Dragapult|spa|2
|
|upkeep
|turn|5
|inactive|Battle timer is ON: inactive players will automatically lose when time's up. (requested by ZarrHaka)
|
|t:|1776087487
|switch|p1a: Talonflame|Talonflame, M|86/100
|move|p2a: Cinderace|Sucker Punch||[still]
|-fail|p2a: Cinderace
|
|upkeep
|turn|6
|
|t:|1776087498
|switch|p2a: Corviknight|Corviknight, M|100/100
|-ability|p2a: Corviknight|Pressure
|move|p1a: Talonflame|Fire Spin|p2a: Corviknight
|-supereffective|p2a: Corviknight
|-damage|p2a: Corviknight|84/100
|-activate|p2a: Corviknight|move: Fire Spin|[of] p1a: Talonflame
|
|-damage|p2a: Corviknight|71/100|[from] move: Fire Spin|[partiallytrapped]
|upkeep
|turn|7
|
|t:|1776087512
|move|p1a: Talonflame|Will-O-Wisp|p2a: Corviknight
|-status|p2a: Corviknight|brn
|move|p2a: Corviknight|Iron Defense|p2a: Corviknight
|-boost|p2a: Corviknight|def|2
|
|-damage|p2a: Corviknight|65/100 brn|[from] brn
|-damage|p2a: Corviknight|53/100 brn|[from] move: Fire Spin|[partiallytrapped]
|upkeep
|turn|8
|
|t:|1776087523
|move|p1a: Talonflame|Fire Spin|p2a: Corviknight
|-supereffective|p2a: Corviknight
|-damage|p2a: Corviknight|37/100 brn
|move|p2a: Corviknight|Iron Defense|p2a: Corviknight
|-boost|p2a: Corviknight|def|2
|
|-damage|p2a: Corviknight|31/100 brn|[from] brn
|-damage|p2a: Corviknight|18/100 brn|[from] move: Fire Spin|[partiallytrapped]
|upkeep
|turn|9
|
|t:|1776087533
|move|p1a: Talonflame|Fire Spin|p2a: Corviknight
|-supereffective|p2a: Corviknight
|-damage|p2a: Corviknight|0 fnt
|faint|p2a: Corviknight
|
|upkeep
|
|t:|1776087545
|switch|p2a: Enamorus|Enamorus, F|100/100
|turn|10
|
|t:|1776087553
|move|p2a: Enamorus|Moonblast|p1a: Talonflame
|-resisted|p1a: Talonflame
|-damage|p1a: Talonflame|47/100
|move|p1a: Talonflame|U-turn|p2a: Enamorus
|-resisted|p2a: Enamorus
|-damage|p2a: Enamorus|95/100
|
|t:|1776087560
|switch|p1a: Polteageist|Polteageist-Antique|100/100|[from] U-turn
|
|upkeep
|turn|11
|
|t:|1776087566
|move|p2a: Enamorus|Moonblast|p1a: Polteageist
|-damage|p1a: Polteageist|59/100
|-unboost|p1a: Polteageist|spa|1
|-enditem|p1a: Polteageist|White Herb
|-clearnegativeboost|p1a: Polteageist|[silent]
|move|p1a: Polteageist|Shell Smash|p1a: Polteageist
|-unboost|p1a: Polteageist|def|1
|-unboost|p1a: Polteageist|spd|1
|-boost|p1a: Polteageist|atk|2
|-boost|p1a: Polteageist|spa|2
|-boost|p1a: Polteageist|spe|2
|
|upkeep
|turn|12
|
|t:|1776087577
|move|p2a: Enamorus|Moonblast|p1a: Polteageist
|-damage|p1a: Polteageist|0 fnt
|faint|p1a: Polteageist
|
|upkeep
|
|t:|1776087587
|switch|p1a: Iron Crown|Iron Crown|100/100
|-enditem|p1a: Iron Crown|Booster Energy
|-activate|p1a: Iron Crown|ability: Quark Drive|[fromitem]
|-start|p1a: Iron Crown|quarkdrivedef
|turn|13
|
|t:|1776087596
|switch|p2a: Slowking|Slowking-Galar, M|100/100
|move|p1a: Iron Crown|Tachyon Cutter|p2a: Slowking
|-damage|p2a: Slowking|89/100
|-damage|p2a: Slowking|77/100
|-hitcount|p2a: Slowking|2
|
|upkeep
|turn|14
|
|t:|1776087607
|move|p1a: Iron Crown|Calm Mind|p1a: Iron Crown
|-boost|p1a: Iron Crown|spa|1
|-boost|p1a: Iron Crown|spd|1
|move|p2a: Slowking|Psychic Noise|p1a: Iron Crown
|-resisted|p1a: Iron Crown
|-damage|p1a: Iron Crown|95/100
|-start|p1a: Iron Crown|move: Heal Block
|
|upkeep
|turn|15
|
|t:|1776087619
|move|p1a: Iron Crown|Calm Mind|p1a: Iron Crown
|-boost|p1a: Iron Crown|spa|1
|-boost|p1a: Iron Crown|spd|1
|move|p2a: Slowking|Flamethrower|p1a: Iron Crown
|-supereffective|p1a: Iron Crown
|-damage|p1a: Iron Crown|66/100
|
|-end|p1a: Iron Crown|move: Heal Block
|upkeep
|turn|16
|
|t:|1776087640
|move|p1a: Iron Crown|Psyshock|p2a: Slowking
|-damage|p2a: Slowking|4/100
|move|p2a: Slowking|Flamethrower|p1a: Iron Crown
|-supereffective|p1a: Iron Crown
|-damage|p1a: Iron Crown|39/100
|
|upkeep
|turn|17
|
|t:|1776087649
|move|p1a: Iron Crown|Tachyon Cutter|p2a: Slowking
|-damage|p2a: Slowking|0 fnt
|faint|p2a: Slowking
|-hitcount|p2: Slowking|1
|
|upkeep
|
|t:|1776087656
|switch|p2a: Enamorus|Enamorus, F|95/100
|turn|18
|
|t:|1776087663
|move|p2a: Enamorus|Mystical Fire|p1a: Iron Crown
|-supereffective|p1a: Iron Crown
|-damage|p1a: Iron Crown|13/100
|-unboost|p1a: Iron Crown|spa|1
|move|p1a: Iron Crown|Tachyon Cutter|p2a: Enamorus
|-supereffective|p2a: Enamorus
|-damage|p2a: Enamorus|0 fnt
|faint|p2a: Enamorus
|-hitcount|p2: Enamorus|1
|
|upkeep
|
|t:|1776087677
|switch|p2a: Landorus|Landorus-Therian, M|95/100 brn
|-ability|p2a: Landorus|Intimidate|boost
|-unboost|p1a: Iron Crown|atk|1
|turn|19
|
|t:|1776087697
|move|p2a: Landorus|Earthquake|p1a: Iron Crown
|-supereffective|p1a: Iron Crown
|-damage|p1a: Iron Crown|0 fnt
|faint|p1a: Iron Crown
|-end|p1a: Iron Crown|Quark Drive|[silent]
|
|-damage|p2a: Landorus|89/100 brn|[from] brn
|upkeep
|
|t:|1776087700
|switch|p1a: Dragapult|Dragapult, F|41/100
|turn|20
|
|t:|1776087717
|move|p1a: Dragapult|Draco Meteor|p2a: Landorus
|-damage|p2a: Landorus|13/100 brn
|-unboost|p1a: Dragapult|spa|2
|move|p2a: Landorus|Taunt|p1a: Dragapult
|-start|p1a: Dragapult|move: Taunt
|
|-damage|p2a: Landorus|7/100 brn|[from] brn
|upkeep
|turn|21
|
|t:|1776087727
|move|p1a: Dragapult|Dragon Darts|p2a: Landorus
|-damage|p2a: Landorus|0 fnt
|faint|p2a: Landorus
|
|upkeep
|
|t:|1776087734
|switch|p2a: Kingambit|Kingambit, F, shiny|100/100
|-activate|p2a: Kingambit|ability: Supreme Overlord
|-start|p2a: Kingambit|fallen4|[silent]
|turn|22
|
|t:|1776087742
|switch|p1a: Talonflame|Talonflame, M|47/100
|move|p2a: Kingambit|Sucker Punch||[still]
|-fail|p2a: Kingambit
|
|upkeep
|turn|23
|
|t:|1776087749
|move|p1a: Talonflame|Will-O-Wisp|p2a: Kingambit
|-status|p2a: Kingambit|brn
|move|p2a: Kingambit|Iron Head|p1a: Talonflame
|-resisted|p1a: Talonflame
|-damage|p1a: Talonflame|30/100
|
|-damage|p2a: Kingambit|94/100 brn|[from] brn
|upkeep
|turn|24
|
|t:|1776087762
|move|p1a: Talonflame|Fire Spin|p2a: Kingambit
|-supereffective|p2a: Kingambit
|-damage|p2a: Kingambit|79/100 brn
|-activate|p2a: Kingambit|move: Fire Spin|[of] p1a: Talonflame
|move|p2a: Kingambit|Kowtow Cleave|p1a: Talonflame
|-damage|p1a: Talonflame|0 fnt
|faint|p1a: Talonflame
|
|-damage|p2a: Kingambit|73/100 brn|[from] brn
|-end|p2a: Kingambit|Fire Spin|[partiallytrapped]|[silent]
|upkeep
|
|t:|1776087770
|switch|p1a: Lycanroc|Lycanroc-Midnight, F, shiny|100/100
|turn|25
|
|t:|1776087777
|move|p2a: Kingambit|Swords Dance|p2a: Kingambit
|-boost|p2a: Kingambit|atk|2
|move|p1a: Lycanroc|Counter||[still]
|-fail|p1a: Lycanroc
|
|-damage|p2a: Kingambit|67/100 brn|[from] brn
|upkeep
|turn|26
|
|t:|1776087787
|move|p2a: Kingambit|Swords Dance|p2a: Kingambit
|-boost|p2a: Kingambit|atk|2
|move|p1a: Lycanroc|Counter||[still]
|-fail|p1a: Lycanroc
|
|-damage|p2a: Kingambit|60/100 brn|[from] brn
|upkeep
|turn|27
|
|t:|1776087798
|-terastallize|p1a: Lycanroc|Bug
|move|p2a: Kingambit|Sucker Punch||[still]
|-fail|p2a: Kingambit
|move|p1a: Lycanroc|Bulk Up|p1a: Lycanroc
|-boost|p1a: Lycanroc|atk|1
|-boost|p1a: Lycanroc|def|1
|
|-damage|p2a: Kingambit|54/100 brn|[from] brn
|upkeep
|turn|28
|
|t:|1776087809
|move|p2a: Kingambit|Sucker Punch|p1a: Lycanroc
|-damage|p1a: Lycanroc|52/100
|move|p1a: Lycanroc|Stone Edge|p2a: Kingambit
|-resisted|p2a: Kingambit
|-damage|p2a: Kingambit|33/100 brn
|
|-damage|p2a: Kingambit|27/100 brn|[from] brn
|upkeep
|turn|29
|
|t:|1776087824
|move|p1a: Lycanroc|Stone Edge|p2a: Kingambit
|-resisted|p2a: Kingambit
|-damage|p2a: Kingambit|6/100 brn
|move|p2a: Kingambit|Kowtow Cleave|p1a: Lycanroc
|-damage|p1a: Lycanroc|0 fnt
|faint|p1a: Lycanroc
|
|-damage|p2a: Kingambit|0 fnt|[from] brn
|faint|p2a: Kingambit
|-end|p2a: Kingambit|fallen4|[silent]
|upkeep
|
|t:|1776087835
|switch|p1a: Raichu|Raichu, M, shiny|100/100
|switch|p2a: Cinderace|Cinderace, F, shiny|19/100
|turn|30
|
|t:|1776087842
|-terastallize|p2a: Cinderace|Fire
|move|p2a: Cinderace|Pyro Ball|p1a: Raichu
|-enditem|p1a: Raichu|Focus Sash
|-damage|p1a: Raichu|1/100
|move|p1a: Raichu|Volt Switch|p2a: Cinderace
|-damage|p2a: Cinderace|0 fnt
|faint|p2a: Cinderace
|
|win|ZarrHaka
|raw|ZarrHaka's rating: 1194 &rarr; <strong>1218</strong><br />(+24 for winning)
|raw|Soul24125's rating: 1181 &rarr; <strong>1157</strong><br />(-24 for losing)
|l|☆Soul24125
|player|p2|
|l|☆ZarrHaka
|player|p1|
