|html|<div class="broadcast-blue"><strong>[Gen 9] OU is currently suspecting Tera Blast! For information on how to participate check out the <a href="https://www.smogon.com/tools/suspects/view/200">suspect thread</a>.</strong></div>
|j|☆kefflonie
|j|☆Great_angel
|t:|1776039903
|gametype|singles
|player|p1|kefflonie|policeman|1101
|player|p2|Great_angel|169|1124
|gen|9
|tier|[Gen 9] OU
|rated|
|rule|HP Percentage Mod: HP is shown in percentages
|rule|Endless Battle Clause: Forcing endless battles is banned
|rule|Species Clause: Limit one of each Pokémon
|rule|OHKO Clause: OHKO moves are banned
|rule|Evasion Items Clause: Evasion items are banned
|rule|Evasion Moves Clause: Evasion moves are banned
|rule|Evasion Abilities Clause: Evasion abilities are banned
|rule|Sleep Moves Clause: Sleep-inducing moves are banned
|clearpoke
|poke|p1|Toucannon, M|
|poke|p1|Scovillain, F|
|poke|p1|Ninetales, F|
|poke|p1|Gliscor, F|
|poke|p1|Brambleghast, F|
|poke|p1|Dewgong, F|
|poke|p2|Politoed, M|
|poke|p2|Incineroar, F|
|poke|p2|Armarouge, F|
|poke|p2|Basculegion, M|
|poke|p2|Araquanid, M|
|poke|p2|Goodra-Hisui, M|
|teampreview
|
|t:|1776039907
|teamsize|p1|6
|teamsize|p2|6
|start
|switch|p1a: Toucannon|Toucannon, M|100/100
|switch|p2a: Araquanid|Araquanid, M|100/100
|turn|1
|inactive|Battle timer is ON: inactive players will automatically lose when time's up. (requested by Great_angel)
|
|t:|1776039914
|-singleturn|p1a: Toucannon|move: Beak Blast
|move|p2a: Araquanid|Sticky Web|p1a: Toucannon
|-sidestart|p1: kefflonie|move: Sticky Web
|move|p1a: Toucannon|Beak Blast|p2a: Araquanid
|-supereffective|p2a: Araquanid
|-damage|p2a: Araquanid|0 fnt
|faint|p2a: Araquanid
|-damage|p1a: Toucannon|91/100|[from] item: Life Orb
|
|upkeep
|
|t:|1776039932
|switch|p2a: Incineroar|Incineroar, F|100/100
|-ability|p2a: Incineroar|Intimidate|boost
|-unboost|p1a: Toucannon|atk|1
|turn|2
|
|t:|1776039937
|move|p1a: Toucannon|Rock Blast|p2a: Incineroar
|-supereffective|p2a: Incineroar
|-damage|p2a: Incineroar|90/100
|-supereffective|p2a: Incineroar
|-damage|p2a: Incineroar|79/100
|-supereffective|p2a: Incineroar
|-damage|p2a: Incineroar|67/100
|-supereffective|p2a: Incineroar
|-damage|p2a: Incineroar|55/100
|-supereffective|p2a: Incineroar
|-damage|p2a: Incineroar|43/100
|-hitcount|p2a: Incineroar|5
|-damage|p1a: Toucannon|81/100|[from] item: Life Orb
|move|p2a: Incineroar|Knock Off|p1a: Toucannon
|-damage|p1a: Toucannon|38/100
|-enditem|p1a: Toucannon|Life Orb|[from] move: Knock Off|[of] p2a: Incineroar
|
|upkeep
|turn|3
|
|t:|1776039956
|move|p1a: Toucannon|Rock Blast|p2a: Incineroar
|-supereffective|p2a: Incineroar
|-damage|p2a: Incineroar|34/100
|-supereffective|p2a: Incineroar
|-damage|p2a: Incineroar|25/100
|-supereffective|p2a: Incineroar
|-damage|p2a: Incineroar|16/100
|-supereffective|p2a: Incineroar
|-damage|p2a: Incineroar|7/100
|-supereffective|p2a: Incineroar
|-damage|p2a: Incineroar|0 fnt
|faint|p2a: Incineroar
|-hitcount|p2: Incineroar|5
|
|upkeep
|
|t:|1776039958
|switch|p2a: Politoed|Politoed, M|100/100
|-weather|RainDance|[from] ability: Drizzle|[of] p2a: Politoed
|turn|4
|
|t:|1776039972
|move|p2a: Politoed|Weather Ball|p1a: Toucannon
|-damage|p1a: Toucannon|0 fnt
|faint|p1a: Toucannon
|
|-weather|RainDance|[upkeep]
|upkeep
|
|t:|1776039981
|switch|p1a: Brambleghast|Brambleghast, F|100/100
|turn|5
|
|t:|1776039986
|move|p1a: Brambleghast|Rapid Spin|p2a: Politoed
|-damage|p2a: Politoed|83/100
|-boost|p1a: Brambleghast|spe|1
|-sideend|p1: kefflonie|Sticky Web|[from] move: Rapid Spin|[of] p1a: Brambleghast
|move|p2a: Politoed|Ice Beam|p1a: Brambleghast
|-supereffective|p1a: Brambleghast
|-damage|p1a: Brambleghast|10/100
|
|-weather|RainDance|[upkeep]
|upkeep
|turn|6
|
|t:|1776040000
|switch|p1a: Dewgong|Dewgong, F|100/100
|move|p2a: Politoed|Ice Beam|p1a: Dewgong
|-resisted|p1a: Dewgong
|-damage|p1a: Dewgong|97/100
|
|-weather|RainDance|[upkeep]
|upkeep
|turn|7
|
|t:|1776040009
|switch|p2a: Goodra|Goodra-Hisui, M|100/100
|move|p1a: Dewgong|Fake Out|p2a: Goodra
|-resisted|p2a: Goodra
|-damage|p2a: Goodra|96/100
|-ability|p2a: Goodra|Gooey
|-unboost|p1a: Dewgong|spe|1
|
|-weather|RainDance|[upkeep]
|upkeep
|turn|8
|
|t:|1776040021
|move|p2a: Goodra|Sludge Bomb|p1a: Dewgong
|-damage|p1a: Dewgong|69/100
|-status|p1a: Dewgong|psn
|move|p1a: Dewgong|Perish Song|p1a: Dewgong
|-start|p1a: Dewgong|perish3|[silent]
|-start|p2a: Goodra|perish3|[silent]
|-fieldactivate|move: Perish Song
|
|-weather|RainDance|[upkeep]
|-damage|p1a: Dewgong|57/100 psn|[from] psn
|-start|p2a: Goodra|perish3
|-start|p1a: Dewgong|perish3
|upkeep
|turn|9
|
|t:|1776040035
|move|p2a: Goodra|Thunder|p1a: Dewgong
|-supereffective|p1a: Dewgong
|-damage|p1a: Dewgong|0 fnt
|faint|p1a: Dewgong
|
|-weather|RainDance|[upkeep]
|-start|p2a: Goodra|perish2
|upkeep
|
|t:|1776040044
|switch|p1a: Ninetales|Ninetales, F|100/100
|-weather|SunnyDay|[from] ability: Drought|[of] p1a: Ninetales
|turn|10
|
|t:|1776040059
|switch|p2a: Armarouge|Armarouge, F|100/100
|move|p1a: Ninetales|Weather Ball|p2a: Armarouge
|-resisted|p2a: Armarouge
|-damage|p2a: Armarouge|68/100
|
|-weather|SunnyDay|[upkeep]
|upkeep
|turn|11
|
|t:|1776040073
|move|p1a: Ninetales|Dark Pulse|p2a: Armarouge
|-supereffective|p2a: Armarouge
|-damage|p2a: Armarouge|25/100
|cant|p2a: Armarouge|flinch
|
|-weather|SunnyDay|[upkeep]
|upkeep
|turn|12
|
|t:|1776040082
|switch|p2a: Politoed|Politoed, M|83/100
|-weather|RainDance|[from] ability: Drizzle|[of] p2a: Politoed
|move|p1a: Ninetales|Dark Pulse|p2a: Politoed
|-damage|p2a: Politoed|63/100
|
|-weather|RainDance|[upkeep]
|upkeep
|turn|13
|
|t:|1776040095
|switch|p1a: Brambleghast|Brambleghast, F|10/100
|switch|p2a: Basculegion|Basculegion, M|100/100
|
|-weather|RainDance|[upkeep]
|upkeep
|turn|14
|
|t:|1776040107
|switch|p1a: Ninetales|Ninetales, F|100/100
|-weather|SunnyDay|[from] ability: Drought|[of] p1a: Ninetales
|move|p2a: Basculegion|Wave Crash|p1a: Ninetales
|-supereffective|p1a: Ninetales
|-damage|p1a: Ninetales|0 fnt
|faint|p1a: Ninetales
|-damage|p2a: Basculegion|76/100|[from] Recoil
|
|-weather|SunnyDay|[upkeep]
|upkeep
|
|t:|1776040122
|switch|p1a: Scovillain|Scovillain, F|100/100
|turn|15
|
|t:|1776040132
|switch|p2a: Armarouge|Armarouge, F|25/100
|move|p1a: Scovillain|Growth|p1a: Scovillain
|-boost|p1a: Scovillain|atk|2
|-boost|p1a: Scovillain|spa|2
|
|-weather|SunnyDay|[upkeep]
|upkeep
|turn|16
|
|t:|1776040144
|move|p1a: Scovillain|Solar Beam||[still]
|-prepare|p1a: Scovillain|Solar Beam
|-anim|p1a: Scovillain|Solar Beam|p2a: Armarouge
|-resisted|p2a: Armarouge
|-damage|p2a: Armarouge|0 fnt
|faint|p2a: Armarouge
|
|-weather|SunnyDay|[upkeep]
|upkeep
|
|t:|1776040147
|switch|p2a: Politoed|Politoed, M|63/100
|-weather|RainDance|[from] ability: Drizzle|[of] p2a: Politoed
|turn|17
|
|t:|1776040160
|move|p1a: Scovillain|Giga Drain|p2a: Politoed
|-supereffective|p2a: Politoed
|-damage|p2a: Politoed|0 fnt
|faint|p2a: Politoed
|
|-weather|RainDance|[upkeep]
|upkeep
|
|t:|1776040162
|switch|p2a: Basculegion|Basculegion, M|76/100
|turn|18
|
|t:|1776040172
|move|p2a: Basculegion|Wave Crash|p1a: Scovillain
|-enditem|p1a: Scovillain|Focus Sash
|-damage|p1a: Scovillain|1/100
|-damage|p2a: Basculegion|52/100|[from] Recoil
|move|p1a: Scovillain|Giga Drain|p2a: Basculegion
|-supereffective|p2a: Basculegion
|-damage|p2a: Basculegion|0 fnt
|-heal|p1a: Scovillain|37/100|[from] drain|[of] p2a: Basculegion
|faint|p2a: Basculegion
|
|-weather|RainDance|[upkeep]
|upkeep
|
|t:|1776040175
|switch|p2a: Goodra|Goodra-Hisui, M|96/100
|turn|19
|
|t:|1776040194
|move|p1a: Scovillain|Fire Blast|p2a: Goodra
|-crit|p2a: Goodra
|-damage|p2a: Goodra|61/100
|move|p2a: Goodra|Sludge Bomb|p1a: Scovillain
|-supereffective|p1a: Scovillain
|-damage|p1a: Scovillain|0 fnt
|faint|p1a: Scovillain
|
|-weather|RainDance|[upkeep]
|upkeep
|
|t:|1776040208
|switch|p1a: Gliscor|Gliscor, F|100/100
|turn|20
|
|t:|1776040214
|move|p1a: Gliscor|Earthquake|p2a: Goodra
|-supereffective|p2a: Goodra
|-damage|p2a: Goodra|0 fnt
|faint|p2a: Goodra
|
|win|kefflonie
|raw|kefflonie's rating: 1101 &rarr; <strong>1126</strong><br />(+25 for winning)
|raw|Great_angel's rating: 1101 &rarr; <strong>1076</strong><br />(-25 for losing)
|l|☆Great_angel
|player|p2|
|l|☆kefflonie
|player|p1|
