|html|<div class="broadcast-blue"><strong>[Gen 9] OU is currently suspecting Tera Blast! For information on how to participate check out the <a href="https://www.smogon.com/tools/suspects/view/200">suspect thread</a>.</strong></div>
|j|☆Santendo
|j|☆ikuri
|t:|1776065553
|gametype|singles
|player|p1|Santendo|266|1068
|player|p2|ikuri|ingo|1127
|gen|9
|tier|[Gen 9] OU
|rated|
|rule|HP Percentage Mod: HP is shown in percentages
|rule|Endless Battle Clause: Forcing endless battles is banned
|rule|Species Clause: Limit one of each Pokémon
|rule|OHKO Clause: OHKO moves are banned
|rule|Evasion Items Clause: Evasion items are banned
|rule|Evasion Moves Clause: Evasion moves are banned
|rule|Evasion Abilities Clause: Evasion abilities are banned
|rule|Sleep Moves Clause: Sleep-inducing moves are banned
|clearpoke
|poke|p1|Incineroar, M|
|poke|p1|Hatterene, F|
|poke|p1|Gliscor, F|
|poke|p1|Dragapult, M|
|poke|p1|Quaquaval, F|
|poke|p1|Snorlax, F|
|poke|p2|Grimmsnarl, M|
|poke|p2|Tatsugiri-Droopy, M|
|poke|p2|Iron Hands|
|poke|p2|Skeledirge, M|
|poke|p2|Rillaboom, F|
|poke|p2|Landorus-Therian, M|
|teampreview
|
|t:|1776065560
|teamsize|p1|6
|teamsize|p2|6
|start
|switch|p1a: Gliscor|Gliscor, F|100/100
|switch|p2a: Grimmsnarl|Grimmsnarl, M|100/100
|turn|1
|
|t:|1776065577
|move|p2a: Grimmsnarl|Reflect|p2a: Grimmsnarl
|-sidestart|p2: ikuri|Reflect
|move|p1a: Gliscor|Stealth Rock|p2a: Grimmsnarl
|-sidestart|p2: ikuri|move: Stealth Rock
|
|upkeep
|turn|2
|
|t:|1776065584
|move|p2a: Grimmsnarl|Parting Shot|p1a: Gliscor
|-unboost|p1a: Gliscor|atk|1
|-unboost|p1a: Gliscor|spa|1
|
|t:|1776065598
|switch|p2a: Tatsugiri|Tatsugiri-Droopy, M|100/100|[from] Parting Shot
|move|p1a: Gliscor|Toxic Spikes|p2a: Tatsugiri
|-sidestart|p2: ikuri|move: Toxic Spikes
|
|upkeep
|turn|3
|
|t:|1776065604
|move|p1a: Gliscor|Toxic Spikes|p2a: Tatsugiri
|-sidestart|p2: ikuri|move: Toxic Spikes
|move|p2a: Tatsugiri|Rapid Spin|p1a: Gliscor
|-damage|p1a: Gliscor|94/100
|-boost|p2a: Tatsugiri|spe|1
|-sideend|p2: ikuri|Toxic Spikes|[from] move: Rapid Spin|[of] p2a: Tatsugiri
|-sideend|p2: ikuri|Stealth Rock|[from] move: Rapid Spin|[of] p2a: Tatsugiri
|
|upkeep
|turn|4
|
|t:|1776065614
|move|p2a: Tatsugiri|Nasty Plot|p2a: Tatsugiri
|-boost|p2a: Tatsugiri|spa|2
|move|p1a: Gliscor|Earthquake|p2a: Tatsugiri
|-crit|p2a: Tatsugiri
|-damage|p2a: Tatsugiri|0 fnt
|faint|p2a: Tatsugiri
|-damage|p1a: Gliscor|84/100|[from] item: Life Orb
|
|upkeep
|
|t:|1776065620
|switch|p2a: Rillaboom|Rillaboom, F|100/100
|-fieldstart|move: Grassy Terrain|[from] ability: Grassy Surge|[of] p2a: Rillaboom
|turn|5
|
|t:|1776065639
|switch|p2a: Iron Hands|Iron Hands|100/100
|-enditem|p2a: Iron Hands|Booster Energy
|-activate|p2a: Iron Hands|ability: Quark Drive|[fromitem]
|-start|p2a: Iron Hands|quarkdriveatk
|move|p1a: Gliscor|Earthquake|p2a: Iron Hands
|-supereffective|p2a: Iron Hands
|-damage|p2a: Iron Hands|88/100
|-damage|p1a: Gliscor|74/100|[from] item: Life Orb
|
|-heal|p2a: Iron Hands|94/100|[from] Grassy Terrain
|upkeep
|turn|6
|
|t:|1776065657
|move|p1a: Gliscor|Toxic Spikes|p2a: Iron Hands
|-sidestart|p2: ikuri|move: Toxic Spikes
|move|p2a: Iron Hands|Swords Dance|p2a: Iron Hands
|-boost|p2a: Iron Hands|atk|2
|
|-heal|p2a: Iron Hands|99/100|[from] Grassy Terrain
|upkeep
|turn|7
|
|t:|1776065665
|move|p1a: Gliscor|Earthquake|p2a: Iron Hands
|-supereffective|p2a: Iron Hands
|-damage|p2a: Iron Hands|88/100
|-damage|p1a: Gliscor|64/100|[from] item: Life Orb
|move|p2a: Iron Hands|Ice Punch|p1a: Gliscor
|-supereffective|p1a: Gliscor
|-damage|p1a: Gliscor|0 fnt
|faint|p1a: Gliscor
|
|-heal|p2a: Iron Hands|94/100|[from] Grassy Terrain
|upkeep
|
|t:|1776065683
|switch|p1a: Dragapult|Dragapult, M|100/100
|turn|8
|
|t:|1776065689
|move|p1a: Dragapult|Psychic Fangs|p2a: Iron Hands
|-sideend|p2: ikuri|Reflect
|-supereffective|p2a: Iron Hands
|-damage|p2a: Iron Hands|53/100
|move|p2a: Iron Hands|Ice Punch|p1a: Dragapult
|-supereffective|p1a: Dragapult
|-damage|p1a: Dragapult|0 fnt
|-damage|p2a: Iron Hands|36/100|[from] item: Rocky Helmet|[of] p1a: Dragapult
|-start|p2a: Iron Hands|Disable|Ice Punch|[from] ability: Cursed Body|[of] p1a: Dragapult
|faint|p1a: Dragapult
|
|-heal|p2a: Iron Hands|43/100|[from] Grassy Terrain
|upkeep
|
|t:|1776065707
|switch|p1a: Incineroar|Incineroar, M|100/100
|turn|9
|
|t:|1776065717
|move|p2a: Iron Hands|Drain Punch|p1a: Incineroar
|-supereffective|p1a: Incineroar
|-damage|p1a: Incineroar|0 fnt
|-heal|p2a: Iron Hands|86/100|[from] drain|[of] p1a: Incineroar
|faint|p1a: Incineroar
|
|-heal|p2a: Iron Hands|93/100|[from] Grassy Terrain
|upkeep
|
|t:|1776065727
|switch|p1a: Quaquaval|Quaquaval, F|100/100
|turn|10
|
|t:|1776065735
|move|p1a: Quaquaval|Surf|p2a: Iron Hands
|-damage|p2a: Iron Hands|69/100
|move|p2a: Iron Hands|Thunder Punch|p1a: Quaquaval
|-supereffective|p1a: Quaquaval
|-damage|p1a: Quaquaval|0 fnt
|faint|p1a: Quaquaval
|
|-heal|p2a: Iron Hands|76/100|[from] Grassy Terrain
|upkeep
|
|t:|1776065757
|switch|p1a: Hatterene|Hatterene, F|100/100
|turn|11
|c|☆ikuri|...lowkey ill just hand u the win man
|c|☆ikuri|nice team
|-message|ikuri forfeited.
|
|win|Santendo
|raw|Santendo's rating: 1068 &rarr; <strong>1103</strong><br />(+35 for winning)
|raw|ikuri's rating: 1127 &rarr; <strong>1098</strong><br />(-29 for losing)
|l|☆ikuri
|player|p2|
|l|☆Santendo
|player|p1|
