|html|<div class="broadcast-blue"><strong>[Gen 9] OU is currently suspecting Tera Blast! For information on how to participate check out the <a href="https://www.smogon.com/tools/suspects/view/200">suspect thread</a>.</strong></div>
|j|‽wenmf sanmgiadfs
|j|☆Scarrry Jacob
|t:|1776263640
|gametype|singles
|player|p1|wenmf sanmgiadfs|2|1075
|player|p2|Scarrry Jacob|morty|1043
|gen|9
|tier|[Gen 9] OU
|rated|
|rule|HP Percentage Mod: HP is shown in percentages
|rule|Endless Battle Clause: Forcing endless battles is banned
|rule|Species Clause: Limit one of each Pokémon
|rule|OHKO Clause: OHKO moves are banned
|rule|Evasion Items Clause: Evasion items are banned
|rule|Evasion Moves Clause: Evasion moves are banned
|rule|Evasion Abilities Clause: Evasion abilities are banned
|rule|Sleep Moves Clause: Sleep-inducing moves are banned
|clearpoke
|poke|p1|Hatterene, F|
|poke|p1|Cresselia, F|
|poke|p1|Ursaluna, M|
|poke|p1|Iron Hands|
|poke|p1|Torkoal, M|
|poke|p1|Kingambit, M|
|poke|p2|Mudsdale, F|
|poke|p2|Volcanion|
|poke|p2|Abomasnow, M|
|poke|p2|Hoopa|
|poke|p2|Weezing-Galar, M|
|poke|p2|Thundurus-Therian, M|
|teampreview
|
|t:|1776263658
|teamsize|p1|6
|teamsize|p2|6
|start
|switch|p1a: Hatterene|Hatterene, F|100/100
|switch|p2a: Matey|Weezing-Galar, M|100/100
|turn|1
|c|☆Scarrry Jacob|Hi, good luck
|
|t:|1776263677
|move|p2a: Matey|Clear Smog|p1a: Hatterene
|-supereffective|p1a: Hatterene
|-damage|p1a: Hatterene|53/100
|-clearboost|p1a: Hatterene
|move|p1a: Hatterene|Trick Room|p1a: Hatterene
|-fieldstart|move: Trick Room|[of] p1a: Hatterene
|
|upkeep
|turn|2
|
|t:|1776263692
|move|p1a: Hatterene|Psychic|p2a: Matey
|-supereffective|p2a: Matey
|-damage|p2a: Matey|0 fnt
|faint|p2a: Matey
|-damage|p1a: Hatterene|44/100|[from] item: Life Orb
|
|upkeep
|
|t:|1776263713
|switch|p2a: My Little Horsey|Mudsdale, F|100/100
|turn|3
|
|t:|1776263748
|switch|p1a: Iron Hands|Iron Hands|100/100
|move|p2a: My Little Horsey|Iron Defense|p2a: My Little Horsey
|-boost|p2a: My Little Horsey|def|2
|
|upkeep
|turn|4
|
|t:|1776263763
|move|p1a: Iron Hands|Ice Punch|p2a: My Little Horsey
|-supereffective|p2a: My Little Horsey
|-damage|p2a: My Little Horsey|80/100
|-ability|p2a: My Little Horsey|Stamina|boost
|-boost|p2a: My Little Horsey|def|1
|move|p2a: My Little Horsey|Stone Edge|p1a: Iron Hands|[miss]
|-miss|p2a: My Little Horsey|p1a: Iron Hands
|
|upkeep
|turn|5
|
|t:|1776263780
|move|p1a: Iron Hands|Fake Out||[still]
|-hint|Fake Out only works on your first turn out.
|-fail|p1a: Iron Hands
|move|p2a: My Little Horsey|Iron Defense|p2a: My Little Horsey
|-boost|p2a: My Little Horsey|def|2
|
|-fieldend|move: Trick Room
|upkeep
|turn|6
|
|t:|1776263789
|-terastallize|p2a: My Little Horsey|Fighting
|move|p2a: My Little Horsey|Body Press|p1a: Iron Hands
|-damage|p1a: Iron Hands|23/100
|move|p1a: Iron Hands|Drain Punch|p2a: My Little Horsey
|-damage|p2a: My Little Horsey|72/100
|-heal|p1a: Iron Hands|26/100|[from] drain|[of] p2a: My Little Horsey
|-ability|p2a: My Little Horsey|Stamina|boost
|-boost|p2a: My Little Horsey|def|1
|
|upkeep
|turn|7
|
|t:|1776263800
|move|p2a: My Little Horsey|Body Press|p1a: Iron Hands
|-damage|p1a: Iron Hands|0 fnt
|faint|p1a: Iron Hands
|-end|p1a: Iron Hands|Quark Drive|[silent]
|
|upkeep
|
|t:|1776263809
|switch|p1a: Kingambit|Kingambit, M|100/100
|-activate|p1a: Kingambit|ability: Supreme Overlord
|-start|p1a: Kingambit|fallen1|[silent]
|turn|8
|
|t:|1776263819
|move|p2a: My Little Horsey|Body Press|p1a: Kingambit
|-supereffective|p1a: Kingambit
|-crit|p1a: Kingambit
|-damage|p1a: Kingambit|0 fnt
|faint|p1a: Kingambit
|-end|p1a: Kingambit|fallen1|[silent]
|
|upkeep
|
|t:|1776263825
|switch|p1a: Cresselia|Cresselia, F|100/100
|turn|9
|
|t:|1776263848
|switch|p2a: Ring-a-ring|Hoopa|100/100
|move|p1a: Cresselia|Moonblast|p2a: Ring-a-ring
|-damage|p2a: Ring-a-ring|88/100
|
|upkeep
|turn|10
|
|t:|1776263878
|move|p2a: Ring-a-ring|Calm Mind|p2a: Ring-a-ring
|-boost|p2a: Ring-a-ring|spa|1
|-boost|p2a: Ring-a-ring|spd|1
|move|p1a: Cresselia|Trick Room|p1a: Cresselia
|-fieldstart|move: Trick Room|[of] p1a: Cresselia
|
|upkeep
|turn|11
|
|t:|1776263899
|move|p1a: Cresselia|Moonblast|p2a: Ring-a-ring
|-damage|p2a: Ring-a-ring|79/100
|move|p2a: Ring-a-ring|Calm Mind|p2a: Ring-a-ring
|-boost|p2a: Ring-a-ring|spa|1
|-boost|p2a: Ring-a-ring|spd|1
|
|upkeep
|turn|12
|inactive|Battle timer is ON: inactive players will automatically lose when time's up. (requested by Scarrry Jacob)
|
|t:|1776263947
|switch|p1a: Ursaluna|Ursaluna, M|100/100
|move|p2a: Ring-a-ring|Dark Pulse|p1a: Ursaluna
|-damage|p1a: Ursaluna|43/100
|
|-status|p1a: Ursaluna|brn|[from] item: Flame Orb
|upkeep
|turn|13
|
|t:|1776263965
|move|p1a: Ursaluna|Earthquake|p2a: Ring-a-ring
|-damage|p2a: Ring-a-ring|0 fnt
|faint|p2a: Ring-a-ring
|
|-damage|p1a: Ursaluna|37/100 brn|[from] brn
|upkeep
|
|t:|1776263980
|switch|p2a: My Little Horsey|Mudsdale, F, tera:Fighting|72/100
|turn|14
|
|t:|1776263994
|-terastallize|p1a: Ursaluna|Normal
|move|p1a: Ursaluna|Facade|p2a: My Little Horsey
|-damage|p2a: My Little Horsey|0 fnt
|faint|p2a: My Little Horsey
|
|-damage|p1a: Ursaluna|31/100 brn|[from] brn
|-fieldend|move: Trick Room
|upkeep
|
|t:|1776264013
|switch|p2a: Hot hot hot hot|Volcanion|100/100
|turn|15
|inactive|Scarrry Jacob has 120 seconds left.
|
|t:|1776264033
|move|p2a: Hot hot hot hot|Steam Eruption|p1a: Ursaluna
|-damage|p1a: Ursaluna|0 fnt
|faint|p1a: Ursaluna
|
|upkeep
|
|t:|1776264043
|switch|p1a: Cresselia|Cresselia, F|100/100
|turn|16
|
|t:|1776264052
|move|p2a: Hot hot hot hot|Steam Eruption|p1a: Cresselia
|-damage|p1a: Cresselia|61/100
|-status|p1a: Cresselia|brn
|move|p1a: Cresselia|Trick Room|p1a: Cresselia
|-fieldstart|move: Trick Room|[of] p1a: Cresselia
|
|-damage|p1a: Cresselia|55/100 brn|[from] brn
|upkeep
|turn|17
|
|t:|1776264075
|switch|p1a: Torkoal|Torkoal, M|100/100
|-weather|SunnyDay|[from] ability: Drought|[of] p1a: Torkoal
|move|p2a: Hot hot hot hot|Steam Eruption|p1a: Torkoal
|-supereffective|p1a: Torkoal
|-damage|p1a: Torkoal|21/100
|
|-weather|SunnyDay|[upkeep]
|upkeep
|turn|18
|
|t:|1776264087
|move|p1a: Torkoal|Earth Power|p2a: Hot hot hot hot
|-supereffective|p2a: Hot hot hot hot
|-damage|p2a: Hot hot hot hot|24/100
|move|p2a: Hot hot hot hot|Earth Power|p1a: Torkoal
|-supereffective|p1a: Torkoal
|-damage|p1a: Torkoal|0 fnt
|faint|p1a: Torkoal
|
|-weather|SunnyDay|[upkeep]
|-heal|p2a: Hot hot hot hot|30/100|[from] item: Leftovers
|upkeep
|inactive|wenmf sanmgiadfs has 120 seconds left.
|
|t:|1776264102
|switch|p1a: Hatterene|Hatterene, F|44/100
|turn|19
|
|t:|1776264110
|move|p1a: Hatterene|Psychic|p2a: Hot hot hot hot
|-damage|p2a: Hot hot hot hot|0 fnt
|faint|p2a: Hot hot hot hot
|-damage|p1a: Hatterene|34/100|[from] item: Life Orb
|
|-weather|SunnyDay|[upkeep]
|upkeep
|
|t:|1776264125
|switch|p2a: Yeti|Abomasnow, M|100/100
|-weather|Snowscape|[from] ability: Snow Warning|[of] p2a: Yeti
|turn|20
|
|t:|1776264137
|move|p1a: Hatterene|Mystical Fire|p2a: Yeti
|-supereffective|p2a: Yeti
|-damage|p2a: Yeti|0 fnt
|faint|p2a: Yeti
|-damage|p1a: Hatterene|24/100|[from] item: Life Orb
|
|-weather|Snowscape|[upkeep]
|-fieldend|move: Trick Room
|upkeep
|
|t:|1776264145
|switch|p2a: Thunderer|Thundurus-Therian, M|100/100
|turn|21
|
|t:|1776264155
|move|p2a: Thunderer|Rain Dance|p2a: Thunderer
|-weather|RainDance
|move|p1a: Hatterene|Trick Room|p1a: Hatterene
|-fieldstart|move: Trick Room|[of] p1a: Hatterene
|
|-weather|RainDance|[upkeep]
|upkeep
|turn|22
|
|t:|1776264162
|move|p1a: Hatterene|Psychic|p2a: Thunderer
|-damage|p2a: Thunderer|8/100
|-damage|p1a: Hatterene|14/100|[from] item: Life Orb
|move|p2a: Thunderer|Thunder|p1a: Hatterene
|-damage|p1a: Hatterene|0 fnt
|faint|p1a: Hatterene
|
|-weather|RainDance|[upkeep]
|upkeep
|
|t:|1776264176
|switch|p1a: Cresselia|Cresselia, F|55/100 brn
|turn|23
|c|☆Scarrry Jacob|GGs, I lost
|
|t:|1776264183
|move|p1a: Cresselia|Ice Beam|p2a: Thunderer
|-supereffective|p2a: Thunderer
|-damage|p2a: Thunderer|0 fnt
|faint|p2a: Thunderer
|
|win|wenmf sanmgiadfs
|raw|wenmf sanmgiadfs's rating: 1075 &rarr; <strong>1101</strong><br />(+26 for winning)
|raw|Scarrry Jacob's rating: 1043 &rarr; <strong>1028</strong><br />(-15 for losing)
|l|☆Scarrry Jacob
|player|p2|
