|html|<div class="broadcast-blue"><strong>[Gen 9] OU is currently suspecting Tera Blast! For information on how to participate check out the <a href="https://www.smogon.com/tools/suspects/view/200">suspect thread</a>.</strong></div>
|j|☆decidueyebadlol
|j|☆Hider123
|t:|1776204416
|gametype|singles
|player|p1|decidueyebadlol|2|1309
|player|p2|Hider123|dawn|1325
|gen|9
|tier|[Gen 9] OU
|rated|
|rule|HP Percentage Mod: HP is shown in percentages
|rule|Endless Battle Clause: Forcing endless battles is banned
|rule|Species Clause: Limit one of each Pokémon
|rule|OHKO Clause: OHKO moves are banned
|rule|Evasion Items Clause: Evasion items are banned
|rule|Evasion Moves Clause: Evasion moves are banned
|rule|Evasion Abilities Clause: Evasion abilities are banned
|rule|Sleep Moves Clause: Sleep-inducing moves are banned
|clearpoke
|poke|p1|Decidueye-Hisui, F|
|poke|p1|Indeedee, M|
|poke|p1|Hatterene, F|
|poke|p1|Polteageist|
|poke|p1|Armarouge, M|
|poke|p1|Maushold-Four|
|poke|p2|Sandy Shocks|
|poke|p2|Ogerpon, F|
|poke|p2|Latios, M|
|poke|p2|Scizor, F|
|poke|p2|Manaphy|
|poke|p2|Iron Jugulis|
|teampreview
|j| ohko_smeargle
|
|t:|1776204432
|teamsize|p1|6
|teamsize|p2|6
|start
|switch|p1a: Indeedee|Indeedee, M|100/100
|switch|p2a: Scizor|Scizor, F|100/100
|-fieldstart|move: Psychic Terrain|[from] ability: Psychic Surge|[of] p1a: Indeedee
|turn|1
|
|t:|1776204441
|switch|p1a: Hatterene|Hatterene, F|100/100
|move|p2a: Scizor|Swords Dance|p2a: Scizor
|-boost|p2a: Scizor|atk|2
|
|upkeep
|turn|2
|
|t:|1776204453
|move|p2a: Scizor|Swords Dance|p2a: Scizor
|-boost|p2a: Scizor|atk|2
|move|p1a: Hatterene|Mystical Fire|p2a: Scizor
|-supereffective|p2a: Scizor
|-damage|p2a: Scizor|0 fnt
|faint|p2a: Scizor
|
|upkeep
|
|t:|1776204461
|switch|p2a: Latios|Latios, M|100/100
|turn|3
|
|t:|1776204469
|move|p2a: Latios|Agility|p2a: Latios
|-boost|p2a: Latios|spe|2
|move|p1a: Hatterene|Draining Kiss|p2a: Latios
|-supereffective|p2a: Latios
|-crit|p2a: Latios
|-damage|p2a: Latios|38/100
|-enditem|p2a: Latios|Weakness Policy
|-boost|p2a: Latios|atk|2|[from] item: Weakness Policy
|-boost|p2a: Latios|spa|2|[from] item: Weakness Policy
|
|upkeep
|turn|4
|
|t:|1776204484
|move|p2a: Latios|Calm Mind|p2a: Latios
|-boost|p2a: Latios|spa|1
|-boost|p2a: Latios|spd|1
|move|p1a: Hatterene|Draining Kiss|p2a: Latios
|-supereffective|p2a: Latios
|-damage|p2a: Latios|13/100
|
|upkeep
|turn|5
|
|t:|1776204492
|move|p2a: Latios|Stored Power|p1a: Hatterene
|-resisted|p1a: Hatterene
|-damage|p1a: Hatterene|0 fnt
|faint|p1a: Hatterene
|
|upkeep
|
|t:|1776204495
|switch|p1a: Polteageist|Polteageist|100/100
|turn|6
|
|t:|1776204500
|move|p2a: Latios|Stored Power|p1a: Polteageist
|-enditem|p1a: Polteageist|Focus Sash
|-damage|p1a: Polteageist|1/100
|move|p1a: Polteageist|Shadow Ball|p2a: Latios
|-supereffective|p2a: Latios
|-crit|p2a: Latios
|-damage|p2a: Latios|0 fnt
|faint|p2a: Latios
|
|upkeep
|
|t:|1776204514
|switch|p2a: Manaphy|Manaphy|100/100
|turn|7
|
|t:|1776204522
|move|p2a: Manaphy|Tail Glow|p2a: Manaphy
|-boost|p2a: Manaphy|spa|3
|move|p1a: Polteageist|Shadow Ball|p2a: Manaphy
|-damage|p2a: Manaphy|50/100
|-unboost|p2a: Manaphy|spd|1
|-enditem|p2a: Manaphy|Sitrus Berry|[eat]
|-heal|p2a: Manaphy|74/100|[from] item: Sitrus Berry
|
|upkeep
|turn|8
|
|t:|1776204531
|move|p2a: Manaphy|Surf|p1a: Polteageist
|-crit|p1a: Polteageist
|-damage|p1a: Polteageist|0 fnt
|faint|p1a: Polteageist
|
|-fieldend|move: Psychic Terrain
|upkeep
|
|t:|1776204540
|switch|p1a: Maushold|Maushold-Four|100/100
|turn|9
|
|t:|1776204543
|-terastallize|p1a: Maushold|Normal
|move|p1a: Maushold|Population Bomb|p2a: Manaphy
|-damage|p2a: Manaphy|59/100
|-damage|p2a: Manaphy|45/100
|-damage|p2a: Manaphy|31/100
|-damage|p2a: Manaphy|14/100
|-damage|p2a: Manaphy|0 fnt
|faint|p2a: Manaphy
|-hitcount|p2: Manaphy|5
|
|upkeep
|
|t:|1776204564
|switch|p2a: Iron Jugulis|Iron Jugulis|100/100
|-enditem|p2a: Iron Jugulis|Booster Energy
|-activate|p2a: Iron Jugulis|ability: Quark Drive|[fromitem]
|-start|p2a: Iron Jugulis|quarkdrivespe
|turn|10
|
|t:|1776204571
|move|p2a: Iron Jugulis|Hurricane|p1a: Maushold
|-damage|p1a: Maushold|12/100
|move|p1a: Maushold|Population Bomb|p2a: Iron Jugulis
|-damage|p2a: Iron Jugulis|83/100
|-damage|p2a: Iron Jugulis|66/100
|-damage|p2a: Iron Jugulis|48/100
|-damage|p2a: Iron Jugulis|31/100
|-damage|p2a: Iron Jugulis|14/100
|-damage|p2a: Iron Jugulis|0 fnt
|faint|p2a: Iron Jugulis
|-end|p2a: Iron Jugulis|Quark Drive|[silent]
|-hitcount|p2: Iron Jugulis|6
|
|upkeep
|-message|Hider123 forfeited.
|
|win|decidueyebadlol
|raw|decidueyebadlol's rating: 1309 &rarr; <strong>1330</strong><br />(+21 for winning)
|raw|Hider123's rating: 1325 &rarr; <strong>1304</strong><br />(-21 for losing)
