|html|<div class="broadcast-blue"><strong>[Gen 9] OU is currently suspecting Tera Blast! For information on how to participate check out the <a href="https://www.smogon.com/tools/suspects/view/200">suspect thread</a>.</strong></div>
|j|☆mothfox
|j|☆FrootPie
|t:|1776114890
|gametype|singles
|player|p1|mothfox|colress|1237
|player|p2|FrootPie|102|1280
|gen|9
|tier|[Gen 9] OU
|rated|
|rule|HP Percentage Mod: HP is shown in percentages
|rule|Endless Battle Clause: Forcing endless battles is banned
|rule|Species Clause: Limit one of each Pokémon
|rule|OHKO Clause: OHKO moves are banned
|rule|Evasion Items Clause: Evasion items are banned
|rule|Evasion Moves Clause: Evasion moves are banned
|rule|Evasion Abilities Clause: Evasion abilities are banned
|rule|Sleep Moves Clause: Sleep-inducing moves are banned
|clearpoke
|poke|p1|Corviknight, M|
|poke|p1|Gliscor, F|
|poke|p1|Blissey, F|
|poke|p1|Dondozo, F|
|poke|p1|Toxapex, F|
|poke|p1|Weezing-Galar, F|
|poke|p2|Araquanid, F|
|poke|p2|Gholdengo|
|poke|p2|Iron Moth|
|poke|p2|Iron Valiant|
|poke|p2|Raging Bolt|
|poke|p2|Kingambit, F|
|teampreview
|inactive|Battle timer is ON: inactive players will automatically lose when time's up. (requested by mothfox)
|
|t:|1776114915
|teamsize|p1|6
|teamsize|p2|6
|start
|switch|p1a: Blob|Blissey, F|100/100
|switch|p2a: Gholdengo|Gholdengo|100/100
|-item|p2a: Gholdengo|Air Balloon
|turn|1
|
|t:|1776114928
|move|p2a: Gholdengo|Nasty Plot|p2a: Gholdengo
|-boost|p2a: Gholdengo|spa|2
|move|p1a: Blob|Stealth Rock|p2a: Gholdengo
|-sidestart|p2: FrootPie|move: Stealth Rock
|
|upkeep
|turn|2
|
|t:|1776114936
|move|p2a: Gholdengo|Psyshock|p1a: Blob
|-crit|p1a: Blob
|-damage|p1a: Blob|22/100
|move|p1a: Blob|Calm Mind|p1a: Blob
|-boost|p1a: Blob|spa|1
|-boost|p1a: Blob|spd|1
|
|upkeep
|turn|3
|
|t:|1776114947
|-terastallize|p1a: Blob|Dark
|move|p2a: Gholdengo|Shadow Ball|p1a: Blob
|-resisted|p1a: Blob
|-damage|p1a: Blob|13/100
|move|p1a: Blob|Soft-Boiled|p1a: Blob
|-heal|p1a: Blob|63/100
|
|upkeep
|turn|4
|
|t:|1776114959
|move|p2a: Gholdengo|Nasty Plot|p2a: Gholdengo
|-boost|p2a: Gholdengo|spa|2
|move|p1a: Blob|Calm Mind|p1a: Blob
|-boost|p1a: Blob|spa|1
|-boost|p1a: Blob|spd|1
|
|upkeep
|turn|5
|
|t:|1776114975
|move|p2a: Gholdengo|Nasty Plot|p2a: Gholdengo
|-boost|p2a: Gholdengo|spa|2
|move|p1a: Blob|Soft-Boiled|p1a: Blob
|-heal|p1a: Blob|100/100
|
|upkeep
|turn|6
|
|t:|1776114982
|move|p2a: Gholdengo|Shadow Ball|p1a: Blob
|-resisted|p1a: Blob
|-damage|p1a: Blob|87/100
|move|p1a: Blob|Calm Mind|p1a: Blob
|-boost|p1a: Blob|spa|1
|-boost|p1a: Blob|spd|1
|
|upkeep
|turn|7
|
|t:|1776114991
|move|p2a: Gholdengo|Shadow Ball|p1a: Blob
|-resisted|p1a: Blob
|-damage|p1a: Blob|76/100
|move|p1a: Blob|Shadow Ball|p2a: Gholdengo
|-supereffective|p2a: Gholdengo
|-damage|p2a: Gholdengo|13/100
|-unboost|p2a: Gholdengo|spd|1
|-enditem|p2a: Gholdengo|Air Balloon
|
|upkeep
|turn|8
|
|t:|1776115001
|move|p2a: Gholdengo|Make It Rain|p1a: Blob
|-damage|p1a: Blob|41/100
|-unboost|p2a: Gholdengo|spa|1
|move|p1a: Blob|Shadow Ball|p2a: Gholdengo
|-supereffective|p2a: Gholdengo
|-damage|p2a: Gholdengo|0 fnt
|faint|p2a: Gholdengo
|
|upkeep
|
|t:|1776115005
|switch|p2a: Iron Valiant|Iron Valiant|100/100
|-damage|p2a: Iron Valiant|94/100|[from] Stealth Rock
|-enditem|p2a: Iron Valiant|Booster Energy
|-activate|p2a: Iron Valiant|ability: Quark Drive|[fromitem]
|-start|p2a: Iron Valiant|quarkdrivespa
|turn|9
|
|t:|1776115025
|switch|p1a: Dondozo|Dondozo, F|100/100
|move|p2a: Iron Valiant|Calm Mind|p2a: Iron Valiant
|-boost|p2a: Iron Valiant|spa|1
|-boost|p2a: Iron Valiant|spd|1
|
|upkeep
|turn|10
|
|t:|1776115040
|switch|p1a: Toxapex|Toxapex, F|100/100
|move|p2a: Iron Valiant|Moonblast|p1a: Toxapex
|-resisted|p1a: Toxapex
|-damage|p1a: Toxapex|61/100
|-unboost|p1a: Toxapex|spa|1
|
|upkeep
|turn|11
|inactive|mothfox has 120 seconds left.
|
|t:|1776115062
|switch|p1a: Gliscor|Gliscor, F|100/100
|move|p2a: Iron Valiant|Shadow Ball|p1a: Gliscor
|-damage|p1a: Gliscor|52/100
|
|-status|p1a: Gliscor|tox|[from] item: Toxic Orb
|upkeep
|turn|12
|
|t:|1776115071
|move|p1a: Gliscor|Protect|p1a: Gliscor
|-singleturn|p1a: Gliscor|Protect
|move|p2a: Iron Valiant|Calm Mind|p2a: Iron Valiant
|-boost|p2a: Iron Valiant|spa|1
|-boost|p2a: Iron Valiant|spd|1
|
|-heal|p1a: Gliscor|65/100 tox|[from] ability: Poison Heal
|upkeep
|turn|13
|
|t:|1776115084
|move|p2a: Iron Valiant|Moonblast|p1a: Gliscor
|-damage|p1a: Gliscor|0 fnt
|faint|p1a: Gliscor
|
|upkeep
|
|t:|1776115089
|switch|p1a: Smokestack|Weezing-Galar, F|100/100
|-ability|p1a: Smokestack|Neutralizing Gas
|turn|14
|
|t:|1776115096
|move|p2a: Iron Valiant|Shadow Ball|p1a: Smokestack
|-damage|p1a: Smokestack|50/100
|move|p1a: Smokestack|Sludge Bomb|p2a: Iron Valiant
|-supereffective|p2a: Iron Valiant
|-damage|p2a: Iron Valiant|46/100
|
|upkeep
|turn|15
|
|t:|1776115113
|-end|p1a: Smokestack|ability: Neutralizing Gas
|switch|p1a: Corviknight|Corviknight, M|100/100
|-ability|p1a: Corviknight|Pressure
|move|p2a: Iron Valiant|Calm Mind|p2a: Iron Valiant
|-boost|p2a: Iron Valiant|spa|1
|-boost|p2a: Iron Valiant|spd|1
|
|upkeep
|turn|16
|
|t:|1776115123
|-terastallize|p2a: Iron Valiant|Ghost
|move|p2a: Iron Valiant|Shadow Ball|p1a: Corviknight
|-damage|p1a: Corviknight|0 fnt
|faint|p1a: Corviknight
|
|upkeep
|c|☆mothfox|gg
|-message|mothfox forfeited.
|
|win|FrootPie
|raw|mothfox's rating: 1237 &rarr; <strong>1215</strong><br />(-22 for losing)
|raw|FrootPie's rating: 1280 &rarr; <strong>1302</strong><br />(+22 for winning)
