|html|<div class="broadcast-blue"><strong>[Gen 9] OU is currently suspecting Tera Blast! For information on how to participate check out the <a href="https://www.smogon.com/tools/suspects/view/200">suspect thread</a>.</strong></div>
|j|☆fraaaxn
|j|☆RoLi404
|t:|1776054113
|gametype|singles
|player|p1|fraaaxn|unknownf|1625
|player|p2|RoLi404|jacinthe|1696
|gen|9
|tier|[Gen 9] OU
|rated|
|rule|HP Percentage Mod: HP is shown in percentages
|rule|Endless Battle Clause: Forcing endless battles is banned
|rule|Species Clause: Limit one of each Pokémon
|rule|OHKO Clause: OHKO moves are banned
|rule|Evasion Items Clause: Evasion items are banned
|rule|Evasion Moves Clause: Evasion moves are banned
|rule|Evasion Abilities Clause: Evasion abilities are banned
|rule|Sleep Moves Clause: Sleep-inducing moves are banned
|clearpoke
|poke|p1|Gholdengo|
|poke|p1|Ribombee, F|
|poke|p1|Zamazenta-*|
|poke|p1|Iron Treads|
|poke|p1|Dragonite, F|
|poke|p1|Iron Valiant|
|poke|p2|Primarina, M|
|poke|p2|Great Tusk|
|poke|p2|Enamorus, F|
|poke|p2|Slowking-Galar, M|
|poke|p2|Ogerpon, F|
|poke|p2|Kingambit, M|
|teampreview
|inactive|Battle timer is ON: inactive players will automatically lose when time's up. (requested by RoLi404)
|inactive|fraaaxn also wants the timer to be on.
|
|t:|1776054129
|teamsize|p1|6
|teamsize|p2|6
|start
|switch|p1a: Ribombee|Ribombee, F|100/100
|switch|p2a: Mantra|Slowking-Galar, M, shiny|100/100
|turn|1
|
|t:|1776054135
|move|p1a: Ribombee|Sticky Web|p2a: Mantra
|-sidestart|p2: RoLi404|move: Sticky Web
|move|p2a: Mantra|Flamethrower|p1a: Ribombee
|-supereffective|p1a: Ribombee
|-damage|p1a: Ribombee|28/100
|
|upkeep
|turn|2
|
|t:|1776054143
|move|p1a: Ribombee|Stun Spore|p2a: Mantra
|-status|p2a: Mantra|par
|cant|p2a: Mantra|par
|
|upkeep
|turn|3
|
|t:|1776054151
|move|p1a: Ribombee|Moonblast|p2a: Mantra
|-resisted|p2a: Mantra
|-damage|p2a: Mantra|90/100 par
|move|p2a: Mantra|Flamethrower|p1a: Ribombee
|-supereffective|p1a: Ribombee
|-damage|p1a: Ribombee|0 fnt
|faint|p1a: Ribombee
|
|upkeep
|
|t:|1776054153
|switch|p1a: Iron Treads|Iron Treads|100/100
|-enditem|p1a: Iron Treads|Booster Energy
|-activate|p1a: Iron Treads|ability: Quark Drive|[fromitem]
|-start|p1a: Iron Treads|quarkdriveatk
|turn|4
|
|t:|1776054158
|move|p1a: Iron Treads|Earthquake|p2a: Mantra
|-supereffective|p2a: Mantra
|-damage|p2a: Mantra|0 fnt
|faint|p2a: Mantra
|
|upkeep
|
|t:|1776054171
|switch|p2a: Behemoth|Great Tusk, shiny|100/100
|-activate|p2a: Behemoth|move: Sticky Web
|-unboost|p2a: Behemoth|spe|1
|turn|5
|j| peneplain
|inactive|fraaaxn has 120 seconds left.
|
|t:|1776054204
|-terastallize|p1a: Iron Treads|Ghost
|move|p1a: Iron Treads|Earthquake|p2a: Behemoth
|-damage|p2a: Behemoth|49/100
|move|p2a: Behemoth|Stealth Rock|p1a: Iron Treads
|-sidestart|p1: fraaaxn|move: Stealth Rock
|
|upkeep
|turn|6
|
|t:|1776054212
|move|p1a: Iron Treads|Rapid Spin|p2a: Behemoth
|-crit|p2a: Behemoth
|-damage|p2a: Behemoth|25/100
|-boost|p1a: Iron Treads|spe|1
|-damage|p1a: Iron Treads|84/100|[from] item: Rocky Helmet|[of] p2a: Behemoth
|-sideend|p1: fraaaxn|Stealth Rock|[from] move: Rapid Spin|[of] p1a: Iron Treads
|move|p2a: Behemoth|Headlong Rush|p1a: Iron Treads
|-damage|p1a: Iron Treads|29/100
|-unboost|p2a: Behemoth|def|1
|-unboost|p2a: Behemoth|spd|1
|
|upkeep
|turn|7
|
|t:|1776054220
|move|p1a: Iron Treads|Earthquake|p2a: Behemoth
|-damage|p2a: Behemoth|0 fnt
|faint|p2a: Behemoth
|-end|p2a: Behemoth|Protosynthesis|[silent]
|
|upkeep
|
|t:|1776054223
|switch|p2a: Overgod|Kingambit, M, shiny|100/100
|-activate|p2a: Overgod|move: Sticky Web
|-unboost|p2a: Overgod|spe|1
|-activate|p2a: Overgod|ability: Supreme Overlord
|-start|p2a: Overgod|fallen2|[silent]
|turn|8
|
|t:|1776054229
|-end|p1a: Iron Treads|Quark Drive|[silent]
|switch|p1a: Zamazenta|Zamazenta|100/100
|-ability|p1a: Zamazenta|Dauntless Shield|boost
|-boost|p1a: Zamazenta|def|1
|move|p2a: Overgod|Kowtow Cleave|p1a: Zamazenta
|-resisted|p1a: Zamazenta
|-damage|p1a: Zamazenta|80/100
|
|upkeep
|turn|9
|
|t:|1776054236
|-end|p2a: Overgod|fallen2|[silent]
|switch|p2a: Celestine|Primarina, M, shiny|100/100
|-activate|p2a: Celestine|move: Sticky Web
|-unboost|p2a: Celestine|spe|1
|move|p1a: Zamazenta|Stone Edge|p2a: Celestine
|-damage|p2a: Celestine|35/100
|-damage|p1a: Zamazenta|71/100|[from] item: Life Orb
|
|-heal|p2a: Celestine|41/100|[from] item: Leftovers
|upkeep
|turn|10
|
|t:|1776054248
|switch|p1a: Iron Treads|Iron Treads, tera:Ghost|29/100
|move|p2a: Celestine|Moonblast|p1a: Iron Treads
|-damage|p1a: Iron Treads|0 fnt
|faint|p1a: Iron Treads
|-end|p1a: Iron Treads|Quark Drive|[silent]
|
|-heal|p2a: Celestine|47/100|[from] item: Leftovers
|upkeep
|
|t:|1776054258
|switch|p1a: Dragonite|Dragonite, F|100/100
|turn|11
|
|t:|1776054261
|move|p1a: Dragonite|Earthquake|p2a: Celestine
|-damage|p2a: Celestine|0 fnt
|faint|p2a: Celestine
|
|upkeep
|
|t:|1776054266
|switch|p2a: Gin|Enamorus, F, shiny|100/100
|turn|12
|
|t:|1776054271
|move|p2a: Gin|Moonblast|p1a: Dragonite
|-supereffective|p1a: Dragonite
|-damage|p1a: Dragonite|40/100
|move|p1a: Dragonite|Ice Spinner|p2a: Gin
|-supereffective|p2a: Gin
|-damage|p2a: Gin|0 fnt
|faint|p2a: Gin
|
|upkeep
|
|t:|1776054278
|switch|p2a: Overgod|Kingambit, M, shiny|100/100
|-activate|p2a: Overgod|move: Sticky Web
|-unboost|p2a: Overgod|spe|1
|-activate|p2a: Overgod|ability: Supreme Overlord
|-start|p2a: Overgod|fallen4|[silent]
|turn|13
|
|t:|1776054282
|move|p1a: Dragonite|Earthquake|p2a: Overgod
|-supereffective|p2a: Overgod
|-damage|p2a: Overgod|41/100
|move|p2a: Overgod|Iron Head|p1a: Dragonite
|-damage|p1a: Dragonite|0 fnt
|faint|p1a: Dragonite
|
|-heal|p2a: Overgod|47/100|[from] item: Leftovers
|upkeep
|
|t:|1776054288
|switch|p1a: Zamazenta|Zamazenta|71/100
|turn|14
|
|t:|1776054292
|-terastallize|p2a: Overgod|Ghost
|move|p1a: Zamazenta|Close Combat|p2a: Overgod
|-immune|p2a: Overgod
|move|p2a: Overgod|Iron Head|p1a: Zamazenta
|-damage|p1a: Zamazenta|11/100
|
|-heal|p2a: Overgod|53/100|[from] item: Leftovers
|upkeep
|turn|15
|
|t:|1776054295
|move|p2a: Overgod|Sucker Punch|p1a: Zamazenta
|-resisted|p1a: Zamazenta
|-damage|p1a: Zamazenta|0 fnt
|faint|p1a: Zamazenta
|
|-heal|p2a: Overgod|60/100|[from] item: Leftovers
|upkeep
|
|t:|1776054296
|switch|p1a: Iron Valiant|Iron Valiant|100/100
|-enditem|p1a: Iron Valiant|Booster Energy
|-activate|p1a: Iron Valiant|ability: Quark Drive|[fromitem]
|-start|p1a: Iron Valiant|quarkdrivespe
|turn|16
|
|t:|1776054300
|move|p1a: Iron Valiant|Encore|p2a: Overgod
|-start|p2a: Overgod|Encore
|move|p2a: Overgod|Sucker Punch||[still]
|-fail|p2a: Overgod
|
|-heal|p2a: Overgod|66/100|[from] item: Leftovers
|upkeep
|turn|17
|
|t:|1776054303
|-end|p2a: Overgod|fallen4|[silent]
|switch|p2a: Anonymous|Ogerpon, F|100/100
|-activate|p2a: Anonymous|move: Sticky Web
|-unboost|p2a: Anonymous|spe|1
|-ability|p2a: Anonymous|Defiant|boost
|-boost|p2a: Anonymous|atk|2
|move|p1a: Iron Valiant|Calm Mind|p1a: Iron Valiant
|-boost|p1a: Iron Valiant|spa|1
|-boost|p1a: Iron Valiant|spd|1
|
|upkeep
|turn|18
|
|t:|1776054312
|move|p1a: Iron Valiant|Moonblast|p2a: Anonymous
|-damage|p2a: Anonymous|19/100
|move|p2a: Anonymous|Ivy Cudgel|p1a: Iron Valiant
|-damage|p1a: Iron Valiant|0 fnt
|faint|p1a: Iron Valiant
|-end|p1a: Iron Valiant|Quark Drive|[silent]
|
|upkeep
|
|t:|1776054315
|switch|p1a: Gholdengo|Gholdengo|100/100
|-item|p1a: Gholdengo|Air Balloon
|turn|19
|
|t:|1776054317
|move|p1a: Gholdengo|Shadow Ball|p2a: Anonymous
|-damage|p2a: Anonymous|0 fnt
|faint|p2a: Anonymous
|
|upkeep
|
|t:|1776054319
|switch|p2a: Overgod|Kingambit, M, shiny, tera:Ghost|66/100
|-activate|p2a: Overgod|move: Sticky Web
|-unboost|p2a: Overgod|spe|1
|-activate|p2a: Overgod|ability: Supreme Overlord
|-start|p2a: Overgod|fallen5|[silent]
|turn|20
|
|t:|1776054322
|move|p1a: Gholdengo|Nasty Plot|p1a: Gholdengo
|-boost|p1a: Gholdengo|spa|2
|move|p2a: Overgod|Kowtow Cleave|p1a: Gholdengo
|-supereffective|p1a: Gholdengo
|-damage|p1a: Gholdengo|0 fnt
|-enditem|p1a: Gholdengo|Air Balloon
|faint|p1a: Gholdengo
|
|win|RoLi404
|raw|fraaaxn's rating: 1625 &rarr; <strong>1609</strong><br />(-16 for losing)
|raw|RoLi404's rating: 1696 &rarr; <strong>1712</strong><br />(+16 for winning)
|l|☆RoLi404
|player|p2|
|l| peneplain
