|html|<div class="broadcast-blue"><strong>[Gen 9] OU is currently suspecting Tera Blast! For information on how to participate check out the <a href="https://www.smogon.com/tools/suspects/view/200">suspect thread</a>.</strong></div>
|j|☆dummydraedon
|j|☆looniertunes
|t:|1776035872
|gametype|singles
|player|p1|dummydraedon|265|1434
|player|p2|looniertunes|cynthia|1533
|gen|9
|tier|[Gen 9] OU
|rated|
|rule|HP Percentage Mod: HP is shown in percentages
|rule|Endless Battle Clause: Forcing endless battles is banned
|rule|Species Clause: Limit one of each Pokémon
|rule|OHKO Clause: OHKO moves are banned
|rule|Evasion Items Clause: Evasion items are banned
|rule|Evasion Moves Clause: Evasion moves are banned
|rule|Evasion Abilities Clause: Evasion abilities are banned
|rule|Sleep Moves Clause: Sleep-inducing moves are banned
|clearpoke
|poke|p1|Vaporeon, F|
|poke|p1|Tinkaton, F|
|poke|p1|Pelipper, M|
|poke|p1|Excadrill, M|
|poke|p1|Barraskewda, M|
|poke|p1|Zoroark-Hisui, M|
|poke|p2|Sinistcha|
|poke|p2|Corviknight, F|
|poke|p2|Tyranitar, M|
|poke|p2|Excadrill, M|
|poke|p2|Ceruledge, F|
|poke|p2|Primarina, F|
|teampreview
|
|t:|1776035899
|teamsize|p1|6
|teamsize|p2|6
|start
|switch|p1a: I smash vap|Tinkaton, F, shiny|100/100
|switch|p2a: Primarina|Primarina, F|100/100
|turn|1
|
|t:|1776035909
|switch|p2a: Corviknight|Corviknight, F|100/100
|-ability|p2a: Corviknight|Pressure
|move|p1a: I smash vap|Trick|p2a: Corviknight
|-activate|p1a: I smash vap|move: Trick|[of] p2a: Corviknight
|-item|p2a: Corviknight|Choice Scarf|[from] move: Trick
|-item|p1a: I smash vap|Rocky Helmet|[from] move: Trick
|
|upkeep
|turn|2
|
|t:|1776035922
|move|p1a: I smash vap|Will-O-Wisp|p2a: Corviknight|[miss]
|-miss|p1a: I smash vap|p2a: Corviknight
|move|p2a: Corviknight|U-turn|p1a: I smash vap
|-resisted|p1a: I smash vap
|-damage|p1a: I smash vap|86/100
|-damage|p2a: Corviknight|84/100|[from] item: Rocky Helmet|[of] p1a: I smash vap
|replace|p1a: i think im vap|Zoroark-Hisui, M
|-end|p1a: i think im vap|Illusion
|
|t:|1776035931
|switch|p2a: Primarina|Primarina, F|100/100|[from] U-turn
|
|upkeep
|turn|3
|
|t:|1776035934
|move|p1a: i think im vap|Will-O-Wisp|p2a: Primarina|[miss]
|-miss|p1a: i think im vap|p2a: Primarina
|move|p2a: Primarina|Surf|p1a: i think im vap
|-damage|p1a: i think im vap|0 fnt
|faint|p1a: i think im vap
|
|upkeep
|
|t:|1776035938
|switch|p1a: vap|Vaporeon, F|100/100
|turn|4
|
|t:|1776035944
|move|p2a: Primarina|Moonblast|p1a: vap
|-damage|p1a: vap|61/100
|move|p1a: vap|Scald|p2a: Primarina
|-resisted|p2a: Primarina
|-damage|p2a: Primarina|91/100
|
|-heal|p1a: vap|67/100|[from] item: Leftovers
|upkeep
|turn|5
|
|t:|1776035947
|move|p2a: Primarina|Psychic Noise|p1a: vap
|-damage|p1a: vap|44/100
|-start|p1a: vap|move: Heal Block
|cant|p1a: vap|move: Heal Block|Wish
|
|upkeep
|turn|6
|
|t:|1776035953
|switch|p1a: I smash vap|Tinkaton, F, shiny|100/100
|-ability|p1a: I smash vap|Mold Breaker
|move|p2a: Primarina|Moonblast|p1a: I smash vap
|-resisted|p1a: I smash vap
|-damage|p1a: I smash vap|83/100
|-unboost|p1a: I smash vap|spa|1
|
|-heal|p1a: I smash vap|90/100|[from] item: Leftovers
|upkeep
|turn|7
|
|t:|1776035976
|move|p1a: I smash vap|Thunder Wave|p2a: Primarina
|-status|p2a: Primarina|par
|move|p2a: Primarina|Surf|p1a: I smash vap
|-damage|p1a: I smash vap|58/100
|
|-heal|p1a: I smash vap|64/100|[from] item: Leftovers
|upkeep
|turn|8
|
|t:|1776035981
|move|p1a: I smash vap|Stealth Rock|p2a: Primarina
|-sidestart|p2: looniertunes|move: Stealth Rock
|move|p2a: Primarina|Flip Turn|p1a: I smash vap
|-damage|p1a: I smash vap|49/100
|inactive|Battle timer is ON: inactive players will automatically lose when time's up. (requested by looniertunes)
|
|t:|1776035987
|switch|p2a: Corviknight|Corviknight, F|84/100|[from] Flip Turn
|-damage|p2a: Corviknight|71/100|[from] Stealth Rock
|-ability|p2a: Corviknight|Pressure
|
|-heal|p1a: I smash vap|55/100|[from] item: Leftovers
|upkeep
|turn|9
|
|t:|1776035989
|move|p2a: Corviknight|Defog|p1a: I smash vap
|-unboost|p1a: I smash vap|evasion|1
|-sideend|p2: looniertunes|Stealth Rock|[from] move: Defog|[of] p2a: Corviknight
|move|p1a: I smash vap|Thunder Wave|p2a: Corviknight|[miss]
|-miss|p1a: I smash vap|p2a: Corviknight
|
|-heal|p1a: I smash vap|61/100|[from] item: Leftovers
|upkeep
|turn|10
|
|t:|1776036014
|move|p2a: Corviknight|Defog|p1a: I smash vap
|-unboost|p1a: I smash vap|evasion|1
|move|p1a: I smash vap|Knock Off|p2a: Corviknight
|-damage|p2a: Corviknight|61/100
|-enditem|p2a: Corviknight|Choice Scarf|[from] move: Knock Off|[of] p1a: I smash vap
|
|-heal|p1a: I smash vap|67/100|[from] item: Leftovers
|upkeep
|turn|11
|
|t:|1776036019
|move|p1a: I smash vap|Thunder Wave|p2a: Corviknight
|-status|p2a: Corviknight|par
|cant|p2a: Corviknight|par
|
|-heal|p1a: I smash vap|73/100|[from] item: Leftovers
|upkeep
|turn|12
|
|t:|1776036024
|move|p1a: I smash vap|Knock Off|p2a: Corviknight
|-damage|p2a: Corviknight|54/100 par
|move|p2a: Corviknight|U-turn|p1a: I smash vap
|-resisted|p1a: I smash vap
|-damage|p1a: I smash vap|70/100
|
|t:|1776036031
|switch|p2a: Ceruledge|Ceruledge, F|100/100|[from] U-turn
|
|-heal|p1a: I smash vap|76/100|[from] item: Leftovers
|upkeep
|turn|13
|
|t:|1776036035
|move|p2a: Ceruledge|Poltergeist|p1a: I smash vap
|-activate|p1a: I smash vap|move: Poltergeist|Leftovers
|-damage|p1a: I smash vap|6/100
|-damage|p2a: Ceruledge|91/100|[from] item: Life Orb
|move|p1a: I smash vap|Thunder Wave|p2a: Ceruledge
|-status|p2a: Ceruledge|par
|
|-heal|p1a: I smash vap|12/100|[from] item: Leftovers
|upkeep
|turn|14
|
|t:|1776036042
|switch|p1a: vap|Vaporeon, F|44/100
|move|p2a: Ceruledge|Swords Dance|p2a: Ceruledge
|-boost|p2a: Ceruledge|atk|2
|
|-heal|p1a: vap|50/100|[from] item: Leftovers
|upkeep
|turn|15
|
|t:|1776036046
|cant|p2a: Ceruledge|par
|move|p1a: vap|Haze|p1a: vap
|-clearallboost
|
|-heal|p1a: vap|57/100|[from] item: Leftovers
|upkeep
|turn|16
|
|t:|1776036053
|move|p1a: vap|Wish|p1a: vap
|move|p2a: Ceruledge|Poltergeist|p1a: vap
|-activate|p1a: vap|move: Poltergeist|Leftovers
|-damage|p1a: vap|2/100
|-damage|p2a: Ceruledge|81/100 par|[from] item: Life Orb
|
|-heal|p1a: vap|8/100|[from] item: Leftovers
|upkeep
|turn|17
|
|t:|1776036060
|move|p1a: vap|Scald|p2a: Ceruledge
|-supereffective|p2a: Ceruledge
|-damage|p2a: Ceruledge|13/100 par
|move|p2a: Ceruledge|Swords Dance|p2a: Ceruledge
|-boost|p2a: Ceruledge|atk|2
|
|-heal|p1a: vap|58/100|[from] move: Wish|[wisher] vap
|-heal|p1a: vap|65/100|[from] item: Leftovers
|upkeep
|turn|18
|
|t:|1776036065
|move|p2a: Ceruledge|Shadow Sneak|p1a: vap
|-damage|p1a: vap|23/100
|-damage|p2a: Ceruledge|3/100 par|[from] item: Life Orb
|move|p1a: vap|Scald|p2a: Ceruledge
|-supereffective|p2a: Ceruledge
|-damage|p2a: Ceruledge|0 fnt
|faint|p2a: Ceruledge
|
|-heal|p1a: vap|29/100|[from] item: Leftovers
|upkeep
|
|t:|1776036068
|switch|p2a: Sinistcha|Sinistcha|100/100
|turn|19
|
|t:|1776036072
|switch|p1a: I smash vap|Tinkaton, F, shiny|12/100
|-ability|p1a: I smash vap|Mold Breaker
|move|p2a: Sinistcha|Shadow Ball|p1a: I smash vap
|-damage|p1a: I smash vap|0 fnt
|faint|p1a: I smash vap
|
|upkeep
|
|t:|1776036075
|switch|p1a: bird in vap|Pelipper, M|100/100
|-weather|RainDance|[from] ability: Drizzle|[of] p1a: bird in vap
|turn|20
|
|t:|1776036080
|move|p1a: bird in vap|Hurricane|p2a: Sinistcha
|-supereffective|p2a: Sinistcha
|-damage|p2a: Sinistcha|0 fnt
|faint|p2a: Sinistcha
|
|-weather|RainDance|[upkeep]
|upkeep
|
|t:|1776036083
|switch|p2a: Tyranitar|Tyranitar, M|100/100
|-weather|Sandstorm|[from] ability: Sand Stream|[of] p2a: Tyranitar
|turn|21
|
|t:|1776036090
|switch|p1a: vap|Vaporeon, F|29/100
|move|p2a: Tyranitar|Knock Off|p1a: vap
|-damage|p1a: vap|0 fnt
|-enditem|p1a: vap|Leftovers|[from] move: Knock Off|[of] p2a: Tyranitar
|faint|p1a: vap
|
|-weather|Sandstorm|[upkeep]
|upkeep
|
|t:|1776036097
|switch|p1a: fish in vap|Barraskewda, M|100/100
|turn|22
|
|t:|1776036118
|switch|p2a: Corviknight|Corviknight, F|54/100 par
|-ability|p2a: Corviknight|Pressure
|move|p1a: fish in vap|Close Combat|p2a: Corviknight
|-damage|p2a: Corviknight|17/100 par
|-unboost|p1a: fish in vap|def|1
|-unboost|p1a: fish in vap|spd|1
|-damage|p1a: fish in vap|91/100|[from] item: Life Orb
|
|-weather|Sandstorm|[upkeep]
|-damage|p1a: fish in vap|85/100|[from] Sandstorm
|upkeep
|turn|23
|
|t:|1776036126
|move|p1a: fish in vap|Liquidation|p2a: Corviknight
|-damage|p2a: Corviknight|0 fnt
|faint|p2a: Corviknight
|-damage|p1a: fish in vap|75/100|[from] item: Life Orb
|
|-weather|Sandstorm|[upkeep]
|-damage|p1a: fish in vap|69/100|[from] Sandstorm
|upkeep
|
|t:|1776036128
|switch|p2a: Excadrill|Excadrill, M|100/100
|-item|p2a: Excadrill|Air Balloon
|turn|24
|
|t:|1776036143
|switch|p1a: bird in vap|Pelipper, M|100/100
|-weather|RainDance|[from] ability: Drizzle|[of] p1a: bird in vap
|move|p2a: Excadrill|Rock Slide|p1a: bird in vap|[miss]
|-miss|p2a: Excadrill|p1a: bird in vap
|
|-weather|RainDance|[upkeep]
|upkeep
|turn|25
|
|t:|1776036149
|switch|p2a: Tyranitar|Tyranitar, M|100/100
|-weather|Sandstorm|[from] ability: Sand Stream|[of] p2a: Tyranitar
|move|p1a: bird in vap|Hydro Pump|p2a: Tyranitar|[miss]
|-miss|p1a: bird in vap|p2a: Tyranitar
|
|-weather|Sandstorm|[upkeep]
|-damage|p1a: bird in vap|94/100|[from] Sandstorm
|upkeep
|turn|26
|
|t:|1776036154
|move|p1a: bird in vap|Hydro Pump|p2a: Tyranitar
|-supereffective|p2a: Tyranitar
|-damage|p2a: Tyranitar|63/100
|move|p2a: Tyranitar|Knock Off|p1a: bird in vap
|-damage|p1a: bird in vap|40/100
|-enditem|p1a: bird in vap|Choice Scarf|[from] move: Knock Off|[of] p2a: Tyranitar
|
|-weather|Sandstorm|[upkeep]
|-damage|p1a: bird in vap|34/100|[from] Sandstorm
|upkeep
|turn|27
|
|t:|1776036161
|move|p1a: bird in vap|Hydro Pump|p2a: Tyranitar
|-supereffective|p2a: Tyranitar
|-damage|p2a: Tyranitar|23/100
|move|p2a: Tyranitar|Knock Off|p1a: bird in vap
|-damage|p1a: bird in vap|0 fnt
|faint|p1a: bird in vap
|
|-weather|Sandstorm|[upkeep]
|upkeep
|
|t:|1776036168
|switch|p1a: digging in vap|Excadrill, M, shiny|100/100
|-ability|p1a: digging in vap|Mold Breaker
|-item|p1a: digging in vap|Air Balloon
|turn|28
|
|t:|1776036173
|move|p1a: digging in vap|Swords Dance|p1a: digging in vap
|-boost|p1a: digging in vap|atk|2
|move|p2a: Tyranitar|Knock Off|p1a: digging in vap
|-damage|p1a: digging in vap|40/100
|-enditem|p1a: digging in vap|Air Balloon
|
|-weather|Sandstorm|[upkeep]
|upkeep
|turn|29
|
|t:|1776036182
|move|p1a: digging in vap|Earthquake|p2a: Tyranitar
|-supereffective|p2a: Tyranitar
|-damage|p2a: Tyranitar|0 fnt
|faint|p2a: Tyranitar
|
|-weather|Sandstorm|[upkeep]
|upkeep
|
|t:|1776036185
|switch|p2a: Excadrill|Excadrill, M|100/100
|-item|p2a: Excadrill|Air Balloon
|turn|30
|
|t:|1776036189
|move|p2a: Excadrill|Earthquake|p1a: digging in vap
|-supereffective|p1a: digging in vap
|-damage|p1a: digging in vap|0 fnt
|faint|p1a: digging in vap
|
|-weather|Sandstorm|[upkeep]
|upkeep
|
|t:|1776036191
|switch|p1a: fish in vap|Barraskewda, M|69/100
|turn|31
|c|☆dummydraedon|gg
|
|t:|1776036196
|-terastallize|p1a: fish in vap|Fighting
|move|p1a: fish in vap|Aqua Jet|p2a: Excadrill
|-supereffective|p2a: Excadrill
|-damage|p2a: Excadrill|17/100
|-enditem|p2a: Excadrill|Air Balloon
|-damage|p1a: fish in vap|59/100|[from] item: Life Orb
|move|p2a: Excadrill|Earthquake|p1a: fish in vap
|-damage|p1a: fish in vap|0 fnt
|faint|p1a: fish in vap
|
|win|looniertunes
|raw|dummydraedon's rating: 1434 &rarr; <strong>1420</strong><br />(-14 for losing)
|raw|looniertunes's rating: 1533 &rarr; <strong>1547</strong><br />(+14 for winning)
|c|☆looniertunes|gg
|l|☆dummydraedon
|player|p1|
|l|☆looniertunes
|player|p2|
