|html|<div class="broadcast-blue"><strong>[Gen 9] OU is currently suspecting Volcarona! For information on how to participate check out the <a href="https://www.smogon.com/tools/suspects/view/208">suspect thread</a>.</strong></div>
|j|☆Makatuk
|j|☆Mrchubber
|t:|1778505931
|gametype|singles
|player|p1|Makatuk|red|1488
|player|p2|Mrchubber|giovanni|1418
|gen|9
|tier|[Gen 9] OU
|rated|
|rule|HP Percentage Mod: HP is shown in percentages
|rule|Endless Battle Clause: Forcing endless battles is banned
|rule|Species Clause: Limit one of each Pokémon
|rule|OHKO Clause: OHKO moves are banned
|rule|Evasion Items Clause: Evasion items are banned
|rule|Evasion Moves Clause: Evasion moves are banned
|rule|Evasion Abilities Clause: Evasion abilities are banned
|rule|Sleep Moves Clause: Sleep-inducing moves are banned
|clearpoke
|poke|p1|Haxorus, M|
|poke|p1|Garganacl, F|
|poke|p1|Hatterene, F|
|poke|p1|Rillaboom, M|
|poke|p1|Raging Bolt|
|poke|p1|Frosmoth, F|
|poke|p2|Dondozo, M|
|poke|p2|Gliscor, F|
|poke|p2|Clodsire, F|
|poke|p2|Blissey, F|
|poke|p2|Sinistcha|
|poke|p2|Torterra, M|
|teampreview
|inactive|Battle timer is ON: inactive players will automatically lose when time's up. (requested by Mrchubber)
|inactive|Makatuk also wants the timer to be on.
|
|t:|1778505940
|teamsize|p1|6
|teamsize|p2|6
|start
|switch|p1a: My Arrival Worm|Rillaboom, M|100/100
|switch|p2a: Gliscor|Gliscor, F|100/100
|-fieldstart|move: Grassy Terrain|[from] ability: Grassy Surge|[of] p1a: My Arrival Worm
|turn|1
|
|t:|1778505948
|switch|p1a: Are You Sure?|Hatterene, F|100/100
|-enditem|p1a: Are You Sure?|Grassy Seed
|-boost|p1a: Are You Sure?|def|1|[from] item: Grassy Seed
|move|p2a: Gliscor|Protect||[still]
|-fail|p2a: Gliscor
|
|-status|p2a: Gliscor|tox|[from] item: Toxic Orb
|upkeep
|turn|2
|
|t:|1778505956
|move|p2a: Gliscor|Knock Off|p1a: Are You Sure?
|-damage|p1a: Are You Sure?|92/100
|move|p1a: Are You Sure?|Calm Mind|p1a: Are You Sure?
|-boost|p1a: Are You Sure?|spa|1
|-boost|p1a: Are You Sure?|spd|1
|
|-heal|p1a: Are You Sure?|98/100|[from] Grassy Terrain
|upkeep
|turn|3
|
|t:|1778505963
|switch|p2a: Blissey|Blissey, F|100/100
|move|p1a: Are You Sure?|Calm Mind|p1a: Are You Sure?
|-boost|p1a: Are You Sure?|spa|1
|-boost|p1a: Are You Sure?|spd|1
|
|-heal|p1a: Are You Sure?|100/100|[from] Grassy Terrain
|upkeep
|turn|4
|
|t:|1778505972
|-terastallize|p2a: Blissey|Dark
|move|p2a: Blissey|Seismic Toss|p1a: Are You Sure?
|-damage|p1a: Are You Sure?|63/100
|move|p1a: Are You Sure?|Calm Mind|p1a: Are You Sure?
|-boost|p1a: Are You Sure?|spa|1
|-boost|p1a: Are You Sure?|spd|1
|
|-heal|p1a: Are You Sure?|69/100|[from] Grassy Terrain
|upkeep
|turn|5
|
|t:|1778505980
|move|p2a: Blissey|Calm Mind|p2a: Blissey
|-boost|p2a: Blissey|spa|1
|-boost|p2a: Blissey|spd|1
|move|p1a: Are You Sure?|Draining Kiss|p2a: Blissey
|-supereffective|p2a: Blissey
|-damage|p2a: Blissey|78/100
|-heal|p1a: Are You Sure?|100/100|[from] drain|[of] p2a: Blissey
|
|-heal|p2a: Blissey|84/100|[from] Grassy Terrain
|-fieldend|move: Grassy Terrain
|upkeep
|turn|6
|
|t:|1778505988
|switch|p1a: My Arrival Worm|Rillaboom, M|100/100
|-fieldstart|move: Grassy Terrain|[from] ability: Grassy Surge|[of] p1a: My Arrival Worm
|move|p2a: Blissey|Calm Mind|p2a: Blissey
|-boost|p2a: Blissey|spa|1
|-boost|p2a: Blissey|spd|1
|
|-heal|p2a: Blissey|90/100|[from] Grassy Terrain
|upkeep
|turn|7
|
|t:|1778505997
|switch|p2a: Torterra|Torterra, M|100/100
|move|p1a: My Arrival Worm|U-turn|p2a: Torterra
|-supereffective|p2a: Torterra
|-damage|p2a: Torterra|70/100
|
|t:|1778506009
|switch|p1a: "Show Me"|Frosmoth, F|100/100|[from] U-turn
|
|-heal|p2a: Torterra|76/100|[from] Grassy Terrain
|-heal|p2a: Torterra|82/100|[from] item: Leftovers
|upkeep
|turn|8
|
|t:|1778506017
|move|p2a: Torterra|Protect|p2a: Torterra
|-singleturn|p2a: Torterra|Protect
|move|p1a: "Show Me"|Icy Wind|p2a: Torterra
|-activate|p2a: Torterra|move: Protect
|
|-heal|p2a: Torterra|88/100|[from] Grassy Terrain
|-heal|p2a: Torterra|94/100|[from] item: Leftovers
|upkeep
|turn|9
|
|t:|1778506032
|switch|p2a: Clodsire|Clodsire, F|100/100
|move|p1a: "Show Me"|Icy Wind|p2a: Clodsire
|-supereffective|p2a: Clodsire
|-damage|p2a: Clodsire|78/100
|-unboost|p2a: Clodsire|spe|1
|
|-heal|p2a: Clodsire|84/100|[from] Grassy Terrain
|upkeep
|turn|10
|
|t:|1778506043
|move|p1a: "Show Me"|Substitute|p1a: "Show Me"
|-start|p1a: "Show Me"|Substitute
|-damage|p1a: "Show Me"|75/100
|move|p2a: Clodsire|Toxic||[still]
|-fail|p2a: Clodsire
|
|-heal|p1a: "Show Me"|82/100|[from] Grassy Terrain
|-heal|p1a: "Show Me"|88/100|[from] item: Leftovers
|-heal|p2a: Clodsire|90/100|[from] Grassy Terrain
|-fieldend|move: Grassy Terrain
|upkeep
|turn|11
|
|t:|1778506051
|move|p1a: "Show Me"|Icy Wind|p2a: Clodsire
|-supereffective|p2a: Clodsire
|-damage|p2a: Clodsire|67/100
|-unboost|p2a: Clodsire|spe|1
|move|p2a: Clodsire|Stealth Rock|p1a: "Show Me"
|-sidestart|p1: Makatuk|move: Stealth Rock
|
|-heal|p1a: "Show Me"|94/100|[from] item: Leftovers
|upkeep
|turn|12
|
|t:|1778506059
|move|p1a: "Show Me"|Icy Wind|p2a: Clodsire
|-supereffective|p2a: Clodsire
|-damage|p2a: Clodsire|40/100
|-unboost|p2a: Clodsire|spe|1
|move|p2a: Clodsire|Amnesia|p2a: Clodsire
|-boost|p2a: Clodsire|spd|2
|
|-heal|p1a: "Show Me"|99/100|[from] item: Leftovers
|upkeep
|turn|13
|
|t:|1778506072
|move|p1a: "Show Me"|Icy Wind|p2a: Clodsire
|-supereffective|p2a: Clodsire
|-damage|p2a: Clodsire|27/100
|-unboost|p2a: Clodsire|spe|1
|move|p2a: Clodsire|Recover|p2a: Clodsire
|-heal|p2a: Clodsire|78/100
|
|-heal|p1a: "Show Me"|100/100|[from] item: Leftovers
|upkeep
|turn|14
|
|t:|1778506080
|move|p1a: "Show Me"|Quiver Dance|p1a: "Show Me"
|-boost|p1a: "Show Me"|spa|1
|-boost|p1a: "Show Me"|spd|1
|-boost|p1a: "Show Me"|spe|1
|move|p2a: Clodsire|Toxic||[still]
|-fail|p2a: Clodsire
|
|upkeep
|turn|15
|
|t:|1778506086
|move|p1a: "Show Me"|Quiver Dance|p1a: "Show Me"
|-boost|p1a: "Show Me"|spa|1
|-boost|p1a: "Show Me"|spd|1
|-boost|p1a: "Show Me"|spe|1
|move|p2a: Clodsire|Amnesia|p2a: Clodsire
|-boost|p2a: Clodsire|spd|2
|
|upkeep
|turn|16
|
|t:|1778506092
|move|p1a: "Show Me"|Quiver Dance|p1a: "Show Me"
|-boost|p1a: "Show Me"|spa|1
|-boost|p1a: "Show Me"|spd|1
|-boost|p1a: "Show Me"|spe|1
|move|p2a: Clodsire|Amnesia|p2a: Clodsire
|-boost|p2a: Clodsire|spd|2
|
|upkeep
|turn|17
|
|t:|1778506101
|move|p1a: "Show Me"|Quiver Dance|p1a: "Show Me"
|-boost|p1a: "Show Me"|spa|1
|-boost|p1a: "Show Me"|spd|1
|-boost|p1a: "Show Me"|spe|1
|move|p2a: Clodsire|Stealth Rock||[still]
|-fail|p2a: Clodsire
|
|upkeep
|turn|18
|
|t:|1778506108
|move|p1a: "Show Me"|Quiver Dance|p1a: "Show Me"
|-boost|p1a: "Show Me"|spa|1
|-boost|p1a: "Show Me"|spd|1
|-boost|p1a: "Show Me"|spe|1
|move|p2a: Clodsire|Stealth Rock||[still]
|-fail|p2a: Clodsire
|
|upkeep
|turn|19
|
|t:|1778506113
|move|p1a: "Show Me"|Quiver Dance|p1a: "Show Me"
|-boost|p1a: "Show Me"|spa|1
|-boost|p1a: "Show Me"|spd|1
|-boost|p1a: "Show Me"|spe|1
|move|p2a: Clodsire|Stealth Rock||[still]
|-fail|p2a: Clodsire
|
|upkeep
|turn|20
|
|t:|1778506121
|move|p1a: "Show Me"|Icy Wind|p2a: Clodsire
|-supereffective|p2a: Clodsire
|-damage|p2a: Clodsire|71/100
|-unboost|p2a: Clodsire|spe|1
|move|p2a: Clodsire|Stealth Rock||[still]
|-fail|p2a: Clodsire
|
|upkeep
|turn|21
|c|☆Makatuk|19 chances at a crit. Lets see
|
|t:|1778506131
|move|p1a: "Show Me"|Icy Wind|p2a: Clodsire
|-supereffective|p2a: Clodsire
|-damage|p2a: Clodsire|64/100
|-unboost|p2a: Clodsire|spe|1
|move|p2a: Clodsire|Stealth Rock||[still]
|-fail|p2a: Clodsire
|
|upkeep
|turn|22
|c|☆Mrchubber|it won't kill
|
|t:|1778506141
|move|p1a: "Show Me"|Icy Wind|p2a: Clodsire
|-supereffective|p2a: Clodsire
|-damage|p2a: Clodsire|57/100
|move|p2a: Clodsire|Stealth Rock||[still]
|-fail|p2a: Clodsire
|
|upkeep
|turn|23
|
|t:|1778506152
|move|p1a: "Show Me"|Icy Wind|p2a: Clodsire
|-supereffective|p2a: Clodsire
|-damage|p2a: Clodsire|50/100
|move|p2a: Clodsire|Recover|p2a: Clodsire
|-heal|p2a: Clodsire|100/100
|
|upkeep
|turn|24
|
|t:|1778506160
|move|p1a: "Show Me"|Quiver Dance|p1a: "Show Me"
|-boost|p1a: "Show Me"|spa|0
|-boost|p1a: "Show Me"|spd|0
|-boost|p1a: "Show Me"|spe|0
|move|p2a: Clodsire|Stealth Rock||[still]
|-fail|p2a: Clodsire
|
|upkeep
|turn|25
|
|t:|1778506166
|move|p1a: "Show Me"|Quiver Dance|p1a: "Show Me"
|-boost|p1a: "Show Me"|spa|0
|-boost|p1a: "Show Me"|spd|0
|-boost|p1a: "Show Me"|spe|0
|move|p2a: Clodsire|Stealth Rock||[still]
|-fail|p2a: Clodsire
|
|upkeep
|turn|26
|c|☆Makatuk|Fair enough. See you in 31 turns then
|
|t:|1778506174
|move|p1a: "Show Me"|Quiver Dance|p1a: "Show Me"
|-boost|p1a: "Show Me"|spa|0
|-boost|p1a: "Show Me"|spd|0
|-boost|p1a: "Show Me"|spe|0
|move|p2a: Clodsire|Amnesia|p2a: Clodsire
|-boost|p2a: Clodsire|spd|0
|
|upkeep
|turn|27
|
|t:|1778506180
|move|p1a: "Show Me"|Quiver Dance|p1a: "Show Me"
|-boost|p1a: "Show Me"|spa|0
|-boost|p1a: "Show Me"|spd|0
|-boost|p1a: "Show Me"|spe|0
|move|p2a: Clodsire|Toxic||[still]
|-fail|p2a: Clodsire
|
|upkeep
|turn|28
|
|t:|1778506186
|move|p1a: "Show Me"|Quiver Dance|p1a: "Show Me"
|-boost|p1a: "Show Me"|spa|0
|-boost|p1a: "Show Me"|spd|0
|-boost|p1a: "Show Me"|spe|0
|move|p2a: Clodsire|Amnesia|p2a: Clodsire
|-boost|p2a: Clodsire|spd|0
|
|upkeep
|turn|29
|
|t:|1778506192
|move|p1a: "Show Me"|Quiver Dance|p1a: "Show Me"
|-boost|p1a: "Show Me"|spa|0
|-boost|p1a: "Show Me"|spd|0
|-boost|p1a: "Show Me"|spe|0
|move|p2a: Clodsire|Amnesia|p2a: Clodsire
|-boost|p2a: Clodsire|spd|0
|
|upkeep
|turn|30
|
|t:|1778506198
|move|p1a: "Show Me"|Quiver Dance|p1a: "Show Me"
|-boost|p1a: "Show Me"|spa|0
|-boost|p1a: "Show Me"|spd|0
|-boost|p1a: "Show Me"|spe|0
|move|p2a: Clodsire|Amnesia|p2a: Clodsire
|-boost|p2a: Clodsire|spd|0
|
|upkeep
|turn|31
|
|t:|1778506205
|move|p1a: "Show Me"|Quiver Dance|p1a: "Show Me"
|-boost|p1a: "Show Me"|spa|0
|-boost|p1a: "Show Me"|spd|0
|-boost|p1a: "Show Me"|spe|0
|move|p2a: Clodsire|Amnesia|p2a: Clodsire
|-boost|p2a: Clodsire|spd|0
|
|upkeep
|turn|32
|
|t:|1778506211
|move|p1a: "Show Me"|Quiver Dance|p1a: "Show Me"
|-boost|p1a: "Show Me"|spa|0
|-boost|p1a: "Show Me"|spd|0
|-boost|p1a: "Show Me"|spe|0
|move|p2a: Clodsire|Stealth Rock||[still]
|-fail|p2a: Clodsire
|
|upkeep
|turn|33
|
|t:|1778506217
|move|p1a: "Show Me"|Quiver Dance|p1a: "Show Me"
|-boost|p1a: "Show Me"|spa|0
|-boost|p1a: "Show Me"|spd|0
|-boost|p1a: "Show Me"|spe|0
|move|p2a: Clodsire|Toxic||[still]
|-fail|p2a: Clodsire
|
|upkeep
|turn|34
|
|t:|1778506224
|move|p1a: "Show Me"|Quiver Dance|p1a: "Show Me"
|-boost|p1a: "Show Me"|spa|0
|-boost|p1a: "Show Me"|spd|0
|-boost|p1a: "Show Me"|spe|0
|move|p2a: Clodsire|Amnesia|p2a: Clodsire
|-boost|p2a: Clodsire|spd|0
|
|upkeep
|turn|35
|
|t:|1778506231
|move|p1a: "Show Me"|Quiver Dance|p1a: "Show Me"
|-boost|p1a: "Show Me"|spa|0
|-boost|p1a: "Show Me"|spd|0
|-boost|p1a: "Show Me"|spe|0
|move|p2a: Clodsire|Amnesia|p2a: Clodsire
|-boost|p2a: Clodsire|spd|0
|
|upkeep
|turn|36
|
|t:|1778506237
|move|p1a: "Show Me"|Quiver Dance|p1a: "Show Me"
|-boost|p1a: "Show Me"|spa|0
|-boost|p1a: "Show Me"|spd|0
|-boost|p1a: "Show Me"|spe|0
|move|p2a: Clodsire|Stealth Rock||[still]
|-fail|p2a: Clodsire
|
|upkeep
|turn|37
|
|t:|1778506242
|move|p1a: "Show Me"|Quiver Dance|p1a: "Show Me"
|-boost|p1a: "Show Me"|spa|0
|-boost|p1a: "Show Me"|spd|0
|-boost|p1a: "Show Me"|spe|0
|move|p2a: Clodsire|Stealth Rock||[still]
|-fail|p2a: Clodsire
|
|upkeep
|turn|38
|
|t:|1778506248
|move|p1a: "Show Me"|Struggle Bug|p2a: Clodsire
|-resisted|p2a: Clodsire
|-damage|p2a: Clodsire|99/100
|-unboost|p2a: Clodsire|spa|1
|move|p2a: Clodsire|Stealth Rock||[still]
|-fail|p2a: Clodsire
|
|upkeep
|turn|39
|
|t:|1778506255
|move|p1a: "Show Me"|Struggle Bug|p2a: Clodsire
|-resisted|p2a: Clodsire
|-damage|p2a: Clodsire|98/100
|-unboost|p2a: Clodsire|spa|1
|move|p2a: Clodsire|Stealth Rock||[still]
|-fail|p2a: Clodsire
|
|upkeep
|turn|40
|
|t:|1778506263
|move|p1a: "Show Me"|Struggle Bug|p2a: Clodsire
|-resisted|p2a: Clodsire
|-damage|p2a: Clodsire|96/100
|-unboost|p2a: Clodsire|spa|1
|move|p2a: Clodsire|Stealth Rock||[still]
|-fail|p2a: Clodsire
|
|upkeep
|turn|41
|
|t:|1778506270
|move|p1a: "Show Me"|Struggle Bug|p2a: Clodsire
|-resisted|p2a: Clodsire
|-damage|p2a: Clodsire|95/100
|-unboost|p2a: Clodsire|spa|1
|move|p2a: Clodsire|Stealth Rock||[still]
|-fail|p2a: Clodsire
|
|upkeep
|turn|42
|
|t:|1778506277
|move|p1a: "Show Me"|Struggle Bug|p2a: Clodsire
|-resisted|p2a: Clodsire
|-damage|p2a: Clodsire|94/100
|-unboost|p2a: Clodsire|spa|1
|move|p2a: Clodsire|Amnesia|p2a: Clodsire
|-boost|p2a: Clodsire|spd|0
|
|upkeep
|turn|43
|
|t:|1778506285
|move|p1a: "Show Me"|Struggle Bug|p2a: Clodsire
|-resisted|p2a: Clodsire
|-damage|p2a: Clodsire|92/100
|-unboost|p2a: Clodsire|spa|1
|move|p2a: Clodsire|Amnesia|p2a: Clodsire
|-boost|p2a: Clodsire|spd|0
|
|upkeep
|turn|44
|
|t:|1778506292
|move|p1a: "Show Me"|Struggle Bug|p2a: Clodsire
|-resisted|p2a: Clodsire
|-damage|p2a: Clodsire|91/100
|move|p2a: Clodsire|Stealth Rock||[still]
|-fail|p2a: Clodsire
|
|upkeep
|turn|45
|
|t:|1778506299
|move|p1a: "Show Me"|Struggle Bug|p2a: Clodsire
|-resisted|p2a: Clodsire
|-damage|p2a: Clodsire|89/100
|move|p2a: Clodsire|Stealth Rock||[still]
|-fail|p2a: Clodsire
|
|upkeep
|turn|46
|
|t:|1778506305
|move|p1a: "Show Me"|Struggle Bug|p2a: Clodsire
|-resisted|p2a: Clodsire
|-damage|p2a: Clodsire|88/100
|move|p2a: Clodsire|Stealth Rock||[still]
|-fail|p2a: Clodsire
|
|upkeep
|turn|47
|
|t:|1778506310
|move|p1a: "Show Me"|Struggle Bug|p2a: Clodsire
|-resisted|p2a: Clodsire
|-damage|p2a: Clodsire|86/100
|move|p2a: Clodsire|Stealth Rock||[still]
|-fail|p2a: Clodsire
|
|upkeep
|turn|48
|
|t:|1778506318
|move|p1a: "Show Me"|Struggle Bug|p2a: Clodsire
|-resisted|p2a: Clodsire
|-damage|p2a: Clodsire|85/100
|move|p2a: Clodsire|Amnesia|p2a: Clodsire
|-boost|p2a: Clodsire|spd|0
|
|upkeep
|turn|49
|
|t:|1778506324
|move|p1a: "Show Me"|Struggle Bug|p2a: Clodsire
|-resisted|p2a: Clodsire
|-damage|p2a: Clodsire|83/100
|move|p2a: Clodsire|Amnesia|p2a: Clodsire
|-boost|p2a: Clodsire|spd|0
|
|upkeep
|turn|50
|
|t:|1778506332
|move|p1a: "Show Me"|Substitute|p1a: "Show Me"
|-fail|p1a: "Show Me"|move: Substitute
|move|p2a: Clodsire|Amnesia|p2a: Clodsire
|-boost|p2a: Clodsire|spd|0
|
|upkeep
|turn|51
|
|t:|1778506341
|move|p1a: "Show Me"|Substitute|p1a: "Show Me"
|-fail|p1a: "Show Me"|move: Substitute
|move|p2a: Clodsire|Amnesia|p2a: Clodsire
|-boost|p2a: Clodsire|spd|0
|
|upkeep
|turn|52
|
|t:|1778506347
|move|p1a: "Show Me"|Substitute|p1a: "Show Me"
|-fail|p1a: "Show Me"|move: Substitute
|move|p2a: Clodsire|Amnesia|p2a: Clodsire
|-boost|p2a: Clodsire|spd|0
|
|upkeep
|turn|53
|
|t:|1778506352
|move|p1a: "Show Me"|Substitute|p1a: "Show Me"
|-fail|p1a: "Show Me"|move: Substitute
|move|p2a: Clodsire|Amnesia|p2a: Clodsire
|-boost|p2a: Clodsire|spd|0
|
|upkeep
|turn|54
|
|t:|1778506358
|move|p1a: "Show Me"|Substitute|p1a: "Show Me"
|-fail|p1a: "Show Me"|move: Substitute
|move|p2a: Clodsire|Stealth Rock||[still]
|-fail|p2a: Clodsire
|
|upkeep
|turn|55
|
|t:|1778506362
|move|p1a: "Show Me"|Substitute|p1a: "Show Me"
|-fail|p1a: "Show Me"|move: Substitute
|move|p2a: Clodsire|Amnesia|p2a: Clodsire
|-boost|p2a: Clodsire|spd|0
|
|upkeep
|turn|56
|
|t:|1778506368
|move|p1a: "Show Me"|Substitute|p1a: "Show Me"
|-fail|p1a: "Show Me"|move: Substitute
|move|p2a: Clodsire|Amnesia|p2a: Clodsire
|-boost|p2a: Clodsire|spd|0
|
|upkeep
|turn|57
|
|t:|1778506373
|move|p1a: "Show Me"|Substitute|p1a: "Show Me"
|-fail|p1a: "Show Me"|move: Substitute
|move|p2a: Clodsire|Stealth Rock||[still]
|-fail|p2a: Clodsire
|
|upkeep
|turn|58
|
|t:|1778506378
|move|p1a: "Show Me"|Substitute|p1a: "Show Me"
|-fail|p1a: "Show Me"|move: Substitute
|move|p2a: Clodsire|Amnesia|p2a: Clodsire
|-boost|p2a: Clodsire|spd|0
|
|upkeep
|turn|59
|
|t:|1778506383
|move|p1a: "Show Me"|Substitute|p1a: "Show Me"
|-fail|p1a: "Show Me"|move: Substitute
|move|p2a: Clodsire|Stealth Rock||[still]
|-fail|p2a: Clodsire
|
|upkeep
|turn|60
|
|t:|1778506388
|switch|p2a: Blissey|Blissey, F, tera:Dark|90/100
|move|p1a: "Show Me"|Substitute|p1a: "Show Me"
|-fail|p1a: "Show Me"|move: Substitute
|
|upkeep
|turn|61
|
|t:|1778506392
|move|p1a: "Show Me"|Struggle Bug|p2a: Blissey
|-supereffective|p2a: Blissey
|-damage|p2a: Blissey|36/100
|-unboost|p2a: Blissey|spa|1
|move|p2a: Blissey|Calm Mind|p2a: Blissey
|-boost|p2a: Blissey|spa|1
|-boost|p2a: Blissey|spd|1
|
|upkeep
|turn|62
|
|t:|1778506400
|move|p1a: "Show Me"|Struggle Bug|p2a: Blissey
|-supereffective|p2a: Blissey
|-damage|p2a: Blissey|3/100
|-unboost|p2a: Blissey|spa|1
|move|p2a: Blissey|Soft-Boiled|p2a: Blissey
|-heal|p2a: Blissey|53/100
|
|upkeep
|turn|63
|
|t:|1778506407
|move|p1a: "Show Me"|Struggle Bug|p2a: Blissey
|-supereffective|p2a: Blissey
|-damage|p2a: Blissey|18/100
|-unboost|p2a: Blissey|spa|1
|move|p2a: Blissey|Calm Mind|p2a: Blissey
|-boost|p2a: Blissey|spa|1
|-boost|p2a: Blissey|spd|1
|
|upkeep
|turn|64
|
|t:|1778506413
|move|p1a: "Show Me"|Struggle Bug|p2a: Blissey
|-supereffective|p2a: Blissey
|-damage|p2a: Blissey|0 fnt
|faint|p2a: Blissey
|
|upkeep
|-message|Mrchubber forfeited.
|
|win|Makatuk
|raw|Makatuk's rating: 1488 &rarr; <strong>1504</strong><br />(+16 for winning)
|raw|Mrchubber's rating: 1418 &rarr; <strong>1402</strong><br />(-16 for losing)
|l|☆Mrchubber
|player|p2|
|l|☆Makatuk
|player|p1|
