|html|<div class="broadcast-blue"><strong>[Gen 9] OU is currently suspecting Tera Blast! For information on how to participate check out the <a href="https://www.smogon.com/tools/suspects/view/200">suspect thread</a>.</strong></div>
|j|☆De_owner
|j|☆greynolabar
|t:|1776085490
|gametype|singles
|player|p1|De_owner|caitlin|1250
|player|p2|greynolabar|brock|1271
|gen|9
|tier|[Gen 9] OU
|rated|
|rule|HP Percentage Mod: HP is shown in percentages
|rule|Endless Battle Clause: Forcing endless battles is banned
|rule|Species Clause: Limit one of each Pokémon
|rule|OHKO Clause: OHKO moves are banned
|rule|Evasion Items Clause: Evasion items are banned
|rule|Evasion Moves Clause: Evasion moves are banned
|rule|Evasion Abilities Clause: Evasion abilities are banned
|rule|Sleep Moves Clause: Sleep-inducing moves are banned
|clearpoke
|poke|p1|Dondozo, M|
|poke|p1|Corviknight, F|
|poke|p1|Weezing-Galar, F|
|poke|p1|Gliscor, M|
|poke|p1|Toxapex, F|
|poke|p1|Grimmsnarl, M|
|poke|p2|Skeledirge, M|
|poke|p2|Serperior, F|
|poke|p2|Azumarill, F|
|poke|p2|Ditto|
|poke|p2|Malamar, F|
|poke|p2|Skarmory, M|
|teampreview
|inactive|Battle timer is ON: inactive players will automatically lose when time's up. (requested by greynolabar)
|
|t:|1776085494
|teamsize|p1|6
|teamsize|p2|6
|start
|switch|p1a: Grimmsnarl|Grimmsnarl, M|100/100
|switch|p2a: Serperior|Serperior, F|100/100
|turn|1
|
|t:|1776085502
|move|p1a: Grimmsnarl|Light Screen|p1a: Grimmsnarl
|-sidestart|p1: De_owner|move: Light Screen
|move|p2a: Serperior|Leaf Storm|p1a: Grimmsnarl
|-damage|p1a: Grimmsnarl|83/100
|-boost|p2a: Serperior|spa|2
|
|upkeep
|turn|2
|
|t:|1776085507
|move|p1a: Grimmsnarl|Parting Shot|p2a: Serperior
|-boost|p2a: Serperior|atk|1
|-boost|p2a: Serperior|spa|1
|
|t:|1776085514
|switch|p1a: Toxapex|Toxapex, F|100/100|[from] Parting Shot
|move|p2a: Serperior|Leaf Storm|p1a: Toxapex
|-damage|p1a: Toxapex|62/100
|-boost|p2a: Serperior|spa|2
|
|-heal|p1a: Toxapex|68/100|[from] item: Leftovers
|upkeep
|turn|3
|
|t:|1776085526
|move|p1a: Toxapex|Baneful Bunker|p1a: Toxapex
|-singleturn|p1a: Toxapex|move: Protect
|move|p2a: Serperior|Leaf Storm|p1a: Toxapex
|-activate|p1a: Toxapex|move: Protect
|
|-heal|p1a: Toxapex|74/100|[from] item: Leftovers
|upkeep
|turn|4
|
|t:|1776085537
|move|p2a: Serperior|Leaf Storm|p1a: Toxapex
|-damage|p1a: Toxapex|14/100
|-boost|p2a: Serperior|spa|1
|move|p1a: Toxapex|Haze|p1a: Toxapex
|-clearallboost
|
|-heal|p1a: Toxapex|20/100|[from] item: Leftovers
|upkeep
|turn|5
|
|t:|1776085547
|move|p1a: Toxapex|Baneful Bunker|p1a: Toxapex
|-singleturn|p1a: Toxapex|move: Protect
|move|p2a: Serperior|Light Screen|p2a: Serperior
|-sidestart|p2: greynolabar|move: Light Screen
|
|-heal|p1a: Toxapex|26/100|[from] item: Leftovers
|upkeep
|turn|6
|
|t:|1776085553
|move|p2a: Serperior|Leaf Storm|p1a: Toxapex
|-damage|p1a: Toxapex|10/100
|-boost|p2a: Serperior|spa|2
|move|p1a: Toxapex|Toxic|p2a: Serperior
|-status|p2a: Serperior|tox
|
|-heal|p1a: Toxapex|17/100|[from] item: Leftovers
|-damage|p2a: Serperior|94/100 tox|[from] psn
|upkeep
|turn|7
|
|t:|1776085564
|move|p1a: Toxapex|Baneful Bunker|p1a: Toxapex
|-singleturn|p1a: Toxapex|move: Protect
|move|p2a: Serperior|Reflect|p2a: Serperior
|-sidestart|p2: greynolabar|Reflect
|
|-heal|p1a: Toxapex|23/100|[from] item: Leftovers
|-damage|p2a: Serperior|82/100 tox|[from] psn
|upkeep
|turn|8
|
|t:|1776085571
|move|p2a: Serperior|Leaf Storm|p1a: Toxapex
|-damage|p1a: Toxapex|0 fnt
|-boost|p2a: Serperior|spa|2
|faint|p1a: Toxapex
|
|-damage|p2a: Serperior|64/100 tox|[from] psn
|-sideend|p1: De_owner|move: Light Screen
|upkeep
|
|t:|1776085578
|switch|p1a: Grimmsnarl|Grimmsnarl, M|83/100
|turn|9
|
|t:|1776085585
|move|p1a: Grimmsnarl|Light Screen|p1a: Grimmsnarl
|-sidestart|p1: De_owner|move: Light Screen
|move|p2a: Serperior|Leaf Storm|p1a: Grimmsnarl
|-damage|p1a: Grimmsnarl|25/100
|-boost|p2a: Serperior|spa|2
|
|-damage|p2a: Serperior|39/100 tox|[from] psn
|upkeep
|turn|10
|
|t:|1776085602
|move|p1a: Grimmsnarl|Reflect|p1a: Grimmsnarl
|-sidestart|p1: De_owner|Reflect
|move|p2a: Serperior|Leaf Storm|p1a: Grimmsnarl
|-damage|p1a: Grimmsnarl|0 fnt
|faint|p1a: Grimmsnarl
|
|-damage|p2a: Serperior|8/100 tox|[from] psn
|upkeep
|
|t:|1776085609
|switch|p1a: Gliscor|Gliscor, M|100/100
|turn|11
|
|t:|1776085616
|move|p1a: Gliscor|Protect|p1a: Gliscor
|-singleturn|p1a: Gliscor|Protect
|move|p2a: Serperior|Glare|p1a: Gliscor
|-activate|p1a: Gliscor|move: Protect
|
|-damage|p2a: Serperior|0 fnt|[from] psn
|faint|p2a: Serperior
|-status|p1a: Gliscor|tox|[from] item: Toxic Orb
|upkeep
|
|t:|1776085643
|switch|p2a: Ursula|Malamar, F|100/100
|turn|12
|
|t:|1776085650
|move|p1a: Gliscor|Knock Off|p2a: Ursula
|-damage|p2a: Ursula|91/100
|-enditem|p2a: Ursula|Leftovers|[from] move: Knock Off|[of] p1a: Gliscor
|move|p2a: Ursula|Superpower|p1a: Gliscor
|-resisted|p1a: Gliscor
|-damage|p1a: Gliscor|95/100 tox
|-boost|p2a: Ursula|atk|1
|-boost|p2a: Ursula|def|1
|
|-heal|p1a: Gliscor|100/100 tox|[from] ability: Poison Heal
|-sideend|p2: greynolabar|move: Light Screen
|upkeep
|turn|13
|
|t:|1776085668
|switch|p1a: Dondozo|Dondozo, M|100/100
|move|p2a: Ursula|Superpower|p1a: Dondozo
|-damage|p1a: Dondozo|95/100
|-boost|p2a: Ursula|atk|1
|-boost|p2a: Ursula|def|1
|
|-heal|p1a: Dondozo|100/100|[from] item: Leftovers
|upkeep
|turn|14
|
|t:|1776085677
|move|p2a: Ursula|Knock Off|p1a: Dondozo
|-damage|p1a: Dondozo|94/100
|-enditem|p1a: Dondozo|Leftovers|[from] move: Knock Off|[of] p2a: Ursula
|move|p1a: Dondozo|Body Press|p2a: Ursula
|-damage|p2a: Ursula|77/100
|
|-sideend|p2: greynolabar|Reflect
|upkeep
|turn|15
|
|t:|1776085691
|switch|p2a: Azumarill|Azumarill, F|100/100
|move|p1a: Dondozo|Body Press|p2a: Azumarill
|-resisted|p2a: Azumarill
|-damage|p2a: Azumarill|83/100
|
|upkeep
|turn|16
|
|t:|1776085700
|move|p2a: Azumarill|Trailblaze|p1a: Dondozo
|-supereffective|p1a: Dondozo
|-damage|p1a: Dondozo|84/100
|-boost|p2a: Azumarill|spe|1
|move|p1a: Dondozo|Body Press|p2a: Azumarill
|-resisted|p2a: Azumarill
|-damage|p2a: Azumarill|65/100
|
|-sideend|p1: De_owner|move: Light Screen
|upkeep
|turn|17
|
|t:|1776085716
|move|p2a: Azumarill|Trailblaze|p1a: Dondozo
|-supereffective|p1a: Dondozo
|-damage|p1a: Dondozo|76/100
|-boost|p2a: Azumarill|spe|1
|move|p1a: Dondozo|Avalanche|p2a: Azumarill
|-resisted|p2a: Azumarill
|-damage|p2a: Azumarill|49/100
|-enditem|p2a: Azumarill|Sitrus Berry|[eat]
|-heal|p2a: Azumarill|74/100|[from] item: Sitrus Berry
|
|-sideend|p1: De_owner|Reflect
|upkeep
|turn|18
|
|t:|1776085735
|-terastallize|p2a: Azumarill|Grass
|move|p2a: Azumarill|Trailblaze|p1a: Dondozo
|-supereffective|p1a: Dondozo
|-damage|p1a: Dondozo|42/100
|-boost|p2a: Azumarill|spe|1
|move|p1a: Dondozo|Body Press|p2a: Azumarill
|-damage|p2a: Azumarill|40/100
|
|upkeep
|turn|19
|
|t:|1776085743
|move|p2a: Azumarill|Trailblaze|p1a: Dondozo
|-supereffective|p1a: Dondozo
|-damage|p1a: Dondozo|6/100
|-boost|p2a: Azumarill|spe|1
|move|p1a: Dondozo|Rest|p1a: Dondozo
|-status|p1a: Dondozo|slp|[from] move: Rest
|-heal|p1a: Dondozo|100/100 slp|[silent]
|
|upkeep
|turn|20
|
|t:|1776085751
|move|p2a: Azumarill|Trailblaze|p1a: Dondozo
|-supereffective|p1a: Dondozo
|-damage|p1a: Dondozo|68/100 slp
|-boost|p2a: Azumarill|spe|1
|cant|p1a: Dondozo|slp
|move|p1a: Dondozo|Sleep Talk|p1a: Dondozo
|move|p1a: Dondozo|Avalanche|p2a: Azumarill|[from] move: Sleep Talk
|-supereffective|p2a: Azumarill
|-damage|p2a: Azumarill|0 fnt
|faint|p2a: Azumarill
|
|upkeep
|
|t:|1776085766
|switch|p2a: Skeledirge|Skeledirge, M|100/100
|turn|21
|
|t:|1776085776
|move|p2a: Skeledirge|Shadow Ball|p1a: Dondozo
|-damage|p1a: Dondozo|32/100 slp
|cant|p1a: Dondozo|slp
|move|p1a: Dondozo|Sleep Talk|p1a: Dondozo
|move|p1a: Dondozo|Avalanche|p2a: Skeledirge|[from] move: Sleep Talk
|-resisted|p2a: Skeledirge
|-damage|p2a: Skeledirge|88/100
|
|-heal|p2a: Skeledirge|94/100|[from] item: Leftovers
|upkeep
|turn|22
|
|t:|1776085785
|move|p2a: Skeledirge|Shadow Ball|p1a: Dondozo
|-damage|p1a: Dondozo|0 fnt
|faint|p1a: Dondozo
|
|-heal|p2a: Skeledirge|100/100|[from] item: Leftovers
|upkeep
|
|t:|1776085788
|switch|p1a: Gliscor|Gliscor, M|100/100 tox
|turn|23
|
|t:|1776085796
|switch|p2a: Skarmory|Skarmory, M|100/100
|move|p1a: Gliscor|Earthquake|p2a: Skarmory
|-immune|p2a: Skarmory
|
|upkeep
|turn|24
|
|t:|1776085807
|move|p1a: Gliscor|Knock Off|p2a: Skarmory
|-damage|p2a: Skarmory|85/100
|-damage|p1a: Gliscor|84/100 tox|[from] item: Rocky Helmet|[of] p2a: Skarmory
|-enditem|p2a: Skarmory|Rocky Helmet|[from] move: Knock Off|[of] p1a: Gliscor
|move|p2a: Skarmory|Iron Defense|p2a: Skarmory
|-boost|p2a: Skarmory|def|2
|
|-heal|p1a: Gliscor|97/100 tox|[from] ability: Poison Heal
|upkeep
|turn|25
|
|t:|1776085816
|switch|p1a: Weezing|Weezing-Galar, F|100/100
|-ability|p1a: Weezing|Neutralizing Gas
|move|p2a: Skarmory|Iron Defense|p2a: Skarmory
|-boost|p2a: Skarmory|def|2
|
|upkeep
|turn|26
|
|t:|1776085827
|move|p2a: Skarmory|Body Press|p1a: Weezing
|-resisted|p1a: Weezing
|-damage|p1a: Weezing|87/100
|move|p1a: Weezing|Will-O-Wisp|p2a: Skarmory
|-status|p2a: Skarmory|brn
|
|-damage|p2a: Skarmory|79/100 brn|[from] brn
|upkeep
|turn|27
|
|t:|1776085839
|switch|p2a: Ditto|Ditto|100/100
|move|p1a: Weezing|Defog|p2a: Ditto
|-unboost|p2a: Ditto|evasion|1
|
|upkeep
|turn|28
|
|t:|1776085860
|switch|p2a: Skarmory|Skarmory, M|79/100 brn
|move|p1a: Weezing|Will-O-Wisp|p2a: Skarmory
|-fail|p2a: Skarmory|brn
|
|-damage|p2a: Skarmory|73/100 brn|[from] brn
|upkeep
|turn|29
|
|t:|1776085869
|move|p2a: Skarmory|Iron Defense|p2a: Skarmory
|-boost|p2a: Skarmory|def|2
|move|p1a: Weezing|Defog|p2a: Skarmory
|-unboost|p2a: Skarmory|evasion|1
|
|-damage|p2a: Skarmory|67/100 brn|[from] brn
|upkeep
|turn|30
|
|t:|1776085879
|move|p2a: Skarmory|Iron Defense|p2a: Skarmory
|-boost|p2a: Skarmory|def|2
|move|p1a: Weezing|Defog|p2a: Skarmory
|-unboost|p2a: Skarmory|evasion|1
|
|-damage|p2a: Skarmory|60/100 brn|[from] brn
|upkeep
|turn|31
|
|t:|1776085887
|switch|p2a: Ursula|Malamar, F|77/100
|move|p1a: Weezing|Defog|p2a: Ursula
|-unboost|p2a: Ursula|evasion|1
|
|upkeep
|turn|32
|
|t:|1776085895
|switch|p2a: Skeledirge|Skeledirge, M|100/100
|move|p1a: Weezing|Will-O-Wisp|p2a: Skeledirge
|-immune|p2a: Skeledirge
|
|upkeep
|turn|33
|
|t:|1776085905
|move|p2a: Skeledirge|Earth Power|p1a: Weezing
|-supereffective|p1a: Weezing
|-damage|p1a: Weezing|8/100
|move|p1a: Weezing|Pain Split|p2a: Skeledirge
|-sethp|p2a: Skeledirge|54/100|[from] move: Pain Split|[silent]
|-sethp|p1a: Weezing|62/100|[from] move: Pain Split
|
|-heal|p2a: Skeledirge|60/100|[from] item: Leftovers
|upkeep
|turn|34
|
|t:|1776085916
|-end|p1a: Weezing|ability: Neutralizing Gas
|switch|p1a: Gliscor|Gliscor, M|97/100 tox
|move|p2a: Skeledirge|Slack Off|p2a: Skeledirge
|-heal|p2a: Skeledirge|100/100
|
|-heal|p1a: Gliscor|100/100 tox|[from] ability: Poison Heal
|upkeep
|turn|35
|
|t:|1776085925
|switch|p2a: Skarmory|Skarmory, M|60/100 brn
|move|p1a: Gliscor|Earthquake|p2a: Skarmory
|-immune|p2a: Skarmory
|
|-damage|p2a: Skarmory|54/100 brn|[from] brn
|upkeep
|turn|36
|
|t:|1776085931
|switch|p1a: Corviknight|Corviknight, F, shiny|100/100
|-ability|p1a: Corviknight|Pressure
|move|p2a: Skarmory|Roost|p2a: Skarmory
|-heal|p2a: Skarmory|100/100 brn
|-singleturn|p2a: Skarmory|move: Roost
|
|-damage|p2a: Skarmory|94/100 brn|[from] brn
|upkeep
|turn|37
|
|t:|1776085941
|move|p2a: Skarmory|Iron Defense|p2a: Skarmory
|-boost|p2a: Skarmory|def|2
|move|p1a: Corviknight|Iron Defense|p1a: Corviknight
|-boost|p1a: Corviknight|def|2
|
|-damage|p2a: Skarmory|88/100 brn|[from] brn
|upkeep
|turn|38
|
|t:|1776085949
|move|p2a: Skarmory|Substitute|p2a: Skarmory
|-start|p2a: Skarmory|Substitute
|-damage|p2a: Skarmory|63/100 brn
|move|p1a: Corviknight|Iron Defense|p1a: Corviknight
|-boost|p1a: Corviknight|def|2
|
|-damage|p2a: Skarmory|57/100 brn|[from] brn
|upkeep
|turn|39
|
|t:|1776085958
|move|p2a: Skarmory|Iron Defense|p2a: Skarmory
|-boost|p2a: Skarmory|def|2
|move|p1a: Corviknight|Body Press|p2a: Skarmory
|-activate|p2a: Skarmory|move: Substitute|[damage]
|
|-damage|p2a: Skarmory|51/100 brn|[from] brn
|upkeep
|turn|40
|
|t:|1776085965
|move|p2a: Skarmory|Roost|p2a: Skarmory
|-heal|p2a: Skarmory|100/100 brn
|-singleturn|p2a: Skarmory|move: Roost
|move|p1a: Corviknight|Body Press|p2a: Skarmory
|-supereffective|p2a: Skarmory
|-end|p2a: Skarmory|Substitute
|
|-damage|p2a: Skarmory|94/100 brn|[from] brn
|upkeep
|turn|41
|
|t:|1776085975
|move|p2a: Skarmory|Substitute|p2a: Skarmory
|-start|p2a: Skarmory|Substitute
|-damage|p2a: Skarmory|69/100 brn
|move|p1a: Corviknight|Iron Defense|p1a: Corviknight
|-boost|p1a: Corviknight|def|2
|
|-damage|p2a: Skarmory|63/100 brn|[from] brn
|upkeep
|turn|42
|
|t:|1776085982
|move|p2a: Skarmory|Body Press|p1a: Corviknight
|-damage|p1a: Corviknight|95/100
|move|p1a: Corviknight|Body Press|p2a: Skarmory
|-end|p2a: Skarmory|Substitute
|
|-heal|p1a: Corviknight|100/100|[from] item: Leftovers
|-damage|p2a: Skarmory|57/100 brn|[from] brn
|upkeep
|turn|43
|
|t:|1776085992
|switch|p2a: Ditto|Ditto|100/100
|-transform|p2a: Ditto|p1a: Corviknight|[from] ability: Imposter
|-ability|p2a: Ditto|Pressure
|move|p1a: Corviknight|Body Press|p2a: Ditto
|-damage|p2a: Ditto|80/100
|
|upkeep
|turn|44
|
|t:|1776086016
|-terastallize|p1a: Corviknight|Fighting
|move|p2a: Ditto|Body Press|p1a: Corviknight
|-damage|p1a: Corviknight|84/100
|move|p1a: Corviknight|Body Press|p2a: Ditto
|-damage|p2a: Ditto|48/100
|
|-heal|p1a: Corviknight|91/100|[from] item: Leftovers
|upkeep
|turn|45
|inactive|greynolabar has 120 seconds left.
|
|t:|1776086044
|switch|p2a: Skeledirge|Skeledirge, M|100/100
|move|p1a: Corviknight|Defog|p2a: Skeledirge
|-unboost|p2a: Skeledirge|evasion|1
|
|-heal|p1a: Corviknight|97/100|[from] item: Leftovers
|upkeep
|turn|46
|inactive|greynolabar has 120 seconds left.
|
|t:|1776086051
|switch|p1a: Gliscor|Gliscor, M|100/100 tox
|move|p2a: Skeledirge|Torch Song|p1a: Gliscor
|-damage|p1a: Gliscor|69/100 tox
|-boost|p2a: Skeledirge|spa|1
|
|-heal|p1a: Gliscor|81/100 tox|[from] ability: Poison Heal
|upkeep
|turn|47
|inactive|greynolabar has 120 seconds left.
|
|t:|1776086072
|switch|p2a: Skarmory|Skarmory, M|57/100 brn
|move|p1a: Gliscor|Earthquake|p2a: Skarmory
|-immune|p2a: Skarmory
|
|-heal|p1a: Gliscor|94/100 tox|[from] ability: Poison Heal
|-damage|p2a: Skarmory|51/100 brn|[from] brn
|upkeep
|turn|48
|
|t:|1776086084
|switch|p1a: Corviknight|Corviknight, F, shiny, tera:Fighting|97/100
|-ability|p1a: Corviknight|Pressure
|move|p2a: Skarmory|Roost|p2a: Skarmory
|-heal|p2a: Skarmory|100/100 brn
|-singleturn|p2a: Skarmory|move: Roost
|
|-heal|p1a: Corviknight|100/100|[from] item: Leftovers
|-damage|p2a: Skarmory|94/100 brn|[from] brn
|upkeep
|turn|49
|inactive|greynolabar has 120 seconds left.
|
|t:|1776086097
|switch|p2a: Ditto|Ditto|48/100
|-transform|p2a: Ditto|p1a: Corviknight|[from] ability: Imposter
|-ability|p2a: Ditto|Pressure
|move|p1a: Corviknight|Iron Defense|p1a: Corviknight
|-boost|p1a: Corviknight|def|2
|
|upkeep
|turn|50
|inactive|greynolabar has 120 seconds left.
|
|t:|1776086105
|move|p2a: Ditto|Roost|p2a: Ditto
|-heal|p2a: Ditto|98/100
|-singleturn|p2a: Ditto|move: Roost
|move|p1a: Corviknight|Iron Defense|p1a: Corviknight
|-boost|p1a: Corviknight|def|2
|
|upkeep
|turn|51
|inactive|greynolabar has 120 seconds left.
|
|t:|1776086124
|switch|p2a: Skeledirge|Skeledirge, M|100/100
|move|p1a: Corviknight|Iron Defense|p1a: Corviknight
|-boost|p1a: Corviknight|def|2
|
|upkeep
|turn|52
|inactive|greynolabar has 120 seconds left.
|
|t:|1776086135
|move|p1a: Corviknight|Defog|p2a: Skeledirge
|-unboost|p2a: Skeledirge|evasion|1
|move|p2a: Skeledirge|Shadow Ball|p1a: Corviknight
|-damage|p1a: Corviknight|61/100
|
|-heal|p1a: Corviknight|67/100|[from] item: Leftovers
|upkeep
|turn|53
|inactive|greynolabar has 120 seconds left.
|
|t:|1776086144
|move|p1a: Corviknight|Roost|p1a: Corviknight
|-heal|p1a: Corviknight|100/100
|move|p2a: Skeledirge|Torch Song|p1a: Corviknight
|-damage|p1a: Corviknight|64/100
|-boost|p2a: Skeledirge|spa|1
|
|-heal|p1a: Corviknight|70/100|[from] item: Leftovers
|upkeep
|turn|54
|
|t:|1776086152
|move|p1a: Corviknight|Defog|p2a: Skeledirge
|-unboost|p2a: Skeledirge|evasion|1
|move|p2a: Skeledirge|Shadow Ball|p1a: Corviknight
|-damage|p1a: Corviknight|7/100
|-unboost|p1a: Corviknight|spd|1
|
|-heal|p1a: Corviknight|13/100|[from] item: Leftovers
|upkeep
|turn|55
|
|t:|1776086162
|move|p1a: Corviknight|Roost|p1a: Corviknight
|-heal|p1a: Corviknight|63/100
|move|p2a: Skeledirge|Shadow Ball|p1a: Corviknight
|-damage|p1a: Corviknight|1/100
|-unboost|p1a: Corviknight|spd|1
|
|-heal|p1a: Corviknight|7/100|[from] item: Leftovers
|upkeep
|turn|56
|
|t:|1776086170
|move|p1a: Corviknight|Roost|p1a: Corviknight
|-heal|p1a: Corviknight|57/100
|move|p2a: Skeledirge|Shadow Ball|p1a: Corviknight
|-damage|p1a: Corviknight|0 fnt
|faint|p1a: Corviknight
|
|upkeep
|
|t:|1776086178
|switch|p1a: Gliscor|Gliscor, M|94/100 tox
|turn|57
|
|t:|1776086182
|switch|p2a: Skarmory|Skarmory, M|94/100 brn
|move|p1a: Gliscor|Earthquake|p2a: Skarmory
|-immune|p2a: Skarmory
|
|-heal|p1a: Gliscor|100/100 tox|[from] ability: Poison Heal
|-damage|p2a: Skarmory|88/100 brn|[from] brn
|upkeep
|turn|58
|
|t:|1776086193
|move|p1a: Gliscor|Knock Off|p2a: Skarmory
|-damage|p2a: Skarmory|77/100 brn
|move|p2a: Skarmory|Iron Defense|p2a: Skarmory
|-boost|p2a: Skarmory|def|2
|
|-damage|p2a: Skarmory|70/100 brn|[from] brn
|upkeep
|turn|59
|
|t:|1776086199
|switch|p1a: Weezing|Weezing-Galar, F|62/100
|-ability|p1a: Weezing|Neutralizing Gas
|move|p2a: Skarmory|Iron Defense|p2a: Skarmory
|-boost|p2a: Skarmory|def|2
|
|-damage|p2a: Skarmory|64/100 brn|[from] brn
|upkeep
|turn|60
|
|t:|1776086207
|move|p2a: Skarmory|Body Press|p1a: Weezing
|-resisted|p1a: Weezing
|-damage|p1a: Weezing|56/100
|move|p1a: Weezing|Toxic Spikes|p2a: Skarmory
|-sidestart|p2: greynolabar|move: Toxic Spikes
|
|-damage|p2a: Skarmory|58/100 brn|[from] brn
|upkeep
|turn|61
|
|t:|1776086218
|move|p2a: Skarmory|Roost|p2a: Skarmory
|-heal|p2a: Skarmory|100/100 brn
|-singleturn|p2a: Skarmory|move: Roost
|move|p1a: Weezing|Toxic Spikes|p2a: Skarmory
|-sidestart|p2: greynolabar|move: Toxic Spikes
|
|-damage|p2a: Skarmory|94/100 brn|[from] brn
|upkeep
|turn|62
|
|t:|1776086236
|switch|p2a: Ditto|Ditto|98/100
|-status|p2a: Ditto|tox
|move|p1a: Weezing|Pain Split|p2a: Ditto
|-sethp|p2a: Ditto|80/100 tox|[from] move: Pain Split|[silent]
|-sethp|p1a: Weezing|72/100|[from] move: Pain Split
|
|-damage|p2a: Ditto|74/100 tox|[from] psn
|upkeep
|turn|63
|inactive|greynolabar has 120 seconds left.
|
|t:|1776086265
|switch|p2a: Skeledirge|Skeledirge, M|100/100
|-status|p2a: Skeledirge|tox
|move|p1a: Weezing|Defog|p2a: Skeledirge
|-unboost|p2a: Skeledirge|evasion|1
|-sideend|p2: greynolabar|Toxic Spikes|[from] move: Defog|[of] p1a: Weezing
|
|-damage|p2a: Skeledirge|94/100 tox|[from] psn
|upkeep
|turn|64
|inactive|greynolabar has 120 seconds left.
|
|t:|1776086286
|move|p2a: Skeledirge|Earth Power|p1a: Weezing
|-supereffective|p1a: Weezing
|-damage|p1a: Weezing|0 fnt
|faint|p1a: Weezing
|-end|p1a: Weezing|ability: Neutralizing Gas
|
|-heal|p2a: Skeledirge|100/100 tox|[from] item: Leftovers
|-damage|p2a: Skeledirge|88/100 tox|[from] psn
|upkeep
|
|t:|1776086299
|switch|p1a: Gliscor|Gliscor, M|100/100 tox
|turn|65
|inactive|De_owner has 120 seconds left.
|
|t:|1776086317
|switch|p2a: Skarmory|Skarmory, M|94/100 brn
|move|p1a: Gliscor|Knock Off|p2a: Skarmory
|-damage|p2a: Skarmory|84/100 brn
|
|-damage|p2a: Skarmory|78/100 brn|[from] brn
|upkeep
|turn|66
|
|t:|1776086336
|move|p1a: Gliscor|Spikes|p2a: Skarmory
|-sidestart|p2: greynolabar|Spikes
|move|p2a: Skarmory|Iron Defense|p2a: Skarmory
|-boost|p2a: Skarmory|def|2
|
|-damage|p2a: Skarmory|71/100 brn|[from] brn
|upkeep
|turn|67
|
|t:|1776086343
|move|p1a: Gliscor|Spikes|p2a: Skarmory
|-sidestart|p2: greynolabar|Spikes
|move|p2a: Skarmory|Iron Defense|p2a: Skarmory
|-boost|p2a: Skarmory|def|2
|
|-damage|p2a: Skarmory|65/100 brn|[from] brn
|upkeep
|turn|68
|
|t:|1776086349
|move|p1a: Gliscor|Spikes|p2a: Skarmory
|-sidestart|p2: greynolabar|Spikes
|move|p2a: Skarmory|Substitute|p2a: Skarmory
|-start|p2a: Skarmory|Substitute
|-damage|p2a: Skarmory|40/100 brn
|
|-damage|p2a: Skarmory|34/100 brn|[from] brn
|upkeep
|turn|69
|
|t:|1776086355
|move|p1a: Gliscor|Knock Off|p2a: Skarmory
|-activate|p2a: Skarmory|move: Substitute|[damage]
|move|p2a: Skarmory|Roost|p2a: Skarmory
|-heal|p2a: Skarmory|84/100 brn
|-singleturn|p2a: Skarmory|move: Roost
|
|-damage|p2a: Skarmory|78/100 brn|[from] brn
|upkeep
|turn|70
|
|t:|1776086364
|move|p1a: Gliscor|Knock Off|p2a: Skarmory
|-activate|p2a: Skarmory|move: Substitute|[damage]
|move|p2a: Skarmory|Iron Defense|p2a: Skarmory
|-boost|p2a: Skarmory|def|2
|
|-damage|p2a: Skarmory|72/100 brn|[from] brn
|upkeep
|turn|71
|
|t:|1776086371
|move|p1a: Gliscor|Knock Off|p2a: Skarmory
|-activate|p2a: Skarmory|move: Substitute|[damage]
|move|p2a: Skarmory|Body Press|p1a: Gliscor
|-resisted|p1a: Gliscor
|-damage|p1a: Gliscor|79/100 tox
|
|-heal|p1a: Gliscor|91/100 tox|[from] ability: Poison Heal
|-damage|p2a: Skarmory|66/100 brn|[from] brn
|upkeep
|turn|72
|
|t:|1776086379
|move|p1a: Gliscor|Knock Off|p2a: Skarmory
|-activate|p2a: Skarmory|move: Substitute|[damage]
|move|p2a: Skarmory|Body Press|p1a: Gliscor
|-resisted|p1a: Gliscor
|-damage|p1a: Gliscor|69/100 tox
|
|-heal|p1a: Gliscor|81/100 tox|[from] ability: Poison Heal
|-damage|p2a: Skarmory|59/100 brn|[from] brn
|upkeep
|turn|73
|
|t:|1776086387
|move|p1a: Gliscor|Protect|p1a: Gliscor
|-singleturn|p1a: Gliscor|Protect
|move|p2a: Skarmory|Body Press|p1a: Gliscor
|-activate|p1a: Gliscor|move: Protect
|
|-heal|p1a: Gliscor|94/100 tox|[from] ability: Poison Heal
|-damage|p2a: Skarmory|53/100 brn|[from] brn
|upkeep
|turn|74
|
|t:|1776086405
|move|p1a: Gliscor|Knock Off|p2a: Skarmory
|-activate|p2a: Skarmory|move: Substitute|[damage]
|move|p2a: Skarmory|Body Press|p1a: Gliscor
|-resisted|p1a: Gliscor
|-damage|p1a: Gliscor|73/100 tox
|
|-heal|p1a: Gliscor|86/100 tox|[from] ability: Poison Heal
|-damage|p2a: Skarmory|47/100 brn|[from] brn
|upkeep
|turn|75
|
|t:|1776086422
|move|p1a: Gliscor|Protect|p1a: Gliscor
|-singleturn|p1a: Gliscor|Protect
|move|p2a: Skarmory|Roost|p2a: Skarmory
|-heal|p2a: Skarmory|97/100 brn
|-singleturn|p2a: Skarmory|move: Roost
|
|-heal|p1a: Gliscor|98/100 tox|[from] ability: Poison Heal
|-damage|p2a: Skarmory|91/100 brn|[from] brn
|upkeep
|turn|76
|inactive|greynolabar has 120 seconds left.
|
|t:|1776086452
|move|p1a: Gliscor|Knock Off|p2a: Skarmory
|-activate|p2a: Skarmory|move: Substitute|[damage]
|move|p2a: Skarmory|Body Press|p1a: Gliscor
|-resisted|p1a: Gliscor
|-damage|p1a: Gliscor|75/100 tox
|
|-heal|p1a: Gliscor|87/100 tox|[from] ability: Poison Heal
|-damage|p2a: Skarmory|85/100 brn|[from] brn
|upkeep
|turn|77
|
|t:|1776086462
|switch|p2a: Ursula|Malamar, F|77/100
|-damage|p2a: Ursula|52/100|[from] Spikes
|move|p1a: Gliscor|Protect||[still]
|-fail|p1a: Gliscor
|
|-heal|p1a: Gliscor|99/100 tox|[from] ability: Poison Heal
|upkeep
|turn|78
|
|t:|1776086474
|move|p1a: Gliscor|Earthquake|p2a: Ursula
|-damage|p2a: Ursula|20/100
|move|p2a: Ursula|Rest|p2a: Ursula
|-status|p2a: Ursula|slp|[from] move: Rest
|-heal|p2a: Ursula|100/100 slp|[silent]
|
|-heal|p1a: Gliscor|100/100 tox|[from] ability: Poison Heal
|upkeep
|turn|79
|
|t:|1776086482
|move|p1a: Gliscor|Earthquake|p2a: Ursula
|-damage|p2a: Ursula|65/100 slp
|cant|p2a: Ursula|slp
|move|p2a: Ursula|Sleep Talk|p2a: Ursula
|move|p2a: Ursula|Knock Off|p1a: Gliscor|[from] move: Sleep Talk
|-crit|p1a: Gliscor
|-damage|p1a: Gliscor|61/100 tox
|-enditem|p1a: Gliscor|Toxic Orb|[from] move: Knock Off|[of] p2a: Ursula
|
|-heal|p1a: Gliscor|74/100 tox|[from] ability: Poison Heal
|upkeep
|turn|80
|
|t:|1776086492
|move|p1a: Gliscor|Protect|p1a: Gliscor
|-singleturn|p1a: Gliscor|Protect
|cant|p2a: Ursula|slp
|move|p2a: Ursula|Sleep Talk|p2a: Ursula
|move|p2a: Ursula|Rest||[from] move: Sleep Talk|[still]
|-fail|p2a: Ursula
|
|-heal|p1a: Gliscor|86/100 tox|[from] ability: Poison Heal
|upkeep
|turn|81
|
|t:|1776086500
|move|p1a: Gliscor|Earthquake|p2a: Ursula
|-damage|p2a: Ursula|33/100 slp
|-curestatus|p2a: Ursula|slp|[msg]
|move|p2a: Ursula|Superpower|p1a: Gliscor
|-resisted|p1a: Gliscor
|-damage|p1a: Gliscor|75/100 tox
|-boost|p2a: Ursula|atk|1
|-boost|p2a: Ursula|def|1
|
|-heal|p1a: Gliscor|87/100 tox|[from] ability: Poison Heal
|upkeep
|turn|82
|
|t:|1776086510
|move|p1a: Gliscor|Earthquake|p2a: Ursula
|-damage|p2a: Ursula|12/100
|move|p2a: Ursula|Rest|p2a: Ursula
|-status|p2a: Ursula|slp|[from] move: Rest
|-heal|p2a: Ursula|100/100 slp|[silent]
|
|-heal|p1a: Gliscor|99/100 tox|[from] ability: Poison Heal
|upkeep
|turn|83
|
|t:|1776086521
|move|p1a: Gliscor|Earthquake|p2a: Ursula
|-damage|p2a: Ursula|76/100 slp
|cant|p2a: Ursula|slp
|move|p2a: Ursula|Sleep Talk|p2a: Ursula
|move|p2a: Ursula|Knock Off|p1a: Gliscor|[from] move: Sleep Talk
|-damage|p1a: Gliscor|77/100 tox
|
|-heal|p1a: Gliscor|89/100 tox|[from] ability: Poison Heal
|upkeep
|turn|84
|
|t:|1776086529
|move|p1a: Gliscor|Knock Off|p2a: Ursula
|-damage|p2a: Ursula|67/100 slp
|cant|p2a: Ursula|slp
|move|p2a: Ursula|Sleep Talk|p2a: Ursula
|move|p2a: Ursula|Superpower|p1a: Gliscor|[from] move: Sleep Talk
|-resisted|p1a: Gliscor
|-damage|p1a: Gliscor|75/100 tox
|-boost|p2a: Ursula|atk|1
|-boost|p2a: Ursula|def|1
|
|-heal|p1a: Gliscor|87/100 tox|[from] ability: Poison Heal
|upkeep
|turn|85
|
|t:|1776086540
|move|p1a: Gliscor|Spikes||[still]
|-fail|p1a: Gliscor
|-curestatus|p2a: Ursula|slp|[msg]
|move|p2a: Ursula|Superpower|p1a: Gliscor
|-resisted|p1a: Gliscor
|-damage|p1a: Gliscor|67/100 tox
|-boost|p2a: Ursula|atk|1
|-boost|p2a: Ursula|def|1
|
|-heal|p1a: Gliscor|79/100 tox|[from] ability: Poison Heal
|upkeep
|turn|86
|
|t:|1776086550
|move|p1a: Gliscor|Earthquake|p2a: Ursula
|-damage|p2a: Ursula|54/100
|move|p2a: Ursula|Superpower|p1a: Gliscor
|-resisted|p1a: Gliscor
|-crit|p1a: Gliscor
|-damage|p1a: Gliscor|43/100 tox
|-boost|p2a: Ursula|atk|1
|-boost|p2a: Ursula|def|1
|
|-heal|p1a: Gliscor|55/100 tox|[from] ability: Poison Heal
|upkeep
|turn|87
|
|t:|1776086559
|move|p1a: Gliscor|Earthquake|p2a: Ursula
|-damage|p2a: Ursula|44/100
|move|p2a: Ursula|Rest|p2a: Ursula
|-status|p2a: Ursula|slp|[from] move: Rest
|-heal|p2a: Ursula|100/100 slp|[silent]
|
|-heal|p1a: Gliscor|68/100 tox|[from] ability: Poison Heal
|upkeep
|turn|88
|
|t:|1776086569
|move|p1a: Gliscor|Protect|p1a: Gliscor
|-singleturn|p1a: Gliscor|Protect
|cant|p2a: Ursula|slp
|move|p2a: Ursula|Sleep Talk|p2a: Ursula
|move|p2a: Ursula|Knock Off|p1a: Gliscor|[from] move: Sleep Talk
|-activate|p1a: Gliscor|move: Protect
|
|-heal|p1a: Gliscor|80/100 tox|[from] ability: Poison Heal
|upkeep
|turn|89
|
|t:|1776086580
|move|p1a: Gliscor|Spikes||[still]
|-fail|p1a: Gliscor
|cant|p2a: Ursula|slp
|move|p2a: Ursula|Sleep Talk|p2a: Ursula
|move|p2a: Ursula|Knock Off|p1a: Gliscor|[from] move: Sleep Talk
|-damage|p1a: Gliscor|30/100 tox
|
|-heal|p1a: Gliscor|42/100 tox|[from] ability: Poison Heal
|upkeep
|turn|90
|
|t:|1776086591
|move|p1a: Gliscor|Protect|p1a: Gliscor
|-singleturn|p1a: Gliscor|Protect
|-curestatus|p2a: Ursula|slp|[msg]
|move|p2a: Ursula|Superpower|p1a: Gliscor
|-activate|p1a: Gliscor|move: Protect
|
|-heal|p1a: Gliscor|55/100 tox|[from] ability: Poison Heal
|upkeep
|turn|91
|
|t:|1776086600
|move|p1a: Gliscor|Earthquake|p2a: Ursula
|-damage|p2a: Ursula|89/100
|move|p2a: Ursula|Superpower|p1a: Gliscor
|-resisted|p1a: Gliscor
|-damage|p1a: Gliscor|24/100 tox
|-boost|p2a: Ursula|atk|1
|-boost|p2a: Ursula|def|1
|
|-heal|p1a: Gliscor|36/100 tox|[from] ability: Poison Heal
|upkeep
|turn|92
|
|t:|1776086609
|move|p1a: Gliscor|Earthquake|p2a: Ursula
|-crit|p2a: Ursula
|-damage|p2a: Ursula|37/100
|move|p2a: Ursula|Superpower|p1a: Gliscor
|-resisted|p1a: Gliscor
|-damage|p1a: Gliscor|0 fnt
|-boost|p2a: Ursula|atk|1
|-boost|p2a: Ursula|def|1
|faint|p1a: Gliscor
|
|win|greynolabar
|raw|De_owner's rating: 1250 &rarr; <strong>1227</strong><br />(-23 for losing)
|raw|greynolabar's rating: 1271 &rarr; <strong>1294</strong><br />(+23 for winning)
|l|☆De_owner
|player|p1|
|l|☆greynolabar
|player|p2|
