|html|<div class="broadcast-blue"><strong>[Gen 9] OU is currently suspecting Tera Blast! For information on how to participate check out the <a href="https://www.smogon.com/tools/suspects/view/200">suspect thread</a>.</strong></div>
|badge|p1|bronze|gen9randombattle|100-9
|uhtml|medal-msg|<div class="broadcast-blue">Curious what those medals under the avatar are? PS now has Ladder Seasons! For more information, check out the <a href="https://www.smogon.com/forums/threads/3740067/">thread on Smogon.</a></div>
|j|‽LT_Alt1
|j|☆Zuifeng
|t:|1776061838
|gametype|singles
|player|p1|LT_Alt1|101|1682
|player|p2|Zuifeng|li|1661
|gen|9
|tier|[Gen 9] OU
|rated|
|rule|HP Percentage Mod: HP is shown in percentages
|rule|Endless Battle Clause: Forcing endless battles is banned
|rule|Species Clause: Limit one of each Pokémon
|rule|OHKO Clause: OHKO moves are banned
|rule|Evasion Items Clause: Evasion items are banned
|rule|Evasion Moves Clause: Evasion moves are banned
|rule|Evasion Abilities Clause: Evasion abilities are banned
|rule|Sleep Moves Clause: Sleep-inducing moves are banned
|clearpoke
|poke|p1|Garganacl, F|
|poke|p1|Slowking-Galar, F|
|poke|p1|Kyurem|
|poke|p1|Weezing-Galar, F|
|poke|p1|Moltres|
|poke|p1|Iron Treads|
|poke|p2|Gholdengo|
|poke|p2|Tornadus-Therian, M|
|poke|p2|Hatterene, F|
|poke|p2|Samurott-Hisui, M|
|poke|p2|Dragapult, F|
|poke|p2|Great Tusk|
|teampreview
|inactive|Battle timer is ON: inactive players will automatically lose when time's up. (requested by Zuifeng)
|
|t:|1776061865
|teamsize|p1|6
|teamsize|p2|6
|start
|switch|p1a: Iron Treads|Iron Treads|100/100
|switch|p2a: Hatterene|Hatterene, F|100/100
|turn|1
|
|t:|1776061876
|-end|p1a: Iron Treads|Quark Drive|[silent]
|switch|p1a: Slowking|Slowking-Galar, F|100/100
|switch|p2a: Tornadus|Tornadus-Therian, M|100/100
|
|upkeep
|turn|2
|
|t:|1776061886
|move|p2a: Tornadus|U-turn|p1a: Slowking
|-damage|p1a: Slowking|85/100
|
|t:|1776061889
|switch|p2a: Gholdengo|Gholdengo|100/100|[from] U-turn
|move|p1a: Slowking|Thunder Wave|p2a: Gholdengo
|-immune|p2a: Gholdengo|[from] ability: Good as Gold
|
|upkeep
|turn|3
|
|t:|1776061894
|move|p2a: Gholdengo|Trick|p1a: Slowking
|-activate|p2a: Gholdengo|move: Trick|[of] p1a: Slowking
|-item|p1a: Slowking|Choice Scarf|[from] move: Trick
|-item|p2a: Gholdengo|Colbur Berry|[from] move: Trick
|-prepare|p1a: Slowking|Chilly Reception|[premajor]
|move|p1a: Slowking|Chilly Reception|p1a: Slowking
|-weather|Snowscape
|
|t:|1776061900
|switch|p1a: Iron Treads|Iron Treads|100/100|[from] Chilly Reception
|
|-weather|Snowscape|[upkeep]
|upkeep
|turn|4
|
|t:|1776061921
|switch|p2a: Tornadus|Tornadus-Therian, M|100/100
|move|p1a: Iron Treads|Earthquake|p2a: Tornadus
|-immune|p2a: Tornadus
|
|-weather|Snowscape|[upkeep]
|upkeep
|turn|5
|
|t:|1776061931
|-end|p1a: Iron Treads|Quark Drive|[silent]
|switch|p1a: Slowking|Slowking-Galar, F|100/100
|move|p2a: Tornadus|U-turn|p1a: Slowking
|-damage|p1a: Slowking|86/100
|
|t:|1776061935
|switch|p2a: Samurott|Samurott-Hisui, M|100/100|[from] U-turn
|
|-weather|Snowscape|[upkeep]
|upkeep
|turn|6
|
|t:|1776061941
|switch|p1a: Weezing|Weezing-Galar, F|100/100
|-ability|p1a: Weezing|Neutralizing Gas
|move|p2a: Samurott|Ceaseless Edge|p1a: Weezing
|-resisted|p1a: Weezing
|-damage|p1a: Weezing|86/100
|-sidestart|p1: LT_Alt1|Spikes
|
|-weather|Snowscape|[upkeep]
|-heal|p1a: Weezing|92/100|[from] item: Leftovers
|upkeep
|turn|7
|
|t:|1776061954
|switch|p2a: Hatterene|Hatterene, F|100/100
|move|p1a: Weezing|Defog|p2a: Hatterene
|-unboost|p2a: Hatterene|evasion|1
|-sideend|p1: LT_Alt1|Spikes|[from] move: Defog|[of] p1a: Weezing
|
|-weather|none
|-heal|p1a: Weezing|98/100|[from] item: Leftovers
|upkeep
|turn|8
|
|t:|1776061959
|-end|p1a: Weezing|ability: Neutralizing Gas
|switch|p1a: Slowking|Slowking-Galar, F|100/100
|move|p2a: Hatterene|Mystical Fire|p1a: Slowking
|-damage|p1a: Slowking|86/100
|-unboost|p1a: Slowking|spa|1
|
|upkeep
|turn|9
|
|t:|1776061965
|move|p2a: Hatterene|Nuzzle|p1a: Slowking
|-damage|p1a: Slowking|82/100
|-status|p1a: Slowking|par
|move|p1a: Slowking|Future Sight|p2a: Hatterene
|-start|p1a: Slowking|move: Future Sight
|
|upkeep
|turn|10
|
|t:|1776061982
|switch|p1a: Garganacl|Garganacl, F|100/100
|move|p2a: Hatterene|Psychic Noise|p1a: Garganacl
|-damage|p1a: Garganacl|70/100
|-start|p1a: Garganacl|move: Heal Block
|
|upkeep
|turn|11
|
|t:|1776061987
|move|p2a: Hatterene|Psychic Noise|p1a: Garganacl
|-damage|p1a: Garganacl|41/100
|move|p1a: Garganacl|Salt Cure|p2a: Hatterene
|-damage|p2a: Hatterene|83/100
|-start|p2a: Hatterene|Salt Cure
|
|-end|p2a: Hatterene|move: Future Sight
|-resisted|p2a: Hatterene
|-damage|p2a: Hatterene|69/100
|-damage|p2a: Hatterene|57/100|[from] Salt Cure
|-end|p1a: Garganacl|move: Heal Block
|upkeep
|turn|12
|
|t:|1776061997
|switch|p2a: Samurott|Samurott-Hisui, M|100/100
|switch|p1a: Slowking|Slowking-Galar, F|100/100 par
|
|upkeep
|turn|13
|
|t:|1776062001
|switch|p1a: Weezing|Weezing-Galar, F|98/100
|-ability|p1a: Weezing|Neutralizing Gas
|move|p2a: Samurott|Razor Shell|p1a: Weezing
|-damage|p1a: Weezing|70/100
|-unboost|p1a: Weezing|def|1
|
|-heal|p1a: Weezing|76/100|[from] item: Leftovers
|upkeep
|turn|14
|
|t:|1776062012
|switch|p2a: Gholdengo|Gholdengo|100/100
|move|p1a: Weezing|Will-O-Wisp|p2a: Gholdengo|[miss]
|-miss|p1a: Weezing|p2a: Gholdengo
|
|-heal|p1a: Weezing|82/100|[from] item: Leftovers
|upkeep
|turn|15
|
|t:|1776062020
|-end|p1a: Weezing|ability: Neutralizing Gas
|switch|p1a: Slowking|Slowking-Galar, F|100/100 par
|move|p2a: Gholdengo|Shadow Ball|p1a: Slowking
|-supereffective|p1a: Slowking
|-damage|p1a: Slowking|49/100 par
|-unboost|p1a: Slowking|spd|1
|
|upkeep
|turn|16
|
|t:|1776062024
|-terastallize|p1a: Slowking|Water
|move|p2a: Gholdengo|Shadow Ball|p1a: Slowking
|-damage|p1a: Slowking|11/100 par
|-unboost|p1a: Slowking|spd|1
|-prepare|p1a: Slowking|Chilly Reception|[premajor]
|cant|p1a: Slowking|par
|
|upkeep
|turn|17
|
|t:|1776062033
|switch|p1a: Garganacl|Garganacl, F|41/100
|move|p2a: Gholdengo|Shadow Ball|p1a: Garganacl
|-damage|p1a: Garganacl|26/100
|-unboost|p1a: Garganacl|spd|1
|
|-heal|p1a: Garganacl|33/100|[from] item: Leftovers
|upkeep
|turn|18
|
|t:|1776062043
|switch|p1a: Slowking|Slowking-Galar, F, tera:Water|44/100 par
|move|p2a: Gholdengo|Make It Rain|p1a: Slowking
|-resisted|p1a: Slowking
|-damage|p1a: Slowking|25/100 par
|-unboost|p2a: Gholdengo|spa|1
|
|upkeep
|turn|19
|
|t:|1776062047
|move|p2a: Gholdengo|Shadow Ball|p1a: Slowking
|-damage|p1a: Slowking|9/100 par
|-prepare|p1a: Slowking|Chilly Reception|[premajor]
|move|p1a: Slowking|Chilly Reception|p1a: Slowking
|-weather|Snowscape
|
|t:|1776062052
|switch|p1a: Iron Treads|Iron Treads|100/100|[from] Chilly Reception
|
|-weather|Snowscape|[upkeep]
|upkeep
|turn|20
|
|t:|1776062060
|-end|p1a: Iron Treads|Quark Drive|[silent]
|switch|p1a: Slowking|Slowking-Galar, F, tera:Water|42/100 par
|switch|p2a: Great Tusk|Great Tusk|100/100
|
|-weather|Snowscape|[upkeep]
|upkeep
|turn|21
|
|t:|1776062063
|switch|p1a: Moltres|Moltres|100/100
|move|p2a: Great Tusk|Stealth Rock|p1a: Moltres
|-sidestart|p1: LT_Alt1|move: Stealth Rock
|
|-weather|Snowscape|[upkeep]
|upkeep
|turn|22
|
|t:|1776062067
|-end|p2a: Great Tusk|Protosynthesis|[silent]
|switch|p2a: Tornadus|Tornadus-Therian, M|100/100
|move|p1a: Moltres|U-turn|p2a: Tornadus
|-resisted|p2a: Tornadus
|-damage|p2a: Tornadus|93/100
|
|t:|1776062070
|switch|p1a: Slowking|Slowking-Galar, F, tera:Water|76/100 par|[from] U-turn
|-damage|p1a: Slowking|63/100 par|[from] Stealth Rock
|
|-weather|Snowscape|[upkeep]
|upkeep
|turn|23
|
|t:|1776062077
|move|p2a: Tornadus|U-turn|p1a: Slowking
|-damage|p1a: Slowking|48/100 par
|
|t:|1776062080
|switch|p2a: Samurott|Samurott-Hisui, M|100/100|[from] U-turn
|-prepare|p1a: Slowking|Chilly Reception|[premajor]
|move|p1a: Slowking|Chilly Reception|p1a: Slowking
|
|t:|1776062083
|switch|p1a: Weezing|Weezing-Galar, F|82/100|[from] Chilly Reception
|-ability|p1a: Weezing|Neutralizing Gas
|-damage|p1a: Weezing|69/100|[from] Stealth Rock
|
|-weather|none
|-heal|p1a: Weezing|75/100|[from] item: Leftovers
|upkeep
|turn|24
|
|t:|1776062089
|move|p2a: Samurott|Razor Shell|p1a: Weezing|[miss]
|-miss|p2a: Samurott|p1a: Weezing
|move|p1a: Weezing|Defog|p2a: Samurott
|-unboost|p2a: Samurott|evasion|1
|-sideend|p1: LT_Alt1|Stealth Rock|[from] move: Defog|[of] p1a: Weezing
|
|-heal|p1a: Weezing|82/100|[from] item: Leftovers
|upkeep
|turn|25
|
|t:|1776062093
|move|p2a: Samurott|Encore|p1a: Weezing
|-start|p1a: Weezing|Encore
|move|p1a: Weezing|Defog|p2a: Samurott
|-unboost|p2a: Samurott|evasion|1
|
|-heal|p1a: Weezing|88/100|[from] item: Leftovers
|upkeep
|turn|26
|
|t:|1776062097
|move|p2a: Samurott|Ceaseless Edge|p1a: Weezing
|-resisted|p1a: Weezing
|-damage|p1a: Weezing|72/100
|-sidestart|p1: LT_Alt1|Spikes
|move|p1a: Weezing|Defog|p2a: Samurott
|-unboost|p2a: Samurott|evasion|1
|-sideend|p1: LT_Alt1|Spikes|[from] move: Defog|[of] p1a: Weezing
|
|-heal|p1a: Weezing|78/100|[from] item: Leftovers
|upkeep
|turn|27
|
|t:|1776062103
|move|p2a: Samurott|Ceaseless Edge|p1a: Weezing
|-resisted|p1a: Weezing
|-damage|p1a: Weezing|63/100
|-sidestart|p1: LT_Alt1|Spikes
|move|p1a: Weezing|Defog|p2a: Samurott
|-unboost|p2a: Samurott|evasion|1
|-sideend|p1: LT_Alt1|Spikes|[from] move: Defog|[of] p1a: Weezing
|
|-heal|p1a: Weezing|69/100|[from] item: Leftovers
|-end|p1a: Weezing|Encore
|upkeep
|turn|28
|
|t:|1776062108
|-end|p1a: Weezing|ability: Neutralizing Gas
|switch|p1a: Kyurem|Kyurem|100/100
|-ability|p1a: Kyurem|Pressure
|move|p2a: Samurott|Encore||[still]
|-fail|p2a: Samurott
|
|upkeep
|turn|29
|
|t:|1776062136
|-terastallize|p2a: Samurott|Dark
|move|p1a: Kyurem|Freeze-Dry|p2a: Samurott
|-damage|p2a: Samurott|46/100
|move|p2a: Samurott|Ceaseless Edge|p1a: Kyurem
|-damage|p1a: Kyurem|24/100
|-sidestart|p1: LT_Alt1|Spikes
|
|upkeep
|turn|30
|
|t:|1776062143
|switch|p1a: Weezing|Weezing-Galar, F|69/100
|-ability|p1a: Weezing|Neutralizing Gas
|-damage|p1a: Weezing|57/100|[from] Spikes
|move|p2a: Samurott|Sucker Punch||[still]
|-fail|p2a: Samurott
|
|-heal|p1a: Weezing|63/100|[from] item: Leftovers
|upkeep
|turn|31
|
|t:|1776062159
|switch|p2a: Gholdengo|Gholdengo|100/100
|move|p1a: Weezing|Defog|p2a: Gholdengo
|-unboost|p2a: Gholdengo|evasion|1
|-sideend|p1: LT_Alt1|Spikes|[from] move: Defog|[of] p1a: Weezing
|
|-heal|p1a: Weezing|69/100|[from] item: Leftovers
|upkeep
|turn|32
|
|t:|1776062164
|-end|p1a: Weezing|ability: Neutralizing Gas
|switch|p1a: Slowking|Slowking-Galar, F, tera:Water|81/100 par
|move|p2a: Gholdengo|Shadow Ball|p1a: Slowking
|-damage|p1a: Slowking|58/100 par
|
|upkeep
|turn|33
|
|t:|1776062166
|move|p2a: Gholdengo|Shadow Ball|p1a: Slowking
|-damage|p1a: Slowking|35/100 par
|-prepare|p1a: Slowking|Chilly Reception|[premajor]
|move|p1a: Slowking|Chilly Reception|p1a: Slowking
|-weather|Snowscape
|
|t:|1776062175
|switch|p1a: Iron Treads|Iron Treads|100/100|[from] Chilly Reception
|
|-weather|Snowscape|[upkeep]
|upkeep
|turn|34
|
|t:|1776062187
|switch|p2a: Hatterene|Hatterene, F|57/100
|move|p1a: Iron Treads|Knock Off|p2a: Hatterene
|-damage|p2a: Hatterene|27/100
|-enditem|p2a: Hatterene|Assault Vest|[from] move: Knock Off|[of] p1a: Iron Treads
|
|-weather|Snowscape|[upkeep]
|upkeep
|turn|35
|
|t:|1776062192
|switch|p2a: Tornadus|Tornadus-Therian, M|100/100
|move|p1a: Iron Treads|Stealth Rock|p2a: Tornadus
|-sidestart|p2: Zuifeng|move: Stealth Rock
|
|-weather|Snowscape|[upkeep]
|upkeep
|turn|36
|
|t:|1776062202
|-end|p1a: Iron Treads|Quark Drive|[silent]
|switch|p1a: Slowking|Slowking-Galar, F, tera:Water|68/100 par
|move|p2a: Tornadus|Heat Wave|p1a: Slowking
|-resisted|p1a: Slowking
|-crit|p1a: Slowking
|-damage|p1a: Slowking|57/100 par
|
|-weather|Snowscape|[upkeep]
|upkeep
|turn|37
|
|t:|1776062205
|move|p2a: Tornadus|Bleakwind Storm|p1a: Slowking|[miss]
|-miss|p2a: Tornadus|p1a: Slowking
|-prepare|p1a: Slowking|Chilly Reception|[premajor]
|move|p1a: Slowking|Chilly Reception|p1a: Slowking
|
|t:|1776062209
|switch|p1a: Garganacl|Garganacl, F|33/100|[from] Chilly Reception
|
|-weather|none
|-heal|p1a: Garganacl|39/100|[from] item: Leftovers
|upkeep
|turn|38
|
|t:|1776062215
|move|p2a: Tornadus|Knock Off|p1a: Garganacl
|-damage|p1a: Garganacl|26/100
|-enditem|p1a: Garganacl|Leftovers|[from] move: Knock Off|[of] p2a: Tornadus
|move|p1a: Garganacl|Recover|p1a: Garganacl
|-heal|p1a: Garganacl|76/100
|
|upkeep
|turn|39
|
|t:|1776062222
|move|p2a: Tornadus|U-turn|p1a: Garganacl
|-damage|p1a: Garganacl|68/100
|
|t:|1776062224
|switch|p2a: Great Tusk|Great Tusk|100/100|[from] U-turn
|move|p1a: Garganacl|Salt Cure|p2a: Great Tusk
|-resisted|p2a: Great Tusk
|-damage|p2a: Great Tusk|98/100
|-start|p2a: Great Tusk|Salt Cure
|
|-damage|p2a: Great Tusk|86/100|[from] Salt Cure
|upkeep
|turn|40
|
|t:|1776062228
|switch|p1a: Moltres|Moltres|100/100
|move|p2a: Great Tusk|Stealth Rock|p1a: Moltres
|-sidestart|p1: LT_Alt1|move: Stealth Rock
|
|-damage|p2a: Great Tusk|73/100|[from] Salt Cure
|upkeep
|turn|41
|
|t:|1776062234
|-end|p2a: Great Tusk|Protosynthesis|[silent]
|switch|p2a: Tornadus|Tornadus-Therian, M|100/100
|-damage|p2a: Tornadus|76/100|[from] Stealth Rock
|move|p1a: Moltres|U-turn|p2a: Tornadus
|-resisted|p2a: Tornadus
|-crit|p2a: Tornadus
|-damage|p2a: Tornadus|65/100
|
|t:|1776062240
|switch|p1a: Slowking|Slowking-Galar, F, tera:Water|90/100 par|[from] U-turn
|-damage|p1a: Slowking|78/100 par|[from] Stealth Rock
|
|upkeep
|turn|42
|
|t:|1776062244
|move|p2a: Tornadus|U-turn|p1a: Slowking
|-crit|p1a: Slowking
|-damage|p1a: Slowking|56/100 par
|
|t:|1776062247
|switch|p2a: Great Tusk|Great Tusk|73/100|[from] U-turn
|-prepare|p1a: Slowking|Chilly Reception|[premajor]
|cant|p1a: Slowking|par
|
|upkeep
|turn|43
|
|t:|1776062252
|switch|p1a: Moltres|Moltres|100/100
|move|p2a: Great Tusk|Rapid Spin|p1a: Moltres
|-crit|p1a: Moltres
|-damage|p1a: Moltres|83/100
|-boost|p2a: Great Tusk|spe|1
|-sideend|p2: Zuifeng|Stealth Rock|[from] move: Rapid Spin|[of] p2a: Great Tusk
|
|upkeep
|turn|44
|
|t:|1776062256
|-end|p2a: Great Tusk|Protosynthesis|[silent]
|switch|p2a: Tornadus|Tornadus-Therian, M|98/100
|move|p1a: Moltres|U-turn|p2a: Tornadus
|-resisted|p2a: Tornadus
|-damage|p2a: Tornadus|90/100
|
|t:|1776062261
|switch|p1a: Slowking|Slowking-Galar, F, tera:Water|89/100 par|[from] U-turn
|-damage|p1a: Slowking|76/100 par|[from] Stealth Rock
|
|upkeep
|turn|45
|
|t:|1776062265
|move|p2a: Tornadus|Bleakwind Storm|p1a: Slowking
|-damage|p1a: Slowking|56/100 par
|-prepare|p1a: Slowking|Chilly Reception|[premajor]
|move|p1a: Slowking|Chilly Reception|p1a: Slowking
|-weather|Snowscape
|
|t:|1776062269
|switch|p1a: Garganacl|Garganacl, F|68/100|[from] Chilly Reception
|-damage|p1a: Garganacl|55/100|[from] Stealth Rock
|
|-weather|Snowscape|[upkeep]
|upkeep
|turn|46
|
|t:|1776062272
|move|p2a: Tornadus|U-turn|p1a: Garganacl
|-damage|p1a: Garganacl|47/100
|
|t:|1776062278
|switch|p2a: Hatterene|Hatterene, F|27/100|[from] U-turn
|move|p1a: Garganacl|Recover|p1a: Garganacl
|-heal|p1a: Garganacl|97/100
|
|-weather|Snowscape|[upkeep]
|upkeep
|turn|47
|
|t:|1776062285
|move|p2a: Hatterene|Draining Kiss|p1a: Garganacl
|-damage|p1a: Garganacl|79/100
|-heal|p2a: Hatterene|45/100|[from] drain|[of] p1a: Garganacl
|move|p1a: Garganacl|Salt Cure|p2a: Hatterene
|-damage|p2a: Hatterene|29/100
|-start|p2a: Hatterene|Salt Cure
|
|-weather|Snowscape|[upkeep]
|-damage|p2a: Hatterene|17/100|[from] Salt Cure
|upkeep
|turn|48
|
|t:|1776062294
|switch|p2a: Samurott|Samurott-Hisui, M, tera:Dark|46/100
|switch|p1a: Iron Treads|Iron Treads|100/100
|-damage|p1a: Iron Treads|97/100|[from] Stealth Rock
|
|-weather|Snowscape|[upkeep]
|-heal|p1a: Iron Treads|100/100|[from] item: Leftovers
|upkeep
|turn|49
|
|t:|1776062306
|switch|p2a: Tornadus|Tornadus-Therian, M|100/100
|move|p1a: Iron Treads|Rapid Spin|p2a: Tornadus
|-damage|p2a: Tornadus|88/100
|-boost|p1a: Iron Treads|spe|1
|-sideend|p1: LT_Alt1|Stealth Rock|[from] move: Rapid Spin|[of] p1a: Iron Treads
|
|-weather|none
|upkeep
|turn|50
|
|t:|1776062312
|-end|p1a: Iron Treads|Quark Drive|[silent]
|switch|p1a: Slowking|Slowking-Galar, F, tera:Water|90/100 par
|move|p2a: Tornadus|U-turn|p1a: Slowking
|-damage|p1a: Slowking|74/100 par
|
|t:|1776062315
|switch|p2a: Samurott|Samurott-Hisui, M, tera:Dark|46/100|[from] U-turn
|
|upkeep
|turn|51
|
|t:|1776062317
|switch|p1a: Weezing|Weezing-Galar, F|69/100
|-ability|p1a: Weezing|Neutralizing Gas
|move|p2a: Samurott|Ceaseless Edge|p1a: Weezing
|-resisted|p1a: Weezing
|-damage|p1a: Weezing|48/100
|-sidestart|p1: LT_Alt1|Spikes
|
|-heal|p1a: Weezing|55/100|[from] item: Leftovers
|upkeep
|turn|52
|
|t:|1776062326
|switch|p2a: Hatterene|Hatterene, F|17/100
|move|p1a: Weezing|Will-O-Wisp|p2a: Hatterene|[miss]
|-miss|p1a: Weezing|p2a: Hatterene
|
|-heal|p1a: Weezing|61/100|[from] item: Leftovers
|upkeep
|turn|53
|
|t:|1776062334
|move|p1a: Weezing|Strange Steam|p2a: Hatterene
|-damage|p2a: Hatterene|0 fnt
|faint|p2a: Hatterene
|
|-heal|p1a: Weezing|67/100|[from] item: Leftovers
|upkeep
|
|t:|1776062341
|switch|p2a: Gholdengo|Gholdengo|100/100
|turn|54
|
|t:|1776062350
|switch|p2a: Samurott|Samurott-Hisui, M, tera:Dark|46/100
|-end|p1a: Weezing|ability: Neutralizing Gas
|switch|p1a: Slowking|Slowking-Galar, F, tera:Water|100/100 par
|-damage|p1a: Slowking|88/100 par|[from] Spikes
|
|upkeep
|turn|55
|
|t:|1776062354
|move|p2a: Samurott|Ceaseless Edge|p1a: Slowking
|-damage|p1a: Slowking|6/100 par
|-sidestart|p1: LT_Alt1|Spikes
|-prepare|p1a: Slowking|Chilly Reception|[premajor]
|cant|p1a: Slowking|par
|
|upkeep
|turn|56
|
|t:|1776062360
|switch|p1a: Weezing|Weezing-Galar, F|67/100
|-ability|p1a: Weezing|Neutralizing Gas
|-damage|p1a: Weezing|50/100|[from] Spikes
|move|p2a: Samurott|Razor Shell|p1a: Weezing
|-damage|p1a: Weezing|23/100
|-unboost|p1a: Weezing|def|1
|
|-heal|p1a: Weezing|29/100|[from] item: Leftovers
|upkeep
|turn|57
|
|t:|1776062369
|-end|p1a: Weezing|ability: Neutralizing Gas
|switch|p1a: Kyurem|Kyurem|24/100
|-damage|p1a: Kyurem|7/100|[from] Spikes
|-ability|p1a: Kyurem|Pressure
|move|p2a: Samurott|Razor Shell|p1a: Kyurem
|-resisted|p1a: Kyurem
|-damage|p1a: Kyurem|0 fnt
|faint|p1a: Kyurem
|
|upkeep
|
|t:|1776062370
|switch|p1a: Iron Treads|Iron Treads|100/100
|-damage|p1a: Iron Treads|84/100|[from] Spikes
|turn|58
|
|t:|1776062378
|switch|p2a: Dragapult|Dragapult, F|100/100
|move|p1a: Iron Treads|Rapid Spin|p2a: Dragapult
|-immune|p2a: Dragapult
|
|-heal|p1a: Iron Treads|90/100|[from] item: Leftovers
|upkeep
|turn|59
|
|t:|1776062386
|move|p2a: Dragapult|U-turn|p1a: Iron Treads
|-resisted|p1a: Iron Treads
|-damage|p1a: Iron Treads|78/100
|
|t:|1776062387
|switch|p2a: Tornadus|Tornadus-Therian, M|100/100|[from] U-turn
|move|p1a: Iron Treads|Rapid Spin|p2a: Tornadus
|-damage|p2a: Tornadus|86/100
|-boost|p1a: Iron Treads|spe|1
|-sideend|p1: LT_Alt1|Spikes|[from] move: Rapid Spin|[of] p1a: Iron Treads
|
|-heal|p1a: Iron Treads|84/100|[from] item: Leftovers
|upkeep
|turn|60
|
|t:|1776062396
|move|p1a: Iron Treads|Stealth Rock|p2a: Tornadus
|-sidestart|p2: Zuifeng|move: Stealth Rock
|move|p2a: Tornadus|U-turn|p1a: Iron Treads
|-resisted|p1a: Iron Treads
|-damage|p1a: Iron Treads|79/100
|
|t:|1776062398
|switch|p2a: Great Tusk|Great Tusk|73/100|[from] U-turn
|
|-heal|p1a: Iron Treads|85/100|[from] item: Leftovers
|upkeep
|turn|61
|
|t:|1776062404
|move|p1a: Iron Treads|Earthquake|p2a: Great Tusk
|-damage|p2a: Great Tusk|47/100
|move|p2a: Great Tusk|Stealth Rock|p1a: Iron Treads
|-sidestart|p1: LT_Alt1|move: Stealth Rock
|
|-heal|p1a: Iron Treads|91/100|[from] item: Leftovers
|upkeep
|turn|62
|
|t:|1776062408
|-end|p1a: Iron Treads|Quark Drive|[silent]
|switch|p1a: Moltres|Moltres|83/100
|move|p2a: Great Tusk|Headlong Rush|p1a: Moltres
|-immune|p1a: Moltres
|
|upkeep
|turn|63
|
|t:|1776062412
|move|p2a: Great Tusk|Rapid Spin|p1a: Moltres
|-damage|p1a: Moltres|71/100
|-boost|p2a: Great Tusk|spe|1
|-sideend|p2: Zuifeng|Stealth Rock|[from] move: Rapid Spin|[of] p2a: Great Tusk
|move|p1a: Moltres|U-turn|p2a: Great Tusk
|-resisted|p2a: Great Tusk
|-damage|p2a: Great Tusk|42/100
|
|t:|1776062416
|switch|p1a: Slowking|Slowking-Galar, F, tera:Water|40/100 par|[from] U-turn
|-damage|p1a: Slowking|27/100 par|[from] Stealth Rock
|
|upkeep
|turn|64
|
|t:|1776062420
|-end|p2a: Great Tusk|Protosynthesis|[silent]
|switch|p2a: Samurott|Samurott-Hisui, M, tera:Dark|46/100
|-prepare|p1a: Slowking|Chilly Reception|[premajor]
|cant|p1a: Slowking|par
|
|upkeep
|turn|65
|
|t:|1776062425
|switch|p1a: Weezing|Weezing-Galar, F|29/100
|-ability|p1a: Weezing|Neutralizing Gas
|-damage|p1a: Weezing|16/100|[from] Stealth Rock
|move|p2a: Samurott|Ceaseless Edge|p1a: Weezing
|-resisted|p1a: Weezing
|-damage|p1a: Weezing|0 fnt
|-sidestart|p1: LT_Alt1|Spikes
|faint|p1a: Weezing
|-end|p1a: Weezing|ability: Neutralizing Gas
|
|upkeep
|
|t:|1776062429
|switch|p1a: Iron Treads|Iron Treads|91/100
|-damage|p1a: Iron Treads|88/100|[from] Stealth Rock
|-damage|p1a: Iron Treads|75/100|[from] Spikes
|turn|66
|
|t:|1776062440
|move|p2a: Samurott|Sucker Punch|p1a: Iron Treads
|-damage|p1a: Iron Treads|33/100
|move|p1a: Iron Treads|Rapid Spin|p2a: Samurott
|-damage|p2a: Samurott|29/100
|-boost|p1a: Iron Treads|spe|1
|-sideend|p1: LT_Alt1|Spikes|[from] move: Rapid Spin|[of] p1a: Iron Treads
|-sideend|p1: LT_Alt1|Stealth Rock|[from] move: Rapid Spin|[of] p1a: Iron Treads
|
|-heal|p1a: Iron Treads|40/100|[from] item: Leftovers
|upkeep
|turn|67
|
|t:|1776062460
|switch|p2a: Tornadus|Tornadus-Therian, M|100/100
|move|p1a: Iron Treads|Earthquake|p2a: Tornadus
|-immune|p2a: Tornadus
|
|-heal|p1a: Iron Treads|46/100|[from] item: Leftovers
|upkeep
|turn|68
|
|t:|1776062466
|-end|p1a: Iron Treads|Quark Drive|[silent]
|switch|p1a: Slowking|Slowking-Galar, F, tera:Water|60/100 par
|move|p2a: Tornadus|Heat Wave|p1a: Slowking
|-resisted|p1a: Slowking
|-damage|p1a: Slowking|53/100 par
|
|upkeep
|turn|69
|
|t:|1776062471
|move|p2a: Tornadus|U-turn|p1a: Slowking
|-damage|p1a: Slowking|39/100 par
|
|t:|1776062475
|switch|p2a: Gholdengo|Gholdengo|100/100|[from] U-turn
|-prepare|p1a: Slowking|Chilly Reception|[premajor]
|move|p1a: Slowking|Chilly Reception|p1a: Slowking
|-weather|Snowscape
|
|t:|1776062479
|switch|p1a: Iron Treads|Iron Treads|46/100|[from] Chilly Reception
|
|-weather|Snowscape|[upkeep]
|-heal|p1a: Iron Treads|52/100|[from] item: Leftovers
|upkeep
|turn|70
|
|t:|1776062486
|-end|p1a: Iron Treads|Quark Drive|[silent]
|switch|p1a: Slowking|Slowking-Galar, F, tera:Water|72/100 par
|move|p2a: Gholdengo|Shadow Ball|p1a: Slowking
|-damage|p1a: Slowking|48/100 par
|-unboost|p1a: Slowking|spd|1
|
|-weather|Snowscape|[upkeep]
|upkeep
|turn|71
|
|t:|1776062489
|switch|p1a: Garganacl|Garganacl, F|79/100
|move|p2a: Gholdengo|Shadow Ball|p1a: Garganacl
|-damage|p1a: Garganacl|63/100
|
|-weather|Snowscape|[upkeep]
|upkeep
|turn|72
|
|t:|1776062496
|move|p2a: Gholdengo|Make It Rain|p1a: Garganacl
|-supereffective|p1a: Garganacl
|-damage|p1a: Garganacl|0 fnt
|-unboost|p2a: Gholdengo|spa|1
|faint|p1a: Garganacl
|
|-weather|Snowscape|[upkeep]
|upkeep
|-message|LT_Alt1 forfeited.
|
|win|Zuifeng
|raw|LT_Alt1's rating: 1682 &rarr; <strong>1661</strong><br />(-21 for losing)
|raw|Zuifeng's rating: 1661 &rarr; <strong>1682</strong><br />(+21 for winning)
|l|‽LT_Alt1
|player|p1|
|l|☆Zuifeng
|player|p2|
