|html|<div class="broadcast-blue"><strong>[Gen 9] OU is currently suspecting Tera Blast! For information on how to participate check out the <a href="https://www.smogon.com/tools/suspects/view/200">suspect thread</a>.</strong></div>
|j|☆magical dragon
|j|☆kulaan mey
|t:|1776108666
|gametype|singles
|player|p1|magical dragon|169|1358
|player|p2|kulaan mey|scientist-gen4|1307
|gen|9
|tier|[Gen 9] OU
|rated|
|rule|HP Percentage Mod: HP is shown in percentages
|rule|Endless Battle Clause: Forcing endless battles is banned
|rule|Species Clause: Limit one of each Pokémon
|rule|OHKO Clause: OHKO moves are banned
|rule|Evasion Items Clause: Evasion items are banned
|rule|Evasion Moves Clause: Evasion moves are banned
|rule|Evasion Abilities Clause: Evasion abilities are banned
|rule|Sleep Moves Clause: Sleep-inducing moves are banned
|clearpoke
|poke|p1|Enamorus, F|
|poke|p1|Ogerpon, F|
|poke|p1|Slowking-Galar, F|
|poke|p1|Kingambit, M|
|poke|p1|Great Tusk|
|poke|p1|Primarina, M|
|poke|p2|Incineroar, M|
|poke|p2|Darkrai|
|poke|p2|Rhyperior, M|
|poke|p2|Ting-Lu|
|poke|p2|Kyurem|
|poke|p2|Slowking, M|
|teampreview
|inactive|Battle timer is ON: inactive players will automatically lose when time's up. (requested by magical dragon)
|
|t:|1776108684
|teamsize|p1|6
|teamsize|p2|6
|start
|switch|p1a: Ogerpon|Ogerpon, F|100/100
|switch|p2a: Incineroar|Incineroar, M, shiny|100/100
|-ability|p2a: Incineroar|Intimidate|boost
|-unboost|p1a: Ogerpon|atk|1
|-ability|p1a: Ogerpon|Defiant|boost
|-boost|p1a: Ogerpon|atk|2
|turn|1
|
|t:|1776108690
|move|p1a: Ogerpon|U-turn|p2a: Incineroar
|-damage|p2a: Incineroar|68/100
|
|t:|1776108693
|switch|p1a: Great Tusk|Great Tusk|100/100|[from] U-turn
|move|p2a: Incineroar|Will-O-Wisp|p1a: Great Tusk
|-status|p1a: Great Tusk|brn
|
|-damage|p1a: Great Tusk|94/100 brn|[from] brn
|upkeep
|turn|2
|
|t:|1776108697
|switch|p2a: Slowking|Slowking, M, shiny|100/100
|move|p1a: Great Tusk|Stealth Rock|p2a: Slowking
|-sidestart|p2: kulaan mey|move: Stealth Rock
|
|-damage|p1a: Great Tusk|88/100 brn|[from] brn
|upkeep
|turn|3
|
|t:|1776108705
|-end|p1a: Great Tusk|Protosynthesis|[silent]
|switch|p1a: Ogerpon|Ogerpon, F|100/100
|move|p2a: Slowking|Future Sight|p1a: Ogerpon
|-start|p2a: Slowking|move: Future Sight
|
|upkeep
|turn|4
|
|t:|1776108709
|move|p1a: Ogerpon|Knock Off|p2a: Slowking
|-supereffective|p2a: Slowking
|-damage|p2a: Slowking|28/100
|-enditem|p2a: Slowking|Heavy-Duty Boots|[from] move: Knock Off|[of] p1a: Ogerpon
|move|p2a: Slowking|Thunder Wave|p1a: Ogerpon
|-status|p1a: Ogerpon|par
|
|upkeep
|turn|5
|
|t:|1776108716
|switch|p2a: Ting-Lu|Ting-Lu, shiny|100/100
|-damage|p2a: Ting-Lu|94/100|[from] Stealth Rock
|-ability|p2a: Ting-Lu|Vessel of Ruin
|move|p1a: Ogerpon|Knock Off|p2a: Ting-Lu
|-resisted|p2a: Ting-Lu
|-crit|p2a: Ting-Lu
|-damage|p2a: Ting-Lu|78/100
|-enditem|p2a: Ting-Lu|Leftovers|[from] move: Knock Off|[of] p1a: Ogerpon
|
|-end|p1a: Ogerpon|move: Future Sight
|-damage|p1a: Ogerpon|65/100 par
|upkeep
|turn|6
|
|t:|1776108724
|switch|p1a: Primarina|Primarina, M|100/100
|move|p2a: Ting-Lu|Spikes|p1a: Primarina
|-sidestart|p1: magical dragon|Spikes
|
|upkeep
|turn|7
|
|t:|1776108734
|move|p1a: Primarina|Psychic Noise|p2a: Ting-Lu
|-supereffective|p2a: Ting-Lu
|-damage|p2a: Ting-Lu|31/100
|-start|p2a: Ting-Lu|move: Heal Block
|move|p2a: Ting-Lu|Ruination|p1a: Primarina
|-damage|p1a: Primarina|51/100
|
|-heal|p1a: Primarina|57/100|[from] item: Leftovers
|upkeep
|turn|8
|
|t:|1776108747
|switch|p2a: Kyurem|Kyurem|100/100
|-ability|p2a: Kyurem|Pressure
|move|p1a: Primarina|Moonblast|p2a: Kyurem
|-supereffective|p2a: Kyurem
|-damage|p2a: Kyurem|15/100
|-unboost|p2a: Kyurem|spa|1
|
|-heal|p1a: Primarina|63/100|[from] item: Leftovers
|upkeep
|turn|9
|
|t:|1776108755
|move|p2a: Kyurem|Freeze-Dry|p1a: Primarina
|-supereffective|p1a: Primarina
|-damage|p1a: Primarina|10/100
|move|p1a: Primarina|Moonblast|p2a: Kyurem
|-supereffective|p2a: Kyurem
|-damage|p2a: Kyurem|0 fnt
|faint|p2a: Kyurem
|
|-heal|p1a: Primarina|16/100|[from] item: Leftovers
|upkeep
|
|t:|1776108761
|switch|p2a: Darkrai|Darkrai|100/100
|-damage|p2a: Darkrai|88/100|[from] Stealth Rock
|turn|10
|
|t:|1776108771
|switch|p1a: Enamorus|Enamorus, F|100/100
|move|p2a: Darkrai|Ice Beam|p1a: Enamorus
|-supereffective|p1a: Enamorus
|-damage|p1a: Enamorus|0 fnt
|faint|p1a: Enamorus
|
|upkeep
|
|t:|1776108778
|switch|p1a: Kingambit|Kingambit, M|100/100
|-damage|p1a: Kingambit|88/100|[from] Spikes
|-activate|p1a: Kingambit|ability: Supreme Overlord
|-start|p1a: Kingambit|fallen1|[silent]
|turn|11
|
|t:|1776108783
|switch|p2a: Incineroar|Incineroar, M, shiny|68/100
|-ability|p2a: Incineroar|Intimidate|boost
|-unboost|p1a: Kingambit|atk|1
|move|p1a: Kingambit|Iron Head|p2a: Incineroar
|-resisted|p2a: Incineroar
|-damage|p2a: Incineroar|57/100
|
|-heal|p1a: Kingambit|94/100|[from] item: Leftovers
|upkeep
|turn|12
|
|t:|1776108787
|-end|p1a: Kingambit|fallen1|[silent]
|switch|p1a: Great Tusk|Great Tusk|88/100 brn
|move|p2a: Incineroar|Parting Shot|p1a: Great Tusk
|-unboost|p1a: Great Tusk|atk|1
|-unboost|p1a: Great Tusk|spa|1
|
|t:|1776108790
|switch|p2a: Slowking|Slowking, M, shiny|62/100|[from] Parting Shot
|-damage|p2a: Slowking|49/100|[from] Stealth Rock
|
|-damage|p1a: Great Tusk|82/100 brn|[from] brn
|upkeep
|turn|13
|
|t:|1776108792
|move|p1a: Great Tusk|Rapid Spin|p2a: Slowking
|-damage|p2a: Slowking|45/100
|-boost|p1a: Great Tusk|spe|1
|-sideend|p1: magical dragon|Spikes|[from] move: Rapid Spin|[of] p1a: Great Tusk
|move|p2a: Slowking|Scald|p1a: Great Tusk
|-supereffective|p1a: Great Tusk
|-damage|p1a: Great Tusk|0 fnt
|faint|p1a: Great Tusk
|-end|p1a: Great Tusk|Protosynthesis|[silent]
|
|upkeep
|
|t:|1776108798
|switch|p1a: Ogerpon|Ogerpon, F|65/100 par
|turn|14
|
|t:|1776108801
|switch|p2a: Ting-Lu|Ting-Lu, shiny|31/100
|-damage|p2a: Ting-Lu|25/100|[from] Stealth Rock
|-ability|p2a: Ting-Lu|Vessel of Ruin
|cant|p1a: Ogerpon|par
|
|upkeep
|turn|15
|
|t:|1776108805
|move|p1a: Ogerpon|Ivy Cudgel|p2a: Ting-Lu
|-supereffective|p2a: Ting-Lu
|-damage|p2a: Ting-Lu|0 fnt
|faint|p2a: Ting-Lu
|
|upkeep
|
|t:|1776108808
|switch|p2a: Darkrai|Darkrai|88/100
|-damage|p2a: Darkrai|76/100|[from] Stealth Rock
|turn|16
|
|t:|1776108814
|switch|p1a: Primarina|Primarina, M|16/100
|move|p2a: Darkrai|Dark Pulse|p1a: Primarina
|-resisted|p1a: Primarina
|-damage|p1a: Primarina|0 fnt
|faint|p1a: Primarina
|
|upkeep
|
|t:|1776108819
|switch|p1a: Kingambit|Kingambit, M|94/100
|-activate|p1a: Kingambit|ability: Supreme Overlord
|-start|p1a: Kingambit|fallen3|[silent]
|turn|17
|
|t:|1776108826
|move|p2a: Darkrai|Dark Pulse|p1a: Kingambit
|-resisted|p1a: Kingambit
|-damage|p1a: Kingambit|64/100
|move|p1a: Kingambit|Swords Dance|p1a: Kingambit
|-boost|p1a: Kingambit|atk|2
|
|-heal|p1a: Kingambit|70/100|[from] item: Leftovers
|upkeep
|turn|18
|
|t:|1776108829
|switch|p2a: Incineroar|Incineroar, M, shiny|57/100
|-ability|p2a: Incineroar|Intimidate|boost
|-unboost|p1a: Kingambit|atk|1
|move|p1a: Kingambit|Iron Head|p2a: Incineroar
|-resisted|p2a: Incineroar
|-damage|p2a: Incineroar|29/100
|
|-heal|p1a: Kingambit|76/100|[from] item: Leftovers
|upkeep
|turn|19
|
|t:|1776108846
|-terastallize|p1a: Kingambit|Ghost
|move|p2a: Incineroar|Will-O-Wisp|p1a: Kingambit
|-status|p1a: Kingambit|brn
|move|p1a: Kingambit|Kowtow Cleave|p2a: Incineroar
|-resisted|p2a: Incineroar
|-damage|p2a: Incineroar|13/100
|
|-heal|p1a: Kingambit|82/100 brn|[from] item: Leftovers
|-damage|p1a: Kingambit|76/100 brn|[from] brn
|upkeep
|turn|20
|
|t:|1776108854
|move|p2a: Incineroar|Parting Shot|p1a: Kingambit
|-unboost|p1a: Kingambit|atk|1
|-unboost|p1a: Kingambit|spa|1
|
|t:|1776108856
|switch|p2a: Slowking|Slowking, M, shiny|78/100|[from] Parting Shot
|-damage|p2a: Slowking|66/100|[from] Stealth Rock
|move|p1a: Kingambit|Swords Dance|p1a: Kingambit
|-boost|p1a: Kingambit|atk|2
|
|-heal|p1a: Kingambit|82/100 brn|[from] item: Leftovers
|-damage|p1a: Kingambit|76/100 brn|[from] brn
|upkeep
|turn|21
|
|t:|1776108861
|move|p1a: Kingambit|Kowtow Cleave|p2a: Slowking
|-supereffective|p2a: Slowking
|-damage|p2a: Slowking|0 fnt
|faint|p2a: Slowking
|
|-heal|p1a: Kingambit|82/100 brn|[from] item: Leftovers
|-damage|p1a: Kingambit|76/100 brn|[from] brn
|upkeep
|
|t:|1776108866
|switch|p2a: Incineroar|Incineroar, M, shiny|13/100
|-ability|p2a: Incineroar|Intimidate|boost
|-unboost|p1a: Kingambit|atk|1
|turn|22
|
|t:|1776108869
|move|p2a: Incineroar|Flare Blitz|p1a: Kingambit
|-damage|p1a: Kingambit|40/100 brn
|-damage|p2a: Incineroar|0 fnt|[from] Recoil
|faint|p2a: Incineroar
|move|p1a: Kingambit|Iron Head|p2: Incineroar|[notarget]
|-fail|p1a: Kingambit
|
|-heal|p1a: Kingambit|46/100 brn|[from] item: Leftovers
|-damage|p1a: Kingambit|40/100 brn|[from] brn
|upkeep
|
|t:|1776108872
|switch|p2a: Rhyperior|Rhyperior, M|100/100
|-damage|p2a: Rhyperior|94/100|[from] Stealth Rock
|turn|23
|
|t:|1776108875
|move|p1a: Kingambit|Iron Head|p2a: Rhyperior
|-supereffective|p2a: Rhyperior
|-damage|p2a: Rhyperior|48/100
|cant|p2a: Rhyperior|flinch
|
|-heal|p1a: Kingambit|46/100 brn|[from] item: Leftovers
|-heal|p2a: Rhyperior|54/100|[from] item: Leftovers
|-damage|p1a: Kingambit|40/100 brn|[from] brn
|upkeep
|turn|24
|
|t:|1776108879
|move|p1a: Kingambit|Iron Head|p2a: Rhyperior
|-supereffective|p2a: Rhyperior
|-damage|p2a: Rhyperior|5/100
|move|p2a: Rhyperior|High Horsepower|p1a: Kingambit
|-damage|p1a: Kingambit|1/100 brn
|
|-heal|p1a: Kingambit|8/100 brn|[from] item: Leftovers
|-heal|p2a: Rhyperior|11/100|[from] item: Leftovers
|-damage|p1a: Kingambit|1/100 brn|[from] brn
|upkeep
|turn|25
|
|t:|1776108884
|move|p1a: Kingambit|Iron Head|p2a: Rhyperior
|-supereffective|p2a: Rhyperior
|-damage|p2a: Rhyperior|0 fnt
|faint|p2a: Rhyperior
|
|-heal|p1a: Kingambit|8/100 brn|[from] item: Leftovers
|-damage|p1a: Kingambit|1/100 brn|[from] brn
|upkeep
|
|t:|1776108886
|switch|p2a: Darkrai|Darkrai|76/100
|-damage|p2a: Darkrai|63/100|[from] Stealth Rock
|turn|26
|
|t:|1776108890
|move|p1a: Kingambit|Sucker Punch|p2a: Darkrai
|-resisted|p2a: Darkrai
|-damage|p2a: Darkrai|37/100
|move|p2a: Darkrai|Dark Pulse|p1a: Kingambit
|-supereffective|p1a: Kingambit
|-damage|p1a: Kingambit|0 fnt
|faint|p1a: Kingambit
|-end|p1a: Kingambit|fallen3|[silent]
|
|upkeep
|
|t:|1776108895
|switch|p1a: Slowking|Slowking-Galar, F|100/100
|turn|27
|
|t:|1776108898
|move|p2a: Darkrai|Dark Pulse|p1a: Slowking
|-supereffective|p1a: Slowking
|-damage|p1a: Slowking|27/100
|move|p1a: Slowking|Sludge Bomb|p2a: Darkrai
|-damage|p2a: Darkrai|0 fnt
|faint|p2a: Darkrai
|
|win|magical dragon
|raw|magical dragon's rating: 1358 &rarr; <strong>1375</strong><br />(+17 for winning)
|raw|kulaan mey's rating: 1307 &rarr; <strong>1290</strong><br />(-17 for losing)
|l|☆kulaan mey
|player|p2|
|l|☆magical dragon
|player|p1|
