|html|<div class="broadcast-blue"><strong>[Gen 9] OU is currently suspecting Tera Blast! For information on how to participate check out the <a href="https://www.smogon.com/tools/suspects/view/200">suspect thread</a>.</strong></div>
|j|☆invmenot
|j|☆T-Garchomp
|t:|1776182348
|gametype|singles
|player|p1|invmenot|102|
|player|p2|T-Garchomp|rood|
|gen|9
|tier|[Gen 9] OU
|rule|HP Percentage Mod: HP is shown in percentages
|rule|Endless Battle Clause: Forcing endless battles is banned
|rule|Species Clause: Limit one of each Pokémon
|rule|OHKO Clause: OHKO moves are banned
|rule|Evasion Items Clause: Evasion items are banned
|rule|Evasion Moves Clause: Evasion moves are banned
|rule|Evasion Abilities Clause: Evasion abilities are banned
|rule|Sleep Moves Clause: Sleep-inducing moves are banned
|clearpoke
|poke|p1|Azelf|
|poke|p1|Iron Moth|
|poke|p1|Kingambit, M|
|poke|p1|Hatterene, F|
|poke|p1|Great Tusk|
|poke|p1|Ogerpon-Wellspring, F|
|poke|p2|Zamazenta-*|
|poke|p2|Kyurem|
|poke|p2|Iron Treads|
|poke|p2|Tornadus-Therian, M|
|poke|p2|Pecharunt|
|poke|p2|Ting-Lu|
|teampreview
|j| ohko_smeargle
|c|☆invmenot|Glhf
|j| AbrarS
|j| bonczy
|j| Kyurem
|
|t:|1776182373
|teamsize|p1|6
|teamsize|p2|6
|start
|switch|p1a: Not Fire Blast|Azelf|100/100
|switch|p2a: Ting-Lu|Ting-Lu|100/100
|-ability|p2a: Ting-Lu|Vessel of Ruin
|turn|1
|
|t:|1776182379
|move|p1a: Not Fire Blast|Grass Knot|p2a: Ting-Lu
|-supereffective|p2a: Ting-Lu
|-damage|p2a: Ting-Lu|49/100
|-damage|p1a: Not Fire Blast|91/100|[from] item: Life Orb
|move|p2a: Ting-Lu|Spikes|p1a: Not Fire Blast
|-sidestart|p1: invmenot|Spikes
|
|-heal|p2a: Ting-Lu|55/100|[from] item: Leftovers
|upkeep
|turn|2
|j|+Disorient
|
|t:|1776182396
|switch|p2a: Kyurem|Kyurem|100/100
|-ability|p2a: Kyurem|Pressure
|move|p1a: Not Fire Blast|Stealth Rock|p2a: Kyurem
|-sidestart|p2: T-Garchomp|move: Stealth Rock
|
|upkeep
|turn|3
|j| jantelov1
|j| scarry.exe
|
|t:|1776182411
|move|p1a: Not Fire Blast|Psychic|p2a: Kyurem
|-damage|p2a: Kyurem|61/100
|-damage|p1a: Not Fire Blast|81/100|[from] item: Life Orb
|move|p2a: Kyurem|Ice Beam|p1a: Not Fire Blast
|-damage|p1a: Not Fire Blast|0 fnt
|faint|p1a: Not Fire Blast
|
|upkeep
|j| ohmysquidward
|
|t:|1776182459
|switch|p1a: Hatterene|Hatterene, F|100/100
|-damage|p1a: Hatterene|88/100|[from] Spikes
|turn|4
|l| ohmysquidward
|
|t:|1776182470
|move|p2a: Kyurem|Ice Beam|p1a: Hatterene
|-damage|p1a: Hatterene|59/100
|move|p1a: Hatterene|Mystical Fire|p2a: Kyurem
|-damage|p2a: Kyurem|43/100
|-unboost|p2a: Kyurem|spa|1
|
|upkeep
|turn|5
|
|t:|1776182477
|switch|p2a: Pecharunt|Pecharunt|100/100
|-damage|p2a: Pecharunt|88/100|[from] Stealth Rock
|move|p1a: Hatterene|Draining Kiss|p2a: Pecharunt
|-resisted|p2a: Pecharunt
|-damage|p2a: Pecharunt|75/100
|-heal|p1a: Hatterene|71/100|[from] drain|[of] p2a: Pecharunt
|
|upkeep
|turn|6
|inactive|Battle timer is ON: inactive players will automatically lose when time's up. (requested by T-Garchomp)
|
|t:|1776182501
|move|p2a: Pecharunt|Malignant Chain|p1a: Hatterene
|-supereffective|p1a: Hatterene
|-damage|p1a: Hatterene|31/100
|move|p1a: Hatterene|Psyshock|p2a: Pecharunt
|-supereffective|p2a: Pecharunt
|-damage|p2a: Pecharunt|29/100
|
|upkeep
|turn|7
|
|t:|1776182512
|move|p2a: Pecharunt|Recover|p2a: Pecharunt
|-heal|p2a: Pecharunt|79/100
|move|p1a: Hatterene|Psyshock|p2a: Pecharunt
|-supereffective|p2a: Pecharunt
|-damage|p2a: Pecharunt|38/100
|
|upkeep
|turn|8
|
|t:|1776182518
|move|p2a: Pecharunt|Malignant Chain|p1a: Hatterene
|-supereffective|p1a: Hatterene
|-damage|p1a: Hatterene|0 fnt
|faint|p1a: Hatterene
|
|upkeep
|l| jantelov1
|
|t:|1776182535
|switch|p1a: Iron Moth|Iron Moth|100/100
|-damage|p1a: Iron Moth|88/100|[from] Spikes
|-enditem|p1a: Iron Moth|Booster Energy
|-activate|p1a: Iron Moth|ability: Quark Drive|[fromitem]
|-start|p1a: Iron Moth|quarkdrivespe
|turn|9
|
|t:|1776182542
|move|p1a: Iron Moth|Fiery Dance|p2a: Pecharunt
|-damage|p2a: Pecharunt|0 fnt
|faint|p2a: Pecharunt
|
|upkeep
|
|t:|1776182553
|switch|p2a: Ting-Lu|Ting-Lu|55/100
|-damage|p2a: Ting-Lu|49/100|[from] Stealth Rock
|-ability|p2a: Ting-Lu|Vessel of Ruin
|turn|10
|
|t:|1776182571
|-end|p1a: Iron Moth|Quark Drive|[silent]
|switch|p1a: Great Tusk|Great Tusk|100/100
|-damage|p1a: Great Tusk|88/100|[from] Spikes
|-enditem|p1a: Great Tusk|Booster Energy
|-activate|p1a: Great Tusk|ability: Protosynthesis|[fromitem]
|-start|p1a: Great Tusk|protosynthesisspe
|move|p2a: Ting-Lu|Earthquake|p1a: Great Tusk
|-damage|p1a: Great Tusk|66/100
|
|-heal|p2a: Ting-Lu|55/100|[from] item: Leftovers
|upkeep
|turn|11
|
|t:|1776182590
|switch|p2a: Kyurem|Kyurem|43/100
|-damage|p2a: Kyurem|19/100|[from] Stealth Rock
|-ability|p2a: Kyurem|Pressure
|move|p1a: Great Tusk|Ice Spinner|p2a: Kyurem
|-damage|p2a: Kyurem|2/100
|
|upkeep
|turn|12
|
|t:|1776182595
|move|p1a: Great Tusk|Rapid Spin|p2a: Kyurem
|-damage|p2a: Kyurem|0 fnt
|-boost|p1a: Great Tusk|spe|1
|-sideend|p1: invmenot|Spikes|[from] move: Rapid Spin|[of] p1a: Great Tusk
|faint|p2a: Kyurem
|
|upkeep
|
|t:|1776182599
|switch|p2a: Tornadus|Tornadus-Therian, M|100/100
|turn|13
|j| terror_blast
|inactive|invmenot has 270 seconds left.
|
|t:|1776182632
|move|p1a: Great Tusk|Ice Spinner|p2a: Tornadus
|-supereffective|p2a: Tornadus
|-damage|p2a: Tornadus|51/100
|move|p2a: Tornadus|Bleakwind Storm|p1a: Great Tusk
|-supereffective|p1a: Great Tusk
|-damage|p1a: Great Tusk|0 fnt
|faint|p1a: Great Tusk
|-end|p1a: Great Tusk|Protosynthesis|[silent]
|
|upkeep
|inactive|invmenot has 270 seconds left.
|
|t:|1776182637
|switch|p1a: Ogerpon|Ogerpon-Wellspring, F|100/100
|turn|14
|
|t:|1776182640
|-terastallize|p1a: Ogerpon|Water
|detailschange|p1a: Ogerpon|Ogerpon-Wellspring-Tera, F, tera:Water
|-ability|p1a: Ogerpon|Embody Aspect (Wellspring)|boost
|-boost|p1a: Ogerpon|spd|1
|move|p2a: Tornadus|Bleakwind Storm|p1a: Ogerpon|[miss]
|-miss|p2a: Tornadus|p1a: Ogerpon
|move|p1a: Ogerpon|Ivy Cudgel|p2a: Tornadus|[anim] Ivy Cudgel Water
|-damage|p2a: Tornadus|0 fnt
|faint|p2a: Tornadus
|
|upkeep
|
|t:|1776182648
|switch|p2a: Zamazenta|Zamazenta|100/100
|-damage|p2a: Zamazenta|94/100|[from] Stealth Rock
|-ability|p2a: Zamazenta|Dauntless Shield|boost
|-boost|p2a: Zamazenta|def|1
|turn|15
|
|t:|1776182650
|move|p2a: Zamazenta|Iron Defense|p2a: Zamazenta
|-boost|p2a: Zamazenta|def|2
|move|p1a: Ogerpon|Encore|p2a: Zamazenta
|-start|p2a: Zamazenta|Encore
|
|-heal|p2a: Zamazenta|100/100|[from] item: Leftovers
|upkeep
|turn|16
|
|t:|1776182654
|switch|p1a: Iron Moth|Iron Moth|88/100
|move|p2a: Zamazenta|Iron Defense|p2a: Zamazenta
|-boost|p2a: Zamazenta|def|2
|
|upkeep
|turn|17
|
|t:|1776182658
|-terastallize|p2a: Zamazenta|Fire
|move|p2a: Zamazenta|Iron Defense|p2a: Zamazenta
|-boost|p2a: Zamazenta|def|1
|move|p1a: Iron Moth|Fiery Dance|p2a: Zamazenta
|-resisted|p2a: Zamazenta
|-damage|p2a: Zamazenta|84/100
|-boost|p1a: Iron Moth|spa|1
|
|-heal|p2a: Zamazenta|90/100|[from] item: Leftovers
|upkeep
|turn|18
|
|t:|1776182661
|move|p2a: Zamazenta|Iron Defense|p2a: Zamazenta
|-boost|p2a: Zamazenta|def|0
|move|p1a: Iron Moth|Sludge Wave|p2a: Zamazenta
|-damage|p2a: Zamazenta|27/100
|
|-heal|p2a: Zamazenta|33/100|[from] item: Leftovers
|-end|p2a: Zamazenta|Encore
|upkeep
|turn|19
|
|t:|1776182664
|move|p2a: Zamazenta|Body Press|p1a: Iron Moth
|-resisted|p1a: Iron Moth
|-damage|p1a: Iron Moth|0 fnt
|faint|p1a: Iron Moth
|-end|p1a: Iron Moth|Quark Drive|[silent]
|
|-heal|p2a: Zamazenta|39/100|[from] item: Leftovers
|upkeep
|c|☆invmenot|Oof
|c|☆invmenot|Ggs
|c|☆T-Garchomp|Well played Sir
|
|t:|1776182681
|switch|p1a: Ogerpon|Ogerpon-Wellspring-Tera, F, tera:Water|100/100
|-ability|p1a: Ogerpon|Embody Aspect (Wellspring)|boost
|-boost|p1a: Ogerpon|spd|1
|turn|20
|
|t:|1776182685
|move|p2a: Zamazenta|Body Press|p1a: Ogerpon
|-damage|p1a: Ogerpon|0 fnt
|faint|p1a: Ogerpon
|detailschange|p1: Ogerpon|Ogerpon-Wellspring, F|[silent]
|
|-heal|p2a: Zamazenta|45/100|[from] item: Leftovers
|upkeep
|
|t:|1776182687
|switch|p1a: Kingambit|Kingambit, M|100/100
|-activate|p1a: Kingambit|ability: Supreme Overlord
|-start|p1a: Kingambit|fallen5|[silent]
|turn|21
|c|☆invmenot|SUCKER CRIT
|
|t:|1776182695
|move|p1a: Kingambit|Sucker Punch|p2a: Zamazenta
|-damage|p2a: Zamazenta|30/100
|move|p2a: Zamazenta|Body Press|p1a: Kingambit
|-supereffective|p1a: Kingambit
|-damage|p1a: Kingambit|0 fnt
|faint|p1a: Kingambit
|-end|p1a: Kingambit|fallen5|[silent]
|
|win|T-Garchomp
|l| ohko_smeargle
