|html|<div class="broadcast-blue"><strong>[Gen 9] OU is currently suspecting Tera Blast! For information on how to participate check out the <a href="https://www.smogon.com/tools/suspects/view/200">suspect thread</a>.</strong></div>
|j|☆carcol
|j|☆ygars
|t:|1776132642
|gametype|singles
|player|p1|carcol|lady|1356
|player|p2|ygars|rocketgrunt|1400
|gen|9
|tier|[Gen 9] OU
|rated|
|rule|HP Percentage Mod: HP is shown in percentages
|rule|Endless Battle Clause: Forcing endless battles is banned
|rule|Species Clause: Limit one of each Pokémon
|rule|OHKO Clause: OHKO moves are banned
|rule|Evasion Items Clause: Evasion items are banned
|rule|Evasion Moves Clause: Evasion moves are banned
|rule|Evasion Abilities Clause: Evasion abilities are banned
|rule|Sleep Moves Clause: Sleep-inducing moves are banned
|clearpoke
|poke|p1|Chesnaught, F|
|poke|p1|Oricorio-Pom-Pom, M|
|poke|p1|Mienshao, M|
|poke|p1|Alomomola, F|
|poke|p1|Glimmora, M|
|poke|p1|Porygon-Z|
|poke|p2|Kyurem|
|poke|p2|Cinderace, F|
|poke|p2|Tornadus-Therian, M|
|poke|p2|Hatterene, F|
|poke|p2|Great Tusk|
|poke|p2|Kingambit, F|
|teampreview
|inactive|Battle timer is ON: inactive players will automatically lose when time's up. (requested by ygars)
|inactive|ygars has 120 seconds left.
|
|t:|1776132680
|teamsize|p1|6
|teamsize|p2|6
|start
|switch|p1a: Glimmora|Glimmora, M|100/100
|switch|p2a: Cinderace|Cinderace, F|100/100
|turn|1
|
|t:|1776132683
|move|p2a: Cinderace|U-turn|p1a: Glimmora
|-start|p2a: Cinderace|typechange|Bug|[from] ability: Libero
|-resisted|p1a: Glimmora
|-damage|p1a: Glimmora|78/100
|-activate|p1a: Glimmora|ability: Toxic Debris
|-sidestart|p2: ygars|move: Toxic Spikes
|
|t:|1776132687
|switch|p2a: Great Tusk|Great Tusk|100/100|[from] U-turn
|-status|p2a: Great Tusk|psn
|move|p1a: Glimmora|Mortal Spin|p2a: Great Tusk
|-resisted|p2a: Great Tusk
|-damage|p2a: Great Tusk|98/100 psn
|-damage|p1a: Glimmora|62/100|[from] item: Rocky Helmet|[of] p2a: Great Tusk
|
|-damage|p2a: Great Tusk|86/100 psn|[from] psn
|upkeep
|turn|2
|
|t:|1776132701
|switch|p1a: Chesnaught|Chesnaught, F|100/100
|move|p2a: Great Tusk|Rapid Spin|p1a: Chesnaught
|-damage|p1a: Chesnaught|90/100
|-boost|p2a: Great Tusk|spe|1
|-damage|p2a: Great Tusk|69/100 psn|[from] item: Rocky Helmet|[of] p1a: Chesnaught
|-sideend|p2: ygars|Toxic Spikes|[from] move: Rapid Spin|[of] p2a: Great Tusk
|
|-damage|p2a: Great Tusk|57/100 psn|[from] psn
|upkeep
|turn|3
|
|t:|1776132713
|-end|p2a: Great Tusk|Protosynthesis|[silent]
|switch|p2a: Tornadus|Tornadus-Therian, M|100/100
|move|p1a: Chesnaught|Synthesis|p1a: Chesnaught
|-heal|p1a: Chesnaught|100/100
|
|upkeep
|turn|4
|
|t:|1776132722
|switch|p1a: Alomomola|Alomomola, F|100/100
|move|p2a: Tornadus|Bleakwind Storm|p1a: Alomomola
|-damage|p1a: Alomomola|72/100
|
|upkeep
|turn|5
|
|t:|1776132728
|move|p2a: Tornadus|Knock Off|p1a: Alomomola
|-damage|p1a: Alomomola|57/100
|-enditem|p1a: Alomomola|Heavy-Duty Boots|[from] move: Knock Off|[of] p2a: Tornadus
|move|p1a: Alomomola|Flip Turn|p2a: Tornadus
|-damage|p2a: Tornadus|80/100
|
|t:|1776132731
|switch|p1a: Porygon-Z|Porygon-Z|100/100|[from] Flip Turn
|-ability|p1a: Porygon-Z|Download|boost
|-boost|p1a: Porygon-Z|atk|1
|
|upkeep
|turn|6
|
|t:|1776132738
|switch|p2a: Cinderace|Cinderace, F|100/100
|move|p1a: Porygon-Z|Ice Beam|p2a: Cinderace
|-resisted|p2a: Cinderace
|-damage|p2a: Cinderace|78/100
|
|upkeep
|turn|7
|
|t:|1776132741
|switch|p1a: Glimmora|Glimmora, M|62/100
|move|p2a: Cinderace|Pyro Ball|p1a: Glimmora
|-resisted|p1a: Glimmora
|-damage|p1a: Glimmora|24/100
|-status|p1a: Glimmora|brn
|-activate|p1a: Glimmora|ability: Toxic Debris
|-sidestart|p2: ygars|move: Toxic Spikes
|
|-damage|p1a: Glimmora|18/100 brn|[from] brn
|upkeep
|turn|8
|
|t:|1776132749
|switch|p1a: Chesnaught|Chesnaught, F|100/100
|move|p2a: Cinderace|Pyro Ball|p1a: Chesnaught
|-immune|p1a: Chesnaught|[from] ability: Bulletproof
|
|upkeep
|turn|9
|
|t:|1776132752
|move|p2a: Cinderace|U-turn|p1a: Chesnaught
|-start|p2a: Cinderace|typechange|Bug|[from] ability: Libero
|-damage|p1a: Chesnaught|73/100
|-damage|p2a: Cinderace|62/100|[from] item: Rocky Helmet|[of] p1a: Chesnaught
|
|t:|1776132755
|switch|p2a: Great Tusk|Great Tusk|57/100 psn|[from] U-turn
|move|p1a: Chesnaught|Knock Off|p2a: Great Tusk
|-resisted|p2a: Great Tusk
|-damage|p2a: Great Tusk|50/100 psn
|-damage|p1a: Chesnaught|57/100|[from] item: Rocky Helmet|[of] p2a: Great Tusk
|-enditem|p2a: Great Tusk|Rocky Helmet|[from] move: Knock Off|[of] p1a: Chesnaught
|
|-damage|p2a: Great Tusk|37/100 psn|[from] psn
|upkeep
|turn|10
|
|t:|1776132762
|-terastallize|p2a: Great Tusk|Dragon
|move|p2a: Great Tusk|Rapid Spin|p1a: Chesnaught
|-damage|p1a: Chesnaught|46/100
|-boost|p2a: Great Tusk|spe|1
|-damage|p2a: Great Tusk|21/100 psn|[from] item: Rocky Helmet|[of] p1a: Chesnaught
|-sideend|p2: ygars|Toxic Spikes|[from] move: Rapid Spin|[of] p2a: Great Tusk
|move|p1a: Chesnaught|Synthesis|p1a: Chesnaught
|-heal|p1a: Chesnaught|96/100
|
|-damage|p2a: Great Tusk|8/100 psn|[from] psn
|upkeep
|turn|11
|
|t:|1776132770
|move|p2a: Great Tusk|Stealth Rock|p1a: Chesnaught
|-sidestart|p1: carcol|move: Stealth Rock
|move|p1a: Chesnaught|Knock Off|p2a: Great Tusk
|-damage|p2a: Great Tusk|0 fnt
|faint|p2a: Great Tusk
|-end|p2a: Great Tusk|Protosynthesis|[silent]
|
|upkeep
|
|t:|1776132776
|switch|p2a: Kyurem|Kyurem|100/100
|-ability|p2a: Kyurem|Pressure
|turn|12
|
|t:|1776132789
|-terastallize|p1a: Chesnaught|Fire
|move|p2a: Kyurem|Draco Meteor|p1a: Chesnaught|[miss]
|-miss|p2a: Kyurem|p1a: Chesnaught
|move|p1a: Chesnaught|Body Press|p2a: Kyurem
|-supereffective|p2a: Kyurem
|-damage|p2a: Kyurem|43/100
|
|upkeep
|turn|13
|
|t:|1776132795
|move|p2a: Kyurem|Draco Meteor|p1a: Chesnaught
|-damage|p1a: Chesnaught|21/100
|-unboost|p2a: Kyurem|spa|2
|move|p1a: Chesnaught|Body Press|p2a: Kyurem
|-supereffective|p2a: Kyurem
|-damage|p2a: Kyurem|0 fnt
|faint|p2a: Kyurem
|
|upkeep
|c|☆ygars|thats so bullshit
|
|t:|1776132803
|switch|p2a: Tornadus|Tornadus-Therian, M|100/100
|turn|14
|c|☆carcol|bruh whatdid i do
|c|☆carcol|wait
|c|☆ygars|not you
|c|☆ygars|the game
|c|☆ygars|sorry i didnt mean it towards you
|
|t:|1776132832
|switch|p1a: Glimmora|Glimmora, M|18/100 brn
|-damage|p1a: Glimmora|5/100 brn|[from] Stealth Rock
|move|p2a: Tornadus|Bleakwind Storm|p1a: Glimmora|[miss]
|-miss|p2a: Tornadus|p1a: Glimmora
|
|-damage|p1a: Glimmora|0 fnt|[from] brn
|faint|p1a: Glimmora
|upkeep
|c|☆carcol|its ok
|
|t:|1776132839
|switch|p1a: Alomomola|Alomomola, F|91/100
|-damage|p1a: Alomomola|78/100|[from] Stealth Rock
|turn|15
|
|t:|1776132850
|move|p2a: Tornadus|Bleakwind Storm|p1a: Alomomola|[miss]
|-miss|p2a: Tornadus|p1a: Alomomola
|move|p1a: Alomomola|Flip Turn|p2a: Tornadus
|-damage|p2a: Tornadus|80/100
|
|t:|1776132854
|switch|p1a: Mienshao|Mienshao, M|100/100|[from] Flip Turn
|-damage|p1a: Mienshao|95/100|[from] Stealth Rock
|
|upkeep
|turn|16
|
|t:|1776132857
|move|p1a: Mienshao|Fake Out|p2a: Tornadus
|-crit|p2a: Tornadus
|-damage|p2a: Tornadus|46/100
|-damage|p1a: Mienshao|85/100|[from] item: Life Orb
|cant|p2a: Tornadus|flinch
|
|upkeep
|turn|17
|
|t:|1776132861
|switch|p1a: Alomomola|Alomomola, F|100/100
|-damage|p1a: Alomomola|88/100|[from] Stealth Rock
|move|p2a: Tornadus|Bleakwind Storm|p1a: Alomomola
|-damage|p1a: Alomomola|59/100
|-unboost|p1a: Alomomola|spe|1
|
|upkeep
|turn|18
|
|t:|1776132863
|move|p2a: Tornadus|Bleakwind Storm|p1a: Alomomola
|-damage|p1a: Alomomola|31/100
|move|p1a: Alomomola|Flip Turn|p2a: Tornadus
|-damage|p2a: Tornadus|27/100
|
|t:|1776132866
|switch|p1a: Mienshao|Mienshao, M|100/100|[from] Flip Turn
|-damage|p1a: Mienshao|95/100|[from] Stealth Rock
|
|upkeep
|turn|19
|
|t:|1776132875
|switch|p2a: Hatterene|Hatterene, F|100/100
|move|p1a: Mienshao|Fake Out|p2a: Hatterene
|-damage|p2a: Hatterene|85/100
|-damage|p1a: Mienshao|85/100|[from] item: Life Orb
|
|-heal|p2a: Hatterene|91/100|[from] item: Leftovers
|upkeep
|turn|20
|
|t:|1776132882
|move|p1a: Mienshao|U-turn|p2a: Hatterene
|-damage|p2a: Hatterene|66/100
|-damage|p1a: Mienshao|75/100|[from] item: Life Orb
|
|t:|1776132885
|switch|p1a: Alomomola|Alomomola, F|64/100|[from] U-turn
|-damage|p1a: Alomomola|52/100|[from] Stealth Rock
|move|p2a: Hatterene|Nuzzle|p1a: Alomomola
|-supereffective|p1a: Alomomola
|-damage|p1a: Alomomola|46/100
|-status|p1a: Alomomola|par
|
|-heal|p2a: Hatterene|72/100|[from] item: Leftovers
|upkeep
|turn|21
|
|t:|1776132890
|move|p2a: Hatterene|Draining Kiss|p1a: Alomomola
|-damage|p1a: Alomomola|29/100 par
|-heal|p2a: Hatterene|94/100|[from] drain|[of] p1a: Alomomola
|cant|p1a: Alomomola|par
|
|-heal|p2a: Hatterene|99/100|[from] item: Leftovers
|upkeep
|turn|22
|
|t:|1776132899
|switch|p1a: Chesnaught|Chesnaught, F, tera:Fire|21/100
|-damage|p1a: Chesnaught|0 fnt|[from] Stealth Rock
|faint|p1a: Chesnaught
|move|p2a: Hatterene|Psychic Noise|p1: Chesnaught|[notarget]
|-fail|p2a: Hatterene
|
|-heal|p2a: Hatterene|100/100|[from] item: Leftovers
|upkeep
|
|t:|1776132901
|switch|p1a: Alomomola|Alomomola, F|62/100 par
|-damage|p1a: Alomomola|50/100 par|[from] Stealth Rock
|turn|23
|
|t:|1776132905
|move|p2a: Hatterene|Psychic Noise|p1a: Alomomola
|-damage|p1a: Alomomola|27/100 par
|-start|p1a: Alomomola|move: Heal Block
|cant|p1a: Alomomola|move: Heal Block|Wish
|
|upkeep
|turn|24
|
|t:|1776132911
|move|p2a: Hatterene|Psychic Noise|p1a: Alomomola
|-damage|p1a: Alomomola|1/100 par
|move|p1a: Alomomola|Mirror Coat|p2a: Hatterene
|-damage|p2a: Hatterene|15/100
|
|-heal|p2a: Hatterene|21/100|[from] item: Leftovers
|-end|p1a: Alomomola|move: Heal Block
|upkeep
|turn|25
|
|t:|1776132919
|move|p2a: Hatterene|Draining Kiss|p1a: Alomomola
|-damage|p1a: Alomomola|0 fnt
|-heal|p2a: Hatterene|22/100|[from] drain|[of] p1a: Alomomola
|faint|p1a: Alomomola
|
|-heal|p2a: Hatterene|28/100|[from] item: Leftovers
|upkeep
|
|t:|1776132922
|switch|p1a: Porygon-Z|Porygon-Z|100/100
|-damage|p1a: Porygon-Z|88/100|[from] Stealth Rock
|-ability|p1a: Porygon-Z|Download|boost
|-boost|p1a: Porygon-Z|spa|1
|turn|26
|
|t:|1776132927
|move|p1a: Porygon-Z|Tri Attack|p2a: Hatterene
|-damage|p2a: Hatterene|0 fnt
|faint|p2a: Hatterene
|
|upkeep
|
|t:|1776132933
|switch|p2a: Tornadus|Tornadus-Therian, M|60/100
|turn|27
|
|t:|1776132936
|move|p1a: Porygon-Z|Tri Attack|p2a: Tornadus
|-damage|p2a: Tornadus|19/100
|move|p2a: Tornadus|Knock Off|p1a: Porygon-Z
|-damage|p1a: Porygon-Z|61/100
|-enditem|p1a: Porygon-Z|Choice Scarf|[from] move: Knock Off|[of] p2a: Tornadus
|
|upkeep
|turn|28
|
|t:|1776132941
|move|p2a: Tornadus|Bleakwind Storm|p1a: Porygon-Z
|-damage|p1a: Porygon-Z|5/100
|move|p1a: Porygon-Z|Tri Attack|p2a: Tornadus
|-damage|p2a: Tornadus|0 fnt
|faint|p2a: Tornadus
|
|upkeep
|
|t:|1776132945
|switch|p2a: Cinderace|Cinderace, F|62/100
|turn|29
|
|t:|1776132949
|move|p2a: Cinderace|Pyro Ball|p1a: Porygon-Z|[miss]
|-miss|p2a: Cinderace|p1a: Porygon-Z
|move|p1a: Porygon-Z|Tri Attack|p2a: Cinderace
|-damage|p2a: Cinderace|0 fnt
|faint|p2a: Cinderace
|
|upkeep
|c|☆carcol|how did it live
|c|☆ygars|broi
|c|☆ygars|bro
|c|☆ygars|bro
|c|☆ygars|what
|c|☆ygars|how
|c|☆ygars|everythign is missing
|c|☆ygars|im actually twaking bro
|
|t:|1776132966
|switch|p2a: Kingambit|Kingambit, F|100/100
|-activate|p2a: Kingambit|ability: Supreme Overlord
|-start|p2a: Kingambit|fallen5|[silent]
|turn|30
|c|☆carcol|welcome to not using 100% accurate moves
|c|☆carcol|happened to me alot
|
|t:|1776132973
|move|p2a: Kingambit|Sucker Punch|p1a: Porygon-Z
|-damage|p1a: Porygon-Z|0 fnt
|faint|p1a: Porygon-Z
|
|upkeep
|
|t:|1776132976
|switch|p1a: Mienshao|Mienshao, M|100/100
|-damage|p1a: Mienshao|95/100|[from] Stealth Rock
|turn|31
|
|t:|1776132985
|move|p1a: Mienshao|Close Combat|p2a: Kingambit
|-supereffective|p2a: Kingambit
|-damage|p2a: Kingambit|0 fnt
|-unboost|p1a: Mienshao|def|1
|-unboost|p1a: Mienshao|spd|1
|faint|p2a: Kingambit
|-end|p2a: Kingambit|fallen5|[silent]
|-damage|p1a: Mienshao|85/100|[from] item: Life Orb
|
|win|carcol
|raw|carcol's rating: 1356 &rarr; <strong>1379</strong><br />(+23 for winning)
|raw|ygars's rating: 1400 &rarr; <strong>1377</strong><br />(-23 for losing)
