|html|<div class="broadcast-blue"><strong>[Gen 9] OU is currently suspecting Tera Blast! For information on how to participate check out the <a href="https://www.smogon.com/tools/suspects/view/200">suspect thread</a>.</strong></div>
|j|☆Mangareader14
|j|☆partisanpizza
|t:|1776059678
|gametype|singles
|player|p1|Mangareader14|acetrainer|1100
|player|p2|partisanpizza|bugcatcher-gen4dp|1136
|gen|9
|tier|[Gen 9] OU
|rated|
|rule|HP Percentage Mod: HP is shown in percentages
|rule|Endless Battle Clause: Forcing endless battles is banned
|rule|Species Clause: Limit one of each Pokémon
|rule|OHKO Clause: OHKO moves are banned
|rule|Evasion Items Clause: Evasion items are banned
|rule|Evasion Moves Clause: Evasion moves are banned
|rule|Evasion Abilities Clause: Evasion abilities are banned
|rule|Sleep Moves Clause: Sleep-inducing moves are banned
|clearpoke
|poke|p1|Dragapult, M|
|poke|p1|Gliscor, F|
|poke|p1|Iron Crown|
|poke|p1|Iron Valiant|
|poke|p1|Primarina, M|
|poke|p1|Cinderace, F|
|poke|p2|Gliscor, F|
|poke|p2|Rotom-Wash|
|poke|p2|Politoed, M|
|poke|p2|Pelipper, F|
|poke|p2|Kingdra, M|
|poke|p2|Scizor, M|
|teampreview
|
|t:|1776059691
|teamsize|p1|6
|teamsize|p2|6
|start
|switch|p1a: Primarina|Primarina, M|100/100
|switch|p2a: Gloober|Gliscor, F|100/100
|turn|1
|
|t:|1776059707
|move|p2a: Gloober|Knock Off|p1a: Primarina
|-resisted|p1a: Primarina
|-crit|p1a: Primarina
|-damage|p1a: Primarina|83/100
|-enditem|p1a: Primarina|Big Root|[from] move: Knock Off|[of] p2a: Gloober
|move|p1a: Primarina|Ice Beam|p2a: Gloober
|-supereffective|p2a: Gloober
|-damage|p2a: Gloober|0 fnt
|faint|p2a: Gloober
|
|upkeep
|
|t:|1776059718
|switch|p2a: Bunnings|Rotom-Wash|100/100
|turn|2
|
|t:|1776059731
|move|p2a: Bunnings|Thunderbolt|p1a: Primarina
|-supereffective|p1a: Primarina
|-damage|p1a: Primarina|25/100
|move|p1a: Primarina|Calm Mind|p1a: Primarina
|-boost|p1a: Primarina|spa|1
|-boost|p1a: Primarina|spd|1
|
|upkeep
|turn|3
|
|t:|1776059738
|move|p2a: Bunnings|Thunderbolt|p1a: Primarina
|-supereffective|p1a: Primarina
|-damage|p1a: Primarina|0 fnt
|faint|p1a: Primarina
|
|upkeep
|
|t:|1776059750
|switch|p1a: Iron Crown|Iron Crown|100/100
|-enditem|p1a: Iron Crown|Booster Energy
|-activate|p1a: Iron Crown|ability: Quark Drive|[fromitem]
|-start|p1a: Iron Crown|quarkdrivespa
|turn|4
|
|t:|1776059760
|move|p1a: Iron Crown|Agility|p1a: Iron Crown
|-boost|p1a: Iron Crown|spe|2
|move|p2a: Bunnings|Will-O-Wisp|p1a: Iron Crown
|-status|p1a: Iron Crown|brn
|
|-damage|p1a: Iron Crown|94/100 brn|[from] brn
|upkeep
|turn|5
|
|t:|1776059770
|move|p1a: Iron Crown|Agility|p1a: Iron Crown
|-boost|p1a: Iron Crown|spe|2
|move|p2a: Bunnings|Nasty Plot|p2a: Bunnings
|-boost|p2a: Bunnings|spa|2
|
|-damage|p1a: Iron Crown|88/100 brn|[from] brn
|upkeep
|turn|6
|
|t:|1776059779
|move|p1a: Iron Crown|Agility|p1a: Iron Crown
|-boost|p1a: Iron Crown|spe|2
|move|p2a: Bunnings|Hydro Pump|p1a: Iron Crown
|-damage|p1a: Iron Crown|1/100 brn
|
|-damage|p1a: Iron Crown|0 fnt|[from] brn
|faint|p1a: Iron Crown
|-end|p1a: Iron Crown|Quark Drive|[silent]
|upkeep
|
|t:|1776059791
|switch|p1a: Iron Valiant|Iron Valiant|100/100
|-enditem|p1a: Iron Valiant|Booster Energy
|-activate|p1a: Iron Valiant|ability: Quark Drive|[fromitem]
|-start|p1a: Iron Valiant|quarkdriveatk
|turn|7
|
|t:|1776059798
|move|p1a: Iron Valiant|Knock Off|p2a: Bunnings
|-damage|p2a: Bunnings|63/100
|-enditem|p2a: Bunnings|Leftovers|[from] move: Knock Off|[of] p1a: Iron Valiant
|move|p2a: Bunnings|Thunderbolt|p1a: Iron Valiant
|-damage|p1a: Iron Valiant|0 fnt
|faint|p1a: Iron Valiant
|-end|p1a: Iron Valiant|Quark Drive|[silent]
|
|upkeep
|
|t:|1776059804
|switch|p1a: Gliscor|Gliscor, F|100/100
|turn|8
|
|t:|1776059809
|move|p1a: Gliscor|Substitute|p1a: Gliscor
|-start|p1a: Gliscor|Substitute
|-damage|p1a: Gliscor|76/100
|move|p2a: Bunnings|Hydro Pump|p1a: Gliscor|[miss]
|-miss|p2a: Bunnings|p1a: Gliscor
|
|-status|p1a: Gliscor|tox|[from] item: Toxic Orb
|upkeep
|turn|9
|
|t:|1776059817
|move|p1a: Gliscor|Toxic|p2a: Bunnings
|-status|p2a: Bunnings|tox
|move|p2a: Bunnings|Hydro Pump|p1a: Gliscor
|-supereffective|p1a: Gliscor
|-end|p1a: Gliscor|Substitute
|
|-heal|p1a: Gliscor|88/100 tox|[from] ability: Poison Heal
|-damage|p2a: Bunnings|57/100 tox|[from] psn
|upkeep
|turn|10
|
|t:|1776059828
|move|p1a: Gliscor|Substitute|p1a: Gliscor
|-start|p1a: Gliscor|Substitute
|-damage|p1a: Gliscor|63/100 tox
|move|p2a: Bunnings|Hydro Pump|p1a: Gliscor
|-supereffective|p1a: Gliscor
|-end|p1a: Gliscor|Substitute
|
|-heal|p1a: Gliscor|76/100 tox|[from] ability: Poison Heal
|-damage|p2a: Bunnings|44/100 tox|[from] psn
|upkeep
|turn|11
|
|t:|1776059839
|switch|p2a: Goobert|Politoed, M|100/100
|-weather|RainDance|[from] ability: Drizzle|[of] p2a: Goobert
|move|p1a: Gliscor|Substitute|p1a: Gliscor
|-start|p1a: Gliscor|Substitute
|-damage|p1a: Gliscor|51/100 tox
|
|-weather|RainDance|[upkeep]
|-heal|p1a: Gliscor|63/100 tox|[from] ability: Poison Heal
|upkeep
|turn|12
|
|t:|1776059851
|switch|p2a: Sloober|Scizor, M|100/100
|move|p1a: Gliscor|Toxic|p2a: Sloober
|-immune|p2a: Sloober
|
|-weather|RainDance|[upkeep]
|-heal|p1a: Gliscor|76/100 tox|[from] ability: Poison Heal
|upkeep
|turn|13
|
|t:|1776059861
|move|p2a: Sloober|Bullet Punch|p1a: Gliscor
|-activate|p1a: Gliscor|move: Substitute|[damage]
|move|p1a: Gliscor|Earthquake|p2a: Sloober
|-damage|p2a: Sloober|68/100
|
|-weather|RainDance|[upkeep]
|-heal|p1a: Gliscor|88/100 tox|[from] ability: Poison Heal
|upkeep
|turn|14
|
|t:|1776059871
|move|p2a: Sloober|Bullet Punch|p1a: Gliscor
|-end|p1a: Gliscor|Substitute
|move|p1a: Gliscor|Earthquake|p2a: Sloober
|-damage|p2a: Sloober|36/100
|
|-weather|RainDance|[upkeep]
|-heal|p1a: Gliscor|100/100 tox|[from] ability: Poison Heal
|upkeep
|turn|15
|
|t:|1776059880
|move|p1a: Gliscor|Substitute|p1a: Gliscor
|-start|p1a: Gliscor|Substitute
|-damage|p1a: Gliscor|76/100 tox
|move|p2a: Sloober|Lunge|p1a: Gliscor
|-resisted|p1a: Gliscor
|-activate|p1a: Gliscor|move: Substitute|[damage]
|
|-weather|RainDance|[upkeep]
|-heal|p1a: Gliscor|88/100 tox|[from] ability: Poison Heal
|upkeep
|turn|16
|
|t:|1776059890
|move|p1a: Gliscor|Earthquake|p2a: Sloober
|-damage|p2a: Sloober|5/100
|move|p2a: Sloober|Tailwind|p2a: Sloober
|-sidestart|p2: partisanpizza|move: Tailwind
|
|-weather|RainDance|[upkeep]
|-heal|p1a: Gliscor|100/100 tox|[from] ability: Poison Heal
|upkeep
|turn|17
|
|t:|1776059899
|move|p2a: Sloober|Aerial Ace|p1a: Gliscor
|-end|p1a: Gliscor|Substitute
|move|p1a: Gliscor|Earthquake|p2a: Sloober
|-damage|p2a: Sloober|0 fnt
|faint|p2a: Sloober
|
|-weather|RainDance|[upkeep]
|upkeep
|
|t:|1776059908
|switch|p2a: Louis XVI|Kingdra, M|100/100
|turn|18
|
|t:|1776059914
|move|p2a: Louis XVI|Weather Ball|p1a: Gliscor
|-supereffective|p1a: Gliscor
|-crit|p1a: Gliscor
|-damage|p1a: Gliscor|0 fnt
|faint|p1a: Gliscor
|
|-weather|none
|upkeep
|
|t:|1776059918
|switch|p1a: Dragapult|Dragapult, M|100/100
|-item|p1a: Dragapult|Air Balloon
|turn|19
|
|t:|1776059924
|switch|p2a: Bunnings|Rotom-Wash|44/100 tox
|move|p1a: Dragapult|Dragon Claw|p2a: Bunnings
|-damage|p2a: Bunnings|11/100 tox
|
|-damage|p2a: Bunnings|4/100 tox|[from] psn
|-sideend|p2: partisanpizza|move: Tailwind
|upkeep
|turn|20
|
|t:|1776059937
|move|p1a: Dragapult|Sucker Punch||[still]
|-fail|p1a: Dragapult
|move|p2a: Bunnings|Will-O-Wisp|p1a: Dragapult
|-status|p1a: Dragapult|brn
|
|-damage|p2a: Bunnings|0 fnt|[from] psn
|faint|p2a: Bunnings
|-damage|p1a: Dragapult|95/100 brn|[from] brn
|upkeep
|
|t:|1776059949
|switch|p2a: Ploober|Pelipper, F|100/100
|-weather|RainDance|[from] ability: Drizzle|[of] p2a: Ploober
|turn|21
|
|t:|1776059955
|move|p1a: Dragapult|Dragon Dance|p1a: Dragapult
|-boost|p1a: Dragapult|atk|1
|-boost|p1a: Dragapult|spe|1
|move|p2a: Ploober|Tailwind|p2a: Ploober
|-sidestart|p2: partisanpizza|move: Tailwind
|
|-weather|RainDance|[upkeep]
|-damage|p1a: Dragapult|89/100 brn|[from] brn
|upkeep
|turn|22
|
|t:|1776059963
|move|p1a: Dragapult|Dragon Dance|p1a: Dragapult
|-boost|p1a: Dragapult|atk|1
|-boost|p1a: Dragapult|spe|1
|move|p2a: Ploober|Hurricane|p1a: Dragapult
|-damage|p1a: Dragapult|26/100 brn
|-start|p1a: Dragapult|confusion
|-enditem|p1a: Dragapult|Air Balloon
|
|-weather|RainDance|[upkeep]
|-damage|p1a: Dragapult|20/100 brn|[from] brn
|upkeep
|turn|23
|
|t:|1776059977
|-activate|p1a: Dragapult|confusion
|move|p1a: Dragapult|Sucker Punch|p2a: Ploober
|-damage|p2a: Ploober|70/100
|move|p2a: Ploober|Hurricane|p1a: Dragapult
|-damage|p1a: Dragapult|0 fnt
|faint|p1a: Dragapult
|
|-weather|RainDance|[upkeep]
|upkeep
|
|t:|1776059983
|switch|p1a: Cinderace|Cinderace, F|100/100
|turn|24
|
|t:|1776059997
|move|p1a: Cinderace|Sucker Punch|p2a: Ploober
|-start|p1a: Cinderace|typechange|Dark|[from] ability: Libero
|-damage|p2a: Ploober|26/100
|move|p2a: Ploober|Weather Ball|p1a: Cinderace
|-damage|p1a: Cinderace|7/100
|
|-weather|RainDance|[upkeep]
|-sideend|p2: partisanpizza|move: Tailwind
|upkeep
|turn|25
|
|t:|1776060008
|move|p1a: Cinderace|Sucker Punch||[still]
|-fail|p1a: Cinderace
|move|p2a: Ploober|Tailwind|p2a: Ploober
|-sidestart|p2: partisanpizza|move: Tailwind
|
|-weather|RainDance|[upkeep]
|upkeep
|turn|26
|
|t:|1776060016
|move|p1a: Cinderace|Sucker Punch|p2a: Ploober
|-damage|p2a: Ploober|0 fnt
|faint|p2a: Ploober
|
|-weather|RainDance|[upkeep]
|upkeep
|
|t:|1776060020
|switch|p2a: Goobert|Politoed, M|100/100
|turn|27
|
|t:|1776060026
|move|p1a: Cinderace|Pyro Ball|p2a: Goobert
|-resisted|p2a: Goobert
|-damage|p2a: Goobert|92/100
|move|p2a: Goobert|Weather Ball|p1a: Cinderace
|-damage|p1a: Cinderace|0 fnt
|faint|p1a: Cinderace
|
|win|partisanpizza
|raw|Mangareader14's rating: 1100 &rarr; <strong>1078</strong><br />(-22 for losing)
|raw|partisanpizza's rating: 1136 &rarr; <strong>1158</strong><br />(+22 for winning)
|l|☆Mangareader14
|player|p1|
|l|☆partisanpizza
|player|p2|
