|html|<div class="broadcast-blue"><strong>[Gen 9] OU is currently suspecting Tera Blast! For information on how to participate check out the <a href="https://www.smogon.com/tools/suspects/view/200">suspect thread</a>.</strong></div>
|j|☆Sprakenheit
|j|☆loudclouds103
|t:|1776074250
|gametype|singles
|player|p1|Sprakenheit|marley|1204
|player|p2|loudclouds103|102|1158
|gen|9
|tier|[Gen 9] OU
|rated|
|rule|HP Percentage Mod: HP is shown in percentages
|rule|Endless Battle Clause: Forcing endless battles is banned
|rule|Species Clause: Limit one of each Pokémon
|rule|OHKO Clause: OHKO moves are banned
|rule|Evasion Items Clause: Evasion items are banned
|rule|Evasion Moves Clause: Evasion moves are banned
|rule|Evasion Abilities Clause: Evasion abilities are banned
|rule|Sleep Moves Clause: Sleep-inducing moves are banned
|clearpoke
|poke|p1|Great Tusk|
|poke|p1|Corviknight, F|
|poke|p1|Raging Bolt|
|poke|p1|Meowscarada, F|
|poke|p1|Slowking-Galar, F|
|poke|p1|Kyurem|
|poke|p2|Gyarados, F|
|poke|p2|Luxray, M|
|poke|p2|Volcanion|
|poke|p2|Dipplin, F|
|poke|p2|Jirachi|
|poke|p2|Exeggutor, F|
|teampreview
|inactive|Battle timer is ON: inactive players will automatically lose when time's up. (requested by loudclouds103)
|
|t:|1776074282
|teamsize|p1|6
|teamsize|p2|6
|start
|switch|p1a: Meowscarada|Meowscarada, F|100/100
|switch|p2a: Luxray|Luxray, M|100/100
|turn|1
|
|t:|1776074304
|move|p1a: Meowscarada|U-turn|p2a: Luxray
|-start|p1a: Meowscarada|typechange|Bug|[from] ability: Protean
|-damage|p2a: Luxray|58/100
|
|t:|1776074313
|switch|p1a: Slowking|Slowking-Galar, F|100/100|[from] U-turn
|move|p2a: Luxray|Trailblaze|p1a: Slowking
|-resisted|p1a: Slowking
|-damage|p1a: Slowking|92/100
|-boost|p2a: Luxray|spe|1
|
|-status|p2a: Luxray|brn|[from] item: Flame Orb
|upkeep
|turn|2
|
|t:|1776074329
|move|p2a: Luxray|Facade|p1a: Slowking
|-damage|p1a: Slowking|17/100
|move|p1a: Slowking|Sludge Bomb|p2a: Luxray
|-damage|p2a: Luxray|14/100 brn
|
|-damage|p2a: Luxray|8/100 brn|[from] brn
|upkeep
|turn|3
|
|t:|1776074339
|switch|p1a: Corviknight|Corviknight, F|100/100
|-ability|p1a: Corviknight|Pressure
|move|p2a: Luxray|Facade|p1a: Corviknight
|-resisted|p1a: Corviknight
|-damage|p1a: Corviknight|80/100
|-damage|p2a: Luxray|0 fnt|[from] item: Rocky Helmet|[of] p1a: Corviknight
|faint|p2a: Luxray
|
|upkeep
|
|t:|1776074344
|switch|p2a: Volcanion|Volcanion|100/100
|turn|4
|
|t:|1776074351
|switch|p1a: Raging Bolt|Raging Bolt|100/100
|move|p2a: Volcanion|Flamethrower|p1a: Raging Bolt
|-resisted|p1a: Raging Bolt
|-damage|p1a: Raging Bolt|85/100
|
|upkeep
|turn|5
|
|t:|1776074358
|move|p1a: Raging Bolt|Thunderbolt|p2a: Volcanion
|-supereffective|p2a: Volcanion
|-damage|p2a: Volcanion|33/100
|move|p2a: Volcanion|Earth Power|p1a: Raging Bolt
|-supereffective|p1a: Raging Bolt
|-damage|p1a: Raging Bolt|41/100
|
|upkeep
|turn|6
|
|t:|1776074367
|switch|p2a: Exeggutor|Exeggutor, F|100/100
|move|p1a: Raging Bolt|Thunderbolt|p2a: Exeggutor
|-resisted|p2a: Exeggutor
|-damage|p2a: Exeggutor|72/100
|
|upkeep
|turn|7
|
|t:|1776074383
|-end|p1a: Raging Bolt|Protosynthesis|[silent]
|switch|p1a: Slowking|Slowking-Galar, F|50/100
|move|p2a: Exeggutor|Psychic|p1a: Slowking
|-damage|p1a: Slowking|18/100
|
|upkeep
|turn|8
|
|t:|1776074388
|switch|p1a: Meowscarada|Meowscarada, F|100/100
|move|p2a: Exeggutor|Psychic|p1a: Meowscarada
|-immune|p1a: Meowscarada
|
|upkeep
|turn|9
|
|t:|1776074394
|switch|p2a: Jirachi|Jirachi|100/100
|move|p1a: Meowscarada|U-turn|p2a: Jirachi
|-start|p1a: Meowscarada|typechange|Bug|[from] ability: Protean
|-crit|p2a: Jirachi
|-damage|p2a: Jirachi|49/100
|-message|loudclouds103 forfeited.
|
|win|Sprakenheit
|raw|Sprakenheit's rating: 1204 &rarr; <strong>1226</strong><br />(+22 for winning)
|raw|loudclouds103's rating: 1158 &rarr; <strong>1136</strong><br />(-22 for losing)
|l|☆loudclouds103
|player|p2|
|l|☆Sprakenheit
|player|p1|
