|html|<div class="broadcast-blue"><strong>[Gen 9] OU is currently suspecting Tera Blast! For information on how to participate check out the <a href="https://www.smogon.com/tools/suspects/view/200">suspect thread</a>.</strong></div>
|j|☆Mynamejeff99
|j|☆magistermilitum420
|t:|1776272559
|gametype|singles
|player|p1|Mynamejeff99|102|1315
|player|p2|magistermilitum420|blue|1345
|gen|9
|tier|[Gen 9] OU
|rated|
|rule|HP Percentage Mod: HP is shown in percentages
|rule|Endless Battle Clause: Forcing endless battles is banned
|rule|Species Clause: Limit one of each Pokémon
|rule|OHKO Clause: OHKO moves are banned
|rule|Evasion Items Clause: Evasion items are banned
|rule|Evasion Moves Clause: Evasion moves are banned
|rule|Evasion Abilities Clause: Evasion abilities are banned
|rule|Sleep Moves Clause: Sleep-inducing moves are banned
|clearpoke
|poke|p1|Lokix, F|
|poke|p1|Great Tusk|
|poke|p1|Slowking-Galar, M|
|poke|p1|Corviknight, F|
|poke|p1|Dragapult, M|
|poke|p1|Volcanion|
|poke|p2|Meowscarada, M|
|poke|p2|Great Tusk|
|poke|p2|Alomomola, M|
|poke|p2|Slowking-Galar, M|
|poke|p2|Iron Valiant|
|poke|p2|Heatran, F|
|teampreview
|inactive|Battle timer is ON: inactive players will automatically lose when time's up. (requested by Mynamejeff99)
|
|t:|1776272570
|teamsize|p1|6
|teamsize|p2|6
|start
|switch|p1a: Lokix|Lokix, F|100/100
|switch|p2a: Mahad|Meowscarada, M, shiny|100/100
|turn|1
|
|t:|1776272579
|switch|p2a: Charybdis|Alomomola, M, shiny|100/100
|move|p1a: Lokix|First Impression|p2a: Charybdis
|-crit|p2a: Charybdis
|-damage|p2a: Charybdis|49/100
|-damage|p1a: Lokix|84/100|[from] item: Rocky Helmet|[of] p2a: Charybdis
|
|upkeep
|turn|2
|
|t:|1776272593
|switch|p1a: Slowking|Slowking-Galar, M|100/100
|move|p2a: Charybdis|Wish|p2a: Charybdis
|
|upkeep
|turn|3
|
|t:|1776272599
|move|p2a: Charybdis|Flip Turn|p1a: Slowking
|-damage|p1a: Slowking|88/100
|
|t:|1776272608
|switch|p2a: Mahad|Meowscarada, M, shiny|100/100|[from] Flip Turn
|move|p1a: Slowking|Trick|p2a: Mahad
|-activate|p1a: Slowking|move: Trick|[of] p2a: Mahad
|-item|p2a: Mahad|Black Sludge|[from] move: Trick
|-item|p1a: Slowking|Choice Scarf|[from] move: Trick
|
|-damage|p2a: Mahad|88/100|[from] item: Black Sludge
|upkeep
|turn|4
|
|t:|1776272621
|move|p2a: Mahad|Knock Off|p1a: Slowking
|-start|p2a: Mahad|typechange|Dark|[from] ability: Protean
|-supereffective|p1a: Slowking
|-damage|p1a: Slowking|21/100
|-enditem|p1a: Slowking|Choice Scarf|[from] move: Knock Off|[of] p2a: Mahad
|move|p1a: Slowking|Sludge Bomb|p2a: Mahad
|-damage|p2a: Mahad|32/100
|
|-damage|p2a: Mahad|20/100|[from] item: Black Sludge
|upkeep
|turn|5
|
|t:|1776272636
|switch|p1a: Corviknight|Corviknight, F|100/100
|-ability|p1a: Corviknight|Pressure
|move|p2a: Mahad|Knock Off|p1a: Corviknight
|-damage|p1a: Corviknight|66/100
|-enditem|p1a: Corviknight|Covert Cloak|[from] move: Knock Off|[of] p2a: Mahad
|
|-damage|p2a: Mahad|7/100|[from] item: Black Sludge
|upkeep
|turn|6
|
|t:|1776272645
|switch|p2a: Charybdis|Alomomola, M, shiny|83/100
|move|p1a: Corviknight|Roost|p1a: Corviknight
|-heal|p1a: Corviknight|100/100
|-singleturn|p1a: Corviknight|move: Roost
|
|upkeep
|turn|7
|
|t:|1776272653
|move|p1a: Corviknight|Brave Bird|p2a: Charybdis
|-damage|p2a: Charybdis|62/100
|-damage|p1a: Corviknight|84/100|[from] item: Rocky Helmet|[of] p2a: Charybdis
|-damage|p1a: Corviknight|75/100|[from] Recoil
|move|p2a: Charybdis|Wish|p2a: Charybdis
|
|upkeep
|turn|8
|
|t:|1776272660
|move|p1a: Corviknight|U-turn|p2a: Charybdis
|-damage|p2a: Charybdis|55/100
|-damage|p1a: Corviknight|58/100|[from] item: Rocky Helmet|[of] p2a: Charybdis
|
|t:|1776272663
|switch|p1a: Slowking|Slowking-Galar, M|54/100|[from] U-turn
|move|p2a: Charybdis|Flip Turn|p1a: Slowking
|-damage|p1a: Slowking|41/100
|
|t:|1776272669
|switch|p2a: Mahad|Meowscarada, M, shiny|7/100|[from] Flip Turn
|
|-heal|p2a: Mahad|98/100|[from] move: Wish|[wisher] Charybdis
|-damage|p2a: Mahad|86/100|[from] item: Black Sludge
|upkeep
|turn|9
|
|t:|1776272679
|switch|p1a: Corviknight|Corviknight, F|58/100
|-ability|p1a: Corviknight|Pressure
|move|p2a: Mahad|U-turn|p1a: Corviknight
|-start|p2a: Mahad|typechange|Bug|[from] ability: Protean
|-resisted|p1a: Corviknight
|-damage|p1a: Corviknight|52/100
|
|t:|1776272688
|switch|p2a: Charybdis|Alomomola, M, shiny|89/100|[from] U-turn
|
|upkeep
|turn|10
|
|t:|1776272694
|move|p1a: Corviknight|Roost|p1a: Corviknight
|-heal|p1a: Corviknight|100/100
|-singleturn|p1a: Corviknight|move: Roost
|move|p2a: Charybdis|Scald|p1a: Corviknight
|-damage|p1a: Corviknight|90/100
|
|upkeep
|turn|11
|
|t:|1776272705
|move|p1a: Corviknight|Defog|p2a: Charybdis
|-unboost|p2a: Charybdis|evasion|1
|move|p2a: Charybdis|Scald|p1a: Corviknight
|-damage|p1a: Corviknight|81/100
|
|upkeep
|turn|12
|
|t:|1776272713
|move|p1a: Corviknight|U-turn|p2a: Charybdis
|-damage|p2a: Charybdis|80/100
|-damage|p1a: Corviknight|65/100|[from] item: Rocky Helmet|[of] p2a: Charybdis
|
|t:|1776272716
|switch|p1a: Slowking|Slowking-Galar, M|74/100|[from] U-turn
|move|p2a: Charybdis|Wish|p2a: Charybdis
|
|upkeep
|turn|13
|inactive|Mynamejeff99 has 120 seconds left.
|
|t:|1776272747
|move|p2a: Charybdis|Flip Turn|p1a: Slowking
|-damage|p1a: Slowking|63/100
|
|t:|1776272752
|switch|p2a: Mithridates|Slowking-Galar, M|100/100|[from] Flip Turn
|move|p1a: Slowking|Sludge Bomb|p2a: Mithridates
|-resisted|p2a: Mithridates
|-damage|p2a: Mithridates|93/100
|
|-heal|p2a: Mithridates|100/100|[from] move: Wish|[wisher] Charybdis
|upkeep
|turn|14
|inactive|Mynamejeff99 has 120 seconds left.
|
|t:|1776272782
|move|p2a: Mithridates|Future Sight|p1a: Slowking
|-start|p2a: Mithridates|move: Future Sight
|move|p1a: Slowking|Trick|p2a: Mithridates
|-activate|p1a: Slowking|move: Trick|[of] p2a: Mithridates
|-enditem|p2a: Mithridates|Assault Vest|[silent]|[from] move: Trick
|-item|p1a: Slowking|Assault Vest|[from] move: Trick
|
|upkeep
|turn|15
|
|t:|1776272799
|move|p2a: Mithridates|Psychic Noise|p1a: Slowking
|-damage|p1a: Slowking|43/100
|-start|p1a: Slowking|move: Heal Block
|move|p1a: Slowking|Future Sight|p2a: Mithridates
|-start|p1a: Slowking|move: Future Sight
|
|upkeep
|turn|16
|inactive|Mynamejeff99 has 120 seconds left.
|
|t:|1776272815
|switch|p1a: Lokix|Lokix, F|84/100
|move|p2a: Mithridates|Sludge Bomb|p1a: Lokix
|-damage|p1a: Lokix|7/100
|
|-end|p1a: Lokix|move: Future Sight
|-immune|p1a: Lokix
|upkeep
|turn|17
|inactive|Mynamejeff99 has 120 seconds left.
|
|t:|1776272829
|switch|p2a: Charybdis|Alomomola, M, shiny|100/100
|move|p1a: Lokix|Leech Life|p2a: Charybdis
|-damage|p2a: Charybdis|68/100
|-heal|p1a: Lokix|37/100|[from] drain|[of] p2a: Charybdis
|-damage|p1a: Lokix|20/100|[from] item: Rocky Helmet|[of] p2a: Charybdis
|
|-end|p2a: Charybdis|move: Future Sight
|-damage|p2a: Charybdis|15/100
|upkeep
|turn|18
|
|t:|1776272844
|switch|p2a: Vulcanus|Heatran, F, shiny|100/100
|move|p1a: Lokix|Leech Life|p2a: Vulcanus
|-resisted|p2a: Vulcanus
|-damage|p2a: Vulcanus|73/100
|-heal|p1a: Lokix|36/100|[from] drain|[of] p2a: Vulcanus
|
|upkeep
|turn|19
|
|t:|1776272852
|switch|p1a: Slowking|Slowking-Galar, M|76/100
|move|p2a: Vulcanus|Overheat|p1a: Slowking
|-damage|p1a: Slowking|26/100
|-unboost|p2a: Vulcanus|spa|2
|
|upkeep
|turn|20
|
|t:|1776272866
|move|p2a: Vulcanus|Overheat|p1a: Slowking
|-crit|p1a: Slowking
|-damage|p1a: Slowking|0 fnt
|-unboost|p2a: Vulcanus|spa|2
|faint|p1a: Slowking
|
|upkeep
|
|t:|1776272872
|switch|p1a: Volcanion|Volcanion|100/100
|turn|21
|
|t:|1776272879
|switch|p2a: Mithridates|Slowking-Galar, M|100/100
|move|p1a: Volcanion|Steam Eruption|p2a: Mithridates|[miss]
|-miss|p1a: Volcanion|p2a: Mithridates
|
|upkeep
|turn|22
|
|t:|1776272888
|move|p1a: Volcanion|Earth Power|p2a: Mithridates
|-supereffective|p2a: Mithridates
|-damage|p2a: Mithridates|50/100
|move|p2a: Mithridates|Sludge Bomb|p1a: Volcanion
|-damage|p1a: Volcanion|49/100
|
|upkeep
|turn|23
|
|t:|1776272900
|-terastallize|p2a: Mithridates|Fairy
|move|p1a: Volcanion|Earth Power|p2a: Mithridates
|-damage|p2a: Mithridates|26/100
|move|p2a: Mithridates|Sludge Bomb|p1a: Volcanion
|-damage|p1a: Volcanion|0 fnt
|faint|p1a: Volcanion
|
|upkeep
|
|t:|1776272904
|switch|p1a: Lokix|Lokix, F|36/100
|turn|24
|
|t:|1776272914
|switch|p2a: Charybdis|Alomomola, M, shiny|48/100
|-terastallize|p1a: Lokix|Bug
|move|p1a: Lokix|Leech Life|p2a: Charybdis
|-damage|p2a: Charybdis|9/100
|-heal|p1a: Lokix|73/100|[from] drain|[of] p2a: Charybdis
|-damage|p1a: Lokix|57/100|[from] item: Rocky Helmet|[of] p2a: Charybdis
|
|upkeep
|turn|25
|
|t:|1776272927
|switch|p2a: Vulcanus|Heatran, F, shiny|73/100
|move|p1a: Lokix|Leech Life|p2a: Vulcanus
|-resisted|p2a: Vulcanus
|-damage|p2a: Vulcanus|31/100
|-heal|p1a: Lokix|81/100|[from] drain|[of] p2a: Vulcanus
|
|upkeep
|turn|26
|
|t:|1776272938
|move|p1a: Lokix|Leech Life|p2a: Vulcanus
|-resisted|p2a: Vulcanus
|-damage|p2a: Vulcanus|0 fnt
|-heal|p1a: Lokix|98/100|[from] drain|[of] p2a: Vulcanus
|faint|p2a: Vulcanus
|
|upkeep
|
|t:|1776272962
|switch|p2a: Pallas|Iron Valiant, shiny|100/100
|-enditem|p2a: Pallas|Booster Energy
|-activate|p2a: Pallas|ability: Quark Drive|[fromitem]
|-start|p2a: Pallas|quarkdrivespe
|turn|27
|
|t:|1776272969
|move|p2a: Pallas|Knock Off|p1a: Lokix
|-damage|p1a: Lokix|53/100
|-enditem|p1a: Lokix|Choice Band|[from] move: Knock Off|[of] p2a: Pallas
|move|p1a: Lokix|Leech Life|p2a: Pallas
|-resisted|p2a: Pallas
|-damage|p2a: Pallas|66/100
|-heal|p1a: Lokix|70/100|[from] drain|[of] p2a: Pallas
|
|upkeep
|turn|28
|
|t:|1776272978
|move|p2a: Pallas|Moonblast|p1a: Lokix
|-damage|p1a: Lokix|0 fnt
|faint|p1a: Lokix
|
|upkeep
|
|t:|1776272986
|switch|p1a: Corviknight|Corviknight, F|65/100
|-ability|p1a: Corviknight|Pressure
|turn|29
|
|t:|1776272991
|-end|p2a: Pallas|Quark Drive|[silent]
|switch|p2a: Charybdis|Alomomola, M, shiny|42/100
|move|p1a: Corviknight|Brave Bird|p2a: Charybdis
|-damage|p2a: Charybdis|23/100
|-damage|p1a: Corviknight|48/100|[from] item: Rocky Helmet|[of] p2a: Charybdis
|-damage|p1a: Corviknight|40/100|[from] Recoil
|
|upkeep
|turn|30
|
|t:|1776272999
|move|p1a: Corviknight|Roost|p1a: Corviknight
|-heal|p1a: Corviknight|90/100
|-singleturn|p1a: Corviknight|move: Roost
|move|p2a: Charybdis|Wish|p2a: Charybdis
|
|upkeep
|turn|31
|
|t:|1776273008
|move|p1a: Corviknight|Brave Bird|p2a: Charybdis
|-damage|p2a: Charybdis|4/100
|-damage|p1a: Corviknight|73/100|[from] item: Rocky Helmet|[of] p2a: Charybdis
|-damage|p1a: Corviknight|65/100|[from] Recoil
|move|p2a: Charybdis|Flip Turn|p1a: Corviknight
|-damage|p1a: Corviknight|51/100
|
|t:|1776273021
|switch|p2a: Mithridates|Slowking-Galar, M, tera:Fairy|59/100|[from] Flip Turn
|
|-heal|p2a: Mithridates|100/100|[from] move: Wish|[wisher] Charybdis
|upkeep
|turn|32
|
|t:|1776273031
|move|p1a: Corviknight|Roost|p1a: Corviknight
|-heal|p1a: Corviknight|100/100
|-singleturn|p1a: Corviknight|move: Roost
|move|p2a: Mithridates|Psychic Noise|p1a: Corviknight
|-resisted|p1a: Corviknight
|-damage|p1a: Corviknight|89/100
|-start|p1a: Corviknight|move: Heal Block
|
|upkeep
|turn|33
|
|t:|1776273042
|switch|p2a: Charybdis|Alomomola, M, shiny|38/100
|move|p1a: Corviknight|Brave Bird|p2a: Charybdis
|-damage|p2a: Charybdis|17/100
|-damage|p1a: Corviknight|73/100|[from] item: Rocky Helmet|[of] p2a: Charybdis
|-damage|p1a: Corviknight|63/100|[from] Recoil
|
|-end|p1a: Corviknight|move: Heal Block
|upkeep
|turn|34
|
|t:|1776273063
|move|p2a: Charybdis|Protect|p2a: Charybdis
|-singleturn|p2a: Charybdis|Protect
|move|p1a: Corviknight|U-turn|p2a: Charybdis
|-activate|p2a: Charybdis|move: Protect
|
|upkeep
|turn|35
|
|t:|1776273073
|move|p1a: Corviknight|Brave Bird|p2a: Charybdis
|-damage|p2a: Charybdis|0 fnt
|-damage|p1a: Corviknight|47/100|[from] item: Rocky Helmet|[of] p2a: Charybdis
|faint|p2a: Charybdis
|-damage|p1a: Corviknight|40/100|[from] Recoil
|
|upkeep
|
|t:|1776273092
|switch|p2a: Pallas|Iron Valiant, shiny|66/100
|turn|36
|
|t:|1776273106
|move|p2a: Pallas|Close Combat|p1a: Corviknight
|-damage|p1a: Corviknight|0 fnt
|-unboost|p2a: Pallas|def|1
|-unboost|p2a: Pallas|spd|1
|faint|p1a: Corviknight
|
|upkeep
|
|t:|1776273110
|switch|p1a: Dragapult|Dragapult, M|100/100
|turn|37
|
|t:|1776273118
|-end|p2a: Pallas|Quark Drive|[silent]
|switch|p2a: Mithridates|Slowking-Galar, M, tera:Fairy|100/100
|move|p1a: Dragapult|U-turn|p2a: Mithridates
|-resisted|p2a: Mithridates
|-damage|p2a: Mithridates|93/100
|
|t:|1776273121
|switch|p1a: Great Tusk|Great Tusk|100/100|[from] U-turn
|
|upkeep
|turn|38
|
|t:|1776273126
|move|p1a: Great Tusk|Stealth Rock|p2a: Mithridates
|-sidestart|p2: magistermilitum420|move: Stealth Rock
|move|p2a: Mithridates|Psychic Noise|p1a: Great Tusk
|-supereffective|p1a: Great Tusk
|-damage|p1a: Great Tusk|16/100
|-start|p1a: Great Tusk|move: Heal Block
|
|upkeep
|turn|39
|
|t:|1776273134
|move|p1a: Great Tusk|Earthquake|p2a: Mithridates
|-damage|p2a: Mithridates|51/100
|move|p2a: Mithridates|Psychic Noise|p1a: Great Tusk
|-supereffective|p1a: Great Tusk
|-damage|p1a: Great Tusk|0 fnt
|faint|p1a: Great Tusk
|-end|p1a: Great Tusk|Protosynthesis|[silent]
|
|upkeep
|
|t:|1776273137
|switch|p1a: Dragapult|Dragapult, M|100/100
|turn|40
|
|t:|1776273147
|move|p1a: Dragapult|Shadow Ball|p2a: Mithridates
|-damage|p2a: Mithridates|11/100
|move|p2a: Mithridates|Psychic Noise|p1a: Dragapult
|-damage|p1a: Dragapult|57/100
|-start|p1a: Dragapult|move: Heal Block
|
|upkeep
|turn|41
|
|t:|1776273161
|move|p1a: Dragapult|Shadow Ball|p2a: Mithridates
|-damage|p2a: Mithridates|0 fnt
|faint|p2a: Mithridates
|
|-end|p1a: Dragapult|move: Heal Block
|upkeep
|
|t:|1776273168
|switch|p2a: Barca|Great Tusk|100/100
|-damage|p2a: Barca|98/100|[from] Stealth Rock
|turn|42
|
|t:|1776273172
|move|p1a: Dragapult|Shadow Ball|p2a: Barca
|-damage|p2a: Barca|33/100
|move|p2a: Barca|Knock Off|p1a: Dragapult
|-supereffective|p1a: Dragapult
|-damage|p1a: Dragapult|0 fnt
|-enditem|p1a: Dragapult|Choice Specs|[from] move: Knock Off|[of] p2a: Barca
|faint|p1a: Dragapult
|
|win|magistermilitum420
|raw|Mynamejeff99's rating: 1315 &rarr; <strong>1297</strong><br />(-18 for losing)
|raw|magistermilitum420's rating: 1345 &rarr; <strong>1363</strong><br />(+18 for winning)
|l|☆Mynamejeff99
|player|p1|
