|html|<div class="broadcast-blue"><strong>[Gen 9] OU is currently suspecting Tera Blast! For information on how to participate check out the <a href="https://www.smogon.com/tools/suspects/view/200">suspect thread</a>.</strong></div>
|j|☆signalb00st
|j|☆TeraBlastGardevoir
|t:|1776107509
|gametype|singles
|player|p1|signalb00st|170|1508
|player|p2|TeraBlastGardevoir|giovanni|1518
|gen|9
|tier|[Gen 9] OU
|rated|
|rule|HP Percentage Mod: HP is shown in percentages
|rule|Endless Battle Clause: Forcing endless battles is banned
|rule|Species Clause: Limit one of each Pokémon
|rule|OHKO Clause: OHKO moves are banned
|rule|Evasion Items Clause: Evasion items are banned
|rule|Evasion Moves Clause: Evasion moves are banned
|rule|Evasion Abilities Clause: Evasion abilities are banned
|rule|Sleep Moves Clause: Sleep-inducing moves are banned
|clearpoke
|poke|p1|Ninetales, M|
|poke|p1|Blaziken, M|
|poke|p1|Walking Wake|
|poke|p1|Whimsicott, M|
|poke|p1|Great Tusk|
|poke|p1|Iron Moth|
|poke|p2|Gardevoir, F|
|poke|p2|Rillaboom, F|
|poke|p2|Hawlucha, F|
|poke|p2|Iron Moth|
|poke|p2|Landorus-Therian, M|
|poke|p2|Kingambit, F|
|teampreview
|
|t:|1776107527
|teamsize|p1|6
|teamsize|p2|6
|start
|switch|p1a: Walking Wake|Walking Wake|100/100
|switch|p2a: Rillaboom|Rillaboom, F|100/100
|-fieldstart|move: Grassy Terrain|[from] ability: Grassy Surge|[of] p2a: Rillaboom
|turn|1
|inactive|Battle timer is ON: inactive players will automatically lose when time's up. (requested by signalb00st)
|
|t:|1776107543
|-end|p1a: Walking Wake|Protosynthesis|[silent]
|switch|p1a: Iron Moth|Iron Moth|100/100
|-enditem|p1a: Iron Moth|Booster Energy
|-activate|p1a: Iron Moth|ability: Quark Drive|[fromitem]
|-start|p1a: Iron Moth|quarkdrivespe
|move|p2a: Rillaboom|U-turn|p1a: Iron Moth
|-resisted|p1a: Iron Moth
|-damage|p1a: Iron Moth|91/100
|
|t:|1776107550
|switch|p2a: Landorus|Landorus-Therian, M|100/100|[from] U-turn
|-ability|p2a: Landorus|Intimidate|boost
|-unboost|p1a: Iron Moth|atk|1
|
|-heal|p1a: Iron Moth|97/100|[from] Grassy Terrain
|upkeep
|turn|2
|
|t:|1776107558
|move|p1a: Iron Moth|Fiery Dance|p2a: Landorus
|-damage|p2a: Landorus|51/100
|move|p2a: Landorus|Earth Power|p1a: Iron Moth
|-supereffective|p1a: Iron Moth
|-damage|p1a: Iron Moth|0 fnt
|faint|p1a: Iron Moth
|-end|p1a: Iron Moth|Quark Drive|[silent]
|
|upkeep
|
|t:|1776107566
|switch|p1a: Ninetales|Ninetales, M|100/100
|-weather|SunnyDay|[from] ability: Drought|[of] p1a: Ninetales
|turn|3
|
|t:|1776107583
|switch|p1a: Whimsicott|Whimsicott, M|100/100
|move|p2a: Landorus|Stealth Rock|p1a: Whimsicott
|-sidestart|p1: signalb00st|move: Stealth Rock
|
|-weather|SunnyDay|[upkeep]
|upkeep
|turn|4
|inactive|TeraBlastGardevoir has 120 seconds left.
|
|t:|1776107617
|move|p1a: Whimsicott|Growth|p1a: Whimsicott
|-boost|p1a: Whimsicott|atk|2
|-boost|p1a: Whimsicott|spa|2
|move|p2a: Landorus|U-turn|p1a: Whimsicott
|-damage|p1a: Whimsicott|75/100
|
|t:|1776107627
|switch|p2a: Dopamine Dorito|Iron Moth|100/100|[from] U-turn
|-enditem|p2a: Dopamine Dorito|Booster Energy
|-activate|p2a: Dopamine Dorito|ability: Quark Drive|[fromitem]
|-start|p2a: Dopamine Dorito|quarkdrivespe
|
|-weather|SunnyDay|[upkeep]
|-heal|p1a: Whimsicott|81/100|[from] Grassy Terrain
|upkeep
|turn|5
|inactive|TeraBlastGardevoir has 120 seconds left.
|
|t:|1776107640
|-terastallize|p1a: Whimsicott|Ghost
|move|p1a: Whimsicott|Shadow Ball|p2a: Dopamine Dorito
|-damage|p2a: Dopamine Dorito|18/100
|-unboost|p2a: Dopamine Dorito|spd|1
|-damage|p1a: Whimsicott|71/100|[from] item: Life Orb
|move|p2a: Dopamine Dorito|Fiery Dance|p1a: Whimsicott
|-damage|p1a: Whimsicott|0 fnt
|-boost|p2a: Dopamine Dorito|spa|1
|faint|p1a: Whimsicott
|
|-weather|SunnyDay|[upkeep]
|-heal|p2a: Dopamine Dorito|24/100|[from] Grassy Terrain
|-fieldend|move: Grassy Terrain
|upkeep
|
|t:|1776107651
|switch|p1a: Walking Wake|Walking Wake|100/100
|-damage|p1a: Walking Wake|88/100|[from] Stealth Rock
|-activate|p1a: Walking Wake|ability: Protosynthesis
|-start|p1a: Walking Wake|protosynthesisspe
|turn|6
|inactive|TeraBlastGardevoir has 120 seconds left.
|
|t:|1776107671
|move|p2a: Dopamine Dorito|Sludge Wave|p1a: Walking Wake
|-damage|p1a: Walking Wake|36/100
|move|p1a: Walking Wake|Flip Turn|p2a: Dopamine Dorito
|-supereffective|p2a: Dopamine Dorito
|-crit|p2a: Dopamine Dorito
|-damage|p2a: Dopamine Dorito|0 fnt
|faint|p2a: Dopamine Dorito
|-end|p2a: Dopamine Dorito|Quark Drive|[silent]
|
|t:|1776107682
|-end|p1a: Walking Wake|Protosynthesis|[silent]
|switch|p1a: Address Me|Great Tusk|100/100|[from] Flip Turn
|-damage|p1a: Address Me|98/100|[from] Stealth Rock
|-activate|p1a: Address Me|ability: Protosynthesis
|-start|p1a: Address Me|protosynthesisspe
|
|-weather|SunnyDay|[upkeep]
|upkeep
|c|☆TeraBlastGardevoir|aw that absolutely mattered
|inactive|TeraBlastGardevoir has 120 seconds left.
|inactive|TeraBlastGardevoir has 90 seconds left.
|
|t:|1776107733
|switch|p2a: Rhapsodie|Gardevoir, F, shiny|100/100
|turn|7
|
|t:|1776107742
|move|p1a: Address Me|Headlong Rush|p2a: Rhapsodie
|-damage|p2a: Rhapsodie|41/100
|-unboost|p1a: Address Me|def|1
|-unboost|p1a: Address Me|spd|1
|move|p2a: Rhapsodie|Calm Mind|p2a: Rhapsodie
|-boost|p2a: Rhapsodie|spa|1
|-boost|p2a: Rhapsodie|spd|1
|
|-weather|SunnyDay|[upkeep]
|upkeep
|turn|8
|inactive|TeraBlastGardevoir has 90 seconds left.
|
|t:|1776107755
|switch|p2a: Landorus|Landorus-Therian, M|51/100
|-ability|p2a: Landorus|Intimidate|boost
|-unboost|p1a: Address Me|atk|1
|move|p1a: Address Me|Headlong Rush|p2a: Landorus
|-immune|p2a: Landorus
|
|-weather|SunnyDay|[upkeep]
|upkeep
|turn|9
|inactive|TeraBlastGardevoir has 90 seconds left.
|inactive|signalb00st has 120 seconds left.
|l|☆signalb00st
|inactive|signalb00st disconnected and has a minute to reconnect!
|player|p1|
|inactive|TeraBlastGardevoir has 60 seconds left.
|inactive|signalb00st has 30 seconds to reconnect!
|inactive|signalb00st has 20 seconds to reconnect!
|inactive|signalb00st has 15 seconds to reconnect!
|inactive|signalb00st has 10 seconds to reconnect!
|inactive|signalb00st has 5 seconds to reconnect!
|-message|signalb00st lost due to inactivity.
|
|win|TeraBlastGardevoir
|raw|signalb00st's rating: 1508 &rarr; <strong>1489</strong><br />(-19 for losing)
|raw|TeraBlastGardevoir's rating: 1518 &rarr; <strong>1537</strong><br />(+19 for winning)
|j|☆signalb00st
|player|p1|signalb00st|170|
|l|☆TeraBlastGardevoir
|player|p2|
