|html|<div class="broadcast-blue"><strong>[Gen 9] OU is currently suspecting Tera Blast! For information on how to participate check out the <a href="https://www.smogon.com/tools/suspects/view/200">suspect thread</a>.</strong></div>
|j|☆steptile
|j|☆Samarand
|t:|1776092356
|gametype|singles
|player|p1|steptile|hugh|1418
|player|p2|Samarand|birdkeeper-gen4dp|1454
|gen|9
|tier|[Gen 9] OU
|rated|
|rule|HP Percentage Mod: HP is shown in percentages
|rule|Endless Battle Clause: Forcing endless battles is banned
|rule|Species Clause: Limit one of each Pokémon
|rule|OHKO Clause: OHKO moves are banned
|rule|Evasion Items Clause: Evasion items are banned
|rule|Evasion Moves Clause: Evasion moves are banned
|rule|Evasion Abilities Clause: Evasion abilities are banned
|rule|Sleep Moves Clause: Sleep-inducing moves are banned
|clearpoke
|poke|p1|Quaquaval, F|
|poke|p1|Gholdengo|
|poke|p1|Araquanid, M|
|poke|p1|Iron Treads|
|poke|p1|Raging Bolt|
|poke|p1|Landorus-Therian, M|
|poke|p2|Infernape, M|
|poke|p2|Delphox, F|
|poke|p2|Walking Wake|
|poke|p2|Leafeon, M|
|poke|p2|Ninetales, F|
|poke|p2|Great Tusk|
|teampreview
|
|t:|1776092377
|teamsize|p1|6
|teamsize|p2|6
|start
|switch|p1a: Raging Bolt|Raging Bolt|100/100
|switch|p2a: Dave|Infernape, M|100/100
|turn|1
|
|t:|1776092383
|-end|p1a: Raging Bolt|Protosynthesis|[silent]
|switch|p1a: Landorus|Landorus-Therian, M|100/100
|-ability|p1a: Landorus|Intimidate|boost
|-unboost|p2a: Dave|atk|1
|move|p2a: Dave|Stealth Rock|p1a: Landorus
|-sidestart|p1: steptile|move: Stealth Rock
|
|upkeep
|turn|2
|c|☆steptile|Glhf
|
|t:|1776092395
|switch|p2a: Turbo Genius|Great Tusk|100/100
|move|p1a: Landorus|Stealth Rock|p2a: Turbo Genius
|-sidestart|p2: Samarand|move: Stealth Rock
|
|upkeep
|turn|3
|
|t:|1776092412
|switch|p1a: Gholdengo|Gholdengo|100/100
|-damage|p1a: Gholdengo|94/100|[from] Stealth Rock
|move|p2a: Turbo Genius|Ice Spinner|p1a: Gholdengo
|-resisted|p1a: Gholdengo
|-damage|p1a: Gholdengo|83/100
|
|-heal|p1a: Gholdengo|89/100|[from] item: Leftovers
|upkeep
|turn|4
|
|t:|1776092429
|switch|p1a: Landorus|Landorus-Therian, M|100/100
|-damage|p1a: Landorus|88/100|[from] Stealth Rock
|-ability|p1a: Landorus|Intimidate|boost
|-unboost|p2a: Turbo Genius|atk|1
|move|p2a: Turbo Genius|Headlong Rush|p1a: Landorus
|-immune|p1a: Landorus
|
|upkeep
|turn|5
|
|t:|1776092439
|move|p1a: Landorus|Earthquake|p2a: Turbo Genius
|-damage|p2a: Turbo Genius|71/100
|move|p2a: Turbo Genius|Rapid Spin|p1a: Landorus
|-damage|p1a: Landorus|79/100
|-boost|p2a: Turbo Genius|spe|1
|-damage|p2a: Turbo Genius|55/100|[from] item: Rocky Helmet|[of] p1a: Landorus
|-sideend|p2: Samarand|Stealth Rock|[from] move: Rapid Spin|[of] p2a: Turbo Genius
|
|upkeep
|turn|6
|
|t:|1776092464
|switch|p1a: Gholdengo|Gholdengo|89/100
|-damage|p1a: Gholdengo|83/100|[from] Stealth Rock
|move|p2a: Turbo Genius|Ice Spinner|p1a: Gholdengo
|-resisted|p1a: Gholdengo
|-damage|p1a: Gholdengo|75/100
|
|-heal|p1a: Gholdengo|82/100|[from] item: Leftovers
|upkeep
|turn|7
|
|t:|1776092472
|move|p2a: Turbo Genius|Headlong Rush|p1a: Gholdengo
|-supereffective|p1a: Gholdengo
|-damage|p1a: Gholdengo|9/100
|-unboost|p2a: Turbo Genius|def|1
|-unboost|p2a: Turbo Genius|spd|1
|move|p1a: Gholdengo|Make It Rain|p2a: Turbo Genius
|-damage|p2a: Turbo Genius|0 fnt
|-unboost|p1a: Gholdengo|spa|1
|faint|p2a: Turbo Genius
|-end|p2a: Turbo Genius|Protosynthesis|[silent]
|
|-heal|p1a: Gholdengo|16/100|[from] item: Leftovers
|upkeep
|
|t:|1776092485
|switch|p2a: Eleya|Ninetales, F|100/100
|-weather|SunnyDay|[from] ability: Drought|[of] p2a: Eleya
|turn|8
|
|t:|1776092491
|move|p2a: Eleya|Flamethrower|p1a: Gholdengo
|-supereffective|p1a: Gholdengo
|-damage|p1a: Gholdengo|0 fnt
|faint|p1a: Gholdengo
|
|-weather|SunnyDay|[upkeep]
|upkeep
|
|t:|1776092497
|switch|p1a: Araquanid|Araquanid, M|100/100
|-damage|p1a: Araquanid|75/100|[from] Stealth Rock
|turn|9
|
|t:|1776092505
|switch|p2a: Hans|Leafeon, M|100/100
|move|p1a: Araquanid|Sticky Web|p2a: Hans
|-sidestart|p2: Samarand|move: Sticky Web
|
|-weather|SunnyDay|[upkeep]
|upkeep
|turn|10
|
|t:|1776092511
|switch|p1a: Landorus|Landorus-Therian, M|79/100
|-damage|p1a: Landorus|67/100|[from] Stealth Rock
|-ability|p1a: Landorus|Intimidate|boost
|-unboost|p2a: Hans|atk|1
|move|p2a: Hans|Solar Blade||[still]
|-prepare|p2a: Hans|Solar Blade
|-anim|p2a: Hans|Solar Blade|p1a: Landorus
|-damage|p1a: Landorus|27/100
|-damage|p2a: Hans|84/100|[from] item: Rocky Helmet|[of] p1a: Landorus
|-damage|p2a: Hans|74/100|[from] item: Life Orb
|
|-weather|SunnyDay|[upkeep]
|upkeep
|turn|11
|
|t:|1776092533
|switch|p1a: Raging Bolt|Raging Bolt|100/100
|-activate|p1a: Raging Bolt|ability: Protosynthesis
|-start|p1a: Raging Bolt|protosynthesisspa
|move|p2a: Hans|Solar Blade||[still]
|-prepare|p2a: Hans|Solar Blade
|-anim|p2a: Hans|Solar Blade|p1a: Raging Bolt
|-resisted|p1a: Raging Bolt
|-damage|p1a: Raging Bolt|78/100
|-damage|p2a: Hans|64/100|[from] item: Life Orb
|
|-weather|SunnyDay|[upkeep]
|upkeep
|turn|12
|
|t:|1776092542
|switch|p2a: Dave|Infernape, M|100/100
|-activate|p2a: Dave|move: Sticky Web
|-unboost|p2a: Dave|spe|1
|move|p1a: Raging Bolt|Draco Meteor|p2a: Dave
|-enditem|p2a: Dave|Focus Sash
|-damage|p2a: Dave|1/100
|-unboost|p1a: Raging Bolt|spa|2
|
|-weather|SunnyDay|[upkeep]
|upkeep
|turn|13
|
|t:|1776092553
|move|p1a: Raging Bolt|Thunderclap||[still]
|-fail|p1a: Raging Bolt
|move|p2a: Dave|Taunt|p1a: Raging Bolt
|-start|p1a: Raging Bolt|move: Taunt
|
|-weather|SunnyDay|[upkeep]
|upkeep
|turn|14
|
|t:|1776092560
|move|p2a: Dave|Close Combat|p1a: Raging Bolt
|-damage|p1a: Raging Bolt|31/100
|-unboost|p2a: Dave|def|1
|-unboost|p2a: Dave|spd|1
|move|p1a: Raging Bolt|Volt Switch|p2a: Dave
|-damage|p2a: Dave|0 fnt
|faint|p2a: Dave
|
|t:|1776092567
|-end|p1a: Raging Bolt|Protosynthesis|[silent]
|switch|p1a: Iron Treads|Iron Treads|100/100|[from] Volt Switch
|-damage|p1a: Iron Treads|97/100|[from] Stealth Rock
|-item|p1a: Iron Treads|Air Balloon
|
|-weather|SunnyDay|[upkeep]
|upkeep
|
|t:|1776092571
|switch|p2a: Biscuit|Walking Wake|100/100
|-activate|p2a: Biscuit|move: Sticky Web
|-unboost|p2a: Biscuit|spe|1
|-activate|p2a: Biscuit|ability: Protosynthesis
|-start|p2a: Biscuit|protosynthesisspa
|turn|15
|
|t:|1776092591
|-terastallize|p2a: Biscuit|Water
|move|p2a: Biscuit|Hydro Steam|p1a: Iron Treads
|-supereffective|p1a: Iron Treads
|-crit|p1a: Iron Treads
|-damage|p1a: Iron Treads|0 fnt
|-enditem|p1a: Iron Treads|Air Balloon
|faint|p1a: Iron Treads
|-end|p1a: Iron Treads|Quark Drive|[silent]
|
|-weather|none
|-end|p2a: Biscuit|Protosynthesis
|upkeep
|
|t:|1776092609
|switch|p1a: Quaquaval|Quaquaval, F|100/100
|-damage|p1a: Quaquaval|94/100|[from] Stealth Rock
|turn|16
|
|t:|1776092614
|-end|p2a: Biscuit|Protosynthesis|[silent]
|switch|p2a: Eleya|Ninetales, F|100/100
|-activate|p2a: Eleya|move: Sticky Web
|-unboost|p2a: Eleya|spe|1
|-weather|SunnyDay|[from] ability: Drought|[of] p2a: Eleya
|move|p1a: Quaquaval|Knock Off|p2a: Eleya
|-damage|p2a: Eleya|38/100
|-enditem|p2a: Eleya|Heat Rock|[from] move: Knock Off|[of] p1a: Quaquaval
|
|-weather|SunnyDay|[upkeep]
|upkeep
|turn|17
|
|t:|1776092629
|move|p1a: Quaquaval|Knock Off|p2a: Eleya
|-damage|p2a: Eleya|0 fnt
|faint|p2a: Eleya
|-ability|p1a: Quaquaval|Moxie|boost
|-boost|p1a: Quaquaval|atk|1
|
|-weather|SunnyDay|[upkeep]
|upkeep
|
|t:|1776092631
|switch|p2a: Hans|Leafeon, M|64/100
|-activate|p2a: Hans|move: Sticky Web
|-unboost|p2a: Hans|spe|1
|turn|18
|
|t:|1776092637
|switch|p1a: Landorus|Landorus-Therian, M|27/100
|-damage|p1a: Landorus|15/100|[from] Stealth Rock
|-ability|p1a: Landorus|Intimidate|boost
|-unboost|p2a: Hans|atk|1
|move|p2a: Hans|Solar Blade||[still]
|-prepare|p2a: Hans|Solar Blade
|-anim|p2a: Hans|Solar Blade|p1a: Landorus
|-damage|p1a: Landorus|0 fnt
|-damage|p2a: Hans|47/100|[from] item: Rocky Helmet|[of] p1a: Landorus
|faint|p1a: Landorus
|-damage|p2a: Hans|37/100|[from] item: Life Orb
|
|-weather|SunnyDay|[upkeep]
|upkeep
|
|t:|1776092640
|switch|p1a: Araquanid|Araquanid, M|75/100
|-damage|p1a: Araquanid|50/100|[from] Stealth Rock
|turn|19
|
|t:|1776092645
|move|p2a: Hans|Solar Blade||[still]
|-prepare|p2a: Hans|Solar Blade
|-anim|p2a: Hans|Solar Blade|p1a: Araquanid
|-damage|p1a: Araquanid|0 fnt
|faint|p1a: Araquanid
|-damage|p2a: Hans|27/100|[from] item: Life Orb
|
|-weather|SunnyDay|[upkeep]
|upkeep
|
|t:|1776092650
|switch|p1a: Raging Bolt|Raging Bolt|31/100
|-activate|p1a: Raging Bolt|ability: Protosynthesis
|-start|p1a: Raging Bolt|protosynthesisspa
|turn|20
|
|t:|1776092656
|move|p1a: Raging Bolt|Thunderclap|p2a: Hans
|-resisted|p2a: Hans
|-damage|p2a: Hans|0 fnt
|faint|p2a: Hans
|
|-weather|SunnyDay|[upkeep]
|upkeep
|
|t:|1776092660
|switch|p2a: Hecate|Delphox, F|100/100
|turn|21
|
|t:|1776092671
|move|p1a: Raging Bolt|Thunderclap|p2a: Hecate
|-damage|p2a: Hecate|44/100
|move|p2a: Hecate|Flamethrower|p1a: Raging Bolt
|-resisted|p1a: Raging Bolt
|-damage|p1a: Raging Bolt|5/100
|-status|p1a: Raging Bolt|brn
|
|-weather|SunnyDay|[upkeep]
|-damage|p1a: Raging Bolt|0 fnt|[from] brn
|faint|p1a: Raging Bolt
|-end|p1a: Raging Bolt|Protosynthesis|[silent]
|upkeep
|c|☆Samarand|mb
|
|t:|1776092682
|switch|p1a: Quaquaval|Quaquaval, F|94/100
|-damage|p1a: Quaquaval|88/100|[from] Stealth Rock
|turn|22
|
|t:|1776092688
|-terastallize|p1a: Quaquaval|Water
|move|p2a: Hecate|Psychic|p1a: Quaquaval
|-damage|p1a: Quaquaval|32/100
|-unboost|p1a: Quaquaval|spd|1
|move|p1a: Quaquaval|Aqua Step|p2a: Hecate
|-supereffective|p2a: Hecate
|-damage|p2a: Hecate|0 fnt
|-boost|p1a: Quaquaval|spe|1
|faint|p2a: Hecate
|-ability|p1a: Quaquaval|Moxie|boost
|-boost|p1a: Quaquaval|atk|1
|
|-weather|SunnyDay|[upkeep]
|upkeep
|
|t:|1776092692
|switch|p2a: Biscuit|Walking Wake, tera:Water|100/100
|-activate|p2a: Biscuit|move: Sticky Web
|-unboost|p2a: Biscuit|spe|1
|-activate|p2a: Biscuit|ability: Protosynthesis
|-start|p2a: Biscuit|protosynthesisspa
|turn|23
|
|t:|1776092696
|move|p1a: Quaquaval|Aqua Step|p2a: Biscuit
|-resisted|p2a: Biscuit
|-damage|p2a: Biscuit|65/100
|-boost|p1a: Quaquaval|spe|1
|move|p2a: Biscuit|Dragon Pulse|p1a: Quaquaval
|-damage|p1a: Quaquaval|0 fnt
|faint|p1a: Quaquaval
|
|win|Samarand
|raw|steptile's rating: 1418 &rarr; <strong>1400</strong><br />(-18 for losing)
|raw|Samarand's rating: 1454 &rarr; <strong>1472</strong><br />(+18 for winning)
|l|☆Samarand
|player|p2|
|l|☆steptile
|player|p1|
