|html|<div class="broadcast-blue"><strong>[Gen 9] OU is currently suspecting Tera Blast! For information on how to participate check out the <a href="https://www.smogon.com/tools/suspects/view/200">suspect thread</a>.</strong></div>
|j|☆ToriColon
|j|☆Fucomix
|t:|1776069728
|gametype|singles
|player|p1|ToriColon|n|1091
|player|p2|Fucomix|veteran|1051
|gen|9
|tier|[Gen 9] OU
|rated|
|rule|HP Percentage Mod: HP is shown in percentages
|rule|Endless Battle Clause: Forcing endless battles is banned
|rule|Species Clause: Limit one of each Pokémon
|rule|OHKO Clause: OHKO moves are banned
|rule|Evasion Items Clause: Evasion items are banned
|rule|Evasion Moves Clause: Evasion moves are banned
|rule|Evasion Abilities Clause: Evasion abilities are banned
|rule|Sleep Moves Clause: Sleep-inducing moves are banned
|clearpoke
|poke|p1|Blastoise, F|
|poke|p1|Scrafty, F|
|poke|p1|Gholdengo|
|poke|p1|Corviknight, F|
|poke|p1|Tyranitar, F|
|poke|p1|Charizard, F|
|poke|p2|Quagsire, F|
|poke|p2|Feraligatr, F|
|poke|p2|Muk, M|
|poke|p2|Mightyena, F|
|poke|p2|Noctowl, F|
|poke|p2|Magcargo, M|
|teampreview
|
|t:|1776069735
|teamsize|p1|6
|teamsize|p2|6
|start
|switch|p1a: Tyranitar|Tyranitar, F|100/100
|switch|p2a: Magcargo|Magcargo, M|100/100
|-weather|Sandstorm|[from] ability: Sand Stream|[of] p1a: Tyranitar
|turn|1
|
|t:|1776069743
|move|p1a: Tyranitar|Earthquake|p2a: Magcargo
|-supereffective|p2a: Magcargo
|-enditem|p2a: Magcargo|Focus Sash
|-damage|p2a: Magcargo|1/100
|move|p2a: Magcargo|Stealth Rock|p1a: Tyranitar
|-sidestart|p1: ToriColon|move: Stealth Rock
|
|-weather|Sandstorm|[upkeep]
|upkeep
|turn|2
|
|t:|1776069751
|switch|p2a: Noctowl|Noctowl, F|100/100
|move|p1a: Tyranitar|Earthquake|p2a: Noctowl
|-immune|p2a: Noctowl
|
|-weather|Sandstorm|[upkeep]
|-damage|p2a: Noctowl|94/100|[from] Sandstorm
|-heal|p2a: Noctowl|100/100|[from] item: Leftovers
|upkeep
|turn|3
|
|t:|1776069767
|switch|p1a: Scrafty|Scrafty, F|100/100
|-damage|p1a: Scrafty|95/100|[from] Stealth Rock
|move|p2a: Noctowl|Moonblast|p1a: Scrafty
|-supereffective|p1a: Scrafty
|-damage|p1a: Scrafty|51/100
|-unboost|p1a: Scrafty|spa|1
|
|-weather|Sandstorm|[upkeep]
|-damage|p2a: Noctowl|94/100|[from] Sandstorm
|-damage|p1a: Scrafty|45/100|[from] Sandstorm
|-heal|p2a: Noctowl|100/100|[from] item: Leftovers
|upkeep
|turn|4
|
|t:|1776069782
|move|p2a: Noctowl|Moonblast|p1a: Scrafty
|-supereffective|p1a: Scrafty
|-damage|p1a: Scrafty|0 fnt
|faint|p1a: Scrafty
|
|-weather|Sandstorm|[upkeep]
|-damage|p2a: Noctowl|94/100|[from] Sandstorm
|-heal|p2a: Noctowl|100/100|[from] item: Leftovers
|upkeep
|
|t:|1776069790
|switch|p1a: Tyranitar|Tyranitar, F|100/100
|-damage|p1a: Tyranitar|88/100|[from] Stealth Rock
|turn|5
|
|t:|1776069795
|switch|p2a: Feraligatr|Feraligatr, F|100/100
|move|p1a: Tyranitar|Stone Edge|p2a: Feraligatr
|-crit|p2a: Feraligatr
|-damage|p2a: Feraligatr|0 fnt
|faint|p2a: Feraligatr
|
|-weather|none
|upkeep
|
|t:|1776069807
|switch|p2a: Muk|Muk, M|100/100
|turn|6
|
|t:|1776069812
|-terastallize|p1a: Tyranitar|Rock
|move|p1a: Tyranitar|Stone Edge|p2a: Muk
|-damage|p2a: Muk|0 fnt
|faint|p2a: Muk
|
|upkeep
|
|t:|1776069821
|switch|p2a: Saitama|Quagsire, F|100/100
|turn|7
|
|t:|1776069825
|move|p1a: Tyranitar|Stone Edge|p2a: Saitama
|-resisted|p2a: Saitama
|-damage|p2a: Saitama|46/100
|move|p2a: Saitama|Curse|p2a: Saitama
|-unboost|p2a: Saitama|spe|1
|-boost|p2a: Saitama|atk|1
|-boost|p2a: Saitama|def|1
|
|-heal|p2a: Saitama|52/100|[from] item: Leftovers
|upkeep
|turn|8
|
|t:|1776069833
|move|p1a: Tyranitar|Stone Edge|p2a: Saitama
|-resisted|p2a: Saitama
|-damage|p2a: Saitama|14/100
|move|p2a: Saitama|Recover|p2a: Saitama
|-heal|p2a: Saitama|64/100
|
|-heal|p2a: Saitama|70/100|[from] item: Leftovers
|upkeep
|turn|9
|
|t:|1776069845
|switch|p1a: Blastoise|Blastoise, F|100/100
|-damage|p1a: Blastoise|88/100|[from] Stealth Rock
|move|p2a: Saitama|Recover|p2a: Saitama
|-heal|p2a: Saitama|100/100
|
|upkeep
|turn|10
|
|t:|1776069859
|move|p1a: Blastoise|Surf|p2a: Saitama
|-damage|p2a: Saitama|70/100
|move|p2a: Saitama|Amnesia|p2a: Saitama
|-boost|p2a: Saitama|spd|2
|
|-heal|p2a: Saitama|76/100|[from] item: Leftovers
|upkeep
|turn|11
|
|t:|1776069868
|move|p1a: Blastoise|Surf|p2a: Saitama
|-crit|p2a: Saitama
|-damage|p2a: Saitama|28/100
|move|p2a: Saitama|Amnesia|p2a: Saitama
|-boost|p2a: Saitama|spd|2
|
|-heal|p2a: Saitama|35/100|[from] item: Leftovers
|upkeep
|turn|12
|
|t:|1776069875
|move|p1a: Blastoise|Surf|p2a: Saitama
|-damage|p2a: Saitama|23/100
|move|p2a: Saitama|Recover|p2a: Saitama
|-heal|p2a: Saitama|73/100
|
|-heal|p2a: Saitama|79/100|[from] item: Leftovers
|upkeep
|turn|13
|
|t:|1776069881
|move|p1a: Blastoise|Surf|p2a: Saitama
|-damage|p2a: Saitama|68/100
|move|p2a: Saitama|Curse|p2a: Saitama
|-unboost|p2a: Saitama|spe|1
|-boost|p2a: Saitama|atk|1
|-boost|p2a: Saitama|def|1
|
|-heal|p2a: Saitama|74/100|[from] item: Leftovers
|upkeep
|turn|14
|
|t:|1776069890
|move|p1a: Blastoise|Surf|p2a: Saitama
|-crit|p2a: Saitama
|-damage|p2a: Saitama|25/100
|move|p2a: Saitama|Recover|p2a: Saitama
|-heal|p2a: Saitama|75/100
|
|-heal|p2a: Saitama|81/100|[from] item: Leftovers
|upkeep
|turn|15
|
|t:|1776069897
|move|p1a: Blastoise|Surf|p2a: Saitama
|-damage|p2a: Saitama|71/100
|move|p2a: Saitama|Amnesia|p2a: Saitama
|-boost|p2a: Saitama|spd|2
|
|-heal|p2a: Saitama|77/100|[from] item: Leftovers
|upkeep
|turn|16
|
|t:|1776069904
|move|p1a: Blastoise|Surf|p2a: Saitama
|-damage|p2a: Saitama|70/100
|move|p2a: Saitama|Curse|p2a: Saitama
|-unboost|p2a: Saitama|spe|1
|-boost|p2a: Saitama|atk|1
|-boost|p2a: Saitama|def|1
|
|-heal|p2a: Saitama|76/100|[from] item: Leftovers
|upkeep
|turn|17
|
|t:|1776069912
|move|p1a: Blastoise|Surf|p2a: Saitama
|-damage|p2a: Saitama|68/100
|move|p2a: Saitama|Curse|p2a: Saitama
|-unboost|p2a: Saitama|spe|1
|-boost|p2a: Saitama|atk|1
|-boost|p2a: Saitama|def|1
|
|-heal|p2a: Saitama|74/100|[from] item: Leftovers
|upkeep
|turn|18
|
|t:|1776069920
|move|p1a: Blastoise|Surf|p2a: Saitama
|-damage|p2a: Saitama|65/100
|move|p2a: Saitama|Curse|p2a: Saitama
|-unboost|p2a: Saitama|spe|1
|-boost|p2a: Saitama|atk|1
|-boost|p2a: Saitama|def|1
|
|-heal|p2a: Saitama|71/100|[from] item: Leftovers
|upkeep
|turn|19
|
|t:|1776069944
|switch|p1a: Corviknight|Corviknight, F|100/100
|-damage|p1a: Corviknight|88/100|[from] Stealth Rock
|-ability|p1a: Corviknight|Pressure
|move|p2a: Saitama|Curse|p2a: Saitama
|-unboost|p2a: Saitama|spe|1
|-boost|p2a: Saitama|atk|1
|-boost|p2a: Saitama|def|1
|
|-heal|p2a: Saitama|77/100|[from] item: Leftovers
|upkeep
|turn|20
|
|t:|1776069954
|move|p1a: Corviknight|Bulk Up|p1a: Corviknight
|-boost|p1a: Corviknight|atk|1
|-boost|p1a: Corviknight|def|1
|move|p2a: Saitama|Ice Punch|p1a: Corviknight
|-damage|p1a: Corviknight|39/100
|-damage|p2a: Saitama|61/100|[from] item: Rocky Helmet|[of] p1a: Corviknight
|
|-heal|p2a: Saitama|67/100|[from] item: Leftovers
|upkeep
|turn|21
|
|t:|1776069963
|move|p1a: Corviknight|Body Press|p2a: Saitama
|-damage|p2a: Saitama|62/100
|move|p2a: Saitama|Ice Punch|p1a: Corviknight
|-damage|p1a: Corviknight|0 fnt
|-damage|p2a: Saitama|46/100|[from] item: Rocky Helmet|[of] p1a: Corviknight
|faint|p1a: Corviknight
|
|-heal|p2a: Saitama|52/100|[from] item: Leftovers
|upkeep
|
|t:|1776069982
|switch|p1a: Blastoise|Blastoise, F|88/100
|-damage|p1a: Blastoise|76/100|[from] Stealth Rock
|turn|22
|c|☆Fucomix|quaaaaaaaaaaaaaaag
|
|t:|1776069987
|move|p1a: Blastoise|Surf|p2a: Saitama
|-damage|p2a: Saitama|44/100
|move|p2a: Saitama|Recover|p2a: Saitama
|-heal|p2a: Saitama|94/100
|
|-heal|p2a: Saitama|99/100|[from] item: Leftovers
|upkeep
|turn|23
|
|t:|1776069994
|move|p1a: Blastoise|Surf|p2a: Saitama
|-damage|p2a: Saitama|92/100
|move|p2a: Saitama|Ice Punch|p1a: Blastoise
|-resisted|p1a: Blastoise
|-damage|p1a: Blastoise|45/100
|
|-heal|p2a: Saitama|98/100|[from] item: Leftovers
|upkeep
|turn|24
|
|t:|1776070002
|move|p1a: Blastoise|Surf|p2a: Saitama
|-damage|p2a: Saitama|90/100
|move|p2a: Saitama|Ice Punch|p1a: Blastoise
|-resisted|p1a: Blastoise
|-damage|p1a: Blastoise|17/100
|
|-heal|p2a: Saitama|96/100|[from] item: Leftovers
|upkeep
|turn|25
|
|t:|1776070010
|move|p1a: Blastoise|Surf|p2a: Saitama
|-damage|p2a: Saitama|83/100
|move|p2a: Saitama|Ice Punch|p1a: Blastoise
|-resisted|p1a: Blastoise
|-damage|p1a: Blastoise|0 fnt
|faint|p1a: Blastoise
|
|-heal|p2a: Saitama|90/100|[from] item: Leftovers
|upkeep
|
|t:|1776070018
|switch|p1a: Gholdengo|Gholdengo|100/100
|-damage|p1a: Gholdengo|94/100|[from] Stealth Rock
|turn|26
|c|☆Fucomix|quaaa
|
|t:|1776070029
|move|p1a: Gholdengo|Psychic|p2a: Saitama
|-damage|p2a: Saitama|83/100
|move|p2a: Saitama|Ice Punch|p1a: Gholdengo
|-resisted|p1a: Gholdengo
|-damage|p1a: Gholdengo|60/100
|
|-heal|p2a: Saitama|89/100|[from] item: Leftovers
|upkeep
|turn|27
|
|t:|1776070036
|move|p1a: Gholdengo|Hex|p2a: Saitama
|-damage|p2a: Saitama|82/100
|move|p2a: Saitama|Ice Punch|p1a: Gholdengo
|-resisted|p1a: Gholdengo
|-crit|p1a: Gholdengo
|-damage|p1a: Gholdengo|7/100
|
|-heal|p2a: Saitama|88/100|[from] item: Leftovers
|upkeep
|turn|28
|
|t:|1776070045
|move|p1a: Gholdengo|Dazzling Gleam|p2a: Saitama
|-damage|p2a: Saitama|81/100
|move|p2a: Saitama|Ice Punch|p1a: Gholdengo
|-resisted|p1a: Gholdengo
|-damage|p1a: Gholdengo|0 fnt
|faint|p1a: Gholdengo
|
|-heal|p2a: Saitama|87/100|[from] item: Leftovers
|upkeep
|c|☆Fucomix|quaaaaaaaag
|
|t:|1776070054
|switch|p1a: Charizard|Charizard, F|100/100
|-damage|p1a: Charizard|51/100|[from] Stealth Rock
|turn|29
|
|t:|1776070065
|move|p1a: Charizard|Hurricane|p2a: Saitama
|-damage|p2a: Saitama|70/100
|-damage|p1a: Charizard|41/100|[from] item: Life Orb
|move|p2a: Saitama|Ice Punch|p1a: Charizard
|-damage|p1a: Charizard|0 fnt
|faint|p1a: Charizard
|
|-heal|p2a: Saitama|76/100|[from] item: Leftovers
|upkeep
|
|t:|1776070074
|switch|p1a: Tyranitar|Tyranitar, F, tera:Rock|88/100
|-damage|p1a: Tyranitar|76/100|[from] Stealth Rock
|-weather|Sandstorm|[from] ability: Sand Stream|[of] p1a: Tyranitar
|turn|30
|c|☆Fucomix|siiiireeee
|
|t:|1776070082
|move|p1a: Tyranitar|Earthquake|p2a: Saitama
|-crit|p2a: Saitama
|-damage|p2a: Saitama|3/100
|move|p2a: Saitama|Ice Punch|p1a: Tyranitar
|-damage|p1a: Tyranitar|28/100
|
|-weather|Sandstorm|[upkeep]
|-heal|p2a: Saitama|9/100|[from] item: Leftovers
|upkeep
|turn|31
|
|t:|1776070095
|move|p1a: Tyranitar|Earthquake|p2a: Saitama
|-damage|p2a: Saitama|0 fnt
|faint|p2a: Saitama
|
|-weather|Sandstorm|[upkeep]
|upkeep
|
|t:|1776070102
|switch|p2a: Magcargo|Magcargo, M|1/100
|turn|32
|
|t:|1776070120
|-terastallize|p2a: Magcargo|Flying
|move|p1a: Tyranitar|Earthquake|p2a: Magcargo
|-immune|p2a: Magcargo
|move|p2a: Magcargo|Lava Plume|p1a: Tyranitar
|-resisted|p1a: Tyranitar
|-damage|p1a: Tyranitar|20/100
|-status|p1a: Tyranitar|brn
|
|-weather|Sandstorm|[upkeep]
|-damage|p2a: Magcargo|0 fnt|[from] Sandstorm
|faint|p2a: Magcargo
|-damage|p1a: Tyranitar|14/100 brn|[from] brn
|upkeep
|
|t:|1776070132
|switch|p2a: Noctowl|Noctowl, F|100/100
|turn|33
|
|t:|1776070142
|move|p2a: Noctowl|Moonblast|p1a: Tyranitar
|-damage|p1a: Tyranitar|4/100 brn
|move|p1a: Tyranitar|Earthquake|p2a: Noctowl
|-immune|p2a: Noctowl
|
|-weather|Sandstorm|[upkeep]
|-damage|p2a: Noctowl|94/100|[from] Sandstorm
|-heal|p2a: Noctowl|100/100|[from] item: Leftovers
|-damage|p1a: Tyranitar|0 fnt|[from] brn
|faint|p1a: Tyranitar
|
|win|Fucomix
|raw|ToriColon's rating: 1091 &rarr; <strong>1065</strong><br />(-26 for losing)
|raw|Fucomix's rating: 1051 &rarr; <strong>1087</strong><br />(+36 for winning)
|l|☆ToriColon
|player|p1|
|c|☆Fucomix|f
|l|☆Fucomix
|player|p2|
