|html|<div class="broadcast-blue"><strong>[Gen 9] OU is currently suspecting Tera Blast! For information on how to participate check out the <a href="https://www.smogon.com/tools/suspects/view/200">suspect thread</a>.</strong></div>
|j|☆1200s chud
|j|☆KevDB
|t:|1776189656
|gametype|singles
|player|p1|1200s chud|drayton|1563
|player|p2|KevDB|dawn|1507
|gen|9
|tier|[Gen 9] OU
|rated|
|rule|HP Percentage Mod: HP is shown in percentages
|rule|Endless Battle Clause: Forcing endless battles is banned
|rule|Species Clause: Limit one of each Pokémon
|rule|OHKO Clause: OHKO moves are banned
|rule|Evasion Items Clause: Evasion items are banned
|rule|Evasion Moves Clause: Evasion moves are banned
|rule|Evasion Abilities Clause: Evasion abilities are banned
|rule|Sleep Moves Clause: Sleep-inducing moves are banned
|clearpoke
|poke|p1|Araquanid, F|
|poke|p1|Kingambit, M|
|poke|p1|Latios, M|
|poke|p1|Iron Valiant|
|poke|p1|Glimmora, F|
|poke|p1|Excadrill, M|
|poke|p2|Weavile, F|
|poke|p2|Gliscor, M|
|poke|p2|Keldeo|
|poke|p2|Pecharunt|
|poke|p2|Clefable, M|
|poke|p2|Metagross|
|teampreview
|inactive|Battle timer is ON: inactive players will automatically lose when time's up. (requested by 1200s chud)
|
|t:|1776189677
|teamsize|p1|6
|teamsize|p2|6
|start
|switch|p1a: Excadrill|Excadrill, M|100/100
|switch|p2a: Pecharunt|Pecharunt|100/100
|-ability|p1a: Excadrill|Mold Breaker
|-item|p1a: Excadrill|Air Balloon
|turn|1
|
|t:|1776189683
|switch|p2a: Keldeo|Keldeo|100/100
|move|p1a: Excadrill|Swords Dance|p1a: Excadrill
|-boost|p1a: Excadrill|atk|2
|
|upkeep
|turn|2
|
|t:|1776189689
|switch|p1a: GotYoGirlSticky|Araquanid, F, shiny|100/100
|move|p2a: Keldeo|Surf|p1a: GotYoGirlSticky
|-resisted|p1a: GotYoGirlSticky
|-damage|p1a: GotYoGirlSticky|83/100
|
|upkeep
|turn|3
|
|t:|1776189691
|move|p2a: Keldeo|Flip Turn|p1a: GotYoGirlSticky
|-resisted|p1a: GotYoGirlSticky
|-damage|p1a: GotYoGirlSticky|76/100
|
|t:|1776189695
|switch|p2a: Pecharunt|Pecharunt|100/100|[from] Flip Turn
|move|p1a: GotYoGirlSticky|Sticky Web|p2a: Pecharunt
|-sidestart|p2: KevDB|move: Sticky Web
|
|upkeep
|turn|4
|
|t:|1776189698
|switch|p1a: Ed Bongcloud|Kingambit, M|100/100
|move|p2a: Pecharunt|Malignant Chain|p1a: Ed Bongcloud
|-immune|p1a: Ed Bongcloud
|
|upkeep
|turn|5
|
|t:|1776189705
|move|p2a: Pecharunt|Parting Shot|p1a: Ed Bongcloud
|-unboost|p1a: Ed Bongcloud|atk|1
|-unboost|p1a: Ed Bongcloud|spa|1
|
|t:|1776189711
|switch|p2a: Keldeo|Keldeo|100/100|[from] Parting Shot
|move|p1a: Ed Bongcloud|Kowtow Cleave|p2a: Keldeo
|-resisted|p2a: Keldeo
|-damage|p2a: Keldeo|78/100
|-ability|p2a: Keldeo|Justified|boost
|-boost|p2a: Keldeo|atk|1
|
|upkeep
|turn|6
|
|t:|1776189719
|-end|p1a: Ed Bongcloud|fallenundefined|[silent]
|switch|p1a: GotYoGirlSticky|Araquanid, F, shiny|76/100
|move|p2a: Keldeo|Aura Sphere|p1a: GotYoGirlSticky
|-resisted|p1a: GotYoGirlSticky
|-damage|p1a: GotYoGirlSticky|60/100
|
|upkeep
|turn|7
|
|t:|1776189722
|move|p2a: Keldeo|Flip Turn|p1a: GotYoGirlSticky
|-resisted|p1a: GotYoGirlSticky
|-damage|p1a: GotYoGirlSticky|49/100
|
|t:|1776189725
|switch|p2a: Clefable|Clefable, M|100/100|[from] Flip Turn
|-activate|p2a: Clefable|move: Sticky Web
|-unboost|p2a: Clefable|spe|1
|move|p1a: GotYoGirlSticky|Liquidation|p2a: Clefable
|-damage|p2a: Clefable|30/100
|
|-heal|p2a: Clefable|37/100|[from] item: Leftovers
|upkeep
|turn|8
|
|t:|1776189727
|move|p1a: GotYoGirlSticky|Liquidation|p2a: Clefable
|-damage|p2a: Clefable|0 fnt
|faint|p2a: Clefable
|
|upkeep
|
|t:|1776189734
|switch|p2a: Pecharunt|Pecharunt|100/100
|turn|9
|
|t:|1776189737
|move|p2a: Pecharunt|Shadow Ball|p1a: GotYoGirlSticky
|-damage|p1a: GotYoGirlSticky|27/100
|move|p1a: GotYoGirlSticky|Liquidation|p2a: Pecharunt
|-damage|p2a: Pecharunt|57/100
|
|upkeep
|turn|10
|
|t:|1776189742
|switch|p1a: Ed Bongcloud|Kingambit, M|100/100
|move|p2a: Pecharunt|Malignant Chain|p1a: Ed Bongcloud
|-immune|p1a: Ed Bongcloud
|
|upkeep
|turn|11
|
|t:|1776189752
|move|p2a: Pecharunt|Parting Shot|p1a: Ed Bongcloud
|-unboost|p1a: Ed Bongcloud|atk|1
|-unboost|p1a: Ed Bongcloud|spa|1
|
|t:|1776189759
|switch|p2a: Keldeo|Keldeo|78/100|[from] Parting Shot
|move|p1a: Ed Bongcloud|Kowtow Cleave|p2a: Keldeo
|-resisted|p2a: Keldeo
|-damage|p2a: Keldeo|55/100
|-ability|p2a: Keldeo|Justified|boost
|-boost|p2a: Keldeo|atk|1
|
|upkeep
|turn|12
|
|t:|1776189762
|-end|p1a: Ed Bongcloud|fallenundefined|[silent]
|switch|p1a: Lockheed Shartin|Latios, M|100/100
|move|p2a: Keldeo|Aura Sphere|p1a: Lockheed Shartin
|-resisted|p1a: Lockheed Shartin
|-damage|p1a: Lockheed Shartin|84/100
|
|-heal|p1a: Lockheed Shartin|90/100|[from] item: Leftovers
|upkeep
|turn|13
|l|☆1200s chud
|inactive|1200s chud disconnected and has a minute to reconnect!
|player|p1|
|j|☆1200s chud
|inactive|1200s chud reconnected and has 135 seconds left.
|player|p1|1200s chud|drayton|
|
|t:|1776189785
|switch|p2a: Metagross|Metagross|100/100
|-activate|p2a: Metagross|move: Sticky Web
|-fail|p2a: Metagross|unboost|[from] ability: Clear Body|[of] p2a: Metagross
|move|p1a: Lockheed Shartin|Flip Turn|p2a: Metagross
|-damage|p2a: Metagross|92/100
|inactive|1200s chud has 120 seconds left.
|l|☆1200s chud
|inactive|1200s chud disconnected and has a minute to reconnect!
|player|p1|
|j|☆1200s chud
|inactive|1200s chud reconnected and has 105 seconds left.
|player|p1|1200s chud|drayton|
|n| pinkacordhater|pinkacordhater
|inactive|1200s chud has 90 seconds left.
|
|t:|1776189830
|switch|p1a: Ed Bongcloud|Kingambit, M|100/100|[from] Flip Turn
|
|upkeep
|turn|14
|
|t:|1776189833
|move|p2a: Metagross|Earthquake|p1a: Ed Bongcloud
|-supereffective|p1a: Ed Bongcloud
|-damage|p1a: Ed Bongcloud|41/100
|move|p1a: Ed Bongcloud|Kowtow Cleave|p2a: Metagross
|-supereffective|p2a: Metagross
|-damage|p2a: Metagross|1/100
|
|upkeep
|turn|15
|
|t:|1776189840
|move|p2a: Metagross|Bullet Punch|p1a: Ed Bongcloud
|-resisted|p1a: Ed Bongcloud
|-damage|p1a: Ed Bongcloud|32/100
|move|p1a: Ed Bongcloud|Sucker Punch||[still]
|-fail|p1a: Ed Bongcloud
|
|upkeep
|turn|16
|
|t:|1776189844
|-end|p1a: Ed Bongcloud|fallenundefined|[silent]
|switch|p1a: Lockheed Shartin|Latios, M|90/100
|move|p2a: Metagross|Bullet Punch|p1a: Lockheed Shartin
|-damage|p1a: Lockheed Shartin|68/100
|
|-heal|p1a: Lockheed Shartin|74/100|[from] item: Leftovers
|upkeep
|turn|17
|
|t:|1776189847
|move|p2a: Metagross|Bullet Punch|p1a: Lockheed Shartin
|-damage|p1a: Lockheed Shartin|52/100
|move|p1a: Lockheed Shartin|Flip Turn|p2a: Metagross
|-damage|p2a: Metagross|0 fnt
|faint|p2a: Metagross
|inactive|1200s chud has 120 seconds left.
|l|☆1200s chud
|inactive|1200s chud disconnected and has a minute to reconnect!
|player|p1|
|j|☆1200s chud
|inactive|1200s chud reconnected and has 100 seconds left.
|player|p1|1200s chud|drayton|
|inactive|1200s chud has 90 seconds left.
|
|t:|1776189891
|switch|p1a: Glimmy Neutron|Glimmora, F|100/100|[from] Flip Turn
|
|upkeep
|
|t:|1776189907
|switch|p2a: Keldeo|Keldeo|55/100
|turn|18
|
|t:|1776189911
|switch|p1a: Lockheed Shartin|Latios, M|52/100
|move|p2a: Keldeo|Surf|p1a: Lockheed Shartin
|-resisted|p1a: Lockheed Shartin
|-damage|p1a: Lockheed Shartin|33/100
|
|-heal|p1a: Lockheed Shartin|40/100|[from] item: Leftovers
|upkeep
|turn|19
|
|t:|1776189918
|switch|p2a: Gliscor|Gliscor, M|100/100
|move|p1a: Lockheed Shartin|Recover|p1a: Lockheed Shartin
|-heal|p1a: Lockheed Shartin|90/100
|
|-heal|p1a: Lockheed Shartin|96/100|[from] item: Leftovers
|-status|p2a: Gliscor|tox|[from] item: Toxic Orb
|upkeep
|turn|20
|
|t:|1776189923
|move|p1a: Lockheed Shartin|Flip Turn|p2a: Gliscor
|-supereffective|p2a: Gliscor
|-damage|p2a: Gliscor|83/100 tox
|
|t:|1776189926
|switch|p1a: Excadrill|Excadrill, M|100/100|[from] Flip Turn
|-ability|p1a: Excadrill|Mold Breaker
|-item|p1a: Excadrill|Air Balloon
|move|p2a: Gliscor|Knock Off|p1a: Excadrill
|-damage|p1a: Excadrill|68/100
|-enditem|p1a: Excadrill|Air Balloon
|
|-heal|p2a: Gliscor|95/100 tox|[from] ability: Poison Heal
|upkeep
|turn|21
|
|t:|1776189932
|-terastallize|p1a: Excadrill|Ice
|move|p1a: Excadrill|Tera Blast|p2a: Gliscor|[anim] Tera Blast Ice
|-supereffective|p2a: Gliscor
|-damage|p2a: Gliscor|0 fnt
|faint|p2a: Gliscor
|
|upkeep
|
|t:|1776189939
|switch|p2a: Keldeo|Keldeo|55/100
|turn|22
|l|☆1200s chud
|inactive|1200s chud disconnected and has a minute to reconnect!
|player|p1|
|j|☆1200s chud
|inactive|1200s chud reconnected and has 140 seconds left.
|player|p1|1200s chud|drayton|
|
|t:|1776189956
|switch|p1a: Lockheed Shartin|Latios, M|96/100
|move|p2a: Keldeo|Flip Turn|p1a: Lockheed Shartin
|-resisted|p1a: Lockheed Shartin
|-damage|p1a: Lockheed Shartin|88/100
|
|t:|1776189959
|switch|p2a: Weavile|Weavile, F|100/100|[from] Flip Turn
|-ability|p2a: Weavile|Pressure
|
|-heal|p1a: Lockheed Shartin|94/100|[from] item: Leftovers
|upkeep
|turn|23
|
|t:|1776189969
|switch|p1a: GotYoGirlSticky|Araquanid, F, shiny|27/100
|move|p2a: Weavile|Swords Dance|p2a: Weavile
|-boost|p2a: Weavile|atk|2
|
|upkeep
|turn|24
|
|t:|1776189971
|move|p2a: Weavile|Knock Off|p1a: GotYoGirlSticky
|-crit|p1a: GotYoGirlSticky
|-damage|p1a: GotYoGirlSticky|0 fnt
|-enditem|p1a: GotYoGirlSticky|Choice Band|[from] move: Knock Off|[of] p2a: Weavile
|faint|p1a: GotYoGirlSticky
|
|upkeep
|
|t:|1776189973
|switch|p1a: Lady Glizzy|Iron Valiant|100/100
|-enditem|p1a: Lady Glizzy|Booster Energy
|-activate|p1a: Lady Glizzy|ability: Quark Drive|[fromitem]
|-start|p1a: Lady Glizzy|quarkdrivespe
|turn|25
|c| pinkacordhater|yo wtf are these nicknames
|
|t:|1776189985
|-terastallize|p2a: Weavile|Ice
|move|p1a: Lady Glizzy|Moonblast|p2a: Weavile
|-damage|p2a: Weavile|36/100
|-unboost|p2a: Weavile|spa|1
|move|p2a: Weavile|Triple Axel|p1a: Lady Glizzy
|-damage|p1a: Lady Glizzy|65/100
|-damage|p1a: Lady Glizzy|0 fnt
|faint|p1a: Lady Glizzy
|-end|p1a: Lady Glizzy|Quark Drive|[silent]
|-hitcount|p1: Lady Glizzy|2
|
|upkeep
|c| pinkacordhater|'gotyogirlsticky'
|
|t:|1776189992
|switch|p1a: Excadrill|Excadrill, M, tera:Ice|68/100
|-ability|p1a: Excadrill|Mold Breaker
|turn|26
|
|t:|1776190004
|move|p2a: Weavile|Knock Off|p1a: Excadrill
|-damage|p1a: Excadrill|0 fnt
|faint|p1a: Excadrill
|
|upkeep
|
|t:|1776190005
|switch|p1a: Ed Bongcloud|Kingambit, M|32/100
|-activate|p1a: Ed Bongcloud|ability: Supreme Overlord
|-start|p1a: Ed Bongcloud|fallen3|[silent]
|turn|27
|
|t:|1776190008
|move|p2a: Weavile|Ice Shard|p1a: Ed Bongcloud
|-resisted|p1a: Ed Bongcloud
|-damage|p1a: Ed Bongcloud|14/100
|move|p1a: Ed Bongcloud|Sucker Punch||[still]
|-fail|p1a: Ed Bongcloud
|
|upkeep
|turn|28
|
|t:|1776190012
|move|p2a: Weavile|Ice Shard|p1a: Ed Bongcloud
|-resisted|p1a: Ed Bongcloud
|-damage|p1a: Ed Bongcloud|0 fnt
|faint|p1a: Ed Bongcloud
|-end|p1a: Ed Bongcloud|fallen3|[silent]
|
|upkeep
|
|t:|1776190015
|switch|p1a: Glimmy Neutron|Glimmora, F|100/100
|turn|29
|
|t:|1776190019
|move|p2a: Weavile|Triple Axel|p1a: Glimmy Neutron
|-damage|p1a: Glimmy Neutron|69/100
|-activate|p1a: Glimmy Neutron|ability: Toxic Debris
|-sidestart|p2: KevDB|move: Toxic Spikes
|-damage|p1a: Glimmy Neutron|10/100
|-activate|p1a: Glimmy Neutron|ability: Toxic Debris
|-sidestart|p2: KevDB|move: Toxic Spikes
|-damage|p1a: Glimmy Neutron|0 fnt
|faint|p1a: Glimmy Neutron
|-hitcount|p1: Glimmy Neutron|3
|
|upkeep
|
|t:|1776190020
|switch|p1a: Lockheed Shartin|Latios, M|94/100
|turn|30
|
|t:|1776190023
|move|p2a: Weavile|Knock Off|p1a: Lockheed Shartin
|-supereffective|p1a: Lockheed Shartin
|-damage|p1a: Lockheed Shartin|0 fnt
|-enditem|p1a: Lockheed Shartin|Leftovers|[from] move: Knock Off|[of] p2a: Weavile
|faint|p1a: Lockheed Shartin
|
|win|KevDB
|raw|1200s chud's rating: 1563 &rarr; <strong>1540</strong><br />(-23 for losing)
|raw|KevDB's rating: 1507 &rarr; <strong>1530</strong><br />(+23 for winning)
