|html|<div class="broadcast-blue"><strong>[Gen 9] OU is currently suspecting Tera Blast! For information on how to participate check out the <a href="https://www.smogon.com/tools/suspects/view/200">suspect thread</a>.</strong></div>
|j|‽Larglungs
|j|☆Pongkz16
|t:|1776071293
|gametype|singles
|player|p1|Larglungs|170|1091
|player|p2|Pongkz16|n-masters|1095
|gen|9
|tier|[Gen 9] OU
|rated|
|rule|HP Percentage Mod: HP is shown in percentages
|rule|Endless Battle Clause: Forcing endless battles is banned
|rule|Species Clause: Limit one of each Pokémon
|rule|OHKO Clause: OHKO moves are banned
|rule|Evasion Items Clause: Evasion items are banned
|rule|Evasion Moves Clause: Evasion moves are banned
|rule|Evasion Abilities Clause: Evasion abilities are banned
|rule|Sleep Moves Clause: Sleep-inducing moves are banned
|clearpoke
|poke|p1|Great Tusk|
|poke|p1|Snorlax, F|
|poke|p1|Iron Moth|
|poke|p1|Latias, F|
|poke|p1|Tinkaton, F|
|poke|p1|Ninetales-Alola, M|
|poke|p2|Ribombee, F|
|poke|p2|Cinderace, M|
|poke|p2|Rabsca, M|
|poke|p2|Kingambit, F|
|poke|p2|Ogerpon, F|
|poke|p2|Slowking-Galar, F|
|teampreview
|c|☆Pongkz16|hi
|
|t:|1776071304
|teamsize|p1|6
|teamsize|p2|6
|start
|switch|p1a: Great Tusk|Great Tusk|100/100
|switch|p2a: Ribombee|Ribombee, F|100/100
|turn|1
|
|t:|1776071319
|move|p2a: Ribombee|Tailwind|p2a: Ribombee
|-sidestart|p2: Pongkz16|move: Tailwind
|move|p1a: Great Tusk|Ice Spinner|p2a: Ribombee
|-damage|p2a: Ribombee|63/100
|
|upkeep
|turn|2
|
|t:|1776071334
|move|p2a: Ribombee|Sticky Web|p1a: Great Tusk
|-sidestart|p1: Larglungs|move: Sticky Web
|move|p1a: Great Tusk|Ice Spinner|p2a: Ribombee
|-damage|p2a: Ribombee|27/100
|
|upkeep
|turn|3
|
|t:|1776071344
|switch|p2a: Slowking|Slowking-Galar, F|100/100
|move|p1a: Great Tusk|Ice Spinner|p2a: Slowking
|-damage|p2a: Slowking|75/100
|
|upkeep
|turn|4
|
|t:|1776071351
|move|p1a: Great Tusk|Earthquake|p2a: Slowking
|-supereffective|p2a: Slowking
|-damage|p2a: Slowking|0 fnt
|faint|p2a: Slowking
|
|-sideend|p2: Pongkz16|move: Tailwind
|upkeep
|
|t:|1776071356
|switch|p2a: Cinderace|Cinderace, M|100/100
|turn|5
|
|t:|1776071361
|move|p2a: Cinderace|Court Change|p2a: Cinderace
|-start|p2a: Cinderace|typechange|Normal|[from] ability: Libero
|-swapsideconditions
|-activate|p2a: Cinderace|move: Court Change
|move|p1a: Great Tusk|Earthquake|p2a: Cinderace
|-crit|p2a: Cinderace
|-damage|p2a: Cinderace|10/100
|
|upkeep
|turn|6
|
|t:|1776071369
|move|p2a: Cinderace|Facade|p1a: Great Tusk
|-damage|p1a: Great Tusk|85/100
|-damage|p2a: Cinderace|0 fnt|[from] item: Rocky Helmet|[of] p1a: Great Tusk
|faint|p2a: Cinderace
|move|p1a: Great Tusk|Earthquake|p2: Cinderace|[notarget]
|-fail|p1a: Great Tusk
|
|upkeep
|
|t:|1776071379
|switch|p2a: Rabsca|Rabsca, M|100/100
|-activate|p2a: Rabsca|move: Sticky Web
|-unboost|p2a: Rabsca|spe|1
|turn|7
|
|t:|1776071400
|move|p1a: Great Tusk|Ice Spinner|p2a: Rabsca
|-damage|p2a: Rabsca|74/100
|move|p2a: Rabsca|Trick Room|p2a: Rabsca
|-fieldstart|move: Trick Room|[of] p2a: Rabsca
|
|upkeep
|turn|8
|
|t:|1776071410
|-end|p1a: Great Tusk|Protosynthesis|[silent]
|switch|p1a: Snorlax|Snorlax, F|100/100
|move|p2a: Rabsca|Revival Blessing|p2a: Rabsca
|-enditem|p2a: Rabsca|Leppa Berry|[eat]
|-activate|p2a: Rabsca|item: Leppa Berry|Revival Blessing|[consumed]
|
|t:|1776071420
|-heal|p2: Slowking|50/100|[from] move: Revival Blessing
|
|upkeep
|turn|9
|
|t:|1776071433
|-terastallize|p1a: Snorlax|Psychic
|move|p2a: Rabsca|Revival Blessing|p2a: Rabsca
|
|t:|1776071437
|-heal|p2: Cinderace|50/100|[from] move: Revival Blessing
|move|p1a: Snorlax|Zen Headbutt|p2a: Rabsca
|-resisted|p2a: Rabsca
|-damage|p2a: Rabsca|56/100
|
|upkeep
|turn|10
|
|t:|1776071446
|move|p2a: Rabsca|Recover|p2a: Rabsca
|-heal|p2a: Rabsca|100/100
|move|p1a: Snorlax|Rock Slide|p2a: Rabsca
|-supereffective|p2a: Rabsca
|-damage|p2a: Rabsca|58/100
|
|upkeep
|turn|11
|
|t:|1776071455
|move|p2a: Rabsca|Recover|p2a: Rabsca
|-heal|p2a: Rabsca|100/100
|move|p1a: Snorlax|Rock Slide|p2a: Rabsca
|-supereffective|p2a: Rabsca
|-damage|p2a: Rabsca|57/100
|
|-fieldend|move: Trick Room
|upkeep
|turn|12
|
|t:|1776071465
|move|p1a: Snorlax|Rock Slide|p2a: Rabsca
|-supereffective|p2a: Rabsca
|-damage|p2a: Rabsca|15/100
|move|p2a: Rabsca|Trick Room|p2a: Rabsca
|-fieldstart|move: Trick Room|[of] p2a: Rabsca
|
|upkeep
|turn|13
|
|t:|1776071473
|move|p2a: Rabsca|Psychic Noise|p1a: Snorlax
|-resisted|p1a: Snorlax
|-damage|p1a: Snorlax|92/100
|-start|p1a: Snorlax|move: Heal Block
|move|p1a: Snorlax|Rock Slide|p2a: Rabsca|[miss]
|-miss|p1a: Snorlax|p2a: Rabsca
|
|upkeep
|turn|14
|
|t:|1776071483
|move|p2a: Rabsca|Psychic Noise|p1a: Snorlax
|-resisted|p1a: Snorlax
|-damage|p1a: Snorlax|84/100
|move|p1a: Snorlax|Rock Slide|p2a: Rabsca|[miss]
|-miss|p1a: Snorlax|p2a: Rabsca
|
|-end|p1a: Snorlax|move: Heal Block
|upkeep
|turn|15
|
|t:|1776071494
|move|p2a: Rabsca|Recover|p2a: Rabsca
|-heal|p2a: Rabsca|65/100
|move|p1a: Snorlax|Body Slam|p2a: Rabsca
|-damage|p2a: Rabsca|29/100
|
|-heal|p1a: Snorlax|90/100|[from] item: Leftovers
|upkeep
|turn|16
|
|t:|1776071503
|move|p2a: Rabsca|Recover|p2a: Rabsca
|-heal|p2a: Rabsca|79/100
|move|p1a: Snorlax|Body Slam|p2a: Rabsca
|-damage|p2a: Rabsca|43/100
|
|-heal|p1a: Snorlax|96/100|[from] item: Leftovers
|-fieldend|move: Trick Room
|upkeep
|turn|17
|
|t:|1776071514
|move|p1a: Snorlax|Rock Slide|p2a: Rabsca
|-supereffective|p2a: Rabsca
|-damage|p2a: Rabsca|3/100
|cant|p2a: Rabsca|flinch
|
|-heal|p1a: Snorlax|100/100|[from] item: Leftovers
|upkeep
|turn|18
|
|t:|1776071528
|switch|p2a: Slowking|Slowking-Galar, F|50/100
|move|p1a: Snorlax|Zen Headbutt|p2a: Slowking
|-damage|p2a: Slowking|17/100
|
|upkeep
|turn|19
|
|t:|1776071536
|switch|p2a: Rabsca|Rabsca, M|3/100
|-activate|p2a: Rabsca|move: Sticky Web
|-unboost|p2a: Rabsca|spe|1
|move|p1a: Snorlax|Zen Headbutt|p2a: Rabsca
|-resisted|p2a: Rabsca
|-damage|p2a: Rabsca|0 fnt
|faint|p2a: Rabsca
|
|upkeep
|
|t:|1776071545
|switch|p2a: Slowking|Slowking-Galar, F|50/100
|turn|20
|
|t:|1776071549
|move|p1a: Snorlax|Zen Headbutt|p2a: Slowking
|-damage|p2a: Slowking|21/100
|move|p2a: Slowking|Trick Room|p2a: Slowking
|-fieldstart|move: Trick Room|[of] p2a: Slowking
|
|upkeep
|turn|21
|
|t:|1776071555
|switch|p2a: Kingambit|Kingambit, F|100/100
|-activate|p2a: Kingambit|move: Sticky Web
|-unboost|p2a: Kingambit|spe|1
|-ability|p2a: Kingambit|Defiant|boost
|-boost|p2a: Kingambit|atk|2
|move|p1a: Snorlax|Zen Headbutt|p2a: Kingambit
|-immune|p2a: Kingambit
|
|upkeep
|turn|22
|
|t:|1776071574
|switch|p1a: Iron Moth|Iron Moth, shiny|100/100
|-enditem|p1a: Iron Moth|Booster Energy
|-activate|p1a: Iron Moth|ability: Quark Drive|[fromitem]
|-start|p1a: Iron Moth|quarkdrivespa
|move|p2a: Kingambit|Kowtow Cleave|p1a: Iron Moth
|-damage|p1a: Iron Moth|0 fnt
|faint|p1a: Iron Moth
|-end|p1a: Iron Moth|Quark Drive|[silent]
|
|upkeep
|
|t:|1776071587
|switch|p1a: Great Tusk|Great Tusk|85/100
|turn|23
|
|t:|1776071592
|move|p2a: Kingambit|Iron Head|p1a: Great Tusk
|-damage|p1a: Great Tusk|40/100
|-damage|p2a: Kingambit|84/100|[from] item: Rocky Helmet|[of] p1a: Great Tusk
|move|p1a: Great Tusk|Close Combat|p2a: Kingambit
|-supereffective|p2a: Kingambit
|-damage|p2a: Kingambit|0 fnt
|-unboost|p1a: Great Tusk|def|1
|-unboost|p1a: Great Tusk|spd|1
|faint|p2a: Kingambit
|
|upkeep
|
|t:|1776071602
|switch|p2a: Ogerpon|Ogerpon, F|100/100
|-activate|p2a: Ogerpon|move: Sticky Web
|-unboost|p2a: Ogerpon|spe|1
|-ability|p2a: Ogerpon|Defiant|boost
|-boost|p2a: Ogerpon|atk|2
|turn|24
|
|t:|1776071612
|move|p1a: Great Tusk|Ice Spinner|p2a: Ogerpon
|-supereffective|p2a: Ogerpon
|-damage|p2a: Ogerpon|37/100
|move|p2a: Ogerpon|Ivy Cudgel|p1a: Great Tusk
|-supereffective|p1a: Great Tusk
|-damage|p1a: Great Tusk|0 fnt
|faint|p1a: Great Tusk
|-end|p1a: Great Tusk|Protosynthesis|[silent]
|
|-heal|p2a: Ogerpon|43/100|[from] item: Leftovers
|-fieldend|move: Trick Room
|upkeep
|
|t:|1776071639
|switch|p1a: Ninetales|Ninetales-Alola, M|100/100
|-weather|Snowscape|[from] ability: Snow Warning|[of] p1a: Ninetales
|turn|25
|
|t:|1776071655
|switch|p2a: Cinderace|Cinderace, M|50/100
|move|p1a: Ninetales|Blizzard|p2a: Cinderace
|-resisted|p2a: Cinderace
|-damage|p2a: Cinderace|19/100
|
|-weather|Snowscape|[upkeep]
|upkeep
|turn|26
|
|t:|1776071679
|switch|p1a: Snorlax|Snorlax, F, tera:Psychic|100/100
|move|p2a: Cinderace|Court Change|p2a: Cinderace
|-start|p2a: Cinderace|typechange|Normal|[from] ability: Libero
|-swapsideconditions
|-activate|p2a: Cinderace|move: Court Change
|
|-weather|Snowscape|[upkeep]
|upkeep
|turn|27
|
|t:|1776071693
|switch|p2a: Ribombee|Ribombee, F|27/100
|move|p1a: Snorlax|Body Slam|p2a: Ribombee
|-damage|p2a: Ribombee|0 fnt
|faint|p2a: Ribombee
|
|-weather|Snowscape|[upkeep]
|upkeep
|
|t:|1776071700
|switch|p2a: Cinderace|Cinderace, M|19/100
|turn|28
|
|t:|1776071704
|move|p2a: Cinderace|Sucker Punch|p1a: Snorlax
|-start|p2a: Cinderace|typechange|Dark|[from] ability: Libero
|-supereffective|p1a: Snorlax
|-damage|p1a: Snorlax|59/100
|move|p1a: Snorlax|Body Slam|p2a: Cinderace
|-damage|p2a: Cinderace|0 fnt
|faint|p2a: Cinderace
|
|-weather|Snowscape|[upkeep]
|-heal|p1a: Snorlax|65/100|[from] item: Leftovers
|upkeep
|
|t:|1776071714
|switch|p2a: Slowking|Slowking-Galar, F|54/100
|turn|29
|
|t:|1776071719
|move|p1a: Snorlax|Zen Headbutt|p2a: Slowking
|-damage|p2a: Slowking|23/100
|move|p2a: Slowking|Toxic|p1a: Snorlax
|-status|p1a: Snorlax|tox
|
|-weather|none
|-heal|p1a: Snorlax|71/100 tox|[from] item: Leftovers
|-damage|p1a: Snorlax|65/100 tox|[from] psn
|upkeep
|turn|30
|
|t:|1776071731
|switch|p2a: Ogerpon|Ogerpon, F|43/100
|move|p1a: Snorlax|Zen Headbutt|p2a: Ogerpon
|-damage|p2a: Ogerpon|1/100
|
|-heal|p2a: Ogerpon|7/100|[from] item: Leftovers
|-heal|p1a: Snorlax|71/100 tox|[from] item: Leftovers
|-damage|p1a: Snorlax|59/100 tox|[from] psn
|upkeep
|turn|31
|
|t:|1776071744
|move|p2a: Ogerpon|Spiky Shield|p2a: Ogerpon
|-singleturn|p2a: Ogerpon|move: Protect
|move|p1a: Snorlax|Zen Headbutt|p2a: Ogerpon
|-activate|p2a: Ogerpon|move: Protect
|-damage|p1a: Snorlax|47/100 tox|[from] Spiky Shield|[of] p2a: Ogerpon
|
|-heal|p2a: Ogerpon|13/100|[from] item: Leftovers
|-heal|p1a: Snorlax|53/100 tox|[from] item: Leftovers
|-damage|p1a: Snorlax|35/100 tox|[from] psn
|upkeep
|turn|32
|
|t:|1776071758
|switch|p2a: Slowking|Slowking-Galar, F|57/100
|move|p1a: Snorlax|Zen Headbutt|p2a: Slowking
|-damage|p2a: Slowking|24/100
|
|-heal|p1a: Snorlax|41/100 tox|[from] item: Leftovers
|-damage|p1a: Snorlax|16/100 tox|[from] psn
|upkeep
|turn|33
|
|t:|1776071768
|move|p1a: Snorlax|Body Slam|p2a: Slowking
|-damage|p2a: Slowking|0 fnt
|faint|p2a: Slowking
|
|-heal|p1a: Snorlax|22/100 tox|[from] item: Leftovers
|-damage|p1a: Snorlax|0 fnt|[from] psn
|faint|p1a: Snorlax
|upkeep
|
|t:|1776071779
|switch|p1a: Latias|Latias, F|100/100
|switch|p2a: Ogerpon|Ogerpon, F|13/100
|turn|34
|
|t:|1776071785
|move|p2a: Ogerpon|Knock Off|p1a: Latias
|-supereffective|p1a: Latias
|-damage|p1a: Latias|26/100
|-enditem|p1a: Latias|Soul Dew|[from] move: Knock Off|[of] p2a: Ogerpon
|move|p1a: Latias|Air Slash|p2a: Ogerpon
|-supereffective|p2a: Ogerpon
|-damage|p2a: Ogerpon|0 fnt
|faint|p2a: Ogerpon
|
|win|Larglungs
|raw|Larglungs's rating: 1091 &rarr; <strong>1118</strong><br />(+27 for winning)
|raw|Pongkz16's rating: 1095 &rarr; <strong>1070</strong><br />(-25 for losing)
|l|☆Pongkz16
|player|p2|
|l|‽Larglungs
|player|p1|
