|html|<div class="broadcast-blue"><strong>[Gen 9] OU is currently suspecting Tera Blast! For information on how to participate check out the <a href="https://www.smogon.com/tools/suspects/view/200">suspect thread</a>.</strong></div>
|j|☆pecharunthater8816
|j|☆postready
|t:|1776225229
|gametype|singles
|player|p1|pecharunthater8816|101|1000
|player|p2|postready|169|1009
|gen|9
|tier|[Gen 9] OU
|rated|
|rule|HP Percentage Mod: HP is shown in percentages
|rule|Endless Battle Clause: Forcing endless battles is banned
|rule|Species Clause: Limit one of each Pokémon
|rule|OHKO Clause: OHKO moves are banned
|rule|Evasion Items Clause: Evasion items are banned
|rule|Evasion Moves Clause: Evasion moves are banned
|rule|Evasion Abilities Clause: Evasion abilities are banned
|rule|Sleep Moves Clause: Sleep-inducing moves are banned
|clearpoke
|poke|p1|Cinderace, M|
|poke|p1|Vaporeon, F|
|poke|p1|Lucario, M|
|poke|p1|Zamazenta-*|
|poke|p1|Ceruledge, M|
|poke|p1|Darkrai|
|poke|p2|Glimmora, M|
|poke|p2|Comfey, M|
|poke|p2|Ceruledge, F|
|poke|p2|Corviknight, F|
|poke|p2|Primarina, F|
|poke|p2|Maushold-Four|
|teampreview
|inactive|Battle timer is ON: inactive players will automatically lose when time's up. (requested by postready)
|
|t:|1776225249
|teamsize|p1|6
|teamsize|p2|6
|start
|switch|p1a: Cinderace|Cinderace, M|100/100
|switch|p2a: Glimmora|Glimmora, M|100/100
|-item|p2a: Glimmora|Air Balloon
|turn|1
|
|t:|1776225258
|move|p1a: Cinderace|Pyro Ball|p2a: Glimmora|[miss]
|-miss|p1a: Cinderace|p2a: Glimmora
|move|p2a: Glimmora|Toxic|p1a: Cinderace
|-status|p1a: Cinderace|tox
|
|-damage|p1a: Cinderace|95/100 tox|[from] psn
|upkeep
|turn|2
|
|t:|1776225266
|move|p1a: Cinderace|Pyro Ball|p2a: Glimmora
|-resisted|p2a: Glimmora
|-damage|p2a: Glimmora|67/100
|-activate|p2a: Glimmora|ability: Toxic Debris
|-sidestart|p1: pecharunthater8816|move: Toxic Spikes
|-enditem|p2a: Glimmora|Air Balloon
|move|p2a: Glimmora|Reflect|p2a: Glimmora
|-sidestart|p2: postready|Reflect
|
|-damage|p1a: Cinderace|83/100 tox|[from] psn
|upkeep
|turn|3
|
|t:|1776225276
|move|p1a: Cinderace|Court Change|p1a: Cinderace
|-swapsideconditions
|-activate|p1a: Cinderace|move: Court Change
|move|p2a: Glimmora|Power Gem|p1a: Cinderace
|-supereffective|p1a: Cinderace
|-damage|p1a: Cinderace|0 fnt
|faint|p1a: Cinderace
|
|upkeep
|
|t:|1776225285
|switch|p1a: Darkrai|Darkrai|100/100
|turn|4
|
|t:|1776225288
|move|p1a: Darkrai|Dark Pulse|p2a: Glimmora
|-damage|p2a: Glimmora|0 fnt
|faint|p2a: Glimmora
|
|upkeep
|
|t:|1776225294
|switch|p2a: Maushold|Maushold-Four|100/100
|-status|p2a: Maushold|psn
|turn|5
|
|t:|1776225298
|move|p1a: Darkrai|Dark Pulse|p2a: Maushold
|-damage|p2a: Maushold|26/100 psn
|move|p2a: Maushold|Tidy Up|p2a: Maushold
|-sideend|p2: postready|Toxic Spikes
|-activate|p2a: Maushold|move: Tidy Up
|-boost|p2a: Maushold|atk|1
|-boost|p2a: Maushold|spe|1
|
|-damage|p2a: Maushold|14/100 psn|[from] psn
|upkeep
|turn|6
|
|t:|1776225310
|switch|p1a: Ceruledge|Ceruledge, M|100/100
|move|p2a: Maushold|Population Bomb|p1a: Ceruledge
|-immune|p1a: Ceruledge
|
|-damage|p2a: Maushold|2/100 psn|[from] psn
|-sideend|p1: pecharunthater8816|Reflect
|upkeep
|turn|7
|
|t:|1776225318
|move|p2a: Maushold|Chilling Water|p1a: Ceruledge
|-supereffective|p1a: Ceruledge
|-damage|p1a: Ceruledge|70/100
|-unboost|p1a: Ceruledge|atk|1
|move|p1a: Ceruledge|Swords Dance|p1a: Ceruledge
|-boost|p1a: Ceruledge|atk|2
|
|-damage|p2a: Maushold|0 fnt|[from] psn
|faint|p2a: Maushold
|upkeep
|
|t:|1776225329
|switch|p2a: Primarina|Primarina, F|100/100
|turn|8
|
|t:|1776225334
|-terastallize|p1a: Ceruledge|Ghost
|move|p1a: Ceruledge|Poltergeist|p2a: Primarina
|-activate|p2a: Primarina|move: Poltergeist|Leftovers
|-damage|p2a: Primarina|0 fnt
|faint|p2a: Primarina
|
|upkeep
|
|t:|1776225341
|switch|p2a: Comfey|Comfey, M|100/100
|turn|9
|
|t:|1776225344
|move|p1a: Ceruledge|Bitter Blade|p2a: Comfey
|-damage|p2a: Comfey|11/100
|-heal|p1a: Ceruledge|100/100|[from] drain|[of] p2a: Comfey
|move|p2a: Comfey|Leech Seed|p1a: Ceruledge|[miss]
|-miss|p2a: Comfey|p1a: Ceruledge
|
|-heal|p2a: Comfey|17/100|[from] item: Leftovers
|upkeep
|turn|10
|-message|postready forfeited.
|
|win|pecharunthater8816
|raw|pecharunthater8816's rating: 1000 &rarr; <strong>1041</strong><br />(+41 for winning)
|raw|postready's rating: 1009 &rarr; <strong>1000</strong><br />(-9 for losing)
|l|☆postready
|player|p2|
