|html|<div class="broadcast-blue"><strong>[Gen 9] OU is currently suspecting Tera Blast! For information on how to participate check out the <a href="https://www.smogon.com/tools/suspects/view/200">suspect thread</a>.</strong></div>
|j|☆vinimcg
|j|☆Vorcifer
|t:|1776090095
|gametype|singles
|player|p1|vinimcg|swimmerf-gen4|1081
|player|p2|Vorcifer|ghetsis|1064
|gen|9
|tier|[Gen 9] OU
|rated|
|rule|HP Percentage Mod: HP is shown in percentages
|rule|Endless Battle Clause: Forcing endless battles is banned
|rule|Species Clause: Limit one of each Pokémon
|rule|OHKO Clause: OHKO moves are banned
|rule|Evasion Items Clause: Evasion items are banned
|rule|Evasion Moves Clause: Evasion moves are banned
|rule|Evasion Abilities Clause: Evasion abilities are banned
|rule|Sleep Moves Clause: Sleep-inducing moves are banned
|clearpoke
|poke|p1|Noivern, F|
|poke|p1|Gholdengo|
|poke|p1|Kingambit, F|
|poke|p1|Ogerpon-Wellspring, F|
|poke|p1|Ribombee, F|
|poke|p1|Great Tusk|
|poke|p2|Skarmory, M|
|poke|p2|Rotom-Heat|
|poke|p2|Porygon2|
|poke|p2|Dusknoir, M|
|poke|p2|Gardevoir, F|
|poke|p2|Gastrodon-East, F|
|teampreview
|inactive|Battle timer is ON: inactive players will automatically lose when time's up. (requested by Vorcifer)
|
|t:|1776090104
|teamsize|p1|6
|teamsize|p2|6
|start
|switch|p1a: Golden Boy|Gholdengo|100/100
|switch|p2a: Skarmory|Skarmory, M|100/100
|turn|1
|
|t:|1776090109
|move|p1a: Golden Boy|Thunder Wave|p2a: Skarmory
|-status|p2a: Skarmory|par
|move|p2a: Skarmory|Stealth Rock|p1a: Golden Boy
|-sidestart|p1: vinimcg|move: Stealth Rock
|
|upkeep
|turn|2
|
|t:|1776090114
|move|p1a: Golden Boy|Nasty Plot|p1a: Golden Boy
|-boost|p1a: Golden Boy|spa|2
|move|p2a: Skarmory|Spikes|p1a: Golden Boy
|-sidestart|p1: vinimcg|Spikes
|
|upkeep
|turn|3
|
|t:|1776090119
|switch|p2a: Rotom|Rotom-Heat|100/100
|move|p1a: Golden Boy|Nasty Plot|p1a: Golden Boy
|-boost|p1a: Golden Boy|spa|2
|
|upkeep
|turn|4
|
|t:|1776090127
|-terastallize|p1a: Golden Boy|Flying
|move|p2a: Rotom|Overheat|p1a: Golden Boy
|-damage|p1a: Golden Boy|45/100
|-unboost|p2a: Rotom|spa|2
|move|p1a: Golden Boy|Hex|p2a: Rotom
|-damage|p2a: Rotom|0 fnt
|faint|p2a: Rotom
|
|-heal|p1a: Golden Boy|51/100|[from] item: Leftovers
|upkeep
|
|t:|1776090134
|switch|p2a: Porygon2|Porygon2|100/100
|turn|5
|
|t:|1776090140
|move|p1a: Golden Boy|Thunder Wave|p2a: Porygon2
|-status|p2a: Porygon2|par
|cant|p2a: Porygon2|par
|
|-heal|p1a: Golden Boy|57/100|[from] item: Leftovers
|upkeep
|turn|6
|
|t:|1776090146
|move|p1a: Golden Boy|Recover|p1a: Golden Boy
|-heal|p1a: Golden Boy|100/100
|move|p2a: Porygon2|Thunderbolt|p1a: Golden Boy
|-supereffective|p1a: Golden Boy
|-damage|p1a: Golden Boy|48/100
|
|-heal|p1a: Golden Boy|54/100|[from] item: Leftovers
|upkeep
|turn|7
|
|t:|1776090163
|switch|p1a: Grande Chifres|Great Tusk|100/100
|-damage|p1a: Grande Chifres|98/100|[from] Stealth Rock
|-damage|p1a: Grande Chifres|85/100|[from] Spikes
|switch|p2a: Dusknoir|Dusknoir, M|100/100
|-ability|p2a: Dusknoir|Pressure
|
|-heal|p1a: Grande Chifres|91/100|[from] item: Leftovers
|upkeep
|turn|8
|
|t:|1776090183
|-end|p1a: Grande Chifres|Protosynthesis|[silent]
|switch|p1a: Kingambit|Kingambit, F, shiny|100/100
|-damage|p1a: Kingambit|94/100|[from] Stealth Rock
|-damage|p1a: Kingambit|82/100|[from] Spikes
|move|p2a: Dusknoir|Earthquake|p1a: Kingambit
|-supereffective|p1a: Kingambit
|-damage|p1a: Kingambit|30/100
|
|upkeep
|turn|9
|
|t:|1776090195
|move|p1a: Kingambit|Sucker Punch|p2a: Dusknoir
|-supereffective|p2a: Dusknoir
|-damage|p2a: Dusknoir|26/100
|move|p2a: Dusknoir|Earthquake|p1a: Kingambit
|-supereffective|p1a: Kingambit
|-damage|p1a: Kingambit|0 fnt
|faint|p1a: Kingambit
|-end|p1a: Kingambit|fallenundefined|[silent]
|
|-heal|p2a: Dusknoir|32/100|[from] item: Leftovers
|upkeep
|
|t:|1776090207
|switch|p1a: Ribombee|Ribombee, F|100/100
|-damage|p1a: Ribombee|76/100|[from] Stealth Rock
|-damage|p1a: Ribombee|63/100|[from] Spikes
|turn|10
|
|t:|1776090213
|move|p1a: Ribombee|Psychic|p2a: Dusknoir
|-damage|p2a: Dusknoir|8/100
|move|p2a: Dusknoir|Pain Split|p1a: Ribombee
|-sethp|p1a: Ribombee|36/100|[from] move: Pain Split|[silent]
|-sethp|p2a: Dusknoir|32/100|[from] move: Pain Split
|
|-heal|p2a: Dusknoir|38/100|[from] item: Leftovers
|upkeep
|turn|11
|
|t:|1776090219
|move|p1a: Ribombee|Moonblast|p2a: Dusknoir
|-damage|p2a: Dusknoir|0 fnt
|faint|p2a: Dusknoir
|
|upkeep
|
|t:|1776090223
|switch|p2a: Skarmory|Skarmory, M|100/100 par
|turn|12
|
|t:|1776090229
|move|p1a: Ribombee|Sticky Web|p2a: Skarmory
|-sidestart|p2: Vorcifer|move: Sticky Web
|move|p2a: Skarmory|Iron Head|p1a: Ribombee
|-supereffective|p1a: Ribombee
|-damage|p1a: Ribombee|0 fnt
|faint|p1a: Ribombee
|
|upkeep
|
|t:|1776090234
|switch|p1a: Grande Chifres|Great Tusk|91/100
|-damage|p1a: Grande Chifres|88/100|[from] Stealth Rock
|-damage|p1a: Grande Chifres|76/100|[from] Spikes
|turn|13
|
|t:|1776090239
|move|p1a: Grande Chifres|Rapid Spin|p2a: Skarmory
|-resisted|p2a: Skarmory
|-damage|p2a: Skarmory|95/100 par
|-boost|p1a: Grande Chifres|spe|1
|-sideend|p1: vinimcg|Spikes|[from] move: Rapid Spin|[of] p1a: Grande Chifres
|-sideend|p1: vinimcg|Stealth Rock|[from] move: Rapid Spin|[of] p1a: Grande Chifres
|move|p2a: Skarmory|Brave Bird|p1a: Grande Chifres
|-supereffective|p1a: Grande Chifres
|-damage|p1a: Grande Chifres|37/100
|-damage|p2a: Skarmory|80/100 par|[from] Recoil
|
|-heal|p1a: Grande Chifres|43/100|[from] item: Leftovers
|upkeep
|turn|14
|
|t:|1776090248
|-end|p1a: Grande Chifres|Protosynthesis|[silent]
|switch|p1a: Noivern|Noivern, F|100/100
|move|p2a: Skarmory|Brave Bird|p1a: Noivern
|-damage|p1a: Noivern|52/100
|-damage|p2a: Skarmory|65/100 par|[from] Recoil
|
|upkeep
|turn|15
|-activate|p2a: Skarmory|item: Quick Claw
|
|t:|1776090254
|move|p2a: Skarmory|Stealth Rock|p1a: Noivern
|-sidestart|p1: vinimcg|move: Stealth Rock
|move|p1a: Noivern|Flamethrower|p2a: Skarmory
|-supereffective|p2a: Skarmory
|-damage|p2a: Skarmory|0 fnt
|faint|p2a: Skarmory
|
|upkeep
|
|t:|1776090268
|switch|p2a: Gardevoir|Gardevoir, F|100/100
|-activate|p2a: Gardevoir|move: Sticky Web
|-unboost|p2a: Gardevoir|spe|1
|turn|16
|
|t:|1776090272
|move|p1a: Noivern|Flamethrower|p2a: Gardevoir
|-damage|p2a: Gardevoir|57/100
|move|p2a: Gardevoir|Calm Mind|p2a: Gardevoir
|-boost|p2a: Gardevoir|spa|1
|-boost|p2a: Gardevoir|spd|1
|
|upkeep
|turn|17
|
|t:|1776090282
|switch|p1a: Golden Boy|Gholdengo, tera:Flying|54/100
|-damage|p1a: Golden Boy|29/100|[from] Stealth Rock
|move|p2a: Gardevoir|Moonblast|p1a: Golden Boy
|-damage|p1a: Golden Boy|0 fnt
|faint|p1a: Golden Boy
|-damage|p2a: Gardevoir|47/100|[from] item: Life Orb
|
|upkeep
|
|t:|1776090288
|switch|p1a: Grande Chifres|Great Tusk|43/100
|-damage|p1a: Grande Chifres|40/100|[from] Stealth Rock
|turn|18
|
|t:|1776090292
|move|p1a: Grande Chifres|Rapid Spin|p2a: Gardevoir
|-damage|p2a: Gardevoir|20/100
|-boost|p1a: Grande Chifres|spe|1
|-sideend|p1: vinimcg|Stealth Rock|[from] move: Rapid Spin|[of] p1a: Grande Chifres
|move|p2a: Gardevoir|Psychic|p1a: Grande Chifres
|-supereffective|p1a: Grande Chifres
|-damage|p1a: Grande Chifres|0 fnt
|faint|p1a: Grande Chifres
|-end|p1a: Grande Chifres|Protosynthesis|[silent]
|-damage|p2a: Gardevoir|10/100|[from] item: Life Orb
|
|upkeep
|
|t:|1776090298
|switch|p1a: Ogerponio|Ogerpon-Wellspring, F|100/100
|turn|19
|
|t:|1776090306
|move|p1a: Ogerponio|U-turn|p2a: Gardevoir
|-damage|p2a: Gardevoir|0 fnt
|faint|p2a: Gardevoir
|
|t:|1776090309
|switch|p1a: Noivern|Noivern, F|52/100|[from] U-turn
|
|upkeep
|
|t:|1776090312
|switch|p2a: Porygon2|Porygon2|100/100 par
|-activate|p2a: Porygon2|move: Sticky Web
|-unboost|p2a: Porygon2|spe|1
|turn|20
|
|t:|1776090319
|cant|p2a: Porygon2|par
|move|p1a: Noivern|Boomburst|p2a: Porygon2
|-damage|p2a: Porygon2|59/100 par
|
|upkeep
|turn|21
|
|t:|1776090324
|move|p1a: Noivern|Boomburst|p2a: Porygon2
|-crit|p2a: Porygon2
|-damage|p2a: Porygon2|0 fnt
|faint|p2a: Porygon2
|
|upkeep
|
|t:|1776090326
|switch|p2a: Gastrodon|Gastrodon-East, F|100/100
|-activate|p2a: Gastrodon|move: Sticky Web
|-unboost|p2a: Gastrodon|spe|1
|turn|22
|
|t:|1776090333
|move|p1a: Noivern|Boomburst|p2a: Gastrodon
|-damage|p2a: Gastrodon|59/100
|move|p2a: Gastrodon|Surf|p1a: Noivern
|-resisted|p1a: Noivern
|-damage|p1a: Noivern|33/100
|
|-heal|p2a: Gastrodon|65/100|[from] item: Leftovers
|upkeep
|turn|23
|
|t:|1776090340
|move|p1a: Noivern|Boomburst|p2a: Gastrodon
|-damage|p2a: Gastrodon|20/100
|move|p2a: Gastrodon|Surf|p1a: Noivern
|-resisted|p1a: Noivern
|-damage|p1a: Noivern|15/100
|
|-heal|p2a: Gastrodon|26/100|[from] item: Leftovers
|upkeep
|turn|24
|
|t:|1776090351
|move|p1a: Noivern|Boomburst|p2a: Gastrodon
|-crit|p2a: Gastrodon
|-damage|p2a: Gastrodon|0 fnt
|faint|p2a: Gastrodon
|
|win|vinimcg
|raw|vinimcg's rating: 1081 &rarr; <strong>1107</strong><br />(+26 for winning)
|raw|Vorcifer's rating: 1064 &rarr; <strong>1045</strong><br />(-19 for losing)
|l|☆Vorcifer
|player|p2|
|l|☆vinimcg
|player|p1|
