|html|<div class="broadcast-blue"><strong>[Gen 9] OU is currently suspecting Tera Blast! For information on how to participate check out the <a href="https://www.smogon.com/tools/suspects/view/200">suspect thread</a>.</strong></div>
|j|☆KevDB
|j|☆aquavanilla
|t:|1776110532
|gametype|singles
|player|p1|KevDB|dawn|
|player|p2|aquavanilla|dawn-masters|
|gen|9
|tier|[Gen 9] OU
|rule|HP Percentage Mod: HP is shown in percentages
|rule|Endless Battle Clause: Forcing endless battles is banned
|rule|Species Clause: Limit one of each Pokémon
|rule|OHKO Clause: OHKO moves are banned
|rule|Evasion Items Clause: Evasion items are banned
|rule|Evasion Moves Clause: Evasion moves are banned
|rule|Evasion Abilities Clause: Evasion abilities are banned
|rule|Sleep Moves Clause: Sleep-inducing moves are banned
|clearpoke
|poke|p1|Samurott-Hisui, M|
|poke|p1|Pecharunt|
|poke|p1|Clefable, F|
|poke|p1|Gliscor, M|
|poke|p1|Zamazenta-*|
|poke|p1|Iron Crown|
|poke|p2|Ting-Lu|
|poke|p2|Moltres|
|poke|p2|Hatterene, F|
|poke|p2|Kyurem|
|poke|p2|Gholdengo|
|poke|p2|Zamazenta-*|
|teampreview
|inactive|Battle timer is ON: inactive players will automatically lose when time's up. (requested by aquavanilla)
|c|☆aquavanilla|omd
|c|☆KevDB|what
|c|☆KevDB|bro
|c|☆KevDB|I cant win this
|c|☆KevDB|icl
|inactive|KevDB has 270 seconds left.
|c|☆KevDB|ass mu
|
|t:|1776110574
|teamsize|p1|6
|teamsize|p2|6
|start
|switch|p1a: Clefable|Clefable, F|100/100
|switch|p2a: Zamazenta|Zamazenta, shiny|100/100
|-ability|p2a: Zamazenta|Dauntless Shield|boost
|-boost|p2a: Zamazenta|def|1
|turn|1
|c|☆KevDB|sadly
|
|t:|1776110579
|move|p2a: Zamazenta|Heavy Slam|p1a: Clefable
|-supereffective|p1a: Clefable
|-damage|p1a: Clefable|7/100
|move|p1a: Clefable|Knock Off|p2a: Zamazenta
|-resisted|p2a: Zamazenta
|-damage|p2a: Zamazenta|96/100
|-enditem|p2a: Zamazenta|Choice Band|[from] move: Knock Off|[of] p1a: Clefable
|
|-heal|p1a: Clefable|13/100|[from] item: Leftovers
|upkeep
|turn|2
|c|☆KevDB|?
|c|☆KevDB|yo
|c|☆KevDB|omfg
|c|☆KevDB|its over
|
|t:|1776110600
|switch|p1a: Pecharunt|Pecharunt|100/100
|move|p2a: Zamazenta|Heavy Slam|p1a: Pecharunt
|-damage|p1a: Pecharunt|82/100
|
|upkeep
|turn|3
|c|☆aquavanilla|the fact u lived that is wild
|
|t:|1776110614
|switch|p2a: Gholdengo|Gholdengo, shiny|100/100
|move|p1a: Pecharunt|Malignant Chain|p2a: Gholdengo
|-immune|p2a: Gholdengo
|
|upkeep
|turn|4
|
|t:|1776110623
|switch|p1a: Samurott|Samurott-Hisui, M|100/100
|move|p2a: Gholdengo|Trick|p1a: Samurott
|-activate|p2a: Gholdengo|move: Trick|[of] p1a: Samurott
|-item|p1a: Samurott|Choice Scarf|[from] move: Trick
|-item|p2a: Gholdengo|Heavy-Duty Boots|[from] move: Trick
|
|upkeep
|turn|5
|c|☆KevDB|dont mind me a scarf ngl
|c|☆aquavanilla|this shit is mad annoying
|inactive|aquavanilla has 270 seconds left.
|
|t:|1776110650
|switch|p2a: Zamazenta|Zamazenta, shiny|96/100
|move|p1a: Samurott|Ceaseless Edge|p2a: Zamazenta
|-resisted|p2a: Zamazenta
|-damage|p2a: Zamazenta|73/100
|-sidestart|p2: aquavanilla|Spikes
|
|upkeep
|turn|6
|
|t:|1776110659
|switch|p2a: Gholdengo|Gholdengo, shiny|100/100
|move|p1a: Samurott|Ceaseless Edge|p2a: Gholdengo
|-supereffective|p2a: Gholdengo
|-damage|p2a: Gholdengo|0 fnt
|-sidestart|p2: aquavanilla|Spikes
|faint|p2a: Gholdengo
|
|upkeep
|c|☆KevDB|LMFAOOOOOO
|c|☆KevDB|UR SO SHITTTT
|inactive|aquavanilla has 270 seconds left.
|c|☆aquavanilla|ur a dweeb
|c|☆KevDB|LMAO
|
|t:|1776110678
|switch|p2a: Moltres|Moltres, shiny|100/100
|turn|7
|inactive|aquavanilla has 270 seconds left.
|
|t:|1776110686
|move|p1a: Samurott|Ceaseless Edge|p2a: Moltres
|-damage|p2a: Moltres|71/100
|-status|p1a: Samurott|brn|[from] ability: Flame Body|[of] p2a: Moltres
|-sidestart|p2: aquavanilla|Spikes
|move|p2a: Moltres|Flamethrower|p1a: Samurott
|-resisted|p1a: Samurott
|-damage|p1a: Samurott|73/100 brn
|
|-damage|p1a: Samurott|67/100 brn|[from] brn
|upkeep
|turn|8
|c|☆KevDB|first try ofc
|
|t:|1776110696
|switch|p1a: Gliscor|Gliscor, M|100/100
|move|p2a: Moltres|Flamethrower|p1a: Gliscor
|-damage|p1a: Gliscor|66/100
|
|-status|p1a: Gliscor|tox|[from] item: Toxic Orb
|upkeep
|turn|9
|c|☆KevDB|we surprised ?
|
|t:|1776110704
|move|p1a: Gliscor|Protect|p1a: Gliscor
|-singleturn|p1a: Gliscor|Protect
|move|p2a: Moltres|Roar|p1a: Gliscor
|drag|p1a: Zamazenta|Zamazenta|100/100
|-ability|p1a: Zamazenta|Dauntless Shield|boost
|-boost|p1a: Zamazenta|def|1
|
|upkeep
|turn|10
|
|t:|1776110709
|move|p1a: Zamazenta|Stone Edge|p2a: Moltres|[miss]
|-miss|p1a: Zamazenta|p2a: Moltres
|move|p2a: Moltres|Roost|p2a: Moltres
|-heal|p2a: Moltres|100/100
|-singleturn|p2a: Moltres|move: Roost
|
|upkeep
|turn|11
|c|☆KevDB|NAH
|c|☆KevDB|NAH
|c|☆KevDB|OFC
|
|t:|1776110716
|switch|p2a: Hatterene|Hatterene, F, shiny|100/100
|-damage|p2a: Hatterene|76/100|[from] Spikes
|move|p1a: Zamazenta|Heavy Slam|p2a: Hatterene
|-supereffective|p2a: Hatterene
|-damage|p2a: Hatterene|13/100
|-damage|p1a: Zamazenta|84/100|[from] item: Rocky Helmet|[of] p2a: Hatterene
|
|upkeep
|turn|12
|c|☆KevDB|t
|c|☆KevDB|yuppp
|c|☆KevDB|yuppp
|c|☆aquavanilla|oh ur boots
|c|☆KevDB|yuppp
|
|t:|1776110725
|move|p1a: Zamazenta|Stone Edge|p2a: Hatterene
|-damage|p2a: Hatterene|0 fnt
|faint|p2a: Hatterene
|
|upkeep
|c|☆KevDB|im him g
|c|☆aquavanilla|"im him"
|c|☆KevDB|tell me I aint him
|c|☆KevDB|that was nasty
|
|t:|1776110741
|switch|p2a: Ting-Lu|Ting-Lu, shiny|100/100
|-damage|p2a: Ting-Lu|76/100|[from] Spikes
|-ability|p2a: Ting-Lu|Vessel of Ruin
|turn|13
|c|☆KevDB|even when u hax u still get clipped
|
|t:|1776110748
|switch|p1a: Clefable|Clefable, F|13/100
|-terastallize|p2a: Ting-Lu|Poison
|move|p2a: Ting-Lu|Stealth Rock|p1a: Clefable
|-sidestart|p1: KevDB|move: Stealth Rock
|
|-heal|p1a: Clefable|19/100|[from] item: Leftovers
|-heal|p2a: Ting-Lu|82/100|[from] item: Leftovers
|upkeep
|turn|14
|c|☆KevDB|nice tera bro
|
|t:|1776110756
|move|p1a: Clefable|Moonlight|p1a: Clefable
|-heal|p1a: Clefable|69/100
|move|p2a: Ting-Lu|Ruination|p1a: Clefable
|-damage|p1a: Clefable|35/100
|
|-heal|p1a: Clefable|41/100|[from] item: Leftovers
|-heal|p2a: Ting-Lu|88/100|[from] item: Leftovers
|upkeep
|turn|15
|c|☆KevDB|we all love teraing our lu
|
|t:|1776110767
|switch|p2a: Zamazenta|Zamazenta, shiny|73/100
|-damage|p2a: Zamazenta|48/100|[from] Spikes
|move|p1a: Clefable|Knock Off|p2a: Zamazenta
|-resisted|p2a: Zamazenta
|-damage|p2a: Zamazenta|44/100
|
|-heal|p1a: Clefable|47/100|[from] item: Leftovers
|upkeep
|turn|16
|
|t:|1776110773
|switch|p1a: Pecharunt|Pecharunt|82/100
|move|p2a: Zamazenta|Crunch|p1a: Pecharunt
|-supereffective|p1a: Pecharunt
|-damage|p1a: Pecharunt|58/100
|-unboost|p1a: Pecharunt|def|1
|
|upkeep
|turn|17
|c|☆KevDB|defense drop
|c|☆KevDB|ofc
|
|t:|1776110779
|move|p2a: Zamazenta|Close Combat|p1a: Pecharunt
|-immune|p1a: Pecharunt
|move|p1a: Pecharunt|Recover|p1a: Pecharunt
|-heal|p1a: Pecharunt|100/100
|
|upkeep
|turn|18
|c|☆KevDB|?
|c|☆KevDB|LMFAO
|c|☆aquavanilla|misclicked
|c|☆aquavanilla|ffs
|c|☆KevDB|WHO DO U THINK UU R
|c|☆KevDB|CAP
|c|☆KevDB|LMAOOO
|
|t:|1776110793
|move|p2a: Zamazenta|Close Combat|p1a: Pecharunt
|-immune|p1a: Pecharunt
|move|p1a: Pecharunt|Malignant Chain|p2a: Zamazenta
|-damage|p2a: Zamazenta|16/100
|-status|p2a: Zamazenta|tox
|-start|p2a: Zamazenta|confusion|[from] ability: Poison Puppeteer|[of] p1a: Pecharunt
|
|-damage|p2a: Zamazenta|10/100 tox|[from] psn
|upkeep
|turn|19
|c|☆KevDB|MISCLICK AGAIN ?
|-message|aquavanilla forfeited.
|
|win|KevDB
|c|☆KevDB|LMFAOOOOOOO
|l|☆aquavanilla
|player|p2|
|c|☆KevDB|NAH
|c|☆KevDB|NAHHHH
