|html|<div class="broadcast-blue"><strong>[Gen 9] OU is currently suspecting Volcarona! For information on how to participate check out the <a href="https://www.smogon.com/tools/suspects/view/208">suspect thread</a>.</strong></div>
|j|☆jxdn404
|j|☆Nevno23
|t:|1778508716
|gametype|singles
|player|p1|jxdn404|265|1151
|player|p2|Nevno23|policeman-gen4|1098
|gen|9
|tier|[Gen 9] OU
|rated|
|rule|HP Percentage Mod: HP is shown in percentages
|rule|Endless Battle Clause: Forcing endless battles is banned
|rule|Species Clause: Limit one of each Pokémon
|rule|OHKO Clause: OHKO moves are banned
|rule|Evasion Items Clause: Evasion items are banned
|rule|Evasion Moves Clause: Evasion moves are banned
|rule|Evasion Abilities Clause: Evasion abilities are banned
|rule|Sleep Moves Clause: Sleep-inducing moves are banned
|clearpoke
|poke|p1|Mandibuzz, F|
|poke|p1|Thundurus, M|
|poke|p1|Blissey, F|
|poke|p1|Pelipper, M|
|poke|p1|Barraskewda, M|
|poke|p1|Toxicroak, M|
|poke|p2|Regieleki|
|poke|p2|Deoxys-Speed|
|poke|p2|Dragapult, F|
|poke|p2|Greninja-*, M|
|poke|p2|Bastiodon, F|
|poke|p2|Maushold-Four|
|teampreview
|
|t:|1778508737
|teamsize|p1|6
|teamsize|p2|6
|start
|switch|p1a: Larry|Pelipper, M, shiny|100/100
|switch|p2a: Regieleki|Regieleki|100/100
|-weather|RainDance|[from] ability: Drizzle|[of] p1a: Larry
|turn|1
|
|t:|1778508746
|-terastallize|p1a: Larry|Ground
|move|p2a: Regieleki|Thunderbolt|p1a: Larry
|-immune|p1a: Larry
|move|p1a: Larry|Weather Ball|p2a: Regieleki
|-damage|p2a: Regieleki|0 fnt
|faint|p2a: Regieleki
|
|-weather|RainDance|[upkeep]
|upkeep
|
|t:|1778508760
|switch|p2a: Greninja|Greninja, M|100/100
|turn|2
|
|t:|1778508769
|switch|p1a: Lakitu|Thundurus, M, shiny|100/100
|move|p2a: Greninja|Ice Beam|p1a: Lakitu
|-start|p2a: Greninja|typechange|Ice|[from] ability: Protean
|-supereffective|p1a: Lakitu
|-damage|p1a: Lakitu|0 fnt
|faint|p1a: Lakitu
|
|-weather|RainDance|[upkeep]
|upkeep
|
|t:|1778508781
|switch|p1a: Plankton|Barraskewda, M, shiny|100/100
|turn|3
|
|t:|1778508788
|switch|p2a: Bastiodon|Bastiodon, F|100/100
|move|p1a: Plankton|Close Combat|p2a: Bastiodon
|-supereffective|p2a: Bastiodon
|-ability|p2a: Bastiodon|Sturdy
|-damage|p2a: Bastiodon|1/100
|-unboost|p1a: Plankton|def|1
|-unboost|p1a: Plankton|spd|1
|
|-weather|RainDance|[upkeep]
|upkeep
|turn|4
|
|t:|1778508798
|move|p2a: Bastiodon|Protect|p2a: Bastiodon
|-singleturn|p2a: Bastiodon|Protect
|move|p1a: Plankton|Close Combat|p2a: Bastiodon
|-activate|p2a: Bastiodon|move: Protect
|
|-weather|RainDance|[upkeep]
|upkeep
|turn|5
|
|t:|1778508805
|move|p2a: Bastiodon|Protect||[still]
|-fail|p2a: Bastiodon
|move|p1a: Plankton|Close Combat|p2a: Bastiodon
|-supereffective|p2a: Bastiodon
|-damage|p2a: Bastiodon|0 fnt
|-unboost|p1a: Plankton|def|1
|-unboost|p1a: Plankton|spd|1
|faint|p2a: Bastiodon
|
|-weather|RainDance|[upkeep]
|upkeep
|
|t:|1778508814
|switch|p2a: Deoxys|Deoxys-Speed|100/100
|-ability|p2a: Deoxys|Pressure
|turn|6
|
|t:|1778508825
|switch|p1a: Raven|Mandibuzz, F, shiny|100/100
|move|p2a: Deoxys|Extreme Speed|p1a: Raven
|-damage|p1a: Raven|82/100
|-damage|p2a: Deoxys|91/100|[from] item: Life Orb
|
|-weather|RainDance|[upkeep]
|-heal|p1a: Raven|88/100|[from] item: Leftovers
|upkeep
|turn|7
|
|t:|1778508862
|move|p2a: Deoxys|Ice Punch|p1a: Raven
|-supereffective|p1a: Raven
|-damage|p1a: Raven|55/100
|-status|p1a: Raven|frz
|-damage|p2a: Deoxys|81/100|[from] item: Life Orb
|cant|p1a: Raven|frz
|
|-weather|RainDance|[upkeep]
|-heal|p1a: Raven|61/100 frz|[from] item: Leftovers
|upkeep
|turn|8
|
|t:|1778508877
|move|p2a: Deoxys|Ice Punch|p1a: Raven
|-supereffective|p1a: Raven
|-damage|p1a: Raven|28/100 frz
|-damage|p2a: Deoxys|71/100|[from] item: Life Orb
|cant|p1a: Raven|frz
|
|-weather|none
|-heal|p1a: Raven|35/100 frz|[from] item: Leftovers
|upkeep
|turn|9
|
|t:|1778508885
|move|p2a: Deoxys|Ice Punch|p1a: Raven
|-supereffective|p1a: Raven
|-damage|p1a: Raven|3/100 frz
|-damage|p2a: Deoxys|61/100|[from] item: Life Orb
|-curestatus|p1a: Raven|frz|[msg]
|move|p1a: Raven|U-turn|p2a: Deoxys
|-supereffective|p2a: Deoxys
|-damage|p2a: Deoxys|28/100
|
|t:|1778508894
|switch|p1a: Larry|Pelipper, M, shiny, tera:Ground|100/100|[from] U-turn
|-weather|RainDance|[from] ability: Drizzle|[of] p1a: Larry
|
|-weather|RainDance|[upkeep]
|upkeep
|turn|10
|
|t:|1778508904
|switch|p1a: Mrs. Puff|Blissey, F, shiny|100/100
|move|p2a: Deoxys|Ice Punch|p1a: Mrs. Puff
|-damage|p1a: Mrs. Puff|75/100
|-damage|p2a: Deoxys|18/100|[from] item: Life Orb
|
|-weather|RainDance|[upkeep]
|-heal|p1a: Mrs. Puff|81/100|[from] item: Leftovers
|upkeep
|turn|11
|
|t:|1778508913
|move|p2a: Deoxys|Drain Punch|p1a: Mrs. Puff
|-supereffective|p1a: Mrs. Puff
|-damage|p1a: Mrs. Puff|34/100
|-heal|p2a: Deoxys|84/100|[from] drain|[of] p1a: Mrs. Puff
|-damage|p2a: Deoxys|74/100|[from] item: Life Orb
|move|p1a: Mrs. Puff|Seismic Toss|p2a: Deoxys
|-damage|p2a: Deoxys|32/100
|
|-weather|RainDance|[upkeep]
|-heal|p1a: Mrs. Puff|41/100|[from] item: Leftovers
|upkeep
|turn|12
|
|t:|1778508923
|move|p2a: Deoxys|Drain Punch|p1a: Mrs. Puff
|-supereffective|p1a: Mrs. Puff
|-damage|p1a: Mrs. Puff|0 fnt
|-heal|p2a: Deoxys|89/100|[from] drain|[of] p1a: Mrs. Puff
|faint|p1a: Mrs. Puff
|-damage|p2a: Deoxys|79/100|[from] item: Life Orb
|
|-weather|RainDance|[upkeep]
|upkeep
|
|t:|1778508931
|switch|p1a: Plankton|Barraskewda, M, shiny|100/100
|turn|13
|
|t:|1778508937
|move|p2a: Deoxys|Extreme Speed|p1a: Plankton
|-damage|p1a: Plankton|47/100
|-damage|p2a: Deoxys|69/100|[from] item: Life Orb
|move|p1a: Plankton|Liquidation|p2a: Deoxys
|-damage|p2a: Deoxys|0 fnt
|faint|p2a: Deoxys
|
|-weather|RainDance|[upkeep]
|upkeep
|
|t:|1778508954
|switch|p2a: Greninja|Greninja, M|100/100
|turn|14
|
|t:|1778508963
|switch|p1a: Crazy Frog|Toxicroak, M, shiny|100/100
|-terastallize|p2a: Greninja|Water
|move|p2a: Greninja|Water Shuriken|p1a: Crazy Frog
|-immune|p1a: Crazy Frog|[from] ability: Dry Skin
|
|-weather|RainDance|[upkeep]
|upkeep
|turn|15
|
|t:|1778508971
|switch|p2a: Maushold|Maushold-Four|100/100
|move|p1a: Crazy Frog|Gunk Shot|p2a: Maushold
|-damage|p2a: Maushold|14/100
|-status|p2a: Maushold|psn
|
|-weather|RainDance|[upkeep]
|-damage|p2a: Maushold|2/100 psn|[from] psn
|upkeep
|turn|16
|
|t:|1778508979
|move|p2a: Maushold|Population Bomb|p1a: Crazy Frog
|-damage|p1a: Crazy Frog|81/100
|-damage|p1a: Crazy Frog|61/100
|-damage|p1a: Crazy Frog|44/100
|-damage|p1a: Crazy Frog|26/100
|-damage|p1a: Crazy Frog|8/100
|-damage|p1a: Crazy Frog|0 fnt
|faint|p1a: Crazy Frog
|-hitcount|p1: Crazy Frog|6
|
|-weather|none
|-damage|p2a: Maushold|0 fnt|[from] psn
|faint|p2a: Maushold
|upkeep
|
|t:|1778508992
|switch|p2a: Dragapult|Dragapult, F|100/100
|switch|p1a: Larry|Pelipper, M, shiny, tera:Ground|100/100
|-weather|RainDance|[from] ability: Drizzle|[of] p1a: Larry
|turn|17
|
|t:|1778509003
|move|p2a: Dragapult|Outrage|p1a: Larry
|-damage|p1a: Larry|41/100
|move|p1a: Larry|Hurricane|p2a: Dragapult
|-damage|p2a: Dragapult|50/100
|
|-weather|RainDance|[upkeep]
|upkeep
|turn|18
|
|t:|1778509011
|move|p2a: Dragapult|Outrage|p1a: Larry|[from] lockedmove
|-damage|p1a: Larry|0 fnt
|faint|p1a: Larry
|
|-weather|RainDance|[upkeep]
|upkeep
|
|t:|1778509016
|switch|p1a: Plankton|Barraskewda, M, shiny|47/100
|turn|19
|
|t:|1778509024
|move|p1a: Plankton|Psychic Fangs|p2a: Dragapult
|-damage|p2a: Dragapult|0 fnt
|faint|p2a: Dragapult
|
|-weather|RainDance|[upkeep]
|upkeep
|
|t:|1778509026
|switch|p2a: Greninja|Greninja, M, tera:Water|100/100
|turn|20
|
|t:|1778509047
|move|p2a: Greninja|Water Shuriken|p1a: Plankton
|-resisted|p1a: Plankton
|-damage|p1a: Plankton|23/100
|-resisted|p1a: Plankton
|-crit|p1a: Plankton
|-damage|p1a: Plankton|0 fnt
|faint|p1a: Plankton
|-hitcount|p1: Plankton|2
|
|-weather|RainDance|[upkeep]
|upkeep
|
|t:|1778509054
|switch|p1a: Raven|Mandibuzz, F, shiny|3/100
|turn|21
|
|t:|1778509070
|move|p2a: Greninja|Water Shuriken|p1a: Raven
|-crit|p1a: Raven
|-damage|p1a: Raven|0 fnt
|faint|p1a: Raven
|-hitcount|p1: Raven|1
|
|win|Nevno23
|raw|jxdn404's rating: 1151 &rarr; <strong>1122</strong><br />(-29 for losing)
|raw|Nevno23's rating: 1098 &rarr; <strong>1127</strong><br />(+29 for winning)
|l|☆jxdn404
|player|p1|
|l|☆Nevno23
|player|p2|
