|html|<div class="broadcast-blue"><strong>[Gen 9] OU is currently suspecting Tera Blast! For information on how to participate check out the <a href="https://www.smogon.com/tools/suspects/view/200">suspect thread</a>.</strong></div>
|j|☆qqmatic
|j|☆khkh jk kn
|t:|1776091877
|gametype|singles
|player|p1|qqmatic|cyrus|1287
|player|p2|khkh jk kn|steven|1336
|gen|9
|tier|[Gen 9] OU
|rated|
|rule|HP Percentage Mod: HP is shown in percentages
|rule|Endless Battle Clause: Forcing endless battles is banned
|rule|Species Clause: Limit one of each Pokémon
|rule|OHKO Clause: OHKO moves are banned
|rule|Evasion Items Clause: Evasion items are banned
|rule|Evasion Moves Clause: Evasion moves are banned
|rule|Evasion Abilities Clause: Evasion abilities are banned
|rule|Sleep Moves Clause: Sleep-inducing moves are banned
|clearpoke
|poke|p1|Hydrapple, M|
|poke|p1|Lycanroc-Dusk, F|
|poke|p1|Kingambit, F|
|poke|p1|Slither Wing|
|poke|p1|Iron Crown|
|poke|p1|Heatran, M|
|poke|p2|Grimmsnarl, M|
|poke|p2|Rotom-Wash|
|poke|p2|Corviknight, M|
|poke|p2|Landorus-Therian, M|
|poke|p2|Kommo-o, M|
|poke|p2|Iron Moth|
|teampreview
|inactive|Battle timer is ON: inactive players will automatically lose when time's up. (requested by qqmatic)
|
|t:|1776091903
|teamsize|p1|6
|teamsize|p2|6
|start
|switch|p1a: Heatran|Heatran, M|100/100
|switch|p2a: Landorus|Landorus-Therian, M, shiny|100/100
|-ability|p2a: Landorus|Intimidate|boost
|-unboost|p1a: Heatran|atk|1
|turn|1
|
|t:|1776091914
|move|p1a: Heatran|Overheat|p2a: Landorus
|-damage|p2a: Landorus|0 fnt
|-unboost|p1a: Heatran|spa|2
|faint|p2a: Landorus
|
|upkeep
|
|t:|1776091918
|switch|p2a: Rotom|Rotom-Wash, shiny|100/100
|turn|2
|
|t:|1776091922
|switch|p1a: wurm|Slither Wing|100/100
|move|p2a: Rotom|Volt Switch|p1a: wurm
|-crit|p1a: wurm
|-damage|p1a: wurm|54/100
|
|t:|1776091925
|switch|p2a: Iron Moth|Iron Moth, shiny|100/100|[from] Volt Switch
|
|upkeep
|turn|3
|
|t:|1776091932
|-end|p1a: wurm|Protosynthesis|[silent]
|switch|p1a: Heatran|Heatran, M|100/100
|move|p2a: Iron Moth|Sludge Wave|p1a: Heatran
|-immune|p1a: Heatran
|
|upkeep
|turn|4
|
|t:|1776091943
|-end|p2a: Iron Moth|Quark Drive|[silent]
|switch|p2a: Rotom|Rotom-Wash, shiny|100/100
|move|p1a: Heatran|Overheat|p2a: Rotom
|-resisted|p2a: Rotom
|-damage|p2a: Rotom|63/100
|-unboost|p1a: Heatran|spa|2
|
|-heal|p2a: Rotom|69/100|[from] item: Leftovers
|upkeep
|turn|5
|
|t:|1776091950
|switch|p1a: Lycanroc|Lycanroc-Dusk, F|100/100
|move|p2a: Rotom|Pain Split|p1a: Lycanroc
|-sethp|p1a: Lycanroc|80/100|[from] move: Pain Split|[silent]
|-sethp|p2a: Rotom|93/100|[from] move: Pain Split
|
|-heal|p2a: Rotom|99/100|[from] item: Leftovers
|upkeep
|turn|6
|
|t:|1776091960
|move|p1a: Lycanroc|Swords Dance|p1a: Lycanroc
|-boost|p1a: Lycanroc|atk|2
|move|p2a: Rotom|Hydro Pump|p1a: Lycanroc|[miss]
|-miss|p2a: Rotom|p1a: Lycanroc
|
|-heal|p2a: Rotom|100/100|[from] item: Leftovers
|upkeep
|turn|7
|
|t:|1776091966
|move|p1a: Lycanroc|Play Rough|p2a: Rotom
|-damage|p2a: Rotom|0 fnt
|faint|p2a: Rotom
|-damage|p1a: Lycanroc|70/100|[from] item: Life Orb
|
|upkeep
|
|t:|1776091970
|switch|p2a: Grimmsnarl|Grimmsnarl, M, shiny|100/100
|turn|8
|
|t:|1776091974
|move|p1a: Lycanroc|Accelerock|p2a: Grimmsnarl
|-damage|p2a: Grimmsnarl|14/100
|-damage|p1a: Lycanroc|60/100|[from] item: Life Orb
|move|p2a: Grimmsnarl|Reflect|p2a: Grimmsnarl
|-sidestart|p2: khkh jk kn|Reflect
|
|upkeep
|turn|9
|j| uno and dos
|
|t:|1776091980
|switch|p2a: Corviknight|Corviknight, M, shiny|100/100
|move|p1a: Lycanroc|Accelerock|p2a: Corviknight
|-damage|p2a: Corviknight|77/100
|-damage|p1a: Lycanroc|43/100|[from] item: Rocky Helmet|[of] p2a: Corviknight
|-damage|p1a: Lycanroc|34/100|[from] item: Life Orb
|
|upkeep
|turn|10
|
|t:|1776091984
|move|p1a: Lycanroc|Accelerock|p2a: Corviknight
|-damage|p2a: Corviknight|56/100
|-damage|p1a: Lycanroc|17/100|[from] item: Rocky Helmet|[of] p2a: Corviknight
|-damage|p1a: Lycanroc|7/100|[from] item: Life Orb
|move|p2a: Corviknight|Body Press|p1a: Lycanroc
|-supereffective|p1a: Lycanroc
|-damage|p1a: Lycanroc|0 fnt
|faint|p1a: Lycanroc
|
|upkeep
|c| uno and dos|Ibby wanna battle when your done with this?
|
|t:|1776091990
|switch|p1a: Heatran|Heatran, M|100/100
|turn|11
|
|t:|1776092005
|-terastallize|p2a: Corviknight|Water
|move|p1a: Heatran|Overheat|p2a: Corviknight
|-resisted|p2a: Corviknight
|-damage|p2a: Corviknight|19/100
|-unboost|p1a: Heatran|spa|2
|move|p2a: Corviknight|Roost|p2a: Corviknight
|-heal|p2a: Corviknight|69/100
|
|upkeep
|turn|12
|
|t:|1776092016
|switch|p1a: Iron Crown|Iron Crown|100/100
|move|p2a: Corviknight|U-turn|p1a: Iron Crown
|-damage|p1a: Iron Crown|88/100
|
|t:|1776092019
|switch|p2a: Iron Moth|Iron Moth, shiny|100/100|[from] U-turn
|
|upkeep
|turn|13
|
|t:|1776092023
|-end|p2a: Iron Moth|Quark Drive|[silent]
|switch|p2a: Grimmsnarl|Grimmsnarl, M, shiny|14/100
|move|p1a: Iron Crown|Agility|p1a: Iron Crown
|-boost|p1a: Iron Crown|spe|2
|
|upkeep
|turn|14
|
|t:|1776092027
|move|p2a: Grimmsnarl|Light Screen|p2a: Grimmsnarl
|-sidestart|p2: khkh jk kn|move: Light Screen
|move|p1a: Iron Crown|Calm Mind|p1a: Iron Crown
|-boost|p1a: Iron Crown|spa|1
|-boost|p1a: Iron Crown|spd|1
|
|upkeep
|turn|15
|
|t:|1776092030
|move|p2a: Grimmsnarl|Parting Shot|p1a: Iron Crown
|-unboost|p1a: Iron Crown|atk|1
|-unboost|p1a: Iron Crown|spa|1
|
|t:|1776092033
|switch|p2a: Iron Moth|Iron Moth, shiny|100/100|[from] Parting Shot
|move|p1a: Iron Crown|Tachyon Cutter|p2a: Iron Moth
|-resisted|p2a: Iron Moth
|-damage|p2a: Iron Moth|94/100
|-resisted|p2a: Iron Moth
|-damage|p2a: Iron Moth|87/100
|-hitcount|p2a: Iron Moth|2
|
|-sideend|p2: khkh jk kn|Reflect
|upkeep
|turn|16
|
|t:|1776092043
|-end|p2a: Iron Moth|Quark Drive|[silent]
|switch|p2a: Kommo-o|Kommo-o, M|100/100
|move|p1a: Iron Crown|Calm Mind|p1a: Iron Crown
|-boost|p1a: Iron Crown|spa|1
|-boost|p1a: Iron Crown|spd|1
|
|upkeep
|turn|17
|
|t:|1776092049
|move|p1a: Iron Crown|Stored Power|p2a: Kommo-o
|-supereffective|p2a: Kommo-o
|-damage|p2a: Kommo-o|0 fnt
|faint|p2a: Kommo-o
|
|upkeep
|-message|khkh jk kn forfeited.
|
|win|qqmatic
|raw|qqmatic's rating: 1287 &rarr; <strong>1316</strong><br />(+29 for winning)
|raw|khkh jk kn's rating: 1336 &rarr; <strong>1313</strong><br />(-23 for losing)
|l|☆khkh jk kn
|player|p2|
|l| uno and dos
