|html|<div class="broadcast-blue"><strong>[Gen 9] OU is currently suspecting Tera Blast! For information on how to participate check out the <a href="https://www.smogon.com/tools/suspects/view/200">suspect thread</a>.</strong></div>
|j|☆12723 Dong
|j|☆groovythunder
|t:|1776123147
|gametype|singles
|player|p1|12723 Dong|102|1602
|player|p2|groovythunder|266|1732
|gen|9
|tier|[Gen 9] OU
|rated|
|rule|HP Percentage Mod: HP is shown in percentages
|rule|Endless Battle Clause: Forcing endless battles is banned
|rule|Species Clause: Limit one of each Pokémon
|rule|OHKO Clause: OHKO moves are banned
|rule|Evasion Items Clause: Evasion items are banned
|rule|Evasion Moves Clause: Evasion moves are banned
|rule|Evasion Abilities Clause: Evasion abilities are banned
|rule|Sleep Moves Clause: Sleep-inducing moves are banned
|clearpoke
|poke|p1|Lycanroc-Dusk, F|
|poke|p1|Ninetales-Alola, F|
|poke|p1|Dragonite, M|
|poke|p1|Iron Valiant|
|poke|p1|Ting-Lu|
|poke|p1|Gholdengo|
|poke|p2|Ninetales, M|
|poke|p2|Great Tusk|
|poke|p2|Heatran, M|
|poke|p2|Walking Wake|
|poke|p2|Raging Bolt|
|poke|p2|Sinistcha|
|teampreview
|inactive|Battle timer is ON: inactive players will automatically lose when time's up. (requested by 12723 Dong)
|
|t:|1776123158
|teamsize|p1|6
|teamsize|p2|6
|start
|switch|p1a: Ting-Lu|Ting-Lu|100/100
|switch|p2a: Raging Bolt|Raging Bolt|100/100
|-ability|p1a: Ting-Lu|Vessel of Ruin
|turn|1
|
|t:|1776123167
|-end|p2a: Raging Bolt|Protosynthesis|[silent]
|switch|p2a: Sinistcha|Sinistcha|100/100
|switch|p1a: Ninetales|Ninetales-Alola, F|100/100
|-weather|Snowscape|[from] ability: Snow Warning|[of] p1a: Ninetales
|
|-weather|Snowscape|[upkeep]
|upkeep
|turn|2
|
|t:|1776123173
|switch|p2a: Ninetales|Ninetales, M|100/100
|-weather|SunnyDay|[from] ability: Drought|[of] p2a: Ninetales
|move|p1a: Ninetales|Snowscape|p1a: Ninetales
|-weather|Snowscape
|
|-weather|Snowscape|[upkeep]
|upkeep
|turn|3
|
|t:|1776123179
|move|p1a: Ninetales|Aurora Veil|p1a: Ninetales
|-sidestart|p1: 12723 Dong|move: Aurora Veil
|move|p2a: Ninetales|Encore|p1a: Ninetales
|-start|p1a: Ninetales|Encore
|
|-weather|Snowscape|[upkeep]
|upkeep
|turn|4
|
|t:|1776123186
|switch|p1a: Ting-Lu|Ting-Lu|100/100
|-ability|p1a: Ting-Lu|Vessel of Ruin
|switch|p2a: Heatran|Heatran, M|100/100
|
|-weather|Snowscape|[upkeep]
|upkeep
|turn|5
|
|t:|1776123190
|switch|p2a: Great Tusk|Great Tusk|100/100
|move|p1a: Ting-Lu|Earthquake|p2a: Great Tusk
|-damage|p2a: Great Tusk|77/100
|
|-weather|Snowscape|[upkeep]
|upkeep
|turn|6
|
|t:|1776123193
|move|p2a: Great Tusk|Knock Off|p1a: Ting-Lu
|-resisted|p1a: Ting-Lu
|-damage|p1a: Ting-Lu|96/100
|-enditem|p1a: Ting-Lu|Red Card|[from] move: Knock Off|[of] p2a: Great Tusk
|move|p1a: Ting-Lu|Ruination|p2a: Great Tusk
|-damage|p2a: Great Tusk|39/100
|
|-weather|none
|upkeep
|turn|7
|
|t:|1776123201
|-end|p2a: Great Tusk|Protosynthesis|[silent]
|switch|p2a: Sinistcha|Sinistcha|100/100
|move|p1a: Ting-Lu|Earthquake|p2a: Sinistcha
|-resisted|p2a: Sinistcha
|-damage|p2a: Sinistcha|87/100
|
|upkeep
|turn|8
|
|t:|1776123203
|move|p2a: Sinistcha|Calm Mind|p2a: Sinistcha
|-boost|p2a: Sinistcha|spa|1
|-boost|p2a: Sinistcha|spd|1
|move|p1a: Ting-Lu|Stealth Rock|p2a: Sinistcha
|-sidestart|p2: groovythunder|move: Stealth Rock
|
|upkeep
|turn|9
|
|t:|1776123205
|move|p2a: Sinistcha|Calm Mind|p2a: Sinistcha
|-boost|p2a: Sinistcha|spa|1
|-boost|p2a: Sinistcha|spd|1
|move|p1a: Ting-Lu|Whirlwind|p2a: Sinistcha
|drag|p2a: Raging Bolt|Raging Bolt|100/100
|-damage|p2a: Raging Bolt|88/100|[from] Stealth Rock
|
|upkeep
|turn|10
|
|t:|1776123209
|-end|p2a: Raging Bolt|Protosynthesis|[silent]
|switch|p2a: Great Tusk|Great Tusk|39/100
|-damage|p2a: Great Tusk|36/100|[from] Stealth Rock
|move|p1a: Ting-Lu|Ruination|p2a: Great Tusk
|-damage|p2a: Great Tusk|18/100
|
|-sideend|p1: 12723 Dong|move: Aurora Veil
|upkeep
|turn|11
|
|t:|1776123211
|move|p2a: Great Tusk|Rapid Spin|p1a: Ting-Lu
|-damage|p1a: Ting-Lu|87/100
|-boost|p2a: Great Tusk|spe|1
|-sideend|p2: groovythunder|Stealth Rock|[from] move: Rapid Spin|[of] p2a: Great Tusk
|move|p1a: Ting-Lu|Earthquake|p2a: Great Tusk
|-damage|p2a: Great Tusk|0 fnt
|faint|p2a: Great Tusk
|-end|p2a: Great Tusk|Protosynthesis|[silent]
|
|upkeep
|
|t:|1776123217
|switch|p2a: Ninetales|Ninetales, M|100/100
|-weather|SunnyDay|[from] ability: Drought|[of] p2a: Ninetales
|turn|12
|
|t:|1776123219
|switch|p2a: Walking Wake|Walking Wake|100/100
|-activate|p2a: Walking Wake|ability: Protosynthesis
|-start|p2a: Walking Wake|protosynthesisspe
|move|p1a: Ting-Lu|Stealth Rock|p2a: Walking Wake
|-sidestart|p2: groovythunder|move: Stealth Rock
|
|-weather|SunnyDay|[upkeep]
|upkeep
|turn|13
|
|t:|1776123228
|-terastallize|p2a: Walking Wake|Water
|move|p2a: Walking Wake|Hydro Steam|p1a: Ting-Lu
|-supereffective|p1a: Ting-Lu
|-damage|p1a: Ting-Lu|0 fnt
|faint|p1a: Ting-Lu
|
|-weather|SunnyDay|[upkeep]
|upkeep
|
|t:|1776123233
|switch|p1a: Ninetales|Ninetales-Alola, F|100/100
|-weather|Snowscape|[from] ability: Snow Warning|[of] p1a: Ninetales
|-end|p2a: Walking Wake|Protosynthesis
|turn|14
|
|t:|1776123236
|move|p2a: Walking Wake|Hydro Steam|p1a: Ninetales
|-damage|p1a: Ninetales|21/100
|move|p1a: Ninetales|Aurora Veil|p1a: Ninetales
|-sidestart|p1: 12723 Dong|move: Aurora Veil
|
|-weather|Snowscape|[upkeep]
|upkeep
|turn|15
|
|t:|1776123241
|move|p2a: Walking Wake|Hydro Steam|p1a: Ninetales
|-damage|p1a: Ninetales|0 fnt
|faint|p1a: Ninetales
|
|-weather|Snowscape|[upkeep]
|upkeep
|
|t:|1776123249
|switch|p1a: Gholdengo|Gholdengo|100/100
|-item|p1a: Gholdengo|Air Balloon
|turn|16
|
|t:|1776123253
|-end|p2a: Walking Wake|Protosynthesis|[silent]
|switch|p2a: Ninetales|Ninetales, M|100/100
|-damage|p2a: Ninetales|76/100|[from] Stealth Rock
|-weather|SunnyDay|[from] ability: Drought|[of] p2a: Ninetales
|move|p1a: Gholdengo|Shadow Ball|p2a: Ninetales
|-damage|p2a: Ninetales|33/100
|
|-weather|SunnyDay|[upkeep]
|upkeep
|turn|17
|
|t:|1776123260
|switch|p2a: Heatran|Heatran, M|100/100
|-damage|p2a: Heatran|88/100|[from] Stealth Rock
|move|p1a: Gholdengo|Shadow Ball|p2a: Heatran
|-damage|p2a: Heatran|59/100
|
|-weather|SunnyDay|[upkeep]
|-heal|p2a: Heatran|65/100|[from] item: Leftovers
|upkeep
|turn|18
|
|t:|1776123262
|move|p1a: Gholdengo|Focus Blast|p2a: Heatran|[miss]
|-miss|p1a: Gholdengo|p2a: Heatran
|move|p2a: Heatran|Magma Storm|p1a: Gholdengo
|-supereffective|p1a: Gholdengo
|-damage|p1a: Gholdengo|29/100
|-activate|p1a: Gholdengo|move: Magma Storm|[of] p2a: Heatran
|-enditem|p1a: Gholdengo|Air Balloon
|
|-weather|SunnyDay|[upkeep]
|-heal|p2a: Heatran|71/100|[from] item: Leftovers
|-damage|p1a: Gholdengo|17/100|[from] move: Magma Storm|[partiallytrapped]
|upkeep
|turn|19
|
|t:|1776123265
|move|p1a: Gholdengo|Focus Blast|p2a: Heatran|[miss]
|-miss|p1a: Gholdengo|p2a: Heatran
|move|p2a: Heatran|Stealth Rock|p1a: Gholdengo
|-sidestart|p1: 12723 Dong|move: Stealth Rock
|
|-weather|SunnyDay|[upkeep]
|-heal|p2a: Heatran|77/100|[from] item: Leftovers
|-damage|p1a: Gholdengo|4/100|[from] move: Magma Storm|[partiallytrapped]
|upkeep
|turn|20
|
|t:|1776123268
|switch|p2a: Sinistcha|Sinistcha|87/100
|move|p1a: Gholdengo|Focus Blast|p2a: Sinistcha
|-immune|p2a: Sinistcha
|
|-weather|SunnyDay|[upkeep]
|-end|p1a: Gholdengo|Magma Storm|[partiallytrapped]|[silent]
|upkeep
|turn|21
|
|t:|1776123273
|switch|p2a: Heatran|Heatran, M|77/100
|-damage|p2a: Heatran|64/100|[from] Stealth Rock
|move|p1a: Gholdengo|Shadow Ball|p2a: Heatran
|-damage|p2a: Heatran|35/100
|-unboost|p2a: Heatran|spd|1
|
|-weather|SunnyDay|[upkeep]
|-heal|p2a: Heatran|41/100|[from] item: Leftovers
|-sideend|p1: 12723 Dong|move: Aurora Veil
|upkeep
|turn|22
|
|t:|1776123279
|switch|p2a: Walking Wake|Walking Wake, tera:Water|100/100
|-damage|p2a: Walking Wake|88/100|[from] Stealth Rock
|-activate|p2a: Walking Wake|ability: Protosynthesis
|-start|p2a: Walking Wake|protosynthesisspe
|move|p1a: Gholdengo|Shadow Ball|p2a: Walking Wake
|-damage|p2a: Walking Wake|42/100
|
|-weather|SunnyDay|[upkeep]
|upkeep
|turn|23
|
|t:|1776123281
|move|p2a: Walking Wake|Hydro Steam|p1a: Gholdengo
|-damage|p1a: Gholdengo|0 fnt
|faint|p1a: Gholdengo
|
|-weather|none
|-end|p2a: Walking Wake|Protosynthesis
|upkeep
|
|t:|1776123283
|switch|p1a: Lycanroc|Lycanroc-Dusk, F|100/100
|-damage|p1a: Lycanroc|88/100|[from] Stealth Rock
|turn|24
|
|t:|1776123287
|-end|p2a: Walking Wake|Protosynthesis|[silent]
|switch|p2a: Ninetales|Ninetales, M|33/100
|-damage|p2a: Ninetales|8/100|[from] Stealth Rock
|-weather|SunnyDay|[from] ability: Drought|[of] p2a: Ninetales
|move|p1a: Lycanroc|Accelerock|p2a: Ninetales
|-supereffective|p2a: Ninetales
|-damage|p2a: Ninetales|0 fnt
|faint|p2a: Ninetales
|-damage|p1a: Lycanroc|78/100|[from] item: Life Orb
|
|-weather|SunnyDay|[upkeep]
|upkeep
|
|t:|1776123293
|switch|p2a: Sinistcha|Sinistcha|87/100
|turn|25
|
|t:|1776123295
|move|p1a: Lycanroc|Swords Dance|p1a: Lycanroc
|-boost|p1a: Lycanroc|atk|2
|move|p2a: Sinistcha|Calm Mind|p2a: Sinistcha
|-boost|p2a: Sinistcha|spa|1
|-boost|p2a: Sinistcha|spd|1
|
|-weather|SunnyDay|[upkeep]
|upkeep
|turn|26
|
|t:|1776123298
|move|p1a: Lycanroc|Psychic Fangs|p2a: Sinistcha
|-damage|p2a: Sinistcha|21/100
|-damage|p1a: Lycanroc|68/100|[from] item: Life Orb
|move|p2a: Sinistcha|Strength Sap|p1a: Lycanroc
|-unboost|p1a: Lycanroc|atk|1
|-heal|p2a: Sinistcha|100/100
|
|-weather|SunnyDay|[upkeep]
|upkeep
|turn|27
|
|t:|1776123306
|move|p1a: Lycanroc|Psychic Fangs|p2a: Sinistcha
|-damage|p2a: Sinistcha|50/100
|-damage|p1a: Lycanroc|58/100|[from] item: Life Orb
|move|p2a: Sinistcha|Matcha Gotcha|p1a: Lycanroc
|-supereffective|p1a: Lycanroc
|-damage|p1a: Lycanroc|0 fnt
|-heal|p2a: Sinistcha|75/100|[from] drain|[of] p1a: Lycanroc
|faint|p1a: Lycanroc
|
|-weather|SunnyDay|[upkeep]
|upkeep
|
|t:|1776123308
|switch|p1a: Iron Valiant|Iron Valiant|100/100
|-damage|p1a: Iron Valiant|94/100|[from] Stealth Rock
|-enditem|p1a: Iron Valiant|Booster Energy
|-activate|p1a: Iron Valiant|ability: Quark Drive|[fromitem]
|-start|p1a: Iron Valiant|quarkdrivespa
|turn|28
|
|t:|1776123310
|move|p1a: Iron Valiant|Shadow Ball|p2a: Sinistcha
|-supereffective|p2a: Sinistcha
|-damage|p2a: Sinistcha|18/100
|move|p2a: Sinistcha|Strength Sap|p1a: Iron Valiant
|-unboost|p1a: Iron Valiant|atk|1
|-heal|p2a: Sinistcha|87/100
|
|-weather|SunnyDay|[upkeep]
|upkeep
|turn|29
|
|t:|1776123334
|move|p1a: Iron Valiant|Calm Mind|p1a: Iron Valiant
|-boost|p1a: Iron Valiant|spa|1
|-boost|p1a: Iron Valiant|spd|1
|move|p2a: Sinistcha|Matcha Gotcha|p1a: Iron Valiant
|-damage|p1a: Iron Valiant|32/100
|-heal|p2a: Sinistcha|100/100|[from] drain|[of] p1a: Iron Valiant
|
|-weather|SunnyDay|[upkeep]
|upkeep
|turn|30
|
|t:|1776123337
|-terastallize|p1a: Iron Valiant|Ghost
|move|p1a: Iron Valiant|Shadow Ball|p2a: Sinistcha
|-supereffective|p2a: Sinistcha
|-damage|p2a: Sinistcha|0 fnt
|faint|p2a: Sinistcha
|
|-weather|SunnyDay|[upkeep]
|upkeep
|
|t:|1776123339
|switch|p2a: Walking Wake|Walking Wake, tera:Water|42/100
|-damage|p2a: Walking Wake|30/100|[from] Stealth Rock
|-activate|p2a: Walking Wake|ability: Protosynthesis
|-start|p2a: Walking Wake|protosynthesisspe
|turn|31
|
|t:|1776123346
|move|p1a: Iron Valiant|Vacuum Wave|p2a: Walking Wake
|-damage|p2a: Walking Wake|0 fnt
|faint|p2a: Walking Wake
|-end|p2a: Walking Wake|Protosynthesis|[silent]
|
|-weather|none
|upkeep
|
|t:|1776123348
|switch|p2a: Raging Bolt|Raging Bolt|88/100
|-damage|p2a: Raging Bolt|75/100|[from] Stealth Rock
|turn|32
|
|t:|1776123350
|move|p2a: Raging Bolt|Volt Switch|p1a: Iron Valiant
|-damage|p1a: Iron Valiant|0 fnt
|faint|p1a: Iron Valiant
|-end|p1a: Iron Valiant|Quark Drive|[silent]
|
|t:|1776123352
|-end|p2a: Raging Bolt|Protosynthesis|[silent]
|switch|p2a: Heatran|Heatran, M|41/100|[from] Volt Switch
|-damage|p2a: Heatran|29/100|[from] Stealth Rock
|
|-heal|p2a: Heatran|35/100|[from] item: Leftovers
|upkeep
|
|t:|1776123353
|switch|p1a: Dragonite|Dragonite, M|100/100
|-damage|p1a: Dragonite|76/100|[from] Stealth Rock
|turn|33
|
|t:|1776123357
|move|p1a: Dragonite|Dragon Dance|p1a: Dragonite
|-boost|p1a: Dragonite|atk|1
|-boost|p1a: Dragonite|spe|1
|move|p2a: Heatran|Magma Storm|p1a: Dragonite|[miss]
|-miss|p2a: Heatran|p1a: Dragonite
|
|-heal|p2a: Heatran|41/100|[from] item: Leftovers
|upkeep
|turn|34
|
|t:|1776123366
|move|p1a: Dragonite|Scale Shot|p2a: Heatran
|-resisted|p2a: Heatran
|-damage|p2a: Heatran|32/100
|-resisted|p2a: Heatran
|-damage|p2a: Heatran|23/100
|-resisted|p2a: Heatran
|-damage|p2a: Heatran|14/100
|-resisted|p2a: Heatran
|-damage|p2a: Heatran|5/100
|-hitcount|p2a: Heatran|4
|-unboost|p1a: Dragonite|def|1
|-boost|p1a: Dragonite|spe|1
|move|p2a: Heatran|Taunt|p1a: Dragonite
|-start|p1a: Dragonite|move: Taunt
|
|-heal|p2a: Heatran|11/100|[from] item: Leftovers
|upkeep
|turn|35
|-message|groovythunder forfeited.
|
|win|12723 Dong
|raw|12723 Dong's rating: 1602 &rarr; <strong>1629</strong><br />(+27 for winning)
|raw|groovythunder's rating: 1732 &rarr; <strong>1705</strong><br />(-27 for losing)
|l|☆groovythunder
|player|p2|
|l|☆12723 Dong
|player|p1|
|j|☆12723 Dong
|player|p1|12723 Dong|102|
