|html|<div class="broadcast-blue"><strong>[Gen 9] OU is currently suspecting Tera Blast! For information on how to participate check out the <a href="https://www.smogon.com/tools/suspects/view/200">suspect thread</a>.</strong></div>
|j|‽terrastaliize
|j|☆2swish
|t:|1776272603
|gametype|singles
|player|p1|terrastaliize|parasollady-gen4|1609
|player|p2|2swish|102|1559
|gen|9
|tier|[Gen 9] OU
|rated|
|rule|HP Percentage Mod: HP is shown in percentages
|rule|Endless Battle Clause: Forcing endless battles is banned
|rule|Species Clause: Limit one of each Pokémon
|rule|OHKO Clause: OHKO moves are banned
|rule|Evasion Items Clause: Evasion items are banned
|rule|Evasion Moves Clause: Evasion moves are banned
|rule|Evasion Abilities Clause: Evasion abilities are banned
|rule|Sleep Moves Clause: Sleep-inducing moves are banned
|clearpoke
|poke|p1|Kingambit, F|
|poke|p1|Raging Bolt|
|poke|p1|Tornadus-Therian, M|
|poke|p1|Iron Valiant|
|poke|p1|Great Tusk|
|poke|p1|Gholdengo|
|poke|p2|Great Tusk|
|poke|p2|Corviknight, M|
|poke|p2|Slowbro, M|
|poke|p2|Kingambit, F|
|poke|p2|Amoonguss, M|
|poke|p2|Tyranitar, M|
|teampreview
|inactive|Battle timer is ON: inactive players will automatically lose when time's up. (requested by terrastaliize)
|
|t:|1776272618
|teamsize|p1|6
|teamsize|p2|6
|start
|switch|p1a: Gholdengo|Gholdengo|100/100
|switch|p2a: Corviknight|Corviknight, M|100/100
|-item|p1a: Gholdengo|Air Balloon
|-ability|p2a: Corviknight|Pressure
|turn|1
|
|t:|1776272625
|switch|p1a: Tornadus|Tornadus-Therian, M|100/100
|move|p2a: Corviknight|U-turn|p1a: Tornadus
|-resisted|p1a: Tornadus
|-damage|p1a: Tornadus|92/100
|j| nitroLazer120
|
|t:|1776272633
|switch|p2a: Tyranitar|Tyranitar, M|100/100|[from] U-turn
|-weather|Sandstorm|[from] ability: Sand Stream|[of] p2a: Tyranitar
|
|-weather|Sandstorm|[upkeep]
|-damage|p1a: Tornadus|86/100|[from] Sandstorm
|upkeep
|turn|2
|
|t:|1776272662
|switch|p2a: Corviknight|Corviknight, M|100/100
|-ability|p2a: Corviknight|Pressure
|move|p1a: Tornadus|Knock Off|p2a: Corviknight
|-damage|p2a: Corviknight|83/100
|-enditem|p2a: Corviknight|Leftovers|[from] move: Knock Off|[of] p1a: Tornadus
|
|-weather|Sandstorm|[upkeep]
|-damage|p1a: Tornadus|80/100|[from] Sandstorm
|upkeep
|turn|3
|
|t:|1776272666
|move|p1a: Tornadus|Heat Wave|p2a: Corviknight|[miss]
|-miss|p1a: Tornadus|p2a: Corviknight
|move|p2a: Corviknight|U-turn|p1a: Tornadus
|-resisted|p1a: Tornadus
|-damage|p1a: Tornadus|73/100
|
|t:|1776272669
|switch|p2a: Tyranitar|Tyranitar, M|100/100|[from] U-turn
|
|-weather|Sandstorm|[upkeep]
|-damage|p1a: Tornadus|67/100|[from] Sandstorm
|upkeep
|turn|4
|
|t:|1776272671
|move|p1a: Tornadus|U-turn|p2a: Tyranitar
|-supereffective|p2a: Tyranitar
|-damage|p2a: Tyranitar|78/100
|
|t:|1776272674
|switch|p1a: Great Tusk|Great Tusk|100/100|[from] U-turn
|move|p2a: Tyranitar|Rock Blast|p1a: Great Tusk|[miss]
|-miss|p2a: Tyranitar|p1a: Great Tusk
|
|-weather|Sandstorm|[upkeep]
|-heal|p2a: Tyranitar|84/100|[from] item: Leftovers
|upkeep
|turn|5
|
|t:|1776272681
|move|p1a: Great Tusk|Stealth Rock|p2a: Tyranitar
|-sidestart|p2: 2swish|move: Stealth Rock
|move|p2a: Tyranitar|Earthquake|p1a: Great Tusk
|-damage|p1a: Great Tusk|81/100
|
|-weather|none
|-heal|p2a: Tyranitar|91/100|[from] item: Leftovers
|upkeep
|turn|6
|
|t:|1776272685
|-end|p1a: Great Tusk|Protosynthesis|[silent]
|switch|p1a: Tornadus|Tornadus-Therian, M|99/100
|switch|p2a: Corviknight|Corviknight, M|83/100
|-damage|p2a: Corviknight|71/100|[from] Stealth Rock
|-ability|p2a: Corviknight|Pressure
|
|upkeep
|turn|7
|
|t:|1776272689
|switch|p2a: Tyranitar|Tyranitar, M|91/100
|-damage|p2a: Tyranitar|78/100|[from] Stealth Rock
|-weather|Sandstorm|[from] ability: Sand Stream|[of] p2a: Tyranitar
|move|p1a: Tornadus|Heat Wave|p2a: Tyranitar
|-resisted|p2a: Tyranitar
|-damage|p2a: Tyranitar|73/100
|
|-weather|Sandstorm|[upkeep]
|-damage|p1a: Tornadus|94/100|[from] Sandstorm
|-heal|p2a: Tyranitar|79/100|[from] item: Leftovers
|upkeep
|turn|8
|
|t:|1776272698
|move|p1a: Tornadus|U-turn|p2a: Tyranitar
|-supereffective|p2a: Tyranitar
|-damage|p2a: Tyranitar|56/100
|
|t:|1776272700
|switch|p1a: Great Tusk|Great Tusk|81/100|[from] U-turn
|move|p2a: Tyranitar|Stealth Rock|p1a: Great Tusk
|-sidestart|p1: terrastaliize|move: Stealth Rock
|
|-weather|Sandstorm|[upkeep]
|-heal|p2a: Tyranitar|62/100|[from] item: Leftovers
|upkeep
|turn|9
|
|t:|1776272705
|-end|p1a: Great Tusk|Protosynthesis|[silent]
|switch|p1a: Tornadus|Tornadus-Therian, M|100/100
|-damage|p1a: Tornadus|76/100|[from] Stealth Rock
|move|p2a: Tyranitar|Earthquake|p1a: Tornadus
|-immune|p1a: Tornadus
|
|-weather|Sandstorm|[upkeep]
|-damage|p1a: Tornadus|69/100|[from] Sandstorm
|-heal|p2a: Tyranitar|69/100|[from] item: Leftovers
|upkeep
|turn|10
|
|t:|1776272712
|move|p1a: Tornadus|U-turn|p2a: Tyranitar
|-supereffective|p2a: Tyranitar
|-damage|p2a: Tyranitar|44/100
|
|t:|1776272717
|switch|p1a: Great Tusk|Great Tusk|81/100|[from] U-turn
|-damage|p1a: Great Tusk|78/100|[from] Stealth Rock
|move|p2a: Tyranitar|Earthquake|p1a: Great Tusk
|-damage|p1a: Great Tusk|55/100
|
|-weather|Sandstorm|[upkeep]
|-heal|p2a: Tyranitar|50/100|[from] item: Leftovers
|upkeep
|turn|11
|
|t:|1776272722
|-end|p1a: Great Tusk|Protosynthesis|[silent]
|switch|p1a: Tornadus|Tornadus-Therian, M|100/100
|-damage|p1a: Tornadus|76/100|[from] Stealth Rock
|move|p2a: Tyranitar|Earthquake|p1a: Tornadus
|-immune|p1a: Tornadus
|
|-weather|none
|-heal|p2a: Tyranitar|57/100|[from] item: Leftovers
|upkeep
|turn|12
|
|t:|1776272732
|move|p1a: Tornadus|U-turn|p2a: Tyranitar
|-supereffective|p2a: Tyranitar
|-damage|p2a: Tyranitar|33/100
|
|t:|1776272734
|switch|p1a: Kingambit|Kingambit, F|100/100|[from] U-turn
|-damage|p1a: Kingambit|94/100|[from] Stealth Rock
|move|p2a: Tyranitar|Earthquake|p1a: Kingambit
|-supereffective|p1a: Kingambit
|-damage|p1a: Kingambit|49/100
|
|-heal|p2a: Tyranitar|40/100|[from] item: Leftovers
|-heal|p1a: Kingambit|55/100|[from] item: Leftovers
|upkeep
|turn|13
|
|t:|1776272745
|move|p2a: Tyranitar|Thunder Wave|p1a: Kingambit
|-status|p1a: Kingambit|par
|cant|p1a: Kingambit|par
|
|-heal|p2a: Tyranitar|46/100|[from] item: Leftovers
|-heal|p1a: Kingambit|62/100 par|[from] item: Leftovers
|upkeep
|turn|14
|
|t:|1776272751
|switch|p2a: Great Tusk|Great Tusk|100/100
|-damage|p2a: Great Tusk|98/100|[from] Stealth Rock
|-end|p1a: Kingambit|fallenundefined|[silent]
|switch|p1a: Tornadus|Tornadus-Therian, M|100/100
|-damage|p1a: Tornadus|76/100|[from] Stealth Rock
|
|upkeep
|turn|15
|
|t:|1776272761
|-end|p2a: Great Tusk|Protosynthesis|[silent]
|switch|p2a: Tyranitar|Tyranitar, M|46/100
|-damage|p2a: Tyranitar|33/100|[from] Stealth Rock
|-weather|Sandstorm|[from] ability: Sand Stream|[of] p2a: Tyranitar
|move|p1a: Tornadus|Bleakwind Storm|p2a: Tyranitar
|-resisted|p2a: Tyranitar
|-damage|p2a: Tyranitar|26/100
|
|-weather|Sandstorm|[upkeep]
|-damage|p1a: Tornadus|69/100|[from] Sandstorm
|-heal|p2a: Tyranitar|32/100|[from] item: Leftovers
|upkeep
|turn|16
|l|☆2swish
|inactive|2swish disconnected and has a minute to reconnect!
|player|p2|
|j| Monkey D MinMin
|j|☆2swish
|inactive|2swish reconnected and has 145 seconds left.
|player|p2|2swish|102|
|j| defog merchant
|
|t:|1776272780
|move|p1a: Tornadus|U-turn|p2a: Tyranitar
|-supereffective|p2a: Tyranitar
|-damage|p2a: Tyranitar|9/100
|
|t:|1776272784
|switch|p1a: Great Tusk|Great Tusk|55/100|[from] U-turn
|-damage|p1a: Great Tusk|53/100|[from] Stealth Rock
|move|p2a: Tyranitar|Rock Blast|p1a: Great Tusk
|-resisted|p1a: Great Tusk
|-damage|p1a: Great Tusk|51/100
|-resisted|p1a: Great Tusk
|-damage|p1a: Great Tusk|49/100
|-resisted|p1a: Great Tusk
|-damage|p1a: Great Tusk|47/100
|-resisted|p1a: Great Tusk
|-damage|p1a: Great Tusk|45/100
|-resisted|p1a: Great Tusk
|-damage|p1a: Great Tusk|43/100
|-hitcount|p1a: Great Tusk|5
|
|-weather|Sandstorm|[upkeep]
|-heal|p2a: Tyranitar|15/100|[from] item: Leftovers
|upkeep
|turn|17
|l| Monkey D MinMin
|
|t:|1776272796
|switch|p2a: Corviknight|Corviknight, M|71/100
|-damage|p2a: Corviknight|58/100|[from] Stealth Rock
|-ability|p2a: Corviknight|Pressure
|move|p1a: Great Tusk|Rapid Spin|p2a: Corviknight
|-resisted|p2a: Corviknight
|-damage|p2a: Corviknight|52/100
|-boost|p1a: Great Tusk|spe|1
|-sideend|p1: terrastaliize|Stealth Rock|[from] move: Rapid Spin|[of] p1a: Great Tusk
|
|-weather|Sandstorm|[upkeep]
|upkeep
|turn|18
|
|t:|1776272804
|-end|p1a: Great Tusk|Protosynthesis|[silent]
|switch|p1a: Gholdengo|Gholdengo|100/100
|-item|p1a: Gholdengo|Air Balloon
|move|p2a: Corviknight|Roost|p2a: Corviknight
|-heal|p2a: Corviknight|100/100
|-singleturn|p2a: Corviknight|move: Roost
|
|-weather|Sandstorm|[upkeep]
|upkeep
|turn|19
|
|t:|1776272809
|switch|p1a: Tornadus|Tornadus-Therian, M|100/100
|move|p2a: Corviknight|Defog|p1a: Tornadus
|-unboost|p1a: Tornadus|evasion|1
|-sideend|p2: 2swish|Stealth Rock|[from] move: Defog|[of] p2a: Corviknight
|
|-weather|none
|upkeep
|turn|20
|
|t:|1776272816
|move|p1a: Tornadus|Knock Off|p2a: Corviknight
|-damage|p2a: Corviknight|90/100
|move|p2a: Corviknight|U-turn|p1a: Tornadus
|-resisted|p1a: Tornadus
|-damage|p1a: Tornadus|92/100
|
|t:|1776272835
|switch|p2a: Slowbro|Slowbro, M, shiny|100/100|[from] U-turn
|
|upkeep
|turn|21
|
|t:|1776272838
|move|p1a: Tornadus|Knock Off|p2a: Slowbro
|-supereffective|p2a: Slowbro
|-enditem|p2a: Slowbro|Colbur Berry|[eat]
|-enditem|p2a: Slowbro|Colbur Berry|[weaken]
|-damage|p2a: Slowbro|89/100
|move|p2a: Slowbro|Thunder Wave|p1a: Tornadus
|-status|p1a: Tornadus|par
|
|upkeep
|turn|22
|
|t:|1776272841
|move|p1a: Tornadus|U-turn|p2a: Slowbro
|-supereffective|p2a: Slowbro
|-damage|p2a: Slowbro|72/100
|
|t:|1776272844
|switch|p1a: Kingambit|Kingambit, F|62/100 par|[from] U-turn
|move|p2a: Slowbro|Ice Beam|p1a: Kingambit
|-resisted|p1a: Kingambit
|-damage|p1a: Kingambit|53/100 par
|
|-heal|p1a: Kingambit|59/100 par|[from] item: Leftovers
|upkeep
|turn|23
|
|t:|1776272848
|-end|p1a: Kingambit|fallenundefined|[silent]
|switch|p1a: Great Tusk|Great Tusk|43/100
|move|p2a: Slowbro|Body Press|p1a: Great Tusk
|-damage|p1a: Great Tusk|24/100
|-damage|p2a: Slowbro|55/100|[from] item: Rocky Helmet|[of] p1a: Great Tusk
|
|upkeep
|turn|24
|
|t:|1776272852
|-end|p1a: Great Tusk|Protosynthesis|[silent]
|switch|p1a: Gholdengo|Gholdengo|100/100
|-item|p1a: Gholdengo|Air Balloon
|move|p2a: Slowbro|Ice Beam|p1a: Gholdengo
|-resisted|p1a: Gholdengo
|-damage|p1a: Gholdengo|90/100
|-enditem|p1a: Gholdengo|Air Balloon
|
|upkeep
|turn|25
|
|t:|1776272857
|switch|p2a: Corviknight|Corviknight, M|90/100
|-ability|p2a: Corviknight|Pressure
|move|p1a: Gholdengo|Nasty Plot|p1a: Gholdengo
|-boost|p1a: Gholdengo|spa|2
|
|upkeep
|turn|26
|
|t:|1776272867
|switch|p2a: Kingambit|Kingambit, F|100/100
|move|p1a: Gholdengo|Shadow Ball|p2a: Kingambit
|-resisted|p2a: Kingambit
|-damage|p2a: Kingambit|54/100
|
|upkeep
|turn|27
|
|t:|1776272871
|-terastallize|p1a: Gholdengo|Water
|move|p1a: Gholdengo|Make It Rain|p2a: Kingambit
|-resisted|p2a: Kingambit
|-damage|p2a: Kingambit|0 fnt
|-unboost|p1a: Gholdengo|spa|1
|faint|p2a: Kingambit
|-end|p2a: Kingambit|fallenundefined|[silent]
|
|upkeep
|
|t:|1776272880
|switch|p2a: Great Tusk|Great Tusk|98/100
|turn|28
|
|t:|1776272883
|move|p2a: Great Tusk|Close Combat|p1a: Gholdengo
|-damage|p1a: Gholdengo|0 fnt
|-unboost|p2a: Great Tusk|def|1
|-unboost|p2a: Great Tusk|spd|1
|faint|p1a: Gholdengo
|
|upkeep
|j| Monkey D MinMin
|
|t:|1776272892
|switch|p1a: Tornadus|Tornadus-Therian, M|100/100 par
|turn|29
|
|t:|1776272895
|-end|p2a: Great Tusk|Protosynthesis|[silent]
|switch|p2a: Tyranitar|Tyranitar, M|15/100
|-weather|Sandstorm|[from] ability: Sand Stream|[of] p2a: Tyranitar
|move|p1a: Tornadus|U-turn|p2a: Tyranitar
|-supereffective|p2a: Tyranitar
|-damage|p2a: Tyranitar|0 fnt
|faint|p2a: Tyranitar
|l| defog merchant
|
|t:|1776272909
|switch|p1a: Great Tusk|Great Tusk|24/100|[from] U-turn
|
|-weather|Sandstorm|[upkeep]
|upkeep
|
|t:|1776272918
|switch|p2a: Great Tusk|Great Tusk|98/100
|turn|30
|
|t:|1776272924
|-end|p1a: Great Tusk|Protosynthesis|[silent]
|switch|p1a: Tornadus|Tornadus-Therian, M|100/100 par
|move|p2a: Great Tusk|Ice Spinner|p1a: Tornadus
|-supereffective|p1a: Tornadus
|-damage|p1a: Tornadus|13/100 par
|
|-weather|Sandstorm|[upkeep]
|-damage|p1a: Tornadus|7/100 par|[from] Sandstorm
|upkeep
|turn|31
|
|t:|1776272936
|-end|p2a: Great Tusk|Protosynthesis|[silent]
|switch|p2a: Corviknight|Corviknight, M|90/100
|-ability|p2a: Corviknight|Pressure
|switch|p1a: Kingambit|Kingambit, F|59/100 par
|-activate|p1a: Kingambit|ability: Supreme Overlord
|-start|p1a: Kingambit|fallen1|[silent]
|
|-weather|Sandstorm|[upkeep]
|-heal|p1a: Kingambit|65/100 par|[from] item: Leftovers
|upkeep
|turn|32
|
|t:|1776272938
|-end|p1a: Kingambit|fallen1|[silent]
|switch|p1a: Tornadus|Tornadus-Therian, M|40/100 par
|move|p2a: Corviknight|U-turn|p1a: Tornadus
|-resisted|p1a: Tornadus
|-damage|p1a: Tornadus|31/100 par
|
|t:|1776272942
|switch|p2a: Great Tusk|Great Tusk|98/100|[from] U-turn
|
|-weather|Sandstorm|[upkeep]
|-damage|p1a: Tornadus|25/100 par|[from] Sandstorm
|upkeep
|turn|33
|
|t:|1776272948
|switch|p1a: Kingambit|Kingambit, F|65/100 par
|-activate|p1a: Kingambit|ability: Supreme Overlord
|-start|p1a: Kingambit|fallen1|[silent]
|move|p2a: Great Tusk|Close Combat|p1a: Kingambit
|-supereffective|p1a: Kingambit
|-damage|p1a: Kingambit|0 fnt
|-unboost|p2a: Great Tusk|def|1
|-unboost|p2a: Great Tusk|spd|1
|faint|p1a: Kingambit
|-end|p1a: Kingambit|fallen1|[silent]
|
|-weather|none
|upkeep
|
|t:|1776272955
|switch|p1a: Great Tusk|Great Tusk|24/100
|turn|34
|
|t:|1776272959
|-end|p2a: Great Tusk|Protosynthesis|[silent]
|switch|p2a: Corviknight|Corviknight, M|90/100
|-ability|p2a: Corviknight|Pressure
|move|p1a: Great Tusk|Stealth Rock|p2a: Corviknight
|-sidestart|p2: 2swish|move: Stealth Rock
|
|upkeep
|turn|35
|
|t:|1776272968
|-end|p1a: Great Tusk|Protosynthesis|[silent]
|switch|p1a: Iron Valiant|Iron Valiant, shiny|100/100
|-enditem|p1a: Iron Valiant|Booster Energy
|-activate|p1a: Iron Valiant|ability: Quark Drive|[fromitem]
|-start|p1a: Iron Valiant|quarkdrivespe
|move|p2a: Corviknight|U-turn|p1a: Iron Valiant
|-resisted|p1a: Iron Valiant
|-damage|p1a: Iron Valiant|96/100
|
|t:|1776272979
|switch|p2a: Slowbro|Slowbro, M, shiny|89/100|[from] U-turn
|-damage|p2a: Slowbro|76/100|[from] Stealth Rock
|
|upkeep
|turn|36
|
|t:|1776272983
|-end|p1a: Iron Valiant|Quark Drive|[silent]
|switch|p1a: Great Tusk|Great Tusk|24/100
|move|p2a: Slowbro|Thunder Wave|p1a: Great Tusk
|-immune|p1a: Great Tusk
|
|upkeep
|turn|37
|
|t:|1776272989
|-end|p1a: Great Tusk|Protosynthesis|[silent]
|switch|p1a: Raging Bolt|Raging Bolt|100/100
|-enditem|p1a: Raging Bolt|Booster Energy
|-activate|p1a: Raging Bolt|ability: Protosynthesis|[fromitem]
|-start|p1a: Raging Bolt|protosynthesisspa
|move|p2a: Slowbro|Ice Beam|p1a: Raging Bolt
|-supereffective|p1a: Raging Bolt
|-damage|p1a: Raging Bolt|64/100
|
|upkeep
|turn|38
|
|t:|1776273004
|move|p1a: Raging Bolt|Dragon Pulse|p2a: Slowbro
|-damage|p2a: Slowbro|4/100
|move|p2a: Slowbro|Ice Beam|p1a: Raging Bolt
|-supereffective|p1a: Raging Bolt
|-damage|p1a: Raging Bolt|28/100
|
|upkeep
|turn|39
|l| Monkey D MinMin
|inactive|2swish has 120 seconds left.
|
|t:|1776273040
|-terastallize|p2a: Slowbro|Fairy
|move|p1a: Raging Bolt|Dragon Pulse|p2a: Slowbro
|-immune|p2a: Slowbro
|move|p2a: Slowbro|Ice Beam|p1a: Raging Bolt
|-supereffective|p1a: Raging Bolt
|-damage|p1a: Raging Bolt|0 fnt
|faint|p1a: Raging Bolt
|-end|p1a: Raging Bolt|Protosynthesis|[silent]
|
|upkeep
|
|t:|1776273047
|switch|p1a: Iron Valiant|Iron Valiant, shiny|96/100
|turn|40
|
|t:|1776273056
|switch|p2a: Corviknight|Corviknight, M|90/100
|-damage|p2a: Corviknight|78/100|[from] Stealth Rock
|-ability|p2a: Corviknight|Pressure
|move|p1a: Iron Valiant|Knock Off|p2a: Corviknight
|-damage|p2a: Corviknight|63/100
|
|upkeep
|turn|41
|
|t:|1776273066
|move|p1a: Iron Valiant|Close Combat|p2a: Corviknight
|-damage|p2a: Corviknight|18/100
|-unboost|p1a: Iron Valiant|def|1
|-unboost|p1a: Iron Valiant|spd|1
|move|p2a: Corviknight|Brave Bird|p1a: Iron Valiant
|-supereffective|p1a: Iron Valiant
|-damage|p1a: Iron Valiant|0 fnt
|faint|p1a: Iron Valiant
|-end|p1a: Iron Valiant|Quark Drive|[silent]
|-damage|p2a: Corviknight|0 fnt|[from] Recoil
|faint|p2a: Corviknight
|
|upkeep
|
|t:|1776273075
|switch|p1a: Tornadus|Tornadus-Therian, M|58/100 par
|switch|p2a: Great Tusk|Great Tusk|98/100
|-damage|p2a: Great Tusk|95/100|[from] Stealth Rock
|turn|42
|
|t:|1776273078
|switch|p1a: Great Tusk|Great Tusk|24/100
|move|p2a: Great Tusk|Ice Spinner|p1a: Great Tusk
|-supereffective|p1a: Great Tusk
|-damage|p1a: Great Tusk|0 fnt
|-damage|p2a: Great Tusk|78/100|[from] item: Rocky Helmet|[of] p1a: Great Tusk
|faint|p1a: Great Tusk
|-end|p1a: Great Tusk|Protosynthesis|[silent]
|
|upkeep
|
|t:|1776273080
|switch|p1a: Tornadus|Tornadus-Therian, M|92/100 par
|turn|43
|
|t:|1776273082
|move|p2a: Great Tusk|Ice Spinner|p1a: Tornadus
|-supereffective|p1a: Tornadus
|-damage|p1a: Tornadus|0 fnt
|faint|p1a: Tornadus
|
|win|2swish
|raw|terrastaliize's rating: 1609 &rarr; <strong>1586</strong><br />(-23 for losing)
|raw|2swish's rating: 1559 &rarr; <strong>1582</strong><br />(+23 for winning)
|l|‽terrastaliize
|player|p1|
|c|☆2swish|gg
|l| nitroLazer120
