|html|<div class="broadcast-blue"><strong>[Gen 9] OU is currently suspecting Tera Blast! For information on how to participate check out the <a href="https://www.smogon.com/tools/suspects/view/200">suspect thread</a>.</strong></div>
|j|☆soulgainn
|j|☆kjojon
|t:|1776134240
|gametype|singles
|player|p1|soulgainn|1|1061
|player|p2|kjojon|brock|1089
|gen|9
|tier|[Gen 9] OU
|rated|
|rule|HP Percentage Mod: HP is shown in percentages
|rule|Endless Battle Clause: Forcing endless battles is banned
|rule|Species Clause: Limit one of each Pokémon
|rule|OHKO Clause: OHKO moves are banned
|rule|Evasion Items Clause: Evasion items are banned
|rule|Evasion Moves Clause: Evasion moves are banned
|rule|Evasion Abilities Clause: Evasion abilities are banned
|rule|Sleep Moves Clause: Sleep-inducing moves are banned
|clearpoke
|poke|p1|Breloom, M|
|poke|p1|Gholdengo|
|poke|p1|Diancie|
|poke|p1|Quaquaval, F|
|poke|p1|Garchomp, M|
|poke|p1|Whimsicott, M|
|poke|p2|Gardevoir, F|
|poke|p2|Cinderace, F|
|poke|p2|Duraludon, M|
|poke|p2|Hitmontop, M|
|poke|p2|Necrozma|
|poke|p2|Porygon-Z|
|teampreview
|
|t:|1776134250
|teamsize|p1|6
|teamsize|p2|6
|start
|switch|p1a: G-chomp|Garchomp, M|100/100
|switch|p2a: PoyPee|Porygon-Z, shiny|100/100
|turn|1
|
|t:|1776134257
|move|p1a: G-chomp|Stealth Rock|p2a: PoyPee
|-sidestart|p2: kjojon|move: Stealth Rock
|move|p2a: PoyPee|Ice Beam|p1a: G-chomp
|-supereffective|p1a: G-chomp
|-damage|p1a: G-chomp|0 fnt
|faint|p1a: G-chomp
|
|upkeep
|
|t:|1776134272
|switch|p1a: leafdragon|Breloom, M|100/100
|turn|2
|
|t:|1776134277
|move|p1a: leafdragon|Poison Jab|p2a: PoyPee
|-damage|p2a: PoyPee|64/100
|move|p2a: PoyPee|Tri Attack|p1a: leafdragon
|-damage|p1a: leafdragon|0 fnt
|faint|p1a: leafdragon
|
|upkeep
|
|t:|1776134287
|switch|p1a: nuke blossom|Whimsicott, M|100/100
|turn|3
|
|t:|1776134290
|move|p1a: nuke blossom|Tailwind|p1a: nuke blossom
|-sidestart|p1: soulgainn|move: Tailwind
|move|p2a: PoyPee|Tri Attack|p1a: nuke blossom
|-crit|p1a: nuke blossom
|-enditem|p1a: nuke blossom|Focus Sash
|-damage|p1a: nuke blossom|1/100
|
|upkeep
|turn|4
|
|t:|1776134298
|move|p1a: nuke blossom|Endeavor|p2a: PoyPee
|-damage|p2a: PoyPee|1/100
|-enditem|p2a: PoyPee|Salac Berry|[eat]
|-boost|p2a: PoyPee|spe|1|[from] item: Salac Berry
|move|p2a: PoyPee|Tri Attack|p1a: nuke blossom
|-damage|p1a: nuke blossom|0 fnt
|faint|p1a: nuke blossom
|
|upkeep
|
|t:|1776134317
|switch|p1a: Gholdensurf|Gholdengo|100/100
|-item|p1a: Gholdensurf|Air Balloon
|turn|5
|
|t:|1776134322
|move|p1a: Gholdensurf|Dazzling Gleam|p2a: PoyPee
|-crit|p2a: PoyPee
|-damage|p2a: PoyPee|0 fnt
|faint|p2a: PoyPee
|
|upkeep
|
|t:|1776134326
|switch|p2a: Joao|Cinderace, F, shiny|100/100
|-damage|p2a: Joao|76/100|[from] Stealth Rock
|turn|6
|
|t:|1776134330
|move|p1a: Gholdensurf|Substitute|p1a: Gholdensurf
|-start|p1a: Gholdensurf|Substitute
|-damage|p1a: Gholdensurf|76/100
|move|p2a: Joao|Court Change|p2a: Joao
|-start|p2a: Joao|typechange|Normal|[from] ability: Libero
|-swapsideconditions
|-activate|p2a: Joao|move: Court Change
|
|-sideend|p2: kjojon|move: Tailwind
|upkeep
|turn|7
|
|t:|1776134343
|move|p2a: Joao|Bulk Up|p2a: Joao
|-boost|p2a: Joao|atk|1
|-boost|p2a: Joao|def|1
|move|p1a: Gholdensurf|Dazzling Gleam|p2a: Joao
|-damage|p2a: Joao|27/100
|
|upkeep
|turn|8
|
|t:|1776134353
|move|p2a: Joao|Iron Head|p1a: Gholdensurf
|-resisted|p1a: Gholdensurf
|-activate|p1a: Gholdensurf|move: Substitute|[damage]
|-enditem|p1a: Gholdensurf|Air Balloon
|move|p1a: Gholdensurf|Dazzling Gleam|p2a: Joao
|-damage|p2a: Joao|0 fnt
|faint|p2a: Joao
|
|upkeep
|
|t:|1776134368
|switch|p2a: R-Pyrite|Necrozma, shiny|100/100
|turn|9
|
|t:|1776134376
|move|p2a: R-Pyrite|Dragon Dance|p2a: R-Pyrite
|-boost|p2a: R-Pyrite|atk|1
|-boost|p2a: R-Pyrite|spe|1
|move|p1a: Gholdensurf|Dazzling Gleam|p2a: R-Pyrite
|-damage|p2a: R-Pyrite|67/100
|
|upkeep
|turn|10
|
|t:|1776134385
|move|p2a: R-Pyrite|Shadow Claw|p1a: Gholdensurf
|-supereffective|p1a: Gholdensurf
|-end|p1a: Gholdensurf|Substitute
|move|p1a: Gholdensurf|Recover|p1a: Gholdensurf
|-heal|p1a: Gholdensurf|100/100
|
|upkeep
|turn|11
|
|t:|1776134391
|move|p2a: R-Pyrite|Shadow Claw|p1a: Gholdensurf
|-supereffective|p1a: Gholdensurf
|-damage|p1a: Gholdensurf|31/100
|move|p1a: Gholdensurf|Make It Rain|p2a: R-Pyrite
|-damage|p2a: R-Pyrite|0 fnt
|-unboost|p1a: Gholdensurf|spa|1
|faint|p2a: R-Pyrite
|
|upkeep
|
|t:|1776134410
|switch|p2a: Xodium|Gardevoir, F, shiny|100/100
|-ability|p2a: Xodium|Good as Gold|Trace|[from] ability: Trace|[of] p1a: Gholdensurf
|turn|12
|
|t:|1776134416
|move|p2a: Xodium|Mystical Fire|p1a: Gholdensurf
|-supereffective|p1a: Gholdensurf
|-damage|p1a: Gholdensurf|0 fnt
|faint|p1a: Gholdensurf
|
|upkeep
|
|t:|1776134423
|switch|p1a: Dustin|Diancie|100/100
|-damage|p1a: Dustin|88/100|[from] Stealth Rock
|turn|13
|
|t:|1776134430
|switch|p2a: Garfiel|Hitmontop, M|100/100
|move|p1a: Dustin|Light Screen|p1a: Dustin
|-sidestart|p1: soulgainn|move: Light Screen
|
|upkeep
|turn|14
|
|t:|1776134436
|move|p2a: Garfiel|Fake Out|p1a: Dustin
|-resisted|p1a: Dustin
|-damage|p1a: Dustin|80/100
|cant|p1a: Dustin|flinch
|
|upkeep
|turn|15
|
|t:|1776134447
|move|p2a: Garfiel|Triple Axel|p1a: Dustin
|-damage|p1a: Dustin|72/100
|-damage|p1a: Dustin|55/100
|-damage|p1a: Dustin|32/100
|-hitcount|p1a: Dustin|3
|move|p1a: Dustin|Spikes|p2a: Garfiel
|-sidestart|p2: kjojon|Spikes
|
|upkeep
|turn|16
|
|t:|1776134458
|move|p2a: Garfiel|Rapid Spin|p1a: Dustin
|-resisted|p1a: Dustin
|-damage|p1a: Dustin|21/100
|-boost|p2a: Garfiel|spe|1
|-sideend|p2: kjojon|Spikes|[from] move: Rapid Spin|[of] p2a: Garfiel
|move|p1a: Dustin|Dazzling Gleam|p2a: Garfiel
|-supereffective|p2a: Garfiel
|-damage|p2a: Garfiel|12/100
|-damage|p1a: Dustin|11/100|[from] item: Life Orb
|
|upkeep
|turn|17
|
|t:|1776134471
|move|p2a: Garfiel|Mach Punch|p1a: Dustin
|-damage|p1a: Dustin|0 fnt
|faint|p1a: Dustin
|
|-sideend|p1: soulgainn|move: Light Screen
|upkeep
|
|t:|1776134476
|switch|p1a: Stepbro|Quaquaval, F|100/100
|-damage|p1a: Stepbro|94/100|[from] Stealth Rock
|turn|18
|
|t:|1776134482
|move|p2a: Garfiel|Mach Punch|p1a: Stepbro
|-damage|p1a: Stepbro|53/100
|move|p1a: Stepbro|Aqua Step|p2a: Garfiel
|-damage|p2a: Garfiel|0 fnt
|-boost|p1a: Stepbro|spe|1
|faint|p2a: Garfiel
|
|-heal|p1a: Stepbro|59/100|[from] item: Leftovers
|upkeep
|
|t:|1776134493
|switch|p2a: Xodium|Gardevoir, F, shiny|100/100
|-ability|p2a: Xodium|Torrent|Trace|[from] ability: Trace|[of] p1a: Stepbro
|turn|19
|
|t:|1776134504
|-terastallize|p1a: Stepbro|Water
|move|p1a: Stepbro|Aqua Step|p2a: Xodium
|-damage|p2a: Xodium|13/100
|-boost|p1a: Stepbro|spe|1
|move|p2a: Xodium|Moonblast|p1a: Stepbro
|-damage|p1a: Stepbro|0 fnt
|faint|p1a: Stepbro
|
|win|kjojon
|raw|soulgainn's rating: 1061 &rarr; <strong>1043</strong><br />(-18 for losing)
|raw|kjojon's rating: 1089 &rarr; <strong>1114</strong><br />(+25 for winning)
|c|☆kjojon|gg's
