|html|<div class="broadcast-blue"><strong>[Gen 9] OU is currently suspecting Tera Blast! For information on how to participate check out the <a href="https://www.smogon.com/tools/suspects/view/200">suspect thread</a>.</strong></div>
|badge|p2|bronze|gen9randombattle|100-9
|uhtml|medal-msg|<div class="broadcast-blue">Curious what those medals under the avatar are? PS now has Ladder Seasons! For more information, check out the <a href="https://www.smogon.com/forums/threads/3740067/">thread on Smogon.</a></div>
|j|☆RomN-Tick
|j|☆kindnessalwayswins
|t:|1776224596
|gametype|singles
|player|p1|RomN-Tick|ethan|1596
|player|p2|kindnessalwayswins|iris-gen5bw2|1594
|gen|9
|tier|[Gen 9] OU
|rated|
|rule|HP Percentage Mod: HP is shown in percentages
|rule|Endless Battle Clause: Forcing endless battles is banned
|rule|Species Clause: Limit one of each Pokémon
|rule|OHKO Clause: OHKO moves are banned
|rule|Evasion Items Clause: Evasion items are banned
|rule|Evasion Moves Clause: Evasion moves are banned
|rule|Evasion Abilities Clause: Evasion abilities are banned
|rule|Sleep Moves Clause: Sleep-inducing moves are banned
|clearpoke
|poke|p1|Lokix, M|
|poke|p1|Tinkaton, F|
|poke|p1|Slowking, M|
|poke|p1|Rotom-Heat|
|poke|p1|Dragapult, F|
|poke|p1|Great Tusk|
|poke|p2|Hatterene, F|
|poke|p2|Iron Valiant|
|poke|p2|Cinderace, M|
|poke|p2|Alomomola, F|
|poke|p2|Kingambit, F|
|poke|p2|Flygon, M|
|teampreview
|c|☆kindnessalwayswins|hf
|c|☆RomN-Tick|Hf
|
|t:|1776224625
|teamsize|p1|6
|teamsize|p2|6
|start
|switch|p1a: Dragapult|Dragapult, F, shiny|100/100
|switch|p2a: Flygon|Flygon, M|100/100
|turn|1
|
|t:|1776224644
|switch|p1a: Tinkaton|Tinkaton, F|100/100
|-ability|p1a: Tinkaton|Mold Breaker
|switch|p2a: Kingambit|Kingambit, F|100/100
|
|upkeep
|turn|2
|
|t:|1776224673
|switch|p1a: Great Tusk|Great Tusk|100/100
|move|p2a: Kingambit|Iron Head|p1a: Great Tusk
|-damage|p1a: Great Tusk|71/100
|
|-heal|p1a: Great Tusk|77/100|[from] item: Leftovers
|upkeep
|turn|3
|
|t:|1776224678
|-end|p2a: Kingambit|fallenundefined|[silent]
|switch|p2a: Alomomola|Alomomola, F|100/100
|move|p1a: Great Tusk|Knock Off|p2a: Alomomola
|-damage|p2a: Alomomola|86/100
|-enditem|p2a: Alomomola|Heavy-Duty Boots|[from] move: Knock Off|[of] p1a: Great Tusk
|
|-heal|p1a: Great Tusk|83/100|[from] item: Leftovers
|upkeep
|turn|4
|
|t:|1776224684
|-end|p1a: Great Tusk|Protosynthesis|[silent]
|switch|p1a: Dragapult|Dragapult, F, shiny|100/100
|move|p2a: Alomomola|Scald|p1a: Dragapult
|-resisted|p1a: Dragapult
|-damage|p1a: Dragapult|91/100
|
|upkeep
|turn|5
|
|t:|1776224687
|move|p2a: Alomomola|Protect|p2a: Alomomola
|-singleturn|p2a: Alomomola|Protect
|move|p1a: Dragapult|Will-O-Wisp|p2a: Alomomola
|-activate|p2a: Alomomola|move: Protect
|
|upkeep
|turn|6
|
|t:|1776224692
|switch|p2a: Hatterene|Hatterene, F|100/100
|move|p1a: Dragapult|U-turn|p2a: Hatterene
|-damage|p2a: Hatterene|79/100
|
|t:|1776224695
|switch|p1a: Tinkaton|Tinkaton, F|100/100|[from] U-turn
|-ability|p1a: Tinkaton|Mold Breaker
|
|upkeep
|turn|7
|
|t:|1776224701
|switch|p2a: Alomomola|Alomomola, F|100/100
|move|p1a: Tinkaton|Stealth Rock|p2a: Alomomola
|-sidestart|p2: kindnessalwayswins|move: Stealth Rock
|
|upkeep
|turn|8
|
|t:|1776224709
|switch|p1a: Dragapult|Dragapult, F, shiny|91/100
|move|p2a: Alomomola|Flip Turn|p1a: Dragapult
|-resisted|p1a: Dragapult
|-damage|p1a: Dragapult|81/100
|
|t:|1776224720
|switch|p2a: Hatterene|Hatterene, F|79/100|[from] Flip Turn
|-damage|p2a: Hatterene|67/100|[from] Stealth Rock
|
|upkeep
|turn|9
|
|t:|1776224729
|move|p1a: Dragapult|U-turn|p2a: Hatterene
|-damage|p2a: Hatterene|49/100
|
|t:|1776224732
|switch|p1a: Tinkaton|Tinkaton, F|100/100|[from] U-turn
|-ability|p1a: Tinkaton|Mold Breaker
|move|p2a: Hatterene|Nuzzle|p1a: Tinkaton
|-damage|p1a: Tinkaton|96/100
|-status|p1a: Tinkaton|par
|
|-heal|p1a: Tinkaton|100/100 par|[from] item: Leftovers
|upkeep
|turn|10
|
|t:|1776224742
|switch|p2a: Alomomola|Alomomola, F|100/100
|-damage|p2a: Alomomola|88/100|[from] Stealth Rock
|move|p1a: Tinkaton|Thunder Wave|p2a: Alomomola
|-status|p2a: Alomomola|par
|
|upkeep
|turn|11
|
|t:|1776224747
|switch|p1a: Dragapult|Dragapult, F, shiny|81/100
|move|p2a: Alomomola|Wish|p2a: Alomomola
|
|upkeep
|turn|12
|
|t:|1776224763
|move|p1a: Dragapult|Hex|p2a: Alomomola
|-damage|p2a: Alomomola|27/100 par
|cant|p2a: Alomomola|par
|
|-heal|p2a: Alomomola|77/100 par|[from] move: Wish|[wisher] Alomomola
|upkeep
|turn|13
|
|t:|1776224795
|switch|p2a: Iron Valiant|Iron Valiant|100/100
|-damage|p2a: Iron Valiant|94/100|[from] Stealth Rock
|-enditem|p2a: Iron Valiant|Booster Energy
|-activate|p2a: Iron Valiant|ability: Quark Drive|[fromitem]
|-start|p2a: Iron Valiant|quarkdrivespe
|move|p1a: Dragapult|Hex|p2a: Iron Valiant
|-damage|p2a: Iron Valiant|41/100
|
|upkeep
|turn|14
|
|t:|1776224809
|switch|p1a: Tinkaton|Tinkaton, F|100/100 par
|-ability|p1a: Tinkaton|Mold Breaker
|move|p2a: Iron Valiant|Shadow Ball|p1a: Tinkaton
|-crit|p1a: Tinkaton
|-damage|p1a: Tinkaton|72/100 par
|-unboost|p1a: Tinkaton|spd|1
|
|-heal|p1a: Tinkaton|78/100 par|[from] item: Leftovers
|upkeep
|turn|15
|
|t:|1776224840
|-end|p2a: Iron Valiant|Quark Drive|[silent]
|switch|p2a: Alomomola|Alomomola, F|100/100 par
|-damage|p2a: Alomomola|88/100 par|[from] Stealth Rock
|move|p1a: Tinkaton|Gigaton Hammer|p2a: Alomomola
|-resisted|p2a: Alomomola
|-damage|p2a: Alomomola|77/100 par
|
|-heal|p1a: Tinkaton|85/100 par|[from] item: Leftovers
|upkeep
|turn|16
|
|t:|1776224844
|switch|p1a: Dragapult|Dragapult, F, shiny|81/100
|move|p2a: Alomomola|Wish|p2a: Alomomola
|
|upkeep
|turn|17
|
|t:|1776224850
|move|p1a: Dragapult|Hex|p2a: Alomomola
|-damage|p2a: Alomomola|11/100 par
|move|p2a: Alomomola|Flip Turn|p1a: Dragapult
|-resisted|p1a: Dragapult
|-damage|p1a: Dragapult|70/100
|
|t:|1776224852
|switch|p2a: Hatterene|Hatterene, F|49/100|[from] Flip Turn
|-damage|p2a: Hatterene|36/100|[from] Stealth Rock
|
|-heal|p2a: Hatterene|100/100|[from] move: Wish|[wisher] Alomomola
|upkeep
|turn|18
|
|t:|1776224869
|move|p1a: Dragapult|U-turn|p2a: Hatterene
|-damage|p2a: Hatterene|79/100
|
|t:|1776224878
|switch|p1a: Tinkaton|Tinkaton, F|85/100 par|[from] U-turn
|-ability|p1a: Tinkaton|Mold Breaker
|move|p2a: Hatterene|Mystical Fire|p1a: Tinkaton
|-supereffective|p1a: Tinkaton
|-damage|p1a: Tinkaton|43/100 par
|-unboost|p1a: Tinkaton|spa|1
|
|-heal|p1a: Tinkaton|49/100 par|[from] item: Leftovers
|upkeep
|turn|19
|
|t:|1776224900
|switch|p1a: Rotom|Rotom-Heat|100/100
|switch|p2a: Cinderace|Cinderace, M|100/100
|
|upkeep
|turn|20
|
|t:|1776224906
|move|p2a: Cinderace|Court Change|p2a: Cinderace
|-swapsideconditions
|-activate|p2a: Cinderace|move: Court Change
|move|p1a: Rotom|Volt Switch|p2a: Cinderace
|-damage|p2a: Cinderace|71/100
|
|t:|1776224917
|switch|p1a: Dragapult|Dragapult, F, shiny|70/100|[from] Volt Switch
|
|upkeep
|turn|21
|
|t:|1776224936
|switch|p2a: Flygon|Flygon, M|100/100
|move|p1a: Dragapult|Hex|p2a: Flygon
|-damage|p2a: Flygon|82/100
|
|upkeep
|turn|22
|
|t:|1776224945
|switch|p1a: Slowking|Slowking, M|100/100
|move|p2a: Flygon|U-turn|p1a: Slowking
|-supereffective|p1a: Slowking
|-damage|p1a: Slowking|60/100
|
|t:|1776225004
|switch|p2a: Hatterene|Hatterene, F|79/100|[from] U-turn
|
|upkeep
|turn|23
|
|t:|1776225009
|move|p2a: Hatterene|Draining Kiss|p1a: Slowking
|-damage|p1a: Slowking|41/100
|-heal|p2a: Hatterene|97/100|[from] drain|[of] p1a: Slowking
|-prepare|p1a: Slowking|Chilly Reception|[premajor]
|move|p1a: Slowking|Chilly Reception|p1a: Slowking
|-weather|Snowscape
|
|t:|1776225016
|switch|p1a: Lokix|Lokix, M|100/100|[from] Chilly Reception
|-damage|p1a: Lokix|76/100|[from] Stealth Rock
|
|-weather|Snowscape|[upkeep]
|upkeep
|turn|24
|
|t:|1776225021
|-terastallize|p1a: Lokix|Bug
|move|p1a: Lokix|U-turn|p2a: Hatterene
|-damage|p2a: Hatterene|13/100
|
|t:|1776225034
|switch|p1a: Rotom|Rotom-Heat|100/100|[from] U-turn
|move|p2a: Hatterene|Draining Kiss|p1a: Rotom
|-resisted|p1a: Rotom
|-damage|p1a: Rotom|84/100
|-heal|p2a: Hatterene|25/100|[from] drain|[of] p1a: Rotom
|
|-weather|Snowscape|[upkeep]
|upkeep
|turn|25
|
|t:|1776225042
|switch|p2a: Flygon|Flygon, M|82/100
|move|p1a: Rotom|Volt Switch|p2a: Flygon
|-immune|p2a: Flygon
|
|-weather|Snowscape|[upkeep]
|upkeep
|turn|26
|
|t:|1776225048
|move|p2a: Flygon|U-turn|p1a: Rotom
|-resisted|p1a: Rotom
|-damage|p1a: Rotom|75/100
|
|t:|1776225082
|switch|p2a: Cinderace|Cinderace, M|71/100|[from] U-turn
|move|p1a: Rotom|Will-O-Wisp|p2a: Cinderace
|-immune|p2a: Cinderace
|
|-weather|Snowscape|[upkeep]
|upkeep
|turn|27
|
|t:|1776225091
|move|p2a: Cinderace|Pyro Ball|p1a: Rotom
|-resisted|p1a: Rotom
|-damage|p1a: Rotom|56/100
|move|p1a: Rotom|Volt Switch|p2a: Cinderace
|-damage|p2a: Cinderace|38/100
|
|t:|1776225098
|switch|p1a: Dragapult|Dragapult, F, shiny|70/100|[from] Volt Switch
|
|-weather|none
|upkeep
|turn|28
|
|t:|1776225140
|switch|p2a: Iron Valiant|Iron Valiant|41/100
|move|p1a: Dragapult|Draco Meteor|p2a: Iron Valiant
|-immune|p2a: Iron Valiant
|
|upkeep
|turn|29
|
|t:|1776225158
|-end|p2a: Iron Valiant|Quark Drive|[silent]
|switch|p2a: Kingambit|Kingambit, F|100/100
|move|p1a: Dragapult|Hex|p2a: Kingambit
|-resisted|p2a: Kingambit
|-damage|p2a: Kingambit|86/100
|
|upkeep
|turn|30
|
|t:|1776225222
|switch|p1a: Great Tusk|Great Tusk|83/100
|-damage|p1a: Great Tusk|80/100|[from] Stealth Rock
|move|p2a: Kingambit|Kowtow Cleave|p1a: Great Tusk
|-resisted|p1a: Great Tusk
|-damage|p1a: Great Tusk|62/100
|
|-heal|p1a: Great Tusk|68/100|[from] item: Leftovers
|upkeep
|turn|31
|j| kanaete onegai
|
|t:|1776225234
|-end|p2a: Kingambit|fallenundefined|[silent]
|switch|p2a: Alomomola|Alomomola, F|44/100 par
|move|p1a: Great Tusk|Rapid Spin|p2a: Alomomola
|-damage|p2a: Alomomola|37/100 par
|-boost|p1a: Great Tusk|spe|1
|-sideend|p1: RomN-Tick|Stealth Rock|[from] move: Rapid Spin|[of] p1a: Great Tusk
|
|-heal|p1a: Great Tusk|74/100|[from] item: Leftovers
|upkeep
|turn|32
|l|☆RomN-Tick
|player|p1|
|inactive|Battle timer is ON: inactive players will automatically lose when time's up. (requested by kindnessalwayswins)
|inactive|RomN-Tick has 30 seconds to reconnect!
|j|☆RomN-Tick
|inactive|RomN-Tick reconnected and has 115 seconds left.
|player|p1|RomN-Tick|ethan|
|
|t:|1776225317
|move|p1a: Great Tusk|Headlong Rush|p2a: Alomomola
|-crit|p2a: Alomomola
|-damage|p2a: Alomomola|0 fnt
|-unboost|p1a: Great Tusk|def|1
|-unboost|p1a: Great Tusk|spd|1
|faint|p2a: Alomomola
|
|-heal|p1a: Great Tusk|80/100|[from] item: Leftovers
|upkeep
|
|t:|1776225345
|switch|p2a: Iron Valiant|Iron Valiant|41/100
|turn|33
|
|t:|1776225353
|move|p1a: Great Tusk|Headlong Rush|p2a: Iron Valiant
|-damage|p2a: Iron Valiant|0 fnt
|-unboost|p1a: Great Tusk|def|1
|-unboost|p1a: Great Tusk|spd|1
|faint|p2a: Iron Valiant
|-end|p2a: Iron Valiant|Quark Drive|[silent]
|
|-heal|p1a: Great Tusk|86/100|[from] item: Leftovers
|upkeep
|c|☆kindnessalwayswins|cool
|-message|kindnessalwayswins forfeited.
|
|win|RomN-Tick
|raw|RomN-Tick's rating: 1596 &rarr; <strong>1616</strong><br />(+20 for winning)
|raw|kindnessalwayswins's rating: 1594 &rarr; <strong>1574</strong><br />(-20 for losing)
|l|☆kindnessalwayswins
|player|p2|
