|html|<div class="broadcast-blue"><strong>[Gen 9] OU is currently suspecting Tera Blast! For information on how to participate check out the <a href="https://www.smogon.com/tools/suspects/view/200">suspect thread</a>.</strong></div>
|j|☆rebelriot0
|j|☆magistermilitum420
|t:|1776093365
|gametype|singles
|player|p1|rebelriot0|hilbert|1182
|player|p2|magistermilitum420|blue|1186
|gen|9
|tier|[Gen 9] OU
|rated|
|rule|HP Percentage Mod: HP is shown in percentages
|rule|Endless Battle Clause: Forcing endless battles is banned
|rule|Species Clause: Limit one of each Pokémon
|rule|OHKO Clause: OHKO moves are banned
|rule|Evasion Items Clause: Evasion items are banned
|rule|Evasion Moves Clause: Evasion moves are banned
|rule|Evasion Abilities Clause: Evasion abilities are banned
|rule|Sleep Moves Clause: Sleep-inducing moves are banned
|clearpoke
|poke|p1|Dondozo, F|
|poke|p1|Clodsire, F|
|poke|p1|Blissey, F|
|poke|p1|Corviknight, F|
|poke|p1|Alomomola, M|
|poke|p1|Skeledirge, M|
|poke|p2|Meowscarada, M|
|poke|p2|Great Tusk|
|poke|p2|Alomomola, F|
|poke|p2|Slowking-Galar, F|
|poke|p2|Dragonite, F|
|poke|p2|Heatran, F|
|teampreview
|
|t:|1776093374
|teamsize|p1|6
|teamsize|p2|6
|start
|switch|p1a: Clodsire|Clodsire, F|100/100
|switch|p2a: Mahad|Meowscarada, M, shiny|100/100
|turn|1
|
|t:|1776093387
|move|p2a: Mahad|U-turn|p1a: Clodsire
|-start|p2a: Mahad|typechange|Bug|[from] ability: Protean
|-resisted|p1a: Clodsire
|-damage|p1a: Clodsire|84/100
|
|t:|1776093391
|switch|p2a: Mithridates|Slowking-Galar, F|100/100|[from] U-turn
|move|p1a: Clodsire|Toxic|p2a: Mithridates
|-immune|p2a: Mithridates
|
|-heal|p1a: Clodsire|90/100|[from] item: Leftovers
|upkeep
|turn|2
|
|t:|1776093402
|move|p2a: Mithridates|Future Sight|p1a: Clodsire
|-start|p2a: Mithridates|move: Future Sight
|move|p1a: Clodsire|Earthquake|p2a: Mithridates
|-supereffective|p2a: Mithridates
|-damage|p2a: Mithridates|49/100
|
|-heal|p1a: Clodsire|96/100|[from] item: Leftovers
|upkeep
|turn|3
|
|t:|1776093415
|switch|p2a: Mahad|Meowscarada, M, shiny|100/100
|move|p1a: Clodsire|Earthquake|p2a: Mahad
|-resisted|p2a: Mahad
|-damage|p2a: Mahad|79/100
|
|-heal|p1a: Clodsire|100/100|[from] item: Leftovers
|upkeep
|turn|4
|
|t:|1776093446
|move|p2a: Mahad|U-turn|p1a: Clodsire
|-start|p2a: Mahad|typechange|Bug|[from] ability: Protean
|-resisted|p1a: Clodsire
|-damage|p1a: Clodsire|83/100
|
|t:|1776093452
|switch|p2a: Mithridates|Slowking-Galar, F|82/100|[from] U-turn
|move|p1a: Clodsire|Toxic|p2a: Mithridates
|-immune|p2a: Mithridates
|
|-end|p1a: Clodsire|move: Future Sight
|-supereffective|p1a: Clodsire
|-damage|p1a: Clodsire|21/100
|-heal|p1a: Clodsire|28/100|[from] item: Leftovers
|upkeep
|turn|5
|
|t:|1776093462
|switch|p1a: Skeledirge|Skeledirge, M|100/100
|move|p2a: Mithridates|Psychic Noise|p1a: Skeledirge
|-damage|p1a: Skeledirge|63/100
|-start|p1a: Skeledirge|move: Heal Block
|
|upkeep
|turn|6
|
|t:|1776093481
|switch|p2a: Charybdis|Alomomola, F, shiny|100/100
|move|p1a: Skeledirge|Torch Song|p2a: Charybdis
|-resisted|p2a: Charybdis
|-damage|p2a: Charybdis|84/100
|-boost|p1a: Skeledirge|spa|1
|
|-end|p1a: Skeledirge|move: Heal Block
|upkeep
|turn|7
|
|t:|1776093499
|-terastallize|p1a: Skeledirge|Fairy
|move|p1a: Skeledirge|Will-O-Wisp|p2a: Charybdis
|-status|p2a: Charybdis|brn
|move|p2a: Charybdis|Flip Turn|p1a: Skeledirge
|-damage|p1a: Skeledirge|59/100
|
|t:|1776093506
|switch|p2a: Mithridates|Slowking-Galar, F|100/100|[from] Flip Turn
|
|upkeep
|turn|8
|
|t:|1776093518
|move|p1a: Skeledirge|Hex|p2a: Mithridates
|-supereffective|p2a: Mithridates
|-damage|p2a: Mithridates|67/100
|move|p2a: Mithridates|Psychic Noise|p1a: Skeledirge
|-damage|p1a: Skeledirge|22/100
|-start|p1a: Skeledirge|move: Heal Block
|
|upkeep
|turn|9
|
|t:|1776093529
|switch|p1a: Blissey|Blissey, F|100/100
|switch|p2a: Charybdis|Alomomola, F, shiny|100/100 brn
|
|-damage|p2a: Charybdis|94/100 brn|[from] brn
|upkeep
|turn|10
|
|t:|1776093544
|switch|p2a: Barca|Great Tusk|100/100
|move|p1a: Blissey|Seismic Toss|p2a: Barca
|-damage|p2a: Barca|74/100
|
|upkeep
|turn|11
|
|t:|1776093568
|switch|p1a: Dondozo|Dondozo, F|100/100
|move|p2a: Barca|Stealth Rock|p1a: Dondozo
|-sidestart|p1: rebelriot0|move: Stealth Rock
|
|upkeep
|turn|12
|
|t:|1776093584
|-end|p2a: Barca|Protosynthesis|[silent]
|switch|p2a: Charybdis|Alomomola, F, shiny|100/100 brn
|move|p1a: Dondozo|Curse|p1a: Dondozo
|-unboost|p1a: Dondozo|spe|1
|-boost|p1a: Dondozo|atk|1
|-boost|p1a: Dondozo|def|1
|
|-damage|p2a: Charybdis|94/100 brn|[from] brn
|upkeep
|turn|13
|
|t:|1776093594
|move|p2a: Charybdis|Scald|p1a: Dondozo
|-resisted|p1a: Dondozo
|-damage|p1a: Dondozo|94/100
|move|p1a: Dondozo|Wave Crash|p2a: Charybdis
|-resisted|p2a: Charybdis
|-damage|p2a: Charybdis|78/100 brn
|-damage|p1a: Dondozo|88/100|[from] Recoil
|
|-damage|p2a: Charybdis|71/100 brn|[from] brn
|upkeep
|turn|14
|
|t:|1776093602
|move|p2a: Charybdis|Scald|p1a: Dondozo
|-resisted|p1a: Dondozo
|-damage|p1a: Dondozo|81/100
|-status|p1a: Dondozo|brn
|move|p1a: Dondozo|Curse|p1a: Dondozo
|-unboost|p1a: Dondozo|spe|1
|-boost|p1a: Dondozo|atk|1
|-boost|p1a: Dondozo|def|1
|
|-damage|p2a: Charybdis|65/100 brn|[from] brn
|-damage|p1a: Dondozo|75/100 brn|[from] brn
|upkeep
|turn|15
|
|t:|1776093612
|move|p2a: Charybdis|Wish|p2a: Charybdis
|move|p1a: Dondozo|Wave Crash|p2a: Charybdis
|-resisted|p2a: Charybdis
|-damage|p2a: Charybdis|54/100 brn
|-damage|p1a: Dondozo|71/100 brn|[from] Recoil
|
|-damage|p2a: Charybdis|48/100 brn|[from] brn
|-damage|p1a: Dondozo|65/100 brn|[from] brn
|upkeep
|turn|16
|
|t:|1776093626
|move|p2a: Charybdis|Flip Turn|p1a: Dondozo
|-resisted|p1a: Dondozo
|-damage|p1a: Dondozo|64/100 brn
|
|t:|1776093634
|switch|p2a: Mahad|Meowscarada, M, shiny|79/100|[from] Flip Turn
|move|p1a: Dondozo|Wave Crash|p2a: Mahad
|-resisted|p2a: Mahad
|-damage|p2a: Mahad|46/100
|-damage|p1a: Dondozo|58/100 brn|[from] Recoil
|
|-heal|p2a: Mahad|100/100|[from] move: Wish|[wisher] Charybdis
|-damage|p1a: Dondozo|51/100 brn|[from] brn
|upkeep
|turn|17
|
|t:|1776093651
|move|p2a: Mahad|Knock Off|p1a: Dondozo
|-start|p2a: Mahad|typechange|Dark|[from] ability: Protean
|-damage|p1a: Dondozo|41/100 brn
|-enditem|p1a: Dondozo|Heavy-Duty Boots|[from] move: Knock Off|[of] p2a: Mahad
|move|p1a: Dondozo|Wave Crash|p2a: Mahad
|-damage|p2a: Mahad|38/100
|-damage|p1a: Dondozo|29/100 brn|[from] Recoil
|
|-damage|p1a: Dondozo|23/100 brn|[from] brn
|upkeep
|turn|18
|
|t:|1776093665
|switch|p2a: Charybdis|Alomomola, F, shiny|81/100 brn
|move|p1a: Dondozo|Wave Crash|p2a: Charybdis
|-resisted|p2a: Charybdis
|-damage|p2a: Charybdis|70/100 brn
|-damage|p1a: Dondozo|19/100 brn|[from] Recoil
|
|-damage|p2a: Charybdis|64/100 brn|[from] brn
|-damage|p1a: Dondozo|13/100 brn|[from] brn
|upkeep
|turn|19
|
|t:|1776093673
|move|p2a: Charybdis|Wish|p2a: Charybdis
|move|p1a: Dondozo|Rest|p1a: Dondozo
|-status|p1a: Dondozo|slp|[from] move: Rest
|-heal|p1a: Dondozo|100/100 slp|[silent]
|
|-damage|p2a: Charybdis|58/100 brn|[from] brn
|upkeep
|turn|20
|inactive|Battle timer is ON: inactive players will automatically lose when time's up. (requested by rebelriot0)
|
|t:|1776093713
|move|p2a: Charybdis|Flip Turn|p1a: Dondozo
|-resisted|p1a: Dondozo
|-crit|p1a: Dondozo
|-damage|p1a: Dondozo|98/100 slp
|
|t:|1776093721
|switch|p2a: Vulcanus|Heatran, F, shiny|100/100|[from] Flip Turn
|cant|p1a: Dondozo|slp
|move|p1a: Dondozo|Sleep Talk|p1a: Dondozo
|move|p1a: Dondozo|Curse|p1a: Dondozo|[from] move: Sleep Talk
|-unboost|p1a: Dondozo|spe|1
|-boost|p1a: Dondozo|atk|1
|-boost|p1a: Dondozo|def|1
|
|upkeep
|turn|21
|
|t:|1776093732
|-terastallize|p2a: Vulcanus|Grass
|move|p2a: Vulcanus|Tera Blast|p1a: Dondozo|[anim] Tera Blast Grass
|-supereffective|p1a: Dondozo
|-damage|p1a: Dondozo|0 fnt
|faint|p1a: Dondozo
|
|upkeep
|
|t:|1776093739
|switch|p1a: Skeledirge|Skeledirge, M, tera:Fairy|22/100
|turn|22
|
|t:|1776093751
|switch|p2a: Mithridates|Slowking-Galar, F|99/100
|move|p1a: Skeledirge|Torch Song|p2a: Mithridates
|-damage|p2a: Mithridates|85/100
|-boost|p1a: Skeledirge|spa|1
|
|upkeep
|turn|23
|
|t:|1776093762
|move|p1a: Skeledirge|Hex|p2a: Mithridates
|-supereffective|p2a: Mithridates
|-damage|p2a: Mithridates|52/100
|move|p2a: Mithridates|Psychic Noise|p1a: Skeledirge
|-damage|p1a: Skeledirge|0 fnt
|faint|p1a: Skeledirge
|
|upkeep
|
|t:|1776093770
|switch|p1a: Alomomola|Alomomola, M|100/100
|turn|24
|
|t:|1776093777
|move|p1a: Alomomola|Flip Turn|p2a: Mithridates
|-damage|p2a: Mithridates|39/100
|
|t:|1776093780
|switch|p1a: Corviknight|Corviknight, F|100/100|[from] Flip Turn
|-damage|p1a: Corviknight|88/100|[from] Stealth Rock
|-ability|p1a: Corviknight|Pressure
|move|p2a: Mithridates|Psychic Noise|p1a: Corviknight
|-resisted|p1a: Corviknight
|-damage|p1a: Corviknight|72/100
|-start|p1a: Corviknight|move: Heal Block
|
|upkeep
|turn|25
|
|t:|1776093800
|switch|p2a: Vulcanus|Heatran, F, shiny, tera:Grass|100/100
|move|p1a: Corviknight|U-turn|p2a: Vulcanus
|-supereffective|p2a: Vulcanus
|-damage|p2a: Vulcanus|73/100
|
|t:|1776093820
|switch|p1a: Blissey|Blissey, F|100/100|[from] U-turn
|
|upkeep
|turn|26
|inactive|rebelriot0 has 120 seconds left.
|
|t:|1776093839
|switch|p2a: Charybdis|Alomomola, F, shiny|91/100 brn
|move|p1a: Blissey|Thunder Wave||[still]
|-fail|p1a: Blissey
|
|-damage|p2a: Charybdis|85/100 brn|[from] brn
|upkeep
|turn|27
|inactive|rebelriot0 has 120 seconds left.
|
|t:|1776093852
|move|p1a: Blissey|Seismic Toss|p2a: Charybdis
|-damage|p2a: Charybdis|66/100 brn
|move|p2a: Charybdis|Wish|p2a: Charybdis
|
|-damage|p2a: Charybdis|60/100 brn|[from] brn
|upkeep
|turn|28
|-message|rebelriot0 forfeited.
|
|win|magistermilitum420
|raw|rebelriot0's rating: 1182 &rarr; <strong>1157</strong><br />(-25 for losing)
|raw|magistermilitum420's rating: 1186 &rarr; <strong>1211</strong><br />(+25 for winning)
|l|☆rebelriot0
|player|p1|
