|html|<div class="broadcast-blue"><strong>[Gen 9] OU is currently suspecting Tera Blast! For information on how to participate check out the <a href="https://www.smogon.com/tools/suspects/view/200">suspect thread</a>.</strong></div>
|j|☆yazloed
|j|☆Lyrick
|t:|1776054508
|gametype|singles
|player|p1|yazloed|169|1088
|player|p2|Lyrick|101|1137
|gen|9
|tier|[Gen 9] OU
|rated|
|rule|HP Percentage Mod: HP is shown in percentages
|rule|Endless Battle Clause: Forcing endless battles is banned
|rule|Species Clause: Limit one of each Pokémon
|rule|OHKO Clause: OHKO moves are banned
|rule|Evasion Items Clause: Evasion items are banned
|rule|Evasion Moves Clause: Evasion moves are banned
|rule|Evasion Abilities Clause: Evasion abilities are banned
|rule|Sleep Moves Clause: Sleep-inducing moves are banned
|clearpoke
|poke|p1|Crawdaunt, M|
|poke|p1|Venusaur, M|
|poke|p1|Magnezone|
|poke|p1|Torkoal, F|
|poke|p1|Garchomp, F|
|poke|p1|Yanmega, M|
|poke|p2|Zoroark-Hisui, F|
|poke|p2|Misdreavus, M|
|poke|p2|Sableye, F|
|poke|p2|Tinkaton, F|
|poke|p2|Hatterene, F|
|poke|p2|Swadloon, F|
|teampreview
|inactive|Battle timer is ON: inactive players will automatically lose when time's up. (requested by Lyrick)
|
|t:|1776054550
|teamsize|p1|6
|teamsize|p2|6
|start
|switch|p1a: Crawdaunt|Crawdaunt, M|100/100
|switch|p2a: Sableye|Sableye, F|100/100
|turn|1
|c|☆yazloed|cool team
|
|t:|1776054555
|move|p2a: Sableye|Reflect|p2a: Sableye
|-sidestart|p2: Lyrick|Reflect
|move|p1a: Crawdaunt|Dragon Dance|p1a: Crawdaunt
|-boost|p1a: Crawdaunt|atk|1
|-boost|p1a: Crawdaunt|spe|1
|
|upkeep
|turn|2
|
|t:|1776054566
|switch|p2a: Misdreavus|Misdreavus, M|100/100
|move|p1a: Crawdaunt|Dragon Dance|p1a: Crawdaunt
|-boost|p1a: Crawdaunt|atk|1
|-boost|p1a: Crawdaunt|spe|1
|
|upkeep
|turn|3
|
|t:|1776054572
|move|p1a: Crawdaunt|Crunch|p2a: Misdreavus
|-supereffective|p2a: Misdreavus
|-damage|p2a: Misdreavus|0 fnt
|faint|p2a: Misdreavus
|-damage|p1a: Crawdaunt|91/100|[from] item: Life Orb
|
|upkeep
|
|t:|1776054596
|switch|p2a: Tinkaton|Tinkaton, F|100/100
|-ability|p2a: Tinkaton|Mold Breaker
|turn|4
|
|t:|1776054600
|move|p1a: Crawdaunt|Crabhammer|p2a: Tinkaton
|-damage|p2a: Tinkaton|0 fnt
|faint|p2a: Tinkaton
|-damage|p1a: Crawdaunt|81/100|[from] item: Life Orb
|
|upkeep
|
|t:|1776054616
|switch|p2a: Hatterene|Hatterene, F|100/100
|turn|5
|
|t:|1776054621
|move|p1a: Crawdaunt|Crabhammer|p2a: Hatterene
|-damage|p2a: Hatterene|24/100
|-damage|p1a: Crawdaunt|71/100|[from] item: Life Orb
|move|p2a: Hatterene|Trick Room|p2a: Hatterene
|-fieldstart|move: Trick Room|[of] p2a: Hatterene
|
|-sideend|p2: Lyrick|Reflect
|upkeep
|turn|6
|
|t:|1776054634
|move|p1a: Crawdaunt|Aqua Jet|p2a: Hatterene
|-damage|p2a: Hatterene|0 fnt
|faint|p2a: Hatterene
|-damage|p1a: Crawdaunt|62/100|[from] item: Life Orb
|
|upkeep
|
|t:|1776054641
|switch|p2a: Sableye|Sableye, F|100/100
|turn|7
|c|☆yazloed|whats the strat with misdreavus and swadloon
|
|t:|1776054646
|move|p2a: Sableye|Hyper Voice|p1a: Crawdaunt
|-damage|p1a: Crawdaunt|0 fnt
|faint|p1a: Crawdaunt
|-damage|p2a: Sableye|91/100|[from] item: Life Orb
|
|upkeep
|
|t:|1776054661
|switch|p1a: Torkoal|Torkoal, F, shiny|100/100
|-weather|SunnyDay|[from] ability: Drought|[of] p1a: Torkoal
|turn|8
|c|☆Lyrick|i wanted to use sticky web with the swadloon xD
|c|☆yazloed|ohhh
|
|t:|1776054684
|-terastallize|p1a: Torkoal|Fire
|move|p1a: Torkoal|Eruption|p2a: Sableye
|-damage|p2a: Sableye|0 fnt
|replace|p2a: Zoroark|Zoroark-Hisui, F, shiny
|-end|p2a: Zoroark|Illusion
|faint|p2a: Zoroark
|
|-weather|SunnyDay|[upkeep]
|upkeep
|
|t:|1776054695
|switch|p2a: Swadloon|Swadloon, F|100/100
|turn|9
|
|t:|1776054717
|move|p2a: Swadloon|Sticky Web|p1a: Torkoal
|-sidestart|p1: yazloed|move: Sticky Web
|move|p1a: Torkoal|Eruption|p2a: Swadloon
|-supereffective|p2a: Swadloon
|-damage|p2a: Swadloon|0 fnt
|faint|p2a: Swadloon
|
|-weather|SunnyDay|[upkeep]
|-fieldend|move: Trick Room
|upkeep
|
|t:|1776054724
|switch|p2a: Sableye|Sableye, F|100/100
|turn|10
|c|☆yazloed|sticky web on a trick room team?
|c|☆yazloed|throw ursaluna or some sort of bulky attacker
|
|t:|1776054744
|move|p2a: Sableye|Reflect|p2a: Sableye
|-sidestart|p2: Lyrick|Reflect
|move|p1a: Torkoal|Eruption|p2a: Sableye
|-crit|p2a: Sableye
|-damage|p2a: Sableye|0 fnt
|faint|p2a: Sableye
|
|win|yazloed
|raw|yazloed's rating: 1088 &rarr; <strong>1119</strong><br />(+31 for winning)
|raw|Lyrick's rating: 1137 &rarr; <strong>1108</strong><br />(-29 for losing)
|c|☆yazloed|gg
|c|☆Lyrick|I added him and Tinkaton at the last minute just to see if they would work well together.
|c|☆Lyrick|gg
|c|☆yazloed|fair
|c|☆yazloed|gg
|l|☆yazloed
|player|p1|
|l|☆Lyrick
|player|p2|
