|html|<div class="broadcast-blue"><strong>[Gen 9] OU is currently suspecting Tera Blast! For information on how to participate check out the <a href="https://www.smogon.com/tools/suspects/view/200">suspect thread</a>.</strong></div>
|j|☆Foxrage
|j|☆BuffCacture
|t:|1776105914
|gametype|singles
|player|p1|Foxrage|101|1196
|player|p2|BuffCacture|1|1194
|gen|9
|tier|[Gen 9] OU
|rated|
|rule|HP Percentage Mod: HP is shown in percentages
|rule|Endless Battle Clause: Forcing endless battles is banned
|rule|Species Clause: Limit one of each Pokémon
|rule|OHKO Clause: OHKO moves are banned
|rule|Evasion Items Clause: Evasion items are banned
|rule|Evasion Moves Clause: Evasion moves are banned
|rule|Evasion Abilities Clause: Evasion abilities are banned
|rule|Sleep Moves Clause: Sleep-inducing moves are banned
|clearpoke
|poke|p1|Scizor, F|
|poke|p1|Gliscor, M|
|poke|p1|Darkrai|
|poke|p1|Zamazenta-*|
|poke|p1|Clefable, M|
|poke|p1|Gholdengo|
|poke|p2|Tinkaton, F|
|poke|p2|Cacturne, M|
|poke|p2|Slowbro, F|
|poke|p2|Rotom-Wash|
|poke|p2|Emboar, F|
|poke|p2|Drifblim, F|
|teampreview
|
|t:|1776105934
|teamsize|p1|6
|teamsize|p2|6
|start
|switch|p1a: Gliscor|Gliscor, M|100/100
|switch|p2a: Domintrix|Tinkaton, F|100/100
|-ability|p2a: Domintrix|Mold Breaker
|turn|1
|
|t:|1776105942
|switch|p2a: Step_Bro_im_stuck|Rotom-Wash|100/100
|move|p1a: Gliscor|Spikes|p2a: Step_Bro_im_stuck
|-sidestart|p2: BuffCacture|Spikes
|
|-status|p1a: Gliscor|tox|[from] item: Toxic Orb
|upkeep
|turn|2
|
|t:|1776105950
|move|p1a: Gliscor|Toxic|p2a: Step_Bro_im_stuck
|-status|p2a: Step_Bro_im_stuck|tox
|move|p2a: Step_Bro_im_stuck|Hydro Pump|p1a: Gliscor
|-supereffective|p1a: Gliscor
|-damage|p1a: Gliscor|17/100 tox
|
|-heal|p1a: Gliscor|30/100 tox|[from] ability: Poison Heal
|-damage|p2a: Step_Bro_im_stuck|94/100 tox|[from] psn
|upkeep
|turn|3
|
|t:|1776105972
|switch|p1a: Clefable|Clefable, M|100/100
|move|p2a: Step_Bro_im_stuck|Hydro Pump|p1a: Clefable
|-damage|p1a: Clefable|50/100
|
|-heal|p2a: Step_Bro_im_stuck|100/100 tox|[from] item: Leftovers
|-damage|p2a: Step_Bro_im_stuck|88/100 tox|[from] psn
|upkeep
|turn|4
|
|t:|1776105985
|move|p2a: Step_Bro_im_stuck|Hydro Pump|p1a: Clefable|[miss]
|-miss|p2a: Step_Bro_im_stuck|p1a: Clefable
|move|p1a: Clefable|Stealth Rock|p2a: Step_Bro_im_stuck
|-sidestart|p2: BuffCacture|move: Stealth Rock
|
|-heal|p2a: Step_Bro_im_stuck|94/100 tox|[from] item: Leftovers
|-damage|p2a: Step_Bro_im_stuck|75/100 tox|[from] psn
|upkeep
|turn|5
|
|t:|1776106005
|move|p2a: Step_Bro_im_stuck|Hydro Pump|p1a: Clefable
|-damage|p1a: Clefable|0 fnt
|faint|p1a: Clefable
|
|-heal|p2a: Step_Bro_im_stuck|82/100 tox|[from] item: Leftovers
|-damage|p2a: Step_Bro_im_stuck|57/100 tox|[from] psn
|upkeep
|
|t:|1776106015
|switch|p1a: Scizor|Scizor, F|100/100
|turn|6
|
|t:|1776106021
|move|p1a: Scizor|Swords Dance|p1a: Scizor
|-boost|p1a: Scizor|atk|2
|move|p2a: Step_Bro_im_stuck|Will-O-Wisp|p1a: Scizor
|-status|p1a: Scizor|brn
|
|-heal|p2a: Step_Bro_im_stuck|63/100 tox|[from] item: Leftovers
|-damage|p2a: Step_Bro_im_stuck|32/100 tox|[from] psn
|-damage|p1a: Scizor|94/100 brn|[from] brn
|upkeep
|turn|7
|
|t:|1776106031
|move|p1a: Scizor|Swords Dance|p1a: Scizor
|-boost|p1a: Scizor|atk|2
|move|p2a: Step_Bro_im_stuck|Hydro Pump|p1a: Scizor
|-damage|p1a: Scizor|14/100 brn
|
|-heal|p2a: Step_Bro_im_stuck|38/100 tox|[from] item: Leftovers
|-damage|p2a: Step_Bro_im_stuck|0 fnt|[from] psn
|faint|p2a: Step_Bro_im_stuck
|-damage|p1a: Scizor|8/100 brn|[from] brn
|upkeep
|
|t:|1776106042
|switch|p2a: Up in Smoke|Drifblim, F|100/100
|-damage|p2a: Up in Smoke|75/100|[from] Stealth Rock
|turn|8
|
|t:|1776106048
|move|p1a: Scizor|Bullet Punch|p2a: Up in Smoke
|-damage|p2a: Up in Smoke|5/100
|-damage|p1a: Scizor|0 fnt|[from] item: Life Orb
|faint|p1a: Scizor
|move|p2a: Up in Smoke|Defog|p1: Scizor|[notarget]
|-fail|p2a: Up in Smoke
|
|-status|p2a: Up in Smoke|brn|[from] item: Flame Orb
|upkeep
|
|t:|1776106057
|switch|p1a: Zamazenta|Zamazenta|100/100
|-ability|p1a: Zamazenta|Dauntless Shield|boost
|-boost|p1a: Zamazenta|def|1
|turn|9
|
|t:|1776106061
|move|p1a: Zamazenta|Iron Defense|p1a: Zamazenta
|-boost|p1a: Zamazenta|def|2
|move|p2a: Up in Smoke|Defog|p1a: Zamazenta
|-unboost|p1a: Zamazenta|evasion|1
|-sideend|p2: BuffCacture|Spikes|[from] move: Defog|[of] p2a: Up in Smoke
|-sideend|p2: BuffCacture|Stealth Rock|[from] move: Defog|[of] p2a: Up in Smoke
|
|-damage|p2a: Up in Smoke|0 fnt|[from] brn
|faint|p2a: Up in Smoke
|upkeep
|
|t:|1776106082
|switch|p2a: Conner|Slowbro, F, shiny|100/100
|turn|10
|
|t:|1776106088
|move|p1a: Zamazenta|Crunch|p2a: Conner
|-supereffective|p2a: Conner
|-damage|p2a: Conner|64/100
|move|p2a: Conner|Iron Defense|p2a: Conner
|-boost|p2a: Conner|def|2
|
|upkeep
|turn|11
|
|t:|1776106093
|move|p2a: Conner|Slack Off|p2a: Conner
|-heal|p2a: Conner|100/100
|move|p1a: Zamazenta|Roar|p2a: Conner
|drag|p2a: Buff Cacture|Cacturne, M|100/100
|
|upkeep
|turn|12
|
|t:|1776106101
|move|p1a: Zamazenta|Body Press|p2a: Buff Cacture
|-supereffective|p2a: Buff Cacture
|-enditem|p2a: Buff Cacture|Focus Sash
|-damage|p2a: Buff Cacture|1/100
|move|p2a: Buff Cacture|Counter|p1a: Zamazenta
|-damage|p1a: Zamazenta|0 fnt
|faint|p1a: Zamazenta
|
|upkeep
|c|☆BuffCacture|;)
|
|t:|1776106111
|switch|p1a: Gliscor|Gliscor, M|30/100 tox
|turn|13
|
|t:|1776106116
|move|p2a: Buff Cacture|Sucker Punch|p1a: Gliscor
|-damage|p1a: Gliscor|0 fnt
|faint|p1a: Gliscor
|
|upkeep
|c|☆BuffCacture|;)
|
|t:|1776106123
|switch|p1a: Darkrai|Darkrai|100/100
|turn|14
|
|t:|1776106134
|move|p2a: Buff Cacture|Sucker Punch|p1a: Darkrai
|-resisted|p1a: Darkrai
|-damage|p1a: Darkrai|76/100
|move|p1a: Darkrai|Sludge Bomb|p2a: Buff Cacture
|-supereffective|p2a: Buff Cacture
|-damage|p2a: Buff Cacture|0 fnt
|faint|p2a: Buff Cacture
|
|upkeep
|
|t:|1776106163
|switch|p2a: Ur Momma|Emboar, F|100/100
|turn|15
|
|t:|1776106171
|move|p2a: Ur Momma|Flare Blitz|p1a: Darkrai
|-damage|p1a: Darkrai|0 fnt
|faint|p1a: Darkrai
|-damage|p2a: Ur Momma|81/100|[from] Recoil
|
|upkeep
|-message|Foxrage forfeited.
|
|win|BuffCacture
|raw|Foxrage's rating: 1171 &rarr; <strong>1148</strong><br />(-23 for losing)
|raw|BuffCacture's rating: 1194 &rarr; <strong>1217</strong><br />(+23 for winning)
|l|☆Foxrage
|player|p1|
|l|☆BuffCacture
|player|p2|
