|html|<div class="broadcast-blue"><strong>[Gen 9] OU is currently suspecting Tera Blast! For information on how to participate check out the <a href="https://www.smogon.com/tools/suspects/view/200">suspect thread</a>.</strong></div>
|j|‽rank 1 greninja
|j|☆kkekrez
|t:|1776258832
|gametype|singles
|player|p1|rank 1 greninja|265|1420
|player|p2|kkekrez|170|1398
|gen|9
|tier|[Gen 9] OU
|rated|
|rule|HP Percentage Mod: HP is shown in percentages
|rule|Endless Battle Clause: Forcing endless battles is banned
|rule|Species Clause: Limit one of each Pokémon
|rule|OHKO Clause: OHKO moves are banned
|rule|Evasion Items Clause: Evasion items are banned
|rule|Evasion Moves Clause: Evasion moves are banned
|rule|Evasion Abilities Clause: Evasion abilities are banned
|rule|Sleep Moves Clause: Sleep-inducing moves are banned
|clearpoke
|poke|p1|Pelipper, M|
|poke|p1|Tornadus-Therian, M|
|poke|p1|Barraskewda, M|
|poke|p1|Iron Treads|
|poke|p1|Ludicolo, M|
|poke|p1|Poliwrath, M|
|poke|p2|Clodsire, F|
|poke|p2|Gliscor, F|
|poke|p2|Alomomola, F|
|poke|p2|Dondozo, M|
|poke|p2|Amoonguss, F|
|poke|p2|Bronzong|
|teampreview
|inactive|Battle timer is ON: inactive players will automatically lose when time's up. (requested by kkekrez)
|
|t:|1776258837
|teamsize|p1|6
|teamsize|p2|6
|start
|switch|p1a: Pelipper|Pelipper, M|100/100
|switch|p2a: Gliscor|Gliscor, F|100/100
|-weather|RainDance|[from] ability: Drizzle|[of] p1a: Pelipper
|turn|1
|
|t:|1776258853
|switch|p1a: Poliwrath|Poliwrath, M|100/100
|move|p2a: Gliscor|Protect||[still]
|-fail|p2a: Gliscor
|
|-weather|RainDance|[upkeep]
|-status|p2a: Gliscor|tox|[from] item: Toxic Orb
|upkeep
|turn|2
|
|t:|1776258860
|switch|p1a: Ludicolo|Ludicolo, M|100/100
|switch|p2a: Amoonguss|Amoonguss, F|100/100
|
|-weather|RainDance|[upkeep]
|upkeep
|turn|3
|
|t:|1776258871
|switch|p1a: Iron Treads|Iron Treads|100/100
|move|p2a: Amoonguss|Giga Drain|p1a: Iron Treads
|-damage|p1a: Iron Treads|88/100
|
|-weather|RainDance|[upkeep]
|upkeep
|turn|4
|
|t:|1776258881
|-end|p1a: Iron Treads|Quark Drive|[silent]
|switch|p1a: Tornadus|Tornadus-Therian, M|100/100
|switch|p2a: Alomomola|Alomomola, F|100/100
|
|-weather|RainDance|[upkeep]
|upkeep
|turn|5
|
|t:|1776258885
|move|p1a: Tornadus|Nasty Plot|p1a: Tornadus
|-boost|p1a: Tornadus|spa|2
|move|p2a: Alomomola|Whirlpool|p1a: Tornadus
|-damage|p1a: Tornadus|90/100
|-activate|p1a: Tornadus|move: Whirlpool|[of] p2a: Alomomola
|
|-weather|RainDance|[upkeep]
|-damage|p1a: Tornadus|78/100|[from] move: Whirlpool|[partiallytrapped]
|upkeep
|turn|6
|
|t:|1776258890
|move|p2a: Alomomola|Protect|p2a: Alomomola
|-singleturn|p2a: Alomomola|Protect
|move|p1a: Tornadus|Hurricane|p2a: Alomomola
|-activate|p2a: Alomomola|move: Protect
|
|-weather|RainDance|[upkeep]
|-damage|p1a: Tornadus|65/100|[from] move: Whirlpool|[partiallytrapped]
|upkeep
|turn|7
|
|t:|1776258899
|switch|p2a: Clodsire|Clodsire, F|100/100
|move|p1a: Tornadus|Weather Ball|p2a: Clodsire
|-supereffective|p2a: Clodsire
|-damage|p2a: Clodsire|35/100
|-damage|p1a: Tornadus|56/100|[from] item: Life Orb
|
|-weather|RainDance|[upkeep]
|-end|p1a: Tornadus|Whirlpool|[partiallytrapped]|[silent]
|upkeep
|turn|8
|
|t:|1776258905
|switch|p2a: Dondozo|Dondozo, M|100/100
|move|p1a: Tornadus|Hurricane|p2a: Dondozo
|-damage|p2a: Dondozo|34/100
|-damage|p1a: Tornadus|46/100|[from] item: Life Orb
|
|-weather|none
|upkeep
|turn|9
|
|t:|1776258911
|switch|p2a: Alomomola|Alomomola, F|100/100
|move|p1a: Tornadus|Hurricane|p2a: Alomomola
|-damage|p2a: Alomomola|0 fnt
|faint|p2a: Alomomola
|-damage|p1a: Tornadus|36/100|[from] item: Life Orb
|
|upkeep
|-message|kkekrez forfeited.
|
|win|rank 1 greninja
|raw|rank 1 greninja's rating: 1420 &rarr; <strong>1439</strong><br />(+19 for winning)
|raw|kkekrez's rating: 1398 &rarr; <strong>1379</strong><br />(-19 for losing)
|l|☆kkekrez
|player|p2|
