|html|<div class="broadcast-blue"><strong>[Gen 9] OU is currently suspecting Tera Blast! For information on how to participate check out the <a href="https://www.smogon.com/tools/suspects/view/200">suspect thread</a>.</strong></div>
|j|☆AlienXotic
|j|☆Ramiro95
|t:|1776042261
|gametype|singles
|player|p1|AlienXotic|266|1313
|player|p2|Ramiro95|266|1333
|gen|9
|tier|[Gen 9] OU
|rated|
|rule|HP Percentage Mod: HP is shown in percentages
|rule|Endless Battle Clause: Forcing endless battles is banned
|rule|Species Clause: Limit one of each Pokémon
|rule|OHKO Clause: OHKO moves are banned
|rule|Evasion Items Clause: Evasion items are banned
|rule|Evasion Moves Clause: Evasion moves are banned
|rule|Evasion Abilities Clause: Evasion abilities are banned
|rule|Sleep Moves Clause: Sleep-inducing moves are banned
|clearpoke
|poke|p1|Slither Wing|
|poke|p1|Ninetales, M|
|poke|p1|Walking Wake|
|poke|p1|Iron Moth|
|poke|p1|Hatterene, F|
|poke|p1|Blaziken, F|
|poke|p2|Dragapult, M|
|poke|p2|Pecharunt|
|poke|p2|Mimikyu, M|
|poke|p2|Zoroark-Hisui, F|
|poke|p2|Spiritomb, M|
|poke|p2|Brambleghast, F|
|teampreview
|
|t:|1776042332
|teamsize|p1|6
|teamsize|p2|6
|start
|switch|p1a: Aruarian|Ninetales, M, shiny|100/100
|switch|p2a: Pecharunt|Pecharunt|100/100
|-weather|SunnyDay|[from] ability: Drought|[of] p1a: Aruarian
|turn|1
|
|t:|1776042354
|move|p2a: Pecharunt|Nasty Plot|p2a: Pecharunt
|-boost|p2a: Pecharunt|spa|2
|move|p1a: Aruarian|Overheat|p2a: Pecharunt
|-enditem|p2a: Pecharunt|Focus Sash
|-damage|p2a: Pecharunt|1/100
|-unboost|p1a: Aruarian|spa|2
|replace|p2a: Zoroark|Zoroark-Hisui, F
|-end|p2a: Zoroark|Illusion
|
|-weather|SunnyDay|[upkeep]
|upkeep
|turn|2
|
|t:|1776042374
|switch|p1a: Covet&Lust|Hatterene, F, shiny|100/100
|move|p2a: Zoroark|Hyper Voice|p1a: Covet&Lust
|-damage|p1a: Covet&Lust|1/100
|-enditem|p1a: Covet&Lust|Eject Button
|
|t:|1776042388
|switch|p1a: Renewal|Walking Wake|100/100
|-activate|p1a: Renewal|ability: Protosynthesis
|-start|p1a: Renewal|protosynthesisspe
|
|-weather|SunnyDay|[upkeep]
|upkeep
|turn|3
|
|t:|1776042404
|move|p1a: Renewal|Flip Turn|p2a: Zoroark
|-damage|p2a: Zoroark|0 fnt
|faint|p2a: Zoroark
|
|t:|1776042414
|-end|p1a: Renewal|Protosynthesis|[silent]
|switch|p1a: Sizzlin' Hot Wings|Blaziken, F, shiny|100/100|[from] Flip Turn
|
|-weather|SunnyDay|[upkeep]
|upkeep
|
|t:|1776042425
|switch|p2a: Pecharunt|Pecharunt|100/100
|turn|4
|
|t:|1776042434
|move|p1a: Sizzlin' Hot Wings|Protect|p1a: Sizzlin' Hot Wings
|-singleturn|p1a: Sizzlin' Hot Wings|Protect
|move|p2a: Pecharunt|Parting Shot|p1a: Sizzlin' Hot Wings
|-activate|p1a: Sizzlin' Hot Wings|move: Protect
|
|-weather|SunnyDay|[upkeep]
|-ability|p1a: Sizzlin' Hot Wings|Speed Boost|boost
|-boost|p1a: Sizzlin' Hot Wings|spe|1
|upkeep
|turn|5
|
|t:|1776042441
|move|p1a: Sizzlin' Hot Wings|Swords Dance|p1a: Sizzlin' Hot Wings
|-boost|p1a: Sizzlin' Hot Wings|atk|2
|move|p2a: Pecharunt|Malignant Chain|p1a: Sizzlin' Hot Wings
|-damage|p1a: Sizzlin' Hot Wings|49/100
|-status|p1a: Sizzlin' Hot Wings|tox
|-start|p1a: Sizzlin' Hot Wings|confusion|[from] ability: Poison Puppeteer|[of] p2a: Pecharunt
|
|-weather|SunnyDay|[upkeep]
|-damage|p1a: Sizzlin' Hot Wings|43/100 tox|[from] psn
|-ability|p1a: Sizzlin' Hot Wings|Speed Boost|boost
|-boost|p1a: Sizzlin' Hot Wings|spe|1
|upkeep
|turn|6
|
|t:|1776042458
|-activate|p1a: Sizzlin' Hot Wings|confusion
|move|p1a: Sizzlin' Hot Wings|Flare Blitz|p2a: Pecharunt
|-damage|p2a: Pecharunt|0 fnt
|faint|p2a: Pecharunt
|-damage|p1a: Sizzlin' Hot Wings|2/100 tox|[from] Recoil
|-damage|p1a: Sizzlin' Hot Wings|0 fnt|[from] item: Life Orb
|faint|p1a: Sizzlin' Hot Wings
|
|-weather|SunnyDay|[upkeep]
|upkeep
|
|t:|1776042474
|switch|p1a: The better one?|Iron Moth|100/100
|switch|p2a: Dragapult|Dragapult, M|100/100
|-enditem|p1a: The better one?|Booster Energy
|-activate|p1a: The better one?|ability: Quark Drive|[fromitem]
|-start|p1a: The better one?|quarkdrivespe
|turn|7
|
|t:|1776042486
|-terastallize|p2a: Dragapult|Dragon
|move|p1a: The better one?|Fiery Dance|p2a: Dragapult
|-resisted|p2a: Dragapult
|-crit|p2a: Dragapult
|-damage|p2a: Dragapult|38/100
|-boost|p1a: The better one?|spa|1
|move|p2a: Dragapult|Dragon Pulse|p1a: The better one?
|-damage|p1a: The better one?|23/100
|
|-weather|SunnyDay|[upkeep]
|upkeep
|turn|8
|
|t:|1776042500
|switch|p2a: Spiritomb|Spiritomb, M|100/100
|-ability|p2a: Spiritomb|Pressure
|move|p1a: The better one?|Fiery Dance|p2a: Spiritomb
|-damage|p2a: Spiritomb|26/100
|-boost|p1a: The better one?|spa|1
|
|-weather|none
|-heal|p2a: Spiritomb|33/100|[from] item: Leftovers
|upkeep
|turn|9
|
|t:|1776042507
|move|p2a: Spiritomb|Sucker Punch|p1a: The better one?
|-damage|p1a: The better one?|0 fnt
|faint|p1a: The better one?
|-end|p1a: The better one?|Quark Drive|[silent]
|
|-heal|p2a: Spiritomb|39/100|[from] item: Leftovers
|upkeep
|
|t:|1776042517
|switch|p1a: Beru|Slither Wing, shiny|100/100
|turn|10
|
|t:|1776042528
|move|p1a: Beru|U-turn|p2a: Spiritomb
|-damage|p2a: Spiritomb|0 fnt
|faint|p2a: Spiritomb
|
|t:|1776042531
|-end|p1a: Beru|Protosynthesis|[silent]
|switch|p1a: Aruarian|Ninetales, M, shiny|100/100|[from] U-turn
|-weather|SunnyDay|[from] ability: Drought|[of] p1a: Aruarian
|
|-weather|SunnyDay|[upkeep]
|upkeep
|
|t:|1776042542
|switch|p2a: Dragapult|Dragapult, M, tera:Dragon|38/100
|turn|11
|
|t:|1776042548
|switch|p1a: Covet&Lust|Hatterene, F, shiny|1/100
|move|p2a: Dragapult|Dragon Pulse|p1a: Covet&Lust
|-immune|p1a: Covet&Lust
|
|-weather|SunnyDay|[upkeep]
|upkeep
|turn|12
|
|t:|1776042552
|switch|p2a: Brambleghast|Brambleghast, F|100/100
|move|p1a: Covet&Lust|Draining Kiss|p2a: Brambleghast
|-damage|p2a: Brambleghast|62/100
|-heal|p1a: Covet&Lust|24/100|[from] drain|[of] p2a: Brambleghast
|
|-weather|SunnyDay|[upkeep]
|upkeep
|turn|13
|
|t:|1776042560
|move|p2a: Brambleghast|Rapid Spin|p1a: Covet&Lust
|-damage|p1a: Covet&Lust|11/100
|-boost|p2a: Brambleghast|spe|1
|move|p1a: Covet&Lust|Mystical Fire|p2a: Brambleghast
|-supereffective|p2a: Brambleghast
|-damage|p2a: Brambleghast|0 fnt
|faint|p2a: Brambleghast
|
|-weather|SunnyDay|[upkeep]
|upkeep
|
|t:|1776042568
|switch|p2a: Dragapult|Dragapult, M, tera:Dragon|38/100
|turn|14
|
|t:|1776042571
|move|p2a: Dragapult|U-turn|p1a: Covet&Lust
|-damage|p1a: Covet&Lust|0 fnt
|faint|p1a: Covet&Lust
|
|t:|1776042573
|switch|p2a: Mimikyu|Mimikyu, M|100/100|[from] U-turn
|
|-weather|SunnyDay|[upkeep]
|upkeep
|
|t:|1776042579
|switch|p1a: Renewal|Walking Wake|100/100
|-activate|p1a: Renewal|ability: Protosynthesis
|-start|p1a: Renewal|protosynthesisspe
|turn|15
|
|t:|1776042583
|move|p1a: Renewal|Flip Turn|p2a: Mimikyu
|-activate|p2a: Mimikyu|ability: Disguise
|-damage|p2a: Mimikyu|100/100
|detailschange|p2a: Mimikyu|Mimikyu-Busted, M
|-damage|p2a: Mimikyu|88/100|[from] pokemon: Mimikyu-Busted
|
|t:|1776042590
|-end|p1a: Renewal|Protosynthesis|[silent]
|switch|p1a: Aruarian|Ninetales, M, shiny|100/100|[from] Flip Turn
|move|p2a: Mimikyu|Play Rough|p1a: Aruarian
|-resisted|p1a: Aruarian
|-damage|p1a: Aruarian|73/100
|-damage|p2a: Mimikyu|78/100|[from] item: Life Orb
|
|-weather|SunnyDay|[upkeep]
|upkeep
|turn|16
|
|t:|1776042604
|move|p1a: Aruarian|Will-O-Wisp|p2a: Mimikyu
|-status|p2a: Mimikyu|brn
|move|p2a: Mimikyu|Drain Punch|p1a: Aruarian
|-damage|p1a: Aruarian|57/100
|-heal|p2a: Mimikyu|90/100 brn|[from] drain|[of] p1a: Aruarian
|-damage|p2a: Mimikyu|80/100 brn|[from] item: Life Orb
|
|-weather|SunnyDay|[upkeep]
|-damage|p2a: Mimikyu|74/100 brn|[from] brn
|upkeep
|turn|17
|
|t:|1776042611
|move|p1a: Aruarian|Overheat|p2a: Mimikyu|[miss]
|-miss|p1a: Aruarian|p2a: Mimikyu
|move|p2a: Mimikyu|Swords Dance|p2a: Mimikyu
|-boost|p2a: Mimikyu|atk|2
|
|-weather|none
|-damage|p2a: Mimikyu|68/100 brn|[from] brn
|upkeep
|turn|18
|
|t:|1776042616
|switch|p1a: Renewal|Walking Wake|100/100
|move|p2a: Mimikyu|Drain Punch|p1a: Renewal
|-damage|p1a: Renewal|72/100
|-heal|p2a: Mimikyu|88/100 brn|[from] drain|[of] p1a: Renewal
|-damage|p2a: Mimikyu|78/100 brn|[from] item: Life Orb
|
|-damage|p2a: Mimikyu|72/100 brn|[from] brn
|upkeep
|turn|19
|
|t:|1776042626
|move|p1a: Renewal|Hydro Steam|p2a: Mimikyu
|-damage|p2a: Mimikyu|0 fnt
|faint|p2a: Mimikyu
|
|upkeep
|
|t:|1776042629
|switch|p2a: Dragapult|Dragapult, M, tera:Dragon|38/100
|turn|20
|
|t:|1776042631
|-end|p1a: Renewal|Protosynthesis|[silent]
|switch|p1a: Aruarian|Ninetales, M, shiny|57/100
|-weather|SunnyDay|[from] ability: Drought|[of] p1a: Aruarian
|move|p2a: Dragapult|Dragon Pulse|p1a: Aruarian
|-damage|p1a: Aruarian|0 fnt
|faint|p1a: Aruarian
|
|-weather|SunnyDay|[upkeep]
|upkeep
|
|t:|1776042637
|switch|p1a: Beru|Slither Wing, shiny|100/100
|-activate|p1a: Beru|ability: Protosynthesis
|-start|p1a: Beru|protosynthesisatk
|turn|21
|
|t:|1776042640
|move|p1a: Beru|First Impression|p2a: Dragapult
|-damage|p2a: Dragapult|0 fnt
|faint|p2a: Dragapult
|
|win|AlienXotic
|raw|AlienXotic's rating: 1313 &rarr; <strong>1334</strong><br />(+21 for winning)
|raw|Ramiro95's rating: 1333 &rarr; <strong>1312</strong><br />(-21 for losing)
|l|☆AlienXotic
|player|p1|
|l|☆Ramiro95
|player|p2|
