|html|<div class="broadcast-blue"><strong>[Gen 9] OU is currently suspecting Tera Blast! For information on how to participate check out the <a href="https://www.smogon.com/tools/suspects/view/200">suspect thread</a>.</strong></div>
|j|☆SlNGULARlTY
|j|☆AmanRises
|t:|1776283567
|gametype|singles
|player|p1|SlNGULARlTY|koga|1461
|player|p2|AmanRises|marshal|1425
|gen|9
|tier|[Gen 9] OU
|rated|
|rule|HP Percentage Mod: HP is shown in percentages
|rule|Endless Battle Clause: Forcing endless battles is banned
|rule|Species Clause: Limit one of each Pokémon
|rule|OHKO Clause: OHKO moves are banned
|rule|Evasion Items Clause: Evasion items are banned
|rule|Evasion Moves Clause: Evasion moves are banned
|rule|Evasion Abilities Clause: Evasion abilities are banned
|rule|Sleep Moves Clause: Sleep-inducing moves are banned
|clearpoke
|poke|p1|Ting-Lu|
|poke|p1|Ogerpon-Wellspring, F|
|poke|p1|Gholdengo|
|poke|p1|Dragonite, M|
|poke|p1|Moltres|
|poke|p1|Primarina, F|
|poke|p2|Torkoal, F|
|poke|p2|Venusaur, F|
|poke|p2|Garchomp, M|
|poke|p2|Heatran, M|
|poke|p2|Snorlax, M|
|poke|p2|Great Tusk|
|teampreview
|inactive|Battle timer is ON: inactive players will automatically lose when time's up. (requested by SlNGULARlTY)
|
|t:|1776283570
|teamsize|p1|6
|teamsize|p2|6
|start
|switch|p1a: Ogerpon|Ogerpon-Wellspring, F|100/100
|switch|p2a: Snorlax|Snorlax, M|100/100
|turn|1
|
|t:|1776283576
|switch|p2a: Torkoal|Torkoal, F, shiny|100/100
|-weather|SunnyDay|[from] ability: Drought|[of] p2a: Torkoal
|move|p1a: Ogerpon|Ivy Cudgel|p2a: Torkoal|[anim] Ivy Cudgel Water
|-supereffective|p2a: Torkoal
|-damage|p2a: Torkoal|68/100
|
|-weather|SunnyDay|[upkeep]
|upkeep
|turn|2
|
|t:|1776283582
|switch|p1a: Moltres|Moltres|100/100
|move|p2a: Torkoal|Stealth Rock|p1a: Moltres
|-sidestart|p1: SlNGULARlTY|move: Stealth Rock
|
|-weather|SunnyDay|[upkeep]
|upkeep
|turn|3
|
|t:|1776283588
|switch|p2a: Snorlax|Snorlax, M|100/100
|move|p1a: Moltres|Flamethrower|p2a: Snorlax
|-damage|p2a: Snorlax|87/100
|
|-weather|SunnyDay|[upkeep]
|-heal|p2a: Snorlax|93/100|[from] item: Leftovers
|upkeep
|turn|4
|
|t:|1776283591
|move|p2a: Snorlax|Curse|p2a: Snorlax
|-unboost|p2a: Snorlax|spe|1
|-boost|p2a: Snorlax|atk|1
|-boost|p2a: Snorlax|def|1
|move|p1a: Moltres|Roar|p2a: Snorlax
|drag|p2a: Garchomp|Garchomp, M|100/100
|
|-weather|SunnyDay|[upkeep]
|upkeep
|turn|5
|
|t:|1776283594
|move|p1a: Moltres|U-turn|p2a: Garchomp
|-damage|p2a: Garchomp|92/100
|-damage|p1a: Moltres|88/100|[from] ability: Rough Skin|[of] p2a: Garchomp
|-damage|p1a: Moltres|72/100|[from] item: Rocky Helmet|[of] p2a: Garchomp
|
|t:|1776283597
|switch|p1a: Ting-Lu|Ting-Lu|100/100|[from] U-turn
|-damage|p1a: Ting-Lu|94/100|[from] Stealth Rock
|-ability|p1a: Ting-Lu|Vessel of Ruin
|move|p2a: Garchomp|Dragon Tail|p1a: Ting-Lu
|-damage|p1a: Ting-Lu|79/100
|drag|p1a: Primarina|Primarina, F|100/100
|-damage|p1a: Primarina|88/100|[from] Stealth Rock
|
|-weather|SunnyDay|[upkeep]
|upkeep
|turn|6
|
|t:|1776283600
|switch|p2a: Snorlax|Snorlax, M|93/100
|move|p1a: Primarina|Flip Turn|p2a: Snorlax
|-damage|p2a: Snorlax|86/100
|
|t:|1776283605
|switch|p1a: Ting-Lu|Ting-Lu|79/100|[from] Flip Turn
|-damage|p1a: Ting-Lu|73/100|[from] Stealth Rock
|-ability|p1a: Ting-Lu|Vessel of Ruin
|
|-weather|SunnyDay|[upkeep]
|-heal|p1a: Ting-Lu|79/100|[from] item: Leftovers
|-heal|p2a: Snorlax|92/100|[from] item: Leftovers
|upkeep
|turn|7
|
|t:|1776283609
|switch|p2a: Garchomp|Garchomp, M|92/100
|move|p1a: Ting-Lu|Stealth Rock|p2a: Garchomp
|-sidestart|p2: AmanRises|move: Stealth Rock
|
|-weather|SunnyDay|[upkeep]
|-heal|p1a: Ting-Lu|85/100|[from] item: Leftovers
|upkeep
|turn|8
|
|t:|1776283614
|move|p2a: Garchomp|Spikes|p1a: Ting-Lu
|-sidestart|p1: SlNGULARlTY|Spikes
|move|p1a: Ting-Lu|Ruination|p2a: Garchomp
|-damage|p2a: Garchomp|46/100
|
|-weather|none
|-heal|p1a: Ting-Lu|92/100|[from] item: Leftovers
|upkeep
|turn|9
|
|t:|1776283619
|move|p1a: Ting-Lu|Ruination|p2a: Garchomp
|-damage|p2a: Garchomp|23/100
|move|p2a: Garchomp|Dragon Tail|p1a: Ting-Lu
|-damage|p1a: Ting-Lu|79/100
|drag|p1a: Primarina|Primarina, F|88/100
|-damage|p1a: Primarina|76/100|[from] Stealth Rock
|-damage|p1a: Primarina|63/100|[from] Spikes
|
|upkeep
|turn|10
|
|t:|1776283630
|move|p2a: Garchomp|Earthquake|p1a: Primarina
|-crit|p1a: Primarina
|-damage|p1a: Primarina|0 fnt
|faint|p1a: Primarina
|
|upkeep
|
|t:|1776283637
|switch|p1a: Dragonite|Dragonite, M|100/100
|turn|11
|
|t:|1776283640
|move|p1a: Dragonite|Encore|p2a: Garchomp
|-start|p2a: Garchomp|Encore
|move|p2a: Garchomp|Earthquake|p1a: Dragonite
|-immune|p1a: Dragonite
|
|upkeep
|turn|12
|
|t:|1776283644
|switch|p2a: Torkoal|Torkoal, F, shiny|68/100
|-damage|p2a: Torkoal|44/100|[from] Stealth Rock
|-weather|SunnyDay|[from] ability: Drought|[of] p2a: Torkoal
|move|p1a: Dragonite|Dragon Dance|p1a: Dragonite
|-boost|p1a: Dragonite|atk|1
|-boost|p1a: Dragonite|spe|1
|
|-weather|SunnyDay|[upkeep]
|upkeep
|turn|13
|
|t:|1776283649
|move|p1a: Dragonite|Earthquake|p2a: Torkoal
|-supereffective|p2a: Torkoal
|-damage|p2a: Torkoal|0 fnt
|faint|p2a: Torkoal
|
|-weather|SunnyDay|[upkeep]
|upkeep
|
|t:|1776283655
|switch|p2a: Great Tusk|Great Tusk|100/100
|-damage|p2a: Great Tusk|98/100|[from] Stealth Rock
|-activate|p2a: Great Tusk|ability: Protosynthesis
|-start|p2a: Great Tusk|protosynthesisatk
|turn|14
|
|t:|1776283666
|move|p2a: Great Tusk|Ice Spinner|p1a: Dragonite
|-supereffective|p1a: Dragonite
|-damage|p1a: Dragonite|11/100
|move|p1a: Dragonite|Dragon Dance|p1a: Dragonite
|-boost|p1a: Dragonite|atk|1
|-boost|p1a: Dragonite|spe|1
|
|-weather|SunnyDay|[upkeep]
|upkeep
|turn|15
|
|t:|1776283672
|move|p1a: Dragonite|Earthquake|p2a: Great Tusk
|-damage|p2a: Great Tusk|37/100
|move|p2a: Great Tusk|Ice Spinner|p1a: Dragonite
|-supereffective|p1a: Dragonite
|-damage|p1a: Dragonite|0 fnt
|faint|p1a: Dragonite
|
|-weather|SunnyDay|[upkeep]
|upkeep
|
|t:|1776283676
|switch|p1a: Gholdengo|Gholdengo|100/100
|-damage|p1a: Gholdengo|94/100|[from] Stealth Rock
|-damage|p1a: Gholdengo|82/100|[from] Spikes
|turn|16
|
|t:|1776283686
|-end|p2a: Great Tusk|Protosynthesis|[silent]
|switch|p2a: Heatran|Heatran, M|100/100
|-damage|p2a: Heatran|88/100|[from] Stealth Rock
|move|p1a: Gholdengo|Shadow Ball|p2a: Heatran
|-damage|p2a: Heatran|62/100
|
|-weather|SunnyDay|[upkeep]
|-heal|p2a: Heatran|69/100|[from] item: Leftovers
|upkeep
|turn|17
|
|t:|1776283695
|switch|p1a: Moltres|Moltres|72/100
|move|p2a: Heatran|Magma Storm|p1a: Moltres
|-resisted|p1a: Moltres
|-damage|p1a: Moltres|38/100
|-activate|p1a: Moltres|move: Magma Storm|[of] p2a: Heatran
|
|-weather|SunnyDay|[upkeep]
|-heal|p2a: Heatran|75/100|[from] item: Leftovers
|-damage|p1a: Moltres|25/100|[from] move: Magma Storm|[partiallytrapped]
|upkeep
|turn|18
|
|t:|1776283701
|move|p1a: Moltres|Roost|p1a: Moltres
|-heal|p1a: Moltres|75/100
|-singleturn|p1a: Moltres|move: Roost
|move|p2a: Heatran|Taunt|p1a: Moltres
|-start|p1a: Moltres|move: Taunt
|
|-weather|SunnyDay|[upkeep]
|-heal|p2a: Heatran|81/100|[from] item: Leftovers
|-damage|p1a: Moltres|63/100|[from] move: Magma Storm|[partiallytrapped]
|upkeep
|turn|19
|
|t:|1776283706
|move|p1a: Moltres|U-turn|p2a: Heatran
|-resisted|p2a: Heatran
|-damage|p2a: Heatran|78/100
|
|t:|1776283709
|switch|p1a: Ting-Lu|Ting-Lu|79/100|[from] U-turn
|-damage|p1a: Ting-Lu|72/100|[from] Stealth Rock
|-damage|p1a: Ting-Lu|60/100|[from] Spikes
|-ability|p1a: Ting-Lu|Vessel of Ruin
|move|p2a: Heatran|Magma Storm|p1a: Ting-Lu
|-damage|p1a: Ting-Lu|31/100
|-activate|p1a: Ting-Lu|move: Magma Storm|[of] p2a: Heatran
|
|-weather|none
|-heal|p2a: Heatran|84/100|[from] item: Leftovers
|-heal|p1a: Ting-Lu|37/100|[from] item: Leftovers
|-damage|p1a: Ting-Lu|25/100|[from] move: Magma Storm|[partiallytrapped]
|upkeep
|turn|20
|
|t:|1776283720
|switch|p2a: Garchomp|Garchomp, M|23/100
|-damage|p2a: Garchomp|17/100|[from] Stealth Rock
|move|p1a: Ting-Lu|Earthquake|p2a: Garchomp
|-damage|p2a: Garchomp|0 fnt
|faint|p2a: Garchomp
|
|-heal|p1a: Ting-Lu|31/100|[from] item: Leftovers
|-end|p1a: Ting-Lu|Magma Storm|[partiallytrapped]|[silent]
|upkeep
|
|t:|1776283724
|switch|p2a: Great Tusk|Great Tusk|37/100
|-damage|p2a: Great Tusk|34/100|[from] Stealth Rock
|turn|21
|
|t:|1776283736
|switch|p1a: Gholdengo|Gholdengo|82/100
|-damage|p1a: Gholdengo|76/100|[from] Stealth Rock
|-damage|p1a: Gholdengo|64/100|[from] Spikes
|move|p2a: Great Tusk|Ice Spinner|p1a: Gholdengo
|-resisted|p1a: Gholdengo
|-damage|p1a: Gholdengo|47/100
|
|upkeep
|turn|22
|
|t:|1776283740
|-end|p2a: Great Tusk|Protosynthesis|[silent]
|switch|p2a: Heatran|Heatran, M|84/100
|-damage|p2a: Heatran|72/100|[from] Stealth Rock
|move|p1a: Gholdengo|Trick|p2a: Heatran
|-activate|p1a: Gholdengo|move: Trick|[of] p2a: Heatran
|-item|p2a: Heatran|Choice Scarf|[from] move: Trick
|-item|p1a: Gholdengo|Leftovers|[from] move: Trick
|
|-heal|p1a: Gholdengo|53/100|[from] item: Leftovers
|upkeep
|turn|23
|
|t:|1776283749
|switch|p1a: Moltres|Moltres|63/100
|move|p2a: Heatran|Magma Storm|p1a: Moltres
|-resisted|p1a: Moltres
|-damage|p1a: Moltres|41/100
|-activate|p1a: Moltres|move: Magma Storm|[of] p2a: Heatran
|
|-damage|p1a: Moltres|28/100|[from] move: Magma Storm|[partiallytrapped]
|upkeep
|turn|24
|
|t:|1776283754
|move|p2a: Heatran|Magma Storm|p1a: Moltres|[miss]
|-miss|p2a: Heatran|p1a: Moltres
|move|p1a: Moltres|Roost|p1a: Moltres
|-heal|p1a: Moltres|79/100
|-singleturn|p1a: Moltres|move: Roost
|
|-damage|p1a: Moltres|66/100|[from] move: Magma Storm|[partiallytrapped]
|upkeep
|turn|25
|
|t:|1776283759
|move|p2a: Heatran|Magma Storm|p1a: Moltres
|-resisted|p1a: Moltres
|-crit|p1a: Moltres
|-damage|p1a: Moltres|32/100
|move|p1a: Moltres|Roost|p1a: Moltres
|-heal|p1a: Moltres|82/100
|-singleturn|p1a: Moltres|move: Roost
|
|-damage|p1a: Moltres|70/100|[from] move: Magma Storm|[partiallytrapped]
|upkeep
|turn|26
|
|t:|1776283764
|switch|p2a: Great Tusk|Great Tusk|34/100
|-damage|p2a: Great Tusk|31/100|[from] Stealth Rock
|move|p1a: Moltres|Roost|p1a: Moltres
|-heal|p1a: Moltres|100/100
|-singleturn|p1a: Moltres|move: Roost
|
|-end|p1a: Moltres|Magma Storm|[partiallytrapped]|[silent]
|upkeep
|turn|27
|
|t:|1776283767
|switch|p1a: Ting-Lu|Ting-Lu|31/100
|-damage|p1a: Ting-Lu|25/100|[from] Stealth Rock
|-damage|p1a: Ting-Lu|13/100|[from] Spikes
|-ability|p1a: Ting-Lu|Vessel of Ruin
|move|p2a: Great Tusk|Knock Off|p1a: Ting-Lu
|-resisted|p1a: Ting-Lu
|-damage|p1a: Ting-Lu|3/100
|-enditem|p1a: Ting-Lu|Leftovers|[from] move: Knock Off|[of] p2a: Great Tusk
|
|upkeep
|turn|28
|
|t:|1776283777
|move|p2a: Great Tusk|Knock Off|p1a: Ting-Lu
|-resisted|p1a: Ting-Lu
|-damage|p1a: Ting-Lu|0 fnt
|faint|p1a: Ting-Lu
|
|upkeep
|
|t:|1776283778
|switch|p1a: Ogerpon|Ogerpon-Wellspring, F|100/100
|-damage|p1a: Ogerpon|88/100|[from] Stealth Rock
|-damage|p1a: Ogerpon|76/100|[from] Spikes
|turn|29
|
|t:|1776283786
|move|p2a: Great Tusk|Knock Off|p1a: Ogerpon
|-damage|p1a: Ogerpon|41/100
|move|p1a: Ogerpon|Swords Dance|p1a: Ogerpon
|-boost|p1a: Ogerpon|atk|2
|
|upkeep
|turn|30
|
|t:|1776283794
|-end|p2a: Great Tusk|Protosynthesis|[silent]
|switch|p2a: Venusaur|Venusaur, F|100/100
|-damage|p2a: Venusaur|88/100|[from] Stealth Rock
|move|p1a: Ogerpon|Synthesis|p1a: Ogerpon
|-heal|p1a: Ogerpon|91/100
|
|upkeep
|turn|31
|
|t:|1776283799
|-terastallize|p1a: Ogerpon|Water
|detailschange|p1a: Ogerpon|Ogerpon-Wellspring-Tera, F, tera:Water
|-ability|p1a: Ogerpon|Embody Aspect (Wellspring)|boost
|-boost|p1a: Ogerpon|spd|1
|move|p1a: Ogerpon|Ivy Cudgel|p2a: Venusaur|[anim] Ivy Cudgel Water
|-resisted|p2a: Venusaur
|-damage|p2a: Venusaur|0 fnt
|faint|p2a: Venusaur
|
|upkeep
|
|t:|1776283803
|switch|p2a: Great Tusk|Great Tusk|31/100
|-damage|p2a: Great Tusk|28/100|[from] Stealth Rock
|turn|32
|
|t:|1776283806
|switch|p1a: Moltres|Moltres|100/100
|move|p2a: Great Tusk|Close Combat|p1a: Moltres
|-resisted|p1a: Moltres
|-damage|p1a: Moltres|78/100
|-unboost|p2a: Great Tusk|def|1
|-unboost|p2a: Great Tusk|spd|1
|-status|p2a: Great Tusk|brn|[from] ability: Flame Body|[of] p1a: Moltres
|
|-damage|p2a: Great Tusk|22/100 brn|[from] brn
|upkeep
|turn|33
|
|t:|1776283813
|-end|p2a: Great Tusk|Protosynthesis|[silent]
|switch|p2a: Snorlax|Snorlax, M|92/100
|-damage|p2a: Snorlax|80/100|[from] Stealth Rock
|move|p1a: Moltres|U-turn|p2a: Snorlax
|-damage|p2a: Snorlax|66/100
|
|t:|1776283816
|switch|p1a: Ogerpon|Ogerpon-Wellspring-Tera, F, tera:Water|91/100|[from] U-turn
|-damage|p1a: Ogerpon|78/100|[from] Stealth Rock
|-damage|p1a: Ogerpon|66/100|[from] Spikes
|-ability|p1a: Ogerpon|Embody Aspect (Wellspring)|boost
|-boost|p1a: Ogerpon|spd|1
|
|-heal|p2a: Snorlax|72/100|[from] item: Leftovers
|upkeep
|turn|34
|
|t:|1776283827
|-terastallize|p2a: Snorlax|Fairy
|move|p1a: Ogerpon|Ivy Cudgel|p2a: Snorlax|[anim] Ivy Cudgel Water
|-damage|p2a: Snorlax|0 fnt
|faint|p2a: Snorlax
|
|upkeep
|c|☆AmanRises|gg
|-message|AmanRises forfeited.
|
|win|SlNGULARlTY
|raw|SlNGULARlTY's rating: 1461 &rarr; <strong>1479</strong><br />(+18 for winning)
|raw|AmanRises's rating: 1425 &rarr; <strong>1407</strong><br />(-18 for losing)
|l|☆AmanRises
|player|p2|
|l|☆SlNGULARlTY
|player|p1|
|j|☆SlNGULARlTY
|player|p1|SlNGULARlTY|koga|
