|html|<div class="broadcast-blue"><strong>[Gen 9] OU is currently suspecting Tera Blast! For information on how to participate check out the <a href="https://www.smogon.com/tools/suspects/view/200">suspect thread</a>.</strong></div>
|j|☆elpets
|j|☆sheisticle crash
|t:|1776107381
|gametype|singles
|player|p1|elpets|infielder|1698
|player|p2|sheisticle crash|1|1710
|gen|9
|tier|[Gen 9] OU
|rated|
|rule|HP Percentage Mod: HP is shown in percentages
|rule|Endless Battle Clause: Forcing endless battles is banned
|rule|Species Clause: Limit one of each Pokémon
|rule|OHKO Clause: OHKO moves are banned
|rule|Evasion Items Clause: Evasion items are banned
|rule|Evasion Moves Clause: Evasion moves are banned
|rule|Evasion Abilities Clause: Evasion abilities are banned
|rule|Sleep Moves Clause: Sleep-inducing moves are banned
|clearpoke
|poke|p1|Hatterene, F|
|poke|p1|Dragonite, F|
|poke|p1|Breloom, F|
|poke|p1|Azumarill, F|
|poke|p1|Great Tusk|
|poke|p1|Skeledirge, F|
|poke|p2|Garganacl, F|
|poke|p2|Dragapult, F|
|poke|p2|Ogerpon-Wellspring, F|
|poke|p2|Zapdos|
|poke|p2|Zamazenta-*|
|poke|p2|Iron Treads|
|teampreview
|inactive|Battle timer is ON: inactive players will automatically lose when time's up. (requested by elpets)
|inactive|sheisticle crash has 120 seconds left.
|inactive|sheisticle crash has 90 seconds left.
|
|t:|1776107459
|teamsize|p1|6
|teamsize|p2|6
|start
|switch|p1a: Azumarill|Azumarill, F|100/100
|switch|p2a: Ogerpon|Ogerpon-Wellspring, F|100/100
|turn|1
|inactive|elpets has 120 seconds left.
|j| Too Many Caps
|inactive|elpets has 90 seconds left.
|inactive|elpets has 60 seconds left.
|inactive|elpets has 30 seconds left.
|inactive|elpets has 20 seconds left.
|inactive|elpets has 15 seconds left.
|inactive|elpets has 10 seconds left.
|
|t:|1776107602
|move|p2a: Ogerpon|Horn Leech|p1a: Azumarill
|-supereffective|p1a: Azumarill
|-damage|p1a: Azumarill|17/100
|move|p1a: Azumarill|Play Rough|p2a: Ogerpon
|-damage|p2a: Ogerpon|20/100
|
|upkeep
|turn|2
|inactive|elpets has 20 seconds left this turn.
|
|t:|1776107614
|move|p2a: Ogerpon|U-turn|p1a: Azumarill
|-resisted|p1a: Azumarill
|-damage|p1a: Azumarill|2/100
|
|t:|1776107617
|switch|p2a: Iron Treads|Iron Treads|100/100|[from] U-turn
|move|p1a: Azumarill|Knock Off|p2a: Iron Treads
|-damage|p2a: Iron Treads|67/100
|-enditem|p2a: Iron Treads|Leftovers|[from] move: Knock Off|[of] p1a: Azumarill
|
|upkeep
|turn|3
|inactive|elpets has 30 seconds left.
|
|t:|1776107624
|move|p2a: Iron Treads|Knock Off|p1a: Azumarill
|-resisted|p1a: Azumarill
|-damage|p1a: Azumarill|0 fnt
|-enditem|p1a: Azumarill|Assault Vest|[from] move: Knock Off|[of] p2a: Iron Treads
|faint|p1a: Azumarill
|
|upkeep
|
|t:|1776107626
|switch|p1a: Hatterene|Hatterene, F|100/100
|turn|4
|
|t:|1776107639
|move|p2a: Iron Treads|Knock Off|p1a: Hatterene
|-damage|p1a: Hatterene|71/100
|-enditem|p1a: Hatterene|Leftovers|[from] move: Knock Off|[of] p2a: Iron Treads
|move|p1a: Hatterene|Trick Room|p1a: Hatterene
|-fieldstart|move: Trick Room|[of] p1a: Hatterene
|
|upkeep
|turn|5
|
|t:|1776107657
|-end|p2a: Iron Treads|Quark Drive|[silent]
|switch|p2a: Garganacl|Garganacl, F|100/100
|move|p1a: Hatterene|Mystical Fire|p2a: Garganacl
|-resisted|p2a: Garganacl
|-damage|p2a: Garganacl|90/100
|-unboost|p2a: Garganacl|spa|1
|
|-heal|p2a: Garganacl|97/100|[from] item: Leftovers
|upkeep
|turn|6
|
|t:|1776107672
|move|p1a: Hatterene|Draining Kiss|p2a: Garganacl
|-damage|p2a: Garganacl|78/100
|-heal|p1a: Hatterene|89/100|[from] drain|[of] p2a: Garganacl
|move|p2a: Garganacl|Salt Cure|p1a: Hatterene
|-damage|p1a: Hatterene|73/100
|-start|p1a: Hatterene|Salt Cure
|
|-heal|p2a: Garganacl|85/100|[from] item: Leftovers
|-damage|p1a: Hatterene|60/100|[from] Salt Cure
|upkeep
|turn|7
|
|t:|1776107682
|move|p1a: Hatterene|Draining Kiss|p2a: Garganacl
|-damage|p2a: Garganacl|66/100
|-heal|p1a: Hatterene|78/100|[from] drain|[of] p2a: Garganacl
|move|p2a: Garganacl|Iron Defense|p2a: Garganacl
|-boost|p2a: Garganacl|def|2
|
|-heal|p2a: Garganacl|72/100|[from] item: Leftovers
|-damage|p1a: Hatterene|66/100|[from] Salt Cure
|upkeep
|turn|8
|
|t:|1776107691
|move|p1a: Hatterene|Draining Kiss|p2a: Garganacl
|-damage|p2a: Garganacl|51/100
|-heal|p1a: Hatterene|86/100|[from] drain|[of] p2a: Garganacl
|move|p2a: Garganacl|Recover|p2a: Garganacl
|-heal|p2a: Garganacl|100/100
|
|-damage|p1a: Hatterene|73/100|[from] Salt Cure
|-fieldend|move: Trick Room
|upkeep
|turn|9
|
|t:|1776107702
|move|p2a: Garganacl|Body Press|p1a: Hatterene
|-resisted|p1a: Hatterene
|-damage|p1a: Hatterene|61/100
|move|p1a: Hatterene|Draining Kiss|p2a: Garganacl
|-damage|p2a: Garganacl|81/100
|-heal|p1a: Hatterene|79/100|[from] drain|[of] p2a: Garganacl
|
|-heal|p2a: Garganacl|87/100|[from] item: Leftovers
|-damage|p1a: Hatterene|67/100|[from] Salt Cure
|upkeep
|turn|10
|
|t:|1776107717
|switch|p2a: Iron Treads|Iron Treads|67/100
|switch|p1a: Skeledirge|Skeledirge, F|100/100
|
|upkeep
|turn|11
|
|t:|1776107725
|-end|p2a: Iron Treads|Quark Drive|[silent]
|switch|p2a: Garganacl|Garganacl, F|87/100
|move|p1a: Skeledirge|Torch Song|p2a: Garganacl
|-resisted|p2a: Garganacl
|-damage|p2a: Garganacl|78/100
|-boost|p1a: Skeledirge|spa|1
|
|-heal|p2a: Garganacl|84/100|[from] item: Leftovers
|upkeep
|turn|12
|
|t:|1776107727
|move|p1a: Skeledirge|Torch Song|p2a: Garganacl
|-resisted|p2a: Garganacl
|-damage|p2a: Garganacl|68/100
|-boost|p1a: Skeledirge|spa|1
|move|p2a: Garganacl|Salt Cure|p1a: Skeledirge
|-supereffective|p1a: Skeledirge
|-damage|p1a: Skeledirge|83/100
|
|-heal|p2a: Garganacl|74/100|[from] item: Leftovers
|upkeep
|turn|13
|
|t:|1776107750
|move|p1a: Skeledirge|Shadow Ball|p2a: Garganacl
|-damage|p2a: Garganacl|56/100
|move|p2a: Garganacl|Iron Defense|p2a: Garganacl
|-boost|p2a: Garganacl|def|2
|
|-heal|p2a: Garganacl|63/100|[from] item: Leftovers
|upkeep
|turn|14
|
|t:|1776107753
|move|p1a: Skeledirge|Torch Song|p2a: Garganacl
|-resisted|p2a: Garganacl
|-damage|p2a: Garganacl|43/100
|-boost|p1a: Skeledirge|spa|1
|move|p2a: Garganacl|Recover|p2a: Garganacl
|-heal|p2a: Garganacl|93/100
|
|-heal|p2a: Garganacl|99/100|[from] item: Leftovers
|upkeep
|turn|15
|
|t:|1776107773
|switch|p2a: Iron Treads|Iron Treads|67/100
|move|p1a: Skeledirge|Torch Song|p2a: Iron Treads
|-supereffective|p2a: Iron Treads
|-damage|p2a: Iron Treads|0 fnt
|-boost|p1a: Skeledirge|spa|1
|faint|p2a: Iron Treads
|-end|p2a: Iron Treads|Quark Drive|[silent]
|
|upkeep
|
|t:|1776107775
|switch|p2a: Dragapult|Dragapult, F|100/100
|turn|16
|
|t:|1776107803
|switch|p1a: Hatterene|Hatterene, F|67/100
|move|p2a: Dragapult|U-turn|p1a: Hatterene
|-damage|p1a: Hatterene|47/100
|
|t:|1776107810
|switch|p2a: Ogerpon|Ogerpon-Wellspring, F|20/100|[from] U-turn
|
|upkeep
|turn|17
|
|t:|1776107813
|move|p2a: Ogerpon|Ivy Cudgel|p1a: Hatterene|[anim] Ivy Cudgel Water
|-damage|p1a: Hatterene|0 fnt
|faint|p1a: Hatterene
|
|upkeep
|
|t:|1776107815
|switch|p1a: Dragonite|Dragonite, F|100/100
|turn|18
|
|t:|1776107818
|switch|p2a: Zapdos|Zapdos|100/100
|move|p1a: Dragonite|Dragon Dance|p1a: Dragonite
|-boost|p1a: Dragonite|atk|1
|-boost|p1a: Dragonite|spe|1
|
|upkeep
|turn|19
|
|t:|1776107824
|move|p1a: Dragonite|Outrage|p2a: Zapdos
|-damage|p2a: Zapdos|34/100
|-status|p1a: Dragonite|par|[from] ability: Static|[of] p2a: Zapdos
|-enditem|p1a: Dragonite|Lum Berry|[eat]
|-curestatus|p1a: Dragonite|par|[msg]
|move|p2a: Zapdos|Discharge|p1a: Dragonite
|-damage|p1a: Dragonite|84/100
|-status|p1a: Dragonite|par
|
|upkeep
|turn|20
|
|t:|1776107842
|move|p2a: Zapdos|Roost|p2a: Zapdos
|-heal|p2a: Zapdos|84/100
|-singleturn|p2a: Zapdos|move: Roost
|cant|p1a: Dragonite|par
|
|-start|p1a: Dragonite|confusion|[fatigue]
|upkeep
|turn|21
|
|t:|1776107849
|move|p2a: Zapdos|Hurricane|p1a: Dragonite
|-damage|p1a: Dragonite|37/100 par
|-activate|p1a: Dragonite|confusion
|cant|p1a: Dragonite|par
|
|upkeep
|turn|22
|
|t:|1776107862
|move|p2a: Zapdos|Hurricane|p1a: Dragonite
|-damage|p1a: Dragonite|0 fnt
|faint|p1a: Dragonite
|
|upkeep
|
|t:|1776107871
|switch|p1a: Ippo|Breloom, F|100/100
|turn|23
|inactive|sheisticle crash has 120 seconds left.
|j| ahjskahskjah
|
|t:|1776107926
|move|p1a: Ippo|Rock Tomb|p2a: Zapdos
|-supereffective|p2a: Zapdos
|-damage|p2a: Zapdos|36/100
|-unboost|p2a: Zapdos|spe|1
|move|p2a: Zapdos|U-turn|p1a: Ippo
|-damage|p1a: Ippo|81/100
|
|t:|1776107929
|switch|p2a: Dragapult|Dragapult, F|100/100|[from] U-turn
|
|upkeep
|turn|24
|
|t:|1776107944
|move|p2a: Dragapult|Shadow Ball|p1a: Ippo
|-damage|p1a: Ippo|0 fnt
|faint|p1a: Ippo
|
|upkeep
|-message|elpets forfeited.
|
|win|sheisticle crash
|raw|elpets's rating: 1698 &rarr; <strong>1679</strong><br />(-19 for losing)
|raw|sheisticle crash's rating: 1710 &rarr; <strong>1729</strong><br />(+19 for winning)
|l|☆elpets
|player|p1|
