|html|<div class="broadcast-blue"><strong>[Gen 9] OU is currently suspecting Volcarona! For information on how to participate check out the <a href="https://www.smogon.com/tools/suspects/view/208">suspect thread</a>.</strong></div>
|j|☆Drosandro
|j|☆Broutito
|t:|1778496440
|gametype|singles
|player|p1|Drosandro|brycen|1278
|player|p2|Broutito|blaine|1268
|gen|9
|tier|[Gen 9] OU
|rated|
|rule|HP Percentage Mod: HP is shown in percentages
|rule|Endless Battle Clause: Forcing endless battles is banned
|rule|Species Clause: Limit one of each Pokémon
|rule|OHKO Clause: OHKO moves are banned
|rule|Evasion Items Clause: Evasion items are banned
|rule|Evasion Moves Clause: Evasion moves are banned
|rule|Evasion Abilities Clause: Evasion abilities are banned
|rule|Sleep Moves Clause: Sleep-inducing moves are banned
|clearpoke
|poke|p1|Glimmora, F|
|poke|p1|Kingambit, M|
|poke|p1|Darkrai|
|poke|p1|Zamazenta-*|
|poke|p1|Dragonite, M|
|poke|p1|Iron Valiant|
|poke|p2|Snorlax, M|
|poke|p2|Comfey, F|
|poke|p2|Dragapult, M|
|poke|p2|Great Tusk|
|poke|p2|Zarude|
|poke|p2|Goodra-Hisui, F|
|teampreview
|inactive|Battle timer is ON: inactive players will automatically lose when time's up. (requested by Broutito)
|
|t:|1778496452
|teamsize|p1|6
|teamsize|p2|6
|start
|switch|p1a: Glimmora|Glimmora, F|100/100
|switch|p2a: Bagheraj|Goodra-Hisui, F|100/100
|turn|1
|
|t:|1778496459
|move|p1a: Glimmora|Stealth Rock|p2a: Bagheraj
|-sidestart|p2: Broutito|move: Stealth Rock
|move|p2a: Bagheraj|Flash Cannon|p1a: Glimmora
|-supereffective|p1a: Glimmora
|-enditem|p1a: Glimmora|Focus Sash
|-damage|p1a: Glimmora|1/100
|
|upkeep
|turn|2
|
|t:|1778496469
|move|p1a: Glimmora|Earth Power|p2a: Bagheraj
|-supereffective|p2a: Bagheraj
|-damage|p2a: Bagheraj|70/100
|move|p2a: Bagheraj|Surf|p1a: Glimmora
|-supereffective|p1a: Glimmora
|-damage|p1a: Glimmora|0 fnt
|faint|p1a: Glimmora
|
|upkeep
|
|t:|1778496479
|switch|p1a: Zamazenta|Zamazenta|100/100
|-ability|p1a: Zamazenta|Dauntless Shield|boost
|-boost|p1a: Zamazenta|def|1
|turn|3
|
|t:|1778496485
|switch|p2a: Yhwachie|Great Tusk|100/100
|-damage|p2a: Yhwachie|98/100|[from] Stealth Rock
|move|p1a: Zamazenta|Body Press|p2a: Yhwachie
|-damage|p2a: Yhwachie|77/100
|-damage|p1a: Zamazenta|84/100|[from] item: Rocky Helmet|[of] p2a: Yhwachie
|
|-heal|p1a: Zamazenta|90/100|[from] item: Leftovers
|upkeep
|turn|4
|
|t:|1778496498
|switch|p1a: Iron Valiant|Iron Valiant|100/100
|-enditem|p1a: Iron Valiant|Booster Energy
|-activate|p1a: Iron Valiant|ability: Quark Drive|[fromitem]
|-start|p1a: Iron Valiant|quarkdrivespe
|move|p2a: Yhwachie|Rapid Spin|p1a: Iron Valiant
|-damage|p1a: Iron Valiant|81/100
|-boost|p2a: Yhwachie|spe|1
|-sideend|p2: Broutito|Stealth Rock|[from] move: Rapid Spin|[of] p2a: Yhwachie
|
|upkeep
|turn|5
|
|t:|1778496518
|-end|p2a: Yhwachie|Protosynthesis|[silent]
|switch|p2a: Broutito|Snorlax, M|100/100
|move|p1a: Iron Valiant|Moonblast|p2a: Broutito
|-crit|p2a: Broutito
|-damage|p2a: Broutito|55/100
|-unboost|p2a: Broutito|spa|1
|
|upkeep
|turn|6
|
|t:|1778496534
|switch|p2a: Rosita|Comfey, F, shiny|100/100
|move|p1a: Iron Valiant|Vacuum Wave|p2a: Rosita
|-resisted|p2a: Rosita
|-damage|p2a: Rosita|90/100
|
|upkeep
|turn|7
|
|t:|1778496542
|-terastallize|p1a: Iron Valiant|Ghost
|move|p2a: Rosita|Draining Kiss|p1a: Iron Valiant
|-damage|p1a: Iron Valiant|42/100
|-heal|p2a: Rosita|100/100|[from] drain|[of] p1a: Iron Valiant
|move|p1a: Iron Valiant|Calm Mind|p1a: Iron Valiant
|-boost|p1a: Iron Valiant|spa|1
|-boost|p1a: Iron Valiant|spd|1
|
|upkeep
|turn|8
|
|t:|1778496554
|switch|p2a: Broutito|Snorlax, M|55/100
|move|p1a: Iron Valiant|Moonblast|p2a: Broutito
|-damage|p2a: Broutito|13/100
|-unboost|p2a: Broutito|spa|1
|
|upkeep
|turn|9
|-enditem|p2a: Broutito|Custap Berry|[eat]
|-activate|p2a: Broutito|item: Custap Berry|[consumed]
|
|t:|1778496574
|move|p1a: Iron Valiant|Vacuum Wave|p2a: Broutito
|-supereffective|p2a: Broutito
|-damage|p2a: Broutito|0 fnt
|faint|p2a: Broutito
|
|upkeep
|
|t:|1778496587
|switch|p2a: Bagheraj|Goodra-Hisui, F|70/100
|turn|10
|
|t:|1778496605
|move|p1a: Iron Valiant|Moonblast|p2a: Bagheraj
|-damage|p2a: Bagheraj|38/100
|-unboost|p2a: Bagheraj|spa|1
|move|p2a: Bagheraj|Flash Cannon|p1a: Iron Valiant
|-damage|p1a: Iron Valiant|9/100
|
|upkeep
|turn|11
|
|t:|1778496617
|switch|p2a: Rosita|Comfey, F, shiny|100/100
|move|p1a: Iron Valiant|Moonblast|p2a: Rosita
|-damage|p2a: Rosita|30/100
|
|upkeep
|turn|12
|
|t:|1778496623
|move|p2a: Rosita|Draining Kiss|p1a: Iron Valiant
|-damage|p1a: Iron Valiant|0 fnt
|-heal|p2a: Rosita|40/100|[from] drain|[of] p1a: Iron Valiant
|faint|p1a: Iron Valiant
|-end|p1a: Iron Valiant|Quark Drive|[silent]
|
|upkeep
|
|t:|1778496634
|switch|p1a: Kingambit|Kingambit, M|100/100
|-activate|p1a: Kingambit|ability: Supreme Overlord
|-start|p1a: Kingambit|fallen2|[silent]
|turn|13
|
|t:|1778496644
|switch|p2a: Zarude|Zarude|100/100
|move|p1a: Kingambit|Kowtow Cleave|p2a: Zarude
|-resisted|p2a: Zarude
|-damage|p2a: Zarude|69/100
|
|-heal|p2a: Zarude|75/100|[from] item: Leftovers
|upkeep
|turn|14
|
|t:|1778496653
|switch|p2a: Yhwachie|Great Tusk|77/100
|-end|p1a: Kingambit|fallen2|[silent]
|switch|p1a: Zamazenta|Zamazenta|90/100
|
|-heal|p1a: Zamazenta|96/100|[from] item: Leftovers
|upkeep
|turn|15
|
|t:|1778496662
|move|p1a: Zamazenta|Iron Defense|p1a: Zamazenta
|-boost|p1a: Zamazenta|def|2
|move|p2a: Yhwachie|Knock Off|p1a: Zamazenta
|-resisted|p1a: Zamazenta
|-damage|p1a: Zamazenta|90/100
|-enditem|p1a: Zamazenta|Leftovers|[from] move: Knock Off|[of] p2a: Yhwachie
|
|upkeep
|turn|16
|
|t:|1778496669
|-end|p2a: Yhwachie|Protosynthesis|[silent]
|switch|p2a: Rinini|Dragapult, M|100/100
|move|p1a: Zamazenta|Iron Defense|p1a: Zamazenta
|-boost|p1a: Zamazenta|def|2
|
|upkeep
|turn|17
|
|t:|1778496675
|move|p2a: Rinini|Shadow Ball|p1a: Zamazenta
|-damage|p1a: Zamazenta|48/100
|move|p1a: Zamazenta|Crunch|p2a: Rinini
|-supereffective|p2a: Rinini
|-damage|p2a: Rinini|33/100
|
|upkeep
|turn|18
|
|t:|1778496696
|-terastallize|p2a: Rinini|Ghost
|move|p2a: Rinini|Shadow Ball|p1a: Zamazenta
|-damage|p1a: Zamazenta|0 fnt
|faint|p1a: Zamazenta
|
|upkeep
|
|t:|1778496701
|switch|p1a: Darkrai|Darkrai|100/100
|turn|19
|
|t:|1778496717
|switch|p2a: Bagheraj|Goodra-Hisui, F|38/100
|move|p1a: Darkrai|Dark Pulse|p2a: Bagheraj
|-damage|p2a: Bagheraj|20/100
|
|upkeep
|turn|20
|
|t:|1778496739
|move|p1a: Darkrai|Dark Pulse|p2a: Bagheraj
|-damage|p2a: Bagheraj|0 fnt
|faint|p2a: Bagheraj
|
|upkeep
|
|t:|1778496743
|switch|p2a: Rosita|Comfey, F, shiny|40/100
|turn|21
|
|t:|1778496747
|switch|p1a: Kingambit|Kingambit, M|100/100
|-activate|p1a: Kingambit|ability: Supreme Overlord
|-start|p1a: Kingambit|fallen3|[silent]
|move|p2a: Rosita|Draining Kiss|p1a: Kingambit
|-crit|p1a: Kingambit
|-damage|p1a: Kingambit|67/100
|-heal|p2a: Rosita|86/100|[from] drain|[of] p1a: Kingambit
|
|upkeep
|turn|22
|
|t:|1778496758
|switch|p2a: Yhwachie|Great Tusk|77/100
|move|p1a: Kingambit|Iron Head|p2a: Yhwachie
|-damage|p2a: Yhwachie|48/100
|-damage|p1a: Kingambit|50/100|[from] item: Rocky Helmet|[of] p2a: Yhwachie
|
|upkeep
|turn|23
|
|t:|1778496766
|-end|p1a: Kingambit|fallen3|[silent]
|switch|p1a: Darkrai|Darkrai|100/100
|move|p2a: Yhwachie|Knock Off|p1a: Darkrai
|-resisted|p1a: Darkrai
|-damage|p1a: Darkrai|80/100
|-enditem|p1a: Darkrai|Choice Scarf|[from] move: Knock Off|[of] p2a: Yhwachie
|
|upkeep
|turn|24
|
|t:|1778496781
|-end|p2a: Yhwachie|Protosynthesis|[silent]
|switch|p2a: Rosita|Comfey, F, shiny|86/100
|move|p1a: Darkrai|Ice Beam|p2a: Rosita
|-damage|p2a: Rosita|54/100
|
|upkeep
|turn|25
|
|t:|1778496786
|switch|p1a: Kingambit|Kingambit, M|50/100
|-activate|p1a: Kingambit|ability: Supreme Overlord
|-start|p1a: Kingambit|fallen3|[silent]
|move|p2a: Rosita|Draining Kiss|p1a: Kingambit
|-damage|p1a: Kingambit|27/100
|-heal|p2a: Rosita|85/100|[from] drain|[of] p1a: Kingambit
|
|upkeep
|turn|26
|
|t:|1778496798
|switch|p2a: Yhwachie|Great Tusk|48/100
|-end|p1a: Kingambit|fallen3|[silent]
|switch|p1a: Darkrai|Darkrai|80/100
|
|upkeep
|turn|27
|
|t:|1778496810
|move|p1a: Darkrai|Sludge Bomb|p2a: Yhwachie
|-resisted|p2a: Yhwachie
|-damage|p2a: Yhwachie|27/100
|move|p2a: Yhwachie|Stealth Rock|p1a: Darkrai
|-sidestart|p1: Drosandro|move: Stealth Rock
|
|upkeep
|turn|28
|
|t:|1778496821
|move|p1a: Darkrai|Ice Beam|p2a: Yhwachie
|-supereffective|p2a: Yhwachie
|-damage|p2a: Yhwachie|0 fnt
|faint|p2a: Yhwachie
|-end|p2a: Yhwachie|Protosynthesis|[silent]
|
|upkeep
|
|t:|1778496826
|switch|p2a: Rosita|Comfey, F, shiny|85/100
|turn|29
|
|t:|1778496830
|move|p2a: Rosita|Draining Kiss|p1a: Darkrai
|-supereffective|p1a: Darkrai
|-damage|p1a: Darkrai|22/100
|-heal|p2a: Rosita|100/100|[from] drain|[of] p1a: Darkrai
|move|p1a: Darkrai|Sludge Bomb|p2a: Rosita
|-supereffective|p2a: Rosita
|-damage|p2a: Rosita|38/100
|-status|p2a: Rosita|psn
|
|-damage|p2a: Rosita|26/100 psn|[from] psn
|upkeep
|turn|30
|
|t:|1778496837
|switch|p1a: Kingambit|Kingambit, M|27/100
|-damage|p1a: Kingambit|21/100|[from] Stealth Rock
|-activate|p1a: Kingambit|ability: Supreme Overlord
|-start|p1a: Kingambit|fallen3|[silent]
|move|p2a: Rosita|Draining Kiss|p1a: Kingambit
|-damage|p1a: Kingambit|0 fnt
|-heal|p2a: Rosita|54/100 psn|[from] drain|[of] p1a: Kingambit
|faint|p1a: Kingambit
|-end|p1a: Kingambit|fallen3|[silent]
|
|-damage|p2a: Rosita|42/100 psn|[from] psn
|upkeep
|
|t:|1778496844
|switch|p1a: Dragonite|Dragonite, M|100/100
|turn|31
|
|t:|1778496849
|move|p2a: Rosita|Draining Kiss|p1a: Dragonite
|-supereffective|p1a: Dragonite
|-damage|p1a: Dragonite|79/100
|-heal|p2a: Rosita|70/100 psn|[from] drain|[of] p1a: Dragonite
|move|p1a: Dragonite|Extreme Speed|p2a: Rosita
|-damage|p2a: Rosita|21/100 psn
|
|-damage|p2a: Rosita|9/100 psn|[from] psn
|upkeep
|turn|32
|
|t:|1778496859
|move|p2a: Rosita|Draining Kiss|p1a: Dragonite
|-supereffective|p1a: Dragonite
|-damage|p1a: Dragonite|33/100
|-heal|p2a: Rosita|69/100 psn|[from] drain|[of] p1a: Dragonite
|move|p1a: Dragonite|Extreme Speed|p2a: Rosita
|-damage|p2a: Rosita|20/100 psn
|
|-damage|p2a: Rosita|7/100 psn|[from] psn
|upkeep
|turn|33
|-message|Drosandro forfeited.
|
|win|Broutito
|raw|Drosandro's rating: 1278 &rarr; <strong>1252</strong><br />(-26 for losing)
|raw|Broutito's rating: 1268 &rarr; <strong>1294</strong><br />(+26 for winning)
|l|☆Drosandro
|player|p1|
|l|☆Broutito
|player|p2|
