|html|<div class="broadcast-blue"><strong>[Gen 9] OU is currently suspecting Tera Blast! For information on how to participate check out the <a href="https://www.smogon.com/tools/suspects/view/200">suspect thread</a>.</strong></div>
|j|☆laurie nalo!
|j|‽ehternal_k
|t:|1776093612
|gametype|singles
|player|p1|laurie nalo!|kahili|1386
|player|p2|ehternal_k|lucas|1407
|gen|9
|tier|[Gen 9] OU
|rated|
|rule|HP Percentage Mod: HP is shown in percentages
|rule|Endless Battle Clause: Forcing endless battles is banned
|rule|Species Clause: Limit one of each Pokémon
|rule|OHKO Clause: OHKO moves are banned
|rule|Evasion Items Clause: Evasion items are banned
|rule|Evasion Moves Clause: Evasion moves are banned
|rule|Evasion Abilities Clause: Evasion abilities are banned
|rule|Sleep Moves Clause: Sleep-inducing moves are banned
|clearpoke
|poke|p1|Raging Bolt|
|poke|p1|Pelipper, M|
|poke|p1|Iron Treads|
|poke|p1|Barraskewda, M|
|poke|p1|Overqwil, M|
|poke|p1|Zamazenta-*|
|poke|p2|Ogerpon-Wellspring, F|
|poke|p2|Pecharunt|
|poke|p2|Great Tusk|
|poke|p2|Iron Crown|
|poke|p2|Landorus-Therian, M|
|poke|p2|Samurott-Hisui, M|
|teampreview
|inactive|Battle timer is ON: inactive players will automatically lose when time's up. (requested by laurie nalo!)
|
|t:|1776093620
|teamsize|p1|6
|teamsize|p2|6
|start
|switch|p1a: That Dawg In Me|Zamazenta|100/100
|switch|p2a: Iron Crown|Iron Crown|100/100
|-ability|p1a: That Dawg In Me|Dauntless Shield|boost
|-boost|p1a: That Dawg In Me|def|1
|turn|1
|c|☆laurie nalo!|good lead :(
|
|t:|1776093649
|switch|p1a: Address Me|Iron Treads|100/100
|-terastallize|p2a: Iron Crown|Steel
|move|p2a: Iron Crown|Tachyon Cutter|p1a: Address Me
|-resisted|p1a: Address Me
|-damage|p1a: Address Me|63/100
|-resisted|p1a: Address Me
|-damage|p1a: Address Me|30/100
|-hitcount|p1a: Address Me|2
|
|-heal|p1a: Address Me|37/100|[from] item: Leftovers
|upkeep
|turn|2
|inactive|laurie nalo! has 120 seconds left.
|inactive|ehternal_k has 120 seconds left.
|
|t:|1776093676
|-end|p2a: Iron Crown|Quark Drive|[silent]
|switch|p2a: Ogerpon|Ogerpon-Wellspring, F|100/100
|move|p1a: Address Me|Stealth Rock|p2a: Ogerpon
|-sidestart|p2: ehternal_k|move: Stealth Rock
|
|-heal|p1a: Address Me|43/100|[from] item: Leftovers
|upkeep
|turn|3
|inactive|ehternal_k has 120 seconds left.
|
|t:|1776093691
|-end|p1a: Address Me|Quark Drive|[silent]
|switch|p1a: Make it Rain|Pelipper, M|100/100
|-weather|RainDance|[from] ability: Drizzle|[of] p1a: Make it Rain
|move|p2a: Ogerpon|Trailblaze|p1a: Make it Rain
|-damage|p1a: Make it Rain|79/100
|-boost|p2a: Ogerpon|spe|1
|
|-weather|RainDance|[upkeep]
|upkeep
|turn|4
|inactive|ehternal_k has 120 seconds left.
|
|t:|1776093717
|switch|p2a: Samurott|Samurott-Hisui, M|100/100
|-damage|p2a: Samurott|88/100|[from] Stealth Rock
|move|p1a: Make it Rain|Hurricane|p2a: Samurott
|-damage|p2a: Samurott|51/100
|-start|p2a: Samurott|confusion
|
|-weather|RainDance|[upkeep]
|upkeep
|turn|5
|
|t:|1776093726
|switch|p1a: That Dawg In Me|Zamazenta|100/100
|-activate|p2a: Samurott|confusion
|move|p2a: Samurott|Ceaseless Edge|p1a: That Dawg In Me
|-resisted|p1a: That Dawg In Me
|-damage|p1a: That Dawg In Me|77/100
|-sidestart|p1: laurie nalo!|Spikes
|
|-weather|RainDance|[upkeep]
|upkeep
|turn|6
|inactive|laurie nalo! has 120 seconds left.
|
|t:|1776093741
|switch|p2a: Landorus|Landorus-Therian, M|100/100
|-damage|p2a: Landorus|88/100|[from] Stealth Rock
|-ability|p2a: Landorus|Intimidate|boost
|-unboost|p1a: That Dawg In Me|atk|1
|move|p1a: That Dawg In Me|Crunch|p2a: Landorus
|-damage|p2a: Landorus|68/100
|
|-weather|RainDance|[upkeep]
|upkeep
|turn|7
|
|t:|1776093750
|move|p2a: Landorus|Earthquake|p1a: That Dawg In Me
|-damage|p1a: That Dawg In Me|22/100
|move|p1a: That Dawg In Me|Ice Fang|p2a: Landorus
|-supereffective|p2a: Landorus
|-damage|p2a: Landorus|0 fnt
|faint|p2a: Landorus
|
|-weather|RainDance|[upkeep]
|upkeep
|
|t:|1776093759
|switch|p2a: Pecharunt|Pecharunt|100/100
|-damage|p2a: Pecharunt|88/100|[from] Stealth Rock
|turn|8
|
|t:|1776093763
|move|p1a: That Dawg In Me|Crunch|p2a: Pecharunt
|-supereffective|p2a: Pecharunt
|-damage|p2a: Pecharunt|68/100
|-damage|p1a: That Dawg In Me|5/100|[from] item: Rocky Helmet|[of] p2a: Pecharunt
|move|p2a: Pecharunt|Malignant Chain|p1a: That Dawg In Me
|-damage|p1a: That Dawg In Me|0 fnt
|faint|p1a: That Dawg In Me
|
|-weather|RainDance|[upkeep]
|upkeep
|
|t:|1776093773
|switch|p1a: Dracovish Wannabe|Barraskewda, M, shiny|100/100
|-damage|p1a: Dracovish Wannabe|88/100|[from] Spikes
|turn|9
|
|t:|1776093779
|-terastallize|p1a: Dracovish Wannabe|Water
|move|p1a: Dracovish Wannabe|Flip Turn|p2a: Pecharunt
|-damage|p2a: Pecharunt|23/100
|-damage|p1a: Dracovish Wannabe|72/100|[from] item: Rocky Helmet|[of] p2a: Pecharunt
|
|t:|1776093784
|switch|p1a: Address Me|Iron Treads|43/100|[from] Flip Turn
|-damage|p1a: Address Me|30/100|[from] Spikes
|move|p2a: Pecharunt|Malignant Chain|p1a: Address Me
|-immune|p1a: Address Me
|
|-weather|RainDance|[upkeep]
|-heal|p1a: Address Me|37/100|[from] item: Leftovers
|upkeep
|turn|10
|
|t:|1776093789
|move|p1a: Address Me|Earth Power|p2a: Pecharunt
|-supereffective|p2a: Pecharunt
|-crit|p2a: Pecharunt
|-damage|p2a: Pecharunt|0 fnt
|faint|p2a: Pecharunt
|
|-weather|none
|-heal|p1a: Address Me|43/100|[from] item: Leftovers
|upkeep
|
|t:|1776093798
|switch|p2a: Samurott|Samurott-Hisui, M|51/100
|-damage|p2a: Samurott|39/100|[from] Stealth Rock
|turn|11
|
|t:|1776093807
|move|p1a: Address Me|Earth Power|p2a: Samurott
|-damage|p2a: Samurott|7/100
|move|p2a: Samurott|Ceaseless Edge|p1a: Address Me
|-damage|p1a: Address Me|1/100
|-sidestart|p1: laurie nalo!|Spikes
|
|-heal|p1a: Address Me|8/100|[from] item: Leftovers
|upkeep
|turn|12
|
|t:|1776093816
|move|p2a: Samurott|Sucker Punch|p1a: Address Me
|-damage|p1a: Address Me|0 fnt
|faint|p1a: Address Me
|-end|p1a: Address Me|Quark Drive|[silent]
|
|upkeep
|
|t:|1776093825
|switch|p1a: Thunder Thighs|Raging Bolt|100/100
|-damage|p1a: Thunder Thighs|84/100|[from] Spikes
|-enditem|p1a: Thunder Thighs|Booster Energy
|-activate|p1a: Thunder Thighs|ability: Protosynthesis|[fromitem]
|-start|p1a: Thunder Thighs|protosynthesisspa
|turn|13
|
|t:|1776093831
|move|p2a: Samurott|Sucker Punch|p1a: Thunder Thighs
|-damage|p1a: Thunder Thighs|53/100
|move|p1a: Thunder Thighs|Draco Meteor|p2a: Samurott
|-damage|p2a: Samurott|0 fnt
|-unboost|p1a: Thunder Thighs|spa|2
|faint|p2a: Samurott
|
|upkeep
|
|t:|1776093843
|switch|p2a: Iron Crown|Iron Crown, tera:Steel|100/100
|-damage|p2a: Iron Crown|94/100|[from] Stealth Rock
|turn|14
|
|t:|1776093853
|-end|p1a: Thunder Thighs|Protosynthesis|[silent]
|switch|p1a: Make it Rain|Pelipper, M|79/100
|-weather|RainDance|[from] ability: Drizzle|[of] p1a: Make it Rain
|move|p2a: Iron Crown|Focus Blast|p1a: Make it Rain
|-resisted|p1a: Make it Rain
|-damage|p1a: Make it Rain|36/100
|
|-weather|RainDance|[upkeep]
|upkeep
|turn|15
|inactive|laurie nalo! has 120 seconds left.
|
|t:|1776093888
|-end|p2a: Iron Crown|Quark Drive|[silent]
|switch|p2a: Ogerpon|Ogerpon-Wellspring, F|100/100
|-damage|p2a: Ogerpon|88/100|[from] Stealth Rock
|move|p1a: Make it Rain|Weather Ball|p2a: Ogerpon
|-heal|p2a: Ogerpon|100/100|[from] ability: Water Absorb|[of] p1a: Make it Rain
|
|-weather|RainDance|[upkeep]
|upkeep
|turn|16
|
|t:|1776093899
|move|p2a: Ogerpon|Trailblaze|p1a: Make it Rain
|-damage|p1a: Make it Rain|12/100
|-boost|p2a: Ogerpon|spe|1
|move|p1a: Make it Rain|Hurricane|p2a: Ogerpon
|-supereffective|p2a: Ogerpon
|-damage|p2a: Ogerpon|16/100
|
|-weather|RainDance|[upkeep]
|upkeep
|turn|17
|
|t:|1776093908
|move|p2a: Ogerpon|Ivy Cudgel|p1a: Make it Rain|[anim] Ivy Cudgel Water
|-resisted|p1a: Make it Rain
|-crit|p1a: Make it Rain
|-damage|p1a: Make it Rain|0 fnt
|faint|p1a: Make it Rain
|
|-weather|RainDance|[upkeep]
|upkeep
|
|t:|1776093919
|switch|p1a: Thunder Thighs|Raging Bolt|53/100
|-damage|p1a: Thunder Thighs|36/100|[from] Spikes
|turn|18
|
|t:|1776093924
|move|p1a: Thunder Thighs|Thunderclap||[still]
|-fail|p1a: Thunder Thighs
|move|p2a: Ogerpon|Synthesis|p2a: Ogerpon
|-heal|p2a: Ogerpon|41/100
|
|-weather|RainDance|[upkeep]
|upkeep
|turn|19
|
|t:|1776093932
|move|p1a: Thunder Thighs|Thunderclap||[still]
|-fail|p1a: Thunder Thighs
|move|p2a: Ogerpon|Synthesis|p2a: Ogerpon
|-heal|p2a: Ogerpon|66/100
|
|-weather|RainDance|[upkeep]
|upkeep
|turn|20
|
|t:|1776093939
|move|p1a: Thunder Thighs|Thunderclap|p2a: Ogerpon
|-damage|p2a: Ogerpon|22/100
|move|p2a: Ogerpon|Ivy Cudgel|p1a: Thunder Thighs|[anim] Ivy Cudgel Water
|-resisted|p1a: Thunder Thighs
|-damage|p1a: Thunder Thighs|0 fnt
|faint|p1a: Thunder Thighs
|-end|p1a: Thunder Thighs|Protosynthesis|[silent]
|
|-weather|RainDance|[upkeep]
|upkeep
|
|t:|1776093949
|switch|p1a: Dracovish Wannabe|Barraskewda, M, shiny, tera:Water|72/100
|-damage|p1a: Dracovish Wannabe|56/100|[from] Spikes
|turn|21
|
|t:|1776093960
|move|p1a: Dracovish Wannabe|Close Combat|p2a: Ogerpon
|-crit|p2a: Ogerpon
|-damage|p2a: Ogerpon|0 fnt
|-unboost|p1a: Dracovish Wannabe|def|1
|-unboost|p1a: Dracovish Wannabe|spd|1
|faint|p2a: Ogerpon
|
|-weather|none
|upkeep
|
|t:|1776093977
|switch|p2a: Iron Crown|Iron Crown, tera:Steel|94/100
|-damage|p2a: Iron Crown|88/100|[from] Stealth Rock
|turn|22
|
|t:|1776093984
|move|p1a: Dracovish Wannabe|Close Combat|p2a: Iron Crown
|-supereffective|p2a: Iron Crown
|-damage|p2a: Iron Crown|0 fnt
|-unboost|p1a: Dracovish Wannabe|def|1
|-unboost|p1a: Dracovish Wannabe|spd|1
|faint|p2a: Iron Crown
|-end|p2a: Iron Crown|Quark Drive|[silent]
|
|upkeep
|
|t:|1776093987
|switch|p2a: Great Tusk|Great Tusk|100/100
|-damage|p2a: Great Tusk|98/100|[from] Stealth Rock
|-enditem|p2a: Great Tusk|Booster Energy
|-activate|p2a: Great Tusk|ability: Protosynthesis|[fromitem]
|-start|p2a: Great Tusk|protosynthesisspe
|turn|23
|c|☆laurie nalo!|proto speed..
|c|☆laurie nalo!|gg
|
|t:|1776094002
|switch|p1a: Genghis Caltrops|Overqwil, M|100/100
|-damage|p1a: Genghis Caltrops|84/100|[from] Spikes
|move|p2a: Great Tusk|Headlong Rush|p1a: Genghis Caltrops
|-supereffective|p1a: Genghis Caltrops
|-damage|p1a: Genghis Caltrops|0 fnt
|-unboost|p2a: Great Tusk|def|1
|-unboost|p2a: Great Tusk|spd|1
|faint|p1a: Genghis Caltrops
|
|upkeep
|
|t:|1776094010
|switch|p1a: Dracovish Wannabe|Barraskewda, M, shiny, tera:Water|56/100
|-damage|p1a: Dracovish Wannabe|39/100|[from] Spikes
|turn|24
|
|t:|1776094017
|move|p2a: Great Tusk|Headlong Rush|p1a: Dracovish Wannabe
|-damage|p1a: Dracovish Wannabe|0 fnt
|-unboost|p2a: Great Tusk|def|1
|-unboost|p2a: Great Tusk|spd|1
|faint|p1a: Dracovish Wannabe
|
|win|ehternal_k
|raw|laurie nalo!'s rating: 1386 &rarr; <strong>1367</strong><br />(-19 for losing)
|raw|ehternal_k's rating: 1407 &rarr; <strong>1426</strong><br />(+19 for winning)
|l|☆laurie nalo!
|player|p1|
