|html|<div class="broadcast-blue"><strong>[Gen 9] OU is currently suspecting Tera Blast! For information on how to participate check out the <a href="https://www.smogon.com/tools/suspects/view/200">suspect thread</a>.</strong></div>
|j|☆woowoowa
|j|☆gogginsaad
|t:|1776213920
|gametype|singles
|player|p1|woowoowa|101|1189
|player|p2|gogginsaad|1|1207
|gen|9
|tier|[Gen 9] OU
|rated|
|rule|HP Percentage Mod: HP is shown in percentages
|rule|Endless Battle Clause: Forcing endless battles is banned
|rule|Species Clause: Limit one of each Pokémon
|rule|OHKO Clause: OHKO moves are banned
|rule|Evasion Items Clause: Evasion items are banned
|rule|Evasion Moves Clause: Evasion moves are banned
|rule|Evasion Abilities Clause: Evasion abilities are banned
|rule|Sleep Moves Clause: Sleep-inducing moves are banned
|clearpoke
|poke|p1|Milotic, F|
|poke|p1|Tauros, M|
|poke|p1|Dragonite, M|
|poke|p1|Serperior, M|
|poke|p1|Charizard, F|
|poke|p1|Gyarados, F|
|poke|p2|Kingambit, M|
|poke|p2|Keldeo-Resolute|
|poke|p2|Cinderace, F|
|poke|p2|Grimmsnarl, M|
|poke|p2|Rillaboom, M|
|poke|p2|Metagross|
|teampreview
|inactive|Battle timer is ON: inactive players will automatically lose when time's up. (requested by gogginsaad)
|inactive|woowoowa has 120 seconds left.
|inactive|woowoowa has 90 seconds left.
|inactive|woowoowa has 60 seconds left.
|
|t:|1776214033
|teamsize|p1|6
|teamsize|p2|6
|start
|switch|p1a: Serperior|Serperior, M|100/100
|switch|p2a: Keldeo|Keldeo-Resolute|100/100
|turn|1
|
|t:|1776214041
|switch|p2a: Grimmsnarl|Grimmsnarl, M, shiny|100/100
|move|p1a: Serperior|Glare|p2a: Grimmsnarl
|-status|p2a: Grimmsnarl|par
|
|upkeep
|turn|2
|
|t:|1776214048
|move|p2a: Grimmsnarl|Reflect|p2a: Grimmsnarl
|-sidestart|p2: gogginsaad|Reflect
|move|p1a: Serperior|Leaf Storm|p2a: Grimmsnarl
|-crit|p2a: Grimmsnarl
|-damage|p2a: Grimmsnarl|29/100 par
|-boost|p1a: Serperior|spa|2
|-damage|p1a: Serperior|91/100|[from] item: Life Orb
|
|upkeep
|turn|3
|inactive|woowoowa has 120 seconds left.
|
|t:|1776214056
|move|p2a: Grimmsnarl|Light Screen|p2a: Grimmsnarl
|-sidestart|p2: gogginsaad|move: Light Screen
|move|p1a: Serperior|Leaf Storm|p2a: Grimmsnarl
|-damage|p2a: Grimmsnarl|0 fnt
|-boost|p1a: Serperior|spa|2
|faint|p2a: Grimmsnarl
|-damage|p1a: Serperior|81/100|[from] item: Life Orb
|
|upkeep
|
|t:|1776214060
|switch|p2a: Cinderace|Cinderace, F, shiny|100/100
|turn|4
|inactive|woowoowa has 120 seconds left.
|
|t:|1776214090
|-terastallize|p1a: Serperior|Water
|move|p2a: Cinderace|U-turn|p1a: Serperior
|-start|p2a: Cinderace|typechange|Bug|[from] ability: Libero
|-damage|p1a: Serperior|38/100
|
|t:|1776214100
|switch|p2a: Rillaboom|Rillaboom, M, shiny|100/100|[from] U-turn
|-fieldstart|move: Grassy Terrain|[from] ability: Grassy Surge|[of] p2a: Rillaboom
|move|p1a: Serperior|Glare|p2a: Rillaboom
|-status|p2a: Rillaboom|par
|
|-heal|p1a: Serperior|44/100|[from] Grassy Terrain
|upkeep
|turn|5
|inactive|woowoowa has 120 seconds left.
|
|t:|1776214110
|move|p1a: Serperior|Leaf Storm|p2a: Rillaboom
|-resisted|p2a: Rillaboom
|-damage|p2a: Rillaboom|16/100 par
|-boost|p1a: Serperior|spa|2
|-damage|p1a: Serperior|34/100|[from] item: Life Orb
|cant|p2a: Rillaboom|par
|
|-heal|p1a: Serperior|40/100|[from] Grassy Terrain
|-heal|p2a: Rillaboom|22/100 par|[from] Grassy Terrain
|upkeep
|turn|6
|inactive|woowoowa has 120 seconds left.
|
|t:|1776214119
|cant|p2a: Rillaboom|par
|move|p1a: Serperior|Giga Drain|p2a: Rillaboom
|-resisted|p2a: Rillaboom
|-damage|p2a: Rillaboom|0 fnt
|-heal|p1a: Serperior|53/100|[from] drain|[of] p2a: Rillaboom
|faint|p2a: Rillaboom
|-damage|p1a: Serperior|43/100|[from] item: Life Orb
|
|-heal|p1a: Serperior|49/100|[from] Grassy Terrain
|upkeep
|c|☆gogginsaad|wow
|
|t:|1776214128
|switch|p2a: Cinderace|Cinderace, F, shiny|100/100
|turn|7
|
|t:|1776214132
|move|p2a: Cinderace|Sucker Punch||[still]
|-fail|p2a: Cinderace
|move|p1a: Serperior|Glare|p2a: Cinderace
|-status|p2a: Cinderace|par
|
|-heal|p1a: Serperior|55/100|[from] Grassy Terrain
|upkeep
|turn|8
|
|t:|1776214141
|move|p2a: Cinderace|Sucker Punch|p1a: Serperior
|-start|p2a: Cinderace|typechange|Dark|[from] ability: Libero
|-damage|p1a: Serperior|16/100
|move|p1a: Serperior|Giga Drain|p2a: Cinderace
|-damage|p2a: Cinderace|0 fnt
|-heal|p1a: Serperior|68/100|[from] drain|[of] p2a: Cinderace
|faint|p2a: Cinderace
|-damage|p1a: Serperior|58/100|[from] item: Life Orb
|
|-heal|p1a: Serperior|64/100|[from] Grassy Terrain
|-fieldend|move: Grassy Terrain
|upkeep
|
|t:|1776214150
|switch|p2a: Keldeo|Keldeo-Resolute|100/100
|turn|9
|
|t:|1776214156
|move|p1a: Serperior|Giga Drain|p2a: Keldeo
|-supereffective|p2a: Keldeo
|-damage|p2a: Keldeo|0 fnt
|-heal|p1a: Serperior|100/100|[from] drain|[of] p2a: Keldeo
|faint|p2a: Keldeo
|-damage|p1a: Serperior|91/100|[from] item: Life Orb
|
|-sideend|p2: gogginsaad|Reflect
|upkeep
|
|t:|1776214159
|switch|p2a: Metagross|Metagross, shiny|100/100
|turn|10
|
|t:|1776214168
|move|p1a: Serperior|Leaf Storm|p2a: Metagross
|-resisted|p2a: Metagross
|-damage|p2a: Metagross|29/100
|-damage|p1a: Serperior|81/100|[from] item: Life Orb
|move|p2a: Metagross|Earthquake|p1a: Serperior
|-damage|p1a: Serperior|29/100
|
|-sideend|p2: gogginsaad|move: Light Screen
|upkeep
|turn|11
|c|☆gogginsaad|my luck
|
|t:|1776214177
|move|p1a: Serperior|Giga Drain|p2a: Metagross
|-resisted|p2a: Metagross
|-damage|p2a: Metagross|0 fnt
|-heal|p1a: Serperior|44/100|[from] drain|[of] p2a: Metagross
|faint|p2a: Metagross
|-damage|p1a: Serperior|34/100|[from] item: Life Orb
|
|upkeep
|c|☆woowoowa|tough break
|
|t:|1776214180
|switch|p2a: Kingambit|Kingambit, M, shiny|100/100
|-activate|p2a: Kingambit|ability: Supreme Overlord
|-start|p2a: Kingambit|fallen5|[silent]
|turn|12
|
|t:|1776214188
|move|p1a: Serperior|Glare|p2a: Kingambit
|-status|p2a: Kingambit|par
|move|p2a: Kingambit|Swords Dance|p2a: Kingambit
|-boost|p2a: Kingambit|atk|2
|
|upkeep
|turn|13
|
|t:|1776214197
|cant|p2a: Kingambit|par
|move|p1a: Serperior|Leaf Storm|p2a: Kingambit
|-resisted|p2a: Kingambit
|-damage|p2a: Kingambit|0 fnt
|faint|p2a: Kingambit
|-end|p2a: Kingambit|fallen5|[silent]
|-damage|p1a: Serperior|24/100|[from] item: Life Orb
|
|win|woowoowa
|raw|woowoowa's rating: 1189 &rarr; <strong>1215</strong><br />(+26 for winning)
|raw|gogginsaad's rating: 1207 &rarr; <strong>1181</strong><br />(-26 for losing)
|c|☆gogginsaad|no way lol
