|html|<div class="broadcast-blue"><strong>[Gen 9] OU is currently suspecting Tera Blast! For information on how to participate check out the <a href="https://www.smogon.com/tools/suspects/view/200">suspect thread</a>.</strong></div>
|j|☆Bring09
|j|☆Lyrick
|t:|1776061732
|gametype|singles
|player|p1|Bring09|169|1091
|player|p2|Lyrick|101|1131
|gen|9
|tier|[Gen 9] OU
|rated|
|rule|HP Percentage Mod: HP is shown in percentages
|rule|Endless Battle Clause: Forcing endless battles is banned
|rule|Species Clause: Limit one of each Pokémon
|rule|OHKO Clause: OHKO moves are banned
|rule|Evasion Items Clause: Evasion items are banned
|rule|Evasion Moves Clause: Evasion moves are banned
|rule|Evasion Abilities Clause: Evasion abilities are banned
|rule|Sleep Moves Clause: Sleep-inducing moves are banned
|clearpoke
|poke|p1|Excadrill, M|
|poke|p1|Dragonite, F|
|poke|p1|Hippowdon, M|
|poke|p1|Whimsicott, F|
|poke|p1|Dragapult, M|
|poke|p1|Cinccino, M|
|poke|p2|Misdreavus, F|
|poke|p2|Zoroark-Hisui, F|
|poke|p2|Grimmsnarl, M|
|poke|p2|Ursaring, F|
|poke|p2|Haxorus, F|
|poke|p2|Hydrapple, F|
|teampreview
|
|t:|1776061739
|teamsize|p1|6
|teamsize|p2|6
|start
|switch|p1a: Dragapult|Dragapult, M|100/100
|switch|p2a: Eren|Grimmsnarl, M|100/100
|turn|1
|inactive|Battle timer is ON: inactive players will automatically lose when time's up. (requested by Lyrick)
|
|t:|1776061747
|move|p2a: Eren|Light Screen|p2a: Eren
|-sidestart|p2: Lyrick|move: Light Screen
|move|p1a: Dragapult|U-turn|p2a: Eren
|-crit|p2a: Eren
|-damage|p2a: Eren|56/100
|-enditem|p2a: Eren|Eject Button
|-damage|p1a: Dragapult|91/100|[from] item: Life Orb
|
|t:|1776061753
|switch|p2a: Haxorus|Haxorus, F|100/100
|
|upkeep
|turn|2
|
|t:|1776061762
|move|p1a: Dragapult|Dragon Darts|p2a: Haxorus
|-supereffective|p2a: Haxorus
|-damage|p2a: Haxorus|15/100
|-anim|p1a: Dragapult|Dragon Darts|p2a: Haxorus
|-supereffective|p2a: Haxorus
|-damage|p2a: Haxorus|0 fnt
|faint|p2a: Haxorus
|-damage|p1a: Dragapult|81/100|[from] item: Life Orb
|
|upkeep
|
|t:|1776061772
|switch|p2a: Misdreavus|Misdreavus, F|100/100
|turn|3
|
|t:|1776061787
|move|p1a: Dragapult|Dragon Darts|p2a: Misdreavus
|-damage|p2a: Misdreavus|27/100
|replace|p2a: Zoroark|Zoroark-Hisui, F
|-end|p2a: Zoroark|Illusion
|-anim|p1a: Dragapult|Dragon Darts|p2a: Zoroark
|-damage|p2a: Zoroark|0 fnt
|faint|p2a: Zoroark
|-damage|p1a: Dragapult|71/100|[from] item: Life Orb
|
|upkeep
|
|t:|1776061801
|switch|p2a: Misdreavus|Misdreavus, F|100/100
|turn|4
|
|t:|1776061805
|move|p1a: Dragapult|Dragon Darts|p2a: Misdreavus
|-damage|p2a: Misdreavus|67/100
|-anim|p1a: Dragapult|Dragon Darts|p2a: Misdreavus
|-damage|p2a: Misdreavus|32/100
|-damage|p1a: Dragapult|62/100|[from] item: Life Orb
|move|p2a: Misdreavus|Perish Song|p2a: Misdreavus
|-start|p1a: Dragapult|perish3|[silent]
|-start|p2a: Misdreavus|perish3|[silent]
|-fieldactivate|move: Perish Song
|
|-start|p1a: Dragapult|perish3
|-start|p2a: Misdreavus|perish3
|upkeep
|turn|5
|
|t:|1776061814
|move|p2a: Misdreavus|Protect|p2a: Misdreavus
|-singleturn|p2a: Misdreavus|Protect
|move|p1a: Dragapult|Dragon Darts|p2a: Misdreavus
|-activate|p2a: Misdreavus|move: Protect
|
|-start|p1a: Dragapult|perish2
|-start|p2a: Misdreavus|perish2
|-sideend|p2: Lyrick|move: Light Screen
|upkeep
|turn|6
|
|t:|1776061823
|move|p1a: Dragapult|Dragon Darts|p2a: Misdreavus
|-damage|p2a: Misdreavus|0 fnt
|faint|p2a: Misdreavus
|-damage|p1a: Dragapult|52/100|[from] item: Life Orb
|
|-start|p1a: Dragapult|perish1
|upkeep
|
|t:|1776061831
|switch|p2a: Shrek|Ursaring, F, shiny|100/100
|turn|7
|
|t:|1776061836
|move|p1a: Dragapult|U-turn|p2a: Shrek
|-damage|p2a: Shrek|61/100
|-damage|p1a: Dragapult|42/100|[from] item: Life Orb
|
|t:|1776061841
|switch|p1a: Hippowdon|Hippowdon, M|100/100|[from] U-turn
|-weather|Sandstorm|[from] ability: Sand Stream|[of] p1a: Hippowdon
|move|p2a: Shrek|Swords Dance|p2a: Shrek
|-boost|p2a: Shrek|atk|2
|
|-weather|Sandstorm|[upkeep]
|-damage|p2a: Shrek|54/100|[from] Sandstorm
|-status|p2a: Shrek|brn|[from] item: Flame Orb
|upkeep
|turn|8
|
|t:|1776061854
|move|p1a: Hippowdon|Stealth Rock|p2a: Shrek
|-sidestart|p2: Lyrick|move: Stealth Rock
|move|p2a: Shrek|Facade|p1a: Hippowdon
|-damage|p1a: Hippowdon|0 fnt
|faint|p1a: Hippowdon
|
|-weather|Sandstorm|[upkeep]
|-damage|p2a: Shrek|48/100 brn|[from] Sandstorm
|-damage|p2a: Shrek|42/100 brn|[from] brn
|upkeep
|
|t:|1776061863
|switch|p1a: Excadrill|Excadrill, M|100/100
|turn|9
|
|t:|1776061868
|move|p1a: Excadrill|Earthquake|p2a: Shrek
|-damage|p2a: Shrek|0 fnt
|faint|p2a: Shrek
|-damage|p1a: Excadrill|91/100|[from] item: Life Orb
|
|-weather|Sandstorm|[upkeep]
|upkeep
|
|t:|1776061875
|switch|p2a: Eren|Grimmsnarl, M|56/100
|-damage|p2a: Eren|44/100|[from] Stealth Rock
|turn|10
|
|t:|1776061880
|move|p2a: Eren|Reflect|p2a: Eren
|-sidestart|p2: Lyrick|Reflect
|move|p1a: Excadrill|Earthquake|p2a: Eren
|-damage|p2a: Eren|10/100
|-damage|p1a: Excadrill|81/100|[from] item: Life Orb
|
|-weather|Sandstorm|[upkeep]
|-damage|p2a: Eren|4/100|[from] Sandstorm
|upkeep
|turn|11
|
|t:|1776061888
|-terastallize|p1a: Excadrill|Ground
|move|p2a: Eren|Parting Shot|p1a: Excadrill
|-unboost|p1a: Excadrill|atk|1
|-unboost|p1a: Excadrill|spa|1
|
|t:|1776061892
|switch|p2a: Ajaw|Hydrapple, F|100/100|[from] Parting Shot
|-damage|p2a: Ajaw|88/100|[from] Stealth Rock
|move|p1a: Excadrill|Earthquake|p2a: Ajaw
|-resisted|p2a: Ajaw
|-damage|p2a: Ajaw|74/100
|-damage|p1a: Excadrill|71/100|[from] item: Life Orb
|
|-weather|none
|upkeep
|turn|12
|
|t:|1776061906
|move|p1a: Excadrill|Poison Jab|p2a: Ajaw
|-supereffective|p2a: Ajaw
|-damage|p2a: Ajaw|54/100
|-status|p2a: Ajaw|psn
|-damage|p1a: Excadrill|61/100|[from] item: Life Orb
|move|p2a: Ajaw|Energy Ball|p1a: Excadrill
|-supereffective|p1a: Excadrill
|-damage|p1a: Excadrill|0 fnt
|faint|p1a: Excadrill
|
|-damage|p2a: Ajaw|41/100 psn|[from] psn
|upkeep
|
|t:|1776061922
|switch|p1a: Dragapult|Dragapult, M|42/100
|turn|13
|
|t:|1776061926
|switch|p2a: Eren|Grimmsnarl, M|4/100
|-damage|p2a: Eren|0 fnt|[from] Stealth Rock
|faint|p2a: Eren
|move|p1a: Dragapult|Dragon Darts|p2: Eren|[notarget]
|-fail|p1a: Dragapult
|
|upkeep
|
|t:|1776061932
|switch|p2a: Ajaw|Hydrapple, F|74/100 psn
|-damage|p2a: Ajaw|62/100 psn|[from] Stealth Rock
|turn|14
|
|t:|1776061939
|-terastallize|p2a: Ajaw|Grass
|move|p1a: Dragapult|Dragon Darts|p2a: Ajaw
|-damage|p2a: Ajaw|36/100 psn
|-anim|p1a: Dragapult|Dragon Darts|p2a: Ajaw
|-damage|p2a: Ajaw|7/100 psn
|-damage|p1a: Dragapult|32/100|[from] item: Life Orb
|move|p2a: Ajaw|Fickle Beam|p1a: Dragapult|[anim] Fickle Beam All Out
|-activate|p2a: Ajaw|move: Fickle Beam
|-supereffective|p1a: Dragapult
|-damage|p1a: Dragapult|0 fnt
|faint|p1a: Dragapult
|
|-damage|p2a: Ajaw|0 fnt|[from] psn
|faint|p2a: Ajaw
|
|win|Bring09
|raw|Bring09's rating: 1091 &rarr; <strong>1120</strong><br />(+29 for winning)
|raw|Lyrick's rating: 1131 &rarr; <strong>1103</strong><br />(-28 for losing)
|l|☆Bring09
|player|p1|
|l|☆Lyrick
|player|p2|
