|html|<div class="broadcast-blue"><strong>[Gen 9] OU is currently suspecting Volcarona! For information on how to participate check out the <a href="https://www.smogon.com/tools/suspects/view/208">suspect thread</a>.</strong></div>
|j|☆kingteth1991
|j|☆newgensbetter
|t:|1778515959
|gametype|singles
|player|p1|kingteth1991|265|1591
|player|p2|newgensbetter|unknownf|1636
|gen|9
|tier|[Gen 9] OU
|rated|
|rule|HP Percentage Mod: HP is shown in percentages
|rule|Endless Battle Clause: Forcing endless battles is banned
|rule|Species Clause: Limit one of each Pokémon
|rule|OHKO Clause: OHKO moves are banned
|rule|Evasion Items Clause: Evasion items are banned
|rule|Evasion Moves Clause: Evasion moves are banned
|rule|Evasion Abilities Clause: Evasion abilities are banned
|rule|Sleep Moves Clause: Sleep-inducing moves are banned
|clearpoke
|poke|p1|Gliscor, F|
|poke|p1|Slowking-Galar, M|
|poke|p1|Cinderace, M|
|poke|p1|Alomomola, M|
|poke|p1|Salazzle, F|
|poke|p1|Great Tusk|
|poke|p2|Samurott-Hisui, F|
|poke|p2|Zapdos|
|poke|p2|Iron Treads|
|poke|p2|Ceruledge, M|
|poke|p2|Gholdengo|
|poke|p2|Kingambit, M|
|teampreview
|inactive|Battle timer is ON: inactive players will automatically lose when time's up. (requested by kingteth1991)
|
|t:|1778515974
|teamsize|p1|6
|teamsize|p2|6
|start
|switch|p1a: Gliscor|Gliscor, F|100/100
|switch|p2a: Samurott|Samurott-Hisui, F|100/100
|turn|1
|
|t:|1778515977
|move|p1a: Gliscor|Protect|p1a: Gliscor
|-singleturn|p1a: Gliscor|Protect
|move|p2a: Samurott|Ceaseless Edge|p1a: Gliscor
|-activate|p1a: Gliscor|move: Protect
|
|-status|p1a: Gliscor|tox|[from] item: Toxic Orb
|upkeep
|turn|2
|
|t:|1778515985
|switch|p1a: Alomomola|Alomomola, M|100/100
|move|p2a: Samurott|Razor Shell|p1a: Alomomola
|-resisted|p1a: Alomomola
|-damage|p1a: Alomomola|88/100
|-unboost|p1a: Alomomola|def|1
|-damage|p2a: Samurott|84/100|[from] item: Rocky Helmet|[of] p1a: Alomomola
|
|upkeep
|turn|3
|
|t:|1778515993
|move|p2a: Samurott|Razor Shell|p1a: Alomomola
|-resisted|p1a: Alomomola
|-damage|p1a: Alomomola|70/100
|-damage|p2a: Samurott|68/100|[from] item: Rocky Helmet|[of] p1a: Alomomola
|move|p1a: Alomomola|Scald|p2a: Samurott
|-resisted|p2a: Samurott
|-damage|p2a: Samurott|63/100
|
|upkeep
|turn|4
|
|t:|1778515998
|move|p2a: Samurott|Knock Off|p1a: Alomomola
|-damage|p1a: Alomomola|34/100
|-damage|p2a: Samurott|46/100|[from] item: Rocky Helmet|[of] p1a: Alomomola
|-enditem|p1a: Alomomola|Rocky Helmet|[from] move: Knock Off|[of] p2a: Samurott
|move|p1a: Alomomola|Wish|p1a: Alomomola
|
|upkeep
|turn|5
|
|t:|1778516004
|move|p1a: Alomomola|Protect|p1a: Alomomola
|-singleturn|p1a: Alomomola|Protect
|move|p2a: Samurott|Ceaseless Edge|p1a: Alomomola
|-activate|p1a: Alomomola|move: Protect
|
|-heal|p1a: Alomomola|84/100|[from] move: Wish|[wisher] Alomomola
|upkeep
|turn|6
|
|t:|1778516007
|move|p2a: Samurott|Ceaseless Edge|p1a: Alomomola
|-damage|p1a: Alomomola|49/100
|-sidestart|p1: kingteth1991|Spikes
|move|p1a: Alomomola|Scald|p2a: Samurott
|-resisted|p2a: Samurott
|-damage|p2a: Samurott|42/100
|
|upkeep
|turn|7
|
|t:|1778516027
|move|p2a: Samurott|Ceaseless Edge|p1a: Alomomola
|-damage|p1a: Alomomola|15/100
|-sidestart|p1: kingteth1991|Spikes
|move|p1a: Alomomola|Scald|p2a: Samurott
|-resisted|p2a: Samurott
|-damage|p2a: Samurott|37/100
|
|upkeep
|turn|8
|
|t:|1778516038
|switch|p1a: Great Tusk|Great Tusk|100/100
|move|p2a: Samurott|Razor Shell|p1a: Great Tusk
|-supereffective|p1a: Great Tusk
|-damage|p1a: Great Tusk|34/100
|
|upkeep
|turn|9
|
|t:|1778516048
|switch|p2a: Gholdengo|Gholdengo|100/100
|-item|p2a: Gholdengo|Air Balloon
|move|p1a: Great Tusk|Knock Off|p2a: Gholdengo
|-supereffective|p2a: Gholdengo
|-damage|p2a: Gholdengo|50/100
|-enditem|p2a: Gholdengo|Air Balloon
|
|upkeep
|turn|10
|
|t:|1778516055
|switch|p2a: Zapdos|Zapdos|100/100
|move|p1a: Great Tusk|Headlong Rush|p2a: Zapdos
|-immune|p2a: Zapdos
|
|upkeep
|turn|11
|
|t:|1778516062
|move|p1a: Great Tusk|Ice Spinner|p2a: Zapdos
|-supereffective|p2a: Zapdos
|-damage|p2a: Zapdos|62/100
|-status|p1a: Great Tusk|par|[from] ability: Static|[of] p2a: Zapdos
|move|p2a: Zapdos|Hurricane|p1a: Great Tusk
|-supereffective|p1a: Great Tusk
|-damage|p1a: Great Tusk|0 fnt
|faint|p1a: Great Tusk
|-end|p1a: Great Tusk|Protosynthesis|[silent]
|
|upkeep
|
|t:|1778516066
|switch|p1a: Cinderace|Cinderace, M|100/100
|turn|12
|
|t:|1778516069
|move|p1a: Cinderace|Court Change|p1a: Cinderace
|-start|p1a: Cinderace|typechange|Normal|[from] ability: Libero
|-swapsideconditions
|-activate|p1a: Cinderace|move: Court Change
|move|p2a: Zapdos|Thunder Wave|p1a: Cinderace
|-status|p1a: Cinderace|par
|
|upkeep
|turn|13
|
|t:|1778516076
|move|p2a: Zapdos|Roost|p2a: Zapdos
|-heal|p2a: Zapdos|100/100
|-singleturn|p2a: Zapdos|move: Roost
|move|p1a: Cinderace|U-turn|p2a: Zapdos
|-damage|p2a: Zapdos|84/100
|
|t:|1778516079
|switch|p1a: Salazzle|Salazzle, F|100/100|[from] U-turn
|-item|p1a: Salazzle|Air Balloon
|
|upkeep
|turn|14
|
|t:|1778516083
|move|p1a: Salazzle|Encore|p2a: Zapdos
|-start|p2a: Zapdos|Encore
|move|p2a: Zapdos|Roost|p2a: Zapdos
|-heal|p2a: Zapdos|100/100
|-singleturn|p2a: Zapdos|move: Roost
|
|upkeep
|turn|15
|
|t:|1778516098
|switch|p2a: Ceruledge|Ceruledge, M|100/100
|move|p1a: Salazzle|Substitute|p1a: Salazzle
|-start|p1a: Salazzle|Substitute
|-damage|p1a: Salazzle|76/100
|
|upkeep
|turn|16
|
|t:|1778516106
|move|p1a: Salazzle|Toxic|p2a: Ceruledge
|-status|p2a: Ceruledge|tox
|move|p2a: Ceruledge|Poltergeist|p1a: Salazzle
|-activate|p1a: Salazzle|move: Poltergeist|Air Balloon
|-end|p1a: Salazzle|Substitute
|-enditem|p1a: Salazzle|Air Balloon
|
|-damage|p2a: Ceruledge|94/100 tox|[from] psn
|upkeep
|turn|17
|
|t:|1778516117
|move|p1a: Salazzle|Substitute|p1a: Salazzle
|-start|p1a: Salazzle|Substitute
|-damage|p1a: Salazzle|51/100
|move|p2a: Ceruledge|Swords Dance|p2a: Ceruledge
|-boost|p2a: Ceruledge|atk|2
|
|-damage|p2a: Ceruledge|82/100 tox|[from] psn
|upkeep
|turn|18
|
|t:|1778516119
|move|p2a: Ceruledge|Shadow Sneak|p1a: Salazzle
|-end|p1a: Salazzle|Substitute
|move|p1a: Salazzle|Encore|p2a: Ceruledge
|-start|p2a: Ceruledge|Encore
|
|-damage|p2a: Ceruledge|64/100 tox|[from] psn
|upkeep
|turn|19
|
|t:|1778516127
|switch|p1a: Alomomola|Alomomola, M|48/100
|move|p2a: Ceruledge|Shadow Sneak|p1a: Alomomola
|-damage|p1a: Alomomola|26/100
|
|-damage|p2a: Ceruledge|40/100 tox|[from] psn
|upkeep
|turn|20
|
|t:|1778516133
|switch|p2a: Samurott|Samurott-Hisui, F|37/100
|-damage|p2a: Samurott|21/100|[from] Spikes
|move|p1a: Alomomola|Wish|p1a: Alomomola
|
|upkeep
|turn|21
|
|t:|1778516139
|move|p1a: Alomomola|Protect|p1a: Alomomola
|-singleturn|p1a: Alomomola|Protect
|move|p2a: Samurott|Ceaseless Edge|p1a: Alomomola
|-activate|p1a: Alomomola|move: Protect
|
|-heal|p1a: Alomomola|76/100|[from] move: Wish|[wisher] Alomomola
|upkeep
|turn|22
|
|t:|1778516147
|move|p2a: Samurott|Ceaseless Edge|p1a: Alomomola
|-damage|p1a: Alomomola|55/100
|-sidestart|p1: kingteth1991|Spikes
|move|p1a: Alomomola|Flip Turn|p2a: Samurott
|-resisted|p2a: Samurott
|-damage|p2a: Samurott|14/100
|
|t:|1778516152
|switch|p1a: Gliscor|Gliscor, F|100/100 tox|[from] Flip Turn
|
|upkeep
|turn|23
|
|t:|1778516157
|move|p1a: Gliscor|Earthquake|p2a: Samurott
|-damage|p2a: Samurott|0 fnt
|faint|p2a: Samurott
|
|upkeep
|
|t:|1778516162
|switch|p2a: Iron Treads|Iron Treads|100/100
|-damage|p2a: Iron Treads|84/100|[from] Spikes
|turn|24
|
|t:|1778516167
|move|p2a: Iron Treads|Stealth Rock|p1a: Gliscor
|-sidestart|p1: kingteth1991|move: Stealth Rock
|move|p1a: Gliscor|Earthquake|p2a: Iron Treads
|-supereffective|p2a: Iron Treads
|-damage|p2a: Iron Treads|22/100
|
|-heal|p2a: Iron Treads|28/100|[from] item: Leftovers
|upkeep
|turn|25
|
|t:|1778516186
|-end|p2a: Iron Treads|Quark Drive|[silent]
|switch|p2a: Zapdos|Zapdos|100/100
|move|p1a: Gliscor|Earthquake|p2a: Zapdos
|-immune|p2a: Zapdos
|
|upkeep
|turn|26
|
|t:|1778516189
|move|p1a: Gliscor|Toxic|p2a: Zapdos
|-status|p2a: Zapdos|tox
|move|p2a: Zapdos|Hurricane|p1a: Gliscor
|-damage|p1a: Gliscor|48/100 tox
|
|-heal|p1a: Gliscor|60/100 tox|[from] ability: Poison Heal
|-damage|p2a: Zapdos|94/100 tox|[from] psn
|upkeep
|turn|27
|
|t:|1778516197
|switch|p2a: Kingambit|Kingambit, M|100/100
|-damage|p2a: Kingambit|84/100|[from] Spikes
|-activate|p2a: Kingambit|ability: Supreme Overlord
|-start|p2a: Kingambit|fallen1|[silent]
|move|p1a: Gliscor|Protect||[still]
|-fail|p1a: Gliscor
|
|-heal|p2a: Kingambit|90/100|[from] item: Leftovers
|-heal|p1a: Gliscor|73/100 tox|[from] ability: Poison Heal
|upkeep
|turn|28
|
|t:|1778516200
|-terastallize|p2a: Kingambit|Fighting
|move|p1a: Gliscor|Earthquake|p2a: Kingambit
|-damage|p2a: Kingambit|60/100
|move|p2a: Kingambit|Swords Dance|p2a: Kingambit
|-boost|p2a: Kingambit|atk|2
|
|-heal|p2a: Kingambit|66/100|[from] item: Leftovers
|-heal|p1a: Gliscor|85/100 tox|[from] ability: Poison Heal
|upkeep
|turn|29
|
|t:|1778516204
|move|p1a: Gliscor|Toxic|p2a: Kingambit|[miss]
|-miss|p1a: Gliscor|p2a: Kingambit
|move|p2a: Kingambit|Iron Head|p1a: Gliscor
|-damage|p1a: Gliscor|14/100 tox
|
|-heal|p2a: Kingambit|72/100|[from] item: Leftovers
|-heal|p1a: Gliscor|26/100 tox|[from] ability: Poison Heal
|upkeep
|turn|30
|
|t:|1778516209
|move|p1a: Gliscor|Toxic|p2a: Kingambit
|-status|p2a: Kingambit|tox
|move|p2a: Kingambit|Iron Head|p1a: Gliscor
|-damage|p1a: Gliscor|0 fnt
|faint|p1a: Gliscor
|
|-heal|p2a: Kingambit|79/100 tox|[from] item: Leftovers
|-damage|p2a: Kingambit|72/100 tox|[from] psn
|upkeep
|
|t:|1778516217
|switch|p1a: Alomomola|Alomomola, M|88/100
|-damage|p1a: Alomomola|76/100|[from] Spikes
|-damage|p1a: Alomomola|63/100|[from] Stealth Rock
|turn|31
|
|t:|1778516229
|move|p2a: Kingambit|Swords Dance|p2a: Kingambit
|-boost|p2a: Kingambit|atk|2
|move|p1a: Alomomola|Wish|p1a: Alomomola
|
|-heal|p2a: Kingambit|79/100 tox|[from] item: Leftovers
|-damage|p2a: Kingambit|66/100 tox|[from] psn
|upkeep
|turn|32
|
|t:|1778516234
|move|p2a: Kingambit|Swords Dance|p2a: Kingambit
|-boost|p2a: Kingambit|atk|2
|move|p1a: Alomomola|Scald|p2a: Kingambit
|-damage|p2a: Kingambit|50/100 tox
|
|-heal|p1a: Alomomola|100/100|[from] move: Wish|[wisher] Alomomola
|-heal|p2a: Kingambit|57/100 tox|[from] item: Leftovers
|-damage|p2a: Kingambit|38/100 tox|[from] psn
|upkeep
|turn|33
|
|t:|1778516240
|move|p1a: Alomomola|Protect|p1a: Alomomola
|-singleturn|p1a: Alomomola|Protect
|move|p2a: Kingambit|Low Kick|p1a: Alomomola
|-activate|p1a: Alomomola|move: Protect
|
|-heal|p2a: Kingambit|44/100 tox|[from] item: Leftovers
|-damage|p2a: Kingambit|20/100 tox|[from] psn
|upkeep
|turn|34
|
|t:|1778516245
|move|p2a: Kingambit|Low Kick|p1a: Alomomola
|-damage|p1a: Alomomola|19/100
|move|p1a: Alomomola|Wish|p1a: Alomomola
|
|-heal|p2a: Kingambit|26/100 tox|[from] item: Leftovers
|-damage|p2a: Kingambit|0 fnt|[from] psn
|faint|p2a: Kingambit
|-end|p2a: Kingambit|fallen1|[silent]
|upkeep
|
|t:|1778516250
|switch|p2a: Zapdos|Zapdos|94/100 tox
|turn|35
|
|t:|1778516256
|move|p1a: Alomomola|Protect|p1a: Alomomola
|-singleturn|p1a: Alomomola|Protect
|move|p2a: Zapdos|Volt Switch|p1a: Alomomola
|-activate|p1a: Alomomola|move: Protect
|
|-heal|p1a: Alomomola|69/100|[from] move: Wish|[wisher] Alomomola
|-damage|p2a: Zapdos|88/100 tox|[from] psn
|upkeep
|turn|36
|
|t:|1778516265
|switch|p1a: Slowking|Slowking-Galar, M|100/100
|-damage|p1a: Slowking|88/100|[from] Spikes
|-damage|p1a: Slowking|76/100|[from] Stealth Rock
|move|p2a: Zapdos|Volt Switch|p1a: Slowking
|-crit|p1a: Slowking
|-damage|p1a: Slowking|52/100
|
|t:|1778516267
|switch|p2a: Gholdengo|Gholdengo|50/100|[from] Volt Switch
|-damage|p2a: Gholdengo|33/100|[from] Spikes
|
|upkeep
|turn|37
|
|t:|1778516274
|move|p2a: Gholdengo|Recover|p2a: Gholdengo
|-heal|p2a: Gholdengo|83/100
|move|p1a: Slowking|Flamethrower|p2a: Gholdengo
|-supereffective|p2a: Gholdengo
|-damage|p2a: Gholdengo|23/100
|
|upkeep
|turn|38
|
|t:|1778516277
|move|p2a: Gholdengo|Recover|p2a: Gholdengo
|-heal|p2a: Gholdengo|73/100
|move|p1a: Slowking|Flamethrower|p2a: Gholdengo
|-supereffective|p2a: Gholdengo
|-damage|p2a: Gholdengo|12/100
|
|upkeep
|turn|39
|
|t:|1778516283
|switch|p2a: Ceruledge|Ceruledge, M|40/100 tox
|move|p1a: Slowking|Flamethrower|p2a: Ceruledge
|-resisted|p2a: Ceruledge
|-damage|p2a: Ceruledge|26/100 tox
|
|-damage|p2a: Ceruledge|20/100 tox|[from] psn
|upkeep
|turn|40
|
|t:|1778516288
|switch|p1a: Alomomola|Alomomola, M|100/100
|-damage|p1a: Alomomola|88/100|[from] Spikes
|-damage|p1a: Alomomola|76/100|[from] Stealth Rock
|move|p2a: Ceruledge|Bitter Blade|p1a: Alomomola
|-resisted|p1a: Alomomola
|-damage|p1a: Alomomola|62/100
|-heal|p2a: Ceruledge|31/100 tox|[from] drain|[of] p1a: Alomomola
|
|-damage|p2a: Ceruledge|19/100 tox|[from] psn
|upkeep
|turn|41
|
|t:|1778516297
|switch|p2a: Gholdengo|Gholdengo|12/100
|-damage|p2a: Gholdengo|0 fnt|[from] Spikes
|faint|p2a: Gholdengo
|move|p1a: Alomomola|Wish|p1a: Alomomola
|
|upkeep
|
|t:|1778516300
|switch|p2a: Iron Treads|Iron Treads|28/100
|-damage|p2a: Iron Treads|11/100|[from] Spikes
|turn|42
|
|t:|1778516307
|move|p2a: Iron Treads|Rapid Spin|p1a: Alomomola
|-damage|p1a: Alomomola|53/100
|-boost|p2a: Iron Treads|spe|1
|-sideend|p2: newgensbetter|Spikes|[from] move: Rapid Spin|[of] p2a: Iron Treads
|move|p1a: Alomomola|Scald|p2a: Iron Treads
|-supereffective|p2a: Iron Treads
|-damage|p2a: Iron Treads|0 fnt
|faint|p2a: Iron Treads
|-end|p2a: Iron Treads|Quark Drive|[silent]
|
|-heal|p1a: Alomomola|100/100|[from] move: Wish|[wisher] Alomomola
|upkeep
|
|t:|1778516312
|switch|p2a: Ceruledge|Ceruledge, M|19/100 tox
|turn|43
|
|t:|1778516319
|move|p2a: Ceruledge|Swords Dance|p2a: Ceruledge
|-boost|p2a: Ceruledge|atk|2
|move|p1a: Alomomola|Wish|p1a: Alomomola
|
|-damage|p2a: Ceruledge|13/100 tox|[from] psn
|upkeep
|turn|44
|
|t:|1778516322
|move|p2a: Ceruledge|Bitter Blade|p1a: Alomomola
|-resisted|p1a: Alomomola
|-damage|p1a: Alomomola|73/100
|-heal|p2a: Ceruledge|34/100 tox|[from] drain|[of] p1a: Alomomola
|move|p1a: Alomomola|Scald|p2a: Ceruledge
|-supereffective|p2a: Ceruledge
|-crit|p2a: Ceruledge
|-damage|p2a: Ceruledge|0 fnt
|faint|p2a: Ceruledge
|
|-heal|p1a: Alomomola|100/100|[from] move: Wish|[wisher] Alomomola
|upkeep
|
|t:|1778516328
|switch|p2a: Zapdos|Zapdos|88/100 tox
|turn|45
|
|t:|1778516341
|switch|p1a: Cinderace|Cinderace, M|100/100 par
|move|p2a: Zapdos|Volt Switch|p1a: Cinderace
|-damage|p1a: Cinderace|60/100 par
|
|-damage|p2a: Zapdos|82/100 tox|[from] psn
|upkeep
|turn|46
|
|t:|1778516348
|move|p2a: Zapdos|Hurricane|p1a: Cinderace
|-damage|p1a: Cinderace|0 fnt
|faint|p1a: Cinderace
|
|-damage|p2a: Zapdos|70/100 tox|[from] psn
|upkeep
|
|t:|1778516354
|switch|p1a: Slowking|Slowking-Galar, M|85/100
|-damage|p1a: Slowking|73/100|[from] Spikes
|-damage|p1a: Slowking|60/100|[from] Stealth Rock
|turn|47
|
|t:|1778516358
|move|p2a: Zapdos|Hurricane|p1a: Slowking
|-damage|p1a: Slowking|36/100
|move|p1a: Slowking|Future Sight|p2a: Zapdos
|-start|p1a: Slowking|move: Future Sight
|
|-damage|p2a: Zapdos|52/100 tox|[from] psn
|upkeep
|turn|48
|
|t:|1778516368
|switch|p1a: Alomomola|Alomomola, M|100/100
|-damage|p1a: Alomomola|88/100|[from] Spikes
|-damage|p1a: Alomomola|76/100|[from] Stealth Rock
|move|p2a: Zapdos|Hurricane|p1a: Alomomola
|-damage|p1a: Alomomola|19/100
|-start|p1a: Alomomola|confusion
|
|-damage|p2a: Zapdos|28/100 tox|[from] psn
|upkeep
|turn|49
|
|t:|1778516377
|move|p2a: Zapdos|Roost|p2a: Zapdos
|-heal|p2a: Zapdos|79/100 tox
|-singleturn|p2a: Zapdos|move: Roost
|-activate|p1a: Alomomola|confusion
|move|p1a: Alomomola|Scald|p2a: Zapdos
|-damage|p2a: Zapdos|66/100 tox
|
|-end|p2a: Zapdos|move: Future Sight
|-damage|p2a: Zapdos|7/100 tox
|-damage|p2a: Zapdos|0 fnt|[from] psn
|faint|p2a: Zapdos
|
|win|kingteth1991
|raw|kingteth1991's rating: 1591 &rarr; <strong>1614</strong><br />(+23 for winning)
|raw|newgensbetter's rating: 1636 &rarr; <strong>1613</strong><br />(-23 for losing)
|l|☆kingteth1991
|player|p1|
|l|☆newgensbetter
|player|p2|
