|html|<div class="broadcast-blue"><strong>[Gen 9] OU is currently suspecting Tera Blast! For information on how to participate check out the <a href="https://www.smogon.com/tools/suspects/view/200">suspect thread</a>.</strong></div>
|j|☆no ratings
|j|☆EddusEatzAlot
|t:|1776155716
|gametype|singles
|player|p1|no ratings|policeman-gen4|1569
|player|p2|EddusEatzAlot|steven|1522
|gen|9
|tier|[Gen 9] OU
|rated|
|rule|HP Percentage Mod: HP is shown in percentages
|rule|Endless Battle Clause: Forcing endless battles is banned
|rule|Species Clause: Limit one of each Pokémon
|rule|OHKO Clause: OHKO moves are banned
|rule|Evasion Items Clause: Evasion items are banned
|rule|Evasion Moves Clause: Evasion moves are banned
|rule|Evasion Abilities Clause: Evasion abilities are banned
|rule|Sleep Moves Clause: Sleep-inducing moves are banned
|clearpoke
|poke|p1|Tyranitar, F|
|poke|p1|Hydrapple, M|
|poke|p1|Gliscor, F|
|poke|p1|Alomomola, F|
|poke|p1|Excadrill, M|
|poke|p1|Zapdos|
|poke|p2|Tyranitar, M|
|poke|p2|Dragapult, M|
|poke|p2|Great Tusk|
|poke|p2|Alomomola, M|
|poke|p2|Lokix, M|
|poke|p2|Corviknight, F|
|teampreview
|
|t:|1776155746
|teamsize|p1|6
|teamsize|p2|6
|start
|switch|p1a: Calm Before The -|Zapdos|100/100
|switch|p2a: Tyranitar|Tyranitar, M|100/100
|-weather|Sandstorm|[from] ability: Sand Stream|[of] p2a: Tyranitar
|turn|1
|
|t:|1776155752
|move|p1a: Calm Before The -|Volt Switch|p2a: Tyranitar
|-damage|p2a: Tyranitar|83/100
|
|t:|1776155762
|switch|p1a: To Be So Lonely|Tyranitar, F|100/100|[from] Volt Switch
|move|p2a: Tyranitar|Stealth Rock|p1a: To Be So Lonely
|-sidestart|p1: no ratings|move: Stealth Rock
|
|-weather|Sandstorm|[upkeep]
|upkeep
|turn|2
|inactive|Battle timer is ON: inactive players will automatically lose when time's up. (requested by no ratings)
|
|t:|1776155771
|switch|p2a: Corviknight|Corviknight, F|100/100
|-ability|p2a: Corviknight|Pressure
|move|p1a: To Be So Lonely|Stealth Rock|p2a: Corviknight
|-sidestart|p2: EddusEatzAlot|move: Stealth Rock
|
|-weather|Sandstorm|[upkeep]
|upkeep
|turn|3
|
|t:|1776155777
|move|p1a: To Be So Lonely|Knock Off|p2a: Corviknight
|-damage|p2a: Corviknight|75/100
|-damage|p1a: To Be So Lonely|84/100|[from] item: Rocky Helmet|[of] p2a: Corviknight
|-enditem|p2a: Corviknight|Rocky Helmet|[from] move: Knock Off|[of] p1a: To Be So Lonely
|move|p2a: Corviknight|U-turn|p1a: To Be So Lonely
|-supereffective|p1a: To Be So Lonely
|-crit|p1a: To Be So Lonely
|-damage|p1a: To Be So Lonely|50/100
|
|t:|1776155783
|switch|p2a: Great Tusk|Great Tusk|100/100|[from] U-turn
|
|-weather|Sandstorm|[upkeep]
|upkeep
|turn|4
|
|t:|1776155789
|move|p2a: Great Tusk|Knock Off|p1a: To Be So Lonely
|-resisted|p1a: To Be So Lonely
|-damage|p1a: To Be So Lonely|37/100
|-enditem|p1a: To Be So Lonely|Heavy-Duty Boots|[from] move: Knock Off|[of] p2a: Great Tusk
|move|p1a: To Be So Lonely|Ice Beam|p2a: Great Tusk
|-supereffective|p2a: Great Tusk
|-damage|p2a: Great Tusk|41/100
|
|-weather|Sandstorm|[upkeep]
|upkeep
|turn|5
|
|t:|1776155800
|switch|p1a: Claws of Justice|Gliscor, F|100/100
|-damage|p1a: Claws of Justice|88/100|[from] Stealth Rock
|move|p2a: Great Tusk|Headlong Rush|p1a: Claws of Justice
|-immune|p1a: Claws of Justice
|
|-weather|none
|-status|p1a: Claws of Justice|tox|[from] item: Toxic Orb
|upkeep
|turn|6
|
|t:|1776155808
|move|p1a: Claws of Justice|Protect|p1a: Claws of Justice
|-singleturn|p1a: Claws of Justice|Protect
|move|p2a: Great Tusk|Rapid Spin|p1a: Claws of Justice
|-activate|p1a: Claws of Justice|move: Protect
|
|-heal|p1a: Claws of Justice|100/100 tox|[from] ability: Poison Heal
|upkeep
|turn|7
|
|t:|1776155819
|switch|p1a: Calm Before The -|Zapdos|100/100
|move|p2a: Great Tusk|Ice Spinner|p1a: Calm Before The -
|-supereffective|p1a: Calm Before The -
|-damage|p1a: Calm Before The -|57/100
|
|upkeep
|turn|8
|
|t:|1776155826
|move|p2a: Great Tusk|Knock Off|p1a: Calm Before The -
|-damage|p1a: Calm Before The -|33/100
|-status|p2a: Great Tusk|par|[from] ability: Static|[of] p1a: Calm Before The -
|-enditem|p1a: Calm Before The -|Heavy-Duty Boots|[from] move: Knock Off|[of] p2a: Great Tusk
|move|p1a: Calm Before The -|Roost|p1a: Calm Before The -
|-heal|p1a: Calm Before The -|83/100
|-singleturn|p1a: Calm Before The -|move: Roost
|
|upkeep
|turn|9
|
|t:|1776155831
|move|p1a: Calm Before The -|Hurricane|p2a: Great Tusk
|-supereffective|p2a: Great Tusk
|-damage|p2a: Great Tusk|0 fnt
|faint|p2a: Great Tusk
|-end|p2a: Great Tusk|Protosynthesis|[silent]
|
|upkeep
|
|t:|1776155835
|switch|p2a: Tyranitar|Tyranitar, M|83/100
|-weather|Sandstorm|[from] ability: Sand Stream|[of] p2a: Tyranitar
|turn|10
|
|t:|1776155840
|move|p1a: Calm Before The -|Volt Switch|p2a: Tyranitar
|-damage|p2a: Tyranitar|67/100
|
|t:|1776155850
|switch|p1a: To Be So Lonely|Tyranitar, F|37/100|[from] Volt Switch
|-damage|p1a: To Be So Lonely|25/100|[from] Stealth Rock
|move|p2a: Tyranitar|Knock Off|p1a: To Be So Lonely
|-resisted|p1a: To Be So Lonely
|-damage|p1a: To Be So Lonely|9/100
|
|-weather|Sandstorm|[upkeep]
|upkeep
|turn|11
|
|t:|1776155860
|switch|p2a: Corviknight|Corviknight, F|75/100
|-damage|p2a: Corviknight|63/100|[from] Stealth Rock
|-ability|p2a: Corviknight|Pressure
|move|p1a: To Be So Lonely|Knock Off|p2a: Corviknight
|-damage|p2a: Corviknight|46/100
|
|-weather|Sandstorm|[upkeep]
|upkeep
|turn|12
|
|t:|1776155864
|move|p2a: Corviknight|Roost|p2a: Corviknight
|-heal|p2a: Corviknight|96/100
|-singleturn|p2a: Corviknight|move: Roost
|move|p1a: To Be So Lonely|Roar|p2a: Corviknight
|drag|p2a: Lokix|Lokix, M|100/100
|-damage|p2a: Lokix|76/100|[from] Stealth Rock
|
|-weather|Sandstorm|[upkeep]
|-damage|p2a: Lokix|70/100|[from] Sandstorm
|upkeep
|turn|13
|
|t:|1776155872
|move|p2a: Lokix|U-turn|p1a: To Be So Lonely
|-supereffective|p1a: To Be So Lonely
|-damage|p1a: To Be So Lonely|0 fnt
|faint|p1a: To Be So Lonely
|
|t:|1776155879
|switch|p2a: Alomomola|Alomomola, M|100/100|[from] U-turn
|
|-weather|Sandstorm|[upkeep]
|-damage|p2a: Alomomola|94/100|[from] Sandstorm
|upkeep
|
|t:|1776155883
|switch|p1a: Tree Trunks|Hydrapple, M|100/100
|turn|14
|
|t:|1776155890
|move|p1a: Tree Trunks|Fickle Beam|p2a: Alomomola
|-crit|p2a: Alomomola
|-damage|p2a: Alomomola|24/100
|move|p2a: Alomomola|Flip Turn|p1a: Tree Trunks
|-resisted|p1a: Tree Trunks
|-damage|p1a: Tree Trunks|97/100
|
|t:|1776155896
|switch|p2a: Corviknight|Corviknight, F|96/100|[from] Flip Turn
|-damage|p2a: Corviknight|83/100|[from] Stealth Rock
|-ability|p2a: Corviknight|Pressure
|
|-weather|none
|upkeep
|turn|15
|
|t:|1776155902
|switch|p1a: Calm Before The -|Zapdos|83/100
|-damage|p1a: Calm Before The -|58/100|[from] Stealth Rock
|move|p2a: Corviknight|Defog|p1a: Calm Before The -
|-unboost|p1a: Calm Before The -|evasion|1
|-sideend|p1: no ratings|Stealth Rock|[from] move: Defog|[of] p2a: Corviknight
|-sideend|p2: EddusEatzAlot|Stealth Rock|[from] move: Defog|[of] p2a: Corviknight
|
|upkeep
|turn|16
|
|t:|1776155912
|switch|p2a: Tyranitar|Tyranitar, M|67/100
|-weather|Sandstorm|[from] ability: Sand Stream|[of] p2a: Tyranitar
|move|p1a: Calm Before The -|Volt Switch|p2a: Tyranitar
|-damage|p2a: Tyranitar|50/100
|
|t:|1776155914
|switch|p1a: Juggernog|Excadrill, M|100/100|[from] Volt Switch
|
|-weather|Sandstorm|[upkeep]
|upkeep
|turn|17
|
|t:|1776155922
|switch|p1a: Calm Before The -|Zapdos|58/100
|switch|p2a: Corviknight|Corviknight, F|83/100
|-ability|p2a: Corviknight|Pressure
|
|-weather|Sandstorm|[upkeep]
|-damage|p1a: Calm Before The -|52/100|[from] Sandstorm
|upkeep
|turn|18
|
|t:|1776155926
|move|p1a: Calm Before The -|Volt Switch|p2a: Corviknight
|-supereffective|p2a: Corviknight
|-damage|p2a: Corviknight|29/100
|
|t:|1776155931
|switch|p1a: Tree Trunks|Hydrapple, M|100/100|[from] Volt Switch
|move|p2a: Corviknight|Roost|p2a: Corviknight
|-heal|p2a: Corviknight|79/100
|-singleturn|p2a: Corviknight|move: Roost
|
|-weather|Sandstorm|[upkeep]
|-damage|p1a: Tree Trunks|94/100|[from] Sandstorm
|upkeep
|turn|19
|
|t:|1776155935
|move|p2a: Corviknight|U-turn|p1a: Tree Trunks
|-supereffective|p1a: Tree Trunks
|-damage|p1a: Tree Trunks|73/100
|
|t:|1776155941
|switch|p2a: Dragapult|Dragapult, M|100/100|[from] U-turn
|move|p1a: Tree Trunks|Nasty Plot|p1a: Tree Trunks
|-boost|p1a: Tree Trunks|spa|2
|
|-weather|Sandstorm|[upkeep]
|-damage|p2a: Dragapult|95/100|[from] Sandstorm
|-damage|p1a: Tree Trunks|66/100|[from] Sandstorm
|upkeep
|turn|20
|
|t:|1776155949
|-terastallize|p1a: Tree Trunks|Fairy
|move|p2a: Dragapult|Dragon Darts|p1a: Tree Trunks
|-immune|p1a: Tree Trunks
|move|p1a: Tree Trunks|Fickle Beam|p2a: Dragapult|[anim] Fickle Beam All Out
|-activate|p1a: Tree Trunks|move: Fickle Beam
|-supereffective|p2a: Dragapult
|-damage|p2a: Dragapult|0 fnt
|faint|p2a: Dragapult
|
|-weather|none
|upkeep
|
|t:|1776155954
|switch|p2a: Lokix|Lokix, M|70/100
|turn|21
|
|t:|1776155959
|-terastallize|p2a: Lokix|Bug
|move|p2a: Lokix|U-turn|p1a: Tree Trunks
|-resisted|p1a: Tree Trunks
|-damage|p1a: Tree Trunks|16/100
|
|t:|1776155964
|switch|p2a: Corviknight|Corviknight, F|79/100|[from] U-turn
|-ability|p2a: Corviknight|Pressure
|move|p1a: Tree Trunks|Giga Drain|p2a: Corviknight
|-resisted|p2a: Corviknight
|-damage|p2a: Corviknight|60/100
|-heal|p1a: Tree Trunks|26/100|[from] drain|[of] p2a: Corviknight
|
|upkeep
|turn|22
|
|t:|1776155973
|switch|p1a: Calm Before The -|Zapdos|52/100
|move|p2a: Corviknight|Brave Bird|p1a: Calm Before The -
|-resisted|p1a: Calm Before The -
|-damage|p1a: Calm Before The -|39/100
|-damage|p2a: Corviknight|56/100|[from] Recoil
|
|upkeep
|turn|23
|
|t:|1776155980
|move|p1a: Calm Before The -|Thunder Wave|p2a: Corviknight
|-status|p2a: Corviknight|par
|move|p2a: Corviknight|Roost|p2a: Corviknight
|-heal|p2a: Corviknight|100/100 par
|-singleturn|p2a: Corviknight|move: Roost
|
|upkeep
|turn|24
|
|t:|1776155986
|move|p1a: Calm Before The -|Roost|p1a: Calm Before The -
|-heal|p1a: Calm Before The -|89/100
|-singleturn|p1a: Calm Before The -|move: Roost
|cant|p2a: Corviknight|par
|
|upkeep
|turn|25
|
|t:|1776155991
|move|p1a: Calm Before The -|Hurricane|p2a: Corviknight
|-resisted|p2a: Corviknight
|-damage|p2a: Corviknight|78/100 par
|-start|p2a: Corviknight|confusion
|-activate|p2a: Corviknight|confusion
|-damage|p2a: Corviknight|73/100 par|[from] confusion
|
|upkeep
|turn|26
|
|t:|1776155997
|move|p1a: Calm Before The -|Volt Switch|p2a: Corviknight
|-supereffective|p2a: Corviknight
|-damage|p2a: Corviknight|19/100 par
|
|t:|1776156001
|switch|p1a: Claws of Justice|Gliscor, F|100/100 tox|[from] Volt Switch
|-end|p2a: Corviknight|confusion
|move|p2a: Corviknight|U-turn|p1a: Claws of Justice
|-resisted|p1a: Claws of Justice
|-damage|p1a: Claws of Justice|95/100 tox
|
|t:|1776156008
|switch|p2a: Alomomola|Alomomola, M|57/100|[from] U-turn
|
|-heal|p1a: Claws of Justice|100/100 tox|[from] ability: Poison Heal
|upkeep
|turn|27
|
|t:|1776156012
|move|p1a: Claws of Justice|Swords Dance|p1a: Claws of Justice
|-boost|p1a: Claws of Justice|atk|2
|move|p2a: Alomomola|Wish|p2a: Alomomola
|
|upkeep
|turn|28
|
|t:|1776156017
|move|p1a: Claws of Justice|Protect|p1a: Claws of Justice
|-singleturn|p1a: Claws of Justice|Protect
|move|p2a: Alomomola|Tickle|p1a: Claws of Justice
|-activate|p1a: Claws of Justice|move: Protect
|
|-heal|p2a: Alomomola|100/100|[from] move: Wish|[wisher] Alomomola
|upkeep
|turn|29
|
|t:|1776156020
|move|p1a: Claws of Justice|Swords Dance|p1a: Claws of Justice
|-boost|p1a: Claws of Justice|atk|2
|move|p2a: Alomomola|Tickle|p1a: Claws of Justice
|-unboost|p1a: Claws of Justice|atk|1
|-unboost|p1a: Claws of Justice|def|1
|
|upkeep
|turn|30
|
|t:|1776156023
|move|p1a: Claws of Justice|Earthquake|p2a: Alomomola
|-damage|p2a: Alomomola|58/100
|move|p2a: Alomomola|Tickle|p1a: Claws of Justice
|-unboost|p1a: Claws of Justice|atk|1
|-unboost|p1a: Claws of Justice|def|1
|
|upkeep
|turn|31
|
|t:|1776156028
|switch|p1a: Tree Trunks|Hydrapple, M, tera:Fairy|59/100
|move|p2a: Alomomola|Flip Turn|p1a: Tree Trunks
|-damage|p1a: Tree Trunks|47/100
|
|t:|1776156031
|switch|p2a: Lokix|Lokix, M, tera:Bug|70/100|[from] Flip Turn
|
|upkeep
|turn|32
|
|t:|1776156035
|switch|p1a: Fish|Alomomola, F|100/100
|move|p2a: Lokix|Leech Life|p1a: Fish
|-damage|p1a: Fish|38/100
|-heal|p2a: Lokix|100/100|[from] drain|[of] p1a: Fish
|
|upkeep
|turn|33
|
|t:|1776156044
|switch|p1a: Calm Before The -|Zapdos|89/100
|move|p2a: Lokix|Leech Life|p1a: Calm Before The -
|-resisted|p1a: Calm Before The -
|-damage|p1a: Calm Before The -|34/100
|
|upkeep
|turn|34
|
|t:|1776156076
|move|p2a: Lokix|Leech Life|p1a: Calm Before The -
|-resisted|p1a: Calm Before The -
|-damage|p1a: Calm Before The -|0 fnt
|faint|p1a: Calm Before The -
|
|upkeep
|
|t:|1776156079
|switch|p1a: Juggernog|Excadrill, M|100/100
|turn|35
|
|t:|1776156083
|move|p1a: Juggernog|Rock Slide|p2a: Lokix
|-supereffective|p2a: Lokix
|-damage|p2a: Lokix|16/100
|move|p2a: Lokix|Leech Life|p1a: Juggernog
|-resisted|p1a: Juggernog
|-damage|p1a: Juggernog|0 fnt
|-heal|p2a: Lokix|80/100|[from] drain|[of] p1a: Juggernog
|faint|p1a: Juggernog
|
|upkeep
|
|t:|1776156095
|switch|p1a: Claws of Justice|Gliscor, F|100/100 tox
|turn|36
|
|t:|1776156101
|move|p2a: Lokix|Leech Life|p1a: Claws of Justice
|-resisted|p1a: Claws of Justice
|-damage|p1a: Claws of Justice|37/100 tox
|-heal|p2a: Lokix|100/100|[from] drain|[of] p1a: Claws of Justice
|move|p1a: Claws of Justice|Ice Fang|p2a: Lokix
|-damage|p2a: Lokix|80/100
|
|-heal|p1a: Claws of Justice|50/100 tox|[from] ability: Poison Heal
|upkeep
|turn|37
|
|t:|1776156108
|move|p1a: Claws of Justice|Protect|p1a: Claws of Justice
|-singleturn|p1a: Claws of Justice|Protect
|move|p2a: Lokix|Leech Life|p1a: Claws of Justice
|-activate|p1a: Claws of Justice|move: Protect
|
|-heal|p1a: Claws of Justice|62/100 tox|[from] ability: Poison Heal
|upkeep
|turn|38
|
|t:|1776156112
|move|p2a: Lokix|Leech Life|p1a: Claws of Justice
|-resisted|p1a: Claws of Justice
|-damage|p1a: Claws of Justice|3/100 tox
|-heal|p2a: Lokix|100/100|[from] drain|[of] p1a: Claws of Justice
|move|p1a: Claws of Justice|Ice Fang|p2a: Lokix
|-damage|p2a: Lokix|80/100
|
|-heal|p1a: Claws of Justice|15/100 tox|[from] ability: Poison Heal
|upkeep
|turn|39
|
|t:|1776156116
|move|p1a: Claws of Justice|Protect|p1a: Claws of Justice
|-singleturn|p1a: Claws of Justice|Protect
|move|p2a: Lokix|Leech Life|p1a: Claws of Justice
|-activate|p1a: Claws of Justice|move: Protect
|
|-heal|p1a: Claws of Justice|28/100 tox|[from] ability: Poison Heal
|upkeep
|turn|40
|
|t:|1776156133
|move|p2a: Lokix|Leech Life|p1a: Claws of Justice
|-resisted|p1a: Claws of Justice
|-damage|p1a: Claws of Justice|0 fnt
|-heal|p2a: Lokix|97/100|[from] drain|[of] p1a: Claws of Justice
|faint|p1a: Claws of Justice
|
|upkeep
|
|t:|1776156135
|switch|p1a: Tree Trunks|Hydrapple, M, tera:Fairy|81/100
|turn|41
|
|t:|1776156139
|switch|p2a: Corviknight|Corviknight, F|19/100 par
|-ability|p2a: Corviknight|Pressure
|move|p1a: Tree Trunks|Fickle Beam|p2a: Corviknight
|-resisted|p2a: Corviknight
|-damage|p2a: Corviknight|0 fnt
|faint|p2a: Corviknight
|
|upkeep
|
|t:|1776156141
|switch|p2a: Tyranitar|Tyranitar, M|50/100
|-weather|Sandstorm|[from] ability: Sand Stream|[of] p2a: Tyranitar
|turn|42
|
|t:|1776156144
|switch|p1a: Fish|Alomomola, F|71/100
|move|p2a: Tyranitar|Stone Edge|p1a: Fish|[miss]
|-miss|p2a: Tyranitar|p1a: Fish
|
|-weather|Sandstorm|[upkeep]
|-damage|p1a: Fish|65/100|[from] Sandstorm
|upkeep
|turn|43
|j| maitre cuck
|
|t:|1776156152
|move|p2a: Tyranitar|Stealth Rock|p1a: Fish
|-sidestart|p1: no ratings|move: Stealth Rock
|move|p1a: Fish|Flip Turn|p2a: Tyranitar
|-supereffective|p2a: Tyranitar
|-damage|p2a: Tyranitar|24/100
|
|t:|1776156154
|switch|p1a: Tree Trunks|Hydrapple, M, tera:Fairy|100/100|[from] Flip Turn
|
|-weather|Sandstorm|[upkeep]
|-damage|p1a: Tree Trunks|94/100|[from] Sandstorm
|upkeep
|turn|44
|
|t:|1776156156
|move|p2a: Tyranitar|Stone Edge|p1a: Tree Trunks|[miss]
|-miss|p2a: Tyranitar|p1a: Tree Trunks
|move|p1a: Tree Trunks|Giga Drain|p2a: Tyranitar
|-supereffective|p2a: Tyranitar
|-damage|p2a: Tyranitar|0 fnt
|-heal|p1a: Tree Trunks|100/100|[from] drain|[of] p2a: Tyranitar
|faint|p2a: Tyranitar
|
|-weather|Sandstorm|[upkeep]
|-damage|p1a: Tree Trunks|94/100|[from] Sandstorm
|upkeep
|
|t:|1776156159
|switch|p2a: Lokix|Lokix, M, tera:Bug|97/100
|turn|45
|l| maitre cuck
|
|t:|1776156163
|move|p2a: Lokix|U-turn|p1a: Tree Trunks
|-resisted|p1a: Tree Trunks
|-damage|p1a: Tree Trunks|43/100
|
|t:|1776156165
|switch|p2a: Alomomola|Alomomola, M|91/100|[from] U-turn
|move|p1a: Tree Trunks|Fickle Beam|p2a: Alomomola|[anim] Fickle Beam All Out
|-activate|p1a: Tree Trunks|move: Fickle Beam
|-damage|p2a: Alomomola|0 fnt
|faint|p2a: Alomomola
|
|-weather|Sandstorm|[upkeep]
|-damage|p1a: Tree Trunks|37/100|[from] Sandstorm
|upkeep
|
|t:|1776156167
|switch|p2a: Lokix|Lokix, M, tera:Bug|97/100
|turn|46
|
|t:|1776156170
|switch|p1a: Fish|Alomomola, F|98/100
|-damage|p1a: Fish|86/100|[from] Stealth Rock
|move|p2a: Lokix|Leech Life|p1a: Fish
|-damage|p1a: Fish|28/100
|-heal|p2a: Lokix|100/100|[from] drain|[of] p1a: Fish
|
|-weather|none
|upkeep
|turn|47
|
|t:|1776156175
|move|p2a: Lokix|Leech Life|p1a: Fish
|-damage|p1a: Fish|0 fnt
|faint|p1a: Fish
|
|upkeep
|
|t:|1776156177
|switch|p1a: Tree Trunks|Hydrapple, M, tera:Fairy|71/100
|turn|48
|
|t:|1776156179
|move|p2a: Lokix|Leech Life|p1a: Tree Trunks
|-resisted|p1a: Tree Trunks
|-damage|p1a: Tree Trunks|7/100
|move|p1a: Tree Trunks|Fickle Beam|p2a: Lokix|[anim] Fickle Beam All Out
|-activate|p1a: Tree Trunks|move: Fickle Beam
|-damage|p2a: Lokix|0 fnt
|faint|p2a: Lokix
|
|win|no ratings
|raw|no ratings's rating: 1569 &rarr; <strong>1586</strong><br />(+17 for winning)
|raw|EddusEatzAlot's rating: 1522 &rarr; <strong>1505</strong><br />(-17 for losing)
|l|☆EddusEatzAlot
|player|p2|
|l|☆no ratings
|player|p1|
