|html|<div class="broadcast-blue"><strong>[Gen 9] OU is currently suspecting Tera Blast! For information on how to participate check out the <a href="https://www.smogon.com/tools/suspects/view/200">suspect thread</a>.</strong></div>
|j|☆cooltrainerdaniel
|j|☆Mmybieonboo
|t:|1776058203
|gametype|singles
|player|p1|cooltrainerdaniel|101|1072
|player|p2|Mmybieonboo|265|1077
|gen|9
|tier|[Gen 9] OU
|rated|
|rule|HP Percentage Mod: HP is shown in percentages
|rule|Endless Battle Clause: Forcing endless battles is banned
|rule|Species Clause: Limit one of each Pokémon
|rule|OHKO Clause: OHKO moves are banned
|rule|Evasion Items Clause: Evasion items are banned
|rule|Evasion Moves Clause: Evasion moves are banned
|rule|Evasion Abilities Clause: Evasion abilities are banned
|rule|Sleep Moves Clause: Sleep-inducing moves are banned
|clearpoke
|poke|p1|Donphan, M|
|poke|p1|Weavile, M|
|poke|p1|Gengar, F|
|poke|p1|Entei|
|poke|p1|Meowscarada, F|
|poke|p1|Ninetales-Alola, F|
|poke|p2|Froslass, F|
|poke|p2|Palossand, F|
|poke|p2|Chandelure, F|
|poke|p2|Mimikyu, M|
|poke|p2|Spiritomb, F|
|poke|p2|Ceruledge, M|
|teampreview
|inactive|Battle timer is ON: inactive players will automatically lose when time's up. (requested by Mmybieonboo)
|
|t:|1776058207
|teamsize|p1|6
|teamsize|p2|6
|start
|switch|p1a: Gengar|Gengar, F|100/100
|switch|p2a: Froslass|Froslass, F|100/100
|turn|1
|
|t:|1776058222
|move|p1a: Gengar|Sludge Bomb|p2a: Froslass
|-resisted|p2a: Froslass
|-damage|p2a: Froslass|62/100
|move|p2a: Froslass|Taunt|p1a: Gengar
|-start|p1a: Gengar|move: Taunt
|
|upkeep
|turn|2
|
|t:|1776058233
|move|p2a: Froslass|Spikes|p1a: Gengar
|-sidestart|p1: cooltrainerdaniel|Spikes
|move|p1a: Gengar|Sludge Bomb|p2a: Froslass
|-resisted|p2a: Froslass
|-damage|p2a: Froslass|26/100
|
|upkeep
|turn|3
|inactive|cooltrainerdaniel has 120 seconds left.
|
|t:|1776058275
|move|p2a: Froslass|Spikes|p1a: Gengar
|-sidestart|p1: cooltrainerdaniel|Spikes
|move|p1a: Gengar|Sludge Bomb|p2a: Froslass
|-resisted|p2a: Froslass
|-damage|p2a: Froslass|0 fnt
|-start|p1a: Gengar|Disable|Sludge Bomb|[from] ability: Cursed Body|[of] p2a: Froslass
|faint|p2a: Froslass
|
|upkeep
|
|t:|1776058284
|switch|p2a: Palossand|Palossand, F|100/100
|turn|4
|inactive|cooltrainerdaniel has 120 seconds left.
|
|t:|1776058306
|move|p1a: Gengar|Hex|p2a: Palossand
|-supereffective|p2a: Palossand
|-damage|p2a: Palossand|18/100
|move|p2a: Palossand|Earth Power|p1a: Gengar
|-supereffective|p1a: Gengar
|-damage|p1a: Gengar|0 fnt
|faint|p1a: Gengar
|
|-heal|p2a: Palossand|24/100|[from] item: Leftovers
|upkeep
|
|t:|1776058319
|switch|p1a: Meowscarada|Meowscarada, F|100/100
|-damage|p1a: Meowscarada|84/100|[from] Spikes
|turn|5
|
|t:|1776058327
|switch|p2a: Ceruledge|Ceruledge, M|100/100
|move|p1a: Meowscarada|U-turn|p2a: Ceruledge
|-start|p1a: Meowscarada|typechange|Bug|[from] ability: Protean
|-resisted|p2a: Ceruledge
|-damage|p2a: Ceruledge|85/100
|
|t:|1776058342
|switch|p1a: Donphan|Donphan, M|100/100|[from] U-turn
|-damage|p1a: Donphan|84/100|[from] Spikes
|
|upkeep
|turn|6
|
|t:|1776058354
|move|p2a: Ceruledge|Bitter Blade|p1a: Donphan
|-damage|p1a: Donphan|50/100
|-heal|p2a: Ceruledge|100/100|[from] drain|[of] p1a: Donphan
|-enditem|p1a: Donphan|Red Card|[of] p2a: Ceruledge
|drag|p2a: Chandelure|Chandelure, F|100/100
|move|p1a: Donphan|Earthquake|p2a: Chandelure
|-supereffective|p2a: Chandelure
|-damage|p2a: Chandelure|0 fnt
|faint|p2a: Chandelure
|
|upkeep
|
|t:|1776058365
|switch|p2a: Ceruledge|Ceruledge, M|100/100
|turn|7
|
|t:|1776058370
|move|p2a: Ceruledge|Bitter Blade|p1a: Donphan
|-damage|p1a: Donphan|17/100
|move|p1a: Donphan|Earthquake|p2a: Ceruledge
|-supereffective|p2a: Ceruledge
|-damage|p2a: Ceruledge|0 fnt
|faint|p2a: Ceruledge
|
|upkeep
|
|t:|1776058381
|switch|p2a: Palossand|Palossand, F|24/100
|turn|8
|
|t:|1776058385
|move|p1a: Donphan|Earthquake|p2a: Palossand
|-damage|p2a: Palossand|0 fnt
|faint|p2a: Palossand
|
|upkeep
|
|t:|1776058390
|switch|p2a: Mimikyu|Mimikyu, M, shiny|100/100
|turn|9
|
|t:|1776058394
|move|p2a: Mimikyu|Swords Dance|p2a: Mimikyu
|-boost|p2a: Mimikyu|atk|2
|move|p1a: Donphan|Earthquake|p2a: Mimikyu
|-activate|p2a: Mimikyu|ability: Disguise
|-damage|p2a: Mimikyu|100/100
|detailschange|p2a: Mimikyu|Mimikyu-Busted, M, shiny
|-damage|p2a: Mimikyu|88/100|[from] pokemon: Mimikyu-Busted
|
|upkeep
|turn|10
|
|t:|1776058405
|move|p2a: Mimikyu|Drain Punch|p1a: Donphan
|-damage|p1a: Donphan|0 fnt
|-heal|p2a: Mimikyu|100/100|[from] drain|[of] p1a: Donphan
|faint|p1a: Donphan
|-damage|p2a: Mimikyu|91/100|[from] item: Life Orb
|
|upkeep
|
|t:|1776058413
|switch|p1a: Ninetales|Ninetales-Alola, F|100/100
|-damage|p1a: Ninetales|84/100|[from] Spikes
|-weather|Snowscape|[from] ability: Snow Warning|[of] p1a: Ninetales
|turn|11
|
|t:|1776058425
|move|p1a: Ninetales|Ice Beam|p2a: Mimikyu
|-damage|p2a: Mimikyu|46/100
|move|p2a: Mimikyu|Drain Punch|p1a: Ninetales
|-damage|p1a: Ninetales|32/100
|-heal|p2a: Mimikyu|76/100|[from] drain|[of] p1a: Ninetales
|-damage|p2a: Mimikyu|66/100|[from] item: Life Orb
|
|-weather|Snowscape|[upkeep]
|upkeep
|turn|12
|
|t:|1776058439
|move|p1a: Ninetales|Moonblast|p2a: Mimikyu
|-damage|p2a: Mimikyu|22/100
|-unboost|p2a: Mimikyu|spa|1
|move|p2a: Mimikyu|Drain Punch|p1a: Ninetales
|-damage|p1a: Ninetales|0 fnt
|-heal|p2a: Mimikyu|41/100|[from] drain|[of] p1a: Ninetales
|faint|p1a: Ninetales
|-damage|p2a: Mimikyu|31/100|[from] item: Life Orb
|
|-weather|Snowscape|[upkeep]
|upkeep
|
|t:|1776058446
|switch|p1a: Meowscarada|Meowscarada, F|84/100
|-damage|p1a: Meowscarada|68/100|[from] Spikes
|turn|13
|
|t:|1776058461
|move|p1a: Meowscarada|Flower Trick|p2a: Mimikyu
|-start|p1a: Meowscarada|typechange|Grass|[from] ability: Protean
|-crit|p2a: Mimikyu
|-damage|p2a: Mimikyu|0 fnt
|faint|p2a: Mimikyu
|
|-weather|Snowscape|[upkeep]
|upkeep
|
|t:|1776058470
|switch|p2a: Spiritomb|Spiritomb, F|100/100
|turn|14
|
|t:|1776058478
|-terastallize|p2a: Spiritomb|Fairy
|move|p1a: Meowscarada|Flower Trick|p2a: Spiritomb
|-crit|p2a: Spiritomb
|-damage|p2a: Spiritomb|26/100
|move|p2a: Spiritomb|Will-O-Wisp|p1a: Meowscarada|[miss]
|-miss|p2a: Spiritomb|p1a: Meowscarada
|
|-weather|Snowscape|[upkeep]
|-heal|p2a: Spiritomb|32/100|[from] item: Leftovers
|upkeep
|turn|15
|
|t:|1776058489
|move|p1a: Meowscarada|Flower Trick|p2a: Spiritomb
|-crit|p2a: Spiritomb
|-damage|p2a: Spiritomb|0 fnt
|faint|p2a: Spiritomb
|
|win|cooltrainerdaniel
|raw|cooltrainerdaniel's rating: 1072 &rarr; <strong>1102</strong><br />(+30 for winning)
|raw|Mmybieonboo's rating: 1077 &rarr; <strong>1055</strong><br />(-22 for losing)
|l|☆Mmybieonboo
|player|p2|
|l|☆cooltrainerdaniel
|player|p1|
