|html|<div class="broadcast-blue"><strong>[Gen 9] OU is currently suspecting Tera Blast! For information on how to participate check out the <a href="https://www.smogon.com/tools/suspects/view/200">suspect thread</a>.</strong></div>
|j|☆KevDB
|j|☆aquavanilla
|t:|1776108217
|gametype|singles
|player|p1|KevDB|dawn|
|player|p2|aquavanilla|dawn-masters|
|gen|9
|tier|[Gen 9] OU
|rule|HP Percentage Mod: HP is shown in percentages
|rule|Endless Battle Clause: Forcing endless battles is banned
|rule|Species Clause: Limit one of each Pokémon
|rule|OHKO Clause: OHKO moves are banned
|rule|Evasion Items Clause: Evasion items are banned
|rule|Evasion Moves Clause: Evasion moves are banned
|rule|Evasion Abilities Clause: Evasion abilities are banned
|rule|Sleep Moves Clause: Sleep-inducing moves are banned
|clearpoke
|poke|p1|Hydrapple, M|
|poke|p1|Tyranitar, F|
|poke|p1|Moltres|
|poke|p1|Zamazenta-*|
|poke|p1|Slowking-Galar, M|
|poke|p1|Excadrill, F|
|poke|p2|Rillaboom, M|
|poke|p2|Gholdengo|
|poke|p2|Kyurem|
|poke|p2|Iron Treads|
|poke|p2|Zamazenta-*|
|poke|p2|Dragonite, F|
|teampreview
|inactive|Battle timer is ON: inactive players will automatically lose when time's up. (requested by aquavanilla)
|c|☆aquavanilla|nah
|c|☆aquavanilla|what is that tryhard sh
|c|☆KevDB|?
|c|☆KevDB|-ho
|c|☆KevDB|ho is the most try hard shit
|
|t:|1776108242
|teamsize|p1|6
|teamsize|p2|6
|start
|switch|p1a: Slowking|Slowking-Galar, M|100/100
|switch|p2a: Frozen Hell|Kyurem|100/100
|-ability|p2a: Frozen Hell|Pressure
|turn|1
|
|t:|1776108252
|move|p2a: Frozen Hell|Ice Beam|p1a: Slowking
|-damage|p1a: Slowking|73/100
|move|p1a: Slowking|Flamethrower|p2a: Frozen Hell
|-damage|p2a: Frozen Hell|87/100
|
|upkeep
|turn|2
|c|☆KevDB|kyurem ho too not just ho
|
|t:|1776108258
|switch|p2a: Mammoth God|Iron Treads|100/100
|-enditem|p2a: Mammoth God|Booster Energy
|-activate|p2a: Mammoth God|ability: Quark Drive|[fromitem]
|-start|p2a: Mammoth God|quarkdrivespe
|move|p1a: Slowking|Sludge Bomb|p2a: Mammoth God
|-immune|p2a: Mammoth God
|
|upkeep
|turn|3
|
|t:|1776108264
|move|p2a: Mammoth God|Stealth Rock|p1a: Slowking
|-sidestart|p1: KevDB|move: Stealth Rock
|move|p1a: Slowking|Flamethrower|p2a: Mammoth God
|-supereffective|p2a: Mammoth God
|-damage|p2a: Mammoth God|37/100
|
|upkeep
|turn|4
|
|t:|1776108272
|switch|p1a: Excadrill|Excadrill, F|100/100
|-damage|p1a: Excadrill|97/100|[from] Stealth Rock
|-item|p1a: Excadrill|Air Balloon
|move|p2a: Mammoth God|Steel Beam|p1a: Excadrill
|-resisted|p1a: Excadrill
|-damage|p1a: Excadrill|66/100
|-enditem|p1a: Excadrill|Air Balloon
|-damage|p2a: Mammoth God|0 fnt|[from] steelbeam
|faint|p2a: Mammoth God
|-end|p2a: Mammoth God|Quark Drive|[silent]
|
|upkeep
|
|t:|1776108276
|switch|p2a: Dog Barkin'|Zamazenta|100/100
|-ability|p2a: Dog Barkin'|Dauntless Shield|boost
|-boost|p2a: Dog Barkin'|def|1
|turn|5
|
|t:|1776108285
|switch|p1a: Slowking|Slowking-Galar, M|100/100
|-damage|p1a: Slowking|88/100|[from] Stealth Rock
|move|p2a: Dog Barkin'|Stone Edge|p1a: Slowking
|-crit|p1a: Slowking
|-damage|p1a: Slowking|31/100
|-damage|p2a: Dog Barkin'|91/100|[from] item: Life Orb
|
|upkeep
|turn|6
|c|☆aquavanilla|sack someone bro
|c|☆KevDB|?
|c|☆KevDB|yea lemme just hax LOL
|
|t:|1776108299
|switch|p1a: Zamazenta|Zamazenta|100/100
|-damage|p1a: Zamazenta|94/100|[from] Stealth Rock
|-ability|p1a: Zamazenta|Dauntless Shield|boost
|-boost|p1a: Zamazenta|def|1
|move|p2a: Dog Barkin'|Stone Edge|p1a: Zamazenta
|-resisted|p1a: Zamazenta
|-damage|p1a: Zamazenta|83/100
|-damage|p2a: Dog Barkin'|81/100|[from] item: Life Orb
|
|-heal|p1a: Zamazenta|89/100|[from] item: Leftovers
|upkeep
|turn|7
|
|t:|1776108309
|switch|p2a: Broken Cog|Gholdengo|100/100
|move|p1a: Zamazenta|Iron Defense|p1a: Zamazenta
|-boost|p1a: Zamazenta|def|2
|
|-heal|p1a: Zamazenta|95/100|[from] item: Leftovers
|upkeep
|turn|8
|
|t:|1776108321
|move|p1a: Zamazenta|Crunch|p2a: Broken Cog
|-supereffective|p2a: Broken Cog
|-damage|p2a: Broken Cog|64/100
|move|p2a: Broken Cog|Nasty Plot|p2a: Broken Cog
|-boost|p2a: Broken Cog|spa|2
|
|-heal|p1a: Zamazenta|100/100|[from] item: Leftovers
|upkeep
|turn|9
|c|☆aquavanilla|yum
|
|t:|1776108330
|switch|p1a: Excadrill|Excadrill, F|66/100
|-damage|p1a: Excadrill|63/100|[from] Stealth Rock
|move|p2a: Broken Cog|Recover|p2a: Broken Cog
|-heal|p2a: Broken Cog|100/100
|
|upkeep
|turn|10
|
|t:|1776108339
|switch|p2a: Bonebreaker|Rillaboom, M|100/100
|-fieldstart|move: Grassy Terrain|[from] ability: Grassy Surge|[of] p2a: Bonebreaker
|move|p1a: Excadrill|Earthquake|p2a: Bonebreaker
|-resisted|p2a: Bonebreaker
|-damage|p2a: Bonebreaker|86/100
|
|-heal|p1a: Excadrill|69/100|[from] Grassy Terrain
|-heal|p2a: Bonebreaker|92/100|[from] Grassy Terrain
|upkeep
|turn|11
|
|t:|1776108355
|switch|p1a: Moltres|Moltres|100/100
|move|p2a: Bonebreaker|Knock Off|p1a: Moltres
|-crit|p1a: Moltres
|-damage|p1a: Moltres|55/100
|-enditem|p1a: Moltres|Heavy-Duty Boots|[from] move: Knock Off|[of] p2a: Bonebreaker
|-damage|p2a: Bonebreaker|82/100|[from] item: Life Orb
|
|-heal|p2a: Bonebreaker|88/100|[from] Grassy Terrain
|upkeep
|turn|12
|c|☆KevDB|LMAOOO
|c|☆KevDB|ALR
|c|☆KevDB|JUST HAX ME
|
|t:|1776108365
|switch|p2a: Frozen Hell|Kyurem|87/100
|-ability|p2a: Frozen Hell|Pressure
|move|p1a: Moltres|U-turn|p2a: Frozen Hell
|-damage|p2a: Frozen Hell|76/100
|
|t:|1776108368
|switch|p1a: Tyranitar|Tyranitar, F|100/100|[from] U-turn
|-damage|p1a: Tyranitar|88/100|[from] Stealth Rock
|-weather|Sandstorm|[from] ability: Sand Stream|[of] p1a: Tyranitar
|
|-weather|Sandstorm|[upkeep]
|-damage|p2a: Frozen Hell|70/100|[from] Sandstorm
|-heal|p2a: Frozen Hell|76/100|[from] Grassy Terrain
|-heal|p1a: Tyranitar|94/100|[from] Grassy Terrain
|upkeep
|turn|13
|inactive|KevDB has 270 seconds left.
|
|t:|1776108400
|switch|p1a: Slowking|Slowking-Galar, M|64/100
|-damage|p1a: Slowking|51/100|[from] Stealth Rock
|move|p2a: Frozen Hell|Body Press|p1a: Slowking
|-resisted|p1a: Slowking
|-damage|p1a: Slowking|47/100
|
|-weather|Sandstorm|[upkeep]
|-damage|p2a: Frozen Hell|70/100|[from] Sandstorm
|-damage|p1a: Slowking|41/100|[from] Sandstorm
|-heal|p2a: Frozen Hell|76/100|[from] Grassy Terrain
|-heal|p1a: Slowking|47/100|[from] Grassy Terrain
|upkeep
|turn|14
|c|☆aquavanilla|u think ur good?
|
|t:|1776108409
|move|p2a: Frozen Hell|Earth Power|p1a: Slowking
|-supereffective|p1a: Slowking
|-damage|p1a: Slowking|10/100
|move|p1a: Slowking|Sludge Bomb|p2a: Frozen Hell
|-damage|p2a: Frozen Hell|53/100
|
|-weather|Sandstorm|[upkeep]
|-damage|p2a: Frozen Hell|47/100|[from] Sandstorm
|-damage|p1a: Slowking|4/100|[from] Sandstorm
|-heal|p2a: Frozen Hell|53/100|[from] Grassy Terrain
|-heal|p1a: Slowking|10/100|[from] Grassy Terrain
|-fieldend|move: Grassy Terrain
|upkeep
|turn|15
|c|☆KevDB|bro clicked b press im crine
|c|☆KevDB|no poison ?
|c|☆KevDB|cool
|c|☆KevDB|keep haxing me
|c|☆aquavanilla|relying on poison
|c|☆aquavanilla|LMFAO
|c|☆aquavanilla|AND CALLING IT HAX
|
|t:|1776108429
|switch|p1a: Zamazenta|Zamazenta|100/100
|-damage|p1a: Zamazenta|94/100|[from] Stealth Rock
|move|p2a: Frozen Hell|Ice Beam|p1a: Zamazenta
|-damage|p1a: Zamazenta|44/100
|
|-weather|Sandstorm|[upkeep]
|-damage|p1a: Zamazenta|38/100|[from] Sandstorm
|-damage|p2a: Frozen Hell|47/100|[from] Sandstorm
|-heal|p1a: Zamazenta|44/100|[from] item: Leftovers
|upkeep
|turn|16
|c|☆KevDB|crit on gking crit on moltres
|
|t:|1776108440
|switch|p1a: Excadrill|Excadrill, F|69/100
|-damage|p1a: Excadrill|66/100|[from] Stealth Rock
|move|p2a: Frozen Hell|Ice Beam|p1a: Excadrill
|-damage|p1a: Excadrill|0 fnt
|faint|p1a: Excadrill
|
|-weather|Sandstorm|[upkeep]
|-damage|p2a: Frozen Hell|41/100|[from] Sandstorm
|upkeep
|c|☆aquavanilla|nice one
|c|☆aquavanilla|idipt
|c|☆aquavanilla|idiot
|c|☆KevDB|this is an awful mu lmao
|inactive|KevDB has 270 seconds left.
|c|☆aquavanilla|?
|c|☆aquavanilla|u have zama
|
|t:|1776108455
|switch|p1a: Zamazenta|Zamazenta|44/100
|-damage|p1a: Zamazenta|38/100|[from] Stealth Rock
|turn|17
|c|☆aquavanilla|ttar
|c|☆aquavanilla|hydrapple
|c|☆aquavanilla|and exca
|c|☆KevDB|kyurem kills everyone
|c|☆KevDB|and rilla
|inactive|KevDB has 270 seconds left.
|c|☆KevDB|is hitler
|
|t:|1776108469
|switch|p2a: Broken Cog|Gholdengo|100/100
|move|p1a: Zamazenta|Body Press|p2a: Broken Cog
|-immune|p2a: Broken Cog
|
|-weather|Sandstorm|[upkeep]
|-damage|p1a: Zamazenta|32/100|[from] Sandstorm
|-heal|p1a: Zamazenta|38/100|[from] item: Leftovers
|upkeep
|turn|18
|
|t:|1776108475
|move|p1a: Zamazenta|Crunch|p2a: Broken Cog
|-supereffective|p2a: Broken Cog
|-damage|p2a: Broken Cog|64/100
|move|p2a: Broken Cog|Focus Blast|p1a: Zamazenta
|-damage|p1a: Zamazenta|3/100
|
|-weather|Sandstorm|[upkeep]
|-damage|p1a: Zamazenta|0 fnt|[from] Sandstorm
|faint|p1a: Zamazenta
|upkeep
|c|☆KevDB|I cant win
|c|☆KevDB|esp when hax
|c|☆aquavanilla|what hax bor
|c|☆aquavanilla|bro
|inactive|KevDB has 270 seconds left.
|c|☆aquavanilla|ur just buns
|c|☆KevDB|u crit 4 times
|c|☆aquavanilla|?
|c|☆aquavanilla|once
|
|t:|1776108499
|switch|p1a: Hydrapple|Hydrapple, M|100/100
|turn|19
|c|☆aquavanilla|yo
|c|☆KevDB|4 times bro
|c|☆aquavanilla|im 6-0ed
|c|☆aquavanilla|by this
|
|t:|1776108515
|move|p2a: Broken Cog|Shadow Ball|p1a: Hydrapple
|-damage|p1a: Hydrapple|60/100
|-unboost|p1a: Hydrapple|spd|1
|move|p1a: Hydrapple|Nasty Plot|p1a: Hydrapple
|-boost|p1a: Hydrapple|spa|2
|
|-weather|none
|upkeep
|turn|20
|c|☆KevDB|LMFAOOOO
|inactive|KevDB has 270 seconds left.
|c|☆KevDB|OK
|c|☆KevDB|OK
|c|☆KevDB|ALR BRO
|c|☆KevDB|JUST HAX
|c|☆aquavanilla|?
|
|t:|1776108525
|move|p2a: Broken Cog|Shadow Ball|p1a: Hydrapple
|-damage|p1a: Hydrapple|0 fnt
|faint|p1a: Hydrapple
|
|upkeep
|c|☆KevDB|yea
|c|☆KevDB|I aint playing ur rnglord ass
|c|☆aquavanilla|u dont kill me anyways
|-message|KevDB forfeited.
|
|win|aquavanilla
|c|☆aquavanilla|gg ez
|c|☆KevDB|+2 doesn't kill u ?
