|html|<div class="broadcast-blue"><strong>[Gen 9] OU is currently suspecting Volcarona! For information on how to participate check out the <a href="https://www.smogon.com/tools/suspects/view/208">suspect thread</a>.</strong></div>
|j|☆roanoke chud
|j|☆azerbatts
|t:|1778499091
|gametype|singles
|player|p1|roanoke chud|shauntal|1349
|player|p2|azerbatts|266|1377
|gen|9
|tier|[Gen 9] OU
|rated|
|rule|HP Percentage Mod: HP is shown in percentages
|rule|Endless Battle Clause: Forcing endless battles is banned
|rule|Species Clause: Limit one of each Pokémon
|rule|OHKO Clause: OHKO moves are banned
|rule|Evasion Items Clause: Evasion items are banned
|rule|Evasion Moves Clause: Evasion moves are banned
|rule|Evasion Abilities Clause: Evasion abilities are banned
|rule|Sleep Moves Clause: Sleep-inducing moves are banned
|clearpoke
|poke|p1|Zamazenta-*|
|poke|p1|Iron Hands|
|poke|p1|Ceruledge, F|
|poke|p1|Iron Valiant|
|poke|p1|Deoxys-Speed|
|poke|p1|Glimmora, F|
|poke|p2|Volcarona, M|
|poke|p2|Cinderace, M|
|poke|p2|Corviknight, F|
|poke|p2|Alomomola, F|
|poke|p2|Great Tusk|
|poke|p2|Darkrai|
|teampreview
|
|t:|1778499102
|teamsize|p1|6
|teamsize|p2|6
|start
|switch|p1a: Deoxys|Deoxys-Speed|100/100
|switch|p2a: Cinderace|Cinderace, M|100/100
|-ability|p1a: Deoxys|Pressure
|turn|1
|
|t:|1778499107
|move|p1a: Deoxys|Taunt|p2a: Cinderace
|-start|p2a: Cinderace|move: Taunt
|move|p2a: Cinderace|Pyro Ball|p1a: Deoxys
|-damage|p1a: Deoxys|32/100
|
|upkeep
|turn|2
|
|t:|1778499112
|switch|p1a: Ceruledge|Ceruledge, F|100/100
|move|p2a: Cinderace|U-turn|p1a: Ceruledge
|-start|p2a: Cinderace|typechange|Bug|[from] ability: Libero
|-resisted|p1a: Ceruledge
|-damage|p1a: Ceruledge|88/100
|-ability|p1a: Ceruledge|Weak Armor|boost
|-unboost|p1a: Ceruledge|def|1
|-boost|p1a: Ceruledge|spe|2
|
|t:|1778499114
|switch|p2a: Darkrai|Darkrai|100/100|[from] U-turn
|
|upkeep
|turn|3
|
|t:|1778499124
|move|p2a: Darkrai|Sucker Punch|p1a: Ceruledge
|-supereffective|p1a: Ceruledge
|-damage|p1a: Ceruledge|0 fnt
|faint|p1a: Ceruledge
|
|upkeep
|
|t:|1778499130
|switch|p1a: Deoxys|Deoxys-Speed|32/100
|-ability|p1a: Deoxys|Pressure
|turn|4
|
|t:|1778499134
|move|p1a: Deoxys|Reflect|p1a: Deoxys
|-sidestart|p1: roanoke chud|Reflect
|move|p2a: Darkrai|Knock Off|p1a: Deoxys
|-supereffective|p1a: Deoxys
|-damage|p1a: Deoxys|0 fnt
|-enditem|p1a: Deoxys|Light Clay|[from] move: Knock Off|[of] p2a: Darkrai
|faint|p1a: Deoxys
|
|upkeep
|
|t:|1778499139
|switch|p1a: Iron Valiant|Iron Valiant|100/100
|-enditem|p1a: Iron Valiant|Booster Energy
|-activate|p1a: Iron Valiant|ability: Quark Drive|[fromitem]
|-start|p1a: Iron Valiant|quarkdrivespe
|turn|5
|
|t:|1778499144
|move|p1a: Iron Valiant|Calm Mind|p1a: Iron Valiant
|-boost|p1a: Iron Valiant|spa|1
|-boost|p1a: Iron Valiant|spd|1
|move|p2a: Darkrai|Ice Beam|p1a: Iron Valiant
|-damage|p1a: Iron Valiant|61/100
|
|upkeep
|turn|6
|
|t:|1778499171
|switch|p2a: Corviknight|Corviknight, F|100/100
|-ability|p2a: Corviknight|Pressure
|move|p1a: Iron Valiant|Moonblast|p2a: Corviknight
|-resisted|p2a: Corviknight
|-damage|p2a: Corviknight|63/100
|
|upkeep
|turn|7
|
|t:|1778499176
|move|p1a: Iron Valiant|Thunderbolt|p2a: Corviknight
|-supereffective|p2a: Corviknight
|-damage|p2a: Corviknight|0 fnt
|faint|p2a: Corviknight
|
|upkeep
|
|t:|1778499180
|switch|p2a: Volcarona|Volcarona, M|100/100
|turn|8
|
|t:|1778499204
|-end|p1a: Iron Valiant|Quark Drive|[silent]
|switch|p1a: Glimmora|Glimmora, F|100/100
|move|p2a: Volcarona|Fiery Dance|p1a: Glimmora
|-resisted|p1a: Glimmora
|-damage|p1a: Glimmora|73/100
|-enditem|p1a: Glimmora|Red Card|[of] p2a: Volcarona
|drag|p2a: Darkrai|Darkrai|100/100
|
|upkeep
|turn|9
|
|t:|1778499209
|move|p2a: Darkrai|Dark Pulse|p1a: Glimmora
|-damage|p1a: Glimmora|14/100
|move|p1a: Glimmora|Stealth Rock|p2a: Darkrai
|-sidestart|p2: azerbatts|move: Stealth Rock
|
|upkeep
|turn|10
|
|t:|1778499213
|move|p2a: Darkrai|Dark Pulse|p1a: Glimmora
|-damage|p1a: Glimmora|0 fnt
|faint|p1a: Glimmora
|
|upkeep
|
|t:|1778499224
|switch|p1a: Iron Hands|Iron Hands|100/100
|-enditem|p1a: Iron Hands|Booster Energy
|-activate|p1a: Iron Hands|ability: Quark Drive|[fromitem]
|-start|p1a: Iron Hands|quarkdriveatk
|turn|11
|l|☆roanoke chud
|player|p1|
|j|☆roanoke chud
|player|p1|roanoke chud|shauntal|
|
|t:|1778499262
|switch|p2a: Cinderace|Cinderace, M|100/100
|move|p1a: Iron Hands|Close Combat|p2a: Cinderace
|-damage|p2a: Cinderace|0 fnt
|-unboost|p1a: Iron Hands|def|1
|-unboost|p1a: Iron Hands|spd|1
|faint|p2a: Cinderace
|
|-sideend|p1: roanoke chud|Reflect
|upkeep
|
|t:|1778499269
|switch|p2a: Great Tusk|Great Tusk|100/100
|-damage|p2a: Great Tusk|98/100|[from] Stealth Rock
|turn|12
|
|t:|1778499280
|move|p2a: Great Tusk|Rapid Spin|p1a: Iron Hands
|-damage|p1a: Iron Hands|81/100
|-boost|p2a: Great Tusk|spe|1
|-sideend|p2: azerbatts|Stealth Rock|[from] move: Rapid Spin|[of] p2a: Great Tusk
|move|p1a: Iron Hands|Close Combat|p2a: Great Tusk
|-damage|p2a: Great Tusk|33/100
|-unboost|p1a: Iron Hands|def|1
|-unboost|p1a: Iron Hands|spd|1
|
|-heal|p2a: Great Tusk|39/100|[from] item: Leftovers
|upkeep
|turn|13
|
|t:|1778499285
|-terastallize|p1a: Iron Hands|Bug
|move|p2a: Great Tusk|Headlong Rush|p1a: Iron Hands
|-resisted|p1a: Iron Hands
|-damage|p1a: Iron Hands|39/100
|-unboost|p2a: Great Tusk|def|1
|-unboost|p2a: Great Tusk|spd|1
|move|p1a: Iron Hands|Close Combat|p2a: Great Tusk
|-damage|p2a: Great Tusk|0 fnt
|-unboost|p1a: Iron Hands|def|1
|-unboost|p1a: Iron Hands|spd|1
|faint|p2a: Great Tusk
|-end|p2a: Great Tusk|Protosynthesis|[silent]
|
|upkeep
|
|t:|1778499288
|switch|p2a: Volcarona|Volcarona, M|100/100
|turn|14
|
|t:|1778499333
|move|p2a: Volcarona|Fiery Dance|p1a: Iron Hands
|-supereffective|p1a: Iron Hands
|-damage|p1a: Iron Hands|0 fnt
|faint|p1a: Iron Hands
|-end|p1a: Iron Hands|Quark Drive|[silent]
|
|upkeep
|
|t:|1778499340
|switch|p1a: Zamazenta|Zamazenta|100/100
|-ability|p1a: Zamazenta|Dauntless Shield|boost
|-boost|p1a: Zamazenta|def|1
|turn|15
|
|t:|1778499349
|move|p1a: Zamazenta|Iron Defense|p1a: Zamazenta
|-boost|p1a: Zamazenta|def|2
|move|p2a: Volcarona|Quiver Dance|p2a: Volcarona
|-boost|p2a: Volcarona|spa|1
|-boost|p2a: Volcarona|spd|1
|-boost|p2a: Volcarona|spe|1
|
|upkeep
|turn|16
|
|t:|1778499355
|move|p2a: Volcarona|Fiery Dance|p1a: Zamazenta
|-damage|p1a: Zamazenta|31/100
|move|p1a: Zamazenta|Body Press|p2a: Volcarona
|-resisted|p2a: Volcarona
|-damage|p2a: Volcarona|22/100
|
|-heal|p1a: Zamazenta|37/100|[from] item: Leftovers
|upkeep
|turn|17
|
|t:|1778499358
|move|p2a: Volcarona|Fiery Dance|p1a: Zamazenta
|-damage|p1a: Zamazenta|0 fnt
|-boost|p2a: Volcarona|spa|1
|faint|p1a: Zamazenta
|
|upkeep
|
|t:|1778499360
|switch|p1a: Iron Valiant|Iron Valiant|61/100
|turn|18
|
|t:|1778499364
|move|p2a: Volcarona|Fiery Dance|p1a: Iron Valiant
|-damage|p1a: Iron Valiant|0 fnt
|-boost|p2a: Volcarona|spa|1
|faint|p1a: Iron Valiant
|-end|p1a: Iron Valiant|Quark Drive|[silent]
|
|win|azerbatts
|raw|roanoke chud's rating: 1349 &rarr; <strong>1331</strong><br />(-18 for losing)
|raw|azerbatts's rating: 1377 &rarr; <strong>1395</strong><br />(+18 for winning)
|c|☆azerbatts|ggs homie
|c|☆roanoke chud|gg
|l|☆roanoke chud
|player|p1|
|l|☆azerbatts
|player|p2|
