|html|<div class="broadcast-blue"><strong>[Gen 9] OU is currently suspecting Tera Blast! For information on how to participate check out the <a href="https://www.smogon.com/tools/suspects/view/200">suspect thread</a>.</strong></div>
|j|☆Riquelme Jr.
|j|☆Pulkatz
|t:|1776039033
|gametype|singles
|player|p1|Riquelme Jr.|aaron|1189
|player|p2|Pulkatz|169|1207
|gen|9
|tier|[Gen 9] OU
|rated|
|rule|HP Percentage Mod: HP is shown in percentages
|rule|Endless Battle Clause: Forcing endless battles is banned
|rule|Species Clause: Limit one of each Pokémon
|rule|OHKO Clause: OHKO moves are banned
|rule|Evasion Items Clause: Evasion items are banned
|rule|Evasion Moves Clause: Evasion moves are banned
|rule|Evasion Abilities Clause: Evasion abilities are banned
|rule|Sleep Moves Clause: Sleep-inducing moves are banned
|clearpoke
|poke|p1|Enamorus, F|
|poke|p1|Hatterene, F|
|poke|p1|Landorus-Therian, M|
|poke|p1|Dragapult, M|
|poke|p1|Ting-Lu|
|poke|p1|Great Tusk|
|poke|p2|Volbeat, M|
|poke|p2|Dragapult, M|
|poke|p2|Great Tusk|
|poke|p2|Lokix, M|
|poke|p2|Corviknight, M|
|poke|p2|Iron Valiant|
|teampreview
|
|t:|1776039053
|teamsize|p1|6
|teamsize|p2|6
|start
|switch|p1a: Ting-Lu|Ting-Lu|100/100
|switch|p2a: Volbeat|Volbeat, M|100/100
|-ability|p1a: Ting-Lu|Vessel of Ruin
|turn|1
|inactive|Battle timer is ON: inactive players will automatically lose when time's up. (requested by Riquelme Jr.)
|
|t:|1776039057
|move|p2a: Volbeat|U-turn|p1a: Ting-Lu
|-supereffective|p1a: Ting-Lu
|-damage|p1a: Ting-Lu|83/100
|
|t:|1776039059
|switch|p2a: Lokix|Lokix, M|100/100|[from] U-turn
|move|p1a: Ting-Lu|Stealth Rock|p2a: Lokix
|-sidestart|p2: Pulkatz|move: Stealth Rock
|
|-heal|p1a: Ting-Lu|89/100|[from] item: Leftovers
|upkeep
|turn|2
|
|t:|1776039069
|switch|p1a: Landorus|Landorus-Therian, M, shiny|100/100
|-ability|p1a: Landorus|Intimidate|boost
|-unboost|p2a: Lokix|atk|1
|move|p2a: Lokix|U-turn|p1a: Landorus
|-resisted|p1a: Landorus
|-damage|p1a: Landorus|63/100
|
|t:|1776039074
|switch|p2a: Volbeat|Volbeat, M|100/100|[from] U-turn
|-damage|p2a: Volbeat|76/100|[from] Stealth Rock
|
|-status|p2a: Volbeat|tox|[from] item: Toxic Orb
|upkeep
|turn|3
|
|t:|1776039086
|move|p2a: Volbeat|Trick|p1a: Landorus
|-activate|p2a: Volbeat|move: Trick|[of] p1a: Landorus
|-item|p1a: Landorus|Toxic Orb|[from] move: Trick
|-item|p2a: Volbeat|Choice Scarf|[from] move: Trick
|move|p1a: Landorus|Rock Slide|p2a: Volbeat
|-supereffective|p2a: Volbeat
|-damage|p2a: Volbeat|20/100 tox
|
|-damage|p2a: Volbeat|14/100 tox|[from] psn
|-status|p1a: Landorus|tox|[from] item: Toxic Orb
|upkeep
|turn|4
|
|t:|1776039092
|move|p2a: Volbeat|U-turn|p1a: Landorus
|-resisted|p1a: Landorus
|-damage|p1a: Landorus|53/100 tox
|
|t:|1776039098
|switch|p2a: Great Tusk|Great Tusk|100/100|[from] U-turn
|move|p1a: Landorus|Rock Slide|p2a: Great Tusk
|-resisted|p2a: Great Tusk
|-damage|p2a: Great Tusk|96/100
|
|-damage|p1a: Landorus|47/100 tox|[from] psn
|upkeep
|turn|5
|
|t:|1776039105
|switch|p1a: Dragapult|Dragapult, M|100/100
|move|p2a: Great Tusk|Stealth Rock|p1a: Dragapult
|-sidestart|p1: Riquelme Jr.|move: Stealth Rock
|
|upkeep
|turn|6
|
|t:|1776039110
|-end|p2a: Great Tusk|Protosynthesis|[silent]
|switch|p2a: Corviknight|Corviknight, M|100/100
|-damage|p2a: Corviknight|88/100|[from] Stealth Rock
|-ability|p2a: Corviknight|Pressure
|move|p1a: Dragapult|Draco Meteor|p2a: Corviknight
|-resisted|p2a: Corviknight
|-damage|p2a: Corviknight|49/100
|-unboost|p1a: Dragapult|spa|2
|
|-heal|p2a: Corviknight|55/100|[from] item: Leftovers
|upkeep
|turn|7
|
|t:|1776039126
|switch|p1a: Great Tusk|Great Tusk|100/100
|move|p2a: Corviknight|Roost|p2a: Corviknight
|-heal|p2a: Corviknight|100/100
|-singleturn|p2a: Corviknight|move: Roost
|
|upkeep
|turn|8
|
|t:|1776039134
|move|p1a: Great Tusk|Knock Off|p2a: Corviknight
|-damage|p2a: Corviknight|82/100
|-enditem|p2a: Corviknight|Leftovers|[from] move: Knock Off|[of] p1a: Great Tusk
|move|p2a: Corviknight|Brave Bird|p1a: Great Tusk
|-supereffective|p1a: Great Tusk
|-damage|p1a: Great Tusk|46/100
|-damage|p2a: Corviknight|65/100|[from] Recoil
|
|upkeep
|turn|9
|
|t:|1776039140
|switch|p2a: Dragapult|Dragapult, M|100/100
|-damage|p2a: Dragapult|88/100|[from] Stealth Rock
|move|p1a: Great Tusk|Rapid Spin|p2a: Dragapult
|-immune|p2a: Dragapult
|
|upkeep
|turn|10
|
|t:|1776039148
|move|p2a: Dragapult|Shadow Ball|p1a: Great Tusk
|-damage|p1a: Great Tusk|0 fnt
|faint|p1a: Great Tusk
|-end|p1a: Great Tusk|Protosynthesis|[silent]
|-damage|p2a: Dragapult|78/100|[from] item: Life Orb
|
|upkeep
|
|t:|1776039156
|switch|p1a: Dragapult|Dragapult, M|100/100
|-damage|p1a: Dragapult|88/100|[from] Stealth Rock
|turn|11
|
|t:|1776039162
|switch|p2a: Corviknight|Corviknight, M|65/100
|-damage|p2a: Corviknight|53/100|[from] Stealth Rock
|-ability|p2a: Corviknight|Pressure
|move|p1a: Dragapult|Shadow Ball|p2a: Corviknight
|-damage|p2a: Corviknight|1/100
|
|upkeep
|turn|12
|
|t:|1776039165
|move|p1a: Dragapult|Shadow Ball|p2a: Corviknight
|-damage|p2a: Corviknight|0 fnt
|faint|p2a: Corviknight
|
|upkeep
|
|t:|1776039175
|switch|p2a: Lokix|Lokix, M|100/100
|-damage|p2a: Lokix|76/100|[from] Stealth Rock
|turn|13
|
|t:|1776039181
|-terastallize|p2a: Lokix|Bug
|move|p2a: Lokix|First Impression|p1a: Dragapult
|-resisted|p1a: Dragapult
|-damage|p1a: Dragapult|0 fnt
|faint|p1a: Dragapult
|
|upkeep
|
|t:|1776039186
|switch|p1a: Landorus|Landorus-Therian, M, shiny|47/100 tox
|-damage|p1a: Landorus|34/100 tox|[from] Stealth Rock
|-ability|p1a: Landorus|Intimidate|boost
|-unboost|p2a: Lokix|atk|1
|turn|14
|
|t:|1776039194
|switch|p2a: Great Tusk|Great Tusk|96/100
|move|p1a: Landorus|Earthquake|p2a: Great Tusk
|-damage|p2a: Great Tusk|58/100
|
|-damage|p1a: Landorus|28/100 tox|[from] psn
|upkeep
|turn|15
|
|t:|1776039197
|move|p1a: Landorus|Earthquake|p2a: Great Tusk
|-damage|p2a: Great Tusk|14/100
|move|p2a: Great Tusk|Rapid Spin|p1a: Landorus
|-damage|p1a: Landorus|7/100 tox
|-boost|p2a: Great Tusk|spe|1
|-sideend|p2: Pulkatz|Stealth Rock|[from] move: Rapid Spin|[of] p2a: Great Tusk
|
|-damage|p1a: Landorus|0 fnt|[from] psn
|faint|p1a: Landorus
|upkeep
|
|t:|1776039201
|switch|p1a: Enamorus|Enamorus, F|100/100
|-damage|p1a: Enamorus|76/100|[from] Stealth Rock
|turn|16
|
|t:|1776039205
|move|p1a: Enamorus|Moonblast|p2a: Great Tusk
|-supereffective|p2a: Great Tusk
|-damage|p2a: Great Tusk|0 fnt
|faint|p2a: Great Tusk
|-end|p2a: Great Tusk|Protosynthesis|[silent]
|
|upkeep
|
|t:|1776039223
|switch|p2a: Iron Valiant|Iron Valiant|100/100
|-enditem|p2a: Iron Valiant|Booster Energy
|-activate|p2a: Iron Valiant|ability: Quark Drive|[fromitem]
|-start|p2a: Iron Valiant|quarkdrivespe
|turn|17
|
|t:|1776039228
|move|p2a: Iron Valiant|Thunderbolt|p1a: Enamorus
|-supereffective|p1a: Enamorus
|-damage|p1a: Enamorus|0 fnt
|faint|p1a: Enamorus
|
|upkeep
|
|t:|1776039230
|switch|p1a: Ting-Lu|Ting-Lu|89/100
|-damage|p1a: Ting-Lu|83/100|[from] Stealth Rock
|-ability|p1a: Ting-Lu|Vessel of Ruin
|turn|18
|
|t:|1776039236
|move|p2a: Iron Valiant|Moonblast|p1a: Ting-Lu
|-supereffective|p1a: Ting-Lu
|-damage|p1a: Ting-Lu|36/100
|move|p1a: Ting-Lu|Stealth Rock|p2a: Iron Valiant
|-sidestart|p2: Pulkatz|move: Stealth Rock
|
|-heal|p1a: Ting-Lu|42/100|[from] item: Leftovers
|upkeep
|turn|19
|
|t:|1776039249
|move|p2a: Iron Valiant|Moonblast|p1a: Ting-Lu
|-supereffective|p1a: Ting-Lu
|-damage|p1a: Ting-Lu|0 fnt
|faint|p1a: Ting-Lu
|
|upkeep
|
|t:|1776039252
|switch|p1a: Hatterene|Hatterene, F, shiny|100/100
|-damage|p1a: Hatterene|88/100|[from] Stealth Rock
|turn|20
|
|t:|1776039255
|move|p2a: Iron Valiant|Shadow Ball|p1a: Hatterene
|-supereffective|p1a: Hatterene
|-damage|p1a: Hatterene|37/100
|move|p1a: Hatterene|Nuzzle|p2a: Iron Valiant
|-damage|p2a: Iron Valiant|95/100
|-status|p2a: Iron Valiant|par
|
|-heal|p1a: Hatterene|42/100|[from] item: Leftovers
|upkeep
|turn|21
|
|t:|1776039259
|move|p2a: Iron Valiant|Shadow Ball|p1a: Hatterene
|-supereffective|p1a: Hatterene
|-damage|p1a: Hatterene|0 fnt
|faint|p1a: Hatterene
|
|win|Pulkatz
|raw|Riquelme Jr.'s rating: 1189 &rarr; <strong>1165</strong><br />(-24 for losing)
|raw|Pulkatz's rating: 1207 &rarr; <strong>1231</strong><br />(+24 for winning)
|l|☆Riquelme Jr.
|player|p1|
|l|☆Pulkatz
|player|p2|
