|html|<div class="broadcast-blue"><strong>[Gen 9] OU is currently suspecting Tera Blast! For information on how to participate check out the <a href="https://www.smogon.com/tools/suspects/view/200">suspect thread</a>.</strong></div>
|badge|p2|bronze|gen9randombattle|100-9
|uhtml|medal-msg|<div class="broadcast-blue">Curious what those medals under the avatar are? PS now has Ladder Seasons! For more information, check out the <a href="https://www.smogon.com/forums/threads/3740067/">thread on Smogon.</a></div>
|j|☆ir0nv4l14nt
|j|‽LT_Alt1
|t:|1776068306
|gametype|singles
|player|p1|ir0nv4l14nt|ethan|1521
|player|p2|LT_Alt1|101|1697
|gen|9
|tier|[Gen 9] OU
|rated|
|rule|HP Percentage Mod: HP is shown in percentages
|rule|Endless Battle Clause: Forcing endless battles is banned
|rule|Species Clause: Limit one of each Pokémon
|rule|OHKO Clause: OHKO moves are banned
|rule|Evasion Items Clause: Evasion items are banned
|rule|Evasion Moves Clause: Evasion moves are banned
|rule|Evasion Abilities Clause: Evasion abilities are banned
|rule|Sleep Moves Clause: Sleep-inducing moves are banned
|clearpoke
|poke|p1|Ogerpon-Wellspring, F|
|poke|p1|Samurott-Hisui, F|
|poke|p1|Dragapult, F|
|poke|p1|Iron Moth|
|poke|p1|Dragonite, F|
|poke|p1|Great Tusk|
|poke|p2|Garganacl, F|
|poke|p2|Slowking-Galar, F|
|poke|p2|Kyurem|
|poke|p2|Weezing-Galar, F|
|poke|p2|Moltres|
|poke|p2|Iron Treads|
|teampreview
|inactive|Battle timer is ON: inactive players will automatically lose when time's up. (requested by ir0nv4l14nt)
|
|t:|1776068316
|teamsize|p1|6
|teamsize|p2|6
|start
|switch|p1a: Samurott|Samurott-Hisui, F|100/100
|switch|p2a: Weezing|Weezing-Galar, F|100/100
|-ability|p2a: Weezing|Neutralizing Gas
|turn|1
|
|t:|1776068322
|switch|p1a: Iron Moth|Iron Moth|100/100
|move|p2a: Weezing|Strange Steam|p1a: Iron Moth
|-resisted|p1a: Iron Moth
|-damage|p1a: Iron Moth|94/100
|
|upkeep
|turn|2
|
|t:|1776068337
|-end|p1a: Iron Moth|Quark Drive|[silent]
|switch|p1a: Ogerpon|Ogerpon-Wellspring, F|100/100
|move|p2a: Weezing|Will-O-Wisp|p1a: Ogerpon
|-status|p1a: Ogerpon|brn
|
|-damage|p1a: Ogerpon|95/100 brn|[from] brn
|upkeep
|turn|3
|
|t:|1776068348
|move|p1a: Ogerpon|Swords Dance|p1a: Ogerpon
|-boost|p1a: Ogerpon|atk|2
|move|p2a: Weezing|Strange Steam|p1a: Ogerpon
|-damage|p1a: Ogerpon|64/100 brn
|-start|p1a: Ogerpon|confusion
|
|-damage|p1a: Ogerpon|58/100 brn|[from] brn
|upkeep
|turn|4
|
|t:|1776068352
|-activate|p1a: Ogerpon|confusion
|move|p1a: Ogerpon|Ivy Cudgel|p2a: Weezing|[anim] Ivy Cudgel Water
|-damage|p2a: Weezing|55/100
|move|p2a: Weezing|Strange Steam|p1a: Ogerpon
|-damage|p1a: Ogerpon|26/100 brn
|
|-heal|p2a: Weezing|61/100|[from] item: Leftovers
|-damage|p1a: Ogerpon|20/100 brn|[from] brn
|upkeep
|turn|5
|
|t:|1776068363
|-activate|p1a: Ogerpon|confusion
|-damage|p1a: Ogerpon|0 fnt|[from] confusion
|faint|p1a: Ogerpon
|move|p2a: Weezing|Strange Steam|p1: Ogerpon|[notarget]
|-fail|p2a: Weezing
|
|-heal|p2a: Weezing|67/100|[from] item: Leftovers
|upkeep
|
|t:|1776068372
|switch|p1a: Dragapult|Dragapult, F|100/100
|turn|6
|
|t:|1776068379
|-end|p2a: Weezing|ability: Neutralizing Gas
|switch|p2a: Garganacl|Garganacl, F|100/100
|move|p1a: Dragapult|Shadow Ball|p2a: Garganacl
|-damage|p2a: Garganacl|82/100
|
|-heal|p2a: Garganacl|89/100|[from] item: Leftovers
|upkeep
|turn|7
|
|t:|1776068384
|switch|p1a: Great Tusk|Great Tusk|100/100
|-enditem|p1a: Great Tusk|Booster Energy
|-activate|p1a: Great Tusk|ability: Protosynthesis|[fromitem]
|-start|p1a: Great Tusk|protosynthesisatk
|move|p2a: Garganacl|Salt Cure|p1a: Great Tusk
|-resisted|p1a: Great Tusk
|-damage|p1a: Great Tusk|98/100
|-start|p1a: Great Tusk|Salt Cure
|
|-heal|p2a: Garganacl|95/100|[from] item: Leftovers
|-damage|p1a: Great Tusk|85/100|[from] Salt Cure
|upkeep
|turn|8
|
|t:|1776068394
|-terastallize|p2a: Garganacl|Fairy
|move|p1a: Great Tusk|Bulk Up|p1a: Great Tusk
|-boost|p1a: Great Tusk|atk|1
|-boost|p1a: Great Tusk|def|1
|move|p2a: Garganacl|Curse|p2a: Garganacl
|-unboost|p2a: Garganacl|spe|1
|-boost|p2a: Garganacl|atk|1
|-boost|p2a: Garganacl|def|1
|
|-heal|p2a: Garganacl|100/100|[from] item: Leftovers
|-damage|p1a: Great Tusk|73/100|[from] Salt Cure
|upkeep
|turn|9
|
|t:|1776068402
|move|p1a: Great Tusk|Earthquake|p2a: Garganacl
|-damage|p2a: Garganacl|57/100
|move|p2a: Garganacl|Curse|p2a: Garganacl
|-unboost|p2a: Garganacl|spe|1
|-boost|p2a: Garganacl|atk|1
|-boost|p2a: Garganacl|def|1
|
|-heal|p2a: Garganacl|63/100|[from] item: Leftovers
|-damage|p1a: Great Tusk|61/100|[from] Salt Cure
|upkeep
|turn|10
|
|t:|1776068406
|move|p1a: Great Tusk|Earthquake|p2a: Garganacl
|-damage|p2a: Garganacl|33/100
|move|p2a: Garganacl|Recover|p2a: Garganacl
|-heal|p2a: Garganacl|83/100
|
|-heal|p2a: Garganacl|89/100|[from] item: Leftovers
|-damage|p1a: Great Tusk|48/100|[from] Salt Cure
|upkeep
|turn|11
|
|t:|1776068416
|-end|p1a: Great Tusk|Protosynthesis|[silent]
|switch|p1a: Iron Moth|Iron Moth|94/100
|-enditem|p1a: Iron Moth|Booster Energy
|-activate|p1a: Iron Moth|ability: Quark Drive|[fromitem]
|-start|p1a: Iron Moth|quarkdrivespe
|move|p2a: Garganacl|Curse|p2a: Garganacl
|-unboost|p2a: Garganacl|spe|1
|-boost|p2a: Garganacl|atk|1
|-boost|p2a: Garganacl|def|1
|
|-heal|p2a: Garganacl|96/100|[from] item: Leftovers
|upkeep
|turn|12
|
|t:|1776068430
|move|p1a: Iron Moth|Sludge Wave|p2a: Garganacl
|-supereffective|p2a: Garganacl
|-damage|p2a: Garganacl|20/100
|move|p2a: Garganacl|Salt Cure|p1a: Iron Moth
|-supereffective|p1a: Iron Moth
|-damage|p1a: Iron Moth|0 fnt
|faint|p1a: Iron Moth
|-end|p1a: Iron Moth|Quark Drive|[silent]
|
|-heal|p2a: Garganacl|26/100|[from] item: Leftovers
|upkeep
|j| heatraniac
|l| heatraniac
|
|t:|1776068444
|switch|p1a: Dragapult|Dragapult, F|100/100
|turn|13
|
|t:|1776068448
|-terastallize|p1a: Dragapult|Fire
|move|p1a: Dragapult|Flamethrower|p2a: Garganacl
|-damage|p2a: Garganacl|0 fnt
|faint|p2a: Garganacl
|
|upkeep
|
|t:|1776068453
|switch|p2a: Kyurem|Kyurem|100/100
|-ability|p2a: Kyurem|Pressure
|turn|14
|
|t:|1776068458
|move|p1a: Dragapult|Flamethrower|p2a: Kyurem
|-damage|p2a: Kyurem|41/100
|move|p2a: Kyurem|Scale Shot|p1a: Dragapult
|-damage|p1a: Dragapult|86/100
|-crit|p1a: Dragapult
|-damage|p1a: Dragapult|65/100
|-damage|p1a: Dragapult|52/100
|-crit|p1a: Dragapult
|-damage|p1a: Dragapult|33/100
|-damage|p1a: Dragapult|20/100
|-hitcount|p1a: Dragapult|5
|-unboost|p2a: Kyurem|def|1
|-boost|p2a: Kyurem|spe|1
|
|upkeep
|turn|15
|
|t:|1776068467
|switch|p1a: Great Tusk|Great Tusk|48/100
|move|p2a: Kyurem|Freeze-Dry|p1a: Great Tusk
|-supereffective|p1a: Great Tusk
|-damage|p1a: Great Tusk|0 fnt
|faint|p1a: Great Tusk
|-end|p1a: Great Tusk|Protosynthesis|[silent]
|
|upkeep
|
|t:|1776068472
|switch|p1a: Dragonite|Dragonite, F|100/100
|turn|16
|
|t:|1776068474
|move|p1a: Dragonite|Extreme Speed|p2a: Kyurem
|-damage|p2a: Kyurem|0 fnt
|faint|p2a: Kyurem
|
|upkeep
|
|t:|1776068479
|switch|p2a: Moltres|Moltres|100/100
|turn|17
|
|t:|1776068489
|move|p1a: Dragonite|Dragon Dance|p1a: Dragonite
|-boost|p1a: Dragonite|atk|1
|-boost|p1a: Dragonite|spe|1
|move|p2a: Moltres|Flamethrower|p1a: Dragonite
|-resisted|p1a: Dragonite
|-damage|p1a: Dragonite|91/100
|
|upkeep
|turn|18
|
|t:|1776068495
|move|p1a: Dragonite|Stone Edge|p2a: Moltres|[miss]
|-miss|p1a: Dragonite|p2a: Moltres
|move|p2a: Moltres|Will-O-Wisp|p1a: Dragonite
|-status|p1a: Dragonite|brn
|-enditem|p1a: Dragonite|Lum Berry|[eat]
|-curestatus|p1a: Dragonite|brn|[msg]
|
|upkeep
|turn|19
|
|t:|1776068514
|move|p1a: Dragonite|Stone Edge|p2a: Moltres|[miss]
|-miss|p1a: Dragonite|p2a: Moltres
|move|p2a: Moltres|Will-O-Wisp|p1a: Dragonite
|-status|p1a: Dragonite|brn
|
|-damage|p1a: Dragonite|85/100 brn|[from] brn
|upkeep
|turn|20
|
|t:|1776068520
|switch|p2a: Weezing|Weezing-Galar, F|67/100
|-ability|p2a: Weezing|Neutralizing Gas
|move|p1a: Dragonite|Dragon Dance|p1a: Dragonite
|-boost|p1a: Dragonite|atk|1
|-boost|p1a: Dragonite|spe|1
|
|-heal|p2a: Weezing|73/100|[from] item: Leftovers
|-damage|p1a: Dragonite|79/100 brn|[from] brn
|upkeep
|turn|21
|
|t:|1776068523
|move|p1a: Dragonite|Earthquake|p2a: Weezing
|-supereffective|p2a: Weezing
|-damage|p2a: Weezing|7/100
|move|p2a: Weezing|Pain Split|p1a: Dragonite
|-sethp|p1a: Dragonite|43/100 brn|[from] move: Pain Split|[silent]
|-sethp|p2a: Weezing|46/100|[from] move: Pain Split
|
|-heal|p2a: Weezing|53/100|[from] item: Leftovers
|-damage|p1a: Dragonite|36/100 brn|[from] brn
|upkeep
|turn|22
|
|t:|1776068530
|-end|p2a: Weezing|ability: Neutralizing Gas
|switch|p2a: Moltres|Moltres|100/100
|move|p1a: Dragonite|Earthquake|p2a: Moltres
|-immune|p2a: Moltres
|
|-damage|p1a: Dragonite|30/100 brn|[from] brn
|upkeep
|turn|23
|
|t:|1776068534
|switch|p2a: Iron Treads|Iron Treads|100/100
|move|p1a: Dragonite|Stone Edge|p2a: Iron Treads
|-resisted|p2a: Iron Treads
|-damage|p2a: Iron Treads|93/100
|
|-heal|p2a: Iron Treads|99/100|[from] item: Leftovers
|-damage|p1a: Dragonite|24/100 brn|[from] brn
|upkeep
|turn|24
|
|t:|1776068538
|move|p1a: Dragonite|Earthquake|p2a: Iron Treads
|-supereffective|p2a: Iron Treads
|-damage|p2a: Iron Treads|43/100
|move|p2a: Iron Treads|Knock Off|p1a: Dragonite
|-damage|p1a: Dragonite|3/100 brn
|
|-heal|p2a: Iron Treads|49/100|[from] item: Leftovers
|-damage|p1a: Dragonite|0 fnt|[from] brn
|faint|p1a: Dragonite
|upkeep
|
|t:|1776068544
|switch|p1a: Dragapult|Dragapult, F, tera:Fire|20/100
|turn|25
|
|t:|1776068559
|move|p1a: Dragapult|Flamethrower|p2a: Iron Treads
|-supereffective|p2a: Iron Treads
|-damage|p2a: Iron Treads|0 fnt
|faint|p2a: Iron Treads
|-end|p2a: Iron Treads|Quark Drive|[silent]
|
|upkeep
|
|t:|1776068561
|switch|p2a: Slowking|Slowking-Galar, F|100/100
|turn|26
|
|t:|1776068583
|switch|p1a: Samurott|Samurott-Hisui, F|100/100
|move|p2a: Slowking|Thunder Wave|p1a: Samurott
|-status|p1a: Samurott|par
|
|upkeep
|turn|27
|
|t:|1776068587
|switch|p2a: Weezing|Weezing-Galar, F|53/100
|-ability|p2a: Weezing|Neutralizing Gas
|move|p1a: Samurott|Ceaseless Edge|p2a: Weezing|[miss]
|-miss|p1a: Samurott|p2a: Weezing
|
|-heal|p2a: Weezing|59/100|[from] item: Leftovers
|upkeep
|turn|28
|
|t:|1776068595
|switch|p1a: Dragapult|Dragapult, F, tera:Fire|20/100
|move|p2a: Weezing|Strange Steam|p1a: Dragapult
|-resisted|p1a: Dragapult
|-damage|p1a: Dragapult|3/100
|
|-heal|p2a: Weezing|65/100|[from] item: Leftovers
|upkeep
|turn|29
|
|t:|1776068605
|move|p1a: Dragapult|Shadow Ball|p2a: Weezing
|-damage|p2a: Weezing|0 fnt
|faint|p2a: Weezing
|-end|p2a: Weezing|ability: Neutralizing Gas
|
|upkeep
|
|t:|1776068616
|switch|p2a: Slowking|Slowking-Galar, F|100/100
|turn|30
|
|t:|1776068618
|move|p1a: Dragapult|Shadow Ball|p2a: Slowking
|-supereffective|p2a: Slowking
|-damage|p2a: Slowking|44/100
|move|p2a: Slowking|Sludge Bomb|p1a: Dragapult
|-damage|p1a: Dragapult|0 fnt
|faint|p1a: Dragapult
|
|upkeep
|
|t:|1776068623
|switch|p1a: Samurott|Samurott-Hisui, F|100/100 par
|turn|31
|
|t:|1776068628
|move|p1a: Samurott|Ceaseless Edge|p2a: Slowking
|-supereffective|p2a: Slowking
|-enditem|p2a: Slowking|Colbur Berry|[eat]
|-enditem|p2a: Slowking|Colbur Berry|[weaken]
|-damage|p2a: Slowking|2/100
|-sidestart|p2: LT_Alt1|Spikes
|move|p2a: Slowking|Sludge Bomb|p1a: Samurott
|-damage|p1a: Samurott|66/100 par
|
|upkeep
|turn|32
|
|t:|1776068636
|move|p1a: Samurott|Ceaseless Edge|p2a: Slowking
|-supereffective|p2a: Slowking
|-damage|p2a: Slowking|0 fnt
|-sidestart|p2: LT_Alt1|Spikes
|faint|p2a: Slowking
|
|upkeep
|
|t:|1776068638
|switch|p2a: Moltres|Moltres|100/100
|turn|33
|
|t:|1776068640
|move|p2a: Moltres|U-turn|p1a: Samurott
|-supereffective|p1a: Samurott
|-damage|p1a: Samurott|27/100 par
|cant|p1a: Samurott|par
|
|upkeep
|turn|34
|
|t:|1776068644
|move|p2a: Moltres|U-turn|p1a: Samurott
|-supereffective|p1a: Samurott
|-damage|p1a: Samurott|0 fnt
|faint|p1a: Samurott
|
|win|LT_Alt1
|raw|ir0nv4l14nt's rating: 1521 &rarr; <strong>1510</strong><br />(-11 for losing)
|raw|LT_Alt1's rating: 1697 &rarr; <strong>1708</strong><br />(+11 for winning)
