|html|<div class="broadcast-blue"><strong>[Gen 9] OU is currently suspecting Volcarona! For information on how to participate check out the <a href="https://www.smogon.com/tools/suspects/view/208">suspect thread</a>.</strong></div>
|j|☆Hike Mawk
|j|☆matys 333
|t:|1778516012
|gametype|singles
|player|p1|Hike Mawk|riley|1282
|player|p2|matys 333|101|1301
|gen|9
|tier|[Gen 9] OU
|rated|
|rule|HP Percentage Mod: HP is shown in percentages
|rule|Endless Battle Clause: Forcing endless battles is banned
|rule|Species Clause: Limit one of each Pokémon
|rule|OHKO Clause: OHKO moves are banned
|rule|Evasion Items Clause: Evasion items are banned
|rule|Evasion Moves Clause: Evasion moves are banned
|rule|Evasion Abilities Clause: Evasion abilities are banned
|rule|Sleep Moves Clause: Sleep-inducing moves are banned
|clearpoke
|poke|p1|Gliscor, M|
|poke|p1|Clefable, F|
|poke|p1|Corviknight, M|
|poke|p1|Blissey, F|
|poke|p1|Forretress, F|
|poke|p1|Garganacl, F|
|poke|p2|Glimmora, M|
|poke|p2|Kingambit, F|
|poke|p2|Darkrai|
|poke|p2|Zamazenta-*|
|poke|p2|Dragonite, M|
|poke|p2|Iron Valiant|
|teampreview
|
|t:|1778516016
|teamsize|p1|6
|teamsize|p2|6
|start
|switch|p1a: Rocki|Garganacl, F, shiny|100/100
|switch|p2a: Glimmora|Glimmora, M|100/100
|turn|1
|
|t:|1778516023
|move|p2a: Glimmora|Stealth Rock|p1a: Rocki
|-sidestart|p1: Hike Mawk|move: Stealth Rock
|move|p1a: Rocki|Salt Cure|p2a: Glimmora
|-damage|p2a: Glimmora|79/100
|-start|p2a: Glimmora|Salt Cure
|-activate|p2a: Glimmora|ability: Toxic Debris
|-sidestart|p1: Hike Mawk|move: Toxic Spikes
|
|-damage|p2a: Glimmora|66/100|[from] Salt Cure
|upkeep
|turn|2
|
|t:|1778516033
|switch|p1a: Azulor|Gliscor, M, shiny|100/100
|-damage|p1a: Azulor|88/100|[from] Stealth Rock
|move|p2a: Glimmora|Mortal Spin|p1a: Azulor
|-resisted|p1a: Azulor
|-damage|p1a: Azulor|85/100
|-status|p1a: Azulor|psn
|
|-heal|p1a: Azulor|97/100 psn|[from] ability: Poison Heal
|-damage|p2a: Glimmora|54/100|[from] Salt Cure
|upkeep
|turn|3
|inactive|Battle timer is ON: inactive players will automatically lose when time's up. (requested by Hike Mawk)
|
|t:|1778516047
|move|p2a: Glimmora|Power Gem|p1a: Azulor
|-damage|p1a: Azulor|52/100 psn
|move|p1a: Azulor|Knock Off|p2a: Glimmora
|-damage|p2a: Glimmora|17/100
|-activate|p2a: Glimmora|ability: Toxic Debris
|-sidestart|p1: Hike Mawk|move: Toxic Spikes
|-enditem|p2a: Glimmora|Focus Sash|[from] move: Knock Off|[of] p1a: Azulor
|
|-heal|p1a: Azulor|65/100 psn|[from] ability: Poison Heal
|-damage|p2a: Glimmora|5/100|[from] Salt Cure
|upkeep
|turn|4
|inactive|Hike Mawk has 120 seconds left.
|
|t:|1778516078
|switch|p1a: Rocki|Garganacl, F, shiny|100/100
|-damage|p1a: Rocki|88/100|[from] Stealth Rock
|move|p2a: Glimmora|Power Gem|p1a: Rocki
|-damage|p1a: Rocki|51/100
|
|-damage|p2a: Glimmora|0 fnt|[from] Salt Cure
|faint|p2a: Glimmora
|upkeep
|
|t:|1778516092
|switch|p2a: Darkrai|Darkrai|100/100
|turn|5
|
|t:|1778516099
|move|p2a: Darkrai|Focus Blast|p1a: Rocki
|-supereffective|p1a: Rocki
|-damage|p1a: Rocki|0 fnt
|faint|p1a: Rocki
|
|upkeep
|
|t:|1778516105
|switch|p1a: Goldenuke|Forretress, F, shiny|100/100
|turn|6
|
|t:|1778516110
|move|p2a: Darkrai|Focus Blast|p1a: Goldenuke
|-damage|p1a: Goldenuke|34/100
|move|p1a: Goldenuke|Rapid Spin|p2a: Darkrai
|-damage|p2a: Darkrai|86/100
|-boost|p1a: Goldenuke|spe|1
|-sideend|p1: Hike Mawk|Toxic Spikes|[from] move: Rapid Spin|[of] p1a: Goldenuke
|-sideend|p1: Hike Mawk|Stealth Rock|[from] move: Rapid Spin|[of] p1a: Goldenuke
|
|upkeep
|turn|7
|
|t:|1778516118
|move|p2a: Darkrai|Focus Blast|p1a: Goldenuke
|-damage|p1a: Goldenuke|0 fnt
|faint|p1a: Goldenuke
|
|upkeep
|inactive|Hike Mawk has 120 seconds left.
|
|t:|1778516154
|switch|p1a: Cleffairable|Clefable, F, shiny|100/100
|turn|8
|
|t:|1778516159
|switch|p2a: Kingambit|Kingambit, F, shiny|100/100
|-activate|p2a: Kingambit|ability: Supreme Overlord
|-start|p2a: Kingambit|fallen1|[silent]
|move|p1a: Cleffairable|Moonblast|p2a: Kingambit
|-damage|p2a: Kingambit|53/100
|
|upkeep
|turn|9
|
|t:|1778516169
|-terastallize|p1a: Cleffairable|Fire
|move|p2a: Kingambit|Iron Head|p1a: Cleffairable
|-resisted|p1a: Cleffairable
|-damage|p1a: Cleffairable|72/100
|move|p1a: Cleffairable|Flamethrower|p2a: Kingambit
|-supereffective|p2a: Kingambit
|-damage|p2a: Kingambit|0 fnt
|faint|p2a: Kingambit
|-end|p2a: Kingambit|fallen1|[silent]
|
|upkeep
|
|t:|1778516179
|switch|p2a: Zamazenta|Zamazenta|100/100
|-ability|p2a: Zamazenta|Dauntless Shield|boost
|-boost|p2a: Zamazenta|def|1
|turn|10
|
|t:|1778516188
|move|p2a: Zamazenta|Body Press|p1a: Cleffairable
|-damage|p1a: Cleffairable|41/100
|move|p1a: Cleffairable|Moonblast|p2a: Zamazenta
|-supereffective|p2a: Zamazenta
|-damage|p2a: Zamazenta|30/100
|-unboost|p2a: Zamazenta|spa|1
|
|-heal|p2a: Zamazenta|37/100|[from] item: Leftovers
|upkeep
|turn|11
|
|t:|1778516198
|move|p2a: Zamazenta|Body Press|p1a: Cleffairable
|-damage|p1a: Cleffairable|8/100
|move|p1a: Cleffairable|Moonlight|p1a: Cleffairable
|-heal|p1a: Cleffairable|58/100
|
|-heal|p2a: Zamazenta|43/100|[from] item: Leftovers
|upkeep
|turn|12
|
|t:|1778516211
|move|p2a: Zamazenta|Body Press|p1a: Cleffairable
|-damage|p1a: Cleffairable|27/100
|move|p1a: Cleffairable|Moonblast|p2a: Zamazenta
|-supereffective|p2a: Zamazenta
|-damage|p2a: Zamazenta|0 fnt
|faint|p2a: Zamazenta
|
|upkeep
|
|t:|1778516220
|switch|p2a: Dragonite|Dragonite, M|100/100
|turn|13
|
|t:|1778516223
|move|p2a: Dragonite|Extreme Speed|p1a: Cleffairable
|-damage|p1a: Cleffairable|0 fnt
|faint|p1a: Cleffairable
|
|upkeep
|
|t:|1778516226
|switch|p1a: Rookidon|Corviknight, M|100/100
|turn|14
|
|t:|1778516232
|-terastallize|p2a: Dragonite|Normal
|move|p2a: Dragonite|Dragon Dance|p2a: Dragonite
|-boost|p2a: Dragonite|atk|1
|-boost|p2a: Dragonite|spe|1
|move|p1a: Rookidon|Agility|p1a: Rookidon
|-boost|p1a: Rookidon|spe|2
|
|upkeep
|turn|15
|
|t:|1778516240
|move|p2a: Dragonite|Dragon Dance|p2a: Dragonite
|-boost|p2a: Dragonite|atk|1
|-boost|p2a: Dragonite|spe|1
|move|p1a: Rookidon|Bulk Up|p1a: Rookidon
|-boost|p1a: Rookidon|atk|1
|-boost|p1a: Rookidon|def|1
|
|upkeep
|turn|16
|
|t:|1778516249
|move|p2a: Dragonite|Ice Spinner|p1a: Rookidon
|-damage|p1a: Rookidon|65/100
|move|p1a: Rookidon|Bulk Up|p1a: Rookidon
|-boost|p1a: Rookidon|atk|1
|-boost|p1a: Rookidon|def|1
|
|upkeep
|turn|17
|
|t:|1778516259
|move|p2a: Dragonite|Dragon Dance|p2a: Dragonite
|-boost|p2a: Dragonite|atk|1
|-boost|p2a: Dragonite|spe|1
|move|p1a: Rookidon|Roost|p1a: Rookidon
|-heal|p1a: Rookidon|100/100
|-singleturn|p1a: Rookidon|move: Roost
|
|upkeep
|turn|18
|
|t:|1778516266
|move|p2a: Dragonite|Dragon Dance|p2a: Dragonite
|-boost|p2a: Dragonite|atk|1
|-boost|p2a: Dragonite|spe|1
|move|p1a: Rookidon|Bulk Up|p1a: Rookidon
|-boost|p1a: Rookidon|atk|1
|-boost|p1a: Rookidon|def|1
|
|upkeep
|turn|19
|
|t:|1778516294
|move|p2a: Dragonite|Ice Spinner|p1a: Rookidon
|-damage|p1a: Rookidon|70/100
|move|p1a: Rookidon|Power Trip|p2a: Dragonite
|-damage|p2a: Dragonite|24/100
|
|upkeep
|turn|20
|
|t:|1778516302
|move|p2a: Dragonite|Ice Spinner|p1a: Rookidon
|-damage|p1a: Rookidon|38/100
|move|p1a: Rookidon|Roost|p1a: Rookidon
|-heal|p1a: Rookidon|88/100
|-singleturn|p1a: Rookidon|move: Roost
|
|upkeep
|turn|21
|
|t:|1778516310
|move|p2a: Dragonite|Ice Spinner|p1a: Rookidon
|-damage|p1a: Rookidon|59/100
|move|p1a: Rookidon|Roost|p1a: Rookidon
|-heal|p1a: Rookidon|100/100
|-singleturn|p1a: Rookidon|move: Roost
|
|upkeep
|turn|22
|
|t:|1778516317
|move|p2a: Dragonite|Ice Spinner|p1a: Rookidon
|-damage|p1a: Rookidon|68/100
|move|p1a: Rookidon|Power Trip|p2a: Dragonite
|-damage|p2a: Dragonite|0 fnt
|faint|p2a: Dragonite
|
|upkeep
|
|t:|1778516327
|switch|p2a: Darkrai|Darkrai|86/100
|turn|23
|
|t:|1778516333
|move|p2a: Darkrai|Focus Blast|p1a: Rookidon
|-damage|p1a: Rookidon|29/100
|move|p1a: Rookidon|Roost|p1a: Rookidon
|-heal|p1a: Rookidon|79/100
|-singleturn|p1a: Rookidon|move: Roost
|
|upkeep
|turn|24
|
|t:|1778516341
|move|p2a: Darkrai|Focus Blast|p1a: Rookidon
|-damage|p1a: Rookidon|36/100
|move|p1a: Rookidon|Agility|p1a: Rookidon
|-boost|p1a: Rookidon|spe|2
|
|upkeep
|turn|25
|
|t:|1778516348
|move|p2a: Darkrai|Focus Blast|p1a: Rookidon
|-damage|p1a: Rookidon|0 fnt
|faint|p1a: Rookidon
|
|upkeep
|c|☆Hike Mawk|Nah how did every single one hit
|inactive|Hike Mawk has 120 seconds left.
|c|☆Hike Mawk|The RNG gods glazing you
|
|t:|1778516382
|switch|p1a: Zira|Blissey, F|100/100
|turn|26
|
|t:|1778516386
|move|p2a: Darkrai|Focus Blast|p1a: Zira
|-supereffective|p1a: Zira
|-damage|p1a: Zira|68/100
|move|p1a: Zira|Calm Mind|p1a: Zira
|-boost|p1a: Zira|spa|1
|-boost|p1a: Zira|spd|1
|
|upkeep
|turn|27
|
|t:|1778516393
|move|p2a: Darkrai|Focus Blast|p1a: Zira
|-supereffective|p1a: Zira
|-damage|p1a: Zira|46/100
|move|p1a: Zira|Thunderbolt|p2a: Darkrai
|-damage|p2a: Darkrai|39/100
|
|upkeep
|turn|28
|
|t:|1778516406
|switch|p2a: Iron Valiant|Iron Valiant|100/100
|-enditem|p2a: Iron Valiant|Booster Energy
|-activate|p2a: Iron Valiant|ability: Quark Drive|[fromitem]
|-start|p2a: Iron Valiant|quarkdrivespe
|move|p1a: Zira|Soft-Boiled|p1a: Zira
|-heal|p1a: Zira|96/100
|
|upkeep
|turn|29
|
|t:|1778516416
|switch|p1a: Azulor|Gliscor, M, shiny|65/100 psn
|move|p2a: Iron Valiant|Calm Mind|p2a: Iron Valiant
|-boost|p2a: Iron Valiant|spa|1
|-boost|p2a: Iron Valiant|spd|1
|
|-heal|p1a: Azulor|77/100 psn|[from] ability: Poison Heal
|upkeep
|turn|30
|
|t:|1778516428
|move|p2a: Iron Valiant|Moonblast|p1a: Azulor
|-damage|p1a: Azulor|0 fnt
|faint|p1a: Azulor
|
|upkeep
|
|t:|1778516431
|switch|p1a: Zira|Blissey, F|96/100
|turn|31
|
|t:|1778516439
|move|p2a: Iron Valiant|Vacuum Wave|p1a: Zira
|-supereffective|p1a: Zira
|-damage|p1a: Zira|76/100
|move|p1a: Zira|Calm Mind|p1a: Zira
|-boost|p1a: Zira|spa|1
|-boost|p1a: Zira|spd|1
|
|upkeep
|turn|32
|
|t:|1778516446
|move|p2a: Iron Valiant|Calm Mind|p2a: Iron Valiant
|-boost|p2a: Iron Valiant|spa|1
|-boost|p2a: Iron Valiant|spd|1
|move|p1a: Zira|Soft-Boiled|p1a: Zira
|-heal|p1a: Zira|100/100
|
|upkeep
|turn|33
|
|t:|1778516453
|move|p2a: Iron Valiant|Moonblast|p1a: Zira
|-damage|p1a: Zira|77/100
|move|p1a: Zira|Calm Mind|p1a: Zira
|-boost|p1a: Zira|spa|1
|-boost|p1a: Zira|spd|1
|
|upkeep
|turn|34
|
|t:|1778516460
|move|p2a: Iron Valiant|Moonblast|p1a: Zira
|-damage|p1a: Zira|59/100
|move|p1a: Zira|Calm Mind|p1a: Zira
|-boost|p1a: Zira|spa|1
|-boost|p1a: Zira|spd|1
|
|upkeep
|turn|35
|
|t:|1778516467
|move|p2a: Iron Valiant|Calm Mind|p2a: Iron Valiant
|-boost|p2a: Iron Valiant|spa|1
|-boost|p2a: Iron Valiant|spd|1
|move|p1a: Zira|Thunderbolt|p2a: Iron Valiant
|-damage|p2a: Iron Valiant|58/100
|
|upkeep
|turn|36
|
|t:|1778516473
|move|p2a: Iron Valiant|Calm Mind|p2a: Iron Valiant
|-boost|p2a: Iron Valiant|spa|1
|-boost|p2a: Iron Valiant|spd|1
|move|p1a: Zira|Soft-Boiled|p1a: Zira
|-heal|p1a: Zira|100/100
|
|upkeep
|turn|37
|
|t:|1778516480
|move|p2a: Iron Valiant|Calm Mind|p2a: Iron Valiant
|-boost|p2a: Iron Valiant|spa|1
|-boost|p2a: Iron Valiant|spd|1
|move|p1a: Zira|Calm Mind|p1a: Zira
|-boost|p1a: Zira|spa|1
|-boost|p1a: Zira|spd|1
|
|upkeep
|turn|38
|
|t:|1778516486
|move|p2a: Iron Valiant|Calm Mind|p2a: Iron Valiant
|-boost|p2a: Iron Valiant|spa|1
|-boost|p2a: Iron Valiant|spd|1
|move|p1a: Zira|Thunderbolt|p2a: Iron Valiant
|-damage|p2a: Iron Valiant|29/100
|
|upkeep
|turn|39
|
|t:|1778516493
|move|p2a: Iron Valiant|Moonblast|p1a: Zira
|-damage|p1a: Zira|76/100
|move|p1a: Zira|Thunderbolt|p2a: Iron Valiant
|-damage|p2a: Iron Valiant|0 fnt
|faint|p2a: Iron Valiant
|-end|p2a: Iron Valiant|Quark Drive|[silent]
|
|upkeep
|
|t:|1778516500
|switch|p2a: Darkrai|Darkrai|39/100
|turn|40
|c|☆Hike Mawk|GGs
|
|t:|1778516509
|move|p2a: Darkrai|Sludge Bomb|p1a: Zira
|-damage|p1a: Zira|72/100
|-status|p1a: Zira|psn
|move|p1a: Zira|Thunderbolt|p2a: Darkrai
|-damage|p2a: Darkrai|0 fnt
|faint|p2a: Darkrai
|
|win|Hike Mawk
|raw|Hike Mawk's rating: 1282 &rarr; <strong>1308</strong><br />(+26 for winning)
|raw|matys 333's rating: 1301 &rarr; <strong>1280</strong><br />(-21 for losing)
|l|☆matys 333
|player|p2|
|l|☆Hike Mawk
|player|p1|
