|html|<div class="broadcast-blue"><strong>[Gen 9] OU is currently suspecting Tera Blast! For information on how to participate check out the <a href="https://www.smogon.com/tools/suspects/view/200">suspect thread</a>.</strong></div>
|j|☆pantalonescondidos
|j|☆Billythekid95
|t:|1776111413
|gametype|singles
|player|p1|pantalonescondidos|169|1523
|player|p2|Billythekid95|101|1539
|gen|9
|tier|[Gen 9] OU
|rated|
|rule|HP Percentage Mod: HP is shown in percentages
|rule|Endless Battle Clause: Forcing endless battles is banned
|rule|Species Clause: Limit one of each Pokémon
|rule|OHKO Clause: OHKO moves are banned
|rule|Evasion Items Clause: Evasion items are banned
|rule|Evasion Moves Clause: Evasion moves are banned
|rule|Evasion Abilities Clause: Evasion abilities are banned
|rule|Sleep Moves Clause: Sleep-inducing moves are banned
|clearpoke
|poke|p1|Sylveon, F|
|poke|p1|Slowking-Galar, M|
|poke|p1|Toxapex, F|
|poke|p1|Great Tusk|
|poke|p1|Kingambit, F|
|poke|p1|Rotom-Heat|
|poke|p2|Walking Wake|
|poke|p2|Ribombee, F|
|poke|p2|Gholdengo|
|poke|p2|Torkoal, F|
|poke|p2|Ogerpon, F|
|poke|p2|Great Tusk|
|teampreview
|inactive|Battle timer is ON: inactive players will automatically lose when time's up. (requested by pantalonescondidos)
|j| ueheheieiej
|
|t:|1776111439
|teamsize|p1|6
|teamsize|p2|6
|start
|switch|p1a: Slowking|Slowking-Galar, M, shiny|100/100
|switch|p2a: Ribombee|Ribombee, F|100/100
|turn|1
|
|t:|1776111466
|move|p2a: Ribombee|Stun Spore|p1a: Slowking|[miss]
|-miss|p2a: Ribombee|p1a: Slowking
|move|p1a: Slowking|Sludge Bomb|p2a: Ribombee
|-supereffective|p2a: Ribombee
|-enditem|p2a: Ribombee|Focus Sash
|-damage|p2a: Ribombee|1/100
|
|upkeep
|turn|2
|
|t:|1776111472
|switch|p1a: Rotom|Rotom-Heat, shiny|100/100
|move|p2a: Ribombee|Sticky Web|p1a: Rotom
|-sidestart|p1: pantalonescondidos|move: Sticky Web
|
|upkeep
|turn|3
|
|t:|1776111479
|move|p1a: Rotom|Volt Switch|p2a: Ribombee
|-damage|p2a: Ribombee|0 fnt
|faint|p2a: Ribombee
|
|t:|1776111482
|switch|p1a: Slowking|Slowking-Galar, M, shiny|100/100|[from] Volt Switch
|-activate|p1a: Slowking|move: Sticky Web
|-unboost|p1a: Slowking|spe|1
|
|upkeep
|inactive|Billythekid95 has 120 seconds left.
|
|t:|1776111525
|switch|p2a: Gholdengo|Gholdengo|100/100
|turn|4
|
|t:|1776111530
|switch|p1a: Rotom|Rotom-Heat, shiny|100/100
|move|p2a: Gholdengo|Shadow Ball|p1a: Rotom
|-damage|p1a: Rotom|54/100
|
|upkeep
|turn|5
|
|t:|1776111541
|switch|p2a: Torkoal|Torkoal, F|100/100
|-weather|SunnyDay|[from] ability: Drought|[of] p2a: Torkoal
|move|p1a: Rotom|Volt Switch|p2a: Torkoal
|-damage|p2a: Torkoal|73/100
|
|t:|1776111544
|switch|p1a: Great Tusk|Great Tusk|100/100|[from] Volt Switch
|-activate|p1a: Great Tusk|ability: Protosynthesis
|-start|p1a: Great Tusk|protosynthesisatk
|
|-weather|SunnyDay|[upkeep]
|upkeep
|turn|6
|
|t:|1776111553
|switch|p2a: Gholdengo|Gholdengo|100/100
|move|p1a: Great Tusk|Headlong Rush|p2a: Gholdengo
|-supereffective|p2a: Gholdengo
|-damage|p2a: Gholdengo|0 fnt
|-unboost|p1a: Great Tusk|def|1
|-unboost|p1a: Great Tusk|spd|1
|faint|p2a: Gholdengo
|
|-weather|SunnyDay|[upkeep]
|upkeep
|
|t:|1776111561
|switch|p2a: Walking Wake|Walking Wake|100/100
|-activate|p2a: Walking Wake|ability: Protosynthesis
|-start|p2a: Walking Wake|protosynthesisspa
|turn|7
|
|t:|1776111566
|-end|p1a: Great Tusk|Protosynthesis|[silent]
|switch|p1a: Sylveon|Sylveon, F, shiny|100/100
|-activate|p1a: Sylveon|move: Sticky Web
|-unboost|p1a: Sylveon|spe|1
|-terastallize|p2a: Walking Wake|Water
|move|p2a: Walking Wake|Hydro Steam|p1a: Sylveon
|-damage|p1a: Sylveon|6/100
|
|-weather|SunnyDay|[upkeep]
|-heal|p1a: Sylveon|12/100|[from] item: Leftovers
|upkeep
|turn|8
|
|t:|1776111575
|move|p1a: Sylveon|Protect|p1a: Sylveon
|-singleturn|p1a: Sylveon|Protect
|move|p2a: Walking Wake|Hydro Steam|p1a: Sylveon
|-activate|p1a: Sylveon|move: Protect
|
|-weather|SunnyDay|[upkeep]
|-heal|p1a: Sylveon|18/100|[from] item: Leftovers
|upkeep
|turn|9
|
|t:|1776111583
|move|p1a: Sylveon|Protect||[still]
|-fail|p1a: Sylveon
|move|p2a: Walking Wake|Hydro Steam|p1a: Sylveon
|-damage|p1a: Sylveon|0 fnt
|faint|p1a: Sylveon
|
|-weather|SunnyDay|[upkeep]
|upkeep
|
|t:|1776111590
|switch|p1a: Slowking|Slowking-Galar, M, shiny|100/100
|-activate|p1a: Slowking|move: Sticky Web
|-unboost|p1a: Slowking|spe|1
|turn|10
|
|t:|1776111594
|move|p2a: Walking Wake|Hydro Steam|p1a: Slowking
|-damage|p1a: Slowking|26/100
|move|p1a: Slowking|Sludge Bomb|p2a: Walking Wake
|-damage|p2a: Walking Wake|58/100
|
|-weather|SunnyDay|[upkeep]
|upkeep
|turn|11
|
|t:|1776111600
|switch|p1a: Toxapex|Toxapex, F|100/100
|-activate|p1a: Toxapex|move: Sticky Web
|-unboost|p1a: Toxapex|spe|1
|move|p2a: Walking Wake|Hydro Steam|p1a: Toxapex
|-resisted|p1a: Toxapex
|-damage|p1a: Toxapex|23/100
|
|-weather|SunnyDay|[upkeep]
|upkeep
|turn|12
|
|t:|1776111608
|move|p1a: Toxapex|Baneful Bunker|p1a: Toxapex
|-singleturn|p1a: Toxapex|move: Protect
|move|p2a: Walking Wake|Hydro Steam|p1a: Toxapex
|-activate|p1a: Toxapex|move: Protect
|
|-weather|none
|-end|p2a: Walking Wake|Protosynthesis
|upkeep
|turn|13
|
|t:|1776111615
|switch|p1a: Slowking|Slowking-Galar, M, shiny|60/100
|-activate|p1a: Slowking|move: Sticky Web
|-unboost|p1a: Slowking|spe|1
|move|p2a: Walking Wake|Hydro Steam|p1a: Slowking
|-damage|p1a: Slowking|24/100
|
|upkeep
|turn|14
|
|t:|1776111621
|switch|p1a: Toxapex|Toxapex, F|56/100
|-activate|p1a: Toxapex|move: Sticky Web
|-unboost|p1a: Toxapex|spe|1
|move|p2a: Walking Wake|Hydro Steam|p1a: Toxapex
|-resisted|p1a: Toxapex
|-damage|p1a: Toxapex|17/100
|
|upkeep
|turn|15
|
|t:|1776111629
|move|p1a: Toxapex|Baneful Bunker|p1a: Toxapex
|-singleturn|p1a: Toxapex|move: Protect
|move|p2a: Walking Wake|Hydro Steam|p1a: Toxapex
|-activate|p1a: Toxapex|move: Protect
|
|upkeep
|turn|16
|
|t:|1776111634
|switch|p1a: Slowking|Slowking-Galar, M, shiny|57/100
|-activate|p1a: Slowking|move: Sticky Web
|-unboost|p1a: Slowking|spe|1
|move|p2a: Walking Wake|Hydro Steam|p1a: Slowking
|-crit|p1a: Slowking
|-damage|p1a: Slowking|0 fnt
|faint|p1a: Slowking
|
|upkeep
|
|t:|1776111637
|switch|p1a: Kingambit|Kingambit, F|100/100
|-activate|p1a: Kingambit|move: Sticky Web
|-unboost|p1a: Kingambit|spe|1
|-activate|p1a: Kingambit|ability: Supreme Overlord
|-start|p1a: Kingambit|fallen2|[silent]
|turn|17
|
|t:|1776111647
|-end|p2a: Walking Wake|Protosynthesis|[silent]
|switch|p2a: Great Tusk|Great Tusk|100/100
|-end|p1a: Kingambit|fallen2|[silent]
|switch|p1a: Rotom|Rotom-Heat, shiny|54/100
|
|upkeep
|turn|18
|
|t:|1776111652
|move|p1a: Rotom|Overheat|p2a: Great Tusk
|-damage|p2a: Great Tusk|70/100
|-unboost|p1a: Rotom|spa|2
|move|p2a: Great Tusk|Close Combat|p1a: Rotom
|-damage|p1a: Rotom|0 fnt
|-unboost|p2a: Great Tusk|def|1
|-unboost|p2a: Great Tusk|spd|1
|faint|p1a: Rotom
|
|upkeep
|
|t:|1776111657
|switch|p1a: Great Tusk|Great Tusk|100/100
|turn|19
|
|t:|1776111665
|move|p1a: Great Tusk|Rapid Spin|p2a: Great Tusk
|-damage|p2a: Great Tusk|54/100
|-boost|p1a: Great Tusk|spe|1
|-sideend|p1: pantalonescondidos|Sticky Web|[from] move: Rapid Spin|[of] p1a: Great Tusk
|move|p2a: Great Tusk|Ice Spinner|p1a: Great Tusk
|-supereffective|p1a: Great Tusk
|-damage|p1a: Great Tusk|66/100
|
|upkeep
|turn|20
|
|t:|1776111671
|move|p1a: Great Tusk|Headlong Rush|p2a: Great Tusk
|-damage|p2a: Great Tusk|0 fnt
|-unboost|p1a: Great Tusk|def|1
|-unboost|p1a: Great Tusk|spd|1
|faint|p2a: Great Tusk
|-end|p2a: Great Tusk|Protosynthesis|[silent]
|
|upkeep
|
|t:|1776111677
|switch|p2a: Ogerpon|Ogerpon, F|100/100
|turn|21
|
|t:|1776111681
|move|p1a: Great Tusk|Close Combat|p2a: Ogerpon
|-crit|p2a: Ogerpon
|-damage|p2a: Ogerpon|0 fnt
|-unboost|p1a: Great Tusk|def|1
|-unboost|p1a: Great Tusk|spd|1
|faint|p2a: Ogerpon
|
|upkeep
|c|☆Billythekid95|come on
|
|t:|1776111688
|switch|p2a: Walking Wake|Walking Wake, tera:Water|58/100
|turn|22
|
|t:|1776111697
|move|p1a: Great Tusk|Close Combat|p2a: Walking Wake
|-damage|p2a: Walking Wake|0 fnt
|-unboost|p1a: Great Tusk|def|1
|-unboost|p1a: Great Tusk|spd|1
|faint|p2a: Walking Wake
|-end|p2a: Walking Wake|Protosynthesis|[silent]
|
|upkeep
|-message|Billythekid95 forfeited.
|
|win|pantalonescondidos
|raw|pantalonescondidos's rating: 1523 &rarr; <strong>1544</strong><br />(+21 for winning)
|raw|Billythekid95's rating: 1539 &rarr; <strong>1518</strong><br />(-21 for losing)
|l|☆Billythekid95
|player|p2|
|l|☆pantalonescondidos
|player|p1|
