|html|<div class="broadcast-blue"><strong>[Gen 9] OU is currently suspecting Tera Blast! For information on how to participate check out the <a href="https://www.smogon.com/tools/suspects/view/200">suspect thread</a>.</strong></div>
|j|☆Gusukoo
|j|☆pecharunthater8816
|t:|1776320198
|gametype|singles
|player|p1|Gusukoo|266|1080
|player|p2|pecharunthater8816|1|1127
|gen|9
|tier|[Gen 9] OU
|rated|
|rule|HP Percentage Mod: HP is shown in percentages
|rule|Endless Battle Clause: Forcing endless battles is banned
|rule|Species Clause: Limit one of each Pokémon
|rule|OHKO Clause: OHKO moves are banned
|rule|Evasion Items Clause: Evasion items are banned
|rule|Evasion Moves Clause: Evasion moves are banned
|rule|Evasion Abilities Clause: Evasion abilities are banned
|rule|Sleep Moves Clause: Sleep-inducing moves are banned
|clearpoke
|poke|p1|Glimmora, F|
|poke|p1|Revavroom, F|
|poke|p1|Cetitan, M|
|poke|p1|Krookodile, M|
|poke|p1|Comfey, M|
|poke|p1|Basculegion, M|
|poke|p2|Cinderace, F|
|poke|p2|Vaporeon, M|
|poke|p2|Lucario, M|
|poke|p2|Zamazenta-*|
|poke|p2|Ceruledge, M|
|poke|p2|Darkrai|
|teampreview
|
|t:|1776320229
|teamsize|p1|6
|teamsize|p2|6
|start
|switch|p1a: Revavroom|Revavroom, F|100/100
|switch|p2a: Lucario|Lucario, M|100/100
|-item|p1a: Revavroom|Air Balloon
|turn|1
|
|t:|1776320261
|switch|p1a: Basculegion|Basculegion, M|100/100
|move|p2a: Lucario|Swords Dance|p2a: Lucario
|-boost|p2a: Lucario|atk|2
|
|upkeep
|turn|2
|
|t:|1776320269
|move|p2a: Lucario|Bullet Punch|p1a: Basculegion
|-resisted|p1a: Basculegion
|-crit|p1a: Basculegion
|-damage|p1a: Basculegion|56/100
|-damage|p2a: Lucario|91/100|[from] item: Life Orb
|move|p1a: Basculegion|Wave Crash|p2a: Lucario
|-damage|p2a: Lucario|0 fnt
|faint|p2a: Lucario
|-damage|p1a: Basculegion|34/100|[from] Recoil
|
|upkeep
|
|t:|1776320294
|switch|p2a: Zamazenta|Zamazenta|100/100
|-ability|p2a: Zamazenta|Dauntless Shield|boost
|-boost|p2a: Zamazenta|def|1
|turn|3
|
|t:|1776320322
|move|p1a: Basculegion|Wave Crash|p2a: Zamazenta
|-damage|p2a: Zamazenta|72/100
|-damage|p1a: Basculegion|25/100|[from] Recoil
|move|p2a: Zamazenta|Trailblaze|p1a: Basculegion
|-supereffective|p1a: Basculegion
|-damage|p1a: Basculegion|0 fnt
|-boost|p2a: Zamazenta|spe|1
|faint|p1a: Basculegion
|
|upkeep
|
|t:|1776320342
|switch|p1a: Comfey|Comfey, M, shiny|100/100
|turn|4
|
|t:|1776320371
|move|p1a: Comfey|Draining Kiss|p2a: Zamazenta
|-supereffective|p2a: Zamazenta
|-damage|p2a: Zamazenta|45/100
|-damage|p1a: Comfey|91/100|[from] item: Life Orb
|move|p2a: Zamazenta|Heavy Slam|p1a: Comfey
|-supereffective|p1a: Comfey
|-damage|p1a: Comfey|12/100
|
|upkeep
|turn|5
|
|t:|1776320384
|-terastallize|p1a: Comfey|Steel
|move|p1a: Comfey|Synthesis|p1a: Comfey
|-heal|p1a: Comfey|62/100
|move|p2a: Zamazenta|Trailblaze|p1a: Comfey
|-resisted|p1a: Comfey
|-damage|p1a: Comfey|54/100
|-boost|p2a: Zamazenta|spe|1
|
|upkeep
|turn|6
|
|t:|1776320394
|move|p1a: Comfey|Draining Kiss|p2a: Zamazenta
|-supereffective|p2a: Zamazenta
|-damage|p2a: Zamazenta|13/100
|-heal|p1a: Comfey|85/100|[from] drain|[of] p2a: Zamazenta
|-damage|p1a: Comfey|75/100|[from] item: Life Orb
|move|p2a: Zamazenta|Body Press|p1a: Comfey
|-supereffective|p1a: Comfey
|-damage|p1a: Comfey|0 fnt
|faint|p1a: Comfey
|
|upkeep
|
|t:|1776320417
|switch|p1a: Krookodile|Krookodile, M|100/100
|turn|7
|
|t:|1776320426
|-terastallize|p2a: Zamazenta|Fighting
|move|p2a: Zamazenta|Body Press|p1a: Krookodile
|-supereffective|p1a: Krookodile
|-damage|p1a: Krookodile|0 fnt
|faint|p1a: Krookodile
|
|upkeep
|
|t:|1776320434
|switch|p1a: Glimmora|Glimmora, F|100/100
|turn|8
|
|t:|1776320439
|move|p2a: Zamazenta|Body Press|p1a: Glimmora
|-enditem|p1a: Glimmora|Focus Sash
|-damage|p1a: Glimmora|1/100
|-activate|p1a: Glimmora|ability: Toxic Debris
|-sidestart|p2: pecharunthater8816|move: Toxic Spikes
|move|p1a: Glimmora|Earth Power|p2a: Zamazenta
|-damage|p2a: Zamazenta|0 fnt
|faint|p2a: Zamazenta
|
|upkeep
|
|t:|1776320453
|switch|p2a: Cinderace|Cinderace, F|100/100
|turn|9
|
|t:|1776320462
|move|p2a: Cinderace|Pyro Ball|p1a: Glimmora
|-resisted|p1a: Glimmora
|-damage|p1a: Glimmora|0 fnt
|-activate|p1a: Glimmora|ability: Toxic Debris
|-sidestart|p2: pecharunthater8816|move: Toxic Spikes
|faint|p1a: Glimmora
|
|upkeep
|
|t:|1776320475
|switch|p1a: Cetitan|Cetitan, M|100/100
|turn|10
|
|t:|1776320480
|move|p2a: Cinderace|Pyro Ball|p1a: Cetitan
|-supereffective|p1a: Cetitan
|-damage|p1a: Cetitan|43/100
|move|p1a: Cetitan|Earthquake|p2a: Cinderace
|-supereffective|p2a: Cinderace
|-damage|p2a: Cinderace|4/100
|
|upkeep
|turn|11
|
|t:|1776320489
|move|p1a: Cetitan|Ice Shard|p2a: Cinderace
|-resisted|p2a: Cinderace
|-damage|p2a: Cinderace|0 fnt
|faint|p2a: Cinderace
|
|upkeep
|
|t:|1776320494
|switch|p2a: Darkrai|Darkrai|100/100
|-status|p2a: Darkrai|tox
|turn|12
|
|t:|1776320503
|move|p1a: Cetitan|Ice Shard|p2a: Darkrai
|-damage|p2a: Darkrai|76/100 tox
|move|p2a: Darkrai|Dark Pulse|p1a: Cetitan
|-damage|p1a: Cetitan|0 fnt
|faint|p1a: Cetitan
|
|-damage|p2a: Darkrai|70/100 tox|[from] psn
|upkeep
|
|t:|1776320510
|switch|p1a: Revavroom|Revavroom, F|100/100
|-item|p1a: Revavroom|Air Balloon
|turn|13
|
|t:|1776320519
|move|p2a: Darkrai|Dark Pulse|p1a: Revavroom
|-damage|p1a: Revavroom|0 fnt
|-enditem|p1a: Revavroom|Air Balloon
|faint|p1a: Revavroom
|
|win|pecharunthater8816
|raw|Gusukoo's rating: 1080 &rarr; <strong>1061</strong><br />(-19 for losing)
|raw|pecharunthater8816's rating: 1127 &rarr; <strong>1149</strong><br />(+22 for winning)
