|html|<div class="broadcast-blue"><strong>[Gen 9] OU is currently suspecting Tera Blast! For information on how to participate check out the <a href="https://www.smogon.com/tools/suspects/view/200">suspect thread</a>.</strong></div>
|j|☆2swish
|j|☆kejaun
|t:|1776273253
|gametype|singles
|player|p1|2swish|102|1582
|player|p2|kejaun|roxie|1593
|gen|9
|tier|[Gen 9] OU
|rated|
|rule|HP Percentage Mod: HP is shown in percentages
|rule|Endless Battle Clause: Forcing endless battles is banned
|rule|Species Clause: Limit one of each Pokémon
|rule|OHKO Clause: OHKO moves are banned
|rule|Evasion Items Clause: Evasion items are banned
|rule|Evasion Moves Clause: Evasion moves are banned
|rule|Evasion Abilities Clause: Evasion abilities are banned
|rule|Sleep Moves Clause: Sleep-inducing moves are banned
|clearpoke
|poke|p1|Great Tusk|
|poke|p1|Corviknight, F|
|poke|p1|Slowbro, M|
|poke|p1|Kingambit, F|
|poke|p1|Amoonguss, M|
|poke|p1|Tyranitar, F|
|poke|p2|Hoopa-Unbound|
|poke|p2|Gholdengo|
|poke|p2|Samurott-Hisui, M|
|poke|p2|Hydrapple, M|
|poke|p2|Moltres|
|poke|p2|Great Tusk|
|teampreview
|inactive|Battle timer is ON: inactive players will automatically lose when time's up. (requested by kejaun)
|j| Monkey D MinMin
|l| Monkey D MinMin
|j| ddgfdhad
|inactive|2swish has 120 seconds left.
|inactive|kejaun has 120 seconds left.
|j| nitroLazer120
|inactive|kejaun has 90 seconds left.
|
|t:|1776273324
|teamsize|p1|6
|teamsize|p2|6
|start
|switch|p1a: Great Tusk|Great Tusk|100/100
|switch|p2a: Hydrapple|Hydrapple, M|100/100
|turn|1
|
|t:|1776273338
|move|p1a: Great Tusk|Knock Off|p2a: Hydrapple
|-damage|p2a: Hydrapple|66/100
|-damage|p1a: Great Tusk|84/100|[from] item: Rocky Helmet|[of] p2a: Hydrapple
|-enditem|p2a: Hydrapple|Rocky Helmet|[from] move: Knock Off|[of] p1a: Great Tusk
|move|p2a: Hydrapple|Giga Drain|p1a: Great Tusk
|-supereffective|p1a: Great Tusk
|-damage|p1a: Great Tusk|0 fnt
|-heal|p2a: Hydrapple|100/100|[from] drain|[of] p1a: Great Tusk
|faint|p1a: Great Tusk
|-end|p1a: Great Tusk|Protosynthesis|[silent]
|
|upkeep
|
|t:|1776273345
|switch|p1a: Tyranitar|Tyranitar, F|100/100
|-weather|Sandstorm|[from] ability: Sand Stream|[of] p1a: Tyranitar
|turn|2
|
|t:|1776273363
|-terastallize|p2a: Hydrapple|Fairy
|move|p2a: Hydrapple|Nasty Plot|p2a: Hydrapple
|-boost|p2a: Hydrapple|spa|2
|move|p1a: Tyranitar|Stealth Rock|p2a: Hydrapple
|-sidestart|p2: kejaun|move: Stealth Rock
|
|-weather|Sandstorm|[upkeep]
|-damage|p2a: Hydrapple|94/100|[from] Sandstorm
|upkeep
|turn|3
|
|t:|1776273369
|move|p2a: Hydrapple|Nasty Plot|p2a: Hydrapple
|-boost|p2a: Hydrapple|spa|2
|move|p1a: Tyranitar|Thunder Wave|p2a: Hydrapple
|-status|p2a: Hydrapple|par
|
|-weather|Sandstorm|[upkeep]
|-damage|p2a: Hydrapple|88/100 par|[from] Sandstorm
|upkeep
|turn|4
|
|t:|1776273383
|switch|p1a: Corviknight|Corviknight, F|100/100
|-ability|p1a: Corviknight|Pressure
|move|p2a: Hydrapple|Giga Drain|p1a: Corviknight
|-resisted|p1a: Corviknight
|-damage|p1a: Corviknight|84/100
|-heal|p2a: Hydrapple|96/100 par|[from] drain|[of] p1a: Corviknight
|
|-weather|Sandstorm|[upkeep]
|-damage|p2a: Hydrapple|90/100 par|[from] Sandstorm
|-heal|p1a: Corviknight|91/100|[from] item: Leftovers
|upkeep
|turn|5
|
|t:|1776273393
|move|p1a: Corviknight|Brave Bird|p2a: Hydrapple
|-damage|p2a: Hydrapple|64/100 par
|-damage|p1a: Corviknight|82/100|[from] Recoil
|move|p2a: Hydrapple|Draco Meteor|p1a: Corviknight
|-resisted|p1a: Corviknight
|-damage|p1a: Corviknight|28/100
|-unboost|p2a: Hydrapple|spa|2
|
|-weather|Sandstorm|[upkeep]
|-damage|p2a: Hydrapple|57/100 par|[from] Sandstorm
|-heal|p1a: Corviknight|35/100|[from] item: Leftovers
|upkeep
|turn|6
|
|t:|1776273400
|move|p1a: Corviknight|U-turn|p2a: Hydrapple
|-resisted|p2a: Hydrapple
|-damage|p2a: Hydrapple|52/100 par
|
|t:|1776273405
|switch|p1a: Tyranitar|Tyranitar, F|100/100|[from] U-turn
|move|p2a: Hydrapple|Nasty Plot|p2a: Hydrapple
|-boost|p2a: Hydrapple|spa|2
|
|-weather|none
|upkeep
|turn|7
|
|t:|1776273423
|switch|p1a: Amoonguss|Amoonguss, M, shiny|100/100
|move|p2a: Hydrapple|Giga Drain|p1a: Amoonguss
|-resisted|p1a: Amoonguss
|-damage|p1a: Amoonguss|80/100
|-heal|p2a: Hydrapple|64/100 par|[from] drain|[of] p1a: Amoonguss
|
|-heal|p1a: Amoonguss|87/100|[from] item: Leftovers
|upkeep
|turn|8
|
|t:|1776273440
|switch|p2a: Gholdengo|Gholdengo|100/100
|-damage|p2a: Gholdengo|94/100|[from] Stealth Rock
|move|p1a: Amoonguss|Clear Smog|p2a: Gholdengo
|-immune|p2a: Gholdengo
|
|-heal|p1a: Amoonguss|93/100|[from] item: Leftovers
|upkeep
|turn|9
|inactive|kejaun has 120 seconds left.
|
|t:|1776273475
|move|p2a: Gholdengo|Trick|p1a: Amoonguss
|-activate|p2a: Gholdengo|move: Trick|[of] p1a: Amoonguss
|-item|p1a: Amoonguss|Choice Scarf|[from] move: Trick
|-item|p2a: Gholdengo|Leftovers|[from] move: Trick
|move|p1a: Amoonguss|Foul Play|p2a: Gholdengo
|-supereffective|p2a: Gholdengo
|-damage|p2a: Gholdengo|69/100
|
|-heal|p2a: Gholdengo|75/100|[from] item: Leftovers
|upkeep
|turn|10
|inactive|kejaun has 120 seconds left.
|
|t:|1776273507
|switch|p2a: Moltres|Moltres|100/100
|switch|p1a: Kingambit|Kingambit, F|100/100
|-activate|p1a: Kingambit|ability: Supreme Overlord
|-start|p1a: Kingambit|fallen1|[silent]
|
|upkeep
|turn|11
|
|t:|1776273521
|-end|p1a: Kingambit|fallen1|[silent]
|switch|p1a: Slowbro|Slowbro, M, shiny|100/100
|move|p2a: Moltres|U-turn|p1a: Slowbro
|-supereffective|p1a: Slowbro
|-damage|p1a: Slowbro|83/100
|
|t:|1776273529
|switch|p2a: Hoopa|Hoopa-Unbound|100/100|[from] U-turn
|-damage|p2a: Hoopa|88/100|[from] Stealth Rock
|
|upkeep
|turn|12
|
|t:|1776273542
|move|p2a: Hoopa|Hyperspace Fury|p1a: Slowbro
|-supereffective|p1a: Slowbro
|-enditem|p1a: Slowbro|Colbur Berry|[eat]
|-enditem|p1a: Slowbro|Colbur Berry|[weaken]
|-damage|p1a: Slowbro|25/100
|-unboost|p2a: Hoopa|def|1
|move|p1a: Slowbro|Thunder Wave|p2a: Hoopa
|-status|p2a: Hoopa|par
|
|upkeep
|turn|13
|
|t:|1776273557
|switch|p1a: Kingambit|Kingambit, F|100/100
|-activate|p1a: Kingambit|ability: Supreme Overlord
|-start|p1a: Kingambit|fallen1|[silent]
|cant|p2a: Hoopa|par
|
|upkeep
|turn|14
|j| Monkey D MinMin
|
|t:|1776273574
|-end|p1a: Kingambit|fallen1|[silent]
|switch|p1a: Tyranitar|Tyranitar, F|100/100
|-weather|Sandstorm|[from] ability: Sand Stream|[of] p1a: Tyranitar
|switch|p2a: Moltres|Moltres|100/100
|
|-weather|Sandstorm|[upkeep]
|-damage|p2a: Moltres|94/100|[from] Sandstorm
|upkeep
|turn|15
|
|t:|1776273584
|switch|p2a: Great Tusk|Great Tusk|100/100
|-damage|p2a: Great Tusk|98/100|[from] Stealth Rock
|-enditem|p2a: Great Tusk|Booster Energy
|-activate|p2a: Great Tusk|ability: Protosynthesis|[fromitem]
|-start|p2a: Great Tusk|protosynthesisspe
|move|p1a: Tyranitar|Earthquake|p2a: Great Tusk
|-damage|p2a: Great Tusk|79/100
|
|-weather|Sandstorm|[upkeep]
|upkeep
|turn|16
|
|t:|1776273589
|move|p2a: Great Tusk|Rapid Spin|p1a: Tyranitar
|-resisted|p1a: Tyranitar
|-damage|p1a: Tyranitar|95/100
|-boost|p2a: Great Tusk|spe|1
|-sideend|p2: kejaun|Stealth Rock|[from] move: Rapid Spin|[of] p2a: Great Tusk
|move|p1a: Tyranitar|Earthquake|p2a: Great Tusk
|-damage|p2a: Great Tusk|60/100
|
|-weather|Sandstorm|[upkeep]
|-heal|p1a: Tyranitar|100/100|[from] item: Leftovers
|upkeep
|turn|17
|
|t:|1776273594
|switch|p1a: Corviknight|Corviknight, F|35/100
|-ability|p1a: Corviknight|Pressure
|move|p2a: Great Tusk|Headlong Rush|p1a: Corviknight
|-immune|p1a: Corviknight
|
|-weather|Sandstorm|[upkeep]
|-heal|p1a: Corviknight|41/100|[from] item: Leftovers
|upkeep
|turn|18
|
|t:|1776273598
|-end|p2a: Great Tusk|Protosynthesis|[silent]
|switch|p2a: Gholdengo|Gholdengo|75/100
|move|p1a: Corviknight|Roost|p1a: Corviknight
|-heal|p1a: Corviknight|91/100
|-singleturn|p1a: Corviknight|move: Roost
|
|-weather|none
|-heal|p2a: Gholdengo|81/100|[from] item: Leftovers
|-heal|p1a: Corviknight|97/100|[from] item: Leftovers
|upkeep
|turn|19
|
|t:|1776273604
|move|p2a: Gholdengo|Shadow Ball|p1a: Corviknight
|-damage|p1a: Corviknight|67/100
|move|p1a: Corviknight|U-turn|p2a: Gholdengo
|-resisted|p2a: Gholdengo
|-damage|p2a: Gholdengo|77/100
|
|t:|1776273611
|switch|p1a: Tyranitar|Tyranitar, F|100/100|[from] U-turn
|-weather|Sandstorm|[from] ability: Sand Stream|[of] p1a: Tyranitar
|
|-weather|Sandstorm|[upkeep]
|-heal|p2a: Gholdengo|83/100|[from] item: Leftovers
|upkeep
|turn|20
|inactive|kejaun has 120 seconds left.
|
|t:|1776273670
|switch|p2a: Great Tusk|Great Tusk|60/100
|move|p1a: Tyranitar|Earthquake|p2a: Great Tusk
|-damage|p2a: Great Tusk|42/100
|
|-weather|Sandstorm|[upkeep]
|upkeep
|turn|21
|inactive|kejaun has 90 seconds left.
|l| Monkey D MinMin
|
|t:|1776273692
|move|p2a: Great Tusk|Bulk Up|p2a: Great Tusk
|-boost|p2a: Great Tusk|atk|1
|-boost|p2a: Great Tusk|def|1
|move|p1a: Tyranitar|Stealth Rock|p2a: Great Tusk
|-sidestart|p2: kejaun|move: Stealth Rock
|
|-weather|Sandstorm|[upkeep]
|upkeep
|turn|22
|
|t:|1776273708
|switch|p1a: Slowbro|Slowbro, M, shiny|59/100
|move|p2a: Great Tusk|Rapid Spin|p1a: Slowbro
|-damage|p1a: Slowbro|46/100
|-boost|p2a: Great Tusk|spe|1
|-sideend|p2: kejaun|Stealth Rock|[from] move: Rapid Spin|[of] p2a: Great Tusk
|
|-weather|Sandstorm|[upkeep]
|-damage|p1a: Slowbro|40/100|[from] Sandstorm
|upkeep
|turn|23
|inactive|kejaun has 90 seconds left.
|
|t:|1776273724
|switch|p1a: Corviknight|Corviknight, F|67/100
|-ability|p1a: Corviknight|Pressure
|move|p2a: Great Tusk|Headlong Rush|p1a: Corviknight
|-immune|p1a: Corviknight
|
|-weather|none
|-heal|p1a: Corviknight|73/100|[from] item: Leftovers
|upkeep
|turn|24
|inactive|kejaun has 90 seconds left.
|
|t:|1776273737
|move|p2a: Great Tusk|Ice Spinner|p1a: Corviknight
|-damage|p1a: Corviknight|46/100
|move|p1a: Corviknight|Brave Bird|p2a: Great Tusk
|-supereffective|p2a: Great Tusk
|-damage|p2a: Great Tusk|12/100
|-damage|p1a: Corviknight|36/100|[from] Recoil
|
|-heal|p1a: Corviknight|42/100|[from] item: Leftovers
|upkeep
|turn|25
|inactive|kejaun has 90 seconds left.
|
|t:|1776273755
|-end|p2a: Great Tusk|Protosynthesis|[silent]
|switch|p2a: Gholdengo|Gholdengo|83/100
|move|p1a: Corviknight|Roost|p1a: Corviknight
|-heal|p1a: Corviknight|92/100
|-singleturn|p1a: Corviknight|move: Roost
|
|-heal|p2a: Gholdengo|89/100|[from] item: Leftovers
|-heal|p1a: Corviknight|98/100|[from] item: Leftovers
|upkeep
|turn|26
|inactive|kejaun has 90 seconds left.
|
|t:|1776273766
|move|p2a: Gholdengo|Focus Blast|p1a: Corviknight|[miss]
|-miss|p2a: Gholdengo|p1a: Corviknight
|move|p1a: Corviknight|U-turn|p2a: Gholdengo
|-resisted|p2a: Gholdengo
|-damage|p2a: Gholdengo|86/100
|
|t:|1776273777
|switch|p1a: Kingambit|Kingambit, F|100/100|[from] U-turn
|-activate|p1a: Kingambit|ability: Supreme Overlord
|-start|p1a: Kingambit|fallen1|[silent]
|
|-heal|p2a: Gholdengo|92/100|[from] item: Leftovers
|upkeep
|turn|27
|
|t:|1776273791
|switch|p2a: Great Tusk|Great Tusk|12/100
|-end|p1a: Kingambit|fallen1|[silent]
|switch|p1a: Amoonguss|Amoonguss, M, shiny|100/100
|
|upkeep
|turn|28
|inactive|kejaun has 90 seconds left.
|l| nitroLazer120
|inactive|kejaun has 60 seconds left.
|
|t:|1776273859
|-end|p2a: Great Tusk|Protosynthesis|[silent]
|switch|p2a: Gholdengo|Gholdengo|92/100
|move|p1a: Amoonguss|Giga Drain|p2a: Gholdengo
|-resisted|p2a: Gholdengo
|-damage|p2a: Gholdengo|78/100
|
|-heal|p2a: Gholdengo|84/100|[from] item: Leftovers
|upkeep
|turn|29
|
|t:|1776273869
|move|p2a: Gholdengo|Shadow Ball|p1a: Amoonguss
|-damage|p1a: Amoonguss|61/100
|move|p1a: Amoonguss|Giga Drain|p2a: Gholdengo
|-resisted|p2a: Gholdengo
|-damage|p2a: Gholdengo|70/100
|-heal|p1a: Amoonguss|66/100|[from] drain|[of] p2a: Gholdengo
|
|-heal|p2a: Gholdengo|76/100|[from] item: Leftovers
|upkeep
|turn|30
|
|t:|1776273875
|switch|p1a: Corviknight|Corviknight, F|98/100
|-ability|p1a: Corviknight|Pressure
|move|p2a: Gholdengo|Shadow Ball|p1a: Corviknight
|-damage|p1a: Corviknight|68/100
|-unboost|p1a: Corviknight|spd|1
|
|-heal|p2a: Gholdengo|82/100|[from] item: Leftovers
|-heal|p1a: Corviknight|74/100|[from] item: Leftovers
|upkeep
|turn|31
|
|t:|1776273880
|switch|p1a: Amoonguss|Amoonguss, M, shiny|99/100
|move|p2a: Gholdengo|Shadow Ball|p1a: Amoonguss
|-damage|p1a: Amoonguss|59/100
|-unboost|p1a: Amoonguss|spd|1
|
|-heal|p2a: Gholdengo|88/100|[from] item: Leftovers
|upkeep
|turn|32
|
|t:|1776273888
|switch|p1a: Tyranitar|Tyranitar, F|100/100
|-weather|Sandstorm|[from] ability: Sand Stream|[of] p1a: Tyranitar
|move|p2a: Gholdengo|Make It Rain|p1a: Tyranitar
|-supereffective|p1a: Tyranitar
|-damage|p1a: Tyranitar|44/100
|-unboost|p2a: Gholdengo|spa|1
|
|-weather|Sandstorm|[upkeep]
|-heal|p2a: Gholdengo|94/100|[from] item: Leftovers
|-heal|p1a: Tyranitar|50/100|[from] item: Leftovers
|upkeep
|turn|33
|
|t:|1776273908
|move|p2a: Gholdengo|Focus Blast|p1a: Tyranitar
|-supereffective|p1a: Tyranitar
|-damage|p1a: Tyranitar|3/100
|move|p1a: Tyranitar|Stealth Rock|p2a: Gholdengo
|-sidestart|p2: kejaun|move: Stealth Rock
|
|-weather|Sandstorm|[upkeep]
|-heal|p2a: Gholdengo|100/100|[from] item: Leftovers
|-heal|p1a: Tyranitar|9/100|[from] item: Leftovers
|upkeep
|turn|34
|inactive|kejaun has 60 seconds left.
|
|t:|1776273961
|switch|p1a: Kingambit|Kingambit, F|100/100
|-activate|p1a: Kingambit|ability: Supreme Overlord
|-start|p1a: Kingambit|fallen1|[silent]
|move|p2a: Gholdengo|Shadow Ball|p1a: Kingambit
|-resisted|p1a: Kingambit
|-damage|p1a: Kingambit|87/100
|
|-weather|Sandstorm|[upkeep]
|upkeep
|turn|35
|inactive|kejaun has 30 seconds left.
|
|t:|1776273985
|switch|p2a: Hydrapple|Hydrapple, M, tera:Fairy|97/100 par
|-damage|p2a: Hydrapple|85/100 par|[from] Stealth Rock
|-end|p1a: Kingambit|fallen1|[silent]
|switch|p1a: Tyranitar|Tyranitar, F|9/100
|
|-weather|Sandstorm|[upkeep]
|-damage|p2a: Hydrapple|78/100 par|[from] Sandstorm
|-heal|p1a: Tyranitar|15/100|[from] item: Leftovers
|upkeep
|turn|36
|inactive|kejaun has 30 seconds left.
|inactive|kejaun has 20 seconds left.
|
|t:|1776274003
|switch|p1a: Amoonguss|Amoonguss, M, shiny|92/100
|move|p2a: Hydrapple|Giga Drain|p1a: Amoonguss
|-resisted|p1a: Amoonguss
|-damage|p1a: Amoonguss|85/100
|-heal|p2a: Hydrapple|83/100 par|[from] drain|[of] p1a: Amoonguss
|
|-weather|none
|upkeep
|turn|37
|inactive|kejaun has 30 seconds left this turn.
|
|t:|1776274009
|switch|p1a: Tyranitar|Tyranitar, F|15/100
|-weather|Sandstorm|[from] ability: Sand Stream|[of] p1a: Tyranitar
|switch|p2a: Gholdengo|Gholdengo|100/100
|-damage|p2a: Gholdengo|94/100|[from] Stealth Rock
|
|-weather|Sandstorm|[upkeep]
|-heal|p2a: Gholdengo|100/100|[from] item: Leftovers
|-heal|p1a: Tyranitar|21/100|[from] item: Leftovers
|upkeep
|turn|38
|inactive|kejaun has 30 seconds left.
|
|t:|1776274024
|switch|p1a: Amoonguss|Amoonguss, M, shiny|100/100
|move|p2a: Gholdengo|Make It Rain|p1a: Amoonguss
|-damage|p1a: Amoonguss|44/100
|-unboost|p2a: Gholdengo|spa|1
|
|-weather|Sandstorm|[upkeep]
|-damage|p1a: Amoonguss|38/100|[from] Sandstorm
|upkeep
|turn|39
|inactive|kejaun has 30 seconds left.
|
|t:|1776274039
|switch|p2a: Great Tusk|Great Tusk|12/100
|-damage|p2a: Great Tusk|9/100|[from] Stealth Rock
|switch|p1a: Corviknight|Corviknight, F|74/100
|-ability|p1a: Corviknight|Pressure
|
|-weather|Sandstorm|[upkeep]
|-heal|p1a: Corviknight|81/100|[from] item: Leftovers
|upkeep
|turn|40
|
|t:|1776274048
|move|p2a: Great Tusk|Rapid Spin|p1a: Corviknight
|-resisted|p1a: Corviknight
|-damage|p1a: Corviknight|75/100
|-boost|p2a: Great Tusk|spe|1
|-sideend|p2: kejaun|Stealth Rock|[from] move: Rapid Spin|[of] p2a: Great Tusk
|move|p1a: Corviknight|Brave Bird|p2a: Great Tusk
|-supereffective|p2a: Great Tusk
|-damage|p2a: Great Tusk|0 fnt
|faint|p2a: Great Tusk
|-end|p2a: Great Tusk|Protosynthesis|[silent]
|-damage|p1a: Corviknight|72/100|[from] Recoil
|
|-weather|Sandstorm|[upkeep]
|-heal|p1a: Corviknight|78/100|[from] item: Leftovers
|upkeep
|l| ddgfdhad
|
|t:|1776274055
|switch|p2a: Moltres|Moltres|94/100
|turn|41
|
|t:|1776274061
|switch|p1a: Slowbro|Slowbro, M, shiny|74/100
|move|p2a: Moltres|U-turn|p1a: Slowbro
|-supereffective|p1a: Slowbro
|-damage|p1a: Slowbro|55/100
|
|t:|1776274066
|switch|p2a: Samurott|Samurott-Hisui, M, shiny|100/100|[from] U-turn
|
|-weather|none
|upkeep
|turn|42
|inactive|2swish has 120 seconds left.
|inactive|2swish has 90 seconds left.
|
|t:|1776274140
|-terastallize|p1a: Slowbro|Fairy
|move|p2a: Samurott|Ceaseless Edge|p1a: Slowbro
|-resisted|p1a: Slowbro
|-crit|p1a: Slowbro
|-damage|p1a: Slowbro|36/100
|-sidestart|p1: 2swish|Spikes
|move|p1a: Slowbro|Body Press|p2a: Samurott
|-supereffective|p2a: Samurott
|-crit|p2a: Samurott
|-damage|p2a: Samurott|13/100
|
|upkeep
|turn|43
|inactive|kejaun has 60 seconds left.
|
|t:|1776274159
|switch|p2a: Gholdengo|Gholdengo|100/100
|switch|p1a: Corviknight|Corviknight, F|78/100
|-ability|p1a: Corviknight|Pressure
|
|-heal|p1a: Corviknight|84/100|[from] item: Leftovers
|upkeep
|turn|44
|inactive|2swish has 60 seconds left.
|
|t:|1776274192
|move|p2a: Gholdengo|Shadow Ball|p1a: Corviknight
|-damage|p1a: Corviknight|57/100
|move|p1a: Corviknight|Brave Bird|p2a: Gholdengo
|-resisted|p2a: Gholdengo
|-damage|p2a: Gholdengo|80/100
|-damage|p1a: Corviknight|52/100|[from] Recoil
|
|-heal|p2a: Gholdengo|87/100|[from] item: Leftovers
|-heal|p1a: Corviknight|58/100|[from] item: Leftovers
|upkeep
|turn|45
|inactive|2swish has 60 seconds left.
|
|t:|1776274202
|switch|p2a: Moltres|Moltres|94/100
|move|p1a: Corviknight|Roost|p1a: Corviknight
|-heal|p1a: Corviknight|100/100
|-singleturn|p1a: Corviknight|move: Roost
|
|upkeep
|turn|46
|inactive|2swish has 60 seconds left.
|
|t:|1776274210
|move|p2a: Moltres|U-turn|p1a: Corviknight
|-resisted|p1a: Corviknight
|-damage|p1a: Corviknight|98/100
|
|t:|1776274215
|switch|p2a: Gholdengo|Gholdengo|87/100|[from] U-turn
|move|p1a: Corviknight|U-turn|p2a: Gholdengo
|-resisted|p2a: Gholdengo
|-crit|p2a: Gholdengo
|-damage|p2a: Gholdengo|80/100
|inactive|2swish has 60 seconds left.
|
|t:|1776274232
|switch|p1a: Tyranitar|Tyranitar, F|21/100|[from] U-turn
|-damage|p1a: Tyranitar|9/100|[from] Spikes
|-weather|Sandstorm|[from] ability: Sand Stream|[of] p1a: Tyranitar
|
|-weather|Sandstorm|[upkeep]
|-heal|p2a: Gholdengo|86/100|[from] item: Leftovers
|-heal|p1a: Tyranitar|15/100|[from] item: Leftovers
|upkeep
|turn|47
|inactive|2swish has 60 seconds left.
|
|t:|1776274241
|switch|p1a: Corviknight|Corviknight, F|98/100
|-ability|p1a: Corviknight|Pressure
|move|p2a: Gholdengo|Make It Rain|p1a: Corviknight
|-resisted|p1a: Corviknight
|-damage|p1a: Corviknight|74/100
|-unboost|p2a: Gholdengo|spa|1
|
|-weather|Sandstorm|[upkeep]
|-heal|p2a: Gholdengo|92/100|[from] item: Leftovers
|-heal|p1a: Corviknight|80/100|[from] item: Leftovers
|upkeep
|turn|48
|
|t:|1776274250
|switch|p2a: Hydrapple|Hydrapple, M, tera:Fairy|100/100 par
|move|p1a: Corviknight|Defog|p2a: Hydrapple
|-unboost|p2a: Hydrapple|evasion|1
|-sideend|p1: 2swish|Spikes|[from] move: Defog|[of] p1a: Corviknight
|
|-weather|Sandstorm|[upkeep]
|-damage|p2a: Hydrapple|94/100 par|[from] Sandstorm
|-heal|p1a: Corviknight|87/100|[from] item: Leftovers
|upkeep
|turn|49
|
|t:|1776274259
|move|p1a: Corviknight|U-turn|p2a: Hydrapple
|-resisted|p2a: Hydrapple
|-damage|p2a: Hydrapple|89/100 par
|
|t:|1776274263
|switch|p1a: Amoonguss|Amoonguss, M, shiny|71/100|[from] U-turn
|cant|p2a: Hydrapple|par
|
|-weather|Sandstorm|[upkeep]
|-damage|p1a: Amoonguss|65/100|[from] Sandstorm
|-damage|p2a: Hydrapple|83/100 par|[from] Sandstorm
|upkeep
|turn|50
|
|t:|1776274270
|switch|p1a: Tyranitar|Tyranitar, F|15/100
|switch|p2a: Gholdengo|Gholdengo|92/100
|
|-weather|none
|-heal|p2a: Gholdengo|98/100|[from] item: Leftovers
|-heal|p1a: Tyranitar|21/100|[from] item: Leftovers
|upkeep
|turn|51
|
|t:|1776274278
|switch|p1a: Corviknight|Corviknight, F|87/100
|-ability|p1a: Corviknight|Pressure
|move|p2a: Gholdengo|Focus Blast|p1a: Corviknight|[miss]
|-miss|p2a: Gholdengo|p1a: Corviknight
|
|-heal|p2a: Gholdengo|100/100|[from] item: Leftovers
|-heal|p1a: Corviknight|93/100|[from] item: Leftovers
|upkeep
|turn|52
|
|t:|1776274284
|move|p2a: Gholdengo|Shadow Ball|p1a: Corviknight
|-damage|p1a: Corviknight|61/100
|move|p1a: Corviknight|U-turn|p2a: Gholdengo
|-resisted|p2a: Gholdengo
|-damage|p2a: Gholdengo|97/100
|
|t:|1776274289
|switch|p1a: Tyranitar|Tyranitar, F|21/100|[from] U-turn
|-weather|Sandstorm|[from] ability: Sand Stream|[of] p1a: Tyranitar
|
|-weather|Sandstorm|[upkeep]
|-heal|p2a: Gholdengo|100/100|[from] item: Leftovers
|-heal|p1a: Tyranitar|27/100|[from] item: Leftovers
|upkeep
|turn|53
|
|t:|1776274295
|switch|p1a: Amoonguss|Amoonguss, M, shiny|98/100
|move|p2a: Gholdengo|Focus Blast|p1a: Amoonguss
|-resisted|p1a: Amoonguss
|-damage|p1a: Amoonguss|78/100
|
|-weather|Sandstorm|[upkeep]
|-damage|p1a: Amoonguss|71/100|[from] Sandstorm
|upkeep
|turn|54
|
|t:|1776274299
|switch|p1a: Corviknight|Corviknight, F|61/100
|-ability|p1a: Corviknight|Pressure
|move|p2a: Gholdengo|Shadow Ball|p1a: Corviknight
|-damage|p1a: Corviknight|32/100
|
|-weather|Sandstorm|[upkeep]
|-heal|p1a: Corviknight|39/100|[from] item: Leftovers
|upkeep
|turn|55
|
|t:|1776274309
|move|p2a: Gholdengo|Shadow Ball|p1a: Corviknight
|-damage|p1a: Corviknight|9/100
|-unboost|p1a: Corviknight|spd|1
|move|p1a: Corviknight|Roost|p1a: Corviknight
|-heal|p1a: Corviknight|59/100
|-singleturn|p1a: Corviknight|move: Roost
|
|-weather|Sandstorm|[upkeep]
|-heal|p1a: Corviknight|65/100|[from] item: Leftovers
|upkeep
|turn|56
|
|t:|1776274314
|switch|p1a: Amoonguss|Amoonguss, M, shiny|100/100
|move|p2a: Gholdengo|Shadow Ball|p1a: Amoonguss
|-damage|p1a: Amoonguss|62/100
|
|-weather|none
|upkeep
|turn|57
|
|t:|1776274321
|move|p2a: Gholdengo|Shadow Ball|p1a: Amoonguss
|-damage|p1a: Amoonguss|24/100
|move|p1a: Amoonguss|Foul Play|p2a: Gholdengo
|-supereffective|p2a: Gholdengo
|-damage|p2a: Gholdengo|78/100
|
|-heal|p2a: Gholdengo|84/100|[from] item: Leftovers
|upkeep
|turn|58
|
|t:|1776274336
|switch|p2a: Moltres|Moltres|94/100
|switch|p1a: Corviknight|Corviknight, F|65/100
|-ability|p1a: Corviknight|Pressure
|
|-heal|p1a: Corviknight|72/100|[from] item: Leftovers
|upkeep
|turn|59
|
|t:|1776274345
|switch|p1a: Tyranitar|Tyranitar, F|27/100
|-weather|Sandstorm|[from] ability: Sand Stream|[of] p1a: Tyranitar
|move|p2a: Moltres|Flamethrower|p1a: Tyranitar
|-resisted|p1a: Tyranitar
|-damage|p1a: Tyranitar|20/100
|
|-weather|Sandstorm|[upkeep]
|-damage|p2a: Moltres|88/100|[from] Sandstorm
|-heal|p1a: Tyranitar|26/100|[from] item: Leftovers
|upkeep
|turn|60
|
|t:|1776274357
|move|p2a: Moltres|U-turn|p1a: Tyranitar
|-supereffective|p1a: Tyranitar
|-damage|p1a: Tyranitar|2/100
|
|t:|1776274365
|switch|p2a: Hydrapple|Hydrapple, M, tera:Fairy|100/100 par|[from] U-turn
|move|p1a: Tyranitar|Stealth Rock|p2a: Hydrapple
|-sidestart|p2: kejaun|move: Stealth Rock
|
|-weather|Sandstorm|[upkeep]
|-damage|p2a: Hydrapple|94/100 par|[from] Sandstorm
|-heal|p1a: Tyranitar|8/100|[from] item: Leftovers
|upkeep
|turn|61
|
|t:|1776274390
|switch|p1a: Amoonguss|Amoonguss, M, shiny|57/100
|move|p2a: Hydrapple|Nasty Plot|p2a: Hydrapple
|-boost|p2a: Hydrapple|spa|2
|
|-weather|Sandstorm|[upkeep]
|-damage|p1a: Amoonguss|51/100|[from] Sandstorm
|-damage|p2a: Hydrapple|88/100 par|[from] Sandstorm
|upkeep
|turn|62
|inactive|kejaun has 120 seconds left.
|
|t:|1776274437
|switch|p2a: Moltres|Moltres|88/100
|move|p1a: Amoonguss|Clear Smog|p2a: Moltres
|-damage|p2a: Moltres|77/100
|-clearboost|p2a: Moltres
|
|-weather|Sandstorm|[upkeep]
|-damage|p2a: Moltres|71/100|[from] Sandstorm
|-damage|p1a: Amoonguss|45/100|[from] Sandstorm
|upkeep
|turn|63
|
|t:|1776274447
|switch|p1a: Slowbro|Slowbro, M, shiny, tera:Fairy|70/100
|move|p2a: Moltres|Flamethrower|p1a: Slowbro
|-damage|p1a: Slowbro|30/100
|
|-weather|none
|upkeep
|turn|64
|
|t:|1776274462
|switch|p1a: Amoonguss|Amoonguss, M, shiny|78/100
|move|p2a: Moltres|Flamethrower|p1a: Amoonguss
|-supereffective|p1a: Amoonguss
|-damage|p1a: Amoonguss|16/100
|
|upkeep
|turn|65
|
|t:|1776274473
|switch|p1a: Tyranitar|Tyranitar, F|8/100
|-weather|Sandstorm|[from] ability: Sand Stream|[of] p1a: Tyranitar
|move|p2a: Moltres|Flamethrower|p1a: Tyranitar
|-resisted|p1a: Tyranitar
|-damage|p1a: Tyranitar|0 fnt
|faint|p1a: Tyranitar
|
|-weather|Sandstorm|[upkeep]
|-damage|p2a: Moltres|65/100|[from] Sandstorm
|upkeep
|inactive|2swish has 120 seconds left.
|
|t:|1776274495
|switch|p1a: Slowbro|Slowbro, M, shiny, tera:Fairy|63/100
|turn|66
|
|t:|1776274505
|switch|p2a: Hydrapple|Hydrapple, M, tera:Fairy|100/100 par
|-damage|p2a: Hydrapple|88/100 par|[from] Stealth Rock
|move|p1a: Slowbro|Thunder Wave|p2a: Hydrapple
|-fail|p2a: Hydrapple|par
|
|-weather|Sandstorm|[upkeep]
|-damage|p1a: Slowbro|57/100|[from] Sandstorm
|-damage|p2a: Hydrapple|82/100 par|[from] Sandstorm
|upkeep
|turn|67
|
|t:|1776274526
|switch|p1a: Kingambit|Kingambit, F|87/100
|-activate|p1a: Kingambit|ability: Supreme Overlord
|-start|p1a: Kingambit|fallen2|[silent]
|move|p2a: Hydrapple|Draco Meteor|p1a: Kingambit|[miss]
|-miss|p2a: Hydrapple|p1a: Kingambit
|
|-weather|Sandstorm|[upkeep]
|-damage|p2a: Hydrapple|75/100 par|[from] Sandstorm
|upkeep
|turn|68
|
|t:|1776274537
|switch|p2a: Samurott|Samurott-Hisui, M, shiny|13/100
|-damage|p2a: Samurott|1/100|[from] Stealth Rock
|move|p1a: Kingambit|Kowtow Cleave|p2a: Samurott
|-resisted|p2a: Samurott
|-damage|p2a: Samurott|0 fnt
|faint|p2a: Samurott
|
|-weather|Sandstorm|[upkeep]
|upkeep
|
|t:|1776274553
|switch|p2a: Moltres|Moltres|65/100
|turn|69
|
|t:|1776274559
|-end|p1a: Kingambit|fallen2|[silent]
|switch|p1a: Amoonguss|Amoonguss, M, shiny|50/100
|move|p2a: Moltres|Flamethrower|p1a: Amoonguss
|-supereffective|p1a: Amoonguss
|-damage|p1a: Amoonguss|0 fnt
|faint|p1a: Amoonguss
|
|-weather|none
|upkeep
|
|t:|1776274564
|switch|p1a: Slowbro|Slowbro, M, shiny, tera:Fairy|90/100
|turn|70
|
|t:|1776274582
|switch|p1a: Corviknight|Corviknight, F|72/100
|-ability|p1a: Corviknight|Pressure
|move|p2a: Moltres|U-turn|p1a: Corviknight
|-resisted|p1a: Corviknight
|-damage|p1a: Corviknight|69/100
|
|t:|1776274587
|switch|p2a: Gholdengo|Gholdengo|84/100|[from] U-turn
|-damage|p2a: Gholdengo|78/100|[from] Stealth Rock
|
|-heal|p2a: Gholdengo|84/100|[from] item: Leftovers
|-heal|p1a: Corviknight|75/100|[from] item: Leftovers
|upkeep
|turn|71
|
|t:|1776274597
|move|p2a: Gholdengo|Shadow Ball|p1a: Corviknight
|-damage|p1a: Corviknight|47/100
|-unboost|p1a: Corviknight|spd|1
|move|p1a: Corviknight|Brave Bird|p2a: Gholdengo
|-resisted|p2a: Gholdengo
|-damage|p2a: Gholdengo|63/100
|-damage|p1a: Corviknight|42/100|[from] Recoil
|
|-heal|p2a: Gholdengo|69/100|[from] item: Leftovers
|-heal|p1a: Corviknight|48/100|[from] item: Leftovers
|upkeep
|turn|72
|
|t:|1776274617
|switch|p1a: Slowbro|Slowbro, M, shiny, tera:Fairy|100/100
|move|p2a: Gholdengo|Shadow Ball|p1a: Slowbro
|-damage|p1a: Slowbro|55/100
|
|-heal|p2a: Gholdengo|75/100|[from] item: Leftovers
|upkeep
|turn|73
|
|t:|1776274627
|move|p2a: Gholdengo|Shadow Ball|p1a: Slowbro
|-damage|p1a: Slowbro|8/100
|-unboost|p1a: Slowbro|spd|1
|move|p1a: Slowbro|Slack Off|p1a: Slowbro
|-heal|p1a: Slowbro|58/100
|
|-heal|p2a: Gholdengo|81/100|[from] item: Leftovers
|upkeep
|turn|74
|
|t:|1776274635
|switch|p1a: Kingambit|Kingambit, F|87/100
|-activate|p1a: Kingambit|ability: Supreme Overlord
|-start|p1a: Kingambit|fallen3|[silent]
|move|p2a: Gholdengo|Shadow Ball|p1a: Kingambit
|-resisted|p1a: Kingambit
|-damage|p1a: Kingambit|65/100
|
|-heal|p2a: Gholdengo|87/100|[from] item: Leftovers
|upkeep
|turn|75
|
|t:|1776274648
|-end|p1a: Kingambit|fallen3|[silent]
|switch|p1a: Slowbro|Slowbro, M, shiny, tera:Fairy|92/100
|move|p2a: Gholdengo|Focus Blast|p1a: Slowbro|[miss]
|-miss|p2a: Gholdengo|p1a: Slowbro
|
|-heal|p2a: Gholdengo|93/100|[from] item: Leftovers
|upkeep
|turn|76
|
|t:|1776274659
|switch|p2a: Hydrapple|Hydrapple, M, tera:Fairy|100/100 par
|-damage|p2a: Hydrapple|88/100 par|[from] Stealth Rock
|switch|p1a: Corviknight|Corviknight, F|48/100
|-ability|p1a: Corviknight|Pressure
|
|-heal|p1a: Corviknight|54/100|[from] item: Leftovers
|upkeep
|turn|77
|
|t:|1776274673
|move|p1a: Corviknight|Roost|p1a: Corviknight
|-heal|p1a: Corviknight|100/100
|-singleturn|p1a: Corviknight|move: Roost
|cant|p2a: Hydrapple|par
|
|upkeep
|turn|78
|
|t:|1776274699
|move|p1a: Corviknight|Brave Bird|p2a: Hydrapple
|-damage|p2a: Hydrapple|61/100 par
|-damage|p1a: Corviknight|92/100|[from] Recoil
|move|p2a: Hydrapple|Nasty Plot|p2a: Hydrapple
|-boost|p2a: Hydrapple|spa|2
|
|-heal|p1a: Corviknight|98/100|[from] item: Leftovers
|upkeep
|turn|79
|
|t:|1776274711
|switch|p2a: Moltres|Moltres|65/100
|move|p1a: Corviknight|Brave Bird|p2a: Moltres
|-damage|p2a: Moltres|29/100
|-damage|p1a: Corviknight|86/100|[from] Recoil
|
|-heal|p1a: Corviknight|93/100|[from] item: Leftovers
|upkeep
|turn|80
|inactive|2swish has 120 seconds left.
|
|t:|1776274737
|switch|p1a: Slowbro|Slowbro, M, shiny, tera:Fairy|100/100
|move|p2a: Moltres|Roost|p2a: Moltres
|-heal|p2a: Moltres|79/100
|-singleturn|p2a: Moltres|move: Roost
|
|upkeep
|turn|81
|
|t:|1776274745
|move|p2a: Moltres|U-turn|p1a: Slowbro
|-resisted|p1a: Slowbro
|-damage|p1a: Slowbro|97/100
|
|t:|1776274747
|switch|p2a: Gholdengo|Gholdengo|93/100|[from] U-turn
|-damage|p2a: Gholdengo|87/100|[from] Stealth Rock
|move|p1a: Slowbro|Thunder Wave|p2a: Gholdengo
|-immune|p2a: Gholdengo|[from] ability: Good as Gold
|
|-heal|p2a: Gholdengo|93/100|[from] item: Leftovers
|upkeep
|turn|82
|
|t:|1776274761
|switch|p2a: Hydrapple|Hydrapple, M, tera:Fairy|94/100 par
|-damage|p2a: Hydrapple|81/100 par|[from] Stealth Rock
|switch|p1a: Corviknight|Corviknight, F|93/100
|-ability|p1a: Corviknight|Pressure
|
|-heal|p1a: Corviknight|99/100|[from] item: Leftovers
|upkeep
|turn|83
|
|t:|1776274764
|move|p1a: Corviknight|Brave Bird|p2a: Hydrapple
|-damage|p2a: Hydrapple|56/100 par
|-damage|p1a: Corviknight|91/100|[from] Recoil
|move|p2a: Hydrapple|Nasty Plot|p2a: Hydrapple
|-boost|p2a: Hydrapple|spa|2
|
|-heal|p1a: Corviknight|97/100|[from] item: Leftovers
|upkeep
|turn|84
|
|t:|1776274773
|move|p1a: Corviknight|Brave Bird|p2a: Hydrapple
|-damage|p2a: Hydrapple|30/100 par
|-damage|p1a: Corviknight|89/100|[from] Recoil
|move|p2a: Hydrapple|Nasty Plot|p2a: Hydrapple
|-boost|p2a: Hydrapple|spa|2
|
|-heal|p1a: Corviknight|95/100|[from] item: Leftovers
|upkeep
|turn|85
|
|t:|1776274779
|move|p1a: Corviknight|Brave Bird|p2a: Hydrapple
|-damage|p2a: Hydrapple|3/100 par
|-damage|p1a: Corviknight|86/100|[from] Recoil
|cant|p2a: Hydrapple|par
|
|-heal|p1a: Corviknight|92/100|[from] item: Leftovers
|upkeep
|turn|86
|
|t:|1776274786
|switch|p2a: Moltres|Moltres|79/100
|move|p1a: Corviknight|Brave Bird|p2a: Moltres
|-damage|p2a: Moltres|46/100
|-damage|p1a: Corviknight|82/100|[from] Recoil
|
|-heal|p1a: Corviknight|88/100|[from] item: Leftovers
|upkeep
|turn|87
|
|t:|1776274801
|move|p2a: Moltres|Roost|p2a: Moltres
|-heal|p2a: Moltres|96/100
|-singleturn|p2a: Moltres|move: Roost
|move|p1a: Corviknight|Brave Bird|p2a: Moltres
|-damage|p2a: Moltres|63/100
|-damage|p1a: Corviknight|78/100|[from] Recoil
|
|-heal|p1a: Corviknight|84/100|[from] item: Leftovers
|upkeep
|turn|88
|
|t:|1776274806
|move|p2a: Moltres|Roost|p2a: Moltres
|-heal|p2a: Moltres|100/100
|-singleturn|p2a: Moltres|move: Roost
|move|p1a: Corviknight|Brave Bird|p2a: Moltres
|-damage|p2a: Moltres|69/100
|-damage|p1a: Corviknight|74/100|[from] Recoil
|
|-heal|p1a: Corviknight|80/100|[from] item: Leftovers
|upkeep
|turn|89
|
|t:|1776274809
|move|p2a: Moltres|Roost|p2a: Moltres
|-heal|p2a: Moltres|100/100
|-singleturn|p2a: Moltres|move: Roost
|move|p1a: Corviknight|Brave Bird|p2a: Moltres
|-damage|p2a: Moltres|68/100
|-damage|p1a: Corviknight|70/100|[from] Recoil
|
|-heal|p1a: Corviknight|76/100|[from] item: Leftovers
|upkeep
|turn|90
|
|t:|1776274816
|move|p2a: Moltres|Roost|p2a: Moltres
|-heal|p2a: Moltres|100/100
|-singleturn|p2a: Moltres|move: Roost
|move|p1a: Corviknight|Brave Bird|p2a: Moltres
|-damage|p2a: Moltres|69/100
|-damage|p1a: Corviknight|66/100|[from] Recoil
|
|-heal|p1a: Corviknight|73/100|[from] item: Leftovers
|upkeep
|turn|91
|
|t:|1776274822
|move|p2a: Moltres|Flamethrower|p1a: Corviknight
|-supereffective|p1a: Corviknight
|-damage|p1a: Corviknight|21/100
|move|p1a: Corviknight|Brave Bird|p2a: Moltres
|-damage|p2a: Moltres|36/100
|-status|p1a: Corviknight|brn|[from] ability: Flame Body|[of] p2a: Moltres
|-damage|p1a: Corviknight|11/100 brn|[from] Recoil
|
|-heal|p1a: Corviknight|17/100 brn|[from] item: Leftovers
|-damage|p1a: Corviknight|11/100 brn|[from] brn
|upkeep
|turn|92
|
|t:|1776274831
|move|p2a: Moltres|Flamethrower|p1a: Corviknight
|-supereffective|p1a: Corviknight
|-damage|p1a: Corviknight|0 fnt
|faint|p1a: Corviknight
|
|upkeep
|
|t:|1776274837
|switch|p1a: Slowbro|Slowbro, M, shiny, tera:Fairy|100/100
|turn|93
|
|t:|1776274842
|move|p2a: Moltres|U-turn|p1a: Slowbro
|-resisted|p1a: Slowbro
|-damage|p1a: Slowbro|97/100
|
|t:|1776274844
|switch|p2a: Gholdengo|Gholdengo|93/100|[from] U-turn
|-damage|p2a: Gholdengo|87/100|[from] Stealth Rock
|move|p1a: Slowbro|Thunder Wave|p2a: Gholdengo
|-immune|p2a: Gholdengo|[from] ability: Good as Gold
|
|-heal|p2a: Gholdengo|93/100|[from] item: Leftovers
|upkeep
|turn|94
|
|t:|1776274853
|move|p2a: Gholdengo|Make It Rain|p1a: Slowbro
|-supereffective|p1a: Slowbro
|-damage|p1a: Slowbro|0 fnt
|-unboost|p2a: Gholdengo|spa|1
|faint|p1a: Slowbro
|
|-heal|p2a: Gholdengo|99/100|[from] item: Leftovers
|upkeep
|
|t:|1776274855
|switch|p1a: Kingambit|Kingambit, F|65/100
|-activate|p1a: Kingambit|ability: Supreme Overlord
|-start|p1a: Kingambit|fallen5|[silent]
|turn|95
|
|t:|1776274861
|move|p2a: Gholdengo|Focus Blast|p1a: Kingambit
|-supereffective|p1a: Kingambit
|-damage|p1a: Kingambit|0 fnt
|faint|p1a: Kingambit
|-end|p1a: Kingambit|fallen5|[silent]
|
|win|kejaun
|raw|2swish's rating: 1582 &rarr; <strong>1563</strong><br />(-19 for losing)
|raw|kejaun's rating: 1593 &rarr; <strong>1612</strong><br />(+19 for winning)
|l|☆kejaun
|player|p2|
