|html|<div class="broadcast-blue"><strong>[Gen 9] OU is currently suspecting Tera Blast! For information on how to participate check out the <a href="https://www.smogon.com/tools/suspects/view/200">suspect thread</a>.</strong></div>
|j|☆dummydraedon
|j|‽CP28028
|t:|1776235318
|gametype|singles
|player|p1|dummydraedon|169|1470
|player|p2|CP28028|swimmerf-gen4dp|1460
|gen|9
|tier|[Gen 9] OU
|rated|
|rule|HP Percentage Mod: HP is shown in percentages
|rule|Endless Battle Clause: Forcing endless battles is banned
|rule|Species Clause: Limit one of each Pokémon
|rule|OHKO Clause: OHKO moves are banned
|rule|Evasion Items Clause: Evasion items are banned
|rule|Evasion Moves Clause: Evasion moves are banned
|rule|Evasion Abilities Clause: Evasion abilities are banned
|rule|Sleep Moves Clause: Sleep-inducing moves are banned
|clearpoke
|poke|p1|Vaporeon, F|
|poke|p1|Tinkaton, F|
|poke|p1|Pelipper, M|
|poke|p1|Excadrill, M|
|poke|p1|Barraskewda, M|
|poke|p1|Zoroark-Hisui, M|
|poke|p2|Iron Valiant|
|poke|p2|Great Tusk|
|poke|p2|Dragonite, M|
|poke|p2|Kingambit, F|
|poke|p2|Dragapult, F|
|poke|p2|Ogerpon-Wellspring, F|
|teampreview
|inactive|Battle timer is ON: inactive players will automatically lose when time's up. (requested by CP28028)
|
|t:|1776235344
|teamsize|p1|6
|teamsize|p2|6
|start
|switch|p1a: I smash vap|Tinkaton, F, shiny|100/100
|switch|p2a: Dragonite|Dragonite, M|100/100
|turn|1
|
|t:|1776235361
|move|p1a: I smash vap|Trick|p2a: Dragonite
|-activate|p1a: I smash vap|move: Trick|[of] p2a: Dragonite
|-item|p2a: Dragonite|Choice Scarf|[from] move: Trick
|-item|p1a: I smash vap|Leftovers|[from] move: Trick
|move|p2a: Dragonite|Dragon Dance|p2a: Dragonite
|-boost|p2a: Dragonite|atk|1
|-boost|p2a: Dragonite|spe|1
|
|upkeep
|turn|2
|
|t:|1776235372
|switch|p2a: Great Tusk|Great Tusk|100/100
|-enditem|p2a: Great Tusk|Booster Energy
|-activate|p2a: Great Tusk|ability: Protosynthesis|[fromitem]
|-start|p2a: Great Tusk|protosynthesisspe
|move|p1a: I smash vap|Will-O-Wisp|p2a: Great Tusk
|-status|p2a: Great Tusk|brn
|
|-damage|p2a: Great Tusk|94/100 brn|[from] brn
|upkeep
|turn|3
|
|t:|1776235381
|switch|p1a: vap|Vaporeon, F|100/100
|move|p2a: Great Tusk|Bulk Up|p2a: Great Tusk
|-boost|p2a: Great Tusk|atk|1
|-boost|p2a: Great Tusk|def|1
|
|-damage|p2a: Great Tusk|88/100 brn|[from] brn
|upkeep
|turn|4
|
|t:|1776235386
|move|p2a: Great Tusk|Taunt|p1a: vap
|-start|p1a: vap|move: Taunt
|cant|p1a: vap|move: Taunt|Haze
|
|-damage|p2a: Great Tusk|82/100 brn|[from] brn
|upkeep
|turn|5
|
|t:|1776235395
|move|p2a: Great Tusk|Bulk Up|p2a: Great Tusk
|-boost|p2a: Great Tusk|atk|1
|-boost|p2a: Great Tusk|def|1
|move|p1a: vap|Scald|p2a: Great Tusk
|-supereffective|p2a: Great Tusk
|-damage|p2a: Great Tusk|8/100 brn
|
|-damage|p2a: Great Tusk|2/100 brn|[from] brn
|upkeep
|turn|6
|
|t:|1776235401
|switch|p1a: bird in vap|Pelipper, M|100/100
|-weather|RainDance|[from] ability: Drizzle|[of] p1a: bird in vap
|move|p2a: Great Tusk|Earthquake|p1a: bird in vap
|-immune|p1a: bird in vap
|
|-weather|RainDance|[upkeep]
|-damage|p2a: Great Tusk|0 fnt|[from] brn
|faint|p2a: Great Tusk
|-end|p2a: Great Tusk|Protosynthesis|[silent]
|upkeep
|
|t:|1776235407
|switch|p2a: Kingambit|Kingambit, F|100/100
|-activate|p2a: Kingambit|ability: Supreme Overlord
|-start|p2a: Kingambit|fallen1|[silent]
|turn|7
|
|t:|1776235411
|switch|p1a: I smash vap|Tinkaton, F, shiny|100/100
|move|p2a: Kingambit|Swords Dance|p2a: Kingambit
|-boost|p2a: Kingambit|atk|2
|
|-weather|RainDance|[upkeep]
|upkeep
|turn|8
|
|t:|1776235420
|move|p1a: I smash vap|Will-O-Wisp|p2a: Kingambit
|-status|p2a: Kingambit|brn
|-enditem|p2a: Kingambit|Lum Berry|[eat]
|-curestatus|p2a: Kingambit|brn|[msg]
|move|p2a: Kingambit|Low Kick|p1a: I smash vap
|-immune|p1a: I smash vap
|
|-weather|RainDance|[upkeep]
|upkeep
|turn|9
|
|t:|1776235440
|move|p1a: I smash vap|Will-O-Wisp|p2a: Kingambit|[miss]
|-miss|p1a: I smash vap|p2a: Kingambit
|move|p2a: Kingambit|Swords Dance|p2a: Kingambit
|-boost|p2a: Kingambit|atk|2
|
|-weather|RainDance|[upkeep]
|upkeep
|turn|10
|
|t:|1776235443
|move|p1a: I smash vap|Will-O-Wisp|p2a: Kingambit
|-status|p2a: Kingambit|brn
|move|p2a: Kingambit|Swords Dance|p2a: Kingambit
|-boost|p2a: Kingambit|atk|2
|
|-weather|none
|-damage|p2a: Kingambit|94/100 brn|[from] brn
|upkeep
|turn|11
|
|t:|1776235448
|move|p1a: I smash vap|Flamethrower|p2a: Kingambit
|-supereffective|p2a: Kingambit
|-crit|p2a: Kingambit
|-damage|p2a: Kingambit|0 fnt
|faint|p2a: Kingambit
|-end|p2a: Kingambit|fallen1|[silent]
|
|upkeep
|
|t:|1776235452
|switch|p2a: Ogerpon|Ogerpon-Wellspring, F|100/100
|turn|12
|
|t:|1776235458
|move|p1a: I smash vap|Will-O-Wisp|p2a: Ogerpon
|-status|p2a: Ogerpon|brn
|move|p2a: Ogerpon|Swords Dance|p2a: Ogerpon
|-boost|p2a: Ogerpon|atk|2
|
|-damage|p2a: Ogerpon|95/100 brn|[from] brn
|upkeep
|turn|13
|
|t:|1776235462
|switch|p1a: vap|Vaporeon, F|100/100
|move|p2a: Ogerpon|Swords Dance|p2a: Ogerpon
|-boost|p2a: Ogerpon|atk|2
|
|-damage|p2a: Ogerpon|89/100 brn|[from] brn
|upkeep
|turn|14
|
|t:|1776235468
|-terastallize|p1a: vap|Poison
|move|p2a: Ogerpon|Horn Leech|p1a: vap
|-resisted|p1a: vap
|-damage|p1a: vap|74/100
|-heal|p2a: Ogerpon|100/100 brn|[from] drain|[of] p1a: vap
|move|p1a: vap|Haze|p1a: vap
|-clearallboost
|
|-heal|p1a: vap|80/100|[from] item: Leftovers
|-damage|p2a: Ogerpon|95/100 brn|[from] brn
|upkeep
|turn|15
|
|t:|1776235476
|move|p2a: Ogerpon|Trailblaze|p1a: vap
|-resisted|p1a: vap
|-damage|p1a: vap|75/100
|-boost|p2a: Ogerpon|spe|1
|move|p1a: vap|Wish|p1a: vap
|
|-heal|p1a: vap|81/100|[from] item: Leftovers
|-damage|p2a: Ogerpon|89/100 brn|[from] brn
|upkeep
|turn|16
|
|t:|1776235482
|switch|p1a: bird in vap|Pelipper, M|100/100
|-weather|RainDance|[from] ability: Drizzle|[of] p1a: bird in vap
|move|p2a: Ogerpon|Swords Dance|p2a: Ogerpon
|-boost|p2a: Ogerpon|atk|2
|
|-weather|RainDance|[upkeep]
|-damage|p2a: Ogerpon|83/100 brn|[from] brn
|upkeep
|turn|17
|
|t:|1776235488
|move|p2a: Ogerpon|Horn Leech|p1a: bird in vap
|-damage|p1a: bird in vap|40/100
|-heal|p2a: Ogerpon|100/100 brn|[from] drain|[of] p1a: bird in vap
|move|p1a: bird in vap|Hurricane|p2a: Ogerpon
|-supereffective|p2a: Ogerpon
|-crit|p2a: Ogerpon
|-damage|p2a: Ogerpon|0 fnt
|faint|p2a: Ogerpon
|
|-weather|RainDance|[upkeep]
|upkeep
|
|t:|1776235503
|switch|p2a: Dragapult|Dragapult, F|100/100
|turn|18
|
|t:|1776235506
|switch|p1a: vap|Vaporeon, F, tera:Poison|81/100
|move|p2a: Dragapult|Shadow Ball|p1a: vap
|-damage|p1a: vap|39/100
|
|-weather|RainDance|[upkeep]
|-heal|p1a: vap|46/100|[from] item: Leftovers
|upkeep
|turn|19
|l|☆dummydraedon
|inactive|dummydraedon disconnected and has a minute to reconnect!
|player|p1|
|j|☆dummydraedon
|inactive|dummydraedon reconnected and has 120 seconds left.
|player|p1|dummydraedon|169|
|
|t:|1776235540
|move|p1a: vap|Protect|p1a: vap
|-singleturn|p1a: vap|Protect
|move|p2a: Dragapult|Shadow Ball|p1a: vap
|-activate|p1a: vap|move: Protect
|
|-weather|RainDance|[upkeep]
|-heal|p1a: vap|52/100|[from] item: Leftovers
|upkeep
|turn|20
|
|t:|1776235548
|move|p2a: Dragapult|Shadow Ball|p1a: vap
|-damage|p1a: vap|10/100
|move|p1a: vap|Wish|p1a: vap
|
|-weather|none
|-heal|p1a: vap|16/100|[from] item: Leftovers
|upkeep
|turn|21
|
|t:|1776235552
|-terastallize|p2a: Dragapult|Ghost
|move|p1a: vap|Protect|p1a: vap
|-singleturn|p1a: vap|Protect
|move|p2a: Dragapult|Shadow Ball|p1a: vap
|-activate|p1a: vap|move: Protect
|
|-heal|p1a: vap|66/100|[from] move: Wish|[wisher] vap
|-heal|p1a: vap|73/100|[from] item: Leftovers
|upkeep
|turn|22
|
|t:|1776235556
|switch|p1a: I smash vap|Tinkaton, F, shiny|100/100
|-ability|p1a: I smash vap|Mold Breaker
|move|p2a: Dragapult|Shadow Ball|p1a: I smash vap
|-damage|p1a: I smash vap|52/100
|
|-heal|p1a: I smash vap|58/100|[from] item: Leftovers
|upkeep
|turn|23
|
|t:|1776235560
|switch|p1a: vap|Vaporeon, F|100/100
|move|p2a: Dragapult|Shadow Ball|p1a: vap
|-immune|p1a: vap
|
|upkeep
|-start|p1a: vap|typechange|Poison|[silent]
|turn|24
|
|t:|1776235566
|move|p2a: Dragapult|Shadow Ball|p1a: vap
|-immune|p1a: vap
|move|p1a: vap|Will-O-Wisp|p2a: Dragapult
|-status|p2a: Dragapult|brn
|
|-damage|p2a: Dragapult|95/100 brn|[from] brn
|upkeep
|turn|25
|
|t:|1776235572
|move|p2a: Dragapult|Shadow Ball|p1a: vap
|-immune|p1a: vap
|move|p1a: vap|Hex|p2a: Dragapult
|-supereffective|p2a: Dragapult
|-damage|p2a: Dragapult|0 fnt
|faint|p2a: Dragapult
|
|upkeep
|
|t:|1776235575
|switch|p2a: Iron Valiant|Iron Valiant, shiny|100/100
|-enditem|p2a: Iron Valiant|Booster Energy
|-activate|p2a: Iron Valiant|ability: Quark Drive|[fromitem]
|-start|p2a: Iron Valiant|quarkdrivespe
|turn|26
|
|t:|1776235578
|move|p2a: Iron Valiant|Knock Off|p1a: vap
|-supereffective|p1a: vap
|-damage|p1a: vap|0 fnt
|replace|p1a: i think im vap|Zoroark-Hisui, M
|-end|p1a: i think im vap|Illusion
|-enditem|p1a: i think im vap|Leftovers|[from] move: Knock Off|[of] p2a: Iron Valiant
|faint|p1a: i think im vap
|
|upkeep
|
|t:|1776235583
|switch|p1a: I smash vap|Tinkaton, F, shiny|58/100
|-ability|p1a: I smash vap|Mold Breaker
|turn|27
|
|t:|1776235588
|move|p2a: Iron Valiant|Close Combat|p1a: I smash vap
|-damage|p1a: I smash vap|0 fnt
|-unboost|p2a: Iron Valiant|def|1
|-unboost|p2a: Iron Valiant|spd|1
|faint|p1a: I smash vap
|
|upkeep
|
|t:|1776235591
|switch|p1a: vap|Vaporeon, F, tera:Poison|73/100
|turn|28
|
|t:|1776235595
|move|p2a: Iron Valiant|Taunt|p1a: vap
|-start|p1a: vap|move: Taunt
|move|p1a: vap|Scald|p2a: Iron Valiant
|-damage|p2a: Iron Valiant|12/100
|
|-heal|p1a: vap|79/100|[from] item: Leftovers
|upkeep
|turn|29
|
|t:|1776235599
|move|p2a: Iron Valiant|Moonblast|p1a: vap
|-resisted|p1a: vap
|-damage|p1a: vap|61/100
|-unboost|p1a: vap|spa|1
|move|p1a: vap|Scald|p2a: Iron Valiant
|-damage|p2a: Iron Valiant|0 fnt
|faint|p2a: Iron Valiant
|-end|p2a: Iron Valiant|Quark Drive|[silent]
|
|-heal|p1a: vap|67/100|[from] item: Leftovers
|upkeep
|
|t:|1776235602
|switch|p2a: Dragonite|Dragonite, M|100/100
|turn|30
|
|t:|1776235607
|move|p2a: Dragonite|Extreme Speed|p1a: vap
|-damage|p1a: vap|46/100
|move|p1a: vap|Scald|p2a: Dragonite
|-resisted|p2a: Dragonite
|-damage|p2a: Dragonite|95/100
|
|-heal|p1a: vap|52/100|[from] item: Leftovers
|-end|p1a: vap|move: Taunt
|upkeep
|turn|31
|
|t:|1776235612
|move|p2a: Dragonite|Extreme Speed|p1a: vap
|-damage|p1a: vap|33/100
|move|p1a: vap|Wish|p1a: vap
|
|-heal|p1a: vap|39/100|[from] item: Leftovers
|upkeep
|turn|32
|
|t:|1776235616
|move|p2a: Dragonite|Extreme Speed|p1a: vap
|-damage|p1a: vap|20/100
|move|p1a: vap|Scald|p2a: Dragonite
|-resisted|p2a: Dragonite
|-damage|p2a: Dragonite|84/100
|
|-heal|p1a: vap|70/100|[from] move: Wish|[wisher] vap
|-heal|p1a: vap|76/100|[from] item: Leftovers
|upkeep
|turn|33
|-message|CP28028 forfeited.
|
|win|dummydraedon
|raw|dummydraedon's rating: 1470 &rarr; <strong>1489</strong><br />(+19 for winning)
|raw|CP28028's rating: 1460 &rarr; <strong>1441</strong><br />(-19 for losing)
|l|‽CP28028
|player|p2|
