|html|<div class="broadcast-blue"><strong>[Gen 9] OU is currently suspecting Tera Blast! For information on how to participate check out the <a href="https://www.smogon.com/tools/suspects/view/200">suspect thread</a>.</strong></div>
|j|☆TeraBlastGardevoir
|j|☆calio5
|t:|1776104956
|gametype|singles
|player|p1|TeraBlastGardevoir|giovanni|1473
|player|p2|calio5|170|1557
|gen|9
|tier|[Gen 9] OU
|rated|
|rule|HP Percentage Mod: HP is shown in percentages
|rule|Endless Battle Clause: Forcing endless battles is banned
|rule|Species Clause: Limit one of each Pokémon
|rule|OHKO Clause: OHKO moves are banned
|rule|Evasion Items Clause: Evasion items are banned
|rule|Evasion Moves Clause: Evasion moves are banned
|rule|Evasion Abilities Clause: Evasion abilities are banned
|rule|Sleep Moves Clause: Sleep-inducing moves are banned
|clearpoke
|poke|p1|Gardevoir, F|
|poke|p1|Rillaboom, F|
|poke|p1|Hawlucha, F|
|poke|p1|Iron Moth|
|poke|p1|Landorus-Therian, M|
|poke|p1|Kingambit, F|
|poke|p2|Zapdos|
|poke|p2|Volcanion|
|poke|p2|Corviknight, M|
|poke|p2|Clodsire, F|
|poke|p2|Dondozo, F|
|poke|p2|Politoed, F|
|teampreview
|inactive|Battle timer is ON: inactive players will automatically lose when time's up. (requested by TeraBlastGardevoir)
|
|t:|1776104998
|teamsize|p1|6
|teamsize|p2|6
|start
|switch|p1a: Landorus|Landorus-Therian, M|100/100
|switch|p2a: Volcanion|Volcanion|100/100
|-ability|p1a: Landorus|Intimidate|boost
|-unboost|p2a: Volcanion|atk|1
|turn|1
|
|t:|1776105015
|move|p1a: Landorus|U-turn|p2a: Volcanion
|-resisted|p2a: Volcanion
|-damage|p2a: Volcanion|91/100
|
|t:|1776105017
|switch|p1a: Rhapsodie|Gardevoir, F, shiny|100/100|[from] U-turn
|-ability|p1a: Rhapsodie|Water Absorb|Trace|[from] ability: Trace|[of] p2a: Volcanion
|move|p2a: Volcanion|Steam Eruption|p1a: Rhapsodie
|-immune|p1a: Rhapsodie|[from] ability: Water Absorb
|
|upkeep
|turn|2
|
|t:|1776105027
|switch|p1a: Landorus|Landorus-Therian, M|100/100
|-ability|p1a: Landorus|Intimidate|boost
|-unboost|p2a: Volcanion|atk|1
|switch|p2a: Clodsire|Clodsire, F|100/100
|
|upkeep
|turn|3
|
|t:|1776105046
|switch|p2a: Corviknight|Corviknight, M|100/100
|-ability|p2a: Corviknight|Pressure
|move|p1a: Landorus|Stealth Rock|p2a: Corviknight
|-sidestart|p2: calio5|move: Stealth Rock
|
|upkeep
|turn|4
|
|t:|1776105053
|move|p1a: Landorus|U-turn|p2a: Corviknight
|-resisted|p2a: Corviknight
|-damage|p2a: Corviknight|96/100
|-damage|p1a: Landorus|84/100|[from] item: Rocky Helmet|[of] p2a: Corviknight
|
|t:|1776105057
|switch|p1a: Dopamine Dorito|Iron Moth|100/100|[from] U-turn
|-enditem|p1a: Dopamine Dorito|Booster Energy
|-activate|p1a: Dopamine Dorito|ability: Quark Drive|[fromitem]
|-start|p1a: Dopamine Dorito|quarkdrivespe
|move|p2a: Corviknight|Sand Attack|p1a: Dopamine Dorito
|-unboost|p1a: Dopamine Dorito|accuracy|1
|
|upkeep
|turn|5
|
|t:|1776105070
|switch|p2a: Politoed|Politoed, F|100/100
|-damage|p2a: Politoed|88/100|[from] Stealth Rock
|-weather|RainDance|[from] ability: Drizzle|[of] p2a: Politoed
|move|p1a: Dopamine Dorito|Fiery Dance|p2a: Politoed
|-resisted|p2a: Politoed
|-damage|p2a: Politoed|81/100
|-boost|p1a: Dopamine Dorito|spa|1
|
|-weather|RainDance|[upkeep]
|upkeep
|turn|6
|inactive|TeraBlastGardevoir has 120 seconds left.
|
|t:|1776105114
|-end|p1a: Dopamine Dorito|Quark Drive|[silent]
|switch|p1a: Rillaboom|Rillaboom, F|100/100
|-fieldstart|move: Grassy Terrain|[from] ability: Grassy Surge|[of] p1a: Rillaboom
|move|p2a: Politoed|Surf|p1a: Rillaboom
|-resisted|p1a: Rillaboom
|-damage|p1a: Rillaboom|82/100
|
|-weather|RainDance|[upkeep]
|-heal|p1a: Rillaboom|88/100|[from] Grassy Terrain
|-heal|p2a: Politoed|87/100|[from] Grassy Terrain
|upkeep
|turn|7
|
|t:|1776105126
|switch|p2a: Corviknight|Corviknight, M|96/100
|-damage|p2a: Corviknight|84/100|[from] Stealth Rock
|-ability|p2a: Corviknight|Pressure
|move|p1a: Rillaboom|Knock Off|p2a: Corviknight
|-damage|p2a: Corviknight|56/100
|-damage|p1a: Rillaboom|71/100|[from] item: Rocky Helmet|[of] p2a: Corviknight
|-enditem|p2a: Corviknight|Rocky Helmet|[from] move: Knock Off|[of] p1a: Rillaboom
|
|-weather|RainDance|[upkeep]
|-heal|p1a: Rillaboom|77/100|[from] Grassy Terrain
|upkeep
|turn|8
|
|t:|1776105138
|switch|p1a: Dopamine Dorito|Iron Moth|100/100
|move|p2a: Corviknight|Defog|p1a: Dopamine Dorito
|-unboost|p1a: Dopamine Dorito|evasion|1
|-sideend|p2: calio5|Stealth Rock|[from] move: Defog|[of] p2a: Corviknight
|-fieldend|move: Grassy Terrain
|
|-weather|RainDance|[upkeep]
|upkeep
|turn|9
|
|t:|1776105149
|switch|p2a: Clodsire|Clodsire, F|100/100
|move|p1a: Dopamine Dorito|Sludge Wave|p2a: Clodsire
|-resisted|p2a: Clodsire
|-crit|p2a: Clodsire
|-damage|p2a: Clodsire|91/100
|
|-weather|RainDance|[upkeep]
|-heal|p2a: Clodsire|97/100|[from] item: Black Sludge
|upkeep
|turn|10
|
|t:|1776105157
|-end|p1a: Dopamine Dorito|Quark Drive|[silent]
|switch|p1a: Landorus|Landorus-Therian, M|84/100
|-ability|p1a: Landorus|Intimidate|boost
|-unboost|p2a: Clodsire|atk|1
|move|p2a: Clodsire|Stealth Rock|p1a: Landorus
|-sidestart|p1: TeraBlastGardevoir|move: Stealth Rock
|
|-weather|RainDance|[upkeep]
|-heal|p2a: Clodsire|100/100|[from] item: Black Sludge
|upkeep
|turn|11
|
|t:|1776105166
|switch|p2a: Zapdos|Zapdos|100/100
|move|p1a: Landorus|Stealth Rock|p2a: Zapdos
|-sidestart|p2: calio5|move: Stealth Rock
|
|-weather|RainDance|[upkeep]
|upkeep
|turn|12
|
|t:|1776105184
|move|p2a: Zapdos|Weather Ball|p1a: Landorus
|-supereffective|p1a: Landorus
|-damage|p1a: Landorus|0 fnt
|faint|p1a: Landorus
|
|-weather|none
|upkeep
|
|t:|1776105191
|switch|p1a: Dopamine Dorito|Iron Moth|100/100
|-damage|p1a: Dopamine Dorito|76/100|[from] Stealth Rock
|turn|13
|
|t:|1776105195
|switch|p2a: Politoed|Politoed, F|87/100
|-damage|p2a: Politoed|74/100|[from] Stealth Rock
|-weather|RainDance|[from] ability: Drizzle|[of] p2a: Politoed
|move|p1a: Dopamine Dorito|Fiery Dance|p2a: Politoed
|-resisted|p2a: Politoed
|-damage|p2a: Politoed|67/100
|-boost|p1a: Dopamine Dorito|spa|1
|
|-weather|RainDance|[upkeep]
|upkeep
|turn|14
|
|t:|1776105208
|move|p1a: Dopamine Dorito|Sludge Wave|p2a: Politoed
|-damage|p2a: Politoed|15/100
|move|p2a: Politoed|Mud-Slap|p1a: Dopamine Dorito
|-supereffective|p1a: Dopamine Dorito
|-damage|p1a: Dopamine Dorito|57/100
|-unboost|p1a: Dopamine Dorito|accuracy|1
|
|-weather|RainDance|[upkeep]
|upkeep
|turn|15
|
|t:|1776105237
|switch|p2a: Clodsire|Clodsire, F|100/100
|-damage|p2a: Clodsire|94/100|[from] Stealth Rock
|move|p1a: Dopamine Dorito|Sludge Wave|p2a: Clodsire|[miss]
|-miss|p1a: Dopamine Dorito|p2a: Clodsire
|
|-weather|RainDance|[upkeep]
|-heal|p2a: Clodsire|100/100|[from] item: Black Sludge
|upkeep
|turn|16
|inactive|TeraBlastGardevoir has 120 seconds left.
|
|t:|1776105261
|move|p1a: Dopamine Dorito|Fiery Dance|p2a: Clodsire
|-damage|p2a: Clodsire|82/100
|move|p2a: Clodsire|Poison Jab|p1a: Dopamine Dorito
|-resisted|p1a: Dopamine Dorito
|-damage|p1a: Dopamine Dorito|39/100
|
|-weather|RainDance|[upkeep]
|-heal|p2a: Clodsire|88/100|[from] item: Black Sludge
|upkeep
|turn|17
|inactive|TeraBlastGardevoir has 120 seconds left.
|
|t:|1776105269
|move|p1a: Dopamine Dorito|Fiery Dance|p2a: Clodsire
|-damage|p2a: Clodsire|72/100
|-boost|p1a: Dopamine Dorito|spa|1
|move|p2a: Clodsire|Earthquake|p1a: Dopamine Dorito
|-supereffective|p1a: Dopamine Dorito
|-damage|p1a: Dopamine Dorito|0 fnt
|faint|p1a: Dopamine Dorito
|-end|p1a: Dopamine Dorito|Quark Drive|[silent]
|
|-weather|RainDance|[upkeep]
|-heal|p2a: Clodsire|78/100|[from] item: Black Sludge
|upkeep
|inactive|TeraBlastGardevoir has 120 seconds left.
|
|t:|1776105303
|switch|p1a: Kingambitch|Kingambit, F|100/100
|-damage|p1a: Kingambitch|94/100|[from] Stealth Rock
|-activate|p1a: Kingambitch|ability: Supreme Overlord
|-start|p1a: Kingambitch|fallen2|[silent]
|turn|18
|
|t:|1776105326
|switch|p2a: Corviknight|Corviknight, M|56/100
|-damage|p2a: Corviknight|44/100|[from] Stealth Rock
|-ability|p2a: Corviknight|Pressure
|move|p1a: Kingambitch|Kowtow Cleave|p2a: Corviknight
|-damage|p2a: Corviknight|0 fnt
|faint|p2a: Corviknight
|
|-weather|RainDance|[upkeep]
|upkeep
|
|t:|1776105340
|switch|p2a: Zapdos|Zapdos|100/100
|turn|19
|inactive|TeraBlastGardevoir has 90 seconds left.
|
|t:|1776105369
|move|p2a: Zapdos|Thunder|p1a: Kingambitch
|-damage|p1a: Kingambitch|38/100
|-status|p1a: Kingambitch|par
|move|p1a: Kingambitch|Kowtow Cleave|p2a: Zapdos
|-damage|p2a: Zapdos|12/100
|
|-weather|RainDance|[upkeep]
|upkeep
|turn|20
|
|t:|1776105378
|move|p2a: Zapdos|Roost|p2a: Zapdos
|-heal|p2a: Zapdos|62/100
|-singleturn|p2a: Zapdos|move: Roost
|cant|p1a: Kingambitch|par
|
|-weather|none
|upkeep
|turn|21
|
|t:|1776105387
|switch|p2a: Politoed|Politoed, F|15/100
|-damage|p2a: Politoed|3/100|[from] Stealth Rock
|-weather|RainDance|[from] ability: Drizzle|[of] p2a: Politoed
|move|p1a: Kingambitch|Kowtow Cleave|p2a: Politoed
|-damage|p2a: Politoed|0 fnt
|faint|p2a: Politoed
|
|-weather|RainDance|[upkeep]
|upkeep
|
|t:|1776105396
|switch|p2a: Dondozo|Dondozo, F|100/100
|-damage|p2a: Dondozo|88/100|[from] Stealth Rock
|turn|22
|
|t:|1776105415
|-end|p1a: Kingambitch|fallen2|[silent]
|switch|p1a: El Contrabandista|Hawlucha, F|100/100
|-damage|p1a: El Contrabandista|88/100|[from] Stealth Rock
|move|p2a: Dondozo|Liquidation|p1a: El Contrabandista
|-damage|p1a: El Contrabandista|12/100
|
|-weather|RainDance|[upkeep]
|-heal|p2a: Dondozo|94/100|[from] item: Leftovers
|upkeep
|turn|23
|
|t:|1776105424
|move|p1a: El Contrabandista|Close Combat|p2a: Dondozo
|-damage|p2a: Dondozo|62/100
|-unboost|p1a: El Contrabandista|def|1
|-unboost|p1a: El Contrabandista|spd|1
|move|p2a: Dondozo|Liquidation|p1a: El Contrabandista
|-damage|p1a: El Contrabandista|0 fnt
|faint|p1a: El Contrabandista
|
|-weather|RainDance|[upkeep]
|-heal|p2a: Dondozo|68/100|[from] item: Leftovers
|upkeep
|
|t:|1776105427
|switch|p1a: Rillaboom|Rillaboom, F|77/100
|-damage|p1a: Rillaboom|65/100|[from] Stealth Rock
|-fieldstart|move: Grassy Terrain|[from] ability: Grassy Surge|[of] p1a: Rillaboom
|turn|24
|inactive|TeraBlastGardevoir has 120 seconds left.
|
|t:|1776105445
|switch|p2a: Clodsire|Clodsire, F|78/100
|-damage|p2a: Clodsire|72/100|[from] Stealth Rock
|-terastallize|p1a: Rillaboom|Grass
|move|p1a: Rillaboom|Wood Hammer|p2a: Clodsire
|-damage|p2a: Clodsire|0 fnt
|faint|p2a: Clodsire
|-damage|p1a: Rillaboom|38/100|[from] Recoil
|
|-weather|RainDance|[upkeep]
|-heal|p1a: Rillaboom|44/100|[from] Grassy Terrain
|upkeep
|
|t:|1776105456
|switch|p2a: Zapdos|Zapdos|62/100
|turn|25
|
|t:|1776105469
|switch|p1a: Kingambitch|Kingambit, F|38/100 par
|-damage|p1a: Kingambitch|31/100 par|[from] Stealth Rock
|-activate|p1a: Kingambitch|ability: Supreme Overlord
|-start|p1a: Kingambitch|fallen3|[silent]
|move|p2a: Zapdos|Hurricane|p1a: Kingambitch
|-resisted|p1a: Kingambitch
|-damage|p1a: Kingambitch|3/100 par
|
|-weather|RainDance|[upkeep]
|-heal|p1a: Kingambitch|9/100 par|[from] Grassy Terrain
|upkeep
|turn|26
|
|t:|1776105486
|switch|p2a: Dondozo|Dondozo, F|68/100
|-damage|p2a: Dondozo|56/100|[from] Stealth Rock
|move|p1a: Kingambitch|Kowtow Cleave|p2a: Dondozo
|-damage|p2a: Dondozo|11/100
|
|-weather|RainDance|[upkeep]
|-heal|p2a: Dondozo|17/100|[from] Grassy Terrain
|-heal|p2a: Dondozo|23/100|[from] item: Leftovers
|-heal|p1a: Kingambitch|16/100 par|[from] Grassy Terrain
|upkeep
|turn|27
|l|☆calio5
|inactive|calio5 disconnected and has a minute to reconnect!
|player|p2|
|inactive|TeraBlastGardevoir has 120 seconds left.
|inactive|calio5 has 30 seconds to reconnect!
|inactive|calio5 has 20 seconds to reconnect!
|inactive|calio5 has 15 seconds to reconnect!
|inactive|calio5 has 10 seconds to reconnect!
|inactive|calio5 has 5 seconds to reconnect!
|-message|calio5 lost due to inactivity.
|
|win|TeraBlastGardevoir
|raw|TeraBlastGardevoir's rating: 1473 &rarr; <strong>1498</strong><br />(+25 for winning)
|raw|calio5's rating: 1557 &rarr; <strong>1532</strong><br />(-25 for losing)
|l|☆TeraBlastGardevoir
|player|p1|
|j|☆calio5
|player|p2|calio5|170|
|l|☆calio5
|player|p2|
