|html|<div class="broadcast-blue"><strong>[Gen 9] OU is currently suspecting Volcarona! For information on how to participate check out the <a href="https://www.smogon.com/tools/suspects/view/208">suspect thread</a>.</strong></div>
|j|☆duli2010
|j|☆blanca09
|t:|1778510809
|gametype|singles
|player|p1|duli2010|bugcatcher-gen4dp|1283
|player|p2|blanca09|marlon|1245
|gen|9
|tier|[Gen 9] OU
|rated|
|rule|HP Percentage Mod: HP is shown in percentages
|rule|Endless Battle Clause: Forcing endless battles is banned
|rule|Species Clause: Limit one of each Pokémon
|rule|OHKO Clause: OHKO moves are banned
|rule|Evasion Items Clause: Evasion items are banned
|rule|Evasion Moves Clause: Evasion moves are banned
|rule|Evasion Abilities Clause: Evasion abilities are banned
|rule|Sleep Moves Clause: Sleep-inducing moves are banned
|clearpoke
|poke|p1|Spiritomb, F|
|poke|p1|Toxapex, F|
|poke|p1|Hydrapple, M|
|poke|p1|Quagsire, M|
|poke|p1|Milotic, M|
|poke|p1|Quaquaval, M|
|poke|p2|Ninetales-Alola, F|
|poke|p2|Cetitan, F|
|poke|p2|Kyurem|
|poke|p2|Sandslash-Alola, M|
|poke|p2|Moltres|
|poke|p2|Zamazenta-*|
|teampreview
|inactive|Battle timer is ON: inactive players will automatically lose when time's up. (requested by duli2010)
|
|t:|1778510816
|teamsize|p1|6
|teamsize|p2|6
|start
|switch|p1a: Spiritomb|Spiritomb, F|100/100
|switch|p2a: Ninetales|Ninetales-Alola, F|100/100
|-weather|Snowscape|[from] ability: Snow Warning|[of] p2a: Ninetales
|turn|1
|
|t:|1778510832
|move|p2a: Ninetales|Aurora Veil|p2a: Ninetales
|-sidestart|p2: blanca09|move: Aurora Veil
|move|p1a: Spiritomb|Trick|p2a: Ninetales
|-activate|p1a: Spiritomb|move: Trick|[of] p2a: Ninetales
|-item|p2a: Ninetales|Choice Scarf|[from] move: Trick
|-item|p1a: Spiritomb|Icy Rock|[from] move: Trick
|
|-weather|Snowscape|[upkeep]
|upkeep
|turn|2
|
|t:|1778510841
|switch|p1a: Toxapex|Toxapex, F|100/100
|move|p2a: Ninetales|Blizzard|p1a: Toxapex
|-resisted|p1a: Toxapex
|-damage|p1a: Toxapex|86/100
|
|-weather|Snowscape|[upkeep]
|-heal|p1a: Toxapex|92/100|[from] item: Black Sludge
|upkeep
|turn|3
|
|t:|1778510849
|switch|p2a: OneInAMilion|Sandslash-Alola, M|100/100
|move|p1a: Toxapex|Infestation|p2a: OneInAMilion
|-resisted|p2a: OneInAMilion
|-damage|p2a: OneInAMilion|99/100
|-activate|p2a: OneInAMilion|move: Infestation|[of] p1a: Toxapex
|
|-weather|Snowscape|[upkeep]
|-heal|p1a: Toxapex|98/100|[from] item: Black Sludge
|-damage|p2a: OneInAMilion|87/100|[from] move: Infestation|[partiallytrapped]
|upkeep
|turn|4
|
|t:|1778510860
|switch|p1a: Quagsire|Quagsire, M|100/100
|move|p2a: OneInAMilion|Stealth Rock|p1a: Quagsire
|-sidestart|p1: duli2010|move: Stealth Rock
|
|-weather|Snowscape|[upkeep]
|-end|p2a: OneInAMilion|Infestation|[partiallytrapped]|[silent]
|upkeep
|turn|5
|
|t:|1778510868
|move|p1a: Quagsire|Protect|p1a: Quagsire
|-singleturn|p1a: Quagsire|Protect
|move|p2a: OneInAMilion|Knock Off|p1a: Quagsire
|-activate|p1a: Quagsire|move: Protect
|
|-weather|Snowscape|[upkeep]
|-sideend|p2: blanca09|move: Aurora Veil
|upkeep
|turn|6
|
|t:|1778510874
|move|p2a: OneInAMilion|Knock Off|p1a: Quagsire
|-damage|p1a: Quagsire|79/100
|-enditem|p1a: Quagsire|Leftovers|[from] move: Knock Off|[of] p2a: OneInAMilion
|move|p1a: Quagsire|Counter|p2a: OneInAMilion
|-damage|p2a: OneInAMilion|29/100
|
|-weather|Snowscape|[upkeep]
|upkeep
|turn|7
|
|t:|1778510881
|move|p2a: OneInAMilion|Triple Axel|p1a: Quagsire
|-damage|p1a: Quagsire|72/100
|-damage|p1a: Quagsire|59/100
|-damage|p1a: Quagsire|38/100
|-hitcount|p1a: Quagsire|3
|move|p1a: Quagsire|Whirlpool|p2a: OneInAMilion|[miss]
|-miss|p1a: Quagsire|p2a: OneInAMilion
|
|-weather|Snowscape|[upkeep]
|upkeep
|turn|8
|
|t:|1778510891
|move|p1a: Quagsire|Protect|p1a: Quagsire
|-singleturn|p1a: Quagsire|Protect
|move|p2a: OneInAMilion|Triple Axel|p1a: Quagsire
|-activate|p1a: Quagsire|move: Protect
|
|-weather|none
|upkeep
|turn|9
|
|t:|1778510899
|move|p2a: OneInAMilion|Triple Axel|p1a: Quagsire
|-damage|p1a: Quagsire|31/100
|-damage|p1a: Quagsire|16/100
|-crit|p1a: Quagsire
|-damage|p1a: Quagsire|0 fnt
|faint|p1a: Quagsire
|-hitcount|p1: Quagsire|3
|
|upkeep
|
|t:|1778510907
|switch|p1a: Quaquaval|Quaquaval, M|100/100
|-damage|p1a: Quaquaval|94/100|[from] Stealth Rock
|turn|10
|
|t:|1778510913
|move|p2a: OneInAMilion|Triple Axel|p1a: Quaquaval
|-resisted|p1a: Quaquaval
|-damage|p1a: Quaquaval|88/100
|-resisted|p1a: Quaquaval
|-damage|p1a: Quaquaval|78/100
|-resisted|p1a: Quaquaval
|-damage|p1a: Quaquaval|63/100
|-hitcount|p1a: Quaquaval|3
|move|p1a: Quaquaval|Rapid Spin|p2a: OneInAMilion
|-resisted|p2a: OneInAMilion
|-damage|p2a: OneInAMilion|20/100
|-boost|p1a: Quaquaval|spe|1
|-sideend|p1: duli2010|Stealth Rock|[from] move: Rapid Spin|[of] p1a: Quaquaval
|
|upkeep
|turn|11
|
|t:|1778510924
|move|p1a: Quaquaval|Aqua Step|p2a: OneInAMilion
|-damage|p2a: OneInAMilion|0 fnt
|-boost|p1a: Quaquaval|spe|1
|faint|p2a: OneInAMilion
|-ability|p1a: Quaquaval|Moxie|boost
|-boost|p1a: Quaquaval|atk|1
|
|upkeep
|
|t:|1778510927
|switch|p2a: Moltres|Moltres|100/100
|turn|12
|
|t:|1778510933
|-terastallize|p2a: Moltres|Steel
|move|p1a: Quaquaval|Aqua Step|p2a: Moltres
|-damage|p2a: Moltres|25/100
|-boost|p1a: Quaquaval|spe|1
|move|p2a: Moltres|Hurricane|p1a: Quaquaval
|-supereffective|p1a: Quaquaval
|-damage|p1a: Quaquaval|0 fnt
|faint|p1a: Quaquaval
|
|upkeep
|
|t:|1778510945
|switch|p1a: Hydrapple|Hydrapple, M, shiny|100/100
|turn|13
|
|t:|1778510951
|move|p2a: Moltres|Hurricane|p1a: Hydrapple
|-supereffective|p1a: Hydrapple
|-damage|p1a: Hydrapple|0 fnt
|faint|p1a: Hydrapple
|
|upkeep
|
|t:|1778510957
|switch|p1a: Milotic|Milotic, M|100/100
|turn|14
|
|t:|1778510962
|move|p2a: Moltres|Roost|p2a: Moltres
|-heal|p2a: Moltres|76/100
|move|p1a: Milotic|Scald|p2a: Moltres
|-damage|p2a: Moltres|35/100
|
|upkeep
|turn|15
|
|t:|1778510970
|move|p2a: Moltres|Hurricane|p1a: Milotic
|-damage|p1a: Milotic|76/100
|move|p1a: Milotic|Scald|p2a: Moltres
|-damage|p2a: Moltres|0 fnt
|faint|p2a: Moltres
|
|upkeep
|
|t:|1778510974
|switch|p2a: Ninetales|Ninetales-Alola, F|100/100
|-weather|Snowscape|[from] ability: Snow Warning|[of] p2a: Ninetales
|turn|16
|
|t:|1778510981
|move|p2a: Ninetales|Freeze-Dry|p1a: Milotic
|-supereffective|p1a: Milotic
|-damage|p1a: Milotic|50/100
|move|p1a: Milotic|Scald|p2a: Ninetales
|-damage|p2a: Ninetales|58/100
|
|-weather|Snowscape|[upkeep]
|upkeep
|turn|17
|
|t:|1778510988
|move|p2a: Ninetales|Freeze-Dry|p1a: Milotic
|-supereffective|p1a: Milotic
|-damage|p1a: Milotic|29/100
|move|p1a: Milotic|Mirror Coat|p2a: Ninetales
|-damage|p2a: Ninetales|0 fnt
|faint|p2a: Ninetales
|
|-weather|Snowscape|[upkeep]
|upkeep
|
|t:|1778510992
|switch|p2a: ColdVision|Kyurem|100/100
|-ability|p2a: ColdVision|Pressure
|turn|18
|
|t:|1778510998
|move|p2a: ColdVision|Freeze-Dry|p1a: Milotic
|-supereffective|p1a: Milotic
|-damage|p1a: Milotic|0 fnt
|faint|p1a: Milotic
|
|-weather|Snowscape|[upkeep]
|upkeep
|
|t:|1778511003
|switch|p1a: Toxapex|Toxapex, F|100/100
|turn|19
|
|t:|1778511006
|move|p2a: ColdVision|Freeze-Dry|p1a: Toxapex
|-supereffective|p1a: Toxapex
|-damage|p1a: Toxapex|25/100
|move|p1a: Toxapex|Toxic|p2a: ColdVision
|-status|p2a: ColdVision|tox
|
|-weather|Snowscape|[upkeep]
|-heal|p1a: Toxapex|32/100|[from] item: Black Sludge
|-damage|p2a: ColdVision|94/100 tox|[from] psn
|upkeep
|turn|20
|
|t:|1778511016
|move|p1a: Toxapex|Baneful Bunker|p1a: Toxapex
|-singleturn|p1a: Toxapex|move: Protect
|move|p2a: ColdVision|Freeze-Dry|p1a: Toxapex
|-activate|p1a: Toxapex|move: Protect
|
|-weather|none
|-heal|p1a: Toxapex|38/100|[from] item: Black Sludge
|-damage|p2a: ColdVision|82/100 tox|[from] psn
|upkeep
|turn|21
|
|t:|1778511025
|switch|p1a: Spiritomb|Spiritomb, F|100/100
|move|p2a: ColdVision|Freeze-Dry|p1a: Spiritomb
|-damage|p1a: Spiritomb|46/100
|
|-damage|p2a: ColdVision|64/100 tox|[from] psn
|upkeep
|turn|22
|
|t:|1778511033
|move|p2a: ColdVision|Freeze-Dry|p1a: Spiritomb
|-damage|p1a: Spiritomb|0 fnt
|faint|p1a: Spiritomb
|
|-damage|p2a: ColdVision|39/100 tox|[from] psn
|upkeep
|
|t:|1778511039
|switch|p1a: Toxapex|Toxapex, F|71/100
|turn|23
|
|t:|1778511041
|move|p1a: Toxapex|Baneful Bunker|p1a: Toxapex
|-singleturn|p1a: Toxapex|move: Protect
|move|p2a: ColdVision|Freeze-Dry|p1a: Toxapex
|-activate|p1a: Toxapex|move: Protect
|
|-heal|p1a: Toxapex|77/100|[from] item: Black Sludge
|-damage|p2a: ColdVision|8/100 tox|[from] psn
|upkeep
|turn|24
|
|t:|1778511050
|-terastallize|p1a: Toxapex|Poison
|move|p2a: ColdVision|Freeze-Dry|p1a: Toxapex
|-damage|p1a: Toxapex|41/100
|-status|p1a: Toxapex|frz
|-curestatus|p1a: Toxapex|frz|[msg]
|move|p1a: Toxapex|Recover|p1a: Toxapex
|-heal|p1a: Toxapex|91/100
|
|-heal|p1a: Toxapex|97/100|[from] item: Black Sludge
|-damage|p2a: ColdVision|0 fnt|[from] psn
|faint|p2a: ColdVision
|upkeep
|
|t:|1778511056
|switch|p2a: Zamazenta|Zamazenta|100/100
|-ability|p2a: Zamazenta|Dauntless Shield|boost
|-boost|p2a: Zamazenta|def|1
|turn|25
|
|t:|1778511065
|move|p2a: Zamazenta|Iron Defense|p2a: Zamazenta
|-boost|p2a: Zamazenta|def|2
|move|p1a: Toxapex|Toxic|p2a: Zamazenta
|-status|p2a: Zamazenta|tox
|
|-heal|p1a: Toxapex|100/100|[from] item: Black Sludge
|-damage|p2a: Zamazenta|94/100 tox|[from] psn
|upkeep
|turn|26
|
|t:|1778511072
|move|p2a: Zamazenta|Iron Defense|p2a: Zamazenta
|-boost|p2a: Zamazenta|def|2
|move|p1a: Toxapex|Infestation|p2a: Zamazenta
|-resisted|p2a: Zamazenta
|-damage|p2a: Zamazenta|94/100 tox
|-activate|p2a: Zamazenta|move: Infestation|[of] p1a: Toxapex
|
|-heal|p2a: Zamazenta|99/100 tox|[from] item: Leftovers
|-damage|p2a: Zamazenta|87/100 tox|[from] psn
|-damage|p2a: Zamazenta|75/100 tox|[from] move: Infestation|[partiallytrapped]
|upkeep
|turn|27
|
|t:|1778511081
|move|p1a: Toxapex|Baneful Bunker|p1a: Toxapex
|-singleturn|p1a: Toxapex|move: Protect
|move|p2a: Zamazenta|Iron Defense|p2a: Zamazenta
|-boost|p2a: Zamazenta|def|1
|
|-heal|p2a: Zamazenta|81/100 tox|[from] item: Leftovers
|-damage|p2a: Zamazenta|63/100 tox|[from] psn
|-damage|p2a: Zamazenta|50/100 tox|[from] move: Infestation|[partiallytrapped]
|upkeep
|turn|28
|
|t:|1778511092
|move|p2a: Zamazenta|Heavy Slam|p1a: Toxapex
|-damage|p1a: Toxapex|75/100
|move|p1a: Toxapex|Recover|p1a: Toxapex
|-heal|p1a: Toxapex|100/100
|
|-heal|p2a: Zamazenta|56/100 tox|[from] item: Leftovers
|-damage|p2a: Zamazenta|32/100 tox|[from] psn
|-damage|p2a: Zamazenta|19/100 tox|[from] move: Infestation|[partiallytrapped]
|upkeep
|turn|29
|
|t:|1778511101
|move|p1a: Toxapex|Baneful Bunker|p1a: Toxapex
|-singleturn|p1a: Toxapex|move: Protect
|move|p2a: Zamazenta|Body Press|p1a: Toxapex
|-activate|p1a: Toxapex|move: Protect
|
|-heal|p2a: Zamazenta|25/100 tox|[from] item: Leftovers
|-damage|p2a: Zamazenta|0 fnt|[from] psn
|faint|p2a: Zamazenta
|upkeep
|
|t:|1778511113
|switch|p2a: Cetitan|Cetitan, F|100/100
|turn|30
|
|t:|1778511117
|move|p2a: Cetitan|Belly Drum|p2a: Cetitan
|-damage|p2a: Cetitan|50/100
|-setboost|p2a: Cetitan|atk|6|[from] move: Belly Drum
|-enditem|p2a: Cetitan|Sitrus Berry|[eat]
|-heal|p2a: Cetitan|75/100|[from] item: Sitrus Berry
|move|p1a: Toxapex|Toxic|p2a: Cetitan
|-status|p2a: Cetitan|tox
|
|-damage|p2a: Cetitan|69/100 tox|[from] psn
|upkeep
|turn|31
|
|t:|1778511127
|move|p2a: Cetitan|Liquidation|p1a: Toxapex
|-damage|p1a: Toxapex|28/100
|move|p1a: Toxapex|Recover|p1a: Toxapex
|-heal|p1a: Toxapex|78/100
|
|-heal|p1a: Toxapex|84/100|[from] item: Black Sludge
|-damage|p2a: Cetitan|57/100 tox|[from] psn
|upkeep
|turn|32
|
|t:|1778511136
|move|p1a: Toxapex|Baneful Bunker|p1a: Toxapex
|-singleturn|p1a: Toxapex|move: Protect
|move|p2a: Cetitan|Liquidation|p1a: Toxapex
|-activate|p1a: Toxapex|move: Protect
|
|-heal|p1a: Toxapex|90/100|[from] item: Black Sludge
|-damage|p2a: Cetitan|38/100 tox|[from] psn
|upkeep
|turn|33
|
|t:|1778511144
|move|p2a: Cetitan|Liquidation|p1a: Toxapex
|-damage|p1a: Toxapex|12/100
|move|p1a: Toxapex|Recover|p1a: Toxapex
|-heal|p1a: Toxapex|62/100
|
|-heal|p1a: Toxapex|68/100|[from] item: Black Sludge
|-damage|p2a: Cetitan|13/100 tox|[from] psn
|upkeep
|turn|34
|c|☆duli2010|puh
|c|☆duli2010|gg
|
|t:|1778511154
|move|p1a: Toxapex|Baneful Bunker|p1a: Toxapex
|-singleturn|p1a: Toxapex|move: Protect
|move|p2a: Cetitan|Ice Shard|p1a: Toxapex
|-activate|p1a: Toxapex|move: Protect
|
|-heal|p1a: Toxapex|75/100|[from] item: Black Sludge
|-damage|p2a: Cetitan|0 fnt|[from] psn
|faint|p2a: Cetitan
|
|win|duli2010
|raw|duli2010's rating: 1283 &rarr; <strong>1305</strong><br />(+22 for winning)
|raw|blanca09's rating: 1245 &rarr; <strong>1223</strong><br />(-22 for losing)
|l|☆blanca09
|player|p2|
|l|☆duli2010
|player|p1|
