|html|<div class="broadcast-blue"><strong>[Gen 9] OU is currently suspecting Tera Blast! For information on how to participate check out the <a href="https://www.smogon.com/tools/suspects/view/200">suspect thread</a>.</strong></div>
|j|☆Pyrez57
|j|☆vzn.exe
|t:|1776099640
|gametype|singles
|player|p1|Pyrez57|adaman|1553
|player|p2|vzn.exe|lusamine-nihilego|1548
|gen|9
|tier|[Gen 9] OU
|rated|
|rule|HP Percentage Mod: HP is shown in percentages
|rule|Endless Battle Clause: Forcing endless battles is banned
|rule|Species Clause: Limit one of each Pokémon
|rule|OHKO Clause: OHKO moves are banned
|rule|Evasion Items Clause: Evasion items are banned
|rule|Evasion Moves Clause: Evasion moves are banned
|rule|Evasion Abilities Clause: Evasion abilities are banned
|rule|Sleep Moves Clause: Sleep-inducing moves are banned
|clearpoke
|poke|p1|Great Tusk|
|poke|p1|Zapdos|
|poke|p1|Ogerpon-Wellspring, F|
|poke|p1|Latios, M|
|poke|p1|Kingambit, M|
|poke|p1|Grimmsnarl, M|
|poke|p2|Zamazenta-*|
|poke|p2|Kyurem|
|poke|p2|Iron Treads|
|poke|p2|Tornadus-Therian, M|
|poke|p2|Pecharunt|
|poke|p2|Ting-Lu|
|teampreview
|
|t:|1776099659
|teamsize|p1|6
|teamsize|p2|6
|start
|switch|p1a: Battery Acid|Zapdos, shiny|100/100
|switch|p2a: Zamazenta|Zamazenta|100/100
|-ability|p2a: Zamazenta|Dauntless Shield|boost
|-boost|p2a: Zamazenta|def|1
|turn|1
|inactive|Battle timer is ON: inactive players will automatically lose when time's up. (requested by vzn.exe)
|j| Kyurem
|
|t:|1776099676
|switch|p2a: Ting-Lu|Ting-Lu|100/100
|-ability|p2a: Ting-Lu|Vessel of Ruin
|move|p1a: Battery Acid|Hurricane|p2a: Ting-Lu
|-damage|p2a: Ting-Lu|76/100
|
|-heal|p2a: Ting-Lu|82/100|[from] item: Leftovers
|upkeep
|turn|2
|
|t:|1776099694
|move|p1a: Battery Acid|Hurricane|p2a: Ting-Lu
|-damage|p2a: Ting-Lu|54/100
|-start|p2a: Ting-Lu|confusion
|-activate|p2a: Ting-Lu|confusion
|move|p2a: Ting-Lu|Ruination|p1a: Battery Acid
|-damage|p1a: Battery Acid|50/100
|
|-heal|p2a: Ting-Lu|60/100|[from] item: Leftovers
|upkeep
|turn|3
|
|t:|1776099711
|move|p1a: Battery Acid|Hurricane|p2a: Ting-Lu
|-damage|p2a: Ting-Lu|35/100
|-activate|p2a: Ting-Lu|confusion
|-damage|p2a: Ting-Lu|30/100|[from] confusion
|
|-heal|p2a: Ting-Lu|36/100|[from] item: Leftovers
|upkeep
|turn|4
|
|t:|1776099729
|switch|p2a: Iron Treads|Iron Treads|100/100
|move|p1a: Battery Acid|Hurricane|p2a: Iron Treads
|-resisted|p2a: Iron Treads
|-damage|p2a: Iron Treads|73/100
|
|-heal|p2a: Iron Treads|79/100|[from] item: Leftovers
|upkeep
|turn|5
|inactive|vzn.exe has 120 seconds left.
|
|t:|1776099746
|move|p2a: Iron Treads|Stealth Rock|p1a: Battery Acid
|-sidestart|p1: Pyrez57|move: Stealth Rock
|move|p1a: Battery Acid|Heat Wave|p2a: Iron Treads
|-supereffective|p2a: Iron Treads
|-damage|p2a: Iron Treads|15/100
|
|-heal|p2a: Iron Treads|22/100|[from] item: Leftovers
|upkeep
|turn|6
|inactive|vzn.exe has 120 seconds left.
|
|t:|1776099763
|move|p2a: Iron Treads|Ice Spinner|p1a: Battery Acid
|-supereffective|p1a: Battery Acid
|-damage|p1a: Battery Acid|6/100
|-status|p2a: Iron Treads|par|[from] ability: Static|[of] p1a: Battery Acid
|move|p1a: Battery Acid|Roost|p1a: Battery Acid
|-heal|p1a: Battery Acid|56/100
|-singleturn|p1a: Battery Acid|move: Roost
|
|-heal|p2a: Iron Treads|28/100 par|[from] item: Leftovers
|upkeep
|turn|7
|inactive|vzn.exe has 120 seconds left.
|
|t:|1776099775
|-end|p2a: Iron Treads|Quark Drive|[silent]
|switch|p2a: Kyurem|Kyurem|100/100
|-ability|p2a: Kyurem|Pressure
|move|p1a: Battery Acid|Heat Wave|p2a: Kyurem
|-damage|p2a: Kyurem|79/100
|
|upkeep
|turn|8
|
|t:|1776099785
|switch|p1a: Goldberg|Grimmsnarl, M|100/100
|-damage|p1a: Goldberg|88/100|[from] Stealth Rock
|move|p2a: Kyurem|Ice Beam|p1a: Goldberg
|-damage|p1a: Goldberg|48/100
|
|upkeep
|turn|9
|inactive|vzn.exe has 120 seconds left.
|
|t:|1776099803
|move|p1a: Goldberg|Light Screen|p1a: Goldberg
|-sidestart|p1: Pyrez57|move: Light Screen
|move|p2a: Kyurem|Ice Beam|p1a: Goldberg
|-damage|p1a: Goldberg|28/100
|
|upkeep
|turn|10
|inactive|vzn.exe has 120 seconds left.
|
|t:|1776099820
|move|p1a: Goldberg|Parting Shot|p2a: Kyurem
|-unboost|p2a: Kyurem|atk|1
|-unboost|p2a: Kyurem|spa|1
|
|t:|1776099826
|switch|p1a: RedKing|Kingambit, M|100/100|[from] Parting Shot
|-damage|p1a: RedKing|94/100|[from] Stealth Rock
|move|p2a: Kyurem|Ice Beam|p1a: RedKing
|-resisted|p1a: RedKing
|-damage|p1a: RedKing|89/100
|
|upkeep
|turn|11
|inactive|vzn.exe has 120 seconds left.
|
|t:|1776099845
|switch|p2a: Zamazenta|Zamazenta|100/100
|move|p1a: RedKing|Low Kick|p2a: Zamazenta
|-crit|p2a: Zamazenta
|-damage|p2a: Zamazenta|44/100
|
|-heal|p2a: Zamazenta|50/100|[from] item: Leftovers
|upkeep
|turn|12
|inactive|vzn.exe has 120 seconds left.
|
|t:|1776099862
|-end|p1a: RedKing|fallenundefined|[silent]
|switch|p1a: Manwel|Great Tusk, shiny|100/100
|-damage|p1a: Manwel|98/100|[from] Stealth Rock
|move|p2a: Zamazenta|Body Press|p1a: Manwel
|-damage|p1a: Manwel|80/100
|
|-heal|p2a: Zamazenta|56/100|[from] item: Leftovers
|-heal|p1a: Manwel|86/100|[from] item: Leftovers
|upkeep
|turn|13
|
|t:|1776099880
|switch|p2a: Pecharunt|Pecharunt|100/100
|move|p1a: Manwel|Earthquake|p2a: Pecharunt
|-supereffective|p2a: Pecharunt
|-damage|p2a: Pecharunt|56/100
|
|-heal|p1a: Manwel|92/100|[from] item: Leftovers
|upkeep
|turn|14
|
|t:|1776099897
|move|p2a: Pecharunt|Malignant Chain|p1a: Manwel
|-resisted|p1a: Manwel
|-damage|p1a: Manwel|82/100
|move|p1a: Manwel|Earthquake|p2a: Pecharunt
|-supereffective|p2a: Pecharunt
|-damage|p2a: Pecharunt|12/100
|
|-heal|p1a: Manwel|88/100|[from] item: Leftovers
|upkeep
|turn|15
|
|t:|1776099914
|move|p2a: Pecharunt|Recover|p2a: Pecharunt
|-heal|p2a: Pecharunt|62/100
|move|p1a: Manwel|Rapid Spin|p2a: Pecharunt
|-immune|p2a: Pecharunt
|
|-heal|p1a: Manwel|94/100|[from] item: Leftovers
|upkeep
|turn|16
|inactive|vzn.exe has 90 seconds left.
|
|t:|1776099931
|switch|p2a: Kyurem|Kyurem|79/100
|-ability|p2a: Kyurem|Pressure
|-end|p1a: Manwel|Protosynthesis|[silent]
|switch|p1a: Mr. Prince|Latios, M, shiny|100/100
|-damage|p1a: Mr. Prince|88/100|[from] Stealth Rock
|
|-sideend|p1: Pyrez57|move: Light Screen
|upkeep
|turn|17
|inactive|vzn.exe has 90 seconds left.
|
|t:|1776099948
|switch|p2a: Iron Treads|Iron Treads|28/100 par
|-terastallize|p1a: Mr. Prince|Steel
|move|p1a: Mr. Prince|Luster Purge|p2a: Iron Treads
|-resisted|p2a: Iron Treads
|-damage|p2a: Iron Treads|0 fnt
|faint|p2a: Iron Treads
|-end|p2a: Iron Treads|Quark Drive|[silent]
|
|upkeep
|
|t:|1776099965
|switch|p2a: Kyurem|Kyurem|79/100
|-ability|p2a: Kyurem|Pressure
|turn|18
|
|t:|1776099982
|move|p1a: Mr. Prince|Draco Meteor|p2a: Kyurem
|-supereffective|p2a: Kyurem
|-damage|p2a: Kyurem|0 fnt
|-unboost|p1a: Mr. Prince|spa|2
|faint|p2a: Kyurem
|
|upkeep
|inactive|vzn.exe has 60 seconds left.
|
|t:|1776100000
|switch|p2a: Zamazenta|Zamazenta|56/100
|turn|19
|inactive|vzn.exe has 60 seconds left.
|
|t:|1776100017
|switch|p2a: Tornadus|Tornadus-Therian, M|100/100
|switch|p1a: Manwel|Great Tusk, shiny|94/100
|-damage|p1a: Manwel|91/100|[from] Stealth Rock
|
|-heal|p1a: Manwel|98/100|[from] item: Leftovers
|upkeep
|turn|20
|inactive|vzn.exe has 60 seconds left.
|
|t:|1776100034
|-end|p1a: Manwel|Protosynthesis|[silent]
|switch|p1a: Battery Acid|Zapdos, shiny|56/100
|move|p2a: Tornadus|Bleakwind Storm|p1a: Battery Acid
|-resisted|p1a: Battery Acid
|-damage|p1a: Battery Acid|40/100
|
|upkeep
|turn|21
|
|t:|1776100060
|move|p2a: Tornadus|Taunt|p1a: Battery Acid
|-start|p1a: Battery Acid|move: Taunt
|cant|p1a: Battery Acid|move: Taunt|Roost
|
|upkeep
|turn|22
|inactive|vzn.exe has 60 seconds left.
|
|t:|1776100069
|move|p2a: Tornadus|Knock Off|p1a: Battery Acid
|-damage|p1a: Battery Acid|23/100
|-status|p2a: Tornadus|par|[from] ability: Static|[of] p1a: Battery Acid
|-enditem|p1a: Battery Acid|Heavy-Duty Boots|[from] move: Knock Off|[of] p2a: Tornadus
|move|p1a: Battery Acid|Hurricane|p2a: Tornadus
|-damage|p2a: Tornadus|39/100 par
|-start|p2a: Tornadus|confusion
|
|upkeep
|turn|23
|
|t:|1776100078
|switch|p2a: Pecharunt|Pecharunt|62/100
|move|p1a: Battery Acid|Hurricane|p2a: Pecharunt
|-damage|p2a: Pecharunt|5/100
|
|-end|p1a: Battery Acid|move: Taunt
|upkeep
|turn|24
|
|t:|1776100087
|switch|p1a: Mr. Prince|Latios, M, shiny, tera:Steel|88/100
|-damage|p1a: Mr. Prince|82/100|[from] Stealth Rock
|move|p2a: Pecharunt|Shadow Ball|p1a: Mr. Prince
|-damage|p1a: Mr. Prince|56/100
|
|upkeep
|turn|25
|
|t:|1776100104
|move|p1a: Mr. Prince|Ice Beam|p2a: Pecharunt
|-damage|p2a: Pecharunt|0 fnt
|faint|p2a: Pecharunt
|
|upkeep
|
|t:|1776100114
|switch|p2a: Zamazenta|Zamazenta|56/100
|turn|26
|
|t:|1776100123
|switch|p1a: Manwel|Great Tusk, shiny|98/100
|-damage|p1a: Manwel|95/100|[from] Stealth Rock
|move|p2a: Zamazenta|Body Press|p1a: Manwel
|-damage|p1a: Manwel|75/100
|
|-heal|p2a: Zamazenta|62/100|[from] item: Leftovers
|-heal|p1a: Manwel|81/100|[from] item: Leftovers
|upkeep
|turn|27
|
|t:|1776100146
|move|p2a: Zamazenta|Iron Defense|p2a: Zamazenta
|-boost|p2a: Zamazenta|def|2
|move|p1a: Manwel|Rapid Spin|p2a: Zamazenta
|-damage|p2a: Zamazenta|56/100
|-boost|p1a: Manwel|spe|1
|-sideend|p1: Pyrez57|Stealth Rock|[from] move: Rapid Spin|[of] p1a: Manwel
|
|-heal|p2a: Zamazenta|63/100|[from] item: Leftovers
|-heal|p1a: Manwel|87/100|[from] item: Leftovers
|upkeep
|turn|28
|inactive|vzn.exe has 60 seconds left.
|
|t:|1776100163
|-end|p1a: Manwel|Protosynthesis|[silent]
|switch|p1a: Battery Acid|Zapdos, shiny|23/100
|move|p2a: Zamazenta|Body Press|p1a: Battery Acid
|-resisted|p1a: Battery Acid
|-damage|p1a: Battery Acid|0 fnt
|faint|p1a: Battery Acid
|
|-heal|p2a: Zamazenta|69/100|[from] item: Leftovers
|upkeep
|
|t:|1776100171
|switch|p1a: Goldberg|Grimmsnarl, M|28/100
|turn|29
|inactive|vzn.exe has 60 seconds left.
|
|t:|1776100188
|move|p1a: Goldberg|Thunder Wave|p2a: Zamazenta
|-status|p2a: Zamazenta|par
|move|p2a: Zamazenta|Body Press|p1a: Goldberg
|-damage|p1a: Goldberg|0 fnt
|faint|p1a: Goldberg
|
|-heal|p2a: Zamazenta|75/100 par|[from] item: Leftovers
|upkeep
|
|t:|1776100197
|switch|p1a: Mr. Prince|Latios, M, shiny, tera:Steel|56/100
|turn|30
|
|t:|1776100206
|switch|p2a: Ting-Lu|Ting-Lu|36/100
|-ability|p2a: Ting-Lu|Vessel of Ruin
|move|p1a: Mr. Prince|Luster Purge|p2a: Ting-Lu
|-immune|p2a: Ting-Lu
|
|-heal|p2a: Ting-Lu|42/100|[from] item: Leftovers
|upkeep
|turn|31
|
|t:|1776100216
|move|p1a: Mr. Prince|Recover|p1a: Mr. Prince
|-heal|p1a: Mr. Prince|100/100
|move|p2a: Ting-Lu|Whirlwind|p1a: Mr. Prince
|drag|p1a: Manwel|Great Tusk, shiny|87/100
|
|-heal|p1a: Manwel|93/100|[from] item: Leftovers
|-heal|p2a: Ting-Lu|49/100|[from] item: Leftovers
|upkeep
|turn|32
|
|t:|1776100233
|move|p1a: Manwel|Ice Spinner|p2a: Ting-Lu
|-supereffective|p2a: Ting-Lu
|-damage|p2a: Ting-Lu|23/100
|move|p2a: Ting-Lu|Ruination|p1a: Manwel
|-damage|p1a: Manwel|47/100
|
|-heal|p1a: Manwel|53/100|[from] item: Leftovers
|-heal|p2a: Ting-Lu|30/100|[from] item: Leftovers
|upkeep
|turn|33
|
|t:|1776100242
|move|p1a: Manwel|Close Combat|p2a: Ting-Lu
|-supereffective|p2a: Ting-Lu
|-damage|p2a: Ting-Lu|0 fnt
|-unboost|p1a: Manwel|def|1
|-unboost|p1a: Manwel|spd|1
|faint|p2a: Ting-Lu
|
|-heal|p1a: Manwel|59/100|[from] item: Leftovers
|upkeep
|
|t:|1776100251
|switch|p2a: Zamazenta|Zamazenta|75/100 par
|turn|34
|
|t:|1776100260
|move|p1a: Manwel|Close Combat|p2a: Zamazenta
|-damage|p2a: Zamazenta|28/100 par
|-unboost|p1a: Manwel|def|1
|-unboost|p1a: Manwel|spd|1
|move|p2a: Zamazenta|Roar|p1a: Manwel
|-end|p1a: Manwel|Protosynthesis|[silent]
|drag|p1a: Kombu|Ogerpon-Wellspring, F|100/100
|
|-heal|p2a: Zamazenta|34/100 par|[from] item: Leftovers
|upkeep
|turn|35
|c|☆Pyrez57|gg
|
|t:|1776100276
|switch|p2a: Tornadus|Tornadus-Therian, M|72/100 par
|move|p1a: Kombu|Ivy Cudgel|p2a: Tornadus|[anim] Ivy Cudgel Water
|-damage|p2a: Tornadus|12/100 par
|
|upkeep
|turn|36
|
|t:|1776100291
|move|p1a: Kombu|Ivy Cudgel|p2a: Tornadus|[anim] Ivy Cudgel Water
|-damage|p2a: Tornadus|0 fnt
|faint|p2a: Tornadus
|
|upkeep
|
|t:|1776100303
|switch|p2a: Zamazenta|Zamazenta|34/100 par
|turn|37
|
|t:|1776100307
|move|p1a: Kombu|Ivy Cudgel|p2a: Zamazenta|[anim] Ivy Cudgel Water
|-damage|p2a: Zamazenta|0 fnt
|faint|p2a: Zamazenta
|
|win|Pyrez57
|raw|Pyrez57's rating: 1553 &rarr; <strong>1573</strong><br />(+20 for winning)
|raw|vzn.exe's rating: 1548 &rarr; <strong>1528</strong><br />(-20 for losing)
