|inactive|Battle timer is ON: inactive players will automatically lose when time's up.
|t:|1776108673
|gametype|singles
|player|p1|Lsa2999|265|
|player|p2|Prav33n|koga|
|gen|9
|tier|[Gen 9] OU
|rule|HP Percentage Mod: HP is shown in percentages
|rule|Endless Battle Clause: Forcing endless battles is banned
|rule|Species Clause: Limit one of each Pokémon
|rule|OHKO Clause: OHKO moves are banned
|rule|Evasion Items Clause: Evasion items are banned
|rule|Evasion Moves Clause: Evasion moves are banned
|rule|Evasion Abilities Clause: Evasion abilities are banned
|rule|Sleep Moves Clause: Sleep-inducing moves are banned
|clearpoke
|poke|p1|Deoxys-Speed|
|poke|p1|Iron Valiant|
|poke|p1|Ogerpon-Wellspring, F|
|poke|p1|Ting-Lu|
|poke|p1|Iron Moth|
|poke|p1|Kingambit, M|
|poke|p2|Kyurem|
|poke|p2|Gliscor, F|
|poke|p2|Zamazenta-*|
|poke|p2|Cinderace, M|
|poke|p2|Corviknight, F|
|poke|p2|Slowking-Galar, M|
|teampreview
|c|☆Prav33n|hf
|c|☆Lsa2999|hf
|inactive|Lsa2999 has 270 seconds left.
|inactive|Prav33n has 270 seconds left.
|
|t:|1776108733
|teamsize|p1|6
|teamsize|p2|6
|start
|switch|p1a: diced pineapples|Deoxys-Speed|100/100
|switch|p2a: Corviknight|Corviknight, F|100/100
|-ability|p1a: diced pineapples|Pressure
|-ability|p2a: Corviknight|Pressure
|turn|1
|
|t:|1776108743
|move|p1a: diced pineapples|Spikes|p2a: Corviknight
|-sidestart|p2: Prav33n|Spikes
|move|p2a: Corviknight|U-turn|p1a: diced pineapples
|-supereffective|p1a: diced pineapples
|-damage|p1a: diced pineapples|55/100
|
|t:|1776108745
|switch|p2a: Cinderace|Cinderace, M|100/100|[from] U-turn
|
|upkeep
|turn|2
|
|t:|1776108749
|switch|p2a: Corviknight|Corviknight, F|100/100
|-ability|p2a: Corviknight|Pressure
|move|p1a: diced pineapples|Psycho Boost|p2a: Corviknight
|-resisted|p2a: Corviknight
|-damage|p2a: Corviknight|68/100
|-unboost|p1a: diced pineapples|spa|2
|-damage|p1a: diced pineapples|45/100|[from] item: Life Orb
|
|upkeep
|turn|3
|
|t:|1776108761
|switch|p1a: two words|Iron Moth|100/100
|-enditem|p1a: two words|Booster Energy
|-activate|p1a: two words|ability: Quark Drive|[fromitem]
|-start|p1a: two words|quarkdrivespe
|move|p2a: Corviknight|Roost|p2a: Corviknight
|-heal|p2a: Corviknight|100/100
|-singleturn|p2a: Corviknight|move: Roost
|
|upkeep
|turn|4
|
|t:|1776108773
|switch|p2a: Gliscor|Gliscor, F|100/100
|move|p1a: two words|Fiery Dance|p2a: Gliscor
|-damage|p2a: Gliscor|69/100
|
|-status|p2a: Gliscor|tox|[from] item: Toxic Orb
|upkeep
|turn|5
|
|t:|1776108784
|switch|p2a: Zamazenta|Zamazenta|100/100
|-damage|p2a: Zamazenta|88/100|[from] Spikes
|-ability|p2a: Zamazenta|Dauntless Shield|boost
|-boost|p2a: Zamazenta|def|1
|move|p1a: two words|Toxic Spikes|p2a: Zamazenta
|-sidestart|p2: Prav33n|move: Toxic Spikes
|
|upkeep
|turn|6
|
|t:|1776108792
|move|p1a: two words|Fiery Dance|p2a: Zamazenta
|-damage|p2a: Zamazenta|49/100
|move|p2a: Zamazenta|Stone Edge|p1a: two words
|-supereffective|p1a: two words
|-damage|p1a: two words|0 fnt
|faint|p1a: two words
|-end|p1a: two words|Quark Drive|[silent]
|
|upkeep
|
|t:|1776108796
|switch|p1a: diced pineapples|Deoxys-Speed|45/100
|-ability|p1a: diced pineapples|Pressure
|turn|7
|
|t:|1776108806
|switch|p2a: Corviknight|Corviknight, F|100/100
|-ability|p2a: Corviknight|Pressure
|move|p1a: diced pineapples|Knock Off|p2a: Corviknight
|-damage|p2a: Corviknight|79/100
|-damage|p1a: diced pineapples|28/100|[from] item: Rocky Helmet|[of] p2a: Corviknight
|-enditem|p2a: Corviknight|Rocky Helmet|[from] move: Knock Off|[of] p1a: diced pineapples
|-damage|p1a: diced pineapples|18/100|[from] item: Life Orb
|
|upkeep
|turn|8
|
|t:|1776108832
|move|p1a: diced pineapples|Psycho Boost|p2a: Corviknight|[miss]
|-miss|p1a: diced pineapples|p2a: Corviknight
|move|p2a: Corviknight|Roost|p2a: Corviknight
|-heal|p2a: Corviknight|100/100
|-singleturn|p2a: Corviknight|move: Roost
|
|upkeep
|turn|9
|
|t:|1776108836
|move|p1a: diced pineapples|Psycho Boost|p2a: Corviknight
|-resisted|p2a: Corviknight
|-damage|p2a: Corviknight|64/100
|-unboost|p1a: diced pineapples|spa|2
|-damage|p1a: diced pineapples|8/100|[from] item: Life Orb
|move|p2a: Corviknight|U-turn|p1a: diced pineapples
|-supereffective|p1a: diced pineapples
|-damage|p1a: diced pineapples|0 fnt
|faint|p1a: diced pineapples
|
|t:|1776108839
|switch|p2a: Cinderace|Cinderace, M|100/100|[from] U-turn
|
|upkeep
|
|t:|1776108845
|switch|p1a: the resistance|Ting-Lu|100/100
|-ability|p1a: the resistance|Vessel of Ruin
|turn|10
|
|t:|1776108856
|move|p2a: Cinderace|Will-O-Wisp|p1a: the resistance|[miss]
|-miss|p2a: Cinderace|p1a: the resistance
|move|p1a: the resistance|Stealth Rock|p2a: Cinderace
|-sidestart|p2: Prav33n|move: Stealth Rock
|
|upkeep
|turn|11
|
|t:|1776108863
|switch|p1a: neon guts|Iron Valiant|100/100
|-enditem|p1a: neon guts|Booster Energy
|-activate|p1a: neon guts|ability: Quark Drive|[fromitem]
|-start|p1a: neon guts|quarkdrivespe
|move|p2a: Cinderace|Court Change|p2a: Cinderace
|-swapsideconditions
|-activate|p2a: Cinderace|move: Court Change
|
|upkeep
|turn|12
|
|t:|1776108870
|switch|p2a: Slowking|Slowking-Galar, M|100/100
|move|p1a: neon guts|Calm Mind|p1a: neon guts
|-boost|p1a: neon guts|spa|1
|-boost|p1a: neon guts|spd|1
|
|upkeep
|turn|13
|
|t:|1776108882
|-terastallize|p1a: neon guts|Electric
|move|p1a: neon guts|Calm Mind|p1a: neon guts
|-boost|p1a: neon guts|spa|1
|-boost|p1a: neon guts|spd|1
|move|p2a: Slowking|Trick|p1a: neon guts
|-activate|p2a: Slowking|move: Trick|[of] p1a: neon guts
|-item|p1a: neon guts|Black Sludge|[from] move: Trick
|-enditem|p2a: Slowking|Black Sludge|[silent]|[from] move: Trick
|
|-damage|p1a: neon guts|88/100|[from] item: Black Sludge
|upkeep
|turn|14
|
|t:|1776108893
|move|p1a: neon guts|Thunderbolt|p2a: Slowking
|-damage|p2a: Slowking|52/100
|move|p2a: Slowking|Future Sight|p1a: neon guts
|-start|p2a: Slowking|move: Future Sight
|
|-damage|p1a: neon guts|76/100|[from] item: Black Sludge
|upkeep
|turn|15
|
|t:|1776108907
|switch|p2a: Gliscor|Gliscor, F|69/100 tox
|move|p1a: neon guts|Moonblast|p2a: Gliscor
|-damage|p2a: Gliscor|0 fnt
|faint|p2a: Gliscor
|
|-damage|p1a: neon guts|63/100|[from] item: Black Sludge
|upkeep
|
|t:|1776108912
|switch|p2a: Slowking|Slowking-Galar, M|85/100
|turn|16
|
|t:|1776108915
|move|p1a: neon guts|Thunderbolt|p2a: Slowking
|-damage|p2a: Slowking|34/100
|move|p2a: Slowking|Sludge Bomb|p1a: neon guts
|-damage|p1a: neon guts|35/100
|
|-end|p1a: neon guts|move: Future Sight
|-damage|p1a: neon guts|0 fnt
|faint|p1a: neon guts
|-end|p1a: neon guts|Quark Drive|[silent]
|upkeep
|
|t:|1776108920
|switch|p1a: wgft|Kingambit, M|100/100
|-damage|p1a: wgft|94/100|[from] Stealth Rock
|-activate|p1a: wgft|ability: Supreme Overlord
|-start|p1a: wgft|fallen3|[silent]
|-item|p1a: wgft|Air Balloon
|turn|17
|
|t:|1776108926
|move|p1a: wgft|Iron Head|p2a: Slowking
|-damage|p2a: Slowking|0 fnt
|faint|p2a: Slowking
|
|upkeep
|
|t:|1776108928
|switch|p2a: Zamazenta|Zamazenta|49/100
|turn|18
|
|t:|1776108937
|-end|p1a: wgft|fallen3|[silent]
|switch|p1a: the resistance|Ting-Lu|100/100
|-damage|p1a: the resistance|88/100|[from] Spikes
|-status|p1a: the resistance|psn
|-damage|p1a: the resistance|82/100 psn|[from] Stealth Rock
|-ability|p1a: the resistance|Vessel of Ruin
|move|p2a: Zamazenta|Close Combat|p1a: the resistance
|-supereffective|p1a: the resistance
|-damage|p1a: the resistance|0 fnt
|-unboost|p2a: Zamazenta|def|1
|-unboost|p2a: Zamazenta|spd|1
|faint|p1a: the resistance
|
|upkeep
|
|t:|1776108946
|switch|p1a: endless|Ogerpon-Wellspring, F|100/100
|-damage|p1a: endless|88/100|[from] Spikes
|-status|p1a: endless|psn
|-damage|p1a: endless|76/100 psn|[from] Stealth Rock
|turn|19
|
|t:|1776108961
|move|p2a: Zamazenta|Close Combat|p1a: endless
|-damage|p1a: endless|0 fnt
|-unboost|p2a: Zamazenta|def|1
|-unboost|p2a: Zamazenta|spd|1
|faint|p1a: endless
|
|upkeep
|
|t:|1776108969
|switch|p1a: wgft|Kingambit, M|94/100
|-damage|p1a: wgft|88/100|[from] Stealth Rock
|-activate|p1a: wgft|ability: Supreme Overlord
|-start|p1a: wgft|fallen5|[silent]
|-item|p1a: wgft|Air Balloon
|turn|20
|
|t:|1776108973
|switch|p2a: Kyurem|Kyurem, shiny|100/100
|-ability|p2a: Kyurem|Pressure
|move|p1a: wgft|Swords Dance|p1a: wgft
|-boost|p1a: wgft|atk|2
|
|upkeep
|turn|21
|
|t:|1776108977
|move|p2a: Kyurem|Freeze-Dry|p1a: wgft
|-resisted|p1a: wgft
|-damage|p1a: wgft|69/100
|-enditem|p1a: wgft|Air Balloon
|move|p1a: wgft|Iron Head|p2a: Kyurem
|-supereffective|p2a: Kyurem
|-damage|p2a: Kyurem|0 fnt
|faint|p2a: Kyurem
|
|upkeep
|
|t:|1776108979
|switch|p2a: Cinderace|Cinderace, M|100/100
|turn|22
|
|t:|1776108984
|move|p2a: Cinderace|Will-O-Wisp|p1a: wgft
|-status|p1a: wgft|brn
|move|p1a: wgft|Low Kick|p2a: Cinderace
|-damage|p2a: Cinderace|59/100
|
|-damage|p1a: wgft|63/100 brn|[from] brn
|upkeep
|turn|23
|
|t:|1776108988
|move|p1a: wgft|Sucker Punch|p2a: Cinderace
|-damage|p2a: Cinderace|0 fnt
|faint|p2a: Cinderace
|
|-damage|p1a: wgft|57/100 brn|[from] brn
|upkeep
|
|t:|1776108991
|switch|p2a: Corviknight|Corviknight, F|64/100
|-ability|p2a: Corviknight|Pressure
|turn|24
|
|t:|1776108996
|move|p1a: wgft|Swords Dance|p1a: wgft
|-boost|p1a: wgft|atk|2
|move|p2a: Corviknight|Body Press|p1a: wgft
|-supereffective|p1a: wgft
|-damage|p1a: wgft|0 fnt
|faint|p1a: wgft
|-end|p1a: wgft|fallen5|[silent]
|
|win|Prav33n
|c|☆Prav33n|gg
|c|☆Lsa2999|gg
|player|p1|
