|html|<div class="broadcast-blue"><strong>[Gen 9] OU is currently suspecting Tera Blast! For information on how to participate check out the <a href="https://www.smogon.com/tools/suspects/view/200">suspect thread</a>.</strong></div>
|j|☆W L Attorneys
|j|☆The Dragon Lair
|t:|1776129624
|gametype|singles
|player|p1|W L Attorneys|marshal|1130
|player|p2|The Dragon Lair|ghetsis-gen5bw|1152
|gen|9
|tier|[Gen 9] OU
|rated|
|rule|HP Percentage Mod: HP is shown in percentages
|rule|Endless Battle Clause: Forcing endless battles is banned
|rule|Species Clause: Limit one of each Pokémon
|rule|OHKO Clause: OHKO moves are banned
|rule|Evasion Items Clause: Evasion items are banned
|rule|Evasion Moves Clause: Evasion moves are banned
|rule|Evasion Abilities Clause: Evasion abilities are banned
|rule|Sleep Moves Clause: Sleep-inducing moves are banned
|clearpoke
|poke|p1|Scizor, F|
|poke|p1|Corviknight, M|
|poke|p1|Iron Hands|
|poke|p1|Dragapult, M|
|poke|p1|Garganacl, M|
|poke|p1|Walking Wake|
|poke|p2|Tyranitar, M|
|poke|p2|Iron Boulder|
|poke|p2|Ogerpon-Cornerstone, F|
|poke|p2|Arcanine-Hisui, F|
|poke|p2|Glimmora, M|
|poke|p2|Diancie|
|teampreview
|inactive|Battle timer is ON: inactive players will automatically lose when time's up. (requested by The Dragon Lair)
|
|t:|1776129634
|teamsize|p1|6
|teamsize|p2|6
|start
|switch|p1a: Garganacl|Garganacl, M|100/100
|switch|p2a: Glimmora|Glimmora, M|100/100
|turn|1
|
|t:|1776129649
|move|p2a: Glimmora|Meteor Beam||[still]
|-prepare|p2a: Glimmora|Meteor Beam
|-boost|p2a: Glimmora|spa|1
|-enditem|p2a: Glimmora|Power Herb
|-anim|p2a: Glimmora|Meteor Beam|p1a: Garganacl
|-damage|p1a: Garganacl|36/100
|move|p1a: Garganacl|Stealth Rock|p2a: Glimmora
|-sidestart|p2: The Dragon Lair|move: Stealth Rock
|
|-heal|p1a: Garganacl|42/100|[from] item: Leftovers
|upkeep
|turn|2
|
|t:|1776129666
|move|p2a: Glimmora|Earth Power|p1a: Garganacl
|-supereffective|p1a: Garganacl
|-damage|p1a: Garganacl|0 fnt
|faint|p1a: Garganacl
|
|upkeep
|
|t:|1776129682
|switch|p1a: Walking Wake|Walking Wake|100/100
|turn|3
|
|t:|1776129688
|move|p1a: Walking Wake|Surf|p2a: Glimmora
|-supereffective|p2a: Glimmora
|-damage|p2a: Glimmora|0 fnt
|faint|p2a: Glimmora
|
|upkeep
|
|t:|1776129695
|switch|p2a: Tyranitar|Tyranitar, M|100/100
|-damage|p2a: Tyranitar|88/100|[from] Stealth Rock
|-weather|Sandstorm|[from] ability: Sand Stream|[of] p2a: Tyranitar
|turn|4
|
|t:|1776129700
|move|p1a: Walking Wake|Surf|p2a: Tyranitar
|-supereffective|p2a: Tyranitar
|-damage|p2a: Tyranitar|56/100
|move|p2a: Tyranitar|Stone Edge|p1a: Walking Wake
|-damage|p1a: Walking Wake|42/100
|
|-weather|Sandstorm|[upkeep]
|-damage|p1a: Walking Wake|36/100|[from] Sandstorm
|upkeep
|turn|5
|
|t:|1776129705
|move|p1a: Walking Wake|Flip Turn|p2a: Tyranitar
|-supereffective|p2a: Tyranitar
|-crit|p2a: Tyranitar
|-damage|p2a: Tyranitar|22/100
|
|t:|1776129709
|-end|p1a: Walking Wake|Protosynthesis|[silent]
|switch|p1a: Scizor|Scizor, F|100/100|[from] Flip Turn
|move|p2a: Tyranitar|Earthquake|p1a: Scizor
|-damage|p1a: Scizor|56/100
|
|-weather|Sandstorm|[upkeep]
|upkeep
|turn|6
|
|t:|1776129715
|move|p1a: Scizor|Bullet Punch|p2a: Tyranitar
|-supereffective|p2a: Tyranitar
|-damage|p2a: Tyranitar|0 fnt
|faint|p2a: Tyranitar
|-damage|p1a: Scizor|46/100|[from] item: Life Orb
|
|-weather|Sandstorm|[upkeep]
|upkeep
|
|t:|1776129717
|switch|p2a: Arcanine|Arcanine-Hisui, F|100/100
|-damage|p2a: Arcanine|76/100|[from] Stealth Rock
|turn|7
|
|t:|1776129724
|move|p2a: Arcanine|Flare Blitz|p1a: Scizor
|-supereffective|p1a: Scizor
|-damage|p1a: Scizor|0 fnt
|faint|p1a: Scizor
|
|-weather|Sandstorm|[upkeep]
|upkeep
|inactive|W L Attorneys has 120 seconds left.
|
|t:|1776129761
|switch|p1a: Corviknight|Corviknight, M|100/100
|-ability|p1a: Corviknight|Pressure
|turn|8
|inactive|W L Attorneys has 120 seconds left.
|
|t:|1776129767
|move|p2a: Arcanine|Flare Blitz|p1a: Corviknight
|-supereffective|p1a: Corviknight
|-damage|p1a: Corviknight|22/100
|-damage|p2a: Arcanine|59/100|[from] item: Rocky Helmet|[of] p1a: Corviknight
|move|p1a: Corviknight|U-turn|p2a: Arcanine
|-resisted|p2a: Arcanine
|-damage|p2a: Arcanine|50/100
|inactive|W L Attorneys has 120 seconds left.
|
|t:|1776129786
|switch|p1a: Iron Hands|Iron Hands|100/100|[from] U-turn
|-enditem|p1a: Iron Hands|Booster Energy
|-activate|p1a: Iron Hands|ability: Quark Drive|[fromitem]
|-start|p1a: Iron Hands|quarkdriveatk
|
|-weather|none
|upkeep
|turn|9
|
|t:|1776129789
|move|p2a: Arcanine|Flare Blitz|p1a: Iron Hands
|-damage|p1a: Iron Hands|52/100
|move|p1a: Iron Hands|Drain Punch|p2a: Arcanine
|-supereffective|p2a: Arcanine
|-damage|p2a: Arcanine|0 fnt
|-heal|p1a: Iron Hands|71/100|[from] drain|[of] p2a: Arcanine
|faint|p2a: Arcanine
|
|upkeep
|
|t:|1776129801
|switch|p2a: Diancie|Diancie|100/100
|-damage|p2a: Diancie|88/100|[from] Stealth Rock
|-item|p2a: Diancie|Air Balloon
|turn|10
|
|t:|1776129809
|-terastallize|p1a: Iron Hands|Flying
|move|p1a: Iron Hands|Swords Dance|p1a: Iron Hands
|-boost|p1a: Iron Hands|atk|2
|move|p2a: Diancie|Moonblast|p1a: Iron Hands
|-damage|p1a: Iron Hands|33/100
|-unboost|p1a: Iron Hands|spa|1
|
|upkeep
|turn|11
|
|t:|1776129817
|move|p1a: Iron Hands|Thunder Punch|p2a: Diancie
|-damage|p2a: Diancie|0 fnt
|-enditem|p2a: Diancie|Air Balloon
|faint|p2a: Diancie
|
|upkeep
|
|t:|1776129825
|switch|p2a: Ogerpon|Ogerpon-Cornerstone, F|100/100
|-damage|p2a: Ogerpon|88/100|[from] Stealth Rock
|turn|12
|
|t:|1776129830
|move|p2a: Ogerpon|Ivy Cudgel|p1a: Iron Hands|[anim] Ivy Cudgel Rock
|-supereffective|p1a: Iron Hands
|-damage|p1a: Iron Hands|0 fnt
|faint|p1a: Iron Hands
|-end|p1a: Iron Hands|Quark Drive|[silent]
|
|upkeep
|
|t:|1776129838
|switch|p1a: Dragapult|Dragapult, M|100/100
|turn|13
|
|t:|1776129844
|move|p1a: Dragapult|Fire Blast|p2a: Ogerpon|[miss]
|-miss|p1a: Dragapult|p2a: Ogerpon
|move|p2a: Ogerpon|Ivy Cudgel|p1a: Dragapult|[anim] Ivy Cudgel Rock
|-damage|p1a: Dragapult|20/100
|
|upkeep
|turn|14
|
|t:|1776129856
|-terastallize|p2a: Ogerpon|Rock
|detailschange|p2a: Ogerpon|Ogerpon-Cornerstone-Tera, F, tera:Rock
|-ability|p2a: Ogerpon|Embody Aspect (Cornerstone)|boost
|-boost|p2a: Ogerpon|def|1
|move|p1a: Dragapult|Fire Blast|p2a: Ogerpon|[miss]
|-miss|p1a: Dragapult|p2a: Ogerpon
|move|p2a: Ogerpon|Ivy Cudgel|p1a: Dragapult|[anim] Ivy Cudgel Rock
|-crit|p1a: Dragapult
|-damage|p1a: Dragapult|0 fnt
|faint|p1a: Dragapult
|
|upkeep
|
|t:|1776129867
|switch|p1a: Walking Wake|Walking Wake|36/100
|turn|15
|
|t:|1776129872
|move|p2a: Ogerpon|Ivy Cudgel|p1a: Walking Wake|[anim] Ivy Cudgel Rock
|-damage|p1a: Walking Wake|0 fnt
|faint|p1a: Walking Wake
|-end|p1a: Walking Wake|Protosynthesis|[silent]
|
|upkeep
|
|t:|1776129875
|switch|p1a: Corviknight|Corviknight, M|22/100
|-ability|p1a: Corviknight|Pressure
|turn|16
|
|t:|1776129878
|move|p2a: Ogerpon|Ivy Cudgel|p1a: Corviknight|[anim] Ivy Cudgel Rock
|-crit|p1a: Corviknight
|-damage|p1a: Corviknight|0 fnt
|faint|p1a: Corviknight
|
|win|The Dragon Lair
|raw|W L Attorneys's rating: 1130 &rarr; <strong>1107</strong><br />(-23 for losing)
|raw|The Dragon Lair's rating: 1152 &rarr; <strong>1175</strong><br />(+23 for winning)
