|html|<div class="broadcast-blue"><strong>[Gen 9] OU is currently suspecting Tera Blast! For information on how to participate check out the <a href="https://www.smogon.com/tools/suspects/view/200">suspect thread</a>.</strong></div>
|j|☆Blastoise_Choice
|j|☆Erenicko.
|t:|1776093485
|gametype|singles
|player|p1|Blastoise_Choice|benga|1716
|player|p2|Erenicko.|#psdlterrakions|1777
|gen|9
|tier|[Gen 9] OU
|rated|
|rule|HP Percentage Mod: HP is shown in percentages
|rule|Endless Battle Clause: Forcing endless battles is banned
|rule|Species Clause: Limit one of each Pokémon
|rule|OHKO Clause: OHKO moves are banned
|rule|Evasion Items Clause: Evasion items are banned
|rule|Evasion Moves Clause: Evasion moves are banned
|rule|Evasion Abilities Clause: Evasion abilities are banned
|rule|Sleep Moves Clause: Sleep-inducing moves are banned
|clearpoke
|poke|p1|Garganacl, F|
|poke|p1|Darkrai|
|poke|p1|Great Tusk|
|poke|p1|Hatterene, F|
|poke|p1|Tornadus-Therian, M|
|poke|p1|Dragonite, M|
|poke|p2|Enamorus, F|
|poke|p2|Ogerpon-Wellspring, F|
|poke|p2|Slowking-Galar, M|
|poke|p2|Kingambit, M|
|poke|p2|Great Tusk|
|poke|p2|Raging Bolt|
|teampreview
|inactive|Battle timer is ON: inactive players will automatically lose when time's up. (requested by Erenicko.)
|j| el alcachofas xdxd
|j| nonchalantbufalant
|
|t:|1776093494
|teamsize|p1|6
|teamsize|p2|6
|start
|switch|p1a: Darkrai|Darkrai|100/100
|switch|p2a: Enamorus|Enamorus, F|100/100
|turn|1
|c|☆Blastoise_Choice|hf
|inactive|Blastoise_Choice also wants the timer to be on.
|
|t:|1776093500
|switch|p1a: Tornadus|Tornadus-Therian, M, shiny|100/100
|move|p2a: Enamorus|Moonblast|p1a: Tornadus
|-damage|p1a: Tornadus|61/100
|
|upkeep
|turn|2
|
|t:|1776093508
|switch|p2a: Slowking|Slowking-Galar, M|100/100
|switch|p1a: Garganacl|Garganacl, F|100/100
|
|upkeep
|turn|3
|
|t:|1776093519
|move|p1a: Garganacl|Stealth Rock|p2a: Slowking
|-sidestart|p2: Erenicko.|move: Stealth Rock
|move|p2a: Slowking|Future Sight|p1a: Garganacl
|-start|p2a: Slowking|move: Future Sight
|
|upkeep
|turn|4
|
|t:|1776093525
|move|p1a: Garganacl|Salt Cure|p2a: Slowking
|-damage|p2a: Slowking|89/100
|-start|p2a: Slowking|Salt Cure
|move|p2a: Slowking|Psychic Noise|p1a: Garganacl
|-damage|p1a: Garganacl|80/100
|-start|p1a: Garganacl|move: Heal Block
|
|-damage|p2a: Slowking|77/100|[from] Salt Cure
|upkeep
|turn|5
|
|t:|1776093534
|switch|p1a: Darkrai|Darkrai|100/100
|switch|p2a: Great Tusk|Great Tusk|100/100
|-damage|p2a: Great Tusk|98/100|[from] Stealth Rock
|
|-end|p1a: Darkrai|move: Future Sight
|-immune|p1a: Darkrai
|upkeep
|turn|6
|
|t:|1776093540
|-end|p2a: Great Tusk|Protosynthesis|[silent]
|switch|p2a: Slowking|Slowking-Galar, M|100/100
|-damage|p2a: Slowking|88/100|[from] Stealth Rock
|move|p1a: Darkrai|Dark Pulse|p2a: Slowking
|-supereffective|p2a: Slowking
|-damage|p2a: Slowking|31/100
|
|upkeep
|turn|7
|
|t:|1776093547
|switch|p2a: Kingambit|Kingambit, M|100/100
|-damage|p2a: Kingambit|94/100|[from] Stealth Rock
|move|p1a: Darkrai|Dark Pulse|p2a: Kingambit
|-resisted|p2a: Kingambit
|-damage|p2a: Kingambit|63/100
|
|-heal|p2a: Kingambit|69/100|[from] item: Leftovers
|upkeep
|turn|8
|
|t:|1776093555
|switch|p1a: Great Tusk|Great Tusk|100/100
|-enditem|p1a: Great Tusk|Booster Energy
|-activate|p1a: Great Tusk|ability: Protosynthesis|[fromitem]
|-start|p1a: Great Tusk|protosynthesisatk
|-end|p2a: Kingambit|fallenundefined|[silent]
|switch|p2a: Great Tusk|Great Tusk|98/100
|-damage|p2a: Great Tusk|95/100|[from] Stealth Rock
|
|upkeep
|turn|9
|
|t:|1776093562
|move|p2a: Great Tusk|Rapid Spin|p1a: Great Tusk
|-damage|p1a: Great Tusk|91/100
|-boost|p2a: Great Tusk|spe|1
|-sideend|p2: Erenicko.|Stealth Rock|[from] move: Rapid Spin|[of] p2a: Great Tusk
|move|p1a: Great Tusk|Ice Spinner|p2a: Great Tusk
|-supereffective|p2a: Great Tusk
|-damage|p2a: Great Tusk|53/100
|-damage|p1a: Great Tusk|74/100|[from] item: Rocky Helmet|[of] p2a: Great Tusk
|
|upkeep
|turn|10
|j| Monkey D MinMin
|
|t:|1776093569
|move|p2a: Great Tusk|Ice Spinner|p1a: Great Tusk
|-supereffective|p1a: Great Tusk
|-damage|p1a: Great Tusk|41/100
|move|p1a: Great Tusk|Ice Spinner|p2a: Great Tusk
|-supereffective|p2a: Great Tusk
|-damage|p2a: Great Tusk|10/100
|-damage|p1a: Great Tusk|24/100|[from] item: Rocky Helmet|[of] p2a: Great Tusk
|
|upkeep
|turn|11
|
|t:|1776093575
|-end|p1a: Great Tusk|Protosynthesis|[silent]
|switch|p1a: Garganacl|Garganacl, F|80/100
|move|p2a: Great Tusk|Headlong Rush|p1a: Garganacl
|-supereffective|p1a: Garganacl
|-damage|p1a: Garganacl|13/100
|-unboost|p2a: Great Tusk|def|1
|-unboost|p2a: Great Tusk|spd|1
|
|-heal|p1a: Garganacl|19/100|[from] item: Leftovers
|upkeep
|turn|12
|
|t:|1776093579
|move|p1a: Garganacl|Protect|p1a: Garganacl
|-singleturn|p1a: Garganacl|Protect
|move|p2a: Great Tusk|Stealth Rock|p1a: Garganacl
|-sidestart|p1: Blastoise_Choice|move: Stealth Rock
|
|-heal|p1a: Garganacl|25/100|[from] item: Leftovers
|upkeep
|turn|13
|
|t:|1776093582
|switch|p1a: Dragonite|Dragonite, M|100/100
|-damage|p1a: Dragonite|76/100|[from] Stealth Rock
|move|p2a: Great Tusk|Headlong Rush|p1a: Dragonite
|-immune|p1a: Dragonite
|
|upkeep
|turn|14
|
|t:|1776093588
|-end|p2a: Great Tusk|Protosynthesis|[silent]
|switch|p2a: Kingambit|Kingambit, M|69/100
|move|p1a: Dragonite|Extreme Speed|p2a: Kingambit
|-resisted|p2a: Kingambit
|-damage|p2a: Kingambit|56/100
|
|-heal|p2a: Kingambit|62/100|[from] item: Leftovers
|upkeep
|turn|15
|
|t:|1776093603
|-end|p2a: Kingambit|fallenundefined|[silent]
|switch|p2a: Enamorus|Enamorus, F|100/100
|move|p1a: Dragonite|Earthquake|p2a: Enamorus
|-immune|p2a: Enamorus
|
|upkeep
|turn|16
|
|t:|1776093609
|-terastallize|p1a: Dragonite|Normal
|move|p1a: Dragonite|Extreme Speed|p2a: Enamorus
|-damage|p2a: Enamorus|4/100
|move|p2a: Enamorus|Moonblast|p1a: Dragonite
|-damage|p1a: Dragonite|22/100
|
|upkeep
|turn|17
|
|t:|1776093618
|switch|p2a: Great Tusk|Great Tusk|10/100
|move|p1a: Dragonite|Extreme Speed|p2a: Great Tusk
|-damage|p2a: Great Tusk|0 fnt
|-damage|p1a: Dragonite|6/100|[from] item: Rocky Helmet|[of] p2a: Great Tusk
|faint|p2a: Great Tusk
|-end|p2a: Great Tusk|Protosynthesis|[silent]
|
|upkeep
|
|t:|1776093622
|switch|p2a: Kingambit|Kingambit, M|62/100
|-activate|p2a: Kingambit|ability: Supreme Overlord
|-start|p2a: Kingambit|fallen1|[silent]
|turn|18
|
|t:|1776093629
|move|p2a: Kingambit|Sucker Punch|p1a: Dragonite
|-damage|p1a: Dragonite|0 fnt
|faint|p1a: Dragonite
|
|-heal|p2a: Kingambit|69/100|[from] item: Leftovers
|upkeep
|
|t:|1776093636
|switch|p1a: Great Tusk|Great Tusk|24/100
|-damage|p1a: Great Tusk|21/100|[from] Stealth Rock
|turn|19
|
|t:|1776093650
|move|p1a: Great Tusk|Headlong Rush|p2a: Kingambit
|-supereffective|p2a: Kingambit
|-damage|p2a: Kingambit|0 fnt
|-unboost|p1a: Great Tusk|def|1
|-unboost|p1a: Great Tusk|spd|1
|faint|p2a: Kingambit
|-end|p2a: Kingambit|fallen1|[silent]
|
|upkeep
|
|t:|1776093659
|switch|p2a: Ogerpon|Ogerpon-Wellspring, F|100/100
|turn|20
|
|t:|1776093665
|move|p2a: Ogerpon|Ivy Cudgel|p1a: Great Tusk|[anim] Ivy Cudgel Water
|-supereffective|p1a: Great Tusk
|-damage|p1a: Great Tusk|0 fnt
|faint|p1a: Great Tusk
|-end|p1a: Great Tusk|Protosynthesis|[silent]
|
|upkeep
|j| Metallic Symphony
|
|t:|1776093671
|switch|p1a: Tornadus|Tornadus-Therian, M, shiny|94/100
|-damage|p1a: Tornadus|69/100|[from] Stealth Rock
|turn|21
|
|t:|1776093678
|-terastallize|p2a: Ogerpon|Water
|detailschange|p2a: Ogerpon|Ogerpon-Wellspring-Tera, F, tera:Water
|-ability|p2a: Ogerpon|Embody Aspect (Wellspring)|boost
|-boost|p2a: Ogerpon|spd|1
|move|p1a: Tornadus|U-turn|p2a: Ogerpon
|-damage|p2a: Ogerpon|80/100
|
|t:|1776093684
|switch|p1a: Garganacl|Garganacl, F|25/100|[from] U-turn
|-damage|p1a: Garganacl|13/100|[from] Stealth Rock
|move|p2a: Ogerpon|Ivy Cudgel|p1a: Garganacl|[anim] Ivy Cudgel Water
|-supereffective|p1a: Garganacl
|-damage|p1a: Garganacl|0 fnt
|faint|p1a: Garganacl
|
|upkeep
|
|t:|1776093690
|switch|p1a: Hatterene|Hatterene, F|100/100
|-damage|p1a: Hatterene|88/100|[from] Stealth Rock
|turn|22
|
|t:|1776093697
|switch|p2a: Slowking|Slowking-Galar, M|64/100
|move|p1a: Hatterene|Nuzzle|p2a: Slowking
|-damage|p2a: Slowking|61/100
|-status|p2a: Slowking|par
|
|upkeep
|turn|23
|
|t:|1776093703
|move|p1a: Hatterene|Future Sight|p2a: Slowking
|-start|p1a: Hatterene|move: Future Sight
|move|p2a: Slowking|Sludge Bomb|p1a: Hatterene
|-supereffective|p1a: Hatterene
|-damage|p1a: Hatterene|20/100
|
|upkeep
|turn|24
|
|t:|1776093707
|switch|p1a: Tornadus|Tornadus-Therian, M, shiny|100/100
|-damage|p1a: Tornadus|76/100|[from] Stealth Rock
|move|p2a: Slowking|Sludge Bomb|p1a: Tornadus
|-damage|p1a: Tornadus|52/100
|
|upkeep
|turn|25
|
|t:|1776093711
|move|p1a: Tornadus|Bleakwind Storm|p2a: Slowking
|-damage|p2a: Slowking|44/100 par
|-unboost|p2a: Slowking|spe|1
|cant|p2a: Slowking|par
|
|-end|p2a: Slowking|move: Future Sight
|-crit|p2a: Slowking
|-damage|p2a: Slowking|2/100 par
|upkeep
|turn|26
|
|t:|1776093718
|switch|p2a: Raging Bolt|Raging Bolt|100/100
|-enditem|p2a: Raging Bolt|Booster Energy
|-activate|p2a: Raging Bolt|ability: Protosynthesis|[fromitem]
|-start|p2a: Raging Bolt|protosynthesisspa
|move|p1a: Tornadus|Bleakwind Storm|p2a: Raging Bolt
|-resisted|p2a: Raging Bolt
|-damage|p2a: Raging Bolt|83/100
|
|upkeep
|turn|27
|
|t:|1776093725
|move|p1a: Tornadus|Bleakwind Storm|p2a: Raging Bolt
|-resisted|p2a: Raging Bolt
|-damage|p2a: Raging Bolt|65/100
|-unboost|p2a: Raging Bolt|spe|1
|move|p2a: Raging Bolt|Calm Mind|p2a: Raging Bolt
|-boost|p2a: Raging Bolt|spa|1
|-boost|p2a: Raging Bolt|spd|1
|
|upkeep
|turn|28
|
|t:|1776093732
|switch|p1a: Darkrai|Darkrai|100/100
|-damage|p1a: Darkrai|88/100|[from] Stealth Rock
|move|p2a: Raging Bolt|Thunderclap||[still]
|-fail|p2a: Raging Bolt
|
|upkeep
|turn|29
|
|t:|1776093741
|move|p2a: Raging Bolt|Thunderclap|p1a: Darkrai
|-damage|p1a: Darkrai|0 fnt
|faint|p1a: Darkrai
|
|upkeep
|
|t:|1776093747
|switch|p1a: Tornadus|Tornadus-Therian, M, shiny|85/100
|-damage|p1a: Tornadus|60/100|[from] Stealth Rock
|turn|30
|
|t:|1776093753
|move|p2a: Raging Bolt|Thunderclap|p1a: Tornadus
|-supereffective|p1a: Tornadus
|-damage|p1a: Tornadus|0 fnt
|faint|p1a: Tornadus
|
|upkeep
|
|t:|1776093759
|switch|p1a: Hatterene|Hatterene, F|20/100
|-damage|p1a: Hatterene|7/100|[from] Stealth Rock
|turn|31
|j| Kaiohkenx1
|j| gfitzy
|
|t:|1776093776
|move|p2a: Raging Bolt|Thunderbolt|p1a: Hatterene
|-damage|p1a: Hatterene|0 fnt
|faint|p1a: Hatterene
|
|win|Erenicko.
|raw|Blastoise_Choice's rating: 1716 &rarr; <strong>1699</strong><br />(-17 for losing)
|raw|Erenicko.'s rating: 1777 &rarr; <strong>1794</strong><br />(+17 for winning)
|c|☆Blastoise_Choice|gg
|l| gfitzy
|l| nonchalantbufalant
|l|☆Erenicko.
|player|p2|
