|html|<div class="broadcast-blue"><strong>[Gen 9] OU is currently suspecting Tera Blast! For information on how to participate check out the <a href="https://www.smogon.com/tools/suspects/view/200">suspect thread</a>.</strong></div>
|j|☆jibreel69
|j|☆viutil
|t:|1776168590
|gametype|singles
|player|p1|jibreel69|benga|1556
|player|p2|viutil|102|1519
|gen|9
|tier|[Gen 9] OU
|rated|
|rule|HP Percentage Mod: HP is shown in percentages
|rule|Endless Battle Clause: Forcing endless battles is banned
|rule|Species Clause: Limit one of each Pokémon
|rule|OHKO Clause: OHKO moves are banned
|rule|Evasion Items Clause: Evasion items are banned
|rule|Evasion Moves Clause: Evasion moves are banned
|rule|Evasion Abilities Clause: Evasion abilities are banned
|rule|Sleep Moves Clause: Sleep-inducing moves are banned
|clearpoke
|poke|p1|Deoxys-Speed|
|poke|p1|Iron Valiant|
|poke|p1|Ogerpon-Wellspring, F|
|poke|p1|Ting-Lu|
|poke|p1|Iron Moth|
|poke|p1|Kingambit, M|
|poke|p2|Landorus-Therian, M|
|poke|p2|Great Tusk|
|poke|p2|Dragapult, M|
|poke|p2|Tyranitar, M|
|poke|p2|Zapdos|
|poke|p2|Hatterene, F|
|teampreview
|j| kanaete onegai
|
|t:|1776168627
|teamsize|p1|6
|teamsize|p2|6
|start
|switch|p1a: the resistance|Ting-Lu|100/100
|switch|p2a: Landorus|Landorus-Therian, M|100/100
|-ability|p2a: Landorus|Intimidate|boost
|-unboost|p1a: the resistance|atk|1
|-ability|p1a: the resistance|Vessel of Ruin
|turn|1
|inactive|Battle timer is ON: inactive players will automatically lose when time's up. (requested by viutil)
|
|t:|1776168641
|move|p2a: Landorus|U-turn|p1a: the resistance
|-supereffective|p1a: the resistance
|-damage|p1a: the resistance|72/100
|-enditem|p1a: the resistance|Weakness Policy
|-boost|p1a: the resistance|atk|2|[from] item: Weakness Policy
|-boost|p1a: the resistance|spa|2|[from] item: Weakness Policy
|
|t:|1776168644
|switch|p2a: Hatterene|Hatterene, F|100/100|[from] U-turn
|move|p1a: the resistance|Heavy Slam|p2a: Hatterene
|-supereffective|p2a: Hatterene
|-crit|p2a: Hatterene
|-damage|p2a: Hatterene|0 fnt
|faint|p2a: Hatterene
|
|upkeep
|inactive|viutil has 120 seconds left.
|
|t:|1776168701
|switch|p2a: Tyranitar|Tyranitar, M|100/100
|-weather|Sandstorm|[from] ability: Sand Stream|[of] p2a: Tyranitar
|turn|2
|
|t:|1776168707
|move|p2a: Tyranitar|Ice Punch|p1a: the resistance
|-supereffective|p1a: the resistance
|-crit|p1a: the resistance
|-damage|p1a: the resistance|5/100
|move|p1a: the resistance|Earthquake|p2a: Tyranitar
|-supereffective|p2a: Tyranitar
|-damage|p2a: Tyranitar|5/100
|
|-weather|Sandstorm|[upkeep]
|upkeep
|turn|3
|
|t:|1776168715
|move|p2a: Tyranitar|Ice Punch|p1a: the resistance
|-supereffective|p1a: the resistance
|-damage|p1a: the resistance|0 fnt
|faint|p1a: the resistance
|
|-weather|Sandstorm|[upkeep]
|upkeep
|
|t:|1776168721
|switch|p1a: two words|Iron Moth|100/100
|-enditem|p1a: two words|Booster Energy
|-activate|p1a: two words|ability: Quark Drive|[fromitem]
|-start|p1a: two words|quarkdrivespe
|turn|4
|
|t:|1776168750
|move|p1a: two words|Fiery Dance|p2a: Tyranitar
|-resisted|p2a: Tyranitar
|-damage|p2a: Tyranitar|0 fnt
|-boost|p1a: two words|spa|1
|faint|p2a: Tyranitar
|
|-weather|Sandstorm|[upkeep]
|-damage|p1a: two words|95/100|[from] Sandstorm
|upkeep
|j| heatraniac
|l| heatraniac
|inactive|viutil has 120 seconds left.
|
|t:|1776168761
|switch|p2a: Landorus|Landorus-Therian, M|100/100
|-ability|p2a: Landorus|Intimidate|boost
|-unboost|p1a: two words|atk|1
|turn|5
|
|t:|1776168774
|move|p1a: two words|Toxic Spikes|p2a: Landorus
|-sidestart|p2: viutil|move: Toxic Spikes
|move|p2a: Landorus|Earthquake|p1a: two words
|-supereffective|p1a: two words
|-damage|p1a: two words|0 fnt
|faint|p1a: two words
|-end|p1a: two words|Quark Drive|[silent]
|
|-weather|Sandstorm|[upkeep]
|upkeep
|
|t:|1776168780
|switch|p1a: endless|Ogerpon-Wellspring, F|100/100
|turn|6
|inactive|viutil has 120 seconds left.
|
|t:|1776168810
|-terastallize|p2a: Landorus|Water
|move|p1a: endless|Ivy Cudgel|p2a: Landorus|[anim] Ivy Cudgel Water
|-resisted|p2a: Landorus
|-damage|p2a: Landorus|67/100
|move|p2a: Landorus|U-turn|p1a: endless
|-supereffective|p1a: endless
|-damage|p1a: endless|36/100
|
|t:|1776168818
|switch|p2a: Dragapult|Dragapult, M|100/100|[from] U-turn
|-status|p2a: Dragapult|psn
|
|-weather|none
|-damage|p2a: Dragapult|88/100 psn|[from] psn
|upkeep
|turn|7
|
|t:|1776168827
|move|p2a: Dragapult|U-turn|p1a: endless
|-supereffective|p1a: endless
|-crit|p1a: endless
|-damage|p1a: endless|0 fnt
|faint|p1a: endless
|
|t:|1776168837
|switch|p2a: Landorus|Landorus-Therian, M, tera:Water|67/100|[from] U-turn
|-status|p2a: Landorus|psn
|
|-damage|p2a: Landorus|55/100 psn|[from] psn
|upkeep
|
|t:|1776168853
|switch|p1a: neon guts|Iron Valiant|100/100
|-enditem|p1a: neon guts|Booster Energy
|-activate|p1a: neon guts|ability: Quark Drive|[fromitem]
|-start|p1a: neon guts|quarkdrivespe
|turn|8
|
|t:|1776168860
|move|p1a: neon guts|Thunderbolt|p2a: Landorus
|-supereffective|p2a: Landorus
|-damage|p2a: Landorus|0 fnt
|faint|p2a: Landorus
|
|upkeep
|
|t:|1776168870
|switch|p2a: Zapdos|Zapdos|100/100
|turn|9
|
|t:|1776168878
|-terastallize|p1a: neon guts|Electric
|move|p1a: neon guts|Substitute|p1a: neon guts
|-start|p1a: neon guts|Substitute
|-damage|p1a: neon guts|76/100
|move|p2a: Zapdos|Thunderbolt|p1a: neon guts
|-resisted|p1a: neon guts
|-end|p1a: neon guts|Substitute
|
|upkeep
|turn|10
|
|t:|1776168887
|move|p1a: neon guts|Calm Mind|p1a: neon guts
|-boost|p1a: neon guts|spa|1
|-boost|p1a: neon guts|spd|1
|move|p2a: Zapdos|Heat Wave|p1a: neon guts
|-damage|p1a: neon guts|31/100
|
|upkeep
|turn|11
|
|t:|1776168895
|move|p1a: neon guts|Moonblast|p2a: Zapdos
|-damage|p2a: Zapdos|38/100
|move|p2a: Zapdos|Heat Wave|p1a: neon guts
|-damage|p1a: neon guts|0 fnt
|faint|p1a: neon guts
|-end|p1a: neon guts|Quark Drive|[silent]
|
|upkeep
|
|t:|1776168901
|switch|p1a: diced pineapples|Deoxys-Speed|100/100
|-ability|p1a: diced pineapples|Pressure
|turn|12
|
|t:|1776168907
|move|p1a: diced pineapples|Psycho Boost|p2a: Zapdos
|-damage|p2a: Zapdos|0 fnt
|-unboost|p1a: diced pineapples|spa|2
|faint|p2a: Zapdos
|-damage|p1a: diced pineapples|91/100|[from] item: Life Orb
|
|upkeep
|
|t:|1776168923
|switch|p2a: Dragapult|Dragapult, M|88/100 psn
|turn|13
|
|t:|1776168931
|move|p1a: diced pineapples|Knock Off|p2a: Dragapult
|-supereffective|p2a: Dragapult
|-damage|p2a: Dragapult|0 fnt
|-enditem|p2a: Dragapult|Choice Specs|[from] move: Knock Off|[of] p1a: diced pineapples
|faint|p2a: Dragapult
|-damage|p1a: diced pineapples|81/100|[from] item: Life Orb
|
|upkeep
|
|t:|1776168934
|switch|p2a: Great Tusk|Great Tusk|100/100
|-status|p2a: Great Tusk|psn
|turn|14
|
|t:|1776168941
|move|p1a: diced pineapples|Psycho Boost|p2a: Great Tusk
|-supereffective|p2a: Great Tusk
|-damage|p2a: Great Tusk|0 fnt
|-unboost|p1a: diced pineapples|spa|2
|faint|p2a: Great Tusk
|-end|p2a: Great Tusk|Protosynthesis|[silent]
|-damage|p1a: diced pineapples|71/100|[from] item: Life Orb
|
|win|jibreel69
|raw|jibreel69's rating: 1556 &rarr; <strong>1574</strong><br />(+18 for winning)
|raw|viutil's rating: 1519 &rarr; <strong>1501</strong><br />(-18 for losing)
|l|☆viutil
|player|p2|
