|html|<div class="broadcast-blue"><strong>[Gen 9] OU is currently suspecting Tera Blast! For information on how to participate check out the <a href="https://www.smogon.com/tools/suspects/view/200">suspect thread</a>.</strong></div>
|j|☆iblamecigar
|j|☆SlNGULARlTY
|t:|1776219052
|gametype|singles
|player|p1|iblamecigar|gambler|1356
|player|p2|SlNGULARlTY|koga|1405
|gen|9
|tier|[Gen 9] OU
|rated|
|rule|HP Percentage Mod: HP is shown in percentages
|rule|Endless Battle Clause: Forcing endless battles is banned
|rule|Species Clause: Limit one of each Pokémon
|rule|OHKO Clause: OHKO moves are banned
|rule|Evasion Items Clause: Evasion items are banned
|rule|Evasion Moves Clause: Evasion moves are banned
|rule|Evasion Abilities Clause: Evasion abilities are banned
|rule|Sleep Moves Clause: Sleep-inducing moves are banned
|clearpoke
|poke|p1|Great Tusk|
|poke|p1|Kingambit, F|
|poke|p1|Dragonite, M|
|poke|p1|Gholdengo|
|poke|p1|Ogerpon-Wellspring, F|
|poke|p1|Iron Moth|
|poke|p2|Raging Bolt|
|poke|p2|Darkrai|
|poke|p2|Zamazenta-*|
|poke|p2|Gholdengo|
|poke|p2|Alomomola, M|
|poke|p2|Ogerpon-Wellspring, F|
|teampreview
|inactive|Battle timer is ON: inactive players will automatically lose when time's up. (requested by SlNGULARlTY)
|inactive|iblamecigar also wants the timer to be on.
|
|t:|1776219067
|teamsize|p1|6
|teamsize|p2|6
|start
|switch|p1a: Great Tusk|Great Tusk|100/100
|switch|p2a: Gholdengo|Gholdengo|100/100
|-item|p2a: Gholdengo|Air Balloon
|turn|1
|
|t:|1776219073
|move|p1a: Great Tusk|Ice Spinner|p2a: Gholdengo
|-resisted|p2a: Gholdengo
|-damage|p2a: Gholdengo|86/100
|-enditem|p2a: Gholdengo|Air Balloon
|move|p2a: Gholdengo|Make It Rain|p1a: Great Tusk
|-damage|p1a: Great Tusk|1/100
|-unboost|p2a: Gholdengo|spa|1
|
|upkeep
|turn|2
|
|t:|1776219080
|-end|p1a: Great Tusk|Protosynthesis|[silent]
|switch|p1a: Iron Moth|Iron Moth|100/100
|-enditem|p1a: Iron Moth|Booster Energy
|-activate|p1a: Iron Moth|ability: Quark Drive|[fromitem]
|-start|p1a: Iron Moth|quarkdrivespe
|switch|p2a: Ogerpon|Ogerpon-Wellspring, F|100/100
|
|upkeep
|turn|3
|
|t:|1776219087
|switch|p2a: Alomomola|Alomomola, M|100/100
|-terastallize|p1a: Iron Moth|Water
|move|p1a: Iron Moth|Fiery Dance|p2a: Alomomola
|-resisted|p2a: Alomomola
|-damage|p2a: Alomomola|91/100
|-boost|p1a: Iron Moth|spa|1
|
|upkeep
|turn|4
|
|t:|1776219093
|move|p1a: Iron Moth|Sludge Wave|p2a: Alomomola
|-damage|p2a: Alomomola|54/100
|move|p2a: Alomomola|Body Slam|p1a: Iron Moth
|-damage|p1a: Iron Moth|72/100
|
|upkeep
|turn|5
|
|t:|1776219098
|move|p1a: Iron Moth|Sludge Wave|p2a: Alomomola
|-damage|p2a: Alomomola|13/100
|move|p2a: Alomomola|Mirror Coat|p1a: Iron Moth
|-damage|p1a: Iron Moth|0 fnt
|faint|p1a: Iron Moth
|-end|p1a: Iron Moth|Quark Drive|[silent]
|
|upkeep
|
|t:|1776219103
|switch|p1a: Great Tusk|Great Tusk|1/100
|turn|6
|
|t:|1776219112
|switch|p2a: Ogerpon|Ogerpon-Wellspring, F|100/100
|move|p1a: Great Tusk|Stealth Rock|p2a: Ogerpon
|-sidestart|p2: SlNGULARlTY|move: Stealth Rock
|
|upkeep
|turn|7
|
|t:|1776219116
|move|p2a: Ogerpon|Trailblaze|p1a: Great Tusk
|-supereffective|p1a: Great Tusk
|-damage|p1a: Great Tusk|0 fnt
|-boost|p2a: Ogerpon|spe|1
|-damage|p2a: Ogerpon|84/100|[from] item: Rocky Helmet|[of] p1a: Great Tusk
|faint|p1a: Great Tusk
|-end|p1a: Great Tusk|Protosynthesis|[silent]
|
|upkeep
|
|t:|1776219119
|switch|p1a: Gholdengo|Gholdengo|100/100
|turn|8
|
|t:|1776219123
|move|p2a: Ogerpon|Swords Dance|p2a: Ogerpon
|-boost|p2a: Ogerpon|atk|2
|move|p1a: Gholdengo|Trick||[still]
|-fail|p1a: Gholdengo
|
|upkeep
|turn|9
|c|☆iblamecigar|fuck
|c|☆iblamecigar|i forgot u cant do that to wellspring mask
|-message|iblamecigar forfeited.
|
|win|SlNGULARlTY
|raw|iblamecigar's rating: 1356 &rarr; <strong>1339</strong><br />(-17 for losing)
|raw|SlNGULARlTY's rating: 1405 &rarr; <strong>1422</strong><br />(+17 for winning)
