|html|<div class="broadcast-blue"><strong>[Gen 9] OU is currently suspecting Tera Blast! For information on how to participate check out the <a href="https://www.smogon.com/tools/suspects/view/200">suspect thread</a>.</strong></div>
|j|☆roddyj
|j|☆Luceo
|t:|1776055479
|gametype|singles
|player|p1|roddyj|ethan|1558
|player|p2|Luceo|cynthia-masters4|1518
|gen|9
|tier|[Gen 9] OU
|rated|
|rule|HP Percentage Mod: HP is shown in percentages
|rule|Endless Battle Clause: Forcing endless battles is banned
|rule|Species Clause: Limit one of each Pokémon
|rule|OHKO Clause: OHKO moves are banned
|rule|Evasion Items Clause: Evasion items are banned
|rule|Evasion Moves Clause: Evasion moves are banned
|rule|Evasion Abilities Clause: Evasion abilities are banned
|rule|Sleep Moves Clause: Sleep-inducing moves are banned
|clearpoke
|poke|p1|Alomomola, F|
|poke|p1|Ursaluna, F|
|poke|p1|Goodra-Hisui, M|
|poke|p1|Weezing-Galar, M|
|poke|p1|Articuno-Galar|
|poke|p1|Iron Crown|
|poke|p2|Deoxys-Speed|
|poke|p2|Ogerpon-Wellspring, F|
|poke|p2|Iron Moth|
|poke|p2|Gholdengo|
|poke|p2|Great Tusk|
|poke|p2|Dragonite, F|
|teampreview
|inactive|Battle timer is ON: inactive players will automatically lose when time's up. (requested by Luceo)
|inactive|Luceo has 120 seconds left.
|
|t:|1776055510
|teamsize|p1|6
|teamsize|p2|6
|start
|switch|p1a: Articuno|Articuno-Galar, shiny|100/100
|switch|p2a: Deoxys|Deoxys-Speed|100/100
|-ability|p2a: Deoxys|Pressure
|turn|1
|
|t:|1776055514
|move|p2a: Deoxys|Taunt|p1a: Articuno
|-start|p1a: Articuno|move: Taunt
|cant|p1a: Articuno|move: Taunt|Agility
|
|upkeep
|turn|2
|
|t:|1776055519
|switch|p1a: Goodra|Goodra-Hisui, M, shiny|100/100
|move|p2a: Deoxys|Stealth Rock|p1a: Goodra
|-sidestart|p1: roddyj|move: Stealth Rock
|
|upkeep
|turn|3
|
|t:|1776055525
|move|p2a: Deoxys|Ice Beam|p1a: Goodra
|-damage|p1a: Goodra|89/100
|move|p1a: Goodra|Knock Off|p2a: Deoxys
|-supereffective|p2a: Deoxys
|-damage|p2a: Deoxys|31/100
|-enditem|p2a: Deoxys|Focus Sash|[from] move: Knock Off|[of] p1a: Goodra
|
|upkeep
|turn|4
|
|t:|1776055530
|move|p2a: Deoxys|Ice Beam|p1a: Goodra
|-crit|p1a: Goodra
|-damage|p1a: Goodra|73/100
|move|p1a: Goodra|Knock Off|p2a: Deoxys
|-supereffective|p2a: Deoxys
|-damage|p2a: Deoxys|0 fnt
|faint|p2a: Deoxys
|
|upkeep
|
|t:|1776055543
|switch|p2a: Great Tusk|Great Tusk|100/100
|-enditem|p2a: Great Tusk|Booster Energy
|-activate|p2a: Great Tusk|ability: Protosynthesis|[fromitem]
|-start|p2a: Great Tusk|protosynthesisatk
|turn|5
|
|t:|1776055558
|switch|p1a: Alomomola|Alomomola, F, shiny|100/100
|-damage|p1a: Alomomola|88/100|[from] Stealth Rock
|move|p2a: Great Tusk|Ice Spinner|p1a: Alomomola
|-resisted|p1a: Alomomola
|-damage|p1a: Alomomola|78/100
|-damage|p2a: Great Tusk|84/100|[from] item: Rocky Helmet|[of] p1a: Alomomola
|
|upkeep
|turn|6
|
|t:|1776055569
|-end|p2a: Great Tusk|Protosynthesis|[silent]
|switch|p2a: Ogerpon|Ogerpon-Wellspring, F|100/100
|move|p1a: Alomomola|Wish|p1a: Alomomola
|
|upkeep
|turn|7
|
|t:|1776055572
|switch|p1a: Goodra|Goodra-Hisui, M, shiny|73/100
|-damage|p1a: Goodra|67/100|[from] Stealth Rock
|move|p2a: Ogerpon|Encore||[still]
|-fail|p2a: Ogerpon
|
|-heal|p1a: Goodra|100/100|[from] move: Wish|[wisher] Alomomola
|upkeep
|turn|8
|
|t:|1776055577
|move|p2a: Ogerpon|Spikes|p1a: Goodra
|-sidestart|p1: roddyj|Spikes
|move|p1a: Goodra|Acid Spray|p2a: Ogerpon
|-supereffective|p2a: Ogerpon
|-damage|p2a: Ogerpon|67/100
|-unboost|p2a: Ogerpon|spd|2
|
|upkeep
|turn|9
|
|t:|1776055581
|switch|p2a: Great Tusk|Great Tusk|84/100
|move|p1a: Goodra|Dragon Pulse|p2a: Great Tusk
|-damage|p2a: Great Tusk|23/100
|
|upkeep
|turn|10
|
|t:|1776055586
|switch|p1a: Alomomola|Alomomola, F, shiny|100/100
|-damage|p1a: Alomomola|88/100|[from] Stealth Rock
|-damage|p1a: Alomomola|76/100|[from] Spikes
|move|p2a: Great Tusk|Headlong Rush|p1a: Alomomola
|-damage|p1a: Alomomola|41/100
|-unboost|p2a: Great Tusk|def|1
|-unboost|p2a: Great Tusk|spd|1
|-damage|p2a: Great Tusk|6/100|[from] item: Rocky Helmet|[of] p1a: Alomomola
|
|upkeep
|turn|11
|
|t:|1776055591
|-end|p2a: Great Tusk|Protosynthesis|[silent]
|switch|p2a: Ogerpon|Ogerpon-Wellspring, F|67/100
|move|p1a: Alomomola|Wish|p1a: Alomomola
|
|upkeep
|turn|12
|
|t:|1776055600
|switch|p1a: Goodra|Goodra-Hisui, M, shiny|100/100
|-damage|p1a: Goodra|94/100|[from] Stealth Rock
|-damage|p1a: Goodra|82/100|[from] Spikes
|move|p2a: Ogerpon|Knock Off|p1a: Goodra
|-damage|p1a: Goodra|47/100
|-ability|p1a: Goodra|Gooey
|-unboost|p2a: Ogerpon|spe|1
|-enditem|p1a: Goodra|Assault Vest|[from] move: Knock Off|[of] p2a: Ogerpon
|
|-heal|p1a: Goodra|100/100|[from] move: Wish|[wisher] Alomomola
|upkeep
|turn|13
|
|t:|1776055610
|move|p2a: Ogerpon|Spikes|p1a: Goodra
|-sidestart|p1: roddyj|Spikes
|move|p1a: Goodra|Dragon Pulse|p2a: Ogerpon
|-damage|p2a: Ogerpon|12/100
|
|upkeep
|turn|14
|
|t:|1776055615
|switch|p2a: Gholdengo|Gholdengo|100/100
|move|p1a: Goodra|Dragon Pulse|p2a: Gholdengo
|-resisted|p2a: Gholdengo
|-crit|p2a: Gholdengo
|-damage|p2a: Gholdengo|62/100
|
|upkeep
|turn|15
|
|t:|1776055628
|switch|p2a: Great Tusk|Great Tusk|6/100
|move|p1a: Goodra|Flamethrower|p2a: Great Tusk
|-damage|p2a: Great Tusk|0 fnt
|faint|p2a: Great Tusk
|-end|p2a: Great Tusk|Protosynthesis|[silent]
|
|upkeep
|
|t:|1776055632
|switch|p2a: Dragonite|Dragonite, F|100/100
|turn|16
|
|t:|1776055636
|switch|p1a: Weezing|Weezing-Galar, M, shiny|100/100
|-damage|p1a: Weezing|88/100|[from] Stealth Rock
|move|p2a: Dragonite|Earthquake|p1a: Weezing
|-immune|p1a: Weezing|[from] ability: Levitate
|
|-heal|p1a: Weezing|94/100|[from] item: Leftovers
|upkeep
|turn|17
|
|t:|1776055641
|switch|p2a: Gholdengo|Gholdengo|62/100
|move|p1a: Weezing|Strange Steam|p2a: Gholdengo
|-resisted|p2a: Gholdengo
|-damage|p2a: Gholdengo|46/100
|
|-heal|p1a: Weezing|99/100|[from] item: Leftovers
|upkeep
|turn|18
|
|t:|1776055655
|switch|p2a: Dragonite|Dragonite, F|100/100
|switch|p1a: Alomomola|Alomomola, F, shiny|75/100
|-damage|p1a: Alomomola|62/100|[from] Stealth Rock
|-damage|p1a: Alomomola|46/100|[from] Spikes
|
|upkeep
|turn|19
|
|t:|1776055658
|-terastallize|p2a: Dragonite|Normal
|move|p2a: Dragonite|Extreme Speed|p1a: Alomomola
|-damage|p1a: Alomomola|7/100
|-damage|p2a: Dragonite|84/100|[from] item: Rocky Helmet|[of] p1a: Alomomola
|move|p1a: Alomomola|Wish|p1a: Alomomola
|
|upkeep
|turn|20
|
|t:|1776055665
|switch|p1a: Weezing|Weezing-Galar, M, shiny|99/100
|-damage|p1a: Weezing|88/100|[from] Stealth Rock
|move|p2a: Dragonite|Extreme Speed|p1a: Weezing
|-damage|p1a: Weezing|43/100
|
|-heal|p1a: Weezing|100/100|[from] move: Wish|[wisher] Alomomola
|upkeep
|turn|21
|
|t:|1776055671
|switch|p2a: Iron Moth|Iron Moth|100/100
|-enditem|p2a: Iron Moth|Booster Energy
|-activate|p2a: Iron Moth|ability: Quark Drive|[fromitem]
|-start|p2a: Iron Moth|quarkdrivespe
|switch|p1a: Goodra|Goodra-Hisui, M, shiny|100/100
|-damage|p1a: Goodra|94/100|[from] Stealth Rock
|-damage|p1a: Goodra|78/100|[from] Spikes
|
|upkeep
|turn|22
|
|t:|1776055674
|move|p2a: Iron Moth|Fiery Dance|p1a: Goodra
|-damage|p1a: Goodra|50/100
|-boost|p2a: Iron Moth|spa|1
|move|p1a: Goodra|Acid Spray|p2a: Iron Moth
|-resisted|p2a: Iron Moth
|-crit|p2a: Iron Moth
|-damage|p2a: Iron Moth|90/100
|-unboost|p2a: Iron Moth|spd|2
|
|upkeep
|turn|23
|
|t:|1776055681
|move|p2a: Iron Moth|Fiery Dance|p1a: Goodra
|-damage|p1a: Goodra|8/100
|move|p1a: Goodra|Dragon Pulse|p2a: Iron Moth
|-damage|p2a: Iron Moth|13/100
|
|upkeep
|turn|24
|
|t:|1776055687
|move|p2a: Iron Moth|Fiery Dance|p1a: Goodra
|-damage|p1a: Goodra|0 fnt
|-boost|p2a: Iron Moth|spa|1
|faint|p1a: Goodra
|
|upkeep
|
|t:|1776055696
|switch|p1a: Ursaluna|Ursaluna, F, shiny|100/100
|-damage|p1a: Ursaluna|94/100|[from] Stealth Rock
|-damage|p1a: Ursaluna|78/100|[from] Spikes
|turn|25
|
|t:|1776055700
|-terastallize|p1a: Ursaluna|Normal
|move|p2a: Iron Moth|Fiery Dance|p1a: Ursaluna
|-damage|p1a: Ursaluna|12/100
|move|p1a: Ursaluna|Facade|p2a: Iron Moth
|-damage|p2a: Iron Moth|0 fnt
|faint|p2a: Iron Moth
|-end|p2a: Iron Moth|Quark Drive|[silent]
|
|-status|p1a: Ursaluna|brn|[from] item: Flame Orb
|upkeep
|
|t:|1776055713
|switch|p2a: Ogerpon|Ogerpon-Wellspring, F|12/100
|turn|26
|
|t:|1776055719
|switch|p1a: Alomomola|Alomomola, F, shiny|40/100
|-damage|p1a: Alomomola|28/100|[from] Stealth Rock
|-damage|p1a: Alomomola|11/100|[from] Spikes
|move|p2a: Ogerpon|Knock Off|p1a: Alomomola
|-damage|p1a: Alomomola|0 fnt
|-damage|p2a: Ogerpon|0 fnt|[from] item: Rocky Helmet|[of] p1a: Alomomola
|faint|p1a: Alomomola
|faint|p2a: Ogerpon
|
|upkeep
|
|t:|1776055726
|switch|p2a: Gholdengo|Gholdengo|46/100
|switch|p1a: Ursaluna|Ursaluna, F, shiny, tera:Normal|12/100 brn
|-damage|p1a: Ursaluna|0 fnt|[from] Stealth Rock
|faint|p1a: Ursaluna
|
|t:|1776055730
|switch|p1a: Articuno|Articuno-Galar, shiny|100/100
|-damage|p1a: Articuno|76/100|[from] Stealth Rock
|turn|27
|
|t:|1776055733
|move|p2a: Gholdengo|Shadow Ball|p1a: Articuno
|-supereffective|p1a: Articuno
|-damage|p1a: Articuno|0 fnt
|faint|p1a: Articuno
|
|upkeep
|
|t:|1776055739
|switch|p1a: Iron Crown|Iron Crown|100/100
|-damage|p1a: Iron Crown|94/100|[from] Stealth Rock
|-damage|p1a: Iron Crown|78/100|[from] Spikes
|turn|28
|
|t:|1776055744
|move|p2a: Gholdengo|Shadow Ball|p1a: Iron Crown
|-supereffective|p1a: Iron Crown
|-damage|p1a: Iron Crown|9/100
|-enditem|p1a: Iron Crown|Weakness Policy
|-boost|p1a: Iron Crown|atk|2|[from] item: Weakness Policy
|-boost|p1a: Iron Crown|spa|2|[from] item: Weakness Policy
|move|p1a: Iron Crown|Agility|p1a: Iron Crown
|-boost|p1a: Iron Crown|spe|2
|
|upkeep
|turn|29
|
|t:|1776055764
|move|p1a: Iron Crown|Stored Power|p2a: Gholdengo
|-resisted|p2a: Gholdengo
|-damage|p2a: Gholdengo|0 fnt
|faint|p2a: Gholdengo
|
|upkeep
|
|t:|1776055766
|switch|p2a: Dragonite|Dragonite, F, tera:Normal|84/100
|turn|30
|
|t:|1776055768
|move|p2a: Dragonite|Extreme Speed|p1a: Iron Crown
|-resisted|p1a: Iron Crown
|-damage|p1a: Iron Crown|0 fnt
|faint|p1a: Iron Crown
|-end|p1a: Iron Crown|Quark Drive|[silent]
|
|upkeep
|
|t:|1776055770
|switch|p1a: Weezing|Weezing-Galar, M, shiny|100/100
|-damage|p1a: Weezing|88/100|[from] Stealth Rock
|turn|31
|
|t:|1776055774
|move|p2a: Dragonite|Extreme Speed|p1a: Weezing
|-damage|p1a: Weezing|45/100
|move|p1a: Weezing|Acid Spray|p2a: Dragonite
|-damage|p2a: Dragonite|72/100
|-unboost|p2a: Dragonite|spd|2
|
|-heal|p1a: Weezing|51/100|[from] item: Leftovers
|upkeep
|turn|32
|
|t:|1776055783
|move|p2a: Dragonite|Extreme Speed|p1a: Weezing
|-damage|p1a: Weezing|8/100
|move|p1a: Weezing|Strange Steam|p2a: Dragonite
|-damage|p2a: Dragonite|16/100
|-start|p2a: Dragonite|confusion
|
|-heal|p1a: Weezing|14/100|[from] item: Leftovers
|upkeep
|turn|33
|
|t:|1776055786
|-activate|p2a: Dragonite|confusion
|move|p2a: Dragonite|Extreme Speed|p1a: Weezing
|-damage|p1a: Weezing|0 fnt
|faint|p1a: Weezing
|
|win|Luceo
|raw|roddyj's rating: 1558 &rarr; <strong>1536</strong><br />(-22 for losing)
|raw|Luceo's rating: 1518 &rarr; <strong>1540</strong><br />(+22 for winning)
|l|☆roddyj
|player|p1|
|l|☆Luceo
|player|p2|
