|html|<div class="broadcast-blue"><strong>[Gen 9] OU is currently suspecting Tera Blast! For information on how to participate check out the <a href="https://www.smogon.com/tools/suspects/view/200">suspect thread</a>.</strong></div>
|j|☆nadavermelho
|j|☆fddfdf
|t:|1776314323
|gametype|singles
|player|p1|nadavermelho|furisodegirl-pink|1396
|player|p2|fddfdf|cynthia|1460
|gen|9
|tier|[Gen 9] OU
|rated|
|rule|HP Percentage Mod: HP is shown in percentages
|rule|Endless Battle Clause: Forcing endless battles is banned
|rule|Species Clause: Limit one of each Pokémon
|rule|OHKO Clause: OHKO moves are banned
|rule|Evasion Items Clause: Evasion items are banned
|rule|Evasion Moves Clause: Evasion moves are banned
|rule|Evasion Abilities Clause: Evasion abilities are banned
|rule|Sleep Moves Clause: Sleep-inducing moves are banned
|clearpoke
|poke|p1|Kingambit, F|
|poke|p1|Dragonite, F|
|poke|p1|Deoxys-Speed|
|poke|p1|Iron Valiant|
|poke|p1|Slowking-Galar, M|
|poke|p1|Iron Moth|
|poke|p2|Lycanroc-Dusk, M|
|poke|p2|Gholdengo|
|poke|p2|Ribombee, F|
|poke|p2|Alomomola, M|
|poke|p2|Glimmora, F|
|poke|p2|Zamazenta-*|
|teampreview
|inactive|Battle timer is ON: inactive players will automatically lose when time's up. (requested by fddfdf)
|j| couchthulhu
|
|t:|1776314351
|teamsize|p1|6
|teamsize|p2|6
|start
|switch|p1a: Akaiz-speed|Deoxys-Speed|100/100
|switch|p2a: Ribombee|Ribombee, F|100/100
|-ability|p1a: Akaiz-speed|Pressure
|turn|1
|
|t:|1776314360
|move|p1a: Akaiz-speed|Stealth Rock|p2a: Ribombee
|-sidestart|p2: fddfdf|move: Stealth Rock
|move|p2a: Ribombee|Sticky Web|p1a: Akaiz-speed
|-sidestart|p1: nadavermelho|move: Sticky Web
|
|upkeep
|turn|2
|
|t:|1776314376
|move|p1a: Akaiz-speed|Knock Off|p2a: Ribombee
|-resisted|p2a: Ribombee
|-damage|p2a: Ribombee|78/100
|-enditem|p2a: Ribombee|Focus Sash|[from] move: Knock Off|[of] p1a: Akaiz-speed
|move|p2a: Ribombee|U-turn|p1a: Akaiz-speed
|-supereffective|p1a: Akaiz-speed
|-damage|p1a: Akaiz-speed|71/100
|
|t:|1776314388
|switch|p2a: Gholdengo|Gholdengo|100/100|[from] U-turn
|-damage|p2a: Gholdengo|94/100|[from] Stealth Rock
|
|upkeep
|turn|3
|
|t:|1776314399
|move|p1a: Akaiz-speed|Knock Off|p2a: Gholdengo
|-supereffective|p2a: Gholdengo
|-damage|p2a: Gholdengo|45/100
|-enditem|p2a: Gholdengo|Choice Specs|[from] move: Knock Off|[of] p1a: Akaiz-speed
|move|p2a: Gholdengo|Dazzling Gleam|p1a: Akaiz-speed
|-damage|p1a: Akaiz-speed|29/100
|
|upkeep
|turn|4
|
|t:|1776314415
|move|p1a: Akaiz-speed|Knock Off|p2a: Gholdengo
|-supereffective|p2a: Gholdengo
|-damage|p2a: Gholdengo|13/100
|move|p2a: Gholdengo|Shadow Ball|p1a: Akaiz-speed
|-supereffective|p1a: Akaiz-speed
|-damage|p1a: Akaiz-speed|0 fnt
|faint|p1a: Akaiz-speed
|
|upkeep
|inactive|nadavermelho has 120 seconds left.
|
|t:|1776314460
|switch|p1a: Metal Moth|Iron Moth|100/100
|-activate|p1a: Metal Moth|move: Sticky Web
|-unboost|p1a: Metal Moth|spe|1
|-enditem|p1a: Metal Moth|Booster Energy
|-activate|p1a: Metal Moth|ability: Quark Drive|[fromitem]
|-start|p1a: Metal Moth|quarkdrivespa
|turn|5
|
|t:|1776314469
|switch|p2a: Alomomola|Alomomola, M|100/100
|-damage|p2a: Alomomola|88/100|[from] Stealth Rock
|move|p1a: Metal Moth|Fiery Dance|p2a: Alomomola
|-resisted|p2a: Alomomola
|-damage|p2a: Alomomola|74/100
|-boost|p1a: Metal Moth|spa|1
|
|upkeep
|turn|6
|
|t:|1776314478
|move|p1a: Metal Moth|Substitute|p1a: Metal Moth
|-start|p1a: Metal Moth|Substitute
|-damage|p1a: Metal Moth|76/100
|move|p2a: Alomomola|Mirror Coat||[still]
|-fail|p2a: Alomomola
|
|upkeep
|turn|7
|
|t:|1776314486
|move|p1a: Metal Moth|Sludge Wave|p2a: Alomomola
|-damage|p2a: Alomomola|19/100
|move|p2a: Alomomola|Flip Turn|p1a: Metal Moth
|-supereffective|p1a: Metal Moth
|-end|p1a: Metal Moth|Substitute
|
|t:|1776314494
|switch|p2a: Lycanroc|Lycanroc-Dusk, M|100/100|[from] Flip Turn
|-damage|p2a: Lycanroc|88/100|[from] Stealth Rock
|
|upkeep
|turn|8
|inactive|nadavermelho has 120 seconds left.
|
|t:|1776314512
|move|p2a: Lycanroc|Accelerock|p1a: Metal Moth
|-supereffective|p1a: Metal Moth
|-damage|p1a: Metal Moth|0 fnt
|faint|p1a: Metal Moth
|-end|p1a: Metal Moth|Quark Drive|[silent]
|-damage|p2a: Lycanroc|78/100|[from] item: Life Orb
|
|upkeep
|
|t:|1776314520
|switch|p1a: Pandonite|Dragonite, F|100/100
|turn|9
|
|t:|1776314538
|move|p2a: Lycanroc|Accelerock|p1a: Pandonite
|-supereffective|p1a: Pandonite
|-crit|p1a: Pandonite
|-damage|p1a: Pandonite|36/100
|-damage|p2a: Lycanroc|68/100|[from] item: Life Orb
|move|p1a: Pandonite|Dragon Dance|p1a: Pandonite
|-boost|p1a: Pandonite|atk|1
|-boost|p1a: Pandonite|spe|1
|
|upkeep
|turn|10
|
|t:|1776314548
|-terastallize|p1a: Pandonite|Normal
|move|p1a: Pandonite|Extreme Speed|p2a: Lycanroc
|-resisted|p2a: Lycanroc
|-damage|p2a: Lycanroc|5/100
|move|p2a: Lycanroc|Accelerock|p1a: Pandonite
|-damage|p1a: Pandonite|0 fnt
|faint|p1a: Pandonite
|-damage|p2a: Lycanroc|0 fnt|[from] item: Life Orb
|faint|p2a: Lycanroc
|
|upkeep
|inactive|nadavermelho has 120 seconds left.
|
|t:|1776314561
|switch|p2a: Glimmora|Glimmora, F|100/100
|switch|p1a: Slowhufe|Slowking-Galar, M|100/100
|-damage|p2a: Glimmora|88/100|[from] Stealth Rock
|-item|p2a: Glimmora|Air Balloon
|turn|11
|
|t:|1776314569
|move|p2a: Glimmora|Mortal Spin|p1a: Slowhufe
|-resisted|p1a: Slowhufe
|-damage|p1a: Slowhufe|97/100
|-sideend|p2: fddfdf|Stealth Rock|[from] move: Mortal Spin|[of] p2a: Glimmora
|move|p1a: Slowhufe|Future Sight|p2a: Glimmora
|-start|p1a: Slowhufe|move: Future Sight
|
|upkeep
|turn|12
|
|t:|1776314577
|move|p2a: Glimmora|Earth Power|p1a: Slowhufe
|-supereffective|p1a: Slowhufe
|-damage|p1a: Slowhufe|45/100
|-prepare|p1a: Slowhufe|Chilly Reception|[premajor]
|move|p1a: Slowhufe|Chilly Reception|p1a: Slowhufe
|-weather|Snowscape
|
|t:|1776314584
|switch|p1a: Iron Nowar|Iron Valiant|100/100|[from] Chilly Reception
|-activate|p1a: Iron Nowar|move: Sticky Web
|-unboost|p1a: Iron Nowar|spe|1
|-enditem|p1a: Iron Nowar|Booster Energy
|-activate|p1a: Iron Nowar|ability: Quark Drive|[fromitem]
|-start|p1a: Iron Nowar|quarkdrivespa
|
|-weather|Snowscape|[upkeep]
|upkeep
|turn|13
|
|t:|1776314598
|move|p2a: Glimmora|Sludge Wave|p1a: Iron Nowar
|-supereffective|p1a: Iron Nowar
|-damage|p1a: Iron Nowar|0 fnt
|faint|p1a: Iron Nowar
|-end|p1a: Iron Nowar|Quark Drive|[silent]
|
|-weather|Snowscape|[upkeep]
|-end|p2a: Glimmora|move: Future Sight
|-supereffective|p2a: Glimmora
|-damage|p2a: Glimmora|0 fnt
|-enditem|p2a: Glimmora|Air Balloon
|faint|p2a: Glimmora
|upkeep
|
|t:|1776314618
|switch|p1a: Slowhufe|Slowking-Galar, M|78/100
|switch|p2a: Gholdengo|Gholdengo|13/100
|turn|14
|
|t:|1776314633
|move|p2a: Gholdengo|Shadow Ball|p1a: Slowhufe
|-supereffective|p1a: Slowhufe
|-damage|p1a: Slowhufe|2/100
|move|p1a: Slowhufe|Psyshock|p2a: Gholdengo
|-resisted|p2a: Gholdengo
|-damage|p2a: Gholdengo|0 fnt
|faint|p2a: Gholdengo
|
|-weather|Snowscape|[upkeep]
|upkeep
|
|t:|1776314651
|switch|p2a: Ribombee|Ribombee, F|78/100
|turn|15
|
|t:|1776314656
|move|p2a: Ribombee|U-turn|p1a: Slowhufe
|-damage|p1a: Slowhufe|0 fnt
|faint|p1a: Slowhufe
|
|t:|1776314661
|switch|p2a: Zamazenta|Zamazenta|100/100|[from] U-turn
|-ability|p2a: Zamazenta|Dauntless Shield|boost
|-boost|p2a: Zamazenta|def|1
|
|-weather|Snowscape|[upkeep]
|upkeep
|
|t:|1776314663
|switch|p1a: Crowgambit|Kingambit, F|100/100
|-activate|p1a: Crowgambit|move: Sticky Web
|-unboost|p1a: Crowgambit|spe|1
|-activate|p1a: Crowgambit|ability: Supreme Overlord
|-start|p1a: Crowgambit|fallen5|[silent]
|turn|16
|
|t:|1776314679
|move|p2a: Zamazenta|Body Press|p1a: Crowgambit
|-supereffective|p1a: Crowgambit
|-damage|p1a: Crowgambit|0 fnt
|faint|p1a: Crowgambit
|-end|p1a: Crowgambit|fallen5|[silent]
|
|win|fddfdf
|raw|nadavermelho's rating: 1396 &rarr; <strong>1380</strong><br />(-16 for losing)
|raw|fddfdf's rating: 1460 &rarr; <strong>1476</strong><br />(+16 for winning)
|l|☆nadavermelho
|player|p1|
|l| couchthulhu
