|html|<div class="broadcast-blue"><strong>[Gen 9] OU is currently suspecting Tera Blast! For information on how to participate check out the <a href="https://www.smogon.com/tools/suspects/view/200">suspect thread</a>.</strong></div>
|j|☆ElectivireGoat
|j|☆terablastbrrrrrrrr
|t:|1776093219
|gametype|singles
|player|p1|ElectivireGoat|volkner|1331
|player|p2|terablastbrrrrrrrr|2|1280
|gen|9
|tier|[Gen 9] OU
|rated|
|rule|HP Percentage Mod: HP is shown in percentages
|rule|Endless Battle Clause: Forcing endless battles is banned
|rule|Species Clause: Limit one of each Pokémon
|rule|OHKO Clause: OHKO moves are banned
|rule|Evasion Items Clause: Evasion items are banned
|rule|Evasion Moves Clause: Evasion moves are banned
|rule|Evasion Abilities Clause: Evasion abilities are banned
|rule|Sleep Moves Clause: Sleep-inducing moves are banned
|clearpoke
|poke|p1|Araquanid, M|
|poke|p1|Electivire, M|
|poke|p1|Volcanion|
|poke|p1|Gholdengo|
|poke|p1|Latias, F|
|poke|p1|Great Tusk|
|poke|p2|Kyurem|
|poke|p2|Iron Moth|
|poke|p2|Kingambit, M|
|poke|p2|Landorus-Therian, M|
|poke|p2|Hatterene, F|
|poke|p2|Zamazenta-*|
|teampreview
|inactive|Battle timer is ON: inactive players will automatically lose when time's up. (requested by terablastbrrrrrrrr)
|
|t:|1776093234
|teamsize|p1|6
|teamsize|p2|6
|start
|switch|p1a: Araqnuanid|Araquanid, M, shiny|100/100
|switch|p2a: Landorus|Landorus-Therian, M|100/100
|-ability|p2a: Landorus|Intimidate|boost
|-unboost|p1a: Araqnuanid|atk|1
|turn|1
|
|t:|1776093240
|move|p2a: Landorus|Stone Edge|p1a: Araqnuanid
|-supereffective|p1a: Araqnuanid
|-damage|p1a: Araqnuanid|36/100
|move|p1a: Araqnuanid|Liquidation|p2a: Landorus
|-supereffective|p2a: Landorus
|-damage|p2a: Landorus|20/100
|-unboost|p2a: Landorus|def|1
|-damage|p1a: Araqnuanid|19/100|[from] item: Rocky Helmet|[of] p2a: Landorus
|
|upkeep
|turn|2
|
|t:|1776093251
|move|p2a: Landorus|Earthquake|p1a: Araqnuanid
|-resisted|p1a: Araqnuanid
|-damage|p1a: Araqnuanid|0 fnt
|faint|p1a: Araqnuanid
|
|upkeep
|
|t:|1776093257
|switch|p1a: Alex Voltanovski|Electivire, M|100/100
|turn|3
|
|t:|1776093268
|move|p1a: Alex Voltanovski|Trailblaze|p2a: Landorus
|-damage|p2a: Landorus|0 fnt
|-boost|p1a: Alex Voltanovski|spe|1
|-damage|p1a: Alex Voltanovski|84/100|[from] item: Rocky Helmet|[of] p2a: Landorus
|faint|p2a: Landorus
|-damage|p1a: Alex Voltanovski|74/100|[from] item: Life Orb
|
|upkeep
|
|t:|1776093272
|switch|p2a: Hatterene|Hatterene, F|100/100
|turn|4
|
|t:|1776093278
|move|p1a: Alex Voltanovski|Supercell Slam|p2a: Hatterene
|-damage|p2a: Hatterene|46/100
|-damage|p1a: Alex Voltanovski|64/100|[from] item: Life Orb
|move|p2a: Hatterene|Dazzling Gleam|p1a: Alex Voltanovski
|-damage|p1a: Alex Voltanovski|14/100
|
|upkeep
|turn|5
|
|t:|1776093286
|move|p1a: Alex Voltanovski|Supercell Slam|p2a: Hatterene
|-damage|p2a: Hatterene|0 fnt
|faint|p2a: Hatterene
|-damage|p1a: Alex Voltanovski|4/100|[from] item: Life Orb
|
|upkeep
|
|t:|1776093294
|switch|p2a: Iron Moth|Iron Moth|100/100
|-enditem|p2a: Iron Moth|Booster Energy
|-activate|p2a: Iron Moth|ability: Quark Drive|[fromitem]
|-start|p2a: Iron Moth|quarkdrivespe
|turn|6
|
|t:|1776093299
|move|p2a: Iron Moth|Fiery Dance|p1a: Alex Voltanovski
|-damage|p1a: Alex Voltanovski|0 fnt
|faint|p1a: Alex Voltanovski
|
|upkeep
|
|t:|1776093306
|switch|p1a: Booster Ghold|Gholdengo|100/100
|-item|p1a: Booster Ghold|Air Balloon
|turn|7
|
|t:|1776093314
|-terastallize|p1a: Booster Ghold|Water
|move|p2a: Iron Moth|Fiery Dance|p1a: Booster Ghold
|-resisted|p1a: Booster Ghold
|-damage|p1a: Booster Ghold|78/100
|-boost|p2a: Iron Moth|spa|1
|-enditem|p1a: Booster Ghold|Air Balloon
|move|p1a: Booster Ghold|Thunder Wave|p2a: Iron Moth
|-status|p2a: Iron Moth|par
|
|upkeep
|turn|8
|
|t:|1776093322
|cant|p2a: Iron Moth|par
|move|p1a: Booster Ghold|Hex|p2a: Iron Moth
|-damage|p2a: Iron Moth|23/100 par
|
|upkeep
|turn|9
|
|t:|1776093329
|cant|p2a: Iron Moth|par
|move|p1a: Booster Ghold|Hex|p2a: Iron Moth
|-damage|p2a: Iron Moth|0 fnt
|faint|p2a: Iron Moth
|-end|p2a: Iron Moth|Quark Drive|[silent]
|
|upkeep
|
|t:|1776093353
|switch|p2a: Zamazenta|Zamazenta|100/100
|-ability|p2a: Zamazenta|Dauntless Shield|boost
|-boost|p2a: Zamazenta|def|1
|turn|10
|
|t:|1776093356
|move|p2a: Zamazenta|Substitute|p2a: Zamazenta
|-start|p2a: Zamazenta|Substitute
|-damage|p2a: Zamazenta|76/100
|move|p1a: Booster Ghold|Thunder Wave||[still]
|-fail|p1a: Booster Ghold
|
|-heal|p2a: Zamazenta|82/100|[from] item: Leftovers
|upkeep
|turn|11
|
|t:|1776093362
|move|p2a: Zamazenta|Iron Defense|p2a: Zamazenta
|-boost|p2a: Zamazenta|def|2
|move|p1a: Booster Ghold|Hex|p2a: Zamazenta
|-end|p2a: Zamazenta|Substitute
|
|-heal|p2a: Zamazenta|88/100|[from] item: Leftovers
|upkeep
|turn|12
|
|t:|1776093368
|move|p2a: Zamazenta|Substitute|p2a: Zamazenta
|-start|p2a: Zamazenta|Substitute
|-damage|p2a: Zamazenta|63/100
|move|p1a: Booster Ghold|Hex|p2a: Zamazenta
|-end|p2a: Zamazenta|Substitute
|
|-heal|p2a: Zamazenta|69/100|[from] item: Leftovers
|upkeep
|turn|13
|
|t:|1776093374
|move|p2a: Zamazenta|Iron Defense|p2a: Zamazenta
|-boost|p2a: Zamazenta|def|2
|move|p1a: Booster Ghold|Thunder Wave|p2a: Zamazenta
|-status|p2a: Zamazenta|par
|
|-heal|p2a: Zamazenta|75/100 par|[from] item: Leftovers
|upkeep
|turn|14
|
|t:|1776093378
|move|p1a: Booster Ghold|Hex|p2a: Zamazenta
|-damage|p2a: Zamazenta|14/100 par
|move|p2a: Zamazenta|Body Press|p1a: Booster Ghold
|-damage|p1a: Booster Ghold|0 fnt
|faint|p1a: Booster Ghold
|
|-heal|p2a: Zamazenta|20/100 par|[from] item: Leftovers
|upkeep
|
|t:|1776093390
|switch|p1a: Windblade|Latias, F|100/100
|turn|15
|
|t:|1776093393
|move|p1a: Windblade|Agility|p1a: Windblade
|-boost|p1a: Windblade|spe|2
|cant|p2a: Zamazenta|par
|
|-heal|p2a: Zamazenta|26/100 par|[from] item: Leftovers
|upkeep
|turn|16
|
|t:|1776093399
|move|p1a: Windblade|Stored Power|p2a: Zamazenta
|-supereffective|p2a: Zamazenta
|-damage|p2a: Zamazenta|0 fnt
|faint|p2a: Zamazenta
|
|upkeep
|
|t:|1776093401
|switch|p2a: Kingambit|Kingambit, M|100/100
|-activate|p2a: Kingambit|ability: Supreme Overlord
|-start|p2a: Kingambit|fallen4|[silent]
|turn|17
|
|t:|1776093406
|move|p1a: Windblade|Aura Sphere|p2a: Kingambit
|-supereffective|p2a: Kingambit
|-damage|p2a: Kingambit|15/100
|move|p2a: Kingambit|Iron Head|p1a: Windblade
|-damage|p1a: Windblade|46/100
|
|-heal|p2a: Kingambit|21/100|[from] item: Leftovers
|upkeep
|turn|18
|
|t:|1776093414
|switch|p1a: Volcanion|Volcanion|100/100
|move|p2a: Kingambit|Sucker Punch||[still]
|-fail|p2a: Kingambit
|
|-heal|p2a: Kingambit|27/100|[from] item: Leftovers
|upkeep
|turn|19
|
|t:|1776093419
|move|p2a: Kingambit|Sucker Punch|p1a: Volcanion
|-damage|p1a: Volcanion|56/100
|move|p1a: Volcanion|Flamethrower|p2a: Kingambit
|-supereffective|p2a: Kingambit
|-damage|p2a: Kingambit|0 fnt
|faint|p2a: Kingambit
|-end|p2a: Kingambit|fallen4|[silent]
|
|-heal|p1a: Volcanion|62/100|[from] item: Leftovers
|upkeep
|
|t:|1776093423
|switch|p2a: Kyurem|Kyurem|100/100
|-ability|p2a: Kyurem|Pressure
|turn|20
|
|t:|1776093427
|move|p2a: Kyurem|Dragon Dance|p2a: Kyurem
|-boost|p2a: Kyurem|atk|1
|-boost|p2a: Kyurem|spe|1
|move|p1a: Volcanion|Flamethrower|p2a: Kyurem
|-damage|p2a: Kyurem|53/100
|-status|p2a: Kyurem|brn
|
|-heal|p1a: Volcanion|68/100|[from] item: Leftovers
|-damage|p2a: Kyurem|47/100 brn|[from] brn
|upkeep
|turn|21
|
|t:|1776093437
|move|p2a: Kyurem|Scale Shot|p1a: Volcanion
|-damage|p1a: Volcanion|60/100
|-damage|p1a: Volcanion|53/100
|-damage|p1a: Volcanion|46/100
|-damage|p1a: Volcanion|39/100
|-damage|p1a: Volcanion|30/100
|-hitcount|p1a: Volcanion|5
|-unboost|p2a: Kyurem|def|1
|-boost|p2a: Kyurem|spe|1
|move|p1a: Volcanion|Flamethrower|p2a: Kyurem
|-damage|p2a: Kyurem|3/100 brn
|
|-heal|p1a: Volcanion|36/100|[from] item: Leftovers
|-damage|p2a: Kyurem|0 fnt|[from] brn
|faint|p2a: Kyurem
|
|win|ElectivireGoat
|raw|ElectivireGoat's rating: 1331 &rarr; <strong>1348</strong><br />(+17 for winning)
|raw|terablastbrrrrrrrr's rating: 1280 &rarr; <strong>1259</strong><br />(-21 for losing)
|l|☆terablastbrrrrrrrr
|player|p2|
|l|☆ElectivireGoat
|player|p1|
