|html|<div class="broadcast-blue"><strong>[Gen 9] OU is currently suspecting Volcarona! For information on how to participate check out the <a href="https://www.smogon.com/tools/suspects/view/208">suspect thread</a>.</strong></div>
|j|☆NotSoEpicTrainer
|j|☆lupalla
|t:|1778505236
|gametype|singles
|player|p1|NotSoEpicTrainer|collector|1094
|player|p2|lupalla|unknown|1127
|gen|9
|tier|[Gen 9] OU
|rated|
|rule|HP Percentage Mod: HP is shown in percentages
|rule|Endless Battle Clause: Forcing endless battles is banned
|rule|Species Clause: Limit one of each Pokémon
|rule|OHKO Clause: OHKO moves are banned
|rule|Evasion Items Clause: Evasion items are banned
|rule|Evasion Moves Clause: Evasion moves are banned
|rule|Evasion Abilities Clause: Evasion abilities are banned
|rule|Sleep Moves Clause: Sleep-inducing moves are banned
|clearpoke
|poke|p1|Meowscarada, F|
|poke|p1|Cinderace, M|
|poke|p1|Regieleki|
|poke|p1|Samurott-Hisui, M|
|poke|p1|Lokix, F|
|poke|p1|Landorus-Therian, M|
|poke|p2|Donphan, L25, M|
|poke|p2|Cinccino, M|
|poke|p2|Ribombee, M|
|poke|p2|Oricorio-Pom-Pom, F|
|poke|p2|Azumarill, F|
|poke|p2|Whimsicott, M|
|teampreview
|inactive|Battle timer is ON: inactive players will automatically lose when time's up. (requested by NotSoEpicTrainer)
|inactive|lupalla also wants the timer to be on.
|
|t:|1778505260
|teamsize|p1|6
|teamsize|p2|6
|start
|switch|p1a: Meowscarada|Meowscarada, F|100/100
|switch|p2a: Ribombee|Ribombee, M|100/100
|turn|1
|
|t:|1778505271
|move|p2a: Ribombee|Pollen Puff|p1a: Meowscarada
|-supereffective|p1a: Meowscarada
|-damage|p1a: Meowscarada|0 fnt
|faint|p1a: Meowscarada
|
|upkeep
|
|t:|1778505277
|switch|p1a: Cinderace|Cinderace, M|100/100
|turn|2
|
|t:|1778505284
|switch|p2a: Azumarill|Azumarill, F|100/100
|move|p1a: Cinderace|Pyro Ball|p2a: Azumarill
|-resisted|p2a: Azumarill
|-damage|p2a: Azumarill|69/100
|
|upkeep
|turn|3
|
|t:|1778505289
|move|p1a: Cinderace|U-turn|p2a: Azumarill
|-start|p1a: Cinderace|typechange|Bug|[from] ability: Libero
|-resisted|p2a: Azumarill
|-damage|p2a: Azumarill|51/100
|
|t:|1778505293
|switch|p1a: Lokix|Lokix, F|100/100|[from] U-turn
|move|p2a: Azumarill|Belly Drum|p2a: Azumarill
|-damage|p2a: Azumarill|1/100
|-setboost|p2a: Azumarill|atk|6|[from] move: Belly Drum
|-enditem|p2a: Azumarill|Sitrus Berry|[eat]
|-heal|p2a: Azumarill|26/100|[from] item: Sitrus Berry
|
|upkeep
|turn|4
|
|t:|1778505300
|move|p1a: Lokix|First Impression|p2a: Azumarill
|-resisted|p2a: Azumarill
|-damage|p2a: Azumarill|0 fnt
|faint|p2a: Azumarill
|
|upkeep
|
|t:|1778505314
|switch|p2a: Cinccino|Cinccino, M, shiny|100/100
|turn|5
|
|t:|1778505322
|switch|p1a: Landorus|Landorus-Therian, M|100/100
|-ability|p1a: Landorus|Intimidate|boost
|-unboost|p2a: Cinccino|atk|1
|move|p2a: Cinccino|Tail Slap|p1a: Landorus
|-damage|p1a: Landorus|91/100
|-damage|p2a: Cinccino|84/100|[from] item: Rocky Helmet|[of] p1a: Landorus
|-damage|p1a: Landorus|81/100
|-damage|p2a: Cinccino|68/100|[from] item: Rocky Helmet|[of] p1a: Landorus
|-damage|p1a: Landorus|72/100
|-damage|p2a: Cinccino|51/100|[from] item: Rocky Helmet|[of] p1a: Landorus
|-damage|p1a: Landorus|62/100
|-damage|p2a: Cinccino|35/100|[from] item: Rocky Helmet|[of] p1a: Landorus
|-damage|p1a: Landorus|52/100
|-damage|p2a: Cinccino|18/100|[from] item: Rocky Helmet|[of] p1a: Landorus
|-hitcount|p1a: Landorus|5
|
|upkeep
|turn|6
|
|t:|1778505332
|move|p2a: Cinccino|Triple Axel|p1a: Landorus
|-supereffective|p1a: Landorus
|-damage|p1a: Landorus|29/100
|-damage|p2a: Cinccino|2/100|[from] item: Rocky Helmet|[of] p1a: Landorus
|-supereffective|p1a: Landorus
|-damage|p1a: Landorus|0 fnt
|-damage|p2a: Cinccino|0 fnt|[from] item: Rocky Helmet|[of] p1a: Landorus
|faint|p1a: Landorus
|faint|p2a: Cinccino
|-hitcount|p1: Landorus|2
|
|upkeep
|
|t:|1778505345
|switch|p2a: Ribombee|Ribombee, M|100/100
|switch|p1a: Lokix|Lokix, F|100/100
|turn|7
|
|t:|1778505355
|-terastallize|p1a: Lokix|Bug
|move|p1a: Lokix|First Impression|p2a: Ribombee
|-resisted|p2a: Ribombee
|-enditem|p2a: Ribombee|Focus Sash
|-damage|p2a: Ribombee|1/100
|move|p2a: Ribombee|Sticky Web|p1a: Lokix
|-sidestart|p1: NotSoEpicTrainer|move: Sticky Web
|
|upkeep
|turn|8
|
|t:|1778505362
|switch|p1a: Cinderace|Cinderace, M|100/100
|move|p2a: Ribombee|Moonblast|p1a: Cinderace
|-resisted|p1a: Cinderace
|-damage|p1a: Cinderace|74/100
|
|upkeep
|turn|9
|
|t:|1778505373
|move|p2a: Ribombee|Moonblast|p1a: Cinderace
|-resisted|p1a: Cinderace
|-damage|p1a: Cinderace|47/100
|move|p1a: Cinderace|Court Change|p1a: Cinderace
|-start|p1a: Cinderace|typechange|Normal|[from] ability: Libero
|-swapsideconditions
|-activate|p1a: Cinderace|move: Court Change
|
|upkeep
|turn|10
|
|t:|1778505382
|move|p2a: Ribombee|Moonblast|p1a: Cinderace
|-damage|p1a: Cinderace|0 fnt
|faint|p1a: Cinderace
|
|upkeep
|
|t:|1778505387
|switch|p1a: Samurott|Samurott-Hisui, M|100/100
|turn|11
|
|t:|1778505390
|move|p1a: Samurott|Flip Turn|p2a: Ribombee
|-damage|p2a: Ribombee|0 fnt
|faint|p2a: Ribombee
|
|t:|1778505393
|switch|p1a: Lokix|Lokix, F, tera:Bug|100/100|[from] Flip Turn
|
|upkeep
|
|t:|1778505396
|switch|p2a: Donphan|Donphan, L25, M, shiny|100/100
|-activate|p2a: Donphan|move: Sticky Web
|-unboost|p2a: Donphan|spe|1
|turn|12
|
|t:|1778505399
|move|p1a: Lokix|U-turn|p2a: Donphan
|-ability|p2a: Donphan|Sturdy
|-damage|p2a: Donphan|2/100
|
|t:|1778505401
|switch|p1a: Samurott|Samurott-Hisui, M|100/100|[from] U-turn
|move|p2a: Donphan|Endeavor|p1a: Samurott
|-damage|p1a: Samurott|1/100
|-heal|p2a: Donphan|48/100|[from] item: Shell Bell|[of] p1a: Samurott
|
|upkeep
|turn|13
|
|t:|1778505408
|move|p2a: Donphan|Ice Shard|p1a: Samurott
|-resisted|p1a: Samurott
|-damage|p1a: Samurott|0 fnt
|faint|p1a: Samurott
|-heal|p2a: Donphan|49/100|[from] item: Shell Bell|[of] p1: Samurott
|
|upkeep
|
|t:|1778505410
|switch|p1a: Lokix|Lokix, F, tera:Bug|100/100
|turn|14
|
|t:|1778505416
|move|p1a: Lokix|U-turn|p2a: Donphan
|-damage|p2a: Donphan|0 fnt
|faint|p2a: Donphan
|
|t:|1778505418
|switch|p1a: Regieleki|Regieleki|100/100|[from] U-turn
|
|upkeep
|
|t:|1778505423
|switch|p2a: Whimsicott|Whimsicott, M, shiny|100/100
|-activate|p2a: Whimsicott|move: Sticky Web
|-unboost|p2a: Whimsicott|spe|1
|turn|15
|
|t:|1778505428
|move|p2a: Whimsicott|Substitute|p2a: Whimsicott
|-start|p2a: Whimsicott|Substitute
|-damage|p2a: Whimsicott|76/100
|move|p1a: Regieleki|Volt Switch|p2a: Whimsicott
|-resisted|p2a: Whimsicott
|-end|p2a: Whimsicott|Substitute
|
|t:|1778505436
|switch|p1a: Lokix|Lokix, F, tera:Bug|100/100|[from] Volt Switch
|
|-heal|p2a: Whimsicott|82/100|[from] item: Leftovers
|upkeep
|turn|16
|
|t:|1778505444
|move|p1a: Lokix|First Impression|p2a: Whimsicott
|-damage|p2a: Whimsicott|0 fnt
|faint|p2a: Whimsicott
|
|upkeep
|
|t:|1778505446
|switch|p2a: Oricorio|Oricorio-Pom-Pom, F, shiny|100/100
|turn|17
|
|t:|1778505451
|switch|p1a: Regieleki|Regieleki|100/100
|move|p2a: Oricorio|Substitute|p2a: Oricorio
|-start|p2a: Oricorio|Substitute
|-damage|p2a: Oricorio|75/100
|
|upkeep
|turn|18
|
|t:|1778505458
|move|p1a: Regieleki|Thunderbolt|p2a: Oricorio
|-end|p2a: Oricorio|Substitute
|move|p2a: Oricorio|Quiver Dance|p2a: Oricorio
|-boost|p2a: Oricorio|spa|1
|-boost|p2a: Oricorio|spd|1
|-boost|p2a: Oricorio|spe|1
|
|upkeep
|turn|19
|
|t:|1778505477
|move|p1a: Regieleki|Thunderbolt|p2a: Oricorio
|-damage|p2a: Oricorio|2/100
|move|p2a: Oricorio|Quiver Dance|p2a: Oricorio
|-boost|p2a: Oricorio|spa|1
|-boost|p2a: Oricorio|spd|1
|-boost|p2a: Oricorio|spe|1
|
|upkeep
|turn|20
|
|t:|1778505481
|move|p2a: Oricorio|Roost|p2a: Oricorio
|-heal|p2a: Oricorio|52/100
|-singleturn|p2a: Oricorio|move: Roost
|move|p1a: Regieleki|Thunderbolt|p2a: Oricorio
|-resisted|p2a: Oricorio
|-damage|p2a: Oricorio|24/100
|
|upkeep
|turn|21
|
|t:|1778505487
|move|p2a: Oricorio|Roost|p2a: Oricorio
|-heal|p2a: Oricorio|74/100
|-singleturn|p2a: Oricorio|move: Roost
|move|p1a: Regieleki|Thunderbolt|p2a: Oricorio
|-resisted|p2a: Oricorio
|-crit|p2a: Oricorio
|-damage|p2a: Oricorio|0 fnt
|faint|p2a: Oricorio
|
|win|NotSoEpicTrainer
|raw|NotSoEpicTrainer's rating: 1094 &rarr; <strong>1122</strong><br />(+28 for winning)
|raw|lupalla's rating: 1127 &rarr; <strong>1100</strong><br />(-27 for losing)
|l|☆lupalla
|player|p2|
|l|☆NotSoEpicTrainer
|player|p1|
