|html|<div class="broadcast-blue"><strong>[Gen 9] OU is currently suspecting Tera Blast! For information on how to participate check out the <a href="https://www.smogon.com/tools/suspects/view/200">suspect thread</a>.</strong></div>
|j|☆Alpha1Tango88888
|j|☆SpookzyGhost
|t:|1776034141
|gametype|singles
|player|p1|Alpha1Tango88888|fisherman-gen4|1057
|player|p2|SpookzyGhost|169|1059
|gen|9
|tier|[Gen 9] OU
|rated|
|rule|HP Percentage Mod: HP is shown in percentages
|rule|Endless Battle Clause: Forcing endless battles is banned
|rule|Species Clause: Limit one of each Pokémon
|rule|OHKO Clause: OHKO moves are banned
|rule|Evasion Items Clause: Evasion items are banned
|rule|Evasion Moves Clause: Evasion moves are banned
|rule|Evasion Abilities Clause: Evasion abilities are banned
|rule|Sleep Moves Clause: Sleep-inducing moves are banned
|clearpoke
|poke|p1|Great Tusk|
|poke|p1|Deoxys-Speed|
|poke|p1|Landorus-Therian, M|
|poke|p1|Polteageist|
|poke|p1|Minior|
|poke|p1|Sudowoodo, L1, M|
|poke|p2|Grimmsnarl, M|
|poke|p2|Iron Treads|
|poke|p2|Raging Bolt|
|poke|p2|Deoxys-Speed|
|poke|p2|Ogerpon-Wellspring, F|
|poke|p2|Ceruledge, M|
|teampreview
|
|t:|1776034151
|teamsize|p1|6
|teamsize|p2|6
|start
|switch|p1a: Sudowoodo|Sudowoodo, L1, M, shiny|100/100
|switch|p2a: fast as Fuh BOIII|Deoxys-Speed, shiny|100/100
|-ability|p2a: fast as Fuh BOIII|Pressure
|turn|1
|
|t:|1776034163
|move|p2a: fast as Fuh BOIII|Substitute|p2a: fast as Fuh BOIII
|-start|p2a: fast as Fuh BOIII|Substitute
|-damage|p2a: fast as Fuh BOIII|76/100
|move|p1a: Sudowoodo|Endeavor|p2a: fast as Fuh BOIII
|-end|p2a: fast as Fuh BOIII|Substitute
|
|-heal|p2a: fast as Fuh BOIII|82/100|[from] item: Leftovers
|upkeep
|turn|2
|
|t:|1776034180
|move|p2a: fast as Fuh BOIII|Psycho Boost|p1a: Sudowoodo
|-ability|p1a: Sudowoodo|Sturdy
|-damage|p1a: Sudowoodo|9/100
|-unboost|p2a: fast as Fuh BOIII|spa|2
|move|p1a: Sudowoodo|Endeavor|p2a: fast as Fuh BOIII
|-damage|p2a: fast as Fuh BOIII|1/100
|-heal|p1a: Sudowoodo|100/100|[from] item: Shell Bell|[of] p2a: fast as Fuh BOIII
|
|-heal|p2a: fast as Fuh BOIII|7/100|[from] item: Leftovers
|upkeep
|turn|3
|
|t:|1776034193
|move|p1a: Sudowoodo|Sucker Punch|p2a: fast as Fuh BOIII
|-supereffective|p2a: fast as Fuh BOIII
|-damage|p2a: fast as Fuh BOIII|5/100
|move|p2a: fast as Fuh BOIII|Psycho Boost|p1a: Sudowoodo|[miss]
|-miss|p2a: fast as Fuh BOIII|p1a: Sudowoodo
|
|-heal|p2a: fast as Fuh BOIII|12/100|[from] item: Leftovers
|upkeep
|turn|4
|
|t:|1776034213
|move|p1a: Sudowoodo|Protect|p1a: Sudowoodo
|-singleturn|p1a: Sudowoodo|Protect
|move|p2a: fast as Fuh BOIII|Psycho Boost|p1a: Sudowoodo
|-activate|p1a: Sudowoodo|move: Protect
|
|-heal|p2a: fast as Fuh BOIII|18/100|[from] item: Leftovers
|upkeep
|turn|5
|
|t:|1776034224
|move|p1a: Sudowoodo|Sucker Punch|p2a: fast as Fuh BOIII
|-supereffective|p2a: fast as Fuh BOIII
|-damage|p2a: fast as Fuh BOIII|17/100
|move|p2a: fast as Fuh BOIII|Psycho Boost|p1a: Sudowoodo
|-ability|p1a: Sudowoodo|Sturdy
|-damage|p1a: Sudowoodo|9/100
|-unboost|p2a: fast as Fuh BOIII|spa|2
|
|-heal|p2a: fast as Fuh BOIII|23/100|[from] item: Leftovers
|upkeep
|turn|6
|
|t:|1776034252
|move|p1a: Sudowoodo|Endure|p1a: Sudowoodo
|-singleturn|p1a: Sudowoodo|move: Endure
|move|p2a: fast as Fuh BOIII|Psycho Boost|p1a: Sudowoodo
|-activate|p1a: Sudowoodo|move: Endure
|-damage|p1a: Sudowoodo|9/100
|-unboost|p2a: fast as Fuh BOIII|spa|2
|
|-heal|p2a: fast as Fuh BOIII|30/100|[from] item: Leftovers
|upkeep
|turn|7
|
|t:|1776034286
|move|p1a: Sudowoodo|Protect|p1a: Sudowoodo
|-singleturn|p1a: Sudowoodo|Protect
|move|p2a: fast as Fuh BOIII|Psycho Boost|p1a: Sudowoodo
|-activate|p1a: Sudowoodo|move: Protect
|
|-heal|p2a: fast as Fuh BOIII|36/100|[from] item: Leftovers
|upkeep
|turn|8
|
|t:|1776034294
|move|p1a: Sudowoodo|Endure|p1a: Sudowoodo
|-singleturn|p1a: Sudowoodo|move: Endure
|move|p2a: fast as Fuh BOIII|Psycho Boost|p1a: Sudowoodo
|-activate|p1a: Sudowoodo|move: Endure
|-damage|p1a: Sudowoodo|9/100
|
|-heal|p2a: fast as Fuh BOIII|42/100|[from] item: Leftovers
|upkeep
|turn|9
|
|t:|1776034309
|switch|p2a: 2nd Tower|Raging Bolt|100/100
|-enditem|p2a: 2nd Tower|Booster Energy
|-activate|p2a: 2nd Tower|ability: Protosynthesis|[fromitem]
|-start|p2a: 2nd Tower|protosynthesisspa
|move|p1a: Sudowoodo|Protect||[still]
|-fail|p1a: Sudowoodo
|
|upkeep
|turn|10
|
|t:|1776034317
|move|p1a: Sudowoodo|Endure|p1a: Sudowoodo
|-singleturn|p1a: Sudowoodo|move: Endure
|move|p2a: 2nd Tower|Thunderclap||[still]
|-fail|p2a: 2nd Tower
|
|upkeep
|turn|11
|
|t:|1776034325
|-end|p2a: 2nd Tower|Protosynthesis|[silent]
|switch|p2a: fast as Fuh BOIII|Deoxys-Speed, shiny|42/100
|-ability|p2a: fast as Fuh BOIII|Pressure
|move|p1a: Sudowoodo|Endeavor|p2a: fast as Fuh BOIII
|-damage|p2a: fast as Fuh BOIII|1/100
|-heal|p1a: Sudowoodo|100/100|[from] item: Shell Bell|[of] p2a: fast as Fuh BOIII
|
|-heal|p2a: fast as Fuh BOIII|7/100|[from] item: Leftovers
|upkeep
|turn|12
|
|t:|1776034339
|move|p1a: Sudowoodo|Protect|p1a: Sudowoodo
|-singleturn|p1a: Sudowoodo|Protect
|move|p2a: fast as Fuh BOIII|Psycho Boost|p1a: Sudowoodo
|-activate|p1a: Sudowoodo|move: Protect
|
|-heal|p2a: fast as Fuh BOIII|13/100|[from] item: Leftovers
|upkeep
|turn|13
|
|t:|1776034351
|move|p2a: fast as Fuh BOIII|Focus Blast|p1a: Sudowoodo|[miss]
|-miss|p2a: fast as Fuh BOIII|p1a: Sudowoodo
|move|p1a: Sudowoodo|Endeavor|p2a: fast as Fuh BOIII
|-damage|p2a: fast as Fuh BOIII|5/100
|
|-heal|p2a: fast as Fuh BOIII|12/100|[from] item: Leftovers
|upkeep
|turn|14
|
|t:|1776034366
|switch|p2a: MCR|Ceruledge, M, shiny|100/100
|move|p1a: Sudowoodo|Endure||[still]
|-fail|p1a: Sudowoodo
|
|upkeep
|turn|15
|
|t:|1776034380
|switch|p2a: fast as Fuh BOIII|Deoxys-Speed, shiny|12/100
|-ability|p2a: fast as Fuh BOIII|Pressure
|move|p1a: Sudowoodo|Protect||[still]
|-fail|p1a: Sudowoodo
|
|-heal|p2a: fast as Fuh BOIII|18/100|[from] item: Leftovers
|upkeep
|turn|16
|
|t:|1776034392
|move|p1a: Sudowoodo|Protect|p1a: Sudowoodo
|-singleturn|p1a: Sudowoodo|Protect
|move|p2a: fast as Fuh BOIII|Nasty Plot|p2a: fast as Fuh BOIII
|-boost|p2a: fast as Fuh BOIII|spa|2
|
|-heal|p2a: fast as Fuh BOIII|24/100|[from] item: Leftovers
|upkeep
|turn|17
|
|t:|1776034414
|move|p1a: Sudowoodo|Sucker Punch||[still]
|-fail|p1a: Sudowoodo
|move|p2a: fast as Fuh BOIII|Nasty Plot|p2a: fast as Fuh BOIII
|-boost|p2a: fast as Fuh BOIII|spa|2
|
|-heal|p2a: fast as Fuh BOIII|30/100|[from] item: Leftovers
|upkeep
|turn|18
|
|t:|1776034424
|move|p1a: Sudowoodo|Sucker Punch||[still]
|-fail|p1a: Sudowoodo
|move|p2a: fast as Fuh BOIII|Substitute|p2a: fast as Fuh BOIII
|-start|p2a: fast as Fuh BOIII|Substitute
|-damage|p2a: fast as Fuh BOIII|5/100
|
|-heal|p2a: fast as Fuh BOIII|12/100|[from] item: Leftovers
|upkeep
|turn|19
|
|t:|1776034433
|move|p1a: Sudowoodo|Endure|p1a: Sudowoodo
|-singleturn|p1a: Sudowoodo|move: Endure
|move|p2a: fast as Fuh BOIII|Nasty Plot|p2a: fast as Fuh BOIII
|-boost|p2a: fast as Fuh BOIII|spa|2
|
|-heal|p2a: fast as Fuh BOIII|18/100|[from] item: Leftovers
|upkeep
|turn|20
|
|t:|1776034445
|move|p1a: Sudowoodo|Protect||[still]
|-fail|p1a: Sudowoodo
|move|p2a: fast as Fuh BOIII|Focus Blast|p1a: Sudowoodo
|-supereffective|p1a: Sudowoodo
|-ability|p1a: Sudowoodo|Sturdy
|-damage|p1a: Sudowoodo|9/100
|
|-heal|p2a: fast as Fuh BOIII|24/100|[from] item: Leftovers
|upkeep
|turn|21
|
|t:|1776034457
|move|p1a: Sudowoodo|Protect|p1a: Sudowoodo
|-singleturn|p1a: Sudowoodo|Protect
|move|p2a: fast as Fuh BOIII|Nasty Plot|p2a: fast as Fuh BOIII
|-boost|p2a: fast as Fuh BOIII|spa|0
|
|-heal|p2a: fast as Fuh BOIII|30/100|[from] item: Leftovers
|upkeep
|turn|22
|
|t:|1776034464
|move|p1a: Sudowoodo|Endure||[still]
|-fail|p1a: Sudowoodo
|move|p2a: fast as Fuh BOIII|Focus Blast|p1a: Sudowoodo|[miss]
|-miss|p2a: fast as Fuh BOIII|p1a: Sudowoodo
|
|-heal|p2a: fast as Fuh BOIII|37/100|[from] item: Leftovers
|upkeep
|turn|23
|
|t:|1776034475
|move|p1a: Sudowoodo|Endure|p1a: Sudowoodo
|-singleturn|p1a: Sudowoodo|move: Endure
|move|p2a: fast as Fuh BOIII|Focus Blast|p1a: Sudowoodo|[miss]
|-miss|p2a: fast as Fuh BOIII|p1a: Sudowoodo
|
|-heal|p2a: fast as Fuh BOIII|43/100|[from] item: Leftovers
|upkeep
|turn|24
|
|t:|1776034484
|move|p1a: Sudowoodo|Protect|p1a: Sudowoodo
|-singleturn|p1a: Sudowoodo|Protect
|move|p2a: fast as Fuh BOIII|Focus Blast|p1a: Sudowoodo
|-activate|p1a: Sudowoodo|move: Protect
|
|-heal|p2a: fast as Fuh BOIII|49/100|[from] item: Leftovers
|upkeep
|turn|25
|
|t:|1776034491
|move|p1a: Sudowoodo|Endure||[still]
|-fail|p1a: Sudowoodo
|move|p2a: fast as Fuh BOIII|Nasty Plot|p2a: fast as Fuh BOIII
|-boost|p2a: fast as Fuh BOIII|spa|0
|
|-heal|p2a: fast as Fuh BOIII|55/100|[from] item: Leftovers
|upkeep
|turn|26
|
|t:|1776034506
|move|p1a: Sudowoodo|Endure|p1a: Sudowoodo
|-singleturn|p1a: Sudowoodo|move: Endure
|move|p2a: fast as Fuh BOIII|Nasty Plot|p2a: fast as Fuh BOIII
|-boost|p2a: fast as Fuh BOIII|spa|0
|
|-heal|p2a: fast as Fuh BOIII|61/100|[from] item: Leftovers
|upkeep
|turn|27
|
|t:|1776034518
|move|p1a: Sudowoodo|Protect||[still]
|-fail|p1a: Sudowoodo
|move|p2a: fast as Fuh BOIII|Nasty Plot|p2a: fast as Fuh BOIII
|-boost|p2a: fast as Fuh BOIII|spa|0
|
|-heal|p2a: fast as Fuh BOIII|68/100|[from] item: Leftovers
|upkeep
|turn|28
|
|t:|1776034533
|move|p1a: Sudowoodo|Endure|p1a: Sudowoodo
|-singleturn|p1a: Sudowoodo|move: Endure
|move|p2a: fast as Fuh BOIII|Focus Blast|p1a: Sudowoodo
|-supereffective|p1a: Sudowoodo
|-activate|p1a: Sudowoodo|move: Endure
|-damage|p1a: Sudowoodo|9/100
|
|-heal|p2a: fast as Fuh BOIII|74/100|[from] item: Leftovers
|upkeep
|turn|29
|
|t:|1776034543
|move|p1a: Sudowoodo|Protect||[still]
|-fail|p1a: Sudowoodo
|move|p2a: fast as Fuh BOIII|Nasty Plot|p2a: fast as Fuh BOIII
|-boost|p2a: fast as Fuh BOIII|spa|0
|
|-heal|p2a: fast as Fuh BOIII|80/100|[from] item: Leftovers
|upkeep
|turn|30
|
|t:|1776034550
|move|p1a: Sudowoodo|Endure|p1a: Sudowoodo
|-singleturn|p1a: Sudowoodo|move: Endure
|move|p2a: fast as Fuh BOIII|Nasty Plot|p2a: fast as Fuh BOIII
|-boost|p2a: fast as Fuh BOIII|spa|0
|
|-heal|p2a: fast as Fuh BOIII|86/100|[from] item: Leftovers
|upkeep
|turn|31
|
|t:|1776034561
|move|p1a: Sudowoodo|Protect||[still]
|-fail|p1a: Sudowoodo
|move|p2a: fast as Fuh BOIII|Focus Blast|p1a: Sudowoodo
|-supereffective|p1a: Sudowoodo
|-crit|p1a: Sudowoodo
|-damage|p1a: Sudowoodo|0 fnt
|faint|p1a: Sudowoodo
|
|-heal|p2a: fast as Fuh BOIII|93/100|[from] item: Leftovers
|upkeep
|c|☆SpookzyGhost|whatb a fight
|
|t:|1776034589
|switch|p1a: Great Tusk|Great Tusk|100/100
|turn|32
|
|t:|1776034597
|move|p2a: fast as Fuh BOIII|Focus Blast|p1a: Great Tusk
|-damage|p1a: Great Tusk|0 fnt
|faint|p1a: Great Tusk
|-end|p1a: Great Tusk|Protosynthesis|[silent]
|
|-heal|p2a: fast as Fuh BOIII|99/100|[from] item: Leftovers
|upkeep
|
|t:|1776034625
|switch|p1a: Deoxys|Deoxys-Speed|100/100
|-ability|p1a: Deoxys|Pressure
|turn|33
|
|t:|1776034646
|switch|p2a: MCR|Ceruledge, M, shiny|100/100
|move|p1a: Deoxys|Dark Pulse|p2a: MCR
|-supereffective|p2a: MCR
|-damage|p2a: MCR|47/100
|
|upkeep
|turn|34
|
|t:|1776034655
|move|p2a: MCR|Shadow Sneak|p1a: Deoxys
|-supereffective|p1a: Deoxys
|-damage|p1a: Deoxys|18/100
|-damage|p2a: MCR|37/100|[from] item: Life Orb
|move|p1a: Deoxys|Dark Pulse|p2a: MCR
|-supereffective|p2a: MCR
|-damage|p2a: MCR|0 fnt
|faint|p2a: MCR
|
|upkeep
|
|t:|1776034662
|switch|p2a: 2nd Tower|Raging Bolt|100/100
|turn|35
|
|t:|1776034679
|move|p2a: 2nd Tower|Thunderclap|p1a: Deoxys
|-damage|p1a: Deoxys|0 fnt
|faint|p1a: Deoxys
|
|upkeep
|
|t:|1776034698
|switch|p1a: Minior|Minior|100/100
|-formechange|p1a: Minior|Minior-Meteor||[from] ability: Shields Down
|turn|36
|
|t:|1776034720
|move|p1a: Minior|Shell Smash|p1a: Minior
|-unboost|p1a: Minior|def|1
|-unboost|p1a: Minior|spd|1
|-boost|p1a: Minior|atk|2
|-boost|p1a: Minior|spa|2
|-boost|p1a: Minior|spe|2
|move|p2a: 2nd Tower|Thunderbolt|p1a: Minior
|-supereffective|p1a: Minior
|-enditem|p1a: Minior|Focus Sash
|-damage|p1a: Minior|1/100
|
|-formechange|p1a: Minior|Minior||[from] ability: Shields Down
|upkeep
|turn|37
|
|t:|1776034740
|move|p2a: 2nd Tower|Thunderclap|p1a: Minior
|-supereffective|p1a: Minior
|-damage|p1a: Minior|0 fnt
|faint|p1a: Minior
|
|upkeep
|c|☆Alpha1Tango88888|stop. using. priority. moves. on. all. your. pokemon.
|
|t:|1776034786
|switch|p1a: Landorus|Landorus-Therian, M|100/100
|-ability|p1a: Landorus|Intimidate|boost
|-unboost|p2a: 2nd Tower|atk|1
|turn|38
|c|☆SpookzyGhost|priority moves good :)
|
|t:|1776034816
|move|p1a: Landorus|Earthquake|p2a: 2nd Tower
|-supereffective|p2a: 2nd Tower
|-damage|p2a: 2nd Tower|7/100
|move|p2a: 2nd Tower|Dragon Pulse|p1a: Landorus
|-damage|p1a: Landorus|37/100
|
|-heal|p1a: Landorus|43/100|[from] item: Leftovers
|upkeep
|turn|39
|
|t:|1776034827
|move|p1a: Landorus|Outrage|p2a: 2nd Tower
|-supereffective|p2a: 2nd Tower
|-damage|p2a: 2nd Tower|0 fnt
|faint|p2a: 2nd Tower
|-end|p2a: 2nd Tower|Protosynthesis|[silent]
|
|-heal|p1a: Landorus|49/100|[from] item: Leftovers
|upkeep
|
|t:|1776034833
|switch|p2a: oop|Ogerpon-Wellspring, F|100/100
|turn|40
|
|t:|1776034850
|-terastallize|p2a: oop|Water
|detailschange|p2a: oop|Ogerpon-Wellspring-Tera, F, tera:Water
|-ability|p2a: oop|Embody Aspect (Wellspring)|boost
|-boost|p2a: oop|spd|1
|move|p2a: oop|Ivy Cudgel|p1a: Landorus|[anim] Ivy Cudgel Water
|-supereffective|p1a: Landorus
|-damage|p1a: Landorus|0 fnt
|faint|p1a: Landorus
|
|upkeep
|
|t:|1776034858
|switch|p1a: Polteageist|Polteageist|100/100
|turn|41
|
|t:|1776034863
|move|p2a: oop|Ivy Cudgel|p1a: Polteageist|[anim] Ivy Cudgel Water
|-enditem|p1a: Polteageist|Focus Sash
|-damage|p1a: Polteageist|1/100
|-ability|p1a: Polteageist|Weak Armor|boost
|-unboost|p1a: Polteageist|def|1
|-boost|p1a: Polteageist|spe|2
|move|p1a: Polteageist|Shell Smash|p1a: Polteageist
|-unboost|p1a: Polteageist|def|1
|-unboost|p1a: Polteageist|spd|1
|-boost|p1a: Polteageist|atk|2
|-boost|p1a: Polteageist|spa|2
|-boost|p1a: Polteageist|spe|2
|
|upkeep
|turn|42
|
|t:|1776034886
|move|p1a: Polteageist|Stored Power|p2a: oop
|-damage|p2a: oop|0 fnt
|faint|p2a: oop
|detailschange|p2: oop|Ogerpon-Wellspring, F|[silent]
|
|upkeep
|
|t:|1776034910
|switch|p2a: Elelelelele|Iron Treads, shiny|100/100
|-enditem|p2a: Elelelelele|Booster Energy
|-activate|p2a: Elelelelele|ability: Quark Drive|[fromitem]
|-start|p2a: Elelelelele|quarkdrivespe
|turn|43
|
|t:|1776034922
|move|p1a: Polteageist|Stored Power|p2a: Elelelelele
|-resisted|p2a: Elelelelele
|-damage|p2a: Elelelelele|7/100
|move|p2a: Elelelelele|Earth Power|p1a: Polteageist
|-damage|p1a: Polteageist|0 fnt
|faint|p1a: Polteageist
|
|win|SpookzyGhost
|raw|Alpha1Tango88888's rating: 1057 &rarr; <strong>1039</strong><br />(-18 for losing)
|raw|SpookzyGhost's rating: 1059 &rarr; <strong>1090</strong><br />(+31 for winning)
|c|☆SpookzyGhost|ggs
|c|☆Alpha1Tango88888|i hate you.
|l|☆Alpha1Tango88888
|player|p1|
|c|☆SpookzyGhost|good
|l|☆SpookzyGhost
|player|p2|
