|html|<div class="broadcast-blue"><strong>[Gen 9] OU is currently suspecting Tera Blast! For information on how to participate check out the <a href="https://www.smogon.com/tools/suspects/view/200">suspect thread</a>.</strong></div>
|j|☆Awandou
|j|☆goredsox69
|t:|1776058944
|gametype|singles
|player|p1|Awandou|1|1458
|player|p2|goredsox69|169|1613
|gen|9
|tier|[Gen 9] OU
|rated|
|rule|HP Percentage Mod: HP is shown in percentages
|rule|Endless Battle Clause: Forcing endless battles is banned
|rule|Species Clause: Limit one of each Pokémon
|rule|OHKO Clause: OHKO moves are banned
|rule|Evasion Items Clause: Evasion items are banned
|rule|Evasion Moves Clause: Evasion moves are banned
|rule|Evasion Abilities Clause: Evasion abilities are banned
|rule|Sleep Moves Clause: Sleep-inducing moves are banned
|clearpoke
|poke|p1|Pelipper, M|
|poke|p1|Greninja-*, M|
|poke|p1|Basculegion, M|
|poke|p1|Zapdos|
|poke|p1|Sandy Shocks|
|poke|p1|Scizor, M|
|poke|p2|Dragonite, F|
|poke|p2|Gholdengo|
|poke|p2|Great Tusk|
|poke|p2|Ting-Lu|
|poke|p2|Ogerpon-Wellspring, F|
|poke|p2|Zamazenta-*|
|teampreview
|
|t:|1776058958
|teamsize|p1|6
|teamsize|p2|6
|start
|switch|p1a: Sandy Shocks|Sandy Shocks|100/100
|switch|p2a: Ogerpon|Ogerpon-Wellspring, F|100/100
|-enditem|p1a: Sandy Shocks|Booster Energy
|-activate|p1a: Sandy Shocks|ability: Protosynthesis|[fromitem]
|-start|p1a: Sandy Shocks|protosynthesisspe
|turn|1
|
|t:|1776058967
|move|p1a: Sandy Shocks|Stealth Rock|p2a: Ogerpon
|-sidestart|p2: goredsox69|move: Stealth Rock
|move|p2a: Ogerpon|Ivy Cudgel|p1a: Sandy Shocks|[anim] Ivy Cudgel Water
|-supereffective|p1a: Sandy Shocks
|-damage|p1a: Sandy Shocks|0 fnt
|faint|p1a: Sandy Shocks
|-end|p1a: Sandy Shocks|Protosynthesis|[silent]
|
|upkeep
|
|t:|1776058976
|switch|p1a: Scizor|Scizor, M|100/100
|turn|2
|
|t:|1776058983
|move|p2a: Ogerpon|U-turn|p1a: Scizor
|-resisted|p1a: Scizor
|-damage|p1a: Scizor|86/100
|
|t:|1776058990
|switch|p2a: Great Tusk|Great Tusk|100/100|[from] U-turn
|-damage|p2a: Great Tusk|98/100|[from] Stealth Rock
|-enditem|p2a: Great Tusk|Booster Energy
|-activate|p2a: Great Tusk|ability: Protosynthesis|[fromitem]
|-start|p2a: Great Tusk|protosynthesisatk
|move|p1a: Scizor|U-turn|p2a: Great Tusk
|-resisted|p2a: Great Tusk
|-damage|p2a: Great Tusk|84/100
|
|t:|1776059000
|switch|p1a: Zapdos|Zapdos|100/100|[from] U-turn
|
|upkeep
|turn|3
|
|t:|1776059005
|-terastallize|p2a: Great Tusk|Ice
|move|p1a: Zapdos|Hurricane|p2a: Great Tusk|[miss]
|-miss|p1a: Zapdos|p2a: Great Tusk
|move|p2a: Great Tusk|Ice Spinner|p1a: Zapdos
|-supereffective|p1a: Zapdos
|-damage|p1a: Zapdos|7/100
|
|upkeep
|turn|4
|
|t:|1776059017
|move|p1a: Zapdos|Thunder|p2a: Great Tusk
|-damage|p2a: Great Tusk|9/100
|move|p2a: Great Tusk|Rapid Spin|p1a: Zapdos
|-damage|p1a: Zapdos|0 fnt
|-boost|p2a: Great Tusk|spe|1
|-status|p2a: Great Tusk|par|[from] ability: Static|[of] p1a: Zapdos
|-sideend|p2: goredsox69|Stealth Rock|[from] move: Rapid Spin|[of] p2a: Great Tusk
|faint|p1a: Zapdos
|
|upkeep
|
|t:|1776059028
|switch|p1a: Scizor|Scizor, M|86/100
|turn|5
|
|t:|1776059031
|move|p1a: Scizor|Bullet Punch|p2a: Great Tusk
|-supereffective|p2a: Great Tusk
|-damage|p2a: Great Tusk|0 fnt
|faint|p2a: Great Tusk
|-end|p2a: Great Tusk|Protosynthesis|[silent]
|
|upkeep
|
|t:|1776059044
|switch|p2a: Ting-Lu|Ting-Lu|100/100
|-ability|p2a: Ting-Lu|Vessel of Ruin
|turn|6
|
|t:|1776059048
|move|p1a: Scizor|U-turn|p2a: Ting-Lu
|-supereffective|p2a: Ting-Lu
|-damage|p2a: Ting-Lu|43/100
|
|t:|1776059051
|switch|p1a: Pelipper|Pelipper, M|100/100|[from] U-turn
|-weather|RainDance|[from] ability: Drizzle|[of] p1a: Pelipper
|move|p2a: Ting-Lu|Stealth Rock|p1a: Pelipper
|-sidestart|p1: Awandou|move: Stealth Rock
|
|-weather|RainDance|[upkeep]
|-heal|p2a: Ting-Lu|49/100|[from] item: Leftovers
|upkeep
|turn|7
|
|t:|1776059061
|move|p1a: Pelipper|Hurricane|p2a: Ting-Lu
|-damage|p2a: Ting-Lu|28/100
|move|p2a: Ting-Lu|Ruination|p1a: Pelipper
|-damage|p1a: Pelipper|51/100
|
|-weather|RainDance|[upkeep]
|-heal|p2a: Ting-Lu|34/100|[from] item: Leftovers
|upkeep
|turn|8
|
|t:|1776059072
|move|p1a: Pelipper|Surf|p2a: Ting-Lu
|-supereffective|p2a: Ting-Lu
|-damage|p2a: Ting-Lu|0 fnt
|faint|p2a: Ting-Lu
|
|-weather|RainDance|[upkeep]
|upkeep
|
|t:|1776059078
|switch|p2a: Ogerpon|Ogerpon-Wellspring, F|100/100
|turn|9
|
|t:|1776059087
|move|p2a: Ogerpon|Ivy Cudgel|p1a: Pelipper|[anim] Ivy Cudgel Water
|-resisted|p1a: Pelipper
|-damage|p1a: Pelipper|7/100
|move|p1a: Pelipper|Hurricane|p2a: Ogerpon
|-supereffective|p2a: Ogerpon
|-damage|p2a: Ogerpon|0 fnt
|faint|p2a: Ogerpon
|
|-weather|RainDance|[upkeep]
|upkeep
|
|t:|1776059091
|switch|p2a: Gholdengo|Gholdengo|100/100
|-item|p2a: Gholdengo|Air Balloon
|turn|10
|
|t:|1776059100
|move|p2a: Gholdengo|Shadow Ball|p1a: Pelipper
|-crit|p1a: Pelipper
|-damage|p1a: Pelipper|0 fnt
|faint|p1a: Pelipper
|
|-weather|RainDance|[upkeep]
|upkeep
|
|t:|1776059106
|switch|p1a: Basculegion|Basculegion, M|100/100
|-damage|p1a: Basculegion|88/100|[from] Stealth Rock
|turn|11
|
|t:|1776059111
|-terastallize|p1a: Basculegion|Water
|move|p1a: Basculegion|Wave Crash|p2a: Gholdengo
|-damage|p2a: Gholdengo|0 fnt
|-enditem|p2a: Gholdengo|Air Balloon
|faint|p2a: Gholdengo
|-damage|p1a: Basculegion|61/100|[from] Recoil
|
|-weather|RainDance|[upkeep]
|upkeep
|
|t:|1776059119
|switch|p2a: Dragonite|Dragonite, F|100/100
|turn|12
|
|t:|1776059123
|move|p2a: Dragonite|Extreme Speed|p1a: Basculegion
|-damage|p1a: Basculegion|24/100
|move|p1a: Basculegion|Wave Crash|p2a: Dragonite
|-resisted|p2a: Dragonite
|-damage|p2a: Dragonite|52/100
|-damage|p1a: Basculegion|10/100|[from] Recoil
|
|-weather|RainDance|[upkeep]
|upkeep
|turn|13
|
|t:|1776059133
|move|p2a: Dragonite|Extreme Speed|p1a: Basculegion
|-damage|p1a: Basculegion|0 fnt
|faint|p1a: Basculegion
|
|-weather|none
|upkeep
|
|t:|1776059139
|switch|p1a: Greninja|Greninja, M|100/100
|-damage|p1a: Greninja|88/100|[from] Stealth Rock
|turn|14
|
|t:|1776059146
|move|p2a: Dragonite|Extreme Speed|p1a: Greninja
|-damage|p1a: Greninja|37/100
|move|p1a: Greninja|Ice Beam|p2a: Dragonite
|-supereffective|p2a: Dragonite
|-damage|p2a: Dragonite|0 fnt
|faint|p2a: Dragonite
|-ability|p1a: Greninja|Battle Bond|boost
|-boost|p1a: Greninja|atk|1
|-boost|p1a: Greninja|spa|1
|-boost|p1a: Greninja|spe|1
|-activate|p1a: Greninja|ability: Battle Bond
|-damage|p1a: Greninja|27/100|[from] item: Life Orb
|
|upkeep
|
|t:|1776059149
|switch|p2a: Zamazenta|Zamazenta|100/100
|-ability|p2a: Zamazenta|Dauntless Shield|boost
|-boost|p2a: Zamazenta|def|1
|turn|15
|
|t:|1776059162
|move|p1a: Greninja|Surf|p2a: Zamazenta
|-damage|p2a: Zamazenta|37/100
|-damage|p1a: Greninja|17/100|[from] item: Life Orb
|move|p2a: Zamazenta|Body Press|p1a: Greninja
|-supereffective|p1a: Greninja
|-damage|p1a: Greninja|0 fnt
|faint|p1a: Greninja
|
|-heal|p2a: Zamazenta|43/100|[from] item: Leftovers
|upkeep
|
|t:|1776059173
|switch|p1a: Scizor|Scizor, M|86/100
|-damage|p1a: Scizor|74/100|[from] Stealth Rock
|turn|16
|
|t:|1776059195
|move|p1a: Scizor|Bullet Punch|p2a: Zamazenta
|-damage|p2a: Zamazenta|25/100
|move|p2a: Zamazenta|Iron Defense|p2a: Zamazenta
|-boost|p2a: Zamazenta|def|2
|
|-heal|p2a: Zamazenta|31/100|[from] item: Leftovers
|upkeep
|turn|17
|
|t:|1776059203
|move|p2a: Zamazenta|Body Press|p1a: Scizor
|-damage|p1a: Scizor|0 fnt
|faint|p1a: Scizor
|
|win|goredsox69
|raw|Awandou's rating: 1458 &rarr; <strong>1446</strong><br />(-12 for losing)
|raw|goredsox69's rating: 1613 &rarr; <strong>1625</strong><br />(+12 for winning)
|l|☆Awandou
|player|p1|
|c|☆goredsox69|gg
|l|☆goredsox69
|player|p2|
