|html|<div class="broadcast-blue"><strong>[Gen 9] OU is currently suspecting Tera Blast! For information on how to participate check out the <a href="https://www.smogon.com/tools/suspects/view/200">suspect thread</a>.</strong></div>
|j|☆FocusBlast70%
|j|☆Slothdog
|t:|1776050226
|gametype|singles
|player|p1|FocusBlast70%|boarder|1402
|player|p2|Slothdog|swimmerf-gen4|1324
|gen|9
|tier|[Gen 9] OU
|rated|
|rule|HP Percentage Mod: HP is shown in percentages
|rule|Endless Battle Clause: Forcing endless battles is banned
|rule|Species Clause: Limit one of each Pokémon
|rule|OHKO Clause: OHKO moves are banned
|rule|Evasion Items Clause: Evasion items are banned
|rule|Evasion Moves Clause: Evasion moves are banned
|rule|Evasion Abilities Clause: Evasion abilities are banned
|rule|Sleep Moves Clause: Sleep-inducing moves are banned
|clearpoke
|poke|p1|Cinderace, F|
|poke|p1|Lokix, F|
|poke|p1|Corviknight, F|
|poke|p1|Garganacl, F|
|poke|p1|Dragapult, M|
|poke|p1|Iron Crown|
|poke|p2|Clefable, F|
|poke|p2|Iron Moth|
|poke|p2|Cramorant, F|
|poke|p2|Gholdengo|
|poke|p2|Zamazenta-*|
|poke|p2|Gliscor, F|
|teampreview
|inactive|Battle timer is ON: inactive players will automatically lose when time's up. (requested by Slothdog)
|inactive|FocusBlast70% also wants the timer to be on.
|
|t:|1776050237
|teamsize|p1|6
|teamsize|p2|6
|start
|switch|p1a: Face Kicker|Lokix, F|100/100
|switch|p2a: Clefable|Clefable, F|100/100
|turn|1
|
|t:|1776050245
|move|p1a: Face Kicker|U-turn|p2a: Clefable
|-resisted|p2a: Clefable
|-damage|p2a: Clefable|48/100
|
|t:|1776050253
|switch|p1a: King|Iron Crown|100/100|[from] U-turn
|move|p2a: Clefable|Flamethrower|p1a: King
|-supereffective|p1a: King
|-damage|p1a: King|29/100
|
|upkeep
|turn|2
|
|t:|1776050270
|switch|p2a: Cramorant|Cramorant, F|100/100
|move|p1a: King|Volt Switch|p2a: Cramorant
|-supereffective|p2a: Cramorant
|-damage|p2a: Cramorant|0 fnt
|faint|p2a: Cramorant
|
|t:|1776050281
|-end|p1a: King|Quark Drive|[silent]
|switch|p1a: Face Kicker|Lokix, F|100/100|[from] Volt Switch
|
|upkeep
|
|t:|1776050291
|switch|p2a: Iron Moth|Iron Moth|100/100
|-enditem|p2a: Iron Moth|Booster Energy
|-activate|p2a: Iron Moth|ability: Quark Drive|[fromitem]
|-start|p2a: Iron Moth|quarkdrivespe
|turn|3
|
|t:|1776050310
|switch|p1a: Farkle|Garganacl, F|100/100
|move|p2a: Iron Moth|Fiery Dance|p1a: Farkle
|-resisted|p1a: Farkle
|-damage|p1a: Farkle|86/100
|
|-heal|p1a: Farkle|93/100|[from] item: Leftovers
|upkeep
|turn|4
|
|t:|1776050326
|-end|p2a: Iron Moth|Quark Drive|[silent]
|switch|p2a: Gliscor|Gliscor, F|100/100
|move|p1a: Farkle|Earthquake|p2a: Gliscor
|-immune|p2a: Gliscor
|
|-heal|p1a: Farkle|99/100|[from] item: Leftovers
|-status|p2a: Gliscor|tox|[from] item: Toxic Orb
|upkeep
|turn|5
|
|t:|1776050342
|move|p2a: Gliscor|Swords Dance|p2a: Gliscor
|-boost|p2a: Gliscor|atk|2
|move|p1a: Farkle|Salt Cure|p2a: Gliscor
|-damage|p2a: Gliscor|88/100 tox
|-start|p2a: Gliscor|Salt Cure
|
|-heal|p1a: Farkle|100/100|[from] item: Leftovers
|-heal|p2a: Gliscor|99/100 tox|[from] ability: Poison Heal
|-damage|p2a: Gliscor|88/100 tox|[from] Salt Cure
|upkeep
|turn|6
|
|t:|1776050356
|move|p2a: Gliscor|Swords Dance|p2a: Gliscor
|-boost|p2a: Gliscor|atk|2
|move|p1a: Farkle|Curse|p1a: Farkle
|-unboost|p1a: Farkle|spe|1
|-boost|p1a: Farkle|atk|1
|-boost|p1a: Farkle|def|1
|
|-heal|p2a: Gliscor|99/100 tox|[from] ability: Poison Heal
|-damage|p2a: Gliscor|88/100 tox|[from] Salt Cure
|upkeep
|turn|7
|inactive|FocusBlast70% has 120 seconds left.
|
|t:|1776050380
|switch|p1a: Best Bird|Corviknight, F|100/100
|-ability|p1a: Best Bird|Pressure
|move|p2a: Gliscor|Earthquake|p1a: Best Bird
|-immune|p1a: Best Bird
|
|-heal|p2a: Gliscor|99/100 tox|[from] ability: Poison Heal
|-damage|p2a: Gliscor|88/100 tox|[from] Salt Cure
|upkeep
|turn|8
|inactive|FocusBlast70% has 120 seconds left.
|
|t:|1776050391
|move|p2a: Gliscor|Knock Off|p1a: Best Bird
|-damage|p1a: Best Bird|50/100
|-damage|p2a: Gliscor|71/100 tox|[from] item: Rocky Helmet|[of] p1a: Best Bird
|-enditem|p1a: Best Bird|Rocky Helmet|[from] move: Knock Off|[of] p2a: Gliscor
|move|p1a: Best Bird|Brave Bird|p2a: Gliscor
|-damage|p2a: Gliscor|36/100 tox
|-damage|p1a: Best Bird|41/100|[from] Recoil
|
|-heal|p2a: Gliscor|49/100 tox|[from] ability: Poison Heal
|-damage|p2a: Gliscor|36/100 tox|[from] Salt Cure
|upkeep
|turn|9
|inactive|FocusBlast70% has 120 seconds left.
|
|t:|1776050410
|-terastallize|p2a: Gliscor|Normal
|move|p2a: Gliscor|Facade|p1a: Best Bird
|-resisted|p1a: Best Bird
|-damage|p1a: Best Bird|0 fnt
|faint|p1a: Best Bird
|
|-heal|p2a: Gliscor|49/100 tox|[from] ability: Poison Heal
|-damage|p2a: Gliscor|36/100 tox|[from] Salt Cure
|upkeep
|
|t:|1776050428
|switch|p1a: Face Kicker|Lokix, F|100/100
|turn|10
|
|t:|1776050433
|move|p1a: Face Kicker|First Impression|p2a: Gliscor
|-damage|p2a: Gliscor|0 fnt
|faint|p2a: Gliscor
|
|upkeep
|
|t:|1776050452
|switch|p2a: Clefable|Clefable, F|48/100
|turn|11
|inactive|FocusBlast70% has 120 seconds left.
|
|t:|1776050461
|switch|p1a: Libero|Cinderace, F|100/100
|move|p2a: Clefable|Moonblast|p1a: Libero
|-resisted|p1a: Libero
|-damage|p1a: Libero|61/100
|-unboost|p1a: Libero|spa|1
|
|upkeep
|turn|12
|inactive|FocusBlast70% has 120 seconds left.
|
|t:|1776050473
|move|p1a: Libero|Pyro Ball|p2a: Clefable
|-damage|p2a: Clefable|0 fnt
|faint|p2a: Clefable
|
|upkeep
|
|t:|1776050483
|switch|p2a: Zamazenta|Zamazenta|100/100
|-ability|p2a: Zamazenta|Dauntless Shield|boost
|-boost|p2a: Zamazenta|def|1
|turn|13
|
|t:|1776050492
|move|p2a: Zamazenta|Iron Defense|p2a: Zamazenta
|-boost|p2a: Zamazenta|def|2
|move|p1a: Libero|Pyro Ball|p2a: Zamazenta|[miss]
|-miss|p1a: Libero|p2a: Zamazenta
|
|upkeep
|turn|14
|inactive|FocusBlast70% has 120 seconds left.
|
|t:|1776050530
|move|p2a: Zamazenta|Body Press|p1a: Libero
|-damage|p1a: Libero|0 fnt
|faint|p1a: Libero
|
|upkeep
|
|t:|1776050542
|switch|p1a: Draga*****|Dragapult, M|100/100
|turn|15
|
|t:|1776050548
|move|p1a: Draga*****|Thunder Wave|p2a: Zamazenta
|-status|p2a: Zamazenta|par
|move|p2a: Zamazenta|Crunch|p1a: Draga*****
|-supereffective|p1a: Draga*****
|-damage|p1a: Draga*****|32/100
|
|upkeep
|turn|16
|
|t:|1776050557
|move|p1a: Draga*****|Hex|p2a: Zamazenta
|-damage|p2a: Zamazenta|47/100 par
|cant|p2a: Zamazenta|par
|
|upkeep
|turn|17
|
|t:|1776050562
|move|p1a: Draga*****|Hex|p2a: Zamazenta
|-damage|p2a: Zamazenta|0 fnt
|faint|p2a: Zamazenta
|
|upkeep
|
|t:|1776050566
|switch|p2a: Iron Moth|Iron Moth|100/100
|turn|18
|
|t:|1776050570
|move|p1a: Draga*****|Thunder Wave|p2a: Iron Moth
|-status|p2a: Iron Moth|par
|move|p2a: Iron Moth|Fiery Dance|p1a: Draga*****
|-resisted|p1a: Draga*****
|-damage|p1a: Draga*****|3/100
|-boost|p2a: Iron Moth|spa|1
|
|upkeep
|turn|19
|
|t:|1776050578
|move|p1a: Draga*****|Hex|p2a: Iron Moth
|-damage|p2a: Iron Moth|40/100 par
|move|p2a: Iron Moth|Fiery Dance|p1a: Draga*****
|-resisted|p1a: Draga*****
|-damage|p1a: Draga*****|0 fnt
|-boost|p2a: Iron Moth|spa|1
|faint|p1a: Draga*****
|
|upkeep
|
|t:|1776050594
|switch|p1a: Face Kicker|Lokix, F|100/100
|turn|20
|
|t:|1776050597
|move|p1a: Face Kicker|U-turn|p2a: Iron Moth
|-resisted|p2a: Iron Moth
|-damage|p2a: Iron Moth|6/100 par
|
|t:|1776050607
|switch|p1a: Farkle|Garganacl, F|100/100|[from] U-turn
|cant|p2a: Iron Moth|par
|
|upkeep
|turn|21
|
|t:|1776050624
|switch|p1a: King|Iron Crown|29/100
|move|p2a: Iron Moth|Energy Ball|p1a: King
|-resisted|p1a: King
|-damage|p1a: King|0 fnt
|faint|p1a: King
|-end|p1a: King|Quark Drive|[silent]
|
|upkeep
|
|t:|1776050633
|switch|p1a: Face Kicker|Lokix, F|100/100
|turn|22
|
|t:|1776050637
|move|p1a: Face Kicker|First Impression|p2a: Iron Moth
|-resisted|p2a: Iron Moth
|-damage|p2a: Iron Moth|0 fnt
|faint|p2a: Iron Moth
|-end|p2a: Iron Moth|Quark Drive|[silent]
|
|upkeep
|
|t:|1776050639
|switch|p2a: Gholdengo|Gholdengo|100/100
|turn|23
|
|t:|1776050646
|switch|p1a: Farkle|Garganacl, F|100/100
|move|p2a: Gholdengo|Make It Rain|p1a: Farkle
|-supereffective|p1a: Farkle
|-damage|p1a: Farkle|18/100
|-unboost|p2a: Gholdengo|spa|1
|
|-heal|p1a: Farkle|25/100|[from] item: Leftovers
|upkeep
|turn|24
|
|t:|1776050670
|move|p2a: Gholdengo|Nasty Plot|p2a: Gholdengo
|-boost|p2a: Gholdengo|spa|2
|move|p1a: Farkle|Earthquake|p2a: Gholdengo
|-supereffective|p2a: Gholdengo
|-damage|p2a: Gholdengo|67/100
|
|-heal|p1a: Farkle|31/100|[from] item: Leftovers
|upkeep
|turn|25
|
|t:|1776050689
|move|p2a: Gholdengo|Shadow Ball|p1a: Farkle
|-crit|p1a: Farkle
|-damage|p1a: Farkle|0 fnt
|faint|p1a: Farkle
|
|upkeep
|
|t:|1776050692
|switch|p1a: Face Kicker|Lokix, F|100/100
|turn|26
|
|t:|1776050694
|move|p1a: Face Kicker|Knock Off|p2a: Gholdengo
|-supereffective|p2a: Gholdengo
|-damage|p2a: Gholdengo|0 fnt
|-damage|p1a: Face Kicker|84/100|[from] item: Rocky Helmet|[of] p2a: Gholdengo
|-enditem|p2a: Gholdengo|Rocky Helmet|[from] move: Knock Off|[of] p1a: Face Kicker
|faint|p2a: Gholdengo
|
|win|FocusBlast70%
|raw|FocusBlast70%'s rating: 1402 &rarr; <strong>1418</strong><br />(+16 for winning)
|raw|Slothdog's rating: 1324 &rarr; <strong>1308</strong><br />(-16 for losing)
|l|☆Slothdog
|player|p2|
