|html|<div class="broadcast-blue"><strong>[Gen 9] OU is currently suspecting Volcarona! For information on how to participate check out the <a href="https://www.smogon.com/tools/suspects/view/208">suspect thread</a>.</strong></div>
|j|☆lapunchmonke
|j|☆ZHROTO
|t:|1778496465
|gametype|singles
|player|p1|lapunchmonke|palmer|1152
|player|p2|ZHROTO|lucas|1171
|gen|9
|tier|[Gen 9] OU
|rated|
|rule|HP Percentage Mod: HP is shown in percentages
|rule|Endless Battle Clause: Forcing endless battles is banned
|rule|Species Clause: Limit one of each Pokémon
|rule|OHKO Clause: OHKO moves are banned
|rule|Evasion Items Clause: Evasion items are banned
|rule|Evasion Moves Clause: Evasion moves are banned
|rule|Evasion Abilities Clause: Evasion abilities are banned
|rule|Sleep Moves Clause: Sleep-inducing moves are banned
|clearpoke
|poke|p1|Cinccino, F|
|poke|p1|Enamorus, F|
|poke|p1|Salamence, F|
|poke|p1|Serperior, M|
|poke|p1|Garganacl, F|
|poke|p1|Gholdengo|
|poke|p2|Garchomp, F|
|poke|p2|Iron Valiant|
|poke|p2|Kingambit, M|
|poke|p2|Rotom-Wash|
|poke|p2|Dragapult, F|
|poke|p2|Great Tusk|
|teampreview
|
|t:|1778496469
|teamsize|p1|6
|teamsize|p2|6
|start
|switch|p1a: MILE|Cinccino, F, shiny|100/100
|switch|p2a: Great Tusk|Great Tusk|100/100
|-enditem|p2a: Great Tusk|Booster Energy
|-activate|p2a: Great Tusk|ability: Protosynthesis|[fromitem]
|-start|p2a: Great Tusk|protosynthesisdef
|turn|1
|
|t:|1778496479
|move|p1a: MILE|Triple Axel|p2a: Great Tusk
|-supereffective|p2a: Great Tusk
|-damage|p2a: Great Tusk|91/100
|-supereffective|p2a: Great Tusk
|-damage|p2a: Great Tusk|74/100
|-supereffective|p2a: Great Tusk
|-damage|p2a: Great Tusk|49/100
|-hitcount|p2a: Great Tusk|3
|move|p2a: Great Tusk|Stealth Rock|p1a: MILE
|-sidestart|p1: lapunchmonke|move: Stealth Rock
|
|upkeep
|turn|2
|
|t:|1778496489
|move|p1a: MILE|Bullet Seed|p2a: Great Tusk
|-supereffective|p2a: Great Tusk
|-damage|p2a: Great Tusk|38/100
|-supereffective|p2a: Great Tusk
|-damage|p2a: Great Tusk|28/100
|-supereffective|p2a: Great Tusk
|-damage|p2a: Great Tusk|18/100
|-supereffective|p2a: Great Tusk
|-damage|p2a: Great Tusk|8/100
|-hitcount|p2a: Great Tusk|4
|move|p2a: Great Tusk|Earthquake|p1a: MILE
|-damage|p1a: MILE|24/100
|
|upkeep
|turn|3
|
|t:|1778496502
|move|p1a: MILE|Bullet Seed|p2a: Great Tusk
|-supereffective|p2a: Great Tusk
|-damage|p2a: Great Tusk|0 fnt
|faint|p2a: Great Tusk
|-end|p2a: Great Tusk|Protosynthesis|[silent]
|-hitcount|p2: Great Tusk|1
|
|upkeep
|
|t:|1778496511
|switch|p2a: Kingambit|Kingambit, M|100/100
|-activate|p2a: Kingambit|ability: Supreme Overlord
|-start|p2a: Kingambit|fallen1|[silent]
|turn|4
|
|t:|1778496518
|switch|p1a: CHARLIE|Garganacl, F, shiny|100/100
|move|p2a: Kingambit|Sucker Punch||[still]
|-fail|p2a: Kingambit
|
|upkeep
|turn|5
|
|t:|1778496528
|move|p2a: Kingambit|Iron Head|p1a: CHARLIE
|-supereffective|p1a: CHARLIE
|-damage|p1a: CHARLIE|44/100
|move|p1a: CHARLIE|Body Press|p2a: Kingambit
|-supereffective|p2a: Kingambit
|-damage|p2a: Kingambit|7/100
|
|upkeep
|turn|6
|
|t:|1778496535
|move|p2a: Kingambit|Iron Head|p1a: CHARLIE
|-supereffective|p1a: CHARLIE
|-damage|p1a: CHARLIE|0 fnt
|faint|p1a: CHARLIE
|
|upkeep
|
|t:|1778496542
|switch|p1a: LIME|Gholdengo, shiny|100/100
|-damage|p1a: LIME|94/100|[from] Stealth Rock
|-item|p1a: LIME|Air Balloon
|turn|7
|inactive|Battle timer is ON: inactive players will automatically lose when time's up. (requested by ZHROTO)
|
|t:|1778496551
|move|p2a: Kingambit|Sucker Punch|p1a: LIME
|-supereffective|p1a: LIME
|-damage|p1a: LIME|0 fnt
|-enditem|p1a: LIME|Air Balloon
|faint|p1a: LIME
|
|upkeep
|
|t:|1778496559
|switch|p1a: ALAN|Serperior, M, shiny|100/100
|-damage|p1a: ALAN|88/100|[from] Stealth Rock
|turn|8
|
|t:|1778496565
|move|p2a: Kingambit|Sucker Punch|p1a: ALAN
|-damage|p1a: ALAN|23/100
|move|p1a: ALAN|Leaf Storm|p2a: Kingambit
|-resisted|p2a: Kingambit
|-damage|p2a: Kingambit|0 fnt
|-boost|p1a: ALAN|spa|2
|faint|p2a: Kingambit
|-end|p2a: Kingambit|fallen1|[silent]
|
|-heal|p1a: ALAN|29/100|[from] item: Leftovers
|upkeep
|
|t:|1778496575
|switch|p2a: Dragapult|Dragapult, F|100/100
|turn|9
|
|t:|1778496581
|move|p2a: Dragapult|U-turn|p1a: ALAN
|-supereffective|p1a: ALAN
|-damage|p1a: ALAN|0 fnt
|faint|p1a: ALAN
|-damage|p2a: Dragapult|91/100|[from] item: Life Orb
|
|t:|1778496586
|switch|p2a: Iron Valiant|Iron Valiant|100/100|[from] U-turn
|-enditem|p2a: Iron Valiant|Booster Energy
|-activate|p2a: Iron Valiant|ability: Quark Drive|[fromitem]
|-start|p2a: Iron Valiant|quarkdrivespe
|
|upkeep
|
|t:|1778496594
|switch|p1a: JONT|Enamorus, F, shiny|100/100
|-damage|p1a: JONT|76/100|[from] Stealth Rock
|turn|10
|
|t:|1778496607
|-terastallize|p2a: Iron Valiant|Rock
|move|p2a: Iron Valiant|Psycho Cut|p1a: JONT
|-damage|p1a: JONT|34/100
|move|p1a: JONT|Moonblast|p2a: Iron Valiant
|-damage|p2a: Iron Valiant|24/100
|
|upkeep
|turn|11
|
|t:|1778496616
|move|p2a: Iron Valiant|Moonblast|p1a: JONT
|-damage|p1a: JONT|0 fnt
|faint|p1a: JONT
|
|upkeep
|
|t:|1778496620
|switch|p1a: LOUBEL|Salamence, F, shiny|100/100
|-damage|p1a: LOUBEL|75/100|[from] Stealth Rock
|turn|12
|
|t:|1778496631
|-terastallize|p1a: LOUBEL|Steel
|move|p2a: Iron Valiant|Moonblast|p1a: LOUBEL
|-resisted|p1a: LOUBEL
|-damage|p1a: LOUBEL|53/100
|move|p1a: LOUBEL|Dragon Dance|p1a: LOUBEL
|-boost|p1a: LOUBEL|atk|1
|-boost|p1a: LOUBEL|spe|1
|
|-heal|p1a: LOUBEL|59/100|[from] item: Leftovers
|upkeep
|turn|13
|
|t:|1778496642
|move|p2a: Iron Valiant|Drain Punch|p1a: LOUBEL
|-supereffective|p1a: LOUBEL
|-damage|p1a: LOUBEL|0 fnt
|-heal|p2a: Iron Valiant|58/100|[from] drain|[of] p1a: LOUBEL
|faint|p1a: LOUBEL
|
|upkeep
|
|t:|1778496648
|switch|p1a: MILE|Cinccino, F, shiny|24/100
|-damage|p1a: MILE|12/100|[from] Stealth Rock
|turn|14
|
|t:|1778496653
|move|p2a: Iron Valiant|Drain Punch|p1a: MILE
|-supereffective|p1a: MILE
|-damage|p1a: MILE|0 fnt
|-heal|p2a: Iron Valiant|63/100|[from] drain|[of] p1a: MILE
|faint|p1a: MILE
|
|win|ZHROTO
|raw|lapunchmonke's rating: 1152 &rarr; <strong>1128</strong><br />(-24 for losing)
|raw|ZHROTO's rating: 1171 &rarr; <strong>1195</strong><br />(+24 for winning)
|l|☆lapunchmonke
|player|p1|
|l|☆ZHROTO
|player|p2|
