|html|<div class="broadcast-blue"><strong>[Gen 9] OU is currently suspecting Tera Blast! For information on how to participate check out the <a href="https://www.smogon.com/tools/suspects/view/200">suspect thread</a>.</strong></div>
|j|☆bananahamockthe3rd
|j|☆Wizzard Kelly
|t:|1776054644
|gametype|singles
|player|p1|bananahamockthe3rd|265|1363
|player|p2|Wizzard Kelly|giovanni|1335
|gen|9
|tier|[Gen 9] OU
|rated|
|rule|HP Percentage Mod: HP is shown in percentages
|rule|Endless Battle Clause: Forcing endless battles is banned
|rule|Species Clause: Limit one of each Pokémon
|rule|OHKO Clause: OHKO moves are banned
|rule|Evasion Items Clause: Evasion items are banned
|rule|Evasion Moves Clause: Evasion moves are banned
|rule|Evasion Abilities Clause: Evasion abilities are banned
|rule|Sleep Moves Clause: Sleep-inducing moves are banned
|clearpoke
|poke|p1|Cetitan, F|
|poke|p1|Skeledirge, M|
|poke|p1|Swampert, M|
|poke|p1|Ceruledge, F|
|poke|p1|Moltres-Galar|
|poke|p1|Goodra-Hisui, M|
|poke|p2|Pelipper, M|
|poke|p2|Beartic, F|
|poke|p2|Weezing-Galar, M|
|poke|p2|Kingambit, F|
|poke|p2|Empoleon, M|
|poke|p2|Hydreigon, F|
|teampreview
|j| simoncoward
|
|t:|1776054663
|teamsize|p1|6
|teamsize|p2|6
|start
|switch|p1a: Cetitan|Cetitan, F, shiny|100/100
|switch|p2a: Pelipper|Pelipper, M|100/100
|-weather|RainDance|[from] ability: Drizzle|[of] p2a: Pelipper
|turn|1
|
|t:|1776054672
|move|p1a: Cetitan|Icicle Crash|p2a: Pelipper
|-damage|p2a: Pelipper|56/100
|move|p2a: Pelipper|U-turn|p1a: Cetitan
|-damage|p1a: Cetitan|93/100
|
|t:|1776054679
|switch|p2a: scissors|Kingambit, F, shiny|100/100|[from] U-turn
|
|-weather|RainDance|[upkeep]
|upkeep
|turn|2
|
|t:|1776054686
|switch|p1a: Moltres|Moltres-Galar|100/100
|move|p2a: scissors|Swords Dance|p2a: scissors
|-boost|p2a: scissors|atk|2
|
|-weather|RainDance|[upkeep]
|upkeep
|turn|3
|
|t:|1776054695
|move|p1a: Moltres|Hurricane|p2a: scissors
|-resisted|p2a: scissors
|-damage|p2a: scissors|72/100
|-damage|p1a: Moltres|91/100|[from] item: Life Orb
|move|p2a: scissors|Iron Head|p1a: Moltres
|-damage|p1a: Moltres|0 fnt
|faint|p1a: Moltres
|
|-weather|RainDance|[upkeep]
|upkeep
|
|t:|1776054703
|switch|p1a: Skeledirge|Skeledirge, M|100/100
|turn|4
|
|t:|1776054710
|-end|p2a: scissors|fallenundefined|[silent]
|switch|p2a: Empoleon|Empoleon, M|100/100
|move|p1a: Skeledirge|Will-O-Wisp|p2a: Empoleon
|-status|p2a: Empoleon|brn
|
|-weather|RainDance|[upkeep]
|-damage|p2a: Empoleon|94/100 brn|[from] brn
|upkeep
|turn|5
|
|t:|1776054717
|switch|p1a: Goodra|Goodra-Hisui, M|100/100
|move|p2a: Empoleon|Surf|p1a: Goodra
|-resisted|p1a: Goodra
|-damage|p1a: Goodra|87/100
|
|-weather|RainDance|[upkeep]
|-heal|p2a: Empoleon|100/100 brn|[from] item: Leftovers
|-damage|p2a: Empoleon|94/100 brn|[from] brn
|upkeep
|turn|6
|
|t:|1776054729
|switch|p2a: Serbier|Beartic, F|100/100
|move|p1a: Goodra|Thunderbolt|p2a: Serbier
|-damage|p2a: Serbier|61/100
|
|-weather|RainDance|[upkeep]
|upkeep
|turn|7
|
|t:|1776054737
|switch|p1a: Swampert|Swampert, M|100/100
|move|p2a: Serbier|Close Combat|p1a: Swampert
|-damage|p1a: Swampert|66/100
|-unboost|p2a: Serbier|def|1
|-unboost|p2a: Serbier|spd|1
|
|-weather|RainDance|[upkeep]
|-heal|p1a: Swampert|72/100|[from] item: Leftovers
|upkeep
|turn|8
|
|t:|1776054749
|switch|p2a: le'haze|Weezing-Galar, M|100/100
|move|p1a: Swampert|Stealth Rock|p2a: le'haze
|-sidestart|p2: Wizzard Kelly|move: Stealth Rock
|
|-weather|none
|-heal|p1a: Swampert|78/100|[from] item: Leftovers
|upkeep
|turn|9
|
|t:|1776054759
|move|p2a: le'haze|Defog|p1a: Swampert
|-unboost|p1a: Swampert|evasion|1
|-sideend|p2: Wizzard Kelly|Stealth Rock|[from] move: Defog|[of] p2a: le'haze
|move|p1a: Swampert|Flip Turn|p2a: le'haze
|-damage|p2a: le'haze|81/100
|
|t:|1776054766
|switch|p1a: Goodra|Goodra-Hisui, M|87/100|[from] Flip Turn
|
|-heal|p2a: le'haze|87/100|[from] item: Leftovers
|upkeep
|turn|10
|
|t:|1776054774
|move|p1a: Goodra|Flash Cannon|p2a: le'haze
|-supereffective|p2a: le'haze
|-crit|p2a: le'haze
|-damage|p2a: le'haze|0 fnt
|faint|p2a: le'haze
|
|upkeep
|
|t:|1776054778
|switch|p2a: Pelipper|Pelipper, M|56/100
|-weather|RainDance|[from] ability: Drizzle|[of] p2a: Pelipper
|turn|11
|
|t:|1776054782
|move|p2a: Pelipper|U-turn|p1a: Goodra
|-resisted|p1a: Goodra
|-damage|p1a: Goodra|82/100
|
|t:|1776054784
|switch|p2a: Serbier|Beartic, F|61/100|[from] U-turn
|move|p1a: Goodra|Thunderbolt|p2a: Serbier
|-damage|p2a: Serbier|20/100
|
|-weather|RainDance|[upkeep]
|upkeep
|turn|12
|
|t:|1776054796
|switch|p1a: Swampert|Swampert, M|78/100
|move|p2a: Serbier|Swords Dance|p2a: Serbier
|-boost|p2a: Serbier|atk|2
|
|-weather|RainDance|[upkeep]
|-heal|p1a: Swampert|84/100|[from] item: Leftovers
|upkeep
|turn|13
|
|t:|1776054803
|switch|p1a: Skeledirge|Skeledirge, M|100/100
|move|p2a: Serbier|Icicle Spear|p1a: Skeledirge
|-resisted|p1a: Skeledirge
|-damage|p1a: Skeledirge|97/100
|-resisted|p1a: Skeledirge
|-damage|p1a: Skeledirge|93/100
|-resisted|p1a: Skeledirge
|-damage|p1a: Skeledirge|89/100
|-resisted|p1a: Skeledirge
|-damage|p1a: Skeledirge|86/100
|-hitcount|p1a: Skeledirge|4
|
|-weather|RainDance|[upkeep]
|-heal|p1a: Skeledirge|92/100|[from] item: Leftovers
|upkeep
|turn|14
|
|t:|1776054818
|switch|p1a: Swampert|Swampert, M|84/100
|move|p2a: Serbier|Aqua Jet|p1a: Swampert
|-damage|p1a: Swampert|46/100
|
|-weather|RainDance|[upkeep]
|-heal|p1a: Swampert|52/100|[from] item: Leftovers
|upkeep
|turn|15
|
|t:|1776054835
|switch|p1a: Cetitan|Cetitan, F, shiny|93/100
|move|p2a: Serbier|Icicle Spear|p1a: Cetitan
|-resisted|p1a: Cetitan
|-damage|p1a: Cetitan|82/100
|-resisted|p1a: Cetitan
|-damage|p1a: Cetitan|70/100
|-resisted|p1a: Cetitan
|-damage|p1a: Cetitan|59/100
|-resisted|p1a: Cetitan
|-damage|p1a: Cetitan|47/100
|-hitcount|p1a: Cetitan|4
|
|-weather|RainDance|[upkeep]
|upkeep
|turn|16
|
|t:|1776054846
|move|p1a: Cetitan|Ice Shard|p2a: Serbier
|-resisted|p2a: Serbier
|-damage|p2a: Serbier|7/100
|move|p2a: Serbier|Close Combat|p1a: Cetitan
|-supereffective|p1a: Cetitan
|-damage|p1a: Cetitan|0 fnt
|-unboost|p2a: Serbier|def|1
|-unboost|p2a: Serbier|spd|1
|faint|p1a: Cetitan
|
|-weather|RainDance|[upkeep]
|upkeep
|
|t:|1776054858
|switch|p1a: Skeledirge|Skeledirge, M|92/100
|turn|17
|
|t:|1776054866
|move|p2a: Serbier|Aqua Jet|p1a: Skeledirge
|-supereffective|p1a: Skeledirge
|-damage|p1a: Skeledirge|65/100
|move|p1a: Skeledirge|Slack Off|p1a: Skeledirge
|-heal|p1a: Skeledirge|100/100
|
|-weather|RainDance|[upkeep]
|upkeep
|turn|18
|
|t:|1776054874
|move|p2a: Serbier|Aqua Jet|p1a: Skeledirge
|-supereffective|p1a: Skeledirge
|-damage|p1a: Skeledirge|74/100
|move|p1a: Skeledirge|Torch Song|p2a: Serbier
|-supereffective|p2a: Serbier
|-damage|p2a: Serbier|0 fnt
|-boost|p1a: Skeledirge|spa|1
|faint|p2a: Serbier
|
|-weather|none
|-heal|p1a: Skeledirge|80/100|[from] item: Leftovers
|upkeep
|
|t:|1776054880
|switch|p2a: Hydreigon|Hydreigon, F|100/100
|turn|19
|
|t:|1776054886
|switch|p1a: Swampert|Swampert, M|52/100
|move|p2a: Hydreigon|Dark Pulse|p1a: Swampert
|-damage|p1a: Swampert|27/100
|
|-heal|p1a: Swampert|34/100|[from] item: Leftovers
|upkeep
|turn|20
|l| simoncoward
|
|t:|1776054893
|move|p2a: Hydreigon|Draco Meteor|p1a: Swampert
|-damage|p1a: Swampert|0 fnt
|-unboost|p2a: Hydreigon|spa|2
|faint|p1a: Swampert
|
|upkeep
|
|t:|1776054901
|switch|p1a: Goodra|Goodra-Hisui, M|82/100
|turn|21
|
|t:|1776054907
|switch|p2a: Pelipper|Pelipper, M|56/100
|-weather|RainDance|[from] ability: Drizzle|[of] p2a: Pelipper
|move|p1a: Goodra|Dragon Pulse|p2a: Pelipper
|-damage|p2a: Pelipper|0 fnt
|faint|p2a: Pelipper
|
|-weather|RainDance|[upkeep]
|upkeep
|
|t:|1776054910
|switch|p2a: Empoleon|Empoleon, M|94/100 brn
|turn|22
|
|t:|1776054917
|move|p2a: Empoleon|Ice Beam|p1a: Goodra
|-damage|p1a: Goodra|70/100
|-status|p1a: Goodra|frz
|-curestatus|p1a: Goodra|frz|[msg]
|move|p1a: Goodra|Thunderbolt|p2a: Empoleon
|-supereffective|p2a: Empoleon
|-damage|p2a: Empoleon|43/100 brn
|
|-weather|RainDance|[upkeep]
|-heal|p2a: Empoleon|49/100 brn|[from] item: Leftovers
|-damage|p2a: Empoleon|43/100 brn|[from] brn
|upkeep
|turn|23
|
|t:|1776054928
|switch|p2a: Hydreigon|Hydreigon, F|100/100
|move|p1a: Goodra|Thunderbolt|p2a: Hydreigon
|-resisted|p2a: Hydreigon
|-damage|p2a: Hydreigon|88/100
|-status|p2a: Hydreigon|par
|
|-weather|RainDance|[upkeep]
|upkeep
|turn|24
|c|☆bananahamockthe3rd|unlucky'
|
|t:|1776054943
|move|p2a: Hydreigon|Draco Meteor|p1a: Goodra
|-damage|p1a: Goodra|40/100
|-unboost|p2a: Hydreigon|spa|2
|move|p1a: Goodra|Dragon Pulse|p2a: Hydreigon
|-supereffective|p2a: Hydreigon
|-damage|p2a: Hydreigon|27/100 par
|
|-weather|RainDance|[upkeep]
|upkeep
|turn|25
|
|t:|1776054952
|move|p2a: Hydreigon|Earth Power|p1a: Goodra
|-supereffective|p1a: Goodra
|-damage|p1a: Goodra|25/100
|move|p1a: Goodra|Dragon Pulse|p2a: Hydreigon
|-supereffective|p2a: Hydreigon
|-damage|p2a: Hydreigon|0 fnt
|faint|p2a: Hydreigon
|
|-weather|RainDance|[upkeep]
|upkeep
|
|t:|1776054957
|switch|p2a: scissors|Kingambit, F, shiny|72/100
|-activate|p2a: scissors|ability: Supreme Overlord
|-start|p2a: scissors|fallen4|[silent]
|turn|26
|
|t:|1776054967
|move|p1a: Goodra|Flamethrower|p2a: scissors
|-supereffective|p2a: scissors
|-damage|p2a: scissors|42/100
|move|p2a: scissors|Kowtow Cleave|p1a: Goodra
|-damage|p1a: Goodra|0 fnt
|faint|p1a: Goodra
|
|-weather|RainDance|[upkeep]
|upkeep
|
|t:|1776054976
|switch|p1a: Skeledirge|Skeledirge, M|80/100
|turn|27
|
|t:|1776054982
|-terastallize|p1a: Skeledirge|Water
|move|p1a: Skeledirge|Torch Song|p2a: scissors
|-supereffective|p2a: scissors
|-damage|p2a: scissors|14/100
|-boost|p1a: Skeledirge|spa|1
|move|p2a: scissors|Kowtow Cleave|p1a: Skeledirge
|-damage|p1a: Skeledirge|34/100
|
|-weather|RainDance|[upkeep]
|-heal|p1a: Skeledirge|40/100|[from] item: Leftovers
|upkeep
|turn|28
|
|t:|1776054992
|move|p1a: Skeledirge|Slack Off|p1a: Skeledirge
|-heal|p1a: Skeledirge|90/100
|move|p2a: scissors|Kowtow Cleave|p1a: Skeledirge
|-damage|p1a: Skeledirge|42/100
|
|-weather|none
|-heal|p1a: Skeledirge|48/100|[from] item: Leftovers
|upkeep
|turn|29
|
|t:|1776055000
|-terastallize|p2a: scissors|Dark
|move|p2a: scissors|Sucker Punch||[still]
|-fail|p2a: scissors
|move|p1a: Skeledirge|Will-O-Wisp|p2a: scissors
|-status|p2a: scissors|brn
|
|-heal|p1a: Skeledirge|55/100|[from] item: Leftovers
|-damage|p2a: scissors|7/100 brn|[from] brn
|upkeep
|turn|30
|
|t:|1776055009
|move|p2a: scissors|Sucker Punch||[still]
|-fail|p2a: scissors
|move|p1a: Skeledirge|Slack Off|p1a: Skeledirge
|-heal|p1a: Skeledirge|100/100
|
|-damage|p2a: scissors|1/100 brn|[from] brn
|upkeep
|turn|31
|c|☆Wizzard Kelly|gg
|
|t:|1776055017
|move|p2a: scissors|Sucker Punch|p1a: Skeledirge
|-damage|p1a: Skeledirge|75/100
|move|p1a: Skeledirge|Torch Song|p2a: scissors
|-damage|p2a: scissors|0 fnt
|-boost|p1a: Skeledirge|spa|1
|faint|p2a: scissors
|-end|p2a: scissors|fallen4|[silent]
|
|-heal|p1a: Skeledirge|81/100|[from] item: Leftovers
|upkeep
|
|t:|1776055019
|switch|p2a: Empoleon|Empoleon, M|43/100 brn
|turn|32
|c|☆bananahamockthe3rd|gg
|
|t:|1776055028
|move|p1a: Skeledirge|Torch Song|p2a: Empoleon
|-damage|p2a: Empoleon|0 fnt
|-boost|p1a: Skeledirge|spa|1
|faint|p2a: Empoleon
|
|win|bananahamockthe3rd
|raw|bananahamockthe3rd's rating: 1363 &rarr; <strong>1381</strong><br />(+18 for winning)
|raw|Wizzard Kelly's rating: 1335 &rarr; <strong>1317</strong><br />(-18 for losing)
|l|☆Wizzard Kelly
|player|p2|
