|html|<div class="broadcast-blue"><strong>[Gen 9] OU is currently suspecting Tera Blast! For information on how to participate check out the <a href="https://www.smogon.com/tools/suspects/view/200">suspect thread</a>.</strong></div>
|j|☆Djjjfjfnekd
|j|☆miaca
|t:|1776040677
|gametype|singles
|player|p1|Djjjfjfnekd|266|1074
|player|p2|miaca|266|1134
|gen|9
|tier|[Gen 9] OU
|rated|
|rule|HP Percentage Mod: HP is shown in percentages
|rule|Endless Battle Clause: Forcing endless battles is banned
|rule|Species Clause: Limit one of each Pokémon
|rule|OHKO Clause: OHKO moves are banned
|rule|Evasion Items Clause: Evasion items are banned
|rule|Evasion Moves Clause: Evasion moves are banned
|rule|Evasion Abilities Clause: Evasion abilities are banned
|rule|Sleep Moves Clause: Sleep-inducing moves are banned
|clearpoke
|poke|p1|Eiscue, M|
|poke|p1|Abomasnow, F|
|poke|p1|Mandibuzz, F|
|poke|p1|Clodsire, M|
|poke|p1|Hydreigon, M|
|poke|p1|Whimsicott, F|
|poke|p2|Garganacl, M|
|poke|p2|Incineroar, F|
|poke|p2|Pecharunt|
|poke|p2|Regice|
|poke|p2|Metagross|
|poke|p2|Walking Wake|
|teampreview
|
|t:|1776040691
|teamsize|p1|6
|teamsize|p2|6
|start
|switch|p1a: Clodsire|Clodsire, M|100/100
|switch|p2a: Walking Wake|Walking Wake|100/100
|turn|1
|
|t:|1776040698
|move|p2a: Walking Wake|Agility|p2a: Walking Wake
|-boost|p2a: Walking Wake|spe|2
|move|p1a: Clodsire|Toxic|p2a: Walking Wake
|-status|p2a: Walking Wake|tox
|
|-damage|p2a: Walking Wake|94/100 tox|[from] psn
|upkeep
|turn|2
|
|t:|1776040708
|move|p2a: Walking Wake|Hydro Steam|p1a: Clodsire
|-immune|p1a: Clodsire|[from] ability: Water Absorb
|move|p1a: Clodsire|Chilling Water|p2a: Walking Wake
|-resisted|p2a: Walking Wake
|-damage|p2a: Walking Wake|93/100 tox
|-unboost|p2a: Walking Wake|atk|1
|
|-damage|p2a: Walking Wake|80/100 tox|[from] psn
|upkeep
|turn|3
|
|t:|1776040720
|move|p2a: Walking Wake|Dragon Pulse|p1a: Clodsire
|-damage|p1a: Clodsire|65/100
|-damage|p2a: Walking Wake|71/100 tox|[from] item: Life Orb
|move|p1a: Clodsire|Earthquake|p2a: Walking Wake
|-damage|p2a: Walking Wake|40/100 tox
|
|-damage|p2a: Walking Wake|22/100 tox|[from] psn
|upkeep
|turn|4
|
|t:|1776040732
|move|p2a: Walking Wake|Dragon Pulse|p1a: Clodsire
|-damage|p1a: Clodsire|34/100
|-damage|p2a: Walking Wake|12/100 tox|[from] item: Life Orb
|move|p1a: Clodsire|Earthquake|p2a: Walking Wake
|-damage|p2a: Walking Wake|0 fnt
|faint|p2a: Walking Wake
|-end|p2a: Walking Wake|Protosynthesis|[silent]
|
|upkeep
|
|t:|1776040742
|switch|p2a: Regice|Regice|100/100
|turn|5
|
|t:|1776040749
|-terastallize|p2a: Regice|Steel
|move|p2a: Regice|Ice Beam|p1a: Clodsire
|-supereffective|p1a: Clodsire
|-damage|p1a: Clodsire|0 fnt
|faint|p1a: Clodsire
|
|upkeep
|
|t:|1776040763
|switch|p1a: Hydreigon|Hydreigon, M|100/100
|turn|6
|
|t:|1776040772
|move|p1a: Hydreigon|Dark Pulse|p2a: Regice
|-damage|p2a: Regice|84/100
|move|p2a: Regice|Tera Blast|p1a: Hydreigon|[anim] Tera Blast Steel
|-damage|p1a: Hydreigon|54/100
|
|upkeep
|turn|7
|
|t:|1776040779
|move|p1a: Hydreigon|Dark Pulse|p2a: Regice
|-damage|p2a: Regice|67/100
|move|p2a: Regice|Ice Beam|p1a: Hydreigon
|-supereffective|p1a: Hydreigon
|-damage|p1a: Hydreigon|0 fnt
|faint|p1a: Hydreigon
|
|upkeep
|
|t:|1776040786
|switch|p1a: Whimsicott|Whimsicott, F|100/100
|turn|8
|
|t:|1776040792
|move|p1a: Whimsicott|Leech Seed|p2a: Regice
|-start|p2a: Regice|move: Leech Seed
|move|p2a: Regice|Tera Blast|p1a: Whimsicott|[anim] Tera Blast Steel
|-supereffective|p1a: Whimsicott
|-crit|p1a: Whimsicott
|-damage|p1a: Whimsicott|0 fnt
|faint|p1a: Whimsicott
|
|upkeep
|
|t:|1776040794
|switch|p1a: Abomasnow|Abomasnow, F|100/100
|-weather|Snowscape|[from] ability: Snow Warning|[of] p1a: Abomasnow
|turn|9
|
|t:|1776040803
|move|p1a: Abomasnow|Earth Power|p2a: Regice
|-supereffective|p2a: Regice
|-damage|p2a: Regice|50/100
|move|p2a: Regice|Tera Blast|p1a: Abomasnow|[anim] Tera Blast Steel
|-supereffective|p1a: Abomasnow
|-damage|p1a: Abomasnow|23/100
|
|-weather|Snowscape|[upkeep]
|-heal|p1a: Abomasnow|29/100|[from] item: Leftovers
|-damage|p2a: Regice|37/100|[from] Leech Seed|[of] p1a: Abomasnow
|-heal|p1a: Abomasnow|41/100|[silent]
|upkeep
|turn|10
|
|t:|1776040814
|move|p1a: Abomasnow|Giga Drain|p2a: Regice
|-resisted|p2a: Regice
|-damage|p2a: Regice|31/100
|-heal|p1a: Abomasnow|44/100|[from] drain|[of] p2a: Regice
|move|p2a: Regice|Tera Blast|p1a: Abomasnow|[anim] Tera Blast Steel
|-supereffective|p1a: Abomasnow
|-crit|p1a: Abomasnow
|-damage|p1a: Abomasnow|0 fnt
|faint|p1a: Abomasnow
|
|-weather|Snowscape|[upkeep]
|upkeep
|
|t:|1776040818
|switch|p1a: Mandibuzz|Mandibuzz, F|100/100
|turn|11
|
|t:|1776040828
|move|p1a: Mandibuzz|Foul Play|p2a: Regice
|-damage|p2a: Regice|16/100
|move|p2a: Regice|Ice Beam|p1a: Mandibuzz
|-supereffective|p1a: Mandibuzz
|-damage|p1a: Mandibuzz|45/100
|
|-weather|Snowscape|[upkeep]
|-heal|p1a: Mandibuzz|51/100|[from] item: Leftovers
|-damage|p2a: Regice|4/100|[from] Leech Seed|[of] p1a: Mandibuzz
|-heal|p1a: Mandibuzz|61/100|[silent]
|upkeep
|turn|12
|
|t:|1776040838
|move|p1a: Mandibuzz|Foul Play|p2a: Regice
|-damage|p2a: Regice|0 fnt
|faint|p2a: Regice
|
|-weather|Snowscape|[upkeep]
|-heal|p1a: Mandibuzz|68/100|[from] item: Leftovers
|upkeep
|
|t:|1776040846
|switch|p2a: Garganacl|Garganacl, M|100/100
|turn|13
|
|t:|1776040851
|move|p1a: Mandibuzz|Toxic|p2a: Garganacl
|-immune|p2a: Garganacl|[from] ability: Purifying Salt
|move|p2a: Garganacl|Stone Edge|p1a: Mandibuzz
|-supereffective|p1a: Mandibuzz
|-damage|p1a: Mandibuzz|0 fnt
|faint|p1a: Mandibuzz
|
|-weather|none
|upkeep
|
|t:|1776040854
|switch|p1a: Eiscue|Eiscue, M, shiny|100/100
|turn|14
|
|t:|1776040864
|move|p1a: Eiscue|Belly Drum|p1a: Eiscue
|-damage|p1a: Eiscue|51/100
|-setboost|p1a: Eiscue|atk|6|[from] move: Belly Drum
|move|p2a: Garganacl|Body Press|p1a: Eiscue
|-activate|p1a: Eiscue|ability: Ice Face
|-damage|p1a: Eiscue|51/100
|detailschange|p1a: Eiscue|Eiscue-Noice, M, shiny
|
|upkeep
|turn|15
|
|t:|1776040877
|move|p1a: Eiscue|Icicle Crash|p2a: Garganacl
|-damage|p2a: Garganacl|7/100
|cant|p2a: Garganacl|flinch
|
|-heal|p2a: Garganacl|14/100|[from] item: Leftovers
|upkeep
|turn|16
|
|t:|1776040885
|move|p1a: Eiscue|Icicle Crash|p2a: Garganacl
|-damage|p2a: Garganacl|0 fnt
|faint|p2a: Garganacl
|
|upkeep
|
|t:|1776040890
|switch|p2a: Incineroar|Incineroar, F|100/100
|-ability|p2a: Incineroar|Intimidate|boost
|-unboost|p1a: Eiscue|atk|1
|turn|17
|
|t:|1776040897
|-terastallize|p1a: Eiscue|Water
|move|p2a: Incineroar|Fake Out|p1a: Eiscue
|-damage|p1a: Eiscue|28/100
|cant|p1a: Eiscue|flinch
|
|upkeep
|turn|18
|
|t:|1776040905
|switch|p2a: Pecharunt|Pecharunt|100/100
|move|p1a: Eiscue|Icicle Crash|p2a: Pecharunt
|-damage|p2a: Pecharunt|44/100
|
|-heal|p2a: Pecharunt|50/100|[from] item: Black Sludge
|upkeep
|turn|19
|
|t:|1776040914
|move|p1a: Eiscue|Zen Headbutt|p2a: Pecharunt
|-supereffective|p2a: Pecharunt
|-damage|p2a: Pecharunt|0 fnt
|faint|p2a: Pecharunt
|
|upkeep
|
|t:|1776040919
|switch|p2a: Incineroar|Incineroar, F|100/100
|-ability|p2a: Incineroar|Intimidate|boost
|-unboost|p1a: Eiscue|atk|1
|turn|20
|
|t:|1776040924
|move|p2a: Incineroar|Fake Out|p1a: Eiscue
|-damage|p1a: Eiscue|5/100
|-enditem|p1a: Eiscue|Salac Berry|[eat]
|-boost|p1a: Eiscue|spe|1|[from] item: Salac Berry
|cant|p1a: Eiscue|flinch
|
|upkeep
|turn|21
|
|t:|1776040932
|move|p1a: Eiscue|Icicle Crash|p2a: Incineroar
|-resisted|p2a: Incineroar
|-damage|p2a: Incineroar|50/100
|move|p2a: Incineroar|Thunder Punch|p1a: Eiscue
|-supereffective|p1a: Eiscue
|-damage|p1a: Eiscue|0 fnt
|faint|p1a: Eiscue
|
|win|miaca
|raw|Djjjfjfnekd's rating: 1074 &rarr; <strong>1057</strong><br />(-17 for losing)
|raw|miaca's rating: 1134 &rarr; <strong>1155</strong><br />(+21 for winning)
|l|☆miaca
|player|p2|
|l|☆Djjjfjfnekd
|player|p1|
