|html|<div class="broadcast-blue"><strong>[Gen 9] OU is currently suspecting Volcarona! For information on how to participate check out the <a href="https://www.smogon.com/tools/suspects/view/208">suspect thread</a>.</strong></div>
|j|☆Ghettocatfish
|j|☆brievenbuspoeper
|t:|1778498898
|gametype|singles
|player|p1|Ghettocatfish|266|1578
|player|p2|brievenbuspoeper|chuck|1622
|gen|9
|tier|[Gen 9] OU
|rated|
|rule|HP Percentage Mod: HP is shown in percentages
|rule|Endless Battle Clause: Forcing endless battles is banned
|rule|Species Clause: Limit one of each Pokémon
|rule|OHKO Clause: OHKO moves are banned
|rule|Evasion Items Clause: Evasion items are banned
|rule|Evasion Moves Clause: Evasion moves are banned
|rule|Evasion Abilities Clause: Evasion abilities are banned
|rule|Sleep Moves Clause: Sleep-inducing moves are banned
|clearpoke
|poke|p1|Rillaboom, F|
|poke|p1|Raging Bolt|
|poke|p1|Great Tusk|
|poke|p1|Pecharunt|
|poke|p1|Ursaluna, M|
|poke|p1|Enamorus, F|
|poke|p2|Indeedee, M|
|poke|p2|Hoopa-Unbound|
|poke|p2|Ceruledge, F|
|poke|p2|Polteageist-Antique|
|poke|p2|Cinderace, M|
|poke|p2|Iron Valiant|
|teampreview
|inactive|Battle timer is ON: inactive players will automatically lose when time's up. (requested by brievenbuspoeper)
|inactive|Ghettocatfish has 120 seconds left.
|inactive|brievenbuspoeper has 120 seconds left.
|inactive|brievenbuspoeper has 90 seconds left.
|
|t:|1778498959
|teamsize|p1|6
|teamsize|p2|6
|start
|switch|p1a: Raging Bolt|Raging Bolt|100/100
|switch|p2a: Cinderace|Cinderace, M|100/100
|turn|1
|
|t:|1778498967
|-end|p1a: Raging Bolt|Protosynthesis|[silent]
|switch|p1a: Great Tusk|Great Tusk|100/100
|move|p2a: Cinderace|U-turn|p1a: Great Tusk
|-start|p2a: Cinderace|typechange|Bug|[from] ability: Libero
|-resisted|p1a: Great Tusk
|-damage|p1a: Great Tusk|92/100
|-damage|p2a: Cinderace|84/100|[from] item: Rocky Helmet|[of] p1a: Great Tusk
|
|t:|1778498970
|switch|p2a: Indeedee|Indeedee, M|100/100|[from] U-turn
|-fieldstart|move: Psychic Terrain|[from] ability: Psychic Surge|[of] p2a: Indeedee
|
|upkeep
|turn|2
|
|t:|1778498988
|move|p2a: Indeedee|Expanding Force|p1a: Great Tusk
|-supereffective|p1a: Great Tusk
|-damage|p1a: Great Tusk|0 fnt
|faint|p1a: Great Tusk
|-end|p1a: Great Tusk|Protosynthesis|[silent]
|
|upkeep
|
|t:|1778498998
|switch|p1a: Ursaluna|Ursaluna, M|100/100
|turn|3
|
|t:|1778499002
|switch|p2a: Iron Valiant|Iron Valiant|100/100
|-enditem|p2a: Iron Valiant|Booster Energy
|-activate|p2a: Iron Valiant|ability: Quark Drive|[fromitem]
|-start|p2a: Iron Valiant|quarkdrivespe
|move|p1a: Ursaluna|Body Slam|p2a: Iron Valiant
|-damage|p2a: Iron Valiant|53/100
|
|upkeep
|turn|4
|
|t:|1778499013
|move|p2a: Iron Valiant|Shadow Ball|p1a: Ursaluna
|-immune|p1a: Ursaluna
|move|p1a: Ursaluna|Earthquake|p2a: Iron Valiant
|-damage|p2a: Iron Valiant|0 fnt
|faint|p2a: Iron Valiant
|-end|p2a: Iron Valiant|Quark Drive|[silent]
|
|upkeep
|
|t:|1778499017
|switch|p2a: Hoopa|Hoopa-Unbound|100/100
|turn|5
|
|t:|1778499026
|switch|p1a: Pecharunt|Pecharunt|100/100
|-terastallize|p2a: Hoopa|Psychic
|move|p2a: Hoopa|Expanding Force|p1a: Pecharunt
|-supereffective|p1a: Pecharunt
|-damage|p1a: Pecharunt|0 fnt
|faint|p1a: Pecharunt
|
|upkeep
|
|t:|1778499036
|switch|p1a: Ursaluna|Ursaluna, M|100/100
|turn|6
|
|t:|1778499039
|move|p1a: Ursaluna|Protect|p1a: Ursaluna
|-singleturn|p1a: Ursaluna|Protect
|move|p2a: Hoopa|Expanding Force|p1a: Ursaluna
|-activate|p1a: Ursaluna|move: Protect
|
|upkeep
|turn|7
|
|t:|1778499046
|move|p2a: Hoopa|Expanding Force|p1a: Ursaluna
|-damage|p1a: Ursaluna|13/100
|move|p1a: Ursaluna|Earthquake|p2a: Hoopa
|-damage|p2a: Hoopa|28/100
|
|-heal|p1a: Ursaluna|19/100|[from] item: Leftovers
|upkeep
|turn|8
|
|t:|1778499054
|move|p2a: Hoopa|Expanding Force|p1a: Ursaluna
|-damage|p1a: Ursaluna|0 fnt
|faint|p1a: Ursaluna
|
|-fieldend|move: Psychic Terrain
|upkeep
|
|t:|1778499066
|switch|p1a: Enamorus|Enamorus, F|100/100
|turn|9
|
|t:|1778499070
|switch|p2a: Cinderace|Cinderace, M|84/100
|move|p1a: Enamorus|Earth Power|p2a: Cinderace
|-supereffective|p2a: Cinderace
|-damage|p2a: Cinderace|0 fnt
|faint|p2a: Cinderace
|
|upkeep
|
|t:|1778499072
|switch|p2a: Indeedee|Indeedee, M|100/100
|-fieldstart|move: Psychic Terrain|[from] ability: Psychic Surge|[of] p2a: Indeedee
|turn|10
|
|t:|1778499078
|switch|p1a: Raging Bolt|Raging Bolt|100/100
|switch|p2a: Ceruledge|Ceruledge, F|100/100
|
|upkeep
|turn|11
|
|t:|1778499083
|move|p2a: Ceruledge|Swords Dance|p2a: Ceruledge
|-boost|p2a: Ceruledge|atk|2
|move|p1a: Raging Bolt|Discharge|p2a: Ceruledge
|-damage|p2a: Ceruledge|50/100
|
|upkeep
|turn|12
|
|t:|1778499086
|move|p2a: Ceruledge|Poltergeist|p1a: Raging Bolt
|-activate|p1a: Raging Bolt|move: Poltergeist|Leftovers
|-damage|p1a: Raging Bolt|5/100
|move|p1a: Raging Bolt|Discharge|p2a: Ceruledge
|-damage|p2a: Ceruledge|0 fnt
|faint|p2a: Ceruledge
|
|-heal|p1a: Raging Bolt|11/100|[from] item: Leftovers
|upkeep
|
|t:|1778499089
|switch|p2a: Hoopa|Hoopa-Unbound, tera:Psychic|28/100
|turn|13
|
|t:|1778499092
|move|p2a: Hoopa|Expanding Force|p1a: Raging Bolt
|-damage|p1a: Raging Bolt|0 fnt
|faint|p1a: Raging Bolt
|-end|p1a: Raging Bolt|Protosynthesis|[silent]
|
|upkeep
|
|t:|1778499096
|switch|p1a: Enamorus|Enamorus, F|100/100
|turn|14
|
|t:|1778499117
|switch|p2a: Polteageist|Polteageist-Antique|100/100
|move|p1a: Enamorus|Moonblast|p2a: Polteageist
|-damage|p2a: Polteageist|45/100
|
|upkeep
|turn|15
|
|t:|1778499122
|move|p1a: Enamorus|Moonblast|p2a: Polteageist
|-damage|p2a: Polteageist|0 fnt
|faint|p2a: Polteageist
|
|upkeep
|
|t:|1778499124
|switch|p2a: Indeedee|Indeedee, M|100/100
|turn|16
|
|t:|1778499135
|move|p1a: Enamorus|Moonblast|p2a: Indeedee
|-damage|p2a: Indeedee|29/100
|move|p2a: Indeedee|Expanding Force|p1a: Enamorus
|-crit|p1a: Enamorus
|-damage|p1a: Enamorus|0 fnt
|faint|p1a: Enamorus
|
|upkeep
|
|t:|1778499140
|switch|p1a: Rillaboom|Rillaboom, F|100/100
|-fieldstart|move: Grassy Terrain|[from] ability: Grassy Surge|[of] p1a: Rillaboom
|turn|17
|
|t:|1778499160
|switch|p2a: Hoopa|Hoopa-Unbound, tera:Psychic|28/100
|-terastallize|p1a: Rillaboom|Grass
|move|p1a: Rillaboom|Grassy Glide|p2a: Hoopa
|-damage|p2a: Hoopa|0 fnt
|faint|p2a: Hoopa
|
|upkeep
|
|t:|1778499162
|switch|p2a: Indeedee|Indeedee, M|29/100
|-fieldstart|move: Psychic Terrain|[from] ability: Psychic Surge|[of] p2a: Indeedee
|turn|18
|
|t:|1778499164
|move|p2a: Indeedee|Expanding Force|p1a: Rillaboom
|-damage|p1a: Rillaboom|5/100
|move|p1a: Rillaboom|Grassy Glide|p2a: Indeedee
|-damage|p2a: Indeedee|0 fnt
|faint|p2a: Indeedee
|
|win|Ghettocatfish
|raw|Ghettocatfish's rating: 1578 &rarr; <strong>1601</strong><br />(+23 for winning)
|raw|brievenbuspoeper's rating: 1622 &rarr; <strong>1599</strong><br />(-23 for losing)
|c|☆Ghettocatfish|Gg
|l|☆brievenbuspoeper
|player|p2|
|l|☆Ghettocatfish
|player|p1|
