|html|<div class="broadcast-blue"><strong>[Gen 9] OU is currently suspecting Tera Blast! For information on how to participate check out the <a href="https://www.smogon.com/tools/suspects/view/200">suspect thread</a>.</strong></div>
|j|☆liviifailure
|j|☆She/Heroin
|t:|1776123903
|gametype|singles
|player|p1|liviifailure|iono|
|player|p2|She/Heroin|jacinthe|
|gen|9
|tier|[Gen 9] OU
|rule|HP Percentage Mod: HP is shown in percentages
|rule|Endless Battle Clause: Forcing endless battles is banned
|rule|Species Clause: Limit one of each Pokémon
|rule|OHKO Clause: OHKO moves are banned
|rule|Evasion Items Clause: Evasion items are banned
|rule|Evasion Moves Clause: Evasion moves are banned
|rule|Evasion Abilities Clause: Evasion abilities are banned
|rule|Sleep Moves Clause: Sleep-inducing moves are banned
|clearpoke
|poke|p1|Tyranitar, M|
|poke|p1|Hydrapple, M|
|poke|p1|Enamorus, F|
|poke|p1|Garganacl, F|
|poke|p1|Excadrill, F|
|poke|p1|Alomomola, M|
|poke|p2|Ogerpon-Cornerstone, F|
|poke|p2|Hatterene, F|
|poke|p2|Iron Treads|
|poke|p2|Zapdos|
|poke|p2|Primarina, F|
|poke|p2|Salamence, F|
|teampreview
|
|t:|1776123949
|teamsize|p1|6
|teamsize|p2|6
|start
|switch|p1a: Garganacl|Garganacl, F|100/100
|switch|p2a: Zapdos|Zapdos, shiny|100/100
|turn|1
|
|t:|1776123953
|move|p2a: Zapdos|Volt Switch|p1a: Garganacl
|-damage|p1a: Garganacl|74/100
|
|t:|1776123964
|switch|p2a: Hatterene|Hatterene, F|100/100|[from] Volt Switch
|move|p1a: Garganacl|Salt Cure|p2a: Hatterene
|-damage|p2a: Hatterene|88/100
|-start|p2a: Hatterene|Salt Cure
|
|-heal|p1a: Garganacl|81/100|[from] item: Leftovers
|-damage|p2a: Hatterene|76/100|[from] Salt Cure
|upkeep
|turn|2
|
|t:|1776123981
|switch|p2a: Primarina|Primarina, F|100/100
|move|p1a: Garganacl|Protect||[still]
|-fail|p1a: Garganacl
|
|-heal|p1a: Garganacl|87/100|[from] item: Leftovers
|upkeep
|turn|3
|
|t:|1776123993
|-terastallize|p1a: Garganacl|Fairy
|move|p2a: Primarina|Substitute|p2a: Primarina
|-start|p2a: Primarina|Substitute
|-damage|p2a: Primarina|76/100
|move|p1a: Garganacl|Salt Cure|p2a: Primarina
|-activate|p2a: Primarina|move: Substitute|[damage]
|
|-heal|p2a: Primarina|82/100|[from] item: Leftovers
|-heal|p1a: Garganacl|93/100|[from] item: Leftovers
|upkeep
|turn|4
|
|t:|1776124013
|switch|p1a: Enamorus|Enamorus, F|100/100
|move|p2a: Primarina|Calm Mind|p2a: Primarina
|-boost|p2a: Primarina|spa|1
|-boost|p2a: Primarina|spd|1
|
|-heal|p2a: Primarina|88/100|[from] item: Leftovers
|upkeep
|turn|5
|
|t:|1776124017
|move|p1a: Enamorus|Moonblast|p2a: Primarina
|-end|p2a: Primarina|Substitute
|move|p2a: Primarina|Moonblast|p1a: Enamorus
|-damage|p1a: Enamorus|0 fnt
|faint|p1a: Enamorus
|
|-heal|p2a: Primarina|94/100|[from] item: Leftovers
|upkeep
|
|t:|1776124055
|switch|p1a: Excadrill|Excadrill, F|100/100
|turn|6
|
|t:|1776124063
|move|p1a: Excadrill|Substitute|p1a: Excadrill
|-start|p1a: Excadrill|Substitute
|-damage|p1a: Excadrill|76/100
|move|p2a: Primarina|Psychic Noise|p1a: Excadrill
|-supereffective|p1a: Excadrill
|-damage|p1a: Excadrill|0 fnt
|faint|p1a: Excadrill
|
|-heal|p2a: Primarina|100/100|[from] item: Leftovers
|upkeep
|c|☆liviifailure|i forgot liquid voice was an ability ow
|
|t:|1776124085
|switch|p1a: Hydrapple|Hydrapple, M|100/100
|turn|7
|
|t:|1776124090
|move|p2a: Primarina|Moonblast|p1a: Hydrapple
|-supereffective|p1a: Hydrapple
|-crit|p1a: Hydrapple
|-damage|p1a: Hydrapple|0 fnt
|faint|p1a: Hydrapple
|
|upkeep
|
|t:|1776124092
|switch|p1a: Alomomola|Alomomola, M|100/100
|turn|8
|
|t:|1776124095
|move|p2a: Primarina|Substitute|p2a: Primarina
|-start|p2a: Primarina|Substitute
|-damage|p2a: Primarina|76/100
|move|p1a: Alomomola|Mirror Coat||[still]
|-fail|p1a: Alomomola
|
|-heal|p2a: Primarina|82/100|[from] item: Leftovers
|upkeep
|turn|9
|c|☆liviifailure|yeah this prim just 6-0s this team
|
|t:|1776124110
|move|p2a: Primarina|Calm Mind|p2a: Primarina
|-boost|p2a: Primarina|spa|1
|-boost|p2a: Primarina|spd|1
|move|p1a: Alomomola|Mirror Coat||[still]
|-fail|p1a: Alomomola
|
|-heal|p2a: Primarina|88/100|[from] item: Leftovers
|upkeep
|turn|10
|c|☆She/Heroin|you have to get hazards up early
|c|☆She/Heroin|and not burn tera on garg
|c|☆liviifailure|insta tera fucked me ya thats on me
|
|t:|1776124159
|move|p2a: Primarina|Calm Mind|p2a: Primarina
|-boost|p2a: Primarina|spa|1
|-boost|p2a: Primarina|spd|1
|move|p1a: Alomomola|Body Slam|p2a: Primarina
|-activate|p2a: Primarina|move: Substitute|[damage]
|
|-heal|p2a: Primarina|94/100|[from] item: Leftovers
|upkeep
|turn|11
|
|t:|1776124167
|move|p2a: Primarina|Calm Mind|p2a: Primarina
|-boost|p2a: Primarina|spa|1
|-boost|p2a: Primarina|spd|1
|move|p1a: Alomomola|Body Slam|p2a: Primarina
|-end|p2a: Primarina|Substitute
|
|-heal|p2a: Primarina|100/100|[from] item: Leftovers
|upkeep
|turn|12
|
|t:|1776124178
|move|p2a: Primarina|Substitute|p2a: Primarina
|-start|p2a: Primarina|Substitute
|-damage|p2a: Primarina|76/100
|move|p1a: Alomomola|Body Slam|p2a: Primarina
|-crit|p2a: Primarina
|-end|p2a: Primarina|Substitute
|
|-heal|p2a: Primarina|82/100|[from] item: Leftovers
|upkeep
|turn|13
|
|t:|1776124184
|move|p2a: Primarina|Substitute|p2a: Primarina
|-start|p2a: Primarina|Substitute
|-damage|p2a: Primarina|57/100
|move|p1a: Alomomola|Body Slam|p2a: Primarina
|-activate|p2a: Primarina|move: Substitute|[damage]
|
|-heal|p2a: Primarina|63/100|[from] item: Leftovers
|upkeep
|turn|14
|
|t:|1776124187
|move|p2a: Primarina|Moonblast|p1a: Alomomola
|-damage|p1a: Alomomola|8/100
|-unboost|p1a: Alomomola|spa|1
|move|p1a: Alomomola|Body Slam|p2a: Primarina
|-end|p2a: Primarina|Substitute
|
|-heal|p2a: Primarina|69/100|[from] item: Leftovers
|upkeep
|turn|15
|
|t:|1776124196
|move|p2a: Primarina|Substitute|p2a: Primarina
|-start|p2a: Primarina|Substitute
|-damage|p2a: Primarina|44/100
|move|p1a: Alomomola|Body Slam|p2a: Primarina
|-activate|p2a: Primarina|move: Substitute|[damage]
|
|-heal|p2a: Primarina|51/100|[from] item: Leftovers
|upkeep
|turn|16
|
|t:|1776124204
|move|p2a: Primarina|Moonblast|p1a: Alomomola
|-damage|p1a: Alomomola|0 fnt
|faint|p1a: Alomomola
|
|-heal|p2a: Primarina|57/100|[from] item: Leftovers
|upkeep
|
|t:|1776124207
|switch|p1a: Tyranitar|Tyranitar, M|100/100
|-weather|Sandstorm|[from] ability: Sand Stream|[of] p1a: Tyranitar
|turn|17
|
|t:|1776124216
|move|p1a: Tyranitar|Stone Edge|p2a: Primarina
|-end|p2a: Primarina|Substitute
|move|p2a: Primarina|Moonblast|p1a: Tyranitar
|-supereffective|p1a: Tyranitar
|-damage|p1a: Tyranitar|0 fnt
|faint|p1a: Tyranitar
|
|-weather|Sandstorm|[upkeep]
|-damage|p2a: Primarina|51/100|[from] Sandstorm
|-heal|p2a: Primarina|57/100|[from] item: Leftovers
|upkeep
|
|t:|1776124219
|switch|p1a: Garganacl|Garganacl, F, tera:Fairy|93/100
|turn|18
|
|t:|1776124222
|move|p2a: Primarina|Moonblast|p1a: Garganacl
|-damage|p1a: Garganacl|0 fnt
|faint|p1a: Garganacl
|
|win|She/Heroin
|c|☆She/Heroin|gg
|c|☆liviifailure|gg
|l|☆liviifailure
|player|p1|
