|html|<div class="broadcast-blue"><strong>[Gen 9] OU is currently suspecting Tera Blast! For information on how to participate check out the <a href="https://www.smogon.com/tools/suspects/view/200">suspect thread</a>.</strong></div>
|j|☆rilladih
|j|☆mlgbd
|t:|1776076187
|gametype|singles
|player|p1|rilladih|266|1411
|player|p2|mlgbd|n|1479
|gen|9
|tier|[Gen 9] OU
|rated|
|rule|HP Percentage Mod: HP is shown in percentages
|rule|Endless Battle Clause: Forcing endless battles is banned
|rule|Species Clause: Limit one of each Pokémon
|rule|OHKO Clause: OHKO moves are banned
|rule|Evasion Items Clause: Evasion items are banned
|rule|Evasion Moves Clause: Evasion moves are banned
|rule|Evasion Abilities Clause: Evasion abilities are banned
|rule|Sleep Moves Clause: Sleep-inducing moves are banned
|clearpoke
|poke|p1|Iron Valiant|
|poke|p1|Excadrill, M|
|poke|p1|Tyranitar, M|
|poke|p1|Tornadus-Therian, M|
|poke|p1|Ogerpon-Cornerstone, F|
|poke|p1|Toxapex, M|
|poke|p2|Vikavolt, M|
|poke|p2|Pecharunt|
|poke|p2|Iron Moth|
|poke|p2|Kyurem|
|poke|p2|Great Tusk|
|poke|p2|Ogerpon-Cornerstone, F|
|teampreview
|inactive|Battle timer is ON: inactive players will automatically lose when time's up. (requested by rilladih)
|inactive|mlgbd also wants the timer to be on.
|
|t:|1776076197
|teamsize|p1|6
|teamsize|p2|6
|start
|switch|p1a: Ogerpon|Ogerpon-Cornerstone, F|100/100
|switch|p2a: 猜猜是谁不会飞🤔|Vikavolt, M|100/100
|turn|1
|
|t:|1776076206
|move|p1a: Ogerpon|Ivy Cudgel|p2a: 猜猜是谁不会飞🤔|[anim] Ivy Cudgel Rock
|-supereffective|p2a: 猜猜是谁不会飞🤔
|-enditem|p2a: 猜猜是谁不会飞🤔|Focus Sash
|-damage|p2a: 猜猜是谁不会飞🤔|1/100
|move|p2a: 猜猜是谁不会飞🤔|Sticky Web|p1a: Ogerpon
|-sidestart|p1: rilladih|move: Sticky Web
|
|upkeep
|turn|2
|j| Apex Vanquisher
|
|t:|1776076219
|move|p1a: Ogerpon|Knock Off|p2a: 猜猜是谁不会飞🤔
|-damage|p2a: 猜猜是谁不会飞🤔|0 fnt
|faint|p2a: 猜猜是谁不会飞🤔
|
|upkeep
|
|t:|1776076222
|switch|p2a: 宝宝你是一块香香软软的蓝莓小蛋糕🥺|Great Tusk|100/100
|turn|3
|l| Apex Vanquisher
|
|t:|1776076230
|move|p1a: Ogerpon|Power Whip|p2a: 宝宝你是一块香香软软的蓝莓小蛋糕🥺|[miss]
|-miss|p1a: Ogerpon|p2a: 宝宝你是一块香香软软的蓝莓小蛋糕🥺
|move|p2a: 宝宝你是一块香香软软的蓝莓小蛋糕🥺|Rapid Spin|p1a: Ogerpon
|-resisted|p1a: Ogerpon
|-damage|p1a: Ogerpon|88/100
|-boost|p2a: 宝宝你是一块香香软软的蓝莓小蛋糕🥺|spe|1
|
|upkeep
|turn|4
|l|☆mlgbd
|inactive|mlgbd disconnected and has a minute to reconnect!
|player|p2|
|j| Apex Vanquisher
|inactive|mlgbd has 30 seconds to reconnect!
|inactive|mlgbd has 20 seconds to reconnect!
|inactive|mlgbd has 15 seconds to reconnect!
|inactive|mlgbd has 10 seconds to reconnect!
|j|☆mlgbd
|inactive|mlgbd reconnected and has 90 seconds left.
|player|p2|mlgbd|n|
|
|t:|1776076296
|move|p2a: 宝宝你是一块香香软软的蓝莓小蛋糕🥺|Close Combat|p1a: Ogerpon
|-supereffective|p1a: Ogerpon
|-damage|p1a: Ogerpon|0 fnt
|-unboost|p2a: 宝宝你是一块香香软软的蓝莓小蛋糕🥺|def|1
|-unboost|p2a: 宝宝你是一块香香软软的蓝莓小蛋糕🥺|spd|1
|faint|p1a: Ogerpon
|
|upkeep
|
|t:|1776076302
|switch|p1a: Tornadus|Tornadus-Therian, M, shiny|100/100
|turn|5
|
|t:|1776076306
|move|p2a: 宝宝你是一块香香软软的蓝莓小蛋糕🥺|Ice Spinner|p1a: Tornadus
|-supereffective|p1a: Tornadus
|-damage|p1a: Tornadus|30/100
|move|p1a: Tornadus|Bleakwind Storm|p2a: 宝宝你是一块香香软软的蓝莓小蛋糕🥺
|-supereffective|p2a: 宝宝你是一块香香软软的蓝莓小蛋糕🥺
|-damage|p2a: 宝宝你是一块香香软软的蓝莓小蛋糕🥺|0 fnt
|faint|p2a: 宝宝你是一块香香软软的蓝莓小蛋糕🥺
|-end|p2a: 宝宝你是一块香香软软的蓝莓小蛋糕🥺|Protosynthesis|[silent]
|
|upkeep
|l| Apex Vanquisher
|inactive|mlgbd has 90 seconds left.
|
|t:|1776076324
|switch|p2a: 究竟是什么实力居然能一直留在ou😨|Kyurem|100/100
|-ability|p2a: 究竟是什么实力居然能一直留在ou😨|Pressure
|turn|6
|
|t:|1776076335
|switch|p1a: Toxapex|Toxapex, M, shiny|100/100
|-activate|p1a: Toxapex|move: Sticky Web
|-unboost|p1a: Toxapex|spe|1
|move|p2a: 究竟是什么实力居然能一直留在ou😨|Ice Beam|p1a: Toxapex
|-resisted|p1a: Toxapex
|-damage|p1a: Toxapex|83/100
|-enditem|p1a: Toxapex|Eject Button
|
|t:|1776076350
|switch|p1a: Tyranitar|Tyranitar, M, shiny|100/100
|-activate|p1a: Tyranitar|move: Sticky Web
|-unboost|p1a: Tyranitar|spe|1
|-weather|Sandstorm|[from] ability: Sand Stream|[of] p1a: Tyranitar
|
|-weather|Sandstorm|[upkeep]
|-damage|p2a: 究竟是什么实力居然能一直留在ou😨|94/100|[from] Sandstorm
|upkeep
|turn|7
|
|t:|1776076357
|move|p2a: 究竟是什么实力居然能一直留在ou😨|Earth Power|p1a: Tyranitar
|-supereffective|p1a: Tyranitar
|-damage|p1a: Tyranitar|58/100
|move|p1a: Tyranitar|Stealth Rock|p2a: 究竟是什么实力居然能一直留在ou😨
|-sidestart|p2: mlgbd|move: Stealth Rock
|
|-weather|Sandstorm|[upkeep]
|-damage|p2a: 究竟是什么实力居然能一直留在ou😨|88/100|[from] Sandstorm
|upkeep
|turn|8
|inactive|mlgbd has 120 seconds left.
|
|t:|1776076366
|move|p2a: 究竟是什么实力居然能一直留在ou😨|Earth Power|p1a: Tyranitar
|-supereffective|p1a: Tyranitar
|-damage|p1a: Tyranitar|14/100
|move|p1a: Tyranitar|Low Kick|p2a: 究竟是什么实力居然能一直留在ou😨
|-supereffective|p2a: 究竟是什么实力居然能一直留在ou😨
|-damage|p2a: 究竟是什么实力居然能一直留在ou😨|2/100
|
|-weather|Sandstorm|[upkeep]
|-damage|p2a: 究竟是什么实力居然能一直留在ou😨|0 fnt|[from] Sandstorm
|faint|p2a: 究竟是什么实力居然能一直留在ou😨
|upkeep
|inactive|mlgbd has 120 seconds left.
|
|t:|1776076373
|switch|p2a: 黑丝……嘿嘿……黑丝……🥵🥵🥵|Ogerpon-Cornerstone, F|100/100
|-damage|p2a: 黑丝……嘿嘿……黑丝……🥵🥵🥵|88/100|[from] Stealth Rock
|turn|9
|
|t:|1776076383
|switch|p1a: Toxapex|Toxapex, M, shiny|100/100
|-activate|p1a: Toxapex|move: Sticky Web
|-unboost|p1a: Toxapex|spe|1
|move|p2a: 黑丝……嘿嘿……黑丝……🥵🥵🥵|Horn Leech|p1a: Toxapex
|-damage|p1a: Toxapex|68/100
|-heal|p2a: 黑丝……嘿嘿……黑丝……🥵🥵🥵|100/100|[from] drain|[of] p1a: Toxapex
|
|-weather|Sandstorm|[upkeep]
|-damage|p1a: Toxapex|62/100|[from] Sandstorm
|upkeep
|turn|10
|
|t:|1776076394
|move|p2a: 黑丝……嘿嘿……黑丝……🥵🥵🥵|Swords Dance|p2a: 黑丝……嘿嘿……黑丝……🥵🥵🥵
|-boost|p2a: 黑丝……嘿嘿……黑丝……🥵🥵🥵|atk|2
|move|p1a: Toxapex|Toxic|p2a: 黑丝……嘿嘿……黑丝……🥵🥵🥵
|-status|p2a: 黑丝……嘿嘿……黑丝……🥵🥵🥵|tox
|
|-weather|Sandstorm|[upkeep]
|-damage|p1a: Toxapex|56/100|[from] Sandstorm
|-damage|p2a: 黑丝……嘿嘿……黑丝……🥵🥵🥵|95/100 tox|[from] psn
|upkeep
|turn|11
|
|t:|1776076404
|move|p2a: 黑丝……嘿嘿……黑丝……🥵🥵🥵|Horn Leech|p1a: Toxapex
|-damage|p1a: Toxapex|0 fnt
|-heal|p2a: 黑丝……嘿嘿……黑丝……🥵🥵🥵|100/100 tox|[from] drain|[of] p1a: Toxapex
|faint|p1a: Toxapex
|
|-weather|Sandstorm|[upkeep]
|-damage|p2a: 黑丝……嘿嘿……黑丝……🥵🥵🥵|89/100 tox|[from] psn
|upkeep
|
|t:|1776076408
|switch|p1a: Tornadus|Tornadus-Therian, M, shiny|63/100
|turn|12
|
|t:|1776076418
|move|p1a: Tornadus|Bleakwind Storm|p2a: 黑丝……嘿嘿……黑丝……🥵🥵🥵
|-damage|p2a: 黑丝……嘿嘿……黑丝……🥵🥵🥵|34/100 tox
|move|p2a: 黑丝……嘿嘿……黑丝……🥵🥵🥵|Ivy Cudgel|p1a: Tornadus|[anim] Ivy Cudgel Rock
|-supereffective|p1a: Tornadus
|-damage|p1a: Tornadus|0 fnt
|faint|p1a: Tornadus
|
|-weather|Sandstorm|[upkeep]
|-damage|p2a: 黑丝……嘿嘿……黑丝……🥵🥵🥵|16/100 tox|[from] psn
|upkeep
|
|t:|1776076425
|switch|p1a: Iron Valiant|Iron Valiant, shiny|100/100
|-activate|p1a: Iron Valiant|move: Sticky Web
|-unboost|p1a: Iron Valiant|spe|1
|turn|13
|j| Apex Vanquisher
|
|t:|1776076440
|move|p1a: Iron Valiant|Vacuum Wave|p2a: 黑丝……嘿嘿……黑丝……🥵🥵🥵
|-supereffective|p2a: 黑丝……嘿嘿……黑丝……🥵🥵🥵
|-damage|p2a: 黑丝……嘿嘿……黑丝……🥵🥵🥵|0 fnt
|faint|p2a: 黑丝……嘿嘿……黑丝……🥵🥵🥵
|
|-weather|none
|upkeep
|
|t:|1776076443
|switch|p2a: 可爱的桃子🥰|Pecharunt|100/100
|-damage|p2a: 可爱的桃子🥰|88/100|[from] Stealth Rock
|turn|14
|
|t:|1776076446
|-end|p1a: Iron Valiant|Quark Drive|[silent]
|switch|p1a: Tyranitar|Tyranitar, M, shiny|14/100
|-activate|p1a: Tyranitar|move: Sticky Web
|-unboost|p1a: Tyranitar|spe|1
|-weather|Sandstorm|[from] ability: Sand Stream|[of] p1a: Tyranitar
|move|p2a: 可爱的桃子🥰|Malignant Chain|p1a: Tyranitar
|-resisted|p1a: Tyranitar
|-damage|p1a: Tyranitar|4/100
|
|-weather|Sandstorm|[upkeep]
|-damage|p2a: 可爱的桃子🥰|82/100|[from] Sandstorm
|-heal|p2a: 可爱的桃子🥰|88/100|[from] item: Leftovers
|upkeep
|turn|15
|
|t:|1776076450
|move|p2a: 可爱的桃子🥰|Malignant Chain|p1a: Tyranitar
|-resisted|p1a: Tyranitar
|-damage|p1a: Tyranitar|0 fnt
|faint|p1a: Tyranitar
|
|-weather|Sandstorm|[upkeep]
|-damage|p2a: 可爱的桃子🥰|82/100|[from] Sandstorm
|-heal|p2a: 可爱的桃子🥰|88/100|[from] item: Leftovers
|upkeep
|
|t:|1776076453
|switch|p1a: Excadrill|Excadrill, M, shiny|100/100
|-activate|p1a: Excadrill|move: Sticky Web
|-unboost|p1a: Excadrill|spe|1
|turn|16
|
|t:|1776076461
|move|p1a: Excadrill|Substitute|p1a: Excadrill
|-start|p1a: Excadrill|Substitute
|-damage|p1a: Excadrill|76/100
|move|p2a: 可爱的桃子🥰|Destiny Bond|p2a: 可爱的桃子🥰
|-singlemove|p2a: 可爱的桃子🥰|Destiny Bond
|
|-weather|Sandstorm|[upkeep]
|-damage|p2a: 可爱的桃子🥰|82/100|[from] Sandstorm
|-heal|p1a: Excadrill|82/100|[from] item: Leftovers
|-heal|p2a: 可爱的桃子🥰|88/100|[from] item: Leftovers
|upkeep
|turn|17
|
|t:|1776076472
|move|p1a: Excadrill|Rapid Spin|p2a: 可爱的桃子🥰
|-immune|p2a: 可爱的桃子🥰
|move|p2a: 可爱的桃子🥰|Recover|p2a: 可爱的桃子🥰
|-heal|p2a: 可爱的桃子🥰|100/100
|
|-weather|Sandstorm|[upkeep]
|-damage|p2a: 可爱的桃子🥰|94/100|[from] Sandstorm
|-heal|p1a: Excadrill|88/100|[from] item: Leftovers
|-heal|p2a: 可爱的桃子🥰|100/100|[from] item: Leftovers
|upkeep
|turn|18
|
|t:|1776076479
|-terastallize|p1a: Excadrill|Ground
|move|p1a: Excadrill|Earthquake|p2a: 可爱的桃子🥰
|-supereffective|p2a: 可爱的桃子🥰
|-damage|p2a: 可爱的桃子🥰|5/100
|move|p2a: 可爱的桃子🥰|Destiny Bond|p2a: 可爱的桃子🥰
|-singlemove|p2a: 可爱的桃子🥰|Destiny Bond
|
|-weather|Sandstorm|[upkeep]
|-damage|p2a: 可爱的桃子🥰|0 fnt|[from] Sandstorm
|faint|p2a: 可爱的桃子🥰
|-heal|p1a: Excadrill|94/100|[from] item: Leftovers
|upkeep
|
|t:|1776076487
|switch|p2a: 机智的蛾企🤓|Iron Moth|100/100
|-damage|p2a: 机智的蛾企🤓|76/100|[from] Stealth Rock
|-enditem|p2a: 机智的蛾企🤓|Booster Energy
|-activate|p2a: 机智的蛾企🤓|ability: Quark Drive|[fromitem]
|-start|p2a: 机智的蛾企🤓|quarkdrivespa
|turn|19
|
|t:|1776076495
|-terastallize|p2a: 机智的蛾企🤓|Grass
|move|p1a: Excadrill|Earthquake|p2a: 机智的蛾企🤓
|-resisted|p2a: 机智的蛾企🤓
|-damage|p2a: 机智的蛾企🤓|9/100
|move|p2a: 机智的蛾企🤓|Energy Ball|p1a: Excadrill
|-supereffective|p1a: Excadrill
|-end|p1a: Excadrill|Substitute
|
|-weather|Sandstorm|[upkeep]
|-damage|p2a: 机智的蛾企🤓|3/100|[from] Sandstorm
|-heal|p1a: Excadrill|99/100|[from] item: Leftovers
|upkeep
|turn|20
|
|t:|1776076501
|move|p1a: Excadrill|Earthquake|p2a: 机智的蛾企🤓
|-resisted|p2a: 机智的蛾企🤓
|-damage|p2a: 机智的蛾企🤓|0 fnt
|faint|p2a: 机智的蛾企🤓
|-end|p2a: 机智的蛾企🤓|Quark Drive|[silent]
|
|win|rilladih
|raw|rilladih's rating: 1411 &rarr; <strong>1435</strong><br />(+24 for winning)
|raw|mlgbd's rating: 1479 &rarr; <strong>1455</strong><br />(-24 for losing)
|l|☆mlgbd
|player|p2|
|l|☆rilladih
|player|p1|
|c| Apex Vanquisher|拖沙暴吗？
|l| Apex Vanquisher
