|html|<div class="broadcast-blue"><strong>[Gen 9] OU is currently suspecting Volcarona! For information on how to participate check out the <a href="https://www.smogon.com/tools/suspects/view/208">suspect thread</a>.</strong></div>
|j|☆TristanPlaysPKMN
|j|☆IvanZM
|t:|1778517996
|gametype|singles
|player|p1|TristanPlaysPKMN|firebreather|1214
|player|p2|IvanZM|cynthia|1175
|gen|9
|tier|[Gen 9] OU
|rated|
|rule|HP Percentage Mod: HP is shown in percentages
|rule|Endless Battle Clause: Forcing endless battles is banned
|rule|Species Clause: Limit one of each Pokémon
|rule|OHKO Clause: OHKO moves are banned
|rule|Evasion Items Clause: Evasion items are banned
|rule|Evasion Moves Clause: Evasion moves are banned
|rule|Evasion Abilities Clause: Evasion abilities are banned
|rule|Sleep Moves Clause: Sleep-inducing moves are banned
|clearpoke
|poke|p1|Gogoat, M|
|poke|p1|Ceruledge, M|
|poke|p1|Raging Bolt|
|poke|p1|Garganacl, F|
|poke|p1|Araquanid, M|
|poke|p1|Braviary-Hisui, M|
|poke|p2|Ceruledge, F|
|poke|p2|Garganacl, M|
|poke|p2|Vaporeon, M|
|poke|p2|Ogerpon-Wellspring, F|
|poke|p2|Enamorus, F|
|poke|p2|Luxray, M|
|teampreview
|inactive|Battle timer is ON: inactive players will automatically lose when time's up. (requested by IvanZM)
|inactive|TristanPlaysPKMN also wants the timer to be on.
|
|t:|1778517998
|teamsize|p1|6
|teamsize|p2|6
|start
|switch|p1a: Plip|Araquanid, M, shiny|100/100
|switch|p2a: Luxray|Luxray, M|100/100
|turn|1
|
|t:|1778518002
|move|p2a: Luxray|Trailblaze|p1a: Plip
|-damage|p1a: Plip|82/100
|-boost|p2a: Luxray|spe|1
|move|p1a: Plip|Sticky Web|p2a: Luxray
|-sidestart|p2: IvanZM|move: Sticky Web
|
|-status|p2a: Luxray|brn|[from] item: Flame Orb
|upkeep
|turn|2
|
|t:|1778518008
|move|p1a: Plip|Endure|p1a: Plip
|-singleturn|p1a: Plip|move: Endure
|move|p2a: Luxray|Supercell Slam|p1a: Plip
|-supereffective|p1a: Plip
|-activate|p1a: Plip|move: Endure
|-damage|p1a: Plip|1/100
|
|-damage|p2a: Luxray|95/100 brn|[from] brn
|upkeep
|turn|3
|-enditem|p1a: Plip|Custap Berry|[eat]
|-activate|p1a: Plip|item: Custap Berry|[consumed]
|
|t:|1778518012
|move|p1a: Plip|Endeavor|p2a: Luxray
|-damage|p2a: Luxray|1/100 brn
|move|p2a: Luxray|Supercell Slam|p1a: Plip
|-supereffective|p1a: Plip
|-damage|p1a: Plip|0 fnt
|faint|p1a: Plip
|
|-damage|p2a: Luxray|0 fnt|[from] brn
|faint|p2a: Luxray
|upkeep
|
|t:|1778518018
|switch|p2a: Ghost arms|Ceruledge, F, shiny|100/100
|switch|p1a: THE GOAT|Gogoat, M, shiny|100/100
|-activate|p2a: Ghost arms|move: Sticky Web
|-unboost|p2a: Ghost arms|spe|1
|turn|4
|
|t:|1778518023
|-terastallize|p1a: THE GOAT|Ground
|move|p2a: Ghost arms|Swords Dance|p2a: Ghost arms
|-boost|p2a: Ghost arms|atk|2
|move|p1a: THE GOAT|Earthquake|p2a: Ghost arms
|-supereffective|p2a: Ghost arms
|-enditem|p2a: Ghost arms|Focus Sash
|-damage|p2a: Ghost arms|1/100
|-ability|p2a: Ghost arms|Weak Armor|boost
|-unboost|p2a: Ghost arms|def|1
|-boost|p2a: Ghost arms|spe|2
|
|upkeep
|turn|5
|
|t:|1778518038
|move|p2a: Ghost arms|Poltergeist|p1a: THE GOAT
|-activate|p1a: THE GOAT|move: Poltergeist|Leftovers
|-damage|p1a: THE GOAT|0 fnt
|faint|p1a: THE GOAT
|
|upkeep
|
|t:|1778518046
|switch|p1a: TargetOfAffection|Raging Bolt|100/100
|-enditem|p1a: TargetOfAffection|Booster Energy
|-activate|p1a: TargetOfAffection|ability: Protosynthesis|[fromitem]
|-start|p1a: TargetOfAffection|protosynthesisspa
|turn|6
|
|t:|1778518048
|move|p2a: Ghost arms|Shadow Sneak|p1a: TargetOfAffection
|-damage|p1a: TargetOfAffection|58/100
|move|p1a: TargetOfAffection|Thunderclap||[still]
|-fail|p1a: TargetOfAffection
|
|upkeep
|turn|7
|
|t:|1778518052
|move|p2a: Ghost arms|Shadow Sneak|p1a: TargetOfAffection
|-crit|p1a: TargetOfAffection
|-damage|p1a: TargetOfAffection|0 fnt
|faint|p1a: TargetOfAffection
|-end|p1a: TargetOfAffection|Protosynthesis|[silent]
|
|upkeep
|c|☆TristanPlaysPKMN|bro
|
|t:|1778518058
|switch|p1a: Crusty|Garganacl, F, shiny|100/100
|turn|8
|c|☆IvanZM|lmao
|
|t:|1778518061
|move|p2a: Ghost arms|Close Combat|p1a: Crusty
|-supereffective|p1a: Crusty
|-damage|p1a: Crusty|0 fnt
|-unboost|p2a: Ghost arms|def|1
|-unboost|p2a: Ghost arms|spd|1
|-damage|p2a: Ghost arms|0 fnt|[from] item: Rocky Helmet|[of] p1a: Crusty
|faint|p1a: Crusty
|faint|p2a: Ghost arms
|
|upkeep
|
|t:|1778518065
|switch|p2a: Enamorus|Enamorus, F|100/100
|switch|p1a: Espiary|Braviary-Hisui, M, shiny|100/100
|turn|9
|
|t:|1778518073
|move|p2a: Enamorus|Superpower|p1a: Espiary
|-resisted|p1a: Espiary
|-damage|p1a: Espiary|91/100
|-boost|p2a: Enamorus|atk|1
|-boost|p2a: Enamorus|def|1
|move|p1a: Espiary|Esper Wing|p2a: Enamorus
|-damage|p2a: Enamorus|68/100
|-boost|p1a: Espiary|spe|1
|
|-heal|p1a: Espiary|97/100|[from] item: Leftovers
|upkeep
|turn|10
|
|t:|1778518083
|move|p1a: Espiary|Calm Mind|p1a: Espiary
|-boost|p1a: Espiary|spa|1
|-boost|p1a: Espiary|spd|1
|move|p2a: Enamorus|Play Rough|p1a: Espiary
|-damage|p1a: Espiary|28/100
|
|-heal|p1a: Espiary|34/100|[from] item: Leftovers
|upkeep
|turn|11
|
|t:|1778518095
|move|p1a: Espiary|Hurricane|p2a: Enamorus
|-damage|p2a: Enamorus|6/100
|-start|p2a: Enamorus|confusion
|-activate|p2a: Enamorus|confusion
|-damage|p2a: Enamorus|0 fnt|[from] confusion
|faint|p2a: Enamorus
|
|-heal|p1a: Espiary|40/100|[from] item: Leftovers
|upkeep
|
|t:|1778518100
|switch|p2a: The rock|Garganacl, M, shiny|100/100
|-activate|p2a: The rock|move: Sticky Web
|-unboost|p2a: The rock|spe|1
|turn|12
|
|t:|1778518107
|move|p1a: Espiary|Hurricane|p2a: The rock
|-resisted|p2a: The rock
|-damage|p2a: The rock|39/100
|move|p2a: The rock|Salt Cure|p1a: Espiary
|-supereffective|p1a: Espiary
|-damage|p1a: Espiary|3/100
|-start|p1a: Espiary|Salt Cure
|
|-heal|p1a: Espiary|9/100|[from] item: Leftovers
|-heal|p2a: The rock|45/100|[from] item: Leftovers
|-damage|p1a: Espiary|0 fnt|[from] Salt Cure
|faint|p1a: Espiary
|upkeep
|
|t:|1778518111
|switch|p1a: Swordsman|Ceruledge, M, shiny|100/100
|turn|13
|
|t:|1778518118
|move|p1a: Swordsman|Swords Dance|p1a: Swordsman
|-boost|p1a: Swordsman|atk|2
|move|p2a: The rock|Salt Cure|p1a: Swordsman
|-supereffective|p1a: Swordsman
|-damage|p1a: Swordsman|65/100
|-start|p1a: Swordsman|Salt Cure
|-ability|p1a: Swordsman|Weak Armor|boost
|-unboost|p1a: Swordsman|def|1
|-boost|p1a: Swordsman|spe|2
|-enditem|p1a: Swordsman|Weakness Policy
|-boost|p1a: Swordsman|atk|2|[from] item: Weakness Policy
|-boost|p1a: Swordsman|spa|2|[from] item: Weakness Policy
|
|-heal|p2a: The rock|51/100|[from] item: Leftovers
|-damage|p1a: Swordsman|52/100|[from] Salt Cure
|upkeep
|turn|14
|
|t:|1778518122
|move|p2a: The rock|Protect|p2a: The rock
|-singleturn|p2a: The rock|Protect
|move|p1a: Swordsman|Close Combat|p2a: The rock
|-activate|p2a: The rock|move: Protect
|
|-heal|p2a: The rock|57/100|[from] item: Leftovers
|-damage|p1a: Swordsman|40/100|[from] Salt Cure
|upkeep
|turn|15
|
|t:|1778518129
|-terastallize|p2a: The rock|Ghost
|move|p1a: Swordsman|Close Combat|p2a: The rock
|-immune|p2a: The rock
|move|p2a: The rock|Substitute|p2a: The rock
|-start|p2a: The rock|Substitute
|-damage|p2a: The rock|32/100
|
|-heal|p2a: The rock|38/100|[from] item: Leftovers
|-damage|p1a: Swordsman|28/100|[from] Salt Cure
|upkeep
|turn|16
|c|☆IvanZM|hehe
|
|t:|1778518134
|move|p2a: The rock|Protect|p2a: The rock
|-singleturn|p2a: The rock|Protect
|move|p1a: Swordsman|Bitter Blade|p2a: The rock
|-activate|p2a: The rock|move: Protect
|
|-heal|p2a: The rock|44/100|[from] item: Leftovers
|-damage|p1a: Swordsman|16/100|[from] Salt Cure
|upkeep
|turn|17
|
|t:|1778518137
|move|p1a: Swordsman|Bitter Blade|p2a: The rock
|-end|p2a: The rock|Substitute
|-heal|p1a: Swordsman|29/100|[from] drain|[of] p2a: The rock
|move|p2a: The rock|Salt Cure|p1a: Swordsman
|-supereffective|p1a: Swordsman
|-damage|p1a: Swordsman|0 fnt
|faint|p1a: Swordsman
|
|win|IvanZM
|raw|TristanPlaysPKMN's rating: 1214 &rarr; <strong>1186</strong><br />(-28 for losing)
|raw|IvanZM's rating: 1175 &rarr; <strong>1203</strong><br />(+28 for winning)
|c|☆TristanPlaysPKMN|gg
|l|☆IvanZM
|player|p2|
|l|☆TristanPlaysPKMN
|player|p1|
