|html|<div class="broadcast-blue"><strong>[Gen 9] OU is currently suspecting Tera Blast! For information on how to participate check out the <a href="https://www.smogon.com/tools/suspects/view/200">suspect thread</a>.</strong></div>
|j|☆Phoenix Nood
|j|☆mohva
|t:|1776056062
|gametype|singles
|player|p1|Phoenix Nood|1|1225
|player|p2|mohva|koga|1253
|gen|9
|tier|[Gen 9] OU
|rated|
|rule|HP Percentage Mod: HP is shown in percentages
|rule|Endless Battle Clause: Forcing endless battles is banned
|rule|Species Clause: Limit one of each Pokémon
|rule|OHKO Clause: OHKO moves are banned
|rule|Evasion Items Clause: Evasion items are banned
|rule|Evasion Moves Clause: Evasion moves are banned
|rule|Evasion Abilities Clause: Evasion abilities are banned
|rule|Sleep Moves Clause: Sleep-inducing moves are banned
|clearpoke
|poke|p1|Mamoswine, F|
|poke|p1|Moltres|
|poke|p1|Alomomola, F|
|poke|p1|Hatterene, F|
|poke|p1|Great Tusk|
|poke|p1|Darkrai|
|poke|p2|Deoxys-Speed|
|poke|p2|Gholdengo|
|poke|p2|Iron Treads|
|poke|p2|Dragonite, F|
|poke|p2|Iron Moth|
|poke|p2|Samurott-Hisui, F|
|teampreview
|inactive|Battle timer is ON: inactive players will automatically lose when time's up. (requested by mohva)
|
|t:|1776056066
|teamsize|p1|6
|teamsize|p2|6
|start
|switch|p1a: Hatterene|Hatterene, F|100/100
|switch|p2a: Samurott|Samurott-Hisui, F|100/100
|turn|1
|
|t:|1776056072
|move|p2a: Samurott|Ceaseless Edge|p1a: Hatterene
|-damage|p1a: Hatterene|66/100
|-damage|p2a: Samurott|84/100|[from] item: Rocky Helmet|[of] p1a: Hatterene
|-sidestart|p1: Phoenix Nood|Spikes
|move|p1a: Hatterene|Nuzzle|p2a: Samurott
|-supereffective|p2a: Samurott
|-damage|p2a: Samurott|75/100
|-status|p2a: Samurott|par
|
|upkeep
|turn|2
|
|t:|1776056076
|cant|p2a: Samurott|par
|move|p1a: Hatterene|Draining Kiss|p2a: Samurott
|-supereffective|p2a: Samurott
|-damage|p2a: Samurott|4/100 par
|-heal|p1a: Hatterene|100/100|[from] drain|[of] p2a: Samurott
|
|upkeep
|turn|3
|
|t:|1776056082
|move|p2a: Samurott|Ceaseless Edge|p1a: Hatterene
|-damage|p1a: Hatterene|61/100
|-damage|p2a: Samurott|0 fnt|[from] item: Rocky Helmet|[of] p1a: Hatterene
|faint|p2a: Samurott
|move|p1a: Hatterene|Nuzzle|p2: Samurott|[notarget]
|-fail|p1a: Hatterene
|
|upkeep
|
|t:|1776056086
|switch|p2a: Iron Moth|Iron Moth|100/100
|-enditem|p2a: Iron Moth|Booster Energy
|-activate|p2a: Iron Moth|ability: Quark Drive|[fromitem]
|-start|p2a: Iron Moth|quarkdrivespe
|turn|4
|
|t:|1776056095
|switch|p1a: Alomomola|Alomomola, F|100/100
|-damage|p1a: Alomomola|88/100|[from] Spikes
|move|p2a: Iron Moth|Substitute|p2a: Iron Moth
|-start|p2a: Iron Moth|Substitute
|-damage|p2a: Iron Moth|76/100
|
|upkeep
|turn|5
|
|t:|1776056104
|move|p2a: Iron Moth|Sludge Wave|p1a: Alomomola
|-damage|p1a: Alomomola|65/100
|move|p1a: Alomomola|Flip Turn|p2a: Iron Moth
|-supereffective|p2a: Iron Moth
|-end|p2a: Iron Moth|Substitute
|
|t:|1776056119
|switch|p1a: Mamoswine|Mamoswine, F|100/100|[from] Flip Turn
|-damage|p1a: Mamoswine|88/100|[from] Spikes
|
|upkeep
|turn|6
|
|t:|1776056124
|move|p2a: Iron Moth|Fiery Dance|p1a: Mamoswine
|-supereffective|p1a: Mamoswine
|-damage|p1a: Mamoswine|31/100
|move|p1a: Mamoswine|Earthquake|p2a: Iron Moth
|-supereffective|p2a: Iron Moth
|-damage|p2a: Iron Moth|0 fnt
|faint|p2a: Iron Moth
|-end|p2a: Iron Moth|Quark Drive|[silent]
|-damage|p1a: Mamoswine|21/100|[from] item: Life Orb
|
|upkeep
|
|t:|1776056129
|switch|p2a: Dragonite|Dragonite, F|100/100
|turn|7
|
|t:|1776056132
|move|p1a: Mamoswine|Ice Shard|p2a: Dragonite
|-supereffective|p2a: Dragonite
|-damage|p2a: Dragonite|38/100
|-damage|p1a: Mamoswine|11/100|[from] item: Life Orb
|move|p2a: Dragonite|Earthquake|p1a: Mamoswine
|-damage|p1a: Mamoswine|0 fnt
|faint|p1a: Mamoswine
|
|upkeep
|
|t:|1776056139
|switch|p1a: Great Tusk|Great Tusk|100/100
|turn|8
|
|t:|1776056143
|move|p1a: Great Tusk|Stealth Rock|p2a: Dragonite
|-sidestart|p2: mohva|move: Stealth Rock
|move|p2a: Dragonite|Dragon Dance|p2a: Dragonite
|-boost|p2a: Dragonite|atk|1
|-boost|p2a: Dragonite|spe|1
|
|upkeep
|turn|9
|
|t:|1776056147
|move|p2a: Dragonite|Ice Spinner|p1a: Great Tusk
|-supereffective|p1a: Great Tusk
|-damage|p1a: Great Tusk|35/100
|move|p1a: Great Tusk|Rapid Spin|p2a: Dragonite
|-damage|p2a: Dragonite|19/100
|-boost|p1a: Great Tusk|spe|1
|-sideend|p1: Phoenix Nood|Spikes|[from] move: Rapid Spin|[of] p1a: Great Tusk
|
|upkeep
|turn|10
|
|t:|1776056155
|move|p1a: Great Tusk|Rapid Spin|p2a: Dragonite
|-damage|p2a: Dragonite|0 fnt
|-boost|p1a: Great Tusk|spe|1
|faint|p2a: Dragonite
|
|upkeep
|
|t:|1776056159
|switch|p2a: Deoxys|Deoxys-Speed|100/100
|-damage|p2a: Deoxys|88/100|[from] Stealth Rock
|-ability|p2a: Deoxys|Pressure
|turn|11
|
|t:|1776056163
|move|p1a: Great Tusk|Headlong Rush|p2a: Deoxys
|-damage|p2a: Deoxys|0 fnt
|-unboost|p1a: Great Tusk|def|1
|-unboost|p1a: Great Tusk|spd|1
|faint|p2a: Deoxys
|
|upkeep
|
|t:|1776056166
|switch|p2a: Iron Treads|Iron Treads|100/100
|-damage|p2a: Iron Treads|97/100|[from] Stealth Rock
|-enditem|p2a: Iron Treads|Booster Energy
|-activate|p2a: Iron Treads|ability: Quark Drive|[fromitem]
|-start|p2a: Iron Treads|quarkdrivespe
|turn|12
|
|t:|1776056170
|move|p1a: Great Tusk|Headlong Rush|p2a: Iron Treads
|-supereffective|p2a: Iron Treads
|-damage|p2a: Iron Treads|8/100
|-unboost|p1a: Great Tusk|def|1
|-unboost|p1a: Great Tusk|spd|1
|move|p2a: Iron Treads|Stealth Rock|p1a: Great Tusk
|-sidestart|p1: Phoenix Nood|move: Stealth Rock
|
|upkeep
|turn|13
|-message|mohva forfeited.
|
|win|Phoenix Nood
|raw|Phoenix Nood's rating: 1225 &rarr; <strong>1252</strong><br />(+27 for winning)
|raw|mohva's rating: 1253 &rarr; <strong>1226</strong><br />(-27 for losing)
|l|☆mohva
|player|p2|
|l|☆Phoenix Nood
|player|p1|
