|html|<div class="broadcast-blue"><strong>[Gen 9] OU is currently suspecting Volcarona! For information on how to participate check out the <a href="https://www.smogon.com/tools/suspects/view/208">suspect thread</a>.</strong></div>
|j|☆TheLump
|j|‽armyofbrachydios
|t:|1778518083
|gametype|singles
|player|p1|TheLump|265|1207
|player|p2|armyofbrachydios|101|1211
|gen|9
|tier|[Gen 9] OU
|rated|
|rule|HP Percentage Mod: HP is shown in percentages
|rule|Endless Battle Clause: Forcing endless battles is banned
|rule|Species Clause: Limit one of each Pokémon
|rule|OHKO Clause: OHKO moves are banned
|rule|Evasion Items Clause: Evasion items are banned
|rule|Evasion Moves Clause: Evasion moves are banned
|rule|Evasion Abilities Clause: Evasion abilities are banned
|rule|Sleep Moves Clause: Sleep-inducing moves are banned
|clearpoke
|poke|p1|Torkoal, F|
|poke|p1|Volcarona, F|
|poke|p1|Slither Wing|
|poke|p1|Iron Moth|
|poke|p1|Exeggutor, M|
|poke|p1|Victreebel, M|
|poke|p2|Typhlosion-Hisui, F|
|poke|p2|Noivern, M|
|poke|p2|Bisharp, F|
|poke|p2|Lapras, M|
|poke|p2|Sinistcha|
|poke|p2|Glimmora, M|
|teampreview
|
|t:|1778518096
|teamsize|p1|6
|teamsize|p2|6
|start
|switch|p1a: Torkoal|Torkoal, F, shiny|100/100
|switch|p2a: Glimmora|Glimmora, M|100/100
|-weather|SunnyDay|[from] ability: Drought|[of] p1a: Torkoal
|turn|1
|
|t:|1778518107
|move|p2a: Glimmora|Stealth Rock|p1a: Torkoal
|-sidestart|p1: TheLump|move: Stealth Rock
|move|p1a: Torkoal|Stealth Rock|p2a: Glimmora
|-sidestart|p2: armyofbrachydios|move: Stealth Rock
|
|-weather|SunnyDay|[upkeep]
|upkeep
|turn|2
|
|t:|1778518113
|move|p2a: Glimmora|Mortal Spin|p1a: Torkoal
|-damage|p1a: Torkoal|96/100
|-status|p1a: Torkoal|psn
|-sideend|p2: armyofbrachydios|Stealth Rock|[from] move: Mortal Spin|[of] p2a: Glimmora
|move|p1a: Torkoal|Will-O-Wisp|p2a: Glimmora
|-status|p2a: Glimmora|brn
|
|-weather|SunnyDay|[upkeep]
|-damage|p1a: Torkoal|84/100 psn|[from] psn
|-damage|p2a: Glimmora|94/100 brn|[from] brn
|upkeep
|turn|3
|
|t:|1778518119
|move|p2a: Glimmora|Power Gem|p1a: Torkoal
|-supereffective|p1a: Torkoal
|-crit|p1a: Torkoal
|-damage|p1a: Torkoal|0 fnt
|faint|p1a: Torkoal
|
|-weather|SunnyDay|[upkeep]
|-damage|p2a: Glimmora|88/100 brn|[from] brn
|upkeep
|
|t:|1778518148
|switch|p1a: Volcarona|Volcarona, F, shiny|100/100
|turn|4
|
|t:|1778518160
|switch|p1a: Lowi Trusmadi|Victreebel, M, shiny|100/100
|-damage|p1a: Lowi Trusmadi|88/100|[from] Stealth Rock
|move|p2a: Glimmora|Power Gem|p1a: Lowi Trusmadi
|-damage|p1a: Lowi Trusmadi|36/100
|
|-weather|SunnyDay|[upkeep]
|-damage|p2a: Glimmora|82/100 brn|[from] brn
|upkeep
|turn|5
|
|t:|1778518174
|switch|p2a: Sinistcha|Sinistcha|100/100
|move|p1a: Lowi Trusmadi|Giga Drain|p2a: Sinistcha
|-resisted|p2a: Sinistcha
|-damage|p2a: Sinistcha|82/100
|-heal|p1a: Lowi Trusmadi|47/100|[from] drain|[of] p2a: Sinistcha
|
|-weather|SunnyDay|[upkeep]
|upkeep
|turn|6
|
|t:|1778518188
|move|p1a: Lowi Trusmadi|Toxic|p2a: Sinistcha
|-status|p2a: Sinistcha|tox
|move|p2a: Sinistcha|Shadow Ball|p1a: Lowi Trusmadi
|-damage|p1a: Lowi Trusmadi|0 fnt
|faint|p1a: Lowi Trusmadi
|
|-weather|SunnyDay|[upkeep]
|-damage|p2a: Sinistcha|76/100 tox|[from] psn
|upkeep
|
|t:|1778518192
|switch|p1a: Iron Moth|Iron Moth|100/100
|-damage|p1a: Iron Moth|75/100|[from] Stealth Rock
|-enditem|p1a: Iron Moth|Booster Energy
|-activate|p1a: Iron Moth|ability: Quark Drive|[fromitem]
|-start|p1a: Iron Moth|quarkdrivespe
|turn|7
|
|t:|1778518216
|move|p1a: Iron Moth|Fiery Dance|p2a: Sinistcha
|-supereffective|p2a: Sinistcha
|-damage|p2a: Sinistcha|3/100 tox
|move|p2a: Sinistcha|Scald|p1a: Iron Moth
|-supereffective|p1a: Iron Moth
|-damage|p1a: Iron Moth|50/100
|
|-weather|SunnyDay|[upkeep]
|-damage|p2a: Sinistcha|0 fnt|[from] psn
|faint|p2a: Sinistcha
|upkeep
|
|t:|1778518232
|switch|p2a: Glimmora|Glimmora, M|82/100 brn
|turn|8
|
|t:|1778518250
|move|p1a: Iron Moth|Psychic|p2a: Glimmora
|-supereffective|p2a: Glimmora
|-damage|p2a: Glimmora|9/100 brn
|move|p2a: Glimmora|Power Gem|p1a: Iron Moth
|-supereffective|p1a: Iron Moth
|-damage|p1a: Iron Moth|0 fnt
|faint|p1a: Iron Moth
|-end|p1a: Iron Moth|Quark Drive|[silent]
|
|-weather|none
|-damage|p2a: Glimmora|3/100 brn|[from] brn
|upkeep
|
|t:|1778518254
|switch|p1a: Volcarona|Volcarona, F, shiny|100/100
|turn|9
|
|t:|1778518263
|move|p1a: Volcarona|Fiery Dance|p2a: Glimmora
|-resisted|p2a: Glimmora
|-damage|p2a: Glimmora|0 fnt
|faint|p2a: Glimmora
|
|upkeep
|
|t:|1778518270
|switch|p2a: Noivern|Noivern, M|100/100
|turn|10
|
|t:|1778518274
|move|p2a: Noivern|Air Slash|p1a: Volcarona
|-supereffective|p1a: Volcarona
|-damage|p1a: Volcarona|17/100
|-damage|p2a: Noivern|91/100|[from] item: Life Orb
|move|p1a: Volcarona|Quiver Dance|p1a: Volcarona
|-boost|p1a: Volcarona|spa|1
|-boost|p1a: Volcarona|spd|1
|-boost|p1a: Volcarona|spe|1
|
|upkeep
|turn|11
|
|t:|1778518284
|move|p1a: Volcarona|Bug Buzz|p2a: Noivern
|-resisted|p2a: Noivern
|-damage|p2a: Noivern|40/100
|move|p2a: Noivern|Flamethrower|p1a: Volcarona
|-damage|p1a: Volcarona|0 fnt
|faint|p1a: Volcarona
|-damage|p2a: Noivern|30/100|[from] item: Life Orb
|
|upkeep
|
|t:|1778518288
|switch|p1a: Exeggutor|Exeggutor, M|100/100
|-damage|p1a: Exeggutor|88/100|[from] Stealth Rock
|turn|12
|
|t:|1778518294
|switch|p2a: Bisharp|Bisharp, F|100/100
|-terastallize|p1a: Exeggutor|Dragon
|move|p1a: Exeggutor|Calm Mind|p1a: Exeggutor
|-boost|p1a: Exeggutor|spa|1
|-boost|p1a: Exeggutor|spd|1
|
|upkeep
|turn|13
|
|t:|1778518300
|move|p2a: Bisharp|Iron Head|p1a: Exeggutor
|-damage|p1a: Exeggutor|45/100
|-enditem|p1a: Exeggutor|Sitrus Berry|[eat]
|-heal|p1a: Exeggutor|70/100|[from] item: Sitrus Berry
|move|p1a: Exeggutor|Giga Drain|p2a: Bisharp
|-resisted|p2a: Bisharp
|-damage|p2a: Bisharp|70/100
|-heal|p1a: Exeggutor|83/100|[from] drain|[of] p2a: Bisharp
|
|-item|p1a: Exeggutor|Sitrus Berry|[from] ability: Harvest
|upkeep
|turn|14
|
|t:|1778518307
|move|p2a: Bisharp|Swords Dance|p2a: Bisharp
|-boost|p2a: Bisharp|atk|2
|move|p1a: Exeggutor|Calm Mind|p1a: Exeggutor
|-boost|p1a: Exeggutor|spa|1
|-boost|p1a: Exeggutor|spd|1
|
|upkeep
|turn|15
|
|t:|1778518312
|move|p2a: Bisharp|Iron Head|p1a: Exeggutor
|-damage|p1a: Exeggutor|1/100
|-enditem|p1a: Exeggutor|Sitrus Berry|[eat]
|-heal|p1a: Exeggutor|26/100|[from] item: Sitrus Berry
|move|p1a: Exeggutor|Giga Drain|p2a: Bisharp
|-resisted|p2a: Bisharp
|-damage|p2a: Bisharp|30/100
|-heal|p1a: Exeggutor|43/100|[from] drain|[of] p2a: Bisharp
|
|-item|p1a: Exeggutor|Sitrus Berry|[from] ability: Harvest
|upkeep
|-enditem|p1a: Exeggutor|Sitrus Berry|[eat]
|-heal|p1a: Exeggutor|68/100|[from] item: Sitrus Berry
|turn|16
|
|t:|1778518321
|move|p2a: Bisharp|Iron Head|p1a: Exeggutor
|-damage|p1a: Exeggutor|0 fnt
|faint|p1a: Exeggutor
|
|upkeep
|
|t:|1778518324
|switch|p1a: Slither Wing|Slither Wing, shiny|100/100
|-damage|p1a: Slither Wing|88/100|[from] Stealth Rock
|turn|17
|
|t:|1778518333
|move|p1a: Slither Wing|First Impression|p2a: Bisharp
|-damage|p2a: Bisharp|0 fnt
|faint|p2a: Bisharp
|
|upkeep
|
|t:|1778518336
|switch|p2a: Noivern|Noivern, M|30/100
|turn|18
|
|t:|1778518347
|move|p2a: Noivern|Air Slash|p1a: Slither Wing
|-supereffective|p1a: Slither Wing
|-damage|p1a: Slither Wing|0 fnt
|faint|p1a: Slither Wing
|-end|p1a: Slither Wing|Protosynthesis|[silent]
|-damage|p2a: Noivern|20/100|[from] item: Life Orb
|
|win|armyofbrachydios
|raw|TheLump's rating: 1207 &rarr; <strong>1182</strong><br />(-25 for losing)
|raw|armyofbrachydios's rating: 1211 &rarr; <strong>1236</strong><br />(+25 for winning)
|l|☆TheLump
|player|p1|
|l|‽armyofbrachydios
|player|p2|
