|j|☆Swayzelicious
|j|☆Baddieprathikmon
|inactive|Battle timer is ON: inactive players will automatically lose when time's up.
|t:|1778498096
|gametype|singles
|player|p1|Swayzelicious|samsonoak|
|player|p2|Baddieprathikmon|shauntal-masters|
|gen|9
|tier|[Gen 9] OU
|rated|Tournament battle
|rule|HP Percentage Mod: HP is shown in percentages
|rule|Endless Battle Clause: Forcing endless battles is banned
|rule|Species Clause: Limit one of each Pokémon
|rule|OHKO Clause: OHKO moves are banned
|rule|Evasion Items Clause: Evasion items are banned
|rule|Evasion Moves Clause: Evasion moves are banned
|rule|Evasion Abilities Clause: Evasion abilities are banned
|rule|Sleep Moves Clause: Sleep-inducing moves are banned
|raw|<div class="infobox"><details class="readmore" open><summary><strong>1 custom rule:</strong></summary> -wobbuffet</details></div>
|clearpoke
|poke|p1|Pineco, M|
|poke|p1|Quaquaval, M|
|poke|p1|Sandygast, M|
|poke|p2|Kingambit, M|
|poke|p2|Sandile, F|
|poke|p2|Galvantula, M|
|teampreview
|j|*Lady Monita 
|c|☆Baddieprathikmon|Glhf
|
|t:|1778498101
|teamsize|p1|3
|teamsize|p2|3
|start
|switch|p1a: Pineco|Pineco, M|100/100
|switch|p2a: Galvantula|Galvantula, M|100/100
|turn|1
|
|t:|1778498105
|move|p2a: Galvantula|Sticky Web|p1a: Pineco
|-sidestart|p1: Swayzelicious|move: Sticky Web
|move|p1a: Pineco|Stealth Rock|p2a: Galvantula
|-sidestart|p2: Baddieprathikmon|move: Stealth Rock
|
|upkeep
|turn|2
|
|t:|1778498107
|move|p2a: Galvantula|Thunder|p1a: Pineco|[miss]
|-miss|p2a: Galvantula|p1a: Pineco
|move|p1a: Pineco|Rapid Spin|p2a: Galvantula
|-damage|p2a: Galvantula|84/100
|-boost|p1a: Pineco|spe|1
|-sideend|p1: Swayzelicious|Sticky Web|[from] move: Rapid Spin|[of] p1a: Pineco
|
|upkeep
|turn|3
|
|t:|1778498110
|move|p2a: Galvantula|Thunder|p1a: Pineco
|-ability|p1a: Pineco|Sturdy
|-damage|p1a: Pineco|1/100
|move|p1a: Pineco|Rapid Spin|p2a: Galvantula
|-damage|p2a: Galvantula|70/100
|-boost|p1a: Pineco|spe|1
|
|upkeep
|turn|4
|-enditem|p1a: Pineco|Custap Berry|[eat]
|-activate|p1a: Pineco|item: Custap Berry|[consumed]
|
|t:|1778498114
|move|p1a: Pineco|Explosion|p2a: Galvantula
|-damage|p2a: Galvantula|0 fnt
|faint|p1a: Pineco
|faint|p2a: Galvantula
|
|upkeep
|j| Pokelover33199
|
|t:|1778498120
|switch|p2a: Sandile|Sandile, F|100/100
|switch|p1a: Quaquaval|Quaquaval, M|100/100
|-damage|p2a: Sandile|94/100|[from] Stealth Rock
|-ability|p2a: Sandile|Intimidate|boost
|-unboost|p1a: Quaquaval|atk|1
|turn|5
|
|t:|1778498125
|move|p1a: Quaquaval|Close Combat|p2a: Sandile
|-supereffective|p2a: Sandile
|-damage|p2a: Sandile|0 fnt
|-unboost|p1a: Quaquaval|def|1
|-unboost|p1a: Quaquaval|spd|1
|faint|p2a: Sandile
|-damage|p1a: Quaquaval|91/100|[from] item: Life Orb
|
|upkeep
|
|t:|1778498127
|switch|p2a: Kingambit|Kingambit, M|100/100
|-damage|p2a: Kingambit|94/100|[from] Stealth Rock
|turn|6
|
|t:|1778498133
|-terastallize|p2a: Kingambit|Poison
|move|p2a: Kingambit|Sucker Punch|p1a: Quaquaval
|-resisted|p1a: Quaquaval
|-damage|p1a: Quaquaval|46/100
|move|p1a: Quaquaval|Close Combat|p2a: Kingambit
|-resisted|p2a: Kingambit
|-damage|p2a: Kingambit|75/100
|-unboost|p1a: Quaquaval|def|1
|-unboost|p1a: Quaquaval|spd|1
|-damage|p1a: Quaquaval|37/100|[from] item: Life Orb
|
|upkeep
|turn|7
|
|t:|1778498137
|-terastallize|p1a: Quaquaval|Water
|move|p1a: Quaquaval|Aqua Jet|p2a: Kingambit
|-damage|p2a: Kingambit|55/100
|-damage|p1a: Quaquaval|27/100|[from] item: Life Orb
|move|p2a: Kingambit|Sucker Punch||[still]
|-fail|p2a: Kingambit
|
|upkeep
|turn|8
|
|t:|1778498143
|move|p1a: Quaquaval|Aqua Jet|p2a: Kingambit
|-crit|p2a: Kingambit
|-damage|p2a: Kingambit|0 fnt
|faint|p2a: Kingambit
|-damage|p1a: Quaquaval|17/100|[from] item: Life Orb
|
|win|Swayzelicious
|n|☆Swayzelicious|swayzelicious
|n|☆Baddieprathikmon|baddieprathikmon
|n|*Lady Monita |ladymonita
|n| Pokelover33199|pokelover33199
