|html|<div class="broadcast-blue"><strong>[Gen 9] OU is currently suspecting Tera Blast! For information on how to participate check out the <a href="https://www.smogon.com/tools/suspects/view/200">suspect thread</a>.</strong></div>
|j|☆abate fabs
|j|☆0o1kiba1o0
|t:|1776105030
|gametype|singles
|player|p1|abate fabs|touristf|1355
|player|p2|0o1kiba1o0|bruno|1332
|gen|9
|tier|[Gen 9] OU
|rated|
|rule|HP Percentage Mod: HP is shown in percentages
|rule|Endless Battle Clause: Forcing endless battles is banned
|rule|Species Clause: Limit one of each Pokémon
|rule|OHKO Clause: OHKO moves are banned
|rule|Evasion Items Clause: Evasion items are banned
|rule|Evasion Moves Clause: Evasion moves are banned
|rule|Evasion Abilities Clause: Evasion abilities are banned
|rule|Sleep Moves Clause: Sleep-inducing moves are banned
|clearpoke
|poke|p1|Umbreon, M|
|poke|p1|Mandibuzz, F|
|poke|p1|Clodsire, M|
|poke|p1|Hatterene, F|
|poke|p1|Slowking, M|
|poke|p1|Crocalor, F|
|poke|p2|Slowking-Galar, M|
|poke|p2|Clodsire, M|
|poke|p2|Hatterene, F|
|poke|p2|Brambleghast, F|
|poke|p2|Dondozo, M|
|poke|p2|Ogerpon-Wellspring, F|
|teampreview
|inactive|Battle timer is ON: inactive players will automatically lose when time's up. (requested by abate fabs)
|j| Hghjbvvkk
|l| Hghjbvvkk
|
|t:|1776105051
|teamsize|p1|6
|teamsize|p2|6
|start
|switch|p1a: Checktung|Slowking, M|100/100
|switch|p2a: Ogerpon|Ogerpon-Wellspring, F|100/100
|turn|1
|
|t:|1776105056
|switch|p1a: Checking|Mandibuzz, F|100/100
|move|p2a: Ogerpon|Knock Off|p1a: Checking
|-resisted|p1a: Checking
|-damage|p1a: Checking|89/100
|-enditem|p1a: Checking|Heavy-Duty Boots|[from] move: Knock Off|[of] p2a: Ogerpon
|
|upkeep
|turn|2
|
|t:|1776105064
|move|p2a: Ogerpon|U-turn|p1a: Checking
|-damage|p1a: Checking|74/100
|
|t:|1776105067
|switch|p2a: Hatterene|Hatterene, F|100/100|[from] U-turn
|move|p1a: Checking|Foul Play|p2a: Hatterene
|-damage|p2a: Hatterene|83/100
|
|-heal|p2a: Hatterene|89/100|[from] item: Leftovers
|upkeep
|turn|3
|
|t:|1776105074
|switch|p1a: Checkaloo|Crocalor, F|100/100
|move|p2a: Hatterene|Mystical Fire|p1a: Checkaloo
|-resisted|p1a: Checkaloo
|-damage|p1a: Checkaloo|93/100
|-unboost|p1a: Checkaloo|spa|1
|
|-heal|p2a: Hatterene|95/100|[from] item: Leftovers
|upkeep
|turn|4
|
|t:|1776105083
|move|p1a: Checkaloo|Fire Spin|p2a: Hatterene
|-damage|p2a: Hatterene|87/100
|-activate|p2a: Hatterene|move: Fire Spin|[of] p1a: Checkaloo
|move|p2a: Hatterene|Calm Mind|p2a: Hatterene
|-boost|p2a: Hatterene|spa|1
|-boost|p2a: Hatterene|spd|1
|
|-heal|p2a: Hatterene|93/100|[from] item: Leftovers
|-damage|p2a: Hatterene|81/100|[from] move: Fire Spin|[partiallytrapped]
|upkeep
|turn|5
|
|t:|1776105091
|move|p1a: Checkaloo|Flamethrower|p2a: Hatterene
|-damage|p2a: Hatterene|60/100
|move|p2a: Hatterene|Mystical Fire|p1a: Checkaloo
|-resisted|p1a: Checkaloo
|-damage|p1a: Checkaloo|87/100
|-unboost|p1a: Checkaloo|spa|1
|
|-heal|p2a: Hatterene|66/100|[from] item: Leftovers
|-damage|p2a: Hatterene|54/100|[from] move: Fire Spin|[partiallytrapped]
|upkeep
|turn|6
|
|t:|1776105100
|move|p1a: Checkaloo|Flamethrower|p2a: Hatterene
|-damage|p2a: Hatterene|39/100
|move|p2a: Hatterene|Draining Kiss|p1a: Checkaloo
|-resisted|p1a: Checkaloo
|-damage|p1a: Checkaloo|80/100
|-heal|p2a: Hatterene|45/100|[from] drain|[of] p1a: Checkaloo
|
|-heal|p2a: Hatterene|50/100|[from] item: Leftovers
|-damage|p2a: Hatterene|38/100|[from] move: Fire Spin|[partiallytrapped]
|upkeep
|turn|7
|
|t:|1776105109
|move|p1a: Checkaloo|Flamethrower|p2a: Hatterene
|-damage|p2a: Hatterene|25/100
|move|p2a: Hatterene|Draining Kiss|p1a: Checkaloo
|-resisted|p1a: Checkaloo
|-damage|p1a: Checkaloo|73/100
|-heal|p2a: Hatterene|30/100|[from] drain|[of] p1a: Checkaloo
|
|-heal|p2a: Hatterene|36/100|[from] item: Leftovers
|-damage|p2a: Hatterene|24/100|[from] move: Fire Spin|[partiallytrapped]
|upkeep
|turn|8
|
|t:|1776105118
|move|p1a: Checkaloo|Flamethrower|p2a: Hatterene
|-damage|p2a: Hatterene|9/100
|move|p2a: Hatterene|Draining Kiss|p1a: Checkaloo
|-resisted|p1a: Checkaloo
|-damage|p1a: Checkaloo|67/100
|-heal|p2a: Hatterene|14/100|[from] drain|[of] p1a: Checkaloo
|
|-heal|p2a: Hatterene|20/100|[from] item: Leftovers
|-end|p2a: Hatterene|Fire Spin|[partiallytrapped]
|upkeep
|turn|9
|
|t:|1776105126
|switch|p2a: Clodsire|Clodsire, M|100/100
|move|p1a: Checkaloo|Will-O-Wisp|p2a: Clodsire
|-status|p2a: Clodsire|brn
|
|-damage|p2a: Clodsire|94/100 brn|[from] brn
|upkeep
|turn|10
|
|t:|1776105134
|switch|p1a: Check|Hatterene, F|100/100
|move|p2a: Clodsire|Toxic|p1a: Check
|move|p1a: Check|Toxic||[from] ability: Magic Bounce|[still]
|-fail|p1a: Check
|
|-heal|p2a: Clodsire|100/100 brn|[from] item: Leftovers
|-damage|p2a: Clodsire|94/100 brn|[from] brn
|upkeep
|turn|11
|
|t:|1776105144
|switch|p2a: Slowking|Slowking-Galar, M|100/100
|move|p1a: Check|Psychic|p2a: Slowking
|-crit|p2a: Slowking
|-damage|p2a: Slowking|78/100
|
|upkeep
|turn|12
|
|t:|1776105156
|switch|p1a: Checktung|Slowking, M|100/100
|move|p2a: Slowking|Sludge Bomb|p1a: Checktung
|-damage|p1a: Checktung|71/100
|
|upkeep
|turn|13
|
|t:|1776105161
|-prepare|p1a: Checktung|Chilly Reception|[premajor]
|move|p1a: Checktung|Chilly Reception|p1a: Checktung
|-weather|Snowscape
|
|t:|1776105165
|switch|p1a: Checkelung|Clodsire, M|100/100|[from] Chilly Reception
|move|p2a: Slowking|Future Sight|p1a: Checkelung
|-start|p2a: Slowking|move: Future Sight
|
|-weather|Snowscape|[upkeep]
|upkeep
|turn|14
|
|t:|1776105171
|switch|p2a: Ogerpon|Ogerpon-Wellspring, F|100/100
|move|p1a: Checkelung|Earthquake|p2a: Ogerpon
|-resisted|p2a: Ogerpon
|-damage|p2a: Ogerpon|78/100
|
|-weather|Snowscape|[upkeep]
|upkeep
|turn|15
|
|t:|1776105177
|switch|p1a: Checking|Mandibuzz, F|74/100
|move|p2a: Ogerpon|Ivy Cudgel|p1a: Checking|[anim] Ivy Cudgel Water
|-damage|p1a: Checking|37/100
|
|-weather|Snowscape|[upkeep]
|-end|p1a: Checking|move: Future Sight
|-immune|p1a: Checking
|upkeep
|turn|16
|
|t:|1776105185
|move|p2a: Ogerpon|Ivy Cudgel|p1a: Checking|[anim] Ivy Cudgel Water
|-damage|p1a: Checking|2/100
|move|p1a: Checking|Roost|p1a: Checking
|-heal|p1a: Checking|52/100
|-singleturn|p1a: Checking|move: Roost
|
|-weather|Snowscape|[upkeep]
|upkeep
|turn|17
|
|t:|1776105193
|move|p2a: Ogerpon|U-turn|p1a: Checking
|-damage|p1a: Checking|37/100
|
|t:|1776105195
|switch|p2a: Hatterene|Hatterene, F|20/100|[from] U-turn
|move|p1a: Checking|Roost|p1a: Checking
|-heal|p1a: Checking|87/100
|-singleturn|p1a: Checking|move: Roost
|
|-weather|none
|-heal|p2a: Hatterene|26/100|[from] item: Leftovers
|upkeep
|turn|18
|
|t:|1776105203
|move|p1a: Checking|Foul Play|p2a: Hatterene
|-damage|p2a: Hatterene|7/100
|move|p2a: Hatterene|Draining Kiss|p1a: Checking
|-supereffective|p1a: Checking
|-damage|p1a: Checking|50/100
|-heal|p2a: Hatterene|42/100|[from] drain|[of] p1a: Checking
|
|-heal|p2a: Hatterene|48/100|[from] item: Leftovers
|upkeep
|turn|19
|
|t:|1776105211
|switch|p1a: Checkaloo|Crocalor, F|67/100
|move|p2a: Hatterene|Draining Kiss|p1a: Checkaloo
|-resisted|p1a: Checkaloo
|-damage|p1a: Checkaloo|59/100
|-heal|p2a: Hatterene|54/100|[from] drain|[of] p1a: Checkaloo
|
|-heal|p2a: Hatterene|60/100|[from] item: Leftovers
|upkeep
|turn|20
|
|t:|1776105219
|switch|p2a: Clodsire|Clodsire, M|94/100 brn
|move|p1a: Checkaloo|Slack Off|p1a: Checkaloo
|-heal|p1a: Checkaloo|100/100
|
|-heal|p2a: Clodsire|100/100 brn|[from] item: Leftovers
|-damage|p2a: Clodsire|94/100 brn|[from] brn
|upkeep
|turn|21
|
|t:|1776105230
|switch|p1a: Checkelung|Clodsire, M|100/100
|move|p2a: Clodsire|Earthquake|p1a: Checkelung
|-supereffective|p1a: Checkelung
|-damage|p1a: Checkelung|69/100
|
|-heal|p1a: Checkelung|75/100|[from] item: Leftovers
|-heal|p2a: Clodsire|100/100 brn|[from] item: Leftovers
|-damage|p2a: Clodsire|94/100 brn|[from] brn
|upkeep
|turn|22
|
|t:|1776105240
|switch|p2a: Hatterene|Hatterene, F|60/100
|move|p1a: Checkelung|Earthquake|p2a: Hatterene
|-damage|p2a: Hatterene|31/100
|
|-heal|p2a: Hatterene|37/100|[from] item: Leftovers
|-heal|p1a: Checkelung|81/100|[from] item: Leftovers
|upkeep
|turn|23
|
|t:|1776105246
|move|p2a: Hatterene|Psyshock|p1a: Checkelung
|-supereffective|p1a: Checkelung
|-damage|p1a: Checkelung|8/100
|move|p1a: Checkelung|Gunk Shot|p2a: Hatterene
|-supereffective|p2a: Hatterene
|-damage|p2a: Hatterene|0 fnt
|faint|p2a: Hatterene
|
|-heal|p1a: Checkelung|14/100|[from] item: Leftovers
|upkeep
|
|t:|1776105255
|switch|p2a: Ogerpon|Ogerpon-Wellspring, F|78/100
|turn|24
|
|t:|1776105258
|move|p2a: Ogerpon|Knock Off|p1a: Checkelung
|-damage|p1a: Checkelung|0 fnt
|-enditem|p1a: Checkelung|Leftovers|[from] move: Knock Off|[of] p2a: Ogerpon
|faint|p1a: Checkelung
|
|upkeep
|
|t:|1776105261
|switch|p1a: Checking|Mandibuzz, F|50/100
|turn|25
|
|t:|1776105267
|-terastallize|p2a: Ogerpon|Water
|detailschange|p2a: Ogerpon|Ogerpon-Wellspring-Tera, F, tera:Water
|-ability|p2a: Ogerpon|Embody Aspect (Wellspring)|boost
|-boost|p2a: Ogerpon|spd|1
|move|p2a: Ogerpon|Ivy Cudgel|p1a: Checking|[anim] Ivy Cudgel Water
|-damage|p1a: Checking|5/100
|move|p1a: Checking|Roost|p1a: Checking
|-heal|p1a: Checking|55/100
|-singleturn|p1a: Checking|move: Roost
|
|upkeep
|turn|26
|
|t:|1776105277
|move|p2a: Ogerpon|Ivy Cudgel|p1a: Checking|[anim] Ivy Cudgel Water
|-damage|p1a: Checking|8/100
|move|p1a: Checking|Roost|p1a: Checking
|-heal|p1a: Checking|58/100
|-singleturn|p1a: Checking|move: Roost
|
|upkeep
|turn|27
|inactive|abate fabs has 120 seconds left.
|
|t:|1776105335
|move|p2a: Ogerpon|Ivy Cudgel|p1a: Checking|[anim] Ivy Cudgel Water
|-damage|p1a: Checking|10/100
|move|p1a: Checking|Roost|p1a: Checking
|-heal|p1a: Checking|60/100
|-singleturn|p1a: Checking|move: Roost
|
|upkeep
|turn|28
|
|t:|1776105342
|move|p2a: Ogerpon|Ivy Cudgel|p1a: Checking|[anim] Ivy Cudgel Water
|-damage|p1a: Checking|11/100
|move|p1a: Checking|Foul Play|p2a: Ogerpon
|-damage|p2a: Ogerpon|14/100
|
|upkeep
|turn|29
|
|t:|1776105347
|move|p2a: Ogerpon|Ivy Cudgel|p1a: Checking|[anim] Ivy Cudgel Water
|-damage|p1a: Checking|0 fnt
|faint|p1a: Checking
|
|upkeep
|
|t:|1776105349
|switch|p1a: Checktung|Slowking, M|100/100
|turn|30
|
|t:|1776105353
|move|p2a: Ogerpon|Knock Off|p1a: Checktung
|-supereffective|p1a: Checktung
|-damage|p1a: Checktung|40/100
|-enditem|p1a: Checktung|Choice Specs|[from] move: Knock Off|[of] p2a: Ogerpon
|move|p1a: Checktung|Psychic|p2a: Ogerpon
|-damage|p2a: Ogerpon|0 fnt
|faint|p2a: Ogerpon
|detailschange|p2: Ogerpon|Ogerpon-Wellspring, F|[silent]
|
|upkeep
|
|t:|1776105361
|switch|p2a: Slowking|Slowking-Galar, M|100/100
|turn|31
|
|t:|1776105365
|move|p1a: Checktung|Trick|p2a: Slowking
|-activate|p1a: Checktung|move: Trick|[of] p2a: Slowking
|-enditem|p2a: Slowking|Assault Vest|[silent]|[from] move: Trick
|-item|p1a: Checktung|Assault Vest|[from] move: Trick
|move|p2a: Slowking|Sludge Bomb|p1a: Checktung
|-damage|p1a: Checktung|23/100
|-status|p1a: Checktung|psn
|
|-damage|p1a: Checktung|10/100 psn|[from] psn
|upkeep
|turn|32
|
|t:|1776105376
|switch|p1a: Checker|Umbreon, M|100/100
|move|p2a: Slowking|Sludge Bomb|p1a: Checker
|-damage|p1a: Checker|81/100
|
|-heal|p1a: Checker|87/100|[from] item: Leftovers
|upkeep
|turn|33
|inactive|abate fabs has 120 seconds left.
|
|t:|1776105410
|switch|p2a: Clodsire|Clodsire, M|94/100 brn
|move|p1a: Checker|Protect||[still]
|-fail|p1a: Checker
|
|-heal|p1a: Checker|93/100|[from] item: Leftovers
|-heal|p2a: Clodsire|100/100 brn|[from] item: Leftovers
|-damage|p2a: Clodsire|94/100 brn|[from] brn
|upkeep
|turn|34
|
|t:|1776105419
|move|p1a: Checker|Protect|p1a: Checker
|-singleturn|p1a: Checker|Protect
|move|p2a: Clodsire|Toxic|p1a: Checker
|-activate|p1a: Checker|move: Protect
|
|-heal|p1a: Checker|99/100|[from] item: Leftovers
|-heal|p2a: Clodsire|100/100 brn|[from] item: Leftovers
|-damage|p2a: Clodsire|94/100 brn|[from] brn
|upkeep
|turn|35
|
|t:|1776105427
|switch|p1a: Check|Hatterene, F|100/100
|switch|p2a: Slowking|Slowking-Galar, M|100/100
|
|upkeep
|turn|36
|
|t:|1776105432
|switch|p1a: Checktung|Slowking, M|44/100 psn
|move|p2a: Slowking|Sludge Bomb|p1a: Checktung
|-damage|p1a: Checktung|25/100 psn
|
|-damage|p1a: Checktung|13/100 psn|[from] psn
|upkeep
|turn|37
|
|t:|1776105438
|switch|p1a: Checker|Umbreon, M|99/100
|move|p2a: Slowking|Sludge Bomb|p1a: Checker
|-damage|p1a: Checker|82/100
|
|-heal|p1a: Checker|89/100|[from] item: Leftovers
|upkeep
|turn|38
|
|t:|1776105447
|switch|p2a: Clodsire|Clodsire, M|94/100 brn
|move|p1a: Checker|Foul Play|p2a: Clodsire
|-damage|p2a: Clodsire|64/100 brn
|
|-heal|p1a: Checker|95/100|[from] item: Leftovers
|-heal|p2a: Clodsire|71/100 brn|[from] item: Leftovers
|-damage|p2a: Clodsire|64/100 brn|[from] brn
|upkeep
|turn|39
|
|t:|1776105455
|move|p1a: Checker|Protect|p1a: Checker
|-singleturn|p1a: Checker|Protect
|move|p2a: Clodsire|Stealth Rock|p1a: Checker
|-sidestart|p1: abate fabs|move: Stealth Rock
|
|-heal|p1a: Checker|100/100|[from] item: Leftovers
|-heal|p2a: Clodsire|71/100 brn|[from] item: Leftovers
|-damage|p2a: Clodsire|64/100 brn|[from] brn
|upkeep
|turn|40
|
|t:|1776105462
|-terastallize|p1a: Checker|Poison
|move|p1a: Checker|Foul Play|p2a: Clodsire
|-damage|p2a: Clodsire|36/100 brn
|move|p2a: Clodsire|Toxic|p1a: Checker
|-immune|p1a: Checker
|
|-heal|p2a: Clodsire|43/100 brn|[from] item: Leftovers
|-damage|p2a: Clodsire|36/100 brn|[from] brn
|upkeep
|turn|41
|
|t:|1776105471
|move|p1a: Checker|Foul Play|p2a: Clodsire
|-damage|p2a: Clodsire|7/100 brn
|move|p2a: Clodsire|Recover|p2a: Clodsire
|-heal|p2a: Clodsire|57/100 brn
|
|-heal|p2a: Clodsire|63/100 brn|[from] item: Leftovers
|-damage|p2a: Clodsire|57/100 brn|[from] brn
|upkeep
|turn|42
|
|t:|1776105478
|move|p1a: Checker|Foul Play|p2a: Clodsire
|-damage|p2a: Clodsire|31/100 brn
|move|p2a: Clodsire|Recover|p2a: Clodsire
|-heal|p2a: Clodsire|81/100 brn
|
|-heal|p2a: Clodsire|87/100 brn|[from] item: Leftovers
|-damage|p2a: Clodsire|81/100 brn|[from] brn
|upkeep
|turn|43
|
|t:|1776105486
|switch|p2a: Dondozo|Dondozo, M|100/100
|move|p1a: Checker|Foul Play|p2a: Dondozo
|-damage|p2a: Dondozo|85/100
|
|-heal|p2a: Dondozo|91/100|[from] item: Leftovers
|upkeep
|turn|44
|
|t:|1776105493
|move|p1a: Checker|Toxic|p2a: Dondozo
|-status|p2a: Dondozo|tox
|move|p2a: Dondozo|Waterfall|p1a: Checker
|-damage|p1a: Checker|79/100
|
|-heal|p1a: Checker|85/100|[from] item: Leftovers
|-heal|p2a: Dondozo|97/100 tox|[from] item: Leftovers
|-damage|p2a: Dondozo|91/100 tox|[from] psn
|upkeep
|turn|45
|
|t:|1776105501
|switch|p1a: Check|Hatterene, F|100/100
|-damage|p1a: Check|88/100|[from] Stealth Rock
|move|p2a: Dondozo|Rest|p2a: Dondozo
|-status|p2a: Dondozo|slp|[from] move: Rest
|-heal|p2a: Dondozo|100/100 slp|[silent]
|
|-heal|p1a: Check|94/100|[from] item: Leftovers
|upkeep
|turn|46
|
|t:|1776105525
|switch|p2a: Slowking|Slowking-Galar, M|100/100
|move|p1a: Check|Psychic|p2a: Slowking
|-damage|p2a: Slowking|75/100
|
|-heal|p1a: Check|99/100|[from] item: Leftovers
|upkeep
|turn|47
|
|t:|1776105532
|switch|p1a: Checker|Umbreon, M, tera:Poison|85/100
|-damage|p1a: Checker|73/100|[from] Stealth Rock
|move|p2a: Slowking|Future Sight|p1a: Checker
|-start|p2a: Slowking|move: Future Sight
|
|-heal|p1a: Checker|79/100|[from] item: Leftovers
|upkeep
|turn|48
|
|t:|1776105538
|move|p1a: Checker|Wish|p1a: Checker
|move|p2a: Slowking|Psyshock|p1a: Checker
|-supereffective|p1a: Checker
|-damage|p1a: Checker|33/100
|
|-heal|p1a: Checker|39/100|[from] item: Leftovers
|upkeep
|turn|49
|
|t:|1776105546
|move|p1a: Checker|Protect|p1a: Checker
|-singleturn|p1a: Checker|Protect
|move|p2a: Slowking|Psyshock|p1a: Checker
|-activate|p1a: Checker|move: Protect
|
|-end|p1a: Checker|move: Future Sight
|-supereffective|p1a: Checker
|-damage|p1a: Checker|0 fnt
|faint|p1a: Checker
|upkeep
|-message|abate fabs forfeited.
|
|win|0o1kiba1o0
|raw|abate fabs's rating: 1355 &rarr; <strong>1334</strong><br />(-21 for losing)
|raw|0o1kiba1o0's rating: 1332 &rarr; <strong>1353</strong><br />(+21 for winning)
|l|☆abate fabs
|player|p1|
