|html|<div class="broadcast-blue"><strong>[Gen 9] OU is currently suspecting Tera Blast! For information on how to participate check out the <a href="https://www.smogon.com/tools/suspects/view/200">suspect thread</a>.</strong></div>
|j|☆SeasonedToxapexual
|j|☆DIOOOOBRANDOOO!!!!
|t:|1776105990
|gametype|singles
|player|p1|SeasonedToxapexual|clerk-boss|1000
|player|p2|DIOOOOBRANDOOO!!!!|170|1000
|gen|9
|tier|[Gen 9] OU
|rated|
|rule|HP Percentage Mod: HP is shown in percentages
|rule|Endless Battle Clause: Forcing endless battles is banned
|rule|Species Clause: Limit one of each Pokémon
|rule|OHKO Clause: OHKO moves are banned
|rule|Evasion Items Clause: Evasion items are banned
|rule|Evasion Moves Clause: Evasion moves are banned
|rule|Evasion Abilities Clause: Evasion abilities are banned
|rule|Sleep Moves Clause: Sleep-inducing moves are banned
|clearpoke
|poke|p1|Iron Valiant|
|poke|p1|Great Tusk|
|poke|p1|Dragonite, M|
|poke|p1|Deoxys-Speed|
|poke|p1|Glimmora, M|
|poke|p1|Kingambit, M|
|poke|p2|Garchomp, M|
|poke|p2|Ceruledge, F|
|poke|p2|Dragapult, M|
|poke|p2|Sylveon, F|
|poke|p2|Talonflame, M|
|poke|p2|Goodra-Hisui, M|
|teampreview
|inactive|Battle timer is ON: inactive players will automatically lose when time's up. (requested by SeasonedToxapexual)
|
|t:|1776106016
|teamsize|p1|6
|teamsize|p2|6
|start
|switch|p1a: Deoxys|Deoxys-Speed|100/100
|switch|p2a: Talonflame|Talonflame, M, shiny|100/100
|-ability|p1a: Deoxys|Pressure
|turn|1
|
|t:|1776106028
|move|p1a: Deoxys|Reflect|p1a: Deoxys
|-sidestart|p1: SeasonedToxapexual|Reflect
|move|p2a: Talonflame|Defog|p1a: Deoxys
|-unboost|p1a: Deoxys|evasion|1
|-sideend|p1: SeasonedToxapexual|Reflect
|
|upkeep
|turn|2
|
|t:|1776106036
|move|p1a: Deoxys|Taunt|p2a: Talonflame
|-start|p2a: Talonflame|move: Taunt
|cant|p2a: Talonflame|move: Taunt|Defog
|
|upkeep
|turn|3
|
|t:|1776106043
|switch|p2a: Garchomp|Garchomp, M|100/100
|move|p1a: Deoxys|Reflect|p1a: Deoxys
|-sidestart|p1: SeasonedToxapexual|Reflect
|
|upkeep
|turn|4
|
|t:|1776106052
|switch|p1a: Iron Valiant|Iron Valiant|100/100
|-enditem|p1a: Iron Valiant|Booster Energy
|-activate|p1a: Iron Valiant|ability: Quark Drive|[fromitem]
|-start|p1a: Iron Valiant|quarkdrivespe
|move|p2a: Garchomp|Stealth Rock|p1a: Iron Valiant
|-sidestart|p1: SeasonedToxapexual|move: Stealth Rock
|
|upkeep
|turn|5
|
|t:|1776106060
|move|p1a: Iron Valiant|Moonblast|p2a: Garchomp
|-supereffective|p2a: Garchomp
|-damage|p2a: Garchomp|0 fnt
|faint|p2a: Garchomp
|
|upkeep
|
|t:|1776106067
|switch|p2a: Ceruledge|Ceruledge, F, shiny|100/100
|turn|6
|
|t:|1776106073
|move|p1a: Iron Valiant|Taunt|p2a: Ceruledge
|-start|p2a: Ceruledge|move: Taunt
|move|p2a: Ceruledge|Close Combat|p1a: Iron Valiant
|-resisted|p1a: Iron Valiant
|-damage|p1a: Iron Valiant|85/100
|-unboost|p2a: Ceruledge|def|1
|-unboost|p2a: Ceruledge|spd|1
|-damage|p2a: Ceruledge|91/100|[from] item: Life Orb
|
|upkeep
|turn|7
|
|t:|1776106085
|move|p2a: Ceruledge|Shadow Sneak|p1a: Iron Valiant
|-crit|p1a: Iron Valiant
|-damage|p1a: Iron Valiant|29/100
|-damage|p2a: Ceruledge|81/100|[from] item: Life Orb
|move|p1a: Iron Valiant|Knock Off|p2a: Ceruledge
|-supereffective|p2a: Ceruledge
|-damage|p2a: Ceruledge|0 fnt
|-enditem|p2a: Ceruledge|Life Orb|[from] move: Knock Off|[of] p1a: Iron Valiant
|faint|p2a: Ceruledge
|
|upkeep
|
|t:|1776106100
|switch|p2a: Goodra|Goodra-Hisui, M, shiny|100/100
|turn|8
|
|t:|1776106104
|move|p1a: Iron Valiant|Close Combat|p2a: Goodra
|-supereffective|p2a: Goodra
|-damage|p2a: Goodra|5/100
|-unboost|p1a: Iron Valiant|def|1
|-unboost|p1a: Iron Valiant|spd|1
|move|p2a: Goodra|Dragon Tail|p1a: Iron Valiant
|-immune|p1a: Iron Valiant
|
|upkeep
|turn|9
|
|t:|1776106119
|move|p1a: Iron Valiant|Moonblast|p2a: Goodra
|-damage|p2a: Goodra|0 fnt
|faint|p2a: Goodra
|
|upkeep
|
|t:|1776106128
|switch|p2a: Sylveon|Sylveon, F, shiny|100/100
|turn|10
|
|t:|1776106133
|move|p1a: Iron Valiant|Knock Off|p2a: Sylveon
|-resisted|p2a: Sylveon
|-damage|p2a: Sylveon|82/100
|-enditem|p2a: Sylveon|Choice Specs|[from] move: Knock Off|[of] p1a: Iron Valiant
|move|p2a: Sylveon|Draining Kiss|p1a: Iron Valiant
|-supereffective|p1a: Iron Valiant
|-damage|p1a: Iron Valiant|0 fnt
|-heal|p2a: Sylveon|98/100|[from] drain|[of] p1a: Iron Valiant
|faint|p1a: Iron Valiant
|-end|p1a: Iron Valiant|Quark Drive|[silent]
|
|-sideend|p1: SeasonedToxapexual|Reflect
|upkeep
|
|t:|1776106143
|switch|p1a: Glimmora|Glimmora, M|100/100
|-damage|p1a: Glimmora|88/100|[from] Stealth Rock
|turn|11
|
|t:|1776106151
|move|p1a: Glimmora|Mortal Spin|p2a: Sylveon
|-supereffective|p2a: Sylveon
|-damage|p2a: Sylveon|82/100
|-status|p2a: Sylveon|psn
|-sideend|p1: SeasonedToxapexual|Stealth Rock|[from] move: Mortal Spin|[of] p1a: Glimmora
|move|p2a: Sylveon|Draining Kiss|p1a: Glimmora
|-resisted|p1a: Glimmora
|-damage|p1a: Glimmora|70/100
|-heal|p2a: Sylveon|93/100 psn|[from] drain|[of] p1a: Glimmora
|
|-damage|p2a: Sylveon|80/100 psn|[from] psn
|upkeep
|turn|12
|
|t:|1776106165
|move|p1a: Glimmora|Meteor Beam||[still]
|-prepare|p1a: Glimmora|Meteor Beam
|-boost|p1a: Glimmora|spa|1
|-enditem|p1a: Glimmora|Power Herb
|-anim|p1a: Glimmora|Meteor Beam|p2a: Sylveon|[miss]
|-miss|p1a: Glimmora|p2a: Sylveon
|move|p2a: Sylveon|Shadow Ball|p1a: Glimmora
|-damage|p1a: Glimmora|34/100
|
|-damage|p2a: Sylveon|68/100 psn|[from] psn
|upkeep
|turn|13
|j| nautillect
|
|t:|1776106179
|move|p1a: Glimmora|Earth Power|p2a: Sylveon
|-damage|p2a: Sylveon|29/100 psn
|move|p2a: Sylveon|Psychic|p1a: Glimmora
|-supereffective|p1a: Glimmora
|-damage|p1a: Glimmora|0 fnt
|faint|p1a: Glimmora
|
|-damage|p2a: Sylveon|17/100 psn|[from] psn
|upkeep
|
|t:|1776106188
|switch|p1a: Deoxys|Deoxys-Speed|100/100
|-ability|p1a: Deoxys|Pressure
|turn|14
|
|t:|1776106196
|move|p1a: Deoxys|Light Screen|p1a: Deoxys
|-sidestart|p1: SeasonedToxapexual|move: Light Screen
|move|p2a: Sylveon|Draining Kiss|p1a: Deoxys
|-damage|p1a: Deoxys|85/100
|-heal|p2a: Sylveon|26/100 psn|[from] drain|[of] p1a: Deoxys
|
|-damage|p2a: Sylveon|14/100 psn|[from] psn
|upkeep
|turn|15
|
|t:|1776106205
|move|p1a: Deoxys|Reflect|p1a: Deoxys
|-sidestart|p1: SeasonedToxapexual|Reflect
|move|p2a: Sylveon|Draining Kiss|p1a: Deoxys
|-damage|p1a: Deoxys|69/100
|-heal|p2a: Sylveon|23/100 psn|[from] drain|[of] p1a: Deoxys
|
|-damage|p2a: Sylveon|10/100 psn|[from] psn
|upkeep
|turn|16
|
|t:|1776106224
|move|p1a: Deoxys|Psycho Boost|p2a: Sylveon
|-damage|p2a: Sylveon|0 fnt
|-unboost|p1a: Deoxys|spa|2
|faint|p2a: Sylveon
|
|upkeep
|
|t:|1776106233
|switch|p2a: Dragapult|Dragapult, M|100/100
|turn|17
|
|t:|1776106239
|move|p1a: Deoxys|Taunt|p2a: Dragapult
|-start|p2a: Dragapult|move: Taunt
|cant|p2a: Dragapult|move: Taunt|Will-O-Wisp
|
|upkeep
|turn|18
|
|t:|1776106261
|move|p1a: Deoxys|Psycho Boost|p2a: Dragapult
|-damage|p2a: Dragapult|65/100
|-unboost|p1a: Deoxys|spa|2
|move|p2a: Dragapult|Hex|p1a: Deoxys
|-supereffective|p1a: Deoxys
|-damage|p1a: Deoxys|11/100
|
|upkeep
|turn|19
|
|t:|1776106274
|switch|p1a: Great Tusk|Great Tusk|100/100
|-enditem|p1a: Great Tusk|Booster Energy
|-activate|p1a: Great Tusk|ability: Protosynthesis|[fromitem]
|-start|p1a: Great Tusk|protosynthesisspe
|move|p2a: Dragapult|Hex|p1a: Great Tusk
|-damage|p1a: Great Tusk|68/100
|
|-end|p2a: Dragapult|move: Taunt
|upkeep
|turn|20
|
|t:|1776106286
|move|p1a: Great Tusk|Headlong Rush|p2a: Dragapult
|-damage|p2a: Dragapult|0 fnt
|-unboost|p1a: Great Tusk|def|1
|-unboost|p1a: Great Tusk|spd|1
|faint|p2a: Dragapult
|
|upkeep
|
|t:|1776106295
|switch|p2a: Talonflame|Talonflame, M, shiny|100/100
|turn|21
|
|t:|1776106307
|move|p1a: Great Tusk|Head Smash|p2a: Talonflame
|-supereffective|p2a: Talonflame
|-damage|p2a: Talonflame|0 fnt
|faint|p2a: Talonflame
|-damage|p1a: Great Tusk|27/100|[from] Recoil
|
|win|SeasonedToxapexual
|raw|SeasonedToxapexual's rating: 1000 &rarr; <strong>1040</strong><br />(+40 for winning)
|raw|DIOOOOBRANDOOO!!!!'s rating: 1000 &rarr; <strong>1000</strong><br />(+0 for losing)
|c|☆SeasonedToxapexual|gg
|l|☆SeasonedToxapexual
|player|p1|
|l| nautillect
|l|☆DIOOOOBRANDOOO!!!!
|player|p2|
|j|☆SeasonedToxapexual
|player|p1|SeasonedToxapexual|clerk-boss|
