|html|<div class="broadcast-blue"><strong>[Gen 9] OU is currently suspecting Tera Blast! For information on how to participate check out the <a href="https://www.smogon.com/tools/suspects/view/200">suspect thread</a>.</strong></div>
|j|☆ljdarkrai_meme
|j|☆ultrabooboobear
|t:|1776099584
|gametype|singles
|player|p1|ljdarkrai_meme|265|1501
|player|p2|ultrabooboobear|fisherman-gen1|1472
|gen|9
|tier|[Gen 9] OU
|rated|
|rule|HP Percentage Mod: HP is shown in percentages
|rule|Endless Battle Clause: Forcing endless battles is banned
|rule|Species Clause: Limit one of each Pokémon
|rule|OHKO Clause: OHKO moves are banned
|rule|Evasion Items Clause: Evasion items are banned
|rule|Evasion Moves Clause: Evasion moves are banned
|rule|Evasion Abilities Clause: Evasion abilities are banned
|rule|Sleep Moves Clause: Sleep-inducing moves are banned
|clearpoke
|poke|p1|Ursaluna, F|
|poke|p1|Hatterene, F|
|poke|p1|Cresselia, F|
|poke|p1|Kingambit, M|
|poke|p1|Deoxys-Defense|
|poke|p1|Raging Bolt|
|poke|p2|Cinderace, F|
|poke|p2|Hatterene, F|
|poke|p2|Kyurem|
|poke|p2|Darkrai|
|poke|p2|Iron Treads|
|poke|p2|Raging Bolt|
|teampreview
|inactive|Battle timer is ON: inactive players will automatically lose when time's up. (requested by ultrabooboobear)
|
|t:|1776099597
|teamsize|p1|6
|teamsize|p2|6
|start
|switch|p1a: Hatterene|Hatterene, F|100/100
|switch|p2a: Darkrai|Darkrai, shiny|100/100
|turn|1
|
|t:|1776099605
|move|p2a: Darkrai|Dark Pulse|p1a: Hatterene
|-damage|p1a: Hatterene|58/100
|move|p1a: Hatterene|Trick Room|p1a: Hatterene
|-fieldstart|move: Trick Room|[of] p1a: Hatterene
|
|upkeep
|turn|2
|j| Jpilo fun
|
|t:|1776099612
|switch|p1a: Ursaluna|Ursaluna, F|100/100
|switch|p2a: Iron Treads|Iron Treads, shiny|100/100
|-enditem|p2a: Iron Treads|Booster Energy
|-activate|p2a: Iron Treads|ability: Quark Drive|[fromitem]
|-start|p2a: Iron Treads|quarkdrivespe
|
|-status|p1a: Ursaluna|brn|[from] item: Flame Orb
|upkeep
|turn|3
|
|t:|1776099622
|-end|p2a: Iron Treads|Quark Drive|[silent]
|switch|p2a: Hatterene|Hatterene, F, shiny|100/100
|move|p1a: Ursaluna|Headlong Rush|p2a: Hatterene
|-damage|p2a: Hatterene|7/100
|-unboost|p1a: Ursaluna|def|1
|-unboost|p1a: Ursaluna|spd|1
|-damage|p1a: Ursaluna|84/100 brn|[from] item: Rocky Helmet|[of] p2a: Hatterene
|
|-damage|p1a: Ursaluna|78/100 brn|[from] brn
|upkeep
|turn|4
|
|t:|1776099636
|move|p1a: Ursaluna|Facade|p2a: Hatterene
|-damage|p2a: Hatterene|0 fnt
|-damage|p1a: Ursaluna|61/100 brn|[from] item: Rocky Helmet|[of] p2a: Hatterene
|faint|p2a: Hatterene
|
|-damage|p1a: Ursaluna|55/100 brn|[from] brn
|upkeep
|
|t:|1776099645
|switch|p2a: Iron Treads|Iron Treads, shiny|100/100
|turn|5
|
|t:|1776099653
|move|p1a: Ursaluna|Headlong Rush|p2a: Iron Treads
|-supereffective|p2a: Iron Treads
|-damage|p2a: Iron Treads|0 fnt
|-unboost|p1a: Ursaluna|def|1
|-unboost|p1a: Ursaluna|spd|1
|faint|p2a: Iron Treads
|-end|p2a: Iron Treads|Quark Drive|[silent]
|
|-damage|p1a: Ursaluna|49/100 brn|[from] brn
|-fieldend|move: Trick Room
|upkeep
|
|t:|1776099655
|switch|p2a: Kyurem|Kyurem, shiny|100/100
|-ability|p2a: Kyurem|Pressure
|turn|6
|
|t:|1776099666
|switch|p1a: Deoxys|Deoxys-Defense|100/100
|-ability|p1a: Deoxys|Pressure
|move|p2a: Kyurem|Freeze-Dry|p1a: Deoxys
|-damage|p1a: Deoxys|81/100
|
|upkeep
|turn|7
|
|t:|1776099669
|move|p2a: Kyurem|Substitute|p2a: Kyurem
|-start|p2a: Kyurem|Substitute
|-damage|p2a: Kyurem|76/100
|move|p1a: Deoxys|Trick Room|p1a: Deoxys
|-fieldstart|move: Trick Room|[of] p1a: Deoxys
|
|-heal|p2a: Kyurem|82/100|[from] item: Leftovers
|upkeep
|turn|8
|
|t:|1776099673
|move|p1a: Deoxys|Night Shade|p2a: Kyurem
|-activate|p2a: Kyurem|move: Substitute|[damage]
|move|p2a: Kyurem|Freeze-Dry|p1a: Deoxys
|-damage|p1a: Deoxys|59/100
|
|-heal|p2a: Kyurem|88/100|[from] item: Leftovers
|upkeep
|turn|9
|
|t:|1776099681
|move|p2a: Kyurem|Substitute|p2a: Kyurem
|-fail|p2a: Kyurem|move: Substitute
|move|p1a: Deoxys|Teleport|p1a: Deoxys
|
|t:|1776099686
|switch|p1a: Kingambit|Kingambit, M|100/100|[from] Teleport
|
|-heal|p2a: Kyurem|94/100|[from] item: Leftovers
|upkeep
|turn|10
|
|t:|1776099692
|-terastallize|p2a: Kyurem|Ground
|move|p1a: Kingambit|Kowtow Cleave|p2a: Kyurem
|-end|p2a: Kyurem|Substitute
|move|p2a: Kyurem|Earth Power|p1a: Kingambit
|-supereffective|p1a: Kingambit
|-damage|p1a: Kingambit|7/100
|
|-heal|p2a: Kyurem|99/100|[from] item: Leftovers
|upkeep
|turn|11
|
|t:|1776099707
|-end|p1a: Kingambit|fallenundefined|[silent]
|switch|p1a: Hatterene|Hatterene, F|58/100
|switch|p2a: Darkrai|Darkrai, shiny|100/100
|
|-fieldend|move: Trick Room
|upkeep
|turn|12
|
|t:|1776099710
|move|p2a: Darkrai|Dark Pulse|p1a: Hatterene
|-damage|p1a: Hatterene|14/100
|move|p1a: Hatterene|Trick Room|p1a: Hatterene
|-fieldstart|move: Trick Room|[of] p1a: Hatterene
|
|upkeep
|turn|13
|
|t:|1776099715
|move|p1a: Hatterene|Healing Wish|p1a: Hatterene
|faint|p1a: Hatterene
|move|p2a: Darkrai|Dark Pulse|p1: Hatterene|[notarget]
|-fail|p2a: Darkrai
|
|upkeep
|
|t:|1776099723
|switch|p1a: Kingambit|Kingambit, M|7/100
|-heal|p1a: Kingambit|100/100|[from] move: Healing Wish
|-activate|p1a: Kingambit|ability: Supreme Overlord
|-start|p1a: Kingambit|fallen1|[silent]
|turn|14
|
|t:|1776099729
|switch|p2a: Cinderace|Cinderace, F, shiny|100/100
|-terastallize|p1a: Kingambit|Fairy
|move|p1a: Kingambit|Tera Blast|p2a: Cinderace|[anim] Tera Blast Fairy
|-resisted|p2a: Cinderace
|-damage|p2a: Cinderace|65/100
|
|upkeep
|turn|15
|
|t:|1776099734
|move|p1a: Kingambit|Kowtow Cleave|p2a: Cinderace
|-damage|p2a: Cinderace|0 fnt
|faint|p2a: Cinderace
|
|upkeep
|
|t:|1776099739
|switch|p2a: Raging Bolt|Raging Bolt|100/100
|-enditem|p2a: Raging Bolt|Booster Energy
|-activate|p2a: Raging Bolt|ability: Protosynthesis|[fromitem]
|-start|p2a: Raging Bolt|protosynthesisspa
|turn|16
|
|t:|1776099744
|move|p1a: Kingambit|Tera Blast|p2a: Raging Bolt|[anim] Tera Blast Fairy
|-supereffective|p2a: Raging Bolt
|-damage|p2a: Raging Bolt|12/100
|move|p2a: Raging Bolt|Thunderbolt|p1a: Kingambit
|-damage|p1a: Kingambit|28/100
|
|-fieldend|move: Trick Room
|upkeep
|turn|17
|
|t:|1776099750
|-end|p1a: Kingambit|fallen1|[silent]
|switch|p1a: Deoxys|Deoxys-Defense|59/100
|-ability|p1a: Deoxys|Pressure
|move|p2a: Raging Bolt|Thunderclap||[still]
|-fail|p2a: Raging Bolt
|
|upkeep
|turn|18
|
|t:|1776099757
|move|p2a: Raging Bolt|Thunderbolt|p1a: Deoxys
|-damage|p1a: Deoxys|17/100
|move|p1a: Deoxys|Trick Room|p1a: Deoxys
|-fieldstart|move: Trick Room|[of] p1a: Deoxys
|
|upkeep
|turn|19
|
|t:|1776099761
|move|p1a: Deoxys|Stealth Rock|p2a: Raging Bolt
|-sidestart|p2: ultrabooboobear|move: Stealth Rock
|move|p2a: Raging Bolt|Calm Mind|p2a: Raging Bolt
|-boost|p2a: Raging Bolt|spa|1
|-boost|p2a: Raging Bolt|spd|1
|
|upkeep
|turn|20
|
|t:|1776099765
|move|p2a: Raging Bolt|Calm Mind|p2a: Raging Bolt
|-boost|p2a: Raging Bolt|spa|1
|-boost|p2a: Raging Bolt|spd|1
|move|p1a: Deoxys|Teleport|p1a: Deoxys
|
|t:|1776099767
|switch|p1a: Ursaluna|Ursaluna, F|49/100 brn|[from] Teleport
|
|-damage|p1a: Ursaluna|42/100 brn|[from] brn
|upkeep
|turn|21
|
|t:|1776099771
|move|p1a: Ursaluna|Facade|p2a: Raging Bolt
|-damage|p2a: Raging Bolt|0 fnt
|faint|p2a: Raging Bolt
|-end|p2a: Raging Bolt|Protosynthesis|[silent]
|
|-damage|p1a: Ursaluna|36/100 brn|[from] brn
|upkeep
|
|t:|1776099773
|switch|p2a: Darkrai|Darkrai, shiny|100/100
|-damage|p2a: Darkrai|88/100|[from] Stealth Rock
|turn|22
|
|t:|1776099779
|move|p1a: Ursaluna|Facade|p2a: Darkrai
|-damage|p2a: Darkrai|0 fnt
|faint|p2a: Darkrai
|
|-damage|p1a: Ursaluna|30/100 brn|[from] brn
|-fieldend|move: Trick Room
|upkeep
|
|t:|1776099780
|switch|p2a: Kyurem|Kyurem, shiny, tera:Ground|99/100
|-damage|p2a: Kyurem|94/100|[from] Stealth Rock
|-ability|p2a: Kyurem|Pressure
|turn|23
|
|t:|1776099786
|move|p2a: Kyurem|Freeze-Dry|p1a: Ursaluna
|-supereffective|p1a: Ursaluna
|-damage|p1a: Ursaluna|0 fnt
|faint|p1a: Ursaluna
|
|-heal|p2a: Kyurem|99/100|[from] item: Leftovers
|upkeep
|
|t:|1776099798
|switch|p1a: Cresselia|Cresselia, F|100/100
|turn|24
|
|t:|1776099800
|move|p2a: Kyurem|Substitute|p2a: Kyurem
|-start|p2a: Kyurem|Substitute
|-damage|p2a: Kyurem|75/100
|move|p1a: Cresselia|Trick Room|p1a: Cresselia
|-fieldstart|move: Trick Room|[of] p1a: Cresselia
|
|-heal|p2a: Kyurem|81/100|[from] item: Leftovers
|upkeep
|turn|25
|
|t:|1776099802
|move|p1a: Cresselia|Lunar Dance|p1a: Cresselia
|faint|p1a: Cresselia
|move|p2a: Kyurem|Freeze-Dry|p1: Cresselia|[notarget]
|-fail|p2a: Kyurem
|
|-heal|p2a: Kyurem|88/100|[from] item: Leftovers
|upkeep
|
|t:|1776099806
|switch|p1a: Kingambit|Kingambit, M, tera:Fairy|28/100
|-heal|p1a: Kingambit|100/100|[from] move: Lunar Dance
|-activate|p1a: Kingambit|ability: Supreme Overlord
|-start|p1a: Kingambit|fallen3|[silent]
|turn|26
|
|t:|1776099813
|move|p1a: Kingambit|Kowtow Cleave|p2a: Kyurem
|-end|p2a: Kyurem|Substitute
|move|p2a: Kyurem|Substitute|p2a: Kyurem
|-start|p2a: Kyurem|Substitute
|-damage|p2a: Kyurem|63/100
|
|-heal|p2a: Kyurem|69/100|[from] item: Leftovers
|upkeep
|turn|27
|
|t:|1776099817
|move|p1a: Kingambit|Kowtow Cleave|p2a: Kyurem
|-end|p2a: Kyurem|Substitute
|move|p2a: Kyurem|Substitute|p2a: Kyurem
|-start|p2a: Kyurem|Substitute
|-damage|p2a: Kyurem|44/100
|
|-heal|p2a: Kyurem|50/100|[from] item: Leftovers
|upkeep
|turn|28
|
|t:|1776099820
|move|p1a: Kingambit|Kowtow Cleave|p2a: Kyurem
|-end|p2a: Kyurem|Substitute
|move|p2a: Kyurem|Substitute|p2a: Kyurem
|-start|p2a: Kyurem|Substitute
|-damage|p2a: Kyurem|25/100
|
|-heal|p2a: Kyurem|31/100|[from] item: Leftovers
|-fieldend|move: Trick Room
|upkeep
|turn|29
|
|t:|1776099822
|move|p2a: Kyurem|Freeze-Dry|p1a: Kingambit
|-damage|p1a: Kingambit|64/100
|move|p1a: Kingambit|Kowtow Cleave|p2a: Kyurem
|-crit|p2a: Kyurem
|-end|p2a: Kyurem|Substitute
|
|-heal|p2a: Kyurem|38/100|[from] item: Leftovers
|upkeep
|turn|30
|
|t:|1776099828
|move|p2a: Kyurem|Freeze-Dry|p1a: Kingambit
|-damage|p1a: Kingambit|27/100
|move|p1a: Kingambit|Kowtow Cleave|p2a: Kyurem
|-damage|p2a: Kyurem|0 fnt
|faint|p2a: Kyurem
|
|win|ljdarkrai_meme
|raw|ljdarkrai_meme's rating: 1501 &rarr; <strong>1519</strong><br />(+18 for winning)
|raw|ultrabooboobear's rating: 1472 &rarr; <strong>1454</strong><br />(-18 for losing)
|l|☆ultrabooboobear
|player|p2|
