|html|<div class="broadcast-blue"><strong>[Gen 9] OU is currently suspecting Tera Blast! For information on how to participate check out the <a href="https://www.smogon.com/tools/suspects/view/200">suspect thread</a>.</strong></div>
|j|☆Colin Prime
|j|☆Kaltaris83
|t:|1776091552
|gametype|singles
|player|p1|Colin Prime|iris-gen5bw2|1480
|player|p2|Kaltaris83|psychic|1544
|gen|9
|tier|[Gen 9] OU
|rated|
|rule|HP Percentage Mod: HP is shown in percentages
|rule|Endless Battle Clause: Forcing endless battles is banned
|rule|Species Clause: Limit one of each Pokémon
|rule|OHKO Clause: OHKO moves are banned
|rule|Evasion Items Clause: Evasion items are banned
|rule|Evasion Moves Clause: Evasion moves are banned
|rule|Evasion Abilities Clause: Evasion abilities are banned
|rule|Sleep Moves Clause: Sleep-inducing moves are banned
|clearpoke
|poke|p1|Torkoal, M|
|poke|p1|Hatterene, F|
|poke|p1|Typhlosion-Hisui, M|
|poke|p1|Walking Wake|
|poke|p1|Great Tusk|
|poke|p1|Sandy Shocks|
|poke|p2|Heatran, M|
|poke|p2|Deoxys-Speed|
|poke|p2|Weezing-Galar, F|
|poke|p2|Lokix, F|
|poke|p2|Skarmory, F|
|poke|p2|Greninja-*, M|
|teampreview
|inactive|Battle timer is ON: inactive players will automatically lose when time's up. (requested by Kaltaris83)
|
|t:|1776091563
|teamsize|p1|6
|teamsize|p2|6
|start
|switch|p1a: Sandy Shocks|Sandy Shocks|100/100
|switch|p2a: Deoxys|Deoxys-Speed, shiny|100/100
|-ability|p2a: Deoxys|Pressure
|turn|1
|
|t:|1776091576
|move|p2a: Deoxys|Psycho Boost|p1a: Sandy Shocks|[miss]
|-miss|p2a: Deoxys|p1a: Sandy Shocks
|move|p1a: Sandy Shocks|Sunny Day|p1a: Sandy Shocks
|-weather|SunnyDay
|-activate|p1a: Sandy Shocks|ability: Protosynthesis
|-start|p1a: Sandy Shocks|protosynthesisspe
|
|-weather|SunnyDay|[upkeep]
|upkeep
|turn|2
|
|t:|1776091581
|move|p2a: Deoxys|Psycho Boost|p1a: Sandy Shocks
|-enditem|p1a: Sandy Shocks|Focus Sash
|-damage|p1a: Sandy Shocks|1/100
|-unboost|p2a: Deoxys|spa|2
|move|p1a: Sandy Shocks|Stealth Rock|p2a: Deoxys
|-sidestart|p2: Kaltaris83|move: Stealth Rock
|
|-weather|SunnyDay|[upkeep]
|upkeep
|turn|3
|
|t:|1776091588
|move|p2a: Deoxys|Psycho Boost|p1a: Sandy Shocks
|-damage|p1a: Sandy Shocks|0 fnt
|-unboost|p2a: Deoxys|spa|2
|faint|p1a: Sandy Shocks
|-end|p1a: Sandy Shocks|Protosynthesis|[silent]
|
|-weather|SunnyDay|[upkeep]
|upkeep
|
|t:|1776091594
|switch|p1a: Walking Wake|Walking Wake|100/100
|-activate|p1a: Walking Wake|ability: Protosynthesis
|-start|p1a: Walking Wake|protosynthesisspa
|turn|4
|
|t:|1776091609
|switch|p2a: Weezing|Weezing-Galar, F|100/100
|-ability|p2a: Weezing|Neutralizing Gas
|-damage|p2a: Weezing|88/100|[from] Stealth Rock
|move|p1a: Walking Wake|Hydro Steam|p2a: Weezing
|-damage|p2a: Weezing|0 fnt
|faint|p2a: Weezing
|-end|p2a: Weezing|ability: Neutralizing Gas
|
|-weather|SunnyDay|[upkeep]
|upkeep
|
|t:|1776091611
|switch|p2a: Greninja|Greninja, M|100/100
|-damage|p2a: Greninja|88/100|[from] Stealth Rock
|turn|5
|
|t:|1776091617
|move|p2a: Greninja|Dark Pulse|p1a: Walking Wake
|-damage|p1a: Walking Wake|59/100
|move|p1a: Walking Wake|Hydro Steam|p2a: Greninja
|-resisted|p2a: Greninja
|-damage|p2a: Greninja|0 fnt
|faint|p2a: Greninja
|
|-weather|none
|-end|p1a: Walking Wake|Protosynthesis
|upkeep
|
|t:|1776091622
|switch|p2a: Lokix|Lokix, F|100/100
|-damage|p2a: Lokix|76/100|[from] Stealth Rock
|turn|6
|
|t:|1776091625
|-end|p1a: Walking Wake|Protosynthesis|[silent]
|switch|p1a: Torkoal|Torkoal, M|100/100
|-weather|SunnyDay|[from] ability: Drought|[of] p1a: Torkoal
|move|p2a: Lokix|First Impression|p1a: Torkoal
|-resisted|p1a: Torkoal
|-damage|p1a: Torkoal|69/100
|-damage|p2a: Lokix|66/100|[from] item: Life Orb
|
|-weather|SunnyDay|[upkeep]
|upkeep
|turn|7
|
|t:|1776091632
|switch|p1a: Hatterene|Hatterene, F|100/100
|move|p2a: Lokix|Knock Off|p1a: Hatterene
|-damage|p1a: Hatterene|48/100
|-enditem|p1a: Hatterene|Eject Button|[from] move: Knock Off|[of] p2a: Lokix
|-damage|p2a: Lokix|56/100|[from] item: Life Orb
|
|-weather|SunnyDay|[upkeep]
|upkeep
|turn|8
|
|t:|1776091640
|switch|p2a: Heatran|Heatran, M, shiny|100/100
|-damage|p2a: Heatran|88/100|[from] Stealth Rock
|move|p1a: Hatterene|Dazzling Gleam|p2a: Heatran
|-resisted|p2a: Heatran
|-damage|p2a: Heatran|79/100
|
|-weather|SunnyDay|[upkeep]
|upkeep
|turn|9
|
|t:|1776091645
|move|p2a: Heatran|Magma Storm|p1a: Hatterene
|-damage|p1a: Hatterene|0 fnt
|faint|p1a: Hatterene
|
|-weather|SunnyDay|[upkeep]
|upkeep
|
|t:|1776091653
|switch|p1a: Walking Wake|Walking Wake|59/100
|-activate|p1a: Walking Wake|ability: Protosynthesis
|-start|p1a: Walking Wake|protosynthesisspa
|turn|10
|
|t:|1776091659
|switch|p2a: Skarmory|Skarmory, F, shiny|100/100
|-damage|p2a: Skarmory|88/100|[from] Stealth Rock
|move|p1a: Walking Wake|Hydro Steam|p2a: Skarmory
|-damage|p2a: Skarmory|0 fnt
|faint|p2a: Skarmory
|
|-weather|SunnyDay|[upkeep]
|upkeep
|
|t:|1776091661
|switch|p2a: Deoxys|Deoxys-Speed, shiny|100/100
|-damage|p2a: Deoxys|88/100|[from] Stealth Rock
|-ability|p2a: Deoxys|Pressure
|turn|11
|
|t:|1776091681
|move|p2a: Deoxys|Psycho Boost|p1a: Walking Wake
|-damage|p1a: Walking Wake|0 fnt
|-unboost|p2a: Deoxys|spa|2
|faint|p1a: Walking Wake
|-end|p1a: Walking Wake|Protosynthesis|[silent]
|
|-weather|SunnyDay|[upkeep]
|upkeep
|
|t:|1776091683
|switch|p1a: Typhlosion|Typhlosion-Hisui, M|100/100
|turn|12
|
|t:|1776091688
|move|p2a: Deoxys|Psycho Boost|p1a: Typhlosion
|-damage|p1a: Typhlosion|37/100
|-unboost|p2a: Deoxys|spa|2
|move|p1a: Typhlosion|Shadow Ball|p2a: Deoxys
|-supereffective|p2a: Deoxys
|-damage|p2a: Deoxys|0 fnt
|faint|p2a: Deoxys
|
|-weather|SunnyDay|[upkeep]
|upkeep
|
|t:|1776091691
|switch|p2a: Lokix|Lokix, F|56/100
|-damage|p2a: Lokix|31/100|[from] Stealth Rock
|turn|13
|
|t:|1776091698
|move|p2a: Lokix|First Impression|p1a: Typhlosion
|-resisted|p1a: Typhlosion
|-damage|p1a: Typhlosion|2/100
|-damage|p2a: Lokix|21/100|[from] item: Life Orb
|move|p1a: Typhlosion|Shadow Ball|p2a: Lokix
|-resisted|p2a: Lokix
|-damage|p2a: Lokix|0 fnt
|faint|p2a: Lokix
|
|-weather|none
|upkeep
|
|t:|1776091701
|switch|p2a: Heatran|Heatran, M, shiny|79/100
|-damage|p2a: Heatran|67/100|[from] Stealth Rock
|turn|14
|
|t:|1776091703
|move|p1a: Typhlosion|Shadow Ball|p2a: Heatran
|-damage|p2a: Heatran|22/100
|-unboost|p2a: Heatran|spd|1
|move|p2a: Heatran|Earth Power|p1a: Typhlosion
|-supereffective|p1a: Typhlosion
|-crit|p1a: Typhlosion
|-damage|p1a: Typhlosion|0 fnt
|faint|p1a: Typhlosion
|
|upkeep
|
|t:|1776091708
|switch|p1a: Great Tusk|Great Tusk|100/100
|turn|15
|
|t:|1776091715
|-terastallize|p2a: Heatran|Grass
|move|p1a: Great Tusk|Close Combat|p2a: Heatran
|-damage|p2a: Heatran|0 fnt
|-unboost|p1a: Great Tusk|def|1
|-unboost|p1a: Great Tusk|spd|1
|faint|p2a: Heatran
|
|win|Colin Prime
|raw|Colin Prime's rating: 1480 &rarr; <strong>1504</strong><br />(+24 for winning)
|raw|Kaltaris83's rating: 1544 &rarr; <strong>1520</strong><br />(-24 for losing)
|l|☆Kaltaris83
|player|p2|
