|html|<div class="broadcast-blue"><strong>[Gen 9] OU is currently suspecting Volcarona! For information on how to participate check out the <a href="https://www.smogon.com/tools/suspects/view/208">suspect thread</a>.</strong></div>
|j|☆nacos77
|j|☆ashleynotadog2
|t:|1778506517
|gametype|singles
|player|p1|nacos77|n|1181
|player|p2|ashleynotadog2|skyla|1208
|gen|9
|tier|[Gen 9] OU
|rated|
|rule|HP Percentage Mod: HP is shown in percentages
|rule|Endless Battle Clause: Forcing endless battles is banned
|rule|Species Clause: Limit one of each Pokémon
|rule|OHKO Clause: OHKO moves are banned
|rule|Evasion Items Clause: Evasion items are banned
|rule|Evasion Moves Clause: Evasion moves are banned
|rule|Evasion Abilities Clause: Evasion abilities are banned
|rule|Sleep Moves Clause: Sleep-inducing moves are banned
|clearpoke
|poke|p1|Corviknight, F|
|poke|p1|Polteageist-Antique|
|poke|p1|Kingambit, M|
|poke|p1|Quaquaval, F|
|poke|p1|Garganacl, F|
|poke|p1|Regieleki|
|poke|p2|Wo-Chien|
|poke|p2|Iron Treads|
|poke|p2|Weezing-Galar, M|
|poke|p2|Blissey, F|
|poke|p2|Alomomola, F|
|poke|p2|Talonflame, F|
|teampreview
|
|t:|1778506530
|teamsize|p1|6
|teamsize|p2|6
|start
|switch|p1a: Corviknight|Corviknight, F|100/100
|switch|p2a: reacts|Wo-Chien|100/100
|-ability|p2a: reacts|Tablets of Ruin
|turn|1
|
|t:|1778506547
|-terastallize|p2a: reacts|Water
|move|p2a: reacts|Leech Seed|p1a: Corviknight
|-start|p1a: Corviknight|move: Leech Seed
|move|p1a: Corviknight|Agility|p1a: Corviknight
|-boost|p1a: Corviknight|spe|2
|
|-damage|p1a: Corviknight|88/100|[from] Leech Seed|[of] p2a: reacts
|upkeep
|turn|2
|
|t:|1778506558
|move|p1a: Corviknight|Light Screen|p1a: Corviknight
|-sidestart|p1: nacos77|move: Light Screen
|move|p2a: reacts|Knock Off|p1a: Corviknight
|-damage|p1a: Corviknight|65/100
|-damage|p2a: reacts|84/100|[from] item: Rocky Helmet|[of] p1a: Corviknight
|-enditem|p1a: Corviknight|Rocky Helmet|[from] move: Knock Off|[of] p2a: reacts
|
|-heal|p2a: reacts|90/100|[from] item: Leftovers
|-damage|p1a: Corviknight|53/100|[from] Leech Seed|[of] p2a: reacts
|-heal|p2a: reacts|100/100|[silent]
|upkeep
|turn|3
|
|t:|1778506573
|switch|p1a: Regieleki|Regieleki|100/100
|move|p2a: reacts|Foul Play|p1a: Regieleki
|-damage|p1a: Regieleki|17/100
|
|upkeep
|turn|4
|
|t:|1778506584
|switch|p2a: adressed|Iron Treads|100/100
|move|p1a: Regieleki|Thunderbolt|p2a: adressed
|-immune|p2a: adressed
|
|upkeep
|turn|5
|
|t:|1778506591
|switch|p1a: Corviknight|Corviknight, F|53/100
|move|p2a: adressed|Rapid Spin|p1a: Corviknight
|-resisted|p1a: Corviknight
|-damage|p1a: Corviknight|48/100
|-boost|p2a: adressed|spe|1
|
|upkeep
|turn|6
|
|t:|1778506603
|move|p2a: adressed|Knock Off|p1a: Corviknight
|-damage|p1a: Corviknight|35/100
|move|p1a: Corviknight|Body Press|p2a: adressed
|-supereffective|p2a: adressed
|-damage|p2a: adressed|63/100
|
|-heal|p2a: adressed|69/100|[from] item: Leftovers
|-sideend|p1: nacos77|move: Light Screen
|upkeep
|turn|7
|
|t:|1778506612
|-end|p2a: adressed|Quark Drive|[silent]
|switch|p2a: talonfalme|Talonflame, F|100/100
|move|p1a: Corviknight|Body Press|p2a: talonfalme
|-resisted|p2a: talonfalme
|-damage|p2a: talonfalme|90/100
|
|upkeep
|turn|8
|
|t:|1778506621
|move|p2a: talonfalme|Will-O-Wisp|p1a: Corviknight
|-status|p1a: Corviknight|brn
|move|p1a: Corviknight|Iron Defense|p1a: Corviknight
|-boost|p1a: Corviknight|def|2
|
|-damage|p1a: Corviknight|29/100 brn|[from] brn
|upkeep
|turn|9
|
|t:|1778506629
|move|p2a: talonfalme|Flamethrower|p1a: Corviknight
|-supereffective|p1a: Corviknight
|-damage|p1a: Corviknight|0 fnt
|faint|p1a: Corviknight
|
|upkeep
|
|t:|1778506637
|switch|p1a: Quaquaval|Quaquaval, F|100/100
|turn|10
|
|t:|1778506643
|move|p2a: talonfalme|Will-O-Wisp|p1a: Quaquaval
|-status|p1a: Quaquaval|brn
|move|p1a: Quaquaval|Aqua Step|p2a: talonfalme
|-supereffective|p2a: talonfalme
|-damage|p2a: talonfalme|43/100
|-boost|p1a: Quaquaval|spe|1
|-damage|p1a: Quaquaval|91/100 brn|[from] item: Life Orb
|
|-damage|p1a: Quaquaval|84/100 brn|[from] brn
|upkeep
|turn|11
|
|t:|1778506656
|switch|p2a: reacts|Wo-Chien, tera:Water|100/100
|-ability|p2a: reacts|Tablets of Ruin
|move|p1a: Quaquaval|Aqua Step|p2a: reacts
|-resisted|p2a: reacts
|-damage|p2a: reacts|94/100
|-boost|p1a: Quaquaval|spe|1
|-damage|p1a: Quaquaval|75/100 brn|[from] item: Life Orb
|
|-heal|p2a: reacts|99/100|[from] item: Leftovers
|-damage|p1a: Quaquaval|68/100 brn|[from] brn
|upkeep
|turn|12
|
|t:|1778506669
|move|p1a: Quaquaval|U-turn|p2a: reacts
|-damage|p2a: reacts|92/100
|-damage|p1a: Quaquaval|59/100 brn|[from] item: Life Orb
|
|t:|1778506674
|switch|p1a: Regieleki|Regieleki|17/100|[from] U-turn
|move|p2a: reacts|Leech Seed|p1a: Regieleki
|-start|p1a: Regieleki|move: Leech Seed
|
|-heal|p2a: reacts|98/100|[from] item: Leftovers
|-damage|p1a: Regieleki|4/100|[from] Leech Seed|[of] p2a: reacts
|-heal|p2a: reacts|100/100|[silent]
|upkeep
|turn|13
|
|t:|1778506683
|switch|p2a: happy|Blissey, F|100/100
|move|p1a: Regieleki|Thunder Cage|p2a: happy
|-crit|p2a: happy
|-damage|p2a: happy|73/100
|-activate|p2a: happy|move: Thunder Cage|[of] p1a: Regieleki
|-damage|p1a: Regieleki|0 fnt|[from] item: Life Orb
|faint|p1a: Regieleki
|
|-heal|p2a: happy|79/100|[from] item: Leftovers
|-end|p2a: happy|Thunder Cage|[partiallytrapped]|[silent]
|upkeep
|
|t:|1778506698
|switch|p1a: Polteageist|Polteageist-Antique|100/100
|turn|14
|
|t:|1778506709
|move|p1a: Polteageist|Shell Smash|p1a: Polteageist
|-unboost|p1a: Polteageist|def|1
|-unboost|p1a: Polteageist|spd|1
|-boost|p1a: Polteageist|atk|2
|-boost|p1a: Polteageist|spa|2
|-boost|p1a: Polteageist|spe|2
|-enditem|p1a: Polteageist|White Herb
|-clearnegativeboost|p1a: Polteageist|[silent]
|move|p2a: happy|Stealth Rock|p1a: Polteageist
|-sidestart|p1: nacos77|move: Stealth Rock
|
|-heal|p2a: happy|86/100|[from] item: Leftovers
|upkeep
|turn|15
|inactive|Battle timer is ON: inactive players will automatically lose when time's up. (requested by nacos77)
|
|t:|1778506720
|move|p1a: Polteageist|Shell Smash|p1a: Polteageist
|-unboost|p1a: Polteageist|def|1
|-unboost|p1a: Polteageist|spd|1
|-boost|p1a: Polteageist|atk|2
|-boost|p1a: Polteageist|spa|2
|-boost|p1a: Polteageist|spe|2
|move|p2a: happy|Flamethrower|p1a: Polteageist
|-damage|p1a: Polteageist|73/100
|
|-heal|p2a: happy|92/100|[from] item: Leftovers
|upkeep
|turn|16
|
|t:|1778506735
|move|p1a: Polteageist|Giga Drain|p2a: happy
|-damage|p2a: happy|63/100
|-heal|p1a: Polteageist|100/100|[from] drain|[of] p2a: happy
|move|p2a: happy|Flamethrower|p1a: Polteageist
|-crit|p1a: Polteageist
|-damage|p1a: Polteageist|54/100
|
|-heal|p2a: happy|69/100|[from] item: Leftovers
|upkeep
|turn|17
|
|t:|1778506744
|move|p1a: Polteageist|Giga Drain|p2a: happy
|-crit|p2a: happy
|-damage|p2a: happy|26/100
|-heal|p1a: Polteageist|100/100|[from] drain|[of] p2a: happy
|move|p2a: happy|Flamethrower|p1a: Polteageist
|-damage|p1a: Polteageist|72/100
|
|-heal|p2a: happy|32/100|[from] item: Leftovers
|upkeep
|turn|18
|
|t:|1778506761
|move|p1a: Polteageist|Giga Drain|p2a: happy
|-damage|p2a: happy|6/100
|-heal|p1a: Polteageist|100/100|[from] drain|[of] p2a: happy
|move|p2a: happy|Soft-Boiled|p2a: happy
|-heal|p2a: happy|56/100
|
|-heal|p2a: happy|62/100|[from] item: Leftovers
|upkeep
|turn|19
|
|t:|1778506769
|move|p1a: Polteageist|Giga Drain|p2a: happy
|-damage|p2a: happy|34/100
|move|p2a: happy|Soft-Boiled|p2a: happy
|-heal|p2a: happy|84/100
|
|-heal|p2a: happy|90/100|[from] item: Leftovers
|upkeep
|turn|20
|
|t:|1778506776
|move|p1a: Polteageist|Shell Smash|p1a: Polteageist
|-unboost|p1a: Polteageist|def|1
|-unboost|p1a: Polteageist|spd|1
|-boost|p1a: Polteageist|atk|2
|-boost|p1a: Polteageist|spa|2
|-boost|p1a: Polteageist|spe|2
|move|p2a: happy|Flamethrower|p1a: Polteageist
|-damage|p1a: Polteageist|65/100
|-status|p1a: Polteageist|brn
|
|-heal|p2a: happy|96/100|[from] item: Leftovers
|-damage|p1a: Polteageist|59/100 brn|[from] brn
|upkeep
|turn|21
|
|t:|1778506787
|move|p1a: Polteageist|Giga Drain|p2a: happy
|-damage|p2a: happy|58/100
|-heal|p1a: Polteageist|100/100 brn|[from] drain|[of] p2a: happy
|move|p2a: happy|Calm Mind|p2a: happy
|-boost|p2a: happy|spa|1
|-boost|p2a: happy|spd|1
|
|-heal|p2a: happy|64/100|[from] item: Leftovers
|-damage|p1a: Polteageist|94/100 brn|[from] brn
|upkeep
|turn|22
|
|t:|1778506797
|move|p1a: Polteageist|Giga Drain|p2a: happy
|-damage|p2a: happy|39/100
|-heal|p1a: Polteageist|100/100 brn|[from] drain|[of] p2a: happy
|move|p2a: happy|Calm Mind|p2a: happy
|-boost|p2a: happy|spa|1
|-boost|p2a: happy|spd|1
|
|-heal|p2a: happy|45/100|[from] item: Leftovers
|-damage|p1a: Polteageist|94/100 brn|[from] brn
|upkeep
|turn|23
|c|☆nacos77|dont play cancer Bro
|c|☆nacos77|WTF Is this game
|c|☆ashleynotadog2|youre playing shell smash polteageist what did you expect
|inactive|nacos77 has 120 seconds left.
|c|☆nacos77|its a good way of play
|c|☆ashleynotadog2|sorry man i will let you set up and sweep my team i guess
|c|☆nacos77|buff + Attack
|c|☆ashleynotadog2|guess i wont counterplay at all
|
|t:|1778506847
|switch|p1a: Quaquaval|Quaquaval, F|59/100 brn
|-damage|p1a: Quaquaval|52/100 brn|[from] Stealth Rock
|move|p2a: happy|Soft-Boiled|p2a: happy
|-heal|p2a: happy|95/100
|
|-heal|p2a: happy|100/100|[from] item: Leftovers
|-damage|p1a: Quaquaval|46/100 brn|[from] brn
|upkeep
|turn|24
|
|t:|1778506858
|switch|p2a: ???|Alomomola, F|100/100
|move|p1a: Quaquaval|Flip Turn|p2a: ???
|-resisted|p2a: ???
|-crit|p2a: ???
|-damage|p2a: ???|91/100
|-damage|p1a: Quaquaval|30/100 brn|[from] item: Rocky Helmet|[of] p2a: ???
|-damage|p1a: Quaquaval|20/100 brn|[from] item: Life Orb
|
|t:|1778506866
|switch|p1a: Polteageist|Polteageist-Antique|94/100 brn|[from] Flip Turn
|-damage|p1a: Polteageist|82/100 brn|[from] Stealth Rock
|
|-damage|p1a: Polteageist|76/100 brn|[from] brn
|upkeep
|turn|25
|
|t:|1778506883
|move|p1a: Polteageist|Giga Drain|p2a: ???
|-supereffective|p2a: ???
|-crit|p2a: ???
|-damage|p2a: ???|6/100
|-heal|p1a: Polteageist|100/100 brn|[from] drain|[of] p2a: ???
|move|p2a: ???|Flip Turn|p1a: Polteageist
|-damage|p1a: Polteageist|72/100 brn
|-ability|p1a: Polteageist|Weak Armor|boost
|-unboost|p1a: Polteageist|def|1
|-boost|p1a: Polteageist|spe|2
|
|t:|1778506895
|switch|p2a: happy|Blissey, F|100/100|[from] Flip Turn
|
|-damage|p1a: Polteageist|66/100 brn|[from] brn
|upkeep
|turn|26
|
|t:|1778506908
|switch|p1a: Quaquaval|Quaquaval, F|20/100 brn
|-damage|p1a: Quaquaval|14/100 brn|[from] Stealth Rock
|move|p2a: happy|Calm Mind|p2a: happy
|-boost|p2a: happy|spa|1
|-boost|p2a: happy|spd|1
|
|-damage|p1a: Quaquaval|8/100 brn|[from] brn
|upkeep
|turn|27
|
|t:|1778506918
|switch|p2a: reacts|Wo-Chien, tera:Water|100/100
|-ability|p2a: reacts|Tablets of Ruin
|move|p1a: Quaquaval|Close Combat|p2a: reacts
|-damage|p2a: reacts|78/100
|-unboost|p1a: Quaquaval|def|1
|-unboost|p1a: Quaquaval|spd|1
|-damage|p1a: Quaquaval|0 fnt|[from] item: Life Orb
|faint|p1a: Quaquaval
|
|-heal|p2a: reacts|85/100|[from] item: Leftovers
|upkeep
|
|t:|1778506928
|switch|p1a: Polteageist|Polteageist-Antique|66/100 brn
|-damage|p1a: Polteageist|53/100 brn|[from] Stealth Rock
|turn|28
|inactive|nacos77 has 120 seconds left.
|
|t:|1778506937
|move|p1a: Polteageist|Shell Smash|p1a: Polteageist
|-unboost|p1a: Polteageist|def|1
|-unboost|p1a: Polteageist|spd|1
|-boost|p1a: Polteageist|atk|2
|-boost|p1a: Polteageist|spa|2
|-boost|p1a: Polteageist|spe|2
|move|p2a: reacts|Leech Seed|p1a: Polteageist
|-start|p1a: Polteageist|move: Leech Seed
|
|-heal|p2a: reacts|91/100|[from] item: Leftovers
|-damage|p1a: Polteageist|41/100 brn|[from] Leech Seed|[of] p2a: reacts
|-heal|p2a: reacts|99/100|[silent]
|-damage|p1a: Polteageist|35/100 brn|[from] brn
|upkeep
|turn|29
|
|t:|1778506958
|switch|p2a: happy|Blissey, F|100/100
|move|p1a: Polteageist|Giga Drain|p2a: happy
|-damage|p2a: happy|84/100
|-heal|p1a: Polteageist|56/100 brn|[from] drain|[of] p2a: happy
|
|-heal|p2a: happy|90/100|[from] item: Leftovers
|-damage|p1a: Polteageist|44/100 brn|[from] Leech Seed|[of] p2a: happy
|-heal|p2a: happy|95/100|[silent]
|-damage|p1a: Polteageist|38/100 brn|[from] brn
|upkeep
|turn|30
|
|t:|1778506969
|switch|p1a: Kingambit|Kingambit, M|100/100
|-damage|p1a: Kingambit|94/100|[from] Stealth Rock
|-activate|p1a: Kingambit|ability: Supreme Overlord
|-start|p1a: Kingambit|fallen3|[silent]
|move|p2a: happy|Calm Mind|p2a: happy
|-boost|p2a: happy|spa|1
|-boost|p2a: happy|spd|1
|
|-heal|p2a: happy|100/100|[from] item: Leftovers
|upkeep
|turn|31
|inactive|nacos77 has 120 seconds left.
|
|t:|1778506985
|switch|p2a: stinks|Weezing-Galar, M|100/100
|-ability|p2a: stinks|Neutralizing Gas
|move|p1a: Kingambit|Night Slash|p2a: stinks
|-resisted|p2a: stinks
|-damage|p2a: stinks|88/100
|
|-heal|p2a: stinks|94/100|[from] item: Leftovers
|upkeep
|turn|32
|inactive|nacos77 has 120 seconds left.
|
|t:|1778506998
|-end|p1a: Kingambit|fallen3|[silent]
|switch|p1a: Polteageist|Polteageist-Antique|38/100 brn
|-damage|p1a: Polteageist|25/100 brn|[from] Stealth Rock
|move|p2a: stinks|Will-O-Wisp|p1a: Polteageist|[miss]
|-miss|p2a: stinks|p1a: Polteageist
|
|-heal|p2a: stinks|99/100|[from] item: Leftovers
|-damage|p1a: Polteageist|19/100 brn|[from] brn
|upkeep
|turn|33
|
|t:|1778507009
|move|p1a: Polteageist|Shadow Ball|p2a: stinks
|-damage|p2a: stinks|35/100
|move|p2a: stinks|Defog|p1a: Polteageist
|-unboost|p1a: Polteageist|evasion|1
|-sideend|p1: nacos77|Stealth Rock|[from] move: Defog|[of] p2a: stinks
|
|-heal|p2a: stinks|41/100|[from] item: Leftovers
|-damage|p1a: Polteageist|13/100 brn|[from] brn
|upkeep
|turn|34
|
|t:|1778507021
|-end|p2a: stinks|ability: Neutralizing Gas
|switch|p2a: happy|Blissey, F|100/100
|move|p1a: Polteageist|Strength Sap|p2a: happy
|-unboost|p2a: happy|atk|1
|-heal|p1a: Polteageist|22/100 brn
|
|-damage|p1a: Polteageist|15/100 brn|[from] brn
|upkeep
|turn|35
|
|t:|1778507036
|switch|p1a: Kingambit|Kingambit, M|94/100
|-activate|p1a: Kingambit|ability: Supreme Overlord
|-start|p1a: Kingambit|fallen3|[silent]
|move|p2a: happy|Flamethrower|p1a: Kingambit
|-supereffective|p1a: Kingambit
|-damage|p1a: Kingambit|53/100
|
|upkeep
|turn|36
|
|t:|1778507059
|switch|p2a: reacts|Wo-Chien, tera:Water|99/100
|-ability|p2a: reacts|Tablets of Ruin
|move|p1a: Kingambit|Shadow Claw|p2a: reacts
|-damage|p2a: reacts|81/100
|
|-heal|p2a: reacts|87/100|[from] item: Leftovers
|upkeep
|turn|37
|
|t:|1778507071
|move|p2a: reacts|Leech Seed|p1a: Kingambit
|-start|p1a: Kingambit|move: Leech Seed
|move|p1a: Kingambit|Night Slash|p2a: reacts
|-damage|p2a: reacts|57/100
|
|-heal|p2a: reacts|63/100|[from] item: Leftovers
|-damage|p1a: Kingambit|41/100|[from] Leech Seed|[of] p2a: reacts
|-heal|p2a: reacts|75/100|[silent]
|upkeep
|turn|38
|
|t:|1778507083
|move|p2a: reacts|Foul Play|p1a: Kingambit
|-resisted|p1a: Kingambit
|-damage|p1a: Kingambit|22/100
|move|p1a: Kingambit|Night Slash|p2a: reacts
|-crit|p2a: reacts
|-damage|p2a: reacts|34/100
|
|-heal|p2a: reacts|40/100|[from] item: Leftovers
|-damage|p1a: Kingambit|10/100|[from] Leech Seed|[of] p2a: reacts
|-heal|p2a: reacts|51/100|[silent]
|upkeep
|turn|39
|
|t:|1778507102
|switch|p2a: ???|Alomomola, F|40/100
|move|p1a: Kingambit|Night Slash|p2a: ???
|-damage|p2a: ???|5/100
|-damage|p1a: Kingambit|0 fnt|[from] item: Rocky Helmet|[of] p2a: ???
|faint|p1a: Kingambit
|-end|p1a: Kingambit|fallen3|[silent]
|
|upkeep
|c|☆nacos77|ti deve morire la mamma
|
|t:|1778507112
|switch|p1a: Polteageist|Polteageist-Antique|15/100 brn
|turn|40
|
|t:|1778507120
|switch|p2a: happy|Blissey, F|100/100
|move|p1a: Polteageist|Giga Drain|p2a: happy
|-damage|p2a: happy|91/100
|-heal|p1a: Polteageist|27/100 brn|[from] drain|[of] p2a: happy
|
|-heal|p2a: happy|97/100|[from] item: Leftovers
|-damage|p1a: Polteageist|21/100 brn|[from] brn
|upkeep
|turn|41
|
|t:|1778507133
|move|p1a: Polteageist|Shell Smash|p1a: Polteageist
|-unboost|p1a: Polteageist|def|1
|-unboost|p1a: Polteageist|spd|1
|-boost|p1a: Polteageist|atk|2
|-boost|p1a: Polteageist|spa|2
|-boost|p1a: Polteageist|spe|2
|move|p2a: happy|Calm Mind|p2a: happy
|-boost|p2a: happy|spa|1
|-boost|p2a: happy|spd|1
|
|-heal|p2a: happy|100/100|[from] item: Leftovers
|-damage|p1a: Polteageist|15/100 brn|[from] brn
|upkeep
|turn|42
|
|t:|1778507144
|move|p1a: Polteageist|Giga Drain|p2a: happy
|-damage|p2a: happy|89/100
|-heal|p1a: Polteageist|29/100 brn|[from] drain|[of] p2a: happy
|move|p2a: happy|Flamethrower|p1a: Polteageist
|-damage|p1a: Polteageist|0 fnt
|faint|p1a: Polteageist
|
|-heal|p2a: happy|95/100|[from] item: Leftovers
|upkeep
|
|t:|1778507150
|switch|p1a: Garganacl|Garganacl, F|100/100
|turn|43
|
|t:|1778507166
|switch|p2a: stinks|Weezing-Galar, M|41/100
|-ability|p2a: stinks|Neutralizing Gas
|-terastallize|p1a: Garganacl|Rock
|move|p1a: Garganacl|Stone Edge|p2a: stinks
|-damage|p2a: stinks|3/100
|
|-heal|p2a: stinks|9/100|[from] item: Leftovers
|upkeep
|turn|44
|
|t:|1778507180
|move|p2a: stinks|Will-O-Wisp|p1a: Garganacl
|-status|p1a: Garganacl|brn
|move|p1a: Garganacl|Stone Edge|p2a: stinks
|-damage|p2a: stinks|0 fnt
|faint|p2a: stinks
|-end|p2a: stinks|ability: Neutralizing Gas
|
|-damage|p1a: Garganacl|94/100 brn|[from] brn
|upkeep
|
|t:|1778507192
|switch|p2a: reacts|Wo-Chien, tera:Water|51/100
|-ability|p2a: reacts|Tablets of Ruin
|turn|45
|
|t:|1778507199
|move|p2a: reacts|Leech Seed|p1a: Garganacl
|-start|p1a: Garganacl|move: Leech Seed
|move|p1a: Garganacl|Stone Edge|p2a: reacts|[miss]
|-miss|p1a: Garganacl|p2a: reacts
|
|-heal|p2a: reacts|58/100|[from] item: Leftovers
|-damage|p1a: Garganacl|82/100 brn|[from] Leech Seed|[of] p2a: reacts
|-heal|p2a: reacts|69/100|[silent]
|-damage|p1a: Garganacl|76/100 brn|[from] brn
|upkeep
|turn|46
|c|☆nacos77|cancer
|c|☆nacos77|ti deve morire la mamma e il padre e tua sorella
|n|‽nacos77|nacos77
|c|~|/log nacos77 was locked from talking by Artemis. (☆nacos77: ti deve morire la mamma e il padre e tua sorella)
|c|~|/raw <small>This action was done automatically. Want to learn more about the AI? <a href="https://www.smogon.com/forums/threads/3570628/#post-9056769">Visit the information thread</a>.</small>
|-message|nacos77 forfeited.
|
|win|ashleynotadog2
