|html|<div class="broadcast-blue"><strong>[Gen 9] OU is currently suspecting Tera Blast! For information on how to participate check out the <a href="https://www.smogon.com/tools/suspects/view/200">suspect thread</a>.</strong></div>
|j|☆niccommoc
|j|☆crumb101
|t:|1776090154
|gametype|singles
|player|p1|niccommoc|cyclist|1558
|player|p2|crumb101|harlequin|1580
|gen|9
|tier|[Gen 9] OU
|rated|
|rule|HP Percentage Mod: HP is shown in percentages
|rule|Endless Battle Clause: Forcing endless battles is banned
|rule|Species Clause: Limit one of each Pokémon
|rule|OHKO Clause: OHKO moves are banned
|rule|Evasion Items Clause: Evasion items are banned
|rule|Evasion Moves Clause: Evasion moves are banned
|rule|Evasion Abilities Clause: Evasion abilities are banned
|rule|Sleep Moves Clause: Sleep-inducing moves are banned
|clearpoke
|poke|p1|Gliscor, F|
|poke|p1|Gholdengo|
|poke|p1|Dragonite, F|
|poke|p1|Sinistcha|
|poke|p1|Ting-Lu|
|poke|p1|Keldeo|
|poke|p2|Dragonite, F|
|poke|p2|Samurott-Hisui, M|
|poke|p2|Clefable, F|
|poke|p2|Gliscor, F|
|poke|p2|Gholdengo|
|poke|p2|Zamazenta-*|
|teampreview
|inactive|Battle timer is ON: inactive players will automatically lose when time's up. (requested by niccommoc)
|
|t:|1776090175
|teamsize|p1|6
|teamsize|p2|6
|start
|switch|p1a: Keldeo|Keldeo|100/100
|switch|p2a: Samurott|Samurott-Hisui, M|100/100
|turn|1
|
|t:|1776090186
|move|p1a: Keldeo|Aura Sphere|p2a: Samurott
|-supereffective|p2a: Samurott
|-damage|p2a: Samurott|32/100
|move|p2a: Samurott|Ceaseless Edge|p1a: Keldeo
|-resisted|p1a: Keldeo
|-damage|p1a: Keldeo|74/100
|-ability|p1a: Keldeo|Justified|boost
|-boost|p1a: Keldeo|atk|1
|-sidestart|p1: niccommoc|Spikes
|
|upkeep
|turn|2
|
|t:|1776090200
|switch|p2a: Gholdengo|Gholdengo|100/100
|move|p1a: Keldeo|Surf|p2a: Gholdengo
|-damage|p2a: Gholdengo|50/100
|
|upkeep
|turn|3
|inactive|crumb101 has 120 seconds left.
|
|t:|1776090244
|switch|p2a: Dragonite|Dragonite, F|100/100
|move|p1a: Keldeo|Surf|p2a: Dragonite
|-resisted|p2a: Dragonite
|-damage|p2a: Dragonite|88/100
|
|upkeep
|turn|4
|inactive|niccommoc has 120 seconds left.
|
|t:|1776090285
|move|p1a: Keldeo|Flip Turn|p2a: Dragonite
|-resisted|p2a: Dragonite
|-damage|p2a: Dragonite|77/100
|
|t:|1776090288
|switch|p1a: Dragonite|Dragonite, F|100/100|[from] Flip Turn
|move|p2a: Dragonite|Roost|p2a: Dragonite
|-heal|p2a: Dragonite|100/100
|-singleturn|p2a: Dragonite|move: Roost
|
|upkeep
|turn|5
|
|t:|1776090293
|switch|p2a: Clefable|Clefable, F|100/100
|move|p1a: Dragonite|Dragon Tail|p2a: Clefable
|-immune|p2a: Clefable
|
|upkeep
|turn|6
|
|t:|1776090300
|switch|p1a: Ting-Lu|Ting-Lu|100/100
|-damage|p1a: Ting-Lu|88/100|[from] Spikes
|-ability|p1a: Ting-Lu|Vessel of Ruin
|move|p2a: Clefable|Knock Off|p1a: Ting-Lu
|-resisted|p1a: Ting-Lu
|-damage|p1a: Ting-Lu|84/100
|-enditem|p1a: Ting-Lu|Leftovers|[from] move: Knock Off|[of] p2a: Clefable
|
|upkeep
|turn|7
|
|t:|1776090304
|move|p2a: Clefable|Stealth Rock|p1a: Ting-Lu
|-sidestart|p1: niccommoc|move: Stealth Rock
|move|p1a: Ting-Lu|Stealth Rock|p2a: Clefable
|-sidestart|p2: crumb101|move: Stealth Rock
|
|upkeep
|turn|8
|
|t:|1776090308
|move|p2a: Clefable|Moonblast|p1a: Ting-Lu
|-supereffective|p1a: Ting-Lu
|-damage|p1a: Ting-Lu|56/100
|move|p1a: Ting-Lu|Spikes|p2a: Clefable
|-sidestart|p2: crumb101|Spikes
|
|upkeep
|turn|9
|
|t:|1776090314
|move|p2a: Clefable|Moonblast|p1a: Ting-Lu
|-supereffective|p1a: Ting-Lu
|-damage|p1a: Ting-Lu|27/100
|-unboost|p1a: Ting-Lu|spa|1
|move|p1a: Ting-Lu|Ruination|p2a: Clefable
|-damage|p2a: Clefable|50/100
|
|upkeep
|turn|10
|
|t:|1776090319
|switch|p1a: Gholdengo|Gholdengo|100/100
|-damage|p1a: Gholdengo|88/100|[from] Spikes
|-damage|p1a: Gholdengo|82/100|[from] Stealth Rock
|move|p2a: Clefable|Moonblast|p1a: Gholdengo
|-resisted|p1a: Gholdengo
|-damage|p1a: Gholdengo|63/100
|-unboost|p1a: Gholdengo|spa|1
|
|upkeep
|turn|11
|
|t:|1776090329
|switch|p2a: Gliscor|Gliscor, F|100/100
|-damage|p2a: Gliscor|88/100|[from] Stealth Rock
|move|p1a: Gholdengo|Make It Rain|p2a: Gliscor
|-crit|p2a: Gliscor
|-damage|p2a: Gliscor|0 fnt
|-unboost|p1a: Gholdengo|spa|1
|faint|p2a: Gliscor
|
|upkeep
|
|t:|1776090333
|switch|p2a: Samurott|Samurott-Hisui, M|32/100
|-damage|p2a: Samurott|19/100|[from] Stealth Rock
|-damage|p2a: Samurott|7/100|[from] Spikes
|turn|12
|
|t:|1776090345
|switch|p1a: Ting-Lu|Ting-Lu|27/100
|-damage|p1a: Ting-Lu|15/100|[from] Spikes
|-damage|p1a: Ting-Lu|8/100|[from] Stealth Rock
|-ability|p1a: Ting-Lu|Vessel of Ruin
|move|p2a: Samurott|Sucker Punch||[still]
|-fail|p2a: Samurott
|
|upkeep
|turn|13
|
|t:|1776090362
|move|p2a: Samurott|Ceaseless Edge|p1a: Ting-Lu
|-resisted|p1a: Ting-Lu
|-damage|p1a: Ting-Lu|0 fnt
|-sidestart|p1: niccommoc|Spikes
|faint|p1a: Ting-Lu
|
|upkeep
|
|t:|1776090364
|switch|p1a: Keldeo|Keldeo|74/100
|turn|14
|
|t:|1776090373
|move|p2a: Samurott|Sucker Punch|p1a: Keldeo
|-resisted|p1a: Keldeo
|-damage|p1a: Keldeo|54/100
|-ability|p1a: Keldeo|Justified|boost
|-boost|p1a: Keldeo|atk|1
|move|p1a: Keldeo|Flip Turn|p2a: Samurott
|-resisted|p2a: Samurott
|-damage|p2a: Samurott|0 fnt
|faint|p2a: Samurott
|
|t:|1776090384
|switch|p1a: Gliscor|Gliscor, F|100/100|[from] Flip Turn
|-damage|p1a: Gliscor|88/100|[from] Stealth Rock
|
|-status|p1a: Gliscor|tox|[from] item: Toxic Orb
|upkeep
|
|t:|1776090388
|switch|p2a: Zamazenta|Zamazenta|100/100
|-damage|p2a: Zamazenta|94/100|[from] Stealth Rock
|-damage|p2a: Zamazenta|82/100|[from] Spikes
|-ability|p2a: Zamazenta|Dauntless Shield|boost
|-boost|p2a: Zamazenta|def|1
|turn|15
|
|t:|1776090394
|move|p2a: Zamazenta|Iron Defense|p2a: Zamazenta
|-boost|p2a: Zamazenta|def|2
|move|p1a: Gliscor|Knock Off|p2a: Zamazenta
|-resisted|p2a: Zamazenta
|-damage|p2a: Zamazenta|78/100
|-enditem|p2a: Zamazenta|Leftovers|[from] move: Knock Off|[of] p1a: Gliscor
|
|-heal|p1a: Gliscor|100/100 tox|[from] ability: Poison Heal
|upkeep
|turn|16
|
|t:|1776090397
|switch|p1a: Sinistcha|Sinistcha|100/100
|move|p2a: Zamazenta|Roar|p1a: Sinistcha
|drag|p1a: Gliscor|Gliscor, F|100/100 tox
|-damage|p1a: Gliscor|88/100 tox|[from] Stealth Rock
|
|-heal|p1a: Gliscor|100/100 tox|[from] ability: Poison Heal
|upkeep
|turn|17
|
|t:|1776090408
|move|p2a: Zamazenta|Body Press|p1a: Gliscor
|-resisted|p1a: Gliscor
|-damage|p1a: Gliscor|66/100 tox
|move|p1a: Gliscor|Facade|p2a: Zamazenta
|-damage|p2a: Zamazenta|68/100
|
|-heal|p1a: Gliscor|78/100 tox|[from] ability: Poison Heal
|upkeep
|turn|18
|
|t:|1776090438
|move|p2a: Zamazenta|Iron Defense|p2a: Zamazenta
|-boost|p2a: Zamazenta|def|2
|move|p1a: Gliscor|Facade|p2a: Zamazenta
|-damage|p2a: Zamazenta|61/100
|
|-heal|p1a: Gliscor|91/100 tox|[from] ability: Poison Heal
|upkeep
|turn|19
|
|t:|1776090443
|move|p1a: Gliscor|Protect|p1a: Gliscor
|-singleturn|p1a: Gliscor|Protect
|move|p2a: Zamazenta|Body Press|p1a: Gliscor
|-activate|p1a: Gliscor|move: Protect
|
|-heal|p1a: Gliscor|100/100 tox|[from] ability: Poison Heal
|upkeep
|turn|20
|
|t:|1776090446
|switch|p1a: Sinistcha|Sinistcha|100/100
|move|p2a: Zamazenta|Body Press|p1a: Sinistcha
|-immune|p1a: Sinistcha
|
|upkeep
|turn|21
|
|t:|1776090455
|move|p2a: Zamazenta|Crunch|p1a: Sinistcha
|-supereffective|p1a: Sinistcha
|-damage|p1a: Sinistcha|65/100
|move|p1a: Sinistcha|Shadow Ball|p2a: Zamazenta
|-damage|p2a: Zamazenta|28/100
|
|upkeep
|turn|22
|
|t:|1776090460
|switch|p2a: Gholdengo|Gholdengo|50/100
|-damage|p2a: Gholdengo|44/100|[from] Stealth Rock
|-damage|p2a: Gholdengo|32/100|[from] Spikes
|move|p1a: Sinistcha|Strength Sap|p2a: Gholdengo
|-immune|p2a: Gholdengo|[from] ability: Good as Gold
|
|upkeep
|turn|23
|
|t:|1776090466
|switch|p1a: Gliscor|Gliscor, F|100/100 tox
|-damage|p1a: Gliscor|88/100 tox|[from] Stealth Rock
|move|p2a: Gholdengo|Shadow Ball|p1a: Gliscor
|-damage|p1a: Gliscor|52/100 tox
|
|-heal|p1a: Gliscor|64/100 tox|[from] ability: Poison Heal
|upkeep
|turn|24
|
|t:|1776090470
|switch|p2a: Clefable|Clefable, F|50/100
|move|p1a: Gliscor|Knock Off|p2a: Clefable
|-resisted|p2a: Clefable
|-damage|p2a: Clefable|43/100
|-damage|p1a: Gliscor|47/100 tox|[from] item: Rocky Helmet|[of] p2a: Clefable
|-enditem|p2a: Clefable|Rocky Helmet|[from] move: Knock Off|[of] p1a: Gliscor
|
|-heal|p1a: Gliscor|60/100 tox|[from] ability: Poison Heal
|upkeep
|turn|25
|
|t:|1776090476
|move|p1a: Gliscor|Swords Dance|p1a: Gliscor
|-boost|p1a: Gliscor|atk|2
|move|p2a: Clefable|Moonlight|p2a: Clefable
|-heal|p2a: Clefable|93/100
|
|-heal|p1a: Gliscor|72/100 tox|[from] ability: Poison Heal
|upkeep
|turn|26
|
|t:|1776090478
|move|p1a: Gliscor|Facade|p2a: Clefable
|-damage|p2a: Clefable|48/100
|move|p2a: Clefable|Moonblast|p1a: Gliscor
|-damage|p1a: Gliscor|47/100 tox
|-unboost|p1a: Gliscor|spa|1
|
|-heal|p1a: Gliscor|60/100 tox|[from] ability: Poison Heal
|upkeep
|turn|27
|
|t:|1776090482
|move|p1a: Gliscor|Facade|p2a: Clefable
|-damage|p2a: Clefable|4/100
|move|p2a: Clefable|Moonblast|p1a: Gliscor
|-damage|p1a: Gliscor|34/100 tox
|
|-heal|p1a: Gliscor|47/100 tox|[from] ability: Poison Heal
|upkeep
|turn|28
|
|t:|1776090485
|move|p1a: Gliscor|Knock Off|p2a: Clefable
|-resisted|p2a: Clefable
|-damage|p2a: Clefable|0 fnt
|faint|p2a: Clefable
|
|-heal|p1a: Gliscor|59/100 tox|[from] ability: Poison Heal
|upkeep
|
|t:|1776090488
|switch|p2a: Dragonite|Dragonite, F|100/100
|turn|29
|
|t:|1776090492
|-terastallize|p1a: Gliscor|Normal
|move|p2a: Dragonite|Dragon Dance|p2a: Dragonite
|-boost|p2a: Dragonite|atk|1
|-boost|p2a: Dragonite|spe|1
|move|p1a: Gliscor|Facade|p2a: Dragonite
|-damage|p2a: Dragonite|52/100
|
|-heal|p1a: Gliscor|72/100 tox|[from] ability: Poison Heal
|upkeep
|turn|30
|
|t:|1776090498
|move|p2a: Dragonite|Earthquake|p1a: Gliscor
|-damage|p1a: Gliscor|24/100 tox
|move|p1a: Gliscor|Facade|p2a: Dragonite
|-damage|p2a: Dragonite|0 fnt
|faint|p2a: Dragonite
|
|-heal|p1a: Gliscor|36/100 tox|[from] ability: Poison Heal
|upkeep
|-message|crumb101 forfeited.
|
|win|niccommoc
|raw|niccommoc's rating: 1558 &rarr; <strong>1579</strong><br />(+21 for winning)
|raw|crumb101's rating: 1580 &rarr; <strong>1559</strong><br />(-21 for losing)
|l|☆crumb101
|player|p2|
|l|☆niccommoc
|player|p1|
