|html|<div class="broadcast-blue"><strong>[Gen 9] OU is currently suspecting Tera Blast! For information on how to participate check out the <a href="https://www.smogon.com/tools/suspects/view/200">suspect thread</a>.</strong></div>
|j|☆uvuybih
|j|☆PASTELLEGAL2
|t:|1776228445
|gametype|singles
|player|p1|uvuybih|fisherman-gen4|1125
|player|p2|PASTELLEGAL2|170|1057
|gen|9
|tier|[Gen 9] OU
|rated|
|rule|HP Percentage Mod: HP is shown in percentages
|rule|Endless Battle Clause: Forcing endless battles is banned
|rule|Species Clause: Limit one of each Pokémon
|rule|OHKO Clause: OHKO moves are banned
|rule|Evasion Items Clause: Evasion items are banned
|rule|Evasion Moves Clause: Evasion moves are banned
|rule|Evasion Abilities Clause: Evasion abilities are banned
|rule|Sleep Moves Clause: Sleep-inducing moves are banned
|clearpoke
|poke|p1|Incineroar, F|
|poke|p1|Kingambit, F|
|poke|p1|Dragapult, F|
|poke|p1|Deoxys-Speed|
|poke|p1|Dragonite, F|
|poke|p1|Kyurem|
|poke|p2|Maushold|
|poke|p2|Gholdengo|
|poke|p2|Sableye, F|
|poke|p2|Gliscor, F|
|poke|p2|Rillaboom, M|
|poke|p2|Greninja-*, M|
|teampreview
|
|t:|1776228455
|teamsize|p1|6
|teamsize|p2|6
|start
|switch|p1a: Deoxys|Deoxys-Speed|100/100
|switch|p2a: Maushold|Maushold, shiny|100/100
|-ability|p1a: Deoxys|Pressure
|turn|1
|
|t:|1776228468
|-terastallize|p2a: Maushold|Normal
|move|p1a: Deoxys|Reflect|p1a: Deoxys
|-sidestart|p1: uvuybih|Reflect
|move|p2a: Maushold|Population Bomb|p1a: Deoxys
|-damage|p1a: Deoxys|90/100
|-damage|p1a: Deoxys|79/100
|-damage|p1a: Deoxys|70/100
|-damage|p1a: Deoxys|61/100
|-damage|p1a: Deoxys|51/100
|-damage|p1a: Deoxys|42/100
|-damage|p1a: Deoxys|32/100
|-damage|p1a: Deoxys|22/100
|-damage|p1a: Deoxys|13/100
|-damage|p1a: Deoxys|3/100
|-hitcount|p1a: Deoxys|10
|
|upkeep
|turn|2
|inactive|Battle timer is ON: inactive players will automatically lose when time's up. (requested by PASTELLEGAL2)
|
|t:|1776228490
|move|p1a: Deoxys|Light Screen|p1a: Deoxys
|-sidestart|p1: uvuybih|move: Light Screen
|move|p2a: Maushold|Grass Knot|p1a: Deoxys
|-damage|p1a: Deoxys|0 fnt
|faint|p1a: Deoxys
|
|upkeep
|
|t:|1776228494
|switch|p1a: Kingambit|Kingambit, F|100/100
|-activate|p1a: Kingambit|ability: Supreme Overlord
|-start|p1a: Kingambit|fallen1|[silent]
|turn|3
|
|t:|1776228502
|-terastallize|p1a: Kingambit|Ghost
|move|p2a: Maushold|Population Bomb|p1a: Kingambit
|-immune|p1a: Kingambit
|move|p1a: Kingambit|Kowtow Cleave|p2a: Maushold
|-damage|p2a: Maushold|30/100
|
|upkeep
|turn|4
|
|t:|1776228512
|switch|p2a: Sableye|Sableye, F, shiny|100/100
|move|p1a: Kingambit|Kowtow Cleave|p2a: Sableye
|-damage|p2a: Sableye|53/100
|
|-heal|p2a: Sableye|59/100|[from] item: Leftovers
|upkeep
|turn|5
|
|t:|1776228524
|move|p2a: Sableye|Will-O-Wisp|p1a: Kingambit|[miss]
|-miss|p2a: Sableye|p1a: Kingambit
|move|p1a: Kingambit|Iron Head|p2a: Sableye
|-damage|p2a: Sableye|16/100
|
|-heal|p2a: Sableye|22/100|[from] item: Leftovers
|-sideend|p1: uvuybih|Reflect
|upkeep
|turn|6
|
|t:|1776228531
|move|p2a: Sableye|Protect|p2a: Sableye
|-singleturn|p2a: Sableye|Protect
|move|p1a: Kingambit|Iron Head|p2a: Sableye
|-activate|p2a: Sableye|move: Protect
|
|-heal|p2a: Sableye|28/100|[from] item: Leftovers
|-sideend|p1: uvuybih|move: Light Screen
|upkeep
|turn|7
|
|t:|1776228540
|move|p2a: Sableye|Recover|p2a: Sableye
|-heal|p2a: Sableye|78/100
|move|p1a: Kingambit|Iron Head|p2a: Sableye
|-damage|p2a: Sableye|37/100
|
|-heal|p2a: Sableye|43/100|[from] item: Leftovers
|upkeep
|turn|8
|
|t:|1776228549
|move|p1a: Kingambit|Sucker Punch||[still]
|-fail|p1a: Kingambit
|move|p2a: Sableye|Recover|p2a: Sableye
|-heal|p2a: Sableye|93/100
|
|-heal|p2a: Sableye|99/100|[from] item: Leftovers
|upkeep
|turn|9
|
|t:|1776228562
|-end|p1a: Kingambit|fallen1|[silent]
|switch|p1a: Dragapult|Dragapult, F|100/100
|move|p2a: Sableye|Will-O-Wisp|p1a: Dragapult
|-status|p1a: Dragapult|brn
|
|-heal|p2a: Sableye|100/100|[from] item: Leftovers
|-damage|p1a: Dragapult|95/100 brn|[from] brn
|upkeep
|turn|10
|
|t:|1776228571
|move|p2a: Sableye|Protect|p2a: Sableye
|-singleturn|p2a: Sableye|Protect
|move|p1a: Dragapult|Dragon Darts|p2a: Sableye
|-activate|p2a: Sableye|move: Protect
|
|-damage|p1a: Dragapult|89/100 brn|[from] brn
|upkeep
|turn|11
|
|t:|1776228581
|switch|p2a: Rillaboom|Rillaboom, M|100/100
|-fieldstart|move: Grassy Terrain|[from] ability: Grassy Surge|[of] p2a: Rillaboom
|move|p1a: Dragapult|Dragon Dance|p1a: Dragapult
|-boost|p1a: Dragapult|atk|1
|-boost|p1a: Dragapult|spe|1
|
|-heal|p1a: Dragapult|95/100 brn|[from] Grassy Terrain
|-damage|p1a: Dragapult|89/100 brn|[from] brn
|upkeep
|turn|12
|
|t:|1776228598
|move|p1a: Dragapult|Dragon Dance|p1a: Dragapult
|-boost|p1a: Dragapult|atk|1
|-boost|p1a: Dragapult|spe|1
|move|p2a: Rillaboom|Bulk Up|p2a: Rillaboom
|-boost|p2a: Rillaboom|atk|1
|-boost|p2a: Rillaboom|def|1
|
|-heal|p1a: Dragapult|95/100 brn|[from] Grassy Terrain
|-damage|p1a: Dragapult|89/100 brn|[from] brn
|upkeep
|turn|13
|
|t:|1776228610
|move|p2a: Rillaboom|Grassy Glide|p1a: Dragapult
|-resisted|p1a: Dragapult
|-damage|p1a: Dragapult|58/100 brn
|move|p1a: Dragapult|Dragon Darts|p2a: Rillaboom
|-damage|p2a: Rillaboom|84/100
|-anim|p1a: Dragapult|Dragon Darts|p2a: Rillaboom
|-damage|p2a: Rillaboom|69/100
|-damage|p1a: Dragapult|49/100 brn|[from] item: Life Orb
|
|-heal|p1a: Dragapult|55/100 brn|[from] Grassy Terrain
|-heal|p2a: Rillaboom|75/100|[from] Grassy Terrain
|-damage|p1a: Dragapult|49/100 brn|[from] brn
|upkeep
|turn|14
|
|t:|1776228621
|move|p2a: Rillaboom|Grassy Glide|p1a: Dragapult
|-resisted|p1a: Dragapult
|-damage|p1a: Dragapult|19/100 brn
|move|p1a: Dragapult|Dragon Dance|p1a: Dragapult
|-boost|p1a: Dragapult|atk|1
|-boost|p1a: Dragapult|spe|1
|
|-heal|p1a: Dragapult|25/100 brn|[from] Grassy Terrain
|-heal|p2a: Rillaboom|81/100|[from] Grassy Terrain
|-damage|p1a: Dragapult|19/100 brn|[from] brn
|upkeep
|turn|15
|
|t:|1776228631
|move|p2a: Rillaboom|Grassy Glide|p1a: Dragapult
|-resisted|p1a: Dragapult
|-damage|p1a: Dragapult|0 fnt
|faint|p1a: Dragapult
|
|-heal|p2a: Rillaboom|87/100|[from] Grassy Terrain
|-fieldend|move: Grassy Terrain
|upkeep
|
|t:|1776228638
|switch|p1a: Incineroar|Incineroar, F|100/100
|-ability|p1a: Incineroar|Intimidate|boost
|-unboost|p2a: Rillaboom|atk|1
|turn|16
|
|t:|1776228651
|switch|p2a: Sableye|Sableye, F, shiny|100/100
|move|p1a: Incineroar|Flare Blitz|p2a: Sableye
|-damage|p2a: Sableye|55/100
|-damage|p1a: Incineroar|89/100|[from] Recoil
|
|-heal|p2a: Sableye|61/100|[from] item: Leftovers
|upkeep
|turn|17
|
|t:|1776228660
|move|p2a: Sableye|Protect|p2a: Sableye
|-singleturn|p2a: Sableye|Protect
|move|p1a: Incineroar|Knock Off|p2a: Sableye
|-activate|p2a: Sableye|move: Protect
|
|-heal|p2a: Sableye|67/100|[from] item: Leftovers
|upkeep
|turn|18
|
|t:|1776228670
|switch|p1a: Kyurem|Kyurem|100/100
|-ability|p1a: Kyurem|Pressure
|move|p2a: Sableye|Encore||[still]
|-fail|p2a: Sableye
|
|-heal|p2a: Sableye|74/100|[from] item: Leftovers
|upkeep
|turn|19
|
|t:|1776228677
|move|p2a: Sableye|Protect|p2a: Sableye
|-singleturn|p2a: Sableye|Protect
|move|p1a: Kyurem|Draco Meteor|p2a: Sableye
|-activate|p2a: Sableye|move: Protect
|
|-heal|p2a: Sableye|80/100|[from] item: Leftovers
|upkeep
|turn|20
|
|t:|1776228686
|move|p2a: Sableye|Will-O-Wisp|p1a: Kyurem
|-status|p1a: Kyurem|brn
|move|p1a: Kyurem|Draco Meteor|p2a: Sableye|[miss]
|-miss|p1a: Kyurem|p2a: Sableye
|
|-heal|p2a: Sableye|86/100|[from] item: Leftovers
|-damage|p1a: Kyurem|94/100 brn|[from] brn
|upkeep
|turn|21
|
|t:|1776228695
|move|p2a: Sableye|Protect|p2a: Sableye
|-singleturn|p2a: Sableye|Protect
|move|p1a: Kyurem|Draco Meteor|p2a: Sableye
|-activate|p2a: Sableye|move: Protect
|
|-heal|p2a: Sableye|92/100|[from] item: Leftovers
|-damage|p1a: Kyurem|88/100 brn|[from] brn
|upkeep
|turn|22
|
|t:|1776228717
|switch|p2a: Rillaboom|Rillaboom, M|87/100
|-fieldstart|move: Grassy Terrain|[from] ability: Grassy Surge|[of] p2a: Rillaboom
|move|p1a: Kyurem|Draco Meteor|p2a: Rillaboom
|-damage|p2a: Rillaboom|0 fnt
|-unboost|p1a: Kyurem|spa|2
|faint|p2a: Rillaboom
|-damage|p1a: Kyurem|78/100 brn|[from] item: Life Orb
|
|-heal|p1a: Kyurem|84/100 brn|[from] Grassy Terrain
|-damage|p1a: Kyurem|78/100 brn|[from] brn
|upkeep
|
|t:|1776228728
|switch|p2a: Gliscor|Gliscor, F, shiny|100/100
|turn|23
|
|t:|1776228734
|switch|p1a: Kingambit|Kingambit, F, tera:Ghost|100/100
|-activate|p1a: Kingambit|ability: Supreme Overlord
|-start|p1a: Kingambit|fallen2|[silent]
|move|p2a: Gliscor|Protect||[still]
|-fail|p2a: Gliscor
|
|-status|p2a: Gliscor|tox|[from] item: Toxic Orb
|upkeep
|turn|24
|
|t:|1776228748
|move|p2a: Gliscor|Toxic|p1a: Kingambit
|-status|p1a: Kingambit|tox
|move|p1a: Kingambit|Kowtow Cleave|p2a: Gliscor
|-damage|p2a: Gliscor|65/100 tox
|
|-heal|p2a: Gliscor|77/100 tox|[from] ability: Poison Heal
|-damage|p1a: Kingambit|94/100 tox|[from] psn
|upkeep
|turn|25
|
|t:|1776228758
|move|p2a: Gliscor|Protect|p2a: Gliscor
|-singleturn|p2a: Gliscor|Protect
|move|p1a: Kingambit|Iron Head|p2a: Gliscor
|-activate|p2a: Gliscor|move: Protect
|
|-heal|p1a: Kingambit|100/100 tox|[from] Grassy Terrain
|-heal|p2a: Gliscor|90/100 tox|[from] ability: Poison Heal
|-damage|p1a: Kingambit|88/100 tox|[from] psn
|upkeep
|turn|26
|
|t:|1776228769
|move|p2a: Gliscor|Facade|p1a: Kingambit
|-immune|p1a: Kingambit
|move|p1a: Kingambit|Iron Head|p2a: Gliscor
|-damage|p2a: Gliscor|52/100 tox
|
|-heal|p1a: Kingambit|94/100 tox|[from] Grassy Terrain
|-heal|p2a: Gliscor|65/100 tox|[from] ability: Poison Heal
|-damage|p1a: Kingambit|76/100 tox|[from] psn
|-fieldend|move: Grassy Terrain
|upkeep
|turn|27
|
|t:|1776228780
|move|p2a: Gliscor|Protect|p2a: Gliscor
|-singleturn|p2a: Gliscor|Protect
|move|p1a: Kingambit|Kowtow Cleave|p2a: Gliscor
|-activate|p2a: Gliscor|move: Protect
|
|-heal|p2a: Gliscor|77/100 tox|[from] ability: Poison Heal
|-damage|p1a: Kingambit|51/100 tox|[from] psn
|upkeep
|turn|28
|
|t:|1776228792
|move|p2a: Gliscor|Earthquake|p1a: Kingambit
|-damage|p1a: Kingambit|22/100 tox
|move|p1a: Kingambit|Kowtow Cleave|p2a: Gliscor
|-damage|p2a: Gliscor|39/100 tox
|
|-heal|p2a: Gliscor|51/100 tox|[from] ability: Poison Heal
|-damage|p1a: Kingambit|0 fnt|[from] psn
|faint|p1a: Kingambit
|-end|p1a: Kingambit|fallen2|[silent]
|upkeep
|
|t:|1776228802
|switch|p1a: Dragonite|Dragonite, F|100/100
|turn|29
|
|t:|1776228815
|move|p1a: Dragonite|Encore|p2a: Gliscor
|-start|p2a: Gliscor|Encore
|move|p2a: Gliscor|Earthquake|p1a: Dragonite
|-immune|p1a: Dragonite
|
|-heal|p2a: Gliscor|64/100 tox|[from] ability: Poison Heal
|upkeep
|turn|30
|
|t:|1776228822
|switch|p2a: Gholdengo|Gholdengo, shiny|100/100
|move|p1a: Dragonite|Dragon Dance|p1a: Dragonite
|-boost|p1a: Dragonite|atk|1
|-boost|p1a: Dragonite|spe|1
|
|upkeep
|turn|31
|
|t:|1776228842
|switch|p2a: Sableye|Sableye, F, shiny|92/100
|move|p1a: Dragonite|Earthquake|p2a: Sableye
|-damage|p2a: Sableye|33/100
|
|-heal|p2a: Sableye|39/100|[from] item: Leftovers
|upkeep
|turn|32
|
|t:|1776228850
|move|p2a: Sableye|Protect|p2a: Sableye
|-singleturn|p2a: Sableye|Protect
|move|p1a: Dragonite|Dragon Dance|p1a: Dragonite
|-boost|p1a: Dragonite|atk|1
|-boost|p1a: Dragonite|spe|1
|
|-heal|p2a: Sableye|45/100|[from] item: Leftovers
|upkeep
|turn|33
|
|t:|1776228856
|move|p2a: Sableye|Encore|p1a: Dragonite
|-start|p1a: Dragonite|Encore
|move|p1a: Dragonite|Dragon Dance|p1a: Dragonite
|-boost|p1a: Dragonite|atk|1
|-boost|p1a: Dragonite|spe|1
|
|-heal|p2a: Sableye|51/100|[from] item: Leftovers
|upkeep
|turn|34
|
|t:|1776228870
|switch|p1a: Incineroar|Incineroar, F|89/100
|-ability|p1a: Incineroar|Intimidate|boost
|-unboost|p2a: Sableye|atk|1
|move|p2a: Sableye|Recover|p2a: Sableye
|-heal|p2a: Sableye|100/100
|
|upkeep
|turn|35
|
|t:|1776228880
|switch|p2a: Gholdengo|Gholdengo, shiny|100/100
|move|p1a: Incineroar|Parting Shot|p2a: Gholdengo
|-immune|p2a: Gholdengo|[from] ability: Good as Gold
|
|upkeep
|turn|36
|
|t:|1776228892
|switch|p1a: Dragonite|Dragonite, F|100/100
|move|p2a: Gholdengo|Shadow Ball|p1a: Dragonite
|-damage|p1a: Dragonite|77/100
|
|upkeep
|turn|37
|
|t:|1776228899
|move|p1a: Dragonite|Earthquake|p2a: Gholdengo
|-supereffective|p2a: Gholdengo
|-damage|p2a: Gholdengo|34/100
|move|p2a: Gholdengo|Psychic|p1a: Dragonite
|-damage|p1a: Dragonite|40/100
|
|upkeep
|turn|38
|
|t:|1776228906
|move|p1a: Dragonite|Earthquake|p2a: Gholdengo
|-supereffective|p2a: Gholdengo
|-damage|p2a: Gholdengo|0 fnt
|faint|p2a: Gholdengo
|
|upkeep
|
|t:|1776228913
|switch|p2a: Greninja|Greninja, M|100/100
|turn|39
|
|t:|1776228918
|move|p2a: Greninja|Water Shuriken|p1a: Dragonite
|-resisted|p1a: Dragonite
|-damage|p1a: Dragonite|34/100
|-resisted|p1a: Dragonite
|-damage|p1a: Dragonite|28/100
|-resisted|p1a: Dragonite
|-damage|p1a: Dragonite|22/100
|-hitcount|p1a: Dragonite|3
|move|p1a: Dragonite|Dragon Dance|p1a: Dragonite
|-boost|p1a: Dragonite|atk|1
|-boost|p1a: Dragonite|spe|1
|
|upkeep
|turn|40
|
|t:|1776228933
|move|p2a: Greninja|Water Shuriken|p1a: Dragonite
|-resisted|p1a: Dragonite
|-damage|p1a: Dragonite|16/100
|-resisted|p1a: Dragonite
|-damage|p1a: Dragonite|10/100
|-hitcount|p1a: Dragonite|2
|move|p1a: Dragonite|Earthquake|p2a: Greninja
|-damage|p2a: Greninja|0 fnt
|faint|p2a: Greninja
|
|upkeep
|
|t:|1776228946
|switch|p2a: Sableye|Sableye, F, shiny|100/100
|turn|41
|
|t:|1776228954
|move|p2a: Sableye|Protect|p2a: Sableye
|-singleturn|p2a: Sableye|Protect
|move|p1a: Dragonite|Earthquake|p2a: Sableye
|-activate|p2a: Sableye|move: Protect
|
|upkeep
|turn|42
|
|t:|1776228959
|move|p2a: Sableye|Will-O-Wisp|p1a: Dragonite
|-status|p1a: Dragonite|brn
|move|p1a: Dragonite|Earthquake|p2a: Sableye
|-damage|p2a: Sableye|70/100
|
|-heal|p2a: Sableye|76/100|[from] item: Leftovers
|-damage|p1a: Dragonite|4/100 brn|[from] brn
|upkeep
|turn|43
|
|t:|1776228971
|move|p2a: Sableye|Protect|p2a: Sableye
|-singleturn|p2a: Sableye|Protect
|move|p1a: Dragonite|Encore|p2a: Sableye
|-activate|p2a: Sableye|move: Protect
|
|-heal|p2a: Sableye|82/100|[from] item: Leftovers
|-damage|p1a: Dragonite|0 fnt|[from] brn
|faint|p1a: Dragonite
|upkeep
|
|t:|1776228980
|switch|p1a: Kyurem|Kyurem|78/100 brn
|-ability|p1a: Kyurem|Pressure
|turn|44
|
|t:|1776228997
|move|p2a: Sableye|Protect||[still]
|-fail|p2a: Sableye
|move|p1a: Kyurem|Draco Meteor|p2a: Sableye
|-damage|p2a: Sableye|0 fnt
|-unboost|p1a: Kyurem|spa|2
|faint|p2a: Sableye
|-damage|p1a: Kyurem|68/100 brn|[from] item: Life Orb
|
|-damage|p1a: Kyurem|62/100 brn|[from] brn
|upkeep
|
|t:|1776229003
|switch|p2a: Gliscor|Gliscor, F, shiny|64/100 tox
|turn|45
|
|t:|1776229012
|move|p2a: Gliscor|Protect|p2a: Gliscor
|-singleturn|p2a: Gliscor|Protect
|move|p1a: Kyurem|Ice Beam|p2a: Gliscor
|-activate|p2a: Gliscor|move: Protect
|
|-heal|p2a: Gliscor|76/100 tox|[from] ability: Poison Heal
|-damage|p1a: Kyurem|56/100 brn|[from] brn
|upkeep
|turn|46
|
|t:|1776229022
|move|p1a: Kyurem|Ice Beam|p2a: Gliscor
|-supereffective|p2a: Gliscor
|-damage|p2a: Gliscor|0 fnt
|faint|p2a: Gliscor
|-damage|p1a: Kyurem|46/100 brn|[from] item: Life Orb
|
|-damage|p1a: Kyurem|40/100 brn|[from] brn
|upkeep
|
|t:|1776229024
|switch|p2a: Maushold|Maushold, shiny, tera:Normal|30/100
|turn|47
|
|t:|1776229032
|move|p2a: Maushold|Population Bomb|p1a: Kyurem
|-damage|p1a: Kyurem|26/100 brn
|-damage|p1a: Kyurem|13/100 brn
|-damage|p1a: Kyurem|0 fnt
|faint|p1a: Kyurem
|-hitcount|p1: Kyurem|3
|
|upkeep
|
|t:|1776229040
|switch|p1a: Incineroar|Incineroar, F|89/100
|-ability|p1a: Incineroar|Intimidate|boost
|-unboost|p2a: Maushold|atk|1
|turn|48
|
|t:|1776229044
|move|p1a: Incineroar|Fake Out|p2a: Maushold
|-damage|p2a: Maushold|14/100
|cant|p2a: Maushold|flinch
|
|upkeep
|turn|49
|
|t:|1776229050
|move|p2a: Maushold|Population Bomb|p1a: Incineroar
|-damage|p1a: Incineroar|78/100
|-damage|p1a: Incineroar|69/100
|-damage|p1a: Incineroar|58/100
|-crit|p1a: Incineroar
|-damage|p1a: Incineroar|38/100
|-enditem|p1a: Incineroar|Sitrus Berry|[eat]
|-heal|p1a: Incineroar|63/100|[from] item: Sitrus Berry
|-damage|p1a: Incineroar|52/100
|-damage|p1a: Incineroar|43/100
|-damage|p1a: Incineroar|33/100
|-damage|p1a: Incineroar|23/100
|-damage|p1a: Incineroar|13/100
|-damage|p1a: Incineroar|5/100
|-hitcount|p1a: Incineroar|10
|move|p1a: Incineroar|Knock Off|p2a: Maushold
|-damage|p2a: Maushold|0 fnt
|-enditem|p2a: Maushold|Wide Lens|[from] move: Knock Off|[of] p1a: Incineroar
|faint|p2a: Maushold
|
|win|uvuybih
|raw|uvuybih's rating: 1125 &rarr; <strong>1145</strong><br />(+20 for winning)
|raw|PASTELLEGAL2's rating: 1057 &rarr; <strong>1042</strong><br />(-15 for losing)
|l|☆PASTELLEGAL2
|player|p2|
