|html|<div class="broadcast-blue"><strong>[Gen 9] OU is currently suspecting Tera Blast! For information on how to participate check out the <a href="https://www.smogon.com/tools/suspects/view/200">suspect thread</a>.</strong></div>
|j|☆Enderbird
|j|☆SilliestSeraph
|t:|1776264879
|gametype|singles
|player|p1|Enderbird|266|1077
|player|p2|SilliestSeraph|pokemaniac|1078
|gen|9
|tier|[Gen 9] OU
|rated|
|rule|HP Percentage Mod: HP is shown in percentages
|rule|Endless Battle Clause: Forcing endless battles is banned
|rule|Species Clause: Limit one of each Pokémon
|rule|OHKO Clause: OHKO moves are banned
|rule|Evasion Items Clause: Evasion items are banned
|rule|Evasion Moves Clause: Evasion moves are banned
|rule|Evasion Abilities Clause: Evasion abilities are banned
|rule|Sleep Moves Clause: Sleep-inducing moves are banned
|clearpoke
|poke|p1|Typhlosion, M|
|poke|p1|Dondozo, M|
|poke|p1|Tyranitar, F|
|poke|p1|Kingambit, F|
|poke|p1|Hatterene, F|
|poke|p1|Gliscor, F|
|poke|p2|Zoroark-Hisui, F|
|poke|p2|Decidueye-Hisui, F|
|poke|p2|Hatterene, F|
|poke|p2|Tauros-Paldea-Aqua, M|
|poke|p2|Basculegion, M|
|poke|p2|Rotom-Wash|
|teampreview
|
|t:|1776264888
|teamsize|p1|6
|teamsize|p2|6
|start
|switch|p1a: Gliscor|Gliscor, F|100/100
|switch|p2a: Rotom|Rotom-Wash|100/100
|turn|1
|
|t:|1776264900
|move|p1a: Gliscor|Protect|p1a: Gliscor
|-singleturn|p1a: Gliscor|Protect
|move|p2a: Rotom|Hyper Voice|p1a: Gliscor
|-activate|p1a: Gliscor|move: Protect
|
|-status|p1a: Gliscor|tox|[from] item: Toxic Orb
|upkeep
|turn|2
|
|t:|1776264907
|move|p2a: Rotom|Hyper Voice|p1a: Gliscor
|-damage|p1a: Gliscor|15/100 tox
|move|p1a: Gliscor|Earthquake|p2a: Rotom
|-damage|p2a: Rotom|37/100
|replace|p2a: Zoroark|Zoroark-Hisui, F, shiny
|-end|p2a: Zoroark|Illusion
|
|-heal|p1a: Gliscor|28/100 tox|[from] ability: Poison Heal
|upkeep
|turn|3
|
|t:|1776264915
|move|p1a: Gliscor|Protect|p1a: Gliscor
|-singleturn|p1a: Gliscor|Protect
|move|p2a: Zoroark|Hyper Voice|p1a: Gliscor
|-activate|p1a: Gliscor|move: Protect
|
|-heal|p1a: Gliscor|40/100 tox|[from] ability: Poison Heal
|upkeep
|turn|4
|
|t:|1776264926
|switch|p1a: Kingambit|Kingambit, F|100/100
|move|p2a: Zoroark|Hyper Voice|p1a: Kingambit
|-resisted|p1a: Kingambit
|-damage|p1a: Kingambit|68/100
|
|upkeep
|turn|5
|
|t:|1776264934
|move|p1a: Kingambit|Sucker Punch|p2a: Zoroark
|-supereffective|p2a: Zoroark
|-damage|p2a: Zoroark|0 fnt
|faint|p2a: Zoroark
|
|upkeep
|
|t:|1776264938
|switch|p2a: Rotom|Rotom-Wash|100/100
|turn|6
|
|t:|1776264947
|move|p1a: Kingambit|Sucker Punch||[still]
|-fail|p1a: Kingambit
|move|p2a: Rotom|Rain Dance|p2a: Rotom
|-weather|RainDance
|
|-weather|RainDance|[upkeep]
|upkeep
|turn|7
|
|t:|1776264953
|move|p1a: Kingambit|Sucker Punch||[still]
|-fail|p1a: Kingambit
|move|p2a: Rotom|Light Screen|p2a: Rotom
|-sidestart|p2: SilliestSeraph|move: Light Screen
|
|-weather|RainDance|[upkeep]
|upkeep
|turn|8
|
|t:|1776264959
|switch|p2a: Tauros|Tauros-Paldea-Aqua, M|100/100
|move|p1a: Kingambit|Swords Dance|p1a: Kingambit
|-boost|p1a: Kingambit|atk|2
|
|-weather|RainDance|[upkeep]
|upkeep
|turn|9
|
|t:|1776264972
|-end|p1a: Kingambit|fallenundefined|[silent]
|switch|p1a: Hatterene|Hatterene, F|100/100
|move|p2a: Tauros|Body Press|p1a: Hatterene
|-resisted|p1a: Hatterene
|-damage|p1a: Hatterene|92/100
|
|-weather|RainDance|[upkeep]
|-heal|p1a: Hatterene|98/100|[from] item: Leftovers
|upkeep
|turn|10
|
|t:|1776264983
|move|p2a: Tauros|Iron Head|p1a: Hatterene
|-supereffective|p1a: Hatterene
|-damage|p1a: Hatterene|48/100
|move|p1a: Hatterene|Trick Room|p1a: Hatterene
|-fieldstart|move: Trick Room|[of] p1a: Hatterene
|
|-weather|none
|-heal|p1a: Hatterene|54/100|[from] item: Leftovers
|upkeep
|turn|11
|
|t:|1776265000
|-terastallize|p1a: Hatterene|Psychic
|move|p1a: Hatterene|Expanding Force|p2a: Tauros
|-supereffective|p2a: Tauros
|-damage|p2a: Tauros|23/100
|-enditem|p2a: Tauros|Aguav Berry|[eat]
|-heal|p2a: Tauros|56/100|[from] item: Aguav Berry
|move|p2a: Tauros|Iron Head|p1a: Hatterene
|-damage|p1a: Hatterene|29/100
|
|-heal|p1a: Hatterene|35/100|[from] item: Leftovers
|-sideend|p2: SilliestSeraph|move: Light Screen
|upkeep
|turn|12
|
|t:|1776265011
|move|p1a: Hatterene|Expanding Force|p2a: Tauros
|-supereffective|p2a: Tauros
|-damage|p2a: Tauros|0 fnt
|faint|p2a: Tauros
|
|-heal|p1a: Hatterene|41/100|[from] item: Leftovers
|upkeep
|
|t:|1776265020
|switch|p2a: Rotom|Rotom-Wash|100/100
|turn|13
|
|t:|1776265024
|move|p1a: Hatterene|Giga Drain|p2a: Rotom
|-supereffective|p2a: Rotom
|-damage|p2a: Rotom|44/100
|-heal|p1a: Hatterene|65/100|[from] drain|[of] p2a: Rotom
|move|p2a: Rotom|Light Screen|p2a: Rotom
|-sidestart|p2: SilliestSeraph|move: Light Screen
|
|-heal|p1a: Hatterene|71/100|[from] item: Leftovers
|upkeep
|turn|14
|
|t:|1776265031
|move|p1a: Hatterene|Giga Drain|p2a: Rotom
|-supereffective|p2a: Rotom
|-damage|p2a: Rotom|12/100
|-heal|p1a: Hatterene|84/100|[from] drain|[of] p2a: Rotom
|move|p2a: Rotom|Rain Dance|p2a: Rotom
|-weather|RainDance
|
|-weather|RainDance|[upkeep]
|-heal|p1a: Hatterene|90/100|[from] item: Leftovers
|-fieldend|move: Trick Room
|upkeep
|turn|15
|
|t:|1776265040
|move|p2a: Rotom|Volt Switch|p1a: Hatterene
|-damage|p1a: Hatterene|63/100
|
|t:|1776265047
|switch|p2a: Basculegion|Basculegion, M|100/100|[from] Volt Switch
|move|p1a: Hatterene|Giga Drain|p2a: Basculegion
|-supereffective|p2a: Basculegion
|-damage|p2a: Basculegion|65/100
|-heal|p1a: Hatterene|85/100|[from] drain|[of] p2a: Basculegion
|
|-weather|RainDance|[upkeep]
|-heal|p1a: Hatterene|91/100|[from] item: Leftovers
|upkeep
|turn|16
|
|t:|1776265057
|-terastallize|p2a: Basculegion|Water
|move|p2a: Basculegion|Wave Crash|p1a: Hatterene
|-damage|p1a: Hatterene|0 fnt
|faint|p1a: Hatterene
|-damage|p2a: Basculegion|40/100|[from] Recoil
|
|-weather|RainDance|[upkeep]
|upkeep
|
|t:|1776265065
|switch|p1a: Kingambit|Kingambit, F|68/100
|-activate|p1a: Kingambit|ability: Supreme Overlord
|-start|p1a: Kingambit|fallen1|[silent]
|turn|17
|
|t:|1776265070
|move|p1a: Kingambit|Sucker Punch|p2a: Basculegion
|-damage|p2a: Basculegion|0 fnt
|faint|p2a: Basculegion
|
|-weather|RainDance|[upkeep]
|-sideend|p2: SilliestSeraph|move: Light Screen
|upkeep
|
|t:|1776265074
|switch|p2a: Decidueye|Decidueye-Hisui, F|100/100
|turn|18
|
|t:|1776265085
|-end|p1a: Kingambit|fallen1|[silent]
|switch|p1a: Dondozo|Dondozo, M|100/100
|move|p2a: Decidueye|Triple Arrows|p1a: Dondozo
|-damage|p1a: Dondozo|83/100
|
|-weather|none
|-heal|p1a: Dondozo|89/100|[from] item: Leftovers
|upkeep
|turn|19
|
|t:|1776265103
|switch|p1a: Typhlosion|Typhlosion, M|100/100
|move|p2a: Decidueye|Leaf Blade|p1a: Typhlosion
|-resisted|p1a: Typhlosion
|-damage|p1a: Typhlosion|68/100
|
|upkeep
|turn|20
|
|t:|1776265112
|move|p1a: Typhlosion|Eruption|p2a: Decidueye
|-supereffective|p2a: Decidueye
|-damage|p2a: Decidueye|0 fnt
|faint|p2a: Decidueye
|
|upkeep
|
|t:|1776265116
|switch|p2a: Hatterene|Hatterene, F, shiny|100/100
|turn|21
|
|t:|1776265121
|move|p1a: Typhlosion|Eruption|p2a: Hatterene
|-damage|p2a: Hatterene|31/100
|move|p2a: Hatterene|Reflect|p2a: Hatterene
|-sidestart|p2: SilliestSeraph|Reflect
|
|upkeep
|turn|22
|
|t:|1776265133
|switch|p1a: Gliscor|Gliscor, F|40/100 tox
|switch|p2a: Rotom|Rotom-Wash|12/100
|
|-heal|p1a: Gliscor|53/100 tox|[from] ability: Poison Heal
|upkeep
|turn|23
|
|t:|1776265141
|move|p2a: Rotom|Light Screen|p2a: Rotom
|-sidestart|p2: SilliestSeraph|move: Light Screen
|move|p1a: Gliscor|Earthquake|p2a: Rotom
|-immune|p2a: Rotom|[from] ability: Levitate
|
|-heal|p1a: Gliscor|65/100 tox|[from] ability: Poison Heal
|upkeep
|turn|24
|
|t:|1776265151
|move|p2a: Rotom|Rain Dance|p2a: Rotom
|-weather|RainDance
|move|p1a: Gliscor|Toxic|p2a: Rotom
|-status|p2a: Rotom|tox
|
|-weather|RainDance|[upkeep]
|-damage|p2a: Rotom|6/100 tox|[from] psn
|-heal|p1a: Gliscor|78/100 tox|[from] ability: Poison Heal
|upkeep
|turn|25
|
|t:|1776265160
|move|p1a: Gliscor|Protect|p1a: Gliscor
|-singleturn|p1a: Gliscor|Protect
|move|p2a: Rotom|Volt Switch|p1a: Gliscor
|-activate|p1a: Gliscor|move: Protect
|
|-weather|RainDance|[upkeep]
|-damage|p2a: Rotom|0 fnt|[from] psn
|faint|p2a: Rotom
|-heal|p1a: Gliscor|90/100 tox|[from] ability: Poison Heal
|-sideend|p2: SilliestSeraph|Reflect
|upkeep
|
|t:|1776265169
|switch|p2a: Hatterene|Hatterene, F, shiny|31/100
|turn|26
|
|t:|1776265173
|move|p1a: Gliscor|Earthquake|p2a: Hatterene
|-damage|p2a: Hatterene|0 fnt
|faint|p2a: Hatterene
|
|win|Enderbird
|raw|Enderbird's rating: 1077 &rarr; <strong>1106</strong><br />(+29 for winning)
|raw|SilliestSeraph's rating: 1078 &rarr; <strong>1056</strong><br />(-22 for losing)
|l|☆SilliestSeraph
|player|p2|
