|html|<div class="broadcast-blue"><strong>[Gen 9] OU is currently suspecting Tera Blast! For information on how to participate check out the <a href="https://www.smogon.com/tools/suspects/view/200">suspect thread</a>.</strong></div>
|j|☆WillowOak
|j|☆c0sl0
|t:|1776036352
|gametype|singles
|player|p1|WillowOak|swimmerf|1046
|player|p2|c0sl0|ingo|1089
|gen|9
|tier|[Gen 9] OU
|rated|
|rule|HP Percentage Mod: HP is shown in percentages
|rule|Endless Battle Clause: Forcing endless battles is banned
|rule|Species Clause: Limit one of each Pokémon
|rule|OHKO Clause: OHKO moves are banned
|rule|Evasion Items Clause: Evasion items are banned
|rule|Evasion Moves Clause: Evasion moves are banned
|rule|Evasion Abilities Clause: Evasion abilities are banned
|rule|Sleep Moves Clause: Sleep-inducing moves are banned
|clearpoke
|poke|p1|Barraskewda, F|
|poke|p1|Pelipper, F|
|poke|p1|Brambleghast, M|
|poke|p1|Rillaboom, F|
|poke|p1|Raging Bolt|
|poke|p1|Dragapult, F|
|poke|p2|Tyranitar, M|
|poke|p2|Excadrill, F|
|poke|p2|Gliscor, M|
|poke|p2|Skarmory, M|
|poke|p2|Mamoswine, M|
|poke|p2|Gholdengo|
|teampreview
|
|t:|1776036359
|teamsize|p1|6
|teamsize|p2|6
|start
|switch|p1a: Pelipper|Pelipper, F|100/100
|switch|p2a: Tyranitar|Tyranitar, M|100/100
|-weather|RainDance|[from] ability: Drizzle|[of] p1a: Pelipper
|-weather|Sandstorm|[from] ability: Sand Stream|[of] p2a: Tyranitar
|turn|1
|
|t:|1776036373
|switch|p1a: Rillaboom|Rillaboom, F|100/100
|-fieldstart|move: Grassy Terrain|[from] ability: Grassy Surge|[of] p1a: Rillaboom
|move|p2a: Tyranitar|Stone Edge|p1a: Rillaboom
|-damage|p1a: Rillaboom|51/100
|
|-weather|Sandstorm|[upkeep]
|-damage|p1a: Rillaboom|45/100|[from] Sandstorm
|-heal|p1a: Rillaboom|51/100|[from] Grassy Terrain
|upkeep
|turn|2
|
|t:|1776036387
|move|p1a: Rillaboom|Grassy Glide|p2a: Tyranitar
|-supereffective|p2a: Tyranitar
|-damage|p2a: Tyranitar|27/100
|move|p2a: Tyranitar|Stealth Rock|p1a: Rillaboom
|-sidestart|p1: WillowOak|move: Stealth Rock
|
|-weather|Sandstorm|[upkeep]
|-damage|p1a: Rillaboom|45/100|[from] Sandstorm
|-heal|p1a: Rillaboom|51/100|[from] Grassy Terrain
|-heal|p2a: Tyranitar|33/100|[from] Grassy Terrain
|upkeep
|turn|3
|
|t:|1776036404
|switch|p2a: Skarmory|Skarmory, M|100/100
|move|p1a: Rillaboom|Grassy Glide|p2a: Skarmory
|-resisted|p2a: Skarmory
|-damage|p2a: Skarmory|95/100
|-damage|p1a: Rillaboom|35/100|[from] item: Rocky Helmet|[of] p2a: Skarmory
|
|-weather|Sandstorm|[upkeep]
|-damage|p1a: Rillaboom|29/100|[from] Sandstorm
|-heal|p1a: Rillaboom|35/100|[from] Grassy Terrain
|upkeep
|turn|4
|
|t:|1776036416
|move|p1a: Rillaboom|Knock Off|p2a: Skarmory
|-crit|p2a: Skarmory
|-damage|p2a: Skarmory|68/100
|-damage|p1a: Rillaboom|18/100|[from] item: Rocky Helmet|[of] p2a: Skarmory
|-enditem|p2a: Skarmory|Rocky Helmet|[from] move: Knock Off|[of] p1a: Rillaboom
|move|p2a: Skarmory|Body Press|p1a: Rillaboom
|-damage|p1a: Rillaboom|0 fnt
|faint|p1a: Rillaboom
|
|-weather|Sandstorm|[upkeep]
|upkeep
|
|t:|1776036426
|switch|p1a: Brambleghast|Brambleghast, M|100/100
|-damage|p1a: Brambleghast|88/100|[from] Stealth Rock
|-enditem|p1a: Brambleghast|Grassy Seed
|-boost|p1a: Brambleghast|def|1|[from] item: Grassy Seed
|turn|5
|
|t:|1776036436
|move|p1a: Brambleghast|Poltergeist||[still]
|-fail|p1a: Brambleghast
|move|p2a: Skarmory|Spikes|p1a: Brambleghast
|-sidestart|p1: WillowOak|Spikes
|
|-weather|Sandstorm|[upkeep]
|-damage|p1a: Brambleghast|82/100|[from] Sandstorm
|-heal|p1a: Brambleghast|88/100|[from] Grassy Terrain
|-fieldend|move: Grassy Terrain
|upkeep
|turn|6
|
|t:|1776036447
|switch|p2a: Gholdengo|Gholdengo|100/100
|move|p1a: Brambleghast|Power Whip|p2a: Gholdengo
|-resisted|p2a: Gholdengo
|-damage|p2a: Gholdengo|75/100
|
|-weather|Sandstorm|[upkeep]
|-damage|p1a: Brambleghast|82/100|[from] Sandstorm
|-heal|p2a: Gholdengo|81/100|[from] item: Leftovers
|upkeep
|turn|7
|
|t:|1776036457
|move|p1a: Brambleghast|Poltergeist|p2a: Gholdengo
|-activate|p2a: Gholdengo|move: Poltergeist|Leftovers
|-supereffective|p2a: Gholdengo
|-damage|p2a: Gholdengo|0 fnt
|faint|p2a: Gholdengo
|
|-weather|Sandstorm|[upkeep]
|-damage|p1a: Brambleghast|76/100|[from] Sandstorm
|upkeep
|
|t:|1776036470
|switch|p2a: Tyranitar|Tyranitar, M|33/100
|turn|8
|
|t:|1776036481
|move|p1a: Brambleghast|Strength Sap|p2a: Tyranitar
|-unboost|p2a: Tyranitar|atk|1
|-heal|p1a: Brambleghast|100/100
|move|p2a: Tyranitar|Crunch|p1a: Brambleghast
|-supereffective|p1a: Brambleghast
|-damage|p1a: Brambleghast|40/100
|
|-weather|none
|upkeep
|turn|9
|
|t:|1776036492
|move|p1a: Brambleghast|Power Whip|p2a: Tyranitar
|-supereffective|p2a: Tyranitar
|-damage|p2a: Tyranitar|0 fnt
|faint|p2a: Tyranitar
|
|upkeep
|
|t:|1776036499
|switch|p2a: Mamoswine|Mamoswine, M|100/100
|turn|10
|
|t:|1776036511
|move|p1a: Brambleghast|Strength Sap|p2a: Mamoswine
|-unboost|p2a: Mamoswine|atk|1
|-heal|p1a: Brambleghast|100/100
|move|p2a: Mamoswine|Icicle Crash|p1a: Brambleghast
|-supereffective|p1a: Brambleghast
|-crit|p1a: Brambleghast
|-damage|p1a: Brambleghast|0 fnt
|faint|p1a: Brambleghast
|-damage|p2a: Mamoswine|91/100|[from] item: Life Orb
|
|upkeep
|
|t:|1776036522
|switch|p1a: Pelipper|Pelipper, F|100/100
|-damage|p1a: Pelipper|76/100|[from] Stealth Rock
|-weather|RainDance|[from] ability: Drizzle|[of] p1a: Pelipper
|turn|11
|
|t:|1776036530
|move|p2a: Mamoswine|Icicle Crash|p1a: Pelipper
|-damage|p1a: Pelipper|28/100
|-damage|p2a: Mamoswine|81/100|[from] item: Life Orb
|move|p1a: Pelipper|Weather Ball|p2a: Mamoswine
|-supereffective|p2a: Mamoswine
|-damage|p2a: Mamoswine|0 fnt
|faint|p2a: Mamoswine
|
|-weather|RainDance|[upkeep]
|upkeep
|
|t:|1776036546
|switch|p2a: Skarmory|Skarmory, M|68/100
|turn|12
|
|t:|1776036555
|move|p1a: Pelipper|Tailwind|p1a: Pelipper
|-sidestart|p1: WillowOak|move: Tailwind
|move|p2a: Skarmory|Body Press|p1a: Pelipper
|-resisted|p1a: Pelipper
|-damage|p1a: Pelipper|6/100
|
|-weather|RainDance|[upkeep]
|upkeep
|turn|13
|
|t:|1776036563
|-terastallize|p2a: Skarmory|Steel
|move|p1a: Pelipper|Weather Ball|p2a: Skarmory
|-crit|p2a: Skarmory
|-damage|p2a: Skarmory|0 fnt
|faint|p2a: Skarmory
|
|-weather|RainDance|[upkeep]
|upkeep
|
|t:|1776036573
|switch|p2a: Excadrill|Excadrill, F|100/100
|turn|14
|
|t:|1776036579
|move|p1a: Pelipper|Weather Ball|p2a: Excadrill
|-supereffective|p2a: Excadrill
|-damage|p2a: Excadrill|0 fnt
|faint|p2a: Excadrill
|
|-weather|RainDance|[upkeep]
|upkeep
|
|t:|1776036585
|switch|p2a: Gliscor|Gliscor, M|100/100
|turn|15
|
|t:|1776036592
|move|p1a: Pelipper|Ice Beam|p2a: Gliscor
|-supereffective|p2a: Gliscor
|-damage|p2a: Gliscor|0 fnt
|faint|p2a: Gliscor
|
|win|WillowOak
|raw|WillowOak's rating: 1046 &rarr; <strong>1083</strong><br />(+37 for winning)
|raw|c0sl0's rating: 1089 &rarr; <strong>1063</strong><br />(-26 for losing)
