|html|<div class="broadcast-blue"><strong>[Gen 9] OU is currently suspecting Tera Blast! For information on how to participate check out the <a href="https://www.smogon.com/tools/suspects/view/200">suspect thread</a>.</strong></div>
|j|☆touchieraunt
|j|☆Janusz Rasista
|t:|1776092066
|gametype|singles
|player|p1|touchieraunt|169|1264
|player|p2|Janusz Rasista|giovanni|1230
|gen|9
|tier|[Gen 9] OU
|rated|
|rule|HP Percentage Mod: HP is shown in percentages
|rule|Endless Battle Clause: Forcing endless battles is banned
|rule|Species Clause: Limit one of each Pokémon
|rule|OHKO Clause: OHKO moves are banned
|rule|Evasion Items Clause: Evasion items are banned
|rule|Evasion Moves Clause: Evasion moves are banned
|rule|Evasion Abilities Clause: Evasion abilities are banned
|rule|Sleep Moves Clause: Sleep-inducing moves are banned
|clearpoke
|poke|p1|Landorus-Therian, M|
|poke|p1|Samurott-Hisui, F|
|poke|p1|Gholdengo|
|poke|p1|Thundurus-Therian, M|
|poke|p1|Scizor, F|
|poke|p1|Zamazenta-*|
|poke|p2|Hitmonchan, M|
|poke|p2|Incineroar, M|
|poke|p2|Corviknight, M|
|poke|p2|Rotom-Wash|
|poke|p2|Gliscor, M|
|poke|p2|Dragapult, F|
|teampreview
|inactive|Battle timer is ON: inactive players will automatically lose when time's up. (requested by Janusz Rasista)
|inactive|touchieraunt has 120 seconds left.
|
|t:|1776092115
|teamsize|p1|6
|teamsize|p2|6
|start
|switch|p1a: Landorus|Landorus-Therian, M|100/100
|switch|p2a: Hitmonchan|Hitmonchan, M|100/100
|-ability|p1a: Landorus|Intimidate|boost
|-unboost|p2a: Hitmonchan|atk|1
|turn|1
|
|t:|1776092122
|move|p1a: Landorus|Stealth Rock|p2a: Hitmonchan
|-sidestart|p2: Janusz Rasista|move: Stealth Rock
|move|p2a: Hitmonchan|Ice Punch|p1a: Landorus
|-supereffective|p1a: Landorus
|-damage|p1a: Landorus|34/100
|-damage|p2a: Hitmonchan|84/100|[from] item: Rocky Helmet|[of] p1a: Landorus
|
|upkeep
|turn|2
|
|t:|1776092131
|move|p1a: Landorus|U-turn|p2a: Hitmonchan
|-resisted|p2a: Hitmonchan
|-damage|p2a: Hitmonchan|70/100
|
|t:|1776092138
|switch|p1a: Samurott|Samurott-Hisui, F|100/100|[from] U-turn
|move|p2a: Hitmonchan|Rapid Spin|p1a: Samurott
|-damage|p1a: Samurott|88/100
|-boost|p2a: Hitmonchan|spe|1
|-sideend|p2: Janusz Rasista|Stealth Rock|[from] move: Rapid Spin|[of] p2a: Hitmonchan
|
|upkeep
|turn|3
|
|t:|1776092160
|switch|p1a: Zamazenta|Zamazenta|100/100
|-ability|p1a: Zamazenta|Dauntless Shield|boost
|-boost|p1a: Zamazenta|def|1
|move|p2a: Hitmonchan|Drain Punch|p1a: Zamazenta
|-damage|p1a: Zamazenta|87/100
|-heal|p2a: Hitmonchan|77/100|[from] drain|[of] p1a: Zamazenta
|
|-heal|p1a: Zamazenta|93/100|[from] item: Leftovers
|upkeep
|turn|4
|
|t:|1776092173
|switch|p2a: Dragapult|Dragapult, F, shiny|100/100
|move|p1a: Zamazenta|Iron Defense|p1a: Zamazenta
|-boost|p1a: Zamazenta|def|2
|
|-heal|p1a: Zamazenta|99/100|[from] item: Leftovers
|upkeep
|turn|5
|
|t:|1776092181
|move|p2a: Dragapult|Will-O-Wisp|p1a: Zamazenta
|-status|p1a: Zamazenta|brn
|move|p1a: Zamazenta|Crunch|p2a: Dragapult
|-supereffective|p2a: Dragapult
|-damage|p2a: Dragapult|69/100
|
|-heal|p1a: Zamazenta|100/100 brn|[from] item: Leftovers
|-damage|p1a: Zamazenta|94/100 brn|[from] brn
|upkeep
|turn|6
|
|t:|1776092193
|move|p2a: Dragapult|Hex|p1a: Zamazenta
|-damage|p1a: Zamazenta|48/100 brn
|move|p1a: Zamazenta|Crunch|p2a: Dragapult
|-supereffective|p2a: Dragapult
|-damage|p2a: Dragapult|42/100
|
|-heal|p1a: Zamazenta|54/100 brn|[from] item: Leftovers
|-damage|p1a: Zamazenta|48/100 brn|[from] brn
|upkeep
|turn|7
|
|t:|1776092207
|switch|p1a: Samurott|Samurott-Hisui, F|88/100
|move|p2a: Dragapult|Hex|p1a: Samurott
|-resisted|p1a: Samurott
|-damage|p1a: Samurott|69/100
|
|upkeep
|turn|8
|
|t:|1776092222
|switch|p2a: Hitmonchan|Hitmonchan, M|77/100
|move|p1a: Samurott|Ceaseless Edge|p2a: Hitmonchan
|-resisted|p2a: Hitmonchan
|-damage|p2a: Hitmonchan|44/100
|-sidestart|p2: Janusz Rasista|Spikes
|
|upkeep
|turn|9
|
|t:|1776092246
|switch|p1a: Gholdengo|Gholdengo|100/100
|move|p2a: Hitmonchan|Rapid Spin|p1a: Gholdengo
|-immune|p1a: Gholdengo
|
|upkeep
|turn|10
|
|t:|1776092261
|move|p1a: Gholdengo|Make It Rain|p2a: Hitmonchan
|-damage|p2a: Hitmonchan|4/100
|-unboost|p1a: Gholdengo|spa|1
|move|p2a: Hitmonchan|Fire Punch|p1a: Gholdengo
|-supereffective|p1a: Gholdengo
|-damage|p1a: Gholdengo|45/100
|
|upkeep
|turn|11
|
|t:|1776092271
|move|p1a: Gholdengo|Make It Rain|p2a: Hitmonchan
|-damage|p2a: Hitmonchan|0 fnt
|-unboost|p1a: Gholdengo|spa|1
|faint|p2a: Hitmonchan
|
|upkeep
|
|t:|1776092276
|switch|p2a: Incineroar|Incineroar, M|100/100
|-damage|p2a: Incineroar|88/100|[from] Spikes
|-ability|p2a: Incineroar|Intimidate|boost
|-unboost|p1a: Gholdengo|atk|1
|turn|12
|
|t:|1776092284
|switch|p1a: Samurott|Samurott-Hisui, F|69/100
|move|p2a: Incineroar|Bulk Up|p2a: Incineroar
|-boost|p2a: Incineroar|atk|1
|-boost|p2a: Incineroar|def|1
|
|-heal|p2a: Incineroar|94/100|[from] item: Leftovers
|upkeep
|turn|13
|
|t:|1776092293
|move|p1a: Samurott|Knock Off|p2a: Incineroar
|-resisted|p2a: Incineroar
|-damage|p2a: Incineroar|79/100
|-enditem|p2a: Incineroar|Leftovers|[from] move: Knock Off|[of] p1a: Samurott
|move|p2a: Incineroar|Drain Punch|p1a: Samurott
|-supereffective|p1a: Samurott
|-damage|p1a: Samurott|0 fnt
|-heal|p2a: Incineroar|100/100|[from] drain|[of] p1a: Samurott
|faint|p1a: Samurott
|
|upkeep
|
|t:|1776092304
|switch|p1a: Landorus|Landorus-Therian, M|34/100
|-ability|p1a: Landorus|Intimidate|boost
|-unboost|p2a: Incineroar|atk|1
|turn|14
|
|t:|1776092312
|switch|p2a: Rotom|Rotom-Wash, shiny|100/100
|move|p1a: Landorus|Earthquake|p2a: Rotom
|-immune|p2a: Rotom|[from] ability: Levitate
|
|upkeep
|turn|15
|
|t:|1776092336
|move|p2a: Rotom|Trick|p1a: Landorus
|-activate|p2a: Rotom|move: Trick|[of] p1a: Landorus
|-item|p1a: Landorus|Choice Scarf|[from] move: Trick
|-item|p2a: Rotom|Rocky Helmet|[from] move: Trick
|move|p1a: Landorus|Stealth Rock|p2a: Rotom
|-sidestart|p2: Janusz Rasista|move: Stealth Rock
|
|upkeep
|turn|16
|
|t:|1776092346
|switch|p1a: Scizor|Scizor, F|100/100
|move|p2a: Rotom|Hydro Pump|p1a: Scizor
|-damage|p1a: Scizor|33/100
|
|upkeep
|turn|17
|
|t:|1776092356
|move|p2a: Rotom|Thunderbolt|p1a: Scizor
|-damage|p1a: Scizor|0 fnt
|faint|p1a: Scizor
|
|upkeep
|
|t:|1776092363
|switch|p1a: Thundurus|Thundurus-Therian, M|100/100
|turn|18
|
|t:|1776092376
|move|p1a: Thundurus|Thunderbolt|p2a: Rotom
|-damage|p2a: Rotom|37/100
|move|p2a: Rotom|Thunderbolt|p1a: Thundurus
|-immune|p1a: Thundurus|[from] ability: Volt Absorb
|
|upkeep
|turn|19
|
|t:|1776092383
|move|p1a: Thundurus|Thunderbolt|p2a: Rotom
|-damage|p2a: Rotom|0 fnt
|faint|p2a: Rotom
|
|upkeep
|
|t:|1776092388
|switch|p2a: Gliscor|Gliscor, M|100/100
|-damage|p2a: Gliscor|88/100|[from] Stealth Rock
|turn|20
|
|t:|1776092397
|-terastallize|p1a: Thundurus|Ice
|move|p2a: Gliscor|Protect|p2a: Gliscor
|-singleturn|p2a: Gliscor|Protect
|move|p1a: Thundurus|Tera Blast|p2a: Gliscor|[anim] Tera Blast Ice
|-activate|p2a: Gliscor|move: Protect
|
|-status|p2a: Gliscor|tox|[from] item: Toxic Orb
|upkeep
|turn|21
|
|t:|1776092406
|move|p1a: Thundurus|Tera Blast|p2a: Gliscor|[anim] Tera Blast Ice
|-supereffective|p2a: Gliscor
|-damage|p2a: Gliscor|0 fnt
|faint|p2a: Gliscor
|
|upkeep
|
|t:|1776092415
|switch|p2a: Incineroar|Incineroar, M|100/100
|-damage|p2a: Incineroar|88/100|[from] Spikes
|-damage|p2a: Incineroar|63/100|[from] Stealth Rock
|-ability|p2a: Incineroar|Intimidate|boost
|-unboost|p1a: Thundurus|atk|1
|turn|22
|
|t:|1776092430
|switch|p1a: Landorus|Landorus-Therian, M|34/100
|-ability|p1a: Landorus|Intimidate|boost
|-unboost|p2a: Incineroar|atk|1
|move|p2a: Incineroar|Drain Punch|p1a: Landorus
|-resisted|p1a: Landorus
|-damage|p1a: Landorus|26/100
|-heal|p2a: Incineroar|67/100|[from] drain|[of] p1a: Landorus
|
|upkeep
|turn|23
|
|t:|1776092441
|-terastallize|p2a: Incineroar|Fighting
|move|p1a: Landorus|Earthquake|p2a: Incineroar
|-damage|p2a: Incineroar|19/100
|move|p2a: Incineroar|Bulk Up|p2a: Incineroar
|-boost|p2a: Incineroar|atk|1
|-boost|p2a: Incineroar|def|1
|
|upkeep
|turn|24
|
|t:|1776092449
|move|p1a: Landorus|Earthquake|p2a: Incineroar
|-damage|p2a: Incineroar|0 fnt
|faint|p2a: Incineroar
|
|upkeep
|
|t:|1776092455
|switch|p2a: Corviknight|Corviknight, M, shiny|100/100
|-damage|p2a: Corviknight|88/100|[from] Stealth Rock
|turn|25
|
|t:|1776092459
|switch|p1a: Gholdengo|Gholdengo|45/100
|move|p2a: Corviknight|Bulk Up|p2a: Corviknight
|-boost|p2a: Corviknight|atk|1
|-boost|p2a: Corviknight|def|1
|
|-heal|p2a: Corviknight|94/100|[from] item: Leftovers
|upkeep
|turn|26
|
|t:|1776092471
|move|p1a: Gholdengo|Shadow Ball|p2a: Corviknight
|-damage|p2a: Corviknight|64/100
|-ability|p2a: Corviknight|Mirror Armor
|-unboost|p1a: Gholdengo|spd|1
|move|p2a: Corviknight|Brave Bird|p1a: Gholdengo
|-resisted|p1a: Gholdengo
|-damage|p1a: Gholdengo|11/100
|-damage|p2a: Corviknight|55/100|[from] Recoil
|
|-heal|p2a: Corviknight|62/100|[from] item: Leftovers
|upkeep
|turn|27
|inactive|touchieraunt has 120 seconds left.
|inactive|touchieraunt has 90 seconds left.
|
|t:|1776092544
|switch|p1a: Landorus|Landorus-Therian, M|26/100
|-ability|p1a: Landorus|Intimidate|boost
|-ability|p2a: Corviknight|Mirror Armor
|-unboost|p1a: Landorus|atk|1
|move|p2a: Corviknight|Roost|p2a: Corviknight
|-heal|p2a: Corviknight|100/100
|-singleturn|p2a: Corviknight|move: Roost
|
|upkeep
|turn|28
|
|t:|1776092555
|move|p1a: Landorus|Taunt|p2a: Corviknight
|-start|p2a: Corviknight|move: Taunt
|cant|p2a: Corviknight|move: Taunt|Bulk Up
|
|upkeep
|turn|29
|
|t:|1776092562
|move|p1a: Landorus|Taunt||[still]
|-fail|p1a: Landorus
|move|p2a: Corviknight|Body Press|p1a: Landorus
|-resisted|p1a: Landorus
|-damage|p1a: Landorus|12/100
|
|upkeep
|turn|30
|inactive|touchieraunt has 90 seconds left.
|
|t:|1776092568
|move|p1a: Landorus|Taunt||[still]
|-fail|p1a: Landorus
|move|p2a: Corviknight|Body Press|p1a: Landorus
|-resisted|p1a: Landorus
|-damage|p1a: Landorus|0 fnt
|faint|p1a: Landorus
|
|-end|p2a: Corviknight|move: Taunt
|upkeep
|inactive|touchieraunt has 90 seconds left.
|
|t:|1776092576
|switch|p1a: Gholdengo|Gholdengo|11/100
|turn|31
|
|t:|1776092581
|move|p1a: Gholdengo|Trick|p2a: Corviknight
|-activate|p1a: Gholdengo|move: Trick|[of] p2a: Corviknight
|-item|p2a: Corviknight|Choice Scarf|[from] move: Trick
|-item|p1a: Gholdengo|Leftovers|[from] move: Trick
|move|p2a: Corviknight|Bulk Up|p2a: Corviknight
|-boost|p2a: Corviknight|atk|1
|-boost|p2a: Corviknight|def|1
|
|-heal|p1a: Gholdengo|17/100|[from] item: Leftovers
|upkeep
|turn|32
|-message|Janusz Rasista forfeited.
|
|win|touchieraunt
|raw|touchieraunt's rating: 1264 &rarr; <strong>1287</strong><br />(+23 for winning)
|raw|Janusz Rasista's rating: 1230 &rarr; <strong>1207</strong><br />(-23 for losing)
|l|☆Janusz Rasista
|player|p2|
|l|☆touchieraunt
|player|p1|
