|html|<div class="broadcast-blue"><strong>[Gen 9] OU is currently suspecting Tera Blast! For information on how to participate check out the <a href="https://www.smogon.com/tools/suspects/view/200">suspect thread</a>.</strong></div>
|j|☆adkaw
|j|☆KeioMataAlegria
|t:|1776297847
|gametype|singles
|player|p1|adkaw|170|1040
|player|p2|KeioMataAlegria|102|1029
|gen|9
|tier|[Gen 9] OU
|rated|
|rule|HP Percentage Mod: HP is shown in percentages
|rule|Endless Battle Clause: Forcing endless battles is banned
|rule|Species Clause: Limit one of each Pokémon
|rule|OHKO Clause: OHKO moves are banned
|rule|Evasion Items Clause: Evasion items are banned
|rule|Evasion Moves Clause: Evasion moves are banned
|rule|Evasion Abilities Clause: Evasion abilities are banned
|rule|Sleep Moves Clause: Sleep-inducing moves are banned
|clearpoke
|poke|p1|Zamazenta-*|
|poke|p1|Lokix, F|
|poke|p1|Slowking-Galar, M|
|poke|p1|Primarina, F|
|poke|p1|Great Tusk|
|poke|p1|Dragonite, M|
|poke|p2|Sylveon, M|
|poke|p2|Hatterene, F|
|poke|p2|Whimsicott, F|
|poke|p2|Ribombee, F|
|poke|p2|Mimikyu, M|
|poke|p2|Diancie|
|teampreview
|inactive|Battle timer is ON: inactive players will automatically lose when time's up. (requested by KeioMataAlegria)
|
|t:|1776297854
|teamsize|p1|6
|teamsize|p2|6
|start
|switch|p1a: Primarina|Primarina, F|100/100
|switch|p2a: Training Wheels|Whimsicott, F, shiny|100/100
|turn|1
|
|t:|1776297861
|move|p2a: Training Wheels|Leech Seed|p1a: Primarina
|-start|p1a: Primarina|move: Leech Seed
|move|p1a: Primarina|Draining Kiss|p2a: Training Wheels
|-damage|p2a: Training Wheels|63/100
|
|-heal|p2a: Training Wheels|70/100|[from] item: Leftovers
|-damage|p1a: Primarina|88/100|[from] Leech Seed|[of] p2a: Training Wheels
|-heal|p2a: Training Wheels|83/100|[silent]
|upkeep
|turn|2
|
|t:|1776297864
|switch|p1a: Slowking|Slowking-Galar, M|100/100
|move|p2a: Training Wheels|Encore||[still]
|-fail|p2a: Training Wheels
|
|-heal|p2a: Training Wheels|90/100|[from] item: Leftovers
|upkeep
|turn|3
|
|t:|1776297870
|move|p2a: Training Wheels|Substitute|p2a: Training Wheels
|-start|p2a: Training Wheels|Substitute
|-damage|p2a: Training Wheels|65/100
|move|p1a: Slowking|Future Sight|p2a: Training Wheels
|-start|p1a: Slowking|move: Future Sight
|
|-heal|p2a: Training Wheels|71/100|[from] item: Leftovers
|upkeep
|turn|4
|
|t:|1776297880
|switch|p1a: Lokix|Lokix, F|100/100
|move|p2a: Training Wheels|Leech Seed|p1a: Lokix
|-hint|Since gen 7, Dark is immune to Prankster moves.
|-immune|p1a: Lokix
|
|-heal|p2a: Training Wheels|77/100|[from] item: Leftovers
|upkeep
|turn|5
|
|t:|1776297885
|move|p1a: Lokix|U-turn|p2a: Training Wheels
|-activate|p2a: Training Wheels|move: Substitute|[damage]
|
|t:|1776297888
|switch|p1a: Slowking|Slowking-Galar, M|100/100|[from] U-turn
|move|p2a: Training Wheels|Moonblast|p1a: Slowking
|-resisted|p1a: Slowking
|-damage|p1a: Slowking|92/100
|-unboost|p1a: Slowking|spa|1
|
|-end|p2a: Training Wheels|move: Future Sight
|-end|p2a: Training Wheels|Substitute
|-heal|p2a: Training Wheels|83/100|[from] item: Leftovers
|upkeep
|turn|6
|
|t:|1776297896
|move|p2a: Training Wheels|Substitute|p2a: Training Wheels
|-start|p2a: Training Wheels|Substitute
|-damage|p2a: Training Wheels|59/100
|move|p1a: Slowking|Sludge Bomb|p2a: Training Wheels
|-supereffective|p2a: Training Wheels
|-end|p2a: Training Wheels|Substitute
|
|-heal|p2a: Training Wheels|65/100|[from] item: Leftovers
|upkeep
|turn|7
|
|t:|1776297899
|switch|p1a: Lokix|Lokix, F|100/100
|-terastallize|p2a: Training Wheels|Steel
|move|p2a: Training Wheels|Encore|p1a: Lokix
|-hint|Since gen 7, Dark is immune to Prankster moves.
|-immune|p1a: Lokix
|
|-heal|p2a: Training Wheels|71/100|[from] item: Leftovers
|upkeep
|turn|8
|
|t:|1776297908
|switch|p1a: Primarina|Primarina, F|88/100
|move|p2a: Training Wheels|Substitute|p2a: Training Wheels
|-start|p2a: Training Wheels|Substitute
|-damage|p2a: Training Wheels|46/100
|
|-heal|p2a: Training Wheels|53/100|[from] item: Leftovers
|upkeep
|turn|9
|
|t:|1776297912
|move|p2a: Training Wheels|Moonblast|p1a: Primarina
|-damage|p1a: Primarina|66/100
|move|p1a: Primarina|Hyper Voice|p2a: Training Wheels
|-damage|p2a: Training Wheels|0 fnt
|faint|p2a: Training Wheels
|
|upkeep
|inactive|KeioMataAlegria has 120 seconds left.
|
|t:|1776297948
|switch|p2a: SylvKeio|Sylveon, M, shiny|100/100
|turn|10
|
|t:|1776297953
|switch|p1a: Slowking|Slowking-Galar, M|100/100
|move|p2a: SylvKeio|Calm Mind|p2a: SylvKeio
|-boost|p2a: SylvKeio|spa|1
|-boost|p2a: SylvKeio|spd|1
|
|upkeep
|turn|11
|
|t:|1776297957
|move|p2a: SylvKeio|Protect|p2a: SylvKeio
|-singleturn|p2a: SylvKeio|Protect
|move|p1a: Slowking|Toxic|p2a: SylvKeio
|-activate|p2a: SylvKeio|move: Protect
|
|upkeep
|turn|12
|
|t:|1776297967
|move|p2a: SylvKeio|Hyper Voice|p1a: Slowking
|-resisted|p1a: Slowking
|-damage|p1a: Slowking|83/100
|move|p1a: Slowking|Toxic|p2a: SylvKeio
|-status|p2a: SylvKeio|tox
|
|-damage|p2a: SylvKeio|94/100 tox|[from] psn
|upkeep
|turn|13
|
|t:|1776297971
|move|p2a: SylvKeio|Protect|p2a: SylvKeio
|-singleturn|p2a: SylvKeio|Protect
|move|p1a: Slowking|Sludge Bomb|p2a: SylvKeio
|-activate|p2a: SylvKeio|move: Protect
|
|-heal|p2a: SylvKeio|100/100 tox|[from] item: Leftovers
|-damage|p2a: SylvKeio|88/100 tox|[from] psn
|upkeep
|turn|14
|
|t:|1776297985
|move|p2a: SylvKeio|Calm Mind|p2a: SylvKeio
|-boost|p2a: SylvKeio|spa|1
|-boost|p2a: SylvKeio|spd|1
|move|p1a: Slowking|Sludge Bomb|p2a: SylvKeio
|-supereffective|p2a: SylvKeio
|-damage|p2a: SylvKeio|67/100 tox
|
|-heal|p2a: SylvKeio|73/100 tox|[from] item: Leftovers
|-damage|p2a: SylvKeio|55/100 tox|[from] psn
|upkeep
|turn|15
|
|t:|1776297988
|move|p2a: SylvKeio|Wish|p2a: SylvKeio
|move|p1a: Slowking|Sludge Bomb|p2a: SylvKeio
|-supereffective|p2a: SylvKeio
|-damage|p2a: SylvKeio|33/100 tox
|
|-heal|p2a: SylvKeio|39/100 tox|[from] item: Leftovers
|-damage|p2a: SylvKeio|15/100 tox|[from] psn
|upkeep
|turn|16
|
|t:|1776298000
|move|p2a: SylvKeio|Protect|p2a: SylvKeio
|-singleturn|p2a: SylvKeio|Protect
|-prepare|p1a: Slowking|Chilly Reception|[premajor]
|move|p1a: Slowking|Chilly Reception|p1a: Slowking
|-weather|Snowscape
|
|t:|1776298003
|switch|p1a: Lokix|Lokix, F|100/100|[from] Chilly Reception
|
|-weather|Snowscape|[upkeep]
|-heal|p2a: SylvKeio|65/100 tox|[from] move: Wish|[wisher] SylvKeio
|-heal|p2a: SylvKeio|71/100 tox|[from] item: Leftovers
|-damage|p2a: SylvKeio|40/100 tox|[from] psn
|upkeep
|turn|17
|
|t:|1776298005
|move|p1a: Lokix|U-turn|p2a: SylvKeio
|-resisted|p2a: SylvKeio
|-damage|p2a: SylvKeio|15/100 tox
|
|t:|1776298007
|switch|p1a: Slowking|Slowking-Galar, M|100/100|[from] U-turn
|move|p2a: SylvKeio|Hyper Voice|p1a: Slowking
|-resisted|p1a: Slowking
|-damage|p1a: Slowking|78/100
|
|-weather|Snowscape|[upkeep]
|-heal|p2a: SylvKeio|22/100 tox|[from] item: Leftovers
|-damage|p2a: SylvKeio|0 fnt|[from] psn
|faint|p2a: SylvKeio
|upkeep
|
|t:|1776298011
|switch|p2a: Dollhouse|Mimikyu, M, shiny|100/100
|turn|18
|
|t:|1776298015
|move|p2a: Dollhouse|Swords Dance|p2a: Dollhouse
|-boost|p2a: Dollhouse|atk|2
|move|p1a: Slowking|Toxic|p2a: Dollhouse
|-status|p2a: Dollhouse|tox
|
|-weather|Snowscape|[upkeep]
|-damage|p2a: Dollhouse|95/100 tox|[from] psn
|upkeep
|turn|19
|
|t:|1776298019
|switch|p1a: Great Tusk|Great Tusk|100/100
|move|p2a: Dollhouse|Shadow Claw|p1a: Great Tusk
|-damage|p1a: Great Tusk|65/100
|-damage|p2a: Dollhouse|78/100 tox|[from] item: Rocky Helmet|[of] p1a: Great Tusk
|-damage|p2a: Dollhouse|68/100 tox|[from] item: Life Orb
|
|-weather|Snowscape|[upkeep]
|-damage|p2a: Dollhouse|56/100 tox|[from] psn
|upkeep
|turn|20
|
|t:|1776298024
|-terastallize|p1a: Great Tusk|Fairy
|move|p2a: Dollhouse|Play Rough|p1a: Great Tusk
|-crit|p1a: Great Tusk
|-damage|p1a: Great Tusk|0 fnt
|-damage|p2a: Dollhouse|40/100 tox|[from] item: Rocky Helmet|[of] p1a: Great Tusk
|faint|p1a: Great Tusk
|-end|p1a: Great Tusk|Protosynthesis|[silent]
|-damage|p2a: Dollhouse|30/100 tox|[from] item: Life Orb
|
|-weather|none
|-damage|p2a: Dollhouse|12/100 tox|[from] psn
|upkeep
|
|t:|1776298040
|switch|p1a: Dragonite|Dragonite, M|100/100
|turn|21
|
|t:|1776298044
|switch|p1a: Slowking|Slowking-Galar, M|100/100
|move|p2a: Dollhouse|Play Rough|p1a: Slowking|[miss]
|-miss|p2a: Dollhouse|p1a: Slowking
|
|-damage|p2a: Dollhouse|0 fnt|[from] psn
|faint|p2a: Dollhouse
|upkeep
|
|t:|1776298050
|switch|p2a: Spider-Web|Ribombee, F, shiny|100/100
|turn|22
|
|t:|1776298054
|move|p2a: Spider-Web|Bug Buzz|p1a: Slowking
|-damage|p1a: Slowking|78/100
|move|p1a: Slowking|Sludge Bomb|p2a: Spider-Web
|-supereffective|p2a: Spider-Web
|-enditem|p2a: Spider-Web|Focus Sash
|-damage|p2a: Spider-Web|1/100
|
|upkeep
|turn|23
|-message|KeioMataAlegria forfeited.
|
|win|adkaw
|raw|adkaw's rating: 1040 &rarr; <strong>1073</strong><br />(+33 for winning)
|raw|KeioMataAlegria's rating: 1029 &rarr; <strong>1015</strong><br />(-14 for losing)
|l|☆KeioMataAlegria
|player|p2|
