|html|<div class="broadcast-blue"><strong>[Gen 9] OU is currently suspecting Tera Blast! For information on how to participate check out the <a href="https://www.smogon.com/tools/suspects/view/200">suspect thread</a>.</strong></div>
|j|☆shady523
|j|☆RocketPadGamer
|t:|1776260453
|gametype|singles
|player|p1|shady523|cynthia-gen4|1155
|player|p2|RocketPadGamer|lucas|1175
|gen|9
|tier|[Gen 9] OU
|rated|
|rule|HP Percentage Mod: HP is shown in percentages
|rule|Endless Battle Clause: Forcing endless battles is banned
|rule|Species Clause: Limit one of each Pokémon
|rule|OHKO Clause: OHKO moves are banned
|rule|Evasion Items Clause: Evasion items are banned
|rule|Evasion Moves Clause: Evasion moves are banned
|rule|Evasion Abilities Clause: Evasion abilities are banned
|rule|Sleep Moves Clause: Sleep-inducing moves are banned
|clearpoke
|poke|p1|Slowking-Galar, F|
|poke|p1|Tornadus-Therian, M|
|poke|p1|Cinderace, M|
|poke|p1|Lokix, M|
|poke|p1|Hydrapple, M|
|poke|p1|Great Tusk|
|poke|p2|Ninetales, M|
|poke|p2|Walking Wake|
|poke|p2|Great Tusk|
|poke|p2|Venusaur, M|
|poke|p2|Hatterene, F|
|poke|p2|Kingambit, M|
|teampreview
|inactive|Battle timer is ON: inactive players will automatically lose when time's up. (requested by RocketPadGamer)
|
|t:|1776260486
|teamsize|p1|6
|teamsize|p2|6
|start
|switch|p1a: Great Tusk|Great Tusk|100/100
|switch|p2a: Ninetales|Ninetales, M|100/100
|-weather|SunnyDay|[from] ability: Drought|[of] p2a: Ninetales
|-activate|p1a: Great Tusk|ability: Protosynthesis
|-start|p1a: Great Tusk|protosynthesisspe
|turn|1
|
|t:|1776260506
|switch|p2a: Walking Wake|Walking Wake|100/100
|-activate|p2a: Walking Wake|ability: Protosynthesis
|-start|p2a: Walking Wake|protosynthesisspe
|move|p1a: Great Tusk|Rapid Spin|p2a: Walking Wake
|-damage|p2a: Walking Wake|83/100
|-boost|p1a: Great Tusk|spe|1
|
|-weather|SunnyDay|[upkeep]
|upkeep
|turn|2
|
|t:|1776260533
|-end|p1a: Great Tusk|Protosynthesis|[silent]
|switch|p1a: Tornadus|Tornadus-Therian, M|100/100
|move|p2a: Walking Wake|Hydro Steam|p1a: Tornadus
|-damage|p1a: Tornadus|52/100
|
|-weather|SunnyDay|[upkeep]
|upkeep
|turn|3
|
|t:|1776260545
|-terastallize|p2a: Walking Wake|Water
|move|p2a: Walking Wake|Hydro Steam|p1a: Tornadus
|-damage|p1a: Tornadus|0 fnt
|faint|p1a: Tornadus
|
|-weather|SunnyDay|[upkeep]
|upkeep
|
|t:|1776260551
|switch|p1a: Lokix|Lokix, M|100/100
|turn|4
|
|t:|1776260564
|-terastallize|p1a: Lokix|Bug
|move|p1a: Lokix|First Impression|p2a: Walking Wake
|-damage|p2a: Walking Wake|0 fnt
|faint|p2a: Walking Wake
|-end|p2a: Walking Wake|Protosynthesis|[silent]
|
|-weather|SunnyDay|[upkeep]
|upkeep
|
|t:|1776260577
|switch|p2a: Ninetales|Ninetales, M|100/100
|turn|5
|
|t:|1776260586
|switch|p1a: Slowking|Slowking-Galar, F|100/100
|move|p2a: Ninetales|Overheat|p1a: Slowking
|-damage|p1a: Slowking|45/100
|-unboost|p2a: Ninetales|spa|2
|
|-weather|SunnyDay|[upkeep]
|upkeep
|turn|6
|
|t:|1776260603
|switch|p2a: Kingambit|Kingambit, M|100/100
|-activate|p2a: Kingambit|ability: Supreme Overlord
|-start|p2a: Kingambit|fallen1|[silent]
|-item|p2a: Kingambit|Air Balloon
|-prepare|p1a: Slowking|Chilly Reception|[premajor]
|move|p1a: Slowking|Chilly Reception|p1a: Slowking
|-weather|Snowscape
|
|t:|1776260608
|switch|p1a: Lokix|Lokix, M, tera:Bug|100/100|[from] Chilly Reception
|
|-weather|Snowscape|[upkeep]
|upkeep
|turn|7
|inactive|RocketPadGamer has 120 seconds left.
|
|t:|1776260646
|move|p1a: Lokix|First Impression|p2a: Kingambit
|-damage|p2a: Kingambit|25/100
|-enditem|p2a: Kingambit|Air Balloon
|move|p2a: Kingambit|Sucker Punch||[still]
|-fail|p2a: Kingambit
|
|-weather|Snowscape|[upkeep]
|upkeep
|turn|8
|
|t:|1776260658
|switch|p1a: Great Tusk|Great Tusk|100/100
|-end|p2a: Kingambit|fallen1|[silent]
|switch|p2a: Great Tusk|Great Tusk|100/100
|
|-weather|Snowscape|[upkeep]
|upkeep
|turn|9
|
|t:|1776260669
|move|p2a: Great Tusk|Ice Spinner|p1a: Great Tusk
|-supereffective|p1a: Great Tusk
|-damage|p1a: Great Tusk|67/100
|-damage|p2a: Great Tusk|84/100|[from] item: Rocky Helmet|[of] p1a: Great Tusk
|move|p1a: Great Tusk|Ice Spinner|p2a: Great Tusk
|-supereffective|p2a: Great Tusk
|-damage|p2a: Great Tusk|51/100
|
|-weather|Snowscape|[upkeep]
|upkeep
|turn|10
|inactive|RocketPadGamer has 90 seconds left.
|
|t:|1776260698
|-end|p2a: Great Tusk|Protosynthesis|[silent]
|switch|p2a: Hatterene|Hatterene, F|100/100
|move|p1a: Great Tusk|Earthquake|p2a: Hatterene
|-damage|p2a: Hatterene|64/100
|-enditem|p2a: Hatterene|Eject Button
|inactive|RocketPadGamer has 90 seconds left.
|
|t:|1776260703
|switch|p2a: Ninetales|Ninetales, M|100/100
|-weather|SunnyDay|[from] ability: Drought|[of] p2a: Ninetales
|-activate|p1a: Great Tusk|ability: Protosynthesis
|-start|p1a: Great Tusk|protosynthesisspe
|
|-weather|SunnyDay|[upkeep]
|upkeep
|turn|11
|inactive|RocketPadGamer has 90 seconds left.
|
|t:|1776260724
|switch|p2a: Venusaur|Venusaur, M|100/100
|move|p1a: Great Tusk|Earthquake|p2a: Venusaur
|-damage|p2a: Venusaur|41/100
|
|-weather|SunnyDay|[upkeep]
|upkeep
|turn|12
|
|t:|1776260731
|move|p2a: Venusaur|Giga Drain|p1a: Great Tusk
|-supereffective|p1a: Great Tusk
|-damage|p1a: Great Tusk|0 fnt
|-heal|p2a: Venusaur|90/100|[from] drain|[of] p1a: Great Tusk
|faint|p1a: Great Tusk
|-end|p1a: Great Tusk|Protosynthesis|[silent]
|-damage|p2a: Venusaur|80/100|[from] item: Life Orb
|
|-weather|SunnyDay|[upkeep]
|upkeep
|
|t:|1776260734
|switch|p1a: Lokix|Lokix, M, tera:Bug|100/100
|turn|13
|inactive|RocketPadGamer has 90 seconds left.
|
|t:|1776260745
|move|p1a: Lokix|First Impression|p2a: Venusaur
|-damage|p2a: Venusaur|0 fnt
|faint|p2a: Venusaur
|
|-weather|SunnyDay|[upkeep]
|upkeep
|inactive|RocketPadGamer has 90 seconds left.
|
|t:|1776260752
|switch|p2a: Great Tusk|Great Tusk|51/100
|-activate|p2a: Great Tusk|ability: Protosynthesis
|-start|p2a: Great Tusk|protosynthesisatk
|turn|14
|
|t:|1776260766
|switch|p1a: Hydrapple|Hydrapple, M|100/100
|move|p2a: Great Tusk|Stealth Rock|p1a: Hydrapple
|-sidestart|p1: shady523|move: Stealth Rock
|
|-weather|SunnyDay|[upkeep]
|upkeep
|turn|15
|
|t:|1776260776
|switch|p1a: Cinderace|Cinderace, M|100/100
|move|p2a: Great Tusk|Ice Spinner|p1a: Cinderace
|-resisted|p1a: Cinderace
|-damage|p1a: Cinderace|77/100
|
|-weather|SunnyDay|[upkeep]
|upkeep
|turn|16
|
|t:|1776260806
|move|p1a: Cinderace|Will-O-Wisp|p2a: Great Tusk|[miss]
|-miss|p1a: Cinderace|p2a: Great Tusk
|move|p2a: Great Tusk|Headlong Rush|p1a: Cinderace
|-supereffective|p1a: Cinderace
|-damage|p1a: Cinderace|0 fnt
|-unboost|p2a: Great Tusk|def|1
|-unboost|p2a: Great Tusk|spd|1
|faint|p1a: Cinderace
|
|-weather|SunnyDay|[upkeep]
|upkeep
|
|t:|1776260810
|switch|p1a: Lokix|Lokix, M, tera:Bug|100/100
|-damage|p1a: Lokix|76/100|[from] Stealth Rock
|turn|17
|c|☆RocketPadGamer|mi bombo
|inactive|RocketPadGamer has 90 seconds left.
|l|☆shady523
|inactive|shady523 disconnected and has a minute to reconnect!
|player|p1|
|
|t:|1776260842
|move|p1a: Lokix|First Impression|p2a: Great Tusk
|-resisted|p2a: Great Tusk
|-crit|p2a: Great Tusk
|-damage|p2a: Great Tusk|0 fnt
|faint|p2a: Great Tusk
|-end|p2a: Great Tusk|Protosynthesis|[silent]
|
|-weather|none
|upkeep
|j|☆shady523
|inactive|shady523 reconnected.
|player|p1|shady523|cynthia-gen4|
|
|t:|1776260848
|switch|p2a: Ninetales|Ninetales, M|100/100
|-weather|SunnyDay|[from] ability: Drought|[of] p2a: Ninetales
|turn|18
|inactive|shady523 has 120 seconds left.
|inactive|shady523 has 90 seconds left.
|inactive|shady523 has 60 seconds left.
|inactive|shady523 has 30 seconds left.
|inactive|shady523 has 20 seconds left.
|inactive|shady523 has 15 seconds left.
|inactive|shady523 has 10 seconds left.
|inactive|shady523 has 5 seconds left.
|
|t:|1776260996
|switch|p1a: Hydrapple|Hydrapple, M|100/100
|-damage|p1a: Hydrapple|88/100|[from] Stealth Rock
|move|p2a: Ninetales|Overheat|p1a: Hydrapple
|-damage|p1a: Hydrapple|9/100
|-unboost|p2a: Ninetales|spa|2
|
|-weather|SunnyDay|[upkeep]
|upkeep
|turn|19
|inactive|shady523 has 15 seconds left this turn.
|inactive|RocketPadGamer has 90 seconds left.
|
|t:|1776261006
|switch|p1a: Slowking|Slowking-Galar, F|78/100
|-damage|p1a: Slowking|66/100|[from] Stealth Rock
|move|p2a: Ninetales|Overheat|p1a: Slowking
|-damage|p1a: Slowking|36/100
|-unboost|p2a: Ninetales|spa|2
|
|-weather|SunnyDay|[upkeep]
|upkeep
|turn|20
|inactive|shady523 has 25 seconds left this turn.
|inactive|shady523 has 20 seconds left.
|inactive|RocketPadGamer has 90 seconds left.
|
|t:|1776261022
|move|p2a: Ninetales|Will-O-Wisp|p1a: Slowking|[miss]
|-miss|p2a: Ninetales|p1a: Slowking
|-prepare|p1a: Slowking|Chilly Reception|[premajor]
|move|p1a: Slowking|Chilly Reception|p1a: Slowking
|-weather|Snowscape
|inactive|shady523 has 25 seconds left this turn.
|
|t:|1776261024
|switch|p1a: Hydrapple|Hydrapple, M|42/100|[from] Chilly Reception
|-damage|p1a: Hydrapple|30/100|[from] Stealth Rock
|
|-weather|Snowscape|[upkeep]
|upkeep
|turn|21
|c|☆RocketPadGamer|mi bombo
|inactive|shady523 has 30 seconds left.
|inactive|RocketPadGamer has 90 seconds left.
|
|t:|1776261037
|switch|p2a: Hatterene|Hatterene, F|64/100
|move|p1a: Hydrapple|Earth Power|p2a: Hatterene
|-damage|p2a: Hatterene|16/100
|-damage|p1a: Hydrapple|20/100|[from] item: Life Orb
|
|-weather|Snowscape|[upkeep]
|upkeep
|turn|22
|c|☆shady523|My bad
|c|☆shady523|Btw
|inactive|shady523 has 30 seconds left.
|inactive|RocketPadGamer has 90 seconds left.
|inactive|shady523 has 20 seconds left.
|
|t:|1776261061
|move|p1a: Hydrapple|Earth Power|p2a: Hatterene
|-damage|p2a: Hatterene|0 fnt
|faint|p2a: Hatterene
|-damage|p1a: Hydrapple|10/100|[from] item: Life Orb
|
|-weather|Snowscape|[upkeep]
|upkeep
|inactive|RocketPadGamer has 90 seconds left.
|
|t:|1776261068
|switch|p2a: Ninetales|Ninetales, M|100/100
|-weather|SunnyDay|[from] ability: Drought|[of] p2a: Ninetales
|turn|23
|inactive|shady523 has 30 seconds left.
|inactive|RocketPadGamer has 90 seconds left.
|
|t:|1776261080
|move|p2a: Ninetales|Overheat|p1a: Hydrapple
|-damage|p1a: Hydrapple|0 fnt
|-unboost|p2a: Ninetales|spa|2
|faint|p1a: Hydrapple
|
|-weather|SunnyDay|[upkeep]
|upkeep
|inactive|shady523 has 30 seconds left.
|
|t:|1776261092
|switch|p1a: Slowking|Slowking-Galar, F|70/100
|-damage|p1a: Slowking|57/100|[from] Stealth Rock
|turn|24
|inactive|shady523 has 30 seconds left.
|inactive|RocketPadGamer has 90 seconds left.
|inactive|shady523 has 20 seconds left.
|inactive|RocketPadGamer has 60 seconds left.
|
|t:|1776261138
|move|p2a: Ninetales|Overheat|p1a: Slowking
|-damage|p1a: Slowking|25/100
|-unboost|p2a: Ninetales|spa|2
|-prepare|p1a: Slowking|Chilly Reception|[premajor]
|move|p1a: Slowking|Chilly Reception|p1a: Slowking
|-weather|Snowscape
|inactive|shady523 has 25 seconds left this turn.
|
|t:|1776261142
|switch|p1a: Lokix|Lokix, M, tera:Bug|76/100|[from] Chilly Reception
|-damage|p1a: Lokix|51/100|[from] Stealth Rock
|
|-weather|Snowscape|[upkeep]
|upkeep
|turn|25
|
|t:|1776261152
|move|p1a: Lokix|First Impression|p2a: Ninetales
|-resisted|p2a: Ninetales
|-damage|p2a: Ninetales|0 fnt
|faint|p2a: Ninetales
|
|-weather|Snowscape|[upkeep]
|upkeep
|
|t:|1776261157
|switch|p2a: Kingambit|Kingambit, M|25/100
|-activate|p2a: Kingambit|ability: Supreme Overlord
|-start|p2a: Kingambit|fallen5|[silent]
|turn|26
|inactive|RocketPadGamer has 60 seconds left.
|
|t:|1776261182
|switch|p1a: Slowking|Slowking-Galar, F|59/100
|-damage|p1a: Slowking|46/100|[from] Stealth Rock
|move|p2a: Kingambit|Sucker Punch||[still]
|-fail|p2a: Kingambit
|
|-weather|Snowscape|[upkeep]
|upkeep
|turn|27
|inactive|RocketPadGamer has 60 seconds left.
|
|t:|1776261202
|move|p2a: Kingambit|Kowtow Cleave|p1a: Slowking
|-supereffective|p1a: Slowking
|-enditem|p1a: Slowking|Colbur Berry|[eat]
|-enditem|p1a: Slowking|Colbur Berry|[weaken]
|-damage|p1a: Slowking|0 fnt
|faint|p1a: Slowking
|
|-weather|Snowscape|[upkeep]
|upkeep
|
|t:|1776261207
|switch|p1a: Lokix|Lokix, M, tera:Bug|51/100
|-damage|p1a: Lokix|26/100|[from] Stealth Rock
|turn|28
|
|t:|1776261218
|move|p1a: Lokix|First Impression|p2a: Kingambit
|-damage|p2a: Kingambit|0 fnt
|faint|p2a: Kingambit
|-end|p2a: Kingambit|fallen5|[silent]
|
|win|shady523
|raw|shady523's rating: 1155 &rarr; <strong>1181</strong><br />(+26 for winning)
|raw|RocketPadGamer's rating: 1175 &rarr; <strong>1149</strong><br />(-26 for losing)
|l|☆RocketPadGamer
|player|p2|
