|html|<div class="broadcast-blue"><strong>[Gen 9] OU is currently suspecting Tera Blast! For information on how to participate check out the <a href="https://www.smogon.com/tools/suspects/view/200">suspect thread</a>.</strong></div>
|j|☆Fepiar
|j|☆jefflipon
|t:|1776312369
|gametype|singles
|player|p1|Fepiar|depotagent|1026
|player|p2|jefflipon|policeman|1045
|gen|9
|tier|[Gen 9] OU
|rated|
|rule|HP Percentage Mod: HP is shown in percentages
|rule|Endless Battle Clause: Forcing endless battles is banned
|rule|Species Clause: Limit one of each Pokémon
|rule|OHKO Clause: OHKO moves are banned
|rule|Evasion Items Clause: Evasion items are banned
|rule|Evasion Moves Clause: Evasion moves are banned
|rule|Evasion Abilities Clause: Evasion abilities are banned
|rule|Sleep Moves Clause: Sleep-inducing moves are banned
|clearpoke
|poke|p1|Pecharunt|
|poke|p1|Iron Crown|
|poke|p1|Great Tusk|
|poke|p1|Zapdos|
|poke|p1|Dragapult, M|
|poke|p1|Lokix, M|
|poke|p2|Kyurem|
|poke|p2|Corviknight, F|
|poke|p2|Ting-Lu|
|poke|p2|Dondozo, F|
|poke|p2|Slowking-Galar, M|
|poke|p2|Cinderace, F|
|teampreview
|inactive|Battle timer is ON: inactive players will automatically lose when time's up. (requested by jefflipon)
|
|t:|1776312379
|teamsize|p1|6
|teamsize|p2|6
|start
|switch|p1a: phys|Pecharunt|100/100
|switch|p2a: Kyurem|Kyurem|100/100
|-ability|p2a: Kyurem|Pressure
|turn|1
|
|t:|1776312391
|move|p2a: Kyurem|Substitute|p2a: Kyurem
|-start|p2a: Kyurem|Substitute
|-damage|p2a: Kyurem|75/100
|move|p1a: phys|Malignant Chain|p2a: Kyurem
|-end|p2a: Kyurem|Substitute
|
|-heal|p2a: Kyurem|82/100|[from] item: Leftovers
|upkeep
|turn|2
|
|t:|1776312399
|move|p2a: Kyurem|Protect|p2a: Kyurem
|-singleturn|p2a: Kyurem|Protect
|move|p1a: phys|Shadow Ball|p2a: Kyurem
|-activate|p2a: Kyurem|move: Protect
|
|-heal|p2a: Kyurem|88/100|[from] item: Leftovers
|upkeep
|turn|3
|
|t:|1776312406
|move|p2a: Kyurem|Earth Power|p1a: phys
|-supereffective|p1a: phys
|-damage|p1a: phys|45/100
|move|p1a: phys|Shadow Ball|p2a: Kyurem
|-damage|p2a: Kyurem|65/100
|-unboost|p2a: Kyurem|spd|1
|
|-heal|p2a: Kyurem|71/100|[from] item: Leftovers
|upkeep
|turn|4
|
|t:|1776312438
|switch|p1a: Specs|Zapdos|100/100
|move|p2a: Kyurem|Freeze-Dry|p1a: Specs
|-supereffective|p1a: Specs
|-damage|p1a: Specs|54/100
|
|-heal|p2a: Kyurem|77/100|[from] item: Leftovers
|upkeep
|turn|5
|
|t:|1776312449
|move|p2a: Kyurem|Protect|p2a: Kyurem
|-singleturn|p2a: Kyurem|Protect
|move|p1a: Specs|Thunder Wave|p2a: Kyurem
|-activate|p2a: Kyurem|move: Protect
|
|-heal|p2a: Kyurem|83/100|[from] item: Leftovers
|upkeep
|turn|6
|
|t:|1776312463
|move|p2a: Kyurem|Freeze-Dry|p1a: Specs
|-supereffective|p1a: Specs
|-damage|p1a: Specs|8/100
|move|p1a: Specs|Thunder Wave|p2a: Kyurem
|-status|p2a: Kyurem|par
|
|-heal|p2a: Kyurem|90/100 par|[from] item: Leftovers
|upkeep
|turn|7
|inactive|jefflipon has 120 seconds left.
|
|t:|1776312483
|move|p1a: Specs|Roost|p1a: Specs
|-heal|p1a: Specs|58/100
|-singleturn|p1a: Specs|move: Roost
|move|p2a: Kyurem|Substitute|p2a: Kyurem
|-start|p2a: Kyurem|Substitute
|-damage|p2a: Kyurem|65/100 par
|
|-heal|p2a: Kyurem|71/100 par|[from] item: Leftovers
|upkeep
|turn|8
|
|t:|1776312493
|move|p1a: Specs|Volt Switch|p2a: Kyurem
|-resisted|p2a: Kyurem
|-activate|p2a: Kyurem|move: Substitute|[damage]
|
|t:|1776312501
|switch|p1a: some guy|Iron Crown|100/100|[from] Volt Switch
|move|p2a: Kyurem|Freeze-Dry|p1a: some guy
|-resisted|p1a: some guy
|-damage|p1a: some guy|88/100
|
|-heal|p2a: Kyurem|77/100 par|[from] item: Leftovers
|upkeep
|turn|9
|
|t:|1776312520
|move|p2a: Kyurem|Protect|p2a: Kyurem
|-singleturn|p2a: Kyurem|Protect
|move|p1a: some guy|Tachyon Cutter|p2a: Kyurem
|-activate|p2a: Kyurem|move: Protect
|
|-heal|p2a: Kyurem|83/100 par|[from] item: Leftovers
|upkeep
|turn|10
|
|t:|1776312530
|move|p1a: some guy|Tachyon Cutter|p2a: Kyurem
|-supereffective|p2a: Kyurem
|-end|p2a: Kyurem|Substitute
|-supereffective|p2a: Kyurem
|-damage|p2a: Kyurem|16/100 par
|-hitcount|p2a: Kyurem|2
|cant|p2a: Kyurem|par
|
|-heal|p2a: Kyurem|22/100 par|[from] item: Leftovers
|upkeep
|turn|11
|
|t:|1776312542
|switch|p2a: Dondozo|Dondozo, F|100/100
|move|p1a: some guy|Psychic Noise|p2a: Dondozo
|-damage|p2a: Dondozo|77/100
|-start|p2a: Dondozo|move: Heal Block
|
|upkeep
|turn|12
|
|t:|1776312556
|move|p1a: some guy|Volt Switch|p2a: Dondozo
|-supereffective|p2a: Dondozo
|-damage|p2a: Dondozo|49/100
|
|t:|1776312562
|-end|p1a: some guy|Quark Drive|[silent]
|switch|p1a: SpAtk Helicopter|Dragapult, M|100/100|[from] Volt Switch
|move|p2a: Dondozo|Curse|p2a: Dondozo
|-unboost|p2a: Dondozo|spe|1
|-boost|p2a: Dondozo|atk|1
|-boost|p2a: Dondozo|def|1
|
|-end|p2a: Dondozo|move: Heal Block
|upkeep
|turn|13
|
|t:|1776312585
|move|p1a: SpAtk Helicopter|Draco Meteor|p2a: Dondozo
|-damage|p2a: Dondozo|0 fnt
|-unboost|p1a: SpAtk Helicopter|spa|2
|faint|p2a: Dondozo
|
|upkeep
|
|t:|1776312595
|switch|p2a: Slowking|Slowking-Galar, M|100/100
|turn|14
|
|t:|1776312603
|switch|p1a: Specs|Zapdos|58/100
|move|p2a: Slowking|Future Sight|p1a: Specs
|-start|p2a: Slowking|move: Future Sight
|
|upkeep
|turn|15
|
|t:|1776312609
|move|p1a: Specs|Roost|p1a: Specs
|-heal|p1a: Specs|100/100
|-singleturn|p1a: Specs|move: Roost
|move|p2a: Slowking|Ice Beam|p1a: Specs
|-damage|p1a: Specs|86/100
|-status|p1a: Specs|frz
|
|upkeep
|turn|16
|
|t:|1776312624
|-curestatus|p1a: Specs|frz|[msg]
|move|p1a: Specs|Volt Switch|p2a: Slowking
|-damage|p2a: Slowking|75/100
|
|t:|1776312629
|switch|p1a: some guy|Iron Crown|88/100|[from] Volt Switch
|move|p2a: Slowking|Ice Beam|p1a: some guy
|-resisted|p1a: some guy
|-damage|p1a: some guy|80/100
|
|-end|p1a: some guy|move: Future Sight
|-resisted|p1a: some guy
|-damage|p1a: some guy|72/100
|upkeep
|turn|17
|
|t:|1776312660
|move|p1a: some guy|Volt Switch|p2a: Slowking
|-damage|p2a: Slowking|57/100
|
|t:|1776312664
|-end|p1a: some guy|Quark Drive|[silent]
|switch|p1a: Specs|Zapdos|86/100|[from] Volt Switch
|-prepare|p2a: Slowking|Chilly Reception|[premajor]
|move|p2a: Slowking|Chilly Reception|p2a: Slowking
|-weather|Snowscape
|inactive|jefflipon has 120 seconds left.
|
|t:|1776312681
|switch|p2a: Cinderace|Cinderace, F|100/100|[from] Chilly Reception
|
|-weather|Snowscape|[upkeep]
|upkeep
|turn|18
|inactive|jefflipon has 120 seconds left.
|
|t:|1776312693
|move|p2a: Cinderace|Will-O-Wisp|p1a: Specs
|-status|p1a: Specs|brn
|move|p1a: Specs|Thunder Wave|p2a: Cinderace|[miss]
|-miss|p1a: Specs|p2a: Cinderace
|
|-weather|Snowscape|[upkeep]
|-damage|p1a: Specs|80/100 brn|[from] brn
|upkeep
|turn|19
|
|t:|1776312702
|move|p2a: Cinderace|Pyro Ball|p1a: Specs
|-damage|p1a: Specs|35/100 brn
|move|p1a: Specs|Thunder Wave|p2a: Cinderace
|-status|p2a: Cinderace|par
|
|-weather|Snowscape|[upkeep]
|-damage|p1a: Specs|29/100 brn|[from] brn
|upkeep
|turn|20
|
|t:|1776312722
|move|p1a: Specs|Roost|p1a: Specs
|-heal|p1a: Specs|79/100 brn
|-singleturn|p1a: Specs|move: Roost
|cant|p2a: Cinderace|par
|
|-weather|Snowscape|[upkeep]
|-damage|p1a: Specs|73/100 brn|[from] brn
|upkeep
|turn|21
|inactive|jefflipon has 120 seconds left.
|
|t:|1776312740
|switch|p2a: Slowking|Slowking-Galar, M|90/100
|move|p1a: Specs|Volt Switch|p2a: Slowking
|-damage|p2a: Slowking|65/100
|
|t:|1776312745
|switch|p1a: some guy|Iron Crown|72/100|[from] Volt Switch
|
|-weather|none
|upkeep
|turn|22
|inactive|jefflipon has 120 seconds left.
|
|t:|1776312779
|switch|p2a: Ting-Lu|Ting-Lu|100/100
|-ability|p2a: Ting-Lu|Vessel of Ruin
|move|p1a: some guy|Psychic Noise|p2a: Ting-Lu
|-immune|p2a: Ting-Lu
|
|upkeep
|turn|23
|
|t:|1776312795
|-terastallize|p1a: some guy|Dragon
|move|p1a: some guy|Focus Blast|p2a: Ting-Lu
|-supereffective|p2a: Ting-Lu
|-damage|p2a: Ting-Lu|68/100
|-unboost|p2a: Ting-Lu|spd|1
|move|p2a: Ting-Lu|Earthquake|p1a: some guy
|-damage|p1a: some guy|31/100
|
|-heal|p2a: Ting-Lu|74/100|[from] item: Leftovers
|upkeep
|turn|24
|
|t:|1776312810
|-end|p1a: some guy|Quark Drive|[silent]
|switch|p1a: Specs|Zapdos|73/100 brn
|move|p2a: Ting-Lu|Payback|p1a: Specs
|-damage|p1a: Specs|53/100 brn
|
|-heal|p2a: Ting-Lu|80/100|[from] item: Leftovers
|-damage|p1a: Specs|47/100 brn|[from] brn
|upkeep
|turn|25
|
|t:|1776312822
|move|p1a: Specs|Roost|p1a: Specs
|-heal|p1a: Specs|97/100 brn
|-singleturn|p1a: Specs|move: Roost
|move|p2a: Ting-Lu|Payback|p1a: Specs
|-damage|p1a: Specs|58/100 brn
|
|-heal|p2a: Ting-Lu|86/100|[from] item: Leftovers
|-damage|p1a: Specs|52/100 brn|[from] brn
|upkeep
|turn|26
|inactive|jefflipon has 90 seconds left.
|
|t:|1776312845
|move|p1a: Specs|Hurricane|p2a: Ting-Lu|[miss]
|-miss|p1a: Specs|p2a: Ting-Lu
|move|p2a: Ting-Lu|Payback|p1a: Specs
|-damage|p1a: Specs|14/100 brn
|
|-heal|p2a: Ting-Lu|93/100|[from] item: Leftovers
|-damage|p1a: Specs|8/100 brn|[from] brn
|upkeep
|turn|27
|
|t:|1776312855
|move|p1a: Specs|Roost|p1a: Specs
|-heal|p1a: Specs|58/100 brn
|-singleturn|p1a: Specs|move: Roost
|move|p2a: Ting-Lu|Payback|p1a: Specs
|-damage|p1a: Specs|17/100 brn
|
|-heal|p2a: Ting-Lu|99/100|[from] item: Leftovers
|-damage|p1a: Specs|11/100 brn|[from] brn
|upkeep
|turn|28
|
|t:|1776312874
|move|p1a: Specs|Hurricane|p2a: Ting-Lu
|-damage|p2a: Ting-Lu|72/100
|-start|p2a: Ting-Lu|confusion
|-activate|p2a: Ting-Lu|confusion
|move|p2a: Ting-Lu|Payback|p1a: Specs
|-damage|p1a: Specs|0 fnt
|-status|p2a: Ting-Lu|par|[from] ability: Static|[of] p1a: Specs
|faint|p1a: Specs
|
|-heal|p2a: Ting-Lu|78/100 par|[from] item: Leftovers
|upkeep
|
|t:|1776312886
|switch|p1a: phys|Pecharunt|45/100
|turn|29
|
|t:|1776312893
|move|p1a: phys|Recover|p1a: phys
|-heal|p1a: phys|95/100
|-activate|p2a: Ting-Lu|confusion
|move|p2a: Ting-Lu|Earthquake|p1a: phys
|-supereffective|p1a: phys
|-damage|p1a: phys|62/100
|
|-heal|p2a: Ting-Lu|84/100 par|[from] item: Leftovers
|upkeep
|turn|30
|inactive|jefflipon has 120 seconds left.
|
|t:|1776312902
|move|p1a: phys|Parting Shot|p2a: Ting-Lu
|-unboost|p2a: Ting-Lu|atk|1
|-unboost|p2a: Ting-Lu|spa|1
|
|t:|1776312906
|switch|p1a: big guy|Great Tusk|100/100|[from] Parting Shot
|-activate|p2a: Ting-Lu|confusion
|-damage|p2a: Ting-Lu|80/100 par|[from] confusion
|
|-heal|p2a: Ting-Lu|86/100 par|[from] item: Leftovers
|upkeep
|turn|31
|
|t:|1776312916
|move|p1a: big guy|Body Press|p2a: Ting-Lu
|-supereffective|p2a: Ting-Lu
|-damage|p2a: Ting-Lu|32/100 par
|-end|p2a: Ting-Lu|confusion
|move|p2a: Ting-Lu|Earthquake|p1a: big guy
|-damage|p1a: big guy|89/100
|
|-heal|p1a: big guy|95/100|[from] item: Leftovers
|-heal|p2a: Ting-Lu|38/100 par|[from] item: Leftovers
|upkeep
|turn|32
|
|t:|1776312938
|move|p1a: big guy|Knock Off|p2a: Ting-Lu
|-resisted|p2a: Ting-Lu
|-damage|p2a: Ting-Lu|30/100 par
|-enditem|p2a: Ting-Lu|Leftovers|[from] move: Knock Off|[of] p1a: big guy
|move|p2a: Ting-Lu|Rest|p2a: Ting-Lu
|-status|p2a: Ting-Lu|slp|[from] move: Rest
|-heal|p2a: Ting-Lu|100/100 slp|[silent]
|
|-heal|p1a: big guy|100/100|[from] item: Leftovers
|upkeep
|turn|33
|inactive|jefflipon has 120 seconds left.
|
|t:|1776312964
|move|p1a: big guy|Body Press|p2a: Ting-Lu
|-supereffective|p2a: Ting-Lu
|-damage|p2a: Ting-Lu|52/100 slp
|cant|p2a: Ting-Lu|slp
|move|p2a: Ting-Lu|Sleep Talk|p2a: Ting-Lu
|move|p2a: Ting-Lu|Earthquake|p1a: big guy|[from] move: Sleep Talk
|-damage|p1a: big guy|89/100
|
|-heal|p1a: big guy|96/100|[from] item: Leftovers
|upkeep
|turn|34
|inactive|jefflipon has 120 seconds left.
|
|t:|1776312978
|switch|p2a: Slowking|Slowking-Galar, M|99/100
|move|p1a: big guy|Body Press|p2a: Slowking
|-resisted|p2a: Slowking
|-damage|p2a: Slowking|91/100
|
|-heal|p1a: big guy|100/100|[from] item: Leftovers
|upkeep
|turn|35
|
|t:|1776312987
|move|p1a: big guy|Knock Off|p2a: Slowking
|-supereffective|p2a: Slowking
|-damage|p2a: Slowking|52/100
|-enditem|p2a: Slowking|Shuca Berry|[from] move: Knock Off|[of] p1a: big guy
|move|p2a: Slowking|Future Sight|p1a: big guy
|-start|p2a: Slowking|move: Future Sight
|
|upkeep
|turn|36
|
|t:|1776312999
|move|p1a: big guy|Earthquake|p2a: Slowking
|-supereffective|p2a: Slowking
|-damage|p2a: Slowking|0 fnt
|faint|p2a: Slowking
|
|upkeep
|inactive|jefflipon has 120 seconds left.
|
|t:|1776313014
|switch|p2a: Kyurem|Kyurem|22/100 par
|-ability|p2a: Kyurem|Pressure
|turn|37
|
|t:|1776313024
|-end|p1a: big guy|Protosynthesis|[silent]
|switch|p1a: some guy|Iron Crown, tera:Dragon|31/100
|move|p2a: Kyurem|Freeze-Dry|p1a: some guy
|-supereffective|p1a: some guy
|-damage|p1a: some guy|0 fnt
|faint|p1a: some guy
|-end|p1a: some guy|Quark Drive|[silent]
|
|-hint|Future Sight did not hit because the target is fainted.
|-heal|p2a: Kyurem|28/100 par|[from] item: Leftovers
|upkeep
|
|t:|1776313042
|switch|p1a: Guy|Lokix, M|100/100
|turn|38
|
|t:|1776313064
|move|p1a: Guy|First Impression|p2a: Kyurem
|-damage|p2a: Kyurem|0 fnt
|faint|p2a: Kyurem
|
|upkeep
|
|t:|1776313068
|switch|p2a: Corviknight|Corviknight, F|100/100
|-ability|p2a: Corviknight|Pressure
|turn|39
|
|t:|1776313077
|switch|p1a: phys|Pecharunt|62/100
|move|p2a: Corviknight|Brave Bird|p1a: phys
|-damage|p1a: phys|45/100
|-damage|p2a: Corviknight|95/100|[from] Recoil
|
|upkeep
|turn|40
|
|t:|1776313099
|move|p1a: phys|Recover|p1a: phys
|-heal|p1a: phys|95/100
|move|p2a: Corviknight|Brave Bird|p1a: phys
|-damage|p1a: phys|78/100
|-damage|p2a: Corviknight|90/100|[from] Recoil
|
|upkeep
|turn|41
|inactive|jefflipon has 120 seconds left.
|
|t:|1776313139
|switch|p2a: Cinderace|Cinderace, F|100/100 par
|move|p1a: phys|Parting Shot|p2a: Cinderace
|-unboost|p2a: Cinderace|atk|1
|-unboost|p2a: Cinderace|spa|1
|
|t:|1776313152
|switch|p1a: big guy|Great Tusk|100/100|[from] Parting Shot
|
|upkeep
|turn|42
|inactive|jefflipon has 120 seconds left.
|
|t:|1776313179
|move|p1a: big guy|Body Press|p2a: Cinderace
|-damage|p2a: Cinderace|41/100 par
|cant|p2a: Cinderace|par
|
|upkeep
|turn|43
|-message|jefflipon forfeited.
|
|win|Fepiar
|raw|Fepiar's rating: 1026 &rarr; <strong>1064</strong><br />(+38 for winning)
|raw|jefflipon's rating: 1045 &rarr; <strong>1027</strong><br />(-18 for losing)
|l|☆jefflipon
|player|p2|
|c|☆Fepiar|gg
