|html|<div class="broadcast-blue"><strong>[Gen 9] OU is currently suspecting Tera Blast! For information on how to participate check out the <a href="https://www.smogon.com/tools/suspects/view/200">suspect thread</a>.</strong></div>
|j|☆skelxton
|j|☆Draydin
|t:|1776342831
|gametype|singles
|player|p1|skelxton|ghetsis-gen5bw|1066
|player|p2|Draydin|dahlia|1118
|gen|9
|tier|[Gen 9] OU
|rated|
|rule|HP Percentage Mod: HP is shown in percentages
|rule|Endless Battle Clause: Forcing endless battles is banned
|rule|Species Clause: Limit one of each Pokémon
|rule|OHKO Clause: OHKO moves are banned
|rule|Evasion Items Clause: Evasion items are banned
|rule|Evasion Moves Clause: Evasion moves are banned
|rule|Evasion Abilities Clause: Evasion abilities are banned
|rule|Sleep Moves Clause: Sleep-inducing moves are banned
|clearpoke
|poke|p1|Meowscarada, F|
|poke|p1|Sableye, M|
|poke|p1|Cloyster, M|
|poke|p1|Altaria, M|
|poke|p1|Ceruledge, M|
|poke|p1|Zamazenta-*|
|poke|p2|Golurk|
|poke|p2|Moltres-Galar|
|poke|p2|Florges-White, F|
|poke|p2|Galvantula, F|
|poke|p2|Alomomola, F|
|poke|p2|Mienshao, M|
|teampreview
|c|☆skelxton|GL :)
|
|t:|1776342854
|teamsize|p1|6
|teamsize|p2|6
|start
|switch|p1a: Meowdini|Meowscarada, F, shiny|100/100
|switch|p2a: Moltres|Moltres-Galar, shiny|100/100
|turn|1
|
|t:|1776342862
|move|p2a: Moltres|Air Slash|p1a: Meowdini
|-supereffective|p1a: Meowdini
|-damage|p1a: Meowdini|4/100
|cant|p1a: Meowdini|flinch
|
|upkeep
|turn|2
|c|☆Draydin|U2
|
|t:|1776342874
|move|p2a: Moltres|Air Slash|p1a: Meowdini
|-supereffective|p1a: Meowdini
|-damage|p1a: Meowdini|0 fnt
|faint|p1a: Meowdini
|
|upkeep
|
|t:|1776342889
|switch|p1a: Vape Chicken|Altaria, M|100/100
|turn|3
|
|t:|1776342896
|move|p2a: Moltres|Air Slash|p1a: Vape Chicken
|-damage|p1a: Vape Chicken|60/100
|move|p1a: Vape Chicken|Draco Meteor|p2a: Moltres
|-damage|p2a: Moltres|51/100
|-unboost|p1a: Vape Chicken|spa|2
|
|upkeep
|turn|4
|c|☆skelxton|I'm already cooked
|
|t:|1776342906
|move|p2a: Moltres|Air Slash|p1a: Vape Chicken
|-damage|p1a: Vape Chicken|17/100
|move|p1a: Vape Chicken|Dragon Claw|p2a: Moltres
|-damage|p2a: Moltres|10/100
|-ability|p2a: Moltres|Berserk|boost
|-boost|p2a: Moltres|spa|1
|
|upkeep
|turn|5
|
|t:|1776342916
|move|p2a: Moltres|Air Slash|p1a: Vape Chicken
|-damage|p1a: Vape Chicken|0 fnt
|faint|p1a: Vape Chicken
|
|upkeep
|
|t:|1776342928
|switch|p1a: Soul Eater|Ceruledge, M|100/100
|turn|6
|
|t:|1776342940
|move|p2a: Moltres|Air Slash|p1a: Soul Eater
|-crit|p1a: Soul Eater
|-damage|p1a: Soul Eater|0 fnt
|faint|p1a: Soul Eater
|
|upkeep
|c|☆Draydin|Oh
|
|t:|1776342949
|switch|p1a: Momo|Zamazenta|100/100
|-ability|p1a: Momo|Dauntless Shield|boost
|-boost|p1a: Momo|def|1
|turn|7
|c|☆skelxton|ay gg
|c|☆Draydin|Well that unfortunate
|
|t:|1776342964
|move|p2a: Moltres|Air Slash|p1a: Momo
|-supereffective|p1a: Momo
|-damage|p1a: Momo|35/100
|move|p1a: Momo|Close Combat|p2a: Moltres
|-damage|p2a: Moltres|0 fnt
|-unboost|p1a: Momo|def|1
|-unboost|p1a: Momo|spd|1
|faint|p2a: Moltres
|
|upkeep
|
|t:|1776342977
|switch|p2a: Alomomola|Alomomola, F|100/100
|turn|8
|
|t:|1776342987
|move|p1a: Momo|Focus Blast|p2a: Alomomola|[miss]
|-miss|p1a: Momo|p2a: Alomomola
|move|p2a: Alomomola|Whirlpool|p1a: Momo
|-damage|p1a: Momo|30/100
|-activate|p1a: Momo|move: Whirlpool|[of] p2a: Alomomola
|
|-damage|p1a: Momo|18/100|[from] move: Whirlpool|[partiallytrapped]
|upkeep
|turn|9
|
|t:|1776343023
|move|p1a: Momo|Crunch|p2a: Alomomola
|-damage|p2a: Alomomola|86/100
|move|p2a: Alomomola|Scald|p1a: Momo
|-damage|p1a: Momo|6/100
|-status|p1a: Momo|brn
|
|-heal|p2a: Alomomola|92/100|[from] item: Leftovers
|-damage|p1a: Momo|0 fnt|[from] brn
|faint|p1a: Momo
|upkeep
|
|t:|1776343033
|switch|p1a: Clamchowder|Cloyster, M|100/100
|turn|10
|
|t:|1776343086
|move|p1a: Clamchowder|Ice Beam|p2a: Alomomola
|-resisted|p2a: Alomomola
|-damage|p2a: Alomomola|75/100
|move|p2a: Alomomola|Whirlpool|p1a: Clamchowder
|-resisted|p1a: Clamchowder
|-damage|p1a: Clamchowder|95/100
|-activate|p1a: Clamchowder|move: Whirlpool|[of] p2a: Alomomola
|
|-heal|p2a: Alomomola|81/100|[from] item: Leftovers
|-damage|p1a: Clamchowder|83/100|[from] move: Whirlpool|[partiallytrapped]
|upkeep
|turn|11
|
|t:|1776343096
|move|p1a: Clamchowder|Ice Spinner|p2a: Alomomola
|-resisted|p2a: Alomomola
|-damage|p2a: Alomomola|74/100
|move|p2a: Alomomola|Scald|p1a: Clamchowder
|-resisted|p1a: Clamchowder
|-damage|p1a: Clamchowder|73/100
|
|-heal|p2a: Alomomola|80/100|[from] item: Leftovers
|-damage|p1a: Clamchowder|60/100|[from] move: Whirlpool|[partiallytrapped]
|upkeep
|turn|12
|
|t:|1776343107
|move|p1a: Clamchowder|Shell Smash|p1a: Clamchowder
|-unboost|p1a: Clamchowder|def|1
|-unboost|p1a: Clamchowder|spd|1
|-boost|p1a: Clamchowder|atk|2
|-boost|p1a: Clamchowder|spa|2
|-boost|p1a: Clamchowder|spe|2
|move|p2a: Alomomola|Scald|p1a: Clamchowder
|-resisted|p1a: Clamchowder
|-damage|p1a: Clamchowder|45/100
|
|-heal|p2a: Alomomola|87/100|[from] item: Leftovers
|-damage|p1a: Clamchowder|33/100|[from] move: Whirlpool|[partiallytrapped]
|upkeep
|turn|13
|
|t:|1776343123
|move|p1a: Clamchowder|Ice Beam|p2a: Alomomola
|-resisted|p2a: Alomomola
|-damage|p2a: Alomomola|52/100
|move|p2a: Alomomola|Wish|p2a: Alomomola
|
|-heal|p2a: Alomomola|58/100|[from] item: Leftovers
|-damage|p1a: Clamchowder|20/100|[from] move: Whirlpool|[partiallytrapped]
|upkeep
|turn|14
|
|t:|1776343144
|move|p1a: Clamchowder|Ice Beam|p2a: Alomomola
|-resisted|p2a: Alomomola
|-damage|p2a: Alomomola|27/100
|move|p2a: Alomomola|Scald|p1a: Clamchowder
|-resisted|p1a: Clamchowder
|-damage|p1a: Clamchowder|4/100
|
|-heal|p2a: Alomomola|77/100|[from] move: Wish|[wisher] Alomomola
|-heal|p2a: Alomomola|83/100|[from] item: Leftovers
|-damage|p1a: Clamchowder|0 fnt|[from] move: Whirlpool|[partiallytrapped]
|faint|p1a: Clamchowder
|upkeep
|
|t:|1776343155
|switch|p1a: J3W$|Sableye, M|100/100
|turn|15
|
|t:|1776343160
|move|p2a: Alomomola|Whirlpool|p1a: J3W$
|-damage|p1a: J3W$|92/100
|-activate|p1a: J3W$|move: Whirlpool|[of] p2a: Alomomola
|move|p1a: J3W$|Nasty Plot|p1a: J3W$
|-boost|p1a: J3W$|spa|2
|
|-heal|p2a: Alomomola|89/100|[from] item: Leftovers
|-heal|p1a: J3W$|98/100|[from] item: Leftovers
|-damage|p1a: J3W$|86/100|[from] move: Whirlpool|[partiallytrapped]
|upkeep
|turn|16
|
|t:|1776343170
|move|p2a: Alomomola|Wish|p2a: Alomomola
|move|p1a: J3W$|Nasty Plot|p1a: J3W$
|-boost|p1a: J3W$|spa|2
|
|-heal|p2a: Alomomola|95/100|[from] item: Leftovers
|-heal|p1a: J3W$|92/100|[from] item: Leftovers
|-damage|p1a: J3W$|79/100|[from] move: Whirlpool|[partiallytrapped]
|upkeep
|turn|17
|
|t:|1776343177
|move|p2a: Alomomola|Scald|p1a: J3W$
|-damage|p1a: J3W$|58/100
|move|p1a: J3W$|Nasty Plot|p1a: J3W$
|-boost|p1a: J3W$|spa|2
|
|-heal|p2a: Alomomola|100/100|[from] move: Wish|[wisher] Alomomola
|-heal|p1a: J3W$|64/100|[from] item: Leftovers
|-damage|p1a: J3W$|52/100|[from] move: Whirlpool|[partiallytrapped]
|upkeep
|turn|18
|
|t:|1776343187
|move|p2a: Alomomola|Scald|p1a: J3W$
|-damage|p1a: J3W$|32/100
|move|p1a: J3W$|Giga Drain|p2a: Alomomola
|-supereffective|p2a: Alomomola
|-damage|p2a: Alomomola|0 fnt
|-heal|p1a: J3W$|100/100|[from] drain|[of] p2a: Alomomola
|faint|p2a: Alomomola
|
|-end|p1a: J3W$|Whirlpool|[partiallytrapped]|[silent]
|upkeep
|n|!skelxton|skelxton
|
|t:|1776343214
|switch|p2a: Florges|Florges-White, F, shiny|100/100
|turn|19
|
|t:|1776343233
|move|p2a: Florges|Draining Kiss|p1a: J3W$
|-supereffective|p1a: J3W$
|-damage|p1a: J3W$|46/100
|move|p1a: J3W$|Shadow Ball|p2a: Florges
|-crit|p2a: Florges
|-damage|p2a: Florges|40/100
|
|-heal|p2a: Florges|47/100|[from] item: Leftovers
|-heal|p1a: J3W$|52/100|[from] item: Leftovers
|upkeep
|turn|20
|
|t:|1776343246
|move|p2a: Florges|Draining Kiss|p1a: J3W$
|-supereffective|p1a: J3W$
|-damage|p1a: J3W$|0 fnt
|-heal|p2a: Florges|72/100|[from] drain|[of] p1a: J3W$
|faint|p1a: J3W$
|
|win|Draydin
