|html|<div class="broadcast-blue"><strong>[Gen 9] OU is currently suspecting Tera Blast! For information on how to participate check out the <a href="https://www.smogon.com/tools/suspects/view/200">suspect thread</a>.</strong></div>
|j|☆Zamukerz
|j|☆magistermilitum420
|t:|1776127334
|gametype|singles
|player|p1|Zamukerz|lance|1238
|player|p2|magistermilitum420|blue|1293
|gen|9
|tier|[Gen 9] OU
|rated|
|rule|HP Percentage Mod: HP is shown in percentages
|rule|Endless Battle Clause: Forcing endless battles is banned
|rule|Species Clause: Limit one of each Pokémon
|rule|OHKO Clause: OHKO moves are banned
|rule|Evasion Items Clause: Evasion items are banned
|rule|Evasion Moves Clause: Evasion moves are banned
|rule|Evasion Abilities Clause: Evasion abilities are banned
|rule|Sleep Moves Clause: Sleep-inducing moves are banned
|clearpoke
|poke|p1|Dragonite, M|
|poke|p1|Gholdengo|
|poke|p1|Great Tusk|
|poke|p1|Iron Valiant|
|poke|p1|Heatran, M|
|poke|p1|Ogerpon-Wellspring, F|
|poke|p2|Meowscarada, F|
|poke|p2|Great Tusk|
|poke|p2|Alomomola, F|
|poke|p2|Slowking-Galar, F|
|poke|p2|Dragonite, M|
|poke|p2|Heatran, F|
|teampreview
|
|t:|1776127365
|teamsize|p1|6
|teamsize|p2|6
|start
|switch|p1a: Ogerpon|Ogerpon-Wellspring, F|100/100
|switch|p2a: Mahad|Meowscarada, F, shiny|100/100
|turn|1
|
|t:|1776127375
|switch|p1a: Heatran|Heatran, M|100/100
|-item|p1a: Heatran|Air Balloon
|move|p2a: Mahad|U-turn|p1a: Heatran
|-start|p2a: Mahad|typechange|Bug|[from] ability: Protean
|-resisted|p1a: Heatran
|-damage|p1a: Heatran|94/100
|-enditem|p1a: Heatran|Air Balloon
|
|t:|1776127389
|switch|p2a: Charybdis|Alomomola, F, shiny|100/100|[from] U-turn
|
|upkeep
|turn|2
|
|t:|1776127395
|move|p1a: Heatran|Stealth Rock|p2a: Charybdis
|-sidestart|p2: magistermilitum420|move: Stealth Rock
|move|p2a: Charybdis|Scald|p1a: Heatran
|-supereffective|p1a: Heatran
|-damage|p1a: Heatran|77/100
|
|upkeep
|turn|3
|
|t:|1776127412
|switch|p1a: Ogerpon|Ogerpon-Wellspring, F|100/100
|switch|p2a: Barca|Great Tusk|100/100
|
|upkeep
|turn|4
|inactive|Battle timer is ON: inactive players will automatically lose when time's up. (requested by Zamukerz)
|inactive|magistermilitum420 has 120 seconds left.
|
|t:|1776127524
|move|p1a: Ogerpon|Power Whip|p2a: Barca|[miss]
|-miss|p1a: Ogerpon|p2a: Barca
|move|p2a: Barca|Rapid Spin|p1a: Ogerpon
|-damage|p1a: Ogerpon|78/100
|-boost|p2a: Barca|spe|1
|-sideend|p2: magistermilitum420|Stealth Rock|[from] move: Rapid Spin|[of] p2a: Barca
|
|upkeep
|turn|5
|
|t:|1776127533
|move|p2a: Barca|Stealth Rock|p1a: Ogerpon
|-sidestart|p1: Zamukerz|move: Stealth Rock
|move|p1a: Ogerpon|Power Whip|p2a: Barca
|-supereffective|p2a: Barca
|-damage|p2a: Barca|0 fnt
|faint|p2a: Barca
|-end|p2a: Barca|Protosynthesis|[silent]
|
|upkeep
|
|t:|1776127545
|switch|p2a: Mahad|Meowscarada, F, shiny|100/100
|turn|6
|
|t:|1776127556
|switch|p1a: Heatran|Heatran, M|77/100
|-damage|p1a: Heatran|64/100|[from] Stealth Rock
|move|p2a: Mahad|U-turn|p1a: Heatran
|-start|p2a: Mahad|typechange|Bug|[from] ability: Protean
|-resisted|p1a: Heatran
|-damage|p1a: Heatran|58/100
|
|t:|1776127575
|switch|p2a: Mithridates|Slowking-Galar, F|100/100|[from] U-turn
|
|upkeep
|turn|7
|
|t:|1776127598
|move|p1a: Heatran|Taunt|p2a: Mithridates
|-start|p2a: Mithridates|move: Taunt
|move|p2a: Mithridates|Surf|p1a: Heatran
|-supereffective|p1a: Heatran
|-damage|p1a: Heatran|24/100
|
|upkeep
|turn|8
|inactive|Zamukerz has 120 seconds left.
|
|t:|1776127628
|move|p1a: Heatran|Stealth Rock|p2a: Mithridates
|-sidestart|p2: magistermilitum420|move: Stealth Rock
|move|p2a: Mithridates|Future Sight|p1a: Heatran
|-start|p2a: Mithridates|move: Future Sight
|
|upkeep
|turn|9
|
|t:|1776127637
|move|p1a: Heatran|Earth Power|p2a: Mithridates
|-supereffective|p2a: Mithridates
|-damage|p2a: Mithridates|76/100
|move|p2a: Mithridates|Surf|p1a: Heatran
|-supereffective|p1a: Heatran
|-damage|p1a: Heatran|0 fnt
|faint|p1a: Heatran
|
|-end|p2a: Mithridates|move: Taunt
|upkeep
|inactive|Zamukerz has 120 seconds left.
|
|t:|1776127650
|switch|p1a: Great Tusk|Great Tusk|100/100
|-damage|p1a: Great Tusk|98/100|[from] Stealth Rock
|turn|10
|
|t:|1776127663
|move|p1a: Great Tusk|Rapid Spin|p2a: Mithridates
|-damage|p2a: Mithridates|57/100
|-boost|p1a: Great Tusk|spe|1
|-sideend|p1: Zamukerz|Stealth Rock|[from] move: Rapid Spin|[of] p1a: Great Tusk
|move|p2a: Mithridates|Psychic Noise|p1a: Great Tusk
|-supereffective|p1a: Great Tusk
|-damage|p1a: Great Tusk|0 fnt
|faint|p1a: Great Tusk
|-end|p1a: Great Tusk|Protosynthesis|[silent]
|
|-hint|Future Sight did not hit because the target is fainted.
|upkeep
|inactive|Zamukerz has 120 seconds left.
|
|t:|1776127687
|switch|p1a: Gholdengo|Gholdengo|100/100
|turn|11
|inactive|Zamukerz has 120 seconds left.
|inactive|magistermilitum420 has 120 seconds left.
|
|t:|1776127719
|switch|p2a: Mahad|Meowscarada, F, shiny|100/100
|-damage|p2a: Mahad|88/100|[from] Stealth Rock
|move|p1a: Gholdengo|Shadow Ball|p2a: Mahad
|-resisted|p2a: Mahad
|-damage|p2a: Mahad|53/100
|
|upkeep
|turn|12
|inactive|Zamukerz has 120 seconds left.
|inactive|magistermilitum420 has 120 seconds left.
|
|t:|1776127732
|move|p2a: Mahad|Knock Off|p1a: Gholdengo
|-start|p2a: Mahad|typechange|Dark|[from] ability: Protean
|-supereffective|p1a: Gholdengo
|-damage|p1a: Gholdengo|1/100
|-enditem|p1a: Gholdengo|Choice Scarf|[from] move: Knock Off|[of] p2a: Mahad
|move|p1a: Gholdengo|Shadow Ball|p2a: Mahad
|-resisted|p2a: Mahad
|-damage|p2a: Mahad|21/100
|
|upkeep
|turn|13
|inactive|Zamukerz has 120 seconds left.
|inactive|magistermilitum420 has 120 seconds left.
|
|t:|1776127745
|move|p2a: Mahad|Knock Off|p1a: Gholdengo
|-supereffective|p1a: Gholdengo
|-damage|p1a: Gholdengo|0 fnt
|faint|p1a: Gholdengo
|
|upkeep
|inactive|Zamukerz has 120 seconds left.
|
|t:|1776127753
|switch|p1a: Iron Valiant|Iron Valiant|100/100
|-enditem|p1a: Iron Valiant|Booster Energy
|-activate|p1a: Iron Valiant|ability: Quark Drive|[fromitem]
|-start|p1a: Iron Valiant|quarkdrivespe
|turn|14
|
|t:|1776127764
|switch|p2a: Mithridates|Slowking-Galar, F|90/100
|-damage|p2a: Mithridates|78/100|[from] Stealth Rock
|move|p1a: Iron Valiant|Moonblast|p2a: Mithridates
|-resisted|p2a: Mithridates
|-damage|p2a: Mithridates|67/100
|
|upkeep
|turn|15
|inactive|magistermilitum420 has 120 seconds left.
|
|t:|1776127786
|-end|p1a: Iron Valiant|Quark Drive|[silent]
|switch|p1a: Ogerpon|Ogerpon-Wellspring, F|78/100
|move|p2a: Mithridates|Future Sight|p1a: Ogerpon
|-start|p2a: Mithridates|move: Future Sight
|
|upkeep
|turn|16
|inactive|magistermilitum420 has 120 seconds left.
|inactive|magistermilitum420 has 90 seconds left.
|
|t:|1776127846
|move|p1a: Ogerpon|Knock Off|p2a: Mithridates
|-supereffective|p2a: Mithridates
|-damage|p2a: Mithridates|0 fnt
|-enditem|p2a: Mithridates|Assault Vest|[from] move: Knock Off|[of] p1a: Ogerpon
|faint|p2a: Mithridates
|
|upkeep
|l|☆Zamukerz
|inactive|Zamukerz disconnected and has a minute to reconnect!
|player|p1|
|inactive|magistermilitum420 has 60 seconds left.
|
|t:|1776127863
|switch|p2a: Ladon|Dragonite, M, shiny|100/100
|turn|17
|inactive|magistermilitum420 has 60 seconds left.
|inactive|Zamukerz has 30 seconds to reconnect!
|j|☆Zamukerz
|inactive|Zamukerz reconnected and has 120 seconds left.
|player|p1|Zamukerz|lance|
|
|t:|1776127911
|move|p1a: Ogerpon|Knock Off|p2a: Ladon
|-damage|p2a: Ladon|81/100
|-enditem|p2a: Ladon|Heavy-Duty Boots|[from] move: Knock Off|[of] p1a: Ogerpon
|move|p2a: Ladon|Dragon Dance|p2a: Ladon
|-boost|p2a: Ladon|atk|1
|-boost|p2a: Ladon|spe|1
|
|-end|p1a: Ogerpon|move: Future Sight
|-damage|p1a: Ogerpon|7/100
|upkeep
|turn|18
|inactive|magistermilitum420 has 60 seconds left.
|
|t:|1776127943
|move|p2a: Ladon|Extreme Speed|p1a: Ogerpon
|-damage|p1a: Ogerpon|0 fnt
|faint|p1a: Ogerpon
|
|upkeep
|
|t:|1776127964
|switch|p1a: Iron Valiant|Iron Valiant|100/100
|turn|19
|
|t:|1776127981
|move|p2a: Ladon|Extreme Speed|p1a: Iron Valiant
|-damage|p1a: Iron Valiant|49/100
|move|p1a: Iron Valiant|Moonblast|p2a: Ladon
|-supereffective|p2a: Ladon
|-crit|p2a: Ladon
|-damage|p2a: Ladon|0 fnt
|faint|p2a: Ladon
|
|upkeep
|inactive|magistermilitum420 has 30 seconds left.
|
|t:|1776127997
|switch|p2a: Mahad|Meowscarada, F, shiny|21/100
|-damage|p2a: Mahad|8/100|[from] Stealth Rock
|turn|20
|
|t:|1776128002
|move|p2a: Mahad|Flower Trick|p1a: Iron Valiant
|-start|p2a: Mahad|typechange|Grass|[from] ability: Protean
|-crit|p1a: Iron Valiant
|-damage|p1a: Iron Valiant|0 fnt
|faint|p1a: Iron Valiant
|-end|p1a: Iron Valiant|Quark Drive|[silent]
|
|upkeep
|
|t:|1776128006
|switch|p1a: Alduin|Dragonite, M|100/100
|turn|21
|
|t:|1776128012
|move|p2a: Mahad|Flower Trick|p1a: Alduin
|-resisted|p1a: Alduin
|-crit|p1a: Alduin
|-damage|p1a: Alduin|94/100
|move|p1a: Alduin|Dragon Dance|p1a: Alduin
|-boost|p1a: Alduin|atk|1
|-boost|p1a: Alduin|spe|1
|
|-heal|p1a: Alduin|99/100|[from] item: Leftovers
|upkeep
|turn|22
|
|t:|1776128024
|move|p2a: Mahad|Flower Trick|p1a: Alduin
|-resisted|p1a: Alduin
|-crit|p1a: Alduin
|-damage|p1a: Alduin|87/100
|move|p1a: Alduin|Dragon Dance|p1a: Alduin
|-boost|p1a: Alduin|atk|1
|-boost|p1a: Alduin|spe|1
|
|-heal|p1a: Alduin|93/100|[from] item: Leftovers
|upkeep
|turn|23
|inactive|magistermilitum420 has 60 seconds left.
|
|t:|1776128032
|move|p2a: Mahad|Flower Trick|p1a: Alduin
|-resisted|p1a: Alduin
|-crit|p1a: Alduin
|-damage|p1a: Alduin|80/100
|move|p1a: Alduin|Dragon Dance|p1a: Alduin
|-boost|p1a: Alduin|atk|1
|-boost|p1a: Alduin|spe|1
|
|-heal|p1a: Alduin|87/100|[from] item: Leftovers
|upkeep
|turn|24
|
|t:|1776128041
|switch|p2a: Charybdis|Alomomola, F, shiny|100/100
|move|p1a: Alduin|Dragon Dance|p1a: Alduin
|-boost|p1a: Alduin|atk|1
|-boost|p1a: Alduin|spe|1
|
|-heal|p1a: Alduin|93/100|[from] item: Leftovers
|upkeep
|turn|25
|
|t:|1776128050
|-terastallize|p2a: Charybdis|Ghost
|move|p1a: Alduin|Extreme Speed|p2a: Charybdis
|-immune|p2a: Charybdis
|move|p2a: Charybdis|Scald|p1a: Alduin
|-resisted|p1a: Alduin
|-damage|p1a: Alduin|85/100
|
|-heal|p1a: Alduin|92/100|[from] item: Leftovers
|upkeep
|turn|26
|
|t:|1776128063
|move|p1a: Alduin|Fire Punch|p2a: Charybdis
|-damage|p2a: Charybdis|58/100
|move|p2a: Charybdis|Scald|p1a: Alduin
|-resisted|p1a: Alduin
|-damage|p1a: Alduin|85/100
|
|-heal|p1a: Alduin|91/100|[from] item: Leftovers
|upkeep
|turn|27
|
|t:|1776128083
|move|p1a: Alduin|Fire Punch|p2a: Charybdis
|-damage|p2a: Charybdis|15/100
|move|p2a: Charybdis|Wish|p2a: Charybdis
|
|-heal|p1a: Alduin|97/100|[from] item: Leftovers
|upkeep
|turn|28
|
|t:|1776128096
|move|p2a: Charybdis|Protect|p2a: Charybdis
|-singleturn|p2a: Charybdis|Protect
|move|p1a: Alduin|Dragon Dance|p1a: Alduin
|-boost|p1a: Alduin|atk|1
|-boost|p1a: Alduin|spe|1
|
|-heal|p2a: Charybdis|65/100|[from] move: Wish|[wisher] Charybdis
|-heal|p1a: Alduin|100/100|[from] item: Leftovers
|upkeep
|turn|29
|
|t:|1776128111
|-terastallize|p1a: Alduin|Fire
|move|p1a: Alduin|Fire Punch|p2a: Charybdis
|-damage|p2a: Charybdis|0 fnt
|faint|p2a: Charybdis
|
|upkeep
|inactive|magistermilitum420 has 60 seconds left.
|
|t:|1776128130
|switch|p2a: Mahad|Meowscarada, F, shiny|8/100
|-damage|p2a: Mahad|0 fnt|[from] Stealth Rock
|faint|p2a: Mahad
|
|t:|1776128134
|switch|p2a: Vulcanus|Heatran, F, shiny|100/100
|-damage|p2a: Vulcanus|88/100|[from] Stealth Rock
|turn|30
|
|t:|1776128147
|move|p1a: Alduin|Extreme Speed|p2a: Vulcanus
|-resisted|p2a: Vulcanus
|-damage|p2a: Vulcanus|38/100
|move|p2a: Vulcanus|Earth Power|p1a: Alduin
|-supereffective|p1a: Alduin
|-damage|p1a: Alduin|54/100
|
|-heal|p1a: Alduin|60/100|[from] item: Leftovers
|upkeep
|turn|31
|
|t:|1776128155
|move|p1a: Alduin|Extreme Speed|p2a: Vulcanus
|-resisted|p2a: Vulcanus
|-damage|p2a: Vulcanus|0 fnt
|faint|p2a: Vulcanus
|
|win|Zamukerz
|raw|Zamukerz's rating: 1238 &rarr; <strong>1267</strong><br />(+29 for winning)
|raw|magistermilitum420's rating: 1293 &rarr; <strong>1264</strong><br />(-29 for losing)
