|html|<div class="broadcast-blue"><strong>[Gen 9] OU is currently suspecting Tera Blast! For information on how to participate check out the <a href="https://www.smogon.com/tools/suspects/view/200">suspect thread</a>.</strong></div>
|j|☆sargentomichoo
|j|☆alone of life
|t:|1776242808
|gametype|singles
|player|p1|sargentomichoo|2|1189
|player|p2|alone of life|169|1205
|gen|9
|tier|[Gen 9] OU
|rated|
|rule|HP Percentage Mod: HP is shown in percentages
|rule|Endless Battle Clause: Forcing endless battles is banned
|rule|Species Clause: Limit one of each Pokémon
|rule|OHKO Clause: OHKO moves are banned
|rule|Evasion Items Clause: Evasion items are banned
|rule|Evasion Moves Clause: Evasion moves are banned
|rule|Evasion Abilities Clause: Evasion abilities are banned
|rule|Sleep Moves Clause: Sleep-inducing moves are banned
|clearpoke
|poke|p1|Piloswine, M|
|poke|p1|Gardevoir, M|
|poke|p1|Chimecho, M|
|poke|p1|Conkeldurr, F|
|poke|p1|Girafarig, M|
|poke|p1|Blastoise, F|
|poke|p2|Incineroar, F|
|poke|p2|Greninja-*, M|
|poke|p2|Iron Valiant|
|poke|p2|Rillaboom, M|
|poke|p2|Great Tusk|
|poke|p2|Iron Moth|
|teampreview
|
|t:|1776242818
|teamsize|p1|6
|teamsize|p2|6
|start
|switch|p1a: Girafarig|Girafarig, M|100/100
|switch|p2a: Incineroar|Incineroar, F|100/100
|-ability|p2a: Incineroar|Intimidate|boost
|-unboost|p1a: Girafarig|atk|1
|turn|1
|inactive|Battle timer is ON: inactive players will automatically lose when time's up. (requested by sargentomichoo)
|
|t:|1776242826
|move|p1a: Girafarig|Protect|p1a: Girafarig
|-singleturn|p1a: Girafarig|Protect
|move|p2a: Incineroar|Knock Off|p1a: Girafarig
|-activate|p1a: Girafarig|move: Protect
|
|upkeep
|turn|2
|
|t:|1776242832
|switch|p1a: Conkeldurr|Conkeldurr, F|100/100
|move|p2a: Incineroar|Knock Off|p1a: Conkeldurr
|-resisted|p1a: Conkeldurr
|-damage|p1a: Conkeldurr|77/100
|-enditem|p1a: Conkeldurr|Assault Vest|[from] move: Knock Off|[of] p2a: Incineroar
|
|upkeep
|turn|3
|
|t:|1776242840
|move|p2a: Incineroar|Parting Shot|p1a: Conkeldurr
|-unboost|p1a: Conkeldurr|atk|1
|-unboost|p1a: Conkeldurr|spa|1
|
|t:|1776242849
|switch|p2a: Iron Valiant|Iron Valiant|100/100|[from] Parting Shot
|-enditem|p2a: Iron Valiant|Booster Energy
|-activate|p2a: Iron Valiant|ability: Quark Drive|[fromitem]
|-start|p2a: Iron Valiant|quarkdrivespe
|move|p1a: Conkeldurr|Knock Off|p2a: Iron Valiant
|-resisted|p2a: Iron Valiant
|-damage|p2a: Iron Valiant|95/100
|
|upkeep
|turn|4
|
|t:|1776242859
|switch|p1a: Girafarig|Girafarig, M|100/100
|move|p2a: Iron Valiant|Spirit Break|p1a: Girafarig
|-damage|p1a: Girafarig|72/100
|-unboost|p1a: Girafarig|spa|1
|
|upkeep
|turn|5
|
|t:|1776242867
|move|p2a: Iron Valiant|Swords Dance|p2a: Iron Valiant
|-boost|p2a: Iron Valiant|atk|2
|move|p1a: Girafarig|Thunder Wave|p2a: Iron Valiant
|-status|p2a: Iron Valiant|par
|
|upkeep
|turn|6
|
|t:|1776242873
|move|p2a: Iron Valiant|Spirit Break|p1a: Girafarig
|-damage|p1a: Girafarig|10/100
|-unboost|p1a: Girafarig|spa|1
|move|p1a: Girafarig|Foul Play|p2a: Iron Valiant
|-resisted|p2a: Iron Valiant
|-damage|p2a: Iron Valiant|73/100 par
|
|upkeep
|turn|7
|
|t:|1776242882
|move|p2a: Iron Valiant|Spirit Break|p1a: Girafarig
|-damage|p1a: Girafarig|0 fnt
|faint|p1a: Girafarig
|
|upkeep
|
|t:|1776242888
|switch|p1a: Gardevoir|Gardevoir, M|100/100
|turn|8
|
|t:|1776242892
|move|p2a: Iron Valiant|Poison Jab|p1a: Gardevoir
|-supereffective|p1a: Gardevoir
|-damage|p1a: Gardevoir|0 fnt
|faint|p1a: Gardevoir
|
|upkeep
|
|t:|1776242897
|switch|p1a: Piloswine|Piloswine, M|100/100
|turn|9
|
|t:|1776242901
|cant|p2a: Iron Valiant|par
|move|p1a: Piloswine|Curse|p1a: Piloswine
|-unboost|p1a: Piloswine|spe|1
|-boost|p1a: Piloswine|atk|1
|-boost|p1a: Piloswine|def|1
|
|upkeep
|turn|10
|
|t:|1776242907
|move|p2a: Iron Valiant|Close Combat|p1a: Piloswine
|-supereffective|p1a: Piloswine
|-damage|p1a: Piloswine|0 fnt
|-unboost|p2a: Iron Valiant|def|1
|-unboost|p2a: Iron Valiant|spd|1
|faint|p1a: Piloswine
|
|upkeep
|
|t:|1776242914
|switch|p1a: Blastoise|Blastoise, F|100/100
|turn|11
|
|t:|1776242919
|move|p2a: Iron Valiant|Spirit Break|p1a: Blastoise
|-damage|p1a: Blastoise|20/100
|-unboost|p1a: Blastoise|spa|1
|-enditem|p1a: Blastoise|White Herb
|-clearnegativeboost|p1a: Blastoise|[silent]
|move|p1a: Blastoise|Shell Smash|p1a: Blastoise
|-unboost|p1a: Blastoise|def|1
|-unboost|p1a: Blastoise|spd|1
|-boost|p1a: Blastoise|atk|2
|-boost|p1a: Blastoise|spa|2
|-boost|p1a: Blastoise|spe|2
|
|upkeep
|turn|12
|
|t:|1776242930
|move|p1a: Blastoise|Surf|p2a: Iron Valiant
|-damage|p2a: Iron Valiant|0 fnt
|faint|p2a: Iron Valiant
|-end|p2a: Iron Valiant|Quark Drive|[silent]
|
|upkeep
|
|t:|1776242934
|switch|p2a: Greninja|Greninja, M|100/100
|turn|13
|
|t:|1776242941
|move|p2a: Greninja|Water Shuriken|p1a: Blastoise
|-resisted|p1a: Blastoise
|-damage|p1a: Blastoise|15/100
|-resisted|p1a: Blastoise
|-damage|p1a: Blastoise|10/100
|-resisted|p1a: Blastoise
|-damage|p1a: Blastoise|4/100
|-resisted|p1a: Blastoise
|-damage|p1a: Blastoise|0 fnt
|faint|p1a: Blastoise
|-ability|p2a: Greninja|Battle Bond|boost
|-boost|p2a: Greninja|atk|1
|-boost|p2a: Greninja|spa|1
|-boost|p2a: Greninja|spe|1
|-activate|p2a: Greninja|ability: Battle Bond
|-hitcount|p1: Blastoise|4
|
|upkeep
|
|t:|1776242954
|switch|p1a: Conkeldurr|Conkeldurr, F|77/100
|turn|14
|
|t:|1776242959
|move|p2a: Greninja|Water Shuriken|p1a: Conkeldurr
|-damage|p1a: Conkeldurr|63/100
|-damage|p1a: Conkeldurr|50/100
|-damage|p1a: Conkeldurr|37/100
|-damage|p1a: Conkeldurr|24/100
|-damage|p1a: Conkeldurr|11/100
|-hitcount|p1a: Conkeldurr|5
|move|p1a: Conkeldurr|Drain Punch|p2a: Greninja
|-supereffective|p2a: Greninja
|-damage|p2a: Greninja|0 fnt
|-heal|p1a: Conkeldurr|46/100|[from] drain|[of] p2a: Greninja
|faint|p2a: Greninja
|
|upkeep
|
|t:|1776242969
|switch|p2a: Incineroar|Incineroar, F|100/100
|-ability|p2a: Incineroar|Intimidate|boost
|-unboost|p1a: Conkeldurr|atk|1
|turn|15
|
|t:|1776242977
|move|p2a: Incineroar|Parting Shot|p1a: Conkeldurr
|-unboost|p1a: Conkeldurr|atk|1
|-unboost|p1a: Conkeldurr|spa|1
|
|t:|1776242980
|switch|p2a: Great Tusk|Great Tusk|100/100|[from] Parting Shot
|move|p1a: Conkeldurr|Drain Punch|p2a: Great Tusk
|-damage|p2a: Great Tusk|85/100
|-heal|p1a: Conkeldurr|53/100|[from] drain|[of] p2a: Great Tusk
|
|upkeep
|turn|16
|
|t:|1776242990
|move|p2a: Great Tusk|Close Combat|p1a: Conkeldurr
|-damage|p1a: Conkeldurr|0 fnt
|-unboost|p2a: Great Tusk|def|1
|-unboost|p2a: Great Tusk|spd|1
|faint|p1a: Conkeldurr
|
|upkeep
|
|t:|1776242996
|switch|p1a: Chimecho|Chimecho, M, shiny|100/100
|turn|17
|
|t:|1776243001
|-terastallize|p1a: Chimecho|Electric
|move|p2a: Great Tusk|Rapid Spin|p1a: Chimecho
|-damage|p1a: Chimecho|83/100
|-boost|p2a: Great Tusk|spe|1
|move|p1a: Chimecho|Cosmic Power|p1a: Chimecho
|-boost|p1a: Chimecho|def|1
|-boost|p1a: Chimecho|spd|1
|
|-heal|p1a: Chimecho|89/100|[from] item: Leftovers
|upkeep
|turn|18
|
|t:|1776243012
|move|p2a: Great Tusk|Headlong Rush|p1a: Chimecho
|-immune|p1a: Chimecho|[from] ability: Levitate
|move|p1a: Chimecho|Cosmic Power|p1a: Chimecho
|-boost|p1a: Chimecho|def|1
|-boost|p1a: Chimecho|spd|1
|
|-heal|p1a: Chimecho|95/100|[from] item: Leftovers
|upkeep
|turn|19
|
|t:|1776243022
|move|p2a: Great Tusk|Close Combat|p1a: Chimecho
|-damage|p1a: Chimecho|67/100
|-unboost|p2a: Great Tusk|def|1
|-unboost|p2a: Great Tusk|spd|1
|move|p1a: Chimecho|Cosmic Power|p1a: Chimecho
|-boost|p1a: Chimecho|def|1
|-boost|p1a: Chimecho|spd|1
|
|-heal|p1a: Chimecho|73/100|[from] item: Leftovers
|upkeep
|turn|20
|
|t:|1776243032
|move|p2a: Great Tusk|Close Combat|p1a: Chimecho
|-crit|p1a: Chimecho
|-damage|p1a: Chimecho|0 fnt
|-unboost|p2a: Great Tusk|def|1
|-unboost|p2a: Great Tusk|spd|1
|faint|p1a: Chimecho
|
|win|alone of life
|raw|sargentomichoo's rating: 1189 &rarr; <strong>1165</strong><br />(-24 for losing)
|raw|alone of life's rating: 1205 &rarr; <strong>1229</strong><br />(+24 for winning)
|l|☆sargentomichoo
|player|p1|
