|html|<div class="broadcast-blue"><strong>[Gen 9] OU is currently suspecting Tera Blast! For information on how to participate check out the <a href="https://www.smogon.com/tools/suspects/view/200">suspect thread</a>.</strong></div>
|j|☆Phonfrog
|j|☆keep ttar overused
|t:|1776074885
|gametype|singles
|player|p1|Phonfrog|miku-fire|1468
|player|p2|keep ttar overused|170|1489
|gen|9
|tier|[Gen 9] OU
|rated|
|rule|HP Percentage Mod: HP is shown in percentages
|rule|Endless Battle Clause: Forcing endless battles is banned
|rule|Species Clause: Limit one of each Pokémon
|rule|OHKO Clause: OHKO moves are banned
|rule|Evasion Items Clause: Evasion items are banned
|rule|Evasion Moves Clause: Evasion moves are banned
|rule|Evasion Abilities Clause: Evasion abilities are banned
|rule|Sleep Moves Clause: Sleep-inducing moves are banned
|clearpoke
|poke|p1|Excadrill, M|
|poke|p1|Tyranitar, F|
|poke|p1|Gholdengo|
|poke|p1|Chesnaught, F|
|poke|p1|Tornadus-Therian, M|
|poke|p1|Iron Valiant|
|poke|p2|Dragapult, F|
|poke|p2|Samurott-Hisui, F|
|poke|p2|Tyranitar, M|
|poke|p2|Gholdengo|
|poke|p2|Enamorus, F|
|poke|p2|Corviknight, F|
|teampreview
|j| ohko_smeargle
|inactive|Battle timer is ON: inactive players will automatically lose when time's up. (requested by keep ttar overused)
|
|t:|1776074900
|teamsize|p1|6
|teamsize|p2|6
|start
|switch|p1a: The Tyrant|Tyranitar, F|100/100
|switch|p2a: Samurott|Samurott-Hisui, F|100/100
|-weather|Sandstorm|[from] ability: Sand Stream|[of] p1a: The Tyrant
|turn|1
|
|t:|1776074906
|move|p2a: Samurott|Ceaseless Edge|p1a: The Tyrant
|-resisted|p1a: The Tyrant
|-damage|p1a: The Tyrant|84/100
|-sidestart|p1: Phonfrog|Spikes
|move|p1a: The Tyrant|Low Kick|p2a: Samurott
|-supereffective|p2a: Samurott
|-damage|p2a: Samurott|42/100
|
|-weather|Sandstorm|[upkeep]
|-damage|p2a: Samurott|36/100|[from] Sandstorm
|-heal|p1a: The Tyrant|90/100|[from] item: Leftovers
|upkeep
|turn|2
|
|t:|1776074917
|move|p2a: Samurott|Sacred Sword|p1a: The Tyrant
|-supereffective|p1a: The Tyrant
|-damage|p1a: The Tyrant|0 fnt
|faint|p1a: The Tyrant
|
|-weather|Sandstorm|[upkeep]
|-damage|p2a: Samurott|29/100|[from] Sandstorm
|upkeep
|
|t:|1776074929
|switch|p1a: The Juggernaught|Chesnaught, F|100/100
|-damage|p1a: The Juggernaught|88/100|[from] Spikes
|turn|3
|
|t:|1776074939
|switch|p2a: Gholdengo|Gholdengo|100/100
|-item|p2a: Gholdengo|Air Balloon
|move|p1a: The Juggernaught|Spikes|p2a: Gholdengo
|-sidestart|p2: keep ttar overused|Spikes
|
|-weather|Sandstorm|[upkeep]
|-damage|p1a: The Juggernaught|82/100|[from] Sandstorm
|upkeep
|turn|4
|
|t:|1776074947
|move|p2a: Gholdengo|Make It Rain|p1a: The Juggernaught
|-damage|p1a: The Juggernaught|17/100
|-unboost|p2a: Gholdengo|spa|1
|move|p1a: The Juggernaught|Knock Off|p2a: Gholdengo
|-supereffective|p2a: Gholdengo
|-damage|p2a: Gholdengo|58/100
|-enditem|p2a: Gholdengo|Air Balloon
|
|-weather|Sandstorm|[upkeep]
|-damage|p1a: The Juggernaught|11/100|[from] Sandstorm
|upkeep
|turn|5
|
|t:|1776074958
|switch|p1a: The Excalibur|Excadrill, M|100/100
|-item|p1a: The Excalibur|Air Balloon
|move|p2a: Gholdengo|Make It Rain|p1a: The Excalibur
|-resisted|p1a: The Excalibur
|-damage|p1a: The Excalibur|77/100
|-unboost|p2a: Gholdengo|spa|1
|-enditem|p1a: The Excalibur|Air Balloon
|
|-weather|none
|upkeep
|turn|6
|
|t:|1776074965
|switch|p2a: Corviknight|Corviknight, F|100/100
|-ability|p2a: Corviknight|Pressure
|move|p1a: The Excalibur|Swords Dance|p1a: The Excalibur
|-boost|p1a: The Excalibur|atk|2
|
|upkeep
|turn|7
|
|t:|1776074981
|switch|p1a: The Reigner|Tornadus-Therian, M|100/100
|move|p2a: Corviknight|Body Press|p1a: The Reigner
|-resisted|p1a: The Reigner
|-damage|p1a: The Reigner|85/100
|
|upkeep
|turn|8
|
|t:|1776074991
|switch|p2a: Tyranitar|Tyranitar, M|100/100
|-weather|Sandstorm|[from] ability: Sand Stream|[of] p2a: Tyranitar
|move|p1a: The Reigner|Knock Off|p2a: Tyranitar
|-resisted|p2a: Tyranitar
|-damage|p2a: Tyranitar|93/100
|-enditem|p2a: Tyranitar|Heavy-Duty Boots|[from] move: Knock Off|[of] p1a: The Reigner
|
|-weather|Sandstorm|[upkeep]
|-damage|p1a: The Reigner|79/100|[from] Sandstorm
|upkeep
|turn|9
|
|t:|1776075003
|switch|p1a: The Juggernaught|Chesnaught, F|11/100
|-damage|p1a: The Juggernaught|0 fnt|[from] Spikes
|faint|p1a: The Juggernaught
|move|p2a: Tyranitar|Knock Off|p1: The Juggernaught|[notarget]
|-fail|p2a: Tyranitar
|
|-weather|Sandstorm|[upkeep]
|upkeep
|
|t:|1776075021
|switch|p1a: The Valiant|Iron Valiant|100/100
|-damage|p1a: The Valiant|88/100|[from] Spikes
|-enditem|p1a: The Valiant|Booster Energy
|-activate|p1a: The Valiant|ability: Quark Drive|[fromitem]
|-start|p1a: The Valiant|quarkdrivespe
|turn|10
|
|t:|1776075026
|move|p1a: The Valiant|Encore|p2a: Tyranitar
|-start|p2a: Tyranitar|Encore
|move|p2a: Tyranitar|Knock Off|p1a: The Valiant
|-resisted|p1a: The Valiant
|-damage|p1a: The Valiant|75/100
|
|-weather|Sandstorm|[upkeep]
|-damage|p1a: The Valiant|69/100|[from] Sandstorm
|upkeep
|turn|11
|
|t:|1776075038
|switch|p2a: Gholdengo|Gholdengo|58/100
|-damage|p2a: Gholdengo|46/100|[from] Spikes
|move|p1a: The Valiant|Calm Mind|p1a: The Valiant
|-boost|p1a: The Valiant|spa|1
|-boost|p1a: The Valiant|spd|1
|
|-weather|Sandstorm|[upkeep]
|-damage|p1a: The Valiant|62/100|[from] Sandstorm
|upkeep
|turn|12
|
|t:|1776075041
|move|p1a: The Valiant|Shadow Ball|p2a: Gholdengo
|-supereffective|p2a: Gholdengo
|-damage|p2a: Gholdengo|0 fnt
|faint|p2a: Gholdengo
|
|-weather|none
|upkeep
|
|t:|1776075044
|switch|p2a: Enamorus|Enamorus, F|100/100
|turn|13
|
|t:|1776075051
|-terastallize|p2a: Enamorus|Ground
|move|p1a: The Valiant|Moonblast|p2a: Enamorus
|-damage|p2a: Enamorus|2/100
|move|p2a: Enamorus|Moonblast|p1a: The Valiant
|-supereffective|p1a: The Valiant
|-damage|p1a: The Valiant|0 fnt
|faint|p1a: The Valiant
|-end|p1a: The Valiant|Quark Drive|[silent]
|
|upkeep
|
|t:|1776075065
|switch|p1a: The Reigner|Tornadus-Therian, M|100/100
|turn|14
|
|t:|1776075071
|move|p2a: Enamorus|Moonblast|p1a: The Reigner
|-damage|p1a: The Reigner|35/100
|move|p1a: The Reigner|Bleakwind Storm|p2a: Enamorus
|-damage|p2a: Enamorus|0 fnt
|faint|p2a: Enamorus
|
|upkeep
|
|t:|1776075075
|switch|p2a: Dragapult|Dragapult, F|100/100
|turn|15
|
|t:|1776075090
|move|p2a: Dragapult|Dragon Darts|p1a: The Reigner
|-damage|p1a: The Reigner|11/100
|-anim|p2a: Dragapult|Dragon Darts|p1a: The Reigner
|-damage|p1a: The Reigner|0 fnt
|faint|p1a: The Reigner
|
|upkeep
|
|t:|1776075104
|switch|p1a: The Excalibur|Excadrill, M|77/100
|-damage|p1a: The Excalibur|64/100|[from] Spikes
|turn|16
|
|t:|1776075108
|move|p2a: Dragapult|Will-O-Wisp|p1a: The Excalibur
|-status|p1a: The Excalibur|brn
|move|p1a: The Excalibur|Swords Dance|p1a: The Excalibur
|-boost|p1a: The Excalibur|atk|2
|
|-damage|p1a: The Excalibur|58/100 brn|[from] brn
|upkeep
|turn|17
|
|t:|1776075111
|move|p2a: Dragapult|U-turn|p1a: The Excalibur
|-resisted|p1a: The Excalibur
|-damage|p1a: The Excalibur|44/100 brn
|
|t:|1776075112
|switch|p2a: Corviknight|Corviknight, F|100/100|[from] U-turn
|-ability|p2a: Corviknight|Pressure
|move|p1a: The Excalibur|Swords Dance|p1a: The Excalibur
|-boost|p1a: The Excalibur|atk|2
|
|-damage|p1a: The Excalibur|38/100 brn|[from] brn
|upkeep
|turn|18
|
|t:|1776075117
|move|p1a: The Excalibur|Rock Slide|p2a: Corviknight
|-damage|p2a: Corviknight|73/100
|cant|p2a: Corviknight|flinch
|
|-damage|p1a: The Excalibur|32/100 brn|[from] brn
|upkeep
|turn|19
|
|t:|1776075122
|switch|p1a: The Golden Child|Gholdengo|100/100
|-damage|p1a: The Golden Child|88/100|[from] Spikes
|move|p2a: Corviknight|Body Press|p1a: The Golden Child
|-immune|p1a: The Golden Child
|
|upkeep
|turn|20
|
|t:|1776075127
|switch|p2a: Samurott|Samurott-Hisui, F|29/100
|-damage|p2a: Samurott|17/100|[from] Spikes
|move|p1a: The Golden Child|Nasty Plot|p1a: The Golden Child
|-boost|p1a: The Golden Child|spa|2
|
|upkeep
|turn|21
|
|t:|1776075138
|-terastallize|p1a: The Golden Child|Steel
|move|p2a: Samurott|Night Slash|p1a: The Golden Child
|-damage|p1a: The Golden Child|36/100
|move|p1a: The Golden Child|Thunderbolt|p2a: Samurott
|-supereffective|p2a: Samurott
|-damage|p2a: Samurott|0 fnt
|faint|p2a: Samurott
|
|upkeep
|
|t:|1776075144
|switch|p2a: Dragapult|Dragapult, F|100/100
|turn|22
|
|t:|1776075147
|move|p2a: Dragapult|Hex|p1a: The Golden Child
|-damage|p1a: The Golden Child|5/100
|move|p1a: The Golden Child|Recover|p1a: The Golden Child
|-heal|p1a: The Golden Child|55/100
|
|upkeep
|turn|23
|
|t:|1776075152
|move|p2a: Dragapult|U-turn|p1a: The Golden Child
|-resisted|p1a: The Golden Child
|-damage|p1a: The Golden Child|44/100
|
|t:|1776075155
|switch|p2a: Corviknight|Corviknight, F|73/100|[from] U-turn
|-ability|p2a: Corviknight|Pressure
|move|p1a: The Golden Child|Recover|p1a: The Golden Child
|-heal|p1a: The Golden Child|94/100
|
|upkeep
|turn|24
|
|t:|1776075157
|move|p1a: The Golden Child|Thunderbolt|p2a: Corviknight
|-supereffective|p2a: Corviknight
|-damage|p2a: Corviknight|0 fnt
|faint|p2a: Corviknight
|
|upkeep
|
|t:|1776075159
|switch|p2a: Tyranitar|Tyranitar, M|93/100
|-damage|p2a: Tyranitar|80/100|[from] Spikes
|-weather|Sandstorm|[from] ability: Sand Stream|[of] p2a: Tyranitar
|turn|25
|
|t:|1776075163
|move|p1a: The Golden Child|Make It Rain|p2a: Tyranitar
|-supereffective|p2a: Tyranitar
|-damage|p2a: Tyranitar|0 fnt
|-unboost|p1a: The Golden Child|spa|1
|faint|p2a: Tyranitar
|
|-weather|Sandstorm|[upkeep]
|upkeep
|
|t:|1776075166
|switch|p2a: Dragapult|Dragapult, F|100/100
|turn|26
|c|☆Phonfrog|YES GOLDENGO
|c|☆Phonfrog|Go
|c|☆Phonfrog|GO
|
|t:|1776075180
|move|p2a: Dragapult|Hex|p1a: The Golden Child
|-damage|p1a: The Golden Child|62/100
|move|p1a: The Golden Child|Make It Rain|p2a: Dragapult
|-damage|p2a: Dragapult|0 fnt
|-unboost|p1a: The Golden Child|spa|1
|faint|p2a: Dragapult
|
|win|Phonfrog
|raw|Phonfrog's rating: 1468 &rarr; <strong>1489</strong><br />(+21 for winning)
|raw|keep ttar overused's rating: 1489 &rarr; <strong>1468</strong><br />(-21 for losing)
|l| ohko_smeargle
|l|☆keep ttar overused
|player|p2|
|l|☆Phonfrog
|player|p1|
