|html|<div class="broadcast-blue"><strong>[Gen 9] OU is currently suspecting Tera Blast! For information on how to participate check out the <a href="https://www.smogon.com/tools/suspects/view/200">suspect thread</a>.</strong></div>
|j|☆koreanbreakfast
|j|☆tootymctoot
|t:|1776052309
|gametype|singles
|player|p1|koreanbreakfast|wallace|1376
|player|p2|tootymctoot|miku-ghost|1342
|gen|9
|tier|[Gen 9] OU
|rated|
|rule|HP Percentage Mod: HP is shown in percentages
|rule|Endless Battle Clause: Forcing endless battles is banned
|rule|Species Clause: Limit one of each Pokémon
|rule|OHKO Clause: OHKO moves are banned
|rule|Evasion Items Clause: Evasion items are banned
|rule|Evasion Moves Clause: Evasion moves are banned
|rule|Evasion Abilities Clause: Evasion abilities are banned
|rule|Sleep Moves Clause: Sleep-inducing moves are banned
|clearpoke
|poke|p1|Primarina, M|
|poke|p1|Great Tusk|
|poke|p1|Kingambit, M|
|poke|p1|Slowking-Galar, M|
|poke|p1|Ogerpon, F|
|poke|p1|Enamorus, F|
|poke|p2|Ceruledge, F|
|poke|p2|Samurott-Hisui, M|
|poke|p2|Gholdengo|
|poke|p2|Iron Valiant|
|poke|p2|Talonflame, M|
|poke|p2|Sandy Shocks|
|teampreview
|inactive|Battle timer is ON: inactive players will automatically lose when time's up. (requested by tootymctoot)
|
|t:|1776052326
|teamsize|p1|6
|teamsize|p2|6
|start
|switch|p1a: Ogerpon|Ogerpon, F|100/100
|switch|p2a: Sandy Shocks|Sandy Shocks|100/100
|-enditem|p2a: Sandy Shocks|Booster Energy
|-activate|p2a: Sandy Shocks|ability: Protosynthesis|[fromitem]
|-start|p2a: Sandy Shocks|protosynthesisspe
|turn|1
|
|t:|1776052349
|-end|p2a: Sandy Shocks|Protosynthesis|[silent]
|switch|p2a: Talonflame|Talonflame, M|100/100
|-terastallize|p1a: Ogerpon|Grass
|detailschange|p1a: Ogerpon|Ogerpon-Teal-Tera, F, tera:Grass
|-ability|p1a: Ogerpon|Embody Aspect (Teal)|boost
|-boost|p1a: Ogerpon|spe|1
|move|p1a: Ogerpon|Ivy Cudgel|p2a: Talonflame
|-resisted|p2a: Talonflame
|-damage|p2a: Talonflame|65/100
|
|upkeep
|turn|2
|inactive|koreanbreakfast has 120 seconds left.
|
|t:|1776052394
|switch|p1a: Primarina|Primarina, M, shiny|100/100
|move|p2a: Talonflame|Roost|p2a: Talonflame
|-heal|p2a: Talonflame|100/100
|-singleturn|p2a: Talonflame|move: Roost
|
|upkeep
|turn|3
|
|t:|1776052400
|move|p2a: Talonflame|U-turn|p1a: Primarina
|-resisted|p1a: Primarina
|-damage|p1a: Primarina|88/100
|
|t:|1776052403
|switch|p2a: Samurott|Samurott-Hisui, M|100/100|[from] U-turn
|move|p1a: Primarina|Psychic Noise|p2a: Samurott
|-resisted|p2a: Samurott
|-damage|p2a: Samurott|89/100
|-start|p2a: Samurott|move: Heal Block
|
|-heal|p1a: Primarina|94/100|[from] item: Leftovers
|upkeep
|turn|4
|
|t:|1776052413
|move|p1a: Primarina|Moonblast|p2a: Samurott
|-supereffective|p2a: Samurott
|-damage|p2a: Samurott|25/100
|move|p2a: Samurott|Flip Turn|p1a: Primarina
|-resisted|p1a: Primarina
|-damage|p1a: Primarina|78/100
|
|t:|1776052423
|switch|p2a: Sandy Shocks|Sandy Shocks|100/100|[from] Flip Turn
|
|-heal|p1a: Primarina|84/100|[from] item: Leftovers
|upkeep
|turn|5
|
|t:|1776052428
|switch|p1a: Great Tusk|Great Tusk, shiny|100/100
|move|p2a: Sandy Shocks|Stealth Rock|p1a: Great Tusk
|-sidestart|p1: koreanbreakfast|move: Stealth Rock
|
|upkeep
|turn|6
|
|t:|1776052433
|-end|p2a: Sandy Shocks|Protosynthesis|[silent]
|switch|p2a: Gholdengo|Gholdengo|100/100
|move|p1a: Great Tusk|Rapid Spin|p2a: Gholdengo
|-immune|p2a: Gholdengo
|
|upkeep
|turn|7
|
|t:|1776052439
|-end|p1a: Great Tusk|Protosynthesis|[silent]
|switch|p1a: Kingambit|Kingambit, M, shiny|100/100
|-damage|p1a: Kingambit|94/100|[from] Stealth Rock
|move|p2a: Gholdengo|Make It Rain|p1a: Kingambit
|-resisted|p1a: Kingambit
|-damage|p1a: Kingambit|63/100
|-unboost|p2a: Gholdengo|spa|1
|
|-heal|p1a: Kingambit|69/100|[from] item: Leftovers
|upkeep
|turn|8
|
|t:|1776052447
|switch|p2a: Talonflame|Talonflame, M|100/100
|move|p1a: Kingambit|Iron Head|p2a: Talonflame
|-resisted|p2a: Talonflame
|-damage|p2a: Talonflame|64/100
|
|-heal|p1a: Kingambit|75/100|[from] item: Leftovers
|upkeep
|turn|9
|
|t:|1776052458
|-end|p1a: Kingambit|fallenundefined|[silent]
|switch|p1a: Slowking|Slowking-Galar, M, shiny|100/100
|-damage|p1a: Slowking|88/100|[from] Stealth Rock
|move|p2a: Talonflame|Roost|p2a: Talonflame
|-heal|p2a: Talonflame|100/100
|-singleturn|p2a: Talonflame|move: Roost
|
|upkeep
|turn|10
|
|t:|1776052474
|switch|p1a: Kingambit|Kingambit, M, shiny|75/100
|-damage|p1a: Kingambit|69/100|[from] Stealth Rock
|move|p2a: Talonflame|U-turn|p1a: Kingambit
|-damage|p1a: Kingambit|56/100
|inactive|tootymctoot has 120 seconds left.
|
|t:|1776052511
|switch|p2a: Sandy Shocks|Sandy Shocks|100/100|[from] U-turn
|
|-heal|p1a: Kingambit|63/100|[from] item: Leftovers
|upkeep
|turn|11
|c|☆tootymctoot|dude
|
|t:|1776052517
|move|p2a: Sandy Shocks|Earth Power|p1a: Kingambit
|-supereffective|p1a: Kingambit
|-damage|p1a: Kingambit|0 fnt
|faint|p1a: Kingambit
|-end|p1a: Kingambit|fallenundefined|[silent]
|
|upkeep
|c|☆tootymctoot|im watching sharknado
|c|☆koreanbreakfast|nice
|c|☆tootymctoot|ts so peak
|
|t:|1776052536
|switch|p1a: Ogerpon|Ogerpon-Teal-Tera, F, tera:Grass|100/100
|-damage|p1a: Ogerpon|88/100|[from] Stealth Rock
|-ability|p1a: Ogerpon|Embody Aspect (Teal)|boost
|-boost|p1a: Ogerpon|spe|1
|turn|12
|
|t:|1776052539
|-end|p2a: Sandy Shocks|Protosynthesis|[silent]
|switch|p2a: Talonflame|Talonflame, M|100/100
|move|p1a: Ogerpon|U-turn|p2a: Talonflame
|-resisted|p2a: Talonflame
|-damage|p2a: Talonflame|87/100
|
|t:|1776052542
|switch|p1a: Primarina|Primarina, M, shiny|84/100|[from] U-turn
|-damage|p1a: Primarina|72/100|[from] Stealth Rock
|
|-heal|p1a: Primarina|78/100|[from] item: Leftovers
|upkeep
|turn|13
|
|t:|1776052546
|move|p2a: Talonflame|U-turn|p1a: Primarina
|-resisted|p1a: Primarina
|-damage|p1a: Primarina|65/100
|
|t:|1776052548
|switch|p2a: Samurott|Samurott-Hisui, M|25/100|[from] U-turn
|move|p1a: Primarina|Psychic Noise|p2a: Samurott
|-resisted|p2a: Samurott
|-damage|p2a: Samurott|12/100
|-start|p2a: Samurott|move: Heal Block
|
|-heal|p1a: Primarina|71/100|[from] item: Leftovers
|upkeep
|turn|14
|
|t:|1776052552
|switch|p1a: Great Tusk|Great Tusk, shiny|100/100
|-damage|p1a: Great Tusk|98/100|[from] Stealth Rock
|move|p2a: Samurott|Ceaseless Edge|p1a: Great Tusk
|-resisted|p1a: Great Tusk
|-damage|p1a: Great Tusk|84/100
|-damage|p2a: Samurott|0 fnt|[from] item: Rocky Helmet|[of] p1a: Great Tusk
|faint|p2a: Samurott
|
|upkeep
|
|t:|1776052555
|switch|p2a: Gholdengo|Gholdengo|100/100
|turn|15
|
|t:|1776052558
|-end|p1a: Great Tusk|Protosynthesis|[silent]
|switch|p1a: Slowking|Slowking-Galar, M, shiny|100/100
|-damage|p1a: Slowking|88/100|[from] Stealth Rock
|move|p2a: Gholdengo|Make It Rain|p1a: Slowking
|-damage|p1a: Slowking|55/100
|-unboost|p2a: Gholdengo|spa|1
|
|upkeep
|turn|16
|
|t:|1776052563
|switch|p2a: Sandy Shocks|Sandy Shocks|100/100
|move|p1a: Slowking|Flamethrower|p2a: Sandy Shocks
|-damage|p2a: Sandy Shocks|75/100
|
|upkeep
|turn|17
|
|t:|1776052570
|move|p2a: Sandy Shocks|Earth Power|p1a: Slowking
|-supereffective|p1a: Slowking
|-damage|p1a: Slowking|5/100
|move|p1a: Slowking|Ice Beam|p2a: Sandy Shocks
|-supereffective|p2a: Sandy Shocks
|-damage|p2a: Sandy Shocks|23/100
|
|upkeep
|turn|18
|
|t:|1776052573
|switch|p1a: Enamorus|Enamorus, F, shiny|100/100
|-damage|p1a: Enamorus|76/100|[from] Stealth Rock
|move|p2a: Sandy Shocks|Thunderbolt|p1a: Enamorus
|-supereffective|p1a: Enamorus
|-damage|p1a: Enamorus|0 fnt
|faint|p1a: Enamorus
|
|upkeep
|
|t:|1776052590
|switch|p1a: Great Tusk|Great Tusk, shiny|84/100
|-damage|p1a: Great Tusk|81/100|[from] Stealth Rock
|turn|19
|
|t:|1776052594
|move|p2a: Sandy Shocks|Spikes|p1a: Great Tusk
|-sidestart|p1: koreanbreakfast|Spikes
|move|p1a: Great Tusk|Headlong Rush|p2a: Sandy Shocks
|-supereffective|p2a: Sandy Shocks
|-damage|p2a: Sandy Shocks|0 fnt
|-unboost|p1a: Great Tusk|def|1
|-unboost|p1a: Great Tusk|spd|1
|faint|p2a: Sandy Shocks
|-end|p2a: Sandy Shocks|Protosynthesis|[silent]
|
|upkeep
|
|t:|1776052599
|switch|p2a: Gholdengo|Gholdengo|100/100
|turn|20
|
|t:|1776052603
|-end|p1a: Great Tusk|Protosynthesis|[silent]
|switch|p1a: Slowking|Slowking-Galar, M, shiny|38/100
|-damage|p1a: Slowking|26/100|[from] Stealth Rock
|-damage|p1a: Slowking|13/100|[from] Spikes
|move|p2a: Gholdengo|Shadow Ball|p1a: Slowking
|-supereffective|p1a: Slowking
|-damage|p1a: Slowking|0 fnt
|faint|p1a: Slowking
|
|upkeep
|
|t:|1776052615
|switch|p1a: Ogerpon|Ogerpon-Teal-Tera, F, tera:Grass|88/100
|-damage|p1a: Ogerpon|76/100|[from] Stealth Rock
|-damage|p1a: Ogerpon|64/100|[from] Spikes
|-ability|p1a: Ogerpon|Embody Aspect (Teal)|boost
|-boost|p1a: Ogerpon|spe|1
|turn|21
|
|t:|1776052623
|switch|p2a: Talonflame|Talonflame, M|87/100
|move|p1a: Ogerpon|Rock Tomb|p2a: Talonflame
|-supereffective|p2a: Talonflame
|-damage|p2a: Talonflame|0 fnt
|faint|p2a: Talonflame
|
|upkeep
|
|t:|1776052629
|switch|p2a: ambiguous|Iron Valiant|100/100
|-enditem|p2a: ambiguous|Booster Energy
|-activate|p2a: ambiguous|ability: Quark Drive|[fromitem]
|-start|p2a: ambiguous|quarkdrivespe
|turn|22
|
|t:|1776052645
|switch|p1a: Primarina|Primarina, M, shiny|71/100
|-damage|p1a: Primarina|59/100|[from] Stealth Rock
|-damage|p1a: Primarina|46/100|[from] Spikes
|-terastallize|p2a: ambiguous|Steel
|move|p2a: ambiguous|Calm Mind|p2a: ambiguous
|-boost|p2a: ambiguous|spa|1
|-boost|p2a: ambiguous|spd|1
|
|-heal|p1a: Primarina|52/100|[from] item: Leftovers
|upkeep
|turn|23
|
|t:|1776052648
|move|p2a: ambiguous|Moonblast|p1a: Primarina
|-crit|p1a: Primarina
|-damage|p1a: Primarina|0 fnt
|faint|p1a: Primarina
|
|upkeep
|
|t:|1776052651
|switch|p1a: Great Tusk|Great Tusk, shiny|81/100
|-damage|p1a: Great Tusk|78/100|[from] Stealth Rock
|-damage|p1a: Great Tusk|65/100|[from] Spikes
|turn|24
|
|t:|1776052652
|move|p2a: ambiguous|Moonblast|p1a: Great Tusk
|-supereffective|p1a: Great Tusk
|-damage|p1a: Great Tusk|0 fnt
|faint|p1a: Great Tusk
|-end|p1a: Great Tusk|Protosynthesis|[silent]
|
|upkeep
|
|t:|1776052654
|switch|p1a: Ogerpon|Ogerpon-Teal-Tera, F, tera:Grass|64/100
|-damage|p1a: Ogerpon|51/100|[from] Stealth Rock
|-damage|p1a: Ogerpon|39/100|[from] Spikes
|-ability|p1a: Ogerpon|Embody Aspect (Teal)|boost
|-boost|p1a: Ogerpon|spe|1
|turn|25
|
|t:|1776052655
|move|p2a: ambiguous|Moonblast|p1a: Ogerpon
|-damage|p1a: Ogerpon|0 fnt
|faint|p1a: Ogerpon
|detailschange|p1: Ogerpon|Ogerpon, F|[silent]
|
|win|tootymctoot
|raw|koreanbreakfast's rating: 1376 &rarr; <strong>1354</strong><br />(-22 for losing)
|raw|tootymctoot's rating: 1342 &rarr; <strong>1364</strong><br />(+22 for winning)
|c|☆tootymctoot|ggs wp
