|html|<div class="broadcast-blue"><strong>[Gen 9] OU is currently suspecting Tera Blast! For information on how to participate check out the <a href="https://www.smogon.com/tools/suspects/view/200">suspect thread</a>.</strong></div>
|j|☆Beartic ace
|j|☆tjz222
|t:|1776055113
|gametype|singles
|player|p1|Beartic ace|cress|1082
|player|p2|tjz222|265|1114
|gen|9
|tier|[Gen 9] OU
|rated|
|rule|HP Percentage Mod: HP is shown in percentages
|rule|Endless Battle Clause: Forcing endless battles is banned
|rule|Species Clause: Limit one of each Pokémon
|rule|OHKO Clause: OHKO moves are banned
|rule|Evasion Items Clause: Evasion items are banned
|rule|Evasion Moves Clause: Evasion moves are banned
|rule|Evasion Abilities Clause: Evasion abilities are banned
|rule|Sleep Moves Clause: Sleep-inducing moves are banned
|clearpoke
|poke|p1|Rampardos, M|
|poke|p1|Hatterene, F|
|poke|p1|Ursaluna, M|
|poke|p1|Porygon2|
|poke|p1|Torkoal, F|
|poke|p1|Indeedee-F, F|
|poke|p2|Dragonite, M|
|poke|p2|Dondozo, F|
|poke|p2|Tyranitar, F|
|poke|p2|Darkrai|
|poke|p2|Skeledirge, M|
|poke|p2|Kingambit, F|
|teampreview
|inactive|Battle timer is ON: inactive players will automatically lose when time's up. (requested by Beartic ace)
|
|t:|1776055128
|teamsize|p1|6
|teamsize|p2|6
|start
|switch|p1a: Hatterene|Hatterene, F|100/100
|switch|p2a: Darkrai|Darkrai|100/100
|turn|1
|
|t:|1776055142
|move|p2a: Darkrai|Sludge Bomb|p1a: Hatterene
|-supereffective|p1a: Hatterene
|-damage|p1a: Hatterene|38/100
|move|p1a: Hatterene|Trick Room|p1a: Hatterene
|-fieldstart|move: Trick Room|[of] p1a: Hatterene
|
|upkeep
|turn|2
|
|t:|1776055157
|switch|p1a: Ursaluna|Ursaluna, M|100/100
|move|p2a: Darkrai|Sludge Bomb|p1a: Ursaluna
|-resisted|p1a: Ursaluna
|-damage|p1a: Ursaluna|88/100
|
|-status|p1a: Ursaluna|brn|[from] item: Flame Orb
|upkeep
|turn|3
|
|t:|1776055177
|move|p1a: Ursaluna|Facade|p2a: Darkrai
|-enditem|p2a: Darkrai|Focus Sash
|-damage|p2a: Darkrai|1/100
|move|p2a: Darkrai|Dark Pulse|p1a: Ursaluna
|-damage|p1a: Ursaluna|47/100 brn
|
|-damage|p1a: Ursaluna|41/100 brn|[from] brn
|upkeep
|turn|4
|
|t:|1776055189
|move|p1a: Ursaluna|Fire Punch|p2a: Darkrai
|-damage|p2a: Darkrai|0 fnt
|faint|p2a: Darkrai
|
|-damage|p1a: Ursaluna|35/100 brn|[from] brn
|upkeep
|
|t:|1776055204
|switch|p2a: Dondozo|Dondozo, F|100/100
|turn|5
|
|t:|1776055213
|move|p2a: Dondozo|Curse|p2a: Dondozo
|-unboost|p2a: Dondozo|spe|1
|-boost|p2a: Dondozo|atk|1
|-boost|p2a: Dondozo|def|1
|move|p1a: Ursaluna|Facade|p2a: Dondozo
|-damage|p2a: Dondozo|60/100
|
|-heal|p2a: Dondozo|66/100|[from] item: Leftovers
|-damage|p1a: Ursaluna|29/100 brn|[from] brn
|-fieldend|move: Trick Room
|upkeep
|turn|6
|inactive|tjz222 has 120 seconds left.
|
|t:|1776055249
|switch|p1a: Hatterene|Hatterene, F|38/100
|move|p2a: Dondozo|Body Press|p1a: Hatterene
|-resisted|p1a: Hatterene
|-damage|p1a: Hatterene|26/100
|
|-heal|p2a: Dondozo|72/100|[from] item: Leftovers
|upkeep
|turn|7
|
|t:|1776055260
|move|p2a: Dondozo|Curse|p2a: Dondozo
|-unboost|p2a: Dondozo|spe|1
|-boost|p2a: Dondozo|atk|1
|-boost|p2a: Dondozo|def|1
|move|p1a: Hatterene|Trick Room|p1a: Hatterene
|-fieldstart|move: Trick Room|[of] p1a: Hatterene
|
|-heal|p2a: Dondozo|78/100|[from] item: Leftovers
|upkeep
|turn|8
|
|t:|1776055276
|switch|p1a: Ursaluna|Ursaluna, M|29/100 brn
|move|p2a: Dondozo|Curse|p2a: Dondozo
|-unboost|p2a: Dondozo|spe|1
|-boost|p2a: Dondozo|atk|1
|-boost|p2a: Dondozo|def|1
|
|-heal|p2a: Dondozo|84/100|[from] item: Leftovers
|-damage|p1a: Ursaluna|22/100 brn|[from] brn
|upkeep
|turn|9
|inactive|tjz222 has 120 seconds left.
|
|t:|1776055288
|move|p2a: Dondozo|Body Press|p1a: Ursaluna
|-supereffective|p1a: Ursaluna
|-damage|p1a: Ursaluna|0 fnt
|faint|p1a: Ursaluna
|
|-heal|p2a: Dondozo|91/100|[from] item: Leftovers
|upkeep
|
|t:|1776055294
|switch|p1a: Rampardos|Rampardos, M|100/100
|turn|10
|
|t:|1776055300
|move|p2a: Dondozo|Body Press|p1a: Rampardos
|-supereffective|p1a: Rampardos
|-damage|p1a: Rampardos|0 fnt
|faint|p1a: Rampardos
|
|-heal|p2a: Dondozo|97/100|[from] item: Leftovers
|upkeep
|
|t:|1776055310
|switch|p1a: Torkoal|Torkoal, F|100/100
|-weather|SunnyDay|[from] ability: Drought|[of] p1a: Torkoal
|turn|11
|
|t:|1776055322
|move|p2a: Dondozo|Body Press|p1a: Torkoal
|-damage|p1a: Torkoal|48/100
|move|p1a: Torkoal|Solar Beam||[still]
|-prepare|p1a: Torkoal|Solar Beam
|-anim|p1a: Torkoal|Solar Beam|p2a: Dondozo
|-supereffective|p2a: Dondozo
|-damage|p2a: Dondozo|28/100
|
|-weather|SunnyDay|[upkeep]
|-heal|p2a: Dondozo|34/100|[from] item: Leftovers
|-fieldend|move: Trick Room
|upkeep
|turn|12
|
|t:|1776055340
|move|p1a: Torkoal|Solar Beam||[still]
|-prepare|p1a: Torkoal|Solar Beam
|-anim|p1a: Torkoal|Solar Beam|p2a: Dondozo
|-supereffective|p2a: Dondozo
|-damage|p2a: Dondozo|0 fnt
|faint|p2a: Dondozo
|
|-weather|SunnyDay|[upkeep]
|upkeep
|
|t:|1776055358
|switch|p2a: Dragonite|Dragonite, M|100/100
|turn|13
|
|t:|1776055364
|move|p2a: Dragonite|Dragon Dance|p2a: Dragonite
|-boost|p2a: Dragonite|atk|1
|-boost|p2a: Dragonite|spe|1
|move|p1a: Torkoal|Eruption|p2a: Dragonite
|-resisted|p2a: Dragonite
|-damage|p2a: Dragonite|78/100
|
|-weather|SunnyDay|[upkeep]
|upkeep
|turn|14
|
|t:|1776055373
|move|p2a: Dragonite|Dragon Dance|p2a: Dragonite
|-boost|p2a: Dragonite|atk|1
|-boost|p2a: Dragonite|spe|1
|move|p1a: Torkoal|Solar Beam||[still]
|-prepare|p1a: Torkoal|Solar Beam
|-anim|p1a: Torkoal|Solar Beam|p2a: Dragonite
|-resisted|p2a: Dragonite
|-damage|p2a: Dragonite|70/100
|
|-weather|SunnyDay|[upkeep]
|upkeep
|turn|15
|
|t:|1776055384
|move|p2a: Dragonite|Dragon Dance|p2a: Dragonite
|-boost|p2a: Dragonite|atk|1
|-boost|p2a: Dragonite|spe|1
|move|p1a: Torkoal|Weather Ball|p2a: Dragonite
|-resisted|p2a: Dragonite
|-damage|p2a: Dragonite|34/100
|
|-weather|none
|upkeep
|turn|16
|
|t:|1776055395
|move|p2a: Dragonite|Scale Shot|p1a: Torkoal
|-damage|p1a: Torkoal|22/100
|-damage|p1a: Torkoal|0 fnt
|faint|p1a: Torkoal
|-hitcount|p1: Torkoal|2
|-unboost|p2a: Dragonite|def|1
|-boost|p2a: Dragonite|spe|1
|
|upkeep
|
|t:|1776055405
|switch|p1a: Hatterene|Hatterene, F|26/100
|turn|17
|
|t:|1776055410
|move|p2a: Dragonite|Iron Head|p1a: Hatterene
|-supereffective|p1a: Hatterene
|-damage|p1a: Hatterene|0 fnt
|faint|p1a: Hatterene
|
|upkeep
|
|t:|1776055418
|switch|p1a: Indeedee|Indeedee-F, F|100/100
|-fieldstart|move: Psychic Terrain|[from] ability: Psychic Surge|[of] p1a: Indeedee
|turn|18
|
|t:|1776055426
|-terastallize|p2a: Dragonite|Dragon
|move|p2a: Dragonite|Scale Shot|p1a: Indeedee
|-damage|p1a: Indeedee|39/100
|-damage|p1a: Indeedee|0 fnt
|faint|p1a: Indeedee
|-hitcount|p1: Indeedee|2
|-unboost|p2a: Dragonite|def|1
|-boost|p2a: Dragonite|spe|1
|
|upkeep
|
|t:|1776055432
|switch|p1a: Porygon2|Porygon2|100/100
|-ability|p1a: Porygon2|Inner Focus|Trace|[from] ability: Trace|[of] p2a: Dragonite
|turn|19
|
|t:|1776055441
|move|p2a: Dragonite|Scale Shot|p1a: Porygon2|[miss]
|-miss|p2a: Dragonite|p1a: Porygon2
|move|p1a: Porygon2|Thunderbolt|p2a: Dragonite
|-resisted|p2a: Dragonite
|-crit|p2a: Dragonite
|-damage|p2a: Dragonite|20/100
|-status|p2a: Dragonite|par
|
|upkeep
|turn|20
|
|t:|1776055455
|cant|p2a: Dragonite|par
|move|p1a: Porygon2|Thunderbolt|p2a: Dragonite
|-resisted|p2a: Dragonite
|-damage|p2a: Dragonite|10/100 par
|
|upkeep
|turn|21
|
|t:|1776055462
|move|p2a: Dragonite|Scale Shot|p1a: Porygon2
|-damage|p1a: Porygon2|73/100
|-damage|p1a: Porygon2|43/100
|-damage|p1a: Porygon2|17/100
|-damage|p1a: Porygon2|0 fnt
|faint|p1a: Porygon2
|-hitcount|p1: Porygon2|4
|
|win|tjz222
|raw|Beartic ace's rating: 1082 &rarr; <strong>1062</strong><br />(-20 for losing)
|raw|tjz222's rating: 1114 &rarr; <strong>1137</strong><br />(+23 for winning)
|l|☆Beartic ace
|player|p1|
|l|☆tjz222
|player|p2|
