|html|<div class="broadcast-blue"><strong>[Gen 9] OU is currently suspecting Tera Blast! For information on how to participate check out the <a href="https://www.smogon.com/tools/suspects/view/200">suspect thread</a>.</strong></div>
|j|☆thugsnivy
|j|‽Spanku64
|t:|1776110172
|gametype|singles
|player|p1|thugsnivy|170|
|player|p2|Spanku64|101|
|gen|9
|tier|[Gen 9] OU
|rule|HP Percentage Mod: HP is shown in percentages
|rule|Endless Battle Clause: Forcing endless battles is banned
|rule|Species Clause: Limit one of each Pokémon
|rule|OHKO Clause: OHKO moves are banned
|rule|Evasion Items Clause: Evasion items are banned
|rule|Evasion Moves Clause: Evasion moves are banned
|rule|Evasion Abilities Clause: Evasion abilities are banned
|rule|Sleep Moves Clause: Sleep-inducing moves are banned
|clearpoke
|poke|p1|Great Tusk|
|poke|p1|Hydreigon, F|
|poke|p1|Serperior, F|
|poke|p1|Weezing-Galar, F|
|poke|p1|Tornadus-Therian, M|
|poke|p1|Gyarados, M|
|poke|p2|Slowbro, M|
|poke|p2|Iron Hands|
|poke|p2|Incineroar, M|
|poke|p2|Gholdengo|
|poke|p2|Raging Bolt|
|poke|p2|Heatran, M|
|teampreview
|j| council of noob
|l| council of noob
|
|t:|1776110192
|teamsize|p1|6
|teamsize|p2|6
|start
|switch|p1a: Gyarados|Gyarados, M|100/100
|switch|p2a: Raging Bolt|Raging Bolt|100/100
|turn|1
|j| council of noob
|l| council of noob
|j| council of noob
|
|t:|1776110221
|switch|p1a: Serperior|Serperior, F|100/100
|move|p2a: Raging Bolt|Thunderclap||[still]
|-fail|p2a: Raging Bolt
|
|upkeep
|turn|2
|
|t:|1776110235
|-end|p2a: Raging Bolt|Protosynthesis|[silent]
|switch|p2a: Incineroar|Incineroar, M, shiny|100/100
|move|p1a: Serperior|Dragon Pulse|p2a: Incineroar
|-damage|p2a: Incineroar|86/100
|
|upkeep
|turn|3
|
|t:|1776110242
|switch|p1a: Gyarados|Gyarados, M|100/100
|move|p2a: Incineroar|Flare Blitz|p1a: Gyarados
|-resisted|p1a: Gyarados
|-damage|p1a: Gyarados|71/100
|-damage|p2a: Incineroar|77/100|[from] Recoil
|
|upkeep
|turn|4
|
|t:|1776110252
|switch|p2a: Raging Bolt|Raging Bolt|100/100
|move|p1a: Gyarados|Dragon Dance|p1a: Gyarados
|-boost|p1a: Gyarados|atk|1
|-boost|p1a: Gyarados|spe|1
|
|upkeep
|turn|5
|
|t:|1776110263
|-terastallize|p1a: Gyarados|Dragon
|move|p1a: Gyarados|Scale Shot|p2a: Raging Bolt
|-supereffective|p2a: Raging Bolt
|-damage|p2a: Raging Bolt|65/100
|-supereffective|p2a: Raging Bolt
|-damage|p2a: Raging Bolt|31/100
|-supereffective|p2a: Raging Bolt
|-damage|p2a: Raging Bolt|0 fnt
|faint|p2a: Raging Bolt
|-end|p2a: Raging Bolt|Protosynthesis|[silent]
|-ability|p1a: Gyarados|Moxie|boost
|-boost|p1a: Gyarados|atk|1
|-hitcount|p2: Raging Bolt|3
|-unboost|p1a: Gyarados|def|1
|-boost|p1a: Gyarados|spe|1
|
|upkeep
|
|t:|1776110281
|switch|p2a: Iron Hands|Iron Hands, shiny|100/100
|turn|6
|
|t:|1776110288
|move|p1a: Gyarados|Earthquake|p2a: Iron Hands
|-supereffective|p2a: Iron Hands
|-damage|p2a: Iron Hands|10/100
|move|p2a: Iron Hands|Ice Punch|p1a: Gyarados
|-supereffective|p1a: Gyarados
|-damage|p1a: Gyarados|0 fnt
|faint|p1a: Gyarados
|
|upkeep
|
|t:|1776110295
|switch|p1a: Hydreigon|Hydreigon, F|100/100
|turn|7
|
|t:|1776110302
|-end|p2a: Iron Hands|Quark Drive|[silent]
|switch|p2a: Gholdengo|Gholdengo|100/100
|-item|p2a: Gholdengo|Air Balloon
|move|p1a: Hydreigon|Dark Pulse|p2a: Gholdengo
|-supereffective|p2a: Gholdengo
|-damage|p2a: Gholdengo|0 fnt
|-enditem|p2a: Gholdengo|Air Balloon
|faint|p2a: Gholdengo
|
|upkeep
|
|t:|1776110313
|switch|p2a: Heatran|Heatran, M|100/100
|turn|8
|
|t:|1776110328
|move|p2a: Heatran|Protect|p2a: Heatran
|-singleturn|p2a: Heatran|Protect
|move|p1a: Hydreigon|Earth Power|p2a: Heatran
|-activate|p2a: Heatran|move: Protect
|
|upkeep
|turn|9
|
|t:|1776110336
|switch|p2a: Slowbro|Slowbro, M, shiny|100/100
|move|p1a: Hydreigon|Nasty Plot|p1a: Hydreigon
|-boost|p1a: Hydreigon|spa|2
|
|upkeep
|turn|10
|
|t:|1776110345
|move|p1a: Hydreigon|Dark Pulse|p2a: Slowbro
|-supereffective|p2a: Slowbro
|-damage|p2a: Slowbro|0 fnt
|faint|p2a: Slowbro
|
|upkeep
|
|t:|1776110354
|switch|p2a: Heatran|Heatran, M|100/100
|turn|11
|
|t:|1776110361
|move|p2a: Heatran|Protect|p2a: Heatran
|-singleturn|p2a: Heatran|Protect
|move|p1a: Hydreigon|Earth Power|p2a: Heatran
|-activate|p2a: Heatran|move: Protect
|
|upkeep
|turn|12
|
|t:|1776110369
|move|p2a: Heatran|Protect||[still]
|-fail|p2a: Heatran
|move|p1a: Hydreigon|Earth Power|p2a: Heatran
|-supereffective|p2a: Heatran
|-damage|p2a: Heatran|0 fnt
|faint|p2a: Heatran
|
|upkeep
|
|t:|1776110378
|switch|p2a: Incineroar|Incineroar, M, shiny|77/100
|turn|13
|
|t:|1776110388
|move|p1a: Hydreigon|Earth Power|p2a: Incineroar
|-supereffective|p2a: Incineroar
|-damage|p2a: Incineroar|0 fnt
|faint|p2a: Incineroar
|
|upkeep
|
|t:|1776110393
|switch|p2a: Iron Hands|Iron Hands, shiny|10/100
|turn|14
|
|t:|1776110399
|move|p1a: Hydreigon|Flamethrower|p2a: Iron Hands
|-damage|p2a: Iron Hands|0 fnt
|faint|p2a: Iron Hands
|-end|p2a: Iron Hands|Quark Drive|[silent]
|
|win|thugsnivy
|c|☆thugsnivy|gg
|l|‽Spanku64
|player|p2|
