|html|<div class="broadcast-blue"><strong>[Gen 9] OU is currently suspecting Tera Blast! For information on how to participate check out the <a href="https://www.smogon.com/tools/suspects/view/200">suspect thread</a>.</strong></div>
|j|☆bufen
|j|☆fat chud seal
|t:|1776075617
|gametype|singles
|player|p1|bufen|youngster-gen4dp|1026
|player|p2|fat chud seal|266|1082
|gen|9
|tier|[Gen 9] OU
|rated|
|rule|HP Percentage Mod: HP is shown in percentages
|rule|Endless Battle Clause: Forcing endless battles is banned
|rule|Species Clause: Limit one of each Pokémon
|rule|OHKO Clause: OHKO moves are banned
|rule|Evasion Items Clause: Evasion items are banned
|rule|Evasion Moves Clause: Evasion moves are banned
|rule|Evasion Abilities Clause: Evasion abilities are banned
|rule|Sleep Moves Clause: Sleep-inducing moves are banned
|clearpoke
|poke|p1|Pelipper, F|
|poke|p1|Kingdra, M|
|poke|p1|Ludicolo, M|
|poke|p1|Dragonite, F|
|poke|p1|Zapdos|
|poke|p1|Scizor, M|
|poke|p2|Reuniclus, F|
|poke|p2|Corviknight, M|
|poke|p2|Ceruledge, F|
|poke|p2|Zarude|
|poke|p2|Iron Valiant|
|poke|p2|Barraskewda, F|
|teampreview
|
|t:|1776075624
|teamsize|p1|6
|teamsize|p2|6
|start
|switch|p1a: Pelipper|Pelipper, F|100/100
|switch|p2a: Thingamebob|Reuniclus, F|100/100
|-weather|RainDance|[from] ability: Drizzle|[of] p1a: Pelipper
|turn|1
|
|t:|1776075638
|switch|p1a: Scizor|Scizor, M|100/100
|move|p2a: Thingamebob|Trick|p1a: Scizor
|-activate|p2a: Thingamebob|move: Trick|[of] p1a: Scizor
|-item|p1a: Scizor|Sticky Barb|[from] move: Trick
|-item|p2a: Thingamebob|Heavy-Duty Boots|[from] move: Trick
|
|-weather|RainDance|[upkeep]
|-damage|p1a: Scizor|88/100|[from] item: Sticky Barb
|upkeep
|turn|2
|
|t:|1776075649
|switch|p2a: thingamejig|Ceruledge, F|100/100
|move|p1a: Scizor|Swords Dance|p1a: Scizor
|-boost|p1a: Scizor|atk|2
|
|-weather|RainDance|[upkeep]
|-damage|p1a: Scizor|76/100|[from] item: Sticky Barb
|upkeep
|turn|3
|
|t:|1776075667
|move|p2a: thingamejig|Bitter Blade|p1a: Scizor
|-supereffective|p1a: Scizor
|-damage|p1a: Scizor|0 fnt
|faint|p1a: Scizor
|
|-weather|RainDance|[upkeep]
|upkeep
|
|t:|1776075672
|switch|p1a: Dragonite|Dragonite, F|100/100
|turn|4
|
|t:|1776075681
|move|p1a: Dragonite|Dragon Dance|p1a: Dragonite
|-boost|p1a: Dragonite|atk|1
|-boost|p1a: Dragonite|spe|1
|move|p2a: thingamejig|Bitter Blade|p1a: Dragonite
|-resisted|p1a: Dragonite
|-damage|p1a: Dragonite|93/100
|
|-weather|RainDance|[upkeep]
|upkeep
|turn|5
|
|t:|1776075688
|-terastallize|p2a: thingamejig|Fairy
|move|p1a: Dragonite|Dragon Dance|p1a: Dragonite
|-boost|p1a: Dragonite|atk|1
|-boost|p1a: Dragonite|spe|1
|move|p2a: thingamejig|Tera Blast|p1a: Dragonite|[anim] Tera Blast Fairy
|-supereffective|p1a: Dragonite
|-damage|p1a: Dragonite|0 fnt
|faint|p1a: Dragonite
|
|-weather|RainDance|[upkeep]
|upkeep
|-message|bufen forfeited.
|
|win|fat chud seal
|raw|bufen's rating: 1026 &rarr; <strong>1014</strong><br />(-12 for losing)
|raw|fat chud seal's rating: 1082 &rarr; <strong>1105</strong><br />(+23 for winning)
|l|☆bufen
|player|p1|
