|html|<div class="broadcast-blue"><strong>[Gen 9] OU is currently suspecting Tera Blast! For information on how to participate check out the <a href="https://www.smogon.com/tools/suspects/view/200">suspect thread</a>.</strong></div>
|j|‽WertJohnny
|j|☆DumpyTrouble
|t:|1776062014
|gametype|singles
|player|p1|WertJohnny|170|1206
|player|p2|DumpyTrouble|steven|1139
|gen|9
|tier|[Gen 9] OU
|rated|
|rule|HP Percentage Mod: HP is shown in percentages
|rule|Endless Battle Clause: Forcing endless battles is banned
|rule|Species Clause: Limit one of each Pokémon
|rule|OHKO Clause: OHKO moves are banned
|rule|Evasion Items Clause: Evasion items are banned
|rule|Evasion Moves Clause: Evasion moves are banned
|rule|Evasion Abilities Clause: Evasion abilities are banned
|rule|Sleep Moves Clause: Sleep-inducing moves are banned
|clearpoke
|poke|p1|Dragapult, M|
|poke|p1|Enamorus, F|
|poke|p1|Gholdengo|
|poke|p1|Serperior, M|
|poke|p1|Ceruledge, F|
|poke|p1|Walking Wake|
|poke|p2|Gliscor, M|
|poke|p2|Iron Valiant|
|poke|p2|Incineroar, M|
|poke|p2|Tyranitar, F|
|poke|p2|Raging Bolt|
|poke|p2|Kingambit, M|
|teampreview
|inactive|Battle timer is ON: inactive players will automatically lose when time's up. (requested by DumpyTrouble)
|
|t:|1776062019
|teamsize|p1|6
|teamsize|p2|6
|start
|switch|p1a: Ceruledge|Ceruledge, F|100/100
|switch|p2a: Tyranitar|Tyranitar, F|100/100
|-weather|Sandstorm|[from] ability: Sand Stream|[of] p2a: Tyranitar
|turn|1
|
|t:|1776062029
|move|p1a: Ceruledge|Bulk Up|p1a: Ceruledge
|-boost|p1a: Ceruledge|atk|1
|-boost|p1a: Ceruledge|def|1
|move|p2a: Tyranitar|Stealth Rock|p1a: Ceruledge
|-sidestart|p1: WertJohnny|move: Stealth Rock
|
|-weather|Sandstorm|[upkeep]
|-damage|p1a: Ceruledge|94/100|[from] Sandstorm
|upkeep
|turn|2
|
|t:|1776062040
|move|p1a: Ceruledge|Bulk Up|p1a: Ceruledge
|-boost|p1a: Ceruledge|atk|1
|-boost|p1a: Ceruledge|def|1
|move|p2a: Tyranitar|Knock Off|p1a: Ceruledge
|-supereffective|p1a: Ceruledge
|-damage|p1a: Ceruledge|36/100
|-ability|p1a: Ceruledge|Weak Armor|boost
|-unboost|p1a: Ceruledge|def|1
|-boost|p1a: Ceruledge|spe|2
|-enditem|p1a: Ceruledge|Red Card|[from] move: Knock Off|[of] p2a: Tyranitar
|
|-weather|Sandstorm|[upkeep]
|-damage|p1a: Ceruledge|30/100|[from] Sandstorm
|upkeep
|turn|3
|
|t:|1776062057
|move|p1a: Ceruledge|X-Scissor|p2a: Tyranitar
|-supereffective|p2a: Tyranitar
|-damage|p2a: Tyranitar|14/100
|move|p2a: Tyranitar|Knock Off|p1a: Ceruledge
|-supereffective|p1a: Ceruledge
|-damage|p1a: Ceruledge|0 fnt
|faint|p1a: Ceruledge
|
|-weather|Sandstorm|[upkeep]
|upkeep
|
|t:|1776062069
|switch|p1a: Serperior|Serperior, M|100/100
|-damage|p1a: Serperior|88/100|[from] Stealth Rock
|turn|4
|
|t:|1776062080
|move|p1a: Serperior|Leaf Storm|p2a: Tyranitar|[miss]
|-miss|p1a: Serperior|p2a: Tyranitar
|move|p2a: Tyranitar|Ice Beam|p1a: Serperior
|-supereffective|p1a: Serperior
|-damage|p1a: Serperior|44/100
|
|-weather|Sandstorm|[upkeep]
|-damage|p1a: Serperior|37/100|[from] Sandstorm
|-heal|p1a: Serperior|44/100|[from] item: Leftovers
|upkeep
|turn|5
|
|t:|1776062091
|move|p1a: Serperior|Leaf Storm|p2a: Tyranitar|[miss]
|-miss|p1a: Serperior|p2a: Tyranitar
|move|p2a: Tyranitar|Ice Beam|p1a: Serperior
|-supereffective|p1a: Serperior
|-damage|p1a: Serperior|0 fnt
|faint|p1a: Serperior
|
|-weather|Sandstorm|[upkeep]
|upkeep
|-message|WertJohnny forfeited.
|
|win|DumpyTrouble
|raw|WertJohnny's rating: 1206 &rarr; <strong>1176</strong><br />(-30 for losing)
|raw|DumpyTrouble's rating: 1139 &rarr; <strong>1169</strong><br />(+30 for winning)
|l|‽WertJohnny
|player|p1|
