|html|<div class="broadcast-blue"><strong>[Gen 9] OU is currently suspecting Tera Blast! For information on how to participate check out the <a href="https://www.smogon.com/tools/suspects/view/200">suspect thread</a>.</strong></div>
|j|☆GODKUD
|j|☆Yuri Downham
|t:|1776042007
|gametype|singles
|player|p1|GODKUD|ghetsis-gen5bw|1373
|player|p2|Yuri Downham|palmer|1361
|gen|9
|tier|[Gen 9] OU
|rated|
|rule|HP Percentage Mod: HP is shown in percentages
|rule|Endless Battle Clause: Forcing endless battles is banned
|rule|Species Clause: Limit one of each Pokémon
|rule|OHKO Clause: OHKO moves are banned
|rule|Evasion Items Clause: Evasion items are banned
|rule|Evasion Moves Clause: Evasion moves are banned
|rule|Evasion Abilities Clause: Evasion abilities are banned
|rule|Sleep Moves Clause: Sleep-inducing moves are banned
|clearpoke
|poke|p1|Feraligatr, M|
|poke|p1|Conkeldurr, M|
|poke|p1|Rampardos, F|
|poke|p1|Haxorus, M|
|poke|p1|Deoxys-Speed|
|poke|p1|Tornadus-Therian, M|
|poke|p2|Samurott-Hisui, M|
|poke|p2|Ceruledge, F|
|poke|p2|Rillaboom, F|
|poke|p2|Moltres|
|poke|p2|Darkrai|
|poke|p2|Great Tusk|
|teampreview
|inactive|Battle timer is ON: inactive players will automatically lose when time's up. (requested by GODKUD)
|
|t:|1776042014
|teamsize|p1|6
|teamsize|p2|6
|start
|switch|p1a: Deoxys|Deoxys-Speed|100/100
|switch|p2a: Samurott|Samurott-Hisui, M|100/100
|-ability|p1a: Deoxys|Pressure
|turn|1
|
|t:|1776042018
|move|p1a: Deoxys|Reflect|p1a: Deoxys
|-sidestart|p1: GODKUD|Reflect
|move|p2a: Samurott|Ceaseless Edge|p1a: Deoxys
|-supereffective|p1a: Deoxys
|-damage|p1a: Deoxys|43/100
|-sidestart|p1: GODKUD|Spikes
|
|upkeep
|turn|2
|
|t:|1776042024
|move|p1a: Deoxys|Light Screen|p1a: Deoxys
|-sidestart|p1: GODKUD|move: Light Screen
|move|p2a: Samurott|Ceaseless Edge|p1a: Deoxys
|-supereffective|p1a: Deoxys
|-damage|p1a: Deoxys|0 fnt
|-sidestart|p1: GODKUD|Spikes
|faint|p1a: Deoxys
|
|upkeep
|
|t:|1776042039
|switch|p1a: Conkeldurr|Conkeldurr, M|100/100
|-damage|p1a: Conkeldurr|84/100|[from] Spikes
|turn|3
|
|t:|1776042044
|switch|p2a: Moltres|Moltres|100/100
|move|p1a: Conkeldurr|Drain Punch|p2a: Moltres
|-resisted|p2a: Moltres
|-damage|p2a: Moltres|86/100
|-heal|p1a: Conkeldurr|92/100|[from] drain|[of] p2a: Moltres
|
|-status|p1a: Conkeldurr|brn|[from] item: Flame Orb
|upkeep
|turn|4
|
|t:|1776042048
|move|p2a: Moltres|Flamethrower|p1a: Conkeldurr
|-damage|p1a: Conkeldurr|67/100 brn
|move|p1a: Conkeldurr|Knock Off|p2a: Moltres
|-damage|p2a: Moltres|46/100
|-enditem|p2a: Moltres|Heavy-Duty Boots|[from] move: Knock Off|[of] p1a: Conkeldurr
|
|-damage|p1a: Conkeldurr|61/100 brn|[from] brn
|upkeep
|turn|5
|
|t:|1776042052
|move|p2a: Moltres|Roost|p2a: Moltres
|-heal|p2a: Moltres|96/100
|-singleturn|p2a: Moltres|move: Roost
|move|p1a: Conkeldurr|Facade|p2a: Moltres
|-damage|p2a: Moltres|39/100
|
|-damage|p1a: Conkeldurr|55/100 brn|[from] brn
|upkeep
|turn|6
|
|t:|1776042058
|move|p2a: Moltres|Roost|p2a: Moltres
|-heal|p2a: Moltres|89/100
|-singleturn|p2a: Moltres|move: Roost
|move|p1a: Conkeldurr|Facade|p2a: Moltres
|-damage|p2a: Moltres|28/100
|
|-damage|p1a: Conkeldurr|49/100 brn|[from] brn
|upkeep
|turn|7
|
|t:|1776042065
|move|p2a: Moltres|Roost|p2a: Moltres
|-heal|p2a: Moltres|78/100
|-singleturn|p2a: Moltres|move: Roost
|move|p1a: Conkeldurr|Facade|p2a: Moltres
|-damage|p2a: Moltres|18/100
|
|-damage|p1a: Conkeldurr|43/100 brn|[from] brn
|upkeep
|turn|8
|
|t:|1776042072
|move|p2a: Moltres|Roost|p2a: Moltres
|-heal|p2a: Moltres|68/100
|-singleturn|p2a: Moltres|move: Roost
|move|p1a: Conkeldurr|Facade|p2a: Moltres
|-damage|p2a: Moltres|6/100
|
|-damage|p1a: Conkeldurr|37/100 brn|[from] brn
|-sideend|p1: GODKUD|Reflect
|upkeep
|turn|9
|
|t:|1776042080
|move|p1a: Conkeldurr|Mach Punch|p2a: Moltres
|-resisted|p2a: Moltres
|-damage|p2a: Moltres|0 fnt
|faint|p2a: Moltres
|
|-damage|p1a: Conkeldurr|31/100 brn|[from] brn
|-sideend|p1: GODKUD|move: Light Screen
|upkeep
|
|t:|1776042092
|switch|p2a: Rillaboom|Rillaboom, F|100/100
|-fieldstart|move: Grassy Terrain|[from] ability: Grassy Surge|[of] p2a: Rillaboom
|turn|10
|
|t:|1776042100
|move|p2a: Rillaboom|Grassy Glide|p1a: Conkeldurr
|-damage|p1a: Conkeldurr|0 fnt
|faint|p1a: Conkeldurr
|
|upkeep
|
|t:|1776042109
|switch|p1a: Tornadus|Tornadus-Therian, M|100/100
|turn|11
|
|t:|1776042114
|switch|p2a: Samurott|Samurott-Hisui, M|100/100
|move|p1a: Tornadus|Bleakwind Storm|p2a: Samurott
|-damage|p2a: Samurott|16/100
|-unboost|p2a: Samurott|spe|1
|-damage|p1a: Tornadus|91/100|[from] item: Life Orb
|
|-heal|p2a: Samurott|22/100|[from] Grassy Terrain
|upkeep
|turn|12
|
|t:|1776042121
|move|p2a: Samurott|Sucker Punch|p1a: Tornadus
|-damage|p1a: Tornadus|42/100
|move|p1a: Tornadus|Grass Knot|p2a: Samurott
|-supereffective|p2a: Samurott
|-damage|p2a: Samurott|0 fnt
|faint|p2a: Samurott
|-damage|p1a: Tornadus|33/100|[from] item: Life Orb
|
|upkeep
|
|t:|1776042128
|switch|p2a: Darkrai|Darkrai|100/100
|turn|13
|
|t:|1776042131
|move|p2a: Darkrai|Dark Pulse|p1a: Tornadus
|-damage|p1a: Tornadus|0 fnt
|faint|p1a: Tornadus
|
|upkeep
|
|t:|1776042134
|switch|p1a: Feraligatr|Feraligatr, M|100/100
|-damage|p1a: Feraligatr|84/100|[from] Spikes
|turn|14
|
|t:|1776042142
|switch|p2a: Rillaboom|Rillaboom, F|100/100
|move|p1a: Feraligatr|Liquidation|p2a: Rillaboom
|-resisted|p2a: Rillaboom
|-damage|p2a: Rillaboom|62/100
|
|-heal|p1a: Feraligatr|90/100|[from] Grassy Terrain
|-heal|p2a: Rillaboom|68/100|[from] Grassy Terrain
|-fieldend|move: Grassy Terrain
|upkeep
|turn|15
|
|t:|1776042148
|-terastallize|p1a: Feraligatr|Dark
|move|p1a: Feraligatr|Dragon Dance|p1a: Feraligatr
|-boost|p1a: Feraligatr|atk|1
|-boost|p1a: Feraligatr|spe|1
|move|p2a: Rillaboom|Wood Hammer|p1a: Feraligatr
|-damage|p1a: Feraligatr|11/100
|-damage|p2a: Rillaboom|45/100|[from] Recoil
|
|upkeep
|turn|16
|
|t:|1776042156
|switch|p2a: Great Tusk|Great Tusk|100/100
|move|p1a: Feraligatr|Liquidation|p2a: Great Tusk
|-supereffective|p2a: Great Tusk
|-damage|p2a: Great Tusk|0 fnt
|faint|p2a: Great Tusk
|-end|p2a: Great Tusk|Protosynthesis|[silent]
|
|upkeep
|
|t:|1776042158
|switch|p2a: Rillaboom|Rillaboom, F|45/100
|-fieldstart|move: Grassy Terrain|[from] ability: Grassy Surge|[of] p2a: Rillaboom
|turn|17
|
|t:|1776042160
|move|p2a: Rillaboom|Grassy Glide|p1a: Feraligatr
|-damage|p1a: Feraligatr|0 fnt
|faint|p1a: Feraligatr
|
|-heal|p2a: Rillaboom|51/100|[from] Grassy Terrain
|upkeep
|
|t:|1776042163
|switch|p1a: Haxorus|Haxorus, M|100/100
|-damage|p1a: Haxorus|84/100|[from] Spikes
|-ability|p1a: Haxorus|Mold Breaker
|turn|18
|
|t:|1776042167
|switch|p2a: Darkrai|Darkrai|100/100
|move|p1a: Haxorus|Scale Shot|p2a: Darkrai
|-damage|p2a: Darkrai|82/100
|-damage|p2a: Darkrai|64/100
|-damage|p2a: Darkrai|45/100
|-damage|p2a: Darkrai|26/100
|-hitcount|p2a: Darkrai|4
|-unboost|p1a: Haxorus|def|1
|-boost|p1a: Haxorus|spe|1
|
|-heal|p1a: Haxorus|90/100|[from] Grassy Terrain
|-heal|p2a: Darkrai|32/100|[from] Grassy Terrain
|upkeep
|turn|19
|
|t:|1776042172
|move|p1a: Haxorus|Scale Shot|p2a: Darkrai
|-damage|p2a: Darkrai|11/100
|-damage|p2a: Darkrai|0 fnt
|faint|p2a: Darkrai
|-hitcount|p2: Darkrai|2
|-unboost|p1a: Haxorus|def|1
|-boost|p1a: Haxorus|spe|1
|
|-heal|p1a: Haxorus|96/100|[from] Grassy Terrain
|upkeep
|
|t:|1776042174
|switch|p2a: Ceruledge|Ceruledge, F|100/100
|turn|20
|
|t:|1776042178
|switch|p1a: Rampardos|Rampardos, F|100/100
|-damage|p1a: Rampardos|84/100|[from] Spikes
|-ability|p1a: Rampardos|Mold Breaker
|-terastallize|p2a: Ceruledge|Ghost
|move|p2a: Ceruledge|Shadow Sneak|p1a: Rampardos
|-damage|p1a: Rampardos|21/100
|-enditem|p1a: Rampardos|Salac Berry|[eat]
|-boost|p1a: Rampardos|spe|1|[from] item: Salac Berry
|-damage|p2a: Ceruledge|90/100|[from] item: Life Orb
|
|-heal|p1a: Rampardos|27/100|[from] Grassy Terrain
|-heal|p2a: Ceruledge|97/100|[from] Grassy Terrain
|upkeep
|turn|21
|
|t:|1776042188
|move|p2a: Ceruledge|Shadow Sneak|p1a: Rampardos
|-crit|p1a: Rampardos
|-damage|p1a: Rampardos|0 fnt
|faint|p1a: Rampardos
|-damage|p2a: Ceruledge|87/100|[from] item: Life Orb
|
|-heal|p2a: Ceruledge|93/100|[from] Grassy Terrain
|-fieldend|move: Grassy Terrain
|upkeep
|
|t:|1776042190
|switch|p1a: Haxorus|Haxorus, M|96/100
|-damage|p1a: Haxorus|80/100|[from] Spikes
|-ability|p1a: Haxorus|Mold Breaker
|turn|22
|
|t:|1776042192
|switch|p2a: Rillaboom|Rillaboom, F|51/100
|-fieldstart|move: Grassy Terrain|[from] ability: Grassy Surge|[of] p2a: Rillaboom
|move|p1a: Haxorus|Scale Shot|p2a: Rillaboom
|-damage|p2a: Rillaboom|35/100
|-damage|p2a: Rillaboom|19/100
|-damage|p2a: Rillaboom|3/100
|-damage|p2a: Rillaboom|0 fnt
|faint|p2a: Rillaboom
|-hitcount|p2: Rillaboom|4
|-unboost|p1a: Haxorus|def|1
|-boost|p1a: Haxorus|spe|1
|
|-heal|p1a: Haxorus|86/100|[from] Grassy Terrain
|upkeep
|
|t:|1776042194
|switch|p2a: Ceruledge|Ceruledge, F, tera:Ghost|93/100
|turn|23
|
|t:|1776042196
|move|p2a: Ceruledge|Shadow Sneak|p1a: Haxorus
|-damage|p1a: Haxorus|11/100
|-damage|p2a: Ceruledge|83/100|[from] item: Life Orb
|move|p1a: Haxorus|Scale Shot|p2a: Ceruledge
|-damage|p2a: Ceruledge|67/100
|-ability|p2a: Ceruledge|Weak Armor|boost
|-unboost|p2a: Ceruledge|def|1
|-boost|p2a: Ceruledge|spe|2
|-damage|p2a: Ceruledge|44/100
|-ability|p2a: Ceruledge|Weak Armor|boost
|-unboost|p2a: Ceruledge|def|1
|-boost|p2a: Ceruledge|spe|2
|-damage|p2a: Ceruledge|10/100
|-ability|p2a: Ceruledge|Weak Armor|boost
|-unboost|p2a: Ceruledge|def|1
|-boost|p2a: Ceruledge|spe|2
|-damage|p2a: Ceruledge|0 fnt
|faint|p2a: Ceruledge
|-hitcount|p2: Ceruledge|4
|
|win|GODKUD
|raw|GODKUD's rating: 1373 &rarr; <strong>1392</strong><br />(+19 for winning)
|raw|Yuri Downham's rating: 1361 &rarr; <strong>1342</strong><br />(-19 for losing)
|l|☆GODKUD
|player|p1|
|l|☆Yuri Downham
|player|p2|
