|html|<div class="broadcast-blue"><strong>[Gen 9] OU is currently suspecting Tera Blast! For information on how to participate check out the <a href="https://www.smogon.com/tools/suspects/view/200">suspect thread</a>.</strong></div>
|j|☆marnie.fan numba1
|j|☆Cuppycakepop
|t:|1776161249
|gametype|singles
|player|p1|marnie.fan numba1|1|1056
|player|p2|Cuppycakepop|cynthia-masters4|1102
|gen|9
|tier|[Gen 9] OU
|rated|
|rule|HP Percentage Mod: HP is shown in percentages
|rule|Endless Battle Clause: Forcing endless battles is banned
|rule|Species Clause: Limit one of each Pokémon
|rule|OHKO Clause: OHKO moves are banned
|rule|Evasion Items Clause: Evasion items are banned
|rule|Evasion Moves Clause: Evasion moves are banned
|rule|Evasion Abilities Clause: Evasion abilities are banned
|rule|Sleep Moves Clause: Sleep-inducing moves are banned
|clearpoke
|poke|p1|Araquanid, M|
|poke|p1|Tinkaton, F|
|poke|p1|Krookodile, F|
|poke|p1|Brambleghast, M|
|poke|p1|Comfey, F|
|poke|p1|Marshtomp, M|
|poke|p2|Araquanid, M|
|poke|p2|Dragapult, M|
|poke|p2|Great Tusk|
|poke|p2|Mienshao, M|
|poke|p2|Hatterene, F|
|poke|p2|Kingambit, M|
|teampreview
|inactive|Battle timer is ON: inactive players will automatically lose when time's up. (requested by Cuppycakepop)
|
|t:|1776161266
|teamsize|p1|6
|teamsize|p2|6
|start
|switch|p1a: Brambleghast|Brambleghast, M|100/100
|switch|p2a: Great Tusk|Great Tusk|100/100
|-enditem|p2a: Great Tusk|Booster Energy
|-activate|p2a: Great Tusk|ability: Protosynthesis|[fromitem]
|-start|p2a: Great Tusk|protosynthesisatk
|turn|1
|
|t:|1776161276
|move|p1a: Brambleghast|Power Whip|p2a: Great Tusk|[miss]
|-miss|p1a: Brambleghast|p2a: Great Tusk
|move|p2a: Great Tusk|Stealth Rock|p1a: Brambleghast
|-sidestart|p1: marnie.fan numba1|move: Stealth Rock
|
|upkeep
|turn|2
|c|☆marnie.fan numba1|NO
|c|☆marnie.fan numba1|im wide lens too
|c|☆marnie.fan numba1|thats 93% accurate
|c|☆marnie.fan numba1|are we serious
|
|t:|1776161291
|-end|p2a: Great Tusk|Protosynthesis|[silent]
|switch|p2a: Hatterene|Hatterene, F|100/100
|move|p1a: Brambleghast|Power Whip|p2a: Hatterene
|-damage|p2a: Hatterene|35/100
|
|-heal|p2a: Hatterene|41/100|[from] item: Leftovers
|upkeep
|turn|3
|
|t:|1776161297
|move|p1a: Brambleghast|Poltergeist|p2a: Hatterene
|-activate|p2a: Hatterene|move: Poltergeist|Leftovers
|-supereffective|p2a: Hatterene
|-damage|p2a: Hatterene|0 fnt
|faint|p2a: Hatterene
|
|upkeep
|
|t:|1776161308
|switch|p2a: Dragapult|Dragapult, M|100/100
|turn|4
|
|t:|1776161320
|-terastallize|p1a: Brambleghast|Grass
|move|p2a: Dragapult|Dragon Darts|p1a: Brambleghast
|-damage|p1a: Brambleghast|31/100
|-anim|p2a: Dragapult|Dragon Darts|p1a: Brambleghast
|-crit|p1a: Brambleghast
|-damage|p1a: Brambleghast|0 fnt
|faint|p1a: Brambleghast
|-damage|p2a: Dragapult|91/100|[from] item: Life Orb
|
|upkeep
|
|t:|1776161329
|switch|p1a: Krookodile|Krookodile, F|100/100
|-damage|p1a: Krookodile|94/100|[from] Stealth Rock
|turn|5
|
|t:|1776161336
|move|p1a: Krookodile|Knock Off|p2a: Dragapult
|-supereffective|p2a: Dragapult
|-damage|p2a: Dragapult|0 fnt
|-enditem|p2a: Dragapult|Life Orb|[from] move: Knock Off|[of] p1a: Krookodile
|faint|p2a: Dragapult
|-ability|p1a: Krookodile|Moxie|boost
|-boost|p1a: Krookodile|atk|1
|
|upkeep
|
|t:|1776161362
|switch|p2a: Mienshao|Mienshao, M|100/100
|turn|6
|
|t:|1776161371
|move|p1a: Krookodile|Knock Off|p2a: Mienshao
|-resisted|p2a: Mienshao
|-damage|p2a: Mienshao|39/100
|-enditem|p2a: Mienshao|Focus Sash|[from] move: Knock Off|[of] p1a: Krookodile
|move|p2a: Mienshao|High Jump Kick|p1a: Krookodile
|-supereffective|p1a: Krookodile
|-damage|p1a: Krookodile|0 fnt
|faint|p1a: Krookodile
|
|upkeep
|
|t:|1776161382
|switch|p1a: Comfey|Comfey, F|100/100
|-damage|p1a: Comfey|88/100|[from] Stealth Rock
|turn|7
|
|t:|1776161397
|move|p1a: Comfey|Draining Kiss|p2a: Mienshao
|-supereffective|p2a: Mienshao
|-damage|p2a: Mienshao|0 fnt
|-heal|p1a: Comfey|100/100|[from] drain|[of] p2a: Mienshao
|faint|p2a: Mienshao
|
|upkeep
|
|t:|1776161401
|switch|p2a: Great Tusk|Great Tusk|100/100
|turn|8
|
|t:|1776161417
|move|p1a: Comfey|Calm Mind|p1a: Comfey
|-boost|p1a: Comfey|spa|1
|-boost|p1a: Comfey|spd|1
|move|p2a: Great Tusk|Headlong Rush|p1a: Comfey
|-damage|p1a: Comfey|1/100
|-unboost|p2a: Great Tusk|def|1
|-unboost|p2a: Great Tusk|spd|1
|
|-heal|p1a: Comfey|7/100|[from] item: Leftovers
|upkeep
|turn|9
|
|t:|1776161421
|move|p1a: Comfey|Draining Kiss|p2a: Great Tusk
|-supereffective|p2a: Great Tusk
|-damage|p2a: Great Tusk|0 fnt
|-heal|p1a: Comfey|100/100|[from] drain|[of] p2a: Great Tusk
|faint|p2a: Great Tusk
|-end|p2a: Great Tusk|Protosynthesis|[silent]
|
|upkeep
|c|☆Cuppycakepop|Trash noob
|c|☆marnie.fan numba1|lmao
|-message|Cuppycakepop forfeited.
|
|win|marnie.fan numba1
|raw|marnie.fan numba1's rating: 1056 &rarr; <strong>1092</strong><br />(+36 for winning)
|raw|Cuppycakepop's rating: 1102 &rarr; <strong>1074</strong><br />(-28 for losing)
|l|☆Cuppycakepop
|player|p2|
