|html|<div class="broadcast-blue"><strong>[Gen 9] OU is currently suspecting Tera Blast! For information on how to participate check out the <a href="https://www.smogon.com/tools/suspects/view/200">suspect thread</a>.</strong></div>
|j|☆I will eat another
|j|☆bssdeebb
|t:|1776074189
|gametype|singles
|player|p1|I will eat another|depotagent|1298
|player|p2|bssdeebb|palmer|1273
|gen|9
|tier|[Gen 9] OU
|rated|
|rule|HP Percentage Mod: HP is shown in percentages
|rule|Endless Battle Clause: Forcing endless battles is banned
|rule|Species Clause: Limit one of each Pokémon
|rule|OHKO Clause: OHKO moves are banned
|rule|Evasion Items Clause: Evasion items are banned
|rule|Evasion Moves Clause: Evasion moves are banned
|rule|Evasion Abilities Clause: Evasion abilities are banned
|rule|Sleep Moves Clause: Sleep-inducing moves are banned
|clearpoke
|poke|p1|Breloom, M|
|poke|p1|Swinub, M|
|poke|p1|Iron Crown|
|poke|p1|Glimmora, F|
|poke|p1|Talonflame, F|
|poke|p1|Greninja-*, M|
|poke|p2|Darkrai|
|poke|p2|Iron Valiant|
|poke|p2|Zapdos|
|poke|p2|Dragapult, F|
|poke|p2|Cinderace, F|
|poke|p2|Ting-Lu|
|teampreview
|inactive|Battle timer is ON: inactive players will automatically lose when time's up. (requested by I will eat another)
|
|t:|1776074196
|teamsize|p1|6
|teamsize|p2|6
|start
|switch|p1a: Greninja|Greninja, M|100/100
|switch|p2a: Zapdos|Zapdos|100/100
|turn|1
|
|t:|1776074201
|move|p1a: Greninja|Ice Beam|p2a: Zapdos
|-start|p1a: Greninja|typechange|Ice|[from] ability: Protean
|-supereffective|p2a: Zapdos
|-damage|p2a: Zapdos|0 fnt
|faint|p2a: Zapdos
|
|upkeep
|
|t:|1776074210
|switch|p2a: Cinderace|Cinderace, F|100/100
|turn|2
|
|t:|1776074212
|switch|p1a: Glimmora|Glimmora, F|100/100
|move|p2a: Cinderace|U-turn|p1a: Glimmora
|-start|p2a: Cinderace|typechange|Bug|[from] ability: Libero
|-resisted|p1a: Glimmora
|-damage|p1a: Glimmora|81/100
|-activate|p1a: Glimmora|ability: Toxic Debris
|-sidestart|p2: bssdeebb|move: Toxic Spikes
|
|t:|1776074219
|switch|p2a: Ting-Lu|Ting-Lu|100/100|[from] U-turn
|-status|p2a: Ting-Lu|psn
|-ability|p2a: Ting-Lu|Vessel of Ruin
|
|-damage|p2a: Ting-Lu|88/100 psn|[from] psn
|upkeep
|turn|3
|
|t:|1776074232
|switch|p1a: Talonflame|Talonflame, F|100/100
|move|p2a: Ting-Lu|Earthquake|p1a: Talonflame
|-immune|p1a: Talonflame
|
|-damage|p2a: Ting-Lu|76/100 psn|[from] psn
|upkeep
|turn|4
|
|t:|1776074240
|switch|p1a: Breloom|Breloom, M|100/100
|move|p2a: Ting-Lu|Rock Slide|p1a: Breloom|[miss]
|-miss|p2a: Ting-Lu|p1a: Breloom
|
|-damage|p2a: Ting-Lu|63/100 psn|[from] psn
|upkeep
|turn|5
|
|t:|1776074250
|switch|p2a: Dragapult|Dragapult, F|100/100
|-status|p2a: Dragapult|psn
|move|p1a: Breloom|Bullet Seed|p2a: Dragapult
|-resisted|p2a: Dragapult
|-damage|p2a: Dragapult|81/100 psn
|-resisted|p2a: Dragapult
|-damage|p2a: Dragapult|63/100 psn
|-hitcount|p2a: Dragapult|2
|-damage|p1a: Breloom|91/100|[from] item: Life Orb
|
|-damage|p2a: Dragapult|50/100 psn|[from] psn
|upkeep
|turn|6
|
|t:|1776074264
|switch|p1a: Glimmora|Glimmora, F|81/100
|move|p2a: Dragapult|Dragon Darts|p1a: Glimmora
|-damage|p1a: Glimmora|32/100
|-activate|p1a: Glimmora|ability: Toxic Debris
|-sidestart|p2: bssdeebb|move: Toxic Spikes
|-anim|p2a: Dragapult|Dragon Darts|p1a: Glimmora
|-damage|p1a: Glimmora|0 fnt
|faint|p1a: Glimmora
|
|-damage|p2a: Dragapult|38/100 psn|[from] psn
|upkeep
|
|t:|1776074274
|switch|p1a: Iron Crown|Iron Crown|100/100
|-enditem|p1a: Iron Crown|Booster Energy
|-activate|p1a: Iron Crown|ability: Quark Drive|[fromitem]
|-start|p1a: Iron Crown|quarkdrivespe
|turn|7
|
|t:|1776074287
|move|p1a: Iron Crown|Tachyon Cutter|p2a: Dragapult
|-damage|p2a: Dragapult|6/100 psn
|-damage|p2a: Dragapult|0 fnt
|faint|p2a: Dragapult
|-hitcount|p2: Dragapult|2
|
|upkeep
|
|t:|1776074291
|switch|p2a: Cinderace|Cinderace, F|100/100
|turn|8
|
|t:|1776074296
|-terastallize|p1a: Iron Crown|Fighting
|move|p1a: Iron Crown|Focus Blast|p2a: Cinderace
|-damage|p2a: Cinderace|26/100
|move|p2a: Cinderace|Court Change|p2a: Cinderace
|-start|p2a: Cinderace|typechange|Normal|[from] ability: Libero
|-swapsideconditions
|-activate|p2a: Cinderace|move: Court Change
|
|upkeep
|turn|9
|
|t:|1776074309
|move|p1a: Iron Crown|Tachyon Cutter|p2a: Cinderace
|-damage|p2a: Cinderace|0 fnt
|faint|p2a: Cinderace
|-hitcount|p2: Cinderace|1
|
|upkeep
|
|t:|1776074313
|switch|p2a: Iron Valiant|Iron Valiant|100/100
|-enditem|p2a: Iron Valiant|Booster Energy
|-activate|p2a: Iron Valiant|ability: Quark Drive|[fromitem]
|-start|p2a: Iron Valiant|quarkdrivespe
|turn|10
|
|t:|1776074319
|move|p2a: Iron Valiant|Moonblast|p1a: Iron Crown
|-supereffective|p1a: Iron Crown
|-crit|p1a: Iron Crown
|-damage|p1a: Iron Crown|0 fnt
|faint|p1a: Iron Crown
|-end|p1a: Iron Crown|Quark Drive|[silent]
|
|upkeep
|
|t:|1776074326
|switch|p1a: Swinub|Swinub, M|100/100
|-status|p1a: Swinub|tox
|turn|11
|
|t:|1776074331
|move|p2a: Iron Valiant|Close Combat|p1a: Swinub
|-supereffective|p1a: Swinub
|-enditem|p1a: Swinub|Focus Sash
|-damage|p1a: Swinub|1/100 tox
|-unboost|p2a: Iron Valiant|def|1
|-unboost|p2a: Iron Valiant|spd|1
|move|p1a: Swinub|Endeavor|p2a: Iron Valiant
|-damage|p2a: Iron Valiant|1/100
|
|-damage|p1a: Swinub|0 fnt|[from] psn
|faint|p1a: Swinub
|upkeep
|
|t:|1776074343
|switch|p1a: Breloom|Breloom, M|91/100
|-status|p1a: Breloom|tox
|turn|12
|
|t:|1776074349
|move|p1a: Breloom|Mach Punch|p2a: Iron Valiant
|-resisted|p2a: Iron Valiant
|-crit|p2a: Iron Valiant
|-damage|p2a: Iron Valiant|0 fnt
|faint|p2a: Iron Valiant
|-end|p2a: Iron Valiant|Quark Drive|[silent]
|-damage|p1a: Breloom|81/100 tox|[from] item: Life Orb
|
|-damage|p1a: Breloom|74/100 tox|[from] psn
|upkeep
|
|t:|1776074352
|switch|p2a: Darkrai|Darkrai|100/100
|turn|13
|
|t:|1776074357
|-terastallize|p2a: Darkrai|Poison
|move|p1a: Breloom|Mach Punch|p2a: Darkrai
|-resisted|p2a: Darkrai
|-damage|p2a: Darkrai|76/100
|-damage|p1a: Breloom|64/100 tox|[from] item: Life Orb
|move|p2a: Darkrai|Sludge Bomb|p1a: Breloom
|-supereffective|p1a: Breloom
|-damage|p1a: Breloom|0 fnt
|faint|p1a: Breloom
|-damage|p2a: Darkrai|66/100|[from] item: Life Orb
|
|upkeep
|
|t:|1776074368
|switch|p1a: Talonflame|Talonflame, F|100/100
|turn|14
|
|t:|1776074372
|move|p1a: Talonflame|Defog|p2a: Darkrai
|-unboost|p2a: Darkrai|evasion|1
|-sideend|p1: I will eat another|Toxic Spikes|[from] move: Defog|[of] p1a: Talonflame
|move|p2a: Darkrai|Dark Pulse|p1a: Talonflame
|-damage|p1a: Talonflame|27/100
|-damage|p2a: Darkrai|56/100|[from] item: Life Orb
|
|upkeep
|turn|15
|
|t:|1776074383
|move|p1a: Talonflame|Will-O-Wisp|p2a: Darkrai
|-status|p2a: Darkrai|brn
|move|p2a: Darkrai|Dark Pulse|p1a: Talonflame
|-damage|p1a: Talonflame|0 fnt
|faint|p1a: Talonflame
|-damage|p2a: Darkrai|46/100 brn|[from] item: Life Orb
|
|-damage|p2a: Darkrai|40/100 brn|[from] brn
|upkeep
|
|t:|1776074393
|switch|p1a: Greninja|Greninja, M|100/100
|turn|16
|
|t:|1776074402
|move|p2a: Darkrai|Focus Blast|p1a: Greninja
|-supereffective|p1a: Greninja
|-damage|p1a: Greninja|0 fnt
|faint|p1a: Greninja
|-damage|p2a: Darkrai|30/100 brn|[from] item: Life Orb
|
|win|bssdeebb
|raw|I will eat another's rating: 1298 &rarr; <strong>1271</strong><br />(-27 for losing)
|raw|bssdeebb's rating: 1273 &rarr; <strong>1300</strong><br />(+27 for winning)
|l|☆bssdeebb
|player|p2|
|l|☆I will eat another
|player|p1|
