|html|<div class="broadcast-blue"><strong>[Gen 9] OU is currently suspecting Tera Blast! For information on how to participate check out the <a href="https://www.smogon.com/tools/suspects/view/200">suspect thread</a>.</strong></div>
|j|☆EmperorGTR
|j|☆DeathMelMetal
|t:|1776044253
|gametype|singles
|player|p1|EmperorGTR|swimmer|1460
|player|p2|DeathMelMetal|roxie|1531
|gen|9
|tier|[Gen 9] OU
|rated|
|rule|HP Percentage Mod: HP is shown in percentages
|rule|Endless Battle Clause: Forcing endless battles is banned
|rule|Species Clause: Limit one of each Pokémon
|rule|OHKO Clause: OHKO moves are banned
|rule|Evasion Items Clause: Evasion items are banned
|rule|Evasion Moves Clause: Evasion moves are banned
|rule|Evasion Abilities Clause: Evasion abilities are banned
|rule|Sleep Moves Clause: Sleep-inducing moves are banned
|clearpoke
|poke|p1|Dragapult, F|
|poke|p1|Clodsire, M|
|poke|p1|Deoxys-Speed|
|poke|p1|Corviknight, M|
|poke|p1|Ogerpon-Wellspring, F|
|poke|p1|Mamoswine, F|
|poke|p2|Mamoswine, F|
|poke|p2|Primarina, M|
|poke|p2|Cinderace, F|
|poke|p2|Empoleon, M|
|poke|p2|Landorus-Therian, M|
|poke|p2|Muk-Alola, F|
|teampreview
|inactive|Battle timer is ON: inactive players will automatically lose when time's up. (requested by EmperorGTR)
|inactive|DeathMelMetal has 120 seconds left.
|c|☆DeathMelMetal|mamo enjoyer
|c|☆EmperorGTR|👍
|inactive|DeathMelMetal has 90 seconds left.
|
|t:|1776044326
|teamsize|p1|6
|teamsize|p2|6
|start
|switch|p1a: Mamoswine|Mamoswine, F, shiny|100/100
|switch|p2a: Cinderace|Cinderace, F|100/100
|turn|1
|
|t:|1776044337
|move|p1a: Mamoswine|Earthquake|p2a: Cinderace
|-supereffective|p2a: Cinderace
|-damage|p2a: Cinderace|0 fnt
|faint|p2a: Cinderace
|
|upkeep
|
|t:|1776044341
|switch|p2a: Landorus|Landorus-Therian, M|100/100
|-ability|p2a: Landorus|Intimidate|boost
|-unboost|p1a: Mamoswine|atk|1
|turn|2
|
|t:|1776044345
|switch|p1a: Corviknight|Corviknight, M, shiny|100/100
|-ability|p1a: Corviknight|Pressure
|move|p2a: Landorus|Stealth Rock|p1a: Corviknight
|-sidestart|p1: EmperorGTR|move: Stealth Rock
|
|upkeep
|turn|3
|
|t:|1776044351
|move|p2a: Landorus|Taunt|p1a: Corviknight
|-start|p1a: Corviknight|move: Taunt
|cant|p1a: Corviknight|move: Taunt|Defog
|
|upkeep
|turn|4
|
|t:|1776044355
|move|p2a: Landorus|U-turn|p1a: Corviknight
|-resisted|p1a: Corviknight
|-damage|p1a: Corviknight|98/100
|-damage|p2a: Landorus|84/100|[from] item: Rocky Helmet|[of] p1a: Corviknight
|
|t:|1776044365
|switch|p2a: Muk|Muk-Alola, F|100/100|[from] U-turn
|move|p1a: Corviknight|Iron Head|p2a: Muk
|-damage|p2a: Muk|74/100
|
|upkeep
|turn|5
|
|t:|1776044384
|move|p1a: Corviknight|Iron Head|p2a: Muk
|-damage|p2a: Muk|47/100
|cant|p2a: Muk|flinch
|
|-end|p1a: Corviknight|move: Taunt
|upkeep
|turn|6
|
|t:|1776044393
|switch|p2a: Mamoswine|Mamoswine, F|100/100
|move|p1a: Corviknight|Defog|p2a: Mamoswine
|-unboost|p2a: Mamoswine|evasion|1
|-sideend|p1: EmperorGTR|Stealth Rock|[from] move: Defog|[of] p1a: Corviknight
|
|upkeep
|turn|7
|
|t:|1776044405
|-terastallize|p2a: Mamoswine|Ice
|move|p2a: Mamoswine|Icicle Crash|p1a: Corviknight
|-damage|p1a: Corviknight|36/100
|move|p1a: Corviknight|Iron Head|p2a: Mamoswine
|-supereffective|p2a: Mamoswine
|-damage|p2a: Mamoswine|47/100
|
|upkeep
|turn|8
|
|t:|1776044412
|switch|p1a: Mamoswine|Mamoswine, F, shiny|100/100
|move|p2a: Mamoswine|Icicle Crash|p1a: Mamoswine
|-crit|p1a: Mamoswine
|-damage|p1a: Mamoswine|20/100
|
|upkeep
|turn|9
|
|t:|1776044421
|switch|p2a: Landorus|Landorus-Therian, M|84/100
|-ability|p2a: Landorus|Intimidate|boost
|-unboost|p1a: Mamoswine|atk|1
|move|p1a: Mamoswine|Knock Off|p2a: Landorus
|-damage|p2a: Landorus|64/100
|-damage|p1a: Mamoswine|3/100|[from] item: Rocky Helmet|[of] p2a: Landorus
|-enditem|p2a: Landorus|Rocky Helmet|[from] move: Knock Off|[of] p1a: Mamoswine
|
|upkeep
|turn|10
|
|t:|1776044430
|switch|p1a: Corviknight|Corviknight, M, shiny|36/100
|-ability|p1a: Corviknight|Pressure
|move|p2a: Landorus|Stealth Rock|p1a: Corviknight
|-sidestart|p1: EmperorGTR|move: Stealth Rock
|
|upkeep
|turn|11
|
|t:|1776044436
|move|p2a: Landorus|Taunt|p1a: Corviknight
|-start|p1a: Corviknight|move: Taunt
|move|p1a: Corviknight|Iron Head|p2a: Landorus
|-damage|p2a: Landorus|40/100
|
|upkeep
|turn|12
|
|t:|1776044449
|switch|p2a: Primarina|Primarina, M|100/100
|move|p1a: Corviknight|U-turn|p2a: Primarina
|-resisted|p2a: Primarina
|-damage|p2a: Primarina|89/100
|
|t:|1776044455
|switch|p1a: Ogerpon|Ogerpon-Wellspring, F|100/100|[from] U-turn
|-damage|p1a: Ogerpon|88/100|[from] Stealth Rock
|
|upkeep
|turn|13
|
|t:|1776044465
|move|p1a: Ogerpon|Ivy Cudgel|p2a: Primarina|[anim] Ivy Cudgel Water
|-resisted|p2a: Primarina
|-damage|p2a: Primarina|44/100
|move|p2a: Primarina|Moonblast|p1a: Ogerpon
|-damage|p1a: Ogerpon|0 fnt
|faint|p1a: Ogerpon
|
|upkeep
|
|t:|1776044489
|switch|p1a: Dragapult|Dragapult, F|100/100
|-damage|p1a: Dragapult|88/100|[from] Stealth Rock
|turn|14
|
|t:|1776044496
|move|p1a: Dragapult|Thunderbolt|p2a: Primarina
|-supereffective|p2a: Primarina
|-damage|p2a: Primarina|0 fnt
|faint|p2a: Primarina
|
|upkeep
|inactive|DeathMelMetal has 120 seconds left.
|
|t:|1776044533
|switch|p2a: Landorus|Landorus-Therian, M|40/100
|-ability|p2a: Landorus|Intimidate|boost
|-unboost|p1a: Dragapult|atk|1
|turn|15
|inactive|EmperorGTR has 120 seconds left.
|
|t:|1776044574
|switch|p1a: Mamoswine|Mamoswine, F, shiny|3/100
|-damage|p1a: Mamoswine|0 fnt|[from] Stealth Rock
|faint|p1a: Mamoswine
|move|p2a: Landorus|U-turn|p1: Mamoswine|[notarget]
|-fail|p2a: Landorus
|
|upkeep
|
|t:|1776044583
|switch|p1a: Dragapult|Dragapult, F|88/100
|-damage|p1a: Dragapult|76/100|[from] Stealth Rock
|turn|16
|
|t:|1776044597
|switch|p2a: Empoleon|Empoleon, M|100/100
|move|p1a: Dragapult|Shadow Ball|p2a: Empoleon
|-damage|p2a: Empoleon|66/100
|-unboost|p2a: Empoleon|spd|1
|
|-heal|p2a: Empoleon|73/100|[from] item: Leftovers
|upkeep
|turn|17
|
|t:|1776044605
|move|p1a: Dragapult|Shadow Ball|p2a: Empoleon
|-damage|p2a: Empoleon|19/100
|-unboost|p2a: Empoleon|spd|1
|move|p2a: Empoleon|Knock Off|p1a: Dragapult
|-supereffective|p1a: Dragapult
|-damage|p1a: Dragapult|24/100
|-enditem|p1a: Dragapult|Choice Specs|[from] move: Knock Off|[of] p2a: Empoleon
|
|-heal|p2a: Empoleon|25/100|[from] item: Leftovers
|upkeep
|turn|18
|
|t:|1776044621
|switch|p2a: Muk|Muk-Alola, F|47/100
|move|p1a: Dragapult|Flamethrower|p2a: Muk
|-damage|p2a: Muk|37/100
|
|upkeep
|turn|19
|
|t:|1776044633
|switch|p1a: Clodsire|Clodsire, M|100/100
|-damage|p1a: Clodsire|94/100|[from] Stealth Rock
|move|p2a: Muk|Shadow Sneak|p1a: Clodsire
|-damage|p1a: Clodsire|83/100
|
|-heal|p1a: Clodsire|89/100|[from] item: Leftovers
|upkeep
|turn|20
|
|t:|1776044640
|move|p2a: Muk|Knock Off|p1a: Clodsire
|-damage|p1a: Clodsire|52/100
|-enditem|p1a: Clodsire|Leftovers|[from] move: Knock Off|[of] p2a: Muk
|move|p1a: Clodsire|Toxic|p2a: Muk
|-immune|p2a: Muk
|
|upkeep
|turn|21
|
|t:|1776044648
|switch|p2a: Landorus|Landorus-Therian, M|40/100
|-ability|p2a: Landorus|Intimidate|boost
|-unboost|p1a: Clodsire|atk|1
|move|p1a: Clodsire|Toxic|p2a: Landorus
|-status|p2a: Landorus|tox
|
|-damage|p2a: Landorus|34/100 tox|[from] psn
|upkeep
|turn|22
|
|t:|1776044657
|-terastallize|p1a: Clodsire|Grass
|move|p2a: Landorus|Taunt|p1a: Clodsire
|-start|p1a: Clodsire|move: Taunt
|cant|p1a: Clodsire|move: Taunt|Recover
|
|-damage|p2a: Landorus|22/100 tox|[from] psn
|upkeep
|turn|23
|
|t:|1776044664
|switch|p1a: Corviknight|Corviknight, M, shiny|36/100
|-damage|p1a: Corviknight|24/100|[from] Stealth Rock
|-ability|p1a: Corviknight|Pressure
|move|p2a: Landorus|U-turn|p1a: Corviknight
|-resisted|p1a: Corviknight
|-damage|p1a: Corviknight|20/100
|-damage|p2a: Landorus|6/100 tox|[from] item: Rocky Helmet|[of] p1a: Corviknight
|
|t:|1776044672
|switch|p2a: Mamoswine|Mamoswine, F, tera:Ice|47/100|[from] U-turn
|
|upkeep
|turn|24
|
|t:|1776044679
|move|p2a: Mamoswine|Ice Shard|p1a: Corviknight
|-damage|p1a: Corviknight|0 fnt
|faint|p1a: Corviknight
|
|upkeep
|
|t:|1776044683
|switch|p1a: Deoxys|Deoxys-Speed|100/100
|-damage|p1a: Deoxys|88/100|[from] Stealth Rock
|-ability|p1a: Deoxys|Pressure
|turn|25
|
|t:|1776044690
|switch|p2a: Muk|Muk-Alola, F|37/100
|move|p1a: Deoxys|Tera Blast|p2a: Muk
|-damage|p2a: Muk|28/100
|
|upkeep
|turn|26
|
|t:|1776044699
|switch|p1a: Clodsire|Clodsire, M, tera:Grass|52/100
|-damage|p1a: Clodsire|40/100|[from] Stealth Rock
|move|p2a: Muk|Poison Fang|p1a: Clodsire
|-supereffective|p1a: Clodsire
|-damage|p1a: Clodsire|2/100
|-status|p1a: Clodsire|tox
|
|-damage|p1a: Clodsire|0 fnt|[from] psn
|faint|p1a: Clodsire
|upkeep
|c|☆DeathMelMetal|you got packed up by muk bro
|-message|EmperorGTR forfeited.
|
|win|DeathMelMetal
|raw|EmperorGTR's rating: 1460 &rarr; <strong>1444</strong><br />(-16 for losing)
|raw|DeathMelMetal's rating: 1531 &rarr; <strong>1547</strong><br />(+16 for winning)
|l|☆EmperorGTR
|player|p1|
