|html|<div class="broadcast-blue"><strong>[Gen 9] OU is currently suspecting Tera Blast! For information on how to participate check out the <a href="https://www.smogon.com/tools/suspects/view/200">suspect thread</a>.</strong></div>
|j|☆me565
|j|☆rillabomba
|t:|1776321949
|gametype|singles
|player|p1|me565|pokekid|1164
|player|p2|rillabomba|265|1174
|gen|9
|tier|[Gen 9] OU
|rated|
|rule|HP Percentage Mod: HP is shown in percentages
|rule|Endless Battle Clause: Forcing endless battles is banned
|rule|Species Clause: Limit one of each Pokémon
|rule|OHKO Clause: OHKO moves are banned
|rule|Evasion Items Clause: Evasion items are banned
|rule|Evasion Moves Clause: Evasion moves are banned
|rule|Evasion Abilities Clause: Evasion abilities are banned
|rule|Sleep Moves Clause: Sleep-inducing moves are banned
|clearpoke
|poke|p1|Pikachu-Partner, M|
|poke|p1|Ribombee, F|
|poke|p1|Great Tusk|
|poke|p1|Rillaboom, F|
|poke|p1|Gliscor, F|
|poke|p1|Slowking-Galar, M|
|poke|p2|Hatterene, F|
|poke|p2|Cresselia, F|
|poke|p2|Ursaluna, F|
|poke|p2|Iron Hands|
|poke|p2|Hoopa-Unbound|
|poke|p2|Porygon2|
|teampreview
|inactive|Battle timer is ON: inactive players will automatically lose when time's up. (requested by rillabomba)
|inactive|me565 also wants the timer to be on.
|
|t:|1776321970
|teamsize|p1|6
|teamsize|p2|6
|start
|switch|p1a: Rillaboom|Rillaboom, F, shiny|100/100
|switch|p2a: Cresselia|Cresselia, F|100/100
|-fieldstart|move: Grassy Terrain|[from] ability: Grassy Surge|[of] p1a: Rillaboom
|turn|1
|
|t:|1776321979
|-terastallize|p1a: Rillaboom|Grass
|move|p1a: Rillaboom|Wood Hammer|p2a: Cresselia
|-damage|p2a: Cresselia|0 fnt
|faint|p2a: Cresselia
|-damage|p1a: Rillaboom|58/100|[from] Recoil
|
|-heal|p1a: Rillaboom|64/100|[from] Grassy Terrain
|upkeep
|
|t:|1776321988
|switch|p2a: Porygon2|Porygon2|100/100
|-ability|p2a: Porygon2|Download|boost
|-boost|p2a: Porygon2|spa|1
|turn|2
|
|t:|1776321992
|move|p1a: Rillaboom|Wood Hammer|p2a: Porygon2
|-crit|p2a: Porygon2
|-damage|p2a: Porygon2|0 fnt
|faint|p2a: Porygon2
|-damage|p1a: Rillaboom|28/100|[from] Recoil
|
|-heal|p1a: Rillaboom|34/100|[from] Grassy Terrain
|upkeep
|
|t:|1776321999
|switch|p2a: Hatterene|Hatterene, F|100/100
|turn|3
|
|t:|1776322002
|move|p1a: Rillaboom|Wood Hammer|p2a: Hatterene
|-enditem|p2a: Hatterene|Focus Sash
|-damage|p2a: Hatterene|1/100
|-damage|p1a: Rillaboom|3/100|[from] Recoil
|move|p2a: Hatterene|Trick Room|p2a: Hatterene
|-fieldstart|move: Trick Room|[of] p2a: Hatterene
|
|-heal|p2a: Hatterene|7/100|[from] Grassy Terrain
|-heal|p1a: Rillaboom|9/100|[from] Grassy Terrain
|upkeep
|turn|4
|
|t:|1776322011
|switch|p1a: Slowking|Slowking-Galar, M|100/100
|move|p2a: Hatterene|Misty Explosion|p1a: Slowking
|-resisted|p1a: Slowking
|-damage|p1a: Slowking|81/100
|faint|p2a: Hatterene
|
|-heal|p1a: Slowking|87/100|[from] Grassy Terrain
|upkeep
|
|t:|1776322013
|switch|p2a: Ursaluna|Ursaluna, F|100/100
|turn|5
|
|t:|1776322021
|switch|p1a: Gliscor|Gliscor, F|100/100
|move|p2a: Ursaluna|Swords Dance|p2a: Ursaluna
|-boost|p2a: Ursaluna|atk|2
|
|-fieldend|move: Grassy Terrain
|-status|p2a: Ursaluna|brn|[from] item: Flame Orb
|-status|p1a: Gliscor|tox|[from] item: Toxic Orb
|upkeep
|turn|6
|
|t:|1776322025
|move|p1a: Gliscor|Protect|p1a: Gliscor
|-singleturn|p1a: Gliscor|Protect
|move|p2a: Ursaluna|Facade|p1a: Gliscor
|-activate|p1a: Gliscor|move: Protect
|
|-damage|p2a: Ursaluna|94/100 brn|[from] brn
|upkeep
|turn|7
|
|t:|1776322035
|move|p1a: Gliscor|Protect|p1a: Gliscor
|-singleturn|p1a: Gliscor|Protect
|move|p2a: Ursaluna|Facade|p1a: Gliscor
|-activate|p1a: Gliscor|move: Protect
|
|-damage|p2a: Ursaluna|88/100 brn|[from] brn
|-fieldend|move: Trick Room
|upkeep
|turn|8
|
|t:|1776322041
|move|p1a: Gliscor|U-turn|p2a: Ursaluna
|-damage|p2a: Ursaluna|78/100 brn
|
|t:|1776322044
|switch|p1a: Rillaboom|Rillaboom, F, shiny, tera:Grass|9/100|[from] U-turn
|-fieldstart|move: Grassy Terrain|[from] ability: Grassy Surge|[of] p1a: Rillaboom
|move|p2a: Ursaluna|Facade|p1a: Rillaboom
|-damage|p1a: Rillaboom|0 fnt
|faint|p1a: Rillaboom
|
|-heal|p2a: Ursaluna|84/100 brn|[from] Grassy Terrain
|-damage|p2a: Ursaluna|78/100 brn|[from] brn
|upkeep
|
|t:|1776322050
|switch|p1a: Great Tusk|Great Tusk|100/100
|turn|9
|
|t:|1776322055
|move|p1a: Great Tusk|Ice Spinner|p2a: Ursaluna
|-supereffective|p2a: Ursaluna
|-damage|p2a: Ursaluna|34/100 brn
|-fieldend|move: Grassy Terrain
|move|p2a: Ursaluna|Facade|p1a: Great Tusk
|-damage|p1a: Great Tusk|0 fnt
|faint|p1a: Great Tusk
|-end|p1a: Great Tusk|Protosynthesis|[silent]
|
|-damage|p2a: Ursaluna|28/100 brn|[from] brn
|upkeep
|
|t:|1776322061
|switch|p1a: Pikachu|Pikachu-Partner, M|100/100
|turn|10
|
|t:|1776322066
|move|p1a: Pikachu|Surf|p2a: Ursaluna
|-supereffective|p2a: Ursaluna
|-damage|p2a: Ursaluna|0 fnt
|faint|p2a: Ursaluna
|
|upkeep
|
|t:|1776322071
|switch|p2a: Hoopa|Hoopa-Unbound|100/100
|turn|11
|
|t:|1776322076
|move|p1a: Pikachu|Thunderbolt|p2a: Hoopa
|-damage|p2a: Hoopa|63/100
|move|p2a: Hoopa|Trick Room|p2a: Hoopa
|-fieldstart|move: Trick Room|[of] p2a: Hoopa
|
|upkeep
|turn|12
|
|t:|1776322085
|move|p2a: Hoopa|Hyperspace Fury|p1a: Pikachu
|-damage|p1a: Pikachu|0 fnt
|-unboost|p2a: Hoopa|def|1
|faint|p1a: Pikachu
|-enditem|p2a: Hoopa|Eject Pack
|
|t:|1776322088
|switch|p2a: Iron Hands|Iron Hands|100/100
|-enditem|p2a: Iron Hands|Booster Energy
|-activate|p2a: Iron Hands|ability: Quark Drive|[fromitem]
|-start|p2a: Iron Hands|quarkdriveatk
|
|upkeep
|
|t:|1776322091
|switch|p1a: Gliscor|Gliscor, F|100/100 tox
|turn|13
|
|t:|1776322094
|move|p2a: Iron Hands|Swords Dance|p2a: Iron Hands
|-boost|p2a: Iron Hands|atk|2
|move|p1a: Gliscor|Toxic|p2a: Iron Hands
|-status|p2a: Iron Hands|tox
|
|-damage|p2a: Iron Hands|94/100 tox|[from] psn
|upkeep
|turn|14
|
|t:|1776322098
|move|p1a: Gliscor|Protect|p1a: Gliscor
|-singleturn|p1a: Gliscor|Protect
|move|p2a: Iron Hands|Ice Punch|p1a: Gliscor
|-activate|p1a: Gliscor|move: Protect
|
|-damage|p2a: Iron Hands|82/100 tox|[from] psn
|upkeep
|turn|15
|
|t:|1776322103
|switch|p1a: Ribombee|Ribombee, F|100/100
|move|p2a: Iron Hands|Ice Punch|p1a: Ribombee
|-enditem|p1a: Ribombee|Focus Sash
|-damage|p1a: Ribombee|1/100
|
|-damage|p2a: Iron Hands|63/100 tox|[from] psn
|-fieldend|move: Trick Room
|upkeep
|turn|16
|
|t:|1776322107
|move|p1a: Ribombee|Moonblast|p2a: Iron Hands
|-supereffective|p2a: Iron Hands
|-damage|p2a: Iron Hands|10/100 tox
|move|p2a: Iron Hands|Drain Punch|p1a: Ribombee
|-resisted|p1a: Ribombee
|-damage|p1a: Ribombee|0 fnt
|-heal|p2a: Iron Hands|10/100 tox|[from] drain|[of] p1a: Ribombee
|faint|p1a: Ribombee
|
|-damage|p2a: Iron Hands|0 fnt|[from] psn
|faint|p2a: Iron Hands
|-end|p2a: Iron Hands|Quark Drive|[silent]
|upkeep
|
|t:|1776322112
|switch|p1a: Gliscor|Gliscor, F|100/100 tox
|switch|p2a: Hoopa|Hoopa-Unbound|63/100
|turn|17
|
|t:|1776322120
|move|p1a: Gliscor|U-turn|p2a: Hoopa
|-supereffective|p2a: Hoopa
|-damage|p2a: Hoopa|0 fnt
|faint|p2a: Hoopa
|
|win|me565
|raw|me565's rating: 1164 &rarr; <strong>1190</strong><br />(+26 for winning)
|raw|rillabomba's rating: 1174 &rarr; <strong>1148</strong><br />(-26 for losing)
|l|☆rillabomba
|player|p2|
