|html|<div class="broadcast-blue"><strong>[Gen 9] OU is currently suspecting Tera Blast! For information on how to participate check out the <a href="https://www.smogon.com/tools/suspects/view/200">suspect thread</a>.</strong></div>
|j|☆jetleiroi
|j|☆Bumno12
|t:|1776036426
|gametype|singles
|player|p1|jetleiroi|roxie|1310
|player|p2|Bumno12|steven|1234
|gen|9
|tier|[Gen 9] OU
|rated|
|rule|HP Percentage Mod: HP is shown in percentages
|rule|Endless Battle Clause: Forcing endless battles is banned
|rule|Species Clause: Limit one of each Pokémon
|rule|OHKO Clause: OHKO moves are banned
|rule|Evasion Items Clause: Evasion items are banned
|rule|Evasion Moves Clause: Evasion moves are banned
|rule|Evasion Abilities Clause: Evasion abilities are banned
|rule|Sleep Moves Clause: Sleep-inducing moves are banned
|clearpoke
|poke|p1|Indeedee, M|
|poke|p1|Gliscor, F|
|poke|p1|Pecharunt|
|poke|p1|Diancie|
|poke|p1|Ogerpon-Wellspring, F|
|poke|p1|Iron Jugulis|
|poke|p2|Primarina, F|
|poke|p2|Garchomp, F|
|poke|p2|Okidogi, M|
|poke|p2|Moltres|
|poke|p2|Thundurus-Therian, M|
|poke|p2|Zarude|
|teampreview
|inactive|Battle timer is ON: inactive players will automatically lose when time's up. (requested by jetleiroi)
|j| dididi
|
|t:|1776036441
|teamsize|p1|6
|teamsize|p2|6
|start
|switch|p1a: Indeedee|Indeedee, M|100/100
|switch|p2a: Zarude|Zarude|100/100
|-fieldstart|move: Psychic Terrain|[from] ability: Psychic Surge|[of] p1a: Indeedee
|turn|1
|
|t:|1776036449
|-terastallize|p1a: Indeedee|Fairy
|move|p1a: Indeedee|Dazzling Gleam|p2a: Zarude
|-supereffective|p2a: Zarude
|-damage|p2a: Zarude|30/100
|move|p2a: Zarude|U-turn|p1a: Indeedee
|-resisted|p1a: Indeedee
|-damage|p1a: Indeedee|78/100
|
|t:|1776036454
|switch|p2a: Okidogi|Okidogi, M|100/100|[from] U-turn
|
|upkeep
|turn|2
|
|t:|1776036460
|switch|p1a: Gliscor|Gliscor, F|100/100
|move|p2a: Okidogi|Gunk Shot|p1a: Gliscor
|-resisted|p1a: Gliscor
|-damage|p1a: Gliscor|75/100
|-status|p1a: Gliscor|psn
|
|-heal|p1a: Gliscor|87/100 psn|[from] ability: Poison Heal
|upkeep
|turn|3
|
|t:|1776036470
|switch|p2a: Moltres|Moltres|100/100
|move|p1a: Gliscor|Swords Dance|p1a: Gliscor
|-boost|p1a: Gliscor|atk|2
|
|-heal|p1a: Gliscor|99/100 psn|[from] ability: Poison Heal
|upkeep
|turn|4
|
|t:|1776036479
|move|p2a: Moltres|Hurricane|p1a: Gliscor
|-damage|p1a: Gliscor|10/100 psn
|move|p1a: Gliscor|Knock Off|p2a: Moltres
|-damage|p2a: Moltres|31/100
|-enditem|p2a: Moltres|Heavy-Duty Boots|[from] move: Knock Off|[of] p1a: Gliscor
|
|-heal|p1a: Gliscor|23/100 psn|[from] ability: Poison Heal
|upkeep
|turn|5
|
|t:|1776036489
|switch|p1a: Diancie|Diancie|100/100
|move|p2a: Moltres|Fire Blast|p1a: Diancie
|-resisted|p1a: Diancie
|-damage|p1a: Diancie|80/100
|
|-fieldend|move: Psychic Terrain
|upkeep
|turn|6
|
|t:|1776036499
|move|p2a: Moltres|Fire Blast|p1a: Diancie
|-resisted|p1a: Diancie
|-damage|p1a: Diancie|59/100
|move|p1a: Diancie|Calm Mind|p1a: Diancie
|-boost|p1a: Diancie|spa|1
|-boost|p1a: Diancie|spd|1
|
|upkeep
|turn|7
|
|t:|1776036505
|move|p2a: Moltres|U-turn|p1a: Diancie
|-resisted|p1a: Diancie
|-damage|p1a: Diancie|54/100
|
|t:|1776036507
|switch|p2a: Zarude|Zarude|30/100|[from] U-turn
|move|p1a: Diancie|Diamond Storm|p2a: Zarude|[miss]
|-miss|p1a: Diancie|p2a: Zarude
|
|-heal|p2a: Zarude|36/100|[from] item: Leftovers
|upkeep
|turn|8
|
|t:|1776036518
|move|p2a: Zarude|Power Whip|p1a: Diancie
|-supereffective|p1a: Diancie
|-damage|p1a: Diancie|0 fnt
|faint|p1a: Diancie
|
|-heal|p2a: Zarude|42/100|[from] item: Leftovers
|upkeep
|
|t:|1776036522
|switch|p1a: Iron Jugulis|Iron Jugulis|100/100
|-enditem|p1a: Iron Jugulis|Booster Energy
|-activate|p1a: Iron Jugulis|ability: Quark Drive|[fromitem]
|-start|p1a: Iron Jugulis|quarkdrivespe
|turn|9
|
|t:|1776036541
|move|p1a: Iron Jugulis|Charge Beam|p2a: Zarude
|-resisted|p2a: Zarude
|-damage|p2a: Zarude|34/100
|-boost|p1a: Iron Jugulis|spa|1
|move|p2a: Zarude|U-turn|p1a: Iron Jugulis
|-damage|p1a: Iron Jugulis|78/100
|
|t:|1776036549
|switch|p2a: Okidogi|Okidogi, M|100/100|[from] U-turn
|
|upkeep
|turn|10
|
|t:|1776036556
|move|p1a: Iron Jugulis|Fire Blast|p2a: Okidogi
|-damage|p2a: Okidogi|68/100
|move|p2a: Okidogi|Gunk Shot|p1a: Iron Jugulis|[miss]
|-miss|p2a: Okidogi|p1a: Iron Jugulis
|
|upkeep
|turn|11
|
|t:|1776036565
|-end|p1a: Iron Jugulis|Quark Drive|[silent]
|switch|p1a: Pecharunt|Pecharunt|100/100
|move|p2a: Okidogi|Gunk Shot|p1a: Pecharunt
|-resisted|p1a: Pecharunt
|-damage|p1a: Pecharunt|90/100
|
|upkeep
|turn|12
|
|t:|1776036572
|move|p1a: Pecharunt|Parting Shot|p2a: Okidogi
|-unboost|p2a: Okidogi|atk|1
|-unboost|p2a: Okidogi|spa|1
|
|t:|1776036577
|switch|p1a: Gliscor|Gliscor, F|23/100 psn|[from] Parting Shot
|move|p2a: Okidogi|Knock Off|p1a: Gliscor
|-damage|p1a: Gliscor|5/100 psn
|-enditem|p1a: Gliscor|Toxic Orb|[from] move: Knock Off|[of] p2a: Okidogi
|
|-heal|p1a: Gliscor|17/100 psn|[from] ability: Poison Heal
|upkeep
|turn|13
|
|t:|1776036591
|switch|p2a: Moltres|Moltres|31/100
|move|p1a: Gliscor|Earthquake|p2a: Moltres
|-immune|p2a: Moltres
|
|-heal|p1a: Gliscor|30/100 psn|[from] ability: Poison Heal
|upkeep
|turn|14
|
|t:|1776036601
|move|p2a: Moltres|Hurricane|p1a: Gliscor
|-damage|p1a: Gliscor|0 fnt
|faint|p1a: Gliscor
|
|upkeep
|
|t:|1776036604
|switch|p1a: Indeedee|Indeedee, M, tera:Fairy|78/100
|-fieldstart|move: Psychic Terrain|[from] ability: Psychic Surge|[of] p1a: Indeedee
|turn|15
|
|t:|1776036608
|move|p1a: Indeedee|Expanding Force|p2a: Moltres
|-damage|p2a: Moltres|0 fnt
|faint|p2a: Moltres
|
|upkeep
|
|t:|1776036610
|switch|p2a: Zarude|Zarude|34/100
|turn|16
|
|t:|1776036615
|switch|p1a: Iron Jugulis|Iron Jugulis|78/100
|move|p2a: Zarude|U-turn|p1a: Iron Jugulis
|-damage|p1a: Iron Jugulis|54/100
|
|t:|1776036616
|switch|p2a: Thundurus|Thundurus-Therian, M|100/100|[from] U-turn
|
|upkeep
|turn|17
|
|t:|1776036625
|move|p1a: Iron Jugulis|Dark Pulse|p2a: Thundurus
|-damage|p2a: Thundurus|46/100
|move|p2a: Thundurus|Thunderbolt|p1a: Iron Jugulis
|-supereffective|p1a: Iron Jugulis
|-damage|p1a: Iron Jugulis|0 fnt
|faint|p1a: Iron Jugulis
|-end|p1a: Iron Jugulis|Quark Drive|[silent]
|
|upkeep
|
|t:|1776036633
|switch|p1a: Indeedee|Indeedee, M, tera:Fairy|78/100
|turn|18
|
|t:|1776036637
|move|p1a: Indeedee|Dazzling Gleam|p2a: Thundurus
|-damage|p2a: Thundurus|0 fnt
|faint|p2a: Thundurus
|
|upkeep
|
|t:|1776036640
|switch|p2a: Okidogi|Okidogi, M|68/100
|turn|19
|
|t:|1776036643
|switch|p1a: Pecharunt|Pecharunt|90/100
|move|p2a: Okidogi|Knock Off|p1a: Pecharunt
|-supereffective|p1a: Pecharunt
|-damage|p1a: Pecharunt|49/100
|-damage|p2a: Okidogi|51/100|[from] item: Rocky Helmet|[of] p1a: Pecharunt
|-enditem|p1a: Pecharunt|Rocky Helmet|[from] move: Knock Off|[of] p2a: Okidogi
|
|-fieldend|move: Psychic Terrain
|upkeep
|turn|20
|
|t:|1776036651
|switch|p2a: Garchomp|Garchomp, F|100/100
|move|p1a: Pecharunt|Recover|p1a: Pecharunt
|-heal|p1a: Pecharunt|99/100
|
|upkeep
|turn|21
|
|t:|1776036660
|move|p2a: Garchomp|Stealth Rock|p1a: Pecharunt
|-sidestart|p1: jetleiroi|move: Stealth Rock
|move|p1a: Pecharunt|Parting Shot|p2a: Garchomp
|-unboost|p2a: Garchomp|atk|1
|-unboost|p2a: Garchomp|spa|1
|
|t:|1776036670
|switch|p1a: Ogerpon|Ogerpon-Wellspring, F|100/100|[from] Parting Shot
|-damage|p1a: Ogerpon|88/100|[from] Stealth Rock
|
|upkeep
|turn|22
|
|t:|1776036683
|move|p1a: Ogerpon|Play Rough|p2a: Garchomp
|-supereffective|p2a: Garchomp
|-damage|p2a: Garchomp|32/100
|-damage|p1a: Ogerpon|76/100|[from] ability: Rough Skin|[of] p2a: Garchomp
|-damage|p1a: Ogerpon|59/100|[from] item: Rocky Helmet|[of] p2a: Garchomp
|move|p2a: Garchomp|Dragon Tail|p1a: Ogerpon
|-damage|p1a: Ogerpon|31/100
|drag|p1a: Indeedee|Indeedee, M, tera:Fairy|78/100
|-damage|p1a: Indeedee|65/100|[from] Stealth Rock
|-fieldstart|move: Psychic Terrain|[from] ability: Psychic Surge|[of] p1a: Indeedee
|
|upkeep
|turn|23
|
|t:|1776036697
|move|p1a: Indeedee|Dazzling Gleam|p2a: Garchomp
|-supereffective|p2a: Garchomp
|-damage|p2a: Garchomp|0 fnt
|faint|p2a: Garchomp
|
|upkeep
|
|t:|1776036700
|switch|p2a: Okidogi|Okidogi, M|51/100
|turn|24
|
|t:|1776036705
|-terastallize|p2a: Okidogi|Dark
|move|p1a: Indeedee|Dazzling Gleam|p2a: Okidogi
|-supereffective|p2a: Okidogi
|-damage|p2a: Okidogi|0 fnt
|faint|p2a: Okidogi
|
|upkeep
|-message|Bumno12 forfeited.
|
|win|jetleiroi
|raw|jetleiroi's rating: 1310 &rarr; <strong>1326</strong><br />(+16 for winning)
|raw|Bumno12's rating: 1234 &rarr; <strong>1214</strong><br />(-20 for losing)
|l|☆Bumno12
|player|p2|
|l|☆jetleiroi
|player|p1|
