|html|<div class="broadcast-blue"><strong>[Gen 9] OU is currently suspecting Tera Blast! For information on how to participate check out the <a href="https://www.smogon.com/tools/suspects/view/200">suspect thread</a>.</strong></div>
|j|☆isometricisopod
|j|☆donati547
|t:|1776068102
|gametype|singles
|player|p1|isometricisopod|hilda|1103
|player|p2|donati547|169|1080
|gen|9
|tier|[Gen 9] OU
|rated|
|rule|HP Percentage Mod: HP is shown in percentages
|rule|Endless Battle Clause: Forcing endless battles is banned
|rule|Species Clause: Limit one of each Pokémon
|rule|OHKO Clause: OHKO moves are banned
|rule|Evasion Items Clause: Evasion items are banned
|rule|Evasion Moves Clause: Evasion moves are banned
|rule|Evasion Abilities Clause: Evasion abilities are banned
|rule|Sleep Moves Clause: Sleep-inducing moves are banned
|clearpoke
|poke|p1|Slowking-Galar, M|
|poke|p1|Dragapult, M|
|poke|p1|Arcanine-Hisui, M|
|poke|p1|Keldeo-Resolute|
|poke|p1|Gliscor, F|
|poke|p1|Zarude-Dada|
|poke|p2|Manaphy|
|poke|p2|Chandelure, M|
|poke|p2|Meowscarada, F|
|poke|p2|Ogerpon-Wellspring, F|
|poke|p2|Maushold-Four|
|poke|p2|Gyarados, M|
|teampreview
|
|t:|1776068125
|teamsize|p1|6
|teamsize|p2|6
|start
|switch|p1a: The Masterplan|Slowking-Galar, M|100/100
|switch|p2a: Gyarados|Gyarados, M, shiny|100/100
|turn|1
|
|t:|1776068131
|move|p2a: Gyarados|Dragon Dance|p2a: Gyarados
|-boost|p2a: Gyarados|atk|1
|-boost|p2a: Gyarados|spe|1
|move|p1a: The Masterplan|Sludge Bomb|p2a: Gyarados
|-damage|p2a: Gyarados|62/100
|-status|p2a: Gyarados|psn
|
|-heal|p2a: Gyarados|68/100 psn|[from] item: Leftovers
|-damage|p2a: Gyarados|56/100 psn|[from] psn
|upkeep
|turn|2
|
|t:|1776068142
|move|p2a: Gyarados|Dragon Dance|p2a: Gyarados
|-boost|p2a: Gyarados|atk|1
|-boost|p2a: Gyarados|spe|1
|-prepare|p1a: The Masterplan|Chilly Reception|[premajor]
|move|p1a: The Masterplan|Chilly Reception|p1a: The Masterplan
|-weather|Snowscape
|
|t:|1776068164
|switch|p1a: Transtula|Gliscor, F|100/100|[from] Chilly Reception
|
|-weather|Snowscape|[upkeep]
|-heal|p2a: Gyarados|62/100 psn|[from] item: Leftovers
|-damage|p2a: Gyarados|50/100 psn|[from] psn
|-status|p1a: Transtula|tox|[from] item: Toxic Orb
|upkeep
|turn|3
|
|t:|1776068176
|move|p2a: Gyarados|Ice Fang|p1a: Transtula
|-supereffective|p1a: Transtula
|-damage|p1a: Transtula|0 fnt
|faint|p1a: Transtula
|-ability|p2a: Gyarados|Moxie|boost
|-boost|p2a: Gyarados|atk|1
|
|-weather|Snowscape|[upkeep]
|-heal|p2a: Gyarados|56/100 psn|[from] item: Leftovers
|-damage|p2a: Gyarados|43/100 psn|[from] psn
|upkeep
|
|t:|1776068190
|switch|p1a: MLP Fanclub Pres.|Keldeo-Resolute|100/100
|turn|4
|
|t:|1776068198
|-terastallize|p2a: Gyarados|Water
|move|p2a: Gyarados|Dragon Pulse|p1a: MLP Fanclub Pres.
|-damage|p1a: MLP Fanclub Pres.|85/100
|move|p1a: MLP Fanclub Pres.|Substitute|p1a: MLP Fanclub Pres.
|-start|p1a: MLP Fanclub Pres.|Substitute
|-damage|p1a: MLP Fanclub Pres.|61/100
|
|-weather|Snowscape|[upkeep]
|-heal|p2a: Gyarados|49/100 psn|[from] item: Leftovers
|-heal|p1a: MLP Fanclub Pres.|67/100|[from] item: Leftovers
|-damage|p2a: Gyarados|37/100 psn|[from] psn
|upkeep
|turn|5
|
|t:|1776068208
|move|p2a: Gyarados|Dragon Dance|p2a: Gyarados
|-boost|p2a: Gyarados|atk|1
|-boost|p2a: Gyarados|spe|1
|move|p1a: MLP Fanclub Pres.|Calm Mind|p1a: MLP Fanclub Pres.
|-boost|p1a: MLP Fanclub Pres.|spa|1
|-boost|p1a: MLP Fanclub Pres.|spd|1
|
|-weather|Snowscape|[upkeep]
|-heal|p2a: Gyarados|43/100 psn|[from] item: Leftovers
|-heal|p1a: MLP Fanclub Pres.|73/100|[from] item: Leftovers
|-damage|p2a: Gyarados|31/100 psn|[from] psn
|upkeep
|turn|6
|
|t:|1776068218
|move|p2a: Gyarados|Crunch|p1a: MLP Fanclub Pres.
|-resisted|p1a: MLP Fanclub Pres.
|-end|p1a: MLP Fanclub Pres.|Substitute
|move|p1a: MLP Fanclub Pres.|Calm Mind|p1a: MLP Fanclub Pres.
|-boost|p1a: MLP Fanclub Pres.|spa|1
|-boost|p1a: MLP Fanclub Pres.|spd|1
|
|-weather|none
|-heal|p2a: Gyarados|37/100 psn|[from] item: Leftovers
|-heal|p1a: MLP Fanclub Pres.|79/100|[from] item: Leftovers
|-damage|p2a: Gyarados|24/100 psn|[from] psn
|upkeep
|turn|7
|
|t:|1776068229
|move|p2a: Gyarados|Ice Fang|p1a: MLP Fanclub Pres.
|-resisted|p1a: MLP Fanclub Pres.
|-damage|p1a: MLP Fanclub Pres.|36/100
|move|p1a: MLP Fanclub Pres.|Secret Sword|p2a: Gyarados
|-crit|p2a: Gyarados
|-damage|p2a: Gyarados|0 fnt
|faint|p2a: Gyarados
|
|-heal|p1a: MLP Fanclub Pres.|42/100|[from] item: Leftovers
|upkeep
|
|t:|1776068237
|switch|p2a: sometime sweep|Manaphy, shiny|100/100
|turn|8
|
|t:|1776068243
|move|p1a: MLP Fanclub Pres.|Substitute|p1a: MLP Fanclub Pres.
|-start|p1a: MLP Fanclub Pres.|Substitute
|-damage|p1a: MLP Fanclub Pres.|17/100
|move|p2a: sometime sweep|Tail Glow|p2a: sometime sweep
|-boost|p2a: sometime sweep|spa|3
|
|-heal|p1a: MLP Fanclub Pres.|23/100|[from] item: Leftovers
|upkeep
|turn|9
|
|t:|1776068251
|move|p1a: MLP Fanclub Pres.|Calm Mind|p1a: MLP Fanclub Pres.
|-boost|p1a: MLP Fanclub Pres.|spa|1
|-boost|p1a: MLP Fanclub Pres.|spd|1
|move|p2a: sometime sweep|Tail Glow|p2a: sometime sweep
|-boost|p2a: sometime sweep|spa|3
|
|-heal|p1a: MLP Fanclub Pres.|30/100|[from] item: Leftovers
|upkeep
|turn|10
|
|t:|1776068258
|move|p1a: MLP Fanclub Pres.|Calm Mind|p1a: MLP Fanclub Pres.
|-boost|p1a: MLP Fanclub Pres.|spa|1
|-boost|p1a: MLP Fanclub Pres.|spd|1
|move|p2a: sometime sweep|Psychic|p1a: MLP Fanclub Pres.
|-supereffective|p1a: MLP Fanclub Pres.
|-end|p1a: MLP Fanclub Pres.|Substitute
|
|-heal|p1a: MLP Fanclub Pres.|36/100|[from] item: Leftovers
|upkeep
|turn|11
|
|t:|1776068275
|move|p1a: MLP Fanclub Pres.|Secret Sword|p2a: sometime sweep
|-damage|p2a: sometime sweep|0 fnt
|faint|p2a: sometime sweep
|
|-heal|p1a: MLP Fanclub Pres.|42/100|[from] item: Leftovers
|upkeep
|
|t:|1776068280
|switch|p2a: family of four|Maushold-Four, shiny|100/100
|turn|12
|
|t:|1776068288
|move|p2a: family of four|Population Bomb|p1a: MLP Fanclub Pres.
|-damage|p1a: MLP Fanclub Pres.|28/100
|-damage|p1a: MLP Fanclub Pres.|14/100
|-damage|p1a: MLP Fanclub Pres.|2/100
|-damage|p1a: MLP Fanclub Pres.|0 fnt
|faint|p1a: MLP Fanclub Pres.
|-hitcount|p1: MLP Fanclub Pres.|4
|
|upkeep
|
|t:|1776068298
|switch|p1a: Charlie|Arcanine-Hisui, M|100/100
|turn|13
|
|t:|1776068305
|move|p2a: family of four|Population Bomb|p1a: Charlie
|-resisted|p1a: Charlie
|-damage|p1a: Charlie|94/100
|-resisted|p1a: Charlie
|-damage|p1a: Charlie|87/100
|-resisted|p1a: Charlie
|-damage|p1a: Charlie|80/100
|-resisted|p1a: Charlie
|-crit|p1a: Charlie
|-damage|p1a: Charlie|70/100
|-resisted|p1a: Charlie
|-damage|p1a: Charlie|64/100
|-resisted|p1a: Charlie
|-crit|p1a: Charlie
|-damage|p1a: Charlie|53/100
|-resisted|p1a: Charlie
|-damage|p1a: Charlie|46/100
|-resisted|p1a: Charlie
|-damage|p1a: Charlie|40/100
|-resisted|p1a: Charlie
|-damage|p1a: Charlie|34/100
|-hitcount|p1a: Charlie|9
|move|p1a: Charlie|Flare Blitz|p2a: family of four
|-damage|p2a: family of four|0 fnt
|faint|p2a: family of four
|
|upkeep
|
|t:|1776068341
|switch|p2a: Chandelieeerrrr|Chandelure, M, shiny|100/100
|turn|14
|
|t:|1776068349
|-terastallize|p1a: Charlie|Normal
|move|p1a: Charlie|Flare Blitz|p2a: Chandelieeerrrr
|-resisted|p2a: Chandelieeerrrr
|-damage|p2a: Chandelieeerrrr|34/100
|-status|p1a: Charlie|brn|[from] ability: Flame Body|[of] p2a: Chandelieeerrrr
|move|p2a: Chandelieeerrrr|Shadow Ball|p1a: Charlie
|-immune|p1a: Charlie
|
|-heal|p2a: Chandelieeerrrr|40/100|[from] item: Leftovers
|-damage|p1a: Charlie|28/100 brn|[from] brn
|upkeep
|turn|15
|
|t:|1776068362
|move|p1a: Charlie|Flare Blitz|p2a: Chandelieeerrrr
|-resisted|p2a: Chandelieeerrrr
|-damage|p2a: Chandelieeerrrr|10/100
|move|p2a: Chandelieeerrrr|Flamethrower|p1a: Charlie
|-damage|p1a: Charlie|0 fnt
|faint|p1a: Charlie
|
|-heal|p2a: Chandelieeerrrr|16/100|[from] item: Leftovers
|upkeep
|
|t:|1776068379
|switch|p1a: Diplocaulus|Dragapult, M, shiny|100/100
|turn|16
|
|t:|1776068386
|move|p1a: Diplocaulus|Dragon Darts|p2a: Chandelieeerrrr
|-damage|p2a: Chandelieeerrrr|0 fnt
|faint|p2a: Chandelieeerrrr
|
|upkeep
|
|t:|1776068391
|switch|p2a: Ogering|Ogerpon-Wellspring, F|100/100
|turn|17
|
|t:|1776068401
|move|p1a: Diplocaulus|Dragon Darts|p2a: Ogering
|-damage|p2a: Ogering|67/100
|-anim|p1a: Diplocaulus|Dragon Darts|p2a: Ogering
|-damage|p2a: Ogering|31/100
|move|p2a: Ogering|Leech Seed|p1a: Diplocaulus
|-start|p1a: Diplocaulus|move: Leech Seed
|
|-damage|p1a: Diplocaulus|88/100|[from] Leech Seed|[of] p2a: Ogering
|-heal|p2a: Ogering|44/100|[silent]
|upkeep
|turn|18
|
|t:|1776068411
|move|p1a: Diplocaulus|Dragon Darts|p2a: Ogering
|-damage|p2a: Ogering|11/100
|-anim|p1a: Diplocaulus|Dragon Darts|p2a: Ogering
|-damage|p2a: Ogering|0 fnt
|faint|p2a: Ogering
|
|-heal|p1a: Diplocaulus|94/100|[from] item: Leftovers
|upkeep
|
|t:|1776068420
|switch|p2a: cat|Meowscarada, F, shiny|100/100
|turn|19
|
|t:|1776068424
|move|p1a: Diplocaulus|Dragon Darts|p2a: cat
|-damage|p2a: cat|59/100
|-anim|p1a: Diplocaulus|Dragon Darts|p2a: cat
|-damage|p2a: cat|16/100
|move|p2a: cat|Foul Play|p1a: Diplocaulus
|-start|p2a: cat|typechange|Dark|[from] ability: Protean
|-supereffective|p1a: Diplocaulus
|-damage|p1a: Diplocaulus|0 fnt
|faint|p1a: Diplocaulus
|
|-heal|p2a: cat|22/100|[from] item: Leftovers
|upkeep
|
|t:|1776068437
|switch|p1a: Forgive Me Father|Zarude-Dada|100/100
|turn|20
|
|t:|1776068446
|move|p2a: cat|Play Rough|p1a: Forgive Me Father
|-supereffective|p1a: Forgive Me Father
|-damage|p1a: Forgive Me Father|53/100
|move|p1a: Forgive Me Father|Power Whip|p2a: cat|[miss]
|-miss|p1a: Forgive Me Father|p2a: cat
|
|-heal|p2a: cat|28/100|[from] item: Leftovers
|-heal|p1a: Forgive Me Father|59/100|[from] item: Leftovers
|upkeep
|turn|21
|
|t:|1776068454
|move|p2a: cat|Play Rough|p1a: Forgive Me Father
|-supereffective|p1a: Forgive Me Father
|-damage|p1a: Forgive Me Father|14/100
|-unboost|p1a: Forgive Me Father|atk|1
|move|p1a: Forgive Me Father|Power Whip|p2a: cat
|-damage|p2a: cat|0 fnt
|faint|p2a: cat
|
|win|isometricisopod
|raw|isometricisopod's rating: 1103 &rarr; <strong>1126</strong><br />(+23 for winning)
|raw|donati547's rating: 1080 &rarr; <strong>1059</strong><br />(-21 for losing)
|c|☆isometricisopod|gg
|l|☆isometricisopod
|player|p1|
