|html|<div class="broadcast-blue"><strong>[Gen 9] OU is currently suspecting Tera Blast! For information on how to participate check out the <a href="https://www.smogon.com/tools/suspects/view/200">suspect thread</a>.</strong></div>
|j|‽awesomesamuel
|j|☆deltarunetheanime
|t:|1776032158
|gametype|singles
|player|p1|awesomesamuel|pokemonrangerf|1536
|player|p2|deltarunetheanime|roxie|1609
|gen|9
|tier|[Gen 9] OU
|rated|
|rule|HP Percentage Mod: HP is shown in percentages
|rule|Endless Battle Clause: Forcing endless battles is banned
|rule|Species Clause: Limit one of each Pokémon
|rule|OHKO Clause: OHKO moves are banned
|rule|Evasion Items Clause: Evasion items are banned
|rule|Evasion Moves Clause: Evasion moves are banned
|rule|Evasion Abilities Clause: Evasion abilities are banned
|rule|Sleep Moves Clause: Sleep-inducing moves are banned
|clearpoke
|poke|p1|Dragapult, F|
|poke|p1|Gholdengo|
|poke|p1|Masquerain, F|
|poke|p1|Zoroark-Hisui, F|
|poke|p1|Great Tusk|
|poke|p1|Kingambit, F|
|poke|p2|Clodsire, F|
|poke|p2|Ogerpon-Wellspring, F|
|poke|p2|Zoroark-Hisui, M|
|poke|p2|Zamazenta-*|
|poke|p2|Cinderace, M|
|poke|p2|Deoxys-Speed|
|teampreview
|inactive|Battle timer is ON: inactive players will automatically lose when time's up. (requested by deltarunetheanime)
|
|t:|1776032180
|teamsize|p1|6
|teamsize|p2|6
|start
|switch|p1a: Masquerain|Masquerain, F|100/100
|switch|p2a: Cinderace|Cinderace, M|100/100
|turn|1
|
|t:|1776032193
|switch|p1a: Great Tusk|Great Tusk|100/100
|move|p2a: Cinderace|Pyro Ball|p1a: Great Tusk
|-damage|p1a: Great Tusk|68/100
|
|upkeep
|turn|2
|
|t:|1776032199
|-terastallize|p1a: Great Tusk|Water
|move|p2a: Cinderace|U-turn|p1a: Great Tusk
|-start|p2a: Cinderace|typechange|Bug|[from] ability: Libero
|-damage|p1a: Great Tusk|51/100
|
|t:|1776032202
|switch|p2a: Clodsire|Clodsire, F|100/100|[from] U-turn
|-item|p2a: Clodsire|Air Balloon
|move|p1a: Great Tusk|Knock Off|p2a: Clodsire
|-supereffective|p2a: Clodsire
|-damage|p2a: Clodsire|0 fnt
|replace|p2a: Zoroark|Zoroark-Hisui, M, shiny
|-end|p2a: Zoroark|Illusion
|-enditem|p2a: Zoroark|Air Balloon
|faint|p2a: Zoroark
|
|upkeep
|
|t:|1776032204
|switch|p2a: Ogerpon|Ogerpon-Wellspring, F|100/100
|turn|3
|
|t:|1776032208
|-end|p1a: Great Tusk|Protosynthesis|[silent]
|switch|p1a: Masquerain|Masquerain, F|100/100
|-ability|p1a: Masquerain|Intimidate|boost
|-unboost|p2a: Ogerpon|atk|1
|move|p2a: Ogerpon|U-turn|p1a: Masquerain
|-resisted|p1a: Masquerain
|-damage|p1a: Masquerain|84/100
|
|t:|1776032210
|switch|p2a: Cinderace|Cinderace, M|100/100|[from] U-turn
|
|upkeep
|turn|4
|
|t:|1776032216
|move|p2a: Cinderace|Gunk Shot|p1a: Masquerain|[miss]
|-start|p2a: Cinderace|typechange|Poison|[from] ability: Libero
|-miss|p2a: Cinderace|p1a: Masquerain
|move|p1a: Masquerain|Sticky Web|p2a: Cinderace
|-sidestart|p2: deltarunetheanime|move: Sticky Web
|
|upkeep
|turn|5
|
|t:|1776032221
|move|p2a: Cinderace|Court Change|p2a: Cinderace
|-swapsideconditions
|-activate|p2a: Cinderace|move: Court Change
|move|p1a: Masquerain|Quiver Dance|p1a: Masquerain
|-boost|p1a: Masquerain|spa|1
|-boost|p1a: Masquerain|spd|1
|-boost|p1a: Masquerain|spe|1
|
|upkeep
|turn|6
|
|t:|1776032225
|move|p1a: Masquerain|Sticky Web|p2a: Cinderace
|-sidestart|p2: deltarunetheanime|move: Sticky Web
|move|p2a: Cinderace|Gunk Shot|p1a: Masquerain
|-damage|p1a: Masquerain|0 fnt
|faint|p1a: Masquerain
|
|upkeep
|
|t:|1776032233
|switch|p1a: Dragapult|Dragapult, F|100/100
|-activate|p1a: Dragapult|move: Sticky Web
|-unboost|p1a: Dragapult|spe|1
|turn|7
|
|t:|1776032240
|switch|p2a: Clodsire|Clodsire, F|100/100
|-activate|p2a: Clodsire|move: Sticky Web
|-unboost|p2a: Clodsire|spe|1
|move|p1a: Dragapult|Substitute|p1a: Dragapult
|-start|p1a: Dragapult|Substitute
|-damage|p1a: Dragapult|76/100
|
|-heal|p1a: Dragapult|82/100|[from] item: Leftovers
|upkeep
|turn|8
|
|t:|1776032242
|move|p1a: Dragapult|Will-O-Wisp|p2a: Clodsire
|-status|p2a: Clodsire|brn
|move|p2a: Clodsire|Toxic Spikes|p1a: Dragapult
|-sidestart|p1: awesomesamuel|move: Toxic Spikes
|
|-heal|p1a: Dragapult|88/100|[from] item: Leftovers
|-damage|p2a: Clodsire|94/100 brn|[from] brn
|upkeep
|turn|9
|
|t:|1776032246
|move|p1a: Dragapult|Hex|p2a: Clodsire
|-damage|p2a: Clodsire|69/100 brn
|move|p2a: Clodsire|Toxic Spikes|p1a: Dragapult
|-sidestart|p1: awesomesamuel|move: Toxic Spikes
|
|-heal|p1a: Dragapult|94/100|[from] item: Leftovers
|-heal|p2a: Clodsire|76/100 brn|[from] item: Leftovers
|-damage|p2a: Clodsire|69/100 brn|[from] brn
|upkeep
|turn|10
|
|t:|1776032252
|switch|p2a: Cinderace|Cinderace, M|100/100
|move|p1a: Dragapult|Dragon Darts|p2a: Cinderace
|-damage|p2a: Cinderace|70/100
|-anim|p1a: Dragapult|Dragon Darts|p2a: Cinderace
|-damage|p2a: Cinderace|42/100
|
|-heal|p1a: Dragapult|99/100|[from] item: Leftovers
|upkeep
|turn|11
|
|t:|1776032259
|move|p2a: Cinderace|Gunk Shot|p1a: Dragapult
|-start|p2a: Cinderace|typechange|Poison|[from] ability: Libero
|-resisted|p1a: Dragapult
|-end|p1a: Dragapult|Substitute
|move|p1a: Dragapult|Dragon Darts|p2a: Cinderace
|-damage|p2a: Cinderace|11/100
|-anim|p1a: Dragapult|Dragon Darts|p2a: Cinderace
|-damage|p2a: Cinderace|0 fnt
|faint|p2a: Cinderace
|
|-heal|p1a: Dragapult|100/100|[from] item: Leftovers
|upkeep
|
|t:|1776032266
|switch|p2a: Deoxys|Deoxys-Speed|100/100
|-activate|p2a: Deoxys|move: Sticky Web
|-unboost|p2a: Deoxys|spe|1
|-ability|p2a: Deoxys|Pressure
|turn|12
|
|t:|1776032272
|switch|p1a: Kingambit|Kingambit, F|100/100
|-activate|p1a: Kingambit|move: Sticky Web
|-unboost|p1a: Kingambit|spe|1
|-activate|p1a: Kingambit|ability: Supreme Overlord
|-start|p1a: Kingambit|fallen1|[silent]
|-terastallize|p2a: Deoxys|Steel
|move|p2a: Deoxys|Ice Beam|p1a: Kingambit
|-resisted|p1a: Kingambit
|-damage|p1a: Kingambit|83/100
|-status|p1a: Kingambit|frz
|-damage|p2a: Deoxys|91/100|[from] item: Life Orb
|
|upkeep
|turn|13
|
|t:|1776032276
|switch|p2a: Ogerpon|Ogerpon-Wellspring, F|100/100
|-activate|p2a: Ogerpon|move: Sticky Web
|-unboost|p2a: Ogerpon|spe|1
|cant|p1a: Kingambit|frz
|
|upkeep
|turn|14
|
|t:|1776032279
|move|p2a: Ogerpon|Ivy Cudgel|p1a: Kingambit|[anim] Ivy Cudgel Water
|-damage|p1a: Kingambit|31/100 frz
|cant|p1a: Kingambit|frz
|
|upkeep
|turn|15
|
|t:|1776032284
|-end|p1a: Kingambit|fallen1|[silent]
|switch|p1a: Dragapult|Dragapult, F|100/100
|-activate|p1a: Dragapult|move: Sticky Web
|-unboost|p1a: Dragapult|spe|1
|-status|p1a: Dragapult|tox
|move|p2a: Ogerpon|Ivy Cudgel|p1a: Dragapult|[anim] Ivy Cudgel Water
|-resisted|p1a: Dragapult
|-damage|p1a: Dragapult|67/100 tox
|
|-heal|p1a: Dragapult|73/100 tox|[from] item: Leftovers
|-damage|p1a: Dragapult|67/100 tox|[from] psn
|upkeep
|turn|16
|
|t:|1776032290
|switch|p1a: Kingambit|Kingambit, F|31/100 frz
|-activate|p1a: Kingambit|move: Sticky Web
|-unboost|p1a: Kingambit|spe|1
|-activate|p1a: Kingambit|ability: Supreme Overlord
|-start|p1a: Kingambit|fallen1|[silent]
|switch|p2a: Clodsire|Clodsire, F|69/100 brn
|-activate|p2a: Clodsire|move: Sticky Web
|-unboost|p2a: Clodsire|spe|1
|
|-heal|p2a: Clodsire|76/100 brn|[from] item: Leftovers
|-damage|p2a: Clodsire|69/100 brn|[from] brn
|upkeep
|turn|17
|
|t:|1776032293
|switch|p2a: Ogerpon|Ogerpon-Wellspring, F|100/100
|-activate|p2a: Ogerpon|move: Sticky Web
|-unboost|p2a: Ogerpon|spe|1
|-curestatus|p1a: Kingambit|frz|[msg]
|move|p1a: Kingambit|Swords Dance|p1a: Kingambit
|-boost|p1a: Kingambit|atk|2
|
|upkeep
|turn|18
|
|t:|1776032296
|move|p1a: Kingambit|Sucker Punch||[still]
|-fail|p1a: Kingambit
|move|p2a: Ogerpon|Encore|p1a: Kingambit
|-start|p1a: Kingambit|Encore
|
|upkeep
|turn|19
|
|t:|1776032298
|move|p1a: Kingambit|Sucker Punch||[still]
|-fail|p1a: Kingambit
|move|p2a: Ogerpon|Encore||[still]
|-fail|p2a: Ogerpon
|
|upkeep
|turn|20
|
|t:|1776032300
|move|p1a: Kingambit|Sucker Punch||[still]
|-fail|p1a: Kingambit
|move|p2a: Ogerpon|Encore||[still]
|-fail|p2a: Ogerpon
|
|upkeep
|turn|21
|
|t:|1776032301
|move|p1a: Kingambit|Sucker Punch||[still]
|-fail|p1a: Kingambit
|move|p2a: Ogerpon|Encore||[still]
|-fail|p2a: Ogerpon
|
|-end|p1a: Kingambit|Encore
|upkeep
|turn|22
|
|t:|1776032303
|move|p1a: Kingambit|Sucker Punch||[still]
|-fail|p1a: Kingambit
|move|p2a: Ogerpon|Encore|p1a: Kingambit
|-start|p1a: Kingambit|Encore
|
|upkeep
|turn|23
|
|t:|1776032306
|move|p1a: Kingambit|Sucker Punch||[still]
|-fail|p1a: Kingambit
|move|p2a: Ogerpon|Encore||[still]
|-fail|p2a: Ogerpon
|
|upkeep
|turn|24
|
|t:|1776032308
|-end|p1a: Kingambit|fallen1|[silent]
|switch|p1a: Dragapult|Dragapult, F|67/100 tox
|-activate|p1a: Dragapult|move: Sticky Web
|-unboost|p1a: Dragapult|spe|1
|move|p2a: Ogerpon|Encore||[still]
|-fail|p2a: Ogerpon
|
|-heal|p1a: Dragapult|73/100 tox|[from] item: Leftovers
|-damage|p1a: Dragapult|67/100 tox|[from] psn
|upkeep
|turn|25
|
|t:|1776032322
|move|p1a: Dragapult|Dragon Darts|p2a: Ogerpon
|-damage|p2a: Ogerpon|73/100
|-anim|p1a: Dragapult|Dragon Darts|p2a: Ogerpon
|-damage|p2a: Ogerpon|48/100
|move|p2a: Ogerpon|Encore|p1a: Dragapult
|-start|p1a: Dragapult|Encore
|
|-heal|p1a: Dragapult|73/100 tox|[from] item: Leftovers
|-damage|p1a: Dragapult|61/100 tox|[from] psn
|upkeep
|turn|26
|
|t:|1776032327
|switch|p2a: Deoxys|Deoxys-Speed, tera:Steel|91/100
|-activate|p2a: Deoxys|move: Sticky Web
|-unboost|p2a: Deoxys|spe|1
|-ability|p2a: Deoxys|Pressure
|move|p1a: Dragapult|Dragon Darts|p2a: Deoxys
|-resisted|p2a: Deoxys
|-damage|p2a: Deoxys|77/100
|-anim|p1a: Dragapult|Dragon Darts|p2a: Deoxys
|-resisted|p2a: Deoxys
|-damage|p2a: Deoxys|62/100
|
|-heal|p1a: Dragapult|67/100 tox|[from] item: Leftovers
|-damage|p1a: Dragapult|49/100 tox|[from] psn
|upkeep
|turn|27
|
|t:|1776032331
|move|p2a: Deoxys|Protect|p2a: Deoxys
|-singleturn|p2a: Deoxys|Protect
|move|p1a: Dragapult|Dragon Darts|p2a: Deoxys
|-activate|p2a: Deoxys|move: Protect
|
|-heal|p1a: Dragapult|55/100 tox|[from] item: Leftovers
|-damage|p1a: Dragapult|31/100 tox|[from] psn
|upkeep
|turn|28
|
|t:|1776032337
|switch|p2a: Clodsire|Clodsire, F|69/100 brn
|-activate|p2a: Clodsire|move: Sticky Web
|-unboost|p2a: Clodsire|spe|1
|move|p1a: Dragapult|Dragon Darts|p2a: Clodsire
|-damage|p2a: Clodsire|46/100 brn
|-anim|p1a: Dragapult|Dragon Darts|p2a: Clodsire
|-damage|p2a: Clodsire|23/100 brn
|
|-heal|p1a: Dragapult|37/100 tox|[from] item: Leftovers
|-heal|p2a: Clodsire|29/100 brn|[from] item: Leftovers
|-damage|p1a: Dragapult|6/100 tox|[from] psn
|-damage|p2a: Clodsire|23/100 brn|[from] brn
|-end|p1a: Dragapult|Encore
|upkeep
|turn|29
|
|t:|1776032341
|switch|p2a: Ogerpon|Ogerpon-Wellspring, F|48/100
|-activate|p2a: Ogerpon|move: Sticky Web
|-unboost|p2a: Ogerpon|spe|1
|move|p1a: Dragapult|Dragon Darts|p2a: Ogerpon
|-damage|p2a: Ogerpon|22/100
|-anim|p1a: Dragapult|Dragon Darts|p2a: Ogerpon
|-damage|p2a: Ogerpon|0 fnt
|faint|p2a: Ogerpon
|
|-heal|p1a: Dragapult|12/100 tox|[from] item: Leftovers
|-damage|p1a: Dragapult|0 fnt|[from] psn
|faint|p1a: Dragapult
|upkeep
|
|t:|1776032350
|switch|p1a: Gholdengo|Gholdengo|100/100
|switch|p2a: Zamazenta|Zamazenta|100/100
|-activate|p2a: Zamazenta|move: Sticky Web
|-unboost|p2a: Zamazenta|spe|1
|-ability|p2a: Zamazenta|Dauntless Shield|boost
|-boost|p2a: Zamazenta|def|1
|-activate|p1a: Gholdengo|move: Sticky Web
|-unboost|p1a: Gholdengo|spe|1
|turn|30
|
|t:|1776032357
|switch|p1a: Great Tusk|Great Tusk|100/100
|-activate|p1a: Great Tusk|move: Sticky Web
|-unboost|p1a: Great Tusk|spe|1
|-status|p1a: Great Tusk|tox
|move|p2a: Zamazenta|Crunch|p1a: Great Tusk
|-supereffective|p1a: Great Tusk
|-damage|p1a: Great Tusk|0 fnt
|replace|p1a: Zoroark|Zoroark-Hisui, F
|-end|p1a: Zoroark|Illusion
|faint|p1a: Zoroark
|
|upkeep
|
|t:|1776032365
|switch|p1a: Gholdengo|Gholdengo|100/100
|-activate|p1a: Gholdengo|move: Sticky Web
|-unboost|p1a: Gholdengo|spe|1
|turn|31
|
|t:|1776032368
|move|p2a: Zamazenta|Crunch|p1a: Gholdengo
|-supereffective|p1a: Gholdengo
|-damage|p1a: Gholdengo|54/100
|move|p1a: Gholdengo|Shadow Ball|p2a: Zamazenta
|-damage|p2a: Zamazenta|75/100
|-unboost|p2a: Zamazenta|spd|1
|
|upkeep
|turn|32
|
|t:|1776032373
|move|p2a: Zamazenta|Crunch|p1a: Gholdengo
|-supereffective|p1a: Gholdengo
|-damage|p1a: Gholdengo|7/100
|move|p1a: Gholdengo|Make It Rain|p2a: Zamazenta
|-crit|p2a: Zamazenta
|-damage|p2a: Zamazenta|0 fnt
|-unboost|p1a: Gholdengo|spa|1
|faint|p2a: Zamazenta
|
|upkeep
|
|t:|1776032380
|switch|p2a: Deoxys|Deoxys-Speed, tera:Steel|62/100
|-activate|p2a: Deoxys|move: Sticky Web
|-unboost|p2a: Deoxys|spe|1
|-ability|p2a: Deoxys|Pressure
|turn|33
|
|t:|1776032394
|switch|p1a: Kingambit|Kingambit, F|31/100
|-activate|p1a: Kingambit|move: Sticky Web
|-unboost|p1a: Kingambit|spe|1
|-activate|p1a: Kingambit|ability: Supreme Overlord
|-start|p1a: Kingambit|fallen3|[silent]
|move|p2a: Deoxys|Ice Beam|p1a: Kingambit
|-resisted|p1a: Kingambit
|-damage|p1a: Kingambit|14/100
|-damage|p2a: Deoxys|52/100|[from] item: Life Orb
|
|upkeep
|turn|34
|
|t:|1776032401
|move|p2a: Deoxys|Protect|p2a: Deoxys
|-singleturn|p2a: Deoxys|Protect
|move|p1a: Kingambit|Sucker Punch||[still]
|-fail|p1a: Kingambit
|
|upkeep
|turn|35
|
|t:|1776032406
|move|p2a: Deoxys|Ice Beam|p1a: Kingambit
|-resisted|p1a: Kingambit
|-damage|p1a: Kingambit|0 fnt
|faint|p1a: Kingambit
|-end|p1a: Kingambit|fallen3|[silent]
|-damage|p2a: Deoxys|42/100|[from] item: Life Orb
|
|upkeep
|
|t:|1776032410
|switch|p1a: Great Tusk|Great Tusk, tera:Water|51/100
|-activate|p1a: Great Tusk|move: Sticky Web
|-unboost|p1a: Great Tusk|spe|1
|-status|p1a: Great Tusk|tox
|turn|36
|c|☆deltarunetheanime|lol
|
|t:|1776032415
|move|p2a: Deoxys|Protect|p2a: Deoxys
|-singleturn|p2a: Deoxys|Protect
|move|p1a: Great Tusk|Earthquake|p2a: Deoxys
|-activate|p2a: Deoxys|move: Protect
|
|-damage|p1a: Great Tusk|45/100 tox|[from] psn
|upkeep
|turn|37
|
|t:|1776032419
|move|p2a: Deoxys|Psycho Boost|p1a: Great Tusk
|-damage|p1a: Great Tusk|2/100 tox
|-unboost|p2a: Deoxys|spa|2
|-damage|p2a: Deoxys|32/100|[from] item: Life Orb
|move|p1a: Great Tusk|Earthquake|p2a: Deoxys
|-supereffective|p2a: Deoxys
|-damage|p2a: Deoxys|0 fnt
|faint|p2a: Deoxys
|
|-damage|p1a: Great Tusk|0 fnt|[from] psn
|faint|p1a: Great Tusk
|-end|p1a: Great Tusk|Protosynthesis|[silent]
|upkeep
|
|t:|1776032423
|switch|p2a: Clodsire|Clodsire, F|23/100 brn
|switch|p1a: Gholdengo|Gholdengo|7/100
|-activate|p1a: Gholdengo|move: Sticky Web
|-unboost|p1a: Gholdengo|spe|1
|-activate|p2a: Clodsire|move: Sticky Web
|-unboost|p2a: Clodsire|spe|1
|turn|38
|
|t:|1776032425
|move|p1a: Gholdengo|Make It Rain|p2a: Clodsire
|-damage|p2a: Clodsire|0 fnt
|-unboost|p1a: Gholdengo|spa|1
|faint|p2a: Clodsire
|
|win|awesomesamuel
|raw|awesomesamuel's rating: 1536 &rarr; <strong>1560</strong><br />(+24 for winning)
|raw|deltarunetheanime's rating: 1609 &rarr; <strong>1585</strong><br />(-24 for losing)
|l|☆deltarunetheanime
|player|p2|
|l|‽awesomesamuel
|player|p1|
