|html|<div class="broadcast-blue"><strong>[Gen 9] OU is currently suspecting Tera Blast! For information on how to participate check out the <a href="https://www.smogon.com/tools/suspects/view/200">suspect thread</a>.</strong></div>
|j|☆Coriolis fell down
|j|☆Azamat1404
|t:|1776085034
|gametype|singles
|player|p1|Coriolis fell down|101|1296
|player|p2|Azamat1404|blue|1399
|gen|9
|tier|[Gen 9] OU
|rated|
|rule|HP Percentage Mod: HP is shown in percentages
|rule|Endless Battle Clause: Forcing endless battles is banned
|rule|Species Clause: Limit one of each Pokémon
|rule|OHKO Clause: OHKO moves are banned
|rule|Evasion Items Clause: Evasion items are banned
|rule|Evasion Moves Clause: Evasion moves are banned
|rule|Evasion Abilities Clause: Evasion abilities are banned
|rule|Sleep Moves Clause: Sleep-inducing moves are banned
|clearpoke
|poke|p1|Hydrapple, M|
|poke|p1|Tyranitar, F|
|poke|p1|Moltres|
|poke|p1|Zamazenta-*|
|poke|p1|Slowking-Galar, M|
|poke|p1|Excadrill, F|
|poke|p2|Dragonite, M|
|poke|p2|Sudowoodo, L1, M|
|poke|p2|Tyranitar, M|
|poke|p2|Alomomola, F|
|poke|p2|Kyurem|
|poke|p2|Corviknight, M|
|teampreview
|inactive|Battle timer is ON: inactive players will automatically lose when time's up. (requested by Coriolis fell down)
|
|t:|1776085055
|teamsize|p1|6
|teamsize|p2|6
|start
|switch|p1a: Tyranitar|Tyranitar, F|100/100
|switch|p2a: Dragonite|Dragonite, M|100/100
|-weather|Sandstorm|[from] ability: Sand Stream|[of] p1a: Tyranitar
|turn|1
|c|☆Azamat1404|Hi
|
|t:|1776085063
|switch|p1a: Moltres|Moltres|100/100
|move|p2a: Dragonite|Earthquake|p1a: Moltres
|-immune|p1a: Moltres
|
|-weather|Sandstorm|[upkeep]
|-damage|p2a: Dragonite|94/100|[from] Sandstorm
|-damage|p1a: Moltres|94/100|[from] Sandstorm
|upkeep
|turn|2
|
|t:|1776085068
|switch|p2a: Alomomola|Alomomola, F|100/100
|move|p1a: Moltres|U-turn|p2a: Alomomola
|-damage|p2a: Alomomola|91/100
|
|t:|1776085075
|switch|p1a: Tyranitar|Tyranitar, F|100/100|[from] U-turn
|
|-weather|Sandstorm|[upkeep]
|-damage|p2a: Alomomola|85/100|[from] Sandstorm
|upkeep
|turn|3
|
|t:|1776085084
|move|p2a: Alomomola|Flip Turn|p1a: Tyranitar
|-supereffective|p1a: Tyranitar
|-damage|p1a: Tyranitar|77/100
|
|t:|1776085088
|switch|p2a: Corviknight|Corviknight, M|100/100|[from] Flip Turn
|-ability|p2a: Corviknight|Pressure
|move|p1a: Tyranitar|Thunder Wave|p2a: Corviknight
|-status|p2a: Corviknight|par
|
|-weather|Sandstorm|[upkeep]
|upkeep
|turn|4
|
|t:|1776085095
|move|p1a: Tyranitar|Stealth Rock|p2a: Corviknight
|-sidestart|p2: Azamat1404|move: Stealth Rock
|move|p2a: Corviknight|U-turn|p1a: Tyranitar
|-supereffective|p1a: Tyranitar
|-damage|p1a: Tyranitar|53/100
|
|t:|1776085097
|switch|p2a: Alomomola|Alomomola, F|100/100|[from] U-turn
|
|-weather|Sandstorm|[upkeep]
|-damage|p2a: Alomomola|94/100|[from] Sandstorm
|upkeep
|turn|5
|
|t:|1776085101
|move|p2a: Alomomola|Flip Turn|p1a: Tyranitar
|-supereffective|p1a: Tyranitar
|-damage|p1a: Tyranitar|27/100
|
|t:|1776085104
|switch|p2a: Corviknight|Corviknight, M|100/100 par|[from] Flip Turn
|-damage|p2a: Corviknight|88/100 par|[from] Stealth Rock
|-ability|p2a: Corviknight|Pressure
|move|p1a: Tyranitar|Knock Off|p2a: Corviknight
|-damage|p2a: Corviknight|62/100 par
|-damage|p1a: Tyranitar|10/100|[from] item: Rocky Helmet|[of] p2a: Corviknight
|-enditem|p2a: Corviknight|Rocky Helmet|[from] move: Knock Off|[of] p1a: Tyranitar
|
|-weather|Sandstorm|[upkeep]
|upkeep
|turn|6
|
|t:|1776085113
|switch|p1a: Moltres|Moltres|94/100
|move|p2a: Corviknight|Defog|p1a: Moltres
|-unboost|p1a: Moltres|evasion|1
|-sideend|p2: Azamat1404|Stealth Rock|[from] move: Defog|[of] p2a: Corviknight
|
|-weather|Sandstorm|[upkeep]
|-damage|p1a: Moltres|88/100|[from] Sandstorm
|upkeep
|turn|7
|
|t:|1776085120
|switch|p2a: Alomomola|Alomomola, F|100/100
|move|p1a: Moltres|U-turn|p2a: Alomomola
|-damage|p2a: Alomomola|92/100
|
|t:|1776085124
|switch|p1a: Slowking|Slowking-Galar, M|100/100|[from] U-turn
|
|-weather|Sandstorm|[upkeep]
|-damage|p2a: Alomomola|86/100|[from] Sandstorm
|-damage|p1a: Slowking|94/100|[from] Sandstorm
|upkeep
|turn|8
|
|t:|1776085128
|move|p2a: Alomomola|Light Screen|p2a: Alomomola
|-sidestart|p2: Azamat1404|move: Light Screen
|move|p1a: Slowking|Sludge Bomb|p2a: Alomomola
|-damage|p2a: Alomomola|70/100
|
|-weather|none
|upkeep
|turn|9
|
|t:|1776085133
|move|p2a: Alomomola|Flip Turn|p1a: Slowking
|-damage|p1a: Slowking|81/100
|
|t:|1776085137
|switch|p2a: Tyranitar|Tyranitar, M|100/100|[from] Flip Turn
|-weather|Sandstorm|[from] ability: Sand Stream|[of] p2a: Tyranitar
|move|p1a: Slowking|Sludge Bomb|p2a: Tyranitar
|-resisted|p2a: Tyranitar
|-damage|p2a: Tyranitar|96/100
|
|-weather|Sandstorm|[upkeep]
|-damage|p1a: Slowking|75/100|[from] Sandstorm
|upkeep
|turn|10
|
|t:|1776085144
|switch|p1a: Tyranitar|Tyranitar, F|10/100
|move|p2a: Tyranitar|Stealth Rock|p1a: Tyranitar
|-sidestart|p1: Coriolis fell down|move: Stealth Rock
|
|-weather|Sandstorm|[upkeep]
|upkeep
|turn|11
|
|t:|1776085149
|move|p2a: Tyranitar|Knock Off|p1a: Tyranitar
|-resisted|p1a: Tyranitar
|-damage|p1a: Tyranitar|0 fnt
|-enditem|p1a: Tyranitar|Smooth Rock|[from] move: Knock Off|[of] p2a: Tyranitar
|faint|p1a: Tyranitar
|
|-weather|Sandstorm|[upkeep]
|upkeep
|
|t:|1776085151
|switch|p1a: Excadrill|Excadrill, F|100/100
|-damage|p1a: Excadrill|97/100|[from] Stealth Rock
|-item|p1a: Excadrill|Air Balloon
|turn|12
|
|t:|1776085162
|switch|p2a: Corviknight|Corviknight, M|62/100 par
|-ability|p2a: Corviknight|Pressure
|move|p1a: Excadrill|Earthquake|p2a: Corviknight
|-immune|p2a: Corviknight
|
|-weather|Sandstorm|[upkeep]
|-sideend|p2: Azamat1404|move: Light Screen
|upkeep
|turn|13
|
|t:|1776085171
|move|p1a: Excadrill|Swords Dance|p1a: Excadrill
|-boost|p1a: Excadrill|atk|2
|move|p2a: Corviknight|Roost|p2a: Corviknight
|-heal|p2a: Corviknight|100/100 par
|-singleturn|p2a: Corviknight|move: Roost
|
|-weather|Sandstorm|[upkeep]
|upkeep
|turn|14
|
|t:|1776085175
|move|p1a: Excadrill|Rapid Spin|p2a: Corviknight
|-resisted|p2a: Corviknight
|-damage|p2a: Corviknight|90/100 par
|-boost|p1a: Excadrill|spe|1
|-sideend|p1: Coriolis fell down|Stealth Rock|[from] move: Rapid Spin|[of] p1a: Excadrill
|move|p2a: Corviknight|U-turn|p1a: Excadrill
|-resisted|p1a: Excadrill
|-crit|p1a: Excadrill
|-damage|p1a: Excadrill|83/100
|-enditem|p1a: Excadrill|Air Balloon
|
|t:|1776085186
|switch|p2a: Sudowoodo|Sudowoodo, L1, M|100/100|[from] U-turn
|
|-weather|Sandstorm|[upkeep]
|upkeep
|turn|15
|
|t:|1776085195
|switch|p2a: Corviknight|Corviknight, M|90/100 par
|-ability|p2a: Corviknight|Pressure
|move|p1a: Excadrill|Rapid Spin|p2a: Corviknight
|-resisted|p2a: Corviknight
|-damage|p2a: Corviknight|79/100 par
|-boost|p1a: Excadrill|spe|1
|
|-weather|Sandstorm|[upkeep]
|upkeep
|turn|16
|
|t:|1776085203
|move|p1a: Excadrill|Swords Dance|p1a: Excadrill
|-boost|p1a: Excadrill|atk|2
|cant|p2a: Corviknight|par
|
|-weather|none
|upkeep
|turn|17
|
|t:|1776085207
|move|p1a: Excadrill|Swords Dance|p1a: Excadrill
|-boost|p1a: Excadrill|atk|2
|move|p2a: Corviknight|U-turn|p1a: Excadrill
|-resisted|p1a: Excadrill
|-damage|p1a: Excadrill|73/100
|
|t:|1776085215
|switch|p2a: Alomomola|Alomomola, F|100/100|[from] U-turn
|
|upkeep
|turn|18
|
|t:|1776085217
|move|p2a: Alomomola|Protect|p2a: Alomomola
|-singleturn|p2a: Alomomola|Protect
|move|p1a: Excadrill|Earthquake|p2a: Alomomola
|-activate|p2a: Alomomola|move: Protect
|
|upkeep
|turn|19
|
|t:|1776085222
|switch|p2a: Corviknight|Corviknight, M|79/100 par
|-ability|p2a: Corviknight|Pressure
|move|p1a: Excadrill|Earthquake|p2a: Corviknight
|-immune|p2a: Corviknight
|
|upkeep
|turn|20
|
|t:|1776085231
|switch|p2a: Alomomola|Alomomola, F|100/100
|move|p1a: Excadrill|Iron Head|p2a: Alomomola
|-resisted|p2a: Alomomola
|-damage|p2a: Alomomola|51/100
|
|upkeep
|turn|21
|
|t:|1776085236
|switch|p2a: Corviknight|Corviknight, M|79/100 par
|-ability|p2a: Corviknight|Pressure
|move|p1a: Excadrill|Iron Head|p2a: Corviknight
|-resisted|p2a: Corviknight
|-damage|p2a: Corviknight|29/100 par
|
|upkeep
|turn|22
|
|t:|1776085246
|switch|p2a: Alomomola|Alomomola, F|84/100
|move|p1a: Excadrill|Iron Head|p2a: Alomomola
|-resisted|p2a: Alomomola
|-damage|p2a: Alomomola|36/100
|
|upkeep
|turn|23
|
|t:|1776085252
|switch|p2a: Corviknight|Corviknight, M|29/100 par
|-ability|p2a: Corviknight|Pressure
|move|p1a: Excadrill|Iron Head|p2a: Corviknight
|-resisted|p2a: Corviknight
|-damage|p2a: Corviknight|0 fnt
|faint|p2a: Corviknight
|
|upkeep
|
|t:|1776085255
|switch|p2a: Sudowoodo|Sudowoodo, L1, M|100/100
|turn|24
|
|t:|1776085258
|move|p1a: Excadrill|Iron Head|p2a: Sudowoodo
|-supereffective|p2a: Sudowoodo
|-ability|p2a: Sudowoodo|Sturdy
|-damage|p2a: Sudowoodo|9/100
|move|p2a: Sudowoodo|Endeavor|p1a: Excadrill
|-damage|p1a: Excadrill|1/100
|-heal|p2a: Sudowoodo|100/100|[from] item: Shell Bell|[of] p1a: Excadrill
|
|upkeep
|turn|25
|
|t:|1776085264
|move|p2a: Sudowoodo|Sucker Punch|p1a: Excadrill
|-crit|p1a: Excadrill
|-damage|p1a: Excadrill|0 fnt
|faint|p1a: Excadrill
|
|upkeep
|
|t:|1776085276
|switch|p1a: Slowking|Slowking-Galar, M|100/100
|turn|26
|
|t:|1776085279
|switch|p2a: Tyranitar|Tyranitar, M|96/100
|-weather|Sandstorm|[from] ability: Sand Stream|[of] p2a: Tyranitar
|move|p1a: Slowking|Sludge Bomb|p2a: Tyranitar
|-resisted|p2a: Tyranitar
|-crit|p2a: Tyranitar
|-damage|p2a: Tyranitar|82/100
|
|-weather|Sandstorm|[upkeep]
|-damage|p1a: Slowking|94/100|[from] Sandstorm
|upkeep
|turn|27
|
|t:|1776085286
|switch|p1a: Zamazenta|Zamazenta|100/100
|-ability|p1a: Zamazenta|Dauntless Shield|boost
|-boost|p1a: Zamazenta|def|1
|move|p2a: Tyranitar|Stealth Rock|p1a: Zamazenta
|-sidestart|p1: Coriolis fell down|move: Stealth Rock
|
|-weather|Sandstorm|[upkeep]
|-damage|p1a: Zamazenta|94/100|[from] Sandstorm
|-heal|p1a: Zamazenta|100/100|[from] item: Leftovers
|upkeep
|turn|28
|
|t:|1776085296
|switch|p2a: Alomomola|Alomomola, F|69/100
|move|p1a: Zamazenta|Body Press|p2a: Alomomola
|-damage|p2a: Alomomola|33/100
|
|-weather|Sandstorm|[upkeep]
|-damage|p1a: Zamazenta|94/100|[from] Sandstorm
|-damage|p2a: Alomomola|27/100|[from] Sandstorm
|-heal|p1a: Zamazenta|100/100|[from] item: Leftovers
|upkeep
|turn|29
|
|t:|1776085306
|move|p1a: Zamazenta|Body Press|p2a: Alomomola
|-damage|p2a: Alomomola|0 fnt
|faint|p2a: Alomomola
|
|-weather|Sandstorm|[upkeep]
|-damage|p1a: Zamazenta|94/100|[from] Sandstorm
|-heal|p1a: Zamazenta|100/100|[from] item: Leftovers
|upkeep
|
|t:|1776085308
|switch|p2a: Sudowoodo|Sudowoodo, L1, M|100/100
|turn|30
|
|t:|1776085315
|switch|p1a: Moltres|Moltres|88/100
|move|p2a: Sudowoodo|Endeavor|p1a: Moltres
|-damage|p1a: Moltres|4/100
|
|-weather|Sandstorm|[upkeep]
|-damage|p1a: Moltres|0 fnt|[from] Sandstorm
|faint|p1a: Moltres
|upkeep
|
|t:|1776085325
|switch|p1a: Slowking|Slowking-Galar, M|100/100
|-damage|p1a: Slowking|88/100|[from] Stealth Rock
|turn|31
|
|t:|1776085330
|move|p1a: Slowking|Sludge Bomb|p2a: Sudowoodo
|-resisted|p2a: Sudowoodo
|-ability|p2a: Sudowoodo|Sturdy
|-damage|p2a: Sudowoodo|9/100
|-status|p2a: Sudowoodo|psn
|move|p2a: Sudowoodo|Endeavor|p1a: Slowking
|-damage|p1a: Slowking|1/100
|-heal|p2a: Sudowoodo|100/100 psn|[from] item: Shell Bell|[of] p1a: Slowking
|
|-weather|Sandstorm|[upkeep]
|-damage|p1a: Slowking|0 fnt|[from] Sandstorm
|faint|p1a: Slowking
|-damage|p2a: Sudowoodo|92/100 psn|[from] psn
|upkeep
|
|t:|1776085337
|switch|p1a: Zamazenta|Zamazenta|100/100
|-damage|p1a: Zamazenta|94/100|[from] Stealth Rock
|turn|32
|
|t:|1776085340
|move|p1a: Zamazenta|Body Press|p2a: Sudowoodo
|-supereffective|p2a: Sudowoodo
|-damage|p2a: Sudowoodo|0 fnt
|faint|p2a: Sudowoodo
|
|-weather|Sandstorm|[upkeep]
|-damage|p1a: Zamazenta|88/100|[from] Sandstorm
|-heal|p1a: Zamazenta|94/100|[from] item: Leftovers
|upkeep
|
|t:|1776085342
|switch|p2a: Kyurem|Kyurem|100/100
|-ability|p2a: Kyurem|Pressure
|turn|33
|
|t:|1776085349
|move|p2a: Kyurem|Draco Meteor|p1a: Zamazenta
|-damage|p1a: Zamazenta|28/100
|-unboost|p2a: Kyurem|spa|2
|move|p1a: Zamazenta|Iron Defense|p1a: Zamazenta
|-boost|p1a: Zamazenta|def|2
|
|-weather|none
|-heal|p1a: Zamazenta|35/100|[from] item: Leftovers
|upkeep
|turn|34
|
|t:|1776085360
|switch|p2a: Tyranitar|Tyranitar, M|82/100
|-weather|Sandstorm|[from] ability: Sand Stream|[of] p2a: Tyranitar
|move|p1a: Zamazenta|Body Press|p2a: Tyranitar
|-supereffective|p2a: Tyranitar
|-damage|p2a: Tyranitar|0 fnt
|faint|p2a: Tyranitar
|
|-weather|Sandstorm|[upkeep]
|-damage|p1a: Zamazenta|28/100|[from] Sandstorm
|-heal|p1a: Zamazenta|35/100|[from] item: Leftovers
|upkeep
|
|t:|1776085362
|switch|p2a: Kyurem|Kyurem|100/100
|-ability|p2a: Kyurem|Pressure
|turn|35
|
|t:|1776085365
|-terastallize|p2a: Kyurem|Ice
|move|p2a: Kyurem|Ice Beam|p1a: Zamazenta
|-damage|p1a: Zamazenta|0 fnt
|faint|p1a: Zamazenta
|
|-weather|Sandstorm|[upkeep]
|-damage|p2a: Kyurem|94/100|[from] Sandstorm
|upkeep
|-message|Coriolis fell down forfeited.
|
|win|Azamat1404
|raw|Coriolis fell down's rating: 1296 &rarr; <strong>1278</strong><br />(-18 for losing)
|raw|Azamat1404's rating: 1399 &rarr; <strong>1413</strong><br />(+14 for winning)
|l|☆Coriolis fell down
|player|p1|
|l|☆Azamat1404
|player|p2|
