|html|<div class="broadcast-blue"><strong>[Gen 9] OU is currently suspecting Tera Blast! For information on how to participate check out the <a href="https://www.smogon.com/tools/suspects/view/200">suspect thread</a>.</strong></div>
|j|☆DonovanIsNotHere
|j|☆mathismathin
|t:|1776124110
|gametype|singles
|player|p1|DonovanIsNotHere|170|1625
|player|p2|mathismathin|bugsy-masters|1637
|gen|9
|tier|[Gen 9] OU
|rated|
|rule|HP Percentage Mod: HP is shown in percentages
|rule|Endless Battle Clause: Forcing endless battles is banned
|rule|Species Clause: Limit one of each Pokémon
|rule|OHKO Clause: OHKO moves are banned
|rule|Evasion Items Clause: Evasion items are banned
|rule|Evasion Moves Clause: Evasion moves are banned
|rule|Evasion Abilities Clause: Evasion abilities are banned
|rule|Sleep Moves Clause: Sleep-inducing moves are banned
|clearpoke
|poke|p1|Venusaur, F|
|poke|p1|Magnezone|
|poke|p1|Moltres|
|poke|p1|Ogerpon-Wellspring, F|
|poke|p1|Clefable, F|
|poke|p1|Pecharunt|
|poke|p2|Ribombee, F|
|poke|p2|Zarude-Dada|
|poke|p2|Lycanroc-Dusk, F|
|poke|p2|Gholdengo|
|poke|p2|Iron Valiant|
|poke|p2|Glimmora, F|
|teampreview
|
|t:|1776124125
|teamsize|p1|6
|teamsize|p2|6
|start
|switch|p1a: Clefable|Clefable, F|100/100
|switch|p2a: Ribombee|Ribombee, F|100/100
|turn|1
|
|t:|1776124130
|move|p2a: Ribombee|Sticky Web|p1a: Clefable
|-sidestart|p1: DonovanIsNotHere|move: Sticky Web
|move|p1a: Clefable|Moonblast|p2a: Ribombee
|-damage|p2a: Ribombee|50/100
|
|upkeep
|turn|2
|inactive|Battle timer is ON: inactive players will automatically lose when time's up. (requested by DonovanIsNotHere)
|
|t:|1776124154
|move|p2a: Ribombee|Moonblast|p1a: Clefable
|-damage|p1a: Clefable|74/100
|move|p1a: Clefable|Stealth Rock|p2a: Ribombee
|-sidestart|p2: mathismathin|move: Stealth Rock
|
|-heal|p1a: Clefable|80/100|[from] item: Leftovers
|upkeep
|turn|3
|
|t:|1776124158
|move|p2a: Ribombee|Moonblast|p1a: Clefable
|-damage|p1a: Clefable|51/100
|-unboost|p1a: Clefable|spa|1
|move|p1a: Clefable|Moonblast|p2a: Ribombee
|-damage|p2a: Ribombee|12/100
|
|-heal|p1a: Clefable|57/100|[from] item: Leftovers
|upkeep
|turn|4
|
|t:|1776124186
|move|p2a: Ribombee|Moonblast|p1a: Clefable
|-damage|p1a: Clefable|30/100
|-unboost|p1a: Clefable|spa|1
|move|p1a: Clefable|Moonlight|p1a: Clefable
|-heal|p1a: Clefable|80/100
|
|-heal|p1a: Clefable|86/100|[from] item: Leftovers
|upkeep
|turn|5
|
|t:|1776124189
|move|p2a: Ribombee|Moonblast|p1a: Clefable
|-crit|p1a: Clefable
|-damage|p1a: Clefable|43/100
|move|p1a: Clefable|Moonblast|p2a: Ribombee
|-damage|p2a: Ribombee|0 fnt
|faint|p2a: Ribombee
|
|-heal|p1a: Clefable|49/100|[from] item: Leftovers
|upkeep
|
|t:|1776124194
|switch|p2a: Glimmora|Glimmora, F|100/100
|-damage|p2a: Glimmora|88/100|[from] Stealth Rock
|turn|6
|
|t:|1776124197
|switch|p1a: Bird Trap|Magnezone|100/100
|-activate|p1a: Bird Trap|move: Sticky Web
|-unboost|p1a: Bird Trap|spe|1
|move|p2a: Glimmora|Sludge Wave|p1a: Bird Trap
|-immune|p1a: Bird Trap
|
|upkeep
|turn|7
|
|t:|1776124208
|move|p2a: Glimmora|Earth Power|p1a: Bird Trap
|-supereffective|p1a: Bird Trap
|-damage|p1a: Bird Trap|0 fnt
|faint|p1a: Bird Trap
|
|upkeep
|
|t:|1776124210
|switch|p1a: Flytrap|Venusaur, F|100/100
|-activate|p1a: Flytrap|move: Sticky Web
|-unboost|p1a: Flytrap|spe|1
|turn|8
|
|t:|1776124230
|move|p2a: Glimmora|Meteor Beam||[still]
|-prepare|p2a: Glimmora|Meteor Beam
|-boost|p2a: Glimmora|spa|1
|-enditem|p2a: Glimmora|Power Herb
|-anim|p2a: Glimmora|Meteor Beam|p1a: Flytrap
|-damage|p1a: Flytrap|35/100
|move|p1a: Flytrap|Earth Power|p2a: Glimmora
|-supereffective|p2a: Glimmora
|-damage|p2a: Glimmora|0 fnt
|faint|p2a: Glimmora
|
|-heal|p1a: Flytrap|41/100|[from] item: Leftovers
|upkeep
|
|t:|1776124236
|switch|p2a: Iron Valiant|Iron Valiant|100/100
|-damage|p2a: Iron Valiant|94/100|[from] Stealth Rock
|-enditem|p2a: Iron Valiant|Booster Energy
|-activate|p2a: Iron Valiant|ability: Quark Drive|[fromitem]
|-start|p2a: Iron Valiant|quarkdrivespa
|turn|9
|
|t:|1776124245
|move|p2a: Iron Valiant|Psyshock|p1a: Flytrap
|-supereffective|p1a: Flytrap
|-damage|p1a: Flytrap|0 fnt
|faint|p1a: Flytrap
|
|upkeep
|
|t:|1776124250
|switch|p1a: Dog Trap|Moltres|100/100
|turn|10
|
|t:|1776124252
|move|p2a: Iron Valiant|Calm Mind|p2a: Iron Valiant
|-boost|p2a: Iron Valiant|spa|1
|-boost|p2a: Iron Valiant|spd|1
|move|p1a: Dog Trap|U-turn|p2a: Iron Valiant
|-resisted|p2a: Iron Valiant
|-damage|p2a: Iron Valiant|90/100
|
|t:|1776124256
|switch|p1a: Clefable|Clefable, F|49/100|[from] U-turn
|-activate|p1a: Clefable|move: Sticky Web
|-unboost|p1a: Clefable|spe|1
|
|-heal|p1a: Clefable|56/100|[from] item: Leftovers
|upkeep
|turn|11
|
|t:|1776124259
|move|p2a: Iron Valiant|Moonblast|p1a: Clefable
|-damage|p1a: Clefable|0 fnt
|faint|p1a: Clefable
|
|upkeep
|
|t:|1776124273
|switch|p1a: Dog Trap|Moltres|100/100
|turn|12
|inactive|mathismathin has 120 seconds left.
|
|t:|1776124309
|move|p2a: Iron Valiant|Moonblast|p1a: Dog Trap
|-resisted|p1a: Dog Trap
|-damage|p1a: Dog Trap|49/100
|move|p1a: Dog Trap|Hurricane|p2a: Iron Valiant
|-supereffective|p2a: Iron Valiant
|-damage|p2a: Iron Valiant|0 fnt
|faint|p2a: Iron Valiant
|-end|p2a: Iron Valiant|Quark Drive|[silent]
|
|upkeep
|
|t:|1776124315
|switch|p2a: Lycanroc|Lycanroc-Dusk, F|100/100
|-damage|p2a: Lycanroc|88/100|[from] Stealth Rock
|turn|13
|
|t:|1776124321
|switch|p1a: Pecharunt|Pecharunt|100/100
|move|p2a: Lycanroc|Swords Dance|p2a: Lycanroc
|-boost|p2a: Lycanroc|atk|2
|
|upkeep
|turn|14
|inactive|mathismathin has 120 seconds left.
|inactive|mathismathin has 90 seconds left.
|
|t:|1776124385
|-terastallize|p2a: Lycanroc|Dark
|move|p2a: Lycanroc|Sucker Punch|p1a: Pecharunt
|-supereffective|p1a: Pecharunt
|-crit|p1a: Pecharunt
|-damage|p1a: Pecharunt|0 fnt
|faint|p1a: Pecharunt
|-damage|p2a: Lycanroc|78/100|[from] item: Life Orb
|
|upkeep
|
|t:|1776124393
|switch|p1a: Ogerpon|Ogerpon-Wellspring, F|100/100
|-activate|p1a: Ogerpon|move: Sticky Web
|-unboost|p1a: Ogerpon|spe|1
|turn|15
|c|☆DonovanIsNotHere|wp gg
|
|t:|1776124403
|-terastallize|p1a: Ogerpon|Water
|detailschange|p1a: Ogerpon|Ogerpon-Wellspring-Tera, F, tera:Water
|-ability|p1a: Ogerpon|Embody Aspect (Wellspring)|boost
|-boost|p1a: Ogerpon|spd|1
|move|p2a: Lycanroc|Close Combat|p1a: Ogerpon
|-damage|p1a: Ogerpon|0 fnt
|-unboost|p2a: Lycanroc|def|1
|-unboost|p2a: Lycanroc|spd|1
|faint|p1a: Ogerpon
|detailschange|p1: Ogerpon|Ogerpon-Wellspring, F|[silent]
|-damage|p2a: Lycanroc|68/100|[from] item: Life Orb
|
|upkeep
|
|t:|1776124405
|switch|p1a: Dog Trap|Moltres|49/100
|turn|16
|
|t:|1776124408
|move|p2a: Lycanroc|Accelerock|p1a: Dog Trap
|-supereffective|p1a: Dog Trap
|-damage|p1a: Dog Trap|0 fnt
|-status|p2a: Lycanroc|brn|[from] ability: Flame Body|[of] p1a: Dog Trap
|faint|p1a: Dog Trap
|-damage|p2a: Lycanroc|58/100 brn|[from] item: Life Orb
|
|win|mathismathin
|raw|DonovanIsNotHere's rating: 1625 &rarr; <strong>1603</strong><br />(-22 for losing)
|raw|mathismathin's rating: 1598 &rarr; <strong>1620</strong><br />(+22 for winning)
|l|☆DonovanIsNotHere
|player|p1|
