|html|<div class="broadcast-blue"><strong>[Gen 9] OU is currently suspecting Tera Blast! For information on how to participate check out the <a href="https://www.smogon.com/tools/suspects/view/200">suspect thread</a>.</strong></div>
|j|☆cumisbola2
|j|☆GGS_Chuddius
|t:|1776110766
|gametype|singles
|player|p1|cumisbola2|iris-gen5bw2|1322
|player|p2|GGS_Chuddius|102|1364
|gen|9
|tier|[Gen 9] OU
|rated|
|rule|HP Percentage Mod: HP is shown in percentages
|rule|Endless Battle Clause: Forcing endless battles is banned
|rule|Species Clause: Limit one of each Pokémon
|rule|OHKO Clause: OHKO moves are banned
|rule|Evasion Items Clause: Evasion items are banned
|rule|Evasion Moves Clause: Evasion moves are banned
|rule|Evasion Abilities Clause: Evasion abilities are banned
|rule|Sleep Moves Clause: Sleep-inducing moves are banned
|clearpoke
|poke|p1|Tyranitar, M|
|poke|p1|Porygon-Z|
|poke|p1|Moltres|
|poke|p1|Darkrai|
|poke|p1|Great Tusk|
|poke|p1|Iron Valiant|
|poke|p2|Dondozo, F|
|poke|p2|Blissey, F|
|poke|p2|Corviknight, F|
|poke|p2|Gliscor, M|
|poke|p2|Toxapex, F|
|poke|p2|Weezing-Galar, F|
|teampreview
|c|☆cumisbola2|gl hf
|j| ohko_smeargle
|
|t:|1776110786
|teamsize|p1|6
|teamsize|p2|6
|start
|switch|p1a: Porygon-Z|Porygon-Z|100/100
|switch|p2a: Gliscor|Gliscor, M|100/100
|turn|1
|
|t:|1776110794
|move|p2a: Gliscor|Protect|p2a: Gliscor
|-singleturn|p2a: Gliscor|Protect
|move|p1a: Porygon-Z|Tri Attack|p2a: Gliscor
|-activate|p2a: Gliscor|move: Protect
|
|-status|p2a: Gliscor|tox|[from] item: Toxic Orb
|upkeep
|turn|2
|
|t:|1776110801
|move|p1a: Porygon-Z|Tri Attack|p2a: Gliscor
|-damage|p2a: Gliscor|32/100 tox
|move|p2a: Gliscor|Knock Off|p1a: Porygon-Z
|-damage|p1a: Porygon-Z|69/100
|-enditem|p1a: Porygon-Z|Choice Specs|[from] move: Knock Off|[of] p2a: Gliscor
|
|-heal|p2a: Gliscor|44/100 tox|[from] ability: Poison Heal
|upkeep
|turn|3
|
|t:|1776110809
|move|p2a: Gliscor|Protect|p2a: Gliscor
|-singleturn|p2a: Gliscor|Protect
|move|p1a: Porygon-Z|Tri Attack|p2a: Gliscor
|-activate|p2a: Gliscor|move: Protect
|
|-heal|p2a: Gliscor|57/100 tox|[from] ability: Poison Heal
|upkeep
|turn|4
|
|t:|1776110823
|switch|p2a: Blissey|Blissey, F|100/100
|move|p1a: Porygon-Z|Tri Attack|p2a: Blissey
|-damage|p2a: Blissey|83/100
|
|-heal|p2a: Blissey|89/100|[from] item: Leftovers
|upkeep
|turn|5
|
|t:|1776110831
|switch|p1a: Tyranitar|Tyranitar, M|100/100
|-weather|Sandstorm|[from] ability: Sand Stream|[of] p1a: Tyranitar
|move|p2a: Blissey|Stealth Rock|p1a: Tyranitar
|-sidestart|p1: cumisbola2|move: Stealth Rock
|
|-weather|Sandstorm|[upkeep]
|-damage|p2a: Blissey|83/100|[from] Sandstorm
|-heal|p2a: Blissey|89/100|[from] item: Leftovers
|upkeep
|turn|6
|
|t:|1776110854
|switch|p2a: Corviknight|Corviknight, F|100/100
|-ability|p2a: Corviknight|Pressure
|move|p1a: Tyranitar|Stone Edge|p2a: Corviknight
|-damage|p2a: Corviknight|46/100
|
|-weather|Sandstorm|[upkeep]
|-heal|p2a: Corviknight|53/100|[from] item: Leftovers
|upkeep
|turn|7
|
|t:|1776110866
|-terastallize|p1a: Tyranitar|Rock
|move|p2a: Corviknight|Body Press|p1a: Tyranitar
|-supereffective|p1a: Tyranitar
|-damage|p1a: Tyranitar|63/100
|move|p1a: Tyranitar|Stone Edge|p2a: Corviknight
|-damage|p2a: Corviknight|0 fnt
|faint|p2a: Corviknight
|
|-weather|Sandstorm|[upkeep]
|upkeep
|
|t:|1776110874
|switch|p2a: Toxapex|Toxapex, F|100/100
|turn|8
|
|t:|1776110881
|switch|p1a: Darkrai|Darkrai|100/100
|-damage|p1a: Darkrai|88/100|[from] Stealth Rock
|move|p2a: Toxapex|Toxic|p1a: Darkrai
|-status|p1a: Darkrai|tox
|
|-weather|Sandstorm|[upkeep]
|-damage|p1a: Darkrai|82/100 tox|[from] Sandstorm
|-damage|p2a: Toxapex|94/100|[from] Sandstorm
|-heal|p2a: Toxapex|100/100|[from] item: Leftovers
|-damage|p1a: Darkrai|76/100 tox|[from] psn
|upkeep
|turn|9
|
|t:|1776110893
|switch|p2a: Blissey|Blissey, F|89/100
|move|p1a: Darkrai|Dark Pulse|p2a: Blissey
|-damage|p2a: Blissey|76/100
|
|-weather|none
|-heal|p2a: Blissey|82/100|[from] item: Leftovers
|-damage|p1a: Darkrai|64/100 tox|[from] psn
|upkeep
|turn|10
|
|t:|1776110903
|switch|p1a: Great Tusk|Great Tusk|100/100
|-damage|p1a: Great Tusk|98/100|[from] Stealth Rock
|-enditem|p1a: Great Tusk|Booster Energy
|-activate|p1a: Great Tusk|ability: Protosynthesis|[fromitem]
|-start|p1a: Great Tusk|protosynthesisatk
|move|p2a: Blissey|Seismic Toss|p1a: Great Tusk
|-damage|p1a: Great Tusk|71/100
|
|-heal|p2a: Blissey|89/100|[from] item: Leftovers
|upkeep
|turn|11
|
|t:|1776110916
|switch|p2a: Weezing|Weezing-Galar, F|100/100
|-ability|p2a: Weezing|Neutralizing Gas
|move|p1a: Great Tusk|Rapid Spin|p2a: Weezing
|-damage|p2a: Weezing|89/100
|-boost|p1a: Great Tusk|spe|1
|-sideend|p1: cumisbola2|Stealth Rock|[from] move: Rapid Spin|[of] p1a: Great Tusk
|
|upkeep
|turn|12
|
|t:|1776110935
|-end|p2a: Weezing|ability: Neutralizing Gas
|switch|p2a: Gliscor|Gliscor, M|57/100 tox
|move|p1a: Great Tusk|Headlong Rush|p2a: Gliscor
|-immune|p2a: Gliscor
|
|-heal|p2a: Gliscor|69/100 tox|[from] ability: Poison Heal
|upkeep
|turn|13
|
|t:|1776110948
|-end|p1a: Great Tusk|Protosynthesis|[silent]
|switch|p1a: Darkrai|Darkrai|64/100 tox
|move|p2a: Gliscor|Protect||[still]
|-fail|p2a: Gliscor
|
|-damage|p1a: Darkrai|58/100 tox|[from] psn
|-heal|p2a: Gliscor|82/100 tox|[from] ability: Poison Heal
|upkeep
|turn|14
|
|t:|1776110956
|switch|p2a: Blissey|Blissey, F|89/100
|move|p1a: Darkrai|Ice Beam|p2a: Blissey
|-damage|p2a: Blissey|79/100
|
|-heal|p2a: Blissey|86/100|[from] item: Leftovers
|-damage|p1a: Darkrai|46/100 tox|[from] psn
|upkeep
|turn|15
|
|t:|1776110971
|switch|p1a: Iron Valiant|Iron Valiant|100/100
|-enditem|p1a: Iron Valiant|Booster Energy
|-activate|p1a: Iron Valiant|ability: Quark Drive|[fromitem]
|-start|p1a: Iron Valiant|quarkdrivespe
|move|p2a: Blissey|Seismic Toss|p1a: Iron Valiant
|-damage|p1a: Iron Valiant|66/100
|
|-heal|p2a: Blissey|92/100|[from] item: Leftovers
|upkeep
|turn|16
|
|t:|1776110992
|switch|p2a: Toxapex|Toxapex, F|100/100
|move|p1a: Iron Valiant|Close Combat|p2a: Toxapex
|-resisted|p2a: Toxapex
|-damage|p2a: Toxapex|79/100
|-unboost|p1a: Iron Valiant|def|1
|-unboost|p1a: Iron Valiant|spd|1
|
|-heal|p2a: Toxapex|85/100|[from] item: Leftovers
|upkeep
|turn|17
|inactive|Battle timer is ON: inactive players will automatically lose when time's up. (requested by GGS_Chuddius)
|
|t:|1776111036
|-end|p1a: Iron Valiant|Quark Drive|[silent]
|switch|p1a: Great Tusk|Great Tusk|71/100
|move|p2a: Toxapex|Toxic|p1a: Great Tusk
|-status|p1a: Great Tusk|tox
|
|-heal|p2a: Toxapex|91/100|[from] item: Leftovers
|-damage|p1a: Great Tusk|64/100 tox|[from] psn
|upkeep
|turn|18
|
|t:|1776111052
|switch|p2a: Dondozo|Dondozo, F|100/100
|move|p1a: Great Tusk|Stealth Rock|p2a: Dondozo
|-sidestart|p2: GGS_Chuddius|move: Stealth Rock
|
|-damage|p1a: Great Tusk|52/100 tox|[from] psn
|upkeep
|turn|19
|
|t:|1776111061
|-end|p1a: Great Tusk|Protosynthesis|[silent]
|switch|p1a: Porygon-Z|Porygon-Z|69/100
|move|p2a: Dondozo|Avalanche|p1a: Porygon-Z
|-damage|p1a: Porygon-Z|50/100
|
|upkeep
|turn|20
|
|t:|1776111068
|switch|p2a: Blissey|Blissey, F|92/100
|-damage|p2a: Blissey|79/100|[from] Stealth Rock
|move|p1a: Porygon-Z|Thunderbolt|p2a: Blissey
|-damage|p2a: Blissey|70/100
|
|-heal|p2a: Blissey|76/100|[from] item: Leftovers
|upkeep
|turn|21
|
|t:|1776111076
|switch|p1a: Great Tusk|Great Tusk|52/100 tox
|move|p2a: Blissey|Stealth Rock|p1a: Great Tusk
|-sidestart|p1: cumisbola2|move: Stealth Rock
|
|-heal|p2a: Blissey|83/100|[from] item: Leftovers
|-damage|p1a: Great Tusk|46/100 tox|[from] psn
|upkeep
|turn|22
|
|t:|1776111088
|switch|p2a: Dondozo|Dondozo, F|100/100
|-damage|p2a: Dondozo|88/100|[from] Stealth Rock
|move|p1a: Great Tusk|Close Combat|p2a: Dondozo
|-damage|p2a: Dondozo|58/100
|-unboost|p1a: Great Tusk|def|1
|-unboost|p1a: Great Tusk|spd|1
|
|-heal|p2a: Dondozo|65/100|[from] item: Leftovers
|-damage|p1a: Great Tusk|33/100 tox|[from] psn
|upkeep
|turn|23
|
|t:|1776111108
|-end|p1a: Great Tusk|Protosynthesis|[silent]
|switch|p1a: Darkrai|Darkrai|46/100 tox
|-damage|p1a: Darkrai|34/100 tox|[from] Stealth Rock
|move|p2a: Dondozo|Body Press|p1a: Darkrai
|-supereffective|p1a: Darkrai
|-damage|p1a: Darkrai|0 fnt
|faint|p1a: Darkrai
|
|-heal|p2a: Dondozo|71/100|[from] item: Leftovers
|upkeep
|
|t:|1776111112
|switch|p1a: Porygon-Z|Porygon-Z|50/100
|-damage|p1a: Porygon-Z|38/100|[from] Stealth Rock
|turn|24
|
|t:|1776111120
|switch|p1a: Tyranitar|Tyranitar, M, tera:Rock|63/100
|-damage|p1a: Tyranitar|50/100|[from] Stealth Rock
|-weather|Sandstorm|[from] ability: Sand Stream|[of] p1a: Tyranitar
|switch|p2a: Blissey|Blissey, F|83/100
|-damage|p2a: Blissey|70/100|[from] Stealth Rock
|
|-weather|Sandstorm|[upkeep]
|-damage|p2a: Blissey|64/100|[from] Sandstorm
|-heal|p2a: Blissey|70/100|[from] item: Leftovers
|upkeep
|turn|25
|
|t:|1776111141
|switch|p2a: Gliscor|Gliscor, M|82/100 tox
|-damage|p2a: Gliscor|69/100 tox|[from] Stealth Rock
|move|p1a: Tyranitar|Stone Edge|p2a: Gliscor
|-crit|p2a: Gliscor
|-damage|p2a: Gliscor|0 fnt
|faint|p2a: Gliscor
|
|-weather|Sandstorm|[upkeep]
|upkeep
|
|t:|1776111150
|switch|p2a: Toxapex|Toxapex, F|100/100
|-damage|p2a: Toxapex|88/100|[from] Stealth Rock
|turn|26
|
|t:|1776111155
|switch|p1a: Moltres|Moltres|100/100
|move|p2a: Toxapex|Toxic|p1a: Moltres
|-status|p1a: Moltres|tox
|
|-weather|Sandstorm|[upkeep]
|-damage|p1a: Moltres|94/100 tox|[from] Sandstorm
|-damage|p2a: Toxapex|82/100|[from] Sandstorm
|-heal|p2a: Toxapex|88/100|[from] item: Leftovers
|-damage|p1a: Moltres|88/100 tox|[from] psn
|upkeep
|turn|27
|
|t:|1776111169
|move|p1a: Moltres|Scorching Sands|p2a: Toxapex
|-supereffective|p2a: Toxapex
|-damage|p2a: Toxapex|62/100
|move|p2a: Toxapex|Poison Jab|p1a: Moltres
|-damage|p1a: Moltres|73/100 tox
|-status|p2a: Toxapex|brn|[from] ability: Flame Body|[of] p1a: Moltres
|
|-weather|Sandstorm|[upkeep]
|-damage|p1a: Moltres|67/100 tox|[from] Sandstorm
|-damage|p2a: Toxapex|55/100 brn|[from] Sandstorm
|-heal|p2a: Toxapex|62/100 brn|[from] item: Leftovers
|-damage|p1a: Moltres|55/100 tox|[from] psn
|-damage|p2a: Toxapex|55/100 brn|[from] brn
|upkeep
|turn|28
|
|t:|1776111182
|move|p1a: Moltres|Roost|p1a: Moltres
|-heal|p1a: Moltres|100/100 tox
|-singleturn|p1a: Moltres|move: Roost
|move|p2a: Toxapex|Recover|p2a: Toxapex
|-heal|p2a: Toxapex|100/100 brn
|
|-weather|none
|-damage|p1a: Moltres|82/100 tox|[from] psn
|-damage|p2a: Toxapex|94/100 brn|[from] brn
|upkeep
|turn|29
|
|t:|1776111205
|switch|p2a: Weezing|Weezing-Galar, F|89/100
|-ability|p2a: Weezing|Neutralizing Gas
|move|p1a: Moltres|Hurricane|p2a: Weezing|[miss]
|-miss|p1a: Moltres|p2a: Weezing
|
|-damage|p1a: Moltres|58/100 tox|[from] psn
|upkeep
|turn|30
|
|t:|1776111218
|-end|p2a: Weezing|ability: Neutralizing Gas
|switch|p2a: Blissey|Blissey, F|70/100
|-damage|p2a: Blissey|58/100|[from] Stealth Rock
|move|p1a: Moltres|Roost|p1a: Moltres
|-heal|p1a: Moltres|100/100 tox
|-singleturn|p1a: Moltres|move: Roost
|
|-heal|p2a: Blissey|64/100|[from] item: Leftovers
|-damage|p1a: Moltres|70/100 tox|[from] psn
|upkeep
|turn|31
|
|t:|1776111230
|switch|p1a: Porygon-Z|Porygon-Z|38/100
|-damage|p1a: Porygon-Z|26/100|[from] Stealth Rock
|move|p2a: Blissey|Soft-Boiled|p2a: Blissey
|-heal|p2a: Blissey|100/100
|
|upkeep
|turn|32
|
|t:|1776111236
|move|p1a: Porygon-Z|Hyper Beam|p2a: Blissey
|-damage|p2a: Blissey|70/100
|-mustrecharge|p1a: Porygon-Z
|move|p2a: Blissey|Seismic Toss|p1a: Porygon-Z
|-damage|p1a: Porygon-Z|0 fnt
|faint|p1a: Porygon-Z
|
|-heal|p2a: Blissey|76/100|[from] item: Leftovers
|upkeep
|
|t:|1776111248
|switch|p1a: Tyranitar|Tyranitar, M, tera:Rock|50/100
|-damage|p1a: Tyranitar|38/100|[from] Stealth Rock
|-weather|Sandstorm|[from] ability: Sand Stream|[of] p1a: Tyranitar
|turn|33
|
|t:|1776111261
|switch|p2a: Toxapex|Toxapex, F|100/100 brn
|-damage|p2a: Toxapex|88/100 brn|[from] Stealth Rock
|move|p1a: Tyranitar|Stone Edge|p2a: Toxapex
|-damage|p2a: Toxapex|0 fnt
|faint|p2a: Toxapex
|
|-weather|Sandstorm|[upkeep]
|upkeep
|
|t:|1776111269
|switch|p2a: Dondozo|Dondozo, F|71/100
|-damage|p2a: Dondozo|58/100|[from] Stealth Rock
|turn|34
|
|t:|1776111273
|move|p1a: Tyranitar|Stone Edge|p2a: Dondozo
|-damage|p2a: Dondozo|5/100
|move|p2a: Dondozo|Body Press|p1a: Tyranitar
|-supereffective|p1a: Tyranitar
|-damage|p1a: Tyranitar|0 fnt
|faint|p1a: Tyranitar
|
|-weather|Sandstorm|[upkeep]
|-damage|p2a: Dondozo|0 fnt|[from] Sandstorm
|faint|p2a: Dondozo
|upkeep
|
|t:|1776111283
|switch|p1a: Great Tusk|Great Tusk|33/100 tox
|switch|p2a: Weezing|Weezing-Galar, F|89/100
|-ability|p2a: Weezing|Neutralizing Gas
|-damage|p1a: Great Tusk|30/100 tox|[from] Stealth Rock
|turn|35
|
|t:|1776111293
|-terastallize|p2a: Weezing|Ghost
|move|p1a: Great Tusk|Headlong Rush|p2a: Weezing
|-damage|p2a: Weezing|46/100
|-unboost|p1a: Great Tusk|def|1
|-unboost|p1a: Great Tusk|spd|1
|move|p2a: Weezing|Toxic Spikes|p1a: Great Tusk
|-sidestart|p1: cumisbola2|move: Toxic Spikes
|
|-weather|Sandstorm|[upkeep]
|-damage|p2a: Weezing|40/100|[from] Sandstorm
|-damage|p1a: Great Tusk|24/100 tox|[from] psn
|upkeep
|turn|36
|
|t:|1776111306
|move|p1a: Great Tusk|Headlong Rush|p2a: Weezing
|-damage|p2a: Weezing|1/100
|-unboost|p1a: Great Tusk|def|1
|-unboost|p1a: Great Tusk|spd|1
|move|p2a: Weezing|Toxic Spikes|p1a: Great Tusk
|-sidestart|p1: cumisbola2|move: Toxic Spikes
|
|-weather|Sandstorm|[upkeep]
|-damage|p2a: Weezing|0 fnt|[from] Sandstorm
|faint|p2a: Weezing
|-end|p2a: Weezing|ability: Neutralizing Gas
|-damage|p1a: Great Tusk|12/100 tox|[from] psn
|upkeep
|c|☆cumisbola2|gg wp
|
|t:|1776111317
|switch|p2a: Blissey|Blissey, F|76/100
|-damage|p2a: Blissey|63/100|[from] Stealth Rock
|turn|37
|
|t:|1776111323
|move|p1a: Great Tusk|Close Combat|p2a: Blissey
|-supereffective|p2a: Blissey
|-damage|p2a: Blissey|0 fnt
|-unboost|p1a: Great Tusk|def|1
|-unboost|p1a: Great Tusk|spd|1
|faint|p2a: Blissey
|
|win|cumisbola2
|raw|cumisbola2's rating: 1322 &rarr; <strong>1344</strong><br />(+22 for winning)
|raw|GGS_Chuddius's rating: 1364 &rarr; <strong>1342</strong><br />(-22 for losing)
|l|☆cumisbola2
|player|p1|
|l| ohko_smeargle
|l|☆GGS_Chuddius
|player|p2|
