|html|<div class="broadcast-blue"><strong>[Gen 9] OU is currently suspecting Tera Blast! For information on how to participate check out the <a href="https://www.smogon.com/tools/suspects/view/200">suspect thread</a>.</strong></div>
|j|☆idonteatpets
|j|☆capitolg
|t:|1776088627
|gametype|singles
|player|p1|idonteatpets|102|1223
|player|p2|capitolg|bellelba|1248
|gen|9
|tier|[Gen 9] OU
|rated|
|rule|HP Percentage Mod: HP is shown in percentages
|rule|Endless Battle Clause: Forcing endless battles is banned
|rule|Species Clause: Limit one of each Pokémon
|rule|OHKO Clause: OHKO moves are banned
|rule|Evasion Items Clause: Evasion items are banned
|rule|Evasion Moves Clause: Evasion moves are banned
|rule|Evasion Abilities Clause: Evasion abilities are banned
|rule|Sleep Moves Clause: Sleep-inducing moves are banned
|clearpoke
|poke|p1|Chansey, F|
|poke|p1|Darkrai|
|poke|p1|Hoopa-Unbound|
|poke|p1|Zamazenta-*|
|poke|p1|Glimmora, M|
|poke|p1|Alomomola, F|
|poke|p2|Ribombee, F|
|poke|p2|Cinderace, F|
|poke|p2|Thundurus, M|
|poke|p2|Chandelure, M|
|poke|p2|Malamar, F|
|poke|p2|Empoleon, F|
|teampreview
|
|t:|1776088642
|teamsize|p1|6
|teamsize|p2|6
|start
|switch|p1a: Glimmora|Glimmora, M|100/100
|switch|p2a: Empoleon|Empoleon, F|100/100
|turn|1
|
|t:|1776088648
|move|p1a: Glimmora|Meteor Beam||[still]
|-prepare|p1a: Glimmora|Meteor Beam
|-boost|p1a: Glimmora|spa|1
|-enditem|p1a: Glimmora|Power Herb
|-anim|p1a: Glimmora|Meteor Beam|p2a: Empoleon|[miss]
|-miss|p1a: Glimmora|p2a: Empoleon
|move|p2a: Empoleon|Surf|p1a: Glimmora
|-supereffective|p1a: Glimmora
|-damage|p1a: Glimmora|0 fnt
|faint|p1a: Glimmora
|
|upkeep
|
|t:|1776088658
|switch|p1a: Darkrai|Darkrai|100/100
|turn|2
|
|t:|1776088669
|switch|p2a: Ribombee|Ribombee, F|100/100
|move|p1a: Darkrai|Focus Blast|p2a: Ribombee
|-resisted|p2a: Ribombee
|-damage|p2a: Ribombee|72/100
|
|upkeep
|turn|3
|
|t:|1776088676
|switch|p1a: Alomomola|Alomomola, F|100/100
|move|p2a: Ribombee|Sticky Web|p1a: Alomomola
|-sidestart|p1: idonteatpets|move: Sticky Web
|
|upkeep
|turn|4
|
|t:|1776088681
|move|p2a: Ribombee|Stun Spore|p1a: Alomomola|[miss]
|-miss|p2a: Ribombee|p1a: Alomomola
|move|p1a: Alomomola|Flip Turn|p2a: Ribombee
|-damage|p2a: Ribombee|43/100
|inactive|Battle timer is ON: inactive players will automatically lose when time's up. (requested by capitolg)
|
|t:|1776088743
|switch|p1a: Darkrai|Darkrai|100/100|[from] Flip Turn
|-activate|p1a: Darkrai|move: Sticky Web
|-unboost|p1a: Darkrai|spe|1
|
|upkeep
|turn|5
|inactive|idonteatpets has 120 seconds left.
|inactive|idonteatpets has 90 seconds left.
|inactive|idonteatpets has 60 seconds left.
|
|t:|1776088837
|move|p2a: Ribombee|Moonblast|p1a: Darkrai
|-supereffective|p1a: Darkrai
|-damage|p1a: Darkrai|0 fnt
|faint|p1a: Darkrai
|
|upkeep
|inactive|idonteatpets has 60 seconds left.
|inactive|idonteatpets has 30 seconds left.
|
|t:|1776088875
|switch|p1a: Hoopa|Hoopa-Unbound|100/100
|-activate|p1a: Hoopa|move: Sticky Web
|-unboost|p1a: Hoopa|spe|1
|turn|6
|inactive|idonteatpets has 30 seconds left.
|
|t:|1776088889
|move|p2a: Ribombee|Moonblast|p1a: Hoopa
|-supereffective|p1a: Hoopa
|-damage|p1a: Hoopa|30/100
|move|p1a: Hoopa|Gunk Shot|p2a: Ribombee
|-supereffective|p2a: Ribombee
|-damage|p2a: Ribombee|0 fnt
|faint|p2a: Ribombee
|
|-heal|p1a: Hoopa|36/100|[from] item: Leftovers
|upkeep
|
|t:|1776088893
|switch|p2a: Cinderace|Cinderace, F, shiny|100/100
|turn|7
|inactive|idonteatpets has 30 seconds left.
|
|t:|1776088911
|move|p2a: Cinderace|Court Change|p2a: Cinderace
|-start|p2a: Cinderace|typechange|Normal|[from] ability: Libero
|-swapsideconditions
|-activate|p2a: Cinderace|move: Court Change
|move|p1a: Hoopa|Psyshock|p2a: Cinderace
|-damage|p2a: Cinderace|26/100
|
|-heal|p1a: Hoopa|42/100|[from] item: Leftovers
|upkeep
|turn|8
|
|t:|1776088921
|move|p2a: Cinderace|Pyro Ball|p1a: Hoopa|[miss]
|-miss|p2a: Cinderace|p1a: Hoopa
|move|p1a: Hoopa|Psyshock|p2a: Cinderace
|-damage|p2a: Cinderace|0 fnt
|faint|p2a: Cinderace
|
|-heal|p1a: Hoopa|48/100|[from] item: Leftovers
|upkeep
|
|t:|1776088926
|switch|p2a: Thundurus|Thundurus, M|100/100
|turn|9
|inactive|idonteatpets has 30 seconds left.
|
|t:|1776088954
|-terastallize|p2a: Thundurus|Ground
|move|p2a: Thundurus|U-turn|p1a: Hoopa
|-supereffective|p1a: Hoopa
|-damage|p1a: Hoopa|0 fnt
|faint|p1a: Hoopa
|
|t:|1776088961
|switch|p2a: Chandelure|Chandelure, M|100/100|[from] U-turn
|-item|p2a: Chandelure|Air Balloon
|
|upkeep
|inactive|idonteatpets has 30 seconds left.
|
|t:|1776088972
|switch|p1a: Zamazenta|Zamazenta|100/100
|-ability|p1a: Zamazenta|Dauntless Shield|boost
|-boost|p1a: Zamazenta|def|1
|turn|10
|inactive|idonteatpets has 30 seconds left.
|
|t:|1776088978
|move|p1a: Zamazenta|Crunch|p2a: Chandelure
|-supereffective|p2a: Chandelure
|-damage|p2a: Chandelure|44/100
|-enditem|p2a: Chandelure|Air Balloon
|move|p2a: Chandelure|Will-O-Wisp|p1a: Zamazenta
|-status|p1a: Zamazenta|brn
|
|-damage|p1a: Zamazenta|94/100 brn|[from] brn
|upkeep
|turn|11
|
|t:|1776088987
|move|p1a: Zamazenta|Iron Defense|p1a: Zamazenta
|-boost|p1a: Zamazenta|def|2
|move|p2a: Chandelure|Psychic|p1a: Zamazenta
|-supereffective|p1a: Zamazenta
|-damage|p1a: Zamazenta|44/100 brn
|
|-damage|p1a: Zamazenta|38/100 brn|[from] brn
|upkeep
|turn|12
|
|t:|1776089001
|move|p1a: Zamazenta|Rest|p1a: Zamazenta
|-status|p1a: Zamazenta|slp|[from] move: Rest
|-heal|p1a: Zamazenta|100/100 slp|[silent]
|-enditem|p1a: Zamazenta|Chesto Berry|[eat]
|-curestatus|p1a: Zamazenta|slp|[msg]
|move|p2a: Chandelure|Psychic|p1a: Zamazenta
|-supereffective|p1a: Zamazenta
|-damage|p1a: Zamazenta|47/100
|
|upkeep
|turn|13
|
|t:|1776089010
|move|p1a: Zamazenta|Crunch|p2a: Chandelure
|-supereffective|p2a: Chandelure
|-damage|p2a: Chandelure|0 fnt
|faint|p2a: Chandelure
|
|upkeep
|
|t:|1776089014
|switch|p2a: Thundurus|Thundurus, M, tera:Ground|100/100
|-activate|p2a: Thundurus|move: Sticky Web
|-unboost|p2a: Thundurus|spe|1
|-ability|p2a: Thundurus|Defiant|boost
|-boost|p2a: Thundurus|atk|2
|-enditem|p2a: Thundurus|White Herb
|-clearnegativeboost|p2a: Thundurus|[silent]
|turn|14
|
|t:|1776089032
|move|p1a: Zamazenta|Body Press|p2a: Thundurus
|-damage|p2a: Thundurus|6/100
|move|p2a: Thundurus|Acrobatics|p1a: Zamazenta
|-supereffective|p1a: Zamazenta
|-damage|p1a: Zamazenta|0 fnt
|faint|p1a: Zamazenta
|
|upkeep
|
|t:|1776089040
|switch|p1a: Alomomola|Alomomola, F|100/100
|turn|15
|
|t:|1776089052
|move|p2a: Thundurus|Supercell Slam|p1a: Alomomola
|-supereffective|p1a: Alomomola
|-damage|p1a: Alomomola|17/100
|move|p1a: Alomomola|Flip Turn|p2a: Thundurus
|-supereffective|p2a: Thundurus
|-damage|p2a: Thundurus|0 fnt
|faint|p2a: Thundurus
|
|t:|1776089060
|switch|p1a: Chansey|Chansey, F|100/100|[from] Flip Turn
|
|upkeep
|
|t:|1776089062
|switch|p2a: Malamar|Malamar, F|100/100
|-activate|p2a: Malamar|move: Sticky Web
|-boost|p2a: Malamar|spe|1
|turn|16
|inactive|idonteatpets has 60 seconds left.
|
|t:|1776089071
|move|p2a: Malamar|Superpower|p1a: Chansey
|-supereffective|p1a: Chansey
|-damage|p1a: Chansey|50/100
|-boost|p2a: Malamar|atk|1
|-boost|p2a: Malamar|def|1
|move|p1a: Chansey|Thunder Wave|p2a: Malamar|[miss]
|-miss|p1a: Chansey|p2a: Malamar
|
|upkeep
|turn|17
|
|t:|1776089080
|-terastallize|p1a: Chansey|Ghost
|move|p2a: Malamar|Superpower|p1a: Chansey
|-immune|p1a: Chansey
|move|p1a: Chansey|Thunder Wave|p2a: Malamar
|-status|p2a: Malamar|par
|
|upkeep
|turn|18
|
|t:|1776089093
|cant|p2a: Malamar|par
|move|p1a: Chansey|Seismic Toss|p2a: Malamar
|-damage|p2a: Malamar|69/100 par
|
|upkeep
|turn|19
|
|t:|1776089102
|switch|p1a: Alomomola|Alomomola, F|50/100
|move|p2a: Malamar|Throat Chop|p1a: Alomomola
|-damage|p1a: Alomomola|20/100
|-start|p1a: Alomomola|Throat Chop|[silent]
|
|-heal|p1a: Alomomola|26/100|[from] item: Leftovers
|upkeep
|turn|20
|
|t:|1776089111
|move|p2a: Malamar|Superpower|p1a: Alomomola
|-damage|p1a: Alomomola|0 fnt
|-boost|p2a: Malamar|atk|1
|-boost|p2a: Malamar|def|1
|faint|p1a: Alomomola
|
|upkeep
|
|t:|1776089114
|switch|p1a: Chansey|Chansey, F, tera:Ghost|50/100
|turn|21
|
|t:|1776089119
|move|p2a: Malamar|Throat Chop|p1a: Chansey
|-supereffective|p1a: Chansey
|-damage|p1a: Chansey|0 fnt
|faint|p1a: Chansey
|
|win|capitolg
|raw|idonteatpets's rating: 1223 &rarr; <strong>1195</strong><br />(-28 for losing)
|raw|capitolg's rating: 1180 &rarr; <strong>1208</strong><br />(+28 for winning)
|l|☆capitolg
|player|p2|
