|html|<div class="broadcast-blue"><strong>[Gen 9] OU is currently suspecting Volcarona! For information on how to participate check out the <a href="https://www.smogon.com/tools/suspects/view/208">suspect thread</a>.</strong></div>
|j|☆fremsh39
|j|☆ggggggggggo
|t:|1778505041
|gametype|singles
|player|p1|fremsh39|unknown|1128
|player|p2|ggggggggggo|brycen|1079
|gen|9
|tier|[Gen 9] OU
|rated|
|rule|HP Percentage Mod: HP is shown in percentages
|rule|Endless Battle Clause: Forcing endless battles is banned
|rule|Species Clause: Limit one of each Pokémon
|rule|OHKO Clause: OHKO moves are banned
|rule|Evasion Items Clause: Evasion items are banned
|rule|Evasion Moves Clause: Evasion moves are banned
|rule|Evasion Abilities Clause: Evasion abilities are banned
|rule|Sleep Moves Clause: Sleep-inducing moves are banned
|clearpoke
|poke|p1|Terrakion|
|poke|p1|Pikachu-Partner, M|
|poke|p1|Granbull, M|
|poke|p1|Honchkrow, M|
|poke|p1|Suicune|
|poke|p1|Tropius, F|
|poke|p2|Iron Valiant|
|poke|p2|Kingambit, M|
|poke|p2|Sylveon, F|
|poke|p2|Swanna, M|
|poke|p2|Meowstic, M|
|poke|p2|Chandelure, M|
|teampreview
|
|t:|1778505051
|teamsize|p1|6
|teamsize|p2|6
|start
|switch|p1a: Terrakion|Terrakion|100/100
|switch|p2a: Iron Valiant|Iron Valiant|100/100
|-enditem|p2a: Iron Valiant|Booster Energy
|-activate|p2a: Iron Valiant|ability: Quark Drive|[fromitem]
|-start|p2a: Iron Valiant|quarkdriveatk
|turn|1
|
|t:|1778505065
|switch|p1a: Granbull|Granbull, M|100/100
|-ability|p1a: Granbull|Intimidate|boost
|-unboost|p2a: Iron Valiant|atk|1
|move|p2a: Iron Valiant|Moonblast|p1a: Granbull
|-damage|p1a: Granbull|50/100
|
|-heal|p1a: Granbull|56/100|[from] item: Leftovers
|upkeep
|turn|2
|
|t:|1778505075
|move|p2a: Iron Valiant|Destiny Bond|p2a: Iron Valiant
|-singlemove|p2a: Iron Valiant|Destiny Bond
|move|p1a: Granbull|Thunder Wave|p2a: Iron Valiant
|-status|p2a: Iron Valiant|par
|
|-heal|p1a: Granbull|62/100|[from] item: Leftovers
|upkeep
|turn|3
|
|t:|1778505084
|move|p2a: Iron Valiant|Moonblast|p1a: Granbull
|-damage|p1a: Granbull|4/100
|-unboost|p1a: Granbull|spa|1
|move|p1a: Granbull|Roar|p2a: Iron Valiant
|-end|p2a: Iron Valiant|Quark Drive|[silent]
|drag|p2a: Chandelure|Chandelure, M|100/100
|
|-heal|p1a: Granbull|10/100|[from] item: Leftovers
|upkeep
|turn|4
|
|t:|1778505096
|move|p2a: Chandelure|Flamethrower|p1a: Granbull
|-damage|p1a: Granbull|0 fnt
|faint|p1a: Granbull
|
|upkeep
|
|t:|1778505101
|switch|p1a: Suicune|Suicune|100/100
|-ability|p1a: Suicune|Pressure
|turn|5
|
|t:|1778505108
|-terastallize|p2a: Chandelure|Ghost
|move|p2a: Chandelure|Poltergeist|p1a: Suicune
|-activate|p1a: Suicune|move: Poltergeist|Leftovers
|-damage|p1a: Suicune|72/100
|move|p1a: Suicune|Substitute|p1a: Suicune
|-start|p1a: Suicune|Substitute
|-damage|p1a: Suicune|47/100
|
|-heal|p1a: Suicune|53/100|[from] item: Leftovers
|upkeep
|turn|6
|
|t:|1778505123
|move|p1a: Suicune|Protect|p1a: Suicune
|-singleturn|p1a: Suicune|Protect
|move|p2a: Chandelure|Night Shade|p1a: Suicune
|-activate|p1a: Suicune|move: Protect
|
|-heal|p1a: Suicune|59/100|[from] item: Leftovers
|upkeep
|turn|7
|
|t:|1778505133
|move|p2a: Chandelure|Night Shade|p1a: Suicune
|-damage|p1a: Suicune|34/100
|move|p1a: Suicune|Scald|p2a: Chandelure
|-damage|p2a: Chandelure|52/100
|
|-heal|p2a: Chandelure|58/100|[from] item: Leftovers
|-heal|p1a: Suicune|41/100|[from] item: Leftovers
|upkeep
|turn|8
|
|t:|1778505143
|move|p1a: Suicune|Protect|p1a: Suicune
|-singleturn|p1a: Suicune|Protect
|move|p2a: Chandelure|Poltergeist|p1a: Suicune
|-activate|p1a: Suicune|move: Protect
|
|-heal|p2a: Chandelure|64/100|[from] item: Leftovers
|-heal|p1a: Suicune|47/100|[from] item: Leftovers
|upkeep
|turn|9
|
|t:|1778505153
|move|p2a: Chandelure|Poltergeist|p1a: Suicune
|-activate|p1a: Suicune|move: Poltergeist|Leftovers
|-crit|p1a: Suicune
|-damage|p1a: Suicune|10/100
|move|p1a: Suicune|Scald|p2a: Chandelure
|-damage|p2a: Chandelure|20/100
|-status|p2a: Chandelure|brn
|
|-heal|p2a: Chandelure|26/100 brn|[from] item: Leftovers
|-heal|p1a: Suicune|16/100|[from] item: Leftovers
|-damage|p2a: Chandelure|20/100 brn|[from] brn
|upkeep
|turn|10
|
|t:|1778505166
|move|p1a: Suicune|Protect|p1a: Suicune
|-singleturn|p1a: Suicune|Protect
|move|p2a: Chandelure|Poltergeist|p1a: Suicune
|-activate|p1a: Suicune|move: Protect
|
|-heal|p2a: Chandelure|26/100 brn|[from] item: Leftovers
|-heal|p1a: Suicune|23/100|[from] item: Leftovers
|-damage|p2a: Chandelure|20/100 brn|[from] brn
|upkeep
|turn|11
|
|t:|1778505181
|switch|p1a: Tropius|Tropius, F|100/100
|move|p2a: Chandelure|Shadow Ball|p1a: Tropius
|-damage|p1a: Tropius|62/100
|
|-heal|p2a: Chandelure|26/100 brn|[from] item: Leftovers
|-damage|p2a: Chandelure|20/100 brn|[from] brn
|upkeep
|turn|12
|
|t:|1778505197
|switch|p1a: Suicune|Suicune|23/100
|-ability|p1a: Suicune|Pressure
|move|p2a: Chandelure|Flamethrower|p1a: Suicune
|-resisted|p1a: Suicune
|-damage|p1a: Suicune|4/100
|
|-heal|p2a: Chandelure|26/100 brn|[from] item: Leftovers
|-heal|p1a: Suicune|10/100|[from] item: Leftovers
|-damage|p2a: Chandelure|20/100 brn|[from] brn
|upkeep
|turn|13
|
|t:|1778505210
|switch|p1a: Honchkrow|Honchkrow, M|100/100
|move|p2a: Chandelure|Shadow Ball|p1a: Honchkrow
|-resisted|p1a: Honchkrow
|-damage|p1a: Honchkrow|63/100
|
|-heal|p2a: Chandelure|26/100 brn|[from] item: Leftovers
|-damage|p2a: Chandelure|20/100 brn|[from] brn
|upkeep
|turn|14
|
|t:|1778505224
|move|p1a: Honchkrow|Sucker Punch|p2a: Chandelure
|-supereffective|p2a: Chandelure
|-damage|p2a: Chandelure|0 fnt
|faint|p2a: Chandelure
|-ability|p1a: Honchkrow|Moxie|boost
|-boost|p1a: Honchkrow|atk|1
|
|upkeep
|
|t:|1778505232
|switch|p2a: Swanna|Swanna, M|100/100
|turn|15
|
|t:|1778505236
|move|p1a: Honchkrow|Sucker Punch|p2a: Swanna
|-damage|p2a: Swanna|18/100
|move|p2a: Swanna|Ice Beam|p1a: Honchkrow
|-supereffective|p1a: Honchkrow
|-damage|p1a: Honchkrow|0 fnt
|faint|p1a: Honchkrow
|
|-heal|p2a: Swanna|24/100|[from] item: Leftovers
|upkeep
|
|t:|1778505241
|switch|p1a: Terrakion|Terrakion|100/100
|turn|16
|
|t:|1778505250
|move|p1a: Terrakion|Close Combat|p2a: Swanna
|-resisted|p2a: Swanna
|-damage|p2a: Swanna|0 fnt
|-unboost|p1a: Terrakion|def|1
|-unboost|p1a: Terrakion|spd|1
|faint|p2a: Swanna
|-damage|p1a: Terrakion|91/100|[from] item: Life Orb
|
|upkeep
|
|t:|1778505258
|switch|p2a: Meowstic|Meowstic, M|100/100
|turn|17
|
|t:|1778505263
|switch|p1a: Tropius|Tropius, F|62/100
|move|p2a: Meowstic|Psychic|p1a: Tropius
|-damage|p1a: Tropius|42/100
|-enditem|p1a: Tropius|Sitrus Berry|[eat]
|-heal|p1a: Tropius|67/100|[from] item: Sitrus Berry
|
|upkeep
|turn|18
|
|t:|1778505274
|move|p2a: Meowstic|Thunderbolt|p1a: Tropius
|-damage|p1a: Tropius|53/100
|-status|p1a: Tropius|par
|move|p1a: Tropius|Leech Seed|p2a: Meowstic
|-start|p2a: Meowstic|move: Leech Seed
|
|-damage|p2a: Meowstic|88/100|[from] Leech Seed|[of] p1a: Tropius
|-heal|p1a: Tropius|63/100 par|[silent]
|upkeep
|turn|19
|
|t:|1778505285
|move|p2a: Meowstic|Alluring Voice|p1a: Tropius
|-damage|p1a: Tropius|50/100 par
|move|p1a: Tropius|Substitute|p1a: Tropius
|-start|p1a: Tropius|Substitute
|-damage|p1a: Tropius|25/100 par
|
|-heal|p2a: Meowstic|94/100|[from] item: Leftovers
|-damage|p2a: Meowstic|82/100|[from] Leech Seed|[of] p1a: Tropius
|-heal|p1a: Tropius|34/100 par|[silent]
|-item|p1a: Tropius|Sitrus Berry|[from] ability: Harvest
|upkeep
|-enditem|p1a: Tropius|Sitrus Berry|[eat]
|-heal|p1a: Tropius|59/100 par|[from] item: Sitrus Berry
|turn|20
|
|t:|1778505301
|move|p2a: Meowstic|Thunderbolt|p1a: Tropius
|-damage|p1a: Tropius|46/100 par
|move|p1a: Tropius|Air Slash|p2a: Meowstic
|-damage|p2a: Meowstic|58/100
|
|-heal|p2a: Meowstic|64/100|[from] item: Leftovers
|-damage|p2a: Meowstic|52/100|[from] Leech Seed|[of] p1a: Tropius
|-heal|p1a: Tropius|56/100 par|[silent]
|-item|p1a: Tropius|Sitrus Berry|[from] ability: Harvest
|upkeep
|turn|21
|
|t:|1778505314
|cant|p1a: Tropius|par
|move|p2a: Meowstic|Alluring Voice|p1a: Tropius
|-damage|p1a: Tropius|45/100 par
|-enditem|p1a: Tropius|Sitrus Berry|[eat]
|-heal|p1a: Tropius|70/100 par|[from] item: Sitrus Berry
|
|-heal|p2a: Meowstic|58/100|[from] item: Leftovers
|-damage|p2a: Meowstic|45/100|[from] Leech Seed|[of] p1a: Tropius
|-heal|p1a: Tropius|79/100 par|[silent]
|-item|p1a: Tropius|Sitrus Berry|[from] ability: Harvest
|upkeep
|turn|22
|
|t:|1778505328
|move|p2a: Meowstic|Alluring Voice|p1a: Tropius
|-damage|p1a: Tropius|68/100 par
|move|p1a: Tropius|Air Slash|p2a: Meowstic
|-damage|p2a: Meowstic|19/100
|
|-heal|p2a: Meowstic|25/100|[from] item: Leftovers
|-damage|p2a: Meowstic|13/100|[from] Leech Seed|[of] p1a: Tropius
|-heal|p1a: Tropius|78/100 par|[silent]
|upkeep
|turn|23
|
|t:|1778505344
|move|p1a: Tropius|Protect|p1a: Tropius
|-singleturn|p1a: Tropius|Protect
|move|p2a: Meowstic|Psychic|p1a: Tropius
|-activate|p1a: Tropius|move: Protect
|
|-heal|p2a: Meowstic|19/100|[from] item: Leftovers
|-damage|p2a: Meowstic|6/100|[from] Leech Seed|[of] p1a: Tropius
|-heal|p1a: Tropius|87/100 par|[silent]
|upkeep
|turn|24
|inactive|Battle timer is ON: inactive players will automatically lose when time's up. (requested by ggggggggggo)
|
|t:|1778505356
|move|p1a: Tropius|Protect||[still]
|-fail|p1a: Tropius
|move|p2a: Meowstic|Psychic|p1a: Tropius
|-damage|p1a: Tropius|66/100 par
|
|-heal|p2a: Meowstic|12/100|[from] item: Leftovers
|-damage|p2a: Meowstic|0 fnt|[from] Leech Seed|[of] p1a: Tropius
|-heal|p1a: Tropius|75/100 par|[silent]
|faint|p2a: Meowstic
|upkeep
|
|t:|1778505367
|switch|p2a: Kingambit|Kingambit, M|100/100
|-activate|p2a: Kingambit|ability: Supreme Overlord
|-start|p2a: Kingambit|fallen3|[silent]
|turn|25
|inactive|fremsh39 has 120 seconds left.
|l|☆fremsh39
|inactive|fremsh39 disconnected and has a minute to reconnect!
|player|p1|
|inactive|fremsh39 has 30 seconds to reconnect!
|inactive|fremsh39 has 20 seconds to reconnect!
|inactive|fremsh39 has 15 seconds to reconnect!
|inactive|fremsh39 has 10 seconds to reconnect!
|inactive|fremsh39 has 5 seconds to reconnect!
|-message|fremsh39 lost due to inactivity.
|
|win|ggggggggggo
|raw|fremsh39's rating: 1128 &rarr; <strong>1099</strong><br />(-29 for losing)
|raw|ggggggggggo's rating: 1079 &rarr; <strong>1111</strong><br />(+32 for winning)
|l|☆ggggggggggo
|player|p2|
|j|☆fremsh39
|player|p1|fremsh39|unknown|
|l|☆fremsh39
|player|p1|
|j|☆fremsh39
|player|p1|fremsh39|unknown|
