|html|<div class="broadcast-blue"><strong>[Gen 9] OU is currently suspecting Tera Blast! For information on how to participate check out the <a href="https://www.smogon.com/tools/suspects/view/200">suspect thread</a>.</strong></div>
|j|☆Kaidekaida
|j|☆gtydudud?
|t:|1776098482
|gametype|singles
|player|p1|Kaidekaida|swimmerf-gen4dp|1122
|player|p2|gtydudud?|102|1121
|gen|9
|tier|[Gen 9] OU
|rated|
|rule|HP Percentage Mod: HP is shown in percentages
|rule|Endless Battle Clause: Forcing endless battles is banned
|rule|Species Clause: Limit one of each Pokémon
|rule|OHKO Clause: OHKO moves are banned
|rule|Evasion Items Clause: Evasion items are banned
|rule|Evasion Moves Clause: Evasion moves are banned
|rule|Evasion Abilities Clause: Evasion abilities are banned
|rule|Sleep Moves Clause: Sleep-inducing moves are banned
|clearpoke
|poke|p1|Dragonite, F|
|poke|p1|Kingambit, F|
|poke|p1|Gholdengo|
|poke|p1|Ogerpon-Wellspring, F|
|poke|p1|Iron Valiant|
|poke|p1|Raging Bolt|
|poke|p2|Dragapult, M|
|poke|p2|Garganacl, F|
|poke|p2|Serperior, F|
|poke|p2|Manaphy|
|poke|p2|Incineroar, F|
|poke|p2|Gliscor, M|
|teampreview
|
|t:|1776098489
|teamsize|p1|6
|teamsize|p2|6
|start
|switch|p1a: Titi|Ogerpon-Wellspring, F|100/100
|switch|p2a: Manaphy|Manaphy|100/100
|turn|1
|
|t:|1776098501
|-terastallize|p2a: Manaphy|Fairy
|move|p1a: Titi|Power Whip|p2a: Manaphy
|-damage|p2a: Manaphy|31/100
|move|p2a: Manaphy|Tail Glow|p2a: Manaphy
|-boost|p2a: Manaphy|spa|3
|
|-heal|p2a: Manaphy|37/100|[from] item: Leftovers
|upkeep
|turn|2
|
|t:|1776098512
|move|p1a: Titi|Ivy Cudgel|p2a: Manaphy|[anim] Ivy Cudgel Water
|-damage|p2a: Manaphy|0 fnt
|faint|p2a: Manaphy
|
|upkeep
|
|t:|1776098520
|switch|p2a: Incineroar|Incineroar, F|100/100
|-ability|p2a: Incineroar|Intimidate|boost
|-unboost|p1a: Titi|atk|1
|turn|3
|
|t:|1776098530
|move|p2a: Incineroar|Fake Out|p1a: Titi
|-damage|p1a: Titi|84/100
|cant|p1a: Titi|flinch
|
|upkeep
|turn|4
|
|t:|1776098540
|switch|p2a: Serperior|Serperior, F|100/100
|move|p1a: Titi|Swords Dance|p1a: Titi
|-boost|p1a: Titi|atk|2
|
|upkeep
|turn|5
|
|t:|1776098550
|move|p1a: Titi|Spikes|p2a: Serperior
|-sidestart|p2: gtydudud?|Spikes
|move|p2a: Serperior|Leech Seed|p1a: Titi
|-immune|p1a: Titi
|
|upkeep
|turn|6
|
|t:|1776098557
|move|p1a: Titi|Swords Dance|p1a: Titi
|-boost|p1a: Titi|atk|2
|move|p2a: Serperior|Leaf Storm|p1a: Titi
|-damage|p1a: Titi|18/100
|-boost|p2a: Serperior|spa|2
|
|upkeep
|turn|7
|
|t:|1776098565
|move|p1a: Titi|Ivy Cudgel|p2a: Serperior|[anim] Ivy Cudgel Water
|-resisted|p2a: Serperior
|-damage|p2a: Serperior|5/100
|move|p2a: Serperior|Leaf Storm|p1a: Titi|[miss]
|-miss|p2a: Serperior|p1a: Titi
|
|upkeep
|turn|8
|
|t:|1776098575
|move|p1a: Titi|Ivy Cudgel|p2a: Serperior|[anim] Ivy Cudgel Water
|-resisted|p2a: Serperior
|-crit|p2a: Serperior
|-damage|p2a: Serperior|0 fnt
|faint|p2a: Serperior
|
|upkeep
|
|t:|1776098582
|switch|p2a: Incineroar|Incineroar, F|100/100
|-ability|p2a: Incineroar|Intimidate|boost
|-unboost|p1a: Titi|atk|1
|turn|9
|
|t:|1776098589
|move|p2a: Incineroar|Fake Out|p1a: Titi
|-damage|p1a: Titi|1/100
|cant|p1a: Titi|flinch
|
|upkeep
|turn|10
|
|t:|1776098595
|move|p1a: Titi|Ivy Cudgel|p2a: Incineroar|[anim] Ivy Cudgel Water
|-supereffective|p2a: Incineroar
|-damage|p2a: Incineroar|0 fnt
|faint|p2a: Incineroar
|
|upkeep
|
|t:|1776098601
|switch|p2a: Dragapult|Dragapult, M|100/100
|-damage|p2a: Dragapult|88/100|[from] Spikes
|turn|11
|
|t:|1776098606
|move|p2a: Dragapult|Dragon Darts|p1a: Titi
|-damage|p1a: Titi|0 fnt
|faint|p1a: Titi
|-damage|p2a: Dragapult|78/100|[from] item: Life Orb
|
|upkeep
|
|t:|1776098611
|switch|p1a: Pucio|Iron Valiant, shiny|100/100
|-enditem|p1a: Pucio|Booster Energy
|-activate|p1a: Pucio|ability: Quark Drive|[fromitem]
|-start|p1a: Pucio|quarkdrivespe
|turn|12
|
|t:|1776098622
|move|p1a: Pucio|Moonblast|p2a: Dragapult
|-supereffective|p2a: Dragapult
|-damage|p2a: Dragapult|0 fnt
|faint|p2a: Dragapult
|
|upkeep
|-message|gtydudud? forfeited.
|
|win|Kaidekaida
|raw|Kaidekaida's rating: 1122 &rarr; <strong>1147</strong><br />(+25 for winning)
|raw|gtydudud?'s rating: 1121 &rarr; <strong>1096</strong><br />(-25 for losing)
|l|☆gtydudud?
|player|p2|
