|html|<div class="broadcast-blue"><strong>[Gen 9] OU is currently suspecting Tera Blast! For information on how to participate check out the <a href="https://www.smogon.com/tools/suspects/view/200">suspect thread</a>.</strong></div>
|j|☆EleaRosea
|j|☆fat chuds inc.
|t:|1776111696
|gametype|singles
|player|p1|EleaRosea|harmony|1645
|player|p2|fat chuds inc.|collector|1658
|gen|9
|tier|[Gen 9] OU
|rated|
|rule|HP Percentage Mod: HP is shown in percentages
|rule|Endless Battle Clause: Forcing endless battles is banned
|rule|Species Clause: Limit one of each Pokémon
|rule|OHKO Clause: OHKO moves are banned
|rule|Evasion Items Clause: Evasion items are banned
|rule|Evasion Moves Clause: Evasion moves are banned
|rule|Evasion Abilities Clause: Evasion abilities are banned
|rule|Sleep Moves Clause: Sleep-inducing moves are banned
|clearpoke
|poke|p1|Great Tusk|
|poke|p1|Heatran, F|
|poke|p1|Weavile, F|
|poke|p1|Primarina, F|
|poke|p1|Ogerpon, F|
|poke|p1|Pecharunt|
|poke|p2|Gardevoir, F|
|poke|p2|Latios, M|
|poke|p2|Kingambit, M|
|poke|p2|Great Tusk|
|poke|p2|Moltres|
|poke|p2|Toxapex, M|
|teampreview
|inactive|Battle timer is ON: inactive players will automatically lose when time's up. (requested by EleaRosea)
|
|t:|1776111706
|teamsize|p1|6
|teamsize|p2|6
|start
|switch|p1a: Anonymous|Ogerpon, F|100/100
|switch|p2a: Gardevoir|Gardevoir, F|100/100
|-ability|p2a: Gardevoir|Defiant|Trace|[from] ability: Trace|[of] p1a: Anonymous
|turn|1
|
|t:|1776111712
|switch|p2a: Moltres|Moltres|100/100
|move|p1a: Anonymous|Knock Off|p2a: Moltres
|-damage|p2a: Moltres|68/100
|-enditem|p2a: Moltres|Heavy-Duty Boots|[from] move: Knock Off|[of] p1a: Anonymous
|
|upkeep
|turn|2
|
|t:|1776111718
|switch|p1a: Overseer|Pecharunt|100/100
|move|p2a: Moltres|U-turn|p1a: Overseer
|-resisted|p1a: Overseer
|-damage|p1a: Overseer|99/100
|-damage|p2a: Moltres|52/100|[from] item: Rocky Helmet|[of] p1a: Overseer
|
|t:|1776111727
|switch|p2a: Latios|Latios, M|100/100|[from] U-turn
|
|upkeep
|turn|3
|
|t:|1776111729
|switch|p1a: Bandit|Weavile, F, shiny|100/100
|-ability|p1a: Bandit|Pressure
|move|p2a: Latios|Psychic Noise|p1a: Bandit
|-immune|p1a: Bandit
|
|upkeep
|turn|4
|
|t:|1776111740
|switch|p1a: Anonymous|Ogerpon, F|100/100
|switch|p2a: Moltres|Moltres|52/100
|
|upkeep
|turn|5
|
|t:|1776111744
|switch|p2a: Toxapex|Toxapex, M|100/100
|move|p1a: Anonymous|Rock Tomb|p2a: Toxapex
|-damage|p2a: Toxapex|76/100
|-unboost|p2a: Toxapex|spe|1
|
|upkeep
|turn|6
|
|t:|1776111751
|switch|p1a: Overseer|Pecharunt|99/100
|move|p2a: Toxapex|Infestation|p1a: Overseer
|-resisted|p1a: Overseer
|-damage|p1a: Overseer|98/100
|-activate|p1a: Overseer|move: Infestation|[of] p2a: Toxapex
|-damage|p2a: Toxapex|60/100|[from] item: Rocky Helmet|[of] p1a: Overseer
|
|-damage|p1a: Overseer|85/100|[from] move: Infestation|[partiallytrapped]
|upkeep
|turn|7
|
|t:|1776111756
|move|p1a: Overseer|Parting Shot|p2a: Toxapex
|-unboost|p2a: Toxapex|atk|1
|-unboost|p2a: Toxapex|spa|1
|j| Foxi4
|
|t:|1776111768
|switch|p1a: Chaos|Heatran, F, shiny|100/100|[from] Parting Shot
|-item|p1a: Chaos|Air Balloon
|move|p2a: Toxapex|Surf|p1a: Chaos
|-supereffective|p1a: Chaos
|-damage|p1a: Chaos|63/100
|-enditem|p1a: Chaos|Air Balloon
|
|upkeep
|turn|8
|
|t:|1776111777
|move|p1a: Chaos|Stealth Rock|p2a: Toxapex
|-sidestart|p2: fat chuds inc.|move: Stealth Rock
|move|p2a: Toxapex|Surf|p1a: Chaos
|-supereffective|p1a: Chaos
|-damage|p1a: Chaos|21/100
|
|upkeep
|turn|9
|
|t:|1776111781
|move|p1a: Chaos|Earth Power|p2a: Toxapex
|-supereffective|p2a: Toxapex
|-damage|p2a: Toxapex|24/100
|move|p2a: Toxapex|Surf|p1a: Chaos
|-supereffective|p1a: Chaos
|-damage|p1a: Chaos|0 fnt
|faint|p1a: Chaos
|
|upkeep
|
|t:|1776111785
|switch|p1a: Anonymous|Ogerpon, F|100/100
|turn|10
|
|t:|1776111791
|switch|p2a: Kingambit|Kingambit, M|100/100
|-damage|p2a: Kingambit|94/100|[from] Stealth Rock
|move|p1a: Anonymous|Ivy Cudgel|p2a: Kingambit
|-resisted|p2a: Kingambit
|-damage|p2a: Kingambit|63/100
|
|-heal|p2a: Kingambit|69/100|[from] item: Leftovers
|upkeep
|turn|11
|
|t:|1776111798
|switch|p1a: Overseer|Pecharunt|85/100
|move|p2a: Kingambit|Kowtow Cleave|p1a: Overseer
|-supereffective|p1a: Overseer
|-damage|p1a: Overseer|43/100
|-damage|p2a: Kingambit|53/100|[from] item: Rocky Helmet|[of] p1a: Overseer
|
|-heal|p2a: Kingambit|59/100|[from] item: Leftovers
|upkeep
|turn|12
|
|t:|1776111802
|move|p1a: Overseer|Recover|p1a: Overseer
|-heal|p1a: Overseer|93/100
|move|p2a: Kingambit|Kowtow Cleave|p1a: Overseer
|-supereffective|p1a: Overseer
|-damage|p1a: Overseer|45/100
|-damage|p2a: Kingambit|43/100|[from] item: Rocky Helmet|[of] p1a: Overseer
|
|-heal|p2a: Kingambit|49/100|[from] item: Leftovers
|upkeep
|turn|13
|
|t:|1776111805
|move|p1a: Overseer|Recover|p1a: Overseer
|-heal|p1a: Overseer|95/100
|move|p2a: Kingambit|Swords Dance|p2a: Kingambit
|-boost|p2a: Kingambit|atk|2
|
|-heal|p2a: Kingambit|55/100|[from] item: Leftovers
|upkeep
|turn|14
|
|t:|1776111809
|move|p1a: Overseer|Shadow Ball|p2a: Kingambit
|-resisted|p2a: Kingambit
|-damage|p2a: Kingambit|42/100
|-unboost|p2a: Kingambit|spd|1
|move|p2a: Kingambit|Kowtow Cleave|p1a: Overseer
|-supereffective|p1a: Overseer
|-damage|p1a: Overseer|0 fnt
|-damage|p2a: Kingambit|26/100|[from] item: Rocky Helmet|[of] p1a: Overseer
|faint|p1a: Overseer
|
|-heal|p2a: Kingambit|32/100|[from] item: Leftovers
|upkeep
|
|t:|1776111817
|switch|p1a: Behemoth|Great Tusk, shiny|100/100
|turn|15
|
|t:|1776111823
|move|p1a: Behemoth|Headlong Rush|p2a: Kingambit
|-supereffective|p2a: Kingambit
|-damage|p2a: Kingambit|0 fnt
|-unboost|p1a: Behemoth|def|1
|-unboost|p1a: Behemoth|spd|1
|faint|p2a: Kingambit
|-end|p2a: Kingambit|fallenundefined|[silent]
|
|upkeep
|
|t:|1776111830
|switch|p2a: Great Tusk|Great Tusk|100/100
|turn|16
|
|t:|1776111847
|-end|p1a: Behemoth|Protosynthesis|[silent]
|switch|p1a: Anonymous|Ogerpon, F|100/100
|move|p2a: Great Tusk|Rapid Spin|p1a: Anonymous
|-damage|p1a: Anonymous|77/100
|-boost|p2a: Great Tusk|spe|1
|-sideend|p2: fat chuds inc.|Stealth Rock|[from] move: Rapid Spin|[of] p2a: Great Tusk
|
|upkeep
|turn|17
|
|t:|1776111852
|-end|p2a: Great Tusk|Protosynthesis|[silent]
|switch|p2a: Moltres|Moltres|52/100
|-terastallize|p1a: Anonymous|Grass
|detailschange|p1a: Anonymous|Ogerpon-Teal-Tera, F, tera:Grass
|-ability|p1a: Anonymous|Embody Aspect (Teal)|boost
|-boost|p1a: Anonymous|spe|1
|move|p1a: Anonymous|Ivy Cudgel|p2a: Moltres
|-resisted|p2a: Moltres
|-damage|p2a: Moltres|35/100
|
|upkeep
|turn|18
|
|t:|1776111861
|switch|p1a: Celestine|Primarina, F, shiny|100/100
|move|p2a: Moltres|Roost|p2a: Moltres
|-heal|p2a: Moltres|86/100
|-singleturn|p2a: Moltres|move: Roost
|
|upkeep
|turn|19
|
|t:|1776111867
|move|p2a: Moltres|U-turn|p1a: Celestine
|-resisted|p1a: Celestine
|-damage|p1a: Celestine|92/100
|
|t:|1776111870
|switch|p2a: Toxapex|Toxapex, M|57/100|[from] U-turn
|move|p1a: Celestine|Moonblast|p2a: Toxapex
|-resisted|p2a: Toxapex
|-damage|p2a: Toxapex|43/100
|
|upkeep
|turn|20
|
|t:|1776111875
|move|p1a: Celestine|Flip Turn|p2a: Toxapex
|-resisted|p2a: Toxapex
|-damage|p2a: Toxapex|38/100
|
|t:|1776111879
|switch|p1a: Bandit|Weavile, F, shiny|100/100|[from] Flip Turn
|-ability|p1a: Bandit|Pressure
|move|p2a: Toxapex|Sludge Bomb|p1a: Bandit
|-damage|p1a: Bandit|56/100
|
|upkeep
|turn|21
|
|t:|1776111883
|switch|p2a: Moltres|Moltres|86/100
|move|p1a: Bandit|Triple Axel|p2a: Moltres
|-damage|p2a: Moltres|75/100
|-damage|p2a: Moltres|53/100
|-damage|p2a: Moltres|20/100
|-hitcount|p2a: Moltres|3
|
|upkeep
|turn|22
|
|t:|1776111888
|move|p1a: Bandit|Triple Axel|p2a: Moltres
|-damage|p2a: Moltres|9/100
|-damage|p2a: Moltres|0 fnt
|-status|p1a: Bandit|brn|[from] ability: Flame Body|[of] p2a: Moltres
|faint|p2a: Moltres
|-hitcount|p2: Moltres|2
|
|-damage|p1a: Bandit|50/100 brn|[from] brn
|upkeep
|
|t:|1776111895
|switch|p2a: Gardevoir|Gardevoir, F|100/100
|-ability|p2a: Gardevoir|Pressure|Trace|[from] ability: Trace|[of] p1a: Bandit
|-ability|p2a: Gardevoir|Pressure
|turn|23
|
|t:|1776111897
|move|p2a: Gardevoir|Moonblast|p1a: Bandit
|-supereffective|p1a: Bandit
|-damage|p1a: Bandit|0 fnt
|faint|p1a: Bandit
|
|upkeep
|
|t:|1776111902
|switch|p1a: Anonymous|Ogerpon-Teal-Tera, F, tera:Grass|77/100
|-ability|p1a: Anonymous|Embody Aspect (Teal)|boost
|-boost|p1a: Anonymous|spe|1
|turn|24
|l| Foxi4
|
|t:|1776111908
|switch|p2a: Toxapex|Toxapex, M|71/100
|move|p1a: Anonymous|U-turn|p2a: Toxapex
|-resisted|p2a: Toxapex
|-damage|p2a: Toxapex|57/100
|
|t:|1776111911
|switch|p1a: Behemoth|Great Tusk, shiny|100/100|[from] U-turn
|
|upkeep
|turn|25
|
|t:|1776111929
|move|p1a: Behemoth|Rapid Spin|p2a: Toxapex
|-damage|p2a: Toxapex|43/100
|-boost|p1a: Behemoth|spe|1
|move|p2a: Toxapex|Surf|p1a: Behemoth
|-supereffective|p1a: Behemoth
|-damage|p1a: Behemoth|9/100
|
|upkeep
|turn|26
|
|t:|1776111945
|move|p1a: Behemoth|Headlong Rush|p2a: Toxapex
|-supereffective|p2a: Toxapex
|-damage|p2a: Toxapex|0 fnt
|-unboost|p1a: Behemoth|def|1
|-unboost|p1a: Behemoth|spd|1
|faint|p2a: Toxapex
|
|upkeep
|
|t:|1776111947
|switch|p2a: Great Tusk|Great Tusk|100/100
|turn|27
|
|t:|1776111950
|move|p1a: Behemoth|Headlong Rush|p2a: Great Tusk
|-damage|p2a: Great Tusk|56/100
|-unboost|p1a: Behemoth|def|1
|-unboost|p1a: Behemoth|spd|1
|move|p2a: Great Tusk|Rapid Spin|p1a: Behemoth
|-damage|p1a: Behemoth|0 fnt
|-boost|p2a: Great Tusk|spe|1
|faint|p1a: Behemoth
|-end|p1a: Behemoth|Protosynthesis|[silent]
|
|upkeep
|
|t:|1776111952
|switch|p1a: Anonymous|Ogerpon-Teal-Tera, F, tera:Grass|77/100
|-ability|p1a: Anonymous|Embody Aspect (Teal)|boost
|-boost|p1a: Anonymous|spe|1
|turn|28
|
|t:|1776111968
|move|p1a: Anonymous|Ivy Cudgel|p2a: Great Tusk
|-supereffective|p2a: Great Tusk
|-crit|p2a: Great Tusk
|-damage|p2a: Great Tusk|0 fnt
|faint|p2a: Great Tusk
|-end|p2a: Great Tusk|Protosynthesis|[silent]
|
|upkeep
|
|t:|1776111970
|switch|p2a: Latios|Latios, M|100/100
|turn|29
|
|t:|1776111978
|move|p1a: Anonymous|Ivy Cudgel|p2a: Latios
|-resisted|p2a: Latios
|-damage|p2a: Latios|33/100
|move|p2a: Latios|Psychic Noise|p1a: Anonymous
|-damage|p1a: Anonymous|23/100
|-start|p1a: Anonymous|move: Heal Block
|
|upkeep
|turn|30
|
|t:|1776111984
|move|p1a: Anonymous|Ivy Cudgel|p2a: Latios
|-resisted|p2a: Latios
|-damage|p2a: Latios|0 fnt
|faint|p2a: Latios
|
|-end|p1a: Anonymous|move: Heal Block
|upkeep
|
|t:|1776111986
|switch|p2a: Gardevoir|Gardevoir, F|100/100
|turn|31
|-message|fat chuds inc. forfeited.
|
|win|EleaRosea
|raw|EleaRosea's rating: 1645 &rarr; <strong>1666</strong><br />(+21 for winning)
|raw|fat chuds inc.'s rating: 1658 &rarr; <strong>1637</strong><br />(-21 for losing)
|c|☆EleaRosea|gg
|l|☆fat chuds inc.
|player|p2|
|l|☆EleaRosea
|player|p1|
