|inactive|Battle timer is ON: inactive players will automatically lose when time's up.
|t:|1776295430
|gametype|singles
|player|p1|electraineheart|#solomodspliii|
|player|p2|xurkiyee|waiter|
|gen|9
|tier|[Gen 9] OU
|rule|HP Percentage Mod: HP is shown in percentages
|rule|Endless Battle Clause: Forcing endless battles is banned
|rule|Species Clause: Limit one of each Pokémon
|rule|OHKO Clause: OHKO moves are banned
|rule|Evasion Items Clause: Evasion items are banned
|rule|Evasion Moves Clause: Evasion moves are banned
|rule|Evasion Abilities Clause: Evasion abilities are banned
|rule|Sleep Moves Clause: Sleep-inducing moves are banned
|clearpoke
|poke|p1|Alomomola, F|
|poke|p1|Weezing-Galar, F|
|poke|p1|Gliscor, F|
|poke|p1|Corviknight, M|
|poke|p1|Ogerpon, F|
|poke|p1|Darkrai|
|poke|p2|Keldeo-Resolute|
|poke|p2|Weavile, M|
|poke|p2|Pecharunt|
|poke|p2|Dragonite, M|
|poke|p2|Great Tusk|
|poke|p2|Deoxys-Speed|
|teampreview
|c|☆xurkiyee|hf
|c|☆electraineheart|hf
|inactive|electraineheart has 270 seconds left.
|inactive|xurkiyee has 270 seconds left.
|inactive|electraineheart has 240 seconds left.
|
|t:|1776295515
|teamsize|p1|6
|teamsize|p2|6
|start
|switch|p1a: Corviknight|Corviknight, M|100/100
|switch|p2a: Deoxys|Deoxys-Speed|100/100
|-ability|p2a: Deoxys|Pressure
|-ability|p1a: Corviknight|Pressure
|turn|1
|
|t:|1776295547
|switch|p2a: Great Tusk|Great Tusk|100/100
|move|p1a: Corviknight|U-turn|p2a: Great Tusk
|-resisted|p2a: Great Tusk
|-damage|p2a: Great Tusk|96/100
|inactive|electraineheart has 270 seconds left.
|inactive|electraineheart has 240 seconds left.
|inactive|electraineheart has 210 seconds left.
|
|t:|1776295634
|switch|p1a: Darkrai|Darkrai|100/100|[from] U-turn
|
|-heal|p2a: Great Tusk|100/100|[from] item: Leftovers
|upkeep
|turn|2
|
|t:|1776295645
|switch|p1a: Corviknight|Corviknight, M|100/100
|-ability|p1a: Corviknight|Pressure
|-end|p2a: Great Tusk|Protosynthesis|[silent]
|switch|p2a: Keldeo|Keldeo-Resolute|100/100
|
|upkeep
|turn|3
|
|t:|1776295667
|switch|p2a: Pecharunt|Pecharunt|100/100
|-item|p2a: Pecharunt|Air Balloon
|move|p1a: Corviknight|Brave Bird|p2a: Pecharunt
|-damage|p2a: Pecharunt|84/100
|-enditem|p2a: Pecharunt|Air Balloon
|-damage|p1a: Corviknight|95/100|[from] Recoil
|
|-heal|p1a: Corviknight|100/100|[from] item: Leftovers
|upkeep
|turn|4
|
|t:|1776295672
|move|p2a: Pecharunt|Parting Shot|p1a: Corviknight
|-unboost|p1a: Corviknight|atk|1
|-unboost|p1a: Corviknight|spa|1
|
|t:|1776295689
|switch|p2a: Great Tusk|Great Tusk|100/100|[from] Parting Shot
|move|p1a: Corviknight|U-turn|p2a: Great Tusk
|-resisted|p2a: Great Tusk
|-damage|p2a: Great Tusk|97/100
|
|t:|1776295709
|switch|p1a: Darkrai|Darkrai|100/100|[from] U-turn
|
|-heal|p2a: Great Tusk|100/100|[from] item: Leftovers
|upkeep
|turn|5
|
|t:|1776295716
|-end|p2a: Great Tusk|Protosynthesis|[silent]
|switch|p2a: Keldeo|Keldeo-Resolute|100/100
|move|p1a: Darkrai|Ice Beam|p2a: Keldeo
|-resisted|p2a: Keldeo
|-damage|p2a: Keldeo|74/100
|
|upkeep
|turn|6
|inactive|electraineheart has 210 seconds left.
|
|t:|1776295747
|switch|p1a: Alomomola|Alomomola, F|100/100
|move|p2a: Keldeo|Flip Turn|p1a: Alomomola
|-resisted|p1a: Alomomola
|-crit|p1a: Alomomola
|-damage|p1a: Alomomola|94/100
|-damage|p2a: Keldeo|58/100|[from] item: Rocky Helmet|[of] p1a: Alomomola
|
|t:|1776295752
|switch|p2a: Deoxys|Deoxys-Speed|100/100|[from] Flip Turn
|-ability|p2a: Deoxys|Pressure
|
|upkeep
|turn|7
|
|t:|1776295768
|switch|p1a: Corviknight|Corviknight, M|100/100
|-ability|p1a: Corviknight|Pressure
|move|p2a: Deoxys|Psycho Boost|p1a: Corviknight
|-resisted|p1a: Corviknight
|-damage|p1a: Corviknight|80/100
|-unboost|p2a: Deoxys|spa|2
|
|-heal|p1a: Corviknight|86/100|[from] item: Leftovers
|upkeep
|turn|8
|
|t:|1776295776
|move|p2a: Deoxys|Knock Off|p1a: Corviknight
|-damage|p1a: Corviknight|67/100
|-enditem|p1a: Corviknight|Leftovers|[from] move: Knock Off|[of] p2a: Deoxys
|move|p1a: Corviknight|Brave Bird|p2a: Deoxys
|-damage|p2a: Deoxys|47/100
|-damage|p1a: Corviknight|56/100|[from] Recoil
|
|upkeep
|turn|9
|
|t:|1776295785
|switch|p2a: Pecharunt|Pecharunt|84/100
|move|p1a: Corviknight|Roost|p1a: Corviknight
|-heal|p1a: Corviknight|100/100
|-singleturn|p1a: Corviknight|move: Roost
|
|upkeep
|turn|10
|
|t:|1776295791
|move|p2a: Pecharunt|Parting Shot|p1a: Corviknight
|-unboost|p1a: Corviknight|atk|1
|-unboost|p1a: Corviknight|spa|1
|
|t:|1776295807
|switch|p2a: Deoxys|Deoxys-Speed|47/100|[from] Parting Shot
|-ability|p2a: Deoxys|Pressure
|move|p1a: Corviknight|U-turn|p2a: Deoxys
|-supereffective|p2a: Deoxys
|-damage|p2a: Deoxys|15/100
|
|t:|1776295821
|switch|p1a: Ogerpon|Ogerpon, F|100/100|[from] U-turn
|
|upkeep
|turn|11
|
|t:|1776295825
|switch|p1a: Corviknight|Corviknight, M|100/100
|-ability|p1a: Corviknight|Pressure
|move|p2a: Deoxys|Spikes|p1a: Corviknight
|-sidestart|p1: electraineheart|Spikes
|
|upkeep
|turn|12
|
|t:|1776295841
|switch|p2a: Great Tusk|Great Tusk|100/100
|move|p1a: Corviknight|Brave Bird|p2a: Great Tusk
|-supereffective|p2a: Great Tusk
|-damage|p2a: Great Tusk|50/100
|-damage|p1a: Corviknight|85/100|[from] Recoil
|
|-heal|p2a: Great Tusk|57/100|[from] item: Leftovers
|upkeep
|turn|13
|inactive|electraineheart has 240 seconds left.
|
|t:|1776295900
|-end|p2a: Great Tusk|Protosynthesis|[silent]
|switch|p2a: Pecharunt|Pecharunt|84/100
|move|p1a: Corviknight|Brave Bird|p2a: Pecharunt
|-damage|p2a: Pecharunt|68/100
|-damage|p1a: Corviknight|80/100|[from] Recoil
|
|upkeep
|turn|14
|inactive|xurkiyee has 270 seconds left.
|
|t:|1776295933
|move|p2a: Pecharunt|Foul Play|p1a: Corviknight
|-damage|p1a: Corviknight|63/100
|move|p1a: Corviknight|Defog|p2a: Pecharunt
|-unboost|p2a: Pecharunt|evasion|1
|-sideend|p1: electraineheart|Spikes|[from] move: Defog|[of] p1a: Corviknight
|
|upkeep
|turn|15
|
|t:|1776295937
|move|p2a: Pecharunt|Parting Shot|p1a: Corviknight
|-unboost|p1a: Corviknight|atk|1
|-unboost|p1a: Corviknight|spa|1
|
|t:|1776295943
|switch|p2a: Great Tusk|Great Tusk|57/100|[from] Parting Shot
|move|p1a: Corviknight|Roost|p1a: Corviknight
|-heal|p1a: Corviknight|100/100
|-singleturn|p1a: Corviknight|move: Roost
|
|-heal|p2a: Great Tusk|63/100|[from] item: Leftovers
|upkeep
|turn|16
|inactive|xurkiyee has 270 seconds left.
|
|t:|1776295949
|move|p2a: Great Tusk|Stealth Rock|p1a: Corviknight
|-sidestart|p1: electraineheart|move: Stealth Rock
|move|p1a: Corviknight|Brave Bird|p2a: Great Tusk
|-supereffective|p2a: Great Tusk
|-damage|p2a: Great Tusk|25/100
|-damage|p1a: Corviknight|89/100|[from] Recoil
|
|-heal|p2a: Great Tusk|31/100|[from] item: Leftovers
|upkeep
|turn|17
|inactive|xurkiyee has 270 seconds left.
|
|t:|1776295962
|-end|p2a: Great Tusk|Protosynthesis|[silent]
|switch|p2a: Pecharunt|Pecharunt|68/100
|move|p1a: Corviknight|Defog|p2a: Pecharunt
|-unboost|p2a: Pecharunt|evasion|1
|-sideend|p1: electraineheart|Stealth Rock|[from] move: Defog|[of] p1a: Corviknight
|
|upkeep
|turn|18
|
|t:|1776295967
|move|p2a: Pecharunt|Parting Shot|p1a: Corviknight
|-unboost|p1a: Corviknight|atk|1
|-unboost|p1a: Corviknight|spa|1
|
|t:|1776295970
|switch|p2a: Great Tusk|Great Tusk|31/100|[from] Parting Shot
|move|p1a: Corviknight|U-turn|p2a: Great Tusk
|-resisted|p2a: Great Tusk
|-damage|p2a: Great Tusk|29/100
|
|t:|1776295986
|switch|p1a: Darkrai|Darkrai|100/100|[from] U-turn
|
|-heal|p2a: Great Tusk|35/100|[from] item: Leftovers
|upkeep
|turn|19
|
|t:|1776295995
|-end|p2a: Great Tusk|Protosynthesis|[silent]
|switch|p2a: Deoxys|Deoxys-Speed|15/100
|-ability|p2a: Deoxys|Pressure
|move|p1a: Darkrai|Dark Pulse|p2a: Deoxys
|-supereffective|p2a: Deoxys
|-damage|p2a: Deoxys|0 fnt
|faint|p2a: Deoxys
|
|upkeep
|
|t:|1776296004
|switch|p2a: Weavile|Weavile, M|100/100
|-ability|p2a: Weavile|Pressure
|turn|20
|
|t:|1776296013
|switch|p1a: Alomomola|Alomomola, F|100/100
|move|p2a: Weavile|Swords Dance|p2a: Weavile
|-boost|p2a: Weavile|atk|2
|
|upkeep
|turn|21
|inactive|xurkiyee has 270 seconds left.
|inactive|electraineheart has 270 seconds left.
|inactive|xurkiyee has 240 seconds left.
|
|t:|1776296102
|move|p2a: Weavile|Swords Dance|p2a: Weavile
|-boost|p2a: Weavile|atk|2
|move|p1a: Alomomola|Flip Turn|p2a: Weavile
|-damage|p2a: Weavile|72/100
|inactive|electraineheart has 270 seconds left.
|inactive|electraineheart has 240 seconds left.
|
|t:|1776296161
|switch|p1a: Darkrai|Darkrai|100/100|[from] Flip Turn
|
|upkeep
|turn|22
|
|t:|1776296181
|move|p1a: Darkrai|Trick|p2a: Weavile
|-activate|p1a: Darkrai|move: Trick|[of] p2a: Weavile
|-item|p2a: Weavile|Choice Specs|[from] move: Trick
|-item|p1a: Darkrai|Heavy-Duty Boots|[from] move: Trick
|move|p2a: Weavile|Knock Off|p1a: Darkrai
|-resisted|p1a: Darkrai
|-damage|p1a: Darkrai|0 fnt
|-enditem|p1a: Darkrai|Heavy-Duty Boots|[from] move: Knock Off|[of] p2a: Weavile
|faint|p1a: Darkrai
|
|upkeep
|inactive|electraineheart has 210 seconds left.
|inactive|electraineheart has 180 seconds left.
|
|t:|1776296232
|switch|p1a: Weezing|Weezing-Galar, F|100/100
|-ability|p1a: Weezing|Neutralizing Gas
|turn|23
|
|t:|1776296251
|switch|p2a: Pecharunt|Pecharunt|68/100
|move|p1a: Weezing|Will-O-Wisp|p2a: Pecharunt
|-status|p2a: Pecharunt|brn
|
|-damage|p2a: Pecharunt|62/100 brn|[from] brn
|upkeep
|turn|24
|
|t:|1776296262
|-end|p1a: Weezing|ability: Neutralizing Gas
|switch|p1a: Corviknight|Corviknight, M|89/100
|-ability|p1a: Corviknight|Pressure
|move|p2a: Pecharunt|Parting Shot|p1a: Corviknight
|-unboost|p1a: Corviknight|atk|1
|-unboost|p1a: Corviknight|spa|1
|inactive|xurkiyee has 210 seconds left.
|
|t:|1776296274
|switch|p2a: Great Tusk|Great Tusk|35/100|[from] Parting Shot
|
|-heal|p2a: Great Tusk|41/100|[from] item: Leftovers
|upkeep
|turn|25
|inactive|xurkiyee has 210 seconds left.
|
|t:|1776296284
|-end|p2a: Great Tusk|Protosynthesis|[silent]
|switch|p2a: Pecharunt|Pecharunt|62/100 brn
|move|p1a: Corviknight|Brave Bird|p2a: Pecharunt
|-damage|p2a: Pecharunt|49/100 brn
|-damage|p1a: Corviknight|85/100|[from] Recoil
|
|-damage|p2a: Pecharunt|43/100 brn|[from] brn
|upkeep
|turn|26
|
|t:|1776296288
|move|p2a: Pecharunt|Recover|p2a: Pecharunt
|-heal|p2a: Pecharunt|93/100 brn
|move|p1a: Corviknight|U-turn|p2a: Pecharunt
|-resisted|p2a: Pecharunt
|-damage|p2a: Pecharunt|92/100 brn
|
|t:|1776296301
|switch|p1a: Gliscor|Gliscor, F|100/100|[from] U-turn
|
|-damage|p2a: Pecharunt|86/100 brn|[from] brn
|-status|p1a: Gliscor|tox|[from] item: Toxic Orb
|upkeep
|turn|27
|
|t:|1776296314
|move|p1a: Gliscor|Earthquake|p2a: Pecharunt
|-supereffective|p2a: Pecharunt
|-damage|p2a: Pecharunt|57/100 brn
|move|p2a: Pecharunt|Parting Shot|p1a: Gliscor
|-unboost|p1a: Gliscor|atk|1
|-unboost|p1a: Gliscor|spa|1
|
|t:|1776296323
|switch|p2a: Great Tusk|Great Tusk|41/100|[from] Parting Shot
|
|-heal|p2a: Great Tusk|47/100|[from] item: Leftovers
|upkeep
|turn|28
|inactive|electraineheart has 210 seconds left.
|inactive|xurkiyee has 210 seconds left.
|
|t:|1776296356
|-end|p2a: Great Tusk|Protosynthesis|[silent]
|switch|p2a: Pecharunt|Pecharunt|57/100 brn
|switch|p1a: Alomomola|Alomomola, F|100/100
|
|-damage|p2a: Pecharunt|51/100 brn|[from] brn
|upkeep
|turn|29
|
|t:|1776296362
|move|p2a: Pecharunt|Recover|p2a: Pecharunt
|-heal|p2a: Pecharunt|100/100 brn
|move|p1a: Alomomola|Flip Turn|p2a: Pecharunt
|-damage|p2a: Pecharunt|93/100 brn
|
|t:|1776296366
|switch|p1a: Corviknight|Corviknight, M|85/100|[from] Flip Turn
|-ability|p1a: Corviknight|Pressure
|
|-damage|p2a: Pecharunt|87/100 brn|[from] brn
|upkeep
|turn|30
|
|t:|1776296371
|move|p2a: Pecharunt|Foul Play|p1a: Corviknight
|-damage|p1a: Corviknight|77/100
|move|p1a: Corviknight|U-turn|p2a: Pecharunt
|-resisted|p2a: Pecharunt
|-damage|p2a: Pecharunt|86/100 brn
|
|t:|1776296380
|switch|p1a: Weezing|Weezing-Galar, F|100/100|[from] U-turn
|-ability|p1a: Weezing|Neutralizing Gas
|
|-damage|p2a: Pecharunt|80/100 brn|[from] brn
|upkeep
|turn|31
|inactive|electraineheart has 240 seconds left.
|inactive|xurkiyee has 240 seconds left.
|
|t:|1776296386
|move|p2a: Pecharunt|Malignant Chain|p1a: Weezing
|-damage|p1a: Weezing|55/100
|move|p1a: Weezing|Toxic Spikes|p2a: Pecharunt
|-sidestart|p2: xurkiyee|move: Toxic Spikes
|
|-heal|p1a: Weezing|61/100|[from] item: Leftovers
|-damage|p2a: Pecharunt|74/100 brn|[from] brn
|upkeep
|turn|32
|inactive|electraineheart has 240 seconds left.
|inactive|xurkiyee has 240 seconds left.
|
|t:|1776296398
|switch|p2a: Keldeo|Keldeo-Resolute|58/100
|-end|p1a: Weezing|ability: Neutralizing Gas
|switch|p1a: Corviknight|Corviknight, M|77/100
|-ability|p1a: Corviknight|Pressure
|
|upkeep
|turn|33
|
|t:|1776296406
|switch|p2a: Pecharunt|Pecharunt|74/100 brn
|-sideend|p2: xurkiyee|move: Toxic Spikes|[of] p2a: Pecharunt
|move|p1a: Corviknight|Brave Bird|p2a: Pecharunt
|-damage|p2a: Pecharunt|57/100 brn
|-damage|p1a: Corviknight|72/100|[from] Recoil
|
|-damage|p2a: Pecharunt|51/100 brn|[from] brn
|upkeep
|turn|34
|
|t:|1776296411
|move|p2a: Pecharunt|Recover|p2a: Pecharunt
|-heal|p2a: Pecharunt|100/100 brn
|move|p1a: Corviknight|Brave Bird|p2a: Pecharunt
|-damage|p2a: Pecharunt|82/100 brn
|-damage|p1a: Corviknight|66/100|[from] Recoil
|
|-damage|p2a: Pecharunt|76/100 brn|[from] brn
|upkeep
|turn|35
|
|t:|1776296419
|move|p2a: Pecharunt|Foul Play|p1a: Corviknight
|-damage|p1a: Corviknight|59/100
|move|p1a: Corviknight|Roost|p1a: Corviknight
|-heal|p1a: Corviknight|100/100
|-singleturn|p1a: Corviknight|move: Roost
|
|-damage|p2a: Pecharunt|70/100 brn|[from] brn
|upkeep
|turn|36
|inactive|electraineheart has 270 seconds left.
|
|t:|1776296424
|move|p2a: Pecharunt|Parting Shot|p1a: Corviknight
|-unboost|p1a: Corviknight|atk|1
|-unboost|p1a: Corviknight|spa|1
|
|t:|1776296427
|switch|p2a: Dragonite|Dragonite, M|100/100|[from] Parting Shot
|move|p1a: Corviknight|Brave Bird|p2a: Dragonite
|-damage|p2a: Dragonite|89/100
|-damage|p1a: Corviknight|97/100|[from] Recoil
|
|upkeep
|turn|37
|inactive|xurkiyee has 270 seconds left.
|
|t:|1776296434
|switch|p2a: Great Tusk|Great Tusk|47/100
|move|p1a: Corviknight|U-turn|p2a: Great Tusk
|-resisted|p2a: Great Tusk
|-damage|p2a: Great Tusk|44/100
|
|t:|1776296436
|switch|p1a: Ogerpon|Ogerpon, F|100/100|[from] U-turn
|
|-heal|p2a: Great Tusk|50/100|[from] item: Leftovers
|upkeep
|turn|38
|
|t:|1776296445
|-end|p2a: Great Tusk|Protosynthesis|[silent]
|switch|p2a: Dragonite|Dragonite, M|89/100
|move|p1a: Ogerpon|Ivy Cudgel|p2a: Dragonite
|-resisted|p2a: Dragonite
|-crit|p2a: Dragonite
|-damage|p2a: Dragonite|73/100
|
|upkeep
|turn|39
|
|t:|1776296458
|switch|p1a: Alomomola|Alomomola, F|100/100
|move|p2a: Dragonite|Roost|p2a: Dragonite
|-heal|p2a: Dragonite|100/100
|-singleturn|p2a: Dragonite|move: Roost
|
|upkeep
|turn|40
|
|t:|1776296473
|move|p1a: Alomomola|Flip Turn|p2a: Dragonite
|-resisted|p2a: Dragonite
|-damage|p2a: Dragonite|97/100
|
|t:|1776296478
|switch|p1a: Weezing|Weezing-Galar, F|61/100|[from] Flip Turn
|-ability|p1a: Weezing|Neutralizing Gas
|move|p2a: Dragonite|Dragon Tail|p1a: Weezing
|-immune|p1a: Weezing
|
|-heal|p1a: Weezing|67/100|[from] item: Leftovers
|upkeep
|turn|41
|
|t:|1776296486
|switch|p2a: Pecharunt|Pecharunt|70/100 brn
|-end|p1a: Weezing|ability: Neutralizing Gas
|switch|p1a: Alomomola|Alomomola, F|100/100
|
|-damage|p2a: Pecharunt|64/100 brn|[from] brn
|upkeep
|turn|42
|
|t:|1776296490
|switch|p1a: Corviknight|Corviknight, M|97/100
|-ability|p1a: Corviknight|Pressure
|move|p2a: Pecharunt|Parting Shot|p1a: Corviknight
|-unboost|p1a: Corviknight|atk|1
|-unboost|p1a: Corviknight|spa|1
|
|t:|1776296493
|switch|p2a: Great Tusk|Great Tusk|50/100|[from] Parting Shot
|
|-heal|p2a: Great Tusk|56/100|[from] item: Leftovers
|upkeep
|turn|43
|inactive|xurkiyee has 270 seconds left.
|
|t:|1776296534
|-end|p2a: Great Tusk|Protosynthesis|[silent]
|switch|p2a: Dragonite|Dragonite, M|97/100
|move|p1a: Corviknight|Brave Bird|p2a: Dragonite
|-damage|p2a: Dragonite|74/100
|-damage|p1a: Corviknight|90/100|[from] Recoil
|
|upkeep
|turn|44
|
|t:|1776296548
|move|p1a: Corviknight|U-turn|p2a: Dragonite
|-resisted|p2a: Dragonite
|-damage|p2a: Dragonite|70/100
|
|t:|1776296549
|switch|p1a: Weezing|Weezing-Galar, F|67/100|[from] U-turn
|-ability|p1a: Weezing|Neutralizing Gas
|move|p2a: Dragonite|Dragon Tail|p1a: Weezing
|-immune|p1a: Weezing
|
|-heal|p1a: Weezing|73/100|[from] item: Leftovers
|upkeep
|turn|45
|inactive|xurkiyee has 270 seconds left.
|
|t:|1776296565
|switch|p2a: Keldeo|Keldeo-Resolute|58/100
|-end|p1a: Weezing|ability: Neutralizing Gas
|switch|p1a: Corviknight|Corviknight, M|90/100
|-ability|p1a: Corviknight|Pressure
|
|upkeep
|turn|46
|inactive|xurkiyee has 270 seconds left.
|
|t:|1776296579
|move|p2a: Keldeo|Flip Turn|p1a: Corviknight
|-damage|p1a: Corviknight|78/100
|
|t:|1776296581
|switch|p2a: Dragonite|Dragonite, M|70/100|[from] Flip Turn
|move|p1a: Corviknight|Brave Bird|p2a: Dragonite
|-damage|p2a: Dragonite|33/100
|-damage|p1a: Corviknight|66/100|[from] Recoil
|
|upkeep
|turn|47
|
|t:|1776296589
|move|p2a: Dragonite|Roost|p2a: Dragonite
|-heal|p2a: Dragonite|83/100
|-singleturn|p2a: Dragonite|move: Roost
|move|p1a: Corviknight|Roost|p1a: Corviknight
|-heal|p1a: Corviknight|100/100
|-singleturn|p1a: Corviknight|move: Roost
|
|upkeep
|turn|48
|
|t:|1776296596
|switch|p2a: Great Tusk|Great Tusk|56/100
|move|p1a: Corviknight|U-turn|p2a: Great Tusk
|-resisted|p2a: Great Tusk
|-damage|p2a: Great Tusk|51/100
|
|t:|1776296600
|switch|p1a: Ogerpon|Ogerpon, F|100/100|[from] U-turn
|
|-heal|p2a: Great Tusk|57/100|[from] item: Leftovers
|upkeep
|turn|49
|
|t:|1776296608
|-end|p2a: Great Tusk|Protosynthesis|[silent]
|switch|p2a: Dragonite|Dragonite, M|83/100
|move|p1a: Ogerpon|Knock Off|p2a: Dragonite
|-damage|p2a: Dragonite|51/100
|-enditem|p2a: Dragonite|Heavy-Duty Boots|[from] move: Knock Off|[of] p1a: Ogerpon
|
|upkeep
|turn|50
|
|t:|1776296615
|switch|p1a: Gliscor|Gliscor, F|100/100 tox
|move|p2a: Dragonite|Roost|p2a: Dragonite
|-heal|p2a: Dragonite|100/100
|-singleturn|p2a: Dragonite|move: Roost
|
|upkeep
|turn|51
|
|t:|1776296623
|switch|p2a: Pecharunt|Pecharunt|64/100 brn
|move|p1a: Gliscor|Stealth Rock|p2a: Pecharunt
|-sidestart|p2: xurkiyee|move: Stealth Rock
|
|-damage|p2a: Pecharunt|58/100 brn|[from] brn
|upkeep
|turn|52
|
|t:|1776296628
|move|p1a: Gliscor|Earthquake|p2a: Pecharunt
|-supereffective|p2a: Pecharunt
|-damage|p2a: Pecharunt|26/100 brn
|move|p2a: Pecharunt|Recover|p2a: Pecharunt
|-heal|p2a: Pecharunt|76/100 brn
|
|-damage|p2a: Pecharunt|70/100 brn|[from] brn
|upkeep
|turn|53
|
|t:|1776296631
|move|p1a: Gliscor|Earthquake|p2a: Pecharunt
|-supereffective|p2a: Pecharunt
|-damage|p2a: Pecharunt|41/100 brn
|move|p2a: Pecharunt|Parting Shot|p1a: Gliscor
|-unboost|p1a: Gliscor|atk|1
|-unboost|p1a: Gliscor|spa|1
|
|t:|1776296636
|switch|p2a: Great Tusk|Great Tusk|57/100|[from] Parting Shot
|-damage|p2a: Great Tusk|54/100|[from] Stealth Rock
|
|-heal|p2a: Great Tusk|60/100|[from] item: Leftovers
|upkeep
|turn|54
|
|t:|1776296643
|move|p2a: Great Tusk|Rapid Spin|p1a: Gliscor
|-damage|p1a: Gliscor|85/100 tox
|-boost|p2a: Great Tusk|spe|1
|-sideend|p2: xurkiyee|Stealth Rock|[from] move: Rapid Spin|[of] p2a: Great Tusk
|move|p1a: Gliscor|Toxic|p2a: Great Tusk
|-status|p2a: Great Tusk|tox
|
|-heal|p2a: Great Tusk|66/100 tox|[from] item: Leftovers
|-damage|p2a: Great Tusk|60/100 tox|[from] psn
|-heal|p1a: Gliscor|98/100 tox|[from] ability: Poison Heal
|upkeep
|turn|55
|
|t:|1776296650
|switch|p1a: Corviknight|Corviknight, M|100/100
|-ability|p1a: Corviknight|Pressure
|move|p2a: Great Tusk|Stealth Rock|p1a: Corviknight
|-sidestart|p1: electraineheart|move: Stealth Rock
|
|-heal|p2a: Great Tusk|66/100 tox|[from] item: Leftovers
|-damage|p2a: Great Tusk|54/100 tox|[from] psn
|upkeep
|turn|56
|
|t:|1776296655
|-end|p2a: Great Tusk|Protosynthesis|[silent]
|switch|p2a: Keldeo|Keldeo-Resolute|58/100
|move|p1a: Corviknight|Defog|p2a: Keldeo
|-unboost|p2a: Keldeo|evasion|1
|-sideend|p1: electraineheart|Stealth Rock|[from] move: Defog|[of] p1a: Corviknight
|
|upkeep
|turn|57
|
|t:|1776296662
|-terastallize|p2a: Keldeo|Water
|move|p2a: Keldeo|Surf|p1a: Corviknight
|-damage|p1a: Corviknight|58/100
|move|p1a: Corviknight|Brave Bird|p2a: Keldeo
|-damage|p2a: Keldeo|14/100
|-damage|p1a: Corviknight|46/100|[from] Recoil
|
|upkeep
|turn|58
|
|t:|1776296672
|switch|p2a: Great Tusk|Great Tusk|54/100 tox
|switch|p1a: Alomomola|Alomomola, F|100/100
|
|-heal|p2a: Great Tusk|60/100 tox|[from] item: Leftovers
|-damage|p2a: Great Tusk|54/100 tox|[from] psn
|upkeep
|turn|59
|
|t:|1776296682
|move|p2a: Great Tusk|Stealth Rock|p1a: Alomomola
|-sidestart|p1: electraineheart|move: Stealth Rock
|move|p1a: Alomomola|Wish|p1a: Alomomola
|
|-heal|p2a: Great Tusk|60/100 tox|[from] item: Leftovers
|-damage|p2a: Great Tusk|48/100 tox|[from] psn
|upkeep
|turn|60
|
|t:|1776296696
|-end|p2a: Great Tusk|Protosynthesis|[silent]
|switch|p2a: Dragonite|Dragonite, M|100/100
|move|p1a: Alomomola|Flip Turn|p2a: Dragonite
|-resisted|p2a: Dragonite
|-damage|p2a: Dragonite|97/100
|
|t:|1776296699
|switch|p1a: Corviknight|Corviknight, M|46/100|[from] Flip Turn
|-damage|p1a: Corviknight|34/100|[from] Stealth Rock
|-ability|p1a: Corviknight|Pressure
|
|-heal|p1a: Corviknight|100/100|[from] move: Wish|[wisher] Alomomola
|upkeep
|turn|61
|c|☆xurkiyee|gg
|-message|xurkiyee forfeited.
|
|win|electraineheart
|c|☆electraineheart|gg
