|html|<div class="broadcast-blue"><strong>[Gen 9] OU is currently suspecting Tera Blast! For information on how to participate check out the <a href="https://www.smogon.com/tools/suspects/view/200">suspect thread</a>.</strong></div>
|j|☆summmm
|j|☆phreshoatmeal
|t:|1776042268
|gametype|singles
|player|p1|summmm|2|1544
|player|p2|phreshoatmeal|170|1610
|gen|9
|tier|[Gen 9] OU
|rated|
|rule|HP Percentage Mod: HP is shown in percentages
|rule|Endless Battle Clause: Forcing endless battles is banned
|rule|Species Clause: Limit one of each Pokémon
|rule|OHKO Clause: OHKO moves are banned
|rule|Evasion Items Clause: Evasion items are banned
|rule|Evasion Moves Clause: Evasion moves are banned
|rule|Evasion Abilities Clause: Evasion abilities are banned
|rule|Sleep Moves Clause: Sleep-inducing moves are banned
|clearpoke
|poke|p1|Ogerpon-Wellspring, F|
|poke|p1|Pecharunt|
|poke|p1|Great Tusk|
|poke|p1|Iron Crown|
|poke|p1|Landorus-Therian, M|
|poke|p1|Samurott-Hisui, M|
|poke|p2|Jolteon, F|
|poke|p2|Lokix, M|
|poke|p2|Rotom-Heat|
|poke|p2|Hawlucha, F|
|poke|p2|Slowking-Galar, F|
|poke|p2|Alomomola, M|
|teampreview
|inactive|Battle timer is ON: inactive players will automatically lose when time's up. (requested by summmm)
|
|t:|1776042288
|teamsize|p1|6
|teamsize|p2|6
|start
|switch|p1a: Landorus|Landorus-Therian, M|100/100
|switch|p2a: Jolteon|Jolteon, F|100/100
|-ability|p1a: Landorus|Intimidate|boost
|-unboost|p2a: Jolteon|atk|1
|turn|1
|
|t:|1776042297
|switch|p2a: Hawlucha|Hawlucha, F|100/100
|-ability|p2a: Hawlucha|Mold Breaker
|move|p1a: Landorus|Earthquake|p2a: Hawlucha
|-immune|p2a: Hawlucha
|
|upkeep
|turn|2
|
|t:|1776042305
|switch|p1a: Pecharunt|Pecharunt|100/100
|switch|p2a: Jolteon|Jolteon, F|100/100
|
|-status|p2a: Jolteon|brn|[from] item: Flame Orb
|upkeep
|turn|3
|
|t:|1776042323
|move|p2a: Jolteon|Volt Switch|p1a: Pecharunt
|-damage|p1a: Pecharunt|62/100
|
|t:|1776042329
|switch|p2a: Slowking|Slowking-Galar, F|100/100|[from] Volt Switch
|move|p1a: Pecharunt|Parting Shot|p2a: Slowking
|-unboost|p2a: Slowking|atk|1
|-unboost|p2a: Slowking|spa|1
|
|t:|1776042343
|switch|p1a: Samurott|Samurott-Hisui, M|100/100|[from] Parting Shot
|
|upkeep
|turn|4
|
|t:|1776042346
|switch|p2a: Hawlucha|Hawlucha, F|100/100
|-ability|p2a: Hawlucha|Mold Breaker
|move|p1a: Samurott|Ceaseless Edge|p2a: Hawlucha
|-resisted|p2a: Hawlucha
|-damage|p2a: Hawlucha|78/100
|-damage|p1a: Samurott|84/100|[from] item: Rocky Helmet|[of] p2a: Hawlucha
|-sidestart|p2: phreshoatmeal|Spikes
|
|upkeep
|turn|5
|
|t:|1776042359
|switch|p1a: Landorus|Landorus-Therian, M|100/100
|-ability|p1a: Landorus|Intimidate|boost
|-unboost|p2a: Hawlucha|atk|1
|move|p2a: Hawlucha|Defog|p1a: Landorus
|-unboost|p1a: Landorus|evasion|1
|-sideend|p2: phreshoatmeal|Spikes|[from] move: Defog|[of] p2a: Hawlucha
|
|upkeep
|turn|6
|
|t:|1776042371
|switch|p2a: Rotom|Rotom-Heat|100/100
|move|p1a: Landorus|Stone Edge|p2a: Rotom
|-supereffective|p2a: Rotom
|-damage|p2a: Rotom|7/100
|
|upkeep
|turn|7
|inactive|summmm has 120 seconds left.
|
|t:|1776042405
|move|p1a: Landorus|Stone Edge|p2a: Rotom
|-supereffective|p2a: Rotom
|-damage|p2a: Rotom|0 fnt
|faint|p2a: Rotom
|
|upkeep
|
|t:|1776042411
|switch|p2a: Jolteon|Jolteon, F|100/100 brn
|turn|8
|inactive|summmm has 120 seconds left.
|
|t:|1776042436
|switch|p1a: Great Tusk|Great Tusk|100/100
|-enditem|p1a: Great Tusk|Booster Energy
|-activate|p1a: Great Tusk|ability: Protosynthesis|[fromitem]
|-start|p1a: Great Tusk|protosynthesisspe
|-terastallize|p2a: Jolteon|Ice
|move|p2a: Jolteon|Tera Blast|p1a: Great Tusk|[anim] Tera Blast Ice
|-supereffective|p1a: Great Tusk
|-damage|p1a: Great Tusk|0 fnt
|faint|p1a: Great Tusk
|-end|p1a: Great Tusk|Protosynthesis|[silent]
|
|-damage|p2a: Jolteon|95/100 brn|[from] brn
|upkeep
|
|t:|1776042446
|switch|p1a: Iron Crown|Iron Crown|100/100
|turn|9
|
|t:|1776042456
|move|p2a: Jolteon|Volt Switch|p1a: Iron Crown
|-damage|p1a: Iron Crown|67/100
|
|t:|1776042470
|switch|p2a: Slowking|Slowking-Galar, F|100/100|[from] Volt Switch
|move|p1a: Iron Crown|Volt Switch|p2a: Slowking
|-crit|p2a: Slowking
|-damage|p2a: Slowking|72/100
|-enditem|p2a: Slowking|Eject Button
|
|t:|1776042484
|switch|p2a: Jolteon|Jolteon, F, tera:Ice|95/100 brn
|
|-damage|p2a: Jolteon|89/100 brn|[from] brn
|upkeep
|turn|10
|inactive|summmm has 120 seconds left.
|
|t:|1776042516
|-end|p1a: Iron Crown|Quark Drive|[silent]
|switch|p1a: Ogerpon|Ogerpon-Wellspring, F|100/100
|move|p2a: Jolteon|Volt Switch|p1a: Ogerpon
|-damage|p1a: Ogerpon|63/100
|
|t:|1776042520
|switch|p2a: Lokix|Lokix, M|100/100|[from] Volt Switch
|
|upkeep
|turn|11
|
|t:|1776042528
|switch|p1a: Pecharunt|Pecharunt|62/100
|move|p2a: Lokix|U-turn|p1a: Pecharunt
|-resisted|p1a: Pecharunt
|-damage|p1a: Pecharunt|53/100
|-damage|p2a: Lokix|84/100|[from] item: Rocky Helmet|[of] p1a: Pecharunt
|inactive|phreshoatmeal has 120 seconds left.
|
|t:|1776042561
|switch|p2a: Jolteon|Jolteon, F, tera:Ice|89/100 brn|[from] U-turn
|
|-damage|p2a: Jolteon|83/100 brn|[from] brn
|upkeep
|turn|12
|inactive|summmm has 120 seconds left.
|
|t:|1776042572
|move|p2a: Jolteon|Thunderbolt|p1a: Pecharunt
|-damage|p1a: Pecharunt|8/100
|move|p1a: Pecharunt|Recover|p1a: Pecharunt
|-heal|p1a: Pecharunt|58/100
|
|-damage|p2a: Jolteon|77/100 brn|[from] brn
|upkeep
|turn|13
|inactive|summmm has 120 seconds left.
|
|t:|1776042584
|move|p2a: Jolteon|Volt Switch|p1a: Pecharunt
|-damage|p1a: Pecharunt|24/100
|
|t:|1776042592
|switch|p2a: Slowking|Slowking-Galar, F|100/100|[from] Volt Switch
|move|p1a: Pecharunt|Recover|p1a: Pecharunt
|-heal|p1a: Pecharunt|74/100
|
|upkeep
|turn|14
|inactive|summmm has 120 seconds left.
|
|t:|1776042615
|move|p1a: Pecharunt|Recover|p1a: Pecharunt
|-heal|p1a: Pecharunt|100/100
|move|p2a: Slowking|Toxic|p1a: Pecharunt
|-immune|p1a: Pecharunt
|
|upkeep
|turn|15
|
|t:|1776042620
|move|p1a: Pecharunt|Parting Shot|p2a: Slowking
|-unboost|p2a: Slowking|atk|1
|-unboost|p2a: Slowking|spa|1
|
|t:|1776042623
|switch|p1a: Iron Crown|Iron Crown|67/100|[from] Parting Shot
|move|p2a: Slowking|Toxic|p1a: Iron Crown
|-immune|p1a: Iron Crown
|
|upkeep
|turn|16
|
|t:|1776042632
|move|p1a: Iron Crown|Tachyon Cutter|p2a: Slowking
|-damage|p2a: Slowking|79/100
|-damage|p2a: Slowking|57/100
|-hitcount|p2a: Slowking|2
|-prepare|p2a: Slowking|Chilly Reception|[premajor]
|move|p2a: Slowking|Chilly Reception|p2a: Slowking
|-weather|Snowscape
|
|t:|1776042637
|switch|p2a: Jolteon|Jolteon, F, tera:Ice|77/100 brn|[from] Chilly Reception
|
|-weather|Snowscape|[upkeep]
|-damage|p2a: Jolteon|71/100 brn|[from] brn
|upkeep
|turn|17
|
|t:|1776042644
|-end|p1a: Iron Crown|Quark Drive|[silent]
|switch|p1a: Landorus|Landorus-Therian, M|100/100
|-ability|p1a: Landorus|Intimidate|boost
|-unboost|p2a: Jolteon|atk|1
|move|p2a: Jolteon|Volt Switch|p1a: Landorus
|-immune|p1a: Landorus
|
|-weather|Snowscape|[upkeep]
|-damage|p2a: Jolteon|65/100 brn|[from] brn
|upkeep
|turn|18
|
|t:|1776042659
|move|p2a: Jolteon|Volt Switch|p1a: Landorus
|-immune|p1a: Landorus
|move|p1a: Landorus|Earthquake|p2a: Jolteon
|-damage|p2a: Jolteon|0 fnt
|faint|p2a: Jolteon
|
|-weather|Snowscape|[upkeep]
|upkeep
|-message|phreshoatmeal forfeited.
|
|win|summmm
|raw|summmm's rating: 1544 &rarr; <strong>1568</strong><br />(+24 for winning)
|raw|phreshoatmeal's rating: 1610 &rarr; <strong>1586</strong><br />(-24 for losing)
|l|☆phreshoatmeal
|player|p2|
|l|☆summmm
|player|p1|
