|html|<div class="broadcast-blue"><strong>[Gen 9] OU is currently suspecting Tera Blast! For information on how to participate check out the <a href="https://www.smogon.com/tools/suspects/view/200">suspect thread</a>.</strong></div>
|j|☆mothfox
|j|☆maisiemeow
|t:|1776131335
|gametype|singles
|player|p1|mothfox|colress|1219
|player|p2|maisiemeow|iris|1182
|gen|9
|tier|[Gen 9] OU
|rated|
|rule|HP Percentage Mod: HP is shown in percentages
|rule|Endless Battle Clause: Forcing endless battles is banned
|rule|Species Clause: Limit one of each Pokémon
|rule|OHKO Clause: OHKO moves are banned
|rule|Evasion Items Clause: Evasion items are banned
|rule|Evasion Moves Clause: Evasion moves are banned
|rule|Evasion Abilities Clause: Evasion abilities are banned
|rule|Sleep Moves Clause: Sleep-inducing moves are banned
|clearpoke
|poke|p1|Dragonite, M|
|poke|p1|Samurott-Hisui, F|
|poke|p1|Clefable, F|
|poke|p1|Gliscor, F|
|poke|p1|Gholdengo|
|poke|p1|Zamazenta-*|
|poke|p2|Cinderace, M|
|poke|p2|Garganacl, F|
|poke|p2|Kyurem|
|poke|p2|Ogerpon-Wellspring, F|
|poke|p2|Arcanine-Hisui, M|
|poke|p2|Tornadus-Therian, M|
|teampreview
|inactive|Battle timer is ON: inactive players will automatically lose when time's up. (requested by maisiemeow)
|inactive|mothfox also wants the timer to be on.
|inactive|mothfox has 120 seconds left.
|
|t:|1776131379
|teamsize|p1|6
|teamsize|p2|6
|start
|switch|p1a: Clefable|Clefable, F|100/100
|switch|p2a: Ogerpon|Ogerpon-Wellspring, F|100/100
|turn|1
|
|t:|1776131388
|switch|p2a: Cinderace|Cinderace, M|100/100
|move|p1a: Clefable|Stealth Rock|p2a: Cinderace
|-sidestart|p2: maisiemeow|move: Stealth Rock
|
|upkeep
|turn|2
|
|t:|1776131395
|move|p2a: Cinderace|Court Change|p2a: Cinderace
|-start|p2a: Cinderace|typechange|Normal|[from] ability: Libero
|-swapsideconditions
|-activate|p2a: Cinderace|move: Court Change
|move|p1a: Clefable|Knock Off|p2a: Cinderace
|-damage|p2a: Cinderace|82/100
|-enditem|p2a: Cinderace|Heavy-Duty Boots|[from] move: Knock Off|[of] p1a: Clefable
|
|upkeep
|turn|3
|
|t:|1776131402
|move|p2a: Cinderace|Gunk Shot|p1a: Clefable
|-supereffective|p1a: Clefable
|-damage|p1a: Clefable|53/100
|-status|p1a: Clefable|psn
|move|p1a: Clefable|Stealth Rock|p2a: Cinderace
|-sidestart|p2: maisiemeow|move: Stealth Rock
|
|upkeep
|turn|4
|
|t:|1776131419
|switch|p1a: Gliscor|Gliscor, F|100/100
|-damage|p1a: Gliscor|88/100|[from] Stealth Rock
|move|p2a: Cinderace|Pyro Ball|p1a: Gliscor
|-damage|p1a: Gliscor|62/100
|
|-status|p1a: Gliscor|tox|[from] item: Toxic Orb
|upkeep
|turn|5
|
|t:|1776131440
|switch|p2a: Ogerpon|Ogerpon-Wellspring, F|100/100
|-damage|p2a: Ogerpon|88/100|[from] Stealth Rock
|move|p1a: Gliscor|Knock Off|p2a: Ogerpon
|-damage|p2a: Ogerpon|68/100
|
|-heal|p1a: Gliscor|75/100 tox|[from] ability: Poison Heal
|upkeep
|turn|6
|
|t:|1776131453
|switch|p1a: Clefable|Clefable, F|53/100 psn
|move|p2a: Ogerpon|Ivy Cudgel|p1a: Clefable|[anim] Ivy Cudgel Water
|-damage|p1a: Clefable|11/100 psn
|
|upkeep
|turn|7
|
|t:|1776131471
|move|p2a: Ogerpon|Horn Leech|p1a: Clefable
|-damage|p1a: Clefable|0 fnt
|-heal|p2a: Ogerpon|75/100|[from] drain|[of] p1a: Clefable
|-damage|p2a: Ogerpon|59/100|[from] item: Rocky Helmet|[of] p1a: Clefable
|faint|p1a: Clefable
|
|upkeep
|inactive|mothfox has 120 seconds left.
|
|t:|1776131495
|switch|p1a: Zamazenta|Zamazenta|100/100
|-damage|p1a: Zamazenta|94/100|[from] Stealth Rock
|-ability|p1a: Zamazenta|Dauntless Shield|boost
|-boost|p1a: Zamazenta|def|1
|turn|8
|inactive|mothfox has 120 seconds left.
|
|t:|1776131505
|switch|p2a: Tornadus|Tornadus-Therian, M|100/100
|-damage|p2a: Tornadus|76/100|[from] Stealth Rock
|move|p1a: Zamazenta|Iron Defense|p1a: Zamazenta
|-boost|p1a: Zamazenta|def|2
|
|-heal|p1a: Zamazenta|100/100|[from] item: Leftovers
|upkeep
|turn|9
|
|t:|1776131518
|move|p1a: Zamazenta|Crunch|p2a: Tornadus
|-damage|p2a: Tornadus|42/100
|-unboost|p2a: Tornadus|def|1
|move|p2a: Tornadus|Bleakwind Storm|p1a: Zamazenta|[miss]
|-miss|p2a: Tornadus|p1a: Zamazenta
|
|upkeep
|turn|10
|inactive|maisiemeow has 120 seconds left.
|
|t:|1776131548
|switch|p2a: Cinderace|Cinderace, M|82/100
|-damage|p2a: Cinderace|57/100|[from] Stealth Rock
|move|p1a: Zamazenta|Body Press|p2a: Cinderace
|-damage|p2a: Cinderace|0 fnt
|faint|p2a: Cinderace
|
|upkeep
|
|t:|1776131553
|switch|p2a: Tornadus|Tornadus-Therian, M|75/100
|-damage|p2a: Tornadus|51/100|[from] Stealth Rock
|turn|11
|inactive|maisiemeow has 120 seconds left.
|
|t:|1776131560
|move|p1a: Zamazenta|Body Press|p2a: Tornadus
|-resisted|p2a: Tornadus
|-damage|p2a: Tornadus|0 fnt
|faint|p2a: Tornadus
|
|upkeep
|inactive|maisiemeow has 120 seconds left.
|-message|maisiemeow forfeited.
|
|win|mothfox
|raw|mothfox's rating: 1219 &rarr; <strong>1241</strong><br />(+22 for winning)
|raw|maisiemeow's rating: 1182 &rarr; <strong>1160</strong><br />(-22 for losing)
