|html|<div class="broadcast-blue"><strong>[Gen 9] OU is currently suspecting Volcarona! For information on how to participate check out the <a href="https://www.smogon.com/tools/suspects/view/208">suspect thread</a>.</strong></div>
|j|☆baakrisht
|j|☆pontinhu
|t:|1778515245
|gametype|singles
|player|p1|baakrisht|2|1232
|player|p2|pontinhu|266|1244
|gen|9
|tier|[Gen 9] OU
|rated|
|rule|HP Percentage Mod: HP is shown in percentages
|rule|Endless Battle Clause: Forcing endless battles is banned
|rule|Species Clause: Limit one of each Pokémon
|rule|OHKO Clause: OHKO moves are banned
|rule|Evasion Items Clause: Evasion items are banned
|rule|Evasion Moves Clause: Evasion moves are banned
|rule|Evasion Abilities Clause: Evasion abilities are banned
|rule|Sleep Moves Clause: Sleep-inducing moves are banned
|clearpoke
|poke|p1|Espeon, F|
|poke|p1|Goodra, F|
|poke|p1|Weezing-Galar, F|
|poke|p1|Orthworm, F|
|poke|p1|Suicune|
|poke|p1|Munkidori, M|
|poke|p2|Yanmega, F|
|poke|p2|Ogerpon-Wellspring, F|
|poke|p2|Cloyster, M|
|poke|p2|Ribombee, M|
|poke|p2|Donphan, M|
|poke|p2|Metagross|
|teampreview
|inactive|Battle timer is ON: inactive players will automatically lose when time's up. (requested by pontinhu)
|
|t:|1778515271
|teamsize|p1|6
|teamsize|p2|6
|start
|switch|p1a: दील दो 💖|Orthworm, F|100/100
|switch|p2a: Ribombee|Ribombee, M|100/100
|turn|1
|
|t:|1778515287
|switch|p1a: बिलाई मौसी|Espeon, F|100/100
|move|p2a: Ribombee|Trick|p1a: बिलाई मौसी
|-activate|p2a: Ribombee|move: Trick|[of] p1a: बिलाई मौसी
|-item|p1a: बिलाई मौसी|Choice Scarf|[from] move: Trick
|-item|p2a: Ribombee|Choice Scarf|[from] move: Trick
|
|upkeep
|turn|2
|
|t:|1778515298
|move|p2a: Ribombee|Moonblast|p1a: बिलाई मौसी
|-damage|p1a: बिलाई मौसी|70/100
|-unboost|p1a: बिलाई मौसी|spa|1
|move|p1a: बिलाई मौसी|Psychic|p2a: Ribombee
|-damage|p2a: Ribombee|51/100
|
|upkeep
|turn|3
|
|t:|1778515305
|switch|p1a: Munkidori|Munkidori, M|100/100
|move|p2a: Ribombee|Moonblast|p1a: Munkidori
|-resisted|p1a: Munkidori
|-damage|p1a: Munkidori|88/100
|
|-heal|p1a: Munkidori|94/100|[from] item: Black Sludge
|upkeep
|turn|4
|
|t:|1778515314
|switch|p2a: Metagross|Metagross|100/100
|move|p1a: Munkidori|Future Sight|p2a: Metagross
|-start|p1a: Munkidori|move: Future Sight
|
|-heal|p1a: Munkidori|99/100|[from] item: Black Sludge
|upkeep
|turn|5
|
|t:|1778515325
|switch|p1a: दील दो 💖|Orthworm, F|100/100
|move|p2a: Metagross|Heavy Slam|p1a: दील दो 💖
|-resisted|p1a: दील दो 💖
|-damage|p1a: दील दो 💖|94/100
|
|-heal|p1a: दील दो 💖|99/100|[from] item: Leftovers
|upkeep
|turn|6
|
|t:|1778515336
|move|p2a: Metagross|Psychic Fangs|p1a: दील दो 💖
|-resisted|p1a: दील दो 💖
|-damage|p1a: दील दो 💖|86/100
|move|p1a: दील दो 💖|Stealth Rock|p2a: Metagross
|-sidestart|p2: pontinhu|move: Stealth Rock
|
|-end|p2a: Metagross|move: Future Sight
|-resisted|p2a: Metagross
|-damage|p2a: Metagross|85/100
|-heal|p1a: दील दो 💖|92/100|[from] item: Leftovers
|upkeep
|turn|7
|
|t:|1778515346
|switch|p2a: Donphan|Donphan, M|100/100
|-damage|p2a: Donphan|94/100|[from] Stealth Rock
|move|p1a: दील दो 💖|Iron Defense|p1a: दील दो 💖
|-boost|p1a: दील दो 💖|def|2
|
|-heal|p1a: दील दो 💖|98/100|[from] item: Leftovers
|-heal|p2a: Donphan|100/100|[from] item: Leftovers
|upkeep
|turn|8
|
|t:|1778515356
|move|p1a: दील दो 💖|Iron Defense|p1a: दील दो 💖
|-boost|p1a: दील दो 💖|def|2
|move|p2a: Donphan|Rapid Spin|p1a: दील दो 💖
|-resisted|p1a: दील दो 💖
|-damage|p1a: दील दो 💖|97/100
|-boost|p2a: Donphan|spe|1
|-sideend|p2: pontinhu|Stealth Rock|[from] move: Rapid Spin|[of] p2a: Donphan
|
|-heal|p1a: दील दो 💖|100/100|[from] item: Leftovers
|upkeep
|turn|9
|
|t:|1778515365
|switch|p2a: Ogerpon|Ogerpon-Wellspring, F|100/100
|move|p1a: दील दो 💖|Body Press|p2a: Ogerpon
|-damage|p2a: Ogerpon|0 fnt
|faint|p2a: Ogerpon
|
|upkeep
|
|t:|1778515374
|switch|p2a: Yanmega|Yanmega, F|100/100
|turn|10
|
|t:|1778515378
|move|p2a: Yanmega|Bug Buzz|p1a: दील दो 💖
|-resisted|p1a: दील दो 💖
|-damage|p1a: दील दो 💖|62/100
|-enditem|p2a: Yanmega|Throat Spray
|-boost|p2a: Yanmega|spa|1|[from] item: Throat Spray
|move|p1a: दील दो 💖|Body Press|p2a: Yanmega
|-resisted|p2a: Yanmega
|-damage|p2a: Yanmega|69/100
|
|-heal|p1a: दील दो 💖|68/100|[from] item: Leftovers
|-ability|p2a: Yanmega|Speed Boost|boost
|-boost|p2a: Yanmega|spe|1
|upkeep
|turn|11
|
|t:|1778515391
|switch|p1a: Suicune|Suicune|100/100
|-ability|p1a: Suicune|Pressure
|move|p2a: Yanmega|Air Slash|p1a: Suicune
|-damage|p1a: Suicune|56/100
|
|-heal|p1a: Suicune|62/100|[from] item: Leftovers
|-ability|p2a: Yanmega|Speed Boost|boost
|-boost|p2a: Yanmega|spe|1
|upkeep
|turn|12
|
|t:|1778515401
|move|p2a: Yanmega|Bug Buzz|p1a: Suicune
|-damage|p1a: Suicune|12/100
|move|p1a: Suicune|Roar|p2a: Yanmega
|drag|p2a: Cloyster|Cloyster, M|100/100
|
|-heal|p1a: Suicune|18/100|[from] item: Leftovers
|upkeep
|turn|13
|
|t:|1778515411
|move|p2a: Cloyster|Icicle Spear|p1a: Suicune
|-resisted|p1a: Suicune
|-damage|p1a: Suicune|14/100
|-resisted|p1a: Suicune
|-damage|p1a: Suicune|11/100
|-resisted|p1a: Suicune
|-damage|p1a: Suicune|7/100
|-resisted|p1a: Suicune
|-damage|p1a: Suicune|4/100
|-resisted|p1a: Suicune
|-damage|p1a: Suicune|0 fnt
|faint|p1a: Suicune
|-hitcount|p1: Suicune|5
|
|upkeep
|
|t:|1778515417
|switch|p1a: दील दो 💖|Orthworm, F|68/100
|turn|14
|
|t:|1778515425
|-terastallize|p2a: Cloyster|Ground
|move|p2a: Cloyster|Shell Smash|p2a: Cloyster
|-unboost|p2a: Cloyster|def|1
|-unboost|p2a: Cloyster|spd|1
|-boost|p2a: Cloyster|atk|2
|-boost|p2a: Cloyster|spa|2
|-boost|p2a: Cloyster|spe|2
|-enditem|p2a: Cloyster|White Herb
|-clearnegativeboost|p2a: Cloyster|[silent]
|move|p1a: दील दो 💖|Body Press|p2a: Cloyster
|-damage|p2a: Cloyster|70/100
|
|-heal|p1a: दील दो 💖|74/100|[from] item: Leftovers
|upkeep
|turn|15
|
|t:|1778515439
|move|p2a: Cloyster|Liquidation|p1a: दील दो 💖
|-damage|p1a: दील दो 💖|34/100
|move|p1a: दील दो 💖|Iron Defense|p1a: दील दो 💖
|-boost|p1a: दील दो 💖|def|2
|
|-heal|p1a: दील दो 💖|40/100|[from] item: Leftovers
|upkeep
|turn|16
|
|t:|1778515447
|move|p2a: Cloyster|Liquidation|p1a: दील दो 💖
|-damage|p1a: दील दो 💖|16/100
|move|p1a: दील दो 💖|Body Press|p2a: Cloyster
|-damage|p2a: Cloyster|14/100
|
|-heal|p1a: दील दो 💖|23/100|[from] item: Leftovers
|upkeep
|turn|17
|
|t:|1778515456
|move|p2a: Cloyster|Liquidation|p1a: दील दो 💖
|-damage|p1a: दील दो 💖|2/100
|move|p1a: दील दो 💖|Body Press|p2a: Cloyster
|-damage|p2a: Cloyster|0 fnt
|faint|p2a: Cloyster
|
|-heal|p1a: दील दो 💖|8/100|[from] item: Leftovers
|upkeep
|
|t:|1778515466
|switch|p2a: Yanmega|Yanmega, F|69/100
|turn|18
|
|t:|1778515480
|switch|p1a: Munkidori|Munkidori, M|99/100
|move|p2a: Yanmega|Bug Buzz|p1a: Munkidori
|-damage|p1a: Munkidori|67/100
|
|-heal|p1a: Munkidori|73/100|[from] item: Black Sludge
|-ability|p2a: Yanmega|Speed Boost|boost
|-boost|p2a: Yanmega|spe|1
|upkeep
|turn|19
|
|t:|1778515490
|move|p2a: Yanmega|Substitute|p2a: Yanmega
|-start|p2a: Yanmega|Substitute
|-damage|p2a: Yanmega|44/100
|move|p1a: Munkidori|Trick||[still]
|-fail|p1a: Munkidori
|
|-heal|p1a: Munkidori|79/100|[from] item: Black Sludge
|-ability|p2a: Yanmega|Speed Boost|boost
|-boost|p2a: Yanmega|spe|1
|upkeep
|turn|20
|
|t:|1778515499
|move|p2a: Yanmega|Air Slash|p1a: Munkidori
|-damage|p1a: Munkidori|53/100
|move|p1a: Munkidori|Future Sight|p2a: Yanmega
|-start|p1a: Munkidori|move: Future Sight
|
|-heal|p1a: Munkidori|59/100|[from] item: Black Sludge
|-ability|p2a: Yanmega|Speed Boost|boost
|-boost|p2a: Yanmega|spe|1
|upkeep
|turn|21
|
|t:|1778515512
|move|p2a: Yanmega|Bug Buzz|p1a: Munkidori
|-damage|p1a: Munkidori|23/100
|move|p1a: Munkidori|Shadow Ball|p2a: Yanmega
|-end|p2a: Yanmega|Substitute
|
|-heal|p1a: Munkidori|29/100|[from] item: Black Sludge
|-ability|p2a: Yanmega|Speed Boost|boost
|-boost|p2a: Yanmega|spe|1
|upkeep
|turn|22
|
|t:|1778515523
|move|p2a: Yanmega|Bug Buzz|p1a: Munkidori
|-damage|p1a: Munkidori|0 fnt
|faint|p1a: Munkidori
|
|-end|p2a: Yanmega|move: Future Sight
|-damage|p2a: Yanmega|0 fnt
|faint|p2a: Yanmega
|upkeep
|
|t:|1778515537
|switch|p2a: Metagross|Metagross|85/100
|switch|p1a: लाठ साहब|Weezing-Galar, F|100/100
|turn|23
|
|t:|1778515548
|switch|p2a: Ribombee|Ribombee, M|51/100
|-terastallize|p1a: लाठ साहब|Fire
|move|p1a: लाठ साहब|Toxic Spikes|p2a: Ribombee
|-sidestart|p2: pontinhu|move: Toxic Spikes
|
|upkeep
|turn|24
|
|t:|1778515557
|switch|p1a: बिलाई मौसी|Espeon, F|70/100
|move|p2a: Ribombee|Trick|p1a: बिलाई मौसी
|-activate|p2a: Ribombee|move: Trick|[of] p1a: बिलाई मौसी
|-item|p1a: बिलाई मौसी|Choice Scarf|[from] move: Trick
|-item|p2a: Ribombee|Choice Scarf|[from] move: Trick
|
|upkeep
|turn|25
|
|t:|1778515570
|move|p2a: Ribombee|Moonblast|p1a: बिलाई मौसी
|-damage|p1a: बिलाई मौसी|41/100
|move|p1a: बिलाई मौसी|Shadow Ball|p2a: Ribombee
|-damage|p2a: Ribombee|12/100
|
|upkeep
|turn|26
|
|t:|1778515577
|move|p2a: Ribombee|Moonblast|p1a: बिलाई मौसी
|-crit|p1a: बिलाई मौसी
|-damage|p1a: बिलाई मौसी|0 fnt
|faint|p1a: बिलाई मौसी
|
|upkeep
|
|t:|1778515585
|switch|p1a: लसलस|Goodra, F|100/100
|turn|27
|
|t:|1778515589
|switch|p2a: Donphan|Donphan, M|100/100
|-status|p2a: Donphan|psn
|move|p1a: लसलस|Sludge Bomb|p2a: Donphan
|-resisted|p2a: Donphan
|-damage|p2a: Donphan|85/100 psn
|
|-heal|p2a: Donphan|91/100 psn|[from] item: Leftovers
|-damage|p2a: Donphan|79/100 psn|[from] psn
|upkeep
|turn|28
|
|t:|1778515600
|switch|p1a: लाठ साहब|Weezing-Galar, F, tera:Fire|100/100
|move|p2a: Donphan|Rapid Spin|p1a: लाठ साहब
|-damage|p1a: लाठ साहब|89/100
|-boost|p2a: Donphan|spe|1
|-damage|p2a: Donphan|62/100 psn|[from] item: Rocky Helmet|[of] p1a: लाठ साहब
|-sideend|p2: pontinhu|Toxic Spikes|[from] move: Rapid Spin|[of] p2a: Donphan
|
|-heal|p2a: Donphan|68/100 psn|[from] item: Leftovers
|-damage|p2a: Donphan|56/100 psn|[from] psn
|upkeep
|turn|29
|
|t:|1778515611
|move|p2a: Donphan|Stealth Rock|p1a: लाठ साहब
|-sidestart|p1: baakrisht|move: Stealth Rock
|move|p1a: लाठ साहब|Flamethrower|p2a: Donphan
|-damage|p2a: Donphan|20/100 psn
|
|-heal|p2a: Donphan|26/100 psn|[from] item: Leftovers
|-damage|p2a: Donphan|14/100 psn|[from] psn
|upkeep
|turn|30
|
|t:|1778515623
|move|p2a: Donphan|Rapid Spin|p1a: लाठ साहब
|-damage|p1a: लाठ साहब|76/100
|-boost|p2a: Donphan|spe|1
|-damage|p2a: Donphan|0 fnt|[from] item: Rocky Helmet|[of] p1a: लाठ साहब
|faint|p2a: Donphan
|move|p1a: लाठ साहब|Flamethrower|p2: Donphan|[notarget]
|-fail|p1a: लाठ साहब
|
|upkeep
|
|t:|1778515633
|switch|p2a: Ribombee|Ribombee, M|12/100
|turn|31
|
|t:|1778515639
|move|p2a: Ribombee|Trick|p1a: लाठ साहब
|-activate|p2a: Ribombee|move: Trick|[of] p1a: लाठ साहब
|-item|p1a: लाठ साहब|Choice Scarf|[from] move: Trick
|-item|p2a: Ribombee|Rocky Helmet|[from] move: Trick
|move|p1a: लाठ साहब|Flamethrower|p2a: Ribombee
|-supereffective|p2a: Ribombee
|-damage|p2a: Ribombee|0 fnt
|faint|p2a: Ribombee
|
|upkeep
|
|t:|1778515648
|switch|p2a: Metagross|Metagross|85/100
|turn|32
|
|t:|1778515651
|move|p2a: Metagross|Psychic Fangs|p1a: लाठ साहब
|-damage|p1a: लाठ साहब|44/100
|move|p1a: लाठ साहब|Flamethrower|p2a: Metagross
|-supereffective|p2a: Metagross
|-damage|p2a: Metagross|18/100
|-enditem|p2a: Metagross|Weakness Policy
|-boost|p2a: Metagross|atk|2|[from] item: Weakness Policy
|-boost|p2a: Metagross|spa|2|[from] item: Weakness Policy
|
|upkeep
|turn|33
|
|t:|1778515659
|move|p2a: Metagross|Psychic Fangs|p1a: लाठ साहब
|-damage|p1a: लाठ साहब|0 fnt
|faint|p1a: लाठ साहब
|
|upkeep
|
|t:|1778515662
|switch|p1a: लसलस|Goodra, F|100/100
|-damage|p1a: लसलस|88/100|[from] Stealth Rock
|turn|34
|
|t:|1778515668
|move|p1a: लसलस|Thunder|p2a: Metagross
|-damage|p2a: Metagross|0 fnt
|faint|p2a: Metagross
|
|win|baakrisht
|raw|baakrisht's rating: 1232 &rarr; <strong>1258</strong><br />(+26 for winning)
|raw|pontinhu's rating: 1244 &rarr; <strong>1218</strong><br />(-26 for losing)
|l|☆baakrisht
|player|p1|
