|html|<div class="broadcast-blue"><strong>[Gen 9] OU is currently suspecting Volcarona! For information on how to participate check out the <a href="https://www.smogon.com/tools/suspects/view/208">suspect thread</a>.</strong></div>
|j|☆Billythekid95
|j|☆eggyhvevo
|t:|1778517162
|gametype|singles
|player|p1|Billythekid95|1|1564
|player|p2|eggyhvevo|lillie-masters|1669
|gen|9
|tier|[Gen 9] OU
|rated|
|rule|HP Percentage Mod: HP is shown in percentages
|rule|Endless Battle Clause: Forcing endless battles is banned
|rule|Species Clause: Limit one of each Pokémon
|rule|OHKO Clause: OHKO moves are banned
|rule|Evasion Items Clause: Evasion items are banned
|rule|Evasion Moves Clause: Evasion moves are banned
|rule|Evasion Abilities Clause: Evasion abilities are banned
|rule|Sleep Moves Clause: Sleep-inducing moves are banned
|clearpoke
|poke|p1|Cinderace, F|
|poke|p1|Enamorus, F|
|poke|p1|Serperior, M|
|poke|p1|Empoleon, F|
|poke|p1|Kingambit, F|
|poke|p1|Ribombee, M|
|poke|p2|Slowking-Galar, M|
|poke|p2|Great Tusk|
|poke|p2|Kyurem|
|poke|p2|Kingambit, F|
|poke|p2|Cinderace, M|
|poke|p2|Zapdos|
|teampreview
|
|t:|1778517204
|teamsize|p1|6
|teamsize|p2|6
|start
|switch|p1a: Ribombee|Ribombee, M|100/100
|switch|p2a: Slowking|Slowking-Galar, M|100/100
|turn|1
|
|t:|1778517244
|move|p1a: Ribombee|Sticky Web|p2a: Slowking
|-sidestart|p2: eggyhvevo|move: Sticky Web
|move|p2a: Slowking|Sludge Bomb|p1a: Ribombee
|-supereffective|p1a: Ribombee
|-damage|p1a: Ribombee|6/100
|
|upkeep
|turn|2
|
|t:|1778517263
|switch|p1a: Cinderace|Cinderace, F|100/100
|move|p2a: Slowking|Sludge Bomb|p1a: Cinderace
|-damage|p1a: Cinderace|58/100
|
|upkeep
|turn|3
|
|t:|1778517284
|switch|p2a: Cinderace|Cinderace, M|100/100
|move|p1a: Cinderace|Court Change|p1a: Cinderace
|-swapsideconditions
|-activate|p1a: Cinderace|move: Court Change
|
|upkeep
|turn|4
|
|t:|1778517289
|move|p2a: Cinderace|Court Change|p2a: Cinderace
|-swapsideconditions
|-activate|p2a: Cinderace|move: Court Change
|move|p1a: Cinderace|Pyro Ball|p2a: Cinderace
|-resisted|p2a: Cinderace
|-damage|p2a: Cinderace|72/100
|
|upkeep
|turn|5
|
|t:|1778517294
|move|p1a: Cinderace|Court Change|p1a: Cinderace
|-swapsideconditions
|-activate|p1a: Cinderace|move: Court Change
|move|p2a: Cinderace|Pyro Ball|p1a: Cinderace
|-resisted|p1a: Cinderace
|-damage|p1a: Cinderace|27/100
|
|upkeep
|turn|6
|
|t:|1778517301
|move|p2a: Cinderace|Court Change|p2a: Cinderace
|-swapsideconditions
|-activate|p2a: Cinderace|move: Court Change
|move|p1a: Cinderace|U-turn|p2a: Cinderace
|-resisted|p2a: Cinderace
|-damage|p2a: Cinderace|60/100
|
|t:|1778517318
|switch|p1a: Ribombee|Ribombee, M|6/100|[from] U-turn
|
|upkeep
|turn|7
|inactive|Battle timer is ON: inactive players will automatically lose when time's up. (requested by Billythekid95)
|
|t:|1778517324
|move|p1a: Ribombee|Stun Spore|p2a: Cinderace
|-status|p2a: Cinderace|par
|move|p2a: Cinderace|Pyro Ball|p1a: Ribombee|[miss]
|-miss|p2a: Cinderace|p1a: Ribombee
|
|upkeep
|turn|8
|
|t:|1778517337
|move|p1a: Ribombee|Moonblast|p2a: Cinderace
|-resisted|p2a: Cinderace
|-damage|p2a: Cinderace|41/100 par
|move|p2a: Cinderace|U-turn|p1a: Ribombee
|-resisted|p1a: Ribombee
|-damage|p1a: Ribombee|0 fnt
|faint|p1a: Ribombee
|
|t:|1778517345
|switch|p2a: Zapdos|Zapdos, shiny|100/100|[from] U-turn
|
|upkeep
|
|t:|1778517349
|switch|p1a: Cinderace|Cinderace, F|27/100
|turn|9
|inactive|eggyhvevo has 120 seconds left.
|
|t:|1778517399
|move|p1a: Cinderace|Court Change|p1a: Cinderace
|-swapsideconditions
|-activate|p1a: Cinderace|move: Court Change
|move|p2a: Zapdos|Volt Switch|p1a: Cinderace
|-damage|p1a: Cinderace|0 fnt
|faint|p1a: Cinderace
|
|t:|1778517400
|switch|p2a: Great Tusk|Great Tusk|100/100|[from] Volt Switch
|
|upkeep
|
|t:|1778517407
|switch|p1a: Serperior|Serperior, M|100/100
|-activate|p1a: Serperior|move: Sticky Web
|-boost|p1a: Serperior|spe|1
|turn|10
|inactive|eggyhvevo has 120 seconds left.
|
|t:|1778517428
|-end|p2a: Great Tusk|Protosynthesis|[silent]
|switch|p2a: Kingambit|Kingambit, F|100/100
|move|p1a: Serperior|Leaf Storm|p2a: Kingambit
|-resisted|p2a: Kingambit
|-damage|p2a: Kingambit|77/100
|-boost|p1a: Serperior|spa|2
|
|-heal|p2a: Kingambit|83/100|[from] item: Leftovers
|upkeep
|turn|11
|
|t:|1778517436
|move|p1a: Serperior|Glare|p2a: Kingambit
|-status|p2a: Kingambit|par
|move|p2a: Kingambit|Kowtow Cleave|p1a: Serperior
|-damage|p1a: Serperior|38/100
|
|-heal|p1a: Serperior|44/100|[from] item: Leftovers
|-heal|p2a: Kingambit|89/100 par|[from] item: Leftovers
|upkeep
|turn|12
|inactive|eggyhvevo has 120 seconds left.
|
|t:|1778517457
|move|p1a: Serperior|Substitute|p1a: Serperior
|-start|p1a: Serperior|Substitute
|-damage|p1a: Serperior|19/100
|move|p2a: Kingambit|Kowtow Cleave|p1a: Serperior
|-end|p1a: Serperior|Substitute
|
|-heal|p1a: Serperior|25/100|[from] item: Leftovers
|-heal|p2a: Kingambit|95/100 par|[from] item: Leftovers
|upkeep
|turn|13
|
|t:|1778517464
|move|p1a: Serperior|Leaf Storm|p2a: Kingambit
|-resisted|p2a: Kingambit
|-damage|p2a: Kingambit|51/100 par
|-boost|p1a: Serperior|spa|2
|move|p2a: Kingambit|Kowtow Cleave|p1a: Serperior
|-damage|p1a: Serperior|0 fnt
|faint|p1a: Serperior
|
|-heal|p2a: Kingambit|57/100 par|[from] item: Leftovers
|upkeep
|
|t:|1778517474
|switch|p1a: Enamorus|Enamorus, F|100/100
|turn|14
|inactive|eggyhvevo has 120 seconds left.
|
|t:|1778517510
|move|p1a: Enamorus|Superpower|p2a: Kingambit
|-supereffective|p2a: Kingambit
|-damage|p2a: Kingambit|0 fnt
|-boost|p1a: Enamorus|atk|1
|-boost|p1a: Enamorus|def|1
|faint|p2a: Kingambit
|-end|p2a: Kingambit|fallenundefined|[silent]
|
|upkeep
|
|t:|1778517513
|switch|p2a: Slowking|Slowking-Galar, M|100/100
|turn|15
|
|t:|1778517518
|move|p1a: Enamorus|Iron Head|p2a: Slowking
|-damage|p2a: Slowking|61/100
|move|p2a: Slowking|Thunder Wave|p1a: Enamorus
|-status|p1a: Enamorus|par
|
|upkeep
|turn|16
|
|t:|1778517524
|move|p1a: Enamorus|Superpower|p2a: Slowking
|-resisted|p2a: Slowking
|-damage|p2a: Slowking|45/100
|-boost|p1a: Enamorus|atk|1
|-boost|p1a: Enamorus|def|1
|move|p2a: Slowking|Sludge Bomb|p1a: Enamorus
|-supereffective|p1a: Enamorus
|-damage|p1a: Enamorus|36/100 par
|
|upkeep
|turn|17
|inactive|eggyhvevo has 120 seconds left.
|
|t:|1778517545
|switch|p2a: Zapdos|Zapdos, shiny|100/100
|cant|p1a: Enamorus|par
|
|upkeep
|turn|18
|
|t:|1778517549
|move|p2a: Zapdos|Volt Switch|p1a: Enamorus
|-supereffective|p1a: Enamorus
|-damage|p1a: Enamorus|0 fnt
|faint|p1a: Enamorus
|
|t:|1778517557
|switch|p2a: Great Tusk|Great Tusk|100/100|[from] Volt Switch
|
|upkeep
|
|t:|1778517560
|switch|p1a: Empoleon|Empoleon, F|100/100
|-activate|p1a: Empoleon|move: Sticky Web
|-unboost|p1a: Empoleon|spe|1
|-ability|p1a: Empoleon|Competitive|boost
|-boost|p1a: Empoleon|spa|2
|turn|19
|
|t:|1778517566
|-end|p2a: Great Tusk|Protosynthesis|[silent]
|switch|p2a: Cinderace|Cinderace, M|41/100 par
|-terastallize|p1a: Empoleon|Water
|move|p1a: Empoleon|Surf|p2a: Cinderace
|-supereffective|p2a: Cinderace
|-damage|p2a: Cinderace|0 fnt
|faint|p2a: Cinderace
|
|upkeep
|
|t:|1778517571
|switch|p2a: Kyurem|Kyurem|100/100
|-ability|p2a: Kyurem|Pressure
|turn|20
|
|t:|1778517577
|-terastallize|p2a: Kyurem|Ice
|move|p2a: Kyurem|Freeze-Dry|p1a: Empoleon
|-supereffective|p1a: Empoleon
|-damage|p1a: Empoleon|19/100
|move|p1a: Empoleon|Flash Cannon|p2a: Kyurem
|-supereffective|p2a: Kyurem
|-damage|p2a: Kyurem|0 fnt
|faint|p2a: Kyurem
|
|upkeep
|
|t:|1778517595
|switch|p2a: Great Tusk|Great Tusk|100/100
|turn|21
|
|t:|1778517598
|move|p1a: Empoleon|Vacuum Wave|p2a: Great Tusk
|-crit|p2a: Great Tusk
|-damage|p2a: Great Tusk|42/100
|move|p2a: Great Tusk|Headlong Rush|p1a: Empoleon
|-damage|p1a: Empoleon|0 fnt
|-unboost|p2a: Great Tusk|def|1
|-unboost|p2a: Great Tusk|spd|1
|faint|p1a: Empoleon
|
|upkeep
|
|t:|1778517605
|switch|p1a: Kingambit|Kingambit, F|100/100
|-activate|p1a: Kingambit|move: Sticky Web
|-unboost|p1a: Kingambit|spe|1
|-ability|p1a: Kingambit|Defiant|boost
|-boost|p1a: Kingambit|atk|2
|turn|22
|
|t:|1778517618
|-end|p2a: Great Tusk|Protosynthesis|[silent]
|switch|p2a: Zapdos|Zapdos, shiny|100/100
|move|p1a: Kingambit|Kowtow Cleave|p2a: Zapdos
|-damage|p2a: Zapdos|28/100
|
|upkeep
|turn|23
|
|t:|1778517624
|move|p2a: Zapdos|Heat Wave|p1a: Kingambit
|-supereffective|p1a: Kingambit
|-damage|p1a: Kingambit|64/100
|move|p1a: Kingambit|Kowtow Cleave|p2a: Zapdos
|-damage|p2a: Zapdos|0 fnt
|faint|p2a: Zapdos
|
|upkeep
|
|t:|1778517626
|switch|p2a: Great Tusk|Great Tusk|42/100
|turn|24
|
|t:|1778517632
|move|p1a: Kingambit|Sucker Punch|p2a: Great Tusk
|-resisted|p2a: Great Tusk
|-damage|p2a: Great Tusk|13/100
|move|p2a: Great Tusk|Headlong Rush|p1a: Kingambit
|-supereffective|p1a: Kingambit
|-damage|p1a: Kingambit|0 fnt
|-unboost|p2a: Great Tusk|def|1
|-unboost|p2a: Great Tusk|spd|1
|faint|p1a: Kingambit
|
|win|eggyhvevo
|raw|Billythekid95's rating: 1564 &rarr; <strong>1550</strong><br />(-14 for losing)
|raw|eggyhvevo's rating: 1669 &rarr; <strong>1683</strong><br />(+14 for winning)
|l|☆eggyhvevo
|player|p2|
|l|☆Billythekid95
|player|p1|
