|html|<div class="broadcast-blue"><strong>[Gen 9] OU is currently suspecting Tera Blast! For information on how to participate check out the <a href="https://www.smogon.com/tools/suspects/view/200">suspect thread</a>.</strong></div>
|j|☆ramoncombats95
|j|☆bigdumpie
|t:|1776204733
|gametype|singles
|player|p1|ramoncombats95|benga|1278
|player|p2|bigdumpie|169|1239
|gen|9
|tier|[Gen 9] OU
|rated|
|rule|HP Percentage Mod: HP is shown in percentages
|rule|Endless Battle Clause: Forcing endless battles is banned
|rule|Species Clause: Limit one of each Pokémon
|rule|OHKO Clause: OHKO moves are banned
|rule|Evasion Items Clause: Evasion items are banned
|rule|Evasion Moves Clause: Evasion moves are banned
|rule|Evasion Abilities Clause: Evasion abilities are banned
|rule|Sleep Moves Clause: Sleep-inducing moves are banned
|clearpoke
|poke|p1|Milotic, M|
|poke|p1|Lokix, M|
|poke|p1|Gliscor, F|
|poke|p1|Corviknight, F|
|poke|p1|Eelektross, F|
|poke|p1|Mienshao, M|
|poke|p2|Ninetales-Alola, F|
|poke|p2|Glaceon, M|
|poke|p2|Glastrier|
|poke|p2|Dragapult, M|
|poke|p2|Iron Hands|
|poke|p2|Glimmora, M|
|teampreview
|
|t:|1776204753
|teamsize|p1|6
|teamsize|p2|6
|start
|switch|p1a: Mienshao|Mienshao, M, shiny|100/100
|switch|p2a: Sleet|Ninetales-Alola, F, shiny|100/100
|-weather|Snowscape|[from] ability: Snow Warning|[of] p2a: Sleet
|turn|1
|
|t:|1776204763
|move|p1a: Mienshao|Close Combat|p2a: Sleet
|-damage|p2a: Sleet|29/100
|-unboost|p1a: Mienshao|def|1
|-unboost|p1a: Mienshao|spd|1
|move|p2a: Sleet|Aurora Veil|p2a: Sleet
|-sidestart|p2: bigdumpie|move: Aurora Veil
|
|-weather|Snowscape|[upkeep]
|upkeep
|turn|2
|
|t:|1776204788
|switch|p2a: Sheet|Glastrier|100/100
|move|p1a: Mienshao|Close Combat|p2a: Sheet
|-supereffective|p2a: Sheet
|-damage|p2a: Sheet|65/100
|-unboost|p1a: Mienshao|def|1
|-unboost|p1a: Mienshao|spd|1
|
|-weather|Snowscape|[upkeep]
|upkeep
|turn|3
|
|t:|1776204806
|switch|p2a: Skreet|Dragapult, M|100/100
|move|p1a: Mienshao|Close Combat|p2a: Skreet
|-immune|p2a: Skreet
|
|-weather|Snowscape|[upkeep]
|upkeep
|turn|4
|
|t:|1776204814
|switch|p1a: Milotic|Milotic, M, shiny|100/100
|move|p2a: Skreet|Thunder Wave|p1a: Milotic
|-status|p1a: Milotic|par
|
|-weather|Snowscape|[upkeep]
|upkeep
|turn|5
|
|t:|1776204822
|move|p2a: Skreet|Hex|p1a: Milotic
|-damage|p1a: Milotic|67/100 par
|cant|p1a: Milotic|par
|
|-weather|Snowscape|[upkeep]
|-heal|p1a: Milotic|73/100 par|[from] item: Leftovers
|-sideend|p2: bigdumpie|move: Aurora Veil
|upkeep
|turn|6
|
|t:|1776204835
|move|p2a: Skreet|U-turn|p1a: Milotic
|-damage|p1a: Milotic|54/100 par
|
|t:|1776204839
|switch|p2a: Yeet|Glimmora, M, shiny|100/100|[from] U-turn
|move|p1a: Milotic|Ice Beam|p2a: Yeet
|-damage|p2a: Yeet|79/100
|-enditem|p2a: Yeet|Red Card|[of] p1a: Milotic
|drag|p1a: Mienshao|Mienshao, M, shiny|100/100
|
|-weather|Snowscape|[upkeep]
|upkeep
|turn|7
|
|t:|1776204858
|-terastallize|p2a: Yeet|Ghost
|move|p1a: Mienshao|Close Combat|p2a: Yeet
|-immune|p2a: Yeet
|move|p2a: Yeet|Stealth Rock|p1a: Mienshao
|-sidestart|p1: ramoncombats95|move: Stealth Rock
|
|-weather|Snowscape|[upkeep]
|upkeep
|turn|8
|
|t:|1776204869
|switch|p1a: Gliscor|Gliscor, F, shiny|100/100
|-damage|p1a: Gliscor|88/100|[from] Stealth Rock
|move|p2a: Yeet|Spikes|p1a: Gliscor
|-sidestart|p1: ramoncombats95|Spikes
|
|-weather|none
|-status|p1a: Gliscor|tox|[from] item: Toxic Orb
|upkeep
|turn|9
|
|t:|1776204891
|move|p1a: Gliscor|Earthquake|p2a: Yeet
|-damage|p2a: Yeet|44/100
|-activate|p2a: Yeet|ability: Toxic Debris
|-sidestart|p1: ramoncombats95|move: Toxic Spikes
|move|p2a: Yeet|Spikes|p1a: Gliscor
|-sidestart|p1: ramoncombats95|Spikes
|
|-heal|p1a: Gliscor|100/100 tox|[from] ability: Poison Heal
|upkeep
|turn|10
|
|t:|1776204908
|move|p1a: Gliscor|Toxic|p2a: Yeet
|-status|p2a: Yeet|tox
|move|p2a: Yeet|Spikes|p1a: Gliscor
|-sidestart|p1: ramoncombats95|Spikes
|
|-damage|p2a: Yeet|38/100 tox|[from] psn
|upkeep
|turn|11
|
|t:|1776204924
|move|p1a: Gliscor|Stealth Rock|p2a: Yeet
|-sidestart|p2: bigdumpie|move: Stealth Rock
|move|p2a: Yeet|Mortal Spin|p1a: Gliscor
|-resisted|p1a: Gliscor
|-damage|p1a: Gliscor|99/100 tox
|-sideend|p2: bigdumpie|Stealth Rock|[from] move: Mortal Spin|[of] p2a: Yeet
|
|-heal|p1a: Gliscor|100/100 tox|[from] ability: Poison Heal
|-damage|p2a: Yeet|25/100 tox|[from] psn
|upkeep
|turn|12
|
|t:|1776204943
|switch|p2a: Skreet|Dragapult, M|100/100
|move|p1a: Gliscor|Earthquake|p2a: Skreet
|-damage|p2a: Skreet|43/100
|
|upkeep
|turn|13
|
|t:|1776204958
|move|p2a: Skreet|Hex|p1a: Gliscor
|-damage|p1a: Gliscor|42/100 tox
|move|p1a: Gliscor|Toxic|p2a: Skreet
|-status|p2a: Skreet|tox
|
|-damage|p2a: Skreet|37/100 tox|[from] psn
|-heal|p1a: Gliscor|54/100 tox|[from] ability: Poison Heal
|upkeep
|turn|14
|
|t:|1776204966
|move|p1a: Gliscor|Protect|p1a: Gliscor
|-singleturn|p1a: Gliscor|Protect
|move|p2a: Skreet|Hex|p1a: Gliscor
|-activate|p1a: Gliscor|move: Protect
|
|-damage|p2a: Skreet|25/100 tox|[from] psn
|-heal|p1a: Gliscor|67/100 tox|[from] ability: Poison Heal
|upkeep
|turn|15
|
|t:|1776204974
|move|p2a: Skreet|Hex|p1a: Gliscor
|-crit|p1a: Gliscor
|-damage|p1a: Gliscor|0 fnt
|faint|p1a: Gliscor
|
|-damage|p2a: Skreet|7/100 tox|[from] psn
|upkeep
|
|t:|1776204978
|switch|p1a: Corviknight|Corviknight, F, shiny|100/100
|-damage|p1a: Corviknight|88/100|[from] Stealth Rock
|turn|16
|
|t:|1776204986
|move|p2a: Skreet|Thunder Wave|p1a: Corviknight
|-status|p1a: Corviknight|par
|move|p1a: Corviknight|Defog|p2a: Skreet
|-unboost|p2a: Skreet|evasion|1
|-sideend|p1: ramoncombats95|Spikes|[from] move: Defog|[of] p1a: Corviknight
|-sideend|p1: ramoncombats95|Toxic Spikes|[from] move: Defog|[of] p1a: Corviknight
|-sideend|p1: ramoncombats95|Stealth Rock|[from] move: Defog|[of] p1a: Corviknight
|
|-damage|p2a: Skreet|0 fnt|[from] psn
|faint|p2a: Skreet
|upkeep
|
|t:|1776204995
|switch|p2a: Sleet|Ninetales-Alola, F, shiny|29/100
|-weather|Snowscape|[from] ability: Snow Warning|[of] p2a: Sleet
|turn|17
|
|t:|1776205007
|move|p2a: Sleet|Blizzard|p1a: Corviknight
|-damage|p1a: Corviknight|47/100 par
|cant|p1a: Corviknight|par
|
|-weather|Snowscape|[upkeep]
|upkeep
|turn|18
|
|t:|1776205026
|move|p2a: Sleet|Aurora Veil|p2a: Sleet
|-sidestart|p2: bigdumpie|move: Aurora Veil
|move|p1a: Corviknight|Roost|p1a: Corviknight
|-heal|p1a: Corviknight|97/100 par
|-singleturn|p1a: Corviknight|move: Roost
|
|-weather|Snowscape|[upkeep]
|upkeep
|turn|19
|
|t:|1776205032
|move|p2a: Sleet|Encore|p1a: Corviknight
|-start|p1a: Corviknight|Encore
|cant|p1a: Corviknight|par
|
|-weather|Snowscape|[upkeep]
|upkeep
|turn|20
|
|t:|1776205042
|switch|p2a: Skeet|Iron Hands|100/100
|switch|p1a: Milotic|Milotic, M, shiny|54/100 par
|
|-weather|Snowscape|[upkeep]
|-heal|p1a: Milotic|61/100 par|[from] item: Leftovers
|upkeep
|turn|21
|
|t:|1776205052
|move|p2a: Skeet|Swords Dance|p2a: Skeet
|-boost|p2a: Skeet|atk|2
|move|p1a: Milotic|Scald|p2a: Skeet
|-damage|p2a: Skeet|83/100
|-status|p2a: Skeet|brn
|
|-weather|Snowscape|[upkeep]
|-heal|p1a: Milotic|67/100 par|[from] item: Leftovers
|-damage|p2a: Skeet|77/100 brn|[from] brn
|upkeep
|turn|22
|
|t:|1776205062
|move|p2a: Skeet|Swords Dance|p2a: Skeet
|-boost|p2a: Skeet|atk|2
|move|p1a: Milotic|Recover|p1a: Milotic
|-heal|p1a: Milotic|100/100 par
|
|-weather|Snowscape|[upkeep]
|-damage|p2a: Skeet|71/100 brn|[from] brn
|-sideend|p2: bigdumpie|move: Aurora Veil
|upkeep
|turn|23
|
|t:|1776205084
|move|p2a: Skeet|Drain Punch|p1a: Milotic
|-damage|p1a: Milotic|28/100 par
|-heal|p2a: Skeet|97/100 brn|[from] drain|[of] p1a: Milotic
|move|p1a: Milotic|Scald|p2a: Skeet
|-damage|p2a: Skeet|63/100 brn
|
|-weather|Snowscape|[upkeep]
|-heal|p1a: Milotic|35/100 par|[from] item: Leftovers
|-damage|p2a: Skeet|57/100 brn|[from] brn
|upkeep
|turn|24
|
|t:|1776205095
|move|p2a: Skeet|Drain Punch|p1a: Milotic
|-damage|p1a: Milotic|0 fnt
|-heal|p2a: Skeet|69/100 brn|[from] drain|[of] p1a: Milotic
|faint|p1a: Milotic
|
|-weather|none
|-damage|p2a: Skeet|63/100 brn|[from] brn
|upkeep
|
|t:|1776205105
|switch|p1a: Lokix|Lokix, M, shiny|100/100
|turn|25
|
|t:|1776205114
|move|p1a: Lokix|Knock Off|p2a: Skeet
|-resisted|p2a: Skeet
|-damage|p2a: Skeet|28/100 brn
|-enditem|p2a: Skeet|Heavy-Duty Boots|[from] move: Knock Off|[of] p1a: Lokix
|-damage|p1a: Lokix|91/100|[from] item: Life Orb
|move|p2a: Skeet|Drain Punch|p1a: Lokix
|-damage|p1a: Lokix|0 fnt
|-heal|p2a: Skeet|54/100 brn|[from] drain|[of] p1a: Lokix
|faint|p1a: Lokix
|
|-damage|p2a: Skeet|48/100 brn|[from] brn
|upkeep
|
|t:|1776205121
|switch|p1a: Mienshao|Mienshao, M, shiny|100/100
|turn|26
|
|t:|1776205128
|move|p1a: Mienshao|Close Combat|p2a: Skeet
|-damage|p2a: Skeet|6/100 brn
|-unboost|p1a: Mienshao|def|1
|-unboost|p1a: Mienshao|spd|1
|move|p2a: Skeet|Drain Punch|p1a: Mienshao
|-damage|p1a: Mienshao|0 fnt
|-heal|p2a: Skeet|34/100 brn|[from] drain|[of] p1a: Mienshao
|faint|p1a: Mienshao
|
|-damage|p2a: Skeet|28/100 brn|[from] brn
|upkeep
|
|t:|1776205137
|switch|p1a: Eelektross|Eelektross, F, shiny|100/100
|turn|27
|-message|ramoncombats95 forfeited.
|
|win|bigdumpie
|raw|ramoncombats95's rating: 1294 &rarr; <strong>1265</strong><br />(-29 for losing)
|raw|bigdumpie's rating: 1239 &rarr; <strong>1268</strong><br />(+29 for winning)
|l|☆ramoncombats95
|player|p1|
