|html|<div class="broadcast-blue"><strong>[Gen 9] OU is currently suspecting Tera Blast! For information on how to participate check out the <a href="https://www.smogon.com/tools/suspects/view/200">suspect thread</a>.</strong></div>
|j|☆thebambi1234
|j|☆tokiwakano
|t:|1776138045
|gametype|singles
|player|p1|thebambi1234|blackbelt-gen4dp|1523
|player|p2|tokiwakano|acetrainerf|1582
|gen|9
|tier|[Gen 9] OU
|rated|
|rule|HP Percentage Mod: HP is shown in percentages
|rule|Endless Battle Clause: Forcing endless battles is banned
|rule|Species Clause: Limit one of each Pokémon
|rule|OHKO Clause: OHKO moves are banned
|rule|Evasion Items Clause: Evasion items are banned
|rule|Evasion Moves Clause: Evasion moves are banned
|rule|Evasion Abilities Clause: Evasion abilities are banned
|rule|Sleep Moves Clause: Sleep-inducing moves are banned
|clearpoke
|poke|p1|Gliscor, M|
|poke|p1|Dondozo, F|
|poke|p1|Corviknight, F|
|poke|p1|Blissey, F|
|poke|p1|Glimmora, F|
|poke|p1|Garganacl, F|
|poke|p2|Kyurem|
|poke|p2|Cinderace, F|
|poke|p2|Tornadus-Therian, M|
|poke|p2|Hatterene, F|
|poke|p2|Great Tusk|
|poke|p2|Kingambit, M|
|teampreview
|inactive|Battle timer is ON: inactive players will automatically lose when time's up. (requested by thebambi1234)
|
|t:|1776138058
|teamsize|p1|6
|teamsize|p2|6
|start
|switch|p1a: Garganacl|Garganacl, F|100/100
|switch|p2a: Tornadus|Tornadus-Therian, M|100/100
|turn|1
|
|t:|1776138068
|move|p2a: Tornadus|Knock Off|p1a: Garganacl
|-damage|p1a: Garganacl|87/100
|-enditem|p1a: Garganacl|Leftovers|[from] move: Knock Off|[of] p2a: Tornadus
|move|p1a: Garganacl|Salt Cure|p2a: Tornadus
|-supereffective|p2a: Tornadus
|-damage|p2a: Tornadus|69/100
|-start|p2a: Tornadus|Salt Cure
|
|-damage|p2a: Tornadus|57/100|[from] Salt Cure
|upkeep
|turn|2
|
|t:|1776138073
|move|p2a: Tornadus|U-turn|p1a: Garganacl
|-damage|p1a: Garganacl|77/100
|
|t:|1776138074
|switch|p2a: Hatterene|Hatterene, F|100/100|[from] U-turn
|move|p1a: Garganacl|Salt Cure|p2a: Hatterene
|-damage|p2a: Hatterene|89/100
|-start|p2a: Hatterene|Salt Cure
|
|-heal|p2a: Hatterene|95/100|[from] item: Leftovers
|-damage|p2a: Hatterene|83/100|[from] Salt Cure
|upkeep
|turn|3
|
|t:|1776138078
|move|p1a: Garganacl|Protect|p1a: Garganacl
|-singleturn|p1a: Garganacl|Protect
|move|p2a: Hatterene|Psychic Noise|p1a: Garganacl
|-activate|p1a: Garganacl|move: Protect
|
|-heal|p2a: Hatterene|89/100|[from] item: Leftovers
|-damage|p2a: Hatterene|77/100|[from] Salt Cure
|upkeep
|turn|4
|
|t:|1776138083
|switch|p1a: Blissey|Blissey, F|100/100
|move|p2a: Hatterene|Psychic Noise|p1a: Blissey
|-damage|p1a: Blissey|91/100
|-start|p1a: Blissey|move: Heal Block
|
|-heal|p2a: Hatterene|83/100|[from] item: Leftovers
|-damage|p2a: Hatterene|70/100|[from] Salt Cure
|upkeep
|turn|5
|
|t:|1776138086
|move|p1a: Blissey|Seismic Toss|p2a: Hatterene
|-damage|p2a: Hatterene|39/100
|move|p2a: Hatterene|Nuzzle|p1a: Blissey
|-damage|p1a: Blissey|83/100
|-status|p1a: Blissey|par
|
|-heal|p2a: Hatterene|45/100|[from] item: Leftovers
|-damage|p2a: Hatterene|32/100|[from] Salt Cure
|-end|p1a: Blissey|move: Heal Block
|upkeep
|turn|6
|
|t:|1776138093
|move|p2a: Hatterene|Pain Split|p1a: Blissey
|-sethp|p1a: Blissey|49/100 par|[from] move: Pain Split|[silent]
|-sethp|p2a: Hatterene|100/100|[from] move: Pain Split
|cant|p1a: Blissey|par
|
|-heal|p1a: Blissey|55/100 par|[from] item: Leftovers
|-damage|p2a: Hatterene|88/100|[from] Salt Cure
|upkeep
|turn|7
|
|t:|1776138097
|move|p2a: Hatterene|Psychic Noise|p1a: Blissey
|-damage|p1a: Blissey|45/100 par
|-start|p1a: Blissey|move: Heal Block
|cant|p1a: Blissey|move: Heal Block|Soft-Boiled
|
|-heal|p2a: Hatterene|94/100|[from] item: Leftovers
|-damage|p2a: Hatterene|82/100|[from] Salt Cure
|upkeep
|turn|8
|
|t:|1776138103
|switch|p2a: Great Tusk|Great Tusk|100/100
|-curestatus|p1a: Blissey|par|[from] ability: Natural Cure
|switch|p1a: Corviknight|Corviknight, F|100/100
|-ability|p1a: Corviknight|Pressure
|
|upkeep
|turn|9
|
|t:|1776138113
|move|p2a: Great Tusk|Stealth Rock|p1a: Corviknight
|-sidestart|p1: thebambi1234|move: Stealth Rock
|move|p1a: Corviknight|Body Press|p2a: Great Tusk
|-damage|p2a: Great Tusk|83/100
|-damage|p1a: Corviknight|84/100|[from] item: Rocky Helmet|[of] p2a: Great Tusk
|
|-heal|p1a: Corviknight|90/100|[from] item: Leftovers
|upkeep
|turn|10
|
|t:|1776138119
|-end|p2a: Great Tusk|Protosynthesis|[silent]
|switch|p2a: Kyurem|Kyurem|100/100
|-ability|p2a: Kyurem|Pressure
|move|p1a: Corviknight|Defog|p2a: Kyurem
|-unboost|p2a: Kyurem|evasion|1
|-sideend|p1: thebambi1234|Stealth Rock|[from] move: Defog|[of] p1a: Corviknight
|
|-heal|p1a: Corviknight|96/100|[from] item: Leftovers
|upkeep
|turn|11
|
|t:|1776138128
|move|p2a: Kyurem|Ice Beam|p1a: Corviknight
|-damage|p1a: Corviknight|26/100
|move|p1a: Corviknight|Body Press|p2a: Kyurem
|-supereffective|p2a: Kyurem
|-damage|p2a: Kyurem|52/100
|
|-heal|p1a: Corviknight|32/100|[from] item: Leftovers
|upkeep
|turn|12
|
|t:|1776138132
|switch|p1a: Blissey|Blissey, F|45/100
|move|p2a: Kyurem|Ice Beam|p1a: Blissey
|-damage|p1a: Blissey|25/100
|
|-heal|p1a: Blissey|32/100|[from] item: Leftovers
|upkeep
|turn|13
|
|t:|1776138136
|switch|p2a: Great Tusk|Great Tusk|83/100
|move|p1a: Blissey|Soft-Boiled|p1a: Blissey
|-heal|p1a: Blissey|82/100
|
|-heal|p1a: Blissey|88/100|[from] item: Leftovers
|upkeep
|turn|14
|
|t:|1776138142
|switch|p1a: Glimmora|Glimmora, F|100/100
|move|p2a: Great Tusk|Stealth Rock|p1a: Glimmora
|-sidestart|p1: thebambi1234|move: Stealth Rock
|
|upkeep
|turn|15
|
|t:|1776138146
|-terastallize|p1a: Glimmora|Flying
|move|p2a: Great Tusk|Headlong Rush|p1a: Glimmora
|-immune|p1a: Glimmora
|move|p1a: Glimmora|Mortal Spin|p2a: Great Tusk
|-resisted|p2a: Great Tusk
|-damage|p2a: Great Tusk|80/100
|-status|p2a: Great Tusk|psn
|-damage|p1a: Glimmora|84/100|[from] item: Rocky Helmet|[of] p2a: Great Tusk
|-sideend|p1: thebambi1234|Stealth Rock|[from] move: Mortal Spin|[of] p1a: Glimmora
|
|-heal|p1a: Glimmora|90/100|[from] item: Leftovers
|-damage|p2a: Great Tusk|68/100 psn|[from] psn
|upkeep
|turn|16
|
|t:|1776138152
|move|p2a: Great Tusk|Ice Spinner|p1a: Glimmora
|-supereffective|p1a: Glimmora
|-damage|p1a: Glimmora|59/100
|move|p1a: Glimmora|Stealth Rock|p2a: Great Tusk
|-sidestart|p2: tokiwakano|move: Stealth Rock
|
|-heal|p1a: Glimmora|66/100|[from] item: Leftovers
|-damage|p2a: Great Tusk|56/100 psn|[from] psn
|upkeep
|turn|17
|
|t:|1776138155
|move|p1a: Glimmora|Spiky Shield|p1a: Glimmora
|-singleturn|p1a: Glimmora|move: Protect
|move|p2a: Great Tusk|Rapid Spin|p1a: Glimmora
|-activate|p1a: Glimmora|move: Protect
|-damage|p2a: Great Tusk|43/100 psn|[from] Spiky Shield|[of] p1a: Glimmora
|
|-heal|p1a: Glimmora|72/100|[from] item: Leftovers
|-damage|p2a: Great Tusk|31/100 psn|[from] psn
|upkeep
|turn|18
|
|t:|1776138158
|move|p2a: Great Tusk|Rapid Spin|p1a: Glimmora
|-damage|p1a: Glimmora|62/100
|-boost|p2a: Great Tusk|spe|1
|-sideend|p2: tokiwakano|Stealth Rock|[from] move: Rapid Spin|[of] p2a: Great Tusk
|move|p1a: Glimmora|Mortal Spin|p2a: Great Tusk
|-resisted|p2a: Great Tusk
|-damage|p2a: Great Tusk|29/100 psn
|-damage|p1a: Glimmora|45/100|[from] item: Rocky Helmet|[of] p2a: Great Tusk
|
|-heal|p1a: Glimmora|52/100|[from] item: Leftovers
|-damage|p2a: Great Tusk|16/100 psn|[from] psn
|upkeep
|turn|19
|
|t:|1776138161
|move|p1a: Glimmora|Spiky Shield|p1a: Glimmora
|-singleturn|p1a: Glimmora|move: Protect
|move|p2a: Great Tusk|Stealth Rock|p1a: Glimmora
|-sidestart|p1: thebambi1234|move: Stealth Rock
|
|-heal|p1a: Glimmora|58/100|[from] item: Leftovers
|-damage|p2a: Great Tusk|4/100 psn|[from] psn
|upkeep
|turn|20
|
|t:|1776138166
|-end|p2a: Great Tusk|Protosynthesis|[silent]
|switch|p2a: Kingambit|Kingambit, M|100/100
|move|p1a: Glimmora|Stealth Rock|p2a: Kingambit
|-sidestart|p2: tokiwakano|move: Stealth Rock
|
|-heal|p1a: Glimmora|64/100|[from] item: Leftovers
|upkeep
|turn|21
|
|t:|1776138190
|move|p1a: Glimmora|Toxic|p2a: Kingambit
|-status|p2a: Kingambit|tox
|move|p2a: Kingambit|Swords Dance|p2a: Kingambit
|-boost|p2a: Kingambit|atk|2
|
|-heal|p1a: Glimmora|70/100|[from] item: Leftovers
|-damage|p2a: Kingambit|94/100 tox|[from] psn
|upkeep
|turn|22
|
|t:|1776138194
|move|p1a: Glimmora|Spiky Shield|p1a: Glimmora
|-singleturn|p1a: Glimmora|move: Protect
|move|p2a: Kingambit|Kowtow Cleave|p1a: Glimmora
|-activate|p1a: Glimmora|move: Protect
|-damage|p2a: Kingambit|82/100 tox|[from] Spiky Shield|[of] p1a: Glimmora
|
|-heal|p1a: Glimmora|76/100|[from] item: Leftovers
|-heal|p2a: Kingambit|88/100 tox|[from] item: Leftovers
|-damage|p2a: Kingambit|75/100 tox|[from] psn
|upkeep
|turn|23
|
|t:|1776138197
|switch|p1a: Dondozo|Dondozo, F|100/100
|-damage|p1a: Dondozo|88/100|[from] Stealth Rock
|move|p2a: Kingambit|Kowtow Cleave|p1a: Dondozo
|-damage|p1a: Dondozo|66/100
|
|-heal|p2a: Kingambit|82/100 tox|[from] item: Leftovers
|-heal|p1a: Dondozo|72/100|[from] item: Leftovers
|-damage|p2a: Kingambit|63/100 tox|[from] psn
|upkeep
|turn|24
|
|t:|1776138204
|-end|p2a: Kingambit|fallenundefined|[silent]
|switch|p2a: Hatterene|Hatterene, F|82/100
|-damage|p2a: Hatterene|70/100|[from] Stealth Rock
|move|p1a: Dondozo|Body Press|p2a: Hatterene
|-resisted|p2a: Hatterene
|-damage|p2a: Hatterene|64/100
|
|-heal|p2a: Hatterene|70/100|[from] item: Leftovers
|-heal|p1a: Dondozo|78/100|[from] item: Leftovers
|upkeep
|turn|25
|
|t:|1776138210
|switch|p1a: Blissey|Blissey, F|88/100
|-damage|p1a: Blissey|75/100|[from] Stealth Rock
|move|p2a: Hatterene|Psychic Noise|p1a: Blissey
|-damage|p1a: Blissey|66/100
|-start|p1a: Blissey|move: Heal Block
|
|-heal|p2a: Hatterene|76/100|[from] item: Leftovers
|upkeep
|turn|26
|
|t:|1776138216
|switch|p1a: Gliscor|Gliscor, M|100/100
|-damage|p1a: Gliscor|88/100|[from] Stealth Rock
|move|p2a: Hatterene|Nuzzle|p1a: Gliscor
|-immune|p1a: Gliscor
|
|-heal|p2a: Hatterene|82/100|[from] item: Leftovers
|-status|p1a: Gliscor|tox|[from] item: Toxic Orb
|upkeep
|turn|27
|
|t:|1776138219
|move|p1a: Gliscor|Knock Off|p2a: Hatterene
|-damage|p2a: Hatterene|62/100
|-enditem|p2a: Hatterene|Leftovers|[from] move: Knock Off|[of] p1a: Gliscor
|move|p2a: Hatterene|Psychic Noise|p1a: Gliscor
|-damage|p1a: Gliscor|47/100 tox
|-start|p1a: Gliscor|move: Heal Block
|
|upkeep
|turn|28
|
|t:|1776138223
|move|p1a: Gliscor|Protect|p1a: Gliscor
|-singleturn|p1a: Gliscor|Protect
|move|p2a: Hatterene|Psychic Noise|p1a: Gliscor
|-activate|p1a: Gliscor|move: Protect
|
|-end|p1a: Gliscor|move: Heal Block
|upkeep
|turn|29
|
|t:|1776138227
|switch|p1a: Blissey|Blissey, F|66/100
|-damage|p1a: Blissey|53/100|[from] Stealth Rock
|move|p2a: Hatterene|Psychic Noise|p1a: Blissey
|-damage|p1a: Blissey|44/100
|-start|p1a: Blissey|move: Heal Block
|
|upkeep
|turn|30
|
|t:|1776138235
|switch|p1a: Gliscor|Gliscor, M|47/100 tox
|-damage|p1a: Gliscor|34/100 tox|[from] Stealth Rock
|move|p2a: Hatterene|Nuzzle|p1a: Gliscor
|-immune|p1a: Gliscor
|
|-heal|p1a: Gliscor|47/100 tox|[from] ability: Poison Heal
|upkeep
|turn|31
|
|t:|1776138237
|move|p1a: Gliscor|Protect|p1a: Gliscor
|-singleturn|p1a: Gliscor|Protect
|move|p2a: Hatterene|Psychic Noise|p1a: Gliscor
|-activate|p1a: Gliscor|move: Protect
|
|-heal|p1a: Gliscor|59/100 tox|[from] ability: Poison Heal
|upkeep
|turn|32
|
|t:|1776138242
|move|p1a: Gliscor|Earthquake|p2a: Hatterene
|-damage|p2a: Hatterene|36/100
|move|p2a: Hatterene|Pain Split|p1a: Gliscor
|-sethp|p1a: Gliscor|46/100 tox|[from] move: Pain Split|[silent]
|-sethp|p2a: Hatterene|51/100|[from] move: Pain Split
|
|-heal|p1a: Gliscor|58/100 tox|[from] ability: Poison Heal
|upkeep
|turn|33
|
|t:|1776138256
|-terastallize|p2a: Hatterene|Flying
|move|p1a: Gliscor|Protect|p1a: Gliscor
|-singleturn|p1a: Gliscor|Protect
|move|p2a: Hatterene|Psychic Noise|p1a: Gliscor
|-activate|p1a: Gliscor|move: Protect
|
|-heal|p1a: Gliscor|71/100 tox|[from] ability: Poison Heal
|upkeep
|turn|34
|
|t:|1776138265
|switch|p1a: Glimmora|Glimmora, F, tera:Flying|76/100
|-damage|p1a: Glimmora|52/100|[from] Stealth Rock
|move|p2a: Hatterene|Draining Kiss|p1a: Glimmora
|-damage|p1a: Glimmora|27/100
|-heal|p2a: Hatterene|72/100|[from] drain|[of] p1a: Glimmora
|
|-heal|p1a: Glimmora|33/100|[from] item: Leftovers
|upkeep
|turn|35
|
|t:|1776138270
|switch|p2a: Kingambit|Kingambit, M|63/100 tox
|-damage|p2a: Kingambit|57/100 tox|[from] Stealth Rock
|move|p1a: Glimmora|Mortal Spin|p2a: Kingambit
|-immune|p2a: Kingambit
|
|-heal|p1a: Glimmora|39/100|[from] item: Leftovers
|-heal|p2a: Kingambit|63/100 tox|[from] item: Leftovers
|-damage|p2a: Kingambit|57/100 tox|[from] psn
|upkeep
|turn|36
|
|t:|1776138275
|move|p1a: Glimmora|Spiky Shield|p1a: Glimmora
|-singleturn|p1a: Glimmora|move: Protect
|move|p2a: Kingambit|Kowtow Cleave|p1a: Glimmora
|-activate|p1a: Glimmora|move: Protect
|-damage|p2a: Kingambit|44/100 tox|[from] Spiky Shield|[of] p1a: Glimmora
|
|-heal|p1a: Glimmora|46/100|[from] item: Leftovers
|-heal|p2a: Kingambit|50/100 tox|[from] item: Leftovers
|-damage|p2a: Kingambit|38/100 tox|[from] psn
|upkeep
|turn|37
|
|t:|1776138282
|switch|p1a: Dondozo|Dondozo, F|78/100
|-damage|p1a: Dondozo|66/100|[from] Stealth Rock
|move|p2a: Kingambit|Kowtow Cleave|p1a: Dondozo
|-damage|p1a: Dondozo|41/100
|
|-heal|p2a: Kingambit|44/100 tox|[from] item: Leftovers
|-heal|p1a: Dondozo|47/100|[from] item: Leftovers
|-damage|p2a: Kingambit|25/100 tox|[from] psn
|upkeep
|turn|38
|
|t:|1776138284
|move|p2a: Kingambit|Kowtow Cleave|p1a: Dondozo
|-damage|p1a: Dondozo|25/100
|move|p1a: Dondozo|Rest|p1a: Dondozo
|-status|p1a: Dondozo|slp|[from] move: Rest
|-heal|p1a: Dondozo|100/100 slp|[silent]
|
|-heal|p2a: Kingambit|32/100 tox|[from] item: Leftovers
|-damage|p2a: Kingambit|7/100 tox|[from] psn
|upkeep
|turn|39
|
|t:|1776138294
|-end|p2a: Kingambit|fallenundefined|[silent]
|switch|p2a: Kyurem|Kyurem|52/100
|-damage|p2a: Kyurem|27/100|[from] Stealth Rock
|-ability|p2a: Kyurem|Pressure
|cant|p1a: Dondozo|slp
|move|p1a: Dondozo|Sleep Talk|p1a: Dondozo
|move|p1a: Dondozo|Rest||[from] move: Sleep Talk|[still]
|-fail|p1a: Dondozo
|
|upkeep
|turn|40
|
|t:|1776138300
|move|p2a: Kyurem|Ice Beam|p1a: Dondozo
|-resisted|p1a: Dondozo
|-damage|p1a: Dondozo|69/100 slp
|cant|p1a: Dondozo|slp
|move|p1a: Dondozo|Sleep Talk|p1a: Dondozo
|move|p1a: Dondozo|Rest||[from] move: Sleep Talk|[still]
|-fail|p1a: Dondozo
|
|-heal|p1a: Dondozo|75/100 slp|[from] item: Leftovers
|upkeep
|turn|41
|
|t:|1776138307
|move|p2a: Kyurem|Ice Beam|p1a: Dondozo
|-resisted|p1a: Dondozo
|-damage|p1a: Dondozo|42/100 slp
|-curestatus|p1a: Dondozo|slp|[msg]
|move|p1a: Dondozo|Body Press|p2a: Kyurem
|-supereffective|p2a: Kyurem
|-damage|p2a: Kyurem|0 fnt
|faint|p2a: Kyurem
|
|-heal|p1a: Dondozo|48/100|[from] item: Leftovers
|upkeep
|
|t:|1776138311
|switch|p2a: Hatterene|Hatterene, F, tera:Flying|72/100
|-damage|p2a: Hatterene|48/100|[from] Stealth Rock
|turn|42
|
|t:|1776138317
|switch|p1a: Corviknight|Corviknight, F|32/100
|-damage|p1a: Corviknight|20/100|[from] Stealth Rock
|-ability|p1a: Corviknight|Pressure
|move|p2a: Hatterene|Psychic Noise|p1a: Corviknight
|-resisted|p1a: Corviknight
|-damage|p1a: Corviknight|2/100
|-start|p1a: Corviknight|move: Heal Block
|
|upkeep
|turn|43
|
|t:|1776138322
|move|p1a: Corviknight|Defog|p2a: Hatterene
|move|p2a: Hatterene|Defog|p1a: Corviknight|[from] ability: Magic Bounce
|-unboost|p1a: Corviknight|evasion|1
|-sideend|p1: thebambi1234|Stealth Rock|[from] move: Defog|[of] p2a: Hatterene
|-sideend|p2: tokiwakano|Stealth Rock|[from] move: Defog|[of] p2a: Hatterene
|move|p2a: Hatterene|Draining Kiss|p1a: Corviknight
|-resisted|p1a: Corviknight
|-damage|p1a: Corviknight|0 fnt
|-heal|p2a: Hatterene|49/100|[from] drain|[of] p1a: Corviknight
|faint|p1a: Corviknight
|
|upkeep
|
|t:|1776138333
|switch|p1a: Garganacl|Garganacl, F|77/100
|turn|44
|
|t:|1776138337
|move|p2a: Hatterene|Draining Kiss|p1a: Garganacl
|-damage|p1a: Garganacl|62/100
|-heal|p2a: Hatterene|63/100|[from] drain|[of] p1a: Garganacl
|move|p1a: Garganacl|Salt Cure|p2a: Hatterene
|-supereffective|p2a: Hatterene
|-damage|p2a: Hatterene|38/100
|-start|p2a: Hatterene|Salt Cure
|
|-damage|p2a: Hatterene|26/100|[from] Salt Cure
|upkeep
|turn|45
|
|t:|1776138341
|move|p1a: Garganacl|Protect|p1a: Garganacl
|-singleturn|p1a: Garganacl|Protect
|move|p2a: Hatterene|Pain Split|p1a: Garganacl
|-activate|p1a: Garganacl|move: Protect
|
|-damage|p2a: Hatterene|13/100|[from] Salt Cure
|upkeep
|turn|46
|
|t:|1776138349
|switch|p1a: Glimmora|Glimmora, F, tera:Flying|46/100
|move|p2a: Hatterene|Pain Split|p1a: Glimmora
|-sethp|p1a: Glimmora|29/100|[from] move: Pain Split|[silent]
|-sethp|p2a: Hatterene|33/100|[from] move: Pain Split
|
|-heal|p1a: Glimmora|35/100|[from] item: Leftovers
|-damage|p2a: Hatterene|21/100|[from] Salt Cure
|upkeep
|turn|47
|
|t:|1776138353
|switch|p2a: Cinderace|Cinderace, F|100/100
|move|p1a: Glimmora|Spiky Shield||[still]
|-fail|p1a: Glimmora
|
|-heal|p1a: Glimmora|41/100|[from] item: Leftovers
|upkeep
|turn|48
|
|t:|1776138357
|move|p1a: Glimmora|Spiky Shield|p1a: Glimmora
|-singleturn|p1a: Glimmora|move: Protect
|move|p2a: Cinderace|Pyro Ball|p1a: Glimmora
|-activate|p1a: Glimmora|move: Protect
|
|-heal|p1a: Glimmora|47/100|[from] item: Leftovers
|upkeep
|turn|49
|
|t:|1776138367
|move|p2a: Cinderace|Gunk Shot|p1a: Glimmora
|-start|p2a: Cinderace|typechange|Poison|[from] ability: Libero
|-damage|p1a: Glimmora|8/100
|-status|p1a: Glimmora|psn
|move|p1a: Glimmora|Toxic|p2a: Cinderace
|-status|p2a: Cinderace|tox
|
|-heal|p1a: Glimmora|15/100 psn|[from] item: Leftovers
|-damage|p2a: Cinderace|95/100 tox|[from] psn
|-damage|p1a: Glimmora|2/100 psn|[from] psn
|upkeep
|turn|50
|
|t:|1776138376
|move|p1a: Glimmora|Spiky Shield|p1a: Glimmora
|-singleturn|p1a: Glimmora|move: Protect
|move|p2a: Cinderace|Gunk Shot|p1a: Glimmora
|-activate|p1a: Glimmora|move: Protect
|
|-heal|p1a: Glimmora|8/100 psn|[from] item: Leftovers
|-damage|p2a: Cinderace|83/100 tox|[from] psn
|-damage|p1a: Glimmora|0 fnt|[from] psn
|faint|p1a: Glimmora
|upkeep
|
|t:|1776138382
|switch|p1a: Gliscor|Gliscor, M|71/100 tox
|turn|51
|
|t:|1776138388
|switch|p2a: Kingambit|Kingambit, M|7/100 tox
|-activate|p2a: Kingambit|ability: Supreme Overlord
|-start|p2a: Kingambit|fallen1|[silent]
|move|p1a: Gliscor|Knock Off|p2a: Kingambit
|-resisted|p2a: Kingambit
|-damage|p2a: Kingambit|0 fnt
|-enditem|p2a: Kingambit|Leftovers|[from] move: Knock Off|[of] p1a: Gliscor
|faint|p2a: Kingambit
|-end|p2a: Kingambit|fallen1|[silent]
|
|-heal|p1a: Gliscor|83/100 tox|[from] ability: Poison Heal
|upkeep
|
|t:|1776138390
|switch|p2a: Great Tusk|Great Tusk|4/100 psn
|turn|52
|
|t:|1776138397
|switch|p1a: Dondozo|Dondozo, F|48/100
|move|p2a: Great Tusk|Stealth Rock|p1a: Dondozo
|-sidestart|p1: thebambi1234|move: Stealth Rock
|
|-heal|p1a: Dondozo|54/100|[from] item: Leftovers
|-damage|p2a: Great Tusk|0 fnt|[from] psn
|faint|p2a: Great Tusk
|-end|p2a: Great Tusk|Protosynthesis|[silent]
|upkeep
|
|t:|1776138401
|switch|p2a: Hatterene|Hatterene, F, tera:Flying|21/100
|turn|53
|
|t:|1776138409
|move|p2a: Hatterene|Pain Split|p1a: Dondozo
|-sethp|p1a: Dondozo|34/100|[from] move: Pain Split|[silent]
|-sethp|p2a: Hatterene|53/100|[from] move: Pain Split
|move|p1a: Dondozo|Wave Crash|p2a: Hatterene
|-damage|p2a: Hatterene|17/100
|-damage|p1a: Dondozo|26/100|[from] Recoil
|
|-heal|p1a: Dondozo|32/100|[from] item: Leftovers
|upkeep
|turn|54
|
|t:|1776138418
|move|p2a: Hatterene|Psychic Noise|p1a: Dondozo
|-damage|p1a: Dondozo|0 fnt
|faint|p1a: Dondozo
|
|upkeep
|
|t:|1776138435
|switch|p1a: Blissey|Blissey, F|44/100
|-damage|p1a: Blissey|31/100|[from] Stealth Rock
|turn|55
|
|t:|1776138440
|switch|p2a: Cinderace|Cinderace, F|83/100 tox
|move|p1a: Blissey|Soft-Boiled|p1a: Blissey
|-heal|p1a: Blissey|81/100
|
|-heal|p1a: Blissey|88/100|[from] item: Leftovers
|-damage|p2a: Cinderace|77/100 tox|[from] psn
|upkeep
|turn|56
|
|t:|1776138442
|switch|p1a: Gliscor|Gliscor, M|83/100 tox
|-damage|p1a: Gliscor|71/100 tox|[from] Stealth Rock
|move|p2a: Cinderace|Pyro Ball|p1a: Gliscor
|-damage|p1a: Gliscor|35/100 tox
|
|-damage|p2a: Cinderace|65/100 tox|[from] psn
|-heal|p1a: Gliscor|47/100 tox|[from] ability: Poison Heal
|upkeep
|turn|57
|
|t:|1776138450
|switch|p2a: Hatterene|Hatterene, F, tera:Flying|17/100
|move|p1a: Gliscor|Protect||[still]
|-fail|p1a: Gliscor
|
|-heal|p1a: Gliscor|60/100 tox|[from] ability: Poison Heal
|upkeep
|turn|58
|
|t:|1776138456
|move|p1a: Gliscor|Protect|p1a: Gliscor
|-singleturn|p1a: Gliscor|Protect
|move|p2a: Hatterene|Pain Split|p1a: Gliscor
|-activate|p1a: Gliscor|move: Protect
|
|-heal|p1a: Gliscor|72/100 tox|[from] ability: Poison Heal
|upkeep
|turn|59
|
|t:|1776138459
|switch|p1a: Garganacl|Garganacl, F|62/100
|-damage|p1a: Garganacl|50/100|[from] Stealth Rock
|move|p2a: Hatterene|Pain Split|p1a: Garganacl
|-sethp|p1a: Garganacl|32/100|[from] move: Pain Split|[silent]
|-sethp|p2a: Hatterene|40/100|[from] move: Pain Split
|
|upkeep
|turn|60
|
|t:|1776138470
|move|p2a: Hatterene|Psychic Noise|p1a: Garganacl
|-damage|p1a: Garganacl|8/100
|-start|p1a: Garganacl|move: Heal Block
|move|p1a: Garganacl|Salt Cure|p2a: Hatterene
|-supereffective|p2a: Hatterene
|-damage|p2a: Hatterene|15/100
|-start|p2a: Hatterene|Salt Cure
|
|-damage|p2a: Hatterene|3/100|[from] Salt Cure
|upkeep
|turn|61
|
|t:|1776138478
|switch|p2a: Tornadus|Tornadus-Therian, M|90/100
|move|p1a: Garganacl|Salt Cure|p2a: Tornadus
|-supereffective|p2a: Tornadus
|-damage|p2a: Tornadus|58/100
|-start|p2a: Tornadus|Salt Cure
|
|-damage|p2a: Tornadus|46/100|[from] Salt Cure
|-end|p1a: Garganacl|move: Heal Block
|upkeep
|turn|62
|
|t:|1776138481
|move|p1a: Garganacl|Protect|p1a: Garganacl
|-singleturn|p1a: Garganacl|Protect
|move|p2a: Tornadus|Bleakwind Storm|p1a: Garganacl
|-activate|p1a: Garganacl|move: Protect
|
|-damage|p2a: Tornadus|33/100|[from] Salt Cure
|upkeep
|turn|63
|
|t:|1776138485
|move|p2a: Tornadus|Bleakwind Storm|p1a: Garganacl
|-resisted|p1a: Garganacl
|-damage|p1a: Garganacl|0 fnt
|faint|p1a: Garganacl
|
|-damage|p2a: Tornadus|21/100|[from] Salt Cure
|upkeep
|
|t:|1776138493
|switch|p1a: Blissey|Blissey, F|88/100
|-damage|p1a: Blissey|75/100|[from] Stealth Rock
|turn|64
|
|t:|1776138496
|move|p2a: Tornadus|U-turn|p1a: Blissey
|-damage|p1a: Blissey|47/100
|
|t:|1776138498
|switch|p2a: Hatterene|Hatterene, F, tera:Flying|3/100|[from] U-turn
|move|p1a: Blissey|Seismic Toss|p2a: Hatterene
|-damage|p2a: Hatterene|0 fnt
|faint|p2a: Hatterene
|
|-heal|p1a: Blissey|53/100|[from] item: Leftovers
|upkeep
|
|t:|1776138499
|switch|p2a: Cinderace|Cinderace, F|65/100 tox
|turn|65
|
|t:|1776138506
|move|p2a: Cinderace|Pyro Ball|p1a: Blissey
|-crit|p1a: Blissey
|-damage|p1a: Blissey|0 fnt
|faint|p1a: Blissey
|
|-damage|p2a: Cinderace|59/100 tox|[from] psn
|upkeep
|
|t:|1776138508
|switch|p1a: Gliscor|Gliscor, M|72/100 tox
|-damage|p1a: Gliscor|60/100 tox|[from] Stealth Rock
|turn|66
|
|t:|1776138510
|move|p1a: Gliscor|Protect|p1a: Gliscor
|-singleturn|p1a: Gliscor|Protect
|move|p2a: Cinderace|Pyro Ball|p1a: Gliscor
|-activate|p1a: Gliscor|move: Protect
|
|-damage|p2a: Cinderace|47/100 tox|[from] psn
|-heal|p1a: Gliscor|72/100 tox|[from] ability: Poison Heal
|upkeep
|turn|67
|
|t:|1776138513
|move|p2a: Cinderace|Pyro Ball|p1a: Gliscor
|-damage|p1a: Gliscor|36/100 tox
|move|p1a: Gliscor|Earthquake|p2a: Cinderace
|-supereffective|p2a: Cinderace
|-damage|p2a: Cinderace|0 fnt
|faint|p2a: Cinderace
|
|-heal|p1a: Gliscor|48/100 tox|[from] ability: Poison Heal
|upkeep
|
|t:|1776138515
|switch|p2a: Tornadus|Tornadus-Therian, M|54/100
|turn|68
|
|t:|1776138517
|move|p1a: Gliscor|Protect|p1a: Gliscor
|-singleturn|p1a: Gliscor|Protect
|move|p2a: Tornadus|Bleakwind Storm|p1a: Gliscor
|-activate|p1a: Gliscor|move: Protect
|
|-heal|p1a: Gliscor|60/100 tox|[from] ability: Poison Heal
|upkeep
|turn|69
|
|t:|1776138520
|move|p2a: Tornadus|Bleakwind Storm|p1a: Gliscor
|-damage|p1a: Gliscor|14/100 tox
|-unboost|p1a: Gliscor|spe|1
|move|p1a: Gliscor|Toxic|p2a: Tornadus
|-status|p2a: Tornadus|tox
|
|-damage|p2a: Tornadus|48/100 tox|[from] psn
|-heal|p1a: Gliscor|27/100 tox|[from] ability: Poison Heal
|upkeep
|turn|70
|
|t:|1776138523
|move|p1a: Gliscor|Protect|p1a: Gliscor
|-singleturn|p1a: Gliscor|Protect
|move|p2a: Tornadus|Bleakwind Storm|p1a: Gliscor
|-activate|p1a: Gliscor|move: Protect
|
|-damage|p2a: Tornadus|36/100 tox|[from] psn
|-heal|p1a: Gliscor|39/100 tox|[from] ability: Poison Heal
|upkeep
|turn|71
|
|t:|1776138525
|move|p2a: Tornadus|Bleakwind Storm|p1a: Gliscor
|-crit|p1a: Gliscor
|-damage|p1a: Gliscor|0 fnt
|faint|p1a: Gliscor
|
|win|tokiwakano
|raw|thebambi1234's rating: 1523 &rarr; <strong>1506</strong><br />(-17 for losing)
|raw|tokiwakano's rating: 1582 &rarr; <strong>1599</strong><br />(+17 for winning)
