|html|<div class="broadcast-blue"><strong>[Gen 9] OU is currently suspecting Tera Blast! For information on how to participate check out the <a href="https://www.smogon.com/tools/suspects/view/200">suspect thread</a>.</strong></div>
|j|☆100860096tg
|j|☆zednedz
|t:|1776048502
|gametype|singles
|player|p1|100860096tg|lucas|1108
|player|p2|zednedz|rosa|1123
|gen|9
|tier|[Gen 9] OU
|rated|
|rule|HP Percentage Mod: HP is shown in percentages
|rule|Endless Battle Clause: Forcing endless battles is banned
|rule|Species Clause: Limit one of each Pokémon
|rule|OHKO Clause: OHKO moves are banned
|rule|Evasion Items Clause: Evasion items are banned
|rule|Evasion Moves Clause: Evasion moves are banned
|rule|Evasion Abilities Clause: Evasion abilities are banned
|rule|Sleep Moves Clause: Sleep-inducing moves are banned
|clearpoke
|poke|p1|Dragapult, F|
|poke|p1|Zamazenta-*|
|poke|p1|Talonflame, F|
|poke|p1|Meowscarada, M|
|poke|p1|Greninja-*, F|
|poke|p1|Iron Valiant|
|poke|p2|Cyclizar, M|
|poke|p2|Carbink|
|poke|p2|Dragonite, F|
|poke|p2|Maushold-Four|
|poke|p2|Minior|
|poke|p2|Glastrier|
|teampreview
|inactive|Battle timer is ON: inactive players will automatically lose when time's up. (requested by 100860096tg)
|
|t:|1776048507
|teamsize|p1|6
|teamsize|p2|6
|start
|switch|p1a: Dragapult|Dragapult, F|100/100
|switch|p2a: Cyclizar|Cyclizar, M|100/100
|turn|1
|
|t:|1776048512
|move|p1a: Dragapult|Dragon Pulse|p2a: Cyclizar
|-supereffective|p2a: Cyclizar
|-damage|p2a: Cyclizar|0 fnt
|faint|p2a: Cyclizar
|
|upkeep
|
|t:|1776048519
|switch|p2a: Carbink|Carbink|100/100
|turn|2
|
|t:|1776048525
|-terastallize|p1a: Dragapult|Ghost
|move|p1a: Dragapult|Shadow Ball|p2a: Carbink
|-damage|p2a: Carbink|62/100
|move|p2a: Carbink|Moonblast|p1a: Dragapult
|-damage|p1a: Dragapult|74/100
|-unboost|p1a: Dragapult|spa|1
|
|-heal|p2a: Carbink|69/100|[from] item: Leftovers
|upkeep
|turn|3
|
|t:|1776048532
|move|p1a: Dragapult|Shadow Ball|p2a: Carbink
|-damage|p2a: Carbink|46/100
|move|p2a: Carbink|Calm Mind|p2a: Carbink
|-boost|p2a: Carbink|spa|1
|-boost|p2a: Carbink|spd|1
|
|-heal|p2a: Carbink|52/100|[from] item: Leftovers
|upkeep
|turn|4
|
|t:|1776048535
|move|p1a: Dragapult|Shadow Ball|p2a: Carbink
|-damage|p2a: Carbink|37/100
|move|p2a: Carbink|Calm Mind|p2a: Carbink
|-boost|p2a: Carbink|spa|1
|-boost|p2a: Carbink|spd|1
|
|-heal|p2a: Carbink|43/100|[from] item: Leftovers
|upkeep
|turn|5
|
|t:|1776048540
|switch|p1a: Greninja|Greninja, F|100/100
|move|p2a: Carbink|Moonblast|p1a: Greninja
|-supereffective|p1a: Greninja
|-damage|p1a: Greninja|0 fnt
|faint|p1a: Greninja
|
|-heal|p2a: Carbink|49/100|[from] item: Leftovers
|upkeep
|
|t:|1776048545
|switch|p1a: Meowscarada|Meowscarada, M|100/100
|turn|6
|
|t:|1776048549
|move|p1a: Meowscarada|Flower Trick|p2a: Carbink
|-start|p1a: Meowscarada|typechange|Grass|[from] ability: Protean
|-supereffective|p2a: Carbink
|-crit|p2a: Carbink
|-damage|p2a: Carbink|0 fnt
|faint|p2a: Carbink
|
|upkeep
|
|t:|1776048558
|switch|p2a: Minior|Minior|100/100
|-formechange|p2a: Minior|Minior-Meteor||[from] ability: Shields Down
|turn|7
|
|t:|1776048564
|move|p1a: Meowscarada|Flower Trick|p2a: Minior
|-crit|p2a: Minior
|-damage|p2a: Minior|40/100
|move|p2a: Minior|Shell Smash|p2a: Minior
|-unboost|p2a: Minior|def|1
|-unboost|p2a: Minior|spd|1
|-boost|p2a: Minior|atk|2
|-boost|p2a: Minior|spa|2
|-boost|p2a: Minior|spe|2
|-enditem|p2a: Minior|White Herb
|-clearnegativeboost|p2a: Minior|[silent]
|
|-formechange|p2a: Minior|Minior||[from] ability: Shields Down
|upkeep
|turn|8
|
|t:|1776048570
|move|p2a: Minior|Acrobatics|p1a: Meowscarada
|-supereffective|p1a: Meowscarada
|-damage|p1a: Meowscarada|0 fnt
|faint|p1a: Meowscarada
|
|upkeep
|
|t:|1776048573
|switch|p1a: Zamazenta|Zamazenta|100/100
|-ability|p1a: Zamazenta|Dauntless Shield|boost
|-boost|p1a: Zamazenta|def|1
|turn|9
|
|t:|1776048578
|move|p2a: Minior|Acrobatics|p1a: Zamazenta
|-supereffective|p1a: Zamazenta
|-damage|p1a: Zamazenta|0 fnt
|faint|p1a: Zamazenta
|
|upkeep
|
|t:|1776048583
|switch|p1a: Talonflame|Talonflame, F|100/100
|turn|10
|
|t:|1776048590
|move|p2a: Minior|Stone Edge|p1a: Talonflame|[miss]
|-miss|p2a: Minior|p1a: Talonflame
|move|p1a: Talonflame|Will-O-Wisp|p2a: Minior
|-status|p2a: Minior|brn
|
|-damage|p2a: Minior|34/100 brn|[from] brn
|upkeep
|turn|11
|
|t:|1776048594
|move|p1a: Talonflame|Tailwind|p1a: Talonflame
|-sidestart|p1: 100860096tg|move: Tailwind
|move|p2a: Minior|Stone Edge|p1a: Talonflame
|-supereffective|p1a: Talonflame
|-damage|p1a: Talonflame|0 fnt
|faint|p1a: Talonflame
|
|-damage|p2a: Minior|28/100 brn|[from] brn
|upkeep
|
|t:|1776048597
|switch|p1a: Dragapult|Dragapult, F, tera:Ghost|74/100
|turn|12
|
|t:|1776048602
|move|p1a: Dragapult|Thunderbolt|p2a: Minior
|-supereffective|p2a: Minior
|-damage|p2a: Minior|0 fnt
|faint|p2a: Minior
|
|upkeep
|
|t:|1776048608
|switch|p2a: Glastrier|Glastrier|100/100
|turn|13
|
|t:|1776048612
|-terastallize|p2a: Glastrier|Ground
|move|p1a: Dragapult|Flamethrower|p2a: Glastrier
|-damage|p2a: Glastrier|79/100
|move|p2a: Glastrier|Icicle Crash|p1a: Dragapult
|-damage|p1a: Dragapult|16/100
|
|upkeep
|turn|14
|
|t:|1776048620
|move|p1a: Dragapult|Shadow Ball|p2a: Glastrier
|-damage|p2a: Glastrier|41/100
|move|p2a: Glastrier|Icicle Crash|p1a: Dragapult
|-damage|p1a: Dragapult|0 fnt
|faint|p1a: Dragapult
|-ability|p2a: Glastrier|Chilling Neigh|boost
|-boost|p2a: Glastrier|atk|1
|
|-sideend|p1: 100860096tg|move: Tailwind
|upkeep
|-message|100860096tg forfeited.
|
|win|zednedz
|raw|100860096tg's rating: 1108 &rarr; <strong>1084</strong><br />(-24 for losing)
|raw|zednedz's rating: 1123 &rarr; <strong>1147</strong><br />(+24 for winning)
|l|☆100860096tg
|player|p1|
|l|☆zednedz
|player|p2|
