|html|<div class="broadcast-blue"><strong>[Gen 9] OU is currently suspecting Volcarona! For information on how to participate check out the <a href="https://www.smogon.com/tools/suspects/view/208">suspect thread</a>.</strong></div>
|j|☆asfasf3252
|j|☆skksszx
|t:|1778508700
|gametype|singles
|player|p1|asfasf3252|lass-gen4dp|1195
|player|p2|skksszx|169|1197
|gen|9
|tier|[Gen 9] OU
|rated|
|rule|HP Percentage Mod: HP is shown in percentages
|rule|Endless Battle Clause: Forcing endless battles is banned
|rule|Species Clause: Limit one of each Pokémon
|rule|OHKO Clause: OHKO moves are banned
|rule|Evasion Items Clause: Evasion items are banned
|rule|Evasion Moves Clause: Evasion moves are banned
|rule|Evasion Abilities Clause: Evasion abilities are banned
|rule|Sleep Moves Clause: Sleep-inducing moves are banned
|clearpoke
|poke|p1|Whimsicott, M|
|poke|p1|Emboar, M|
|poke|p1|Kyurem|
|poke|p1|Iron Moth|
|poke|p1|Dragonite, F|
|poke|p1|Iron Valiant|
|poke|p2|Volcarona, F|
|poke|p2|Rillaboom, F|
|poke|p2|Hatterene, F|
|poke|p2|Great Tusk|
|poke|p2|Ogerpon-Wellspring, F|
|poke|p2|Glimmora, M|
|teampreview
|inactive|Battle timer is ON: inactive players will automatically lose when time's up. (requested by asfasf3252)
|inactive|skksszx also wants the timer to be on.
|
|t:|1778508708
|teamsize|p1|6
|teamsize|p2|6
|start
|switch|p1a: Whimsicott|Whimsicott, M|100/100
|switch|p2a: Hatterene|Hatterene, F|100/100
|turn|1
|
|t:|1778508716
|move|p1a: Whimsicott|Tailwind|p1a: Whimsicott
|-sidestart|p1: asfasf3252|move: Tailwind
|move|p2a: Hatterene|Calm Mind|p2a: Hatterene
|-boost|p2a: Hatterene|spa|1
|-boost|p2a: Hatterene|spd|1
|
|upkeep
|turn|2
|
|t:|1778508720
|move|p1a: Whimsicott|Memento|p2a: Hatterene
|-unboost|p2a: Hatterene|atk|2
|-unboost|p2a: Hatterene|spa|2
|faint|p1a: Whimsicott
|move|p2a: Hatterene|Calm Mind|p2a: Hatterene
|-boost|p2a: Hatterene|spa|1
|-boost|p2a: Hatterene|spd|1
|
|upkeep
|
|t:|1778508731
|switch|p1a: Emboar|Emboar, M, shiny|100/100
|turn|3
|
|t:|1778508746
|switch|p2a: Glimmora|Glimmora, M|100/100
|-terastallize|p1a: Emboar|Rock
|move|p1a: Emboar|Head Smash|p2a: Glimmora|[miss]
|-miss|p1a: Emboar|p2a: Glimmora
|
|upkeep
|turn|4
|
|t:|1778508757
|move|p1a: Emboar|Head Smash|p2a: Glimmora
|-damage|p2a: Glimmora|0 fnt
|-activate|p2a: Glimmora|ability: Toxic Debris
|-sidestart|p1: asfasf3252|move: Toxic Spikes
|faint|p2a: Glimmora
|-damage|p1a: Emboar|58/100|[from] Recoil
|-damage|p1a: Emboar|48/100|[from] item: Life Orb
|
|-sideend|p1: asfasf3252|move: Tailwind
|upkeep
|
|t:|1778508762
|switch|p2a: Rillaboom|Rillaboom, F|100/100
|-fieldstart|move: Grassy Terrain|[from] ability: Grassy Surge|[of] p2a: Rillaboom
|turn|5
|
|t:|1778508769
|move|p1a: Emboar|Sucker Punch|p2a: Rillaboom
|-damage|p2a: Rillaboom|66/100
|-damage|p1a: Emboar|38/100|[from] item: Life Orb
|move|p2a: Rillaboom|Grassy Glide|p1a: Emboar
|-supereffective|p1a: Emboar
|-damage|p1a: Emboar|0 fnt
|faint|p1a: Emboar
|
|-heal|p2a: Rillaboom|72/100|[from] Grassy Terrain
|upkeep
|
|t:|1778508775
|switch|p1a: Iron Moth|Iron Moth|100/100
|-sideend|p1: asfasf3252|move: Toxic Spikes|[of] p1a: Iron Moth
|-enditem|p1a: Iron Moth|Booster Energy
|-activate|p1a: Iron Moth|ability: Quark Drive|[fromitem]
|-start|p1a: Iron Moth|quarkdrivespa
|turn|6
|
|t:|1778508783
|-terastallize|p2a: Rillaboom|Fire
|move|p1a: Iron Moth|Fiery Dance|p2a: Rillaboom
|-resisted|p2a: Rillaboom
|-damage|p2a: Rillaboom|42/100
|move|p2a: Rillaboom|High Horsepower|p1a: Iron Moth
|-supereffective|p1a: Iron Moth
|-damage|p1a: Iron Moth|0 fnt
|faint|p1a: Iron Moth
|-end|p1a: Iron Moth|Quark Drive|[silent]
|
|-heal|p2a: Rillaboom|48/100|[from] Grassy Terrain
|upkeep
|
|t:|1778508788
|switch|p1a: Iron Valiant|Iron Valiant|100/100
|-enditem|p1a: Iron Valiant|Booster Energy
|-activate|p1a: Iron Valiant|ability: Quark Drive|[fromitem]
|-start|p1a: Iron Valiant|quarkdrivespe
|turn|7
|
|t:|1778508794
|move|p2a: Rillaboom|Grassy Glide|p1a: Iron Valiant
|-damage|p1a: Iron Valiant|46/100
|move|p1a: Iron Valiant|Thunderbolt|p2a: Rillaboom
|-damage|p2a: Rillaboom|11/100
|
|-heal|p1a: Iron Valiant|52/100|[from] Grassy Terrain
|-heal|p2a: Rillaboom|17/100|[from] Grassy Terrain
|upkeep
|turn|8
|
|t:|1778508807
|switch|p2a: Great Tusk|Great Tusk|100/100
|-enditem|p2a: Great Tusk|Booster Energy
|-activate|p2a: Great Tusk|ability: Protosynthesis|[fromitem]
|-start|p2a: Great Tusk|protosynthesisspe
|move|p1a: Iron Valiant|Destiny Bond|p1a: Iron Valiant
|-singlemove|p1a: Iron Valiant|Destiny Bond
|
|-heal|p1a: Iron Valiant|59/100|[from] Grassy Terrain
|upkeep
|turn|9
|
|t:|1778508811
|move|p1a: Iron Valiant|Moonblast|p2a: Great Tusk
|-supereffective|p2a: Great Tusk
|-damage|p2a: Great Tusk|0 fnt
|faint|p2a: Great Tusk
|-end|p2a: Great Tusk|Protosynthesis|[silent]
|
|-heal|p1a: Iron Valiant|65/100|[from] Grassy Terrain
|upkeep
|
|t:|1778508817
|switch|p2a: Ogerpon|Ogerpon-Wellspring, F|100/100
|turn|10
|
|t:|1778508823
|move|p2a: Ogerpon|Grassy Glide|p1a: Iron Valiant
|-damage|p1a: Iron Valiant|8/100
|move|p1a: Iron Valiant|Destiny Bond|p1a: Iron Valiant
|-singlemove|p1a: Iron Valiant|Destiny Bond
|
|-heal|p1a: Iron Valiant|14/100|[from] Grassy Terrain
|upkeep
|turn|11
|
|t:|1778508835
|switch|p2a: Volcarona|Volcarona, F|100/100
|-enditem|p2a: Volcarona|Grassy Seed
|-boost|p2a: Volcarona|def|1|[from] item: Grassy Seed
|move|p1a: Iron Valiant|Moonblast|p2a: Volcarona
|-resisted|p2a: Volcarona
|-damage|p2a: Volcarona|74/100
|
|-heal|p1a: Iron Valiant|20/100|[from] Grassy Terrain
|-heal|p2a: Volcarona|81/100|[from] Grassy Terrain
|upkeep
|turn|12
|
|t:|1778508843
|move|p1a: Iron Valiant|Destiny Bond|p1a: Iron Valiant
|-singlemove|p1a: Iron Valiant|Destiny Bond
|move|p2a: Volcarona|Quiver Dance|p2a: Volcarona
|-boost|p2a: Volcarona|spa|1
|-boost|p2a: Volcarona|spd|1
|-boost|p2a: Volcarona|spe|1
|
|-heal|p1a: Iron Valiant|26/100|[from] Grassy Terrain
|-heal|p2a: Volcarona|87/100|[from] Grassy Terrain
|-fieldend|move: Grassy Terrain
|upkeep
|turn|13
|
|t:|1778508852
|move|p1a: Iron Valiant|Thunderbolt|p2a: Volcarona
|-crit|p2a: Volcarona
|-damage|p2a: Volcarona|40/100
|move|p2a: Volcarona|Substitute|p2a: Volcarona
|-start|p2a: Volcarona|Substitute
|-damage|p2a: Volcarona|16/100
|
|upkeep
|turn|14
|
|t:|1778508857
|move|p1a: Iron Valiant|Thunderbolt|p2a: Volcarona
|-activate|p2a: Volcarona|move: Substitute|[damage]
|move|p2a: Volcarona|Quiver Dance|p2a: Volcarona
|-boost|p2a: Volcarona|spa|1
|-boost|p2a: Volcarona|spd|1
|-boost|p2a: Volcarona|spe|1
|
|upkeep
|turn|15
|
|t:|1778508863
|move|p2a: Volcarona|Giga Drain|p1a: Iron Valiant
|-damage|p1a: Iron Valiant|0 fnt
|-heal|p2a: Volcarona|28/100|[from] drain|[of] p1a: Iron Valiant
|faint|p1a: Iron Valiant
|-end|p1a: Iron Valiant|Quark Drive|[silent]
|
|upkeep
|
|t:|1778508869
|switch|p1a: Kyurem|Kyurem|100/100
|-ability|p1a: Kyurem|Pressure
|turn|16
|
|t:|1778508873
|move|p2a: Volcarona|Fiery Dance|p1a: Kyurem
|-damage|p1a: Kyurem|49/100
|-boost|p2a: Volcarona|spa|1
|move|p1a: Kyurem|Earth Power|p2a: Volcarona
|-crit|p2a: Volcarona
|-end|p2a: Volcarona|Substitute
|
|upkeep
|turn|17
|
|t:|1778508878
|move|p2a: Volcarona|Fiery Dance|p1a: Kyurem
|-damage|p1a: Kyurem|0 fnt
|-boost|p2a: Volcarona|spa|1
|faint|p1a: Kyurem
|
|upkeep
|
|t:|1778508880
|switch|p1a: Dragonite|Dragonite, F|100/100
|turn|18
|
|t:|1778508884
|move|p2a: Volcarona|Fiery Dance|p1a: Dragonite
|-resisted|p1a: Dragonite
|-damage|p1a: Dragonite|63/100
|-boost|p2a: Volcarona|spa|1
|move|p1a: Dragonite|Dragon Claw|p2a: Volcarona
|-damage|p2a: Volcarona|0 fnt
|-status|p1a: Dragonite|brn|[from] ability: Flame Body|[of] p2a: Volcarona
|faint|p2a: Volcarona
|
|-damage|p1a: Dragonite|57/100 brn|[from] brn
|upkeep
|-message|asfasf3252 forfeited.
|
|win|skksszx
|raw|asfasf3252's rating: 1195 &rarr; <strong>1170</strong><br />(-25 for losing)
|raw|skksszx's rating: 1197 &rarr; <strong>1222</strong><br />(+25 for winning)
|l|☆asfasf3252
|player|p1|
|n|☆skksszx|skksszx
|l|☆skksszx
|player|p2|
