|html|<div class="broadcast-blue"><strong>[Gen 9] OU is currently suspecting Tera Blast! For information on how to participate check out the <a href="https://www.smogon.com/tools/suspects/view/200">suspect thread</a>.</strong></div>
|j|☆Maiko_Am
|j|☆McSharKz
|t:|1776183507
|gametype|singles
|player|p1|Maiko_Am|ingo|1048
|player|p2|McSharKz|1|1089
|gen|9
|tier|[Gen 9] OU
|rated|
|rule|HP Percentage Mod: HP is shown in percentages
|rule|Endless Battle Clause: Forcing endless battles is banned
|rule|Species Clause: Limit one of each Pokémon
|rule|OHKO Clause: OHKO moves are banned
|rule|Evasion Items Clause: Evasion items are banned
|rule|Evasion Moves Clause: Evasion moves are banned
|rule|Evasion Abilities Clause: Evasion abilities are banned
|rule|Sleep Moves Clause: Sleep-inducing moves are banned
|clearpoke
|poke|p1|Reuniclus, M|
|poke|p1|Gallade, M|
|poke|p1|Gholdengo|
|poke|p1|Great Tusk|
|poke|p1|Dragonite, M|
|poke|p1|Kingambit, M|
|poke|p2|Carbink, L1|
|poke|p2|Blaziken, M|
|poke|p2|Comfey, M|
|poke|p2|Hippowdon, F|
|poke|p2|Corviknight, M|
|poke|p2|Arboliva, M|
|teampreview
|
|t:|1776183526
|teamsize|p1|6
|teamsize|p2|6
|start
|switch|p1a: Reuniclus|Reuniclus, M, shiny|100/100
|switch|p2a: Hippowdon|Hippowdon, F|100/100
|-weather|Sandstorm|[from] ability: Sand Stream|[of] p2a: Hippowdon
|turn|1
|c|☆McSharKz|gl
|
|t:|1776183539
|move|p2a: Hippowdon|Stealth Rock|p1a: Reuniclus
|-sidestart|p1: Maiko_Am|move: Stealth Rock
|move|p1a: Reuniclus|Calm Mind|p1a: Reuniclus
|-boost|p1a: Reuniclus|spa|1
|-boost|p1a: Reuniclus|spd|1
|
|-weather|Sandstorm|[upkeep]
|upkeep
|turn|2
|
|t:|1776183561
|switch|p2a: Corviknight|Corviknight, M, shiny|100/100
|-ability|p2a: Corviknight|Pressure
|move|p1a: Reuniclus|Focus Blast|p2a: Corviknight
|-damage|p2a: Corviknight|69/100
|
|-weather|Sandstorm|[upkeep]
|-heal|p2a: Corviknight|75/100|[from] item: Leftovers
|upkeep
|turn|3
|
|t:|1776183582
|move|p2a: Corviknight|Roost|p2a: Corviknight
|-heal|p2a: Corviknight|100/100
|-singleturn|p2a: Corviknight|move: Roost
|move|p1a: Reuniclus|Calm Mind|p1a: Reuniclus
|-boost|p1a: Reuniclus|spa|1
|-boost|p1a: Reuniclus|spd|1
|
|-weather|Sandstorm|[upkeep]
|upkeep
|turn|4
|
|t:|1776183594
|move|p2a: Corviknight|Brave Bird|p1a: Reuniclus
|-damage|p1a: Reuniclus|77/100
|-damage|p2a: Corviknight|92/100|[from] Recoil
|move|p1a: Reuniclus|Focus Blast|p2a: Corviknight
|-damage|p2a: Corviknight|50/100
|
|-weather|Sandstorm|[upkeep]
|-heal|p2a: Corviknight|56/100|[from] item: Leftovers
|-heal|p1a: Reuniclus|83/100|[from] item: Leftovers
|upkeep
|turn|5
|
|t:|1776183605
|move|p2a: Corviknight|Roost|p2a: Corviknight
|-heal|p2a: Corviknight|100/100
|-singleturn|p2a: Corviknight|move: Roost
|move|p1a: Reuniclus|Focus Blast|p2a: Corviknight|[miss]
|-miss|p1a: Reuniclus|p2a: Corviknight
|
|-weather|Sandstorm|[upkeep]
|-heal|p1a: Reuniclus|89/100|[from] item: Leftovers
|upkeep
|turn|6
|
|t:|1776183626
|switch|p1a: Great Tusk|Great Tusk|100/100
|-damage|p1a: Great Tusk|98/100|[from] Stealth Rock
|move|p2a: Corviknight|Brave Bird|p1a: Great Tusk
|-supereffective|p1a: Great Tusk
|-damage|p1a: Great Tusk|64/100
|-damage|p2a: Corviknight|88/100|[from] Recoil
|
|-weather|Sandstorm|[upkeep]
|-heal|p1a: Great Tusk|71/100|[from] item: Leftovers
|-heal|p2a: Corviknight|94/100|[from] item: Leftovers
|upkeep
|turn|7
|
|t:|1776183652
|move|p1a: Great Tusk|Knock Off|p2a: Corviknight
|-crit|p2a: Corviknight
|-damage|p2a: Corviknight|57/100
|-enditem|p2a: Corviknight|Leftovers|[from] move: Knock Off|[of] p1a: Great Tusk
|move|p2a: Corviknight|Brave Bird|p1a: Great Tusk
|-supereffective|p1a: Great Tusk
|-damage|p1a: Great Tusk|39/100
|-damage|p2a: Corviknight|46/100|[from] Recoil
|
|-weather|Sandstorm|[upkeep]
|-heal|p1a: Great Tusk|45/100|[from] item: Leftovers
|upkeep
|turn|8
|
|t:|1776183670
|switch|p2a: Comfey|Comfey, M|100/100
|move|p1a: Great Tusk|Knock Off|p2a: Comfey
|-resisted|p2a: Comfey
|-damage|p2a: Comfey|78/100
|-enditem|p2a: Comfey|Heavy-Duty Boots|[from] move: Knock Off|[of] p1a: Great Tusk
|
|-weather|none
|-heal|p1a: Great Tusk|51/100|[from] item: Leftovers
|upkeep
|turn|9
|
|t:|1776183687
|move|p2a: Comfey|Calm Mind|p2a: Comfey
|-boost|p2a: Comfey|spa|1
|-boost|p2a: Comfey|spd|1
|move|p1a: Great Tusk|Earthquake|p2a: Comfey
|-damage|p2a: Comfey|15/100
|
|-heal|p1a: Great Tusk|57/100|[from] item: Leftovers
|upkeep
|turn|10
|
|t:|1776183697
|move|p2a: Comfey|Draining Kiss|p1a: Great Tusk
|-supereffective|p1a: Great Tusk
|-damage|p1a: Great Tusk|0 fnt
|-heal|p2a: Comfey|91/100|[from] drain|[of] p1a: Great Tusk
|faint|p1a: Great Tusk
|-end|p1a: Great Tusk|Protosynthesis|[silent]
|
|upkeep
|
|t:|1776183710
|switch|p1a: Dragonite|Dragonite, M|100/100
|turn|11
|
|t:|1776183714
|move|p2a: Comfey|Draining Kiss|p1a: Dragonite
|-supereffective|p1a: Dragonite
|-damage|p1a: Dragonite|71/100
|-heal|p2a: Comfey|100/100|[from] drain|[of] p1a: Dragonite
|move|p1a: Dragonite|Earthquake|p2a: Comfey
|-damage|p2a: Comfey|40/100
|
|upkeep
|turn|12
|
|t:|1776183727
|move|p2a: Comfey|Draining Kiss|p1a: Dragonite
|-supereffective|p1a: Dragonite
|-damage|p1a: Dragonite|10/100
|-heal|p2a: Comfey|100/100|[from] drain|[of] p1a: Dragonite
|move|p1a: Dragonite|Extreme Speed|p2a: Comfey
|-damage|p2a: Comfey|51/100
|
|upkeep
|turn|13
|
|t:|1776183743
|move|p2a: Comfey|Draining Kiss|p1a: Dragonite
|-supereffective|p1a: Dragonite
|-damage|p1a: Dragonite|0 fnt
|-heal|p2a: Comfey|61/100|[from] drain|[of] p1a: Dragonite
|faint|p1a: Dragonite
|
|upkeep
|
|t:|1776183751
|switch|p1a: Reuniclus|Reuniclus, M, shiny|89/100
|turn|14
|
|t:|1776183758
|switch|p2a: Hippowdon|Hippowdon, F|100/100
|-weather|Sandstorm|[from] ability: Sand Stream|[of] p2a: Hippowdon
|move|p1a: Reuniclus|Calm Mind|p1a: Reuniclus
|-boost|p1a: Reuniclus|spa|1
|-boost|p1a: Reuniclus|spd|1
|
|-weather|Sandstorm|[upkeep]
|-heal|p1a: Reuniclus|96/100|[from] item: Leftovers
|upkeep
|turn|15
|
|t:|1776183774
|switch|p2a: Carbink|Carbink, L1|100/100
|move|p1a: Reuniclus|Psyshock|p2a: Carbink
|-ability|p2a: Carbink|Sturdy
|-damage|p2a: Carbink|9/100
|
|-weather|Sandstorm|[upkeep]
|-heal|p1a: Reuniclus|100/100|[from] item: Leftovers
|upkeep
|turn|16
|
|t:|1776183791
|switch|p2a: Corviknight|Corviknight, M, shiny|46/100
|-ability|p2a: Corviknight|Pressure
|move|p1a: Reuniclus|Psyshock|p2a: Corviknight
|-resisted|p2a: Corviknight
|-damage|p2a: Corviknight|24/100
|
|-weather|Sandstorm|[upkeep]
|upkeep
|turn|17
|
|t:|1776183801
|move|p2a: Corviknight|Roost|p2a: Corviknight
|-heal|p2a: Corviknight|74/100
|-singleturn|p2a: Corviknight|move: Roost
|move|p1a: Reuniclus|Focus Blast|p2a: Corviknight
|-supereffective|p2a: Corviknight
|-damage|p2a: Corviknight|3/100
|
|-weather|Sandstorm|[upkeep]
|upkeep
|turn|18
|
|t:|1776183815
|move|p2a: Corviknight|Roost|p2a: Corviknight
|-heal|p2a: Corviknight|53/100
|-singleturn|p2a: Corviknight|move: Roost
|move|p1a: Reuniclus|Psyshock|p2a: Corviknight
|-resisted|p2a: Corviknight
|-damage|p2a: Corviknight|31/100
|
|-weather|Sandstorm|[upkeep]
|upkeep
|turn|19
|
|t:|1776183845
|move|p2a: Corviknight|U-turn|p1a: Reuniclus
|-supereffective|p1a: Reuniclus
|-damage|p1a: Reuniclus|81/100
|
|t:|1776183849
|switch|p2a: Carbink|Carbink, L1|9/100|[from] U-turn
|move|p1a: Reuniclus|Psyshock|p2a: Carbink
|-damage|p2a: Carbink|0 fnt
|faint|p2a: Carbink
|
|-weather|Sandstorm|[upkeep]
|-heal|p1a: Reuniclus|87/100|[from] item: Leftovers
|upkeep
|
|t:|1776183851
|switch|p2a: Blaziken|Blaziken, M, shiny|100/100
|turn|20
|
|t:|1776183865
|-terastallize|p2a: Blaziken|Dragon
|move|p2a: Blaziken|Bulk Up|p2a: Blaziken
|-boost|p2a: Blaziken|atk|1
|-boost|p2a: Blaziken|def|1
|move|p1a: Reuniclus|Psyshock|p2a: Blaziken
|-damage|p2a: Blaziken|52/100
|
|-weather|Sandstorm|[upkeep]
|-damage|p2a: Blaziken|46/100|[from] Sandstorm
|-heal|p1a: Reuniclus|93/100|[from] item: Leftovers
|-ability|p2a: Blaziken|Speed Boost|boost
|-boost|p2a: Blaziken|spe|1
|upkeep
|turn|21
|
|t:|1776183878
|move|p2a: Blaziken|Flare Blitz|p1a: Reuniclus
|-damage|p1a: Reuniclus|4/100
|-damage|p2a: Blaziken|5/100|[from] Recoil
|-damage|p2a: Blaziken|0 fnt|[from] item: Life Orb
|faint|p2a: Blaziken
|move|p1a: Reuniclus|Psyshock|p2: Blaziken|[notarget]
|-fail|p1a: Reuniclus
|
|-weather|none
|-heal|p1a: Reuniclus|10/100|[from] item: Leftovers
|upkeep
|
|t:|1776183883
|switch|p2a: Hippowdon|Hippowdon, F|100/100
|-weather|Sandstorm|[from] ability: Sand Stream|[of] p2a: Hippowdon
|turn|22
|
|t:|1776183897
|move|p2a: Hippowdon|Slack Off||[still]
|-fail|p2a: Hippowdon|heal
|move|p1a: Reuniclus|Recover|p1a: Reuniclus
|-heal|p1a: Reuniclus|60/100
|
|-weather|Sandstorm|[upkeep]
|-heal|p1a: Reuniclus|66/100|[from] item: Leftovers
|upkeep
|turn|23
|
|t:|1776183905
|move|p2a: Hippowdon|Earthquake|p1a: Reuniclus
|-damage|p1a: Reuniclus|41/100
|move|p1a: Reuniclus|Psyshock|p2a: Hippowdon
|-damage|p2a: Hippowdon|73/100
|
|-weather|Sandstorm|[upkeep]
|-heal|p1a: Reuniclus|47/100|[from] item: Leftovers
|upkeep
|turn|24
|
|t:|1776183915
|move|p2a: Hippowdon|Earthquake|p1a: Reuniclus
|-damage|p1a: Reuniclus|22/100
|move|p1a: Reuniclus|Recover|p1a: Reuniclus
|-heal|p1a: Reuniclus|72/100
|
|-weather|Sandstorm|[upkeep]
|-heal|p1a: Reuniclus|78/100|[from] item: Leftovers
|upkeep
|turn|25
|
|t:|1776183924
|move|p2a: Hippowdon|Earthquake|p1a: Reuniclus
|-damage|p1a: Reuniclus|52/100
|move|p1a: Reuniclus|Calm Mind|p1a: Reuniclus
|-boost|p1a: Reuniclus|spa|1
|-boost|p1a: Reuniclus|spd|1
|
|-weather|Sandstorm|[upkeep]
|-heal|p1a: Reuniclus|58/100|[from] item: Leftovers
|upkeep
|turn|26
|
|t:|1776183935
|switch|p2a: Corviknight|Corviknight, M, shiny|31/100
|-ability|p2a: Corviknight|Pressure
|move|p1a: Reuniclus|Psyshock|p2a: Corviknight
|-resisted|p2a: Corviknight
|-crit|p2a: Corviknight
|-damage|p2a: Corviknight|0 fnt
|faint|p2a: Corviknight
|
|-weather|Sandstorm|[upkeep]
|-heal|p1a: Reuniclus|64/100|[from] item: Leftovers
|upkeep
|inactive|Battle timer is ON: inactive players will automatically lose when time's up. (requested by Maiko_Am)
|inactiveoff|Battle timer is now OFF.
|
|t:|1776184133
|switch|p2a: Arboliva|Arboliva, M|100/100
|turn|27
|
|t:|1776184140
|move|p2a: Arboliva|Leech Seed|p1a: Reuniclus
|-start|p1a: Reuniclus|move: Leech Seed
|move|p1a: Reuniclus|Psyshock|p2a: Arboliva
|-damage|p2a: Arboliva|41/100
|-enditem|p2a: Arboliva|Sitrus Berry|[eat]
|-heal|p2a: Arboliva|66/100|[from] item: Sitrus Berry
|
|-weather|Sandstorm|[upkeep]
|-damage|p2a: Arboliva|60/100|[from] Sandstorm
|-heal|p1a: Reuniclus|70/100|[from] item: Leftovers
|-item|p2a: Arboliva|Sitrus Berry|[from] ability: Harvest
|upkeep
|turn|28
|
|t:|1776184161
|move|p2a: Arboliva|Protect|p2a: Arboliva
|-singleturn|p2a: Arboliva|Protect
|move|p1a: Reuniclus|Psyshock|p2a: Arboliva
|-activate|p2a: Arboliva|move: Protect
|
|-weather|Sandstorm|[upkeep]
|-damage|p2a: Arboliva|54/100|[from] Sandstorm
|-heal|p1a: Reuniclus|76/100|[from] item: Leftovers
|upkeep
|turn|29
|
|t:|1776184180
|move|p2a: Arboliva|Protect||[still]
|-fail|p2a: Arboliva
|move|p1a: Reuniclus|Psyshock|p2a: Arboliva
|-damage|p2a: Arboliva|0 fnt
|faint|p2a: Arboliva
|
|-weather|none
|-heal|p1a: Reuniclus|82/100|[from] item: Leftovers
|upkeep
|
|t:|1776184183
|switch|p2a: Hippowdon|Hippowdon, F|73/100
|-weather|Sandstorm|[from] ability: Sand Stream|[of] p2a: Hippowdon
|turn|30
|
|t:|1776184199
|move|p2a: Hippowdon|Earthquake|p1a: Reuniclus
|-damage|p1a: Reuniclus|55/100
|move|p1a: Reuniclus|Psyshock|p2a: Hippowdon
|-damage|p2a: Hippowdon|40/100
|
|-weather|Sandstorm|[upkeep]
|-heal|p1a: Reuniclus|61/100|[from] item: Leftovers
|upkeep
|turn|31
|
|t:|1776184208
|move|p2a: Hippowdon|Slack Off|p2a: Hippowdon
|-heal|p2a: Hippowdon|90/100
|move|p1a: Reuniclus|Calm Mind|p1a: Reuniclus
|-boost|p1a: Reuniclus|spa|1
|-boost|p1a: Reuniclus|spd|1
|
|-weather|Sandstorm|[upkeep]
|-heal|p1a: Reuniclus|67/100|[from] item: Leftovers
|upkeep
|turn|32
|
|t:|1776184217
|move|p2a: Hippowdon|Earthquake|p1a: Reuniclus
|-damage|p1a: Reuniclus|40/100
|move|p1a: Reuniclus|Psyshock|p2a: Hippowdon
|-damage|p2a: Hippowdon|46/100
|
|-weather|Sandstorm|[upkeep]
|-heal|p1a: Reuniclus|46/100|[from] item: Leftovers
|upkeep
|turn|33
|
|t:|1776184234
|switch|p1a: Gallade|Gallade, M, shiny|100/100
|-damage|p1a: Gallade|94/100|[from] Stealth Rock
|move|p2a: Hippowdon|Slack Off|p2a: Hippowdon
|-heal|p2a: Hippowdon|96/100
|
|-weather|Sandstorm|[upkeep]
|-damage|p1a: Gallade|88/100|[from] Sandstorm
|upkeep
|turn|34
|
|t:|1776184245
|move|p1a: Gallade|Swords Dance|p1a: Gallade
|-boost|p1a: Gallade|atk|2
|move|p2a: Hippowdon|Earthquake|p1a: Gallade
|-damage|p1a: Gallade|23/100
|
|-weather|Sandstorm|[upkeep]
|-damage|p1a: Gallade|17/100|[from] Sandstorm
|upkeep
|turn|35
|
|t:|1776184260
|move|p1a: Gallade|Sacred Sword|p2a: Hippowdon
|-damage|p2a: Hippowdon|9/100
|-damage|p1a: Gallade|7/100|[from] item: Life Orb
|move|p2a: Hippowdon|Slack Off|p2a: Hippowdon
|-heal|p2a: Hippowdon|59/100
|
|-weather|Sandstorm|[upkeep]
|-damage|p1a: Gallade|1/100|[from] Sandstorm
|upkeep
|turn|36
|
|t:|1776184272
|switch|p2a: Comfey|Comfey, M|61/100
|move|p1a: Gallade|Sacred Sword|p2a: Comfey
|-resisted|p2a: Comfey
|-damage|p2a: Comfey|0 fnt
|faint|p2a: Comfey
|-damage|p1a: Gallade|0 fnt|[from] item: Life Orb
|faint|p1a: Gallade
|
|-weather|Sandstorm|[upkeep]
|upkeep
|
|t:|1776184287
|switch|p2a: Hippowdon|Hippowdon, F|59/100
|switch|p1a: Gholdengo|Gholdengo|100/100
|-damage|p1a: Gholdengo|94/100|[from] Stealth Rock
|-item|p1a: Gholdengo|Air Balloon
|turn|37
|c|☆McSharKz|gg
|
|t:|1776184300
|move|p1a: Gholdengo|Make It Rain|p2a: Hippowdon
|-damage|p2a: Hippowdon|0 fnt
|-unboost|p1a: Gholdengo|spa|1
|faint|p2a: Hippowdon
|
|win|Maiko_Am
|raw|Maiko_Am's rating: 1048 &rarr; <strong>1085</strong><br />(+37 for winning)
|raw|McSharKz's rating: 1089 &rarr; <strong>1063</strong><br />(-26 for losing)
|l|☆McSharKz
|player|p2|
