|html|<div class="broadcast-blue"><strong>[Gen 9] OU is currently suspecting Tera Blast! For information on how to participate check out the <a href="https://www.smogon.com/tools/suspects/view/200">suspect thread</a>.</strong></div>
|j|☆mybrotherisbiden
|j|☆ed5u
|t:|1776064823
|gametype|singles
|player|p1|mybrotherisbiden|170|1251
|player|p2|ed5u|265|1349
|gen|9
|tier|[Gen 9] OU
|rated|
|rule|HP Percentage Mod: HP is shown in percentages
|rule|Endless Battle Clause: Forcing endless battles is banned
|rule|Species Clause: Limit one of each Pokémon
|rule|OHKO Clause: OHKO moves are banned
|rule|Evasion Items Clause: Evasion items are banned
|rule|Evasion Moves Clause: Evasion moves are banned
|rule|Evasion Abilities Clause: Evasion abilities are banned
|rule|Sleep Moves Clause: Sleep-inducing moves are banned
|clearpoke
|poke|p1|Garganacl, F|
|poke|p1|Dragapult, F|
|poke|p1|Ogerpon-Wellspring, F|
|poke|p1|Moltres|
|poke|p1|Zamazenta-*|
|poke|p1|Iron Treads|
|poke|p2|Pelipper, F|
|poke|p2|Iron Treads|
|poke|p2|Barraskewda, F|
|poke|p2|Raging Bolt|
|poke|p2|Talonflame, F|
|poke|p2|Keldeo-Resolute|
|teampreview
|
|t:|1776064832
|teamsize|p1|6
|teamsize|p2|6
|start
|switch|p1a: Garganacl|Garganacl, F|100/100
|switch|p2a: Fabrice|Pelipper, F|100/100
|-weather|RainDance|[from] ability: Drizzle|[of] p2a: Fabrice
|turn|1
|
|t:|1776064875
|move|p2a: Fabrice|U-turn|p1a: Garganacl
|-damage|p1a: Garganacl|94/100
|
|t:|1776064879
|switch|p2a: Max|Raging Bolt|100/100|[from] U-turn
|-enditem|p2a: Max|Booster Energy
|-activate|p2a: Max|ability: Protosynthesis|[fromitem]
|-start|p2a: Max|protosynthesisspa
|move|p1a: Garganacl|Salt Cure|p2a: Max
|-damage|p2a: Max|88/100
|-start|p2a: Max|Salt Cure
|
|-weather|RainDance|[upkeep]
|-heal|p1a: Garganacl|99/100|[from] item: Leftovers
|-damage|p2a: Max|76/100|[from] Salt Cure
|upkeep
|turn|2
|
|t:|1776064893
|move|p2a: Max|Weather Ball|p1a: Garganacl
|-supereffective|p1a: Garganacl
|-damage|p1a: Garganacl|0 fnt
|faint|p1a: Garganacl
|
|-weather|RainDance|[upkeep]
|-damage|p2a: Max|63/100|[from] Salt Cure
|upkeep
|
|t:|1776064904
|switch|p1a: Dragapult|Dragapult, F|100/100
|turn|3
|
|t:|1776064923
|move|p1a: Dragapult|Draco Meteor|p2a: Max
|-supereffective|p2a: Max
|-damage|p2a: Max|0 fnt
|-unboost|p1a: Dragapult|spa|2
|faint|p2a: Max
|-end|p2a: Max|Protosynthesis|[silent]
|
|-weather|RainDance|[upkeep]
|upkeep
|
|t:|1776064930
|switch|p2a: Tomate|Talonflame, F|100/100
|turn|4
|
|t:|1776064934
|move|p2a: Tomate|Hurricane|p1a: Dragapult
|-damage|p1a: Dragapult|17/100
|-start|p1a: Dragapult|confusion
|-activate|p1a: Dragapult|confusion
|-damage|p1a: Dragapult|6/100|[from] confusion
|
|-weather|RainDance|[upkeep]
|upkeep
|turn|5
|
|t:|1776064955
|move|p2a: Tomate|Hurricane|p1a: Dragapult
|-damage|p1a: Dragapult|0 fnt
|faint|p1a: Dragapult
|
|-weather|RainDance|[upkeep]
|upkeep
|
|t:|1776064957
|switch|p1a: Moltres|Moltres|100/100
|turn|6
|
|t:|1776064969
|move|p2a: Tomate|Hurricane|p1a: Moltres
|-damage|p1a: Moltres|41/100
|-start|p1a: Moltres|confusion
|-activate|p1a: Moltres|confusion
|move|p1a: Moltres|Will-O-Wisp|p2a: Tomate
|-immune|p2a: Tomate
|
|-weather|RainDance|[upkeep]
|upkeep
|turn|7
|
|t:|1776064975
|move|p2a: Tomate|Hurricane|p1a: Moltres
|-damage|p1a: Moltres|0 fnt
|faint|p1a: Moltres
|
|-weather|RainDance|[upkeep]
|upkeep
|
|t:|1776064980
|switch|p1a: Ogerpon|Ogerpon-Wellspring, F|100/100
|turn|8
|
|t:|1776064985
|-terastallize|p1a: Ogerpon|Water
|detailschange|p1a: Ogerpon|Ogerpon-Wellspring-Tera, F, tera:Water
|-ability|p1a: Ogerpon|Embody Aspect (Wellspring)|boost
|-boost|p1a: Ogerpon|spd|1
|move|p2a: Tomate|Hurricane|p1a: Ogerpon
|-damage|p1a: Ogerpon|57/100
|move|p1a: Ogerpon|Ivy Cudgel|p2a: Tomate|[anim] Ivy Cudgel Water
|-supereffective|p2a: Tomate
|-damage|p2a: Tomate|0 fnt
|faint|p2a: Tomate
|
|-weather|none
|upkeep
|
|t:|1776065012
|switch|p2a: Pêche|Keldeo-Resolute|100/100
|turn|9
|
|t:|1776065020
|switch|p2a: Fabrice|Pelipper, F|100/100
|-weather|RainDance|[from] ability: Drizzle|[of] p2a: Fabrice
|move|p1a: Ogerpon|Synthesis|p1a: Ogerpon
|-heal|p1a: Ogerpon|82/100
|
|-weather|RainDance|[upkeep]
|upkeep
|turn|10
|
|t:|1776065027
|move|p1a: Ogerpon|Swords Dance|p1a: Ogerpon
|-boost|p1a: Ogerpon|atk|2
|move|p2a: Fabrice|U-turn|p1a: Ogerpon
|-damage|p1a: Ogerpon|72/100
|
|t:|1776065030
|switch|p2a: Valentin|Barraskewda, F|100/100|[from] U-turn
|
|-weather|RainDance|[upkeep]
|upkeep
|turn|11
|
|t:|1776065035
|-terastallize|p2a: Valentin|Water
|move|p2a: Valentin|Liquidation|p1a: Ogerpon
|-resisted|p1a: Ogerpon
|-damage|p1a: Ogerpon|4/100
|move|p1a: Ogerpon|Trailblaze|p2a: Valentin
|-supereffective|p2a: Valentin
|-damage|p2a: Valentin|0 fnt
|-boost|p1a: Ogerpon|spe|1
|faint|p2a: Valentin
|
|-weather|RainDance|[upkeep]
|upkeep
|
|t:|1776065041
|switch|p2a: Pêche|Keldeo-Resolute|100/100
|turn|12
|
|t:|1776065044
|move|p2a: Pêche|Vacuum Wave|p1a: Ogerpon
|-damage|p1a: Ogerpon|0 fnt
|faint|p1a: Ogerpon
|detailschange|p1: Ogerpon|Ogerpon-Wellspring, F|[silent]
|
|-weather|RainDance|[upkeep]
|upkeep
|
|t:|1776065049
|switch|p1a: Zamazenta|Zamazenta|100/100
|-ability|p1a: Zamazenta|Dauntless Shield|boost
|-boost|p1a: Zamazenta|def|1
|turn|13
|
|t:|1776065065
|move|p1a: Zamazenta|Close Combat|p2a: Pêche
|-damage|p2a: Pêche|36/100
|-unboost|p1a: Zamazenta|def|1
|-unboost|p1a: Zamazenta|spd|1
|move|p2a: Pêche|Surf|p1a: Zamazenta
|-damage|p1a: Zamazenta|0 fnt
|faint|p1a: Zamazenta
|
|-weather|RainDance|[upkeep]
|upkeep
|
|t:|1776065068
|switch|p1a: Iron Treads|Iron Treads|100/100
|turn|14
|
|t:|1776065075
|move|p2a: Pêche|Surf|p1a: Iron Treads
|-supereffective|p1a: Iron Treads
|-damage|p1a: Iron Treads|0 fnt
|faint|p1a: Iron Treads
|-end|p1a: Iron Treads|Quark Drive|[silent]
|
|win|ed5u
|raw|mybrotherisbiden's rating: 1251 &rarr; <strong>1233</strong><br />(-18 for losing)
|raw|ed5u's rating: 1349 &rarr; <strong>1364</strong><br />(+15 for winning)
|l|☆mybrotherisbiden
|player|p1|
|l|☆ed5u
|player|p2|
