|html|<div class="broadcast-blue"><strong>[Gen 9] OU is currently suspecting Tera Blast! For information on how to participate check out the <a href="https://www.smogon.com/tools/suspects/view/200">suspect thread</a>.</strong></div>
|j|☆Golisopodsupremacy
|j|☆EpicZimbabWue
|t:|1776075153
|gametype|singles
|player|p1|Golisopodsupremacy|barry|1377
|player|p2|EpicZimbabWue|roughneck|1326
|gen|9
|tier|[Gen 9] OU
|rated|
|rule|HP Percentage Mod: HP is shown in percentages
|rule|Endless Battle Clause: Forcing endless battles is banned
|rule|Species Clause: Limit one of each Pokémon
|rule|OHKO Clause: OHKO moves are banned
|rule|Evasion Items Clause: Evasion items are banned
|rule|Evasion Moves Clause: Evasion moves are banned
|rule|Evasion Abilities Clause: Evasion abilities are banned
|rule|Sleep Moves Clause: Sleep-inducing moves are banned
|clearpoke
|poke|p1|Alomomola, F|
|poke|p1|Lokix, M|
|poke|p1|Raging Bolt|
|poke|p1|Kyurem|
|poke|p1|Corviknight, M|
|poke|p1|Volcanion|
|poke|p2|Weezing-Galar, F|
|poke|p2|Alomomola, M|
|poke|p2|Zapdos|
|poke|p2|Zamazenta-*|
|poke|p2|Landorus-Therian, M|
|poke|p2|Dragalge, F|
|teampreview
|j| ohko_smeargle
|inactive|Battle timer is ON: inactive players will automatically lose when time's up. (requested by EpicZimbabWue)
|c|☆EpicZimbabWue|Glhf
|inactive|Golisopodsupremacy has 120 seconds left.
|c|☆Golisopodsupremacy|glhf
|inactive|Golisopodsupremacy has 90 seconds left.
|
|t:|1776075233
|teamsize|p1|6
|teamsize|p2|6
|start
|switch|p1a: Kyurem|Kyurem, shiny|100/100
|switch|p2a: Landorus|Landorus-Therian, M|100/100
|-ability|p1a: Kyurem|Pressure
|-ability|p2a: Landorus|Intimidate|boost
|-unboost|p1a: Kyurem|atk|1
|turn|1
|inactive|EpicZimbabWue has 120 seconds left.
|
|t:|1776075265
|switch|p2a: Zamazenta|Zamazenta|100/100
|-ability|p2a: Zamazenta|Dauntless Shield|boost
|-boost|p2a: Zamazenta|def|1
|move|p1a: Kyurem|Freeze-Dry|p2a: Zamazenta
|-damage|p2a: Zamazenta|53/100
|
|upkeep
|turn|2
|inactive|EpicZimbabWue has 120 seconds left.
|
|t:|1776075281
|switch|p1a: Corviknight|Corviknight, M|100/100
|move|p2a: Zamazenta|Close Combat|p1a: Corviknight
|-damage|p1a: Corviknight|47/100
|-unboost|p2a: Zamazenta|def|1
|-unboost|p2a: Zamazenta|spd|1
|-damage|p2a: Zamazenta|37/100|[from] item: Rocky Helmet|[of] p1a: Corviknight
|
|upkeep
|turn|3
|inactive|Golisopodsupremacy has 120 seconds left.
|
|t:|1776075308
|switch|p1a: Alomomola|Alomomola, F|100/100
|move|p2a: Zamazenta|Close Combat|p1a: Alomomola
|-damage|p1a: Alomomola|46/100
|-unboost|p2a: Zamazenta|def|1
|-unboost|p2a: Zamazenta|spd|1
|
|upkeep
|turn|4
|inactive|Golisopodsupremacy has 120 seconds left.
|
|t:|1776075324
|move|p1a: Alomomola|Protect|p1a: Alomomola
|-singleturn|p1a: Alomomola|Protect
|move|p2a: Zamazenta|Close Combat|p1a: Alomomola
|-activate|p1a: Alomomola|move: Protect
|
|upkeep
|turn|5
|inactive|Golisopodsupremacy has 120 seconds left.
|
|t:|1776075335
|switch|p1a: Volcanion|Volcanion|100/100
|move|p2a: Zamazenta|Close Combat|p1a: Volcanion
|-damage|p1a: Volcanion|23/100
|-unboost|p2a: Zamazenta|def|1
|-unboost|p2a: Zamazenta|spd|1
|
|upkeep
|turn|6
|
|t:|1776075341
|move|p2a: Zamazenta|Close Combat|p1a: Volcanion
|-damage|p1a: Volcanion|0 fnt
|-unboost|p2a: Zamazenta|def|1
|-unboost|p2a: Zamazenta|spd|1
|faint|p1a: Volcanion
|
|upkeep
|
|t:|1776075343
|switch|p1a: Lokix|Lokix, M|100/100
|turn|7
|
|t:|1776075349
|switch|p2a: Landorus|Landorus-Therian, M|100/100
|-ability|p2a: Landorus|Intimidate|boost
|-unboost|p1a: Lokix|atk|1
|move|p1a: Lokix|First Impression|p2a: Landorus
|-resisted|p2a: Landorus
|-crit|p2a: Landorus
|-damage|p2a: Landorus|8/100
|-damage|p1a: Lokix|84/100|[from] item: Rocky Helmet|[of] p2a: Landorus
|
|upkeep
|turn|8
|
|t:|1776075358
|switch|p1a: Corviknight|Corviknight, M|47/100
|move|p2a: Landorus|Stealth Rock|p1a: Corviknight
|-sidestart|p1: Golisopodsupremacy|move: Stealth Rock
|
|upkeep
|turn|9
|
|t:|1776075362
|move|p2a: Landorus|Taunt|p1a: Corviknight
|-start|p1a: Corviknight|move: Taunt
|cant|p1a: Corviknight|move: Taunt|Roost
|
|upkeep
|turn|10
|
|t:|1776075370
|move|p2a: Landorus|U-turn|p1a: Corviknight
|-resisted|p1a: Corviknight
|-damage|p1a: Corviknight|44/100
|-damage|p2a: Landorus|0 fnt|[from] item: Rocky Helmet|[of] p1a: Corviknight
|faint|p2a: Landorus
|move|p1a: Corviknight|U-turn|p2: Landorus|[notarget]
|-fail|p1a: Corviknight
|
|upkeep
|
|t:|1776075380
|switch|p2a: Zamazenta|Zamazenta|37/100
|turn|11
|
|t:|1776075385
|-terastallize|p1a: Corviknight|Fairy
|move|p2a: Zamazenta|Close Combat|p1a: Corviknight
|-resisted|p1a: Corviknight
|-damage|p1a: Corviknight|16/100
|-unboost|p2a: Zamazenta|def|1
|-unboost|p2a: Zamazenta|spd|1
|-damage|p2a: Zamazenta|20/100|[from] item: Rocky Helmet|[of] p1a: Corviknight
|move|p1a: Corviknight|U-turn|p2a: Zamazenta
|-resisted|p2a: Zamazenta
|-damage|p2a: Zamazenta|10/100
|
|t:|1776075392
|switch|p1a: Alomomola|Alomomola, F|79/100|[from] U-turn
|
|upkeep
|turn|12
|
|t:|1776075404
|switch|p2a: Zapdos|Zapdos|100/100
|move|p1a: Alomomola|Wish|p1a: Alomomola
|
|upkeep
|turn|13
|
|t:|1776075417
|move|p2a: Zapdos|Discharge|p1a: Alomomola
|-supereffective|p1a: Alomomola
|-damage|p1a: Alomomola|0 fnt
|faint|p1a: Alomomola
|
|upkeep
|
|t:|1776075425
|switch|p1a: Raging Bolt|Raging Bolt|100/100
|-damage|p1a: Raging Bolt|88/100|[from] Stealth Rock
|turn|14
|
|t:|1776075448
|switch|p2a: Alomomola|Alomomola, M|100/100
|move|p1a: Raging Bolt|Calm Mind|p1a: Raging Bolt
|-boost|p1a: Raging Bolt|spa|1
|-boost|p1a: Raging Bolt|spd|1
|
|-heal|p1a: Raging Bolt|94/100|[from] item: Leftovers
|upkeep
|turn|15
|
|t:|1776075460
|move|p1a: Raging Bolt|Calm Mind|p1a: Raging Bolt
|-boost|p1a: Raging Bolt|spa|1
|-boost|p1a: Raging Bolt|spd|1
|move|p2a: Alomomola|Body Slam|p1a: Raging Bolt
|-damage|p1a: Raging Bolt|82/100
|
|-heal|p1a: Raging Bolt|88/100|[from] item: Leftovers
|upkeep
|turn|16
|
|t:|1776075463
|move|p1a: Raging Bolt|Thunderbolt|p2a: Alomomola
|-supereffective|p2a: Alomomola
|-damage|p2a: Alomomola|0 fnt
|faint|p2a: Alomomola
|
|-heal|p1a: Raging Bolt|94/100|[from] item: Leftovers
|upkeep
|inactive|EpicZimbabWue has 120 seconds left.
|
|t:|1776075504
|switch|p2a: Zapdos|Zapdos|100/100
|turn|17
|
|t:|1776075512
|move|p2a: Zapdos|Volt Switch|p1a: Raging Bolt
|-resisted|p1a: Raging Bolt
|-damage|p1a: Raging Bolt|91/100
|
|t:|1776075515
|switch|p2a: Zamazenta|Zamazenta|10/100|[from] Volt Switch
|move|p1a: Raging Bolt|Thunderbolt|p2a: Zamazenta
|-damage|p2a: Zamazenta|0 fnt
|faint|p2a: Zamazenta
|
|-heal|p1a: Raging Bolt|97/100|[from] item: Leftovers
|upkeep
|inactive|EpicZimbabWue has 120 seconds left.
|
|t:|1776075521
|switch|p2a: Dragalge|Dragalge, F|100/100
|turn|18
|
|t:|1776075527
|move|p1a: Raging Bolt|Dragon Pulse|p2a: Dragalge
|-supereffective|p2a: Dragalge
|-damage|p2a: Dragalge|0 fnt
|faint|p2a: Dragalge
|
|-heal|p1a: Raging Bolt|100/100|[from] item: Leftovers
|upkeep
|
|t:|1776075529
|switch|p2a: Weezing|Weezing-Galar, F|100/100
|-ability|p2a: Weezing|Neutralizing Gas
|turn|19
|
|t:|1776075534
|move|p1a: Raging Bolt|Thunderbolt|p2a: Weezing
|-damage|p2a: Weezing|0 fnt
|faint|p2a: Weezing
|-end|p2a: Weezing|ability: Neutralizing Gas
|
|upkeep
|
|t:|1776075536
|switch|p2a: Zapdos|Zapdos|100/100
|turn|20
|c|☆Golisopodsupremacy|gg
|
|t:|1776075540
|move|p2a: Zapdos|Hurricane|p1a: Raging Bolt|[miss]
|-miss|p2a: Zapdos|p1a: Raging Bolt
|move|p1a: Raging Bolt|Thunderbolt|p2a: Zapdos
|-damage|p2a: Zapdos|5/100
|
|upkeep
|turn|21
|
|t:|1776075544
|move|p1a: Raging Bolt|Thunderclap|p2a: Zapdos
|-damage|p2a: Zapdos|0 fnt
|faint|p2a: Zapdos
|
|win|Golisopodsupremacy
|raw|Golisopodsupremacy's rating: 1377 &rarr; <strong>1394</strong><br />(+17 for winning)
|raw|EpicZimbabWue's rating: 1326 &rarr; <strong>1309</strong><br />(-17 for losing)
|l| ohko_smeargle
|l|☆EpicZimbabWue
|player|p2|
|l|☆Golisopodsupremacy
|player|p1|
