|html|<div class="broadcast-blue"><strong>[Gen 9] OU is currently suspecting Tera Blast! For information on how to participate check out the <a href="https://www.smogon.com/tools/suspects/view/200">suspect thread</a>.</strong></div>
|j|☆peterraptor1
|j|☆lousiv
|t:|1776047803
|gametype|singles
|player|p1|peterraptor1|lance|1344
|player|p2|lousiv|volkner|1326
|gen|9
|tier|[Gen 9] OU
|rated|
|rule|HP Percentage Mod: HP is shown in percentages
|rule|Endless Battle Clause: Forcing endless battles is banned
|rule|Species Clause: Limit one of each Pokémon
|rule|OHKO Clause: OHKO moves are banned
|rule|Evasion Items Clause: Evasion items are banned
|rule|Evasion Moves Clause: Evasion moves are banned
|rule|Evasion Abilities Clause: Evasion abilities are banned
|rule|Sleep Moves Clause: Sleep-inducing moves are banned
|clearpoke
|poke|p1|Haxorus, M|
|poke|p1|Dragapult, M|
|poke|p1|Metagross|
|poke|p1|Serperior, M|
|poke|p1|Hitmonlee, M|
|poke|p1|Kingambit, M|
|poke|p2|Iron Valiant|
|poke|p2|Ogerpon-Wellspring, F|
|poke|p2|Dragapult, M|
|poke|p2|Great Tusk|
|poke|p2|Samurott-Hisui, M|
|poke|p2|Thundurus, M|
|teampreview
|inactive|Battle timer is ON: inactive players will automatically lose when time's up. (requested by peterraptor1)
|
|t:|1776047816
|teamsize|p1|6
|teamsize|p2|6
|start
|switch|p1a: Hitmonlee|Hitmonlee, M|100/100
|switch|p2a: Samurott|Samurott-Hisui, M|100/100
|turn|1
|
|t:|1776047823
|move|p2a: Samurott|Encore||[still]
|-fail|p2a: Samurott
|move|p1a: Hitmonlee|Knock Off|p2a: Samurott
|-resisted|p2a: Samurott
|-damage|p2a: Samurott|77/100
|-enditem|p2a: Samurott|Heavy-Duty Boots|[from] move: Knock Off|[of] p1a: Hitmonlee
|
|upkeep
|turn|2
|
|t:|1776047832
|switch|p1a: Serperior|Serperior, M, shiny|100/100
|move|p2a: Samurott|Encore||[still]
|-fail|p2a: Samurott
|
|upkeep
|turn|3
|
|t:|1776047838
|switch|p2a: Dragapult|Dragapult, M|100/100
|move|p1a: Serperior|Leaf Storm|p2a: Dragapult|[miss]
|-miss|p1a: Serperior|p2a: Dragapult
|
|upkeep
|turn|4
|
|t:|1776047842
|move|p2a: Dragapult|Draco Meteor|p1a: Serperior
|-damage|p1a: Serperior|0 fnt
|-unboost|p2a: Dragapult|spa|2
|faint|p1a: Serperior
|
|upkeep
|
|t:|1776047846
|switch|p1a: Metagross|Metagross, shiny|100/100
|turn|5
|
|t:|1776047848
|switch|p2a: Samurott|Samurott-Hisui, M|77/100
|move|p1a: Metagross|Agility|p1a: Metagross
|-boost|p1a: Metagross|spe|2
|
|upkeep
|turn|6
|
|t:|1776047852
|move|p1a: Metagross|Heavy Slam|p2a: Samurott
|-resisted|p2a: Samurott
|-damage|p2a: Samurott|29/100
|move|p2a: Samurott|Knock Off|p1a: Metagross
|-supereffective|p1a: Metagross
|-damage|p1a: Metagross|29/100
|-enditem|p1a: Metagross|Weakness Policy
|-boost|p1a: Metagross|atk|2|[from] item: Weakness Policy
|-boost|p1a: Metagross|spa|2|[from] item: Weakness Policy
|
|upkeep
|turn|7
|
|t:|1776047859
|move|p1a: Metagross|Heavy Slam|p2a: Samurott
|-resisted|p2a: Samurott
|-damage|p2a: Samurott|0 fnt
|faint|p2a: Samurott
|
|upkeep
|
|t:|1776047877
|switch|p2a: Ogerpon|Ogerpon-Wellspring, F|100/100
|turn|8
|
|t:|1776047887
|move|p1a: Metagross|Psychic Fangs|p2a: Ogerpon
|-damage|p2a: Ogerpon|0 fnt
|faint|p2a: Ogerpon
|
|upkeep
|
|t:|1776047894
|switch|p2a: Iron Valiant|Iron Valiant|100/100
|-enditem|p2a: Iron Valiant|Booster Energy
|-activate|p2a: Iron Valiant|ability: Quark Drive|[fromitem]
|-start|p2a: Iron Valiant|quarkdrivespe
|turn|9
|
|t:|1776047903
|move|p2a: Iron Valiant|Close Combat|p1a: Metagross
|-damage|p1a: Metagross|0 fnt
|-unboost|p2a: Iron Valiant|def|1
|-unboost|p2a: Iron Valiant|spd|1
|faint|p1a: Metagross
|
|upkeep
|
|t:|1776047909
|switch|p1a: Hitmonlee|Hitmonlee, M|100/100
|turn|10
|
|t:|1776047913
|move|p1a: Hitmonlee|Endure|p1a: Hitmonlee
|-singleturn|p1a: Hitmonlee|move: Endure
|move|p2a: Iron Valiant|Moonblast|p1a: Hitmonlee
|-supereffective|p1a: Hitmonlee
|-activate|p1a: Hitmonlee|move: Endure
|-damage|p1a: Hitmonlee|1/100
|-enditem|p1a: Hitmonlee|Liechi Berry|[eat]
|-boost|p1a: Hitmonlee|atk|1|[from] item: Liechi Berry
|
|upkeep
|turn|11
|
|t:|1776047917
|-end|p2a: Iron Valiant|Quark Drive|[silent]
|switch|p2a: Dragapult|Dragapult, M|100/100
|move|p1a: Hitmonlee|Reversal|p2a: Dragapult
|-immune|p2a: Dragapult
|
|upkeep
|turn|12
|
|t:|1776047923
|move|p1a: Hitmonlee|Knock Off|p2a: Dragapult
|-supereffective|p2a: Dragapult
|-damage|p2a: Dragapult|0 fnt
|-enditem|p2a: Dragapult|Choice Specs|[from] move: Knock Off|[of] p1a: Hitmonlee
|faint|p2a: Dragapult
|
|upkeep
|
|t:|1776047925
|switch|p2a: Great Tusk|Great Tusk|100/100
|turn|13
|
|t:|1776047927
|move|p1a: Hitmonlee|Reversal|p2a: Great Tusk
|-damage|p2a: Great Tusk|0 fnt
|faint|p2a: Great Tusk
|-end|p2a: Great Tusk|Protosynthesis|[silent]
|
|upkeep
|-message|lousiv forfeited.
|
|win|peterraptor1
|raw|peterraptor1's rating: 1344 &rarr; <strong>1363</strong><br />(+19 for winning)
|raw|lousiv's rating: 1326 &rarr; <strong>1307</strong><br />(-19 for losing)
|l|☆lousiv
|player|p2|
|l|☆peterraptor1
|player|p1|
