|html|<div class="broadcast-blue"><strong>[Gen 9] OU is currently suspecting Tera Blast! For information on how to participate check out the <a href="https://www.smogon.com/tools/suspects/view/200">suspect thread</a>.</strong></div>
|j|☆ysfninja
|j|☆gem heist
|t:|1776113085
|gametype|singles
|player|p1|ysfninja|265|1080
|player|p2|gem heist|scientistf|1102
|gen|9
|tier|[Gen 9] OU
|rated|
|rule|HP Percentage Mod: HP is shown in percentages
|rule|Endless Battle Clause: Forcing endless battles is banned
|rule|Species Clause: Limit one of each Pokémon
|rule|OHKO Clause: OHKO moves are banned
|rule|Evasion Items Clause: Evasion items are banned
|rule|Evasion Moves Clause: Evasion moves are banned
|rule|Evasion Abilities Clause: Evasion abilities are banned
|rule|Sleep Moves Clause: Sleep-inducing moves are banned
|clearpoke
|poke|p1|Gardevoir, M|
|poke|p1|Lucario, M|
|poke|p1|Talonflame, F|
|poke|p1|Greninja-*, M|
|poke|p1|Luxray, M|
|poke|p1|Conkeldurr, M|
|poke|p2|Ursaluna, F|
|poke|p2|Deoxys-Speed|
|poke|p2|Glimmora, F|
|poke|p2|Gholdengo|
|poke|p2|Rillaboom, M|
|poke|p2|Alomomola, F|
|teampreview
|j| ohko_smeargle
|inactive|Battle timer is ON: inactive players will automatically lose when time's up. (requested by ysfninja)
|
|t:|1776113115
|teamsize|p1|6
|teamsize|p2|6
|start
|switch|p1a: Conkeldurr|Conkeldurr, M|100/100
|switch|p2a: Deoxys|Deoxys-Speed|100/100
|-ability|p2a: Deoxys|Pressure
|turn|1
|
|t:|1776113121
|move|p2a: Deoxys|Reflect|p2a: Deoxys
|-sidestart|p2: gem heist|Reflect
|move|p1a: Conkeldurr|Bulk Up|p1a: Conkeldurr
|-boost|p1a: Conkeldurr|atk|1
|-boost|p1a: Conkeldurr|def|1
|
|upkeep
|turn|2
|
|t:|1776113132
|move|p2a: Deoxys|Psycho Boost|p1a: Conkeldurr
|-supereffective|p1a: Conkeldurr
|-damage|p1a: Conkeldurr|0 fnt
|-unboost|p2a: Deoxys|spa|2
|faint|p1a: Conkeldurr
|
|upkeep
|
|t:|1776113143
|switch|p1a: Talonflame|Talonflame, F|100/100
|turn|3
|
|t:|1776113149
|switch|p2a: Glimmora|Glimmora, F|100/100
|move|p1a: Talonflame|Flamethrower|p2a: Glimmora
|-resisted|p2a: Glimmora
|-damage|p2a: Glimmora|88/100
|-enditem|p2a: Glimmora|Red Card|[of] p1a: Talonflame
|drag|p1a: Lucario|Lucario, M|100/100
|
|upkeep
|turn|4
|
|t:|1776113155
|switch|p1a: Greninja|Greninja, M|100/100
|move|p2a: Glimmora|Earth Power|p1a: Greninja
|-damage|p1a: Greninja|56/100
|-unboost|p1a: Greninja|spd|1
|
|upkeep
|turn|5
|
|t:|1776113177
|switch|p2a: Rillaboom|Rillaboom, M|100/100
|-fieldstart|move: Grassy Terrain|[from] ability: Grassy Surge|[of] p2a: Rillaboom
|move|p1a: Greninja|Ice Beam|p2a: Rillaboom
|-supereffective|p2a: Rillaboom
|-damage|p2a: Rillaboom|11/100
|-damage|p1a: Greninja|46/100|[from] item: Life Orb
|
|-heal|p1a: Greninja|52/100|[from] Grassy Terrain
|-heal|p2a: Rillaboom|18/100|[from] Grassy Terrain
|upkeep
|turn|6
|
|t:|1776113186
|move|p2a: Rillaboom|Grassy Glide|p1a: Greninja
|-supereffective|p1a: Greninja
|-damage|p1a: Greninja|0 fnt
|faint|p1a: Greninja
|-damage|p2a: Rillaboom|8/100|[from] item: Life Orb
|
|-heal|p2a: Rillaboom|14/100|[from] Grassy Terrain
|upkeep
|
|t:|1776113202
|switch|p1a: Lucario|Lucario, M|100/100
|turn|7
|
|t:|1776113211
|move|p2a: Rillaboom|Grassy Glide|p1a: Lucario
|-resisted|p1a: Lucario
|-damage|p1a: Lucario|61/100
|-damage|p2a: Rillaboom|4/100|[from] item: Life Orb
|move|p1a: Lucario|Swords Dance|p1a: Lucario
|-boost|p1a: Lucario|atk|2
|
|-heal|p1a: Lucario|67/100|[from] Grassy Terrain
|-heal|p2a: Rillaboom|10/100|[from] Grassy Terrain
|upkeep
|turn|8
|
|t:|1776113222
|switch|p2a: Gholdengo|Gholdengo|100/100
|-enditem|p2a: Gholdengo|Grassy Seed
|-boost|p2a: Gholdengo|def|1|[from] item: Grassy Seed
|move|p1a: Lucario|Extreme Speed|p2a: Gholdengo
|-immune|p2a: Gholdengo
|
|-heal|p1a: Lucario|73/100|[from] Grassy Terrain
|-sideend|p2: gem heist|Reflect
|upkeep
|turn|9
|
|t:|1776113236
|switch|p1a: Talonflame|Talonflame, F|100/100
|move|p2a: Gholdengo|Nasty Plot|p2a: Gholdengo
|-boost|p2a: Gholdengo|spa|2
|
|-fieldend|move: Grassy Terrain
|upkeep
|turn|10
|
|t:|1776113265
|move|p1a: Talonflame|Will-O-Wisp|p2a: Gholdengo
|-immune|p2a: Gholdengo|[from] ability: Good as Gold
|move|p2a: Gholdengo|Shadow Ball|p1a: Talonflame
|-damage|p1a: Talonflame|2/100
|
|upkeep
|turn|11
|
|t:|1776113272
|move|p1a: Talonflame|Flamethrower|p2a: Gholdengo
|-supereffective|p2a: Gholdengo
|-damage|p2a: Gholdengo|61/100
|move|p2a: Gholdengo|Shadow Ball|p1a: Talonflame
|-damage|p1a: Talonflame|0 fnt
|faint|p1a: Talonflame
|
|upkeep
|
|t:|1776113281
|switch|p1a: Gardevoir|Gardevoir, M|100/100
|-ability|p1a: Gardevoir|Good as Gold|Trace|[from] ability: Trace|[of] p2a: Gholdengo
|turn|12
|
|t:|1776113293
|move|p1a: Gardevoir|Healing Wish|p1a: Gardevoir
|faint|p1a: Gardevoir
|move|p2a: Gholdengo|Shadow Ball|p1: Gardevoir|[notarget]
|-fail|p2a: Gholdengo
|
|upkeep
|
|t:|1776113306
|switch|p1a: Lucario|Lucario, M|73/100
|-heal|p1a: Lucario|100/100|[from] move: Healing Wish
|turn|13
|inactive|gem heist has 120 seconds left.
|
|t:|1776113347
|switch|p1a: Luxray|Luxray, M|100/100
|move|p2a: Gholdengo|Recover|p2a: Gholdengo
|-heal|p2a: Gholdengo|100/100
|
|-status|p1a: Luxray|brn|[from] item: Flame Orb
|upkeep
|turn|14
|
|t:|1776113359
|move|p1a: Luxray|Discharge|p2a: Gholdengo
|-damage|p2a: Gholdengo|78/100
|move|p2a: Gholdengo|Shadow Ball|p1a: Luxray
|-damage|p1a: Luxray|0 fnt
|faint|p1a: Luxray
|
|upkeep
|inactive|ysfninja has 120 seconds left.
|c|☆ysfninja|F u stupid meta sucker
|-message|ysfninja forfeited.
|
|win|gem heist
