|html|<div class="broadcast-blue"><strong>[Gen 9] OU is currently suspecting Tera Blast! For information on how to participate check out the <a href="https://www.smogon.com/tools/suspects/view/200">suspect thread</a>.</strong></div>
|j|☆fernasblast
|j|☆untitled007
|t:|1776073234
|gametype|singles
|player|p1|fernasblast|cynthia|1199
|player|p2|untitled007|266|1195
|gen|9
|tier|[Gen 9] OU
|rated|
|rule|HP Percentage Mod: HP is shown in percentages
|rule|Endless Battle Clause: Forcing endless battles is banned
|rule|Species Clause: Limit one of each Pokémon
|rule|OHKO Clause: OHKO moves are banned
|rule|Evasion Items Clause: Evasion items are banned
|rule|Evasion Moves Clause: Evasion moves are banned
|rule|Evasion Abilities Clause: Evasion abilities are banned
|rule|Sleep Moves Clause: Sleep-inducing moves are banned
|clearpoke
|poke|p1|Torkoal, M|
|poke|p1|Venusaur, F|
|poke|p1|Hydreigon, F|
|poke|p1|Chandelure, F|
|poke|p1|Samurott-Hisui, F|
|poke|p1|Dragonite, M|
|poke|p2|Slowbro-Galar, F|
|poke|p2|Weavile, F|
|poke|p2|Cinderace, M|
|poke|p2|Kyurem|
|poke|p2|Landorus-Therian, M|
|poke|p2|Dragapult, M|
|teampreview
|j| belugadelastreet
|
|t:|1776073241
|teamsize|p1|6
|teamsize|p2|6
|start
|switch|p1a: Samurott|Samurott-Hisui, F, shiny|100/100
|switch|p2a: Landorus|Landorus-Therian, M|100/100
|-ability|p2a: Landorus|Intimidate|boost
|-unboost|p1a: Samurott|atk|1
|turn|1
|
|t:|1776073246
|move|p2a: Landorus|U-turn|p1a: Samurott
|-supereffective|p1a: Samurott
|-damage|p1a: Samurott|20/100
|
|t:|1776073260
|switch|p2a: Weavile|Weavile, F|100/100|[from] U-turn
|-ability|p2a: Weavile|Pressure
|move|p1a: Samurott|Ceaseless Edge|p2a: Weavile
|-resisted|p2a: Weavile
|-damage|p2a: Weavile|74/100
|-sidestart|p2: untitled007|Spikes
|
|-heal|p1a: Samurott|26/100|[from] item: Leftovers
|upkeep
|turn|2
|
|t:|1776073271
|move|p2a: Weavile|Fake Out|p1a: Samurott
|-damage|p1a: Samurott|2/100
|-damage|p2a: Weavile|64/100|[from] item: Life Orb
|cant|p1a: Samurott|flinch
|
|-heal|p1a: Samurott|9/100|[from] item: Leftovers
|upkeep
|turn|3
|
|t:|1776073275
|move|p2a: Weavile|Ice Shard|p1a: Samurott
|-resisted|p1a: Samurott
|-damage|p1a: Samurott|0 fnt
|faint|p1a: Samurott
|-damage|p2a: Weavile|54/100|[from] item: Life Orb
|
|upkeep
|
|t:|1776073281
|switch|p1a: Torkoal|Torkoal, M, shiny|100/100
|-weather|SunnyDay|[from] ability: Drought|[of] p1a: Torkoal
|turn|4
|
|t:|1776073293
|move|p2a: Weavile|Knock Off|p1a: Torkoal
|-damage|p1a: Torkoal|64/100
|-enditem|p1a: Torkoal|Heavy-Duty Boots|[from] move: Knock Off|[of] p2a: Weavile
|-damage|p2a: Weavile|44/100|[from] item: Life Orb
|move|p1a: Torkoal|Stealth Rock|p2a: Weavile
|-sidestart|p2: untitled007|move: Stealth Rock
|
|-weather|SunnyDay|[upkeep]
|upkeep
|turn|5
|
|t:|1776073298
|switch|p2a: Cinderace|Cinderace, M|100/100
|move|p1a: Torkoal|Lava Plume|p2a: Cinderace
|-resisted|p2a: Cinderace
|-damage|p2a: Cinderace|75/100
|
|-weather|SunnyDay|[upkeep]
|upkeep
|turn|6
|
|t:|1776073304
|move|p2a: Cinderace|Court Change|p2a: Cinderace
|-start|p2a: Cinderace|typechange|Normal|[from] ability: Libero
|-swapsideconditions
|-activate|p2a: Cinderace|move: Court Change
|move|p1a: Torkoal|Rapid Spin|p2a: Cinderace
|-damage|p2a: Cinderace|61/100
|-boost|p1a: Torkoal|spe|1
|-sideend|p1: fernasblast|Spikes|[from] move: Rapid Spin|[of] p1a: Torkoal
|-sideend|p1: fernasblast|Stealth Rock|[from] move: Rapid Spin|[of] p1a: Torkoal
|
|-weather|SunnyDay|[upkeep]
|upkeep
|turn|7
|
|t:|1776073312
|move|p2a: Cinderace|U-turn|p1a: Torkoal
|-resisted|p1a: Torkoal
|-damage|p1a: Torkoal|57/100
|
|t:|1776073318
|switch|p2a: Landorus|Landorus-Therian, M|100/100|[from] U-turn
|-ability|p2a: Landorus|Intimidate|boost
|-unboost|p1a: Torkoal|atk|1
|move|p1a: Torkoal|Body Press|p2a: Landorus
|-resisted|p2a: Landorus
|-damage|p2a: Landorus|82/100
|
|-weather|SunnyDay|[upkeep]
|upkeep
|turn|8
|
|t:|1776073324
|move|p2a: Landorus|Stone Edge|p1a: Torkoal
|-supereffective|p1a: Torkoal
|-damage|p1a: Torkoal|6/100
|move|p1a: Torkoal|Stealth Rock|p2a: Landorus
|-sidestart|p2: untitled007|move: Stealth Rock
|
|-weather|none
|upkeep
|turn|9
|
|t:|1776073331
|move|p2a: Landorus|Stone Edge|p1a: Torkoal
|-supereffective|p1a: Torkoal
|-damage|p1a: Torkoal|0 fnt
|faint|p1a: Torkoal
|
|upkeep
|
|t:|1776073334
|switch|p1a: Dragonite|Dragonite, M, shiny|100/100
|turn|10
|
|t:|1776073339
|move|p2a: Landorus|Stone Edge|p1a: Dragonite
|-supereffective|p1a: Dragonite
|-damage|p1a: Dragonite|55/100
|-enditem|p1a: Dragonite|Weakness Policy
|-boost|p1a: Dragonite|atk|2|[from] item: Weakness Policy
|-boost|p1a: Dragonite|spa|2|[from] item: Weakness Policy
|move|p1a: Dragonite|Dragon Dance|p1a: Dragonite
|-boost|p1a: Dragonite|atk|1
|-boost|p1a: Dragonite|spe|1
|
|upkeep
|turn|11
|
|t:|1776073354
|-terastallize|p2a: Landorus|Steel
|-terastallize|p1a: Dragonite|Normal
|move|p2a: Landorus|Stone Edge|p1a: Dragonite
|-damage|p1a: Dragonite|6/100
|move|p1a: Dragonite|Dragon Dance|p1a: Dragonite
|-boost|p1a: Dragonite|atk|1
|-boost|p1a: Dragonite|spe|1
|
|upkeep
|turn|12
|
|t:|1776073362
|move|p1a: Dragonite|Fire Punch|p2a: Landorus
|-supereffective|p2a: Landorus
|-damage|p2a: Landorus|0 fnt
|faint|p2a: Landorus
|
|upkeep
|
|t:|1776073365
|switch|p2a: Weavile|Weavile, F|44/100
|-damage|p2a: Weavile|19/100|[from] Stealth Rock
|-ability|p2a: Weavile|Pressure
|turn|13
|
|t:|1776073370
|move|p2a: Weavile|Fake Out|p1a: Dragonite
|-damage|p1a: Dragonite|0 fnt
|faint|p1a: Dragonite
|-damage|p2a: Weavile|9/100|[from] item: Life Orb
|
|upkeep
|
|t:|1776073382
|switch|p1a: Chandelure|Chandelure, F, shiny|100/100
|turn|14
|
|t:|1776073385
|move|p1a: Chandelure|Shadow Ball|p2a: Weavile
|-resisted|p2a: Weavile
|-damage|p2a: Weavile|0 fnt
|faint|p2a: Weavile
|
|upkeep
|
|t:|1776073388
|switch|p2a: Cinderace|Cinderace, M|61/100
|turn|15
|
|t:|1776073394
|move|p1a: Chandelure|Shadow Ball|p2a: Cinderace
|-damage|p2a: Cinderace|1/100
|move|p2a: Cinderace|Court Change|p2a: Cinderace
|-start|p2a: Cinderace|typechange|Normal|[from] ability: Libero
|-swapsideconditions
|-activate|p2a: Cinderace|move: Court Change
|
|upkeep
|turn|16
|
|t:|1776073402
|switch|p1a: Venusaur|Venusaur, F, shiny|100/100
|-damage|p1a: Venusaur|88/100|[from] Stealth Rock
|move|p2a: Cinderace|U-turn|p1a: Venusaur
|-damage|p1a: Venusaur|58/100
|
|t:|1776073406
|switch|p2a: Kyurem|Kyurem|100/100|[from] U-turn
|-ability|p2a: Kyurem|Pressure
|
|-heal|p1a: Venusaur|64/100|[from] item: Black Sludge
|upkeep
|turn|17
|
|t:|1776073413
|move|p2a: Kyurem|Freeze-Dry|p1a: Venusaur
|-supereffective|p1a: Venusaur
|-damage|p1a: Venusaur|0 fnt
|faint|p1a: Venusaur
|
|upkeep
|
|t:|1776073420
|switch|p1a: Chandelure|Chandelure, F, shiny|100/100
|-damage|p1a: Chandelure|76/100|[from] Stealth Rock
|turn|18
|
|t:|1776073423
|switch|p2a: Cinderace|Cinderace, M|1/100
|move|p1a: Chandelure|Shadow Ball|p2a: Cinderace
|-damage|p2a: Cinderace|0 fnt
|faint|p2a: Cinderace
|
|upkeep
|
|t:|1776073435
|switch|p2a: Kyurem|Kyurem|100/100
|-ability|p2a: Kyurem|Pressure
|turn|19
|
|t:|1776073440
|switch|p1a: Hydreigon|Hydreigon, F, shiny|100/100
|-damage|p1a: Hydreigon|88/100|[from] Stealth Rock
|move|p2a: Kyurem|Shadow Ball|p1a: Hydreigon
|-resisted|p1a: Hydreigon
|-damage|p1a: Hydreigon|72/100
|
|upkeep
|turn|20
|
|t:|1776073449
|switch|p2a: Slowbro|Slowbro-Galar, F, shiny|100/100
|move|p1a: Hydreigon|Draco Meteor|p2a: Slowbro
|-damage|p2a: Slowbro|0 fnt
|-unboost|p1a: Hydreigon|spa|2
|faint|p2a: Slowbro
|
|upkeep
|
|t:|1776073452
|switch|p2a: Dragapult|Dragapult, M, shiny|100/100
|turn|21
|
|t:|1776073454
|move|p2a: Dragapult|Draco Meteor|p1a: Hydreigon|[miss]
|-miss|p2a: Dragapult|p1a: Hydreigon
|move|p1a: Hydreigon|Draco Meteor|p2a: Dragapult
|-supereffective|p2a: Dragapult
|-damage|p2a: Dragapult|0 fnt
|-unboost|p1a: Hydreigon|spa|2
|faint|p2a: Dragapult
|
|upkeep
|
|t:|1776073460
|switch|p2a: Kyurem|Kyurem|100/100
|-ability|p2a: Kyurem|Pressure
|turn|22
|
|t:|1776073466
|move|p2a: Kyurem|Freeze-Dry|p1a: Hydreigon
|-supereffective|p1a: Hydreigon
|-damage|p1a: Hydreigon|0 fnt
|faint|p1a: Hydreigon
|
|upkeep
|
|t:|1776073469
|switch|p1a: Chandelure|Chandelure, F, shiny|76/100
|-damage|p1a: Chandelure|51/100|[from] Stealth Rock
|turn|23
|
|t:|1776073472
|move|p2a: Kyurem|Freeze-Dry|p1a: Chandelure
|-resisted|p1a: Chandelure
|-damage|p1a: Chandelure|25/100
|move|p1a: Chandelure|Fire Blast|p2a: Kyurem|[miss]
|-miss|p1a: Chandelure|p2a: Kyurem
|
|upkeep
|turn|24
|
|t:|1776073476
|move|p2a: Kyurem|Freeze-Dry|p1a: Chandelure
|-resisted|p1a: Chandelure
|-damage|p1a: Chandelure|0 fnt
|faint|p1a: Chandelure
|
|win|untitled007
|raw|fernasblast's rating: 1199 &rarr; <strong>1174</strong><br />(-25 for losing)
|raw|untitled007's rating: 1195 &rarr; <strong>1220</strong><br />(+25 for winning)
|l|☆fernasblast
|player|p1|
|l|☆untitled007
|player|p2|
|l| belugadelastreet
