|html|<div class="broadcast-blue"><strong>[Gen 9] OU is currently suspecting Tera Blast! For information on how to participate check out the <a href="https://www.smogon.com/tools/suspects/view/200">suspect thread</a>.</strong></div>
|j|☆Dat boii fam
|j|☆bahnmiking
|t:|1776070253
|gametype|singles
|player|p1|Dat boii fam|li|1668
|player|p2|bahnmiking|bianca|1654
|gen|9
|tier|[Gen 9] OU
|rated|
|rule|HP Percentage Mod: HP is shown in percentages
|rule|Endless Battle Clause: Forcing endless battles is banned
|rule|Species Clause: Limit one of each Pokémon
|rule|OHKO Clause: OHKO moves are banned
|rule|Evasion Items Clause: Evasion items are banned
|rule|Evasion Moves Clause: Evasion moves are banned
|rule|Evasion Abilities Clause: Evasion abilities are banned
|rule|Sleep Moves Clause: Sleep-inducing moves are banned
|clearpoke
|poke|p1|Alomomola, M|
|poke|p1|Landorus-Therian, M|
|poke|p1|Zapdos|
|poke|p1|Tornadus-Therian, M|
|poke|p1|Scizor, M|
|poke|p1|Amoonguss, F|
|poke|p2|Enamorus, F|
|poke|p2|Ogerpon-Wellspring, F|
|poke|p2|Zamazenta-*|
|poke|p2|Dragonite, F|
|poke|p2|Glimmora, M|
|poke|p2|Iron Moth|
|teampreview
|inactive|Battle timer is ON: inactive players will automatically lose when time's up. (requested by bahnmiking)
|inactive|Dat boii fam has 120 seconds left.
|
|t:|1776070318
|teamsize|p1|6
|teamsize|p2|6
|start
|switch|p1a: Landorus|Landorus-Therian, M|100/100
|switch|p2a: Billions Must Shy|Glimmora, M|100/100
|-ability|p1a: Landorus|Intimidate|boost
|-unboost|p2a: Billions Must Shy|atk|1
|turn|1
|
|t:|1776070326
|move|p1a: Landorus|Earthquake|p2a: Billions Must Shy
|-supereffective|p2a: Billions Must Shy
|-enditem|p2a: Billions Must Shy|Focus Sash
|-damage|p2a: Billions Must Shy|1/100
|-activate|p2a: Billions Must Shy|ability: Toxic Debris
|-sidestart|p1: Dat boii fam|move: Toxic Spikes
|move|p2a: Billions Must Shy|Stealth Rock|p1a: Landorus
|-sidestart|p1: Dat boii fam|move: Stealth Rock
|
|upkeep
|turn|2
|
|t:|1776070334
|switch|p1a: Scizor|Scizor, M|100/100
|move|p2a: Billions Must Shy|Mortal Spin|p1a: Scizor
|-immune|p1a: Scizor
|
|upkeep
|turn|3
|
|t:|1776070341
|move|p1a: Scizor|Bullet Punch|p2a: Billions Must Shy
|-supereffective|p2a: Billions Must Shy
|-damage|p2a: Billions Must Shy|0 fnt
|-activate|p2a: Billions Must Shy|ability: Toxic Debris
|-sidestart|p1: Dat boii fam|move: Toxic Spikes
|faint|p2a: Billions Must Shy
|
|upkeep
|
|t:|1776070345
|switch|p2a: Billions Must Fry|Iron Moth|100/100
|-enditem|p2a: Billions Must Fry|Booster Energy
|-activate|p2a: Billions Must Fry|ability: Quark Drive|[fromitem]
|-start|p2a: Billions Must Fry|quarkdrivespe
|turn|4
|
|t:|1776070366
|switch|p1a: Zapdos|Zapdos|100/100
|move|p2a: Billions Must Fry|Fiery Dance|p1a: Zapdos
|-damage|p1a: Zapdos|62/100
|-boost|p2a: Billions Must Fry|spa|1
|
|upkeep
|turn|5
|
|t:|1776070373
|move|p2a: Billions Must Fry|Fiery Dance|p1a: Zapdos
|-damage|p1a: Zapdos|5/100
|move|p1a: Zapdos|Discharge|p2a: Billions Must Fry
|-damage|p2a: Billions Must Fry|60/100
|-status|p2a: Billions Must Fry|par
|
|upkeep
|turn|6
|
|t:|1776070380
|move|p2a: Billions Must Fry|Fiery Dance|p1a: Zapdos
|-damage|p1a: Zapdos|0 fnt
|faint|p1a: Zapdos
|
|upkeep
|
|t:|1776070386
|switch|p1a: Landorus|Landorus-Therian, M|100/100
|-damage|p1a: Landorus|88/100|[from] Stealth Rock
|-ability|p1a: Landorus|Intimidate|boost
|-unboost|p2a: Billions Must Fry|atk|1
|turn|7
|
|t:|1776070392
|-end|p2a: Billions Must Fry|Quark Drive|[silent]
|switch|p2a: Billions Must Cry|Ogerpon-Wellspring, F|100/100
|move|p1a: Landorus|Rock Slide|p2a: Billions Must Cry
|-damage|p2a: Billions Must Cry|58/100
|
|upkeep
|turn|8
|
|t:|1776070399
|switch|p1a: Amoonguss|Amoonguss, F|100/100
|-sideend|p1: Dat boii fam|move: Toxic Spikes|[of] p1a: Amoonguss
|-damage|p1a: Amoonguss|88/100|[from] Stealth Rock
|move|p2a: Billions Must Cry|U-turn|p1a: Amoonguss
|-damage|p1a: Amoonguss|66/100
|-damage|p2a: Billions Must Cry|41/100|[from] item: Rocky Helmet|[of] p1a: Amoonguss
|
|t:|1776070404
|switch|p2a: Billions Must Fry|Iron Moth|60/100 par|[from] U-turn
|
|upkeep
|turn|9
|
|t:|1776070412
|switch|p1a: Alomomola|Alomomola, M|100/100
|move|p2a: Billions Must Fry|Fiery Dance|p1a: Alomomola
|-resisted|p1a: Alomomola
|-damage|p1a: Alomomola|80/100
|
|upkeep
|turn|10
|
|t:|1776070418
|move|p2a: Billions Must Fry|Energy Ball|p1a: Alomomola
|-supereffective|p1a: Alomomola
|-damage|p1a: Alomomola|15/100
|move|p1a: Alomomola|Flip Turn|p2a: Billions Must Fry
|-supereffective|p2a: Billions Must Fry
|-damage|p2a: Billions Must Fry|10/100 par
|
|t:|1776070430
|switch|p1a: Scizor|Scizor, M|100/100|[from] Flip Turn
|
|upkeep
|turn|11
|
|t:|1776070433
|move|p1a: Scizor|Bullet Punch|p2a: Billions Must Fry
|-resisted|p2a: Billions Must Fry
|-damage|p2a: Billions Must Fry|0 fnt
|faint|p2a: Billions Must Fry
|-end|p2a: Billions Must Fry|Quark Drive|[silent]
|
|upkeep
|
|t:|1776070442
|switch|p2a: Billions Must Try|Zamazenta|100/100
|-ability|p2a: Billions Must Try|Dauntless Shield|boost
|-boost|p2a: Billions Must Try|def|1
|turn|12
|
|t:|1776070448
|switch|p1a: Amoonguss|Amoonguss, F|99/100
|-damage|p1a: Amoonguss|87/100|[from] Stealth Rock
|move|p2a: Billions Must Try|Close Combat|p1a: Amoonguss
|-resisted|p1a: Amoonguss
|-damage|p1a: Amoonguss|57/100
|-unboost|p2a: Billions Must Try|def|1
|-unboost|p2a: Billions Must Try|spd|1
|-damage|p2a: Billions Must Try|84/100|[from] item: Rocky Helmet|[of] p1a: Amoonguss
|-damage|p2a: Billions Must Try|74/100|[from] item: Life Orb
|
|upkeep
|turn|13
|
|t:|1776070458
|move|p2a: Billions Must Try|Ice Fang|p1a: Amoonguss
|-supereffective|p1a: Amoonguss
|-damage|p1a: Amoonguss|19/100
|-status|p1a: Amoonguss|frz
|-damage|p2a: Billions Must Try|57/100|[from] item: Rocky Helmet|[of] p1a: Amoonguss
|-damage|p2a: Billions Must Try|48/100|[from] item: Life Orb
|cant|p1a: Amoonguss|frz
|
|upkeep
|turn|14
|
|t:|1776070476
|move|p2a: Billions Must Try|Close Combat|p1a: Amoonguss
|-resisted|p1a: Amoonguss
|-damage|p1a: Amoonguss|0 fnt
|-unboost|p2a: Billions Must Try|def|1
|-unboost|p2a: Billions Must Try|spd|1
|-damage|p2a: Billions Must Try|31/100|[from] item: Rocky Helmet|[of] p1a: Amoonguss
|faint|p1a: Amoonguss
|-damage|p2a: Billions Must Try|21/100|[from] item: Life Orb
|
|upkeep
|
|t:|1776070485
|switch|p1a: Landorus|Landorus-Therian, M|88/100
|-damage|p1a: Landorus|75/100|[from] Stealth Rock
|-ability|p1a: Landorus|Intimidate|boost
|-unboost|p2a: Billions Must Try|atk|1
|turn|15
|
|t:|1776070491
|move|p1a: Landorus|U-turn|p2a: Billions Must Try
|-resisted|p2a: Billions Must Try
|-damage|p2a: Billions Must Try|2/100
|j| vtuber eats
|
|t:|1776070497
|switch|p1a: Alomomola|Alomomola, M|48/100|[from] U-turn
|move|p2a: Billions Must Try|Ice Fang|p1a: Alomomola
|-resisted|p1a: Alomomola
|-damage|p1a: Alomomola|43/100
|-damage|p2a: Billions Must Try|0 fnt|[from] item: Life Orb
|faint|p2a: Billions Must Try
|
|upkeep
|
|t:|1776070509
|switch|p2a: Billions Must Cry|Ogerpon-Wellspring, F|41/100
|turn|16
|
|t:|1776070524
|switch|p1a: Tornadus|Tornadus-Therian, M|100/100
|move|p2a: Billions Must Cry|Ivy Cudgel|p1a: Tornadus|[anim] Ivy Cudgel Water
|-damage|p1a: Tornadus|31/100
|
|upkeep
|turn|17
|j| 9qf2l
|
|t:|1776070549
|-terastallize|p2a: Billions Must Cry|Water
|detailschange|p2a: Billions Must Cry|Ogerpon-Wellspring-Tera, F, tera:Water
|-ability|p2a: Billions Must Cry|Embody Aspect (Wellspring)|boost
|-boost|p2a: Billions Must Cry|spd|1
|move|p1a: Tornadus|Bleakwind Storm|p2a: Billions Must Cry
|-damage|p2a: Billions Must Cry|3/100
|move|p2a: Billions Must Cry|Ivy Cudgel|p1a: Tornadus|[anim] Ivy Cudgel Water
|-damage|p1a: Tornadus|0 fnt
|faint|p1a: Tornadus
|
|upkeep
|l| 9qf2l
|
|t:|1776070567
|switch|p1a: Scizor|Scizor, M|100/100
|turn|18
|
|t:|1776070570
|move|p1a: Scizor|Bullet Punch|p2a: Billions Must Cry
|-resisted|p2a: Billions Must Cry
|-damage|p2a: Billions Must Cry|0 fnt
|faint|p2a: Billions Must Cry
|detailschange|p2: Billions Must Cry|Ogerpon-Wellspring, F|[silent]
|
|upkeep
|
|t:|1776070572
|switch|p2a: Billions Must Dye|Enamorus, F|100/100
|turn|19
|
|t:|1776070577
|move|p1a: Scizor|Bullet Punch|p2a: Billions Must Dye
|-supereffective|p2a: Billions Must Dye
|-damage|p2a: Billions Must Dye|20/100
|move|p2a: Billions Must Dye|Mystical Fire|p1a: Scizor
|-supereffective|p1a: Scizor
|-damage|p1a: Scizor|2/100
|-unboost|p1a: Scizor|spa|1
|
|upkeep
|turn|20
|
|t:|1776070585
|move|p1a: Scizor|Bullet Punch|p2a: Billions Must Dye
|-supereffective|p2a: Billions Must Dye
|-damage|p2a: Billions Must Dye|0 fnt
|faint|p2a: Billions Must Dye
|
|upkeep
|
|t:|1776070587
|switch|p2a: Billions Must Fly|Dragonite, F|100/100
|turn|21
|
|t:|1776070591
|move|p1a: Scizor|Bullet Punch|p2a: Billions Must Fly
|-damage|p2a: Billions Must Fly|86/100
|move|p2a: Billions Must Fly|Dragon Dance|p2a: Billions Must Fly
|-boost|p2a: Billions Must Fly|atk|1
|-boost|p2a: Billions Must Fly|spe|1
|
|upkeep
|turn|22
|
|t:|1776070597
|move|p1a: Scizor|Bullet Punch|p2a: Billions Must Fly
|-damage|p2a: Billions Must Fly|56/100
|move|p2a: Billions Must Fly|Dragon Dance|p2a: Billions Must Fly
|-boost|p2a: Billions Must Fly|atk|1
|-boost|p2a: Billions Must Fly|spe|1
|
|upkeep
|turn|23
|
|t:|1776070602
|move|p1a: Scizor|Bullet Punch|p2a: Billions Must Fly
|-damage|p2a: Billions Must Fly|22/100
|move|p2a: Billions Must Fly|Dragon Dance|p2a: Billions Must Fly
|-boost|p2a: Billions Must Fly|atk|1
|-boost|p2a: Billions Must Fly|spe|1
|
|upkeep
|turn|24
|
|t:|1776070611
|move|p2a: Billions Must Fly|Extreme Speed|p1a: Scizor
|-resisted|p1a: Scizor
|-damage|p1a: Scizor|0 fnt
|faint|p1a: Scizor
|
|upkeep
|
|t:|1776070616
|switch|p1a: Landorus|Landorus-Therian, M|75/100
|-damage|p1a: Landorus|63/100|[from] Stealth Rock
|-ability|p1a: Landorus|Intimidate|boost
|-unboost|p2a: Billions Must Fly|atk|1
|turn|25
|j| iloqkqnan
|
|t:|1776070621
|move|p2a: Billions Must Fly|Extreme Speed|p1a: Landorus
|-damage|p1a: Landorus|0 fnt
|faint|p1a: Landorus
|
|upkeep
|
|t:|1776070625
|switch|p1a: Alomomola|Alomomola, M|77/100
|turn|26
|
|t:|1776070628
|move|p2a: Billions Must Fly|Earthquake|p1a: Alomomola
|-damage|p1a: Alomomola|33/100
|move|p1a: Alomomola|Alluring Voice|p2a: Billions Must Fly
|-supereffective|p2a: Billions Must Fly
|-damage|p2a: Billions Must Fly|3/100
|
|upkeep
|turn|27
|c|☆Dat boii fam|so close
|c|☆Dat boii fam|gg
|
|t:|1776070637
|move|p2a: Billions Must Fly|Earthquake|p1a: Alomomola
|-damage|p1a: Alomomola|0 fnt
|faint|p1a: Alomomola
|
|win|bahnmiking
|raw|Dat boii fam's rating: 1668 &rarr; <strong>1647</strong><br />(-21 for losing)
|raw|bahnmiking's rating: 1654 &rarr; <strong>1675</strong><br />(+21 for winning)
|l|☆Dat boii fam
|player|p1|
|l| iloqkqnan
