|html|<div class="broadcast-blue"><strong>[Gen 9] OU is currently suspecting Tera Blast! For information on how to participate check out the <a href="https://www.smogon.com/tools/suspects/view/200">suspect thread</a>.</strong></div>
|j|☆magistermilitum420
|j|☆mudspad
|t:|1776274718
|gametype|singles
|player|p1|magistermilitum420|blue|1345
|player|p2|mudspad|bruno|1282
|gen|9
|tier|[Gen 9] OU
|rated|
|rule|HP Percentage Mod: HP is shown in percentages
|rule|Endless Battle Clause: Forcing endless battles is banned
|rule|Species Clause: Limit one of each Pokémon
|rule|OHKO Clause: OHKO moves are banned
|rule|Evasion Items Clause: Evasion items are banned
|rule|Evasion Moves Clause: Evasion moves are banned
|rule|Evasion Abilities Clause: Evasion abilities are banned
|rule|Sleep Moves Clause: Sleep-inducing moves are banned
|clearpoke
|poke|p1|Meowscarada, F|
|poke|p1|Great Tusk|
|poke|p1|Alomomola, F|
|poke|p1|Slowking-Galar, M|
|poke|p1|Iron Valiant|
|poke|p1|Heatran, F|
|poke|p2|Rillaboom, F|
|poke|p2|Iron Valiant|
|poke|p2|Heatran, F|
|poke|p2|Gholdengo|
|poke|p2|Great Tusk|
|poke|p2|Zamazenta-*|
|teampreview
|inactive|Battle timer is ON: inactive players will automatically lose when time's up. (requested by mudspad)
|
|t:|1776274736
|teamsize|p1|6
|teamsize|p2|6
|start
|switch|p1a: Mahad|Meowscarada, F, shiny|100/100
|switch|p2a: Clean up|Zamazenta|100/100
|-ability|p2a: Clean up|Dauntless Shield|boost
|-boost|p2a: Clean up|def|1
|turn|1
|
|t:|1776274743
|move|p1a: Mahad|U-turn|p2a: Clean up
|-start|p1a: Mahad|typechange|Bug|[from] ability: Protean
|-resisted|p2a: Clean up
|-damage|p2a: Clean up|89/100
|
|t:|1776274747
|switch|p1a: Charybdis|Alomomola, F, shiny|100/100|[from] U-turn
|move|p2a: Clean up|Close Combat|p1a: Charybdis
|-damage|p1a: Charybdis|67/100
|-unboost|p2a: Clean up|def|1
|-unboost|p2a: Clean up|spd|1
|-damage|p2a: Clean up|73/100|[from] item: Rocky Helmet|[of] p1a: Charybdis
|
|upkeep
|turn|2
|inactive|mudspad has 120 seconds left.
|
|t:|1776274789
|switch|p2a: Monkey|Rillaboom, F|100/100
|-fieldstart|move: Grassy Terrain|[from] ability: Grassy Surge|[of] p2a: Monkey
|move|p1a: Charybdis|Scald|p2a: Monkey
|-resisted|p2a: Monkey
|-damage|p2a: Monkey|91/100
|
|-heal|p2a: Monkey|97/100|[from] Grassy Terrain
|-heal|p1a: Charybdis|73/100|[from] Grassy Terrain
|upkeep
|turn|3
|inactive|mudspad has 90 seconds left.
|
|t:|1776274829
|switch|p1a: Vulcanus|Heatran, F, shiny|100/100
|move|p2a: Monkey|Swords Dance|p2a: Monkey
|-boost|p2a: Monkey|atk|2
|
|-heal|p2a: Monkey|100/100|[from] Grassy Terrain
|upkeep
|turn|4
|
|t:|1776274840
|-terastallize|p2a: Monkey|Fairy
|move|p1a: Vulcanus|Earth Power|p2a: Monkey
|-damage|p2a: Monkey|37/100
|move|p2a: Monkey|Swords Dance|p2a: Monkey
|-boost|p2a: Monkey|atk|2
|
|-heal|p2a: Monkey|43/100|[from] Grassy Terrain
|upkeep
|turn|5
|inactive|mudspad has 90 seconds left.
|
|t:|1776274862
|move|p2a: Monkey|Grassy Glide|p1a: Vulcanus
|-resisted|p1a: Vulcanus
|-damage|p1a: Vulcanus|59/100
|-damage|p2a: Monkey|33/100|[from] item: Life Orb
|move|p1a: Vulcanus|Earth Power|p2a: Monkey
|-damage|p2a: Monkey|0 fnt
|faint|p2a: Monkey
|
|-heal|p1a: Vulcanus|65/100|[from] Grassy Terrain
|upkeep
|
|t:|1776274867
|switch|p2a: Clean up|Zamazenta|73/100
|turn|6
|
|t:|1776274873
|switch|p1a: Charybdis|Alomomola, F, shiny|100/100
|move|p2a: Clean up|Close Combat|p1a: Charybdis
|-damage|p1a: Charybdis|68/100
|-unboost|p2a: Clean up|def|1
|-unboost|p2a: Clean up|spd|1
|-damage|p2a: Clean up|56/100|[from] item: Rocky Helmet|[of] p1a: Charybdis
|
|-heal|p2a: Clean up|62/100|[from] Grassy Terrain
|-heal|p1a: Charybdis|74/100|[from] Grassy Terrain
|-fieldend|move: Grassy Terrain
|upkeep
|turn|7
|inactive|mudspad has 90 seconds left.
|
|t:|1776274884
|switch|p2a: One trick|Iron Valiant|100/100
|-enditem|p2a: One trick|Booster Energy
|-activate|p2a: One trick|ability: Quark Drive|[fromitem]
|-start|p2a: One trick|quarkdrivespe
|move|p1a: Charybdis|Scald|p2a: One trick
|-damage|p2a: One trick|72/100
|
|upkeep
|turn|8
|
|t:|1776274894
|switch|p1a: Mithridates|Slowking-Galar, M|100/100
|move|p2a: One trick|Moonblast|p1a: Mithridates
|-resisted|p1a: Mithridates
|-damage|p1a: Mithridates|90/100
|
|upkeep
|turn|9
|
|t:|1776274906
|move|p2a: One trick|Knock Off|p1a: Mithridates
|-supereffective|p1a: Mithridates
|-damage|p1a: Mithridates|32/100
|-enditem|p1a: Mithridates|Assault Vest|[from] move: Knock Off|[of] p2a: One trick
|move|p1a: Mithridates|Psychic Noise|p2a: One trick
|-supereffective|p2a: One trick
|-damage|p2a: One trick|0 fnt
|faint|p2a: One trick
|-end|p2a: One trick|Quark Drive|[silent]
|
|upkeep
|
|t:|1776274910
|switch|p2a: Fraud|Gholdengo|100/100
|turn|10
|
|t:|1776274927
|move|p2a: Fraud|Nasty Plot|p2a: Fraud
|-boost|p2a: Fraud|spa|2
|move|p1a: Mithridates|Psychic Noise|p2a: Fraud
|-resisted|p2a: Fraud
|-damage|p2a: Fraud|87/100
|
|upkeep
|turn|11
|
|t:|1776274939
|move|p2a: Fraud|Shadow Ball|p1a: Mithridates
|-supereffective|p1a: Mithridates
|-damage|p1a: Mithridates|0 fnt
|faint|p1a: Mithridates
|
|upkeep
|
|t:|1776274944
|switch|p1a: Mahad|Meowscarada, F, shiny|100/100
|turn|12
|inactive|mudspad has 120 seconds left.
|
|t:|1776274955
|move|p1a: Mahad|Knock Off|p2a: Fraud
|-start|p1a: Mahad|typechange|Dark|[from] ability: Protean
|-supereffective|p2a: Fraud
|-damage|p2a: Fraud|4/100
|-enditem|p2a: Fraud|Covert Cloak|[from] move: Knock Off|[of] p1a: Mahad
|move|p2a: Fraud|Focus Blast|p1a: Mahad|[miss]
|-miss|p2a: Fraud|p1a: Mahad
|
|upkeep
|turn|13
|inactive|mudspad has 120 seconds left.
|c|☆mudspad|mannn
|
|t:|1776274970
|switch|p2a: stealth rock|Heatran, F, shiny|100/100
|-item|p2a: stealth rock|Air Balloon
|move|p1a: Mahad|Knock Off|p2a: stealth rock
|-damage|p2a: stealth rock|62/100
|-status|p1a: Mahad|brn|[from] ability: Flame Body|[of] p2a: stealth rock
|-enditem|p2a: stealth rock|Air Balloon
|
|-damage|p1a: Mahad|94/100 brn|[from] brn
|upkeep
|turn|14
|inactive|mudspad has 120 seconds left.
|
|t:|1776274982
|switch|p1a: Vulcanus|Heatran, F, shiny|65/100
|move|p2a: stealth rock|Stealth Rock|p1a: Vulcanus
|-sidestart|p1: magistermilitum420|move: Stealth Rock
|
|upkeep
|turn|15
|inactive|mudspad has 120 seconds left.
|
|t:|1776274989
|move|p1a: Vulcanus|Earth Power|p2a: stealth rock
|-supereffective|p2a: stealth rock
|-damage|p2a: stealth rock|0 fnt
|faint|p2a: stealth rock
|
|upkeep
|inactive|mudspad has 120 seconds left.
|
|t:|1776275001
|switch|p2a: Mid|Great Tusk|100/100
|-enditem|p2a: Mid|Booster Energy
|-activate|p2a: Mid|ability: Protosynthesis|[fromitem]
|-start|p2a: Mid|protosynthesisspe
|turn|16
|
|t:|1776275008
|switch|p1a: Charybdis|Alomomola, F, shiny|100/100
|-damage|p1a: Charybdis|88/100|[from] Stealth Rock
|move|p2a: Mid|Bulk Up|p2a: Mid
|-boost|p2a: Mid|atk|1
|-boost|p2a: Mid|def|1
|
|upkeep
|turn|17
|
|t:|1776275019
|move|p2a: Mid|Headlong Rush|p1a: Charybdis
|-damage|p1a: Charybdis|45/100
|-unboost|p2a: Mid|def|1
|-unboost|p2a: Mid|spd|1
|-damage|p2a: Mid|84/100|[from] item: Rocky Helmet|[of] p1a: Charybdis
|move|p1a: Charybdis|Scald|p2a: Mid
|-supereffective|p2a: Mid
|-damage|p2a: Mid|33/100
|
|upkeep
|turn|18
|
|t:|1776275028
|move|p2a: Mid|Head Smash|p1a: Charybdis
|-damage|p1a: Charybdis|10/100
|-damage|p2a: Mid|16/100|[from] item: Rocky Helmet|[of] p1a: Charybdis
|-damage|p2a: Mid|0 fnt|[from] Recoil
|faint|p2a: Mid
|-end|p2a: Mid|Protosynthesis|[silent]
|move|p1a: Charybdis|Wish|p1a: Charybdis
|
|upkeep
|
|t:|1776275031
|switch|p2a: Clean up|Zamazenta|62/100
|turn|19
|
|t:|1776275042
|move|p1a: Charybdis|Protect|p1a: Charybdis
|-singleturn|p1a: Charybdis|Protect
|move|p2a: Clean up|Ice Fang|p1a: Charybdis
|-activate|p1a: Charybdis|move: Protect
|
|-heal|p1a: Charybdis|60/100|[from] move: Wish|[wisher] Charybdis
|upkeep
|turn|20
|-message|mudspad forfeited.
|
|win|magistermilitum420
|raw|magistermilitum420's rating: 1345 &rarr; <strong>1363</strong><br />(+18 for winning)
|raw|mudspad's rating: 1308 &rarr; <strong>1290</strong><br />(-18 for losing)
|l|☆mudspad
|player|p2|
