|html|<div class="broadcast-blue"><strong>[Gen 9] OU is currently suspecting Tera Blast! For information on how to participate check out the <a href="https://www.smogon.com/tools/suspects/view/200">suspect thread</a>.</strong></div>
|j|☆HiChatImWeird
|j|☆kodesdawg
|t:|1776345167
|gametype|singles
|player|p1|HiChatImWeird|dawn-gen4pt|1040
|player|p2|kodesdawg|101|1026
|gen|9
|tier|[Gen 9] OU
|rated|
|rule|HP Percentage Mod: HP is shown in percentages
|rule|Endless Battle Clause: Forcing endless battles is banned
|rule|Species Clause: Limit one of each Pokémon
|rule|OHKO Clause: OHKO moves are banned
|rule|Evasion Items Clause: Evasion items are banned
|rule|Evasion Moves Clause: Evasion moves are banned
|rule|Evasion Abilities Clause: Evasion abilities are banned
|rule|Sleep Moves Clause: Sleep-inducing moves are banned
|clearpoke
|poke|p1|Heatran, M|
|poke|p1|Primarina, M|
|poke|p1|Hydrapple, M|
|poke|p1|Espeon, F|
|poke|p1|Zoroark-Hisui, F|
|poke|p1|Corviknight, F|
|poke|p2|Politoed, M|
|poke|p2|Primarina, M|
|poke|p2|Dondozo, F|
|poke|p2|Kingambit, F|
|poke|p2|Goodra, F|
|poke|p2|Dragapult, F|
|teampreview
|
|t:|1776345185
|teamsize|p1|6
|teamsize|p2|6
|start
|switch|p1a: Corviknight|Corviknight, F|100/100
|switch|p2a: Politoed|Politoed, M, shiny|100/100
|-weather|RainDance|[from] ability: Drizzle|[of] p2a: Politoed
|-ability|p1a: Corviknight|Pressure
|turn|1
|
|t:|1776345200
|move|p2a: Politoed|Hydro Pump|p1a: Corviknight
|-damage|p1a: Corviknight|28/100
|move|p1a: Corviknight|Brave Bird|p2a: Politoed
|-crit|p2a: Politoed
|-damage|p2a: Politoed|23/100
|-damage|p1a: Corviknight|12/100|[from] item: Rocky Helmet|[of] p2a: Politoed
|-damage|p1a: Corviknight|0 fnt|[from] Recoil
|faint|p1a: Corviknight
|
|-weather|RainDance|[upkeep]
|upkeep
|
|t:|1776345210
|switch|p1a: Hydrapple|Hydrapple, M|100/100
|turn|2
|
|t:|1776345220
|move|p2a: Politoed|Ice Beam|p1a: Hydrapple
|-supereffective|p1a: Hydrapple
|-damage|p1a: Hydrapple|3/100
|move|p1a: Hydrapple|Nasty Plot|p1a: Hydrapple
|-boost|p1a: Hydrapple|spa|2
|
|-weather|RainDance|[upkeep]
|upkeep
|turn|3
|
|t:|1776345228
|move|p2a: Politoed|Ice Beam|p1a: Hydrapple
|-supereffective|p1a: Hydrapple
|-damage|p1a: Hydrapple|0 fnt
|faint|p1a: Hydrapple
|
|-weather|RainDance|[upkeep]
|upkeep
|
|t:|1776345235
|switch|p1a: Heatran|Heatran, M|100/100
|turn|4
|
|t:|1776345243
|move|p1a: Heatran|Hyper Voice|p2a: Politoed
|-damage|p2a: Politoed|0 fnt
|faint|p2a: Politoed
|
|-weather|RainDance|[upkeep]
|upkeep
|
|t:|1776345250
|switch|p2a: Primarina|Primarina, M|100/100
|turn|5
|
|t:|1776345262
|switch|p1a: Primarina|Primarina, M|100/100
|move|p2a: Primarina|Chilling Water|p1a: Primarina
|-resisted|p1a: Primarina
|-damage|p1a: Primarina|75/100
|-unboost|p1a: Primarina|atk|1
|
|-weather|none
|-heal|p1a: Primarina|81/100|[from] item: Leftovers
|upkeep
|turn|6
|
|t:|1776345279
|switch|p2a: Goodra|Goodra, F, shiny|100/100
|move|p1a: Primarina|Substitute|p1a: Primarina
|-start|p1a: Primarina|Substitute
|-damage|p1a: Primarina|56/100
|
|-heal|p1a: Primarina|62/100|[from] item: Leftovers
|upkeep
|turn|7
|
|t:|1776345291
|move|p2a: Goodra|Rain Dance|p2a: Goodra
|-weather|RainDance
|move|p1a: Primarina|Draining Kiss|p2a: Goodra
|-supereffective|p2a: Goodra
|-damage|p2a: Goodra|73/100
|-heal|p1a: Primarina|80/100|[from] drain|[of] p2a: Goodra
|
|-weather|RainDance|[upkeep]
|-heal|p2a: Goodra|79/100|[from] item: Leftovers
|-heal|p1a: Primarina|86/100|[from] item: Leftovers
|upkeep
|turn|8
|
|t:|1776345303
|move|p2a: Goodra|Hydro Pump|p1a: Primarina
|-resisted|p1a: Primarina
|-activate|p1a: Primarina|move: Substitute|[damage]
|move|p1a: Primarina|Calm Mind|p1a: Primarina
|-boost|p1a: Primarina|spa|1
|-boost|p1a: Primarina|spd|1
|
|-weather|RainDance|[upkeep]
|-heal|p2a: Goodra|85/100|[from] item: Leftovers
|-heal|p1a: Primarina|93/100|[from] item: Leftovers
|upkeep
|turn|9
|
|t:|1776345317
|move|p2a: Goodra|Hydro Pump|p1a: Primarina
|-resisted|p1a: Primarina
|-end|p1a: Primarina|Substitute
|move|p1a: Primarina|Calm Mind|p1a: Primarina
|-boost|p1a: Primarina|spa|1
|-boost|p1a: Primarina|spd|1
|
|-weather|RainDance|[upkeep]
|-heal|p2a: Goodra|91/100|[from] item: Leftovers
|-heal|p1a: Primarina|99/100|[from] item: Leftovers
|upkeep
|turn|10
|
|t:|1776345330
|move|p2a: Goodra|Dragon Pulse|p1a: Primarina
|-immune|p1a: Primarina
|move|p1a: Primarina|Draining Kiss|p2a: Goodra
|-supereffective|p2a: Goodra
|-damage|p2a: Goodra|43/100
|-heal|p1a: Primarina|100/100|[from] drain|[of] p2a: Goodra
|
|-weather|RainDance|[upkeep]
|-heal|p2a: Goodra|49/100|[from] item: Leftovers
|upkeep
|turn|11
|
|t:|1776345344
|switch|p2a: Primarina|Primarina, M|100/100
|move|p1a: Primarina|Draining Kiss|p2a: Primarina
|-damage|p2a: Primarina|63/100
|
|-weather|none
|upkeep
|turn|12
|
|t:|1776345357
|move|p1a: Primarina|Draining Kiss|p2a: Primarina
|-damage|p2a: Primarina|24/100
|move|p2a: Primarina|Energy Ball|p1a: Primarina
|-supereffective|p1a: Primarina
|-damage|p1a: Primarina|61/100
|
|-heal|p1a: Primarina|67/100|[from] item: Leftovers
|upkeep
|turn|13
|
|t:|1776345379
|switch|p2a: Dondozo|Dondozo, F|100/100
|move|p1a: Primarina|Draining Kiss|p2a: Dondozo
|-damage|p2a: Dondozo|58/100
|-heal|p1a: Primarina|100/100|[from] drain|[of] p2a: Dondozo
|
|upkeep
|turn|14
|
|t:|1776345391
|move|p1a: Primarina|Substitute|p1a: Primarina
|-start|p1a: Primarina|Substitute
|-damage|p1a: Primarina|75/100
|move|p2a: Dondozo|Earthquake|p1a: Primarina
|-activate|p1a: Primarina|move: Substitute|[damage]
|
|-heal|p1a: Primarina|82/100|[from] item: Leftovers
|upkeep
|turn|15
|
|t:|1776345406
|move|p1a: Primarina|Draining Kiss|p2a: Dondozo
|-damage|p2a: Dondozo|17/100
|-heal|p1a: Primarina|100/100|[from] drain|[of] p2a: Dondozo
|move|p2a: Dondozo|Earthquake|p1a: Primarina
|-end|p1a: Primarina|Substitute
|
|upkeep
|turn|16
|
|t:|1776345417
|move|p1a: Primarina|Draining Kiss|p2a: Dondozo
|-damage|p2a: Dondozo|0 fnt
|faint|p2a: Dondozo
|
|upkeep
|inactive|Battle timer is ON: inactive players will automatically lose when time's up. (requested by HiChatImWeird)
|
|t:|1776345443
|switch|p2a: Dragapult|Dragapult, F, shiny|100/100
|turn|17
|
|t:|1776345449
|move|p2a: Dragapult|Light Screen|p2a: Dragapult
|-sidestart|p2: kodesdawg|move: Light Screen
|move|p1a: Primarina|Draining Kiss|p2a: Dragapult
|-supereffective|p2a: Dragapult
|-damage|p2a: Dragapult|52/100
|
|upkeep
|turn|18
|
|t:|1776345456
|move|p2a: Dragapult|Reflect|p2a: Dragapult
|-sidestart|p2: kodesdawg|Reflect
|move|p1a: Primarina|Draining Kiss|p2a: Dragapult
|-supereffective|p2a: Dragapult
|-damage|p2a: Dragapult|1/100
|
|upkeep
|turn|19
|
|t:|1776345462
|move|p2a: Dragapult|Hydro Pump|p1a: Primarina|[miss]
|-miss|p2a: Dragapult|p1a: Primarina
|move|p1a: Primarina|Draining Kiss|p2a: Dragapult
|-supereffective|p2a: Dragapult
|-damage|p2a: Dragapult|0 fnt
|faint|p2a: Dragapult
|
|upkeep
|
|t:|1776345469
|switch|p2a: Primarina|Primarina, M|24/100
|turn|20
|
|t:|1776345476
|move|p1a: Primarina|Draining Kiss|p2a: Primarina
|-damage|p2a: Primarina|6/100
|move|p2a: Primarina|Chilling Water|p1a: Primarina
|-resisted|p1a: Primarina
|-damage|p1a: Primarina|87/100
|-unboost|p1a: Primarina|atk|1
|
|-heal|p1a: Primarina|93/100|[from] item: Leftovers
|upkeep
|turn|21
|
|t:|1776345488
|move|p1a: Primarina|Psychic Noise|p2a: Primarina
|-resisted|p2a: Primarina
|-damage|p2a: Primarina|0 fnt
|faint|p2a: Primarina
|
|-heal|p1a: Primarina|99/100|[from] item: Leftovers
|-sideend|p2: kodesdawg|move: Light Screen
|upkeep
|
|t:|1776345499
|switch|p2a: Goodra|Goodra, F, shiny|49/100
|turn|22
|
|t:|1776345503
|move|p2a: Goodra|Hydro Pump|p1a: Primarina
|-resisted|p1a: Primarina
|-damage|p1a: Primarina|92/100
|move|p1a: Primarina|Draining Kiss|p2a: Goodra
|-supereffective|p2a: Goodra
|-damage|p2a: Goodra|0 fnt
|-heal|p1a: Primarina|100/100|[from] drain|[of] p2a: Goodra
|faint|p2a: Goodra
|
|-sideend|p2: kodesdawg|Reflect
|upkeep
|
|t:|1776345523
|switch|p2a: Kingambit|Kingambit, F, shiny|100/100
|-activate|p2a: Kingambit|ability: Supreme Overlord
|-start|p2a: Kingambit|fallen5|[silent]
|turn|23
|
|t:|1776345531
|-terastallize|p1a: Primarina|Steel
|move|p1a: Primarina|Substitute|p1a: Primarina
|-start|p1a: Primarina|Substitute
|-damage|p1a: Primarina|75/100
|move|p2a: Kingambit|Snarl|p1a: Primarina
|-damage|p1a: Primarina|66/100
|-unboost|p1a: Primarina|spa|1
|
|-heal|p1a: Primarina|72/100|[from] item: Leftovers
|upkeep
|turn|24
|
|t:|1776345541
|move|p1a: Primarina|Draining Kiss|p2a: Kingambit
|-damage|p2a: Kingambit|70/100
|-heal|p1a: Primarina|93/100|[from] drain|[of] p2a: Kingambit
|move|p2a: Kingambit|Snarl|p1a: Primarina
|-damage|p1a: Primarina|83/100
|-unboost|p1a: Primarina|spa|1
|
|-heal|p1a: Primarina|89/100|[from] item: Leftovers
|upkeep
|turn|25
|
|t:|1776345555
|move|p1a: Primarina|Draining Kiss|p2a: Kingambit
|-damage|p2a: Kingambit|48/100
|-heal|p1a: Primarina|100/100|[from] drain|[of] p2a: Kingambit
|move|p2a: Kingambit|Brick Break|p1a: Primarina
|-supereffective|p1a: Primarina
|-end|p1a: Primarina|Substitute
|
|upkeep
|turn|26
|
|t:|1776345564
|move|p1a: Primarina|Draining Kiss|p2a: Kingambit
|-damage|p2a: Kingambit|27/100
|move|p2a: Kingambit|Brick Break|p1a: Primarina
|-supereffective|p1a: Primarina
|-damage|p1a: Primarina|38/100
|
|-heal|p1a: Primarina|44/100|[from] item: Leftovers
|upkeep
|turn|27
|
|t:|1776345578
|move|p1a: Primarina|Psychic Noise|p2a: Kingambit
|-damage|p2a: Kingambit|0 fnt
|faint|p2a: Kingambit
|-end|p2a: Kingambit|fallen5|[silent]
|
|win|HiChatImWeird
|raw|HiChatImWeird's rating: 1040 &rarr; <strong>1073</strong><br />(+33 for winning)
|raw|kodesdawg's rating: 1026 &rarr; <strong>1013</strong><br />(-13 for losing)
