|html|<div class="broadcast-blue"><strong>[Gen 9] OU is currently suspecting Tera Blast! For information on how to participate check out the <a href="https://www.smogon.com/tools/suspects/view/200">suspect thread</a>.</strong></div>
|j|☆WillowOak
|j|☆princevib3
|t:|1776037244
|gametype|singles
|player|p1|WillowOak|swimmerf|1061
|player|p2|princevib3|will|1062
|gen|9
|tier|[Gen 9] OU
|rated|
|rule|HP Percentage Mod: HP is shown in percentages
|rule|Endless Battle Clause: Forcing endless battles is banned
|rule|Species Clause: Limit one of each Pokémon
|rule|OHKO Clause: OHKO moves are banned
|rule|Evasion Items Clause: Evasion items are banned
|rule|Evasion Moves Clause: Evasion moves are banned
|rule|Evasion Abilities Clause: Evasion abilities are banned
|rule|Sleep Moves Clause: Sleep-inducing moves are banned
|clearpoke
|poke|p1|Barraskewda, M|
|poke|p1|Pelipper, F|
|poke|p1|Brambleghast, F|
|poke|p1|Rillaboom, M|
|poke|p1|Raging Bolt|
|poke|p1|Dragapult, F|
|poke|p2|Delphox, F|
|poke|p2|Froslass, F|
|poke|p2|Gastrodon, F|
|poke|p2|Tinkaton, F|
|poke|p2|Meowscarada, M|
|poke|p2|Toxicroak, F|
|teampreview
|
|t:|1776037250
|teamsize|p1|6
|teamsize|p2|6
|start
|switch|p1a: Pelipper|Pelipper, F|100/100
|switch|p2a: Lacey|Froslass, F|100/100
|-weather|RainDance|[from] ability: Drizzle|[of] p1a: Pelipper
|turn|1
|
|t:|1776037262
|move|p2a: Lacey|Destiny Bond|p2a: Lacey
|-singlemove|p2a: Lacey|Destiny Bond
|move|p1a: Pelipper|Weather Ball|p2a: Lacey
|-enditem|p2a: Lacey|Focus Sash
|-damage|p2a: Lacey|1/100
|
|-weather|RainDance|[upkeep]
|upkeep
|turn|2
|
|t:|1776037271
|move|p2a: Lacey|Taunt|p1a: Pelipper
|-start|p1a: Pelipper|move: Taunt
|cant|p1a: Pelipper|move: Taunt|Tailwind
|
|-weather|RainDance|[upkeep]
|upkeep
|turn|3
|
|t:|1776037280
|switch|p1a: Barraskewda|Barraskewda, M|100/100
|move|p2a: Lacey|Shadow Ball|p1a: Barraskewda
|-crit|p1a: Barraskewda
|-damage|p1a: Barraskewda|7/100
|
|-weather|RainDance|[upkeep]
|upkeep
|turn|4
|
|t:|1776037292
|move|p1a: Barraskewda|Flip Turn|p2a: Lacey
|-damage|p2a: Lacey|0 fnt
|faint|p2a: Lacey
|
|t:|1776037299
|switch|p1a: Pelipper|Pelipper, F|100/100|[from] Flip Turn
|
|-weather|RainDance|[upkeep]
|upkeep
|
|t:|1776037309
|switch|p2a: Gooby Gal|Gastrodon, F|100/100
|turn|5
|inactive|Battle timer is ON: inactive players will automatically lose when time's up. (requested by WillowOak)
|
|t:|1776037338
|move|p1a: Pelipper|Hurricane|p2a: Gooby Gal
|-damage|p2a: Gooby Gal|48/100
|move|p2a: Gooby Gal|Rock Slide|p1a: Pelipper
|-supereffective|p1a: Pelipper
|-damage|p1a: Pelipper|41/100
|
|-weather|RainDance|[upkeep]
|-heal|p2a: Gooby Gal|54/100|[from] item: Leftovers
|upkeep
|turn|6
|
|t:|1776037351
|move|p1a: Pelipper|Tailwind|p1a: Pelipper
|-sidestart|p1: WillowOak|move: Tailwind
|move|p2a: Gooby Gal|Rock Slide|p1a: Pelipper
|-supereffective|p1a: Pelipper
|-damage|p1a: Pelipper|0 fnt
|faint|p1a: Pelipper
|
|-weather|RainDance|[upkeep]
|-heal|p2a: Gooby Gal|60/100|[from] item: Leftovers
|upkeep
|
|t:|1776037359
|switch|p1a: Brambleghast|Brambleghast, F|100/100
|-ability|p1a: Brambleghast|Wind Rider|boost
|-boost|p1a: Brambleghast|atk|1
|turn|7
|inactive|princevib3 has 120 seconds left.
|inactive|princevib3 has 90 seconds left.
|
|t:|1776037421
|switch|p2a: Westley|Meowscarada, M|100/100
|move|p1a: Brambleghast|Power Whip|p2a: Westley
|-resisted|p2a: Westley
|-damage|p2a: Westley|37/100
|
|-weather|RainDance|[upkeep]
|upkeep
|turn|8
|inactive|princevib3 has 90 seconds left.
|
|t:|1776037434
|-terastallize|p2a: Westley|Dark
|move|p1a: Brambleghast|Rapid Spin|p2a: Westley
|-damage|p2a: Westley|0 fnt
|-boost|p1a: Brambleghast|spe|1
|faint|p2a: Westley
|
|-weather|none
|upkeep
|inactive|princevib3 has 90 seconds left.
|
|t:|1776037443
|switch|p2a: Hecate|Delphox, F, shiny|100/100
|turn|9
|
|t:|1776037450
|move|p1a: Brambleghast|Poltergeist|p2a: Hecate
|-activate|p2a: Hecate|move: Poltergeist|Red Card
|-supereffective|p2a: Hecate
|-damage|p2a: Hecate|0 fnt
|faint|p2a: Hecate
|
|-sideend|p1: WillowOak|move: Tailwind
|upkeep
|inactive|princevib3 has 90 seconds left.
|
|t:|1776037470
|switch|p2a: Amy Rose|Tinkaton, F|100/100
|-ability|p2a: Amy Rose|Mold Breaker
|turn|10
|
|t:|1776037479
|move|p1a: Brambleghast|Poltergeist|p2a: Amy Rose
|-activate|p2a: Amy Rose|move: Poltergeist|Leftovers
|-damage|p2a: Amy Rose|5/100
|move|p2a: Amy Rose|Knock Off|p1a: Brambleghast
|-supereffective|p1a: Brambleghast
|-damage|p1a: Brambleghast|30/100
|-enditem|p1a: Brambleghast|Wide Lens|[from] move: Knock Off|[of] p2a: Amy Rose
|
|-heal|p2a: Amy Rose|11/100|[from] item: Leftovers
|upkeep
|turn|11
|inactive|princevib3 has 90 seconds left.
|
|t:|1776037502
|move|p1a: Brambleghast|Poltergeist|p2a: Amy Rose|[miss]
|-miss|p1a: Brambleghast|p2a: Amy Rose
|move|p2a: Amy Rose|Knock Off|p1a: Brambleghast
|-supereffective|p1a: Brambleghast
|-damage|p1a: Brambleghast|0 fnt
|faint|p1a: Brambleghast
|
|-heal|p2a: Amy Rose|17/100|[from] item: Leftovers
|upkeep
|
|t:|1776037516
|switch|p1a: Rillaboom|Rillaboom, M|100/100
|-fieldstart|move: Grassy Terrain|[from] ability: Grassy Surge|[of] p1a: Rillaboom
|turn|12
|inactive|princevib3 has 90 seconds left.
|
|t:|1776037528
|switch|p2a: Toz|Toxicroak, F|100/100
|move|p1a: Rillaboom|Grassy Glide|p2a: Toz
|-resisted|p2a: Toz
|-damage|p2a: Toz|64/100
|
|-heal|p2a: Toz|70/100|[from] Grassy Terrain
|-heal|p2a: Toz|76/100|[from] item: Black Sludge
|upkeep
|turn|13
|inactive|princevib3 has 90 seconds left.
|
|t:|1776037542
|move|p1a: Rillaboom|Knock Off|p2a: Toz
|-resisted|p2a: Toz
|-damage|p2a: Toz|52/100
|-enditem|p2a: Toz|Black Sludge|[from] move: Knock Off|[of] p1a: Rillaboom
|move|p2a: Toz|Drain Punch|p1a: Rillaboom
|-damage|p1a: Rillaboom|64/100
|-heal|p2a: Toz|72/100|[from] drain|[of] p1a: Rillaboom
|
|-heal|p1a: Rillaboom|71/100|[from] Grassy Terrain
|-heal|p2a: Toz|78/100|[from] Grassy Terrain
|upkeep
|turn|14
|inactive|princevib3 has 90 seconds left.
|
|t:|1776037557
|switch|p1a: Raging Bolt|Raging Bolt|100/100
|-enditem|p1a: Raging Bolt|Booster Energy
|-activate|p1a: Raging Bolt|ability: Protosynthesis|[fromitem]
|-start|p1a: Raging Bolt|protosynthesisspa
|move|p2a: Toz|Substitute|p2a: Toz
|-start|p2a: Toz|Substitute
|-damage|p2a: Toz|53/100
|
|-heal|p2a: Toz|59/100|[from] Grassy Terrain
|upkeep
|turn|15
|
|t:|1776037574
|move|p2a: Toz|Ice Punch|p1a: Raging Bolt
|-supereffective|p1a: Raging Bolt
|-damage|p1a: Raging Bolt|66/100
|move|p1a: Raging Bolt|Dragon Pulse|p2a: Toz
|-crit|p2a: Toz
|-end|p2a: Toz|Substitute
|
|-heal|p2a: Toz|65/100|[from] Grassy Terrain
|-heal|p1a: Raging Bolt|72/100|[from] Grassy Terrain
|upkeep
|turn|16
|
|t:|1776037585
|move|p2a: Toz|Ice Punch|p1a: Raging Bolt
|-supereffective|p1a: Raging Bolt
|-damage|p1a: Raging Bolt|38/100
|move|p1a: Raging Bolt|Dragon Pulse|p2a: Toz
|-damage|p2a: Toz|0 fnt
|faint|p2a: Toz
|
|-heal|p1a: Raging Bolt|44/100|[from] Grassy Terrain
|-fieldend|move: Grassy Terrain
|upkeep
|
|t:|1776037595
|switch|p2a: Gooby Gal|Gastrodon, F|60/100
|turn|17
|
|t:|1776037600
|move|p1a: Raging Bolt|Dragon Pulse|p2a: Gooby Gal
|-damage|p2a: Gooby Gal|0 fnt
|faint|p2a: Gooby Gal
|
|upkeep
|
|t:|1776037605
|switch|p2a: Amy Rose|Tinkaton, F|17/100
|-ability|p2a: Amy Rose|Mold Breaker
|turn|18
|inactive|princevib3 has 90 seconds left.
|
|t:|1776037611
|move|p1a: Raging Bolt|Thunderclap|p2a: Amy Rose
|-damage|p2a: Amy Rose|0 fnt
|faint|p2a: Amy Rose
|
|win|WillowOak
|raw|WillowOak's rating: 1061 &rarr; <strong>1092</strong><br />(+31 for winning)
|raw|princevib3's rating: 1062 &rarr; <strong>1043</strong><br />(-19 for losing)
|l|☆princevib3
|player|p2|
