|html|<div class="broadcast-blue"><strong>[Gen 9] OU is currently suspecting Volcarona! For information on how to participate check out the <a href="https://www.smogon.com/tools/suspects/view/208">suspect thread</a>.</strong></div>
|j|☆YumeKasumi76
|j|☆Zuifeng
|t:|1778517094
|gametype|singles
|player|p1|YumeKasumi76|266|1541
|player|p2|Zuifeng|li|1591
|gen|9
|tier|[Gen 9] OU
|rated|
|rule|HP Percentage Mod: HP is shown in percentages
|rule|Endless Battle Clause: Forcing endless battles is banned
|rule|Species Clause: Limit one of each Pokémon
|rule|OHKO Clause: OHKO moves are banned
|rule|Evasion Items Clause: Evasion items are banned
|rule|Evasion Moves Clause: Evasion moves are banned
|rule|Evasion Abilities Clause: Evasion abilities are banned
|rule|Sleep Moves Clause: Sleep-inducing moves are banned
|clearpoke
|poke|p1|Cobalion|
|poke|p1|Weezing-Galar, M|
|poke|p1|Lokix, F|
|poke|p1|Arboliva, M|
|poke|p1|Ceruledge, F|
|poke|p1|Latios, M|
|poke|p2|Ninetales, M|
|poke|p2|Walking Wake|
|poke|p2|Volcarona, M|
|poke|p2|Great Tusk|
|poke|p2|Hatterene, F|
|poke|p2|Kingambit, M|
|teampreview
|inactive|Battle timer is ON: inactive players will automatically lose when time's up. (requested by Zuifeng)
|
|t:|1778517106
|teamsize|p1|6
|teamsize|p2|6
|start
|switch|p1a: Jalter|Ceruledge, F|100/100
|switch|p2a: Ninetales|Ninetales, M|100/100
|-weather|SunnyDay|[from] ability: Drought|[of] p2a: Ninetales
|turn|1
|
|t:|1778517114
|switch|p2a: Walking Wake|Walking Wake|100/100
|-activate|p2a: Walking Wake|ability: Protosynthesis
|-start|p2a: Walking Wake|protosynthesisspe
|move|p1a: Jalter|Poltergeist|p2a: Walking Wake
|-activate|p2a: Walking Wake|move: Poltergeist|Choice Specs
|-damage|p2a: Walking Wake|47/100
|
|-weather|SunnyDay|[upkeep]
|upkeep
|turn|2
|
|t:|1778517124
|switch|p1a: Pantheon|Arboliva, M|100/100
|move|p2a: Walking Wake|Hydro Steam|p1a: Pantheon
|-resisted|p1a: Pantheon
|-damage|p1a: Pantheon|73/100
|-fieldstart|move: Grassy Terrain|[from] ability: Seed Sower|[of] p1a: Pantheon
|
|-weather|SunnyDay|[upkeep]
|-heal|p2a: Walking Wake|54/100|[from] Grassy Terrain
|-heal|p1a: Pantheon|79/100|[from] Grassy Terrain
|upkeep
|turn|3
|
|t:|1778517130
|-end|p2a: Walking Wake|Protosynthesis|[silent]
|switch|p2a: Volcarona|Volcarona, M|100/100
|move|p1a: Pantheon|Earth Power|p2a: Volcarona
|-damage|p2a: Volcarona|70/100
|
|-weather|SunnyDay|[upkeep]
|-heal|p2a: Volcarona|76/100|[from] Grassy Terrain
|-heal|p1a: Pantheon|85/100|[from] Grassy Terrain
|upkeep
|turn|4
|
|t:|1778517133
|switch|p1a: Jalter|Ceruledge, F|100/100
|move|p2a: Volcarona|Quiver Dance|p2a: Volcarona
|-boost|p2a: Volcarona|spa|1
|-boost|p2a: Volcarona|spd|1
|-boost|p2a: Volcarona|spe|1
|
|-weather|SunnyDay|[upkeep]
|-heal|p2a: Volcarona|82/100|[from] Grassy Terrain
|upkeep
|turn|5
|
|t:|1778517140
|move|p2a: Volcarona|Overheat|p1a: Jalter
|-start|p1a: Jalter|ability: Flash Fire
|move|p1a: Jalter|Poltergeist|p2a: Volcarona
|-activate|p2a: Volcarona|move: Poltergeist|Life Orb
|-damage|p2a: Volcarona|6/100
|
|-weather|SunnyDay|[upkeep]
|-heal|p2a: Volcarona|12/100|[from] Grassy Terrain
|upkeep
|turn|6
|
|t:|1778517146
|move|p2a: Volcarona|Morning Sun|p2a: Volcarona
|-heal|p2a: Volcarona|78/100
|move|p1a: Jalter|Poltergeist|p2a: Volcarona|[miss]
|-miss|p1a: Jalter|p2a: Volcarona
|
|-weather|SunnyDay|[upkeep]
|-heal|p2a: Volcarona|84/100|[from] Grassy Terrain
|-fieldend|move: Grassy Terrain
|upkeep
|turn|7
|
|t:|1778517163
|switch|p2a: Great Tusk|Great Tusk|100/100
|-activate|p2a: Great Tusk|ability: Protosynthesis
|-start|p2a: Great Tusk|protosynthesisatk
|move|p1a: Jalter|Bulk Up|p1a: Jalter
|-boost|p1a: Jalter|atk|1
|-boost|p1a: Jalter|def|1
|
|-weather|SunnyDay|[upkeep]
|upkeep
|turn|8
|
|t:|1778517169
|-end|p1a: Jalter|ability: Flash Fire|[silent]
|switch|p1a: Iverson|Latios, M|100/100
|move|p2a: Great Tusk|Headlong Rush|p1a: Iverson
|-immune|p1a: Iverson|[from] ability: Levitate
|
|-weather|none
|-end|p2a: Great Tusk|Protosynthesis
|upkeep
|turn|9
|
|t:|1778517174
|-end|p2a: Great Tusk|Protosynthesis|[silent]
|switch|p2a: Hatterene|Hatterene, F|100/100
|move|p1a: Iverson|Flip Turn|p2a: Hatterene
|-damage|p2a: Hatterene|88/100
|-enditem|p2a: Hatterene|Eject Button
|
|t:|1778517186
|switch|p2a: Ninetales|Ninetales, M|100/100
|-weather|SunnyDay|[from] ability: Drought|[of] p2a: Ninetales
|
|-weather|SunnyDay|[upkeep]
|upkeep
|turn|10
|
|t:|1778517199
|switch|p2a: Hatterene|Hatterene, F|88/100
|move|p1a: Iverson|Flip Turn|p2a: Hatterene
|-damage|p2a: Hatterene|82/100
|
|t:|1778517212
|switch|p1a: Jalter|Ceruledge, F|100/100|[from] Flip Turn
|
|-weather|SunnyDay|[upkeep]
|upkeep
|turn|11
|
|t:|1778517229
|-terastallize|p2a: Hatterene|Water
|move|p1a: Jalter|Bulk Up|p1a: Jalter
|-boost|p1a: Jalter|atk|1
|-boost|p1a: Jalter|def|1
|move|p2a: Hatterene|Psychic Noise|p1a: Jalter
|-damage|p1a: Jalter|72/100
|-start|p1a: Jalter|move: Heal Block
|
|-weather|SunnyDay|[upkeep]
|upkeep
|turn|12
|
|t:|1778517238
|move|p1a: Jalter|Bulk Up|p1a: Jalter
|-boost|p1a: Jalter|atk|1
|-boost|p1a: Jalter|def|1
|move|p2a: Hatterene|Psychic Noise|p1a: Jalter
|-damage|p1a: Jalter|43/100
|
|-weather|SunnyDay|[upkeep]
|-end|p1a: Jalter|move: Heal Block
|upkeep
|turn|13
|
|t:|1778517240
|move|p1a: Jalter|Bitter Blade|p2a: Hatterene
|-resisted|p2a: Hatterene
|-damage|p2a: Hatterene|12/100
|-heal|p1a: Jalter|76/100|[from] drain|[of] p2a: Hatterene
|move|p2a: Hatterene|Psychic Noise|p1a: Jalter
|-damage|p1a: Jalter|48/100
|-start|p1a: Jalter|move: Heal Block
|
|-weather|SunnyDay|[upkeep]
|upkeep
|turn|14
|
|t:|1778517246
|move|p1a: Jalter|Shadow Sneak|p2a: Hatterene
|-damage|p2a: Hatterene|0 fnt
|faint|p2a: Hatterene
|
|-weather|SunnyDay|[upkeep]
|-end|p1a: Jalter|move: Heal Block
|upkeep
|-message|Zuifeng forfeited.
|
|win|YumeKasumi76
|raw|YumeKasumi76's rating: 1541 &rarr; <strong>1564</strong><br />(+23 for winning)
|raw|Zuifeng's rating: 1591 &rarr; <strong>1568</strong><br />(-23 for losing)
|l|☆Zuifeng
|player|p2|
|l|☆YumeKasumi76
|player|p1|
