|html|<div class="broadcast-blue"><strong>[Gen 9] OU is currently suspecting Tera Blast! For information on how to participate check out the <a href="https://www.smogon.com/tools/suspects/view/200">suspect thread</a>.</strong></div>
|j|☆jaykayla47
|j|☆JoacoxC
|t:|1776055298
|gametype|singles
|player|p1|jaykayla47|juggler|1143
|player|p2|JoacoxC|cynthia|1233
|gen|9
|tier|[Gen 9] OU
|rated|
|rule|HP Percentage Mod: HP is shown in percentages
|rule|Endless Battle Clause: Forcing endless battles is banned
|rule|Species Clause: Limit one of each Pokémon
|rule|OHKO Clause: OHKO moves are banned
|rule|Evasion Items Clause: Evasion items are banned
|rule|Evasion Moves Clause: Evasion moves are banned
|rule|Evasion Abilities Clause: Evasion abilities are banned
|rule|Sleep Moves Clause: Sleep-inducing moves are banned
|clearpoke
|poke|p1|Gengar, F|
|poke|p1|Staraptor, M|
|poke|p1|Samurott-Hisui, F|
|poke|p1|Tentacruel, M|
|poke|p1|Chandelure, M|
|poke|p1|Scizor, F|
|poke|p2|Garchomp, F|
|poke|p2|Noivern, F|
|poke|p2|Scyther, F|
|poke|p2|Dragapult, F|
|poke|p2|Skeledirge, F|
|poke|p2|Quaquaval, F|
|teampreview
|
|t:|1776055307
|teamsize|p1|6
|teamsize|p2|6
|start
|switch|p1a: Tentacruel|Tentacruel, M|100/100
|switch|p2a: Quaquaval|Quaquaval, F|100/100
|turn|1
|
|t:|1776055313
|move|p1a: Tentacruel|Toxic Spikes|p2a: Quaquaval
|-sidestart|p2: JoacoxC|move: Toxic Spikes
|move|p2a: Quaquaval|Knock Off|p1a: Tentacruel
|-damage|p1a: Tentacruel|50/100
|-enditem|p1a: Tentacruel|Black Sludge|[from] move: Knock Off|[of] p2a: Quaquaval
|-damage|p2a: Quaquaval|91/100|[from] item: Life Orb
|
|upkeep
|turn|2
|
|t:|1776055321
|move|p1a: Tentacruel|Toxic Spikes|p2a: Quaquaval
|-sidestart|p2: JoacoxC|move: Toxic Spikes
|move|p2a: Quaquaval|Aqua Step|p1a: Tentacruel
|-resisted|p1a: Tentacruel
|-damage|p1a: Tentacruel|23/100
|-boost|p2a: Quaquaval|spe|1
|-damage|p2a: Quaquaval|81/100|[from] item: Life Orb
|
|upkeep
|turn|3
|inactive|Battle timer is ON: inactive players will automatically lose when time's up. (requested by JoacoxC)
|
|t:|1776055335
|move|p2a: Quaquaval|Aqua Step|p1a: Tentacruel
|-resisted|p1a: Tentacruel
|-damage|p1a: Tentacruel|0 fnt
|-boost|p2a: Quaquaval|spe|1
|faint|p1a: Tentacruel
|-ability|p2a: Quaquaval|Moxie|boost
|-boost|p2a: Quaquaval|atk|1
|-damage|p2a: Quaquaval|71/100|[from] item: Life Orb
|
|upkeep
|
|t:|1776055345
|switch|p1a: Samurott|Samurott-Hisui, F, shiny|100/100
|turn|4
|
|t:|1776055354
|switch|p1a: Staraptor|Staraptor, M|100/100
|move|p2a: Quaquaval|Close Combat|p1a: Staraptor
|-crit|p1a: Staraptor
|-damage|p1a: Staraptor|0 fnt
|-unboost|p2a: Quaquaval|def|1
|-unboost|p2a: Quaquaval|spd|1
|faint|p1a: Staraptor
|-ability|p2a: Quaquaval|Moxie|boost
|-boost|p2a: Quaquaval|atk|1
|-damage|p2a: Quaquaval|61/100|[from] item: Life Orb
|
|upkeep
|
|t:|1776055368
|switch|p1a: Gengar|Gengar, F|100/100
|turn|5
|
|t:|1776055373
|move|p2a: Quaquaval|Knock Off|p1a: Gengar
|-supereffective|p1a: Gengar
|-enditem|p1a: Gengar|Focus Sash
|-damage|p1a: Gengar|1/100
|-start|p2a: Quaquaval|Disable|Knock Off|[from] ability: Cursed Body|[of] p1a: Gengar
|-damage|p2a: Quaquaval|51/100|[from] item: Life Orb
|move|p1a: Gengar|Shadow Ball|p2a: Quaquaval
|-damage|p2a: Quaquaval|0 fnt
|faint|p2a: Quaquaval
|
|upkeep
|
|t:|1776055383
|switch|p2a: Noivern|Noivern, F|100/100
|turn|6
|
|t:|1776055400
|move|p2a: Noivern|Defog|p1a: Gengar
|-unboost|p1a: Gengar|evasion|1
|-sideend|p2: JoacoxC|Toxic Spikes|[from] move: Defog|[of] p2a: Noivern
|move|p1a: Gengar|Destiny Bond|p1a: Gengar
|-singlemove|p1a: Gengar|Destiny Bond
|
|upkeep
|turn|7
|
|t:|1776055407
|move|p2a: Noivern|Tailwind|p2a: Noivern
|-sidestart|p2: JoacoxC|move: Tailwind
|move|p1a: Gengar|Shadow Ball|p2a: Noivern
|-damage|p2a: Noivern|47/100
|
|upkeep
|turn|8
|inactive|jaykayla47 has 120 seconds left.
|
|t:|1776055445
|move|p2a: Noivern|Air Slash|p1a: Gengar
|-damage|p1a: Gengar|0 fnt
|-start|p2a: Noivern|Disable|Air Slash|[from] ability: Cursed Body|[of] p1a: Gengar
|faint|p1a: Gengar
|-damage|p2a: Noivern|37/100|[from] item: Life Orb
|
|upkeep
|
|t:|1776055473
|switch|p1a: Samurott|Samurott-Hisui, F, shiny|100/100
|turn|9
|
|t:|1776055478
|move|p2a: Noivern|Dragon Pulse|p1a: Samurott
|-damage|p1a: Samurott|31/100
|-damage|p2a: Noivern|27/100|[from] item: Life Orb
|move|p1a: Samurott|Ceaseless Edge|p2a: Noivern
|-damage|p2a: Noivern|0 fnt
|-sidestart|p2: JoacoxC|Spikes
|faint|p2a: Noivern
|
|upkeep
|
|t:|1776055486
|switch|p2a: Scyther|Scyther, F|100/100
|turn|10
|
|t:|1776055500
|move|p2a: Scyther|Swords Dance|p2a: Scyther
|-boost|p2a: Scyther|atk|2
|move|p1a: Samurott|Ceaseless Edge|p2a: Scyther
|-damage|p2a: Scyther|54/100
|-sidestart|p2: JoacoxC|Spikes
|
|-sideend|p2: JoacoxC|move: Tailwind
|upkeep
|turn|11
|
|t:|1776055510
|switch|p1a: Chandelure|Chandelure, M|100/100
|move|p2a: Scyther|Trailblaze|p1a: Chandelure
|-resisted|p1a: Chandelure
|-damage|p1a: Chandelure|65/100
|-boost|p2a: Scyther|spe|1
|
|upkeep
|turn|12
|inactive|jaykayla47 has 120 seconds left.
|
|t:|1776055518
|move|p2a: Scyther|Dual Wingbeat|p1a: Chandelure
|-damage|p1a: Chandelure|0 fnt
|faint|p1a: Chandelure
|-hitcount|p1: Chandelure|1
|
|upkeep
|inactive|jaykayla47 has 120 seconds left.
|
|t:|1776055525
|switch|p1a: Samurott|Samurott-Hisui, F, shiny|31/100
|turn|13
|
|t:|1776055532
|move|p2a: Scyther|Dual Wingbeat|p1a: Samurott
|-damage|p1a: Samurott|0 fnt
|faint|p1a: Samurott
|-hitcount|p1: Samurott|1
|
|upkeep
|
|t:|1776055538
|switch|p1a: Scizor|Scizor, F|100/100
|turn|14
|
|t:|1776055543
|move|p1a: Scizor|Bullet Punch|p2a: Scyther
|-damage|p2a: Scyther|7/100
|move|p2a: Scyther|Dual Wingbeat|p1a: Scizor
|-damage|p1a: Scizor|40/100
|-damage|p1a: Scizor|0 fnt
|faint|p1a: Scizor
|-hitcount|p1: Scizor|2
|
|win|JoacoxC
|raw|jaykayla47's rating: 1143 &rarr; <strong>1124</strong><br />(-19 for losing)
|raw|JoacoxC's rating: 1233 &rarr; <strong>1252</strong><br />(+19 for winning)
|l|☆JoacoxC
|player|p2|
|l|☆jaykayla47
|player|p1|
