|html|<div class="broadcast-blue"><strong>[Gen 9] OU is currently suspecting Tera Blast! For information on how to participate check out the <a href="https://www.smogon.com/tools/suspects/view/200">suspect thread</a>.</strong></div>
|j|☆MarchingOnTogether
|j|☆redcted
|t:|1776082906
|gametype|singles
|player|p1|MarchingOnTogether|170|1368
|player|p2|redcted|265|1375
|gen|9
|tier|[Gen 9] OU
|rated|
|rule|HP Percentage Mod: HP is shown in percentages
|rule|Endless Battle Clause: Forcing endless battles is banned
|rule|Species Clause: Limit one of each Pokémon
|rule|OHKO Clause: OHKO moves are banned
|rule|Evasion Items Clause: Evasion items are banned
|rule|Evasion Moves Clause: Evasion moves are banned
|rule|Evasion Abilities Clause: Evasion abilities are banned
|rule|Sleep Moves Clause: Sleep-inducing moves are banned
|clearpoke
|poke|p1|Pelipper, F|
|poke|p1|Barraskewda, F|
|poke|p1|Thundurus-Therian, M|
|poke|p1|Iron Treads|
|poke|p1|Raging Bolt|
|poke|p1|Ogerpon-Wellspring, F|
|poke|p2|Breloom, M|
|poke|p2|Weezing-Galar, M|
|poke|p2|Heatran, F|
|poke|p2|Gliscor, F|
|poke|p2|Gholdengo|
|poke|p2|Iron Valiant|
|teampreview
|inactive|Battle timer is ON: inactive players will automatically lose when time's up. (requested by MarchingOnTogether)
|inactive|redcted has 120 seconds left.
|
|t:|1776082943
|teamsize|p1|6
|teamsize|p2|6
|start
|switch|p1a: Pelipper|Pelipper, F|100/100
|switch|p2a: Breloom|Breloom, M|100/100
|-weather|RainDance|[from] ability: Drizzle|[of] p1a: Pelipper
|turn|1
|
|t:|1776082964
|move|p2a: Breloom|Thunder Punch|p1a: Pelipper
|-supereffective|p1a: Pelipper
|-damage|p1a: Pelipper|0 fnt
|faint|p1a: Pelipper
|
|-weather|RainDance|[upkeep]
|upkeep
|
|t:|1776082978
|switch|p1a: Barraskewda|Barraskewda, F|100/100
|turn|2
|
|t:|1776082990
|switch|p2a: Weezing|Weezing-Galar, M|100/100
|move|p1a: Barraskewda|Flip Turn|p2a: Weezing
|-damage|p2a: Weezing|50/100
|-damage|p1a: Barraskewda|84/100|[from] item: Rocky Helmet|[of] p2a: Weezing
|
|t:|1776083007
|switch|p1a: Raging Bolt|Raging Bolt|100/100|[from] Flip Turn
|
|-weather|RainDance|[upkeep]
|upkeep
|turn|3
|
|t:|1776083012
|move|p1a: Raging Bolt|Weather Ball|p2a: Weezing
|-damage|p2a: Weezing|0 fnt
|faint|p2a: Weezing
|
|-weather|RainDance|[upkeep]
|upkeep
|
|t:|1776083024
|switch|p2a: Heatran|Heatran, F|100/100
|turn|4
|
|t:|1776083030
|-terastallize|p2a: Heatran|Grass
|move|p2a: Heatran|Stealth Rock|p1a: Raging Bolt
|-sidestart|p1: MarchingOnTogether|move: Stealth Rock
|move|p1a: Raging Bolt|Weather Ball|p2a: Heatran
|-resisted|p2a: Heatran
|-damage|p2a: Heatran|73/100
|
|-weather|RainDance|[upkeep]
|-heal|p2a: Heatran|79/100|[from] item: Leftovers
|upkeep
|turn|5
|
|t:|1776083047
|-end|p1a: Raging Bolt|Protosynthesis|[silent]
|switch|p1a: Iron Treads|Iron Treads|100/100
|move|p2a: Heatran|Magma Storm|p1a: Iron Treads
|-supereffective|p1a: Iron Treads
|-damage|p1a: Iron Treads|45/100
|-activate|p1a: Iron Treads|move: Magma Storm|[of] p2a: Heatran
|
|-weather|RainDance|[upkeep]
|-heal|p2a: Heatran|86/100|[from] item: Leftovers
|-damage|p1a: Iron Treads|33/100|[from] move: Magma Storm|[partiallytrapped]
|upkeep
|turn|6
|
|t:|1776083059
|move|p2a: Heatran|Protect|p2a: Heatran
|-singleturn|p2a: Heatran|Protect
|move|p1a: Iron Treads|Volt Switch|p2a: Heatran
|-activate|p2a: Heatran|move: Protect
|
|-weather|RainDance|[upkeep]
|-heal|p2a: Heatran|92/100|[from] item: Leftovers
|-damage|p1a: Iron Treads|21/100|[from] move: Magma Storm|[partiallytrapped]
|upkeep
|turn|7
|
|t:|1776083071
|move|p1a: Iron Treads|Rapid Spin|p2a: Heatran
|-damage|p2a: Heatran|82/100
|-boost|p1a: Iron Treads|spe|1
|-sideend|p1: MarchingOnTogether|Stealth Rock|[from] move: Rapid Spin|[of] p1a: Iron Treads
|-end|p1a: Iron Treads|Magma Storm|[partiallytrapped]
|move|p2a: Heatran|Earth Power|p1a: Iron Treads
|-supereffective|p1a: Iron Treads
|-damage|p1a: Iron Treads|0 fnt
|faint|p1a: Iron Treads
|-end|p1a: Iron Treads|Quark Drive|[silent]
|
|-weather|RainDance|[upkeep]
|-heal|p2a: Heatran|88/100|[from] item: Leftovers
|upkeep
|
|t:|1776083078
|switch|p1a: Barraskewda|Barraskewda, F|84/100
|turn|8
|
|t:|1776083081
|move|p2a: Heatran|Protect|p2a: Heatran
|-singleturn|p2a: Heatran|Protect
|move|p1a: Barraskewda|Poison Jab|p2a: Heatran
|-activate|p2a: Heatran|move: Protect
|
|-weather|none
|-heal|p2a: Heatran|94/100|[from] item: Leftovers
|upkeep
|turn|9
|
|t:|1776083086
|switch|p1a: Ogerpon|Ogerpon-Wellspring, F|100/100
|switch|p2a: Gholdengo|Gholdengo|100/100
|-item|p2a: Gholdengo|Air Balloon
|
|upkeep
|turn|10
|
|t:|1776083092
|move|p1a: Ogerpon|Ivy Cudgel|p2a: Gholdengo|[anim] Ivy Cudgel Water
|-damage|p2a: Gholdengo|62/100
|-enditem|p2a: Gholdengo|Air Balloon
|move|p2a: Gholdengo|Thunder Wave|p1a: Ogerpon
|-status|p1a: Ogerpon|par
|
|upkeep
|turn|11
|
|t:|1776083100
|move|p2a: Gholdengo|Hex|p1a: Ogerpon
|-damage|p1a: Ogerpon|29/100 par
|move|p1a: Ogerpon|Ivy Cudgel|p2a: Gholdengo|[anim] Ivy Cudgel Water
|-damage|p2a: Gholdengo|22/100
|
|upkeep
|turn|12
|
|t:|1776083104
|move|p2a: Gholdengo|Recover|p2a: Gholdengo
|-heal|p2a: Gholdengo|72/100
|move|p1a: Ogerpon|Ivy Cudgel|p2a: Gholdengo|[anim] Ivy Cudgel Water
|-damage|p2a: Gholdengo|31/100
|
|upkeep
|turn|13
|
|t:|1776083107
|move|p2a: Gholdengo|Recover|p2a: Gholdengo
|-heal|p2a: Gholdengo|81/100
|move|p1a: Ogerpon|Ivy Cudgel|p2a: Gholdengo|[anim] Ivy Cudgel Water
|-damage|p2a: Gholdengo|40/100
|
|upkeep
|turn|14
|
|t:|1776083109
|move|p2a: Gholdengo|Recover|p2a: Gholdengo
|-heal|p2a: Gholdengo|90/100
|move|p1a: Ogerpon|Ivy Cudgel|p2a: Gholdengo|[anim] Ivy Cudgel Water
|-damage|p2a: Gholdengo|48/100
|
|upkeep
|turn|15
|
|t:|1776083112
|move|p2a: Gholdengo|Hex|p1a: Ogerpon
|-damage|p1a: Ogerpon|0 fnt
|faint|p1a: Ogerpon
|
|upkeep
|
|t:|1776083128
|switch|p1a: Barraskewda|Barraskewda, F|84/100
|turn|16
|
|t:|1776083139
|switch|p2a: Breloom|Breloom, M|100/100
|move|p1a: Barraskewda|Liquidation|p2a: Breloom
|-resisted|p2a: Breloom
|-damage|p2a: Breloom|46/100
|
|upkeep
|turn|17
|
|t:|1776083142
|move|p2a: Breloom|Mach Punch|p1a: Barraskewda
|-damage|p1a: Barraskewda|0 fnt
|faint|p1a: Barraskewda
|
|upkeep
|-message|MarchingOnTogether forfeited.
|
|win|redcted
|raw|MarchingOnTogether's rating: 1368 &rarr; <strong>1348</strong><br />(-20 for losing)
|raw|redcted's rating: 1375 &rarr; <strong>1395</strong><br />(+20 for winning)
|l|☆MarchingOnTogether
|player|p1|
