|html|<div class="broadcast-blue"><strong>[Gen 9] OU is currently suspecting Tera Blast! For information on how to participate check out the <a href="https://www.smogon.com/tools/suspects/view/200">suspect thread</a>.</strong></div>
|j|☆RYUDRAH
|j|☆magistermilitum420
|t:|1776132601
|gametype|singles
|player|p1|RYUDRAH|rocketgrunt|1259
|player|p2|magistermilitum420|blue|1309
|gen|9
|tier|[Gen 9] OU
|rated|
|rule|HP Percentage Mod: HP is shown in percentages
|rule|Endless Battle Clause: Forcing endless battles is banned
|rule|Species Clause: Limit one of each Pokémon
|rule|OHKO Clause: OHKO moves are banned
|rule|Evasion Items Clause: Evasion items are banned
|rule|Evasion Moves Clause: Evasion moves are banned
|rule|Evasion Abilities Clause: Evasion abilities are banned
|rule|Sleep Moves Clause: Sleep-inducing moves are banned
|clearpoke
|poke|p1|Haxorus, F|
|poke|p1|Iron Moth|
|poke|p1|Zoroark-Hisui, F|
|poke|p1|Pecharunt|
|poke|p1|Raging Bolt|
|poke|p1|Ogerpon-Wellspring, F|
|poke|p2|Meowscarada, M|
|poke|p2|Great Tusk|
|poke|p2|Alomomola, F|
|poke|p2|Slowking-Galar, M|
|poke|p2|Iron Valiant|
|poke|p2|Heatran, F|
|teampreview
|
|t:|1776132646
|teamsize|p1|6
|teamsize|p2|6
|start
|switch|p1a: Iron Mothra|Iron Moth, shiny|100/100
|switch|p2a: Mahad|Meowscarada, M, shiny|100/100
|turn|1
|
|t:|1776132660
|move|p2a: Mahad|Knock Off|p1a: Iron Mothra
|-start|p2a: Mahad|typechange|Dark|[from] ability: Protean
|-supereffective|p1a: Iron Mothra
|-damage|p1a: Iron Mothra|0 fnt
|replace|p1a: trick man|Zoroark-Hisui, F, shiny
|-end|p1a: trick man|Illusion
|-enditem|p1a: trick man|Choice Specs|[from] move: Knock Off|[of] p2a: Mahad
|faint|p1a: trick man
|
|upkeep
|
|t:|1776132679
|switch|p1a: Iron Mothra|Iron Moth, shiny|100/100
|-enditem|p1a: Iron Mothra|Booster Energy
|-activate|p1a: Iron Mothra|ability: Quark Drive|[fromitem]
|-start|p1a: Iron Mothra|quarkdrivespa
|turn|2
|
|t:|1776132689
|switch|p2a: Mithridates|Slowking-Galar, M|100/100
|move|p1a: Iron Mothra|Dazzling Gleam|p2a: Mithridates
|-resisted|p2a: Mithridates
|-damage|p2a: Mithridates|91/100
|
|upkeep
|turn|3
|
|t:|1776132697
|move|p1a: Iron Mothra|Fiery Dance|p2a: Mithridates
|-damage|p2a: Mithridates|65/100
|-boost|p1a: Iron Mothra|spa|1
|move|p2a: Mithridates|Future Sight|p1a: Iron Mothra
|-start|p2a: Mithridates|move: Future Sight
|
|upkeep
|turn|4
|
|t:|1776132707
|move|p1a: Iron Mothra|Fiery Dance|p2a: Mithridates
|-damage|p2a: Mithridates|23/100
|move|p2a: Mithridates|Psychic Noise|p1a: Iron Mothra
|-supereffective|p1a: Iron Mothra
|-damage|p1a: Iron Mothra|26/100
|-start|p1a: Iron Mothra|move: Heal Block
|
|upkeep
|turn|5
|
|t:|1776132717
|switch|p2a: Charybdis|Alomomola, F, shiny|100/100
|move|p1a: Iron Mothra|Fiery Dance|p2a: Charybdis
|-resisted|p2a: Charybdis
|-damage|p2a: Charybdis|49/100
|
|-end|p1a: Iron Mothra|move: Future Sight
|-supereffective|p1a: Iron Mothra
|-crit|p1a: Iron Mothra
|-damage|p1a: Iron Mothra|0 fnt
|faint|p1a: Iron Mothra
|-end|p1a: Iron Mothra|Quark Drive|[silent]
|upkeep
|
|t:|1776132731
|switch|p1a: raging Dih|Raging Bolt|100/100
|-enditem|p1a: raging Dih|Booster Energy
|-activate|p1a: raging Dih|ability: Protosynthesis|[fromitem]
|-start|p1a: raging Dih|protosynthesisspa
|turn|6
|
|t:|1776132761
|switch|p2a: Mithridates|Slowking-Galar, M|56/100
|move|p1a: raging Dih|Calm Mind|p1a: raging Dih
|-boost|p1a: raging Dih|spa|1
|-boost|p1a: raging Dih|spd|1
|
|upkeep
|turn|7
|
|t:|1776132785
|move|p1a: raging Dih|Thunderclap|p2a: Mithridates
|-damage|p2a: Mithridates|18/100
|move|p2a: Mithridates|Future Sight|p1a: raging Dih
|-start|p2a: Mithridates|move: Future Sight
|
|upkeep
|turn|8
|
|t:|1776132804
|switch|p2a: Barca|Great Tusk|100/100
|move|p1a: raging Dih|Calm Mind|p1a: raging Dih
|-boost|p1a: raging Dih|spa|1
|-boost|p1a: raging Dih|spd|1
|
|upkeep
|turn|9
|
|t:|1776132821
|-terastallize|p2a: Barca|Steel
|-terastallize|p1a: raging Dih|Flying
|move|p2a: Barca|Earthquake|p1a: raging Dih
|-immune|p1a: raging Dih
|move|p1a: raging Dih|Tera Blast|p2a: Barca|[anim] Tera Blast Flying
|-resisted|p2a: Barca
|-crit|p2a: Barca
|-damage|p2a: Barca|0 fnt
|faint|p2a: Barca
|-end|p2a: Barca|Protosynthesis|[silent]
|
|-end|p1a: raging Dih|move: Future Sight
|-damage|p1a: raging Dih|74/100
|upkeep
|
|t:|1776132855
|switch|p2a: Mahad|Meowscarada, M, shiny|100/100
|turn|10
|
|t:|1776132871
|move|p1a: raging Dih|Thunderclap|p2a: Mahad
|-resisted|p2a: Mahad
|-damage|p2a: Mahad|22/100
|move|p2a: Mahad|Triple Axel|p1a: raging Dih
|-start|p2a: Mahad|typechange|Ice|[from] ability: Protean
|-supereffective|p1a: raging Dih
|-damage|p1a: raging Dih|59/100
|-supereffective|p1a: raging Dih
|-damage|p1a: raging Dih|32/100
|-supereffective|p1a: raging Dih
|-crit|p1a: raging Dih
|-damage|p1a: raging Dih|0 fnt
|faint|p1a: raging Dih
|-end|p1a: raging Dih|Protosynthesis|[silent]
|-hitcount|p1: raging Dih|3
|
|upkeep
|
|t:|1776132884
|switch|p1a: testicle|Pecharunt|100/100
|turn|11
|
|t:|1776132896
|switch|p2a: Vulcanus|Heatran, F, shiny|100/100
|move|p1a: testicle|Foul Play|p2a: Vulcanus
|-damage|p2a: Vulcanus|81/100
|
|upkeep
|turn|12
|
|t:|1776132919
|move|p2a: Vulcanus|Earth Power|p1a: testicle
|-supereffective|p1a: testicle
|-crit|p1a: testicle
|-damage|p1a: testicle|0 fnt
|faint|p1a: testicle
|
|upkeep
|
|t:|1776132923
|switch|p1a: Sayryu|Haxorus, F, shiny|100/100
|-ability|p1a: Sayryu|Mold Breaker
|turn|13
|
|t:|1776132929
|switch|p2a: Charybdis|Alomomola, F, shiny|82/100
|move|p1a: Sayryu|Dragon Dance|p1a: Sayryu
|-boost|p1a: Sayryu|atk|1
|-boost|p1a: Sayryu|spe|1
|
|upkeep
|turn|14
|
|t:|1776132957
|move|p1a: Sayryu|Dragon Dance|p1a: Sayryu
|-boost|p1a: Sayryu|atk|1
|-boost|p1a: Sayryu|spe|1
|move|p2a: Charybdis|Wish|p2a: Charybdis
|
|upkeep
|turn|15
|
|t:|1776132965
|move|p1a: Sayryu|Iron Head|p2a: Charybdis
|-resisted|p2a: Charybdis
|-damage|p2a: Charybdis|65/100
|-damage|p1a: Sayryu|84/100|[from] item: Rocky Helmet|[of] p2a: Charybdis
|move|p2a: Charybdis|Scald|p1a: Sayryu
|-resisted|p1a: Sayryu
|-damage|p1a: Sayryu|73/100
|-status|p1a: Sayryu|brn
|
|-heal|p2a: Charybdis|100/100|[from] move: Wish|[wisher] Charybdis
|-damage|p1a: Sayryu|67/100 brn|[from] brn
|upkeep
|turn|16
|
|t:|1776132982
|move|p1a: Sayryu|Dragon Dance|p1a: Sayryu
|-boost|p1a: Sayryu|atk|1
|-boost|p1a: Sayryu|spe|1
|move|p2a: Charybdis|Scald|p1a: Sayryu
|-resisted|p1a: Sayryu
|-damage|p1a: Sayryu|56/100 brn
|
|-damage|p1a: Sayryu|50/100 brn|[from] brn
|upkeep
|turn|17
|
|t:|1776132990
|move|p1a: Sayryu|Outrage|p2a: Charybdis
|-damage|p2a: Charybdis|54/100
|-damage|p1a: Sayryu|33/100 brn|[from] item: Rocky Helmet|[of] p2a: Charybdis
|move|p2a: Charybdis|Scald|p1a: Sayryu
|-resisted|p1a: Sayryu
|-damage|p1a: Sayryu|22/100 brn
|
|-damage|p1a: Sayryu|16/100 brn|[from] brn
|upkeep
|turn|18
|-message|RYUDRAH forfeited.
|
|win|magistermilitum420
|raw|RYUDRAH's rating: 1259 &rarr; <strong>1238</strong><br />(-21 for losing)
|raw|magistermilitum420's rating: 1309 &rarr; <strong>1326</strong><br />(+17 for winning)
|l|☆RYUDRAH
|player|p1|
