|html|<div class="broadcast-blue"><strong>[Gen 9] OU is currently suspecting Tera Blast! For information on how to participate check out the <a href="https://www.smogon.com/tools/suspects/view/200">suspect thread</a>.</strong></div>
|j|☆Dr. Drake6782
|j|☆Pyrez57
|t:|1776041049
|gametype|singles
|player|p1|Dr. Drake6782|hilbert-masters|1679
|player|p2|Pyrez57|adaman|1657
|gen|9
|tier|[Gen 9] OU
|rated|
|rule|HP Percentage Mod: HP is shown in percentages
|rule|Endless Battle Clause: Forcing endless battles is banned
|rule|Species Clause: Limit one of each Pokémon
|rule|OHKO Clause: OHKO moves are banned
|rule|Evasion Items Clause: Evasion items are banned
|rule|Evasion Moves Clause: Evasion moves are banned
|rule|Evasion Abilities Clause: Evasion abilities are banned
|rule|Sleep Moves Clause: Sleep-inducing moves are banned
|clearpoke
|poke|p1|Slowking-Galar, M|
|poke|p1|Ting-Lu|
|poke|p1|Hydrapple, M|
|poke|p1|Corviknight, F|
|poke|p1|Cinderace, F|
|poke|p1|Dondozo, M|
|poke|p2|Great Tusk|
|poke|p2|Zapdos|
|poke|p2|Ogerpon-Wellspring, F|
|poke|p2|Latios, M|
|poke|p2|Kingambit, F|
|poke|p2|Grimmsnarl, M|
|teampreview
|inactive|Battle timer is ON: inactive players will automatically lose when time's up. (requested by Dr. Drake6782)
|j| ohko_smeargle
|
|t:|1776041065
|teamsize|p1|6
|teamsize|p2|6
|start
|switch|p1a: Slowking|Slowking-Galar, M, shiny|100/100
|switch|p2a: Manwel|Great Tusk, shiny|100/100
|turn|1
|j| raditzisthebest
|
|t:|1776041075
|switch|p1a: Corviknight|Corviknight, F|100/100
|-ability|p1a: Corviknight|Pressure
|move|p2a: Manwel|Earthquake|p1a: Corviknight
|-immune|p1a: Corviknight
|
|upkeep
|turn|2
|
|t:|1776041081
|move|p2a: Manwel|Close Combat|p1a: Corviknight
|-damage|p1a: Corviknight|69/100
|-unboost|p2a: Manwel|def|1
|-unboost|p2a: Manwel|spd|1
|-damage|p2a: Manwel|84/100|[from] item: Rocky Helmet|[of] p1a: Corviknight
|move|p1a: Corviknight|Body Press|p2a: Manwel
|-damage|p2a: Manwel|64/100
|
|-heal|p2a: Manwel|70/100|[from] item: Leftovers
|upkeep
|turn|3
|
|t:|1776041089
|-end|p2a: Manwel|Protosynthesis|[silent]
|switch|p2a: Battery Acid|Zapdos, shiny|100/100
|move|p1a: Corviknight|Roost|p1a: Corviknight
|-heal|p1a: Corviknight|100/100
|-singleturn|p1a: Corviknight|move: Roost
|
|upkeep
|turn|4
|
|t:|1776041095
|switch|p2a: Kombu|Ogerpon-Wellspring, F|100/100
|switch|p1a: Ting-Lu|Ting-Lu|100/100
|-ability|p1a: Ting-Lu|Vessel of Ruin
|
|upkeep
|turn|5
|
|t:|1776041103
|switch|p1a: Hydrapple|Hydrapple, M, shiny|100/100
|move|p2a: Kombu|Knock Off|p1a: Hydrapple
|-damage|p1a: Hydrapple|79/100
|-enditem|p1a: Hydrapple|Leftovers|[from] move: Knock Off|[of] p2a: Kombu
|
|upkeep
|turn|6
|
|t:|1776041107
|move|p2a: Kombu|U-turn|p1a: Hydrapple
|-supereffective|p1a: Hydrapple
|-damage|p1a: Hydrapple|49/100
|j| tickle me girble
|
|t:|1776041110
|switch|p2a: Battery Acid|Zapdos, shiny|100/100|[from] U-turn
|move|p1a: Hydrapple|Nasty Plot|p1a: Hydrapple
|-boost|p1a: Hydrapple|spa|2
|
|upkeep
|turn|7
|j| cannonballdestroy
|
|t:|1776041121
|switch|p1a: Slowking|Slowking-Galar, M, shiny|100/100
|move|p2a: Battery Acid|Volt Switch|p1a: Slowking
|-damage|p1a: Slowking|74/100
|
|t:|1776041125
|switch|p2a: Kombu|Ogerpon-Wellspring, F|100/100|[from] Volt Switch
|
|-heal|p1a: Slowking|80/100|[from] item: Black Sludge
|upkeep
|turn|8
|inactive|Dr. Drake6782 has 120 seconds left.
|
|t:|1776041156
|move|p2a: Kombu|Knock Off|p1a: Slowking
|-supereffective|p1a: Slowking
|-damage|p1a: Slowking|23/100
|-enditem|p1a: Slowking|Black Sludge|[from] move: Knock Off|[of] p2a: Kombu
|move|p1a: Slowking|Sludge Bomb|p2a: Kombu
|-supereffective|p2a: Kombu
|-damage|p2a: Kombu|15/100
|
|upkeep
|turn|9
|
|t:|1776041164
|switch|p1a: Corviknight|Corviknight, F|100/100
|-ability|p1a: Corviknight|Pressure
|move|p2a: Kombu|U-turn|p1a: Corviknight
|-resisted|p1a: Corviknight
|-damage|p1a: Corviknight|96/100
|-damage|p2a: Kombu|0 fnt|[from] item: Rocky Helmet|[of] p1a: Corviknight
|faint|p2a: Kombu
|
|upkeep
|
|t:|1776041173
|switch|p2a: Battery Acid|Zapdos, shiny|100/100
|turn|10
|
|t:|1776041177
|switch|p1a: Ting-Lu|Ting-Lu|100/100
|-ability|p1a: Ting-Lu|Vessel of Ruin
|move|p2a: Battery Acid|Hurricane|p1a: Ting-Lu
|-damage|p1a: Ting-Lu|79/100
|-start|p1a: Ting-Lu|confusion
|
|-heal|p1a: Ting-Lu|85/100|[from] item: Leftovers
|upkeep
|turn|11
|
|t:|1776041187
|switch|p2a: Manwel|Great Tusk, shiny|70/100
|-activate|p1a: Ting-Lu|confusion
|move|p1a: Ting-Lu|Payback|p2a: Manwel
|-resisted|p2a: Manwel
|-damage|p2a: Manwel|65/100
|
|-heal|p2a: Manwel|71/100|[from] item: Leftovers
|-heal|p1a: Ting-Lu|91/100|[from] item: Leftovers
|upkeep
|turn|12
|
|t:|1776041207
|-end|p2a: Manwel|Protosynthesis|[silent]
|switch|p2a: Battery Acid|Zapdos, shiny|100/100
|switch|p1a: Corviknight|Corviknight, F|96/100
|-ability|p1a: Corviknight|Pressure
|
|upkeep
|turn|13
|l| cannonballdestroy
|
|t:|1776041218
|switch|p1a: Ting-Lu|Ting-Lu|91/100
|-ability|p1a: Ting-Lu|Vessel of Ruin
|move|p2a: Battery Acid|Hurricane|p1a: Ting-Lu
|-damage|p1a: Ting-Lu|68/100
|
|-heal|p1a: Ting-Lu|75/100|[from] item: Leftovers
|upkeep
|turn|14
|
|t:|1776041230
|switch|p2a: Manwel|Great Tusk, shiny|71/100
|move|p1a: Ting-Lu|Earthquake|p2a: Manwel
|-damage|p2a: Manwel|50/100
|
|-heal|p2a: Manwel|57/100|[from] item: Leftovers
|-heal|p1a: Ting-Lu|81/100|[from] item: Leftovers
|upkeep
|turn|15
|
|t:|1776041243
|-end|p2a: Manwel|Protosynthesis|[silent]
|switch|p2a: Battery Acid|Zapdos, shiny|100/100
|switch|p1a: Corviknight|Corviknight, F|96/100
|-ability|p1a: Corviknight|Pressure
|
|upkeep
|turn|16
|
|t:|1776041248
|switch|p1a: Ting-Lu|Ting-Lu|81/100
|-ability|p1a: Ting-Lu|Vessel of Ruin
|move|p2a: Battery Acid|Hurricane|p1a: Ting-Lu|[miss]
|-miss|p2a: Battery Acid|p1a: Ting-Lu
|
|-heal|p1a: Ting-Lu|87/100|[from] item: Leftovers
|upkeep
|turn|17
|
|t:|1776041253
|move|p2a: Battery Acid|Hurricane|p1a: Ting-Lu
|-damage|p1a: Ting-Lu|63/100
|move|p1a: Ting-Lu|Earthquake|p2a: Battery Acid
|-immune|p2a: Battery Acid
|
|-heal|p1a: Ting-Lu|69/100|[from] item: Leftovers
|upkeep
|turn|18
|
|t:|1776041257
|move|p2a: Battery Acid|Hurricane|p1a: Ting-Lu
|-damage|p1a: Ting-Lu|44/100
|move|p1a: Ting-Lu|Payback|p2a: Battery Acid
|-damage|p2a: Battery Acid|68/100
|
|-heal|p1a: Ting-Lu|50/100|[from] item: Leftovers
|upkeep
|turn|19
|
|t:|1776041262
|move|p2a: Battery Acid|Hurricane|p1a: Ting-Lu|[miss]
|-miss|p2a: Battery Acid|p1a: Ting-Lu
|move|p1a: Ting-Lu|Payback|p2a: Battery Acid
|-damage|p2a: Battery Acid|37/100
|-status|p1a: Ting-Lu|par|[from] ability: Static|[of] p2a: Battery Acid
|
|-heal|p1a: Ting-Lu|57/100 par|[from] item: Leftovers
|upkeep
|turn|20
|
|t:|1776041265
|move|p2a: Battery Acid|Hurricane|p1a: Ting-Lu|[miss]
|-miss|p2a: Battery Acid|p1a: Ting-Lu
|move|p1a: Ting-Lu|Rest|p1a: Ting-Lu
|-status|p1a: Ting-Lu|slp|[from] move: Rest
|-heal|p1a: Ting-Lu|100/100 slp|[silent]
|
|upkeep
|turn|21
|
|t:|1776041269
|switch|p1a: Slowking|Slowking-Galar, M, shiny|56/100
|move|p2a: Battery Acid|Roost|p2a: Battery Acid
|-heal|p2a: Battery Acid|87/100
|-singleturn|p2a: Battery Acid|move: Roost
|
|upkeep
|turn|22
|
|t:|1776041285
|move|p2a: Battery Acid|Volt Switch|p1a: Slowking
|-damage|p1a: Slowking|27/100
|
|t:|1776041290
|switch|p2a: RedKing|Kingambit, F|100/100|[from] Volt Switch
|-activate|p2a: RedKing|ability: Supreme Overlord
|-start|p2a: RedKing|fallen1|[silent]
|move|p1a: Slowking|Trick|p2a: RedKing
|-activate|p1a: Slowking|move: Trick|[of] p2a: RedKing
|-enditem|p2a: RedKing|Assault Vest|[silent]|[from] move: Trick
|-item|p1a: Slowking|Assault Vest|[from] move: Trick
|
|upkeep
|turn|23
|
|t:|1776041316
|-end|p2a: RedKing|fallen1|[silent]
|switch|p2a: Mr. Prince|Latios, M, shiny|100/100
|switch|p1a: Cinderace|Cinderace, F|100/100
|
|upkeep
|turn|24
|
|t:|1776041332
|move|p1a: Cinderace|U-turn|p2a: Mr. Prince
|-supereffective|p2a: Mr. Prince
|-damage|p2a: Mr. Prince|50/100
|
|t:|1776041336
|switch|p1a: Slowking|Slowking-Galar, M, shiny|61/100|[from] U-turn
|move|p2a: Mr. Prince|Recover|p2a: Mr. Prince
|-heal|p2a: Mr. Prince|99/100
|
|upkeep
|turn|25
|
|t:|1776041348
|switch|p1a: Cinderace|Cinderace, F|100/100
|move|p2a: Mr. Prince|Luster Purge|p1a: Cinderace
|-damage|p1a: Cinderace|27/100
|-unboost|p1a: Cinderace|spd|1
|
|upkeep
|turn|26
|j| Little Cuack
|
|t:|1776041358
|move|p1a: Cinderace|U-turn|p2a: Mr. Prince
|-supereffective|p2a: Mr. Prince
|-damage|p2a: Mr. Prince|47/100
|
|t:|1776041360
|switch|p1a: Slowking|Slowking-Galar, M, shiny|94/100|[from] U-turn
|move|p2a: Mr. Prince|Luster Purge|p1a: Slowking
|-damage|p1a: Slowking|63/100
|
|upkeep
|turn|27
|
|t:|1776041367
|-terastallize|p2a: Mr. Prince|Steel
|move|p2a: Mr. Prince|Recover|p2a: Mr. Prince
|-heal|p2a: Mr. Prince|97/100
|move|p1a: Slowking|Ice Beam|p2a: Mr. Prince
|-resisted|p2a: Mr. Prince
|-damage|p2a: Mr. Prince|86/100
|
|upkeep
|turn|28
|
|t:|1776041373
|switch|p1a: Ting-Lu|Ting-Lu|100/100 slp
|-ability|p1a: Ting-Lu|Vessel of Ruin
|move|p2a: Mr. Prince|Luster Purge|p1a: Ting-Lu
|-immune|p1a: Ting-Lu
|
|upkeep
|turn|29
|
|t:|1776041378
|move|p2a: Mr. Prince|Ice Beam|p1a: Ting-Lu
|-supereffective|p1a: Ting-Lu
|-damage|p1a: Ting-Lu|74/100 slp
|cant|p1a: Ting-Lu|slp
|
|-heal|p1a: Ting-Lu|80/100 slp|[from] item: Leftovers
|upkeep
|turn|30
|
|t:|1776041383
|move|p2a: Mr. Prince|Ice Beam|p1a: Ting-Lu
|-supereffective|p1a: Ting-Lu
|-damage|p1a: Ting-Lu|53/100 slp
|cant|p1a: Ting-Lu|slp
|move|p1a: Ting-Lu|Sleep Talk|p1a: Ting-Lu
|move|p1a: Ting-Lu|Rest||[from] move: Sleep Talk|[still]
|-fail|p1a: Ting-Lu
|
|-heal|p1a: Ting-Lu|60/100 slp|[from] item: Leftovers
|upkeep
|turn|31
|
|t:|1776041389
|move|p2a: Mr. Prince|Ice Beam|p1a: Ting-Lu
|-supereffective|p1a: Ting-Lu
|-damage|p1a: Ting-Lu|29/100 slp
|-curestatus|p1a: Ting-Lu|slp|[msg]
|move|p1a: Ting-Lu|Payback|p2a: Mr. Prince
|-damage|p2a: Mr. Prince|37/100
|
|-heal|p1a: Ting-Lu|36/100|[from] item: Leftovers
|upkeep
|turn|32
|
|t:|1776041409
|move|p2a: Mr. Prince|Draco Meteor|p1a: Ting-Lu
|-damage|p1a: Ting-Lu|1/100
|-unboost|p2a: Mr. Prince|spa|2
|move|p1a: Ting-Lu|Payback|p2a: Mr. Prince
|-damage|p2a: Mr. Prince|0 fnt
|faint|p2a: Mr. Prince
|
|-heal|p1a: Ting-Lu|8/100|[from] item: Leftovers
|upkeep
|c|☆Pyrez57|Boo semistall
|-message|Pyrez57 forfeited.
|
|win|Dr. Drake6782
|raw|Dr. Drake6782's rating: 1679 &rarr; <strong>1698</strong><br />(+19 for winning)
|raw|Pyrez57's rating: 1657 &rarr; <strong>1638</strong><br />(-19 for losing)
|l|☆Pyrez57
|player|p2|
|l| ohko_smeargle
|c|☆Dr. Drake6782|LMAO
|l|☆Dr. Drake6782
|player|p1|
|l| raditzisthebest
