|html|<div class="broadcast-blue"><strong>[Gen 9] OU is currently suspecting Tera Blast! For information on how to participate check out the <a href="https://www.smogon.com/tools/suspects/view/200">suspect thread</a>.</strong></div>
|j|☆EJAT
|j|☆sketchizard
|t:|1776086852
|gametype|singles
|player|p1|EJAT|bellelba|1322
|player|p2|sketchizard|lance|1311
|gen|9
|tier|[Gen 9] OU
|rated|
|rule|HP Percentage Mod: HP is shown in percentages
|rule|Endless Battle Clause: Forcing endless battles is banned
|rule|Species Clause: Limit one of each Pokémon
|rule|OHKO Clause: OHKO moves are banned
|rule|Evasion Items Clause: Evasion items are banned
|rule|Evasion Moves Clause: Evasion moves are banned
|rule|Evasion Abilities Clause: Evasion abilities are banned
|rule|Sleep Moves Clause: Sleep-inducing moves are banned
|clearpoke
|poke|p1|Dragapult, F|
|poke|p1|Pawmot, F|
|poke|p1|Ogerpon-Wellspring, F|
|poke|p1|Iron Valiant|
|poke|p1|Kingambit, F|
|poke|p1|Landorus-Therian, M|
|poke|p2|Ursaluna, M|
|poke|p2|Slowbro, M|
|poke|p2|Slowking-Galar, F|
|poke|p2|Braviary-Hisui, M|
|poke|p2|Porygon2|
|poke|p2|Iron Hands|
|teampreview
|inactive|Battle timer is ON: inactive players will automatically lose when time's up. (requested by EJAT)
|inactive|EJAT has 120 seconds left.
|inactive|sketchizard has 120 seconds left.
|
|t:|1776086892
|teamsize|p1|6
|teamsize|p2|6
|start
|switch|p1a: Kingambit|Kingambit, F|100/100
|switch|p2a: Slowbro|Slowbro, M|100/100
|turn|1
|
|t:|1776086899
|move|p1a: Kingambit|Kowtow Cleave|p2a: Slowbro
|-supereffective|p2a: Slowbro
|-damage|p2a: Slowbro|45/100
|move|p2a: Slowbro|Scald|p1a: Kingambit
|-damage|p1a: Kingambit|71/100
|-status|p1a: Kingambit|brn
|
|-heal|p1a: Kingambit|77/100 brn|[from] item: Leftovers
|-heal|p2a: Slowbro|51/100|[from] item: Leftovers
|-damage|p1a: Kingambit|71/100 brn|[from] brn
|upkeep
|turn|2
|
|t:|1776086906
|move|p1a: Kingambit|Swords Dance|p1a: Kingambit
|-boost|p1a: Kingambit|atk|2
|move|p2a: Slowbro|Trick Room|p2a: Slowbro
|-fieldstart|move: Trick Room|[of] p2a: Slowbro
|
|-heal|p2a: Slowbro|57/100|[from] item: Leftovers
|-heal|p1a: Kingambit|77/100 brn|[from] item: Leftovers
|-damage|p1a: Kingambit|71/100 brn|[from] brn
|upkeep
|turn|3
|
|t:|1776086910
|switch|p2a: Iron Hands|Iron Hands|100/100
|-enditem|p2a: Iron Hands|Booster Energy
|-activate|p2a: Iron Hands|ability: Quark Drive|[fromitem]
|-start|p2a: Iron Hands|quarkdriveatk
|move|p1a: Kingambit|Sucker Punch||[still]
|-fail|p1a: Kingambit
|
|-heal|p1a: Kingambit|77/100 brn|[from] item: Leftovers
|-damage|p1a: Kingambit|71/100 brn|[from] brn
|upkeep
|turn|4
|
|t:|1776086920
|move|p2a: Iron Hands|Close Combat|p1a: Kingambit
|-supereffective|p1a: Kingambit
|-damage|p1a: Kingambit|0 fnt
|-unboost|p2a: Iron Hands|def|1
|-unboost|p2a: Iron Hands|spd|1
|faint|p1a: Kingambit
|-end|p1a: Kingambit|fallenundefined|[silent]
|
|upkeep
|
|t:|1776086924
|switch|p1a: Landorus|Landorus-Therian, M|100/100
|-ability|p1a: Landorus|Intimidate|boost
|-unboost|p2a: Iron Hands|atk|1
|turn|5
|
|t:|1776086930
|switch|p1a: Ogerpon|Ogerpon-Wellspring, F|100/100
|move|p2a: Iron Hands|Ice Punch|p1a: Ogerpon
|-damage|p1a: Ogerpon|69/100
|
|upkeep
|turn|6
|
|t:|1776086940
|move|p2a: Iron Hands|Close Combat|p1a: Ogerpon
|-damage|p1a: Ogerpon|0 fnt
|-unboost|p2a: Iron Hands|def|1
|-unboost|p2a: Iron Hands|spd|1
|faint|p1a: Ogerpon
|
|-fieldend|move: Trick Room
|upkeep
|
|t:|1776086945
|switch|p1a: Landorus|Landorus-Therian, M|100/100
|-ability|p1a: Landorus|Intimidate|boost
|-unboost|p2a: Iron Hands|atk|1
|turn|7
|
|t:|1776086948
|-end|p2a: Iron Hands|Quark Drive|[silent]
|switch|p2a: Slowbro|Slowbro, M|91/100
|move|p1a: Landorus|U-turn|p2a: Slowbro
|-supereffective|p2a: Slowbro
|-damage|p2a: Slowbro|59/100
|
|t:|1776086953
|switch|p1a: Dragapult|Dragapult, F, shiny|100/100|[from] U-turn
|
|-heal|p2a: Slowbro|65/100|[from] item: Leftovers
|upkeep
|turn|8
|
|t:|1776086957
|switch|p2a: Slowking|Slowking-Galar, F|100/100
|-terastallize|p1a: Dragapult|Ghost
|move|p1a: Dragapult|Shadow Ball|p2a: Slowking
|-supereffective|p2a: Slowking
|-damage|p2a: Slowking|19/100
|
|-heal|p2a: Slowking|25/100|[from] item: Leftovers
|upkeep
|turn|9
|
|t:|1776086964
|switch|p2a: Porygon2|Porygon2|100/100
|-ability|p2a: Porygon2|Download|boost
|-boost|p2a: Porygon2|atk|1
|move|p1a: Dragapult|Shadow Ball|p2a: Porygon2
|-immune|p2a: Porygon2
|
|upkeep
|turn|10
|
|t:|1776086979
|switch|p1a: Pawmot|Pawmot, F, shiny|100/100
|move|p2a: Porygon2|Trick Room|p2a: Porygon2
|-fieldstart|move: Trick Room|[of] p2a: Porygon2
|
|upkeep
|turn|11
|
|t:|1776086987
|move|p2a: Porygon2|Tri Attack|p1a: Pawmot
|-damage|p1a: Pawmot|45/100
|move|p1a: Pawmot|Revival Blessing|p1a: Pawmot
|
|t:|1776087004
|-heal|p1: Kingambit|50/100|[from] move: Revival Blessing
|
|upkeep
|turn|12
|
|t:|1776087014
|move|p2a: Porygon2|Tri Attack|p1a: Pawmot
|-damage|p1a: Pawmot|0 fnt
|faint|p1a: Pawmot
|
|upkeep
|inactive|EJAT has 120 seconds left.
|
|t:|1776087048
|switch|p1a: Iron Valiant|Iron Valiant|100/100
|-enditem|p1a: Iron Valiant|Booster Energy
|-activate|p1a: Iron Valiant|ability: Quark Drive|[fromitem]
|-start|p1a: Iron Valiant|quarkdrivespe
|turn|13
|
|t:|1776087055
|move|p2a: Porygon2|Tri Attack|p1a: Iron Valiant
|-damage|p1a: Iron Valiant|46/100
|-status|p1a: Iron Valiant|brn
|move|p1a: Iron Valiant|Close Combat|p2a: Porygon2
|-supereffective|p2a: Porygon2
|-damage|p2a: Porygon2|69/100
|-unboost|p1a: Iron Valiant|def|1
|-unboost|p1a: Iron Valiant|spd|1
|
|-damage|p1a: Iron Valiant|40/100 brn|[from] brn
|upkeep
|turn|14
|inactive|EJAT has 120 seconds left.
|
|t:|1776087065
|-end|p1a: Iron Valiant|Quark Drive|[silent]
|switch|p1a: Dragapult|Dragapult, F, shiny, tera:Ghost|100/100
|move|p2a: Porygon2|Recover|p2a: Porygon2
|-heal|p2a: Porygon2|100/100
|
|-fieldend|move: Trick Room
|upkeep
|turn|15
|
|t:|1776087069
|move|p1a: Dragapult|Draco Meteor|p2a: Porygon2
|-damage|p2a: Porygon2|62/100
|-unboost|p1a: Dragapult|spa|2
|move|p2a: Porygon2|Trick Room|p2a: Porygon2
|-fieldstart|move: Trick Room|[of] p2a: Porygon2
|
|upkeep
|turn|16
|
|t:|1776087076
|switch|p1a: Iron Valiant|Iron Valiant|40/100 brn
|move|p2a: Porygon2|Shadow Ball|p1a: Iron Valiant
|-damage|p1a: Iron Valiant|5/100 brn
|-unboost|p1a: Iron Valiant|spd|1
|
|-damage|p1a: Iron Valiant|0 fnt|[from] brn
|faint|p1a: Iron Valiant
|-end|p1a: Iron Valiant|Quark Drive|[silent]
|upkeep
|
|t:|1776087077
|switch|p1a: Kingambit|Kingambit, F|50/100
|-activate|p1a: Kingambit|ability: Supreme Overlord
|-start|p1a: Kingambit|fallen4|[silent]
|turn|17
|
|t:|1776087083
|switch|p2a: Ursaluna|Ursaluna, M|100/100
|move|p1a: Kingambit|Kowtow Cleave|p2a: Ursaluna
|-damage|p2a: Ursaluna|54/100
|
|-heal|p1a: Kingambit|57/100|[from] item: Leftovers
|-status|p2a: Ursaluna|brn|[from] item: Flame Orb
|upkeep
|turn|18
|
|t:|1776087095
|-end|p1a: Kingambit|fallen4|[silent]
|switch|p1a: Landorus|Landorus-Therian, M|100/100
|-ability|p1a: Landorus|Intimidate|boost
|-unboost|p2a: Ursaluna|atk|1
|move|p2a: Ursaluna|Facade|p1a: Landorus
|-damage|p1a: Landorus|0 fnt
|faint|p1a: Landorus
|
|-damage|p2a: Ursaluna|48/100 brn|[from] brn
|upkeep
|
|t:|1776087098
|switch|p1a: Kingambit|Kingambit, F|57/100
|-activate|p1a: Kingambit|ability: Supreme Overlord
|-start|p1a: Kingambit|fallen5|[silent]
|turn|19
|
|t:|1776087103
|-end|p1a: Kingambit|fallen5|[silent]
|switch|p1a: Dragapult|Dragapult, F, shiny, tera:Ghost|100/100
|move|p2a: Ursaluna|Rest|p2a: Ursaluna
|-status|p2a: Ursaluna|slp|[from] move: Rest
|-heal|p2a: Ursaluna|100/100 slp|[silent]
|
|-fieldend|move: Trick Room
|upkeep
|turn|20
|
|t:|1776087113
|move|p1a: Dragapult|Draco Meteor|p2a: Ursaluna
|-crit|p2a: Ursaluna
|-damage|p2a: Ursaluna|0 fnt
|-unboost|p1a: Dragapult|spa|2
|faint|p2a: Ursaluna
|
|upkeep
|
|t:|1776087120
|switch|p2a: Porygon2|Porygon2|62/100
|-ability|p2a: Porygon2|Download|boost
|-boost|p2a: Porygon2|atk|1
|turn|21
|
|t:|1776087124
|switch|p2a: Iron Hands|Iron Hands|100/100
|move|p1a: Dragapult|Draco Meteor|p2a: Iron Hands
|-damage|p2a: Iron Hands|62/100
|-unboost|p1a: Dragapult|spa|2
|
|upkeep
|turn|22
|
|t:|1776087133
|move|p1a: Dragapult|Draco Meteor|p2a: Iron Hands
|-damage|p2a: Iron Hands|37/100
|-unboost|p1a: Dragapult|spa|2
|move|p2a: Iron Hands|Ice Punch|p1a: Dragapult
|-damage|p1a: Dragapult|56/100
|
|upkeep
|turn|23
|
|t:|1776087142
|-end|p2a: Iron Hands|Quark Drive|[silent]
|switch|p2a: Porygon2|Porygon2|62/100
|-ability|p2a: Porygon2|Download|boost
|-boost|p2a: Porygon2|atk|1
|move|p1a: Dragapult|Draco Meteor|p2a: Porygon2
|-damage|p2a: Porygon2|51/100
|
|upkeep
|turn|24
|
|t:|1776087145
|switch|p1a: Kingambit|Kingambit, F|57/100
|-activate|p1a: Kingambit|ability: Supreme Overlord
|-start|p1a: Kingambit|fallen5|[silent]
|move|p2a: Porygon2|Recover|p2a: Porygon2
|-heal|p2a: Porygon2|100/100
|
|-heal|p1a: Kingambit|63/100|[from] item: Leftovers
|upkeep
|turn|25
|
|t:|1776087149
|move|p1a: Kingambit|Kowtow Cleave|p2a: Porygon2
|-damage|p2a: Porygon2|51/100
|move|p2a: Porygon2|Tri Attack|p1a: Kingambit
|-resisted|p1a: Kingambit
|-damage|p1a: Kingambit|46/100
|
|-heal|p1a: Kingambit|52/100|[from] item: Leftovers
|upkeep
|turn|26
|
|t:|1776087156
|move|p1a: Kingambit|Swords Dance|p1a: Kingambit
|-boost|p1a: Kingambit|atk|2
|move|p2a: Porygon2|Trick Room|p2a: Porygon2
|-fieldstart|move: Trick Room|[of] p2a: Porygon2
|
|-heal|p1a: Kingambit|58/100|[from] item: Leftovers
|upkeep
|turn|27
|
|t:|1776087160
|move|p2a: Porygon2|Tri Attack|p1a: Kingambit
|-resisted|p1a: Kingambit
|-damage|p1a: Kingambit|41/100
|move|p1a: Kingambit|Kowtow Cleave|p2a: Porygon2
|-damage|p2a: Porygon2|0 fnt
|faint|p2a: Porygon2
|
|-heal|p1a: Kingambit|47/100|[from] item: Leftovers
|upkeep
|
|t:|1776087172
|switch|p2a: Iron Hands|Iron Hands|37/100
|turn|28
|
|t:|1776087175
|move|p1a: Kingambit|Sucker Punch|p2a: Iron Hands
|-resisted|p2a: Iron Hands
|-crit|p2a: Iron Hands
|-damage|p2a: Iron Hands|0 fnt
|faint|p2a: Iron Hands
|-end|p2a: Iron Hands|Quark Drive|[silent]
|
|-heal|p1a: Kingambit|54/100|[from] item: Leftovers
|upkeep
|
|t:|1776087178
|switch|p2a: Braviary|Braviary-Hisui, M|100/100
|turn|29
|
|t:|1776087181
|-terastallize|p2a: Braviary|Fighting
|move|p1a: Kingambit|Sucker Punch|p2a: Braviary
|-resisted|p2a: Braviary
|-damage|p2a: Braviary|36/100
|move|p2a: Braviary|Tera Blast|p1a: Kingambit|[anim] Tera Blast Fighting
|-supereffective|p1a: Kingambit
|-damage|p1a: Kingambit|0 fnt
|faint|p1a: Kingambit
|-end|p1a: Kingambit|fallen5|[silent]
|-damage|p2a: Braviary|26/100|[from] item: Life Orb
|
|upkeep
|
|t:|1776087183
|switch|p1a: Dragapult|Dragapult, F, shiny, tera:Ghost|56/100
|turn|30
|
|t:|1776087186
|move|p2a: Braviary|Shadow Ball|p1a: Dragapult
|-supereffective|p1a: Dragapult
|-damage|p1a: Dragapult|0 fnt
|faint|p1a: Dragapult
|
|win|sketchizard
|raw|EJAT's rating: 1322 &rarr; <strong>1301</strong><br />(-21 for losing)
|raw|sketchizard's rating: 1311 &rarr; <strong>1332</strong><br />(+21 for winning)
|l|☆EJAT
|player|p1|
|l|☆sketchizard
|player|p2|
