|html|<div class="broadcast-blue"><strong>[Gen 9] OU is currently suspecting Tera Blast! For information on how to participate check out the <a href="https://www.smogon.com/tools/suspects/view/200">suspect thread</a>.</strong></div>
|j|☆fw_Xtsyy
|j|☆Dr.Aero
|t:|1776099361
|gametype|singles
|player|p1|fw_Xtsyy|giovanni|1078
|player|p2|Dr.Aero|camper|1126
|gen|9
|tier|[Gen 9] OU
|rated|
|rule|HP Percentage Mod: HP is shown in percentages
|rule|Endless Battle Clause: Forcing endless battles is banned
|rule|Species Clause: Limit one of each Pokémon
|rule|OHKO Clause: OHKO moves are banned
|rule|Evasion Items Clause: Evasion items are banned
|rule|Evasion Moves Clause: Evasion moves are banned
|rule|Evasion Abilities Clause: Evasion abilities are banned
|rule|Sleep Moves Clause: Sleep-inducing moves are banned
|clearpoke
|poke|p1|Ceruledge, F|
|poke|p1|Corviknight, F|
|poke|p1|Slowking, M|
|poke|p1|Umbreon, M|
|poke|p1|Weavile, F|
|poke|p1|Raging Bolt|
|poke|p2|Kingambit, M|
|poke|p2|Dragonite, M|
|poke|p2|Heatran, M|
|poke|p2|Rotom-Heat|
|poke|p2|Lokix, M|
|poke|p2|Cinderace, M|
|teampreview
|inactive|Battle timer is ON: inactive players will automatically lose when time's up. (requested by Dr.Aero)
|inactive|fw_Xtsyy has 120 seconds left.
|
|t:|1776099398
|teamsize|p1|6
|teamsize|p2|6
|start
|switch|p1a: Slowking|Slowking, M|100/100
|switch|p2a: Lokix|Lokix, M, shiny|100/100
|turn|1
|
|t:|1776099425
|move|p2a: Lokix|U-turn|p1a: Slowking
|-supereffective|p1a: Slowking
|-damage|p1a: Slowking|0 fnt
|faint|p1a: Slowking
|
|t:|1776099430
|switch|p2a: Rotom|Rotom-Heat|100/100|[from] U-turn
|
|upkeep
|inactive|fw_Xtsyy has 120 seconds left.
|
|t:|1776099470
|switch|p1a: Raging Bolt|Raging Bolt|100/100
|-enditem|p1a: Raging Bolt|Booster Energy
|-activate|p1a: Raging Bolt|ability: Protosynthesis|[fromitem]
|-start|p1a: Raging Bolt|protosynthesisspa
|turn|2
|
|t:|1776099487
|move|p2a: Rotom|Trick|p1a: Raging Bolt
|-activate|p2a: Rotom|move: Trick|[of] p1a: Raging Bolt
|-item|p1a: Raging Bolt|Choice Scarf|[from] move: Trick
|-enditem|p2a: Rotom|Choice Scarf|[silent]|[from] move: Trick
|move|p1a: Raging Bolt|Draco Meteor|p2a: Rotom
|-damage|p2a: Rotom|0 fnt
|-unboost|p1a: Raging Bolt|spa|2
|faint|p2a: Rotom
|
|upkeep
|
|t:|1776099495
|switch|p2a: Lokix|Lokix, M, shiny|100/100
|turn|3
|
|t:|1776099512
|-end|p1a: Raging Bolt|Protosynthesis|[silent]
|switch|p1a: Corviknight|Corviknight, F|100/100
|-ability|p1a: Corviknight|Pressure
|move|p2a: Lokix|U-turn|p1a: Corviknight
|-resisted|p1a: Corviknight
|-damage|p1a: Corviknight|88/100
|-damage|p2a: Lokix|84/100|[from] item: Rocky Helmet|[of] p1a: Corviknight
|
|t:|1776099515
|switch|p2a: Heatran|Heatran, M|100/100|[from] U-turn
|
|upkeep
|turn|4
|
|t:|1776099530
|switch|p1a: Umbreon|Umbreon, M|100/100
|move|p2a: Heatran|Lava Plume|p1a: Umbreon
|-damage|p1a: Umbreon|81/100
|
|-heal|p1a: Umbreon|87/100|[from] item: Leftovers
|upkeep
|turn|5
|
|t:|1776099548
|move|p2a: Heatran|Stealth Rock|p1a: Umbreon
|-sidestart|p1: fw_Xtsyy|move: Stealth Rock
|move|p1a: Umbreon|Wish|p1a: Umbreon
|
|-heal|p1a: Umbreon|93/100|[from] item: Leftovers
|upkeep
|turn|6
|
|t:|1776099562
|move|p2a: Heatran|Will-O-Wisp|p1a: Umbreon
|-status|p1a: Umbreon|brn
|-activate|p1a: Umbreon|ability: Synchronize
|-immune|p2a: Heatran
|move|p1a: Umbreon|Foul Play|p2a: Heatran
|-damage|p2a: Heatran|91/100
|
|-heal|p1a: Umbreon|100/100 brn|[from] move: Wish|[wisher] Umbreon
|-heal|p2a: Heatran|98/100|[from] item: Leftovers
|-damage|p1a: Umbreon|94/100 brn|[from] brn
|upkeep
|turn|7
|inactive|fw_Xtsyy has 90 seconds left.
|
|t:|1776099578
|switch|p2a: Cinderace|Cinderace, M|100/100
|move|p1a: Umbreon|Foul Play|p2a: Cinderace
|-damage|p2a: Cinderace|67/100
|
|-heal|p1a: Umbreon|100/100 brn|[from] item: Leftovers
|-damage|p1a: Umbreon|94/100 brn|[from] brn
|upkeep
|turn|8
|inactive|fw_Xtsyy has 90 seconds left.
|
|t:|1776099603
|move|p2a: Cinderace|U-turn|p1a: Umbreon
|-supereffective|p1a: Umbreon
|-damage|p1a: Umbreon|64/100 brn
|
|t:|1776099606
|switch|p2a: Lokix|Lokix, M, shiny|84/100|[from] U-turn
|move|p1a: Umbreon|Wish|p1a: Umbreon
|
|-heal|p1a: Umbreon|70/100 brn|[from] item: Leftovers
|-damage|p1a: Umbreon|64/100 brn|[from] brn
|upkeep
|turn|9
|inactive|fw_Xtsyy has 90 seconds left.
|
|t:|1776099617
|move|p1a: Umbreon|Protect|p1a: Umbreon
|-singleturn|p1a: Umbreon|Protect
|move|p2a: Lokix|U-turn|p1a: Umbreon
|-activate|p1a: Umbreon|move: Protect
|
|-heal|p1a: Umbreon|100/100 brn|[from] move: Wish|[wisher] Umbreon
|-damage|p1a: Umbreon|94/100 brn|[from] brn
|upkeep
|turn|10
|inactive|fw_Xtsyy has 90 seconds left.
|
|t:|1776099630
|move|p2a: Lokix|U-turn|p1a: Umbreon
|-supereffective|p1a: Umbreon
|-damage|p1a: Umbreon|28/100 brn
|
|t:|1776099633
|switch|p2a: Cinderace|Cinderace, M|67/100|[from] U-turn
|move|p1a: Umbreon|Toxic|p2a: Cinderace|[miss]
|-miss|p1a: Umbreon|p2a: Cinderace
|
|-heal|p1a: Umbreon|35/100 brn|[from] item: Leftovers
|-damage|p1a: Umbreon|28/100 brn|[from] brn
|upkeep
|turn|11
|inactive|fw_Xtsyy has 90 seconds left.
|
|t:|1776099648
|switch|p1a: Corviknight|Corviknight, F|88/100
|-damage|p1a: Corviknight|75/100|[from] Stealth Rock
|-ability|p1a: Corviknight|Pressure
|move|p2a: Cinderace|U-turn|p1a: Corviknight
|-resisted|p1a: Corviknight
|-damage|p1a: Corviknight|72/100
|-damage|p2a: Cinderace|50/100|[from] item: Rocky Helmet|[of] p1a: Corviknight
|
|t:|1776099653
|switch|p2a: Heatran|Heatran, M|98/100|[from] U-turn
|
|-heal|p2a: Heatran|100/100|[from] item: Leftovers
|upkeep
|turn|12
|inactive|fw_Xtsyy has 90 seconds left.
|inactive|fw_Xtsyy has 60 seconds left.
|
|t:|1776099706
|-terastallize|p1a: Corviknight|Flying
|move|p2a: Heatran|Lava Plume|p1a: Corviknight
|-damage|p1a: Corviknight|40/100
|move|p1a: Corviknight|Defog|p2a: Heatran
|-unboost|p2a: Heatran|evasion|1
|-sideend|p1: fw_Xtsyy|Stealth Rock|[from] move: Defog|[of] p1a: Corviknight
|
|upkeep
|turn|13
|
|t:|1776099715
|move|p2a: Heatran|Lava Plume|p1a: Corviknight
|-damage|p1a: Corviknight|3/100
|move|p1a: Corviknight|Roost|p1a: Corviknight
|-heal|p1a: Corviknight|53/100
|-hint|If a Terastallized Pokemon uses Roost, it remains Flying-type.
|
|upkeep
|turn|14
|inactive|fw_Xtsyy has 60 seconds left.
|
|t:|1776099741
|switch|p1a: Ceruledge|Ceruledge, F|100/100
|move|p2a: Heatran|Will-O-Wisp|p1a: Ceruledge
|-immune|p1a: Ceruledge
|
|upkeep
|turn|15
|
|t:|1776099759
|switch|p1a: Corviknight|Corviknight, F, tera:Flying|53/100
|-ability|p1a: Corviknight|Pressure
|move|p2a: Heatran|Stealth Rock|p1a: Corviknight
|-sidestart|p1: fw_Xtsyy|move: Stealth Rock
|
|upkeep
|turn|16
|
|t:|1776099787
|move|p2a: Heatran|Will-O-Wisp|p1a: Corviknight|[miss]
|-miss|p2a: Heatran|p1a: Corviknight
|move|p1a: Corviknight|Roost|p1a: Corviknight
|-heal|p1a: Corviknight|100/100
|-hint|If a Terastallized Pokemon uses Roost, it remains Flying-type.
|
|upkeep
|turn|17
|
|t:|1776099795
|move|p2a: Heatran|Will-O-Wisp|p1a: Corviknight
|-status|p1a: Corviknight|brn
|move|p1a: Corviknight|Defog|p2a: Heatran
|-unboost|p2a: Heatran|evasion|1
|-sideend|p1: fw_Xtsyy|Stealth Rock|[from] move: Defog|[of] p1a: Corviknight
|
|-damage|p1a: Corviknight|94/100 brn|[from] brn
|upkeep
|turn|18
|
|t:|1776099813
|move|p2a: Heatran|Stealth Rock|p1a: Corviknight
|-sidestart|p1: fw_Xtsyy|move: Stealth Rock
|move|p1a: Corviknight|U-turn|p2a: Heatran
|-resisted|p2a: Heatran
|-damage|p2a: Heatran|99/100
|
|t:|1776099818
|switch|p1a: Weavile|Weavile, F|100/100|[from] U-turn
|-damage|p1a: Weavile|76/100|[from] Stealth Rock
|
|-heal|p2a: Heatran|100/100|[from] item: Leftovers
|upkeep
|turn|19
|
|t:|1776099828
|move|p1a: Weavile|Low Kick|p2a: Heatran
|-supereffective|p2a: Heatran
|-crit|p2a: Heatran
|-damage|p2a: Heatran|7/100
|move|p2a: Heatran|Will-O-Wisp|p1a: Weavile
|-status|p1a: Weavile|brn
|
|-heal|p2a: Heatran|13/100|[from] item: Leftovers
|-damage|p1a: Weavile|70/100 brn|[from] brn
|upkeep
|turn|20
|
|t:|1776099840
|switch|p2a: Cinderace|Cinderace, M|50/100
|move|p1a: Weavile|Low Kick|p2a: Cinderace
|-damage|p2a: Cinderace|36/100
|
|-damage|p1a: Weavile|63/100 brn|[from] brn
|upkeep
|turn|21
|
|t:|1776099853
|switch|p1a: Corviknight|Corviknight, F, tera:Flying|94/100 brn
|-damage|p1a: Corviknight|69/100 brn|[from] Stealth Rock
|-ability|p1a: Corviknight|Pressure
|move|p2a: Cinderace|U-turn|p1a: Corviknight
|-resisted|p1a: Corviknight
|-damage|p1a: Corviknight|63/100 brn
|-damage|p2a: Cinderace|20/100|[from] item: Rocky Helmet|[of] p1a: Corviknight
|
|t:|1776099857
|switch|p2a: Heatran|Heatran, M|13/100|[from] U-turn
|
|-heal|p2a: Heatran|19/100|[from] item: Leftovers
|-damage|p1a: Corviknight|56/100 brn|[from] brn
|upkeep
|turn|22
|
|t:|1776099880
|move|p2a: Heatran|Stealth Rock||[still]
|-fail|p2a: Heatran
|move|p1a: Corviknight|Defog|p2a: Heatran
|-unboost|p2a: Heatran|evasion|1
|-sideend|p1: fw_Xtsyy|Stealth Rock|[from] move: Defog|[of] p1a: Corviknight
|
|-heal|p2a: Heatran|25/100|[from] item: Leftovers
|-damage|p1a: Corviknight|50/100 brn|[from] brn
|upkeep
|turn|23
|
|t:|1776099889
|move|p2a: Heatran|Stealth Rock|p1a: Corviknight
|-sidestart|p1: fw_Xtsyy|move: Stealth Rock
|move|p1a: Corviknight|Roost|p1a: Corviknight
|-heal|p1a: Corviknight|99/100 brn
|-hint|If a Terastallized Pokemon uses Roost, it remains Flying-type.
|
|-heal|p2a: Heatran|32/100|[from] item: Leftovers
|-damage|p1a: Corviknight|94/100 brn|[from] brn
|upkeep
|turn|24
|
|t:|1776099905
|move|p2a: Heatran|Lava Plume|p1a: Corviknight
|-damage|p1a: Corviknight|58/100 brn
|move|p1a: Corviknight|Brave Bird|p2a: Heatran
|-resisted|p2a: Heatran
|-damage|p2a: Heatran|22/100
|-damage|p1a: Corviknight|55/100 brn|[from] Recoil
|
|-heal|p2a: Heatran|28/100|[from] item: Leftovers
|-damage|p1a: Corviknight|49/100 brn|[from] brn
|upkeep
|turn|25
|
|t:|1776099916
|move|p2a: Heatran|Lava Plume|p1a: Corviknight
|-damage|p1a: Corviknight|18/100 brn
|move|p1a: Corviknight|Roost|p1a: Corviknight
|-heal|p1a: Corviknight|68/100 brn
|-hint|If a Terastallized Pokemon uses Roost, it remains Flying-type.
|
|-heal|p2a: Heatran|34/100|[from] item: Leftovers
|-damage|p1a: Corviknight|62/100 brn|[from] brn
|upkeep
|turn|26
|
|t:|1776099939
|move|p2a: Heatran|Lava Plume|p1a: Corviknight
|-damage|p1a: Corviknight|30/100 brn
|move|p1a: Corviknight|Defog|p2a: Heatran
|-unboost|p2a: Heatran|evasion|1
|-sideend|p1: fw_Xtsyy|Stealth Rock|[from] move: Defog|[of] p1a: Corviknight
|
|-heal|p2a: Heatran|41/100|[from] item: Leftovers
|-damage|p1a: Corviknight|24/100 brn|[from] brn
|upkeep
|turn|27
|
|t:|1776099950
|move|p2a: Heatran|Lava Plume|p1a: Corviknight
|-damage|p1a: Corviknight|0 fnt
|faint|p1a: Corviknight
|
|-heal|p2a: Heatran|47/100|[from] item: Leftovers
|upkeep
|inactive|fw_Xtsyy has 30 seconds left.
|inactive|fw_Xtsyy has 20 seconds left.
|
|t:|1776099972
|switch|p1a: Weavile|Weavile, F|63/100 brn
|turn|28
|inactive|fw_Xtsyy has 30 seconds left this turn.
|
|t:|1776099980
|switch|p2a: Cinderace|Cinderace, M|20/100
|move|p1a: Weavile|Low Kick|p2a: Cinderace
|-damage|p2a: Cinderace|6/100
|
|-damage|p1a: Weavile|57/100 brn|[from] brn
|upkeep
|turn|29
|inactive|fw_Xtsyy has 30 seconds left.
|
|t:|1776099988
|move|p1a: Weavile|Low Kick|p2a: Cinderace
|-damage|p2a: Cinderace|0 fnt
|faint|p2a: Cinderace
|
|-damage|p1a: Weavile|51/100 brn|[from] brn
|upkeep
|
|t:|1776099994
|switch|p2a: Lokix|Lokix, M, shiny|84/100
|turn|30
|
|t:|1776100004
|switch|p1a: Ceruledge|Ceruledge, F|100/100
|move|p2a: Lokix|First Impression|p1a: Ceruledge
|-resisted|p1a: Ceruledge
|-damage|p1a: Ceruledge|65/100
|-ability|p1a: Ceruledge|Weak Armor|boost
|-unboost|p1a: Ceruledge|def|1
|-boost|p1a: Ceruledge|spe|2
|
|upkeep
|turn|31
|
|t:|1776100022
|switch|p2a: Heatran|Heatran, M|47/100
|move|p1a: Ceruledge|Swords Dance|p1a: Ceruledge
|-boost|p1a: Ceruledge|atk|2
|
|-heal|p2a: Heatran|53/100|[from] item: Leftovers
|upkeep
|turn|32
|
|t:|1776100036
|-terastallize|p2a: Heatran|Bug
|move|p1a: Ceruledge|Bitter Blade|p2a: Heatran
|-start|p2a: Heatran|ability: Flash Fire
|move|p2a: Heatran|Earth Power|p1a: Ceruledge
|-supereffective|p1a: Ceruledge
|-damage|p1a: Ceruledge|13/100
|
|-heal|p2a: Heatran|59/100|[from] item: Leftovers
|upkeep
|turn|33
|inactive|fw_Xtsyy has 30 seconds left.
|
|t:|1776100059
|move|p1a: Ceruledge|X-Scissor|p2a: Heatran
|-damage|p2a: Heatran|0 fnt
|faint|p2a: Heatran
|-damage|p1a: Ceruledge|3/100|[from] item: Life Orb
|
|upkeep
|
|t:|1776100066
|switch|p2a: Lokix|Lokix, M, shiny|84/100
|turn|34
|
|t:|1776100075
|move|p2a: Lokix|First Impression|p1a: Ceruledge
|-resisted|p1a: Ceruledge
|-damage|p1a: Ceruledge|0 fnt
|faint|p1a: Ceruledge
|
|upkeep
|
|t:|1776100082
|switch|p1a: Umbreon|Umbreon, M|28/100 brn
|turn|35
|inactive|fw_Xtsyy has 30 seconds left.
|inactive|fw_Xtsyy has 20 seconds left.
|
|t:|1776100109
|switch|p2a: Kingambit|Kingambit, M|100/100
|-activate|p2a: Kingambit|ability: Supreme Overlord
|-start|p2a: Kingambit|fallen3|[silent]
|move|p1a: Umbreon|Wish|p1a: Umbreon
|
|-heal|p1a: Umbreon|35/100 brn|[from] item: Leftovers
|-damage|p1a: Umbreon|28/100 brn|[from] brn
|upkeep
|turn|36
|inactive|fw_Xtsyy has 30 seconds left this turn.
|inactive|fw_Xtsyy has 20 seconds left.
|inactive|fw_Xtsyy has 15 seconds left.
|inactive|fw_Xtsyy has 10 seconds left.
|inactive|fw_Xtsyy has 5 seconds left.
|-message|fw_Xtsyy lost due to inactivity.
|
|win|Dr.Aero
|raw|fw_Xtsyy's rating: 1078 &rarr; <strong>1059</strong><br />(-19 for losing)
|raw|Dr.Aero's rating: 1126 &rarr; <strong>1148</strong><br />(+22 for winning)
|l|☆fw_Xtsyy
|player|p1|
