|html|<div class="broadcast-blue"><strong>[Gen 9] OU is currently suspecting Tera Blast! For information on how to participate check out the <a href="https://www.smogon.com/tools/suspects/view/200">suspect thread</a>.</strong></div>
|j|☆Rascior4
|j|☆mr getit
|t:|1776237166
|gametype|singles
|player|p1|Rascior4|rood|1043
|player|p2|mr getit|266|1108
|gen|9
|tier|[Gen 9] OU
|rated|
|rule|HP Percentage Mod: HP is shown in percentages
|rule|Endless Battle Clause: Forcing endless battles is banned
|rule|Species Clause: Limit one of each Pokémon
|rule|OHKO Clause: OHKO moves are banned
|rule|Evasion Items Clause: Evasion items are banned
|rule|Evasion Moves Clause: Evasion moves are banned
|rule|Evasion Abilities Clause: Evasion abilities are banned
|rule|Sleep Moves Clause: Sleep-inducing moves are banned
|clearpoke
|poke|p1|Dragonite, F|
|poke|p1|Gholdengo|
|poke|p1|Gliscor, F|
|poke|p1|Hatterene, F|
|poke|p1|Dondozo, F|
|poke|p1|Alomomola, F|
|poke|p2|Greninja-*, M|
|poke|p2|Great Tusk|
|poke|p2|Dragapult, M|
|poke|p2|Kingambit, M|
|poke|p2|Rillaboom, F|
|poke|p2|Moltres|
|teampreview
|
|t:|1776237173
|teamsize|p1|6
|teamsize|p2|6
|start
|switch|p1a: Alomomola|Alomomola, F|100/100
|switch|p2a: Great Tusk|Great Tusk|100/100
|turn|1
|inactive|Battle timer is ON: inactive players will automatically lose when time's up. (requested by mr getit)
|
|t:|1776237182
|move|p2a: Great Tusk|Stealth Rock|p1a: Alomomola
|-sidestart|p1: Rascior4|move: Stealth Rock
|move|p1a: Alomomola|Scald|p2a: Great Tusk
|-supereffective|p2a: Great Tusk
|-damage|p2a: Great Tusk|58/100
|-status|p2a: Great Tusk|brn
|
|-heal|p2a: Great Tusk|65/100 brn|[from] item: Leftovers
|-damage|p2a: Great Tusk|58/100 brn|[from] brn
|upkeep
|turn|2
|inactive|mr getit has 120 seconds left.
|inactive|mr getit has 90 seconds left.
|
|t:|1776237243
|-end|p2a: Great Tusk|Protosynthesis|[silent]
|switch|p2a: Kingambit|Kingambit, M|100/100
|move|p1a: Alomomola|Scald|p2a: Kingambit
|-damage|p2a: Kingambit|87/100
|
|upkeep
|turn|3
|
|t:|1776237257
|switch|p1a: Dondozo|Dondozo, F|100/100
|-damage|p1a: Dondozo|88/100|[from] Stealth Rock
|move|p2a: Kingambit|Kowtow Cleave|p1a: Dondozo
|-damage|p1a: Dondozo|60/100
|
|-heal|p1a: Dondozo|66/100|[from] item: Leftovers
|upkeep
|turn|4
|
|t:|1776237274
|-end|p2a: Kingambit|fallenundefined|[silent]
|switch|p2a: Rillaboom|Rillaboom, F|100/100
|-fieldstart|move: Grassy Terrain|[from] ability: Grassy Surge|[of] p2a: Rillaboom
|move|p1a: Dondozo|Curse|p1a: Dondozo
|-unboost|p1a: Dondozo|spe|1
|-boost|p1a: Dondozo|atk|1
|-boost|p1a: Dondozo|def|1
|
|-heal|p1a: Dondozo|72/100|[from] Grassy Terrain
|-heal|p1a: Dondozo|78/100|[from] item: Leftovers
|upkeep
|turn|5
|
|t:|1776237288
|-terastallize|p1a: Dondozo|Steel
|move|p2a: Rillaboom|Grassy Glide|p1a: Dondozo
|-resisted|p1a: Dondozo
|-damage|p1a: Dondozo|70/100
|move|p1a: Dondozo|Curse|p1a: Dondozo
|-unboost|p1a: Dondozo|spe|1
|-boost|p1a: Dondozo|atk|1
|-boost|p1a: Dondozo|def|1
|
|-heal|p1a: Dondozo|76/100|[from] Grassy Terrain
|-heal|p1a: Dondozo|82/100|[from] item: Leftovers
|upkeep
|turn|6
|
|t:|1776237305
|switch|p2a: Moltres|Moltres|100/100
|move|p1a: Dondozo|Curse|p1a: Dondozo
|-unboost|p1a: Dondozo|spe|1
|-boost|p1a: Dondozo|atk|1
|-boost|p1a: Dondozo|def|1
|
|-heal|p1a: Dondozo|88/100|[from] Grassy Terrain
|-heal|p1a: Dondozo|94/100|[from] item: Leftovers
|upkeep
|turn|7
|
|t:|1776237311
|move|p1a: Dondozo|Body Press|p2a: Moltres
|-resisted|p2a: Moltres
|-damage|p2a: Moltres|76/100
|-status|p1a: Dondozo|brn|[from] ability: Flame Body|[of] p2a: Moltres
|move|p2a: Moltres|Roar|p1a: Dondozo
|drag|p1a: Dragonite|Dragonite, F|100/100
|
|upkeep
|turn|8
|
|t:|1776237326
|move|p1a: Dragonite|Extreme Speed|p2a: Moltres
|-damage|p2a: Moltres|53/100
|move|p2a: Moltres|U-turn|p1a: Dragonite
|-resisted|p1a: Dragonite
|-damage|p1a: Dragonite|97/100
|
|t:|1776237336
|switch|p2a: Dragapult|Dragapult, M|100/100|[from] U-turn
|
|-fieldend|move: Grassy Terrain
|upkeep
|turn|9
|inactive|mr getit has 120 seconds left.
|
|t:|1776237342
|move|p2a: Dragapult|U-turn|p1a: Dragonite
|-resisted|p1a: Dragonite
|-damage|p1a: Dragonite|87/100
|inactive|mr getit has 120 seconds left.
|
|t:|1776237347
|switch|p2a: Kingambit|Kingambit, M|87/100|[from] U-turn
|move|p1a: Dragonite|Dragon Dance|p1a: Dragonite
|-boost|p1a: Dragonite|atk|1
|-boost|p1a: Dragonite|spe|1
|
|upkeep
|turn|10
|
|t:|1776237364
|-terastallize|p2a: Kingambit|Flying
|move|p1a: Dragonite|Outrage|p2a: Kingambit
|-damage|p2a: Kingambit|10/100
|move|p2a: Kingambit|Kowtow Cleave|p1a: Dragonite
|-damage|p1a: Dragonite|25/100
|
|upkeep
|turn|11
|
|t:|1776237374
|move|p2a: Kingambit|Sucker Punch|p1a: Dragonite
|-damage|p1a: Dragonite|0 fnt
|faint|p1a: Dragonite
|
|upkeep
|
|t:|1776237381
|switch|p1a: Gliscor|Gliscor, F|100/100
|-damage|p1a: Gliscor|88/100|[from] Stealth Rock
|turn|12
|
|t:|1776237393
|-end|p2a: Kingambit|fallenundefined|[silent]
|switch|p2a: Moltres|Moltres|53/100
|move|p1a: Gliscor|Toxic Spikes|p2a: Moltres
|-sidestart|p2: mr getit|move: Toxic Spikes
|
|-status|p1a: Gliscor|tox|[from] item: Toxic Orb
|upkeep
|turn|13
|
|t:|1776237399
|move|p1a: Gliscor|Protect|p1a: Gliscor
|-singleturn|p1a: Gliscor|Protect
|move|p2a: Moltres|Roost|p2a: Moltres
|-heal|p2a: Moltres|100/100
|-singleturn|p2a: Moltres|move: Roost
|
|-heal|p1a: Gliscor|100/100 tox|[from] ability: Poison Heal
|upkeep
|turn|14
|
|t:|1776237407
|move|p1a: Gliscor|Toxic Spikes|p2a: Moltres
|-sidestart|p2: mr getit|move: Toxic Spikes
|move|p2a: Moltres|Flamethrower|p1a: Gliscor
|-damage|p1a: Gliscor|54/100 tox
|
|-heal|p1a: Gliscor|67/100 tox|[from] ability: Poison Heal
|upkeep
|turn|15
|
|t:|1776237415
|move|p1a: Gliscor|Protect|p1a: Gliscor
|-singleturn|p1a: Gliscor|Protect
|move|p2a: Moltres|Flamethrower|p1a: Gliscor
|-activate|p1a: Gliscor|move: Protect
|
|-heal|p1a: Gliscor|79/100 tox|[from] ability: Poison Heal
|upkeep
|turn|16
|
|t:|1776237426
|move|p1a: Gliscor|Spikes|p2a: Moltres
|-sidestart|p2: mr getit|Spikes
|move|p2a: Moltres|Flamethrower|p1a: Gliscor
|-damage|p1a: Gliscor|36/100 tox
|
|-heal|p1a: Gliscor|48/100 tox|[from] ability: Poison Heal
|upkeep
|turn|17
|
|t:|1776237439
|move|p1a: Gliscor|Protect|p1a: Gliscor
|-singleturn|p1a: Gliscor|Protect
|move|p2a: Moltres|Flamethrower|p1a: Gliscor
|-activate|p1a: Gliscor|move: Protect
|
|-heal|p1a: Gliscor|61/100 tox|[from] ability: Poison Heal
|upkeep
|turn|18
|
|t:|1776237448
|switch|p1a: Alomomola|Alomomola, F|100/100
|-damage|p1a: Alomomola|88/100|[from] Stealth Rock
|move|p2a: Moltres|Flamethrower|p1a: Alomomola
|-resisted|p1a: Alomomola
|-damage|p1a: Alomomola|66/100
|
|-heal|p1a: Alomomola|72/100|[from] item: Leftovers
|upkeep
|turn|19
|
|t:|1776237455
|move|p2a: Moltres|U-turn|p1a: Alomomola
|-damage|p1a: Alomomola|65/100
|
|t:|1776237457
|switch|p2a: Great Tusk|Great Tusk|58/100 brn|[from] U-turn
|-damage|p2a: Great Tusk|46/100 brn|[from] Spikes
|move|p1a: Alomomola|Wish|p1a: Alomomola
|
|-heal|p2a: Great Tusk|52/100 brn|[from] item: Leftovers
|-heal|p1a: Alomomola|71/100|[from] item: Leftovers
|-damage|p2a: Great Tusk|46/100 brn|[from] brn
|upkeep
|turn|20
|
|t:|1776237471
|switch|p1a: Gholdengo|Gholdengo|100/100
|-damage|p1a: Gholdengo|94/100|[from] Stealth Rock
|-item|p1a: Gholdengo|Air Balloon
|move|p2a: Great Tusk|Rapid Spin|p1a: Gholdengo
|-immune|p1a: Gholdengo
|
|-heal|p1a: Gholdengo|100/100|[from] move: Wish|[wisher] Alomomola
|-heal|p2a: Great Tusk|52/100 brn|[from] item: Leftovers
|-damage|p2a: Great Tusk|46/100 brn|[from] brn
|upkeep
|turn|21
|
|t:|1776237487
|-end|p2a: Great Tusk|Protosynthesis|[silent]
|switch|p2a: Moltres|Moltres|100/100
|move|p1a: Gholdengo|Nasty Plot|p1a: Gholdengo
|-boost|p1a: Gholdengo|spa|2
|
|upkeep
|turn|22
|
|t:|1776237506
|move|p1a: Gholdengo|Shadow Ball|p2a: Moltres
|-damage|p2a: Moltres|14/100
|move|p2a: Moltres|Flamethrower|p1a: Gholdengo
|-supereffective|p1a: Gholdengo
|-damage|p1a: Gholdengo|11/100
|-enditem|p1a: Gholdengo|Air Balloon
|
|upkeep
|turn|23
|
|t:|1776237512
|move|p1a: Gholdengo|Shadow Ball|p2a: Moltres
|-damage|p2a: Moltres|0 fnt
|faint|p2a: Moltres
|
|upkeep
|
|t:|1776237517
|switch|p2a: Dragapult|Dragapult, M|100/100
|-status|p2a: Dragapult|tox
|-damage|p2a: Dragapult|88/100 tox|[from] Spikes
|turn|24
|
|t:|1776237527
|move|p2a: Dragapult|Shadow Ball|p1a: Gholdengo
|-supereffective|p1a: Gholdengo
|-damage|p1a: Gholdengo|0 fnt
|faint|p1a: Gholdengo
|
|-damage|p2a: Dragapult|82/100 tox|[from] psn
|upkeep
|
|t:|1776237542
|switch|p1a: Hatterene|Hatterene, F|100/100
|-damage|p1a: Hatterene|88/100|[from] Stealth Rock
|turn|25
|
|t:|1776237546
|move|p2a: Dragapult|Shadow Ball|p1a: Hatterene
|-supereffective|p1a: Hatterene
|-damage|p1a: Hatterene|0 fnt
|faint|p1a: Hatterene
|
|-damage|p2a: Dragapult|70/100 tox|[from] psn
|upkeep
|
|t:|1776237552
|switch|p1a: Gliscor|Gliscor, F|61/100 tox
|-damage|p1a: Gliscor|48/100 tox|[from] Stealth Rock
|turn|26
|
|t:|1776237556
|move|p1a: Gliscor|Protect|p1a: Gliscor
|-singleturn|p1a: Gliscor|Protect
|move|p2a: Dragapult|Shadow Ball|p1a: Gliscor
|-activate|p1a: Gliscor|move: Protect
|
|-damage|p2a: Dragapult|52/100 tox|[from] psn
|-heal|p1a: Gliscor|61/100 tox|[from] ability: Poison Heal
|upkeep
|turn|27
|
|t:|1776237571
|switch|p2a: Great Tusk|Great Tusk|46/100 brn
|-damage|p2a: Great Tusk|34/100 brn|[from] Spikes
|move|p1a: Gliscor|Spikes|p2a: Great Tusk
|-sidestart|p2: mr getit|Spikes
|
|-heal|p2a: Great Tusk|40/100 brn|[from] item: Leftovers
|-heal|p1a: Gliscor|73/100 tox|[from] ability: Poison Heal
|-damage|p2a: Great Tusk|34/100 brn|[from] brn
|upkeep
|turn|28
|
|t:|1776237583
|move|p2a: Great Tusk|Rapid Spin|p1a: Gliscor
|-damage|p1a: Gliscor|67/100 tox
|-boost|p2a: Great Tusk|spe|1
|-sideend|p2: mr getit|Spikes|[from] move: Rapid Spin|[of] p2a: Great Tusk
|-sideend|p2: mr getit|Toxic Spikes|[from] move: Rapid Spin|[of] p2a: Great Tusk
|move|p1a: Gliscor|Earthquake|p2a: Great Tusk
|-damage|p2a: Great Tusk|11/100 brn
|
|-heal|p2a: Great Tusk|17/100 brn|[from] item: Leftovers
|-heal|p1a: Gliscor|80/100 tox|[from] ability: Poison Heal
|-damage|p2a: Great Tusk|11/100 brn|[from] brn
|upkeep
|turn|29
|
|t:|1776237600
|move|p2a: Great Tusk|Rapid Spin|p1a: Gliscor
|-damage|p1a: Gliscor|74/100 tox
|-boost|p2a: Great Tusk|spe|1
|move|p1a: Gliscor|Toxic Spikes|p2a: Great Tusk
|-sidestart|p2: mr getit|move: Toxic Spikes
|
|-heal|p2a: Great Tusk|17/100 brn|[from] item: Leftovers
|-heal|p1a: Gliscor|86/100 tox|[from] ability: Poison Heal
|-damage|p2a: Great Tusk|11/100 brn|[from] brn
|upkeep
|turn|30
|
|t:|1776237611
|move|p2a: Great Tusk|Rapid Spin|p1a: Gliscor
|-damage|p1a: Gliscor|81/100 tox
|-boost|p2a: Great Tusk|spe|1
|-sideend|p2: mr getit|Toxic Spikes|[from] move: Rapid Spin|[of] p2a: Great Tusk
|move|p1a: Gliscor|Toxic Spikes|p2a: Great Tusk
|-sidestart|p2: mr getit|move: Toxic Spikes
|
|-heal|p2a: Great Tusk|17/100 brn|[from] item: Leftovers
|-heal|p1a: Gliscor|93/100 tox|[from] ability: Poison Heal
|-damage|p2a: Great Tusk|11/100 brn|[from] brn
|upkeep
|turn|31
|
|t:|1776237623
|move|p2a: Great Tusk|Close Combat|p1a: Gliscor
|-resisted|p1a: Gliscor
|-damage|p1a: Gliscor|84/100 tox
|-unboost|p2a: Great Tusk|def|1
|-unboost|p2a: Great Tusk|spd|1
|move|p1a: Gliscor|Earthquake|p2a: Great Tusk
|-damage|p2a: Great Tusk|0 fnt
|faint|p2a: Great Tusk
|-end|p2a: Great Tusk|Protosynthesis|[silent]
|
|-heal|p1a: Gliscor|96/100 tox|[from] ability: Poison Heal
|upkeep
|
|t:|1776237631
|switch|p2a: Greninja|Greninja, M|100/100
|turn|32
|
|t:|1776237645
|move|p1a: Gliscor|Protect|p1a: Gliscor
|-singleturn|p1a: Gliscor|Protect
|move|p2a: Greninja|Surf|p1a: Gliscor
|-activate|p1a: Gliscor|move: Protect
|
|-heal|p1a: Gliscor|100/100 tox|[from] ability: Poison Heal
|upkeep
|turn|33
|
|t:|1776237658
|switch|p1a: Alomomola|Alomomola, F|100/100
|-damage|p1a: Alomomola|88/100|[from] Stealth Rock
|move|p2a: Greninja|Dark Pulse|p1a: Alomomola
|-damage|p1a: Alomomola|46/100
|
|-heal|p1a: Alomomola|53/100|[from] item: Leftovers
|upkeep
|turn|34
|
|t:|1776237670
|move|p2a: Greninja|Dark Pulse|p1a: Alomomola
|-damage|p1a: Alomomola|8/100
|move|p1a: Alomomola|Wish|p1a: Alomomola
|
|-heal|p1a: Alomomola|14/100|[from] item: Leftovers
|upkeep
|turn|35
|inactive|mr getit has 120 seconds left.
|
|t:|1776237715
|switch|p2a: Dragapult|Dragapult, M|52/100 tox
|move|p1a: Alomomola|Flip Turn|p2a: Dragapult
|-resisted|p2a: Dragapult
|-damage|p2a: Dragapult|42/100 tox
|
|t:|1776237723
|switch|p1a: Gliscor|Gliscor, F|100/100 tox|[from] Flip Turn
|-damage|p1a: Gliscor|88/100 tox|[from] Stealth Rock
|
|-heal|p1a: Gliscor|100/100 tox|[from] move: Wish|[wisher] Alomomola
|-damage|p2a: Dragapult|36/100 tox|[from] psn
|upkeep
|turn|36
|
|t:|1776237734
|move|p1a: Gliscor|Protect|p1a: Gliscor
|-singleturn|p1a: Gliscor|Protect
|move|p2a: Dragapult|Draco Meteor|p1a: Gliscor
|-activate|p1a: Gliscor|move: Protect
|
|-damage|p2a: Dragapult|24/100 tox|[from] psn
|upkeep
|turn|37
|inactive|mr getit has 120 seconds left.
|
|t:|1776237745
|switch|p2a: Rillaboom|Rillaboom, F|100/100
|-status|p2a: Rillaboom|psn
|-fieldstart|move: Grassy Terrain|[from] ability: Grassy Surge|[of] p2a: Rillaboom
|move|p1a: Gliscor|Toxic Spikes|p2a: Rillaboom
|-sidestart|p2: mr getit|move: Toxic Spikes
|
|-damage|p2a: Rillaboom|88/100 psn|[from] psn
|upkeep
|turn|38
|
|t:|1776237756
|move|p2a: Rillaboom|Grassy Glide|p1a: Gliscor
|-damage|p1a: Gliscor|67/100 tox
|move|p1a: Gliscor|Spikes|p2a: Rillaboom
|-sidestart|p2: mr getit|Spikes
|
|-heal|p2a: Rillaboom|94/100 psn|[from] Grassy Terrain
|-damage|p2a: Rillaboom|82/100 psn|[from] psn
|-heal|p1a: Gliscor|80/100 tox|[from] ability: Poison Heal
|upkeep
|turn|39
|-message|mr getit forfeited.
|
|win|Rascior4
|raw|Rascior4's rating: 1043 &rarr; <strong>1083</strong><br />(+40 for winning)
|raw|mr getit's rating: 1108 &rarr; <strong>1078</strong><br />(-30 for losing)
|l|☆mr getit
|player|p2|
