|html|<div class="broadcast-blue"><strong>[Gen 9] OU is currently suspecting Volcarona! For information on how to participate check out the <a href="https://www.smogon.com/tools/suspects/view/208">suspect thread</a>.</strong></div>
|j|☆blooflazh
|j|☆Yernish'Ma
|t:|1778509570
|gametype|singles
|player|p1|blooflazh|rood|1149
|player|p2|Yernish'Ma|iris-gen5bw2|1147
|gen|9
|tier|[Gen 9] OU
|rated|
|rule|HP Percentage Mod: HP is shown in percentages
|rule|Endless Battle Clause: Forcing endless battles is banned
|rule|Species Clause: Limit one of each Pokémon
|rule|OHKO Clause: OHKO moves are banned
|rule|Evasion Items Clause: Evasion items are banned
|rule|Evasion Moves Clause: Evasion moves are banned
|rule|Evasion Abilities Clause: Evasion abilities are banned
|rule|Sleep Moves Clause: Sleep-inducing moves are banned
|clearpoke
|poke|p1|Gyarados, M|
|poke|p1|Zapdos|
|poke|p1|Volcarona, M|
|poke|p1|Mew|
|poke|p1|Scizor, F|
|poke|p1|Cryogonal|
|poke|p2|Duraludon, M|
|poke|p2|Noivern, F|
|poke|p2|Haxorus, F|
|poke|p2|Empoleon, M|
|poke|p2|Kyurem|
|poke|p2|Kingambit, M|
|teampreview
|inactive|Battle timer is ON: inactive players will automatically lose when time's up. (requested by Yernish'Ma)
|
|t:|1778509586
|teamsize|p1|6
|teamsize|p2|6
|start
|switch|p1a: shen long|Gyarados, M, shiny|100/100
|switch|p2a: Duraludon|Duraludon, M, shiny|100/100
|turn|1
|
|t:|1778509596
|-terastallize|p1a: shen long|Ground
|move|p1a: shen long|Dragon Dance|p1a: shen long
|-boost|p1a: shen long|atk|1
|-boost|p1a: shen long|spe|1
|move|p2a: Duraludon|Thunder Wave|p1a: shen long
|-immune|p1a: shen long
|
|upkeep
|turn|2
|
|t:|1778509614
|switch|p2a: Kyurem|Kyurem, shiny|100/100
|-ability|p2a: Kyurem|Pressure
|move|p1a: shen long|Dragon Dance|p1a: shen long
|-boost|p1a: shen long|atk|1
|-boost|p1a: shen long|spe|1
|
|upkeep
|turn|3
|
|t:|1778509621
|move|p1a: shen long|Earthquake|p2a: Kyurem
|-damage|p2a: Kyurem|0 fnt
|faint|p2a: Kyurem
|-ability|p1a: shen long|Moxie|boost
|-boost|p1a: shen long|atk|1
|
|upkeep
|
|t:|1778509628
|switch|p2a: Noivern|Noivern, F|100/100
|turn|4
|
|t:|1778509631
|move|p1a: shen long|Ice Fang|p2a: Noivern
|-supereffective|p2a: Noivern
|-damage|p2a: Noivern|0 fnt
|faint|p2a: Noivern
|-ability|p1a: shen long|Moxie|boost
|-boost|p1a: shen long|atk|1
|
|upkeep
|
|t:|1778509643
|switch|p2a: Empoleon|Empoleon, M|100/100
|turn|5
|
|t:|1778509649
|-terastallize|p2a: Empoleon|Flying
|move|p1a: shen long|Earthquake|p2a: Empoleon
|-immune|p2a: Empoleon
|move|p2a: Empoleon|Ice Beam|p1a: shen long
|-supereffective|p1a: shen long
|-damage|p1a: shen long|53/100
|
|upkeep
|turn|6
|
|t:|1778509659
|switch|p2a: Duraludon|Duraludon, M, shiny|100/100
|move|p1a: shen long|Waterfall|p2a: Duraludon
|-resisted|p2a: Duraludon
|-damage|p2a: Duraludon|60/100
|
|upkeep
|turn|7
|
|t:|1778509681
|switch|p2a: Empoleon|Empoleon, M, tera:Flying|100/100
|move|p1a: shen long|Earthquake|p2a: Empoleon
|-immune|p2a: Empoleon
|
|upkeep
|turn|8
|
|t:|1778509686
|move|p1a: shen long|Ice Fang|p2a: Empoleon
|-supereffective|p2a: Empoleon
|-damage|p2a: Empoleon|0 fnt
|-damage|p1a: shen long|37/100|[from] item: Rocky Helmet|[of] p2a: Empoleon
|faint|p2a: Empoleon
|-ability|p1a: shen long|Moxie|boost
|-boost|p1a: shen long|atk|1
|
|upkeep
|-message|Yernish'Ma forfeited.
|
|win|blooflazh
|raw|blooflazh's rating: 1149 &rarr; <strong>1174</strong><br />(+25 for winning)
|raw|Yernish&apos;Ma's rating: 1147 &rarr; <strong>1122</strong><br />(-25 for losing)
|l|☆Yernish'Ma
|player|p2|
|l|☆blooflazh
|player|p1|
