|html|<div class="broadcast-blue"><strong>[Gen 9] OU is currently suspecting Tera Blast! For information on how to participate check out the <a href="https://www.smogon.com/tools/suspects/view/200">suspect thread</a>.</strong></div>
|j|☆El Premintou
|j|☆CUIB
|t:|1776036818
|gametype|singles
|player|p1|El Premintou|policeman-gen4|1154
|player|p2|CUIB|gentleman-gen4|1216
|gen|9
|tier|[Gen 9] OU
|rated|
|rule|HP Percentage Mod: HP is shown in percentages
|rule|Endless Battle Clause: Forcing endless battles is banned
|rule|Species Clause: Limit one of each Pokémon
|rule|OHKO Clause: OHKO moves are banned
|rule|Evasion Items Clause: Evasion items are banned
|rule|Evasion Moves Clause: Evasion moves are banned
|rule|Evasion Abilities Clause: Evasion abilities are banned
|rule|Sleep Moves Clause: Sleep-inducing moves are banned
|clearpoke
|poke|p1|Yanmega, F|
|poke|p1|Conkeldurr, F|
|poke|p1|Froslass, F|
|poke|p1|Latios, M|
|poke|p1|Copperajah, M|
|poke|p1|Metagross|
|poke|p2|Espeon, F|
|poke|p2|Hoopa-Unbound|
|poke|p2|Iron Hands|
|poke|p2|Weezing-Galar, F|
|poke|p2|Dragapult, F|
|poke|p2|Landorus-Therian, M|
|teampreview
|inactive|Battle timer is ON: inactive players will automatically lose when time's up. (requested by CUIB)
|j| ohko_smeargle
|
|t:|1776036839
|teamsize|p1|6
|teamsize|p2|6
|start
|switch|p1a: Froslass|Froslass, F|100/100
|switch|p2a: Weezing|Weezing-Galar, F, shiny|100/100
|-fieldstart|move: Misty Terrain|[from] ability: Misty Surge|[of] p2a: Weezing
|turn|1
|
|t:|1776036858
|move|p1a: Froslass|Spikes|p2a: Weezing
|-sidestart|p2: CUIB|Spikes
|move|p2a: Weezing|Flamethrower|p1a: Froslass
|-supereffective|p1a: Froslass
|-damage|p1a: Froslass|18/100
|
|upkeep
|turn|2
|
|t:|1776036864
|switch|p2a: Espeon|Espeon, F|100/100
|-damage|p2a: Espeon|88/100|[from] Spikes
|move|p1a: Froslass|Destiny Bond|p1a: Froslass
|-singlemove|p1a: Froslass|Destiny Bond
|
|upkeep
|turn|3
|
|t:|1776036870
|move|p1a: Froslass|Poltergeist|p2a: Espeon
|-activate|p2a: Espeon|move: Poltergeist|Wise Glasses
|-supereffective|p2a: Espeon
|-damage|p2a: Espeon|0 fnt
|faint|p2a: Espeon
|-damage|p1a: Froslass|8/100|[from] item: Life Orb
|
|upkeep
|
|t:|1776036879
|switch|p2a: Dragapult|Dragapult, F, shiny|100/100
|-damage|p2a: Dragapult|88/100|[from] Spikes
|turn|4
|
|t:|1776036882
|move|p2a: Dragapult|Sucker Punch||[still]
|-fail|p2a: Dragapult
|move|p1a: Froslass|Destiny Bond|p1a: Froslass
|-singlemove|p1a: Froslass|Destiny Bond
|
|upkeep
|turn|5
|
|t:|1776036887
|switch|p2a: Landorus|Landorus-Therian, M|100/100
|-ability|p2a: Landorus|Intimidate|boost
|-unboost|p1a: Froslass|atk|1
|move|p1a: Froslass|Spikes|p2a: Landorus
|-sidestart|p2: CUIB|Spikes
|
|-fieldend|Misty Terrain
|upkeep
|turn|6
|
|t:|1776036893
|move|p1a: Froslass|Triple Axel|p2a: Landorus
|-supereffective|p2a: Landorus
|-damage|p2a: Landorus|66/100
|-supereffective|p2a: Landorus
|-damage|p2a: Landorus|8/100
|-supereffective|p2a: Landorus
|-damage|p2a: Landorus|0 fnt
|faint|p2a: Landorus
|-hitcount|p2: Landorus|3
|-damage|p1a: Froslass|0 fnt|[from] item: Life Orb
|faint|p1a: Froslass
|
|upkeep
|
|t:|1776036906
|switch|p1a: Metagross|Metagross|100/100
|switch|p2a: Hoopa|Hoopa-Unbound|100/100
|-damage|p2a: Hoopa|84/100|[from] Spikes
|turn|7
|
|t:|1776036911
|move|p2a: Hoopa|Knock Off|p1a: Metagross
|-supereffective|p1a: Metagross
|-damage|p1a: Metagross|41/100
|-enditem|p1a: Metagross|Leftovers|[from] move: Knock Off|[of] p2a: Hoopa
|move|p1a: Metagross|Iron Defense|p1a: Metagross
|-boost|p1a: Metagross|def|2
|
|upkeep
|turn|8
|
|t:|1776036916
|-terastallize|p1a: Metagross|Fighting
|move|p2a: Hoopa|Knock Off|p1a: Metagross
|-resisted|p1a: Metagross
|-damage|p1a: Metagross|37/100
|move|p1a: Metagross|Iron Defense|p1a: Metagross
|-boost|p1a: Metagross|def|2
|
|upkeep
|turn|9
|
|t:|1776036921
|move|p2a: Hoopa|Psychic Noise|p1a: Metagross
|-supereffective|p1a: Metagross
|-damage|p1a: Metagross|0 fnt
|faint|p1a: Metagross
|
|upkeep
|
|t:|1776036944
|switch|p1a: Copperajah|Copperajah, M|100/100
|turn|10
|
|t:|1776036950
|move|p2a: Hoopa|Drain Punch|p1a: Copperajah
|-supereffective|p1a: Copperajah
|-damage|p1a: Copperajah|36/100
|-heal|p2a: Hoopa|100/100|[from] drain|[of] p1a: Copperajah
|move|p1a: Copperajah|Superpower|p2a: Hoopa
|-damage|p2a: Hoopa|2/100
|-unboost|p1a: Copperajah|atk|1
|-unboost|p1a: Copperajah|def|1
|-damage|p1a: Copperajah|26/100|[from] item: Life Orb
|
|upkeep
|turn|11
|
|t:|1776036957
|move|p2a: Hoopa|Drain Punch|p1a: Copperajah
|-supereffective|p1a: Copperajah
|-damage|p1a: Copperajah|0 fnt
|-heal|p2a: Hoopa|15/100|[from] drain|[of] p1a: Copperajah
|faint|p1a: Copperajah
|
|upkeep
|
|t:|1776036959
|switch|p1a: Conkeldurr|Conkeldurr, F|100/100
|turn|12
|
|t:|1776036964
|move|p1a: Conkeldurr|Mach Punch|p2a: Hoopa
|-damage|p2a: Hoopa|0 fnt
|faint|p2a: Hoopa
|
|-status|p1a: Conkeldurr|brn|[from] item: Flame Orb
|upkeep
|
|t:|1776036968
|switch|p2a: Weezing|Weezing-Galar, F, shiny|100/100
|-damage|p2a: Weezing|84/100|[from] Spikes
|-fieldstart|move: Misty Terrain|[from] ability: Misty Surge|[of] p2a: Weezing
|turn|13
|
|t:|1776036974
|move|p2a: Weezing|Dazzling Gleam|p1a: Conkeldurr
|-supereffective|p1a: Conkeldurr
|-crit|p1a: Conkeldurr
|-damage|p1a: Conkeldurr|0 fnt
|faint|p1a: Conkeldurr
|
|upkeep
|
|t:|1776036981
|switch|p1a: Yanmega|Yanmega, F|100/100
|turn|14
|
|t:|1776036985
|move|p1a: Yanmega|Endure|p1a: Yanmega
|-singleturn|p1a: Yanmega|move: Endure
|move|p2a: Weezing|Flamethrower|p1a: Yanmega
|-supereffective|p1a: Yanmega
|-damage|p1a: Yanmega|14/100
|-enditem|p1a: Yanmega|Petaya Berry|[eat]
|-boost|p1a: Yanmega|spa|1|[from] item: Petaya Berry
|
|-ability|p1a: Yanmega|Speed Boost|boost
|-boost|p1a: Yanmega|spe|1
|upkeep
|turn|15
|
|t:|1776036997
|move|p1a: Yanmega|Air Slash|p2a: Weezing
|-damage|p2a: Weezing|1/100
|cant|p2a: Weezing|flinch
|
|-ability|p1a: Yanmega|Speed Boost|boost
|-boost|p1a: Yanmega|spe|1
|upkeep
|turn|16
|
|t:|1776037017
|move|p1a: Yanmega|Bug Buzz|p2a: Weezing
|-resisted|p2a: Weezing
|-damage|p2a: Weezing|0 fnt
|faint|p2a: Weezing
|
|-ability|p1a: Yanmega|Speed Boost|boost
|-boost|p1a: Yanmega|spe|1
|upkeep
|
|t:|1776037019
|switch|p2a: Dragapult|Dragapult, F, shiny|88/100
|-damage|p2a: Dragapult|72/100|[from] Spikes
|turn|17
|
|t:|1776037033
|move|p2a: Dragapult|Sucker Punch|p1a: Yanmega
|-damage|p1a: Yanmega|0 fnt
|faint|p1a: Yanmega
|-damage|p2a: Dragapult|62/100|[from] item: Life Orb
|
|-fieldend|Misty Terrain
|upkeep
|
|t:|1776037036
|switch|p1a: Latios|Latios, M|100/100
|turn|18
|
|t:|1776037041
|move|p2a: Dragapult|Dragon Darts|p1a: Latios
|-supereffective|p1a: Latios
|-damage|p1a: Latios|0 fnt
|faint|p1a: Latios
|-damage|p2a: Dragapult|52/100|[from] item: Life Orb
|
|win|CUIB
|raw|El Premintou's rating: 1154 &rarr; <strong>1133</strong><br />(-21 for losing)
|raw|CUIB's rating: 1216 &rarr; <strong>1237</strong><br />(+21 for winning)
|l| ohko_smeargle
|l|☆El Premintou
|player|p1|
|c|☆CUIB|gg
|l|☆CUIB
|player|p2|
