|html|<div class="broadcast-blue"><strong>[Gen 9] OU is currently suspecting Tera Blast! For information on how to participate check out the <a href="https://www.smogon.com/tools/suspects/view/200">suspect thread</a>.</strong></div>
|j|☆Koko497
|j|☆think luis
|t:|1776143126
|gametype|singles
|player|p1|Koko497|ghetsis-gen5bw|1275
|player|p2|think luis|larry|1248
|gen|9
|tier|[Gen 9] OU
|rated|
|rule|HP Percentage Mod: HP is shown in percentages
|rule|Endless Battle Clause: Forcing endless battles is banned
|rule|Species Clause: Limit one of each Pokémon
|rule|OHKO Clause: OHKO moves are banned
|rule|Evasion Items Clause: Evasion items are banned
|rule|Evasion Moves Clause: Evasion moves are banned
|rule|Evasion Abilities Clause: Evasion abilities are banned
|rule|Sleep Moves Clause: Sleep-inducing moves are banned
|clearpoke
|poke|p1|Kingambit, F|
|poke|p1|Cinderace, F|
|poke|p1|Landorus-Therian, M|
|poke|p1|Iron Valiant|
|poke|p1|Kyurem|
|poke|p1|Slowking-Galar, M|
|poke|p2|Toxapex, F|
|poke|p2|Blissey, F|
|poke|p2|Dondozo, M|
|poke|p2|Gliscor, F|
|poke|p2|Clefable, F|
|poke|p2|Swalot, F|
|teampreview
|inactive|Battle timer is ON: inactive players will automatically lose when time's up. (requested by think luis)
|c|☆think luis|Hf
|
|t:|1776143148
|teamsize|p1|6
|teamsize|p2|6
|start
|switch|p1a: Chillionaire|Slowking-Galar, M, shiny|100/100
|switch|p2a: Gliscor|Gliscor, F|100/100
|turn|1
|
|t:|1776143156
|move|p2a: Gliscor|Protect|p2a: Gliscor
|-singleturn|p2a: Gliscor|Protect
|move|p1a: Chillionaire|Future Sight|p2a: Gliscor
|-start|p1a: Chillionaire|move: Future Sight
|
|-status|p2a: Gliscor|tox|[from] item: Toxic Orb
|upkeep
|turn|2
|
|t:|1776143165
|switch|p1a: Homelandor|Landorus-Therian, M, shiny|100/100
|-ability|p1a: Homelandor|Intimidate|boost
|-unboost|p2a: Gliscor|atk|1
|move|p2a: Gliscor|Knock Off|p1a: Homelandor
|-damage|p1a: Homelandor|89/100
|-damage|p2a: Gliscor|84/100 tox|[from] item: Rocky Helmet|[of] p1a: Homelandor
|-enditem|p1a: Homelandor|Rocky Helmet|[from] move: Knock Off|[of] p2a: Gliscor
|
|-heal|p2a: Gliscor|97/100 tox|[from] ability: Poison Heal
|upkeep
|turn|3
|
|t:|1776143184
|move|p1a: Homelandor|Stealth Rock|p2a: Gliscor
|-sidestart|p2: think luis|move: Stealth Rock
|move|p2a: Gliscor|Toxic|p1a: Homelandor
|-status|p1a: Homelandor|tox
|
|-end|p2a: Gliscor|move: Future Sight
|-damage|p2a: Gliscor|39/100 tox
|-damage|p1a: Homelandor|83/100 tox|[from] psn
|-heal|p2a: Gliscor|52/100 tox|[from] ability: Poison Heal
|upkeep
|turn|4
|
|t:|1776143199
|switch|p1a: Chillionaire|Slowking-Galar, M, shiny|100/100
|move|p2a: Gliscor|Spikes|p1a: Chillionaire
|-sidestart|p1: Koko497|Spikes
|
|-heal|p2a: Gliscor|64/100 tox|[from] ability: Poison Heal
|upkeep
|turn|5
|
|t:|1776143208
|switch|p1a: Homelandor|Landorus-Therian, M, shiny|83/100 tox
|-ability|p1a: Homelandor|Intimidate|boost
|-unboost|p2a: Gliscor|atk|1
|move|p2a: Gliscor|Spikes|p1a: Homelandor
|-sidestart|p1: Koko497|Spikes
|
|-damage|p1a: Homelandor|77/100 tox|[from] psn
|-heal|p2a: Gliscor|77/100 tox|[from] ability: Poison Heal
|upkeep
|turn|6
|
|t:|1776143218
|move|p1a: Homelandor|U-turn|p2a: Gliscor
|-resisted|p2a: Gliscor
|-damage|p2a: Gliscor|71/100 tox
|
|t:|1776143231
|switch|p1a: Chillionaire|Slowking-Galar, M, shiny|100/100|[from] U-turn
|move|p2a: Gliscor|Spikes|p1a: Chillionaire
|-sidestart|p1: Koko497|Spikes
|
|-heal|p2a: Gliscor|83/100 tox|[from] ability: Poison Heal
|upkeep
|turn|7
|
|t:|1776143241
|switch|p1a: Homelandor|Landorus-Therian, M, shiny|77/100 tox
|-ability|p1a: Homelandor|Intimidate|boost
|-unboost|p2a: Gliscor|atk|1
|move|p2a: Gliscor|Knock Off|p1a: Homelandor
|-damage|p1a: Homelandor|72/100 tox
|
|-damage|p1a: Homelandor|66/100 tox|[from] psn
|-heal|p2a: Gliscor|96/100 tox|[from] ability: Poison Heal
|upkeep
|turn|8
|
|t:|1776143252
|move|p1a: Homelandor|Psychic|p2a: Gliscor
|-damage|p2a: Gliscor|70/100 tox
|move|p2a: Gliscor|Spikes||[still]
|-fail|p2a: Gliscor
|
|-damage|p1a: Homelandor|54/100 tox|[from] psn
|-heal|p2a: Gliscor|83/100 tox|[from] ability: Poison Heal
|upkeep
|turn|9
|
|t:|1776143262
|move|p2a: Gliscor|Protect|p2a: Gliscor
|-singleturn|p2a: Gliscor|Protect
|move|p1a: Homelandor|U-turn|p2a: Gliscor
|-activate|p2a: Gliscor|move: Protect
|
|-damage|p1a: Homelandor|36/100 tox|[from] psn
|-heal|p2a: Gliscor|95/100 tox|[from] ability: Poison Heal
|upkeep
|turn|10
|
|t:|1776143279
|move|p1a: Homelandor|U-turn|p2a: Gliscor
|-resisted|p2a: Gliscor
|-damage|p2a: Gliscor|89/100 tox
|
|t:|1776143290
|switch|p1a: Mr. Freeze|Kyurem, shiny|100/100|[from] U-turn
|-damage|p1a: Mr. Freeze|75/100|[from] Spikes
|-ability|p1a: Mr. Freeze|Pressure
|move|p2a: Gliscor|Knock Off|p1a: Mr. Freeze
|-damage|p1a: Mr. Freeze|68/100
|-enditem|p1a: Mr. Freeze|Leftovers|[from] move: Knock Off|[of] p2a: Gliscor
|
|-heal|p2a: Gliscor|100/100 tox|[from] ability: Poison Heal
|upkeep
|turn|11
|
|t:|1776143303
|move|p2a: Gliscor|Protect|p2a: Gliscor
|-singleturn|p2a: Gliscor|Protect
|move|p1a: Mr. Freeze|Substitute|p1a: Mr. Freeze
|-start|p1a: Mr. Freeze|Substitute
|-damage|p1a: Mr. Freeze|43/100
|
|upkeep
|turn|12
|
|t:|1776143319
|switch|p2a: Clefable|Clefable, F|100/100
|move|p1a: Mr. Freeze|Freeze-Dry|p2a: Clefable
|-damage|p2a: Clefable|65/100
|
|upkeep
|turn|13
|
|t:|1776143333
|move|p1a: Mr. Freeze|Freeze-Dry|p2a: Clefable
|-damage|p2a: Clefable|33/100
|move|p2a: Clefable|Wish|p2a: Clefable
|
|upkeep
|turn|14
|
|t:|1776143344
|move|p2a: Clefable|Protect|p2a: Clefable
|-singleturn|p2a: Clefable|Protect
|move|p1a: Mr. Freeze|Freeze-Dry|p2a: Clefable
|-activate|p2a: Clefable|move: Protect
|
|-heal|p2a: Clefable|83/100|[from] move: Wish|[wisher] Clefable
|upkeep
|turn|15
|
|t:|1776143354
|move|p1a: Mr. Freeze|Freeze-Dry|p2a: Clefable
|-damage|p2a: Clefable|53/100
|move|p2a: Clefable|Ice Beam|p1a: Mr. Freeze
|-activate|p1a: Mr. Freeze|move: Substitute|[damage]
|
|upkeep
|turn|16
|
|t:|1776143362
|switch|p2a: Blissey|Blissey, F|100/100
|move|p1a: Mr. Freeze|Freeze-Dry|p2a: Blissey
|-damage|p2a: Blissey|89/100
|-status|p2a: Blissey|frz
|
|upkeep
|turn|17
|
|t:|1776143374
|move|p1a: Mr. Freeze|Freeze-Dry|p2a: Blissey
|-damage|p2a: Blissey|79/100 frz
|cant|p2a: Blissey|frz
|
|upkeep
|turn|18
|
|t:|1776143381
|move|p1a: Mr. Freeze|Body Press|p2a: Blissey
|-supereffective|p2a: Blissey
|-damage|p2a: Blissey|42/100 frz
|-curestatus|p2a: Blissey|frz|[msg]
|move|p2a: Blissey|Stealth Rock|p1a: Mr. Freeze
|-sidestart|p1: Koko497|move: Stealth Rock
|
|upkeep
|turn|19
|
|t:|1776143407
|switch|p2a: Swalot|Swalot, F|100/100
|move|p1a: Mr. Freeze|Freeze-Dry|p2a: Swalot
|-damage|p2a: Swalot|66/100
|
|upkeep
|turn|20
|
|t:|1776143415
|move|p1a: Mr. Freeze|Earth Power|p2a: Swalot
|-supereffective|p2a: Swalot
|-damage|p2a: Swalot|8/100
|move|p2a: Swalot|Body Press|p1a: Mr. Freeze
|-supereffective|p1a: Mr. Freeze
|-end|p1a: Mr. Freeze|Substitute
|
|upkeep
|turn|21
|
|t:|1776143434
|switch|p2a: Gliscor|Gliscor, F|100/100 tox
|-damage|p2a: Gliscor|88/100 tox|[from] Stealth Rock
|move|p1a: Mr. Freeze|Freeze-Dry|p2a: Gliscor
|-supereffective|p2a: Gliscor
|-damage|p2a: Gliscor|0 fnt
|faint|p2a: Gliscor
|
|upkeep
|
|t:|1776143444
|switch|p2a: Toxapex|Toxapex, F|100/100
|turn|22
|
|t:|1776143452
|-terastallize|p2a: Toxapex|Steel
|move|p1a: Mr. Freeze|Substitute|p1a: Mr. Freeze
|-start|p1a: Mr. Freeze|Substitute
|-damage|p1a: Mr. Freeze|18/100
|move|p2a: Toxapex|Poison Jab|p1a: Mr. Freeze
|-activate|p1a: Mr. Freeze|move: Substitute|[damage]
|
|upkeep
|turn|23
|
|t:|1776143465
|move|p2a: Toxapex|Baneful Bunker|p2a: Toxapex
|-singleturn|p2a: Toxapex|move: Protect
|move|p1a: Mr. Freeze|Earth Power|p2a: Toxapex
|-activate|p2a: Toxapex|move: Protect
|
|upkeep
|turn|24
|
|t:|1776143477
|switch|p2a: Clefable|Clefable, F|53/100
|move|p1a: Mr. Freeze|Earth Power|p2a: Clefable
|-damage|p2a: Clefable|23/100
|-unboost|p2a: Clefable|spd|1
|
|upkeep
|turn|25
|inactive|think luis has 120 seconds left.
|
|t:|1776143510
|move|p1a: Mr. Freeze|Freeze-Dry|p2a: Clefable
|-damage|p2a: Clefable|0 fnt
|faint|p2a: Clefable
|
|upkeep
|inactive|think luis has 90 seconds left.
|
|t:|1776143550
|switch|p2a: Blissey|Blissey, F|42/100
|turn|26
|
|t:|1776143557
|move|p1a: Mr. Freeze|Body Press|p2a: Blissey
|-supereffective|p2a: Blissey
|-damage|p2a: Blissey|8/100
|move|p2a: Blissey|Soft-Boiled|p2a: Blissey
|-heal|p2a: Blissey|58/100
|
|upkeep
|turn|27
|inactive|think luis has 90 seconds left.
|
|t:|1776143570
|move|p1a: Mr. Freeze|Body Press|p2a: Blissey
|-supereffective|p2a: Blissey
|-damage|p2a: Blissey|24/100
|move|p2a: Blissey|Soft-Boiled|p2a: Blissey
|-heal|p2a: Blissey|74/100
|
|upkeep
|turn|28
|
|t:|1776143585
|move|p1a: Mr. Freeze|Body Press|p2a: Blissey
|-supereffective|p2a: Blissey
|-damage|p2a: Blissey|38/100
|move|p2a: Blissey|Shadow Ball|p1a: Mr. Freeze
|-end|p1a: Mr. Freeze|Substitute
|
|upkeep
|turn|29
|
|t:|1776143602
|switch|p1a: Kristine|Cinderace, F, shiny|100/100
|move|p2a: Blissey|Shadow Ball|p1a: Kristine
|-damage|p1a: Kristine|78/100
|
|upkeep
|turn|30
|
|t:|1776143611
|switch|p2a: Dondozo|Dondozo, M|100/100
|move|p1a: Kristine|Court Change|p1a: Kristine
|-swapsideconditions
|-activate|p1a: Kristine|move: Court Change
|
|upkeep
|turn|31
|
|t:|1776143625
|move|p1a: Kristine|Will-O-Wisp|p2a: Dondozo
|-status|p2a: Dondozo|brn
|move|p2a: Dondozo|Curse|p2a: Dondozo
|-unboost|p2a: Dondozo|spe|1
|-boost|p2a: Dondozo|atk|1
|-boost|p2a: Dondozo|def|1
|
|-damage|p2a: Dondozo|94/100 brn|[from] brn
|upkeep
|turn|32
|
|t:|1776143636
|move|p1a: Kristine|U-turn|p2a: Dondozo
|-damage|p2a: Dondozo|88/100 brn
|
|t:|1776143640
|switch|p1a: WALL-Y|Iron Valiant|100/100|[from] U-turn
|-damage|p1a: WALL-Y|94/100|[from] Stealth Rock
|-enditem|p1a: WALL-Y|Booster Energy
|-activate|p1a: WALL-Y|ability: Quark Drive|[fromitem]
|-start|p1a: WALL-Y|quarkdrivespe
|move|p2a: Dondozo|Curse|p2a: Dondozo
|-unboost|p2a: Dondozo|spe|1
|-boost|p2a: Dondozo|atk|1
|-boost|p2a: Dondozo|def|1
|
|-damage|p2a: Dondozo|82/100 brn|[from] brn
|upkeep
|turn|33
|
|t:|1776143654
|move|p1a: WALL-Y|Encore|p2a: Dondozo
|-start|p2a: Dondozo|Encore
|move|p2a: Dondozo|Curse|p2a: Dondozo
|-unboost|p2a: Dondozo|spe|1
|-boost|p2a: Dondozo|atk|1
|-boost|p2a: Dondozo|def|1
|
|-damage|p2a: Dondozo|76/100 brn|[from] brn
|upkeep
|turn|34
|
|t:|1776143665
|move|p1a: WALL-Y|Moonblast|p2a: Dondozo
|-crit|p2a: Dondozo
|-damage|p2a: Dondozo|11/100 brn
|move|p2a: Dondozo|Curse|p2a: Dondozo
|-unboost|p2a: Dondozo|spe|1
|-boost|p2a: Dondozo|atk|1
|-boost|p2a: Dondozo|def|1
|
|-damage|p2a: Dondozo|4/100 brn|[from] brn
|upkeep
|turn|35
|
|t:|1776143677
|switch|p2a: Toxapex|Toxapex, F, tera:Steel|100/100
|move|p1a: WALL-Y|Moonblast|p2a: Toxapex
|-resisted|p2a: Toxapex
|-damage|p2a: Toxapex|82/100
|
|upkeep
|turn|36
|
|t:|1776143687
|-end|p1a: WALL-Y|Quark Drive|[silent]
|switch|p1a: Chillionaire|Slowking-Galar, M, shiny|100/100
|move|p2a: Toxapex|Poison Jab|p1a: Chillionaire
|-resisted|p1a: Chillionaire
|-damage|p1a: Chillionaire|91/100
|
|upkeep
|turn|37
|
|t:|1776143698
|move|p2a: Toxapex|Poison Jab|p1a: Chillionaire
|-resisted|p1a: Chillionaire
|-damage|p1a: Chillionaire|81/100
|move|p1a: Chillionaire|Future Sight|p2a: Toxapex
|-start|p1a: Chillionaire|move: Future Sight
|
|upkeep
|turn|38
|c|☆think luis|I've messed up
|c|☆think luis|Gg
|inactive|think luis has 120 seconds left.
|-message|think luis forfeited.
|
|win|Koko497
|raw|Koko497's rating: 1275 &rarr; <strong>1298</strong><br />(+23 for winning)
|raw|think luis's rating: 1248 &rarr; <strong>1225</strong><br />(-23 for losing)
|l|☆think luis
|player|p2|
