|html|<div class="broadcast-blue"><strong>[Gen 9] OU is currently suspecting Tera Blast! For information on how to participate check out the <a href="https://www.smogon.com/tools/suspects/view/200">suspect thread</a>.</strong></div>
|j|☆Pecibiches
|j|☆slash#4700
|t:|1776077862
|gametype|singles
|player|p1|Pecibiches|1|1315
|player|p2|slash#4700|2|1388
|gen|9
|tier|[Gen 9] OU
|rated|
|rule|HP Percentage Mod: HP is shown in percentages
|rule|Endless Battle Clause: Forcing endless battles is banned
|rule|Species Clause: Limit one of each Pokémon
|rule|OHKO Clause: OHKO moves are banned
|rule|Evasion Items Clause: Evasion items are banned
|rule|Evasion Moves Clause: Evasion moves are banned
|rule|Evasion Abilities Clause: Evasion abilities are banned
|rule|Sleep Moves Clause: Sleep-inducing moves are banned
|clearpoke
|poke|p1|Garchomp, M|
|poke|p1|Tyranitar, F|
|poke|p1|Zapdos|
|poke|p1|Excadrill, F|
|poke|p1|Keldeo-Resolute|
|poke|p1|Kingambit, F|
|poke|p2|Cresselia, F|
|poke|p2|Hatterene, F|
|poke|p2|Ursaluna, F|
|poke|p2|Porygon2|
|poke|p2|Kingambit, M|
|poke|p2|Chandelure, F|
|teampreview
|inactive|Battle timer is ON: inactive players will automatically lose when time's up. (requested by slash#4700)
|inactive|Pecibiches also wants the timer to be on.
|
|t:|1776077869
|teamsize|p1|6
|teamsize|p2|6
|start
|switch|p1a: Keldeo|Keldeo-Resolute|100/100
|switch|p2a: Hatterene|Hatterene, F|100/100
|turn|1
|
|t:|1776077877
|move|p1a: Keldeo|Surf|p2a: Hatterene
|-damage|p2a: Hatterene|32/100
|move|p2a: Hatterene|Trick Room|p2a: Hatterene
|-fieldstart|move: Trick Room|[of] p2a: Hatterene
|
|upkeep
|turn|2
|
|t:|1776077889
|switch|p1a: Tyranitar|Tyranitar, F|100/100
|-weather|Sandstorm|[from] ability: Sand Stream|[of] p1a: Tyranitar
|move|p2a: Hatterene|Dazzling Gleam|p1a: Tyranitar
|-supereffective|p1a: Tyranitar
|-damage|p1a: Tyranitar|46/100
|
|-weather|Sandstorm|[upkeep]
|-damage|p2a: Hatterene|26/100|[from] Sandstorm
|upkeep
|turn|3
|
|t:|1776077901
|switch|p1a: Excadrill|Excadrill, F|100/100
|-item|p1a: Excadrill|Air Balloon
|move|p2a: Hatterene|Dazzling Gleam|p1a: Excadrill
|-resisted|p1a: Excadrill
|-damage|p1a: Excadrill|66/100
|-enditem|p1a: Excadrill|Air Balloon
|
|-weather|Sandstorm|[upkeep]
|-damage|p2a: Hatterene|20/100|[from] Sandstorm
|upkeep
|turn|4
|
|t:|1776077915
|move|p2a: Hatterene|Dazzling Gleam|p1a: Excadrill
|-resisted|p1a: Excadrill
|-damage|p1a: Excadrill|35/100
|move|p1a: Excadrill|Swords Dance|p1a: Excadrill
|-boost|p1a: Excadrill|atk|2
|
|-weather|Sandstorm|[upkeep]
|-damage|p2a: Hatterene|14/100|[from] Sandstorm
|upkeep
|turn|5
|
|t:|1776077924
|move|p2a: Hatterene|Dazzling Gleam|p1a: Excadrill
|-resisted|p1a: Excadrill
|-damage|p1a: Excadrill|1/100
|move|p1a: Excadrill|Rapid Spin|p2a: Hatterene
|-damage|p2a: Hatterene|0 fnt
|-boost|p1a: Excadrill|spe|1
|faint|p2a: Hatterene
|
|-weather|Sandstorm|[upkeep]
|-fieldend|move: Trick Room
|upkeep
|
|t:|1776077932
|switch|p2a: Cresselia|Cresselia, F|100/100
|turn|6
|
|t:|1776077936
|move|p1a: Excadrill|Iron Head|p2a: Cresselia
|-damage|p2a: Cresselia|48/100
|move|p2a: Cresselia|Ice Beam|p1a: Excadrill
|-damage|p1a: Excadrill|0 fnt
|faint|p1a: Excadrill
|
|-weather|Sandstorm|[upkeep]
|-damage|p2a: Cresselia|42/100|[from] Sandstorm
|upkeep
|
|t:|1776077951
|switch|p1a: Keldeo|Keldeo-Resolute|100/100
|turn|7
|
|t:|1776077954
|move|p1a: Keldeo|Surf|p2a: Cresselia
|-damage|p2a: Cresselia|0 fnt
|faint|p2a: Cresselia
|
|-weather|Sandstorm|[upkeep]
|-damage|p1a: Keldeo|94/100|[from] Sandstorm
|upkeep
|
|t:|1776077958
|switch|p2a: Porygon2|Porygon2|100/100
|-ability|p2a: Porygon2|Download|boost
|-boost|p2a: Porygon2|atk|1
|turn|8
|
|t:|1776077964
|switch|p1a: Zapdos|Zapdos|100/100
|move|p2a: Porygon2|Trick Room|p2a: Porygon2
|-fieldstart|move: Trick Room|[of] p2a: Porygon2
|
|-weather|Sandstorm|[upkeep]
|-damage|p2a: Porygon2|94/100|[from] Sandstorm
|-damage|p1a: Zapdos|94/100|[from] Sandstorm
|upkeep
|turn|9
|
|t:|1776077971
|switch|p2a: Ursaluna|Ursaluna, F|100/100
|move|p1a: Zapdos|Thunderbolt|p2a: Ursaluna
|-immune|p2a: Ursaluna
|
|-weather|none
|-status|p2a: Ursaluna|brn|[from] item: Flame Orb
|upkeep
|turn|10
|
|t:|1776077979
|move|p2a: Ursaluna|Swords Dance|p2a: Ursaluna
|-boost|p2a: Ursaluna|atk|2
|move|p1a: Zapdos|Hurricane|p2a: Ursaluna
|-damage|p2a: Ursaluna|51/100 brn
|
|-damage|p2a: Ursaluna|45/100 brn|[from] brn
|upkeep
|turn|11
|
|t:|1776077982
|move|p2a: Ursaluna|Facade|p1a: Zapdos
|-damage|p1a: Zapdos|0 fnt
|faint|p1a: Zapdos
|
|-damage|p2a: Ursaluna|39/100 brn|[from] brn
|upkeep
|
|t:|1776077991
|switch|p1a: Keldeo|Keldeo-Resolute|94/100
|turn|12
|
|t:|1776077993
|move|p1a: Keldeo|Vacuum Wave|p2a: Ursaluna
|-supereffective|p2a: Ursaluna
|-damage|p2a: Ursaluna|0 fnt
|faint|p2a: Ursaluna
|
|-fieldend|move: Trick Room
|upkeep
|
|t:|1776078003
|switch|p2a: Chandelure|Chandelure, F|100/100
|turn|13
|
|t:|1776078017
|switch|p1a: Tyranitar|Tyranitar, F|46/100
|-weather|Sandstorm|[from] ability: Sand Stream|[of] p1a: Tyranitar
|move|p2a: Chandelure|Energy Ball|p1a: Tyranitar
|-supereffective|p1a: Tyranitar
|-damage|p1a: Tyranitar|0 fnt
|faint|p1a: Tyranitar
|
|-weather|Sandstorm|[upkeep]
|-damage|p2a: Chandelure|94/100|[from] Sandstorm
|upkeep
|
|t:|1776078022
|switch|p1a: Garchomp|Garchomp, M|100/100
|turn|14
|
|t:|1776078031
|switch|p2a: Porygon2|Porygon2|94/100
|-ability|p2a: Porygon2|Download|boost
|-boost|p2a: Porygon2|spa|1
|move|p1a: Garchomp|Earthquake|p2a: Porygon2
|-damage|p2a: Porygon2|61/100
|
|-weather|Sandstorm|[upkeep]
|-damage|p2a: Porygon2|55/100|[from] Sandstorm
|upkeep
|turn|15
|
|t:|1776078040
|switch|p1a: Keldeo|Keldeo-Resolute|94/100
|move|p2a: Porygon2|Trick Room|p2a: Porygon2
|-fieldstart|move: Trick Room|[of] p2a: Porygon2
|
|-weather|Sandstorm|[upkeep]
|-damage|p2a: Porygon2|49/100|[from] Sandstorm
|-damage|p1a: Keldeo|88/100|[from] Sandstorm
|upkeep
|turn|16
|
|t:|1776078048
|move|p2a: Porygon2|Thunderbolt|p1a: Keldeo
|-supereffective|p1a: Keldeo
|-damage|p1a: Keldeo|0 fnt
|faint|p1a: Keldeo
|
|-weather|Sandstorm|[upkeep]
|-damage|p2a: Porygon2|43/100|[from] Sandstorm
|upkeep
|
|t:|1776078060
|switch|p1a: Kingambit|Kingambit, F|100/100
|-activate|p1a: Kingambit|ability: Supreme Overlord
|-start|p1a: Kingambit|fallen4|[silent]
|turn|17
|
|t:|1776078074
|switch|p2a: Kingambit|Kingambit, M|100/100
|-activate|p2a: Kingambit|ability: Supreme Overlord
|-start|p2a: Kingambit|fallen3|[silent]
|move|p1a: Kingambit|Kowtow Cleave|p2a: Kingambit
|-resisted|p2a: Kingambit
|-damage|p2a: Kingambit|75/100
|
|-weather|Sandstorm|[upkeep]
|-heal|p2a: Kingambit|81/100|[from] item: Leftovers
|upkeep
|turn|18
|
|t:|1776078083
|move|p2a: Kingambit|Iron Head|p1a: Kingambit
|-resisted|p1a: Kingambit
|-damage|p1a: Kingambit|76/100
|move|p1a: Kingambit|Iron Head|p2a: Kingambit
|-resisted|p2a: Kingambit
|-damage|p2a: Kingambit|57/100
|
|-weather|Sandstorm|[upkeep]
|-heal|p2a: Kingambit|63/100|[from] item: Leftovers
|-heal|p1a: Kingambit|82/100|[from] item: Leftovers
|upkeep
|turn|19
|
|t:|1776078098
|move|p2a: Kingambit|Iron Head|p1a: Kingambit
|-resisted|p1a: Kingambit
|-damage|p1a: Kingambit|57/100
|move|p1a: Kingambit|Swords Dance|p1a: Kingambit
|-boost|p1a: Kingambit|atk|2
|
|-weather|Sandstorm|[upkeep]
|-heal|p2a: Kingambit|69/100|[from] item: Leftovers
|-heal|p1a: Kingambit|63/100|[from] item: Leftovers
|-fieldend|move: Trick Room
|upkeep
|turn|20
|
|t:|1776078107
|move|p1a: Kingambit|Iron Head|p2a: Kingambit
|-resisted|p2a: Kingambit
|-damage|p2a: Kingambit|17/100
|move|p2a: Kingambit|Kowtow Cleave|p1a: Kingambit
|-resisted|p1a: Kingambit
|-damage|p1a: Kingambit|35/100
|
|-weather|none
|-heal|p1a: Kingambit|41/100|[from] item: Leftovers
|-heal|p2a: Kingambit|24/100|[from] item: Leftovers
|upkeep
|turn|21
|
|t:|1776078114
|move|p2a: Kingambit|Sucker Punch||[still]
|-fail|p2a: Kingambit
|move|p1a: Kingambit|Swords Dance|p1a: Kingambit
|-boost|p1a: Kingambit|atk|2
|
|-heal|p1a: Kingambit|47/100|[from] item: Leftovers
|-heal|p2a: Kingambit|30/100|[from] item: Leftovers
|upkeep
|turn|22
|
|t:|1776078125
|move|p2a: Kingambit|Sucker Punch|p1a: Kingambit
|-resisted|p1a: Kingambit
|-crit|p1a: Kingambit
|-damage|p1a: Kingambit|16/100
|move|p1a: Kingambit|Kowtow Cleave|p2a: Kingambit
|-resisted|p2a: Kingambit
|-damage|p2a: Kingambit|0 fnt
|faint|p2a: Kingambit
|-end|p2a: Kingambit|fallen3|[silent]
|
|-heal|p1a: Kingambit|22/100|[from] item: Leftovers
|upkeep
|
|t:|1776078128
|switch|p2a: Porygon2|Porygon2|43/100
|-ability|p2a: Porygon2|Download|boost
|-boost|p2a: Porygon2|spa|1
|turn|23
|
|t:|1776078133
|move|p1a: Kingambit|Sucker Punch||[still]
|-fail|p1a: Kingambit
|move|p2a: Porygon2|Trick Room|p2a: Porygon2
|-fieldstart|move: Trick Room|[of] p2a: Porygon2
|
|-heal|p1a: Kingambit|28/100|[from] item: Leftovers
|upkeep
|turn|24
|
|t:|1776078141
|move|p1a: Kingambit|Sucker Punch|p2a: Porygon2
|-damage|p2a: Porygon2|0 fnt
|faint|p2a: Porygon2
|
|-heal|p1a: Kingambit|34/100|[from] item: Leftovers
|upkeep
|
|t:|1776078143
|switch|p2a: Chandelure|Chandelure, F|94/100
|turn|25
|
|t:|1776078147
|move|p1a: Kingambit|Sucker Punch|p2a: Chandelure
|-supereffective|p2a: Chandelure
|-damage|p2a: Chandelure|0 fnt
|faint|p2a: Chandelure
|
|win|Pecibiches
|raw|Pecibiches's rating: 1315 &rarr; <strong>1339</strong><br />(+24 for winning)
|raw|slash#4700's rating: 1388 &rarr; <strong>1364</strong><br />(-24 for losing)
|l|☆slash#4700
|player|p2|
|l|☆Pecibiches
|player|p1|
