|html|<div class="broadcast-blue"><strong>[Gen 9] OU is currently suspecting Tera Blast! For information on how to participate check out the <a href="https://www.smogon.com/tools/suspects/view/200">suspect thread</a>.</strong></div>
|j|☆superbcookiez
|j|☆Foremostslam
|t:|1776097496
|gametype|singles
|player|p1|superbcookiez|lass-gen4|1417
|player|p2|Foremostslam|n|1376
|gen|9
|tier|[Gen 9] OU
|rated|
|rule|HP Percentage Mod: HP is shown in percentages
|rule|Endless Battle Clause: Forcing endless battles is banned
|rule|Species Clause: Limit one of each Pokémon
|rule|OHKO Clause: OHKO moves are banned
|rule|Evasion Items Clause: Evasion items are banned
|rule|Evasion Moves Clause: Evasion moves are banned
|rule|Evasion Abilities Clause: Evasion abilities are banned
|rule|Sleep Moves Clause: Sleep-inducing moves are banned
|clearpoke
|poke|p1|Dragapult, F|
|poke|p1|Alomomola, F|
|poke|p1|Ting-Lu|
|poke|p1|Kyurem|
|poke|p1|Weezing-Galar, F|
|poke|p1|Corviknight, F|
|poke|p2|Dragapult, M|
|poke|p2|Heracross, F|
|poke|p2|Iron Moth|
|poke|p2|Landorus-Therian, M|
|poke|p2|Leavanny, M|
|poke|p2|Iron Treads|
|teampreview
|inactive|Battle timer is ON: inactive players will automatically lose when time's up. (requested by superbcookiez)
|
|t:|1776097520
|teamsize|p1|6
|teamsize|p2|6
|start
|switch|p1a: Fogbound Lake|Alomomola, F|100/100
|switch|p2a: Dragapult|Dragapult, M, shiny|100/100
|turn|1
|
|t:|1776097528
|move|p2a: Dragapult|Thunderbolt|p1a: Fogbound Lake
|-supereffective|p1a: Fogbound Lake
|-damage|p1a: Fogbound Lake|40/100
|move|p1a: Fogbound Lake|Flip Turn|p2a: Dragapult
|-resisted|p2a: Dragapult
|-damage|p2a: Dragapult|90/100
|
|t:|1776097532
|switch|p1a: ting|Ting-Lu|100/100|[from] Flip Turn
|-ability|p1a: ting|Vessel of Ruin
|
|upkeep
|turn|2
|
|t:|1776097540
|move|p2a: Dragapult|U-turn|p1a: ting
|-supereffective|p1a: ting
|-damage|p1a: ting|82/100
|
|t:|1776097542
|switch|p2a: Leavanny|Leavanny, M|100/100|[from] U-turn
|move|p1a: ting|Ruination|p2a: Leavanny
|-damage|p2a: Leavanny|51/100
|
|-heal|p1a: ting|88/100|[from] item: Leftovers
|upkeep
|turn|3
|
|t:|1776097558
|switch|p1a: Weezing|Weezing-Galar, F|100/100
|-ability|p1a: Weezing|Neutralizing Gas
|move|p2a: Leavanny|Sticky Web|p1a: Weezing
|-sidestart|p1: superbcookiez|move: Sticky Web
|
|upkeep
|turn|4
|
|t:|1776097571
|move|p2a: Leavanny|Knock Off|p1a: Weezing
|-resisted|p1a: Weezing
|-damage|p1a: Weezing|90/100
|-enditem|p1a: Weezing|Leftovers|[from] move: Knock Off|[of] p2a: Leavanny
|move|p1a: Weezing|Defog|p2a: Leavanny
|-unboost|p2a: Leavanny|evasion|1
|-sideend|p1: superbcookiez|Sticky Web|[from] move: Defog|[of] p1a: Weezing
|
|upkeep
|turn|5
|
|t:|1776097580
|switch|p2a: Iron Treads|Iron Treads|100/100
|move|p1a: Weezing|Toxic|p2a: Iron Treads
|-immune|p2a: Iron Treads
|
|upkeep
|turn|6
|
|t:|1776097594
|-end|p2a: Iron Treads|Quark Drive|[silent]
|switch|p2a: Iron Moth|Iron Moth, shiny|100/100
|move|p1a: Weezing|Will-O-Wisp|p2a: Iron Moth
|-immune|p2a: Iron Moth
|
|upkeep
|turn|7
|
|t:|1776097605
|-end|p1a: Weezing|ability: Neutralizing Gas
|switch|p1a: ting|Ting-Lu|88/100
|-enditem|p2a: Iron Moth|Booster Energy
|-activate|p2a: Iron Moth|ability: Quark Drive|[fromitem]
|-start|p2a: Iron Moth|quarkdrivespa
|-ability|p1a: ting|Vessel of Ruin
|move|p2a: Iron Moth|Agility|p2a: Iron Moth
|-boost|p2a: Iron Moth|spe|2
|
|-heal|p1a: ting|94/100|[from] item: Leftovers
|upkeep
|turn|8
|
|t:|1776097613
|-terastallize|p2a: Iron Moth|Grass
|move|p2a: Iron Moth|Fiery Dance|p1a: ting
|-damage|p1a: ting|67/100
|move|p1a: ting|Whirlwind|p2a: Iron Moth
|-end|p2a: Iron Moth|Quark Drive|[silent]
|drag|p2a: Landorus|Landorus-Therian, M|100/100
|-ability|p2a: Landorus|Intimidate|boost
|-unboost|p1a: ting|atk|1
|
|-heal|p1a: ting|74/100|[from] item: Leftovers
|upkeep
|turn|9
|
|t:|1776097627
|switch|p1a: Fogbound Lake|Alomomola, F|74/100
|move|p2a: Landorus|U-turn|p1a: Fogbound Lake
|-damage|p1a: Fogbound Lake|60/100
|-damage|p2a: Landorus|84/100|[from] item: Rocky Helmet|[of] p1a: Fogbound Lake
|
|t:|1776097629
|switch|p2a: Dragapult|Dragapult, M, shiny|90/100|[from] U-turn
|
|upkeep
|turn|10
|
|t:|1776097638
|switch|p1a: ting|Ting-Lu|74/100
|-ability|p1a: ting|Vessel of Ruin
|move|p2a: Dragapult|Draco Meteor|p1a: ting
|-damage|p1a: ting|48/100
|-unboost|p2a: Dragapult|spa|2
|-enditem|p2a: Dragapult|White Herb
|-clearnegativeboost|p2a: Dragapult|[silent]
|
|-heal|p1a: ting|55/100|[from] item: Leftovers
|upkeep
|turn|11
|
|t:|1776097652
|switch|p1a: Fogbound Lake|Alomomola, F|93/100
|move|p2a: Dragapult|Draco Meteor|p1a: Fogbound Lake|[miss]
|-miss|p2a: Dragapult|p1a: Fogbound Lake
|
|upkeep
|turn|12
|
|t:|1776097659
|move|p2a: Dragapult|Thunderbolt|p1a: Fogbound Lake
|-supereffective|p1a: Fogbound Lake
|-damage|p1a: Fogbound Lake|35/100
|move|p1a: Fogbound Lake|Wish|p1a: Fogbound Lake
|
|upkeep
|turn|13
|
|t:|1776097664
|switch|p1a: ting|Ting-Lu|55/100
|-ability|p1a: ting|Vessel of Ruin
|move|p2a: Dragapult|Draco Meteor|p1a: ting
|-damage|p1a: ting|29/100
|-unboost|p2a: Dragapult|spa|2
|
|-heal|p1a: ting|81/100|[from] move: Wish|[wisher] Fogbound Lake
|-heal|p1a: ting|87/100|[from] item: Leftovers
|upkeep
|turn|14
|inactive|superbcookiez has 120 seconds left.
|
|t:|1776097694
|switch|p1a: Fogbound Lake|Alomomola, F|68/100
|move|p2a: Dragapult|U-turn|p1a: Fogbound Lake
|-damage|p1a: Fogbound Lake|59/100
|-damage|p2a: Dragapult|73/100|[from] item: Rocky Helmet|[of] p1a: Fogbound Lake
|
|t:|1776097698
|switch|p2a: Leavanny|Leavanny, M|51/100|[from] U-turn
|
|upkeep
|turn|15
|
|t:|1776097701
|switch|p1a: Weezing|Weezing-Galar, F|90/100
|-ability|p1a: Weezing|Neutralizing Gas
|move|p2a: Leavanny|Leaf Blade|p1a: Weezing
|-resisted|p1a: Weezing
|-damage|p1a: Weezing|76/100
|
|upkeep
|turn|16
|
|t:|1776097709
|switch|p2a: Iron Moth|Iron Moth, shiny, tera:Grass|100/100
|move|p1a: Weezing|Will-O-Wisp|p2a: Iron Moth
|-status|p2a: Iron Moth|brn
|
|-damage|p2a: Iron Moth|95/100 brn|[from] brn
|upkeep
|turn|17
|
|t:|1776097717
|-end|p1a: Weezing|ability: Neutralizing Gas
|switch|p1a: ting|Ting-Lu|87/100
|-ability|p1a: ting|Vessel of Ruin
|move|p2a: Iron Moth|Fiery Dance|p1a: ting
|-damage|p1a: ting|66/100
|
|-heal|p1a: ting|73/100|[from] item: Leftovers
|-damage|p2a: Iron Moth|89/100 brn|[from] brn
|upkeep
|turn|18
|
|t:|1776097722
|move|p2a: Iron Moth|Energy Ball|p1a: ting
|-supereffective|p1a: ting
|-damage|p1a: ting|24/100
|move|p1a: ting|Stealth Rock|p2a: Iron Moth
|-sidestart|p2: Foremostslam|move: Stealth Rock
|
|-heal|p1a: ting|31/100|[from] item: Leftovers
|-damage|p2a: Iron Moth|83/100 brn|[from] brn
|upkeep
|turn|19
|
|t:|1776097728
|switch|p1a: Moody Blues|Dragapult, F|100/100
|move|p2a: Iron Moth|Energy Ball|p1a: Moody Blues
|-resisted|p1a: Moody Blues
|-damage|p1a: Moody Blues|66/100
|
|-damage|p2a: Iron Moth|77/100 brn|[from] brn
|upkeep
|turn|20
|inactive|Foremostslam has 120 seconds left.
|
|t:|1776097765
|-end|p2a: Iron Moth|Quark Drive|[silent]
|switch|p2a: Leavanny|Leavanny, M|51/100
|-damage|p2a: Leavanny|26/100|[from] Stealth Rock
|move|p1a: Moody Blues|U-turn|p2a: Leavanny
|-supereffective|p2a: Leavanny
|-damage|p2a: Leavanny|0 fnt
|faint|p2a: Leavanny
|
|t:|1776097793
|switch|p1a: Corviknight|Corviknight, F|100/100|[from] U-turn
|-ability|p1a: Corviknight|Pressure
|
|upkeep
|inactive|Foremostslam has 120 seconds left.
|
|t:|1776097801
|switch|p2a: Iron Moth|Iron Moth, shiny, tera:Grass|77/100 brn
|-damage|p2a: Iron Moth|64/100 brn|[from] Stealth Rock
|turn|21
|
|t:|1776097814
|move|p2a: Iron Moth|Fiery Dance|p1a: Corviknight
|-supereffective|p1a: Corviknight
|-damage|p1a: Corviknight|33/100
|move|p1a: Corviknight|U-turn|p2a: Iron Moth
|-supereffective|p2a: Iron Moth
|-damage|p2a: Iron Moth|17/100 brn
|
|t:|1776097819
|switch|p1a: Moody Blues|Dragapult, F|66/100|[from] U-turn
|
|-damage|p2a: Iron Moth|11/100 brn|[from] brn
|upkeep
|turn|22
|
|t:|1776097827
|-end|p2a: Iron Moth|Quark Drive|[silent]
|switch|p2a: Iron Treads|Iron Treads|100/100
|-damage|p2a: Iron Treads|98/100|[from] Stealth Rock
|-enditem|p2a: Iron Treads|Booster Energy
|-activate|p2a: Iron Treads|ability: Quark Drive|[fromitem]
|-start|p2a: Iron Treads|quarkdrivespe
|move|p1a: Moody Blues|U-turn|p2a: Iron Treads
|-resisted|p2a: Iron Treads
|-damage|p2a: Iron Treads|81/100
|
|t:|1776097840
|switch|p1a: Fogbound Lake|Alomomola, F|92/100|[from] U-turn
|
|upkeep
|turn|23
|
|t:|1776097845
|move|p2a: Iron Treads|Rapid Spin|p1a: Fogbound Lake
|-damage|p1a: Fogbound Lake|83/100
|-boost|p2a: Iron Treads|spe|1
|-damage|p2a: Iron Treads|65/100|[from] item: Rocky Helmet|[of] p1a: Fogbound Lake
|-sideend|p2: Foremostslam|Stealth Rock|[from] move: Rapid Spin|[of] p2a: Iron Treads
|move|p1a: Fogbound Lake|Wish|p1a: Fogbound Lake
|
|upkeep
|turn|24
|
|t:|1776097850
|move|p2a: Iron Treads|Earthquake|p1a: Fogbound Lake
|-crit|p1a: Fogbound Lake
|-damage|p1a: Fogbound Lake|46/100
|move|p1a: Fogbound Lake|Flip Turn|p2a: Iron Treads
|-supereffective|p2a: Iron Treads
|-damage|p2a: Iron Treads|38/100
|
|t:|1776097854
|switch|p1a: ting|Ting-Lu|31/100|[from] Flip Turn
|-ability|p1a: ting|Vessel of Ruin
|
|-heal|p1a: ting|83/100|[from] move: Wish|[wisher] Fogbound Lake
|-heal|p1a: ting|89/100|[from] item: Leftovers
|upkeep
|turn|25
|
|t:|1776097857
|move|p2a: Iron Treads|Ice Spinner|p1a: ting
|-supereffective|p1a: ting
|-damage|p1a: ting|60/100
|move|p1a: ting|Stealth Rock|p2a: Iron Treads
|-sidestart|p2: Foremostslam|move: Stealth Rock
|
|-heal|p1a: ting|67/100|[from] item: Leftovers
|upkeep
|turn|26
|
|t:|1776097866
|switch|p1a: Fogbound Lake|Alomomola, F|79/100
|move|p2a: Iron Treads|Rapid Spin|p1a: Fogbound Lake
|-damage|p1a: Fogbound Lake|71/100
|-boost|p2a: Iron Treads|spe|1
|-damage|p2a: Iron Treads|21/100|[from] item: Rocky Helmet|[of] p1a: Fogbound Lake
|-sideend|p2: Foremostslam|Stealth Rock|[from] move: Rapid Spin|[of] p2a: Iron Treads
|
|upkeep
|turn|27
|
|t:|1776097873
|-end|p2a: Iron Treads|Quark Drive|[silent]
|switch|p2a: Dragapult|Dragapult, M, shiny|73/100
|move|p1a: Fogbound Lake|Wish|p1a: Fogbound Lake
|
|upkeep
|turn|28
|l|☆Foremostslam
|inactive|Foremostslam disconnected and has a minute to reconnect!
|player|p2|
|inactive|Foremostslam has 30 seconds to reconnect!
|inactive|Foremostslam has 20 seconds to reconnect!
|inactive|Foremostslam has 15 seconds to reconnect!
|inactive|Foremostslam has 10 seconds to reconnect!
|inactive|Foremostslam has 5 seconds to reconnect!
|-message|Foremostslam lost due to inactivity.
|
|win|superbcookiez
|raw|superbcookiez's rating: 1417 &rarr; <strong>1435</strong><br />(+18 for winning)
|raw|Foremostslam's rating: 1376 &rarr; <strong>1358</strong><br />(-18 for losing)
|l|☆superbcookiez
|player|p1|
