|html|<div class="broadcast-blue"><strong>[Gen 9] OU is currently suspecting Tera Blast! For information on how to participate check out the <a href="https://www.smogon.com/tools/suspects/view/200">suspect thread</a>.</strong></div>
|j|☆TroubleFindsMe
|j|☆sminey
|t:|1776044950
|gametype|singles
|player|p1|TroubleFindsMe|rika|1695
|player|p2|sminey|palmer|1753
|gen|9
|tier|[Gen 9] OU
|rated|
|rule|HP Percentage Mod: HP is shown in percentages
|rule|Endless Battle Clause: Forcing endless battles is banned
|rule|Species Clause: Limit one of each Pokémon
|rule|OHKO Clause: OHKO moves are banned
|rule|Evasion Items Clause: Evasion items are banned
|rule|Evasion Moves Clause: Evasion moves are banned
|rule|Evasion Abilities Clause: Evasion abilities are banned
|rule|Sleep Moves Clause: Sleep-inducing moves are banned
|clearpoke
|poke|p1|Cloyster, F|
|poke|p1|Iron Valiant|
|poke|p1|Moltres|
|poke|p1|Dragonite, M|
|poke|p1|Zamazenta-*|
|poke|p1|Ogerpon-Cornerstone, F|
|poke|p2|Cinderace, M|
|poke|p2|Zapdos|
|poke|p2|Latios, M|
|poke|p2|Weavile, M|
|poke|p2|Clefable, F|
|poke|p2|Slowking-Galar, F|
|teampreview
|inactive|Battle timer is ON: inactive players will automatically lose when time's up. (requested by TroubleFindsMe)
|
|t:|1776044967
|teamsize|p1|6
|teamsize|p2|6
|start
|switch|p1a: o_o|Cloyster, F|100/100
|switch|p2a: Cinderace|Cinderace, M|100/100
|turn|1
|
|t:|1776044977
|switch|p2a: Latios|Latios, M|100/100
|move|p1a: o_o|Shell Smash|p1a: o_o
|-unboost|p1a: o_o|def|1
|-unboost|p1a: o_o|spd|1
|-boost|p1a: o_o|atk|2
|-boost|p1a: o_o|spa|2
|-boost|p1a: o_o|spe|2
|
|upkeep
|turn|2
|
|t:|1776044989
|move|p2a: Latios|Luster Purge|p1a: o_o
|-enditem|p1a: o_o|Focus Sash
|-damage|p1a: o_o|1/100
|-unboost|p1a: o_o|spd|1
|move|p1a: o_o|Icicle Spear|p2a: Latios
|-supereffective|p2a: Latios
|-damage|p2a: Latios|35/100
|-supereffective|p2a: Latios
|-damage|p2a: Latios|0 fnt
|faint|p2a: Latios
|-hitcount|p2: Latios|2
|
|upkeep
|
|t:|1776044996
|switch|p2a: Weavile|Weavile, M|100/100
|-ability|p2a: Weavile|Pressure
|turn|3
|
|t:|1776044998
|move|p2a: Weavile|Ice Shard|p1a: o_o
|-resisted|p1a: o_o
|-damage|p1a: o_o|0 fnt
|faint|p1a: o_o
|
|upkeep
|
|t:|1776045000
|switch|p1a: AHHHH IM ON FIRE|Moltres|100/100
|turn|4
|
|t:|1776045004
|switch|p2a: Zapdos|Zapdos|100/100
|move|p1a: AHHHH IM ON FIRE|U-turn|p2a: Zapdos
|-resisted|p2a: Zapdos
|-crit|p2a: Zapdos
|-damage|p2a: Zapdos|92/100
|
|t:|1776045006
|switch|p1a: #Girl|Ogerpon-Cornerstone, F|100/100|[from] U-turn
|
|upkeep
|turn|5
|
|t:|1776045009
|switch|p2a: Clefable|Clefable, F|100/100
|move|p1a: #Girl|Swords Dance|p1a: #Girl
|-boost|p1a: #Girl|atk|2
|
|upkeep
|turn|6
|
|t:|1776045012
|move|p1a: #Girl|Ivy Cudgel|p2a: Clefable|[anim] Ivy Cudgel Rock
|-damage|p2a: Clefable|55/100
|move|p2a: Clefable|Moonblast|p1a: #Girl
|-damage|p1a: #Girl|62/100
|
|upkeep
|turn|7
|
|t:|1776045022
|-terastallize|p1a: #Girl|Rock
|detailschange|p1a: #Girl|Ogerpon-Cornerstone-Tera, F, tera:Rock
|-ability|p1a: #Girl|Embody Aspect (Cornerstone)|boost
|-boost|p1a: #Girl|def|1
|move|p1a: #Girl|Ivy Cudgel|p2a: Clefable|[anim] Ivy Cudgel Rock
|-damage|p2a: Clefable|0 fnt
|faint|p2a: Clefable
|
|upkeep
|j| Shucklepilled
|inactive|sminey has 120 seconds left.
|
|t:|1776045064
|switch|p2a: Weavile|Weavile, M|100/100
|-ability|p2a: Weavile|Pressure
|turn|8
|
|t:|1776045067
|switch|p1a: AHHHH IM ON FIRE|Moltres|100/100
|-terastallize|p2a: Weavile|Ice
|move|p2a: Weavile|Triple Axel|p1a: AHHHH IM ON FIRE
|-damage|p1a: AHHHH IM ON FIRE|84/100
|-status|p2a: Weavile|brn|[from] ability: Flame Body|[of] p1a: AHHHH IM ON FIRE
|-damage|p1a: AHHHH IM ON FIRE|69/100
|-damage|p1a: AHHHH IM ON FIRE|44/100
|-hitcount|p1a: AHHHH IM ON FIRE|3
|
|-damage|p2a: Weavile|94/100 brn|[from] brn
|upkeep
|turn|9
|
|t:|1776045073
|move|p2a: Weavile|Triple Axel|p1a: AHHHH IM ON FIRE
|-damage|p1a: AHHHH IM ON FIRE|37/100
|-damage|p1a: AHHHH IM ON FIRE|21/100
|-damage|p1a: AHHHH IM ON FIRE|0 fnt
|faint|p1a: AHHHH IM ON FIRE
|-hitcount|p1: AHHHH IM ON FIRE|3
|
|-damage|p2a: Weavile|88/100 brn|[from] brn
|upkeep
|inactive|TroubleFindsMe has 120 seconds left.
|
|t:|1776045113
|switch|p1a: dogecoin !|Zamazenta|100/100
|-ability|p1a: dogecoin !|Dauntless Shield|boost
|-boost|p1a: dogecoin !|def|1
|turn|10
|
|t:|1776045117
|switch|p2a: Zapdos|Zapdos|92/100
|move|p1a: dogecoin !|Close Combat|p2a: Zapdos
|-resisted|p2a: Zapdos
|-damage|p2a: Zapdos|58/100
|-unboost|p1a: dogecoin !|def|1
|-unboost|p1a: dogecoin !|spd|1
|
|upkeep
|turn|11
|j| xbdbdndkdkd
|
|t:|1776045126
|switch|p1a: BarneyFromDinosaur|Dragonite, M|100/100
|move|p2a: Zapdos|Volt Switch|p1a: BarneyFromDinosaur
|-damage|p1a: BarneyFromDinosaur|85/100
|
|t:|1776045131
|switch|p2a: Weavile|Weavile, M, tera:Ice|88/100 brn|[from] Volt Switch
|-ability|p2a: Weavile|Pressure
|
|-damage|p2a: Weavile|82/100 brn|[from] brn
|upkeep
|turn|12
|
|t:|1776045137
|move|p1a: BarneyFromDinosaur|Extreme Speed|p2a: Weavile
|-damage|p2a: Weavile|33/100 brn
|move|p2a: Weavile|Triple Axel|p1a: BarneyFromDinosaur
|-supereffective|p1a: BarneyFromDinosaur
|-damage|p1a: BarneyFromDinosaur|56/100
|-supereffective|p1a: BarneyFromDinosaur
|-damage|p1a: BarneyFromDinosaur|0 fnt
|faint|p1a: BarneyFromDinosaur
|-hitcount|p1: BarneyFromDinosaur|2
|
|-damage|p2a: Weavile|26/100 brn|[from] brn
|upkeep
|
|t:|1776045139
|switch|p1a: #Girl|Ogerpon-Cornerstone-Tera, F, tera:Rock|62/100
|-ability|p1a: #Girl|Embody Aspect (Cornerstone)|boost
|-boost|p1a: #Girl|def|1
|turn|13
|
|t:|1776045147
|move|p2a: Weavile|Triple Axel|p1a: #Girl|[miss]
|-miss|p2a: Weavile|p1a: #Girl
|move|p1a: #Girl|Horn Leech|p2a: Weavile
|-damage|p2a: Weavile|0 fnt
|-heal|p1a: #Girl|74/100|[from] drain|[of] p2a: Weavile
|faint|p2a: Weavile
|
|upkeep
|
|t:|1776045154
|switch|p2a: Slowking|Slowking-Galar, F|100/100
|turn|14
|
|t:|1776045156
|move|p1a: #Girl|Swords Dance|p1a: #Girl
|-boost|p1a: #Girl|atk|2
|move|p2a: Slowking|Ice Beam|p1a: #Girl
|-damage|p1a: #Girl|43/100
|
|upkeep
|turn|15
|
|t:|1776045174
|move|p1a: #Girl|Knock Off|p2a: Slowking
|-supereffective|p2a: Slowking
|-damage|p2a: Slowking|0 fnt
|-enditem|p2a: Slowking|Assault Vest|[from] move: Knock Off|[of] p1a: #Girl
|faint|p2a: Slowking
|
|upkeep
|
|t:|1776045175
|switch|p2a: Cinderace|Cinderace, M|100/100
|turn|16
|
|t:|1776045191
|move|p2a: Cinderace|Pyro Ball|p1a: #Girl|[miss]
|-miss|p2a: Cinderace|p1a: #Girl
|move|p1a: #Girl|Ivy Cudgel|p2a: Cinderace|[anim] Ivy Cudgel Rock
|-supereffective|p2a: Cinderace
|-damage|p2a: Cinderace|0 fnt
|faint|p2a: Cinderace
|
|upkeep
|-message|sminey forfeited.
|
|win|TroubleFindsMe
|raw|TroubleFindsMe's rating: 1695 &rarr; <strong>1718</strong><br />(+23 for winning)
|raw|sminey's rating: 1753 &rarr; <strong>1730</strong><br />(-23 for losing)
|l|☆sminey
|player|p2|
|l| xbdbdndkdkd
|l|☆TroubleFindsMe
|player|p1|
|l| Shucklepilled
