|html|<div class="broadcast-blue"><strong>[Gen 9] OU is currently suspecting Tera Blast! For information on how to participate check out the <a href="https://www.smogon.com/tools/suspects/view/200">suspect thread</a>.</strong></div>
|j|☆FoolishAngel
|j|☆superstallenjoyer
|t:|1776299914
|gametype|singles
|player|p1|FoolishAngel|n-masters3|1209
|player|p2|superstallenjoyer|102|1157
|gen|9
|tier|[Gen 9] OU
|rated|
|rule|HP Percentage Mod: HP is shown in percentages
|rule|Endless Battle Clause: Forcing endless battles is banned
|rule|Species Clause: Limit one of each Pokémon
|rule|OHKO Clause: OHKO moves are banned
|rule|Evasion Items Clause: Evasion items are banned
|rule|Evasion Moves Clause: Evasion moves are banned
|rule|Evasion Abilities Clause: Evasion abilities are banned
|rule|Sleep Moves Clause: Sleep-inducing moves are banned
|clearpoke
|poke|p1|Iron Moth|
|poke|p1|Gliscor, M|
|poke|p1|Hatterene, F|
|poke|p1|Ogerpon-Wellspring, F|
|poke|p1|Raging Bolt|
|poke|p1|Zamazenta-*|
|poke|p2|Toxapex, F|
|poke|p2|Serperior, M|
|poke|p2|Jirachi|
|poke|p2|Dragapult, F|
|poke|p2|Corviknight, F|
|poke|p2|Hoopa-Unbound|
|teampreview
|inactive|Battle timer is ON: inactive players will automatically lose when time's up. (requested by superstallenjoyer)
|
|t:|1776299923
|teamsize|p1|6
|teamsize|p2|6
|start
|switch|p1a: Zamazenta|Zamazenta|100/100
|switch|p2a: Jirachi|Jirachi|100/100
|-ability|p1a: Zamazenta|Dauntless Shield|boost
|-boost|p1a: Zamazenta|def|1
|turn|1
|
|t:|1776299927
|move|p1a: Zamazenta|Light Screen|p1a: Zamazenta
|-sidestart|p1: FoolishAngel|move: Light Screen
|move|p2a: Jirachi|Thunder Wave|p1a: Zamazenta
|-status|p1a: Zamazenta|par
|
|upkeep
|turn|2
|
|t:|1776299932
|switch|p2a: Corviknight|Corviknight, F|100/100
|move|p1a: Zamazenta|Reflect|p1a: Zamazenta
|-sidestart|p1: FoolishAngel|Reflect
|
|upkeep
|turn|3
|
|t:|1776299938
|switch|p1a: Iron Moth|Iron Moth|100/100
|-enditem|p1a: Iron Moth|Booster Energy
|-activate|p1a: Iron Moth|ability: Quark Drive|[fromitem]
|-start|p1a: Iron Moth|quarkdrivespe
|move|p2a: Corviknight|Brave Bird|p1a: Iron Moth
|-crit|p1a: Iron Moth
|-damage|p1a: Iron Moth|0 fnt
|faint|p1a: Iron Moth
|-end|p1a: Iron Moth|Quark Drive|[silent]
|-damage|p2a: Corviknight|73/100|[from] Recoil
|
|upkeep
|c|☆FoolishAngel|WOAH
|c|☆superstallenjoyer|yooooo
|
|t:|1776299952
|switch|p1a: Raging Bolt|Raging Bolt|100/100
|-enditem|p1a: Raging Bolt|Booster Energy
|-activate|p1a: Raging Bolt|ability: Protosynthesis|[fromitem]
|-start|p1a: Raging Bolt|protosynthesisspa
|turn|4
|
|t:|1776299957
|switch|p2a: Jirachi|Jirachi|100/100
|move|p1a: Raging Bolt|Thunderbolt|p2a: Jirachi
|-damage|p2a: Jirachi|56/100
|
|-heal|p2a: Jirachi|62/100|[from] item: Leftovers
|upkeep
|turn|5
|
|t:|1776299965
|move|p1a: Raging Bolt|Calm Mind|p1a: Raging Bolt
|-boost|p1a: Raging Bolt|spa|1
|-boost|p1a: Raging Bolt|spd|1
|move|p2a: Jirachi|Iron Head|p1a: Raging Bolt
|-resisted|p1a: Raging Bolt
|-damage|p1a: Raging Bolt|95/100
|
|-heal|p2a: Jirachi|68/100|[from] item: Leftovers
|upkeep
|turn|6
|
|t:|1776299971
|switch|p2a: Hoopa|Hoopa-Unbound|100/100
|move|p1a: Raging Bolt|Thunderbolt|p2a: Hoopa
|-damage|p2a: Hoopa|33/100
|
|upkeep
|turn|7
|
|t:|1776299981
|move|p2a: Hoopa|Psychic Noise|p1a: Raging Bolt
|-damage|p1a: Raging Bolt|80/100
|-start|p1a: Raging Bolt|move: Heal Block
|move|p1a: Raging Bolt|Thunderbolt|p2a: Hoopa
|-damage|p2a: Hoopa|0 fnt
|faint|p2a: Hoopa
|
|upkeep
|
|t:|1776299988
|switch|p2a: Serperior|Serperior, M|100/100
|turn|8
|
|t:|1776300001
|move|p2a: Serperior|Substitute|p2a: Serperior
|-start|p2a: Serperior|Substitute
|-damage|p2a: Serperior|76/100
|move|p1a: Raging Bolt|Dragon Pulse|p2a: Serperior
|-end|p2a: Serperior|Substitute
|
|-heal|p2a: Serperior|82/100|[from] item: Leftovers
|-end|p1a: Raging Bolt|move: Heal Block
|-sideend|p1: FoolishAngel|move: Light Screen
|upkeep
|turn|9
|
|t:|1776300006
|move|p2a: Serperior|Substitute|p2a: Serperior
|-start|p2a: Serperior|Substitute
|-damage|p2a: Serperior|57/100
|move|p1a: Raging Bolt|Dragon Pulse|p2a: Serperior
|-end|p2a: Serperior|Substitute
|
|-heal|p2a: Serperior|63/100|[from] item: Leftovers
|-sideend|p1: FoolishAngel|Reflect
|upkeep
|turn|10
|
|t:|1776300012
|move|p2a: Serperior|Leech Seed|p1a: Raging Bolt|[miss]
|-miss|p2a: Serperior|p1a: Raging Bolt
|move|p1a: Raging Bolt|Dragon Pulse|p2a: Serperior
|-damage|p2a: Serperior|0 fnt
|faint|p2a: Serperior
|
|upkeep
|-message|superstallenjoyer forfeited.
|
|win|FoolishAngel
|raw|FoolishAngel's rating: 1209 &rarr; <strong>1230</strong><br />(+21 for winning)
|raw|superstallenjoyer's rating: 1157 &rarr; <strong>1136</strong><br />(-21 for losing)
|l|☆superstallenjoyer
|player|p2|
|c|☆FoolishAngel|gg
