|html|<div class="broadcast-blue"><strong>[Gen 9] OU is currently suspecting Tera Blast! For information on how to participate check out the <a href="https://www.smogon.com/tools/suspects/view/200">suspect thread</a>.</strong></div>
|j|☆byKiller63
|j|☆mergetheperge
|t:|1776266159
|gametype|singles
|player|p1|byKiller63|brycenman|1048
|player|p2|mergetheperge|1|1046
|gen|9
|tier|[Gen 9] OU
|rated|
|rule|HP Percentage Mod: HP is shown in percentages
|rule|Endless Battle Clause: Forcing endless battles is banned
|rule|Species Clause: Limit one of each Pokémon
|rule|OHKO Clause: OHKO moves are banned
|rule|Evasion Items Clause: Evasion items are banned
|rule|Evasion Moves Clause: Evasion moves are banned
|rule|Evasion Abilities Clause: Evasion abilities are banned
|rule|Sleep Moves Clause: Sleep-inducing moves are banned
|clearpoke
|poke|p1|Tinkaton, F|
|poke|p1|Vikavolt, M|
|poke|p1|Toucannon, M|
|poke|p1|Gallade, M|
|poke|p1|Basculegion, M|
|poke|p1|Incineroar, M|
|poke|p2|Excadrill, M|
|poke|p2|Great Tusk|
|poke|p2|Landorus-Therian, M|
|poke|p2|Hippowdon, F|
|poke|p2|Mamoswine, F|
|poke|p2|Clodsire, F|
|teampreview
|
|t:|1776266162
|teamsize|p1|6
|teamsize|p2|6
|start
|switch|p1a: Jhon Cena|Incineroar, M, shiny|100/100
|switch|p2a: riptide|Hippowdon, F|100/100
|-ability|p1a: Jhon Cena|Intimidate|boost
|-unboost|p2a: riptide|atk|1
|-weather|Sandstorm|[from] ability: Sand Stream|[of] p2a: riptide
|turn|1
|
|t:|1776266171
|move|p1a: Jhon Cena|Fake Out|p2a: riptide
|-damage|p2a: riptide|93/100
|-damage|p1a: Jhon Cena|84/100|[from] item: Rocky Helmet|[of] p2a: riptide
|cant|p2a: riptide|flinch
|
|-weather|Sandstorm|[upkeep]
|-damage|p1a: Jhon Cena|78/100|[from] Sandstorm
|upkeep
|turn|2
|
|t:|1776266178
|switch|p1a: Pescadiña|Basculegion, M, shiny|100/100
|move|p2a: riptide|Earthquake|p1a: Pescadiña
|-damage|p1a: Pescadiña|76/100
|
|-weather|Sandstorm|[upkeep]
|-damage|p1a: Pescadiña|70/100|[from] Sandstorm
|upkeep
|turn|3
|
|t:|1776266210
|switch|p2a: allister|Clodsire, F|100/100
|move|p1a: Pescadiña|Aqua Jet|p2a: allister
|-immune|p2a: allister|[from] ability: Water Absorb
|
|-weather|Sandstorm|[upkeep]
|-damage|p1a: Pescadiña|64/100|[from] Sandstorm
|upkeep
|turn|4
|
|t:|1776266223
|switch|p1a: Femboy|Gallade, M|100/100
|move|p2a: allister|Poison Jab|p1a: Femboy
|-damage|p1a: Femboy|72/100
|-status|p1a: Femboy|psn
|
|-weather|Sandstorm|[upkeep]
|-damage|p1a: Femboy|66/100 psn|[from] Sandstorm
|-damage|p1a: Femboy|54/100 psn|[from] psn
|upkeep
|turn|5
|
|t:|1776266238
|move|p1a: Femboy|Psycho Cut|p2a: allister
|-supereffective|p2a: allister
|-damage|p2a: allister|0 fnt
|faint|p2a: allister
|-damage|p1a: Femboy|44/100 psn|[from] item: Life Orb
|
|-weather|none
|-damage|p1a: Femboy|32/100 psn|[from] psn
|upkeep
|
|t:|1776266246
|switch|p2a: riptide|Hippowdon, F|93/100
|-weather|Sandstorm|[from] ability: Sand Stream|[of] p2a: riptide
|turn|6
|
|t:|1776266257
|switch|p1a: Pescadiña|Basculegion, M, shiny|64/100
|move|p2a: riptide|Whirlwind|p1a: Pescadiña
|drag|p1a: Jhon Cena|Incineroar, M, shiny|78/100
|-ability|p1a: Jhon Cena|Intimidate|boost
|-unboost|p2a: riptide|atk|1
|
|-weather|Sandstorm|[upkeep]
|-damage|p1a: Jhon Cena|72/100|[from] Sandstorm
|upkeep
|turn|7
|
|t:|1776266267
|move|p1a: Jhon Cena|Darkest Lariat|p2a: riptide
|-damage|p2a: riptide|72/100
|-damage|p1a: Jhon Cena|55/100|[from] item: Rocky Helmet|[of] p2a: riptide
|move|p2a: riptide|Earthquake|p1a: Jhon Cena
|-supereffective|p1a: Jhon Cena
|-activate|p1a: Jhon Cena|item: Focus Band
|-damage|p1a: Jhon Cena|1/100
|
|-weather|Sandstorm|[upkeep]
|-damage|p1a: Jhon Cena|0 fnt|[from] Sandstorm
|faint|p1a: Jhon Cena
|upkeep
|
|t:|1776266277
|switch|p1a: Perro|Toucannon, M, shiny|100/100
|turn|8
|
|t:|1776266289
|switch|p2a: teddy|Landorus-Therian, M|100/100
|-ability|p2a: teddy|Intimidate|boost
|-unboost|p1a: Perro|atk|1
|move|p1a: Perro|Bullet Seed|p2a: teddy
|-damage|p2a: teddy|95/100
|-damage|p2a: teddy|90/100
|-damage|p2a: teddy|84/100
|-damage|p2a: teddy|79/100
|-damage|p2a: teddy|74/100
|-hitcount|p2a: teddy|5
|
|-weather|Sandstorm|[upkeep]
|-damage|p1a: Perro|95/100|[from] Sandstorm
|upkeep
|turn|9
|
|t:|1776266309
|move|p2a: teddy|Gravity|p2a: teddy
|-fieldstart|move: Gravity
|move|p1a: Perro|U-turn|p2a: teddy
|-resisted|p2a: teddy
|-damage|p2a: teddy|67/100
|
|t:|1776266315
|switch|p1a: Pescadiña|Basculegion, M, shiny|64/100|[from] U-turn
|
|-weather|Sandstorm|[upkeep]
|-damage|p1a: Pescadiña|58/100|[from] Sandstorm
|upkeep
|turn|10
|
|t:|1776266326
|move|p1a: Pescadiña|Aqua Jet|p2a: teddy
|-supereffective|p2a: teddy
|-damage|p2a: teddy|5/100
|move|p2a: teddy|Earthquake|p1a: Pescadiña
|-damage|p1a: Pescadiña|9/100
|
|-weather|none
|upkeep
|turn|11
|
|t:|1776266334
|switch|p2a: shadow|Mamoswine, F|100/100
|move|p1a: Pescadiña|Aqua Jet|p2a: shadow
|-supereffective|p2a: shadow
|-damage|p2a: shadow|28/100
|
|upkeep
|turn|12
|
|t:|1776266341
|move|p1a: Pescadiña|Aqua Jet|p2a: shadow
|-supereffective|p2a: shadow
|-damage|p2a: shadow|0 fnt
|faint|p2a: shadow
|
|upkeep
|
|t:|1776266346
|switch|p2a: bbc|Great Tusk|100/100
|turn|13
|
|t:|1776266352
|move|p1a: Pescadiña|Aqua Jet|p2a: bbc
|-supereffective|p2a: bbc
|-damage|p2a: bbc|60/100
|move|p2a: bbc|Ice Spinner|p1a: Pescadiña
|-resisted|p1a: Pescadiña
|-damage|p1a: Pescadiña|0 fnt
|faint|p1a: Pescadiña
|
|-fieldend|move: Gravity
|upkeep
|
|t:|1776266360
|switch|p1a: Femboy|Gallade, M|32/100 psn
|turn|14
|
|t:|1776266364
|move|p2a: bbc|Ice Spinner|p1a: Femboy
|-damage|p1a: Femboy|4/100 psn
|move|p1a: Femboy|Sacred Sword|p2a: bbc
|-damage|p2a: bbc|5/100
|-damage|p1a: Femboy|0 fnt|[from] item: Life Orb
|faint|p1a: Femboy
|
|upkeep
|
|t:|1776266374
|switch|p1a: Cucaracha|Vikavolt, M, shiny|100/100
|turn|15
|
|t:|1776266379
|move|p2a: bbc|Ice Spinner|p1a: Cucaracha
|-damage|p1a: Cucaracha|73/100
|move|p1a: Cucaracha|Energy Ball|p2a: bbc
|-supereffective|p2a: bbc
|-damage|p2a: bbc|0 fnt
|faint|p2a: bbc
|-end|p2a: bbc|Protosynthesis|[silent]
|
|upkeep
|
|t:|1776266388
|switch|p2a: nova|Excadrill, M|100/100
|turn|16
|
|t:|1776266392
|move|p2a: nova|Iron Head|p1a: Cucaracha
|-resisted|p1a: Cucaracha
|-damage|p1a: Cucaracha|41/100
|move|p1a: Cucaracha|Energy Ball|p2a: nova
|-damage|p2a: nova|37/100
|
|upkeep
|turn|17
|
|t:|1776266399
|move|p2a: nova|Iron Head|p1a: Cucaracha
|-resisted|p1a: Cucaracha
|-damage|p1a: Cucaracha|8/100
|cant|p1a: Cucaracha|flinch
|
|upkeep
|turn|18
|
|t:|1776266404
|move|p2a: nova|Iron Head|p1a: Cucaracha
|-resisted|p1a: Cucaracha
|-damage|p1a: Cucaracha|0 fnt
|faint|p1a: Cucaracha
|
|upkeep
|
|t:|1776266409
|switch|p1a: Niña de 14 años|Tinkaton, F|100/100
|-ability|p1a: Niña de 14 años|Mold Breaker
|turn|19
|
|t:|1776266416
|move|p2a: nova|Iron Head|p1a: Niña de 14 años
|-damage|p1a: Niña de 14 años|36/100
|cant|p1a: Niña de 14 años|flinch
|
|-heal|p1a: Niña de 14 años|42/100|[from] item: Leftovers
|upkeep
|turn|20
|
|t:|1776266422
|move|p2a: nova|Iron Head|p1a: Niña de 14 años
|-damage|p1a: Niña de 14 años|0 fnt
|faint|p1a: Niña de 14 años
|
|upkeep
|
|t:|1776266425
|switch|p1a: Perro|Toucannon, M, shiny|95/100
|turn|21
|
|t:|1776266433
|move|p2a: nova|Iron Head|p1a: Perro
|-damage|p1a: Perro|30/100
|cant|p1a: Perro|flinch
|
|upkeep
|turn|22
|c|☆byKiller63|i hope u die
|
|t:|1776266441
|move|p2a: nova|Iron Head|p1a: Perro
|-damage|p1a: Perro|0 fnt
|faint|p1a: Perro
|
|win|mergetheperge
