|html|<div class="broadcast-blue"><strong>[Gen 9] OU is currently suspecting Volcarona! For information on how to participate check out the <a href="https://www.smogon.com/tools/suspects/view/208">suspect thread</a>.</strong></div>
|j|‽HiThxBye
|j|☆Hero Bomb
|t:|1778513106
|gametype|singles
|player|p1|HiThxBye|170|1201
|player|p2|Hero Bomb|ltsurge|1163
|gen|9
|tier|[Gen 9] OU
|rated|
|rule|HP Percentage Mod: HP is shown in percentages
|rule|Endless Battle Clause: Forcing endless battles is banned
|rule|Species Clause: Limit one of each Pokémon
|rule|OHKO Clause: OHKO moves are banned
|rule|Evasion Items Clause: Evasion items are banned
|rule|Evasion Moves Clause: Evasion moves are banned
|rule|Evasion Abilities Clause: Evasion abilities are banned
|rule|Sleep Moves Clause: Sleep-inducing moves are banned
|clearpoke
|poke|p1|Volcarona, M|
|poke|p1|Gliscor, F|
|poke|p1|Great Tusk|
|poke|p1|Ogerpon-Wellspring, F|
|poke|p1|Slowking-Galar, M|
|poke|p1|Darkrai|
|poke|p2|Iron Leaves|
|poke|p2|Pincurchin, M|
|poke|p2|Iron Treads|
|poke|p2|Iron Valiant|
|poke|p2|Azumarill, M|
|poke|p2|Iron Jugulis|
|teampreview
|inactive|Battle timer is ON: inactive players will automatically lose when time's up. (requested by Hero Bomb)
|
|t:|1778513112
|teamsize|p1|6
|teamsize|p2|6
|start
|switch|p1a: Gliscor|Gliscor, F|100/100
|switch|p2a: Kingpin|Pincurchin, M, shiny|100/100
|-fieldstart|move: Electric Terrain|[from] ability: Electric Surge|[of] p2a: Kingpin
|turn|1
|
|t:|1778513118
|move|p1a: Gliscor|Knock Off|p2a: Kingpin
|-damage|p2a: Kingpin|82/100
|-enditem|p2a: Kingpin|Terrain Extender|[from] move: Knock Off|[of] p1a: Gliscor
|move|p2a: Kingpin|Spikes|p1a: Gliscor
|-sidestart|p1: HiThxBye|Spikes
|
|-status|p1a: Gliscor|tox|[from] item: Toxic Orb
|upkeep
|turn|2
|
|t:|1778513124
|move|p1a: Gliscor|Spikes|p2a: Kingpin
|-sidestart|p2: Hero Bomb|Spikes
|move|p2a: Kingpin|Spikes|p1a: Gliscor
|-sidestart|p1: HiThxBye|Spikes
|
|upkeep
|turn|3
|
|t:|1778513135
|move|p1a: Gliscor|Spikes|p2a: Kingpin
|-sidestart|p2: Hero Bomb|Spikes
|move|p2a: Kingpin|Spikes|p1a: Gliscor
|-sidestart|p1: HiThxBye|Spikes
|
|upkeep
|turn|4
|
|t:|1778513139
|move|p1a: Gliscor|Spikes|p2a: Kingpin
|-sidestart|p2: Hero Bomb|Spikes
|move|p2a: Kingpin|Memento|p1a: Gliscor
|-unboost|p1a: Gliscor|atk|2
|-unboost|p1a: Gliscor|spa|2
|faint|p2a: Kingpin
|
|upkeep
|
|t:|1778513143
|switch|p2a: Torrent|Azumarill, M, shiny|100/100
|-damage|p2a: Torrent|76/100|[from] Spikes
|turn|5
|
|t:|1778513173
|move|p1a: Gliscor|Knock Off|p2a: Torrent
|-resisted|p2a: Torrent
|-damage|p2a: Torrent|70/100
|-enditem|p2a: Torrent|Sitrus Berry|[from] move: Knock Off|[of] p1a: Gliscor
|move|p2a: Torrent|Belly Drum|p2a: Torrent
|-damage|p2a: Torrent|20/100
|-setboost|p2a: Torrent|atk|6|[from] move: Belly Drum
|
|upkeep
|turn|6
|
|t:|1778513183
|move|p1a: Gliscor|Protect|p1a: Gliscor
|-singleturn|p1a: Gliscor|Protect
|move|p2a: Torrent|Aqua Jet|p1a: Gliscor
|-activate|p1a: Gliscor|move: Protect
|
|upkeep
|turn|7
|
|t:|1778513195
|-terastallize|p1a: Gliscor|Water
|move|p2a: Torrent|Aqua Jet|p1a: Gliscor
|-resisted|p1a: Gliscor
|-damage|p1a: Gliscor|68/100 tox
|move|p1a: Gliscor|Knock Off|p2a: Torrent
|-resisted|p2a: Torrent
|-damage|p2a: Torrent|15/100
|
|-heal|p1a: Gliscor|80/100 tox|[from] ability: Poison Heal
|upkeep
|turn|8
|
|t:|1778513202
|move|p1a: Gliscor|Knock Off|p2a: Torrent
|-resisted|p2a: Torrent
|-damage|p2a: Torrent|11/100
|move|p2a: Torrent|Play Rough|p1a: Gliscor|[miss]
|-miss|p2a: Torrent|p1a: Gliscor
|
|-heal|p1a: Gliscor|93/100 tox|[from] ability: Poison Heal
|-fieldend|move: Electric Terrain
|upkeep
|turn|9
|
|t:|1778513207
|move|p1a: Gliscor|Knock Off|p2a: Torrent
|-resisted|p2a: Torrent
|-damage|p2a: Torrent|7/100
|move|p2a: Torrent|Play Rough|p1a: Gliscor|[miss]
|-miss|p2a: Torrent|p1a: Gliscor
|
|-heal|p1a: Gliscor|100/100 tox|[from] ability: Poison Heal
|upkeep
|turn|10
|c|☆Hero Bomb|YO CAN I HIT THE MOVE
|
|t:|1778513220
|move|p1a: Gliscor|Knock Off|p2a: Torrent
|-resisted|p2a: Torrent
|-damage|p2a: Torrent|3/100
|move|p2a: Torrent|Play Rough|p1a: Gliscor
|-damage|p1a: Gliscor|0 fnt
|faint|p1a: Gliscor
|
|upkeep
|
|t:|1778513237
|switch|p1a: Ogerpon|Ogerpon-Wellspring, F|100/100
|-damage|p1a: Ogerpon|76/100|[from] Spikes
|turn|11
|
|t:|1778513242
|move|p1a: Ogerpon|Ivy Cudgel|p2a: Torrent|[anim] Ivy Cudgel Water
|-resisted|p2a: Torrent
|-crit|p2a: Torrent
|-damage|p2a: Torrent|0 fnt
|faint|p2a: Torrent
|
|upkeep
|
|t:|1778513247
|switch|p2a: Terminator|Iron Leaves|100/100
|-damage|p2a: Terminator|76/100|[from] Spikes
|turn|12
|
|t:|1778513257
|move|p1a: Ogerpon|Knock Off|p2a: Terminator
|-supereffective|p2a: Terminator
|-damage|p2a: Terminator|0 fnt
|-enditem|p2a: Terminator|Choice Band|[from] move: Knock Off|[of] p1a: Ogerpon
|faint|p2a: Terminator
|-end|p2a: Terminator|Quark Drive|[silent]
|
|upkeep
|
|t:|1778513261
|switch|p2a: Calamity|Iron Valiant, shiny|100/100
|-damage|p2a: Calamity|76/100|[from] Spikes
|turn|13
|
|t:|1778513279
|move|p2a: Calamity|Moonblast|p1a: Ogerpon
|-damage|p1a: Ogerpon|20/100
|move|p1a: Ogerpon|Power Whip|p2a: Calamity
|-damage|p2a: Calamity|0 fnt
|faint|p2a: Calamity
|-end|p2a: Calamity|Quark Drive|[silent]
|
|upkeep
|
|t:|1778513290
|switch|p2a: Hybrid|Iron Jugulis, shiny|100/100
|turn|14
|l|☆Hero Bomb
|inactive|Hero Bomb disconnected and has a minute to reconnect!
|player|p2|
|
|t:|1778513300
|move|p1a: Ogerpon|Play Rough|p2a: Hybrid
|-supereffective|p2a: Hybrid
|-damage|p2a: Hybrid|22/100
|-unboost|p2a: Hybrid|atk|1
|move|p2a: Hybrid|Hurricane|p1a: Ogerpon|[miss]
|-miss|p2a: Hybrid|p1a: Ogerpon
|
|upkeep
|turn|15
|-message|HiThxBye forfeited.
|
|win|Hero Bomb
|raw|HiThxBye's rating: 1201 &rarr; <strong>1173</strong><br />(-28 for losing)
|raw|Hero Bomb's rating: 1163 &rarr; <strong>1191</strong><br />(+28 for winning)
|l|‽HiThxBye
|player|p1|
|j|☆Hero Bomb
|player|p2|Hero Bomb|ltsurge|
