|html|<div class="broadcast-blue"><strong>[Gen 9] OU is currently suspecting Tera Blast! For information on how to participate check out the <a href="https://www.smogon.com/tools/suspects/view/200">suspect thread</a>.</strong></div>
|j|☆Alpha1Tango88888
|j|☆theholdencaulfield
|t:|1776229695
|gametype|singles
|player|p1|Alpha1Tango88888|fisherman-gen4|1120
|player|p2|theholdencaulfield|skier|1158
|gen|9
|tier|[Gen 9] OU
|rated|
|rule|HP Percentage Mod: HP is shown in percentages
|rule|Endless Battle Clause: Forcing endless battles is banned
|rule|Species Clause: Limit one of each Pokémon
|rule|OHKO Clause: OHKO moves are banned
|rule|Evasion Items Clause: Evasion items are banned
|rule|Evasion Moves Clause: Evasion moves are banned
|rule|Evasion Abilities Clause: Evasion abilities are banned
|rule|Sleep Moves Clause: Sleep-inducing moves are banned
|clearpoke
|poke|p1|Slowking-Galar, M|
|poke|p1|Great Tusk|
|poke|p1|Zamazenta-*|
|poke|p1|Kingambit, M|
|poke|p1|Glaceon, F|
|poke|p1|Alomomola, F|
|poke|p2|Greninja-*, M|
|poke|p2|Blaziken, F|
|poke|p2|Serperior, F|
|poke|p2|Darkrai|
|poke|p2|Kyurem|
|poke|p2|Hoopa-Unbound|
|teampreview
|j| ohko_smeargle
|
|t:|1776229720
|teamsize|p1|6
|teamsize|p2|6
|start
|switch|p1a: Great Tusk|Great Tusk|100/100
|switch|p2a: Greninja|Greninja, M|100/100
|turn|1
|
|t:|1776229726
|move|p2a: Greninja|Hydro Pump|p1a: Great Tusk
|-supereffective|p1a: Great Tusk
|-damage|p1a: Great Tusk|0 fnt
|faint|p1a: Great Tusk
|-end|p1a: Great Tusk|Protosynthesis|[silent]
|-ability|p2a: Greninja|Battle Bond|boost
|-boost|p2a: Greninja|atk|1
|-boost|p2a: Greninja|spa|1
|-boost|p2a: Greninja|spe|1
|-activate|p2a: Greninja|ability: Battle Bond
|-damage|p2a: Greninja|91/100|[from] item: Life Orb
|
|upkeep
|
|t:|1776229746
|switch|p1a: Zamazenta|Zamazenta|100/100
|-ability|p1a: Zamazenta|Dauntless Shield|boost
|-boost|p1a: Zamazenta|def|1
|turn|2
|
|t:|1776229751
|-terastallize|p2a: Greninja|Water
|move|p2a: Greninja|Hydro Pump|p1a: Zamazenta
|-damage|p1a: Zamazenta|0 fnt
|faint|p1a: Zamazenta
|-damage|p2a: Greninja|81/100|[from] item: Life Orb
|
|upkeep
|c|☆Alpha1Tango88888|reported
|inactive|Battle timer is ON: inactive players will automatically lose when time's up. (requested by theholdencaulfield)
|c|☆theholdencaulfield|for what lmao
|inactive|Alpha1Tango88888 has 120 seconds left.
|c|☆Alpha1Tango88888|you OHKO 2 pokemon in the first two turns, which is banned in this game
|inactive|Alpha1Tango88888 has 90 seconds left.
|c|☆theholdencaulfield|the copium is crazy
|inactive|Alpha1Tango88888 has 60 seconds left.
|c|☆Alpha1Tango88888|you are going to lose your account
|inactive|Alpha1Tango88888 has 30 seconds left.
|
|t:|1776229930
|switch|p1a: Alomomola|Alomomola, F|100/100
|turn|3
|
|t:|1776229941
|move|p1a: Alomomola|Protect|p1a: Alomomola
|-singleturn|p1a: Alomomola|Protect
|move|p2a: Greninja|Dark Pulse|p1a: Alomomola
|-activate|p1a: Alomomola|move: Protect
|
|upkeep
|turn|4
|c|☆theholdencaulfield|oh no! anyways
|
|t:|1776229964
|move|p2a: Greninja|Dark Pulse|p1a: Alomomola
|-damage|p1a: Alomomola|36/100
|-damage|p2a: Greninja|71/100|[from] item: Life Orb
|cant|p1a: Alomomola|flinch
|
|upkeep
|turn|5
|
|t:|1776229971
|switch|p1a: Slowking|Slowking-Galar, M|100/100
|move|p2a: Greninja|Dark Pulse|p1a: Slowking
|-supereffective|p1a: Slowking
|-damage|p1a: Slowking|19/100
|-damage|p2a: Greninja|61/100|[from] item: Life Orb
|
|upkeep
|turn|6
|
|t:|1776229986
|switch|p1a: Alomomola|Alomomola, F|70/100
|move|p2a: Greninja|Dark Pulse|p1a: Alomomola
|-damage|p1a: Alomomola|10/100
|-damage|p2a: Greninja|51/100|[from] item: Life Orb
|
|upkeep
|turn|7
|
|t:|1776229993
|move|p1a: Alomomola|Protect|p1a: Alomomola
|-singleturn|p1a: Alomomola|Protect
|move|p2a: Greninja|Dark Pulse|p1a: Alomomola
|-activate|p1a: Alomomola|move: Protect
|
|upkeep
|turn|8
|
|t:|1776230013
|move|p1a: Alomomola|Protect||[still]
|-fail|p1a: Alomomola
|move|p2a: Greninja|Dark Pulse|p1a: Alomomola
|-damage|p1a: Alomomola|0 fnt
|faint|p1a: Alomomola
|-damage|p2a: Greninja|42/100|[from] item: Life Orb
|
|upkeep
|
|t:|1776230020
|switch|p1a: Slowking|Slowking-Galar, M|52/100
|turn|9
|c|☆theholdencaulfield|so when is that report getting filed mamas
|
|t:|1776230030
|move|p2a: Greninja|Dark Pulse|p1a: Slowking
|-supereffective|p1a: Slowking
|-damage|p1a: Slowking|0 fnt
|faint|p1a: Slowking
|-damage|p2a: Greninja|32/100|[from] item: Life Orb
|
|upkeep
|
|t:|1776230036
|switch|p1a: Glaceon|Glaceon, F|100/100
|turn|10
|
|t:|1776230052
|move|p2a: Greninja|Hydro Pump|p1a: Glaceon
|-damage|p1a: Glaceon|1/100
|-damage|p2a: Greninja|22/100|[from] item: Life Orb
|move|p1a: Glaceon|Alluring Voice|p2a: Greninja
|-damage|p2a: Greninja|0 fnt
|faint|p2a: Greninja
|
|-heal|p1a: Glaceon|7/100|[from] item: Leftovers
|upkeep
|
|t:|1776230063
|switch|p2a: Blaziken|Blaziken, F|100/100
|turn|11
|
|t:|1776230074
|move|p2a: Blaziken|Close Combat|p1a: Glaceon
|-supereffective|p1a: Glaceon
|-damage|p1a: Glaceon|0 fnt
|-unboost|p2a: Blaziken|def|1
|-unboost|p2a: Blaziken|spd|1
|faint|p1a: Glaceon
|-damage|p2a: Blaziken|91/100|[from] item: Life Orb
|
|-ability|p2a: Blaziken|Speed Boost|boost
|-boost|p2a: Blaziken|spe|1
|upkeep
|
|t:|1776230082
|switch|p1a: Kingambit|Kingambit, M|100/100
|-activate|p1a: Kingambit|ability: Supreme Overlord
|-start|p1a: Kingambit|fallen5|[silent]
|turn|12
|
|t:|1776230102
|-terastallize|p1a: Kingambit|Ghost
|move|p2a: Blaziken|Close Combat|p1a: Kingambit
|-immune|p1a: Kingambit
|move|p1a: Kingambit|Swords Dance|p1a: Kingambit
|-boost|p1a: Kingambit|atk|2
|
|-ability|p2a: Blaziken|Speed Boost|boost
|-boost|p2a: Blaziken|spe|1
|upkeep
|turn|13
|
|t:|1776230111
|move|p2a: Blaziken|Flare Blitz|p1a: Kingambit
|-damage|p1a: Kingambit|47/100
|-damage|p2a: Blaziken|67/100|[from] Recoil
|-damage|p2a: Blaziken|57/100|[from] item: Life Orb
|move|p1a: Kingambit|Swords Dance|p1a: Kingambit
|-boost|p1a: Kingambit|atk|2
|
|-heal|p1a: Kingambit|53/100|[from] item: Leftovers
|-ability|p2a: Blaziken|Speed Boost|boost
|-boost|p2a: Blaziken|spe|1
|upkeep
|turn|14
|
|t:|1776230123
|move|p1a: Kingambit|Sucker Punch|p2a: Blaziken
|-resisted|p2a: Blaziken
|-damage|p2a: Blaziken|0 fnt
|faint|p2a: Blaziken
|
|-heal|p1a: Kingambit|60/100|[from] item: Leftovers
|upkeep
|
|t:|1776230131
|switch|p2a: Darkrai|Darkrai|100/100
|turn|15
|
|t:|1776230137
|move|p1a: Kingambit|Sucker Punch|p2a: Darkrai
|-resisted|p2a: Darkrai
|-damage|p2a: Darkrai|0 fnt
|faint|p2a: Darkrai
|
|-heal|p1a: Kingambit|66/100|[from] item: Leftovers
|upkeep
|
|t:|1776230149
|switch|p2a: Kyurem|Kyurem|100/100
|-ability|p2a: Kyurem|Pressure
|turn|16
|
|t:|1776230155
|move|p1a: Kingambit|Sucker Punch||[still]
|-fail|p1a: Kingambit
|move|p2a: Kyurem|Dragon Dance|p2a: Kyurem
|-boost|p2a: Kyurem|atk|1
|-boost|p2a: Kyurem|spe|1
|
|-heal|p1a: Kingambit|72/100|[from] item: Leftovers
|upkeep
|turn|17
|
|t:|1776230174
|move|p2a: Kyurem|Icicle Spear|p1a: Kingambit
|-damage|p1a: Kingambit|57/100
|-damage|p1a: Kingambit|40/100
|-damage|p1a: Kingambit|24/100
|-damage|p1a: Kingambit|8/100
|-hitcount|p1a: Kingambit|4
|move|p1a: Kingambit|Iron Head|p2a: Kyurem
|-supereffective|p2a: Kyurem
|-damage|p2a: Kyurem|0 fnt
|faint|p2a: Kyurem
|
|-heal|p1a: Kingambit|15/100|[from] item: Leftovers
|upkeep
|inactive|theholdencaulfield has 120 seconds left.
|
|t:|1776230199
|switch|p2a: Serperior|Serperior, F|100/100
|turn|18
|inactive|theholdencaulfield has 120 seconds left.
|
|t:|1776230206
|move|p1a: Kingambit|Sucker Punch||[still]
|-fail|p1a: Kingambit
|move|p2a: Serperior|Glare|p1a: Kingambit
|-status|p1a: Kingambit|par
|
|-heal|p1a: Kingambit|21/100 par|[from] item: Leftovers
|upkeep
|turn|19
|
|t:|1776230213
|move|p1a: Kingambit|Sucker Punch||[still]
|-fail|p1a: Kingambit
|move|p2a: Serperior|Taunt|p1a: Kingambit
|-start|p1a: Kingambit|move: Taunt
|
|-heal|p1a: Kingambit|27/100 par|[from] item: Leftovers
|upkeep
|turn|20
|
|t:|1776230231
|move|p2a: Serperior|Leaf Storm|p1a: Kingambit
|-damage|p1a: Kingambit|0 fnt
|-boost|p2a: Serperior|spa|2
|faint|p1a: Kingambit
|-end|p1a: Kingambit|fallen5|[silent]
|-damage|p2a: Serperior|91/100|[from] item: Life Orb
|
|win|theholdencaulfield
|raw|Alpha1Tango88888's rating: 1120 &rarr; <strong>1098</strong><br />(-22 for losing)
|raw|theholdencaulfield's rating: 1158 &rarr; <strong>1180</strong><br />(+22 for winning)
|l| ohko_smeargle
|c|☆theholdencaulfield|gg :3
|c|☆theholdencaulfield|gl with ur report xo
|l|☆theholdencaulfield
|player|p2|
