|html|<div class="broadcast-blue"><strong>[Gen 9] OU is currently suspecting Tera Blast! For information on how to participate check out the <a href="https://www.smogon.com/tools/suspects/view/200">suspect thread</a>.</strong></div>
|j|☆powerhouse308
|j|☆mo_ce04
|t:|1776188423
|gametype|singles
|player|p1|powerhouse308|roxie|1123
|player|p2|mo_ce04|102|1127
|gen|9
|tier|[Gen 9] OU
|rated|
|rule|HP Percentage Mod: HP is shown in percentages
|rule|Endless Battle Clause: Forcing endless battles is banned
|rule|Species Clause: Limit one of each Pokémon
|rule|OHKO Clause: OHKO moves are banned
|rule|Evasion Items Clause: Evasion items are banned
|rule|Evasion Moves Clause: Evasion moves are banned
|rule|Evasion Abilities Clause: Evasion abilities are banned
|rule|Sleep Moves Clause: Sleep-inducing moves are banned
|clearpoke
|poke|p1|Primarina, F|
|poke|p1|Iron Valiant|
|poke|p1|Skeledirge, F|
|poke|p1|Gliscor, M|
|poke|p1|Garchomp, M|
|poke|p1|Gengar, M|
|poke|p2|Gliscor, F|
|poke|p2|Gholdengo|
|poke|p2|Meowscarada, M|
|poke|p2|Walking Wake|
|poke|p2|Iron Valiant|
|poke|p2|Corviknight, M|
|teampreview
|inactive|Battle timer is ON: inactive players will automatically lose when time's up. (requested by powerhouse308)
|
|t:|1776188438
|teamsize|p1|6
|teamsize|p2|6
|start
|switch|p1a: Gliscor|Gliscor, M|100/100
|switch|p2a: Meowscarada|Meowscarada, M|100/100
|turn|1
|
|t:|1776188455
|move|p2a: Meowscarada|Knock Off|p1a: Gliscor
|-damage|p1a: Gliscor|60/100
|-enditem|p1a: Gliscor|Toxic Orb|[from] move: Knock Off|[of] p2a: Meowscarada
|move|p1a: Gliscor|Spikes|p2a: Meowscarada
|-sidestart|p2: mo_ce04|Spikes
|
|upkeep
|turn|2
|
|t:|1776188464
|move|p2a: Meowscarada|Knock Off|p1a: Gliscor
|-damage|p1a: Gliscor|30/100
|move|p1a: Gliscor|Spikes|p2a: Meowscarada
|-sidestart|p2: mo_ce04|Spikes
|
|upkeep
|turn|3
|
|t:|1776188469
|move|p2a: Meowscarada|Knock Off|p1a: Gliscor
|-damage|p1a: Gliscor|2/100
|move|p1a: Gliscor|Spikes|p2a: Meowscarada
|-sidestart|p2: mo_ce04|Spikes
|
|upkeep
|turn|4
|
|t:|1776188476
|move|p1a: Gliscor|Protect|p1a: Gliscor
|-singleturn|p1a: Gliscor|Protect
|move|p2a: Meowscarada|Knock Off|p1a: Gliscor
|-activate|p1a: Gliscor|move: Protect
|
|upkeep
|turn|5
|
|t:|1776188481
|move|p2a: Meowscarada|Knock Off|p1a: Gliscor
|-damage|p1a: Gliscor|0 fnt
|faint|p1a: Gliscor
|
|upkeep
|
|t:|1776188490
|switch|p1a: Garchomp|Garchomp, M|100/100
|turn|6
|
|t:|1776188499
|switch|p2a: Corviknight|Corviknight, M|100/100
|-ability|p2a: Corviknight|Pressure
|-terastallize|p1a: Garchomp|Dragon
|move|p1a: Garchomp|Swords Dance|p1a: Garchomp
|-boost|p1a: Garchomp|atk|2
|
|upkeep
|turn|7
|
|t:|1776188507
|move|p1a: Garchomp|Swords Dance|p1a: Garchomp
|-boost|p1a: Garchomp|atk|2
|move|p2a: Corviknight|Defog|p1a: Garchomp
|-unboost|p1a: Garchomp|evasion|1
|-sideend|p2: mo_ce04|Spikes|[from] move: Defog|[of] p2a: Corviknight
|
|upkeep
|turn|8
|
|t:|1776188515
|move|p1a: Garchomp|Swords Dance|p1a: Garchomp
|-boost|p1a: Garchomp|atk|2
|move|p2a: Corviknight|U-turn|p1a: Garchomp
|-damage|p1a: Garchomp|85/100
|-damage|p2a: Corviknight|88/100|[from] ability: Rough Skin|[of] p1a: Garchomp
|
|t:|1776188521
|switch|p2a: Iron Valiant|Iron Valiant, shiny|100/100|[from] U-turn
|-enditem|p2a: Iron Valiant|Booster Energy
|-activate|p2a: Iron Valiant|ability: Quark Drive|[fromitem]
|-start|p2a: Iron Valiant|quarkdrivespe
|
|upkeep
|turn|9
|
|t:|1776188533
|move|p2a: Iron Valiant|Spirit Break|p1a: Garchomp
|-supereffective|p1a: Garchomp
|-crit|p1a: Garchomp
|-damage|p1a: Garchomp|0 fnt
|-damage|p2a: Iron Valiant|88/100|[from] ability: Rough Skin|[of] p1a: Garchomp
|faint|p1a: Garchomp
|
|upkeep
|c|☆mo_ce04|lol
|
|t:|1776188539
|switch|p1a: Gengar|Gengar, M|100/100
|turn|10
|c|☆powerhouse308|if only lol
|
|t:|1776188550
|-end|p2a: Iron Valiant|Quark Drive|[silent]
|switch|p2a: Corviknight|Corviknight, M|88/100
|-ability|p2a: Corviknight|Pressure
|move|p1a: Gengar|Nasty Plot|p1a: Gengar
|-boost|p1a: Gengar|spa|2
|
|upkeep
|turn|11
|
|t:|1776188557
|move|p1a: Gengar|Focus Blast|p2a: Corviknight
|-crit|p2a: Corviknight
|-damage|p2a: Corviknight|0 fnt
|faint|p2a: Corviknight
|
|upkeep
|
|t:|1776188568
|switch|p2a: Walking Wake|Walking Wake|100/100
|turn|12
|
|t:|1776188576
|move|p1a: Gengar|Nasty Plot|p1a: Gengar
|-boost|p1a: Gengar|spa|2
|move|p2a: Walking Wake|Draco Meteor|p1a: Gengar|[miss]
|-miss|p2a: Walking Wake|p1a: Gengar
|
|upkeep
|turn|13
|c|☆mo_ce04|i hate u
|
|t:|1776188586
|move|p1a: Gengar|Sludge Bomb|p2a: Walking Wake
|-damage|p2a: Walking Wake|0 fnt
|faint|p2a: Walking Wake
|-end|p2a: Walking Wake|Protosynthesis|[silent]
|
|upkeep
|c|☆powerhouse308|sorry lol
|c|☆mo_ce04|not u walking wake
|c|☆mo_ce04|always missing that dang move
|inactive|mo_ce04 has 120 seconds left.
|
|t:|1776188617
|switch|p2a: Gliscor|Gliscor, F|100/100
|turn|14
|inactive|mo_ce04 has 120 seconds left.
|c|☆powerhouse308|u should just use dragon claw ngl
|
|t:|1776188630
|move|p2a: Gliscor|Protect|p2a: Gliscor
|-singleturn|p2a: Gliscor|Protect
|move|p1a: Gengar|Focus Blast|p2a: Gliscor
|-activate|p2a: Gliscor|move: Protect
|
|-status|p2a: Gliscor|tox|[from] item: Toxic Orb
|upkeep
|turn|15
|c|☆mo_ce04|its a sp atck
|inactive|mo_ce04 has 120 seconds left.
|c|☆mo_ce04|pretty pointless
|
|t:|1776188644
|-terastallize|p2a: Gliscor|Water
|move|p1a: Gengar|Focus Blast|p2a: Gliscor
|-damage|p2a: Gliscor|0 fnt
|faint|p2a: Gliscor
|
|upkeep
|c|☆powerhouse308|oooh
|c|☆powerhouse308|right
|inactive|mo_ce04 has 120 seconds left.
|c|☆mo_ce04|oh ffs
|
|t:|1776188656
|switch|p2a: Iron Valiant|Iron Valiant, shiny|88/100
|turn|16
|inactive|mo_ce04 has 120 seconds left.
|
|t:|1776188663
|move|p2a: Iron Valiant|Ice Punch|p1a: Gengar
|-damage|p1a: Gengar|48/100
|-start|p2a: Iron Valiant|Disable|Ice Punch|[from] ability: Cursed Body|[of] p1a: Gengar
|move|p1a: Gengar|Sludge Bomb|p2a: Iron Valiant
|-supereffective|p2a: Iron Valiant
|-damage|p2a: Iron Valiant|0 fnt
|faint|p2a: Iron Valiant
|-end|p2a: Iron Valiant|Quark Drive|[silent]
|
|upkeep
|inactive|mo_ce04 has 120 seconds left.
|
|t:|1776188672
|switch|p2a: Meowscarada|Meowscarada, M|100/100
|turn|17
|
|t:|1776188676
|move|p2a: Meowscarada|Knock Off|p1a: Gengar
|-supereffective|p1a: Gengar
|-damage|p1a: Gengar|0 fnt
|-enditem|p1a: Gengar|Focus Sash|[from] move: Knock Off|[of] p2a: Meowscarada
|faint|p1a: Gengar
|
|upkeep
|c|☆mo_ce04|finally
|c|☆powerhouse308|finally
|
|t:|1776188683
|switch|p1a: Skeledirge|Skeledirge, F|100/100
|turn|18
|c|☆mo_ce04|shouldve saved my tera
|
|t:|1776188698
|move|p2a: Meowscarada|Knock Off|p1a: Skeledirge
|-supereffective|p1a: Skeledirge
|-damage|p1a: Skeledirge|0 fnt
|-enditem|p1a: Skeledirge|Heavy-Duty Boots|[from] move: Knock Off|[of] p2a: Meowscarada
|faint|p1a: Skeledirge
|
|upkeep
|c|☆powerhouse308|same
|
|t:|1776188704
|switch|p1a: Iron Valiant|Iron Valiant, shiny|100/100
|-enditem|p1a: Iron Valiant|Booster Energy
|-activate|p1a: Iron Valiant|ability: Quark Drive|[fromitem]
|-start|p1a: Iron Valiant|quarkdrivespe
|turn|19
|c|☆mo_ce04|thank go
|
|t:|1776188713
|switch|p2a: Gholdengo|Gholdengo|100/100
|-item|p2a: Gholdengo|Air Balloon
|move|p1a: Iron Valiant|Poison Jab|p2a: Gholdengo
|-immune|p2a: Gholdengo
|
|upkeep
|turn|20
|c|☆powerhouse308|YOU KNEW
|c|☆powerhouse308|W play
|
|t:|1776188728
|move|p1a: Iron Valiant|Knock Off|p2a: Gholdengo
|-supereffective|p2a: Gholdengo
|-damage|p2a: Gholdengo|19/100
|-enditem|p2a: Gholdengo|Air Balloon
|move|p2a: Gholdengo|Make It Rain|p1a: Iron Valiant
|-supereffective|p1a: Iron Valiant
|-damage|p1a: Iron Valiant|0 fnt
|-unboost|p2a: Gholdengo|spa|1
|faint|p1a: Iron Valiant
|-end|p1a: Iron Valiant|Quark Drive|[silent]
|
|upkeep
|c|☆mo_ce04|ive seen enough valiant sets
|
|t:|1776188737
|switch|p1a: Primarina|Primarina, F|100/100
|turn|21
|
|t:|1776188744
|move|p2a: Gholdengo|Make It Rain|p1a: Primarina
|-damage|p1a: Primarina|68/100
|-unboost|p2a: Gholdengo|spa|1
|move|p1a: Primarina|Sparkling Aria|p2a: Gholdengo
|-crit|p2a: Gholdengo
|-damage|p2a: Gholdengo|0 fnt
|faint|p2a: Gholdengo
|
|-heal|p1a: Primarina|74/100|[from] item: Leftovers
|upkeep
|
|t:|1776188754
|switch|p2a: Meowscarada|Meowscarada, M|100/100
|turn|22
|c|☆powerhouse308|ok I can lock in
|c|☆mo_ce04|last mons
|c|☆mo_ce04|this might be it
|c|☆mo_ce04|whatever the outcome
|c|☆mo_ce04|well played brother
|
|t:|1776188776
|move|p2a: Meowscarada|Flower Trick|p1a: Primarina
|-supereffective|p1a: Primarina
|-crit|p1a: Primarina
|-damage|p1a: Primarina|0 fnt
|faint|p1a: Primarina
|
|win|mo_ce04
|raw|powerhouse308's rating: 1123 &rarr; <strong>1098</strong><br />(-25 for losing)
|raw|mo_ce04's rating: 1127 &rarr; <strong>1152</strong><br />(+25 for winning)
|c|☆powerhouse308|same to yiu
|c|☆powerhouse308|aw
|c|☆powerhouse308|gg
|c|☆mo_ce04|gg brother
