|html|<div class="broadcast-blue"><strong>[Gen 9] OU is currently suspecting Tera Blast! For information on how to participate check out the <a href="https://www.smogon.com/tools/suspects/view/200">suspect thread</a>.</strong></div>
|j|☆Pcx211
|j|☆Porch401
|t:|1776053673
|gametype|singles
|player|p1|Pcx211|169|1058
|player|p2|Porch401|rosa|1095
|gen|9
|tier|[Gen 9] OU
|rated|
|rule|HP Percentage Mod: HP is shown in percentages
|rule|Endless Battle Clause: Forcing endless battles is banned
|rule|Species Clause: Limit one of each Pokémon
|rule|OHKO Clause: OHKO moves are banned
|rule|Evasion Items Clause: Evasion items are banned
|rule|Evasion Moves Clause: Evasion moves are banned
|rule|Evasion Abilities Clause: Evasion abilities are banned
|rule|Sleep Moves Clause: Sleep-inducing moves are banned
|clearpoke
|poke|p1|Latios, M|
|poke|p1|Kyurem|
|poke|p1|Great Tusk|
|poke|p1|Iron Valiant|
|poke|p1|Gholdengo|
|poke|p1|Cinderace, M|
|poke|p2|Darkrai|
|poke|p2|Moltres|
|poke|p2|Dragapult, M|
|poke|p2|Walking Wake|
|poke|p2|Gliscor, M|
|poke|p2|Iron Valiant|
|teampreview
|
|t:|1776053690
|teamsize|p1|6
|teamsize|p2|6
|start
|switch|p1a: Great Tusk|Great Tusk|100/100
|switch|p2a: Pelgo|Moltres|100/100
|turn|1
|
|t:|1776053702
|move|p1a: Great Tusk|Rapid Spin|p2a: Pelgo
|-damage|p2a: Pelgo|90/100
|-boost|p1a: Great Tusk|spe|1
|move|p2a: Pelgo|Flamethrower|p1a: Great Tusk
|-damage|p1a: Great Tusk|51/100
|
|-heal|p1a: Great Tusk|58/100|[from] item: Leftovers
|upkeep
|turn|2
|
|t:|1776053714
|-end|p1a: Great Tusk|Protosynthesis|[silent]
|switch|p1a: Latios|Latios, M|100/100
|move|p2a: Pelgo|Flamethrower|p1a: Latios
|-resisted|p1a: Latios
|-damage|p1a: Latios|83/100
|
|upkeep
|turn|3
|
|t:|1776053729
|move|p1a: Latios|Psychic|p2a: Pelgo
|-damage|p2a: Pelgo|25/100
|move|p2a: Pelgo|Hurricane|p1a: Latios
|-damage|p1a: Latios|43/100
|
|upkeep
|turn|4
|
|t:|1776053736
|move|p1a: Latios|Psychic|p2a: Pelgo
|-damage|p2a: Pelgo|0 fnt
|faint|p2a: Pelgo
|
|upkeep
|
|t:|1776053760
|switch|p2a: Welamom|Walking Wake|100/100
|turn|5
|
|t:|1776053769
|move|p2a: Welamom|Draco Meteor|p1a: Latios
|-supereffective|p1a: Latios
|-crit|p1a: Latios
|-damage|p1a: Latios|0 fnt
|-unboost|p2a: Welamom|spa|2
|faint|p1a: Latios
|
|upkeep
|
|t:|1776053778
|switch|p1a: Gholdengo|Gholdengo, shiny|100/100
|turn|6
|
|t:|1776053787
|move|p2a: Welamom|Draco Meteor|p1a: Gholdengo
|-resisted|p1a: Gholdengo
|-damage|p1a: Gholdengo|76/100
|-unboost|p2a: Welamom|spa|2
|move|p1a: Gholdengo|Trick|p2a: Welamom
|-activate|p1a: Gholdengo|move: Trick|[of] p2a: Welamom
|-item|p2a: Welamom|Choice Scarf|[from] move: Trick
|-item|p1a: Gholdengo|Choice Specs|[from] move: Trick
|
|upkeep
|turn|7
|
|t:|1776053799
|-end|p2a: Welamom|Protosynthesis|[silent]
|switch|p2a: Irokave|Iron Valiant|100/100
|-enditem|p2a: Irokave|Booster Energy
|-activate|p2a: Irokave|ability: Quark Drive|[fromitem]
|-start|p2a: Irokave|quarkdriveatk
|move|p1a: Gholdengo|Shadow Ball|p2a: Irokave
|-damage|p2a: Irokave|0 fnt
|faint|p2a: Irokave
|-end|p2a: Irokave|Quark Drive|[silent]
|
|upkeep
|
|t:|1776053810
|switch|p2a: Kagora|Dragapult, M|100/100
|turn|8
|
|t:|1776053815
|move|p2a: Kagora|Flamethrower|p1a: Gholdengo
|-supereffective|p1a: Gholdengo
|-damage|p1a: Gholdengo|0 fnt
|faint|p1a: Gholdengo
|
|upkeep
|
|t:|1776053822
|switch|p1a: Cinderace|Cinderace, M|100/100
|turn|9
|
|t:|1776053832
|switch|p2a: Welamom|Walking Wake|100/100
|move|p1a: Cinderace|Court Change||[still]
|-start|p1a: Cinderace|typechange|Normal|[from] ability: Libero
|-fail|p1a: Cinderace
|
|upkeep
|turn|10
|
|t:|1776053846
|switch|p1a: Iron Valiant|Iron Valiant|100/100
|-enditem|p1a: Iron Valiant|Booster Energy
|-activate|p1a: Iron Valiant|ability: Quark Drive|[fromitem]
|-start|p1a: Iron Valiant|quarkdriveatk
|move|p2a: Welamom|Draco Meteor|p1a: Iron Valiant
|-immune|p1a: Iron Valiant
|
|upkeep
|turn|11
|
|t:|1776053858
|-end|p2a: Welamom|Protosynthesis|[silent]
|switch|p2a: Hexsre|Darkrai, shiny|100/100
|move|p1a: Iron Valiant|Moonblast|p2a: Hexsre
|-supereffective|p2a: Hexsre
|-enditem|p2a: Hexsre|Focus Sash
|-damage|p2a: Hexsre|1/100
|-unboost|p2a: Hexsre|spa|1
|
|upkeep
|turn|12
|
|t:|1776053877
|-terastallize|p1a: Iron Valiant|Fairy
|move|p2a: Hexsre|Thunder|p1a: Iron Valiant
|-damage|p1a: Iron Valiant|59/100
|move|p1a: Iron Valiant|Moonblast|p2a: Hexsre
|-supereffective|p2a: Hexsre
|-damage|p2a: Hexsre|0 fnt
|faint|p2a: Hexsre
|
|upkeep
|
|t:|1776053889
|switch|p2a: Jutis|Gliscor, M, shiny|100/100
|turn|13
|
|t:|1776053894
|move|p1a: Iron Valiant|Moonblast|p2a: Jutis
|-damage|p2a: Jutis|31/100
|-unboost|p2a: Jutis|spa|1
|move|p2a: Jutis|Earthquake|p1a: Iron Valiant
|-damage|p1a: Iron Valiant|24/100
|
|-status|p2a: Jutis|tox|[from] item: Toxic Orb
|upkeep
|turn|14
|
|t:|1776053908
|move|p1a: Iron Valiant|Moonblast|p2a: Jutis
|-damage|p2a: Jutis|0 fnt
|faint|p2a: Jutis
|
|upkeep
|
|t:|1776053914
|switch|p2a: Kagora|Dragapult, M|100/100
|turn|15
|
|t:|1776053923
|move|p2a: Kagora|Shadow Ball|p1a: Iron Valiant
|-damage|p1a: Iron Valiant|0 fnt
|faint|p1a: Iron Valiant
|-end|p1a: Iron Valiant|Quark Drive|[silent]
|
|upkeep
|
|t:|1776053930
|switch|p1a: Great Tusk|Great Tusk|58/100
|turn|16
|
|t:|1776053938
|move|p2a: Kagora|Shadow Ball|p1a: Great Tusk
|-damage|p1a: Great Tusk|0 fnt
|faint|p1a: Great Tusk
|-end|p1a: Great Tusk|Protosynthesis|[silent]
|
|upkeep
|
|t:|1776053943
|switch|p1a: Kyurem|Kyurem, shiny|100/100
|-ability|p1a: Kyurem|Pressure
|turn|17
|
|t:|1776053948
|move|p2a: Kagora|Shadow Ball|p1a: Kyurem
|-damage|p1a: Kyurem|52/100
|move|p1a: Kyurem|Ice Beam|p2a: Kagora
|-supereffective|p2a: Kagora
|-damage|p2a: Kagora|8/100
|
|upkeep
|turn|18
|
|t:|1776053957
|move|p2a: Kagora|Shadow Ball|p1a: Kyurem
|-damage|p1a: Kyurem|1/100
|move|p1a: Kyurem|Ice Beam|p2a: Kagora
|-supereffective|p2a: Kagora
|-damage|p2a: Kagora|0 fnt
|faint|p2a: Kagora
|
|upkeep
|
|t:|1776053967
|switch|p2a: Welamom|Walking Wake|100/100
|turn|19
|
|t:|1776053971
|-terastallize|p2a: Welamom|Water
|move|p2a: Welamom|Hydro Steam|p1a: Kyurem
|-resisted|p1a: Kyurem
|-damage|p1a: Kyurem|0 fnt
|faint|p1a: Kyurem
|
|upkeep
|
|t:|1776053977
|switch|p1a: Cinderace|Cinderace, M|100/100
|turn|20
|
|t:|1776053984
|move|p2a: Welamom|Hydro Steam|p1a: Cinderace
|-supereffective|p1a: Cinderace
|-damage|p1a: Cinderace|0 fnt
|faint|p1a: Cinderace
|
|win|Porch401
|raw|Pcx211's rating: 1058 &rarr; <strong>1041</strong><br />(-17 for losing)
|raw|Porch401's rating: 1095 &rarr; <strong>1118</strong><br />(+23 for winning)
|l|☆Porch401
|player|p2|
