|html|<div class="broadcast-blue"><strong>[Gen 9] OU is currently suspecting Tera Blast! For information on how to participate check out the <a href="https://www.smogon.com/tools/suspects/view/200">suspect thread</a>.</strong></div>
|j|☆beardog001
|j|☆joting
|t:|1776044634
|gametype|singles
|player|p1|beardog001|102|1205
|player|p2|joting|102|1219
|gen|9
|tier|[Gen 9] OU
|rated|
|rule|HP Percentage Mod: HP is shown in percentages
|rule|Endless Battle Clause: Forcing endless battles is banned
|rule|Species Clause: Limit one of each Pokémon
|rule|OHKO Clause: OHKO moves are banned
|rule|Evasion Items Clause: Evasion items are banned
|rule|Evasion Moves Clause: Evasion moves are banned
|rule|Evasion Abilities Clause: Evasion abilities are banned
|rule|Sleep Moves Clause: Sleep-inducing moves are banned
|clearpoke
|poke|p1|Pelipper, F|
|poke|p1|Floatzel, F|
|poke|p1|Meowscarada, M|
|poke|p1|Kyurem|
|poke|p1|Great Tusk|
|poke|p1|Basculegion, M|
|poke|p2|Garganacl, F|
|poke|p2|Darkrai|
|poke|p2|Great Tusk|
|poke|p2|Hatterene, F|
|poke|p2|Tornadus-Therian, M|
|poke|p2|Dragonite, M|
|teampreview
|inactive|Battle timer is ON: inactive players will automatically lose when time's up. (requested by joting)
|inactive|beardog001 has 120 seconds left.
|
|t:|1776044680
|teamsize|p1|6
|teamsize|p2|6
|start
|switch|p1a: Meowscarada|Meowscarada, M|100/100
|switch|p2a: Dragonite|Dragonite, M|100/100
|turn|1
|
|t:|1776044685
|move|p1a: Meowscarada|Triple Axel|p2a: Dragonite|[miss]
|-start|p1a: Meowscarada|typechange|Ice|[from] ability: Protean
|-miss|p1a: Meowscarada|p2a: Dragonite
|move|p2a: Dragonite|Dragon Dance|p2a: Dragonite
|-boost|p2a: Dragonite|atk|1
|-boost|p2a: Dragonite|spe|1
|
|upkeep
|turn|2
|
|t:|1776044689
|move|p1a: Meowscarada|Triple Axel|p2a: Dragonite
|-supereffective|p2a: Dragonite
|-damage|p2a: Dragonite|82/100
|-supereffective|p2a: Dragonite
|-damage|p2a: Dragonite|6/100
|-supereffective|p2a: Dragonite
|-damage|p2a: Dragonite|0 fnt
|faint|p2a: Dragonite
|-hitcount|p2: Dragonite|3
|
|upkeep
|
|t:|1776044695
|switch|p2a: Darkrai|Darkrai|100/100
|turn|3
|inactive|beardog001 has 120 seconds left.
|
|t:|1776044733
|switch|p1a: Pelipper|Pelipper, F|100/100
|-weather|RainDance|[from] ability: Drizzle|[of] p1a: Pelipper
|move|p2a: Darkrai|Dark Pulse|p1a: Pelipper
|-damage|p1a: Pelipper|7/100
|
|-weather|RainDance|[upkeep]
|upkeep
|turn|4
|
|t:|1776044739
|move|p2a: Darkrai|Dark Pulse|p1a: Pelipper
|-damage|p1a: Pelipper|0 fnt
|faint|p1a: Pelipper
|
|-weather|RainDance|[upkeep]
|upkeep
|
|t:|1776044743
|switch|p1a: Floatzel|Floatzel, F|100/100
|turn|5
|
|t:|1776044749
|switch|p2a: Hatterene|Hatterene, F|100/100
|-terastallize|p1a: Floatzel|Water
|move|p1a: Floatzel|Wave Crash|p2a: Hatterene
|-damage|p2a: Hatterene|0 fnt
|-damage|p1a: Floatzel|84/100|[from] item: Rocky Helmet|[of] p2a: Hatterene
|faint|p2a: Hatterene
|-damage|p1a: Floatzel|51/100|[from] Recoil
|
|-weather|RainDance|[upkeep]
|upkeep
|
|t:|1776044754
|switch|p2a: Tornadus|Tornadus-Therian, M, shiny|100/100
|turn|6
|
|t:|1776044756
|move|p1a: Floatzel|Wave Crash|p2a: Tornadus
|-damage|p2a: Tornadus|0 fnt
|faint|p2a: Tornadus
|-damage|p1a: Floatzel|14/100|[from] Recoil
|
|-weather|RainDance|[upkeep]
|upkeep
|
|t:|1776044761
|switch|p2a: Garganacl|Garganacl, F|100/100
|turn|7
|
|t:|1776044764
|move|p2a: Garganacl|Protect|p2a: Garganacl
|-singleturn|p2a: Garganacl|Protect
|move|p1a: Floatzel|Wave Crash|p2a: Garganacl
|-activate|p2a: Garganacl|move: Protect
|
|-weather|RainDance|[upkeep]
|upkeep
|turn|8
|
|t:|1776044768
|-terastallize|p2a: Garganacl|Water
|move|p1a: Floatzel|Wave Crash|p2a: Garganacl
|-resisted|p2a: Garganacl
|-damage|p2a: Garganacl|44/100
|-damage|p1a: Floatzel|0 fnt|[from] Recoil
|faint|p1a: Floatzel
|move|p2a: Garganacl|Recover|p2a: Garganacl
|-heal|p2a: Garganacl|94/100
|
|-weather|RainDance|[upkeep]
|-heal|p2a: Garganacl|99/100|[from] item: Leftovers
|upkeep
|
|t:|1776044774
|switch|p1a: Kyurem|Kyurem|100/100
|-ability|p1a: Kyurem|Pressure
|turn|9
|
|t:|1776044776
|move|p1a: Kyurem|Freeze-Dry|p2a: Garganacl
|-supereffective|p2a: Garganacl
|-damage|p2a: Garganacl|53/100
|move|p2a: Garganacl|Salt Cure|p1a: Kyurem
|-supereffective|p1a: Kyurem
|-damage|p1a: Kyurem|76/100
|-start|p1a: Kyurem|Salt Cure
|
|-weather|RainDance|[upkeep]
|-heal|p2a: Garganacl|60/100|[from] item: Leftovers
|-damage|p1a: Kyurem|64/100|[from] Salt Cure
|upkeep
|turn|10
|
|t:|1776044784
|move|p2a: Garganacl|Protect|p2a: Garganacl
|-singleturn|p2a: Garganacl|Protect
|move|p1a: Kyurem|Freeze-Dry|p2a: Garganacl
|-activate|p2a: Garganacl|move: Protect
|
|-weather|none
|-heal|p2a: Garganacl|66/100|[from] item: Leftovers
|-damage|p1a: Kyurem|51/100|[from] Salt Cure
|upkeep
|turn|11
|
|t:|1776044789
|move|p1a: Kyurem|Freeze-Dry|p2a: Garganacl
|-supereffective|p2a: Garganacl
|-damage|p2a: Garganacl|12/100
|move|p2a: Garganacl|Recover|p2a: Garganacl
|-heal|p2a: Garganacl|62/100
|
|-heal|p2a: Garganacl|69/100|[from] item: Leftovers
|-damage|p1a: Kyurem|39/100|[from] Salt Cure
|upkeep
|turn|12
|
|t:|1776044796
|move|p2a: Garganacl|Protect|p2a: Garganacl
|-singleturn|p2a: Garganacl|Protect
|move|p1a: Kyurem|Freeze-Dry|p2a: Garganacl
|-activate|p2a: Garganacl|move: Protect
|
|-heal|p2a: Garganacl|75/100|[from] item: Leftovers
|-damage|p1a: Kyurem|26/100|[from] Salt Cure
|upkeep
|turn|13
|
|t:|1776044801
|move|p1a: Kyurem|Freeze-Dry|p2a: Garganacl
|-supereffective|p2a: Garganacl
|-damage|p2a: Garganacl|29/100
|move|p2a: Garganacl|Recover|p2a: Garganacl
|-heal|p2a: Garganacl|79/100
|
|-heal|p2a: Garganacl|85/100|[from] item: Leftovers
|-damage|p1a: Kyurem|14/100|[from] Salt Cure
|upkeep
|turn|14
|
|t:|1776044805
|move|p2a: Garganacl|Protect|p2a: Garganacl
|-singleturn|p2a: Garganacl|Protect
|move|p1a: Kyurem|Freeze-Dry|p2a: Garganacl
|-activate|p2a: Garganacl|move: Protect
|
|-heal|p2a: Garganacl|91/100|[from] item: Leftovers
|-damage|p1a: Kyurem|1/100|[from] Salt Cure
|upkeep
|turn|15
|
|t:|1776044809
|move|p1a: Kyurem|Freeze-Dry|p2a: Garganacl
|-supereffective|p2a: Garganacl
|-damage|p2a: Garganacl|37/100
|move|p2a: Garganacl|Recover|p2a: Garganacl
|-heal|p2a: Garganacl|87/100
|
|-heal|p2a: Garganacl|93/100|[from] item: Leftovers
|-damage|p1a: Kyurem|0 fnt|[from] Salt Cure
|faint|p1a: Kyurem
|upkeep
|
|t:|1776044815
|switch|p1a: Meowscarada|Meowscarada, M|100/100
|turn|16
|
|t:|1776044818
|switch|p2a: Darkrai|Darkrai|100/100
|move|p1a: Meowscarada|Flower Trick|p2a: Darkrai
|-start|p1a: Meowscarada|typechange|Grass|[from] ability: Protean
|-crit|p2a: Darkrai
|-damage|p2a: Darkrai|32/100
|
|upkeep
|turn|17
|
|t:|1776044824
|move|p1a: Meowscarada|Flower Trick|p2a: Darkrai
|-crit|p2a: Darkrai
|-damage|p2a: Darkrai|0 fnt
|faint|p2a: Darkrai
|
|upkeep
|-message|joting forfeited.
|
|win|beardog001
|raw|beardog001's rating: 1205 &rarr; <strong>1231</strong><br />(+26 for winning)
|raw|joting's rating: 1219 &rarr; <strong>1193</strong><br />(-26 for losing)
|l|☆joting
|player|p2|
|l|☆beardog001
|player|p1|
