|html|<div class="broadcast-blue"><strong>[Gen 9] OU is currently suspecting Tera Blast! For information on how to participate check out the <a href="https://www.smogon.com/tools/suspects/view/200">suspect thread</a>.</strong></div>
|j|☆jadenyng
|j|☆magistermilitum420
|t:|1776114168
|gametype|singles
|player|p1|jadenyng|brawly|1240
|player|p2|magistermilitum420|blue|1238
|gen|9
|tier|[Gen 9] OU
|rated|
|rule|HP Percentage Mod: HP is shown in percentages
|rule|Endless Battle Clause: Forcing endless battles is banned
|rule|Species Clause: Limit one of each Pokémon
|rule|OHKO Clause: OHKO moves are banned
|rule|Evasion Items Clause: Evasion items are banned
|rule|Evasion Moves Clause: Evasion moves are banned
|rule|Evasion Abilities Clause: Evasion abilities are banned
|rule|Sleep Moves Clause: Sleep-inducing moves are banned
|clearpoke
|poke|p1|Tornadus, M|
|poke|p1|Toxtricity, M|
|poke|p1|Iron Valiant|
|poke|p1|Arcanine-Hisui, M|
|poke|p1|Brambleghast, M|
|poke|p1|Hydreigon, M|
|poke|p2|Meowscarada, F|
|poke|p2|Great Tusk|
|poke|p2|Alomomola, F|
|poke|p2|Slowking-Galar, M|
|poke|p2|Dragonite, M|
|poke|p2|Heatran, M|
|teampreview
|
|t:|1776114180
|teamsize|p1|6
|teamsize|p2|6
|start
|switch|p1a: Tornadus|Tornadus, M, shiny|100/100
|switch|p2a: Mithridates|Slowking-Galar, M|100/100
|turn|1
|inactive|Battle timer is ON: inactive players will automatically lose when time's up. (requested by jadenyng)
|
|t:|1776114190
|move|p1a: Tornadus|Taunt|p2a: Mithridates
|-start|p2a: Mithridates|move: Taunt
|move|p2a: Mithridates|Sludge Bomb|p1a: Tornadus
|-damage|p1a: Tornadus|41/100
|-enditem|p1a: Tornadus|Eject Button
|
|t:|1776114199
|switch|p1a: Arcanine|Arcanine-Hisui, M, shiny|100/100
|
|upkeep
|turn|2
|
|t:|1776114206
|switch|p2a: Charybdis|Alomomola, F, shiny|100/100
|move|p1a: Arcanine|Flare Blitz|p2a: Charybdis
|-resisted|p2a: Charybdis
|-damage|p2a: Charybdis|79/100
|
|upkeep
|turn|3
|
|t:|1776114213
|switch|p1a: Tornadus|Tornadus, M, shiny|41/100
|move|p2a: Charybdis|Scald|p1a: Tornadus
|-damage|p1a: Tornadus|23/100
|
|upkeep
|turn|4
|
|t:|1776114231
|move|p1a: Tornadus|Tailwind|p1a: Tornadus
|-sidestart|p1: jadenyng|move: Tailwind
|move|p2a: Charybdis|Flip Turn|p1a: Tornadus
|-damage|p1a: Tornadus|0 fnt
|faint|p1a: Tornadus
|
|t:|1776114249
|switch|p2a: Barca|Great Tusk|100/100|[from] Flip Turn
|
|upkeep
|
|t:|1776114265
|switch|p1a: Toxtricity|Toxtricity, M, shiny|100/100
|turn|5
|
|t:|1776114279
|-terastallize|p1a: Toxtricity|Normal
|move|p1a: Toxtricity|Boomburst|p2a: Barca
|-crit|p2a: Barca
|-damage|p2a: Barca|0 fnt
|faint|p2a: Barca
|-end|p2a: Barca|Protosynthesis|[silent]
|
|upkeep
|
|t:|1776114285
|switch|p2a: Charybdis|Alomomola, F, shiny|100/100
|turn|6
|
|t:|1776114289
|-terastallize|p2a: Charybdis|Ghost
|move|p1a: Toxtricity|Boomburst|p2a: Charybdis
|-immune|p2a: Charybdis
|move|p2a: Charybdis|Scald|p1a: Toxtricity
|-crit|p1a: Toxtricity
|-damage|p1a: Toxtricity|66/100
|
|upkeep
|turn|7
|
|t:|1776114303
|switch|p1a: Hydreigon|Hydreigon, M, shiny|100/100
|switch|p2a: Mahad|Meowscarada, F, shiny|100/100
|
|-sideend|p1: jadenyng|move: Tailwind
|upkeep
|turn|8
|
|t:|1776114311
|switch|p1a: Arcanine|Arcanine-Hisui, M, shiny|100/100
|move|p2a: Mahad|U-turn|p1a: Arcanine
|-start|p2a: Mahad|typechange|Bug|[from] ability: Protean
|-resisted|p1a: Arcanine
|-damage|p1a: Arcanine|79/100
|
|t:|1776114323
|switch|p2a: Charybdis|Alomomola, F, shiny, tera:Ghost|100/100|[from] U-turn
|
|upkeep
|turn|9
|
|t:|1776114341
|move|p1a: Arcanine|Head Smash|p2a: Charybdis|[miss]
|-miss|p1a: Arcanine|p2a: Charybdis
|move|p2a: Charybdis|Scald|p1a: Arcanine
|-supereffective|p1a: Arcanine
|-damage|p1a: Arcanine|17/100
|
|upkeep
|turn|10
|
|t:|1776114352
|move|p1a: Arcanine|Head Smash|p2a: Charybdis|[miss]
|-miss|p1a: Arcanine|p2a: Charybdis
|move|p2a: Charybdis|Flip Turn|p1a: Arcanine
|-supereffective|p1a: Arcanine
|-damage|p1a: Arcanine|0 fnt
|faint|p1a: Arcanine
|
|t:|1776114361
|switch|p2a: Mahad|Meowscarada, F, shiny|100/100|[from] Flip Turn
|
|upkeep
|
|t:|1776114366
|switch|p1a: Iron Valiant|Iron Valiant, shiny|100/100
|turn|11
|
|t:|1776114371
|move|p1a: Iron Valiant|Vacuum Wave|p2a: Mahad
|-supereffective|p2a: Mahad
|-damage|p2a: Mahad|6/100
|move|p2a: Mahad|U-turn|p1a: Iron Valiant
|-start|p2a: Mahad|typechange|Bug|[from] ability: Protean
|-resisted|p1a: Iron Valiant
|-damage|p1a: Iron Valiant|90/100
|
|t:|1776114377
|switch|p2a: Mithridates|Slowking-Galar, M|100/100|[from] U-turn
|
|upkeep
|turn|12
|inactive|jadenyng has 120 seconds left.
|inactive|jadenyng has 90 seconds left.
|inactive|jadenyng has 60 seconds left.
|inactive|jadenyng has 30 seconds left.
|-message|jadenyng forfeited.
|
|win|magistermilitum420
|raw|jadenyng's rating: 1240 &rarr; <strong>1215</strong><br />(-25 for losing)
|raw|magistermilitum420's rating: 1238 &rarr; <strong>1263</strong><br />(+25 for winning)
|l|☆jadenyng
|player|p1|
