|html|<div class="broadcast-blue"><strong>[Gen 9] OU is currently suspecting Tera Blast! For information on how to participate check out the <a href="https://www.smogon.com/tools/suspects/view/200">suspect thread</a>.</strong></div>
|j|☆DonovanIsNotHere
|j|☆mrbutter100
|t:|1776316424
|gametype|singles
|player|p1|DonovanIsNotHere|170|1328
|player|p2|mrbutter100|colress|1315
|gen|9
|tier|[Gen 9] OU
|rated|
|rule|HP Percentage Mod: HP is shown in percentages
|rule|Endless Battle Clause: Forcing endless battles is banned
|rule|Species Clause: Limit one of each Pokémon
|rule|OHKO Clause: OHKO moves are banned
|rule|Evasion Items Clause: Evasion items are banned
|rule|Evasion Moves Clause: Evasion moves are banned
|rule|Evasion Abilities Clause: Evasion abilities are banned
|rule|Sleep Moves Clause: Sleep-inducing moves are banned
|clearpoke
|poke|p1|Venusaur, F|
|poke|p1|Magnezone|
|poke|p1|Samurott-Hisui, F|
|poke|p1|Pecharunt|
|poke|p1|Iron Crown|
|poke|p1|Corviknight, F|
|poke|p2|Ting-Lu|
|poke|p2|Slowking-Galar, M|
|poke|p2|Glimmora, M|
|poke|p2|Corviknight, M|
|poke|p2|Skeledirge, M|
|poke|p2|Dragapult, M|
|teampreview
|
|t:|1776316456
|teamsize|p1|6
|teamsize|p2|6
|start
|switch|p1a: Flytrap|Venusaur, F|100/100
|switch|p2a: Ting-Lu|Ting-Lu|100/100
|-ability|p2a: Ting-Lu|Vessel of Ruin
|turn|1
|
|t:|1776316463
|move|p1a: Flytrap|Giga Drain|p2a: Ting-Lu
|-supereffective|p2a: Ting-Lu
|-damage|p2a: Ting-Lu|77/100
|move|p2a: Ting-Lu|Whirlwind|p1a: Flytrap
|drag|p1a: King Slayer|Samurott-Hisui, F|100/100
|
|-heal|p2a: Ting-Lu|83/100|[from] item: Leftovers
|upkeep
|turn|2
|
|t:|1776316479
|switch|p2a: Corviknight|Corviknight, M|100/100
|-ability|p2a: Corviknight|Pressure
|move|p1a: King Slayer|Ceaseless Edge|p2a: Corviknight|[miss]
|-miss|p1a: King Slayer|p2a: Corviknight
|
|upkeep
|turn|3
|
|t:|1776316493
|switch|p1a: Bird Trap|Magnezone|100/100
|move|p2a: Corviknight|Brave Bird|p1a: Bird Trap
|-resisted|p1a: Bird Trap
|-damage|p1a: Bird Trap|91/100
|-damage|p2a: Corviknight|98/100|[from] Recoil
|
|-heal|p2a: Corviknight|100/100|[from] item: Leftovers
|upkeep
|turn|4
|inactive|Battle timer is ON: inactive players will automatically lose when time's up. (requested by DonovanIsNotHere)
|
|t:|1776316510
|move|p1a: Bird Trap|Thunderbolt|p2a: Corviknight
|-supereffective|p2a: Corviknight
|-damage|p2a: Corviknight|0 fnt
|faint|p2a: Corviknight
|
|upkeep
|
|t:|1776316517
|switch|p2a: Ting-Lu|Ting-Lu|83/100
|-ability|p2a: Ting-Lu|Vessel of Ruin
|turn|5
|
|t:|1776316526
|switch|p1a: Corviknight|Corviknight, F|100/100
|-ability|p1a: Corviknight|Pressure
|move|p2a: Ting-Lu|Stealth Rock|p1a: Corviknight
|-sidestart|p1: DonovanIsNotHere|move: Stealth Rock
|
|-heal|p2a: Ting-Lu|90/100|[from] item: Leftovers
|upkeep
|turn|6
|
|t:|1776316543
|switch|p2a: Skeledirge|Skeledirge, M, shiny|100/100
|move|p1a: Corviknight|U-turn|p2a: Skeledirge
|-resisted|p2a: Skeledirge
|-damage|p2a: Skeledirge|98/100
|
|t:|1776316555
|switch|p1a: King Slayer|Samurott-Hisui, F|100/100|[from] U-turn
|-damage|p1a: King Slayer|88/100|[from] Stealth Rock
|
|upkeep
|turn|7
|
|t:|1776316582
|-terastallize|p2a: Skeledirge|Water
|move|p1a: King Slayer|Ceaseless Edge|p2a: Skeledirge
|-damage|p2a: Skeledirge|60/100
|-sidestart|p2: mrbutter100|Spikes
|move|p2a: Skeledirge|Will-O-Wisp|p1a: King Slayer
|-status|p1a: King Slayer|brn
|
|-damage|p1a: King Slayer|82/100 brn|[from] brn
|upkeep
|turn|8
|
|t:|1776316593
|move|p1a: King Slayer|Ceaseless Edge|p2a: Skeledirge
|-damage|p2a: Skeledirge|41/100
|-sidestart|p2: mrbutter100|Spikes
|move|p2a: Skeledirge|Slack Off|p2a: Skeledirge
|-heal|p2a: Skeledirge|91/100
|
|-damage|p1a: King Slayer|76/100 brn|[from] brn
|upkeep
|turn|9
|
|t:|1776316597
|move|p1a: King Slayer|Aqua Cutter|p2a: Skeledirge
|-resisted|p2a: Skeledirge
|-damage|p2a: Skeledirge|82/100
|move|p2a: Skeledirge|Torch Song|p1a: King Slayer
|-resisted|p1a: King Slayer
|-damage|p1a: King Slayer|53/100 brn
|-boost|p2a: Skeledirge|spa|1
|
|-damage|p1a: King Slayer|47/100 brn|[from] brn
|upkeep
|turn|10
|
|t:|1776316600
|move|p1a: King Slayer|Knock Off|p2a: Skeledirge
|-damage|p2a: Skeledirge|63/100
|-enditem|p2a: Skeledirge|Heavy-Duty Boots|[from] move: Knock Off|[of] p1a: King Slayer
|move|p2a: Skeledirge|Torch Song|p1a: King Slayer
|-resisted|p1a: King Slayer
|-damage|p1a: King Slayer|15/100 brn
|-boost|p2a: Skeledirge|spa|1
|
|-damage|p1a: King Slayer|8/100 brn|[from] brn
|upkeep
|turn|11
|
|t:|1776316604
|move|p1a: King Slayer|Ceaseless Edge|p2a: Skeledirge
|-damage|p2a: Skeledirge|41/100
|-sidestart|p2: mrbutter100|Spikes
|move|p2a: Skeledirge|Slack Off|p2a: Skeledirge
|-heal|p2a: Skeledirge|91/100
|
|-damage|p1a: King Slayer|2/100 brn|[from] brn
|upkeep
|turn|12
|
|t:|1776316621
|move|p1a: King Slayer|Ceaseless Edge|p2a: Skeledirge|[miss]
|-miss|p1a: King Slayer|p2a: Skeledirge
|move|p2a: Skeledirge|Torch Song|p1a: King Slayer
|-resisted|p1a: King Slayer
|-damage|p1a: King Slayer|0 fnt
|-boost|p2a: Skeledirge|spa|1
|faint|p1a: King Slayer
|
|upkeep
|
|t:|1776316628
|switch|p1a: Bird Trap|Magnezone|91/100
|-damage|p1a: Bird Trap|85/100|[from] Stealth Rock
|turn|13
|
|t:|1776316642
|switch|p2a: Ting-Lu|Ting-Lu|90/100
|-damage|p2a: Ting-Lu|65/100|[from] Spikes
|-ability|p2a: Ting-Lu|Vessel of Ruin
|move|p1a: Bird Trap|Thunderbolt|p2a: Ting-Lu
|-immune|p2a: Ting-Lu
|
|-heal|p2a: Ting-Lu|71/100|[from] item: Leftovers
|upkeep
|turn|14
|
|t:|1776316656
|switch|p1a: Flytrap|Venusaur, F|100/100
|-damage|p1a: Flytrap|88/100|[from] Stealth Rock
|move|p2a: Ting-Lu|Spikes|p1a: Flytrap
|-sidestart|p1: DonovanIsNotHere|Spikes
|
|-heal|p1a: Flytrap|94/100|[from] item: Leftovers
|-heal|p2a: Ting-Lu|77/100|[from] item: Leftovers
|upkeep
|turn|15
|
|t:|1776316664
|move|p1a: Flytrap|Leech Seed|p2a: Ting-Lu
|-start|p2a: Ting-Lu|move: Leech Seed
|move|p2a: Ting-Lu|Spikes|p1a: Flytrap
|-sidestart|p1: DonovanIsNotHere|Spikes
|
|-heal|p1a: Flytrap|99/100|[from] item: Leftovers
|-heal|p2a: Ting-Lu|83/100|[from] item: Leftovers
|-damage|p2a: Ting-Lu|71/100|[from] Leech Seed|[of] p1a: Flytrap
|-heal|p1a: Flytrap|100/100|[silent]
|upkeep
|turn|16
|
|t:|1776316674
|move|p1a: Flytrap|Giga Drain|p2a: Ting-Lu
|-supereffective|p2a: Ting-Lu
|-damage|p2a: Ting-Lu|47/100
|move|p2a: Ting-Lu|Spikes|p1a: Flytrap
|-sidestart|p1: DonovanIsNotHere|Spikes
|
|-heal|p2a: Ting-Lu|53/100|[from] item: Leftovers
|-damage|p2a: Ting-Lu|41/100|[from] Leech Seed|[of] p1a: Flytrap
|upkeep
|turn|17
|
|t:|1776316680
|switch|p2a: Slowking|Slowking-Galar, M, shiny|100/100
|move|p1a: Flytrap|Leech Seed|p2a: Slowking|[miss]
|-miss|p1a: Flytrap|p2a: Slowking
|
|upkeep
|turn|18
|
|t:|1776316684
|move|p1a: Flytrap|Earth Power|p2a: Slowking
|-supereffective|p2a: Slowking
|-damage|p2a: Slowking|74/100
|move|p2a: Slowking|Future Sight|p1a: Flytrap
|-start|p2a: Slowking|move: Future Sight
|
|upkeep
|turn|19
|
|t:|1776316692
|move|p1a: Flytrap|Worry Seed|p2a: Slowking
|-ability|p2a: Slowking|Insomnia|Regenerator|[from] move: Worry Seed
|move|p2a: Slowking|Ice Beam|p1a: Flytrap
|-supereffective|p1a: Flytrap
|-damage|p1a: Flytrap|72/100
|
|-heal|p1a: Flytrap|79/100|[from] item: Leftovers
|upkeep
|turn|20
|
|t:|1776316711
|switch|p1a: Corviknight|Corviknight, F|100/100
|-damage|p1a: Corviknight|88/100|[from] Stealth Rock
|-ability|p1a: Corviknight|Pressure
|-prepare|p2a: Slowking|Chilly Reception|[premajor]
|move|p2a: Slowking|Chilly Reception|p2a: Slowking
|-weather|Snowscape
|
|t:|1776316720
|switch|p2a: Skeledirge|Skeledirge, M, shiny, tera:Water|91/100|[from] Chilly Reception
|-damage|p2a: Skeledirge|67/100|[from] Spikes
|
|-weather|Snowscape|[upkeep]
|-end|p1a: Corviknight|move: Future Sight
|-resisted|p1a: Corviknight
|-damage|p1a: Corviknight|73/100
|-heal|p1a: Corviknight|79/100|[from] item: Leftovers
|upkeep
|turn|21
|
|t:|1776316746
|move|p1a: Corviknight|U-turn|p2a: Skeledirge
|-damage|p2a: Skeledirge|56/100
|
|t:|1776316749
|switch|p1a: Pecharunt|Pecharunt|100/100|[from] U-turn
|move|p2a: Skeledirge|Will-O-Wisp|p1a: Pecharunt|[miss]
|-miss|p2a: Skeledirge|p1a: Pecharunt
|
|-weather|Snowscape|[upkeep]
|upkeep
|turn|22
|
|t:|1776316757
|move|p1a: Pecharunt|Malignant Chain|p2a: Skeledirge
|-damage|p2a: Skeledirge|28/100
|-status|p2a: Skeledirge|tox
|-start|p2a: Skeledirge|confusion|[from] ability: Poison Puppeteer|[of] p1a: Pecharunt
|-activate|p2a: Skeledirge|confusion
|-damage|p2a: Skeledirge|24/100 tox|[from] confusion
|
|-weather|Snowscape|[upkeep]
|-damage|p2a: Skeledirge|18/100 tox|[from] psn
|upkeep
|turn|23
|
|t:|1776316764
|move|p1a: Pecharunt|Malignant Chain|p2a: Skeledirge
|-damage|p2a: Skeledirge|0 fnt
|faint|p2a: Skeledirge
|
|-weather|Snowscape|[upkeep]
|upkeep
|
|t:|1776316778
|switch|p2a: Slowking|Slowking-Galar, M, shiny|74/100
|turn|24
|
|t:|1776316802
|move|p1a: Pecharunt|Shadow Ball|p2a: Slowking
|-supereffective|p2a: Slowking
|-crit|p2a: Slowking
|-damage|p2a: Slowking|26/100
|move|p2a: Slowking|Future Sight|p1a: Pecharunt
|-start|p2a: Slowking|move: Future Sight
|
|-weather|none
|upkeep
|turn|25
|
|t:|1776316814
|switch|p2a: Ting-Lu|Ting-Lu|41/100
|-damage|p2a: Ting-Lu|16/100|[from] Spikes
|-ability|p2a: Ting-Lu|Vessel of Ruin
|move|p1a: Pecharunt|Malignant Chain|p2a: Ting-Lu
|-resisted|p2a: Ting-Lu
|-damage|p2a: Ting-Lu|9/100
|-status|p2a: Ting-Lu|tox
|-start|p2a: Ting-Lu|confusion|[from] ability: Poison Puppeteer|[of] p1a: Pecharunt
|
|-heal|p2a: Ting-Lu|15/100 tox|[from] item: Leftovers
|-damage|p2a: Ting-Lu|9/100 tox|[from] psn
|upkeep
|turn|26
|
|t:|1776316819
|move|p1a: Pecharunt|Parting Shot|p2a: Ting-Lu
|-unboost|p2a: Ting-Lu|atk|1
|-unboost|p2a: Ting-Lu|spa|1
|
|t:|1776316829
|switch|p1a: Corviknight|Corviknight, F|79/100|[from] Parting Shot
|-damage|p1a: Corviknight|67/100|[from] Stealth Rock
|-ability|p1a: Corviknight|Pressure
|-activate|p2a: Ting-Lu|confusion
|move|p2a: Ting-Lu|Whirlwind|p1a: Corviknight
|drag|p1a: Bird Trap|Magnezone|85/100
|-damage|p1a: Bird Trap|79/100|[from] Stealth Rock
|-damage|p1a: Bird Trap|54/100|[from] Spikes
|
|-end|p1a: Bird Trap|move: Future Sight
|-resisted|p1a: Bird Trap
|-damage|p1a: Bird Trap|29/100
|-heal|p2a: Ting-Lu|15/100 tox|[from] item: Leftovers
|-damage|p2a: Ting-Lu|3/100 tox|[from] psn
|upkeep
|turn|27
|
|t:|1776316839
|move|p1a: Bird Trap|Flash Cannon|p2a: Ting-Lu
|-damage|p2a: Ting-Lu|0 fnt
|faint|p2a: Ting-Lu
|
|upkeep
|
|t:|1776316850
|switch|p2a: Glimmora|Glimmora, M|100/100
|-damage|p2a: Glimmora|76/100|[from] Spikes
|turn|28
|
|t:|1776316859
|move|p2a: Glimmora|Earth Power|p1a: Bird Trap
|-supereffective|p1a: Bird Trap
|-damage|p1a: Bird Trap|0 fnt
|faint|p1a: Bird Trap
|
|upkeep
|
|t:|1776316877
|switch|p1a: Flytrap|Venusaur, F|79/100
|-damage|p1a: Flytrap|66/100|[from] Stealth Rock
|-damage|p1a: Flytrap|41/100|[from] Spikes
|turn|29
|
|t:|1776316882
|switch|p2a: Slowking|Slowking-Galar, M, shiny|59/100
|move|p1a: Flytrap|Earth Power|p2a: Slowking
|-supereffective|p2a: Slowking
|-damage|p2a: Slowking|34/100
|
|-heal|p1a: Flytrap|47/100|[from] item: Leftovers
|upkeep
|turn|30
|
|t:|1776316894
|move|p1a: Flytrap|Earth Power|p2a: Slowking
|-supereffective|p2a: Slowking
|-damage|p2a: Slowking|9/100
|-prepare|p2a: Slowking|Chilly Reception|[premajor]
|move|p2a: Slowking|Chilly Reception|p2a: Slowking
|-weather|Snowscape
|
|t:|1776316906
|switch|p2a: Dragapult|Dragapult, M, shiny|100/100|[from] Chilly Reception
|-damage|p2a: Dragapult|76/100|[from] Spikes
|
|-weather|Snowscape|[upkeep]
|-heal|p1a: Flytrap|53/100|[from] item: Leftovers
|upkeep
|turn|31
|
|t:|1776316913
|move|p2a: Dragapult|Substitute|p2a: Dragapult
|-start|p2a: Dragapult|Substitute
|-damage|p2a: Dragapult|51/100
|move|p1a: Flytrap|Earth Power|p2a: Dragapult
|-end|p2a: Dragapult|Substitute
|
|-weather|Snowscape|[upkeep]
|-heal|p1a: Flytrap|59/100|[from] item: Leftovers
|upkeep
|turn|32
|
|t:|1776316920
|move|p2a: Dragapult|Dragon Darts|p1a: Flytrap
|-damage|p1a: Flytrap|29/100
|-anim|p2a: Dragapult|Dragon Darts|p1a: Flytrap
|-damage|p1a: Flytrap|0 fnt
|faint|p1a: Flytrap
|
|-weather|Snowscape|[upkeep]
|upkeep
|
|t:|1776316925
|switch|p1a: Iron Crown|Iron Crown|100/100
|-damage|p1a: Iron Crown|94/100|[from] Stealth Rock
|-damage|p1a: Iron Crown|70/100|[from] Spikes
|-enditem|p1a: Iron Crown|Booster Energy
|-activate|p1a: Iron Crown|ability: Quark Drive|[fromitem]
|-start|p1a: Iron Crown|quarkdrivespe
|turn|33
|
|t:|1776316936
|switch|p2a: Glimmora|Glimmora, M|76/100
|-damage|p2a: Glimmora|51/100|[from] Spikes
|move|p1a: Iron Crown|Tachyon Cutter|p2a: Glimmora
|-supereffective|p2a: Glimmora
|-damage|p2a: Glimmora|0 fnt
|faint|p2a: Glimmora
|-hitcount|p2: Glimmora|1
|
|-weather|Snowscape|[upkeep]
|upkeep
|
|t:|1776316947
|switch|p2a: Slowking|Slowking-Galar, M, shiny|42/100
|turn|34
|
|t:|1776316954
|move|p1a: Iron Crown|Tachyon Cutter|p2a: Slowking
|-damage|p2a: Slowking|29/100
|-damage|p2a: Slowking|16/100
|-hitcount|p2a: Slowking|2
|move|p2a: Slowking|Future Sight|p1a: Iron Crown
|-start|p2a: Slowking|move: Future Sight
|
|-weather|none
|upkeep
|turn|35
|
|t:|1776316973
|move|p1a: Iron Crown|Tachyon Cutter|p2a: Slowking
|-damage|p2a: Slowking|2/100
|-damage|p2a: Slowking|0 fnt
|faint|p2a: Slowking
|-hitcount|p2: Slowking|2
|
|upkeep
|
|t:|1776316976
|switch|p2a: Dragapult|Dragapult, M, shiny|51/100
|-damage|p2a: Dragapult|26/100|[from] Spikes
|turn|36
|c|☆DonovanIsNotHere|gg
|
|t:|1776316983
|move|p1a: Iron Crown|Tachyon Cutter|p2a: Dragapult
|-damage|p2a: Dragapult|0 fnt
|faint|p2a: Dragapult
|-hitcount|p2: Dragapult|1
|
|win|DonovanIsNotHere
|raw|DonovanIsNotHere's rating: 1346 &rarr; <strong>1364</strong><br />(+18 for winning)
|raw|mrbutter100's rating: 1315 &rarr; <strong>1297</strong><br />(-18 for losing)
