|html|<div class="broadcast-blue"><strong>[Gen 9] OU is currently suspecting Tera Blast! For information on how to participate check out the <a href="https://www.smogon.com/tools/suspects/view/200">suspect thread</a>.</strong></div>
|badge|p2|bronze|gen9randombattle|100-9
|uhtml|medal-msg|<div class="broadcast-blue">Curious what those medals under the avatar are? PS now has Ladder Seasons! For more information, check out the <a href="https://www.smogon.com/forums/threads/3740067/">thread on Smogon.</a></div>
|j|☆conwynaut
|j|☆M4teo010101
|t:|1776321235
|gametype|singles
|player|p1|conwynaut|2|1344
|player|p2|M4teo010101|brendan-gen3rs|1424
|gen|9
|tier|[Gen 9] OU
|rated|
|rule|HP Percentage Mod: HP is shown in percentages
|rule|Endless Battle Clause: Forcing endless battles is banned
|rule|Species Clause: Limit one of each Pokémon
|rule|OHKO Clause: OHKO moves are banned
|rule|Evasion Items Clause: Evasion items are banned
|rule|Evasion Moves Clause: Evasion moves are banned
|rule|Evasion Abilities Clause: Evasion abilities are banned
|rule|Sleep Moves Clause: Sleep-inducing moves are banned
|clearpoke
|poke|p1|Primarina, M|
|poke|p1|Great Tusk|
|poke|p1|Enamorus, F|
|poke|p1|Slowking-Galar, M|
|poke|p1|Ogerpon, F|
|poke|p1|Kingambit, M|
|poke|p2|Garganacl, F|
|poke|p2|Darkrai|
|poke|p2|Great Tusk|
|poke|p2|Hatterene, F|
|poke|p2|Tornadus-Therian, M|
|poke|p2|Dragonite, M|
|teampreview
|inactive|Battle timer is ON: inactive players will automatically lose when time's up. (requested by conwynaut)
|
|t:|1776321246
|teamsize|p1|6
|teamsize|p2|6
|start
|switch|p1a: Ogerpon|Ogerpon, F|100/100
|switch|p2a: Garganacl|Garganacl, F|100/100
|turn|1
|inactive|M4teo010101 also wants the timer to be on.
|
|t:|1776321257
|switch|p2a: Tornadus|Tornadus-Therian, M, shiny|100/100
|-terastallize|p1a: Ogerpon|Grass
|detailschange|p1a: Ogerpon|Ogerpon-Teal-Tera, F, tera:Grass
|-ability|p1a: Ogerpon|Embody Aspect (Teal)|boost
|-boost|p1a: Ogerpon|spe|1
|move|p1a: Ogerpon|Ivy Cudgel|p2a: Tornadus
|-resisted|p2a: Tornadus
|-damage|p2a: Tornadus|41/100
|
|upkeep
|turn|2
|
|t:|1776321272
|switch|p1a: Slowking|Slowking-Galar, M, shiny|100/100
|switch|p2a: Dragonite|Dragonite, M|100/100
|
|upkeep
|turn|3
|
|t:|1776321283
|move|p2a: Dragonite|Dragon Dance|p2a: Dragonite
|-boost|p2a: Dragonite|atk|1
|-boost|p2a: Dragonite|spe|1
|move|p1a: Slowking|Ice Beam|p2a: Dragonite
|-supereffective|p2a: Dragonite
|-damage|p2a: Dragonite|57/100
|
|upkeep
|turn|4
|
|t:|1776321294
|move|p2a: Dragonite|Roost|p2a: Dragonite
|-heal|p2a: Dragonite|100/100
|-singleturn|p2a: Dragonite|move: Roost
|move|p1a: Slowking|Ice Beam|p2a: Dragonite
|-supereffective|p2a: Dragonite
|-damage|p2a: Dragonite|78/100
|
|upkeep
|turn|5
|
|t:|1776321305
|move|p2a: Dragonite|Roost|p2a: Dragonite
|-heal|p2a: Dragonite|100/100
|-singleturn|p2a: Dragonite|move: Roost
|move|p1a: Slowking|Ice Beam|p2a: Dragonite
|-supereffective|p2a: Dragonite
|-damage|p2a: Dragonite|79/100
|
|upkeep
|turn|6
|
|t:|1776321316
|move|p2a: Dragonite|Earthquake|p1a: Slowking
|-supereffective|p1a: Slowking
|-damage|p1a: Slowking|19/100
|move|p1a: Slowking|Ice Beam|p2a: Dragonite
|-supereffective|p2a: Dragonite
|-damage|p2a: Dragonite|0 fnt
|faint|p2a: Dragonite
|
|upkeep
|
|t:|1776321328
|switch|p2a: Tornadus|Tornadus-Therian, M, shiny|75/100
|turn|7
|
|t:|1776321338
|switch|p1a: Primarina|Primarina, M, shiny|100/100
|move|p2a: Tornadus|U-turn|p1a: Primarina
|-resisted|p1a: Primarina
|-damage|p1a: Primarina|91/100
|
|t:|1776321349
|switch|p2a: Garganacl|Garganacl, F|100/100|[from] U-turn
|
|-heal|p1a: Primarina|97/100|[from] item: Leftovers
|upkeep
|turn|8
|
|t:|1776321360
|switch|p2a: Tornadus|Tornadus-Therian, M, shiny|100/100
|move|p1a: Primarina|Psychic Noise|p2a: Tornadus
|-damage|p2a: Tornadus|73/100
|-start|p2a: Tornadus|move: Heal Block
|
|-heal|p1a: Primarina|100/100|[from] item: Leftovers
|upkeep
|turn|9
|
|t:|1776321371
|move|p2a: Tornadus|Knock Off|p1a: Primarina
|-resisted|p1a: Primarina
|-damage|p1a: Primarina|86/100
|-enditem|p1a: Primarina|Leftovers|[from] move: Knock Off|[of] p2a: Tornadus
|move|p1a: Primarina|Moonblast|p2a: Tornadus
|-damage|p2a: Tornadus|36/100
|-unboost|p2a: Tornadus|spa|1
|
|-end|p2a: Tornadus|move: Heal Block
|upkeep
|turn|10
|
|t:|1776321385
|move|p2a: Tornadus|U-turn|p1a: Primarina
|-resisted|p1a: Primarina
|-damage|p1a: Primarina|74/100
|
|t:|1776321396
|switch|p2a: Darkrai|Darkrai|100/100|[from] U-turn
|move|p1a: Primarina|Moonblast|p2a: Darkrai
|-supereffective|p2a: Darkrai
|-damage|p2a: Darkrai|0 fnt
|faint|p2a: Darkrai
|
|upkeep
|inactive|M4teo010101 has 120 seconds left.
|
|t:|1776321407
|switch|p2a: Tornadus|Tornadus-Therian, M, shiny|69/100
|turn|11
|inactive|M4teo010101 has 120 seconds left.
|
|t:|1776321417
|move|p2a: Tornadus|Bleakwind Storm|p1a: Primarina|[miss]
|-miss|p2a: Tornadus|p1a: Primarina
|move|p1a: Primarina|Moonblast|p2a: Tornadus
|-damage|p2a: Tornadus|35/100
|-unboost|p2a: Tornadus|spa|1
|
|upkeep
|turn|12
|inactive|M4teo010101 has 120 seconds left.
|
|t:|1776321428
|move|p2a: Tornadus|Bleakwind Storm|p1a: Primarina
|-damage|p1a: Primarina|49/100
|move|p1a: Primarina|Moonblast|p2a: Tornadus
|-damage|p2a: Tornadus|0 fnt
|faint|p2a: Tornadus
|
|upkeep
|inactive|M4teo010101 has 120 seconds left.
|
|t:|1776321439
|switch|p2a: Hatterene|Hatterene, F|100/100
|turn|13
|inactive|M4teo010101 has 120 seconds left.
|
|t:|1776321449
|move|p1a: Primarina|Psychic Noise|p2a: Hatterene
|-damage|p2a: Hatterene|56/100
|-start|p2a: Hatterene|move: Heal Block
|move|p2a: Hatterene|Nuzzle|p1a: Primarina
|-supereffective|p1a: Primarina
|-damage|p1a: Primarina|37/100
|-status|p1a: Primarina|par
|
|upkeep
|turn|14
|inactive|M4teo010101 has 120 seconds left.
|
|t:|1776321460
|move|p1a: Primarina|Whirlpool|p2a: Hatterene
|-damage|p2a: Hatterene|33/100
|-activate|p2a: Hatterene|move: Whirlpool|[of] p1a: Primarina
|move|p2a: Hatterene|Nuzzle|p1a: Primarina
|-supereffective|p1a: Primarina
|-damage|p1a: Primarina|24/100 par
|
|-damage|p2a: Hatterene|20/100|[from] move: Whirlpool|[partiallytrapped]
|-end|p2a: Hatterene|move: Heal Block
|upkeep
|turn|15
|inactive|M4teo010101 has 120 seconds left.
|
|t:|1776321469
|cant|p1a: Primarina|par
|move|p2a: Hatterene|Future Sight|p1a: Primarina
|-start|p2a: Hatterene|move: Future Sight
|
|-damage|p2a: Hatterene|8/100|[from] move: Whirlpool|[partiallytrapped]
|upkeep
|turn|16
|
|t:|1776321475
|cant|p1a: Primarina|par
|move|p2a: Hatterene|Pain Split|p1a: Primarina
|-sethp|p1a: Primarina|16/100 par|[from] move: Pain Split|[silent]
|-sethp|p2a: Hatterene|16/100|[from] move: Pain Split
|
|-damage|p2a: Hatterene|3/100|[from] move: Whirlpool|[partiallytrapped]
|upkeep
|turn|17
|
|t:|1776321482
|cant|p1a: Primarina|par
|move|p2a: Hatterene|Nuzzle|p1a: Primarina
|-supereffective|p1a: Primarina
|-damage|p1a: Primarina|4/100 par
|
|-end|p1a: Primarina|move: Future Sight
|-damage|p1a: Primarina|0 fnt
|faint|p1a: Primarina
|-end|p2a: Hatterene|Whirlpool|[partiallytrapped]|[silent]
|upkeep
|
|t:|1776321500
|switch|p1a: Ogerpon|Ogerpon-Teal-Tera, F, tera:Grass|100/100
|-ability|p1a: Ogerpon|Embody Aspect (Teal)|boost
|-boost|p1a: Ogerpon|spe|1
|turn|18
|
|t:|1776321522
|switch|p2a: Great Tusk|Great Tusk|100/100
|-enditem|p2a: Great Tusk|Booster Energy
|-activate|p2a: Great Tusk|ability: Protosynthesis|[fromitem]
|-start|p2a: Great Tusk|protosynthesisatk
|move|p1a: Ogerpon|Ivy Cudgel|p2a: Great Tusk
|-supereffective|p2a: Great Tusk
|-damage|p2a: Great Tusk|0 fnt
|faint|p2a: Great Tusk
|-end|p2a: Great Tusk|Protosynthesis|[silent]
|
|upkeep
|
|t:|1776321532
|switch|p2a: Garganacl|Garganacl, F|100/100
|turn|19
|
|t:|1776321542
|move|p2a: Garganacl|Protect|p2a: Garganacl
|-singleturn|p2a: Garganacl|Protect
|move|p1a: Ogerpon|Ivy Cudgel|p2a: Garganacl
|-activate|p2a: Garganacl|move: Protect
|
|upkeep
|turn|20
|
|t:|1776321551
|move|p2a: Garganacl|Protect||[still]
|-fail|p2a: Garganacl
|move|p1a: Ogerpon|Ivy Cudgel|p2a: Garganacl
|-supereffective|p2a: Garganacl
|-crit|p2a: Garganacl
|-damage|p2a: Garganacl|0 fnt
|faint|p2a: Garganacl
|
|upkeep
|
|t:|1776321561
|switch|p2a: Hatterene|Hatterene, F|3/100
|turn|21
|
|t:|1776321570
|switch|p1a: Slowking|Slowking-Galar, M, shiny|52/100
|move|p2a: Hatterene|Future Sight|p1a: Slowking
|-start|p2a: Hatterene|move: Future Sight
|
|upkeep
|turn|22
|
|t:|1776321579
|switch|p1a: Great Tusk|Great Tusk, shiny|100/100
|move|p2a: Hatterene|Dazzling Gleam|p1a: Great Tusk
|-supereffective|p1a: Great Tusk
|-damage|p1a: Great Tusk|0 fnt
|faint|p1a: Great Tusk
|-end|p1a: Great Tusk|Protosynthesis|[silent]
|
|upkeep
|
|t:|1776321587
|switch|p1a: Slowking|Slowking-Galar, M, shiny|86/100
|turn|23
|
|t:|1776321596
|switch|p1a: Kingambit|Kingambit, M, shiny|100/100
|-activate|p1a: Kingambit|ability: Supreme Overlord
|-start|p1a: Kingambit|fallen2|[silent]
|move|p2a: Hatterene|Nuzzle|p1a: Kingambit
|-damage|p1a: Kingambit|97/100
|-status|p1a: Kingambit|par
|
|-end|p1a: Kingambit|move: Future Sight
|-immune|p1a: Kingambit
|-heal|p1a: Kingambit|100/100 par|[from] item: Leftovers
|upkeep
|turn|24
|
|t:|1776321611
|move|p1a: Kingambit|Swords Dance|p1a: Kingambit
|-boost|p1a: Kingambit|atk|2
|move|p2a: Hatterene|Nuzzle|p1a: Kingambit
|-damage|p1a: Kingambit|97/100 par
|
|-heal|p1a: Kingambit|100/100 par|[from] item: Leftovers
|upkeep
|turn|25
|
|t:|1776321621
|move|p1a: Kingambit|Swords Dance|p1a: Kingambit
|-boost|p1a: Kingambit|atk|2
|move|p2a: Hatterene|Dazzling Gleam|p1a: Kingambit
|-crit|p1a: Kingambit
|-damage|p1a: Kingambit|47/100 par
|
|-heal|p1a: Kingambit|54/100 par|[from] item: Leftovers
|upkeep
|turn|26
|
|t:|1776321632
|move|p1a: Kingambit|Sucker Punch|p2a: Hatterene
|-crit|p2a: Hatterene
|-damage|p2a: Hatterene|0 fnt
|-damage|p1a: Kingambit|37/100 par|[from] item: Rocky Helmet|[of] p2a: Hatterene
|faint|p2a: Hatterene
|
|win|conwynaut
|raw|conwynaut's rating: 1344 &rarr; <strong>1369</strong><br />(+25 for winning)
|raw|M4teo010101's rating: 1424 &rarr; <strong>1399</strong><br />(-25 for losing)
