|html|<div class="broadcast-blue"><strong>[Gen 9] OU is currently suspecting Tera Blast! For information on how to participate check out the <a href="https://www.smogon.com/tools/suspects/view/200">suspect thread</a>.</strong></div>
|j|☆Lanceruuu
|j|☆TheRegisAreCool
|t:|1776218677
|gametype|singles
|player|p1|Lanceruuu|169|1105
|player|p2|TheRegisAreCool|fisherman-gen4|1168
|gen|9
|tier|[Gen 9] OU
|rated|
|rule|HP Percentage Mod: HP is shown in percentages
|rule|Endless Battle Clause: Forcing endless battles is banned
|rule|Species Clause: Limit one of each Pokémon
|rule|OHKO Clause: OHKO moves are banned
|rule|Evasion Items Clause: Evasion items are banned
|rule|Evasion Moves Clause: Evasion moves are banned
|rule|Evasion Abilities Clause: Evasion abilities are banned
|rule|Sleep Moves Clause: Sleep-inducing moves are banned
|clearpoke
|poke|p1|Slowking-Galar, F|
|poke|p1|Garchomp, M|
|poke|p1|Gholdengo|
|poke|p1|Moltres|
|poke|p1|Rotom-Wash|
|poke|p1|Ogerpon, F|
|poke|p2|Conkeldurr, F|
|poke|p2|Iron Moth|
|poke|p2|Glimmora, M|
|poke|p2|Kommo-o, F|
|poke|p2|Samurott-Hisui, M|
|poke|p2|Donphan, M|
|teampreview
|
|t:|1776218685
|teamsize|p1|6
|teamsize|p2|6
|start
|switch|p1a: Garchomp|Garchomp, M|100/100
|switch|p2a: Samurott|Samurott-Hisui, M|100/100
|turn|1
|inactive|Battle timer is ON: inactive players will automatically lose when time's up. (requested by Lanceruuu)
|inactive|TheRegisAreCool also wants the timer to be on.
|
|t:|1776218693
|move|p1a: Garchomp|Swords Dance|p1a: Garchomp
|-boost|p1a: Garchomp|atk|2
|move|p2a: Samurott|Ceaseless Edge|p1a: Garchomp
|-damage|p1a: Garchomp|56/100
|-damage|p2a: Samurott|88/100|[from] ability: Rough Skin|[of] p1a: Garchomp
|-sidestart|p1: Lanceruuu|Spikes
|
|upkeep
|turn|2
|
|t:|1776218701
|move|p1a: Garchomp|Scale Shot|p2a: Samurott
|-damage|p2a: Samurott|60/100
|-damage|p2a: Samurott|31/100
|-damage|p2a: Samurott|0 fnt
|faint|p2a: Samurott
|-hitcount|p2: Samurott|3
|-unboost|p1a: Garchomp|def|1
|-boost|p1a: Garchomp|spe|1
|
|upkeep
|
|t:|1776218708
|switch|p2a: Donphan|Donphan, M|100/100
|turn|3
|
|t:|1776218720
|move|p2a: Donphan|Ice Shard|p1a: Garchomp
|-supereffective|p1a: Garchomp
|-damage|p1a: Garchomp|0 fnt
|faint|p1a: Garchomp
|
|upkeep
|
|t:|1776218732
|switch|p1a: Rotom|Rotom-Wash|100/100
|turn|4
|
|t:|1776218737
|move|p1a: Rotom|Will-O-Wisp|p2a: Donphan|[miss]
|-miss|p1a: Rotom|p2a: Donphan
|move|p2a: Donphan|Knock Off|p1a: Rotom
|-damage|p1a: Rotom|71/100
|-enditem|p1a: Rotom|Leftovers|[from] move: Knock Off|[of] p2a: Donphan
|
|upkeep
|turn|5
|
|t:|1776218748
|switch|p2a: Kommo-o|Kommo-o, F|100/100
|move|p1a: Rotom|Hydro Pump|p2a: Kommo-o|[miss]
|-miss|p1a: Rotom|p2a: Kommo-o
|
|upkeep
|turn|6
|
|t:|1776218754
|move|p2a: Kommo-o|Clangorous Soul|p2a: Kommo-o
|-boost|p2a: Kommo-o|atk|1
|-boost|p2a: Kommo-o|def|1
|-boost|p2a: Kommo-o|spa|1
|-boost|p2a: Kommo-o|spd|1
|-boost|p2a: Kommo-o|spe|1
|-damage|p2a: Kommo-o|68/100
|move|p1a: Rotom|Will-O-Wisp|p2a: Kommo-o
|-status|p2a: Kommo-o|brn
|
|-heal|p2a: Kommo-o|74/100 brn|[from] item: Leftovers
|-damage|p2a: Kommo-o|68/100 brn|[from] brn
|upkeep
|turn|7
|
|t:|1776218769
|move|p2a: Kommo-o|Clanging Scales|p1a: Rotom
|-damage|p1a: Rotom|0 fnt
|faint|p1a: Rotom
|-unboost|p2a: Kommo-o|def|1
|
|-heal|p2a: Kommo-o|74/100 brn|[from] item: Leftovers
|-damage|p2a: Kommo-o|68/100 brn|[from] brn
|upkeep
|
|t:|1776218781
|switch|p1a: Gholdengo|Gholdengo|100/100
|-item|p1a: Gholdengo|Air Balloon
|turn|8
|
|t:|1776218797
|switch|p2a: Donphan|Donphan, M|100/100
|move|p1a: Gholdengo|Make It Rain|p2a: Donphan
|-damage|p2a: Donphan|18/100
|-unboost|p1a: Gholdengo|spa|1
|
|upkeep
|turn|9
|
|t:|1776218808
|move|p2a: Donphan|Ice Shard|p1a: Gholdengo
|-resisted|p1a: Gholdengo
|-damage|p1a: Gholdengo|92/100
|-enditem|p1a: Gholdengo|Air Balloon
|move|p1a: Gholdengo|Make It Rain|p2a: Donphan
|-damage|p2a: Donphan|0 fnt
|-unboost|p1a: Gholdengo|spa|1
|faint|p2a: Donphan
|
|upkeep
|
|t:|1776218814
|switch|p2a: Glimmora|Glimmora, M|100/100
|turn|10
|
|t:|1776218838
|switch|p1a: Ogerpon|Ogerpon, F|100/100
|-damage|p1a: Ogerpon|88/100|[from] Spikes
|move|p2a: Glimmora|Earth Power|p1a: Ogerpon
|-resisted|p1a: Ogerpon
|-damage|p1a: Ogerpon|71/100
|
|upkeep
|turn|11
|
|t:|1776218846
|move|p1a: Ogerpon|Ivy Cudgel|p2a: Glimmora
|-damage|p2a: Glimmora|8/100
|-activate|p2a: Glimmora|ability: Toxic Debris
|-sidestart|p1: Lanceruuu|move: Toxic Spikes
|move|p2a: Glimmora|Sludge Bomb|p1a: Ogerpon
|-supereffective|p1a: Ogerpon
|-damage|p1a: Ogerpon|0 fnt
|faint|p1a: Ogerpon
|
|upkeep
|
|t:|1776218856
|switch|p1a: Gholdengo|Gholdengo|92/100
|-damage|p1a: Gholdengo|80/100|[from] Spikes
|turn|12
|
|t:|1776218868
|move|p2a: Glimmora|Earth Power|p1a: Gholdengo
|-supereffective|p1a: Gholdengo
|-damage|p1a: Gholdengo|5/100
|move|p1a: Gholdengo|Shadow Ball|p2a: Glimmora
|-damage|p2a: Glimmora|0 fnt
|faint|p2a: Glimmora
|
|upkeep
|
|t:|1776218879
|switch|p2a: Iron Moth|Iron Moth|100/100
|-enditem|p2a: Iron Moth|Booster Energy
|-activate|p2a: Iron Moth|ability: Quark Drive|[fromitem]
|-start|p2a: Iron Moth|quarkdrivespe
|turn|13
|
|t:|1776218887
|move|p2a: Iron Moth|Fiery Dance|p1a: Gholdengo
|-supereffective|p1a: Gholdengo
|-damage|p1a: Gholdengo|0 fnt
|faint|p1a: Gholdengo
|
|upkeep
|
|t:|1776218892
|switch|p1a: Slowking|Slowking-Galar, F|100/100
|-sideend|p1: Lanceruuu|move: Toxic Spikes|[of] p1a: Slowking
|turn|14
|
|t:|1776218897
|move|p2a: Iron Moth|Fiery Dance|p1a: Slowking
|-damage|p1a: Slowking|77/100
|move|p1a: Slowking|Future Sight|p2a: Iron Moth
|-start|p1a: Slowking|move: Future Sight
|
|upkeep
|turn|15
|
|t:|1776218906
|move|p2a: Iron Moth|Fiery Dance|p1a: Slowking
|-damage|p1a: Slowking|53/100
|move|p1a: Slowking|Thunder Wave|p2a: Iron Moth|[miss]
|-miss|p1a: Slowking|p2a: Iron Moth
|
|upkeep
|turn|16
|
|t:|1776218916
|switch|p1a: Moltres|Moltres|100/100
|-terastallize|p2a: Iron Moth|Flying
|move|p2a: Iron Moth|Fiery Dance|p1a: Moltres
|-resisted|p1a: Moltres
|-damage|p1a: Moltres|81/100
|
|-end|p2a: Iron Moth|move: Future Sight
|-damage|p2a: Iron Moth|57/100
|upkeep
|turn|17
|
|t:|1776218930
|move|p2a: Iron Moth|Sludge Wave|p1a: Moltres
|-damage|p1a: Moltres|31/100
|move|p1a: Moltres|Flamethrower|p2a: Iron Moth
|-damage|p2a: Iron Moth|19/100
|
|upkeep
|turn|18
|
|t:|1776218957
|switch|p1a: Slowking|Slowking-Galar, F|86/100
|move|p2a: Iron Moth|Sludge Wave|p1a: Slowking
|-resisted|p1a: Slowking
|-damage|p1a: Slowking|72/100
|
|upkeep
|turn|19
|
|t:|1776218964
|move|p2a: Iron Moth|Fiery Dance|p1a: Slowking
|-damage|p1a: Slowking|46/100
|-boost|p2a: Iron Moth|spa|1
|move|p1a: Slowking|Sludge Bomb|p2a: Iron Moth
|-damage|p2a: Iron Moth|0 fnt
|faint|p2a: Iron Moth
|-end|p2a: Iron Moth|Quark Drive|[silent]
|
|upkeep
|
|t:|1776218970
|switch|p2a: Conkeldurr|Conkeldurr, F|100/100
|turn|20
|
|t:|1776218974
|move|p2a: Conkeldurr|Knock Off|p1a: Slowking
|-supereffective|p1a: Slowking
|-damage|p1a: Slowking|0 fnt
|-enditem|p1a: Slowking|Heavy-Duty Boots|[from] move: Knock Off|[of] p2a: Conkeldurr
|faint|p1a: Slowking
|
|-status|p2a: Conkeldurr|brn|[from] item: Flame Orb
|upkeep
|
|t:|1776218980
|switch|p1a: Moltres|Moltres|31/100
|turn|21
|
|t:|1776218986
|move|p1a: Moltres|Air Slash|p2a: Conkeldurr
|-supereffective|p2a: Conkeldurr
|-damage|p2a: Conkeldurr|29/100 brn
|move|p2a: Conkeldurr|Knock Off|p1a: Moltres
|-damage|p1a: Moltres|0 fnt
|-enditem|p1a: Moltres|Heavy-Duty Boots|[from] move: Knock Off|[of] p2a: Conkeldurr
|faint|p1a: Moltres
|
|win|TheRegisAreCool
|raw|Lanceruuu's rating: 1105 &rarr; <strong>1084</strong><br />(-21 for losing)
|raw|TheRegisAreCool's rating: 1168 &rarr; <strong>1189</strong><br />(+21 for winning)
