|html|<div class="broadcast-blue"><strong>[Gen 9] OU is currently suspecting Tera Blast! For information on how to participate check out the <a href="https://www.smogon.com/tools/suspects/view/200">suspect thread</a>.</strong></div>
|j|☆Pecibiches
|j|☆Kaaspioent
|t:|1776076478
|gametype|singles
|player|p1|Pecibiches|1|1338
|player|p2|Kaaspioent|170|1293
|gen|9
|tier|[Gen 9] OU
|rated|
|rule|HP Percentage Mod: HP is shown in percentages
|rule|Endless Battle Clause: Forcing endless battles is banned
|rule|Species Clause: Limit one of each Pokémon
|rule|OHKO Clause: OHKO moves are banned
|rule|Evasion Items Clause: Evasion items are banned
|rule|Evasion Moves Clause: Evasion moves are banned
|rule|Evasion Abilities Clause: Evasion abilities are banned
|rule|Sleep Moves Clause: Sleep-inducing moves are banned
|clearpoke
|poke|p1|Garchomp, M|
|poke|p1|Tyranitar, M|
|poke|p1|Zapdos|
|poke|p1|Excadrill, M|
|poke|p1|Keldeo-Resolute|
|poke|p1|Kingambit, M|
|poke|p2|Rillaboom, M|
|poke|p2|Serperior, F|
|poke|p2|Heatran, F|
|poke|p2|Gholdengo|
|poke|p2|Zamazenta-*|
|poke|p2|Great Tusk|
|teampreview
|inactive|Battle timer is ON: inactive players will automatically lose when time's up. (requested by Pecibiches)
|inactive|Kaaspioent also wants the timer to be on.
|
|t:|1776076484
|teamsize|p1|6
|teamsize|p2|6
|start
|switch|p1a: Zapdos|Zapdos|100/100
|switch|p2a: Rillaboom|Rillaboom, M|100/100
|-fieldstart|move: Grassy Terrain|[from] ability: Grassy Surge|[of] p2a: Rillaboom
|turn|1
|
|t:|1776076496
|switch|p2a: Heatran|Heatran, F|100/100
|move|p1a: Zapdos|Volt Switch|p2a: Heatran
|-damage|p2a: Heatran|77/100
|
|t:|1776076509
|switch|p1a: Garchomp|Garchomp, M|100/100|[from] Volt Switch
|
|-heal|p2a: Heatran|83/100|[from] Grassy Terrain
|-heal|p2a: Heatran|89/100|[from] item: Leftovers
|upkeep
|turn|2
|
|t:|1776076519
|switch|p2a: Serperior|Serperior, F|100/100
|move|p1a: Garchomp|Stealth Rock|p2a: Serperior
|-sidestart|p2: Kaaspioent|move: Stealth Rock
|
|upkeep
|turn|3
|
|t:|1776076526
|switch|p1a: Zapdos|Zapdos|100/100
|move|p2a: Serperior|Leaf Storm|p1a: Zapdos
|-resisted|p1a: Zapdos
|-damage|p1a: Zapdos|61/100
|-boost|p2a: Serperior|spa|2
|
|upkeep
|turn|4
|
|t:|1776076537
|move|p2a: Serperior|Leaf Storm|p1a: Zapdos|[miss]
|-miss|p2a: Serperior|p1a: Zapdos
|move|p1a: Zapdos|Hurricane|p2a: Serperior|[miss]
|-miss|p1a: Zapdos|p2a: Serperior
|
|upkeep
|turn|5
|
|t:|1776076559
|switch|p1a: Garchomp|Garchomp, M|100/100
|move|p2a: Serperior|Leaf Storm|p1a: Garchomp
|-damage|p1a: Garchomp|0 fnt
|-boost|p2a: Serperior|spa|2
|faint|p1a: Garchomp
|
|-fieldend|move: Grassy Terrain
|upkeep
|
|t:|1776076563
|switch|p1a: Tyranitar|Tyranitar, M|100/100
|-weather|Sandstorm|[from] ability: Sand Stream|[of] p1a: Tyranitar
|turn|6
|
|t:|1776076569
|move|p2a: Serperior|Leaf Storm|p1a: Tyranitar
|-supereffective|p1a: Tyranitar
|-damage|p1a: Tyranitar|0 fnt
|-boost|p2a: Serperior|spa|2
|faint|p1a: Tyranitar
|
|-weather|Sandstorm|[upkeep]
|-damage|p2a: Serperior|94/100|[from] Sandstorm
|upkeep
|
|t:|1776076583
|switch|p1a: Excadrill|Excadrill, M|100/100
|-item|p1a: Excadrill|Air Balloon
|turn|7
|
|t:|1776076592
|move|p1a: Excadrill|Iron Head|p2a: Serperior
|-damage|p2a: Serperior|40/100
|move|p2a: Serperior|Leaf Storm|p1a: Excadrill
|-damage|p1a: Excadrill|0 fnt
|-enditem|p1a: Excadrill|Air Balloon
|faint|p1a: Excadrill
|
|-weather|Sandstorm|[upkeep]
|-damage|p2a: Serperior|34/100|[from] Sandstorm
|upkeep
|
|t:|1776076601
|switch|p1a: Keldeo|Keldeo-Resolute|100/100
|turn|8
|
|t:|1776076608
|move|p1a: Keldeo|Vacuum Wave|p2a: Serperior
|-crit|p2a: Serperior
|-damage|p2a: Serperior|0 fnt
|faint|p2a: Serperior
|
|-weather|Sandstorm|[upkeep]
|-damage|p1a: Keldeo|94/100|[from] Sandstorm
|upkeep
|
|t:|1776076622
|switch|p2a: Zamazenta|Zamazenta|100/100
|-damage|p2a: Zamazenta|94/100|[from] Stealth Rock
|-ability|p2a: Zamazenta|Dauntless Shield|boost
|-boost|p2a: Zamazenta|def|1
|turn|9
|inactive|Pecibiches has 120 seconds left.
|inactive|Pecibiches has 90 seconds left.
|
|t:|1776076688
|switch|p1a: Zapdos|Zapdos|61/100
|move|p2a: Zamazenta|Close Combat|p1a: Zapdos
|-resisted|p1a: Zapdos
|-damage|p1a: Zapdos|16/100
|-unboost|p2a: Zamazenta|def|1
|-unboost|p2a: Zamazenta|spd|1
|-damage|p2a: Zamazenta|84/100|[from] item: Life Orb
|
|-weather|Sandstorm|[upkeep]
|-damage|p2a: Zamazenta|78/100|[from] Sandstorm
|-damage|p1a: Zapdos|10/100|[from] Sandstorm
|upkeep
|turn|10
|
|t:|1776076695
|move|p2a: Zamazenta|Close Combat|p1a: Zapdos
|-resisted|p1a: Zapdos
|-damage|p1a: Zapdos|0 fnt
|-unboost|p2a: Zamazenta|def|1
|-unboost|p2a: Zamazenta|spd|1
|faint|p1a: Zapdos
|-damage|p2a: Zamazenta|68/100|[from] item: Life Orb
|
|-weather|Sandstorm|[upkeep]
|-damage|p2a: Zamazenta|62/100|[from] Sandstorm
|upkeep
|
|t:|1776076699
|switch|p1a: Keldeo|Keldeo-Resolute|94/100
|turn|11
|
|t:|1776076709
|switch|p2a: Gholdengo|Gholdengo|100/100
|-damage|p2a: Gholdengo|94/100|[from] Stealth Rock
|move|p1a: Keldeo|Surf|p2a: Gholdengo
|-damage|p2a: Gholdengo|33/100
|
|-weather|Sandstorm|[upkeep]
|-damage|p1a: Keldeo|88/100|[from] Sandstorm
|upkeep
|turn|12
|
|t:|1776076724
|move|p1a: Keldeo|Surf|p2a: Gholdengo
|-damage|p2a: Gholdengo|0 fnt
|faint|p2a: Gholdengo
|
|-weather|Sandstorm|[upkeep]
|-damage|p1a: Keldeo|82/100|[from] Sandstorm
|upkeep
|inactive|Kaaspioent has 120 seconds left.
|
|t:|1776076751
|switch|p2a: Zamazenta|Zamazenta|62/100
|-damage|p2a: Zamazenta|56/100|[from] Stealth Rock
|turn|13
|
|t:|1776076756
|move|p2a: Zamazenta|Close Combat|p1a: Keldeo
|-damage|p1a: Keldeo|0 fnt
|-unboost|p2a: Zamazenta|def|1
|-unboost|p2a: Zamazenta|spd|1
|faint|p1a: Keldeo
|-damage|p2a: Zamazenta|46/100|[from] item: Life Orb
|
|-weather|none
|upkeep
|
|t:|1776076759
|switch|p1a: Kingambit|Kingambit, M|100/100
|-activate|p1a: Kingambit|ability: Supreme Overlord
|-start|p1a: Kingambit|fallen5|[silent]
|turn|14
|
|t:|1776076769
|-terastallize|p1a: Kingambit|Dark
|move|p1a: Kingambit|Sucker Punch|p2a: Zamazenta
|-resisted|p2a: Zamazenta
|-damage|p2a: Zamazenta|0 fnt
|faint|p2a: Zamazenta
|
|upkeep
|inactive|Kaaspioent has 120 seconds left.
|
|t:|1776076796
|switch|p2a: Great Tusk|Great Tusk|100/100
|-damage|p2a: Great Tusk|97/100|[from] Stealth Rock
|-enditem|p2a: Great Tusk|Booster Energy
|-activate|p2a: Great Tusk|ability: Protosynthesis|[fromitem]
|-start|p2a: Great Tusk|protosynthesisspe
|turn|15
|
|t:|1776076810
|move|p2a: Great Tusk|Bulk Up|p2a: Great Tusk
|-boost|p2a: Great Tusk|atk|1
|-boost|p2a: Great Tusk|def|1
|move|p1a: Kingambit|Iron Head|p2a: Great Tusk
|-damage|p2a: Great Tusk|68/100
|
|upkeep
|turn|16
|
|t:|1776076816
|move|p2a: Great Tusk|Headlong Rush|p1a: Kingambit
|-damage|p1a: Kingambit|28/100
|-unboost|p2a: Great Tusk|def|1
|-unboost|p2a: Great Tusk|spd|1
|move|p1a: Kingambit|Swords Dance|p1a: Kingambit
|-boost|p1a: Kingambit|atk|2
|
|-heal|p1a: Kingambit|34/100|[from] item: Leftovers
|upkeep
|turn|17
|
|t:|1776076822
|move|p1a: Kingambit|Sucker Punch|p2a: Great Tusk
|-resisted|p2a: Great Tusk
|-damage|p2a: Great Tusk|19/100
|move|p2a: Great Tusk|Headlong Rush|p1a: Kingambit
|-damage|p1a: Kingambit|0 fnt
|-unboost|p2a: Great Tusk|def|1
|-unboost|p2a: Great Tusk|spd|1
|faint|p1a: Kingambit
|-end|p1a: Kingambit|fallen5|[silent]
|
|win|Kaaspioent
|raw|Pecibiches's rating: 1338 &rarr; <strong>1315</strong><br />(-23 for losing)
|raw|Kaaspioent's rating: 1293 &rarr; <strong>1321</strong><br />(+28 for winning)
|l|☆Pecibiches
|player|p1|
|l|☆Kaaspioent
|player|p2|
