|html|<div class="broadcast-blue"><strong>[Gen 9] OU is currently suspecting Tera Blast! For information on how to participate check out the <a href="https://www.smogon.com/tools/suspects/view/200">suspect thread</a>.</strong></div>
|j|☆whgsosla6
|j|☆Ak444me
|t:|1776075136
|gametype|singles
|player|p1|whgsosla6|miku-ghost|1124
|player|p2|Ak444me|bellelba|1131
|gen|9
|tier|[Gen 9] OU
|rated|
|rule|HP Percentage Mod: HP is shown in percentages
|rule|Endless Battle Clause: Forcing endless battles is banned
|rule|Species Clause: Limit one of each Pokémon
|rule|OHKO Clause: OHKO moves are banned
|rule|Evasion Items Clause: Evasion items are banned
|rule|Evasion Moves Clause: Evasion moves are banned
|rule|Evasion Abilities Clause: Evasion abilities are banned
|rule|Sleep Moves Clause: Sleep-inducing moves are banned
|clearpoke
|poke|p1|Gholdengo|
|poke|p1|Thundurus, M|
|poke|p1|Zamazenta-*|
|poke|p1|Deoxys-Speed|
|poke|p1|Primarina, M|
|poke|p1|Porygon-Z|
|poke|p2|Pelipper, F|
|poke|p2|Dragonite, F|
|poke|p2|Basculegion, M|
|poke|p2|Sneasel-Hisui, M|
|poke|p2|Rotom-Wash|
|poke|p2|Duraludon, F|
|teampreview
|inactive|Battle timer is ON: inactive players will automatically lose when time's up. (requested by whgsosla6)
|
|t:|1776075142
|teamsize|p1|6
|teamsize|p2|6
|start
|switch|p1a: Deoxys|Deoxys-Speed|100/100
|switch|p2a: Duraludon|Duraludon, F|100/100
|-ability|p1a: Deoxys|Pressure
|turn|1
|
|t:|1776075146
|move|p1a: Deoxys|Stealth Rock|p2a: Duraludon
|-sidestart|p2: Ak444me|move: Stealth Rock
|move|p2a: Duraludon|Light Screen|p2a: Duraludon
|-sidestart|p2: Ak444me|move: Light Screen
|
|upkeep
|turn|2
|
|t:|1776075151
|move|p1a: Deoxys|Taunt|p2a: Duraludon
|-start|p2a: Duraludon|move: Taunt
|cant|p2a: Duraludon|move: Taunt|Stealth Rock
|
|upkeep
|turn|3
|
|t:|1776075159
|move|p1a: Deoxys|Skill Swap|p2a: Duraludon
|-activate|p1a: Deoxys|Skill Swap|Heavy Metal|Pressure|[of] p2a: Duraludon
|-ability|p2a: Duraludon|Pressure
|move|p2a: Duraludon|Draco Meteor|p1a: Deoxys
|-damage|p1a: Deoxys|17/100
|-unboost|p2a: Duraludon|spa|2
|
|upkeep
|turn|4
|
|t:|1776075168
|move|p1a: Deoxys|Psycho Boost|p2a: Duraludon
|-resisted|p2a: Duraludon
|-damage|p2a: Duraludon|84/100
|-unboost|p1a: Deoxys|spa|2
|move|p2a: Duraludon|Flash Cannon|p1a: Deoxys
|-damage|p1a: Deoxys|0 fnt
|faint|p1a: Deoxys
|
|-end|p2a: Duraludon|move: Taunt
|upkeep
|
|t:|1776075176
|switch|p1a: Zamazenta|Zamazenta|100/100
|-ability|p1a: Zamazenta|Dauntless Shield|boost
|-boost|p1a: Zamazenta|def|1
|turn|5
|
|t:|1776075182
|move|p1a: Zamazenta|Close Combat|p2a: Duraludon
|-supereffective|p2a: Duraludon
|-damage|p2a: Duraludon|0 fnt
|-unboost|p1a: Zamazenta|def|1
|-unboost|p1a: Zamazenta|spd|1
|faint|p2a: Duraludon
|
|-sideend|p2: Ak444me|move: Light Screen
|upkeep
|
|t:|1776075187
|switch|p2a: Pelipper|Pelipper, F|100/100
|-damage|p2a: Pelipper|76/100|[from] Stealth Rock
|turn|6
|
|t:|1776075199
|switch|p1a: Porygon-Z|Porygon-Z, shiny|100/100
|-ability|p1a: Porygon-Z|Download|boost
|-boost|p1a: Porygon-Z|spa|1
|move|p2a: Pelipper|Tailwind|p2a: Pelipper
|-sidestart|p2: Ak444me|move: Tailwind
|
|upkeep
|turn|7
|
|t:|1776075206
|move|p2a: Pelipper|U-turn|p1a: Porygon-Z
|-crit|p1a: Porygon-Z
|-damage|p1a: Porygon-Z|81/100
|
|t:|1776075214
|switch|p2a: Rotom|Rotom-Wash|100/100|[from] U-turn
|-damage|p2a: Rotom|88/100|[from] Stealth Rock
|move|p1a: Porygon-Z|Thunderbolt|p2a: Rotom
|-damage|p2a: Rotom|32/100
|
|-heal|p2a: Rotom|38/100|[from] item: Leftovers
|upkeep
|turn|8
|
|t:|1776075219
|move|p2a: Rotom|Pain Split|p1a: Porygon-Z
|-sethp|p1a: Porygon-Z|59/100|[from] move: Pain Split|[silent]
|-sethp|p2a: Rotom|60/100|[from] move: Pain Split
|move|p1a: Porygon-Z|Thunderbolt|p2a: Rotom
|-crit|p2a: Rotom
|-damage|p2a: Rotom|0 fnt
|faint|p2a: Rotom
|
|upkeep
|
|t:|1776075223
|switch|p2a: Sneasel|Sneasel-Hisui, M|100/100
|-damage|p2a: Sneasel|95/100|[from] Stealth Rock
|turn|9
|
|t:|1776075231
|-terastallize|p1a: Porygon-Z|Ghost
|move|p2a: Sneasel|Close Combat|p1a: Porygon-Z
|-immune|p1a: Porygon-Z
|move|p1a: Porygon-Z|Shadow Ball|p2a: Sneasel
|-damage|p2a: Sneasel|0 fnt
|faint|p2a: Sneasel
|
|-sideend|p2: Ak444me|move: Tailwind
|upkeep
|
|t:|1776075235
|switch|p2a: Dragonite|Dragonite, F|100/100
|turn|10
|
|t:|1776075249
|move|p1a: Porygon-Z|Tri Attack|p2a: Dragonite
|-damage|p2a: Dragonite|64/100
|move|p2a: Dragonite|Dragon Dance|p2a: Dragonite
|-boost|p2a: Dragonite|atk|1
|-boost|p2a: Dragonite|spe|1
|
|upkeep
|turn|11
|
|t:|1776075256
|move|p2a: Dragonite|Earthquake|p1a: Porygon-Z
|-damage|p1a: Porygon-Z|0 fnt
|faint|p1a: Porygon-Z
|
|upkeep
|
|t:|1776075284
|switch|p1a: Primarina|Primarina, M, shiny|100/100
|turn|12
|
|t:|1776075288
|-terastallize|p2a: Dragonite|Normal
|move|p2a: Dragonite|Dragon Dance|p2a: Dragonite
|-boost|p2a: Dragonite|atk|1
|-boost|p2a: Dragonite|spe|1
|move|p1a: Primarina|Draining Kiss|p2a: Dragonite
|-crit|p2a: Dragonite
|-damage|p2a: Dragonite|20/100
|
|upkeep
|turn|13
|
|t:|1776075305
|move|p2a: Dragonite|Extreme Speed|p1a: Primarina
|-damage|p1a: Primarina|0 fnt
|faint|p1a: Primarina
|
|upkeep
|
|t:|1776075320
|switch|p1a: Thundurus|Thundurus, M|100/100
|turn|14
|
|t:|1776075323
|move|p1a: Thundurus|Thunder Wave|p2a: Dragonite
|-status|p2a: Dragonite|par
|move|p2a: Dragonite|Ice Spinner|p1a: Thundurus
|-supereffective|p1a: Thundurus
|-damage|p1a: Thundurus|0 fnt
|faint|p1a: Thundurus
|
|upkeep
|
|t:|1776075334
|switch|p1a: Gholdengo|Gholdengo|100/100
|turn|15
|
|t:|1776075340
|move|p1a: Gholdengo|Dazzling Gleam|p2a: Dragonite
|-crit|p2a: Dragonite
|-damage|p2a: Dragonite|0 fnt
|faint|p2a: Dragonite
|
|upkeep
|
|t:|1776075344
|switch|p2a: Pelipper|Pelipper, F|76/100
|-damage|p2a: Pelipper|51/100|[from] Stealth Rock
|turn|16
|
|t:|1776075348
|move|p1a: Gholdengo|Dazzling Gleam|p2a: Pelipper
|-damage|p2a: Pelipper|4/100
|move|p2a: Pelipper|Tailwind|p2a: Pelipper
|-sidestart|p2: Ak444me|move: Tailwind
|
|upkeep
|turn|17
|
|t:|1776075353
|move|p1a: Gholdengo|Dazzling Gleam|p2a: Pelipper
|-damage|p2a: Pelipper|0 fnt
|faint|p2a: Pelipper
|
|upkeep
|
|t:|1776075354
|switch|p2a: Basculegion|Basculegion, M|100/100
|-damage|p2a: Basculegion|88/100|[from] Stealth Rock
|turn|18
|
|t:|1776075361
|move|p2a: Basculegion|Phantom Force||[still]
|-prepare|p2a: Basculegion|Phantom Force
|move|p1a: Gholdengo|Dazzling Gleam|p2a: Basculegion|[miss]
|-miss|p1a: Gholdengo|p2a: Basculegion
|
|upkeep
|turn|19
|
|t:|1776075365
|move|p2a: Basculegion|Phantom Force|p1a: Gholdengo|[from] lockedmove
|-supereffective|p1a: Gholdengo
|-damage|p1a: Gholdengo|0 fnt
|faint|p1a: Gholdengo
|
|-sideend|p2: Ak444me|move: Tailwind
|upkeep
|
|t:|1776075368
|switch|p1a: Zamazenta|Zamazenta|100/100
|turn|20
|
|t:|1776075371
|move|p1a: Zamazenta|Crunch|p2a: Basculegion
|-supereffective|p2a: Basculegion
|-damage|p2a: Basculegion|0 fnt
|faint|p2a: Basculegion
|
|win|whgsosla6
|raw|whgsosla6's rating: 1124 &rarr; <strong>1150</strong><br />(+26 for winning)
|raw|Ak444me's rating: 1131 &rarr; <strong>1105</strong><br />(-26 for losing)
|l|☆Ak444me
|player|p2|
|l|☆whgsosla6
|player|p1|
