|html|<div class="broadcast-blue"><strong>[Gen 9] OU is currently suspecting Tera Blast! For information on how to participate check out the <a href="https://www.smogon.com/tools/suspects/view/200">suspect thread</a>.</strong></div>
|j|☆Fermin59
|j|‽gdog6969
|t:|1776076113
|gametype|singles
|player|p1|Fermin59|dawn|1095
|player|p2|gdog6969|169|1137
|gen|9
|tier|[Gen 9] OU
|rated|
|rule|HP Percentage Mod: HP is shown in percentages
|rule|Endless Battle Clause: Forcing endless battles is banned
|rule|Species Clause: Limit one of each Pokémon
|rule|OHKO Clause: OHKO moves are banned
|rule|Evasion Items Clause: Evasion items are banned
|rule|Evasion Moves Clause: Evasion moves are banned
|rule|Evasion Abilities Clause: Evasion abilities are banned
|rule|Sleep Moves Clause: Sleep-inducing moves are banned
|clearpoke
|poke|p1|Scizor, M|
|poke|p1|Heracross, F|
|poke|p1|Rotom-Wash|
|poke|p1|Gliscor, M|
|poke|p1|Zoroark, F|
|poke|p1|Yanmega, M|
|poke|p2|Smeargle, M|
|poke|p2|Cinderace, M|
|poke|p2|Serperior, M|
|poke|p2|Ogerpon, F|
|poke|p2|Rillaboom, M|
|poke|p2|Kingambit, M|
|teampreview
|
|t:|1776076120
|teamsize|p1|6
|teamsize|p2|6
|start
|switch|p1a: Scyth3r|Scizor, M, shiny|100/100
|switch|p2a: Smeargle|Smeargle, M|100/100
|turn|1
|
|t:|1776076136
|move|p2a: Smeargle|Sticky Web|p1a: Scyth3r
|-sidestart|p1: Fermin59|move: Sticky Web
|move|p1a: Scyth3r|Close Combat|p2a: Smeargle
|-supereffective|p2a: Smeargle
|-enditem|p2a: Smeargle|Focus Sash
|-damage|p2a: Smeargle|1/100
|-unboost|p1a: Scyth3r|def|1
|-unboost|p1a: Scyth3r|spd|1
|
|upkeep
|turn|2
|
|t:|1776076157
|move|p2a: Smeargle|Burning Bulwark|p2a: Smeargle
|-singleturn|p2a: Smeargle|move: Protect
|move|p1a: Scyth3r|Close Combat|p2a: Smeargle
|-activate|p2a: Smeargle|move: Protect
|-status|p1a: Scyth3r|brn
|
|-damage|p1a: Scyth3r|94/100 brn|[from] brn
|upkeep
|turn|3
|
|t:|1776076165
|move|p2a: Smeargle|Court Change|p2a: Smeargle
|-swapsideconditions
|-activate|p2a: Smeargle|move: Court Change
|move|p1a: Scyth3r|Close Combat|p2a: Smeargle
|-supereffective|p2a: Smeargle
|-damage|p2a: Smeargle|0 fnt
|-unboost|p1a: Scyth3r|def|1
|-unboost|p1a: Scyth3r|spd|1
|faint|p2a: Smeargle
|
|-damage|p1a: Scyth3r|88/100 brn|[from] brn
|upkeep
|
|t:|1776076179
|switch|p2a: Rillaboom|Rillaboom, M|100/100
|-activate|p2a: Rillaboom|move: Sticky Web
|-unboost|p2a: Rillaboom|spe|1
|-fieldstart|move: Grassy Terrain|[from] ability: Grassy Surge|[of] p2a: Rillaboom
|turn|4
|
|t:|1776076196
|switch|p1a: Yanmierda|Yanmega, M, shiny|100/100
|move|p2a: Rillaboom|U-turn|p1a: Yanmierda
|-resisted|p1a: Yanmierda
|-damage|p1a: Yanmierda|85/100
|
|t:|1776076206
|switch|p2a: Serperior|Serperior, M|100/100|[from] U-turn
|-activate|p2a: Serperior|move: Sticky Web
|-boost|p2a: Serperior|spe|1
|
|upkeep
|turn|5
|
|t:|1776076212
|-terastallize|p2a: Serperior|Fire
|move|p1a: Yanmierda|Protect|p1a: Yanmierda
|-singleturn|p1a: Yanmierda|Protect
|move|p2a: Serperior|Glare|p1a: Yanmierda
|-activate|p1a: Yanmierda|move: Protect
|
|-ability|p1a: Yanmierda|Speed Boost|boost
|-boost|p1a: Yanmierda|spe|1
|upkeep
|turn|6
|
|t:|1776076227
|switch|p1a: ESTÁ ROTO|Rotom-Wash|100/100
|move|p2a: Serperior|Glare|p1a: ESTÁ ROTO
|-immune|p1a: ESTÁ ROTO
|
|upkeep
|turn|7
|
|t:|1776076232
|move|p2a: Serperior|Leaf Storm|p1a: ESTÁ ROTO
|-supereffective|p1a: ESTÁ ROTO
|-damage|p1a: ESTÁ ROTO|0 fnt
|-boost|p2a: Serperior|spa|2
|faint|p1a: ESTÁ ROTO
|
|upkeep
|
|t:|1776076238
|switch|p1a: Scyth3r|Scizor, M, shiny|100/100
|turn|8
|
|t:|1776076246
|move|p2a: Serperior|Substitute|p2a: Serperior
|-start|p2a: Serperior|Substitute
|-damage|p2a: Serperior|76/100
|move|p1a: Scyth3r|Dark Pulse|p2a: Serperior
|-end|p2a: Serperior|Substitute
|-damage|p1a: Scyth3r|91/100|[from] item: Life Orb
|
|-heal|p2a: Serperior|82/100|[from] Grassy Terrain
|-heal|p2a: Serperior|88/100|[from] item: Leftovers
|-heal|p1a: Scyth3r|97/100|[from] Grassy Terrain
|upkeep
|turn|9
|
|t:|1776076259
|move|p2a: Serperior|Leaf Storm|p1a: Scyth3r|[miss]
|-miss|p2a: Serperior|p1a: Scyth3r
|move|p1a: Scyth3r|Dark Pulse|p2a: Serperior
|-damage|p2a: Serperior|27/100
|-damage|p1a: Scyth3r|87/100|[from] item: Life Orb
|
|-heal|p2a: Serperior|33/100|[from] Grassy Terrain
|-heal|p2a: Serperior|40/100|[from] item: Leftovers
|-heal|p1a: Scyth3r|93/100|[from] Grassy Terrain
|upkeep
|turn|10
|
|t:|1776076304
|move|p2a: Serperior|Leaf Storm|p1a: Scyth3r
|-damage|p1a: Scyth3r|0 fnt
|-boost|p2a: Serperior|spa|2
|replace|p1a: Zorrón|Zoroark, F
|-end|p1a: Zorrón|Illusion
|faint|p1a: Zorrón
|
|-heal|p2a: Serperior|46/100|[from] Grassy Terrain
|-heal|p2a: Serperior|52/100|[from] item: Leftovers
|upkeep
|
|t:|1776076316
|switch|p1a: Heracross|Heracross, F, shiny|100/100
|turn|11
|
|t:|1776076323
|move|p2a: Serperior|Tera Blast|p1a: Heracross|[anim] Tera Blast Fire
|-supereffective|p1a: Heracross
|-damage|p1a: Heracross|0 fnt
|faint|p1a: Heracross
|
|-heal|p2a: Serperior|58/100|[from] Grassy Terrain
|-heal|p2a: Serperior|64/100|[from] item: Leftovers
|-fieldend|move: Grassy Terrain
|upkeep
|c|☆Fermin59|Balanced
|-message|Fermin59 forfeited.
|
|win|gdog6969
|raw|Fermin59's rating: 1095 &rarr; <strong>1074</strong><br />(-21 for losing)
|raw|gdog6969's rating: 1137 &rarr; <strong>1159</strong><br />(+22 for winning)
|l|☆Fermin59
|player|p1|
|l|‽gdog6969
|player|p2|
