|html|<div class="broadcast-blue"><strong>[Gen 9] OU is currently suspecting Tera Blast! For information on how to participate check out the <a href="https://www.smogon.com/tools/suspects/view/200">suspect thread</a>.</strong></div>
|j|☆Rotsen1
|j|☆nonchalant_chef
|t:|1776078690
|gametype|singles
|player|p1|Rotsen1|266|1055
|player|p2|nonchalant_chef|cilan|1096
|gen|9
|tier|[Gen 9] OU
|rated|
|rule|HP Percentage Mod: HP is shown in percentages
|rule|Endless Battle Clause: Forcing endless battles is banned
|rule|Species Clause: Limit one of each Pokémon
|rule|OHKO Clause: OHKO moves are banned
|rule|Evasion Items Clause: Evasion items are banned
|rule|Evasion Moves Clause: Evasion moves are banned
|rule|Evasion Abilities Clause: Evasion abilities are banned
|rule|Sleep Moves Clause: Sleep-inducing moves are banned
|clearpoke
|poke|p1|Vaporeon, M|
|poke|p1|Sylveon, M|
|poke|p1|Espeon, M|
|poke|p1|Flareon, F|
|poke|p1|Jolteon, M|
|poke|p1|Leafeon, M|
|poke|p2|Arbok, M|
|poke|p2|Arboliva, M|
|poke|p2|Pikachu, F|
|poke|p2|Mismagius, F|
|poke|p2|Orthworm, F|
|poke|p2|Dachsbun, F|
|teampreview
|inactive|Battle timer is ON: inactive players will automatically lose when time's up. (requested by nonchalant_chef)
|j| ohko_smeargle
|
|t:|1776078703
|teamsize|p1|6
|teamsize|p2|6
|start
|switch|p1a: Jolteon|Jolteon, M|100/100
|switch|p2a: Orthworm|Orthworm, F|100/100
|turn|1
|
|t:|1776078710
|move|p1a: Jolteon|Volt Switch|p2a: Orthworm
|-damage|p2a: Orthworm|41/100
|
|t:|1776078718
|switch|p1a: Flareon|Flareon, F|100/100|[from] Volt Switch
|move|p2a: Orthworm|Stealth Rock|p1a: Flareon
|-sidestart|p1: Rotsen1|move: Stealth Rock
|
|-heal|p2a: Orthworm|47/100|[from] item: Leftovers
|-status|p1a: Flareon|tox|[from] item: Toxic Orb
|upkeep
|turn|2
|
|t:|1776078728
|switch|p2a: Dachsbun|Dachsbun, F|100/100
|move|p1a: Flareon|Flare Blitz|p2a: Dachsbun
|-ability|p2a: Dachsbun|Well-Baked Body|boost
|-boost|p2a: Dachsbun|def|2
|
|-damage|p1a: Flareon|95/100 tox|[from] psn
|upkeep
|turn|3
|
|t:|1776078742
|switch|p1a: Espeon|Espeon, M|100/100
|-damage|p1a: Espeon|88/100|[from] Stealth Rock
|move|p2a: Dachsbun|Body Press|p1a: Espeon
|-resisted|p1a: Espeon
|-damage|p1a: Espeon|32/100
|-damage|p2a: Dachsbun|84/100|[from] item: Rocky Helmet|[of] p1a: Espeon
|
|upkeep
|turn|4
|
|t:|1776078760
|move|p1a: Espeon|Psyshock|p2a: Dachsbun
|-damage|p2a: Dachsbun|68/100
|move|p2a: Dachsbun|Body Press|p1a: Espeon
|-resisted|p1a: Espeon
|-damage|p1a: Espeon|0 fnt
|-damage|p2a: Dachsbun|51/100|[from] item: Rocky Helmet|[of] p1a: Espeon
|faint|p1a: Espeon
|
|upkeep
|
|t:|1776078770
|switch|p1a: Vaporeon|Vaporeon, M|100/100
|-damage|p1a: Vaporeon|88/100|[from] Stealth Rock
|turn|5
|
|t:|1776078775
|move|p2a: Dachsbun|Wish|p2a: Dachsbun
|move|p1a: Vaporeon|Calm Mind|p1a: Vaporeon
|-boost|p1a: Vaporeon|spa|1
|-boost|p1a: Vaporeon|spd|1
|
|-heal|p1a: Vaporeon|94/100|[from] item: Leftovers
|upkeep
|turn|6
|
|t:|1776078784
|move|p2a: Dachsbun|Body Press|p1a: Vaporeon
|-damage|p1a: Vaporeon|47/100
|move|p1a: Vaporeon|Rain Dance|p1a: Vaporeon
|-weather|RainDance
|
|-weather|RainDance|[upkeep]
|-heal|p2a: Dachsbun|100/100|[from] move: Wish|[wisher] Dachsbun
|-heal|p1a: Vaporeon|53/100|[from] item: Leftovers
|upkeep
|turn|7
|
|t:|1776078793
|move|p2a: Dachsbun|Body Press|p1a: Vaporeon
|-damage|p1a: Vaporeon|0 fnt
|faint|p1a: Vaporeon
|
|-weather|RainDance|[upkeep]
|upkeep
|
|t:|1776078809
|switch|p1a: Jolteon|Jolteon, M|100/100
|-damage|p1a: Jolteon|88/100|[from] Stealth Rock
|turn|8
|
|t:|1776078813
|switch|p2a: Pikachu|Pikachu, F|100/100
|move|p1a: Jolteon|Thunderbolt|p2a: Pikachu
|-ability|p2a: Pikachu|Lightning Rod|boost
|-boost|p2a: Pikachu|spa|1
|
|-weather|RainDance|[upkeep]
|-status|p1a: Jolteon|brn|[from] item: Flame Orb
|upkeep
|turn|9
|
|t:|1776078823
|move|p1a: Jolteon|Alluring Voice|p2a: Pikachu
|-crit|p2a: Pikachu
|-damage|p2a: Pikachu|0 fnt
|faint|p2a: Pikachu
|
|-weather|RainDance|[upkeep]
|-damage|p1a: Jolteon|82/100 brn|[from] brn
|upkeep
|
|t:|1776078830
|switch|p2a: Arboliva|Arboliva, M|100/100
|turn|10
|
|t:|1776078843
|move|p1a: Jolteon|Alluring Voice|p2a: Arboliva
|-damage|p2a: Arboliva|78/100
|-fieldstart|move: Grassy Terrain|[from] ability: Seed Sower|[of] p2a: Arboliva
|move|p2a: Arboliva|Hyper Voice|p1a: Jolteon
|-damage|p1a: Jolteon|15/100 brn
|-enditem|p2a: Arboliva|Throat Spray
|-boost|p2a: Arboliva|spa|1|[from] item: Throat Spray
|
|-weather|none
|-heal|p1a: Jolteon|21/100 brn|[from] Grassy Terrain
|-heal|p2a: Arboliva|84/100|[from] Grassy Terrain
|-damage|p1a: Jolteon|15/100 brn|[from] brn
|upkeep
|turn|11
|
|t:|1776078856
|move|p1a: Jolteon|Hyper Voice|p2a: Arboliva
|-damage|p2a: Arboliva|59/100
|move|p2a: Arboliva|Giga Drain|p1a: Jolteon
|-damage|p1a: Jolteon|0 fnt
|-heal|p2a: Arboliva|64/100|[from] drain|[of] p1a: Jolteon
|faint|p1a: Jolteon
|
|-heal|p2a: Arboliva|70/100|[from] Grassy Terrain
|upkeep
|
|t:|1776078868
|switch|p1a: Flareon|Flareon, F|95/100 tox
|-damage|p1a: Flareon|70/100 tox|[from] Stealth Rock
|turn|12
|
|t:|1776078876
|switch|p2a: Dachsbun|Dachsbun, F|100/100
|move|p1a: Flareon|Facade|p2a: Dachsbun
|-damage|p2a: Dachsbun|43/100
|-damage|p1a: Flareon|53/100 tox|[from] item: Rocky Helmet|[of] p2a: Dachsbun
|
|-heal|p2a: Dachsbun|49/100|[from] Grassy Terrain
|-heal|p1a: Flareon|59/100 tox|[from] Grassy Terrain
|-damage|p1a: Flareon|53/100 tox|[from] psn
|upkeep
|turn|13
|
|t:|1776078888
|move|p2a: Dachsbun|Protect|p2a: Dachsbun
|-singleturn|p2a: Dachsbun|Protect
|move|p1a: Flareon|Facade|p2a: Dachsbun
|-activate|p2a: Dachsbun|move: Protect
|
|-heal|p2a: Dachsbun|55/100|[from] Grassy Terrain
|-heal|p1a: Flareon|59/100 tox|[from] Grassy Terrain
|-damage|p1a: Flareon|47/100 tox|[from] psn
|upkeep
|turn|14
|
|t:|1776078903
|switch|p2a: Mismagius|Mismagius, F|100/100
|move|p1a: Flareon|Facade|p2a: Mismagius
|-immune|p2a: Mismagius
|
|-heal|p1a: Flareon|53/100 tox|[from] Grassy Terrain
|-damage|p1a: Flareon|36/100 tox|[from] psn
|-fieldend|move: Grassy Terrain
|upkeep
|turn|15
|
|t:|1776078914
|-terastallize|p2a: Mismagius|Ghost
|move|p2a: Mismagius|Shadow Ball|p1a: Flareon
|-damage|p1a: Flareon|0 fnt
|faint|p1a: Flareon
|
|upkeep
|
|t:|1776078921
|switch|p1a: Sylveon|Sylveon, M|100/100
|-damage|p1a: Sylveon|88/100|[from] Stealth Rock
|turn|16
|
|t:|1776078928
|move|p2a: Mismagius|Shadow Ball|p1a: Sylveon
|-damage|p1a: Sylveon|43/100
|move|p1a: Sylveon|Shadow Ball|p2a: Mismagius
|-supereffective|p2a: Mismagius
|-damage|p2a: Mismagius|35/100
|
|upkeep
|turn|17
|
|t:|1776078937
|-terastallize|p1a: Sylveon|Fairy
|move|p2a: Mismagius|Shadow Ball|p1a: Sylveon
|-damage|p1a: Sylveon|0 fnt
|faint|p1a: Sylveon
|
|upkeep
|
|t:|1776078944
|switch|p1a: Leafeon|Leafeon, M|100/100
|-damage|p1a: Leafeon|88/100|[from] Stealth Rock
|turn|18
|
|t:|1776078950
|move|p2a: Mismagius|Shadow Ball|p1a: Leafeon
|-damage|p1a: Leafeon|0 fnt
|faint|p1a: Leafeon
|
|win|nonchalant_chef
|raw|Rotsen1's rating: 1055 &rarr; <strong>1039</strong><br />(-16 for losing)
|raw|nonchalant_chef's rating: 1096 &rarr; <strong>1119</strong><br />(+23 for winning)
|l| ohko_smeargle
|l|☆nonchalant_chef
|player|p2|
|l|☆Rotsen1
|player|p1|
