|html|<div class="broadcast-blue"><strong>[Gen 9] OU is currently suspecting Tera Blast! For information on how to participate check out the <a href="https://www.smogon.com/tools/suspects/view/200">suspect thread</a>.</strong></div>
|j|☆Mathdragon
|j|☆lezombiebleu
|t:|1776047050
|gametype|singles
|player|p1|Mathdragon|lady-gen4|1326
|player|p2|lezombiebleu|proton|1283
|gen|9
|tier|[Gen 9] OU
|rated|
|rule|HP Percentage Mod: HP is shown in percentages
|rule|Endless Battle Clause: Forcing endless battles is banned
|rule|Species Clause: Limit one of each Pokémon
|rule|OHKO Clause: OHKO moves are banned
|rule|Evasion Items Clause: Evasion items are banned
|rule|Evasion Moves Clause: Evasion moves are banned
|rule|Evasion Abilities Clause: Evasion abilities are banned
|rule|Sleep Moves Clause: Sleep-inducing moves are banned
|clearpoke
|poke|p1|Dragapult, M|
|poke|p1|Tinkaton, F|
|poke|p1|Drifblim, F|
|poke|p1|Dondozo, F|
|poke|p1|Blissey, F|
|poke|p1|Exeggutor, F|
|poke|p2|Pelipper, F|
|poke|p2|Raging Bolt|
|poke|p2|Overqwil, F|
|poke|p2|Barraskewda, F|
|poke|p2|Iron Treads|
|poke|p2|Kingambit, F|
|teampreview
|
|t:|1776047057
|teamsize|p1|6
|teamsize|p2|6
|start
|switch|p1a: Dragapult|Dragapult, M|100/100
|switch|p2a: Iron Treads|Iron Treads|100/100
|-enditem|p2a: Iron Treads|Booster Energy
|-activate|p2a: Iron Treads|ability: Quark Drive|[fromitem]
|-start|p2a: Iron Treads|quarkdrivespe
|turn|1
|inactive|Battle timer is ON: inactive players will automatically lose when time's up. (requested by Mathdragon)
|
|t:|1776047066
|move|p1a: Dragapult|U-turn|p2a: Iron Treads
|-resisted|p2a: Iron Treads
|-damage|p2a: Iron Treads|89/100
|
|t:|1776047071
|switch|p1a: Drifblim|Drifblim, F|100/100|[from] U-turn
|move|p2a: Iron Treads|Stealth Rock|p1a: Drifblim
|-sidestart|p1: Mathdragon|move: Stealth Rock
|
|upkeep
|turn|2
|
|t:|1776047083
|-end|p2a: Iron Treads|Quark Drive|[silent]
|switch|p2a: Raging Bolt|Raging Bolt|100/100
|-enditem|p2a: Raging Bolt|Booster Energy
|-activate|p2a: Raging Bolt|ability: Protosynthesis|[fromitem]
|-start|p2a: Raging Bolt|protosynthesisspa
|move|p1a: Drifblim|Will-O-Wisp|p2a: Raging Bolt
|-status|p2a: Raging Bolt|brn
|
|-damage|p2a: Raging Bolt|94/100 brn|[from] brn
|upkeep
|turn|3
|
|t:|1776047094
|switch|p1a: Blissey|Blissey, F|100/100
|move|p2a: Raging Bolt|Thunder|p1a: Blissey
|-damage|p1a: Blissey|71/100
|
|-damage|p2a: Raging Bolt|88/100 brn|[from] brn
|upkeep
|turn|4
|
|t:|1776047103
|-end|p2a: Raging Bolt|Protosynthesis|[silent]
|switch|p2a: Pelipper|Pelipper, F|100/100
|-weather|RainDance|[from] ability: Drizzle|[of] p2a: Pelipper
|move|p1a: Blissey|Seismic Toss|p2a: Pelipper
|-damage|p2a: Pelipper|70/100
|
|-weather|RainDance|[upkeep]
|upkeep
|turn|5
|
|t:|1776047115
|switch|p2a: Overqwil|Overqwil, F|100/100
|move|p1a: Blissey|Seismic Toss|p2a: Overqwil
|-damage|p2a: Overqwil|69/100
|
|-weather|RainDance|[upkeep]
|upkeep
|turn|6
|
|t:|1776047123
|switch|p1a: Dondozo|Dondozo, F|100/100
|-damage|p1a: Dondozo|88/100|[from] Stealth Rock
|move|p2a: Overqwil|Swords Dance|p2a: Overqwil
|-boost|p2a: Overqwil|atk|2
|
|-weather|RainDance|[upkeep]
|-heal|p1a: Dondozo|94/100|[from] item: Leftovers
|upkeep
|turn|7
|
|t:|1776047133
|move|p2a: Overqwil|Gunk Shot|p1a: Dondozo|[miss]
|-miss|p2a: Overqwil|p1a: Dondozo
|move|p1a: Dondozo|Earthquake|p2a: Overqwil
|-supereffective|p2a: Overqwil
|-damage|p2a: Overqwil|15/100
|
|-weather|RainDance|[upkeep]
|-heal|p1a: Dondozo|99/100|[from] item: Leftovers
|upkeep
|turn|8
|
|t:|1776047142
|move|p2a: Overqwil|Gunk Shot|p1a: Dondozo
|-damage|p1a: Dondozo|62/100
|-damage|p2a: Overqwil|5/100|[from] item: Life Orb
|move|p1a: Dondozo|Body Press|p2a: Overqwil
|-damage|p2a: Overqwil|0 fnt
|faint|p2a: Overqwil
|
|-weather|RainDance|[upkeep]
|-heal|p1a: Dondozo|69/100|[from] item: Leftovers
|upkeep
|
|t:|1776047152
|switch|p2a: Raging Bolt|Raging Bolt|88/100 brn
|turn|9
|
|t:|1776047156
|switch|p1a: Blissey|Blissey, F|71/100
|move|p2a: Raging Bolt|Thunder|p1a: Blissey
|-damage|p1a: Blissey|46/100
|
|-weather|RainDance|[upkeep]
|-damage|p2a: Raging Bolt|82/100 brn|[from] brn
|upkeep
|turn|10
|
|t:|1776047166
|move|p2a: Raging Bolt|Draco Meteor|p1a: Blissey
|-damage|p1a: Blissey|17/100
|-unboost|p2a: Raging Bolt|spa|2
|move|p1a: Blissey|Soft-Boiled|p1a: Blissey
|-heal|p1a: Blissey|67/100
|
|-weather|RainDance|[upkeep]
|-damage|p2a: Raging Bolt|76/100 brn|[from] brn
|upkeep
|turn|11
|
|t:|1776047182
|-end|p2a: Raging Bolt|Protosynthesis|[silent]
|switch|p2a: Iron Treads|Iron Treads|89/100
|move|p1a: Blissey|Seismic Toss|p2a: Iron Treads
|-damage|p2a: Iron Treads|58/100
|
|-weather|none
|upkeep
|turn|12
|
|t:|1776047191
|switch|p1a: Drifblim|Drifblim, F|100/100
|move|p2a: Iron Treads|Steel Beam|p1a: Drifblim
|-damage|p1a: Drifblim|34/100
|-damage|p2a: Iron Treads|8/100|[from] steelbeam
|
|upkeep
|turn|13
|
|t:|1776047200
|move|p2a: Iron Treads|Steel Beam|p1a: Drifblim
|-damage|p1a: Drifblim|0 fnt
|-damage|p2a: Iron Treads|0 fnt|[from] steelbeam
|faint|p2a: Iron Treads
|-end|p2a: Iron Treads|Quark Drive|[silent]
|faint|p1a: Drifblim
|
|upkeep
|
|t:|1776047209
|switch|p2a: Pelipper|Pelipper, F|70/100
|switch|p1a: Dragapult|Dragapult, M|100/100
|-damage|p1a: Dragapult|88/100|[from] Stealth Rock
|-weather|RainDance|[from] ability: Drizzle|[of] p2a: Pelipper
|turn|14
|
|t:|1776047218
|move|p1a: Dragapult|Dragon Darts|p2a: Pelipper
|-damage|p2a: Pelipper|51/100
|-anim|p1a: Dragapult|Dragon Darts|p2a: Pelipper
|-damage|p2a: Pelipper|30/100
|move|p2a: Pelipper|Hurricane|p1a: Dragapult
|-damage|p1a: Dragapult|34/100
|
|-weather|RainDance|[upkeep]
|upkeep
|turn|15
|
|t:|1776047227
|switch|p2a: Kingambit|Kingambit, F, shiny|100/100
|-activate|p2a: Kingambit|ability: Supreme Overlord
|-start|p2a: Kingambit|fallen2|[silent]
|move|p1a: Dragapult|Dragon Darts|p2a: Kingambit
|-resisted|p2a: Kingambit
|-damage|p2a: Kingambit|91/100
|-anim|p1a: Dragapult|Dragon Darts|p2a: Kingambit
|-resisted|p2a: Kingambit
|-damage|p2a: Kingambit|81/100
|
|-weather|RainDance|[upkeep]
|-heal|p2a: Kingambit|87/100|[from] item: Leftovers
|upkeep
|turn|16
|
|t:|1776047240
|switch|p1a: Tinkaton|Tinkaton, F|100/100
|-damage|p1a: Tinkaton|94/100|[from] Stealth Rock
|-item|p1a: Tinkaton|Air Balloon
|move|p2a: Kingambit|Swords Dance|p2a: Kingambit
|-boost|p2a: Kingambit|atk|2
|
|-weather|RainDance|[upkeep]
|-heal|p2a: Kingambit|94/100|[from] item: Leftovers
|upkeep
|turn|17
|
|t:|1776047261
|move|p1a: Tinkaton|Encore|p2a: Kingambit
|-start|p2a: Kingambit|Encore
|move|p2a: Kingambit|Swords Dance|p2a: Kingambit
|-boost|p2a: Kingambit|atk|2
|
|-weather|RainDance|[upkeep]
|-heal|p2a: Kingambit|99/100|[from] item: Leftovers
|upkeep
|turn|18
|
|t:|1776047271
|switch|p1a: Dondozo|Dondozo, F|69/100
|-damage|p1a: Dondozo|56/100|[from] Stealth Rock
|-end|p2a: Kingambit|fallen2|[silent]
|switch|p2a: Barraskewda|Barraskewda, F|100/100
|
|-weather|RainDance|[upkeep]
|-heal|p1a: Dondozo|62/100|[from] item: Leftovers
|upkeep
|turn|19
|
|t:|1776047283
|move|p2a: Barraskewda|Close Combat|p1a: Dondozo
|-damage|p1a: Dondozo|34/100
|-unboost|p2a: Barraskewda|def|1
|-unboost|p2a: Barraskewda|spd|1
|move|p1a: Dondozo|Body Press|p2a: Barraskewda
|-damage|p2a: Barraskewda|45/100
|
|-weather|RainDance|[upkeep]
|-heal|p1a: Dondozo|40/100|[from] item: Leftovers
|upkeep
|turn|20
|
|t:|1776047293
|switch|p2a: Kingambit|Kingambit, F, shiny|99/100
|-activate|p2a: Kingambit|ability: Supreme Overlord
|-start|p2a: Kingambit|fallen2|[silent]
|move|p1a: Dondozo|Rest|p1a: Dondozo
|-status|p1a: Dondozo|slp|[from] move: Rest
|-heal|p1a: Dondozo|100/100 slp|[silent]
|
|-weather|RainDance|[upkeep]
|-heal|p2a: Kingambit|100/100|[from] item: Leftovers
|upkeep
|turn|21
|
|t:|1776047305
|-end|p2a: Kingambit|fallen2|[silent]
|switch|p2a: Raging Bolt|Raging Bolt|76/100 brn
|cant|p1a: Dondozo|slp
|
|-weather|none
|-damage|p2a: Raging Bolt|70/100 brn|[from] brn
|upkeep
|turn|22
|
|t:|1776047314
|switch|p1a: Blissey|Blissey, F|67/100
|move|p2a: Raging Bolt|Draco Meteor|p1a: Blissey
|-damage|p1a: Blissey|40/100
|-unboost|p2a: Raging Bolt|spa|2
|
|-damage|p2a: Raging Bolt|64/100 brn|[from] brn
|upkeep
|turn|23
|
|t:|1776047329
|-end|p2a: Raging Bolt|Protosynthesis|[silent]
|switch|p2a: Pelipper|Pelipper, F|30/100
|-weather|RainDance|[from] ability: Drizzle|[of] p2a: Pelipper
|move|p1a: Blissey|Heal Bell|p1a: Blissey
|-activate|p1a: Blissey|move: Heal Bell
|-curestatus|p1: Dondozo|slp|[msg]
|
|-weather|RainDance|[upkeep]
|upkeep
|turn|24
|
|t:|1776047339
|move|p1a: Blissey|Soft-Boiled|p1a: Blissey
|-heal|p1a: Blissey|90/100
|move|p2a: Pelipper|Weather Ball|p1a: Blissey
|-damage|p1a: Blissey|73/100
|
|-weather|RainDance|[upkeep]
|upkeep
|turn|25
|
|t:|1776047354
|move|p1a: Blissey|Seismic Toss|p2a: Pelipper
|-damage|p2a: Pelipper|0 fnt
|faint|p2a: Pelipper
|
|-weather|RainDance|[upkeep]
|upkeep
|
|t:|1776047359
|switch|p2a: Barraskewda|Barraskewda, F|45/100
|turn|26
|
|t:|1776047364
|switch|p1a: Tinkaton|Tinkaton, F|94/100
|-damage|p1a: Tinkaton|88/100|[from] Stealth Rock
|-item|p1a: Tinkaton|Air Balloon
|-terastallize|p2a: Barraskewda|Water
|move|p2a: Barraskewda|Liquidation|p1a: Tinkaton
|-damage|p1a: Tinkaton|0 fnt
|-enditem|p1a: Tinkaton|Air Balloon
|faint|p1a: Tinkaton
|
|-weather|RainDance|[upkeep]
|upkeep
|
|t:|1776047378
|switch|p1a: Exeggutor|Exeggutor, F|100/100
|-damage|p1a: Exeggutor|88/100|[from] Stealth Rock
|turn|27
|
|t:|1776047383
|move|p1a: Exeggutor|Protect|p1a: Exeggutor
|-singleturn|p1a: Exeggutor|Protect
|move|p2a: Barraskewda|Liquidation|p1a: Exeggutor
|-activate|p1a: Exeggutor|move: Protect
|
|-weather|RainDance|[upkeep]
|upkeep
|turn|28
|
|t:|1776047391
|move|p2a: Barraskewda|Liquidation|p1a: Exeggutor
|-resisted|p1a: Exeggutor
|-damage|p1a: Exeggutor|29/100
|-enditem|p1a: Exeggutor|Sitrus Berry|[eat]
|-heal|p1a: Exeggutor|54/100|[from] item: Sitrus Berry
|move|p1a: Exeggutor|Giga Drain|p2a: Barraskewda
|-supereffective|p2a: Barraskewda
|-damage|p2a: Barraskewda|0 fnt
|-heal|p1a: Exeggutor|69/100|[from] drain|[of] p2a: Barraskewda
|faint|p2a: Barraskewda
|
|-weather|RainDance|[upkeep]
|-item|p1a: Exeggutor|Sitrus Berry|[from] ability: Harvest
|upkeep
|
|t:|1776047403
|switch|p2a: Kingambit|Kingambit, F, shiny|100/100
|-activate|p2a: Kingambit|ability: Supreme Overlord
|-start|p2a: Kingambit|fallen4|[silent]
|turn|29
|
|t:|1776047412
|switch|p1a: Dondozo|Dondozo, F|100/100
|-damage|p1a: Dondozo|88/100|[from] Stealth Rock
|move|p2a: Kingambit|Swords Dance|p2a: Kingambit
|-boost|p2a: Kingambit|atk|2
|
|-weather|RainDance|[upkeep]
|-heal|p1a: Dondozo|94/100|[from] item: Leftovers
|upkeep
|turn|30
|
|t:|1776047422
|move|p2a: Kingambit|Swords Dance|p2a: Kingambit
|-boost|p2a: Kingambit|atk|2
|move|p1a: Dondozo|Body Press|p2a: Kingambit
|-supereffective|p2a: Kingambit
|-damage|p2a: Kingambit|14/100
|
|-weather|none
|-heal|p2a: Kingambit|20/100|[from] item: Leftovers
|-heal|p1a: Dondozo|99/100|[from] item: Leftovers
|upkeep
|turn|31
|
|t:|1776047432
|move|p2a: Kingambit|Kowtow Cleave|p1a: Dondozo
|-damage|p1a: Dondozo|67/100
|move|p1a: Dondozo|Earthquake|p2a: Kingambit
|-supereffective|p2a: Kingambit
|-damage|p2a: Kingambit|0 fnt
|faint|p2a: Kingambit
|-end|p2a: Kingambit|fallen4|[silent]
|
|-heal|p1a: Dondozo|74/100|[from] item: Leftovers
|upkeep
|
|t:|1776047440
|switch|p2a: Raging Bolt|Raging Bolt|64/100 brn
|turn|32
|
|t:|1776047445
|switch|p1a: Blissey|Blissey, F|73/100
|move|p2a: Raging Bolt|Thunder|p1a: Blissey
|-damage|p1a: Blissey|47/100
|
|-damage|p2a: Raging Bolt|57/100 brn|[from] brn
|upkeep
|turn|33
|
|t:|1776047453
|move|p2a: Raging Bolt|Thunderclap||[still]
|-fail|p2a: Raging Bolt
|move|p1a: Blissey|Soft-Boiled|p1a: Blissey
|-heal|p1a: Blissey|97/100
|
|-damage|p2a: Raging Bolt|51/100 brn|[from] brn
|upkeep
|turn|34
|
|t:|1776047463
|move|p2a: Raging Bolt|Thunderclap|p1a: Blissey
|-damage|p1a: Blissey|81/100
|move|p1a: Blissey|Seismic Toss|p2a: Raging Bolt
|-damage|p2a: Raging Bolt|28/100 brn
|
|-damage|p2a: Raging Bolt|21/100 brn|[from] brn
|upkeep
|turn|35
|
|t:|1776047473
|move|p2a: Raging Bolt|Thunder|p1a: Blissey
|-damage|p1a: Blissey|58/100
|move|p1a: Blissey|Seismic Toss|p2a: Raging Bolt
|-damage|p2a: Raging Bolt|0 fnt
|faint|p2a: Raging Bolt
|-end|p2a: Raging Bolt|Protosynthesis|[silent]
|
|win|Mathdragon
|raw|Mathdragon's rating: 1326 &rarr; <strong>1344</strong><br />(+18 for winning)
|raw|lezombiebleu's rating: 1283 &rarr; <strong>1261</strong><br />(-22 for losing)
|l|☆Mathdragon
|player|p1|
|l|☆lezombiebleu
|player|p2|
