|html|<div class="broadcast-blue"><strong>[Gen 9] OU is currently suspecting Volcarona! For information on how to participate check out the <a href="https://www.smogon.com/tools/suspects/view/208">suspect thread</a>.</strong></div>
|j|☆MassholeFlatlander
|j|☆Moranimal
|t:|1778501162
|gametype|singles
|player|p1|MassholeFlatlander|n|1118
|player|p2|Moranimal|burglar|1153
|gen|9
|tier|[Gen 9] OU
|rated|
|rule|HP Percentage Mod: HP is shown in percentages
|rule|Endless Battle Clause: Forcing endless battles is banned
|rule|Species Clause: Limit one of each Pokémon
|rule|OHKO Clause: OHKO moves are banned
|rule|Evasion Items Clause: Evasion items are banned
|rule|Evasion Moves Clause: Evasion moves are banned
|rule|Evasion Abilities Clause: Evasion abilities are banned
|rule|Sleep Moves Clause: Sleep-inducing moves are banned
|clearpoke
|poke|p1|Hydreigon, F|
|poke|p1|Probopass, M|
|poke|p1|Sinistcha|
|poke|p1|Empoleon, M|
|poke|p1|Seviper, M|
|poke|p1|Sylveon, M|
|poke|p2|Grimmsnarl, M|
|poke|p2|Dragonite, M|
|poke|p2|Kingambit, M|
|poke|p2|Iron Valiant|
|poke|p2|Gholdengo|
|poke|p2|Great Tusk|
|teampreview
|
|t:|1778501164
|teamsize|p1|6
|teamsize|p2|6
|start
|switch|p1a: Sylveon|Sylveon, M|100/100
|switch|p2a: Troll|Grimmsnarl, M|100/100
|turn|1
|
|t:|1778501174
|move|p2a: Troll|Taunt|p1a: Sylveon
|-start|p1a: Sylveon|move: Taunt
|cant|p1a: Sylveon|move: Taunt|Calm Mind
|
|upkeep
|turn|2
|
|t:|1778501179
|move|p2a: Troll|Light Screen|p2a: Troll
|-sidestart|p2: Moranimal|move: Light Screen
|move|p1a: Sylveon|Hyper Beam|p2a: Troll|[miss]
|-miss|p1a: Sylveon|p2a: Troll
|
|upkeep
|turn|3
|
|t:|1778501185
|move|p2a: Troll|Reflect|p2a: Troll
|-sidestart|p2: Moranimal|Reflect
|move|p1a: Sylveon|Hyper Beam|p2a: Troll
|-supereffective|p2a: Troll
|-damage|p2a: Troll|14/100
|-mustrecharge|p1a: Sylveon
|-damage|p1a: Sylveon|91/100|[from] item: Life Orb
|
|-end|p1a: Sylveon|move: Taunt
|upkeep
|turn|4
|
|t:|1778501193
|move|p2a: Troll|Parting Shot|p1a: Sylveon
|-unboost|p1a: Sylveon|atk|1
|-unboost|p1a: Sylveon|spa|1
|
|t:|1778501198
|switch|p2a: Cheesestick|Gholdengo, shiny|100/100|[from] Parting Shot
|cant|p1a: Sylveon|recharge
|
|upkeep
|turn|5
|
|t:|1778501207
|switch|p1a: Empoleon|Empoleon, M|100/100
|move|p2a: Cheesestick|Thunder Wave|p1a: Empoleon
|-status|p1a: Empoleon|par
|
|upkeep
|turn|6
|
|t:|1778501217
|move|p2a: Cheesestick|Focus Blast|p1a: Empoleon|[miss]
|-miss|p2a: Cheesestick|p1a: Empoleon
|cant|p1a: Empoleon|par
|
|upkeep
|turn|7
|
|t:|1778501225
|switch|p1a: Probopass|Probopass, M|100/100
|move|p2a: Cheesestick|Focus Blast|p1a: Probopass
|-supereffective|p1a: Probopass
|-damage|p1a: Probopass|7/100
|
|upkeep
|turn|8
|
|t:|1778501233
|move|p2a: Cheesestick|Shadow Ball|p1a: Probopass
|-damage|p1a: Probopass|0 fnt
|faint|p1a: Probopass
|
|upkeep
|
|t:|1778501244
|switch|p1a: My secret weapon|Hydreigon, F|100/100
|turn|9
|
|t:|1778501251
|move|p2a: Cheesestick|Thunder Wave|p1a: My secret weapon
|-status|p1a: My secret weapon|par
|move|p1a: My secret weapon|Focus Energy|p1a: My secret weapon
|-start|p1a: My secret weapon|move: Focus Energy
|
|-sideend|p2: Moranimal|move: Light Screen
|upkeep
|turn|10
|
|t:|1778501261
|move|p2a: Cheesestick|Focus Blast|p1a: My secret weapon
|-supereffective|p1a: My secret weapon
|-damage|p1a: My secret weapon|31/100 par
|move|p1a: My secret weapon|Draco Meteor|p2a: Cheesestick
|-resisted|p2a: Cheesestick
|-crit|p2a: Cheesestick
|-damage|p2a: Cheesestick|39/100
|-unboost|p1a: My secret weapon|spa|2
|
|-sideend|p2: Moranimal|Reflect
|upkeep
|turn|11
|
|t:|1778501271
|move|p2a: Cheesestick|Focus Blast|p1a: My secret weapon|[miss]
|-miss|p2a: Cheesestick|p1a: My secret weapon
|move|p1a: My secret weapon|Dark Pulse|p2a: Cheesestick
|-supereffective|p2a: Cheesestick
|-crit|p2a: Cheesestick
|-damage|p2a: Cheesestick|0 fnt
|faint|p2a: Cheesestick
|
|upkeep
|
|t:|1778501280
|switch|p2a: Troll|Grimmsnarl, M|14/100
|turn|12
|
|t:|1778501284
|move|p2a: Troll|Light Screen|p2a: Troll
|-sidestart|p2: Moranimal|move: Light Screen
|move|p1a: My secret weapon|U-turn|p2a: Troll
|-crit|p2a: Troll
|-damage|p2a: Troll|0 fnt
|faint|p2a: Troll
|
|t:|1778501291
|switch|p1a: Sylveon|Sylveon, M|91/100|[from] U-turn
|
|upkeep
|
|t:|1778501302
|switch|p2a: Sensei|Kingambit, M|100/100
|-activate|p2a: Sensei|ability: Supreme Overlord
|-start|p2a: Sensei|fallen2|[silent]
|turn|13
|
|t:|1778501309
|switch|p1a: Jelly Belly Pools|Sinistcha|100/100
|move|p2a: Sensei|Iron Head|p1a: Jelly Belly Pools
|-damage|p1a: Jelly Belly Pools|65/100
|
|-heal|p1a: Jelly Belly Pools|71/100|[from] item: Leftovers
|upkeep
|turn|14
|
|t:|1778501318
|move|p1a: Jelly Belly Pools|Stun Spore|p2a: Sensei
|-status|p2a: Sensei|par
|move|p2a: Sensei|Swords Dance|p2a: Sensei
|-boost|p2a: Sensei|atk|2
|
|-heal|p1a: Jelly Belly Pools|77/100|[from] item: Leftovers
|upkeep
|turn|15
|
|t:|1778501327
|cant|p2a: Sensei|par
|move|p1a: Jelly Belly Pools|Strength Sap|p2a: Sensei
|-unboost|p2a: Sensei|atk|1
|-heal|p1a: Jelly Belly Pools|100/100
|
|upkeep
|turn|16
|
|t:|1778501334
|cant|p2a: Sensei|par
|move|p1a: Jelly Belly Pools|Strength Sap|p2a: Sensei
|-unboost|p2a: Sensei|atk|1
|
|upkeep
|turn|17
|
|t:|1778501341
|move|p1a: Jelly Belly Pools|Poltergeist|p2a: Sensei
|-activate|p2a: Sensei|move: Poltergeist|Black Glasses
|-resisted|p2a: Sensei
|-damage|p2a: Sensei|92/100 par
|cant|p2a: Sensei|par
|
|upkeep
|turn|18
|
|t:|1778501351
|switch|p1a: Seviper|Seviper, M|100/100
|cant|p2a: Sensei|par
|
|upkeep
|turn|19
|c|☆Moranimal|Broooooo
|
|t:|1778501360
|move|p1a: Seviper|Coil|p1a: Seviper
|-boost|p1a: Seviper|atk|1
|-boost|p1a: Seviper|def|1
|-boost|p1a: Seviper|accuracy|1
|cant|p2a: Sensei|par
|
|-sideend|p2: Moranimal|move: Light Screen
|upkeep
|turn|20
|c|☆Moranimal|WHAT THE FUCK
|
|t:|1778501375
|move|p1a: Seviper|Coil|p1a: Seviper
|-boost|p1a: Seviper|atk|1
|-boost|p1a: Seviper|def|1
|-boost|p1a: Seviper|accuracy|1
|cant|p2a: Sensei|par
|
|upkeep
|turn|21
|
|t:|1778501384
|move|p1a: Seviper|Earthquake|p2a: Sensei
|-supereffective|p2a: Sensei
|-damage|p2a: Sensei|15/100 par
|cant|p2a: Sensei|par
|
|upkeep
|turn|22
|c|☆MassholeFlatlander|Damn
|
|t:|1778501395
|move|p2a: Sensei|Sucker Punch|p1a: Seviper
|-damage|p1a: Seviper|64/100
|move|p1a: Seviper|Earthquake|p2a: Sensei
|-supereffective|p2a: Sensei
|-damage|p2a: Sensei|0 fnt
|faint|p2a: Sensei
|-end|p2a: Sensei|fallen2|[silent]
|
|-heal|p1a: Seviper|70/100|[from] item: Leftovers
|upkeep
|c|☆Moranimal|The luckiest bullshit I have ever seen
|c|☆Moranimal|6 turns of full para
|
|t:|1778501424
|switch|p2a: Manny|Great Tusk, shiny|100/100
|-enditem|p2a: Manny|Booster Energy
|-activate|p2a: Manny|ability: Protosynthesis|[fromitem]
|-start|p2a: Manny|protosynthesisatk
|turn|23
|
|t:|1778501433
|move|p2a: Manny|Stealth Rock|p1a: Seviper
|-sidestart|p1: MassholeFlatlander|move: Stealth Rock
|move|p1a: Seviper|Earthquake|p2a: Manny
|-damage|p2a: Manny|63/100
|
|-heal|p1a: Seviper|76/100|[from] item: Leftovers
|upkeep
|turn|24
|
|t:|1778501446
|move|p2a: Manny|Headlong Rush|p1a: Seviper
|-supereffective|p1a: Seviper
|-damage|p1a: Seviper|0 fnt
|-unboost|p2a: Manny|def|1
|-unboost|p2a: Manny|spd|1
|faint|p1a: Seviper
|
|upkeep
|
|t:|1778501462
|switch|p1a: Jelly Belly Pools|Sinistcha|100/100
|-damage|p1a: Jelly Belly Pools|88/100|[from] Stealth Rock
|turn|25
|
|t:|1778501474
|-end|p2a: Manny|Protosynthesis|[silent]
|switch|p2a: Cool Sword|Iron Valiant, shiny|100/100
|-enditem|p2a: Cool Sword|Booster Energy
|-activate|p2a: Cool Sword|ability: Quark Drive|[fromitem]
|-start|p2a: Cool Sword|quarkdrivespe
|move|p1a: Jelly Belly Pools|Poltergeist||[still]
|-fail|p1a: Jelly Belly Pools
|
|-heal|p1a: Jelly Belly Pools|94/100|[from] item: Leftovers
|upkeep
|turn|26
|
|t:|1778501488
|switch|p1a: Empoleon|Empoleon, M|100/100 par
|-damage|p1a: Empoleon|94/100 par|[from] Stealth Rock
|move|p2a: Cool Sword|Moonblast|p1a: Empoleon
|-resisted|p1a: Empoleon
|-damage|p1a: Empoleon|80/100 par
|
|-heal|p1a: Empoleon|86/100 par|[from] item: Leftovers
|upkeep
|turn|27
|
|t:|1778501510
|move|p2a: Cool Sword|Thunderbolt|p1a: Empoleon
|-supereffective|p1a: Empoleon
|-damage|p1a: Empoleon|44/100 par
|move|p1a: Empoleon|Surf|p2a: Cool Sword
|-damage|p2a: Cool Sword|45/100
|
|-heal|p1a: Empoleon|50/100 par|[from] item: Leftovers
|upkeep
|turn|28
|
|t:|1778501520
|move|p2a: Cool Sword|Thunderbolt|p1a: Empoleon
|-supereffective|p1a: Empoleon
|-damage|p1a: Empoleon|14/100 par
|move|p1a: Empoleon|Roost|p1a: Empoleon
|-heal|p1a: Empoleon|64/100 par
|-singleturn|p1a: Empoleon|move: Roost
|
|-heal|p1a: Empoleon|71/100 par|[from] item: Leftovers
|upkeep
|turn|29
|
|t:|1778501540
|move|p2a: Cool Sword|Thunderbolt|p1a: Empoleon
|-supereffective|p1a: Empoleon
|-damage|p1a: Empoleon|32/100 par
|cant|p1a: Empoleon|par
|
|-heal|p1a: Empoleon|39/100 par|[from] item: Leftovers
|upkeep
|turn|30
|
|t:|1778501551
|move|p2a: Cool Sword|Thunderbolt|p1a: Empoleon
|-supereffective|p1a: Empoleon
|-damage|p1a: Empoleon|0 fnt
|faint|p1a: Empoleon
|
|upkeep
|
|t:|1778501560
|switch|p1a: Sylveon|Sylveon, M|91/100
|-damage|p1a: Sylveon|78/100|[from] Stealth Rock
|turn|31
|
|t:|1778501570
|move|p2a: Cool Sword|Psychic|p1a: Sylveon
|-damage|p1a: Sylveon|64/100
|move|p1a: Sylveon|Calm Mind|p1a: Sylveon
|-boost|p1a: Sylveon|spa|1
|-boost|p1a: Sylveon|spd|1
|
|upkeep
|turn|32
|
|t:|1778501577
|move|p2a: Cool Sword|Moonblast|p1a: Sylveon
|-damage|p1a: Sylveon|49/100
|move|p1a: Sylveon|Wish|p1a: Sylveon
|
|upkeep
|turn|33
|
|t:|1778501584
|move|p2a: Cool Sword|Encore|p1a: Sylveon
|-start|p1a: Sylveon|Encore
|move|p1a: Sylveon|Wish||[still]
|-fail|p1a: Sylveon
|
|-heal|p1a: Sylveon|99/100|[from] move: Wish|[wisher] Sylveon
|upkeep
|turn|34
|
|t:|1778501594
|move|p2a: Cool Sword|Moonblast|p1a: Sylveon
|-damage|p1a: Sylveon|82/100
|-unboost|p1a: Sylveon|spa|1
|move|p1a: Sylveon|Wish|p1a: Sylveon
|
|upkeep
|turn|35
|
|t:|1778501601
|move|p2a: Cool Sword|Moonblast|p1a: Sylveon
|-damage|p1a: Sylveon|65/100
|move|p1a: Sylveon|Wish||[still]
|-fail|p1a: Sylveon
|
|-heal|p1a: Sylveon|100/100|[from] move: Wish|[wisher] Sylveon
|-end|p1a: Sylveon|Encore
|upkeep
|turn|36
|
|t:|1778501614
|move|p2a: Cool Sword|Moonblast|p1a: Sylveon
|-damage|p1a: Sylveon|85/100
|move|p1a: Sylveon|Hyper Beam|p2a: Cool Sword
|-supereffective|p2a: Cool Sword
|-damage|p2a: Cool Sword|0 fnt
|-mustrecharge|p1a: Sylveon
|faint|p2a: Cool Sword
|-end|p2a: Cool Sword|Quark Drive|[silent]
|-damage|p1a: Sylveon|75/100|[from] item: Life Orb
|
|upkeep
|l|☆Moranimal
|player|p2|
|inactive|Battle timer is ON: inactive players will automatically lose when time's up. (requested by MassholeFlatlander)
|inactive|Moranimal has 30 seconds to reconnect!
|inactive|Moranimal has 20 seconds to reconnect!
|inactive|Moranimal has 15 seconds to reconnect!
|inactive|Moranimal has 10 seconds to reconnect!
|inactive|Moranimal has 5 seconds to reconnect!
|-message|Moranimal lost due to inactivity.
|
|win|MassholeFlatlander
|raw|MassholeFlatlander's rating: 1118 &rarr; <strong>1146</strong><br />(+28 for winning)
|raw|Moranimal's rating: 1153 &rarr; <strong>1125</strong><br />(-28 for losing)
|l|☆MassholeFlatlander
|player|p1|
