|html|<div class="broadcast-blue"><strong>[Gen 9] OU is currently suspecting Volcarona! For information on how to participate check out the <a href="https://www.smogon.com/tools/suspects/view/208">suspect thread</a>.</strong></div>
|j|☆Skhoooler
|j|☆T1veslow
|t:|1778501762
|gametype|singles
|player|p1|Skhoooler|1|1105
|player|p2|T1veslow|swimmerf|1129
|gen|9
|tier|[Gen 9] OU
|rated|
|rule|HP Percentage Mod: HP is shown in percentages
|rule|Endless Battle Clause: Forcing endless battles is banned
|rule|Species Clause: Limit one of each Pokémon
|rule|OHKO Clause: OHKO moves are banned
|rule|Evasion Items Clause: Evasion items are banned
|rule|Evasion Moves Clause: Evasion moves are banned
|rule|Evasion Abilities Clause: Evasion abilities are banned
|rule|Sleep Moves Clause: Sleep-inducing moves are banned
|clearpoke
|poke|p1|Gliscor, F|
|poke|p1|Grumpig, M|
|poke|p1|Hippowdon, M|
|poke|p1|Dragapult, F|
|poke|p1|Skarmory, F|
|poke|p1|Spidops, F|
|poke|p2|Grimmsnarl, M|
|poke|p2|Dragonite, F|
|poke|p2|Kingambit, F|
|poke|p2|Volcarona, F|
|poke|p2|Pineco, L1, M|
|poke|p2|Great Tusk|
|teampreview
|inactive|Battle timer is ON: inactive players will automatically lose when time's up. (requested by Skhoooler)
|
|t:|1778501778
|teamsize|p1|6
|teamsize|p2|6
|start
|switch|p1a: Spidops|Spidops, F|100/100
|switch|p2a: Grimmsnarl|Grimmsnarl, M|100/100
|turn|1
|
|t:|1778501788
|move|p2a: Grimmsnarl|Taunt|p1a: Spidops
|-start|p1a: Spidops|move: Taunt
|cant|p1a: Spidops|move: Taunt|Sticky Web
|
|upkeep
|turn|2
|
|t:|1778501800
|move|p2a: Grimmsnarl|Light Screen|p2a: Grimmsnarl
|-sidestart|p2: T1veslow|move: Light Screen
|move|p1a: Spidops|U-turn|p2a: Grimmsnarl
|-damage|p2a: Grimmsnarl|75/100
|
|t:|1778501809
|switch|p1a: Gliscor|Gliscor, F|100/100|[from] U-turn
|
|-status|p1a: Gliscor|tox|[from] item: Toxic Orb
|upkeep
|turn|3
|
|t:|1778501817
|move|p2a: Grimmsnarl|Reflect|p2a: Grimmsnarl
|-sidestart|p2: T1veslow|Reflect
|move|p1a: Gliscor|Toxic|p2a: Grimmsnarl
|-status|p2a: Grimmsnarl|tox
|
|-damage|p2a: Grimmsnarl|69/100 tox|[from] psn
|upkeep
|turn|4
|
|t:|1778501824
|move|p2a: Grimmsnarl|Parting Shot|p1a: Gliscor
|-unboost|p1a: Gliscor|atk|1
|-unboost|p1a: Gliscor|spa|1
|
|t:|1778501827
|switch|p2a: Great Tusk|Great Tusk|100/100|[from] Parting Shot
|move|p1a: Gliscor|Spikes|p2a: Great Tusk
|-sidestart|p2: T1veslow|Spikes
|
|upkeep
|turn|5
|
|t:|1778501834
|move|p2a: Great Tusk|Ice Spinner|p1a: Gliscor
|-supereffective|p1a: Gliscor
|-damage|p1a: Gliscor|19/100 tox
|move|p1a: Gliscor|Knock Off|p2a: Great Tusk
|-resisted|p2a: Great Tusk
|-damage|p2a: Great Tusk|98/100
|-enditem|p2a: Great Tusk|Heavy-Duty Boots|[from] move: Knock Off|[of] p1a: Gliscor
|
|-heal|p1a: Gliscor|31/100 tox|[from] ability: Poison Heal
|upkeep
|turn|6
|
|t:|1778501844
|move|p1a: Gliscor|Protect|p1a: Gliscor
|-singleturn|p1a: Gliscor|Protect
|move|p2a: Great Tusk|Ice Spinner|p1a: Gliscor
|-activate|p1a: Gliscor|move: Protect
|
|-heal|p1a: Gliscor|43/100 tox|[from] ability: Poison Heal
|upkeep
|turn|7
|
|t:|1778501853
|switch|p1a: Skarmory|Skarmory, F|100/100
|move|p2a: Great Tusk|Ice Spinner|p1a: Skarmory
|-damage|p1a: Skarmory|84/100
|-damage|p2a: Great Tusk|82/100|[from] item: Rocky Helmet|[of] p1a: Skarmory
|
|upkeep
|turn|8
|
|t:|1778501861
|move|p2a: Great Tusk|Knock Off|p1a: Skarmory
|-damage|p1a: Skarmory|63/100
|-damage|p2a: Great Tusk|65/100|[from] item: Rocky Helmet|[of] p1a: Skarmory
|-enditem|p1a: Skarmory|Rocky Helmet|[from] move: Knock Off|[of] p2a: Great Tusk
|move|p1a: Skarmory|Whirlwind|p2a: Great Tusk
|-end|p2a: Great Tusk|Protosynthesis|[silent]
|drag|p2a: Pineco|Pineco, L1, M, shiny|100/100
|
|upkeep
|turn|9
|
|t:|1778501873
|move|p1a: Skarmory|Brave Bird|p2a: Pineco
|-supereffective|p2a: Pineco
|-ability|p2a: Pineco|Sturdy
|-damage|p2a: Pineco|9/100
|-damage|p1a: Skarmory|62/100|[from] Recoil
|move|p2a: Pineco|Pain Split|p1a: Skarmory
|-sethp|p1a: Skarmory|31/100|[from] move: Pain Split|[silent]
|-sethp|p2a: Pineco|100/100|[from] move: Pain Split
|
|-sideend|p2: T1veslow|move: Light Screen
|upkeep
|turn|10
|
|t:|1778501883
|move|p2a: Pineco|Protect|p2a: Pineco
|-singleturn|p2a: Pineco|Protect
|move|p1a: Skarmory|Brave Bird|p2a: Pineco
|-activate|p2a: Pineco|move: Protect
|
|-sideend|p2: T1veslow|Reflect
|upkeep
|turn|11
|
|t:|1778501891
|move|p1a: Skarmory|Brave Bird|p2a: Pineco
|-supereffective|p2a: Pineco
|-ability|p2a: Pineco|Sturdy
|-damage|p2a: Pineco|9/100
|-damage|p1a: Skarmory|30/100|[from] Recoil
|move|p2a: Pineco|Pain Split|p1a: Skarmory
|-sethp|p1a: Skarmory|15/100|[from] move: Pain Split|[silent]
|-sethp|p2a: Pineco|100/100|[from] move: Pain Split
|
|upkeep
|turn|12
|
|t:|1778501902
|move|p2a: Pineco|Protect|p2a: Pineco
|-singleturn|p2a: Pineco|Protect
|move|p1a: Skarmory|Spikes|p2a: Pineco
|-sidestart|p2: T1veslow|Spikes
|
|upkeep
|turn|13
|
|t:|1778501915
|move|p1a: Skarmory|Spikes|p2a: Pineco
|-sidestart|p2: T1veslow|Spikes
|move|p2a: Pineco|Pain Split|p1a: Skarmory
|-sethp|p1a: Skarmory|10/100|[from] move: Pain Split|[silent]
|-sethp|p2a: Pineco|100/100|[from] move: Pain Split
|
|upkeep
|turn|14
|
|t:|1778501924
|switch|p1a: Spidops|Spidops, F|100/100
|move|p2a: Pineco|Protect||[still]
|-fail|p2a: Pineco
|
|upkeep
|turn|15
|
|t:|1778501932
|move|p1a: Spidops|Sticky Web|p2a: Pineco
|-sidestart|p2: T1veslow|move: Sticky Web
|move|p2a: Pineco|Pain Split|p1a: Spidops
|-sethp|p1a: Spidops|53/100|[from] move: Pain Split|[silent]
|-sethp|p2a: Pineco|100/100|[from] move: Pain Split
|
|upkeep
|turn|16
|
|t:|1778501939
|move|p1a: Spidops|U-turn|p2a: Pineco
|-ability|p2a: Pineco|Sturdy
|-damage|p2a: Pineco|9/100
|
|t:|1778501950
|switch|p1a: Grumpig|Grumpig, M|100/100|[from] U-turn
|move|p2a: Pineco|Pain Split|p1a: Grumpig
|-sethp|p1a: Grumpig|51/100|[from] move: Pain Split|[silent]
|-sethp|p2a: Pineco|100/100|[from] move: Pain Split
|
|upkeep
|turn|17
|
|t:|1778501958
|move|p2a: Pineco|Protect|p2a: Pineco
|-singleturn|p2a: Pineco|Protect
|move|p1a: Grumpig|Whirlwind|p2a: Pineco
|drag|p2a: Grimmsnarl|Grimmsnarl, M|69/100 tox
|-damage|p2a: Grimmsnarl|44/100 tox|[from] Spikes
|-activate|p2a: Grimmsnarl|move: Sticky Web
|-unboost|p2a: Grimmsnarl|spe|1
|
|-damage|p2a: Grimmsnarl|38/100 tox|[from] psn
|upkeep
|turn|18
|
|t:|1778501972
|move|p2a: Grimmsnarl|Reflect|p2a: Grimmsnarl
|-sidestart|p2: T1veslow|Reflect
|move|p1a: Grumpig|Reflect|p1a: Grumpig
|-sidestart|p1: Skhoooler|Reflect
|
|-damage|p2a: Grimmsnarl|26/100 tox|[from] psn
|upkeep
|turn|19
|
|t:|1778501978
|move|p2a: Grimmsnarl|Parting Shot|p1a: Grumpig
|-unboost|p1a: Grumpig|atk|1
|-unboost|p1a: Grumpig|spa|1
|
|t:|1778502007
|switch|p2a: Volcarona|Volcarona, F|100/100|[from] Parting Shot
|move|p1a: Grumpig|Light Screen|p1a: Grumpig
|-sidestart|p1: Skhoooler|move: Light Screen
|
|upkeep
|turn|20
|
|t:|1778502014
|move|p2a: Volcarona|Quiver Dance|p2a: Volcarona
|-boost|p2a: Volcarona|spa|1
|-boost|p2a: Volcarona|spd|1
|-boost|p2a: Volcarona|spe|1
|move|p1a: Grumpig|Future Sight|p2a: Volcarona
|-start|p1a: Grumpig|move: Future Sight
|
|upkeep
|turn|21
|
|t:|1778502023
|move|p2a: Volcarona|Quiver Dance|p2a: Volcarona
|-boost|p2a: Volcarona|spa|1
|-boost|p2a: Volcarona|spd|1
|-boost|p2a: Volcarona|spe|1
|move|p1a: Grumpig|Whirlwind|p2a: Volcarona
|drag|p2a: Great Tusk|Great Tusk|65/100
|-damage|p2a: Great Tusk|40/100|[from] Spikes
|-activate|p2a: Great Tusk|move: Sticky Web
|-unboost|p2a: Great Tusk|spe|1
|
|upkeep
|turn|22
|
|t:|1778502035
|switch|p1a: Dragapult|Dragapult, F|100/100
|move|p2a: Great Tusk|Knock Off|p1a: Dragapult
|-supereffective|p1a: Dragapult
|-damage|p1a: Dragapult|45/100
|-enditem|p1a: Dragapult|Heavy-Duty Boots|[from] move: Knock Off|[of] p2a: Great Tusk
|
|-end|p2a: Great Tusk|move: Future Sight
|-supereffective|p2a: Great Tusk
|-crit|p2a: Great Tusk
|-damage|p2a: Great Tusk|0 fnt
|faint|p2a: Great Tusk
|-end|p2a: Great Tusk|Protosynthesis|[silent]
|upkeep
|
|t:|1778502047
|switch|p2a: Dragonite|Dragonite, F|100/100
|turn|23
|
|t:|1778502052
|-terastallize|p2a: Dragonite|Normal
|move|p1a: Dragapult|Sucker Punch||[still]
|-fail|p1a: Dragapult
|move|p2a: Dragonite|Dragon Dance|p2a: Dragonite
|-boost|p2a: Dragonite|atk|1
|-boost|p2a: Dragonite|spe|1
|
|upkeep
|turn|24
|
|t:|1778502060
|move|p2a: Dragonite|Dragon Dance|p2a: Dragonite
|-boost|p2a: Dragonite|atk|1
|-boost|p2a: Dragonite|spe|1
|move|p1a: Dragapult|Dragon Tail|p2a: Dragonite
|-damage|p2a: Dragonite|93/100
|drag|p2a: Pineco|Pineco, L1, M, shiny|100/100
|
|upkeep
|turn|25
|
|t:|1778502078
|switch|p1a: Gliscor|Gliscor, F|43/100 tox
|move|p2a: Pineco|Pain Split|p1a: Gliscor
|-sethp|p1a: Gliscor|23/100 tox|[from] move: Pain Split|[silent]
|-sethp|p2a: Pineco|100/100|[from] move: Pain Split
|
|-heal|p1a: Gliscor|36/100 tox|[from] ability: Poison Heal
|-sideend|p2: T1veslow|Reflect
|-sideend|p1: Skhoooler|Reflect
|upkeep
|turn|26
|
|t:|1778502091
|move|p2a: Pineco|Protect|p2a: Pineco
|-singleturn|p2a: Pineco|Protect
|move|p1a: Gliscor|Toxic|p2a: Pineco
|-activate|p2a: Pineco|move: Protect
|
|-heal|p1a: Gliscor|48/100 tox|[from] ability: Poison Heal
|-sideend|p1: Skhoooler|move: Light Screen
|upkeep
|turn|27
|
|t:|1778502105
|switch|p2a: Grimmsnarl|Grimmsnarl, M|26/100 tox
|-damage|p2a: Grimmsnarl|1/100 tox|[from] Spikes
|-activate|p2a: Grimmsnarl|move: Sticky Web
|-unboost|p2a: Grimmsnarl|spe|1
|move|p1a: Gliscor|Protect||[still]
|-fail|p1a: Gliscor
|
|-heal|p1a: Gliscor|60/100 tox|[from] ability: Poison Heal
|-damage|p2a: Grimmsnarl|0 fnt|[from] psn
|faint|p2a: Grimmsnarl
|upkeep
|
|t:|1778502108
|switch|p2a: Dragonite|Dragonite, F, tera:Normal|93/100
|turn|28
|
|t:|1778502123
|move|p1a: Gliscor|Protect|p1a: Gliscor
|-singleturn|p1a: Gliscor|Protect
|move|p2a: Dragonite|Dragon Dance|p2a: Dragonite
|-boost|p2a: Dragonite|atk|1
|-boost|p2a: Dragonite|spe|1
|
|-heal|p1a: Gliscor|72/100 tox|[from] ability: Poison Heal
|upkeep
|turn|29
|
|t:|1778502136
|switch|p1a: Hippowdon|Hippowdon, M|100/100
|-weather|Sandstorm|[from] ability: Sand Stream|[of] p1a: Hippowdon
|move|p2a: Dragonite|Dragon Dance|p2a: Dragonite
|-boost|p2a: Dragonite|atk|1
|-boost|p2a: Dragonite|spe|1
|
|-weather|Sandstorm|[upkeep]
|-damage|p2a: Dragonite|87/100|[from] Sandstorm
|upkeep
|turn|30
|
|t:|1778502146
|move|p2a: Dragonite|Ice Spinner|p1a: Hippowdon
|-supereffective|p1a: Hippowdon
|-damage|p1a: Hippowdon|20/100
|move|p1a: Hippowdon|Whirlwind|p2a: Dragonite
|drag|p2a: Volcarona|Volcarona, F|100/100
|
|-weather|Sandstorm|[upkeep]
|-damage|p2a: Volcarona|94/100|[from] Sandstorm
|-heal|p1a: Hippowdon|26/100|[from] item: Leftovers
|upkeep
|turn|31
|
|t:|1778502158
|move|p2a: Volcarona|Quiver Dance|p2a: Volcarona
|-boost|p2a: Volcarona|spa|1
|-boost|p2a: Volcarona|spd|1
|-boost|p2a: Volcarona|spe|1
|move|p1a: Hippowdon|Earthquake|p2a: Volcarona
|-damage|p2a: Volcarona|7/100
|
|-weather|Sandstorm|[upkeep]
|-damage|p2a: Volcarona|1/100|[from] Sandstorm
|-heal|p1a: Hippowdon|32/100|[from] item: Leftovers
|upkeep
|turn|32
|
|t:|1778502173
|switch|p1a: Spidops|Spidops, F|53/100
|move|p2a: Volcarona|Giga Drain|p1a: Spidops
|-resisted|p1a: Spidops
|-damage|p1a: Spidops|29/100
|-heal|p2a: Volcarona|11/100|[from] drain|[of] p1a: Spidops
|-enditem|p1a: Spidops|Sitrus Berry|[eat]
|-heal|p1a: Spidops|54/100|[from] item: Sitrus Berry
|
|-weather|Sandstorm|[upkeep]
|-damage|p2a: Volcarona|5/100|[from] Sandstorm
|-damage|p1a: Spidops|47/100|[from] Sandstorm
|upkeep
|turn|33
|
|t:|1778502185
|move|p1a: Spidops|Silk Trap|p1a: Spidops
|-singleturn|p1a: Spidops|Protect
|move|p2a: Volcarona|Morning Sun|p2a: Volcarona
|-heal|p2a: Volcarona|30/100
|
|-weather|none
|upkeep
|turn|34
|
|t:|1778502193
|move|p2a: Volcarona|Fiery Dance|p1a: Spidops
|-supereffective|p1a: Spidops
|-damage|p1a: Spidops|0 fnt
|-boost|p2a: Volcarona|spa|1
|faint|p1a: Spidops
|
|upkeep
|
|t:|1778502202
|switch|p1a: Dragapult|Dragapult, F|45/100
|turn|35
|
|t:|1778502216
|move|p2a: Volcarona|Fiery Dance|p1a: Dragapult
|-resisted|p1a: Dragapult
|-damage|p1a: Dragapult|0 fnt
|-boost|p2a: Volcarona|spa|1
|faint|p1a: Dragapult
|
|upkeep
|
|t:|1778502229
|switch|p1a: Gliscor|Gliscor, F|72/100 tox
|turn|36
|
|t:|1778502236
|move|p1a: Gliscor|Protect|p1a: Gliscor
|-singleturn|p1a: Gliscor|Protect
|move|p2a: Volcarona|Giga Drain|p1a: Gliscor
|-activate|p1a: Gliscor|move: Protect
|
|-heal|p1a: Gliscor|85/100 tox|[from] ability: Poison Heal
|upkeep
|turn|37
|
|t:|1778502248
|move|p2a: Volcarona|Giga Drain|p1a: Gliscor
|-damage|p1a: Gliscor|14/100 tox
|-heal|p2a: Volcarona|68/100|[from] drain|[of] p1a: Gliscor
|move|p1a: Gliscor|Knock Off|p2a: Volcarona
|-damage|p2a: Volcarona|37/100
|-enditem|p2a: Volcarona|Heavy-Duty Boots|[from] move: Knock Off|[of] p1a: Gliscor
|
|-heal|p1a: Gliscor|26/100 tox|[from] ability: Poison Heal
|upkeep
|turn|38
|
|t:|1778502258
|move|p1a: Gliscor|Protect|p1a: Gliscor
|-singleturn|p1a: Gliscor|Protect
|move|p2a: Volcarona|Morning Sun|p2a: Volcarona
|-heal|p2a: Volcarona|87/100
|
|-heal|p1a: Gliscor|38/100 tox|[from] ability: Poison Heal
|upkeep
|turn|39
|
|t:|1778502273
|move|p2a: Volcarona|Giga Drain|p1a: Gliscor
|-damage|p1a: Gliscor|0 fnt
|-heal|p2a: Volcarona|100/100|[from] drain|[of] p1a: Gliscor
|faint|p1a: Gliscor
|
|upkeep
|
|t:|1778502280
|switch|p1a: Grumpig|Grumpig, M|51/100
|turn|40
|
|t:|1778502287
|move|p2a: Volcarona|Fiery Dance|p1a: Grumpig
|-damage|p1a: Grumpig|11/100
|-boost|p2a: Volcarona|spa|1
|move|p1a: Grumpig|Whirlwind|p2a: Volcarona
|drag|p2a: Kingambit|Kingambit, F|100/100
|-damage|p2a: Kingambit|76/100|[from] Spikes
|-activate|p2a: Kingambit|move: Sticky Web
|-unboost|p2a: Kingambit|spe|1
|-activate|p2a: Kingambit|ability: Supreme Overlord
|-start|p2a: Kingambit|fallen2|[silent]
|
|upkeep
|turn|41
|
|t:|1778502299
|move|p1a: Grumpig|Reflect|p1a: Grumpig
|-sidestart|p1: Skhoooler|Reflect
|move|p2a: Kingambit|Kowtow Cleave|p1a: Grumpig
|-supereffective|p1a: Grumpig
|-damage|p1a: Grumpig|0 fnt
|faint|p1a: Grumpig
|
|upkeep
|
|t:|1778502308
|switch|p1a: Hippowdon|Hippowdon, M|32/100
|-weather|Sandstorm|[from] ability: Sand Stream|[of] p1a: Hippowdon
|turn|42
|
|t:|1778502315
|-end|p2a: Kingambit|fallen2|[silent]
|switch|p2a: Volcarona|Volcarona, F|100/100
|-damage|p2a: Volcarona|76/100|[from] Spikes
|-activate|p2a: Volcarona|move: Sticky Web
|-unboost|p2a: Volcarona|spe|1
|move|p1a: Hippowdon|Whirlwind|p2a: Volcarona
|drag|p2a: Pineco|Pineco, L1, M, shiny|100/100
|
|-weather|Sandstorm|[upkeep]
|-damage|p2a: Pineco|92/100|[from] Sandstorm
|-heal|p1a: Hippowdon|38/100|[from] item: Leftovers
|upkeep
|turn|43
|
|t:|1778502328
|move|p2a: Pineco|Protect|p2a: Pineco
|-singleturn|p2a: Pineco|Protect
|move|p1a: Hippowdon|Earthquake|p2a: Pineco
|-activate|p2a: Pineco|move: Protect
|
|-weather|Sandstorm|[upkeep]
|-damage|p2a: Pineco|84/100|[from] Sandstorm
|-heal|p1a: Hippowdon|44/100|[from] item: Leftovers
|upkeep
|turn|44
|
|t:|1778502340
|move|p2a: Pineco|Pain Split|p1a: Hippowdon
|-sethp|p1a: Hippowdon|24/100|[from] move: Pain Split|[silent]
|-sethp|p2a: Pineco|100/100|[from] move: Pain Split
|move|p1a: Hippowdon|Whirlwind|p2a: Pineco
|drag|p2a: Kingambit|Kingambit, F|76/100
|-damage|p2a: Kingambit|51/100|[from] Spikes
|-activate|p2a: Kingambit|move: Sticky Web
|-unboost|p2a: Kingambit|spe|1
|-activate|p2a: Kingambit|ability: Supreme Overlord
|-start|p2a: Kingambit|fallen2|[silent]
|
|-weather|Sandstorm|[upkeep]
|-heal|p1a: Hippowdon|30/100|[from] item: Leftovers
|upkeep
|turn|45
|
|t:|1778502354
|move|p2a: Kingambit|Sucker Punch||[still]
|-fail|p2a: Kingambit
|move|p1a: Hippowdon|Whirlwind|p2a: Kingambit
|-end|p2a: Kingambit|fallen2|[silent]
|drag|p2a: Pineco|Pineco, L1, M, shiny|100/100
|
|-weather|Sandstorm|[upkeep]
|-damage|p2a: Pineco|92/100|[from] Sandstorm
|-heal|p1a: Hippowdon|36/100|[from] item: Leftovers
|upkeep
|turn|46
|
|t:|1778502363
|move|p2a: Pineco|Protect|p2a: Pineco
|-singleturn|p2a: Pineco|Protect
|move|p1a: Hippowdon|Curse|p1a: Hippowdon
|-unboost|p1a: Hippowdon|spe|1
|-boost|p1a: Hippowdon|atk|1
|-boost|p1a: Hippowdon|def|1
|
|-weather|none
|-heal|p1a: Hippowdon|42/100|[from] item: Leftovers
|upkeep
|turn|47
|
|t:|1778502373
|move|p1a: Hippowdon|Earthquake|p2a: Pineco
|-resisted|p2a: Pineco
|-damage|p2a: Pineco|0 fnt
|faint|p2a: Pineco
|
|-heal|p1a: Hippowdon|48/100|[from] item: Leftovers
|upkeep
|
|t:|1778502379
|switch|p2a: Volcarona|Volcarona, F|76/100
|-damage|p2a: Volcarona|51/100|[from] Spikes
|-activate|p2a: Volcarona|move: Sticky Web
|-unboost|p2a: Volcarona|spe|1
|turn|48
|
|t:|1778502389
|move|p2a: Volcarona|Giga Drain|p1a: Hippowdon
|-supereffective|p1a: Hippowdon
|-damage|p1a: Hippowdon|0 fnt
|-heal|p2a: Volcarona|83/100|[from] drain|[of] p1a: Hippowdon
|faint|p1a: Hippowdon
|
|-sideend|p1: Skhoooler|Reflect
|upkeep
|
|t:|1778502396
|switch|p1a: Skarmory|Skarmory, F|10/100
|turn|49
|
|t:|1778502400
|move|p2a: Volcarona|Fiery Dance|p1a: Skarmory
|-supereffective|p1a: Skarmory
|-damage|p1a: Skarmory|0 fnt
|faint|p1a: Skarmory
|
|win|T1veslow
|raw|Skhoooler's rating: 1105 &rarr; <strong>1082</strong><br />(-23 for losing)
|raw|T1veslow's rating: 1129 &rarr; <strong>1152</strong><br />(+23 for winning)
|l|☆T1veslow
|player|p2|
|l|☆Skhoooler
|player|p1|
