|html|<div class="broadcast-blue"><strong>[Gen 9] OU is currently suspecting Tera Blast! For information on how to participate check out the <a href="https://www.smogon.com/tools/suspects/view/200">suspect thread</a>.</strong></div>
|j|☆cellcrash0
|j|☆xXExtra_GumXx
|t:|1776049111
|gametype|singles
|player|p1|cellcrash0|266|1180
|player|p2|xXExtra_GumXx|jupiter|1195
|gen|9
|tier|[Gen 9] OU
|rated|
|rule|HP Percentage Mod: HP is shown in percentages
|rule|Endless Battle Clause: Forcing endless battles is banned
|rule|Species Clause: Limit one of each Pokémon
|rule|OHKO Clause: OHKO moves are banned
|rule|Evasion Items Clause: Evasion items are banned
|rule|Evasion Moves Clause: Evasion moves are banned
|rule|Evasion Abilities Clause: Evasion abilities are banned
|rule|Sleep Moves Clause: Sleep-inducing moves are banned
|clearpoke
|poke|p1|Regirock|
|poke|p1|Blissey, F|
|poke|p1|Hoopa-Unbound|
|poke|p1|Deoxys-Speed|
|poke|p1|Florges, F|
|poke|p1|Haxorus, F|
|poke|p2|Pelipper, M|
|poke|p2|Iron Crown|
|poke|p2|Great Tusk|
|poke|p2|Blaziken, F|
|poke|p2|Thundurus, M|
|poke|p2|Primarina, F|
|teampreview
|inactive|Battle timer is ON: inactive players will automatically lose when time's up. (requested by cellcrash0)
|
|t:|1776049134
|teamsize|p1|6
|teamsize|p2|6
|start
|switch|p1a: Haxorus|Haxorus, F|100/100
|switch|p2a: Pelipper|Pelipper, M, shiny|100/100
|-weather|RainDance|[from] ability: Drizzle|[of] p2a: Pelipper
|turn|1
|
|t:|1776049141
|move|p1a: Haxorus|Dragon Claw|p2a: Pelipper
|-damage|p2a: Pelipper|63/100
|move|p2a: Pelipper|Ice Beam|p1a: Haxorus
|-supereffective|p1a: Haxorus
|-damage|p1a: Haxorus|42/100
|
|-weather|RainDance|[upkeep]
|upkeep
|turn|2
|
|t:|1776049160
|switch|p1a: Florges|Florges, F|100/100
|move|p2a: Pelipper|Ice Beam|p1a: Florges
|-crit|p1a: Florges
|-damage|p1a: Florges|86/100
|
|-weather|RainDance|[upkeep]
|-heal|p1a: Florges|92/100|[from] item: Leftovers
|upkeep
|turn|3
|
|t:|1776049172
|switch|p1a: Hoopa|Hoopa-Unbound|100/100
|switch|p2a: Iron Crown|Iron Crown|100/100
|
|-weather|RainDance|[upkeep]
|upkeep
|turn|4
|
|t:|1776049189
|-end|p2a: Iron Crown|Quark Drive|[silent]
|switch|p2a: Primarina|Primarina, F|100/100
|move|p1a: Hoopa|Hyperspace Fury|p2a: Primarina
|-resisted|p2a: Primarina
|-damage|p2a: Primarina|59/100
|-unboost|p1a: Hoopa|def|1
|
|-weather|RainDance|[upkeep]
|upkeep
|turn|5
|
|t:|1776049199
|switch|p1a: Blissey|Blissey, F|100/100
|move|p2a: Primarina|Moonblast|p1a: Blissey
|-damage|p1a: Blissey|82/100
|
|-weather|RainDance|[upkeep]
|upkeep
|turn|6
|
|t:|1776049207
|-terastallize|p2a: Primarina|Water
|move|p2a: Primarina|Hydro Pump|p1a: Blissey|[miss]
|-miss|p2a: Primarina|p1a: Blissey
|move|p1a: Blissey|Stealth Rock|p2a: Primarina
|-sidestart|p2: xXExtra_GumXx|move: Stealth Rock
|
|-weather|RainDance|[upkeep]
|upkeep
|turn|7
|
|t:|1776049213
|move|p2a: Primarina|Hydro Pump|p1a: Blissey
|-damage|p1a: Blissey|40/100
|move|p1a: Blissey|Soft-Boiled|p1a: Blissey
|-heal|p1a: Blissey|90/100
|
|-weather|RainDance|[upkeep]
|upkeep
|turn|8
|
|t:|1776049221
|move|p2a: Primarina|Blizzard|p1a: Blissey
|-crit|p1a: Blissey
|-damage|p1a: Blissey|67/100
|move|p1a: Blissey|Soft-Boiled|p1a: Blissey
|-heal|p1a: Blissey|100/100
|
|-weather|none
|upkeep
|turn|9
|
|t:|1776049228
|move|p2a: Primarina|Blizzard|p1a: Blissey|[miss]
|-miss|p2a: Primarina|p1a: Blissey
|move|p1a: Blissey|Thunder Wave|p2a: Primarina
|-status|p2a: Primarina|par
|
|upkeep
|turn|10
|
|t:|1776049235
|move|p1a: Blissey|Seismic Toss|p2a: Primarina
|-damage|p2a: Primarina|29/100 par
|move|p2a: Primarina|Blizzard|p1a: Blissey
|-damage|p1a: Blissey|86/100
|
|upkeep
|turn|11
|
|t:|1776049241
|switch|p2a: Great Tusk|Great Tusk|100/100
|move|p1a: Blissey|Seismic Toss|p2a: Great Tusk
|-damage|p2a: Great Tusk|74/100
|
|upkeep
|turn|12
|inactive|xXExtra_GumXx has 120 seconds left.
|inactive|xXExtra_GumXx has 90 seconds left.
|inactive|xXExtra_GumXx has 60 seconds left.
|inactive|xXExtra_GumXx has 30 seconds left.
|inactive|xXExtra_GumXx has 20 seconds left.
|inactive|xXExtra_GumXx has 15 seconds left.
|inactive|xXExtra_GumXx has 10 seconds left.
|inactive|xXExtra_GumXx has 5 seconds left.
|-message|xXExtra_GumXx lost due to inactivity.
|
|win|cellcrash0
|raw|cellcrash0's rating: 1180 &rarr; <strong>1206</strong><br />(+26 for winning)
|raw|xXExtra_GumXx's rating: 1195 &rarr; <strong>1169</strong><br />(-26 for losing)
|l|☆cellcrash0
|player|p1|
|l|☆xXExtra_GumXx
|player|p2|
