|html|<div class="broadcast-blue"><strong>[Gen 9] OU is currently suspecting Volcarona! For information on how to participate check out the <a href="https://www.smogon.com/tools/suspects/view/208">suspect thread</a>.</strong></div>
|j|☆ch1ck3n nu99ets
|j|☆qways
|t:|1778511200
|gametype|singles
|player|p1|ch1ck3n nu99ets|1|1665
|player|p2|qways|265|1743
|gen|9
|tier|[Gen 9] OU
|rated|
|rule|HP Percentage Mod: HP is shown in percentages
|rule|Endless Battle Clause: Forcing endless battles is banned
|rule|Species Clause: Limit one of each Pokémon
|rule|OHKO Clause: OHKO moves are banned
|rule|Evasion Items Clause: Evasion items are banned
|rule|Evasion Moves Clause: Evasion moves are banned
|rule|Evasion Abilities Clause: Evasion abilities are banned
|rule|Sleep Moves Clause: Sleep-inducing moves are banned
|clearpoke
|poke|p1|Samurott-Hisui, F|
|poke|p1|Dragapult, M|
|poke|p1|Garganacl, F|
|poke|p1|Iron Treads|
|poke|p1|Zapdos|
|poke|p1|Enamorus, F|
|poke|p2|Deoxys-Speed|
|poke|p2|Glimmora, F|
|poke|p2|Darkrai|
|poke|p2|Volcarona, M|
|poke|p2|Great Tusk|
|poke|p2|Hatterene, F|
|teampreview
|inactive|Battle timer is ON: inactive players will automatically lose when time's up. (requested by qways)
|
|t:|1778511226
|teamsize|p1|6
|teamsize|p2|6
|start
|switch|p1a: Iron Treads|Iron Treads|100/100
|switch|p2a: Glimmora|Glimmora, F|100/100
|turn|1
|
|t:|1778511237
|switch|p2a: Hatterene|Hatterene, F|100/100
|move|p1a: Iron Treads|Earthquake|p2a: Hatterene
|-damage|p2a: Hatterene|63/100
|
|-heal|p2a: Hatterene|69/100|[from] item: Leftovers
|upkeep
|turn|2
|
|t:|1778511247
|switch|p2a: Darkrai|Darkrai|100/100
|move|p1a: Iron Treads|Earthquake|p2a: Darkrai
|-damage|p2a: Darkrai|53/100
|
|-heal|p2a: Darkrai|59/100|[from] item: Leftovers
|upkeep
|turn|3
|
|t:|1778511253
|move|p2a: Darkrai|Will-O-Wisp|p1a: Iron Treads|[miss]
|-miss|p2a: Darkrai|p1a: Iron Treads
|move|p1a: Iron Treads|Rapid Spin|p2a: Darkrai
|-damage|p2a: Darkrai|42/100
|-boost|p1a: Iron Treads|spe|1
|
|-heal|p2a: Darkrai|49/100|[from] item: Leftovers
|upkeep
|turn|4
|
|t:|1778511256
|move|p1a: Iron Treads|Earthquake|p2a: Darkrai
|-damage|p2a: Darkrai|2/100
|move|p2a: Darkrai|Will-O-Wisp|p1a: Iron Treads
|-status|p1a: Iron Treads|brn
|
|-heal|p2a: Darkrai|8/100|[from] item: Leftovers
|-damage|p1a: Iron Treads|94/100 brn|[from] brn
|upkeep
|turn|5
|
|t:|1778511264
|switch|p2a: Hatterene|Hatterene, F|69/100
|move|p1a: Iron Treads|Knock Off|p2a: Hatterene
|-damage|p2a: Hatterene|57/100
|-enditem|p2a: Hatterene|Leftovers|[from] move: Knock Off|[of] p1a: Iron Treads
|
|-damage|p1a: Iron Treads|88/100 brn|[from] brn
|upkeep
|turn|6
|
|t:|1778511267
|move|p1a: Iron Treads|Earthquake|p2a: Hatterene
|-damage|p2a: Hatterene|39/100
|move|p2a: Hatterene|Draining Kiss|p1a: Iron Treads
|-resisted|p1a: Iron Treads
|-damage|p1a: Iron Treads|72/100 brn
|-heal|p2a: Hatterene|51/100|[from] drain|[of] p1a: Iron Treads
|
|-damage|p1a: Iron Treads|65/100 brn|[from] brn
|upkeep
|turn|7
|
|t:|1778511271
|-end|p1a: Iron Treads|Quark Drive|[silent]
|switch|p1a: Zapdos|Zapdos|100/100
|move|p2a: Hatterene|Draining Kiss|p1a: Zapdos
|-damage|p1a: Zapdos|78/100
|-heal|p2a: Hatterene|71/100|[from] drain|[of] p1a: Zapdos
|
|upkeep
|turn|8
|inactive|qways has 120 seconds left.
|
|t:|1778511306
|switch|p2a: Glimmora|Glimmora, F|100/100
|move|p1a: Zapdos|Volt Switch|p2a: Glimmora
|-damage|p2a: Glimmora|58/100
|
|t:|1778511315
|switch|p1a: Iron Treads|Iron Treads|65/100 brn|[from] Volt Switch
|
|-damage|p1a: Iron Treads|59/100 brn|[from] brn
|upkeep
|turn|9
|
|t:|1778511320
|switch|p2a: Hatterene|Hatterene, F|71/100
|move|p1a: Iron Treads|Earthquake|p2a: Hatterene
|-damage|p2a: Hatterene|53/100
|
|-damage|p1a: Iron Treads|53/100 brn|[from] brn
|upkeep
|turn|10
|
|t:|1778511324
|-end|p1a: Iron Treads|Quark Drive|[silent]
|switch|p1a: Zapdos|Zapdos|78/100
|move|p2a: Hatterene|Draining Kiss|p1a: Zapdos
|-damage|p1a: Zapdos|56/100
|-heal|p2a: Hatterene|73/100|[from] drain|[of] p1a: Zapdos
|-status|p2a: Hatterene|par|[from] ability: Static|[of] p1a: Zapdos
|
|upkeep
|turn|11
|
|t:|1778511332
|move|p1a: Zapdos|Roost|p1a: Zapdos
|-heal|p1a: Zapdos|100/100
|-singleturn|p1a: Zapdos|move: Roost
|cant|p2a: Hatterene|par
|
|upkeep
|turn|12
|
|t:|1778511334
|move|p1a: Zapdos|Volt Switch|p2a: Hatterene
|-damage|p2a: Hatterene|40/100 par
|
|t:|1778511336
|switch|p1a: Garganacl|Garganacl, F|100/100|[from] Volt Switch
|move|p2a: Hatterene|Draining Kiss|p1a: Garganacl
|-damage|p1a: Garganacl|86/100
|-heal|p2a: Hatterene|53/100 par|[from] drain|[of] p1a: Garganacl
|
|-heal|p1a: Garganacl|92/100|[from] item: Leftovers
|upkeep
|turn|13
|
|t:|1778511343
|switch|p2a: Glimmora|Glimmora, F|58/100
|move|p1a: Garganacl|Salt Cure|p2a: Glimmora
|-damage|p2a: Glimmora|41/100
|-start|p2a: Glimmora|Salt Cure
|-activate|p2a: Glimmora|ability: Toxic Debris
|-sidestart|p1: ch1ck3n nu99ets|move: Toxic Spikes
|
|-heal|p1a: Garganacl|99/100|[from] item: Leftovers
|-damage|p2a: Glimmora|28/100|[from] Salt Cure
|upkeep
|turn|14
|
|t:|1778511349
|move|p2a: Glimmora|Meteor Beam||[still]
|-prepare|p2a: Glimmora|Meteor Beam
|-boost|p2a: Glimmora|spa|1
|-enditem|p2a: Glimmora|Power Herb
|-anim|p2a: Glimmora|Meteor Beam|p1a: Garganacl
|-damage|p1a: Garganacl|38/100
|move|p1a: Garganacl|Stealth Rock|p2a: Glimmora
|-sidestart|p2: qways|move: Stealth Rock
|
|-heal|p1a: Garganacl|44/100|[from] item: Leftovers
|-damage|p2a: Glimmora|16/100|[from] Salt Cure
|upkeep
|turn|15
|
|t:|1778511356
|move|p1a: Garganacl|Protect|p1a: Garganacl
|-singleturn|p1a: Garganacl|Protect
|move|p2a: Glimmora|Earth Power|p1a: Garganacl
|-activate|p1a: Garganacl|move: Protect
|
|-heal|p1a: Garganacl|50/100|[from] item: Leftovers
|-damage|p2a: Glimmora|3/100|[from] Salt Cure
|upkeep
|turn|16
|
|t:|1778511359
|switch|p1a: Iron Treads|Iron Treads|53/100 brn
|move|p2a: Glimmora|Mortal Spin|p1a: Iron Treads
|-immune|p1a: Iron Treads
|
|-damage|p1a: Iron Treads|47/100 brn|[from] brn
|-damage|p2a: Glimmora|0 fnt|[from] Salt Cure
|faint|p2a: Glimmora
|upkeep
|
|t:|1778511363
|switch|p2a: Great Tusk|Great Tusk|100/100
|-damage|p2a: Great Tusk|97/100|[from] Stealth Rock
|-enditem|p2a: Great Tusk|Booster Energy
|-activate|p2a: Great Tusk|ability: Protosynthesis|[fromitem]
|-start|p2a: Great Tusk|protosynthesisspe
|turn|17
|
|t:|1778511367
|-end|p1a: Iron Treads|Quark Drive|[silent]
|switch|p1a: Zapdos|Zapdos|100/100
|move|p2a: Great Tusk|Rapid Spin|p1a: Zapdos
|-damage|p1a: Zapdos|90/100
|-boost|p2a: Great Tusk|spe|1
|-sideend|p2: qways|Stealth Rock|[from] move: Rapid Spin|[of] p2a: Great Tusk
|
|upkeep
|turn|18
|
|t:|1778511374
|-end|p2a: Great Tusk|Protosynthesis|[silent]
|switch|p2a: Darkrai|Darkrai|8/100
|move|p1a: Zapdos|Hurricane|p2a: Darkrai
|-damage|p2a: Darkrai|0 fnt
|faint|p2a: Darkrai
|
|upkeep
|
|t:|1778511387
|switch|p2a: Deoxys|Deoxys-Speed|100/100
|-ability|p2a: Deoxys|Pressure
|turn|19
|
|t:|1778511391
|move|p2a: Deoxys|Light Screen|p2a: Deoxys
|-sidestart|p2: qways|move: Light Screen
|move|p1a: Zapdos|Thunder Wave|p2a: Deoxys
|-status|p2a: Deoxys|par
|
|upkeep
|turn|20
|
|t:|1778511396
|cant|p2a: Deoxys|par
|move|p1a: Zapdos|Volt Switch|p2a: Deoxys
|-damage|p2a: Deoxys|81/100 par
|
|t:|1778511401
|switch|p1a: Garganacl|Garganacl, F|50/100|[from] Volt Switch
|
|-heal|p1a: Garganacl|56/100|[from] item: Leftovers
|upkeep
|turn|21
|
|t:|1778511405
|cant|p2a: Deoxys|par
|move|p1a: Garganacl|Salt Cure|p2a: Deoxys
|-damage|p2a: Deoxys|64/100 par
|-start|p2a: Deoxys|Salt Cure
|
|-heal|p1a: Garganacl|62/100|[from] item: Leftovers
|-damage|p2a: Deoxys|51/100 par|[from] Salt Cure
|upkeep
|turn|22
|
|t:|1778511408
|move|p2a: Deoxys|Taunt|p1a: Garganacl
|-start|p1a: Garganacl|move: Taunt
|move|p1a: Garganacl|Salt Cure|p2a: Deoxys
|-damage|p2a: Deoxys|35/100 par
|
|-heal|p1a: Garganacl|69/100|[from] item: Leftovers
|-damage|p2a: Deoxys|23/100 par|[from] Salt Cure
|upkeep
|turn|23
|
|t:|1778511410
|move|p2a: Deoxys|Reflect|p2a: Deoxys
|-sidestart|p2: qways|Reflect
|move|p1a: Garganacl|Salt Cure|p2a: Deoxys
|-damage|p2a: Deoxys|14/100 par
|
|-heal|p1a: Garganacl|75/100|[from] item: Leftovers
|-damage|p2a: Deoxys|2/100 par|[from] Salt Cure
|upkeep
|turn|24
|
|t:|1778511414
|switch|p1a: Zapdos|Zapdos|90/100
|cant|p2a: Deoxys|par
|
|-damage|p2a: Deoxys|0 fnt|[from] Salt Cure
|faint|p2a: Deoxys
|upkeep
|
|t:|1778511418
|switch|p2a: Volcarona|Volcarona, M|100/100
|turn|25
|
|t:|1778511425
|move|p2a: Volcarona|Substitute|p2a: Volcarona
|-start|p2a: Volcarona|Substitute
|-damage|p2a: Volcarona|76/100
|move|p1a: Zapdos|Thunder Wave||[still]
|-fail|p1a: Zapdos
|
|-heal|p2a: Volcarona|82/100|[from] item: Leftovers
|upkeep
|turn|26
|
|t:|1778511428
|move|p2a: Volcarona|Quiver Dance|p2a: Volcarona
|-boost|p2a: Volcarona|spa|1
|-boost|p2a: Volcarona|spd|1
|-boost|p2a: Volcarona|spe|1
|move|p1a: Zapdos|Volt Switch|p2a: Volcarona
|-activate|p2a: Volcarona|move: Substitute|[damage]
|
|t:|1778511429
|switch|p1a: Dragapult|Dragapult, M|100/100|[from] Volt Switch
|
|-heal|p2a: Volcarona|88/100|[from] item: Leftovers
|-sideend|p2: qways|move: Light Screen
|upkeep
|turn|27
|
|t:|1778511448
|move|p2a: Volcarona|Quiver Dance|p2a: Volcarona
|-boost|p2a: Volcarona|spa|1
|-boost|p2a: Volcarona|spd|1
|-boost|p2a: Volcarona|spe|1
|move|p1a: Dragapult|Dragon Darts|p2a: Volcarona
|-crit|p2a: Volcarona
|-damage|p2a: Volcarona|51/100
|-anim|p1a: Dragapult|Dragon Darts|p2a: Volcarona
|-damage|p2a: Volcarona|25/100
|
|-heal|p2a: Volcarona|31/100|[from] item: Leftovers
|upkeep
|turn|28
|
|t:|1778511456
|-terastallize|p2a: Volcarona|Psychic
|move|p2a: Volcarona|Psychic|p1a: Dragapult
|-damage|p1a: Dragapult|0 fnt
|faint|p1a: Dragapult
|
|-heal|p2a: Volcarona|37/100|[from] item: Leftovers
|upkeep
|-message|ch1ck3n nu99ets forfeited.
|
|win|qways
|raw|ch1ck3n nu99ets's rating: 1665 &rarr; <strong>1649</strong><br />(-16 for losing)
|raw|qways's rating: 1743 &rarr; <strong>1759</strong><br />(+16 for winning)
|l|☆ch1ck3n nu99ets
|player|p1|
|l|☆qways
|player|p2|
