|html|<div class="broadcast-blue"><strong>[Gen 9] OU is currently suspecting Tera Blast! For information on how to participate check out the <a href="https://www.smogon.com/tools/suspects/view/200">suspect thread</a>.</strong></div>
|j|☆max4coast
|j|☆ZeR0KILL
|t:|1776266387
|gametype|singles
|player|p1|max4coast|guitarist|1061
|player|p2|ZeR0KILL|lance|1089
|gen|9
|tier|[Gen 9] OU
|rated|
|rule|HP Percentage Mod: HP is shown in percentages
|rule|Endless Battle Clause: Forcing endless battles is banned
|rule|Species Clause: Limit one of each Pokémon
|rule|OHKO Clause: OHKO moves are banned
|rule|Evasion Items Clause: Evasion items are banned
|rule|Evasion Moves Clause: Evasion moves are banned
|rule|Evasion Abilities Clause: Evasion abilities are banned
|rule|Sleep Moves Clause: Sleep-inducing moves are banned
|clearpoke
|poke|p1|Meowscarada, F|
|poke|p1|Forretress, M|
|poke|p1|Iron Valiant|
|poke|p1|Reuniclus, F|
|poke|p1|Umbreon, M|
|poke|p1|Ceruledge, F|
|poke|p2|Dragonite, M|
|poke|p2|Ogerpon-Wellspring, F|
|poke|p2|Spiritomb, F|
|poke|p2|Gliscor, F|
|poke|p2|Gholdengo|
|poke|p2|Zamazenta-*|
|teampreview
|inactive|Battle timer is ON: inactive players will automatically lose when time's up. (requested by ZeR0KILL)
|
|t:|1776266405
|teamsize|p1|6
|teamsize|p2|6
|start
|switch|p1a: Meowscarada|Meowscarada, F|100/100
|switch|p2a: Dragonite|Dragonite, M|100/100
|turn|1
|
|t:|1776266415
|move|p1a: Meowscarada|Thunder Punch|p2a: Dragonite
|-start|p1a: Meowscarada|typechange|Electric|[from] ability: Protean
|-damage|p2a: Dragonite|84/100
|move|p2a: Dragonite|Dragon Dance|p2a: Dragonite
|-boost|p2a: Dragonite|atk|1
|-boost|p2a: Dragonite|spe|1
|
|upkeep
|turn|2
|
|t:|1776266429
|switch|p1a: Ceruledge|Ceruledge, F, shiny|100/100
|move|p2a: Dragonite|Earthquake|p1a: Ceruledge
|-supereffective|p1a: Ceruledge
|-damage|p1a: Ceruledge|0 fnt
|faint|p1a: Ceruledge
|
|upkeep
|
|t:|1776266436
|switch|p1a: Umbreon|Umbreon, M|100/100
|turn|3
|
|t:|1776266441
|move|p2a: Dragonite|Brick Break|p1a: Umbreon
|-supereffective|p1a: Umbreon
|-damage|p1a: Umbreon|30/100
|move|p1a: Umbreon|Foul Play|p2a: Dragonite
|-damage|p2a: Dragonite|5/100
|
|-heal|p1a: Umbreon|37/100|[from] item: Leftovers
|upkeep
|turn|4
|
|t:|1776266450
|move|p1a: Umbreon|Protect|p1a: Umbreon
|-singleturn|p1a: Umbreon|Protect
|move|p2a: Dragonite|Brick Break|p1a: Umbreon
|-activate|p1a: Umbreon|move: Protect
|
|-heal|p1a: Umbreon|43/100|[from] item: Leftovers
|upkeep
|turn|5
|
|t:|1776266459
|switch|p1a: Reuniclus|Reuniclus, F|100/100
|move|p2a: Dragonite|Brick Break|p1a: Reuniclus
|-resisted|p1a: Reuniclus
|-damage|p1a: Reuniclus|81/100
|
|upkeep
|turn|6
|
|t:|1776266466
|move|p2a: Dragonite|Earthquake|p1a: Reuniclus
|-damage|p1a: Reuniclus|23/100
|move|p1a: Reuniclus|Encore|p2a: Dragonite
|-start|p2a: Dragonite|Encore
|
|upkeep
|turn|7
|
|t:|1776266479
|switch|p1a: Meowscarada|Meowscarada, F|100/100
|move|p2a: Dragonite|Earthquake|p1a: Meowscarada
|-resisted|p1a: Meowscarada
|-damage|p1a: Meowscarada|54/100
|
|upkeep
|turn|8
|
|t:|1776266491
|switch|p2a: Ogerpon|Ogerpon-Wellspring, F|100/100
|move|p1a: Meowscarada|Sucker Punch||[still]
|-fail|p1a: Meowscarada
|
|upkeep
|turn|9
|
|t:|1776266497
|move|p1a: Meowscarada|Knock Off|p2a: Ogerpon
|-start|p1a: Meowscarada|typechange|Dark|[from] ability: Protean
|-damage|p2a: Ogerpon|60/100
|move|p2a: Ogerpon|Swords Dance|p2a: Ogerpon
|-boost|p2a: Ogerpon|atk|2
|
|upkeep
|turn|10
|
|t:|1776266524
|-terastallize|p1a: Meowscarada|Grass
|move|p1a: Meowscarada|Flower Trick|p2a: Ogerpon
|-crit|p2a: Ogerpon
|-damage|p2a: Ogerpon|0 fnt
|faint|p2a: Ogerpon
|
|upkeep
|
|t:|1776266533
|switch|p2a: Spiritomb|Spiritomb, F, shiny|100/100
|turn|11
|
|t:|1776266539
|move|p1a: Meowscarada|Knock Off|p2a: Spiritomb
|-damage|p2a: Spiritomb|45/100
|-enditem|p2a: Spiritomb|Leftovers|[from] move: Knock Off|[of] p1a: Meowscarada
|move|p2a: Spiritomb|Will-O-Wisp|p1a: Meowscarada
|-status|p1a: Meowscarada|brn
|
|-damage|p1a: Meowscarada|48/100 brn|[from] brn
|upkeep
|turn|12
|
|t:|1776266548
|switch|p1a: Umbreon|Umbreon, M|43/100
|move|p2a: Spiritomb|Sucker Punch||[still]
|-fail|p2a: Spiritomb
|
|-heal|p1a: Umbreon|49/100|[from] item: Leftovers
|upkeep
|turn|13
|
|t:|1776266557
|switch|p2a: Gliscor|Gliscor, F, shiny|100/100
|move|p1a: Umbreon|Wish|p1a: Umbreon
|
|-heal|p1a: Umbreon|55/100|[from] item: Leftovers
|-status|p2a: Gliscor|tox|[from] item: Toxic Orb
|upkeep
|turn|14
|
|t:|1776266563
|move|p2a: Gliscor|Stealth Rock|p1a: Umbreon
|-sidestart|p1: max4coast|move: Stealth Rock
|move|p1a: Umbreon|Taunt|p2a: Gliscor
|-start|p2a: Gliscor|move: Taunt
|
|-heal|p1a: Umbreon|100/100|[from] move: Wish|[wisher] Umbreon
|upkeep
|turn|15
|
|t:|1776266583
|switch|p1a: Forretress|Forretress, M|100/100
|move|p2a: Gliscor|Facade|p1a: Forretress
|-resisted|p1a: Forretress
|-damage|p1a: Forretress|93/100
|
|upkeep
|turn|16
|
|t:|1776266596
|switch|p2a: Spiritomb|Spiritomb, F, shiny|45/100
|move|p1a: Forretress|Toxic Spikes|p2a: Spiritomb
|-sidestart|p2: ZeR0KILL|move: Toxic Spikes
|
|upkeep
|turn|17
|
|t:|1776266602
|move|p2a: Spiritomb|Will-O-Wisp|p1a: Forretress
|-status|p1a: Forretress|brn
|move|p1a: Forretress|Toxic Spikes|p2a: Spiritomb
|-sidestart|p2: ZeR0KILL|move: Toxic Spikes
|
|-damage|p1a: Forretress|87/100 brn|[from] brn
|upkeep
|turn|18
|
|t:|1776266610
|move|p2a: Spiritomb|Pain Split|p1a: Forretress
|-sethp|p1a: Forretress|59/100 brn|[from] move: Pain Split|[silent]
|-sethp|p2a: Spiritomb|86/100|[from] move: Pain Split
|move|p1a: Forretress|Stealth Rock|p2a: Spiritomb
|-sidestart|p2: ZeR0KILL|move: Stealth Rock
|
|-damage|p1a: Forretress|52/100 brn|[from] brn
|upkeep
|turn|19
|
|t:|1776266627
|switch|p1a: Meowscarada|Meowscarada, F, tera:Grass|48/100 brn
|-damage|p1a: Meowscarada|36/100 brn|[from] Stealth Rock
|move|p2a: Spiritomb|Foul Play|p1a: Meowscarada
|-damage|p1a: Meowscarada|0 fnt
|faint|p1a: Meowscarada
|
|upkeep
|
|t:|1776266635
|switch|p1a: Iron Valiant|Iron Valiant|100/100
|-damage|p1a: Iron Valiant|94/100|[from] Stealth Rock
|-enditem|p1a: Iron Valiant|Booster Energy
|-activate|p1a: Iron Valiant|ability: Quark Drive|[fromitem]
|-start|p1a: Iron Valiant|quarkdrivespe
|turn|20
|
|t:|1776266642
|move|p1a: Iron Valiant|Spirit Break|p2a: Spiritomb
|-supereffective|p2a: Spiritomb
|-damage|p2a: Spiritomb|0 fnt
|faint|p2a: Spiritomb
|
|upkeep
|
|t:|1776266647
|switch|p2a: Gliscor|Gliscor, F, shiny|100/100 tox
|-damage|p2a: Gliscor|88/100 tox|[from] Stealth Rock
|turn|21
|
|t:|1776266651
|move|p1a: Iron Valiant|Swords Dance|p1a: Iron Valiant
|-boost|p1a: Iron Valiant|atk|2
|move|p2a: Gliscor|Toxic|p1a: Iron Valiant
|-status|p1a: Iron Valiant|tox
|
|-damage|p1a: Iron Valiant|88/100 tox|[from] psn
|-heal|p2a: Gliscor|100/100 tox|[from] ability: Poison Heal
|upkeep
|turn|22
|
|t:|1776266661
|move|p2a: Gliscor|Protect|p2a: Gliscor
|-singleturn|p2a: Gliscor|Protect
|move|p1a: Iron Valiant|Spirit Break|p2a: Gliscor
|-activate|p2a: Gliscor|move: Protect
|
|-damage|p1a: Iron Valiant|76/100 tox|[from] psn
|upkeep
|turn|23
|
|t:|1776266682
|move|p1a: Iron Valiant|Spirit Break|p2a: Gliscor
|-damage|p2a: Gliscor|41/100 tox
|-unboost|p2a: Gliscor|spa|1
|move|p2a: Gliscor|Facade|p1a: Iron Valiant
|-damage|p1a: Iron Valiant|33/100 tox
|
|-damage|p1a: Iron Valiant|15/100 tox|[from] psn
|-heal|p2a: Gliscor|53/100 tox|[from] ability: Poison Heal
|upkeep
|turn|24
|
|t:|1776266705
|-end|p1a: Iron Valiant|Quark Drive|[silent]
|switch|p1a: Umbreon|Umbreon, M|100/100
|-damage|p1a: Umbreon|88/100|[from] Stealth Rock
|move|p2a: Gliscor|Protect||[still]
|-fail|p2a: Gliscor
|
|-heal|p1a: Umbreon|94/100|[from] item: Leftovers
|-heal|p2a: Gliscor|66/100 tox|[from] ability: Poison Heal
|upkeep
|turn|25
|
|t:|1776266716
|move|p2a: Gliscor|Toxic|p1a: Umbreon
|-status|p1a: Umbreon|tox
|-activate|p1a: Umbreon|ability: Synchronize
|-fail|p2a: Gliscor|tox
|move|p1a: Umbreon|Taunt|p2a: Gliscor
|-start|p2a: Gliscor|move: Taunt
|
|-heal|p1a: Umbreon|99/100 tox|[from] item: Leftovers
|-heal|p2a: Gliscor|78/100 tox|[from] ability: Poison Heal
|-damage|p1a: Umbreon|94/100 tox|[from] psn
|upkeep
|turn|26
|
|t:|1776266730
|switch|p2a: Dragonite|Dragonite, M|5/100
|move|p1a: Umbreon|Foul Play|p2a: Dragonite
|-damage|p2a: Dragonite|0 fnt
|faint|p2a: Dragonite
|
|-heal|p1a: Umbreon|99/100 tox|[from] item: Leftovers
|-damage|p1a: Umbreon|88/100 tox|[from] psn
|upkeep
|
|t:|1776266741
|switch|p2a: Zamazenta|Zamazenta|100/100
|-status|p2a: Zamazenta|tox
|-damage|p2a: Zamazenta|94/100 tox|[from] Stealth Rock
|-ability|p2a: Zamazenta|Dauntless Shield|boost
|-boost|p2a: Zamazenta|def|1
|turn|27
|
|t:|1776266750
|move|p2a: Zamazenta|Iron Defense|p2a: Zamazenta
|-boost|p2a: Zamazenta|def|2
|move|p1a: Umbreon|Wish|p1a: Umbreon
|
|-heal|p2a: Zamazenta|100/100 tox|[from] item: Leftovers
|-heal|p1a: Umbreon|94/100 tox|[from] item: Leftovers
|-damage|p2a: Zamazenta|94/100 tox|[from] psn
|-damage|p1a: Umbreon|76/100 tox|[from] psn
|upkeep
|turn|28
|
|t:|1776266758
|switch|p1a: Reuniclus|Reuniclus, F|23/100
|move|p2a: Zamazenta|Body Press|p1a: Reuniclus
|-resisted|p1a: Reuniclus
|-damage|p1a: Reuniclus|0 fnt
|faint|p1a: Reuniclus
|
|-heal|p2a: Zamazenta|100/100 tox|[from] item: Leftovers
|-damage|p2a: Zamazenta|88/100 tox|[from] psn
|upkeep
|
|t:|1776266768
|switch|p1a: Iron Valiant|Iron Valiant|15/100 tox
|-damage|p1a: Iron Valiant|8/100 tox|[from] Stealth Rock
|turn|29
|
|t:|1776266782
|switch|p2a: Gliscor|Gliscor, F, shiny|78/100 tox
|-damage|p2a: Gliscor|66/100 tox|[from] Stealth Rock
|move|p1a: Iron Valiant|Spirit Break|p2a: Gliscor
|-damage|p2a: Gliscor|38/100 tox
|-unboost|p2a: Gliscor|spa|1
|
|-damage|p1a: Iron Valiant|2/100 tox|[from] psn
|-heal|p2a: Gliscor|51/100 tox|[from] ability: Poison Heal
|upkeep
|turn|30
|
|t:|1776266798
|move|p2a: Gliscor|Protect|p2a: Gliscor
|-singleturn|p2a: Gliscor|Protect
|move|p1a: Iron Valiant|Close Combat|p2a: Gliscor
|-activate|p2a: Gliscor|move: Protect
|
|-damage|p1a: Iron Valiant|0 fnt|[from] psn
|faint|p1a: Iron Valiant
|-end|p1a: Iron Valiant|Quark Drive|[silent]
|-heal|p2a: Gliscor|63/100 tox|[from] ability: Poison Heal
|upkeep
|
|t:|1776266810
|switch|p1a: Forretress|Forretress, M|52/100 brn
|turn|31
|
|t:|1776266819
|switch|p2a: Zamazenta|Zamazenta|88/100 tox
|-damage|p2a: Zamazenta|82/100 tox|[from] Stealth Rock
|move|p1a: Forretress|Rapid Spin|p2a: Zamazenta
|-damage|p2a: Zamazenta|77/100 tox
|-boost|p1a: Forretress|spe|1
|-sideend|p1: max4coast|Stealth Rock|[from] move: Rapid Spin|[of] p1a: Forretress
|
|-heal|p2a: Zamazenta|84/100 tox|[from] item: Leftovers
|-damage|p2a: Zamazenta|77/100 tox|[from] psn
|-damage|p1a: Forretress|46/100 brn|[from] brn
|upkeep
|turn|32
|
|t:|1776266832
|move|p2a: Zamazenta|Iron Defense|p2a: Zamazenta
|-boost|p2a: Zamazenta|def|2
|move|p1a: Forretress|Gyro Ball|p2a: Zamazenta
|-damage|p2a: Zamazenta|72/100 tox
|
|-heal|p2a: Zamazenta|78/100 tox|[from] item: Leftovers
|-damage|p2a: Zamazenta|65/100 tox|[from] psn
|-damage|p1a: Forretress|40/100 brn|[from] brn
|upkeep
|turn|33
|
|t:|1776266842
|switch|p1a: Umbreon|Umbreon, M|76/100 tox
|move|p2a: Zamazenta|Body Press|p1a: Umbreon
|-supereffective|p1a: Umbreon
|-damage|p1a: Umbreon|0 fnt
|faint|p1a: Umbreon
|
|-heal|p2a: Zamazenta|72/100 tox|[from] item: Leftovers
|-damage|p2a: Zamazenta|53/100 tox|[from] psn
|upkeep
|c|☆max4coast|rip
|
|t:|1776266851
|switch|p1a: Forretress|Forretress, M|40/100 brn
|turn|34
|
|t:|1776266856
|move|p2a: Zamazenta|Body Press|p1a: Forretress
|-damage|p1a: Forretress|0 fnt
|faint|p1a: Forretress
|
|win|ZeR0KILL
|raw|max4coast's rating: 1061 &rarr; <strong>1043</strong><br />(-18 for losing)
|raw|ZeR0KILL's rating: 1089 &rarr; <strong>1114</strong><br />(+25 for winning)
|c|☆max4coast|gg
|l|☆max4coast
|player|p1|
