|html|<div class="broadcast-blue"><strong>[Gen 9] OU is currently suspecting Tera Blast! For information on how to participate check out the <a href="https://www.smogon.com/tools/suspects/view/200">suspect thread</a>.</strong></div>
|j|☆jongwoo buffet
|j|☆Blitziscool
|t:|1776270200
|gametype|singles
|player|p1|jongwoo buffet|li|1041
|player|p2|Blitziscool|2|1000
|gen|9
|tier|[Gen 9] OU
|rated|
|rule|HP Percentage Mod: HP is shown in percentages
|rule|Endless Battle Clause: Forcing endless battles is banned
|rule|Species Clause: Limit one of each Pokémon
|rule|OHKO Clause: OHKO moves are banned
|rule|Evasion Items Clause: Evasion items are banned
|rule|Evasion Moves Clause: Evasion moves are banned
|rule|Evasion Abilities Clause: Evasion abilities are banned
|rule|Sleep Moves Clause: Sleep-inducing moves are banned
|clearpoke
|poke|p1|Iron Valiant|
|poke|p1|Zapdos|
|poke|p1|Landorus-Therian, M|
|poke|p1|Raging Bolt|
|poke|p1|Samurott-Hisui, F|
|poke|p1|Garchomp, M|
|poke|p2|Comfey, M|
|poke|p2|Incineroar, M|
|poke|p2|Hydrapple, F|
|poke|p2|Reuniclus, F|
|poke|p2|Zamazenta-*|
|poke|p2|Weezing-Galar, F|
|teampreview
|
|t:|1776270209
|teamsize|p1|6
|teamsize|p2|6
|start
|switch|p1a: tbd|Samurott-Hisui, F, shiny|100/100
|switch|p2a: Comfey|Comfey, M|100/100
|turn|1
|
|t:|1776270224
|move|p1a: tbd|Ceaseless Edge|p2a: Comfey
|-resisted|p2a: Comfey
|-damage|p2a: Comfey|83/100
|-sidestart|p2: Blitziscool|Spikes
|move|p2a: Comfey|Substitute|p2a: Comfey
|-start|p2a: Comfey|Substitute
|-damage|p2a: Comfey|58/100
|
|-heal|p2a: Comfey|64/100|[from] item: Leftovers
|upkeep
|turn|2
|
|t:|1776270249
|move|p1a: tbd|Razor Shell|p2a: Comfey
|-end|p2a: Comfey|Substitute
|move|p2a: Comfey|Leech Seed|p1a: tbd
|-start|p1a: tbd|move: Leech Seed
|
|-heal|p2a: Comfey|70/100|[from] item: Leftovers
|-damage|p1a: tbd|88/100|[from] Leech Seed|[of] p2a: Comfey
|-heal|p2a: Comfey|83/100|[silent]
|upkeep
|turn|3
|
|t:|1776270267
|-terastallize|p1a: tbd|Dark
|move|p1a: tbd|Razor Shell|p2a: Comfey|[miss]
|-miss|p1a: tbd|p2a: Comfey
|move|p2a: Comfey|Calm Mind|p2a: Comfey
|-boost|p2a: Comfey|spa|1
|-boost|p2a: Comfey|spd|1
|
|-heal|p2a: Comfey|89/100|[from] item: Leftovers
|-damage|p1a: tbd|76/100|[from] Leech Seed|[of] p2a: Comfey
|-heal|p2a: Comfey|100/100|[silent]
|upkeep
|turn|4
|
|t:|1776270282
|switch|p1a: alex|Garchomp, M, shiny|100/100
|move|p2a: Comfey|Substitute|p2a: Comfey
|-start|p2a: Comfey|Substitute
|-damage|p2a: Comfey|76/100
|
|-heal|p2a: Comfey|82/100|[from] item: Leftovers
|upkeep
|turn|5
|
|t:|1776270300
|move|p1a: alex|Poison Jab|p2a: Comfey
|-supereffective|p2a: Comfey
|-end|p2a: Comfey|Substitute
|move|p2a: Comfey|Leech Seed|p1a: alex
|-start|p1a: alex|move: Leech Seed
|
|-heal|p2a: Comfey|88/100|[from] item: Leftovers
|-damage|p1a: alex|88/100|[from] Leech Seed|[of] p2a: Comfey
|-heal|p2a: Comfey|100/100|[silent]
|upkeep
|turn|6
|
|t:|1776270323
|move|p1a: alex|Poison Jab|p2a: Comfey
|-supereffective|p2a: Comfey
|-damage|p2a: Comfey|61/100
|move|p2a: Comfey|Calm Mind|p2a: Comfey
|-boost|p2a: Comfey|spa|1
|-boost|p2a: Comfey|spd|1
|
|-heal|p2a: Comfey|67/100|[from] item: Leftovers
|-damage|p1a: alex|76/100|[from] Leech Seed|[of] p2a: Comfey
|-heal|p2a: Comfey|84/100|[silent]
|upkeep
|turn|7
|
|t:|1776270334
|move|p1a: alex|Poison Jab|p2a: Comfey
|-supereffective|p2a: Comfey
|-damage|p2a: Comfey|44/100
|-status|p2a: Comfey|psn
|move|p2a: Comfey|Calm Mind|p2a: Comfey
|-boost|p2a: Comfey|spa|1
|-boost|p2a: Comfey|spd|1
|
|-heal|p2a: Comfey|50/100 psn|[from] item: Leftovers
|-damage|p1a: alex|63/100|[from] Leech Seed|[of] p2a: Comfey
|-heal|p2a: Comfey|67/100 psn|[silent]
|-damage|p2a: Comfey|55/100 psn|[from] psn
|upkeep
|turn|8
|
|t:|1776270345
|move|p2a: Comfey|Draining Kiss|p1a: alex
|-supereffective|p1a: alex
|-damage|p1a: alex|0 fnt
|-heal|p2a: Comfey|100/100 psn|[from] drain|[of] p1a: alex
|-damage|p2a: Comfey|88/100 psn|[from] ability: Rough Skin|[of] p1a: alex
|-damage|p2a: Comfey|71/100 psn|[from] item: Rocky Helmet|[of] p1a: alex
|faint|p1a: alex
|
|-heal|p2a: Comfey|78/100 psn|[from] item: Leftovers
|-damage|p2a: Comfey|65/100 psn|[from] psn
|upkeep
|
|t:|1776270361
|switch|p1a: fortnite|Iron Valiant, shiny|100/100
|-enditem|p1a: fortnite|Booster Energy
|-activate|p1a: fortnite|ability: Quark Drive|[fromitem]
|-start|p1a: fortnite|quarkdrivespe
|turn|9
|
|t:|1776270371
|move|p1a: fortnite|Encore|p2a: Comfey
|-start|p2a: Comfey|Encore
|move|p2a: Comfey|Draining Kiss|p1a: fortnite
|-supereffective|p1a: fortnite
|-damage|p1a: fortnite|0 fnt
|-heal|p2a: Comfey|100/100 psn|[from] drain|[of] p1a: fortnite
|faint|p1a: fortnite
|-end|p1a: fortnite|Quark Drive|[silent]
|
|-damage|p2a: Comfey|88/100 psn|[from] psn
|upkeep
|
|t:|1776270396
|switch|p1a: dash|Zapdos|100/100
|-ability|p1a: dash|Pressure
|turn|10
|
|t:|1776270407
|move|p2a: Comfey|Draining Kiss|p1a: dash
|-damage|p1a: dash|68/100
|-heal|p2a: Comfey|100/100 psn|[from] drain|[of] p1a: dash
|move|p1a: dash|Discharge|p2a: Comfey
|-damage|p2a: Comfey|85/100 psn
|
|-heal|p2a: Comfey|91/100 psn|[from] item: Leftovers
|-damage|p2a: Comfey|79/100 psn|[from] psn
|upkeep
|turn|11
|
|t:|1776270420
|move|p2a: Comfey|Draining Kiss|p1a: dash
|-damage|p1a: dash|34/100
|-heal|p2a: Comfey|100/100 psn|[from] drain|[of] p1a: dash
|move|p1a: dash|Volt Switch|p2a: Comfey
|-damage|p2a: Comfey|88/100 psn
|
|t:|1776270438
|switch|p1a: mexican|Raging Bolt|100/100|[from] Volt Switch
|
|-heal|p2a: Comfey|94/100 psn|[from] item: Leftovers
|-damage|p2a: Comfey|82/100 psn|[from] psn
|-end|p2a: Comfey|Encore
|upkeep
|turn|12
|
|t:|1776270451
|move|p2a: Comfey|Substitute|p2a: Comfey
|-start|p2a: Comfey|Substitute
|-damage|p2a: Comfey|57/100 psn
|move|p1a: mexican|Calm Mind|p1a: mexican
|-boost|p1a: mexican|spa|1
|-boost|p1a: mexican|spd|1
|
|-heal|p2a: Comfey|63/100 psn|[from] item: Leftovers
|-damage|p2a: Comfey|50/100 psn|[from] psn
|upkeep
|turn|13
|
|t:|1776270472
|move|p2a: Comfey|Leech Seed|p1a: mexican
|-start|p1a: mexican|move: Leech Seed
|move|p1a: mexican|Calm Mind|p1a: mexican
|-boost|p1a: mexican|spa|1
|-boost|p1a: mexican|spd|1
|
|-heal|p2a: Comfey|57/100 psn|[from] item: Leftovers
|-damage|p1a: mexican|88/100|[from] Leech Seed|[of] p2a: Comfey
|-heal|p2a: Comfey|75/100 psn|[silent]
|-damage|p2a: Comfey|63/100 psn|[from] psn
|upkeep
|turn|14
|
|t:|1776270483
|move|p1a: mexican|Thunderclap||[still]
|-fail|p1a: mexican
|move|p2a: Comfey|Calm Mind|p2a: Comfey
|-boost|p2a: Comfey|spa|1
|-boost|p2a: Comfey|spd|1
|
|-heal|p2a: Comfey|69/100 psn|[from] item: Leftovers
|-heal|p1a: mexican|94/100|[from] item: Leftovers
|-damage|p1a: mexican|82/100|[from] Leech Seed|[of] p2a: Comfey
|-heal|p2a: Comfey|87/100 psn|[silent]
|-damage|p2a: Comfey|75/100 psn|[from] psn
|upkeep
|turn|15
|
|t:|1776270496
|move|p1a: mexican|Thunderclap||[still]
|-fail|p1a: mexican
|move|p2a: Comfey|Calm Mind|p2a: Comfey
|-boost|p2a: Comfey|spa|1
|-boost|p2a: Comfey|spd|1
|
|-heal|p2a: Comfey|81/100 psn|[from] item: Leftovers
|-heal|p1a: mexican|88/100|[from] item: Leftovers
|-damage|p1a: mexican|76/100|[from] Leech Seed|[of] p2a: Comfey
|-heal|p2a: Comfey|99/100 psn|[silent]
|-damage|p2a: Comfey|87/100 psn|[from] psn
|upkeep
|turn|16
|-message|jongwoo buffet forfeited.
|
|win|Blitziscool
|raw|jongwoo buffet's rating: 1041 &rarr; <strong>1023</strong><br />(-18 for losing)
|raw|Blitziscool's rating: 1000 &rarr; <strong>1045</strong><br />(+45 for winning)
|l|☆jongwoo buffet
|player|p1|
