|html|<div class="broadcast-blue"><strong>[Gen 9] OU is currently suspecting Tera Blast! For information on how to participate check out the <a href="https://www.smogon.com/tools/suspects/view/200">suspect thread</a>.</strong></div>
|j|☆Chrisfeb1992
|j|‽kaxhi
|t:|1776187114
|gametype|singles
|player|p1|Chrisfeb1992|102|1394
|player|p2|kaxhi|101|1438
|gen|9
|tier|[Gen 9] OU
|rated|
|rule|HP Percentage Mod: HP is shown in percentages
|rule|Endless Battle Clause: Forcing endless battles is banned
|rule|Species Clause: Limit one of each Pokémon
|rule|OHKO Clause: OHKO moves are banned
|rule|Evasion Items Clause: Evasion items are banned
|rule|Evasion Moves Clause: Evasion moves are banned
|rule|Evasion Abilities Clause: Evasion abilities are banned
|rule|Sleep Moves Clause: Sleep-inducing moves are banned
|clearpoke
|poke|p1|Torkoal, F|
|poke|p1|Walking Wake|
|poke|p1|Deoxys-Speed|
|poke|p1|Zamazenta-*|
|poke|p1|Cinderace, F|
|poke|p1|Ceruledge, M|
|poke|p2|Dragapult, F|
|poke|p2|Iron Moth|
|poke|p2|Serperior, F|
|poke|p2|Iron Treads|
|poke|p2|Dragonite, F|
|poke|p2|Greninja-*, M|
|teampreview
|inactive|Battle timer is ON: inactive players will automatically lose when time's up. (requested by kaxhi)
|inactive|kaxhi has 120 seconds left.
|inactive|kaxhi has 90 seconds left.
|
|t:|1776187182
|teamsize|p1|6
|teamsize|p2|6
|start
|switch|p1a: Deoxys|Deoxys-Speed|100/100
|switch|p2a: Dragonite|Dragonite, F|100/100
|-ability|p1a: Deoxys|Pressure
|turn|1
|
|t:|1776187189
|move|p1a: Deoxys|Taunt|p2a: Dragonite
|-start|p2a: Dragonite|move: Taunt
|move|p2a: Dragonite|Scale Shot|p1a: Deoxys
|-damage|p1a: Deoxys|83/100
|-damage|p1a: Deoxys|64/100
|-damage|p1a: Deoxys|46/100
|-damage|p1a: Deoxys|27/100
|-damage|p1a: Deoxys|7/100
|-hitcount|p1a: Deoxys|5
|-unboost|p2a: Dragonite|def|1
|-boost|p2a: Dragonite|spe|1
|
|upkeep
|turn|2
|
|t:|1776187203
|move|p1a: Deoxys|Reflect|p1a: Deoxys
|-sidestart|p1: Chrisfeb1992|Reflect
|move|p2a: Dragonite|Scale Shot|p1a: Deoxys
|-damage|p1a: Deoxys|0 fnt
|faint|p1a: Deoxys
|-hitcount|p1: Deoxys|1
|-unboost|p2a: Dragonite|def|1
|-boost|p2a: Dragonite|spe|1
|
|upkeep
|
|t:|1776187213
|switch|p1a: Zamazenta|Zamazenta|100/100
|-ability|p1a: Zamazenta|Dauntless Shield|boost
|-boost|p1a: Zamazenta|def|1
|turn|3
|
|t:|1776187218
|move|p2a: Dragonite|Scale Shot|p1a: Zamazenta
|-damage|p1a: Zamazenta|97/100
|-crit|p1a: Zamazenta
|-damage|p1a: Zamazenta|77/100
|-damage|p1a: Zamazenta|73/100
|-damage|p1a: Zamazenta|69/100
|-hitcount|p1a: Zamazenta|4
|-unboost|p2a: Dragonite|def|1
|-boost|p2a: Dragonite|spe|1
|-enditem|p1a: Zamazenta|Mirror Herb
|-boost|p1a: Zamazenta|spe|1|[from] item: Mirror Herb
|move|p1a: Zamazenta|Iron Defense|p1a: Zamazenta
|-boost|p1a: Zamazenta|def|2
|
|-end|p2a: Dragonite|move: Taunt
|upkeep
|turn|4
|
|t:|1776187233
|move|p2a: Dragonite|Encore|p1a: Zamazenta
|-start|p1a: Zamazenta|Encore
|move|p1a: Zamazenta|Iron Defense|p1a: Zamazenta
|-boost|p1a: Zamazenta|def|2
|
|upkeep
|turn|5
|
|t:|1776187240
|switch|p1a: Torkoal|Torkoal, F|100/100
|-weather|SunnyDay|[from] ability: Drought|[of] p1a: Torkoal
|move|p2a: Dragonite|Dragon Dance|p2a: Dragonite
|-boost|p2a: Dragonite|atk|1
|-boost|p2a: Dragonite|spe|1
|
|-weather|SunnyDay|[upkeep]
|upkeep
|turn|6
|
|t:|1776187248
|move|p2a: Dragonite|Scale Shot|p1a: Torkoal
|-damage|p1a: Torkoal|94/100
|-damage|p1a: Torkoal|87/100
|-damage|p1a: Torkoal|81/100
|-damage|p1a: Torkoal|74/100
|-hitcount|p1a: Torkoal|4
|-unboost|p2a: Dragonite|def|1
|-boost|p2a: Dragonite|spe|1
|move|p1a: Torkoal|Will-O-Wisp|p2a: Dragonite
|-status|p2a: Dragonite|brn
|
|-weather|SunnyDay|[upkeep]
|-damage|p2a: Dragonite|94/100 brn|[from] brn
|upkeep
|turn|7
|
|t:|1776187263
|move|p2a: Dragonite|Dragon Dance|p2a: Dragonite
|-boost|p2a: Dragonite|atk|1
|-boost|p2a: Dragonite|spe|1
|move|p1a: Torkoal|Stealth Rock|p2a: Dragonite
|-sidestart|p2: kaxhi|move: Stealth Rock
|
|-weather|SunnyDay|[upkeep]
|-damage|p2a: Dragonite|88/100 brn|[from] brn
|upkeep
|turn|8
|
|t:|1776187275
|move|p2a: Dragonite|Encore|p1a: Torkoal
|-start|p1a: Torkoal|Encore
|move|p1a: Torkoal|Stealth Rock||[still]
|-fail|p1a: Torkoal
|
|-weather|SunnyDay|[upkeep]
|-damage|p2a: Dragonite|82/100 brn|[from] brn
|upkeep
|turn|9
|
|t:|1776187284
|move|p2a: Dragonite|Dragon Dance|p2a: Dragonite
|-boost|p2a: Dragonite|atk|1
|-boost|p2a: Dragonite|spe|0
|move|p1a: Torkoal|Stealth Rock||[still]
|-fail|p1a: Torkoal
|
|-weather|SunnyDay|[upkeep]
|-damage|p2a: Dragonite|76/100 brn|[from] brn
|-sideend|p1: Chrisfeb1992|Reflect
|upkeep
|turn|10
|
|t:|1776187293
|move|p2a: Dragonite|Dragon Dance|p2a: Dragonite
|-boost|p2a: Dragonite|atk|1
|-boost|p2a: Dragonite|spe|0
|move|p1a: Torkoal|Stealth Rock||[still]
|-fail|p1a: Torkoal
|
|-weather|SunnyDay|[upkeep]
|-damage|p2a: Dragonite|70/100 brn|[from] brn
|-end|p1a: Torkoal|Encore
|upkeep
|turn|11
|
|t:|1776187302
|move|p2a: Dragonite|Scale Shot|p1a: Torkoal
|-damage|p1a: Torkoal|62/100
|-damage|p1a: Torkoal|49/100
|-damage|p1a: Torkoal|37/100
|-damage|p1a: Torkoal|25/100
|-damage|p1a: Torkoal|12/100
|-hitcount|p1a: Torkoal|5
|-unboost|p2a: Dragonite|def|1
|move|p1a: Torkoal|Stealth Rock||[still]
|-fail|p1a: Torkoal
|
|-weather|SunnyDay|[upkeep]
|-damage|p2a: Dragonite|63/100 brn|[from] brn
|upkeep
|turn|12
|
|t:|1776187317
|move|p2a: Dragonite|Fire Punch|p1a: Torkoal
|-resisted|p1a: Torkoal
|-damage|p1a: Torkoal|0 fnt
|faint|p1a: Torkoal
|
|-weather|none
|-damage|p2a: Dragonite|57/100 brn|[from] brn
|upkeep
|
|t:|1776187324
|switch|p1a: Ceruledge|Ceruledge, M|100/100
|turn|13
|
|t:|1776187328
|-terastallize|p1a: Ceruledge|Ghost
|move|p1a: Ceruledge|Shadow Sneak|p2a: Dragonite
|-damage|p2a: Dragonite|0 fnt
|faint|p2a: Dragonite
|
|upkeep
|
|t:|1776187332
|switch|p2a: Iron Treads|Iron Treads|100/100
|-damage|p2a: Iron Treads|97/100|[from] Stealth Rock
|-enditem|p2a: Iron Treads|Booster Energy
|-activate|p2a: Iron Treads|ability: Quark Drive|[fromitem]
|-start|p2a: Iron Treads|quarkdrivespe
|turn|14
|
|t:|1776187339
|move|p2a: Iron Treads|Earthquake|p1a: Ceruledge
|-damage|p1a: Ceruledge|29/100
|-ability|p1a: Ceruledge|Weak Armor|boost
|-unboost|p1a: Ceruledge|def|1
|-boost|p1a: Ceruledge|spe|2
|move|p1a: Ceruledge|Swords Dance|p1a: Ceruledge
|-boost|p1a: Ceruledge|atk|2
|
|upkeep
|turn|15
|
|t:|1776187349
|move|p1a: Ceruledge|Bitter Blade|p2a: Iron Treads
|-supereffective|p2a: Iron Treads
|-damage|p2a: Iron Treads|0 fnt
|-heal|p1a: Ceruledge|83/100|[from] drain|[of] p2a: Iron Treads
|faint|p2a: Iron Treads
|-end|p2a: Iron Treads|Quark Drive|[silent]
|
|upkeep
|
|t:|1776187358
|switch|p2a: Iron Moth|Iron Moth|100/100
|-damage|p2a: Iron Moth|76/100|[from] Stealth Rock
|-enditem|p2a: Iron Moth|Booster Energy
|-activate|p2a: Iron Moth|ability: Quark Drive|[fromitem]
|-start|p2a: Iron Moth|quarkdrivespe
|turn|16
|
|t:|1776187364
|move|p1a: Ceruledge|Bitter Blade|p2a: Iron Moth
|-resisted|p2a: Iron Moth
|-damage|p2a: Iron Moth|8/100
|-heal|p1a: Ceruledge|100/100|[from] drain|[of] p2a: Iron Moth
|move|p2a: Iron Moth|Sludge Wave|p1a: Ceruledge
|-resisted|p1a: Ceruledge
|-damage|p1a: Ceruledge|70/100
|-status|p1a: Ceruledge|psn
|
|-damage|p1a: Ceruledge|58/100 psn|[from] psn
|upkeep
|turn|17
|
|t:|1776187376
|move|p1a: Ceruledge|Bitter Blade|p2a: Iron Moth
|-resisted|p2a: Iron Moth
|-damage|p2a: Iron Moth|0 fnt
|-heal|p1a: Ceruledge|62/100 psn|[from] drain|[of] p2a: Iron Moth
|faint|p2a: Iron Moth
|-end|p2a: Iron Moth|Quark Drive|[silent]
|
|-damage|p1a: Ceruledge|49/100 psn|[from] psn
|upkeep
|
|t:|1776187380
|switch|p2a: Dragapult|Dragapult, F|100/100
|-damage|p2a: Dragapult|88/100|[from] Stealth Rock
|turn|18
|
|t:|1776187388
|-terastallize|p2a: Dragapult|Water
|move|p1a: Ceruledge|Shadow Sneak|p2a: Dragapult
|-damage|p2a: Dragapult|11/100
|move|p2a: Dragapult|Dragon Darts|p1a: Ceruledge
|-damage|p1a: Ceruledge|4/100 psn
|-ability|p1a: Ceruledge|Weak Armor|boost
|-unboost|p1a: Ceruledge|def|1
|-boost|p1a: Ceruledge|spe|2
|-anim|p2a: Dragapult|Dragon Darts|p1a: Ceruledge
|-damage|p1a: Ceruledge|0 fnt
|faint|p1a: Ceruledge
|
|upkeep
|
|t:|1776187401
|switch|p1a: Zamazenta|Zamazenta|69/100
|turn|19
|
|t:|1776187407
|move|p2a: Dragapult|Will-O-Wisp|p1a: Zamazenta
|-status|p1a: Zamazenta|brn
|move|p1a: Zamazenta|Iron Defense|p1a: Zamazenta
|-boost|p1a: Zamazenta|def|2
|
|-damage|p1a: Zamazenta|63/100 brn|[from] brn
|upkeep
|turn|20
|
|t:|1776187416
|move|p2a: Dragapult|Hex|p1a: Zamazenta
|-damage|p1a: Zamazenta|17/100 brn
|move|p1a: Zamazenta|Body Press|p2a: Dragapult
|-damage|p2a: Dragapult|0 fnt
|faint|p2a: Dragapult
|
|-damage|p1a: Zamazenta|11/100 brn|[from] brn
|upkeep
|
|t:|1776187422
|switch|p2a: Greninja|Greninja, M|100/100
|-damage|p2a: Greninja|88/100|[from] Stealth Rock
|turn|21
|
|t:|1776187429
|move|p2a: Greninja|Water Shuriken|p1a: Zamazenta
|-damage|p1a: Zamazenta|1/100 brn
|-damage|p1a: Zamazenta|0 fnt
|faint|p1a: Zamazenta
|-ability|p2a: Greninja|Battle Bond|boost
|-boost|p2a: Greninja|atk|1
|-boost|p2a: Greninja|spa|1
|-boost|p2a: Greninja|spe|1
|-activate|p2a: Greninja|ability: Battle Bond
|-hitcount|p1: Zamazenta|2
|-damage|p2a: Greninja|78/100|[from] item: Life Orb
|
|upkeep
|
|t:|1776187440
|switch|p1a: Walking Wake|Walking Wake|100/100
|turn|22
|
|t:|1776187443
|move|p2a: Greninja|Dark Pulse|p1a: Walking Wake
|-damage|p1a: Walking Wake|26/100
|-damage|p2a: Greninja|69/100|[from] item: Life Orb
|move|p1a: Walking Wake|Dragon Pulse|p2a: Greninja
|-damage|p2a: Greninja|0 fnt
|faint|p2a: Greninja
|
|upkeep
|
|t:|1776187448
|switch|p2a: Serperior|Serperior, F|100/100
|-damage|p2a: Serperior|88/100|[from] Stealth Rock
|turn|23
|
|t:|1776187454
|move|p2a: Serperior|Leaf Storm|p1a: Walking Wake
|-damage|p1a: Walking Wake|0 fnt
|-boost|p2a: Serperior|spa|2
|faint|p1a: Walking Wake
|-end|p1a: Walking Wake|Protosynthesis|[silent]
|
|upkeep
|
|t:|1776187460
|switch|p1a: Cinderace|Cinderace, F|100/100
|turn|24
|
|t:|1776187464
|move|p1a: Cinderace|Pyro Ball|p2a: Serperior
|-supereffective|p2a: Serperior
|-damage|p2a: Serperior|0 fnt
|faint|p2a: Serperior
|
|win|Chrisfeb1992
|raw|Chrisfeb1992's rating: 1394 &rarr; <strong>1417</strong><br />(+23 for winning)
|raw|kaxhi's rating: 1438 &rarr; <strong>1415</strong><br />(-23 for losing)
|l|‽kaxhi
|player|p2|
