|html|<div class="broadcast-blue"><strong>[Gen 9] OU is currently suspecting Tera Blast! For information on how to participate check out the <a href="https://www.smogon.com/tools/suspects/view/200">suspect thread</a>.</strong></div>
|j|☆curromeg02
|j|☆dalucu23
|t:|1776263552
|gametype|singles
|player|p1|curromeg02|acetrainer-gen4|1143
|player|p2|dalucu23|biker|1153
|gen|9
|tier|[Gen 9] OU
|rated|
|rule|HP Percentage Mod: HP is shown in percentages
|rule|Endless Battle Clause: Forcing endless battles is banned
|rule|Species Clause: Limit one of each Pokémon
|rule|OHKO Clause: OHKO moves are banned
|rule|Evasion Items Clause: Evasion items are banned
|rule|Evasion Moves Clause: Evasion moves are banned
|rule|Evasion Abilities Clause: Evasion abilities are banned
|rule|Sleep Moves Clause: Sleep-inducing moves are banned
|clearpoke
|poke|p1|Dragonite, F|
|poke|p1|Great Tusk|
|poke|p1|Ceruledge, F|
|poke|p1|Excadrill, M|
|poke|p1|Comfey, M|
|poke|p1|Garganacl, M|
|poke|p2|Pelipper, F|
|poke|p2|Barraskewda, F|
|poke|p2|Hydreigon, M|
|poke|p2|Dragapult, M|
|poke|p2|Volbeat, M|
|poke|p2|Tentacruel, F|
|teampreview
|inactive|Battle timer is ON: inactive players will automatically lose when time's up. (requested by curromeg02)
|inactive|dalucu23 also wants the timer to be on.
|
|t:|1776263564
|teamsize|p1|6
|teamsize|p2|6
|start
|switch|p1a: Garganacl|Garganacl, M|100/100
|switch|p2a: Pelipper|Pelipper, F|100/100
|-weather|RainDance|[from] ability: Drizzle|[of] p2a: Pelipper
|turn|1
|
|t:|1776263574
|move|p2a: Pelipper|Surf|p1a: Garganacl
|-supereffective|p1a: Garganacl
|-damage|p1a: Garganacl|2/100
|move|p1a: Garganacl|Salt Cure|p2a: Pelipper
|-supereffective|p2a: Pelipper
|-damage|p2a: Pelipper|70/100
|-start|p2a: Pelipper|Salt Cure
|
|-weather|RainDance|[upkeep]
|-heal|p1a: Garganacl|8/100|[from] item: Leftovers
|-damage|p2a: Pelipper|45/100|[from] Salt Cure
|upkeep
|turn|2
|
|t:|1776263583
|move|p2a: Pelipper|U-turn|p1a: Garganacl
|-damage|p1a: Garganacl|3/100
|
|t:|1776263587
|switch|p2a: Tentacruel|Tentacruel, F|100/100|[from] U-turn
|move|p1a: Garganacl|Rock Blast|p2a: Tentacruel
|-damage|p2a: Tentacruel|88/100
|-damage|p2a: Tentacruel|74/100
|-damage|p2a: Tentacruel|61/100
|-damage|p2a: Tentacruel|49/100
|-damage|p2a: Tentacruel|38/100
|-hitcount|p2a: Tentacruel|5
|
|-weather|RainDance|[upkeep]
|-heal|p2a: Tentacruel|44/100|[from] item: Leftovers
|-heal|p1a: Garganacl|10/100|[from] item: Leftovers
|upkeep
|turn|3
|
|t:|1776263596
|move|p2a: Tentacruel|Liquidation|p1a: Garganacl
|-supereffective|p1a: Garganacl
|-damage|p1a: Garganacl|0 fnt
|faint|p1a: Garganacl
|
|-weather|RainDance|[upkeep]
|-heal|p2a: Tentacruel|50/100|[from] item: Leftovers
|upkeep
|
|t:|1776263605
|switch|p1a: Ceruledge|Ceruledge, F|100/100
|turn|4
|
|t:|1776263608
|move|p1a: Ceruledge|Swords Dance|p1a: Ceruledge
|-boost|p1a: Ceruledge|atk|2
|move|p2a: Tentacruel|Flip Turn|p1a: Ceruledge
|-supereffective|p1a: Ceruledge
|-damage|p1a: Ceruledge|4/100
|-ability|p1a: Ceruledge|Weak Armor|boost
|-unboost|p1a: Ceruledge|def|1
|-boost|p1a: Ceruledge|spe|2
|
|t:|1776263623
|switch|p2a: Volbeat|Volbeat, M|100/100|[from] Flip Turn
|
|-weather|RainDance|[upkeep]
|upkeep
|turn|5
|
|t:|1776263630
|move|p1a: Ceruledge|Shadow Sneak|p2a: Volbeat
|-damage|p2a: Volbeat|50/100
|move|p2a: Volbeat|Encore|p1a: Ceruledge
|-start|p1a: Ceruledge|Encore
|
|-weather|RainDance|[upkeep]
|upkeep
|turn|6
|
|t:|1776263633
|switch|p2a: Hydreigon|Hydreigon, M|100/100
|move|p1a: Ceruledge|Shadow Sneak|p2a: Hydreigon
|-resisted|p2a: Hydreigon
|-damage|p2a: Hydreigon|80/100
|
|-weather|RainDance|[upkeep]
|upkeep
|turn|7
|
|t:|1776263640
|move|p1a: Ceruledge|Shadow Sneak|p2a: Hydreigon
|-resisted|p2a: Hydreigon
|-damage|p2a: Hydreigon|59/100
|move|p2a: Hydreigon|Earth Power|p1a: Ceruledge
|-supereffective|p1a: Ceruledge
|-damage|p1a: Ceruledge|0 fnt
|faint|p1a: Ceruledge
|-damage|p2a: Hydreigon|49/100|[from] item: Life Orb
|
|-weather|RainDance|[upkeep]
|upkeep
|
|t:|1776263642
|switch|p1a: Comfey|Comfey, M|100/100
|turn|8
|
|t:|1776263645
|switch|p2a: Tentacruel|Tentacruel, F|50/100
|move|p1a: Comfey|Calm Mind|p1a: Comfey
|-boost|p1a: Comfey|spa|1
|-boost|p1a: Comfey|spd|1
|
|-weather|none
|-heal|p2a: Tentacruel|56/100|[from] item: Leftovers
|upkeep
|turn|9
|
|t:|1776263654
|-terastallize|p1a: Comfey|Ground
|move|p1a: Comfey|Calm Mind|p1a: Comfey
|-boost|p1a: Comfey|spa|1
|-boost|p1a: Comfey|spd|1
|move|p2a: Tentacruel|Poison Jab|p1a: Comfey
|-resisted|p1a: Comfey
|-damage|p1a: Comfey|78/100
|-status|p1a: Comfey|psn
|
|-heal|p1a: Comfey|84/100 psn|[from] item: Leftovers
|-heal|p2a: Tentacruel|62/100|[from] item: Leftovers
|-damage|p1a: Comfey|72/100 psn|[from] psn
|upkeep
|turn|10
|
|t:|1776263664
|-terastallize|p2a: Tentacruel|Water
|move|p1a: Comfey|Tera Blast|p2a: Tentacruel|[anim] Tera Blast Ground
|-damage|p2a: Tentacruel|8/100
|move|p2a: Tentacruel|Liquidation|p1a: Comfey
|-supereffective|p1a: Comfey
|-damage|p1a: Comfey|0 fnt
|faint|p1a: Comfey
|
|-heal|p2a: Tentacruel|14/100|[from] item: Leftovers
|upkeep
|
|t:|1776263670
|switch|p1a: Great Tusk|Great Tusk|100/100
|-enditem|p1a: Great Tusk|Booster Energy
|-activate|p1a: Great Tusk|ability: Protosynthesis|[fromitem]
|-start|p1a: Great Tusk|protosynthesisatk
|turn|11
|
|t:|1776263678
|move|p1a: Great Tusk|Rapid Spin|p2a: Tentacruel
|-damage|p2a: Tentacruel|0 fnt
|-boost|p1a: Great Tusk|spe|1
|faint|p2a: Tentacruel
|
|upkeep
|
|t:|1776263687
|switch|p2a: Volbeat|Volbeat, M|50/100
|turn|12
|
|t:|1776263694
|move|p2a: Volbeat|Encore|p1a: Great Tusk
|-start|p1a: Great Tusk|Encore
|move|p1a: Great Tusk|Rapid Spin|p2a: Volbeat
|-damage|p2a: Volbeat|21/100
|-boost|p1a: Great Tusk|spe|1
|
|upkeep
|turn|13
|
|t:|1776263696
|move|p2a: Volbeat|Rain Dance|p2a: Volbeat
|-weather|RainDance
|move|p1a: Great Tusk|Rapid Spin|p2a: Volbeat
|-damage|p2a: Volbeat|0 fnt
|-boost|p1a: Great Tusk|spe|1
|faint|p2a: Volbeat
|
|-weather|RainDance|[upkeep]
|upkeep
|
|t:|1776263704
|switch|p2a: Dragapult|Dragapult, M|100/100
|turn|14
|
|t:|1776263710
|move|p1a: Great Tusk|Rapid Spin|p2a: Dragapult
|-immune|p2a: Dragapult
|move|p2a: Dragapult|Shadow Ball|p1a: Great Tusk
|-damage|p1a: Great Tusk|25/100
|-unboost|p1a: Great Tusk|spd|1
|
|-weather|RainDance|[upkeep]
|-end|p1a: Great Tusk|Encore
|upkeep
|turn|15
|
|t:|1776263716
|move|p1a: Great Tusk|Ice Spinner|p2a: Dragapult
|-supereffective|p2a: Dragapult
|-damage|p2a: Dragapult|5/100
|move|p2a: Dragapult|Shadow Ball|p1a: Great Tusk
|-damage|p1a: Great Tusk|0 fnt
|faint|p1a: Great Tusk
|-end|p1a: Great Tusk|Protosynthesis|[silent]
|
|-weather|RainDance|[upkeep]
|upkeep
|
|t:|1776263719
|switch|p1a: Excadrill|Excadrill, M|100/100
|-ability|p1a: Excadrill|Mold Breaker
|-item|p1a: Excadrill|Air Balloon
|turn|16
|
|t:|1776263723
|switch|p2a: Hydreigon|Hydreigon, M|49/100
|move|p1a: Excadrill|Rock Tomb|p2a: Hydreigon
|-damage|p2a: Hydreigon|23/100
|-unboost|p2a: Hydreigon|spe|1
|
|-weather|RainDance|[upkeep]
|upkeep
|turn|17
|
|t:|1776263730
|move|p1a: Excadrill|Rapid Spin|p2a: Hydreigon
|-damage|p2a: Hydreigon|3/100
|-boost|p1a: Excadrill|spe|1
|move|p2a: Hydreigon|Draco Meteor|p1a: Excadrill
|-resisted|p1a: Excadrill
|-damage|p1a: Excadrill|48/100
|-unboost|p2a: Hydreigon|spa|2
|-enditem|p1a: Excadrill|Air Balloon
|-damage|p2a: Hydreigon|0 fnt|[from] item: Life Orb
|faint|p2a: Hydreigon
|
|-weather|none
|upkeep
|
|t:|1776263735
|switch|p2a: Pelipper|Pelipper, F|45/100
|-weather|RainDance|[from] ability: Drizzle|[of] p2a: Pelipper
|turn|18
|
|t:|1776263738
|move|p1a: Excadrill|Rock Tomb|p2a: Pelipper
|-supereffective|p2a: Pelipper
|-damage|p2a: Pelipper|0 fnt
|faint|p2a: Pelipper
|
|-weather|RainDance|[upkeep]
|upkeep
|
|t:|1776263741
|switch|p2a: Barraskewda|Barraskewda, F|100/100
|turn|19
|
|t:|1776263759
|move|p2a: Barraskewda|Waterfall|p1a: Excadrill
|-supereffective|p1a: Excadrill
|-damage|p1a: Excadrill|0 fnt
|faint|p1a: Excadrill
|
|-weather|RainDance|[upkeep]
|upkeep
|
|t:|1776263762
|switch|p1a: Dragonite|Dragonite, F|100/100
|turn|20
|
|t:|1776263770
|move|p1a: Dragonite|Extreme Speed|p2a: Barraskewda
|-damage|p2a: Barraskewda|21/100
|move|p2a: Barraskewda|Waterfall|p1a: Dragonite
|-resisted|p1a: Dragonite
|-damage|p1a: Dragonite|44/100
|
|-weather|RainDance|[upkeep]
|upkeep
|turn|21
|
|t:|1776263778
|move|p1a: Dragonite|Extreme Speed|p2a: Barraskewda
|-damage|p2a: Barraskewda|0 fnt
|faint|p2a: Barraskewda
|
|-weather|RainDance|[upkeep]
|upkeep
|
|t:|1776263780
|switch|p2a: Dragapult|Dragapult, M|5/100
|turn|22
|
|t:|1776263783
|move|p1a: Dragonite|Extreme Speed|p2a: Dragapult
|-immune|p2a: Dragapult
|move|p2a: Dragapult|Dragon Pulse|p1a: Dragonite
|-supereffective|p1a: Dragonite
|-damage|p1a: Dragonite|0 fnt
|faint|p1a: Dragonite
|
|win|dalucu23
|raw|curromeg02's rating: 1143 &rarr; <strong>1119</strong><br />(-24 for losing)
|raw|dalucu23's rating: 1153 &rarr; <strong>1177</strong><br />(+24 for winning)
|l|☆curromeg02
|player|p1|
