|html|<div class="broadcast-blue"><strong>[Gen 9] OU is currently suspecting Tera Blast! For information on how to participate check out the <a href="https://www.smogon.com/tools/suspects/view/200">suspect thread</a>.</strong></div>
|j|☆sigmaaa88
|j|☆squid3011
|t:|1776078602
|gametype|singles
|player|p1|sigmaaa88|bugcatcher-gen4dp|1206
|player|p2|squid3011|benga|1261
|gen|9
|tier|[Gen 9] OU
|rated|
|rule|HP Percentage Mod: HP is shown in percentages
|rule|Endless Battle Clause: Forcing endless battles is banned
|rule|Species Clause: Limit one of each Pokémon
|rule|OHKO Clause: OHKO moves are banned
|rule|Evasion Items Clause: Evasion items are banned
|rule|Evasion Moves Clause: Evasion moves are banned
|rule|Evasion Abilities Clause: Evasion abilities are banned
|rule|Sleep Moves Clause: Sleep-inducing moves are banned
|clearpoke
|poke|p1|Moltres-Galar|
|poke|p1|Great Tusk|
|poke|p1|Iron Moth|
|poke|p1|Araquanid, F|
|poke|p1|Landorus-Therian, M|
|poke|p1|Weavile, M|
|poke|p2|Hydrapple, M|
|poke|p2|Tyranitar, F|
|poke|p2|Moltres|
|poke|p2|Zamazenta-*|
|poke|p2|Slowking-Galar, M|
|poke|p2|Excadrill, F|
|teampreview
|j| ohko_smeargle
|
|t:|1776078606
|teamsize|p1|6
|teamsize|p2|6
|start
|switch|p1a: Araquanid|Araquanid, F|100/100
|switch|p2a: Goonzilla|Tyranitar, F|100/100
|-weather|Sandstorm|[from] ability: Sand Stream|[of] p2a: Goonzilla
|turn|1
|inactive|Battle timer is ON: inactive players will automatically lose when time's up. (requested by squid3011)
|inactive|sigmaaa88 also wants the timer to be on.
|
|t:|1776078614
|move|p1a: Araquanid|Endure|p1a: Araquanid
|-singleturn|p1a: Araquanid|move: Endure
|move|p2a: Goonzilla|Stealth Rock|p1a: Araquanid
|-sidestart|p1: sigmaaa88|move: Stealth Rock
|
|-weather|Sandstorm|[upkeep]
|-damage|p1a: Araquanid|94/100|[from] Sandstorm
|upkeep
|turn|2
|
|t:|1776078633
|switch|p2a: meth dealer|Slowking-Galar, M|100/100
|move|p1a: Araquanid|Sticky Web|p2a: meth dealer
|-sidestart|p2: squid3011|move: Sticky Web
|
|-weather|Sandstorm|[upkeep]
|-damage|p1a: Araquanid|88/100|[from] Sandstorm
|-damage|p2a: meth dealer|94/100|[from] Sandstorm
|upkeep
|turn|3
|
|t:|1776078644
|move|p1a: Araquanid|Surf|p2a: meth dealer
|-damage|p2a: meth dealer|64/100
|move|p2a: meth dealer|Sludge Bomb|p1a: Araquanid
|-damage|p1a: Araquanid|60/100
|-status|p1a: Araquanid|psn
|
|-weather|Sandstorm|[upkeep]
|-damage|p1a: Araquanid|53/100 psn|[from] Sandstorm
|-damage|p2a: meth dealer|57/100|[from] Sandstorm
|-damage|p1a: Araquanid|41/100 psn|[from] psn
|upkeep
|turn|4
|
|t:|1776078658
|switch|p2a: Wiggly|Hydrapple, M|100/100
|move|p1a: Araquanid|Surf|p2a: Wiggly
|-resisted|p2a: Wiggly
|-damage|p2a: Wiggly|86/100
|
|-weather|Sandstorm|[upkeep]
|-damage|p2a: Wiggly|80/100|[from] Sandstorm
|-damage|p1a: Araquanid|35/100 psn|[from] Sandstorm
|-damage|p1a: Araquanid|23/100 psn|[from] psn
|upkeep
|turn|5
|-enditem|p1a: Araquanid|Custap Berry|[eat]
|-activate|p1a: Araquanid|item: Custap Berry|[consumed]
|
|t:|1776078668
|switch|p2a: meth dealer|Slowking-Galar, M|91/100
|-activate|p2a: meth dealer|move: Sticky Web
|-unboost|p2a: meth dealer|spe|1
|move|p1a: Araquanid|Endeavor|p2a: meth dealer
|-damage|p2a: meth dealer|20/100
|
|-weather|Sandstorm|[upkeep]
|-damage|p1a: Araquanid|16/100 psn|[from] Sandstorm
|-damage|p2a: meth dealer|13/100|[from] Sandstorm
|-damage|p1a: Araquanid|4/100 psn|[from] psn
|upkeep
|turn|6
|
|t:|1776078680
|switch|p2a: Wiggly|Hydrapple, M|100/100
|move|p1a: Araquanid|Surf|p2a: Wiggly
|-resisted|p2a: Wiggly
|-damage|p2a: Wiggly|86/100
|
|-weather|Sandstorm|[upkeep]
|-damage|p2a: Wiggly|80/100|[from] Sandstorm
|-damage|p1a: Araquanid|0 fnt|[from] Sandstorm
|faint|p1a: Araquanid
|upkeep
|
|t:|1776078694
|switch|p1a: Weavile|Weavile, M|100/100
|-ability|p1a: Weavile|Pressure
|turn|7
|
|t:|1776078701
|switch|p2a: Fried Chicken|Moltres|100/100
|move|p1a: Weavile|Knock Off|p2a: Fried Chicken
|-damage|p2a: Fried Chicken|66/100
|-status|p1a: Weavile|brn|[from] ability: Flame Body|[of] p2a: Fried Chicken
|-enditem|p2a: Fried Chicken|Heavy-Duty Boots|[from] move: Knock Off|[of] p1a: Weavile
|
|-weather|Sandstorm|[upkeep]
|-damage|p1a: Weavile|94/100 brn|[from] Sandstorm
|-damage|p2a: Fried Chicken|60/100|[from] Sandstorm
|-damage|p1a: Weavile|88/100 brn|[from] brn
|upkeep
|turn|8
|
|t:|1776078715
|switch|p1a: Iron Moth|Iron Moth|100/100
|-damage|p1a: Iron Moth|76/100|[from] Stealth Rock
|-enditem|p1a: Iron Moth|Booster Energy
|-activate|p1a: Iron Moth|ability: Quark Drive|[fromitem]
|-start|p1a: Iron Moth|quarkdrivespe
|move|p2a: Fried Chicken|Flamethrower|p1a: Iron Moth
|-resisted|p1a: Iron Moth
|-damage|p1a: Iron Moth|56/100
|
|-weather|none
|upkeep
|turn|9
|
|t:|1776078730
|move|p1a: Iron Moth|Dazzling Gleam|p2a: Fried Chicken
|-resisted|p2a: Fried Chicken
|-damage|p2a: Fried Chicken|45/100
|move|p2a: Fried Chicken|Roar|p1a: Iron Moth
|-end|p1a: Iron Moth|Quark Drive|[silent]
|drag|p1a: Moltres|Moltres-Galar|100/100
|-damage|p1a: Moltres|75/100|[from] Stealth Rock
|
|upkeep
|turn|10
|
|t:|1776078738
|move|p1a: Moltres|Fiery Wrath|p2a: Fried Chicken
|-damage|p2a: Fried Chicken|5/100
|move|p2a: Fried Chicken|Roost|p2a: Fried Chicken
|-heal|p2a: Fried Chicken|55/100
|-singleturn|p2a: Fried Chicken|move: Roost
|
|upkeep
|turn|11
|
|t:|1776078750
|move|p1a: Moltres|Nasty Plot|p1a: Moltres
|-boost|p1a: Moltres|spa|2
|move|p2a: Fried Chicken|U-turn|p1a: Moltres
|-crit|p1a: Moltres
|-damage|p1a: Moltres|53/100
|
|t:|1776078754
|switch|p2a: Goonzilla|Tyranitar, F|100/100|[from] U-turn
|-activate|p2a: Goonzilla|move: Sticky Web
|-unboost|p2a: Goonzilla|spe|1
|-weather|Sandstorm|[from] ability: Sand Stream|[of] p2a: Goonzilla
|
|-weather|Sandstorm|[upkeep]
|-damage|p1a: Moltres|47/100|[from] Sandstorm
|-enditem|p1a: Moltres|Sitrus Berry|[eat]
|-heal|p1a: Moltres|72/100|[from] item: Sitrus Berry
|upkeep
|turn|12
|
|t:|1776078770
|move|p1a: Moltres|Fiery Wrath|p2a: Goonzilla
|-resisted|p2a: Goonzilla
|-damage|p2a: Goonzilla|83/100
|cant|p2a: Goonzilla|flinch
|
|-weather|Sandstorm|[upkeep]
|-damage|p1a: Moltres|66/100|[from] Sandstorm
|upkeep
|turn|13
|
|t:|1776078782
|move|p1a: Moltres|Hurricane|p2a: Goonzilla
|-resisted|p2a: Goonzilla
|-damage|p2a: Goonzilla|64/100
|-start|p2a: Goonzilla|confusion
|-activate|p2a: Goonzilla|confusion
|move|p2a: Goonzilla|Thunder Wave|p1a: Moltres
|-status|p1a: Moltres|par
|
|-weather|Sandstorm|[upkeep]
|-damage|p1a: Moltres|60/100 par|[from] Sandstorm
|upkeep
|turn|14
|
|t:|1776078797
|switch|p1a: Great Tusk|Great Tusk|100/100
|-damage|p1a: Great Tusk|98/100|[from] Stealth Rock
|-enditem|p1a: Great Tusk|Booster Energy
|-activate|p1a: Great Tusk|ability: Protosynthesis|[fromitem]
|-start|p1a: Great Tusk|protosynthesisspe
|-end|p2a: Goonzilla|confusion
|move|p2a: Goonzilla|Ice Beam|p1a: Great Tusk
|-supereffective|p1a: Great Tusk
|-damage|p1a: Great Tusk|42/100
|-status|p1a: Great Tusk|frz
|
|-weather|Sandstorm|[upkeep]
|upkeep
|turn|15
|
|t:|1776078813
|cant|p1a: Great Tusk|frz
|move|p2a: Goonzilla|Ice Beam|p1a: Great Tusk
|-supereffective|p1a: Great Tusk
|-damage|p1a: Great Tusk|0 fnt
|faint|p1a: Great Tusk
|-end|p1a: Great Tusk|Protosynthesis|[silent]
|
|-weather|Sandstorm|[upkeep]
|upkeep
|c|☆squid3011|game is holding my hand today
|c|☆squid3011|yaayyy
|
|t:|1776078821
|switch|p1a: Landorus|Landorus-Therian, M|100/100
|-damage|p1a: Landorus|88/100|[from] Stealth Rock
|-ability|p1a: Landorus|Intimidate|boost
|-unboost|p2a: Goonzilla|atk|1
|turn|16
|c|☆squid3011|its my turn to get insane luck
|c|☆squid3011|holy shit bro
|c|☆squid3011|RIGHT when i needed it too
|
|t:|1776078833
|switch|p2a: Fried Chicken|Moltres|55/100
|move|p1a: Landorus|Earthquake|p2a: Fried Chicken
|-immune|p2a: Fried Chicken
|
|-weather|Sandstorm|[upkeep]
|-damage|p2a: Fried Chicken|49/100|[from] Sandstorm
|upkeep
|turn|17
|
|t:|1776078849
|move|p1a: Landorus|Gravity|p1a: Landorus
|-fieldstart|move: Gravity
|move|p2a: Fried Chicken|Roost|p2a: Fried Chicken
|-heal|p2a: Fried Chicken|99/100
|-singleturn|p2a: Fried Chicken|move: Roost
|
|-weather|Sandstorm|[upkeep]
|-damage|p2a: Fried Chicken|93/100|[from] Sandstorm
|upkeep
|turn|18
|c|☆squid3011|no fucking way bro
|c|☆squid3011|GRAVITY????
|
|t:|1776078876
|switch|p2a: Wiggly|Hydrapple, M|100/100
|move|p1a: Landorus|Earthquake|p2a: Wiggly
|-resisted|p2a: Wiggly
|-damage|p2a: Wiggly|81/100
|
|-weather|none
|upkeep
|turn|19
|
|t:|1776078891
|switch|p1a: Weavile|Weavile, M|88/100 brn
|-ability|p1a: Weavile|Pressure
|move|p2a: Wiggly|Fickle Beam|p1a: Weavile|[anim] Fickle Beam All Out
|-activate|p2a: Wiggly|move: Fickle Beam
|-damage|p1a: Weavile|0 fnt
|faint|p1a: Weavile
|
|upkeep
|
|t:|1776078903
|switch|p1a: Iron Moth|Iron Moth|56/100
|-damage|p1a: Iron Moth|31/100|[from] Stealth Rock
|turn|20
|
|t:|1776078918
|switch|p2a: meth dealer|Slowking-Galar, M|47/100
|-activate|p2a: meth dealer|move: Sticky Web
|-unboost|p2a: meth dealer|spe|1
|move|p1a: Iron Moth|Dazzling Gleam|p2a: meth dealer
|-resisted|p2a: meth dealer
|-damage|p2a: meth dealer|39/100
|
|upkeep
|turn|21
|
|t:|1776078928
|switch|p2a: Fried Chicken|Moltres|93/100
|-activate|p2a: Fried Chicken|move: Sticky Web
|-unboost|p2a: Fried Chicken|spe|1
|move|p1a: Iron Moth|Fiery Dance|p2a: Fried Chicken
|-resisted|p2a: Fried Chicken
|-damage|p2a: Fried Chicken|72/100
|-boost|p1a: Iron Moth|spa|1
|
|-fieldend|move: Gravity
|upkeep
|turn|22
|
|t:|1776078937
|switch|p2a: Goonzilla|Tyranitar, F|64/100
|-activate|p2a: Goonzilla|move: Sticky Web
|-unboost|p2a: Goonzilla|spe|1
|-weather|Sandstorm|[from] ability: Sand Stream|[of] p2a: Goonzilla
|move|p1a: Iron Moth|Sludge Wave|p2a: Goonzilla
|-resisted|p2a: Goonzilla
|-damage|p2a: Goonzilla|50/100
|
|-weather|Sandstorm|[upkeep]
|-damage|p1a: Iron Moth|25/100|[from] Sandstorm
|upkeep
|turn|23
|
|t:|1776078955
|move|p1a: Iron Moth|Sludge Wave|p2a: Goonzilla
|-resisted|p2a: Goonzilla
|-damage|p2a: Goonzilla|35/100
|move|p2a: Goonzilla|Knock Off|p1a: Iron Moth
|-damage|p1a: Iron Moth|0 fnt
|faint|p1a: Iron Moth
|-end|p1a: Iron Moth|Quark Drive|[silent]
|
|-weather|Sandstorm|[upkeep]
|upkeep
|
|t:|1776078960
|switch|p1a: Landorus|Landorus-Therian, M|88/100
|-damage|p1a: Landorus|76/100|[from] Stealth Rock
|-ability|p1a: Landorus|Intimidate|boost
|-unboost|p2a: Goonzilla|atk|1
|turn|24
|
|t:|1776078967
|move|p1a: Landorus|Stealth Rock|p2a: Goonzilla
|-sidestart|p2: squid3011|move: Stealth Rock
|move|p2a: Goonzilla|Ice Beam|p1a: Landorus
|-supereffective|p1a: Landorus
|-damage|p1a: Landorus|0 fnt
|faint|p1a: Landorus
|
|-weather|Sandstorm|[upkeep]
|upkeep
|
|t:|1776078975
|switch|p1a: Moltres|Moltres-Galar|60/100 par
|-damage|p1a: Moltres|35/100 par|[from] Stealth Rock
|turn|25
|c|☆sigmaaa88|Gg
|
|t:|1776078981
|move|p1a: Moltres|Hurricane|p2a: Goonzilla
|-resisted|p2a: Goonzilla
|-damage|p2a: Goonzilla|25/100
|move|p2a: Goonzilla|Ice Beam|p1a: Moltres
|-supereffective|p1a: Moltres
|-damage|p1a: Moltres|4/100 par
|
|-weather|Sandstorm|[upkeep]
|-damage|p1a: Moltres|0 fnt|[from] Sandstorm
|faint|p1a: Moltres
|
|win|squid3011
|raw|sigmaaa88's rating: 1206 &rarr; <strong>1185</strong><br />(-21 for losing)
|raw|squid3011's rating: 1261 &rarr; <strong>1282</strong><br />(+21 for winning)
|c|☆squid3011|gg
|l| ohko_smeargle
