|html|<div class="broadcast-blue"><strong>[Gen 9] OU is currently suspecting Tera Blast! For information on how to participate check out the <a href="https://www.smogon.com/tools/suspects/view/200">suspect thread</a>.</strong></div>
|j|☆Malexrocks
|j|☆sam2077
|t:|1776078026
|gametype|singles
|player|p1|Malexrocks|1|1273
|player|p2|sam2077|red|1331
|gen|9
|tier|[Gen 9] OU
|rated|
|rule|HP Percentage Mod: HP is shown in percentages
|rule|Endless Battle Clause: Forcing endless battles is banned
|rule|Species Clause: Limit one of each Pokémon
|rule|OHKO Clause: OHKO moves are banned
|rule|Evasion Items Clause: Evasion items are banned
|rule|Evasion Moves Clause: Evasion moves are banned
|rule|Evasion Abilities Clause: Evasion abilities are banned
|rule|Sleep Moves Clause: Sleep-inducing moves are banned
|clearpoke
|poke|p1|Pelipper, F|
|poke|p1|Hatterene, F|
|poke|p1|Iron Treads|
|poke|p1|Toxicroak, F|
|poke|p1|Barraskewda, F|
|poke|p1|Zapdos|
|poke|p2|Garchomp, M|
|poke|p2|Incineroar, M|
|poke|p2|Dragonite, M|
|poke|p2|Haxorus, M|
|poke|p2|Gholdengo|
|poke|p2|Gengar, M|
|teampreview
|inactive|Battle timer is ON: inactive players will automatically lose when time's up. (requested by Malexrocks)
|
|t:|1776078057
|teamsize|p1|6
|teamsize|p2|6
|start
|switch|p1a: Pelipper|Pelipper, F|100/100
|switch|p2a: Gengar|Gengar, M, shiny|100/100
|-weather|RainDance|[from] ability: Drizzle|[of] p1a: Pelipper
|turn|1
|l|☆Malexrocks
|inactive|Malexrocks disconnected and has a minute to reconnect!
|player|p1|
|j|☆Malexrocks
|inactive|Malexrocks reconnected and has 135 seconds left.
|player|p1|Malexrocks|1|
|
|t:|1776078077
|move|p2a: Gengar|Nasty Plot|p2a: Gengar
|-boost|p2a: Gengar|spa|2
|move|p1a: Pelipper|Knock Off|p2a: Gengar
|-supereffective|p2a: Gengar
|-damage|p2a: Gengar|45/100
|-enditem|p2a: Gengar|Focus Sash|[from] move: Knock Off|[of] p1a: Pelipper
|
|-weather|RainDance|[upkeep]
|upkeep
|turn|2
|
|t:|1776078094
|switch|p1a: Hatterene|Hatterene, F|100/100
|move|p2a: Gengar|Sludge Wave|p1a: Hatterene
|-supereffective|p1a: Hatterene
|-damage|p1a: Hatterene|0 fnt
|faint|p1a: Hatterene
|
|-weather|RainDance|[upkeep]
|upkeep
|
|t:|1776078100
|switch|p1a: Barraskewda|Barraskewda, F|100/100
|turn|3
|
|t:|1776078119
|move|p1a: Barraskewda|Flip Turn|p2a: Gengar
|-damage|p2a: Gengar|0 fnt
|-start|p1a: Barraskewda|Disable|Flip Turn|[from] ability: Cursed Body|[of] p2a: Gengar
|faint|p2a: Gengar
|
|t:|1776078129
|switch|p1a: Zapdos|Zapdos|100/100|[from] Flip Turn
|
|-weather|RainDance|[upkeep]
|upkeep
|
|t:|1776078148
|switch|p2a: Gholdengo|Gholdengo, shiny|100/100
|-item|p2a: Gholdengo|Air Balloon
|turn|4
|
|t:|1776078157
|move|p1a: Zapdos|Volt Switch|p2a: Gholdengo
|-damage|p2a: Gholdengo|43/100
|-enditem|p2a: Gholdengo|Air Balloon
|
|t:|1776078163
|switch|p1a: Iron Treads|Iron Treads|100/100|[from] Volt Switch
|move|p2a: Gholdengo|Nasty Plot|p2a: Gholdengo
|-boost|p2a: Gholdengo|spa|2
|
|-weather|RainDance|[upkeep]
|upkeep
|turn|5
|
|t:|1776078174
|move|p2a: Gholdengo|Focus Blast|p1a: Iron Treads
|-supereffective|p1a: Iron Treads
|-damage|p1a: Iron Treads|0 fnt
|faint|p1a: Iron Treads
|-end|p1a: Iron Treads|Quark Drive|[silent]
|
|-weather|RainDance|[upkeep]
|upkeep
|
|t:|1776078177
|switch|p1a: Barraskewda|Barraskewda, F|100/100
|turn|6
|
|t:|1776078197
|move|p1a: Barraskewda|Flip Turn|p2a: Gholdengo
|-damage|p2a: Gholdengo|0 fnt
|faint|p2a: Gholdengo
|
|t:|1776078209
|switch|p1a: Toxicroak|Toxicroak, F|100/100|[from] Flip Turn
|
|-weather|RainDance|[upkeep]
|upkeep
|
|t:|1776078232
|switch|p2a: Haxorus|Haxorus, M, shiny|100/100
|-ability|p2a: Haxorus|Mold Breaker
|turn|7
|inactive|sam2077 has 120 seconds left.
|
|t:|1776078256
|switch|p2a: Incineroar|Incineroar, M, shiny|100/100
|-ability|p2a: Incineroar|Intimidate|boost
|-unboost|p1a: Toxicroak|atk|1
|move|p1a: Toxicroak|Encore||[still]
|-fail|p1a: Toxicroak
|
|-weather|RainDance|[upkeep]
|upkeep
|turn|8
|inactive|sam2077 has 120 seconds left.
|
|t:|1776078270
|move|p1a: Toxicroak|Toxic|p2a: Incineroar
|-status|p2a: Incineroar|tox
|move|p2a: Incineroar|Knock Off|p1a: Toxicroak
|-resisted|p1a: Toxicroak
|-damage|p1a: Toxicroak|85/100
|-damage|p2a: Incineroar|84/100 tox|[from] item: Rocky Helmet|[of] p1a: Toxicroak
|-enditem|p1a: Toxicroak|Rocky Helmet|[from] move: Knock Off|[of] p2a: Incineroar
|
|-weather|none
|-damage|p2a: Incineroar|78/100 tox|[from] psn
|upkeep
|turn|9
|inactive|sam2077 has 120 seconds left.
|
|t:|1776078281
|switch|p1a: Pelipper|Pelipper, F|100/100
|-weather|RainDance|[from] ability: Drizzle|[of] p1a: Pelipper
|move|p2a: Incineroar|Parting Shot|p1a: Pelipper
|-unboost|p1a: Pelipper|atk|1
|-unboost|p1a: Pelipper|spa|1
|
|t:|1776078301
|switch|p2a: Dragonite|Dragonite, M|100/100|[from] Parting Shot
|
|-weather|RainDance|[upkeep]
|upkeep
|turn|10
|
|t:|1776078310
|move|p2a: Dragonite|Dragon Dance|p2a: Dragonite
|-boost|p2a: Dragonite|atk|1
|-boost|p2a: Dragonite|spe|1
|move|p1a: Pelipper|U-turn|p2a: Dragonite
|-resisted|p2a: Dragonite
|-damage|p2a: Dragonite|99/100
|
|t:|1776078316
|switch|p1a: Zapdos|Zapdos|100/100|[from] U-turn
|
|-weather|RainDance|[upkeep]
|upkeep
|turn|11
|inactive|sam2077 has 120 seconds left.
|
|t:|1776078343
|-terastallize|p2a: Dragonite|Fairy
|move|p2a: Dragonite|Dragon Dance|p2a: Dragonite
|-boost|p2a: Dragonite|atk|1
|-boost|p2a: Dragonite|spe|1
|move|p1a: Zapdos|Hurricane|p2a: Dragonite
|-damage|p2a: Dragonite|15/100
|-start|p2a: Dragonite|confusion
|
|-weather|RainDance|[upkeep]
|upkeep
|turn|12
|
|t:|1776078358
|-activate|p2a: Dragonite|confusion
|move|p2a: Dragonite|Scale Shot|p1a: Zapdos
|-damage|p1a: Zapdos|67/100
|-damage|p1a: Zapdos|33/100
|-damage|p1a: Zapdos|0 fnt
|faint|p1a: Zapdos
|-hitcount|p1: Zapdos|3
|-unboost|p2a: Dragonite|def|1
|-boost|p2a: Dragonite|spe|1
|
|-weather|RainDance|[upkeep]
|upkeep
|
|t:|1776078369
|switch|p1a: Barraskewda|Barraskewda, F|100/100
|turn|13
|
|t:|1776078375
|-activate|p2a: Dragonite|confusion
|move|p2a: Dragonite|Extreme Speed|p1a: Barraskewda
|-damage|p1a: Barraskewda|0 fnt
|faint|p1a: Barraskewda
|
|-weather|RainDance|[upkeep]
|upkeep
|-message|Malexrocks forfeited.
|
|win|sam2077
|raw|Malexrocks's rating: 1273 &rarr; <strong>1252</strong><br />(-21 for losing)
|raw|sam2077's rating: 1331 &rarr; <strong>1348</strong><br />(+17 for winning)
|l|☆Malexrocks
|player|p1|
|l|☆sam2077
|player|p2|
