|html|<div class="broadcast-blue"><strong>[Gen 9] OU is currently suspecting Volcarona! For information on how to participate check out the <a href="https://www.smogon.com/tools/suspects/view/208">suspect thread</a>.</strong></div>
|j|☆glichtmix2
|j|☆prettymildramen
|t:|1778501186
|gametype|singles
|player|p1|glichtmix2|psychic-gen4|1240
|player|p2|prettymildramen|colress|1262
|gen|9
|tier|[Gen 9] OU
|rated|
|rule|HP Percentage Mod: HP is shown in percentages
|rule|Endless Battle Clause: Forcing endless battles is banned
|rule|Species Clause: Limit one of each Pokémon
|rule|OHKO Clause: OHKO moves are banned
|rule|Evasion Items Clause: Evasion items are banned
|rule|Evasion Moves Clause: Evasion moves are banned
|rule|Evasion Abilities Clause: Evasion abilities are banned
|rule|Sleep Moves Clause: Sleep-inducing moves are banned
|clearpoke
|poke|p1|Enamorus, F|
|poke|p1|Glimmora, F|
|poke|p1|Kingambit, F|
|poke|p1|Raging Bolt|
|poke|p1|Alomomola, F|
|poke|p1|Slither Wing|
|poke|p2|Incineroar, F|
|poke|p2|Ninetales-Alola, F|
|poke|p2|Gholdengo|
|poke|p2|Hitmontop, M|
|poke|p2|Kyurem|
|poke|p2|Chimecho, M|
|teampreview
|inactive|Battle timer is ON: inactive players will automatically lose when time's up. (requested by prettymildramen)
|
|t:|1778501203
|teamsize|p1|6
|teamsize|p2|6
|start
|switch|p1a: Seltas queen|Slither Wing|100/100
|switch|p2a: Hitmontop|Hitmontop, M|100/100
|-ability|p2a: Hitmontop|Intimidate|boost
|-unboost|p1a: Seltas queen|atk|1
|turn|1
|
|t:|1778501209
|move|p2a: Hitmontop|Fake Out|p1a: Seltas queen
|-damage|p1a: Seltas queen|83/100
|cant|p1a: Seltas queen|flinch
|
|upkeep
|turn|2
|
|t:|1778501213
|switch|p2a: Incineroar|Incineroar, F|100/100
|-ability|p2a: Incineroar|Intimidate|boost
|-unboost|p1a: Seltas queen|atk|1
|move|p1a: Seltas queen|U-turn|p2a: Incineroar
|-damage|p2a: Incineroar|78/100
|
|t:|1778501224
|-end|p1a: Seltas queen|Protosynthesis|[silent]
|switch|p1a: Golbul|Glimmora, F, shiny|100/100|[from] U-turn
|
|upkeep
|turn|3
|
|t:|1778501231
|switch|p2a: Hitmontop|Hitmontop, M|100/100
|-ability|p2a: Hitmontop|Intimidate|boost
|-unboost|p1a: Golbul|atk|1
|move|p1a: Golbul|Meteor Beam||[still]
|-prepare|p1a: Golbul|Meteor Beam
|-boost|p1a: Golbul|spa|1
|-enditem|p1a: Golbul|Power Herb
|-anim|p1a: Golbul|Meteor Beam|p2a: Hitmontop
|-resisted|p2a: Hitmontop
|-damage|p2a: Hitmontop|71/100
|
|upkeep
|turn|4
|
|t:|1778501238
|move|p2a: Hitmontop|Fake Out|p1a: Golbul
|-resisted|p1a: Golbul
|-damage|p1a: Golbul|94/100
|-activate|p1a: Golbul|ability: Toxic Debris
|-sidestart|p2: prettymildramen|move: Toxic Spikes
|cant|p1a: Golbul|flinch
|
|upkeep
|turn|5
|
|t:|1778501242
|move|p1a: Golbul|Sludge Wave|p2a: Hitmontop
|-damage|p2a: Hitmontop|22/100
|move|p2a: Hitmontop|Rapid Spin|p1a: Golbul
|-resisted|p1a: Golbul
|-damage|p1a: Golbul|86/100
|-boost|p2a: Hitmontop|spe|1
|-activate|p1a: Golbul|ability: Toxic Debris
|-sidestart|p2: prettymildramen|move: Toxic Spikes
|-sideend|p2: prettymildramen|Toxic Spikes|[from] move: Rapid Spin|[of] p2a: Hitmontop
|
|upkeep
|turn|6
|
|t:|1778501249
|switch|p2a: Gholdengo|Gholdengo|100/100
|move|p1a: Golbul|Sludge Wave|p2a: Gholdengo
|-immune|p2a: Gholdengo
|
|upkeep
|turn|7
|
|t:|1778501259
|move|p2a: Gholdengo|Light Screen|p2a: Gholdengo
|-sidestart|p2: prettymildramen|move: Light Screen
|move|p1a: Golbul|Earth Power|p2a: Gholdengo
|-supereffective|p2a: Gholdengo
|-damage|p2a: Gholdengo|60/100
|
|upkeep
|turn|8
|
|t:|1778501265
|move|p2a: Gholdengo|Thunder Wave|p1a: Golbul
|-status|p1a: Golbul|par
|cant|p1a: Golbul|par
|
|upkeep
|turn|9
|
|t:|1778501276
|switch|p2a: Chimecho|Chimecho, M|100/100
|move|p1a: Golbul|Earth Power|p2a: Chimecho
|-immune|p2a: Chimecho|[from] ability: Levitate
|
|upkeep
|turn|10
|
|t:|1778501288
|switch|p1a: Plesioth|Alomomola, F|100/100
|move|p2a: Chimecho|Cosmic Power|p2a: Chimecho
|-boost|p2a: Chimecho|def|1
|-boost|p2a: Chimecho|spd|1
|
|upkeep
|turn|11
|
|t:|1778501293
|move|p2a: Chimecho|Cosmic Power|p2a: Chimecho
|-boost|p2a: Chimecho|def|1
|-boost|p2a: Chimecho|spd|1
|move|p1a: Plesioth|Flip Turn|p2a: Chimecho
|-damage|p2a: Chimecho|94/100
|
|t:|1778501295
|switch|p1a: Seltas queen|Slither Wing|83/100|[from] Flip Turn
|
|-heal|p2a: Chimecho|100/100|[from] item: Leftovers
|upkeep
|turn|12
|
|t:|1778501311
|move|p1a: Seltas queen|First Impression|p2a: Chimecho
|-supereffective|p2a: Chimecho
|-damage|p2a: Chimecho|64/100
|move|p2a: Chimecho|Cosmic Power|p2a: Chimecho
|-boost|p2a: Chimecho|def|1
|-boost|p2a: Chimecho|spd|1
|
|-heal|p2a: Chimecho|71/100|[from] item: Leftovers
|upkeep
|turn|13
|
|t:|1778501324
|move|p1a: Seltas queen|U-turn|p2a: Chimecho
|-supereffective|p2a: Chimecho
|-damage|p2a: Chimecho|48/100
|
|t:|1778501330
|-end|p1a: Seltas queen|Protosynthesis|[silent]
|switch|p1a: Plesioth|Alomomola, F|100/100|[from] U-turn
|move|p2a: Chimecho|Recover|p2a: Chimecho
|-heal|p2a: Chimecho|98/100
|
|-heal|p2a: Chimecho|100/100|[from] item: Leftovers
|upkeep
|turn|14
|
|t:|1778501344
|move|p2a: Chimecho|Cosmic Power|p2a: Chimecho
|-boost|p2a: Chimecho|def|1
|-boost|p2a: Chimecho|spd|1
|move|p1a: Plesioth|Flip Turn|p2a: Chimecho
|-damage|p2a: Chimecho|96/100
|
|t:|1778501350
|switch|p1a: Magnamalo|Kingambit, F, shiny|100/100|[from] Flip Turn
|
|-heal|p2a: Chimecho|100/100|[from] item: Leftovers
|-sideend|p2: prettymildramen|move: Light Screen
|upkeep
|turn|15
|
|t:|1778501360
|move|p2a: Chimecho|Dazzling Gleam|p1a: Magnamalo
|-damage|p1a: Magnamalo|82/100
|move|p1a: Magnamalo|Kowtow Cleave|p2a: Chimecho
|-supereffective|p2a: Chimecho
|-damage|p2a: Chimecho|77/100
|
|-heal|p2a: Chimecho|83/100|[from] item: Leftovers
|-heal|p1a: Magnamalo|88/100|[from] item: Leftovers
|upkeep
|turn|16
|
|t:|1778501366
|move|p2a: Chimecho|Cosmic Power|p2a: Chimecho
|-boost|p2a: Chimecho|def|1
|-boost|p2a: Chimecho|spd|1
|move|p1a: Magnamalo|Swords Dance|p1a: Magnamalo
|-boost|p1a: Magnamalo|atk|2
|
|-heal|p2a: Chimecho|89/100|[from] item: Leftovers
|-heal|p1a: Magnamalo|94/100|[from] item: Leftovers
|upkeep
|turn|17
|
|t:|1778501371
|switch|p2a: Hitmontop|Hitmontop, M|22/100
|-ability|p2a: Hitmontop|Intimidate|boost
|-unboost|p1a: Magnamalo|atk|1
|move|p1a: Magnamalo|Swords Dance|p1a: Magnamalo
|-boost|p1a: Magnamalo|atk|2
|
|-heal|p1a: Magnamalo|100/100|[from] item: Leftovers
|upkeep
|turn|18
|
|t:|1778501376
|move|p2a: Hitmontop|Fake Out|p1a: Magnamalo
|-resisted|p1a: Magnamalo
|-damage|p1a: Magnamalo|96/100
|cant|p1a: Magnamalo|flinch
|
|-heal|p1a: Magnamalo|100/100|[from] item: Leftovers
|upkeep
|turn|19
|
|t:|1778501379
|move|p2a: Hitmontop|Mach Punch|p1a: Magnamalo
|-supereffective|p1a: Magnamalo
|-damage|p1a: Magnamalo|46/100
|move|p1a: Magnamalo|Sucker Punch||[still]
|-fail|p1a: Magnamalo
|
|-heal|p1a: Magnamalo|52/100|[from] item: Leftovers
|upkeep
|turn|20
|
|t:|1778501385
|-end|p1a: Magnamalo|fallenundefined|[silent]
|switch|p1a: Plesioth|Alomomola, F|100/100
|move|p2a: Hitmontop|Mach Punch|p1a: Plesioth
|-damage|p1a: Plesioth|91/100
|
|upkeep
|turn|21
|
|t:|1778501393
|move|p2a: Hitmontop|Triple Axel|p1a: Plesioth
|-resisted|p1a: Plesioth
|-damage|p1a: Plesioth|89/100
|-resisted|p1a: Plesioth
|-damage|p1a: Plesioth|86/100
|-resisted|p1a: Plesioth
|-damage|p1a: Plesioth|80/100
|-hitcount|p1a: Plesioth|3
|move|p1a: Plesioth|Scald|p2a: Hitmontop
|-damage|p2a: Hitmontop|12/100
|
|upkeep
|turn|22
|
|t:|1778501401
|switch|p2a: Ninetales|Ninetales-Alola, F|100/100
|-weather|Snowscape|[from] ability: Snow Warning|[of] p2a: Ninetales
|move|p1a: Plesioth|Scald|p2a: Ninetales
|-damage|p2a: Ninetales|84/100
|
|-weather|Snowscape|[upkeep]
|upkeep
|turn|23
|
|t:|1778501405
|move|p2a: Ninetales|Freeze-Dry|p1a: Plesioth
|-supereffective|p1a: Plesioth
|-damage|p1a: Plesioth|0 fnt
|faint|p1a: Plesioth
|
|-weather|Snowscape|[upkeep]
|upkeep
|
|t:|1778501415
|switch|p1a: Magnamalo|Kingambit, F, shiny|52/100
|-activate|p1a: Magnamalo|ability: Supreme Overlord
|-start|p1a: Magnamalo|fallen1|[silent]
|turn|24
|
|t:|1778501419
|switch|p2a: Hitmontop|Hitmontop, M|12/100
|-ability|p2a: Hitmontop|Intimidate|boost
|-unboost|p1a: Magnamalo|atk|1
|move|p1a: Magnamalo|Iron Head|p2a: Hitmontop
|-damage|p2a: Hitmontop|0 fnt
|faint|p2a: Hitmontop
|
|-weather|Snowscape|[upkeep]
|-heal|p1a: Magnamalo|58/100|[from] item: Leftovers
|upkeep
|
|t:|1778501421
|switch|p2a: Incineroar|Incineroar, F|78/100
|-ability|p2a: Incineroar|Intimidate|boost
|-unboost|p1a: Magnamalo|atk|1
|turn|25
|
|t:|1778501431
|-end|p1a: Magnamalo|fallen1|[silent]
|switch|p1a: Golbul|Glimmora, F, shiny|86/100 par
|move|p2a: Incineroar|Flame Charge|p1a: Golbul
|-resisted|p1a: Golbul
|-damage|p1a: Golbul|73/100 par
|-boost|p2a: Incineroar|spe|1
|-activate|p1a: Golbul|ability: Toxic Debris
|-sidestart|p2: prettymildramen|move: Toxic Spikes
|
|-weather|Snowscape|[upkeep]
|upkeep
|turn|26
|
|t:|1778501443
|move|p2a: Incineroar|Bulk Up|p2a: Incineroar
|-boost|p2a: Incineroar|atk|1
|-boost|p2a: Incineroar|def|1
|move|p1a: Golbul|Earth Power|p2a: Incineroar
|-supereffective|p2a: Incineroar
|-damage|p2a: Incineroar|16/100
|-enditem|p2a: Incineroar|Weakness Policy
|-boost|p2a: Incineroar|atk|2|[from] item: Weakness Policy
|-boost|p2a: Incineroar|spa|2|[from] item: Weakness Policy
|
|-weather|none
|upkeep
|turn|27
|
|t:|1778501447
|move|p2a: Incineroar|Power Trip|p1a: Golbul
|-damage|p1a: Golbul|0 fnt
|-activate|p1a: Golbul|ability: Toxic Debris
|-sidestart|p2: prettymildramen|move: Toxic Spikes
|faint|p1a: Golbul
|
|upkeep
|
|t:|1778501462
|switch|p1a: Seltas queen|Slither Wing|83/100
|turn|28
|
|t:|1778501468
|-terastallize|p2a: Incineroar|Flying
|move|p1a: Seltas queen|First Impression|p2a: Incineroar
|-resisted|p2a: Incineroar
|-damage|p2a: Incineroar|0 fnt
|faint|p2a: Incineroar
|
|upkeep
|-message|prettymildramen forfeited.
|
|win|glichtmix2
|raw|glichtmix2's rating: 1240 &rarr; <strong>1267</strong><br />(+27 for winning)
|raw|prettymildramen's rating: 1262 &rarr; <strong>1235</strong><br />(-27 for losing)
|l|☆prettymildramen
|player|p2|
|l|☆glichtmix2
|player|p1|
