|html|<div class="broadcast-blue"><strong>[Gen 9] OU is currently suspecting Tera Blast! For information on how to participate check out the <a href="https://www.smogon.com/tools/suspects/view/200">suspect thread</a>.</strong></div>
|j|☆MightyTaggart
|j|☆goodnightnite
|t:|1776093246
|gametype|singles
|player|p1|MightyTaggart|2|1600
|player|p2|goodnightnite|cynthia-masters|1637
|gen|9
|tier|[Gen 9] OU
|rated|
|rule|HP Percentage Mod: HP is shown in percentages
|rule|Endless Battle Clause: Forcing endless battles is banned
|rule|Species Clause: Limit one of each Pokémon
|rule|OHKO Clause: OHKO moves are banned
|rule|Evasion Items Clause: Evasion items are banned
|rule|Evasion Moves Clause: Evasion moves are banned
|rule|Evasion Abilities Clause: Evasion abilities are banned
|rule|Sleep Moves Clause: Sleep-inducing moves are banned
|clearpoke
|poke|p1|Rillaboom, F|
|poke|p1|Conkeldurr, F|
|poke|p1|Iron Treads|
|poke|p1|Kingambit, F|
|poke|p1|Alomomola, M|
|poke|p1|Dragapult, F|
|poke|p2|Pelipper, M|
|poke|p2|Raging Bolt|
|poke|p2|Overqwil, F|
|poke|p2|Barraskewda, F|
|poke|p2|Iron Treads|
|poke|p2|Kingambit, M|
|teampreview
|inactive|Battle timer is ON: inactive players will automatically lose when time's up. (requested by goodnightnite)
|
|t:|1776093256
|teamsize|p1|6
|teamsize|p2|6
|start
|switch|p1a: Dragapult|Dragapult, F|100/100
|switch|p2a: Pelipper|Pelipper, M|100/100
|-weather|RainDance|[from] ability: Drizzle|[of] p2a: Pelipper
|turn|1
|j| Metallic Symphony
|
|t:|1776093265
|switch|p2a: Iron Treads|Iron Treads|100/100
|-enditem|p2a: Iron Treads|Booster Energy
|-activate|p2a: Iron Treads|ability: Quark Drive|[fromitem]
|-start|p2a: Iron Treads|quarkdrivespe
|move|p1a: Dragapult|Shadow Ball|p2a: Iron Treads
|-damage|p2a: Iron Treads|27/100
|
|-weather|RainDance|[upkeep]
|upkeep
|turn|2
|
|t:|1776093284
|switch|p1a: Iron Treads|Iron Treads|100/100
|move|p2a: Iron Treads|Stealth Rock|p1a: Iron Treads
|-sidestart|p1: MightyTaggart|move: Stealth Rock
|
|-weather|RainDance|[upkeep]
|upkeep
|turn|3
|
|t:|1776093292
|move|p2a: Iron Treads|Earth Power|p1a: Iron Treads
|-supereffective|p1a: Iron Treads
|-damage|p1a: Iron Treads|23/100
|move|p1a: Iron Treads|Rapid Spin|p2a: Iron Treads
|-resisted|p2a: Iron Treads
|-damage|p2a: Iron Treads|21/100
|-boost|p1a: Iron Treads|spe|1
|-sideend|p1: MightyTaggart|Stealth Rock|[from] move: Rapid Spin|[of] p1a: Iron Treads
|
|-weather|RainDance|[upkeep]
|-heal|p1a: Iron Treads|29/100|[from] item: Leftovers
|upkeep
|turn|4
|
|t:|1776093306
|move|p1a: Iron Treads|Rapid Spin|p2a: Iron Treads
|-resisted|p2a: Iron Treads
|-damage|p2a: Iron Treads|15/100
|-boost|p1a: Iron Treads|spe|1
|move|p2a: Iron Treads|Stealth Rock|p1a: Iron Treads
|-sidestart|p1: MightyTaggart|move: Stealth Rock
|
|-weather|RainDance|[upkeep]
|-heal|p1a: Iron Treads|35/100|[from] item: Leftovers
|upkeep
|turn|5
|
|t:|1776093316
|move|p1a: Iron Treads|Rapid Spin|p2a: Iron Treads
|-resisted|p2a: Iron Treads
|-damage|p2a: Iron Treads|10/100
|-boost|p1a: Iron Treads|spe|1
|-sideend|p1: MightyTaggart|Stealth Rock|[from] move: Rapid Spin|[of] p1a: Iron Treads
|move|p2a: Iron Treads|Stealth Rock|p1a: Iron Treads
|-sidestart|p1: MightyTaggart|move: Stealth Rock
|
|-weather|RainDance|[upkeep]
|-heal|p1a: Iron Treads|41/100|[from] item: Leftovers
|upkeep
|turn|6
|
|t:|1776093326
|move|p1a: Iron Treads|Rapid Spin|p2a: Iron Treads
|-resisted|p2a: Iron Treads
|-crit|p2a: Iron Treads
|-damage|p2a: Iron Treads|2/100
|-boost|p1a: Iron Treads|spe|1
|-sideend|p1: MightyTaggart|Stealth Rock|[from] move: Rapid Spin|[of] p1a: Iron Treads
|move|p2a: Iron Treads|Earth Power|p1a: Iron Treads
|-supereffective|p1a: Iron Treads
|-damage|p1a: Iron Treads|0 fnt
|faint|p1a: Iron Treads
|-end|p1a: Iron Treads|Quark Drive|[silent]
|
|-weather|RainDance|[upkeep]
|upkeep
|
|t:|1776093337
|switch|p1a: Conkeldurr|Conkeldurr, F|100/100
|turn|7
|
|t:|1776093341
|move|p1a: Conkeldurr|Mach Punch|p2a: Iron Treads
|-supereffective|p2a: Iron Treads
|-damage|p2a: Iron Treads|0 fnt
|faint|p2a: Iron Treads
|-end|p2a: Iron Treads|Quark Drive|[silent]
|
|-weather|RainDance|[upkeep]
|-status|p1a: Conkeldurr|brn|[from] item: Flame Orb
|upkeep
|
|t:|1776093352
|switch|p2a: Barraskewda|Barraskewda, F|100/100
|turn|8
|
|t:|1776093356
|switch|p1a: Alomomola|Alomomola, M|100/100
|move|p2a: Barraskewda|Liquidation|p1a: Alomomola
|-resisted|p1a: Alomomola
|-damage|p1a: Alomomola|68/100
|
|-weather|none
|upkeep
|turn|9
|
|t:|1776093365
|switch|p2a: Pelipper|Pelipper, M|100/100
|-weather|RainDance|[from] ability: Drizzle|[of] p2a: Pelipper
|move|p1a: Alomomola|Flip Turn|p2a: Pelipper
|-resisted|p2a: Pelipper
|-damage|p2a: Pelipper|91/100
|
|t:|1776093374
|switch|p1a: Dragapult|Dragapult, F|100/100|[from] Flip Turn
|
|-weather|RainDance|[upkeep]
|upkeep
|turn|10
|
|t:|1776093381
|move|p1a: Dragapult|Shadow Ball|p2a: Pelipper
|-damage|p2a: Pelipper|20/100
|move|p2a: Pelipper|U-turn|p1a: Dragapult
|-resisted|p1a: Dragapult
|-damage|p1a: Dragapult|94/100
|
|t:|1776093385
|switch|p2a: Overqwil|Overqwil, F|100/100|[from] U-turn
|
|-weather|RainDance|[upkeep]
|upkeep
|turn|11
|
|t:|1776093405
|switch|p1a: Kingambit|Kingambit, F|100/100
|-activate|p1a: Kingambit|ability: Supreme Overlord
|-start|p1a: Kingambit|fallen1|[silent]
|move|p2a: Overqwil|Swords Dance|p2a: Overqwil
|-boost|p2a: Overqwil|atk|2
|
|-weather|RainDance|[upkeep]
|upkeep
|turn|12
|
|t:|1776093418
|move|p2a: Overqwil|Liquidation|p1a: Kingambit
|-damage|p1a: Kingambit|2/100
|-damage|p2a: Overqwil|91/100|[from] item: Life Orb
|move|p1a: Kingambit|Kowtow Cleave|p2a: Overqwil
|-resisted|p2a: Overqwil
|-damage|p2a: Overqwil|64/100
|
|-weather|RainDance|[upkeep]
|-heal|p1a: Kingambit|8/100|[from] item: Leftovers
|upkeep
|turn|13
|
|t:|1776093429
|move|p1a: Kingambit|Sucker Punch|p2a: Overqwil
|-resisted|p2a: Overqwil
|-damage|p2a: Overqwil|40/100
|move|p2a: Overqwil|Liquidation|p1a: Kingambit
|-damage|p1a: Kingambit|0 fnt
|faint|p1a: Kingambit
|-end|p1a: Kingambit|fallen1|[silent]
|-damage|p2a: Overqwil|30/100|[from] item: Life Orb
|
|-weather|RainDance|[upkeep]
|upkeep
|
|t:|1776093439
|switch|p1a: Rillaboom|Rillaboom, F|100/100
|-fieldstart|move: Grassy Terrain|[from] ability: Grassy Surge|[of] p1a: Rillaboom
|turn|14
|
|t:|1776093444
|-terastallize|p1a: Rillaboom|Grass
|move|p1a: Rillaboom|Grassy Glide|p2a: Overqwil
|-resisted|p2a: Overqwil
|-damage|p2a: Overqwil|0 fnt
|faint|p2a: Overqwil
|
|-weather|RainDance|[upkeep]
|upkeep
|
|t:|1776093449
|switch|p2a: Raging Bolt|Raging Bolt|100/100
|-enditem|p2a: Raging Bolt|Booster Energy
|-activate|p2a: Raging Bolt|ability: Protosynthesis|[fromitem]
|-start|p2a: Raging Bolt|protosynthesisspa
|turn|15
|
|t:|1776093465
|switch|p1a: Dragapult|Dragapult, F|94/100
|move|p2a: Raging Bolt|Thunder|p1a: Dragapult
|-resisted|p1a: Dragapult
|-damage|p1a: Dragapult|33/100
|
|-weather|RainDance|[upkeep]
|-heal|p1a: Dragapult|39/100|[from] Grassy Terrain
|upkeep
|turn|16
|
|t:|1776093483
|-terastallize|p2a: Raging Bolt|Fairy
|move|p1a: Dragapult|Draco Meteor|p2a: Raging Bolt
|-immune|p2a: Raging Bolt
|move|p2a: Raging Bolt|Draco Meteor|p1a: Dragapult
|-supereffective|p1a: Dragapult
|-damage|p1a: Dragapult|0 fnt
|-unboost|p2a: Raging Bolt|spa|2
|faint|p1a: Dragapult
|
|-weather|none
|upkeep
|
|t:|1776093502
|switch|p1a: Conkeldurr|Conkeldurr, F|100/100 brn
|turn|17
|
|t:|1776093505
|-end|p2a: Raging Bolt|Protosynthesis|[silent]
|switch|p2a: Pelipper|Pelipper, M|20/100
|-weather|RainDance|[from] ability: Drizzle|[of] p2a: Pelipper
|move|p1a: Conkeldurr|Facade|p2a: Pelipper
|-damage|p2a: Pelipper|0 fnt
|faint|p2a: Pelipper
|
|-weather|RainDance|[upkeep]
|-damage|p1a: Conkeldurr|95/100 brn|[from] brn
|upkeep
|
|t:|1776093509
|switch|p2a: Barraskewda|Barraskewda, F|100/100
|turn|18
|
|t:|1776093518
|switch|p1a: Alomomola|Alomomola, M|100/100
|move|p2a: Barraskewda|Flip Turn|p1a: Alomomola
|-resisted|p1a: Alomomola
|-damage|p1a: Alomomola|78/100
|
|t:|1776093523
|switch|p2a: Raging Bolt|Raging Bolt, tera:Fairy|100/100|[from] Flip Turn
|
|-weather|RainDance|[upkeep]
|-heal|p1a: Alomomola|84/100|[from] Grassy Terrain
|-fieldend|move: Grassy Terrain
|upkeep
|turn|19
|
|t:|1776093532
|move|p2a: Raging Bolt|Thunder|p1a: Alomomola
|-supereffective|p1a: Alomomola
|-damage|p1a: Alomomola|0 fnt
|faint|p1a: Alomomola
|
|-weather|RainDance|[upkeep]
|upkeep
|
|t:|1776093541
|switch|p1a: Rillaboom|Rillaboom, F, tera:Grass|100/100
|-fieldstart|move: Grassy Terrain|[from] ability: Grassy Surge|[of] p1a: Rillaboom
|turn|20
|
|t:|1776093548
|move|p1a: Rillaboom|Wood Hammer|p2a: Raging Bolt
|-damage|p2a: Raging Bolt|0 fnt
|faint|p2a: Raging Bolt
|-end|p2a: Raging Bolt|Protosynthesis|[silent]
|-damage|p1a: Rillaboom|60/100|[from] Recoil
|
|-weather|RainDance|[upkeep]
|-heal|p1a: Rillaboom|66/100|[from] Grassy Terrain
|upkeep
|
|t:|1776093555
|switch|p2a: Kingambit|Kingambit, M|100/100
|-activate|p2a: Kingambit|ability: Supreme Overlord
|-start|p2a: Kingambit|fallen4|[silent]
|turn|21
|
|t:|1776093563
|switch|p1a: Conkeldurr|Conkeldurr, F|95/100 brn
|move|p2a: Kingambit|Iron Head|p1a: Conkeldurr
|-damage|p1a: Conkeldurr|26/100 brn
|
|-weather|RainDance|[upkeep]
|-heal|p1a: Conkeldurr|32/100 brn|[from] Grassy Terrain
|-damage|p1a: Conkeldurr|26/100 brn|[from] brn
|upkeep
|turn|22
|
|t:|1776093575
|-end|p2a: Kingambit|fallen4|[silent]
|switch|p2a: Barraskewda|Barraskewda, F|100/100
|move|p1a: Conkeldurr|Mach Punch|p2a: Barraskewda
|-damage|p2a: Barraskewda|35/100
|
|-weather|RainDance|[upkeep]
|-heal|p2a: Barraskewda|41/100|[from] Grassy Terrain
|-heal|p1a: Conkeldurr|32/100 brn|[from] Grassy Terrain
|-damage|p1a: Conkeldurr|26/100 brn|[from] brn
|upkeep
|turn|23
|
|t:|1776093585
|move|p2a: Barraskewda|Aqua Jet|p1a: Conkeldurr
|-damage|p1a: Conkeldurr|0 fnt
|faint|p1a: Conkeldurr
|
|-weather|RainDance|[upkeep]
|-heal|p2a: Barraskewda|47/100|[from] Grassy Terrain
|upkeep
|-message|MightyTaggart forfeited.
|
|win|goodnightnite
|raw|MightyTaggart's rating: 1600 &rarr; <strong>1582</strong><br />(-18 for losing)
|raw|goodnightnite's rating: 1637 &rarr; <strong>1655</strong><br />(+18 for winning)
|l|☆MightyTaggart
|player|p1|
