|html|<div class="broadcast-blue"><strong>[Gen 9] OU is currently suspecting Tera Blast! For information on how to participate check out the <a href="https://www.smogon.com/tools/suspects/view/200">suspect thread</a>.</strong></div>
|j|☆hazeldot
|j|☆Togekis2King
|t:|1776098356
|gametype|singles
|player|p1|hazeldot|aromalady|1115
|player|p2|Togekis2King|ethan|1109
|gen|9
|tier|[Gen 9] OU
|rated|
|rule|HP Percentage Mod: HP is shown in percentages
|rule|Endless Battle Clause: Forcing endless battles is banned
|rule|Species Clause: Limit one of each Pokémon
|rule|OHKO Clause: OHKO moves are banned
|rule|Evasion Items Clause: Evasion items are banned
|rule|Evasion Moves Clause: Evasion moves are banned
|rule|Evasion Abilities Clause: Evasion abilities are banned
|rule|Sleep Moves Clause: Sleep-inducing moves are banned
|clearpoke
|poke|p1|Mandibuzz, F|
|poke|p1|Medicham, F|
|poke|p1|Ambipom, F|
|poke|p1|Alomomola, M|
|poke|p1|Leavanny, F|
|poke|p1|Mabosstiff, F|
|poke|p2|Glimmora, F|
|poke|p2|Tornadus-Therian, M|
|poke|p2|Dragapult, M|
|poke|p2|Meowscarada, M|
|poke|p2|Blaziken, F|
|poke|p2|Rotom-Wash|
|teampreview
|j| ohko_smeargle
|inactive|Battle timer is ON: inactive players will automatically lose when time's up. (requested by Togekis2King)
|
|t:|1776098368
|teamsize|p1|6
|teamsize|p2|6
|start
|switch|p1a: Leavanny|Leavanny, F|100/100
|switch|p2a: Glimmora|Glimmora, F|100/100
|turn|1
|
|t:|1776098379
|move|p2a: Glimmora|Stealth Rock|p1a: Leavanny
|-sidestart|p1: hazeldot|move: Stealth Rock
|move|p1a: Leavanny|Agility|p1a: Leavanny
|-boost|p1a: Leavanny|spe|2
|
|upkeep
|turn|2
|
|t:|1776098390
|move|p1a: Leavanny|Leaf Blade|p2a: Glimmora
|-damage|p2a: Glimmora|47/100
|-activate|p2a: Glimmora|ability: Toxic Debris
|-sidestart|p1: hazeldot|move: Toxic Spikes
|move|p2a: Glimmora|Power Gem|p1a: Leavanny
|-supereffective|p1a: Leavanny
|-damage|p1a: Leavanny|0 fnt
|faint|p1a: Leavanny
|
|upkeep
|
|t:|1776098401
|switch|p1a: Mabosstiff|Mabosstiff, F|100/100
|-damage|p1a: Mabosstiff|88/100|[from] Stealth Rock
|-status|p1a: Mabosstiff|psn
|turn|3
|
|t:|1776098413
|-terastallize|p1a: Mabosstiff|Poison
|move|p2a: Glimmora|Mortal Spin|p1a: Mabosstiff
|-resisted|p1a: Mabosstiff
|-damage|p1a: Mabosstiff|84/100 psn
|move|p1a: Mabosstiff|Crunch|p2a: Glimmora
|-damage|p2a: Glimmora|0 fnt
|-activate|p2a: Glimmora|ability: Toxic Debris
|-sidestart|p1: hazeldot|move: Toxic Spikes
|faint|p2a: Glimmora
|
|-damage|p1a: Mabosstiff|72/100 psn|[from] psn
|upkeep
|
|t:|1776098428
|switch|p2a: Tornadus|Tornadus-Therian, M|100/100
|turn|4
|
|t:|1776098435
|switch|p1a: Mandibuzz|Mandibuzz, F|100/100
|-damage|p1a: Mandibuzz|76/100|[from] Stealth Rock
|move|p2a: Tornadus|Bleakwind Storm|p1a: Mandibuzz
|-damage|p1a: Mandibuzz|39/100
|-unboost|p1a: Mandibuzz|spe|1
|
|upkeep
|turn|5
|
|t:|1776098444
|move|p2a: Tornadus|Bleakwind Storm|p1a: Mandibuzz
|-damage|p1a: Mandibuzz|0 fnt
|faint|p1a: Mandibuzz
|
|upkeep
|
|t:|1776098447
|switch|p1a: Mabosstiff|Mabosstiff, F, tera:Poison|72/100 psn
|-damage|p1a: Mabosstiff|60/100 psn|[from] Stealth Rock
|-sideend|p1: hazeldot|move: Toxic Spikes|[of] p1a: Mabosstiff
|turn|6
|
|t:|1776098454
|move|p2a: Tornadus|Bleakwind Storm|p1a: Mabosstiff
|-damage|p1a: Mabosstiff|0 fnt
|faint|p1a: Mabosstiff
|
|upkeep
|
|t:|1776098457
|switch|p1a: Ambipom|Ambipom, F|100/100
|-damage|p1a: Ambipom|88/100|[from] Stealth Rock
|turn|7
|
|t:|1776098464
|switch|p2a: Dragapult|Dragapult, M|100/100
|move|p1a: Ambipom|Fake Out|p2a: Dragapult
|-immune|p2a: Dragapult
|
|upkeep
|turn|8
|
|t:|1776098475
|move|p2a: Dragapult|Draco Meteor|p1a: Ambipom|[miss]
|-miss|p2a: Dragapult|p1a: Ambipom
|move|p1a: Ambipom|Triple Axel|p2a: Dragapult
|-supereffective|p2a: Dragapult
|-damage|p2a: Dragapult|64/100
|-supereffective|p2a: Dragapult
|-damage|p2a: Dragapult|0 fnt
|faint|p2a: Dragapult
|-hitcount|p2: Dragapult|2
|-damage|p1a: Ambipom|78/100|[from] item: Life Orb
|
|upkeep
|
|t:|1776098483
|switch|p2a: Meowscarada|Meowscarada, M|100/100
|turn|9
|
|t:|1776098487
|switch|p1a: Alomomola|Alomomola, M|100/100
|-damage|p1a: Alomomola|88/100|[from] Stealth Rock
|move|p2a: Meowscarada|Flower Trick|p1a: Alomomola
|-start|p2a: Meowscarada|typechange|Grass|[from] ability: Protean
|-supereffective|p1a: Alomomola
|-crit|p1a: Alomomola
|-damage|p1a: Alomomola|12/100
|
|-heal|p1a: Alomomola|19/100|[from] item: Leftovers
|upkeep
|turn|10
|
|t:|1776098492
|switch|p1a: Medicham|Medicham, F|100/100
|-damage|p1a: Medicham|94/100|[from] Stealth Rock
|move|p2a: Meowscarada|Flower Trick|p1a: Medicham
|-crit|p1a: Medicham
|-damage|p1a: Medicham|19/100
|
|upkeep
|turn|11
|
|t:|1776098497
|move|p2a: Meowscarada|Flower Trick|p1a: Medicham
|-crit|p1a: Medicham
|-damage|p1a: Medicham|0 fnt
|faint|p1a: Medicham
|
|upkeep
|
|t:|1776098499
|switch|p1a: Ambipom|Ambipom, F|78/100
|-damage|p1a: Ambipom|66/100|[from] Stealth Rock
|turn|12
|
|t:|1776098501
|move|p1a: Ambipom|Fake Out|p2a: Meowscarada
|-damage|p2a: Meowscarada|44/100
|-damage|p1a: Ambipom|56/100|[from] item: Life Orb
|cant|p2a: Meowscarada|flinch
|
|upkeep
|turn|13
|
|t:|1776098507
|move|p2a: Meowscarada|Flower Trick|p1a: Ambipom
|-crit|p1a: Ambipom
|-damage|p1a: Ambipom|0 fnt
|faint|p1a: Ambipom
|
|upkeep
|
|t:|1776098509
|switch|p1a: Alomomola|Alomomola, M|52/100
|-damage|p1a: Alomomola|40/100|[from] Stealth Rock
|turn|14
|-message|hazeldot forfeited.
|
|win|Togekis2King
|raw|hazeldot's rating: 1115 &rarr; <strong>1090</strong><br />(-25 for losing)
|raw|Togekis2King's rating: 1109 &rarr; <strong>1134</strong><br />(+25 for winning)
|l|☆hazeldot
|player|p1|
|l| ohko_smeargle
|l|☆Togekis2King
|player|p2|
