|html|<div class="broadcast-blue"><strong>[Gen 9] OU is currently suspecting Tera Blast! For information on how to participate check out the <a href="https://www.smogon.com/tools/suspects/view/200">suspect thread</a>.</strong></div>
|j|☆Scoobenvonduben
|j|☆popswrong4laughing
|t:|1776315614
|gametype|singles
|player|p1|Scoobenvonduben|brawly|1428
|player|p2|popswrong4laughing|galacticgrunt|1507
|gen|9
|tier|[Gen 9] OU
|rated|
|rule|HP Percentage Mod: HP is shown in percentages
|rule|Endless Battle Clause: Forcing endless battles is banned
|rule|Species Clause: Limit one of each Pokémon
|rule|OHKO Clause: OHKO moves are banned
|rule|Evasion Items Clause: Evasion items are banned
|rule|Evasion Moves Clause: Evasion moves are banned
|rule|Evasion Abilities Clause: Evasion abilities are banned
|rule|Sleep Moves Clause: Sleep-inducing moves are banned
|clearpoke
|poke|p1|Blissey, F|
|poke|p1|Primarina, F|
|poke|p1|Skeledirge, M|
|poke|p1|Gliscor, M|
|poke|p1|Corviknight, M|
|poke|p1|Grafaiai, M|
|poke|p2|Clefable, F|
|poke|p2|Krookodile, F|
|poke|p2|Tornadus, M|
|poke|p2|Serperior, F|
|poke|p2|Munkidori, M|
|poke|p2|Iron Hands|
|teampreview
|
|t:|1776315623
|teamsize|p1|6
|teamsize|p2|6
|start
|switch|p1a: Grafaiai|Grafaiai, M|100/100
|switch|p2a: Munkidori|Munkidori, M|100/100
|turn|1
|
|t:|1776315626
|move|p1a: Grafaiai|Protect|p1a: Grafaiai
|-singleturn|p1a: Grafaiai|Protect
|move|p2a: Munkidori|Trick|p1a: Grafaiai
|-activate|p1a: Grafaiai|move: Protect
|
|upkeep
|turn|2
|
|t:|1776315630
|move|p1a: Grafaiai|Encore|p2a: Munkidori
|-start|p2a: Munkidori|Encore
|move|p2a: Munkidori|Trick|p1a: Grafaiai
|-activate|p2a: Munkidori|move: Trick|[of] p1a: Grafaiai
|-item|p1a: Grafaiai|Choice Scarf|[from] move: Trick
|-item|p2a: Munkidori|Black Sludge|[from] move: Trick
|
|upkeep
|turn|3
|
|t:|1776315640
|switch|p2a: Krookodile|Krookodile, F, shiny|100/100
|move|p1a: Grafaiai|Knock Off|p2a: Krookodile
|-resisted|p2a: Krookodile
|-damage|p2a: Krookodile|88/100
|-enditem|p2a: Krookodile|Choice Scarf|[from] move: Knock Off|[of] p1a: Grafaiai
|
|upkeep
|turn|4
|
|t:|1776315645
|switch|p1a: Corviknight|Corviknight, M|100/100
|move|p2a: Krookodile|Stealth Rock|p1a: Corviknight
|-sidestart|p1: Scoobenvonduben|move: Stealth Rock
|
|upkeep
|turn|5
|
|t:|1776315648
|switch|p2a: Serperior|Serperior, F|100/100
|move|p1a: Corviknight|Iron Defense|p1a: Corviknight
|-boost|p1a: Corviknight|def|2
|
|upkeep
|turn|6
|
|t:|1776315650
|switch|p2a: Clefable|Clefable, F|100/100
|move|p1a: Corviknight|Brave Bird|p2a: Clefable
|-damage|p2a: Clefable|72/100
|-damage|p1a: Corviknight|91/100|[from] Recoil
|
|-heal|p2a: Clefable|78/100|[from] item: Leftovers
|upkeep
|turn|7
|
|t:|1776315655
|switch|p1a: Gliscor|Gliscor, M, shiny|100/100
|-damage|p1a: Gliscor|88/100|[from] Stealth Rock
|move|p2a: Clefable|Calm Mind|p2a: Clefable
|-boost|p2a: Clefable|spa|1
|-boost|p2a: Clefable|spd|1
|
|-heal|p2a: Clefable|85/100|[from] item: Leftovers
|-status|p1a: Gliscor|tox|[from] item: Toxic Orb
|upkeep
|turn|8
|
|t:|1776315659
|move|p1a: Gliscor|Toxic|p2a: Clefable
|-status|p2a: Clefable|tox
|move|p2a: Clefable|Calm Mind|p2a: Clefable
|-boost|p2a: Clefable|spa|1
|-boost|p2a: Clefable|spd|1
|
|-heal|p2a: Clefable|91/100 tox|[from] item: Leftovers
|-heal|p1a: Gliscor|100/100 tox|[from] ability: Poison Heal
|upkeep
|turn|9
|
|t:|1776315662
|switch|p1a: Skeledirge|Skeledirge, M|100/100
|move|p2a: Clefable|Moonblast|p1a: Skeledirge
|-resisted|p1a: Skeledirge
|-damage|p1a: Skeledirge|89/100
|-unboost|p1a: Skeledirge|spa|1
|
|-heal|p2a: Clefable|97/100 tox|[from] item: Leftovers
|upkeep
|turn|10
|
|t:|1776315669
|switch|p2a: Munkidori|Munkidori, M|100/100
|move|p1a: Skeledirge|Torch Song|p2a: Munkidori
|-damage|p2a: Munkidori|75/100
|-boost|p1a: Skeledirge|spa|1
|
|-heal|p2a: Munkidori|81/100|[from] item: Black Sludge
|upkeep
|turn|11
|
|t:|1776315675
|switch|p1a: Grafaiai|Grafaiai, M|100/100
|-damage|p1a: Grafaiai|88/100|[from] Stealth Rock
|move|p2a: Munkidori|Shadow Ball|p1a: Grafaiai
|-immune|p1a: Grafaiai
|
|-heal|p2a: Munkidori|87/100|[from] item: Black Sludge
|upkeep
|turn|12
|
|t:|1776315683
|switch|p2a: Krookodile|Krookodile, F, shiny|88/100
|move|p1a: Grafaiai|Knock Off|p2a: Krookodile
|-resisted|p2a: Krookodile
|-damage|p2a: Krookodile|80/100
|
|upkeep
|turn|13
|
|t:|1776315690
|switch|p1a: Corviknight|Corviknight, M|91/100
|-damage|p1a: Corviknight|79/100|[from] Stealth Rock
|move|p2a: Krookodile|Stone Edge|p1a: Corviknight
|-damage|p1a: Corviknight|51/100
|
|upkeep
|turn|14
|
|t:|1776315699
|move|p2a: Krookodile|Knock Off|p1a: Corviknight
|-damage|p1a: Corviknight|7/100
|-damage|p2a: Krookodile|63/100|[from] item: Rocky Helmet|[of] p1a: Corviknight
|-enditem|p1a: Corviknight|Rocky Helmet|[from] move: Knock Off|[of] p2a: Krookodile
|move|p1a: Corviknight|Roost|p1a: Corviknight
|-heal|p1a: Corviknight|57/100
|-singleturn|p1a: Corviknight|move: Roost
|
|upkeep
|turn|15
|
|t:|1776315708
|switch|p2a: Serperior|Serperior, F|100/100
|move|p1a: Corviknight|Iron Defense|p1a: Corviknight
|-boost|p1a: Corviknight|def|2
|
|upkeep
|turn|16
|
|t:|1776315712
|move|p2a: Serperior|Glare|p1a: Corviknight
|-status|p1a: Corviknight|par
|move|p1a: Corviknight|Brave Bird|p2a: Serperior
|-supereffective|p2a: Serperior
|-damage|p2a: Serperior|26/100
|-damage|p1a: Corviknight|41/100 par|[from] item: Rocky Helmet|[of] p2a: Serperior
|-damage|p1a: Corviknight|19/100 par|[from] Recoil
|
|upkeep
|turn|17
|
|t:|1776315728
|move|p2a: Serperior|Leaf Storm|p1a: Corviknight
|-resisted|p1a: Corviknight
|-damage|p1a: Corviknight|13/100 par
|-boost|p2a: Serperior|spa|2
|move|p1a: Corviknight|Roost|p1a: Corviknight
|-heal|p1a: Corviknight|63/100 par
|-singleturn|p1a: Corviknight|move: Roost
|
|upkeep
|turn|18
|
|t:|1776315735
|move|p2a: Serperior|Synthesis|p2a: Serperior
|-heal|p2a: Serperior|76/100
|move|p1a: Corviknight|Roost|p1a: Corviknight
|-heal|p1a: Corviknight|100/100 par
|-singleturn|p1a: Corviknight|move: Roost
|
|upkeep
|turn|19
|
|t:|1776315740
|switch|p2a: Clefable|Clefable, F|97/100 tox
|move|p1a: Corviknight|Brave Bird|p2a: Clefable
|-damage|p2a: Clefable|69/100 tox
|-damage|p1a: Corviknight|91/100 par|[from] Recoil
|
|-heal|p2a: Clefable|75/100 tox|[from] item: Leftovers
|upkeep
|turn|20
|
|t:|1776315749
|switch|p1a: Gliscor|Gliscor, M, shiny|100/100 tox
|-damage|p1a: Gliscor|88/100 tox|[from] Stealth Rock
|move|p2a: Clefable|Moonblast|p1a: Gliscor
|-damage|p1a: Gliscor|62/100 tox
|
|-heal|p2a: Clefable|81/100 tox|[from] item: Leftovers
|-heal|p1a: Gliscor|75/100 tox|[from] ability: Poison Heal
|upkeep
|turn|21
|inactive|Battle timer is ON: inactive players will automatically lose when time's up. (requested by Scoobenvonduben)
|
|t:|1776315778
|move|p1a: Gliscor|Spikes|p2a: Clefable
|-sidestart|p2: popswrong4laughing|Spikes
|move|p2a: Clefable|Moonblast|p1a: Gliscor
|-damage|p1a: Gliscor|49/100 tox
|
|-heal|p2a: Clefable|87/100 tox|[from] item: Leftovers
|-heal|p1a: Gliscor|61/100 tox|[from] ability: Poison Heal
|upkeep
|turn|22
|
|t:|1776315788
|move|p1a: Gliscor|Protect|p1a: Gliscor
|-singleturn|p1a: Gliscor|Protect
|move|p2a: Clefable|Calm Mind|p2a: Clefable
|-boost|p2a: Clefable|spa|1
|-boost|p2a: Clefable|spd|1
|
|-heal|p2a: Clefable|93/100 tox|[from] item: Leftovers
|-heal|p1a: Gliscor|74/100 tox|[from] ability: Poison Heal
|upkeep
|turn|23
|
|t:|1776315792
|move|p1a: Gliscor|Spikes|p2a: Clefable
|-sidestart|p2: popswrong4laughing|Spikes
|move|p2a: Clefable|Moonblast|p1a: Gliscor
|-damage|p1a: Gliscor|32/100 tox
|
|-heal|p2a: Clefable|99/100 tox|[from] item: Leftovers
|-heal|p1a: Gliscor|44/100 tox|[from] ability: Poison Heal
|upkeep
|turn|24
|
|t:|1776315797
|switch|p1a: Grafaiai|Grafaiai, M|88/100
|-damage|p1a: Grafaiai|76/100|[from] Stealth Rock
|move|p2a: Clefable|Moonblast|p1a: Grafaiai
|-resisted|p1a: Grafaiai
|-damage|p1a: Grafaiai|53/100
|-unboost|p1a: Grafaiai|spa|1
|
|-heal|p2a: Clefable|100/100 tox|[from] item: Leftovers
|upkeep
|turn|25
|
|t:|1776315806
|switch|p2a: Krookodile|Krookodile, F, shiny|63/100
|-damage|p2a: Krookodile|46/100|[from] Spikes
|move|p1a: Grafaiai|Knock Off|p2a: Krookodile
|-resisted|p2a: Krookodile
|-damage|p2a: Krookodile|38/100
|
|upkeep
|turn|26
|
|t:|1776315810
|switch|p1a: Corviknight|Corviknight, M|91/100 par
|-damage|p1a: Corviknight|79/100 par|[from] Stealth Rock
|move|p2a: Krookodile|Stone Edge|p1a: Corviknight
|-damage|p1a: Corviknight|48/100 par
|
|upkeep
|turn|27
|
|t:|1776315818
|switch|p2a: Iron Hands|Iron Hands|100/100
|-damage|p2a: Iron Hands|84/100|[from] Spikes
|move|p1a: Corviknight|Roost|p1a: Corviknight
|-heal|p1a: Corviknight|98/100 par
|-singleturn|p1a: Corviknight|move: Roost
|
|upkeep
|turn|28
|
|t:|1776315825
|move|p2a: Iron Hands|Swords Dance|p2a: Iron Hands
|-boost|p2a: Iron Hands|atk|2
|move|p1a: Corviknight|Iron Defense|p1a: Corviknight
|-boost|p1a: Corviknight|def|2
|
|upkeep
|turn|29
|
|t:|1776315828
|move|p2a: Iron Hands|Drain Punch|p1a: Corviknight
|-damage|p1a: Corviknight|64/100 par
|-heal|p2a: Iron Hands|98/100|[from] drain|[of] p1a: Corviknight
|move|p1a: Corviknight|Iron Defense|p1a: Corviknight
|-boost|p1a: Corviknight|def|2
|
|upkeep
|turn|30
|-activate|p2a: Iron Hands|item: Quick Claw
|
|t:|1776315838
|move|p2a: Iron Hands|Supercell Slam|p1a: Corviknight
|-supereffective|p1a: Corviknight
|-damage|p1a: Corviknight|0 fnt
|faint|p1a: Corviknight
|
|upkeep
|
|t:|1776315846
|switch|p1a: Grafaiai|Grafaiai, M|53/100
|-damage|p1a: Grafaiai|41/100|[from] Stealth Rock
|turn|31
|
|t:|1776315850
|-end|p2a: Iron Hands|Quark Drive|[silent]
|switch|p2a: Krookodile|Krookodile, F, shiny|38/100
|-damage|p2a: Krookodile|21/100|[from] Spikes
|move|p1a: Grafaiai|Toxic|p2a: Krookodile
|-hint|Since gen 7, Dark is immune to Prankster moves.
|-immune|p2a: Krookodile
|
|upkeep
|turn|32
|
|t:|1776315873
|move|p1a: Grafaiai|Toxic|p2a: Krookodile
|-hint|Since gen 7, Dark is immune to Prankster moves.
|-immune|p2a: Krookodile
|move|p2a: Krookodile|Stone Edge|p1a: Grafaiai
|-crit|p1a: Grafaiai
|-damage|p1a: Grafaiai|0 fnt
|faint|p1a: Grafaiai
|-ability|p2a: Krookodile|Moxie|boost
|-boost|p2a: Krookodile|atk|1
|
|upkeep
|
|t:|1776315884
|switch|p1a: Gliscor|Gliscor, M, shiny|44/100 tox
|-damage|p1a: Gliscor|32/100 tox|[from] Stealth Rock
|turn|33
|
|t:|1776315914
|move|p1a: Gliscor|Protect|p1a: Gliscor
|-singleturn|p1a: Gliscor|Protect
|move|p2a: Krookodile|Knock Off|p1a: Gliscor
|-activate|p1a: Gliscor|move: Protect
|
|-heal|p1a: Gliscor|44/100 tox|[from] ability: Poison Heal
|upkeep
|turn|34
|
|t:|1776315925
|switch|p1a: Primarina|Primarina, F, shiny|100/100
|-damage|p1a: Primarina|88/100|[from] Stealth Rock
|move|p2a: Krookodile|Knock Off|p1a: Primarina
|-resisted|p1a: Primarina
|-damage|p1a: Primarina|56/100
|-enditem|p1a: Primarina|Sitrus Berry|[from] move: Knock Off|[of] p2a: Krookodile
|
|upkeep
|turn|35
|
|t:|1776315931
|move|p2a: Krookodile|Earthquake|p1a: Primarina
|-damage|p1a: Primarina|0 fnt
|faint|p1a: Primarina
|-ability|p2a: Krookodile|Moxie|boost
|-boost|p2a: Krookodile|atk|1
|
|upkeep
|
|t:|1776315934
|switch|p1a: Skeledirge|Skeledirge, M|89/100
|turn|36
|
|t:|1776315948
|-terastallize|p1a: Skeledirge|Fairy
|move|p2a: Krookodile|Earthquake|p1a: Skeledirge
|-damage|p1a: Skeledirge|46/100
|move|p1a: Skeledirge|Torch Song|p2a: Krookodile
|-damage|p2a: Krookodile|0 fnt
|-boost|p1a: Skeledirge|spa|1
|faint|p2a: Krookodile
|
|upkeep
|
|t:|1776315957
|switch|p2a: Munkidori|Munkidori, M|87/100
|-damage|p2a: Munkidori|71/100|[from] Spikes
|turn|37
|
|t:|1776315961
|switch|p1a: Blissey|Blissey, F|100/100
|-damage|p1a: Blissey|88/100|[from] Stealth Rock
|move|p2a: Munkidori|Psychic|p1a: Blissey
|-damage|p1a: Blissey|70/100
|
|-heal|p2a: Munkidori|77/100|[from] item: Black Sludge
|-heal|p1a: Blissey|76/100|[from] item: Leftovers
|upkeep
|turn|38
|
|t:|1776315972
|move|p2a: Munkidori|Trick|p1a: Blissey
|-activate|p2a: Munkidori|move: Trick|[of] p1a: Blissey
|-item|p1a: Blissey|Black Sludge|[from] move: Trick
|-item|p2a: Munkidori|Leftovers|[from] move: Trick
|move|p1a: Blissey|Skill Swap|p2a: Munkidori
|-activate|p1a: Blissey|Skill Swap|Toxic Chain|Natural Cure|[of] p2a: Munkidori
|
|-heal|p2a: Munkidori|83/100|[from] item: Leftovers
|-damage|p1a: Blissey|64/100|[from] item: Black Sludge
|upkeep
|turn|39
|
|t:|1776315981
|move|p2a: Munkidori|Focus Blast|p1a: Blissey
|-supereffective|p1a: Blissey
|-damage|p1a: Blissey|31/100
|move|p1a: Blissey|Stealth Rock|p2a: Munkidori
|-sidestart|p2: popswrong4laughing|move: Stealth Rock
|
|-heal|p2a: Munkidori|89/100|[from] item: Leftovers
|-damage|p1a: Blissey|19/100|[from] item: Black Sludge
|upkeep
|turn|40
|
|t:|1776315985
|move|p2a: Munkidori|Focus Blast|p1a: Blissey
|-supereffective|p1a: Blissey
|-damage|p1a: Blissey|0 fnt
|faint|p1a: Blissey
|
|-heal|p2a: Munkidori|95/100|[from] item: Leftovers
|upkeep
|
|t:|1776315992
|switch|p1a: Gliscor|Gliscor, M, shiny|44/100 tox
|-damage|p1a: Gliscor|32/100 tox|[from] Stealth Rock
|turn|41
|
|t:|1776315997
|switch|p2a: Tornadus|Tornadus, M|100/100
|-damage|p2a: Tornadus|76/100|[from] Stealth Rock
|move|p1a: Gliscor|Earthquake|p2a: Tornadus
|-immune|p2a: Tornadus
|
|-heal|p1a: Gliscor|44/100 tox|[from] ability: Poison Heal
|upkeep
|turn|42
|
|t:|1776316000
|move|p1a: Gliscor|Protect|p1a: Gliscor
|-singleturn|p1a: Gliscor|Protect
|move|p2a: Tornadus|Bleakwind Storm|p1a: Gliscor
|-activate|p1a: Gliscor|move: Protect
|
|-heal|p1a: Gliscor|57/100 tox|[from] ability: Poison Heal
|upkeep
|turn|43
|
|t:|1776316004
|-terastallize|p2a: Tornadus|Dark
|move|p2a: Tornadus|Knock Off|p1a: Gliscor
|-damage|p1a: Gliscor|12/100 tox
|-enditem|p1a: Gliscor|Toxic Orb|[from] move: Knock Off|[of] p2a: Tornadus
|-damage|p2a: Tornadus|66/100|[from] item: Life Orb
|move|p1a: Gliscor|Toxic|p2a: Tornadus
|-status|p2a: Tornadus|tox
|
|-damage|p2a: Tornadus|60/100 tox|[from] psn
|-heal|p1a: Gliscor|25/100 tox|[from] ability: Poison Heal
|upkeep
|turn|44
|
|t:|1776316009
|move|p1a: Gliscor|Protect|p1a: Gliscor
|-singleturn|p1a: Gliscor|Protect
|move|p2a: Tornadus|Bleakwind Storm|p1a: Gliscor
|-activate|p1a: Gliscor|move: Protect
|
|-damage|p2a: Tornadus|48/100 tox|[from] psn
|-heal|p1a: Gliscor|37/100 tox|[from] ability: Poison Heal
|upkeep
|turn|45
|
|t:|1776316020
|switch|p1a: Skeledirge|Skeledirge, M, tera:Fairy|46/100
|move|p2a: Tornadus|Knock Off|p1a: Skeledirge
|-resisted|p1a: Skeledirge
|-damage|p1a: Skeledirge|23/100
|-enditem|p1a: Skeledirge|Heavy-Duty Boots|[from] move: Knock Off|[of] p2a: Tornadus
|-damage|p2a: Tornadus|38/100 tox|[from] item: Life Orb
|
|-damage|p2a: Tornadus|20/100 tox|[from] psn
|upkeep
|turn|46
|
|t:|1776316023
|move|p2a: Tornadus|Bleakwind Storm|p1a: Skeledirge
|-crit|p1a: Skeledirge
|-damage|p1a: Skeledirge|0 fnt
|faint|p1a: Skeledirge
|-damage|p2a: Tornadus|11/100 tox|[from] item: Life Orb
|
|-damage|p2a: Tornadus|0 fnt|[from] psn
|faint|p2a: Tornadus
|upkeep
|
|t:|1776316027
|switch|p2a: Iron Hands|Iron Hands|98/100
|switch|p1a: Gliscor|Gliscor, M, shiny|37/100 tox
|-damage|p1a: Gliscor|25/100 tox|[from] Stealth Rock
|-damage|p2a: Iron Hands|81/100|[from] Spikes
|-damage|p2a: Iron Hands|75/100|[from] Stealth Rock
|turn|47
|-activate|p2a: Iron Hands|item: Quick Claw
|
|t:|1776316031
|move|p2a: Iron Hands|Ice Punch|p1a: Gliscor
|-supereffective|p1a: Gliscor
|-damage|p1a: Gliscor|0 fnt
|faint|p1a: Gliscor
|
|win|popswrong4laughing
|raw|Scoobenvonduben's rating: 1428 &rarr; <strong>1412</strong><br />(-16 for losing)
|raw|popswrong4laughing's rating: 1507 &rarr; <strong>1523</strong><br />(+16 for winning)
|l|☆Scoobenvonduben
|player|p1|
