|html|<div class="broadcast-blue"><strong>[Gen 9] OU is currently suspecting Tera Blast! For information on how to participate check out the <a href="https://www.smogon.com/tools/suspects/view/200">suspect thread</a>.</strong></div>
|j|☆oficial matute
|j|☆SuperSpicyRamen
|t:|1776284358
|gametype|singles
|player|p1|oficial matute|policeman|1247
|player|p2|SuperSpicyRamen|102|1298
|gen|9
|tier|[Gen 9] OU
|rated|
|rule|HP Percentage Mod: HP is shown in percentages
|rule|Endless Battle Clause: Forcing endless battles is banned
|rule|Species Clause: Limit one of each Pokémon
|rule|OHKO Clause: OHKO moves are banned
|rule|Evasion Items Clause: Evasion items are banned
|rule|Evasion Moves Clause: Evasion moves are banned
|rule|Evasion Abilities Clause: Evasion abilities are banned
|rule|Sleep Moves Clause: Sleep-inducing moves are banned
|clearpoke
|poke|p1|Noivern, F|
|poke|p1|Tropius, M|
|poke|p1|Landorus-Therian, M|
|poke|p1|Garchomp, M|
|poke|p1|Hydrapple, M|
|poke|p1|Torterra, M|
|poke|p2|Meloetta|
|poke|p2|Araquanid, F|
|poke|p2|Kleavor, M|
|poke|p2|Greninja-*, M|
|poke|p2|Tsareena, F|
|poke|p2|Latias, F|
|teampreview
|inactive|Battle timer is ON: inactive players will automatically lose when time's up. (requested by SuperSpicyRamen)
|
|t:|1776284380
|teamsize|p1|6
|teamsize|p2|6
|start
|switch|p1a: 👁👅👁|Noivern, F|100/100
|switch|p2a: Araquanid|Araquanid, F, shiny|100/100
|-item|p2a: Araquanid|Custap Berry|[from] ability: Frisk|[of] p1a: 👁👅👁
|turn|1
|
|t:|1776284395
|move|p1a: 👁👅👁|Switcheroo|p2a: Araquanid
|-activate|p1a: 👁👅👁|move: Trick|[of] p2a: Araquanid
|-item|p2a: Araquanid|Choice Scarf|[from] move: Switcheroo
|-item|p1a: 👁👅👁|Custap Berry|[from] move: Switcheroo
|move|p2a: Araquanid|Surf|p1a: 👁👅👁
|-resisted|p1a: 👁👅👁
|-damage|p1a: 👁👅👁|63/100
|
|upkeep
|turn|2
|
|t:|1776284411
|switch|p1a: 👁🐽👁|Tropius, M, shiny|100/100
|move|p2a: Araquanid|Surf|p1a: 👁🐽👁
|-resisted|p1a: 👁🐽👁
|-damage|p1a: 👁🐽👁|82/100
|
|upkeep
|turn|3
|
|t:|1776284426
|switch|p2a: Kleavor|Kleavor, M|100/100
|-terastallize|p1a: 👁🐽👁|Ghost
|move|p1a: 👁🐽👁|Substitute|p1a: 👁🐽👁
|-start|p1a: 👁🐽👁|Substitute
|-damage|p1a: 👁🐽👁|57/100
|
|upkeep
|turn|4
|
|t:|1776284434
|move|p2a: Kleavor|Stone Axe|p1a: 👁🐽👁
|-end|p1a: 👁🐽👁|Substitute
|-sidestart|p1: oficial matute|move: Stealth Rock
|move|p1a: 👁🐽👁|Curse|p2a: Kleavor
|-start|p2a: Kleavor|Curse|[of] p1a: 👁🐽👁
|-damage|p1a: 👁🐽👁|7/100
|-enditem|p1a: 👁🐽👁|Sitrus Berry|[eat]
|-heal|p1a: 👁🐽👁|32/100|[from] item: Sitrus Berry
|
|-damage|p2a: Kleavor|76/100|[from] Curse
|-item|p1a: 👁🐽👁|Sitrus Berry|[from] ability: Harvest
|upkeep
|-enditem|p1a: 👁🐽👁|Sitrus Berry|[eat]
|-heal|p1a: 👁🐽👁|57/100|[from] item: Sitrus Berry
|turn|5
|
|t:|1776284449
|move|p1a: 👁🐽👁|Protect|p1a: 👁🐽👁
|-singleturn|p1a: 👁🐽👁|Protect
|move|p2a: Kleavor|Stone Axe|p1a: 👁🐽👁
|-activate|p1a: 👁🐽👁|move: Protect
|
|-damage|p2a: Kleavor|51/100|[from] Curse
|-item|p1a: 👁🐽👁|Sitrus Berry|[from] ability: Harvest
|upkeep
|turn|6
|
|t:|1776284466
|switch|p1a: 👁👃👁|Landorus-Therian, M|100/100
|-damage|p1a: 👁👃👁|88/100|[from] Stealth Rock
|-ability|p1a: 👁👃👁|Intimidate|boost
|-unboost|p2a: Kleavor|atk|1
|move|p2a: Kleavor|Stone Axe|p1a: 👁👃👁
|-damage|p1a: 👁👃👁|66/100
|-damage|p2a: Kleavor|34/100|[from] item: Rocky Helmet|[of] p1a: 👁👃👁
|
|-damage|p2a: Kleavor|9/100|[from] Curse
|upkeep
|turn|7
|
|t:|1776284481
|switch|p2a: Araquanid|Araquanid, F, shiny|100/100
|move|p1a: 👁👃👁|Stealth Rock|p2a: Araquanid
|-sidestart|p2: SuperSpicyRamen|move: Stealth Rock
|
|upkeep
|turn|8
|
|t:|1776284492
|move|p1a: 👁👃👁|U-turn|p2a: Araquanid
|-damage|p2a: Araquanid|79/100
|
|t:|1776284495
|switch|p1a: 👁🐽👁|Tropius, M, shiny, tera:Ghost|57/100|[from] U-turn
|-damage|p1a: 👁🐽👁|44/100|[from] Stealth Rock
|-enditem|p1a: 👁🐽👁|Sitrus Berry|[eat]
|-heal|p1a: 👁🐽👁|69/100|[from] item: Sitrus Berry
|move|p2a: Araquanid|Surf|p1a: 👁🐽👁
|-damage|p1a: 👁🐽👁|30/100
|
|upkeep
|turn|9
|
|t:|1776284508
|move|p1a: 👁🐽👁|Protect|p1a: 👁🐽👁
|-singleturn|p1a: 👁🐽👁|Protect
|move|p2a: Araquanid|Surf|p1a: 👁🐽👁
|-activate|p1a: 👁🐽👁|move: Protect
|
|upkeep
|turn|10
|
|t:|1776284517
|move|p2a: Araquanid|Surf|p1a: 👁🐽👁
|-damage|p1a: 👁🐽👁|0 fnt
|faint|p1a: 👁🐽👁
|
|upkeep
|-message|oficial matute forfeited.
|
|win|SuperSpicyRamen
|raw|oficial matute's rating: 1247 &rarr; <strong>1226</strong><br />(-21 for losing)
|raw|SuperSpicyRamen's rating: 1298 &rarr; <strong>1319</strong><br />(+21 for winning)
|l|☆oficial matute
|player|p1|
|c|☆SuperSpicyRamen|wtf
|c|☆SuperSpicyRamen|WHY??
|c|☆SuperSpicyRamen|NO. COME BACK
