|html|<div class="broadcast-blue"><strong>[Gen 9] OU is currently suspecting Tera Blast! For information on how to participate check out the <a href="https://www.smogon.com/tools/suspects/view/200">suspect thread</a>.</strong></div>
|j|☆ChewieeVGC
|j|☆ramiro95
|t:|1776064711
|gametype|singles
|player|p1|ChewieeVGC|101|1241
|player|p2|ramiro95|170|1269
|gen|9
|tier|[Gen 9] OU
|rated|
|rule|HP Percentage Mod: HP is shown in percentages
|rule|Endless Battle Clause: Forcing endless battles is banned
|rule|Species Clause: Limit one of each Pokémon
|rule|OHKO Clause: OHKO moves are banned
|rule|Evasion Items Clause: Evasion items are banned
|rule|Evasion Moves Clause: Evasion moves are banned
|rule|Evasion Abilities Clause: Evasion abilities are banned
|rule|Sleep Moves Clause: Sleep-inducing moves are banned
|clearpoke
|poke|p1|Ogerpon-Wellspring, F|
|poke|p1|Gliscor, M|
|poke|p1|Raging Bolt|
|poke|p1|Iron Moth|
|poke|p1|Cinderace, F|
|poke|p1|Tinkaton, F|
|poke|p2|Arcanine-Hisui, M|
|poke|p2|Ogerpon-Cornerstone, F|
|poke|p2|Garganacl, F|
|poke|p2|Glimmora, F|
|poke|p2|Iron Boulder|
|poke|p2|Tyranitar, M|
|teampreview
|inactive|Battle timer is ON: inactive players will automatically lose when time's up. (requested by ChewieeVGC)
|
|t:|1776064727
|teamsize|p1|6
|teamsize|p2|6
|start
|switch|p1a: Ogerpon|Ogerpon-Wellspring, F|100/100
|switch|p2a: Tyranitar|Tyranitar, M|100/100
|-weather|Sandstorm|[from] ability: Sand Stream|[of] p2a: Tyranitar
|turn|1
|
|t:|1776064744
|switch|p2a: Ogerpon|Ogerpon-Cornerstone, F|100/100
|move|p1a: Ogerpon|Swords Dance|p1a: Ogerpon
|-boost|p1a: Ogerpon|atk|2
|
|-weather|Sandstorm|[upkeep]
|-damage|p1a: Ogerpon|95/100|[from] Sandstorm
|upkeep
|turn|2
|
|t:|1776064755
|-terastallize|p2a: Ogerpon|Rock
|detailschange|p2a: Ogerpon|Ogerpon-Cornerstone-Tera, F, tera:Rock
|-ability|p2a: Ogerpon|Embody Aspect (Cornerstone)|boost
|-boost|p2a: Ogerpon|def|1
|move|p2a: Ogerpon|Ivy Cudgel|p1a: Ogerpon|[anim] Ivy Cudgel Rock
|-damage|p1a: Ogerpon|0 fnt
|faint|p1a: Ogerpon
|
|-weather|Sandstorm|[upkeep]
|upkeep
|
|t:|1776064766
|switch|p1a: Gliscor|Gliscor, M|100/100
|turn|3
|
|t:|1776064769
|switch|p2a: Tyranitar|Tyranitar, M|100/100
|move|p1a: Gliscor|Stealth Rock|p2a: Tyranitar
|-sidestart|p2: ramiro95|move: Stealth Rock
|
|-weather|Sandstorm|[upkeep]
|-status|p1a: Gliscor|tox|[from] item: Toxic Orb
|upkeep
|turn|4
|
|t:|1776064775
|move|p1a: Gliscor|Toxic|p2a: Tyranitar
|-status|p2a: Tyranitar|tox
|move|p2a: Tyranitar|Ice Beam|p1a: Gliscor
|-supereffective|p1a: Gliscor
|-damage|p1a: Gliscor|0 fnt
|faint|p1a: Gliscor
|
|-weather|Sandstorm|[upkeep]
|-damage|p2a: Tyranitar|94/100 tox|[from] psn
|upkeep
|
|t:|1776064788
|switch|p1a: Iron Moth|Iron Moth|100/100
|-enditem|p1a: Iron Moth|Booster Energy
|-activate|p1a: Iron Moth|ability: Quark Drive|[fromitem]
|-start|p1a: Iron Moth|quarkdrivespe
|turn|5
|
|t:|1776064794
|move|p1a: Iron Moth|Dazzling Gleam|p2a: Tyranitar
|-supereffective|p2a: Tyranitar
|-damage|p2a: Tyranitar|73/100 tox
|move|p2a: Tyranitar|Dark Pulse|p1a: Iron Moth
|-damage|p1a: Iron Moth|67/100
|
|-weather|none
|-damage|p2a: Tyranitar|61/100 tox|[from] psn
|upkeep
|turn|6
|
|t:|1776064816
|switch|p2a: Garganacl|Garganacl, F|100/100
|-damage|p2a: Garganacl|88/100|[from] Stealth Rock
|move|p1a: Iron Moth|Dazzling Gleam|p2a: Garganacl
|-damage|p2a: Garganacl|72/100
|
|-heal|p2a: Garganacl|78/100|[from] item: Leftovers
|upkeep
|turn|7
|
|t:|1776064830
|move|p1a: Iron Moth|Fiery Dance|p2a: Garganacl
|-resisted|p2a: Garganacl
|-damage|p2a: Garganacl|65/100
|move|p2a: Garganacl|Salt Cure|p1a: Iron Moth
|-supereffective|p1a: Iron Moth
|-damage|p1a: Iron Moth|23/100
|-start|p1a: Iron Moth|Salt Cure
|
|-heal|p2a: Garganacl|71/100|[from] item: Leftovers
|-damage|p1a: Iron Moth|11/100|[from] Salt Cure
|upkeep
|turn|8
|
|t:|1776064837
|move|p1a: Iron Moth|Fiery Dance|p2a: Garganacl
|-resisted|p2a: Garganacl
|-damage|p2a: Garganacl|58/100
|move|p2a: Garganacl|Recover|p2a: Garganacl
|-heal|p2a: Garganacl|100/100
|
|-damage|p1a: Iron Moth|0 fnt|[from] Salt Cure
|faint|p1a: Iron Moth
|-end|p1a: Iron Moth|Quark Drive|[silent]
|upkeep
|
|t:|1776064844
|switch|p1a: Tinkaton|Tinkaton, F|100/100
|-ability|p1a: Tinkaton|Mold Breaker
|turn|9
|
|t:|1776064850
|-terastallize|p1a: Tinkaton|Steel
|move|p1a: Tinkaton|Gigaton Hammer|p2a: Garganacl
|-supereffective|p2a: Garganacl
|-damage|p2a: Garganacl|0 fnt
|faint|p2a: Garganacl
|
|upkeep
|
|t:|1776064862
|switch|p2a: Arcanine|Arcanine-Hisui, M|100/100
|-damage|p2a: Arcanine|76/100|[from] Stealth Rock
|turn|10
|
|t:|1776064869
|switch|p1a: Cinderace|Cinderace, F|100/100
|move|p2a: Arcanine|Flare Blitz|p1a: Cinderace
|-resisted|p1a: Cinderace
|-damage|p1a: Cinderace|58/100
|
|upkeep
|turn|11
|
|t:|1776064883
|switch|p2a: Ogerpon|Ogerpon-Cornerstone-Tera, F, tera:Rock|100/100
|-damage|p2a: Ogerpon|88/100|[from] Stealth Rock
|-ability|p2a: Ogerpon|Embody Aspect (Cornerstone)|boost
|-boost|p2a: Ogerpon|def|1
|move|p1a: Cinderace|Sucker Punch||[still]
|-fail|p1a: Cinderace
|
|upkeep
|turn|12
|
|t:|1776064894
|move|p1a: Cinderace|U-turn|p2a: Ogerpon
|-start|p1a: Cinderace|typechange|Bug|[from] ability: Libero
|-damage|p2a: Ogerpon|61/100
|
|t:|1776064898
|switch|p1a: Raging Bolt|Raging Bolt|100/100|[from] U-turn
|move|p2a: Ogerpon|Ivy Cudgel|p1a: Raging Bolt|[anim] Ivy Cudgel Rock
|-damage|p1a: Raging Bolt|41/100
|
|upkeep
|turn|13
|
|t:|1776064907
|switch|p2a: Tyranitar|Tyranitar, M|61/100 tox
|-damage|p2a: Tyranitar|48/100 tox|[from] Stealth Rock
|-weather|Sandstorm|[from] ability: Sand Stream|[of] p2a: Tyranitar
|move|p1a: Raging Bolt|Thunderclap||[still]
|-fail|p1a: Raging Bolt
|
|-weather|Sandstorm|[upkeep]
|-damage|p1a: Raging Bolt|35/100|[from] Sandstorm
|-damage|p2a: Tyranitar|42/100 tox|[from] psn
|upkeep
|turn|14
|
|t:|1776064914
|move|p1a: Raging Bolt|Volt Switch|p2a: Tyranitar
|-damage|p2a: Tyranitar|26/100 tox
|
|t:|1776064918
|-end|p1a: Raging Bolt|Protosynthesis|[silent]
|switch|p1a: Tinkaton|Tinkaton, F, tera:Steel|100/100|[from] Volt Switch
|-ability|p1a: Tinkaton|Mold Breaker
|move|p2a: Tyranitar|Ice Beam|p1a: Tinkaton
|-resisted|p1a: Tinkaton
|-damage|p1a: Tinkaton|87/100
|
|-weather|Sandstorm|[upkeep]
|-damage|p2a: Tyranitar|14/100 tox|[from] psn
|upkeep
|turn|15
|
|t:|1776064925
|move|p1a: Tinkaton|Fake Out|p2a: Tyranitar
|-resisted|p2a: Tyranitar
|-damage|p2a: Tyranitar|9/100 tox
|cant|p2a: Tyranitar|flinch
|
|-weather|Sandstorm|[upkeep]
|-damage|p2a: Tyranitar|0 fnt|[from] psn
|faint|p2a: Tyranitar
|upkeep
|
|t:|1776064929
|switch|p2a: Arcanine|Arcanine-Hisui, M|76/100
|-damage|p2a: Arcanine|51/100|[from] Stealth Rock
|turn|16
|
|t:|1776064943
|switch|p1a: Cinderace|Cinderace, F|58/100
|move|p2a: Arcanine|Flare Blitz|p1a: Cinderace
|-resisted|p1a: Cinderace
|-damage|p1a: Cinderace|20/100
|
|-weather|Sandstorm|[upkeep]
|-damage|p1a: Cinderace|14/100|[from] Sandstorm
|upkeep
|turn|17
|
|t:|1776064950
|move|p1a: Cinderace|Sucker Punch|p2a: Arcanine
|-start|p1a: Cinderace|typechange|Dark|[from] ability: Libero
|-damage|p2a: Arcanine|11/100
|move|p2a: Arcanine|Flare Blitz|p1a: Cinderace
|-damage|p1a: Cinderace|0 fnt
|faint|p1a: Cinderace
|
|-weather|none
|upkeep
|
|t:|1776064955
|switch|p1a: Tinkaton|Tinkaton, F, tera:Steel|87/100
|-ability|p1a: Tinkaton|Mold Breaker
|turn|18
|
|t:|1776064961
|move|p1a: Tinkaton|Fake Out|p2a: Arcanine
|-resisted|p2a: Arcanine
|-damage|p2a: Arcanine|4/100
|cant|p2a: Arcanine|flinch
|
|upkeep
|turn|19
|
|t:|1776064967
|switch|p1a: Raging Bolt|Raging Bolt|35/100
|move|p2a: Arcanine|Flare Blitz|p1a: Raging Bolt
|-resisted|p1a: Raging Bolt
|-damage|p1a: Raging Bolt|13/100
|
|upkeep
|turn|20
|
|t:|1776064989
|move|p2a: Arcanine|Flare Blitz|p1a: Raging Bolt
|-resisted|p1a: Raging Bolt
|-damage|p1a: Raging Bolt|0 fnt
|faint|p1a: Raging Bolt
|-end|p1a: Raging Bolt|Protosynthesis|[silent]
|
|upkeep
|
|t:|1776064992
|switch|p1a: Tinkaton|Tinkaton, F, tera:Steel|87/100
|-ability|p1a: Tinkaton|Mold Breaker
|turn|21
|
|t:|1776065001
|switch|p2a: Ogerpon|Ogerpon-Cornerstone-Tera, F, tera:Rock|61/100
|-damage|p2a: Ogerpon|49/100|[from] Stealth Rock
|-ability|p2a: Ogerpon|Embody Aspect (Cornerstone)|boost
|-boost|p2a: Ogerpon|def|1
|move|p1a: Tinkaton|Fake Out|p2a: Ogerpon
|-resisted|p2a: Ogerpon
|-damage|p2a: Ogerpon|44/100
|
|upkeep
|turn|22
|
|t:|1776065008
|move|p2a: Ogerpon|Superpower|p1a: Tinkaton
|-supereffective|p1a: Tinkaton
|-damage|p1a: Tinkaton|0 fnt
|-unboost|p2a: Ogerpon|atk|1
|-unboost|p2a: Ogerpon|def|1
|-damage|p2a: Ogerpon|28/100|[from] item: Rocky Helmet|[of] p1a: Tinkaton
|faint|p1a: Tinkaton
|
|win|ramiro95
|raw|ChewieeVGC's rating: 1241 &rarr; <strong>1218</strong><br />(-23 for losing)
|raw|ramiro95's rating: 1269 &rarr; <strong>1292</strong><br />(+23 for winning)
|c|☆ChewieeVGC|gg
|l|☆ChewieeVGC
|player|p1|
