|html|<div class="broadcast-blue"><strong>[Gen 9] OU is currently suspecting Tera Blast! For information on how to participate check out the <a href="https://www.smogon.com/tools/suspects/view/200">suspect thread</a>.</strong></div>
|j|☆sharkerthantheteal
|j|☆juhaaaa
|t:|1776214161
|gametype|singles
|player|p1|sharkerthantheteal|cynthia-gen4|1206
|player|p2|juhaaaa|169|1158
|gen|9
|tier|[Gen 9] OU
|rated|
|rule|HP Percentage Mod: HP is shown in percentages
|rule|Endless Battle Clause: Forcing endless battles is banned
|rule|Species Clause: Limit one of each Pokémon
|rule|OHKO Clause: OHKO moves are banned
|rule|Evasion Items Clause: Evasion items are banned
|rule|Evasion Moves Clause: Evasion moves are banned
|rule|Evasion Abilities Clause: Evasion abilities are banned
|rule|Sleep Moves Clause: Sleep-inducing moves are banned
|clearpoke
|poke|p1|Heatran, F|
|poke|p1|Cinderace, M|
|poke|p1|Skeledirge, F|
|poke|p1|Iron Moth|
|poke|p1|Entei|
|poke|p1|Torkoal, M|
|poke|p2|Kingambit, F|
|poke|p2|Alomomola, M|
|poke|p2|Great Tusk|
|poke|p2|Kyurem|
|poke|p2|Ogerpon-Wellspring, F|
|poke|p2|Slowking-Galar, M|
|teampreview
|c|☆juhaaaa|hello
|j| GruesomeLovelies
|c|☆sharkerthantheteal|hello again
|
|t:|1776214174
|teamsize|p1|6
|teamsize|p2|6
|start
|switch|p1a: Heatran|Heatran, F|100/100
|switch|p2a: Great Tusk|Great Tusk|100/100
|-enditem|p2a: Great Tusk|Booster Energy
|-activate|p2a: Great Tusk|ability: Protosynthesis|[fromitem]
|-start|p2a: Great Tusk|protosynthesisatk
|turn|1
|
|t:|1776214183
|-terastallize|p1a: Heatran|Grass
|move|p2a: Great Tusk|Stealth Rock|p1a: Heatran
|-sidestart|p1: sharkerthantheteal|move: Stealth Rock
|move|p1a: Heatran|Magma Storm|p2a: Great Tusk
|-damage|p2a: Great Tusk|42/100
|-activate|p2a: Great Tusk|move: Magma Storm|[of] p1a: Heatran
|
|-damage|p2a: Great Tusk|29/100|[from] move: Magma Storm|[partiallytrapped]
|upkeep
|turn|2
|
|t:|1776214191
|move|p2a: Great Tusk|Body Press|p1a: Heatran
|-damage|p1a: Heatran|57/100
|move|p1a: Heatran|Taunt|p2a: Great Tusk
|-start|p2a: Great Tusk|move: Taunt
|
|-heal|p1a: Heatran|64/100|[from] item: Leftovers
|-damage|p2a: Great Tusk|17/100|[from] move: Magma Storm|[partiallytrapped]
|upkeep
|turn|3
|
|t:|1776214204
|move|p2a: Great Tusk|Body Press|p1a: Heatran
|-damage|p1a: Heatran|22/100
|move|p1a: Heatran|Stealth Rock|p2a: Great Tusk
|-sidestart|p2: juhaaaa|move: Stealth Rock
|
|-heal|p1a: Heatran|28/100|[from] item: Leftovers
|-damage|p2a: Great Tusk|4/100|[from] move: Magma Storm|[partiallytrapped]
|upkeep
|turn|4
|
|t:|1776214217
|move|p2a: Great Tusk|Rapid Spin|p1a: Heatran
|-damage|p1a: Heatran|8/100
|-boost|p2a: Great Tusk|spe|1
|-sideend|p2: juhaaaa|Stealth Rock|[from] move: Rapid Spin|[of] p2a: Great Tusk
|-end|p2a: Great Tusk|Magma Storm|[partiallytrapped]
|move|p1a: Heatran|Earth Power|p2a: Great Tusk
|-damage|p2a: Great Tusk|0 fnt
|faint|p2a: Great Tusk
|-end|p2a: Great Tusk|Protosynthesis|[silent]
|
|-heal|p1a: Heatran|14/100|[from] item: Leftovers
|upkeep
|
|t:|1776214237
|switch|p2a: Kyurem|Kyurem|100/100
|-ability|p2a: Kyurem|Pressure
|turn|5
|
|t:|1776214241
|move|p2a: Kyurem|Earth Power|p1a: Heatran
|-resisted|p1a: Heatran
|-damage|p1a: Heatran|5/100
|move|p1a: Heatran|Magma Storm|p2a: Kyurem|[miss]
|-miss|p1a: Heatran|p2a: Kyurem
|
|-heal|p1a: Heatran|11/100|[from] item: Leftovers
|upkeep
|turn|6
|
|t:|1776214249
|move|p2a: Kyurem|Earth Power|p1a: Heatran
|-resisted|p1a: Heatran
|-damage|p1a: Heatran|1/100
|move|p1a: Heatran|Taunt|p2a: Kyurem
|-start|p2a: Kyurem|move: Taunt
|
|-heal|p1a: Heatran|7/100|[from] item: Leftovers
|upkeep
|turn|7
|c|☆juhaaaa|no switching???
|
|t:|1776214258
|move|p2a: Kyurem|Draco Meteor|p1a: Heatran
|-damage|p1a: Heatran|0 fnt
|-unboost|p2a: Kyurem|spa|2
|faint|p1a: Heatran
|
|upkeep
|inactive|Battle timer is ON: inactive players will automatically lose when time's up. (requested by juhaaaa)
|
|t:|1776214264
|switch|p1a: Torkoal|Torkoal, M|100/100
|-weather|SunnyDay|[from] ability: Drought|[of] p1a: Torkoal
|turn|8
|
|t:|1776214269
|switch|p2a: Alomomola|Alomomola, M|100/100
|move|p1a: Torkoal|Rapid Spin|p2a: Alomomola
|-damage|p2a: Alomomola|95/100
|-boost|p1a: Torkoal|spe|1
|-sideend|p1: sharkerthantheteal|Stealth Rock|[from] move: Rapid Spin|[of] p1a: Torkoal
|
|-weather|SunnyDay|[upkeep]
|upkeep
|turn|9
|
|t:|1776214295
|move|p2a: Alomomola|Flip Turn|p1a: Torkoal
|-supereffective|p1a: Torkoal
|-crit|p1a: Torkoal
|-damage|p1a: Torkoal|88/100
|
|t:|1776214298
|switch|p2a: Slowking|Slowking-Galar, M|100/100|[from] Flip Turn
|move|p1a: Torkoal|Lava Plume|p2a: Slowking
|-damage|p2a: Slowking|80/100
|
|-weather|SunnyDay|[upkeep]
|upkeep
|turn|10
|
|t:|1776214306
|move|p1a: Torkoal|Earth Power|p2a: Slowking
|-supereffective|p2a: Slowking
|-damage|p2a: Slowking|60/100
|-prepare|p2a: Slowking|Chilly Reception|[premajor]
|move|p2a: Slowking|Chilly Reception|p2a: Slowking
|-weather|Snowscape
|
|t:|1776214328
|switch|p2a: Ogerpon|Ogerpon-Wellspring, F|100/100|[from] Chilly Reception
|
|-weather|Snowscape|[upkeep]
|upkeep
|turn|11
|
|t:|1776214342
|-terastallize|p2a: Ogerpon|Water
|detailschange|p2a: Ogerpon|Ogerpon-Wellspring-Tera, F, tera:Water
|-ability|p2a: Ogerpon|Embody Aspect (Wellspring)|boost
|-boost|p2a: Ogerpon|spd|1
|move|p2a: Ogerpon|Ivy Cudgel|p1a: Torkoal|[anim] Ivy Cudgel Water
|-supereffective|p1a: Torkoal
|-damage|p1a: Torkoal|0 fnt
|faint|p1a: Torkoal
|
|-weather|Snowscape|[upkeep]
|upkeep
|
|t:|1776214367
|switch|p1a: Entei|Entei|100/100
|-ability|p1a: Entei|Pressure
|turn|12
|
|t:|1776214376
|move|p1a: Entei|Extreme Speed|p2a: Ogerpon
|-damage|p2a: Ogerpon|41/100
|move|p2a: Ogerpon|Ivy Cudgel|p1a: Entei|[anim] Ivy Cudgel Water
|-supereffective|p1a: Entei
|-damage|p1a: Entei|0 fnt
|faint|p1a: Entei
|
|-weather|Snowscape|[upkeep]
|upkeep
|
|t:|1776214383
|switch|p1a: Cinderace|Cinderace, M|100/100
|turn|13
|
|t:|1776214388
|switch|p2a: Alomomola|Alomomola, M|100/100
|move|p1a: Cinderace|U-turn|p2a: Alomomola
|-start|p1a: Cinderace|typechange|Bug|[from] ability: Libero
|-damage|p2a: Alomomola|81/100
|
|t:|1776214395
|switch|p1a: Iron Moth|Iron Moth|100/100|[from] U-turn
|-enditem|p1a: Iron Moth|Booster Energy
|-activate|p1a: Iron Moth|ability: Quark Drive|[fromitem]
|-start|p1a: Iron Moth|quarkdrivespa
|
|-weather|Snowscape|[upkeep]
|upkeep
|turn|14
|
|t:|1776214409
|move|p1a: Iron Moth|Substitute|p1a: Iron Moth
|-start|p1a: Iron Moth|Substitute
|-damage|p1a: Iron Moth|76/100
|move|p2a: Alomomola|Scald|p1a: Iron Moth
|-supereffective|p1a: Iron Moth
|-end|p1a: Iron Moth|Substitute
|
|-weather|none
|upkeep
|turn|15
|
|t:|1776214417
|move|p1a: Iron Moth|Energy Ball|p2a: Alomomola
|-supereffective|p2a: Alomomola
|-damage|p2a: Alomomola|0 fnt
|faint|p2a: Alomomola
|
|upkeep
|
|t:|1776214439
|switch|p2a: Kyurem|Kyurem|100/100
|-ability|p2a: Kyurem|Pressure
|turn|16
|
|t:|1776214445
|move|p1a: Iron Moth|Substitute|p1a: Iron Moth
|-start|p1a: Iron Moth|Substitute
|-damage|p1a: Iron Moth|51/100
|move|p2a: Kyurem|Earth Power|p1a: Iron Moth
|-supereffective|p1a: Iron Moth
|-end|p1a: Iron Moth|Substitute
|
|upkeep
|turn|17
|
|t:|1776214451
|move|p1a: Iron Moth|Fiery Dance|p2a: Kyurem
|-damage|p2a: Kyurem|47/100
|-boost|p1a: Iron Moth|spa|1
|move|p2a: Kyurem|Earth Power|p1a: Iron Moth
|-supereffective|p1a: Iron Moth
|-damage|p1a: Iron Moth|0 fnt
|faint|p1a: Iron Moth
|-end|p1a: Iron Moth|Quark Drive|[silent]
|
|upkeep
|
|t:|1776214464
|switch|p1a: Skeledirge|Skeledirge, F|100/100
|turn|18
|
|t:|1776214476
|move|p2a: Kyurem|Earth Power|p1a: Skeledirge
|-supereffective|p1a: Skeledirge
|-crit|p1a: Skeledirge
|-damage|p1a: Skeledirge|0 fnt
|faint|p1a: Skeledirge
|
|upkeep
|
|t:|1776214481
|switch|p1a: Cinderace|Cinderace, M|100/100
|turn|19
|
|t:|1776214488
|move|p1a: Cinderace|Pyro Ball|p2a: Kyurem|[miss]
|-miss|p1a: Cinderace|p2a: Kyurem
|move|p2a: Kyurem|Draco Meteor|p1a: Cinderace
|-damage|p1a: Cinderace|3/100
|-unboost|p2a: Kyurem|spa|2
|
|upkeep
|turn|20
|c|☆sharkerthantheteal|gg
|
|t:|1776214496
|move|p1a: Cinderace|Pyro Ball|p2a: Kyurem
|-damage|p2a: Kyurem|0 fnt
|faint|p2a: Kyurem
|
|upkeep
|c|☆juhaaaa|gg
|
|t:|1776214499
|switch|p2a: Kingambit|Kingambit, F|100/100
|-activate|p2a: Kingambit|ability: Supreme Overlord
|-start|p2a: Kingambit|fallen3|[silent]
|turn|21
|
|t:|1776214503
|move|p2a: Kingambit|Sucker Punch||[still]
|-fail|p2a: Kingambit
|move|p1a: Cinderace|Court Change||[still]
|-start|p1a: Cinderace|typechange|Normal|[from] ability: Libero
|-fail|p1a: Cinderace
|
|upkeep
|turn|22
|
|t:|1776214509
|move|p2a: Kingambit|Sucker Punch|p1a: Cinderace
|-damage|p1a: Cinderace|0 fnt
|faint|p1a: Cinderace
|
|win|juhaaaa
|raw|sharkerthantheteal's rating: 1206 &rarr; <strong>1178</strong><br />(-28 for losing)
|raw|juhaaaa's rating: 1158 &rarr; <strong>1186</strong><br />(+28 for winning)
