|html|<div class="broadcast-blue"><strong>[Gen 9] OU is currently suspecting Volcarona! For information on how to participate check out the <a href="https://www.smogon.com/tools/suspects/view/208">suspect thread</a>.</strong></div>
|j|☆DrgFlyKng
|j|☆dafix
|t:|1778502915
|gametype|singles
|player|p1|DrgFlyKng|101|1289
|player|p2|dafix|wattson|1396
|gen|9
|tier|[Gen 9] OU
|rated|
|rule|HP Percentage Mod: HP is shown in percentages
|rule|Endless Battle Clause: Forcing endless battles is banned
|rule|Species Clause: Limit one of each Pokémon
|rule|OHKO Clause: OHKO moves are banned
|rule|Evasion Items Clause: Evasion items are banned
|rule|Evasion Moves Clause: Evasion moves are banned
|rule|Evasion Abilities Clause: Evasion abilities are banned
|rule|Sleep Moves Clause: Sleep-inducing moves are banned
|clearpoke
|poke|p1|Iron Crown|
|poke|p1|Weezing-Galar, F|
|poke|p1|Iron Valiant|
|poke|p1|Gastrodon-East, F|
|poke|p1|Meowscarada, M|
|poke|p1|Skeledirge, M|
|poke|p2|Great Tusk|
|poke|p2|Walking Wake|
|poke|p2|Kingambit, F|
|poke|p2|Venusaur, M|
|poke|p2|Ninetales, F|
|poke|p2|Raging Bolt|
|teampreview
|
|t:|1778502922
|teamsize|p1|6
|teamsize|p2|6
|start
|switch|p1a: Iron Crown|Iron Crown|100/100
|switch|p2a: Ninetales|Ninetales, F|100/100
|-weather|SunnyDay|[from] ability: Drought|[of] p2a: Ninetales
|turn|1
|inactive|Battle timer is ON: inactive players will automatically lose when time's up. (requested by DrgFlyKng)
|
|t:|1778502928
|move|p1a: Iron Crown|Volt Switch|p2a: Ninetales
|-damage|p2a: Ninetales|78/100
|
|t:|1778502932
|-end|p1a: Iron Crown|Quark Drive|[silent]
|switch|p1a: Skeledirge|Skeledirge, M, shiny|100/100|[from] Volt Switch
|move|p2a: Ninetales|Weather Ball|p1a: Skeledirge
|-resisted|p1a: Skeledirge
|-damage|p1a: Skeledirge|78/100
|
|-weather|SunnyDay|[upkeep]
|upkeep
|turn|2
|
|t:|1778502939
|switch|p2a: Walking Wake|Walking Wake|100/100
|-activate|p2a: Walking Wake|ability: Protosynthesis
|-start|p2a: Walking Wake|protosynthesisspe
|move|p1a: Skeledirge|Torch Song|p2a: Walking Wake
|-resisted|p2a: Walking Wake
|-damage|p2a: Walking Wake|87/100
|-boost|p1a: Skeledirge|spa|1
|
|-weather|SunnyDay|[upkeep]
|upkeep
|turn|3
|
|t:|1778502944
|switch|p1a: Gastrodon|Gastrodon-East, F, shiny|100/100
|move|p2a: Walking Wake|Hydro Steam|p1a: Gastrodon
|-ability|p1a: Gastrodon|Storm Drain|boost
|-boost|p1a: Gastrodon|spa|1
|
|-weather|SunnyDay|[upkeep]
|upkeep
|turn|4
|
|t:|1778502947
|-end|p2a: Walking Wake|Protosynthesis|[silent]
|switch|p2a: Venusaur|Venusaur, M|100/100
|move|p1a: Gastrodon|Stealth Rock|p2a: Venusaur
|-sidestart|p2: dafix|move: Stealth Rock
|
|-weather|SunnyDay|[upkeep]
|upkeep
|turn|5
|
|t:|1778502954
|move|p2a: Venusaur|Growth|p2a: Venusaur
|-boost|p2a: Venusaur|atk|2
|-boost|p2a: Venusaur|spa|2
|move|p1a: Gastrodon|Ice Beam|p2a: Venusaur
|-supereffective|p2a: Venusaur
|-damage|p2a: Venusaur|33/100
|
|-weather|SunnyDay|[upkeep]
|upkeep
|turn|6
|
|t:|1778502960
|switch|p1a: Skeledirge|Skeledirge, M, shiny|78/100
|move|p2a: Venusaur|Giga Drain|p1a: Skeledirge
|-resisted|p1a: Skeledirge
|-damage|p1a: Skeledirge|56/100
|-heal|p2a: Venusaur|48/100|[from] drain|[of] p1a: Skeledirge
|-damage|p2a: Venusaur|38/100|[from] item: Life Orb
|
|-weather|SunnyDay|[upkeep]
|upkeep
|turn|7
|
|t:|1778502967
|move|p2a: Venusaur|Weather Ball|p1a: Skeledirge
|-resisted|p1a: Skeledirge
|-damage|p1a: Skeledirge|26/100
|-damage|p2a: Venusaur|28/100|[from] item: Life Orb
|move|p1a: Skeledirge|Torch Song|p2a: Venusaur
|-supereffective|p2a: Venusaur
|-damage|p2a: Venusaur|0 fnt
|-boost|p1a: Skeledirge|spa|1
|faint|p2a: Venusaur
|
|-weather|SunnyDay|[upkeep]
|upkeep
|
|t:|1778502975
|switch|p2a: Walking Wake|Walking Wake|87/100
|-damage|p2a: Walking Wake|75/100|[from] Stealth Rock
|-activate|p2a: Walking Wake|ability: Protosynthesis
|-start|p2a: Walking Wake|protosynthesisspe
|turn|8
|
|t:|1778502979
|switch|p1a: Gastrodon|Gastrodon-East, F, shiny|100/100
|move|p2a: Walking Wake|Draco Meteor|p1a: Gastrodon
|-damage|p1a: Gastrodon|55/100
|-unboost|p2a: Walking Wake|spa|2
|
|-weather|none
|-end|p2a: Walking Wake|Protosynthesis
|-heal|p1a: Gastrodon|61/100|[from] item: Leftovers
|upkeep
|turn|9
|
|t:|1778502984
|-end|p2a: Walking Wake|Protosynthesis|[silent]
|switch|p2a: Ninetales|Ninetales, F|78/100
|-damage|p2a: Ninetales|53/100|[from] Stealth Rock
|-weather|SunnyDay|[from] ability: Drought|[of] p2a: Ninetales
|move|p1a: Gastrodon|Recover|p1a: Gastrodon
|-heal|p1a: Gastrodon|100/100
|
|-weather|SunnyDay|[upkeep]
|upkeep
|turn|10
|
|t:|1778502990
|switch|p1a: Skeledirge|Skeledirge, M, shiny|26/100
|move|p2a: Ninetales|Encore||[still]
|-fail|p2a: Ninetales
|
|-weather|SunnyDay|[upkeep]
|upkeep
|turn|11
|
|t:|1778502993
|move|p2a: Ninetales|Weather Ball|p1a: Skeledirge
|-resisted|p1a: Skeledirge
|-damage|p1a: Skeledirge|4/100
|move|p1a: Skeledirge|Slack Off|p1a: Skeledirge
|-heal|p1a: Skeledirge|54/100
|
|-weather|SunnyDay|[upkeep]
|upkeep
|turn|12
|
|t:|1778502998
|move|p2a: Ninetales|Encore|p1a: Skeledirge
|-start|p1a: Skeledirge|Encore
|move|p1a: Skeledirge|Slack Off|p1a: Skeledirge
|-heal|p1a: Skeledirge|100/100
|
|-weather|SunnyDay|[upkeep]
|upkeep
|turn|13
|
|t:|1778503011
|switch|p2a: Great Tusk|Great Tusk|100/100
|-damage|p2a: Great Tusk|98/100|[from] Stealth Rock
|-activate|p2a: Great Tusk|ability: Protosynthesis
|-start|p2a: Great Tusk|protosynthesisatk
|switch|p1a: Gastrodon|Gastrodon-East, F, shiny|100/100
|
|-weather|SunnyDay|[upkeep]
|upkeep
|turn|14
|
|t:|1778503017
|switch|p1a: Weezing|Weezing-Galar, F, shiny|100/100
|move|p2a: Great Tusk|Rapid Spin|p1a: Weezing
|-damage|p1a: Weezing|85/100
|-boost|p2a: Great Tusk|spe|1
|-sideend|p2: dafix|Stealth Rock|[from] move: Rapid Spin|[of] p2a: Great Tusk
|
|-weather|SunnyDay|[upkeep]
|-heal|p1a: Weezing|91/100|[from] item: Black Sludge
|upkeep
|turn|15
|
|t:|1778503024
|move|p2a: Great Tusk|Headlong Rush|p1a: Weezing
|-immune|p1a: Weezing|[from] ability: Levitate
|move|p1a: Weezing|Will-O-Wisp|p2a: Great Tusk
|-status|p2a: Great Tusk|brn
|
|-weather|SunnyDay|[upkeep]
|-heal|p1a: Weezing|97/100|[from] item: Black Sludge
|-damage|p2a: Great Tusk|91/100 brn|[from] brn
|upkeep
|turn|16
|-message|dafix forfeited.
|
|win|DrgFlyKng
|raw|DrgFlyKng's rating: 1289 &rarr; <strong>1321</strong><br />(+32 for winning)
|raw|dafix's rating: 1396 &rarr; <strong>1370</strong><br />(-26 for losing)
|l|☆dafix
|player|p2|
