|html|<div class="broadcast-blue"><strong>[Gen 9] OU is currently suspecting Tera Blast! For information on how to participate check out the <a href="https://www.smogon.com/tools/suspects/view/200">suspect thread</a>.</strong></div>
|j|☆feebaccs
|j|☆dummydraedon
|t:|1776236231
|gametype|singles
|player|p1|feebaccs|morty|1392
|player|p2|dummydraedon|169|1474
|gen|9
|tier|[Gen 9] OU
|rated|
|rule|HP Percentage Mod: HP is shown in percentages
|rule|Endless Battle Clause: Forcing endless battles is banned
|rule|Species Clause: Limit one of each Pokémon
|rule|OHKO Clause: OHKO moves are banned
|rule|Evasion Items Clause: Evasion items are banned
|rule|Evasion Moves Clause: Evasion moves are banned
|rule|Evasion Abilities Clause: Evasion abilities are banned
|rule|Sleep Moves Clause: Sleep-inducing moves are banned
|clearpoke
|poke|p1|Hydrapple, M|
|poke|p1|Tyranitar, F|
|poke|p1|Moltres|
|poke|p1|Zamazenta-*|
|poke|p1|Slowking-Galar, F|
|poke|p1|Excadrill, F|
|poke|p2|Vaporeon, M|
|poke|p2|Tinkaton, F|
|poke|p2|Pelipper, M|
|poke|p2|Excadrill, M|
|poke|p2|Barraskewda, M|
|poke|p2|Zoroark-Hisui, M|
|teampreview
|inactive|Battle timer is ON: inactive players will automatically lose when time's up. (requested by feebaccs)
|inactive|feebaccs has 120 seconds left.
|
|t:|1776236290
|teamsize|p1|6
|teamsize|p2|6
|start
|switch|p1a: Hydrapple|Hydrapple, M|100/100
|switch|p2a: bird in vap|Pelipper, M|100/100
|turn|1
|
|t:|1776236308
|switch|p2a: I smash vap|Tinkaton, F, shiny|100/100
|-ability|p2a: I smash vap|Mold Breaker
|move|p1a: Hydrapple|Nasty Plot|p1a: Hydrapple
|-boost|p1a: Hydrapple|spa|2
|
|upkeep
|turn|2
|
|t:|1776236319
|switch|p1a: Excadrill|Excadrill, F|100/100
|-item|p1a: Excadrill|Air Balloon
|move|p2a: I smash vap|Thunder Wave|p1a: Excadrill
|-immune|p1a: Excadrill
|
|upkeep
|turn|3
|
|t:|1776236341
|move|p1a: Excadrill|Earthquake|p2a: I smash vap
|-supereffective|p2a: I smash vap
|-crit|p2a: I smash vap
|-damage|p2a: I smash vap|0 fnt
|faint|p2a: I smash vap
|
|upkeep
|
|t:|1776236351
|switch|p2a: bird in vap|Pelipper, M|100/100
|-weather|RainDance|[from] ability: Drizzle|[of] p2a: bird in vap
|turn|4
|inactive|feebaccs has 120 seconds left.
|c|☆feebaccs|why didnt that activate on first switchin?
|inactive|feebaccs has 90 seconds left.
|
|t:|1776236404
|switch|p1a: Slowking|Slowking-Galar, F|100/100
|move|p2a: bird in vap|U-turn|p1a: Slowking
|-damage|p1a: Slowking|94/100
|c|☆dummydraedon|I dunnooo~
|
|t:|1776236422
|switch|p2a: digging in vap|Excadrill, M, shiny|100/100|[from] U-turn
|
|-weather|RainDance|[upkeep]
|upkeep
|turn|5
|
|t:|1776236429
|switch|p1a: Hydrapple|Hydrapple, M|100/100
|move|p2a: digging in vap|Trick|p1a: Hydrapple
|-activate|p2a: digging in vap|move: Trick|[of] p1a: Hydrapple
|-item|p1a: Hydrapple|Choice Scarf|[from] move: Trick
|-item|p2a: digging in vap|Heavy-Duty Boots|[from] move: Trick
|
|-weather|RainDance|[upkeep]
|upkeep
|turn|6
|
|t:|1776236440
|switch|p2a: vap|Vaporeon, M|100/100
|move|p1a: Hydrapple|Giga Drain|p2a: vap
|-supereffective|p2a: vap
|-damage|p2a: vap|54/100
|
|-weather|RainDance|[upkeep]
|-heal|p2a: vap|60/100|[from] item: Leftovers
|upkeep
|turn|7
|
|t:|1776236446
|switch|p1a: Slowking|Slowking-Galar, F|100/100
|-terastallize|p2a: vap|Poison
|move|p2a: vap|Scald|p1a: Slowking
|-crit|p1a: Slowking
|-damage|p1a: Slowking|67/100
|
|-weather|RainDance|[upkeep]
|-heal|p2a: vap|66/100|[from] item: Leftovers
|upkeep
|turn|8
|
|t:|1776236451
|move|p2a: vap|Wish|p2a: vap
|move|p1a: Slowking|Psyshock|p2a: vap
|-supereffective|p2a: vap
|-damage|p2a: vap|18/100
|
|-weather|none
|-heal|p2a: vap|24/100|[from] item: Leftovers
|upkeep
|turn|9
|inactive|feebaccs has 120 seconds left.
|
|t:|1776236458
|switch|p1a: Excadrill|Excadrill, F|100/100
|-item|p1a: Excadrill|Air Balloon
|move|p2a: vap|Scald|p1a: Excadrill
|-supereffective|p1a: Excadrill
|-damage|p1a: Excadrill|17/100
|-status|p1a: Excadrill|brn
|-enditem|p1a: Excadrill|Air Balloon
|
|-heal|p2a: vap|74/100|[from] move: Wish|[wisher] vap
|-heal|p2a: vap|81/100|[from] item: Leftovers
|-damage|p1a: Excadrill|11/100 brn|[from] brn
|upkeep
|turn|10
|c|☆feebaccs|bro
|c|☆feebaccs|why not click protect
|
|t:|1776236467
|move|p2a: vap|Protect|p2a: vap
|-singleturn|p2a: vap|Protect
|move|p1a: Excadrill|Earthquake|p2a: vap
|-activate|p2a: vap|move: Protect
|
|-heal|p2a: vap|87/100|[from] item: Leftovers
|-damage|p1a: Excadrill|5/100 brn|[from] brn
|upkeep
|turn|11
|c|☆dummydraedon|i knew youd switch >:D
|
|t:|1776236479
|switch|p2a: bird in vap|Pelipper, M|100/100
|-weather|RainDance|[from] ability: Drizzle|[of] p2a: bird in vap
|move|p1a: Excadrill|Earthquake|p2a: bird in vap
|-immune|p2a: bird in vap
|
|-weather|RainDance|[upkeep]
|-damage|p1a: Excadrill|0 fnt|[from] brn
|faint|p1a: Excadrill
|upkeep
|
|t:|1776236484
|switch|p1a: Tyranitar|Tyranitar, F|100/100
|-weather|Sandstorm|[from] ability: Sand Stream|[of] p1a: Tyranitar
|turn|12
|
|t:|1776236487
|move|p2a: bird in vap|U-turn|p1a: Tyranitar
|-supereffective|p1a: Tyranitar
|-crit|p1a: Tyranitar
|-damage|p1a: Tyranitar|82/100
|
|t:|1776236490
|switch|p2a: digging in vap|Excadrill, M, shiny|100/100|[from] U-turn
|move|p1a: Tyranitar|Knock Off|p2a: digging in vap
|-supereffective|p2a: digging in vap
|-damage|p2a: digging in vap|0 fnt
|replace|p2a: i think im vap|Zoroark-Hisui, M
|-end|p2a: i think im vap|Illusion
|-enditem|p2a: i think im vap|Heavy-Duty Boots|[from] move: Knock Off|[of] p1a: Tyranitar
|faint|p2a: i think im vap
|
|-weather|Sandstorm|[upkeep]
|upkeep
|
|t:|1776236495
|switch|p2a: fish in vap|Barraskewda, M|100/100
|turn|13
|
|t:|1776236511
|switch|p1a: Hydrapple|Hydrapple, M|100/100
|move|p2a: fish in vap|Close Combat|p1a: Hydrapple
|-damage|p1a: Hydrapple|68/100
|-unboost|p2a: fish in vap|def|1
|-unboost|p2a: fish in vap|spd|1
|-damage|p2a: fish in vap|91/100|[from] item: Life Orb
|
|-weather|Sandstorm|[upkeep]
|-damage|p2a: fish in vap|85/100|[from] Sandstorm
|-damage|p1a: Hydrapple|61/100|[from] Sandstorm
|upkeep
|turn|14
|
|t:|1776236516
|switch|p2a: vap|Vaporeon, M, tera:Poison|87/100
|move|p1a: Hydrapple|Giga Drain|p2a: vap
|-resisted|p2a: vap
|-damage|p2a: vap|74/100
|-heal|p1a: Hydrapple|69/100|[from] drain|[of] p2a: vap
|
|-weather|Sandstorm|[upkeep]
|-damage|p1a: Hydrapple|62/100|[from] Sandstorm
|-damage|p2a: vap|68/100|[from] Sandstorm
|-heal|p2a: vap|74/100|[from] item: Leftovers
|upkeep
|turn|15
|
|t:|1776236525
|switch|p1a: Slowking|Slowking-Galar, F|100/100
|move|p2a: vap|Scald|p1a: Slowking
|-damage|p1a: Slowking|84/100
|-status|p1a: Slowking|brn
|
|-weather|Sandstorm|[upkeep]
|-damage|p2a: vap|68/100|[from] Sandstorm
|-damage|p1a: Slowking|78/100 brn|[from] Sandstorm
|-heal|p2a: vap|74/100|[from] item: Leftovers
|-damage|p1a: Slowking|72/100 brn|[from] brn
|upkeep
|turn|16
|
|t:|1776236534
|move|p2a: vap|Protect|p2a: vap
|-singleturn|p2a: vap|Protect
|move|p1a: Slowking|Psyshock|p2a: vap
|-activate|p2a: vap|move: Protect
|
|-weather|Sandstorm|[upkeep]
|-damage|p2a: vap|68/100|[from] Sandstorm
|-damage|p1a: Slowking|66/100 brn|[from] Sandstorm
|-heal|p2a: vap|74/100|[from] item: Leftovers
|-damage|p1a: Slowking|60/100 brn|[from] brn
|upkeep
|turn|17
|
|t:|1776236537
|move|p2a: vap|Wish|p2a: vap
|move|p1a: Slowking|Psyshock|p2a: vap
|-supereffective|p2a: vap
|-crit|p2a: vap
|-damage|p2a: vap|4/100
|
|-weather|Sandstorm|[upkeep]
|-damage|p2a: vap|0 fnt|[from] Sandstorm
|-damage|p1a: Slowking|54/100 brn|[from] Sandstorm
|faint|p2a: vap
|-damage|p1a: Slowking|48/100 brn|[from] brn
|upkeep
|
|t:|1776236546
|switch|p2a: digging in vap|Excadrill, M, shiny|100/100
|-ability|p2a: digging in vap|Mold Breaker
|-item|p2a: digging in vap|Air Balloon
|turn|18
|
|t:|1776236557
|switch|p1a: Hydrapple|Hydrapple, M|96/100
|move|p2a: digging in vap|Swords Dance|p2a: digging in vap
|-boost|p2a: digging in vap|atk|2
|
|-weather|Sandstorm|[upkeep]
|-damage|p1a: Hydrapple|90/100|[from] Sandstorm
|upkeep
|turn|19
|
|t:|1776236561
|move|p2a: digging in vap|Rock Slide|p1a: Hydrapple
|-damage|p1a: Hydrapple|59/100
|move|p1a: Hydrapple|Giga Drain|p2a: digging in vap
|-damage|p2a: digging in vap|55/100
|-heal|p1a: Hydrapple|80/100|[from] drain|[of] p2a: digging in vap
|-enditem|p2a: digging in vap|Air Balloon
|
|-weather|none
|upkeep
|turn|20
|
|t:|1776236568
|move|p2a: digging in vap|Earthquake|p1a: Hydrapple
|-resisted|p1a: Hydrapple
|-crit|p1a: Hydrapple
|-damage|p1a: Hydrapple|31/100
|move|p1a: Hydrapple|Giga Drain|p2a: digging in vap
|-damage|p2a: digging in vap|10/100
|-heal|p1a: Hydrapple|51/100|[from] drain|[of] p2a: digging in vap
|
|upkeep
|turn|21
|
|t:|1776236573
|move|p2a: digging in vap|Rock Slide|p1a: Hydrapple
|-damage|p1a: Hydrapple|19/100
|move|p1a: Hydrapple|Giga Drain|p2a: digging in vap
|-crit|p2a: digging in vap
|-damage|p2a: digging in vap|0 fnt
|-heal|p1a: Hydrapple|23/100|[from] drain|[of] p2a: digging in vap
|faint|p2a: digging in vap
|
|upkeep
|c|☆dummydraedon|hoping for flinch there, ggs brodyy
|
|t:|1776236586
|switch|p2a: bird in vap|Pelipper, M|100/100
|-weather|RainDance|[from] ability: Drizzle|[of] p2a: bird in vap
|turn|22
|
|t:|1776236590
|move|p2a: bird in vap|Hurricane|p1a: Hydrapple
|-supereffective|p1a: Hydrapple
|-damage|p1a: Hydrapple|0 fnt
|faint|p1a: Hydrapple
|
|-weather|RainDance|[upkeep]
|upkeep
|
|t:|1776236593
|switch|p1a: Tyranitar|Tyranitar, F|82/100
|-weather|Sandstorm|[from] ability: Sand Stream|[of] p1a: Tyranitar
|turn|23
|
|t:|1776236596
|switch|p2a: fish in vap|Barraskewda, M|85/100
|move|p1a: Tyranitar|Knock Off|p2a: fish in vap
|-damage|p2a: fish in vap|0 fnt
|-enditem|p2a: fish in vap|Life Orb|[from] move: Knock Off|[of] p1a: Tyranitar
|faint|p2a: fish in vap
|
|-weather|Sandstorm|[upkeep]
|upkeep
|
|t:|1776236600
|switch|p2a: bird in vap|Pelipper, M|100/100
|-weather|RainDance|[from] ability: Drizzle|[of] p2a: bird in vap
|turn|24
|
|t:|1776236604
|move|p2a: bird in vap|Hydro Pump|p1a: Tyranitar
|-supereffective|p1a: Tyranitar
|-damage|p1a: Tyranitar|0 fnt
|faint|p1a: Tyranitar
|
|-weather|RainDance|[upkeep]
|upkeep
|
|t:|1776236612
|switch|p1a: Slowking|Slowking-Galar, F|81/100 brn
|turn|25
|
|t:|1776236615
|move|p2a: bird in vap|Hydro Pump|p1a: Slowking
|-damage|p1a: Slowking|45/100 brn
|move|p1a: Slowking|Sludge Bomb|p2a: bird in vap
|-damage|p2a: bird in vap|46/100
|
|-weather|RainDance|[upkeep]
|-damage|p1a: Slowking|39/100 brn|[from] brn
|upkeep
|turn|26
|
|t:|1776236620
|move|p2a: bird in vap|Hydro Pump|p1a: Slowking
|-damage|p1a: Slowking|0 fnt
|faint|p1a: Slowking
|
|-weather|RainDance|[upkeep]
|upkeep
|
|t:|1776236624
|switch|p1a: Zamazenta|Zamazenta|100/100
|-ability|p1a: Zamazenta|Dauntless Shield|boost
|-boost|p1a: Zamazenta|def|1
|turn|27
|
|t:|1776236632
|-terastallize|p1a: Zamazenta|Fire
|move|p1a: Zamazenta|Body Press|p2a: bird in vap
|-resisted|p2a: bird in vap
|-damage|p2a: bird in vap|9/100
|move|p2a: bird in vap|Hydro Pump|p1a: Zamazenta
|-supereffective|p1a: Zamazenta
|-damage|p1a: Zamazenta|0 fnt
|faint|p1a: Zamazenta
|
|-weather|RainDance|[upkeep]
|upkeep
|c|☆dummydraedon|no way
|
|t:|1776236639
|switch|p1a: Moltres|Moltres|100/100
|turn|28
|
|t:|1776236642
|move|p2a: bird in vap|Hydro Pump|p1a: Moltres
|-supereffective|p1a: Moltres
|-damage|p1a: Moltres|0 fnt
|faint|p1a: Moltres
|
|win|dummydraedon
|raw|feebaccs's rating: 1392 &rarr; <strong>1377</strong><br />(-15 for losing)
|raw|dummydraedon's rating: 1474 &rarr; <strong>1489</strong><br />(+15 for winning)
|c|☆dummydraedon|how
|c|☆feebaccs|ok you didnt miss a single hydro pump
|c|☆feebaccs|wtf
|c|☆dummydraedon|I dont know either
|c|☆dummydraedon|I accepted my lost too LOL
|c|☆feebaccs|and why tf are you specs
|c|☆feebaccs|brooo
|c|☆dummydraedon|scarf
|c|☆feebaccs|oh
|c|☆dummydraedon|teehee
|c|☆feebaccs|still why??
|c|☆dummydraedon|noone expects it
|c|☆dummydraedon|it also had ice beam
|c|☆feebaccs|doesnt mean its good ;-;
|c|☆dummydraedon|truee, its only good for first encounters
|l|☆feebaccs
|player|p1|
|c|☆dummydraedon|vaporeon <3
|l|☆dummydraedon
|player|p2|
|j|☆dummydraedon
|player|p2|dummydraedon|169|
