|j|☆aiden022688
|j|☆CharninjaGamingYT
|inactive|Battle timer is ON: inactive players will automatically lose when time's up.
|t:|1776084290
|gametype|singles
|player|p1|aiden022688|102|
|player|p2|CharninjaGamingYT|shadowtriad|
|gen|9
|tier|[Gen 9] OU
|rated|Tournament battle
|rule|HP Percentage Mod: HP is shown in percentages
|rule|Endless Battle Clause: Forcing endless battles is banned
|rule|Species Clause: Limit one of each Pokémon
|rule|OHKO Clause: OHKO moves are banned
|rule|Evasion Items Clause: Evasion items are banned
|rule|Evasion Moves Clause: Evasion moves are banned
|rule|Evasion Abilities Clause: Evasion abilities are banned
|rule|Sleep Moves Clause: Sleep-inducing moves are banned
|raw|<div class="infobox"><details class="readmore" open><summary><strong>3 custom rules:</strong></summary> -blissey, -wailord, -wobbuffet</details></div>
|clearpoke
|poke|p1|Clawitzer, M|
|poke|p1|Sunflora, M|
|poke|p1|Zoroark, F|
|poke|p1|Hitmonchan, M|
|poke|p1|Regice|
|poke|p1|Sandslash, M|
|poke|p2|Clawitzer, M|
|poke|p2|Sunflora, M|
|poke|p2|Zoroark-Hisui, F|
|poke|p2|Hitmonchan, M|
|poke|p2|Regice|
|poke|p2|Sandslash, F|
|teampreview
|inactive|aiden022688 also wants the timer to be on.
|j|*Lady Monita 
|inactive|CharninjaGamingYT also wants the timer to be on.
|j| fuecocofan6789
|c|☆aiden022688|Oh we can use hisui?
|c|☆CharninjaGamingYT|yep
|
|t:|1776084316
|teamsize|p1|6
|teamsize|p2|6
|start
|switch|p1a: Sandslash|Sandslash, M|100/100
|switch|p2a: Sandslash|Sandslash, F|100/100
|turn|1
|c|☆CharninjaGamingYT|we can use regional forms
|c|☆aiden022688|Cool
|
|t:|1776084331
|move|p1a: Sandslash|Earthquake|p2a: Sandslash
|-damage|p2a: Sandslash|57/100
|move|p2a: Sandslash|Knock Off|p1a: Sandslash
|-damage|p1a: Sandslash|77/100
|-enditem|p1a: Sandslash|Choice Scarf|[from] move: Knock Off|[of] p2a: Sandslash
|
|-heal|p2a: Sandslash|63/100|[from] item: Leftovers
|upkeep
|turn|2
|
|t:|1776084351
|move|p2a: Sandslash|Stealth Rock|p1a: Sandslash
|-sidestart|p1: aiden022688|move: Stealth Rock
|move|p1a: Sandslash|Earthquake|p2a: Sandslash
|-damage|p2a: Sandslash|17/100
|
|-heal|p2a: Sandslash|23/100|[from] item: Leftovers
|upkeep
|turn|3
|
|t:|1776084355
|move|p2a: Sandslash|Spikes|p1a: Sandslash
|-sidestart|p1: aiden022688|Spikes
|move|p1a: Sandslash|Earthquake|p2a: Sandslash
|-damage|p2a: Sandslash|0 fnt
|faint|p2a: Sandslash
|
|upkeep
|l|☆CharninjaGamingYT
|inactive|CharninjaGamingYT disconnected and has a minute to reconnect!
|player|p2|
|j|☆CharninjaGamingYT
|inactive|CharninjaGamingYT reconnected and has 120 seconds left.
|player|p2|CharninjaGamingYT|shadowtriad|
|c|☆CharninjaGamingYT|sorry bad wifi
|c|☆aiden022688|Had a heart attack
|c|☆aiden022688|I'm boutta get whooped aren't I
|
|t:|1776084406
|switch|p2a: Sunflora|Sunflora, M|100/100
|turn|4
|
|t:|1776084409
|move|p1a: Sandslash|Gunk Shot|p2a: Sunflora
|-supereffective|p2a: Sunflora
|-damage|p2a: Sunflora|0 fnt
|faint|p2a: Sunflora
|
|upkeep
|l| fuecocofan6789
|
|t:|1776084419
|switch|p2a: Regice|Regice|100/100
|turn|5
|
|t:|1776084423
|move|p1a: Sandslash|Earthquake|p2a: Regice
|-damage|p2a: Regice|53/100
|move|p2a: Regice|Ice Beam|p1a: Sandslash
|-supereffective|p1a: Sandslash
|-damage|p1a: Sandslash|0 fnt
|faint|p1a: Sandslash
|
|upkeep
|
|t:|1776084426
|switch|p1a: Flash|Hitmonchan, M|100/100
|-damage|p1a: Flash|95/100|[from] Stealth Rock
|-damage|p1a: Flash|82/100|[from] Spikes
|turn|6
|
|t:|1776084434
|switch|p2a: Hitmonchan|Hitmonchan, M|100/100
|move|p1a: Flash|Thunder Punch|p2a: Hitmonchan
|-crit|p2a: Hitmonchan
|-damage|p2a: Hitmonchan|4/100
|replace|p2a: Zoroark|Zoroark-Hisui, F
|-end|p2a: Zoroark|Illusion
|
|upkeep
|turn|7
|
|t:|1776084443
|move|p2a: Zoroark|Hyper Voice|p1a: Flash
|-damage|p1a: Flash|10/100
|-damage|p2a: Zoroark|0 fnt|[from] item: Life Orb
|faint|p2a: Zoroark
|move|p1a: Flash|Thunder Punch|p2: Zoroark|[notarget]
|-fail|p1a: Flash
|
|upkeep
|
|t:|1776084448
|switch|p2a: Hitmonchan|Hitmonchan, M|100/100
|turn|8
|
|t:|1776084450
|move|p1a: Flash|Mach Punch|p2a: Hitmonchan
|-damage|p2a: Hitmonchan|66/100
|move|p2a: Hitmonchan|Mach Punch|p1a: Flash
|-crit|p1a: Flash
|-damage|p1a: Flash|0 fnt
|faint|p1a: Flash
|
|-heal|p2a: Hitmonchan|72/100|[from] item: Leftovers
|upkeep
|
|t:|1776084457
|switch|p1a: Kaboom|Clawitzer, M|100/100
|-damage|p1a: Kaboom|88/100|[from] Stealth Rock
|-damage|p1a: Kaboom|76/100|[from] Spikes
|turn|9
|
|t:|1776084464
|switch|p2a: Clawitzer|Clawitzer, M|100/100
|-terastallize|p1a: Kaboom|Poison
|move|p1a: Kaboom|Water Pulse|p2a: Clawitzer
|-resisted|p2a: Clawitzer
|-damage|p2a: Clawitzer|60/100
|-start|p2a: Clawitzer|confusion
|
|upkeep
|turn|10
|
|t:|1776084472
|move|p1a: Kaboom|Water Pulse|p2a: Clawitzer
|-resisted|p2a: Clawitzer
|-damage|p2a: Clawitzer|17/100
|-activate|p2a: Clawitzer|confusion
|-damage|p2a: Clawitzer|11/100|[from] confusion
|
|upkeep
|turn|11
|c|☆aiden022688|Holy luck
|l|☆CharninjaGamingYT
|inactive|CharninjaGamingYT disconnected and has a minute to reconnect!
|player|p2|
|inactive|CharninjaGamingYT has 30 seconds to reconnect!
|inactive|CharninjaGamingYT has 20 seconds to reconnect!
|j|☆CharninjaGamingYT
|inactive|CharninjaGamingYT reconnected and has 90 seconds left.
|player|p2|CharninjaGamingYT|shadowtriad|
|
|t:|1776084538
|-end|p2a: Clawitzer|confusion
|move|p2a: Clawitzer|Dragon Pulse|p1a: Kaboom
|-damage|p1a: Kaboom|0 fnt
|faint|p1a: Kaboom
|
|upkeep
|
|t:|1776084552
|switch|p1a: What does this do|Regice|100/100
|-damage|p1a: What does this do|88/100|[from] Stealth Rock
|-damage|p1a: What does this do|76/100|[from] Spikes
|turn|12
|
|t:|1776084557
|move|p1a: What does this do|Psychic|p2a: Clawitzer
|-damage|p2a: Clawitzer|0 fnt
|faint|p2a: Clawitzer
|
|upkeep
|
|t:|1776084560
|switch|p2a: Hitmonchan|Hitmonchan, M|72/100
|turn|13
|
|t:|1776084564
|-terastallize|p2a: Hitmonchan|Fighting
|move|p2a: Hitmonchan|Mach Punch|p1a: What does this do
|-supereffective|p1a: What does this do
|-damage|p1a: What does this do|0 fnt
|replace|p1a: Grimly|Zoroark, F
|-end|p1a: Grimly|Illusion
|faint|p1a: Grimly
|
|-heal|p2a: Hitmonchan|78/100|[from] item: Leftovers
|upkeep
|
|t:|1776084569
|switch|p1a: Bloom|Sunflora, M|100/100
|-damage|p1a: Bloom|88/100|[from] Stealth Rock
|-damage|p1a: Bloom|76/100|[from] Spikes
|turn|14
|
|t:|1776084574
|move|p2a: Hitmonchan|Drain Punch|p1a: Bloom
|-damage|p1a: Bloom|0 fnt
|-heal|p2a: Hitmonchan|100/100|[from] drain|[of] p1a: Bloom
|faint|p1a: Bloom
|
|upkeep
|
|t:|1776084578
|switch|p1a: What does this do|Regice|100/100
|-damage|p1a: What does this do|75/100|[from] Stealth Rock
|-damage|p1a: What does this do|63/100|[from] Spikes
|turn|15
|
|t:|1776084583
|move|p2a: Hitmonchan|Drain Punch|p1a: What does this do
|-supereffective|p1a: What does this do
|-damage|p1a: What does this do|0 fnt
|faint|p1a: What does this do
|
|win|CharninjaGamingYT
|n|☆aiden022688|aiden022688
|n|*Lady Monita |ladymonita
|n|☆CharninjaGamingYT|charninjagamingyt
