|html|<div class="broadcast-blue"><strong>[Gen 9] OU is currently suspecting Tera Blast! For information on how to participate check out the <a href="https://www.smogon.com/tools/suspects/view/200">suspect thread</a>.</strong></div>
|j|☆tri dusk
|j|‽RadiantSol
|t:|1776056684
|gametype|singles
|player|p1|tri dusk|102|1066
|player|p2|RadiantSol|flint|1163
|gen|9
|tier|[Gen 9] OU
|rated|
|rule|HP Percentage Mod: HP is shown in percentages
|rule|Endless Battle Clause: Forcing endless battles is banned
|rule|Species Clause: Limit one of each Pokémon
|rule|OHKO Clause: OHKO moves are banned
|rule|Evasion Items Clause: Evasion items are banned
|rule|Evasion Moves Clause: Evasion moves are banned
|rule|Evasion Abilities Clause: Evasion abilities are banned
|rule|Sleep Moves Clause: Sleep-inducing moves are banned
|clearpoke
|poke|p1|Porygon2|
|poke|p1|Lapras, F|
|poke|p1|Jolteon, M|
|poke|p1|Dragonite, F|
|poke|p1|Rhydon, M|
|poke|p1|Dodrio, M|
|poke|p2|Espeon, F|
|poke|p2|Ninetales, F|
|poke|p2|Leafeon, F|
|poke|p2|Skarmory, F|
|poke|p2|Quagsire, F|
|poke|p2|Grimmsnarl, M|
|teampreview
|inactive|Battle timer is ON: inactive players will automatically lose when time's up. (requested by tri dusk)
|
|t:|1776056712
|teamsize|p1|6
|teamsize|p2|6
|start
|switch|p1a: Rhydon|Rhydon, M|100/100
|switch|p2a: Grimmsnarl|Grimmsnarl, M|100/100
|turn|1
|
|t:|1776056735
|move|p2a: Grimmsnarl|Taunt|p1a: Rhydon
|-start|p1a: Rhydon|move: Taunt
|move|p1a: Rhydon|Rock Blast|p2a: Grimmsnarl
|-damage|p2a: Grimmsnarl|88/100
|-damage|p2a: Grimmsnarl|75/100
|-damage|p2a: Grimmsnarl|64/100
|-damage|p2a: Grimmsnarl|52/100
|-damage|p2a: Grimmsnarl|40/100
|-hitcount|p2a: Grimmsnarl|5
|
|upkeep
|turn|2
|inactive|tri dusk has 120 seconds left.
|
|t:|1776056765
|move|p2a: Grimmsnarl|Reflect|p2a: Grimmsnarl
|-sidestart|p2: RadiantSol|Reflect
|move|p1a: Rhydon|Double-Edge|p2a: Grimmsnarl
|-damage|p2a: Grimmsnarl|19/100
|-damage|p1a: Rhydon|94/100|[from] Recoil
|
|upkeep
|turn|3
|inactive|RadiantSol has 120 seconds left.
|inactive|tri dusk has 120 seconds left.
|
|t:|1776056790
|move|p2a: Grimmsnarl|Light Screen|p2a: Grimmsnarl
|-sidestart|p2: RadiantSol|move: Light Screen
|move|p1a: Rhydon|Rock Blast|p2a: Grimmsnarl
|-crit|p2a: Grimmsnarl
|-damage|p2a: Grimmsnarl|1/100
|-damage|p2a: Grimmsnarl|0 fnt
|faint|p2a: Grimmsnarl
|-hitcount|p2: Grimmsnarl|2
|
|-end|p1a: Rhydon|move: Taunt
|upkeep
|
|t:|1776056815
|switch|p2a: Quagsire|Quagsire, F|100/100
|turn|4
|
|t:|1776056826
|move|p1a: Rhydon|Endeavor|p2a: Quagsire
|-damage|p2a: Quagsire|98/100
|move|p2a: Quagsire|Spikes|p1a: Rhydon
|-sidestart|p1: tri dusk|Spikes
|
|upkeep
|turn|5
|inactive|tri dusk has 120 seconds left.
|
|t:|1776056868
|switch|p1a: Lapras|Lapras, F|100/100
|-damage|p1a: Lapras|88/100|[from] Spikes
|move|p2a: Quagsire|Spikes|p1a: Lapras
|-sidestart|p1: tri dusk|Spikes
|
|upkeep
|turn|6
|
|t:|1776056878
|switch|p2a: Ninetales|Ninetales, F, shiny|100/100
|-weather|SunnyDay|[from] ability: Drought|[of] p2a: Ninetales
|move|p1a: Lapras|Freeze-Dry|p2a: Ninetales
|-resisted|p2a: Ninetales
|-damage|p2a: Ninetales|91/100
|
|-weather|SunnyDay|[upkeep]
|upkeep
|turn|7
|
|t:|1776056890
|move|p2a: Ninetales|Flamethrower|p1a: Lapras
|-damage|p1a: Lapras|60/100
|move|p1a: Lapras|Hydro Pump|p2a: Ninetales
|-supereffective|p2a: Ninetales
|-damage|p2a: Ninetales|63/100
|
|-weather|SunnyDay|[upkeep]
|upkeep
|turn|8
|
|t:|1776056902
|switch|p2a: Leafeon|Leafeon, F|100/100
|move|p1a: Lapras|Hydro Pump|p2a: Leafeon
|-resisted|p2a: Leafeon
|-damage|p2a: Leafeon|91/100
|
|-weather|SunnyDay|[upkeep]
|upkeep
|turn|9
|
|t:|1776056912
|move|p2a: Leafeon|Solar Blade||[still]
|-prepare|p2a: Leafeon|Solar Blade
|-anim|p2a: Leafeon|Solar Blade|p1a: Lapras
|-supereffective|p1a: Lapras
|-damage|p1a: Lapras|0 fnt
|faint|p1a: Lapras
|-damage|p2a: Leafeon|81/100|[from] item: Life Orb
|
|-weather|SunnyDay|[upkeep]
|-sideend|p2: RadiantSol|Reflect
|upkeep
|
|t:|1776056931
|switch|p1a: Rhydon|Rhydon, M|94/100
|-damage|p1a: Rhydon|77/100|[from] Spikes
|turn|10
|
|t:|1776056938
|move|p2a: Leafeon|Solar Blade||[still]
|-prepare|p2a: Leafeon|Solar Blade
|-anim|p2a: Leafeon|Solar Blade|p1a: Rhydon
|-supereffective|p1a: Rhydon
|-damage|p1a: Rhydon|0 fnt
|faint|p1a: Rhydon
|-damage|p2a: Leafeon|71/100|[from] item: Life Orb
|
|-weather|SunnyDay|[upkeep]
|-sideend|p2: RadiantSol|move: Light Screen
|upkeep
|
|t:|1776056955
|switch|p1a: Dodrio|Dodrio, M, shiny|100/100
|turn|11
|
|t:|1776056962
|switch|p2a: Skarmory|Skarmory, F|100/100
|move|p1a: Dodrio|Brave Bird|p2a: Skarmory
|-resisted|p2a: Skarmory
|-damage|p2a: Skarmory|74/100
|-damage|p1a: Dodrio|84/100|[from] item: Rocky Helmet|[of] p2a: Skarmory
|-damage|p1a: Dodrio|75/100|[from] Recoil
|-damage|p1a: Dodrio|65/100|[from] item: Life Orb
|
|-weather|SunnyDay|[upkeep]
|upkeep
|turn|12
|
|t:|1776056973
|move|p1a: Dodrio|Endeavor|p2a: Skarmory
|-damage|p2a: Skarmory|60/100
|-damage|p1a: Dodrio|48/100|[from] item: Rocky Helmet|[of] p2a: Skarmory
|-damage|p1a: Dodrio|38/100|[from] item: Life Orb
|move|p2a: Skarmory|Stealth Rock|p1a: Dodrio
|-sidestart|p1: tri dusk|move: Stealth Rock
|
|-weather|SunnyDay|[upkeep]
|upkeep
|turn|13
|
|t:|1776056985
|move|p1a: Dodrio|Endeavor|p2a: Skarmory
|-damage|p2a: Skarmory|36/100
|-damage|p1a: Dodrio|22/100|[from] item: Rocky Helmet|[of] p2a: Skarmory
|-damage|p1a: Dodrio|12/100|[from] item: Life Orb
|move|p2a: Skarmory|Whirlwind|p1a: Dodrio
|drag|p1a: Dragonite|Dragonite, F|100/100
|
|-weather|none
|upkeep
|turn|14
|
|t:|1776056999
|move|p2a: Skarmory|Taunt|p1a: Dragonite
|-start|p1a: Dragonite|move: Taunt
|cant|p1a: Dragonite|move: Taunt|Dragon Dance
|
|upkeep
|turn|15
|
|t:|1776057007
|switch|p1a: Dodrio|Dodrio, M, shiny|12/100
|-damage|p1a: Dodrio|0 fnt|[from] Stealth Rock
|faint|p1a: Dodrio
|move|p2a: Skarmory|Roost|p2a: Skarmory
|-heal|p2a: Skarmory|86/100
|-singleturn|p2a: Skarmory|move: Roost
|
|upkeep
|
|t:|1776057018
|switch|p1a: Jolteon|Jolteon, M|100/100
|-damage|p1a: Jolteon|84/100|[from] Spikes
|-damage|p1a: Jolteon|72/100|[from] Stealth Rock
|turn|16
|
|t:|1776057024
|switch|p2a: Ninetales|Ninetales, F, shiny|63/100
|-weather|SunnyDay|[from] ability: Drought|[of] p2a: Ninetales
|move|p1a: Jolteon|Calm Mind|p1a: Jolteon
|-boost|p1a: Jolteon|spa|1
|-boost|p1a: Jolteon|spd|1
|
|-weather|SunnyDay|[upkeep]
|upkeep
|turn|17
|
|t:|1776057037
|move|p1a: Jolteon|Thunder|p2a: Ninetales|[miss]
|-miss|p1a: Jolteon|p2a: Ninetales
|move|p2a: Ninetales|Flamethrower|p1a: Jolteon
|-damage|p1a: Jolteon|28/100
|-status|p1a: Jolteon|brn
|
|-weather|SunnyDay|[upkeep]
|-damage|p1a: Jolteon|22/100 brn|[from] brn
|upkeep
|turn|18
|
|t:|1776057054
|move|p1a: Jolteon|Shadow Ball|p2a: Ninetales
|-damage|p2a: Ninetales|7/100
|-damage|p1a: Jolteon|12/100 brn|[from] item: Life Orb
|move|p2a: Ninetales|Flamethrower|p1a: Jolteon
|-damage|p1a: Jolteon|0 fnt
|faint|p1a: Jolteon
|
|-weather|SunnyDay|[upkeep]
|upkeep
|
|t:|1776057066
|switch|p1a: Dragonite|Dragonite, F|100/100
|turn|19
|
|t:|1776057076
|switch|p2a: Quagsire|Quagsire, F|98/100
|move|p1a: Dragonite|Dragon Dance|p1a: Dragonite
|-boost|p1a: Dragonite|atk|1
|-boost|p1a: Dragonite|spe|1
|
|-weather|SunnyDay|[upkeep]
|upkeep
|turn|20
|
|t:|1776057085
|switch|p1a: Porygon2|Porygon2|100/100
|-damage|p1a: Porygon2|84/100|[from] Spikes
|-damage|p1a: Porygon2|72/100|[from] Stealth Rock
|-ability|p1a: Porygon2|Unaware|Trace|[from] ability: Trace|[of] p2a: Quagsire
|move|p2a: Quagsire|Toxic|p1a: Porygon2
|-status|p1a: Porygon2|tox
|
|-weather|SunnyDay|[upkeep]
|-damage|p1a: Porygon2|65/100 tox|[from] psn
|upkeep
|turn|21
|
|t:|1776057102
|switch|p2a: Skarmory|Skarmory, F|86/100
|move|p1a: Porygon2|Tri Attack|p2a: Skarmory
|-resisted|p2a: Skarmory
|-damage|p2a: Skarmory|56/100
|
|-weather|SunnyDay|[upkeep]
|-damage|p1a: Porygon2|53/100 tox|[from] psn
|upkeep
|turn|22
|
|t:|1776057113
|move|p1a: Porygon2|Charge Beam|p2a: Skarmory
|-supereffective|p2a: Skarmory
|-damage|p2a: Skarmory|0 fnt
|-boost|p1a: Porygon2|spa|1
|faint|p2a: Skarmory
|
|-weather|SunnyDay|[upkeep]
|-damage|p1a: Porygon2|35/100 tox|[from] psn
|upkeep
|
|t:|1776057117
|switch|p2a: Leafeon|Leafeon, F|71/100
|turn|23
|
|t:|1776057126
|move|p2a: Leafeon|Solar Blade||[still]
|-prepare|p2a: Leafeon|Solar Blade
|-anim|p2a: Leafeon|Solar Blade|p1a: Porygon2
|-crit|p1a: Porygon2
|-damage|p1a: Porygon2|0 fnt
|faint|p1a: Porygon2
|-damage|p2a: Leafeon|61/100|[from] item: Life Orb
|
|-weather|none
|upkeep
|
|t:|1776057137
|switch|p1a: Dragonite|Dragonite, F|100/100
|turn|24
|
|t:|1776057143
|move|p2a: Leafeon|Knock Off|p1a: Dragonite
|-damage|p1a: Dragonite|82/100
|-enditem|p1a: Dragonite|Heavy-Duty Boots|[from] move: Knock Off|[of] p2a: Leafeon
|-damage|p2a: Leafeon|51/100|[from] item: Life Orb
|move|p1a: Dragonite|Dragon Dance|p1a: Dragonite
|-boost|p1a: Dragonite|atk|1
|-boost|p1a: Dragonite|spe|1
|
|upkeep
|turn|25
|
|t:|1776057153
|switch|p2a: Ninetales|Ninetales, F, shiny|7/100
|-weather|SunnyDay|[from] ability: Drought|[of] p2a: Ninetales
|move|p1a: Dragonite|Dragon Claw|p2a: Ninetales
|-damage|p2a: Ninetales|0 fnt
|faint|p2a: Ninetales
|
|-weather|SunnyDay|[upkeep]
|upkeep
|
|t:|1776057160
|switch|p2a: Quagsire|Quagsire, F|98/100
|turn|26
|inactive|tri dusk has 120 seconds left.
|
|t:|1776057171
|move|p1a: Dragonite|Dragon Claw|p2a: Quagsire
|-damage|p2a: Quagsire|62/100
|move|p2a: Quagsire|Toxic|p1a: Dragonite
|-status|p1a: Dragonite|tox
|
|-weather|SunnyDay|[upkeep]
|-damage|p1a: Dragonite|76/100 tox|[from] psn
|upkeep
|turn|27
|inactive|tri dusk has 120 seconds left.
|-message|tri dusk forfeited.
|
|win|RadiantSol
|raw|tri dusk's rating: 1066 &rarr; <strong>1050</strong><br />(-16 for losing)
|raw|RadiantSol's rating: 1136 &rarr; <strong>1156</strong><br />(+20 for winning)
|l|☆tri dusk
|player|p1|
|l|‽RadiantSol
|player|p2|
