|html|<div class="broadcast-blue"><strong>[Gen 9] OU is currently suspecting Tera Blast! For information on how to participate check out the <a href="https://www.smogon.com/tools/suspects/view/200">suspect thread</a>.</strong></div>
|j|☆clouddaearth
|j|☆mossful
|t:|1776046075
|gametype|singles
|player|p1|clouddaearth|170|1414
|player|p2|mossful|juniper|1416
|gen|9
|tier|[Gen 9] OU
|rated|
|rule|HP Percentage Mod: HP is shown in percentages
|rule|Endless Battle Clause: Forcing endless battles is banned
|rule|Species Clause: Limit one of each Pokémon
|rule|OHKO Clause: OHKO moves are banned
|rule|Evasion Items Clause: Evasion items are banned
|rule|Evasion Moves Clause: Evasion moves are banned
|rule|Evasion Abilities Clause: Evasion abilities are banned
|rule|Sleep Moves Clause: Sleep-inducing moves are banned
|clearpoke
|poke|p1|Hippowdon, M|
|poke|p1|Houndstone, M|
|poke|p1|Tentacruel, F|
|poke|p1|Vikavolt, F|
|poke|p1|Clefable, M|
|poke|p1|Tauros-Paldea-Blaze, M|
|poke|p2|Glimmora, M|
|poke|p2|Rillaboom, M|
|poke|p2|Darkrai|
|poke|p2|Hawlucha, M|
|poke|p2|Raging Bolt|
|poke|p2|Azumarill, F|
|teampreview
|inactive|Battle timer is ON: inactive players will automatically lose when time's up. (requested by clouddaearth)
|
|t:|1776046132
|teamsize|p1|6
|teamsize|p2|6
|start
|switch|p1a: Hippowdon|Hippowdon, M|100/100
|switch|p2a: Glimmora|Glimmora, M, shiny|100/100
|-weather|Sandstorm|[from] ability: Sand Stream|[of] p1a: Hippowdon
|turn|1
|
|t:|1776046140
|move|p2a: Glimmora|Energy Ball|p1a: Hippowdon
|-supereffective|p1a: Hippowdon
|-damage|p1a: Hippowdon|40/100
|-unboost|p1a: Hippowdon|spd|1
|move|p1a: Hippowdon|Earthquake|p2a: Glimmora
|-supereffective|p2a: Glimmora
|-enditem|p2a: Glimmora|Focus Sash
|-damage|p2a: Glimmora|1/100
|-activate|p2a: Glimmora|ability: Toxic Debris
|-sidestart|p1: clouddaearth|move: Toxic Spikes
|
|-weather|Sandstorm|[upkeep]
|upkeep
|turn|2
|
|t:|1776046158
|switch|p1a: Tentacruel|Tentacruel, F|100/100
|-sideend|p1: clouddaearth|move: Toxic Spikes|[of] p1a: Tentacruel
|move|p2a: Glimmora|Energy Ball|p1a: Tentacruel
|-damage|p1a: Tentacruel|74/100
|
|-weather|Sandstorm|[upkeep]
|-damage|p1a: Tentacruel|68/100|[from] Sandstorm
|upkeep
|turn|3
|
|t:|1776046167
|move|p1a: Tentacruel|Rapid Spin|p2a: Glimmora
|-resisted|p2a: Glimmora
|-damage|p2a: Glimmora|0 fnt
|-boost|p1a: Tentacruel|spe|1
|-activate|p2a: Glimmora|ability: Toxic Debris
|-sidestart|p1: clouddaearth|move: Toxic Spikes
|-sideend|p1: clouddaearth|Toxic Spikes|[from] move: Rapid Spin|[of] p1a: Tentacruel
|faint|p2a: Glimmora
|
|-weather|Sandstorm|[upkeep]
|-damage|p1a: Tentacruel|62/100|[from] Sandstorm
|upkeep
|
|t:|1776046193
|switch|p2a: Rillaboom|Rillaboom, M, shiny|100/100
|-fieldstart|move: Grassy Terrain|[from] ability: Grassy Surge|[of] p2a: Rillaboom
|turn|4
|
|t:|1776046198
|switch|p1a: Vikavolt|Vikavolt, F|100/100
|move|p2a: Rillaboom|Grassy Glide|p1a: Vikavolt
|-resisted|p1a: Vikavolt
|-crit|p1a: Vikavolt
|-damage|p1a: Vikavolt|50/100
|-enditem|p1a: Vikavolt|Sitrus Berry|[eat]
|-heal|p1a: Vikavolt|75/100|[from] item: Sitrus Berry
|
|-weather|Sandstorm|[upkeep]
|-damage|p2a: Rillaboom|94/100|[from] Sandstorm
|-damage|p1a: Vikavolt|68/100|[from] Sandstorm
|-heal|p2a: Rillaboom|100/100|[from] Grassy Terrain
|upkeep
|turn|5
|
|t:|1776046217
|switch|p2a: Raging Bolt|Raging Bolt|100/100
|-enditem|p2a: Raging Bolt|Booster Energy
|-activate|p2a: Raging Bolt|ability: Protosynthesis|[fromitem]
|-start|p2a: Raging Bolt|protosynthesisspa
|move|p1a: Vikavolt|Volt Switch|p2a: Raging Bolt
|-resisted|p2a: Raging Bolt
|-damage|p2a: Raging Bolt|91/100
|
|t:|1776046228
|switch|p1a: Houndstone|Houndstone, M|100/100|[from] Volt Switch
|
|-weather|none
|-heal|p2a: Raging Bolt|97/100|[from] Grassy Terrain
|upkeep
|turn|6
|
|t:|1776046237
|switch|p1a: Hippowdon|Hippowdon, M|40/100
|-weather|Sandstorm|[from] ability: Sand Stream|[of] p1a: Hippowdon
|move|p2a: Raging Bolt|Draco Meteor|p1a: Hippowdon
|-crit|p1a: Hippowdon
|-damage|p1a: Hippowdon|0 fnt
|-unboost|p2a: Raging Bolt|spa|2
|faint|p1a: Hippowdon
|
|-weather|Sandstorm|[upkeep]
|-damage|p2a: Raging Bolt|91/100|[from] Sandstorm
|-heal|p2a: Raging Bolt|97/100|[from] Grassy Terrain
|upkeep
|
|t:|1776046241
|switch|p1a: Clefable|Clefable, M|100/100
|turn|7
|
|t:|1776046247
|-end|p2a: Raging Bolt|Protosynthesis|[silent]
|switch|p2a: Azumarill|Azumarill, F, shiny|100/100
|move|p1a: Clefable|Moonblast|p2a: Azumarill
|-damage|p2a: Azumarill|51/100
|
|-weather|Sandstorm|[upkeep]
|-damage|p2a: Azumarill|45/100|[from] Sandstorm
|-damage|p1a: Clefable|94/100|[from] Sandstorm
|-enditem|p2a: Azumarill|Sitrus Berry|[eat]
|-heal|p2a: Azumarill|70/100|[from] item: Sitrus Berry
|-heal|p2a: Azumarill|76/100|[from] Grassy Terrain
|-heal|p1a: Clefable|100/100|[from] Grassy Terrain
|upkeep
|turn|8
|
|t:|1776046259
|move|p2a: Azumarill|Play Rough|p1a: Clefable
|-damage|p1a: Clefable|33/100
|move|p1a: Clefable|Moonblast|p2a: Azumarill
|-damage|p2a: Azumarill|30/100
|
|-weather|Sandstorm|[upkeep]
|-damage|p2a: Azumarill|24/100|[from] Sandstorm
|-damage|p1a: Clefable|27/100|[from] Sandstorm
|-heal|p2a: Azumarill|30/100|[from] Grassy Terrain
|-heal|p1a: Clefable|33/100|[from] Grassy Terrain
|-heal|p1a: Clefable|39/100|[from] item: Leftovers
|-fieldend|move: Grassy Terrain
|upkeep
|turn|9
|
|t:|1776046273
|switch|p1a: Tauros|Tauros-Paldea-Blaze, M|100/100
|-ability|p1a: Tauros|Intimidate|boost
|-unboost|p2a: Azumarill|atk|1
|move|p2a: Azumarill|Play Rough|p1a: Tauros
|-damage|p1a: Tauros|54/100
|
|-weather|Sandstorm|[upkeep]
|-damage|p1a: Tauros|48/100|[from] Sandstorm
|-damage|p2a: Azumarill|24/100|[from] Sandstorm
|upkeep
|turn|10
|
|t:|1776046287
|move|p2a: Azumarill|Aqua Jet|p1a: Tauros
|-supereffective|p1a: Tauros
|-damage|p1a: Tauros|8/100
|move|p1a: Tauros|Wild Charge|p2a: Azumarill
|-supereffective|p2a: Azumarill
|-damage|p2a: Azumarill|0 fnt
|faint|p2a: Azumarill
|-damage|p1a: Tauros|1/100|[from] Recoil
|
|-weather|none
|upkeep
|
|t:|1776046290
|switch|p2a: Rillaboom|Rillaboom, M, shiny|100/100
|-fieldstart|move: Grassy Terrain|[from] ability: Grassy Surge|[of] p2a: Rillaboom
|turn|11
|
|t:|1776046295
|move|p2a: Rillaboom|Grassy Glide|p1a: Tauros
|-resisted|p1a: Tauros
|-damage|p1a: Tauros|0 fnt
|faint|p1a: Tauros
|
|upkeep
|
|t:|1776046298
|switch|p1a: Vikavolt|Vikavolt, F|68/100
|turn|12
|
|t:|1776046304
|switch|p2a: Raging Bolt|Raging Bolt|97/100
|move|p1a: Vikavolt|Sticky Web|p2a: Raging Bolt
|-sidestart|p2: mossful|move: Sticky Web
|
|-heal|p2a: Raging Bolt|100/100|[from] Grassy Terrain
|upkeep
|turn|13
|
|t:|1776046316
|move|p2a: Raging Bolt|Calm Mind|p2a: Raging Bolt
|-boost|p2a: Raging Bolt|spa|1
|-boost|p2a: Raging Bolt|spd|1
|move|p1a: Vikavolt|Volt Switch|p2a: Raging Bolt
|-resisted|p2a: Raging Bolt
|-damage|p2a: Raging Bolt|94/100
|
|t:|1776046324
|switch|p1a: Clefable|Clefable, M|39/100|[from] Volt Switch
|
|-heal|p2a: Raging Bolt|99/100|[from] Grassy Terrain
|-heal|p1a: Clefable|45/100|[from] Grassy Terrain
|-heal|p1a: Clefable|52/100|[from] item: Leftovers
|upkeep
|turn|14
|
|t:|1776046330
|move|p2a: Raging Bolt|Thunderbolt|p1a: Clefable
|-damage|p1a: Clefable|5/100
|move|p1a: Clefable|Moonlight|p1a: Clefable
|-heal|p1a: Clefable|55/100
|
|-heal|p2a: Raging Bolt|100/100|[from] Grassy Terrain
|-heal|p1a: Clefable|61/100|[from] Grassy Terrain
|-heal|p1a: Clefable|67/100|[from] item: Leftovers
|upkeep
|turn|15
|
|t:|1776046340
|move|p2a: Raging Bolt|Calm Mind|p2a: Raging Bolt
|-boost|p2a: Raging Bolt|spa|1
|-boost|p2a: Raging Bolt|spd|1
|move|p1a: Clefable|Moonblast|p2a: Raging Bolt
|-supereffective|p2a: Raging Bolt
|-damage|p2a: Raging Bolt|22/100
|-unboost|p2a: Raging Bolt|spa|1
|
|-heal|p2a: Raging Bolt|28/100|[from] Grassy Terrain
|-heal|p1a: Clefable|73/100|[from] Grassy Terrain
|-heal|p1a: Clefable|79/100|[from] item: Leftovers
|-fieldend|move: Grassy Terrain
|upkeep
|turn|16
|
|t:|1776046352
|move|p2a: Raging Bolt|Thunderbolt|p1a: Clefable
|-damage|p1a: Clefable|25/100
|move|p1a: Clefable|Moonblast|p2a: Raging Bolt
|-supereffective|p2a: Raging Bolt
|-damage|p2a: Raging Bolt|0 fnt
|faint|p2a: Raging Bolt
|-end|p2a: Raging Bolt|Protosynthesis|[silent]
|
|-heal|p1a: Clefable|31/100|[from] item: Leftovers
|upkeep
|
|t:|1776046360
|switch|p2a: Rillaboom|Rillaboom, M, shiny|100/100
|-activate|p2a: Rillaboom|move: Sticky Web
|-unboost|p2a: Rillaboom|spe|1
|-fieldstart|move: Grassy Terrain|[from] ability: Grassy Surge|[of] p2a: Rillaboom
|turn|17
|
|t:|1776046367
|switch|p1a: Vikavolt|Vikavolt, F|68/100
|move|p2a: Rillaboom|Wood Hammer|p1a: Vikavolt
|-resisted|p1a: Vikavolt
|-damage|p1a: Vikavolt|1/100
|-damage|p2a: Rillaboom|81/100|[from] Recoil
|
|-heal|p2a: Rillaboom|87/100|[from] Grassy Terrain
|upkeep
|turn|18
|
|t:|1776046378
|move|p2a: Rillaboom|Wood Hammer|p1a: Vikavolt
|-resisted|p1a: Vikavolt
|-damage|p1a: Vikavolt|0 fnt
|faint|p1a: Vikavolt
|-damage|p2a: Rillaboom|87/100|[from] Recoil
|
|-heal|p2a: Rillaboom|93/100|[from] Grassy Terrain
|upkeep
|
|t:|1776046383
|switch|p1a: Tentacruel|Tentacruel, F|62/100
|turn|19
|
|t:|1776046387
|move|p1a: Tentacruel|Sludge Bomb|p2a: Rillaboom
|-supereffective|p2a: Rillaboom
|-damage|p2a: Rillaboom|21/100
|move|p2a: Rillaboom|Wood Hammer|p1a: Tentacruel
|-damage|p1a: Tentacruel|0 fnt
|faint|p1a: Tentacruel
|-damage|p2a: Rillaboom|6/100|[from] Recoil
|
|-heal|p2a: Rillaboom|12/100|[from] Grassy Terrain
|upkeep
|
|t:|1776046394
|switch|p1a: Houndstone|Houndstone, M|100/100
|turn|20
|
|t:|1776046400
|-terastallize|p1a: Houndstone|Ghost
|move|p1a: Houndstone|Shadow Sneak|p2a: Rillaboom
|-damage|p2a: Rillaboom|0 fnt
|faint|p2a: Rillaboom
|-damage|p1a: Houndstone|91/100|[from] item: Life Orb
|
|-heal|p1a: Houndstone|97/100|[from] Grassy Terrain
|upkeep
|
|t:|1776046418
|switch|p2a: Hawlucha|Hawlucha, M|100/100
|-enditem|p2a: Hawlucha|Grassy Seed
|-boost|p2a: Hawlucha|def|1|[from] item: Grassy Seed
|turn|21
|
|t:|1776046426
|move|p2a: Hawlucha|Acrobatics|p1a: Houndstone
|-damage|p1a: Houndstone|33/100
|move|p1a: Houndstone|Play Rough|p2a: Hawlucha
|-supereffective|p2a: Hawlucha
|-damage|p2a: Hawlucha|28/100
|-damage|p1a: Houndstone|24/100|[from] item: Life Orb
|
|-heal|p1a: Houndstone|30/100|[from] Grassy Terrain
|-fieldend|move: Grassy Terrain
|upkeep
|turn|22
|
|t:|1776046437
|move|p1a: Houndstone|Shadow Sneak|p2a: Hawlucha
|-damage|p2a: Hawlucha|0 fnt
|faint|p2a: Hawlucha
|-damage|p1a: Houndstone|20/100|[from] item: Life Orb
|
|upkeep
|
|t:|1776046442
|switch|p2a: Darkrai|Darkrai, shiny|100/100
|-activate|p2a: Darkrai|move: Sticky Web
|-unboost|p2a: Darkrai|spe|1
|turn|23
|
|t:|1776046447
|move|p2a: Darkrai|Dark Pulse|p1a: Houndstone
|-supereffective|p1a: Houndstone
|-damage|p1a: Houndstone|0 fnt
|faint|p1a: Houndstone
|-damage|p2a: Darkrai|91/100|[from] item: Life Orb
|
|upkeep
|
|t:|1776046450
|switch|p1a: Clefable|Clefable, M|31/100
|turn|24
|
|t:|1776046454
|move|p2a: Darkrai|Sludge Bomb|p1a: Clefable
|-supereffective|p1a: Clefable
|-damage|p1a: Clefable|0 fnt
|faint|p1a: Clefable
|-damage|p2a: Darkrai|81/100|[from] item: Life Orb
|
|win|mossful
|raw|clouddaearth's rating: 1414 &rarr; <strong>1394</strong><br />(-20 for losing)
|raw|mossful's rating: 1416 &rarr; <strong>1436</strong><br />(+20 for winning)
|l|☆mossful
|player|p2|
|l|☆clouddaearth
|player|p1|
