|html|<div class="broadcast-blue"><strong>[Gen 9] OU is currently suspecting Volcarona! For information on how to participate check out the <a href="https://www.smogon.com/tools/suspects/view/208">suspect thread</a>.</strong></div>
|j|☆TTHHY
|j|‽cargo90210
|t:|1778508403
|gametype|singles
|player|p1|TTHHY|alec-anime|1089
|player|p2|cargo90210|swimmer-gen4|1120
|gen|9
|tier|[Gen 9] OU
|rated|
|rule|HP Percentage Mod: HP is shown in percentages
|rule|Endless Battle Clause: Forcing endless battles is banned
|rule|Species Clause: Limit one of each Pokémon
|rule|OHKO Clause: OHKO moves are banned
|rule|Evasion Items Clause: Evasion items are banned
|rule|Evasion Moves Clause: Evasion moves are banned
|rule|Evasion Abilities Clause: Evasion abilities are banned
|rule|Sleep Moves Clause: Sleep-inducing moves are banned
|clearpoke
|poke|p1|Passimian, F|
|poke|p1|Ambipom, F|
|poke|p1|Zarude|
|poke|p1|Infernape, F|
|poke|p1|Rillaboom, M|
|poke|p1|Slaking, F|
|poke|p2|Cinderace, F|
|poke|p2|Meowscarada, F|
|poke|p2|Iron Crown|
|poke|p2|Alomomola, M|
|poke|p2|Kingambit, M|
|poke|p2|Quaquaval, M|
|teampreview
|inactive|Battle timer is ON: inactive players will automatically lose when time's up. (requested by TTHHY)
|
|t:|1778508412
|teamsize|p1|6
|teamsize|p2|6
|start
|switch|p1a: Slaking|Slaking, F|100/100
|switch|p2a: Quaquaval|Quaquaval, M, shiny|100/100
|turn|1
|
|t:|1778508418
|move|p1a: Slaking|Giga Impact|p2a: Quaquaval
|-damage|p2a: Quaquaval|0 fnt
|-mustrecharge|p1a: Slaking
|faint|p2a: Quaquaval
|
|upkeep
|
|t:|1778508429
|switch|p2a: Cinderace|Cinderace, F, shiny|100/100
|turn|2
|
|t:|1778508432
|move|p2a: Cinderace|High Jump Kick|p1a: Slaking
|-start|p2a: Cinderace|typechange|Fighting|[from] ability: Libero
|-supereffective|p1a: Slaking
|-damage|p1a: Slaking|0 fnt
|faint|p1a: Slaking
|
|upkeep
|
|t:|1778508447
|switch|p1a: Zarude|Zarude|100/100
|turn|3
|
|t:|1778508452
|move|p2a: Cinderace|High Jump Kick|p1a: Zarude
|-supereffective|p1a: Zarude
|-enditem|p1a: Zarude|Focus Sash
|-damage|p1a: Zarude|1/100
|move|p1a: Zarude|Swords Dance|p1a: Zarude
|-boost|p1a: Zarude|atk|2
|
|upkeep
|turn|4
|
|t:|1778508459
|move|p2a: Cinderace|U-turn|p1a: Zarude
|-supereffective|p1a: Zarude
|-damage|p1a: Zarude|0 fnt
|faint|p1a: Zarude
|
|t:|1778508464
|switch|p2a: Iron Crown|Iron Crown|100/100|[from] U-turn
|-enditem|p2a: Iron Crown|Booster Energy
|-activate|p2a: Iron Crown|ability: Quark Drive|[fromitem]
|-start|p2a: Iron Crown|quarkdrivespe
|
|upkeep
|
|t:|1778508474
|switch|p1a: Infernape|Infernape, F|100/100
|turn|5
|
|t:|1778508482
|move|p2a: Iron Crown|Psychic Noise|p1a: Infernape
|-supereffective|p1a: Infernape
|-damage|p1a: Infernape|0 fnt
|faint|p1a: Infernape
|
|upkeep
|
|t:|1778508489
|switch|p1a: Passimian|Passimian, F|100/100
|turn|6
|
|t:|1778508492
|move|p2a: Iron Crown|Psychic Noise|p1a: Passimian
|-supereffective|p1a: Passimian
|-damage|p1a: Passimian|0 fnt
|faint|p1a: Passimian
|
|upkeep
|
|t:|1778508495
|switch|p1a: Ambipom|Ambipom, F|100/100
|turn|7
|
|t:|1778508501
|move|p1a: Ambipom|Fake Out|p2a: Iron Crown
|-resisted|p2a: Iron Crown
|-damage|p2a: Iron Crown|84/100
|-damage|p1a: Ambipom|91/100|[from] item: Life Orb
|cant|p2a: Iron Crown|flinch
|
|upkeep
|turn|8
|
|t:|1778508506
|move|p2a: Iron Crown|Tachyon Cutter|p1a: Ambipom
|-damage|p1a: Ambipom|50/100
|-damage|p1a: Ambipom|11/100
|-hitcount|p1a: Ambipom|2
|move|p1a: Ambipom|Knock Off|p2a: Iron Crown
|-supereffective|p2a: Iron Crown
|-damage|p2a: Iron Crown|38/100
|-damage|p1a: Ambipom|1/100|[from] item: Life Orb
|
|upkeep
|turn|9
|
|t:|1778508515
|move|p2a: Iron Crown|Psychic Noise|p1a: Ambipom
|-damage|p1a: Ambipom|0 fnt
|faint|p1a: Ambipom
|
|upkeep
|
|t:|1778508520
|switch|p1a: Rillaboom|Rillaboom, M|100/100
|-fieldstart|move: Grassy Terrain|[from] ability: Grassy Surge|[of] p1a: Rillaboom
|turn|10
|
|t:|1778508529
|move|p2a: Iron Crown|Tachyon Cutter|p1a: Rillaboom
|-damage|p1a: Rillaboom|72/100
|-damage|p1a: Rillaboom|45/100
|-hitcount|p1a: Rillaboom|2
|move|p1a: Rillaboom|Drain Punch|p2a: Iron Crown
|-damage|p2a: Iron Crown|9/100
|-heal|p1a: Rillaboom|58/100|[from] drain|[of] p2a: Iron Crown
|
|-heal|p2a: Iron Crown|15/100|[from] Grassy Terrain
|-heal|p1a: Rillaboom|64/100|[from] Grassy Terrain
|-heal|p1a: Rillaboom|70/100|[from] item: Leftovers
|upkeep
|turn|11
|
|t:|1778508541
|move|p2a: Iron Crown|Psychic Noise|p1a: Rillaboom
|-damage|p1a: Rillaboom|33/100
|-start|p1a: Rillaboom|move: Heal Block
|cant|p1a: Rillaboom|move: Heal Block|Drain Punch
|
|-heal|p2a: Iron Crown|21/100|[from] Grassy Terrain
|upkeep
|turn|12
|-message|TTHHY forfeited.
|
|win|cargo90210
|raw|TTHHY's rating: 1089 &rarr; <strong>1068</strong><br />(-21 for losing)
|raw|cargo90210's rating: 1120 &rarr; <strong>1143</strong><br />(+23 for winning)
|l|☆TTHHY
|player|p1|
|l|‽cargo90210
|player|p2|
