|html|<div class="broadcast-blue"><strong>[Gen 9] OU is currently suspecting Tera Blast! For information on how to participate check out the <a href="https://www.smogon.com/tools/suspects/view/200">suspect thread</a>.</strong></div>
|j|☆SaiyanSage
|j|☆ThatOneStarterGuy
|t:|1776105798
|gametype|singles
|player|p1|SaiyanSage|hoopster|1085
|player|p2|ThatOneStarterGuy|palmer|1069
|gen|9
|tier|[Gen 9] OU
|rated|
|rule|HP Percentage Mod: HP is shown in percentages
|rule|Endless Battle Clause: Forcing endless battles is banned
|rule|Species Clause: Limit one of each Pokémon
|rule|OHKO Clause: OHKO moves are banned
|rule|Evasion Items Clause: Evasion items are banned
|rule|Evasion Moves Clause: Evasion moves are banned
|rule|Evasion Abilities Clause: Evasion abilities are banned
|rule|Sleep Moves Clause: Sleep-inducing moves are banned
|clearpoke
|poke|p1|Latias, F|
|poke|p1|Kingambit, M|
|poke|p1|Darkrai|
|poke|p1|Iron Hands|
|poke|p1|Landorus-Therian, M|
|poke|p1|Skeledirge, F|
|poke|p2|Venusaur, M|
|poke|p2|Blastoise, M|
|poke|p2|Meganium, M|
|poke|p2|Feraligatr, M|
|poke|p2|Typhlosion, M|
|poke|p2|Charizard, M|
|teampreview
|inactive|Battle timer is ON: inactive players will automatically lose when time's up. (requested by ThatOneStarterGuy)
|
|t:|1776105832
|teamsize|p1|6
|teamsize|p2|6
|start
|switch|p1a: Landorus|Landorus-Therian, M|100/100
|switch|p2a: Meganium|Meganium, M|100/100
|-ability|p1a: Landorus|Intimidate|boost
|-unboost|p2a: Meganium|atk|1
|turn|1
|
|t:|1776105836
|move|p1a: Landorus|Taunt|p2a: Meganium
|-start|p2a: Meganium|move: Taunt
|cant|p2a: Meganium|move: Taunt|Sunny Day
|
|upkeep
|turn|2
|
|t:|1776105844
|switch|p1a: Skeledirge|Skeledirge, F|100/100
|switch|p2a: Blastoise|Blastoise, M|100/100
|
|upkeep
|turn|3
|
|t:|1776105853
|move|p2a: Blastoise|Shell Smash|p2a: Blastoise
|-unboost|p2a: Blastoise|def|1
|-unboost|p2a: Blastoise|spd|1
|-boost|p2a: Blastoise|atk|2
|-boost|p2a: Blastoise|spa|2
|-boost|p2a: Blastoise|spe|2
|-enditem|p2a: Blastoise|White Herb
|-clearnegativeboost|p2a: Blastoise|[silent]
|move|p1a: Skeledirge|Torch Song|p2a: Blastoise
|-resisted|p2a: Blastoise
|-damage|p2a: Blastoise|85/100
|-boost|p1a: Skeledirge|spa|1
|
|upkeep
|turn|4
|
|t:|1776105865
|-terastallize|p1a: Skeledirge|Grass
|move|p2a: Blastoise|Hydro Pump|p1a: Skeledirge
|-resisted|p1a: Skeledirge
|-damage|p1a: Skeledirge|78/100
|move|p1a: Skeledirge|Tera Blast|p2a: Blastoise|[anim] Tera Blast Grass
|-supereffective|p2a: Blastoise
|-damage|p2a: Blastoise|0 fnt
|faint|p2a: Blastoise
|
|upkeep
|
|t:|1776105875
|switch|p2a: Meganium|Meganium, M|100/100
|turn|5
|
|t:|1776105879
|move|p2a: Meganium|Sunny Day|p2a: Meganium
|-weather|SunnyDay
|move|p1a: Skeledirge|Torch Song|p2a: Meganium
|-supereffective|p2a: Meganium
|-damage|p2a: Meganium|15/100
|-boost|p1a: Skeledirge|spa|1
|
|-weather|SunnyDay|[upkeep]
|upkeep
|turn|6
|
|t:|1776105894
|move|p1a: Skeledirge|Shadow Ball|p2a: Meganium
|-damage|p2a: Meganium|0 fnt
|faint|p2a: Meganium
|
|-weather|SunnyDay|[upkeep]
|upkeep
|
|t:|1776105897
|switch|p2a: Charizard|Charizard, M|100/100
|turn|7
|
|t:|1776105900
|move|p2a: Charizard|Fire Blast|p1a: Skeledirge
|-supereffective|p1a: Skeledirge
|-damage|p1a: Skeledirge|0 fnt
|faint|p1a: Skeledirge
|
|-weather|SunnyDay|[upkeep]
|-damage|p2a: Charizard|88/100|[from] ability: Solar Power|[of] p2a: Charizard
|upkeep
|
|t:|1776105906
|switch|p1a: Iron Hands|Iron Hands|100/100
|turn|8
|
|t:|1776105919
|move|p2a: Charizard|Fire Blast|p1a: Iron Hands
|-damage|p1a: Iron Hands|16/100
|-status|p1a: Iron Hands|brn
|move|p1a: Iron Hands|Thunder Punch|p2a: Charizard
|-supereffective|p2a: Charizard
|-damage|p2a: Charizard|27/100
|
|-weather|SunnyDay|[upkeep]
|-damage|p2a: Charizard|15/100|[from] ability: Solar Power|[of] p2a: Charizard
|-damage|p1a: Iron Hands|9/100 brn|[from] brn
|upkeep
|turn|9
|
|t:|1776105929
|move|p2a: Charizard|Fire Blast|p1a: Iron Hands|[miss]
|-miss|p2a: Charizard|p1a: Iron Hands
|move|p1a: Iron Hands|Facade|p2a: Charizard
|-damage|p2a: Charizard|0 fnt
|faint|p2a: Charizard
|
|-weather|SunnyDay|[upkeep]
|-damage|p1a: Iron Hands|3/100 brn|[from] brn
|upkeep
|l|☆ThatOneStarterGuy
|inactive|ThatOneStarterGuy disconnected and has a minute to reconnect!
|player|p2|
|inactive|ThatOneStarterGuy has 30 seconds to reconnect!
|inactive|ThatOneStarterGuy has 20 seconds to reconnect!
|inactive|ThatOneStarterGuy has 15 seconds to reconnect!
|inactive|ThatOneStarterGuy has 10 seconds to reconnect!
|inactive|ThatOneStarterGuy has 5 seconds to reconnect!
|-message|ThatOneStarterGuy lost due to inactivity.
|
|win|SaiyanSage
|raw|SaiyanSage's rating: 1085 &rarr; <strong>1111</strong><br />(+26 for winning)
|raw|ThatOneStarterGuy's rating: 1069 &rarr; <strong>1050</strong><br />(-19 for losing)
|l|☆SaiyanSage
|player|p1|
