|html|<div class="broadcast-blue"><strong>[Gen 9] OU is currently suspecting Tera Blast! For information on how to participate check out the <a href="https://www.smogon.com/tools/suspects/view/200">suspect thread</a>.</strong></div>
|j|☆TechSupport69
|j|☆DonovanIsNotHere
|t:|1776192239
|gametype|singles
|player|p1|TechSupport69|roxie|1337
|player|p2|DonovanIsNotHere|101|1373
|gen|9
|tier|[Gen 9] OU
|rated|
|rule|HP Percentage Mod: HP is shown in percentages
|rule|Endless Battle Clause: Forcing endless battles is banned
|rule|Species Clause: Limit one of each Pokémon
|rule|OHKO Clause: OHKO moves are banned
|rule|Evasion Items Clause: Evasion items are banned
|rule|Evasion Moves Clause: Evasion moves are banned
|rule|Evasion Abilities Clause: Evasion abilities are banned
|rule|Sleep Moves Clause: Sleep-inducing moves are banned
|clearpoke
|poke|p1|Moltres|
|poke|p1|Zamazenta-*|
|poke|p1|Darkrai|
|poke|p1|Hydrapple, M|
|poke|p1|Ting-Lu|
|poke|p1|Tinkaton, F|
|poke|p2|Venusaur, M|
|poke|p2|Magnezone|
|poke|p2|Samurott-Hisui, M|
|poke|p2|Pecharunt|
|poke|p2|Heatran, F|
|poke|p2|Corviknight, F|
|teampreview
|inactive|Battle timer is ON: inactive players will automatically lose when time's up. (requested by TechSupport69)
|
|t:|1776192262
|teamsize|p1|6
|teamsize|p2|6
|start
|switch|p1a: Tinkaton|Tinkaton, F|100/100
|switch|p2a: Samurott|Samurott-Hisui, M|100/100
|-ability|p1a: Tinkaton|Mold Breaker
|-item|p1a: Tinkaton|Air Balloon
|turn|1
|inactive|TechSupport69 has 120 seconds left.
|
|t:|1776192293
|switch|p2a: Bird Trap|Magnezone|100/100
|move|p1a: Tinkaton|Thunder Wave|p2a: Bird Trap
|-immune|p2a: Bird Trap
|
|upkeep
|turn|2
|inactive|TechSupport69 has 120 seconds left.
|
|t:|1776192311
|move|p1a: Tinkaton|Stealth Rock|p2a: Bird Trap
|-sidestart|p2: DonovanIsNotHere|move: Stealth Rock
|move|p2a: Bird Trap|Thunderbolt|p1a: Tinkaton
|-damage|p1a: Tinkaton|33/100
|-enditem|p1a: Tinkaton|Air Balloon
|
|upkeep
|turn|3
|inactive|TechSupport69 has 120 seconds left.
|
|t:|1776192320
|move|p1a: Tinkaton|Gigaton Hammer|p2a: Bird Trap
|-resisted|p2a: Bird Trap
|-damage|p2a: Bird Trap|89/100
|move|p2a: Bird Trap|Thunderbolt|p1a: Tinkaton
|-damage|p1a: Tinkaton|0 fnt
|faint|p1a: Tinkaton
|
|upkeep
|inactive|TechSupport69 has 120 seconds left.
|
|t:|1776192331
|switch|p1a: Ting-Lu|Ting-Lu|100/100
|-ability|p1a: Ting-Lu|Vessel of Ruin
|turn|4
|inactive|TechSupport69 has 120 seconds left.
|
|t:|1776192346
|switch|p2a: Samurott|Samurott-Hisui, M|100/100
|-damage|p2a: Samurott|88/100|[from] Stealth Rock
|move|p1a: Ting-Lu|Spikes|p2a: Samurott
|-sidestart|p2: DonovanIsNotHere|Spikes
|
|upkeep
|turn|5
|inactive|TechSupport69 has 120 seconds left.
|
|t:|1776192359
|move|p2a: Samurott|Ceaseless Edge|p1a: Ting-Lu
|-resisted|p1a: Ting-Lu
|-damage|p1a: Ting-Lu|84/100
|-sidestart|p1: TechSupport69|Spikes
|move|p1a: Ting-Lu|Spikes|p2a: Samurott
|-sidestart|p2: DonovanIsNotHere|Spikes
|
|-heal|p1a: Ting-Lu|90/100|[from] item: Leftovers
|upkeep
|turn|6
|inactive|TechSupport69 has 120 seconds left.
|
|t:|1776192367
|switch|p2a: Corviknight|Corviknight, F|100/100
|-damage|p2a: Corviknight|88/100|[from] Stealth Rock
|-ability|p2a: Corviknight|Pressure
|move|p1a: Ting-Lu|Whirlwind|p2a: Corviknight
|drag|p2a: Pecharunt|Pecharunt|100/100
|
|-heal|p1a: Ting-Lu|96/100|[from] item: Leftovers
|upkeep
|turn|7
|inactive|TechSupport69 has 120 seconds left.
|
|t:|1776192380
|move|p2a: Pecharunt|Parting Shot|p1a: Ting-Lu
|-unboost|p1a: Ting-Lu|atk|1
|-unboost|p1a: Ting-Lu|spa|1
|
|t:|1776192388
|switch|p2a: Corviknight|Corviknight, F|88/100|[from] Parting Shot
|-damage|p2a: Corviknight|75/100|[from] Stealth Rock
|-ability|p2a: Corviknight|Pressure
|move|p1a: Ting-Lu|Whirlwind|p2a: Corviknight
|drag|p2a: Heatran|Heatran, F|100/100
|-damage|p2a: Heatran|88/100|[from] Stealth Rock
|-item|p2a: Heatran|Air Balloon
|
|-heal|p1a: Ting-Lu|100/100|[from] item: Leftovers
|upkeep
|turn|8
|
|t:|1776192400
|switch|p2a: Corviknight|Corviknight, F|75/100
|-damage|p2a: Corviknight|63/100|[from] Stealth Rock
|-ability|p2a: Corviknight|Pressure
|move|p1a: Ting-Lu|Whirlwind|p2a: Corviknight
|drag|p2a: Heatran|Heatran, F|88/100
|-damage|p2a: Heatran|76/100|[from] Stealth Rock
|-item|p2a: Heatran|Air Balloon
|
|upkeep
|turn|9
|
|t:|1776192411
|move|p2a: Heatran|Taunt|p1a: Ting-Lu
|-start|p1a: Ting-Lu|move: Taunt
|cant|p1a: Ting-Lu|move: Taunt|Whirlwind
|
|upkeep
|turn|10
|
|t:|1776192415
|switch|p2a: Corviknight|Corviknight, F|63/100
|-damage|p2a: Corviknight|50/100|[from] Stealth Rock
|-ability|p2a: Corviknight|Pressure
|move|p1a: Ting-Lu|Ruination|p2a: Corviknight
|-damage|p2a: Corviknight|25/100
|
|-heal|p2a: Corviknight|32/100|[from] item: Leftovers
|upkeep
|turn|11
|
|t:|1776192431
|switch|p1a: Moltres|Moltres|100/100
|move|p2a: Corviknight|Defog|p1a: Moltres
|-unboost|p1a: Moltres|evasion|1
|-sideend|p1: TechSupport69|Spikes|[from] move: Defog|[of] p2a: Corviknight
|-sideend|p2: DonovanIsNotHere|Spikes|[from] move: Defog|[of] p2a: Corviknight
|-sideend|p2: DonovanIsNotHere|Stealth Rock|[from] move: Defog|[of] p2a: Corviknight
|
|-heal|p2a: Corviknight|38/100|[from] item: Leftovers
|upkeep
|turn|12
|
|t:|1776192441
|switch|p2a: Heatran|Heatran, F|76/100
|-item|p2a: Heatran|Air Balloon
|move|p1a: Moltres|Flamethrower|p2a: Heatran
|-start|p2a: Heatran|ability: Flash Fire
|
|upkeep
|turn|13
|
|t:|1776192457
|switch|p1a: Ting-Lu|Ting-Lu|100/100
|-ability|p1a: Ting-Lu|Vessel of Ruin
|move|p2a: Heatran|Magma Storm|p1a: Ting-Lu
|-damage|p1a: Ting-Lu|71/100
|-activate|p1a: Ting-Lu|move: Magma Storm|[of] p2a: Heatran
|
|-heal|p1a: Ting-Lu|77/100|[from] item: Leftovers
|-damage|p1a: Ting-Lu|65/100|[from] move: Magma Storm|[partiallytrapped]
|upkeep
|turn|14
|
|t:|1776192465
|move|p2a: Heatran|Taunt|p1a: Ting-Lu
|-start|p1a: Ting-Lu|move: Taunt
|move|p1a: Ting-Lu|Ruination|p2a: Heatran
|-damage|p2a: Heatran|38/100
|-enditem|p2a: Heatran|Air Balloon
|
|-heal|p1a: Ting-Lu|71/100|[from] item: Leftovers
|-damage|p1a: Ting-Lu|59/100|[from] move: Magma Storm|[partiallytrapped]
|upkeep
|turn|15
|
|t:|1776192480
|-terastallize|p2a: Heatran|Grass
|move|p2a: Heatran|Stealth Rock|p1a: Ting-Lu
|-sidestart|p1: TechSupport69|move: Stealth Rock
|move|p1a: Ting-Lu|Earthquake|p2a: Heatran
|-resisted|p2a: Heatran
|-damage|p2a: Heatran|24/100
|
|-heal|p1a: Ting-Lu|65/100|[from] item: Leftovers
|-damage|p1a: Ting-Lu|53/100|[from] move: Magma Storm|[partiallytrapped]
|upkeep
|turn|16
|
|t:|1776192497
|move|p2a: Heatran|Magma Storm|p1a: Ting-Lu
|-damage|p1a: Ting-Lu|23/100
|move|p1a: Ting-Lu|Earthquake|p2a: Heatran
|-resisted|p2a: Heatran
|-damage|p2a: Heatran|7/100
|
|-heal|p1a: Ting-Lu|30/100|[from] item: Leftovers
|-damage|p1a: Ting-Lu|17/100|[from] move: Magma Storm|[partiallytrapped]
|-end|p1a: Ting-Lu|move: Taunt
|upkeep
|turn|17
|
|t:|1776192507
|move|p2a: Heatran|Earth Power|p1a: Ting-Lu
|-damage|p1a: Ting-Lu|7/100
|move|p1a: Ting-Lu|Earthquake|p2a: Heatran
|-resisted|p2a: Heatran
|-damage|p2a: Heatran|0 fnt
|faint|p2a: Heatran
|
|-heal|p1a: Ting-Lu|13/100|[from] item: Leftovers
|-end|p1a: Ting-Lu|Magma Storm|[partiallytrapped]|[silent]
|upkeep
|
|t:|1776192509
|switch|p2a: Samurott|Samurott-Hisui, M|88/100
|turn|18
|
|t:|1776192524
|move|p2a: Samurott|Ceaseless Edge|p1a: Ting-Lu
|-resisted|p1a: Ting-Lu
|-damage|p1a: Ting-Lu|0 fnt
|-sidestart|p1: TechSupport69|Spikes
|faint|p1a: Ting-Lu
|
|upkeep
|
|t:|1776192548
|switch|p1a: Zamazenta|Zamazenta|100/100
|-ability|p1a: Zamazenta|Dauntless Shield|boost
|-boost|p1a: Zamazenta|def|1
|turn|19
|
|t:|1776192553
|switch|p2a: Pecharunt|Pecharunt|100/100
|move|p1a: Zamazenta|Close Combat|p2a: Pecharunt
|-immune|p2a: Pecharunt
|
|upkeep
|turn|20
|
|t:|1776192566
|switch|p1a: Moltres|Moltres|100/100
|move|p2a: Pecharunt|Malignant Chain|p1a: Moltres
|-damage|p1a: Moltres|69/100
|-status|p1a: Moltres|tox
|-start|p1a: Moltres|confusion|[from] ability: Poison Puppeteer|[of] p2a: Pecharunt
|
|-damage|p1a: Moltres|63/100 tox|[from] psn
|upkeep
|turn|21
|
|t:|1776192577
|move|p2a: Pecharunt|Parting Shot|p1a: Moltres
|-unboost|p1a: Moltres|atk|1
|-unboost|p1a: Moltres|spa|1
|
|t:|1776192579
|switch|p2a: Samurott|Samurott-Hisui, M|88/100|[from] Parting Shot
|-activate|p1a: Moltres|confusion
|move|p1a: Moltres|Hurricane|p2a: Samurott|[miss]
|-miss|p1a: Moltres|p2a: Samurott
|
|-damage|p1a: Moltres|51/100 tox|[from] psn
|upkeep
|turn|22
|
|t:|1776192588
|move|p2a: Samurott|Knock Off|p1a: Moltres
|-crit|p1a: Moltres
|-damage|p1a: Moltres|0 fnt
|-enditem|p1a: Moltres|Heavy-Duty Boots|[from] move: Knock Off|[of] p2a: Samurott
|faint|p1a: Moltres
|
|upkeep
|
|t:|1776192596
|switch|p1a: Hydrapple|Hydrapple, M|100/100
|turn|23
|
|t:|1776192607
|move|p2a: Samurott|Knock Off|p1a: Hydrapple
|-damage|p1a: Hydrapple|67/100
|-enditem|p1a: Hydrapple|Heavy-Duty Boots|[from] move: Knock Off|[of] p2a: Samurott
|move|p1a: Hydrapple|Nasty Plot|p1a: Hydrapple
|-boost|p1a: Hydrapple|spa|2
|
|upkeep
|turn|24
|
|t:|1776192614
|move|p2a: Samurott|Ceaseless Edge|p1a: Hydrapple
|-damage|p1a: Hydrapple|35/100
|-sidestart|p1: TechSupport69|Spikes
|move|p1a: Hydrapple|Giga Drain|p2a: Samurott
|-supereffective|p2a: Samurott
|-damage|p2a: Samurott|0 fnt
|-heal|p1a: Hydrapple|69/100|[from] drain|[of] p2a: Samurott
|faint|p2a: Samurott
|
|upkeep
|
|t:|1776192621
|switch|p2a: Flytrap|Venusaur, M|100/100
|turn|25
|
|t:|1776192629
|-terastallize|p1a: Hydrapple|Poison
|move|p2a: Flytrap|Acid Spray|p1a: Hydrapple
|-resisted|p1a: Hydrapple
|-damage|p1a: Hydrapple|61/100
|-unboost|p1a: Hydrapple|spd|2
|move|p1a: Hydrapple|Fickle Beam|p2a: Flytrap
|-damage|p2a: Flytrap|51/100
|
|-heal|p2a: Flytrap|57/100|[from] item: Leftovers
|upkeep
|turn|26
|
|t:|1776192641
|move|p2a: Flytrap|Earth Power|p1a: Hydrapple
|-supereffective|p1a: Hydrapple
|-damage|p1a: Hydrapple|0 fnt
|faint|p1a: Hydrapple
|
|-heal|p2a: Flytrap|63/100|[from] item: Leftovers
|upkeep
|
|t:|1776192649
|switch|p1a: Darkrai|Darkrai, shiny|100/100
|turn|27
|
|t:|1776192658
|move|p1a: Darkrai|Psychic|p2a: Flytrap
|-supereffective|p2a: Flytrap
|-damage|p2a: Flytrap|20/100
|move|p2a: Flytrap|Giga Drain|p1a: Darkrai
|-damage|p1a: Darkrai|47/100
|-heal|p2a: Flytrap|40/100|[from] drain|[of] p1a: Darkrai
|
|-heal|p2a: Flytrap|46/100|[from] item: Leftovers
|upkeep
|turn|28
|
|t:|1776192664
|move|p1a: Darkrai|Ice Beam|p2a: Flytrap
|-supereffective|p2a: Flytrap
|-damage|p2a: Flytrap|3/100
|move|p2a: Flytrap|Giga Drain|p1a: Darkrai
|-damage|p1a: Darkrai|0 fnt
|-heal|p2a: Flytrap|21/100|[from] drain|[of] p1a: Darkrai
|faint|p1a: Darkrai
|
|-heal|p2a: Flytrap|27/100|[from] item: Leftovers
|upkeep
|
|t:|1776192671
|switch|p1a: Zamazenta|Zamazenta|100/100
|turn|29
|
|t:|1776192674
|move|p1a: Zamazenta|Psychic Fangs|p2a: Flytrap
|-supereffective|p2a: Flytrap
|-damage|p2a: Flytrap|0 fnt
|faint|p2a: Flytrap
|
|upkeep
|
|t:|1776192681
|switch|p2a: Pecharunt|Pecharunt|100/100
|turn|30
|
|t:|1776192685
|move|p1a: Zamazenta|Crunch|p2a: Pecharunt
|-supereffective|p2a: Pecharunt
|-damage|p2a: Pecharunt|76/100
|move|p2a: Pecharunt|Parting Shot|p1a: Zamazenta
|-unboost|p1a: Zamazenta|atk|1
|-unboost|p1a: Zamazenta|spa|1
|
|t:|1776192688
|switch|p2a: Corviknight|Corviknight, F|38/100|[from] Parting Shot
|-ability|p2a: Corviknight|Pressure
|
|-heal|p2a: Corviknight|44/100|[from] item: Leftovers
|upkeep
|turn|31
|
|t:|1776192692
|move|p1a: Zamazenta|Crunch|p2a: Corviknight
|-damage|p2a: Corviknight|29/100
|move|p2a: Corviknight|U-turn|p1a: Zamazenta
|-resisted|p1a: Zamazenta
|-damage|p1a: Zamazenta|94/100
|
|t:|1776192694
|switch|p2a: Pecharunt|Pecharunt|76/100|[from] U-turn
|
|upkeep
|turn|32
|
|t:|1776192696
|move|p1a: Zamazenta|Crunch|p2a: Pecharunt
|-supereffective|p2a: Pecharunt
|-damage|p2a: Pecharunt|58/100
|move|p2a: Pecharunt|Parting Shot|p1a: Zamazenta
|-unboost|p1a: Zamazenta|atk|1
|-unboost|p1a: Zamazenta|spa|1
|
|t:|1776192699
|switch|p2a: Corviknight|Corviknight, F|29/100|[from] Parting Shot
|-ability|p2a: Corviknight|Pressure
|
|-heal|p2a: Corviknight|35/100|[from] item: Leftovers
|upkeep
|turn|33
|-message|TechSupport69 forfeited.
|
|win|DonovanIsNotHere
|raw|TechSupport69's rating: 1337 &rarr; <strong>1319</strong><br />(-18 for losing)
|raw|DonovanIsNotHere's rating: 1373 &rarr; <strong>1391</strong><br />(+18 for winning)
|l|☆TechSupport69
|player|p1|
