|html|<div class="broadcast-blue"><strong>[Gen 9] OU is currently suspecting Tera Blast! For information on how to participate check out the <a href="https://www.smogon.com/tools/suspects/view/200">suspect thread</a>.</strong></div>
|j|☆terablastdontbanit
|j|☆dxj66
|t:|1776241034
|gametype|singles
|player|p1|terablastdontbanit|169|1320
|player|p2|dxj66|169|1223
|gen|9
|tier|[Gen 9] OU
|rated|
|rule|HP Percentage Mod: HP is shown in percentages
|rule|Endless Battle Clause: Forcing endless battles is banned
|rule|Species Clause: Limit one of each Pokémon
|rule|OHKO Clause: OHKO moves are banned
|rule|Evasion Items Clause: Evasion items are banned
|rule|Evasion Moves Clause: Evasion moves are banned
|rule|Evasion Abilities Clause: Evasion abilities are banned
|rule|Sleep Moves Clause: Sleep-inducing moves are banned
|clearpoke
|poke|p1|Darkrai|
|poke|p1|Zamazenta-*|
|poke|p1|Iron Treads|
|poke|p1|Ting-Lu|
|poke|p1|Gholdengo|
|poke|p1|Dragonite, M|
|poke|p2|Tyranitar, F|
|poke|p2|Excadrill, M|
|poke|p2|Blaziken, F|
|poke|p2|Corviknight, F|
|poke|p2|Tornadus-Therian, M|
|poke|p2|Rillaboom, F|
|teampreview
|
|t:|1776241038
|teamsize|p1|6
|teamsize|p2|6
|start
|switch|p1a: Ting-Lu|Ting-Lu|100/100
|switch|p2a: Tyranitar|Tyranitar, F|100/100
|-weather|Sandstorm|[from] ability: Sand Stream|[of] p2a: Tyranitar
|-ability|p1a: Ting-Lu|Vessel of Ruin
|turn|1
|inactive|Battle timer is ON: inactive players will automatically lose when time's up. (requested by terablastdontbanit)
|
|t:|1776241044
|move|p2a: Tyranitar|Stealth Rock|p1a: Ting-Lu
|-sidestart|p1: terablastdontbanit|move: Stealth Rock
|move|p1a: Ting-Lu|Stealth Rock|p2a: Tyranitar
|-sidestart|p2: dxj66|move: Stealth Rock
|
|-weather|Sandstorm|[upkeep]
|upkeep
|turn|2
|
|t:|1776241049
|switch|p2a: Rillaboom|Rillaboom, F|100/100
|-damage|p2a: Rillaboom|88/100|[from] Stealth Rock
|-fieldstart|move: Grassy Terrain|[from] ability: Grassy Surge|[of] p2a: Rillaboom
|move|p1a: Ting-Lu|Spikes|p2a: Rillaboom
|-sidestart|p2: dxj66|Spikes
|
|-weather|Sandstorm|[upkeep]
|-damage|p2a: Rillaboom|82/100|[from] Sandstorm
|-heal|p2a: Rillaboom|88/100|[from] Grassy Terrain
|upkeep
|turn|3
|
|t:|1776241054
|move|p2a: Rillaboom|U-turn|p1a: Ting-Lu
|-supereffective|p1a: Ting-Lu
|-damage|p1a: Ting-Lu|72/100
|-enditem|p1a: Ting-Lu|Red Card|[of] p2a: Rillaboom
|drag|p2a: Tornadus|Tornadus-Therian, M|100/100
|move|p1a: Ting-Lu|Spikes|p2a: Tornadus
|-sidestart|p2: dxj66|Spikes
|
|-weather|Sandstorm|[upkeep]
|-damage|p2a: Tornadus|94/100|[from] Sandstorm
|-heal|p1a: Ting-Lu|79/100|[from] Grassy Terrain
|upkeep
|turn|4
|
|t:|1776241064
|move|p2a: Tornadus|Air Slash|p1a: Ting-Lu
|-damage|p1a: Ting-Lu|66/100
|move|p1a: Ting-Lu|Ruination|p2a: Tornadus|[miss]
|-miss|p1a: Ting-Lu|p2a: Tornadus
|
|-weather|Sandstorm|[upkeep]
|-damage|p2a: Tornadus|88/100|[from] Sandstorm
|-heal|p1a: Ting-Lu|73/100|[from] Grassy Terrain
|upkeep
|turn|5
|
|t:|1776241070
|move|p2a: Tornadus|U-turn|p1a: Ting-Lu
|-supereffective|p1a: Ting-Lu
|-damage|p1a: Ting-Lu|58/100
|
|t:|1776241072
|switch|p2a: Corviknight|Corviknight, F|100/100|[from] U-turn
|-damage|p2a: Corviknight|88/100|[from] Stealth Rock
|move|p1a: Ting-Lu|Spikes|p2a: Corviknight
|-sidestart|p2: dxj66|Spikes
|
|-weather|Sandstorm|[upkeep]
|-heal|p1a: Ting-Lu|64/100|[from] Grassy Terrain
|upkeep
|turn|6
|
|t:|1776241077
|move|p2a: Corviknight|Defog|p1a: Ting-Lu
|-unboost|p1a: Ting-Lu|evasion|1
|-sideend|p1: terablastdontbanit|Stealth Rock|[from] move: Defog|[of] p2a: Corviknight
|-sideend|p2: dxj66|Spikes|[from] move: Defog|[of] p2a: Corviknight
|-sideend|p2: dxj66|Stealth Rock|[from] move: Defog|[of] p2a: Corviknight
|-fieldend|move: Grassy Terrain
|move|p1a: Ting-Lu|Ruination|p2a: Corviknight
|-damage|p2a: Corviknight|44/100
|
|-weather|Sandstorm|[upkeep]
|upkeep
|turn|7
|
|t:|1776241082
|switch|p2a: Rillaboom|Rillaboom, F|88/100
|-fieldstart|move: Grassy Terrain|[from] ability: Grassy Surge|[of] p2a: Rillaboom
|move|p1a: Ting-Lu|Stealth Rock|p2a: Rillaboom
|-sidestart|p2: dxj66|move: Stealth Rock
|
|-weather|Sandstorm|[upkeep]
|-damage|p2a: Rillaboom|82/100|[from] Sandstorm
|-heal|p2a: Rillaboom|88/100|[from] Grassy Terrain
|-heal|p1a: Ting-Lu|70/100|[from] Grassy Terrain
|upkeep
|turn|8
|
|t:|1776241088
|move|p2a: Rillaboom|Wood Hammer|p1a: Ting-Lu
|-supereffective|p1a: Ting-Lu
|-damage|p1a: Ting-Lu|0 fnt
|faint|p1a: Ting-Lu
|-damage|p2a: Rillaboom|57/100|[from] Recoil
|
|-weather|none
|-heal|p2a: Rillaboom|63/100|[from] Grassy Terrain
|upkeep
|
|t:|1776241112
|switch|p1a: Zamazenta|Zamazenta|100/100
|-ability|p1a: Zamazenta|Dauntless Shield|boost
|-boost|p1a: Zamazenta|def|1
|turn|9
|
|t:|1776241124
|switch|p2a: Tornadus|Tornadus-Therian, M|100/100
|move|p1a: Zamazenta|Iron Defense|p1a: Zamazenta
|-boost|p1a: Zamazenta|def|2
|
|upkeep
|turn|10
|
|t:|1776241135
|-terastallize|p1a: Zamazenta|Fire
|move|p1a: Zamazenta|Iron Defense|p1a: Zamazenta
|-boost|p1a: Zamazenta|def|2
|move|p2a: Tornadus|Air Slash|p1a: Zamazenta
|-damage|p1a: Zamazenta|71/100
|
|-heal|p1a: Zamazenta|77/100|[from] Grassy Terrain
|-heal|p1a: Zamazenta|83/100|[from] item: Leftovers
|upkeep
|turn|11
|
|t:|1776241146
|switch|p2a: Corviknight|Corviknight, F|44/100
|-damage|p2a: Corviknight|32/100|[from] Stealth Rock
|move|p1a: Zamazenta|Body Press|p2a: Corviknight
|-damage|p2a: Corviknight|0 fnt
|-damage|p1a: Zamazenta|67/100|[from] item: Rocky Helmet|[of] p2a: Corviknight
|faint|p2a: Corviknight
|
|-heal|p1a: Zamazenta|73/100|[from] Grassy Terrain
|-heal|p1a: Zamazenta|79/100|[from] item: Leftovers
|-fieldend|move: Grassy Terrain
|upkeep
|
|t:|1776241153
|switch|p2a: Blaziken|Blaziken, F|100/100
|turn|12
|
|t:|1776241159
|move|p2a: Blaziken|Protect|p2a: Blaziken
|-singleturn|p2a: Blaziken|Protect
|move|p1a: Zamazenta|Body Press|p2a: Blaziken
|-activate|p2a: Blaziken|move: Protect
|
|-heal|p1a: Zamazenta|85/100|[from] item: Leftovers
|-ability|p2a: Blaziken|Speed Boost|boost
|-boost|p2a: Blaziken|spe|1
|upkeep
|turn|13
|-message|dxj66 forfeited.
|
|win|terablastdontbanit
|raw|terablastdontbanit's rating: 1320 &rarr; <strong>1336</strong><br />(+16 for winning)
|raw|dxj66's rating: 1247 &rarr; <strong>1227</strong><br />(-20 for losing)
|l|☆dxj66
|player|p2|
