|html|<div class="broadcast-blue"><strong>[Gen 9] OU is currently suspecting Tera Blast! For information on how to participate check out the <a href="https://www.smogon.com/tools/suspects/view/200">suspect thread</a>.</strong></div>
|badge|p2|silver|gen9ou|30-9
|uhtml|medal-msg|<div class="broadcast-blue">Curious what those medals under the avatar are? PS now has Ladder Seasons! For more information, check out the <a href="https://www.smogon.com/forums/threads/3740067/">thread on Smogon.</a></div>
|j|☆KingKaido65
|j|☆sv gurt
|t:|1776031692
|gametype|singles
|player|p1|KingKaido65|dragontamer-gen6|1772
|player|p2|sv gurt|bugsy-masters|1887
|gen|9
|tier|[Gen 9] OU
|rated|
|rule|HP Percentage Mod: HP is shown in percentages
|rule|Endless Battle Clause: Forcing endless battles is banned
|rule|Species Clause: Limit one of each Pokémon
|rule|OHKO Clause: OHKO moves are banned
|rule|Evasion Items Clause: Evasion items are banned
|rule|Evasion Moves Clause: Evasion moves are banned
|rule|Evasion Abilities Clause: Evasion abilities are banned
|rule|Sleep Moves Clause: Sleep-inducing moves are banned
|clearpoke
|poke|p1|Primarina, F|
|poke|p1|Dragapult, F|
|poke|p1|Garganacl, F|
|poke|p1|Kingambit, F|
|poke|p1|Zapdos|
|poke|p1|Iron Treads|
|poke|p2|Lilligant-Hisui, F|
|poke|p2|Alomomola, M|
|poke|p2|Kyurem|
|poke|p2|Scizor, F|
|poke|p2|Iron Treads|
|poke|p2|Tornadus-Therian, M|
|teampreview
|inactive|Battle timer is ON: inactive players will automatically lose when time's up. (requested by KingKaido65)
|
|t:|1776031720
|teamsize|p1|6
|teamsize|p2|6
|start
|switch|p1a: Warai JOGO|Garganacl, F|100/100
|switch|p2a: Iron Treads|Iron Treads|100/100
|turn|1
|
|t:|1776031726
|move|p2a: Iron Treads|Knock Off|p1a: Warai JOGO
|-damage|p1a: Warai JOGO|82/100
|-enditem|p1a: Warai JOGO|Leftovers|[from] move: Knock Off|[of] p2a: Iron Treads
|move|p1a: Warai JOGO|Salt Cure|p2a: Iron Treads
|-resisted|p2a: Iron Treads
|-damage|p2a: Iron Treads|98/100
|-start|p2a: Iron Treads|Salt Cure
|
|-heal|p2a: Iron Treads|100/100|[from] item: Leftovers
|-damage|p2a: Iron Treads|75/100|[from] Salt Cure
|upkeep
|turn|2
|
|t:|1776031742
|move|p2a: Iron Treads|Stealth Rock|p1a: Warai JOGO
|-sidestart|p1: KingKaido65|move: Stealth Rock
|move|p1a: Warai JOGO|Recover|p1a: Warai JOGO
|-heal|p1a: Warai JOGO|100/100
|
|-heal|p2a: Iron Treads|82/100|[from] item: Leftovers
|-damage|p2a: Iron Treads|57/100|[from] Salt Cure
|upkeep
|turn|3
|
|t:|1776031746
|-end|p2a: Iron Treads|Quark Drive|[silent]
|switch|p2a: Alomomola|Alomomola, M|100/100
|move|p1a: Warai JOGO|Recover||[still]
|-fail|p1a: Warai JOGO|heal
|
|upkeep
|turn|4
|
|t:|1776031750
|move|p2a: Alomomola|Substitute|p2a: Alomomola
|-start|p2a: Alomomola|Substitute
|-damage|p2a: Alomomola|76/100
|move|p1a: Warai JOGO|Salt Cure|p2a: Alomomola
|-activate|p2a: Alomomola|move: Substitute|[damage]
|
|-heal|p2a: Alomomola|82/100|[from] item: Leftovers
|upkeep
|turn|5
|
|t:|1776031756
|switch|p1a: Flirty Drunk|Primarina, F|100/100
|-damage|p1a: Flirty Drunk|88/100|[from] Stealth Rock
|move|p2a: Alomomola|Calm Mind|p2a: Alomomola
|-boost|p2a: Alomomola|spa|1
|-boost|p2a: Alomomola|spd|1
|
|-heal|p1a: Flirty Drunk|94/100|[from] item: Leftovers
|-heal|p2a: Alomomola|88/100|[from] item: Leftovers
|upkeep
|turn|6
|
|t:|1776031776
|move|p1a: Flirty Drunk|Calm Mind|p1a: Flirty Drunk
|-boost|p1a: Flirty Drunk|spa|1
|-boost|p1a: Flirty Drunk|spd|1
|move|p2a: Alomomola|Calm Mind|p2a: Alomomola
|-boost|p2a: Alomomola|spa|1
|-boost|p2a: Alomomola|spd|1
|
|-heal|p1a: Flirty Drunk|100/100|[from] item: Leftovers
|-heal|p2a: Alomomola|94/100|[from] item: Leftovers
|upkeep
|turn|7
|
|t:|1776031780
|move|p1a: Flirty Drunk|Substitute|p1a: Flirty Drunk
|-start|p1a: Flirty Drunk|Substitute
|-damage|p1a: Flirty Drunk|76/100
|move|p2a: Alomomola|Alluring Voice|p1a: Flirty Drunk
|-damage|p1a: Flirty Drunk|60/100
|
|-heal|p1a: Flirty Drunk|66/100|[from] item: Leftovers
|-heal|p2a: Alomomola|99/100|[from] item: Leftovers
|upkeep
|turn|8
|
|t:|1776031788
|-terastallize|p2a: Alomomola|Fairy
|move|p1a: Flirty Drunk|Calm Mind|p1a: Flirty Drunk
|-boost|p1a: Flirty Drunk|spa|1
|-boost|p1a: Flirty Drunk|spd|1
|move|p2a: Alomomola|Alluring Voice|p1a: Flirty Drunk
|-damage|p1a: Flirty Drunk|50/100
|-start|p1a: Flirty Drunk|confusion
|
|-heal|p1a: Flirty Drunk|56/100|[from] item: Leftovers
|-heal|p2a: Alomomola|100/100|[from] item: Leftovers
|upkeep
|turn|9
|
|t:|1776031792
|-activate|p1a: Flirty Drunk|confusion
|-damage|p1a: Flirty Drunk|51/100|[from] confusion
|move|p2a: Alomomola|Alluring Voice|p1a: Flirty Drunk
|-crit|p1a: Flirty Drunk
|-damage|p1a: Flirty Drunk|0 fnt
|faint|p1a: Flirty Drunk
|
|upkeep
|
|t:|1776031814
|switch|p1a: Gundari Ryuseigun|Dragapult, F|100/100
|-damage|p1a: Gundari Ryuseigun|88/100|[from] Stealth Rock
|turn|10
|
|t:|1776031826
|-terastallize|p1a: Gundari Ryuseigun|Ghost
|move|p1a: Gundari Ryuseigun|Tera Blast|p2a: Alomomola|[anim] Tera Blast Ghost
|-end|p2a: Alomomola|Substitute
|move|p2a: Alomomola|Alluring Voice|p1a: Gundari Ryuseigun
|-damage|p1a: Gundari Ryuseigun|32/100
|
|upkeep
|turn|11
|
|t:|1776031832
|move|p1a: Gundari Ryuseigun|Tera Blast|p2a: Alomomola|[anim] Tera Blast Ghost
|-damage|p2a: Alomomola|29/100
|move|p2a: Alomomola|Scald|p1a: Gundari Ryuseigun
|-damage|p1a: Gundari Ryuseigun|0 fnt
|faint|p1a: Gundari Ryuseigun
|
|-heal|p2a: Alomomola|35/100|[from] item: Leftovers
|upkeep
|
|t:|1776031834
|switch|p1a: Kingambit|Kingambit, F|100/100
|-damage|p1a: Kingambit|94/100|[from] Stealth Rock
|-activate|p1a: Kingambit|ability: Supreme Overlord
|-start|p1a: Kingambit|fallen2|[silent]
|turn|12
|
|t:|1776031838
|switch|p2a: Iron Treads|Iron Treads|57/100
|move|p1a: Kingambit|Iron Head|p2a: Iron Treads
|-resisted|p2a: Iron Treads
|-damage|p2a: Iron Treads|36/100
|
|-heal|p2a: Iron Treads|43/100|[from] item: Leftovers
|-heal|p1a: Kingambit|100/100|[from] item: Leftovers
|upkeep
|turn|13
|j| Prof dankness
|
|t:|1776031842
|move|p1a: Kingambit|Sucker Punch|p2a: Iron Treads
|-damage|p2a: Iron Treads|6/100
|move|p2a: Iron Treads|Earthquake|p1a: Kingambit
|-supereffective|p1a: Kingambit
|-damage|p1a: Kingambit|37/100
|
|-heal|p2a: Iron Treads|13/100|[from] item: Leftovers
|-heal|p1a: Kingambit|43/100|[from] item: Leftovers
|upkeep
|turn|14
|
|t:|1776031848
|move|p1a: Kingambit|Sucker Punch|p2a: Iron Treads
|-damage|p2a: Iron Treads|0 fnt
|faint|p2a: Iron Treads
|-end|p2a: Iron Treads|Quark Drive|[silent]
|
|-heal|p1a: Kingambit|49/100|[from] item: Leftovers
|upkeep
|
|t:|1776031850
|switch|p2a: Scizor|Scizor, F|100/100
|turn|15
|
|t:|1776031853
|-end|p1a: Kingambit|fallen2|[silent]
|switch|p1a: Laughing Drunk|Zapdos|100/100
|move|p2a: Scizor|U-turn|p1a: Laughing Drunk
|-resisted|p1a: Laughing Drunk
|-damage|p1a: Laughing Drunk|78/100
|j| volbeatluvr
|
|t:|1776031860
|switch|p2a: Kyurem|Kyurem|100/100|[from] U-turn
|-ability|p2a: Kyurem|Pressure
|
|upkeep
|turn|16
|
|t:|1776031864
|switch|p1a: Warai JOGO|Garganacl, F|100/100
|-damage|p1a: Warai JOGO|88/100|[from] Stealth Rock
|move|p2a: Kyurem|Freeze-Dry|p1a: Warai JOGO
|-damage|p1a: Warai JOGO|63/100
|-damage|p2a: Kyurem|91/100|[from] item: Life Orb
|
|upkeep
|turn|17
|
|t:|1776031868
|switch|p2a: Lilligant|Lilligant-Hisui, F|100/100
|move|p1a: Warai JOGO|Recover|p1a: Warai JOGO
|-heal|p1a: Warai JOGO|100/100
|
|upkeep
|turn|18
|
|t:|1776031872
|switch|p1a: Laughing Drunk|Zapdos|78/100
|move|p2a: Lilligant|Low Kick|p1a: Laughing Drunk
|-resisted|p1a: Laughing Drunk
|-damage|p1a: Laughing Drunk|60/100
|
|upkeep
|turn|19
|
|t:|1776031882
|switch|p2a: Kyurem|Kyurem|91/100
|-ability|p2a: Kyurem|Pressure
|move|p1a: Laughing Drunk|Hurricane|p2a: Kyurem
|-damage|p2a: Kyurem|49/100
|-start|p2a: Kyurem|confusion
|
|upkeep
|turn|20
|
|t:|1776031889
|-activate|p2a: Kyurem|confusion
|move|p2a: Kyurem|Icicle Spear|p1a: Laughing Drunk
|-supereffective|p1a: Laughing Drunk
|-damage|p1a: Laughing Drunk|35/100
|-supereffective|p1a: Laughing Drunk
|-damage|p1a: Laughing Drunk|9/100
|-supereffective|p1a: Laughing Drunk
|-damage|p1a: Laughing Drunk|0 fnt
|faint|p1a: Laughing Drunk
|-hitcount|p1: Laughing Drunk|3
|-damage|p2a: Kyurem|39/100|[from] item: Life Orb
|
|upkeep
|
|t:|1776031892
|switch|p1a: Raging Drunk|Iron Treads|100/100
|-damage|p1a: Raging Drunk|97/100|[from] Stealth Rock
|turn|21
|
|t:|1776031899
|move|p1a: Raging Drunk|Rapid Spin|p2a: Kyurem
|-damage|p2a: Kyurem|26/100
|-boost|p1a: Raging Drunk|spe|1
|-sideend|p1: KingKaido65|Stealth Rock|[from] move: Rapid Spin|[of] p1a: Raging Drunk
|-activate|p2a: Kyurem|confusion
|move|p2a: Kyurem|Freeze-Dry|p1a: Raging Drunk
|-damage|p1a: Raging Drunk|40/100
|-status|p1a: Raging Drunk|frz
|-damage|p2a: Kyurem|16/100|[from] item: Life Orb
|
|-heal|p1a: Raging Drunk|46/100 frz|[from] item: Leftovers
|upkeep
|turn|22
|
|t:|1776031902
|switch|p2a: Lilligant|Lilligant-Hisui, F|100/100
|cant|p1a: Raging Drunk|frz
|
|-heal|p1a: Raging Drunk|52/100 frz|[from] item: Leftovers
|upkeep
|turn|23
|
|t:|1776031904
|cant|p1a: Raging Drunk|frz
|move|p2a: Lilligant|Victory Dance|p2a: Lilligant
|-boost|p2a: Lilligant|atk|1
|-boost|p2a: Lilligant|def|1
|-boost|p2a: Lilligant|spe|1
|
|-heal|p1a: Raging Drunk|58/100 frz|[from] item: Leftovers
|upkeep
|turn|24
|
|t:|1776031906
|cant|p1a: Raging Drunk|frz
|move|p2a: Lilligant|Victory Dance|p2a: Lilligant
|-boost|p2a: Lilligant|atk|1
|-boost|p2a: Lilligant|def|1
|-boost|p2a: Lilligant|spe|1
|
|-heal|p1a: Raging Drunk|64/100 frz|[from] item: Leftovers
|upkeep
|turn|25
|
|t:|1776031910
|move|p2a: Lilligant|Victory Dance|p2a: Lilligant
|-boost|p2a: Lilligant|atk|1
|-boost|p2a: Lilligant|def|1
|-boost|p2a: Lilligant|spe|1
|cant|p1a: Raging Drunk|frz
|
|-heal|p1a: Raging Drunk|70/100 frz|[from] item: Leftovers
|upkeep
|turn|26
|
|t:|1776031927
|move|p2a: Lilligant|Victory Dance|p2a: Lilligant
|-boost|p2a: Lilligant|atk|1
|-boost|p2a: Lilligant|def|1
|-boost|p2a: Lilligant|spe|1
|cant|p1a: Raging Drunk|frz
|
|-heal|p1a: Raging Drunk|76/100 frz|[from] item: Leftovers
|upkeep
|turn|27
|
|t:|1776031929
|move|p2a: Lilligant|Victory Dance|p2a: Lilligant
|-boost|p2a: Lilligant|atk|1
|-boost|p2a: Lilligant|def|1
|-boost|p2a: Lilligant|spe|1
|cant|p1a: Raging Drunk|frz
|
|-heal|p1a: Raging Drunk|82/100 frz|[from] item: Leftovers
|upkeep
|turn|28
|
|t:|1776031931
|move|p2a: Lilligant|Victory Dance|p2a: Lilligant
|-boost|p2a: Lilligant|atk|1
|-boost|p2a: Lilligant|def|1
|-boost|p2a: Lilligant|spe|1
|cant|p1a: Raging Drunk|frz
|
|-heal|p1a: Raging Drunk|88/100 frz|[from] item: Leftovers
|upkeep
|turn|29
|
|t:|1776031934
|move|p2a: Lilligant|Low Kick|p1a: Raging Drunk
|-supereffective|p1a: Raging Drunk
|-damage|p1a: Raging Drunk|0 fnt
|faint|p1a: Raging Drunk
|-end|p1a: Raging Drunk|Quark Drive|[silent]
|
|upkeep
|inactive|KingKaido65 has 120 seconds left.
|inactive|KingKaido65 has 90 seconds left.
|inactive|KingKaido65 has 60 seconds left.
|inactive|KingKaido65 has 30 seconds left.
|inactive|KingKaido65 has 20 seconds left.
|inactive|KingKaido65 has 15 seconds left.
|inactive|KingKaido65 has 10 seconds left.
|inactive|KingKaido65 has 5 seconds left.
|-message|KingKaido65 lost due to inactivity.
|
|win|sv gurt
|raw|KingKaido65's rating: 1772 &rarr; <strong>1757</strong><br />(-15 for losing)
|raw|sv gurt's rating: 1862 &rarr; <strong>1877</strong><br />(+15 for winning)
|l|☆KingKaido65
|player|p1|
|l| Prof dankness
|l| volbeatluvr
