|html|<div class="broadcast-blue"><strong>[Gen 9] OU is currently suspecting Tera Blast! For information on how to participate check out the <a href="https://www.smogon.com/tools/suspects/view/200">suspect thread</a>.</strong></div>
|j|☆hdsdd
|j|‽KAHALL
|t:|1776083995
|gametype|singles
|player|p1|hdsdd|cheryl|1202
|player|p2|KAHALL|265|1163
|gen|9
|tier|[Gen 9] OU
|rated|
|rule|HP Percentage Mod: HP is shown in percentages
|rule|Endless Battle Clause: Forcing endless battles is banned
|rule|Species Clause: Limit one of each Pokémon
|rule|OHKO Clause: OHKO moves are banned
|rule|Evasion Items Clause: Evasion items are banned
|rule|Evasion Moves Clause: Evasion moves are banned
|rule|Evasion Abilities Clause: Evasion abilities are banned
|rule|Sleep Moves Clause: Sleep-inducing moves are banned
|clearpoke
|poke|p1|Pelipper, M|
|poke|p1|Barraskewda, F|
|poke|p1|Raging Bolt|
|poke|p1|Iron Treads|
|poke|p1|Lokix, M|
|poke|p1|Iron Valiant|
|poke|p2|Bisharp, M|
|poke|p2|Swampert, F|
|poke|p2|Ribombee, M|
|poke|p2|Cryogonal|
|poke|p2|Dachsbun, F|
|poke|p2|Weezing, F|
|teampreview
|inactive|Battle timer is ON: inactive players will automatically lose when time's up. (requested by hdsdd)
|
|t:|1776084001
|teamsize|p1|6
|teamsize|p2|6
|start
|switch|p1a: Raging Bolt|Raging Bolt|100/100
|switch|p2a: Swampert|Swampert, F|100/100
|-enditem|p1a: Raging Bolt|Booster Energy
|-activate|p1a: Raging Bolt|ability: Protosynthesis|[fromitem]
|-start|p1a: Raging Bolt|protosynthesisspa
|turn|1
|
|t:|1776084007
|-end|p1a: Raging Bolt|Protosynthesis|[silent]
|switch|p1a: Pelipper|Pelipper, M|100/100
|-weather|RainDance|[from] ability: Drizzle|[of] p1a: Pelipper
|move|p2a: Swampert|Knock Off|p1a: Pelipper
|-damage|p1a: Pelipper|74/100
|-enditem|p1a: Pelipper|Damp Rock|[from] move: Knock Off|[of] p2a: Swampert
|
|-weather|RainDance|[upkeep]
|upkeep
|turn|2
|
|t:|1776084011
|move|p2a: Swampert|Stealth Rock|p1a: Pelipper
|-sidestart|p1: hdsdd|move: Stealth Rock
|move|p1a: Pelipper|U-turn|p2a: Swampert
|-damage|p2a: Swampert|91/100
|
|t:|1776084017
|switch|p1a: Iron Treads|Iron Treads|100/100|[from] U-turn
|-damage|p1a: Iron Treads|97/100|[from] Stealth Rock
|
|-weather|RainDance|[upkeep]
|-heal|p1a: Iron Treads|100/100|[from] item: Leftovers
|-heal|p2a: Swampert|98/100|[from] item: Leftovers
|upkeep
|turn|3
|
|t:|1776084024
|move|p1a: Iron Treads|Rapid Spin|p2a: Swampert
|-damage|p2a: Swampert|82/100
|-boost|p1a: Iron Treads|spe|1
|-sideend|p1: hdsdd|Stealth Rock|[from] move: Rapid Spin|[of] p1a: Iron Treads
|move|p2a: Swampert|Earthquake|p1a: Iron Treads
|-supereffective|p1a: Iron Treads
|-damage|p1a: Iron Treads|1/100
|
|-weather|RainDance|[upkeep]
|-heal|p1a: Iron Treads|8/100|[from] item: Leftovers
|-heal|p2a: Swampert|88/100|[from] item: Leftovers
|upkeep
|turn|4
|
|t:|1776084031
|move|p1a: Iron Treads|Stealth Rock|p2a: Swampert
|-sidestart|p2: KAHALL|move: Stealth Rock
|move|p2a: Swampert|Flip Turn|p1a: Iron Treads
|-supereffective|p1a: Iron Treads
|-damage|p1a: Iron Treads|0 fnt
|faint|p1a: Iron Treads
|-end|p1a: Iron Treads|Quark Drive|[silent]
|
|t:|1776084036
|switch|p2a: Cryogonal|Cryogonal|100/100|[from] Flip Turn
|-damage|p2a: Cryogonal|76/100|[from] Stealth Rock
|
|-weather|RainDance|[upkeep]
|upkeep
|
|t:|1776084040
|switch|p1a: Barraskewda|Barraskewda, F|100/100
|turn|5
|
|t:|1776084045
|switch|p2a: Swampert|Swampert, F|88/100
|-damage|p2a: Swampert|82/100|[from] Stealth Rock
|move|p1a: Barraskewda|Flip Turn|p2a: Swampert
|-damage|p2a: Swampert|10/100
|
|t:|1776084055
|switch|p1a: Raging Bolt|Raging Bolt|100/100|[from] Flip Turn
|
|-weather|RainDance|[upkeep]
|-heal|p2a: Swampert|16/100|[from] item: Leftovers
|upkeep
|turn|6
|
|t:|1776084060
|move|p1a: Raging Bolt|Weather Ball|p2a: Swampert
|-damage|p2a: Swampert|0 fnt
|faint|p2a: Swampert
|
|-weather|RainDance|[upkeep]
|upkeep
|
|t:|1776084064
|switch|p2a: Cryogonal|Cryogonal|76/100
|-damage|p2a: Cryogonal|51/100|[from] Stealth Rock
|turn|7
|
|t:|1776084068
|move|p1a: Raging Bolt|Thunderclap|p2a: Cryogonal
|-damage|p2a: Cryogonal|13/100
|move|p2a: Cryogonal|Rapid Spin|p1a: Raging Bolt
|-crit|p1a: Raging Bolt
|-damage|p1a: Raging Bolt|88/100
|-boost|p2a: Cryogonal|spe|1
|-sideend|p2: KAHALL|Stealth Rock|[from] move: Rapid Spin|[of] p2a: Cryogonal
|-damage|p2a: Cryogonal|3/100|[from] item: Life Orb
|
|-weather|RainDance|[upkeep]
|upkeep
|turn|8
|
|t:|1776084073
|move|p1a: Raging Bolt|Thunderclap|p2a: Cryogonal
|-damage|p2a: Cryogonal|0 fnt
|faint|p2a: Cryogonal
|
|-weather|none
|upkeep
|
|t:|1776084079
|switch|p2a: Ribombee|Ribombee, M|100/100
|turn|9
|
|t:|1776084083
|move|p2a: Ribombee|Quiver Dance|p2a: Ribombee
|-boost|p2a: Ribombee|spa|1
|-boost|p2a: Ribombee|spd|1
|-boost|p2a: Ribombee|spe|1
|move|p1a: Raging Bolt|Thunder|p2a: Ribombee
|-damage|p2a: Ribombee|23/100
|
|upkeep
|turn|10
|
|t:|1776084089
|-terastallize|p2a: Ribombee|Ground
|move|p1a: Raging Bolt|Thunderclap|p2a: Ribombee
|-immune|p2a: Ribombee
|move|p2a: Ribombee|Moonblast|p1a: Raging Bolt
|-supereffective|p1a: Raging Bolt
|-damage|p1a: Raging Bolt|0 fnt
|faint|p1a: Raging Bolt
|-end|p1a: Raging Bolt|Protosynthesis|[silent]
|
|upkeep
|
|t:|1776084094
|switch|p1a: Lokix|Lokix, M|100/100
|turn|11
|
|t:|1776084101
|switch|p2a: Bisharp|Bisharp, M|100/100
|move|p1a: Lokix|First Impression|p2a: Bisharp
|-damage|p2a: Bisharp|46/100
|
|upkeep
|turn|12
|inactive|hdsdd has 120 seconds left.
|
|t:|1776084131
|switch|p1a: Pelipper|Pelipper, M|74/100
|-weather|RainDance|[from] ability: Drizzle|[of] p1a: Pelipper
|switch|p2a: Dachsbun|Dachsbun, F|100/100
|
|-weather|RainDance|[upkeep]
|upkeep
|turn|13
|
|t:|1776084135
|move|p2a: Dachsbun|Wish|p2a: Dachsbun
|move|p1a: Pelipper|U-turn|p2a: Dachsbun
|-resisted|p2a: Dachsbun
|-damage|p2a: Dachsbun|96/100
|
|t:|1776084139
|switch|p1a: Barraskewda|Barraskewda, F|100/100|[from] U-turn
|
|-weather|RainDance|[upkeep]
|-heal|p2a: Dachsbun|100/100|[from] item: Leftovers
|upkeep
|turn|14
|
|t:|1776084146
|switch|p2a: Bisharp|Bisharp, M|46/100
|-terastallize|p1a: Barraskewda|Water
|move|p1a: Barraskewda|Liquidation|p2a: Bisharp
|-damage|p2a: Bisharp|0 fnt
|faint|p2a: Bisharp
|
|-weather|RainDance|[upkeep]
|upkeep
|
|t:|1776084157
|switch|p2a: Weezing|Weezing, F, shiny|100/100
|turn|15
|
|t:|1776084160
|move|p1a: Barraskewda|Liquidation|p2a: Weezing
|-damage|p2a: Weezing|0 fnt
|faint|p2a: Weezing
|
|-weather|RainDance|[upkeep]
|upkeep
|
|t:|1776084168
|switch|p2a: Dachsbun|Dachsbun, F|100/100
|turn|16
|
|t:|1776084170
|move|p1a: Barraskewda|Liquidation|p2a: Dachsbun
|-damage|p2a: Dachsbun|0 fnt
|faint|p2a: Dachsbun
|
|-weather|none
|upkeep
|
|t:|1776084175
|switch|p2a: Ribombee|Ribombee, M, tera:Ground|23/100
|turn|17
|
|t:|1776084182
|move|p2a: Ribombee|Tera Blast|p1a: Barraskewda|[anim] Tera Blast Ground
|-damage|p1a: Barraskewda|20/100
|move|p1a: Barraskewda|Liquidation|p2a: Ribombee
|-supereffective|p2a: Ribombee
|-damage|p2a: Ribombee|0 fnt
|faint|p2a: Ribombee
|
|win|hdsdd
|raw|hdsdd's rating: 1202 &rarr; <strong>1224</strong><br />(+22 for winning)
|raw|KAHALL's rating: 1163 &rarr; <strong>1141</strong><br />(-22 for losing)
|l|‽KAHALL
|player|p2|
|l|☆hdsdd
|player|p1|
|j|☆hdsdd
|player|p1|hdsdd|cheryl|
|l|☆hdsdd
|player|p1|
