|html|<div class="broadcast-blue"><strong>[Gen 9] OU is currently suspecting Tera Blast! For information on how to participate check out the <a href="https://www.smogon.com/tools/suspects/view/200">suspect thread</a>.</strong></div>
|j|☆Obamathesecond
|j|☆i_had_taco
|t:|1776187997
|gametype|singles
|player|p1|Obamathesecond|266|
|player|p2|i_had_taco|psychic-gen4|
|gen|9
|tier|[Gen 9] OU
|rule|HP Percentage Mod: HP is shown in percentages
|rule|Endless Battle Clause: Forcing endless battles is banned
|rule|Species Clause: Limit one of each Pokémon
|rule|OHKO Clause: OHKO moves are banned
|rule|Evasion Items Clause: Evasion items are banned
|rule|Evasion Moves Clause: Evasion moves are banned
|rule|Evasion Abilities Clause: Evasion abilities are banned
|rule|Sleep Moves Clause: Sleep-inducing moves are banned
|clearpoke
|poke|p1|Ceruledge, M|
|poke|p1|Corviknight, M|
|poke|p1|Garganacl, F|
|poke|p1|Hatterene, F|
|poke|p1|Kingambit, M|
|poke|p1|Great Tusk|
|poke|p2|Gholdengo|
|poke|p2|Cinderace, M|
|poke|p2|Ogerpon-Wellspring, F|
|poke|p2|Slowking-Galar, M|
|poke|p2|Rillaboom, M|
|poke|p2|Gengar, M|
|teampreview
|inactive|Battle timer is ON: inactive players will automatically lose when time's up. (requested by i_had_taco)
|j| ohko_smeargle
|c|☆i_had_taco|oh come on
|c|☆Obamathesecond|now i know everything
|c|☆i_had_taco|really
|
|t:|1776188015
|teamsize|p1|6
|teamsize|p2|6
|start
|switch|p1a: Corviknight|Corviknight, M|100/100
|switch|p2a: Coin Cadet|Gholdengo|100/100
|-item|p2a: Coin Cadet|Air Balloon
|-ability|p1a: Corviknight|Pressure
|turn|1
|c|☆i_had_taco|ohko bots?
|c|☆i_had_taco|get outta here
|c|☆i_had_taco|go spy on other people
|c|☆i_had_taco|you havent seen one mon tho
|inactive|i_had_taco has 270 seconds left.
|c|☆Obamathesecond|we got people specating?
|
|t:|1776188049
|switch|p1a: Great Tusk|Great Tusk|100/100
|move|p2a: Coin Cadet|Nasty Plot|p2a: Coin Cadet
|-boost|p2a: Coin Cadet|spa|2
|
|upkeep
|turn|2
|inactive|i_had_taco has 270 seconds left.
|c|☆i_had_taco|those guys that have ohko at the beginning?
|c|☆i_had_taco|they are BOTS
|
|t:|1776188076
|move|p2a: Coin Cadet|Make It Rain|p1a: Great Tusk
|-damage|p1a: Great Tusk|0 fnt
|-unboost|p2a: Coin Cadet|spa|1
|faint|p1a: Great Tusk
|-end|p1a: Great Tusk|Protosynthesis|[silent]
|
|upkeep
|c|☆Obamathesecond|do you have any suggestions on my team?
|
|t:|1776188097
|switch|p1a: Hatterene|Hatterene, F|100/100
|turn|3
|c|☆i_had_taco|nope
|
|t:|1776188103
|move|p2a: Coin Cadet|Make It Rain|p1a: Hatterene
|-supereffective|p1a: Hatterene
|-damage|p1a: Hatterene|0 fnt
|-unboost|p2a: Coin Cadet|spa|1
|faint|p1a: Hatterene
|
|upkeep
|c|☆Obamathesecond|breh lol
|c|☆Obamathesecond|tf
|
|t:|1776188116
|switch|p1a: Ceruledge|Ceruledge, M|100/100
|turn|4
|
|t:|1776188126
|move|p2a: Coin Cadet|Shadow Ball|p1a: Ceruledge
|-supereffective|p1a: Ceruledge
|-damage|p1a: Ceruledge|11/100
|move|p1a: Ceruledge|Destiny Bond|p1a: Ceruledge
|-singlemove|p1a: Ceruledge|Destiny Bond
|
|upkeep
|turn|5
|c|☆i_had_taco|oh no
|
|t:|1776188141
|move|p2a: Coin Cadet|Shadow Ball|p1a: Ceruledge
|-supereffective|p1a: Ceruledge
|-damage|p1a: Ceruledge|0 fnt
|faint|p1a: Ceruledge
|-activate|p1a: Ceruledge|move: Destiny Bond
|faint|p2a: Coin Cadet
|
|upkeep
|c|☆Obamathesecond|got em
|inactive|i_had_taco has 270 seconds left.
|c|☆i_had_taco|time to show you
|c|☆i_had_taco|the one you never saw
|c|☆i_had_taco|introducing...
|
|t:|1776188168
|switch|p2a: Donkey Kong|Rillaboom, M, shiny|100/100
|switch|p1a: Corviknight|Corviknight, M|100/100
|-fieldstart|move: Grassy Terrain|[from] ability: Grassy Surge|[of] p2a: Donkey Kong
|-ability|p1a: Corviknight|Pressure
|turn|6
|c|☆i_had_taco|shoot
|c|☆i_had_taco|there
|
|t:|1776188181
|switch|p2a: King Of Slow|Slowking-Galar, M, shiny|100/100
|move|p1a: Corviknight|Brave Bird|p2a: King Of Slow
|-damage|p2a: King Of Slow|61/100
|-damage|p1a: Corviknight|86/100|[from] Recoil
|
|-heal|p2a: King Of Slow|68/100|[from] Grassy Terrain
|-heal|p2a: King Of Slow|74/100|[from] item: Black Sludge
|upkeep
|turn|7
|c|☆i_had_taco|KING OF SLOW
|
|t:|1776188195
|move|p1a: Corviknight|Brave Bird|p2a: King Of Slow
|-damage|p2a: King Of Slow|31/100
|-damage|p1a: Corviknight|70/100|[from] Recoil
|-prepare|p2a: King Of Slow|Chilly Reception|[premajor]
|move|p2a: King Of Slow|Chilly Reception|p2a: King Of Slow
|-weather|Snowscape
|
|t:|1776188202
|switch|p2a: Waterpon|Ogerpon-Wellspring, F|100/100|[from] Chilly Reception
|
|-weather|Snowscape|[upkeep]
|upkeep
|turn|8
|
|t:|1776188208
|move|p2a: Waterpon|Ivy Cudgel|p1a: Corviknight|[anim] Ivy Cudgel Water
|-damage|p1a: Corviknight|17/100
|move|p1a: Corviknight|Brave Bird|p2a: Waterpon
|-supereffective|p2a: Waterpon
|-damage|p2a: Waterpon|0 fnt
|faint|p2a: Waterpon
|-damage|p1a: Corviknight|0 fnt|[from] Recoil
|faint|p1a: Corviknight
|
|-weather|Snowscape|[upkeep]
|upkeep
|inactive|i_had_taco has 270 seconds left.
|c|☆i_had_taco|get recoil'd
|c|☆Obamathesecond|lol
|
|t:|1776188226
|switch|p2a: King Of Slow|Slowking-Galar, M, shiny|64/100
|switch|p1a: Garganacl|Garganacl, F|100/100
|turn|9
|c|☆Obamathesecond|im playing in school rn
|c|☆i_had_taco|yoo same
|
|t:|1776188242
|move|p1a: Garganacl|Earthquake|p2a: King Of Slow
|-supereffective|p2a: King Of Slow
|-damage|p2a: King Of Slow|40/100
|move|p2a: King Of Slow|Grass Knot|p1a: Garganacl
|-supereffective|p1a: Garganacl
|-damage|p1a: Garganacl|0 fnt
|faint|p1a: Garganacl
|
|-weather|Snowscape|[upkeep]
|-heal|p2a: King Of Slow|46/100|[from] Grassy Terrain
|-heal|p2a: King Of Slow|53/100|[from] item: Black Sludge
|upkeep
|c|☆i_had_taco|the bigger they aree..
|c|☆i_had_taco|the harder they fall
|
|t:|1776188250
|switch|p1a: Kingambit|Kingambit, M|100/100
|-activate|p1a: Kingambit|ability: Supreme Overlord
|-start|p1a: Kingambit|fallen5|[silent]
|-item|p1a: Kingambit|Air Balloon
|turn|10
|
|t:|1776188259
|move|p1a: Kingambit|Night Slash|p2a: King Of Slow
|-supereffective|p2a: King Of Slow
|-damage|p2a: King Of Slow|0 fnt
|faint|p2a: King Of Slow
|
|-weather|Snowscape|[upkeep]
|-fieldend|move: Grassy Terrain
|upkeep
|c|☆Obamathesecond|u got this kinggambit
|
|t:|1776188266
|switch|p2a: Pyronel Messi|Cinderace, M, shiny|100/100
|turn|11
|c|☆Obamathesecond|fuh
|c|☆i_had_taco|the bigger they are...
|
|t:|1776188276
|-terastallize|p1a: Kingambit|Dark
|move|p1a: Kingambit|Protect|p1a: Kingambit
|-singleturn|p1a: Kingambit|Protect
|move|p2a: Pyronel Messi|Low Kick|p1a: Kingambit
|-start|p2a: Pyronel Messi|typechange|Fighting|[from] ability: Libero
|-activate|p1a: Kingambit|move: Protect
|
|-weather|none
|upkeep
|turn|12
|c|☆i_had_taco|the harder they stall
|
|t:|1776188288
|move|p2a: Pyronel Messi|Low Kick|p1a: Kingambit
|-supereffective|p1a: Kingambit
|-damage|p1a: Kingambit|27/100
|-enditem|p1a: Kingambit|Air Balloon
|move|p1a: Kingambit|Kowtow Cleave|p2a: Pyronel Messi
|-resisted|p2a: Pyronel Messi
|-damage|p2a: Pyronel Messi|48/100
|
|upkeep
|turn|13
|c|☆i_had_taco|and fall
|
|t:|1776188298
|move|p1a: Kingambit|Protect|p1a: Kingambit
|-singleturn|p1a: Kingambit|Protect
|move|p2a: Pyronel Messi|Pyro Ball|p1a: Kingambit
|-activate|p1a: Kingambit|move: Protect
|
|upkeep
|turn|14
|
|t:|1776188304
|move|p2a: Pyronel Messi|Pyro Ball|p1a: Kingambit|[miss]
|-miss|p2a: Pyronel Messi|p1a: Kingambit
|move|p1a: Kingambit|Kowtow Cleave|p2a: Pyronel Messi
|-resisted|p2a: Pyronel Messi
|-damage|p2a: Pyronel Messi|0 fnt
|faint|p2a: Pyronel Messi
|
|upkeep
|c|☆i_had_taco|bruh
|c|☆Obamathesecond|hm
|
|t:|1776188313
|switch|p2a: King Boo|Gengar, M, shiny|100/100
|turn|15
|c|☆Obamathesecond|brain fart again
|
|t:|1776188319
|move|p2a: King Boo|Dazzling Gleam|p1a: Kingambit
|-supereffective|p1a: Kingambit
|-damage|p1a: Kingambit|0 fnt
|faint|p1a: Kingambit
|-end|p1a: Kingambit|fallen5|[silent]
|
|win|i_had_taco
|l| ohko_smeargle
|c|☆i_had_taco|not exactly
|c|☆i_had_taco|gg
