|html|<div class="broadcast-blue"><strong>[Gen 9] OU is currently suspecting Volcarona! For information on how to participate check out the <a href="https://www.smogon.com/tools/suspects/view/208">suspect thread</a>.</strong></div>
|j|☆Drez420
|j|☆Dr Gaster PHD
|t:|1778503622
|gametype|singles
|player|p1|Drez420|265|1262
|player|p2|Dr Gaster PHD|ghetsis|1311
|gen|9
|tier|[Gen 9] OU
|rated|
|rule|HP Percentage Mod: HP is shown in percentages
|rule|Endless Battle Clause: Forcing endless battles is banned
|rule|Species Clause: Limit one of each Pokémon
|rule|OHKO Clause: OHKO moves are banned
|rule|Evasion Items Clause: Evasion items are banned
|rule|Evasion Moves Clause: Evasion moves are banned
|rule|Evasion Abilities Clause: Evasion abilities are banned
|rule|Sleep Moves Clause: Sleep-inducing moves are banned
|clearpoke
|poke|p1|Cinderace, M|
|poke|p1|Gliscor, M|
|poke|p1|Grimmsnarl, M|
|poke|p1|Goodra-Hisui, M|
|poke|p1|Vaporeon, M|
|poke|p1|Overqwil, F|
|poke|p2|Moltres-Galar|
|poke|p2|Gholdengo|
|poke|p2|Samurott-Hisui, M|
|poke|p2|Smeargle, M|
|poke|p2|Zamazenta-*|
|poke|p2|Deoxys-Speed|
|teampreview
|inactive|Battle timer is ON: inactive players will automatically lose when time's up. (requested by Drez420)
|
|t:|1778503631
|teamsize|p1|6
|teamsize|p2|6
|start
|switch|p1a: Grimmsnarl|Grimmsnarl, M|100/100
|switch|p2a: Gholdengo|Gholdengo|100/100
|turn|1
|
|t:|1778503638
|move|p1a: Grimmsnarl|Light Screen|p1a: Grimmsnarl
|-sidestart|p1: Drez420|move: Light Screen
|move|p2a: Gholdengo|Make It Rain|p1a: Grimmsnarl
|-supereffective|p1a: Grimmsnarl
|-damage|p1a: Grimmsnarl|37/100
|-unboost|p2a: Gholdengo|spa|1
|
|upkeep
|turn|2
|
|t:|1778503646
|switch|p1a: Cinderace|Cinderace, M|100/100
|move|p2a: Gholdengo|Make It Rain|p1a: Cinderace
|-resisted|p1a: Cinderace
|-damage|p1a: Cinderace|88/100
|-unboost|p2a: Gholdengo|spa|1
|
|upkeep
|turn|3
|
|t:|1778503658
|switch|p2a: Deoxys|Deoxys-Speed|100/100
|-ability|p2a: Deoxys|Pressure
|move|p1a: Cinderace|Pyro Ball|p2a: Deoxys
|-damage|p2a: Deoxys|40/100
|
|upkeep
|turn|4
|
|t:|1778503666
|move|p2a: Deoxys|Reflect|p2a: Deoxys
|-sidestart|p2: Dr Gaster PHD|Reflect
|move|p1a: Cinderace|U-turn|p2a: Deoxys
|-start|p1a: Cinderace|typechange|Bug|[from] ability: Libero
|-supereffective|p2a: Deoxys
|-damage|p2a: Deoxys|1/100
|
|t:|1778503671
|switch|p1a: Gliscor|Gliscor, M|100/100|[from] U-turn
|
|-status|p1a: Gliscor|tox|[from] item: Toxic Orb
|upkeep
|turn|5
|
|t:|1778503682
|move|p2a: Deoxys|Light Screen|p2a: Deoxys
|-sidestart|p2: Dr Gaster PHD|move: Light Screen
|move|p1a: Gliscor|Earthquake|p2a: Deoxys
|-crit|p2a: Deoxys
|-damage|p2a: Deoxys|0 fnt
|faint|p2a: Deoxys
|
|upkeep
|
|t:|1778503687
|switch|p2a: Gholdengo|Gholdengo|100/100
|turn|6
|
|t:|1778503691
|move|p2a: Gholdengo|Trick|p1a: Gliscor
|-activate|p2a: Gholdengo|move: Trick|[of] p1a: Gliscor
|-item|p1a: Gliscor|Choice Scarf|[from] move: Trick
|-item|p2a: Gholdengo|Toxic Orb|[from] move: Trick
|move|p1a: Gliscor|Earthquake|p2a: Gholdengo
|-supereffective|p2a: Gholdengo
|-damage|p2a: Gholdengo|54/100
|
|upkeep
|turn|7
|
|t:|1778503699
|switch|p1a: Cinderace|Cinderace, M|88/100
|move|p2a: Gholdengo|Shadow Ball|p1a: Cinderace
|-damage|p1a: Cinderace|65/100
|
|upkeep
|turn|8
|
|t:|1778503706
|move|p1a: Cinderace|Pyro Ball|p2a: Gholdengo
|-supereffective|p2a: Gholdengo
|-damage|p2a: Gholdengo|0 fnt
|faint|p2a: Gholdengo
|
|-sideend|p1: Drez420|move: Light Screen
|upkeep
|
|t:|1778503717
|switch|p2a: Moltres|Moltres-Galar|100/100
|turn|9
|
|t:|1778503723
|switch|p1a: Grimmsnarl|Grimmsnarl, M|37/100
|move|p2a: Moltres|Nasty Plot|p2a: Moltres
|-boost|p2a: Moltres|spa|2
|
|upkeep
|turn|10
|
|t:|1778503732
|move|p1a: Grimmsnarl|Light Screen|p1a: Grimmsnarl
|-sidestart|p1: Drez420|move: Light Screen
|move|p2a: Moltres|Agility|p2a: Moltres
|-boost|p2a: Moltres|spe|2
|
|upkeep
|turn|11
|
|t:|1778503749
|switch|p1a: Vaporeon|Vaporeon, M|100/100
|move|p2a: Moltres|Nasty Plot|p2a: Moltres
|-boost|p2a: Moltres|spa|2
|
|-sideend|p2: Dr Gaster PHD|Reflect
|upkeep
|turn|12
|
|t:|1778503760
|move|p2a: Moltres|Nasty Plot|p2a: Moltres
|-boost|p2a: Moltres|spa|2
|move|p1a: Vaporeon|Haze|p1a: Vaporeon
|-clearallboost
|
|-sideend|p2: Dr Gaster PHD|move: Light Screen
|upkeep
|turn|13
|
|t:|1778503768
|move|p2a: Moltres|Nasty Plot|p2a: Moltres
|-boost|p2a: Moltres|spa|2
|move|p1a: Vaporeon|Ice Beam|p2a: Moltres
|-supereffective|p2a: Moltres
|-damage|p2a: Moltres|50/100
|-ability|p2a: Moltres|Berserk|boost
|-boost|p2a: Moltres|spa|1
|-enditem|p2a: Moltres|Sitrus Berry|[eat]
|-heal|p2a: Moltres|75/100|[from] item: Sitrus Berry
|
|upkeep
|turn|14
|
|t:|1778503778
|move|p2a: Moltres|Hurricane|p1a: Vaporeon
|-damage|p1a: Vaporeon|49/100
|move|p1a: Vaporeon|Haze|p1a: Vaporeon
|-clearallboost
|
|-heal|p1a: Vaporeon|55/100|[from] item: Leftovers
|upkeep
|turn|15
|
|t:|1778503786
|move|p2a: Moltres|Nasty Plot|p2a: Moltres
|-boost|p2a: Moltres|spa|2
|move|p1a: Vaporeon|Ice Beam|p2a: Moltres
|-supereffective|p2a: Moltres
|-damage|p2a: Moltres|21/100
|-ability|p2a: Moltres|Berserk|boost
|-boost|p2a: Moltres|spa|1
|
|-heal|p1a: Vaporeon|61/100|[from] item: Leftovers
|upkeep
|turn|16
|
|t:|1778503797
|switch|p1a: Goodra|Goodra-Hisui, M, shiny|100/100
|move|p2a: Moltres|Hurricane|p1a: Goodra
|-resisted|p1a: Goodra
|-damage|p1a: Goodra|77/100
|-start|p1a: Goodra|confusion
|
|-heal|p1a: Goodra|83/100|[from] item: Leftovers
|upkeep
|turn|17
|
|t:|1778503807
|move|p2a: Moltres|Fiery Wrath|p1a: Goodra
|-damage|p1a: Goodra|47/100
|-activate|p1a: Goodra|confusion
|move|p1a: Goodra|Ice Beam|p2a: Moltres
|-supereffective|p2a: Moltres
|-damage|p2a: Moltres|0 fnt
|faint|p2a: Moltres
|
|-heal|p1a: Goodra|53/100|[from] item: Leftovers
|-sideend|p1: Drez420|move: Light Screen
|upkeep
|
|t:|1778503817
|switch|p2a: Samurott|Samurott-Hisui, M|100/100
|turn|18
|
|t:|1778503829
|move|p2a: Samurott|Ceaseless Edge|p1a: Goodra
|-damage|p1a: Goodra|14/100
|-sidestart|p1: Drez420|Spikes
|-end|p1a: Goodra|confusion
|move|p1a: Goodra|Thunderbolt|p2a: Samurott
|-supereffective|p2a: Samurott
|-damage|p2a: Samurott|13/100
|
|-heal|p1a: Goodra|20/100|[from] item: Leftovers
|upkeep
|turn|19
|
|t:|1778503848
|move|p2a: Samurott|Ceaseless Edge|p1a: Goodra
|-damage|p1a: Goodra|0 fnt
|-sidestart|p1: Drez420|Spikes
|faint|p1a: Goodra
|
|upkeep
|
|t:|1778503862
|switch|p1a: Grimmsnarl|Grimmsnarl, M|37/100
|-damage|p1a: Grimmsnarl|20/100|[from] Spikes
|turn|20
|
|t:|1778503875
|move|p2a: Samurott|Ceaseless Edge|p1a: Grimmsnarl
|-resisted|p1a: Grimmsnarl
|-damage|p1a: Grimmsnarl|7/100
|-sidestart|p1: Drez420|Spikes
|move|p1a: Grimmsnarl|Spirit Break|p2a: Samurott
|-supereffective|p2a: Samurott
|-damage|p2a: Samurott|0 fnt
|faint|p2a: Samurott
|
|upkeep
|
|t:|1778503881
|switch|p2a: Zamazenta|Zamazenta|100/100
|-ability|p2a: Zamazenta|Dauntless Shield|boost
|-boost|p2a: Zamazenta|def|1
|turn|21
|
|t:|1778503888
|switch|p1a: Gliscor|Gliscor, M|100/100 tox
|move|p2a: Zamazenta|Heavy Slam|p1a: Gliscor
|-damage|p1a: Gliscor|79/100 tox
|
|-heal|p1a: Gliscor|91/100 tox|[from] ability: Poison Heal
|upkeep
|turn|22
|
|t:|1778503899
|move|p2a: Zamazenta|Body Press|p1a: Gliscor
|-resisted|p1a: Gliscor
|-damage|p1a: Gliscor|68/100 tox
|move|p1a: Gliscor|Toxic|p2a: Zamazenta
|-status|p2a: Zamazenta|tox
|
|-damage|p2a: Zamazenta|94/100 tox|[from] psn
|-heal|p1a: Gliscor|81/100 tox|[from] ability: Poison Heal
|upkeep
|turn|23
|
|t:|1778503929
|switch|p1a: Overqwil|Overqwil, F|100/100
|-damage|p1a: Overqwil|75/100|[from] Spikes
|-ability|p1a: Overqwil|Intimidate|boost
|-unboost|p2a: Zamazenta|atk|1
|move|p2a: Zamazenta|Roar|p1a: Overqwil
|drag|p1a: Cinderace|Cinderace, M|65/100
|
|-heal|p2a: Zamazenta|100/100 tox|[from] item: Leftovers
|-damage|p2a: Zamazenta|88/100 tox|[from] psn
|upkeep
|turn|24
|
|t:|1778503941
|move|p2a: Zamazenta|Body Press|p1a: Cinderace
|-damage|p1a: Cinderace|0 fnt
|faint|p1a: Cinderace
|
|-heal|p2a: Zamazenta|94/100 tox|[from] item: Leftovers
|-damage|p2a: Zamazenta|76/100 tox|[from] psn
|upkeep
|inactive|Drez420 has 120 seconds left.
|
|t:|1778503956
|switch|p1a: Grimmsnarl|Grimmsnarl, M|7/100
|-damage|p1a: Grimmsnarl|0 fnt|[from] Spikes
|faint|p1a: Grimmsnarl
|inactive|Drez420 has 120 seconds left.
|
|t:|1778503961
|switch|p1a: Gliscor|Gliscor, M|81/100 tox
|turn|25
|
|t:|1778503967
|move|p2a: Zamazenta|Body Press|p1a: Gliscor
|-resisted|p1a: Gliscor
|-damage|p1a: Gliscor|58/100 tox
|move|p1a: Gliscor|Earthquake|p2a: Zamazenta
|-damage|p2a: Zamazenta|56/100 tox
|
|-heal|p2a: Zamazenta|63/100 tox|[from] item: Leftovers
|-damage|p2a: Zamazenta|38/100 tox|[from] psn
|-heal|p1a: Gliscor|70/100 tox|[from] ability: Poison Heal
|upkeep
|turn|26
|
|t:|1778503979
|switch|p2a: Picasso|Smeargle, M|100/100
|move|p1a: Gliscor|Earthquake|p2a: Picasso
|-damage|p2a: Picasso|9/100
|
|-heal|p1a: Gliscor|82/100 tox|[from] ability: Poison Heal
|upkeep
|turn|27
|
|t:|1778503990
|switch|p1a: Overqwil|Overqwil, F|75/100
|-damage|p1a: Overqwil|50/100|[from] Spikes
|-ability|p1a: Overqwil|Intimidate|boost
|-unboost|p2a: Picasso|atk|1
|-terastallize|p2a: Picasso|Flying
|move|p2a: Picasso|Jaw Lock|p1a: Overqwil
|-resisted|p1a: Overqwil
|-damage|p1a: Overqwil|47/100
|-activate|p2a: Picasso|trapped
|-activate|p1a: Overqwil|trapped
|
|-heal|p1a: Overqwil|53/100|[from] item: Leftovers
|upkeep
|turn|28
|inactive|Drez420 has 120 seconds left.
|
|t:|1778504005
|move|p1a: Overqwil|Poison Jab|p2a: Picasso
|-damage|p2a: Picasso|0 fnt
|faint|p2a: Picasso
|
|-heal|p1a: Overqwil|59/100|[from] item: Leftovers
|upkeep
|
|t:|1778504008
|switch|p2a: Zamazenta|Zamazenta|38/100 tox
|turn|29
|
|t:|1778504014
|move|p2a: Zamazenta|Iron Defense|p2a: Zamazenta
|-boost|p2a: Zamazenta|def|2
|move|p1a: Overqwil|Poison Jab|p2a: Zamazenta
|-damage|p2a: Zamazenta|23/100 tox
|
|-heal|p2a: Zamazenta|29/100 tox|[from] item: Leftovers
|-heal|p1a: Overqwil|65/100|[from] item: Leftovers
|-damage|p2a: Zamazenta|23/100 tox|[from] psn
|upkeep
|turn|30
|
|t:|1778504025
|move|p2a: Zamazenta|Body Press|p1a: Overqwil
|-damage|p1a: Overqwil|0 fnt
|faint|p1a: Overqwil
|
|-heal|p2a: Zamazenta|29/100 tox|[from] item: Leftovers
|-damage|p2a: Zamazenta|17/100 tox|[from] psn
|upkeep
|
|t:|1778504033
|switch|p1a: Vaporeon|Vaporeon, M|61/100
|-damage|p1a: Vaporeon|36/100|[from] Spikes
|turn|31
|
|t:|1778504037
|move|p2a: Zamazenta|Body Press|p1a: Vaporeon
|-damage|p1a: Vaporeon|0 fnt
|faint|p1a: Vaporeon
|
|-heal|p2a: Zamazenta|23/100 tox|[from] item: Leftovers
|-damage|p2a: Zamazenta|5/100 tox|[from] psn
|upkeep
|
|t:|1778504045
|switch|p1a: Gliscor|Gliscor, M|82/100 tox
|turn|32
|
|t:|1778504048
|move|p2a: Zamazenta|Body Press|p1a: Gliscor
|-resisted|p1a: Gliscor
|-damage|p1a: Gliscor|55/100 tox
|move|p1a: Gliscor|Earthquake|p2a: Zamazenta
|-damage|p2a: Zamazenta|0 fnt
|faint|p2a: Zamazenta
|
|win|Drez420
|raw|Drez420's rating: 1262 &rarr; <strong>1291</strong><br />(+29 for winning)
|raw|Dr Gaster PHD's rating: 1311 &rarr; <strong>1288</strong><br />(-23 for losing)
|l|☆Dr Gaster PHD
|player|p2|
|l|☆Drez420
|player|p1|
