|html|<div class="broadcast-blue"><strong>[Gen 9] OU is currently suspecting Volcarona! For information on how to participate check out the <a href="https://www.smogon.com/tools/suspects/view/208">suspect thread</a>.</strong></div>
|j|☆zermoon
|j|☆Hunter Rome
|t:|1778510545
|gametype|singles
|player|p1|zermoon|unknown|1173
|player|p2|Hunter Rome|gentleman-gen4|1243
|gen|9
|tier|[Gen 9] OU
|rated|
|rule|HP Percentage Mod: HP is shown in percentages
|rule|Endless Battle Clause: Forcing endless battles is banned
|rule|Species Clause: Limit one of each Pokémon
|rule|OHKO Clause: OHKO moves are banned
|rule|Evasion Items Clause: Evasion items are banned
|rule|Evasion Moves Clause: Evasion moves are banned
|rule|Evasion Abilities Clause: Evasion abilities are banned
|rule|Sleep Moves Clause: Sleep-inducing moves are banned
|clearpoke
|poke|p1|Pikachu-Partner, M|
|poke|p1|Charizard, M|
|poke|p1|Venusaur, M|
|poke|p1|Blastoise, M|
|poke|p1|Lapras, M|
|poke|p1|Snorlax, M|
|poke|p2|Grimmsnarl, M|
|poke|p2|Darkrai|
|poke|p2|Iron Moth|
|poke|p2|Gholdengo|
|poke|p2|Garganacl, F|
|poke|p2|Iron Valiant|
|teampreview
|
|t:|1778510569
|teamsize|p1|6
|teamsize|p2|6
|start
|switch|p1a: Venusaur|Venusaur, M|100/100
|switch|p2a: Grimmsnarl|Grimmsnarl, M|100/100
|turn|1
|
|t:|1778510579
|move|p2a: Grimmsnarl|Light Screen|p2a: Grimmsnarl
|-sidestart|p2: Hunter Rome|move: Light Screen
|move|p1a: Venusaur|Knock Off|p2a: Grimmsnarl
|-resisted|p2a: Grimmsnarl
|-damage|p2a: Grimmsnarl|95/100
|-enditem|p2a: Grimmsnarl|Light Clay|[from] move: Knock Off|[of] p1a: Venusaur
|
|upkeep
|turn|2
|
|t:|1778510589
|move|p2a: Grimmsnarl|Reflect|p2a: Grimmsnarl
|-sidestart|p2: Hunter Rome|Reflect
|move|p1a: Venusaur|Toxic|p2a: Grimmsnarl
|-status|p2a: Grimmsnarl|tox
|
|-damage|p2a: Grimmsnarl|89/100 tox|[from] psn
|upkeep
|turn|3
|inactive|Battle timer is ON: inactive players will automatically lose when time's up. (requested by Hunter Rome)
|
|t:|1778510597
|move|p2a: Grimmsnarl|Thunder Wave|p1a: Venusaur
|-status|p1a: Venusaur|par
|move|p1a: Venusaur|Toxic|p2a: Grimmsnarl
|-fail|p2a: Grimmsnarl|tox
|
|-damage|p2a: Grimmsnarl|77/100 tox|[from] psn
|upkeep
|turn|4
|
|t:|1778510606
|move|p2a: Grimmsnarl|Parting Shot|p1a: Venusaur
|-unboost|p1a: Venusaur|atk|1
|-unboost|p1a: Venusaur|spa|1
|
|t:|1778510610
|switch|p2a: Darkrai|Darkrai|100/100|[from] Parting Shot
|cant|p1a: Venusaur|par
|
|upkeep
|turn|5
|
|t:|1778510617
|move|p2a: Darkrai|Nasty Plot|p2a: Darkrai
|-boost|p2a: Darkrai|spa|2
|move|p1a: Venusaur|Toxic|p2a: Darkrai
|-status|p2a: Darkrai|tox
|
|-damage|p2a: Darkrai|94/100 tox|[from] psn
|upkeep
|turn|6
|
|t:|1778510629
|move|p2a: Darkrai|Dark Pulse|p1a: Venusaur
|-damage|p1a: Venusaur|38/100 par
|move|p1a: Venusaur|Leech Seed|p2a: Darkrai|[miss]
|-miss|p1a: Venusaur|p2a: Darkrai
|
|-heal|p1a: Venusaur|44/100 par|[from] item: Black Sludge
|-damage|p2a: Darkrai|82/100 tox|[from] psn
|-sideend|p2: Hunter Rome|Reflect
|upkeep
|turn|7
|
|t:|1778510640
|switch|p1a: Snorlax|Snorlax, M|100/100
|move|p2a: Darkrai|Dark Pulse|p1a: Snorlax
|-damage|p1a: Snorlax|49/100
|
|-damage|p2a: Darkrai|64/100 tox|[from] psn
|upkeep
|turn|8
|
|t:|1778510653
|move|p2a: Darkrai|Focus Blast|p1a: Snorlax
|-supereffective|p1a: Snorlax
|-damage|p1a: Snorlax|0 fnt
|faint|p1a: Snorlax
|
|-damage|p2a: Darkrai|40/100 tox|[from] psn
|-sideend|p2: Hunter Rome|move: Light Screen
|upkeep
|
|t:|1778510664
|switch|p1a: Venusaur|Venusaur, M|44/100 par
|turn|9
|
|t:|1778510669
|move|p1a: Venusaur|Protect|p1a: Venusaur
|-singleturn|p1a: Venusaur|Protect
|move|p2a: Darkrai|Dark Pulse|p1a: Venusaur
|-activate|p1a: Venusaur|move: Protect
|
|-heal|p1a: Venusaur|50/100 par|[from] item: Black Sludge
|-damage|p2a: Darkrai|10/100 tox|[from] psn
|upkeep
|turn|10
|
|t:|1778510679
|move|p1a: Venusaur|Protect||[still]
|-fail|p1a: Venusaur
|move|p2a: Darkrai|Dark Pulse|p1a: Venusaur
|-damage|p1a: Venusaur|0 fnt
|faint|p1a: Venusaur
|
|-damage|p2a: Darkrai|0 fnt|[from] psn
|faint|p2a: Darkrai
|upkeep
|
|t:|1778510692
|switch|p2a: Grimmsnarl|Grimmsnarl, M|77/100 tox
|switch|p1a: Blastoise|Blastoise, M|100/100
|turn|11
|
|t:|1778510700
|move|p2a: Grimmsnarl|Light Screen|p2a: Grimmsnarl
|-sidestart|p2: Hunter Rome|move: Light Screen
|move|p1a: Blastoise|Shell Smash|p1a: Blastoise
|-unboost|p1a: Blastoise|def|1
|-unboost|p1a: Blastoise|spd|1
|-boost|p1a: Blastoise|atk|2
|-boost|p1a: Blastoise|spa|2
|-boost|p1a: Blastoise|spe|2
|-enditem|p1a: Blastoise|White Herb
|-clearnegativeboost|p1a: Blastoise|[silent]
|
|-damage|p2a: Grimmsnarl|71/100 tox|[from] psn
|upkeep
|turn|12
|
|t:|1778510711
|move|p2a: Grimmsnarl|Thunder Wave|p1a: Blastoise
|-status|p1a: Blastoise|par
|move|p1a: Blastoise|Shell Smash|p1a: Blastoise
|-unboost|p1a: Blastoise|def|1
|-unboost|p1a: Blastoise|spd|1
|-boost|p1a: Blastoise|atk|2
|-boost|p1a: Blastoise|spa|2
|-boost|p1a: Blastoise|spe|2
|
|-damage|p2a: Grimmsnarl|59/100 tox|[from] psn
|upkeep
|turn|13
|
|t:|1778510722
|move|p2a: Grimmsnarl|Reflect|p2a: Grimmsnarl
|-sidestart|p2: Hunter Rome|Reflect
|move|p1a: Blastoise|Shell Smash|p1a: Blastoise
|-unboost|p1a: Blastoise|def|1
|-unboost|p1a: Blastoise|spd|1
|-boost|p1a: Blastoise|atk|2
|-boost|p1a: Blastoise|spa|2
|-boost|p1a: Blastoise|spe|2
|
|-damage|p2a: Grimmsnarl|41/100 tox|[from] psn
|upkeep
|turn|14
|
|t:|1778510735
|move|p2a: Grimmsnarl|Parting Shot|p1a: Blastoise
|-unboost|p1a: Blastoise|atk|1
|-unboost|p1a: Blastoise|spa|1
|
|t:|1778510739
|switch|p2a: Iron Valiant|Iron Valiant|100/100|[from] Parting Shot
|-enditem|p2a: Iron Valiant|Booster Energy
|-activate|p2a: Iron Valiant|ability: Quark Drive|[fromitem]
|-start|p2a: Iron Valiant|quarkdrivespe
|move|p1a: Blastoise|Wave Crash|p2a: Iron Valiant
|-damage|p2a: Iron Valiant|0 fnt
|faint|p2a: Iron Valiant
|-end|p2a: Iron Valiant|Quark Drive|[silent]
|-damage|p1a: Blastoise|69/100 par|[from] Recoil
|
|upkeep
|
|t:|1778510748
|switch|p2a: Iron Moth|Iron Moth|100/100
|-enditem|p2a: Iron Moth|Booster Energy
|-activate|p2a: Iron Moth|ability: Quark Drive|[fromitem]
|-start|p2a: Iron Moth|quarkdrivespa
|turn|15
|
|t:|1778510756
|move|p1a: Blastoise|Wave Crash|p2a: Iron Moth
|-supereffective|p2a: Iron Moth
|-damage|p2a: Iron Moth|0 fnt
|faint|p2a: Iron Moth
|-end|p2a: Iron Moth|Quark Drive|[silent]
|-damage|p1a: Blastoise|36/100 par|[from] Recoil
|
|-sideend|p2: Hunter Rome|move: Light Screen
|upkeep
|
|t:|1778510759
|switch|p2a: Gholdengo|Gholdengo|100/100
|-item|p2a: Gholdengo|Air Balloon
|turn|16
|
|t:|1778510767
|move|p1a: Blastoise|Wave Crash|p2a: Gholdengo
|-damage|p2a: Gholdengo|5/100
|-enditem|p2a: Gholdengo|Air Balloon
|-damage|p1a: Blastoise|1/100 par|[from] Recoil
|move|p2a: Gholdengo|Shadow Ball|p1a: Blastoise
|-damage|p1a: Blastoise|0 fnt
|faint|p1a: Blastoise
|
|upkeep
|
|t:|1778510780
|switch|p1a: Charizard|Charizard, M|100/100
|turn|17
|
|t:|1778510784
|move|p1a: Charizard|Scorching Sands|p2a: Gholdengo
|-supereffective|p2a: Gholdengo
|-crit|p2a: Gholdengo
|-damage|p2a: Gholdengo|0 fnt
|faint|p2a: Gholdengo
|
|-sideend|p2: Hunter Rome|Reflect
|upkeep
|
|t:|1778510787
|switch|p2a: Garganacl|Garganacl, F|100/100
|turn|18
|
|t:|1778510795
|-terastallize|p1a: Charizard|Steel
|move|p1a: Charizard|Scorching Sands|p2a: Garganacl
|-supereffective|p2a: Garganacl
|-damage|p2a: Garganacl|67/100
|move|p2a: Garganacl|Salt Cure|p1a: Charizard
|-resisted|p1a: Charizard
|-damage|p1a: Charizard|91/100
|-start|p1a: Charizard|Salt Cure
|
|-heal|p2a: Garganacl|74/100|[from] item: Leftovers
|-damage|p1a: Charizard|66/100|[from] Salt Cure
|upkeep
|turn|19
|
|t:|1778510817
|move|p2a: Garganacl|Protect|p2a: Garganacl
|-singleturn|p2a: Garganacl|Protect
|move|p1a: Charizard|Scorching Sands|p2a: Garganacl
|-activate|p2a: Garganacl|move: Protect
|
|-heal|p2a: Garganacl|80/100|[from] item: Leftovers
|-damage|p1a: Charizard|41/100|[from] Salt Cure
|upkeep
|turn|20
|
|t:|1778510828
|move|p1a: Charizard|Scorching Sands|p2a: Garganacl
|-supereffective|p2a: Garganacl
|-damage|p2a: Garganacl|48/100
|move|p2a: Garganacl|Stealth Rock|p1a: Charizard
|-sidestart|p1: zermoon|move: Stealth Rock
|
|-heal|p2a: Garganacl|54/100|[from] item: Leftovers
|-damage|p1a: Charizard|16/100|[from] Salt Cure
|upkeep
|turn|21
|
|t:|1778510840
|move|p1a: Charizard|Scorching Sands|p2a: Garganacl
|-supereffective|p2a: Garganacl
|-damage|p2a: Garganacl|22/100
|move|p2a: Garganacl|Recover|p2a: Garganacl
|-heal|p2a: Garganacl|72/100
|
|-heal|p2a: Garganacl|78/100|[from] item: Leftovers
|-damage|p1a: Charizard|0 fnt|[from] Salt Cure
|faint|p1a: Charizard
|upkeep
|inactive|zermoon has 120 seconds left.
|
|t:|1778510868
|switch|p1a: Pikachu|Pikachu-Partner, M|100/100
|-damage|p1a: Pikachu|88/100|[from] Stealth Rock
|turn|22
|inactive|zermoon has 120 seconds left.
|
|t:|1778510878
|move|p1a: Pikachu|Fake Out|p2a: Garganacl
|-resisted|p2a: Garganacl
|-damage|p2a: Garganacl|75/100
|cant|p2a: Garganacl|flinch
|
|-heal|p2a: Garganacl|81/100|[from] item: Leftovers
|upkeep
|turn|23
|inactive|zermoon has 120 seconds left.
|
|t:|1778510888
|move|p1a: Pikachu|Endeavor|p2a: Garganacl
|-damage|p2a: Garganacl|46/100
|move|p2a: Garganacl|Salt Cure|p1a: Pikachu
|-damage|p1a: Pikachu|41/100
|-start|p1a: Pikachu|Salt Cure
|
|-heal|p2a: Garganacl|52/100|[from] item: Leftovers
|-damage|p1a: Pikachu|29/100|[from] Salt Cure
|upkeep
|turn|24
|inactive|zermoon has 120 seconds left.
|
|t:|1778510907
|move|p2a: Garganacl|Protect|p2a: Garganacl
|-singleturn|p2a: Garganacl|Protect
|move|p1a: Pikachu|Endeavor|p2a: Garganacl
|-activate|p2a: Garganacl|move: Protect
|
|-heal|p2a: Garganacl|59/100|[from] item: Leftovers
|-damage|p1a: Pikachu|17/100|[from] Salt Cure
|upkeep
|turn|25
|
|t:|1778510917
|move|p1a: Pikachu|Endeavor|p2a: Garganacl
|-damage|p2a: Garganacl|9/100
|move|p2a: Garganacl|Recover|p2a: Garganacl
|-heal|p2a: Garganacl|59/100
|
|-heal|p2a: Garganacl|65/100|[from] item: Leftovers
|-damage|p1a: Pikachu|4/100|[from] Salt Cure
|upkeep
|turn|26
|inactive|zermoon has 120 seconds left.
|
|t:|1778510927
|move|p2a: Garganacl|Protect|p2a: Garganacl
|-singleturn|p2a: Garganacl|Protect
|move|p1a: Pikachu|Endeavor|p2a: Garganacl
|-activate|p2a: Garganacl|move: Protect
|
|-heal|p2a: Garganacl|71/100|[from] item: Leftovers
|-damage|p1a: Pikachu|0 fnt|[from] Salt Cure
|faint|p1a: Pikachu
|upkeep
|inactive|zermoon has 120 seconds left.
|
|t:|1778510937
|switch|p1a: Lapras|Lapras, M|100/100
|-damage|p1a: Lapras|75/100|[from] Stealth Rock
|turn|27
|inactive|zermoon has 120 seconds left.
|
|t:|1778510947
|switch|p2a: Grimmsnarl|Grimmsnarl, M|41/100 tox
|move|p1a: Lapras|Protect||[still]
|-fail|p1a: Lapras
|
|-heal|p1a: Lapras|82/100|[from] item: Leftovers
|-damage|p2a: Grimmsnarl|35/100 tox|[from] psn
|upkeep
|turn|28
|
|t:|1778510957
|move|p2a: Grimmsnarl|Thunder Wave|p1a: Lapras
|-status|p1a: Lapras|par
|move|p1a: Lapras|Whirlpool|p2a: Grimmsnarl
|-damage|p2a: Grimmsnarl|27/100 tox
|-activate|p2a: Grimmsnarl|move: Whirlpool|[of] p1a: Lapras
|
|-heal|p1a: Lapras|88/100 par|[from] item: Leftovers
|-damage|p2a: Grimmsnarl|15/100 tox|[from] psn
|-damage|p2a: Grimmsnarl|2/100 tox|[from] move: Whirlpool|[partiallytrapped]
|upkeep
|turn|29
|
|t:|1778510969
|move|p1a: Lapras|Protect|p1a: Lapras
|-singleturn|p1a: Lapras|Protect
|move|p2a: Grimmsnarl|Light Screen|p2a: Grimmsnarl
|-sidestart|p2: Hunter Rome|move: Light Screen
|
|-heal|p1a: Lapras|94/100 par|[from] item: Leftovers
|-damage|p2a: Grimmsnarl|0 fnt|[from] psn
|faint|p2a: Grimmsnarl
|upkeep
|
|t:|1778510977
|switch|p2a: Garganacl|Garganacl, F|71/100
|turn|30
|
|t:|1778510988
|move|p2a: Garganacl|Protect|p2a: Garganacl
|-singleturn|p2a: Garganacl|Protect
|move|p1a: Lapras|Protect||[still]
|-fail|p1a: Lapras
|
|-heal|p2a: Garganacl|77/100|[from] item: Leftovers
|-heal|p1a: Lapras|100/100 par|[from] item: Leftovers
|upkeep
|turn|31
|
|t:|1778511000
|move|p2a: Garganacl|Salt Cure|p1a: Lapras
|-supereffective|p1a: Lapras
|-crit|p1a: Lapras
|-damage|p1a: Lapras|64/100 par
|-start|p1a: Lapras|Salt Cure
|move|p1a: Lapras|Whirlpool|p2a: Garganacl
|-supereffective|p2a: Garganacl
|-damage|p2a: Garganacl|70/100
|-activate|p2a: Garganacl|move: Whirlpool|[of] p1a: Lapras
|
|-heal|p2a: Garganacl|76/100|[from] item: Leftovers
|-heal|p1a: Lapras|70/100 par|[from] item: Leftovers
|-damage|p2a: Garganacl|64/100|[from] move: Whirlpool|[partiallytrapped]
|-damage|p1a: Lapras|45/100 par|[from] Salt Cure
|upkeep
|turn|32
|
|t:|1778511015
|move|p2a: Garganacl|Protect|p2a: Garganacl
|-singleturn|p2a: Garganacl|Protect
|move|p1a: Lapras|Protect||[still]
|-fail|p1a: Lapras
|
|-heal|p2a: Garganacl|70/100|[from] item: Leftovers
|-heal|p1a: Lapras|51/100 par|[from] item: Leftovers
|-damage|p2a: Garganacl|58/100|[from] move: Whirlpool|[partiallytrapped]
|-damage|p1a: Lapras|26/100 par|[from] Salt Cure
|upkeep
|turn|33
|
|t:|1778511026
|move|p2a: Garganacl|Salt Cure|p1a: Lapras
|-supereffective|p1a: Lapras
|-damage|p1a: Lapras|0 fnt
|faint|p1a: Lapras
|
|win|Hunter Rome
|raw|zermoon's rating: 1173 &rarr; <strong>1153</strong><br />(-20 for losing)
|raw|Hunter Rome's rating: 1243 &rarr; <strong>1263</strong><br />(+20 for winning)
|l|☆zermoon
|player|p1|
|l|☆Hunter Rome
|player|p2|
