|html|<div class="broadcast-blue"><strong>[Gen 9] OU is currently suspecting Tera Blast! For information on how to participate check out the <a href="https://www.smogon.com/tools/suspects/view/200">suspect thread</a>.</strong></div>
|j|☆la5495
|j|☆clobbis
|t:|1776069894
|gametype|singles
|player|p1|la5495|ghetsis|1216
|player|p2|clobbis|brycenman|1211
|gen|9
|tier|[Gen 9] OU
|rated|
|rule|HP Percentage Mod: HP is shown in percentages
|rule|Endless Battle Clause: Forcing endless battles is banned
|rule|Species Clause: Limit one of each Pokémon
|rule|OHKO Clause: OHKO moves are banned
|rule|Evasion Items Clause: Evasion items are banned
|rule|Evasion Moves Clause: Evasion moves are banned
|rule|Evasion Abilities Clause: Evasion abilities are banned
|rule|Sleep Moves Clause: Sleep-inducing moves are banned
|clearpoke
|poke|p1|Empoleon, F|
|poke|p1|Ogerpon, F|
|poke|p1|Kingambit, M|
|poke|p1|Cinderace, F|
|poke|p1|Ribombee, F|
|poke|p1|Dragapult, M|
|poke|p2|Araquanid, M|
|poke|p2|Lokix, M|
|poke|p2|Ceruledge, F|
|poke|p2|Dondozo, M|
|poke|p2|Serperior, M|
|poke|p2|Toxtricity, F|
|teampreview
|inactive|Battle timer is ON: inactive players will automatically lose when time's up. (requested by la5495)
|inactive|la5495 has 120 seconds left.
|
|t:|1776069927
|teamsize|p1|6
|teamsize|p2|6
|start
|switch|p1a: Ribombee|Ribombee, F|100/100
|switch|p2a: Ceruledge|Ceruledge, F|100/100
|turn|1
|
|t:|1776069953
|move|p1a: Ribombee|Stun Spore|p2a: Ceruledge
|-status|p2a: Ceruledge|par
|move|p2a: Ceruledge|Swords Dance|p2a: Ceruledge
|-boost|p2a: Ceruledge|atk|2
|
|upkeep
|turn|2
|
|t:|1776069967
|switch|p1a: Dragapult|Dragapult, M|100/100
|move|p2a: Ceruledge|Bitter Blade|p1a: Dragapult
|-resisted|p1a: Dragapult
|-damage|p1a: Dragapult|44/100
|
|upkeep
|turn|3
|
|t:|1776069975
|move|p1a: Dragapult|Curse|p2a: Ceruledge
|-start|p2a: Ceruledge|Curse|[of] p1a: Dragapult
|-damage|p1a: Dragapult|0 fnt
|faint|p1a: Dragapult
|move|p2a: Ceruledge|Bitter Blade|p1: Dragapult|[notarget]
|-fail|p2a: Ceruledge
|
|-damage|p2a: Ceruledge|76/100 par|[from] Curse
|upkeep
|
|t:|1776069981
|switch|p1a: Ribombee|Ribombee, F|100/100
|turn|4
|
|t:|1776069987
|move|p1a: Ribombee|Sticky Web|p2a: Ceruledge
|-sidestart|p2: clobbis|move: Sticky Web
|move|p2a: Ceruledge|Bitter Blade|p1a: Ribombee
|-supereffective|p1a: Ribombee
|-enditem|p1a: Ribombee|Focus Sash
|-damage|p1a: Ribombee|1/100
|-heal|p2a: Ceruledge|100/100 par|[from] drain|[of] p1a: Ribombee
|
|-damage|p2a: Ceruledge|76/100 par|[from] Curse
|upkeep
|turn|5
|
|t:|1776069999
|move|p2a: Ceruledge|Shadow Sneak|p1a: Ribombee
|-damage|p1a: Ribombee|0 fnt
|faint|p1a: Ribombee
|
|-damage|p2a: Ceruledge|51/100 par|[from] Curse
|upkeep
|
|t:|1776070002
|switch|p1a: Cinderace|Cinderace, F|100/100
|turn|6
|
|t:|1776070006
|move|p1a: Cinderace|Court Change|p1a: Cinderace
|-start|p1a: Cinderace|typechange|Normal|[from] ability: Libero
|-swapsideconditions
|-activate|p1a: Cinderace|move: Court Change
|cant|p2a: Ceruledge|par
|
|-damage|p2a: Ceruledge|26/100 par|[from] Curse
|upkeep
|turn|7
|
|t:|1776070017
|move|p1a: Cinderace|Pyro Ball|p2a: Ceruledge|[miss]
|-miss|p1a: Cinderace|p2a: Ceruledge
|move|p2a: Ceruledge|Bitter Blade|p1a: Cinderace
|-damage|p1a: Cinderace|0 fnt
|-heal|p2a: Ceruledge|88/100 par|[from] drain|[of] p1a: Cinderace
|faint|p1a: Cinderace
|
|-damage|p2a: Ceruledge|63/100 par|[from] Curse
|upkeep
|
|t:|1776070028
|switch|p1a: Kingambit|Kingambit, M|100/100
|-activate|p1a: Kingambit|move: Sticky Web
|-unboost|p1a: Kingambit|spe|1
|-ability|p1a: Kingambit|Defiant|boost
|-boost|p1a: Kingambit|atk|2
|turn|8
|
|t:|1776070033
|move|p1a: Kingambit|Sucker Punch|p2a: Ceruledge
|-supereffective|p2a: Ceruledge
|-damage|p2a: Ceruledge|0 fnt
|faint|p2a: Ceruledge
|
|upkeep
|
|t:|1776070038
|switch|p2a: Tiso|Lokix, M|100/100
|turn|9
|
|t:|1776070049
|switch|p1a: Empoleon|Empoleon, F|100/100
|-activate|p1a: Empoleon|move: Sticky Web
|-unboost|p1a: Empoleon|spe|1
|-ability|p1a: Empoleon|Competitive|boost
|-boost|p1a: Empoleon|spa|2
|-terastallize|p2a: Tiso|Bug
|move|p2a: Tiso|First Impression|p1a: Empoleon
|-resisted|p1a: Empoleon
|-damage|p1a: Empoleon|54/100
|
|upkeep
|turn|10
|l|☆la5495
|inactive|la5495 disconnected and has a minute to reconnect!
|player|p1|
|j|☆la5495
|inactive|la5495 reconnected and has 110 seconds left.
|player|p1|la5495|ghetsis|
|
|t:|1776070095
|move|p2a: Tiso|Knock Off|p1a: Empoleon
|-damage|p1a: Empoleon|18/100
|-enditem|p1a: Empoleon|Assault Vest|[from] move: Knock Off|[of] p2a: Tiso
|move|p1a: Empoleon|Surf|p2a: Tiso
|-damage|p2a: Tiso|0 fnt
|faint|p2a: Tiso
|
|upkeep
|
|t:|1776070103
|switch|p2a: Serperior|Serperior, M|100/100
|turn|11
|
|t:|1776070129
|move|p1a: Empoleon|Vacuum Wave|p2a: Serperior
|-damage|p2a: Serperior|76/100
|move|p2a: Serperior|Leaf Storm|p1a: Empoleon
|-damage|p1a: Empoleon|0 fnt
|-boost|p2a: Serperior|spa|2
|faint|p1a: Empoleon
|
|upkeep
|inactive|la5495 has 90 seconds left.
|
|t:|1776070140
|switch|p1a: Kingambit|Kingambit, M|100/100
|-activate|p1a: Kingambit|move: Sticky Web
|-unboost|p1a: Kingambit|spe|1
|-ability|p1a: Kingambit|Defiant|boost
|-boost|p1a: Kingambit|atk|2
|turn|12
|
|t:|1776070151
|move|p1a: Kingambit|Sucker Punch|p2a: Serperior
|-damage|p2a: Serperior|0 fnt
|faint|p2a: Serperior
|
|upkeep
|
|t:|1776070159
|switch|p2a: Dondozo|Dondozo, M|100/100
|turn|13
|
|t:|1776070163
|switch|p1a: Ogerpon|Ogerpon, F|100/100
|-activate|p1a: Ogerpon|move: Sticky Web
|-unboost|p1a: Ogerpon|spe|1
|-ability|p1a: Ogerpon|Defiant|boost
|-boost|p1a: Ogerpon|atk|2
|move|p2a: Dondozo|Body Press|p1a: Ogerpon
|-damage|p1a: Ogerpon|65/100
|
|upkeep
|turn|14
|inactive|la5495 has 120 seconds left.
|
|t:|1776070174
|move|p1a: Ogerpon|Lash Out|p2a: Dondozo
|-damage|p2a: Dondozo|75/100
|move|p2a: Dondozo|Avalanche|p1a: Ogerpon
|-supereffective|p1a: Ogerpon
|-damage|p1a: Ogerpon|0 fnt
|faint|p1a: Ogerpon
|
|-heal|p2a: Dondozo|81/100|[from] item: Leftovers
|upkeep
|
|t:|1776070183
|switch|p1a: Kingambit|Kingambit, M|100/100
|-activate|p1a: Kingambit|move: Sticky Web
|-unboost|p1a: Kingambit|spe|1
|-ability|p1a: Kingambit|Defiant|boost
|-boost|p1a: Kingambit|atk|2
|turn|15
|inactive|la5495 has 120 seconds left.
|
|t:|1776070194
|-terastallize|p1a: Kingambit|Fairy
|move|p2a: Dondozo|Body Press|p1a: Kingambit
|-resisted|p1a: Kingambit
|-damage|p1a: Kingambit|91/100
|move|p1a: Kingambit|Kowtow Cleave|p2a: Dondozo
|-damage|p2a: Dondozo|35/100
|
|-heal|p2a: Dondozo|41/100|[from] item: Leftovers
|-heal|p1a: Kingambit|97/100|[from] item: Leftovers
|upkeep
|turn|16
|inactive|la5495 has 120 seconds left.
|
|t:|1776070207
|move|p2a: Dondozo|Rest|p2a: Dondozo
|-status|p2a: Dondozo|slp|[from] move: Rest
|-heal|p2a: Dondozo|100/100 slp|[silent]
|move|p1a: Kingambit|Kowtow Cleave|p2a: Dondozo
|-damage|p2a: Dondozo|50/100 slp
|
|-heal|p2a: Dondozo|56/100 slp|[from] item: Leftovers
|-heal|p1a: Kingambit|100/100|[from] item: Leftovers
|upkeep
|turn|17
|
|t:|1776070210
|cant|p2a: Dondozo|slp
|move|p2a: Dondozo|Sleep Talk|p2a: Dondozo
|move|p2a: Dondozo|Avalanche|p1a: Kingambit|[from] move: Sleep Talk
|-damage|p1a: Kingambit|90/100
|move|p1a: Kingambit|Kowtow Cleave|p2a: Dondozo
|-damage|p2a: Dondozo|10/100 slp
|
|-heal|p2a: Dondozo|16/100 slp|[from] item: Leftovers
|-heal|p1a: Kingambit|96/100|[from] item: Leftovers
|upkeep
|turn|18
|
|t:|1776070221
|move|p1a: Kingambit|Kowtow Cleave|p2a: Dondozo
|-damage|p2a: Dondozo|0 fnt
|faint|p2a: Dondozo
|
|-heal|p1a: Kingambit|100/100|[from] item: Leftovers
|upkeep
|
|t:|1776070227
|switch|p2a: Styx|Araquanid, M|100/100
|turn|19
|
|t:|1776070238
|move|p2a: Styx|Liquidation|p1a: Kingambit
|-damage|p1a: Kingambit|68/100
|move|p1a: Kingambit|Kowtow Cleave|p2a: Styx
|-damage|p2a: Styx|25/100
|
|-heal|p1a: Kingambit|74/100|[from] item: Leftovers
|upkeep
|turn|20
|
|t:|1776070244
|move|p1a: Kingambit|Sucker Punch|p2a: Styx
|-damage|p2a: Styx|0 fnt
|faint|p2a: Styx
|
|-heal|p1a: Kingambit|80/100|[from] item: Leftovers
|upkeep
|
|t:|1776070247
|switch|p2a: Toxtricity|Toxtricity, F|100/100
|turn|21
|
|t:|1776070258
|move|p1a: Kingambit|Sucker Punch|p2a: Toxtricity
|-damage|p2a: Toxtricity|0 fnt
|faint|p2a: Toxtricity
|
|win|la5495
|raw|la5495's rating: 1216 &rarr; <strong>1241</strong><br />(+25 for winning)
|raw|clobbis's rating: 1211 &rarr; <strong>1186</strong><br />(-25 for losing)
|l|☆clobbis
|player|p2|
|l|☆la5495
|player|p1|
