|html|<div class="broadcast-blue"><strong>[Gen 9] OU is currently suspecting Tera Blast! For information on how to participate check out the <a href="https://www.smogon.com/tools/suspects/view/200">suspect thread</a>.</strong></div>
|j|‽pzzatime
|j|☆tbw114514
|t:|1776079273
|gametype|singles
|player|p1|pzzatime|265|1467
|player|p2|tbw114514|266|1514
|gen|9
|tier|[Gen 9] OU
|rated|
|rule|HP Percentage Mod: HP is shown in percentages
|rule|Endless Battle Clause: Forcing endless battles is banned
|rule|Species Clause: Limit one of each Pokémon
|rule|OHKO Clause: OHKO moves are banned
|rule|Evasion Items Clause: Evasion items are banned
|rule|Evasion Moves Clause: Evasion moves are banned
|rule|Evasion Abilities Clause: Evasion abilities are banned
|rule|Sleep Moves Clause: Sleep-inducing moves are banned
|clearpoke
|poke|p1|Tinkaton, F|
|poke|p1|Great Tusk|
|poke|p1|Pecharunt|
|poke|p1|Alomomola, M|
|poke|p1|Hydreigon, M|
|poke|p1|Meowscarada, M|
|poke|p2|Tyranitar, F|
|poke|p2|Keldeo-Resolute|
|poke|p2|Heatran, F|
|poke|p2|Excadrill, M|
|poke|p2|Vileplume, F|
|poke|p2|Moltres|
|teampreview
|inactive|Battle timer is ON: inactive players will automatically lose when time's up. (requested by pzzatime)
|
|t:|1776079286
|teamsize|p1|6
|teamsize|p2|6
|start
|switch|p1a: Meowscarada|Meowscarada, M|100/100
|switch|p2a: 听话，让我看看|Tyranitar, F|100/100
|-weather|Sandstorm|[from] ability: Sand Stream|[of] p2a: 听话，让我看看
|turn|1
|
|t:|1776079294
|switch|p2a: 外翻玫瑰|Vileplume, F|100/100
|move|p1a: Meowscarada|Trick|p2a: 外翻玫瑰
|-activate|p1a: Meowscarada|move: Trick|[of] p2a: 外翻玫瑰
|-item|p2a: 外翻玫瑰|Choice Scarf|[from] move: Trick
|-item|p1a: Meowscarada|Heavy-Duty Boots|[from] move: Trick
|
|-weather|Sandstorm|[upkeep]
|-damage|p1a: Meowscarada|94/100|[from] Sandstorm
|-damage|p2a: 外翻玫瑰|94/100|[from] Sandstorm
|upkeep
|turn|2
|
|t:|1776079310
|move|p1a: Meowscarada|U-turn|p2a: 外翻玫瑰
|-damage|p2a: 外翻玫瑰|75/100
|
|t:|1776079313
|switch|p1a: Alomomola|Alomomola, M, shiny|100/100|[from] U-turn
|move|p2a: 外翻玫瑰|Grass Knot|p1a: Alomomola
|-supereffective|p1a: Alomomola
|-damage|p1a: Alomomola|78/100
|
|-weather|Sandstorm|[upkeep]
|-damage|p2a: 外翻玫瑰|69/100|[from] Sandstorm
|-damage|p1a: Alomomola|71/100|[from] Sandstorm
|upkeep
|turn|3
|
|t:|1776079326
|move|p2a: 外翻玫瑰|Grass Knot|p1a: Alomomola
|-supereffective|p1a: Alomomola
|-damage|p1a: Alomomola|50/100
|move|p1a: Alomomola|Flip Turn|p2a: 外翻玫瑰
|-resisted|p2a: 外翻玫瑰
|-damage|p2a: 外翻玫瑰|63/100
|
|t:|1776079332
|switch|p1a: Hydreigon|Hydreigon, M, shiny|100/100|[from] Flip Turn
|
|-weather|Sandstorm|[upkeep]
|-damage|p1a: Hydreigon|94/100|[from] Sandstorm
|-damage|p2a: 外翻玫瑰|57/100|[from] Sandstorm
|-heal|p1a: Hydreigon|100/100|[from] item: Leftovers
|upkeep
|turn|4
|
|t:|1776079348
|switch|p1a: Alomomola|Alomomola, M, shiny|83/100
|switch|p2a: 肛炎巨受|Heatran, F|100/100
|
|-weather|Sandstorm|[upkeep]
|-damage|p1a: Alomomola|77/100|[from] Sandstorm
|upkeep
|turn|5
|
|t:|1776079355
|switch|p2a: 外翻玫瑰|Vileplume, F|57/100
|move|p1a: Alomomola|Flip Turn|p2a: 外翻玫瑰
|-resisted|p2a: 外翻玫瑰
|-damage|p2a: 外翻玫瑰|50/100
|
|t:|1776079361
|switch|p1a: Meowscarada|Meowscarada, M|94/100|[from] Flip Turn
|
|-weather|none
|upkeep
|turn|6
|
|t:|1776079369
|move|p1a: Meowscarada|U-turn|p2a: 外翻玫瑰
|-damage|p2a: 外翻玫瑰|33/100
|
|t:|1776079371
|switch|p1a: Alomomola|Alomomola, M, shiny|100/100|[from] U-turn
|move|p2a: 外翻玫瑰|Strength Sap|p1a: Alomomola
|-unboost|p1a: Alomomola|atk|1
|-heal|p2a: 外翻玫瑰|86/100
|
|upkeep
|turn|7
|
|t:|1776079380
|move|p2a: 外翻玫瑰|Strength Sap|p1a: Alomomola
|-unboost|p1a: Alomomola|atk|1
|-heal|p2a: 外翻玫瑰|100/100
|move|p1a: Alomomola|Flip Turn|p2a: 外翻玫瑰
|-resisted|p2a: 外翻玫瑰
|-damage|p2a: 外翻玫瑰|97/100
|
|t:|1776079382
|switch|p1a: Hydreigon|Hydreigon, M, shiny|100/100|[from] Flip Turn
|
|upkeep
|turn|8
|
|t:|1776079391
|switch|p2a: 听话，让我看看|Tyranitar, F|100/100
|-weather|Sandstorm|[from] ability: Sand Stream|[of] p2a: 听话，让我看看
|move|p1a: Hydreigon|Nasty Plot|p1a: Hydreigon
|-boost|p1a: Hydreigon|spa|2
|
|-weather|Sandstorm|[upkeep]
|-damage|p1a: Hydreigon|94/100|[from] Sandstorm
|-heal|p1a: Hydreigon|100/100|[from] item: Leftovers
|upkeep
|turn|9
|
|t:|1776079410
|move|p1a: Hydreigon|Earth Power|p2a: 听话，让我看看
|-supereffective|p2a: 听话，让我看看
|-damage|p2a: 听话，让我看看|21/100
|move|p2a: 听话，让我看看|Low Kick|p1a: Hydreigon
|-supereffective|p1a: Hydreigon
|-damage|p1a: Hydreigon|0 fnt
|faint|p1a: Hydreigon
|
|-weather|Sandstorm|[upkeep]
|upkeep
|
|t:|1776079421
|switch|p1a: Meowscarada|Meowscarada, M|94/100
|turn|10
|
|t:|1776079427
|switch|p2a: 大烧鸡罢|Moltres|100/100
|move|p1a: Meowscarada|U-turn|p2a: 大烧鸡罢
|-resisted|p2a: 大烧鸡罢
|-damage|p2a: 大烧鸡罢|96/100
|
|t:|1776079431
|switch|p1a: Pecharunt|Pecharunt|100/100|[from] U-turn
|
|-weather|Sandstorm|[upkeep]
|-damage|p1a: Pecharunt|94/100|[from] Sandstorm
|-damage|p2a: 大烧鸡罢|90/100|[from] Sandstorm
|upkeep
|turn|11
|
|t:|1776079436
|switch|p2a: moleman|Excadrill, M|100/100
|move|p1a: Pecharunt|Parting Shot|p2a: moleman
|-unboost|p2a: moleman|atk|1
|-unboost|p2a: moleman|spa|1
|
|t:|1776079451
|switch|p1a: Great Tusk|Great Tusk, shiny|100/100|[from] Parting Shot
|
|-weather|Sandstorm|[upkeep]
|upkeep
|turn|12
|
|t:|1776079462
|switch|p2a: 外翻玫瑰|Vileplume, F|97/100
|-end|p1a: Great Tusk|Protosynthesis|[silent]
|switch|p1a: Alomomola|Alomomola, M, shiny|100/100
|
|-weather|none
|upkeep
|turn|13
|
|t:|1776079471
|move|p2a: 外翻玫瑰|Toxic|p1a: Alomomola
|-status|p1a: Alomomola|tox
|move|p1a: Alomomola|Flip Turn|p2a: 外翻玫瑰
|-resisted|p2a: 外翻玫瑰
|-damage|p2a: 外翻玫瑰|91/100
|
|t:|1776079474
|switch|p1a: Tinkaton|Tinkaton, F, shiny|100/100|[from] Flip Turn
|-item|p1a: Tinkaton|Air Balloon
|
|upkeep
|turn|14
|
|t:|1776079482
|switch|p2a: 大烧鸡罢|Moltres|90/100
|move|p1a: Tinkaton|Stealth Rock|p2a: 大烧鸡罢
|-sidestart|p2: tbw114514|move: Stealth Rock
|
|upkeep
|turn|15
|
|t:|1776079489
|switch|p1a: Alomomola|Alomomola, M, shiny|100/100 tox
|switch|p2a: 外翻玫瑰|Vileplume, F|91/100
|-damage|p2a: 外翻玫瑰|79/100|[from] Stealth Rock
|
|-damage|p1a: Alomomola|94/100 tox|[from] psn
|upkeep
|turn|16
|
|t:|1776079499
|move|p2a: 外翻玫瑰|Strength Sap|p1a: Alomomola
|-unboost|p1a: Alomomola|atk|1
|-heal|p2a: 外翻玫瑰|100/100
|move|p1a: Alomomola|Flip Turn|p2a: 外翻玫瑰
|-resisted|p2a: 外翻玫瑰
|-damage|p2a: 外翻玫瑰|96/100
|
|t:|1776079505
|switch|p1a: Pecharunt|Pecharunt|94/100|[from] Flip Turn
|
|upkeep
|turn|17
|
|t:|1776079518
|switch|p2a: moleman|Excadrill, M|100/100
|-damage|p2a: moleman|97/100|[from] Stealth Rock
|move|p1a: Pecharunt|Parting Shot|p2a: moleman
|-unboost|p2a: moleman|atk|1
|-unboost|p2a: moleman|spa|1
|
|t:|1776079534
|switch|p1a: Meowscarada|Meowscarada, M|94/100|[from] Parting Shot
|
|upkeep
|turn|18
|
|t:|1776079539
|switch|p2a: 大烧鸡罢|Moltres|90/100
|move|p1a: Meowscarada|Flower Trick|p2a: 大烧鸡罢
|-resisted|p2a: 大烧鸡罢
|-crit|p2a: 大烧鸡罢
|-damage|p2a: 大烧鸡罢|80/100
|
|upkeep
|turn|19
|
|t:|1776079548
|move|p1a: Meowscarada|Knock Off|p2a: 大烧鸡罢
|-damage|p2a: 大烧鸡罢|46/100
|-status|p1a: Meowscarada|brn|[from] ability: Flame Body|[of] p2a: 大烧鸡罢
|-enditem|p2a: 大烧鸡罢|Heavy-Duty Boots|[from] move: Knock Off|[of] p1a: Meowscarada
|move|p2a: 大烧鸡罢|U-turn|p1a: Meowscarada
|-supereffective|p1a: Meowscarada
|-damage|p1a: Meowscarada|0 fnt
|faint|p1a: Meowscarada
|
|t:|1776079558
|switch|p2a: 听话，让我看看|Tyranitar, F|21/100|[from] U-turn
|-damage|p2a: 听话，让我看看|8/100|[from] Stealth Rock
|-weather|Sandstorm|[from] ability: Sand Stream|[of] p2a: 听话，让我看看
|
|-weather|Sandstorm|[upkeep]
|upkeep
|
|t:|1776079585
|switch|p1a: Great Tusk|Great Tusk, shiny|100/100
|turn|20
|
|t:|1776079591
|switch|p2a: 外翻玫瑰|Vileplume, F|96/100
|-damage|p2a: 外翻玫瑰|83/100|[from] Stealth Rock
|move|p1a: Great Tusk|Bulk Up|p1a: Great Tusk
|-boost|p1a: Great Tusk|atk|1
|-boost|p1a: Great Tusk|def|1
|
|-weather|Sandstorm|[upkeep]
|-damage|p2a: 外翻玫瑰|77/100|[from] Sandstorm
|upkeep
|turn|21
|
|t:|1776079598
|-end|p1a: Great Tusk|Protosynthesis|[silent]
|switch|p1a: Alomomola|Alomomola, M, shiny|100/100 tox
|move|p2a: 外翻玫瑰|Grass Knot|p1a: Alomomola
|-supereffective|p1a: Alomomola
|-damage|p1a: Alomomola|77/100 tox
|
|-weather|Sandstorm|[upkeep]
|-damage|p2a: 外翻玫瑰|71/100|[from] Sandstorm
|-damage|p1a: Alomomola|71/100 tox|[from] Sandstorm
|-damage|p1a: Alomomola|64/100 tox|[from] psn
|upkeep
|turn|22
|
|t:|1776079604
|move|p2a: 外翻玫瑰|Grass Knot|p1a: Alomomola
|-supereffective|p1a: Alomomola
|-damage|p1a: Alomomola|41/100 tox
|move|p1a: Alomomola|Flip Turn|p2a: 外翻玫瑰
|-resisted|p2a: 外翻玫瑰
|-damage|p2a: 外翻玫瑰|65/100
|
|t:|1776079606
|switch|p1a: Pecharunt|Pecharunt|94/100|[from] Flip Turn
|
|-weather|Sandstorm|[upkeep]
|-damage|p1a: Pecharunt|88/100|[from] Sandstorm
|-damage|p2a: 外翻玫瑰|59/100|[from] Sandstorm
|upkeep
|turn|23
|
|t:|1776079613
|move|p1a: Pecharunt|Parting Shot|p2a: 外翻玫瑰
|-unboost|p2a: 外翻玫瑰|atk|1
|-unboost|p2a: 外翻玫瑰|spa|1
|
|t:|1776079619
|switch|p1a: Alomomola|Alomomola, M, shiny|74/100 tox|[from] Parting Shot
|move|p2a: 外翻玫瑰|Grass Knot|p1a: Alomomola
|-supereffective|p1a: Alomomola
|-damage|p1a: Alomomola|59/100 tox
|
|-weather|none
|-damage|p1a: Alomomola|53/100 tox|[from] psn
|upkeep
|turn|24
|
|t:|1776079626
|move|p2a: 外翻玫瑰|Grass Knot|p1a: Alomomola
|-supereffective|p1a: Alomomola
|-damage|p1a: Alomomola|39/100 tox
|move|p1a: Alomomola|Flip Turn|p2a: 外翻玫瑰
|-resisted|p2a: 外翻玫瑰
|-damage|p2a: 外翻玫瑰|52/100
|
|t:|1776079629
|switch|p1a: Pecharunt|Pecharunt|88/100|[from] Flip Turn
|
|upkeep
|turn|25
|
|t:|1776079636
|move|p1a: Pecharunt|Parting Shot|p2a: 外翻玫瑰
|-unboost|p2a: 外翻玫瑰|atk|1
|-unboost|p2a: 外翻玫瑰|spa|1
|
|t:|1776079639
|switch|p1a: Alomomola|Alomomola, M, shiny|72/100 tox|[from] Parting Shot
|move|p2a: 外翻玫瑰|Grass Knot|p1a: Alomomola
|-supereffective|p1a: Alomomola
|-damage|p1a: Alomomola|60/100 tox
|
|-damage|p1a: Alomomola|54/100 tox|[from] psn
|upkeep
|turn|26
|
|t:|1776079647
|switch|p2a: 云宝我要进来了哦|Keldeo-Resolute|100/100
|-damage|p2a: 云宝我要进来了哦|94/100|[from] Stealth Rock
|move|p1a: Alomomola|Flip Turn|p2a: 云宝我要进来了哦
|-resisted|p2a: 云宝我要进来了哦
|-damage|p2a: 云宝我要进来了哦|84/100
|
|t:|1776079650
|switch|p1a: Pecharunt|Pecharunt|88/100|[from] Flip Turn
|
|upkeep
|turn|27
|
|t:|1776079658
|-terastallize|p2a: 云宝我要进来了哦|Water
|move|p2a: 云宝我要进来了哦|Surf|p1a: Pecharunt
|-damage|p1a: Pecharunt|0 fnt
|faint|p1a: Pecharunt
|
|upkeep
|
|t:|1776079661
|switch|p1a: Alomomola|Alomomola, M, shiny|87/100 tox
|turn|28
|
|t:|1776079670
|move|p2a: 云宝我要进来了哦|Surf|p1a: Alomomola
|-resisted|p1a: Alomomola
|-damage|p1a: Alomomola|63/100 tox
|move|p1a: Alomomola|Flip Turn|p2a: 云宝我要进来了哦
|-resisted|p2a: 云宝我要进来了哦
|-damage|p2a: 云宝我要进来了哦|75/100
|
|t:|1776079678
|switch|p1a: Great Tusk|Great Tusk, shiny|100/100|[from] Flip Turn
|
|upkeep
|turn|29
|
|t:|1776079684
|-end|p1a: Great Tusk|Protosynthesis|[silent]
|switch|p1a: Alomomola|Alomomola, M, shiny|96/100 tox
|move|p2a: 云宝我要进来了哦|Surf|p1a: Alomomola
|-resisted|p1a: Alomomola
|-damage|p1a: Alomomola|75/100 tox
|
|-damage|p1a: Alomomola|68/100 tox|[from] psn
|upkeep
|turn|30
|
|t:|1776079691
|move|p2a: 云宝我要进来了哦|Surf|p1a: Alomomola
|-resisted|p1a: Alomomola
|-damage|p1a: Alomomola|44/100 tox
|move|p1a: Alomomola|Flip Turn|p2a: 云宝我要进来了哦
|-resisted|p2a: 云宝我要进来了哦
|-damage|p2a: 云宝我要进来了哦|66/100
|
|t:|1776079697
|switch|p1a: Great Tusk|Great Tusk, shiny|100/100|[from] Flip Turn
|
|upkeep
|turn|31
|
|t:|1776079702
|-end|p1a: Great Tusk|Protosynthesis|[silent]
|switch|p1a: Alomomola|Alomomola, M, shiny|78/100 tox
|move|p2a: 云宝我要进来了哦|Surf|p1a: Alomomola
|-resisted|p1a: Alomomola
|-damage|p1a: Alomomola|54/100 tox
|
|-damage|p1a: Alomomola|48/100 tox|[from] psn
|upkeep
|turn|32
|
|t:|1776079708
|move|p2a: 云宝我要进来了哦|Surf|p1a: Alomomola
|-resisted|p1a: Alomomola
|-damage|p1a: Alomomola|26/100 tox
|move|p1a: Alomomola|Mirror Coat|p2a: 云宝我要进来了哦
|-damage|p2a: 云宝我要进来了哦|0 fnt
|faint|p2a: 云宝我要进来了哦
|
|-damage|p1a: Alomomola|14/100 tox|[from] psn
|upkeep
|
|t:|1776079719
|switch|p2a: moleman|Excadrill, M|97/100
|-damage|p2a: moleman|94/100|[from] Stealth Rock
|turn|33
|
|t:|1776079728
|move|p1a: Alomomola|Aqua Jet|p2a: moleman
|-supereffective|p2a: moleman
|-crit|p2a: moleman
|-damage|p2a: moleman|47/100
|move|p2a: moleman|Rapid Spin|p1a: Alomomola
|-damage|p1a: Alomomola|0 fnt
|-boost|p2a: moleman|spe|1
|-sideend|p2: tbw114514|Stealth Rock|[from] move: Rapid Spin|[of] p2a: moleman
|faint|p1a: Alomomola
|
|upkeep
|
|t:|1776079738
|switch|p1a: Tinkaton|Tinkaton, F, shiny|100/100
|-item|p1a: Tinkaton|Air Balloon
|turn|34
|
|t:|1776079742
|move|p2a: moleman|Iron Head|p1a: Tinkaton
|-damage|p1a: Tinkaton|36/100
|-enditem|p1a: Tinkaton|Air Balloon
|-enditem|p2a: moleman|Assault Vest|[silent]|[from] ability: Pickpocket|[of] p2a: moleman
|-item|p1a: Tinkaton|Assault Vest|[from] ability: Pickpocket|[of] p2a: moleman
|cant|p1a: Tinkaton|flinch
|
|upkeep
|turn|35
|
|t:|1776079749
|move|p2a: moleman|Earthquake|p1a: Tinkaton
|-supereffective|p1a: Tinkaton
|-damage|p1a: Tinkaton|0 fnt
|faint|p1a: Tinkaton
|
|upkeep
|
|t:|1776079751
|switch|p1a: Great Tusk|Great Tusk, shiny|100/100
|turn|36
|
|t:|1776079759
|move|p2a: moleman|Earthquake|p1a: Great Tusk
|-damage|p1a: Great Tusk|70/100
|move|p1a: Great Tusk|Bulk Up|p1a: Great Tusk
|-boost|p1a: Great Tusk|atk|1
|-boost|p1a: Great Tusk|def|1
|
|-heal|p1a: Great Tusk|77/100|[from] item: Leftovers
|upkeep
|turn|37
|
|t:|1776079765
|move|p2a: moleman|Earthquake|p1a: Great Tusk
|-damage|p1a: Great Tusk|54/100
|move|p1a: Great Tusk|Rapid Spin|p2a: moleman
|-resisted|p2a: moleman
|-damage|p2a: moleman|32/100
|-boost|p1a: Great Tusk|spe|1
|
|-heal|p1a: Great Tusk|60/100|[from] item: Leftovers
|upkeep
|turn|38
|
|t:|1776079771
|switch|p2a: 大烧鸡罢|Moltres|46/100
|move|p1a: Great Tusk|Bulk Up|p1a: Great Tusk
|-boost|p1a: Great Tusk|atk|1
|-boost|p1a: Great Tusk|def|1
|
|-heal|p1a: Great Tusk|67/100|[from] item: Leftovers
|upkeep
|turn|39
|
|t:|1776079778
|-terastallize|p1a: Great Tusk|Fighting
|move|p1a: Great Tusk|Close Combat|p2a: 大烧鸡罢
|-resisted|p2a: 大烧鸡罢
|-damage|p2a: 大烧鸡罢|0 fnt
|-unboost|p1a: Great Tusk|def|1
|-unboost|p1a: Great Tusk|spd|1
|-status|p1a: Great Tusk|brn|[from] ability: Flame Body|[of] p2a: 大烧鸡罢
|faint|p2a: 大烧鸡罢
|
|-heal|p1a: Great Tusk|73/100 brn|[from] item: Leftovers
|-damage|p1a: Great Tusk|67/100 brn|[from] brn
|upkeep
|
|t:|1776079784
|switch|p2a: 外翻玫瑰|Vileplume, F|52/100
|turn|40
|
|t:|1776079797
|move|p1a: Great Tusk|Temper Flare|p2a: 外翻玫瑰
|-supereffective|p2a: 外翻玫瑰
|-damage|p2a: 外翻玫瑰|20/100
|move|p2a: 外翻玫瑰|Grass Knot|p1a: Great Tusk
|-damage|p1a: Great Tusk|0 fnt
|faint|p1a: Great Tusk
|-end|p1a: Great Tusk|Protosynthesis|[silent]
|
|win|tbw114514
|raw|pzzatime's rating: 1467 &rarr; <strong>1450</strong><br />(-17 for losing)
|raw|tbw114514's rating: 1514 &rarr; <strong>1531</strong><br />(+17 for winning)
|l|‽pzzatime
|player|p1|
|l|☆tbw114514
|player|p2|
