|html|<div class="broadcast-blue"><strong>[Gen 9] OU is currently suspecting Tera Blast! For information on how to participate check out the <a href="https://www.smogon.com/tools/suspects/view/200">suspect thread</a>.</strong></div>
|j|☆Hakkimaru
|j|☆RandomFrozenPotato
|t:|1776189417
|gametype|singles
|player|p1|Hakkimaru|youngster-gen4dp|1141
|player|p2|RandomFrozenPotato|evelyn|1179
|gen|9
|tier|[Gen 9] OU
|rated|
|rule|HP Percentage Mod: HP is shown in percentages
|rule|Endless Battle Clause: Forcing endless battles is banned
|rule|Species Clause: Limit one of each Pokémon
|rule|OHKO Clause: OHKO moves are banned
|rule|Evasion Items Clause: Evasion items are banned
|rule|Evasion Moves Clause: Evasion moves are banned
|rule|Evasion Abilities Clause: Evasion abilities are banned
|rule|Sleep Moves Clause: Sleep-inducing moves are banned
|clearpoke
|poke|p1|Cinderace, F|
|poke|p1|Gliscor, M|
|poke|p1|Scizor, M|
|poke|p1|Toxtricity, M|
|poke|p1|Great Tusk|
|poke|p1|Regidrago|
|poke|p2|Glimmora, M|
|poke|p2|Pecharunt|
|poke|p2|Alomomola, F|
|poke|p2|Garganacl, M|
|poke|p2|Kingambit, M|
|poke|p2|Gliscor, M|
|teampreview
|inactive|Battle timer is ON: inactive players will automatically lose when time's up. (requested by Hakkimaru)
|inactive|RandomFrozenPotato also wants the timer to be on.
|
|t:|1776189427
|teamsize|p1|6
|teamsize|p2|6
|start
|switch|p1a: Gliscor|Gliscor, M|100/100
|switch|p2a: he just like me fr|Glimmora, M|100/100
|-item|p2a: he just like me fr|Air Balloon
|turn|1
|
|t:|1776189433
|move|p1a: Gliscor|Psychic Fangs|p2a: he just like me fr
|-supereffective|p2a: he just like me fr
|-damage|p2a: he just like me fr|39/100
|-activate|p2a: he just like me fr|ability: Toxic Debris
|-sidestart|p1: Hakkimaru|move: Toxic Spikes
|-enditem|p2a: he just like me fr|Air Balloon
|move|p2a: he just like me fr|Power Gem|p1a: Gliscor
|-damage|p1a: Gliscor|53/100
|
|upkeep
|turn|2
|
|t:|1776189443
|switch|p2a: Love?|Alomomola, F|100/100
|move|p1a: Gliscor|Psychic Fangs|p2a: Love?
|-damage|p2a: Love?|81/100
|-damage|p1a: Gliscor|37/100|[from] item: Rocky Helmet|[of] p2a: Love?
|
|upkeep
|turn|3
|
|t:|1776189455
|switch|p1a: Toxtricity|Toxtricity, M|100/100
|-sideend|p1: Hakkimaru|move: Toxic Spikes|[of] p1a: Toxtricity
|move|p2a: Love?|Wish|p2a: Love?
|
|upkeep
|turn|4
|
|t:|1776189465
|move|p1a: Toxtricity|Overdrive|p2a: Love?
|-supereffective|p2a: Love?
|-damage|p2a: Love?|0 fnt
|faint|p2a: Love?
|
|upkeep
|
|t:|1776189471
|switch|p2a: Aux slot B|Pecharunt|100/100
|turn|5
|
|t:|1776189484
|switch|p1a: Scizor|Scizor, M|100/100
|move|p2a: Aux slot B|Nasty Plot|p2a: Aux slot B
|-boost|p2a: Aux slot B|spa|2
|
|upkeep
|turn|6
|
|t:|1776189501
|move|p2a: Aux slot B|Shadow Ball|p1a: Scizor
|-damage|p1a: Scizor|18/100
|move|p1a: Scizor|Knock Off|p2a: Aux slot B
|-supereffective|p2a: Aux slot B
|-damage|p2a: Aux slot B|20/100
|-enditem|p2a: Aux slot B|Black Sludge|[from] move: Knock Off|[of] p1a: Scizor
|
|upkeep
|turn|7
|
|t:|1776189510
|switch|p1a: Great Tusk|Great Tusk|100/100
|move|p2a: Aux slot B|Recover|p2a: Aux slot B
|-heal|p2a: Aux slot B|70/100
|
|upkeep
|turn|8
|
|t:|1776189517
|move|p2a: Aux slot B|Malignant Chain|p1a: Great Tusk
|-resisted|p1a: Great Tusk
|-damage|p1a: Great Tusk|60/100
|-status|p1a: Great Tusk|tox
|-start|p1a: Great Tusk|confusion|[from] ability: Poison Puppeteer|[of] p2a: Aux slot B
|-activate|p1a: Great Tusk|confusion
|move|p1a: Great Tusk|Earthquake|p2a: Aux slot B
|-supereffective|p2a: Aux slot B
|-damage|p2a: Aux slot B|0 fnt
|faint|p2a: Aux slot B
|
|-damage|p1a: Great Tusk|54/100 tox|[from] psn
|upkeep
|
|t:|1776189530
|switch|p2a: Autism Final Boss|Gliscor, M|100/100
|turn|9
|
|t:|1776189534
|-end|p1a: Great Tusk|confusion
|move|p1a: Great Tusk|Ice Spinner|p2a: Autism Final Boss
|-supereffective|p2a: Autism Final Boss
|-damage|p2a: Autism Final Boss|28/100
|move|p2a: Autism Final Boss|Substitute|p2a: Autism Final Boss
|-start|p2a: Autism Final Boss|Substitute
|-damage|p2a: Autism Final Boss|3/100
|
|-damage|p1a: Great Tusk|41/100 tox|[from] psn
|-status|p2a: Autism Final Boss|tox|[from] item: Toxic Orb
|upkeep
|turn|10
|
|t:|1776189551
|-end|p1a: Great Tusk|Protosynthesis|[silent]
|switch|p1a: Gliscor|Gliscor, M|37/100
|move|p2a: Autism Final Boss|Protect||[still]
|-fail|p2a: Autism Final Boss
|
|-heal|p2a: Autism Final Boss|16/100 tox|[from] ability: Poison Heal
|upkeep
|turn|11
|
|t:|1776189557
|move|p1a: Gliscor|Ice Fang|p2a: Autism Final Boss
|-supereffective|p2a: Autism Final Boss
|-end|p2a: Autism Final Boss|Substitute
|move|p2a: Autism Final Boss|Spikes|p1a: Gliscor
|-sidestart|p1: Hakkimaru|Spikes
|
|-heal|p2a: Autism Final Boss|28/100 tox|[from] ability: Poison Heal
|upkeep
|turn|12
|
|t:|1776189564
|move|p2a: Autism Final Boss|Protect|p2a: Autism Final Boss
|-singleturn|p2a: Autism Final Boss|Protect
|move|p1a: Gliscor|Ice Fang|p2a: Autism Final Boss
|-activate|p2a: Autism Final Boss|move: Protect
|
|-heal|p2a: Autism Final Boss|41/100 tox|[from] ability: Poison Heal
|upkeep
|turn|13
|
|t:|1776189574
|switch|p2a: Minecraft|Garganacl, M|100/100
|move|p1a: Gliscor|Ice Fang|p2a: Minecraft
|-damage|p2a: Minecraft|81/100
|
|-heal|p2a: Minecraft|87/100|[from] item: Leftovers
|upkeep
|turn|14
|
|t:|1776189593
|switch|p1a: Scizor|Scizor, M|18/100
|-damage|p1a: Scizor|5/100|[from] Spikes
|move|p2a: Minecraft|Salt Cure|p1a: Scizor
|-damage|p1a: Scizor|0 fnt
|faint|p1a: Scizor
|
|-heal|p2a: Minecraft|94/100|[from] item: Leftovers
|upkeep
|
|t:|1776189604
|switch|p1a: Toxtricity|Toxtricity, M|100/100
|-damage|p1a: Toxtricity|88/100|[from] Spikes
|turn|15
|
|t:|1776189610
|move|p1a: Toxtricity|Overdrive|p2a: Minecraft
|-damage|p2a: Minecraft|58/100
|move|p2a: Minecraft|Salt Cure|p1a: Toxtricity
|-damage|p1a: Toxtricity|65/100
|-start|p1a: Toxtricity|Salt Cure
|
|-heal|p2a: Minecraft|64/100|[from] item: Leftovers
|-damage|p1a: Toxtricity|52/100|[from] Salt Cure
|upkeep
|turn|16
|
|t:|1776189628
|move|p1a: Toxtricity|Overdrive|p2a: Minecraft
|-damage|p2a: Minecraft|28/100
|move|p2a: Minecraft|Recover|p2a: Minecraft
|-heal|p2a: Minecraft|78/100
|
|-heal|p2a: Minecraft|84/100|[from] item: Leftovers
|-damage|p1a: Toxtricity|40/100|[from] Salt Cure
|upkeep
|turn|17
|
|t:|1776189637
|switch|p1a: Great Tusk|Great Tusk|41/100 tox
|-damage|p1a: Great Tusk|29/100 tox|[from] Spikes
|switch|p2a: Autism Final Boss|Gliscor, M|41/100 tox
|
|-damage|p1a: Great Tusk|23/100 tox|[from] psn
|-heal|p2a: Autism Final Boss|53/100 tox|[from] ability: Poison Heal
|upkeep
|turn|18
|
|t:|1776189646
|move|p2a: Autism Final Boss|Protect|p2a: Autism Final Boss
|-singleturn|p2a: Autism Final Boss|Protect
|move|p1a: Great Tusk|Ice Spinner|p2a: Autism Final Boss
|-activate|p2a: Autism Final Boss|move: Protect
|
|-damage|p1a: Great Tusk|10/100 tox|[from] psn
|-heal|p2a: Autism Final Boss|65/100 tox|[from] ability: Poison Heal
|upkeep
|turn|19
|
|t:|1776189658
|switch|p2a: Minecraft|Garganacl, M|84/100
|move|p1a: Great Tusk|Ice Spinner|p2a: Minecraft
|-damage|p2a: Minecraft|61/100
|
|-heal|p2a: Minecraft|68/100|[from] item: Leftovers
|-damage|p1a: Great Tusk|0 fnt|[from] psn
|faint|p1a: Great Tusk
|-end|p1a: Great Tusk|Protosynthesis|[silent]
|upkeep
|
|t:|1776189665
|switch|p1a: Cinderace|Cinderace, F|100/100
|turn|20
|
|t:|1776189671
|move|p1a: Cinderace|High Jump Kick|p2a: Minecraft
|-start|p1a: Cinderace|typechange|Fighting|[from] ability: Libero
|-supereffective|p2a: Minecraft
|-damage|p2a: Minecraft|0 fnt
|faint|p2a: Minecraft
|
|upkeep
|
|t:|1776189677
|switch|p2a: he just like me fr|Glimmora, M|39/100
|turn|21
|
|t:|1776189691
|move|p1a: Cinderace|High Jump Kick|p2a: he just like me fr
|-damage|p2a: he just like me fr|0 fnt
|-activate|p2a: he just like me fr|ability: Toxic Debris
|-sidestart|p1: Hakkimaru|move: Toxic Spikes
|faint|p2a: he just like me fr
|
|upkeep
|
|t:|1776189697
|switch|p2a: Autism Final Boss|Gliscor, M|65/100 tox
|turn|22
|
|t:|1776189702
|switch|p1a: Gliscor|Gliscor, M|37/100
|move|p2a: Autism Final Boss|Protect||[still]
|-fail|p2a: Autism Final Boss
|
|-heal|p2a: Autism Final Boss|78/100 tox|[from] ability: Poison Heal
|upkeep
|turn|23
|
|t:|1776189711
|move|p1a: Gliscor|Ice Fang|p2a: Autism Final Boss
|-supereffective|p2a: Autism Final Boss
|-damage|p2a: Autism Final Boss|6/100 tox
|move|p2a: Autism Final Boss|Substitute|p2a: Autism Final Boss
|-fail|p2a: Autism Final Boss|move: Substitute|[weak]
|
|-heal|p2a: Autism Final Boss|18/100 tox|[from] ability: Poison Heal
|upkeep
|turn|24
|
|t:|1776189719
|move|p2a: Autism Final Boss|Protect|p2a: Autism Final Boss
|-singleturn|p2a: Autism Final Boss|Protect
|move|p1a: Gliscor|Ice Fang|p2a: Autism Final Boss
|-activate|p2a: Autism Final Boss|move: Protect
|
|-heal|p2a: Autism Final Boss|30/100 tox|[from] ability: Poison Heal
|upkeep
|turn|25
|
|t:|1776189726
|move|p1a: Gliscor|Ice Fang|p2a: Autism Final Boss
|-supereffective|p2a: Autism Final Boss
|-damage|p2a: Autism Final Boss|0 fnt
|faint|p2a: Autism Final Boss
|
|upkeep
|
|t:|1776189731
|switch|p2a: I lik 2 hit button|Kingambit, M|100/100
|-activate|p2a: I lik 2 hit button|ability: Supreme Overlord
|-start|p2a: I lik 2 hit button|fallen5|[silent]
|turn|26
|
|t:|1776189739
|-terastallize|p2a: I lik 2 hit button|Fairy
|move|p1a: Gliscor|Ice Fang|p2a: I lik 2 hit button
|-damage|p2a: I lik 2 hit button|76/100
|move|p2a: I lik 2 hit button|Kowtow Cleave|p1a: Gliscor
|-damage|p1a: Gliscor|0 fnt
|faint|p1a: Gliscor
|
|upkeep
|
|t:|1776189750
|switch|p1a: Toxtricity|Toxtricity, M|40/100
|-damage|p1a: Toxtricity|28/100|[from] Spikes
|-sideend|p1: Hakkimaru|move: Toxic Spikes|[of] p1a: Toxtricity
|turn|27
|
|t:|1776189757
|move|p2a: I lik 2 hit button|Sucker Punch|p1a: Toxtricity
|-damage|p1a: Toxtricity|0 fnt
|faint|p1a: Toxtricity
|
|upkeep
|
|t:|1776189762
|switch|p1a: Cinderace|Cinderace, F|100/100
|turn|28
|
|t:|1776189767
|move|p1a: Cinderace|Pyro Ball|p2a: I lik 2 hit button
|-damage|p2a: I lik 2 hit button|25/100
|move|p2a: I lik 2 hit button|Kowtow Cleave|p1a: Cinderace
|-damage|p1a: Cinderace|0 fnt
|faint|p1a: Cinderace
|
|upkeep
|
|t:|1776189772
|switch|p1a: Regidrago|Regidrago|100/100
|-damage|p1a: Regidrago|88/100|[from] Spikes
|turn|29
|
|t:|1776189779
|move|p2a: I lik 2 hit button|Sucker Punch|p1a: Regidrago
|-damage|p1a: Regidrago|3/100
|move|p1a: Regidrago|Earth Power|p2a: I lik 2 hit button
|-damage|p2a: I lik 2 hit button|1/100
|
|upkeep
|turn|30
|c|☆Hakkimaru|gg
|c|☆RandomFrozenPotato|D:
|
|t:|1776189790
|move|p2a: I lik 2 hit button|Sucker Punch|p1a: Regidrago
|-damage|p1a: Regidrago|0 fnt
|faint|p1a: Regidrago
|
|win|RandomFrozenPotato
|raw|Hakkimaru's rating: 1141 &rarr; <strong>1119</strong><br />(-22 for losing)
|raw|RandomFrozenPotato's rating: 1179 &rarr; <strong>1201</strong><br />(+22 for winning)
|c|☆RandomFrozenPotato|gg
