|html|<div class="broadcast-blue"><strong>[Gen 9] OU is currently suspecting Tera Blast! For information on how to participate check out the <a href="https://www.smogon.com/tools/suspects/view/200">suspect thread</a>.</strong></div>
|j|☆ultrabooboobear
|j|☆Swagataka
|t:|1776089826
|gametype|singles
|player|p1|ultrabooboobear|fisherman-gen1|1569
|player|p2|Swagataka|byron|1701
|gen|9
|tier|[Gen 9] OU
|rated|
|rule|HP Percentage Mod: HP is shown in percentages
|rule|Endless Battle Clause: Forcing endless battles is banned
|rule|Species Clause: Limit one of each Pokémon
|rule|OHKO Clause: OHKO moves are banned
|rule|Evasion Items Clause: Evasion items are banned
|rule|Evasion Moves Clause: Evasion moves are banned
|rule|Evasion Abilities Clause: Evasion abilities are banned
|rule|Sleep Moves Clause: Sleep-inducing moves are banned
|clearpoke
|poke|p1|Kyurem|
|poke|p1|Slowking-Galar, M|
|poke|p1|Great Tusk|
|poke|p1|Garganacl, M|
|poke|p1|Weezing-Galar, F|
|poke|p1|Ogerpon-Wellspring, F|
|poke|p2|Kingambit, F|
|poke|p2|Regigigas|
|poke|p2|Great Tusk|
|poke|p2|Pecharunt|
|poke|p2|Zoroark-Hisui, M|
|poke|p2|Lokix, M|
|teampreview
|j| ohko_smeargle
|inactive|Battle timer is ON: inactive players will automatically lose when time's up. (requested by ultrabooboobear)
|
|t:|1776089848
|teamsize|p1|6
|teamsize|p2|6
|start
|switch|p1a: Great Tusk|Great Tusk, shiny|100/100
|switch|p2a: R.E.G.R.E.M.I.X|Regigigas, shiny|100/100
|-start|p2a: R.E.G.R.E.M.I.X|ability: Slow Start
|turn|1
|
|t:|1776089857
|move|p1a: Great Tusk|Earthquake|p2a: R.E.G.R.E.M.I.X
|-damage|p2a: R.E.G.R.E.M.I.X|71/100
|move|p2a: R.E.G.R.E.M.I.X|Hyper Beam|p1a: Great Tusk
|-damage|p1a: Great Tusk|0 fnt
|-mustrecharge|p2a: R.E.G.R.E.M.I.X
|faint|p1a: Great Tusk
|-end|p1a: Great Tusk|Protosynthesis|[silent]
|
|upkeep
|
|t:|1776089872
|switch|p1a: Kyurem|Kyurem, shiny|100/100
|-ability|p1a: Kyurem|Pressure
|turn|2
|
|t:|1776089880
|move|p1a: Kyurem|Earth Power|p2a: R.E.G.R.E.M.I.X
|-damage|p2a: R.E.G.R.E.M.I.X|30/100
|cant|p2a: R.E.G.R.E.M.I.X|recharge
|
|upkeep
|turn|3
|
|t:|1776089889
|move|p1a: Kyurem|Earth Power|p2a: R.E.G.R.E.M.I.X
|-damage|p2a: R.E.G.R.E.M.I.X|0 fnt
|faint|p2a: R.E.G.R.E.M.I.X
|-end|p2a: R.E.G.R.E.M.I.X|Slow Start|[silent]
|
|upkeep
|
|t:|1776089899
|switch|p2a: Knoc Party|Lokix, M|100/100
|turn|4
|
|t:|1776089903
|switch|p1a: Weezing|Weezing-Galar, F, shiny|100/100
|-ability|p1a: Weezing|Neutralizing Gas
|move|p2a: Knoc Party|Knock Off|p1a: Weezing
|-resisted|p1a: Weezing
|-damage|p1a: Weezing|81/100
|-enditem|p1a: Weezing|Heavy-Duty Boots|[from] move: Knock Off|[of] p2a: Knoc Party
|
|upkeep
|turn|5
|
|t:|1776089914
|switch|p2a: Irönhead|Kingambit, F|100/100
|move|p1a: Weezing|Will-O-Wisp|p2a: Irönhead
|-status|p2a: Irönhead|brn
|
|-damage|p2a: Irönhead|94/100 brn|[from] brn
|upkeep
|turn|6
|
|t:|1776089922
|-end|p1a: Weezing|ability: Neutralizing Gas
|switch|p1a: Garganacl|Garganacl, M, shiny|100/100
|move|p2a: Irönhead|Stealth Rock|p1a: Garganacl
|-sidestart|p1: ultrabooboobear|move: Stealth Rock
|
|-damage|p2a: Irönhead|88/100 brn|[from] brn
|upkeep
|turn|7
|
|t:|1776089931
|switch|p1a: Weezing|Weezing-Galar, F, shiny|81/100
|-ability|p1a: Weezing|Neutralizing Gas
|-damage|p1a: Weezing|68/100|[from] Stealth Rock
|move|p2a: Irönhead|Thief|p1a: Weezing
|-resisted|p1a: Weezing
|-damage|p1a: Weezing|63/100
|
|-damage|p2a: Irönhead|82/100 brn|[from] brn
|upkeep
|turn|8
|
|t:|1776089936
|move|p1a: Weezing|Pain Split|p2a: Irönhead
|-sethp|p2a: Irönhead|67/100 brn|[from] move: Pain Split|[silent]
|-sethp|p1a: Weezing|81/100|[from] move: Pain Split
|move|p2a: Irönhead|Iron Head|p1a: Weezing
|-supereffective|p1a: Weezing
|-damage|p1a: Weezing|49/100
|
|-damage|p2a: Irönhead|61/100 brn|[from] brn
|upkeep
|turn|9
|
|t:|1776089941
|move|p1a: Weezing|Strange Steam|p2a: Irönhead
|-damage|p2a: Irönhead|35/100 brn
|-start|p2a: Irönhead|confusion
|-activate|p2a: Irönhead|confusion
|move|p2a: Irönhead|Iron Head|p1a: Weezing
|-supereffective|p1a: Weezing
|-damage|p1a: Weezing|19/100
|
|-damage|p2a: Irönhead|29/100 brn|[from] brn
|upkeep
|turn|10
|
|t:|1776089946
|move|p1a: Weezing|Defog|p2a: Irönhead
|-unboost|p2a: Irönhead|evasion|1
|-sideend|p1: ultrabooboobear|Stealth Rock|[from] move: Defog|[of] p1a: Weezing
|-activate|p2a: Irönhead|confusion
|move|p2a: Irönhead|Stealth Rock|p1a: Weezing
|-sidestart|p1: ultrabooboobear|move: Stealth Rock
|
|-damage|p2a: Irönhead|23/100 brn|[from] brn
|upkeep
|turn|11
|
|t:|1776089949
|move|p1a: Weezing|Defog|p2a: Irönhead
|-unboost|p2a: Irönhead|evasion|1
|-sideend|p1: ultrabooboobear|Stealth Rock|[from] move: Defog|[of] p1a: Weezing
|-end|p2a: Irönhead|confusion
|move|p2a: Irönhead|Stealth Rock|p1a: Weezing
|-sidestart|p1: ultrabooboobear|move: Stealth Rock
|
|-damage|p2a: Irönhead|16/100 brn|[from] brn
|upkeep
|turn|12
|
|t:|1776089953
|move|p1a: Weezing|Defog|p2a: Irönhead
|-unboost|p2a: Irönhead|evasion|1
|-sideend|p1: ultrabooboobear|Stealth Rock|[from] move: Defog|[of] p1a: Weezing
|move|p2a: Irönhead|Stealth Rock|p1a: Weezing
|-sidestart|p1: ultrabooboobear|move: Stealth Rock
|
|-damage|p2a: Irönhead|10/100 brn|[from] brn
|upkeep
|turn|13
|
|t:|1776089955
|move|p1a: Weezing|Defog|p2a: Irönhead
|-unboost|p2a: Irönhead|evasion|1
|-sideend|p1: ultrabooboobear|Stealth Rock|[from] move: Defog|[of] p1a: Weezing
|move|p2a: Irönhead|Stealth Rock|p1a: Weezing
|-sidestart|p1: ultrabooboobear|move: Stealth Rock
|
|-damage|p2a: Irönhead|4/100 brn|[from] brn
|upkeep
|turn|14
|
|t:|1776089958
|move|p1a: Weezing|Defog|p2a: Irönhead
|-unboost|p2a: Irönhead|evasion|1
|-sideend|p1: ultrabooboobear|Stealth Rock|[from] move: Defog|[of] p1a: Weezing
|move|p2a: Irönhead|Stealth Rock|p1a: Weezing
|-sidestart|p1: ultrabooboobear|move: Stealth Rock
|
|-damage|p2a: Irönhead|0 fnt|[from] brn
|faint|p2a: Irönhead
|upkeep
|
|t:|1776089961
|switch|p2a: Linkin Zark|Zoroark-Hisui, M, shiny|100/100
|turn|15
|
|t:|1776089966
|move|p2a: Linkin Zark|Shadow Ball|p1a: Weezing
|-damage|p1a: Weezing|0 fnt
|faint|p1a: Weezing
|-end|p1a: Weezing|ability: Neutralizing Gas
|
|upkeep
|
|t:|1776089968
|switch|p1a: Garganacl|Garganacl, M, shiny|100/100
|-damage|p1a: Garganacl|88/100|[from] Stealth Rock
|turn|16
|
|t:|1776089976
|switch|p1a: Ogerpon|Ogerpon-Wellspring, F|100/100
|-damage|p1a: Ogerpon|88/100|[from] Stealth Rock
|move|p2a: Linkin Zark|Grass Knot|p1a: Ogerpon
|-damage|p1a: Ogerpon|66/100
|
|upkeep
|turn|17
|
|t:|1776089983
|switch|p2a: Apacherunt|Pecharunt|100/100
|move|p1a: Ogerpon|Trailblaze|p2a: Apacherunt
|-resisted|p2a: Apacherunt
|-damage|p2a: Apacherunt|92/100
|-boost|p1a: Ogerpon|spe|1
|
|-heal|p2a: Apacherunt|99/100|[from] item: Leftovers
|upkeep
|turn|18
|
|t:|1776089988
|switch|p1a: Garganacl|Garganacl, M, shiny|88/100
|-damage|p1a: Garganacl|76/100|[from] Stealth Rock
|move|p2a: Apacherunt|Toxic|p1a: Garganacl
|-immune|p1a: Garganacl|[from] ability: Purifying Salt
|
|-heal|p2a: Apacherunt|100/100|[from] item: Leftovers
|-heal|p1a: Garganacl|82/100|[from] item: Leftovers
|upkeep
|turn|19
|
|t:|1776089991
|move|p2a: Apacherunt|Parting Shot|p1a: Garganacl
|-unboost|p1a: Garganacl|atk|1
|-unboost|p1a: Garganacl|spa|1
|
|t:|1776089993
|switch|p2a: Steely Don|Great Tusk|100/100|[from] Parting Shot
|move|p1a: Garganacl|Salt Cure|p2a: Steely Don
|-resisted|p2a: Steely Don
|-damage|p2a: Steely Don|99/100
|-start|p2a: Steely Don|Salt Cure
|
|-heal|p1a: Garganacl|88/100|[from] item: Leftovers
|-damage|p2a: Steely Don|86/100|[from] Salt Cure
|upkeep
|turn|20
|
|t:|1776089997
|move|p2a: Steely Don|Headlong Rush|p1a: Garganacl
|-supereffective|p1a: Garganacl
|-damage|p1a: Garganacl|12/100
|-unboost|p2a: Steely Don|def|1
|-unboost|p2a: Steely Don|spd|1
|move|p1a: Garganacl|Stealth Rock|p2a: Steely Don
|-sidestart|p2: Swagataka|move: Stealth Rock
|
|-heal|p1a: Garganacl|18/100|[from] item: Leftovers
|-damage|p2a: Steely Don|74/100|[from] Salt Cure
|upkeep
|turn|21
|
|t:|1776090002
|move|p1a: Garganacl|Protect|p1a: Garganacl
|-singleturn|p1a: Garganacl|Protect
|move|p2a: Steely Don|Rapid Spin|p1a: Garganacl
|-activate|p1a: Garganacl|move: Protect
|
|-heal|p1a: Garganacl|24/100|[from] item: Leftovers
|-damage|p2a: Steely Don|62/100|[from] Salt Cure
|upkeep
|turn|22
|
|t:|1776090008
|move|p2a: Steely Don|Rapid Spin|p1a: Garganacl
|-resisted|p1a: Garganacl
|-damage|p1a: Garganacl|19/100
|-boost|p2a: Steely Don|spe|1
|-sideend|p2: Swagataka|Stealth Rock|[from] move: Rapid Spin|[of] p2a: Steely Don
|move|p1a: Garganacl|Recover|p1a: Garganacl
|-heal|p1a: Garganacl|69/100
|
|-heal|p1a: Garganacl|75/100|[from] item: Leftovers
|-damage|p2a: Steely Don|49/100|[from] Salt Cure
|upkeep
|turn|23
|
|t:|1776090017
|-end|p2a: Steely Don|Protosynthesis|[silent]
|switch|p2a: Knoc Party|Lokix, M|100/100
|move|p1a: Garganacl|Protect||[still]
|-fail|p1a: Garganacl
|
|-heal|p1a: Garganacl|81/100|[from] item: Leftovers
|upkeep
|turn|24
|
|t:|1776090021
|move|p2a: Knoc Party|Grass Knot|p1a: Garganacl
|-supereffective|p1a: Garganacl
|-damage|p1a: Garganacl|23/100
|move|p1a: Garganacl|Stealth Rock|p2a: Knoc Party
|-sidestart|p2: Swagataka|move: Stealth Rock
|
|-heal|p1a: Garganacl|29/100|[from] item: Leftovers
|upkeep
|turn|25
|
|t:|1776090026
|move|p1a: Garganacl|Protect|p1a: Garganacl
|-singleturn|p1a: Garganacl|Protect
|move|p2a: Knoc Party|Grass Knot|p1a: Garganacl
|-activate|p1a: Garganacl|move: Protect
|
|-heal|p1a: Garganacl|35/100|[from] item: Leftovers
|upkeep
|turn|26
|
|t:|1776090030
|move|p2a: Knoc Party|Grass Knot|p1a: Garganacl
|-supereffective|p1a: Garganacl
|-damage|p1a: Garganacl|0 fnt
|faint|p1a: Garganacl
|
|upkeep
|
|t:|1776090032
|switch|p1a: Slowking|Slowking-Galar, M, shiny|100/100
|turn|27
|
|t:|1776090038
|move|p2a: Knoc Party|Shadow Ball|p1a: Slowking
|-supereffective|p1a: Slowking
|-damage|p1a: Slowking|54/100
|-unboost|p1a: Slowking|spd|1
|move|p1a: Slowking|Sludge Bomb|p2a: Knoc Party
|-resisted|p2a: Knoc Party
|-damage|p2a: Knoc Party|64/100
|replace|p2a: Linkin Zark|Zoroark-Hisui, M, shiny
|-end|p2a: Linkin Zark|Illusion
|
|upkeep
|turn|28
|
|t:|1776090050
|-terastallize|p1a: Slowking|Fairy
|move|p2a: Linkin Zark|Shadow Ball|p1a: Slowking
|-damage|p1a: Slowking|17/100
|move|p1a: Slowking|Thunder Wave|p2a: Linkin Zark
|-status|p2a: Linkin Zark|par
|
|upkeep
|turn|29
|
|t:|1776090072
|switch|p1a: Ogerpon|Ogerpon-Wellspring, F|66/100
|-damage|p1a: Ogerpon|53/100|[from] Stealth Rock
|cant|p2a: Linkin Zark|par
|
|upkeep
|turn|30
|
|t:|1776090077
|move|p1a: Ogerpon|Ivy Cudgel|p2a: Linkin Zark|[anim] Ivy Cudgel Water
|-damage|p2a: Linkin Zark|0 fnt
|faint|p2a: Linkin Zark
|
|upkeep
|
|t:|1776090080
|switch|p2a: Apacherunt|Pecharunt|100/100
|-damage|p2a: Apacherunt|88/100|[from] Stealth Rock
|turn|31
|
|t:|1776090083
|move|p1a: Ogerpon|Ivy Cudgel|p2a: Apacherunt|[anim] Ivy Cudgel Water
|-damage|p2a: Apacherunt|57/100
|move|p2a: Apacherunt|Toxic|p1a: Ogerpon
|-status|p1a: Ogerpon|tox
|-start|p1a: Ogerpon|confusion|[from] ability: Poison Puppeteer|[of] p2a: Apacherunt
|
|-heal|p2a: Apacherunt|64/100|[from] item: Leftovers
|-damage|p1a: Ogerpon|47/100 tox|[from] psn
|upkeep
|turn|32
|
|t:|1776090090
|-activate|p1a: Ogerpon|confusion
|-damage|p1a: Ogerpon|29/100 tox|[from] confusion
|move|p2a: Apacherunt|Recover|p2a: Apacherunt
|-heal|p2a: Apacherunt|100/100
|
|-damage|p1a: Ogerpon|17/100 tox|[from] psn
|upkeep
|turn|33
|
|t:|1776090107
|-activate|p1a: Ogerpon|confusion
|move|p1a: Ogerpon|Ivy Cudgel|p2a: Apacherunt|[anim] Ivy Cudgel Water
|-damage|p2a: Apacherunt|68/100
|move|p2a: Apacherunt|Recover|p2a: Apacherunt
|-heal|p2a: Apacherunt|100/100
|
|-damage|p1a: Ogerpon|0 fnt|[from] psn
|faint|p1a: Ogerpon
|upkeep
|
|t:|1776090110
|switch|p1a: Kyurem|Kyurem, shiny|100/100
|-damage|p1a: Kyurem|76/100|[from] Stealth Rock
|-ability|p1a: Kyurem|Pressure
|turn|34
|
|t:|1776090114
|move|p1a: Kyurem|Earth Power|p2a: Apacherunt
|-supereffective|p2a: Apacherunt
|-damage|p2a: Apacherunt|0 fnt
|faint|p2a: Apacherunt
|
|upkeep
|
|t:|1776090117
|switch|p2a: Knoc Party|Lokix, M|100/100
|-damage|p2a: Knoc Party|76/100|[from] Stealth Rock
|turn|35
|
|t:|1776090120
|move|p1a: Kyurem|Earth Power|p2a: Knoc Party
|-resisted|p2a: Knoc Party
|-damage|p2a: Knoc Party|29/100
|-unboost|p2a: Knoc Party|spd|1
|move|p2a: Knoc Party|Swords Dance|p2a: Knoc Party
|-boost|p2a: Knoc Party|atk|2
|
|upkeep
|turn|36
|
|t:|1776090132
|switch|p1a: Slowking|Slowking-Galar, M, shiny, tera:Fairy|50/100
|-terastallize|p2a: Knoc Party|Dark
|move|p2a: Knoc Party|Sucker Punch||[still]
|-fail|p2a: Knoc Party
|
|upkeep
|turn|37
|
|t:|1776090146
|move|p2a: Knoc Party|Knock Off|p1a: Slowking
|-resisted|p1a: Slowking
|-damage|p1a: Slowking|0 fnt
|-enditem|p1a: Slowking|Heavy-Duty Boots|[from] move: Knock Off|[of] p2a: Knoc Party
|faint|p1a: Slowking
|
|upkeep
|
|t:|1776090148
|switch|p1a: Kyurem|Kyurem, shiny|76/100
|-damage|p1a: Kyurem|51/100|[from] Stealth Rock
|-ability|p1a: Kyurem|Pressure
|turn|38
|-message|ultrabooboobear forfeited.
|
|win|Swagataka
|raw|ultrabooboobear's rating: 1569 &rarr; <strong>1556</strong><br />(-13 for losing)
|raw|Swagataka's rating: 1701 &rarr; <strong>1714</strong><br />(+13 for winning)
|l|☆ultrabooboobear
|player|p1|
|l| ohko_smeargle
|l|☆Swagataka
|player|p2|
