|html|<div class="broadcast-blue"><strong>[Gen 9] OU is currently suspecting Tera Blast! For information on how to participate check out the <a href="https://www.smogon.com/tools/suspects/view/200">suspect thread</a>.</strong></div>
|j|☆Jammin16
|j|‽mingyao1
|t:|1776106654
|gametype|singles
|player|p1|Jammin16|101|1419
|player|p2|mingyao1|102|1405
|gen|9
|tier|[Gen 9] OU
|rated|
|rule|HP Percentage Mod: HP is shown in percentages
|rule|Endless Battle Clause: Forcing endless battles is banned
|rule|Species Clause: Limit one of each Pokémon
|rule|OHKO Clause: OHKO moves are banned
|rule|Evasion Items Clause: Evasion items are banned
|rule|Evasion Moves Clause: Evasion moves are banned
|rule|Evasion Abilities Clause: Evasion abilities are banned
|rule|Sleep Moves Clause: Sleep-inducing moves are banned
|clearpoke
|poke|p1|Lokix, M|
|poke|p1|Hydreigon, F|
|poke|p1|Alomomola, M|
|poke|p1|Great Tusk|
|poke|p1|Gholdengo|
|poke|p1|Clodsire, F|
|poke|p2|Chansey, F|
|poke|p2|Venusaur, M|
|poke|p2|Ninetales, F|
|poke|p2|Dragonite, M|
|poke|p2|Moltres|
|poke|p2|Gengar, M|
|teampreview
|inactive|Battle timer is ON: inactive players will automatically lose when time's up. (requested by Jammin16)
|
|t:|1776106669
|teamsize|p1|6
|teamsize|p2|6
|start
|switch|p1a: Lokix|Lokix, M|100/100
|switch|p2a: Ninetales|Ninetales, F, shiny|100/100
|-weather|SunnyDay|[from] ability: Drought|[of] p2a: Ninetales
|turn|1
|
|t:|1776106679
|switch|p2a: Moltres|Moltres|100/100
|-terastallize|p1a: Lokix|Bug
|move|p1a: Lokix|First Impression|p2a: Moltres
|-resisted|p2a: Moltres
|-damage|p2a: Moltres|56/100
|-status|p1a: Lokix|brn|[from] ability: Flame Body|[of] p2a: Moltres
|
|-weather|SunnyDay|[upkeep]
|-damage|p1a: Lokix|94/100 brn|[from] brn
|upkeep
|turn|2
|
|t:|1776106687
|switch|p1a: Clodsire|Clodsire, F|100/100
|move|p2a: Moltres|Roost|p2a: Moltres
|-heal|p2a: Moltres|100/100
|-singleturn|p2a: Moltres|move: Roost
|
|-weather|SunnyDay|[upkeep]
|upkeep
|turn|3
|
|t:|1776106690
|move|p2a: Moltres|Will-O-Wisp|p1a: Clodsire
|-status|p1a: Clodsire|brn
|move|p1a: Clodsire|Toxic|p2a: Moltres
|-status|p2a: Moltres|tox
|
|-weather|SunnyDay|[upkeep]
|-damage|p2a: Moltres|94/100 tox|[from] psn
|-damage|p1a: Clodsire|94/100 brn|[from] brn
|upkeep
|turn|4
|
|t:|1776106695
|move|p2a: Moltres|Air Slash|p1a: Clodsire
|-damage|p1a: Clodsire|71/100 brn
|move|p1a: Clodsire|Spikes|p2a: Moltres
|-sidestart|p2: mingyao1|Spikes
|
|-weather|SunnyDay|[upkeep]
|-damage|p2a: Moltres|82/100 tox|[from] psn
|-damage|p1a: Clodsire|65/100 brn|[from] brn
|upkeep
|turn|5
|
|t:|1776106702
|switch|p2a: Chansey|Chansey, F|100/100
|-damage|p2a: Chansey|88/100|[from] Spikes
|move|p1a: Clodsire|Recover|p1a: Clodsire
|-heal|p1a: Clodsire|100/100 brn
|
|-weather|SunnyDay|[upkeep]
|-damage|p1a: Clodsire|94/100 brn|[from] brn
|upkeep
|turn|6
|
|t:|1776106707
|move|p2a: Chansey|Heal Bell|p2a: Chansey
|-activate|p2a: Chansey|move: Heal Bell
|-curestatus|p2: Moltres|tox|[msg]
|move|p1a: Clodsire|Toxic|p2a: Chansey
|-status|p2a: Chansey|tox
|
|-weather|SunnyDay|[upkeep]
|-damage|p2a: Chansey|82/100 tox|[from] psn
|-damage|p1a: Clodsire|88/100 brn|[from] brn
|upkeep
|turn|7
|
|t:|1776106713
|switch|p1a: Great Tusk|Great Tusk|100/100
|-activate|p1a: Great Tusk|ability: Protosynthesis
|-start|p1a: Great Tusk|protosynthesisatk
|move|p2a: Chansey|Stealth Rock|p1a: Great Tusk
|-sidestart|p1: Jammin16|move: Stealth Rock
|
|-weather|SunnyDay|[upkeep]
|-damage|p2a: Chansey|70/100 tox|[from] psn
|upkeep
|turn|8
|
|t:|1776106717
|-end|p1a: Great Tusk|Protosynthesis|[silent]
|switch|p1a: Hydreigon|Hydreigon, F|100/100
|-damage|p1a: Hydreigon|88/100|[from] Stealth Rock
|-curestatus|p2a: Chansey|tox|[from] ability: Natural Cure
|switch|p2a: Moltres|Moltres|82/100
|
|-weather|none
|upkeep
|turn|9
|
|t:|1776106721
|switch|p2a: Chansey|Chansey, F|70/100
|-damage|p2a: Chansey|57/100|[from] Spikes
|move|p1a: Hydreigon|Draco Meteor|p2a: Chansey
|-damage|p2a: Chansey|26/100
|-unboost|p1a: Hydreigon|spa|2
|
|upkeep
|turn|10
|
|t:|1776106728
|switch|p1a: Great Tusk|Great Tusk|100/100
|-damage|p1a: Great Tusk|98/100|[from] Stealth Rock
|-enditem|p1a: Great Tusk|Booster Energy
|-activate|p1a: Great Tusk|ability: Protosynthesis|[fromitem]
|-start|p1a: Great Tusk|protosynthesisatk
|move|p2a: Chansey|Soft-Boiled|p2a: Chansey
|-heal|p2a: Chansey|76/100
|
|upkeep
|turn|11
|
|t:|1776106734
|switch|p2a: Moltres|Moltres|82/100
|move|p1a: Great Tusk|Rapid Spin|p2a: Moltres
|-damage|p2a: Moltres|60/100
|-boost|p1a: Great Tusk|spe|1
|-status|p1a: Great Tusk|brn|[from] ability: Flame Body|[of] p2a: Moltres
|-sideend|p1: Jammin16|Stealth Rock|[from] move: Rapid Spin|[of] p1a: Great Tusk
|
|-damage|p1a: Great Tusk|91/100 brn|[from] brn
|upkeep
|turn|12
|-message|Jammin16 forfeited.
|
|win|mingyao1
|raw|Jammin16's rating: 1419 &rarr; <strong>1398</strong><br />(-21 for losing)
|raw|mingyao1's rating: 1405 &rarr; <strong>1426</strong><br />(+21 for winning)
|l|☆Jammin16
|player|p1|
|l|‽mingyao1
|player|p2|
