|html|<div class="broadcast-blue"><strong>[Gen 9] OU is currently suspecting Volcarona! For information on how to participate check out the <a href="https://www.smogon.com/tools/suspects/view/208">suspect thread</a>.</strong></div>
|j|☆yatsalgado
|j|☆stefanjoee
|t:|1778498999
|gametype|singles
|player|p1|yatsalgado|roxie|1216
|player|p2|stefanjoee|170|1169
|gen|9
|tier|[Gen 9] OU
|rated|
|rule|HP Percentage Mod: HP is shown in percentages
|rule|Endless Battle Clause: Forcing endless battles is banned
|rule|Species Clause: Limit one of each Pokémon
|rule|OHKO Clause: OHKO moves are banned
|rule|Evasion Items Clause: Evasion items are banned
|rule|Evasion Moves Clause: Evasion moves are banned
|rule|Evasion Abilities Clause: Evasion abilities are banned
|rule|Sleep Moves Clause: Sleep-inducing moves are banned
|clearpoke
|poke|p1|Mienshao, M|
|poke|p1|Corviknight, F|
|poke|p1|Latios, M|
|poke|p1|Alomomola, F|
|poke|p1|Excadrill, F|
|poke|p1|Darkrai|
|poke|p2|Pecharunt|
|poke|p2|Kingambit, F|
|poke|p2|Volcanion|
|poke|p2|Iron Valiant|
|poke|p2|Landorus-Therian, M|
|poke|p2|Deoxys-Speed|
|teampreview
|inactive|Battle timer is ON: inactive players will automatically lose when time's up. (requested by yatsalgado)
|
|t:|1778499005
|teamsize|p1|6
|teamsize|p2|6
|start
|switch|p1a: Mienshao|Mienshao, M, shiny|100/100
|switch|p2a: Landorus|Landorus-Therian, M|100/100
|-ability|p2a: Landorus|Intimidate|boost
|-unboost|p1a: Mienshao|atk|1
|turn|1
|
|t:|1778499012
|move|p1a: Mienshao|Triple Axel|p2a: Landorus
|-supereffective|p2a: Landorus
|-damage|p2a: Landorus|81/100
|-damage|p1a: Mienshao|84/100|[from] item: Rocky Helmet|[of] p2a: Landorus
|-supereffective|p2a: Landorus
|-damage|p2a: Landorus|45/100
|-damage|p1a: Mienshao|67/100|[from] item: Rocky Helmet|[of] p2a: Landorus
|-supereffective|p2a: Landorus
|-crit|p2a: Landorus
|-damage|p2a: Landorus|0 fnt
|-damage|p1a: Mienshao|50/100|[from] item: Rocky Helmet|[of] p2a: Landorus
|faint|p2a: Landorus
|-hitcount|p2: Landorus|3
|
|upkeep
|
|t:|1778499025
|switch|p2a: Deoxys|Deoxys-Speed|100/100
|-ability|p2a: Deoxys|Pressure
|turn|2
|
|t:|1778499030
|switch|p1a: Darkrai|Darkrai|100/100
|move|p2a: Deoxys|Psycho Boost|p1a: Darkrai
|-immune|p1a: Darkrai
|
|upkeep
|turn|3
|
|t:|1778499037
|move|p2a: Deoxys|Superpower|p1a: Darkrai
|-supereffective|p1a: Darkrai
|-damage|p1a: Darkrai|17/100
|-unboost|p2a: Deoxys|atk|1
|-unboost|p2a: Deoxys|def|1
|-enditem|p2a: Deoxys|Eject Pack
|
|t:|1778499047
|switch|p2a: Kingambit|Kingambit, F|100/100
|-activate|p2a: Kingambit|ability: Supreme Overlord
|-start|p2a: Kingambit|fallen1|[silent]
|move|p1a: Darkrai|Nasty Plot|p1a: Darkrai
|-boost|p1a: Darkrai|spa|2
|
|upkeep
|turn|4
|
|t:|1778499064
|move|p2a: Kingambit|Sucker Punch|p1a: Darkrai
|-resisted|p1a: Darkrai
|-damage|p1a: Darkrai|0 fnt
|faint|p1a: Darkrai
|
|upkeep
|
|t:|1778499071
|switch|p1a: Excadrill|Excadrill, F|100/100
|-ability|p1a: Excadrill|Mold Breaker
|turn|5
|
|t:|1778499079
|-terastallize|p2a: Kingambit|Fighting
|move|p1a: Excadrill|Earthquake|p2a: Kingambit
|-damage|p2a: Kingambit|54/100
|move|p2a: Kingambit|Low Kick|p1a: Excadrill
|-supereffective|p1a: Excadrill
|-damage|p1a: Excadrill|6/100
|
|-heal|p2a: Kingambit|60/100|[from] item: Leftovers
|upkeep
|turn|6
|
|t:|1778499089
|switch|p1a: Alomomola|Alomomola, F|100/100
|move|p2a: Kingambit|Iron Head|p1a: Alomomola
|-resisted|p1a: Alomomola
|-damage|p1a: Alomomola|87/100
|
|-heal|p2a: Kingambit|66/100|[from] item: Leftovers
|upkeep
|turn|7
|
|t:|1778499098
|-end|p2a: Kingambit|fallen1|[silent]
|switch|p2a: Volcanion|Volcanion|100/100
|move|p1a: Alomomola|Scald|p2a: Volcanion
|-immune|p2a: Volcanion|[from] ability: Water Absorb
|
|upkeep
|turn|8
|
|t:|1778499109
|move|p2a: Volcanion|Taunt|p1a: Alomomola
|-start|p1a: Alomomola|move: Taunt
|cant|p1a: Alomomola|move: Taunt|Wish
|
|upkeep
|turn|9
|
|t:|1778499121
|switch|p1a: Latios|Latios, M|100/100
|move|p2a: Volcanion|Will-O-Wisp|p1a: Latios
|-status|p1a: Latios|brn
|
|-damage|p1a: Latios|95/100 brn|[from] brn
|upkeep
|turn|10
|
|t:|1778499133
|move|p1a: Latios|Luster Purge|p2a: Volcanion
|-damage|p2a: Volcanion|10/100
|move|p2a: Volcanion|Steam Eruption|p1a: Latios
|-resisted|p1a: Latios
|-damage|p1a: Latios|66/100 brn
|
|-heal|p2a: Volcanion|16/100|[from] item: Leftovers
|-damage|p1a: Latios|60/100 brn|[from] brn
|upkeep
|turn|11
|
|t:|1778499144
|switch|p2a: Deoxys|Deoxys-Speed|100/100
|-ability|p2a: Deoxys|Pressure
|move|p1a: Latios|Luster Purge|p2a: Deoxys
|-resisted|p2a: Deoxys
|-damage|p2a: Deoxys|26/100
|
|-damage|p1a: Latios|54/100 brn|[from] brn
|upkeep
|turn|12
|
|t:|1778499154
|switch|p1a: Alomomola|Alomomola, F|100/100
|move|p2a: Deoxys|Knock Off|p1a: Alomomola
|-damage|p1a: Alomomola|85/100
|-enditem|p1a: Alomomola|Heavy-Duty Boots|[from] move: Knock Off|[of] p2a: Deoxys
|
|upkeep
|turn|13
|
|t:|1778499162
|move|p2a: Deoxys|Spikes|p1a: Alomomola
|-sidestart|p1: yatsalgado|Spikes
|move|p1a: Alomomola|Wish|p1a: Alomomola
|
|upkeep
|turn|14
|
|t:|1778499167
|switch|p2a: Volcanion|Volcanion|16/100
|move|p1a: Alomomola|Flip Turn|p2a: Volcanion
|-heal|p2a: Volcanion|40/100|[from] ability: Water Absorb|[of] p1a: Alomomola
|
|-heal|p1a: Alomomola|100/100|[from] move: Wish|[wisher] Alomomola
|-heal|p2a: Volcanion|47/100|[from] item: Leftovers
|upkeep
|turn|15
|
|t:|1778499182
|switch|p1a: Mienshao|Mienshao, M, shiny|50/100
|-damage|p1a: Mienshao|38/100|[from] Spikes
|move|p2a: Volcanion|Steam Eruption|p1a: Mienshao
|-damage|p1a: Mienshao|0 fnt
|faint|p1a: Mienshao
|
|-heal|p2a: Volcanion|53/100|[from] item: Leftovers
|upkeep
|
|t:|1778499193
|switch|p1a: Latios|Latios, M|54/100 brn
|turn|16
|
|t:|1778499200
|move|p1a: Latios|Draco Meteor|p2a: Volcanion
|-damage|p2a: Volcanion|0 fnt
|-unboost|p1a: Latios|spa|2
|faint|p2a: Volcanion
|
|-damage|p1a: Latios|48/100 brn|[from] brn
|upkeep
|
|t:|1778499207
|switch|p2a: Deoxys|Deoxys-Speed|26/100
|-ability|p2a: Deoxys|Pressure
|turn|17
|
|t:|1778499211
|switch|p1a: Corviknight|Corviknight, F|100/100
|-ability|p1a: Corviknight|Pressure
|move|p2a: Deoxys|Spikes|p1a: Corviknight
|-sidestart|p1: yatsalgado|Spikes
|
|upkeep
|turn|18
|
|t:|1778499220
|move|p2a: Deoxys|Knock Off|p1a: Corviknight
|-damage|p1a: Corviknight|83/100
|-damage|p2a: Deoxys|9/100|[from] item: Rocky Helmet|[of] p1a: Corviknight
|-enditem|p1a: Corviknight|Rocky Helmet|[from] move: Knock Off|[of] p2a: Deoxys
|move|p1a: Corviknight|Defog|p2a: Deoxys
|-unboost|p2a: Deoxys|evasion|1
|-sideend|p1: yatsalgado|Spikes|[from] move: Defog|[of] p1a: Corviknight
|
|upkeep
|turn|19
|
|t:|1778499229
|move|p2a: Deoxys|Spikes|p1a: Corviknight
|-sidestart|p1: yatsalgado|Spikes
|move|p1a: Corviknight|Brave Bird|p2a: Deoxys
|-damage|p2a: Deoxys|0 fnt
|faint|p2a: Deoxys
|-damage|p1a: Corviknight|82/100|[from] Recoil
|
|upkeep
|
|t:|1778499239
|switch|p2a: Kingambit|Kingambit, F, tera:Fighting|66/100
|-activate|p2a: Kingambit|ability: Supreme Overlord
|-start|p2a: Kingambit|fallen3|[silent]
|turn|20
|
|t:|1778499245
|move|p2a: Kingambit|Swords Dance|p2a: Kingambit
|-boost|p2a: Kingambit|atk|2
|move|p1a: Corviknight|Brave Bird|p2a: Kingambit
|-supereffective|p2a: Kingambit
|-damage|p2a: Kingambit|0 fnt
|faint|p2a: Kingambit
|-end|p2a: Kingambit|fallen3|[silent]
|-damage|p1a: Corviknight|63/100|[from] Recoil
|
|upkeep
|
|t:|1778499259
|switch|p2a: Pecharunt|Pecharunt|100/100
|turn|21
|
|t:|1778499265
|move|p2a: Pecharunt|Nasty Plot|p2a: Pecharunt
|-boost|p2a: Pecharunt|spa|2
|move|p1a: Corviknight|Defog|p2a: Pecharunt
|-unboost|p2a: Pecharunt|evasion|1
|-sideend|p1: yatsalgado|Spikes|[from] move: Defog|[of] p1a: Corviknight
|
|upkeep
|turn|22
|
|t:|1778499274
|move|p2a: Pecharunt|Shadow Ball|p1a: Corviknight
|-damage|p1a: Corviknight|3/100
|move|p1a: Corviknight|Roost|p1a: Corviknight
|-heal|p1a: Corviknight|53/100
|-singleturn|p1a: Corviknight|move: Roost
|
|upkeep
|turn|23
|
|t:|1778499282
|switch|p1a: Excadrill|Excadrill, F|6/100
|-ability|p1a: Excadrill|Mold Breaker
|move|p2a: Pecharunt|Shadow Ball|p1a: Excadrill
|-damage|p1a: Excadrill|0 fnt
|faint|p1a: Excadrill
|
|upkeep
|
|t:|1778499291
|switch|p1a: Latios|Latios, M|48/100 brn
|turn|24
|
|t:|1778499296
|move|p1a: Latios|Luster Purge|p2a: Pecharunt
|-supereffective|p2a: Pecharunt
|-damage|p2a: Pecharunt|0 fnt
|faint|p2a: Pecharunt
|
|-damage|p1a: Latios|42/100 brn|[from] brn
|upkeep
|
|t:|1778499300
|switch|p2a: Iron Valiant|Iron Valiant|100/100
|-enditem|p2a: Iron Valiant|Booster Energy
|-activate|p2a: Iron Valiant|ability: Quark Drive|[fromitem]
|-start|p2a: Iron Valiant|quarkdrivespe
|turn|25
|
|t:|1778499308
|move|p2a: Iron Valiant|Moonblast|p1a: Latios
|-supereffective|p1a: Latios
|-damage|p1a: Latios|0 fnt
|faint|p1a: Latios
|
|upkeep
|
|t:|1778499324
|switch|p1a: Alomomola|Alomomola, F|100/100
|turn|26
|
|t:|1778499330
|move|p2a: Iron Valiant|Moonblast|p1a: Alomomola
|-damage|p1a: Alomomola|57/100
|-unboost|p1a: Alomomola|spa|1
|move|p1a: Alomomola|Mirror Coat|p2a: Iron Valiant
|-damage|p2a: Iron Valiant|0 fnt
|faint|p2a: Iron Valiant
|-end|p2a: Iron Valiant|Quark Drive|[silent]
|
|win|yatsalgado
|raw|yatsalgado's rating: 1216 &rarr; <strong>1238</strong><br />(+22 for winning)
|raw|stefanjoee's rating: 1169 &rarr; <strong>1147</strong><br />(-22 for losing)
|l|☆yatsalgado
|player|p1|
|l|☆stefanjoee
|player|p2|
