|html|<div class="broadcast-blue"><strong>[Gen 9] OU is currently suspecting Tera Blast! For information on how to participate check out the <a href="https://www.smogon.com/tools/suspects/view/200">suspect thread</a>.</strong></div>
|j|☆tripleaxellover
|j|☆Idennn
|t:|1776072962
|gametype|singles
|player|p1|tripleaxellover|barry|1290
|player|p2|Idennn|rosa|1271
|gen|9
|tier|[Gen 9] OU
|rated|
|rule|HP Percentage Mod: HP is shown in percentages
|rule|Endless Battle Clause: Forcing endless battles is banned
|rule|Species Clause: Limit one of each Pokémon
|rule|OHKO Clause: OHKO moves are banned
|rule|Evasion Items Clause: Evasion items are banned
|rule|Evasion Moves Clause: Evasion moves are banned
|rule|Evasion Abilities Clause: Evasion abilities are banned
|rule|Sleep Moves Clause: Sleep-inducing moves are banned
|clearpoke
|poke|p1|Meowscarada, M|
|poke|p1|Pecharunt|
|poke|p1|Iron Treads|
|poke|p1|Slowking, F|
|poke|p1|Skarmory, M|
|poke|p1|Enamorus, F|
|poke|p2|Zapdos|
|poke|p2|Great Tusk|
|poke|p2|Gholdengo|
|poke|p2|Heatran, M|
|poke|p2|Greninja-*, M|
|poke|p2|Milotic, F|
|teampreview
|
|t:|1776072985
|teamsize|p1|6
|teamsize|p2|6
|start
|switch|p1a: Skarmory|Skarmory, M|100/100
|switch|p2a: lava forg|Heatran, M|100/100
|turn|1
|
|t:|1776072995
|switch|p1a: Slowking|Slowking, F|100/100
|move|p2a: lava forg|Magma Storm|p1a: Slowking
|-resisted|p1a: Slowking
|-damage|p1a: Slowking|87/100
|-activate|p1a: Slowking|move: Magma Storm|[of] p2a: lava forg
|
|-damage|p1a: Slowking|74/100|[from] move: Magma Storm|[partiallytrapped]
|upkeep
|turn|2
|
|t:|1776073011
|switch|p2a: Milotic|Milotic, F, shiny|100/100
|move|p1a: Slowking|Scald|p2a: Milotic
|-resisted|p2a: Milotic
|-damage|p2a: Milotic|90/100
|
|-end|p1a: Slowking|Magma Storm|[partiallytrapped]|[silent]
|-status|p2a: Milotic|brn|[from] item: Flame Orb
|upkeep
|turn|3
|
|t:|1776073022
|switch|p1a: Skarmory|Skarmory, M|100/100
|move|p2a: Milotic|Ice Beam|p1a: Skarmory
|-damage|p1a: Skarmory|67/100
|
|-damage|p2a: Milotic|84/100 brn|[from] brn
|upkeep
|turn|4
|
|t:|1776073030
|move|p1a: Skarmory|Roost|p1a: Skarmory
|-heal|p1a: Skarmory|100/100
|-singleturn|p1a: Skarmory|move: Roost
|move|p2a: Milotic|Hydro Pump|p1a: Skarmory
|-damage|p1a: Skarmory|33/100
|
|-damage|p2a: Milotic|78/100 brn|[from] brn
|upkeep
|turn|5
|
|t:|1776073046
|switch|p1a: Slowking|Slowking, F|100/100
|move|p2a: Milotic|Hydro Pump|p1a: Slowking|[miss]
|-miss|p2a: Milotic|p1a: Slowking
|
|-damage|p2a: Milotic|72/100 brn|[from] brn
|upkeep
|turn|6
|
|t:|1776073051
|switch|p2a: Goat|Greninja, M|100/100
|move|p1a: Slowking|Future Sight|p2a: Goat
|-start|p1a: Slowking|move: Future Sight
|
|upkeep
|turn|7
|
|t:|1776073060
|switch|p1a: Enamorus|Enamorus, F|100/100
|move|p2a: Goat|Dark Pulse|p1a: Enamorus
|-resisted|p1a: Enamorus
|-damage|p1a: Enamorus|60/100
|
|upkeep
|turn|8
|
|t:|1776073066
|switch|p2a: lava forg|Heatran, M|100/100
|move|p1a: Enamorus|Moonblast|p2a: lava forg
|-resisted|p2a: lava forg
|-damage|p2a: lava forg|93/100
|
|-end|p2a: lava forg|move: Future Sight
|-resisted|p2a: lava forg
|-damage|p2a: lava forg|80/100
|upkeep
|turn|9
|
|t:|1776073078
|switch|p1a: Slowking|Slowking, F|100/100
|move|p2a: lava forg|Magma Storm|p1a: Slowking|[miss]
|-miss|p2a: lava forg|p1a: Slowking
|
|upkeep
|turn|10
|
|t:|1776073084
|switch|p2a: Goat|Greninja, M|100/100
|move|p1a: Slowking|Future Sight|p2a: Goat
|-start|p1a: Slowking|move: Future Sight
|
|upkeep
|turn|11
|
|t:|1776073094
|move|p2a: Goat|Dark Pulse|p1a: Slowking
|-supereffective|p1a: Slowking
|-damage|p1a: Slowking|48/100
|move|p1a: Slowking|Scald|p2a: Goat
|-resisted|p2a: Goat
|-crit|p2a: Goat
|-damage|p2a: Goat|67/100
|
|upkeep
|turn|12
|
|t:|1776073112
|switch|p1a: Enamorus|Enamorus, F|60/100
|move|p2a: Goat|Dark Pulse|p1a: Enamorus
|-resisted|p1a: Enamorus
|-damage|p1a: Enamorus|21/100
|
|-end|p2a: Goat|move: Future Sight
|-immune|p2a: Goat
|upkeep
|turn|13
|
|t:|1776073117
|move|p1a: Enamorus|Earth Power|p2a: Goat
|-damage|p2a: Goat|20/100
|-unboost|p2a: Goat|spd|1
|move|p2a: Goat|Dark Pulse|p1a: Enamorus
|-resisted|p1a: Enamorus
|-damage|p1a: Enamorus|0 fnt
|faint|p1a: Enamorus
|-ability|p2a: Goat|Battle Bond|boost
|-boost|p2a: Goat|atk|1
|-boost|p2a: Goat|spa|1
|-boost|p2a: Goat|spe|1
|-activate|p2a: Goat|ability: Battle Bond
|
|upkeep
|
|t:|1776073131
|switch|p1a: Meowscarada|Meowscarada, M|100/100
|turn|14
|
|t:|1776073134
|move|p2a: Goat|Dark Pulse|p1a: Meowscarada
|-resisted|p1a: Meowscarada
|-damage|p1a: Meowscarada|35/100
|move|p1a: Meowscarada|Flower Trick|p2a: Goat
|-start|p1a: Meowscarada|typechange|Grass|[from] ability: Protean
|-supereffective|p2a: Goat
|-crit|p2a: Goat
|-damage|p2a: Goat|0 fnt
|faint|p2a: Goat
|
|upkeep
|
|t:|1776073146
|switch|p2a: Two|Zapdos|100/100
|turn|15
|
|t:|1776073152
|switch|p1a: Iron Treads|Iron Treads|100/100
|move|p2a: Two|Hurricane|p1a: Iron Treads
|-resisted|p1a: Iron Treads
|-damage|p1a: Iron Treads|83/100
|
|-heal|p1a: Iron Treads|89/100|[from] item: Leftovers
|upkeep
|turn|16
|
|t:|1776073157
|move|p1a: Iron Treads|Stealth Rock|p2a: Two
|-sidestart|p2: Idennn|move: Stealth Rock
|move|p2a: Two|Heat Wave|p1a: Iron Treads|[miss]
|-miss|p2a: Two|p1a: Iron Treads
|
|-heal|p1a: Iron Treads|95/100|[from] item: Leftovers
|upkeep
|turn|17
|
|t:|1776073167
|move|p1a: Iron Treads|Knock Off|p2a: Two
|-damage|p2a: Two|83/100
|-status|p1a: Iron Treads|par|[from] ability: Static|[of] p2a: Two
|-enditem|p2a: Two|Heavy-Duty Boots|[from] move: Knock Off|[of] p1a: Iron Treads
|move|p2a: Two|Heat Wave|p1a: Iron Treads
|-supereffective|p1a: Iron Treads
|-damage|p1a: Iron Treads|54/100 par
|
|-heal|p1a: Iron Treads|60/100 par|[from] item: Leftovers
|upkeep
|turn|18
|
|t:|1776073176
|-end|p1a: Iron Treads|Quark Drive|[silent]
|switch|p1a: Slowking|Slowking, F|81/100
|move|p2a: Two|Hurricane|p1a: Slowking
|-damage|p1a: Slowking|61/100
|-start|p1a: Slowking|confusion
|
|upkeep
|turn|19
|
|t:|1776073189
|switch|p1a: Iron Treads|Iron Treads|60/100 par
|move|p2a: Two|Volt Switch|p1a: Iron Treads
|-immune|p1a: Iron Treads
|
|-heal|p1a: Iron Treads|66/100 par|[from] item: Leftovers
|upkeep
|turn|20
|
|t:|1776073195
|move|p2a: Two|Hurricane|p1a: Iron Treads
|-resisted|p1a: Iron Treads
|-damage|p1a: Iron Treads|47/100 par
|cant|p1a: Iron Treads|par
|
|-heal|p1a: Iron Treads|53/100 par|[from] item: Leftovers
|upkeep
|turn|21
|
|t:|1776073202
|move|p2a: Two|Heat Wave|p1a: Iron Treads
|-supereffective|p1a: Iron Treads
|-damage|p1a: Iron Treads|9/100 par
|move|p1a: Iron Treads|Knock Off|p2a: Two
|-damage|p2a: Two|71/100
|
|-heal|p1a: Iron Treads|15/100 par|[from] item: Leftovers
|upkeep
|turn|22
|
|t:|1776073214
|move|p2a: Two|Roost|p2a: Two
|-heal|p2a: Two|100/100
|-singleturn|p2a: Two|move: Roost
|move|p1a: Iron Treads|Knock Off|p2a: Two
|-damage|p2a: Two|88/100
|
|-heal|p1a: Iron Treads|21/100 par|[from] item: Leftovers
|upkeep
|turn|23
|
|t:|1776073218
|-end|p1a: Iron Treads|Quark Drive|[silent]
|switch|p1a: Pecharunt|Pecharunt|100/100
|move|p2a: Two|Heat Wave|p1a: Pecharunt|[miss]
|-miss|p2a: Two|p1a: Pecharunt
|
|upkeep
|turn|24
|
|t:|1776073223
|move|p2a: Two|Volt Switch|p1a: Pecharunt
|-damage|p1a: Pecharunt|72/100
|
|t:|1776073226
|switch|p2a: Golden Block|Gholdengo|100/100|[from] Volt Switch
|-damage|p2a: Golden Block|94/100|[from] Stealth Rock
|move|p1a: Pecharunt|Malignant Chain|p2a: Golden Block
|-immune|p2a: Golden Block
|
|upkeep
|turn|25
|
|t:|1776073234
|switch|p1a: Iron Treads|Iron Treads|21/100 par
|move|p2a: Golden Block|Shadow Ball|p1a: Iron Treads
|-damage|p1a: Iron Treads|0 fnt
|faint|p1a: Iron Treads
|-end|p1a: Iron Treads|Quark Drive|[silent]
|
|upkeep
|
|t:|1776073240
|switch|p1a: Meowscarada|Meowscarada, M|35/100
|turn|26
|
|t:|1776073244
|move|p2a: Golden Block|Shadow Ball|p1a: Meowscarada
|-resisted|p1a: Meowscarada
|-damage|p1a: Meowscarada|0 fnt
|faint|p1a: Meowscarada
|
|upkeep
|-message|tripleaxellover forfeited.
|
|win|Idennn
|raw|tripleaxellover's rating: 1290 &rarr; <strong>1264</strong><br />(-26 for losing)
|raw|Idennn's rating: 1271 &rarr; <strong>1297</strong><br />(+26 for winning)
|l|☆tripleaxellover
|player|p1|
|l|☆Idennn
|player|p2|
