|html|<div class="broadcast-blue"><strong>[Gen 9] OU is currently suspecting Tera Blast! For information on how to participate check out the <a href="https://www.smogon.com/tools/suspects/view/200">suspect thread</a>.</strong></div>
|j|☆Visegrad
|j|☆Aakashjojofan
|t:|1776069469
|gametype|singles
|player|p1|Visegrad|fisherman-gen3|1163
|player|p2|Aakashjojofan|olivia|1156
|gen|9
|tier|[Gen 9] OU
|rated|
|rule|HP Percentage Mod: HP is shown in percentages
|rule|Endless Battle Clause: Forcing endless battles is banned
|rule|Species Clause: Limit one of each Pokémon
|rule|OHKO Clause: OHKO moves are banned
|rule|Evasion Items Clause: Evasion items are banned
|rule|Evasion Moves Clause: Evasion moves are banned
|rule|Evasion Abilities Clause: Evasion abilities are banned
|rule|Sleep Moves Clause: Sleep-inducing moves are banned
|clearpoke
|poke|p1|Gholdengo|
|poke|p1|Darkrai|
|poke|p1|Clefable, F|
|poke|p1|Ting-Lu|
|poke|p1|Dragonite, F|
|poke|p1|Pecharunt|
|poke|p2|Empoleon, M|
|poke|p2|Delphox, M|
|poke|p2|Leavanny, M|
|poke|p2|Hydreigon, M|
|poke|p2|Mimikyu, M|
|poke|p2|Tornadus-Therian, M|
|teampreview
|
|t:|1776069474
|teamsize|p1|6
|teamsize|p2|6
|start
|switch|p1a: Ting-Lu|Ting-Lu|100/100
|switch|p2a: Levana|Leavanny, M|100/100
|-ability|p1a: Ting-Lu|Vessel of Ruin
|turn|1
|
|t:|1776069485
|move|p2a: Levana|Sticky Web|p1a: Ting-Lu
|-sidestart|p1: Visegrad|move: Sticky Web
|move|p1a: Ting-Lu|Stealth Rock|p2a: Levana
|-sidestart|p2: Aakashjojofan|move: Stealth Rock
|
|upkeep
|turn|2
|
|t:|1776069488
|move|p2a: Levana|Knock Off|p1a: Ting-Lu
|-resisted|p1a: Ting-Lu
|-damage|p1a: Ting-Lu|93/100
|-enditem|p1a: Ting-Lu|Red Card|[from] move: Knock Off|[of] p2a: Levana
|move|p1a: Ting-Lu|Spikes|p2a: Levana
|-sidestart|p2: Aakashjojofan|Spikes
|
|upkeep
|turn|3
|
|t:|1776069497
|move|p2a: Levana|Leaf Blade|p1a: Ting-Lu
|-supereffective|p1a: Ting-Lu
|-damage|p1a: Ting-Lu|50/100
|move|p1a: Ting-Lu|Spikes|p2a: Levana
|-sidestart|p2: Aakashjojofan|Spikes
|
|upkeep
|turn|4
|
|t:|1776069501
|move|p2a: Levana|Leaf Blade|p1a: Ting-Lu
|-supereffective|p1a: Ting-Lu
|-damage|p1a: Ting-Lu|12/100
|move|p1a: Ting-Lu|Spikes|p2a: Levana
|-sidestart|p2: Aakashjojofan|Spikes
|
|upkeep
|turn|5
|
|t:|1776069509
|switch|p1a: Pecharunt|Pecharunt|100/100
|move|p2a: Levana|Leaf Blade|p1a: Pecharunt
|-resisted|p1a: Pecharunt
|-damage|p1a: Pecharunt|88/100
|
|upkeep
|turn|6
|
|t:|1776069515
|move|p2a: Levana|Knock Off|p1a: Pecharunt
|-supereffective|p1a: Pecharunt
|-damage|p1a: Pecharunt|55/100
|-enditem|p1a: Pecharunt|Heavy-Duty Boots|[from] move: Knock Off|[of] p2a: Levana
|move|p1a: Pecharunt|Malignant Chain|p2a: Levana
|-supereffective|p2a: Levana
|-damage|p2a: Levana|14/100
|-status|p2a: Levana|tox
|-start|p2a: Levana|confusion|[from] ability: Poison Puppeteer|[of] p1a: Pecharunt
|
|-damage|p2a: Levana|8/100 tox|[from] psn
|upkeep
|turn|7
|
|t:|1776069524
|-activate|p2a: Levana|confusion
|move|p2a: Levana|X-Scissor|p1a: Pecharunt
|-resisted|p1a: Pecharunt
|-damage|p1a: Pecharunt|48/100
|move|p1a: Pecharunt|Recover|p1a: Pecharunt
|-heal|p1a: Pecharunt|98/100
|
|-damage|p2a: Levana|0 fnt|[from] psn
|faint|p2a: Levana
|upkeep
|
|t:|1776069527
|switch|p2a: Yamata no Orochi|Hydreigon, M|100/100
|-damage|p2a: Yamata no Orochi|88/100|[from] Stealth Rock
|turn|8
|
|t:|1776069534
|-terastallize|p2a: Yamata no Orochi|Steel
|move|p2a: Yamata no Orochi|Substitute|p2a: Yamata no Orochi
|-start|p2a: Yamata no Orochi|Substitute
|-damage|p2a: Yamata no Orochi|63/100
|move|p1a: Pecharunt|Malignant Chain|p2a: Yamata no Orochi
|-immune|p2a: Yamata no Orochi
|
|upkeep
|turn|9
|
|t:|1776069539
|move|p2a: Yamata no Orochi|Focus Energy|p2a: Yamata no Orochi
|-start|p2a: Yamata no Orochi|move: Focus Energy
|move|p1a: Pecharunt|Shadow Ball|p2a: Yamata no Orochi
|-end|p2a: Yamata no Orochi|Substitute
|
|upkeep
|turn|10
|
|t:|1776069548
|move|p2a: Yamata no Orochi|Draco Meteor|p1a: Pecharunt
|-crit|p1a: Pecharunt
|-damage|p1a: Pecharunt|2/100
|-unboost|p2a: Yamata no Orochi|spa|2
|move|p1a: Pecharunt|Shadow Ball|p2a: Yamata no Orochi
|-damage|p2a: Yamata no Orochi|35/100
|
|upkeep
|turn|11
|
|t:|1776069554
|switch|p1a: Clefable|Clefable, F|100/100
|-activate|p1a: Clefable|move: Sticky Web
|-unboost|p1a: Clefable|spe|1
|move|p2a: Yamata no Orochi|Flash Cannon|p1a: Clefable
|-supereffective|p1a: Clefable
|-crit|p1a: Clefable
|-damage|p1a: Clefable|0 fnt
|faint|p1a: Clefable
|
|upkeep
|
|t:|1776069561
|switch|p1a: Darkrai|Darkrai|100/100
|turn|12
|
|t:|1776069565
|move|p1a: Darkrai|Dark Pulse|p2a: Yamata no Orochi
|-damage|p2a: Yamata no Orochi|0 fnt
|faint|p2a: Yamata no Orochi
|
|upkeep
|
|t:|1776069569
|switch|p2a: Poseidon|Empoleon, M|100/100
|-damage|p2a: Poseidon|94/100|[from] Stealth Rock
|-damage|p2a: Poseidon|69/100|[from] Spikes
|turn|13
|
|t:|1776069574
|move|p1a: Darkrai|Dark Pulse|p2a: Poseidon
|-damage|p2a: Poseidon|28/100
|-enditem|p2a: Poseidon|Sitrus Berry|[eat]
|-heal|p2a: Poseidon|53/100|[from] item: Sitrus Berry
|cant|p2a: Poseidon|flinch
|
|upkeep
|turn|14
|
|t:|1776069581
|move|p1a: Darkrai|Dark Pulse|p2a: Poseidon
|-damage|p2a: Poseidon|12/100
|move|p2a: Poseidon|Icy Wind|p1a: Darkrai
|-damage|p1a: Darkrai|75/100
|-unboost|p1a: Darkrai|spe|1
|
|upkeep
|turn|15
|
|t:|1776069584
|move|p1a: Darkrai|Dark Pulse|p2a: Poseidon
|-damage|p2a: Poseidon|0 fnt
|faint|p2a: Poseidon
|
|upkeep
|
|t:|1776069591
|switch|p2a: Anemoi|Tornadus-Therian, M|100/100
|turn|16
|
|t:|1776069613
|switch|p1a: Gholdengo|Gholdengo|100/100
|-activate|p1a: Gholdengo|move: Sticky Web
|-unboost|p1a: Gholdengo|spe|1
|move|p2a: Anemoi|Hurricane|p1a: Gholdengo
|-resisted|p1a: Gholdengo
|-damage|p1a: Gholdengo|70/100
|-start|p1a: Gholdengo|confusion
|
|upkeep
|turn|17
|
|t:|1776069621
|move|p2a: Anemoi|Heat Wave|p1a: Gholdengo
|-supereffective|p1a: Gholdengo
|-crit|p1a: Gholdengo
|-damage|p1a: Gholdengo|0 fnt
|faint|p1a: Gholdengo
|
|upkeep
|
|t:|1776069632
|switch|p1a: Pecharunt|Pecharunt|2/100
|-activate|p1a: Pecharunt|move: Sticky Web
|-unboost|p1a: Pecharunt|spe|1
|turn|18
|
|t:|1776069637
|move|p2a: Anemoi|U-turn|p1a: Pecharunt
|-resisted|p1a: Pecharunt
|-damage|p1a: Pecharunt|0 fnt
|faint|p1a: Pecharunt
|
|t:|1776069640
|switch|p2a: Apollo|Delphox, M, shiny|100/100|[from] U-turn
|-damage|p2a: Apollo|76/100|[from] Stealth Rock
|-damage|p2a: Apollo|51/100|[from] Spikes
|
|upkeep
|
|t:|1776069645
|switch|p1a: Darkrai|Darkrai|75/100
|turn|19
|
|t:|1776069649
|move|p1a: Darkrai|Dark Pulse|p2a: Apollo
|-supereffective|p2a: Apollo
|-damage|p2a: Apollo|0 fnt
|faint|p2a: Apollo
|
|upkeep
|
|t:|1776069657
|switch|p2a: Anemoi|Tornadus-Therian, M|100/100
|turn|20
|
|t:|1776069667
|move|p1a: Darkrai|Thunder Wave|p2a: Anemoi
|-status|p2a: Anemoi|par
|move|p2a: Anemoi|Hurricane|p1a: Darkrai
|-damage|p1a: Darkrai|10/100
|
|upkeep
|turn|21
|inactive|Battle timer is ON: inactive players will automatically lose when time's up. (requested by Visegrad)
|inactive|Aakashjojofan has 120 seconds left.
|inactive|Aakashjojofan has 90 seconds left.
|inactive|Aakashjojofan has 60 seconds left.
|inactive|Aakashjojofan has 30 seconds left.
|inactive|Aakashjojofan has 20 seconds left.
|inactive|Aakashjojofan has 15 seconds left.
|inactive|Aakashjojofan has 10 seconds left.
|inactive|Aakashjojofan has 5 seconds left.
|-message|Aakashjojofan lost due to inactivity.
|
|win|Visegrad
|raw|Visegrad's rating: 1163 &rarr; <strong>1187</strong><br />(+24 for winning)
|raw|Aakashjojofan's rating: 1156 &rarr; <strong>1132</strong><br />(-24 for losing)
|l|☆Visegrad
|player|p1|
