|html|<div class="broadcast-blue"><strong>[Gen 9] OU is currently suspecting Tera Blast! For information on how to participate check out the <a href="https://www.smogon.com/tools/suspects/view/200">suspect thread</a>.</strong></div>
|j|☆beentheredonepat
|j|☆P0pie
|t:|1776090836
|gametype|singles
|player|p1|beentheredonepat|spark-casual|1261
|player|p2|P0pie|101|1301
|gen|9
|tier|[Gen 9] OU
|rated|
|rule|HP Percentage Mod: HP is shown in percentages
|rule|Endless Battle Clause: Forcing endless battles is banned
|rule|Species Clause: Limit one of each Pokémon
|rule|OHKO Clause: OHKO moves are banned
|rule|Evasion Items Clause: Evasion items are banned
|rule|Evasion Moves Clause: Evasion moves are banned
|rule|Evasion Abilities Clause: Evasion abilities are banned
|rule|Sleep Moves Clause: Sleep-inducing moves are banned
|clearpoke
|poke|p1|Typhlosion, M|
|poke|p1|Ninetales, F|
|poke|p1|Torkoal, M|
|poke|p1|Shiftry, M|
|poke|p1|Hatterene, F|
|poke|p1|Blissey, F|
|poke|p2|Rillaboom, F|
|poke|p2|Hawlucha, F|
|poke|p2|Heatran, F|
|poke|p2|Primarina, M|
|poke|p2|Raging Bolt|
|poke|p2|Great Tusk|
|teampreview
|inactive|Battle timer is ON: inactive players will automatically lose when time's up. (requested by beentheredonepat)
|inactive|beentheredonepat has 120 seconds left.
|
|t:|1776090868
|teamsize|p1|6
|teamsize|p2|6
|start
|switch|p1a: Ninetales|Ninetales, F|100/100
|switch|p2a: Heatran|Heatran, F|100/100
|-weather|SunnyDay|[from] ability: Drought|[of] p1a: Ninetales
|turn|1
|
|t:|1776090875
|switch|p1a: Hatterene|Hatterene, F|100/100
|move|p2a: Heatran|Stealth Rock|p1a: Hatterene
|move|p1a: Hatterene|Stealth Rock|p2a: Heatran|[from] ability: Magic Bounce
|-sidestart|p2: P0pie|move: Stealth Rock
|
|-weather|SunnyDay|[upkeep]
|upkeep
|turn|2
|
|t:|1776090886
|switch|p2a: Great Tusk|Great Tusk|100/100
|-damage|p2a: Great Tusk|98/100|[from] Stealth Rock
|-activate|p2a: Great Tusk|ability: Protosynthesis
|-start|p2a: Great Tusk|protosynthesisspe
|switch|p1a: Blissey|Blissey, F|100/100
|
|-weather|SunnyDay|[upkeep]
|upkeep
|turn|3
|
|t:|1776090899
|move|p2a: Great Tusk|Rapid Spin|p1a: Blissey
|-crit|p1a: Blissey
|-damage|p1a: Blissey|55/100
|-boost|p2a: Great Tusk|spe|1
|-sideend|p2: P0pie|Stealth Rock|[from] move: Rapid Spin|[of] p2a: Great Tusk
|move|p1a: Blissey|Trick||[still]
|-fail|p1a: Blissey
|
|-weather|SunnyDay|[upkeep]
|upkeep
|turn|4
|
|t:|1776090927
|move|p2a: Great Tusk|Bulk Up|p2a: Great Tusk
|-boost|p2a: Great Tusk|atk|1
|-boost|p2a: Great Tusk|def|1
|move|p1a: Blissey|Seismic Toss|p2a: Great Tusk
|-damage|p2a: Great Tusk|74/100
|
|-weather|SunnyDay|[upkeep]
|upkeep
|turn|5
|
|t:|1776090931
|move|p2a: Great Tusk|Headlong Rush|p1a: Blissey
|-damage|p1a: Blissey|0 fnt
|-unboost|p2a: Great Tusk|def|1
|-unboost|p2a: Great Tusk|spd|1
|faint|p1a: Blissey
|
|-weather|none
|-end|p2a: Great Tusk|Protosynthesis
|upkeep
|-enditem|p2a: Great Tusk|Booster Energy
|-activate|p2a: Great Tusk|ability: Protosynthesis|[fromitem]
|-start|p2a: Great Tusk|protosynthesisspe
|
|t:|1776090934
|switch|p1a: Shiftry|Shiftry, M|100/100
|turn|6
|
|t:|1776090947
|move|p2a: Great Tusk|Ice Spinner|p1a: Shiftry
|-supereffective|p1a: Shiftry
|-enditem|p1a: Shiftry|Focus Sash
|-damage|p1a: Shiftry|1/100
|move|p1a: Shiftry|Leaf Blade|p2a: Great Tusk
|-supereffective|p2a: Great Tusk
|-damage|p2a: Great Tusk|25/100
|
|upkeep
|turn|7
|
|t:|1776090951
|move|p2a: Great Tusk|Ice Spinner|p1a: Shiftry
|-supereffective|p1a: Shiftry
|-damage|p1a: Shiftry|0 fnt
|faint|p1a: Shiftry
|
|upkeep
|
|t:|1776090957
|switch|p1a: Hatterene|Hatterene, F|100/100
|turn|8
|
|t:|1776090966
|move|p2a: Great Tusk|Headlong Rush|p1a: Hatterene
|-damage|p1a: Hatterene|31/100
|-unboost|p2a: Great Tusk|def|1
|-unboost|p2a: Great Tusk|spd|1
|move|p1a: Hatterene|Psyshock|p2a: Great Tusk
|-supereffective|p2a: Great Tusk
|-damage|p2a: Great Tusk|0 fnt
|faint|p2a: Great Tusk
|-end|p2a: Great Tusk|Protosynthesis|[silent]
|
|-heal|p1a: Hatterene|37/100|[from] item: Leftovers
|upkeep
|
|t:|1776090977
|switch|p2a: Primarina|Primarina, M|100/100
|turn|9
|
|t:|1776090983
|switch|p1a: Torkoal|Torkoal, M|100/100
|-weather|SunnyDay|[from] ability: Drought|[of] p1a: Torkoal
|move|p2a: Primarina|Calm Mind|p2a: Primarina
|-boost|p2a: Primarina|spa|1
|-boost|p2a: Primarina|spd|1
|
|-weather|SunnyDay|[upkeep]
|upkeep
|turn|10
|
|t:|1776090988
|move|p2a: Primarina|Surf|p1a: Torkoal
|-supereffective|p1a: Torkoal
|-damage|p1a: Torkoal|2/100
|move|p1a: Torkoal|Stealth Rock|p2a: Primarina
|-sidestart|p2: P0pie|move: Stealth Rock
|
|-weather|SunnyDay|[upkeep]
|upkeep
|turn|11
|
|t:|1776090992
|move|p2a: Primarina|Surf|p1a: Torkoal
|-supereffective|p1a: Torkoal
|-damage|p1a: Torkoal|0 fnt
|faint|p1a: Torkoal
|
|-weather|SunnyDay|[upkeep]
|upkeep
|
|t:|1776091000
|switch|p1a: Ninetales|Ninetales, F|100/100
|turn|12
|
|t:|1776091004
|move|p1a: Ninetales|Solar Beam||[still]
|-prepare|p1a: Ninetales|Solar Beam
|-anim|p1a: Ninetales|Solar Beam|p2a: Primarina
|-supereffective|p2a: Primarina
|-damage|p2a: Primarina|68/100
|move|p2a: Primarina|Surf|p1a: Ninetales
|-supereffective|p1a: Ninetales
|-damage|p1a: Ninetales|40/100
|
|-weather|SunnyDay|[upkeep]
|-heal|p2a: Primarina|74/100|[from] item: Leftovers
|upkeep
|turn|13
|
|t:|1776091011
|move|p1a: Ninetales|Solar Beam||[still]
|-prepare|p1a: Ninetales|Solar Beam
|-anim|p1a: Ninetales|Solar Beam|p2a: Primarina
|-supereffective|p2a: Primarina
|-damage|p2a: Primarina|41/100
|move|p2a: Primarina|Surf|p1a: Ninetales
|-supereffective|p1a: Ninetales
|-damage|p1a: Ninetales|0 fnt
|faint|p1a: Ninetales
|
|-weather|SunnyDay|[upkeep]
|-heal|p2a: Primarina|48/100|[from] item: Leftovers
|upkeep
|
|t:|1776091016
|switch|p1a: Typhlosion|Typhlosion, M|100/100
|turn|14
|
|t:|1776091045
|-terastallize|p1a: Typhlosion|Fire
|move|p1a: Typhlosion|Eruption|p2a: Primarina
|-resisted|p2a: Primarina
|-damage|p2a: Primarina|3/100
|move|p2a: Primarina|Surf|p1a: Typhlosion
|-supereffective|p1a: Typhlosion
|-damage|p1a: Typhlosion|0 fnt
|faint|p1a: Typhlosion
|
|-weather|SunnyDay|[upkeep]
|-heal|p2a: Primarina|9/100|[from] item: Leftovers
|upkeep
|c|☆P0pie|gg
|inactive|beentheredonepat has 120 seconds left.
|c|☆P0pie|choice rillaboom 1 shots hat
|c|☆P0pie|no matter what you do
|inactive|beentheredonepat has 90 seconds left.
|inactive|beentheredonepat has 60 seconds left.
|inactive|beentheredonepat has 30 seconds left.
|inactive|beentheredonepat has 20 seconds left.
|inactive|beentheredonepat has 15 seconds left.
|inactive|beentheredonepat has 10 seconds left.
|inactive|beentheredonepat has 5 seconds left.
|-message|beentheredonepat lost due to inactivity.
|
|win|P0pie
|raw|beentheredonepat's rating: 1261 &rarr; <strong>1239</strong><br />(-22 for losing)
|raw|P0pie's rating: 1301 &rarr; <strong>1319</strong><br />(+18 for winning)
|l|☆P0pie
|player|p2|
