|html|<div class="broadcast-blue"><strong>[Gen 9] OU is currently suspecting Tera Blast! For information on how to participate check out the <a href="https://www.smogon.com/tools/suspects/view/200">suspect thread</a>.</strong></div>
|j|☆ceo o wo chien
|j|☆chaheed
|t:|1776234618
|gametype|singles
|player|p1|ceo o wo chien|fisherman-gen4|1829
|player|p2|chaheed|ninjaboy|1719
|gen|9
|tier|[Gen 9] OU
|rated|
|rule|HP Percentage Mod: HP is shown in percentages
|rule|Endless Battle Clause: Forcing endless battles is banned
|rule|Species Clause: Limit one of each Pokémon
|rule|OHKO Clause: OHKO moves are banned
|rule|Evasion Items Clause: Evasion items are banned
|rule|Evasion Moves Clause: Evasion moves are banned
|rule|Evasion Abilities Clause: Evasion abilities are banned
|rule|Sleep Moves Clause: Sleep-inducing moves are banned
|clearpoke
|poke|p1|Wo-Chien|
|poke|p1|Ursaluna, F|
|poke|p1|Weezing-Galar, F|
|poke|p1|Corviknight, F|
|poke|p1|Dragapult, M|
|poke|p1|Alomomola, F|
|poke|p2|Dragonite, F|
|poke|p2|Dragapult, F|
|poke|p2|Iron Moth|
|poke|p2|Greninja-*, M|
|poke|p2|Serperior, F|
|poke|p2|Iron Treads|
|teampreview
|inactive|Battle timer is ON: inactive players will automatically lose when time's up. (requested by ceo o wo chien)
|c|☆chaheed|gosh
|c|☆ceo o wo chien|hf
|
|t:|1776234635
|teamsize|p1|6
|teamsize|p2|6
|start
|switch|p1a: Weezing|Weezing-Galar, F|100/100
|switch|p2a: Dragonite|Dragonite, F|100/100
|-ability|p1a: Weezing|Neutralizing Gas
|turn|1
|c|☆chaheed|u2
|
|t:|1776234642
|switch|p2a: Iron Moth|Iron Moth|100/100
|move|p1a: Weezing|Toxic|p2a: Iron Moth
|-immune|p2a: Iron Moth
|
|upkeep
|turn|2
|
|t:|1776234648
|move|p1a: Weezing|Protect|p1a: Weezing
|-singleturn|p1a: Weezing|Protect
|move|p2a: Iron Moth|Fiery Dance|p1a: Weezing
|-activate|p1a: Weezing|move: Protect
|
|upkeep
|turn|3
|
|t:|1776234653
|-end|p1a: Weezing|ability: Neutralizing Gas
|switch|p1a: Alomomola|Alomomola, F|100/100
|-enditem|p2a: Iron Moth|Booster Energy
|-activate|p2a: Iron Moth|ability: Quark Drive|[fromitem]
|-start|p2a: Iron Moth|quarkdrivespe
|move|p2a: Iron Moth|Substitute|p2a: Iron Moth
|-start|p2a: Iron Moth|Substitute
|-damage|p2a: Iron Moth|76/100
|
|upkeep
|turn|4
|
|t:|1776234661
|move|p2a: Iron Moth|Fiery Dance|p1a: Alomomola
|-resisted|p1a: Alomomola
|-damage|p1a: Alomomola|78/100
|-boost|p2a: Iron Moth|spa|1
|move|p1a: Alomomola|Flip Turn|p2a: Iron Moth
|-supereffective|p2a: Iron Moth
|-end|p2a: Iron Moth|Substitute
|
|t:|1776234663
|switch|p1a: Ursaluna|Ursaluna, F|100/100|[from] Flip Turn
|
|-status|p1a: Ursaluna|brn|[from] item: Flame Orb
|upkeep
|turn|5
|
|t:|1776234673
|-terastallize|p2a: Iron Moth|Grass
|move|p2a: Iron Moth|Energy Ball|p1a: Ursaluna
|-supereffective|p1a: Ursaluna
|-damage|p1a: Ursaluna|0 fnt
|faint|p1a: Ursaluna
|
|upkeep
|
|t:|1776234680
|switch|p1a: Dragapult|Dragapult, M|100/100
|turn|6
|
|t:|1776234684
|move|p2a: Iron Moth|Fiery Dance|p1a: Dragapult
|-resisted|p1a: Dragapult
|-crit|p1a: Dragapult
|-damage|p1a: Dragapult|41/100
|move|p1a: Dragapult|Dragon Darts|p2a: Iron Moth
|-damage|p2a: Iron Moth|17/100
|-anim|p1a: Dragapult|Dragon Darts|p2a: Iron Moth
|-crit|p2a: Iron Moth
|-damage|p2a: Iron Moth|0 fnt
|faint|p2a: Iron Moth
|-end|p2a: Iron Moth|Quark Drive|[silent]
|
|upkeep
|inactive|chaheed has 120 seconds left.
|
|t:|1776234731
|switch|p2a: Iron Treads|Iron Treads|100/100
|-enditem|p2a: Iron Treads|Booster Energy
|-activate|p2a: Iron Treads|ability: Quark Drive|[fromitem]
|-start|p2a: Iron Treads|quarkdrivespe
|turn|7
|
|t:|1776234736
|switch|p1a: Alomomola|Alomomola, F|100/100
|move|p2a: Iron Treads|Stealth Rock|p1a: Alomomola
|-sidestart|p1: ceo o wo chien|move: Stealth Rock
|
|upkeep
|turn|8
|
|t:|1776234743
|move|p2a: Iron Treads|Earthquake|p1a: Alomomola
|-crit|p1a: Alomomola
|-damage|p1a: Alomomola|64/100
|move|p1a: Alomomola|Wish|p1a: Alomomola
|
|upkeep
|turn|9
|
|t:|1776234747
|move|p2a: Iron Treads|Earthquake|p1a: Alomomola
|-damage|p1a: Alomomola|39/100
|move|p1a: Alomomola|Flip Turn|p2a: Iron Treads
|-supereffective|p2a: Iron Treads
|-damage|p2a: Iron Treads|70/100
|
|t:|1776234749
|switch|p1a: Dragapult|Dragapult, M|41/100|[from] Flip Turn
|-damage|p1a: Dragapult|29/100|[from] Stealth Rock
|
|-heal|p1a: Dragapult|100/100|[from] move: Wish|[wisher] Alomomola
|upkeep
|turn|10
|
|t:|1776234760
|switch|p1a: Wo-Chien|Wo-Chien|100/100
|-damage|p1a: Wo-Chien|88/100|[from] Stealth Rock
|-ability|p1a: Wo-Chien|Tablets of Ruin
|move|p2a: Iron Treads|Earthquake|p1a: Wo-Chien
|-resisted|p1a: Wo-Chien
|-damage|p1a: Wo-Chien|75/100
|
|-heal|p1a: Wo-Chien|81/100|[from] item: Leftovers
|upkeep
|turn|11
|
|t:|1776234770
|-end|p2a: Iron Treads|Quark Drive|[silent]
|switch|p2a: Dragonite|Dragonite, F|100/100
|move|p1a: Wo-Chien|Stun Spore|p2a: Dragonite
|-status|p2a: Dragonite|par
|
|-heal|p1a: Wo-Chien|87/100|[from] item: Leftovers
|upkeep
|turn|12
|
|t:|1776234776
|move|p1a: Wo-Chien|Foul Play|p2a: Dragonite
|-damage|p2a: Dragonite|71/100 par
|move|p2a: Dragonite|Dragon Dance|p2a: Dragonite
|-boost|p2a: Dragonite|atk|1
|-boost|p2a: Dragonite|spe|1
|
|-heal|p1a: Wo-Chien|93/100|[from] item: Leftovers
|upkeep
|turn|13
|
|t:|1776234784
|move|p1a: Wo-Chien|Foul Play|p2a: Dragonite
|-damage|p2a: Dragonite|0 fnt
|faint|p2a: Dragonite
|
|-heal|p1a: Wo-Chien|99/100|[from] item: Leftovers
|upkeep
|
|t:|1776234792
|switch|p2a: Greninja|Greninja, M|100/100
|turn|14
|
|t:|1776234795
|move|p1a: Wo-Chien|Protect|p1a: Wo-Chien
|-singleturn|p1a: Wo-Chien|Protect
|move|p2a: Greninja|Ice Beam|p1a: Wo-Chien
|-activate|p1a: Wo-Chien|move: Protect
|
|-heal|p1a: Wo-Chien|100/100|[from] item: Leftovers
|upkeep
|turn|15
|
|t:|1776234802
|move|p2a: Greninja|Ice Beam|p1a: Wo-Chien
|-supereffective|p1a: Wo-Chien
|-damage|p1a: Wo-Chien|53/100
|-damage|p2a: Greninja|91/100|[from] item: Life Orb
|move|p1a: Wo-Chien|Leech Seed|p2a: Greninja
|-start|p2a: Greninja|move: Leech Seed
|
|-heal|p1a: Wo-Chien|59/100|[from] item: Leftovers
|-damage|p2a: Greninja|78/100|[from] Leech Seed|[of] p1a: Wo-Chien
|-heal|p1a: Wo-Chien|68/100|[silent]
|upkeep
|turn|16
|
|t:|1776234811
|switch|p2a: Iron Treads|Iron Treads|70/100
|move|p1a: Wo-Chien|Stun Spore|p2a: Iron Treads|[miss]
|-miss|p1a: Wo-Chien|p2a: Iron Treads
|
|-heal|p1a: Wo-Chien|74/100|[from] item: Leftovers
|upkeep
|turn|17
|
|t:|1776234818
|move|p1a: Wo-Chien|Protect|p1a: Wo-Chien
|-singleturn|p1a: Wo-Chien|Protect
|move|p2a: Iron Treads|Ice Spinner|p1a: Wo-Chien
|-activate|p1a: Wo-Chien|move: Protect
|
|-heal|p1a: Wo-Chien|80/100|[from] item: Leftovers
|upkeep
|turn|18
|
|t:|1776234825
|move|p2a: Iron Treads|Ice Spinner|p1a: Wo-Chien
|-supereffective|p1a: Wo-Chien
|-damage|p1a: Wo-Chien|51/100
|move|p1a: Wo-Chien|Leech Seed|p2a: Iron Treads|[miss]
|-miss|p1a: Wo-Chien|p2a: Iron Treads
|
|-heal|p1a: Wo-Chien|57/100|[from] item: Leftovers
|upkeep
|turn|19
|
|t:|1776234833
|move|p2a: Iron Treads|Ice Spinner|p1a: Wo-Chien
|-supereffective|p1a: Wo-Chien
|-damage|p1a: Wo-Chien|30/100
|move|p1a: Wo-Chien|Leech Seed|p2a: Iron Treads
|-start|p2a: Iron Treads|move: Leech Seed
|
|-heal|p1a: Wo-Chien|36/100|[from] item: Leftovers
|-damage|p2a: Iron Treads|58/100|[from] Leech Seed|[of] p1a: Wo-Chien
|-heal|p1a: Wo-Chien|47/100|[silent]
|upkeep
|turn|20
|
|t:|1776234841
|-end|p2a: Iron Treads|Quark Drive|[silent]
|switch|p2a: Greninja|Greninja, M|78/100
|move|p1a: Wo-Chien|Stun Spore|p2a: Greninja
|-status|p2a: Greninja|par
|
|-heal|p1a: Wo-Chien|53/100|[from] item: Leftovers
|upkeep
|turn|21
|j| Monkey D MinMin
|
|t:|1776234848
|move|p1a: Wo-Chien|Protect|p1a: Wo-Chien
|-singleturn|p1a: Wo-Chien|Protect
|cant|p2a: Greninja|par
|
|-heal|p1a: Wo-Chien|59/100|[from] item: Leftovers
|upkeep
|turn|22
|
|t:|1776234855
|switch|p1a: Corviknight|Corviknight, F|100/100
|-damage|p1a: Corviknight|88/100|[from] Stealth Rock
|-ability|p1a: Corviknight|Pressure
|move|p2a: Greninja|Ice Beam|p1a: Corviknight
|-damage|p1a: Corviknight|64/100
|-damage|p2a: Greninja|69/100 par|[from] item: Life Orb
|
|-heal|p1a: Corviknight|70/100|[from] item: Leftovers
|upkeep
|turn|23
|
|t:|1776234866
|switch|p2a: Dragapult|Dragapult, F|100/100
|move|p1a: Corviknight|Roost|p1a: Corviknight
|-heal|p1a: Corviknight|100/100
|-singleturn|p1a: Corviknight|move: Roost
|
|upkeep
|turn|24
|
|t:|1776234872
|move|p2a: Dragapult|Will-O-Wisp|p1a: Corviknight|[miss]
|-miss|p2a: Dragapult|p1a: Corviknight
|move|p1a: Corviknight|Defog|p2a: Dragapult
|-unboost|p2a: Dragapult|evasion|1
|-sideend|p1: ceo o wo chien|Stealth Rock|[from] move: Defog|[of] p1a: Corviknight
|
|upkeep
|turn|25
|
|t:|1776234877
|move|p2a: Dragapult|Will-O-Wisp|p1a: Corviknight
|-status|p1a: Corviknight|brn
|move|p1a: Corviknight|U-turn|p2a: Dragapult
|-resisted|p2a: Dragapult
|-damage|p2a: Dragapult|95/100
|
|t:|1776234878
|switch|p1a: Weezing|Weezing-Galar, F|100/100|[from] U-turn
|-ability|p1a: Weezing|Neutralizing Gas
|
|upkeep
|turn|26
|
|t:|1776234887
|switch|p2a: Iron Treads|Iron Treads|58/100
|move|p1a: Weezing|Will-O-Wisp|p2a: Iron Treads|[miss]
|-miss|p1a: Weezing|p2a: Iron Treads
|
|upkeep
|turn|27
|
|t:|1776234892
|-end|p1a: Weezing|ability: Neutralizing Gas
|switch|p1a: Alomomola|Alomomola, F|72/100
|move|p2a: Iron Treads|Earthquake|p1a: Alomomola
|-damage|p1a: Alomomola|49/100
|
|upkeep
|turn|28
|
|t:|1776234898
|move|p2a: Iron Treads|Stealth Rock|p1a: Alomomola
|-sidestart|p1: ceo o wo chien|move: Stealth Rock
|move|p1a: Alomomola|Wish|p1a: Alomomola
|
|upkeep
|turn|29
|
|t:|1776234901
|move|p2a: Iron Treads|Earthquake|p1a: Alomomola
|-damage|p1a: Alomomola|25/100
|move|p1a: Alomomola|Flip Turn|p2a: Iron Treads
|-supereffective|p2a: Iron Treads
|-damage|p2a: Iron Treads|29/100
|
|t:|1776234903
|switch|p1a: Wo-Chien|Wo-Chien|59/100|[from] Flip Turn
|-damage|p1a: Wo-Chien|47/100|[from] Stealth Rock
|-ability|p1a: Wo-Chien|Tablets of Ruin
|
|-heal|p1a: Wo-Chien|100/100|[from] move: Wish|[wisher] Alomomola
|upkeep
|turn|30
|
|t:|1776234914
|-end|p2a: Iron Treads|Quark Drive|[silent]
|switch|p2a: Greninja|Greninja, M|69/100 par
|move|p1a: Wo-Chien|Foul Play|p2a: Greninja
|-resisted|p2a: Greninja
|-damage|p2a: Greninja|44/100 par
|
|upkeep
|turn|31
|
|t:|1776234921
|move|p1a: Wo-Chien|Leech Seed|p2a: Greninja|[miss]
|-miss|p1a: Wo-Chien|p2a: Greninja
|move|p2a: Greninja|Ice Beam|p1a: Wo-Chien
|-supereffective|p1a: Wo-Chien
|-damage|p1a: Wo-Chien|49/100
|-damage|p2a: Greninja|34/100 par|[from] item: Life Orb
|
|-heal|p1a: Wo-Chien|55/100|[from] item: Leftovers
|upkeep
|turn|32
|
|t:|1776234929
|move|p1a: Wo-Chien|Protect|p1a: Wo-Chien
|-singleturn|p1a: Wo-Chien|Protect
|move|p2a: Greninja|Ice Beam|p1a: Wo-Chien
|-activate|p1a: Wo-Chien|move: Protect
|
|-heal|p1a: Wo-Chien|61/100|[from] item: Leftovers
|upkeep
|turn|33
|
|t:|1776234935
|move|p1a: Wo-Chien|Leech Seed|p2a: Greninja
|-start|p2a: Greninja|move: Leech Seed
|move|p2a: Greninja|Ice Beam|p1a: Wo-Chien
|-supereffective|p1a: Wo-Chien
|-damage|p1a: Wo-Chien|8/100
|-damage|p2a: Greninja|25/100 par|[from] item: Life Orb
|
|-heal|p1a: Wo-Chien|14/100|[from] item: Leftovers
|-damage|p2a: Greninja|12/100 par|[from] Leech Seed|[of] p1a: Wo-Chien
|-heal|p1a: Wo-Chien|23/100|[silent]
|upkeep
|turn|34
|
|t:|1776234948
|move|p1a: Wo-Chien|Foul Play|p2a: Greninja
|-resisted|p2a: Greninja
|-damage|p2a: Greninja|0 fnt
|faint|p2a: Greninja
|
|-heal|p1a: Wo-Chien|30/100|[from] item: Leftovers
|upkeep
|
|t:|1776234962
|switch|p2a: Iron Treads|Iron Treads|29/100
|turn|35
|
|t:|1776234966
|move|p1a: Wo-Chien|Protect|p1a: Wo-Chien
|-singleturn|p1a: Wo-Chien|Protect
|move|p2a: Iron Treads|Ice Spinner|p1a: Wo-Chien
|-activate|p1a: Wo-Chien|move: Protect
|
|-heal|p1a: Wo-Chien|36/100|[from] item: Leftovers
|upkeep
|turn|36
|
|t:|1776234972
|move|p2a: Iron Treads|Ice Spinner|p1a: Wo-Chien
|-supereffective|p1a: Wo-Chien
|-damage|p1a: Wo-Chien|7/100
|move|p1a: Wo-Chien|Leech Seed|p2a: Iron Treads
|-start|p2a: Iron Treads|move: Leech Seed
|
|-heal|p1a: Wo-Chien|14/100|[from] item: Leftovers
|-damage|p2a: Iron Treads|17/100|[from] Leech Seed|[of] p1a: Wo-Chien
|-heal|p1a: Wo-Chien|24/100|[silent]
|upkeep
|turn|37
|
|t:|1776234980
|move|p1a: Wo-Chien|Protect|p1a: Wo-Chien
|-singleturn|p1a: Wo-Chien|Protect
|move|p2a: Iron Treads|Ice Spinner|p1a: Wo-Chien
|-activate|p1a: Wo-Chien|move: Protect
|
|-heal|p1a: Wo-Chien|30/100|[from] item: Leftovers
|-damage|p2a: Iron Treads|4/100|[from] Leech Seed|[of] p1a: Wo-Chien
|-heal|p1a: Wo-Chien|41/100|[silent]
|upkeep
|turn|38
|
|t:|1776234988
|move|p1a: Wo-Chien|Protect||[still]
|-fail|p1a: Wo-Chien
|move|p2a: Iron Treads|Ice Spinner|p1a: Wo-Chien
|-supereffective|p1a: Wo-Chien
|-damage|p1a: Wo-Chien|13/100
|
|-heal|p1a: Wo-Chien|19/100|[from] item: Leftovers
|-damage|p2a: Iron Treads|0 fnt|[from] Leech Seed|[of] p1a: Wo-Chien
|-heal|p1a: Wo-Chien|22/100|[silent]
|faint|p2a: Iron Treads
|-end|p2a: Iron Treads|Quark Drive|[silent]
|upkeep
|
|t:|1776235002
|switch|p2a: Dragapult|Dragapult, F|95/100
|turn|39
|
|t:|1776235005
|move|p1a: Wo-Chien|Protect|p1a: Wo-Chien
|-singleturn|p1a: Wo-Chien|Protect
|move|p2a: Dragapult|Dragon Darts|p1a: Wo-Chien
|-activate|p1a: Wo-Chien|move: Protect
|
|-heal|p1a: Wo-Chien|28/100|[from] item: Leftovers
|upkeep
|turn|40
|
|t:|1776235014
|move|p2a: Dragapult|Will-O-Wisp|p1a: Wo-Chien|[miss]
|-miss|p2a: Dragapult|p1a: Wo-Chien
|move|p1a: Wo-Chien|Stun Spore|p2a: Dragapult
|-status|p2a: Dragapult|par
|
|-heal|p1a: Wo-Chien|34/100|[from] item: Leftovers
|upkeep
|turn|41
|-message|chaheed forfeited.
|
|win|ceo o wo chien
|raw|ceo o wo chien's rating: 1829 &rarr; <strong>1843</strong><br />(+14 for winning)
|raw|chaheed's rating: 1719 &rarr; <strong>1705</strong><br />(-14 for losing)
|l|☆chaheed
|player|p2|
