|html|<div class="broadcast-blue"><strong>[Gen 9] OU is currently suspecting Tera Blast! For information on how to participate check out the <a href="https://www.smogon.com/tools/suspects/view/200">suspect thread</a>.</strong></div>
|j|☆ydm14
|j|☆Wasinlee
|t:|1776081761
|gametype|singles
|player|p1|ydm14|101|1290
|player|p2|Wasinlee|idol|1372
|gen|9
|tier|[Gen 9] OU
|rated|
|rule|HP Percentage Mod: HP is shown in percentages
|rule|Endless Battle Clause: Forcing endless battles is banned
|rule|Species Clause: Limit one of each Pokémon
|rule|OHKO Clause: OHKO moves are banned
|rule|Evasion Items Clause: Evasion items are banned
|rule|Evasion Moves Clause: Evasion moves are banned
|rule|Evasion Abilities Clause: Evasion abilities are banned
|rule|Sleep Moves Clause: Sleep-inducing moves are banned
|clearpoke
|poke|p1|Alomomola, F|
|poke|p1|Grafaiai, F|
|poke|p1|Iron Moth|
|poke|p1|Great Tusk|
|poke|p1|Ogerpon-Wellspring, F|
|poke|p1|Heatran, F|
|poke|p2|Typhlosion-Hisui, F|
|poke|p2|Samurott-Hisui, M|
|poke|p2|Kleavor, M|
|poke|p2|Arcanine-Hisui, M|
|poke|p2|Goodra-Hisui, F|
|poke|p2|Zoroark-Hisui, F|
|teampreview
|inactive|Battle timer is ON: inactive players will automatically lose when time's up. (requested by ydm14)
|
|t:|1776081784
|teamsize|p1|6
|teamsize|p2|6
|start
|switch|p1a: Alomomola|Alomomola, F|100/100
|switch|p2a: Kleavor|Kleavor, M|100/100
|turn|1
|
|t:|1776081790
|move|p2a: Kleavor|Swords Dance|p2a: Kleavor
|-boost|p2a: Kleavor|atk|2
|move|p1a: Alomomola|Flip Turn|p2a: Kleavor
|-supereffective|p2a: Kleavor
|-damage|p2a: Kleavor|56/100
|
|t:|1776081799
|switch|p1a: Ogerpon|Ogerpon-Wellspring, F|100/100|[from] Flip Turn
|
|upkeep
|turn|2
|
|t:|1776081805
|-terastallize|p2a: Kleavor|Ghost
|move|p1a: Ogerpon|Ivy Cudgel|p2a: Kleavor|[anim] Ivy Cudgel Water
|-damage|p2a: Kleavor|0 fnt
|faint|p2a: Kleavor
|
|upkeep
|
|t:|1776081813
|switch|p2a: Samurott|Samurott-Hisui, M|100/100
|turn|3
|
|t:|1776081823
|switch|p1a: Alomomola|Alomomola, F|100/100
|move|p2a: Samurott|Ceaseless Edge|p1a: Alomomola
|-damage|p1a: Alomomola|78/100
|-damage|p2a: Samurott|84/100|[from] item: Rocky Helmet|[of] p1a: Alomomola
|-sidestart|p1: ydm14|Spikes
|
|upkeep
|turn|4
|
|t:|1776081832
|move|p2a: Samurott|Ceaseless Edge|p1a: Alomomola
|-damage|p1a: Alomomola|54/100
|-damage|p2a: Samurott|67/100|[from] item: Rocky Helmet|[of] p1a: Alomomola
|-sidestart|p1: ydm14|Spikes
|move|p1a: Alomomola|Flip Turn|p2a: Samurott
|-resisted|p2a: Samurott
|-damage|p2a: Samurott|56/100
|
|t:|1776081835
|switch|p1a: Great Tusk|Great Tusk|100/100|[from] Flip Turn
|-damage|p1a: Great Tusk|84/100|[from] Spikes
|
|upkeep
|turn|5
|
|t:|1776081842
|switch|p2a: Typhlosion|Typhlosion-Hisui, F|100/100
|move|p1a: Great Tusk|Headlong Rush|p2a: Typhlosion
|-supereffective|p2a: Typhlosion
|-damage|p2a: Typhlosion|0 fnt
|-unboost|p1a: Great Tusk|def|1
|-unboost|p1a: Great Tusk|spd|1
|faint|p2a: Typhlosion
|
|upkeep
|
|t:|1776081845
|switch|p2a: Arcanine|Arcanine-Hisui, M|100/100
|turn|6
|
|t:|1776081866
|move|p2a: Arcanine|Grass Knot|p1a: Great Tusk
|-supereffective|p1a: Great Tusk
|-damage|p1a: Great Tusk|0 fnt
|faint|p1a: Great Tusk
|-end|p1a: Great Tusk|Protosynthesis|[silent]
|
|upkeep
|inactive|ydm14 has 120 seconds left.
|
|t:|1776081888
|switch|p1a: Ogerpon|Ogerpon-Wellspring, F|100/100
|-damage|p1a: Ogerpon|84/100|[from] Spikes
|turn|7
|inactive|ydm14 has 120 seconds left.
|
|t:|1776081903
|switch|p2a: Arcanine|Arcanine-Hisui, M|100/100
|-terastallize|p1a: Ogerpon|Water
|detailschange|p1a: Ogerpon|Ogerpon-Wellspring-Tera, F, tera:Water
|-ability|p1a: Ogerpon|Embody Aspect (Wellspring)|boost
|-boost|p1a: Ogerpon|spd|1
|move|p1a: Ogerpon|Swords Dance|p1a: Ogerpon
|-boost|p1a: Ogerpon|atk|2
|
|upkeep
|turn|8
|
|t:|1776081908
|move|p2a: Arcanine|Extreme Speed|p1a: Ogerpon
|-damage|p1a: Ogerpon|45/100
|move|p1a: Ogerpon|Ivy Cudgel|p2a: Arcanine|[anim] Ivy Cudgel Water
|-supereffective|p2a: Arcanine
|-damage|p2a: Arcanine|0 fnt
|faint|p2a: Arcanine
|
|upkeep
|
|t:|1776081913
|switch|p2a: Samurott|Samurott-Hisui, M|100/100
|turn|9
|
|t:|1776081918
|move|p1a: Ogerpon|Trailblaze|p2a: Samurott
|-damage|p2a: Samurott|0 fnt
|-boost|p1a: Ogerpon|spe|1
|replace|p2a: Zoroark|Zoroark-Hisui, F
|-end|p2a: Zoroark|Illusion
|faint|p2a: Zoroark
|
|upkeep
|
|t:|1776081923
|switch|p2a: Goodra|Goodra-Hisui, F|100/100
|turn|10
|
|t:|1776081931
|move|p1a: Ogerpon|Ivy Cudgel|p2a: Goodra|[anim] Ivy Cudgel Water
|-resisted|p2a: Goodra
|-damage|p2a: Goodra|33/100
|move|p2a: Goodra|Dragon Tail|p1a: Ogerpon
|-damage|p1a: Ogerpon|17/100
|drag|p1a: Grafaiai|Grafaiai, F|100/100
|-item|p1a: Grafaiai|Air Balloon
|
|upkeep
|turn|11
|
|t:|1776081946
|move|p1a: Grafaiai|U-turn|p2a: Goodra
|-resisted|p2a: Goodra
|-damage|p2a: Goodra|25/100
|-ability|p2a: Goodra|Gooey
|-unboost|p1a: Grafaiai|spe|1
|
|t:|1776081951
|switch|p1a: Alomomola|Alomomola, F|87/100|[from] U-turn
|-damage|p1a: Alomomola|71/100|[from] Spikes
|move|p2a: Goodra|Dragon Tail|p1a: Alomomola
|-damage|p1a: Alomomola|59/100
|-damage|p2a: Goodra|9/100|[from] item: Rocky Helmet|[of] p1a: Alomomola
|drag|p1a: Iron Moth|Iron Moth|100/100
|-damage|p1a: Iron Moth|84/100|[from] Spikes
|-enditem|p1a: Iron Moth|Booster Energy
|-activate|p1a: Iron Moth|ability: Quark Drive|[fromitem]
|-start|p1a: Iron Moth|quarkdrivespe
|
|upkeep
|turn|12
|
|t:|1776081960
|move|p1a: Iron Moth|Fiery Dance|p2a: Goodra
|-damage|p2a: Goodra|0 fnt
|faint|p2a: Goodra
|
|upkeep
|-message|Wasinlee forfeited.
|
|win|ydm14
|raw|ydm14's rating: 1290 &rarr; <strong>1321</strong><br />(+31 for winning)
|raw|Wasinlee's rating: 1372 &rarr; <strong>1347</strong><br />(-25 for losing)
|l|☆Wasinlee
|player|p2|
|l|☆ydm14
|player|p1|
