|html|<div class="broadcast-blue"><strong>[Gen 9] OU is currently suspecting Volcarona! For information on how to participate check out the <a href="https://www.smogon.com/tools/suspects/view/208">suspect thread</a>.</strong></div>
|j|☆pakkji
|j|☆Wumbo William
|t:|1778516260
|gametype|singles
|player|p1|pakkji|265|1171
|player|p2|Wumbo William|169|1179
|gen|9
|tier|[Gen 9] OU
|rated|
|rule|HP Percentage Mod: HP is shown in percentages
|rule|Endless Battle Clause: Forcing endless battles is banned
|rule|Species Clause: Limit one of each Pokémon
|rule|OHKO Clause: OHKO moves are banned
|rule|Evasion Items Clause: Evasion items are banned
|rule|Evasion Moves Clause: Evasion moves are banned
|rule|Evasion Abilities Clause: Evasion abilities are banned
|rule|Sleep Moves Clause: Sleep-inducing moves are banned
|clearpoke
|poke|p1|Clefable, M|
|poke|p1|Rillaboom, M|
|poke|p1|Gardevoir, F|
|poke|p1|Latios, M|
|poke|p1|Maushold|
|poke|p1|Grimmsnarl, M|
|poke|p2|Hatterene, F|
|poke|p2|Toxapex, F|
|poke|p2|Heatran, F|
|poke|p2|Zapdos|
|poke|p2|Dragapult, F|
|poke|p2|Meowscarada, F|
|teampreview
|inactive|Battle timer is ON: inactive players will automatically lose when time's up. (requested by pakkji)
|inactive|Wumbo William also wants the timer to be on.
|
|t:|1778516266
|teamsize|p1|6
|teamsize|p2|6
|start
|switch|p1a: Grimmsnarl|Grimmsnarl, M|100/100
|switch|p2a: fatterpeen|Hatterene, F, shiny|100/100
|turn|1
|
|t:|1778516283
|move|p1a: Grimmsnarl|Light Screen|p1a: Grimmsnarl
|-sidestart|p1: pakkji|move: Light Screen
|move|p2a: fatterpeen|Draining Kiss|p1a: Grimmsnarl
|-supereffective|p1a: Grimmsnarl
|-damage|p1a: Grimmsnarl|74/100
|
|upkeep
|turn|2
|
|t:|1778516293
|move|p1a: Grimmsnarl|Reflect|p1a: Grimmsnarl
|-sidestart|p1: pakkji|Reflect
|move|p2a: fatterpeen|Nuzzle|p1a: Grimmsnarl
|-damage|p1a: Grimmsnarl|72/100
|-status|p1a: Grimmsnarl|par
|
|upkeep
|turn|3
|
|t:|1778516300
|switch|p1a: Rillaboom|Rillaboom, M|100/100
|-fieldstart|move: Grassy Terrain|[from] ability: Grassy Surge|[of] p1a: Rillaboom
|move|p2a: fatterpeen|Mystical Fire|p1a: Rillaboom
|-supereffective|p1a: Rillaboom
|-damage|p1a: Rillaboom|64/100
|-unboost|p1a: Rillaboom|spa|1
|
|-heal|p1a: Rillaboom|70/100|[from] Grassy Terrain
|upkeep
|turn|4
|
|t:|1778516315
|switch|p1a: Maushold|Maushold|100/100
|move|p2a: fatterpeen|Future Sight|p1a: Maushold
|-start|p2a: fatterpeen|move: Future Sight
|
|upkeep
|turn|5
|
|t:|1778516326
|move|p1a: Maushold|Population Bomb|p2a: fatterpeen
|-damage|p2a: fatterpeen|87/100
|-damage|p2a: fatterpeen|74/100
|-damage|p2a: fatterpeen|62/100
|-damage|p2a: fatterpeen|48/100
|-crit|p2a: fatterpeen
|-damage|p2a: fatterpeen|30/100
|-damage|p2a: fatterpeen|18/100
|-crit|p2a: fatterpeen
|-damage|p2a: fatterpeen|0 fnt
|faint|p2a: fatterpeen
|-hitcount|p2: fatterpeen|7
|
|upkeep
|
|t:|1778516340
|switch|p2a: fagacult|Dragapult, F, shiny|100/100
|turn|6
|inactive|pakkji has 120 seconds left.
|
|t:|1778516375
|switch|p1a: Clefable|Clefable, M|100/100
|move|p2a: fagacult|Dragon Darts|p1a: Clefable
|-immune|p1a: Clefable
|
|-end|p1a: Clefable|move: Future Sight
|-damage|p1a: Clefable|69/100
|-heal|p1a: Clefable|75/100|[from] Grassy Terrain
|-heal|p1a: Clefable|81/100|[from] item: Leftovers
|upkeep
|turn|7
|
|t:|1778516387
|switch|p2a: cockandsex|Toxapex, F, shiny|100/100
|move|p1a: Clefable|Cosmic Power|p1a: Clefable
|-boost|p1a: Clefable|def|1
|-boost|p1a: Clefable|spd|1
|
|-heal|p1a: Clefable|87/100|[from] Grassy Terrain
|-heal|p1a: Clefable|93/100|[from] item: Leftovers
|upkeep
|turn|8
|c|☆pakkji|wtf
|
|t:|1778516399
|-terastallize|p1a: Clefable|Steel
|move|p1a: Clefable|Cosmic Power|p1a: Clefable
|-boost|p1a: Clefable|def|1
|-boost|p1a: Clefable|spd|1
|move|p2a: cockandsex|Toxic Spikes|p1a: Clefable
|-sidestart|p1: pakkji|move: Toxic Spikes
|
|-heal|p1a: Clefable|99/100|[from] Grassy Terrain
|-heal|p1a: Clefable|100/100|[from] item: Leftovers
|-sideend|p1: pakkji|move: Light Screen
|upkeep
|turn|9
|inactive|Wumbo William has 120 seconds left.
|
|t:|1778516436
|switch|p2a: fapmost|Zapdos, shiny|100/100
|move|p1a: Clefable|Cosmic Power|p1a: Clefable
|-boost|p1a: Clefable|def|1
|-boost|p1a: Clefable|spd|1
|
|-sideend|p1: pakkji|Reflect
|upkeep
|turn|10
|inactive|Wumbo William has 120 seconds left.
|
|t:|1778516459
|move|p2a: fapmost|Rain Dance|p2a: fapmost
|-weather|RainDance
|move|p1a: Clefable|Cosmic Power|p1a: Clefable
|-boost|p1a: Clefable|def|1
|-boost|p1a: Clefable|spd|1
|
|-weather|RainDance|[upkeep]
|-fieldend|move: Grassy Terrain
|upkeep
|turn|11
|c|☆pakkji|thunder
|
|t:|1778516466
|move|p2a: fapmost|Hurricane|p1a: Clefable
|-resisted|p1a: Clefable
|-damage|p1a: Clefable|93/100
|-start|p1a: Clefable|confusion
|-activate|p1a: Clefable|confusion
|-damage|p1a: Clefable|91/100|[from] confusion
|
|-weather|RainDance|[upkeep]
|-heal|p1a: Clefable|97/100|[from] item: Leftovers
|upkeep
|turn|12
|c|☆pakkji|wtf
|c|☆pakkji|:D
|
|t:|1778516476
|move|p2a: fapmost|Thunder|p1a: Clefable
|-damage|p1a: Clefable|81/100
|-activate|p1a: Clefable|confusion
|move|p1a: Clefable|Cosmic Power|p1a: Clefable
|-boost|p1a: Clefable|def|1
|-boost|p1a: Clefable|spd|1
|
|-weather|RainDance|[upkeep]
|-heal|p1a: Clefable|87/100|[from] item: Leftovers
|upkeep
|turn|13
|c|☆pakkji|nice RNG
|
|t:|1778516487
|move|p2a: fapmost|Thunder|p1a: Clefable
|-damage|p1a: Clefable|73/100
|-status|p1a: Clefable|par
|-activate|p1a: Clefable|confusion
|cant|p1a: Clefable|par
|
|-weather|RainDance|[upkeep]
|-heal|p1a: Clefable|79/100 par|[from] item: Leftovers
|upkeep
|turn|14
|inactive|Wumbo William has 120 seconds left.
|
|t:|1778516512
|switch|p2a: peeman|Heatran, F, shiny|100/100
|-item|p2a: peeman|Air Balloon
|-end|p1a: Clefable|confusion
|cant|p1a: Clefable|par
|
|-weather|none
|-heal|p1a: Clefable|85/100 par|[from] item: Leftovers
|upkeep
|turn|15
|inactive|Wumbo William has 120 seconds left.
|inactive|pakkji has 120 seconds left.
|c|☆pakkji|I usually win when the RNG is on my side
|inactive|pakkji has 90 seconds left.
|
|t:|1778516573
|move|p2a: peeman|Fire Blast|p1a: Clefable
|-supereffective|p1a: Clefable
|-damage|p1a: Clefable|54/100 par
|move|p1a: Clefable|Cosmic Power|p1a: Clefable
|-boost|p1a: Clefable|def|1
|-boost|p1a: Clefable|spd|1
|
|-heal|p1a: Clefable|60/100 par|[from] item: Leftovers
|upkeep
|turn|16
|inactive|Wumbo William has 120 seconds left.
|
|t:|1778516593
|move|p2a: peeman|Fire Blast|p1a: Clefable
|-supereffective|p1a: Clefable
|-damage|p1a: Clefable|31/100 par
|cant|p1a: Clefable|par
|
|-heal|p1a: Clefable|37/100 par|[from] item: Leftovers
|upkeep
|turn|17
|
|t:|1778516602
|move|p2a: peeman|Earth Power|p1a: Clefable
|-supereffective|p1a: Clefable
|-damage|p1a: Clefable|23/100 par
|move|p1a: Clefable|Moonlight|p1a: Clefable
|-heal|p1a: Clefable|73/100 par
|
|-heal|p1a: Clefable|79/100 par|[from] item: Leftovers
|upkeep
|turn|18
|inactive|Wumbo William has 120 seconds left.
|c|☆Wumbo William|you're the worst person on earth
|
|t:|1778516637
|move|p2a: peeman|Fire Blast|p1a: Clefable
|-supereffective|p1a: Clefable
|-damage|p1a: Clefable|51/100 par
|move|p1a: Clefable|Charge Beam|p2a: peeman
|-damage|p2a: peeman|91/100
|-boost|p1a: Clefable|spa|1
|-enditem|p2a: peeman|Air Balloon
|
|-heal|p1a: Clefable|57/100 par|[from] item: Leftovers
|upkeep
|turn|19
|inactive|pakkji has 120 seconds left.
|
|t:|1778516651
|move|p2a: peeman|Fire Blast|p1a: Clefable
|-supereffective|p1a: Clefable
|-damage|p1a: Clefable|28/100 par
|move|p1a: Clefable|Moonlight|p1a: Clefable
|-heal|p1a: Clefable|78/100 par
|
|-heal|p1a: Clefable|84/100 par|[from] item: Leftovers
|upkeep
|turn|20
|
|t:|1778516662
|move|p2a: peeman|Fire Blast|p1a: Clefable
|-supereffective|p1a: Clefable
|-damage|p1a: Clefable|56/100 par
|cant|p1a: Clefable|par
|
|-heal|p1a: Clefable|62/100 par|[from] item: Leftovers
|upkeep
|turn|21
|
|t:|1778516674
|move|p2a: peeman|Fire Blast|p1a: Clefable
|-supereffective|p1a: Clefable
|-damage|p1a: Clefable|36/100 par
|cant|p1a: Clefable|par
|
|-heal|p1a: Clefable|42/100 par|[from] item: Leftovers
|upkeep
|turn|22
|c|☆Wumbo William|YES
|
|t:|1778516683
|move|p2a: peeman|Fire Blast|p1a: Clefable
|-supereffective|p1a: Clefable
|-damage|p1a: Clefable|13/100 par
|move|p1a: Clefable|Moonlight|p1a: Clefable
|-heal|p1a: Clefable|63/100 par
|
|-heal|p1a: Clefable|69/100 par|[from] item: Leftovers
|upkeep
|turn|23
|c|☆Wumbo William|i hope you die
|
|t:|1778516701
|move|p2a: peeman|Earth Power|p1a: Clefable
|-supereffective|p1a: Clefable
|-damage|p1a: Clefable|53/100 par
|cant|p1a: Clefable|par
|
|-heal|p1a: Clefable|59/100 par|[from] item: Leftovers
|upkeep
|turn|24
|c|☆pakkji|xdxdxd
|
|t:|1778516710
|move|p2a: peeman|Earth Power|p1a: Clefable
|-supereffective|p1a: Clefable
|-damage|p1a: Clefable|43/100 par
|move|p1a: Clefable|Moonlight|p1a: Clefable
|-heal|p1a: Clefable|93/100 par
|
|-heal|p1a: Clefable|99/100 par|[from] item: Leftovers
|upkeep
|turn|25
|
|t:|1778516718
|move|p2a: peeman|Earth Power|p1a: Clefable
|-supereffective|p1a: Clefable
|-damage|p1a: Clefable|84/100 par
|cant|p1a: Clefable|par
|
|-heal|p1a: Clefable|90/100 par|[from] item: Leftovers
|upkeep
|turn|26
|
|t:|1778516725
|move|p2a: peeman|Earth Power|p1a: Clefable
|-supereffective|p1a: Clefable
|-damage|p1a: Clefable|76/100 par
|-unboost|p1a: Clefable|spd|1
|move|p1a: Clefable|Charge Beam|p2a: peeman|[miss]
|-miss|p1a: Clefable|p2a: peeman
|
|-heal|p1a: Clefable|82/100 par|[from] item: Leftovers
|upkeep
|turn|27
|inactive|Wumbo William has 120 seconds left.
|
|t:|1778516734
|move|p2a: peeman|Earth Power|p1a: Clefable
|-supereffective|p1a: Clefable
|-damage|p1a: Clefable|65/100 par
|move|p1a: Clefable|Cosmic Power|p1a: Clefable
|-boost|p1a: Clefable|def|0
|-boost|p1a: Clefable|spd|1
|
|-heal|p1a: Clefable|71/100 par|[from] item: Leftovers
|upkeep
|turn|28
|
|t:|1778516742
|move|p2a: peeman|Earth Power|p1a: Clefable
|-supereffective|p1a: Clefable
|-crit|p1a: Clefable
|-damage|p1a: Clefable|0 fnt
|faint|p1a: Clefable
|
|upkeep
|c|☆Wumbo William|ok then
|c|☆Wumbo William|idk what happened there
|c|☆Wumbo William|god hates you i think
|c|☆Wumbo William|pretty understandable
|
|t:|1778516769
|switch|p1a: Maushold|Maushold|100/100
|-status|p1a: Maushold|psn
|turn|29
|
|t:|1778516776
|switch|p2a: fagacult|Dragapult, F, shiny|100/100
|move|p1a: Maushold|Tidy Up|p1a: Maushold
|-sideend|p1: pakkji|Toxic Spikes
|-activate|p1a: Maushold|move: Tidy Up
|-boost|p1a: Maushold|atk|1
|-boost|p1a: Maushold|spe|1
|
|-damage|p1a: Maushold|88/100 psn|[from] psn
|upkeep
|turn|30
|
|t:|1778516784
|move|p1a: Maushold|Bite|p2a: fagacult
|-supereffective|p2a: fagacult
|-damage|p2a: fagacult|16/100
|cant|p2a: fagacult|flinch
|
|-damage|p1a: Maushold|76/100 psn|[from] psn
|upkeep
|turn|31
|
|t:|1778516793
|switch|p2a: furry|Meowscarada, F, shiny|100/100
|move|p1a: Maushold|Bite|p2a: furry
|-resisted|p2a: furry
|-crit|p2a: furry
|-damage|p2a: furry|61/100
|
|-damage|p1a: Maushold|63/100 psn|[from] psn
|upkeep
|turn|32
|c|☆pakkji|wtf
|
|t:|1778516801
|move|p1a: Maushold|Encore||[still]
|-fail|p1a: Maushold
|move|p2a: furry|Play Rough|p1a: Maushold
|-start|p2a: furry|typechange|Fairy|[from] ability: Protean
|-damage|p1a: Maushold|0 fnt
|faint|p1a: Maushold
|
|upkeep
|
|t:|1778516805
|switch|p1a: Grimmsnarl|Grimmsnarl, M|72/100 par
|turn|33
|
|t:|1778516811
|move|p1a: Grimmsnarl|Reflect|p1a: Grimmsnarl
|-sidestart|p1: pakkji|Reflect
|move|p2a: furry|Play Rough|p1a: Grimmsnarl|[miss]
|-miss|p2a: furry|p1a: Grimmsnarl
|
|upkeep
|turn|34
|c|☆Wumbo William|wtf
|c|☆Wumbo William|weirdest rng game ive ever played
|
|t:|1778516821
|move|p1a: Grimmsnarl|Light Screen|p1a: Grimmsnarl
|-sidestart|p1: pakkji|move: Light Screen
|move|p2a: furry|Play Rough|p1a: Grimmsnarl
|-supereffective|p1a: Grimmsnarl
|-damage|p1a: Grimmsnarl|10/100 par
|
|upkeep
|turn|35
|
|t:|1778516827
|move|p1a: Grimmsnarl|Thunder Wave|p2a: furry
|-status|p2a: furry|par
|move|p2a: furry|Play Rough|p1a: Grimmsnarl
|-supereffective|p1a: Grimmsnarl
|-damage|p1a: Grimmsnarl|0 fnt
|faint|p1a: Grimmsnarl
|
|upkeep
|
|t:|1778516831
|switch|p1a: Rillaboom|Rillaboom, M|70/100
|-fieldstart|move: Grassy Terrain|[from] ability: Grassy Surge|[of] p1a: Rillaboom
|turn|36
|
|t:|1778516848
|switch|p2a: cockandsex|Toxapex, F, shiny|100/100
|move|p1a: Rillaboom|U-turn|p2a: cockandsex
|-resisted|p2a: cockandsex
|-damage|p2a: cockandsex|90/100
|
|t:|1778516852
|switch|p1a: Latios|Latios, M|100/100|[from] U-turn
|
|-heal|p2a: cockandsex|96/100|[from] Grassy Terrain
|upkeep
|turn|37
|
|t:|1778516867
|move|p2a: cockandsex|Baneful Bunker|p2a: cockandsex
|-singleturn|p2a: cockandsex|move: Protect
|move|p1a: Latios|Simple Beam|p2a: cockandsex
|-activate|p2a: cockandsex|move: Protect
|
|-heal|p2a: cockandsex|100/100|[from] Grassy Terrain
|upkeep
|turn|38
|
|t:|1778516888
|switch|p2a: fagacult|Dragapult, F, shiny|16/100
|move|p1a: Latios|Simple Beam|p2a: fagacult
|-ability|p2a: fagacult|Simple|Infiltrator|[from] move: Simple Beam
|
|-heal|p2a: fagacult|22/100|[from] Grassy Terrain
|upkeep
|turn|39
|
|t:|1778516907
|switch|p1a: Gardevoir|Gardevoir, F|100/100
|-ability|p1a: Gardevoir|Simple|Trace|[from] ability: Trace|[of] p2a: fagacult
|-enditem|p1a: Gardevoir|Grassy Seed
|-boost|p1a: Gardevoir|def|2|[from] item: Grassy Seed
|move|p2a: fagacult|Sucker Punch||[still]
|-fail|p2a: fagacult
|
|-heal|p2a: fagacult|28/100|[from] Grassy Terrain
|upkeep
|turn|40
|
|t:|1778516926
|switch|p2a: peeman|Heatran, F, shiny|91/100
|move|p1a: Gardevoir|Calm Mind|p1a: Gardevoir
|-boost|p1a: Gardevoir|spa|2
|-boost|p1a: Gardevoir|spd|2
|
|-heal|p2a: peeman|97/100|[from] Grassy Terrain
|-sideend|p1: pakkji|Reflect
|upkeep
|turn|41
|
|t:|1778516937
|move|p1a: Gardevoir|Calm Mind|p1a: Gardevoir
|-boost|p1a: Gardevoir|spa|2
|-boost|p1a: Gardevoir|spd|2
|move|p2a: peeman|Flash Cannon|p1a: Gardevoir
|-supereffective|p1a: Gardevoir
|-damage|p1a: Gardevoir|82/100
|
|-heal|p1a: Gardevoir|88/100|[from] Grassy Terrain
|-heal|p2a: peeman|100/100|[from] Grassy Terrain
|-sideend|p1: pakkji|move: Light Screen
|upkeep
|turn|42
|
|t:|1778516944
|move|p1a: Gardevoir|Stored Power|p2a: peeman
|-resisted|p2a: peeman
|-damage|p2a: peeman|0 fnt
|faint|p2a: peeman
|
|-heal|p1a: Gardevoir|94/100|[from] Grassy Terrain
|upkeep
|
|t:|1778516954
|switch|p2a: fagacult|Dragapult, F, shiny|28/100
|turn|43
|
|t:|1778516957
|move|p2a: fagacult|Phantom Force||[still]
|-prepare|p2a: fagacult|Phantom Force
|move|p1a: Gardevoir|Draining Kiss|p2a: fagacult|[miss]
|-miss|p1a: Gardevoir|p2a: fagacult
|
|-heal|p1a: Gardevoir|100/100|[from] Grassy Terrain
|-fieldend|move: Grassy Terrain
|upkeep
|turn|44
|j|@a fairy
|n|‽Wumbo William|wumbowilliam
|c|@a fairy|/log Wumbo William was locked from talking for a week by a fairy. (don't wish death/harm to others)
|l|@a fairy
|
|t:|1778516975
|move|p2a: fagacult|Phantom Force|p1a: Gardevoir|[from] lockedmove
|-supereffective|p1a: Gardevoir
|-damage|p1a: Gardevoir|28/100
|move|p1a: Gardevoir|Draining Kiss|p2a: fagacult
|-supereffective|p2a: fagacult
|-damage|p2a: fagacult|0 fnt
|-heal|p1a: Gardevoir|52/100|[from] drain|[of] p2a: fagacult
|faint|p2a: fagacult
|
|upkeep
|
|t:|1778516987
|switch|p2a: cockandsex|Toxapex, F, shiny|100/100
|turn|45
|
|t:|1778516991
|move|p1a: Gardevoir|Stored Power|p2a: cockandsex
|-supereffective|p2a: cockandsex
|-damage|p2a: cockandsex|0 fnt
|faint|p2a: cockandsex
|
|upkeep
|
|t:|1778516997
|switch|p2a: fapmost|Zapdos, shiny|100/100
|turn|46
|
|t:|1778517004
|-terastallize|p2a: fapmost|Electric
|move|p2a: fapmost|Thunder|p1a: Gardevoir
|-damage|p1a: Gardevoir|21/100
|move|p1a: Gardevoir|Draining Kiss|p2a: fapmost
|-damage|p2a: fapmost|28/100
|-heal|p1a: Gardevoir|85/100|[from] drain|[of] p2a: fapmost
|-enditem|p2a: fapmost|Sitrus Berry|[eat]
|-heal|p2a: fapmost|53/100|[from] item: Sitrus Berry
|
|upkeep
|turn|47
|
|t:|1778517018
|move|p2a: fapmost|Thunder|p1a: Gardevoir
|-damage|p1a: Gardevoir|58/100
|-status|p1a: Gardevoir|par
|move|p1a: Gardevoir|Draining Kiss|p2a: fapmost
|-damage|p2a: fapmost|0 fnt
|-heal|p1a: Gardevoir|100/100 par|[from] drain|[of] p2a: fapmost
|faint|p2a: fapmost
|
|upkeep
|
|t:|1778517029
|switch|p2a: furry|Meowscarada, F, shiny|61/100 par
|turn|48
|c|☆pakkji|god came down from yhe earth gave you all the luck in the world andyou lost
|
|t:|1778517054
|move|p1a: Gardevoir|Vacuum Wave|p2a: furry
|-supereffective|p2a: furry
|-damage|p2a: furry|0 fnt
|faint|p2a: furry
|
|win|pakkji
|raw|pakkji's rating: 1171 &rarr; <strong>1197</strong><br />(+26 for winning)
|raw|Wumbo William's rating: 1179 &rarr; <strong>1153</strong><br />(-26 for losing)
|c|☆pakkji|gg
|l|‽Wumbo William
|player|p2|
|l|☆pakkji
|player|p1|
