|html|<div class="broadcast-blue"><strong>[Gen 9] OU is currently suspecting Tera Blast! For information on how to participate check out the <a href="https://www.smogon.com/tools/suspects/view/200">suspect thread</a>.</strong></div>
|j|☆CouchCog
|j|☆theysayiamcool
|t:|1776230855
|gametype|singles
|player|p1|CouchCog|170|1158
|player|p2|theysayiamcool|2|1147
|gen|9
|tier|[Gen 9] OU
|rated|
|rule|HP Percentage Mod: HP is shown in percentages
|rule|Endless Battle Clause: Forcing endless battles is banned
|rule|Species Clause: Limit one of each Pokémon
|rule|OHKO Clause: OHKO moves are banned
|rule|Evasion Items Clause: Evasion items are banned
|rule|Evasion Moves Clause: Evasion moves are banned
|rule|Evasion Abilities Clause: Evasion abilities are banned
|rule|Sleep Moves Clause: Sleep-inducing moves are banned
|clearpoke
|poke|p1|Gholdengo|
|poke|p1|Ribombee, M|
|poke|p1|Kingambit, M|
|poke|p1|Kommo-o, M|
|poke|p1|Iron Crown|
|poke|p1|Weezing-Galar, M|
|poke|p2|Primarina, M|
|poke|p2|Iron Valiant|
|poke|p2|Amoonguss, M|
|poke|p2|Great Tusk|
|poke|p2|Kingambit, M|
|poke|p2|Dragapult, M|
|teampreview
|
|t:|1776230862
|teamsize|p1|6
|teamsize|p2|6
|start
|switch|p1a: Gholdengo|Gholdengo|100/100
|switch|p2a: Iron Valiant|Iron Valiant|100/100
|-item|p1a: Gholdengo|Air Balloon
|-enditem|p2a: Iron Valiant|Booster Energy
|-activate|p2a: Iron Valiant|ability: Quark Drive|[fromitem]
|-start|p2a: Iron Valiant|quarkdrivespe
|turn|1
|
|t:|1776230876
|move|p2a: Iron Valiant|Psyshock|p1a: Gholdengo
|-resisted|p1a: Gholdengo
|-damage|p1a: Gholdengo|86/100
|-enditem|p1a: Gholdengo|Air Balloon
|move|p1a: Gholdengo|Make It Rain|p2a: Iron Valiant
|-supereffective|p2a: Iron Valiant
|-damage|p2a: Iron Valiant|0 fnt
|-unboost|p1a: Gholdengo|spa|1
|faint|p2a: Iron Valiant
|-end|p2a: Iron Valiant|Quark Drive|[silent]
|
|upkeep
|
|t:|1776230887
|switch|p2a: Dragapult|Dragapult, M|100/100
|turn|2
|inactive|Battle timer is ON: inactive players will automatically lose when time's up. (requested by theysayiamcool)
|
|t:|1776230903
|switch|p1a: Kingambit|Kingambit, M|100/100
|move|p2a: Dragapult|Shadow Ball|p1a: Kingambit
|-resisted|p1a: Kingambit
|-damage|p1a: Kingambit|75/100
|
|upkeep
|turn|3
|
|t:|1776230912
|switch|p2a: Great Tusk|Great Tusk|100/100
|-enditem|p2a: Great Tusk|Booster Energy
|-activate|p2a: Great Tusk|ability: Protosynthesis|[fromitem]
|-start|p2a: Great Tusk|protosynthesisatk
|-end|p1a: Kingambit|fallenundefined|[silent]
|switch|p1a: Ribombee|Ribombee, M|100/100
|
|upkeep
|turn|4
|
|t:|1776230932
|move|p1a: Ribombee|Sticky Web|p2a: Great Tusk
|-sidestart|p2: theysayiamcool|move: Sticky Web
|move|p2a: Great Tusk|Thunder Fang|p1a: Ribombee
|-damage|p1a: Ribombee|31/100
|
|upkeep
|turn|5
|
|t:|1776230938
|move|p1a: Ribombee|Stun Spore|p2a: Great Tusk
|-status|p2a: Great Tusk|par
|move|p2a: Great Tusk|Thunder Fang|p1a: Ribombee
|-damage|p1a: Ribombee|0 fnt
|faint|p1a: Ribombee
|
|upkeep
|
|t:|1776230947
|switch|p1a: Kommo-o|Kommo-o, M|100/100
|turn|6
|
|t:|1776230957
|move|p1a: Kommo-o|Clangorous Soul|p1a: Kommo-o
|-boost|p1a: Kommo-o|atk|1
|-boost|p1a: Kommo-o|def|1
|-boost|p1a: Kommo-o|spa|1
|-boost|p1a: Kommo-o|spd|1
|-boost|p1a: Kommo-o|spe|1
|-damage|p1a: Kommo-o|68/100
|-enditem|p1a: Kommo-o|Throat Spray
|-boost|p1a: Kommo-o|spa|1|[from] item: Throat Spray
|cant|p2a: Great Tusk|par
|
|upkeep
|turn|7
|
|t:|1776230974
|-terastallize|p1a: Kommo-o|Normal
|move|p1a: Kommo-o|Boomburst|p2a: Great Tusk
|-damage|p2a: Great Tusk|0 fnt
|faint|p2a: Great Tusk
|-end|p2a: Great Tusk|Protosynthesis|[silent]
|
|upkeep
|c|☆CouchCog|gg
|
|t:|1776230984
|switch|p2a: Kingambit|Kingambit, M|100/100
|-activate|p2a: Kingambit|move: Sticky Web
|-unboost|p2a: Kingambit|spe|1
|-activate|p2a: Kingambit|ability: Supreme Overlord
|-start|p2a: Kingambit|fallen2|[silent]
|turn|8
|
|t:|1776230992
|move|p2a: Kingambit|Sucker Punch|p1a: Kommo-o
|-damage|p1a: Kommo-o|38/100
|move|p1a: Kommo-o|Flamethrower|p2a: Kingambit
|-supereffective|p2a: Kingambit
|-damage|p2a: Kingambit|7/100
|
|upkeep
|turn|9
|
|t:|1776231000
|move|p1a: Kommo-o|Flamethrower|p2a: Kingambit
|-supereffective|p2a: Kingambit
|-damage|p2a: Kingambit|0 fnt
|faint|p2a: Kingambit
|-end|p2a: Kingambit|fallen2|[silent]
|
|upkeep
|
|t:|1776231006
|switch|p2a: Primarina|Primarina, M|100/100
|-activate|p2a: Primarina|move: Sticky Web
|-unboost|p2a: Primarina|spe|1
|turn|10
|
|t:|1776231011
|move|p1a: Kommo-o|Boomburst|p2a: Primarina
|-damage|p2a: Primarina|37/100
|move|p2a: Primarina|Moonblast|p1a: Kommo-o
|-damage|p1a: Kommo-o|0 fnt
|faint|p1a: Kommo-o
|
|upkeep
|
|t:|1776231017
|switch|p1a: Iron Crown|Iron Crown|100/100
|-enditem|p1a: Iron Crown|Booster Energy
|-activate|p1a: Iron Crown|ability: Quark Drive|[fromitem]
|-start|p1a: Iron Crown|quarkdrivespa
|turn|11
|
|t:|1776231024
|move|p1a: Iron Crown|Calm Mind|p1a: Iron Crown
|-boost|p1a: Iron Crown|spa|1
|-boost|p1a: Iron Crown|spd|1
|move|p2a: Primarina|Hydro Pump|p1a: Iron Crown|[miss]
|-miss|p2a: Primarina|p1a: Iron Crown
|
|upkeep
|turn|12
|
|t:|1776231032
|move|p1a: Iron Crown|Calm Mind|p1a: Iron Crown
|-boost|p1a: Iron Crown|spa|1
|-boost|p1a: Iron Crown|spd|1
|move|p2a: Primarina|Hydro Pump|p1a: Iron Crown
|-damage|p1a: Iron Crown|68/100
|
|upkeep
|turn|13
|
|t:|1776231039
|switch|p2a: Amoonguss|Amoonguss, M|100/100
|-activate|p2a: Amoonguss|move: Sticky Web
|-unboost|p2a: Amoonguss|spe|1
|move|p1a: Iron Crown|Tachyon Cutter|p2a: Amoonguss
|-damage|p2a: Amoonguss|46/100
|-damage|p2a: Amoonguss|0 fnt
|faint|p2a: Amoonguss
|-hitcount|p2: Amoonguss|2
|
|upkeep
|c|☆CouchCog|GG
|-message|theysayiamcool forfeited.
|
|win|CouchCog
|raw|CouchCog's rating: 1158 &rarr; <strong>1182</strong><br />(+24 for winning)
|raw|theysayiamcool's rating: 1147 &rarr; <strong>1123</strong><br />(-24 for losing)
|c|☆CouchCog|EZ
|l|☆theysayiamcool
|player|p2|
