|html|<div class="broadcast-blue"><strong>[Gen 9] OU is currently suspecting Tera Blast! For information on how to participate check out the <a href="https://www.smogon.com/tools/suspects/view/200">suspect thread</a>.</strong></div>
|j|☆strangerboi02
|j|☆kamomille
|t:|1776092206
|gametype|singles
|player|p1|strangerboi02|n|1414
|player|p2|kamomille|265|1436
|gen|9
|tier|[Gen 9] OU
|rated|
|rule|HP Percentage Mod: HP is shown in percentages
|rule|Endless Battle Clause: Forcing endless battles is banned
|rule|Species Clause: Limit one of each Pokémon
|rule|OHKO Clause: OHKO moves are banned
|rule|Evasion Items Clause: Evasion items are banned
|rule|Evasion Moves Clause: Evasion moves are banned
|rule|Evasion Abilities Clause: Evasion abilities are banned
|rule|Sleep Moves Clause: Sleep-inducing moves are banned
|clearpoke
|poke|p1|Hatterene, F|
|poke|p1|Cresselia, F|
|poke|p1|Ursaluna, M|
|poke|p1|Iron Hands|
|poke|p1|Hoopa-Unbound|
|poke|p1|Porygon2|
|poke|p2|Suicune|
|poke|p2|Kyurem|
|poke|p2|Zapdos|
|poke|p2|Corviknight, F|
|poke|p2|Weezing-Galar, M|
|poke|p2|Umbreon, F|
|teampreview
|inactive|Battle timer is ON: inactive players will automatically lose when time's up. (requested by strangerboi02)
|
|t:|1776092228
|teamsize|p1|6
|teamsize|p2|6
|start
|switch|p1a: Hatterene|Hatterene, F|100/100
|switch|p2a: Suicune|Suicune|100/100
|-ability|p2a: Suicune|Pressure
|turn|1
|
|t:|1776092235
|move|p2a: Suicune|Substitute|p2a: Suicune
|-start|p2a: Suicune|Substitute
|-damage|p2a: Suicune|75/100
|move|p1a: Hatterene|Trick Room|p1a: Hatterene
|-fieldstart|move: Trick Room|[of] p1a: Hatterene
|
|-heal|p2a: Suicune|82/100|[from] item: Leftovers
|upkeep
|turn|2
|
|t:|1776092243
|move|p1a: Hatterene|Psychic Noise|p2a: Suicune
|-damage|p2a: Suicune|47/100
|-start|p2a: Suicune|move: Heal Block
|move|p2a: Suicune|Calm Mind|p2a: Suicune
|-boost|p2a: Suicune|spa|1
|-boost|p2a: Suicune|spd|1
|
|upkeep
|turn|3
|
|t:|1776092251
|move|p1a: Hatterene|Psychic Noise|p2a: Suicune
|-damage|p2a: Suicune|25/100
|move|p2a: Suicune|Scald|p1a: Hatterene
|-damage|p1a: Hatterene|62/100
|
|-end|p2a: Suicune|move: Heal Block
|upkeep
|turn|4
|
|t:|1776092263
|move|p1a: Hatterene|Psychic Noise|p2a: Suicune
|-damage|p2a: Suicune|3/100
|-start|p2a: Suicune|move: Heal Block
|move|p2a: Suicune|Scald|p1a: Hatterene
|-damage|p1a: Hatterene|21/100
|
|upkeep
|turn|5
|
|t:|1776092272
|move|p1a: Hatterene|Psychic Noise|p2a: Suicune
|-crit|p2a: Suicune
|-damage|p2a: Suicune|0 fnt
|faint|p2a: Suicune
|
|-fieldend|move: Trick Room
|upkeep
|
|t:|1776092279
|switch|p2a: Kyurem|Kyurem|100/100
|-ability|p2a: Kyurem|Pressure
|turn|6
|
|t:|1776092283
|move|p2a: Kyurem|Freeze-Dry|p1a: Hatterene
|-damage|p1a: Hatterene|0 fnt
|faint|p1a: Hatterene
|
|upkeep
|
|t:|1776092288
|switch|p1a: Cresselia|Cresselia, F|100/100
|turn|7
|
|t:|1776092292
|move|p2a: Kyurem|Substitute|p2a: Kyurem
|-start|p2a: Kyurem|Substitute
|-damage|p2a: Kyurem|76/100
|move|p1a: Cresselia|Trick Room|p1a: Cresselia
|-fieldstart|move: Trick Room|[of] p1a: Cresselia
|
|-heal|p2a: Kyurem|82/100|[from] item: Leftovers
|upkeep
|turn|8
|
|t:|1776092308
|move|p1a: Cresselia|Lunar Dance|p1a: Cresselia
|faint|p1a: Cresselia
|move|p2a: Kyurem|Freeze-Dry|p1: Cresselia|[notarget]
|-fail|p2a: Kyurem
|
|-heal|p2a: Kyurem|88/100|[from] item: Leftovers
|upkeep
|
|t:|1776092312
|switch|p1a: Iron Hands|Iron Hands|100/100
|-enditem|p1a: Iron Hands|Booster Energy
|-activate|p1a: Iron Hands|ability: Quark Drive|[fromitem]
|-start|p1a: Iron Hands|quarkdriveatk
|turn|9
|
|t:|1776092319
|move|p2a: Kyurem|Protect|p2a: Kyurem
|-singleturn|p2a: Kyurem|Protect
|move|p1a: Iron Hands|Drain Punch|p2a: Kyurem
|-activate|p2a: Kyurem|move: Protect
|
|-heal|p2a: Kyurem|94/100|[from] item: Leftovers
|upkeep
|turn|10
|
|t:|1776092328
|move|p1a: Iron Hands|Drain Punch|p2a: Kyurem
|-supereffective|p2a: Kyurem
|-end|p2a: Kyurem|Substitute
|move|p2a: Kyurem|Earth Power|p1a: Iron Hands
|-supereffective|p1a: Iron Hands
|-damage|p1a: Iron Hands|39/100
|
|-heal|p2a: Kyurem|100/100|[from] item: Leftovers
|upkeep
|turn|11
|
|t:|1776092338
|move|p2a: Kyurem|Protect|p2a: Kyurem
|-singleturn|p2a: Kyurem|Protect
|move|p1a: Iron Hands|Drain Punch|p2a: Kyurem
|-activate|p2a: Kyurem|move: Protect
|
|-fieldend|move: Trick Room
|upkeep
|turn|12
|
|t:|1776092346
|-terastallize|p1a: Iron Hands|Flying
|move|p2a: Kyurem|Earth Power|p1a: Iron Hands
|-immune|p1a: Iron Hands
|move|p1a: Iron Hands|Drain Punch|p2a: Kyurem
|-supereffective|p2a: Kyurem
|-damage|p2a: Kyurem|2/100
|-heal|p1a: Iron Hands|82/100|[from] drain|[of] p2a: Kyurem
|
|-heal|p2a: Kyurem|8/100|[from] item: Leftovers
|upkeep
|turn|13
|
|t:|1776092358
|move|p2a: Kyurem|Freeze-Dry|p1a: Iron Hands
|-supereffective|p1a: Iron Hands
|-damage|p1a: Iron Hands|5/100
|move|p1a: Iron Hands|Drain Punch|p2a: Kyurem
|-supereffective|p2a: Kyurem
|-damage|p2a: Kyurem|0 fnt
|-heal|p1a: Iron Hands|8/100|[from] drain|[of] p2a: Kyurem
|faint|p2a: Kyurem
|
|upkeep
|
|t:|1776092370
|switch|p2a: Zapdos|Zapdos|100/100
|-ability|p2a: Zapdos|Pressure
|turn|14
|
|t:|1776092378
|move|p2a: Zapdos|Heat Wave|p1a: Iron Hands
|-damage|p1a: Iron Hands|0 fnt
|faint|p1a: Iron Hands
|-end|p1a: Iron Hands|Quark Drive|[silent]
|
|upkeep
|
|t:|1776092386
|switch|p1a: Porygon2|Porygon2|100/100
|-ability|p1a: Porygon2|Download|boost
|-boost|p1a: Porygon2|spa|1
|turn|15
|
|t:|1776092394
|switch|p2a: Umbreon|Umbreon, F|100/100
|move|p1a: Porygon2|Tera Blast|p2a: Umbreon
|-damage|p2a: Umbreon|77/100
|
|-heal|p2a: Umbreon|83/100|[from] item: Leftovers
|upkeep
|turn|16
|
|t:|1776092403
|move|p2a: Umbreon|Toxic|p1a: Porygon2
|-status|p1a: Porygon2|tox
|move|p1a: Porygon2|Trick Room|p1a: Porygon2
|-fieldstart|move: Trick Room|[of] p1a: Porygon2
|
|-heal|p2a: Umbreon|89/100|[from] item: Leftovers
|-damage|p1a: Porygon2|94/100 tox|[from] psn
|upkeep
|turn|17
|
|t:|1776092411
|switch|p1a: Ursaluna|Ursaluna, M|100/100
|move|p2a: Umbreon|Wish|p2a: Umbreon
|
|-heal|p2a: Umbreon|95/100|[from] item: Leftovers
|-status|p1a: Ursaluna|brn|[from] item: Flame Orb
|upkeep
|turn|18
|
|t:|1776092422
|move|p1a: Ursaluna|Swords Dance|p1a: Ursaluna
|-boost|p1a: Ursaluna|atk|2
|move|p2a: Umbreon|Foul Play|p1a: Ursaluna
|-damage|p1a: Ursaluna|16/100 brn
|
|-heal|p2a: Umbreon|100/100|[from] move: Wish|[wisher] Umbreon
|-damage|p1a: Ursaluna|10/100 brn|[from] brn
|upkeep
|turn|19
|
|t:|1776092432
|move|p2a: Umbreon|Protect|p2a: Umbreon
|-singleturn|p2a: Umbreon|Protect
|move|p1a: Ursaluna|Facade|p2a: Umbreon
|-activate|p2a: Umbreon|move: Protect
|
|-damage|p1a: Ursaluna|4/100 brn|[from] brn
|upkeep
|turn|20
|
|t:|1776092441
|switch|p1a: Porygon2|Porygon2|94/100 tox
|-heal|p1a: Porygon2|100/100|[from] move: Lunar Dance
|-ability|p1a: Porygon2|Download|boost
|-boost|p1a: Porygon2|atk|1
|switch|p2a: Corviknight|Corviknight, F|100/100
|-ability|p2a: Corviknight|Pressure
|
|-fieldend|move: Trick Room
|upkeep
|turn|21
|-message|strangerboi02 forfeited.
|
|win|kamomille
|raw|strangerboi02's rating: 1414 &rarr; <strong>1395</strong><br />(-19 for losing)
|raw|kamomille's rating: 1436 &rarr; <strong>1455</strong><br />(+19 for winning)
|l|☆strangerboi02
|player|p1|
|l|☆kamomille
|player|p2|
