|html|<div class="broadcast-blue"><strong>[Gen 9] OU is currently suspecting Tera Blast! For information on how to participate check out the <a href="https://www.smogon.com/tools/suspects/view/200">suspect thread</a>.</strong></div>
|j|☆Daacebandit
|j|☆Beef! Lo! MEIN!!!
|t:|1776133711
|gametype|singles
|player|p1|Daacebandit|ghetsis-gen5bw|1199
|player|p2|Beef! Lo! MEIN!!!|169|1208
|gen|9
|tier|[Gen 9] OU
|rated|
|rule|HP Percentage Mod: HP is shown in percentages
|rule|Endless Battle Clause: Forcing endless battles is banned
|rule|Species Clause: Limit one of each Pokémon
|rule|OHKO Clause: OHKO moves are banned
|rule|Evasion Items Clause: Evasion items are banned
|rule|Evasion Moves Clause: Evasion moves are banned
|rule|Evasion Abilities Clause: Evasion abilities are banned
|rule|Sleep Moves Clause: Sleep-inducing moves are banned
|clearpoke
|poke|p1|Slowking-Galar, M|
|poke|p1|Hatterene, F|
|poke|p1|Glastrier|
|poke|p1|Ursaluna, M|
|poke|p1|Chandelure, M|
|poke|p1|Tentacruel, M|
|poke|p2|Great Tusk|
|poke|p2|Walking Wake|
|poke|p2|Kingambit, M|
|poke|p2|Venusaur, M|
|poke|p2|Ninetales, M|
|poke|p2|Raging Bolt|
|teampreview
|inactive|Battle timer is ON: inactive players will automatically lose when time's up. (requested by Beef! Lo! MEIN!!!)
|
|t:|1776133721
|teamsize|p1|6
|teamsize|p2|6
|start
|switch|p1a: Slowking|Slowking-Galar, M|100/100
|switch|p2a: Ninetales|Ninetales, M|100/100
|-weather|SunnyDay|[from] ability: Drought|[of] p2a: Ninetales
|turn|1
|j| scorpion257
|
|t:|1776133726
|move|p2a: Ninetales|Will-O-Wisp|p1a: Slowking
|-status|p1a: Slowking|brn
|move|p1a: Slowking|Trick Room|p1a: Slowking
|-fieldstart|move: Trick Room|[of] p1a: Slowking
|
|-weather|SunnyDay|[upkeep]
|-damage|p1a: Slowking|94/100 brn|[from] brn
|upkeep
|turn|2
|l| scorpion257
|
|t:|1776133732
|switch|p2a: Kingambit|Kingambit, M|100/100
|-item|p2a: Kingambit|Air Balloon
|-prepare|p1a: Slowking|Chilly Reception|[premajor]
|move|p1a: Slowking|Chilly Reception|p1a: Slowking
|-weather|Snowscape
|
|t:|1776133740
|switch|p1a: Glastrier|Glastrier|100/100|[from] Chilly Reception
|
|-weather|Snowscape|[upkeep]
|upkeep
|turn|3
|
|t:|1776133744
|move|p1a: Glastrier|Close Combat|p2a: Kingambit
|-supereffective|p2a: Kingambit
|-damage|p2a: Kingambit|0 fnt
|-unboost|p1a: Glastrier|def|1
|-unboost|p1a: Glastrier|spd|1
|-enditem|p2a: Kingambit|Air Balloon
|faint|p2a: Kingambit
|-end|p2a: Kingambit|fallenundefined|[silent]
|-ability|p1a: Glastrier|Chilling Neigh|boost
|-boost|p1a: Glastrier|atk|1
|
|-weather|Snowscape|[upkeep]
|upkeep
|
|t:|1776133748
|switch|p2a: Great Tusk|Great Tusk|100/100
|turn|4
|
|t:|1776133753
|-terastallize|p2a: Great Tusk|Water
|move|p1a: Glastrier|Icicle Crash|p2a: Great Tusk
|-resisted|p2a: Great Tusk
|-damage|p2a: Great Tusk|76/100
|move|p2a: Great Tusk|Close Combat|p1a: Glastrier
|-supereffective|p1a: Glastrier
|-damage|p1a: Glastrier|12/100
|-unboost|p2a: Great Tusk|def|1
|-unboost|p2a: Great Tusk|spd|1
|
|-weather|Snowscape|[upkeep]
|upkeep
|turn|5
|
|t:|1776133763
|move|p1a: Glastrier|Icicle Crash|p2a: Great Tusk
|-resisted|p2a: Great Tusk
|-damage|p2a: Great Tusk|35/100
|move|p2a: Great Tusk|Headlong Rush|p1a: Glastrier
|-damage|p1a: Glastrier|0 fnt
|-unboost|p2a: Great Tusk|def|1
|-unboost|p2a: Great Tusk|spd|1
|faint|p1a: Glastrier
|
|-weather|Snowscape|[upkeep]
|-fieldend|move: Trick Room
|upkeep
|j| habixia
|
|t:|1776133775
|switch|p1a: Hatterene|Hatterene, F|100/100
|turn|6
|
|t:|1776133783
|move|p2a: Great Tusk|Headlong Rush|p1a: Hatterene
|-damage|p1a: Hatterene|34/100
|-unboost|p2a: Great Tusk|def|1
|-unboost|p2a: Great Tusk|spd|1
|move|p1a: Hatterene|Dazzling Gleam|p2a: Great Tusk
|-damage|p2a: Great Tusk|0 fnt
|faint|p2a: Great Tusk
|-end|p2a: Great Tusk|Protosynthesis|[silent]
|
|-weather|none
|-heal|p1a: Hatterene|39/100|[from] item: Leftovers
|upkeep
|
|t:|1776133787
|switch|p2a: Ninetales|Ninetales, M|100/100
|-weather|SunnyDay|[from] ability: Drought|[of] p2a: Ninetales
|turn|7
|
|t:|1776133797
|move|p2a: Ninetales|Weather Ball|p1a: Hatterene
|-damage|p1a: Hatterene|4/100
|move|p1a: Hatterene|Trick Room|p1a: Hatterene
|-fieldstart|move: Trick Room|[of] p1a: Hatterene
|
|-weather|SunnyDay|[upkeep]
|-heal|p1a: Hatterene|10/100|[from] item: Leftovers
|upkeep
|turn|8
|
|t:|1776133806
|move|p1a: Hatterene|Healing Wish|p1a: Hatterene
|faint|p1a: Hatterene
|move|p2a: Ninetales|Weather Ball|p1: Hatterene|[notarget]
|-fail|p2a: Ninetales
|
|-weather|SunnyDay|[upkeep]
|upkeep
|
|t:|1776133809
|switch|p1a: Ursaluna|Ursaluna, M|100/100
|turn|9
|
|t:|1776133817
|move|p1a: Ursaluna|Headlong Rush|p2a: Ninetales
|-supereffective|p2a: Ninetales
|-damage|p2a: Ninetales|0 fnt
|-unboost|p1a: Ursaluna|def|1
|-unboost|p1a: Ursaluna|spd|1
|faint|p2a: Ninetales
|
|-weather|SunnyDay|[upkeep]
|-status|p1a: Ursaluna|brn|[from] item: Flame Orb
|upkeep
|
|t:|1776133826
|switch|p2a: Venusaur|Venusaur, M|100/100
|turn|10
|
|t:|1776133834
|move|p1a: Ursaluna|Ice Punch|p2a: Venusaur
|-supereffective|p2a: Venusaur
|-damage|p2a: Venusaur|0 fnt
|faint|p2a: Venusaur
|
|-weather|SunnyDay|[upkeep]
|-damage|p1a: Ursaluna|94/100 brn|[from] brn
|upkeep
|
|t:|1776133837
|switch|p2a: Walking Wake|Walking Wake|100/100
|-activate|p2a: Walking Wake|ability: Protosynthesis
|-start|p2a: Walking Wake|protosynthesisspe
|turn|11
|j| Theworldhasseen
|
|t:|1776133842
|move|p1a: Ursaluna|Facade|p2a: Walking Wake
|-damage|p2a: Walking Wake|0 fnt
|faint|p2a: Walking Wake
|-end|p2a: Walking Wake|Protosynthesis|[silent]
|
|-weather|SunnyDay|[upkeep]
|-damage|p1a: Ursaluna|88/100 brn|[from] brn
|-fieldend|move: Trick Room
|upkeep
|
|t:|1776133846
|switch|p2a: Raging Bolt|Raging Bolt|100/100
|-item|p2a: Raging Bolt|Air Balloon
|-activate|p2a: Raging Bolt|ability: Protosynthesis
|-start|p2a: Raging Bolt|protosynthesisspa
|turn|12
|
|t:|1776133851
|move|p2a: Raging Bolt|Dragon Pulse|p1a: Ursaluna
|-damage|p1a: Ursaluna|0 fnt
|faint|p1a: Ursaluna
|
|-weather|SunnyDay|[upkeep]
|upkeep
|
|t:|1776133858
|switch|p1a: Slowking|Slowking-Galar, M|100/100 brn
|-heal|p1a: Slowking|100/100|[from] move: Healing Wish
|turn|13
|
|t:|1776133874
|move|p2a: Raging Bolt|Calm Mind|p2a: Raging Bolt
|-boost|p2a: Raging Bolt|spa|1
|-boost|p2a: Raging Bolt|spd|1
|move|p1a: Slowking|Trick Room|p1a: Slowking
|-fieldstart|move: Trick Room|[of] p1a: Slowking
|
|-weather|SunnyDay|[upkeep]
|upkeep
|turn|14
|
|t:|1776133877
|-prepare|p1a: Slowking|Chilly Reception|[premajor]
|move|p1a: Slowking|Chilly Reception|p1a: Slowking
|-weather|Snowscape
|-end|p2a: Raging Bolt|Protosynthesis
|
|t:|1776133879
|switch|p1a: Chandelure|Chandelure, M, shiny|100/100|[from] Chilly Reception
|-enditem|p1a: Chandelure|Room Service
|-unboost|p1a: Chandelure|spe|1|[from] item: Room Service
|move|p2a: Raging Bolt|Calm Mind|p2a: Raging Bolt
|-boost|p2a: Raging Bolt|spa|1
|-boost|p2a: Raging Bolt|spd|1
|
|-weather|Snowscape|[upkeep]
|upkeep
|turn|15
|
|t:|1776133885
|-terastallize|p1a: Chandelure|Ghost
|move|p2a: Raging Bolt|Thunderclap|p1a: Chandelure
|-damage|p1a: Chandelure|7/100
|move|p1a: Chandelure|Shadow Ball|p2a: Raging Bolt
|-damage|p2a: Raging Bolt|71/100
|-enditem|p2a: Raging Bolt|Air Balloon
|
|-weather|Snowscape|[upkeep]
|upkeep
|turn|16
|
|t:|1776133890
|move|p1a: Chandelure|Curse|p2a: Raging Bolt
|-start|p2a: Raging Bolt|Curse|[of] p1a: Chandelure
|-damage|p1a: Chandelure|0 fnt
|faint|p1a: Chandelure
|move|p2a: Raging Bolt|Thunderbolt|p1: Chandelure|[notarget]
|-fail|p2a: Raging Bolt
|
|-weather|Snowscape|[upkeep]
|-damage|p2a: Raging Bolt|46/100|[from] Curse
|upkeep
|
|t:|1776133893
|switch|p1a: Slowking|Slowking-Galar, M|100/100
|turn|17
|
|t:|1776133902
|switch|p1a: Tentacruel|Tentacruel, M|100/100
|move|p2a: Raging Bolt|Thunderbolt|p1a: Tentacruel
|-supereffective|p1a: Tentacruel
|-damage|p1a: Tentacruel|0 fnt
|faint|p1a: Tentacruel
|
|-weather|Snowscape|[upkeep]
|-damage|p2a: Raging Bolt|21/100|[from] Curse
|-fieldend|move: Trick Room
|upkeep
|
|t:|1776133905
|switch|p1a: Slowking|Slowking-Galar, M|100/100
|turn|18
|
|t:|1776133911
|move|p2a: Raging Bolt|Thunderbolt|p1a: Slowking
|-damage|p1a: Slowking|8/100
|move|p1a: Slowking|Psychic Noise|p2a: Raging Bolt
|-damage|p2a: Raging Bolt|3/100
|-start|p2a: Raging Bolt|move: Heal Block
|
|-weather|none
|-damage|p2a: Raging Bolt|0 fnt|[from] Curse
|faint|p2a: Raging Bolt
|-end|p2a: Raging Bolt|Protosynthesis|[silent]
|
|win|Daacebandit
|raw|Daacebandit's rating: 1199 &rarr; <strong>1225</strong><br />(+26 for winning)
|raw|Beef! Lo! MEIN!!!'s rating: 1208 &rarr; <strong>1182</strong><br />(-26 for losing)
|c|☆Beef! Lo! MEIN!!!|gg
|l| Theworldhasseen
|c|☆Daacebandit|gg
|l|☆Beef! Lo! MEIN!!!
|player|p2|
