|html|<div class="broadcast-blue"><strong>[Gen 9] OU is currently suspecting Tera Blast! For information on how to participate check out the <a href="https://www.smogon.com/tools/suspects/view/200">suspect thread</a>.</strong></div>
|j|☆shortsleeveamerica
|j|☆ramoncombats95
|t:|1776201368
|gametype|singles
|player|p1|shortsleeveamerica|dancer|1196
|player|p2|ramoncombats95|benga|1228
|gen|9
|tier|[Gen 9] OU
|rated|
|rule|HP Percentage Mod: HP is shown in percentages
|rule|Endless Battle Clause: Forcing endless battles is banned
|rule|Species Clause: Limit one of each Pokémon
|rule|OHKO Clause: OHKO moves are banned
|rule|Evasion Items Clause: Evasion items are banned
|rule|Evasion Moves Clause: Evasion moves are banned
|rule|Evasion Abilities Clause: Evasion abilities are banned
|rule|Sleep Moves Clause: Sleep-inducing moves are banned
|clearpoke
|poke|p1|Slowking-Galar, F|
|poke|p1|Tornadus-Therian, M|
|poke|p1|Cinderace, M|
|poke|p1|Lokix, M|
|poke|p1|Hydrapple, M|
|poke|p1|Great Tusk|
|poke|p2|Milotic, M|
|poke|p2|Lokix, M|
|poke|p2|Gliscor, F|
|poke|p2|Corviknight, F|
|poke|p2|Eelektross, F|
|poke|p2|Mienshao, M|
|teampreview
|inactive|Battle timer is ON: inactive players will automatically lose when time's up. (requested by shortsleeveamerica)
|
|t:|1776201393
|teamsize|p1|6
|teamsize|p2|6
|start
|switch|p1a: Cinderace|Cinderace, M|100/100
|switch|p2a: Gliscor|Gliscor, F, shiny|100/100
|turn|1
|
|t:|1776201404
|move|p2a: Gliscor|Protect|p2a: Gliscor
|-singleturn|p2a: Gliscor|Protect
|move|p1a: Cinderace|U-turn|p2a: Gliscor
|-activate|p2a: Gliscor|move: Protect
|
|-status|p2a: Gliscor|tox|[from] item: Toxic Orb
|upkeep
|turn|2
|
|t:|1776201412
|move|p1a: Cinderace|U-turn|p2a: Gliscor
|-resisted|p2a: Gliscor
|-damage|p2a: Gliscor|94/100 tox
|
|t:|1776201414
|switch|p1a: Great Tusk|Great Tusk|100/100|[from] U-turn
|move|p2a: Gliscor|Stealth Rock|p1a: Great Tusk
|-sidestart|p1: shortsleeveamerica|move: Stealth Rock
|
|-heal|p2a: Gliscor|100/100 tox|[from] ability: Poison Heal
|upkeep
|turn|3
|
|t:|1776201420
|move|p1a: Great Tusk|Ice Spinner|p2a: Gliscor
|-supereffective|p2a: Gliscor
|-damage|p2a: Gliscor|35/100 tox
|move|p2a: Gliscor|Toxic|p1a: Great Tusk
|-status|p1a: Great Tusk|tox
|
|-damage|p1a: Great Tusk|94/100 tox|[from] psn
|-heal|p2a: Gliscor|47/100 tox|[from] ability: Poison Heal
|upkeep
|turn|4
|
|t:|1776201424
|move|p2a: Gliscor|Protect|p2a: Gliscor
|-singleturn|p2a: Gliscor|Protect
|move|p1a: Great Tusk|Ice Spinner|p2a: Gliscor
|-activate|p2a: Gliscor|move: Protect
|
|-damage|p1a: Great Tusk|82/100 tox|[from] psn
|-heal|p2a: Gliscor|60/100 tox|[from] ability: Poison Heal
|upkeep
|turn|5
|
|t:|1776201434
|move|p2a: Gliscor|Protect||[still]
|-fail|p2a: Gliscor
|move|p1a: Great Tusk|Ice Spinner|p2a: Gliscor
|-supereffective|p2a: Gliscor
|-damage|p2a: Gliscor|0 fnt
|faint|p2a: Gliscor
|
|-damage|p1a: Great Tusk|63/100 tox|[from] psn
|upkeep
|c|☆shortsleeveamerica|you could just
|c|☆shortsleeveamerica|switch
|
|t:|1776201450
|switch|p2a: Mienshao|Mienshao, M, shiny|100/100
|turn|6
|
|t:|1776201454
|-end|p1a: Great Tusk|Protosynthesis|[silent]
|switch|p1a: Slowking|Slowking-Galar, F|100/100
|-damage|p1a: Slowking|88/100|[from] Stealth Rock
|move|p2a: Mienshao|Triple Axel|p1a: Slowking
|-crit|p1a: Slowking
|-damage|p1a: Slowking|80/100
|-damage|p1a: Slowking|69/100
|-crit|p1a: Slowking
|-damage|p1a: Slowking|43/100
|-hitcount|p1a: Slowking|3
|
|upkeep
|turn|7
|c|☆shortsleeveamerica|damn
|c|☆shortsleeveamerica|that sucks
|inactive|shortsleeveamerica has 120 seconds left.
|
|t:|1776201487
|switch|p2a: Milotic|Milotic, M, shiny|100/100
|move|p1a: Slowking|Psychic Noise|p2a: Milotic
|-damage|p2a: Milotic|83/100
|-start|p2a: Milotic|move: Heal Block
|
|upkeep
|turn|8
|
|t:|1776201515
|move|p2a: Milotic|Scald|p1a: Slowking
|-damage|p1a: Slowking|16/100
|-status|p1a: Slowking|brn
|-prepare|p1a: Slowking|Chilly Reception|[premajor]
|move|p1a: Slowking|Chilly Reception|p1a: Slowking
|-weather|Snowscape
|
|t:|1776201522
|switch|p1a: Hydrapple|Hydrapple, M|100/100|[from] Chilly Reception
|-damage|p1a: Hydrapple|88/100|[from] Stealth Rock
|
|-weather|Snowscape|[upkeep]
|-end|p2a: Milotic|move: Heal Block
|upkeep
|turn|9
|
|t:|1776201532
|move|p2a: Milotic|Ice Beam|p1a: Hydrapple
|-supereffective|p1a: Hydrapple
|-damage|p1a: Hydrapple|0 fnt
|faint|p1a: Hydrapple
|
|-weather|Snowscape|[upkeep]
|-heal|p2a: Milotic|89/100|[from] item: Leftovers
|upkeep
|
|t:|1776201549
|switch|p1a: Tornadus|Tornadus-Therian, M|100/100
|-damage|p1a: Tornadus|76/100|[from] Stealth Rock
|turn|10
|
|t:|1776201553
|move|p1a: Tornadus|Bleakwind Storm|p2a: Milotic
|-damage|p2a: Milotic|64/100
|move|p2a: Milotic|Ice Beam|p1a: Tornadus
|-supereffective|p1a: Tornadus
|-crit|p1a: Tornadus
|-damage|p1a: Tornadus|29/100
|
|-weather|Snowscape|[upkeep]
|-heal|p2a: Milotic|70/100|[from] item: Leftovers
|upkeep
|turn|11
|c|☆shortsleeveamerica|can you
|c|☆shortsleeveamerica|stop landing crits
|
|t:|1776201560
|move|p1a: Tornadus|U-turn|p2a: Milotic
|-damage|p2a: Milotic|52/100
|
|t:|1776201562
|switch|p1a: Lokix|Lokix, M|100/100|[from] U-turn
|-damage|p1a: Lokix|76/100|[from] Stealth Rock
|move|p2a: Milotic|Ice Beam|p1a: Lokix
|-damage|p1a: Lokix|28/100
|
|-weather|Snowscape|[upkeep]
|-heal|p2a: Milotic|59/100|[from] item: Leftovers
|upkeep
|turn|12
|
|t:|1776201565
|switch|p2a: Corviknight|Corviknight, F, shiny|100/100
|move|p1a: Lokix|First Impression|p2a: Corviknight
|-resisted|p2a: Corviknight
|-damage|p2a: Corviknight|81/100
|-damage|p1a: Lokix|11/100|[from] item: Rocky Helmet|[of] p2a: Corviknight
|
|-weather|none
|upkeep
|turn|13
|
|t:|1776201570
|move|p1a: Lokix|First Impression||[still]
|-hint|First Impression only works on your first turn out.
|-fail|p1a: Lokix
|move|p2a: Corviknight|Iron Head|p1a: Lokix
|-damage|p1a: Lokix|0 fnt
|faint|p1a: Lokix
|
|upkeep
|
|t:|1776201571
|switch|p1a: Cinderace|Cinderace, M|100/100
|turn|14
|
|t:|1776201586
|switch|p2a: Milotic|Milotic, M, shiny|59/100
|move|p1a: Cinderace|Pyro Ball|p2a: Milotic
|-resisted|p2a: Milotic
|-damage|p2a: Milotic|33/100
|
|-heal|p2a: Milotic|39/100|[from] item: Leftovers
|upkeep
|turn|15
|
|t:|1776201589
|move|p1a: Cinderace|U-turn|p2a: Milotic
|-damage|p2a: Milotic|16/100
|
|t:|1776201591
|switch|p1a: Slowking|Slowking-Galar, F|49/100 brn|[from] U-turn
|-damage|p1a: Slowking|37/100 brn|[from] Stealth Rock
|move|p2a: Milotic|Recover|p2a: Milotic
|-heal|p2a: Milotic|66/100
|
|-heal|p2a: Milotic|72/100|[from] item: Leftovers
|-damage|p1a: Slowking|31/100 brn|[from] brn
|upkeep
|turn|16
|
|t:|1776201596
|move|p2a: Milotic|Scald|p1a: Slowking
|-damage|p1a: Slowking|2/100 brn
|move|p1a: Slowking|Toxic|p2a: Milotic
|-status|p2a: Milotic|tox
|
|-heal|p2a: Milotic|78/100 tox|[from] item: Leftovers
|-damage|p2a: Milotic|72/100 tox|[from] psn
|-damage|p1a: Slowking|0 fnt|[from] brn
|faint|p1a: Slowking
|upkeep
|
|t:|1776201600
|switch|p1a: Tornadus|Tornadus-Therian, M|62/100
|-damage|p1a: Tornadus|37/100|[from] Stealth Rock
|turn|17
|
|t:|1776201603
|move|p1a: Tornadus|U-turn|p2a: Milotic
|-damage|p2a: Milotic|57/100 tox
|
|t:|1776201604
|switch|p1a: Great Tusk|Great Tusk|63/100 tox|[from] U-turn
|-damage|p1a: Great Tusk|60/100 tox|[from] Stealth Rock
|move|p2a: Milotic|Ice Beam|p1a: Great Tusk
|-supereffective|p1a: Great Tusk
|-damage|p1a: Great Tusk|0 fnt
|faint|p1a: Great Tusk
|-end|p1a: Great Tusk|Protosynthesis|[silent]
|
|-heal|p2a: Milotic|63/100 tox|[from] item: Leftovers
|-damage|p2a: Milotic|50/100 tox|[from] psn
|upkeep
|
|t:|1776201607
|switch|p1a: Tornadus|Tornadus-Therian, M|71/100
|-damage|p1a: Tornadus|46/100|[from] Stealth Rock
|turn|18
|c|☆shortsleeveamerica|its just like fr crazy that im gonna end up losing this game lmao
|
|t:|1776201627
|move|p1a: Tornadus|Knock Off|p2a: Milotic
|-damage|p2a: Milotic|29/100 tox
|-enditem|p2a: Milotic|Leftovers|[from] move: Knock Off|[of] p1a: Tornadus
|move|p2a: Milotic|Ice Beam|p1a: Tornadus
|-supereffective|p1a: Tornadus
|-damage|p1a: Tornadus|17/100
|-status|p1a: Tornadus|frz
|
|-damage|p2a: Milotic|11/100 tox|[from] psn
|upkeep
|turn|19
|c|☆shortsleeveamerica|brother
|c|☆shortsleeveamerica|brother
|c|☆shortsleeveamerica|did you have to though
|
|t:|1776201635
|cant|p1a: Tornadus|frz
|move|p2a: Milotic|Recover|p2a: Milotic
|-heal|p2a: Milotic|61/100 tox
|
|-damage|p2a: Milotic|36/100 tox|[from] psn
|upkeep
|turn|20
|c|☆shortsleeveamerica|like was that one necessary though
|
|t:|1776201643
|cant|p1a: Tornadus|frz
|move|p2a: Milotic|Ice Beam|p1a: Tornadus
|-supereffective|p1a: Tornadus
|-damage|p1a: Tornadus|0 fnt
|faint|p1a: Tornadus
|
|-damage|p2a: Milotic|5/100 tox|[from] psn
|upkeep
|
|t:|1776201644
|switch|p1a: Cinderace|Cinderace, M|100/100
|turn|21
|
|t:|1776201648
|move|p1a: Cinderace|Pyro Ball|p2a: Milotic
|-resisted|p2a: Milotic
|-damage|p2a: Milotic|0 fnt
|faint|p2a: Milotic
|
|upkeep
|inactive|ramoncombats95 has 120 seconds left.
|
|t:|1776201684
|switch|p2a: Mienshao|Mienshao, M, shiny|100/100
|turn|22
|
|t:|1776201697
|-terastallize|p1a: Cinderace|Ghost
|move|p2a: Mienshao|Close Combat|p1a: Cinderace
|-immune|p1a: Cinderace
|move|p1a: Cinderace|Pyro Ball|p2a: Mienshao
|-damage|p2a: Mienshao|13/100
|
|upkeep
|turn|23
|
|t:|1776201702
|switch|p2a: Corviknight|Corviknight, F, shiny|81/100
|move|p1a: Cinderace|Pyro Ball|p2a: Corviknight
|-supereffective|p2a: Corviknight
|-damage|p2a: Corviknight|19/100
|
|upkeep
|turn|24
|
|t:|1776201704
|move|p1a: Cinderace|Pyro Ball|p2a: Corviknight
|-supereffective|p2a: Corviknight
|-damage|p2a: Corviknight|0 fnt
|faint|p2a: Corviknight
|
|upkeep
|
|t:|1776201706
|switch|p2a: Eelektross|Eelektross, F, shiny|100/100
|turn|25
|
|t:|1776201708
|move|p1a: Cinderace|Pyro Ball|p2a: Eelektross|[miss]
|-miss|p1a: Cinderace|p2a: Eelektross
|move|p2a: Eelektross|Volt Switch|p1a: Cinderace
|-damage|p1a: Cinderace|42/100
|
|t:|1776201712
|switch|p2a: Lokix|Lokix, M, shiny|100/100|[from] Volt Switch
|
|upkeep
|turn|26
|c|☆shortsleeveamerica|this pokemon sucks bro lock in cinderace
|
|t:|1776201717
|-terastallize|p2a: Lokix|Bug
|move|p2a: Lokix|First Impression|p1a: Cinderace
|-resisted|p1a: Cinderace
|-damage|p1a: Cinderace|0 fnt
|faint|p1a: Cinderace
|-damage|p2a: Lokix|91/100|[from] item: Life Orb
|
|win|ramoncombats95
|raw|shortsleeveamerica's rating: 1196 &rarr; <strong>1175</strong><br />(-21 for losing)
|raw|ramoncombats95's rating: 1249 &rarr; <strong>1270</strong><br />(+21 for winning)
|c|☆shortsleeveamerica|holy shit man
|c|☆shortsleeveamerica|what the hell was that gamew
|l|☆ramoncombats95
|player|p2|
