|html|<div class="broadcast-blue"><strong>[Gen 9] OU is currently suspecting Tera Blast! For information on how to participate check out the <a href="https://www.smogon.com/tools/suspects/view/200">suspect thread</a>.</strong></div>
|j|☆vanllesco
|j|☆darcel77
|t:|1776268458
|gametype|singles
|player|p1|vanllesco|hilbert|1320
|player|p2|darcel77|102|1370
|gen|9
|tier|[Gen 9] OU
|rated|
|rule|HP Percentage Mod: HP is shown in percentages
|rule|Endless Battle Clause: Forcing endless battles is banned
|rule|Species Clause: Limit one of each Pokémon
|rule|OHKO Clause: OHKO moves are banned
|rule|Evasion Items Clause: Evasion items are banned
|rule|Evasion Moves Clause: Evasion moves are banned
|rule|Evasion Abilities Clause: Evasion abilities are banned
|rule|Sleep Moves Clause: Sleep-inducing moves are banned
|clearpoke
|poke|p1|Samurott-Hisui, M|
|poke|p1|Corviknight, M|
|poke|p1|Hatterene, F|
|poke|p1|Umbreon, F|
|poke|p1|Toxtricity-Low-Key, M|
|poke|p1|Garchomp, M|
|poke|p2|Galvantula, M|
|poke|p2|Iron Moth|
|poke|p2|Iron Valiant|
|poke|p2|Iron Crown|
|poke|p2|Iron Thorns|
|poke|p2|Great Tusk|
|teampreview
|
|t:|1776268470
|teamsize|p1|6
|teamsize|p2|6
|start
|switch|p1a: My name is mud|Toxtricity-Low-Key, M|100/100
|switch|p2a: Galvantula|Galvantula, M, shiny|100/100
|turn|1
|
|t:|1776268481
|switch|p1a: Doe Deer|Hatterene, F|100/100
|move|p2a: Galvantula|Sticky Web|p1a: Doe Deer
|move|p1a: Doe Deer|Sticky Web|p2a: Galvantula|[from] ability: Magic Bounce
|-sidestart|p2: darcel77|move: Sticky Web
|
|upkeep
|turn|2
|
|t:|1776268522
|switch|p1a: Zachill|Garchomp, M|100/100
|move|p2a: Galvantula|Thunder|p1a: Zachill
|-immune|p1a: Zachill
|
|upkeep
|turn|3
|
|t:|1776268533
|move|p1a: Zachill|Swords Dance|p1a: Zachill
|-boost|p1a: Zachill|atk|2
|move|p2a: Galvantula|Giga Drain|p1a: Zachill
|-damage|p1a: Zachill|75/100
|
|upkeep
|turn|4
|
|t:|1776268540
|move|p1a: Zachill|Earthquake|p2a: Galvantula
|-enditem|p2a: Galvantula|Focus Sash
|-damage|p2a: Galvantula|1/100
|move|p2a: Galvantula|Sticky Web|p1a: Zachill
|-sidestart|p1: vanllesco|move: Sticky Web
|
|upkeep
|turn|5
|
|t:|1776268554
|move|p1a: Zachill|Scale Shot|p2a: Galvantula
|-damage|p2a: Galvantula|0 fnt
|faint|p2a: Galvantula
|-hitcount|p2: Galvantula|1
|-unboost|p1a: Zachill|def|1
|-boost|p1a: Zachill|spe|1
|
|upkeep
|
|t:|1776268575
|switch|p2a: Great Tusk|Great Tusk, shiny|100/100
|-activate|p2a: Great Tusk|move: Sticky Web
|-unboost|p2a: Great Tusk|spe|1
|-enditem|p2a: Great Tusk|Booster Energy
|-activate|p2a: Great Tusk|ability: Protosynthesis|[fromitem]
|-start|p2a: Great Tusk|protosynthesisatk
|turn|6
|
|t:|1776268585
|switch|p1a: BIRD|Corviknight, M|100/100
|move|p2a: Great Tusk|Rapid Spin|p1a: BIRD
|-resisted|p1a: BIRD
|-crit|p1a: BIRD
|-damage|p1a: BIRD|89/100
|-boost|p2a: Great Tusk|spe|1
|-damage|p2a: Great Tusk|84/100|[from] item: Rocky Helmet|[of] p1a: BIRD
|-sideend|p2: darcel77|Sticky Web|[from] move: Rapid Spin|[of] p2a: Great Tusk
|
|upkeep
|turn|7
|
|t:|1776268604
|move|p2a: Great Tusk|Close Combat|p1a: BIRD
|-damage|p1a: BIRD|41/100
|-unboost|p2a: Great Tusk|def|1
|-unboost|p2a: Great Tusk|spd|1
|-damage|p2a: Great Tusk|67/100|[from] item: Rocky Helmet|[of] p1a: BIRD
|move|p1a: BIRD|Defog|p2a: Great Tusk
|-unboost|p2a: Great Tusk|evasion|1
|-sideend|p1: vanllesco|Sticky Web|[from] move: Defog|[of] p1a: BIRD
|
|upkeep
|turn|8
|
|t:|1776268626
|switch|p1a: Doe Deer|Hatterene, F|100/100
|move|p2a: Great Tusk|Rapid Spin|p1a: Doe Deer
|-damage|p1a: Doe Deer|80/100
|-boost|p2a: Great Tusk|spe|1
|
|upkeep
|turn|9
|inactive|Battle timer is ON: inactive players will automatically lose when time's up. (requested by vanllesco)
|
|t:|1776268637
|move|p2a: Great Tusk|Ice Spinner|p1a: Doe Deer
|-damage|p1a: Doe Deer|48/100
|move|p1a: Doe Deer|Draining Kiss|p2a: Great Tusk
|-supereffective|p2a: Great Tusk
|-damage|p2a: Great Tusk|0 fnt
|-heal|p1a: Doe Deer|100/100|[from] drain|[of] p2a: Great Tusk
|faint|p2a: Great Tusk
|-end|p2a: Great Tusk|Protosynthesis|[silent]
|
|upkeep
|
|t:|1776268645
|switch|p2a: Iron Moth|Iron Moth, shiny|100/100
|-enditem|p2a: Iron Moth|Booster Energy
|-activate|p2a: Iron Moth|ability: Quark Drive|[fromitem]
|-start|p2a: Iron Moth|quarkdrivespe
|turn|10
|
|t:|1776268654
|switch|p1a: Morin|Umbreon, F, shiny|100/100
|move|p2a: Iron Moth|Fiery Dance|p1a: Morin
|-damage|p1a: Morin|75/100
|-boost|p2a: Iron Moth|spa|1
|
|-heal|p1a: Morin|81/100|[from] item: Leftovers
|upkeep
|turn|11
|
|t:|1776268668
|move|p2a: Iron Moth|Sludge Wave|p1a: Morin
|-damage|p1a: Morin|35/100
|move|p1a: Morin|Thunder Wave|p2a: Iron Moth
|-status|p2a: Iron Moth|par
|
|-heal|p1a: Morin|41/100|[from] item: Leftovers
|upkeep
|turn|12
|
|t:|1776268679
|cant|p2a: Iron Moth|par
|move|p1a: Morin|Wish|p1a: Morin
|
|-heal|p1a: Morin|47/100|[from] item: Leftovers
|upkeep
|turn|13
|
|t:|1776268687
|move|p1a: Morin|Protect|p1a: Morin
|-singleturn|p1a: Morin|Protect
|cant|p2a: Iron Moth|par
|
|-heal|p1a: Morin|97/100|[from] move: Wish|[wisher] Morin
|-heal|p1a: Morin|100/100|[from] item: Leftovers
|upkeep
|turn|14
|
|t:|1776268695
|switch|p1a: Zachill|Garchomp, M|75/100
|move|p2a: Iron Moth|Fiery Dance|p1a: Zachill
|-resisted|p1a: Zachill
|-damage|p1a: Zachill|41/100
|
|upkeep
|turn|15
|
|t:|1776268705
|move|p1a: Zachill|Earthquake|p2a: Iron Moth
|-supereffective|p2a: Iron Moth
|-damage|p2a: Iron Moth|0 fnt
|faint|p2a: Iron Moth
|-end|p2a: Iron Moth|Quark Drive|[silent]
|
|upkeep
|inactive|darcel77 has 120 seconds left.
|
|t:|1776268736
|switch|p2a: Iron Valiant|Iron Valiant, shiny|100/100
|-enditem|p2a: Iron Valiant|Booster Energy
|-activate|p2a: Iron Valiant|ability: Quark Drive|[fromitem]
|-start|p2a: Iron Valiant|quarkdrivespe
|turn|16
|inactive|darcel77 has 120 seconds left.
|
|t:|1776268744
|switch|p1a: BIRD|Corviknight, M|41/100
|move|p2a: Iron Valiant|Calm Mind|p2a: Iron Valiant
|-boost|p2a: Iron Valiant|spa|1
|-boost|p2a: Iron Valiant|spd|1
|
|upkeep
|turn|17
|
|t:|1776268749
|move|p2a: Iron Valiant|Thunderbolt|p1a: BIRD
|-supereffective|p1a: BIRD
|-damage|p1a: BIRD|0 fnt
|faint|p1a: BIRD
|
|upkeep
|
|t:|1776268755
|switch|p1a: My name is mud|Toxtricity-Low-Key, M|100/100
|turn|18
|
|t:|1776268773
|move|p2a: Iron Valiant|Focus Blast|p1a: My name is mud
|-resisted|p1a: My name is mud
|-damage|p1a: My name is mud|34/100
|move|p1a: My name is mud|Sludge Wave|p2a: Iron Valiant
|-supereffective|p2a: Iron Valiant
|-damage|p2a: Iron Valiant|0 fnt
|faint|p2a: Iron Valiant
|-end|p2a: Iron Valiant|Quark Drive|[silent]
|
|upkeep
|inactive|darcel77 has 120 seconds left.
|
|t:|1776268787
|switch|p2a: Iron Thorns|Iron Thorns, shiny|100/100
|-enditem|p2a: Iron Thorns|Booster Energy
|-activate|p2a: Iron Thorns|ability: Quark Drive|[fromitem]
|-start|p2a: Iron Thorns|quarkdriveatk
|turn|19
|inactive|darcel77 has 120 seconds left.
|
|t:|1776268806
|switch|p1a: Morin|Umbreon, F, shiny|100/100
|move|p2a: Iron Thorns|Dragon Dance|p2a: Iron Thorns
|-boost|p2a: Iron Thorns|atk|1
|-boost|p2a: Iron Thorns|spe|1
|
|upkeep
|turn|20
|inactive|darcel77 has 120 seconds left.
|
|t:|1776268817
|move|p2a: Iron Thorns|Supercell Slam|p1a: Morin
|-damage|p1a: Morin|33/100
|move|p1a: Morin|Foul Play|p2a: Iron Thorns
|-damage|p2a: Iron Thorns|26/100
|
|-heal|p1a: Morin|39/100|[from] item: Leftovers
|upkeep
|turn|21
|inactive|darcel77 has 120 seconds left.
|
|t:|1776268839
|switch|p1a: Zachill|Garchomp, M|41/100
|move|p2a: Iron Thorns|Ice Punch|p1a: Zachill
|-supereffective|p1a: Zachill
|-damage|p1a: Zachill|0 fnt
|-damage|p2a: Iron Thorns|13/100|[from] ability: Rough Skin|[of] p1a: Zachill
|faint|p1a: Zachill
|
|upkeep
|
|t:|1776268849
|switch|p1a: MC Ride|Samurott-Hisui, M|100/100
|turn|22
|
|t:|1776268854
|move|p2a: Iron Thorns|Supercell Slam|p1a: MC Ride
|-supereffective|p1a: MC Ride
|-damage|p1a: MC Ride|0 fnt
|faint|p1a: MC Ride
|
|upkeep
|
|t:|1776268858
|switch|p1a: My name is mud|Toxtricity-Low-Key, M|34/100
|turn|23
|
|t:|1776268866
|move|p2a: Iron Thorns|Earthquake|p1a: My name is mud
|-supereffective|p1a: My name is mud
|-damage|p1a: My name is mud|0 fnt
|faint|p1a: My name is mud
|
|upkeep
|
|t:|1776268870
|switch|p1a: Doe Deer|Hatterene, F|100/100
|turn|24
|
|t:|1776268876
|move|p2a: Iron Thorns|Supercell Slam|p1a: Doe Deer
|-damage|p1a: Doe Deer|13/100
|move|p1a: Doe Deer|Giga Drain|p2a: Iron Thorns
|-supereffective|p2a: Iron Thorns
|-damage|p2a: Iron Thorns|0 fnt
|-heal|p1a: Doe Deer|20/100|[from] drain|[of] p2a: Iron Thorns
|faint|p2a: Iron Thorns
|-end|p2a: Iron Thorns|Quark Drive|[silent]
|
|upkeep
|
|t:|1776268882
|switch|p2a: Iron Crown|Iron Crown|100/100
|-enditem|p2a: Iron Crown|Booster Energy
|-activate|p2a: Iron Crown|ability: Quark Drive|[fromitem]
|-start|p2a: Iron Crown|quarkdrivespe
|turn|25
|
|t:|1776268890
|-terastallize|p1a: Doe Deer|Water
|move|p2a: Iron Crown|Calm Mind|p2a: Iron Crown
|-boost|p2a: Iron Crown|spa|1
|-boost|p2a: Iron Crown|spd|1
|move|p1a: Doe Deer|Mystical Fire|p2a: Iron Crown
|-supereffective|p2a: Iron Crown
|-damage|p2a: Iron Crown|73/100
|-unboost|p2a: Iron Crown|spa|1
|
|upkeep
|turn|26
|
|t:|1776268906
|-terastallize|p2a: Iron Crown|Flying
|move|p2a: Iron Crown|Air Slash|p1a: Doe Deer
|-damage|p1a: Doe Deer|0 fnt
|faint|p1a: Doe Deer
|
|upkeep
|-message|vanllesco forfeited.
|
|win|darcel77
|raw|vanllesco's rating: 1320 &rarr; <strong>1303</strong><br />(-17 for losing)
|raw|darcel77's rating: 1370 &rarr; <strong>1387</strong><br />(+17 for winning)
|l|☆vanllesco
|player|p1|
