|html|<div class="broadcast-blue"><strong>[Gen 9] OU is currently suspecting Tera Blast! For information on how to participate check out the <a href="https://www.smogon.com/tools/suspects/view/200">suspect thread</a>.</strong></div>
|j|☆Yitfino
|j|☆mouu887
|t:|1776046423
|gametype|singles
|player|p1|Yitfino|byron|1072
|player|p2|mouu887|1|1065
|gen|9
|tier|[Gen 9] OU
|rated|
|rule|HP Percentage Mod: HP is shown in percentages
|rule|Endless Battle Clause: Forcing endless battles is banned
|rule|Species Clause: Limit one of each Pokémon
|rule|OHKO Clause: OHKO moves are banned
|rule|Evasion Items Clause: Evasion items are banned
|rule|Evasion Moves Clause: Evasion moves are banned
|rule|Evasion Abilities Clause: Evasion abilities are banned
|rule|Sleep Moves Clause: Sleep-inducing moves are banned
|clearpoke
|poke|p1|Lucario, M|
|poke|p1|Regirock|
|poke|p1|Kilowattrel, M|
|poke|p1|Chandelure, M|
|poke|p1|Florges-Blue, F|
|poke|p1|Inteleon, F|
|poke|p2|Latias, F|
|poke|p2|Conkeldurr, F|
|poke|p2|Espeon, F|
|poke|p2|Excadrill, F|
|poke|p2|Torterra, F|
|poke|p2|Cinderace, M|
|teampreview
|
|t:|1776046427
|teamsize|p1|6
|teamsize|p2|6
|start
|switch|p1a: Kilowattrel|Kilowattrel, M|100/100
|switch|p2a: Espeon|Espeon, F|100/100
|turn|1
|
|t:|1776046433
|move|p1a: Kilowattrel|Tailwind|p1a: Kilowattrel
|-sidestart|p1: Yitfino|move: Tailwind
|-start|p1a: Kilowattrel|Charge|Tailwind|[from] ability: Wind Power
|move|p2a: Espeon|Calm Mind|p2a: Espeon
|-boost|p2a: Espeon|spa|1
|-boost|p2a: Espeon|spd|1
|
|upkeep
|turn|2
|
|t:|1776046440
|move|p1a: Kilowattrel|Electro Ball|p2a: Espeon
|-damage|p2a: Espeon|37/100
|-end|p1a: Kilowattrel|Charge|[silent]
|move|p2a: Espeon|Calm Mind|p2a: Espeon
|-boost|p2a: Espeon|spa|1
|-boost|p2a: Espeon|spd|1
|
|upkeep
|turn|3
|
|t:|1776046451
|move|p2a: Espeon|Protect|p2a: Espeon
|-singleturn|p2a: Espeon|Protect
|move|p1a: Kilowattrel|Electro Ball|p2a: Espeon
|-activate|p2a: Espeon|move: Protect
|
|upkeep
|turn|4
|
|t:|1776046458
|move|p1a: Kilowattrel|Electro Ball|p2a: Espeon
|-damage|p2a: Espeon|12/100
|-enditem|p2a: Espeon|Salac Berry|[eat]
|-boost|p2a: Espeon|spe|1|[from] item: Salac Berry
|move|p2a: Espeon|Stored Power|p1a: Kilowattrel
|-damage|p1a: Kilowattrel|0 fnt
|faint|p1a: Kilowattrel
|
|-sideend|p1: Yitfino|move: Tailwind
|upkeep
|
|t:|1776046466
|switch|p1a: Karmo|Lucario, M|100/100
|turn|5
|
|t:|1776046470
|move|p2a: Espeon|Protect|p2a: Espeon
|-singleturn|p2a: Espeon|Protect
|move|p1a: Karmo|Swords Dance|p1a: Karmo
|-boost|p1a: Karmo|atk|2
|
|upkeep
|turn|6
|
|t:|1776046476
|move|p2a: Espeon|Stored Power|p1a: Karmo
|-enditem|p1a: Karmo|Focus Sash
|-damage|p1a: Karmo|1/100
|move|p1a: Karmo|Swords Dance|p1a: Karmo
|-boost|p1a: Karmo|atk|2
|
|upkeep
|turn|7
|
|t:|1776046485
|move|p2a: Espeon|Protect|p2a: Espeon
|-singleturn|p2a: Espeon|Protect
|move|p1a: Karmo|Extreme Speed|p2a: Espeon
|-activate|p2a: Espeon|move: Protect
|
|upkeep
|turn|8
|
|t:|1776046492
|move|p1a: Karmo|Extreme Speed|p2a: Espeon
|-damage|p2a: Espeon|0 fnt
|faint|p2a: Espeon
|
|upkeep
|
|t:|1776046504
|switch|p2a: Conkeldurr|Conkeldurr, F|100/100
|turn|9
|
|t:|1776046508
|move|p1a: Karmo|Extreme Speed|p2a: Conkeldurr
|-damage|p2a: Conkeldurr|28/100
|move|p2a: Conkeldurr|Mach Punch|p1a: Karmo
|-supereffective|p1a: Karmo
|-damage|p1a: Karmo|0 fnt
|faint|p1a: Karmo
|
|upkeep
|
|t:|1776046522
|switch|p1a: Pablo Vitar|Inteleon, F|100/100
|turn|10
|
|t:|1776046527
|move|p2a: Conkeldurr|Mach Punch|p1a: Pablo Vitar
|-damage|p1a: Pablo Vitar|62/100
|move|p1a: Pablo Vitar|Snipe Shot|p2a: Conkeldurr
|-crit|p2a: Conkeldurr
|-damage|p2a: Conkeldurr|0 fnt
|faint|p2a: Conkeldurr
|
|upkeep
|
|t:|1776046540
|switch|p2a: Torterra|Torterra, F|100/100
|turn|11
|
|t:|1776046543
|move|p1a: Pablo Vitar|Ice Beam|p2a: Torterra
|-supereffective|p2a: Torterra
|-damage|p2a: Torterra|0 fnt
|faint|p2a: Torterra
|
|upkeep
|
|t:|1776046548
|switch|p2a: Latias|Latias, F|100/100
|turn|12
|
|t:|1776046552
|-terastallize|p2a: Latias|Dark
|move|p1a: Pablo Vitar|Snipe Shot|p2a: Latias
|-crit|p2a: Latias
|-damage|p2a: Latias|18/100
|move|p2a: Latias|Psychic|p1a: Pablo Vitar
|-damage|p1a: Pablo Vitar|0 fnt
|faint|p1a: Pablo Vitar
|
|upkeep
|
|t:|1776046562
|switch|p1a: Dona Florinda|Florges-Blue, F, shiny|100/100
|turn|13
|
|t:|1776046571
|move|p2a: Latias|Psychic|p1a: Dona Florinda
|-crit|p1a: Dona Florinda
|-damage|p1a: Dona Florinda|60/100
|-unboost|p1a: Dona Florinda|spd|1
|move|p1a: Dona Florinda|Calm Mind|p1a: Dona Florinda
|-boost|p1a: Dona Florinda|spa|1
|-boost|p1a: Dona Florinda|spd|1
|
|upkeep
|turn|14
|
|t:|1776046580
|move|p2a: Latias|Recover|p2a: Latias
|-heal|p2a: Latias|69/100
|move|p1a: Dona Florinda|Calm Mind|p1a: Dona Florinda
|-boost|p1a: Dona Florinda|spa|1
|-boost|p1a: Dona Florinda|spd|1
|
|upkeep
|turn|15
|
|t:|1776046587
|move|p2a: Latias|Recover|p2a: Latias
|-heal|p2a: Latias|100/100
|move|p1a: Dona Florinda|Calm Mind|p1a: Dona Florinda
|-boost|p1a: Dona Florinda|spa|1
|-boost|p1a: Dona Florinda|spd|1
|
|upkeep
|turn|16
|
|t:|1776046593
|move|p2a: Latias|Psychic|p1a: Dona Florinda
|-damage|p1a: Dona Florinda|45/100
|-enditem|p1a: Dona Florinda|Sitrus Berry|[eat]
|-heal|p1a: Dona Florinda|70/100|[from] item: Sitrus Berry
|move|p1a: Dona Florinda|Giga Drain|p2a: Latias
|-damage|p2a: Latias|42/100
|-heal|p1a: Dona Florinda|94/100|[from] drain|[of] p2a: Latias
|
|upkeep
|turn|17
|
|t:|1776046601
|move|p2a: Latias|Recover|p2a: Latias
|-heal|p2a: Latias|92/100
|move|p1a: Dona Florinda|Calm Mind|p1a: Dona Florinda
|-boost|p1a: Dona Florinda|spa|1
|-boost|p1a: Dona Florinda|spd|1
|
|upkeep
|turn|18
|
|t:|1776046608
|move|p2a: Latias|Psychic|p1a: Dona Florinda
|-damage|p1a: Dona Florinda|83/100
|move|p1a: Dona Florinda|Giga Drain|p2a: Latias
|-damage|p2a: Latias|20/100
|-heal|p1a: Dona Florinda|100/100|[from] drain|[of] p2a: Latias
|
|upkeep
|turn|19
|
|t:|1776046615
|move|p2a: Latias|Recover|p2a: Latias
|-heal|p2a: Latias|70/100
|move|p1a: Dona Florinda|Calm Mind|p1a: Dona Florinda
|-boost|p1a: Dona Florinda|spa|1
|-boost|p1a: Dona Florinda|spd|1
|
|upkeep
|turn|20
|
|t:|1776046621
|move|p2a: Latias|Psychic|p1a: Dona Florinda
|-damage|p1a: Dona Florinda|91/100
|move|p1a: Dona Florinda|Moonblast|p2a: Latias
|-supereffective|p2a: Latias
|-damage|p2a: Latias|0 fnt
|faint|p2a: Latias
|
|upkeep
|
|t:|1776046630
|switch|p2a: Cinderace|Cinderace, M|100/100
|turn|21
|
|t:|1776046638
|-terastallize|p1a: Dona Florinda|Water
|move|p2a: Cinderace|Pyro Ball|p1a: Dona Florinda|[miss]
|-miss|p2a: Cinderace|p1a: Dona Florinda
|move|p1a: Dona Florinda|Moonblast|p2a: Cinderace
|-resisted|p2a: Cinderace
|-damage|p2a: Cinderace|0 fnt
|faint|p2a: Cinderace
|
|upkeep
|-message|mouu887 forfeited.
|
|win|Yitfino
|raw|Yitfino's rating: 1072 &rarr; <strong>1101</strong><br />(+29 for winning)
|raw|mouu887's rating: 1065 &rarr; <strong>1046</strong><br />(-19 for losing)
|l|☆mouu887
|player|p2|
|l|☆Yitfino
|player|p1|
