|html|<div class="broadcast-blue"><strong>[Gen 9] OU is currently suspecting Tera Blast! For information on how to participate check out the <a href="https://www.smogon.com/tools/suspects/view/200">suspect thread</a>.</strong></div>
|j|☆user795680
|j|☆BIGBODY55
|t:|1776266062
|gametype|singles
|player|p1|user795680|lucas|1118
|player|p2|BIGBODY55|bea|1113
|gen|9
|tier|[Gen 9] OU
|rated|
|rule|HP Percentage Mod: HP is shown in percentages
|rule|Endless Battle Clause: Forcing endless battles is banned
|rule|Species Clause: Limit one of each Pokémon
|rule|OHKO Clause: OHKO moves are banned
|rule|Evasion Items Clause: Evasion items are banned
|rule|Evasion Moves Clause: Evasion moves are banned
|rule|Evasion Abilities Clause: Evasion abilities are banned
|rule|Sleep Moves Clause: Sleep-inducing moves are banned
|clearpoke
|poke|p1|Kommo-o, M|
|poke|p1|Excadrill, M|
|poke|p1|Samurott-Hisui, M|
|poke|p1|Magmortar, M|
|poke|p1|Meowscarada, F|
|poke|p1|Zoroark-Hisui, F|
|poke|p2|Lycanroc, F|
|poke|p2|Arcanine, F|
|poke|p2|Jolteon, M|
|poke|p2|Mabosstiff, F|
|poke|p2|Houndstone, F|
|poke|p2|Dachsbun, F|
|teampreview
|inactive|Battle timer is ON: inactive players will automatically lose when time's up. (requested by BIGBODY55)
|
|t:|1776266082
|teamsize|p1|6
|teamsize|p2|6
|start
|switch|p1a: Kommo-o|Kommo-o, M|100/100
|switch|p2a: Mabosstiff|Mabosstiff, F, shiny|100/100
|turn|1
|
|t:|1776266095
|move|p2a: Mabosstiff|Crunch|p1a: Kommo-o
|-resisted|p1a: Kommo-o
|-crit|p1a: Kommo-o
|-damage|p1a: Kommo-o|77/100
|-unboost|p1a: Kommo-o|def|1
|move|p1a: Kommo-o|Clangorous Soul|p1a: Kommo-o
|-boost|p1a: Kommo-o|atk|1
|-boost|p1a: Kommo-o|def|1
|-boost|p1a: Kommo-o|spa|1
|-boost|p1a: Kommo-o|spd|1
|-boost|p1a: Kommo-o|spe|1
|-damage|p1a: Kommo-o|44/100
|
|-heal|p1a: Kommo-o|50/100|[from] item: Leftovers
|upkeep
|turn|2
|
|t:|1776266108
|switch|p2a: Dachsbun|Dachsbun, F, shiny|100/100
|move|p1a: Kommo-o|Drain Punch|p2a: Dachsbun
|-resisted|p2a: Dachsbun
|-damage|p2a: Dachsbun|80/100
|-heal|p1a: Kommo-o|60/100|[from] drain|[of] p2a: Dachsbun
|
|-heal|p1a: Kommo-o|66/100|[from] item: Leftovers
|-heal|p2a: Dachsbun|86/100|[from] item: Leftovers
|upkeep
|turn|3
|
|t:|1776266119
|switch|p2a: Mabosstiff|Mabosstiff, F, shiny|100/100
|-terastallize|p1a: Kommo-o|Normal
|move|p1a: Kommo-o|Boomburst|p2a: Mabosstiff
|-crit|p2a: Mabosstiff
|-damage|p2a: Mabosstiff|0 fnt
|faint|p2a: Mabosstiff
|
|-heal|p1a: Kommo-o|72/100|[from] item: Leftovers
|upkeep
|
|t:|1776266130
|switch|p2a: Lycanroc|Lycanroc, F, shiny|100/100
|turn|4
|
|t:|1776266133
|move|p1a: Kommo-o|Drain Punch|p2a: Lycanroc
|-supereffective|p2a: Lycanroc
|-enditem|p2a: Lycanroc|Focus Sash
|-damage|p2a: Lycanroc|1/100
|-heal|p1a: Kommo-o|100/100|[from] drain|[of] p2a: Lycanroc
|move|p2a: Lycanroc|Close Combat|p1a: Kommo-o
|-supereffective|p1a: Kommo-o
|-damage|p1a: Kommo-o|43/100
|-unboost|p2a: Lycanroc|def|1
|-unboost|p2a: Lycanroc|spd|1
|
|-heal|p1a: Kommo-o|49/100|[from] item: Leftovers
|upkeep
|turn|5
|
|t:|1776266146
|move|p2a: Lycanroc|Accelerock|p1a: Kommo-o
|-damage|p1a: Kommo-o|34/100
|move|p1a: Kommo-o|Drain Punch|p2a: Lycanroc
|-supereffective|p2a: Lycanroc
|-damage|p2a: Lycanroc|0 fnt
|-heal|p1a: Kommo-o|34/100|[from] drain|[of] p2a: Lycanroc
|faint|p2a: Lycanroc
|
|-heal|p1a: Kommo-o|40/100|[from] item: Leftovers
|upkeep
|
|t:|1776266162
|switch|p2a: Houndstone|Houndstone, F|100/100
|turn|6
|
|t:|1776266170
|move|p1a: Kommo-o|Dragon Pulse|p2a: Houndstone
|-damage|p2a: Houndstone|56/100
|move|p2a: Houndstone|Roar|p1a: Kommo-o
|drag|p1a: Meowscarada|Meowscarada, F|100/100
|
|upkeep
|turn|7
|
|t:|1776266179
|switch|p2a: Arcanine|Arcanine, F|100/100
|-ability|p2a: Arcanine|Intimidate|boost
|-unboost|p1a: Meowscarada|atk|1
|move|p1a: Meowscarada|Knock Off|p2a: Arcanine
|-start|p1a: Meowscarada|typechange|Dark|[from] ability: Protean
|-damage|p2a: Arcanine|70/100
|-enditem|p2a: Arcanine|Heavy-Duty Boots|[from] move: Knock Off|[of] p1a: Meowscarada
|
|upkeep
|turn|8
|
|t:|1776266196
|switch|p1a: Samurott|Samurott-Hisui, M|100/100
|move|p2a: Arcanine|Curse|p2a: Arcanine
|-unboost|p2a: Arcanine|spe|1
|-boost|p2a: Arcanine|atk|1
|-boost|p2a: Arcanine|def|1
|
|upkeep
|turn|9
|
|t:|1776266225
|move|p1a: Samurott|Razor Shell|p2a: Arcanine
|-supereffective|p2a: Arcanine
|-damage|p2a: Arcanine|28/100
|-unboost|p2a: Arcanine|def|1
|move|p2a: Arcanine|Curse|p2a: Arcanine
|-unboost|p2a: Arcanine|spe|1
|-boost|p2a: Arcanine|atk|1
|-boost|p2a: Arcanine|def|1
|
|upkeep
|turn|10
|
|t:|1776266237
|move|p2a: Arcanine|Extreme Speed|p1a: Samurott
|-damage|p1a: Samurott|30/100
|move|p1a: Samurott|Razor Shell|p2a: Arcanine
|-supereffective|p2a: Arcanine
|-damage|p2a: Arcanine|0 fnt
|faint|p2a: Arcanine
|
|-heal|p1a: Samurott|36/100|[from] item: Leftovers
|upkeep
|
|t:|1776266240
|switch|p2a: Jolteon|Jolteon, M|100/100
|turn|11
|
|t:|1776266252
|switch|p1a: Excadrill|Excadrill, M|100/100
|-ability|p1a: Excadrill|Mold Breaker
|move|p2a: Jolteon|Shadow Ball|p1a: Excadrill
|-damage|p1a: Excadrill|57/100
|
|-heal|p1a: Excadrill|63/100|[from] item: Leftovers
|upkeep
|turn|12
|
|t:|1776266262
|-terastallize|p2a: Jolteon|Flying
|move|p2a: Jolteon|Shadow Ball|p1a: Excadrill
|-damage|p1a: Excadrill|24/100
|move|p1a: Excadrill|Earthquake|p2a: Jolteon
|-immune|p2a: Jolteon
|
|-heal|p1a: Excadrill|30/100|[from] item: Leftovers
|upkeep
|turn|13
|
|t:|1776266272
|switch|p2a: Dachsbun|Dachsbun, F, shiny|86/100
|move|p1a: Excadrill|Iron Head|p2a: Dachsbun
|-supereffective|p2a: Dachsbun
|-damage|p2a: Dachsbun|20/100
|
|-heal|p1a: Excadrill|37/100|[from] item: Leftovers
|-heal|p2a: Dachsbun|26/100|[from] item: Leftovers
|upkeep
|turn|14
|
|t:|1776266283
|switch|p2a: Houndstone|Houndstone, F|56/100
|move|p1a: Excadrill|Rapid Spin|p2a: Houndstone
|-immune|p2a: Houndstone
|
|-heal|p1a: Excadrill|43/100|[from] item: Leftovers
|upkeep
|turn|15
|
|t:|1776266294
|switch|p2a: Jolteon|Jolteon, M, tera:Flying|100/100
|move|p1a: Excadrill|Earthquake|p2a: Jolteon
|-immune|p2a: Jolteon
|
|-heal|p1a: Excadrill|49/100|[from] item: Leftovers
|upkeep
|turn|16
|
|t:|1776266302
|move|p2a: Jolteon|Shadow Ball|p1a: Excadrill
|-damage|p1a: Excadrill|4/100
|-unboost|p1a: Excadrill|spd|1
|move|p1a: Excadrill|Iron Head|p2a: Jolteon
|-damage|p2a: Jolteon|33/100
|
|-heal|p1a: Excadrill|10/100|[from] item: Leftovers
|upkeep
|turn|17
|
|t:|1776266310
|switch|p2a: Houndstone|Houndstone, F|56/100
|move|p1a: Excadrill|Iron Head|p2a: Houndstone
|-damage|p2a: Houndstone|30/100
|-damage|p1a: Excadrill|0 fnt|[from] item: Rocky Helmet|[of] p2a: Houndstone
|faint|p1a: Excadrill
|
|upkeep
|
|t:|1776266320
|switch|p1a: Kommo-o|Kommo-o, M|100/100
|-start|p1a: Kommo-o|typechange|Normal|[silent]
|turn|18
|
|t:|1776266327
|move|p1a: Kommo-o|Bitter Malice|p2a: Houndstone
|-supereffective|p2a: Houndstone
|-crit|p2a: Houndstone
|-damage|p2a: Houndstone|0 fnt
|faint|p2a: Houndstone
|
|upkeep
|
|t:|1776266332
|switch|p2a: Jolteon|Jolteon, M, tera:Flying|33/100
|turn|19
|
|t:|1776266342
|move|p2a: Jolteon|Thunderbolt|p1a: Kommo-o
|-damage|p1a: Kommo-o|0 fnt
|replace|p1a: Zoroark|Zoroark-Hisui, F
|-end|p1a: Zoroark|Illusion
|faint|p1a: Zoroark
|
|upkeep
|
|t:|1776266354
|switch|p1a: Magmortar|Magmortar, M|100/100
|turn|20
|
|t:|1776266358
|move|p2a: Jolteon|Thunderbolt|p1a: Magmortar
|-damage|p1a: Magmortar|31/100
|-status|p1a: Magmortar|par
|move|p1a: Magmortar|Thunderbolt|p2a: Jolteon
|-heal|p2a: Jolteon|58/100|[from] ability: Volt Absorb|[of] p1a: Magmortar
|
|-heal|p1a: Magmortar|37/100 par|[from] item: Leftovers
|upkeep
|turn|21
|
|t:|1776266368
|move|p2a: Jolteon|Thunderbolt|p1a: Magmortar
|-damage|p1a: Magmortar|0 fnt
|faint|p1a: Magmortar
|
|upkeep
|
|t:|1776266375
|switch|p1a: Meowscarada|Meowscarada, F|100/100
|turn|22
|
|t:|1776266381
|switch|p2a: Dachsbun|Dachsbun, F, shiny|26/100
|move|p1a: Meowscarada|Acrobatics|p2a: Dachsbun
|-start|p1a: Meowscarada|typechange|Flying|[from] ability: Protean
|-damage|p2a: Dachsbun|4/100
|
|-heal|p2a: Dachsbun|10/100|[from] item: Leftovers
|upkeep
|turn|23
|
|t:|1776266394
|move|p2a: Dachsbun|Protect|p2a: Dachsbun
|-singleturn|p2a: Dachsbun|Protect
|move|p1a: Meowscarada|Acrobatics|p2a: Dachsbun
|-activate|p2a: Dachsbun|move: Protect
|
|-heal|p2a: Dachsbun|16/100|[from] item: Leftovers
|upkeep
|turn|24
|
|t:|1776266402
|move|p2a: Dachsbun|Protect||[still]
|-fail|p2a: Dachsbun
|move|p1a: Meowscarada|Acrobatics|p2a: Dachsbun
|-damage|p2a: Dachsbun|0 fnt
|faint|p2a: Dachsbun
|
|upkeep
|
|t:|1776266403
|switch|p2a: Jolteon|Jolteon, M, tera:Flying|58/100
|turn|25
|c|☆BIGBODY55|Gg
|
|t:|1776266417
|move|p2a: Jolteon|Thunderbolt|p1a: Meowscarada
|-supereffective|p1a: Meowscarada
|-damage|p1a: Meowscarada|0 fnt
|faint|p1a: Meowscarada
|
|upkeep
|
|t:|1776266422
|switch|p1a: Kommo-o|Kommo-o, M, tera:Normal|40/100
|turn|26
|
|t:|1776266427
|move|p2a: Jolteon|Thunderbolt|p1a: Kommo-o
|-damage|p1a: Kommo-o|0 fnt
|faint|p1a: Kommo-o
|
|upkeep
|c|☆user795680|GG
|
|t:|1776266435
|switch|p1a: Samurott|Samurott-Hisui, M|36/100
|turn|27
|
|t:|1776266438
|move|p2a: Jolteon|Thunderbolt|p1a: Samurott
|-supereffective|p1a: Samurott
|-damage|p1a: Samurott|0 fnt
|faint|p1a: Samurott
|
|win|BIGBODY55
|raw|user795680's rating: 1118 &rarr; <strong>1093</strong><br />(-25 for losing)
|raw|BIGBODY55's rating: 1113 &rarr; <strong>1138</strong><br />(+25 for winning)
|c|☆BIGBODY55|Wp
|l|☆BIGBODY55
|player|p2|
