|html|<div class="broadcast-blue"><strong>[Gen 9] OU is currently suspecting Tera Blast! For information on how to participate check out the <a href="https://www.smogon.com/tools/suspects/view/200">suspect thread</a>.</strong></div>
|j|☆tejeros43
|j|☆The ZU Wanderer
|t:|1776053273
|gametype|singles
|player|p1|tejeros43|170|1209
|player|p2|The ZU Wanderer|roughneck|1232
|gen|9
|tier|[Gen 9] OU
|rated|
|rule|HP Percentage Mod: HP is shown in percentages
|rule|Endless Battle Clause: Forcing endless battles is banned
|rule|Species Clause: Limit one of each Pokémon
|rule|OHKO Clause: OHKO moves are banned
|rule|Evasion Items Clause: Evasion items are banned
|rule|Evasion Moves Clause: Evasion moves are banned
|rule|Evasion Abilities Clause: Evasion abilities are banned
|rule|Sleep Moves Clause: Sleep-inducing moves are banned
|clearpoke
|poke|p1|Hatterene, F|
|poke|p1|Conkeldurr, M|
|poke|p1|Great Tusk|
|poke|p1|Greninja-*, M|
|poke|p1|Corviknight, F|
|poke|p1|Ceruledge, F|
|poke|p2|Komala, F|
|poke|p2|Zebstrika, M|
|poke|p2|Mesprit|
|poke|p2|Spiritomb, F|
|poke|p2|Poliwrath, M|
|poke|p2|Sandaconda, F|
|teampreview
|inactive|Battle timer is ON: inactive players will automatically lose when time's up. (requested by The ZU Wanderer)
|
|t:|1776053287
|teamsize|p1|6
|teamsize|p2|6
|start
|switch|p1a: Hatterene|Hatterene, F|100/100
|switch|p2a: Spiritomb|Spiritomb, F, shiny|100/100
|turn|1
|
|t:|1776053297
|switch|p2a: Komala|Komala, F, shiny|100/100
|-ability|p2a: Komala|Comatose
|move|p1a: Hatterene|Trick Room|p1a: Hatterene
|-fieldstart|move: Trick Room|[of] p1a: Hatterene
|
|upkeep
|turn|2
|
|t:|1776053307
|move|p1a: Hatterene|Psychic Noise|p2a: Komala
|-damage|p2a: Komala|69/100
|-start|p2a: Komala|move: Heal Block
|move|p2a: Komala|Knock Off|p1a: Hatterene
|-damage|p1a: Hatterene|66/100
|-enditem|p1a: Hatterene|Focus Sash|[from] move: Knock Off|[of] p2a: Komala
|
|upkeep
|turn|3
|
|t:|1776053321
|move|p1a: Hatterene|Dazzling Gleam|p2a: Komala
|-damage|p2a: Komala|35/100
|move|p2a: Komala|Earthquake|p1a: Hatterene
|-damage|p1a: Hatterene|26/100
|
|-end|p2a: Komala|move: Heal Block
|upkeep
|turn|4
|
|t:|1776053334
|move|p1a: Hatterene|Dazzling Gleam|p2a: Komala
|-damage|p2a: Komala|0 fnt
|faint|p2a: Komala
|
|upkeep
|
|t:|1776053342
|switch|p2a: Sandaconda|Sandaconda, F, shiny|100/100
|turn|5
|
|t:|1776053347
|move|p1a: Hatterene|Dazzling Gleam|p2a: Sandaconda
|-damage|p2a: Sandaconda|55/100
|move|p2a: Sandaconda|Coil|p2a: Sandaconda
|-boost|p2a: Sandaconda|atk|1
|-boost|p2a: Sandaconda|def|1
|-boost|p2a: Sandaconda|accuracy|1
|
|-fieldend|move: Trick Room
|upkeep
|turn|6
|
|t:|1776053358
|move|p2a: Sandaconda|Earthquake|p1a: Hatterene
|-damage|p1a: Hatterene|0 fnt
|faint|p1a: Hatterene
|
|upkeep
|
|t:|1776053364
|switch|p1a: Corviknight|Corviknight, F|100/100
|-ability|p1a: Corviknight|Pressure
|turn|7
|inactive|tejeros43 has 120 seconds left.
|
|t:|1776053395
|move|p2a: Sandaconda|Coil|p2a: Sandaconda
|-boost|p2a: Sandaconda|atk|1
|-boost|p2a: Sandaconda|def|1
|-boost|p2a: Sandaconda|accuracy|1
|move|p1a: Corviknight|Brave Bird|p2a: Sandaconda
|-damage|p2a: Sandaconda|39/100
|-damage|p1a: Corviknight|96/100|[from] Recoil
|
|upkeep
|turn|8
|inactive|tejeros43 has 120 seconds left.
|inactive|tejeros43 has 90 seconds left.
|
|t:|1776053441
|move|p2a: Sandaconda|Rest|p2a: Sandaconda
|-status|p2a: Sandaconda|slp|[from] move: Rest
|-heal|p2a: Sandaconda|100/100 slp|[silent]
|move|p1a: Corviknight|Brave Bird|p2a: Sandaconda
|-damage|p2a: Sandaconda|87/100 slp
|-damage|p1a: Corviknight|92/100|[from] Recoil
|
|-activate|p2a: Sandaconda|ability: Shed Skin
|-curestatus|p2a: Sandaconda|slp|[msg]
|upkeep
|turn|9
|inactive|tejeros43 has 90 seconds left.
|
|t:|1776053453
|move|p2a: Sandaconda|Coil|p2a: Sandaconda
|-boost|p2a: Sandaconda|atk|1
|-boost|p2a: Sandaconda|def|1
|-boost|p2a: Sandaconda|accuracy|1
|move|p1a: Corviknight|U-turn|p2a: Sandaconda
|-damage|p2a: Sandaconda|82/100
|
|t:|1776053460
|switch|p1a: Greninja|Greninja, M|100/100|[from] U-turn
|
|upkeep
|turn|10
|inactive|tejeros43 has 90 seconds left.
|
|t:|1776053476
|-terastallize|p2a: Sandaconda|Water
|move|p1a: Greninja|Hydro Pump|p2a: Sandaconda
|-resisted|p2a: Sandaconda
|-damage|p2a: Sandaconda|52/100
|move|p2a: Sandaconda|Earthquake|p1a: Greninja
|-damage|p1a: Greninja|0 fnt
|faint|p1a: Greninja
|
|upkeep
|inactive|tejeros43 has 60 seconds left.
|
|t:|1776053524
|switch|p1a: Great Tusk|Great Tusk|100/100
|-enditem|p1a: Great Tusk|Booster Energy
|-activate|p1a: Great Tusk|ability: Protosynthesis|[fromitem]
|-start|p1a: Great Tusk|protosynthesisspe
|turn|11
|
|t:|1776053536
|move|p1a: Great Tusk|Bulk Up|p1a: Great Tusk
|-boost|p1a: Great Tusk|atk|1
|-boost|p1a: Great Tusk|def|1
|move|p2a: Sandaconda|Rest|p2a: Sandaconda
|-status|p2a: Sandaconda|slp|[from] move: Rest
|-heal|p2a: Sandaconda|100/100 slp|[silent]
|
|-activate|p2a: Sandaconda|ability: Shed Skin
|-curestatus|p2a: Sandaconda|slp|[msg]
|upkeep
|turn|12
|
|t:|1776053548
|move|p1a: Great Tusk|Bulk Up|p1a: Great Tusk
|-boost|p1a: Great Tusk|atk|1
|-boost|p1a: Great Tusk|def|1
|move|p2a: Sandaconda|Coil|p2a: Sandaconda
|-boost|p2a: Sandaconda|atk|1
|-boost|p2a: Sandaconda|def|1
|-boost|p2a: Sandaconda|accuracy|1
|
|upkeep
|turn|13
|
|t:|1776053561
|move|p1a: Great Tusk|Bulk Up|p1a: Great Tusk
|-boost|p1a: Great Tusk|atk|1
|-boost|p1a: Great Tusk|def|1
|move|p2a: Sandaconda|Earthquake|p1a: Great Tusk
|-damage|p1a: Great Tusk|73/100
|
|upkeep
|turn|14
|
|t:|1776053568
|move|p1a: Great Tusk|Headlong Rush|p2a: Sandaconda
|-damage|p2a: Sandaconda|66/100
|-unboost|p1a: Great Tusk|def|1
|-unboost|p1a: Great Tusk|spd|1
|move|p2a: Sandaconda|Coil|p2a: Sandaconda
|-boost|p2a: Sandaconda|atk|1
|-boost|p2a: Sandaconda|def|1
|-boost|p2a: Sandaconda|accuracy|1
|
|upkeep
|turn|15
|
|t:|1776053578
|move|p1a: Great Tusk|Bulk Up|p1a: Great Tusk
|-boost|p1a: Great Tusk|atk|1
|-boost|p1a: Great Tusk|def|1
|move|p2a: Sandaconda|Earthquake|p1a: Great Tusk
|-damage|p1a: Great Tusk|44/100
|
|upkeep
|turn|16
|
|t:|1776053587
|move|p1a: Great Tusk|Bulk Up|p1a: Great Tusk
|-boost|p1a: Great Tusk|atk|1
|-boost|p1a: Great Tusk|def|1
|move|p2a: Sandaconda|Earthquake|p1a: Great Tusk
|-damage|p1a: Great Tusk|18/100
|
|upkeep
|turn|17
|
|t:|1776053595
|move|p1a: Great Tusk|Headlong Rush|p2a: Sandaconda
|-damage|p2a: Sandaconda|24/100
|-unboost|p1a: Great Tusk|def|1
|-unboost|p1a: Great Tusk|spd|1
|move|p2a: Sandaconda|Earthquake|p1a: Great Tusk
|-damage|p1a: Great Tusk|0 fnt
|faint|p1a: Great Tusk
|-end|p1a: Great Tusk|Protosynthesis|[silent]
|
|upkeep
|
|t:|1776053612
|switch|p1a: Ceruledge|Ceruledge, F|100/100
|turn|18
|
|t:|1776053621
|move|p1a: Ceruledge|Poltergeist|p2a: Sandaconda
|-activate|p2a: Sandaconda|move: Poltergeist|Covert Cloak
|-damage|p2a: Sandaconda|6/100
|-damage|p1a: Ceruledge|91/100|[from] item: Life Orb
|move|p2a: Sandaconda|Rock Blast|p1a: Ceruledge
|-supereffective|p1a: Ceruledge
|-damage|p1a: Ceruledge|26/100
|-ability|p1a: Ceruledge|Weak Armor|boost
|-unboost|p1a: Ceruledge|def|1
|-boost|p1a: Ceruledge|spe|2
|-supereffective|p1a: Ceruledge
|-damage|p1a: Ceruledge|0 fnt
|faint|p1a: Ceruledge
|-hitcount|p1: Ceruledge|2
|
|upkeep
|
|t:|1776053635
|switch|p1a: Corviknight|Corviknight, F|92/100
|-ability|p1a: Corviknight|Pressure
|turn|19
|
|t:|1776053642
|move|p2a: Sandaconda|Rest|p2a: Sandaconda
|-status|p2a: Sandaconda|slp|[from] move: Rest
|-heal|p2a: Sandaconda|100/100 slp|[silent]
|move|p1a: Corviknight|Brave Bird|p2a: Sandaconda
|-damage|p2a: Sandaconda|92/100 slp
|-damage|p1a: Corviknight|89/100|[from] Recoil
|
|upkeep
|turn|20
|-message|tejeros43 forfeited.
|
|win|The ZU Wanderer
|raw|tejeros43's rating: 1209 &rarr; <strong>1186</strong><br />(-23 for losing)
|raw|The ZU Wanderer's rating: 1232 &rarr; <strong>1255</strong><br />(+23 for winning)
|l|☆tejeros43
|player|p1|
|l|☆The ZU Wanderer
|player|p2|
