|html|<div class="broadcast-blue"><strong>[Gen 9] OU is currently suspecting Tera Blast! For information on how to participate check out the <a href="https://www.smogon.com/tools/suspects/view/200">suspect thread</a>.</strong></div>
|j|☆frmojifrmoji
|j|☆yueyueshendu
|t:|1776137733
|gametype|singles
|player|p1|frmojifrmoji|gwynn|1445
|player|p2|yueyueshendu|youngcouple|1470
|gen|9
|tier|[Gen 9] OU
|rated|
|rule|HP Percentage Mod: HP is shown in percentages
|rule|Endless Battle Clause: Forcing endless battles is banned
|rule|Species Clause: Limit one of each Pokémon
|rule|OHKO Clause: OHKO moves are banned
|rule|Evasion Items Clause: Evasion items are banned
|rule|Evasion Moves Clause: Evasion moves are banned
|rule|Evasion Abilities Clause: Evasion abilities are banned
|rule|Sleep Moves Clause: Sleep-inducing moves are banned
|clearpoke
|poke|p1|Slowking-Galar, F|
|poke|p1|Tornadus-Therian, M|
|poke|p1|Cinderace, F|
|poke|p1|Lokix, F|
|poke|p1|Hydrapple, M|
|poke|p1|Great Tusk|
|poke|p2|Ninetales-Alola, F|
|poke|p2|Hoopa-Unbound|
|poke|p2|Gliscor, F|
|poke|p2|Ogerpon-Wellspring, F|
|poke|p2|Great Tusk|
|poke|p2|Iron Moth|
|teampreview
|c|☆frmojifrmoji|hf
|
|t:|1776137770
|teamsize|p1|6
|teamsize|p2|6
|start
|switch|p1a: Slowking|Slowking-Galar, F|100/100
|switch|p2a: Iron Moth|Iron Moth|100/100
|-enditem|p2a: Iron Moth|Booster Energy
|-activate|p2a: Iron Moth|ability: Quark Drive|[fromitem]
|-start|p2a: Iron Moth|quarkdrivespe
|turn|1
|
|t:|1776137789
|-end|p2a: Iron Moth|Quark Drive|[silent]
|switch|p2a: Gliscor|Gliscor, F|100/100
|move|p1a: Slowking|Psychic Noise|p2a: Gliscor
|-damage|p2a: Gliscor|59/100
|-start|p2a: Gliscor|move: Heal Block
|
|-status|p2a: Gliscor|tox|[from] item: Toxic Orb
|upkeep
|turn|2
|
|t:|1776137802
|switch|p2a: Hoopa|Hoopa-Unbound|100/100
|move|p1a: Slowking|Psychic Noise|p2a: Hoopa
|-immune|p2a: Hoopa
|
|upkeep
|turn|3
|
|t:|1776137816
|move|p2a: Hoopa|Hyperspace Fury|p1a: Slowking
|-supereffective|p1a: Slowking
|-enditem|p1a: Slowking|Colbur Berry|[eat]
|-enditem|p1a: Slowking|Colbur Berry|[weaken]
|-damage|p1a: Slowking|25/100
|-unboost|p2a: Hoopa|def|1
|move|p1a: Slowking|Toxic|p2a: Hoopa
|-status|p2a: Hoopa|tox
|
|-damage|p2a: Hoopa|95/100 tox|[from] psn
|upkeep
|turn|4
|
|t:|1776137838
|switch|p1a: Great Tusk|Great Tusk|100/100
|move|p2a: Hoopa|Hyperspace Fury|p1a: Great Tusk
|-resisted|p1a: Great Tusk
|-damage|p1a: Great Tusk|69/100
|-unboost|p2a: Hoopa|def|1
|
|-damage|p2a: Hoopa|83/100 tox|[from] psn
|upkeep
|turn|5
|
|t:|1776137844
|switch|p2a: Ninetales|Ninetales-Alola, F|100/100
|-weather|Snowscape|[from] ability: Snow Warning|[of] p2a: Ninetales
|move|p1a: Great Tusk|Stealth Rock|p2a: Ninetales
|-sidestart|p2: yueyueshendu|move: Stealth Rock
|
|-weather|Snowscape|[upkeep]
|upkeep
|turn|6
|
|t:|1776137853
|switch|p2a: Great Tusk|Great Tusk|100/100
|-damage|p2a: Great Tusk|98/100|[from] Stealth Rock
|-enditem|p2a: Great Tusk|Booster Energy
|-activate|p2a: Great Tusk|ability: Protosynthesis|[fromitem]
|-start|p2a: Great Tusk|protosynthesisspe
|-end|p1a: Great Tusk|Protosynthesis|[silent]
|switch|p1a: Slowking|Slowking-Galar, F|59/100
|
|-weather|Snowscape|[upkeep]
|upkeep
|turn|7
|
|t:|1776137867
|switch|p1a: Tornadus|Tornadus-Therian, M|100/100
|move|p2a: Great Tusk|Headlong Rush|p1a: Tornadus
|-immune|p1a: Tornadus
|
|-weather|Snowscape|[upkeep]
|upkeep
|turn|8
|
|t:|1776137873
|move|p2a: Great Tusk|Rapid Spin|p1a: Tornadus
|-damage|p1a: Tornadus|84/100
|-boost|p2a: Great Tusk|spe|1
|-sideend|p2: yueyueshendu|Stealth Rock|[from] move: Rapid Spin|[of] p2a: Great Tusk
|move|p1a: Tornadus|Bleakwind Storm|p2a: Great Tusk
|-supereffective|p2a: Great Tusk
|-damage|p2a: Great Tusk|6/100
|
|-weather|Snowscape|[upkeep]
|upkeep
|turn|9
|
|t:|1776137880
|move|p2a: Great Tusk|Ice Spinner|p1a: Tornadus
|-supereffective|p1a: Tornadus
|-damage|p1a: Tornadus|34/100
|move|p1a: Tornadus|Heat Wave|p2a: Great Tusk
|-damage|p2a: Great Tusk|0 fnt
|faint|p2a: Great Tusk
|-end|p2a: Great Tusk|Protosynthesis|[silent]
|
|-weather|none
|upkeep
|
|t:|1776137899
|switch|p2a: Iron Moth|Iron Moth|100/100
|turn|10
|
|t:|1776137904
|move|p2a: Iron Moth|Fiery Dance|p1a: Tornadus
|-damage|p1a: Tornadus|12/100
|-boost|p2a: Iron Moth|spa|1
|move|p1a: Tornadus|U-turn|p2a: Iron Moth
|-resisted|p2a: Iron Moth
|-damage|p2a: Iron Moth|95/100
|
|t:|1776137914
|switch|p1a: Slowking|Slowking-Galar, F|92/100|[from] U-turn
|
|upkeep
|turn|11
|
|t:|1776137921
|-end|p2a: Iron Moth|Quark Drive|[silent]
|switch|p2a: Hoopa|Hoopa-Unbound|83/100 tox
|move|p1a: Slowking|Psychic Noise|p2a: Hoopa
|-immune|p2a: Hoopa
|
|-damage|p2a: Hoopa|77/100 tox|[from] psn
|upkeep
|turn|12
|
|t:|1776137927
|switch|p1a: Great Tusk|Great Tusk|69/100
|move|p2a: Hoopa|Zen Headbutt|p1a: Great Tusk
|-supereffective|p1a: Great Tusk
|-damage|p1a: Great Tusk|0 fnt
|-damage|p2a: Hoopa|60/100 tox|[from] item: Rocky Helmet|[of] p1a: Great Tusk
|faint|p1a: Great Tusk
|-end|p1a: Great Tusk|Protosynthesis|[silent]
|
|-damage|p2a: Hoopa|48/100 tox|[from] psn
|upkeep
|
|t:|1776137940
|switch|p1a: Lokix|Lokix, F|100/100
|turn|13
|
|t:|1776137946
|switch|p2a: Iron Moth|Iron Moth|95/100
|move|p1a: Lokix|U-turn|p2a: Iron Moth
|-resisted|p2a: Iron Moth
|-damage|p2a: Iron Moth|53/100
|
|t:|1776137953
|switch|p1a: Slowking|Slowking-Galar, F|100/100|[from] U-turn
|
|upkeep
|turn|14
|
|t:|1776137957
|-end|p2a: Iron Moth|Quark Drive|[silent]
|switch|p2a: Ninetales|Ninetales-Alola, F|100/100
|-weather|Snowscape|[from] ability: Snow Warning|[of] p2a: Ninetales
|move|p1a: Slowking|Sludge Bomb|p2a: Ninetales
|-supereffective|p2a: Ninetales
|-damage|p2a: Ninetales|40/100
|
|-weather|Snowscape|[upkeep]
|upkeep
|turn|15
|
|t:|1776137978
|switch|p2a: Hoopa|Hoopa-Unbound|48/100 tox
|move|p1a: Slowking|Sludge Bomb|p2a: Hoopa
|-damage|p2a: Hoopa|16/100 tox
|
|-weather|Snowscape|[upkeep]
|-damage|p2a: Hoopa|10/100 tox|[from] psn
|upkeep
|turn|16
|
|t:|1776137987
|switch|p1a: Lokix|Lokix, F|100/100
|move|p2a: Hoopa|Hyperspace Fury|p1a: Lokix
|-resisted|p1a: Lokix
|-damage|p1a: Lokix|20/100
|-unboost|p2a: Hoopa|def|1
|
|-weather|Snowscape|[upkeep]
|-damage|p2a: Hoopa|0 fnt|[from] psn
|faint|p2a: Hoopa
|upkeep
|
|t:|1776137996
|switch|p2a: Iron Moth|Iron Moth|53/100
|turn|17
|
|t:|1776138005
|-terastallize|p1a: Lokix|Bug
|move|p1a: Lokix|First Impression|p2a: Iron Moth
|-resisted|p2a: Iron Moth
|-damage|p2a: Iron Moth|0 fnt
|faint|p2a: Iron Moth
|-end|p2a: Iron Moth|Quark Drive|[silent]
|
|-weather|Snowscape|[upkeep]
|upkeep
|
|t:|1776138015
|switch|p2a: Ninetales|Ninetales-Alola, F|40/100
|turn|18
|
|t:|1776138018
|switch|p1a: Cinderace|Cinderace, F|100/100
|move|p2a: Ninetales|Aurora Veil|p2a: Ninetales
|-sidestart|p2: yueyueshendu|move: Aurora Veil
|
|-weather|none
|upkeep
|turn|19
|
|t:|1776138024
|move|p1a: Cinderace|Court Change|p1a: Cinderace
|-swapsideconditions
|-activate|p1a: Cinderace|move: Court Change
|move|p2a: Ninetales|Encore|p1a: Cinderace
|-start|p1a: Cinderace|Encore
|
|upkeep
|turn|20
|
|t:|1776138033
|switch|p1a: Slowking|Slowking-Galar, F|100/100
|switch|p2a: Gliscor|Gliscor, F|59/100 tox
|
|-heal|p2a: Gliscor|72/100 tox|[from] ability: Poison Heal
|upkeep
|turn|21
|
|t:|1776138041
|switch|p2a: Ninetales|Ninetales-Alola, F|40/100
|-weather|Snowscape|[from] ability: Snow Warning|[of] p2a: Ninetales
|move|p1a: Slowking|Psychic Noise|p2a: Ninetales
|-damage|p2a: Ninetales|10/100
|-start|p2a: Ninetales|move: Heal Block
|
|-weather|Snowscape|[upkeep]
|upkeep
|turn|22
|
|t:|1776138045
|move|p2a: Ninetales|Aurora Veil|p2a: Ninetales
|-sidestart|p2: yueyueshendu|move: Aurora Veil
|move|p1a: Slowking|Sludge Bomb|p2a: Ninetales
|-supereffective|p2a: Ninetales
|-damage|p2a: Ninetales|0 fnt
|faint|p2a: Ninetales
|
|-weather|Snowscape|[upkeep]
|upkeep
|
|t:|1776138054
|switch|p2a: Gliscor|Gliscor, F|72/100 tox
|turn|23
|
|t:|1776138057
|move|p2a: Gliscor|Swords Dance|p2a: Gliscor
|-boost|p2a: Gliscor|atk|2
|move|p1a: Slowking|Psychic Noise|p2a: Gliscor
|-damage|p2a: Gliscor|54/100 tox
|-start|p2a: Gliscor|move: Heal Block
|
|-weather|Snowscape|[upkeep]
|upkeep
|turn|24
|
|t:|1776138060
|move|p2a: Gliscor|Agility|p2a: Gliscor
|-boost|p2a: Gliscor|spe|2
|-prepare|p1a: Slowking|Chilly Reception|[premajor]
|move|p1a: Slowking|Chilly Reception|p1a: Slowking
|
|t:|1776138072
|switch|p1a: Hydrapple|Hydrapple, M|100/100|[from] Chilly Reception
|
|-weather|Snowscape|[upkeep]
|-end|p2a: Gliscor|move: Heal Block
|upkeep
|turn|25
|
|t:|1776138111
|move|p2a: Gliscor|Swords Dance|p2a: Gliscor
|-boost|p2a: Gliscor|atk|2
|move|p1a: Hydrapple|Nasty Plot|p1a: Hydrapple
|-boost|p1a: Hydrapple|spa|2
|
|-weather|none
|-heal|p2a: Gliscor|67/100 tox|[from] ability: Poison Heal
|-sideend|p1: frmojifrmoji|move: Aurora Veil
|upkeep
|turn|26
|
|t:|1776138114
|-terastallize|p2a: Gliscor|Normal
|move|p2a: Gliscor|Facade|p1a: Hydrapple
|-damage|p1a: Hydrapple|0 fnt
|faint|p1a: Hydrapple
|
|-heal|p2a: Gliscor|79/100 tox|[from] ability: Poison Heal
|upkeep
|
|t:|1776138122
|switch|p1a: Slowking|Slowking-Galar, F|100/100
|turn|27
|
|t:|1776138126
|move|p2a: Gliscor|Facade|p1a: Slowking
|-damage|p1a: Slowking|0 fnt
|faint|p1a: Slowking
|
|-heal|p2a: Gliscor|92/100 tox|[from] ability: Poison Heal
|upkeep
|
|t:|1776138129
|switch|p1a: Cinderace|Cinderace, F|100/100
|turn|28
|
|t:|1776138135
|move|p2a: Gliscor|Facade|p1a: Cinderace
|-damage|p1a: Cinderace|0 fnt
|faint|p1a: Cinderace
|
|-heal|p2a: Gliscor|100/100 tox|[from] ability: Poison Heal
|upkeep
|
|t:|1776138142
|switch|p1a: Lokix|Lokix, F, tera:Bug|20/100
|turn|29
|c|☆frmojifrmoji|good set
|c|☆frmojifrmoji|but only work with some teams lol
|
|t:|1776138165
|move|p1a: Lokix|First Impression|p2a: Gliscor
|-damage|p2a: Gliscor|62/100 tox
|move|p2a: Gliscor|Facade|p1a: Lokix
|-damage|p1a: Lokix|0 fnt
|faint|p1a: Lokix
|
|-heal|p2a: Gliscor|75/100 tox|[from] ability: Poison Heal
|-sideend|p2: yueyueshendu|move: Aurora Veil
|upkeep
|c|☆frmojifrmoji|gg
|
|t:|1776138172
|switch|p1a: Tornadus|Tornadus-Therian, M|45/100
|turn|30
|
|t:|1776138175
|move|p2a: Gliscor|Facade|p1a: Tornadus
|-damage|p1a: Tornadus|0 fnt
|faint|p1a: Tornadus
|
|win|yueyueshendu
|raw|frmojifrmoji's rating: 1445 &rarr; <strong>1426</strong><br />(-19 for losing)
|raw|yueyueshendu's rating: 1470 &rarr; <strong>1489</strong><br />(+19 for winning)
|l|☆frmojifrmoji
|player|p1|
