|html|<div class="broadcast-blue"><strong>[Gen 9] OU is currently suspecting Tera Blast! For information on how to participate check out the <a href="https://www.smogon.com/tools/suspects/view/200">suspect thread</a>.</strong></div>
|j|☆Beef Lo Mein
|j|☆T-Garchomp
|t:|1776198156
|gametype|singles
|player|p1|Beef Lo Mein|benga|
|player|p2|T-Garchomp|rood|
|gen|9
|tier|[Gen 9] OU
|rule|HP Percentage Mod: HP is shown in percentages
|rule|Endless Battle Clause: Forcing endless battles is banned
|rule|Species Clause: Limit one of each Pokémon
|rule|OHKO Clause: OHKO moves are banned
|rule|Evasion Items Clause: Evasion items are banned
|rule|Evasion Moves Clause: Evasion moves are banned
|rule|Evasion Abilities Clause: Evasion abilities are banned
|rule|Sleep Moves Clause: Sleep-inducing moves are banned
|clearpoke
|poke|p1|Great Tusk|
|poke|p1|Walking Wake|
|poke|p1|Kingambit, F|
|poke|p1|Venusaur, F|
|poke|p1|Ninetales, M|
|poke|p1|Raging Bolt|
|poke|p2|Zamazenta-*|
|poke|p2|Kyurem|
|poke|p2|Iron Treads|
|poke|p2|Tornadus-Therian, M|
|poke|p2|Pecharunt|
|poke|p2|Ting-Lu|
|teampreview
|inactive|Battle timer is ON: inactive players will automatically lose when time's up. (requested by Beef Lo Mein)
|j| Telfbruker
|l| Telfbruker
|
|t:|1776198188
|teamsize|p1|6
|teamsize|p2|6
|start
|switch|p1a: Great Tusk|Great Tusk|100/100
|switch|p2a: Kyurem|Kyurem|100/100
|-ability|p2a: Kyurem|Pressure
|turn|1
|j| Honourial
|
|t:|1776198203
|move|p1a: Great Tusk|Close Combat|p2a: Kyurem
|-supereffective|p2a: Kyurem
|-damage|p2a: Kyurem|9/100
|-unboost|p1a: Great Tusk|def|1
|-unboost|p1a: Great Tusk|spd|1
|move|p2a: Kyurem|Ice Beam|p1a: Great Tusk
|-supereffective|p1a: Great Tusk
|-damage|p1a: Great Tusk|0 fnt
|faint|p1a: Great Tusk
|-end|p1a: Great Tusk|Protosynthesis|[silent]
|
|upkeep
|
|t:|1776198213
|switch|p1a: Ninetales|Ninetales, M|100/100
|-weather|SunnyDay|[from] ability: Drought|[of] p1a: Ninetales
|turn|2
|
|t:|1776198224
|move|p1a: Ninetales|Weather Ball|p2a: Kyurem
|-damage|p2a: Kyurem|0 fnt
|faint|p2a: Kyurem
|
|-weather|SunnyDay|[upkeep]
|upkeep
|j| ShadowWizardTB
|j| Pikachyyy
|l| Honourial
|
|t:|1776198235
|switch|p2a: Ting-Lu|Ting-Lu|100/100
|-ability|p2a: Ting-Lu|Vessel of Ruin
|turn|3
|c| Pikachyyy|Beef Lo Mein not running stall
|c| Pikachyyy|never thought i'd see the day
|
|t:|1776198251
|switch|p1a: Walking Wake|Walking Wake|100/100
|-activate|p1a: Walking Wake|ability: Protosynthesis
|-start|p1a: Walking Wake|protosynthesisspe
|move|p2a: Ting-Lu|Earthquake|p1a: Walking Wake
|-damage|p1a: Walking Wake|60/100
|
|-weather|SunnyDay|[upkeep]
|upkeep
|turn|4
|j| chrisflexin
|inactive|T-Garchomp has 270 seconds left.
|l| chrisflexin
|
|t:|1776198284
|move|p1a: Walking Wake|Hydro Steam|p2a: Ting-Lu
|-supereffective|p2a: Ting-Lu
|-damage|p2a: Ting-Lu|31/100
|move|p2a: Ting-Lu|Whirlwind|p1a: Walking Wake
|-end|p1a: Walking Wake|Protosynthesis|[silent]
|drag|p1a: Raging Bolt|Raging Bolt|100/100
|-item|p1a: Raging Bolt|Air Balloon
|-activate|p1a: Raging Bolt|ability: Protosynthesis
|-start|p1a: Raging Bolt|protosynthesisspa
|
|-weather|SunnyDay|[upkeep]
|-heal|p2a: Ting-Lu|38/100|[from] item: Leftovers
|upkeep
|turn|5
|
|t:|1776198288
|move|p1a: Raging Bolt|Dragon Pulse|p2a: Ting-Lu
|-damage|p2a: Ting-Lu|8/100
|move|p2a: Ting-Lu|Earthquake|p1a: Raging Bolt
|-immune|p1a: Raging Bolt
|
|-weather|SunnyDay|[upkeep]
|-heal|p2a: Ting-Lu|15/100|[from] item: Leftovers
|upkeep
|turn|6
|
|t:|1776198294
|move|p1a: Raging Bolt|Dragon Pulse|p2a: Ting-Lu
|-crit|p2a: Ting-Lu
|-damage|p2a: Ting-Lu|0 fnt
|faint|p2a: Ting-Lu
|
|-weather|SunnyDay|[upkeep]
|upkeep
|c|☆Beef Lo Mein|meeska
|j| ProitoOk
|c|☆Beef Lo Mein|mooska
|c|☆Beef Lo Mein|mickeyyy mouse
|c|☆T-Garchomp|Brah I was wondering what the green thing was
|
|t:|1776198309
|switch|p2a: Pecharunt|Pecharunt|100/100
|turn|7
|j| SDK04
|j| fulls
|
|t:|1776198316
|-end|p1a: Raging Bolt|Protosynthesis|[silent]
|switch|p1a: Kingambit|Kingambit, F|100/100
|-activate|p1a: Kingambit|ability: Supreme Overlord
|-start|p1a: Kingambit|fallen1|[silent]
|-item|p1a: Kingambit|Air Balloon
|move|p2a: Pecharunt|Malignant Chain|p1a: Kingambit
|-immune|p1a: Kingambit
|
|-weather|SunnyDay|[upkeep]
|upkeep
|turn|8
|
|t:|1776198325
|switch|p2a: Zamazenta|Zamazenta|100/100
|-ability|p2a: Zamazenta|Dauntless Shield|boost
|-boost|p2a: Zamazenta|def|1
|move|p1a: Kingambit|Kowtow Cleave|p2a: Zamazenta
|-resisted|p2a: Zamazenta
|-crit|p2a: Zamazenta
|-damage|p2a: Zamazenta|71/100
|
|-weather|SunnyDay|[upkeep]
|-heal|p2a: Zamazenta|77/100|[from] item: Leftovers
|upkeep
|turn|9
|
|t:|1776198337
|-end|p1a: Kingambit|fallen1|[silent]
|switch|p1a: Raging Bolt|Raging Bolt|100/100
|-item|p1a: Raging Bolt|Air Balloon
|-activate|p1a: Raging Bolt|ability: Protosynthesis
|-start|p1a: Raging Bolt|protosynthesisspa
|move|p2a: Zamazenta|Iron Defense|p2a: Zamazenta
|-boost|p2a: Zamazenta|def|2
|
|-weather|none
|-end|p1a: Raging Bolt|Protosynthesis
|-heal|p2a: Zamazenta|84/100|[from] item: Leftovers
|upkeep
|turn|10
|
|t:|1776198349
|-terastallize|p1a: Raging Bolt|Fairy
|move|p2a: Zamazenta|Body Press|p1a: Raging Bolt
|-resisted|p1a: Raging Bolt
|-damage|p1a: Raging Bolt|60/100
|-enditem|p1a: Raging Bolt|Air Balloon
|move|p1a: Raging Bolt|Calm Mind|p1a: Raging Bolt
|-boost|p1a: Raging Bolt|spa|1
|-boost|p1a: Raging Bolt|spd|1
|
|-heal|p2a: Zamazenta|90/100|[from] item: Leftovers
|upkeep
|turn|11
|
|t:|1776198360
|move|p2a: Zamazenta|Body Press|p1a: Raging Bolt
|-resisted|p1a: Raging Bolt
|-damage|p1a: Raging Bolt|21/100
|move|p1a: Raging Bolt|Thunderbolt|p2a: Zamazenta
|-damage|p2a: Zamazenta|24/100
|
|-heal|p2a: Zamazenta|30/100|[from] item: Leftovers
|upkeep
|turn|12
|
|t:|1776198366
|move|p1a: Raging Bolt|Thunderclap|p2a: Zamazenta
|-damage|p2a: Zamazenta|0 fnt
|faint|p2a: Zamazenta
|
|upkeep
|l| SDK04
|
|t:|1776198373
|switch|p2a: Iron Treads|Iron Treads|100/100
|turn|13
|
|t:|1776198379
|move|p2a: Iron Treads|Earthquake|p1a: Raging Bolt
|-damage|p1a: Raging Bolt|0 fnt
|faint|p1a: Raging Bolt
|-end|p1a: Raging Bolt|Protosynthesis|[silent]
|
|upkeep
|
|t:|1776198382
|switch|p1a: Ninetales|Ninetales, M|100/100
|-weather|SunnyDay|[from] ability: Drought|[of] p1a: Ninetales
|turn|14
|
|t:|1776198387
|-terastallize|p2a: Iron Treads|Ghost
|move|p1a: Ninetales|Weather Ball|p2a: Iron Treads
|-damage|p2a: Iron Treads|60/100
|move|p2a: Iron Treads|Earthquake|p1a: Ninetales
|-supereffective|p1a: Ninetales
|-damage|p1a: Ninetales|7/100
|
|-weather|SunnyDay|[upkeep]
|-heal|p2a: Iron Treads|67/100|[from] item: Leftovers
|upkeep
|turn|15
|
|t:|1776198398
|move|p1a: Ninetales|Weather Ball|p2a: Iron Treads
|-damage|p2a: Iron Treads|25/100
|move|p2a: Iron Treads|Stealth Rock|p1a: Ninetales
|-sidestart|p1: Beef Lo Mein|move: Stealth Rock
|
|-weather|SunnyDay|[upkeep]
|-heal|p2a: Iron Treads|31/100|[from] item: Leftovers
|upkeep
|turn|16
|
|t:|1776198402
|move|p1a: Ninetales|Weather Ball|p2a: Iron Treads
|-damage|p2a: Iron Treads|0 fnt
|faint|p2a: Iron Treads
|-end|p2a: Iron Treads|Quark Drive|[silent]
|
|-weather|SunnyDay|[upkeep]
|upkeep
|
|t:|1776198406
|switch|p2a: Tornadus|Tornadus-Therian, M|100/100
|turn|17
|
|t:|1776198410
|move|p2a: Tornadus|Knock Off|p1a: Ninetales
|-damage|p1a: Ninetales|0 fnt
|-enditem|p1a: Ninetales|Heat Rock|[from] move: Knock Off|[of] p2a: Tornadus
|faint|p1a: Ninetales
|
|-weather|SunnyDay|[upkeep]
|upkeep
|
|t:|1776198412
|switch|p1a: Venusaur|Venusaur, F|100/100
|-damage|p1a: Venusaur|88/100|[from] Stealth Rock
|turn|18
|
|t:|1776198417
|move|p1a: Venusaur|Growth|p1a: Venusaur
|-boost|p1a: Venusaur|atk|2
|-boost|p1a: Venusaur|spa|2
|move|p2a: Tornadus|Taunt|p1a: Venusaur
|-start|p1a: Venusaur|move: Taunt
|
|-weather|SunnyDay|[upkeep]
|upkeep
|turn|19
|
|t:|1776198424
|move|p1a: Venusaur|Weather Ball|p2a: Tornadus
|-damage|p2a: Tornadus|0 fnt
|faint|p2a: Tornadus
|-damage|p1a: Venusaur|78/100|[from] item: Life Orb
|
|-weather|SunnyDay|[upkeep]
|upkeep
|
|t:|1776198428
|switch|p2a: Pecharunt|Pecharunt|100/100
|turn|20
|j| SDK04
|
|t:|1776198431
|move|p1a: Venusaur|Weather Ball|p2a: Pecharunt
|-damage|p2a: Pecharunt|0 fnt
|faint|p2a: Pecharunt
|-damage|p1a: Venusaur|68/100|[from] item: Life Orb
|
|win|Beef Lo Mein
|c|☆Beef Lo Mein|gg
|c|☆T-Garchomp|ggwp
|l| fulls
|l|☆T-Garchomp
|player|p2|
|l| ShadowWizardTB
|l|☆Beef Lo Mein
|player|p1|
|l| Pikachyyy
|l| ProitoOk
