|html|<div class="broadcast-blue"><strong>[Gen 9] OU is currently suspecting Tera Blast! For information on how to participate check out the <a href="https://www.smogon.com/tools/suspects/view/200">suspect thread</a>.</strong></div>
|j|☆Socriet
|j|☆AC_Shade
|t:|1776103553
|gametype|singles
|player|p1|Socriet|lance|1575
|player|p2|AC_Shade|nobunaga-conquest|1625
|gen|9
|tier|[Gen 9] OU
|rated|
|rule|HP Percentage Mod: HP is shown in percentages
|rule|Endless Battle Clause: Forcing endless battles is banned
|rule|Species Clause: Limit one of each Pokémon
|rule|OHKO Clause: OHKO moves are banned
|rule|Evasion Items Clause: Evasion items are banned
|rule|Evasion Moves Clause: Evasion moves are banned
|rule|Evasion Abilities Clause: Evasion abilities are banned
|rule|Sleep Moves Clause: Sleep-inducing moves are banned
|clearpoke
|poke|p1|Azumarill, M|
|poke|p1|Meowscarada, F|
|poke|p1|Great Tusk|
|poke|p1|Dragonite, M|
|poke|p1|Slowking-Galar, F|
|poke|p1|Zapdos|
|poke|p2|Entei|
|poke|p2|Hatterene, F|
|poke|p2|Tornadus-Therian, M|
|poke|p2|Great Tusk|
|poke|p2|Dragonite, M|
|poke|p2|Kingambit, F|
|teampreview
|inactive|Battle timer is ON: inactive players will automatically lose when time's up. (requested by AC_Shade)
|
|t:|1776103569
|teamsize|p1|6
|teamsize|p2|6
|start
|switch|p1a: Azumarill|Azumarill, M|100/100
|switch|p2a: Entei|Entei|100/100
|turn|1
|
|t:|1776103576
|move|p2a: Entei|Sacred Fire|p1a: Azumarill
|-resisted|p1a: Azumarill
|-damage|p1a: Azumarill|63/100
|move|p1a: Azumarill|Liquidation|p2a: Entei
|-supereffective|p2a: Entei
|-damage|p2a: Entei|0 fnt
|faint|p2a: Entei
|
|upkeep
|
|t:|1776103581
|switch|p2a: Tornadus|Tornadus-Therian, M|100/100
|turn|2
|
|t:|1776103587
|move|p2a: Tornadus|Bleakwind Storm|p1a: Azumarill|[miss]
|-miss|p2a: Tornadus|p1a: Azumarill
|move|p1a: Azumarill|Knock Off|p2a: Tornadus
|-damage|p2a: Tornadus|52/100
|-enditem|p2a: Tornadus|Assault Vest|[from] move: Knock Off|[of] p1a: Azumarill
|
|upkeep
|turn|3
|
|t:|1776103593
|move|p2a: Tornadus|U-turn|p1a: Azumarill
|-resisted|p1a: Azumarill
|-damage|p1a: Azumarill|56/100
|
|t:|1776103596
|switch|p2a: Kingambit|Kingambit, F|100/100|[from] U-turn
|-activate|p2a: Kingambit|ability: Supreme Overlord
|-start|p2a: Kingambit|fallen1|[silent]
|move|p1a: Azumarill|Liquidation|p2a: Kingambit
|-damage|p2a: Kingambit|63/100
|
|-heal|p2a: Kingambit|69/100|[from] item: Leftovers
|upkeep
|turn|4
|
|t:|1776103614
|switch|p1a: Great Tusk|Great Tusk|100/100
|move|p2a: Kingambit|Iron Head|p1a: Great Tusk
|-damage|p1a: Great Tusk|62/100
|-damage|p2a: Kingambit|53/100|[from] item: Rocky Helmet|[of] p1a: Great Tusk
|
|-heal|p2a: Kingambit|59/100|[from] item: Leftovers
|upkeep
|turn|5
|
|t:|1776103622
|-end|p2a: Kingambit|fallen1|[silent]
|switch|p2a: Tornadus|Tornadus-Therian, M|85/100
|move|p1a: Great Tusk|Headlong Rush|p2a: Tornadus
|-immune|p2a: Tornadus
|
|upkeep
|turn|6
|
|t:|1776103626
|-end|p1a: Great Tusk|Protosynthesis|[silent]
|switch|p1a: Slowking|Slowking-Galar, F|100/100
|move|p2a: Tornadus|Knock Off|p1a: Slowking
|-supereffective|p1a: Slowking
|-damage|p1a: Slowking|56/100
|-enditem|p1a: Slowking|Heavy-Duty Boots|[from] move: Knock Off|[of] p2a: Tornadus
|
|upkeep
|turn|7
|
|t:|1776103642
|move|p2a: Tornadus|Bleakwind Storm|p1a: Slowking|[miss]
|-miss|p2a: Tornadus|p1a: Slowking
|-prepare|p1a: Slowking|Chilly Reception|[premajor]
|move|p1a: Slowking|Chilly Reception|p1a: Slowking
|-weather|Snowscape
|
|t:|1776103648
|switch|p1a: Zapdos|Zapdos|100/100|[from] Chilly Reception
|
|-weather|Snowscape|[upkeep]
|upkeep
|turn|8
|
|t:|1776103652
|move|p2a: Tornadus|Knock Off|p1a: Zapdos
|-damage|p1a: Zapdos|74/100
|-status|p2a: Tornadus|par|[from] ability: Static|[of] p1a: Zapdos
|-enditem|p1a: Zapdos|Heavy-Duty Boots|[from] move: Knock Off|[of] p2a: Tornadus
|move|p1a: Zapdos|Volt Switch|p2a: Tornadus
|-supereffective|p2a: Tornadus
|-damage|p2a: Tornadus|7/100 par
|-message|AC_Shade forfeited.
|
|win|Socriet
|raw|Socriet's rating: 1575 &rarr; <strong>1598</strong><br />(+23 for winning)
|raw|AC_Shade's rating: 1625 &rarr; <strong>1602</strong><br />(-23 for losing)
|l|☆AC_Shade
|player|p2|
|l|☆Socriet
|player|p1|
