|html|<div class="broadcast-blue"><strong>[Gen 9] OU is currently suspecting Volcarona! For information on how to participate check out the <a href="https://www.smogon.com/tools/suspects/view/208">suspect thread</a>.</strong></div>
|j|☆Apprentice Dogwood
|j|☆zermoon
|t:|1778507060
|gametype|singles
|player|p1|Apprentice Dogwood|brock|1146
|player|p2|zermoon|red|1122
|gen|9
|tier|[Gen 9] OU
|rated|
|rule|HP Percentage Mod: HP is shown in percentages
|rule|Endless Battle Clause: Forcing endless battles is banned
|rule|Species Clause: Limit one of each Pokémon
|rule|OHKO Clause: OHKO moves are banned
|rule|Evasion Items Clause: Evasion items are banned
|rule|Evasion Moves Clause: Evasion moves are banned
|rule|Evasion Abilities Clause: Evasion abilities are banned
|rule|Sleep Moves Clause: Sleep-inducing moves are banned
|clearpoke
|poke|p1|Infernape, M|
|poke|p1|Blaziken, M|
|poke|p1|Emboar, M|
|poke|p1|Charizard, F|
|poke|p1|Cinderace, M|
|poke|p1|Delphox, F|
|poke|p2|Pikachu-Partner, M|
|poke|p2|Charizard, M|
|poke|p2|Venusaur, M|
|poke|p2|Blastoise, M|
|poke|p2|Lapras, M|
|poke|p2|Snorlax, M|
|teampreview
|inactive|Battle timer is ON: inactive players will automatically lose when time's up. (requested by Apprentice Dogwood)
|
|t:|1778507083
|teamsize|p1|6
|teamsize|p2|6
|start
|switch|p1a: Emboar|Emboar, M|100/100
|switch|p2a: Blastoise|Blastoise, M|100/100
|turn|1
|
|t:|1778507090
|move|p2a: Blastoise|Shell Smash|p2a: Blastoise
|-unboost|p2a: Blastoise|def|1
|-unboost|p2a: Blastoise|spd|1
|-boost|p2a: Blastoise|atk|2
|-boost|p2a: Blastoise|spa|2
|-boost|p2a: Blastoise|spe|2
|-enditem|p2a: Blastoise|White Herb
|-clearnegativeboost|p2a: Blastoise|[silent]
|move|p1a: Emboar|Sunny Day|p1a: Emboar
|-weather|SunnyDay
|
|-weather|SunnyDay|[upkeep]
|upkeep
|turn|2
|
|t:|1778507108
|-terastallize|p1a: Emboar|Dark
|move|p2a: Blastoise|Shell Smash|p2a: Blastoise
|-unboost|p2a: Blastoise|def|1
|-unboost|p2a: Blastoise|spd|1
|-boost|p2a: Blastoise|atk|2
|-boost|p2a: Blastoise|spa|2
|-boost|p2a: Blastoise|spe|2
|move|p1a: Emboar|Wild Charge|p2a: Blastoise
|-supereffective|p2a: Blastoise
|-damage|p2a: Blastoise|0 fnt
|faint|p2a: Blastoise
|-damage|p1a: Emboar|83/100|[from] Recoil
|
|-weather|SunnyDay|[upkeep]
|upkeep
|
|t:|1778507125
|switch|p2a: Charizard|Charizard, M|100/100
|turn|3
|
|t:|1778507140
|move|p2a: Charizard|Scorching Sands|p1a: Emboar
|-damage|p1a: Emboar|57/100
|-status|p1a: Emboar|brn
|move|p1a: Emboar|Wild Charge|p2a: Charizard
|-supereffective|p2a: Charizard
|-damage|p2a: Charizard|43/100
|-damage|p1a: Emboar|47/100 brn|[from] Recoil
|
|-weather|SunnyDay|[upkeep]
|-damage|p1a: Emboar|41/100 brn|[from] brn
|upkeep
|turn|4
|
|t:|1778507153
|move|p2a: Charizard|Scorching Sands|p1a: Emboar
|-damage|p1a: Emboar|15/100 brn
|move|p1a: Emboar|Head Smash|p2a: Charizard|[miss]
|-miss|p1a: Emboar|p2a: Charizard
|
|-weather|SunnyDay|[upkeep]
|-damage|p1a: Emboar|9/100 brn|[from] brn
|upkeep
|turn|5
|
|t:|1778507162
|switch|p1a: Charizard|Charizard, F|100/100
|move|p2a: Charizard|Scorching Sands|p1a: Charizard
|-immune|p1a: Charizard
|
|-weather|SunnyDay|[upkeep]
|-damage|p1a: Charizard|88/100|[from] ability: Solar Power|[of] p1a: Charizard
|upkeep
|turn|6
|inactive|zermoon has 120 seconds left.
|
|t:|1778507183
|switch|p2a: Snorlax|Snorlax, M|100/100
|move|p1a: Charizard|Air Slash|p2a: Snorlax
|-damage|p2a: Snorlax|67/100
|
|-weather|SunnyDay|[upkeep]
|-damage|p1a: Charizard|76/100|[from] ability: Solar Power|[of] p1a: Charizard
|upkeep
|turn|7
|
|t:|1778507200
|switch|p1a: Infernape|Infernape, M|100/100
|move|p2a: Snorlax|Rest|p2a: Snorlax
|-status|p2a: Snorlax|slp|[from] move: Rest
|-heal|p2a: Snorlax|100/100 slp|[silent]
|
|-weather|SunnyDay|[upkeep]
|upkeep
|turn|8
|
|t:|1778507213
|move|p1a: Infernape|Aura Sphere|p2a: Snorlax
|-supereffective|p2a: Snorlax
|-enditem|p2a: Snorlax|Chople Berry|[eat]
|-enditem|p2a: Snorlax|Chople Berry|[weaken]
|-damage|p2a: Snorlax|72/100 slp
|-damage|p1a: Infernape|91/100|[from] item: Life Orb
|cant|p2a: Snorlax|slp
|move|p2a: Snorlax|Sleep Talk|p2a: Snorlax
|move|p2a: Snorlax|Earthquake|p1a: Infernape|[from] move: Sleep Talk
|-supereffective|p1a: Infernape
|-damage|p1a: Infernape|0 fnt
|faint|p1a: Infernape
|
|-weather|none
|upkeep
|
|t:|1778507229
|switch|p1a: Blaziken|Blaziken, M|100/100
|turn|9
|
|t:|1778507235
|move|p1a: Blaziken|Close Combat|p2a: Snorlax
|-supereffective|p2a: Snorlax
|-damage|p2a: Snorlax|0 fnt
|-unboost|p1a: Blaziken|def|1
|-unboost|p1a: Blaziken|spd|1
|faint|p2a: Snorlax
|
|-ability|p1a: Blaziken|Speed Boost|boost
|-boost|p1a: Blaziken|spe|1
|upkeep
|
|t:|1778507245
|switch|p2a: Pikachu|Pikachu-Partner, M|100/100
|turn|10
|
|t:|1778507271
|move|p1a: Blaziken|Flare Blitz|p2a: Pikachu
|-enditem|p2a: Pikachu|Focus Sash
|-damage|p2a: Pikachu|1/100
|-status|p2a: Pikachu|brn
|-damage|p1a: Blaziken|78/100|[from] Recoil
|move|p2a: Pikachu|Endeavor|p1a: Blaziken
|-damage|p1a: Blaziken|1/100
|
|-heal|p1a: Blaziken|7/100|[from] item: Leftovers
|-damage|p2a: Pikachu|0 fnt|[from] brn
|faint|p2a: Pikachu
|-ability|p1a: Blaziken|Speed Boost|boost
|-boost|p1a: Blaziken|spe|1
|upkeep
|inactive|zermoon has 120 seconds left.
|
|t:|1778507289
|switch|p2a: Lapras|Lapras, M|100/100
|turn|11
|inactive|zermoon has 120 seconds left.
|
|t:|1778507298
|move|p1a: Blaziken|Protect|p1a: Blaziken
|-singleturn|p1a: Blaziken|Protect
|move|p2a: Lapras|Whirlpool|p1a: Blaziken
|-activate|p1a: Blaziken|move: Protect
|
|-heal|p1a: Blaziken|13/100|[from] item: Leftovers
|-ability|p1a: Blaziken|Speed Boost|boost
|-boost|p1a: Blaziken|spe|1
|upkeep
|turn|12
|inactive|zermoon has 120 seconds left.
|
|t:|1778507309
|move|p1a: Blaziken|Flare Blitz|p2a: Lapras
|-damage|p2a: Lapras|38/100
|-damage|p1a: Blaziken|0 fnt|[from] Recoil
|faint|p1a: Blaziken
|move|p2a: Lapras|Whirlpool|p1: Blaziken|[notarget]
|-fail|p2a: Lapras
|
|-heal|p2a: Lapras|45/100|[from] item: Leftovers
|upkeep
|
|t:|1778507323
|switch|p1a: Emboar|Emboar, M, tera:Dark|9/100 brn
|turn|13
|
|t:|1778507328
|move|p2a: Lapras|Protect|p2a: Lapras
|-singleturn|p2a: Lapras|Protect
|move|p1a: Emboar|Sunny Day|p1a: Emboar
|-weather|SunnyDay
|
|-weather|SunnyDay|[upkeep]
|-heal|p2a: Lapras|51/100|[from] item: Leftovers
|-damage|p1a: Emboar|3/100 brn|[from] brn
|upkeep
|turn|14
|
|t:|1778507339
|move|p2a: Lapras|Protect||[still]
|-fail|p2a: Lapras
|move|p1a: Emboar|Flare Blitz|p2a: Lapras
|-damage|p2a: Lapras|2/100
|-damage|p1a: Emboar|0 fnt|[from] Recoil
|faint|p1a: Emboar
|
|-weather|SunnyDay|[upkeep]
|-heal|p2a: Lapras|8/100|[from] item: Leftovers
|upkeep
|
|t:|1778507348
|switch|p1a: Charizard|Charizard, F|76/100
|turn|15
|
|t:|1778507353
|move|p2a: Lapras|Protect|p2a: Lapras
|-singleturn|p2a: Lapras|Protect
|move|p1a: Charizard|Solar Beam||[still]
|-prepare|p1a: Charizard|Solar Beam
|-anim|p1a: Charizard|Solar Beam|p2a: Lapras
|-activate|p2a: Lapras|move: Protect
|
|-weather|SunnyDay|[upkeep]
|-damage|p1a: Charizard|63/100|[from] ability: Solar Power|[of] p1a: Charizard
|-heal|p2a: Lapras|14/100|[from] item: Leftovers
|upkeep
|turn|16
|
|t:|1778507365
|move|p2a: Lapras|Protect||[still]
|-fail|p2a: Lapras
|move|p1a: Charizard|Air Slash|p2a: Lapras
|-damage|p2a: Lapras|0 fnt
|faint|p2a: Lapras
|
|-weather|SunnyDay|[upkeep]
|-damage|p1a: Charizard|51/100|[from] ability: Solar Power|[of] p1a: Charizard
|upkeep
|
|t:|1778507376
|switch|p2a: Charizard|Charizard, M|43/100
|turn|17
|
|t:|1778507383
|move|p2a: Charizard|Air Slash|p1a: Charizard
|-damage|p1a: Charizard|4/100
|cant|p1a: Charizard|flinch
|
|-weather|SunnyDay|[upkeep]
|-damage|p1a: Charizard|0 fnt|[from] ability: Solar Power|[of] p1a: Charizard
|faint|p1a: Charizard
|upkeep
|
|t:|1778507386
|switch|p1a: Delphox|Delphox, F|100/100
|turn|18
|
|t:|1778507395
|move|p1a: Delphox|Future Sight|p2a: Charizard
|-start|p1a: Delphox|move: Future Sight
|move|p2a: Charizard|Air Slash|p1a: Delphox
|-damage|p1a: Delphox|53/100
|
|-weather|SunnyDay|[upkeep]
|upkeep
|turn|19
|
|t:|1778507403
|switch|p1a: Cinderace|Cinderace, M|100/100
|move|p2a: Charizard|Air Slash|p1a: Cinderace
|-damage|p1a: Cinderace|44/100
|
|-weather|SunnyDay|[upkeep]
|upkeep
|turn|20
|
|t:|1778507415
|move|p1a: Cinderace|Sucker Punch|p2a: Charizard
|-start|p1a: Cinderace|typechange|Dark|[from] ability: Libero
|-damage|p2a: Charizard|0 fnt
|faint|p2a: Charizard
|
|-weather|none
|-hint|Future Sight did not hit because the target is fainted.
|upkeep
|
|t:|1778507423
|switch|p2a: Venusaur|Venusaur, M|100/100
|turn|21
|
|t:|1778507434
|-terastallize|p2a: Venusaur|Rock
|move|p1a: Cinderace|U-turn|p2a: Venusaur
|-damage|p2a: Venusaur|77/100
|
|t:|1778507437
|switch|p1a: Delphox|Delphox, F|53/100|[from] U-turn
|move|p2a: Venusaur|Leech Seed|p1a: Delphox
|-start|p1a: Delphox|move: Leech Seed
|
|-damage|p2a: Venusaur|65/100|[from] item: Black Sludge
|-damage|p1a: Delphox|40/100|[from] Leech Seed|[of] p2a: Venusaur
|-heal|p2a: Venusaur|75/100|[silent]
|upkeep
|turn|22
|
|t:|1778507452
|move|p1a: Delphox|Trick|p2a: Venusaur
|-activate|p1a: Delphox|move: Trick|[of] p2a: Venusaur
|-item|p2a: Venusaur|Choice Scarf|[from] move: Trick
|-item|p1a: Delphox|Black Sludge|[from] move: Trick
|move|p2a: Venusaur|Toxic|p1a: Delphox
|-status|p1a: Delphox|tox
|
|-damage|p1a: Delphox|28/100 tox|[from] item: Black Sludge
|-damage|p1a: Delphox|16/100 tox|[from] Leech Seed|[of] p2a: Venusaur
|-heal|p2a: Venusaur|85/100|[silent]
|-damage|p1a: Delphox|9/100 tox|[from] psn
|upkeep
|turn|23
|
|t:|1778507465
|move|p1a: Delphox|Future Sight|p2a: Venusaur
|-start|p1a: Delphox|move: Future Sight
|move|p2a: Venusaur|Toxic|p1a: Delphox
|-fail|p1a: Delphox|tox
|
|-damage|p1a: Delphox|0 fnt|[from] item: Black Sludge
|faint|p1a: Delphox
|upkeep
|
|t:|1778507466
|switch|p1a: Cinderace|Cinderace, M|44/100
|turn|24
|
|t:|1778507476
|move|p1a: Cinderace|Pyro Ball|p2a: Venusaur
|-resisted|p2a: Venusaur
|-crit|p2a: Venusaur
|-damage|p2a: Venusaur|40/100
|move|p2a: Venusaur|Toxic|p1a: Cinderace
|-status|p1a: Cinderace|tox
|
|-damage|p1a: Cinderace|38/100 tox|[from] psn
|upkeep
|turn|25
|
|t:|1778507486
|move|p1a: Cinderace|Pyro Ball|p2a: Venusaur
|-resisted|p2a: Venusaur
|-damage|p2a: Venusaur|9/100
|move|p2a: Venusaur|Toxic|p1a: Cinderace
|-fail|p1a: Cinderace|tox
|
|-end|p2a: Venusaur|move: Future Sight
|-damage|p2a: Venusaur|0 fnt
|faint|p2a: Venusaur
|
|win|Apprentice Dogwood
|raw|Apprentice Dogwood's rating: 1146 &rarr; <strong>1169</strong><br />(+23 for winning)
|raw|zermoon's rating: 1122 &rarr; <strong>1099</strong><br />(-23 for losing)
|l|☆zermoon
|player|p2|
|c|☆Apprentice Dogwood|Gg
|l|☆Apprentice Dogwood
|player|p1|
