|html|<div class="broadcast-blue"><strong>[Gen 9] OU is currently suspecting Tera Blast! For information on how to participate check out the <a href="https://www.smogon.com/tools/suspects/view/200">suspect thread</a>.</strong></div>
|j|☆Wuth3rfly
|j|☆inoutofink
|t:|1776069160
|gametype|singles
|player|p1|Wuth3rfly|265|1392
|player|p2|inoutofink|hoopster|1365
|gen|9
|tier|[Gen 9] OU
|rated|
|rule|HP Percentage Mod: HP is shown in percentages
|rule|Endless Battle Clause: Forcing endless battles is banned
|rule|Species Clause: Limit one of each Pokémon
|rule|OHKO Clause: OHKO moves are banned
|rule|Evasion Items Clause: Evasion items are banned
|rule|Evasion Moves Clause: Evasion moves are banned
|rule|Evasion Abilities Clause: Evasion abilities are banned
|rule|Sleep Moves Clause: Sleep-inducing moves are banned
|clearpoke
|poke|p1|Wo-Chien|
|poke|p1|Pecharunt|
|poke|p1|Ditto|
|poke|p1|Corviknight, M|
|poke|p1|Dondozo, F|
|poke|p1|Kingambit, F|
|poke|p2|Zamazenta-*|
|poke|p2|Landorus-Therian, M|
|poke|p2|Dondozo, M|
|poke|p2|Weezing-Galar, F|
|poke|p2|Arcanine-Hisui, M|
|poke|p2|Gholdengo|
|teampreview
|
|t:|1776069178
|teamsize|p1|6
|teamsize|p2|6
|start
|switch|p1a: Wo-Chien|Wo-Chien|100/100
|switch|p2a: Arcanine|Arcanine-Hisui, M|100/100
|-ability|p1a: Wo-Chien|Tablets of Ruin
|turn|1
|
|t:|1776069192
|switch|p1a: Dondozo|Dondozo, F|100/100
|move|p2a: Arcanine|Flame Charge|p1a: Dondozo
|-resisted|p1a: Dondozo
|-damage|p1a: Dondozo|94/100
|-boost|p2a: Arcanine|spe|1
|-damage|p2a: Arcanine|91/100|[from] item: Life Orb
|
|-heal|p1a: Dondozo|99/100|[from] item: Leftovers
|upkeep
|turn|2
|
|t:|1776069205
|switch|p2a: Weezing|Weezing-Galar, F|100/100
|move|p1a: Dondozo|Liquidation|p2a: Weezing
|-damage|p2a: Weezing|81/100
|-damage|p1a: Dondozo|84/100|[from] item: Rocky Helmet|[of] p2a: Weezing
|
|-heal|p1a: Dondozo|90/100|[from] item: Leftovers
|upkeep
|turn|3
|
|t:|1776069226
|switch|p1a: Corviknight|Corviknight, M|100/100
|-ability|p1a: Corviknight|Pressure
|move|p2a: Weezing|Toxic|p1a: Corviknight
|-immune|p1a: Corviknight
|
|upkeep
|turn|4
|
|t:|1776069238
|switch|p2a: Gholdengo|Gholdengo|100/100
|move|p1a: Corviknight|Brave Bird|p2a: Gholdengo
|-resisted|p2a: Gholdengo
|-damage|p2a: Gholdengo|80/100
|-damage|p1a: Corviknight|95/100|[from] Recoil
|
|-heal|p1a: Corviknight|100/100|[from] item: Leftovers
|upkeep
|turn|5
|
|t:|1776069249
|move|p2a: Gholdengo|Shadow Ball|p1a: Corviknight
|-damage|p1a: Corviknight|33/100
|move|p1a: Corviknight|U-turn|p2a: Gholdengo
|-resisted|p2a: Gholdengo
|-damage|p2a: Gholdengo|76/100
|
|t:|1776069257
|switch|p1a: Wo-Chien|Wo-Chien|100/100|[from] U-turn
|-ability|p1a: Wo-Chien|Tablets of Ruin
|
|upkeep
|turn|6
|
|t:|1776069270
|switch|p2a: Weezing|Weezing-Galar, F|81/100
|move|p1a: Wo-Chien|Leech Seed|p2a: Weezing
|-start|p2a: Weezing|move: Leech Seed
|
|-damage|p2a: Weezing|69/100|[from] Leech Seed|[of] p1a: Wo-Chien
|upkeep
|turn|7
|
|t:|1776069278
|switch|p2a: Arcanine|Arcanine-Hisui, M|91/100
|move|p1a: Wo-Chien|Mean Look|p2a: Arcanine
|-activate|p2a: Arcanine|trapped
|
|upkeep
|turn|8
|
|t:|1776069309
|-terastallize|p1a: Wo-Chien|Poison
|move|p2a: Arcanine|Head Smash|p1a: Wo-Chien|[miss]
|-miss|p2a: Arcanine|p1a: Wo-Chien
|move|p1a: Wo-Chien|Leech Seed|p2a: Arcanine
|-start|p2a: Arcanine|move: Leech Seed
|
|-damage|p2a: Arcanine|78/100|[from] Leech Seed|[of] p1a: Wo-Chien
|upkeep
|turn|9
|
|t:|1776069319
|move|p2a: Arcanine|Head Smash|p1a: Wo-Chien
|-damage|p1a: Wo-Chien|42/100
|-damage|p2a: Arcanine|68/100|[from] item: Life Orb
|move|p1a: Wo-Chien|Ingrain|p1a: Wo-Chien
|-start|p1a: Wo-Chien|move: Ingrain
|
|-heal|p1a: Wo-Chien|48/100|[from] item: Leftovers
|-heal|p1a: Wo-Chien|54/100|[from] Ingrain
|-damage|p2a: Arcanine|56/100|[from] Leech Seed|[of] p1a: Wo-Chien
|-heal|p1a: Wo-Chien|65/100|[silent]
|upkeep
|turn|10
|
|t:|1776069336
|move|p2a: Arcanine|Head Smash|p1a: Wo-Chien|[miss]
|-miss|p2a: Arcanine|p1a: Wo-Chien
|move|p1a: Wo-Chien|Taunt|p2a: Arcanine
|-start|p2a: Arcanine|move: Taunt
|
|-heal|p1a: Wo-Chien|71/100|[from] item: Leftovers
|-heal|p1a: Wo-Chien|77/100|[from] Ingrain
|-damage|p2a: Arcanine|43/100|[from] Leech Seed|[of] p1a: Wo-Chien
|-heal|p1a: Wo-Chien|88/100|[silent]
|upkeep
|turn|11
|
|t:|1776069352
|move|p2a: Arcanine|Head Smash|p1a: Wo-Chien|[miss]
|-miss|p2a: Arcanine|p1a: Wo-Chien
|move|p1a: Wo-Chien|Taunt||[still]
|-fail|p1a: Wo-Chien
|
|-heal|p1a: Wo-Chien|94/100|[from] item: Leftovers
|-heal|p1a: Wo-Chien|100/100|[from] Ingrain
|-damage|p2a: Arcanine|31/100|[from] Leech Seed|[of] p1a: Wo-Chien
|upkeep
|turn|12
|c|☆inoutofink|what the
|
|t:|1776069367
|move|p2a: Arcanine|Head Smash|p1a: Wo-Chien
|-damage|p1a: Wo-Chien|38/100
|-damage|p2a: Arcanine|21/100|[from] item: Life Orb
|move|p1a: Wo-Chien|Leech Seed||[still]
|-fail|p1a: Wo-Chien
|
|-heal|p1a: Wo-Chien|44/100|[from] item: Leftovers
|-heal|p1a: Wo-Chien|50/100|[from] Ingrain
|-damage|p2a: Arcanine|9/100|[from] Leech Seed|[of] p1a: Wo-Chien
|-heal|p1a: Wo-Chien|61/100|[silent]
|upkeep
|turn|13
|
|t:|1776069381
|move|p2a: Arcanine|Head Smash|p1a: Wo-Chien|[miss]
|-miss|p2a: Arcanine|p1a: Wo-Chien
|move|p1a: Wo-Chien|Taunt||[still]
|-fail|p1a: Wo-Chien
|
|-heal|p1a: Wo-Chien|67/100|[from] item: Leftovers
|-heal|p1a: Wo-Chien|73/100|[from] Ingrain
|-damage|p2a: Arcanine|0 fnt|[from] Leech Seed|[of] p1a: Wo-Chien
|-heal|p1a: Wo-Chien|80/100|[silent]
|faint|p2a: Arcanine
|upkeep
|c|☆inoutofink|fuk
|c|☆inoutofink|fuk
|
|t:|1776069417
|switch|p2a: Landorus|Landorus-Therian, M|100/100
|-ability|p2a: Landorus|Intimidate|boost
|-unboost|p1a: Wo-Chien|atk|1
|turn|14
|
|t:|1776069430
|move|p2a: Landorus|Earthquake|p1a: Wo-Chien
|-supereffective|p1a: Wo-Chien
|-damage|p1a: Wo-Chien|13/100
|move|p1a: Wo-Chien|Taunt|p2a: Landorus
|-start|p2a: Landorus|move: Taunt
|
|-heal|p1a: Wo-Chien|19/100|[from] item: Leftovers
|-heal|p1a: Wo-Chien|25/100|[from] Ingrain
|upkeep
|turn|15
|
|t:|1776069440
|move|p2a: Landorus|Earthquake|p1a: Wo-Chien
|-supereffective|p1a: Wo-Chien
|-damage|p1a: Wo-Chien|0 fnt
|faint|p1a: Wo-Chien
|
|upkeep
|inactive|Battle timer is ON: inactive players will automatically lose when time's up. (requested by inoutofink)
|
|t:|1776069458
|switch|p1a: Dondozo|Dondozo, F|90/100
|turn|16
|
|t:|1776069462
|move|p2a: Landorus|U-turn|p1a: Dondozo
|-damage|p1a: Dondozo|80/100
|
|t:|1776069465
|switch|p2a: Weezing|Weezing-Galar, F|69/100|[from] U-turn
|move|p1a: Dondozo|Liquidation|p2a: Weezing
|-damage|p2a: Weezing|50/100
|-damage|p1a: Dondozo|63/100|[from] item: Rocky Helmet|[of] p2a: Weezing
|
|-heal|p1a: Dondozo|70/100|[from] item: Leftovers
|upkeep
|turn|17
|
|t:|1776069481
|switch|p2a: Gholdengo|Gholdengo|76/100
|switch|p1a: Corviknight|Corviknight, M|33/100
|-ability|p1a: Corviknight|Pressure
|
|-heal|p1a: Corviknight|40/100|[from] item: Leftovers
|upkeep
|turn|18
|
|t:|1776069492
|switch|p1a: Kingambit|Kingambit, F|100/100
|-activate|p1a: Kingambit|ability: Supreme Overlord
|-start|p1a: Kingambit|fallen1|[silent]
|move|p2a: Gholdengo|Shadow Ball|p1a: Kingambit
|-resisted|p1a: Kingambit
|-damage|p1a: Kingambit|69/100
|
|-heal|p1a: Kingambit|75/100|[from] item: Leftovers
|upkeep
|turn|19
|
|t:|1776069508
|switch|p2a: Dondozo|Dondozo, M|100/100
|move|p1a: Kingambit|Swords Dance|p1a: Kingambit
|-boost|p1a: Kingambit|atk|2
|
|-heal|p1a: Kingambit|81/100|[from] item: Leftovers
|upkeep
|turn|20
|
|t:|1776069519
|-end|p1a: Kingambit|fallen1|[silent]
|switch|p1a: Dondozo|Dondozo, F|70/100
|move|p2a: Dondozo|Body Slam|p1a: Dondozo
|-damage|p1a: Dondozo|61/100
|
|-heal|p1a: Dondozo|68/100|[from] item: Leftovers
|upkeep
|turn|21
|
|t:|1776069534
|move|p1a: Dondozo|Body Press|p2a: Dondozo
|-damage|p2a: Dondozo|85/100
|-damage|p1a: Dondozo|51/100|[from] item: Rocky Helmet|[of] p2a: Dondozo
|move|p2a: Dondozo|Body Slam|p1a: Dondozo
|-damage|p1a: Dondozo|43/100
|
|-heal|p1a: Dondozo|49/100|[from] item: Leftovers
|upkeep
|turn|22
|
|t:|1776069544
|move|p1a: Dondozo|Rest|p1a: Dondozo
|-status|p1a: Dondozo|slp|[from] move: Rest
|-heal|p1a: Dondozo|100/100 slp|[silent]
|move|p2a: Dondozo|Body Slam|p1a: Dondozo
|-damage|p1a: Dondozo|92/100 slp
|
|-heal|p1a: Dondozo|98/100 slp|[from] item: Leftovers
|upkeep
|turn|23
|
|t:|1776069558
|switch|p2a: Weezing|Weezing-Galar, F|50/100
|cant|p1a: Dondozo|slp
|move|p1a: Dondozo|Sleep Talk|p1a: Dondozo
|move|p1a: Dondozo|Rest||[from] move: Sleep Talk|[still]
|-fail|p1a: Dondozo
|
|-heal|p1a: Dondozo|100/100 slp|[from] item: Leftovers
|upkeep
|turn|24
|
|t:|1776069571
|switch|p2a: Gholdengo|Gholdengo|76/100
|switch|p1a: Pecharunt|Pecharunt|100/100
|
|upkeep
|turn|25
|inactive|Wuth3rfly has 120 seconds left.
|
|t:|1776069593
|move|p2a: Gholdengo|Shadow Ball|p1a: Pecharunt
|-supereffective|p1a: Pecharunt
|-damage|p1a: Pecharunt|0 fnt
|faint|p1a: Pecharunt
|
|upkeep
|inactive|Wuth3rfly has 120 seconds left.
|
|t:|1776069599
|switch|p1a: Ditto|Ditto|100/100
|-transform|p1a: Ditto|p2a: Gholdengo|[from] ability: Imposter
|turn|26
|
|t:|1776069612
|move|p1a: Ditto|Shadow Ball|p2a: Gholdengo
|-supereffective|p2a: Gholdengo
|-damage|p2a: Gholdengo|0 fnt
|faint|p2a: Gholdengo
|
|upkeep
|
|t:|1776069616
|switch|p2a: Landorus|Landorus-Therian, M|100/100
|-ability|p2a: Landorus|Intimidate|boost
|-unboost|p1a: Ditto|atk|1
|turn|27
|
|t:|1776069621
|move|p1a: Ditto|Shadow Ball|p2a: Landorus
|-damage|p2a: Landorus|58/100
|move|p2a: Landorus|Earthquake|p1a: Ditto
|-supereffective|p1a: Ditto
|-damage|p1a: Ditto|0 fnt
|faint|p1a: Ditto
|
|-heal|p2a: Landorus|64/100|[from] item: Leftovers
|upkeep
|
|t:|1776069634
|switch|p1a: Dondozo|Dondozo, F|100/100 slp
|turn|28
|
|t:|1776069653
|switch|p1a: Corviknight|Corviknight, M|40/100
|-ability|p1a: Corviknight|Pressure
|move|p2a: Landorus|Taunt|p1a: Corviknight
|-start|p1a: Corviknight|move: Taunt
|
|-heal|p2a: Landorus|70/100|[from] item: Leftovers
|-heal|p1a: Corviknight|46/100|[from] item: Leftovers
|upkeep
|turn|29
|
|t:|1776069664
|move|p2a: Landorus|Stone Edge|p1a: Corviknight
|-damage|p1a: Corviknight|26/100
|move|p1a: Corviknight|U-turn|p2a: Landorus
|-resisted|p2a: Landorus
|-damage|p2a: Landorus|63/100
|
|t:|1776069673
|switch|p1a: Dondozo|Dondozo, F|100/100 slp|[from] U-turn
|
|-heal|p2a: Landorus|69/100|[from] item: Leftovers
|upkeep
|turn|30
|
|t:|1776069689
|switch|p2a: Weezing|Weezing-Galar, F|50/100
|cant|p1a: Dondozo|slp
|move|p1a: Dondozo|Sleep Talk|p1a: Dondozo
|move|p1a: Dondozo|Rest||[from] move: Sleep Talk|[still]
|-fail|p1a: Dondozo
|
|upkeep
|turn|31
|
|t:|1776069702
|move|p2a: Weezing|Toxic||[still]
|-fail|p2a: Weezing
|-curestatus|p1a: Dondozo|slp|[msg]
|move|p1a: Dondozo|Liquidation|p2a: Weezing
|-damage|p2a: Weezing|30/100
|-unboost|p2a: Weezing|def|1
|-damage|p1a: Dondozo|84/100|[from] item: Rocky Helmet|[of] p2a: Weezing
|
|-heal|p1a: Dondozo|90/100|[from] item: Leftovers
|upkeep
|turn|32
|
|t:|1776069716
|move|p2a: Weezing|Pain Split|p1a: Dondozo
|-sethp|p1a: Dondozo|55/100|[from] move: Pain Split|[silent]
|-sethp|p2a: Weezing|83/100|[from] move: Pain Split
|move|p1a: Dondozo|Liquidation|p2a: Weezing
|-damage|p2a: Weezing|62/100
|-damage|p1a: Dondozo|38/100|[from] item: Rocky Helmet|[of] p2a: Weezing
|
|-heal|p1a: Dondozo|45/100|[from] item: Leftovers
|upkeep
|turn|33
|
|t:|1776069728
|move|p2a: Weezing|Toxic|p1a: Dondozo
|-status|p1a: Dondozo|tox
|move|p1a: Dondozo|Rest|p1a: Dondozo
|-status|p1a: Dondozo|slp|[from] move: Rest
|-heal|p1a: Dondozo|100/100 slp|[silent]
|
|upkeep
|turn|34
|
|t:|1776069740
|switch|p1a: Corviknight|Corviknight, M|26/100
|-ability|p1a: Corviknight|Pressure
|move|p2a: Weezing|Pain Split|p1a: Corviknight
|-sethp|p1a: Corviknight|39/100|[from] move: Pain Split|[silent]
|-sethp|p2a: Weezing|46/100|[from] move: Pain Split
|
|-heal|p1a: Corviknight|45/100|[from] item: Leftovers
|upkeep
|turn|35
|
|t:|1776069753
|switch|p2a: Dondozo|Dondozo, M|85/100
|move|p1a: Corviknight|Brave Bird|p2a: Dondozo
|-damage|p2a: Dondozo|63/100
|-damage|p1a: Corviknight|28/100|[from] item: Rocky Helmet|[of] p2a: Dondozo
|-damage|p1a: Corviknight|19/100|[from] Recoil
|
|-heal|p1a: Corviknight|25/100|[from] item: Leftovers
|upkeep
|turn|36
|
|t:|1776069765
|move|p1a: Corviknight|Roost|p1a: Corviknight
|-heal|p1a: Corviknight|75/100
|-singleturn|p1a: Corviknight|move: Roost
|move|p2a: Dondozo|Wave Crash|p1a: Corviknight
|-damage|p1a: Corviknight|53/100
|-damage|p2a: Dondozo|57/100|[from] Recoil
|
|-heal|p1a: Corviknight|59/100|[from] item: Leftovers
|upkeep
|turn|37
|
|t:|1776069776
|move|p1a: Corviknight|Roost|p1a: Corviknight
|-heal|p1a: Corviknight|100/100
|-singleturn|p1a: Corviknight|move: Roost
|move|p2a: Dondozo|Rest|p2a: Dondozo
|-status|p2a: Dondozo|slp|[from] move: Rest
|-heal|p2a: Dondozo|100/100 slp|[silent]
|
|upkeep
|turn|38
|
|t:|1776069787
|move|p1a: Corviknight|U-turn|p2a: Dondozo
|-damage|p2a: Dondozo|91/100 slp
|-damage|p1a: Corviknight|84/100|[from] item: Rocky Helmet|[of] p2a: Dondozo
|
|t:|1776069790
|switch|p1a: Dondozo|Dondozo, F|100/100 slp|[from] U-turn
|cant|p2a: Dondozo|slp
|move|p2a: Dondozo|Sleep Talk|p2a: Dondozo
|move|p2a: Dondozo|Body Slam|p1a: Dondozo|[from] move: Sleep Talk
|-damage|p1a: Dondozo|92/100 slp
|
|-heal|p1a: Dondozo|98/100 slp|[from] item: Leftovers
|upkeep
|turn|39
|
|t:|1776069810
|switch|p2a: Weezing|Weezing-Galar, F|46/100
|cant|p1a: Dondozo|slp
|
|-heal|p1a: Dondozo|100/100 slp|[from] item: Leftovers
|upkeep
|turn|40
|
|t:|1776069821
|switch|p1a: Corviknight|Corviknight, M|84/100
|-ability|p1a: Corviknight|Pressure
|move|p2a: Weezing|Pain Split|p1a: Corviknight
|-sethp|p1a: Corviknight|61/100|[from] move: Pain Split|[silent]
|-sethp|p2a: Weezing|73/100|[from] move: Pain Split
|
|-heal|p1a: Corviknight|67/100|[from] item: Leftovers
|upkeep
|turn|41
|
|t:|1776069839
|switch|p2a: Dondozo|Dondozo, M|91/100 slp
|move|p1a: Corviknight|Defog|p2a: Dondozo
|-unboost|p2a: Dondozo|evasion|1
|
|-heal|p1a: Corviknight|74/100|[from] item: Leftovers
|upkeep
|turn|42
|
|t:|1776069849
|move|p1a: Corviknight|Defog|p2a: Dondozo
|-unboost|p2a: Dondozo|evasion|1
|cant|p2a: Dondozo|slp
|move|p2a: Dondozo|Sleep Talk|p2a: Dondozo
|move|p2a: Dondozo|Rest||[from] move: Sleep Talk|[still]
|-fail|p2a: Dondozo
|
|-heal|p1a: Corviknight|80/100|[from] item: Leftovers
|upkeep
|turn|43
|
|t:|1776069861
|move|p1a: Corviknight|Defog|p2a: Dondozo
|-unboost|p2a: Dondozo|evasion|1
|-curestatus|p2a: Dondozo|slp|[msg]
|move|p2a: Dondozo|Body Slam|p1a: Corviknight
|-resisted|p1a: Corviknight
|-damage|p1a: Corviknight|74/100
|-status|p1a: Corviknight|par
|
|-heal|p1a: Corviknight|80/100 par|[from] item: Leftovers
|upkeep
|turn|44
|
|t:|1776069881
|switch|p2a: Landorus|Landorus-Therian, M|69/100
|-ability|p2a: Landorus|Intimidate|boost
|-unboost|p1a: Corviknight|atk|1
|move|p1a: Corviknight|Defog|p2a: Landorus
|-unboost|p2a: Landorus|evasion|1
|
|-heal|p2a: Landorus|75/100|[from] item: Leftovers
|-heal|p1a: Corviknight|86/100 par|[from] item: Leftovers
|upkeep
|turn|45
|
|t:|1776069892
|switch|p1a: Dondozo|Dondozo, F|100/100 slp
|move|p2a: Landorus|Taunt|p1a: Dondozo
|-start|p1a: Dondozo|move: Taunt
|
|-heal|p2a: Landorus|82/100|[from] item: Leftovers
|upkeep
|turn|46
|
|t:|1776069907
|switch|p1a: Corviknight|Corviknight, M|86/100 par
|-ability|p1a: Corviknight|Pressure
|move|p2a: Landorus|Earthquake|p1a: Corviknight
|-immune|p1a: Corviknight
|
|-heal|p2a: Landorus|88/100|[from] item: Leftovers
|-heal|p1a: Corviknight|93/100 par|[from] item: Leftovers
|upkeep
|turn|47
|
|t:|1776069921
|move|p2a: Landorus|Taunt|p1a: Corviknight
|-start|p1a: Corviknight|move: Taunt
|move|p1a: Corviknight|U-turn|p2a: Landorus
|-resisted|p2a: Landorus
|-damage|p2a: Landorus|79/100
|
|t:|1776069927
|switch|p1a: Kingambit|Kingambit, F|81/100|[from] U-turn
|-activate|p1a: Kingambit|ability: Supreme Overlord
|-start|p1a: Kingambit|fallen3|[silent]
|
|-heal|p2a: Landorus|85/100|[from] item: Leftovers
|-heal|p1a: Kingambit|87/100|[from] item: Leftovers
|upkeep
|turn|48
|
|t:|1776069940
|move|p1a: Kingambit|Sucker Punch|p2a: Landorus
|-damage|p2a: Landorus|22/100
|move|p2a: Landorus|Earthquake|p1a: Kingambit
|-supereffective|p1a: Kingambit
|-damage|p1a: Kingambit|13/100
|
|-heal|p2a: Landorus|28/100|[from] item: Leftovers
|-heal|p1a: Kingambit|19/100|[from] item: Leftovers
|upkeep
|turn|49
|
|t:|1776069949
|switch|p2a: Dondozo|Dondozo, M|91/100
|move|p1a: Kingambit|Sucker Punch||[still]
|-fail|p1a: Kingambit
|
|-heal|p1a: Kingambit|25/100|[from] item: Leftovers
|upkeep
|turn|50
|
|t:|1776069961
|move|p1a: Kingambit|Low Kick|p2a: Dondozo
|-damage|p2a: Dondozo|55/100
|-damage|p1a: Kingambit|8/100|[from] item: Rocky Helmet|[of] p2a: Dondozo
|move|p2a: Dondozo|Wave Crash|p1a: Kingambit
|-damage|p1a: Kingambit|0 fnt
|faint|p1a: Kingambit
|-end|p1a: Kingambit|fallen3|[silent]
|-damage|p2a: Dondozo|53/100|[from] Recoil
|
|upkeep
|
|t:|1776069981
|switch|p1a: Dondozo|Dondozo, F|100/100 slp
|turn|51
|-message|Wuth3rfly forfeited.
|
|win|inoutofink
|raw|Wuth3rfly's rating: 1392 &rarr; <strong>1370</strong><br />(-22 for losing)
|raw|inoutofink's rating: 1365 &rarr; <strong>1387</strong><br />(+22 for winning)
|l|☆Wuth3rfly
|player|p1|
|l|☆inoutofink
|player|p2|
