|html|<div class="broadcast-blue"><strong>[Gen 9] OU is currently suspecting Tera Blast! For information on how to participate check out the <a href="https://www.smogon.com/tools/suspects/view/200">suspect thread</a>.</strong></div>
|j|☆Typatime
|j|☆TheRegisAreCool
|t:|1776047011
|gametype|singles
|player|p1|Typatime|roxie|1254
|player|p2|TheRegisAreCool|fisherman-gen4|1254
|gen|9
|tier|[Gen 9] OU
|rated|
|rule|HP Percentage Mod: HP is shown in percentages
|rule|Endless Battle Clause: Forcing endless battles is banned
|rule|Species Clause: Limit one of each Pokémon
|rule|OHKO Clause: OHKO moves are banned
|rule|Evasion Items Clause: Evasion items are banned
|rule|Evasion Moves Clause: Evasion moves are banned
|rule|Evasion Abilities Clause: Evasion abilities are banned
|rule|Sleep Moves Clause: Sleep-inducing moves are banned
|clearpoke
|poke|p1|Zamazenta-*|
|poke|p1|Great Tusk|
|poke|p1|Corviknight, F|
|poke|p1|Clefable, F|
|poke|p1|Dragapult, F|
|poke|p1|Kingambit, M|
|poke|p2|Donphan, F|
|poke|p2|Dragonite, M|
|poke|p2|Iron Valiant|
|poke|p2|Raging Bolt|
|poke|p2|Deoxys-Speed|
|poke|p2|Lokix, M|
|teampreview
|inactive|Battle timer is ON: inactive players will automatically lose when time's up. (requested by Typatime)
|
|t:|1776047039
|teamsize|p1|6
|teamsize|p2|6
|start
|switch|p1a: Great Tusk|Great Tusk|100/100
|switch|p2a: Dragonite|Dragonite, M|100/100
|turn|1
|
|t:|1776047052
|move|p2a: Dragonite|Ice Spinner|p1a: Great Tusk
|-supereffective|p1a: Great Tusk
|-damage|p1a: Great Tusk|65/100
|move|p1a: Great Tusk|Stealth Rock|p2a: Dragonite
|-sidestart|p2: TheRegisAreCool|move: Stealth Rock
|
|upkeep
|turn|2
|
|t:|1776047069
|move|p2a: Dragonite|Dragon Dance|p2a: Dragonite
|-boost|p2a: Dragonite|atk|1
|-boost|p2a: Dragonite|spe|1
|move|p1a: Great Tusk|Close Combat|p2a: Dragonite
|-resisted|p2a: Dragonite
|-damage|p2a: Dragonite|84/100
|-unboost|p1a: Great Tusk|def|1
|-unboost|p1a: Great Tusk|spd|1
|
|upkeep
|turn|3
|
|t:|1776047074
|-end|p1a: Great Tusk|Protosynthesis|[silent]
|switch|p1a: Clefable|Clefable, F, shiny|100/100
|move|p2a: Dragonite|Dragon Dance|p2a: Dragonite
|-boost|p2a: Dragonite|atk|1
|-boost|p2a: Dragonite|spe|1
|
|upkeep
|turn|4
|
|t:|1776047082
|-terastallize|p2a: Dragonite|Normal
|move|p2a: Dragonite|Earthquake|p1a: Clefable
|-damage|p1a: Clefable|67/100
|move|p1a: Clefable|Moonblast|p2a: Dragonite
|-damage|p2a: Dragonite|41/100
|-unboost|p2a: Dragonite|spa|1
|
|-heal|p1a: Clefable|73/100|[from] item: Leftovers
|upkeep
|turn|5
|
|t:|1776047091
|move|p2a: Dragonite|Earthquake|p1a: Clefable
|-damage|p1a: Clefable|33/100
|move|p1a: Clefable|Wish|p1a: Clefable
|
|-heal|p1a: Clefable|39/100|[from] item: Leftovers
|upkeep
|turn|6
|
|t:|1776047116
|move|p1a: Clefable|Protect|p1a: Clefable
|-singleturn|p1a: Clefable|Protect
|move|p2a: Dragonite|Earthquake|p1a: Clefable
|-activate|p1a: Clefable|move: Protect
|
|-heal|p1a: Clefable|89/100|[from] move: Wish|[wisher] Clefable
|-heal|p1a: Clefable|95/100|[from] item: Leftovers
|upkeep
|turn|7
|
|t:|1776047121
|move|p2a: Dragonite|Earthquake|p1a: Clefable
|-damage|p1a: Clefable|61/100
|move|p1a: Clefable|Wish|p1a: Clefable
|
|-heal|p1a: Clefable|67/100|[from] item: Leftovers
|upkeep
|turn|8
|
|t:|1776047130
|move|p2a: Dragonite|Earthquake|p1a: Clefable
|-damage|p1a: Clefable|32/100
|move|p1a: Clefable|Calm Mind|p1a: Clefable
|-boost|p1a: Clefable|spa|1
|-boost|p1a: Clefable|spd|1
|
|-heal|p1a: Clefable|82/100|[from] move: Wish|[wisher] Clefable
|-heal|p1a: Clefable|88/100|[from] item: Leftovers
|upkeep
|turn|9
|
|t:|1776047133
|move|p2a: Dragonite|Earthquake|p1a: Clefable
|-damage|p1a: Clefable|51/100
|move|p1a: Clefable|Moonblast|p2a: Dragonite
|-damage|p2a: Dragonite|0 fnt
|faint|p2a: Dragonite
|
|-heal|p1a: Clefable|57/100|[from] item: Leftovers
|upkeep
|
|t:|1776047147
|switch|p2a: Lokix|Lokix, M|100/100
|turn|10
|
|t:|1776047154
|move|p1a: Clefable|Protect|p1a: Clefable
|-singleturn|p1a: Clefable|Protect
|move|p2a: Lokix|First Impression|p1a: Clefable
|-activate|p1a: Clefable|move: Protect
|
|-heal|p1a: Clefable|63/100|[from] item: Leftovers
|upkeep
|turn|11
|-message|TheRegisAreCool forfeited.
|
|win|Typatime
|raw|Typatime's rating: 1254 &rarr; <strong>1279</strong><br />(+25 for winning)
|raw|TheRegisAreCool's rating: 1254 &rarr; <strong>1229</strong><br />(-25 for losing)
