|html|<div class="broadcast-blue"><strong>[Gen 9] OU is currently suspecting Volcarona! For information on how to participate check out the <a href="https://www.smogon.com/tools/suspects/view/208">suspect thread</a>.</strong></div>
|j|☆rtfggfghh
|j|☆Chaii-Latte
|t:|1778502203
|gametype|singles
|player|p1|rtfggfghh|101|1073
|player|p2|Chaii-Latte|bugsy|1103
|gen|9
|tier|[Gen 9] OU
|rated|
|rule|HP Percentage Mod: HP is shown in percentages
|rule|Endless Battle Clause: Forcing endless battles is banned
|rule|Species Clause: Limit one of each Pokémon
|rule|OHKO Clause: OHKO moves are banned
|rule|Evasion Items Clause: Evasion items are banned
|rule|Evasion Moves Clause: Evasion moves are banned
|rule|Evasion Abilities Clause: Evasion abilities are banned
|rule|Sleep Moves Clause: Sleep-inducing moves are banned
|clearpoke
|poke|p1|Regieleki|
|poke|p1|Haxorus, F|
|poke|p1|Ogerpon-Wellspring, F|
|poke|p1|Kingambit, F|
|poke|p1|Ceruledge, F|
|poke|p1|Iron Valiant|
|poke|p2|Cinderace, F|
|poke|p2|Regieleki|
|poke|p2|Tornadus-Therian, M|
|poke|p2|Dragapult, F|
|poke|p2|Quaquaval, F|
|poke|p2|Illumise, F|
|teampreview
|inactive|Battle timer is ON: inactive players will automatically lose when time's up. (requested by Chaii-Latte)
|
|t:|1778502209
|teamsize|p1|6
|teamsize|p2|6
|start
|switch|p1a: Regieleki|Regieleki|100/100
|switch|p2a: Regieleki|Regieleki, shiny|100/100
|turn|1
|
|t:|1778502213
|move|p1a: Regieleki|Light Screen|p1a: Regieleki
|-sidestart|p1: rtfggfghh|move: Light Screen
|move|p2a: Regieleki|Thunder Cage|p1a: Regieleki
|-resisted|p1a: Regieleki
|-damage|p1a: Regieleki|69/100
|-activate|p1a: Regieleki|move: Thunder Cage|[of] p2a: Regieleki
|
|-damage|p1a: Regieleki|57/100|[from] move: Thunder Cage|[partiallytrapped]
|upkeep
|turn|2
|
|t:|1778502222
|move|p1a: Regieleki|Reflect|p1a: Regieleki
|-sidestart|p1: rtfggfghh|Reflect
|move|p2a: Regieleki|Thunder Cage|p1a: Regieleki
|-resisted|p1a: Regieleki
|-damage|p1a: Regieleki|29/100
|
|-damage|p1a: Regieleki|16/100|[from] move: Thunder Cage|[partiallytrapped]
|upkeep
|turn|3
|
|t:|1778502230
|move|p1a: Regieleki|Explosion|p2a: Regieleki
|-damage|p2a: Regieleki|0 fnt
|faint|p1a: Regieleki
|faint|p2a: Regieleki
|
|upkeep
|
|t:|1778502247
|switch|p1a: Iron Valiant|Iron Valiant|100/100
|switch|p2a: Cinderace|Cinderace, F|100/100
|-enditem|p1a: Iron Valiant|Booster Energy
|-activate|p1a: Iron Valiant|ability: Quark Drive|[fromitem]
|-start|p1a: Iron Valiant|quarkdrivespe
|turn|4
|
|t:|1778502251
|move|p1a: Iron Valiant|Calm Mind|p1a: Iron Valiant
|-boost|p1a: Iron Valiant|spa|1
|-boost|p1a: Iron Valiant|spd|1
|move|p2a: Cinderace|Court Change|p2a: Cinderace
|-start|p2a: Cinderace|typechange|Normal|[from] ability: Libero
|-swapsideconditions
|-activate|p2a: Cinderace|move: Court Change
|
|upkeep
|turn|5
|
|t:|1778502261
|switch|p2a: Tornadus|Tornadus-Therian, M, shiny|100/100
|move|p1a: Iron Valiant|Moonblast|p2a: Tornadus
|-damage|p2a: Tornadus|75/100
|
|upkeep
|turn|6
|
|t:|1778502269
|move|p1a: Iron Valiant|Thunderbolt|p2a: Tornadus
|-supereffective|p2a: Tornadus
|-damage|p2a: Tornadus|45/100
|-status|p2a: Tornadus|par
|move|p2a: Tornadus|Bleakwind Storm|p1a: Iron Valiant
|-supereffective|p1a: Iron Valiant
|-damage|p1a: Iron Valiant|0 fnt
|faint|p1a: Iron Valiant
|-end|p1a: Iron Valiant|Quark Drive|[silent]
|
|upkeep
|
|t:|1778502277
|switch|p1a: Haxorus|Haxorus, F|100/100
|-ability|p1a: Haxorus|Mold Breaker
|turn|7
|
|t:|1778502281
|move|p1a: Haxorus|Swords Dance|p1a: Haxorus
|-boost|p1a: Haxorus|atk|2
|move|p2a: Tornadus|U-turn|p1a: Haxorus
|-damage|p1a: Haxorus|82/100
|
|t:|1778502285
|switch|p2a: Dragapult|Dragapult, F, shiny|100/100|[from] U-turn
|
|upkeep
|turn|8
|
|t:|1778502289
|-terastallize|p2a: Dragapult|Fairy
|-terastallize|p1a: Haxorus|Steel
|move|p2a: Dragapult|Substitute|p2a: Dragapult
|-start|p2a: Dragapult|Substitute
|-damage|p2a: Dragapult|76/100
|move|p1a: Haxorus|Scale Shot|p2a: Dragapult
|-immune|p2a: Dragapult
|
|-sideend|p2: Chaii-Latte|move: Light Screen
|upkeep
|turn|9
|
|t:|1778502302
|move|p2a: Dragapult|Dragon Dance|p2a: Dragapult
|-boost|p2a: Dragapult|atk|1
|-boost|p2a: Dragapult|spe|1
|move|p1a: Haxorus|Iron Head|p2a: Dragapult
|-supereffective|p2a: Dragapult
|-end|p2a: Dragapult|Substitute
|
|-sideend|p2: Chaii-Latte|Reflect
|upkeep
|turn|10
|
|t:|1778502307
|move|p2a: Dragapult|Shadow Ball|p1a: Haxorus
|-damage|p1a: Haxorus|44/100
|move|p1a: Haxorus|Iron Head|p2a: Dragapult
|-supereffective|p2a: Dragapult
|-damage|p2a: Dragapult|0 fnt
|faint|p2a: Dragapult
|
|upkeep
|
|t:|1778502315
|switch|p2a: Cinderace|Cinderace, F|100/100
|turn|11
|
|t:|1778502320
|switch|p1a: Ceruledge|Ceruledge, F|100/100
|move|p2a: Cinderace|U-turn|p1a: Ceruledge
|-start|p2a: Cinderace|typechange|Bug|[from] ability: Libero
|-resisted|p1a: Ceruledge
|-damage|p1a: Ceruledge|83/100
|-ability|p1a: Ceruledge|Weak Armor|boost
|-unboost|p1a: Ceruledge|def|1
|-boost|p1a: Ceruledge|spe|2
|
|t:|1778502331
|switch|p2a: Quaquaval|Quaquaval, F|100/100|[from] U-turn
|
|upkeep
|turn|12
|
|t:|1778502336
|switch|p1a: Ogerpon|Ogerpon-Wellspring, F|100/100
|move|p2a: Quaquaval|Aqua Step|p1a: Ogerpon
|-immune|p1a: Ogerpon|[from] ability: Water Absorb
|
|upkeep
|turn|13
|
|t:|1778502341
|move|p1a: Ogerpon|Trailblaze|p2a: Quaquaval
|-supereffective|p2a: Quaquaval
|-damage|p2a: Quaquaval|15/100
|-boost|p1a: Ogerpon|spe|1
|move|p2a: Quaquaval|Rapid Spin|p1a: Ogerpon
|-damage|p1a: Ogerpon|80/100
|-boost|p2a: Quaquaval|spe|1
|
|upkeep
|turn|14
|
|t:|1778502346
|switch|p2a: Tornadus|Tornadus-Therian, M, shiny|78/100 par
|move|p1a: Ogerpon|Trailblaze|p2a: Tornadus
|-resisted|p2a: Tornadus
|-crit|p2a: Tornadus
|-damage|p2a: Tornadus|49/100 par
|-boost|p1a: Ogerpon|spe|1
|
|upkeep
|turn|15
|
|t:|1778502354
|move|p1a: Ogerpon|Ivy Cudgel|p2a: Tornadus|[anim] Ivy Cudgel Water
|-damage|p2a: Tornadus|0 fnt
|faint|p2a: Tornadus
|
|upkeep
|
|t:|1778502357
|switch|p2a: Illumise|Illumise, F, shiny|100/100
|turn|16
|
|t:|1778502360
|move|p1a: Ogerpon|Ivy Cudgel|p2a: Illumise|[anim] Ivy Cudgel Water
|-damage|p2a: Illumise|11/100
|move|p2a: Illumise|Endeavor|p1a: Ogerpon
|-damage|p1a: Ogerpon|10/100
|
|upkeep
|turn|17
|
|t:|1778502368
|move|p2a: Illumise|Quick Attack|p1a: Ogerpon
|-damage|p1a: Ogerpon|4/100
|move|p1a: Ogerpon|Ivy Cudgel|p2a: Illumise|[anim] Ivy Cudgel Water
|-damage|p2a: Illumise|0 fnt
|faint|p2a: Illumise
|
|upkeep
|
|t:|1778502375
|switch|p2a: Cinderace|Cinderace, F|100/100
|turn|18
|-message|Chaii-Latte forfeited.
|
|win|rtfggfghh
|raw|rtfggfghh's rating: 1073 &rarr; <strong>1105</strong><br />(+32 for winning)
|raw|Chaii-Latte's rating: 1103 &rarr; <strong>1076</strong><br />(-27 for losing)
|l|☆Chaii-Latte
|player|p2|
|l|☆rtfggfghh
|player|p1|
