|html|<div class="broadcast-blue"><strong>[Gen 9] OU is currently suspecting Tera Blast! For information on how to participate check out the <a href="https://www.smogon.com/tools/suspects/view/200">suspect thread</a>.</strong></div>
|j|☆Edsled13
|j|☆ryry_mick
|t:|1776057564
|gametype|singles
|player|p1|Edsled13|benga|1298
|player|p2|ryry_mick|elesa|1283
|gen|9
|tier|[Gen 9] OU
|rated|
|rule|HP Percentage Mod: HP is shown in percentages
|rule|Endless Battle Clause: Forcing endless battles is banned
|rule|Species Clause: Limit one of each Pokémon
|rule|OHKO Clause: OHKO moves are banned
|rule|Evasion Items Clause: Evasion items are banned
|rule|Evasion Moves Clause: Evasion moves are banned
|rule|Evasion Abilities Clause: Evasion abilities are banned
|rule|Sleep Moves Clause: Sleep-inducing moves are banned
|clearpoke
|poke|p1|Great Tusk|
|poke|p1|Gholdengo|
|poke|p1|Iron Valiant|
|poke|p1|Dragapult, F|
|poke|p1|Corviknight, M|
|poke|p1|Garganacl, F|
|poke|p2|Hawlucha, F|
|poke|p2|Scizor, F|
|poke|p2|Dragonite, M|
|poke|p2|Mimikyu, F|
|poke|p2|Araquanid, M|
|poke|p2|Whimsicott, M|
|teampreview
|inactive|Battle timer is ON: inactive players will automatically lose when time's up. (requested by Edsled13)
|
|t:|1776057587
|teamsize|p1|6
|teamsize|p2|6
|start
|switch|p1a: Corviknight|Corviknight, M|100/100
|switch|p2a: Melia|Mimikyu, F, shiny|100/100
|turn|1
|
|t:|1776057597
|move|p2a: Melia|Swords Dance|p2a: Melia
|-boost|p2a: Melia|atk|2
|move|p1a: Corviknight|U-turn|p2a: Melia
|-activate|p2a: Melia|ability: Disguise
|-damage|p2a: Melia|100/100
|detailschange|p2a: Melia|Mimikyu-Busted, F, shiny
|-damage|p2a: Melia|88/100|[from] pokemon: Mimikyu-Busted
|inactive|Edsled13 has 120 seconds left.
|
|t:|1776057629
|switch|p1a: Gholdengo|Gholdengo|100/100|[from] U-turn
|
|upkeep
|turn|2
|
|t:|1776057637
|-terastallize|p1a: Gholdengo|Flying
|move|p2a: Melia|Shadow Claw|p1a: Gholdengo
|-damage|p1a: Gholdengo|26/100
|-damage|p2a: Melia|78/100|[from] item: Life Orb
|move|p1a: Gholdengo|Shadow Ball|p2a: Melia
|-supereffective|p2a: Melia
|-damage|p2a: Melia|0 fnt
|faint|p2a: Melia
|
|-heal|p1a: Gholdengo|32/100|[from] item: Leftovers
|upkeep
|
|t:|1776057650
|switch|p2a: Cloudy|Whimsicott, M|100/100
|turn|3
|
|t:|1776057659
|switch|p1a: Corviknight|Corviknight, M|100/100
|move|p2a: Cloudy|Moonblast|p1a: Corviknight
|-resisted|p1a: Corviknight
|-damage|p1a: Corviknight|83/100
|-ability|p1a: Corviknight|Mirror Armor
|-unboost|p2a: Cloudy|spa|1
|
|-heal|p1a: Corviknight|89/100|[from] item: Leftovers
|upkeep
|turn|4
|
|t:|1776057672
|switch|p2a: Penny|Scizor, F, shiny|100/100
|move|p1a: Corviknight|U-turn|p2a: Penny
|-resisted|p2a: Penny
|-damage|p2a: Penny|94/100
|
|t:|1776057693
|switch|p1a: Great Tusk|Great Tusk|100/100|[from] U-turn
|
|upkeep
|turn|5
|
|t:|1776057711
|move|p1a: Great Tusk|Stealth Rock|p2a: Penny
|-sidestart|p2: ryry_mick|move: Stealth Rock
|move|p2a: Penny|Knock Off|p1a: Great Tusk
|-resisted|p1a: Great Tusk
|-damage|p1a: Great Tusk|90/100
|-enditem|p1a: Great Tusk|Leftovers|[from] move: Knock Off|[of] p2a: Penny
|-damage|p2a: Penny|84/100|[from] item: Life Orb
|
|upkeep
|turn|6
|
|t:|1776057722
|move|p1a: Great Tusk|Knock Off|p2a: Penny
|-damage|p2a: Penny|56/100
|-enditem|p2a: Penny|Life Orb|[from] move: Knock Off|[of] p1a: Great Tusk
|move|p2a: Penny|Swords Dance|p2a: Penny
|-boost|p2a: Penny|atk|2
|
|upkeep
|turn|7
|
|t:|1776057735
|move|p1a: Great Tusk|Rapid Spin|p2a: Penny
|-resisted|p2a: Penny
|-damage|p2a: Penny|49/100
|-boost|p1a: Great Tusk|spe|1
|move|p2a: Penny|Swords Dance|p2a: Penny
|-boost|p2a: Penny|atk|2
|
|upkeep
|turn|8
|
|t:|1776057741
|-terastallize|p2a: Penny|Steel
|move|p2a: Penny|Bullet Punch|p1a: Great Tusk
|-damage|p1a: Great Tusk|21/100
|move|p1a: Great Tusk|Earthquake|p2a: Penny
|-supereffective|p2a: Penny
|-damage|p2a: Penny|0 fnt
|faint|p2a: Penny
|
|upkeep
|
|t:|1776057747
|switch|p2a: Bubblegum|Dragonite, M|100/100
|-damage|p2a: Bubblegum|76/100|[from] Stealth Rock
|turn|9
|
|t:|1776057755
|move|p2a: Bubblegum|Extreme Speed|p1a: Great Tusk
|-damage|p1a: Great Tusk|7/100
|move|p1a: Great Tusk|Knock Off|p2a: Bubblegum
|-damage|p2a: Bubblegum|46/100
|-enditem|p2a: Bubblegum|Weakness Policy|[from] move: Knock Off|[of] p1a: Great Tusk
|
|upkeep
|turn|10
|
|t:|1776057765
|-end|p1a: Great Tusk|Protosynthesis|[silent]
|switch|p1a: Dragapult|Dragapult, F|100/100
|move|p2a: Bubblegum|Extreme Speed|p1a: Dragapult
|-immune|p1a: Dragapult
|
|upkeep
|turn|11
|
|t:|1776057778
|move|p1a: Dragapult|Draco Meteor|p2a: Bubblegum
|-supereffective|p2a: Bubblegum
|-damage|p2a: Bubblegum|0 fnt
|-unboost|p1a: Dragapult|spa|2
|faint|p2a: Bubblegum
|
|upkeep
|
|t:|1776057781
|switch|p2a: Cloudy|Whimsicott, M|100/100
|-damage|p2a: Cloudy|88/100|[from] Stealth Rock
|turn|12
|
|t:|1776057793
|switch|p1a: Corviknight|Corviknight, M|89/100
|move|p2a: Cloudy|Encore||[still]
|-fail|p2a: Cloudy
|
|-heal|p1a: Corviknight|96/100|[from] item: Leftovers
|upkeep
|turn|13
|
|t:|1776057798
|move|p2a: Cloudy|Moonblast|p1a: Corviknight
|-resisted|p1a: Corviknight
|-damage|p1a: Corviknight|78/100
|move|p1a: Corviknight|U-turn|p2a: Cloudy
|-damage|p2a: Cloudy|68/100
|
|t:|1776057816
|switch|p1a: Garganacl|Garganacl, F|100/100|[from] U-turn
|
|upkeep
|turn|14
|
|t:|1776057820
|move|p2a: Cloudy|Energy Ball|p1a: Garganacl
|-supereffective|p1a: Garganacl
|-damage|p1a: Garganacl|53/100
|move|p1a: Garganacl|Salt Cure|p2a: Cloudy
|-damage|p2a: Cloudy|48/100
|-start|p2a: Cloudy|Salt Cure
|
|-heal|p1a: Garganacl|59/100|[from] item: Leftovers
|-damage|p2a: Cloudy|36/100|[from] Salt Cure
|upkeep
|turn|15
|
|t:|1776057836
|move|p1a: Garganacl|Protect|p1a: Garganacl
|-singleturn|p1a: Garganacl|Protect
|move|p2a: Cloudy|Energy Ball|p1a: Garganacl
|-activate|p1a: Garganacl|move: Protect
|
|-heal|p1a: Garganacl|65/100|[from] item: Leftovers
|-damage|p2a: Cloudy|23/100|[from] Salt Cure
|upkeep
|turn|16
|
|t:|1776057844
|move|p2a: Cloudy|Encore|p1a: Garganacl
|-start|p1a: Garganacl|Encore
|move|p1a: Garganacl|Protect||[still]
|-fail|p1a: Garganacl
|
|-heal|p1a: Garganacl|72/100|[from] item: Leftovers
|-damage|p2a: Cloudy|11/100|[from] Salt Cure
|upkeep
|turn|17
|
|t:|1776057854
|switch|p1a: Corviknight|Corviknight, M|78/100
|move|p2a: Cloudy|Tailwind|p2a: Cloudy
|-sidestart|p2: ryry_mick|move: Tailwind
|
|-heal|p1a: Corviknight|84/100|[from] item: Leftovers
|-damage|p2a: Cloudy|0 fnt|[from] Salt Cure
|faint|p2a: Cloudy
|upkeep
|
|t:|1776057870
|switch|p2a: Aelita|Hawlucha, F|100/100
|-damage|p2a: Aelita|88/100|[from] Stealth Rock
|turn|18
|
|t:|1776057880
|move|p2a: Aelita|High Jump Kick|p1a: Corviknight
|-damage|p1a: Corviknight|47/100
|move|p1a: Corviknight|U-turn|p2a: Aelita
|-resisted|p2a: Aelita
|-crit|p2a: Aelita
|-damage|p2a: Aelita|81/100
|
|t:|1776057888
|switch|p1a: Gholdengo|Gholdengo, tera:Flying|32/100|[from] U-turn
|
|-heal|p1a: Gholdengo|38/100|[from] item: Leftovers
|upkeep
|turn|19
|
|t:|1776057894
|move|p2a: Aelita|Sky Attack||[still]
|-prepare|p2a: Aelita|Sky Attack
|-enditem|p2a: Aelita|Power Herb
|-anim|p2a: Aelita|Sky Attack|p1a: Gholdengo
|-damage|p1a: Gholdengo|0 fnt
|faint|p1a: Gholdengo
|
|upkeep
|
|t:|1776057916
|switch|p1a: Iron Valiant|Iron Valiant|100/100
|-enditem|p1a: Iron Valiant|Booster Energy
|-activate|p1a: Iron Valiant|ability: Quark Drive|[fromitem]
|-start|p1a: Iron Valiant|quarkdrivespe
|turn|20
|
|t:|1776057920
|move|p2a: Aelita|Acrobatics|p1a: Iron Valiant
|-supereffective|p1a: Iron Valiant
|-damage|p1a: Iron Valiant|0 fnt
|faint|p1a: Iron Valiant
|-end|p1a: Iron Valiant|Quark Drive|[silent]
|
|-sideend|p2: ryry_mick|move: Tailwind
|upkeep
|
|t:|1776057937
|switch|p1a: Dragapult|Dragapult, F|100/100
|turn|21
|
|t:|1776057944
|move|p2a: Aelita|Acrobatics|p1a: Dragapult
|-damage|p1a: Dragapult|27/100
|move|p1a: Dragapult|Will-O-Wisp|p2a: Aelita
|-status|p2a: Aelita|brn
|
|-damage|p2a: Aelita|75/100 brn|[from] brn
|upkeep
|turn|22
|
|t:|1776057953
|switch|p1a: Corviknight|Corviknight, M|47/100
|move|p2a: Aelita|Acrobatics|p1a: Corviknight
|-resisted|p1a: Corviknight
|-damage|p1a: Corviknight|40/100
|
|-heal|p1a: Corviknight|47/100|[from] item: Leftovers
|-damage|p2a: Aelita|69/100 brn|[from] brn
|upkeep
|turn|23
|
|t:|1776057959
|move|p2a: Aelita|High Jump Kick|p1a: Corviknight|[miss]
|-miss|p2a: Aelita|p1a: Corviknight
|-damage|p2a: Aelita|19/100 brn|[from] highjumpkick
|move|p1a: Corviknight|Roost|p1a: Corviknight
|-heal|p1a: Corviknight|97/100
|-singleturn|p1a: Corviknight|move: Roost
|
|-heal|p1a: Corviknight|100/100|[from] item: Leftovers
|-damage|p2a: Aelita|13/100 brn|[from] brn
|upkeep
|turn|24
|
|t:|1776057966
|move|p2a: Aelita|High Jump Kick|p1a: Corviknight
|-damage|p1a: Corviknight|82/100
|move|p1a: Corviknight|U-turn|p2a: Aelita
|-resisted|p2a: Aelita
|-damage|p2a: Aelita|8/100 brn
|
|t:|1776057972
|switch|p1a: Great Tusk|Great Tusk|7/100|[from] U-turn
|
|-damage|p2a: Aelita|2/100 brn|[from] brn
|upkeep
|turn|25
|
|t:|1776057976
|move|p2a: Aelita|Iron Head|p1a: Great Tusk
|-damage|p1a: Great Tusk|1/100
|move|p1a: Great Tusk|Rapid Spin|p2a: Aelita
|-damage|p2a: Aelita|0 fnt
|-boost|p1a: Great Tusk|spe|1
|faint|p2a: Aelita
|
|upkeep
|
|t:|1776057979
|switch|p2a: Crawli|Araquanid, M|100/100
|-damage|p2a: Crawli|76/100|[from] Stealth Rock
|turn|26
|
|t:|1776057986
|move|p1a: Great Tusk|Knock Off|p2a: Crawli
|-damage|p2a: Crawli|45/100
|-enditem|p2a: Crawli|Assault Vest|[from] move: Knock Off|[of] p1a: Great Tusk
|move|p2a: Crawli|Leech Life|p1a: Great Tusk
|-resisted|p1a: Great Tusk
|-damage|p1a: Great Tusk|0 fnt
|-heal|p2a: Crawli|45/100|[from] drain|[of] p1a: Great Tusk
|faint|p1a: Great Tusk
|-end|p1a: Great Tusk|Protosynthesis|[silent]
|
|upkeep
|
|t:|1776057995
|switch|p1a: Dragapult|Dragapult, F|27/100
|turn|27
|
|t:|1776057998
|move|p1a: Dragapult|Thunderbolt|p2a: Crawli
|-supereffective|p2a: Crawli
|-damage|p2a: Crawli|6/100
|move|p2a: Crawli|Mirror Coat|p1a: Dragapult
|-damage|p1a: Dragapult|0 fnt
|faint|p1a: Dragapult
|
|upkeep
|
|t:|1776058003
|switch|p1a: Corviknight|Corviknight, M|82/100
|turn|28
|
|t:|1776058006
|move|p1a: Corviknight|U-turn|p2a: Crawli
|-damage|p2a: Crawli|0 fnt
|faint|p2a: Crawli
|
|win|Edsled13
|raw|Edsled13's rating: 1298 &rarr; <strong>1322</strong><br />(+24 for winning)
|raw|ryry_mick's rating: 1283 &rarr; <strong>1259</strong><br />(-24 for losing)
|l|☆ryry_mick
|player|p2|
|l|☆Edsled13
|player|p1|
