|html|<div class="broadcast-blue"><strong>[Gen 9] OU is currently suspecting Tera Blast! For information on how to participate check out the <a href="https://www.smogon.com/tools/suspects/view/200">suspect thread</a>.</strong></div>
|j|☆alttesting124n
|j|☆overheat xyz
|t:|1776341873
|gametype|singles
|player|p1|alttesting124n|102|1522
|player|p2|overheat xyz|170|1564
|gen|9
|tier|[Gen 9] OU
|rated|
|rule|HP Percentage Mod: HP is shown in percentages
|rule|Endless Battle Clause: Forcing endless battles is banned
|rule|Species Clause: Limit one of each Pokémon
|rule|OHKO Clause: OHKO moves are banned
|rule|Evasion Items Clause: Evasion items are banned
|rule|Evasion Moves Clause: Evasion moves are banned
|rule|Evasion Abilities Clause: Evasion abilities are banned
|rule|Sleep Moves Clause: Sleep-inducing moves are banned
|clearpoke
|poke|p1|Rillaboom, F|
|poke|p1|Kyurem|
|poke|p1|Zapdos|
|poke|p1|Heatran, M|
|poke|p1|Great Tusk|
|poke|p1|Weezing-Galar, F|
|poke|p2|Dragapult, F|
|poke|p2|Garganacl, M|
|poke|p2|Rillaboom, M|
|poke|p2|Slowking-Galar, F|
|poke|p2|Kingambit, M|
|poke|p2|Corviknight, F|
|teampreview
|inactive|Battle timer is ON: inactive players will automatically lose when time's up. (requested by alttesting124n)
|inactive|overheat xyz has 120 seconds left.
|
|t:|1776341918
|teamsize|p1|6
|teamsize|p2|6
|start
|switch|p1a: Kyurem|Kyurem|100/100
|switch|p2a: Rillaboom|Rillaboom, M|100/100
|-ability|p1a: Kyurem|Pressure
|-fieldstart|move: Grassy Terrain|[from] ability: Grassy Surge|[of] p2a: Rillaboom
|turn|1
|l|☆alttesting124n
|inactive|alttesting124n disconnected and has a minute to reconnect!
|player|p1|
|j|☆alttesting124n
|inactive|alttesting124n reconnected and has 120 seconds left.
|player|p1|alttesting124n|102|
|
|t:|1776341957
|switch|p2a: Slowking|Slowking-Galar, F|100/100
|move|p1a: Kyurem|Protect||[still]
|-fail|p1a: Kyurem
|
|upkeep
|turn|2
|
|t:|1776341966
|move|p1a: Kyurem|Substitute|p1a: Kyurem
|-start|p1a: Kyurem|Substitute
|-damage|p1a: Kyurem|75/100
|move|p2a: Slowking|Sludge Bomb|p1a: Kyurem
|-end|p1a: Kyurem|Substitute
|
|-heal|p1a: Kyurem|82/100|[from] Grassy Terrain
|-heal|p1a: Kyurem|88/100|[from] item: Leftovers
|upkeep
|turn|3
|
|t:|1776341972
|move|p1a: Kyurem|Protect|p1a: Kyurem
|-singleturn|p1a: Kyurem|Protect
|move|p2a: Slowking|Sludge Bomb|p1a: Kyurem
|-activate|p1a: Kyurem|move: Protect
|
|-heal|p1a: Kyurem|94/100|[from] Grassy Terrain
|-heal|p1a: Kyurem|99/100|[from] item: Leftovers
|upkeep
|turn|4
|
|t:|1776341976
|-terastallize|p1a: Kyurem|Ground
|move|p1a: Kyurem|Substitute|p1a: Kyurem
|-start|p1a: Kyurem|Substitute
|-damage|p1a: Kyurem|75/100
|move|p2a: Slowking|Sludge Bomb|p1a: Kyurem
|-resisted|p1a: Kyurem
|-activate|p1a: Kyurem|move: Substitute|[damage]
|
|-heal|p1a: Kyurem|81/100|[from] Grassy Terrain
|-heal|p1a: Kyurem|88/100|[from] item: Leftovers
|upkeep
|turn|5
|
|t:|1776341982
|move|p1a: Kyurem|Earth Power|p2a: Slowking
|-supereffective|p2a: Slowking
|-damage|p2a: Slowking|65/100
|move|p2a: Slowking|Ice Beam|p1a: Kyurem
|-supereffective|p1a: Kyurem
|-end|p1a: Kyurem|Substitute
|
|-heal|p1a: Kyurem|94/100|[from] Grassy Terrain
|-heal|p1a: Kyurem|99/100|[from] item: Leftovers
|-heal|p2a: Slowking|72/100|[from] Grassy Terrain
|-fieldend|move: Grassy Terrain
|upkeep
|turn|6
|
|t:|1776341989
|switch|p2a: Corviknight|Corviknight, F|100/100
|-ability|p2a: Corviknight|Pressure
|move|p1a: Kyurem|Earth Power|p2a: Corviknight
|-immune|p2a: Corviknight
|
|-heal|p1a: Kyurem|100/100|[from] item: Leftovers
|upkeep
|turn|7
|
|t:|1776341999
|move|p1a: Kyurem|Substitute|p1a: Kyurem
|-start|p1a: Kyurem|Substitute
|-damage|p1a: Kyurem|75/100
|move|p2a: Corviknight|Iron Defense|p2a: Corviknight
|-boost|p2a: Corviknight|def|2
|
|-heal|p1a: Kyurem|82/100|[from] item: Leftovers
|upkeep
|turn|8
|
|t:|1776342004
|move|p1a: Kyurem|Protect|p1a: Kyurem
|-singleturn|p1a: Kyurem|Protect
|move|p2a: Corviknight|Body Press|p1a: Kyurem
|-activate|p1a: Kyurem|move: Protect
|
|-heal|p1a: Kyurem|88/100|[from] item: Leftovers
|upkeep
|turn|9
|
|t:|1776342009
|move|p1a: Kyurem|Freeze-Dry|p2a: Corviknight
|-damage|p2a: Corviknight|67/100
|move|p2a: Corviknight|Body Press|p1a: Kyurem
|-end|p1a: Kyurem|Substitute
|
|-heal|p1a: Kyurem|94/100|[from] item: Leftovers
|upkeep
|turn|10
|
|t:|1776342019
|move|p1a: Kyurem|Substitute|p1a: Kyurem
|-start|p1a: Kyurem|Substitute
|-damage|p1a: Kyurem|69/100
|move|p2a: Corviknight|Roost|p2a: Corviknight
|-heal|p2a: Corviknight|100/100
|-singleturn|p2a: Corviknight|move: Roost
|
|-heal|p1a: Kyurem|75/100|[from] item: Leftovers
|upkeep
|turn|11
|
|t:|1776342024
|move|p1a: Kyurem|Protect|p1a: Kyurem
|-singleturn|p1a: Kyurem|Protect
|move|p2a: Corviknight|Iron Defense|p2a: Corviknight
|-boost|p2a: Corviknight|def|2
|
|-heal|p1a: Kyurem|81/100|[from] item: Leftovers
|upkeep
|turn|12
|
|t:|1776342030
|move|p1a: Kyurem|Freeze-Dry|p2a: Corviknight
|-damage|p2a: Corviknight|67/100
|move|p2a: Corviknight|Iron Defense|p2a: Corviknight
|-boost|p2a: Corviknight|def|2
|
|-heal|p1a: Kyurem|88/100|[from] item: Leftovers
|upkeep
|turn|13
|
|t:|1776342038
|move|p1a: Kyurem|Freeze-Dry|p2a: Corviknight
|-damage|p2a: Corviknight|34/100
|move|p2a: Corviknight|Body Press|p1a: Kyurem
|-end|p1a: Kyurem|Substitute
|
|-heal|p1a: Kyurem|94/100|[from] item: Leftovers
|upkeep
|turn|14
|
|t:|1776342046
|move|p1a: Kyurem|Substitute|p1a: Kyurem
|-start|p1a: Kyurem|Substitute
|-damage|p1a: Kyurem|69/100
|move|p2a: Corviknight|Roost|p2a: Corviknight
|-heal|p2a: Corviknight|84/100
|-singleturn|p2a: Corviknight|move: Roost
|
|-heal|p1a: Kyurem|75/100|[from] item: Leftovers
|upkeep
|turn|15
|
|t:|1776342054
|move|p1a: Kyurem|Freeze-Dry|p2a: Corviknight
|-damage|p2a: Corviknight|50/100
|move|p2a: Corviknight|Defog||[still]
|-fail|p2a: Corviknight
|
|-heal|p1a: Kyurem|81/100|[from] item: Leftovers
|upkeep
|turn|16
|
|t:|1776342061
|move|p1a: Kyurem|Freeze-Dry|p2a: Corviknight
|-damage|p2a: Corviknight|12/100
|move|p2a: Corviknight|Roost|p2a: Corviknight
|-heal|p2a: Corviknight|62/100
|-singleturn|p2a: Corviknight|move: Roost
|
|-heal|p1a: Kyurem|87/100|[from] item: Leftovers
|upkeep
|turn|17
|
|t:|1776342067
|move|p1a: Kyurem|Freeze-Dry|p2a: Corviknight
|-damage|p2a: Corviknight|27/100
|move|p2a: Corviknight|Roost|p2a: Corviknight
|-heal|p2a: Corviknight|77/100
|-singleturn|p2a: Corviknight|move: Roost
|
|-heal|p1a: Kyurem|94/100|[from] item: Leftovers
|upkeep
|turn|18
|
|t:|1776342072
|switch|p2a: Slowking|Slowking-Galar, F|100/100
|move|p1a: Kyurem|Freeze-Dry|p2a: Slowking
|-damage|p2a: Slowking|86/100
|
|-heal|p1a: Kyurem|99/100|[from] item: Leftovers
|upkeep
|turn|19
|
|t:|1776342079
|switch|p2a: Corviknight|Corviknight, F|77/100
|-ability|p2a: Corviknight|Pressure
|move|p1a: Kyurem|Earth Power|p2a: Corviknight
|-immune|p2a: Corviknight
|
|-heal|p1a: Kyurem|100/100|[from] item: Leftovers
|upkeep
|turn|20
|
|t:|1776342085
|switch|p2a: Slowking|Slowking-Galar, F|100/100
|move|p1a: Kyurem|Freeze-Dry|p2a: Slowking
|-damage|p2a: Slowking|86/100
|
|upkeep
|turn|21
|
|t:|1776342093
|move|p1a: Kyurem|Earth Power|p2a: Slowking
|-supereffective|p2a: Slowking
|-damage|p2a: Slowking|46/100
|move|p2a: Slowking|Ice Beam|p1a: Kyurem
|-supereffective|p1a: Kyurem
|-end|p1a: Kyurem|Substitute
|
|upkeep
|turn|22
|
|t:|1776342101
|switch|p1a: Weezing|Weezing-Galar, F, shiny|100/100
|-ability|p1a: Weezing|Neutralizing Gas
|switch|p2a: Corviknight|Corviknight, F|77/100
|
|upkeep
|turn|23
|
|t:|1776342105
|switch|p2a: Slowking|Slowking-Galar, F|46/100
|move|p1a: Weezing|Will-O-Wisp|p2a: Slowking
|-status|p2a: Slowking|brn
|
|-damage|p2a: Slowking|40/100 brn|[from] brn
|upkeep
|turn|24
|
|t:|1776342114
|-end|p1a: Weezing|ability: Neutralizing Gas
|switch|p1a: Heatran|Heatran, M|100/100
|move|p2a: Slowking|Psyshock|p1a: Heatran
|-resisted|p1a: Heatran
|-damage|p1a: Heatran|87/100
|
|-heal|p1a: Heatran|93/100|[from] item: Leftovers
|-damage|p2a: Slowking|33/100 brn|[from] brn
|upkeep
|turn|25
|
|t:|1776342118
|switch|p1a: Weezing|Weezing-Galar, F, shiny|100/100
|-ability|p1a: Weezing|Neutralizing Gas
|switch|p2a: Garganacl|Garganacl, M|100/100
|
|upkeep
|turn|26
|
|t:|1776342125
|switch|p2a: Slowking|Slowking-Galar, F|33/100 brn
|move|p1a: Weezing|Will-O-Wisp|p2a: Slowking
|-fail|p2a: Slowking|brn
|
|-damage|p2a: Slowking|27/100 brn|[from] brn
|upkeep
|turn|27
|
|t:|1776342131
|switch|p2a: Garganacl|Garganacl, M|100/100
|move|p1a: Weezing|Strange Steam|p2a: Garganacl
|-damage|p2a: Garganacl|82/100
|
|-heal|p2a: Garganacl|89/100|[from] item: Leftovers
|upkeep
|turn|28
|
|t:|1776342137
|move|p1a: Weezing|Strange Steam|p2a: Garganacl
|-crit|p2a: Garganacl
|-damage|p2a: Garganacl|63/100
|-start|p2a: Garganacl|confusion
|-activate|p2a: Garganacl|confusion
|move|p2a: Garganacl|Stealth Rock|p1a: Weezing
|-sidestart|p1: alttesting124n|move: Stealth Rock
|
|-heal|p2a: Garganacl|69/100|[from] item: Leftovers
|upkeep
|turn|29
|
|t:|1776342141
|-end|p2a: Garganacl|confusion
|move|p2a: Garganacl|Protect|p2a: Garganacl
|-singleturn|p2a: Garganacl|Protect
|move|p1a: Weezing|Will-O-Wisp|p2a: Garganacl
|-activate|p2a: Garganacl|move: Protect
|
|-heal|p2a: Garganacl|75/100|[from] item: Leftovers
|upkeep
|turn|30
|
|t:|1776342147
|move|p1a: Weezing|Strange Steam|p2a: Garganacl
|-damage|p2a: Garganacl|59/100
|move|p2a: Garganacl|Salt Cure|p1a: Weezing
|-damage|p1a: Weezing|92/100
|-start|p1a: Weezing|Salt Cure
|
|-heal|p1a: Weezing|98/100|[from] item: Leftovers
|-heal|p2a: Garganacl|65/100|[from] item: Leftovers
|-damage|p1a: Weezing|85/100|[from] Salt Cure
|upkeep
|turn|31
|
|t:|1776342154
|move|p1a: Weezing|Defog|p2a: Garganacl
|-unboost|p2a: Garganacl|evasion|1
|-sideend|p1: alttesting124n|Stealth Rock|[from] move: Defog|[of] p1a: Weezing
|move|p2a: Garganacl|Recover|p2a: Garganacl
|-heal|p2a: Garganacl|100/100
|
|-heal|p1a: Weezing|91/100|[from] item: Leftovers
|-damage|p1a: Weezing|79/100|[from] Salt Cure
|upkeep
|turn|32
|
|t:|1776342159
|move|p1a: Weezing|Will-O-Wisp|p2a: Garganacl
|-status|p2a: Garganacl|brn
|move|p2a: Garganacl|Stealth Rock|p1a: Weezing
|-sidestart|p1: alttesting124n|move: Stealth Rock
|
|-heal|p1a: Weezing|85/100|[from] item: Leftovers
|-damage|p2a: Garganacl|94/100 brn|[from] brn
|-damage|p1a: Weezing|73/100|[from] Salt Cure
|upkeep
|turn|33
|
|t:|1776342164
|move|p1a: Weezing|Defog|p2a: Garganacl
|-unboost|p2a: Garganacl|evasion|1
|-sideend|p1: alttesting124n|Stealth Rock|[from] move: Defog|[of] p1a: Weezing
|move|p2a: Garganacl|Salt Cure|p1a: Weezing
|-damage|p1a: Weezing|68/100
|
|-heal|p1a: Weezing|74/100|[from] item: Leftovers
|-heal|p2a: Garganacl|100/100 brn|[from] item: Leftovers
|-damage|p2a: Garganacl|94/100 brn|[from] brn
|-damage|p1a: Weezing|62/100|[from] Salt Cure
|upkeep
|turn|34
|
|t:|1776342168
|-end|p1a: Weezing|ability: Neutralizing Gas
|switch|p1a: Kyurem|Kyurem, tera:Ground|100/100
|-ability|p1a: Kyurem|Pressure
|move|p2a: Garganacl|Stealth Rock|p1a: Kyurem
|-sidestart|p1: alttesting124n|move: Stealth Rock
|
|-heal|p2a: Garganacl|100/100 brn|[from] item: Leftovers
|-damage|p2a: Garganacl|94/100 brn|[from] brn
|upkeep
|turn|35
|
|t:|1776342176
|switch|p2a: Corviknight|Corviknight, F|77/100
|-ability|p2a: Corviknight|Pressure
|move|p1a: Kyurem|Substitute|p1a: Kyurem
|-start|p1a: Kyurem|Substitute
|-damage|p1a: Kyurem|75/100
|
|-heal|p1a: Kyurem|82/100|[from] item: Leftovers
|upkeep
|turn|36
|
|t:|1776342187
|move|p1a: Kyurem|Earth Power|p2a: Corviknight
|-immune|p2a: Corviknight
|move|p2a: Corviknight|Iron Defense|p2a: Corviknight
|-boost|p2a: Corviknight|def|2
|
|-heal|p1a: Kyurem|88/100|[from] item: Leftovers
|upkeep
|turn|37
|
|t:|1776342195
|move|p1a: Kyurem|Freeze-Dry|p2a: Corviknight
|-damage|p2a: Corviknight|43/100
|move|p2a: Corviknight|Roost|p2a: Corviknight
|-heal|p2a: Corviknight|93/100
|-singleturn|p2a: Corviknight|move: Roost
|
|-heal|p1a: Kyurem|94/100|[from] item: Leftovers
|upkeep
|turn|38
|
|t:|1776342204
|move|p1a: Kyurem|Freeze-Dry|p2a: Corviknight
|-damage|p2a: Corviknight|59/100
|move|p2a: Corviknight|Iron Defense|p2a: Corviknight
|-boost|p2a: Corviknight|def|2
|
|-heal|p1a: Kyurem|99/100|[from] item: Leftovers
|upkeep
|turn|39
|
|t:|1776342215
|move|p1a: Kyurem|Freeze-Dry|p2a: Corviknight
|-damage|p2a: Corviknight|24/100
|move|p2a: Corviknight|Roost|p2a: Corviknight
|-heal|p2a: Corviknight|74/100
|-singleturn|p2a: Corviknight|move: Roost
|
|-heal|p1a: Kyurem|100/100|[from] item: Leftovers
|upkeep
|turn|40
|
|t:|1776342222
|switch|p2a: Garganacl|Garganacl, M|94/100 brn
|move|p1a: Kyurem|Freeze-Dry|p2a: Garganacl
|-damage|p2a: Garganacl|71/100 brn
|
|-heal|p2a: Garganacl|77/100 brn|[from] item: Leftovers
|-damage|p2a: Garganacl|71/100 brn|[from] brn
|upkeep
|turn|41
|
|t:|1776342234
|move|p1a: Kyurem|Freeze-Dry|p2a: Garganacl
|-damage|p2a: Garganacl|49/100 brn
|move|p2a: Garganacl|Recover|p2a: Garganacl
|-heal|p2a: Garganacl|99/100 brn
|
|-heal|p2a: Garganacl|100/100 brn|[from] item: Leftovers
|-damage|p2a: Garganacl|94/100 brn|[from] brn
|upkeep
|turn|42
|
|t:|1776342240
|move|p2a: Garganacl|Protect|p2a: Garganacl
|-singleturn|p2a: Garganacl|Protect
|move|p1a: Kyurem|Freeze-Dry|p2a: Garganacl
|-activate|p2a: Garganacl|move: Protect
|
|-heal|p2a: Garganacl|100/100 brn|[from] item: Leftovers
|-damage|p2a: Garganacl|94/100 brn|[from] brn
|upkeep
|turn|43
|
|t:|1776342246
|switch|p2a: Corviknight|Corviknight, F|74/100
|-ability|p2a: Corviknight|Pressure
|move|p1a: Kyurem|Earth Power|p2a: Corviknight
|-immune|p2a: Corviknight
|
|upkeep
|turn|44
|
|t:|1776342254
|switch|p2a: Garganacl|Garganacl, M|94/100 brn
|move|p1a: Kyurem|Protect||[still]
|-fail|p1a: Kyurem
|
|-heal|p2a: Garganacl|100/100 brn|[from] item: Leftovers
|-damage|p2a: Garganacl|94/100 brn|[from] brn
|upkeep
|turn|45
|
|t:|1776342265
|move|p1a: Kyurem|Protect|p1a: Kyurem
|-singleturn|p1a: Kyurem|Protect
|move|p2a: Garganacl|Protect||[still]
|-fail|p2a: Garganacl
|
|-heal|p2a: Garganacl|100/100 brn|[from] item: Leftovers
|-damage|p2a: Garganacl|94/100 brn|[from] brn
|upkeep
|turn|46
|
|t:|1776342273
|move|p1a: Kyurem|Substitute|p1a: Kyurem
|-fail|p1a: Kyurem|move: Substitute
|move|p2a: Garganacl|Stealth Rock||[still]
|-fail|p2a: Garganacl
|
|-heal|p2a: Garganacl|100/100 brn|[from] item: Leftovers
|-damage|p2a: Garganacl|94/100 brn|[from] brn
|upkeep
|turn|47
|
|t:|1776342278
|move|p2a: Garganacl|Protect|p2a: Garganacl
|-singleturn|p2a: Garganacl|Protect
|move|p1a: Kyurem|Earth Power|p2a: Garganacl
|-activate|p2a: Garganacl|move: Protect
|
|-heal|p2a: Garganacl|100/100 brn|[from] item: Leftovers
|-damage|p2a: Garganacl|94/100 brn|[from] brn
|upkeep
|turn|48
|
|t:|1776342286
|switch|p2a: Slowking|Slowking-Galar, F|27/100 brn
|move|p1a: Kyurem|Freeze-Dry|p2a: Slowking
|-crit|p2a: Slowking
|-damage|p2a: Slowking|5/100 brn
|
|-damage|p2a: Slowking|0 fnt|[from] brn
|faint|p2a: Slowking
|upkeep
|
|t:|1776342295
|switch|p2a: Rillaboom|Rillaboom, M|100/100
|-fieldstart|move: Grassy Terrain|[from] ability: Grassy Surge|[of] p2a: Rillaboom
|turn|49
|
|t:|1776342300
|switch|p2a: Garganacl|Garganacl, M|94/100 brn
|move|p1a: Kyurem|Protect||[still]
|-fail|p1a: Kyurem
|
|-heal|p2a: Garganacl|100/100 brn|[from] Grassy Terrain
|-damage|p2a: Garganacl|94/100 brn|[from] brn
|upkeep
|turn|50
|
|t:|1776342305
|move|p1a: Kyurem|Substitute|p1a: Kyurem
|-fail|p1a: Kyurem|move: Substitute
|move|p2a: Garganacl|Salt Cure|p1a: Kyurem
|-resisted|p1a: Kyurem
|-activate|p1a: Kyurem|move: Substitute|[damage]
|
|-heal|p2a: Garganacl|100/100 brn|[from] Grassy Terrain
|-damage|p2a: Garganacl|94/100 brn|[from] brn
|upkeep
|turn|51
|
|t:|1776342308
|move|p1a: Kyurem|Substitute|p1a: Kyurem
|-fail|p1a: Kyurem|move: Substitute
|move|p2a: Garganacl|Salt Cure|p1a: Kyurem
|-resisted|p1a: Kyurem
|-crit|p1a: Kyurem
|-activate|p1a: Kyurem|move: Substitute|[damage]
|
|-heal|p2a: Garganacl|100/100 brn|[from] Grassy Terrain
|-damage|p2a: Garganacl|94/100 brn|[from] brn
|upkeep
|turn|52
|
|t:|1776342315
|switch|p2a: Corviknight|Corviknight, F|74/100
|-ability|p2a: Corviknight|Pressure
|move|p1a: Kyurem|Substitute|p1a: Kyurem
|-fail|p1a: Kyurem|move: Substitute
|
|upkeep
|turn|53
|
|t:|1776342323
|move|p1a: Kyurem|Freeze-Dry|p2a: Corviknight
|-damage|p2a: Corviknight|39/100
|move|p2a: Corviknight|Iron Defense|p2a: Corviknight
|-boost|p2a: Corviknight|def|2
|
|-fieldend|move: Grassy Terrain
|upkeep
|turn|54
|
|t:|1776342328
|move|p1a: Kyurem|Freeze-Dry|p2a: Corviknight
|-damage|p2a: Corviknight|4/100
|-status|p2a: Corviknight|frz
|cant|p2a: Corviknight|frz
|
|upkeep
|turn|55
|
|t:|1776342336
|move|p1a: Kyurem|Freeze-Dry|p2a: Corviknight
|-damage|p2a: Corviknight|0 fnt
|faint|p2a: Corviknight
|
|upkeep
|
|t:|1776342346
|switch|p2a: Dragapult|Dragapult, F|100/100
|turn|56
|
|t:|1776342350
|switch|p2a: Garganacl|Garganacl, M|94/100 brn
|move|p1a: Kyurem|Earth Power|p2a: Garganacl
|-supereffective|p2a: Garganacl
|-damage|p2a: Garganacl|40/100 brn
|
|-heal|p2a: Garganacl|47/100 brn|[from] item: Leftovers
|-damage|p2a: Garganacl|40/100 brn|[from] brn
|upkeep
|turn|57
|
|t:|1776342355
|move|p1a: Kyurem|Earth Power|p2a: Garganacl
|-supereffective|p2a: Garganacl
|-damage|p2a: Garganacl|0 fnt
|faint|p2a: Garganacl
|
|upkeep
|-message|overheat xyz forfeited.
|
|win|alttesting124n
|raw|alttesting124n's rating: 1522 &rarr; <strong>1544</strong><br />(+22 for winning)
|raw|overheat xyz's rating: 1564 &rarr; <strong>1542</strong><br />(-22 for losing)
|l|☆overheat xyz
|player|p2|
