|html|<div class="broadcast-blue"><strong>[Gen 9] OU is currently suspecting Tera Blast! For information on how to participate check out the <a href="https://www.smogon.com/tools/suspects/view/200">suspect thread</a>.</strong></div>
|j|☆Blastoise_Choice
|j|☆BublBulla
|t:|1776056065
|gametype|singles
|player|p1|Blastoise_Choice|benga|1533
|player|p2|BublBulla|winona|1463
|gen|9
|tier|[Gen 9] OU
|rated|
|rule|HP Percentage Mod: HP is shown in percentages
|rule|Endless Battle Clause: Forcing endless battles is banned
|rule|Species Clause: Limit one of each Pokémon
|rule|OHKO Clause: OHKO moves are banned
|rule|Evasion Items Clause: Evasion items are banned
|rule|Evasion Moves Clause: Evasion moves are banned
|rule|Evasion Abilities Clause: Evasion abilities are banned
|rule|Sleep Moves Clause: Sleep-inducing moves are banned
|clearpoke
|poke|p1|Hydrapple, M|
|poke|p1|Tyranitar, F|
|poke|p1|Moltres|
|poke|p1|Zamazenta-*|
|poke|p1|Slowking-Galar, M|
|poke|p1|Excadrill, F|
|poke|p2|Pelipper, M|
|poke|p2|Manaphy|
|poke|p2|Bruxish, M|
|poke|p2|Overqwil, F|
|poke|p2|Iron Treads|
|poke|p2|Raging Bolt|
|teampreview
|inactive|Battle timer is ON: inactive players will automatically lose when time's up. (requested by BublBulla)
|c|☆Blastoise_Choice|hf
|inactive|Blastoise_Choice also wants the timer to be on.
|
|t:|1776056076
|teamsize|p1|6
|teamsize|p2|6
|start
|switch|p1a: Zamazenta|Zamazenta|100/100
|switch|p2a: Pelipper|Pelipper, M|100/100
|-ability|p1a: Zamazenta|Dauntless Shield|boost
|-boost|p1a: Zamazenta|def|1
|-weather|RainDance|[from] ability: Drizzle|[of] p2a: Pelipper
|turn|1
|
|t:|1776056083
|switch|p1a: Tyranitar|Tyranitar, F|100/100
|-weather|Sandstorm|[from] ability: Sand Stream|[of] p1a: Tyranitar
|move|p2a: Pelipper|Hurricane|p1a: Tyranitar
|-resisted|p1a: Tyranitar
|-damage|p1a: Tyranitar|93/100
|
|-weather|Sandstorm|[upkeep]
|-damage|p2a: Pelipper|94/100|[from] Sandstorm
|upkeep
|turn|2
|
|t:|1776056093
|switch|p2a: Iron Treads|Iron Treads|100/100
|-enditem|p2a: Iron Treads|Booster Energy
|-activate|p2a: Iron Treads|ability: Quark Drive|[fromitem]
|-start|p2a: Iron Treads|quarkdrivespe
|move|p1a: Tyranitar|Knock Off|p2a: Iron Treads
|-damage|p2a: Iron Treads|80/100
|
|-weather|Sandstorm|[upkeep]
|upkeep
|turn|3
|
|t:|1776056100
|switch|p1a: Zamazenta|Zamazenta|100/100
|move|p2a: Iron Treads|Stealth Rock|p1a: Zamazenta
|-sidestart|p1: Blastoise_Choice|move: Stealth Rock
|
|-weather|Sandstorm|[upkeep]
|-damage|p1a: Zamazenta|94/100|[from] Sandstorm
|-heal|p1a: Zamazenta|100/100|[from] item: Leftovers
|upkeep
|turn|4
|
|t:|1776056107
|-end|p2a: Iron Treads|Quark Drive|[silent]
|switch|p2a: Pelipper|Pelipper, M|94/100
|-weather|RainDance|[from] ability: Drizzle|[of] p2a: Pelipper
|move|p1a: Zamazenta|Body Press|p2a: Pelipper
|-resisted|p2a: Pelipper
|-damage|p2a: Pelipper|80/100
|
|-weather|RainDance|[upkeep]
|upkeep
|turn|5
|
|t:|1776056114
|switch|p1a: Tyranitar|Tyranitar, F|93/100
|-damage|p1a: Tyranitar|80/100|[from] Stealth Rock
|-weather|Sandstorm|[from] ability: Sand Stream|[of] p1a: Tyranitar
|move|p2a: Pelipper|U-turn|p1a: Tyranitar
|-supereffective|p1a: Tyranitar
|-damage|p1a: Tyranitar|68/100
|
|t:|1776056125
|switch|p2a: Iron Treads|Iron Treads|80/100|[from] U-turn
|
|-weather|Sandstorm|[upkeep]
|upkeep
|turn|6
|
|t:|1776056132
|move|p2a: Iron Treads|Earthquake|p1a: Tyranitar
|-supereffective|p1a: Tyranitar
|-damage|p1a: Tyranitar|13/100
|move|p1a: Tyranitar|Stealth Rock|p2a: Iron Treads
|-sidestart|p2: BublBulla|move: Stealth Rock
|
|-weather|Sandstorm|[upkeep]
|upkeep
|turn|7
|
|t:|1776056138
|move|p2a: Iron Treads|Rapid Spin|p1a: Tyranitar
|-resisted|p1a: Tyranitar
|-damage|p1a: Tyranitar|8/100
|-boost|p2a: Iron Treads|spe|1
|-sideend|p2: BublBulla|Stealth Rock|[from] move: Rapid Spin|[of] p2a: Iron Treads
|move|p1a: Tyranitar|Ice Beam|p2a: Iron Treads
|-damage|p2a: Iron Treads|60/100
|
|-weather|Sandstorm|[upkeep]
|upkeep
|turn|8
|
|t:|1776056142
|switch|p1a: Zamazenta|Zamazenta|100/100
|-damage|p1a: Zamazenta|94/100|[from] Stealth Rock
|move|p2a: Iron Treads|Knock Off|p1a: Zamazenta
|-resisted|p1a: Zamazenta
|-damage|p1a: Zamazenta|84/100
|-enditem|p1a: Zamazenta|Leftovers|[from] move: Knock Off|[of] p2a: Iron Treads
|
|-weather|Sandstorm|[upkeep]
|-damage|p1a: Zamazenta|78/100|[from] Sandstorm
|upkeep
|turn|9
|
|t:|1776056146
|-end|p2a: Iron Treads|Quark Drive|[silent]
|switch|p2a: Pelipper|Pelipper, M|80/100
|-weather|RainDance|[from] ability: Drizzle|[of] p2a: Pelipper
|move|p1a: Zamazenta|Body Press|p2a: Pelipper
|-resisted|p2a: Pelipper
|-damage|p2a: Pelipper|66/100
|
|-weather|RainDance|[upkeep]
|upkeep
|turn|10
|
|t:|1776056153
|switch|p1a: Slowking|Slowking-Galar, M|100/100
|-damage|p1a: Slowking|88/100|[from] Stealth Rock
|move|p2a: Pelipper|U-turn|p1a: Slowking
|-damage|p1a: Slowking|82/100
|
|t:|1776056156
|switch|p2a: Bruxish|Bruxish, M|100/100|[from] U-turn
|
|-weather|RainDance|[upkeep]
|upkeep
|turn|11
|
|t:|1776056167
|move|p2a: Bruxish|Wave Crash|p1a: Slowking
|-damage|p1a: Slowking|20/100
|-damage|p2a: Bruxish|71/100|[from] Recoil
|move|p1a: Slowking|Sludge Bomb|p2a: Bruxish
|-damage|p2a: Bruxish|13/100
|-status|p2a: Bruxish|psn
|
|-weather|RainDance|[upkeep]
|-damage|p2a: Bruxish|1/100 psn|[from] psn
|upkeep
|turn|12
|
|t:|1776056176
|switch|p2a: Manaphy|Manaphy|100/100
|switch|p1a: Hydrapple|Hydrapple, M|100/100
|
|-weather|RainDance|[upkeep]
|upkeep
|turn|13
|
|t:|1776056182
|-terastallize|p1a: Hydrapple|Poison
|move|p2a: Manaphy|Tail Glow|p2a: Manaphy
|-boost|p2a: Manaphy|spa|3
|move|p1a: Hydrapple|Giga Drain|p2a: Manaphy
|-supereffective|p2a: Manaphy
|-damage|p2a: Manaphy|37/100
|
|-weather|RainDance|[upkeep]
|upkeep
|turn|14
|
|t:|1776056189
|switch|p1a: Tyranitar|Tyranitar, F|8/100
|-damage|p1a: Tyranitar|0 fnt|[from] Stealth Rock
|faint|p1a: Tyranitar
|move|p2a: Manaphy|Surf|p1: Tyranitar|[notarget]
|-fail|p2a: Manaphy
|
|-weather|RainDance|[upkeep]
|upkeep
|
|t:|1776056195
|switch|p1a: Zamazenta|Zamazenta|78/100
|-damage|p1a: Zamazenta|72/100|[from] Stealth Rock
|turn|15
|
|t:|1776056202
|move|p1a: Zamazenta|Body Press|p2a: Manaphy
|-damage|p2a: Manaphy|0 fnt
|faint|p2a: Manaphy
|
|-weather|RainDance|[upkeep]
|upkeep
|
|t:|1776056211
|switch|p2a: Overqwil|Overqwil, F, shiny|100/100
|turn|16
|
|t:|1776056217
|move|p2a: Overqwil|Swords Dance|p2a: Overqwil
|-boost|p2a: Overqwil|atk|2
|move|p1a: Zamazenta|Body Press|p2a: Overqwil
|-damage|p2a: Overqwil|55/100
|
|-weather|none
|upkeep
|turn|17
|
|t:|1776056225
|move|p1a: Zamazenta|Body Press|p2a: Overqwil
|-damage|p2a: Overqwil|9/100
|move|p2a: Overqwil|Gunk Shot|p1a: Zamazenta
|-damage|p1a: Zamazenta|0 fnt
|faint|p1a: Zamazenta
|-damage|p2a: Overqwil|0 fnt|[from] item: Life Orb
|faint|p2a: Overqwil
|
|upkeep
|
|t:|1776056233
|switch|p1a: Slowking|Slowking-Galar, M|53/100
|switch|p2a: Pelipper|Pelipper, M|66/100
|-weather|RainDance|[from] ability: Drizzle|[of] p2a: Pelipper
|-damage|p1a: Slowking|41/100|[from] Stealth Rock
|turn|18
|
|t:|1776056240
|move|p2a: Pelipper|U-turn|p1a: Slowking
|-damage|p1a: Slowking|34/100
|
|t:|1776056242
|switch|p2a: Iron Treads|Iron Treads|60/100|[from] U-turn
|move|p1a: Slowking|Sludge Bomb|p2a: Iron Treads
|-immune|p2a: Iron Treads
|
|-weather|RainDance|[upkeep]
|upkeep
|turn|19
|
|t:|1776056249
|switch|p1a: Hydrapple|Hydrapple, M, tera:Poison|100/100
|move|p2a: Iron Treads|Knock Off|p1a: Hydrapple
|-damage|p1a: Hydrapple|85/100
|-enditem|p1a: Hydrapple|Heavy-Duty Boots|[from] move: Knock Off|[of] p2a: Iron Treads
|
|-weather|RainDance|[upkeep]
|upkeep
|turn|20
|
|t:|1776056252
|move|p2a: Iron Treads|Earthquake|p1a: Hydrapple
|-supereffective|p1a: Hydrapple
|-damage|p1a: Hydrapple|36/100
|move|p1a: Hydrapple|Fickle Beam|p2a: Iron Treads
|-resisted|p2a: Iron Treads
|-damage|p2a: Iron Treads|42/100
|
|-weather|RainDance|[upkeep]
|upkeep
|turn|21
|
|t:|1776056257
|switch|p1a: Moltres|Moltres|100/100
|move|p2a: Iron Treads|Earthquake|p1a: Moltres
|-immune|p1a: Moltres
|
|-weather|RainDance|[upkeep]
|upkeep
|turn|22
|
|t:|1776056262
|-end|p2a: Iron Treads|Quark Drive|[silent]
|switch|p2a: Bruxish|Bruxish, M|1/100 psn
|move|p1a: Moltres|U-turn|p2a: Bruxish
|-supereffective|p2a: Bruxish
|-crit|p2a: Bruxish
|-damage|p2a: Bruxish|0 fnt
|faint|p2a: Bruxish
|
|t:|1776056269
|switch|p1a: Slowking|Slowking-Galar, M|67/100|[from] U-turn
|-damage|p1a: Slowking|54/100|[from] Stealth Rock
|
|-weather|RainDance|[upkeep]
|upkeep
|
|t:|1776056276
|switch|p2a: Iron Treads|Iron Treads|42/100
|turn|23
|
|t:|1776056280
|switch|p1a: Moltres|Moltres|100/100
|move|p2a: Iron Treads|Earthquake|p1a: Moltres
|-immune|p1a: Moltres
|
|-weather|RainDance|[upkeep]
|upkeep
|turn|24
|
|t:|1776056283
|move|p2a: Iron Treads|Knock Off|p1a: Moltres
|-damage|p1a: Moltres|84/100
|-status|p2a: Iron Treads|brn|[from] ability: Flame Body|[of] p1a: Moltres
|-enditem|p1a: Moltres|Heavy-Duty Boots|[from] move: Knock Off|[of] p2a: Iron Treads
|move|p1a: Moltres|U-turn|p2a: Iron Treads
|-resisted|p2a: Iron Treads
|-damage|p2a: Iron Treads|37/100 brn
|
|t:|1776056287
|switch|p1a: Hydrapple|Hydrapple, M, tera:Poison|70/100|[from] U-turn
|-damage|p1a: Hydrapple|57/100|[from] Stealth Rock
|
|-weather|RainDance|[upkeep]
|-damage|p2a: Iron Treads|31/100 brn|[from] brn
|upkeep
|turn|25
|
|t:|1776056290
|move|p2a: Iron Treads|Earthquake|p1a: Hydrapple
|-supereffective|p1a: Hydrapple
|-damage|p1a: Hydrapple|33/100
|move|p1a: Hydrapple|Giga Drain|p2a: Iron Treads
|-damage|p2a: Iron Treads|1/100 brn
|-heal|p1a: Hydrapple|47/100|[from] drain|[of] p2a: Iron Treads
|
|-weather|none
|-damage|p2a: Iron Treads|0 fnt|[from] brn
|faint|p2a: Iron Treads
|-end|p2a: Iron Treads|Quark Drive|[silent]
|upkeep
|
|t:|1776056294
|switch|p2a: Pelipper|Pelipper, M|66/100
|-weather|RainDance|[from] ability: Drizzle|[of] p2a: Pelipper
|turn|26
|
|t:|1776056300
|switch|p1a: Slowking|Slowking-Galar, M|88/100
|-damage|p1a: Slowking|75/100|[from] Stealth Rock
|move|p2a: Pelipper|Weather Ball|p1a: Slowking
|-damage|p1a: Slowking|47/100
|
|-weather|RainDance|[upkeep]
|upkeep
|turn|27
|
|t:|1776056307
|move|p2a: Pelipper|Weather Ball|p1a: Slowking
|-damage|p1a: Slowking|22/100
|move|p1a: Slowking|Sludge Bomb|p2a: Pelipper
|-damage|p2a: Pelipper|16/100
|
|-weather|RainDance|[upkeep]
|upkeep
|turn|28
|
|t:|1776056312
|switch|p1a: Hydrapple|Hydrapple, M, tera:Poison|80/100
|-damage|p1a: Hydrapple|68/100|[from] Stealth Rock
|move|p2a: Pelipper|Weather Ball|p1a: Hydrapple
|-damage|p1a: Hydrapple|19/100
|
|-weather|RainDance|[upkeep]
|upkeep
|turn|29
|
|t:|1776056315
|move|p2a: Pelipper|Weather Ball|p1a: Hydrapple
|-damage|p1a: Hydrapple|0 fnt
|faint|p1a: Hydrapple
|
|-weather|RainDance|[upkeep]
|upkeep
|
|t:|1776056319
|switch|p1a: Excadrill|Excadrill, F|100/100
|-damage|p1a: Excadrill|97/100|[from] Stealth Rock
|-item|p1a: Excadrill|Air Balloon
|turn|30
|
|t:|1776056323
|move|p1a: Excadrill|Rapid Spin|p2a: Pelipper
|-damage|p2a: Pelipper|2/100
|-boost|p1a: Excadrill|spe|1
|-sideend|p1: Blastoise_Choice|Stealth Rock|[from] move: Rapid Spin|[of] p1a: Excadrill
|move|p2a: Pelipper|Weather Ball|p1a: Excadrill
|-supereffective|p1a: Excadrill
|-damage|p1a: Excadrill|0 fnt
|-enditem|p1a: Excadrill|Air Balloon
|faint|p1a: Excadrill
|
|-weather|RainDance|[upkeep]
|upkeep
|
|t:|1776056326
|switch|p1a: Moltres|Moltres|84/100
|turn|31
|
|t:|1776056330
|move|p1a: Moltres|U-turn|p2a: Pelipper
|-resisted|p2a: Pelipper
|-damage|p2a: Pelipper|0 fnt
|faint|p2a: Pelipper
|
|t:|1776056333
|switch|p1a: Slowking|Slowking-Galar, M|56/100|[from] U-turn
|
|-weather|RainDance|[upkeep]
|upkeep
|
|t:|1776056335
|switch|p2a: Raging Bolt|Raging Bolt|100/100
|-enditem|p2a: Raging Bolt|Booster Energy
|-activate|p2a: Raging Bolt|ability: Protosynthesis|[fromitem]
|-start|p2a: Raging Bolt|protosynthesisspa
|turn|32
|
|t:|1776056341
|move|p2a: Raging Bolt|Thunder|p1a: Slowking
|-damage|p1a: Slowking|8/100
|move|p1a: Slowking|Sludge Bomb|p2a: Raging Bolt
|-damage|p2a: Raging Bolt|67/100
|-status|p2a: Raging Bolt|psn
|
|-weather|RainDance|[upkeep]
|-damage|p2a: Raging Bolt|55/100 psn|[from] psn
|upkeep
|turn|33
|
|t:|1776056348
|switch|p1a: Moltres|Moltres|84/100
|move|p2a: Raging Bolt|Thunder|p1a: Moltres
|-supereffective|p1a: Moltres
|-damage|p1a: Moltres|0 fnt
|faint|p1a: Moltres
|
|-weather|none
|-damage|p2a: Raging Bolt|43/100 psn|[from] psn
|upkeep
|
|t:|1776056354
|switch|p1a: Slowking|Slowking-Galar, M|42/100
|turn|34
|
|t:|1776056360
|move|p2a: Raging Bolt|Thunder|p1a: Slowking|[miss]
|-miss|p2a: Raging Bolt|p1a: Slowking
|move|p1a: Slowking|Sludge Bomb|p2a: Raging Bolt
|-damage|p2a: Raging Bolt|14/100 psn
|
|-damage|p2a: Raging Bolt|2/100 psn|[from] psn
|upkeep
|turn|35
|
|t:|1776056366
|move|p2a: Raging Bolt|Thunder|p1a: Slowking|[miss]
|-miss|p2a: Raging Bolt|p1a: Slowking
|move|p1a: Slowking|Psyshock|p2a: Raging Bolt
|-damage|p2a: Raging Bolt|0 fnt
|faint|p2a: Raging Bolt
|-end|p2a: Raging Bolt|Protosynthesis|[silent]
|
|win|Blastoise_Choice
|raw|Blastoise_Choice's rating: 1533 &rarr; <strong>1549</strong><br />(+16 for winning)
|raw|BublBulla's rating: 1463 &rarr; <strong>1447</strong><br />(-16 for losing)
|c|☆Blastoise_Choice|gg
|l|☆BublBulla
|player|p2|
|l|☆Blastoise_Choice
|player|p1|
