|html|<div class="broadcast-blue"><strong>[Gen 9] OU is currently suspecting Tera Blast! For information on how to participate check out the <a href="https://www.smogon.com/tools/suspects/view/200">suspect thread</a>.</strong></div>
|j|☆Playm4ker52
|j|‽katholikon
|t:|1776344890
|gametype|singles
|player|p1|Playm4ker52|lucas|1582
|player|p2|katholikon|2|1613
|gen|9
|tier|[Gen 9] OU
|rated|
|rule|HP Percentage Mod: HP is shown in percentages
|rule|Endless Battle Clause: Forcing endless battles is banned
|rule|Species Clause: Limit one of each Pokémon
|rule|OHKO Clause: OHKO moves are banned
|rule|Evasion Items Clause: Evasion items are banned
|rule|Evasion Moves Clause: Evasion moves are banned
|rule|Evasion Abilities Clause: Evasion abilities are banned
|rule|Sleep Moves Clause: Sleep-inducing moves are banned
|clearpoke
|poke|p1|Kyurem|
|poke|p1|Primarina, M|
|poke|p1|Latios, M|
|poke|p1|Gengar, F|
|poke|p1|Great Tusk|
|poke|p1|Corviknight, M|
|poke|p2|Iron Boulder|
|poke|p2|Dragapult, F|
|poke|p2|Raging Bolt|
|poke|p2|Great Tusk|
|poke|p2|Ting-Lu|
|poke|p2|Corviknight, F|
|teampreview
|
|t:|1776344924
|teamsize|p1|6
|teamsize|p2|6
|start
|switch|p1a: A Great Chaos|Corviknight, M|100/100
|switch|p2a: Ting-Lu|Ting-Lu|100/100
|-ability|p1a: A Great Chaos|Pressure
|-ability|p2a: Ting-Lu|Vessel of Ruin
|turn|1
|inactive|Battle timer is ON: inactive players will automatically lose when time's up. (requested by Playm4ker52)
|
|t:|1776344963
|move|p1a: A Great Chaos|Body Press|p2a: Ting-Lu
|-supereffective|p2a: Ting-Lu
|-damage|p2a: Ting-Lu|69/100
|move|p2a: Ting-Lu|Stealth Rock|p1a: A Great Chaos
|-sidestart|p1: Playm4ker52|move: Stealth Rock
|
|-heal|p2a: Ting-Lu|75/100|[from] item: Leftovers
|upkeep
|turn|2
|
|t:|1776344969
|switch|p2a: Raging Bolt|Raging Bolt|100/100
|move|p1a: A Great Chaos|Defog|p2a: Raging Bolt
|-unboost|p2a: Raging Bolt|evasion|1
|-sideend|p1: Playm4ker52|Stealth Rock|[from] move: Defog|[of] p1a: A Great Chaos
|
|upkeep
|turn|3
|
|t:|1776344977
|switch|p1a: Tusky Soprano|Great Tusk|100/100
|-enditem|p1a: Tusky Soprano|Booster Energy
|-activate|p1a: Tusky Soprano|ability: Protosynthesis|[fromitem]
|-start|p1a: Tusky Soprano|protosynthesisatk
|move|p2a: Raging Bolt|Draco Meteor|p1a: Tusky Soprano
|-damage|p1a: Tusky Soprano|0 fnt
|-unboost|p2a: Raging Bolt|spa|2
|faint|p1a: Tusky Soprano
|-end|p1a: Tusky Soprano|Protosynthesis|[silent]
|
|upkeep
|
|t:|1776345000
|switch|p1a: My Singing Prima|Primarina, M|100/100
|turn|4
|
|t:|1776345011
|-end|p2a: Raging Bolt|Protosynthesis|[silent]
|switch|p2a: Corviknight|Corviknight, F|100/100
|-ability|p2a: Corviknight|Pressure
|move|p1a: My Singing Prima|Surf|p2a: Corviknight
|-damage|p2a: Corviknight|58/100
|
|upkeep
|turn|5
|
|t:|1776345019
|move|p2a: Corviknight|Roost|p2a: Corviknight
|-heal|p2a: Corviknight|100/100
|-singleturn|p2a: Corviknight|move: Roost
|move|p1a: My Singing Prima|Surf|p2a: Corviknight
|-damage|p2a: Corviknight|60/100
|
|upkeep
|turn|6
|
|t:|1776345035
|switch|p2a: Raging Bolt|Raging Bolt|100/100
|move|p1a: My Singing Prima|Surf|p2a: Raging Bolt
|-resisted|p2a: Raging Bolt
|-damage|p2a: Raging Bolt|76/100
|
|upkeep
|turn|7
|
|t:|1776345043
|switch|p1a: Blinding lights|Latios, M|100/100
|move|p2a: Raging Bolt|Thunderbolt|p1a: Blinding lights
|-resisted|p1a: Blinding lights
|-damage|p1a: Blinding lights|57/100
|
|upkeep
|turn|8
|
|t:|1776345059
|-end|p2a: Raging Bolt|Protosynthesis|[silent]
|switch|p2a: Ting-Lu|Ting-Lu|75/100
|-ability|p2a: Ting-Lu|Vessel of Ruin
|move|p1a: Blinding lights|Draco Meteor|p2a: Ting-Lu
|-damage|p2a: Ting-Lu|32/100
|-unboost|p1a: Blinding lights|spa|2
|
|-heal|p2a: Ting-Lu|39/100|[from] item: Leftovers
|upkeep
|turn|9
|
|t:|1776345068
|switch|p1a: A Great Chaos|Corviknight, M|100/100
|-ability|p1a: A Great Chaos|Pressure
|move|p2a: Ting-Lu|Stealth Rock|p1a: A Great Chaos
|-sidestart|p1: Playm4ker52|move: Stealth Rock
|
|-heal|p2a: Ting-Lu|45/100|[from] item: Leftovers
|upkeep
|turn|10
|
|t:|1776345077
|switch|p2a: Raging Bolt|Raging Bolt|76/100
|move|p1a: A Great Chaos|U-turn|p2a: Raging Bolt
|-damage|p2a: Raging Bolt|63/100
|
|t:|1776345080
|switch|p1a: Blinding lights|Latios, M|57/100|[from] U-turn
|-damage|p1a: Blinding lights|45/100|[from] Stealth Rock
|
|upkeep
|turn|11
|
|t:|1776345084
|-end|p2a: Raging Bolt|Protosynthesis|[silent]
|switch|p2a: Corviknight|Corviknight, F|60/100
|-ability|p2a: Corviknight|Pressure
|move|p1a: Blinding lights|Draco Meteor|p2a: Corviknight
|-resisted|p2a: Corviknight
|-damage|p2a: Corviknight|23/100
|-unboost|p1a: Blinding lights|spa|2
|
|upkeep
|turn|12
|
|t:|1776345089
|move|p1a: Blinding lights|Draco Meteor|p2a: Corviknight
|-resisted|p2a: Corviknight
|-damage|p2a: Corviknight|4/100
|-unboost|p1a: Blinding lights|spa|2
|move|p2a: Corviknight|Roost|p2a: Corviknight
|-heal|p2a: Corviknight|54/100
|-singleturn|p2a: Corviknight|move: Roost
|
|upkeep
|turn|13
|
|t:|1776345096
|switch|p1a: A Great Chaos|Corviknight, M|100/100
|-damage|p1a: A Great Chaos|88/100|[from] Stealth Rock
|-ability|p1a: A Great Chaos|Pressure
|move|p2a: Corviknight|U-turn|p1a: A Great Chaos
|-resisted|p1a: A Great Chaos
|-damage|p1a: A Great Chaos|86/100
|-damage|p2a: Corviknight|38/100|[from] item: Rocky Helmet|[of] p1a: A Great Chaos
|
|t:|1776345098
|switch|p2a: Raging Bolt|Raging Bolt|63/100|[from] U-turn
|
|upkeep
|turn|14
|
|t:|1776345104
|move|p2a: Raging Bolt|Thunderbolt|p1a: A Great Chaos
|-supereffective|p1a: A Great Chaos
|-damage|p1a: A Great Chaos|0 fnt
|faint|p1a: A Great Chaos
|
|upkeep
|
|t:|1776345111
|switch|p1a: Odd-eyes Raging|Kyurem|100/100
|-damage|p1a: Odd-eyes Raging|76/100|[from] Stealth Rock
|-ability|p1a: Odd-eyes Raging|Pressure
|turn|15
|
|t:|1776345119
|-end|p2a: Raging Bolt|Protosynthesis|[silent]
|switch|p2a: Ting-Lu|Ting-Lu|45/100
|-ability|p2a: Ting-Lu|Vessel of Ruin
|move|p1a: Odd-eyes Raging|Dragon Dance|p1a: Odd-eyes Raging
|-boost|p1a: Odd-eyes Raging|atk|1
|-boost|p1a: Odd-eyes Raging|spe|1
|
|-heal|p2a: Ting-Lu|51/100|[from] item: Leftovers
|upkeep
|turn|16
|
|t:|1776345125
|-terastallize|p2a: Ting-Lu|Poison
|move|p1a: Odd-eyes Raging|Icicle Spear|p2a: Ting-Lu
|-damage|p2a: Ting-Lu|39/100
|-damage|p2a: Ting-Lu|28/100
|-damage|p2a: Ting-Lu|16/100
|-damage|p2a: Ting-Lu|4/100
|-damage|p2a: Ting-Lu|0 fnt
|faint|p2a: Ting-Lu
|-hitcount|p2: Ting-Lu|5
|
|upkeep
|
|t:|1776345131
|switch|p2a: Iron Boulder|Iron Boulder|100/100
|-enditem|p2a: Iron Boulder|Booster Energy
|-activate|p2a: Iron Boulder|ability: Quark Drive|[fromitem]
|-start|p2a: Iron Boulder|quarkdrivespe
|turn|17
|
|t:|1776345133
|-terastallize|p1a: Odd-eyes Raging|Ground
|move|p2a: Iron Boulder|Mighty Cleave|p1a: Odd-eyes Raging
|-resisted|p1a: Odd-eyes Raging
|-damage|p1a: Odd-eyes Raging|54/100
|move|p1a: Odd-eyes Raging|Tera Blast|p2a: Iron Boulder|[anim] Tera Blast Ground
|-supereffective|p2a: Iron Boulder
|-damage|p2a: Iron Boulder|0 fnt
|faint|p2a: Iron Boulder
|-end|p2a: Iron Boulder|Quark Drive|[silent]
|
|upkeep
|
|t:|1776345139
|switch|p2a: Dragapult|Dragapult, F|100/100
|turn|18
|
|t:|1776345141
|move|p1a: Odd-eyes Raging|Icicle Spear|p2a: Dragapult
|-supereffective|p2a: Dragapult
|-damage|p2a: Dragapult|41/100
|-supereffective|p2a: Dragapult
|-damage|p2a: Dragapult|0 fnt
|faint|p2a: Dragapult
|-hitcount|p2: Dragapult|2
|
|upkeep
|
|t:|1776345144
|switch|p2a: Corviknight|Corviknight, F|38/100
|-ability|p2a: Corviknight|Pressure
|turn|19
|
|t:|1776345146
|move|p1a: Odd-eyes Raging|Icicle Spear|p2a: Corviknight
|-damage|p2a: Corviknight|22/100
|-damage|p2a: Corviknight|6/100
|-damage|p2a: Corviknight|0 fnt
|faint|p2a: Corviknight
|-hitcount|p2: Corviknight|3
|
|upkeep
|-message|katholikon forfeited.
|
|win|Playm4ker52
|raw|Playm4ker52's rating: 1582 &rarr; <strong>1604</strong><br />(+22 for winning)
|raw|katholikon's rating: 1613 &rarr; <strong>1591</strong><br />(-22 for losing)
|l|‽katholikon
|player|p2|
