|html|<div class="broadcast-blue"><strong>[Gen 9] OU is currently suspecting Tera Blast! For information on how to participate check out the <a href="https://www.smogon.com/tools/suspects/view/200">suspect thread</a>.</strong></div>
|j|☆Blenkeyy
|j|☆mayo1234567891
|t:|1776182661
|gametype|singles
|player|p1|Blenkeyy|hilbert|
|player|p2|mayo1234567891|lyra|
|gen|9
|tier|[Gen 9] OU
|rule|HP Percentage Mod: HP is shown in percentages
|rule|Endless Battle Clause: Forcing endless battles is banned
|rule|Species Clause: Limit one of each Pokémon
|rule|OHKO Clause: OHKO moves are banned
|rule|Evasion Items Clause: Evasion items are banned
|rule|Evasion Moves Clause: Evasion moves are banned
|rule|Evasion Abilities Clause: Evasion abilities are banned
|rule|Sleep Moves Clause: Sleep-inducing moves are banned
|clearpoke
|poke|p1|Lycanroc-Dusk, M|
|poke|p1|Kingambit, F|
|poke|p1|Raging Bolt|
|poke|p1|Great Tusk|
|poke|p1|Slowking-Galar, F|
|poke|p1|Rotom-Wash|
|poke|p2|Greninja-*, F|
|poke|p2|Clefable, F|
|poke|p2|Lilligant-Hisui, F|
|poke|p2|Latios, M|
|poke|p2|Zoroark-Hisui, F|
|poke|p2|Lycanroc, F|
|teampreview
|
|t:|1776182678
|teamsize|p1|6
|teamsize|p2|6
|start
|switch|p1a: Great Tusk|Great Tusk|100/100
|switch|p2a: Lilligant|Lilligant-Hisui, F|100/100
|turn|1
|
|t:|1776182692
|move|p2a: Lilligant|Triple Axel|p1a: Great Tusk
|-supereffective|p1a: Great Tusk
|-damage|p1a: Great Tusk|96/100
|-damage|p2a: Lilligant|84/100|[from] item: Rocky Helmet|[of] p1a: Great Tusk
|-supereffective|p1a: Great Tusk
|-damage|p1a: Great Tusk|87/100
|-damage|p2a: Lilligant|68/100|[from] item: Rocky Helmet|[of] p1a: Great Tusk
|-supereffective|p1a: Great Tusk
|-damage|p1a: Great Tusk|73/100
|-damage|p2a: Lilligant|51/100|[from] item: Rocky Helmet|[of] p1a: Great Tusk
|-hitcount|p1a: Great Tusk|3
|move|p1a: Great Tusk|Stealth Rock|p2a: Lilligant
|-sidestart|p2: mayo1234567891|move: Stealth Rock
|
|upkeep
|turn|2
|
|t:|1776182707
|move|p2a: Lilligant|Leaf Storm|p1a: Great Tusk
|-supereffective|p1a: Great Tusk
|-damage|p1a: Great Tusk|0 fnt
|-unboost|p2a: Lilligant|spa|2
|faint|p1a: Great Tusk
|-end|p1a: Great Tusk|Protosynthesis|[silent]
|
|upkeep
|
|t:|1776182714
|switch|p1a: Slowking|Slowking-Galar, F|100/100
|turn|3
|
|t:|1776182723
|move|p2a: Lilligant|Triple Axel|p1a: Slowking
|-damage|p1a: Slowking|95/100
|-hitcount|p1a: Slowking|1
|move|p1a: Slowking|Sludge Bomb|p2a: Lilligant
|-supereffective|p2a: Lilligant
|-damage|p2a: Lilligant|0 fnt
|faint|p2a: Lilligant
|
|upkeep
|
|t:|1776182736
|switch|p2a: Latios|Latios, M|100/100
|-damage|p2a: Latios|88/100|[from] Stealth Rock
|turn|4
|
|t:|1776182755
|switch|p1a: Raging Bolt|Raging Bolt|100/100
|move|p2a: Latios|Dark Pulse|p1a: Raging Bolt
|-damage|p1a: Raging Bolt|76/100
|
|-heal|p2a: Latios|94/100|[from] item: Leftovers
|upkeep
|turn|5
|
|t:|1776182769
|-terastallize|p1a: Raging Bolt|Fairy
|move|p2a: Latios|Focus Blast|p1a: Raging Bolt|[miss]
|-miss|p2a: Latios|p1a: Raging Bolt
|move|p1a: Raging Bolt|Draco Meteor|p2a: Latios|[miss]
|-miss|p1a: Raging Bolt|p2a: Latios
|
|-heal|p2a: Latios|99/100|[from] item: Leftovers
|upkeep
|turn|6
|
|t:|1776182783
|move|p2a: Latios|Body Slam|p1a: Raging Bolt
|-damage|p1a: Raging Bolt|46/100
|-status|p1a: Raging Bolt|par
|move|p1a: Raging Bolt|Draco Meteor|p2a: Latios
|-crit|p2a: Latios
|-damage|p2a: Latios|0 fnt
|-unboost|p1a: Raging Bolt|spa|2
|replace|p2a: Zoroark|Zoroark-Hisui, F
|-end|p2a: Zoroark|Illusion
|faint|p2a: Zoroark
|
|upkeep
|
|t:|1776182796
|switch|p2a: Clefable|Clefable, F|100/100
|turn|7
|
|t:|1776182812
|-end|p1a: Raging Bolt|Protosynthesis|[silent]
|switch|p1a: Rotom|Rotom-Wash|100/100
|move|p2a: Clefable|Fire Blast|p1a: Rotom
|-resisted|p1a: Rotom
|-damage|p1a: Rotom|84/100
|
|-heal|p1a: Rotom|90/100|[from] item: Leftovers
|upkeep
|turn|8
|
|t:|1776182848
|move|p2a: Clefable|Focus Blast|p1a: Rotom
|-damage|p1a: Rotom|51/100
|move|p1a: Rotom|Hydro Pump|p2a: Clefable
|-damage|p2a: Clefable|59/100
|
|-heal|p1a: Rotom|57/100|[from] item: Leftovers
|upkeep
|turn|9
|
|t:|1776182864
|move|p2a: Clefable|Focus Blast|p1a: Rotom
|-damage|p1a: Rotom|22/100
|move|p1a: Rotom|Volt Switch|p2a: Clefable
|-damage|p2a: Clefable|33/100
|
|t:|1776182871
|switch|p1a: Lycanroc|Lycanroc-Dusk, M|100/100|[from] Volt Switch
|
|upkeep
|turn|10
|
|t:|1776182881
|move|p1a: Lycanroc|Accelerock|p2a: Clefable
|-damage|p2a: Clefable|0 fnt
|faint|p2a: Clefable
|-damage|p1a: Lycanroc|91/100|[from] item: Life Orb
|
|upkeep
|
|t:|1776182901
|switch|p2a: Lycanroc|Lycanroc, F|100/100
|-damage|p2a: Lycanroc|88/100|[from] Stealth Rock
|turn|11
|
|t:|1776182943
|move|p2a: Lycanroc|Accelerock|p1a: Lycanroc
|-damage|p1a: Lycanroc|62/100
|move|p1a: Lycanroc|Close Combat|p2a: Lycanroc
|-supereffective|p2a: Lycanroc
|-damage|p2a: Lycanroc|0 fnt
|-unboost|p1a: Lycanroc|def|1
|-unboost|p1a: Lycanroc|spd|1
|faint|p2a: Lycanroc
|-damage|p1a: Lycanroc|52/100|[from] item: Life Orb
|
|upkeep
|
|t:|1776182953
|switch|p2a: Latios|Latios, M|100/100
|-damage|p2a: Latios|88/100|[from] Stealth Rock
|turn|12
|
|t:|1776182967
|switch|p1a: Kingambit|Kingambit, F|100/100
|move|p2a: Latios|Energy Ball|p1a: Kingambit
|-resisted|p1a: Kingambit
|-crit|p1a: Kingambit
|-damage|p1a: Kingambit|76/100
|
|-heal|p1a: Kingambit|82/100|[from] item: Leftovers
|upkeep
|turn|13
|
|t:|1776182980
|switch|p2a: Greninja|Greninja, F|100/100
|-damage|p2a: Greninja|88/100|[from] Stealth Rock
|move|p1a: Kingambit|Swords Dance|p1a: Kingambit
|-boost|p1a: Kingambit|atk|2
|
|-heal|p2a: Greninja|94/100|[from] item: Leftovers
|-heal|p1a: Kingambit|88/100|[from] item: Leftovers
|upkeep
|turn|14
|-message|mayo1234567891 forfeited.
|
|win|Blenkeyy
|l|☆mayo1234567891
|player|p2|
