|html|<div class="broadcast-blue"><strong>[Gen 9] OU is currently suspecting Tera Blast! For information on how to participate check out the <a href="https://www.smogon.com/tools/suspects/view/200">suspect thread</a>.</strong></div>
|j|☆senseless rain
|j|☆table_man_10293
|t:|1776242718
|gametype|singles
|player|p1|senseless rain|ingo|1316
|player|p2|table_man_10293|266|1365
|gen|9
|tier|[Gen 9] OU
|rated|
|rule|HP Percentage Mod: HP is shown in percentages
|rule|Endless Battle Clause: Forcing endless battles is banned
|rule|Species Clause: Limit one of each Pokémon
|rule|OHKO Clause: OHKO moves are banned
|rule|Evasion Items Clause: Evasion items are banned
|rule|Evasion Moves Clause: Evasion moves are banned
|rule|Evasion Abilities Clause: Evasion abilities are banned
|rule|Sleep Moves Clause: Sleep-inducing moves are banned
|clearpoke
|poke|p1|Iron Treads|
|poke|p1|Raging Bolt|
|poke|p1|Pelipper, L99, F|
|poke|p1|Rillaboom, F|
|poke|p1|Basculegion, M|
|poke|p1|Enamorus, F|
|poke|p2|Great Tusk|
|poke|p2|Zapdos|
|poke|p2|Meowscarada, F|
|poke|p2|Kingambit, M|
|poke|p2|Dragapult, M|
|poke|p2|Clefable, F|
|teampreview
|inactive|Battle timer is ON: inactive players will automatically lose when time's up. (requested by senseless rain)
|c|☆table_man_10293|raging goat 🥀
|inactive|senseless rain has 120 seconds left.
|
|t:|1776242757
|teamsize|p1|6
|teamsize|p2|6
|start
|switch|p1a: Pelipper|Pelipper, L99, F|100/100
|switch|p2a: Meowscarada|Meowscarada, F|100/100
|-weather|RainDance|[from] ability: Drizzle|[of] p1a: Pelipper
|turn|1
|c|☆table_man_10293|hf
|
|t:|1776242775
|move|p2a: Meowscarada|U-turn|p1a: Pelipper
|-start|p2a: Meowscarada|typechange|Bug|[from] ability: Protean
|-resisted|p1a: Pelipper
|-damage|p1a: Pelipper|83/100
|
|t:|1776242786
|switch|p2a: Dragapult|Dragapult, M|100/100|[from] U-turn
|move|p1a: Pelipper|U-turn|p2a: Dragapult
|-resisted|p2a: Dragapult
|-damage|p2a: Dragapult|94/100
|
|t:|1776242795
|switch|p1a: Enamorus|Enamorus, F, shiny|100/100|[from] U-turn
|
|-weather|RainDance|[upkeep]
|-heal|p2a: Dragapult|99/100|[from] item: Leftovers
|upkeep
|turn|2
|
|t:|1776242812
|move|p2a: Dragapult|Substitute|p2a: Dragapult
|-start|p2a: Dragapult|Substitute
|-damage|p2a: Dragapult|75/100
|move|p1a: Enamorus|Superpower|p2a: Dragapult
|-immune|p2a: Dragapult
|
|-weather|RainDance|[upkeep]
|-heal|p2a: Dragapult|81/100|[from] item: Leftovers
|upkeep
|turn|3
|c|☆table_man_10293|close call
|c|☆table_man_10293|i was thinking of switching 🥀
|
|t:|1776242830
|move|p2a: Dragapult|Thunder Wave|p1a: Enamorus
|-status|p1a: Enamorus|par
|move|p1a: Enamorus|Moonblast|p2a: Dragapult
|-supereffective|p2a: Dragapult
|-end|p2a: Dragapult|Substitute
|
|-weather|RainDance|[upkeep]
|-heal|p2a: Dragapult|87/100|[from] item: Leftovers
|upkeep
|turn|4
|
|t:|1776242839
|move|p2a: Dragapult|Substitute|p2a: Dragapult
|-start|p2a: Dragapult|Substitute
|-damage|p2a: Dragapult|62/100
|cant|p1a: Enamorus|par
|
|-weather|RainDance|[upkeep]
|-heal|p2a: Dragapult|68/100|[from] item: Leftovers
|upkeep
|turn|5
|
|t:|1776242844
|move|p2a: Dragapult|Hex|p1a: Enamorus
|-damage|p1a: Enamorus|9/100 par
|move|p1a: Enamorus|Moonblast|p2a: Dragapult
|-supereffective|p2a: Dragapult
|-end|p2a: Dragapult|Substitute
|
|-weather|RainDance|[upkeep]
|-heal|p2a: Dragapult|74/100|[from] item: Leftovers
|upkeep
|turn|6
|
|t:|1776242852
|switch|p1a: Iron Treads|Iron Treads|100/100
|move|p2a: Dragapult|Hex|p1a: Iron Treads
|-damage|p1a: Iron Treads|79/100
|
|-weather|RainDance|[upkeep]
|-heal|p2a: Dragapult|80/100|[from] item: Leftovers
|-heal|p1a: Iron Treads|85/100|[from] item: Leftovers
|upkeep
|turn|7
|
|t:|1776242868
|switch|p2a: Great Tusk|Great Tusk|100/100
|move|p1a: Iron Treads|Knock Off|p2a: Great Tusk
|-resisted|p2a: Great Tusk
|-damage|p2a: Great Tusk|92/100
|-enditem|p2a: Great Tusk|Heavy-Duty Boots|[from] move: Knock Off|[of] p1a: Iron Treads
|
|-weather|RainDance|[upkeep]
|-heal|p1a: Iron Treads|91/100|[from] item: Leftovers
|upkeep
|turn|8
|c|☆table_man_10293|the strongest of history vs the storngest of today ahh matchup 🥀
|
|t:|1776242894
|-end|p1a: Iron Treads|Quark Drive|[silent]
|switch|p1a: Pelipper|Pelipper, L99, F|83/100
|move|p2a: Great Tusk|Rapid Spin|p1a: Pelipper
|-damage|p1a: Pelipper|69/100
|-boost|p2a: Great Tusk|spe|1
|
|-weather|none
|upkeep
|turn|9
|inactive|senseless rain has 120 seconds left.
|
|t:|1776242922
|move|p2a: Great Tusk|Ice Spinner|p1a: Pelipper
|-crit|p1a: Pelipper
|-damage|p1a: Pelipper|33/100
|move|p1a: Pelipper|Roost|p1a: Pelipper
|-heal|p1a: Pelipper|84/100
|-singleturn|p1a: Pelipper|move: Roost
|
|upkeep
|turn|10
|
|t:|1776242928
|move|p2a: Great Tusk|Ice Spinner|p1a: Pelipper
|-damage|p1a: Pelipper|60/100
|move|p1a: Pelipper|Rain Dance|p1a: Pelipper
|-weather|RainDance
|
|-weather|RainDance|[upkeep]
|upkeep
|turn|11
|c|☆table_man_10293|VAS?!??!1
|
|t:|1776242947
|-end|p2a: Great Tusk|Protosynthesis|[silent]
|switch|p2a: Dragapult|Dragapult, M|80/100
|move|p1a: Pelipper|Roost|p1a: Pelipper
|-heal|p1a: Pelipper|100/100
|-singleturn|p1a: Pelipper|move: Roost
|
|-weather|RainDance|[upkeep]
|-heal|p2a: Dragapult|86/100|[from] item: Leftovers
|upkeep
|turn|12
|c|☆senseless rain|tbh that's for weather team,fights
|
|t:|1776242965
|switch|p1a: Iron Treads|Iron Treads|91/100
|move|p2a: Dragapult|Substitute|p2a: Dragapult
|-start|p2a: Dragapult|Substitute
|-damage|p2a: Dragapult|61/100
|
|-weather|RainDance|[upkeep]
|-heal|p2a: Dragapult|67/100|[from] item: Leftovers
|-heal|p1a: Iron Treads|97/100|[from] item: Leftovers
|upkeep
|turn|13
|c|☆table_man_10293|classic
|
|t:|1776242974
|move|p2a: Dragapult|Hex|p1a: Iron Treads
|-damage|p1a: Iron Treads|73/100
|move|p1a: Iron Treads|Knock Off|p2a: Dragapult
|-supereffective|p2a: Dragapult
|-end|p2a: Dragapult|Substitute
|
|-weather|RainDance|[upkeep]
|-heal|p2a: Dragapult|73/100|[from] item: Leftovers
|-heal|p1a: Iron Treads|79/100|[from] item: Leftovers
|upkeep
|turn|14
|
|t:|1776242986
|switch|p2a: Great Tusk|Great Tusk|92/100
|move|p1a: Iron Treads|Knock Off|p2a: Great Tusk
|-resisted|p2a: Great Tusk
|-damage|p2a: Great Tusk|86/100
|
|-weather|RainDance|[upkeep]
|-heal|p1a: Iron Treads|85/100|[from] item: Leftovers
|upkeep
|turn|15
|
|t:|1776242994
|-end|p1a: Iron Treads|Quark Drive|[silent]
|switch|p1a: Pelipper|Pelipper, L99, F|100/100
|move|p2a: Great Tusk|Headlong Rush|p1a: Pelipper
|-immune|p1a: Pelipper
|
|-weather|RainDance|[upkeep]
|upkeep
|turn|16
|
|t:|1776243006
|-end|p2a: Great Tusk|Protosynthesis|[silent]
|switch|p2a: Zapdos|Zapdos|100/100
|move|p1a: Pelipper|U-turn|p2a: Zapdos
|-resisted|p2a: Zapdos
|-damage|p2a: Zapdos|96/100
|
|t:|1776243014
|switch|p1a: Basculegion|Basculegion, M|100/100|[from] U-turn
|
|-weather|RainDance|[upkeep]
|upkeep
|turn|17
|
|t:|1776243027
|-terastallize|p2a: Zapdos|Water
|move|p1a: Basculegion|Wave Crash|p2a: Zapdos
|-resisted|p2a: Zapdos
|-damage|p2a: Zapdos|43/100
|-status|p1a: Basculegion|par|[from] ability: Static|[of] p2a: Zapdos
|-damage|p1a: Basculegion|83/100 par|[from] Recoil
|-damage|p1a: Basculegion|73/100 par|[from] item: Life Orb
|move|p2a: Zapdos|Volt Switch|p1a: Basculegion
|-supereffective|p1a: Basculegion
|-damage|p1a: Basculegion|6/100 par
|
|t:|1776243048
|switch|p2a: Meowscarada|Meowscarada, F|100/100|[from] Volt Switch
|
|-weather|none
|upkeep
|turn|18
|
|t:|1776243062
|switch|p1a: Pelipper|Pelipper, L99, F|100/100
|-weather|RainDance|[from] ability: Drizzle|[of] p1a: Pelipper
|move|p2a: Meowscarada|U-turn|p1a: Pelipper
|-start|p2a: Meowscarada|typechange|Bug|[from] ability: Protean
|-resisted|p1a: Pelipper
|-damage|p1a: Pelipper|79/100
|
|t:|1776243074
|switch|p2a: Dragapult|Dragapult, M|73/100|[from] U-turn
|
|-weather|RainDance|[upkeep]
|-heal|p2a: Dragapult|79/100|[from] item: Leftovers
|upkeep
|turn|19
|
|t:|1776243079
|switch|p1a: Iron Treads|Iron Treads|85/100
|move|p2a: Dragapult|Thunder Wave|p1a: Iron Treads
|-immune|p1a: Iron Treads
|
|-weather|RainDance|[upkeep]
|-heal|p2a: Dragapult|85/100|[from] item: Leftovers
|-heal|p1a: Iron Treads|91/100|[from] item: Leftovers
|upkeep
|turn|20
|
|t:|1776243095
|switch|p2a: Great Tusk|Great Tusk|86/100
|-end|p1a: Iron Treads|Quark Drive|[silent]
|switch|p1a: Rillaboom|Rillaboom, F|100/100
|-fieldstart|move: Grassy Terrain|[from] ability: Grassy Surge|[of] p1a: Rillaboom
|
|-weather|RainDance|[upkeep]
|-heal|p2a: Great Tusk|93/100|[from] Grassy Terrain
|upkeep
|turn|21
|inactive|table_man_10293 has 120 seconds left.
|
|t:|1776243127
|-end|p2a: Great Tusk|Protosynthesis|[silent]
|switch|p2a: Kingambit|Kingambit, M|100/100
|-item|p2a: Kingambit|Air Balloon
|-terastallize|p1a: Rillaboom|Grass
|move|p1a: Rillaboom|Wood Hammer|p2a: Kingambit
|-resisted|p2a: Kingambit
|-damage|p2a: Kingambit|23/100
|-enditem|p2a: Kingambit|Air Balloon
|-damage|p1a: Rillaboom|74/100|[from] Recoil
|
|-weather|RainDance|[upkeep]
|-heal|p1a: Rillaboom|81/100|[from] Grassy Terrain
|-heal|p2a: Kingambit|29/100|[from] Grassy Terrain
|upkeep
|turn|22
|inactive|table_man_10293 has 120 seconds left.
|c|☆table_man_10293|🥀
|
|t:|1776243147
|switch|p1a: Enamorus|Enamorus, F, shiny|9/100 par
|-end|p2a: Kingambit|fallenundefined|[silent]
|switch|p2a: Dragapult|Dragapult, M|85/100
|
|-weather|RainDance|[upkeep]
|-heal|p2a: Dragapult|91/100|[from] Grassy Terrain
|-heal|p2a: Dragapult|97/100|[from] item: Leftovers
|upkeep
|turn|23
|inactive|table_man_10293 has 120 seconds left.
|
|t:|1776243165
|move|p2a: Dragapult|Hex|p1a: Enamorus
|-damage|p1a: Enamorus|0 fnt
|faint|p1a: Enamorus
|
|-weather|RainDance|[upkeep]
|-heal|p2a: Dragapult|100/100|[from] Grassy Terrain
|upkeep
|inactive|senseless rain has 120 seconds left.
|
|t:|1776243192
|switch|p1a: Iron Treads|Iron Treads|91/100
|turn|24
|inactive|table_man_10293 has 120 seconds left.
|
|t:|1776243209
|move|p2a: Dragapult|Substitute|p2a: Dragapult
|-start|p2a: Dragapult|Substitute
|-damage|p2a: Dragapult|76/100
|move|p1a: Iron Treads|Stealth Rock|p2a: Dragapult
|-sidestart|p2: table_man_10293|move: Stealth Rock
|
|-weather|RainDance|[upkeep]
|-heal|p2a: Dragapult|82/100|[from] Grassy Terrain
|-heal|p2a: Dragapult|88/100|[from] item: Leftovers
|-heal|p1a: Iron Treads|97/100|[from] Grassy Terrain
|-heal|p1a: Iron Treads|100/100|[from] item: Leftovers
|-fieldend|move: Grassy Terrain
|upkeep
|turn|25
|
|t:|1776243218
|move|p2a: Dragapult|Hex|p1a: Iron Treads
|-damage|p1a: Iron Treads|79/100
|move|p1a: Iron Treads|Knock Off|p2a: Dragapult
|-supereffective|p2a: Dragapult
|-end|p2a: Dragapult|Substitute
|
|-weather|none
|-heal|p2a: Dragapult|94/100|[from] item: Leftovers
|-heal|p1a: Iron Treads|85/100|[from] item: Leftovers
|upkeep
|turn|26
|inactive|senseless rain has 120 seconds left.
|
|t:|1776243238
|switch|p2a: Great Tusk|Great Tusk|93/100
|-damage|p2a: Great Tusk|90/100|[from] Stealth Rock
|-end|p1a: Iron Treads|Quark Drive|[silent]
|switch|p1a: Pelipper|Pelipper, L99, F|79/100
|-weather|RainDance|[from] ability: Drizzle|[of] p1a: Pelipper
|
|-weather|RainDance|[upkeep]
|upkeep
|turn|27
|inactive|table_man_10293 has 120 seconds left.
|
|t:|1776243256
|-end|p2a: Great Tusk|Protosynthesis|[silent]
|switch|p2a: Kingambit|Kingambit, M|29/100
|-damage|p2a: Kingambit|23/100|[from] Stealth Rock
|switch|p1a: Basculegion|Basculegion, M|6/100 par
|
|-weather|RainDance|[upkeep]
|upkeep
|turn|28
|inactive|table_man_10293 has 120 seconds left.
|
|t:|1776243273
|cant|p1a: Basculegion|par
|move|p2a: Kingambit|Sucker Punch||[still]
|-fail|p2a: Kingambit
|
|-weather|RainDance|[upkeep]
|upkeep
|turn|29
|inactive|table_man_10293 has 120 seconds left.
|c|☆senseless rain|funny
|c|☆table_man_10293|classic
|
|t:|1776243293
|-end|p2a: Kingambit|fallenundefined|[silent]
|switch|p2a: Dragapult|Dragapult, M|94/100
|-damage|p2a: Dragapult|81/100|[from] Stealth Rock
|move|p1a: Basculegion|Aqua Jet|p2a: Dragapult
|-resisted|p2a: Dragapult
|-damage|p2a: Dragapult|51/100
|-damage|p1a: Basculegion|0 fnt|[from] item: Life Orb
|faint|p1a: Basculegion
|
|-weather|RainDance|[upkeep]
|-heal|p2a: Dragapult|57/100|[from] item: Leftovers
|upkeep
|
|t:|1776243298
|switch|p1a: Iron Treads|Iron Treads|85/100
|turn|30
|inactive|table_man_10293 has 120 seconds left.
|c|☆table_man_10293|i have never be annoyed by iron threads anymore than this
|inactive|table_man_10293 has 90 seconds left.
|
|t:|1776243333
|switch|p2a: Clefable|Clefable, F|100/100
|move|p1a: Iron Treads|Knock Off|p2a: Clefable
|-resisted|p2a: Clefable
|-damage|p2a: Clefable|88/100
|-enditem|p2a: Clefable|Leftovers|[from] move: Knock Off|[of] p1a: Iron Treads
|
|-weather|RainDance|[upkeep]
|-heal|p1a: Iron Treads|91/100|[from] item: Leftovers
|upkeep
|turn|31
|c|☆table_man_10293|AAAAND I MISCLICKED
|inactive|table_man_10293 has 90 seconds left.
|
|t:|1776243349
|-end|p1a: Iron Treads|Quark Drive|[silent]
|switch|p1a: Rillaboom|Rillaboom, F, tera:Grass|81/100
|-fieldstart|move: Grassy Terrain|[from] ability: Grassy Surge|[of] p1a: Rillaboom
|move|p2a: Clefable|Stealth Rock|p1a: Rillaboom
|-sidestart|p1: senseless rain|move: Stealth Rock
|
|-weather|RainDance|[upkeep]
|-heal|p1a: Rillaboom|87/100|[from] Grassy Terrain
|-heal|p2a: Clefable|94/100|[from] Grassy Terrain
|upkeep
|turn|32
|inactive|table_man_10293 has 90 seconds left.
|
|t:|1776243357
|move|p1a: Rillaboom|Wood Hammer|p2a: Clefable
|-damage|p2a: Clefable|0 fnt
|faint|p2a: Clefable
|-damage|p1a: Rillaboom|51/100|[from] Recoil
|
|-weather|RainDance|[upkeep]
|-heal|p1a: Rillaboom|57/100|[from] Grassy Terrain
|upkeep
|inactive|table_man_10293 has 90 seconds left.
|
|t:|1776243367
|switch|p2a: Meowscarada|Meowscarada, F|100/100
|-damage|p2a: Meowscarada|88/100|[from] Stealth Rock
|turn|33
|inactive|table_man_10293 has 90 seconds left.
|
|t:|1776243392
|switch|p1a: Iron Treads|Iron Treads|91/100
|-damage|p1a: Iron Treads|88/100|[from] Stealth Rock
|move|p2a: Meowscarada|Triple Axel|p1a: Iron Treads
|-start|p2a: Meowscarada|typechange|Ice|[from] ability: Protean
|-damage|p1a: Iron Treads|77/100
|-damage|p1a: Iron Treads|56/100
|-damage|p1a: Iron Treads|24/100
|-hitcount|p1a: Iron Treads|3
|
|-weather|none
|-heal|p2a: Meowscarada|94/100|[from] Grassy Terrain
|-heal|p1a: Iron Treads|30/100|[from] Grassy Terrain
|-heal|p1a: Iron Treads|36/100|[from] item: Leftovers
|upkeep
|turn|34
|inactive|table_man_10293 has 90 seconds left.
|c|☆table_man_10293|pls goatscarada
|c|☆table_man_10293|i need this
|inactive|table_man_10293 has 60 seconds left.
|c|☆table_man_10293|my team is kinda dead [all of them 50% hp 🥀 ]
|c|☆senseless rain|ur really into goats huh
|
|t:|1776243439
|-end|p1a: Iron Treads|Quark Drive|[silent]
|switch|p1a: Pelipper|Pelipper, L99, F|79/100
|-damage|p1a: Pelipper|55/100|[from] Stealth Rock
|-weather|RainDance|[from] ability: Drizzle|[of] p1a: Pelipper
|move|p2a: Meowscarada|Triple Axel|p1a: Pelipper
|-damage|p1a: Pelipper|42/100
|-damage|p1a: Pelipper|19/100
|-damage|p1a: Pelipper|0 fnt
|faint|p1a: Pelipper
|-hitcount|p1: Pelipper|3
|
|-weather|RainDance|[upkeep]
|-heal|p2a: Meowscarada|100/100|[from] Grassy Terrain
|upkeep
|inactive|senseless rain has 120 seconds left.
|c|☆table_man_10293|u could say so
|
|t:|1776243466
|switch|p1a: Rillaboom|Rillaboom, F, tera:Grass|57/100
|-damage|p1a: Rillaboom|45/100|[from] Stealth Rock
|turn|35
|inactive|table_man_10293 has 60 seconds left.
|c|☆table_man_10293|pls
|
|t:|1776243482
|switch|p2a: Zapdos|Zapdos, tera:Water|43/100
|move|p1a: Rillaboom|Grassy Glide|p2a: Zapdos
|-supereffective|p2a: Zapdos
|-damage|p2a: Zapdos|0 fnt
|faint|p2a: Zapdos
|
|-weather|RainDance|[upkeep]
|-heal|p1a: Rillaboom|51/100|[from] Grassy Terrain
|-fieldend|move: Grassy Terrain
|upkeep
|c|☆table_man_10293|i was hoping to get static
|
|t:|1776243498
|switch|p2a: Dragapult|Dragapult, M|57/100
|-damage|p2a: Dragapult|45/100|[from] Stealth Rock
|turn|36
|
|t:|1776243504
|switch|p2a: Great Tusk|Great Tusk|90/100
|-damage|p2a: Great Tusk|87/100|[from] Stealth Rock
|move|p1a: Rillaboom|Grassy Glide|p2a: Great Tusk
|-supereffective|p2a: Great Tusk
|-damage|p2a: Great Tusk|0 fnt
|faint|p2a: Great Tusk
|-end|p2a: Great Tusk|Protosynthesis|[silent]
|
|-weather|RainDance|[upkeep]
|upkeep
|
|t:|1776243513
|switch|p2a: Dragapult|Dragapult, M|45/100
|-damage|p2a: Dragapult|32/100|[from] Stealth Rock
|turn|37
|c|☆senseless rain|yeah i know
|c|☆table_man_10293|🥀
|c|☆senseless rain|static is buzzing
|inactive|senseless rain has 120 seconds left.
|
|t:|1776243540
|move|p2a: Dragapult|Thunder Wave|p1a: Rillaboom
|-status|p1a: Rillaboom|par
|cant|p1a: Rillaboom|par
|
|-weather|RainDance|[upkeep]
|-heal|p2a: Dragapult|38/100|[from] item: Leftovers
|upkeep
|turn|38
|inactive|senseless rain has 120 seconds left.
|c|☆senseless rain|G!
|
|t:|1776243552
|move|p2a: Dragapult|Hex|p1a: Rillaboom
|-damage|p1a: Rillaboom|0 fnt
|faint|p1a: Rillaboom
|
|-weather|RainDance|[upkeep]
|-heal|p2a: Dragapult|44/100|[from] item: Leftovers
|upkeep
|
|t:|1776243560
|switch|p1a: Iron Treads|Iron Treads|36/100
|-damage|p1a: Iron Treads|33/100|[from] Stealth Rock
|turn|39
|inactive|senseless rain has 120 seconds left.
|inactive|table_man_10293 has 60 seconds left.
|c|☆table_man_10293|i can still lose
|c|☆senseless rain|takes one to know one
|c|☆table_man_10293|if i miss triple axel then its games
|inactive|senseless rain has 90 seconds left.
|
|t:|1776243598
|move|p2a: Dragapult|Hex|p1a: Iron Treads
|-damage|p1a: Iron Treads|8/100
|move|p1a: Iron Treads|Knock Off|p2a: Dragapult
|-supereffective|p2a: Dragapult
|-damage|p2a: Dragapult|0 fnt
|-enditem|p2a: Dragapult|Leftovers|[from] move: Knock Off|[of] p1a: Iron Treads
|faint|p2a: Dragapult
|
|-weather|RainDance|[upkeep]
|-heal|p1a: Iron Treads|14/100|[from] item: Leftovers
|upkeep
|inactive|table_man_10293 has 60 seconds left.
|
|t:|1776243609
|switch|p2a: Meowscarada|Meowscarada, F|100/100
|-damage|p2a: Meowscarada|88/100|[from] Stealth Rock
|turn|40
|inactive|table_man_10293 has 60 seconds left.
|inactive|senseless rain has 90 seconds left.
|inactive|table_man_10293 has 30 seconds left.
|inactive|table_man_10293 has 20 seconds left.
|
|t:|1776243657
|move|p2a: Meowscarada|U-turn|p1a: Iron Treads
|-start|p2a: Meowscarada|typechange|Bug|[from] ability: Protean
|-resisted|p1a: Iron Treads
|-damage|p1a: Iron Treads|0 fnt
|faint|p1a: Iron Treads
|-end|p1a: Iron Treads|Quark Drive|[silent]
|inactive|table_man_10293 has 25 seconds left this turn.
|
|t:|1776243661
|switch|p2a: Kingambit|Kingambit, M|23/100|[from] U-turn
|-damage|p2a: Kingambit|17/100|[from] Stealth Rock
|-activate|p2a: Kingambit|ability: Supreme Overlord
|-start|p2a: Kingambit|fallen4|[silent]
|
|-weather|RainDance|[upkeep]
|upkeep
|
|t:|1776243665
|switch|p1a: Raging Bolt|Raging Bolt|100/100
|-damage|p1a: Raging Bolt|88/100|[from] Stealth Rock
|-enditem|p1a: Raging Bolt|Booster Energy
|-activate|p1a: Raging Bolt|ability: Protosynthesis|[fromitem]
|-start|p1a: Raging Bolt|protosynthesisspa
|turn|41
|inactive|table_man_10293 has 30 seconds left.
|inactive|senseless rain has 90 seconds left.
|c|☆senseless rain|i made a mistake at turn 38
|inactive|table_man_10293 has 20 seconds left.
|inactive|table_man_10293 has 15 seconds left.
|inactive|table_man_10293 has 10 seconds left.
|c|☆senseless rain|thought grass slide still has prority
|
|t:|1776243704
|move|p1a: Raging Bolt|Thunderclap|p2a: Kingambit
|-damage|p2a: Kingambit|0 fnt
|faint|p2a: Kingambit
|-end|p2a: Kingambit|fallen4|[silent]
|
|-weather|none
|upkeep
|inactive|table_man_10293 has 15 seconds left this turn.
|
|t:|1776243707
|switch|p2a: Meowscarada|Meowscarada, F|88/100
|-damage|p2a: Meowscarada|76/100|[from] Stealth Rock
|turn|42
|inactive|table_man_10293 has 25 seconds left this turn.
|inactive|table_man_10293 has 20 seconds left.
|c|☆table_man_10293|wouldnt had killed my pult
|inactive|table_man_10293 has 15 seconds left.
|c|☆table_man_10293|ts bulky trained
|
|t:|1776243719
|move|p1a: Raging Bolt|Thunderclap|p2a: Meowscarada
|-resisted|p2a: Meowscarada
|-damage|p2a: Meowscarada|36/100
|move|p2a: Meowscarada|Triple Axel|p1a: Raging Bolt
|-start|p2a: Meowscarada|typechange|Ice|[from] ability: Protean
|-supereffective|p1a: Raging Bolt
|-damage|p1a: Raging Bolt|65/100
|-supereffective|p1a: Raging Bolt
|-damage|p1a: Raging Bolt|12/100
|-supereffective|p1a: Raging Bolt
|-damage|p1a: Raging Bolt|0 fnt
|faint|p1a: Raging Bolt
|-end|p1a: Raging Bolt|Protosynthesis|[silent]
|-hitcount|p1: Raging Bolt|3
|
|win|table_man_10293
|raw|senseless rain's rating: 1316 &rarr; <strong>1300</strong><br />(-16 for losing)
|raw|table_man_10293's rating: 1387 &rarr; <strong>1403</strong><br />(+16 for winning)
|c|☆table_man_10293|gg :)
|c|☆table_man_10293|very lovely game
|c|☆table_man_10293|thanks
|c|☆table_man_10293|have a ncie day :)
|j| Foxi4
|c|☆senseless rain|*sigh
|c|☆senseless rain|i guesscso
|c|☆table_man_10293|bye :D
|c|☆senseless rain|bye
