|html|<div class="broadcast-blue"><strong>[Gen 9] OU is currently suspecting Tera Blast! For information on how to participate check out the <a href="https://www.smogon.com/tools/suspects/view/200">suspect thread</a>.</strong></div>
|j|☆mo_ce04
|j|☆pumkinthecot4
|t:|1776099073
|gametype|singles
|player|p1|mo_ce04|170|1138
|player|p2|pumkinthecot4|elesa|1135
|gen|9
|tier|[Gen 9] OU
|rated|
|rule|HP Percentage Mod: HP is shown in percentages
|rule|Endless Battle Clause: Forcing endless battles is banned
|rule|Species Clause: Limit one of each Pokémon
|rule|OHKO Clause: OHKO moves are banned
|rule|Evasion Items Clause: Evasion items are banned
|rule|Evasion Moves Clause: Evasion moves are banned
|rule|Evasion Abilities Clause: Evasion abilities are banned
|rule|Sleep Moves Clause: Sleep-inducing moves are banned
|clearpoke
|poke|p1|Gliscor, F|
|poke|p1|Gholdengo|
|poke|p1|Meowscarada, F|
|poke|p1|Walking Wake|
|poke|p1|Iron Valiant|
|poke|p1|Corviknight, M|
|poke|p2|Dudunsparce-*, F|
|poke|p2|Altaria, F|
|poke|p2|Vaporeon, M|
|poke|p2|Drednaw, F|
|poke|p2|Basculegion, M|
|poke|p2|Klefki, M|
|teampreview
|
|t:|1776099096
|teamsize|p1|6
|teamsize|p2|6
|start
|switch|p1a: Gliscor|Gliscor, F|100/100
|switch|p2a: Altaria|Altaria, F|100/100
|-ability|p2a: Altaria|Cloud Nine
|turn|1
|
|t:|1776099104
|move|p1a: Gliscor|Protect|p1a: Gliscor
|-singleturn|p1a: Gliscor|Protect
|move|p2a: Altaria|Perish Song|p2a: Altaria
|-start|p1a: Gliscor|perish3|[silent]
|-start|p2a: Altaria|perish3|[silent]
|-fieldactivate|move: Perish Song
|
|-start|p2a: Altaria|perish3
|-start|p1a: Gliscor|perish3
|-status|p1a: Gliscor|tox|[from] item: Toxic Orb
|upkeep
|turn|2
|
|t:|1776099115
|switch|p2a: Vaporeon|Vaporeon, M|100/100
|move|p1a: Gliscor|Toxic Spikes|p2a: Vaporeon
|-sidestart|p2: pumkinthecot4|move: Toxic Spikes
|
|-start|p1a: Gliscor|perish2
|upkeep
|turn|3
|
|t:|1776099122
|-terastallize|p1a: Gliscor|Water
|move|p1a: Gliscor|Toxic Spikes|p2a: Vaporeon
|-sidestart|p2: pumkinthecot4|move: Toxic Spikes
|move|p2a: Vaporeon|Acid Armor|p2a: Vaporeon
|-boost|p2a: Vaporeon|def|2
|
|-start|p1a: Gliscor|perish1
|upkeep
|turn|4
|
|t:|1776099131
|switch|p1a: Meowscarada|Meowscarada, F|100/100
|move|p2a: Vaporeon|Calm Mind|p2a: Vaporeon
|-boost|p2a: Vaporeon|spa|1
|-boost|p2a: Vaporeon|spd|1
|
|upkeep
|turn|5
|
|t:|1776099140
|move|p1a: Meowscarada|Knock Off|p2a: Vaporeon
|-damage|p2a: Vaporeon|66/100
|-enditem|p2a: Vaporeon|Leftovers|[from] move: Knock Off|[of] p1a: Meowscarada
|move|p2a: Vaporeon|Scald|p1a: Meowscarada
|-resisted|p1a: Meowscarada
|-damage|p1a: Meowscarada|60/100
|
|upkeep
|turn|6
|
|t:|1776099151
|switch|p1a: Walking Wake|Walking Wake|100/100
|move|p2a: Vaporeon|Scald|p1a: Walking Wake
|-resisted|p1a: Walking Wake
|-damage|p1a: Walking Wake|85/100
|
|upkeep
|turn|7
|
|t:|1776099160
|move|p1a: Walking Wake|Draco Meteor|p2a: Vaporeon
|-damage|p2a: Vaporeon|17/100
|-unboost|p1a: Walking Wake|spa|2
|move|p2a: Vaporeon|Wish|p2a: Vaporeon
|
|upkeep
|turn|8
|
|t:|1776099168
|move|p1a: Walking Wake|Draco Meteor|p2a: Vaporeon
|-damage|p2a: Vaporeon|0 fnt
|-unboost|p1a: Walking Wake|spa|2
|faint|p2a: Vaporeon
|
|upkeep
|
|t:|1776099174
|switch|p2a: Klefki|Klefki, M|100/100
|turn|9
|
|t:|1776099182
|-end|p1a: Walking Wake|Protosynthesis|[silent]
|switch|p1a: Corviknight|Corviknight, M|100/100
|-ability|p1a: Corviknight|Pressure
|move|p2a: Klefki|Thunder Wave|p1a: Corviknight
|-status|p1a: Corviknight|par
|
|upkeep
|turn|10
|
|t:|1776099193
|move|p2a: Klefki|Spikes|p1a: Corviknight
|-sidestart|p1: mo_ce04|Spikes
|move|p1a: Corviknight|U-turn|p2a: Klefki
|-resisted|p2a: Klefki
|-damage|p2a: Klefki|97/100
|
|t:|1776099201
|switch|p1a: Walking Wake|Walking Wake|85/100|[from] U-turn
|-damage|p1a: Walking Wake|73/100|[from] Spikes
|
|-heal|p2a: Klefki|100/100|[from] item: Leftovers
|upkeep
|turn|11
|
|t:|1776099207
|move|p2a: Klefki|Thunder Wave|p1a: Walking Wake
|-status|p1a: Walking Wake|par
|cant|p1a: Walking Wake|par
|
|upkeep
|turn|12
|
|t:|1776099213
|move|p2a: Klefki|Spikes|p1a: Walking Wake
|-sidestart|p1: mo_ce04|Spikes
|move|p1a: Walking Wake|Flamethrower|p2a: Klefki
|-supereffective|p2a: Klefki
|-damage|p2a: Klefki|8/100
|
|-heal|p2a: Klefki|14/100|[from] item: Leftovers
|upkeep
|turn|13
|
|t:|1776099221
|move|p2a: Klefki|Rain Dance|p2a: Klefki
|-weather|RainDance
|cant|p1a: Walking Wake|par
|
|-weather|RainDance|[upkeep]
|-heal|p2a: Klefki|20/100|[from] item: Leftovers
|upkeep
|turn|14
|
|t:|1776099226
|move|p2a: Klefki|Spikes|p1a: Walking Wake
|-sidestart|p1: mo_ce04|Spikes
|cant|p1a: Walking Wake|par
|
|-weather|RainDance|[upkeep]
|-heal|p2a: Klefki|26/100|[from] item: Leftovers
|upkeep
|turn|15
|
|t:|1776099234
|switch|p2a: Altaria|Altaria, F|100/100
|-ability|p2a: Altaria|Cloud Nine
|cant|p1a: Walking Wake|par
|
|-weather|RainDance|[upkeep]
|upkeep
|turn|16
|
|t:|1776099243
|-end|p1a: Walking Wake|Protosynthesis|[silent]
|switch|p1a: Corviknight|Corviknight, M|100/100 par
|-ability|p1a: Corviknight|Pressure
|move|p2a: Altaria|Draco Meteor|p1a: Corviknight
|-resisted|p1a: Corviknight
|-damage|p1a: Corviknight|77/100 par
|-unboost|p2a: Altaria|spa|2
|
|-weather|RainDance|[upkeep]
|upkeep
|turn|17
|
|t:|1776099253
|switch|p2a: Klefki|Klefki, M|26/100
|move|p1a: Corviknight|Defog|p2a: Klefki
|-unboost|p2a: Klefki|evasion|1
|-sideend|p2: pumkinthecot4|Toxic Spikes|[from] move: Defog|[of] p1a: Corviknight
|-sideend|p1: mo_ce04|Spikes|[from] move: Defog|[of] p1a: Corviknight
|
|-weather|none
|-heal|p2a: Klefki|32/100|[from] item: Leftovers
|upkeep
|turn|18
|
|t:|1776099262
|move|p2a: Klefki|Rain Dance|p2a: Klefki
|-weather|RainDance
|move|p1a: Corviknight|Brave Bird|p2a: Klefki
|-resisted|p2a: Klefki
|-damage|p2a: Klefki|12/100
|-damage|p1a: Corviknight|72/100 par|[from] Recoil
|
|-weather|RainDance|[upkeep]
|-heal|p2a: Klefki|18/100|[from] item: Leftovers
|upkeep
|turn|19
|
|t:|1776099270
|move|p2a: Klefki|Spikes|p1a: Corviknight
|-sidestart|p1: mo_ce04|Spikes
|cant|p1a: Corviknight|par
|
|-weather|RainDance|[upkeep]
|-heal|p2a: Klefki|24/100|[from] item: Leftovers
|upkeep
|turn|20
|
|t:|1776099275
|move|p2a: Klefki|Spikes|p1a: Corviknight
|-sidestart|p1: mo_ce04|Spikes
|move|p1a: Corviknight|Brave Bird|p2a: Klefki
|-resisted|p2a: Klefki
|-damage|p2a: Klefki|7/100
|-damage|p1a: Corviknight|67/100 par|[from] Recoil
|
|-weather|RainDance|[upkeep]
|-heal|p2a: Klefki|13/100|[from] item: Leftovers
|upkeep
|turn|21
|
|t:|1776099283
|switch|p2a: Drednaw|Drednaw, F|100/100
|cant|p1a: Corviknight|par
|
|-weather|RainDance|[upkeep]
|upkeep
|turn|22
|
|t:|1776099297
|move|p2a: Drednaw|Liquidation|p1a: Corviknight
|-damage|p1a: Corviknight|31/100 par
|-damage|p2a: Drednaw|84/100|[from] item: Rocky Helmet|[of] p1a: Corviknight
|cant|p1a: Corviknight|par
|
|-weather|none
|upkeep
|turn|23
|
|t:|1776099310
|switch|p1a: Meowscarada|Meowscarada, F|60/100
|-damage|p1a: Meowscarada|43/100|[from] Spikes
|move|p2a: Drednaw|Liquidation|p1a: Meowscarada
|-resisted|p1a: Meowscarada
|-damage|p1a: Meowscarada|10/100
|
|upkeep
|turn|24
|
|t:|1776099319
|switch|p2a: Klefki|Klefki, M|13/100
|move|p1a: Meowscarada|Flower Trick|p2a: Klefki
|-resisted|p2a: Klefki
|-crit|p2a: Klefki
|-damage|p2a: Klefki|0 fnt
|faint|p2a: Klefki
|
|upkeep
|
|t:|1776099326
|switch|p2a: Altaria|Altaria, F|100/100
|-ability|p2a: Altaria|Cloud Nine
|turn|25
|
|t:|1776099337
|switch|p1a: Iron Valiant|Iron Valiant, shiny|100/100
|-damage|p1a: Iron Valiant|84/100|[from] Spikes
|-enditem|p1a: Iron Valiant|Booster Energy
|-activate|p1a: Iron Valiant|ability: Quark Drive|[fromitem]
|-start|p1a: Iron Valiant|quarkdrivespe
|move|p2a: Altaria|Flamethrower|p1a: Iron Valiant
|-damage|p1a: Iron Valiant|45/100
|
|upkeep
|turn|26
|
|t:|1776099348
|move|p1a: Iron Valiant|Ice Punch|p2a: Altaria
|-supereffective|p2a: Altaria
|-damage|p2a: Altaria|0 fnt
|faint|p2a: Altaria
|
|upkeep
|
|t:|1776099352
|switch|p2a: Dudunsparce|Dudunsparce, F|100/100
|turn|27
|
|t:|1776099356
|-terastallize|p2a: Dudunsparce|Electric
|move|p1a: Iron Valiant|Close Combat|p2a: Dudunsparce
|-damage|p2a: Dudunsparce|53/100
|-unboost|p1a: Iron Valiant|def|1
|-unboost|p1a: Iron Valiant|spd|1
|move|p2a: Dudunsparce|Coil|p2a: Dudunsparce
|-boost|p2a: Dudunsparce|atk|1
|-boost|p2a: Dudunsparce|def|1
|-boost|p2a: Dudunsparce|accuracy|1
|
|-heal|p2a: Dudunsparce|59/100|[from] item: Leftovers
|upkeep
|turn|28
|
|t:|1776099375
|move|p1a: Iron Valiant|Spirit Break|p2a: Dudunsparce
|-damage|p2a: Dudunsparce|39/100
|-unboost|p2a: Dudunsparce|spa|1
|move|p2a: Dudunsparce|Roost|p2a: Dudunsparce
|-heal|p2a: Dudunsparce|89/100
|
|-heal|p2a: Dudunsparce|96/100|[from] item: Leftovers
|upkeep
|turn|29
|
|t:|1776099414
|move|p1a: Iron Valiant|Close Combat|p2a: Dudunsparce
|-damage|p2a: Dudunsparce|64/100
|-unboost|p1a: Iron Valiant|def|1
|-unboost|p1a: Iron Valiant|spd|1
|move|p2a: Dudunsparce|Calm Mind|p2a: Dudunsparce
|-boost|p2a: Dudunsparce|spa|1
|-boost|p2a: Dudunsparce|spd|1
|
|-heal|p2a: Dudunsparce|70/100|[from] item: Leftovers
|upkeep
|turn|30
|
|t:|1776099424
|-end|p1a: Iron Valiant|Quark Drive|[silent]
|switch|p1a: Gliscor|Gliscor, F, tera:Water|100/100 tox
|-damage|p1a: Gliscor|84/100 tox|[from] Spikes
|move|p2a: Dudunsparce|Coil|p2a: Dudunsparce
|-boost|p2a: Dudunsparce|atk|1
|-boost|p2a: Dudunsparce|def|1
|-boost|p2a: Dudunsparce|accuracy|1
|
|-heal|p2a: Dudunsparce|76/100|[from] item: Leftovers
|-heal|p1a: Gliscor|96/100 tox|[from] ability: Poison Heal
|upkeep
|turn|31
|
|t:|1776099434
|move|p1a: Gliscor|Toxic|p2a: Dudunsparce
|-status|p2a: Dudunsparce|tox
|move|p2a: Dudunsparce|Calm Mind|p2a: Dudunsparce
|-boost|p2a: Dudunsparce|spa|1
|-boost|p2a: Dudunsparce|spd|1
|
|-heal|p2a: Dudunsparce|82/100 tox|[from] item: Leftovers
|-heal|p1a: Gliscor|100/100 tox|[from] ability: Poison Heal
|-damage|p2a: Dudunsparce|76/100 tox|[from] psn
|upkeep
|turn|32
|
|t:|1776099447
|switch|p1a: Corviknight|Corviknight, M|31/100 par
|-ability|p1a: Corviknight|Pressure
|move|p2a: Dudunsparce|Calm Mind|p2a: Dudunsparce
|-boost|p2a: Dudunsparce|spa|1
|-boost|p2a: Dudunsparce|spd|1
|
|-heal|p2a: Dudunsparce|82/100 tox|[from] item: Leftovers
|-damage|p2a: Dudunsparce|70/100 tox|[from] psn
|upkeep
|turn|33
|
|t:|1776099457
|move|p2a: Dudunsparce|Stored Power|p1a: Corviknight
|-resisted|p1a: Corviknight
|-damage|p1a: Corviknight|0 fnt
|faint|p1a: Corviknight
|
|-heal|p2a: Dudunsparce|76/100 tox|[from] item: Leftovers
|-damage|p2a: Dudunsparce|58/100 tox|[from] psn
|upkeep
|
|t:|1776099468
|switch|p1a: Meowscarada|Meowscarada, F|10/100
|-damage|p1a: Meowscarada|0 fnt|[from] Spikes
|faint|p1a: Meowscarada
|
|t:|1776099477
|switch|p1a: Gliscor|Gliscor, F, tera:Water|100/100 tox
|-damage|p1a: Gliscor|84/100 tox|[from] Spikes
|turn|34
|
|t:|1776099485
|move|p1a: Gliscor|Protect|p1a: Gliscor
|-singleturn|p1a: Gliscor|Protect
|move|p2a: Dudunsparce|Stored Power|p1a: Gliscor
|-activate|p1a: Gliscor|move: Protect
|
|-heal|p2a: Dudunsparce|64/100 tox|[from] item: Leftovers
|-heal|p1a: Gliscor|96/100 tox|[from] ability: Poison Heal
|-damage|p2a: Dudunsparce|39/100 tox|[from] psn
|upkeep
|turn|35
|
|t:|1776099497
|move|p1a: Gliscor|Earthquake|p2a: Dudunsparce
|-supereffective|p2a: Dudunsparce
|-damage|p2a: Dudunsparce|16/100 tox
|move|p2a: Dudunsparce|Stored Power|p1a: Gliscor
|-damage|p1a: Gliscor|0 fnt
|faint|p1a: Gliscor
|
|-heal|p2a: Dudunsparce|22/100 tox|[from] item: Leftovers
|-damage|p2a: Dudunsparce|0 fnt|[from] psn
|faint|p2a: Dudunsparce
|upkeep
|
|t:|1776099520
|switch|p1a: Gholdengo|Gholdengo|100/100
|switch|p2a: Drednaw|Drednaw, F|84/100
|-item|p1a: Gholdengo|Air Balloon
|turn|36
|
|t:|1776099527
|move|p1a: Gholdengo|Focus Blast|p2a: Drednaw|[miss]
|-miss|p1a: Gholdengo|p2a: Drednaw
|move|p2a: Drednaw|Crunch|p1a: Gholdengo
|-supereffective|p1a: Gholdengo
|-damage|p1a: Gholdengo|45/100
|-enditem|p1a: Gholdengo|Air Balloon
|
|upkeep
|turn|37
|
|t:|1776099534
|move|p1a: Gholdengo|Focus Blast|p2a: Drednaw
|-supereffective|p2a: Drednaw
|-damage|p2a: Drednaw|20/100
|move|p2a: Drednaw|Crunch|p1a: Gholdengo
|-supereffective|p1a: Gholdengo
|-crit|p1a: Gholdengo
|-damage|p1a: Gholdengo|0 fnt
|faint|p1a: Gholdengo
|
|upkeep
|
|t:|1776099543
|switch|p1a: Iron Valiant|Iron Valiant, shiny|45/100
|-damage|p1a: Iron Valiant|29/100|[from] Spikes
|turn|38
|
|t:|1776099547
|move|p1a: Iron Valiant|Spirit Break|p2a: Drednaw
|-damage|p2a: Drednaw|0 fnt
|faint|p2a: Drednaw
|
|upkeep
|
|t:|1776099549
|switch|p2a: Basculegion|Basculegion, M|100/100
|turn|39
|
|t:|1776099556
|move|p1a: Iron Valiant|Spirit Break|p2a: Basculegion
|-damage|p2a: Basculegion|58/100
|-unboost|p2a: Basculegion|spa|1
|move|p2a: Basculegion|Phantom Force||[still]
|-prepare|p2a: Basculegion|Phantom Force
|
|upkeep
|turn|40
|
|t:|1776099568
|move|p1a: Iron Valiant|Spirit Break|p2a: Basculegion|[miss]
|-miss|p1a: Iron Valiant|p2a: Basculegion
|move|p2a: Basculegion|Phantom Force|p1a: Iron Valiant|[from] lockedmove
|-crit|p1a: Iron Valiant
|-damage|p1a: Iron Valiant|0 fnt
|faint|p1a: Iron Valiant
|-end|p1a: Iron Valiant|Quark Drive|[silent]
|
|upkeep
|
|t:|1776099576
|switch|p1a: Walking Wake|Walking Wake|73/100 par
|-damage|p1a: Walking Wake|56/100 par|[from] Spikes
|turn|41
|
|t:|1776099583
|move|p2a: Basculegion|Phantom Force||[still]
|-prepare|p2a: Basculegion|Phantom Force
|move|p1a: Walking Wake|Draco Meteor|p2a: Basculegion|[miss]
|-miss|p1a: Walking Wake|p2a: Basculegion
|
|upkeep
|turn|42
|
|t:|1776099587
|move|p2a: Basculegion|Phantom Force|p1a: Walking Wake|[from] lockedmove
|-damage|p1a: Walking Wake|0 fnt
|faint|p1a: Walking Wake
|-end|p1a: Walking Wake|Protosynthesis|[silent]
|
|win|pumkinthecot4
|raw|mo_ce04's rating: 1138 &rarr; <strong>1113</strong><br />(-25 for losing)
|raw|pumkinthecot4's rating: 1135 &rarr; <strong>1160</strong><br />(+25 for winning)
|l|☆pumkinthecot4
|player|p2|
|l|☆mo_ce04
|player|p1|
