|html|<div class="broadcast-blue"><strong>[Gen 9] OU is currently suspecting Tera Blast! For information on how to participate check out the <a href="https://www.smogon.com/tools/suspects/view/200">suspect thread</a>.</strong></div>
|j|☆breloomassassin
|j|☆Sharkerthantheteal
|t:|1776314260
|gametype|singles
|player|p1|breloomassassin|1|1200
|player|p2|Sharkerthantheteal|169|1203
|gen|9
|tier|[Gen 9] OU
|rated|
|rule|HP Percentage Mod: HP is shown in percentages
|rule|Endless Battle Clause: Forcing endless battles is banned
|rule|Species Clause: Limit one of each Pokémon
|rule|OHKO Clause: OHKO moves are banned
|rule|Evasion Items Clause: Evasion items are banned
|rule|Evasion Moves Clause: Evasion moves are banned
|rule|Evasion Abilities Clause: Evasion abilities are banned
|rule|Sleep Moves Clause: Sleep-inducing moves are banned
|clearpoke
|poke|p1|Tornadus-Therian, M|
|poke|p1|Ogerpon-Wellspring, F|
|poke|p1|Kyurem|
|poke|p1|Slowking-Galar, F|
|poke|p1|Great Tusk|
|poke|p1|Cinderace, F|
|poke|p2|Hatterene, F|
|poke|p2|Diancie|
|poke|p2|Ursaluna, M|
|poke|p2|Iron Hands|
|poke|p2|Azumarill, F|
|poke|p2|Armarouge, F|
|teampreview
|inactive|Battle timer is ON: inactive players will automatically lose when time's up. (requested by breloomassassin)
|
|t:|1776314278
|teamsize|p1|6
|teamsize|p2|6
|start
|switch|p1a: Tornadus|Tornadus-Therian, M|100/100
|switch|p2a: Hatterene|Hatterene, F|100/100
|turn|1
|j| GruesomeLovelies
|
|t:|1776314283
|move|p1a: Tornadus|Knock Off|p2a: Hatterene
|-damage|p2a: Hatterene|78/100
|-enditem|p2a: Hatterene|Focus Sash|[from] move: Knock Off|[of] p1a: Tornadus
|move|p2a: Hatterene|Trick Room|p2a: Hatterene
|-fieldstart|move: Trick Room|[of] p2a: Hatterene
|
|upkeep
|turn|2
|
|t:|1776314288
|move|p2a: Hatterene|Psychic Terrain|p2a: Hatterene
|-fieldstart|move: Psychic Terrain
|move|p1a: Tornadus|U-turn|p2a: Hatterene
|-damage|p2a: Hatterene|61/100
|
|t:|1776314297
|switch|p1a: Slowking|Slowking-Galar, F|100/100|[from] U-turn
|
|upkeep
|turn|3
|
|t:|1776314301
|move|p2a: Hatterene|Healing Wish|p2a: Hatterene
|faint|p2a: Hatterene
|-prepare|p1a: Slowking|Chilly Reception|[premajor]
|move|p1a: Slowking|Chilly Reception|p1a: Slowking
|-weather|Snowscape
|
|t:|1776314308
|switch|p1a: Tornadus|Tornadus-Therian, M|100/100|[from] Chilly Reception
|
|-weather|Snowscape|[upkeep]
|upkeep
|
|t:|1776314313
|switch|p2a: Armarouge|Armarouge, F|100/100
|turn|4
|
|t:|1776314332
|move|p2a: Armarouge|Expanding Force|p1a: Tornadus
|-damage|p1a: Tornadus|39/100
|move|p1a: Tornadus|Knock Off|p2a: Armarouge
|-supereffective|p2a: Armarouge
|-damage|p2a: Armarouge|67/100
|-enditem|p2a: Armarouge|Weakness Policy
|-boost|p2a: Armarouge|atk|2|[from] item: Weakness Policy
|-boost|p2a: Armarouge|spa|2|[from] item: Weakness Policy
|
|-weather|Snowscape|[upkeep]
|upkeep
|turn|5
|
|t:|1776314341
|move|p2a: Armarouge|Expanding Force|p1a: Tornadus
|-damage|p1a: Tornadus|0 fnt
|faint|p1a: Tornadus
|
|-weather|Snowscape|[upkeep]
|-fieldend|move: Trick Room
|upkeep
|
|t:|1776314347
|switch|p1a: Ogerpon|Ogerpon-Wellspring, F|100/100
|turn|6
|
|t:|1776314352
|-terastallize|p2a: Armarouge|Psychic
|move|p1a: Ogerpon|Ivy Cudgel|p2a: Armarouge|[anim] Ivy Cudgel Water
|-damage|p2a: Armarouge|17/100
|move|p2a: Armarouge|Trick Room|p2a: Armarouge
|-fieldstart|move: Trick Room|[of] p2a: Armarouge
|
|-weather|Snowscape|[upkeep]
|-fieldend|move: Psychic Terrain
|upkeep
|turn|7
|
|t:|1776314364
|-terastallize|p1a: Ogerpon|Water
|detailschange|p1a: Ogerpon|Ogerpon-Wellspring-Tera, F, tera:Water
|-ability|p1a: Ogerpon|Embody Aspect (Wellspring)|boost
|-boost|p1a: Ogerpon|spd|1
|move|p2a: Armarouge|Expanding Force|p1a: Ogerpon
|-damage|p1a: Ogerpon|12/100
|move|p1a: Ogerpon|Encore|p2a: Armarouge
|-start|p2a: Armarouge|Encore
|
|-weather|none
|upkeep
|turn|8
|
|t:|1776314374
|move|p2a: Armarouge|Expanding Force|p1a: Ogerpon
|-damage|p1a: Ogerpon|0 fnt
|faint|p1a: Ogerpon
|detailschange|p1: Ogerpon|Ogerpon-Wellspring, F|[silent]
|
|upkeep
|
|t:|1776314376
|switch|p1a: Cinderace|Cinderace, F|100/100
|turn|9
|
|t:|1776314380
|move|p2a: Armarouge|Expanding Force|p1a: Cinderace
|-damage|p1a: Cinderace|0 fnt
|faint|p1a: Cinderace
|
|upkeep
|-message|breloomassassin forfeited.
|
|win|Sharkerthantheteal
|raw|breloomassassin's rating: 1200 &rarr; <strong>1175</strong><br />(-25 for losing)
|raw|Sharkerthantheteal's rating: 1203 &rarr; <strong>1228</strong><br />(+25 for winning)
|l|☆breloomassassin
|player|p1|
|l| GruesomeLovelies
