|html|<div class="broadcast-blue"><strong>[Gen 9] OU is currently suspecting Tera Blast! For information on how to participate check out the <a href="https://www.smogon.com/tools/suspects/view/200">suspect thread</a>.</strong></div>
|j|☆Papermario<3
|j|☆filarmen
|t:|1776033469
|gametype|singles
|player|p1|Papermario<3|1|1103
|player|p2|filarmen|drayden|1135
|gen|9
|tier|[Gen 9] OU
|rated|
|rule|HP Percentage Mod: HP is shown in percentages
|rule|Endless Battle Clause: Forcing endless battles is banned
|rule|Species Clause: Limit one of each Pokémon
|rule|OHKO Clause: OHKO moves are banned
|rule|Evasion Items Clause: Evasion items are banned
|rule|Evasion Moves Clause: Evasion moves are banned
|rule|Evasion Abilities Clause: Evasion abilities are banned
|rule|Sleep Moves Clause: Sleep-inducing moves are banned
|clearpoke
|poke|p1|Graveler-Alola, M|
|poke|p1|Swalot, F|
|poke|p1|Brute Bonnet|
|poke|p1|Komala, M|
|poke|p1|Toxicroak, M|
|poke|p1|Reuniclus, M|
|poke|p2|Cinderace, M|
|poke|p2|Darkrai|
|poke|p2|Landorus-Therian, M|
|poke|p2|Zamazenta-*|
|poke|p2|Pecharunt|
|poke|p2|Primarina, F|
|teampreview
|inactive|Battle timer is ON: inactive players will automatically lose when time's up. (requested by Papermario<3)
|
|t:|1776033506
|teamsize|p1|6
|teamsize|p2|6
|start
|switch|p1a: Swalot|Swalot, F|100/100
|switch|p2a: Primarina|Primarina, F|100/100
|turn|1
|
|t:|1776033518
|-terastallize|p2a: Primarina|Ghost
|move|p2a: Primarina|Surf|p1a: Swalot
|-damage|p1a: Swalot|54/100
|move|p1a: Swalot|Toxic|p2a: Primarina
|-status|p2a: Primarina|tox
|
|-heal|p1a: Swalot|61/100|[from] item: Leftovers
|-damage|p2a: Primarina|95/100 tox|[from] psn
|upkeep
|turn|2
|
|t:|1776033527
|move|p2a: Primarina|Psychic Noise|p1a: Swalot
|-supereffective|p1a: Swalot
|-damage|p1a: Swalot|5/100
|-start|p1a: Swalot|move: Heal Block
|move|p1a: Swalot|Pain Split|p2a: Primarina
|-sethp|p2a: Primarina|50/100 tox|[from] move: Pain Split|[silent]
|-sethp|p1a: Swalot|40/100|[from] move: Pain Split
|
|-damage|p2a: Primarina|38/100 tox|[from] psn
|upkeep
|turn|3
|
|t:|1776033543
|switch|p1a: Brute Bonnet|Brute Bonnet|100/100
|move|p2a: Primarina|Psychic Noise|p1a: Brute Bonnet
|-immune|p1a: Brute Bonnet
|
|-damage|p2a: Primarina|21/100 tox|[from] psn
|upkeep
|turn|4
|
|t:|1776033556
|move|p2a: Primarina|Moonblast|p1a: Brute Bonnet
|-supereffective|p1a: Brute Bonnet
|-damage|p1a: Brute Bonnet|13/100
|-unboost|p1a: Brute Bonnet|spa|1
|move|p1a: Brute Bonnet|Clear Smog|p2a: Primarina
|-resisted|p2a: Primarina
|-damage|p2a: Primarina|18/100 tox
|-clearboost|p2a: Primarina
|
|-damage|p2a: Primarina|0 fnt|[from] psn
|faint|p2a: Primarina
|upkeep
|
|t:|1776033567
|switch|p2a: Cinderace|Cinderace, M|100/100
|turn|5
|
|t:|1776033588
|move|p1a: Brute Bonnet|Sucker Punch|p2a: Cinderace
|-damage|p2a: Cinderace|55/100
|move|p2a: Cinderace|Pyro Ball|p1a: Brute Bonnet
|-supereffective|p1a: Brute Bonnet
|-damage|p1a: Brute Bonnet|0 fnt
|faint|p1a: Brute Bonnet
|-end|p1a: Brute Bonnet|Protosynthesis|[silent]
|
|upkeep
|
|t:|1776033599
|switch|p1a: Graveler|Graveler-Alola, M|100/100
|turn|6
|
|t:|1776033608
|switch|p2a: Zamazenta|Zamazenta|100/100
|-ability|p2a: Zamazenta|Dauntless Shield|boost
|-boost|p2a: Zamazenta|def|1
|move|p1a: Graveler|Body Slam|p2a: Zamazenta
|-damage|p2a: Zamazenta|75/100
|-status|p2a: Zamazenta|par
|
|upkeep
|turn|7
|
|t:|1776033624
|switch|p1a: Swalot|Swalot, F|40/100
|cant|p2a: Zamazenta|par
|
|-heal|p1a: Swalot|46/100|[from] item: Leftovers
|upkeep
|turn|8
|
|t:|1776033633
|move|p2a: Zamazenta|Crunch|p1a: Swalot
|-damage|p1a: Swalot|29/100
|move|p1a: Swalot|Clear Smog|p2a: Zamazenta
|-damage|p2a: Zamazenta|62/100 par
|-clearboost|p2a: Zamazenta
|
|-heal|p1a: Swalot|35/100|[from] item: Leftovers
|upkeep
|turn|9
|
|t:|1776033643
|move|p2a: Zamazenta|Close Combat|p1a: Swalot
|-resisted|p1a: Swalot
|-damage|p1a: Swalot|15/100
|-unboost|p2a: Zamazenta|def|1
|-unboost|p2a: Zamazenta|spd|1
|move|p1a: Swalot|Pain Split|p2a: Zamazenta
|-sethp|p2a: Zamazenta|40/100 par|[from] move: Pain Split|[silent]
|-sethp|p1a: Swalot|32/100|[from] move: Pain Split
|
|-heal|p1a: Swalot|39/100|[from] item: Leftovers
|upkeep
|turn|10
|
|t:|1776033653
|move|p2a: Zamazenta|Crunch|p1a: Swalot
|-damage|p1a: Swalot|21/100
|move|p1a: Swalot|Knock Off|p2a: Zamazenta
|-resisted|p2a: Zamazenta
|-damage|p2a: Zamazenta|28/100 par
|-enditem|p2a: Zamazenta|Heavy-Duty Boots|[from] move: Knock Off|[of] p1a: Swalot
|
|-heal|p1a: Swalot|27/100|[from] item: Leftovers
|upkeep
|turn|11
|
|t:|1776033667
|move|p2a: Zamazenta|Close Combat|p1a: Swalot
|-resisted|p1a: Swalot
|-damage|p1a: Swalot|7/100
|-unboost|p2a: Zamazenta|def|1
|-unboost|p2a: Zamazenta|spd|1
|move|p1a: Swalot|Clear Smog|p2a: Zamazenta
|-damage|p2a: Zamazenta|4/100 par
|-clearboost|p2a: Zamazenta
|
|-heal|p1a: Swalot|13/100|[from] item: Leftovers
|upkeep
|turn|12
|
|t:|1776033678
|move|p2a: Zamazenta|Crunch|p1a: Swalot
|-damage|p1a: Swalot|0 fnt
|faint|p1a: Swalot
|
|upkeep
|
|t:|1776033690
|switch|p1a: Toxicroak|Toxicroak, M|100/100
|turn|13
|
|t:|1776033700
|move|p1a: Toxicroak|Sludge Bomb|p2a: Zamazenta
|-damage|p2a: Zamazenta|0 fnt
|faint|p2a: Zamazenta
|
|upkeep
|
|t:|1776033707
|switch|p2a: Landorus|Landorus-Therian, M|100/100
|-ability|p2a: Landorus|Intimidate|boost
|-unboost|p1a: Toxicroak|atk|1
|turn|14
|
|t:|1776033719
|switch|p1a: Reuniclus|Reuniclus, M|100/100
|move|p2a: Landorus|Earthquake|p1a: Reuniclus
|-damage|p1a: Reuniclus|45/100
|
|-heal|p1a: Reuniclus|51/100|[from] item: Leftovers
|upkeep
|turn|15
|
|t:|1776033727
|move|p2a: Landorus|Earthquake|p1a: Reuniclus
|-damage|p1a: Reuniclus|0 fnt
|faint|p1a: Reuniclus
|
|upkeep
|
|t:|1776033732
|switch|p1a: Komala|Komala, M|100/100
|-ability|p1a: Komala|Comatose
|turn|16
|
|t:|1776033737
|move|p2a: Landorus|Earthquake|p1a: Komala
|-crit|p1a: Komala
|-damage|p1a: Komala|0 fnt
|faint|p1a: Komala
|
|upkeep
|
|t:|1776033752
|switch|p1a: Graveler|Graveler-Alola, M|100/100
|turn|17
|
|t:|1776033757
|-terastallize|p1a: Graveler|Grass
|move|p2a: Landorus|Earthquake|p1a: Graveler
|-resisted|p1a: Graveler
|-damage|p1a: Graveler|82/100
|move|p1a: Graveler|Tera Blast|p2a: Landorus|[anim] Tera Blast Grass
|-damage|p2a: Landorus|58/100
|
|upkeep
|turn|18
|
|t:|1776033772
|switch|p2a: Darkrai|Darkrai|100/100
|move|p1a: Graveler|Body Slam|p2a: Darkrai
|-damage|p2a: Darkrai|44/100
|-status|p2a: Darkrai|par
|
|upkeep
|turn|19
|
|t:|1776033787
|cant|p2a: Darkrai|par
|move|p1a: Graveler|Body Slam|p2a: Darkrai
|-damage|p2a: Darkrai|0 fnt
|faint|p2a: Darkrai
|
|upkeep
|
|t:|1776033795
|switch|p2a: Cinderace|Cinderace, M|55/100
|turn|20
|
|t:|1776033803
|move|p2a: Cinderace|Pyro Ball|p1a: Graveler
|-supereffective|p1a: Graveler
|-damage|p1a: Graveler|5/100
|move|p1a: Graveler|Body Slam|p2a: Cinderace
|-damage|p2a: Cinderace|0 fnt
|faint|p2a: Cinderace
|
|upkeep
|
|t:|1776033809
|switch|p2a: Pecharunt|Pecharunt|100/100
|turn|21
|
|t:|1776033813
|move|p2a: Pecharunt|Malignant Chain|p1a: Graveler
|-supereffective|p1a: Graveler
|-damage|p1a: Graveler|0 fnt
|faint|p1a: Graveler
|
|upkeep
|
|t:|1776033816
|switch|p1a: Toxicroak|Toxicroak, M|100/100
|turn|22
|
|t:|1776033821
|move|p2a: Pecharunt|Shadow Ball|p1a: Toxicroak
|-damage|p1a: Toxicroak|59/100
|move|p1a: Toxicroak|Dark Pulse|p2a: Pecharunt
|-supereffective|p2a: Pecharunt
|-damage|p2a: Pecharunt|55/100
|
|upkeep
|turn|23
|
|t:|1776033827
|move|p2a: Pecharunt|Shadow Ball|p1a: Toxicroak
|-damage|p1a: Toxicroak|21/100
|move|p1a: Toxicroak|Dark Pulse|p2a: Pecharunt
|-supereffective|p2a: Pecharunt
|-damage|p2a: Pecharunt|16/100
|
|upkeep
|turn|24
|
|t:|1776033833
|move|p2a: Pecharunt|Shadow Ball|p1a: Toxicroak
|-damage|p1a: Toxicroak|0 fnt
|faint|p1a: Toxicroak
|
|win|filarmen
|raw|Papermario&lt;3's rating: 1103 &rarr; <strong>1080</strong><br />(-23 for losing)
|raw|filarmen's rating: 1135 &rarr; <strong>1158</strong><br />(+23 for winning)
|l|☆Papermario<3
|player|p1|
|l|☆filarmen
|player|p2|
