|html|<div class="broadcast-blue"><strong>[Gen 9] OU is currently suspecting Tera Blast! For information on how to participate check out the <a href="https://www.smogon.com/tools/suspects/view/200">suspect thread</a>.</strong></div>
|badge|p2|bronze|gen9randombattle|100-9
|uhtml|medal-msg|<div class="broadcast-blue">Curious what those medals under the avatar are? PS now has Ladder Seasons! For more information, check out the <a href="https://www.smogon.com/forums/threads/3740067/">thread on Smogon.</a></div>
|j|☆eucalipto69!
|j|☆kindnessalwayswins
|t:|1776111826
|gametype|singles
|player|p1|eucalipto69!|steven|1498
|player|p2|kindnessalwayswins|iris-gen5bw2|1519
|gen|9
|tier|[Gen 9] OU
|rated|
|rule|HP Percentage Mod: HP is shown in percentages
|rule|Endless Battle Clause: Forcing endless battles is banned
|rule|Species Clause: Limit one of each Pokémon
|rule|OHKO Clause: OHKO moves are banned
|rule|Evasion Items Clause: Evasion items are banned
|rule|Evasion Moves Clause: Evasion moves are banned
|rule|Evasion Abilities Clause: Evasion abilities are banned
|rule|Sleep Moves Clause: Sleep-inducing moves are banned
|clearpoke
|poke|p1|Haxorus, M|
|poke|p1|Grimmsnarl, M|
|poke|p1|Great Tusk|
|poke|p1|Zapdos|
|poke|p1|Kingambit, M|
|poke|p1|Typhlosion, M|
|poke|p2|Hatterene, F|
|poke|p2|Iron Valiant|
|poke|p2|Cinderace, F|
|poke|p2|Alomomola, M|
|poke|p2|Kingambit, F|
|poke|p2|Flygon, M|
|teampreview
|c|☆kindnessalwayswins|hf
|inactive|Battle timer is ON: inactive players will automatically lose when time's up. (requested by eucalipto69!)
|
|t:|1776111843
|teamsize|p1|6
|teamsize|p2|6
|start
|switch|p1a: Typhlosion|Typhlosion, M|100/100
|switch|p2a: Hatterene|Hatterene, F|100/100
|turn|1
|
|t:|1776111856
|switch|p1a: Zapdos|Zapdos|100/100
|move|p2a: Hatterene|Psychic Noise|p1a: Zapdos
|-damage|p1a: Zapdos|56/100
|-start|p1a: Zapdos|move: Heal Block
|
|upkeep
|turn|2
|j| Foxi4
|
|t:|1776111869
|move|p1a: Zapdos|U-turn|p2a: Hatterene
|-damage|p2a: Hatterene|84/100
|
|t:|1776111871
|switch|p1a: Kingambit|Kingambit, M, shiny|100/100|[from] U-turn
|move|p2a: Hatterene|Draining Kiss|p1a: Kingambit
|-damage|p1a: Kingambit|79/100
|-heal|p2a: Hatterene|100/100|[from] drain|[of] p1a: Kingambit
|
|upkeep
|turn|3
|
|t:|1776111880
|switch|p1a: Grimmsnarl|Grimmsnarl, M|100/100
|switch|p2a: Alomomola|Alomomola, M|100/100
|
|upkeep
|turn|4
|
|t:|1776111886
|move|p1a: Grimmsnarl|Thunder Wave|p2a: Alomomola|[miss]
|-miss|p1a: Grimmsnarl|p2a: Alomomola
|move|p2a: Alomomola|Flip Turn|p1a: Grimmsnarl
|-damage|p1a: Grimmsnarl|85/100
|
|t:|1776111892
|switch|p2a: Hatterene|Hatterene, F|100/100|[from] Flip Turn
|
|upkeep
|turn|5
|
|t:|1776111897
|move|p1a: Grimmsnarl|Spirit Break|p2a: Hatterene
|-damage|p2a: Hatterene|66/100
|-unboost|p2a: Hatterene|spa|1
|move|p2a: Hatterene|Mystical Fire|p1a: Grimmsnarl
|-damage|p1a: Grimmsnarl|66/100
|-unboost|p1a: Grimmsnarl|spa|1
|
|upkeep
|turn|6
|l| Foxi4
|
|t:|1776111904
|switch|p2a: Alomomola|Alomomola, M|100/100
|move|p1a: Grimmsnarl|Light Screen|p1a: Grimmsnarl
|-sidestart|p1: eucalipto69!|move: Light Screen
|
|upkeep
|turn|7
|
|t:|1776111906
|move|p1a: Grimmsnarl|Thunder Wave|p2a: Alomomola
|-status|p2a: Alomomola|par
|cant|p2a: Alomomola|par
|
|upkeep
|turn|8
|
|t:|1776111915
|switch|p1a: Zapdos|Zapdos|56/100
|cant|p2a: Alomomola|par
|
|upkeep
|turn|9
|
|t:|1776111920
|switch|p2a: Flygon|Flygon, M|100/100
|move|p1a: Zapdos|Roost|p1a: Zapdos
|-heal|p1a: Zapdos|100/100
|-singleturn|p1a: Zapdos|move: Roost
|
|upkeep
|turn|10
|
|t:|1776111930
|switch|p2a: Alomomola|Alomomola, M|100/100 par
|move|p1a: Zapdos|Hurricane|p2a: Alomomola
|-damage|p2a: Alomomola|34/100 par
|
|upkeep
|turn|11
|
|t:|1776111940
|switch|p2a: Cinderace|Cinderace, F|100/100
|move|p1a: Zapdos|Hurricane|p2a: Cinderace
|-damage|p2a: Cinderace|21/100
|
|upkeep
|turn|12
|inactive|kindnessalwayswins has 120 seconds left.
|
|t:|1776111975
|switch|p1a: Typhlosion|Typhlosion, M|100/100
|move|p2a: Cinderace|Pyro Ball|p1a: Typhlosion
|-start|p1a: Typhlosion|ability: Flash Fire
|
|upkeep
|turn|13
|inactive|kindnessalwayswins has 120 seconds left.
|
|t:|1776111986
|switch|p2a: Flygon|Flygon, M|100/100
|move|p1a: Typhlosion|Eruption|p2a: Flygon
|-resisted|p2a: Flygon
|-damage|p2a: Flygon|59/100
|
|-sideend|p1: eucalipto69!|move: Light Screen
|upkeep
|turn|14
|
|t:|1776111996
|-terastallize|p1a: Typhlosion|Fire
|move|p1a: Typhlosion|Eruption|p2a: Flygon
|-resisted|p2a: Flygon
|-damage|p2a: Flygon|8/100
|move|p2a: Flygon|U-turn|p1a: Typhlosion
|-resisted|p1a: Typhlosion
|-damage|p1a: Typhlosion|85/100
|inactive|kindnessalwayswins has 120 seconds left.
|inactive|kindnessalwayswins has 90 seconds left.
|inactive|kindnessalwayswins has 60 seconds left.
|
|t:|1776112081
|switch|p2a: Kingambit|Kingambit, F|100/100|[from] U-turn
|
|upkeep
|turn|15
|
|t:|1776112103
|-end|p1a: Typhlosion|ability: Flash Fire|[silent]
|switch|p1a: Great Tusk|Great Tusk|100/100
|-terastallize|p2a: Kingambit|Dark
|move|p2a: Kingambit|Sucker Punch||[still]
|-fail|p2a: Kingambit
|
|upkeep
|turn|16
|
|t:|1776112112
|-end|p2a: Kingambit|fallenundefined|[silent]
|switch|p2a: Alomomola|Alomomola, M|67/100 par
|move|p1a: Great Tusk|Close Combat|p2a: Alomomola
|-damage|p2a: Alomomola|32/100 par
|-unboost|p1a: Great Tusk|def|1
|-unboost|p1a: Great Tusk|spd|1
|
|upkeep
|turn|17
|inactive|kindnessalwayswins has 60 seconds left.
|
|t:|1776112135
|switch|p2a: Flygon|Flygon, M|8/100
|move|p1a: Great Tusk|Headlong Rush|p2a: Flygon
|-immune|p2a: Flygon|[from] ability: Levitate
|
|upkeep
|turn|18
|
|t:|1776112146
|move|p1a: Great Tusk|Rapid Spin|p2a: Flygon
|-damage|p2a: Flygon|0 fnt
|-boost|p1a: Great Tusk|spe|1
|faint|p2a: Flygon
|
|upkeep
|
|t:|1776112155
|switch|p2a: Iron Valiant|Iron Valiant|100/100
|-enditem|p2a: Iron Valiant|Booster Energy
|-activate|p2a: Iron Valiant|ability: Quark Drive|[fromitem]
|-start|p2a: Iron Valiant|quarkdrivespe
|turn|19
|
|t:|1776112183
|-end|p1a: Great Tusk|Protosynthesis|[silent]
|switch|p1a: Kingambit|Kingambit, M, shiny|79/100
|move|p2a: Iron Valiant|Moonblast|p1a: Kingambit
|-damage|p1a: Kingambit|48/100
|
|upkeep
|turn|20
|inactive|kindnessalwayswins has 60 seconds left.
|
|t:|1776112209
|switch|p1a: Zapdos|Zapdos|100/100
|move|p2a: Iron Valiant|Calm Mind|p2a: Iron Valiant
|-boost|p2a: Iron Valiant|spa|1
|-boost|p2a: Iron Valiant|spd|1
|
|upkeep
|turn|21
|inactive|kindnessalwayswins has 60 seconds left.
|
|t:|1776112230
|move|p2a: Iron Valiant|Moonblast|p1a: Zapdos
|-damage|p1a: Zapdos|36/100
|move|p1a: Zapdos|Hurricane|p2a: Iron Valiant
|-supereffective|p2a: Iron Valiant
|-damage|p2a: Iron Valiant|0 fnt
|faint|p2a: Iron Valiant
|-end|p2a: Iron Valiant|Quark Drive|[silent]
|
|upkeep
|
|t:|1776112236
|switch|p2a: Kingambit|Kingambit, F, tera:Dark|100/100
|-activate|p2a: Kingambit|ability: Supreme Overlord
|-start|p2a: Kingambit|fallen2|[silent]
|turn|22
|
|t:|1776112245
|move|p1a: Zapdos|Discharge|p2a: Kingambit
|-damage|p2a: Kingambit|60/100
|move|p2a: Kingambit|Kowtow Cleave|p1a: Zapdos
|-damage|p1a: Zapdos|0 fnt
|faint|p1a: Zapdos
|
|upkeep
|
|t:|1776112248
|switch|p1a: Great Tusk|Great Tusk|100/100
|turn|23
|
|t:|1776112251
|-end|p2a: Kingambit|fallen2|[silent]
|switch|p2a: Alomomola|Alomomola, M|65/100 par
|move|p1a: Great Tusk|Close Combat|p2a: Alomomola
|-damage|p2a: Alomomola|31/100 par
|-unboost|p1a: Great Tusk|def|1
|-unboost|p1a: Great Tusk|spd|1
|
|upkeep
|turn|24
|
|t:|1776112262
|switch|p2a: Cinderace|Cinderace, F|21/100
|move|p1a: Great Tusk|Headlong Rush|p2a: Cinderace
|-supereffective|p2a: Cinderace
|-damage|p2a: Cinderace|0 fnt
|-unboost|p1a: Great Tusk|def|1
|-unboost|p1a: Great Tusk|spd|1
|faint|p2a: Cinderace
|
|upkeep
|
|t:|1776112267
|switch|p2a: Hatterene|Hatterene, F|66/100
|turn|25
|
|t:|1776112275
|-end|p1a: Great Tusk|Protosynthesis|[silent]
|switch|p1a: Kingambit|Kingambit, M, shiny|48/100
|move|p2a: Hatterene|Draining Kiss|p1a: Kingambit
|-damage|p1a: Kingambit|28/100
|-heal|p2a: Hatterene|85/100|[from] drain|[of] p1a: Kingambit
|
|upkeep
|turn|26
|inactive|kindnessalwayswins has 90 seconds left.
|
|t:|1776112288
|move|p1a: Kingambit|Kowtow Cleave|p2a: Hatterene
|-damage|p2a: Hatterene|25/100
|move|p2a: Hatterene|Mystical Fire|p1a: Kingambit
|-supereffective|p1a: Kingambit
|-damage|p1a: Kingambit|0 fnt
|faint|p1a: Kingambit
|
|upkeep
|
|t:|1776112293
|switch|p1a: Great Tusk|Great Tusk|100/100
|turn|27
|inactive|kindnessalwayswins has 90 seconds left.
|
|t:|1776112305
|move|p1a: Great Tusk|Headlong Rush|p2a: Hatterene
|-damage|p2a: Hatterene|0 fnt
|-unboost|p1a: Great Tusk|def|1
|-unboost|p1a: Great Tusk|spd|1
|faint|p2a: Hatterene
|
|upkeep
|
|t:|1776112310
|switch|p2a: Alomomola|Alomomola, M|65/100 par
|turn|28
|
|t:|1776112323
|-end|p1a: Great Tusk|Protosynthesis|[silent]
|switch|p1a: Haxorus|Haxorus, M, shiny|100/100
|-ability|p1a: Haxorus|Mold Breaker
|move|p2a: Alomomola|Scald|p1a: Haxorus
|-resisted|p1a: Haxorus
|-damage|p1a: Haxorus|90/100
|
|upkeep
|turn|29
|
|t:|1776112332
|move|p1a: Haxorus|Scale Shot|p2a: Alomomola
|-damage|p2a: Alomomola|56/100 par
|-damage|p2a: Alomomola|49/100 par
|-damage|p2a: Alomomola|41/100 par
|-damage|p2a: Alomomola|33/100 par
|-hitcount|p2a: Alomomola|4
|-unboost|p1a: Haxorus|def|1
|-boost|p1a: Haxorus|spe|1
|move|p2a: Alomomola|Flip Turn|p1a: Haxorus
|-resisted|p1a: Haxorus
|-damage|p1a: Haxorus|76/100
|
|t:|1776112335
|switch|p2a: Kingambit|Kingambit, F, tera:Dark|60/100|[from] Flip Turn
|-activate|p2a: Kingambit|ability: Supreme Overlord
|-start|p2a: Kingambit|fallen4|[silent]
|
|upkeep
|turn|30
|inactive|kindnessalwayswins has 120 seconds left.
|
|t:|1776112356
|-end|p2a: Kingambit|fallen4|[silent]
|switch|p2a: Alomomola|Alomomola, M|66/100 par
|move|p1a: Haxorus|Close Combat|p2a: Alomomola
|-damage|p2a: Alomomola|40/100 par
|-unboost|p1a: Haxorus|def|1
|-unboost|p1a: Haxorus|spd|1
|
|upkeep
|turn|31
|
|t:|1776112362
|move|p1a: Haxorus|Scale Shot|p2a: Alomomola
|-damage|p2a: Alomomola|32/100 par
|-damage|p2a: Alomomola|24/100 par
|-damage|p2a: Alomomola|17/100 par
|-damage|p2a: Alomomola|9/100 par
|-hitcount|p2a: Alomomola|4
|-unboost|p1a: Haxorus|def|1
|-boost|p1a: Haxorus|spe|1
|move|p2a: Alomomola|Flip Turn|p1a: Haxorus
|-resisted|p1a: Haxorus
|-damage|p1a: Haxorus|50/100
|
|t:|1776112364
|switch|p2a: Kingambit|Kingambit, F, tera:Dark|60/100|[from] Flip Turn
|-activate|p2a: Kingambit|ability: Supreme Overlord
|-start|p2a: Kingambit|fallen4|[silent]
|
|upkeep
|turn|32
|
|t:|1776112377
|move|p2a: Kingambit|Sucker Punch|p1a: Haxorus
|-damage|p1a: Haxorus|0 fnt
|faint|p1a: Haxorus
|
|upkeep
|
|t:|1776112379
|switch|p1a: Great Tusk|Great Tusk|100/100
|turn|33
|
|t:|1776112393
|move|p2a: Kingambit|Sucker Punch|p1a: Great Tusk
|-resisted|p1a: Great Tusk
|-damage|p1a: Great Tusk|64/100
|move|p1a: Great Tusk|Close Combat|p2a: Kingambit
|-supereffective|p2a: Kingambit
|-damage|p2a: Kingambit|0 fnt
|-unboost|p1a: Great Tusk|def|1
|-unboost|p1a: Great Tusk|spd|1
|faint|p2a: Kingambit
|-end|p2a: Kingambit|fallen4|[silent]
|
|upkeep
|
|t:|1776112395
|switch|p2a: Alomomola|Alomomola, M|43/100 par
|turn|34
|-message|kindnessalwayswins forfeited.
|
|win|eucalipto69!
|raw|eucalipto69!'s rating: 1498 &rarr; <strong>1519</strong><br />(+21 for winning)
|raw|kindnessalwayswins's rating: 1519 &rarr; <strong>1498</strong><br />(-21 for losing)
|l|☆kindnessalwayswins
|player|p2|
|l|☆eucalipto69!
|player|p1|
