|html|<div class="broadcast-blue"><strong>[Gen 9] OU is currently suspecting Tera Blast! For information on how to participate check out the <a href="https://www.smogon.com/tools/suspects/view/200">suspect thread</a>.</strong></div>
|j|☆MochiGX
|j|☆Kiwoz
|t:|1776103350
|gametype|singles
|player|p1|MochiGX|bertha|1172
|player|p2|Kiwoz|1|1253
|gen|9
|tier|[Gen 9] OU
|rated|
|rule|HP Percentage Mod: HP is shown in percentages
|rule|Endless Battle Clause: Forcing endless battles is banned
|rule|Species Clause: Limit one of each Pokémon
|rule|OHKO Clause: OHKO moves are banned
|rule|Evasion Items Clause: Evasion items are banned
|rule|Evasion Moves Clause: Evasion moves are banned
|rule|Evasion Abilities Clause: Evasion abilities are banned
|rule|Sleep Moves Clause: Sleep-inducing moves are banned
|clearpoke
|poke|p1|Quagsire, M|
|poke|p1|Goodra-Hisui, M|
|poke|p1|Heatran, M|
|poke|p1|Mismagius, F|
|poke|p1|Ting-Lu|
|poke|p1|Azumarill, F|
|poke|p2|Ursaluna, M|
|poke|p2|Hatterene, F|
|poke|p2|Cresselia, F|
|poke|p2|Iron Hands|
|poke|p2|Dragonite, M|
|poke|p2|Skeledirge, M|
|teampreview
|inactive|Battle timer is ON: inactive players will automatically lose when time's up. (requested by Kiwoz)
|
|t:|1776103355
|teamsize|p1|6
|teamsize|p2|6
|start
|switch|p1a: AzumaPills 💊|Azumarill, F|100/100
|switch|p2a: MOONLIGHT|Cresselia, F|100/100
|turn|1
|
|t:|1776103363
|move|p1a: AzumaPills 💊|Belly Drum|p1a: AzumaPills 💊
|-damage|p1a: AzumaPills 💊|50/100
|-setboost|p1a: AzumaPills 💊|atk|6|[from] move: Belly Drum
|-enditem|p1a: AzumaPills 💊|Sitrus Berry|[eat]
|-heal|p1a: AzumaPills 💊|75/100|[from] item: Sitrus Berry
|move|p2a: MOONLIGHT|Trick Room|p2a: MOONLIGHT
|-fieldstart|move: Trick Room|[of] p2a: MOONLIGHT
|
|upkeep
|turn|2
|
|t:|1776103379
|move|p1a: AzumaPills 💊|Liquidation|p2a: MOONLIGHT
|-damage|p2a: MOONLIGHT|0 fnt
|faint|p2a: MOONLIGHT
|
|upkeep
|
|t:|1776103387
|switch|p2a: WINNI|Ursaluna, M|100/100
|turn|3
|
|t:|1776103391
|move|p2a: WINNI|Protect|p2a: WINNI
|-singleturn|p2a: WINNI|Protect
|move|p1a: AzumaPills 💊|Aqua Jet|p2a: WINNI
|-activate|p2a: WINNI|move: Protect
|
|-status|p2a: WINNI|brn|[from] item: Flame Orb
|upkeep
|turn|4
|
|t:|1776103399
|-terastallize|p2a: WINNI|Normal
|move|p1a: AzumaPills 💊|Aqua Jet|p2a: WINNI
|-damage|p2a: WINNI|33/100 brn
|move|p2a: WINNI|Facade|p1a: AzumaPills 💊
|-damage|p1a: AzumaPills 💊|0 fnt
|faint|p1a: AzumaPills 💊
|
|-damage|p2a: WINNI|27/100 brn|[from] brn
|upkeep
|c|☆MochiGX|67
|
|t:|1776103408
|switch|p1a: Fake Smile 💔🙏😭|Goodra-Hisui, M|100/100
|turn|5
|
|t:|1776103419
|switch|p2a: KARABA|Hatterene, F|100/100
|switch|p1a: King Sire 👑|Quagsire, M|100/100
|
|-fieldend|move: Trick Room
|upkeep
|turn|6
|
|t:|1776103426
|move|p1a: King Sire 👑|Earthquake|p2a: KARABA
|-damage|p2a: KARABA|69/100
|move|p2a: KARABA|Trick Room|p2a: KARABA
|-fieldstart|move: Trick Room|[of] p2a: KARABA
|
|upkeep
|turn|7
|
|t:|1776103431
|move|p2a: KARABA|Healing Wish|p2a: KARABA
|faint|p2a: KARABA
|move|p1a: King Sire 👑|Earthquake|p2: KARABA|[notarget]
|-fail|p1a: King Sire 👑
|
|upkeep
|
|t:|1776103434
|switch|p2a: WINNI|Ursaluna, M, tera:Normal|27/100 brn
|-heal|p2a: WINNI|100/100|[from] move: Healing Wish
|turn|8
|
|t:|1776103446
|move|p1a: King Sire 👑|Toxic|p2a: WINNI
|-status|p2a: WINNI|tox
|move|p2a: WINNI|Swords Dance|p2a: WINNI
|-boost|p2a: WINNI|atk|2
|
|-damage|p2a: WINNI|94/100 tox|[from] psn
|upkeep
|turn|9
|
|t:|1776103453
|move|p1a: King Sire 👑|Protect|p1a: King Sire 👑
|-singleturn|p1a: King Sire 👑|Protect
|move|p2a: WINNI|Headlong Rush|p1a: King Sire 👑
|-activate|p1a: King Sire 👑|move: Protect
|
|-damage|p2a: WINNI|82/100 tox|[from] psn
|upkeep
|turn|10
|
|t:|1776103461
|move|p1a: King Sire 👑|Recover||[still]
|-fail|p1a: King Sire 👑|heal
|move|p2a: WINNI|Headlong Rush|p1a: King Sire 👑
|-damage|p1a: King Sire 👑|20/100
|-unboost|p2a: WINNI|def|1
|-unboost|p2a: WINNI|spd|1
|-damage|p2a: WINNI|66/100 tox|[from] item: Rocky Helmet|[of] p1a: King Sire 👑
|
|-damage|p2a: WINNI|48/100 tox|[from] psn
|-fieldend|move: Trick Room
|upkeep
|turn|11
|
|t:|1776103476
|move|p1a: King Sire 👑|Protect|p1a: King Sire 👑
|-singleturn|p1a: King Sire 👑|Protect
|move|p2a: WINNI|Swords Dance|p2a: WINNI
|-boost|p2a: WINNI|atk|2
|
|-damage|p2a: WINNI|23/100 tox|[from] psn
|upkeep
|turn|12
|
|t:|1776103486
|move|p2a: WINNI|Headlong Rush|p1a: King Sire 👑
|-damage|p1a: King Sire 👑|0 fnt
|-unboost|p2a: WINNI|def|1
|-unboost|p2a: WINNI|spd|1
|-damage|p2a: WINNI|7/100 tox|[from] item: Rocky Helmet|[of] p1a: King Sire 👑
|faint|p1a: King Sire 👑
|
|-damage|p2a: WINNI|0 fnt|[from] psn
|faint|p2a: WINNI
|upkeep
|
|t:|1776103496
|switch|p2a: CROCRO|Skeledirge, M, shiny|100/100
|switch|p1a: FeetRan🦶|Heatran, M|100/100
|turn|13
|
|t:|1776103504
|move|p1a: FeetRan🦶|Earth Power|p2a: CROCRO
|-supereffective|p2a: CROCRO
|-damage|p2a: CROCRO|57/100
|move|p2a: CROCRO|Torch Song|p1a: FeetRan🦶
|-start|p1a: FeetRan🦶|ability: Flash Fire
|
|upkeep
|turn|14
|
|t:|1776103512
|switch|p2a: DOUDOU|Dragonite, M|100/100
|move|p1a: FeetRan🦶|Magma Storm|p2a: DOUDOU
|-resisted|p2a: DOUDOU
|-damage|p2a: DOUDOU|80/100
|-activate|p2a: DOUDOU|move: Magma Storm|[of] p1a: FeetRan🦶
|
|-damage|p2a: DOUDOU|67/100|[from] move: Magma Storm|[partiallytrapped]
|upkeep
|turn|15
|
|t:|1776103516
|move|p2a: DOUDOU|Extreme Speed|p1a: FeetRan🦶
|-resisted|p1a: FeetRan🦶
|-damage|p1a: FeetRan🦶|85/100
|move|p1a: FeetRan🦶|Taunt|p2a: DOUDOU
|-start|p2a: DOUDOU|move: Taunt
|
|-heal|p1a: FeetRan🦶|91/100|[from] item: Leftovers
|-damage|p2a: DOUDOU|55/100|[from] move: Magma Storm|[partiallytrapped]
|upkeep
|turn|16
|
|t:|1776103525
|move|p1a: FeetRan🦶|Stealth Rock|p2a: DOUDOU
|-sidestart|p2: Kiwoz|move: Stealth Rock
|move|p2a: DOUDOU|Earthquake|p1a: FeetRan🦶
|-supereffective|p1a: FeetRan🦶
|-damage|p1a: FeetRan🦶|0 fnt
|faint|p1a: FeetRan🦶
|
|-end|p2a: DOUDOU|Magma Storm|[partiallytrapped]|[silent]
|upkeep
|
|t:|1776103539
|switch|p1a: Miss MOGius 🤫|Mismagius, F|100/100
|turn|17
|
|t:|1776103546
|move|p1a: Miss MOGius 🤫|Substitute|p1a: Miss MOGius 🤫
|-start|p1a: Miss MOGius 🤫|Substitute
|-damage|p1a: Miss MOGius 🤫|76/100
|move|p2a: DOUDOU|Earthquake|p1a: Miss MOGius 🤫
|-immune|p1a: Miss MOGius 🤫|[from] ability: Levitate
|
|-heal|p1a: Miss MOGius 🤫|82/100|[from] item: Leftovers
|upkeep
|turn|18
|
|t:|1776103550
|switch|p2a: KUMA|Iron Hands|100/100
|-damage|p2a: KUMA|94/100|[from] Stealth Rock
|move|p1a: Miss MOGius 🤫|Nasty Plot|p1a: Miss MOGius 🤫
|-boost|p1a: Miss MOGius 🤫|spa|2
|
|-heal|p1a: Miss MOGius 🤫|88/100|[from] item: Leftovers
|-heal|p2a: KUMA|100/100|[from] item: Leftovers
|upkeep
|turn|19
|
|t:|1776103560
|move|p1a: Miss MOGius 🤫|Nasty Plot|p1a: Miss MOGius 🤫
|-boost|p1a: Miss MOGius 🤫|spa|2
|move|p2a: KUMA|Swords Dance|p2a: KUMA
|-boost|p2a: KUMA|atk|2
|
|-heal|p1a: Miss MOGius 🤫|94/100|[from] item: Leftovers
|upkeep
|turn|20
|
|t:|1776103567
|move|p1a: Miss MOGius 🤫|Draining Kiss|p2a: KUMA
|-supereffective|p2a: KUMA
|-damage|p2a: KUMA|21/100
|-heal|p1a: Miss MOGius 🤫|100/100|[from] drain|[of] p2a: KUMA
|move|p2a: KUMA|Thunder Punch|p1a: Miss MOGius 🤫
|-end|p1a: Miss MOGius 🤫|Substitute
|
|-heal|p2a: KUMA|27/100|[from] item: Leftovers
|upkeep
|turn|21
|-message|Kiwoz forfeited.
|
|win|MochiGX
|raw|MochiGX's rating: 1172 &rarr; <strong>1203</strong><br />(+31 for winning)
|raw|Kiwoz's rating: 1253 &rarr; <strong>1222</strong><br />(-31 for losing)
|l|☆Kiwoz
|player|p2|
|l|☆MochiGX
|player|p1|
