|html|<div class="broadcast-blue"><strong>[Gen 9] OU is currently suspecting Tera Blast! For information on how to participate check out the <a href="https://www.smogon.com/tools/suspects/view/200">suspect thread</a>.</strong></div>
|j|☆NewJerseyNinja
|j|☆Nastoque
|t:|1776113097
|gametype|singles
|player|p1|NewJerseyNinja|pokemonranger-gen4|1112
|player|p2|Nastoque|lusamine-nihilego|1079
|gen|9
|tier|[Gen 9] OU
|rated|
|rule|HP Percentage Mod: HP is shown in percentages
|rule|Endless Battle Clause: Forcing endless battles is banned
|rule|Species Clause: Limit one of each Pokémon
|rule|OHKO Clause: OHKO moves are banned
|rule|Evasion Items Clause: Evasion items are banned
|rule|Evasion Moves Clause: Evasion moves are banned
|rule|Evasion Abilities Clause: Evasion abilities are banned
|rule|Sleep Moves Clause: Sleep-inducing moves are banned
|clearpoke
|poke|p1|Torkoal, F|
|poke|p1|Walking Wake|
|poke|p1|Great Tusk|
|poke|p1|Scovillain, F|
|poke|p1|Hatterene, F|
|poke|p1|Ceruledge, F|
|poke|p2|Minior|
|poke|p2|Incineroar, F|
|poke|p2|Dondozo, F|
|poke|p2|Clodsire, M|
|poke|p2|Alomomola, M|
|poke|p2|Glimmora, M|
|teampreview
|
|t:|1776113102
|teamsize|p1|6
|teamsize|p2|6
|start
|switch|p1a: Torkoal|Torkoal, F|100/100
|switch|p2a: Clodsire|Clodsire, M, shiny|100/100
|-weather|SunnyDay|[from] ability: Drought|[of] p1a: Torkoal
|turn|1
|
|t:|1776113112
|switch|p1a: Hatterene|Hatterene, F, shiny|100/100
|move|p2a: Clodsire|Toxic|p1a: Hatterene
|move|p1a: Hatterene|Toxic|p2a: Clodsire|[from] ability: Magic Bounce
|-immune|p2a: Clodsire
|
|-weather|SunnyDay|[upkeep]
|upkeep
|turn|2
|
|t:|1776113155
|switch|p2a: Incineroar|Incineroar, F|100/100
|-ability|p2a: Incineroar|Intimidate|boost
|-unboost|p1a: Hatterene|atk|1
|move|p1a: Hatterene|Mystical Fire|p2a: Incineroar
|-resisted|p2a: Incineroar
|-damage|p2a: Incineroar|88/100
|-unboost|p2a: Incineroar|spa|1
|
|-weather|SunnyDay|[upkeep]
|upkeep
|turn|3
|
|t:|1776113167
|move|p2a: Incineroar|Fake Out|p1a: Hatterene
|-damage|p1a: Hatterene|89/100
|-enditem|p1a: Hatterene|Eject Button
|
|t:|1776113174
|switch|p1a: Great Tusk|Great Tusk, shiny|100/100
|-activate|p1a: Great Tusk|ability: Protosynthesis
|-start|p1a: Great Tusk|protosynthesisatk
|
|-weather|SunnyDay|[upkeep]
|upkeep
|turn|4
|
|t:|1776113189
|switch|p2a: Minior|Minior, shiny|100/100
|-formechange|p2a: Minior|Minior-Meteor||[from] ability: Shields Down
|move|p1a: Great Tusk|Rapid Spin|p2a: Minior
|-resisted|p2a: Minior
|-damage|p2a: Minior|85/100
|-boost|p1a: Great Tusk|spe|1
|
|-weather|SunnyDay|[upkeep]
|upkeep
|turn|5
|
|t:|1776113210
|switch|p2a: Alomomola|Alomomola, M, shiny|100/100
|move|p1a: Great Tusk|Ice Spinner|p2a: Alomomola
|-resisted|p2a: Alomomola
|-damage|p2a: Alomomola|89/100
|
|-weather|SunnyDay|[upkeep]
|-heal|p2a: Alomomola|95/100|[from] item: Leftovers
|upkeep
|turn|6
|
|t:|1776113225
|-end|p1a: Great Tusk|Protosynthesis|[silent]
|switch|p1a: Hatterene|Hatterene, F, shiny|89/100
|move|p2a: Alomomola|Wish|p2a: Alomomola
|
|-weather|SunnyDay|[upkeep]
|-heal|p2a: Alomomola|100/100|[from] item: Leftovers
|upkeep
|turn|7
|
|t:|1776113233
|move|p2a: Alomomola|Light Screen|p2a: Alomomola
|-sidestart|p2: Nastoque|move: Light Screen
|move|p1a: Hatterene|Mystical Fire|p2a: Alomomola
|-resisted|p2a: Alomomola
|-damage|p2a: Alomomola|91/100
|-unboost|p2a: Alomomola|spa|1
|
|-weather|SunnyDay|[upkeep]
|-heal|p2a: Alomomola|100/100|[from] move: Wish|[wisher] Alomomola
|upkeep
|turn|8
|
|t:|1776113250
|move|p2a: Alomomola|Flip Turn|p1a: Hatterene
|-damage|p1a: Hatterene|83/100
|
|t:|1776113268
|switch|p2a: Glimmora|Glimmora, M|100/100|[from] Flip Turn
|move|p1a: Hatterene|Mystical Fire|p2a: Glimmora
|-resisted|p2a: Glimmora
|-damage|p2a: Glimmora|92/100
|-unboost|p2a: Glimmora|spa|1
|
|-weather|none
|upkeep
|turn|9
|
|t:|1776113278
|move|p2a: Glimmora|Mortal Spin|p1a: Hatterene
|-supereffective|p1a: Hatterene
|-damage|p1a: Hatterene|71/100
|-status|p1a: Hatterene|psn
|move|p1a: Hatterene|Psyshock|p2a: Glimmora
|-supereffective|p2a: Glimmora
|-damage|p2a: Glimmora|53/100
|
|-damage|p1a: Hatterene|59/100 psn|[from] psn
|upkeep
|turn|10
|
|t:|1776113304
|switch|p2a: Incineroar|Incineroar, F|88/100
|-ability|p2a: Incineroar|Intimidate|boost
|-unboost|p1a: Hatterene|atk|1
|move|p1a: Hatterene|Psyshock|p2a: Incineroar
|-immune|p2a: Incineroar
|
|-damage|p1a: Hatterene|46/100 psn|[from] psn
|upkeep
|turn|11
|
|t:|1776113318
|switch|p2a: Alomomola|Alomomola, M, shiny|100/100
|switch|p1a: Torkoal|Torkoal, F|100/100
|-weather|SunnyDay|[from] ability: Drought|[of] p1a: Torkoal
|
|-weather|SunnyDay|[upkeep]
|-sideend|p2: Nastoque|move: Light Screen
|upkeep
|turn|12
|
|t:|1776113328
|switch|p1a: Scovillain|Scovillain, F|100/100
|move|p2a: Alomomola|Wish|p2a: Alomomola
|
|-weather|SunnyDay|[upkeep]
|upkeep
|turn|13
|
|t:|1776113334
|move|p1a: Scovillain|Growth|p1a: Scovillain
|-boost|p1a: Scovillain|atk|2
|-boost|p1a: Scovillain|spa|2
|move|p2a: Alomomola|Flip Turn|p1a: Scovillain
|-damage|p1a: Scovillain|87/100
|
|t:|1776113343
|switch|p2a: Glimmora|Glimmora, M|53/100|[from] Flip Turn
|
|-weather|SunnyDay|[upkeep]
|-heal|p2a: Glimmora|100/100|[from] move: Wish|[wisher] Alomomola
|upkeep
|turn|14
|
|t:|1776113350
|move|p1a: Scovillain|Giga Drain|p2a: Glimmora
|-damage|p2a: Glimmora|6/100
|-heal|p1a: Scovillain|100/100|[from] drain|[of] p2a: Glimmora
|-damage|p1a: Scovillain|91/100|[from] item: Life Orb
|move|p2a: Glimmora|Sludge Wave|p1a: Scovillain
|-supereffective|p1a: Scovillain
|-damage|p1a: Scovillain|0 fnt
|faint|p1a: Scovillain
|
|-weather|SunnyDay|[upkeep]
|upkeep
|
|t:|1776113362
|switch|p1a: Great Tusk|Great Tusk, shiny|100/100
|-activate|p1a: Great Tusk|ability: Protosynthesis
|-start|p1a: Great Tusk|protosynthesisatk
|turn|15
|
|t:|1776113369
|switch|p2a: Minior|Minior, shiny|85/100
|-formechange|p2a: Minior|Minior-Meteor||[from] ability: Shields Down
|move|p1a: Great Tusk|Rapid Spin|p2a: Minior
|-resisted|p2a: Minior
|-damage|p2a: Minior|70/100
|-boost|p1a: Great Tusk|spe|1
|
|-weather|SunnyDay|[upkeep]
|upkeep
|turn|16
|
|t:|1776113384
|switch|p2a: Clodsire|Clodsire, M, shiny|100/100
|move|p1a: Great Tusk|Ice Spinner|p2a: Clodsire
|-supereffective|p2a: Clodsire
|-damage|p2a: Clodsire|6/100
|
|-weather|SunnyDay|[upkeep]
|-heal|p2a: Clodsire|12/100|[from] item: Leftovers
|upkeep
|turn|17
|
|t:|1776113393
|switch|p2a: Alomomola|Alomomola, M, shiny|100/100
|move|p1a: Great Tusk|Ice Spinner|p2a: Alomomola
|-resisted|p2a: Alomomola
|-damage|p2a: Alomomola|90/100
|
|-weather|SunnyDay|[upkeep]
|-heal|p2a: Alomomola|96/100|[from] item: Leftovers
|upkeep
|turn|18
|
|t:|1776113405
|move|p1a: Great Tusk|Headlong Rush|p2a: Alomomola
|-damage|p2a: Alomomola|50/100
|-unboost|p1a: Great Tusk|def|1
|-unboost|p1a: Great Tusk|spd|1
|move|p2a: Alomomola|Wish|p2a: Alomomola
|
|-weather|none
|-end|p1a: Great Tusk|Protosynthesis
|-heal|p2a: Alomomola|56/100|[from] item: Leftovers
|upkeep
|turn|19
|
|t:|1776113414
|-end|p1a: Great Tusk|Protosynthesis|[silent]
|switch|p1a: Torkoal|Torkoal, F|100/100
|-weather|SunnyDay|[from] ability: Drought|[of] p1a: Torkoal
|move|p2a: Alomomola|Flip Turn|p1a: Torkoal
|-supereffective|p1a: Torkoal
|-damage|p1a: Torkoal|89/100
|
|t:|1776113422
|switch|p2a: Glimmora|Glimmora, M|6/100|[from] Flip Turn
|
|-weather|SunnyDay|[upkeep]
|-heal|p2a: Glimmora|79/100|[from] move: Wish|[wisher] Alomomola
|upkeep
|turn|20
|
|t:|1776113438
|switch|p2a: Dondozo|Dondozo, F|100/100
|move|p1a: Torkoal|Stealth Rock|p2a: Dondozo
|-sidestart|p2: Nastoque|move: Stealth Rock
|
|-weather|SunnyDay|[upkeep]
|upkeep
|turn|21
|
|t:|1776113447
|switch|p1a: Hatterene|Hatterene, F, shiny|46/100 psn
|move|p2a: Dondozo|Curse|p2a: Dondozo
|-unboost|p2a: Dondozo|spe|1
|-boost|p2a: Dondozo|atk|1
|-boost|p2a: Dondozo|def|1
|
|-weather|SunnyDay|[upkeep]
|-damage|p1a: Hatterene|34/100 psn|[from] psn
|upkeep
|turn|22
|
|t:|1776113456
|move|p1a: Hatterene|Draining Kiss|p2a: Dondozo
|-damage|p2a: Dondozo|77/100
|-heal|p1a: Hatterene|62/100 psn|[from] drain|[of] p2a: Dondozo
|move|p2a: Dondozo|Earthquake|p1a: Hatterene
|-damage|p1a: Hatterene|34/100 psn
|
|-weather|SunnyDay|[upkeep]
|-heal|p2a: Dondozo|83/100|[from] item: Leftovers
|-damage|p1a: Hatterene|22/100 psn|[from] psn
|upkeep
|turn|23
|
|t:|1776113476
|switch|p2a: Glimmora|Glimmora, M|79/100
|-damage|p2a: Glimmora|66/100|[from] Stealth Rock
|move|p1a: Hatterene|Draining Kiss|p2a: Glimmora
|-resisted|p2a: Glimmora
|-damage|p2a: Glimmora|53/100
|-heal|p1a: Hatterene|33/100 psn|[from] drain|[of] p2a: Glimmora
|
|-weather|SunnyDay|[upkeep]
|-damage|p1a: Hatterene|20/100 psn|[from] psn
|upkeep
|turn|24
|
|t:|1776113488
|move|p2a: Glimmora|Mortal Spin|p1a: Hatterene
|-supereffective|p1a: Hatterene
|-damage|p1a: Hatterene|7/100 psn
|-sideend|p2: Nastoque|Stealth Rock|[from] move: Mortal Spin|[of] p2a: Glimmora
|move|p1a: Hatterene|Psyshock|p2a: Glimmora
|-supereffective|p2a: Glimmora
|-damage|p2a: Glimmora|0 fnt
|faint|p2a: Glimmora
|
|-weather|SunnyDay|[upkeep]
|-damage|p1a: Hatterene|0 fnt|[from] psn
|faint|p1a: Hatterene
|upkeep
|
|t:|1776113507
|switch|p2a: Alomomola|Alomomola, M, shiny|89/100
|switch|p1a: Great Tusk|Great Tusk, shiny|100/100
|-activate|p1a: Great Tusk|ability: Protosynthesis
|-start|p1a: Great Tusk|protosynthesisatk
|turn|25
|
|t:|1776113527
|-terastallize|p1a: Great Tusk|Steel
|move|p1a: Great Tusk|Rapid Spin|p2a: Alomomola
|-damage|p2a: Alomomola|77/100
|-boost|p1a: Great Tusk|spe|1
|move|p2a: Alomomola|Wish|p2a: Alomomola
|
|-weather|SunnyDay|[upkeep]
|-heal|p2a: Alomomola|83/100|[from] item: Leftovers
|upkeep
|turn|26
|
|t:|1776113547
|move|p1a: Great Tusk|Temper Flare|p2a: Alomomola
|-resisted|p2a: Alomomola
|-damage|p2a: Alomomola|69/100
|move|p2a: Alomomola|Flip Turn|p1a: Great Tusk
|-damage|p1a: Great Tusk|95/100
|-damage|p2a: Alomomola|53/100|[from] item: Rocky Helmet|[of] p1a: Great Tusk
|
|t:|1776113560
|switch|p2a: Clodsire|Clodsire, M, shiny|12/100|[from] Flip Turn
|
|-weather|none
|-end|p1a: Great Tusk|Protosynthesis
|-heal|p2a: Clodsire|70/100|[from] move: Wish|[wisher] Alomomola
|-heal|p2a: Clodsire|76/100|[from] item: Leftovers
|upkeep
|turn|27
|
|t:|1776113580
|switch|p2a: Alomomola|Alomomola, M, shiny|86/100
|move|p1a: Great Tusk|Ice Spinner|p2a: Alomomola
|-resisted|p2a: Alomomola
|-damage|p2a: Alomomola|78/100
|
|-heal|p2a: Alomomola|84/100|[from] item: Leftovers
|upkeep
|turn|28
|
|t:|1776113587
|-end|p1a: Great Tusk|Protosynthesis|[silent]
|switch|p1a: Torkoal|Torkoal, F|89/100
|-weather|SunnyDay|[from] ability: Drought|[of] p1a: Torkoal
|move|p2a: Alomomola|Wish|p2a: Alomomola
|
|-weather|SunnyDay|[upkeep]
|-heal|p2a: Alomomola|91/100|[from] item: Leftovers
|upkeep
|turn|29
|
|t:|1776113594
|move|p2a: Alomomola|Flip Turn|p1a: Torkoal
|-supereffective|p1a: Torkoal
|-damage|p1a: Torkoal|76/100
|
|t:|1776113598
|switch|p2a: Minior|Minior, shiny|70/100|[from] Flip Turn
|-formechange|p2a: Minior|Minior-Meteor||[from] ability: Shields Down
|move|p1a: Torkoal|Stealth Rock|p2a: Minior
|-sidestart|p2: Nastoque|move: Stealth Rock
|
|-weather|SunnyDay|[upkeep]
|-heal|p2a: Minior|100/100|[from] move: Wish|[wisher] Alomomola
|upkeep
|turn|30
|
|t:|1776113614
|switch|p1a: Walking Wake|Walking Wake|100/100
|-activate|p1a: Walking Wake|ability: Protosynthesis
|-start|p1a: Walking Wake|protosynthesisspa
|move|p2a: Minior|Shell Smash|p2a: Minior
|-unboost|p2a: Minior|def|1
|-unboost|p2a: Minior|spd|1
|-boost|p2a: Minior|atk|2
|-boost|p2a: Minior|spa|2
|-boost|p2a: Minior|spe|2
|
|-weather|SunnyDay|[upkeep]
|upkeep
|turn|31
|
|t:|1776113626
|move|p2a: Minior|Earthquake|p1a: Walking Wake
|-damage|p1a: Walking Wake|51/100
|move|p1a: Walking Wake|Hydro Steam|p2a: Minior
|-supereffective|p2a: Minior
|-enditem|p2a: Minior|Focus Sash
|-damage|p2a: Minior|1/100
|
|-weather|SunnyDay|[upkeep]
|-formechange|p2a: Minior|Minior||[from] ability: Shields Down
|upkeep
|turn|32
|
|t:|1776113637
|move|p2a: Minior|Earthquake|p1a: Walking Wake
|-damage|p1a: Walking Wake|0 fnt
|faint|p1a: Walking Wake
|-end|p1a: Walking Wake|Protosynthesis|[silent]
|
|-weather|SunnyDay|[upkeep]
|upkeep
|
|t:|1776113645
|switch|p1a: Ceruledge|Ceruledge, F|100/100
|turn|33
|
|t:|1776113652
|move|p2a: Minior|Earthquake|p1a: Ceruledge
|-supereffective|p1a: Ceruledge
|-enditem|p1a: Ceruledge|Focus Sash
|-damage|p1a: Ceruledge|1/100
|-ability|p1a: Ceruledge|Weak Armor|boost
|-unboost|p1a: Ceruledge|def|1
|-boost|p1a: Ceruledge|spe|2
|move|p1a: Ceruledge|Swords Dance|p1a: Ceruledge
|-boost|p1a: Ceruledge|atk|2
|
|-weather|SunnyDay|[upkeep]
|upkeep
|turn|34
|
|t:|1776113669
|move|p1a: Ceruledge|Shadow Sneak|p2a: Minior
|-damage|p2a: Minior|0 fnt
|faint|p2a: Minior
|
|-weather|SunnyDay|[upkeep]
|upkeep
|
|t:|1776113677
|switch|p2a: Clodsire|Clodsire, M, shiny|76/100
|-damage|p2a: Clodsire|70/100|[from] Stealth Rock
|turn|35
|
|t:|1776113681
|move|p1a: Ceruledge|Solar Blade||[still]
|-prepare|p1a: Ceruledge|Solar Blade
|-anim|p1a: Ceruledge|Solar Blade|p2a: Clodsire
|-damage|p2a: Clodsire|22/100
|move|p2a: Clodsire|Toxic|p1a: Ceruledge
|-status|p1a: Ceruledge|tox
|
|-weather|none
|-heal|p2a: Clodsire|29/100|[from] item: Leftovers
|-damage|p1a: Ceruledge|0 fnt|[from] psn
|faint|p1a: Ceruledge
|upkeep
|-message|NewJerseyNinja forfeited.
|
|win|Nastoque
|raw|NewJerseyNinja's rating: 1112 &rarr; <strong>1085</strong><br />(-27 for losing)
|raw|Nastoque's rating: 1079 &rarr; <strong>1110</strong><br />(+31 for winning)
|l|☆NewJerseyNinja
|player|p1|
|c|☆Nastoque|ggs
|l|☆Nastoque
|player|p2|
