|html|<div class="broadcast-blue"><strong>[Gen 9] OU is currently suspecting Tera Blast! For information on how to participate check out the <a href="https://www.smogon.com/tools/suspects/view/200">suspect thread</a>.</strong></div>
|j|☆zahtoo
|j|☆Toto2002
|t:|1776088724
|gametype|singles
|player|p1|zahtoo|red|1383
|player|p2|Toto2002|rosa|1364
|gen|9
|tier|[Gen 9] OU
|rated|
|rule|HP Percentage Mod: HP is shown in percentages
|rule|Endless Battle Clause: Forcing endless battles is banned
|rule|Species Clause: Limit one of each Pokémon
|rule|OHKO Clause: OHKO moves are banned
|rule|Evasion Items Clause: Evasion items are banned
|rule|Evasion Moves Clause: Evasion moves are banned
|rule|Evasion Abilities Clause: Evasion abilities are banned
|rule|Sleep Moves Clause: Sleep-inducing moves are banned
|clearpoke
|poke|p1|Regice|
|poke|p1|Hoopa-Unbound|
|poke|p1|Slither Wing|
|poke|p1|Dragapult, F|
|poke|p1|Iron Valiant|
|poke|p1|Great Tusk|
|poke|p2|Ogerpon-Wellspring, F|
|poke|p2|Kingambit, M|
|poke|p2|Landorus-Therian, M|
|poke|p2|Glimmora, F|
|poke|p2|Dragapult, F|
|poke|p2|Iron Valiant|
|teampreview
|inactive|Battle timer is ON: inactive players will automatically lose when time's up. (requested by zahtoo)
|
|t:|1776088748
|teamsize|p1|6
|teamsize|p2|6
|start
|switch|p1a: Fraudpult|Dragapult, F|100/100
|switch|p2a: Dragapult|Dragapult, F|100/100
|turn|1
|c|☆zahtoo|glhf brother
|
|t:|1776088756
|switch|p1a: Valorant|Iron Valiant|100/100
|-enditem|p1a: Valorant|Booster Energy
|-activate|p1a: Valorant|ability: Quark Drive|[fromitem]
|-start|p1a: Valorant|quarkdrivespe
|move|p2a: Dragapult|Shadow Ball|p1a: Valorant
|-damage|p1a: Valorant|8/100
|
|upkeep
|turn|2
|
|t:|1776088767
|switch|p2a: Landorus|Landorus-Therian, M|100/100
|-ability|p2a: Landorus|Intimidate|boost
|-unboost|p1a: Valorant|atk|1
|move|p1a: Valorant|Moonblast|p2a: Landorus
|-damage|p2a: Landorus|47/100
|-unboost|p2a: Landorus|spa|1
|
|upkeep
|turn|3
|
|t:|1776088775
|switch|p2a: Glimmora|Glimmora, F|100/100
|move|p1a: Valorant|Moonblast|p2a: Glimmora
|-resisted|p2a: Glimmora
|-damage|p2a: Glimmora|69/100
|
|upkeep
|turn|4
|
|t:|1776088780
|move|p1a: Valorant|Shadow Ball|p2a: Glimmora
|-damage|p2a: Glimmora|37/100
|move|p2a: Glimmora|Mortal Spin|p1a: Valorant
|-supereffective|p1a: Valorant
|-damage|p1a: Valorant|0 fnt
|faint|p1a: Valorant
|-end|p1a: Valorant|Quark Drive|[silent]
|
|upkeep
|
|t:|1776088787
|switch|p1a: Fraudpult|Dragapult, F|100/100
|turn|5
|
|t:|1776088792
|switch|p2a: Kingambit|Kingambit, M|100/100
|move|p1a: Fraudpult|Shadow Ball|p2a: Kingambit
|-resisted|p2a: Kingambit
|-damage|p2a: Kingambit|76/100
|
|-heal|p2a: Kingambit|83/100|[from] item: Leftovers
|upkeep
|turn|6
|
|t:|1776088797
|switch|p1a: MOTHMAN|Slither Wing|100/100
|move|p2a: Kingambit|Kowtow Cleave|p1a: MOTHMAN
|-resisted|p1a: MOTHMAN
|-damage|p1a: MOTHMAN|81/100
|
|-heal|p2a: Kingambit|89/100|[from] item: Leftovers
|upkeep
|turn|7
|
|t:|1776088804
|-end|p2a: Kingambit|fallenundefined|[silent]
|switch|p2a: Glimmora|Glimmora, F|37/100
|move|p1a: MOTHMAN|Will-O-Wisp|p2a: Glimmora
|-status|p2a: Glimmora|brn
|
|-damage|p2a: Glimmora|30/100 brn|[from] brn
|upkeep
|turn|8
|
|t:|1776088810
|-end|p1a: MOTHMAN|Protosynthesis|[silent]
|switch|p1a: Fraudpult|Dragapult, F|100/100
|move|p2a: Glimmora|Spikes|p1a: Fraudpult
|-sidestart|p1: zahtoo|Spikes
|
|-damage|p2a: Glimmora|24/100 brn|[from] brn
|upkeep
|turn|9
|
|t:|1776088813
|switch|p2a: Landorus|Landorus-Therian, M|47/100
|-ability|p2a: Landorus|Intimidate|boost
|-unboost|p1a: Fraudpult|atk|1
|move|p1a: Fraudpult|Shadow Ball|p2a: Landorus
|-damage|p2a: Landorus|0 fnt
|faint|p2a: Landorus
|
|upkeep
|
|t:|1776088822
|switch|p2a: Ogerpon|Ogerpon-Wellspring, F|100/100
|turn|10
|
|t:|1776088836
|move|p1a: Fraudpult|Shadow Ball|p2a: Ogerpon
|-damage|p2a: Ogerpon|43/100
|move|p2a: Ogerpon|Knock Off|p1a: Fraudpult
|-supereffective|p1a: Fraudpult
|-damage|p1a: Fraudpult|0 fnt
|-enditem|p1a: Fraudpult|Choice Specs|[from] move: Knock Off|[of] p2a: Ogerpon
|faint|p1a: Fraudpult
|
|upkeep
|
|t:|1776088843
|switch|p1a: MOTHMAN|Slither Wing|81/100
|turn|11
|
|t:|1776088845
|switch|p2a: Glimmora|Glimmora, F|24/100 brn
|move|p1a: MOTHMAN|First Impression|p2a: Glimmora
|-resisted|p2a: Glimmora
|-damage|p2a: Glimmora|1/100 brn
|-activate|p2a: Glimmora|ability: Toxic Debris
|-sidestart|p1: zahtoo|move: Toxic Spikes
|
|-damage|p2a: Glimmora|0 fnt|[from] brn
|faint|p2a: Glimmora
|upkeep
|
|t:|1776088852
|switch|p2a: Dragapult|Dragapult, F|100/100
|turn|12
|
|t:|1776088857
|-end|p1a: MOTHMAN|Protosynthesis|[silent]
|switch|p1a: Y2K|Regice|100/100
|-damage|p1a: Y2K|88/100|[from] Spikes
|-status|p1a: Y2K|psn
|move|p2a: Dragapult|Shadow Ball|p1a: Y2K
|-damage|p1a: Y2K|53/100 psn
|
|-damage|p1a: Y2K|41/100 psn|[from] psn
|upkeep
|turn|13
|
|t:|1776088867
|switch|p2a: Kingambit|Kingambit, M|89/100
|-activate|p2a: Kingambit|ability: Supreme Overlord
|-start|p2a: Kingambit|fallen2|[silent]
|move|p1a: Y2K|Ice Beam|p2a: Kingambit
|-resisted|p2a: Kingambit
|-damage|p2a: Kingambit|71/100
|
|-heal|p2a: Kingambit|77/100|[from] item: Leftovers
|-damage|p1a: Y2K|29/100 psn|[from] psn
|upkeep
|turn|14
|
|t:|1776088874
|switch|p1a: Tusk Act IV|Great Tusk|100/100
|-damage|p1a: Tusk Act IV|88/100|[from] Spikes
|-status|p1a: Tusk Act IV|psn
|move|p2a: Kingambit|Kowtow Cleave|p1a: Tusk Act IV
|-resisted|p1a: Tusk Act IV
|-damage|p1a: Tusk Act IV|73/100 psn
|-damage|p2a: Kingambit|61/100|[from] item: Rocky Helmet|[of] p1a: Tusk Act IV
|
|-heal|p2a: Kingambit|67/100|[from] item: Leftovers
|-damage|p1a: Tusk Act IV|61/100 psn|[from] psn
|upkeep
|turn|15
|
|t:|1776088882
|-end|p2a: Kingambit|fallen2|[silent]
|switch|p2a: Dragapult|Dragapult, F|100/100
|move|p1a: Tusk Act IV|Ice Spinner|p2a: Dragapult
|-supereffective|p2a: Dragapult
|-damage|p2a: Dragapult|37/100
|
|-damage|p1a: Tusk Act IV|48/100 psn|[from] psn
|upkeep
|turn|16
|
|t:|1776088894
|-end|p1a: Tusk Act IV|Protosynthesis|[silent]
|switch|p1a: Y2K|Regice|29/100 psn
|-damage|p1a: Y2K|17/100 psn|[from] Spikes
|move|p2a: Dragapult|Shadow Ball|p1a: Y2K
|-damage|p1a: Y2K|0 fnt
|faint|p1a: Y2K
|
|upkeep
|
|t:|1776088901
|switch|p1a: OPM BABI|Hoopa-Unbound|100/100
|-damage|p1a: OPM BABI|88/100|[from] Spikes
|-status|p1a: OPM BABI|psn
|turn|17
|
|t:|1776088908
|move|p2a: Dragapult|Shadow Ball|p1a: OPM BABI
|-damage|p1a: OPM BABI|41/100 psn
|move|p1a: OPM BABI|Hyperspace Fury|p2a: Dragapult
|-supereffective|p2a: Dragapult
|-crit|p2a: Dragapult
|-damage|p2a: Dragapult|0 fnt
|-unboost|p1a: OPM BABI|def|1
|faint|p2a: Dragapult
|
|-damage|p1a: OPM BABI|29/100 psn|[from] psn
|upkeep
|
|t:|1776088912
|switch|p2a: Ogerpon|Ogerpon-Wellspring, F|43/100
|turn|18
|
|t:|1776088918
|switch|p1a: MOTHMAN|Slither Wing|81/100
|move|p2a: Ogerpon|Ivy Cudgel|p1a: MOTHMAN|[anim] Ivy Cudgel Water
|-damage|p1a: MOTHMAN|32/100
|
|upkeep
|turn|19
|
|t:|1776088924
|-terastallize|p1a: MOTHMAN|Water
|move|p2a: Ogerpon|Ivy Cudgel|p1a: MOTHMAN|[anim] Ivy Cudgel Water
|-resisted|p1a: MOTHMAN
|-crit|p1a: MOTHMAN
|-damage|p1a: MOTHMAN|0 fnt
|faint|p1a: MOTHMAN
|-end|p1a: MOTHMAN|Protosynthesis|[silent]
|
|upkeep
|-message|zahtoo forfeited.
|
|win|Toto2002
|raw|zahtoo's rating: 1383 &rarr; <strong>1362</strong><br />(-21 for losing)
|raw|Toto2002's rating: 1364 &rarr; <strong>1385</strong><br />(+21 for winning)
|l|☆zahtoo
|player|p1|
|l|☆Toto2002
|player|p2|
