|html|<div class="broadcast-blue"><strong>[Gen 9] OU is currently suspecting Tera Blast! For information on how to participate check out the <a href="https://www.smogon.com/tools/suspects/view/200">suspect thread</a>.</strong></div>
|j|☆PepperLemons
|j|☆Fitis3
|t:|1776064754
|gametype|singles
|player|p1|PepperLemons|rocketgruntf|1237
|player|p2|Fitis3|170|1216
|gen|9
|tier|[Gen 9] OU
|rated|
|rule|HP Percentage Mod: HP is shown in percentages
|rule|Endless Battle Clause: Forcing endless battles is banned
|rule|Species Clause: Limit one of each Pokémon
|rule|OHKO Clause: OHKO moves are banned
|rule|Evasion Items Clause: Evasion items are banned
|rule|Evasion Moves Clause: Evasion moves are banned
|rule|Evasion Abilities Clause: Evasion abilities are banned
|rule|Sleep Moves Clause: Sleep-inducing moves are banned
|clearpoke
|poke|p1|Ninetales-Alola, F|
|poke|p1|Kyurem|
|poke|p1|Sandslash-Alola, F|
|poke|p1|Avalugg-Hisui, F|
|poke|p1|Moltres|
|poke|p1|Samurott-Hisui, M|
|poke|p2|Gliscor, F|
|poke|p2|Gholdengo|
|poke|p2|Great Tusk|
|poke|p2|Dragonite, M|
|poke|p2|Tyranitar, F|
|poke|p2|Iron Valiant|
|teampreview
|inactive|Battle timer is ON: inactive players will automatically lose when time's up. (requested by Fitis3)
|
|t:|1776064782
|teamsize|p1|6
|teamsize|p2|6
|start
|switch|p1a: Samurott|Samurott-Hisui, M|100/100
|switch|p2a: Gholdengo|Gholdengo|100/100
|turn|1
|
|t:|1776064797
|move|p2a: Gholdengo|Trick|p1a: Samurott
|-activate|p2a: Gholdengo|move: Trick|[of] p1a: Samurott
|-item|p1a: Samurott|Choice Scarf|[from] move: Trick
|-item|p2a: Gholdengo|Assault Vest|[from] move: Trick
|move|p1a: Samurott|Ceaseless Edge|p2a: Gholdengo
|-supereffective|p2a: Gholdengo
|-damage|p2a: Gholdengo|1/100
|-sidestart|p2: Fitis3|Spikes
|
|upkeep
|turn|2
|
|t:|1776064806
|switch|p2a: Great Tusk|Great Tusk|100/100
|move|p1a: Samurott|Ceaseless Edge|p2a: Great Tusk
|-resisted|p2a: Great Tusk
|-damage|p2a: Great Tusk|89/100
|-sidestart|p2: Fitis3|Spikes
|
|upkeep
|turn|3
|
|t:|1776064816
|switch|p1a: Moltres|Moltres|100/100
|move|p2a: Great Tusk|Stealth Rock|p1a: Moltres
|-sidestart|p1: PepperLemons|move: Stealth Rock
|
|upkeep
|turn|4
|
|t:|1776064826
|move|p1a: Moltres|Flamethrower|p2a: Great Tusk
|-damage|p2a: Great Tusk|37/100
|move|p2a: Great Tusk|Rapid Spin|p1a: Moltres
|-damage|p1a: Moltres|86/100
|-boost|p2a: Great Tusk|spe|1
|-sideend|p2: Fitis3|Spikes|[from] move: Rapid Spin|[of] p2a: Great Tusk
|
|upkeep
|turn|5
|
|t:|1776064838
|move|p2a: Great Tusk|Knock Off|p1a: Moltres
|-damage|p1a: Moltres|59/100
|-enditem|p1a: Moltres|Heavy-Duty Boots|[from] move: Knock Off|[of] p2a: Great Tusk
|move|p1a: Moltres|Flamethrower|p2a: Great Tusk
|-damage|p2a: Great Tusk|0 fnt
|faint|p2a: Great Tusk
|-end|p2a: Great Tusk|Protosynthesis|[silent]
|
|upkeep
|
|t:|1776064846
|switch|p2a: Tyranitar|Tyranitar, F|100/100
|-weather|Sandstorm|[from] ability: Sand Stream|[of] p2a: Tyranitar
|turn|6
|
|t:|1776064856
|move|p1a: Moltres|U-turn|p2a: Tyranitar
|-supereffective|p2a: Tyranitar
|-damage|p2a: Tyranitar|78/100
|
|t:|1776064865
|switch|p1a: Avalugg|Avalugg-Hisui, F|100/100|[from] U-turn
|-damage|p1a: Avalugg|76/100|[from] Stealth Rock
|move|p2a: Tyranitar|Stone Edge|p1a: Avalugg|[miss]
|-miss|p2a: Tyranitar|p1a: Avalugg
|
|-weather|Sandstorm|[upkeep]
|upkeep
|turn|7
|
|t:|1776064874
|move|p2a: Tyranitar|Stone Edge|p1a: Avalugg
|-supereffective|p1a: Avalugg
|-damage|p1a: Avalugg|40/100
|move|p1a: Avalugg|Rapid Spin|p2a: Tyranitar
|-resisted|p2a: Tyranitar
|-damage|p2a: Tyranitar|73/100
|-boost|p1a: Avalugg|spe|1
|-sideend|p1: PepperLemons|Stealth Rock|[from] move: Rapid Spin|[of] p1a: Avalugg
|
|-weather|Sandstorm|[upkeep]
|upkeep
|turn|8
|
|t:|1776064882
|switch|p2a: Iron Valiant|Iron Valiant|100/100
|move|p1a: Avalugg|Recover|p1a: Avalugg
|-heal|p1a: Avalugg|90/100
|
|-weather|Sandstorm|[upkeep]
|-damage|p2a: Iron Valiant|94/100|[from] Sandstorm
|upkeep
|turn|9
|
|t:|1776064892
|switch|p1a: Ninetales|Ninetales-Alola, F, shiny|100/100
|-weather|Snowscape|[from] ability: Snow Warning|[of] p1a: Ninetales
|move|p2a: Iron Valiant|Encore||[still]
|-fail|p2a: Iron Valiant
|
|-weather|Snowscape|[upkeep]
|upkeep
|turn|10
|
|t:|1776064902
|move|p2a: Iron Valiant|Moonblast|p1a: Ninetales
|-damage|p1a: Ninetales|49/100
|-unboost|p1a: Ninetales|spa|1
|-damage|p2a: Iron Valiant|85/100|[from] item: Life Orb
|move|p1a: Ninetales|Aurora Veil|p1a: Ninetales
|-sidestart|p1: PepperLemons|move: Aurora Veil
|
|-weather|Snowscape|[upkeep]
|upkeep
|turn|11
|
|t:|1776064918
|switch|p1a: Sandslash|Sandslash-Alola, F, shiny|100/100
|move|p2a: Iron Valiant|Moonblast|p1a: Sandslash
|-resisted|p1a: Sandslash
|-damage|p1a: Sandslash|74/100
|-unboost|p1a: Sandslash|spa|1
|-damage|p2a: Iron Valiant|75/100|[from] item: Life Orb
|
|-weather|Snowscape|[upkeep]
|upkeep
|turn|12
|
|t:|1776064925
|move|p1a: Sandslash|Iron Head|p2a: Iron Valiant
|-supereffective|p2a: Iron Valiant
|-damage|p2a: Iron Valiant|0 fnt
|faint|p2a: Iron Valiant
|-end|p2a: Iron Valiant|Quark Drive|[silent]
|-damage|p1a: Sandslash|65/100|[from] item: Life Orb
|
|-weather|Snowscape|[upkeep]
|upkeep
|
|t:|1776064930
|switch|p2a: Tyranitar|Tyranitar, F|73/100
|-weather|Sandstorm|[from] ability: Sand Stream|[of] p2a: Tyranitar
|turn|13
|
|t:|1776064942
|switch|p2a: Gholdengo|Gholdengo|1/100
|move|p1a: Sandslash|Iron Head|p2a: Gholdengo
|-resisted|p2a: Gholdengo
|-damage|p2a: Gholdengo|0 fnt
|faint|p2a: Gholdengo
|-damage|p1a: Sandslash|55/100|[from] item: Life Orb
|
|-weather|Sandstorm|[upkeep]
|upkeep
|
|t:|1776064957
|switch|p2a: Dragonite|Dragonite, M|100/100
|turn|14
|
|t:|1776064981
|switch|p1a: Avalugg|Avalugg-Hisui, F|90/100
|move|p2a: Dragonite|Dragon Dance|p2a: Dragonite
|-boost|p2a: Dragonite|atk|1
|-boost|p2a: Dragonite|spe|1
|
|-weather|Sandstorm|[upkeep]
|-damage|p2a: Dragonite|94/100|[from] Sandstorm
|-sideend|p1: PepperLemons|move: Aurora Veil
|upkeep
|turn|15
|inactive|PepperLemons has 120 seconds left.
|
|t:|1776065008
|switch|p1a: Ninetales|Ninetales-Alola, F, shiny|49/100
|-weather|Snowscape|[from] ability: Snow Warning|[of] p1a: Ninetales
|move|p2a: Dragonite|Earthquake|p1a: Ninetales
|-damage|p1a: Ninetales|0 fnt
|faint|p1a: Ninetales
|
|-weather|Snowscape|[upkeep]
|upkeep
|
|t:|1776065017
|switch|p1a: Sandslash|Sandslash-Alola, F, shiny|55/100
|turn|16
|inactive|PepperLemons has 120 seconds left.
|
|t:|1776065026
|move|p1a: Sandslash|Icicle Crash|p2a: Dragonite
|-supereffective|p2a: Dragonite
|-damage|p2a: Dragonite|0 fnt
|faint|p2a: Dragonite
|-damage|p1a: Sandslash|45/100|[from] item: Life Orb
|
|-weather|Snowscape|[upkeep]
|upkeep
|
|t:|1776065029
|switch|p2a: Tyranitar|Tyranitar, F|73/100
|-weather|Sandstorm|[from] ability: Sand Stream|[of] p2a: Tyranitar
|turn|17
|
|t:|1776065038
|switch|p1a: Avalugg|Avalugg-Hisui, F|90/100
|move|p2a: Tyranitar|Earthquake|p1a: Avalugg
|-supereffective|p1a: Avalugg
|-damage|p1a: Avalugg|68/100
|
|-weather|Sandstorm|[upkeep]
|upkeep
|turn|18
|
|t:|1776065045
|move|p2a: Tyranitar|Knock Off|p1a: Avalugg
|-damage|p1a: Avalugg|50/100
|-damage|p2a: Tyranitar|57/100|[from] item: Rocky Helmet|[of] p1a: Avalugg
|-enditem|p1a: Avalugg|Rocky Helmet|[from] move: Knock Off|[of] p2a: Tyranitar
|move|p1a: Avalugg|Stealth Rock|p2a: Tyranitar
|-sidestart|p2: Fitis3|move: Stealth Rock
|
|-weather|Sandstorm|[upkeep]
|upkeep
|turn|19
|
|t:|1776065052
|move|p2a: Tyranitar|Stone Edge|p1a: Avalugg
|-supereffective|p1a: Avalugg
|-damage|p1a: Avalugg|16/100
|move|p1a: Avalugg|Body Press|p2a: Tyranitar
|-supereffective|p2a: Tyranitar
|-damage|p2a: Tyranitar|0 fnt
|faint|p2a: Tyranitar
|
|-weather|Sandstorm|[upkeep]
|upkeep
|
|t:|1776065055
|switch|p2a: Gliscor|Gliscor, F|100/100
|-damage|p2a: Gliscor|88/100|[from] Stealth Rock
|turn|20
|
|t:|1776065061
|-terastallize|p2a: Gliscor|Normal
|move|p2a: Gliscor|Swords Dance|p2a: Gliscor
|-boost|p2a: Gliscor|atk|2
|move|p1a: Avalugg|Recover|p1a: Avalugg
|-heal|p1a: Avalugg|66/100
|
|-weather|Sandstorm|[upkeep]
|-damage|p2a: Gliscor|82/100|[from] Sandstorm
|-status|p2a: Gliscor|tox|[from] item: Toxic Orb
|upkeep
|turn|21
|
|t:|1776065084
|move|p2a: Gliscor|Earthquake|p1a: Avalugg
|-supereffective|p1a: Avalugg
|-damage|p1a: Avalugg|0 fnt
|faint|p1a: Avalugg
|
|-weather|none
|-heal|p2a: Gliscor|94/100 tox|[from] ability: Poison Heal
|upkeep
|
|t:|1776065098
|switch|p1a: Samurott|Samurott-Hisui, M|100/100
|turn|22
|inactive|PepperLemons has 120 seconds left.
|
|t:|1776065134
|move|p1a: Samurott|Aqua Cutter|p2a: Gliscor
|-damage|p2a: Gliscor|47/100 tox
|move|p2a: Gliscor|Facade|p1a: Samurott
|-damage|p1a: Samurott|0 fnt
|faint|p1a: Samurott
|
|-heal|p2a: Gliscor|59/100 tox|[from] ability: Poison Heal
|upkeep
|inactive|PepperLemons has 120 seconds left.
|
|t:|1776065140
|switch|p1a: Moltres|Moltres|59/100
|turn|23
|
|t:|1776065146
|move|p2a: Gliscor|Facade|p1a: Moltres
|-damage|p1a: Moltres|0 fnt
|faint|p1a: Moltres
|
|-heal|p2a: Gliscor|72/100 tox|[from] ability: Poison Heal
|upkeep
|
|t:|1776065150
|switch|p1a: Kyurem|Kyurem, shiny|100/100
|-ability|p1a: Kyurem|Pressure
|turn|24
|
|t:|1776065161
|move|p1a: Kyurem|Draco Meteor|p2a: Gliscor
|-crit|p2a: Gliscor
|-damage|p2a: Gliscor|0 fnt
|-unboost|p1a: Kyurem|spa|2
|faint|p2a: Gliscor
|
|win|PepperLemons
|raw|PepperLemons's rating: 1237 &rarr; <strong>1260</strong><br />(+23 for winning)
|raw|Fitis3's rating: 1216 &rarr; <strong>1193</strong><br />(-23 for losing)
|l|☆Fitis3
|player|p2|
|l|☆PepperLemons
|player|p1|
