|html|<div class="broadcast-blue"><strong>[Gen 9] OU is currently suspecting Tera Blast! For information on how to participate check out the <a href="https://www.smogon.com/tools/suspects/view/200">suspect thread</a>.</strong></div>
|j|☆mathismathin
|j|☆qizrad
|t:|1776189298
|gametype|singles
|player|p1|mathismathin|bugsy-masters|1669
|player|p2|qizrad|sage|1775
|gen|9
|tier|[Gen 9] OU
|rated|
|rule|HP Percentage Mod: HP is shown in percentages
|rule|Endless Battle Clause: Forcing endless battles is banned
|rule|Species Clause: Limit one of each Pokémon
|rule|OHKO Clause: OHKO moves are banned
|rule|Evasion Items Clause: Evasion items are banned
|rule|Evasion Moves Clause: Evasion moves are banned
|rule|Evasion Abilities Clause: Evasion abilities are banned
|rule|Sleep Moves Clause: Sleep-inducing moves are banned
|clearpoke
|poke|p1|Krookodile, F|
|poke|p1|Moltres|
|poke|p1|Greninja-*, F|
|poke|p1|Blaziken, M|
|poke|p1|Forretress, F|
|poke|p1|Umbreon, M|
|poke|p2|Araquanid, M|
|poke|p2|Ceruledge, F|
|poke|p2|Enamorus, F|
|poke|p2|Iron Treads|
|poke|p2|Kingambit, M|
|poke|p2|Pecharunt|
|teampreview
|inactive|Battle timer is ON: inactive players will automatically lose when time's up. (requested by qizrad)
|
|t:|1776189319
|teamsize|p1|6
|teamsize|p2|6
|start
|switch|p1a: Greninja|Greninja, F, shiny|100/100
|switch|p2a: Misty|Araquanid, M|100/100
|turn|1
|
|t:|1776189338
|move|p1a: Greninja|Switcheroo|p2a: Misty
|-start|p1a: Greninja|typechange|Dark|[from] ability: Protean
|-activate|p1a: Greninja|move: Trick|[of] p2a: Misty
|-item|p2a: Misty|Choice Specs|[from] move: Switcheroo
|-item|p1a: Greninja|Custap Berry|[from] move: Switcheroo
|move|p2a: Misty|Sticky Web|p1a: Greninja
|-sidestart|p1: mathismathin|move: Sticky Web
|
|upkeep
|turn|2
|inactive|qizrad has 120 seconds left.
|
|t:|1776189373
|switch|p2a: Bewitched|Pecharunt|100/100
|-item|p2a: Bewitched|Air Balloon
|move|p1a: Greninja|Surf|p2a: Bewitched
|-crit|p2a: Bewitched
|-damage|p2a: Bewitched|55/100
|-enditem|p2a: Bewitched|Air Balloon
|
|upkeep
|turn|3
|inactive|qizrad has 120 seconds left.
|
|t:|1776189383
|move|p1a: Greninja|Dark Pulse|p2a: Bewitched
|-supereffective|p2a: Bewitched
|-damage|p2a: Bewitched|0 fnt
|faint|p2a: Bewitched
|
|upkeep
|inactive|qizrad has 120 seconds left.
|
|t:|1776189401
|switch|p2a: Goddess|Enamorus, F|100/100
|turn|4
|
|t:|1776189412
|switch|p1a: Moltres|Moltres|100/100
|move|p2a: Goddess|Moonblast|p1a: Moltres
|-resisted|p1a: Moltres
|-damage|p1a: Moltres|60/100
|-unboost|p1a: Moltres|spa|1
|
|upkeep
|turn|5
|inactive|qizrad has 120 seconds left.
|
|t:|1776189433
|switch|p2a: Nocturne|Ceruledge, F|100/100
|move|p1a: Moltres|Roost|p1a: Moltres
|-heal|p1a: Moltres|100/100
|-singleturn|p1a: Moltres|move: Roost
|
|upkeep
|turn|6
|
|t:|1776189464
|switch|p1a: Greninja|Greninja, F, shiny|100/100
|-activate|p1a: Greninja|move: Sticky Web
|-unboost|p1a: Greninja|spe|1
|move|p2a: Nocturne|Swords Dance|p2a: Nocturne
|-boost|p2a: Nocturne|atk|2
|
|upkeep
|turn|7
|inactive|qizrad has 120 seconds left.
|
|t:|1776189491
|-terastallize|p2a: Nocturne|Fairy
|move|p1a: Greninja|Surf|p2a: Nocturne
|-start|p1a: Greninja|typechange|Water|[from] ability: Protean
|-damage|p2a: Nocturne|58/100
|move|p2a: Nocturne|Tera Blast|p1a: Greninja|[anim] Tera Blast Fairy
|-crit|p1a: Greninja
|-damage|p1a: Greninja|0 fnt
|faint|p1a: Greninja
|-damage|p2a: Nocturne|48/100|[from] item: Life Orb
|
|upkeep
|
|t:|1776189500
|switch|p1a: Forretress|Forretress, F, shiny|100/100
|-activate|p1a: Forretress|move: Sticky Web
|-unboost|p1a: Forretress|spe|1
|turn|8
|
|t:|1776189507
|move|p2a: Nocturne|Bitter Blade|p1a: Forretress
|-supereffective|p1a: Forretress
|-ability|p1a: Forretress|Sturdy
|-damage|p1a: Forretress|1/100
|-heal|p2a: Nocturne|100/100|[from] drain|[of] p1a: Forretress
|-damage|p2a: Nocturne|84/100|[from] item: Rocky Helmet|[of] p1a: Forretress
|-damage|p2a: Nocturne|74/100|[from] item: Life Orb
|move|p1a: Forretress|Gyro Ball|p2a: Nocturne
|-supereffective|p2a: Nocturne
|-damage|p2a: Nocturne|0 fnt
|faint|p2a: Nocturne
|
|upkeep
|
|t:|1776189527
|switch|p2a: Misty|Araquanid, M|100/100
|turn|9
|
|t:|1776189556
|move|p2a: Misty|Surf|p1a: Forretress
|-damage|p1a: Forretress|0 fnt
|faint|p1a: Forretress
|
|upkeep
|
|t:|1776189562
|switch|p1a: Umbreon|Umbreon, M, shiny|100/100
|-activate|p1a: Umbreon|move: Sticky Web
|-unboost|p1a: Umbreon|spe|1
|turn|10
|inactive|qizrad has 120 seconds left.
|
|t:|1776189570
|switch|p2a: Promise|Iron Treads|100/100
|-enditem|p2a: Promise|Booster Energy
|-activate|p2a: Promise|ability: Quark Drive|[fromitem]
|-start|p2a: Promise|quarkdrivespe
|move|p1a: Umbreon|Toxic|p2a: Promise
|-immune|p2a: Promise
|
|upkeep
|turn|11
|inactive|qizrad has 120 seconds left.
|
|t:|1776189580
|switch|p1a: Moltres|Moltres|100/100
|move|p2a: Promise|Stealth Rock|p1a: Moltres
|-sidestart|p1: mathismathin|move: Stealth Rock
|
|upkeep
|turn|12
|inactive|qizrad has 120 seconds left.
|inactive|qizrad has 90 seconds left.
|
|t:|1776189622
|-end|p2a: Promise|Quark Drive|[silent]
|switch|p2a: Misty|Araquanid, M|100/100
|move|p1a: Moltres|Hurricane|p2a: Misty
|-supereffective|p2a: Misty
|-damage|p2a: Misty|3/100
|
|upkeep
|turn|13
|
|t:|1776189632
|move|p1a: Moltres|Scorching Sands|p2a: Misty
|-resisted|p2a: Misty
|-damage|p2a: Misty|0 fnt
|faint|p2a: Misty
|
|upkeep
|inactive|qizrad has 90 seconds left.
|
|t:|1776189670
|switch|p2a: Trouble|Kingambit, M|100/100
|-activate|p2a: Trouble|ability: Supreme Overlord
|-start|p2a: Trouble|fallen3|[silent]
|turn|14
|
|t:|1776189676
|move|p1a: Moltres|Fire Blast|p2a: Trouble
|-supereffective|p2a: Trouble
|-damage|p2a: Trouble|0 fnt
|faint|p2a: Trouble
|-end|p2a: Trouble|fallen3|[silent]
|
|upkeep
|
|t:|1776189680
|switch|p2a: Goddess|Enamorus, F|100/100
|turn|15
|
|t:|1776189687
|move|p2a: Goddess|Moonblast|p1a: Moltres
|-resisted|p1a: Moltres
|-damage|p1a: Moltres|54/100
|-unboost|p1a: Moltres|spa|1
|move|p1a: Moltres|Fire Blast|p2a: Goddess
|-damage|p2a: Goddess|42/100
|
|upkeep
|turn|16
|inactive|qizrad has 90 seconds left.
|
|t:|1776189693
|move|p2a: Goddess|Moonblast|p1a: Moltres
|-resisted|p1a: Moltres
|-damage|p1a: Moltres|13/100
|move|p1a: Moltres|Roost|p1a: Moltres
|-heal|p1a: Moltres|63/100
|-singleturn|p1a: Moltres|move: Roost
|
|upkeep
|turn|17
|
|t:|1776189697
|move|p2a: Goddess|Moonblast|p1a: Moltres
|-resisted|p1a: Moltres
|-damage|p1a: Moltres|19/100
|move|p1a: Moltres|Fire Blast|p2a: Goddess
|-damage|p2a: Goddess|0 fnt
|faint|p2a: Goddess
|
|upkeep
|
|t:|1776189703
|switch|p2a: Promise|Iron Treads|100/100
|turn|18
|
|t:|1776189706
|move|p2a: Promise|Steel Beam|p1a: Moltres
|-resisted|p1a: Moltres
|-damage|p1a: Moltres|0 fnt
|-damage|p2a: Promise|50/100|[from] steelbeam
|faint|p1a: Moltres
|
|upkeep
|
|t:|1776189709
|switch|p1a: Krookodile|Krookodile, F, shiny|100/100
|-activate|p1a: Krookodile|move: Sticky Web
|-unboost|p1a: Krookodile|spe|1
|-damage|p1a: Krookodile|94/100|[from] Stealth Rock
|turn|19
|inactive|qizrad has 120 seconds left.
|c|☆qizrad|gg
|
|t:|1776189719
|move|p2a: Promise|Earth Power|p1a: Krookodile
|-damage|p1a: Krookodile|48/100
|-unboost|p1a: Krookodile|spd|1
|move|p1a: Krookodile|Earthquake|p2a: Promise
|-supereffective|p2a: Promise
|-damage|p2a: Promise|0 fnt
|faint|p2a: Promise
|-end|p2a: Promise|Quark Drive|[silent]
|
|win|mathismathin
|raw|mathismathin's rating: 1669 &rarr; <strong>1695</strong><br />(+26 for winning)
|raw|qizrad's rating: 1775 &rarr; <strong>1749</strong><br />(-26 for losing)
