|html|<div class="broadcast-blue"><strong>[Gen 9] OU is currently suspecting Tera Blast! For information on how to participate check out the <a href="https://www.smogon.com/tools/suspects/view/200">suspect thread</a>.</strong></div>
|j|‽Jom31
|j|☆drop a baby
|t:|1776033306
|gametype|singles
|player|p1|Jom31|steven|1637
|player|p2|drop a baby|chase|1708
|gen|9
|tier|[Gen 9] OU
|rated|
|rule|HP Percentage Mod: HP is shown in percentages
|rule|Endless Battle Clause: Forcing endless battles is banned
|rule|Species Clause: Limit one of each Pokémon
|rule|OHKO Clause: OHKO moves are banned
|rule|Evasion Items Clause: Evasion items are banned
|rule|Evasion Moves Clause: Evasion moves are banned
|rule|Evasion Abilities Clause: Evasion abilities are banned
|rule|Sleep Moves Clause: Sleep-inducing moves are banned
|clearpoke
|poke|p1|Jolteon, M|
|poke|p1|Slowking-Galar, F|
|poke|p1|Great Tusk|
|poke|p1|Moltres|
|poke|p1|Kingambit, M|
|poke|p1|Hydrapple, F|
|poke|p2|Darkrai|
|poke|p2|Deoxys-Speed|
|poke|p2|Raging Bolt|
|poke|p2|Kingambit, M|
|poke|p2|Iron Valiant|
|poke|p2|Great Tusk|
|teampreview
|
|t:|1776033312
|teamsize|p1|6
|teamsize|p2|6
|start
|switch|p1a: Jolteon|Jolteon, M|100/100
|switch|p2a: Speedy Gonzales|Deoxys-Speed, shiny|100/100
|-ability|p2a: Speedy Gonzales|Pressure
|turn|1
|inactive|Battle timer is ON: inactive players will automatically lose when time's up. (requested by drop a baby)
|
|t:|1776033317
|move|p2a: Speedy Gonzales|Psycho Boost|p1a: Jolteon
|-damage|p1a: Jolteon|0 fnt
|-unboost|p2a: Speedy Gonzales|spa|2
|faint|p1a: Jolteon
|-damage|p2a: Speedy Gonzales|91/100|[from] item: Life Orb
|
|upkeep
|
|t:|1776033324
|switch|p1a: Slowking|Slowking-Galar, F|100/100
|turn|2
|
|t:|1776033328
|move|p2a: Speedy Gonzales|Stealth Rock|p1a: Slowking
|-sidestart|p1: Jom31|move: Stealth Rock
|move|p1a: Slowking|Sludge Bomb|p2a: Speedy Gonzales
|-damage|p2a: Speedy Gonzales|30/100
|
|upkeep
|turn|3
|c|☆drop a baby|Hf Jom31
|
|t:|1776033337
|move|p2a: Speedy Gonzales|Taunt|p1a: Slowking
|-start|p1a: Slowking|move: Taunt
|move|p1a: Slowking|Flamethrower|p2a: Speedy Gonzales
|-damage|p2a: Speedy Gonzales|0 fnt
|faint|p2a: Speedy Gonzales
|
|upkeep
|
|t:|1776033347
|switch|p2a: BROTD|Great Tusk, shiny|100/100
|-enditem|p2a: BROTD|Booster Energy
|-activate|p2a: BROTD|ability: Protosynthesis|[fromitem]
|-start|p2a: BROTD|protosynthesisspe
|turn|4
|
|t:|1776033356
|switch|p1a: Great Tusk|Great Tusk|100/100
|-damage|p1a: Great Tusk|98/100|[from] Stealth Rock
|move|p2a: BROTD|Bulk Up|p2a: BROTD
|-boost|p2a: BROTD|atk|1
|-boost|p2a: BROTD|def|1
|
|upkeep
|turn|5
|j| Queijolol
|
|t:|1776033366
|move|p2a: BROTD|Bulk Up|p2a: BROTD
|-boost|p2a: BROTD|atk|1
|-boost|p2a: BROTD|def|1
|move|p1a: Great Tusk|Ice Spinner|p2a: BROTD
|-supereffective|p2a: BROTD
|-damage|p2a: BROTD|85/100
|
|upkeep
|turn|6
|
|t:|1776033368
|move|p2a: BROTD|Bulk Up|p2a: BROTD
|-boost|p2a: BROTD|atk|1
|-boost|p2a: BROTD|def|1
|move|p1a: Great Tusk|Rapid Spin|p2a: BROTD
|-damage|p2a: BROTD|81/100
|-boost|p1a: Great Tusk|spe|1
|-sideend|p1: Jom31|Stealth Rock|[from] move: Rapid Spin|[of] p1a: Great Tusk
|
|upkeep
|turn|7
|
|t:|1776033371
|move|p2a: BROTD|Headlong Rush|p1a: Great Tusk
|-damage|p1a: Great Tusk|36/100
|-unboost|p2a: BROTD|def|1
|-unboost|p2a: BROTD|spd|1
|-damage|p2a: BROTD|65/100|[from] item: Rocky Helmet|[of] p1a: Great Tusk
|move|p1a: Great Tusk|Ice Spinner|p2a: BROTD
|-supereffective|p2a: BROTD
|-damage|p2a: BROTD|50/100
|
|upkeep
|turn|8
|
|t:|1776033391
|-end|p1a: Great Tusk|Protosynthesis|[silent]
|switch|p1a: Moltres|Moltres|100/100
|move|p2a: BROTD|Headlong Rush|p1a: Moltres
|-immune|p1a: Moltres
|
|upkeep
|turn|9
|
|t:|1776033395
|switch|p1a: Great Tusk|Great Tusk|36/100
|move|p2a: BROTD|Head Smash|p1a: Great Tusk|[miss]
|-miss|p2a: BROTD|p1a: Great Tusk
|
|upkeep
|turn|10
|
|t:|1776033404
|move|p2a: BROTD|Headlong Rush|p1a: Great Tusk
|-damage|p1a: Great Tusk|0 fnt
|-unboost|p2a: BROTD|def|1
|-unboost|p2a: BROTD|spd|1
|-damage|p2a: BROTD|34/100|[from] item: Rocky Helmet|[of] p1a: Great Tusk
|faint|p1a: Great Tusk
|-end|p1a: Great Tusk|Protosynthesis|[silent]
|
|upkeep
|
|t:|1776033429
|switch|p1a: Moltres|Moltres|100/100
|turn|11
|
|t:|1776033434
|-terastallize|p1a: Moltres|Fairy
|move|p2a: BROTD|Headlong Rush|p1a: Moltres
|-crit|p1a: Moltres
|-damage|p1a: Moltres|0 fnt
|-unboost|p2a: BROTD|def|1
|-unboost|p2a: BROTD|spd|1
|faint|p1a: Moltres
|
|upkeep
|-message|Jom31 forfeited.
|
|win|drop a baby
|raw|Jom31's rating: 1637 &rarr; <strong>1621</strong><br />(-16 for losing)
|raw|drop a baby's rating: 1708 &rarr; <strong>1724</strong><br />(+16 for winning)
|l|‽Jom31
|player|p1|
|l|☆drop a baby
|player|p2|
