|html|<div class="broadcast-blue"><strong>[Gen 9] OU is currently suspecting Volcarona! For information on how to participate check out the <a href="https://www.smogon.com/tools/suspects/view/208">suspect thread</a>.</strong></div>
|j|☆nerfedace
|j|‽Graetey
|t:|1778510639
|gametype|singles
|player|p1|nerfedace|1|1120
|player|p2|Graetey|2|1070
|gen|9
|tier|[Gen 9] OU
|rated|
|rule|HP Percentage Mod: HP is shown in percentages
|rule|Endless Battle Clause: Forcing endless battles is banned
|rule|Species Clause: Limit one of each Pokémon
|rule|OHKO Clause: OHKO moves are banned
|rule|Evasion Items Clause: Evasion items are banned
|rule|Evasion Moves Clause: Evasion moves are banned
|rule|Evasion Abilities Clause: Evasion abilities are banned
|rule|Sleep Moves Clause: Sleep-inducing moves are banned
|clearpoke
|poke|p1|Great Tusk|
|poke|p1|Scizor, F|
|poke|p1|Iron Valiant|
|poke|p1|Rotom-Wash|
|poke|p1|Gholdengo|
|poke|p1|Dragonite, F|
|poke|p2|Ampharos, F|
|poke|p2|Weezing-Galar, M|
|poke|p2|Gyarados, F|
|poke|p2|Excadrill, M|
|poke|p2|Lokix, F|
|poke|p2|Leavanny, F|
|teampreview
|inactive|Battle timer is ON: inactive players will automatically lose when time's up. (requested by Graetey)
|
|t:|1778510651
|teamsize|p1|6
|teamsize|p2|6
|start
|switch|p1a: Jinbe|Rotom-Wash|100/100
|switch|p2a: Gyarados|Gyarados, F|100/100
|turn|1
|
|t:|1778510665
|switch|p2a: Ampharos|Ampharos, F|100/100
|move|p1a: Jinbe|Will-O-Wisp|p2a: Ampharos
|-status|p2a: Ampharos|brn
|
|-damage|p2a: Ampharos|94/100 brn|[from] brn
|upkeep
|turn|2
|
|t:|1778510680
|switch|p1a: Ganishka|Great Tusk|100/100
|move|p2a: Ampharos|Meteor Beam||[still]
|-prepare|p2a: Ampharos|Meteor Beam
|-boost|p2a: Ampharos|spa|1
|-enditem|p2a: Ampharos|Power Herb
|-anim|p2a: Ampharos|Meteor Beam|p1a: Ganishka
|-resisted|p1a: Ganishka
|-damage|p1a: Ganishka|78/100
|
|-damage|p2a: Ampharos|88/100 brn|[from] brn
|upkeep
|turn|3
|
|t:|1778510693
|switch|p2a: Gyarados|Gyarados, F|100/100
|-terastallize|p1a: Ganishka|Steel
|move|p1a: Ganishka|Stealth Rock|p2a: Gyarados
|-sidestart|p2: Graetey|move: Stealth Rock
|
|upkeep
|turn|4
|
|t:|1778510704
|-end|p1a: Ganishka|Protosynthesis|[silent]
|switch|p1a: Jinbe|Rotom-Wash|100/100
|move|p2a: Gyarados|Temper Flare|p1a: Jinbe
|-resisted|p1a: Jinbe
|-damage|p1a: Jinbe|91/100
|
|-heal|p1a: Jinbe|98/100|[from] item: Leftovers
|upkeep
|turn|5
|
|t:|1778510714
|switch|p2a: Ampharos|Ampharos, F|88/100 brn
|-damage|p2a: Ampharos|76/100 brn|[from] Stealth Rock
|move|p1a: Jinbe|Will-O-Wisp|p2a: Ampharos
|-fail|p2a: Ampharos|brn
|
|-heal|p1a: Jinbe|100/100|[from] item: Leftovers
|-damage|p2a: Ampharos|70/100 brn|[from] brn
|upkeep
|turn|6
|
|t:|1778510728
|move|p1a: Jinbe|Hydro Pump|p2a: Ampharos
|-damage|p2a: Ampharos|31/100 brn
|move|p2a: Ampharos|Focus Blast|p1a: Jinbe|[miss]
|-miss|p2a: Ampharos|p1a: Jinbe
|
|-damage|p2a: Ampharos|25/100 brn|[from] brn
|upkeep
|turn|7
|
|t:|1778510737
|move|p1a: Jinbe|Hydro Pump|p2a: Ampharos
|-damage|p2a: Ampharos|0 fnt
|faint|p2a: Ampharos
|
|upkeep
|
|t:|1778510740
|switch|p2a: Leavanny|Leavanny, F|100/100
|turn|8
|inactive|nerfedace has 120 seconds left.
|
|t:|1778510799
|switch|p1a: Netero|Gholdengo|100/100
|move|p2a: Leavanny|Sticky Web|p1a: Netero
|-sidestart|p1: nerfedace|move: Sticky Web
|
|upkeep
|turn|9
|
|t:|1778510813
|switch|p2a: Gyarados|Gyarados, F|100/100
|-damage|p2a: Gyarados|76/100|[from] Stealth Rock
|move|p1a: Netero|Shadow Ball|p2a: Gyarados
|-damage|p2a: Gyarados|31/100
|
|upkeep
|turn|10
|
|t:|1778510821
|move|p1a: Netero|Shadow Ball|p2a: Gyarados
|-damage|p2a: Gyarados|0 fnt
|faint|p2a: Gyarados
|
|upkeep
|
|t:|1778510827
|switch|p2a: Lokix|Lokix, F|100/100
|turn|11
|
|t:|1778510831
|switch|p1a: Ganishka|Great Tusk, tera:Steel|78/100
|move|p2a: Lokix|Knock Off|p1a: Ganishka
|-damage|p1a: Ganishka|45/100
|-enditem|p1a: Ganishka|Heavy-Duty Boots|[from] move: Knock Off|[of] p2a: Lokix
|
|upkeep
|turn|12
|
|t:|1778510840
|move|p2a: Lokix|Axe Kick|p1a: Ganishka
|-supereffective|p1a: Ganishka
|-damage|p1a: Ganishka|0 fnt
|faint|p1a: Ganishka
|-end|p1a: Ganishka|Protosynthesis|[silent]
|
|upkeep
|inactive|nerfedace has 120 seconds left.
|inactive|nerfedace has 90 seconds left.
|
|t:|1778510881
|switch|p1a: Genos|Iron Valiant, shiny|100/100
|-activate|p1a: Genos|move: Sticky Web
|-unboost|p1a: Genos|spe|1
|-enditem|p1a: Genos|Booster Energy
|-activate|p1a: Genos|ability: Quark Drive|[fromitem]
|-start|p1a: Genos|quarkdrivespa
|turn|13
|inactive|nerfedace has 90 seconds left.
|
|t:|1778510895
|move|p2a: Lokix|U-turn|p1a: Genos
|-resisted|p1a: Genos
|-damage|p1a: Genos|82/100
|
|t:|1778510898
|switch|p2a: Weezing|Weezing-Galar, M|100/100|[from] U-turn
|-damage|p2a: Weezing|88/100|[from] Stealth Rock
|move|p1a: Genos|Calm Mind|p1a: Genos
|-boost|p1a: Genos|spa|1
|-boost|p1a: Genos|spd|1
|
|-heal|p2a: Weezing|94/100|[from] item: Leftovers
|upkeep
|turn|14
|inactive|nerfedace has 90 seconds left.
|
|t:|1778510924
|move|p1a: Genos|Shadow Ball|p2a: Weezing
|-damage|p2a: Weezing|50/100
|-unboost|p2a: Weezing|spd|1
|move|p2a: Weezing|Clear Smog|p1a: Genos
|-supereffective|p1a: Genos
|-damage|p1a: Genos|40/100
|-clearboost|p1a: Genos
|
|-heal|p2a: Weezing|56/100|[from] item: Leftovers
|upkeep
|turn|15
|
|t:|1778510935
|switch|p2a: Excadrill|Excadrill, M|100/100
|-damage|p2a: Excadrill|97/100|[from] Stealth Rock
|-ability|p2a: Excadrill|Mold Breaker
|move|p1a: Genos|Shadow Ball|p2a: Excadrill
|-damage|p2a: Excadrill|50/100
|
|upkeep
|turn|16
|
|t:|1778510946
|move|p1a: Genos|Close Combat|p2a: Excadrill
|-supereffective|p2a: Excadrill
|-damage|p2a: Excadrill|0 fnt
|-unboost|p1a: Genos|def|1
|-unboost|p1a: Genos|spd|1
|-damage|p1a: Genos|24/100|[from] item: Rocky Helmet|[of] p2a: Excadrill
|faint|p2a: Excadrill
|
|upkeep
|
|t:|1778510950
|switch|p2a: Lokix|Lokix, F|100/100
|turn|17
|
|t:|1778510959
|move|p2a: Lokix|First Impression|p1a: Genos
|-resisted|p1a: Genos
|-damage|p1a: Genos|0 fnt
|faint|p1a: Genos
|-end|p1a: Genos|Quark Drive|[silent]
|
|upkeep
|inactive|nerfedace has 90 seconds left.
|inactive|nerfedace has 60 seconds left.
|
|t:|1778511004
|switch|p1a: Erza|Scizor, F|100/100
|-activate|p1a: Erza|move: Sticky Web
|-unboost|p1a: Erza|spe|1
|turn|18
|
|t:|1778511009
|move|p2a: Lokix|Knock Off|p1a: Erza
|-damage|p1a: Erza|49/100
|-enditem|p1a: Erza|Choice Band|[from] move: Knock Off|[of] p2a: Lokix
|move|p1a: Erza|Close Combat|p2a: Lokix
|-damage|p2a: Lokix|35/100
|-unboost|p1a: Erza|def|1
|-unboost|p1a: Erza|spd|1
|
|upkeep
|turn|19
|
|t:|1778511019
|move|p1a: Erza|Bullet Punch|p2a: Lokix
|-damage|p2a: Lokix|0 fnt
|faint|p2a: Lokix
|
|upkeep
|
|t:|1778511029
|switch|p2a: Leavanny|Leavanny, F|100/100
|turn|20
|
|t:|1778511036
|move|p1a: Erza|Bullet Punch|p2a: Leavanny
|-damage|p2a: Leavanny|55/100
|move|p2a: Leavanny|Lunge|p1a: Erza
|-resisted|p1a: Erza
|-damage|p1a: Erza|10/100
|-unboost|p1a: Erza|atk|1
|
|upkeep
|turn|21
|
|t:|1778511044
|move|p1a: Erza|Bullet Punch|p2a: Leavanny
|-damage|p2a: Leavanny|22/100
|move|p2a: Leavanny|Lunge|p1a: Erza
|-resisted|p1a: Erza
|-crit|p1a: Erza
|-damage|p1a: Erza|0 fnt
|faint|p1a: Erza
|
|upkeep
|
|t:|1778511058
|switch|p1a: Koro-sensei|Dragonite, F|100/100
|turn|22
|
|t:|1778511065
|move|p1a: Koro-sensei|Extreme Speed|p2a: Leavanny
|-damage|p2a: Leavanny|0 fnt
|faint|p2a: Leavanny
|
|upkeep
|
|t:|1778511067
|switch|p2a: Weezing|Weezing-Galar, M|56/100
|-damage|p2a: Weezing|44/100|[from] Stealth Rock
|turn|23
|
|t:|1778511075
|move|p1a: Koro-sensei|Extreme Speed|p2a: Weezing
|-damage|p2a: Weezing|20/100
|move|p2a: Weezing|Strange Steam|p1a: Koro-sensei
|-supereffective|p1a: Koro-sensei
|-damage|p1a: Koro-sensei|72/100
|
|-heal|p2a: Weezing|26/100|[from] item: Leftovers
|upkeep
|turn|24
|
|t:|1778511085
|move|p1a: Koro-sensei|Earthquake|p2a: Weezing
|-immune|p2a: Weezing|[from] ability: Levitate
|move|p2a: Weezing|Will-O-Wisp|p1a: Koro-sensei|[miss]
|-miss|p2a: Weezing|p1a: Koro-sensei
|
|-heal|p2a: Weezing|32/100|[from] item: Leftovers
|upkeep
|turn|25
|
|t:|1778511093
|move|p1a: Koro-sensei|Extreme Speed|p2a: Weezing
|-damage|p2a: Weezing|7/100
|move|p2a: Weezing|Strange Steam|p1a: Koro-sensei
|-supereffective|p1a: Koro-sensei
|-damage|p1a: Koro-sensei|11/100
|
|-heal|p2a: Weezing|13/100|[from] item: Leftovers
|upkeep
|turn|26
|
|t:|1778511102
|move|p1a: Koro-sensei|Extreme Speed|p2a: Weezing
|-damage|p2a: Weezing|0 fnt
|faint|p2a: Weezing
|
|win|nerfedace
|raw|nerfedace's rating: 1120 &rarr; <strong>1141</strong><br />(+21 for winning)
|raw|Graetey's rating: 1070 &rarr; <strong>1052</strong><br />(-18 for losing)
|l|☆nerfedace
|player|p1|
|l|‽Graetey
|player|p2|
