|html|<div class="broadcast-blue"><strong>[Gen 9] OU is currently suspecting Volcarona! For information on how to participate check out the <a href="https://www.smogon.com/tools/suspects/view/208">suspect thread</a>.</strong></div>
|j|☆The ZU Wanderer
|j|☆SAT Test
|t:|1778516571
|gametype|singles
|player|p1|The ZU Wanderer|roughneck|1409
|player|p2|SAT Test|ghetsis-gen5bw|1396
|gen|9
|tier|[Gen 9] OU
|rated|
|rule|HP Percentage Mod: HP is shown in percentages
|rule|Endless Battle Clause: Forcing endless battles is banned
|rule|Species Clause: Limit one of each Pokémon
|rule|OHKO Clause: OHKO moves are banned
|rule|Evasion Items Clause: Evasion items are banned
|rule|Evasion Moves Clause: Evasion moves are banned
|rule|Evasion Abilities Clause: Evasion abilities are banned
|rule|Sleep Moves Clause: Sleep-inducing moves are banned
|clearpoke
|poke|p1|Morpeko, F|
|poke|p1|Cryogonal|
|poke|p1|Piloswine, M|
|poke|p1|Toxicroak, M|
|poke|p1|Crocalor, M|
|poke|p1|Gogoat, M|
|poke|p2|Raging Bolt|
|poke|p2|Kingambit, M|
|poke|p2|Ogerpon-Wellspring, F|
|poke|p2|Volcarona, F|
|poke|p2|Gholdengo|
|poke|p2|Landorus-Therian, M|
|teampreview
|inactive|Battle timer is ON: inactive players will automatically lose when time's up. (requested by SAT Test)
|inactive|SAT Test has 120 seconds left.
|
|t:|1778516606
|teamsize|p1|6
|teamsize|p2|6
|start
|switch|p1a: Cryogonal|Cryogonal|100/100
|switch|p2a: Landorus|Landorus-Therian, M|100/100
|-ability|p2a: Landorus|Intimidate|boost
|-unboost|p1a: Cryogonal|atk|1
|turn|1
|
|t:|1778516616
|switch|p2a: Volcarona|Volcarona, F|100/100
|move|p1a: Cryogonal|Freeze-Dry|p2a: Volcarona
|-resisted|p2a: Volcarona
|-damage|p2a: Volcarona|79/100
|-damage|p1a: Cryogonal|91/100|[from] item: Life Orb
|
|upkeep
|turn|2
|
|t:|1778516626
|-terastallize|p1a: Cryogonal|Water
|move|p1a: Cryogonal|Water Pulse|p2a: Volcarona
|-supereffective|p2a: Volcarona
|-damage|p2a: Volcarona|11/100
|-start|p2a: Volcarona|confusion
|-damage|p1a: Cryogonal|81/100|[from] item: Life Orb
|-activate|p2a: Volcarona|confusion
|move|p2a: Volcarona|Quiver Dance|p2a: Volcarona
|-boost|p2a: Volcarona|spa|1
|-boost|p2a: Volcarona|spd|1
|-boost|p2a: Volcarona|spe|1
|
|upkeep
|turn|3
|
|t:|1778516648
|-end|p2a: Volcarona|confusion
|move|p2a: Volcarona|Giga Drain|p1a: Cryogonal
|-supereffective|p1a: Cryogonal
|-damage|p1a: Cryogonal|13/100
|-heal|p2a: Volcarona|44/100|[from] drain|[of] p1a: Cryogonal
|move|p1a: Cryogonal|Rapid Spin|p2a: Volcarona
|-damage|p2a: Volcarona|36/100
|-boost|p1a: Cryogonal|spe|1
|-damage|p1a: Cryogonal|3/100|[from] item: Life Orb
|
|upkeep
|turn|4
|
|t:|1778516666
|-terastallize|p2a: Volcarona|Water
|move|p1a: Cryogonal|Water Pulse|p2a: Volcarona
|-resisted|p2a: Volcarona
|-damage|p2a: Volcarona|25/100
|-damage|p1a: Cryogonal|0 fnt|[from] item: Life Orb
|faint|p1a: Cryogonal
|move|p2a: Volcarona|Quiver Dance|p2a: Volcarona
|-boost|p2a: Volcarona|spa|1
|-boost|p2a: Volcarona|spd|1
|-boost|p2a: Volcarona|spe|1
|
|upkeep
|
|t:|1778516681
|switch|p1a: Crocalor|Crocalor, M|100/100
|turn|5
|
|t:|1778516692
|move|p2a: Volcarona|Bug Buzz|p1a: Crocalor
|-resisted|p1a: Crocalor
|-damage|p1a: Crocalor|79/100
|move|p1a: Crocalor|Will-O-Wisp|p2a: Volcarona
|-status|p2a: Volcarona|brn
|
|-damage|p2a: Volcarona|19/100 brn|[from] brn
|upkeep
|turn|6
|
|t:|1778516700
|move|p2a: Volcarona|Bug Buzz|p1a: Crocalor
|-resisted|p1a: Crocalor
|-damage|p1a: Crocalor|58/100
|move|p1a: Crocalor|Flamethrower|p2a: Volcarona
|-resisted|p2a: Volcarona
|-damage|p2a: Volcarona|4/100 brn
|
|-damage|p2a: Volcarona|0 fnt|[from] brn
|faint|p2a: Volcarona
|upkeep
|
|t:|1778516717
|switch|p2a: Landorus|Landorus-Therian, M|100/100
|-ability|p2a: Landorus|Intimidate|boost
|-unboost|p1a: Crocalor|atk|1
|turn|7
|
|t:|1778516722
|move|p2a: Landorus|Earthquake|p1a: Crocalor
|-supereffective|p1a: Crocalor
|-damage|p1a: Crocalor|0 fnt
|faint|p1a: Crocalor
|
|upkeep
|
|t:|1778516726
|switch|p1a: Gogoat|Gogoat, M, shiny|100/100
|turn|8
|
|t:|1778516729
|move|p2a: Landorus|U-turn|p1a: Gogoat
|-supereffective|p1a: Gogoat
|-damage|p1a: Gogoat|47/100
|-message|The ZU Wanderer forfeited.
|
|win|SAT Test
|raw|The ZU Wanderer's rating: 1409 &rarr; <strong>1388</strong><br />(-21 for losing)
|raw|SAT Test's rating: 1396 &rarr; <strong>1417</strong><br />(+21 for winning)
|l|☆The ZU Wanderer
|player|p1|
|l|☆SAT Test
|player|p2|
