|html|<div class="broadcast-blue"><strong>[Gen 9] OU is currently suspecting Tera Blast! For information on how to participate check out the <a href="https://www.smogon.com/tools/suspects/view/200">suspect thread</a>.</strong></div>
|j|☆ir0nv4l14nt
|j|☆rilladih
|t:|1776075883
|gametype|singles
|player|p1|ir0nv4l14nt|ethan|1356
|player|p2|rilladih|266|1393
|gen|9
|tier|[Gen 9] OU
|rated|
|rule|HP Percentage Mod: HP is shown in percentages
|rule|Endless Battle Clause: Forcing endless battles is banned
|rule|Species Clause: Limit one of each Pokémon
|rule|OHKO Clause: OHKO moves are banned
|rule|Evasion Items Clause: Evasion items are banned
|rule|Evasion Moves Clause: Evasion moves are banned
|rule|Evasion Abilities Clause: Evasion abilities are banned
|rule|Sleep Moves Clause: Sleep-inducing moves are banned
|clearpoke
|poke|p1|Frosmoth, M|
|poke|p1|Ninetales-Alola, M|
|poke|p1|Ceruledge, M|
|poke|p1|Darkrai|
|poke|p1|Landorus-Therian, M|
|poke|p1|Iron Crown|
|poke|p2|Iron Valiant|
|poke|p2|Excadrill, M|
|poke|p2|Tyranitar, M|
|poke|p2|Tornadus-Therian, M|
|poke|p2|Ogerpon-Cornerstone, F|
|poke|p2|Toxapex, M|
|teampreview
|inactive|Battle timer is ON: inactive players will automatically lose when time's up. (requested by rilladih)
|inactive|ir0nv4l14nt also wants the timer to be on.
|
|t:|1776075892
|teamsize|p1|6
|teamsize|p2|6
|start
|switch|p1a: Landorus|Landorus-Therian, M|100/100
|switch|p2a: Tyranitar|Tyranitar, M, shiny|100/100
|-ability|p1a: Landorus|Intimidate|boost
|-unboost|p2a: Tyranitar|atk|1
|-weather|Sandstorm|[from] ability: Sand Stream|[of] p2a: Tyranitar
|turn|1
|
|t:|1776075906
|switch|p2a: Excadrill|Excadrill, M, shiny|100/100
|move|p1a: Landorus|Stealth Rock|p2a: Excadrill
|-sidestart|p2: rilladih|move: Stealth Rock
|
|-weather|Sandstorm|[upkeep]
|upkeep
|turn|2
|
|t:|1776075910
|move|p2a: Excadrill|Substitute|p2a: Excadrill
|-start|p2a: Excadrill|Substitute
|-damage|p2a: Excadrill|76/100
|move|p1a: Landorus|Earthquake|p2a: Excadrill
|-supereffective|p2a: Excadrill
|-end|p2a: Excadrill|Substitute
|
|-weather|Sandstorm|[upkeep]
|-heal|p2a: Excadrill|82/100|[from] item: Leftovers
|upkeep
|turn|3
|
|t:|1776075917
|switch|p2a: Tornadus|Tornadus-Therian, M, shiny|100/100
|-damage|p2a: Tornadus|76/100|[from] Stealth Rock
|move|p1a: Landorus|Earthquake|p2a: Tornadus
|-immune|p2a: Tornadus
|
|-weather|Sandstorm|[upkeep]
|-damage|p2a: Tornadus|70/100|[from] Sandstorm
|upkeep
|turn|4
|
|t:|1776075932
|switch|p1a: Iron Crown|Iron Crown|100/100
|-enditem|p1a: Iron Crown|Booster Energy
|-activate|p1a: Iron Crown|ability: Quark Drive|[fromitem]
|-start|p1a: Iron Crown|quarkdrivespe
|move|p2a: Tornadus|Bleakwind Storm|p1a: Iron Crown
|-resisted|p1a: Iron Crown
|-damage|p1a: Iron Crown|69/100
|-unboost|p1a: Iron Crown|spe|1
|
|-weather|Sandstorm|[upkeep]
|-damage|p2a: Tornadus|64/100|[from] Sandstorm
|upkeep
|turn|5
|
|t:|1776075941
|switch|p2a: Excadrill|Excadrill, M, shiny|82/100
|-damage|p2a: Excadrill|79/100|[from] Stealth Rock
|move|p1a: Iron Crown|Calm Mind|p1a: Iron Crown
|-boost|p1a: Iron Crown|spa|1
|-boost|p1a: Iron Crown|spd|1
|
|-weather|Sandstorm|[upkeep]
|-heal|p2a: Excadrill|85/100|[from] item: Leftovers
|upkeep
|turn|6
|
|t:|1776075947
|move|p2a: Excadrill|Earthquake|p1a: Iron Crown
|-supereffective|p1a: Iron Crown
|-damage|p1a: Iron Crown|0 fnt
|faint|p1a: Iron Crown
|-end|p1a: Iron Crown|Quark Drive|[silent]
|
|-weather|Sandstorm|[upkeep]
|-heal|p2a: Excadrill|91/100|[from] item: Leftovers
|upkeep
|
|t:|1776075952
|switch|p1a: Landorus|Landorus-Therian, M|100/100
|-ability|p1a: Landorus|Intimidate|boost
|-unboost|p2a: Excadrill|atk|1
|turn|7
|
|t:|1776075957
|switch|p2a: Toxapex|Toxapex, M, shiny|100/100
|-damage|p2a: Toxapex|88/100|[from] Stealth Rock
|move|p1a: Landorus|Earthquake|p2a: Toxapex
|-supereffective|p2a: Toxapex
|-damage|p2a: Toxapex|4/100
|-enditem|p2a: Toxapex|Eject Button
|
|t:|1776075973
|switch|p2a: Iron Valiant|Iron Valiant, shiny|100/100
|-damage|p2a: Iron Valiant|94/100|[from] Stealth Rock
|
|-weather|Sandstorm|[upkeep]
|-damage|p2a: Iron Valiant|88/100|[from] Sandstorm
|upkeep
|turn|8
|
|t:|1776075984
|switch|p1a: Ninetales|Ninetales-Alola, M|100/100
|-weather|Snowscape|[from] ability: Snow Warning|[of] p1a: Ninetales
|move|p2a: Iron Valiant|Moonblast|p1a: Ninetales
|-damage|p1a: Ninetales|22/100
|
|-weather|Snowscape|[upkeep]
|upkeep
|turn|9
|
|t:|1776075996
|switch|p1a: Frosmoth|Frosmoth, M|100/100
|move|p2a: Iron Valiant|Moonblast|p1a: Frosmoth
|-damage|p1a: Frosmoth|55/100
|
|-weather|Snowscape|[upkeep]
|upkeep
|turn|10
|
|t:|1776076007
|move|p2a: Iron Valiant|Moonblast|p1a: Frosmoth
|-damage|p1a: Frosmoth|9/100
|move|p1a: Frosmoth|Quiver Dance|p1a: Frosmoth
|-boost|p1a: Frosmoth|spa|1
|-boost|p1a: Frosmoth|spd|1
|-boost|p1a: Frosmoth|spe|1
|
|-weather|Snowscape|[upkeep]
|upkeep
|turn|11
|
|t:|1776076012
|move|p1a: Frosmoth|Ice Beam|p2a: Iron Valiant
|-damage|p2a: Iron Valiant|0 fnt
|faint|p2a: Iron Valiant
|-end|p2a: Iron Valiant|Quark Drive|[silent]
|
|-weather|Snowscape|[upkeep]
|upkeep
|
|t:|1776076018
|switch|p2a: Tyranitar|Tyranitar, M, shiny|100/100
|-damage|p2a: Tyranitar|88/100|[from] Stealth Rock
|-weather|Sandstorm|[from] ability: Sand Stream|[of] p2a: Tyranitar
|turn|12
|
|t:|1776076025
|move|p1a: Frosmoth|Ice Beam|p2a: Tyranitar
|-damage|p2a: Tyranitar|41/100
|move|p2a: Tyranitar|Knock Off|p1a: Frosmoth
|-damage|p1a: Frosmoth|0 fnt
|-enditem|p1a: Frosmoth|Heavy-Duty Boots|[from] move: Knock Off|[of] p2a: Tyranitar
|faint|p1a: Frosmoth
|
|-weather|Sandstorm|[upkeep]
|upkeep
|
|t:|1776076031
|switch|p1a: Ninetales|Ninetales-Alola, M|22/100
|-weather|Snowscape|[from] ability: Snow Warning|[of] p1a: Ninetales
|turn|13
|
|t:|1776076036
|switch|p2a: Toxapex|Toxapex, M, shiny|38/100
|-damage|p2a: Toxapex|26/100|[from] Stealth Rock
|move|p1a: Ninetales|Aurora Veil|p1a: Ninetales
|-sidestart|p1: ir0nv4l14nt|move: Aurora Veil
|
|-weather|Snowscape|[upkeep]
|upkeep
|turn|14
|
|t:|1776076041
|move|p1a: Ninetales|Freeze-Dry|p2a: Toxapex
|-supereffective|p2a: Toxapex
|-damage|p2a: Toxapex|0 fnt
|faint|p2a: Toxapex
|
|-weather|Snowscape|[upkeep]
|upkeep
|
|t:|1776076047
|switch|p2a: Tyranitar|Tyranitar, M, shiny|41/100
|-damage|p2a: Tyranitar|28/100|[from] Stealth Rock
|-weather|Sandstorm|[from] ability: Sand Stream|[of] p2a: Tyranitar
|turn|15
|
|t:|1776076054
|switch|p2a: Excadrill|Excadrill, M, shiny|91/100
|-damage|p2a: Excadrill|88/100|[from] Stealth Rock
|move|p1a: Ninetales|Moonblast|p2a: Excadrill
|-resisted|p2a: Excadrill
|-damage|p2a: Excadrill|65/100
|
|-weather|Sandstorm|[upkeep]
|-damage|p1a: Ninetales|16/100|[from] Sandstorm
|-heal|p2a: Excadrill|71/100|[from] item: Leftovers
|upkeep
|turn|16
|
|t:|1776076062
|switch|p1a: Landorus|Landorus-Therian, M|100/100
|-ability|p1a: Landorus|Intimidate|boost
|-unboost|p2a: Excadrill|atk|1
|move|p2a: Excadrill|Rapid Spin|p1a: Landorus
|-damage|p1a: Landorus|92/100
|-boost|p2a: Excadrill|spe|1
|-damage|p2a: Excadrill|55/100|[from] item: Rocky Helmet|[of] p1a: Landorus
|-sideend|p2: rilladih|Stealth Rock|[from] move: Rapid Spin|[of] p2a: Excadrill
|
|-weather|Sandstorm|[upkeep]
|-heal|p2a: Excadrill|61/100|[from] item: Leftovers
|upkeep
|turn|17
|
|t:|1776076068
|switch|p2a: Tornadus|Tornadus-Therian, M, shiny|97/100
|move|p1a: Landorus|Stealth Rock|p2a: Tornadus
|-sidestart|p2: rilladih|move: Stealth Rock
|
|-weather|Sandstorm|[upkeep]
|-damage|p2a: Tornadus|91/100|[from] Sandstorm
|upkeep
|turn|18
|
|t:|1776076073
|move|p2a: Tornadus|Bleakwind Storm|p1a: Landorus
|-damage|p1a: Landorus|51/100
|-unboost|p1a: Landorus|spe|1
|move|p1a: Landorus|U-turn|p2a: Tornadus
|-resisted|p2a: Tornadus
|-damage|p2a: Tornadus|73/100
|
|t:|1776076089
|switch|p1a: Darkrai|Darkrai|100/100|[from] U-turn
|
|-weather|Sandstorm|[upkeep]
|-damage|p1a: Darkrai|94/100|[from] Sandstorm
|-damage|p2a: Tornadus|67/100|[from] Sandstorm
|-heal|p1a: Darkrai|100/100|[from] item: Leftovers
|upkeep
|turn|19
|
|t:|1776076095
|switch|p2a: Ogerpon|Ogerpon-Cornerstone, F|100/100
|-damage|p2a: Ogerpon|88/100|[from] Stealth Rock
|move|p1a: Darkrai|Nasty Plot|p1a: Darkrai
|-boost|p1a: Darkrai|spa|2
|
|-weather|Sandstorm|[upkeep]
|-damage|p1a: Darkrai|94/100|[from] Sandstorm
|-heal|p1a: Darkrai|100/100|[from] item: Leftovers
|upkeep
|turn|20
|
|t:|1776076102
|move|p1a: Darkrai|Ice Beam|p2a: Ogerpon
|-supereffective|p2a: Ogerpon
|-damage|p2a: Ogerpon|0 fnt
|faint|p2a: Ogerpon
|
|-weather|Sandstorm|[upkeep]
|-damage|p1a: Darkrai|94/100|[from] Sandstorm
|-heal|p1a: Darkrai|100/100|[from] item: Leftovers
|-sideend|p1: ir0nv4l14nt|move: Aurora Veil
|upkeep
|
|t:|1776076105
|switch|p2a: Excadrill|Excadrill, M, shiny|61/100
|-damage|p2a: Excadrill|58/100|[from] Stealth Rock
|turn|21
|
|t:|1776076120
|-terastallize|p2a: Excadrill|Ground
|move|p2a: Excadrill|Earthquake|p1a: Darkrai
|-damage|p1a: Darkrai|0 fnt
|faint|p1a: Darkrai
|
|-weather|Sandstorm|[upkeep]
|-heal|p2a: Excadrill|64/100|[from] item: Leftovers
|upkeep
|
|t:|1776076125
|switch|p1a: Landorus|Landorus-Therian, M|51/100
|-ability|p1a: Landorus|Intimidate|boost
|-unboost|p2a: Excadrill|atk|1
|turn|22
|
|t:|1776076131
|switch|p2a: Tyranitar|Tyranitar, M, shiny|28/100
|-damage|p2a: Tyranitar|16/100|[from] Stealth Rock
|move|p1a: Landorus|U-turn|p2a: Tyranitar
|-supereffective|p2a: Tyranitar
|-damage|p2a: Tyranitar|0 fnt
|faint|p2a: Tyranitar
|
|t:|1776076134
|switch|p1a: Ninetales|Ninetales-Alola, M|16/100|[from] U-turn
|-weather|Snowscape|[from] ability: Snow Warning|[of] p1a: Ninetales
|
|-weather|Snowscape|[upkeep]
|upkeep
|
|t:|1776076139
|switch|p2a: Excadrill|Excadrill, M, shiny, tera:Ground|64/100
|-damage|p2a: Excadrill|58/100|[from] Stealth Rock
|turn|23
|
|t:|1776076144
|move|p1a: Ninetales|Freeze-Dry|p2a: Excadrill
|-supereffective|p2a: Excadrill
|-damage|p2a: Excadrill|0 fnt
|faint|p2a: Excadrill
|
|-weather|Snowscape|[upkeep]
|upkeep
|
|t:|1776076149
|switch|p2a: Tornadus|Tornadus-Therian, M, shiny|100/100
|-damage|p2a: Tornadus|76/100|[from] Stealth Rock
|turn|24
|
|t:|1776076156
|move|p2a: Tornadus|Bleakwind Storm|p1a: Ninetales
|-damage|p1a: Ninetales|0 fnt
|faint|p1a: Ninetales
|
|-weather|Snowscape|[upkeep]
|upkeep
|
|t:|1776076158
|switch|p1a: Ceruledge|Ceruledge, M|100/100
|turn|25
|
|t:|1776076161
|move|p2a: Tornadus|Bleakwind Storm|p1a: Ceruledge
|-damage|p1a: Ceruledge|16/100
|-unboost|p1a: Ceruledge|spe|1
|move|p1a: Ceruledge|Flame Charge|p2a: Tornadus
|-damage|p2a: Tornadus|40/100
|-boost|p1a: Ceruledge|spe|1
|
|-weather|Snowscape|[upkeep]
|upkeep
|turn|26
|
|t:|1776076170
|move|p2a: Tornadus|Bleakwind Storm|p1a: Ceruledge
|-damage|p1a: Ceruledge|0 fnt
|faint|p1a: Ceruledge
|
|-weather|none
|upkeep
|
|t:|1776076171
|switch|p1a: Landorus|Landorus-Therian, M|51/100
|-ability|p1a: Landorus|Intimidate|boost
|-unboost|p2a: Tornadus|atk|1
|turn|27
|
|t:|1776076177
|move|p2a: Tornadus|Bleakwind Storm|p1a: Landorus
|-damage|p1a: Landorus|0 fnt
|faint|p1a: Landorus
|
|win|rilladih
|raw|ir0nv4l14nt's rating: 1356 &rarr; <strong>1338</strong><br />(-18 for losing)
|raw|rilladih's rating: 1393 &rarr; <strong>1411</strong><br />(+18 for winning)
