|html|<div class="broadcast-blue"><strong>[Gen 9] OU is currently suspecting Tera Blast! For information on how to participate check out the <a href="https://www.smogon.com/tools/suspects/view/200">suspect thread</a>.</strong></div>
|j|☆147258Q
|j|☆Destryoer_38x
|t:|1776073792
|gametype|singles
|player|p1|147258Q|101|1070
|player|p2|Destryoer_38x|nate|1114
|gen|9
|tier|[Gen 9] OU
|rated|
|rule|HP Percentage Mod: HP is shown in percentages
|rule|Endless Battle Clause: Forcing endless battles is banned
|rule|Species Clause: Limit one of each Pokémon
|rule|OHKO Clause: OHKO moves are banned
|rule|Evasion Items Clause: Evasion items are banned
|rule|Evasion Moves Clause: Evasion moves are banned
|rule|Evasion Abilities Clause: Evasion abilities are banned
|rule|Sleep Moves Clause: Sleep-inducing moves are banned
|clearpoke
|poke|p1|Garganacl, M|
|poke|p1|Sudowoodo, F|
|poke|p1|Chansey, F|
|poke|p1|Forretress, M|
|poke|p1|Whimsicott, M|
|poke|p1|Kingambit, F|
|poke|p2|Hatterene, F|
|poke|p2|Pelipper, M|
|poke|p2|Hariyama, F|
|poke|p2|Cresselia, F|
|poke|p2|Ursaluna, M|
|poke|p2|Porygon2|
|teampreview
|
|t:|1776073806
|teamsize|p1|6
|teamsize|p2|6
|start
|switch|p1a: Garganacl|Garganacl, M|100/100
|switch|p2a: Sydney Sipme|Hatterene, F|100/100
|turn|1
|
|t:|1776073825
|move|p1a: Garganacl|Salt Cure|p2a: Sydney Sipme
|-damage|p2a: Sydney Sipme|86/100
|-start|p2a: Sydney Sipme|Salt Cure
|move|p2a: Sydney Sipme|Trick Room|p2a: Sydney Sipme
|-fieldstart|move: Trick Room|[of] p2a: Sydney Sipme
|
|-damage|p2a: Sydney Sipme|74/100|[from] Salt Cure
|upkeep
|turn|2
|
|t:|1776073840
|switch|p2a: JD Dance|Pelipper, M|100/100
|-weather|RainDance|[from] ability: Drizzle|[of] p2a: JD Dance
|move|p1a: Garganacl|Block|p2a: JD Dance
|-activate|p2a: JD Dance|trapped
|
|-weather|RainDance|[upkeep]
|upkeep
|turn|3
|
|t:|1776073853
|switch|p1a: Chansey|Chansey, F|100/100
|move|p2a: JD Dance|Weather Ball|p1a: Chansey
|-damage|p1a: Chansey|77/100
|
|-weather|RainDance|[upkeep]
|upkeep
|turn|4
|
|t:|1776073862
|move|p2a: JD Dance|Weather Ball|p1a: Chansey
|-damage|p1a: Chansey|53/100
|move|p1a: Chansey|Stealth Rock|p2a: JD Dance
|-sidestart|p2: Destryoer_38x|move: Stealth Rock
|
|-weather|RainDance|[upkeep]
|upkeep
|turn|5
|
|t:|1776073871
|move|p2a: JD Dance|Weather Ball|p1a: Chansey
|-damage|p1a: Chansey|29/100
|move|p1a: Chansey|Seismic Toss|p2a: JD Dance
|-damage|p2a: JD Dance|70/100
|
|-weather|RainDance|[upkeep]
|-fieldend|move: Trick Room
|upkeep
|turn|6
|
|t:|1776073880
|move|p1a: Chansey|Soft-Boiled|p1a: Chansey
|-heal|p1a: Chansey|79/100
|move|p2a: JD Dance|Weather Ball|p1a: Chansey
|-damage|p1a: Chansey|56/100
|
|-weather|none
|upkeep
|turn|7
|
|t:|1776073888
|switch|p2a: Duck Duck Goobs|Porygon2|100/100
|-damage|p2a: Duck Duck Goobs|88/100|[from] Stealth Rock
|-ability|p2a: Duck Duck Goobs|Download|boost
|-boost|p2a: Duck Duck Goobs|atk|1
|move|p1a: Chansey|Seismic Toss|p2a: Duck Duck Goobs
|-damage|p2a: Duck Duck Goobs|61/100
|
|upkeep
|turn|8
|
|t:|1776073904
|move|p1a: Chansey|Protect|p1a: Chansey
|-singleturn|p1a: Chansey|Protect
|move|p2a: Duck Duck Goobs|Trick Room|p2a: Duck Duck Goobs
|-fieldstart|move: Trick Room|[of] p2a: Duck Duck Goobs
|
|upkeep
|turn|9
|
|t:|1776073919
|switch|p2a: Lindsay Throwhandz|Hariyama, F|100/100
|-damage|p2a: Lindsay Throwhandz|94/100|[from] Stealth Rock
|move|p1a: Chansey|Soft-Boiled|p1a: Chansey
|-heal|p1a: Chansey|100/100
|
|upkeep
|turn|10
|
|t:|1776073937
|switch|p1a: Garganacl|Garganacl, M|100/100
|move|p2a: Lindsay Throwhandz|Belly Drum|p2a: Lindsay Throwhandz
|-damage|p2a: Lindsay Throwhandz|44/100
|-setboost|p2a: Lindsay Throwhandz|atk|6|[from] move: Belly Drum
|-enditem|p2a: Lindsay Throwhandz|Sitrus Berry|[eat]
|-heal|p2a: Lindsay Throwhandz|69/100|[from] item: Sitrus Berry
|
|upkeep
|turn|11
|
|t:|1776073956
|-terastallize|p1a: Garganacl|Ghost
|move|p2a: Lindsay Throwhandz|Drain Punch|p1a: Garganacl
|-immune|p1a: Garganacl
|move|p1a: Garganacl|Salt Cure|p2a: Lindsay Throwhandz
|-resisted|p2a: Lindsay Throwhandz
|-damage|p2a: Lindsay Throwhandz|62/100
|-start|p2a: Lindsay Throwhandz|Salt Cure
|
|-damage|p2a: Lindsay Throwhandz|50/100|[from] Salt Cure
|upkeep
|turn|12
|
|t:|1776073979
|move|p2a: Lindsay Throwhandz|Knock Off|p1a: Garganacl
|-supereffective|p1a: Garganacl
|-damage|p1a: Garganacl|0 fnt
|-enditem|p1a: Garganacl|Leftovers|[from] move: Knock Off|[of] p2a: Lindsay Throwhandz
|faint|p1a: Garganacl
|
|-damage|p2a: Lindsay Throwhandz|37/100|[from] Salt Cure
|-fieldend|move: Trick Room
|upkeep
|
|t:|1776074010
|switch|p1a: Sudowoodo|Sudowoodo, F|100/100
|turn|13
|
|t:|1776074017
|move|p2a: Lindsay Throwhandz|Drain Punch|p1a: Sudowoodo
|-supereffective|p1a: Sudowoodo
|-ability|p1a: Sudowoodo|Sturdy
|-damage|p1a: Sudowoodo|1/100
|-heal|p2a: Lindsay Throwhandz|77/100|[from] drain|[of] p1a: Sudowoodo
|move|p1a: Sudowoodo|Counter|p2a: Lindsay Throwhandz
|-damage|p2a: Lindsay Throwhandz|0 fnt
|faint|p2a: Lindsay Throwhandz
|
|upkeep
|inactive|Battle timer is ON: inactive players will automatically lose when time's up. (requested by 147258Q)
|
|t:|1776074053
|switch|p2a: Better Call Stall|Cresselia, F|100/100
|-damage|p2a: Better Call Stall|88/100|[from] Stealth Rock
|turn|14
|-enditem|p1a: Sudowoodo|Custap Berry|[eat]
|-activate|p1a: Sudowoodo|item: Custap Berry|[consumed]
|
|t:|1776074059
|move|p1a: Sudowoodo|Endeavor|p2a: Better Call Stall
|-damage|p2a: Better Call Stall|1/100
|move|p2a: Better Call Stall|Moonblast|p1a: Sudowoodo
|-damage|p1a: Sudowoodo|0 fnt
|faint|p1a: Sudowoodo
|
|upkeep
|inactive|147258Q has 120 seconds left.
|
|t:|1776074094
|switch|p1a: Whimsicott|Whimsicott, M|100/100
|turn|15
|inactive|147258Q has 120 seconds left.
|
|t:|1776074104
|move|p1a: Whimsicott|Substitute|p1a: Whimsicott
|-start|p1a: Whimsicott|Substitute
|-damage|p1a: Whimsicott|75/100
|move|p2a: Better Call Stall|Lunar Dance|p2a: Better Call Stall
|faint|p2a: Better Call Stall
|
|-heal|p1a: Whimsicott|82/100|[from] item: Leftovers
|upkeep
|
|t:|1776074116
|switch|p2a: Duck Duck Goobs|Porygon2|61/100
|-heal|p2a: Duck Duck Goobs|100/100|[from] move: Lunar Dance
|-damage|p2a: Duck Duck Goobs|88/100|[from] Stealth Rock
|-ability|p2a: Duck Duck Goobs|Download|boost
|-boost|p2a: Duck Duck Goobs|spa|1
|turn|16
|
|t:|1776074124
|move|p1a: Whimsicott|Leech Seed|p2a: Duck Duck Goobs
|-start|p2a: Duck Duck Goobs|move: Leech Seed
|move|p2a: Duck Duck Goobs|Trick Room|p2a: Duck Duck Goobs
|-fieldstart|move: Trick Room|[of] p2a: Duck Duck Goobs
|
|-heal|p1a: Whimsicott|88/100|[from] item: Leftovers
|-damage|p2a: Duck Duck Goobs|76/100|[from] Leech Seed|[of] p1a: Whimsicott
|-heal|p1a: Whimsicott|100/100|[silent]
|upkeep
|turn|17
|
|t:|1776074133
|move|p1a: Whimsicott|Encore|p2a: Duck Duck Goobs
|-start|p2a: Duck Duck Goobs|Encore
|move|p2a: Duck Duck Goobs|Trick Room|p2a: Duck Duck Goobs
|-fieldend|move: Trick Room
|
|-damage|p2a: Duck Duck Goobs|64/100|[from] Leech Seed|[of] p1a: Whimsicott
|upkeep
|turn|18
|
|t:|1776074142
|move|p1a: Whimsicott|Moonblast|p2a: Duck Duck Goobs
|-damage|p2a: Duck Duck Goobs|48/100
|move|p2a: Duck Duck Goobs|Trick Room|p2a: Duck Duck Goobs
|-fieldstart|move: Trick Room|[of] p2a: Duck Duck Goobs
|
|-damage|p2a: Duck Duck Goobs|35/100|[from] Leech Seed|[of] p1a: Whimsicott
|upkeep
|turn|19
|
|t:|1776074154
|switch|p2a: Late Hibernation|Ursaluna, M|100/100
|-damage|p2a: Late Hibernation|94/100|[from] Stealth Rock
|move|p1a: Whimsicott|Moonblast|p2a: Late Hibernation
|-damage|p2a: Late Hibernation|70/100
|
|-status|p2a: Late Hibernation|brn|[from] item: Flame Orb
|upkeep
|turn|20
|
|t:|1776074167
|-terastallize|p2a: Late Hibernation|Normal
|move|p1a: Whimsicott|Encore||[still]
|-fail|p1a: Whimsicott
|move|p2a: Late Hibernation|Facade|p1a: Whimsicott
|-end|p1a: Whimsicott|Substitute
|
|-damage|p2a: Late Hibernation|64/100 brn|[from] brn
|upkeep
|turn|21
|
|t:|1776074175
|move|p1a: Whimsicott|Leech Seed|p2a: Late Hibernation
|-start|p2a: Late Hibernation|move: Leech Seed
|move|p2a: Late Hibernation|Facade|p1a: Whimsicott
|-damage|p1a: Whimsicott|0 fnt
|faint|p1a: Whimsicott
|
|-damage|p2a: Late Hibernation|58/100 brn|[from] brn
|upkeep
|
|t:|1776074188
|switch|p1a: Forretress|Forretress, M|100/100
|turn|22
|
|t:|1776074209
|move|p2a: Late Hibernation|Fire Punch|p1a: Forretress
|-supereffective|p1a: Forretress
|-ability|p1a: Forretress|Sturdy
|-damage|p1a: Forretress|1/100
|move|p1a: Forretress|Toxic Spikes|p2a: Late Hibernation
|-sidestart|p2: Destryoer_38x|move: Toxic Spikes
|
|-damage|p2a: Late Hibernation|46/100 brn|[from] Leech Seed|[of] p1a: Forretress
|-heal|p1a: Forretress|17/100|[silent]
|-damage|p2a: Late Hibernation|40/100 brn|[from] brn
|-fieldend|move: Trick Room
|upkeep
|turn|23
|-enditem|p1a: Forretress|Custap Berry|[eat]
|-activate|p1a: Forretress|item: Custap Berry|[consumed]
|
|t:|1776074222
|move|p1a: Forretress|Explosion|p2a: Late Hibernation
|-crit|p2a: Late Hibernation
|-damage|p2a: Late Hibernation|0 fnt
|faint|p1a: Forretress
|faint|p2a: Late Hibernation
|
|upkeep
|
|t:|1776074232
|switch|p1a: Chansey|Chansey, F|100/100
|switch|p2a: Sydney Sipme|Hatterene, F|74/100
|-damage|p2a: Sydney Sipme|62/100|[from] Stealth Rock
|-status|p2a: Sydney Sipme|psn
|turn|24
|
|t:|1776074244
|move|p1a: Chansey|Seismic Toss|p2a: Sydney Sipme
|-damage|p2a: Sydney Sipme|30/100 psn
|move|p2a: Sydney Sipme|Trick Room|p2a: Sydney Sipme
|-fieldstart|move: Trick Room|[of] p2a: Sydney Sipme
|
|-damage|p2a: Sydney Sipme|18/100 psn|[from] psn
|upkeep
|turn|25
|
|t:|1776074252
|move|p2a: Sydney Sipme|Healing Wish|p2a: Sydney Sipme
|faint|p2a: Sydney Sipme
|move|p1a: Chansey|Seismic Toss|p2: Sydney Sipme|[notarget]
|-fail|p1a: Chansey
|
|upkeep
|
|t:|1776074257
|switch|p2a: JD Dance|Pelipper, M|70/100
|-heal|p2a: JD Dance|100/100|[from] move: Healing Wish
|-damage|p2a: JD Dance|75/100|[from] Stealth Rock
|-weather|RainDance|[from] ability: Drizzle|[of] p2a: JD Dance
|turn|26
|
|t:|1776074265
|move|p2a: JD Dance|Weather Ball|p1a: Chansey
|-damage|p1a: Chansey|76/100
|move|p1a: Chansey|Seismic Toss|p2a: JD Dance
|-damage|p2a: JD Dance|45/100
|
|-weather|RainDance|[upkeep]
|upkeep
|turn|27
|
|t:|1776074275
|move|p2a: JD Dance|Weather Ball|p1a: Chansey
|-damage|p1a: Chansey|53/100
|move|p1a: Chansey|Seismic Toss|p2a: JD Dance
|-damage|p2a: JD Dance|14/100
|
|-weather|RainDance|[upkeep]
|upkeep
|turn|28
|
|t:|1776074285
|move|p2a: JD Dance|Weather Ball|p1a: Chansey
|-damage|p1a: Chansey|31/100
|move|p1a: Chansey|Soft-Boiled|p1a: Chansey
|-heal|p1a: Chansey|81/100
|
|-weather|RainDance|[upkeep]
|-fieldend|move: Trick Room
|upkeep
|turn|29
|
|t:|1776074294
|move|p1a: Chansey|Seismic Toss|p2a: JD Dance
|-damage|p2a: JD Dance|0 fnt
|faint|p2a: JD Dance
|
|-weather|RainDance|[upkeep]
|upkeep
|-message|Destryoer_38x forfeited.
|
|win|147258Q
|raw|147258Q's rating: 1070 &rarr; <strong>1103</strong><br />(+33 for winning)
|raw|Destryoer_38x's rating: 1114 &rarr; <strong>1086</strong><br />(-28 for losing)
|l|☆Destryoer_38x
|player|p2|
|l|☆147258Q
|player|p1|
