|html|<div class="broadcast-blue"><strong>[Gen 9] OU is currently suspecting Volcarona! For information on how to participate check out the <a href="https://www.smogon.com/tools/suspects/view/208">suspect thread</a>.</strong></div>
|j|☆Youof12gaming
|j|☆Slippygar
|t:|1778504753
|gametype|singles
|player|p1|Youof12gaming|lady-gen4|1145
|player|p2|Slippygar|170|1133
|gen|9
|tier|[Gen 9] OU
|rated|
|rule|HP Percentage Mod: HP is shown in percentages
|rule|Endless Battle Clause: Forcing endless battles is banned
|rule|Species Clause: Limit one of each Pokémon
|rule|OHKO Clause: OHKO moves are banned
|rule|Evasion Items Clause: Evasion items are banned
|rule|Evasion Moves Clause: Evasion moves are banned
|rule|Evasion Abilities Clause: Evasion abilities are banned
|rule|Sleep Moves Clause: Sleep-inducing moves are banned
|clearpoke
|poke|p1|Slowking-Galar, M|
|poke|p1|Kyurem|
|poke|p1|Samurott-Hisui, F|
|poke|p1|Zamazenta-*|
|poke|p1|Great Tusk|
|poke|p1|Latias, F|
|poke|p2|Ursaluna, F|
|poke|p2|Heatran, F|
|poke|p2|Alomomola, M|
|poke|p2|Slowking-Galar, F|
|poke|p2|Slowbro, F|
|poke|p2|Dragonite, M|
|teampreview
|inactive|Battle timer is ON: inactive players will automatically lose when time's up. (requested by Youof12gaming)
|
|t:|1778504768
|teamsize|p1|6
|teamsize|p2|6
|start
|switch|p1a: Samurott|Samurott-Hisui, F|100/100
|switch|p2a: Slowking|Slowking-Galar, F|100/100
|turn|1
|
|t:|1778504777
|-terastallize|p2a: Slowking|Water
|move|p1a: Samurott|Ceaseless Edge|p2a: Slowking
|-damage|p2a: Slowking|53/100
|-sidestart|p2: Slippygar|Spikes
|move|p2a: Slowking|Trick Room|p2a: Slowking
|-fieldstart|move: Trick Room|[of] p2a: Slowking
|
|-heal|p2a: Slowking|59/100|[from] item: Leftovers
|upkeep
|turn|2
|l|☆Slippygar
|inactive|Slippygar disconnected and has a minute to reconnect!
|player|p2|
|inactive|Slippygar has 30 seconds to reconnect!
|j|☆Slippygar
|inactive|Slippygar reconnected and has 115 seconds left.
|player|p2|Slippygar|170|
|
|t:|1778504817
|-prepare|p2a: Slowking|Chilly Reception|[premajor]
|move|p2a: Slowking|Chilly Reception|p2a: Slowking
|-weather|Snowscape
|
|t:|1778504826
|switch|p2a: Ursaluna|Ursaluna, F|100/100|[from] Chilly Reception
|-damage|p2a: Ursaluna|88/100|[from] Spikes
|move|p1a: Samurott|Ceaseless Edge|p2a: Ursaluna
|-damage|p2a: Ursaluna|55/100
|-sidestart|p2: Slippygar|Spikes
|
|-weather|Snowscape|[upkeep]
|-status|p2a: Ursaluna|brn|[from] item: Flame Orb
|upkeep
|turn|3
|
|t:|1778504840
|switch|p1a: Slowking|Slowking-Galar, M|100/100
|move|p2a: Ursaluna|Drain Punch|p1a: Slowking
|-resisted|p1a: Slowking
|-damage|p1a: Slowking|90/100
|-heal|p2a: Ursaluna|60/100 brn|[from] drain|[of] p1a: Slowking
|
|-weather|Snowscape|[upkeep]
|-heal|p1a: Slowking|96/100|[from] item: Black Sludge
|-damage|p2a: Ursaluna|54/100 brn|[from] brn
|upkeep
|turn|4
|
|t:|1778504852
|move|p2a: Ursaluna|Earthquake|p1a: Slowking
|-supereffective|p1a: Slowking
|-damage|p1a: Slowking|0 fnt
|faint|p1a: Slowking
|
|-weather|Snowscape|[upkeep]
|-damage|p2a: Ursaluna|48/100 brn|[from] brn
|upkeep
|
|t:|1778504863
|switch|p1a: Zamazenta|Zamazenta|100/100
|-ability|p1a: Zamazenta|Dauntless Shield|boost
|-boost|p1a: Zamazenta|def|1
|turn|5
|inactive|Slippygar has 120 seconds left.
|
|t:|1778504870
|move|p2a: Ursaluna|Facade|p1a: Zamazenta
|-damage|p1a: Zamazenta|53/100
|move|p1a: Zamazenta|Light Screen|p1a: Zamazenta
|-sidestart|p1: Youof12gaming|move: Light Screen
|
|-weather|Snowscape|[upkeep]
|-heal|p1a: Zamazenta|59/100|[from] item: Leftovers
|-damage|p2a: Ursaluna|41/100 brn|[from] brn
|-fieldend|move: Trick Room
|upkeep
|turn|6
|inactive|Slippygar has 120 seconds left.
|
|t:|1778504890
|switch|p2a: Slowbro|Slowbro, F|100/100
|-damage|p2a: Slowbro|84/100|[from] Spikes
|move|p1a: Zamazenta|Body Press|p2a: Slowbro
|-resisted|p2a: Slowbro
|-damage|p2a: Slowbro|65/100
|-damage|p1a: Zamazenta|43/100|[from] item: Rocky Helmet|[of] p2a: Slowbro
|
|-weather|none
|-heal|p1a: Zamazenta|49/100|[from] item: Leftovers
|upkeep
|turn|7
|inactive|Slippygar has 120 seconds left.
|
|t:|1778504922
|move|p1a: Zamazenta|Roar|p2a: Slowbro
|drag|p2a: Dragonite|Dragonite, M|100/100
|
|-heal|p1a: Zamazenta|55/100|[from] item: Leftovers
|upkeep
|turn|8
|
|t:|1778504932
|switch|p1a: Latias|Latias, F|100/100
|move|p2a: Dragonite|Roar|p1a: Latias
|drag|p1a: Kyurem|Kyurem|100/100
|-ability|p1a: Kyurem|Pressure
|
|upkeep
|turn|9
|
|t:|1778504946
|switch|p2a: Slowbro|Slowbro, F|98/100
|-damage|p2a: Slowbro|82/100|[from] Spikes
|move|p1a: Kyurem|Draco Meteor|p2a: Slowbro
|-damage|p2a: Slowbro|0 fnt
|-unboost|p1a: Kyurem|spa|2
|faint|p2a: Slowbro
|
|-sideend|p1: Youof12gaming|move: Light Screen
|upkeep
|
|t:|1778504957
|switch|p2a: Slowking|Slowking-Galar, F, tera:Water|92/100
|-damage|p2a: Slowking|75/100|[from] Spikes
|turn|10
|
|t:|1778504972
|switch|p1a: Zamazenta|Zamazenta|55/100
|move|p2a: Slowking|Trick Room|p2a: Slowking
|-fieldstart|move: Trick Room|[of] p2a: Slowking
|
|-heal|p2a: Slowking|81/100|[from] item: Leftovers
|-heal|p1a: Zamazenta|61/100|[from] item: Leftovers
|upkeep
|turn|11
|
|t:|1778504983
|move|p2a: Slowking|Psychic|p1a: Zamazenta
|-supereffective|p1a: Zamazenta
|-damage|p1a: Zamazenta|0 fnt
|faint|p1a: Zamazenta
|
|-heal|p2a: Slowking|88/100|[from] item: Leftovers
|upkeep
|-message|Youof12gaming forfeited.
|
|win|Slippygar
|raw|Youof12gaming's rating: 1145 &rarr; <strong>1119</strong><br />(-26 for losing)
|raw|Slippygar's rating: 1133 &rarr; <strong>1159</strong><br />(+26 for winning)
|l|☆Youof12gaming
|player|p1|
|l|☆Slippygar
|player|p2|
