|html|<div class="broadcast-blue"><strong>[Gen 9] OU is currently suspecting Tera Blast! For information on how to participate check out the <a href="https://www.smogon.com/tools/suspects/view/200">suspect thread</a>.</strong></div>
|j|☆WiLL-Vi
|j|☆LinkdFire
|t:|1776215659
|gametype|singles
|player|p1|WiLL-Vi|worker|1038
|player|p2|LinkdFire|265|1000
|gen|9
|tier|[Gen 9] OU
|rated|
|rule|HP Percentage Mod: HP is shown in percentages
|rule|Endless Battle Clause: Forcing endless battles is banned
|rule|Species Clause: Limit one of each Pokémon
|rule|OHKO Clause: OHKO moves are banned
|rule|Evasion Items Clause: Evasion items are banned
|rule|Evasion Moves Clause: Evasion moves are banned
|rule|Evasion Abilities Clause: Evasion abilities are banned
|rule|Sleep Moves Clause: Sleep-inducing moves are banned
|clearpoke
|poke|p1|Moltres-Galar|
|poke|p1|Gholdengo|
|poke|p1|Samurott-Hisui, M|
|poke|p1|Smeargle, F|
|poke|p1|Zamazenta-*|
|poke|p1|Deoxys-Speed|
|poke|p2|Ting-Lu|
|poke|p2|Chandelure, M|
|poke|p2|Ninetales-Alola, F|
|poke|p2|Garchomp, F|
|poke|p2|Corviknight, F|
|poke|p2|Rotom-Wash|
|teampreview
|inactive|Battle timer is ON: inactive players will automatically lose when time's up. (requested by WiLL-Vi)
|
|t:|1776215668
|teamsize|p1|6
|teamsize|p2|6
|start
|switch|p1a: Gholdengo|Gholdengo|100/100
|switch|p2a: Ninetales|Ninetales-Alola, F|100/100
|-weather|Snowscape|[from] ability: Snow Warning|[of] p2a: Ninetales
|turn|1
|
|t:|1776215681
|switch|p2a: Ting-Lu|Ting-Lu|100/100
|-ability|p2a: Ting-Lu|Vessel of Ruin
|move|p1a: Gholdengo|Make It Rain|p2a: Ting-Lu
|-damage|p2a: Ting-Lu|74/100
|-unboost|p1a: Gholdengo|spa|1
|
|-weather|Snowscape|[upkeep]
|-heal|p2a: Ting-Lu|80/100|[from] item: Leftovers
|upkeep
|turn|2
|
|t:|1776215693
|switch|p1a: Moltres|Moltres-Galar|100/100
|move|p2a: Ting-Lu|Stealth Rock|p1a: Moltres
|-sidestart|p1: WiLL-Vi|move: Stealth Rock
|
|-weather|Snowscape|[upkeep]
|-heal|p2a: Ting-Lu|86/100|[from] item: Leftovers
|upkeep
|turn|3
|
|t:|1776215701
|switch|p1a: Gholdengo|Gholdengo|100/100
|-damage|p1a: Gholdengo|94/100|[from] Stealth Rock
|move|p2a: Ting-Lu|Ruination|p1a: Gholdengo
|-damage|p1a: Gholdengo|47/100
|
|-weather|Snowscape|[upkeep]
|-heal|p2a: Ting-Lu|93/100|[from] item: Leftovers
|upkeep
|turn|4
|
|t:|1776215712
|move|p1a: Gholdengo|Trick|p2a: Ting-Lu
|-activate|p1a: Gholdengo|move: Trick|[of] p2a: Ting-Lu
|-item|p2a: Ting-Lu|Choice Scarf|[from] move: Trick
|-item|p1a: Gholdengo|Leftovers|[from] move: Trick
|move|p2a: Ting-Lu|Earthquake|p1a: Gholdengo
|-supereffective|p1a: Gholdengo
|-damage|p1a: Gholdengo|0 fnt
|faint|p1a: Gholdengo
|
|-weather|Snowscape|[upkeep]
|upkeep
|
|t:|1776215716
|switch|p1a: Smeargle|Smeargle, F|100/100
|-damage|p1a: Smeargle|88/100|[from] Stealth Rock
|turn|5
|
|t:|1776215728
|-terastallize|p1a: Smeargle|Flying
|move|p2a: Ting-Lu|Earthquake|p1a: Smeargle
|-immune|p1a: Smeargle
|move|p1a: Smeargle|Jaw Lock|p2a: Ting-Lu
|-resisted|p2a: Ting-Lu
|-damage|p2a: Ting-Lu|89/100
|-activate|p1a: Smeargle|trapped
|-activate|p2a: Ting-Lu|trapped
|
|-weather|Snowscape|[upkeep]
|upkeep
|turn|6
|
|t:|1776215744
|move|p2a: Ting-Lu|Earthquake|p1a: Smeargle
|-immune|p1a: Smeargle
|move|p1a: Smeargle|No Retreat|p1a: Smeargle
|-boost|p1a: Smeargle|atk|1
|-boost|p1a: Smeargle|def|1
|-boost|p1a: Smeargle|spa|1
|-boost|p1a: Smeargle|spd|1
|-boost|p1a: Smeargle|spe|1
|
|-weather|Snowscape|[upkeep]
|upkeep
|turn|7
|
|t:|1776215751
|move|p1a: Smeargle|No Retreat|p1a: Smeargle
|-boost|p1a: Smeargle|atk|1
|-boost|p1a: Smeargle|def|1
|-boost|p1a: Smeargle|spa|1
|-boost|p1a: Smeargle|spd|1
|-boost|p1a: Smeargle|spe|1
|move|p2a: Ting-Lu|Earthquake|p1a: Smeargle
|-immune|p1a: Smeargle
|
|-weather|Snowscape|[upkeep]
|upkeep
|turn|8
|
|t:|1776215759
|move|p1a: Smeargle|No Retreat|p1a: Smeargle
|-boost|p1a: Smeargle|atk|1
|-boost|p1a: Smeargle|def|1
|-boost|p1a: Smeargle|spa|1
|-boost|p1a: Smeargle|spd|1
|-boost|p1a: Smeargle|spe|1
|move|p2a: Ting-Lu|Earthquake|p1a: Smeargle
|-immune|p1a: Smeargle
|
|-weather|none
|upkeep
|turn|9
|
|t:|1776215767
|move|p1a: Smeargle|No Retreat|p1a: Smeargle
|-boost|p1a: Smeargle|atk|1
|-boost|p1a: Smeargle|def|1
|-boost|p1a: Smeargle|spa|1
|-boost|p1a: Smeargle|spd|1
|-boost|p1a: Smeargle|spe|1
|move|p2a: Ting-Lu|Earthquake|p1a: Smeargle
|-immune|p1a: Smeargle
|
|upkeep
|turn|10
|
|t:|1776215773
|move|p1a: Smeargle|No Retreat|p1a: Smeargle
|-boost|p1a: Smeargle|atk|1
|-boost|p1a: Smeargle|def|1
|-boost|p1a: Smeargle|spa|1
|-boost|p1a: Smeargle|spd|1
|-boost|p1a: Smeargle|spe|1
|move|p2a: Ting-Lu|Earthquake|p1a: Smeargle
|-immune|p1a: Smeargle
|
|upkeep
|turn|11
|
|t:|1776215780
|move|p1a: Smeargle|No Retreat|p1a: Smeargle
|-boost|p1a: Smeargle|atk|1
|-boost|p1a: Smeargle|def|1
|-boost|p1a: Smeargle|spa|1
|-boost|p1a: Smeargle|spd|1
|-boost|p1a: Smeargle|spe|1
|move|p2a: Ting-Lu|Earthquake|p1a: Smeargle
|-immune|p1a: Smeargle
|
|upkeep
|turn|12
|
|t:|1776215787
|move|p1a: Smeargle|Population Bomb|p2a: Ting-Lu
|-damage|p2a: Ting-Lu|73/100
|-damage|p2a: Ting-Lu|58/100
|-damage|p2a: Ting-Lu|45/100
|-damage|p2a: Ting-Lu|30/100
|-damage|p2a: Ting-Lu|15/100
|-damage|p2a: Ting-Lu|0 fnt
|faint|p2a: Ting-Lu
|-hitcount|p2: Ting-Lu|6
|
|upkeep
|
|t:|1776215807
|switch|p2a: Ninetales|Ninetales-Alola, F|100/100
|-weather|Snowscape|[from] ability: Snow Warning|[of] p2a: Ninetales
|turn|13
|
|t:|1776215816
|-terastallize|p2a: Ninetales|Ice
|move|p1a: Smeargle|Population Bomb|p2a: Ninetales
|-damage|p2a: Ninetales|76/100
|-damage|p2a: Ninetales|51/100
|-damage|p2a: Ninetales|25/100
|-damage|p2a: Ninetales|0 fnt
|faint|p2a: Ninetales
|-hitcount|p2: Ninetales|4
|
|-weather|Snowscape|[upkeep]
|upkeep
|
|t:|1776215827
|switch|p2a: Chandelure|Chandelure, M|100/100
|turn|14
|
|t:|1776215831
|move|p1a: Smeargle|Power Trip|p2a: Chandelure
|-supereffective|p2a: Chandelure
|-damage|p2a: Chandelure|0 fnt
|faint|p2a: Chandelure
|
|-weather|Snowscape|[upkeep]
|upkeep
|
|t:|1776215838
|switch|p2a: Corviknight|Corviknight, F|100/100
|turn|15
|
|t:|1776215843
|move|p1a: Smeargle|Power Trip|p2a: Corviknight
|-damage|p2a: Corviknight|0 fnt
|-damage|p1a: Smeargle|72/100|[from] item: Rocky Helmet|[of] p2a: Corviknight
|faint|p2a: Corviknight
|
|-weather|Snowscape|[upkeep]
|upkeep
|
|t:|1776215850
|switch|p2a: Garchomp|Garchomp, F|100/100
|turn|16
|
|t:|1776215854
|move|p1a: Smeargle|Population Bomb|p2a: Garchomp
|-damage|p2a: Garchomp|74/100
|-damage|p1a: Smeargle|59/100|[from] ability: Rough Skin|[of] p2a: Garchomp
|-damage|p2a: Garchomp|50/100
|-damage|p1a: Smeargle|47/100|[from] ability: Rough Skin|[of] p2a: Garchomp
|-damage|p2a: Garchomp|25/100
|-damage|p1a: Smeargle|34/100|[from] ability: Rough Skin|[of] p2a: Garchomp
|-damage|p2a: Garchomp|1/100
|-damage|p1a: Smeargle|22/100|[from] ability: Rough Skin|[of] p2a: Garchomp
|-damage|p2a: Garchomp|0 fnt
|-damage|p1a: Smeargle|9/100|[from] ability: Rough Skin|[of] p2a: Garchomp
|faint|p2a: Garchomp
|-hitcount|p2: Garchomp|5
|
|-weather|Snowscape|[upkeep]
|upkeep
|
|t:|1776215859
|switch|p2a: Rotom|Rotom-Wash|100/100
|turn|17
|
|t:|1776215863
|move|p1a: Smeargle|Power Trip|p2a: Rotom
|-damage|p2a: Rotom|0 fnt
|faint|p2a: Rotom
|
|win|WiLL-Vi
|raw|WiLL-Vi's rating: 1038 &rarr; <strong>1069</strong><br />(+31 for winning)
|raw|LinkdFire's rating: 1000 &rarr; <strong>1000</strong><br />(+0 for losing)
