|html|<div class="broadcast-blue"><strong>[Gen 9] OU is currently suspecting Volcarona! For information on how to participate check out the <a href="https://www.smogon.com/tools/suspects/view/208">suspect thread</a>.</strong></div>
|j|☆imatworklul
|j|☆tuteng
|t:|1778507787
|gametype|singles
|player|p1|imatworklul|dawn|1174
|player|p2|tuteng|2|1156
|gen|9
|tier|[Gen 9] OU
|rated|
|rule|HP Percentage Mod: HP is shown in percentages
|rule|Endless Battle Clause: Forcing endless battles is banned
|rule|Species Clause: Limit one of each Pokémon
|rule|OHKO Clause: OHKO moves are banned
|rule|Evasion Items Clause: Evasion items are banned
|rule|Evasion Moves Clause: Evasion moves are banned
|rule|Evasion Abilities Clause: Evasion abilities are banned
|rule|Sleep Moves Clause: Sleep-inducing moves are banned
|clearpoke
|poke|p1|Thundurus-Therian, M|
|poke|p1|Landorus-Therian, M|
|poke|p1|Goodra-Hisui, F|
|poke|p1|Cinderace, M|
|poke|p1|Weavile, F|
|poke|p1|Iron Valiant|
|poke|p2|Grimmsnarl, M|
|poke|p2|Tyranitar, F|
|poke|p2|Corviknight, F|
|poke|p2|Glimmora, M|
|poke|p2|Sinistcha|
|poke|p2|Lycanroc, M|
|teampreview
|
|t:|1778507806
|teamsize|p1|6
|teamsize|p2|6
|start
|switch|p1a: Thundurus|Thundurus-Therian, M, shiny|100/100
|switch|p2a: Grimmsnarl|Grimmsnarl, M|100/100
|turn|1
|inactive|Battle timer is ON: inactive players will automatically lose when time's up. (requested by imatworklul)
|
|t:|1778507824
|move|p2a: Grimmsnarl|Light Screen|p2a: Grimmsnarl
|-sidestart|p2: tuteng|move: Light Screen
|move|p1a: Thundurus|Sludge Bomb|p2a: Grimmsnarl
|-supereffective|p2a: Grimmsnarl
|-crit|p2a: Grimmsnarl
|-damage|p2a: Grimmsnarl|0 fnt
|faint|p2a: Grimmsnarl
|
|upkeep
|
|t:|1778507845
|switch|p2a: Glimmora|Glimmora, M|100/100
|turn|2
|inactive|imatworklul has 120 seconds left.
|inactive|imatworklul has 90 seconds left.
|
|t:|1778507913
|move|p1a: Thundurus|Volt Switch|p2a: Glimmora
|-damage|p2a: Glimmora|72/100
|
|t:|1778507915
|switch|p1a: Goodra|Goodra-Hisui, F, shiny|100/100|[from] Volt Switch
|move|p2a: Glimmora|Power Gem|p1a: Goodra
|-resisted|p1a: Goodra
|-damage|p1a: Goodra|91/100
|
|upkeep
|turn|3
|
|t:|1778507926
|switch|p2a: Tyranitar|Tyranitar, F|100/100
|-weather|Sandstorm|[from] ability: Sand Stream|[of] p2a: Tyranitar
|move|p1a: Goodra|Flash Cannon|p2a: Tyranitar
|-supereffective|p2a: Tyranitar
|-damage|p2a: Tyranitar|87/100
|
|-weather|Sandstorm|[upkeep]
|upkeep
|turn|4
|inactive|imatworklul has 90 seconds left.
|
|t:|1778507952
|switch|p1a: Landorus|Landorus-Therian, M, shiny|100/100
|-ability|p1a: Landorus|Intimidate|boost
|-unboost|p2a: Tyranitar|atk|1
|move|p2a: Tyranitar|Earthquake|p1a: Landorus
|-immune|p1a: Landorus
|
|-weather|Sandstorm|[upkeep]
|upkeep
|turn|5
|inactive|imatworklul has 90 seconds left.
|
|t:|1778507961
|move|p1a: Landorus|U-turn|p2a: Tyranitar
|-supereffective|p2a: Tyranitar
|-damage|p2a: Tyranitar|49/100
|
|t:|1778507964
|switch|p1a: Cinderace|Cinderace, M, shiny|100/100|[from] U-turn
|move|p2a: Tyranitar|Knock Off|p1a: Cinderace
|-damage|p1a: Cinderace|52/100
|-enditem|p1a: Cinderace|Heavy-Duty Boots|[from] move: Knock Off|[of] p2a: Tyranitar
|
|-weather|Sandstorm|[upkeep]
|-damage|p1a: Cinderace|46/100|[from] Sandstorm
|upkeep
|turn|6
|
|t:|1778507974
|move|p1a: Cinderace|U-turn|p2a: Tyranitar
|-supereffective|p2a: Tyranitar
|-crit|p2a: Tyranitar
|-damage|p2a: Tyranitar|0 fnt
|faint|p2a: Tyranitar
|inactive|imatworklul has 90 seconds left.
|
|t:|1778507990
|switch|p1a: Thundurus|Thundurus-Therian, M, shiny|100/100|[from] U-turn
|
|-weather|Sandstorm|[upkeep]
|-damage|p1a: Thundurus|94/100|[from] Sandstorm
|upkeep
|
|t:|1778508000
|switch|p2a: Lycanroc|Lycanroc, M|100/100
|turn|7
|inactive|imatworklul has 90 seconds left.
|inactive|imatworklul has 60 seconds left.
|
|t:|1778508071
|move|p2a: Lycanroc|Stone Edge|p1a: Thundurus
|-supereffective|p1a: Thundurus
|-damage|p1a: Thundurus|0 fnt
|faint|p1a: Thundurus
|-damage|p2a: Lycanroc|91/100|[from] item: Life Orb
|
|-weather|none
|upkeep
|
|t:|1778508077
|switch|p1a: Landorus|Landorus-Therian, M, shiny|100/100
|-ability|p1a: Landorus|Intimidate|boost
|-unboost|p2a: Lycanroc|atk|1
|turn|8
|
|t:|1778508094
|switch|p2a: Sinistcha|Sinistcha|100/100
|move|p1a: Landorus|U-turn|p2a: Sinistcha
|-damage|p2a: Sinistcha|85/100
|inactive|imatworklul has 30 seconds left.
|
|t:|1778508123
|switch|p1a: Weavile|Weavile, F|100/100|[from] U-turn
|-ability|p1a: Weavile|Pressure
|
|-heal|p2a: Sinistcha|91/100|[from] item: Leftovers
|-sideend|p2: tuteng|move: Light Screen
|upkeep
|turn|9
|inactive|imatworklul has 30 seconds left.
|
|t:|1778508133
|-terastallize|p2a: Sinistcha|Steel
|move|p1a: Weavile|Icicle Crash|p2a: Sinistcha
|-resisted|p2a: Sinistcha
|-damage|p2a: Sinistcha|76/100
|move|p2a: Sinistcha|Strength Sap|p1a: Weavile
|-unboost|p1a: Weavile|atk|1
|-heal|p2a: Sinistcha|100/100
|
|upkeep
|turn|10
|
|t:|1778508143
|switch|p1a: Landorus|Landorus-Therian, M, shiny|100/100
|-ability|p1a: Landorus|Intimidate|boost
|-unboost|p2a: Sinistcha|atk|1
|move|p2a: Sinistcha|Calm Mind|p2a: Sinistcha
|-boost|p2a: Sinistcha|spa|1
|-boost|p2a: Sinistcha|spd|1
|
|upkeep
|turn|11
|
|t:|1778508151
|move|p1a: Landorus|Earthquake|p2a: Sinistcha
|-supereffective|p2a: Sinistcha
|-damage|p2a: Sinistcha|31/100
|move|p2a: Sinistcha|Strength Sap|p1a: Landorus
|-unboost|p1a: Landorus|atk|1
|-heal|p2a: Sinistcha|100/100
|
|upkeep
|turn|12
|
|t:|1778508163
|move|p1a: Landorus|U-turn|p2a: Sinistcha
|-resisted|p2a: Sinistcha
|-damage|p2a: Sinistcha|95/100
|
|t:|1778508165
|switch|p1a: Goodra|Goodra-Hisui, F, shiny|91/100|[from] U-turn
|move|p2a: Sinistcha|Calm Mind|p2a: Sinistcha
|-boost|p2a: Sinistcha|spa|1
|-boost|p2a: Sinistcha|spd|1
|
|-heal|p2a: Sinistcha|100/100|[from] item: Leftovers
|upkeep
|turn|13
|
|t:|1778508174
|move|p2a: Sinistcha|Calm Mind|p2a: Sinistcha
|-boost|p2a: Sinistcha|spa|1
|-boost|p2a: Sinistcha|spd|1
|move|p1a: Goodra|Flamethrower|p2a: Sinistcha
|-supereffective|p2a: Sinistcha
|-damage|p2a: Sinistcha|87/100
|
|-heal|p2a: Sinistcha|93/100|[from] item: Leftovers
|upkeep
|turn|14
|inactive|imatworklul has 60 seconds left.
|
|t:|1778508189
|switch|p1a: Weavile|Weavile, F|100/100
|-ability|p1a: Weavile|Pressure
|move|p2a: Sinistcha|Calm Mind|p2a: Sinistcha
|-boost|p2a: Sinistcha|spa|1
|-boost|p2a: Sinistcha|spd|1
|
|-heal|p2a: Sinistcha|99/100|[from] item: Leftovers
|upkeep
|turn|15
|
|t:|1778508199
|move|p1a: Weavile|Knock Off|p2a: Sinistcha
|-damage|p2a: Sinistcha|66/100
|-enditem|p2a: Sinistcha|Leftovers|[from] move: Knock Off|[of] p1a: Weavile
|move|p2a: Sinistcha|Strength Sap|p1a: Weavile
|-unboost|p1a: Weavile|atk|1
|-heal|p2a: Sinistcha|100/100
|
|upkeep
|turn|16
|
|t:|1778508208
|switch|p1a: Iron Valiant|Iron Valiant|100/100
|-enditem|p1a: Iron Valiant|Booster Energy
|-activate|p1a: Iron Valiant|ability: Quark Drive|[fromitem]
|-start|p1a: Iron Valiant|quarkdrivespe
|move|p2a: Sinistcha|Calm Mind|p2a: Sinistcha
|-boost|p2a: Sinistcha|spa|1
|-boost|p2a: Sinistcha|spd|1
|
|upkeep
|turn|17
|
|t:|1778508219
|move|p1a: Iron Valiant|Encore|p2a: Sinistcha
|-start|p2a: Sinistcha|Encore
|move|p2a: Sinistcha|Calm Mind|p2a: Sinistcha
|-boost|p2a: Sinistcha|spa|1
|-boost|p2a: Sinistcha|spd|1
|
|upkeep
|turn|18
|inactive|imatworklul has 90 seconds left.
|
|t:|1778508230
|move|p1a: Iron Valiant|Swords Dance|p1a: Iron Valiant
|-boost|p1a: Iron Valiant|atk|2
|move|p2a: Sinistcha|Calm Mind|p2a: Sinistcha
|-boost|p2a: Sinistcha|spa|0
|-boost|p2a: Sinistcha|spd|0
|
|upkeep
|turn|19
|
|t:|1778508238
|switch|p2a: Glimmora|Glimmora, M|72/100
|move|p1a: Iron Valiant|Swords Dance|p1a: Iron Valiant
|-boost|p1a: Iron Valiant|atk|2
|
|upkeep
|turn|20
|
|t:|1778508245
|move|p1a: Iron Valiant|Close Combat|p2a: Glimmora
|-damage|p2a: Glimmora|0 fnt
|-unboost|p1a: Iron Valiant|def|1
|-unboost|p1a: Iron Valiant|spd|1
|-activate|p2a: Glimmora|ability: Toxic Debris
|-sidestart|p1: imatworklul|move: Toxic Spikes
|faint|p2a: Glimmora
|
|upkeep
|
|t:|1778508262
|switch|p2a: Sinistcha|Sinistcha, tera:Steel|100/100
|turn|21
|
|t:|1778508267
|move|p1a: Iron Valiant|Close Combat|p2a: Sinistcha
|-supereffective|p2a: Sinistcha
|-damage|p2a: Sinistcha|0 fnt
|-unboost|p1a: Iron Valiant|def|1
|-unboost|p1a: Iron Valiant|spd|1
|faint|p2a: Sinistcha
|
|upkeep
|
|t:|1778508274
|switch|p2a: Corviknight|Corviknight, F|100/100
|turn|22
|
|t:|1778508278
|move|p1a: Iron Valiant|Close Combat|p2a: Corviknight
|-damage|p2a: Corviknight|0 fnt
|-unboost|p1a: Iron Valiant|def|1
|-unboost|p1a: Iron Valiant|spd|1
|-damage|p1a: Iron Valiant|84/100|[from] item: Rocky Helmet|[of] p2a: Corviknight
|faint|p2a: Corviknight
|
|upkeep
|-message|tuteng forfeited.
|
|win|imatworklul
|raw|imatworklul's rating: 1174 &rarr; <strong>1198</strong><br />(+24 for winning)
|raw|tuteng's rating: 1156 &rarr; <strong>1132</strong><br />(-24 for losing)
|l|☆tuteng
|player|p2|
|l|☆imatworklul
|player|p1|
