|html|<div class="broadcast-blue"><strong>[Gen 9] OU is currently suspecting Volcarona! For information on how to participate check out the <a href="https://www.smogon.com/tools/suspects/view/208">suspect thread</a>.</strong></div>
|j|☆ur doggo
|j|☆jasperthedog
|t:|1778508147
|gametype|singles
|player|p1|ur doggo|265|1487
|player|p2|jasperthedog|170|1571
|gen|9
|tier|[Gen 9] OU
|rated|
|rule|HP Percentage Mod: HP is shown in percentages
|rule|Endless Battle Clause: Forcing endless battles is banned
|rule|Species Clause: Limit one of each Pokémon
|rule|OHKO Clause: OHKO moves are banned
|rule|Evasion Items Clause: Evasion items are banned
|rule|Evasion Moves Clause: Evasion moves are banned
|rule|Evasion Abilities Clause: Evasion abilities are banned
|rule|Sleep Moves Clause: Sleep-inducing moves are banned
|clearpoke
|poke|p1|Zamazenta-*|
|poke|p1|Iron Treads|
|poke|p1|Rillaboom, M|
|poke|p1|Ceruledge, F|
|poke|p1|Hawlucha, M|
|poke|p1|Gholdengo|
|poke|p2|Corviknight, M|
|poke|p2|Tyranitar, F|
|poke|p2|Ditto|
|poke|p2|Zapdos|
|poke|p2|Kingambit, M|
|poke|p2|Hoopa-Unbound|
|teampreview
|
|t:|1778508172
|teamsize|p1|6
|teamsize|p2|6
|start
|switch|p1a: Zamazenta|Zamazenta|100/100
|switch|p2a: Corviknight|Corviknight, M|100/100
|-ability|p1a: Zamazenta|Dauntless Shield|boost
|-boost|p1a: Zamazenta|def|1
|turn|1
|
|t:|1778508182
|move|p1a: Zamazenta|Reflect|p1a: Zamazenta
|-sidestart|p1: ur doggo|Reflect
|move|p2a: Corviknight|U-turn|p1a: Zamazenta
|-resisted|p1a: Zamazenta
|-damage|p1a: Zamazenta|99/100
|
|t:|1778508188
|switch|p2a: Hoopa|Hoopa-Unbound|100/100|[from] U-turn
|
|upkeep
|turn|2
|
|t:|1778508199
|-terastallize|p2a: Hoopa|Ghost
|move|p1a: Zamazenta|Body Press|p2a: Hoopa
|-immune|p2a: Hoopa
|move|p2a: Hoopa|Psychic|p1a: Zamazenta
|-supereffective|p1a: Zamazenta
|-damage|p1a: Zamazenta|0 fnt
|faint|p1a: Zamazenta
|
|upkeep
|
|t:|1778508214
|switch|p1a: Rillaboom|Rillaboom, M|100/100
|-fieldstart|move: Grassy Terrain|[from] ability: Grassy Surge|[of] p1a: Rillaboom
|turn|3
|
|t:|1778508227
|switch|p2a: Corviknight|Corviknight, M|100/100
|move|p1a: Rillaboom|Knock Off|p2a: Corviknight
|-damage|p2a: Corviknight|79/100
|-damage|p1a: Rillaboom|84/100|[from] item: Rocky Helmet|[of] p2a: Corviknight
|-enditem|p2a: Corviknight|Rocky Helmet|[from] move: Knock Off|[of] p1a: Rillaboom
|
|-heal|p1a: Rillaboom|90/100|[from] Grassy Terrain
|upkeep
|turn|4
|
|t:|1778508237
|switch|p1a: Gholdengo|Gholdengo|100/100
|move|p2a: Corviknight|U-turn|p1a: Gholdengo
|-resisted|p1a: Gholdengo
|-damage|p1a: Gholdengo|99/100
|
|t:|1778508241
|switch|p2a: Tyranitar|Tyranitar, F|100/100|[from] U-turn
|-weather|Sandstorm|[from] ability: Sand Stream|[of] p2a: Tyranitar
|
|-weather|Sandstorm|[upkeep]
|-heal|p1a: Gholdengo|100/100|[from] Grassy Terrain
|upkeep
|turn|5
|
|t:|1778508249
|move|p1a: Gholdengo|Make It Rain|p2a: Tyranitar
|-supereffective|p2a: Tyranitar
|-damage|p2a: Tyranitar|38/100
|-unboost|p1a: Gholdengo|spa|1
|move|p2a: Tyranitar|Knock Off|p1a: Gholdengo
|-supereffective|p1a: Gholdengo
|-damage|p1a: Gholdengo|43/100
|-enditem|p1a: Gholdengo|Metal Coat|[from] move: Knock Off|[of] p2a: Tyranitar
|
|-weather|Sandstorm|[upkeep]
|-heal|p1a: Gholdengo|49/100|[from] Grassy Terrain
|-heal|p2a: Tyranitar|44/100|[from] Grassy Terrain
|upkeep
|turn|6
|
|t:|1778508263
|move|p1a: Gholdengo|Make It Rain|p2a: Tyranitar
|-supereffective|p2a: Tyranitar
|-damage|p2a: Tyranitar|10/100
|-unboost|p1a: Gholdengo|spa|1
|move|p2a: Tyranitar|Knock Off|p1a: Gholdengo
|-supereffective|p1a: Gholdengo
|-damage|p1a: Gholdengo|10/100
|
|-weather|Sandstorm|[upkeep]
|-heal|p1a: Gholdengo|16/100|[from] Grassy Terrain
|-heal|p2a: Tyranitar|16/100|[from] Grassy Terrain
|upkeep
|turn|7
|
|t:|1778508268
|switch|p2a: Hoopa|Hoopa-Unbound, tera:Ghost|100/100
|move|p1a: Gholdengo|Make It Rain|p2a: Hoopa
|-damage|p2a: Hoopa|75/100
|-unboost|p1a: Gholdengo|spa|1
|
|-weather|Sandstorm|[upkeep]
|-damage|p2a: Hoopa|69/100|[from] Sandstorm
|-heal|p1a: Gholdengo|22/100|[from] Grassy Terrain
|-heal|p2a: Hoopa|75/100|[from] Grassy Terrain
|upkeep
|turn|8
|
|t:|1778508277
|move|p1a: Gholdengo|Make It Rain|p2a: Hoopa
|-damage|p2a: Hoopa|55/100
|-unboost|p1a: Gholdengo|spa|1
|move|p2a: Hoopa|Dark Pulse|p1a: Gholdengo
|-supereffective|p1a: Gholdengo
|-damage|p1a: Gholdengo|0 fnt
|faint|p1a: Gholdengo
|
|-weather|none
|-heal|p2a: Hoopa|61/100|[from] Grassy Terrain
|-sideend|p1: ur doggo|Reflect
|upkeep
|
|t:|1778508281
|switch|p1a: Ceruledge|Ceruledge, F|100/100
|turn|9
|
|t:|1778508289
|switch|p2a: Tyranitar|Tyranitar, F|16/100
|-weather|Sandstorm|[from] ability: Sand Stream|[of] p2a: Tyranitar
|move|p1a: Ceruledge|Shadow Sneak|p2a: Tyranitar
|-resisted|p2a: Tyranitar
|-damage|p2a: Tyranitar|4/100
|-damage|p1a: Ceruledge|91/100|[from] item: Life Orb
|
|-weather|Sandstorm|[upkeep]
|-damage|p1a: Ceruledge|84/100|[from] Sandstorm
|-heal|p1a: Ceruledge|91/100|[from] Grassy Terrain
|-heal|p2a: Tyranitar|10/100|[from] Grassy Terrain
|upkeep
|turn|10
|
|t:|1778508294
|move|p1a: Ceruledge|Bitter Blade|p2a: Tyranitar
|-resisted|p2a: Tyranitar
|-crit|p2a: Tyranitar
|-damage|p2a: Tyranitar|0 fnt
|-heal|p1a: Ceruledge|96/100|[from] drain|[of] p2a: Tyranitar
|faint|p2a: Tyranitar
|-damage|p1a: Ceruledge|86/100|[from] item: Life Orb
|
|-weather|Sandstorm|[upkeep]
|-damage|p1a: Ceruledge|80/100|[from] Sandstorm
|-heal|p1a: Ceruledge|86/100|[from] Grassy Terrain
|-fieldend|move: Grassy Terrain
|upkeep
|
|t:|1778508324
|switch|p2a: Zapdos|Zapdos|100/100
|turn|11
|
|t:|1778508334
|move|p2a: Zapdos|Thunderbolt|p1a: Ceruledge
|-damage|p1a: Ceruledge|32/100
|move|p1a: Ceruledge|Bitter Blade|p2a: Zapdos
|-damage|p2a: Zapdos|38/100
|-heal|p1a: Ceruledge|66/100|[from] drain|[of] p2a: Zapdos
|-damage|p1a: Ceruledge|57/100|[from] item: Life Orb
|
|-weather|Sandstorm|[upkeep]
|-damage|p2a: Zapdos|32/100|[from] Sandstorm
|-damage|p1a: Ceruledge|50/100|[from] Sandstorm
|upkeep
|turn|12
|
|t:|1778508360
|switch|p2a: Ditto|Ditto|100/100
|-transform|p2a: Ditto|p1a: Ceruledge|[from] ability: Imposter
|move|p1a: Ceruledge|Bitter Blade|p2a: Ditto
|-resisted|p2a: Ditto
|-damage|p2a: Ditto|58/100
|-heal|p1a: Ceruledge|69/100|[from] drain|[of] p2a: Ditto
|-ability|p2a: Ditto|Weak Armor|boost
|-unboost|p2a: Ditto|def|1
|-boost|p2a: Ditto|spe|2
|-damage|p1a: Ceruledge|59/100|[from] item: Life Orb
|
|-weather|Sandstorm|[upkeep]
|-damage|p2a: Ditto|52/100|[from] Sandstorm
|-damage|p1a: Ceruledge|53/100|[from] Sandstorm
|upkeep
|turn|13
|
|t:|1778508376
|switch|p1a: Rillaboom|Rillaboom, M|90/100
|-fieldstart|move: Grassy Terrain|[from] ability: Grassy Surge|[of] p1a: Rillaboom
|move|p2a: Ditto|Shadow Sneak|p1a: Rillaboom
|-damage|p1a: Rillaboom|66/100
|
|-weather|none
|-heal|p2a: Ditto|58/100|[from] Grassy Terrain
|-heal|p1a: Rillaboom|73/100|[from] Grassy Terrain
|upkeep
|turn|14
|
|t:|1778508385
|switch|p2a: Corviknight|Corviknight, M|79/100
|move|p1a: Rillaboom|U-turn|p2a: Corviknight
|-resisted|p2a: Corviknight
|-damage|p2a: Corviknight|75/100
|
|t:|1778508388
|switch|p1a: Ceruledge|Ceruledge, F|53/100|[from] U-turn
|
|-heal|p1a: Ceruledge|59/100|[from] Grassy Terrain
|upkeep
|turn|15
|
|t:|1778508392
|move|p1a: Ceruledge|Bitter Blade|p2a: Corviknight
|-supereffective|p2a: Corviknight
|-damage|p2a: Corviknight|0 fnt
|-heal|p1a: Ceruledge|100/100|[from] drain|[of] p2a: Corviknight
|faint|p2a: Corviknight
|-damage|p1a: Ceruledge|91/100|[from] item: Life Orb
|
|-heal|p1a: Ceruledge|97/100|[from] Grassy Terrain
|upkeep
|
|t:|1778508399
|switch|p2a: Kingambit|Kingambit, M|100/100
|-activate|p2a: Kingambit|ability: Supreme Overlord
|-start|p2a: Kingambit|fallen2|[silent]
|turn|16
|
|t:|1778508410
|switch|p1a: Hawlucha|Hawlucha, M|100/100
|-enditem|p1a: Hawlucha|Grassy Seed
|-boost|p1a: Hawlucha|def|1|[from] item: Grassy Seed
|move|p2a: Kingambit|Kowtow Cleave|p1a: Hawlucha
|-resisted|p1a: Hawlucha
|-damage|p1a: Hawlucha|72/100
|
|upkeep
|turn|17
|
|t:|1778508419
|-end|p2a: Kingambit|fallen2|[silent]
|switch|p2a: Zapdos|Zapdos|32/100
|move|p1a: Hawlucha|Swords Dance|p1a: Hawlucha
|-boost|p1a: Hawlucha|atk|2
|
|upkeep
|turn|18
|
|t:|1778508423
|move|p1a: Hawlucha|Acrobatics|p2a: Zapdos
|-resisted|p2a: Zapdos
|-damage|p2a: Zapdos|0 fnt
|faint|p2a: Zapdos
|
|upkeep
|-message|jasperthedog forfeited.
|
|win|ur doggo
|raw|ur doggo's rating: 1487 &rarr; <strong>1512</strong><br />(+25 for winning)
|raw|jasperthedog's rating: 1571 &rarr; <strong>1546</strong><br />(-25 for losing)
|l|☆jasperthedog
|player|p2|
|l|☆ur doggo
|player|p1|
