|html|<div class="broadcast-blue"><strong>[Gen 9] OU is currently suspecting Tera Blast! For information on how to participate check out the <a href="https://www.smogon.com/tools/suspects/view/200">suspect thread</a>.</strong></div>
|j|☆tanloke26
|j|☆voxeropro
|t:|1776076542
|gametype|singles
|player|p1|tanloke26|266|1084
|player|p2|voxeropro|norman|1121
|gen|9
|tier|[Gen 9] OU
|rated|
|rule|HP Percentage Mod: HP is shown in percentages
|rule|Endless Battle Clause: Forcing endless battles is banned
|rule|Species Clause: Limit one of each Pokémon
|rule|OHKO Clause: OHKO moves are banned
|rule|Evasion Items Clause: Evasion items are banned
|rule|Evasion Moves Clause: Evasion moves are banned
|rule|Evasion Abilities Clause: Evasion abilities are banned
|rule|Sleep Moves Clause: Sleep-inducing moves are banned
|clearpoke
|poke|p1|Zamazenta-*|
|poke|p1|Ogerpon-Wellspring, F|
|poke|p1|Dragapult, M|
|poke|p1|Raging Bolt|
|poke|p1|Moltres|
|poke|p1|Iron Treads|
|poke|p2|Scrafty, F|
|poke|p2|Gallade, M|
|poke|p2|Grimmsnarl, M|
|poke|p2|Grafaiai, M|
|poke|p2|Braviary-Hisui, M|
|poke|p2|Salazzle, F|
|teampreview
|
|t:|1776076563
|teamsize|p1|6
|teamsize|p2|6
|start
|switch|p1a: Moltres|Moltres|100/100
|switch|p2a: Scrafty|Scrafty, F|100/100
|-ability|p2a: Scrafty|Intimidate|boost
|-unboost|p1a: Moltres|atk|1
|turn|1
|
|t:|1776076576
|move|p1a: Moltres|Roost||[still]
|-fail|p1a: Moltres|heal
|move|p2a: Scrafty|Knock Off|p1a: Moltres
|-damage|p1a: Moltres|68/100
|-enditem|p1a: Moltres|Heavy-Duty Boots|[from] move: Knock Off|[of] p2a: Scrafty
|
|upkeep
|turn|2
|
|t:|1776076585
|move|p1a: Moltres|Roost|p1a: Moltres
|-heal|p1a: Moltres|100/100
|-singleturn|p1a: Moltres|move: Roost
|move|p2a: Scrafty|Bulk Up|p2a: Scrafty
|-boost|p2a: Scrafty|atk|1
|-boost|p2a: Scrafty|def|1
|
|upkeep
|turn|3
|inactive|Battle timer is ON: inactive players will automatically lose when time's up. (requested by tanloke26)
|
|t:|1776076593
|move|p1a: Moltres|Flamethrower|p2a: Scrafty
|-damage|p2a: Scrafty|66/100
|move|p2a: Scrafty|Bulk Up|p2a: Scrafty
|-boost|p2a: Scrafty|atk|1
|-boost|p2a: Scrafty|def|1
|
|-heal|p2a: Scrafty|72/100|[from] item: Leftovers
|upkeep
|turn|4
|
|t:|1776076606
|switch|p1a: Zamazenta|Zamazenta|100/100
|-ability|p1a: Zamazenta|Dauntless Shield|boost
|-boost|p1a: Zamazenta|def|1
|move|p2a: Scrafty|Drain Punch|p1a: Zamazenta
|-damage|p1a: Zamazenta|72/100
|-heal|p2a: Scrafty|90/100|[from] drain|[of] p1a: Zamazenta
|
|-heal|p1a: Zamazenta|78/100|[from] item: Leftovers
|-heal|p2a: Scrafty|96/100|[from] item: Leftovers
|upkeep
|turn|5
|
|t:|1776076617
|move|p1a: Zamazenta|Body Press|p2a: Scrafty
|-supereffective|p2a: Scrafty
|-damage|p2a: Scrafty|49/100
|move|p2a: Scrafty|Knock Off|p1a: Zamazenta
|-resisted|p1a: Zamazenta
|-damage|p1a: Zamazenta|61/100
|-enditem|p1a: Zamazenta|Leftovers|[from] move: Knock Off|[of] p2a: Scrafty
|
|-heal|p2a: Scrafty|55/100|[from] item: Leftovers
|upkeep
|turn|6
|
|t:|1776076625
|move|p1a: Zamazenta|Body Press|p2a: Scrafty
|-supereffective|p2a: Scrafty
|-damage|p2a: Scrafty|12/100
|move|p2a: Scrafty|Drain Punch|p1a: Zamazenta
|-damage|p1a: Zamazenta|32/100
|-heal|p2a: Scrafty|30/100|[from] drain|[of] p1a: Zamazenta
|
|-heal|p2a: Scrafty|36/100|[from] item: Leftovers
|upkeep
|turn|7
|
|t:|1776076639
|move|p1a: Zamazenta|Body Press|p2a: Scrafty
|-supereffective|p2a: Scrafty
|-damage|p2a: Scrafty|0 fnt
|faint|p2a: Scrafty
|
|upkeep
|
|t:|1776076650
|switch|p2a: Grimmsnarl|Grimmsnarl, M, shiny|100/100
|turn|8
|
|t:|1776076670
|move|p2a: Grimmsnarl|Reflect|p2a: Grimmsnarl
|-sidestart|p2: voxeropro|Reflect
|move|p1a: Zamazenta|Heavy Slam|p2a: Grimmsnarl
|-supereffective|p2a: Grimmsnarl
|-damage|p2a: Grimmsnarl|78/100
|
|upkeep
|turn|9
|
|t:|1776076685
|switch|p1a: Dragapult|Dragapult, M|100/100
|move|p2a: Grimmsnarl|Spirit Break|p1a: Dragapult
|-supereffective|p1a: Dragapult
|-damage|p1a: Dragapult|5/100
|
|upkeep
|turn|10
|inactive|voxeropro has 120 seconds left.
|
|t:|1776076720
|move|p2a: Grimmsnarl|Sucker Punch|p1a: Dragapult
|-supereffective|p1a: Dragapult
|-crit|p1a: Dragapult
|-damage|p1a: Dragapult|0 fnt
|faint|p1a: Dragapult
|
|upkeep
|
|t:|1776076726
|switch|p1a: Raging Bolt|Raging Bolt|100/100
|turn|11
|inactive|voxeropro has 120 seconds left.
|
|t:|1776076751
|-end|p1a: Raging Bolt|Protosynthesis|[silent]
|switch|p1a: Iron Treads|Iron Treads|100/100
|move|p2a: Grimmsnarl|Light Screen|p2a: Grimmsnarl
|-sidestart|p2: voxeropro|move: Light Screen
|
|upkeep
|turn|12
|inactive|voxeropro has 120 seconds left.
|
|t:|1776076769
|switch|p2a: Braviary|Braviary-Hisui, M, shiny|100/100
|move|p1a: Iron Treads|Earthquake|p2a: Braviary
|-immune|p2a: Braviary
|
|upkeep
|turn|13
|
|t:|1776076779
|move|p1a: Iron Treads|Knock Off|p2a: Braviary
|-supereffective|p2a: Braviary
|-damage|p2a: Braviary|72/100
|-enditem|p2a: Braviary|Life Orb|[from] move: Knock Off|[of] p1a: Iron Treads
|move|p2a: Braviary|Heat Wave|p1a: Iron Treads|[miss]
|-miss|p2a: Braviary|p1a: Iron Treads
|
|upkeep
|turn|14
|inactive|voxeropro has 120 seconds left.
|
|t:|1776076787
|move|p1a: Iron Treads|Knock Off|p2a: Braviary
|-supereffective|p2a: Braviary
|-damage|p2a: Braviary|53/100
|move|p2a: Braviary|Heat Wave|p1a: Iron Treads
|-supereffective|p1a: Iron Treads
|-damage|p1a: Iron Treads|0 fnt
|faint|p1a: Iron Treads
|-end|p1a: Iron Treads|Quark Drive|[silent]
|
|upkeep
|
|t:|1776076796
|switch|p1a: Ogerpon|Ogerpon-Wellspring, F|100/100
|turn|15
|inactive|voxeropro has 120 seconds left.
|
|t:|1776076812
|move|p1a: Ogerpon|Knock Off|p2a: Braviary
|-supereffective|p2a: Braviary
|-damage|p2a: Braviary|25/100
|move|p2a: Braviary|Esper Wing|p1a: Ogerpon
|-crit|p1a: Ogerpon
|-damage|p1a: Ogerpon|4/100
|
|-sideend|p2: voxeropro|Reflect
|upkeep
|turn|16
|inactive|voxeropro has 120 seconds left.
|
|t:|1776076826
|move|p1a: Ogerpon|Knock Off|p2a: Braviary
|-supereffective|p2a: Braviary
|-damage|p2a: Braviary|0 fnt
|faint|p2a: Braviary
|
|upkeep
|
|t:|1776076829
|switch|p2a: Grimmsnarl|Grimmsnarl, M, shiny|78/100
|turn|17
|
|t:|1776076836
|switch|p1a: Raging Bolt|Raging Bolt|100/100
|move|p2a: Grimmsnarl|Sucker Punch||[still]
|-fail|p2a: Grimmsnarl
|
|upkeep
|turn|18
|
|t:|1776076843
|move|p1a: Raging Bolt|Thunderclap||[still]
|-fail|p1a: Raging Bolt
|move|p2a: Grimmsnarl|Reflect|p2a: Grimmsnarl
|-sidestart|p2: voxeropro|Reflect
|
|-sideend|p2: voxeropro|move: Light Screen
|upkeep
|turn|19
|
|t:|1776076850
|move|p1a: Raging Bolt|Thunderclap||[still]
|-fail|p1a: Raging Bolt
|move|p2a: Grimmsnarl|Light Screen|p2a: Grimmsnarl
|-sidestart|p2: voxeropro|move: Light Screen
|
|upkeep
|turn|20
|
|t:|1776076858
|switch|p2a: Grafaiai|Grafaiai, M|100/100
|move|p1a: Raging Bolt|Thunderclap||[still]
|-fail|p1a: Raging Bolt
|
|upkeep
|turn|21
|
|t:|1776076864
|move|p2a: Grafaiai|Swagger|p1a: Raging Bolt|[miss]
|-miss|p2a: Grafaiai|p1a: Raging Bolt
|move|p1a: Raging Bolt|Thunderbolt|p2a: Grafaiai
|-damage|p2a: Grafaiai|63/100
|
|upkeep
|turn|22
|
|t:|1776076870
|move|p1a: Raging Bolt|Thunderclap||[still]
|-fail|p1a: Raging Bolt
|move|p2a: Grafaiai|Swagger|p1a: Raging Bolt
|-boost|p1a: Raging Bolt|atk|2
|-start|p1a: Raging Bolt|confusion
|-enditem|p2a: Grafaiai|Mirror Herb
|-boost|p2a: Grafaiai|atk|2|[from] item: Mirror Herb
|
|upkeep
|turn|23
|
|t:|1776076886
|move|p2a: Grafaiai|Thief|p1a: Raging Bolt
|-damage|p1a: Raging Bolt|69/100
|-enditem|p1a: Raging Bolt|Leftovers|[silent]|[from] move: Thief|[of] p2a: Grafaiai
|-item|p2a: Grafaiai|Leftovers|[from] move: Thief|[of] p1a: Raging Bolt
|-activate|p1a: Raging Bolt|confusion
|move|p1a: Raging Bolt|Thunderbolt|p2a: Grafaiai
|-damage|p2a: Grafaiai|20/100
|
|-heal|p2a: Grafaiai|26/100|[from] item: Leftovers
|upkeep
|turn|24
|
|t:|1776076896
|move|p2a: Grafaiai|Poison Jab|p1a: Raging Bolt
|-damage|p1a: Raging Bolt|12/100
|-end|p1a: Raging Bolt|confusion
|move|p1a: Raging Bolt|Thunderbolt|p2a: Grafaiai
|-damage|p2a: Grafaiai|0 fnt
|faint|p2a: Grafaiai
|
|upkeep
|
|t:|1776076903
|switch|p2a: Grimmsnarl|Grimmsnarl, M, shiny|78/100
|turn|25
|
|t:|1776076910
|move|p1a: Raging Bolt|Thunderbolt|p2a: Grimmsnarl
|-damage|p2a: Grimmsnarl|53/100
|move|p2a: Grimmsnarl|Spirit Break|p1a: Raging Bolt
|-supereffective|p1a: Raging Bolt
|-damage|p1a: Raging Bolt|0 fnt
|faint|p1a: Raging Bolt
|-end|p1a: Raging Bolt|Protosynthesis|[silent]
|
|-sideend|p2: voxeropro|Reflect
|upkeep
|
|t:|1776076921
|switch|p1a: Moltres|Moltres|100/100
|turn|26
|
|t:|1776076935
|move|p2a: Grimmsnarl|Reflect|p2a: Grimmsnarl
|-sidestart|p2: voxeropro|Reflect
|move|p1a: Moltres|Flamethrower|p2a: Grimmsnarl
|-damage|p2a: Grimmsnarl|36/100
|
|-sideend|p2: voxeropro|move: Light Screen
|upkeep
|turn|27
|
|t:|1776076948
|move|p2a: Grimmsnarl|Light Screen|p2a: Grimmsnarl
|-sidestart|p2: voxeropro|move: Light Screen
|move|p1a: Moltres|Roost||[still]
|-fail|p1a: Moltres|heal
|
|upkeep
|turn|28
|
|t:|1776076953
|move|p2a: Grimmsnarl|Sucker Punch|p1a: Moltres
|-damage|p1a: Moltres|74/100
|move|p1a: Moltres|Flamethrower|p2a: Grimmsnarl
|-damage|p2a: Grimmsnarl|16/100
|-status|p2a: Grimmsnarl|brn
|
|-damage|p2a: Grimmsnarl|10/100 brn|[from] brn
|upkeep
|turn|29
|
|t:|1776076963
|move|p1a: Moltres|U-turn|p2a: Grimmsnarl
|-damage|p2a: Grimmsnarl|3/100 brn
|
|t:|1776076966
|switch|p1a: Zamazenta|Zamazenta|32/100|[from] U-turn
|move|p2a: Grimmsnarl|Spirit Break|p1a: Zamazenta
|-supereffective|p1a: Zamazenta
|-damage|p1a: Zamazenta|6/100
|-unboost|p1a: Zamazenta|spa|1
|
|-damage|p2a: Grimmsnarl|0 fnt|[from] brn
|faint|p2a: Grimmsnarl
|upkeep
|
|t:|1776076976
|switch|p2a: Gallade|Gallade, M, shiny|100/100
|turn|30
|
|t:|1776076985
|move|p1a: Zamazenta|Heavy Slam|p2a: Gallade
|-damage|p2a: Gallade|81/100
|move|p2a: Gallade|Sacred Sword|p1a: Zamazenta
|-damage|p1a: Zamazenta|0 fnt
|faint|p1a: Zamazenta
|
|upkeep
|
|t:|1776076994
|switch|p1a: Moltres|Moltres|74/100
|turn|31
|
|t:|1776077000
|move|p2a: Gallade|Aqua Cutter|p1a: Moltres
|-supereffective|p1a: Moltres
|-crit|p1a: Moltres
|-damage|p1a: Moltres|0 fnt
|faint|p1a: Moltres
|
|upkeep
|-message|tanloke26 forfeited.
|
|win|voxeropro
|raw|tanloke26's rating: 1084 &rarr; <strong>1064</strong><br />(-20 for losing)
|raw|voxeropro's rating: 1121 &rarr; <strong>1143</strong><br />(+22 for winning)
|l|☆tanloke26
|player|p1|
|l|☆voxeropro
|player|p2|
