|html|<div class="broadcast-blue"><strong>[Gen 9] OU is currently suspecting Tera Blast! For information on how to participate check out the <a href="https://www.smogon.com/tools/suspects/view/200">suspect thread</a>.</strong></div>
|j|☆PHNTMXD
|j|☆seahorse_shoe
|t:|1776048875
|gametype|singles
|player|p1|PHNTMXD|janine|1119
|player|p2|seahorse_shoe|madame|1083
|gen|9
|tier|[Gen 9] OU
|rated|
|rule|HP Percentage Mod: HP is shown in percentages
|rule|Endless Battle Clause: Forcing endless battles is banned
|rule|Species Clause: Limit one of each Pokémon
|rule|OHKO Clause: OHKO moves are banned
|rule|Evasion Items Clause: Evasion items are banned
|rule|Evasion Moves Clause: Evasion moves are banned
|rule|Evasion Abilities Clause: Evasion abilities are banned
|rule|Sleep Moves Clause: Sleep-inducing moves are banned
|clearpoke
|poke|p1|Pelipper, M|
|poke|p1|Talonflame, M|
|poke|p1|Iron Treads|
|poke|p1|Inteleon, F|
|poke|p1|Electivire, M|
|poke|p1|Gholdengo|
|poke|p2|Golem-Alola, M|
|poke|p2|Lycanroc-Dusk, F|
|poke|p2|Sudowoodo, F|
|poke|p2|Rhydon, M|
|poke|p2|Coalossal, M|
|poke|p2|Carbink|
|teampreview
|
|t:|1776048888
|teamsize|p1|6
|teamsize|p2|6
|start
|switch|p1a: Iron Treads|Iron Treads|100/100
|switch|p2a: Golem|Golem-Alola, M|100/100
|-enditem|p1a: Iron Treads|Booster Energy
|-activate|p1a: Iron Treads|ability: Quark Drive|[fromitem]
|-start|p1a: Iron Treads|quarkdrivespe
|turn|1
|inactive|Battle timer is ON: inactive players will automatically lose when time's up. (requested by PHNTMXD)
|
|t:|1776048899
|-terastallize|p2a: Golem|Flying
|move|p1a: Iron Treads|Earthquake|p2a: Golem
|-immune|p2a: Golem
|move|p2a: Golem|Body Press|p1a: Iron Treads
|-supereffective|p1a: Iron Treads
|-damage|p1a: Iron Treads|57/100
|
|upkeep
|turn|2
|
|t:|1776048910
|move|p1a: Iron Treads|Volt Switch|p2a: Golem
|-supereffective|p2a: Golem
|-damage|p2a: Golem|75/100
|
|t:|1776048916
|-end|p1a: Iron Treads|Quark Drive|[silent]
|switch|p1a: Pelipper|Pelipper, M|100/100|[from] Volt Switch
|-weather|RainDance|[from] ability: Drizzle|[of] p1a: Pelipper
|move|p2a: Golem|Earthquake|p1a: Pelipper
|-immune|p1a: Pelipper
|
|-weather|RainDance|[upkeep]
|upkeep
|turn|3
|
|t:|1776048923
|switch|p1a: Electivire|Electivire, M|100/100
|-item|p1a: Electivire|Air Balloon
|move|p2a: Golem|Double-Edge|p1a: Electivire
|-ability|p1a: Electivire|Motor Drive|boost
|-boost|p1a: Electivire|spe|1
|
|-weather|RainDance|[upkeep]
|upkeep
|turn|4
|
|t:|1776048933
|switch|p2a: Rhydon|Rhydon, M|100/100
|move|p1a: Electivire|Supercell Slam|p2a: Rhydon
|-ability|p2a: Rhydon|Lightning Rod|boost
|-boost|p2a: Rhydon|spa|1
|-damage|p1a: Electivire|51/100|[from] supercellslam
|
|-weather|RainDance|[upkeep]
|upkeep
|turn|5
|
|t:|1776048946
|move|p1a: Electivire|Bulk Up|p1a: Electivire
|-boost|p1a: Electivire|atk|1
|-boost|p1a: Electivire|def|1
|move|p2a: Rhydon|Sandstorm|p2a: Rhydon
|-weather|Sandstorm
|
|-weather|Sandstorm|[upkeep]
|-damage|p1a: Electivire|44/100|[from] Sandstorm
|upkeep
|turn|6
|
|t:|1776048957
|-terastallize|p1a: Electivire|Ground
|move|p1a: Electivire|Earthquake|p2a: Rhydon
|-supereffective|p2a: Rhydon
|-damage|p2a: Rhydon|17/100
|move|p2a: Rhydon|Stealth Rock|p1a: Electivire
|-sidestart|p1: PHNTMXD|move: Stealth Rock
|
|-weather|Sandstorm|[upkeep]
|upkeep
|turn|7
|
|t:|1776048970
|switch|p2a: Golem|Golem-Alola, M, tera:Flying|75/100
|move|p1a: Electivire|Earthquake|p2a: Golem
|-immune|p2a: Golem
|
|-weather|Sandstorm|[upkeep]
|-damage|p2a: Golem|69/100|[from] Sandstorm
|upkeep
|turn|8
|
|t:|1776048987
|switch|p2a: Rhydon|Rhydon, M|17/100
|move|p1a: Electivire|Supercell Slam|p2a: Rhydon
|-ability|p2a: Rhydon|Lightning Rod|boost
|-boost|p2a: Rhydon|spa|1
|-damage|p1a: Electivire|0 fnt|[from] supercellslam
|faint|p1a: Electivire
|
|-weather|Sandstorm|[upkeep]
|upkeep
|-message|PHNTMXD forfeited.
|
|win|seahorse_shoe
|raw|PHNTMXD's rating: 1119 &rarr; <strong>1091</strong><br />(-28 for losing)
|raw|seahorse_shoe's rating: 1083 &rarr; <strong>1113</strong><br />(+30 for winning)
|l|☆PHNTMXD
|player|p1|
|l|☆seahorse_shoe
|player|p2|
