|html|<div class="broadcast-blue"><strong>[Gen 9] OU is currently suspecting Tera Blast! For information on how to participate check out the <a href="https://www.smogon.com/tools/suspects/view/200">suspect thread</a>.</strong></div>
|j|☆whatisherm3l0n
|j|☆rowlet13tb
|t:|1776061196
|gametype|singles
|player|p1|whatisherm3l0n|acetrainer-gen4dp|1308
|player|p2|rowlet13tb|alder|1269
|gen|9
|tier|[Gen 9] OU
|rated|
|rule|HP Percentage Mod: HP is shown in percentages
|rule|Endless Battle Clause: Forcing endless battles is banned
|rule|Species Clause: Limit one of each Pokémon
|rule|OHKO Clause: OHKO moves are banned
|rule|Evasion Items Clause: Evasion items are banned
|rule|Evasion Moves Clause: Evasion moves are banned
|rule|Evasion Abilities Clause: Evasion abilities are banned
|rule|Sleep Moves Clause: Sleep-inducing moves are banned
|clearpoke
|poke|p1|Pelipper, F|
|poke|p1|Manaphy|
|poke|p1|Bruxish, F|
|poke|p1|Overqwil, F|
|poke|p1|Iron Treads|
|poke|p1|Raging Bolt|
|poke|p2|Alcremie, F|
|poke|p2|Great Tusk|
|poke|p2|Sinistcha-Masterpiece|
|poke|p2|Greninja-*, M|
|poke|p2|Talonflame, F|
|poke|p2|Scizor, F|
|teampreview
|
|t:|1776061215
|teamsize|p1|6
|teamsize|p2|6
|start
|switch|p1a: Iron Treads|Iron Treads, shiny|100/100
|switch|p2a: Sinistcha|Sinistcha-Masterpiece|100/100
|-enditem|p1a: Iron Treads|Booster Energy
|-activate|p1a: Iron Treads|ability: Quark Drive|[fromitem]
|-start|p1a: Iron Treads|quarkdrivespe
|turn|1
|
|t:|1776061223
|move|p1a: Iron Treads|Knock Off|p2a: Sinistcha
|-supereffective|p2a: Sinistcha
|-damage|p2a: Sinistcha|53/100
|-enditem|p2a: Sinistcha|Leftovers|[from] move: Knock Off|[of] p1a: Iron Treads
|move|p2a: Sinistcha|Calm Mind|p2a: Sinistcha
|-boost|p2a: Sinistcha|spa|1
|-boost|p2a: Sinistcha|spd|1
|
|upkeep
|turn|2
|
|t:|1776061233
|move|p1a: Iron Treads|Knock Off|p2a: Sinistcha
|-supereffective|p2a: Sinistcha
|-crit|p2a: Sinistcha
|-damage|p2a: Sinistcha|8/100
|move|p2a: Sinistcha|Strength Sap|p1a: Iron Treads
|-unboost|p1a: Iron Treads|atk|1
|-heal|p2a: Sinistcha|83/100
|
|upkeep
|turn|3
|
|t:|1776061252
|-end|p1a: Iron Treads|Quark Drive|[silent]
|switch|p1a: Dr. Pelipper|Pelipper, F, shiny|100/100
|-weather|RainDance|[from] ability: Drizzle|[of] p1a: Dr. Pelipper
|move|p2a: Sinistcha|Calm Mind|p2a: Sinistcha
|-boost|p2a: Sinistcha|spa|1
|-boost|p2a: Sinistcha|spd|1
|
|-weather|RainDance|[upkeep]
|upkeep
|turn|4
|
|t:|1776061265
|move|p2a: Sinistcha|Matcha Gotcha|p1a: Dr. Pelipper
|-damage|p1a: Dr. Pelipper|0 fnt
|-heal|p2a: Sinistcha|100/100|[from] drain|[of] p1a: Dr. Pelipper
|faint|p1a: Dr. Pelipper
|
|-weather|RainDance|[upkeep]
|upkeep
|
|t:|1776061279
|switch|p1a: Iron Treads|Iron Treads, shiny|100/100
|turn|5
|
|t:|1776061283
|move|p1a: Iron Treads|Knock Off|p2a: Sinistcha
|-supereffective|p2a: Sinistcha
|-damage|p2a: Sinistcha|70/100
|move|p2a: Sinistcha|Calm Mind|p2a: Sinistcha
|-boost|p2a: Sinistcha|spa|1
|-boost|p2a: Sinistcha|spd|1
|
|-weather|RainDance|[upkeep]
|upkeep
|turn|6
|
|t:|1776061292
|move|p1a: Iron Treads|Knock Off|p2a: Sinistcha
|-supereffective|p2a: Sinistcha
|-damage|p2a: Sinistcha|39/100
|move|p2a: Sinistcha|Strength Sap|p1a: Iron Treads
|-unboost|p1a: Iron Treads|atk|1
|-heal|p2a: Sinistcha|100/100
|
|-weather|RainDance|[upkeep]
|upkeep
|turn|7
|
|t:|1776061302
|-end|p1a: Iron Treads|Quark Drive|[silent]
|switch|p1a: Overqwil|Overqwil, F, shiny|100/100
|move|p2a: Sinistcha|Matcha Gotcha|p1a: Overqwil
|-resisted|p1a: Overqwil
|-damage|p1a: Overqwil|15/100
|
|-weather|RainDance|[upkeep]
|upkeep
|turn|8
|
|t:|1776061313
|move|p1a: Overqwil|Crunch|p2a: Sinistcha
|-supereffective|p2a: Sinistcha
|-damage|p2a: Sinistcha|6/100
|-damage|p1a: Overqwil|5/100|[from] item: Life Orb
|move|p2a: Sinistcha|Shadow Ball|p1a: Overqwil
|-resisted|p1a: Overqwil
|-damage|p1a: Overqwil|0 fnt
|faint|p1a: Overqwil
|
|-weather|RainDance|[upkeep]
|upkeep
|
|t:|1776061323
|switch|p1a: Bruxish|Bruxish, F, shiny|100/100
|turn|9
|
|t:|1776061327
|move|p1a: Bruxish|Aqua Jet|p2a: Sinistcha
|-resisted|p2a: Sinistcha
|-damage|p2a: Sinistcha|0 fnt
|faint|p2a: Sinistcha
|
|-weather|RainDance|[upkeep]
|upkeep
|
|t:|1776061335
|switch|p2a: Greninja|Greninja, M|100/100
|turn|10
|
|t:|1776061341
|switch|p1a: Manaphy|Manaphy, shiny|100/100
|move|p2a: Greninja|Dark Pulse|p1a: Manaphy
|-damage|p1a: Manaphy|51/100
|-damage|p2a: Greninja|91/100|[from] item: Life Orb
|
|-weather|none
|upkeep
|turn|11
|
|t:|1776061354
|-terastallize|p1a: Manaphy|Grass
|move|p2a: Greninja|Dark Pulse|p1a: Manaphy
|-damage|p1a: Manaphy|7/100
|-damage|p2a: Greninja|81/100|[from] item: Life Orb
|move|p1a: Manaphy|Energy Ball|p2a: Greninja
|-supereffective|p2a: Greninja
|-damage|p2a: Greninja|0 fnt
|faint|p2a: Greninja
|
|upkeep
|
|t:|1776061366
|switch|p2a: Scizor|Scizor, F|100/100
|turn|12
|
|t:|1776061380
|switch|p1a: Bruxish|Bruxish, F, shiny|100/100
|move|p2a: Scizor|Curse|p2a: Scizor
|-unboost|p2a: Scizor|spe|1
|-boost|p2a: Scizor|atk|1
|-boost|p2a: Scizor|def|1
|
|upkeep
|turn|13
|
|t:|1776061390
|move|p1a: Bruxish|Wave Crash|p2a: Scizor
|-damage|p2a: Scizor|66/100
|-damage|p1a: Bruxish|86/100|[from] Recoil
|move|p2a: Scizor|Bug Bite|p1a: Bruxish
|-supereffective|p1a: Bruxish
|-damage|p1a: Bruxish|0 fnt
|faint|p1a: Bruxish
|
|upkeep
|
|t:|1776061398
|switch|p1a: Raging Bolt|Raging Bolt|100/100
|-enditem|p1a: Raging Bolt|Booster Energy
|-activate|p1a: Raging Bolt|ability: Protosynthesis|[fromitem]
|-start|p1a: Raging Bolt|protosynthesisspa
|turn|14
|
|t:|1776061408
|move|p2a: Scizor|Bullet Punch|p1a: Raging Bolt
|-resisted|p1a: Raging Bolt
|-damage|p1a: Raging Bolt|80/100
|move|p1a: Raging Bolt|Thunderbolt|p2a: Scizor
|-damage|p2a: Scizor|0 fnt
|faint|p2a: Scizor
|
|upkeep
|
|t:|1776061416
|switch|p2a: Great Tusk|Great Tusk|100/100
|turn|15
|
|t:|1776061423
|move|p1a: Raging Bolt|Dragon Pulse|p2a: Great Tusk
|-damage|p2a: Great Tusk|18/100
|move|p2a: Great Tusk|Rapid Spin|p1a: Raging Bolt
|-damage|p1a: Raging Bolt|62/100
|-boost|p2a: Great Tusk|spe|1
|
|-heal|p2a: Great Tusk|24/100|[from] item: Leftovers
|upkeep
|turn|16
|
|t:|1776061434
|move|p2a: Great Tusk|Ice Spinner|p1a: Raging Bolt
|-supereffective|p1a: Raging Bolt
|-damage|p1a: Raging Bolt|7/100
|move|p1a: Raging Bolt|Dragon Pulse|p2a: Great Tusk
|-damage|p2a: Great Tusk|0 fnt
|faint|p2a: Great Tusk
|-end|p2a: Great Tusk|Protosynthesis|[silent]
|
|upkeep
|
|t:|1776061443
|switch|p2a: Talonflame|Talonflame, F|100/100
|turn|17
|
|t:|1776061450
|move|p2a: Talonflame|Brave Bird|p1a: Raging Bolt
|-resisted|p1a: Raging Bolt
|-damage|p1a: Raging Bolt|0 fnt
|faint|p1a: Raging Bolt
|-end|p1a: Raging Bolt|Protosynthesis|[silent]
|-damage|p2a: Talonflame|97/100|[from] Recoil
|
|upkeep
|
|t:|1776061460
|switch|p1a: Iron Treads|Iron Treads, shiny|100/100
|turn|18
|
|t:|1776061466
|move|p2a: Talonflame|Flare Blitz|p1a: Iron Treads
|-supereffective|p1a: Iron Treads
|-damage|p1a: Iron Treads|12/100
|-damage|p2a: Talonflame|60/100|[from] Recoil
|move|p1a: Iron Treads|Knock Off|p2a: Talonflame
|-damage|p2a: Talonflame|25/100
|-enditem|p2a: Talonflame|Muscle Band|[from] move: Knock Off|[of] p1a: Iron Treads
|
|upkeep
|turn|19
|
|t:|1776061478
|move|p2a: Talonflame|Flare Blitz|p1a: Iron Treads
|-supereffective|p1a: Iron Treads
|-damage|p1a: Iron Treads|0 fnt
|faint|p1a: Iron Treads
|-end|p1a: Iron Treads|Quark Drive|[silent]
|-damage|p2a: Talonflame|20/100|[from] Recoil
|
|upkeep
|
|t:|1776061483
|switch|p1a: Manaphy|Manaphy, shiny, tera:Grass|7/100
|turn|20
|
|t:|1776061487
|move|p2a: Talonflame|Brave Bird|p1a: Manaphy
|-supereffective|p1a: Manaphy
|-damage|p1a: Manaphy|0 fnt
|faint|p1a: Manaphy
|-damage|p2a: Talonflame|18/100|[from] Recoil
|
|win|rowlet13tb
|raw|whatisherm3l0n's rating: 1308 &rarr; <strong>1286</strong><br />(-22 for losing)
|raw|rowlet13tb's rating: 1269 &rarr; <strong>1297</strong><br />(+28 for winning)
|c|☆whatisherm3l0n|gg
|l|☆rowlet13tb
|player|p2|
|l|☆whatisherm3l0n
|player|p1|
