|html|<div class="broadcast-blue"><strong>[Gen 9] OU is currently suspecting Tera Blast! For information on how to participate check out the <a href="https://www.smogon.com/tools/suspects/view/200">suspect thread</a>.</strong></div>
|j|☆ssjemeraldgr
|j|☆cooltrainerdaniel
|t:|1776058505
|gametype|singles
|player|p1|ssjemeraldgr|palmer|1115
|player|p2|cooltrainerdaniel|101|1102
|gen|9
|tier|[Gen 9] OU
|rated|
|rule|HP Percentage Mod: HP is shown in percentages
|rule|Endless Battle Clause: Forcing endless battles is banned
|rule|Species Clause: Limit one of each Pokémon
|rule|OHKO Clause: OHKO moves are banned
|rule|Evasion Items Clause: Evasion items are banned
|rule|Evasion Moves Clause: Evasion moves are banned
|rule|Evasion Abilities Clause: Evasion abilities are banned
|rule|Sleep Moves Clause: Sleep-inducing moves are banned
|clearpoke
|poke|p1|Cinderace, F|
|poke|p1|Latias, F|
|poke|p1|Garganacl, F|
|poke|p1|Glimmora, F|
|poke|p1|Donphan, M|
|poke|p1|Kommo-o, M|
|poke|p2|Donphan, F|
|poke|p2|Weavile, M|
|poke|p2|Gengar, M|
|poke|p2|Entei|
|poke|p2|Meowscarada, M|
|poke|p2|Ninetales-Alola, M|
|teampreview
|inactive|Battle timer is ON: inactive players will automatically lose when time's up. (requested by ssjemeraldgr)
|
|t:|1776058523
|teamsize|p1|6
|teamsize|p2|6
|start
|switch|p1a: Cinderace|Cinderace, F|100/100
|switch|p2a: Meowscarada|Meowscarada, M|100/100
|turn|1
|
|t:|1776058532
|move|p1a: Cinderace|Sucker Punch|p2a: Meowscarada
|-start|p1a: Cinderace|typechange|Dark|[from] ability: Libero
|-resisted|p2a: Meowscarada
|-damage|p2a: Meowscarada|78/100
|move|p2a: Meowscarada|U-turn|p1a: Cinderace
|-start|p2a: Meowscarada|typechange|Bug|[from] ability: Protean
|-supereffective|p1a: Cinderace
|-damage|p1a: Cinderace|3/100
|
|t:|1776058545
|switch|p2a: Donphan|Donphan, F|100/100|[from] U-turn
|
|upkeep
|turn|2
|
|t:|1776058549
|move|p1a: Cinderace|U-turn|p2a: Donphan
|-damage|p2a: Donphan|86/100
|-enditem|p2a: Donphan|Red Card|[of] p1a: Cinderace
|drag|p1a: Latias|Latias, F|100/100
|move|p2a: Donphan|Rapid Spin|p1a: Latias
|-damage|p1a: Latias|82/100
|-boost|p2a: Donphan|spe|1
|
|upkeep
|turn|3
|
|t:|1776058564
|switch|p1a: Glimmora|Glimmora, F|100/100
|move|p2a: Donphan|Stealth Rock|p1a: Glimmora
|-sidestart|p1: ssjemeraldgr|move: Stealth Rock
|
|upkeep
|turn|4
|
|t:|1776058571
|move|p1a: Glimmora|Stealth Rock|p2a: Donphan
|-sidestart|p2: cooltrainerdaniel|move: Stealth Rock
|move|p2a: Donphan|Earthquake|p1a: Glimmora
|-supereffective|p1a: Glimmora
|-enditem|p1a: Glimmora|Focus Sash
|-damage|p1a: Glimmora|1/100
|-activate|p1a: Glimmora|ability: Toxic Debris
|-sidestart|p2: cooltrainerdaniel|move: Toxic Spikes
|
|upkeep
|turn|5
|
|t:|1776058576
|move|p1a: Glimmora|Toxic|p2a: Donphan
|-status|p2a: Donphan|tox
|move|p2a: Donphan|Rapid Spin|p1a: Glimmora
|-resisted|p1a: Glimmora
|-damage|p1a: Glimmora|0 fnt
|-boost|p2a: Donphan|spe|1
|-activate|p1a: Glimmora|ability: Toxic Debris
|-sidestart|p2: cooltrainerdaniel|move: Toxic Spikes
|-sideend|p2: cooltrainerdaniel|Toxic Spikes|[from] move: Rapid Spin|[of] p2a: Donphan
|-sideend|p2: cooltrainerdaniel|Stealth Rock|[from] move: Rapid Spin|[of] p2a: Donphan
|faint|p1a: Glimmora
|
|-damage|p2a: Donphan|80/100 tox|[from] psn
|upkeep
|
|t:|1776058587
|switch|p1a: Kommo-o|Kommo-o, M|100/100
|-damage|p1a: Kommo-o|94/100|[from] Stealth Rock
|turn|6
|
|t:|1776058601
|move|p2a: Donphan|Earthquake|p1a: Kommo-o
|-damage|p1a: Kommo-o|48/100
|move|p1a: Kommo-o|Clangorous Soul|p1a: Kommo-o
|-boost|p1a: Kommo-o|atk|1
|-boost|p1a: Kommo-o|def|1
|-boost|p1a: Kommo-o|spa|1
|-boost|p1a: Kommo-o|spd|1
|-boost|p1a: Kommo-o|spe|1
|-damage|p1a: Kommo-o|15/100
|
|-heal|p1a: Kommo-o|21/100|[from] item: Leftovers
|-damage|p2a: Donphan|68/100 tox|[from] psn
|upkeep
|turn|7
|
|t:|1776058607
|-terastallize|p1a: Kommo-o|Water
|move|p1a: Kommo-o|Tera Blast|p2a: Donphan|[anim] Tera Blast Water
|-supereffective|p2a: Donphan
|-damage|p2a: Donphan|0 fnt
|faint|p2a: Donphan
|
|-heal|p1a: Kommo-o|27/100|[from] item: Leftovers
|upkeep
|
|t:|1776058612
|switch|p2a: Entei|Entei|100/100
|turn|8
|
|t:|1776058617
|move|p2a: Entei|Extreme Speed|p1a: Kommo-o
|-damage|p1a: Kommo-o|13/100
|move|p1a: Kommo-o|Tera Blast|p2a: Entei|[anim] Tera Blast Water
|-supereffective|p2a: Entei
|-damage|p2a: Entei|0 fnt
|faint|p2a: Entei
|
|-heal|p1a: Kommo-o|19/100|[from] item: Leftovers
|upkeep
|
|t:|1776058632
|switch|p2a: Gengar|Gengar, M|100/100
|turn|9
|
|t:|1776058639
|move|p2a: Gengar|Sludge Bomb|p1a: Kommo-o
|-immune|p1a: Kommo-o|[from] ability: Bulletproof
|move|p1a: Kommo-o|Clanging Scales|p2a: Gengar
|-damage|p2a: Gengar|0 fnt
|-start|p1a: Kommo-o|Disable|Clanging Scales|[from] ability: Cursed Body|[of] p2a: Gengar
|faint|p2a: Gengar
|-unboost|p1a: Kommo-o|def|1
|
|-heal|p1a: Kommo-o|26/100|[from] item: Leftovers
|upkeep
|
|t:|1776058649
|switch|p2a: Meowscarada|Meowscarada, M|78/100
|turn|10
|
|t:|1776058654
|move|p1a: Kommo-o|Vacuum Wave|p2a: Meowscarada
|-supereffective|p2a: Meowscarada
|-damage|p2a: Meowscarada|0 fnt
|faint|p2a: Meowscarada
|
|-heal|p1a: Kommo-o|32/100|[from] item: Leftovers
|upkeep
|
|t:|1776058668
|switch|p2a: Ninetales|Ninetales-Alola, M|100/100
|-weather|Snowscape|[from] ability: Snow Warning|[of] p2a: Ninetales
|turn|11
|
|t:|1776058673
|move|p1a: Kommo-o|Vacuum Wave|p2a: Ninetales
|-damage|p2a: Ninetales|71/100
|move|p2a: Ninetales|Moonblast|p1a: Kommo-o
|-damage|p1a: Kommo-o|11/100
|
|-weather|Snowscape|[upkeep]
|-heal|p1a: Kommo-o|18/100|[from] item: Leftovers
|upkeep
|turn|12
|
|t:|1776058681
|move|p2a: Ninetales|Moonblast|p1a: Kommo-o
|-damage|p1a: Kommo-o|0 fnt
|faint|p1a: Kommo-o
|
|-weather|Snowscape|[upkeep]
|upkeep
|
|t:|1776058689
|switch|p1a: Cinderace|Cinderace, F|3/100
|turn|13
|
|t:|1776058696
|move|p2a: Ninetales|Nasty Plot|p2a: Ninetales
|-boost|p2a: Ninetales|spa|2
|move|p1a: Cinderace|Court Change|p1a: Cinderace
|-start|p1a: Cinderace|typechange|Normal|[from] ability: Libero
|-swapsideconditions
|-activate|p1a: Cinderace|move: Court Change
|
|-weather|Snowscape|[upkeep]
|upkeep
|turn|14
|
|t:|1776058706
|move|p2a: Ninetales|Ice Beam|p1a: Cinderace
|-damage|p1a: Cinderace|0 fnt
|faint|p1a: Cinderace
|
|-weather|Snowscape|[upkeep]
|upkeep
|
|t:|1776058709
|switch|p1a: Donphan|Donphan, M|100/100
|turn|15
|c|☆cooltrainerdaniel|That was sick
|
|t:|1776058719
|move|p2a: Ninetales|Moonblast|p1a: Donphan
|-ability|p1a: Donphan|Sturdy
|-damage|p1a: Donphan|1/100
|move|p1a: Donphan|Earthquake|p2a: Ninetales
|-damage|p2a: Ninetales|27/100
|
|-weather|none
|upkeep
|turn|16
|
|t:|1776058726
|move|p2a: Ninetales|Ice Beam|p1a: Donphan
|-supereffective|p1a: Donphan
|-damage|p1a: Donphan|0 fnt
|faint|p1a: Donphan
|
|upkeep
|
|t:|1776058729
|switch|p1a: Latias|Latias, F|82/100
|turn|17
|
|t:|1776058732
|move|p2a: Ninetales|Ice Beam|p1a: Latias
|-supereffective|p1a: Latias
|-damage|p1a: Latias|0 fnt
|faint|p1a: Latias
|
|upkeep
|
|t:|1776058734
|switch|p1a: Garganacl|Garganacl, F|100/100
|turn|18
|
|t:|1776058738
|move|p2a: Ninetales|Ice Beam|p1a: Garganacl
|-damage|p1a: Garganacl|49/100
|move|p1a: Garganacl|Salt Cure|p2a: Ninetales
|-supereffective|p2a: Ninetales
|-damage|p2a: Ninetales|0 fnt
|faint|p2a: Ninetales
|
|upkeep
|
|t:|1776058744
|switch|p2a: Weavile|Weavile, M|100/100
|-damage|p2a: Weavile|76/100|[from] Stealth Rock
|-ability|p2a: Weavile|Pressure
|turn|19
|
|t:|1776058747
|move|p1a: Garganacl|Protect|p1a: Garganacl
|-singleturn|p1a: Garganacl|Protect
|move|p2a: Weavile|Brick Break|p1a: Garganacl
|-activate|p1a: Garganacl|move: Protect
|
|-heal|p2a: Weavile|82/100|[from] item: Leftovers
|upkeep
|turn|20
|
|t:|1776058752
|move|p2a: Weavile|Brick Break|p1a: Garganacl
|-supereffective|p1a: Garganacl
|-damage|p1a: Garganacl|17/100
|move|p1a: Garganacl|Salt Cure|p2a: Weavile
|-supereffective|p2a: Weavile
|-damage|p2a: Weavile|38/100
|-start|p2a: Weavile|Salt Cure
|
|-heal|p2a: Weavile|44/100|[from] item: Leftovers
|-damage|p2a: Weavile|32/100|[from] Salt Cure
|upkeep
|turn|21
|
|t:|1776058761
|move|p1a: Garganacl|Protect|p1a: Garganacl
|-singleturn|p1a: Garganacl|Protect
|move|p2a: Weavile|Brick Break|p1a: Garganacl
|-activate|p1a: Garganacl|move: Protect
|
|-heal|p2a: Weavile|38/100|[from] item: Leftovers
|-damage|p2a: Weavile|25/100|[from] Salt Cure
|upkeep
|turn|22
|
|t:|1776058766
|move|p1a: Garganacl|Protect|p1a: Garganacl
|-singleturn|p1a: Garganacl|Protect
|move|p2a: Weavile|Brick Break|p1a: Garganacl
|-activate|p1a: Garganacl|move: Protect
|
|-heal|p2a: Weavile|31/100|[from] item: Leftovers
|-damage|p2a: Weavile|19/100|[from] Salt Cure
|upkeep
|turn|23
|
|t:|1776058774
|move|p2a: Weavile|Brick Break|p1a: Garganacl
|-supereffective|p1a: Garganacl
|-crit|p1a: Garganacl
|-damage|p1a: Garganacl|0 fnt
|faint|p1a: Garganacl
|
|win|cooltrainerdaniel
|raw|ssjemeraldgr's rating: 1115 &rarr; <strong>1089</strong><br />(-26 for losing)
|raw|cooltrainerdaniel's rating: 1102 &rarr; <strong>1128</strong><br />(+26 for winning)
|c|☆cooltrainerdaniel|GG
|c|☆ssjemeraldgr|Gg
|l|☆ssjemeraldgr
|player|p1|
|l|☆cooltrainerdaniel
|player|p2|
