|html|<div class="broadcast-blue"><strong>[Gen 9] OU is currently suspecting Tera Blast! For information on how to participate check out the <a href="https://www.smogon.com/tools/suspects/view/200">suspect thread</a>.</strong></div>
|j|☆ToriColon
|j|☆CortsKkaos
|t:|1776069087
|gametype|singles
|player|p1|ToriColon|n|1084
|player|p2|CortsKkaos|brawly|1088
|gen|9
|tier|[Gen 9] OU
|rated|
|rule|HP Percentage Mod: HP is shown in percentages
|rule|Endless Battle Clause: Forcing endless battles is banned
|rule|Species Clause: Limit one of each Pokémon
|rule|OHKO Clause: OHKO moves are banned
|rule|Evasion Items Clause: Evasion items are banned
|rule|Evasion Moves Clause: Evasion moves are banned
|rule|Evasion Abilities Clause: Evasion abilities are banned
|rule|Sleep Moves Clause: Sleep-inducing moves are banned
|clearpoke
|poke|p1|Blastoise, M|
|poke|p1|Scrafty, F|
|poke|p1|Gholdengo|
|poke|p1|Corviknight, F|
|poke|p1|Tyranitar, M|
|poke|p1|Charizard, F|
|poke|p2|Hatterene, F|
|poke|p2|Araquanid, F|
|poke|p2|Bellibolt, F|
|poke|p2|Morpeko, M|
|poke|p2|Excadrill, F|
|poke|p2|Eelektross, M|
|teampreview
|inactive|Battle timer is ON: inactive players will automatically lose when time's up. (requested by CortsKkaos)
|
|t:|1776069115
|teamsize|p1|6
|teamsize|p2|6
|start
|switch|p1a: Scrafty|Scrafty, F|100/100
|switch|p2a: Morpeko|Morpeko, M|100/100
|turn|1
|
|t:|1776069124
|move|p2a: Morpeko|Parting Shot|p1a: Scrafty
|-unboost|p1a: Scrafty|atk|1
|-unboost|p1a: Scrafty|spa|1
|
|t:|1776069132
|switch|p2a: Hatterene|Hatterene, F|100/100|[from] Parting Shot
|move|p1a: Scrafty|Close Combat|p2a: Hatterene
|-resisted|p2a: Hatterene
|-damage|p2a: Hatterene|94/100
|-unboost|p1a: Scrafty|def|1
|-unboost|p1a: Scrafty|spd|1
|
|-heal|p2a: Hatterene|99/100|[from] item: Leftovers
|upkeep
|turn|2
|
|t:|1776069157
|switch|p1a: Gholdengo|Gholdengo|100/100
|move|p2a: Hatterene|Calm Mind|p2a: Hatterene
|-boost|p2a: Hatterene|spa|1
|-boost|p2a: Hatterene|spd|1
|
|-heal|p2a: Hatterene|100/100|[from] item: Leftovers
|upkeep
|turn|3
|
|t:|1776069179
|switch|p2a: Excadrill|Excadrill, F|100/100
|-ability|p2a: Excadrill|Mold Breaker
|-item|p2a: Excadrill|Air Balloon
|move|p1a: Gholdengo|Flash Cannon|p2a: Excadrill
|-resisted|p2a: Excadrill
|-damage|p2a: Excadrill|69/100
|-enditem|p2a: Excadrill|Air Balloon
|
|upkeep
|turn|4
|
|t:|1776069192
|move|p2a: Excadrill|Earthquake|p1a: Gholdengo
|-supereffective|p1a: Gholdengo
|-damage|p1a: Gholdengo|0 fnt
|faint|p1a: Gholdengo
|
|upkeep
|
|t:|1776069200
|switch|p1a: Blastoise|Blastoise, M|100/100
|turn|5
|
|t:|1776069206
|switch|p2a: Araquanid|Araquanid, F|100/100
|move|p1a: Blastoise|Surf|p2a: Araquanid
|-resisted|p2a: Araquanid
|-damage|p2a: Araquanid|93/100
|
|upkeep
|turn|6
|
|t:|1776069218
|switch|p1a: Charizard|Charizard, F|100/100
|move|p2a: Araquanid|Infestation|p1a: Charizard
|-resisted|p1a: Charizard
|-damage|p1a: Charizard|99/100
|-activate|p1a: Charizard|move: Infestation|[of] p2a: Araquanid
|
|-damage|p1a: Charizard|87/100|[from] move: Infestation|[partiallytrapped]
|upkeep
|turn|7
|
|t:|1776069229
|move|p1a: Charizard|Hurricane|p2a: Araquanid|[miss]
|-miss|p1a: Charizard|p2a: Araquanid
|move|p2a: Araquanid|Surf|p1a: Charizard
|-supereffective|p1a: Charizard
|-damage|p1a: Charizard|0 fnt
|faint|p1a: Charizard
|
|upkeep
|
|t:|1776069238
|switch|p1a: Corviknight|Corviknight, F|100/100
|-ability|p1a: Corviknight|Pressure
|turn|8
|
|t:|1776069250
|switch|p2a: Bellibolt|Bellibolt, F|100/100
|move|p1a: Corviknight|Bulk Up|p1a: Corviknight
|-boost|p1a: Corviknight|atk|1
|-boost|p1a: Corviknight|def|1
|
|upkeep
|turn|9
|
|t:|1776069259
|move|p1a: Corviknight|Bulk Up|p1a: Corviknight
|-boost|p1a: Corviknight|atk|1
|-boost|p1a: Corviknight|def|1
|move|p2a: Bellibolt|Soak|p1a: Corviknight
|-start|p1a: Corviknight|typechange|Water
|
|upkeep
|turn|10
|
|t:|1776069271
|move|p1a: Corviknight|Body Press|p2a: Bellibolt
|-damage|p2a: Bellibolt|76/100
|-start|p2a: Bellibolt|Charge|Body Press|[from] ability: Electromorphosis
|-damage|p1a: Corviknight|84/100|[from] item: Rocky Helmet|[of] p2a: Bellibolt
|move|p2a: Bellibolt|Toxic|p1a: Corviknight
|-status|p1a: Corviknight|tox
|
|-damage|p1a: Corviknight|78/100 tox|[from] psn
|upkeep
|turn|11
|
|t:|1776069280
|move|p1a: Corviknight|Body Press|p2a: Bellibolt
|-damage|p2a: Bellibolt|53/100
|-start|p2a: Bellibolt|Charge|Body Press|[from] ability: Electromorphosis
|-damage|p1a: Corviknight|61/100 tox|[from] item: Rocky Helmet|[of] p2a: Bellibolt
|move|p2a: Bellibolt|Parabolic Charge|p1a: Corviknight
|-supereffective|p1a: Corviknight
|-damage|p1a: Corviknight|0 fnt
|-heal|p2a: Bellibolt|82/100|[from] drain|[of] p1a: Corviknight
|faint|p1a: Corviknight
|-end|p2a: Bellibolt|Charge|[silent]
|
|upkeep
|
|t:|1776069292
|switch|p1a: Tyranitar|Tyranitar, M|100/100
|-weather|Sandstorm|[from] ability: Sand Stream|[of] p1a: Tyranitar
|turn|12
|
|t:|1776069303
|move|p1a: Tyranitar|Earthquake|p2a: Bellibolt
|-supereffective|p2a: Bellibolt
|-damage|p2a: Bellibolt|7/100
|-start|p2a: Bellibolt|Charge|Earthquake|[from] ability: Electromorphosis
|move|p2a: Bellibolt|Soak|p1a: Tyranitar
|-start|p1a: Tyranitar|typechange|Water
|
|-weather|Sandstorm|[upkeep]
|-damage|p1a: Tyranitar|94/100|[from] Sandstorm
|-damage|p2a: Bellibolt|1/100|[from] Sandstorm
|upkeep
|turn|13
|
|t:|1776069314
|switch|p2a: Eelektross|Eelektross, M|100/100
|move|p1a: Tyranitar|Earthquake|p2a: Eelektross
|-immune|p2a: Eelektross|[from] ability: Levitate
|
|-weather|Sandstorm|[upkeep]
|-damage|p2a: Eelektross|94/100|[from] Sandstorm
|-damage|p1a: Tyranitar|88/100|[from] Sandstorm
|upkeep
|turn|14
|
|t:|1776069326
|switch|p1a: Scrafty|Scrafty, F|100/100
|move|p2a: Eelektross|Giga Drain|p1a: Scrafty
|-damage|p1a: Scrafty|87/100
|-heal|p2a: Eelektross|99/100|[from] drain|[of] p1a: Scrafty
|
|-weather|Sandstorm|[upkeep]
|-damage|p2a: Eelektross|94/100|[from] Sandstorm
|-damage|p1a: Scrafty|81/100|[from] Sandstorm
|upkeep
|turn|15
|
|t:|1776069339
|switch|p2a: Hatterene|Hatterene, F|100/100
|move|p1a: Scrafty|Dragon Tail|p2a: Hatterene
|-immune|p2a: Hatterene
|
|-weather|Sandstorm|[upkeep]
|-damage|p1a: Scrafty|75/100|[from] Sandstorm
|-damage|p2a: Hatterene|95/100|[from] Sandstorm
|-heal|p2a: Hatterene|100/100|[from] item: Leftovers
|upkeep
|turn|16
|
|t:|1776069349
|move|p1a: Scrafty|Close Combat|p2a: Hatterene
|-resisted|p2a: Hatterene
|-damage|p2a: Hatterene|89/100
|-unboost|p1a: Scrafty|def|1
|-unboost|p1a: Scrafty|spd|1
|move|p2a: Hatterene|Dazzling Gleam|p1a: Scrafty
|-supereffective|p1a: Scrafty
|-damage|p1a: Scrafty|0 fnt
|faint|p1a: Scrafty
|
|-weather|none
|-heal|p2a: Hatterene|95/100|[from] item: Leftovers
|upkeep
|
|t:|1776069362
|switch|p1a: Tyranitar|Tyranitar, M|88/100
|-weather|Sandstorm|[from] ability: Sand Stream|[of] p1a: Tyranitar
|turn|17
|
|t:|1776069372
|move|p1a: Tyranitar|Stone Edge|p2a: Hatterene
|-damage|p2a: Hatterene|18/100
|move|p2a: Hatterene|Calm Mind|p2a: Hatterene
|-boost|p2a: Hatterene|spa|1
|-boost|p2a: Hatterene|spd|1
|
|-weather|Sandstorm|[upkeep]
|-damage|p2a: Hatterene|12/100|[from] Sandstorm
|-heal|p2a: Hatterene|18/100|[from] item: Leftovers
|upkeep
|turn|18
|
|t:|1776069381
|move|p1a: Tyranitar|Stone Edge|p2a: Hatterene
|-damage|p2a: Hatterene|0 fnt
|faint|p2a: Hatterene
|
|-weather|Sandstorm|[upkeep]
|upkeep
|
|t:|1776069387
|switch|p2a: Araquanid|Araquanid, F|93/100
|turn|19
|
|t:|1776069392
|move|p1a: Tyranitar|Stone Edge|p2a: Araquanid
|-supereffective|p2a: Araquanid
|-damage|p2a: Araquanid|0 fnt
|faint|p2a: Araquanid
|
|-weather|Sandstorm|[upkeep]
|upkeep
|
|t:|1776069406
|switch|p2a: Excadrill|Excadrill, F|69/100
|-ability|p2a: Excadrill|Mold Breaker
|turn|20
|
|t:|1776069422
|move|p2a: Excadrill|Iron Head|p1a: Tyranitar
|-supereffective|p1a: Tyranitar
|-damage|p1a: Tyranitar|22/100
|cant|p1a: Tyranitar|flinch
|
|-weather|Sandstorm|[upkeep]
|upkeep
|turn|21
|
|t:|1776069428
|move|p2a: Excadrill|Iron Head|p1a: Tyranitar
|-supereffective|p1a: Tyranitar
|-damage|p1a: Tyranitar|0 fnt
|faint|p1a: Tyranitar
|
|-weather|none
|upkeep
|
|t:|1776069433
|switch|p1a: Blastoise|Blastoise, M|100/100
|turn|22
|
|t:|1776069440
|move|p2a: Excadrill|Protect|p2a: Excadrill
|-singleturn|p2a: Excadrill|Protect
|move|p1a: Blastoise|Surf|p2a: Excadrill
|-activate|p2a: Excadrill|move: Protect
|
|upkeep
|turn|23
|
|t:|1776069447
|switch|p2a: Eelektross|Eelektross, M|94/100
|move|p1a: Blastoise|Surf|p2a: Eelektross
|-crit|p2a: Eelektross
|-damage|p2a: Eelektross|52/100
|
|upkeep
|turn|24
|
|t:|1776069455
|move|p1a: Blastoise|Aura Sphere|p2a: Eelektross
|-damage|p2a: Eelektross|36/100
|move|p2a: Eelektross|Giga Drain|p1a: Blastoise
|-supereffective|p1a: Blastoise
|-damage|p1a: Blastoise|75/100
|-heal|p2a: Eelektross|49/100|[from] drain|[of] p1a: Blastoise
|
|upkeep
|turn|25
|
|t:|1776069464
|move|p1a: Blastoise|Blizzard|p2a: Eelektross
|-damage|p2a: Eelektross|26/100
|move|p2a: Eelektross|Giga Drain|p1a: Blastoise
|-supereffective|p1a: Blastoise
|-crit|p1a: Blastoise
|-damage|p1a: Blastoise|34/100
|-heal|p2a: Eelektross|45/100|[from] drain|[of] p1a: Blastoise
|
|upkeep
|turn|26
|
|t:|1776069471
|move|p1a: Blastoise|Blizzard|p2a: Eelektross
|-damage|p2a: Eelektross|24/100
|move|p2a: Eelektross|Giga Drain|p1a: Blastoise
|-supereffective|p1a: Blastoise
|-damage|p1a: Blastoise|9/100
|-heal|p2a: Eelektross|36/100|[from] drain|[of] p1a: Blastoise
|
|upkeep
|turn|27
|
|t:|1776069483
|-terastallize|p1a: Blastoise|Water
|move|p1a: Blastoise|Surf|p2a: Eelektross
|-damage|p2a: Eelektross|0 fnt
|faint|p2a: Eelektross
|
|upkeep
|
|t:|1776069489
|switch|p2a: Morpeko|Morpeko, M|100/100
|turn|28
|
|t:|1776069493
|move|p2a: Morpeko|Aura Wheel|p1a: Blastoise
|-supereffective|p1a: Blastoise
|-damage|p1a: Blastoise|0 fnt
|-boost|p2a: Morpeko|spe|1
|faint|p1a: Blastoise
|
|win|CortsKkaos
|raw|ToriColon's rating: 1084 &rarr; <strong>1062</strong><br />(-22 for losing)
|raw|CortsKkaos's rating: 1088 &rarr; <strong>1114</strong><br />(+26 for winning)
|l|☆ToriColon
|player|p1|
|l|☆CortsKkaos
|player|p2|
