|html|<div class="broadcast-blue"><strong>[Gen 9] OU is currently suspecting Tera Blast! For information on how to participate check out the <a href="https://www.smogon.com/tools/suspects/view/200">suspect thread</a>.</strong></div>
|j|☆nemiee
|j|☆kimarthie
|t:|1776069694
|gametype|singles
|player|p1|nemiee|lass|1262
|player|p2|kimarthie|101|1259
|gen|9
|tier|[Gen 9] OU
|rated|
|rule|HP Percentage Mod: HP is shown in percentages
|rule|Endless Battle Clause: Forcing endless battles is banned
|rule|Species Clause: Limit one of each Pokémon
|rule|OHKO Clause: OHKO moves are banned
|rule|Evasion Items Clause: Evasion items are banned
|rule|Evasion Moves Clause: Evasion moves are banned
|rule|Evasion Abilities Clause: Evasion abilities are banned
|rule|Sleep Moves Clause: Sleep-inducing moves are banned
|clearpoke
|poke|p1|Torkoal, F|
|poke|p1|Lilligant-Hisui, F|
|poke|p1|Walking Wake|
|poke|p1|Hatterene, F|
|poke|p1|Raging Bolt|
|poke|p1|Great Tusk|
|poke|p2|Ditto|
|poke|p2|Meowscarada, F|
|poke|p2|Kyurem|
|poke|p2|Walking Wake|
|poke|p2|Alomomola, F|
|poke|p2|Zamazenta-*|
|teampreview
|inactive|Battle timer is ON: inactive players will automatically lose when time's up. (requested by kimarthie)
|
|t:|1776069700
|teamsize|p1|6
|teamsize|p2|6
|start
|switch|p1a: Shmokey|Torkoal, F|100/100
|switch|p2a: Walking Wake|Walking Wake|100/100
|-weather|SunnyDay|[from] ability: Drought|[of] p1a: Shmokey
|-activate|p2a: Walking Wake|ability: Protosynthesis
|-start|p2a: Walking Wake|protosynthesisspa
|turn|1
|
|t:|1776069720
|switch|p1a: I need a switch|Hatterene, F|100/100
|move|p2a: Walking Wake|Surf|p1a: I need a switch
|-damage|p1a: I need a switch|64/100
|-enditem|p1a: I need a switch|Eject Button
|
|t:|1776069726
|switch|p1a: Deedee|Lilligant-Hisui, F, shiny|100/100
|
|-weather|SunnyDay|[upkeep]
|upkeep
|turn|2
|
|t:|1776069738
|-terastallize|p2a: Walking Wake|Steel
|move|p1a: Deedee|Solar Blade||[still]
|-prepare|p1a: Deedee|Solar Blade
|-anim|p1a: Deedee|Solar Blade|p2a: Walking Wake
|-resisted|p2a: Walking Wake
|-damage|p2a: Walking Wake|65/100
|move|p2a: Walking Wake|Flamethrower|p1a: Deedee
|-supereffective|p1a: Deedee
|-damage|p1a: Deedee|0 fnt
|faint|p1a: Deedee
|
|-weather|SunnyDay|[upkeep]
|upkeep
|
|t:|1776069750
|switch|p1a: Redbull|Walking Wake|100/100
|-activate|p1a: Redbull|ability: Protosynthesis
|-start|p1a: Redbull|protosynthesisspa
|turn|3
|
|t:|1776069756
|move|p1a: Redbull|Flamethrower|p2a: Walking Wake
|-supereffective|p2a: Walking Wake
|-damage|p2a: Walking Wake|0 fnt
|faint|p2a: Walking Wake
|-end|p2a: Walking Wake|Protosynthesis|[silent]
|
|-weather|SunnyDay|[upkeep]
|upkeep
|
|t:|1776069763
|switch|p2a: Kyurem|Kyurem|100/100
|-ability|p2a: Kyurem|Pressure
|turn|4
|
|t:|1776069771
|-terastallize|p1a: Redbull|Water
|move|p1a: Redbull|Flamethrower|p2a: Kyurem
|-damage|p2a: Kyurem|51/100
|move|p2a: Kyurem|Freeze-Dry|p1a: Redbull
|-supereffective|p1a: Redbull
|-damage|p1a: Redbull|8/100
|
|-weather|SunnyDay|[upkeep]
|-heal|p2a: Kyurem|57/100|[from] item: Leftovers
|upkeep
|turn|5
|
|t:|1776069789
|-end|p1a: Redbull|Protosynthesis|[silent]
|switch|p1a: Sidd|Great Tusk|100/100
|-activate|p1a: Sidd|ability: Protosynthesis
|-start|p1a: Sidd|protosynthesisatk
|move|p2a: Kyurem|Protect||[still]
|-fail|p2a: Kyurem
|
|-weather|SunnyDay|[upkeep]
|-heal|p2a: Kyurem|63/100|[from] item: Leftovers
|upkeep
|turn|6
|
|t:|1776069800
|move|p2a: Kyurem|Protect|p2a: Kyurem
|-singleturn|p2a: Kyurem|Protect
|move|p1a: Sidd|Close Combat|p2a: Kyurem
|-activate|p2a: Kyurem|move: Protect
|
|-weather|SunnyDay|[upkeep]
|-heal|p2a: Kyurem|69/100|[from] item: Leftovers
|upkeep
|turn|7
|
|t:|1776069809
|switch|p2a: Alomomola|Alomomola, F|100/100
|move|p1a: Sidd|Close Combat|p2a: Alomomola
|-damage|p2a: Alomomola|48/100
|-unboost|p1a: Sidd|def|1
|-unboost|p1a: Sidd|spd|1
|
|-weather|SunnyDay|[upkeep]
|-heal|p2a: Alomomola|54/100|[from] item: Leftovers
|upkeep
|turn|8
|
|t:|1776069828
|move|p1a: Sidd|Knock Off|p2a: Alomomola
|-damage|p2a: Alomomola|25/100
|-enditem|p2a: Alomomola|Leftovers|[from] move: Knock Off|[of] p1a: Sidd
|move|p2a: Alomomola|Flip Turn|p1a: Sidd
|-supereffective|p1a: Sidd
|-damage|p1a: Sidd|77/100
|
|t:|1776069840
|switch|p2a: Ditto|Ditto, shiny|100/100|[from] Flip Turn
|-transform|p2a: Ditto|p1a: Sidd|[from] ability: Imposter
|
|-weather|none
|-end|p1a: Sidd|Protosynthesis
|upkeep
|turn|9
|
|t:|1776069855
|move|p2a: Ditto|Headlong Rush|p1a: Sidd
|-damage|p1a: Sidd|23/100
|-unboost|p2a: Ditto|def|1
|-unboost|p2a: Ditto|spd|1
|move|p1a: Sidd|Rapid Spin|p2a: Ditto
|-damage|p2a: Ditto|67/100
|-boost|p1a: Sidd|spe|1
|
|upkeep
|turn|10
|
|t:|1776069865
|-end|p2a: Ditto|Protosynthesis|[silent]
|switch|p2a: Alomomola|Alomomola, F|59/100
|move|p1a: Sidd|Headlong Rush|p2a: Alomomola
|-damage|p2a: Alomomola|13/100
|-unboost|p1a: Sidd|def|1
|-unboost|p1a: Sidd|spd|1
|
|upkeep
|turn|11
|
|t:|1776069873
|move|p2a: Alomomola|Aqua Jet|p1a: Sidd
|-supereffective|p1a: Sidd
|-damage|p1a: Sidd|0 fnt
|faint|p1a: Sidd
|-end|p1a: Sidd|Protosynthesis|[silent]
|
|upkeep
|
|t:|1776069879
|switch|p1a: Shmokey|Torkoal, F|100/100
|-weather|SunnyDay|[from] ability: Drought|[of] p1a: Shmokey
|turn|12
|
|t:|1776069885
|move|p2a: Alomomola|Flip Turn|p1a: Shmokey
|-supereffective|p1a: Shmokey
|-damage|p1a: Shmokey|88/100
|
|t:|1776069895
|switch|p2a: Ditto|Ditto, shiny|67/100|[from] Flip Turn
|-transform|p2a: Ditto|p1a: Shmokey|[from] ability: Imposter
|move|p1a: Shmokey|Will-O-Wisp|p2a: Ditto
|-immune|p2a: Ditto
|
|-weather|SunnyDay|[upkeep]
|upkeep
|turn|13
|
|t:|1776069911
|switch|p1a: I need a switch|Hatterene, F|64/100
|move|p2a: Ditto|Stealth Rock|p1a: I need a switch
|move|p1a: I need a switch|Stealth Rock|p2a: Ditto|[from] ability: Magic Bounce
|-sidestart|p2: kimarthie|move: Stealth Rock
|
|-weather|SunnyDay|[upkeep]
|upkeep
|turn|14
|
|t:|1776069924
|switch|p2a: Kyurem|Kyurem|69/100
|-damage|p2a: Kyurem|45/100|[from] Stealth Rock
|-ability|p2a: Kyurem|Pressure
|move|p1a: I need a switch|Nuzzle|p2a: Kyurem
|-resisted|p2a: Kyurem
|-damage|p2a: Kyurem|43/100
|-status|p2a: Kyurem|par
|
|-weather|SunnyDay|[upkeep]
|-heal|p2a: Kyurem|49/100 par|[from] item: Leftovers
|upkeep
|turn|15
|
|t:|1776069939
|move|p2a: Kyurem|Flash Cannon|p1a: I need a switch
|-supereffective|p1a: I need a switch
|-damage|p1a: I need a switch|0 fnt
|faint|p1a: I need a switch
|
|-weather|SunnyDay|[upkeep]
|-heal|p2a: Kyurem|55/100 par|[from] item: Leftovers
|upkeep
|
|t:|1776069952
|switch|p1a: Redbull|Walking Wake, tera:Water|8/100
|-activate|p1a: Redbull|ability: Protosynthesis
|-start|p1a: Redbull|protosynthesisspa
|turn|16
|
|t:|1776069961
|move|p1a: Redbull|Draco Meteor|p2a: Kyurem
|-supereffective|p2a: Kyurem
|-damage|p2a: Kyurem|0 fnt
|-unboost|p1a: Redbull|spa|2
|faint|p2a: Kyurem
|
|-weather|SunnyDay|[upkeep]
|upkeep
|
|t:|1776069973
|switch|p2a: Meowscarada|Meowscarada, F, shiny|100/100
|-damage|p2a: Meowscarada|88/100|[from] Stealth Rock
|turn|17
|
|t:|1776069981
|move|p1a: Redbull|Draco Meteor|p2a: Meowscarada
|-damage|p2a: Meowscarada|10/100
|-unboost|p1a: Redbull|spa|2
|move|p2a: Meowscarada|Knock Off|p1a: Redbull
|-start|p2a: Meowscarada|typechange|Dark|[from] ability: Protean
|-damage|p1a: Redbull|0 fnt
|-enditem|p1a: Redbull|Choice Scarf|[from] move: Knock Off|[of] p2a: Meowscarada
|faint|p1a: Redbull
|-end|p1a: Redbull|Protosynthesis|[silent]
|
|-weather|SunnyDay|[upkeep]
|upkeep
|
|t:|1776069985
|switch|p1a: Boltraf|Raging Bolt|100/100
|-activate|p1a: Boltraf|ability: Protosynthesis
|-start|p1a: Boltraf|protosynthesisspa
|turn|18
|
|t:|1776070001
|move|p2a: Meowscarada|Protect|p2a: Meowscarada
|-singleturn|p2a: Meowscarada|Protect
|move|p1a: Boltraf|Thunderclap||[still]
|-fail|p1a: Boltraf
|
|-weather|SunnyDay|[upkeep]
|upkeep
|turn|19
|
|t:|1776070009
|move|p1a: Boltraf|Thunderclap|p2a: Meowscarada
|-damage|p2a: Meowscarada|0 fnt
|faint|p2a: Meowscarada
|
|-weather|none
|-end|p1a: Boltraf|Protosynthesis
|upkeep
|
|t:|1776070022
|switch|p2a: Ditto|Ditto, shiny|67/100
|-damage|p2a: Ditto|55/100|[from] Stealth Rock
|-transform|p2a: Ditto|p1a: Boltraf|[from] ability: Imposter
|turn|20
|
|t:|1776070035
|-end|p1a: Boltraf|Protosynthesis|[silent]
|switch|p1a: Shmokey|Torkoal, F|88/100
|-weather|SunnyDay|[from] ability: Drought|[of] p1a: Shmokey
|move|p2a: Ditto|Dragon Pulse|p1a: Shmokey
|-damage|p1a: Shmokey|17/100
|
|-weather|SunnyDay|[upkeep]
|upkeep
|turn|21
|
|t:|1776070049
|-end|p2a: Ditto|Protosynthesis|[silent]
|switch|p2a: Alomomola|Alomomola, F|46/100
|-damage|p2a: Alomomola|34/100|[from] Stealth Rock
|move|p1a: Shmokey|Will-O-Wisp|p2a: Alomomola
|-status|p2a: Alomomola|brn
|
|-weather|SunnyDay|[upkeep]
|-damage|p2a: Alomomola|28/100 brn|[from] brn
|upkeep
|turn|22
|
|t:|1776070059
|switch|p1a: Boltraf|Raging Bolt|100/100
|-activate|p1a: Boltraf|ability: Protosynthesis
|-start|p1a: Boltraf|protosynthesisspa
|move|p2a: Alomomola|Flip Turn|p1a: Boltraf
|-resisted|p1a: Boltraf
|-damage|p1a: Boltraf|98/100
|
|t:|1776070066
|switch|p2a: Ditto|Ditto, shiny|55/100|[from] Flip Turn
|-damage|p2a: Ditto|43/100|[from] Stealth Rock
|-transform|p2a: Ditto|p1a: Boltraf|[from] ability: Imposter
|
|-weather|SunnyDay|[upkeep]
|upkeep
|turn|23
|
|t:|1776070076
|move|p2a: Ditto|Dragon Pulse|p1a: Boltraf
|-supereffective|p1a: Boltraf
|-damage|p1a: Boltraf|4/100
|move|p1a: Boltraf|Dragon Pulse|p2a: Ditto
|-supereffective|p2a: Ditto
|-damage|p2a: Ditto|0 fnt
|faint|p2a: Ditto
|-end|p2a: Ditto|Protosynthesis|[silent]
|
|-weather|SunnyDay|[upkeep]
|upkeep
|
|t:|1776070086
|switch|p2a: Alomomola|Alomomola, F|61/100 brn
|-damage|p2a: Alomomola|49/100 brn|[from] Stealth Rock
|turn|24
|-message|nemiee forfeited.
|
|win|kimarthie
|raw|nemiee's rating: 1262 &rarr; <strong>1237</strong><br />(-25 for losing)
|raw|kimarthie's rating: 1259 &rarr; <strong>1284</strong><br />(+25 for winning)
|l|☆nemiee
|player|p1|
|l|☆kimarthie
|player|p2|
