|html|<div class="broadcast-blue"><strong>[Gen 9] OU is currently suspecting Tera Blast! For information on how to participate check out the <a href="https://www.smogon.com/tools/suspects/view/200">suspect thread</a>.</strong></div>
|j|☆KenjiShiguma
|j|☆josh_chills123
|t:|1776057782
|gametype|singles
|player|p1|KenjiShiguma|pokemonbreeder-gen4|1117
|player|p2|josh_chills123|102|1128
|gen|9
|tier|[Gen 9] OU
|rated|
|rule|HP Percentage Mod: HP is shown in percentages
|rule|Endless Battle Clause: Forcing endless battles is banned
|rule|Species Clause: Limit one of each Pokémon
|rule|OHKO Clause: OHKO moves are banned
|rule|Evasion Items Clause: Evasion items are banned
|rule|Evasion Moves Clause: Evasion moves are banned
|rule|Evasion Abilities Clause: Evasion abilities are banned
|rule|Sleep Moves Clause: Sleep-inducing moves are banned
|clearpoke
|poke|p1|Zangoose, M|
|poke|p1|Squawkabilly, M|
|poke|p1|Dedenne, F|
|poke|p1|Masquerain, F|
|poke|p1|Breloom, M|
|poke|p1|Flareon, F|
|poke|p2|Azelf|
|poke|p2|Great Tusk|
|poke|p2|Hatterene, F|
|poke|p2|Lilligant-Hisui, F|
|poke|p2|Torkoal, M|
|poke|p2|Walking Wake|
|teampreview
|inactive|Battle timer is ON: inactive players will automatically lose when time's up. (requested by josh_chills123)
|
|t:|1776057808
|teamsize|p1|6
|teamsize|p2|6
|start
|switch|p1a: Zangoose|Zangoose, M|100/100
|switch|p2a: Torkoal|Torkoal, M|100/100
|-weather|SunnyDay|[from] ability: Drought|[of] p2a: Torkoal
|turn|1
|
|t:|1776057828
|switch|p2a: Hatterene|Hatterene, F|100/100
|move|p1a: Zangoose|Belly Drum|p1a: Zangoose
|-damage|p1a: Zangoose|51/100
|-setboost|p1a: Zangoose|atk|6|[from] move: Belly Drum
|
|-weather|SunnyDay|[upkeep]
|-heal|p1a: Zangoose|57/100|[from] item: Leftovers
|upkeep
|turn|2
|
|t:|1776057841
|move|p1a: Zangoose|Knock Off|p2a: Hatterene
|-damage|p2a: Hatterene|0 fnt
|-enditem|p2a: Hatterene|Eject Button|[from] move: Knock Off|[of] p1a: Zangoose
|faint|p2a: Hatterene
|
|-weather|SunnyDay|[upkeep]
|-heal|p1a: Zangoose|63/100|[from] item: Leftovers
|upkeep
|
|t:|1776057844
|switch|p2a: Azelf|Azelf|100/100
|turn|3
|
|t:|1776057866
|-terastallize|p2a: Azelf|Fire
|move|p1a: Zangoose|Quick Attack|p2a: Azelf
|-enditem|p2a: Azelf|Focus Sash
|-damage|p2a: Azelf|1/100
|move|p2a: Azelf|Flamethrower|p1a: Zangoose
|-damage|p1a: Zangoose|0 fnt
|faint|p1a: Zangoose
|
|-weather|SunnyDay|[upkeep]
|upkeep
|inactive|KenjiShiguma has 120 seconds left.
|
|t:|1776057891
|switch|p1a: Breloom|Breloom, M|100/100
|turn|4
|inactive|KenjiShiguma has 120 seconds left.
|
|t:|1776057898
|switch|p1a: Flareon|Flareon, F|100/100
|move|p2a: Azelf|Flamethrower|p1a: Flareon
|-start|p1a: Flareon|ability: Flash Fire
|
|-weather|SunnyDay|[upkeep]
|upkeep
|turn|5
|
|t:|1776057906
|move|p2a: Azelf|Knock Off|p1a: Flareon
|-damage|p1a: Flareon|62/100
|-enditem|p1a: Flareon|Zoom Lens|[from] move: Knock Off|[of] p2a: Azelf
|move|p1a: Flareon|Fire Spin|p2a: Azelf
|-resisted|p2a: Azelf
|-damage|p2a: Azelf|0 fnt
|faint|p2a: Azelf
|
|-weather|SunnyDay|[upkeep]
|upkeep
|
|t:|1776057912
|switch|p2a: Great Tusk|Great Tusk|100/100
|-activate|p2a: Great Tusk|ability: Protosynthesis
|-start|p2a: Great Tusk|protosynthesisatk
|turn|6
|
|t:|1776057929
|move|p2a: Great Tusk|Knock Off|p1a: Flareon
|-damage|p1a: Flareon|18/100
|move|p1a: Flareon|Will-O-Wisp|p2a: Great Tusk
|-status|p2a: Great Tusk|brn
|
|-weather|SunnyDay|[upkeep]
|-damage|p2a: Great Tusk|94/100 brn|[from] brn
|upkeep
|turn|7
|
|t:|1776057938
|move|p2a: Great Tusk|Headlong Rush|p1a: Flareon
|-supereffective|p1a: Flareon
|-damage|p1a: Flareon|0 fnt
|-unboost|p2a: Great Tusk|def|1
|-unboost|p2a: Great Tusk|spd|1
|faint|p1a: Flareon
|
|-weather|SunnyDay|[upkeep]
|-damage|p2a: Great Tusk|88/100 brn|[from] brn
|upkeep
|inactive|KenjiShiguma has 120 seconds left.
|
|t:|1776057964
|switch|p1a: Squawkabilly|Squawkabilly, M|100/100
|turn|8
|
|t:|1776057968
|move|p1a: Squawkabilly|Fly||[still]
|-prepare|p1a: Squawkabilly|Fly
|move|p2a: Great Tusk|Ice Spinner|p1a: Squawkabilly|[miss]
|-miss|p2a: Great Tusk|p1a: Squawkabilly
|
|-weather|none
|-end|p2a: Great Tusk|Protosynthesis
|-damage|p2a: Great Tusk|82/100 brn|[from] brn
|-status|p1a: Squawkabilly|brn|[from] item: Flame Orb
|upkeep
|turn|9
|inactive|KenjiShiguma has 120 seconds left.
|
|t:|1776057982
|-end|p2a: Great Tusk|Protosynthesis|[silent]
|switch|p2a: Torkoal|Torkoal, M|100/100
|-weather|SunnyDay|[from] ability: Drought|[of] p2a: Torkoal
|move|p1a: Squawkabilly|Fly|p2a: Torkoal|[from] lockedmove
|-damage|p2a: Torkoal|55/100
|
|-weather|SunnyDay|[upkeep]
|-damage|p1a: Squawkabilly|94/100 brn|[from] brn
|upkeep
|turn|10
|
|t:|1776057992
|move|p1a: Squawkabilly|Facade|p2a: Torkoal
|-damage|p2a: Torkoal|0 fnt
|faint|p2a: Torkoal
|
|-weather|SunnyDay|[upkeep]
|-damage|p1a: Squawkabilly|88/100 brn|[from] brn
|upkeep
|
|t:|1776057996
|switch|p2a: Walking Wake|Walking Wake|100/100
|-activate|p2a: Walking Wake|ability: Protosynthesis
|-start|p2a: Walking Wake|protosynthesisspe
|turn|11
|inactive|KenjiShiguma has 120 seconds left.
|
|t:|1776058019
|switch|p1a: Masquerain|Masquerain, F|100/100
|-ability|p1a: Masquerain|Intimidate|boost
|-unboost|p2a: Walking Wake|atk|1
|move|p2a: Walking Wake|Hydro Steam|p1a: Masquerain
|-damage|p1a: Masquerain|0 fnt
|faint|p1a: Masquerain
|
|-weather|SunnyDay|[upkeep]
|upkeep
|inactive|KenjiShiguma has 120 seconds left.
|
|t:|1776058030
|switch|p1a: Breloom|Breloom, M|100/100
|turn|12
|inactive|KenjiShiguma has 120 seconds left.
|inactive|josh_chills123 has 120 seconds left.
|inactive|josh_chills123 has 90 seconds left.
|
|t:|1776058113
|-end|p2a: Walking Wake|Protosynthesis|[silent]
|switch|p2a: Great Tusk|Great Tusk|82/100 brn
|-activate|p2a: Great Tusk|ability: Protosynthesis
|-start|p2a: Great Tusk|protosynthesisatk
|move|p1a: Breloom|Drain Punch|p2a: Great Tusk
|-damage|p2a: Great Tusk|60/100 brn
|
|-weather|SunnyDay|[upkeep]
|-damage|p2a: Great Tusk|54/100 brn|[from] brn
|upkeep
|turn|13
|inactive|KenjiShiguma has 120 seconds left.
|
|t:|1776058128
|move|p2a: Great Tusk|Ice Spinner|p1a: Breloom
|-supereffective|p1a: Breloom
|-damage|p1a: Breloom|70/100
|move|p1a: Breloom|Substitute|p1a: Breloom
|-start|p1a: Breloom|Substitute
|-damage|p1a: Breloom|46/100
|
|-weather|SunnyDay|[upkeep]
|-damage|p2a: Great Tusk|47/100 brn|[from] brn
|upkeep
|turn|14
|
|t:|1776058138
|move|p2a: Great Tusk|Ice Spinner|p1a: Breloom
|-supereffective|p1a: Breloom
|-end|p1a: Breloom|Substitute
|move|p1a: Breloom|Leech Seed|p2a: Great Tusk
|-start|p2a: Great Tusk|move: Leech Seed
|
|-weather|SunnyDay|[upkeep]
|-damage|p2a: Great Tusk|35/100 brn|[from] Leech Seed|[of] p1a: Breloom
|-heal|p1a: Breloom|64/100|[silent]
|-damage|p2a: Great Tusk|29/100 brn|[from] brn
|upkeep
|turn|15
|
|t:|1776058147
|-end|p2a: Great Tusk|Protosynthesis|[silent]
|switch|p2a: Lilligant|Lilligant-Hisui, F|100/100
|-terastallize|p1a: Breloom|Fighting
|move|p1a: Breloom|Substitute|p1a: Breloom
|-start|p1a: Breloom|Substitute
|-damage|p1a: Breloom|40/100
|
|-weather|SunnyDay|[upkeep]
|upkeep
|turn|16
|inactive|josh_chills123 has 90 seconds left.
|inactive|KenjiShiguma has 120 seconds left.
|
|t:|1776058171
|move|p2a: Lilligant|Swords Dance|p2a: Lilligant
|-boost|p2a: Lilligant|atk|2
|move|p1a: Breloom|Poison Jab|p2a: Lilligant
|-supereffective|p2a: Lilligant
|-crit|p2a: Lilligant
|-damage|p2a: Lilligant|0 fnt
|faint|p2a: Lilligant
|
|-weather|none
|upkeep
|inactive|josh_chills123 has 90 seconds left.
|
|t:|1776058180
|switch|p2a: Walking Wake|Walking Wake|100/100
|turn|17
|inactive|KenjiShiguma has 120 seconds left.
|
|t:|1776058201
|move|p2a: Walking Wake|Hydro Steam|p1a: Breloom
|-end|p1a: Breloom|Substitute
|move|p1a: Breloom|Leech Seed|p2a: Walking Wake
|-start|p2a: Walking Wake|move: Leech Seed
|
|-damage|p2a: Walking Wake|88/100|[from] Leech Seed|[of] p1a: Breloom
|-heal|p1a: Breloom|57/100|[silent]
|upkeep
|turn|18
|inactive|KenjiShiguma has 120 seconds left.
|
|t:|1776058221
|switch|p1a: Dedenne|Dedenne, F|100/100
|move|p2a: Walking Wake|Hydro Steam|p1a: Dedenne
|-damage|p1a: Dedenne|21/100
|-enditem|p1a: Dedenne|Sitrus Berry|[eat]
|-heal|p1a: Dedenne|45/100|[from] item: Sitrus Berry
|-heal|p1a: Dedenne|79/100|[from] ability: Cheek Pouch
|
|-damage|p2a: Walking Wake|76/100|[from] Leech Seed|[of] p1a: Dedenne
|-heal|p1a: Dedenne|91/100|[silent]
|upkeep
|turn|19
|
|t:|1776058235
|move|p2a: Walking Wake|Hydro Steam|p1a: Dedenne
|-damage|p1a: Dedenne|1/100
|move|p1a: Dedenne|Draining Kiss|p2a: Walking Wake
|-supereffective|p2a: Walking Wake
|-damage|p2a: Walking Wake|23/100
|-heal|p1a: Dedenne|41/100|[from] drain|[of] p2a: Walking Wake
|
|-damage|p2a: Walking Wake|11/100|[from] Leech Seed|[of] p1a: Dedenne
|-heal|p1a: Dedenne|54/100|[silent]
|upkeep
|turn|20
|
|t:|1776058246
|move|p2a: Walking Wake|Hydro Steam|p1a: Dedenne
|-damage|p1a: Dedenne|0 fnt
|faint|p1a: Dedenne
|
|upkeep
|
|t:|1776058251
|switch|p1a: Squawkabilly|Squawkabilly, M|88/100 brn
|turn|21
|inactive|josh_chills123 has 120 seconds left.
|
|t:|1776058257
|move|p1a: Squawkabilly|Quick Attack|p2a: Walking Wake
|-damage|p2a: Walking Wake|0 fnt
|faint|p2a: Walking Wake
|-end|p2a: Walking Wake|Protosynthesis|[silent]
|
|-damage|p1a: Squawkabilly|82/100 brn|[from] brn
|upkeep
|
|t:|1776058259
|switch|p2a: Great Tusk|Great Tusk|29/100 brn
|turn|22
|
|t:|1776058267
|move|p1a: Squawkabilly|Facade|p2a: Great Tusk
|-damage|p2a: Great Tusk|0 fnt
|faint|p2a: Great Tusk
|-end|p2a: Great Tusk|Protosynthesis|[silent]
|
|win|KenjiShiguma
|raw|KenjiShiguma's rating: 1117 &rarr; <strong>1143</strong><br />(+26 for winning)
|raw|josh_chills123's rating: 1128 &rarr; <strong>1102</strong><br />(-26 for losing)
|c|☆josh_chills123|Gg
|c|☆josh_chills123|Interesting team
|l|☆josh_chills123
|player|p2|
|l|☆KenjiShiguma
|player|p1|
