|html|<div class="broadcast-blue"><strong>[Gen 9] OU is currently suspecting Tera Blast! For information on how to participate check out the <a href="https://www.smogon.com/tools/suspects/view/200">suspect thread</a>.</strong></div>
|j|☆KawaiiRatKing
|j|☆Noodlezzzzzzzz
|t:|1776057816
|gametype|singles
|player|p1|KawaiiRatKing|roughneck|1182
|player|p2|Noodlezzzzzzzz|pokekid|1239
|gen|9
|tier|[Gen 9] OU
|rated|
|rule|HP Percentage Mod: HP is shown in percentages
|rule|Endless Battle Clause: Forcing endless battles is banned
|rule|Species Clause: Limit one of each Pokémon
|rule|OHKO Clause: OHKO moves are banned
|rule|Evasion Items Clause: Evasion items are banned
|rule|Evasion Moves Clause: Evasion moves are banned
|rule|Evasion Abilities Clause: Evasion abilities are banned
|rule|Sleep Moves Clause: Sleep-inducing moves are banned
|clearpoke
|poke|p1|Hatterene, F|
|poke|p1|Grimmsnarl, M|
|poke|p1|Weezing-Galar, F|
|poke|p1|Tinkaton, F|
|poke|p1|Enamorus, F|
|poke|p1|Iron Valiant|
|poke|p2|Dondozo, F|
|poke|p2|Ting-Lu|
|poke|p2|Moltres|
|poke|p2|Kleavor, F|
|poke|p2|Snorlax, F|
|poke|p2|Darkrai|
|teampreview
|
|t:|1776057843
|teamsize|p1|6
|teamsize|p2|6
|start
|switch|p1a: Weezing|Weezing-Galar, F|100/100
|switch|p2a: Moltres|Moltres|100/100
|turn|1
|
|t:|1776057856
|move|p2a: Moltres|Will-O-Wisp|p1a: Weezing
|-status|p1a: Weezing|brn
|move|p1a: Weezing|Sludge Wave|p2a: Moltres
|-damage|p2a: Moltres|64/100
|
|-damage|p1a: Weezing|95/100 brn|[from] brn
|upkeep
|turn|2
|
|t:|1776057870
|move|p2a: Moltres|U-turn|p1a: Weezing
|-resisted|p1a: Weezing
|-damage|p1a: Weezing|92/100 brn
|
|t:|1776057872
|switch|p2a: Snorlax|Snorlax, F, shiny|100/100|[from] U-turn
|move|p1a: Weezing|Sludge Wave|p2a: Snorlax
|-damage|p2a: Snorlax|87/100
|-status|p2a: Snorlax|psn
|
|-damage|p2a: Snorlax|75/100 psn|[from] psn
|-damage|p1a: Weezing|86/100 brn|[from] brn
|upkeep
|turn|3
|
|t:|1776057886
|move|p1a: Weezing|Pain Split|p2a: Snorlax
|-sethp|p2a: Snorlax|69/100 psn|[from] move: Pain Split|[silent]
|-sethp|p1a: Weezing|95/100 brn|[from] move: Pain Split
|move|p2a: Snorlax|Curse|p2a: Snorlax
|-unboost|p2a: Snorlax|spe|1
|-boost|p2a: Snorlax|atk|1
|-boost|p2a: Snorlax|def|1
|
|-damage|p2a: Snorlax|56/100 psn|[from] psn
|-damage|p1a: Weezing|89/100 brn|[from] brn
|upkeep
|turn|4
|
|t:|1776057915
|-terastallize|p1a: Weezing|Steel
|move|p1a: Weezing|Sludge Wave|p2a: Snorlax
|-damage|p2a: Snorlax|43/100 psn
|move|p2a: Snorlax|Curse|p2a: Snorlax
|-unboost|p2a: Snorlax|spe|1
|-boost|p2a: Snorlax|atk|1
|-boost|p2a: Snorlax|def|1
|
|-damage|p2a: Snorlax|30/100 psn|[from] psn
|-damage|p1a: Weezing|83/100 brn|[from] brn
|upkeep
|turn|5
|
|t:|1776057927
|move|p1a: Weezing|Sludge Wave|p2a: Snorlax
|-damage|p2a: Snorlax|16/100 psn
|move|p2a: Snorlax|Rest|p2a: Snorlax
|-status|p2a: Snorlax|slp|[from] move: Rest
|-heal|p2a: Snorlax|100/100 slp|[silent]
|-enditem|p2a: Snorlax|Chesto Berry|[eat]
|-curestatus|p2a: Snorlax|slp|[msg]
|
|-damage|p1a: Weezing|77/100 brn|[from] brn
|upkeep
|turn|6
|
|t:|1776057939
|move|p1a: Weezing|Pain Split|p2a: Snorlax
|-sethp|p2a: Snorlax|78/100|[from] move: Pain Split|[silent]
|-sethp|p1a: Weezing|100/100 brn|[from] move: Pain Split
|move|p2a: Snorlax|Amnesia|p2a: Snorlax
|-boost|p2a: Snorlax|spd|2
|
|-damage|p1a: Weezing|95/100 brn|[from] brn
|upkeep
|turn|7
|
|t:|1776057949
|move|p1a: Weezing|Will-O-Wisp|p2a: Snorlax|[miss]
|-miss|p1a: Weezing|p2a: Snorlax
|move|p2a: Snorlax|Curse|p2a: Snorlax
|-unboost|p2a: Snorlax|spe|1
|-boost|p2a: Snorlax|atk|1
|-boost|p2a: Snorlax|def|1
|
|-damage|p1a: Weezing|89/100 brn|[from] brn
|upkeep
|turn|8
|
|t:|1776057959
|move|p1a: Weezing|Will-O-Wisp|p2a: Snorlax
|-status|p2a: Snorlax|brn
|move|p2a: Snorlax|Body Slam|p1a: Weezing
|-resisted|p1a: Weezing
|-damage|p1a: Weezing|73/100 brn
|
|-damage|p1a: Weezing|67/100 brn|[from] brn
|-damage|p2a: Snorlax|72/100 brn|[from] brn
|upkeep
|turn|9
|
|t:|1776057970
|move|p1a: Weezing|Pain Split|p2a: Snorlax
|-sethp|p2a: Snorlax|60/100 brn|[from] move: Pain Split|[silent]
|-sethp|p1a: Weezing|83/100 brn|[from] move: Pain Split
|move|p2a: Snorlax|Body Slam|p1a: Weezing
|-resisted|p1a: Weezing
|-damage|p1a: Weezing|69/100 brn
|
|-damage|p1a: Weezing|63/100 brn|[from] brn
|-damage|p2a: Snorlax|54/100 brn|[from] brn
|upkeep
|turn|10
|
|t:|1776057984
|switch|p1a: Iron Valiant|Iron Valiant|100/100
|-enditem|p1a: Iron Valiant|Booster Energy
|-activate|p1a: Iron Valiant|ability: Quark Drive|[fromitem]
|-start|p1a: Iron Valiant|quarkdrivespe
|move|p2a: Snorlax|Body Slam|p1a: Iron Valiant
|-damage|p1a: Iron Valiant|54/100
|
|-damage|p2a: Snorlax|48/100 brn|[from] brn
|upkeep
|turn|11
|
|t:|1776057997
|move|p1a: Iron Valiant|Calm Mind|p1a: Iron Valiant
|-boost|p1a: Iron Valiant|spa|1
|-boost|p1a: Iron Valiant|spd|1
|move|p2a: Snorlax|Body Slam|p1a: Iron Valiant
|-damage|p1a: Iron Valiant|4/100
|
|-damage|p2a: Snorlax|42/100 brn|[from] brn
|upkeep
|turn|12
|
|t:|1776058012
|move|p1a: Iron Valiant|Aura Sphere|p2a: Snorlax
|-supereffective|p2a: Snorlax
|-damage|p2a: Snorlax|16/100 brn
|move|p2a: Snorlax|Amnesia|p2a: Snorlax
|-boost|p2a: Snorlax|spd|2
|
|-damage|p2a: Snorlax|10/100 brn|[from] brn
|upkeep
|turn|13
|
|t:|1776058023
|-terastallize|p2a: Snorlax|Ghost
|move|p1a: Iron Valiant|Aura Sphere|p2a: Snorlax
|-immune|p2a: Snorlax
|move|p2a: Snorlax|Rest|p2a: Snorlax
|-status|p2a: Snorlax|slp|[from] move: Rest
|-heal|p2a: Snorlax|100/100 slp|[silent]
|
|upkeep
|turn|14
|l|☆KawaiiRatKing
|player|p1|
|inactive|Battle timer is ON: inactive players will automatically lose when time's up. (requested by Noodlezzzzzzzz)
|inactive|KawaiiRatKing has 30 seconds to reconnect!
|inactive|KawaiiRatKing has 20 seconds to reconnect!
|inactive|KawaiiRatKing has 15 seconds to reconnect!
|inactive|KawaiiRatKing has 10 seconds to reconnect!
|inactive|KawaiiRatKing has 5 seconds to reconnect!
|-message|KawaiiRatKing lost due to inactivity.
|
|win|Noodlezzzzzzzz
|raw|KawaiiRatKing's rating: 1182 &rarr; <strong>1161</strong><br />(-21 for losing)
|raw|Noodlezzzzzzzz's rating: 1239 &rarr; <strong>1260</strong><br />(+21 for winning)
|l|☆Noodlezzzzzzzz
|player|p2|
