|html|<div class="broadcast-blue"><strong>[Gen 9] OU is currently suspecting Tera Blast! For information on how to participate check out the <a href="https://www.smogon.com/tools/suspects/view/200">suspect thread</a>.</strong></div>
|j|☆mewtwofuckingy
|j|☆thepoowizard_MD
|t:|1776195388
|gametype|singles
|player|p1|mewtwofuckingy|serena-masters2|1322
|player|p2|thepoowizard_MD|rood|1285
|gen|9
|tier|[Gen 9] OU
|rated|
|rule|HP Percentage Mod: HP is shown in percentages
|rule|Endless Battle Clause: Forcing endless battles is banned
|rule|Species Clause: Limit one of each Pokémon
|rule|OHKO Clause: OHKO moves are banned
|rule|Evasion Items Clause: Evasion items are banned
|rule|Evasion Moves Clause: Evasion moves are banned
|rule|Evasion Abilities Clause: Evasion abilities are banned
|rule|Sleep Moves Clause: Sleep-inducing moves are banned
|clearpoke
|poke|p1|Ninetales, F|
|poke|p1|Walking Wake|
|poke|p1|Cinderace, F|
|poke|p1|Great Tusk|
|poke|p1|Mandibuzz, F|
|poke|p1|Slither Wing|
|poke|p2|Magnezone|
|poke|p2|Cinderace, F|
|poke|p2|Zapdos|
|poke|p2|Great Tusk|
|poke|p2|Darkrai|
|poke|p2|Kyurem|
|teampreview
|inactive|Battle timer is ON: inactive players will automatically lose when time's up. (requested by mewtwofuckingy)
|
|t:|1776195402
|teamsize|p1|6
|teamsize|p2|6
|start
|switch|p1a: Mandibuzz|Mandibuzz, F|100/100
|switch|p2a: Big Tuskackus|Great Tusk|100/100
|-enditem|p2a: Big Tuskackus|Booster Energy
|-activate|p2a: Big Tuskackus|ability: Protosynthesis|[fromitem]
|-start|p2a: Big Tuskackus|protosynthesisspe
|turn|1
|
|t:|1776195411
|move|p2a: Big Tuskackus|Knock Off|p1a: Mandibuzz
|-resisted|p1a: Mandibuzz
|-damage|p1a: Mandibuzz|93/100
|-enditem|p1a: Mandibuzz|Heavy-Duty Boots|[from] move: Knock Off|[of] p2a: Big Tuskackus
|move|p1a: Mandibuzz|Toxic|p2a: Big Tuskackus|[miss]
|-miss|p1a: Mandibuzz|p2a: Big Tuskackus
|
|upkeep
|turn|2
|
|t:|1776195425
|move|p2a: Big Tuskackus|Ice Spinner|p1a: Mandibuzz
|-supereffective|p1a: Mandibuzz
|-damage|p1a: Mandibuzz|66/100
|move|p1a: Mandibuzz|Toxic|p2a: Big Tuskackus
|-status|p2a: Big Tuskackus|tox
|
|-damage|p2a: Big Tuskackus|94/100 tox|[from] psn
|upkeep
|turn|3
|
|t:|1776195429
|-end|p2a: Big Tuskackus|Protosynthesis|[silent]
|switch|p2a: Magnum Jones|Magnezone|100/100
|move|p1a: Mandibuzz|Roost|p1a: Mandibuzz
|-heal|p1a: Mandibuzz|100/100
|-singleturn|p1a: Mandibuzz|move: Roost
|
|upkeep
|turn|4
|
|t:|1776195435
|switch|p1a: Great Tusk|Great Tusk|100/100
|-enditem|p1a: Great Tusk|Booster Energy
|-activate|p1a: Great Tusk|ability: Protosynthesis|[fromitem]
|-start|p1a: Great Tusk|protosynthesisspe
|move|p2a: Magnum Jones|Flash Cannon|p1a: Great Tusk
|-damage|p1a: Great Tusk|0 fnt
|faint|p1a: Great Tusk
|-end|p1a: Great Tusk|Protosynthesis|[silent]
|
|upkeep
|
|t:|1776195442
|switch|p1a: Ninetales|Ninetales, F|100/100
|-weather|SunnyDay|[from] ability: Drought|[of] p1a: Ninetales
|turn|5
|
|t:|1776195451
|switch|p2a: Big Tuskackus|Great Tusk|94/100 tox
|-activate|p2a: Big Tuskackus|ability: Protosynthesis
|-start|p2a: Big Tuskackus|protosynthesisspe
|move|p1a: Ninetales|Overheat|p2a: Big Tuskackus|[miss]
|-miss|p1a: Ninetales|p2a: Big Tuskackus
|
|-weather|SunnyDay|[upkeep]
|-damage|p2a: Big Tuskackus|88/100 tox|[from] psn
|upkeep
|turn|6
|
|t:|1776195464
|switch|p1a: Mandibuzz|Mandibuzz, F|100/100
|move|p2a: Big Tuskackus|Knock Off|p1a: Mandibuzz
|-resisted|p1a: Mandibuzz
|-damage|p1a: Mandibuzz|95/100
|
|-weather|SunnyDay|[upkeep]
|-damage|p2a: Big Tuskackus|76/100 tox|[from] psn
|upkeep
|turn|7
|
|t:|1776195474
|-end|p2a: Big Tuskackus|Protosynthesis|[silent]
|switch|p2a: Zapdos|Zapdos, shiny|100/100
|move|p1a: Mandibuzz|Foul Play|p2a: Zapdos
|-damage|p2a: Zapdos|80/100
|
|-weather|SunnyDay|[upkeep]
|upkeep
|turn|8
|inactive|mewtwofuckingy has 120 seconds left.
|
|t:|1776195523
|move|p2a: Zapdos|Volt Switch|p1a: Mandibuzz
|-supereffective|p1a: Mandibuzz
|-damage|p1a: Mandibuzz|47/100
|j| TheNewBrends11@!
|
|t:|1776195529
|switch|p2a: Magnum Jones|Magnezone|100/100|[from] Volt Switch
|move|p1a: Mandibuzz|Toxic|p2a: Magnum Jones
|-immune|p2a: Magnum Jones
|
|-weather|SunnyDay|[upkeep]
|upkeep
|turn|9
|
|t:|1776195540
|switch|p1a: Cinderace|Cinderace, F|100/100
|move|p2a: Magnum Jones|Discharge|p1a: Cinderace
|-damage|p1a: Cinderace|0 fnt
|faint|p1a: Cinderace
|
|-weather|SunnyDay|[upkeep]
|upkeep
|-message|mewtwofuckingy forfeited.
|
|win|thepoowizard_MD
|raw|mewtwofuckingy's rating: 1322 &rarr; <strong>1300</strong><br />(-22 for losing)
|raw|thepoowizard_MD's rating: 1285 &rarr; <strong>1313</strong><br />(+28 for winning)
|l|☆mewtwofuckingy
|player|p1|
|l|☆thepoowizard_MD
|player|p2|
