|html|<div class="broadcast-blue"><strong>[Gen 9] OU is currently suspecting Tera Blast! For information on how to participate check out the <a href="https://www.smogon.com/tools/suspects/view/200">suspect thread</a>.</strong></div>
|j|☆TheScoob
|j|☆lol_Nymbus
|t:|1776109804
|gametype|singles
|player|p1|TheScoob|hilbert|1257
|player|p2|lol_Nymbus|266|1246
|gen|9
|tier|[Gen 9] OU
|rated|
|rule|HP Percentage Mod: HP is shown in percentages
|rule|Endless Battle Clause: Forcing endless battles is banned
|rule|Species Clause: Limit one of each Pokémon
|rule|OHKO Clause: OHKO moves are banned
|rule|Evasion Items Clause: Evasion items are banned
|rule|Evasion Moves Clause: Evasion moves are banned
|rule|Evasion Abilities Clause: Evasion abilities are banned
|rule|Sleep Moves Clause: Sleep-inducing moves are banned
|clearpoke
|poke|p1|Dragonite, F|
|poke|p1|Zamazenta-*|
|poke|p1|Landorus-Therian, M|
|poke|p1|Gholdengo|
|poke|p1|Darkrai|
|poke|p1|Hatterene, F|
|poke|p2|Torterra, F|
|poke|p2|Ribombee, M|
|poke|p2|Gholdengo|
|poke|p2|Iron Moth|
|poke|p2|Great Tusk|
|poke|p2|Walking Wake|
|teampreview
|inactive|Battle timer is ON: inactive players will automatically lose when time's up. (requested by lol_Nymbus)
|
|t:|1776109820
|teamsize|p1|6
|teamsize|p2|6
|start
|switch|p1a: Darkrai|Darkrai, shiny|100/100
|switch|p2a: Ribombee|Ribombee, M|100/100
|turn|1
|
|t:|1776109833
|move|p1a: Darkrai|Taunt|p2a: Ribombee
|-start|p2a: Ribombee|move: Taunt
|cant|p2a: Ribombee|move: Taunt|Sticky Web
|
|upkeep
|turn|2
|
|t:|1776109859
|switch|p1a: Landorus|Landorus-Therian, M|100/100
|-ability|p1a: Landorus|Intimidate|boost
|-unboost|p2a: Ribombee|atk|1
|move|p2a: Ribombee|Moonblast|p1a: Landorus
|-damage|p1a: Landorus|62/100
|
|upkeep
|turn|3
|
|t:|1776109871
|move|p2a: Ribombee|Moonblast|p1a: Landorus
|-damage|p1a: Landorus|25/100
|move|p1a: Landorus|Stealth Rock|p2a: Ribombee
|-sidestart|p2: lol_Nymbus|move: Stealth Rock
|
|-end|p2a: Ribombee|move: Taunt
|upkeep
|turn|4
|
|t:|1776109883
|switch|p1a: Gholdengo|Gholdengo|100/100
|move|p2a: Ribombee|Sticky Web|p1a: Gholdengo
|-sidestart|p1: TheScoob|move: Sticky Web
|
|upkeep
|turn|5
|
|t:|1776109895
|switch|p2a: Great Tusk|Great Tusk|100/100
|-damage|p2a: Great Tusk|98/100|[from] Stealth Rock
|-enditem|p2a: Great Tusk|Booster Energy
|-activate|p2a: Great Tusk|ability: Protosynthesis|[fromitem]
|-start|p2a: Great Tusk|protosynthesisatk
|move|p1a: Gholdengo|Nasty Plot|p1a: Gholdengo
|-boost|p1a: Gholdengo|spa|2
|
|upkeep
|turn|6
|
|t:|1776109909
|switch|p1a: Landorus|Landorus-Therian, M|25/100
|-ability|p1a: Landorus|Intimidate|boost
|-unboost|p2a: Great Tusk|atk|1
|move|p2a: Great Tusk|Bulk Up|p2a: Great Tusk
|-boost|p2a: Great Tusk|atk|1
|-boost|p2a: Great Tusk|def|1
|
|upkeep
|turn|7
|inactive|TheScoob has 120 seconds left.
|
|t:|1776109926
|move|p2a: Great Tusk|Rapid Spin|p1a: Landorus
|-damage|p1a: Landorus|3/100
|-boost|p2a: Great Tusk|spe|1
|-damage|p2a: Great Tusk|81/100|[from] item: Rocky Helmet|[of] p1a: Landorus
|-sideend|p2: lol_Nymbus|Stealth Rock|[from] move: Rapid Spin|[of] p2a: Great Tusk
|move|p1a: Landorus|Earthquake|p2a: Great Tusk
|-damage|p2a: Great Tusk|57/100
|
|upkeep
|turn|8
|inactive|TheScoob has 120 seconds left.
|
|t:|1776109939
|move|p2a: Great Tusk|Bulk Up|p2a: Great Tusk
|-boost|p2a: Great Tusk|atk|1
|-boost|p2a: Great Tusk|def|1
|move|p1a: Landorus|Earthquake|p2a: Great Tusk
|-damage|p2a: Great Tusk|40/100
|
|upkeep
|turn|9
|inactive|TheScoob has 120 seconds left.
|
|t:|1776109958
|move|p2a: Great Tusk|Bulk Up|p2a: Great Tusk
|-boost|p2a: Great Tusk|atk|1
|-boost|p2a: Great Tusk|def|1
|move|p1a: Landorus|Earthquake|p2a: Great Tusk
|-damage|p2a: Great Tusk|27/100
|
|upkeep
|turn|10
|inactive|TheScoob has 120 seconds left.
|
|t:|1776109965
|move|p2a: Great Tusk|Ice Spinner|p1a: Landorus
|-supereffective|p1a: Landorus
|-damage|p1a: Landorus|0 fnt
|-damage|p2a: Great Tusk|10/100|[from] item: Rocky Helmet|[of] p1a: Landorus
|faint|p1a: Landorus
|
|upkeep
|inactive|TheScoob has 120 seconds left.
|
|t:|1776109972
|switch|p1a: Dragonite|Dragonite, F, shiny|100/100
|turn|11
|inactive|TheScoob has 120 seconds left.
|
|t:|1776109984
|-end|p2a: Great Tusk|Protosynthesis|[silent]
|switch|p2a: Gholdengo|Gholdengo|100/100
|-item|p2a: Gholdengo|Air Balloon
|move|p1a: Dragonite|Extreme Speed|p2a: Gholdengo
|-immune|p2a: Gholdengo
|
|upkeep
|turn|12
|inactive|TheScoob has 120 seconds left.
|
|t:|1776110005
|switch|p1a: Darkrai|Darkrai, shiny|100/100
|move|p2a: Gholdengo|Nasty Plot|p2a: Gholdengo
|-boost|p2a: Gholdengo|spa|2
|
|upkeep
|turn|13
|
|t:|1776110015
|-terastallize|p2a: Gholdengo|Fairy
|move|p1a: Darkrai|Dark Pulse|p2a: Gholdengo
|-resisted|p2a: Gholdengo
|-damage|p2a: Gholdengo|81/100
|-enditem|p2a: Gholdengo|Air Balloon
|move|p2a: Gholdengo|Make It Rain|p1a: Darkrai
|-damage|p1a: Darkrai|0 fnt
|-unboost|p2a: Gholdengo|spa|1
|faint|p1a: Darkrai
|
|upkeep
|
|t:|1776110034
|switch|p1a: Gholdengo|Gholdengo|100/100
|-activate|p1a: Gholdengo|move: Sticky Web
|-unboost|p1a: Gholdengo|spe|1
|turn|14
|
|t:|1776110040
|switch|p2a: Great Tusk|Great Tusk|10/100
|move|p1a: Gholdengo|Make It Rain|p2a: Great Tusk
|-damage|p2a: Great Tusk|0 fnt
|-unboost|p1a: Gholdengo|spa|1
|faint|p2a: Great Tusk
|-end|p2a: Great Tusk|Protosynthesis|[silent]
|
|upkeep
|
|t:|1776110045
|switch|p2a: Torterra|Torterra, F|100/100
|turn|15
|inactive|TheScoob has 120 seconds left.
|
|t:|1776110053
|switch|p1a: Dragonite|Dragonite, F, shiny|100/100
|move|p2a: Torterra|Shell Smash|p2a: Torterra
|-unboost|p2a: Torterra|def|1
|-unboost|p2a: Torterra|spd|1
|-boost|p2a: Torterra|atk|2
|-boost|p2a: Torterra|spa|2
|-boost|p2a: Torterra|spe|2
|
|upkeep
|turn|16
|inactive|TheScoob has 120 seconds left.
|inactive|TheScoob has 90 seconds left.
|
|t:|1776110100
|switch|p1a: Gholdengo|Gholdengo|100/100
|-activate|p1a: Gholdengo|move: Sticky Web
|-unboost|p1a: Gholdengo|spe|1
|move|p2a: Torterra|Rock Blast|p1a: Gholdengo|[miss]
|-miss|p2a: Torterra|p1a: Gholdengo
|
|upkeep
|turn|17
|inactive|TheScoob has 90 seconds left.
|
|t:|1776110110
|switch|p1a: Zamazenta|Zamazenta|100/100
|-activate|p1a: Zamazenta|move: Sticky Web
|-unboost|p1a: Zamazenta|spe|1
|-ability|p1a: Zamazenta|Dauntless Shield|boost
|-boost|p1a: Zamazenta|def|1
|move|p2a: Torterra|Headlong Rush|p1a: Zamazenta
|-damage|p1a: Zamazenta|42/100
|-unboost|p2a: Torterra|def|1
|-unboost|p2a: Torterra|spd|1
|
|-heal|p1a: Zamazenta|48/100|[from] item: Leftovers
|upkeep
|turn|18
|inactive|TheScoob has 90 seconds left.
|
|t:|1776110135
|move|p2a: Torterra|Bullet Seed|p1a: Zamazenta
|-damage|p1a: Zamazenta|34/100
|-damage|p1a: Zamazenta|22/100
|-crit|p1a: Zamazenta
|-damage|p1a: Zamazenta|0 fnt
|faint|p1a: Zamazenta
|-hitcount|p1: Zamazenta|3
|
|upkeep
|
|t:|1776110143
|switch|p1a: Dragonite|Dragonite, F, shiny|100/100
|turn|19
|
|t:|1776110146
|-terastallize|p1a: Dragonite|Flying
|move|p2a: Torterra|Rock Blast|p1a: Dragonite
|-supereffective|p1a: Dragonite
|-damage|p1a: Dragonite|82/100
|-supereffective|p1a: Dragonite
|-damage|p1a: Dragonite|43/100
|-supereffective|p1a: Dragonite
|-damage|p1a: Dragonite|3/100
|-supereffective|p1a: Dragonite
|-damage|p1a: Dragonite|0 fnt
|faint|p1a: Dragonite
|-hitcount|p1: Dragonite|4
|
|upkeep
|inactive|TheScoob has 90 seconds left.
|
|t:|1776110156
|switch|p1a: Gholdengo|Gholdengo|100/100
|-activate|p1a: Gholdengo|move: Sticky Web
|-unboost|p1a: Gholdengo|spe|1
|turn|20
|c|☆lol_Nymbus|gg
|
|t:|1776110162
|move|p2a: Torterra|Headlong Rush|p1a: Gholdengo
|-supereffective|p1a: Gholdengo
|-damage|p1a: Gholdengo|0 fnt
|-unboost|p2a: Torterra|def|1
|-unboost|p2a: Torterra|spd|1
|faint|p1a: Gholdengo
|
|upkeep
|c|☆TheScoob|gg
|
|t:|1776110168
|switch|p1a: Hatterene|Hatterene, F|100/100
|-activate|p1a: Hatterene|move: Sticky Web
|-unboost|p1a: Hatterene|spe|1
|turn|21
|
|t:|1776110173
|move|p2a: Torterra|Headlong Rush|p1a: Hatterene
|-damage|p1a: Hatterene|0 fnt
|-unboost|p2a: Torterra|def|1
|-unboost|p2a: Torterra|spd|1
|faint|p1a: Hatterene
|
|win|lol_Nymbus
|raw|TheScoob's rating: 1257 &rarr; <strong>1231</strong><br />(-26 for losing)
|raw|lol_Nymbus's rating: 1246 &rarr; <strong>1272</strong><br />(+26 for winning)
|l|☆TheScoob
|player|p1|
