|html|<div class="broadcast-blue"><strong>[Gen 9] OU is currently suspecting Tera Blast! For information on how to participate check out the <a href="https://www.smogon.com/tools/suspects/view/200">suspect thread</a>.</strong></div>
|j|☆AceTrainerRoshan
|j|☆magistermilitum420
|t:|1776037122
|gametype|singles
|player|p1|AceTrainerRoshan|265|1260
|player|p2|magistermilitum420|blue|1221
|gen|9
|tier|[Gen 9] OU
|rated|
|rule|HP Percentage Mod: HP is shown in percentages
|rule|Endless Battle Clause: Forcing endless battles is banned
|rule|Species Clause: Limit one of each Pokémon
|rule|OHKO Clause: OHKO moves are banned
|rule|Evasion Items Clause: Evasion items are banned
|rule|Evasion Moves Clause: Evasion moves are banned
|rule|Evasion Abilities Clause: Evasion abilities are banned
|rule|Sleep Moves Clause: Sleep-inducing moves are banned
|clearpoke
|poke|p1|Excadrill, M|
|poke|p1|Serperior, F|
|poke|p1|Grimmsnarl, M|
|poke|p1|Ceruledge, M|
|poke|p1|Kingambit, M|
|poke|p1|Iron Valiant|
|poke|p2|Meowscarada, F|
|poke|p2|Great Tusk|
|poke|p2|Alomomola, F|
|poke|p2|Slowking-Galar, M|
|poke|p2|Dragonite, M|
|poke|p2|Heatran, F|
|teampreview
|
|t:|1776037130
|teamsize|p1|6
|teamsize|p2|6
|start
|switch|p1a: Grimmsnarl|Grimmsnarl, M|100/100
|switch|p2a: Mahad|Meowscarada, F, shiny|100/100
|turn|1
|
|t:|1776037148
|switch|p1a: Serperior|Serperior, F, shiny|100/100
|move|p2a: Mahad|Flower Trick|p1a: Serperior
|-start|p2a: Mahad|typechange|Grass|[from] ability: Protean
|-resisted|p1a: Serperior
|-crit|p1a: Serperior
|-damage|p1a: Serperior|70/100
|
|-heal|p1a: Serperior|76/100|[from] item: Leftovers
|upkeep
|turn|2
|inactive|Battle timer is ON: inactive players will automatically lose when time's up. (requested by AceTrainerRoshan)
|
|t:|1776037166
|switch|p2a: Vulcanus|Heatran, F, shiny|100/100
|move|p1a: Serperior|Glare|p2a: Vulcanus
|-status|p2a: Vulcanus|par
|
|-heal|p1a: Serperior|82/100|[from] item: Leftovers
|upkeep
|turn|3
|
|t:|1776037186
|switch|p1a: Iron Valiant|Iron Valiant|100/100
|move|p2a: Vulcanus|Overheat|p1a: Iron Valiant
|-damage|p1a: Iron Valiant|0 fnt
|-unboost|p2a: Vulcanus|spa|2
|faint|p1a: Iron Valiant
|-end|p1a: Iron Valiant|Quark Drive|[silent]
|
|upkeep
|inactive|AceTrainerRoshan has 120 seconds left.
|
|t:|1776037211
|switch|p1a: Ceruledge|Ceruledge, M|100/100
|turn|4
|
|t:|1776037222
|switch|p2a: Charybdis|Alomomola, F, shiny|100/100
|move|p1a: Ceruledge|Swords Dance|p1a: Ceruledge
|-boost|p1a: Ceruledge|atk|2
|
|upkeep
|turn|5
|
|t:|1776037229
|move|p1a: Ceruledge|Poltergeist|p2a: Charybdis
|-activate|p2a: Charybdis|move: Poltergeist|Heavy-Duty Boots
|-damage|p2a: Charybdis|36/100
|move|p2a: Charybdis|Scald|p1a: Ceruledge
|-supereffective|p1a: Ceruledge
|-damage|p1a: Ceruledge|68/100
|
|upkeep
|turn|6
|
|t:|1776037245
|switch|p2a: Mahad|Meowscarada, F, shiny|100/100
|move|p1a: Ceruledge|Poltergeist|p2a: Mahad
|-activate|p2a: Mahad|move: Poltergeist|Choice Scarf
|-resisted|p2a: Mahad
|-damage|p2a: Mahad|0 fnt
|faint|p2a: Mahad
|
|upkeep
|
|t:|1776037257
|switch|p2a: Ladon|Dragonite, M, shiny|100/100
|turn|7
|
|t:|1776037267
|move|p2a: Ladon|Dragon Dance|p2a: Ladon
|-boost|p2a: Ladon|atk|1
|-boost|p2a: Ladon|spe|1
|move|p1a: Ceruledge|Poltergeist|p2a: Ladon
|-activate|p2a: Ladon|move: Poltergeist|Heavy-Duty Boots
|-damage|p2a: Ladon|37/100
|
|upkeep
|turn|8
|
|t:|1776037275
|move|p1a: Ceruledge|Shadow Sneak|p2a: Ladon
|-damage|p2a: Ladon|0 fnt
|faint|p2a: Ladon
|
|upkeep
|
|t:|1776037283
|switch|p2a: Vulcanus|Heatran, F, shiny|100/100 par
|turn|9
|
|t:|1776037290
|move|p1a: Ceruledge|Poltergeist|p2a: Vulcanus|[miss]
|-miss|p1a: Ceruledge|p2a: Vulcanus
|move|p2a: Vulcanus|Earth Power|p1a: Ceruledge
|-supereffective|p1a: Ceruledge
|-damage|p1a: Ceruledge|0 fnt
|faint|p1a: Ceruledge
|
|upkeep
|
|t:|1776037299
|switch|p1a: Excadrill|Excadrill, M|100/100
|-ability|p1a: Excadrill|Mold Breaker
|turn|10
|
|t:|1776037309
|switch|p2a: Barca|Great Tusk|100/100
|move|p1a: Excadrill|Earthquake|p2a: Barca
|-damage|p2a: Barca|59/100
|
|upkeep
|turn|11
|
|t:|1776037324
|switch|p1a: Serperior|Serperior, F, shiny|82/100
|move|p2a: Barca|Close Combat|p1a: Serperior
|-damage|p1a: Serperior|10/100
|-unboost|p2a: Barca|def|1
|-unboost|p2a: Barca|spd|1
|
|-heal|p1a: Serperior|16/100|[from] item: Leftovers
|upkeep
|turn|12
|
|t:|1776037339
|-end|p2a: Barca|Protosynthesis|[silent]
|switch|p2a: Vulcanus|Heatran, F, shiny|100/100 par
|move|p1a: Serperior|Leaf Storm|p2a: Vulcanus
|-resisted|p2a: Vulcanus
|-damage|p2a: Vulcanus|89/100 par
|-boost|p1a: Serperior|spa|2
|
|-heal|p1a: Serperior|22/100|[from] item: Leftovers
|upkeep
|turn|13
|
|t:|1776037349
|move|p1a: Serperior|Leaf Storm|p2a: Vulcanus
|-resisted|p2a: Vulcanus
|-damage|p2a: Vulcanus|65/100 par
|-boost|p1a: Serperior|spa|2
|move|p2a: Vulcanus|Overheat|p1a: Serperior
|-supereffective|p1a: Serperior
|-damage|p1a: Serperior|0 fnt
|-unboost|p2a: Vulcanus|spa|2
|faint|p1a: Serperior
|
|upkeep
|
|t:|1776037358
|switch|p1a: Excadrill|Excadrill, M|100/100
|-ability|p1a: Excadrill|Mold Breaker
|turn|14
|
|t:|1776037372
|-terastallize|p2a: Vulcanus|Grass
|move|p1a: Excadrill|Earthquake|p2a: Vulcanus
|-resisted|p2a: Vulcanus
|-damage|p2a: Vulcanus|39/100 par
|cant|p2a: Vulcanus|par
|
|upkeep
|turn|15
|
|t:|1776037393
|move|p1a: Excadrill|Iron Head|p2a: Vulcanus
|-damage|p2a: Vulcanus|0 fnt
|faint|p2a: Vulcanus
|
|upkeep
|
|t:|1776037407
|switch|p2a: Charybdis|Alomomola, F, shiny|70/100
|turn|16
|inactive|AceTrainerRoshan has 120 seconds left.
|
|t:|1776037434
|switch|p1a: Grimmsnarl|Grimmsnarl, M|100/100
|move|p2a: Charybdis|Scald|p1a: Grimmsnarl
|-damage|p1a: Grimmsnarl|91/100
|
|-heal|p1a: Grimmsnarl|97/100|[from] item: Leftovers
|upkeep
|turn|17
|inactive|AceTrainerRoshan has 120 seconds left.
|
|t:|1776037447
|move|p1a: Grimmsnarl|Thunder Wave|p2a: Charybdis
|-status|p2a: Charybdis|par
|move|p2a: Charybdis|Wish|p2a: Charybdis
|
|-heal|p1a: Grimmsnarl|100/100|[from] item: Leftovers
|upkeep
|turn|18
|
|t:|1776037460
|move|p1a: Grimmsnarl|Light Screen|p1a: Grimmsnarl
|-sidestart|p1: AceTrainerRoshan|move: Light Screen
|move|p2a: Charybdis|Scald|p1a: Grimmsnarl
|-damage|p1a: Grimmsnarl|96/100
|
|-heal|p2a: Charybdis|100/100 par|[from] move: Wish|[wisher] Charybdis
|-heal|p1a: Grimmsnarl|100/100|[from] item: Leftovers
|upkeep
|turn|19
|
|t:|1776037467
|move|p1a: Grimmsnarl|Reflect|p1a: Grimmsnarl
|-sidestart|p1: AceTrainerRoshan|Reflect
|move|p2a: Charybdis|Scald|p1a: Grimmsnarl
|-damage|p1a: Grimmsnarl|95/100
|
|-heal|p1a: Grimmsnarl|100/100|[from] item: Leftovers
|upkeep
|turn|20
|
|t:|1776037473
|move|p1a: Grimmsnarl|Parting Shot|p2a: Charybdis
|-unboost|p2a: Charybdis|atk|1
|-unboost|p2a: Charybdis|spa|1
|
|t:|1776037486
|switch|p1a: Kingambit|Kingambit, M|100/100|[from] Parting Shot
|-activate|p1a: Kingambit|ability: Supreme Overlord
|-start|p1a: Kingambit|fallen3|[silent]
|move|p2a: Charybdis|Wish|p2a: Charybdis
|
|upkeep
|turn|21
|
|t:|1776037492
|move|p1a: Kingambit|Kowtow Cleave|p2a: Charybdis
|-damage|p2a: Charybdis|66/100 par
|move|p2a: Charybdis|Flip Turn|p1a: Kingambit
|-damage|p1a: Kingambit|96/100
|
|t:|1776037498
|switch|p2a: Barca|Great Tusk|59/100|[from] Flip Turn
|
|-heal|p2a: Barca|100/100|[from] move: Wish|[wisher] Charybdis
|-heal|p1a: Kingambit|100/100|[from] item: Leftovers
|upkeep
|turn|22
|
|t:|1776037516
|-terastallize|p1a: Kingambit|Ghost
|move|p2a: Barca|Close Combat|p1a: Kingambit
|-immune|p1a: Kingambit
|move|p1a: Kingambit|Iron Head|p2a: Barca
|-damage|p2a: Barca|56/100
|
|-sideend|p1: AceTrainerRoshan|move: Light Screen
|upkeep
|turn|23
|
|t:|1776037526
|move|p2a: Barca|Knock Off|p1a: Kingambit
|-supereffective|p1a: Kingambit
|-damage|p1a: Kingambit|71/100
|-enditem|p1a: Kingambit|Leftovers|[from] move: Knock Off|[of] p2a: Barca
|move|p1a: Kingambit|Iron Head|p2a: Barca
|-damage|p2a: Barca|8/100
|
|-sideend|p1: AceTrainerRoshan|Reflect
|upkeep
|turn|24
|
|t:|1776037535
|-end|p2a: Barca|Protosynthesis|[silent]
|switch|p2a: Charybdis|Alomomola, F, shiny|99/100 par
|move|p1a: Kingambit|Sucker Punch||[still]
|-fail|p1a: Kingambit
|
|upkeep
|turn|25
|
|t:|1776037540
|move|p1a: Kingambit|Swords Dance|p1a: Kingambit
|-boost|p1a: Kingambit|atk|2
|move|p2a: Charybdis|Scald|p1a: Kingambit
|-crit|p1a: Kingambit
|-damage|p1a: Kingambit|49/100
|
|upkeep
|turn|26
|
|t:|1776037546
|move|p1a: Kingambit|Kowtow Cleave|p2a: Charybdis
|-damage|p2a: Charybdis|24/100 par
|cant|p2a: Charybdis|par
|
|upkeep
|turn|27
|
|t:|1776037553
|move|p1a: Kingambit|Kowtow Cleave|p2a: Charybdis
|-damage|p2a: Charybdis|0 fnt
|faint|p2a: Charybdis
|
|upkeep
|
|t:|1776037559
|switch|p2a: Barca|Great Tusk|8/100
|turn|28
|
|t:|1776037564
|move|p1a: Kingambit|Sucker Punch|p2a: Barca
|-resisted|p2a: Barca
|-damage|p2a: Barca|0 fnt
|faint|p2a: Barca
|-end|p2a: Barca|Protosynthesis|[silent]
|
|upkeep
|
|t:|1776037568
|switch|p2a: Mithridates|Slowking-Galar, M|100/100
|turn|29
|
|t:|1776037573
|move|p1a: Kingambit|Kowtow Cleave|p2a: Mithridates
|-supereffective|p2a: Mithridates
|-damage|p2a: Mithridates|0 fnt
|faint|p2a: Mithridates
|
|win|AceTrainerRoshan
|raw|AceTrainerRoshan's rating: 1260 &rarr; <strong>1282</strong><br />(+22 for winning)
|raw|magistermilitum420's rating: 1221 &rarr; <strong>1199</strong><br />(-22 for losing)
