|html|<div class="broadcast-blue"><strong>[Gen 9] OU is currently suspecting Tera Blast! For information on how to participate check out the <a href="https://www.smogon.com/tools/suspects/view/200">suspect thread</a>.</strong></div>
|j|☆idonteatpets
|j|☆CrYMoDzZ
|t:|1776082783
|gametype|singles
|player|p1|idonteatpets|102|1214
|player|p2|CrYMoDzZ|byron|1236
|gen|9
|tier|[Gen 9] OU
|rated|
|rule|HP Percentage Mod: HP is shown in percentages
|rule|Endless Battle Clause: Forcing endless battles is banned
|rule|Species Clause: Limit one of each Pokémon
|rule|OHKO Clause: OHKO moves are banned
|rule|Evasion Items Clause: Evasion items are banned
|rule|Evasion Moves Clause: Evasion moves are banned
|rule|Evasion Abilities Clause: Evasion abilities are banned
|rule|Sleep Moves Clause: Sleep-inducing moves are banned
|clearpoke
|poke|p1|Chansey, F|
|poke|p1|Darkrai|
|poke|p1|Hoopa-Unbound|
|poke|p1|Zamazenta-*|
|poke|p1|Glimmora, F|
|poke|p1|Alomomola, M|
|poke|p2|Kingambit, M|
|poke|p2|Heatran, F|
|poke|p2|Gholdengo|
|poke|p2|Iron Treads|
|poke|p2|Metagross|
|poke|p2|Corviknight, F|
|teampreview
|
|t:|1776082812
|teamsize|p1|6
|teamsize|p2|6
|start
|switch|p1a: Darkrai|Darkrai|100/100
|switch|p2a: Heatran|Heatran, F|100/100
|-item|p2a: Heatran|Air Balloon
|turn|1
|inactive|Battle timer is ON: inactive players will automatically lose when time's up. (requested by CrYMoDzZ)
|
|t:|1776082819
|switch|p2a: Corviknight|Corviknight, F|100/100
|move|p1a: Darkrai|Dark Pulse|p2a: Corviknight
|-damage|p2a: Corviknight|50/100
|
|-heal|p2a: Corviknight|56/100|[from] item: Leftovers
|upkeep
|turn|2
|
|t:|1776082824
|move|p1a: Darkrai|Dark Pulse|p2a: Corviknight
|-damage|p2a: Corviknight|0 fnt
|faint|p2a: Corviknight
|
|upkeep
|
|t:|1776082830
|switch|p2a: Iron Treads|Iron Treads|100/100
|-enditem|p2a: Iron Treads|Booster Energy
|-activate|p2a: Iron Treads|ability: Quark Drive|[fromitem]
|-start|p2a: Iron Treads|quarkdriveatk
|turn|3
|
|t:|1776082853
|move|p1a: Darkrai|Dark Pulse|p2a: Iron Treads
|-damage|p2a: Iron Treads|17/100
|move|p2a: Iron Treads|Heavy Slam|p1a: Darkrai
|-damage|p1a: Darkrai|19/100
|
|upkeep
|turn|4
|
|t:|1776082862
|move|p1a: Darkrai|Dark Pulse|p2a: Iron Treads
|-damage|p2a: Iron Treads|0 fnt
|faint|p2a: Iron Treads
|-end|p2a: Iron Treads|Quark Drive|[silent]
|
|upkeep
|
|t:|1776082866
|switch|p2a: Metagross|Metagross|100/100
|turn|5
|inactive|idonteatpets has 120 seconds left.
|
|t:|1776082909
|move|p2a: Metagross|Bullet Punch|p1a: Darkrai
|-damage|p1a: Darkrai|0 fnt
|faint|p1a: Darkrai
|
|upkeep
|
|t:|1776082918
|switch|p1a: Zamazenta|Zamazenta|100/100
|-ability|p1a: Zamazenta|Dauntless Shield|boost
|-boost|p1a: Zamazenta|def|1
|turn|6
|
|t:|1776082930
|-terastallize|p2a: Metagross|Psychic
|move|p1a: Zamazenta|Iron Defense|p1a: Zamazenta
|-boost|p1a: Zamazenta|def|2
|move|p2a: Metagross|Psychic Fangs|p1a: Zamazenta
|-supereffective|p1a: Zamazenta
|-damage|p1a: Zamazenta|59/100
|
|upkeep
|turn|7
|inactive|idonteatpets has 120 seconds left.
|
|t:|1776082939
|move|p1a: Zamazenta|Iron Defense|p1a: Zamazenta
|-boost|p1a: Zamazenta|def|2
|move|p2a: Metagross|Psychic Fangs|p1a: Zamazenta
|-supereffective|p1a: Zamazenta
|-damage|p1a: Zamazenta|26/100
|
|upkeep
|turn|8
|inactive|idonteatpets has 120 seconds left.
|
|t:|1776082949
|move|p1a: Zamazenta|Rest|p1a: Zamazenta
|-status|p1a: Zamazenta|slp|[from] move: Rest
|-heal|p1a: Zamazenta|100/100 slp|[silent]
|-enditem|p1a: Zamazenta|Chesto Berry|[eat]
|-curestatus|p1a: Zamazenta|slp|[msg]
|move|p2a: Metagross|Psychic Fangs|p1a: Zamazenta
|-supereffective|p1a: Zamazenta
|-damage|p1a: Zamazenta|72/100
|
|upkeep
|turn|9
|inactive|idonteatpets has 120 seconds left.
|
|t:|1776082968
|move|p1a: Zamazenta|Crunch|p2a: Metagross
|-supereffective|p2a: Metagross
|-damage|p2a: Metagross|64/100
|move|p2a: Metagross|Psychic Fangs|p1a: Zamazenta
|-supereffective|p1a: Zamazenta
|-damage|p1a: Zamazenta|43/100
|
|upkeep
|turn|10
|inactive|idonteatpets has 120 seconds left.
|
|t:|1776082974
|move|p1a: Zamazenta|Body Press|p2a: Metagross
|-resisted|p2a: Metagross
|-damage|p2a: Metagross|16/100
|move|p2a: Metagross|Psychic Fangs|p1a: Zamazenta
|-supereffective|p1a: Zamazenta
|-damage|p1a: Zamazenta|10/100
|
|upkeep
|turn|11
|inactive|idonteatpets has 120 seconds left.
|
|t:|1776082992
|move|p1a: Zamazenta|Rest|p1a: Zamazenta
|-status|p1a: Zamazenta|slp|[from] move: Rest
|-heal|p1a: Zamazenta|100/100 slp|[silent]
|move|p2a: Metagross|Psychic Fangs|p1a: Zamazenta
|-supereffective|p1a: Zamazenta
|-damage|p1a: Zamazenta|68/100 slp
|
|upkeep
|turn|12
|inactive|idonteatpets has 120 seconds left.
|
|t:|1776082997
|switch|p2a: Heatran|Heatran, F|100/100
|-item|p2a: Heatran|Air Balloon
|cant|p1a: Zamazenta|slp
|
|upkeep
|turn|13
|
|t:|1776083003
|cant|p1a: Zamazenta|slp
|move|p2a: Heatran|Magma Storm|p1a: Zamazenta
|-damage|p1a: Zamazenta|23/100 slp
|-activate|p1a: Zamazenta|move: Magma Storm|[of] p2a: Heatran
|
|-damage|p1a: Zamazenta|11/100 slp|[from] move: Magma Storm|[partiallytrapped]
|upkeep
|turn|14
|
|t:|1776083010
|move|p2a: Heatran|Protect|p2a: Heatran
|-singleturn|p2a: Heatran|Protect
|-curestatus|p1a: Zamazenta|slp|[msg]
|move|p1a: Zamazenta|Body Press|p2a: Heatran
|-activate|p2a: Heatran|move: Protect
|
|-damage|p1a: Zamazenta|0 fnt|[from] move: Magma Storm|[partiallytrapped]
|faint|p1a: Zamazenta
|upkeep
|
|t:|1776083015
|switch|p1a: Alomomola|Alomomola, M|100/100
|turn|15
|
|t:|1776083020
|switch|p2a: Metagross|Metagross, tera:Psychic|16/100
|move|p1a: Alomomola|Flip Turn|p2a: Metagross
|-damage|p2a: Metagross|3/100
|
|t:|1776083025
|switch|p1a: Glimmora|Glimmora, F|100/100|[from] Flip Turn
|
|upkeep
|turn|16
|
|t:|1776083034
|move|p1a: Glimmora|Meteor Beam||[still]
|-prepare|p1a: Glimmora|Meteor Beam
|-boost|p1a: Glimmora|spa|1
|-enditem|p1a: Glimmora|Power Herb
|-anim|p1a: Glimmora|Meteor Beam|p2a: Metagross
|-damage|p2a: Metagross|0 fnt
|faint|p2a: Metagross
|
|upkeep
|
|t:|1776083038
|switch|p2a: Heatran|Heatran, F|100/100
|-item|p2a: Heatran|Air Balloon
|turn|17
|
|t:|1776083043
|move|p1a: Glimmora|Dazzling Gleam|p2a: Heatran
|-resisted|p2a: Heatran
|-damage|p2a: Heatran|90/100
|-enditem|p2a: Heatran|Air Balloon
|move|p2a: Heatran|Earth Power|p1a: Glimmora
|-supereffective|p1a: Glimmora
|-damage|p1a: Glimmora|0 fnt
|faint|p1a: Glimmora
|
|upkeep
|
|t:|1776083047
|switch|p1a: Hoopa|Hoopa-Unbound|100/100
|turn|18
|
|t:|1776083052
|move|p2a: Heatran|Magma Storm|p1a: Hoopa
|-damage|p1a: Hoopa|46/100
|-activate|p1a: Hoopa|move: Magma Storm|[of] p2a: Heatran
|move|p1a: Hoopa|Drain Punch|p2a: Heatran
|-supereffective|p2a: Heatran
|-damage|p2a: Heatran|27/100
|-heal|p1a: Hoopa|79/100|[from] drain|[of] p2a: Heatran
|
|-heal|p1a: Hoopa|85/100|[from] item: Leftovers
|-damage|p1a: Hoopa|73/100|[from] move: Magma Storm|[partiallytrapped]
|upkeep
|turn|19
|
|t:|1776083058
|move|p2a: Heatran|Protect|p2a: Heatran
|-singleturn|p2a: Heatran|Protect
|move|p1a: Hoopa|Drain Punch|p2a: Heatran
|-activate|p2a: Heatran|move: Protect
|
|-heal|p1a: Hoopa|79/100|[from] item: Leftovers
|-damage|p1a: Hoopa|67/100|[from] move: Magma Storm|[partiallytrapped]
|upkeep
|turn|20
|
|t:|1776083078
|switch|p2a: Gholdengo|Gholdengo|100/100
|move|p1a: Hoopa|Drain Punch|p2a: Gholdengo
|-immune|p2a: Gholdengo
|
|-heal|p1a: Hoopa|73/100|[from] item: Leftovers
|-end|p1a: Hoopa|Magma Storm|[partiallytrapped]|[silent]
|upkeep
|turn|21
|
|t:|1776083084
|move|p2a: Gholdengo|Dazzling Gleam|p1a: Hoopa
|-supereffective|p1a: Hoopa
|-damage|p1a: Hoopa|13/100
|move|p1a: Hoopa|Dark Pulse|p2a: Gholdengo
|-supereffective|p2a: Gholdengo
|-damage|p2a: Gholdengo|0 fnt
|faint|p2a: Gholdengo
|
|-heal|p1a: Hoopa|19/100|[from] item: Leftovers
|upkeep
|
|t:|1776083088
|switch|p2a: Heatran|Heatran, F|27/100
|turn|22
|
|t:|1776083092
|move|p2a: Heatran|Magma Storm|p1a: Hoopa|[miss]
|-miss|p2a: Heatran|p1a: Hoopa
|move|p1a: Hoopa|Drain Punch|p2a: Heatran
|-supereffective|p2a: Heatran
|-damage|p2a: Heatran|0 fnt
|-heal|p1a: Hoopa|33/100|[from] drain|[of] p2a: Heatran
|faint|p2a: Heatran
|
|-heal|p1a: Hoopa|39/100|[from] item: Leftovers
|upkeep
|
|t:|1776083098
|switch|p2a: Kingambit|Kingambit, M|100/100
|-activate|p2a: Kingambit|ability: Supreme Overlord
|-start|p2a: Kingambit|fallen5|[silent]
|turn|23
|
|t:|1776083103
|move|p2a: Kingambit|Sucker Punch|p1a: Hoopa
|-damage|p1a: Hoopa|0 fnt
|faint|p1a: Hoopa
|
|upkeep
|
|t:|1776083108
|switch|p1a: Chansey|Chansey, F|100/100
|turn|24
|
|t:|1776083113
|-terastallize|p1a: Chansey|Ghost
|move|p2a: Kingambit|Iron Head|p1a: Chansey
|-damage|p1a: Chansey|56/100
|move|p1a: Chansey|Thunder Wave|p2a: Kingambit
|-status|p2a: Kingambit|par
|
|upkeep
|turn|25
|
|t:|1776083123
|switch|p1a: Alomomola|Alomomola, M|100/100
|cant|p2a: Kingambit|par
|
|upkeep
|turn|26
|
|t:|1776083131
|move|p1a: Alomomola|Wish|p1a: Alomomola
|move|p2a: Kingambit|Kowtow Cleave|p1a: Alomomola
|-damage|p1a: Alomomola|52/100
|
|-heal|p1a: Alomomola|58/100|[from] item: Leftovers
|upkeep
|turn|27
|
|t:|1776083138
|move|p1a: Alomomola|Flip Turn|p2a: Kingambit
|-damage|p2a: Kingambit|89/100 par
|
|t:|1776083141
|switch|p1a: Chansey|Chansey, F, tera:Ghost|56/100|[from] Flip Turn
|move|p2a: Kingambit|Swords Dance|p2a: Kingambit
|-boost|p2a: Kingambit|atk|2
|
|-heal|p1a: Chansey|94/100|[from] move: Wish|[wisher] Alomomola
|upkeep
|turn|28
|
|t:|1776083151
|move|p1a: Chansey|Seismic Toss|p2a: Kingambit
|-damage|p2a: Kingambit|59/100 par
|move|p2a: Kingambit|Kowtow Cleave|p1a: Chansey
|-supereffective|p1a: Chansey
|-damage|p1a: Chansey|0 fnt
|faint|p1a: Chansey
|
|upkeep
|
|t:|1776083158
|switch|p1a: Alomomola|Alomomola, M|92/100
|turn|29
|
|t:|1776083161
|move|p1a: Alomomola|Ice Beam|p2a: Kingambit
|-resisted|p2a: Kingambit
|-damage|p2a: Kingambit|53/100 par
|move|p2a: Kingambit|Kowtow Cleave|p1a: Alomomola
|-damage|p1a: Alomomola|0 fnt
|faint|p1a: Alomomola
|
|win|CrYMoDzZ
|raw|idonteatpets's rating: 1214 &rarr; <strong>1191</strong><br />(-23 for losing)
|raw|CrYMoDzZ's rating: 1236 &rarr; <strong>1259</strong><br />(+23 for winning)
|c|☆CrYMoDzZ|gg
|c|☆idonteatpets|gg
|l|☆CrYMoDzZ
|player|p2|
