|html|<div class="broadcast-blue"><strong>[Gen 9] OU is currently suspecting Tera Blast! For information on how to participate check out the <a href="https://www.smogon.com/tools/suspects/view/200">suspect thread</a>.</strong></div>
|j|☆Bulldogj4m
|j|☆TeeDeeBee
|t:|1776062111
|gametype|singles
|player|p1|Bulldogj4m|102|1321
|player|p2|TeeDeeBee|170|1379
|gen|9
|tier|[Gen 9] OU
|rated|
|rule|HP Percentage Mod: HP is shown in percentages
|rule|Endless Battle Clause: Forcing endless battles is banned
|rule|Species Clause: Limit one of each Pokémon
|rule|OHKO Clause: OHKO moves are banned
|rule|Evasion Items Clause: Evasion items are banned
|rule|Evasion Moves Clause: Evasion moves are banned
|rule|Evasion Abilities Clause: Evasion abilities are banned
|rule|Sleep Moves Clause: Sleep-inducing moves are banned
|clearpoke
|poke|p1|Greninja-*, M|
|poke|p1|Slowking-Galar, M|
|poke|p1|Glaceon, M|
|poke|p1|Dragapult, M|
|poke|p1|Cinderace, M|
|poke|p1|Rillaboom, M|
|poke|p2|Sylveon, F|
|poke|p2|Deoxys-Speed|
|poke|p2|Iron Treads|
|poke|p2|Pecharunt|
|poke|p2|Ogerpon-Wellspring, F|
|poke|p2|Zamazenta-*|
|teampreview
|
|t:|1776062152
|teamsize|p1|6
|teamsize|p2|6
|start
|switch|p1a: Greninja|Greninja, M|100/100
|switch|p2a: Deoxys|Deoxys-Speed|100/100
|-ability|p2a: Deoxys|Pressure
|turn|1
|
|t:|1776062187
|switch|p2a: Ogerpon|Ogerpon-Wellspring, F|100/100
|move|p1a: Greninja|Blizzard|p2a: Ogerpon
|-damage|p2a: Ogerpon|54/100
|-damage|p1a: Greninja|91/100|[from] item: Life Orb
|
|upkeep
|turn|2
|
|t:|1776062203
|move|p1a: Greninja|Dark Pulse|p2a: Ogerpon
|-damage|p2a: Ogerpon|5/100
|-damage|p1a: Greninja|81/100|[from] item: Life Orb
|move|p2a: Ogerpon|U-turn|p1a: Greninja
|-supereffective|p1a: Greninja
|-damage|p1a: Greninja|0 fnt
|faint|p1a: Greninja
|
|t:|1776062213
|switch|p2a: Sylveon|Sylveon, F|100/100|[from] U-turn
|
|upkeep
|
|t:|1776062218
|switch|p1a: Slowking|Slowking-Galar, M|100/100
|turn|3
|
|t:|1776062229
|switch|p2a: Iron Treads|Iron Treads|100/100
|-prepare|p1a: Slowking|Chilly Reception|[premajor]
|move|p1a: Slowking|Chilly Reception|p1a: Slowking
|-weather|Snowscape
|
|t:|1776062252
|switch|p1a: Dragapult|Dragapult, M|100/100|[from] Chilly Reception
|
|-weather|Snowscape|[upkeep]
|upkeep
|turn|4
|
|t:|1776062285
|-end|p2a: Iron Treads|Quark Drive|[silent]
|switch|p2a: Ogerpon|Ogerpon-Wellspring, F|5/100
|move|p1a: Dragapult|Flamethrower|p2a: Ogerpon
|-damage|p2a: Ogerpon|0 fnt
|faint|p2a: Ogerpon
|
|-weather|Snowscape|[upkeep]
|upkeep
|
|t:|1776062293
|switch|p2a: Deoxys|Deoxys-Speed|100/100
|-ability|p2a: Deoxys|Pressure
|turn|5
|
|t:|1776062305
|switch|p1a: Glaceon|Glaceon, M|100/100
|move|p2a: Deoxys|Spikes|p1a: Glaceon
|-sidestart|p1: Bulldogj4m|Spikes
|
|-weather|Snowscape|[upkeep]
|upkeep
|turn|6
|
|t:|1776062316
|move|p2a: Deoxys|Superpower|p1a: Glaceon
|-supereffective|p1a: Glaceon
|-damage|p1a: Glaceon|78/100
|-unboost|p2a: Deoxys|atk|1
|-unboost|p2a: Deoxys|def|1
|move|p1a: Glaceon|Freeze-Dry|p2a: Deoxys
|-damage|p2a: Deoxys|63/100
|-enditem|p2a: Deoxys|Red Card|[of] p1a: Glaceon
|drag|p1a: Dragapult|Dragapult, M|100/100
|-damage|p1a: Dragapult|88/100|[from] Spikes
|
|-weather|Snowscape|[upkeep]
|upkeep
|turn|7
|
|t:|1776062341
|-terastallize|p1a: Dragapult|Dragon
|move|p2a: Deoxys|Psycho Boost|p1a: Dragapult
|-damage|p1a: Dragapult|26/100
|-unboost|p2a: Deoxys|spa|2
|move|p1a: Dragapult|Shadow Ball|p2a: Deoxys
|-supereffective|p2a: Deoxys
|-damage|p2a: Deoxys|0 fnt
|faint|p2a: Deoxys
|
|-weather|Snowscape|[upkeep]
|upkeep
|
|t:|1776062372
|switch|p2a: Iron Treads|Iron Treads|100/100
|turn|8
|
|t:|1776062380
|switch|p1a: Glaceon|Glaceon, M|78/100
|-damage|p1a: Glaceon|66/100|[from] Spikes
|move|p2a: Iron Treads|Knock Off|p1a: Glaceon
|-damage|p1a: Glaceon|51/100
|-enditem|p1a: Glaceon|Leftovers|[from] move: Knock Off|[of] p2a: Iron Treads
|
|-weather|Snowscape|[upkeep]
|-heal|p1a: Glaceon|57/100|[from] ability: Ice Body
|upkeep
|turn|9
|
|t:|1776062395
|move|p2a: Iron Treads|Stealth Rock|p1a: Glaceon
|-sidestart|p1: Bulldogj4m|move: Stealth Rock
|move|p1a: Glaceon|Freeze-Dry|p2a: Iron Treads
|-damage|p2a: Iron Treads|61/100
|
|-weather|Snowscape|[upkeep]
|-heal|p1a: Glaceon|63/100|[from] ability: Ice Body
|upkeep
|turn|10
|
|t:|1776062405
|move|p2a: Iron Treads|Earthquake|p1a: Glaceon
|-damage|p1a: Glaceon|35/100
|move|p1a: Glaceon|Freeze-Dry|p2a: Iron Treads
|-damage|p2a: Iron Treads|20/100
|
|-weather|none
|upkeep
|turn|11
|
|t:|1776062418
|move|p2a: Iron Treads|Earthquake|p1a: Glaceon
|-damage|p1a: Glaceon|0 fnt
|faint|p1a: Glaceon
|
|upkeep
|
|t:|1776062423
|switch|p1a: Cinderace|Cinderace, M|100/100
|turn|12
|
|t:|1776062429
|move|p1a: Cinderace|Court Change|p1a: Cinderace
|-start|p1a: Cinderace|typechange|Normal|[from] ability: Libero
|-swapsideconditions
|-activate|p1a: Cinderace|move: Court Change
|move|p2a: Iron Treads|Earthquake|p1a: Cinderace
|-damage|p1a: Cinderace|8/100
|
|upkeep
|turn|13
|
|t:|1776062444
|-end|p2a: Iron Treads|Quark Drive|[silent]
|switch|p2a: Pecharunt|Pecharunt|100/100
|-damage|p2a: Pecharunt|88/100|[from] Stealth Rock
|-item|p2a: Pecharunt|Air Balloon
|move|p1a: Cinderace|Pyro Ball|p2a: Pecharunt
|-damage|p2a: Pecharunt|69/100
|-enditem|p2a: Pecharunt|Air Balloon
|
|upkeep
|turn|14
|
|t:|1776062459
|move|p1a: Cinderace|Sucker Punch|p2a: Pecharunt
|-supereffective|p2a: Pecharunt
|-damage|p2a: Pecharunt|49/100
|move|p2a: Pecharunt|Malignant Chain|p1a: Cinderace
|-damage|p1a: Cinderace|0 fnt
|faint|p1a: Cinderace
|
|upkeep
|
|t:|1776062469
|switch|p1a: Dragapult|Dragapult, M, tera:Dragon|26/100
|turn|15
|inactive|Battle timer is ON: inactive players will automatically lose when time's up. (requested by Bulldogj4m)
|
|t:|1776062522
|switch|p2a: Iron Treads|Iron Treads|20/100
|-damage|p2a: Iron Treads|8/100|[from] Spikes
|-damage|p2a: Iron Treads|5/100|[from] Stealth Rock
|move|p1a: Dragapult|Shadow Ball|p2a: Iron Treads
|-crit|p2a: Iron Treads
|-damage|p2a: Iron Treads|0 fnt
|faint|p2a: Iron Treads
|-end|p2a: Iron Treads|Quark Drive|[silent]
|
|upkeep
|
|t:|1776062533
|switch|p2a: Sylveon|Sylveon, F|100/100
|-damage|p2a: Sylveon|88/100|[from] Spikes
|-damage|p2a: Sylveon|76/100|[from] Stealth Rock
|turn|16
|
|t:|1776062547
|switch|p1a: Slowking|Slowking-Galar, M|100/100
|move|p2a: Sylveon|Tera Blast|p1a: Slowking
|-resisted|p1a: Slowking
|-damage|p1a: Slowking|78/100
|
|upkeep
|turn|17
|inactive|TeeDeeBee has 120 seconds left.
|inactive|TeeDeeBee has 90 seconds left.
|
|t:|1776062620
|move|p2a: Sylveon|Tera Blast|p1a: Slowking
|-resisted|p1a: Slowking
|-damage|p1a: Slowking|55/100
|move|p1a: Slowking|Future Sight|p2a: Sylveon
|-start|p1a: Slowking|move: Future Sight
|
|upkeep
|turn|18
|
|t:|1776062644
|move|p2a: Sylveon|Tera Blast|p1a: Slowking
|-resisted|p1a: Slowking
|-damage|p1a: Slowking|32/100
|move|p1a: Slowking|Sludge Bomb|p2a: Sylveon
|-supereffective|p2a: Sylveon
|-damage|p2a: Sylveon|18/100
|-status|p2a: Sylveon|psn
|
|-damage|p2a: Sylveon|6/100 psn|[from] psn
|upkeep
|turn|19
|
|t:|1776062654
|move|p2a: Sylveon|Tera Blast|p1a: Slowking
|-resisted|p1a: Slowking
|-crit|p1a: Slowking
|-damage|p1a: Slowking|0 fnt
|faint|p1a: Slowking
|
|-end|p2a: Sylveon|move: Future Sight
|-damage|p2a: Sylveon|0 fnt
|faint|p2a: Sylveon
|upkeep
|
|t:|1776062667
|switch|p2a: Zamazenta|Zamazenta|100/100
|switch|p1a: Dragapult|Dragapult, M, tera:Dragon|26/100
|-damage|p2a: Zamazenta|88/100|[from] Spikes
|-damage|p2a: Zamazenta|82/100|[from] Stealth Rock
|-ability|p2a: Zamazenta|Dauntless Shield|boost
|-boost|p2a: Zamazenta|def|1
|turn|20
|inactive|TeeDeeBee has 90 seconds left.
|
|t:|1776062687
|-terastallize|p2a: Zamazenta|Dark
|move|p1a: Dragapult|Draco Meteor|p2a: Zamazenta|[miss]
|-miss|p1a: Dragapult|p2a: Zamazenta
|move|p2a: Zamazenta|Crunch|p1a: Dragapult
|-damage|p1a: Dragapult|0 fnt
|faint|p1a: Dragapult
|-damage|p2a: Zamazenta|72/100|[from] item: Life Orb
|
|upkeep
|c|☆Bulldogj4m|oof gg
|c|☆TeeDeeBee|mb
|
|t:|1776062695
|switch|p1a: Rillaboom|Rillaboom, M|100/100
|-fieldstart|move: Grassy Terrain|[from] ability: Grassy Surge|[of] p1a: Rillaboom
|turn|21
|c|☆Bulldogj4m|all g well played
|
|t:|1776062706
|move|p2a: Zamazenta|Crunch|p1a: Rillaboom
|-damage|p1a: Rillaboom|47/100
|-damage|p2a: Zamazenta|62/100|[from] item: Life Orb
|move|p1a: Rillaboom|Swords Dance|p1a: Rillaboom
|-boost|p1a: Rillaboom|atk|2
|
|-heal|p2a: Zamazenta|68/100|[from] Grassy Terrain
|-heal|p1a: Rillaboom|54/100|[from] Grassy Terrain
|upkeep
|turn|22
|inactive|Bulldogj4m has 120 seconds left.
|
|t:|1776062733
|move|p2a: Zamazenta|Close Combat|p1a: Rillaboom
|-damage|p1a: Rillaboom|0 fnt
|-unboost|p2a: Zamazenta|def|1
|-unboost|p2a: Zamazenta|spd|1
|faint|p1a: Rillaboom
|-damage|p2a: Zamazenta|59/100|[from] item: Life Orb
|
|win|TeeDeeBee
|raw|Bulldogj4m's rating: 1321 &rarr; <strong>1304</strong><br />(-17 for losing)
|raw|TeeDeeBee's rating: 1379 &rarr; <strong>1396</strong><br />(+17 for winning)
|l|☆Bulldogj4m
|player|p1|
|c|☆TeeDeeBee|shouldve gone for crit tbh
|l|☆TeeDeeBee
|player|p2|
