|html|<div class="broadcast-blue"><strong>[Gen 9] OU is currently suspecting Tera Blast! For information on how to participate check out the <a href="https://www.smogon.com/tools/suspects/view/200">suspect thread</a>.</strong></div>
|j|☆don aldo trumjo
|j|☆OP Earthquakes
|t:|1776319499
|gametype|singles
|player|p1|don aldo trumjo|drayden|1511
|player|p2|OP Earthquakes|giovanni-masters|1598
|gen|9
|tier|[Gen 9] OU
|rated|
|rule|HP Percentage Mod: HP is shown in percentages
|rule|Endless Battle Clause: Forcing endless battles is banned
|rule|Species Clause: Limit one of each Pokémon
|rule|OHKO Clause: OHKO moves are banned
|rule|Evasion Items Clause: Evasion items are banned
|rule|Evasion Moves Clause: Evasion moves are banned
|rule|Evasion Abilities Clause: Evasion abilities are banned
|rule|Sleep Moves Clause: Sleep-inducing moves are banned
|clearpoke
|poke|p1|Gholdengo|
|poke|p1|Dragonite, F|
|poke|p1|Raging Bolt|
|poke|p1|Great Tusk|
|poke|p1|Iron Valiant|
|poke|p1|Ting-Lu|
|poke|p2|Excadrill, M|
|poke|p2|Tyranitar, F|
|poke|p2|Kyurem|
|poke|p2|Hawlucha, F|
|poke|p2|Pawmot, F|
|poke|p2|Salazzle, F|
|teampreview
|inactive|Battle timer is ON: inactive players will automatically lose when time's up. (requested by OP Earthquakes)
|j| Easontom
|j| Kyurem
|
|t:|1776319525
|teamsize|p1|6
|teamsize|p2|6
|start
|switch|p1a: Ting-Lu|Ting-Lu|100/100
|switch|p2a: Frieza|Kyurem, shiny|100/100
|-ability|p2a: Frieza|Pressure
|-ability|p1a: Ting-Lu|Vessel of Ruin
|turn|1
|
|t:|1776319529
|move|p2a: Frieza|Freeze-Dry|p1a: Ting-Lu
|-supereffective|p1a: Ting-Lu
|-damage|p1a: Ting-Lu|57/100
|move|p1a: Ting-Lu|Stealth Rock|p2a: Frieza
|-sidestart|p2: OP Earthquakes|move: Stealth Rock
|
|-heal|p1a: Ting-Lu|63/100|[from] item: Leftovers
|upkeep
|turn|2
|
|t:|1776319533
|move|p2a: Frieza|Freeze-Dry|p1a: Ting-Lu
|-supereffective|p1a: Ting-Lu
|-damage|p1a: Ting-Lu|17/100
|-status|p1a: Ting-Lu|frz
|cant|p1a: Ting-Lu|frz
|
|-heal|p1a: Ting-Lu|24/100 frz|[from] item: Leftovers
|upkeep
|turn|3
|
|t:|1776319539
|move|p2a: Frieza|Freeze-Dry|p1a: Ting-Lu
|-supereffective|p1a: Ting-Lu
|-damage|p1a: Ting-Lu|0 fnt
|faint|p1a: Ting-Lu
|
|upkeep
|j| Monkey D MinMin
|
|t:|1776319546
|switch|p1a: Gholdengo|Gholdengo|100/100
|turn|4
|
|t:|1776319550
|-terastallize|p2a: Frieza|Ghost
|move|p2a: Frieza|Shadow Ball|p1a: Gholdengo
|-supereffective|p1a: Gholdengo
|-damage|p1a: Gholdengo|0 fnt
|faint|p1a: Gholdengo
|
|upkeep
|l| Monkey D MinMin
|
|t:|1776319566
|switch|p1a: Iron Valiant|Iron Valiant|100/100
|-enditem|p1a: Iron Valiant|Booster Energy
|-activate|p1a: Iron Valiant|ability: Quark Drive|[fromitem]
|-start|p1a: Iron Valiant|quarkdrivespe
|turn|5
|
|t:|1776319585
|switch|p2a: Himiko|Salazzle, F, shiny|100/100
|-damage|p2a: Himiko|76/100|[from] Stealth Rock
|move|p1a: Iron Valiant|Encore||[still]
|-fail|p1a: Iron Valiant
|
|upkeep
|turn|6
|
|t:|1776319590
|move|p2a: Himiko|Sludge Wave|p1a: Iron Valiant
|-supereffective|p1a: Iron Valiant
|-damage|p1a: Iron Valiant|0 fnt
|faint|p1a: Iron Valiant
|-end|p1a: Iron Valiant|Quark Drive|[silent]
|
|upkeep
|
|t:|1776319594
|switch|p1a: Great Tusk|Great Tusk|100/100
|turn|7
|
|t:|1776319599
|switch|p2a: Itachi|Hawlucha, F, shiny|100/100
|-damage|p2a: Itachi|88/100|[from] Stealth Rock
|-ability|p2a: Itachi|Mold Breaker
|move|p1a: Great Tusk|Headlong Rush|p2a: Itachi
|-immune|p2a: Itachi
|
|upkeep
|turn|8
|
|t:|1776319602
|move|p2a: Itachi|Brave Bird|p1a: Great Tusk
|-supereffective|p1a: Great Tusk
|-damage|p1a: Great Tusk|40/100
|-damage|p2a: Itachi|59/100|[from] Recoil
|move|p1a: Great Tusk|Ice Spinner|p2a: Itachi
|-supereffective|p2a: Itachi
|-damage|p2a: Itachi|0 fnt
|faint|p2a: Itachi
|
|upkeep
|
|t:|1776319614
|switch|p2a: Himiko|Salazzle, F, shiny|76/100
|-damage|p2a: Himiko|51/100|[from] Stealth Rock
|turn|9
|
|t:|1776319623
|move|p2a: Himiko|Flamethrower|p1a: Great Tusk
|-crit|p1a: Great Tusk
|-damage|p1a: Great Tusk|0 fnt
|faint|p1a: Great Tusk
|-end|p1a: Great Tusk|Protosynthesis|[silent]
|
|upkeep
|
|t:|1776319627
|switch|p1a: Great Neck|Raging Bolt|100/100
|turn|10
|
|t:|1776319631
|switch|p2a: The sandstorm|Tyranitar, F, shiny|100/100
|-damage|p2a: The sandstorm|88/100|[from] Stealth Rock
|-weather|Sandstorm|[from] ability: Sand Stream|[of] p2a: The sandstorm
|move|p1a: Great Neck|Volt Switch|p2a: The sandstorm
|-damage|p2a: The sandstorm|50/100
|
|t:|1776319634
|-end|p1a: Great Neck|Protosynthesis|[silent]
|switch|p1a: Dragonite|Dragonite, F|100/100|[from] Volt Switch
|
|-weather|Sandstorm|[upkeep]
|-damage|p1a: Dragonite|94/100|[from] Sandstorm
|upkeep
|turn|11
|
|t:|1776319639
|move|p1a: Dragonite|Earthquake|p2a: The sandstorm
|-supereffective|p2a: The sandstorm
|-damage|p2a: The sandstorm|0 fnt
|faint|p2a: The sandstorm
|
|-weather|Sandstorm|[upkeep]
|-damage|p1a: Dragonite|88/100|[from] Sandstorm
|upkeep
|
|t:|1776319642
|switch|p2a: Frieza|Kyurem, shiny, tera:Ghost|100/100
|-damage|p2a: Frieza|88/100|[from] Stealth Rock
|-ability|p2a: Frieza|Pressure
|turn|12
|
|t:|1776319648
|-terastallize|p1a: Dragonite|Normal
|move|p2a: Frieza|Freeze-Dry|p1a: Dragonite
|-damage|p1a: Dragonite|46/100
|move|p1a: Dragonite|Roost|p1a: Dragonite
|-heal|p1a: Dragonite|96/100
|
|-weather|Sandstorm|[upkeep]
|-damage|p2a: Frieza|82/100|[from] Sandstorm
|-damage|p1a: Dragonite|90/100|[from] Sandstorm
|upkeep
|turn|13
|
|t:|1776319655
|move|p2a: Frieza|Freeze-Dry|p1a: Dragonite
|-damage|p1a: Dragonite|50/100
|move|p1a: Dragonite|Roost|p1a: Dragonite
|-heal|p1a: Dragonite|99/100
|
|-weather|Sandstorm|[upkeep]
|-damage|p2a: Frieza|76/100|[from] Sandstorm
|-damage|p1a: Dragonite|94/100|[from] Sandstorm
|upkeep
|turn|14
|
|t:|1776319658
|move|p2a: Frieza|Freeze-Dry|p1a: Dragonite
|-damage|p1a: Dragonite|51/100
|move|p1a: Dragonite|Roost|p1a: Dragonite
|-heal|p1a: Dragonite|100/100
|
|-weather|Sandstorm|[upkeep]
|-damage|p2a: Frieza|69/100|[from] Sandstorm
|-damage|p1a: Dragonite|94/100|[from] Sandstorm
|upkeep
|turn|15
|
|t:|1776319667
|move|p2a: Frieza|Freeze-Dry|p1a: Dragonite
|-damage|p1a: Dragonite|54/100
|move|p1a: Dragonite|Roost|p1a: Dragonite
|-heal|p1a: Dragonite|100/100
|
|-weather|Sandstorm|[upkeep]
|-damage|p2a: Frieza|63/100|[from] Sandstorm
|-damage|p1a: Dragonite|94/100|[from] Sandstorm
|upkeep
|turn|16
|
|t:|1776319686
|move|p2a: Frieza|Freeze-Dry|p1a: Dragonite
|-damage|p1a: Dragonite|55/100
|move|p1a: Dragonite|Roost|p1a: Dragonite
|-heal|p1a: Dragonite|100/100
|
|-weather|Sandstorm|[upkeep]
|-damage|p2a: Frieza|57/100|[from] Sandstorm
|-damage|p1a: Dragonite|94/100|[from] Sandstorm
|upkeep
|turn|17
|
|t:|1776319708
|move|p2a: Frieza|Freeze-Dry|p1a: Dragonite
|-damage|p1a: Dragonite|53/100
|-status|p1a: Dragonite|frz
|cant|p1a: Dragonite|frz
|
|-weather|none
|upkeep
|turn|18
|
|t:|1776319724
|move|p2a: Frieza|Freeze-Dry|p1a: Dragonite
|-damage|p1a: Dragonite|13/100 frz
|cant|p1a: Dragonite|frz
|
|upkeep
|turn|19
|
|t:|1776319729
|move|p2a: Frieza|Freeze-Dry|p1a: Dragonite
|-damage|p1a: Dragonite|0 fnt
|faint|p1a: Dragonite
|
|upkeep
|
|t:|1776319731
|switch|p1a: Great Neck|Raging Bolt|100/100
|turn|20
|
|t:|1776319735
|switch|p2a: OP|Excadrill, M|100/100
|-damage|p2a: OP|97/100|[from] Stealth Rock
|move|p1a: Great Neck|Draco Meteor|p2a: OP
|-resisted|p2a: OP
|-damage|p2a: OP|20/100
|-unboost|p1a: Great Neck|spa|2
|
|upkeep
|turn|21
|
|t:|1776319737
|move|p2a: OP|Earthquake|p1a: Great Neck
|-supereffective|p1a: Great Neck
|-damage|p1a: Great Neck|0 fnt
|faint|p1a: Great Neck
|-end|p1a: Great Neck|Protosynthesis|[silent]
|
|win|OP Earthquakes
|raw|don aldo trumjo's rating: 1511 &rarr; <strong>1496</strong><br />(-15 for losing)
|raw|OP Earthquakes's rating: 1598 &rarr; <strong>1613</strong><br />(+15 for winning)
|l|☆don aldo trumjo
|player|p1|
