|html|<div class="broadcast-blue"><strong>[Gen 9] OU is currently suspecting Tera Blast! For information on how to participate check out the <a href="https://www.smogon.com/tools/suspects/view/200">suspect thread</a>.</strong></div>
|j|‽fautser
|j|☆saintcole
|t:|1776347399
|gametype|singles
|player|p1|fautser|kimonogirl|1238
|player|p2|saintcole|veteran|1207
|gen|9
|tier|[Gen 9] OU
|rated|
|rule|HP Percentage Mod: HP is shown in percentages
|rule|Endless Battle Clause: Forcing endless battles is banned
|rule|Species Clause: Limit one of each Pokémon
|rule|OHKO Clause: OHKO moves are banned
|rule|Evasion Items Clause: Evasion items are banned
|rule|Evasion Moves Clause: Evasion moves are banned
|rule|Evasion Abilities Clause: Evasion abilities are banned
|rule|Sleep Moves Clause: Sleep-inducing moves are banned
|clearpoke
|poke|p1|Zamazenta-*|
|poke|p1|Darkrai|
|poke|p1|Landorus-Therian, M|
|poke|p1|Glimmora, F|
|poke|p1|Rillaboom, F|
|poke|p1|Dragonite, M|
|poke|p2|Iron Valiant|
|poke|p2|Great Tusk|
|poke|p2|Dragonite, F|
|poke|p2|Deoxys-Speed|
|poke|p2|Glimmora, F|
|poke|p2|Kingambit, F|
|teampreview
|
|t:|1776347418
|teamsize|p1|6
|teamsize|p2|6
|start
|switch|p1a: Glimmora|Glimmora, F|100/100
|switch|p2a: Deoxys|Deoxys-Speed|100/100
|-ability|p2a: Deoxys|Pressure
|-item|p1a: Glimmora|Air Balloon
|turn|1
|
|t:|1776347428
|switch|p1a: Darkrai|Darkrai|100/100
|move|p2a: Deoxys|Psycho Boost|p1a: Darkrai
|-immune|p1a: Darkrai
|
|upkeep
|turn|2
|
|t:|1776347435
|move|p2a: Deoxys|Light Screen|p2a: Deoxys
|-sidestart|p2: saintcole|move: Light Screen
|move|p1a: Darkrai|Dark Pulse|p2a: Deoxys
|-supereffective|p2a: Deoxys
|-damage|p2a: Deoxys|43/100
|
|upkeep
|turn|3
|
|t:|1776347442
|move|p2a: Deoxys|Reflect|p2a: Deoxys
|-sidestart|p2: saintcole|Reflect
|move|p1a: Darkrai|Dark Pulse|p2a: Deoxys
|-supereffective|p2a: Deoxys
|-damage|p2a: Deoxys|0 fnt
|faint|p2a: Deoxys
|
|upkeep
|
|t:|1776347465
|switch|p2a: Dragonite|Dragonite, F|100/100
|turn|4
|
|t:|1776347472
|move|p1a: Darkrai|Ice Beam|p2a: Dragonite
|-supereffective|p2a: Dragonite
|-damage|p2a: Dragonite|66/100
|move|p2a: Dragonite|Substitute|p2a: Dragonite
|-start|p2a: Dragonite|Substitute
|-damage|p2a: Dragonite|42/100
|
|-heal|p2a: Dragonite|48/100|[from] item: Leftovers
|upkeep
|turn|5
|
|t:|1776347481
|switch|p1a: Glimmora|Glimmora, F|100/100
|-item|p1a: Glimmora|Air Balloon
|move|p2a: Dragonite|Dragon Dance|p2a: Dragonite
|-boost|p2a: Dragonite|atk|1
|-boost|p2a: Dragonite|spe|1
|
|-heal|p2a: Dragonite|54/100|[from] item: Leftovers
|upkeep
|turn|6
|
|t:|1776347494
|move|p2a: Dragonite|Dragon Dance|p2a: Dragonite
|-boost|p2a: Dragonite|atk|1
|-boost|p2a: Dragonite|spe|1
|move|p1a: Glimmora|Power Gem|p2a: Dragonite
|-supereffective|p2a: Dragonite
|-end|p2a: Dragonite|Substitute
|
|-heal|p2a: Dragonite|60/100|[from] item: Leftovers
|upkeep
|turn|7
|
|t:|1776347502
|-terastallize|p2a: Dragonite|Flying
|move|p2a: Dragonite|Tera Blast|p1a: Glimmora|[anim] Tera Blast Flying
|-resisted|p1a: Glimmora
|-damage|p1a: Glimmora|36/100
|-activate|p1a: Glimmora|ability: Toxic Debris
|-sidestart|p2: saintcole|move: Toxic Spikes
|-enditem|p1a: Glimmora|Air Balloon
|move|p1a: Glimmora|Power Gem|p2a: Dragonite
|-supereffective|p2a: Dragonite
|-damage|p2a: Dragonite|19/100
|
|-heal|p2a: Dragonite|25/100|[from] item: Leftovers
|upkeep
|turn|8
|
|t:|1776347525
|move|p2a: Dragonite|Tera Blast|p1a: Glimmora|[anim] Tera Blast Flying
|-resisted|p1a: Glimmora
|-damage|p1a: Glimmora|0 fnt
|-activate|p1a: Glimmora|ability: Toxic Debris
|-sidestart|p2: saintcole|move: Toxic Spikes
|faint|p1a: Glimmora
|
|-heal|p2a: Dragonite|31/100|[from] item: Leftovers
|upkeep
|
|t:|1776347536
|switch|p1a: Darkrai|Darkrai|100/100
|turn|9
|
|t:|1776347541
|move|p2a: Dragonite|Tera Blast|p1a: Darkrai|[anim] Tera Blast Flying
|-damage|p1a: Darkrai|0 fnt
|faint|p1a: Darkrai
|
|-heal|p2a: Dragonite|38/100|[from] item: Leftovers
|-sideend|p2: saintcole|move: Light Screen
|upkeep
|
|t:|1776347555
|switch|p1a: Dragonite|Dragonite, M|100/100
|turn|10
|
|t:|1776347573
|move|p2a: Dragonite|Tera Blast|p1a: Dragonite|[anim] Tera Blast Flying
|-damage|p1a: Dragonite|35/100
|move|p1a: Dragonite|Dragon Dance|p1a: Dragonite
|-boost|p1a: Dragonite|atk|1
|-boost|p1a: Dragonite|spe|1
|
|-heal|p2a: Dragonite|44/100|[from] item: Leftovers
|-sideend|p2: saintcole|Reflect
|upkeep
|turn|11
|
|t:|1776347594
|move|p2a: Dragonite|Tera Blast|p1a: Dragonite|[anim] Tera Blast Flying
|-damage|p1a: Dragonite|0 fnt
|faint|p1a: Dragonite
|
|-heal|p2a: Dragonite|50/100|[from] item: Leftovers
|upkeep
|
|t:|1776347599
|switch|p1a: Zamazenta|Zamazenta|100/100
|-ability|p1a: Zamazenta|Dauntless Shield|boost
|-boost|p1a: Zamazenta|def|1
|turn|12
|
|t:|1776347612
|-terastallize|p1a: Zamazenta|Steel
|move|p2a: Dragonite|Tera Blast|p1a: Zamazenta|[anim] Tera Blast Flying
|-resisted|p1a: Zamazenta
|-damage|p1a: Zamazenta|76/100
|move|p1a: Zamazenta|Iron Defense|p1a: Zamazenta
|-boost|p1a: Zamazenta|def|2
|
|-heal|p2a: Dragonite|56/100|[from] item: Leftovers
|-heal|p1a: Zamazenta|82/100|[from] item: Leftovers
|upkeep
|turn|13
|
|t:|1776347625
|move|p2a: Dragonite|Substitute|p2a: Dragonite
|-start|p2a: Dragonite|Substitute
|-damage|p2a: Dragonite|31/100
|move|p1a: Zamazenta|Body Press|p2a: Dragonite
|-resisted|p2a: Dragonite
|-end|p2a: Dragonite|Substitute
|
|-heal|p2a: Dragonite|38/100|[from] item: Leftovers
|-heal|p1a: Zamazenta|88/100|[from] item: Leftovers
|upkeep
|turn|14
|
|t:|1776347635
|move|p2a: Dragonite|Earthquake|p1a: Zamazenta
|-supereffective|p1a: Zamazenta
|-damage|p1a: Zamazenta|52/100
|move|p1a: Zamazenta|Body Press|p2a: Dragonite
|-resisted|p2a: Dragonite
|-damage|p2a: Dragonite|0 fnt
|faint|p2a: Dragonite
|
|-heal|p1a: Zamazenta|58/100|[from] item: Leftovers
|upkeep
|
|t:|1776347646
|switch|p2a: Glimmora|Glimmora, F|100/100
|-sideend|p2: saintcole|move: Toxic Spikes|[of] p2a: Glimmora
|turn|15
|
|t:|1776347653
|move|p1a: Zamazenta|Body Press|p2a: Glimmora
|-damage|p2a: Glimmora|0 fnt
|-activate|p2a: Glimmora|ability: Toxic Debris
|-sidestart|p1: fautser|move: Toxic Spikes
|faint|p2a: Glimmora
|
|-heal|p1a: Zamazenta|64/100|[from] item: Leftovers
|upkeep
|
|t:|1776347661
|switch|p2a: Great Tusk|Great Tusk|100/100
|-enditem|p2a: Great Tusk|Booster Energy
|-activate|p2a: Great Tusk|ability: Protosynthesis|[fromitem]
|-start|p2a: Great Tusk|protosynthesisspe
|turn|16
|
|t:|1776347669
|move|p2a: Great Tusk|Bulk Up|p2a: Great Tusk
|-boost|p2a: Great Tusk|atk|1
|-boost|p2a: Great Tusk|def|1
|move|p1a: Zamazenta|Iron Defense|p1a: Zamazenta
|-boost|p1a: Zamazenta|def|2
|
|-heal|p1a: Zamazenta|70/100|[from] item: Leftovers
|upkeep
|turn|17
|
|t:|1776347678
|move|p2a: Great Tusk|Bulk Up|p2a: Great Tusk
|-boost|p2a: Great Tusk|atk|1
|-boost|p2a: Great Tusk|def|1
|move|p1a: Zamazenta|Iron Defense|p1a: Zamazenta
|-boost|p1a: Zamazenta|def|1
|
|-heal|p1a: Zamazenta|77/100|[from] item: Leftovers
|upkeep
|turn|18
|
|t:|1776347685
|move|p2a: Great Tusk|Bulk Up|p2a: Great Tusk
|-boost|p2a: Great Tusk|atk|1
|-boost|p2a: Great Tusk|def|1
|move|p1a: Zamazenta|Roar|p2a: Great Tusk
|-end|p2a: Great Tusk|Protosynthesis|[silent]
|drag|p2a: Kingambit|Kingambit, F|100/100
|-activate|p2a: Kingambit|ability: Supreme Overlord
|-start|p2a: Kingambit|fallen3|[silent]
|
|-heal|p1a: Zamazenta|83/100|[from] item: Leftovers
|upkeep
|turn|19
|
|t:|1776347701
|-end|p2a: Kingambit|fallen3|[silent]
|switch|p2a: Iron Valiant|Iron Valiant|100/100
|-enditem|p2a: Iron Valiant|Booster Energy
|-activate|p2a: Iron Valiant|ability: Quark Drive|[fromitem]
|-start|p2a: Iron Valiant|quarkdrivespe
|move|p1a: Zamazenta|Body Press|p2a: Iron Valiant
|-resisted|p2a: Iron Valiant
|-damage|p2a: Iron Valiant|0 fnt
|faint|p2a: Iron Valiant
|-end|p2a: Iron Valiant|Quark Drive|[silent]
|
|-heal|p1a: Zamazenta|89/100|[from] item: Leftovers
|upkeep
|
|t:|1776347706
|switch|p2a: Great Tusk|Great Tusk|100/100
|turn|20
|
|t:|1776347715
|move|p1a: Zamazenta|Body Press|p2a: Great Tusk
|-damage|p2a: Great Tusk|0 fnt
|faint|p2a: Great Tusk
|-end|p2a: Great Tusk|Protosynthesis|[silent]
|
|-heal|p1a: Zamazenta|95/100|[from] item: Leftovers
|upkeep
|
|t:|1776347718
|switch|p2a: Kingambit|Kingambit, F|100/100
|-activate|p2a: Kingambit|ability: Supreme Overlord
|-start|p2a: Kingambit|fallen5|[silent]
|turn|21
|
|t:|1776347723
|move|p1a: Zamazenta|Body Press|p2a: Kingambit
|-supereffective|p2a: Kingambit
|-damage|p2a: Kingambit|0 fnt
|faint|p2a: Kingambit
|-end|p2a: Kingambit|fallen5|[silent]
|
|win|fautser
|raw|fautser's rating: 1238 &rarr; <strong>1261</strong><br />(+23 for winning)
|raw|saintcole's rating: 1207 &rarr; <strong>1184</strong><br />(-23 for losing)
