|html|<div class="broadcast-blue"><strong>[Gen 9] OU is currently suspecting Tera Blast! For information on how to participate check out the <a href="https://www.smogon.com/tools/suspects/view/200">suspect thread</a>.</strong></div>
|j|☆atrainerfromakron
|j|☆snurke
|t:|1776070026
|gametype|singles
|player|p1|atrainerfromakron|n|1551
|player|p2|snurke|sisandbro|1627
|gen|9
|tier|[Gen 9] OU
|rated|
|rule|HP Percentage Mod: HP is shown in percentages
|rule|Endless Battle Clause: Forcing endless battles is banned
|rule|Species Clause: Limit one of each Pokémon
|rule|OHKO Clause: OHKO moves are banned
|rule|Evasion Items Clause: Evasion items are banned
|rule|Evasion Moves Clause: Evasion moves are banned
|rule|Evasion Abilities Clause: Evasion abilities are banned
|rule|Sleep Moves Clause: Sleep-inducing moves are banned
|clearpoke
|poke|p1|Regirock|
|poke|p1|Great Tusk|
|poke|p1|Ogerpon-Wellspring, F|
|poke|p1|Deoxys-Speed|
|poke|p1|Dragonite, M|
|poke|p1|Pecharunt|
|poke|p2|Mew|
|poke|p2|Great Tusk|
|poke|p2|Kingambit, F|
|poke|p2|Ceruledge, F|
|poke|p2|Slowking, F|
|poke|p2|Gliscor, F|
|teampreview
|inactive|Battle timer is ON: inactive players will automatically lose when time's up. (requested by atrainerfromakron)
|
|t:|1776070041
|teamsize|p1|6
|teamsize|p2|6
|start
|switch|p1a: Regirock|Regirock|100/100
|switch|p2a: Mew|Mew, shiny|100/100
|turn|1
|
|t:|1776070047
|move|p2a: Mew|Imprison|p2a: Mew
|-start|p2a: Mew|move: Imprison
|cant|p1a: Regirock|move: Imprison|Stealth Rock
|
|upkeep
|turn|2
|
|t:|1776070064
|move|p2a: Mew|Knock Off|p1a: Regirock
|-damage|p1a: Regirock|88/100
|-enditem|p1a: Regirock|Custap Berry|[from] move: Knock Off|[of] p2a: Mew
|move|p1a: Regirock|Earthquake|p2a: Mew
|-crit|p2a: Mew
|-damage|p2a: Mew|62/100
|
|-heal|p2a: Mew|68/100|[from] item: Leftovers
|upkeep
|turn|3
|
|t:|1776070085
|move|p2a: Mew|Stealth Rock|p1a: Regirock
|-sidestart|p1: atrainerfromakron|move: Stealth Rock
|move|p1a: Regirock|Earthquake|p2a: Mew
|-damage|p2a: Mew|41/100
|
|-heal|p2a: Mew|47/100|[from] item: Leftovers
|upkeep
|turn|4
|
|t:|1776070092
|move|p2a: Mew|Transform|p1a: Regirock
|-transform|p2a: Mew|p1a: Regirock
|cant|p1a: Regirock|move: Imprison|Explosion
|
|-heal|p2a: Mew|53/100|[from] item: Leftovers
|upkeep
|turn|5
|
|t:|1776070103
|-activate|p1a: Regirock|move: Struggle
|move|p1a: Regirock|Struggle|p2a: Mew
|-damage|p2a: Mew|46/100
|-damage|p1a: Regirock|63/100|[from] recoil
|move|p2a: Mew|Earthquake|p1a: Regirock
|-supereffective|p1a: Regirock
|-damage|p1a: Regirock|31/100
|
|-heal|p2a: Mew|52/100|[from] item: Leftovers
|upkeep
|turn|6
|
|t:|1776070112
|switch|p2a: Gliscor|Gliscor, F, shiny|100/100
|-activate|p1a: Regirock|move: Struggle
|move|p1a: Regirock|Struggle|p2a: Gliscor
|-damage|p2a: Gliscor|87/100
|-damage|p1a: Regirock|6/100|[from] recoil
|
|-status|p2a: Gliscor|tox|[from] item: Toxic Orb
|upkeep
|turn|7
|
|t:|1776070122
|move|p2a: Gliscor|Knock Off|p1a: Regirock
|-crit|p1a: Regirock
|-damage|p1a: Regirock|0 fnt
|faint|p1a: Regirock
|
|-heal|p2a: Gliscor|99/100 tox|[from] ability: Poison Heal
|upkeep
|
|t:|1776070138
|switch|p1a: Ogerpon|Ogerpon-Wellspring, F|100/100
|-damage|p1a: Ogerpon|88/100|[from] Stealth Rock
|turn|8
|
|t:|1776070153
|-terastallize|p2a: Gliscor|Normal
|move|p1a: Ogerpon|Substitute|p1a: Ogerpon
|-start|p1a: Ogerpon|Substitute
|-damage|p1a: Ogerpon|63/100
|move|p2a: Gliscor|Agility|p2a: Gliscor
|-boost|p2a: Gliscor|spe|2
|
|-heal|p2a: Gliscor|100/100 tox|[from] ability: Poison Heal
|upkeep
|turn|9
|
|t:|1776070169
|move|p2a: Gliscor|Facade|p1a: Ogerpon
|-end|p1a: Ogerpon|Substitute
|move|p1a: Ogerpon|Horn Leech|p2a: Gliscor
|-damage|p2a: Gliscor|64/100 tox
|-heal|p1a: Ogerpon|85/100|[from] drain|[of] p2a: Gliscor
|
|-heal|p2a: Gliscor|76/100 tox|[from] ability: Poison Heal
|upkeep
|turn|10
|
|t:|1776070177
|switch|p1a: Great Tusk|Great Tusk|100/100
|-damage|p1a: Great Tusk|98/100|[from] Stealth Rock
|-enditem|p1a: Great Tusk|Booster Energy
|-activate|p1a: Great Tusk|ability: Protosynthesis|[fromitem]
|-start|p1a: Great Tusk|protosynthesisatk
|move|p2a: Gliscor|Facade|p1a: Great Tusk
|-damage|p1a: Great Tusk|60/100
|
|-heal|p2a: Gliscor|89/100 tox|[from] ability: Poison Heal
|upkeep
|turn|11
|
|t:|1776070190
|switch|p2a: Great Tusk|Great Tusk|100/100
|move|p1a: Great Tusk|Rapid Spin|p2a: Great Tusk
|-damage|p2a: Great Tusk|87/100
|-boost|p1a: Great Tusk|spe|1
|-damage|p1a: Great Tusk|44/100|[from] item: Rocky Helmet|[of] p2a: Great Tusk
|-sideend|p1: atrainerfromakron|Stealth Rock|[from] move: Rapid Spin|[of] p1a: Great Tusk
|
|upkeep
|turn|12
|
|t:|1776070202
|move|p1a: Great Tusk|Headlong Rush|p2a: Great Tusk
|-damage|p2a: Great Tusk|35/100
|-unboost|p1a: Great Tusk|def|1
|-unboost|p1a: Great Tusk|spd|1
|-damage|p1a: Great Tusk|27/100|[from] item: Rocky Helmet|[of] p2a: Great Tusk
|move|p2a: Great Tusk|Rapid Spin|p1a: Great Tusk
|-crit|p1a: Great Tusk
|-damage|p1a: Great Tusk|2/100
|-boost|p2a: Great Tusk|spe|1
|
|upkeep
|turn|13
|
|t:|1776070213
|move|p2a: Great Tusk|Rapid Spin|p1a: Great Tusk
|-damage|p1a: Great Tusk|0 fnt
|-boost|p2a: Great Tusk|spe|1
|faint|p1a: Great Tusk
|-end|p1a: Great Tusk|Protosynthesis|[silent]
|
|upkeep
|
|t:|1776070224
|switch|p1a: Pecharunt|Pecharunt|100/100
|turn|14
|
|t:|1776070229
|move|p2a: Great Tusk|Earthquake|p1a: Pecharunt
|-supereffective|p1a: Pecharunt
|-damage|p1a: Pecharunt|48/100
|move|p1a: Pecharunt|Shadow Ball|p2a: Great Tusk
|-damage|p2a: Great Tusk|2/100
|
|-heal|p1a: Pecharunt|54/100|[from] item: Leftovers
|upkeep
|turn|15
|
|t:|1776070238
|move|p2a: Great Tusk|Earthquake|p1a: Pecharunt
|-supereffective|p1a: Pecharunt
|-damage|p1a: Pecharunt|5/100
|move|p1a: Pecharunt|Shadow Ball|p2a: Great Tusk
|-damage|p2a: Great Tusk|0 fnt
|faint|p2a: Great Tusk
|-end|p2a: Great Tusk|Protosynthesis|[silent]
|
|-heal|p1a: Pecharunt|11/100|[from] item: Leftovers
|upkeep
|
|t:|1776070254
|switch|p2a: Mew|Mew, shiny|52/100
|turn|16
|inactive|atrainerfromakron has 120 seconds left.
|
|t:|1776070303
|move|p2a: Mew|Knock Off|p1a: Pecharunt
|-supereffective|p1a: Pecharunt
|-damage|p1a: Pecharunt|0 fnt
|-enditem|p1a: Pecharunt|Leftovers|[from] move: Knock Off|[of] p2a: Mew
|faint|p1a: Pecharunt
|
|-heal|p2a: Mew|58/100|[from] item: Leftovers
|upkeep
|
|t:|1776070308
|switch|p1a: Deoxys|Deoxys-Speed|100/100
|-ability|p1a: Deoxys|Pressure
|turn|17
|
|t:|1776070334
|move|p1a: Deoxys|Reflect|p1a: Deoxys
|-sidestart|p1: atrainerfromakron|Reflect
|move|p2a: Mew|Imprison|p2a: Mew
|-start|p2a: Mew|move: Imprison
|
|-heal|p2a: Mew|65/100|[from] item: Leftovers
|upkeep
|turn|18
|
|t:|1776070345
|move|p2a: Mew|Knock Off|p1a: Deoxys
|-supereffective|p1a: Deoxys
|-damage|p1a: Deoxys|78/100
|-enditem|p1a: Deoxys|Light Clay|[from] move: Knock Off|[of] p2a: Mew
|move|p1a: Deoxys|Teleport|p1a: Deoxys
|
|t:|1776070348
|switch|p1a: Ogerpon|Ogerpon-Wellspring, F|85/100|[from] Teleport
|
|-heal|p2a: Mew|71/100|[from] item: Leftovers
|upkeep
|turn|19
|inactive|atrainerfromakron has 120 seconds left.
|inactive|snurke has 120 seconds left.
|
|t:|1776070374
|move|p1a: Ogerpon|Substitute|p1a: Ogerpon
|-start|p1a: Ogerpon|Substitute
|-damage|p1a: Ogerpon|60/100
|move|p2a: Mew|Stealth Rock|p1a: Ogerpon
|-sidestart|p1: atrainerfromakron|move: Stealth Rock
|
|-heal|p2a: Mew|77/100|[from] item: Leftovers
|upkeep
|turn|20
|inactive|snurke has 120 seconds left.
|
|t:|1776070389
|move|p1a: Ogerpon|Swords Dance|p1a: Ogerpon
|-boost|p1a: Ogerpon|atk|2
|move|p2a: Mew|Knock Off|p1a: Ogerpon
|-activate|p1a: Ogerpon|move: Substitute|[damage]
|
|-heal|p2a: Mew|83/100|[from] item: Leftovers
|upkeep
|turn|21
|
|t:|1776070396
|move|p1a: Ogerpon|Horn Leech|p2a: Mew
|-damage|p2a: Mew|5/100
|-heal|p1a: Ogerpon|100/100|[from] drain|[of] p2a: Mew
|move|p2a: Mew|Knock Off|p1a: Ogerpon
|-activate|p1a: Ogerpon|move: Substitute|[damage]
|
|-heal|p2a: Mew|11/100|[from] item: Leftovers
|upkeep
|turn|22
|
|t:|1776070403
|move|p1a: Ogerpon|Horn Leech|p2a: Mew
|-damage|p2a: Mew|0 fnt
|faint|p2a: Mew
|
|upkeep
|
|t:|1776070414
|switch|p2a: Ceruledge|Ceruledge, F, shiny|100/100
|turn|23
|
|t:|1776070419
|move|p2a: Ceruledge|Shadow Sneak|p1a: Ogerpon
|-end|p1a: Ogerpon|Substitute
|move|p1a: Ogerpon|Ivy Cudgel|p2a: Ceruledge|[anim] Ivy Cudgel Water
|-supereffective|p2a: Ceruledge
|-damage|p2a: Ceruledge|0 fnt
|faint|p2a: Ceruledge
|
|upkeep
|
|t:|1776070436
|switch|p2a: Gliscor|Gliscor, F, shiny, tera:Normal|89/100 tox
|turn|24
|
|t:|1776070440
|-terastallize|p1a: Ogerpon|Water
|detailschange|p1a: Ogerpon|Ogerpon-Wellspring-Tera, F, tera:Water
|-ability|p1a: Ogerpon|Embody Aspect (Wellspring)|boost
|-boost|p1a: Ogerpon|spd|1
|move|p1a: Ogerpon|Ivy Cudgel|p2a: Gliscor|[anim] Ivy Cudgel Water
|-damage|p2a: Gliscor|0 fnt
|faint|p2a: Gliscor
|
|-sideend|p1: atrainerfromakron|Reflect
|upkeep
|
|t:|1776070447
|switch|p2a: Kingambit|Kingambit, F, shiny|100/100
|-activate|p2a: Kingambit|ability: Supreme Overlord
|-start|p2a: Kingambit|fallen4|[silent]
|turn|25
|
|t:|1776070449
|move|p1a: Ogerpon|Ivy Cudgel|p2a: Kingambit|[anim] Ivy Cudgel Water
|-damage|p2a: Kingambit|0 fnt
|faint|p2a: Kingambit
|-end|p2a: Kingambit|fallen4|[silent]
|
|upkeep
|-message|snurke forfeited.
|
|win|atrainerfromakron
|raw|atrainerfromakron's rating: 1551 &rarr; <strong>1575</strong><br />(+24 for winning)
|raw|snurke's rating: 1627 &rarr; <strong>1603</strong><br />(-24 for losing)
|l|☆snurke
|player|p2|
|c|☆atrainerfromakron|noob team
|l|☆atrainerfromakron
|player|p1|
