|html|<div class="broadcast-blue"><strong>[Gen 9] OU is currently suspecting Tera Blast! For information on how to participate check out the <a href="https://www.smogon.com/tools/suspects/view/200">suspect thread</a>.</strong></div>
|j|☆team10thPlanet
|j|☆TroubleFindsMe
|t:|1776043373
|gametype|singles
|player|p1|team10thPlanet|veteran|1673
|player|p2|TroubleFindsMe|rika|1669
|gen|9
|tier|[Gen 9] OU
|rated|
|rule|HP Percentage Mod: HP is shown in percentages
|rule|Endless Battle Clause: Forcing endless battles is banned
|rule|Species Clause: Limit one of each Pokémon
|rule|OHKO Clause: OHKO moves are banned
|rule|Evasion Items Clause: Evasion items are banned
|rule|Evasion Moves Clause: Evasion moves are banned
|rule|Evasion Abilities Clause: Evasion abilities are banned
|rule|Sleep Moves Clause: Sleep-inducing moves are banned
|clearpoke
|poke|p1|Zamazenta-*|
|poke|p1|Dragonite, M|
|poke|p1|Hoopa-Unbound|
|poke|p1|Araquanid, F|
|poke|p1|Iron Treads|
|poke|p1|Raikou|
|poke|p2|Cloyster, F|
|poke|p2|Iron Valiant|
|poke|p2|Moltres|
|poke|p2|Dragonite, F|
|poke|p2|Zamazenta-*|
|poke|p2|Ogerpon-Cornerstone, F|
|teampreview
|
|t:|1776043399
|teamsize|p1|6
|teamsize|p2|6
|start
|switch|p1a: Iron Treads|Iron Treads|100/100
|switch|p2a: o_o|Cloyster, F|100/100
|-enditem|p1a: Iron Treads|Booster Energy
|-activate|p1a: Iron Treads|ability: Quark Drive|[fromitem]
|-start|p1a: Iron Treads|quarkdrivespe
|turn|1
|inactive|Battle timer is ON: inactive players will automatically lose when time's up. (requested by TroubleFindsMe)
|
|t:|1776043408
|move|p1a: Iron Treads|Knock Off|p2a: o_o
|-damage|p2a: o_o|74/100
|-enditem|p2a: o_o|Focus Sash|[from] move: Knock Off|[of] p1a: Iron Treads
|move|p2a: o_o|Shell Smash|p2a: o_o
|-unboost|p2a: o_o|def|1
|-unboost|p2a: o_o|spd|1
|-boost|p2a: o_o|atk|2
|-boost|p2a: o_o|spa|2
|-boost|p2a: o_o|spe|2
|
|upkeep
|turn|2
|
|t:|1776043419
|move|p1a: Iron Treads|Earthquake|p2a: o_o
|-damage|p2a: o_o|17/100
|move|p2a: o_o|Icicle Spear|p1a: Iron Treads
|-damage|p1a: Iron Treads|81/100
|-damage|p1a: Iron Treads|60/100
|-damage|p1a: Iron Treads|39/100
|-crit|p1a: Iron Treads
|-damage|p1a: Iron Treads|8/100
|-damage|p1a: Iron Treads|0 fnt
|faint|p1a: Iron Treads
|-end|p1a: Iron Treads|Quark Drive|[silent]
|-hitcount|p1: Iron Treads|5
|
|upkeep
|inactive|team10thPlanet has 120 seconds left.
|
|t:|1776043460
|switch|p1a: Fat Boy|Dragonite, M, shiny|100/100
|turn|3
|
|t:|1776043466
|move|p1a: Fat Boy|Extreme Speed|p2a: o_o
|-damage|p2a: o_o|0 fnt
|faint|p2a: o_o
|
|upkeep
|
|t:|1776043470
|switch|p2a: #Girl|Ogerpon-Cornerstone, F|100/100
|turn|4
|inactive|team10thPlanet has 120 seconds left.
|
|t:|1776043496
|switch|p1a: Zamazenta|Zamazenta|100/100
|-ability|p1a: Zamazenta|Dauntless Shield|boost
|-boost|p1a: Zamazenta|def|1
|move|p2a: #Girl|Swords Dance|p2a: #Girl
|-boost|p2a: #Girl|atk|2
|
|upkeep
|turn|5
|
|t:|1776043515
|switch|p2a: AHHHH IM ON FIRE|Moltres|100/100
|move|p1a: Zamazenta|Close Combat|p2a: AHHHH IM ON FIRE
|-resisted|p2a: AHHHH IM ON FIRE
|-damage|p2a: AHHHH IM ON FIRE|47/100
|-unboost|p1a: Zamazenta|def|1
|-unboost|p1a: Zamazenta|spd|1
|-status|p1a: Zamazenta|brn|[from] ability: Flame Body|[of] p2a: AHHHH IM ON FIRE
|
|-damage|p1a: Zamazenta|94/100 brn|[from] brn
|upkeep
|turn|6
|inactive|team10thPlanet has 90 seconds left.
|
|t:|1776043530
|switch|p1a: Diego ⚡️|Raikou|100/100
|move|p2a: AHHHH IM ON FIRE|U-turn|p1a: Diego ⚡️
|-damage|p1a: Diego ⚡️|80/100
|
|t:|1776043534
|switch|p2a: #Girl|Ogerpon-Cornerstone, F|100/100|[from] U-turn
|
|upkeep
|turn|7
|
|t:|1776043547
|move|p1a: Diego ⚡️|Aura Sphere|p2a: #Girl
|-supereffective|p2a: #Girl
|-damage|p2a: #Girl|15/100
|move|p2a: #Girl|Horn Leech|p1a: Diego ⚡️
|-damage|p1a: Diego ⚡️|23/100
|-heal|p2a: #Girl|46/100|[from] drain|[of] p1a: Diego ⚡️
|
|upkeep
|turn|8
|
|t:|1776043555
|move|p1a: Diego ⚡️|Aura Sphere|p2a: #Girl
|-supereffective|p2a: #Girl
|-damage|p2a: #Girl|0 fnt
|faint|p2a: #Girl
|
|upkeep
|
|t:|1776043557
|switch|p2a: BarneyFromDinosaur|Dragonite, F|100/100
|turn|9
|
|t:|1776043565
|switch|p1a: Fat Boy|Dragonite, M, shiny|100/100
|move|p2a: BarneyFromDinosaur|Dragon Dance|p2a: BarneyFromDinosaur
|-boost|p2a: BarneyFromDinosaur|atk|1
|-boost|p2a: BarneyFromDinosaur|spe|1
|
|upkeep
|turn|10
|
|t:|1776043573
|move|p2a: BarneyFromDinosaur|Dragon Dance|p2a: BarneyFromDinosaur
|-boost|p2a: BarneyFromDinosaur|atk|1
|-boost|p2a: BarneyFromDinosaur|spe|1
|move|p1a: Fat Boy|Outrage|p2a: BarneyFromDinosaur
|-supereffective|p2a: BarneyFromDinosaur
|-damage|p2a: BarneyFromDinosaur|0 fnt
|faint|p2a: BarneyFromDinosaur
|
|upkeep
|
|t:|1776043577
|switch|p2a: AHHHH IM ON FIRE|Moltres|47/100
|turn|11
|
|t:|1776043584
|move|p2a: AHHHH IM ON FIRE|Hurricane|p1a: Fat Boy|[miss]
|-miss|p2a: AHHHH IM ON FIRE|p1a: Fat Boy
|move|p1a: Fat Boy|Outrage|p2a: AHHHH IM ON FIRE|[from] lockedmove
|-damage|p2a: AHHHH IM ON FIRE|0 fnt
|-status|p1a: Fat Boy|brn|[from] ability: Flame Body|[of] p2a: AHHHH IM ON FIRE
|faint|p2a: AHHHH IM ON FIRE
|
|-damage|p1a: Fat Boy|94/100 brn|[from] brn
|upkeep
|
|t:|1776043588
|switch|p2a: Wokeness Unleashed|Iron Valiant|100/100
|-enditem|p2a: Wokeness Unleashed|Booster Energy
|-activate|p2a: Wokeness Unleashed|ability: Quark Drive|[fromitem]
|-start|p2a: Wokeness Unleashed|quarkdrivespe
|turn|12
|
|t:|1776043600
|move|p2a: Wokeness Unleashed|Calm Mind|p2a: Wokeness Unleashed
|-boost|p2a: Wokeness Unleashed|spa|1
|-boost|p2a: Wokeness Unleashed|spd|1
|move|p1a: Fat Boy|Outrage|p2a: Wokeness Unleashed|[from] lockedmove
|-immune|p2a: Wokeness Unleashed
|-start|p1a: Fat Boy|confusion|[fatigue]
|
|-damage|p1a: Fat Boy|88/100 brn|[from] brn
|upkeep
|turn|13
|
|t:|1776043615
|switch|p1a: Johnny Tsunami 🌊|Araquanid, F|100/100
|move|p2a: Wokeness Unleashed|Moonblast|p1a: Johnny Tsunami 🌊
|-damage|p1a: Johnny Tsunami 🌊|47/100
|
|upkeep
|turn|14
|inactive|team10thPlanet has 120 seconds left.
|
|t:|1776043631
|move|p1a: Johnny Tsunami 🌊|Endure|p1a: Johnny Tsunami 🌊
|-singleturn|p1a: Johnny Tsunami 🌊|move: Endure
|move|p2a: Wokeness Unleashed|Thunderbolt|p1a: Johnny Tsunami 🌊
|-supereffective|p1a: Johnny Tsunami 🌊
|-activate|p1a: Johnny Tsunami 🌊|move: Endure
|-damage|p1a: Johnny Tsunami 🌊|1/100
|
|upkeep
|turn|15
|j| tickle me girble
|inactive|team10thPlanet has 120 seconds left.
|-enditem|p1a: Johnny Tsunami 🌊|Custap Berry|[eat]
|-activate|p1a: Johnny Tsunami 🌊|item: Custap Berry|[consumed]
|
|t:|1776043642
|-end|p2a: Wokeness Unleashed|Quark Drive|[silent]
|switch|p2a: dogecoin !|Zamazenta|100/100
|-ability|p2a: dogecoin !|Dauntless Shield|boost
|-boost|p2a: dogecoin !|def|1
|move|p1a: Johnny Tsunami 🌊|Endeavor|p2a: dogecoin !
|-damage|p2a: dogecoin !|1/100
|
|upkeep
|turn|16
|inactive|team10thPlanet has 120 seconds left.
|
|t:|1776043655
|move|p2a: dogecoin !|Crunch|p1a: Johnny Tsunami 🌊
|-damage|p1a: Johnny Tsunami 🌊|0 fnt
|faint|p1a: Johnny Tsunami 🌊
|
|upkeep
|inactive|team10thPlanet has 120 seconds left.
|
|t:|1776043661
|switch|p1a: Hoopa|Hoopa-Unbound|100/100
|turn|17
|inactive|team10thPlanet has 120 seconds left.
|
|t:|1776043674
|move|p1a: Hoopa|Psychic|p2a: dogecoin !
|-supereffective|p2a: dogecoin !
|-damage|p2a: dogecoin !|0 fnt
|faint|p2a: dogecoin !
|
|upkeep
|
|t:|1776043676
|switch|p2a: Wokeness Unleashed|Iron Valiant|100/100
|turn|18
|
|t:|1776043682
|-terastallize|p2a: Wokeness Unleashed|Electric
|move|p1a: Hoopa|Psychic|p2a: Wokeness Unleashed
|-damage|p2a: Wokeness Unleashed|0 fnt
|faint|p2a: Wokeness Unleashed
|-end|p2a: Wokeness Unleashed|Quark Drive|[silent]
|
|win|team10thPlanet
|raw|team10thPlanet's rating: 1673 &rarr; <strong>1693</strong><br />(+20 for winning)
|raw|TroubleFindsMe's rating: 1669 &rarr; <strong>1649</strong><br />(-20 for losing)
|l|☆TroubleFindsMe
|player|p2|
|l| tickle me girble
|l|☆team10thPlanet
|player|p1|
