|html|<div class="broadcast-blue"><strong>[Gen 9] OU is currently suspecting Tera Blast! For information on how to participate check out the <a href="https://www.smogon.com/tools/suspects/view/200">suspect thread</a>.</strong></div>
|j|☆jknefjuaosdabhas
|j|☆W L Attorneys
|t:|1776128650
|gametype|singles
|player|p1|jknefjuaosdabhas|169|1076
|player|p2|W L Attorneys|marshal|1107
|gen|9
|tier|[Gen 9] OU
|rated|
|rule|HP Percentage Mod: HP is shown in percentages
|rule|Endless Battle Clause: Forcing endless battles is banned
|rule|Species Clause: Limit one of each Pokémon
|rule|OHKO Clause: OHKO moves are banned
|rule|Evasion Items Clause: Evasion items are banned
|rule|Evasion Moves Clause: Evasion moves are banned
|rule|Evasion Abilities Clause: Evasion abilities are banned
|rule|Sleep Moves Clause: Sleep-inducing moves are banned
|clearpoke
|poke|p1|Ribombee, F|
|poke|p1|Zangoose, M|
|poke|p1|Toxapex, M|
|poke|p1|Torkoal, F|
|poke|p1|Scovillain, F|
|poke|p1|Walking Wake|
|poke|p2|Iron Valiant|
|poke|p2|Cinderace, F|
|poke|p2|Zamazenta-*|
|poke|p2|Dragapult, F|
|poke|p2|Iron Boulder|
|poke|p2|Dondozo, F|
|teampreview
|inactive|Battle timer is ON: inactive players will automatically lose when time's up. (requested by jknefjuaosdabhas)
|
|t:|1776128663
|teamsize|p1|6
|teamsize|p2|6
|start
|switch|p1a: Ribombee|Ribombee, F, shiny|100/100
|switch|p2a: Iron Boulder|Iron Boulder|100/100
|-enditem|p2a: Iron Boulder|Booster Energy
|-activate|p2a: Iron Boulder|ability: Quark Drive|[fromitem]
|-start|p2a: Iron Boulder|quarkdrivespe
|turn|1
|
|t:|1776128671
|move|p2a: Iron Boulder|Poison Jab|p1a: Ribombee
|-supereffective|p1a: Ribombee
|-damage|p1a: Ribombee|1/100
|move|p1a: Ribombee|Sticky Web|p2a: Iron Boulder
|-sidestart|p2: W L Attorneys|move: Sticky Web
|
|upkeep
|turn|2
|
|t:|1776128686
|switch|p1a: Zangoose|Zangoose, M, shiny|100/100
|move|p2a: Iron Boulder|Poison Jab|p1a: Zangoose
|-damage|p1a: Zangoose|57/100
|
|upkeep
|turn|3
|
|t:|1776128693
|-terastallize|p1a: Zangoose|Ghost
|move|p2a: Iron Boulder|Zen Headbutt|p1a: Zangoose
|-damage|p1a: Zangoose|0 fnt
|faint|p1a: Zangoose
|
|upkeep
|
|t:|1776128707
|switch|p1a: Torkoal|Torkoal, F, shiny|100/100
|-weather|SunnyDay|[from] ability: Drought|[of] p1a: Torkoal
|turn|4
|
|t:|1776128712
|move|p2a: Iron Boulder|Earthquake|p1a: Torkoal
|-supereffective|p1a: Torkoal
|-damage|p1a: Torkoal|51/100
|move|p1a: Torkoal|Stealth Rock|p2a: Iron Boulder
|-sidestart|p2: W L Attorneys|move: Stealth Rock
|
|-weather|SunnyDay|[upkeep]
|upkeep
|turn|5
|
|t:|1776128718
|move|p2a: Iron Boulder|Earthquake|p1a: Torkoal
|-supereffective|p1a: Torkoal
|-damage|p1a: Torkoal|8/100
|move|p1a: Torkoal|Earthquake|p2a: Iron Boulder
|-supereffective|p2a: Iron Boulder
|-damage|p2a: Iron Boulder|31/100
|
|-weather|SunnyDay|[upkeep]
|upkeep
|turn|6
|
|t:|1776128726
|move|p2a: Iron Boulder|Earthquake|p1a: Torkoal
|-supereffective|p1a: Torkoal
|-damage|p1a: Torkoal|0 fnt
|faint|p1a: Torkoal
|
|-weather|SunnyDay|[upkeep]
|upkeep
|
|t:|1776128728
|switch|p1a: Scovillain|Scovillain, F|100/100
|turn|7
|
|t:|1776128735
|move|p2a: Iron Boulder|Poison Jab|p1a: Scovillain
|-supereffective|p1a: Scovillain
|-damage|p1a: Scovillain|7/100
|move|p1a: Scovillain|Giga Drain|p2a: Iron Boulder
|-supereffective|p2a: Iron Boulder
|-damage|p2a: Iron Boulder|0 fnt
|-heal|p1a: Scovillain|25/100|[from] drain|[of] p2a: Iron Boulder
|faint|p2a: Iron Boulder
|-end|p2a: Iron Boulder|Quark Drive|[silent]
|-damage|p1a: Scovillain|15/100|[from] item: Life Orb
|
|-weather|SunnyDay|[upkeep]
|upkeep
|
|t:|1776128744
|switch|p2a: Cinderace|Cinderace, F|100/100
|turn|8
|
|t:|1776128751
|move|p1a: Scovillain|Growth|p1a: Scovillain
|-boost|p1a: Scovillain|atk|2
|-boost|p1a: Scovillain|spa|2
|move|p2a: Cinderace|Court Change|p2a: Cinderace
|-start|p2a: Cinderace|typechange|Normal|[from] ability: Libero
|-swapsideconditions
|-activate|p2a: Cinderace|move: Court Change
|
|-weather|SunnyDay|[upkeep]
|upkeep
|turn|9
|
|t:|1776128766
|move|p2a: Cinderace|Sucker Punch|p1a: Scovillain
|-damage|p1a: Scovillain|0 fnt
|faint|p1a: Scovillain
|
|-weather|SunnyDay|[upkeep]
|upkeep
|
|t:|1776128773
|switch|p1a: Ribombee|Ribombee, F, shiny|1/100
|-activate|p1a: Ribombee|move: Sticky Web
|-unboost|p1a: Ribombee|spe|1
|-damage|p1a: Ribombee|0 fnt|[from] Stealth Rock
|faint|p1a: Ribombee
|
|t:|1776128776
|switch|p1a: Toxapex|Toxapex, M, shiny|100/100
|-activate|p1a: Toxapex|move: Sticky Web
|-unboost|p1a: Toxapex|spe|1
|-damage|p1a: Toxapex|88/100|[from] Stealth Rock
|turn|10
|
|t:|1776128783
|move|p2a: Cinderace|U-turn|p1a: Toxapex
|-resisted|p1a: Toxapex
|-damage|p1a: Toxapex|80/100
|-message|jknefjuaosdabhas forfeited.
|
|win|W L Attorneys
|raw|jknefjuaosdabhas's rating: 1076 &rarr; <strong>1057</strong><br />(-19 for losing)
|raw|W L Attorneys's rating: 1107 &rarr; <strong>1130</strong><br />(+23 for winning)
|l|☆jknefjuaosdabhas
|player|p1|
