|html|<div class="broadcast-blue"><strong>[Gen 9] OU is currently suspecting Tera Blast! For information on how to participate check out the <a href="https://www.smogon.com/tools/suspects/view/200">suspect thread</a>.</strong></div>
|j|☆MrISaint
|j|☆nhmoula
|t:|1776043889
|gametype|singles
|player|p1|MrISaint|gambler|1186
|player|p2|nhmoula|lyra|1212
|gen|9
|tier|[Gen 9] OU
|rated|
|rule|HP Percentage Mod: HP is shown in percentages
|rule|Endless Battle Clause: Forcing endless battles is banned
|rule|Species Clause: Limit one of each Pokémon
|rule|OHKO Clause: OHKO moves are banned
|rule|Evasion Items Clause: Evasion items are banned
|rule|Evasion Moves Clause: Evasion moves are banned
|rule|Evasion Abilities Clause: Evasion abilities are banned
|rule|Sleep Moves Clause: Sleep-inducing moves are banned
|clearpoke
|poke|p1|Rotom-Wash|
|poke|p1|Samurott-Hisui, M|
|poke|p1|Weavile, F|
|poke|p1|Incineroar, M|
|poke|p1|Cinderace, M|
|poke|p1|Ditto|
|poke|p2|Pikachu, M|
|poke|p2|Gliscor, F|
|poke|p2|Azumarill, M|
|poke|p2|Ceruledge, M|
|poke|p2|Excadrill, F|
|poke|p2|Tyranitar, F|
|teampreview
|
|t:|1776043897
|teamsize|p1|6
|teamsize|p2|6
|start
|switch|p1a: Rotom|Rotom-Wash|100/100
|switch|p2a: gozila|Tyranitar, F|100/100
|-weather|Sandstorm|[from] ability: Sand Stream|[of] p2a: gozila
|turn|1
|
|t:|1776043904
|switch|p2a: Lil bro|Gliscor, F|100/100
|move|p1a: Rotom|Will-O-Wisp|p2a: Lil bro
|-status|p2a: Lil bro|brn
|
|-weather|Sandstorm|[upkeep]
|-damage|p1a: Rotom|94/100|[from] Sandstorm
|-heal|p1a: Rotom|100/100|[from] item: Leftovers
|-damage|p2a: Lil bro|94/100 brn|[from] brn
|upkeep
|turn|2
|
|t:|1776043915
|move|p1a: Rotom|Hydro Pump|p2a: Lil bro|[miss]
|-miss|p1a: Rotom|p2a: Lil bro
|move|p2a: Lil bro|Toxic|p1a: Rotom
|-status|p1a: Rotom|tox
|
|-weather|Sandstorm|[upkeep]
|-damage|p1a: Rotom|94/100 tox|[from] Sandstorm
|-heal|p1a: Rotom|100/100 tox|[from] item: Leftovers
|-damage|p1a: Rotom|94/100 tox|[from] psn
|-damage|p2a: Lil bro|88/100 brn|[from] brn
|upkeep
|turn|3
|
|t:|1776043924
|move|p1a: Rotom|Hydro Pump|p2a: Lil bro
|-supereffective|p2a: Lil bro
|-damage|p2a: Lil bro|0 fnt
|faint|p2a: Lil bro
|
|-weather|Sandstorm|[upkeep]
|-damage|p1a: Rotom|88/100 tox|[from] Sandstorm
|-heal|p1a: Rotom|94/100 tox|[from] item: Leftovers
|-damage|p1a: Rotom|82/100 tox|[from] psn
|upkeep
|
|t:|1776043934
|switch|p2a: Hermano juan|Excadrill, F|100/100
|turn|4
|
|t:|1776043940
|move|p2a: Hermano juan|Iron Head|p1a: Rotom
|-resisted|p1a: Rotom
|-damage|p1a: Rotom|71/100 tox
|cant|p1a: Rotom|flinch
|
|-weather|Sandstorm|[upkeep]
|-damage|p1a: Rotom|65/100 tox|[from] Sandstorm
|-heal|p1a: Rotom|71/100 tox|[from] item: Leftovers
|-damage|p1a: Rotom|52/100 tox|[from] psn
|upkeep
|turn|5
|
|t:|1776043950
|move|p2a: Hermano juan|Rapid Spin|p1a: Rotom
|-damage|p1a: Rotom|33/100 tox
|-boost|p2a: Hermano juan|spe|1
|move|p1a: Rotom|Will-O-Wisp|p2a: Hermano juan
|-status|p2a: Hermano juan|brn
|
|-weather|Sandstorm|[upkeep]
|-damage|p1a: Rotom|26/100 tox|[from] Sandstorm
|-heal|p1a: Rotom|33/100 tox|[from] item: Leftovers
|-damage|p1a: Rotom|8/100 tox|[from] psn
|-damage|p2a: Hermano juan|94/100 brn|[from] brn
|upkeep
|turn|6
|
|t:|1776043962
|move|p2a: Hermano juan|Stealth Rock|p1a: Rotom
|-sidestart|p1: MrISaint|move: Stealth Rock
|move|p1a: Rotom|Hydro Pump|p2a: Hermano juan|[miss]
|-miss|p1a: Rotom|p2a: Hermano juan
|
|-weather|Sandstorm|[upkeep]
|-damage|p1a: Rotom|1/100 tox|[from] Sandstorm
|-heal|p2a: Hermano juan|100/100 brn|[from] item: Leftovers
|-heal|p1a: Rotom|8/100 tox|[from] item: Leftovers
|-damage|p1a: Rotom|0 fnt|[from] psn
|faint|p1a: Rotom
|-damage|p2a: Hermano juan|94/100 brn|[from] brn
|upkeep
|
|t:|1776043976
|switch|p1a: Incineroar|Incineroar, M|100/100
|-damage|p1a: Incineroar|76/100|[from] Stealth Rock
|-ability|p1a: Incineroar|Intimidate|boost
|-unboost|p2a: Hermano juan|atk|1
|turn|7
|
|t:|1776043982
|move|p1a: Incineroar|Fake Out|p2a: Hermano juan
|-resisted|p2a: Hermano juan
|-damage|p2a: Hermano juan|87/100 brn
|cant|p2a: Hermano juan|flinch
|
|-weather|Sandstorm|[upkeep]
|-damage|p1a: Incineroar|70/100|[from] Sandstorm
|-heal|p2a: Hermano juan|93/100 brn|[from] item: Leftovers
|-damage|p2a: Hermano juan|87/100 brn|[from] brn
|upkeep
|turn|8
|
|t:|1776043992
|move|p2a: Hermano juan|Earthquake|p1a: Incineroar
|-supereffective|p1a: Incineroar
|-damage|p1a: Incineroar|38/100
|-enditem|p1a: Incineroar|Sitrus Berry|[eat]
|-heal|p1a: Incineroar|63/100|[from] item: Sitrus Berry
|move|p1a: Incineroar|Knock Off|p2a: Hermano juan
|-damage|p2a: Hermano juan|34/100 brn
|-enditem|p2a: Hermano juan|Leftovers|[from] move: Knock Off|[of] p1a: Incineroar
|
|-weather|none
|-damage|p2a: Hermano juan|28/100 brn|[from] brn
|upkeep
|turn|9
|
|t:|1776044003
|move|p2a: Hermano juan|Earthquake|p1a: Incineroar
|-supereffective|p1a: Incineroar
|-damage|p1a: Incineroar|32/100
|move|p1a: Incineroar|Parting Shot|p2a: Hermano juan
|-unboost|p2a: Hermano juan|atk|1
|-unboost|p2a: Hermano juan|spa|1
|
|t:|1776044009
|switch|p1a: Cinderace|Cinderace, M|100/100|[from] Parting Shot
|
|-damage|p2a: Hermano juan|22/100 brn|[from] brn
|upkeep
|turn|10
|
|t:|1776044015
|switch|p2a: gozila|Tyranitar, F|100/100
|-weather|Sandstorm|[from] ability: Sand Stream|[of] p2a: gozila
|move|p1a: Cinderace|Court Change|p1a: Cinderace
|-start|p1a: Cinderace|typechange|Normal|[from] ability: Libero
|-swapsideconditions
|-activate|p1a: Cinderace|move: Court Change
|
|-weather|Sandstorm|[upkeep]
|-damage|p1a: Cinderace|95/100|[from] Sandstorm
|upkeep
|turn|11
|
|t:|1776044028
|move|p1a: Cinderace|U-turn|p2a: gozila
|-supereffective|p2a: gozila
|-crit|p2a: gozila
|-damage|p2a: gozila|38/100
|
|t:|1776044032
|switch|p1a: Incineroar|Incineroar, M|32/100|[from] U-turn
|-ability|p1a: Incineroar|Intimidate|boost
|-unboost|p2a: gozila|atk|1
|move|p2a: gozila|Knock Off|p1a: Incineroar
|-resisted|p1a: Incineroar
|-damage|p1a: Incineroar|23/100
|
|-weather|Sandstorm|[upkeep]
|-damage|p1a: Incineroar|16/100|[from] Sandstorm
|upkeep
|turn|12
|
|t:|1776044043
|move|p1a: Incineroar|Fake Out|p2a: gozila
|-resisted|p2a: gozila
|-damage|p2a: gozila|33/100
|cant|p2a: gozila|flinch
|
|-weather|Sandstorm|[upkeep]
|-damage|p1a: Incineroar|10/100|[from] Sandstorm
|upkeep
|turn|13
|
|t:|1776044051
|move|p2a: gozila|Stone Edge|p1a: Incineroar|[miss]
|-miss|p2a: gozila|p1a: Incineroar
|move|p1a: Incineroar|Parting Shot|p2a: gozila
|-unboost|p2a: gozila|atk|1
|-unboost|p2a: gozila|spa|1
|
|t:|1776044058
|switch|p1a: Samurott|Samurott-Hisui, M, shiny|100/100|[from] Parting Shot
|
|-weather|Sandstorm|[upkeep]
|-damage|p1a: Samurott|94/100|[from] Sandstorm
|upkeep
|turn|14
|
|t:|1776044064
|move|p1a: Samurott|Ceaseless Edge|p2a: gozila
|-resisted|p2a: gozila
|-damage|p2a: gozila|12/100
|-sidestart|p2: nhmoula|Spikes
|move|p2a: gozila|Knock Off|p1a: Samurott
|-resisted|p1a: Samurott
|-damage|p1a: Samurott|76/100
|-enditem|p1a: Samurott|Choice Scarf|[from] move: Knock Off|[of] p2a: gozila
|
|-weather|Sandstorm|[upkeep]
|-damage|p1a: Samurott|70/100|[from] Sandstorm
|upkeep
|turn|15
|
|t:|1776044076
|move|p1a: Samurott|Ceaseless Edge|p2a: gozila|[miss]
|-miss|p1a: Samurott|p2a: gozila
|move|p2a: gozila|Earthquake|p1a: Samurott
|-damage|p1a: Samurott|45/100
|
|-weather|Sandstorm|[upkeep]
|-damage|p1a: Samurott|39/100|[from] Sandstorm
|upkeep
|turn|16
|
|t:|1776044084
|move|p1a: Samurott|Ceaseless Edge|p2a: gozila
|-resisted|p2a: gozila
|-damage|p2a: gozila|0 fnt
|-sidestart|p2: nhmoula|Spikes
|faint|p2a: gozila
|
|-weather|Sandstorm|[upkeep]
|-damage|p1a: Samurott|33/100|[from] Sandstorm
|upkeep
|
|t:|1776044091
|switch|p2a: Hermano juan|Excadrill, F|22/100 brn
|-damage|p2a: Hermano juan|19/100 brn|[from] Stealth Rock
|-damage|p2a: Hermano juan|2/100 brn|[from] Spikes
|turn|17
|
|t:|1776044097
|move|p1a: Samurott|Sucker Punch|p2a: Hermano juan
|-damage|p2a: Hermano juan|0 fnt
|faint|p2a: Hermano juan
|
|-weather|none
|upkeep
|
|t:|1776044104
|switch|p2a: THE HONORED ONE|Pikachu, M|100/100
|-damage|p2a: THE HONORED ONE|88/100|[from] Stealth Rock
|-damage|p2a: THE HONORED ONE|72/100|[from] Spikes
|turn|18
|
|t:|1776044115
|move|p2a: THE HONORED ONE|Volt Switch|p1a: Samurott
|-supereffective|p1a: Samurott
|-damage|p1a: Samurott|0 fnt
|faint|p1a: Samurott
|
|t:|1776044119
|switch|p2a: Big burger|Azumarill, M|100/100|[from] Volt Switch
|-damage|p2a: Big burger|88/100|[from] Stealth Rock
|-damage|p2a: Big burger|72/100|[from] Spikes
|
|upkeep
|
|t:|1776044125
|switch|p1a: Incineroar|Incineroar, M|10/100
|-ability|p1a: Incineroar|Intimidate|boost
|-unboost|p2a: Big burger|atk|1
|turn|19
|
|t:|1776044136
|move|p1a: Incineroar|Fake Out|p2a: Big burger
|-damage|p2a: Big burger|60/100
|cant|p2a: Big burger|flinch
|
|upkeep
|turn|20
|
|t:|1776044143
|move|p2a: Big burger|Aqua Jet|p1a: Incineroar
|-supereffective|p1a: Incineroar
|-damage|p1a: Incineroar|0 fnt
|faint|p1a: Incineroar
|
|upkeep
|
|t:|1776044148
|switch|p1a: Weavile|Weavile, F|100/100
|-ability|p1a: Weavile|Pressure
|turn|21
|
|t:|1776044153
|move|p1a: Weavile|Poison Jab|p2a: Big burger
|-supereffective|p2a: Big burger
|-damage|p2a: Big burger|0 fnt
|faint|p2a: Big burger
|
|upkeep
|
|t:|1776044158
|switch|p2a: useless boy|Ceruledge, M|100/100
|-damage|p2a: useless boy|75/100|[from] Stealth Rock
|-damage|p2a: useless boy|59/100|[from] Spikes
|turn|22
|
|t:|1776044165
|switch|p1a: Ditto|Ditto|100/100
|-transform|p1a: Ditto|p2a: useless boy|[from] ability: Imposter
|move|p2a: useless boy|Bitter Blade|p1a: Ditto
|-resisted|p1a: Ditto
|-damage|p1a: Ditto|66/100
|-heal|p2a: useless boy|77/100|[from] drain|[of] p1a: Ditto
|-ability|p1a: Ditto|Weak Armor|boost
|-unboost|p1a: Ditto|def|1
|-boost|p1a: Ditto|spe|2
|
|upkeep
|turn|23
|
|t:|1776044175
|move|p2a: useless boy|Shadow Sneak|p1a: Ditto
|-supereffective|p1a: Ditto
|-damage|p1a: Ditto|0 fnt
|faint|p1a: Ditto
|
|upkeep
|
|t:|1776044179
|switch|p1a: Cinderace|Cinderace, M|95/100
|turn|24
|
|t:|1776044187
|move|p2a: useless boy|Shadow Sneak|p1a: Cinderace
|-damage|p1a: Cinderace|64/100
|move|p1a: Cinderace|U-turn|p2a: useless boy
|-start|p1a: Cinderace|typechange|Bug|[from] ability: Libero
|-resisted|p2a: useless boy
|-damage|p2a: useless boy|65/100
|-ability|p2a: useless boy|Weak Armor|boost
|-unboost|p2a: useless boy|def|1
|-boost|p2a: useless boy|spe|2
|
|t:|1776044200
|switch|p1a: Weavile|Weavile, F|100/100|[from] U-turn
|-ability|p1a: Weavile|Pressure
|
|upkeep
|turn|25
|
|t:|1776044211
|move|p2a: useless boy|Bitter Blade|p1a: Weavile
|-supereffective|p1a: Weavile
|-damage|p1a: Weavile|0 fnt
|-heal|p2a: useless boy|100/100|[from] drain|[of] p1a: Weavile
|faint|p1a: Weavile
|
|upkeep
|
|t:|1776044215
|switch|p1a: Cinderace|Cinderace, M|64/100
|turn|26
|
|t:|1776044221
|-terastallize|p1a: Cinderace|Fire
|move|p2a: useless boy|Swords Dance|p2a: useless boy
|-boost|p2a: useless boy|atk|2
|move|p1a: Cinderace|Pyro Ball|p2a: useless boy
|-resisted|p2a: useless boy
|-damage|p2a: useless boy|15/100
|-ability|p2a: useless boy|Weak Armor|boost
|-unboost|p2a: useless boy|def|1
|-boost|p2a: useless boy|spe|2
|
|upkeep
|turn|27
|
|t:|1776044232
|move|p2a: useless boy|Poltergeist|p1a: Cinderace
|-activate|p1a: Cinderace|move: Poltergeist|Heavy-Duty Boots
|-damage|p1a: Cinderace|0 fnt
|faint|p1a: Cinderace
|
|win|nhmoula
|raw|MrISaint's rating: 1186 &rarr; <strong>1163</strong><br />(-23 for losing)
|raw|nhmoula's rating: 1212 &rarr; <strong>1235</strong><br />(+23 for winning)
|l|☆MrISaint
|player|p1|
|l|☆nhmoula
|player|p2|
