|html|<div class="broadcast-blue"><strong>[Gen 9] OU is currently suspecting Tera Blast! For information on how to participate check out the <a href="https://www.smogon.com/tools/suspects/view/200">suspect thread</a>.</strong></div>
|j|☆ridleyfr
|j|☆davey scatino
|t:|1776286643
|gametype|singles
|player|p1|ridleyfr|dawn|1616
|player|p2|davey scatino|lucas|1568
|gen|9
|tier|[Gen 9] OU
|rated|
|rule|HP Percentage Mod: HP is shown in percentages
|rule|Endless Battle Clause: Forcing endless battles is banned
|rule|Species Clause: Limit one of each Pokémon
|rule|OHKO Clause: OHKO moves are banned
|rule|Evasion Items Clause: Evasion items are banned
|rule|Evasion Moves Clause: Evasion moves are banned
|rule|Evasion Abilities Clause: Evasion abilities are banned
|rule|Sleep Moves Clause: Sleep-inducing moves are banned
|clearpoke
|poke|p1|Gliscor, M|
|poke|p1|Heatran, F|
|poke|p1|Sinistcha|
|poke|p1|Corviknight, F|
|poke|p1|Tentacruel, F|
|poke|p1|Darkrai|
|poke|p2|Manaphy|
|poke|p2|Clodsire, F|
|poke|p2|Great Tusk|
|poke|p2|Zamazenta-*|
|poke|p2|Darkrai|
|poke|p2|Lokix, M|
|teampreview
|inactive|Battle timer is ON: inactive players will automatically lose when time's up. (requested by davey scatino)
|inactive|ridleyfr also wants the timer to be on.
|
|t:|1776286664
|teamsize|p1|6
|teamsize|p2|6
|start
|switch|p1a: Gliskibidi|Gliscor, M|100/100
|switch|p2a: Bully|Darkrai|100/100
|turn|1
|
|t:|1776286672
|switch|p1a: Hephaepstein|Heatran, F|100/100
|move|p2a: Bully|Ice Beam|p1a: Hephaepstein
|-resisted|p1a: Hephaepstein
|-damage|p1a: Hephaepstein|95/100
|-status|p1a: Hephaepstein|frz
|
|-heal|p1a: Hephaepstein|100/100 frz|[from] item: Leftovers
|upkeep
|turn|2
|j| couchthulhu
|
|t:|1776286688
|switch|p2a: the don|Great Tusk|100/100
|cant|p1a: Hephaepstein|frz
|
|upkeep
|turn|3
|
|t:|1776286695
|move|p2a: the don|Rapid Spin|p1a: Hephaepstein
|-resisted|p1a: Hephaepstein
|-damage|p1a: Hephaepstein|94/100 frz
|-boost|p2a: the don|spe|1
|-curestatus|p1a: Hephaepstein|frz|[msg]
|move|p1a: Hephaepstein|Will-O-Wisp|p2a: the don|[miss]
|-miss|p1a: Hephaepstein|p2a: the don
|
|-heal|p1a: Hephaepstein|100/100|[from] item: Leftovers
|upkeep
|turn|4
|
|t:|1776286701
|switch|p1a: Charlie Kirsch|Sinistcha|100/100
|move|p2a: the don|Earthquake|p1a: Charlie Kirsch
|-resisted|p1a: Charlie Kirsch
|-damage|p1a: Charlie Kirsch|85/100
|
|upkeep
|turn|5
|
|t:|1776286710
|move|p2a: the don|Knock Off|p1a: Charlie Kirsch
|-supereffective|p1a: Charlie Kirsch
|-damage|p1a: Charlie Kirsch|46/100
|-enditem|p1a: Charlie Kirsch|Heavy-Duty Boots|[from] move: Knock Off|[of] p2a: the don
|move|p1a: Charlie Kirsch|Matcha Gotcha|p2a: the don
|-supereffective|p2a: the don
|-damage|p2a: the don|12/100
|-heal|p1a: Charlie Kirsch|100/100|[from] drain|[of] p2a: the don
|
|-heal|p2a: the don|18/100|[from] item: Leftovers
|upkeep
|turn|6
|
|t:|1776286719
|-end|p2a: the don|Protosynthesis|[silent]
|switch|p2a: Bully|Darkrai|100/100
|move|p1a: Charlie Kirsch|Shadow Ball|p2a: Bully
|-resisted|p2a: Bully
|-damage|p2a: Bully|80/100
|
|upkeep
|turn|7
|
|t:|1776286728
|switch|p1a: Hephaepstein|Heatran, F|100/100
|move|p2a: Bully|Dark Pulse|p1a: Hephaepstein
|-damage|p1a: Hephaepstein|73/100
|
|-heal|p1a: Hephaepstein|79/100|[from] item: Leftovers
|upkeep
|turn|8
|
|t:|1776286737
|move|p2a: Bully|Dark Pulse|p1a: Hephaepstein
|-damage|p1a: Hephaepstein|50/100
|cant|p1a: Hephaepstein|flinch
|
|-heal|p1a: Hephaepstein|56/100|[from] item: Leftovers
|upkeep
|turn|9
|
|t:|1776286741
|move|p2a: Bully|Dark Pulse|p1a: Hephaepstein
|-damage|p1a: Hephaepstein|28/100
|move|p1a: Hephaepstein|Magma Storm|p2a: Bully
|-damage|p2a: Bully|28/100
|-activate|p2a: Bully|move: Magma Storm|[of] p1a: Hephaepstein
|
|-heal|p1a: Hephaepstein|35/100|[from] item: Leftovers
|-damage|p2a: Bully|15/100|[from] move: Magma Storm|[partiallytrapped]
|upkeep
|turn|10
|
|t:|1776286744
|move|p2a: Bully|Dark Pulse|p1a: Hephaepstein
|-damage|p1a: Hephaepstein|3/100
|move|p1a: Hephaepstein|Stealth Rock|p2a: Bully
|-sidestart|p2: davey scatino|move: Stealth Rock
|
|-heal|p1a: Hephaepstein|10/100|[from] item: Leftovers
|-damage|p2a: Bully|3/100|[from] move: Magma Storm|[partiallytrapped]
|upkeep
|turn|11
|
|t:|1776286750
|move|p2a: Bully|Dark Pulse|p1a: Hephaepstein
|-damage|p1a: Hephaepstein|0 fnt
|faint|p1a: Hephaepstein
|
|-end|p2a: Bully|Magma Storm|[partiallytrapped]|[silent]
|upkeep
|
|t:|1776286758
|switch|p1a: DreamNotFound|Darkrai|100/100
|turn|12
|
|t:|1776286766
|move|p2a: Bully|Dark Pulse|p1a: DreamNotFound
|-resisted|p1a: DreamNotFound
|-damage|p1a: DreamNotFound|68/100
|move|p1a: DreamNotFound|Dark Pulse|p2a: Bully
|-resisted|p2a: Bully
|-damage|p2a: Bully|0 fnt
|faint|p2a: Bully
|
|upkeep
|
|t:|1776286782
|switch|p2a: Clodie|Clodsire, F|100/100
|-damage|p2a: Clodie|94/100|[from] Stealth Rock
|turn|13
|
|t:|1776286787
|switch|p1a: Gliskibidi|Gliscor, M|100/100
|move|p2a: Clodie|Stealth Rock|p1a: Gliskibidi
|-sidestart|p1: ridleyfr|move: Stealth Rock
|
|-heal|p2a: Clodie|100/100|[from] item: Leftovers
|-status|p1a: Gliskibidi|tox|[from] item: Toxic Orb
|upkeep
|turn|14
|
|t:|1776286794
|switch|p2a: the don|Great Tusk|18/100
|-damage|p2a: the don|15/100|[from] Stealth Rock
|move|p1a: Gliskibidi|Knock Off|p2a: the don
|-resisted|p2a: the don
|-damage|p2a: the don|9/100
|-enditem|p2a: the don|Leftovers|[from] move: Knock Off|[of] p1a: Gliskibidi
|
|upkeep
|turn|15
|
|t:|1776286802
|move|p2a: the don|Ice Spinner|p1a: Gliskibidi
|-supereffective|p1a: Gliskibidi
|-damage|p1a: Gliskibidi|22/100 tox
|move|p1a: Gliskibidi|Earthquake|p2a: the don
|-damage|p2a: the don|0 fnt
|faint|p2a: the don
|-end|p2a: the don|Protosynthesis|[silent]
|
|-heal|p1a: Gliskibidi|35/100 tox|[from] ability: Poison Heal
|upkeep
|
|t:|1776286813
|switch|p2a: Bubbles|Manaphy|100/100
|-damage|p2a: Bubbles|88/100|[from] Stealth Rock
|turn|16
|
|t:|1776286820
|move|p2a: Bubbles|Acid Armor|p2a: Bubbles
|-boost|p2a: Bubbles|def|2
|move|p1a: Gliskibidi|Knock Off|p2a: Bubbles
|-damage|p2a: Bubbles|80/100
|-enditem|p2a: Bubbles|Leftovers|[from] move: Knock Off|[of] p1a: Gliskibidi
|
|-heal|p1a: Gliskibidi|47/100 tox|[from] ability: Poison Heal
|upkeep
|turn|17
|
|t:|1776286826
|switch|p1a: Charlie Kirsch|Sinistcha|100/100
|-damage|p1a: Charlie Kirsch|88/100|[from] Stealth Rock
|move|p2a: Bubbles|Take Heart|p2a: Bubbles
|-boost|p2a: Bubbles|spa|1
|-boost|p2a: Bubbles|spd|1
|
|upkeep
|turn|18
|
|t:|1776286833
|-terastallize|p2a: Bubbles|Poison
|move|p2a: Bubbles|Take Heart|p2a: Bubbles
|-boost|p2a: Bubbles|spa|1
|-boost|p2a: Bubbles|spd|1
|move|p1a: Charlie Kirsch|Calm Mind|p1a: Charlie Kirsch
|-boost|p1a: Charlie Kirsch|spa|1
|-boost|p1a: Charlie Kirsch|spd|1
|
|upkeep
|turn|19
|
|t:|1776286838
|move|p2a: Bubbles|Take Heart|p2a: Bubbles
|-boost|p2a: Bubbles|spa|1
|-boost|p2a: Bubbles|spd|1
|move|p1a: Charlie Kirsch|Calm Mind|p1a: Charlie Kirsch
|-boost|p1a: Charlie Kirsch|spa|1
|-boost|p1a: Charlie Kirsch|spd|1
|
|upkeep
|turn|20
|
|t:|1776286842
|move|p2a: Bubbles|Take Heart|p2a: Bubbles
|-boost|p2a: Bubbles|spa|1
|-boost|p2a: Bubbles|spd|1
|move|p1a: Charlie Kirsch|Calm Mind|p1a: Charlie Kirsch
|-boost|p1a: Charlie Kirsch|spa|1
|-boost|p1a: Charlie Kirsch|spd|1
|
|upkeep
|turn|21
|
|t:|1776286846
|move|p2a: Bubbles|Stored Power|p1a: Charlie Kirsch
|-damage|p1a: Charlie Kirsch|18/100
|move|p1a: Charlie Kirsch|Calm Mind|p1a: Charlie Kirsch
|-boost|p1a: Charlie Kirsch|spa|1
|-boost|p1a: Charlie Kirsch|spd|1
|
|upkeep
|turn|22
|
|t:|1776286851
|move|p2a: Bubbles|Stored Power|p1a: Charlie Kirsch
|-damage|p1a: Charlie Kirsch|0 fnt
|faint|p1a: Charlie Kirsch
|
|upkeep
|
|t:|1776286855
|switch|p1a: Gliskibidi|Gliscor, M|47/100 tox
|-damage|p1a: Gliskibidi|35/100 tox|[from] Stealth Rock
|turn|23
|
|t:|1776286862
|-terastallize|p1a: Gliskibidi|Dark
|move|p2a: Bubbles|Scald|p1a: Gliskibidi
|-damage|p1a: Gliskibidi|0 fnt
|faint|p1a: Gliskibidi
|
|upkeep
|-message|ridleyfr forfeited.
|
|win|davey scatino
|raw|ridleyfr's rating: 1616 &rarr; <strong>1593</strong><br />(-23 for losing)
|raw|davey scatino's rating: 1568 &rarr; <strong>1591</strong><br />(+23 for winning)
|l|☆ridleyfr
|player|p1|
