|html|<div class="broadcast-blue"><strong>[Gen 9] OU is currently suspecting Tera Blast! For information on how to participate check out the <a href="https://www.smogon.com/tools/suspects/view/200">suspect thread</a>.</strong></div>
|j|☆Orepharus
|j|☆manbehindthesun
|t:|1776164755
|gametype|singles
|player|p1|Orepharus|101|1167
|player|p2|manbehindthesun|265|1132
|gen|9
|tier|[Gen 9] OU
|rated|
|rule|HP Percentage Mod: HP is shown in percentages
|rule|Endless Battle Clause: Forcing endless battles is banned
|rule|Species Clause: Limit one of each Pokémon
|rule|OHKO Clause: OHKO moves are banned
|rule|Evasion Items Clause: Evasion items are banned
|rule|Evasion Moves Clause: Evasion moves are banned
|rule|Evasion Abilities Clause: Evasion abilities are banned
|rule|Sleep Moves Clause: Sleep-inducing moves are banned
|clearpoke
|poke|p1|Latias, F|
|poke|p1|Weezing-Galar, M|
|poke|p1|Quaquaval, M|
|poke|p1|Gholdengo|
|poke|p1|Alomomola, M|
|poke|p1|Rotom-Heat|
|poke|p2|Blaziken, M|
|poke|p2|Reuniclus, M|
|poke|p2|Corviknight, M|
|poke|p2|Hatterene, F|
|poke|p2|Dragapult, M|
|poke|p2|Dusknoir, M|
|teampreview
|inactive|Battle timer is ON: inactive players will automatically lose when time's up. (requested by Orepharus)
|
|t:|1776164772
|teamsize|p1|6
|teamsize|p2|6
|start
|switch|p1a: Rotom|Rotom-Heat|100/100
|switch|p2a: Blaziken|Blaziken, M|100/100
|turn|1
|
|t:|1776164781
|move|p1a: Rotom|Thunderbolt|p2a: Blaziken
|-damage|p2a: Blaziken|6/100
|move|p2a: Blaziken|Swords Dance|p2a: Blaziken
|-boost|p2a: Blaziken|atk|2
|
|-ability|p2a: Blaziken|Speed Boost|boost
|-boost|p2a: Blaziken|spe|1
|upkeep
|turn|2
|
|t:|1776164792
|-terastallize|p2a: Blaziken|Flying
|move|p2a: Blaziken|Dig||[still]
|-prepare|p2a: Blaziken|Dig
|move|p1a: Rotom|Thunderbolt|p2a: Blaziken|[miss]
|-miss|p1a: Rotom|p2a: Blaziken
|
|-ability|p2a: Blaziken|Speed Boost|boost
|-boost|p2a: Blaziken|spe|1
|upkeep
|turn|3
|
|t:|1776164802
|move|p2a: Blaziken|Dig|p1a: Rotom|[from] lockedmove
|-immune|p1a: Rotom|[from] ability: Levitate
|move|p1a: Rotom|Thunderbolt|p2a: Blaziken
|-supereffective|p2a: Blaziken
|-crit|p2a: Blaziken
|-damage|p2a: Blaziken|0 fnt
|faint|p2a: Blaziken
|
|upkeep
|
|t:|1776164814
|switch|p2a: Dragapult|Dragapult, M|100/100
|turn|4
|
|t:|1776164821
|switch|p1a: Alomomola|Alomomola, M|100/100
|move|p2a: Dragapult|Dragon Dance|p2a: Dragapult
|-boost|p2a: Dragapult|atk|1
|-boost|p2a: Dragapult|spe|1
|
|upkeep
|turn|5
|
|t:|1776164834
|move|p2a: Dragapult|Dragon Dance|p2a: Dragapult
|-boost|p2a: Dragapult|atk|1
|-boost|p2a: Dragapult|spe|1
|move|p1a: Alomomola|Scald|p2a: Dragapult
|-resisted|p2a: Dragapult
|-damage|p2a: Dragapult|90/100
|-status|p2a: Dragapult|brn
|
|-damage|p2a: Dragapult|84/100 brn|[from] brn
|upkeep
|turn|6
|-activate|p2a: Dragapult|item: Quick Claw
|
|t:|1776164845
|move|p2a: Dragapult|Dragon Darts|p1a: Alomomola
|-damage|p1a: Alomomola|87/100
|-anim|p2a: Dragapult|Dragon Darts|p1a: Alomomola
|-damage|p1a: Alomomola|73/100
|move|p1a: Alomomola|Flip Turn|p2a: Dragapult
|-resisted|p2a: Dragapult
|-damage|p2a: Dragapult|73/100 brn
|inactive|Orepharus has 120 seconds left.
|
|t:|1776164880
|switch|p1a: Weezing|Weezing-Galar, M|100/100|[from] Flip Turn
|
|-damage|p2a: Dragapult|67/100 brn|[from] brn
|upkeep
|turn|7
|
|t:|1776164892
|move|p2a: Dragapult|Phantom Force||[still]
|-prepare|p2a: Dragapult|Phantom Force
|move|p1a: Weezing|Strange Steam|p2a: Dragapult|[miss]
|-miss|p1a: Weezing|p2a: Dragapult
|
|-damage|p2a: Dragapult|61/100 brn|[from] brn
|upkeep
|turn|8
|-activate|p2a: Dragapult|item: Quick Claw
|
|t:|1776164900
|move|p2a: Dragapult|Phantom Force|p1a: Weezing|[from] lockedmove
|-damage|p1a: Weezing|55/100
|move|p1a: Weezing|Strange Steam|p2a: Dragapult
|-supereffective|p2a: Dragapult
|-damage|p2a: Dragapult|0 fnt
|faint|p2a: Dragapult
|
|-heal|p1a: Weezing|61/100|[from] item: Black Sludge
|upkeep
|
|t:|1776164913
|switch|p2a: Hatterene|Hatterene, F|100/100
|turn|9
|
|t:|1776164918
|move|p1a: Weezing|Sludge Wave|p2a: Hatterene
|-supereffective|p2a: Hatterene
|-damage|p2a: Hatterene|46/100
|move|p2a: Hatterene|Calm Mind|p2a: Hatterene
|-boost|p2a: Hatterene|spa|1
|-boost|p2a: Hatterene|spd|1
|
|-heal|p1a: Weezing|67/100|[from] item: Black Sludge
|-heal|p2a: Hatterene|52/100|[from] item: Leftovers
|upkeep
|turn|10
|
|t:|1776164928
|move|p1a: Weezing|Sludge Wave|p2a: Hatterene
|-supereffective|p2a: Hatterene
|-damage|p2a: Hatterene|19/100
|move|p2a: Hatterene|Trick Room|p2a: Hatterene
|-fieldstart|move: Trick Room|[of] p2a: Hatterene
|
|-heal|p2a: Hatterene|25/100|[from] item: Leftovers
|-heal|p1a: Weezing|73/100|[from] item: Black Sludge
|upkeep
|turn|11
|
|t:|1776164937
|switch|p1a: Gholdengo|Gholdengo|100/100
|move|p2a: Hatterene|Psyshock|p1a: Gholdengo
|-resisted|p1a: Gholdengo
|-damage|p1a: Gholdengo|62/100
|
|-heal|p2a: Hatterene|32/100|[from] item: Leftovers
|upkeep
|turn|12
|
|t:|1776164947
|switch|p1a: Weezing|Weezing-Galar, M|73/100
|move|p2a: Hatterene|Draining Kiss|p1a: Weezing
|-resisted|p1a: Weezing
|-damage|p1a: Weezing|54/100
|-heal|p2a: Hatterene|50/100|[from] drain|[of] p1a: Weezing
|
|-heal|p2a: Hatterene|56/100|[from] item: Leftovers
|-heal|p1a: Weezing|60/100|[from] item: Black Sludge
|upkeep
|turn|13
|
|t:|1776164959
|move|p2a: Hatterene|Psyshock|p1a: Weezing
|-supereffective|p1a: Weezing
|-damage|p1a: Weezing|0 fnt
|faint|p1a: Weezing
|
|-heal|p2a: Hatterene|63/100|[from] item: Leftovers
|upkeep
|
|t:|1776164962
|switch|p1a: Alomomola|Alomomola, M|100/100
|turn|14
|
|t:|1776164969
|move|p2a: Hatterene|Calm Mind|p2a: Hatterene
|-boost|p2a: Hatterene|spa|1
|-boost|p2a: Hatterene|spd|1
|move|p1a: Alomomola|Flip Turn|p2a: Hatterene
|-damage|p2a: Hatterene|41/100
|
|t:|1776164975
|switch|p1a: Gholdengo|Gholdengo|62/100|[from] Flip Turn
|
|-heal|p2a: Hatterene|47/100|[from] item: Leftovers
|-fieldend|move: Trick Room
|upkeep
|turn|15
|
|t:|1776164982
|move|p1a: Gholdengo|Trick|p2a: Hatterene
|-activate|p1a: Gholdengo|move: Trick|[of] p2a: Hatterene
|-item|p2a: Hatterene|Choice Scarf|[from] move: Trick
|-item|p1a: Gholdengo|Leftovers|[from] move: Trick
|move|p2a: Hatterene|Trick Room|p2a: Hatterene
|-fieldstart|move: Trick Room|[of] p2a: Hatterene
|
|-heal|p1a: Gholdengo|68/100|[from] item: Leftovers
|upkeep
|turn|16
|
|t:|1776164994
|switch|p2a: Reuniclus|Reuniclus, M|100/100
|move|p1a: Gholdengo|Shadow Ball|p2a: Reuniclus
|-supereffective|p2a: Reuniclus
|-damage|p2a: Reuniclus|27/100
|
|-heal|p1a: Gholdengo|74/100|[from] item: Leftovers
|upkeep
|turn|17
|
|t:|1776165008
|move|p2a: Reuniclus|Flash Cannon|p1a: Gholdengo
|-resisted|p1a: Gholdengo
|-damage|p1a: Gholdengo|57/100
|move|p1a: Gholdengo|Shadow Ball|p2a: Reuniclus
|-supereffective|p2a: Reuniclus
|-crit|p2a: Reuniclus
|-damage|p2a: Reuniclus|0 fnt
|faint|p2a: Reuniclus
|
|-heal|p1a: Gholdengo|63/100|[from] item: Leftovers
|upkeep
|
|t:|1776165019
|switch|p2a: Dusknoir|Dusknoir, M|100/100
|-ability|p2a: Dusknoir|Pressure
|turn|18
|
|t:|1776165025
|switch|p1a: Alomomola|Alomomola, M|100/100
|move|p2a: Dusknoir|Will-O-Wisp|p1a: Alomomola
|-status|p1a: Alomomola|brn
|
|-damage|p1a: Alomomola|94/100 brn|[from] brn
|upkeep
|turn|19
|
|t:|1776165040
|switch|p2a: Hatterene|Hatterene, F|47/100
|move|p1a: Alomomola|Scald|p2a: Hatterene
|-damage|p2a: Hatterene|33/100
|
|-damage|p1a: Alomomola|88/100 brn|[from] brn
|-fieldend|move: Trick Room
|upkeep
|turn|20
|
|t:|1776165053
|move|p2a: Hatterene|Draining Kiss|p1a: Alomomola
|-damage|p1a: Alomomola|56/100 brn
|-heal|p2a: Hatterene|84/100|[from] drain|[of] p1a: Alomomola
|move|p1a: Alomomola|Flip Turn|p2a: Hatterene
|-damage|p2a: Hatterene|73/100
|
|t:|1776165057
|switch|p1a: Gholdengo|Gholdengo|63/100|[from] Flip Turn
|
|-heal|p1a: Gholdengo|69/100|[from] item: Leftovers
|upkeep
|turn|21
|
|t:|1776165067
|switch|p2a: Corviknight|Corviknight, M|100/100
|-ability|p2a: Corviknight|Pressure
|move|p1a: Gholdengo|Shadow Ball|p2a: Corviknight
|-damage|p2a: Corviknight|59/100
|-unboost|p2a: Corviknight|spd|1
|
|-heal|p1a: Gholdengo|75/100|[from] item: Leftovers
|upkeep
|turn|22
|
|t:|1776165083
|move|p1a: Gholdengo|Shadow Ball|p2a: Corviknight
|-damage|p2a: Corviknight|0 fnt
|faint|p2a: Corviknight
|
|-heal|p1a: Gholdengo|81/100|[from] item: Leftovers
|upkeep
|
|t:|1776165090
|switch|p2a: Dusknoir|Dusknoir, M|100/100
|-ability|p2a: Dusknoir|Pressure
|turn|23
|
|t:|1776165097
|move|p1a: Gholdengo|Shadow Ball|p2a: Dusknoir
|-supereffective|p2a: Dusknoir
|-damage|p2a: Dusknoir|17/100
|move|p2a: Dusknoir|Phantom Force||[still]
|-prepare|p2a: Dusknoir|Phantom Force
|
|-heal|p1a: Gholdengo|87/100|[from] item: Leftovers
|upkeep
|turn|24
|
|t:|1776165116
|move|p1a: Gholdengo|Shadow Ball|p2a: Dusknoir|[miss]
|-miss|p1a: Gholdengo|p2a: Dusknoir
|move|p2a: Dusknoir|Phantom Force|p1a: Gholdengo|[from] lockedmove
|-supereffective|p1a: Gholdengo
|-damage|p1a: Gholdengo|14/100
|
|-heal|p1a: Gholdengo|20/100|[from] item: Leftovers
|upkeep
|turn|25
|
|t:|1776165127
|move|p2a: Dusknoir|Protect|p2a: Dusknoir
|-singleturn|p2a: Dusknoir|Protect
|move|p1a: Gholdengo|Shadow Ball|p2a: Dusknoir
|-activate|p2a: Dusknoir|move: Protect
|
|-heal|p1a: Gholdengo|27/100|[from] item: Leftovers
|upkeep
|turn|26
|
|t:|1776165140
|move|p1a: Gholdengo|Shadow Ball|p2a: Dusknoir
|-supereffective|p2a: Dusknoir
|-crit|p2a: Dusknoir
|-damage|p2a: Dusknoir|0 fnt
|faint|p2a: Dusknoir
|
|-heal|p1a: Gholdengo|33/100|[from] item: Leftovers
|upkeep
|
|t:|1776165149
|switch|p2a: Hatterene|Hatterene, F|73/100
|turn|27
|
|t:|1776165161
|move|p1a: Gholdengo|Make It Rain|p2a: Hatterene
|-supereffective|p2a: Hatterene
|-damage|p2a: Hatterene|0 fnt
|-unboost|p1a: Gholdengo|spa|1
|faint|p2a: Hatterene
|
|win|Orepharus
|raw|Orepharus's rating: 1167 &rarr; <strong>1189</strong><br />(+22 for winning)
|raw|manbehindthesun's rating: 1132 &rarr; <strong>1110</strong><br />(-22 for losing)
