|html|<div class="broadcast-blue"><strong>[Gen 9] OU is currently suspecting Tera Blast! For information on how to participate check out the <a href="https://www.smogon.com/tools/suspects/view/200">suspect thread</a>.</strong></div>
|j|☆Phonfrog
|j|☆yuiopera2
|t:|1776153073
|gametype|singles
|player|p1|Phonfrog|miku-fire|
|player|p2|yuiopera2|170|
|gen|9
|tier|[Gen 9] OU
|rule|HP Percentage Mod: HP is shown in percentages
|rule|Endless Battle Clause: Forcing endless battles is banned
|rule|Species Clause: Limit one of each Pokémon
|rule|OHKO Clause: OHKO moves are banned
|rule|Evasion Items Clause: Evasion items are banned
|rule|Evasion Moves Clause: Evasion moves are banned
|rule|Evasion Abilities Clause: Evasion abilities are banned
|rule|Sleep Moves Clause: Sleep-inducing moves are banned
|clearpoke
|poke|p1|Dondozo, F|
|poke|p1|Blissey, F|
|poke|p1|Corviknight, M|
|poke|p1|Weezing-Galar, F|
|poke|p1|Gliscor, F|
|poke|p1|Toxapex, F|
|poke|p2|Dragonite, F|
|poke|p2|Zamazenta-*|
|poke|p2|Landorus-Therian, M|
|poke|p2|Gholdengo|
|poke|p2|Darkrai|
|poke|p2|Hatterene, F|
|teampreview
|inactive|Battle timer is ON: inactive players will automatically lose when time's up. (requested by Phonfrog)
|
|t:|1776153080
|teamsize|p1|6
|teamsize|p2|6
|start
|switch|p1a: Gliscor|Gliscor, F|100/100
|switch|p2a: Landorus|Landorus-Therian, M|100/100
|-ability|p2a: Landorus|Intimidate|boost
|-unboost|p1a: Gliscor|atk|1
|turn|1
|
|t:|1776153097
|move|p1a: Gliscor|Protect|p1a: Gliscor
|-singleturn|p1a: Gliscor|Protect
|move|p2a: Landorus|Taunt|p1a: Gliscor
|-activate|p1a: Gliscor|move: Protect
|
|-status|p1a: Gliscor|tox|[from] item: Toxic Orb
|upkeep
|turn|2
|
|t:|1776153108
|switch|p1a: Corviknight|Corviknight, M|100/100
|-ability|p1a: Corviknight|Pressure
|move|p2a: Landorus|Taunt|p1a: Corviknight
|-start|p1a: Corviknight|move: Taunt
|
|upkeep
|turn|3
|
|t:|1776153114
|move|p2a: Landorus|Stealth Rock|p1a: Corviknight
|-sidestart|p1: Phonfrog|move: Stealth Rock
|move|p1a: Corviknight|Body Press|p2a: Landorus
|-resisted|p2a: Landorus
|-damage|p2a: Landorus|88/100
|-damage|p1a: Corviknight|84/100|[from] item: Rocky Helmet|[of] p2a: Landorus
|
|-heal|p1a: Corviknight|90/100|[from] item: Leftovers
|upkeep
|turn|4
|
|t:|1776153134
|switch|p1a: Gliscor|Gliscor, F|100/100 tox
|-damage|p1a: Gliscor|88/100 tox|[from] Stealth Rock
|move|p2a: Landorus|U-turn|p1a: Gliscor
|-resisted|p1a: Gliscor
|-damage|p1a: Gliscor|78/100 tox
|inactive|yuiopera2 has 270 seconds left.
|
|t:|1776153154
|switch|p2a: Darkrai|Darkrai|100/100|[from] U-turn
|
|-heal|p1a: Gliscor|91/100 tox|[from] ability: Poison Heal
|upkeep
|turn|5
|
|t:|1776153161
|switch|p1a: Blissey|Blissey, F|100/100
|-damage|p1a: Blissey|88/100|[from] Stealth Rock
|move|p2a: Darkrai|Ice Beam|p1a: Blissey
|-damage|p1a: Blissey|79/100
|
|-heal|p1a: Blissey|86/100|[from] item: Leftovers
|upkeep
|turn|6
|
|t:|1776153174
|move|p2a: Darkrai|Will-O-Wisp|p1a: Blissey
|-status|p1a: Blissey|brn
|move|p1a: Blissey|Stealth Rock|p2a: Darkrai
|-sidestart|p2: yuiopera2|move: Stealth Rock
|
|-heal|p1a: Blissey|92/100 brn|[from] item: Leftovers
|-damage|p1a: Blissey|86/100 brn|[from] brn
|upkeep
|turn|7
|
|t:|1776153183
|move|p2a: Darkrai|Taunt|p1a: Blissey
|-start|p1a: Blissey|move: Taunt
|move|p1a: Blissey|Seismic Toss|p2a: Darkrai
|-damage|p2a: Darkrai|69/100
|
|-heal|p1a: Blissey|92/100 brn|[from] item: Leftovers
|-damage|p1a: Blissey|86/100 brn|[from] brn
|upkeep
|turn|8
|
|t:|1776153190
|move|p2a: Darkrai|Dark Pulse|p1a: Blissey
|-damage|p1a: Blissey|73/100 brn
|move|p1a: Blissey|Seismic Toss|p2a: Darkrai
|-damage|p2a: Darkrai|37/100
|
|-heal|p1a: Blissey|79/100 brn|[from] item: Leftovers
|-damage|p1a: Blissey|73/100 brn|[from] brn
|upkeep
|turn|9
|
|t:|1776153202
|switch|p2a: Zamazenta|Zamazenta|100/100
|-damage|p2a: Zamazenta|94/100|[from] Stealth Rock
|-ability|p2a: Zamazenta|Dauntless Shield|boost
|-boost|p2a: Zamazenta|def|1
|move|p1a: Blissey|Seismic Toss|p2a: Zamazenta
|-damage|p2a: Zamazenta|64/100
|
|-heal|p2a: Zamazenta|70/100|[from] item: Leftovers
|-heal|p1a: Blissey|79/100 brn|[from] item: Leftovers
|-damage|p1a: Blissey|73/100 brn|[from] brn
|-end|p1a: Blissey|move: Taunt
|upkeep
|turn|10
|
|t:|1776153216
|-curestatus|p1a: Blissey|brn|[from] ability: Natural Cure
|switch|p1a: Weezing|Weezing-Galar, F|100/100
|-ability|p1a: Weezing|Neutralizing Gas
|move|p2a: Zamazenta|Body Press|p1a: Weezing
|-resisted|p1a: Weezing
|-damage|p1a: Weezing|92/100
|
|-heal|p2a: Zamazenta|76/100|[from] item: Leftovers
|upkeep
|turn|11
|
|t:|1776153231
|move|p1a: Weezing|Defog|p2a: Zamazenta
|-unboost|p2a: Zamazenta|evasion|1
|-sideend|p2: yuiopera2|Stealth Rock|[from] move: Defog|[of] p1a: Weezing
|-sideend|p1: Phonfrog|Stealth Rock|[from] move: Defog|[of] p1a: Weezing
|move|p2a: Zamazenta|Roar|p1a: Weezing
|-end|p1a: Weezing|ability: Neutralizing Gas
|drag|p1a: Corviknight|Corviknight, M|90/100
|-ability|p1a: Corviknight|Pressure
|
|-heal|p2a: Zamazenta|82/100|[from] item: Leftovers
|-heal|p1a: Corviknight|96/100|[from] item: Leftovers
|upkeep
|turn|12
|
|t:|1776153241
|move|p2a: Zamazenta|Iron Defense|p2a: Zamazenta
|-boost|p2a: Zamazenta|def|2
|move|p1a: Corviknight|Body Press|p2a: Zamazenta
|-damage|p2a: Zamazenta|73/100
|
|-heal|p2a: Zamazenta|80/100|[from] item: Leftovers
|-heal|p1a: Corviknight|100/100|[from] item: Leftovers
|upkeep
|turn|13
|
|t:|1776153246
|move|p2a: Zamazenta|Iron Defense|p2a: Zamazenta
|-boost|p2a: Zamazenta|def|2
|move|p1a: Corviknight|Iron Defense|p1a: Corviknight
|-boost|p1a: Corviknight|def|2
|
|-heal|p2a: Zamazenta|86/100|[from] item: Leftovers
|upkeep
|turn|14
|
|t:|1776153254
|move|p2a: Zamazenta|Iron Defense|p2a: Zamazenta
|-boost|p2a: Zamazenta|def|1
|move|p1a: Corviknight|Body Press|p2a: Zamazenta
|-damage|p2a: Zamazenta|76/100
|
|-heal|p2a: Zamazenta|82/100|[from] item: Leftovers
|upkeep
|turn|15
|
|t:|1776153262
|move|p2a: Zamazenta|Body Press|p1a: Corviknight
|-damage|p1a: Corviknight|58/100
|move|p1a: Corviknight|Body Press|p2a: Zamazenta
|-damage|p2a: Zamazenta|72/100
|
|-heal|p2a: Zamazenta|78/100|[from] item: Leftovers
|-heal|p1a: Corviknight|65/100|[from] item: Leftovers
|upkeep
|turn|16
|
|t:|1776153266
|move|p2a: Zamazenta|Body Press|p1a: Corviknight
|-damage|p1a: Corviknight|16/100
|move|p1a: Corviknight|Roost|p1a: Corviknight
|-heal|p1a: Corviknight|66/100
|-singleturn|p1a: Corviknight|move: Roost
|
|-heal|p2a: Zamazenta|84/100|[from] item: Leftovers
|-heal|p1a: Corviknight|72/100|[from] item: Leftovers
|upkeep
|turn|17
|
|t:|1776153275
|move|p2a: Zamazenta|Body Press|p1a: Corviknight
|-damage|p1a: Corviknight|30/100
|move|p1a: Corviknight|Iron Defense|p1a: Corviknight
|-boost|p1a: Corviknight|def|2
|
|-heal|p2a: Zamazenta|90/100|[from] item: Leftovers
|-heal|p1a: Corviknight|36/100|[from] item: Leftovers
|upkeep
|turn|18
|
|t:|1776153279
|move|p2a: Zamazenta|Body Press|p1a: Corviknight
|-damage|p1a: Corviknight|6/100
|move|p1a: Corviknight|Roost|p1a: Corviknight
|-heal|p1a: Corviknight|56/100
|-singleturn|p1a: Corviknight|move: Roost
|
|-heal|p2a: Zamazenta|96/100|[from] item: Leftovers
|-heal|p1a: Corviknight|63/100|[from] item: Leftovers
|upkeep
|turn|19
|
|t:|1776153286
|move|p2a: Zamazenta|Body Press|p1a: Corviknight
|-damage|p1a: Corviknight|30/100
|move|p1a: Corviknight|Roost|p1a: Corviknight
|-heal|p1a: Corviknight|80/100
|-singleturn|p1a: Corviknight|move: Roost
|
|-heal|p2a: Zamazenta|100/100|[from] item: Leftovers
|-heal|p1a: Corviknight|86/100|[from] item: Leftovers
|upkeep
|turn|20
|
|t:|1776153288
|move|p2a: Zamazenta|Body Press|p1a: Corviknight
|-crit|p1a: Corviknight
|-damage|p1a: Corviknight|0 fnt
|faint|p1a: Corviknight
|
|upkeep
|
|t:|1776153294
|switch|p1a: Dondozo|Dondozo, F|100/100
|turn|21
|
|t:|1776153301
|move|p1a: Dondozo|Avalanche|p2a: Zamazenta
|-damage|p2a: Zamazenta|90/100
|move|p2a: Zamazenta|Roar|p1a: Dondozo
|drag|p1a: Blissey|Blissey, F|73/100
|
|-heal|p2a: Zamazenta|96/100|[from] item: Leftovers
|-heal|p1a: Blissey|79/100|[from] item: Leftovers
|upkeep
|turn|22
|
|t:|1776153307
|switch|p1a: Dondozo|Dondozo, F|100/100
|move|p2a: Zamazenta|Body Press|p1a: Dondozo
|-crit|p1a: Dondozo
|-damage|p1a: Dondozo|76/100
|
|-heal|p2a: Zamazenta|100/100|[from] item: Leftovers
|-heal|p1a: Dondozo|82/100|[from] item: Leftovers
|upkeep
|turn|23
|
|t:|1776153313
|move|p1a: Dondozo|Body Press|p2a: Zamazenta
|-damage|p2a: Zamazenta|79/100
|move|p2a: Zamazenta|Roar|p1a: Dondozo
|drag|p1a: Blissey|Blissey, F|79/100
|
|-heal|p2a: Zamazenta|85/100|[from] item: Leftovers
|-heal|p1a: Blissey|86/100|[from] item: Leftovers
|upkeep
|turn|24
|
|t:|1776153318
|switch|p1a: Dondozo|Dondozo, F|82/100
|move|p2a: Zamazenta|Crunch|p1a: Dondozo
|-damage|p1a: Dondozo|73/100
|
|-heal|p2a: Zamazenta|91/100|[from] item: Leftovers
|-heal|p1a: Dondozo|79/100|[from] item: Leftovers
|upkeep
|turn|25
|
|t:|1776153323
|move|p2a: Zamazenta|Crunch|p1a: Dondozo
|-damage|p1a: Dondozo|68/100
|move|p1a: Dondozo|Body Press|p2a: Zamazenta
|-damage|p2a: Zamazenta|68/100
|
|-heal|p2a: Zamazenta|74/100|[from] item: Leftovers
|-heal|p1a: Dondozo|75/100|[from] item: Leftovers
|upkeep
|turn|26
|
|t:|1776153329
|move|p1a: Dondozo|Body Press|p2a: Zamazenta
|-damage|p2a: Zamazenta|54/100
|move|p2a: Zamazenta|Roar|p1a: Dondozo
|drag|p1a: Gliscor|Gliscor, F|91/100 tox
|
|-heal|p2a: Zamazenta|60/100|[from] item: Leftovers
|-heal|p1a: Gliscor|100/100 tox|[from] ability: Poison Heal
|upkeep
|turn|27
|
|t:|1776153334
|switch|p1a: Dondozo|Dondozo, F|75/100
|move|p2a: Zamazenta|Body Press|p1a: Dondozo
|-damage|p1a: Dondozo|57/100
|
|-heal|p2a: Zamazenta|66/100|[from] item: Leftovers
|-heal|p1a: Dondozo|63/100|[from] item: Leftovers
|upkeep
|turn|28
|
|t:|1776153337
|move|p2a: Zamazenta|Crunch|p1a: Dondozo
|-damage|p1a: Dondozo|54/100
|move|p1a: Dondozo|Body Press|p2a: Zamazenta
|-damage|p2a: Zamazenta|43/100
|
|-heal|p2a: Zamazenta|49/100|[from] item: Leftovers
|-heal|p1a: Dondozo|60/100|[from] item: Leftovers
|upkeep
|turn|29
|
|t:|1776153341
|move|p1a: Dondozo|Body Press|p2a: Zamazenta
|-crit|p2a: Zamazenta
|-damage|p2a: Zamazenta|20/100
|move|p2a: Zamazenta|Roar|p1a: Dondozo
|drag|p1a: Weezing|Weezing-Galar, F|92/100
|-ability|p1a: Weezing|Neutralizing Gas
|
|-heal|p2a: Zamazenta|26/100|[from] item: Leftovers
|upkeep
|turn|30
|
|t:|1776153346
|-end|p1a: Weezing|ability: Neutralizing Gas
|switch|p1a: Dondozo|Dondozo, F|60/100
|move|p2a: Zamazenta|Crunch|p1a: Dondozo
|-damage|p1a: Dondozo|51/100
|
|-heal|p2a: Zamazenta|32/100|[from] item: Leftovers
|-heal|p1a: Dondozo|57/100|[from] item: Leftovers
|upkeep
|turn|31
|
|t:|1776153351
|move|p1a: Dondozo|Rest|p1a: Dondozo
|-status|p1a: Dondozo|slp|[from] move: Rest
|-heal|p1a: Dondozo|100/100 slp|[silent]
|move|p2a: Zamazenta|Roar|p1a: Dondozo
|drag|p1a: Gliscor|Gliscor, F|100/100 tox
|
|-heal|p2a: Zamazenta|38/100|[from] item: Leftovers
|upkeep
|turn|32
|
|t:|1776153354
|switch|p1a: Dondozo|Dondozo, F|100/100 slp
|move|p2a: Zamazenta|Crunch|p1a: Dondozo
|-damage|p1a: Dondozo|91/100 slp
|
|-heal|p2a: Zamazenta|44/100|[from] item: Leftovers
|-heal|p1a: Dondozo|97/100 slp|[from] item: Leftovers
|upkeep
|turn|33
|
|t:|1776153360
|move|p2a: Zamazenta|Crunch|p1a: Dondozo
|-damage|p1a: Dondozo|88/100 slp
|cant|p1a: Dondozo|slp
|move|p1a: Dondozo|Sleep Talk|p1a: Dondozo
|move|p1a: Dondozo|Rest||[from] move: Sleep Talk|[still]
|-fail|p1a: Dondozo
|
|-heal|p2a: Zamazenta|51/100|[from] item: Leftovers
|-heal|p1a: Dondozo|94/100 slp|[from] item: Leftovers
|upkeep
|turn|34
|
|t:|1776153366
|move|p2a: Zamazenta|Body Press|p1a: Dondozo
|-damage|p1a: Dondozo|76/100 slp
|cant|p1a: Dondozo|slp
|move|p1a: Dondozo|Sleep Talk|p1a: Dondozo
|move|p1a: Dondozo|Body Press|p2a: Zamazenta|[from] move: Sleep Talk
|-damage|p2a: Zamazenta|30/100
|
|-heal|p2a: Zamazenta|36/100|[from] item: Leftovers
|-heal|p1a: Dondozo|82/100 slp|[from] item: Leftovers
|upkeep
|turn|35
|
|t:|1776153386
|switch|p2a: Gholdengo|Gholdengo|100/100
|-curestatus|p1a: Dondozo|slp|[msg]
|move|p1a: Dondozo|Body Press|p2a: Gholdengo
|-immune|p2a: Gholdengo
|
|-heal|p1a: Dondozo|88/100|[from] item: Leftovers
|upkeep
|turn|36
|
|t:|1776153392
|switch|p1a: Blissey|Blissey, F|86/100
|move|p2a: Gholdengo|Thunderbolt|p1a: Blissey
|-damage|p1a: Blissey|76/100
|
|-heal|p1a: Blissey|82/100|[from] item: Leftovers
|upkeep
|turn|37
|
|t:|1776153401
|move|p2a: Gholdengo|Nasty Plot|p2a: Gholdengo
|-boost|p2a: Gholdengo|spa|2
|move|p1a: Blissey|Stealth Rock|p2a: Gholdengo
|-sidestart|p2: yuiopera2|move: Stealth Rock
|
|-heal|p1a: Blissey|88/100|[from] item: Leftovers
|upkeep
|turn|38
|
|t:|1776153413
|switch|p1a: Toxapex|Toxapex, F|100/100
|move|p2a: Gholdengo|Nasty Plot|p2a: Gholdengo
|-boost|p2a: Gholdengo|spa|2
|
|upkeep
|turn|39
|inactive|yuiopera2 has 270 seconds left.
|
|t:|1776153445
|-terastallize|p1a: Toxapex|Steel
|move|p2a: Gholdengo|Thunderbolt|p1a: Toxapex
|-damage|p1a: Toxapex|31/100
|-status|p1a: Toxapex|par
|move|p1a: Toxapex|Haze|p1a: Toxapex
|-clearallboost
|
|-heal|p1a: Toxapex|37/100 par|[from] item: Leftovers
|upkeep
|turn|40
|
|t:|1776153452
|switch|p1a: Blissey|Blissey, F|88/100
|move|p2a: Gholdengo|Thunderbolt|p1a: Blissey
|-damage|p1a: Blissey|78/100
|
|-heal|p1a: Blissey|84/100|[from] item: Leftovers
|upkeep
|turn|41
|
|t:|1776153457
|switch|p1a: Toxapex|Toxapex, F, tera:Steel|71/100 par
|move|p2a: Gholdengo|Nasty Plot|p2a: Gholdengo
|-boost|p2a: Gholdengo|spa|2
|
|-heal|p1a: Toxapex|77/100 par|[from] item: Leftovers
|upkeep
|turn|42
|
|t:|1776153470
|move|p2a: Gholdengo|Thunderbolt|p1a: Toxapex
|-damage|p1a: Toxapex|36/100 par
|move|p1a: Toxapex|Haze|p1a: Toxapex
|-clearallboost
|
|-heal|p1a: Toxapex|42/100 par|[from] item: Leftovers
|upkeep
|turn|43
|
|t:|1776153474
|switch|p1a: Blissey|Blissey, F|84/100
|move|p2a: Gholdengo|Nasty Plot|p2a: Gholdengo
|-boost|p2a: Gholdengo|spa|2
|
|-heal|p1a: Blissey|91/100|[from] item: Leftovers
|upkeep
|turn|44
|
|t:|1776153480
|switch|p1a: Toxapex|Toxapex, F, tera:Steel|75/100 par
|move|p2a: Gholdengo|Thunderbolt|p1a: Toxapex
|-damage|p1a: Toxapex|34/100 par
|
|-heal|p1a: Toxapex|40/100 par|[from] item: Leftovers
|upkeep
|turn|45
|
|t:|1776153494
|switch|p1a: Blissey|Blissey, F|91/100
|move|p2a: Gholdengo|Make It Rain|p1a: Blissey
|-damage|p1a: Blissey|43/100
|-unboost|p2a: Gholdengo|spa|1
|
|-heal|p1a: Blissey|49/100|[from] item: Leftovers
|upkeep
|turn|46
|
|t:|1776153499
|move|p2a: Gholdengo|Make It Rain|p1a: Blissey
|-damage|p1a: Blissey|12/100
|-unboost|p2a: Gholdengo|spa|1
|move|p1a: Blissey|Soft-Boiled|p1a: Blissey
|-heal|p1a: Blissey|62/100
|
|-heal|p1a: Blissey|68/100|[from] item: Leftovers
|upkeep
|turn|47
|-message|yuiopera2 forfeited.
|
|win|Phonfrog
|l|☆yuiopera2
|player|p2|
