|html|<div class="broadcast-blue"><strong>[Gen 9] OU is currently suspecting Volcarona! For information on how to participate check out the <a href="https://www.smogon.com/tools/suspects/view/208">suspect thread</a>.</strong></div>
|j|☆fregene97
|j|☆ascbo
|t:|1778504612
|gametype|singles
|player|p1|fregene97|169|1371
|player|p2|ascbo|youngster-gen8|1318
|gen|9
|tier|[Gen 9] OU
|rated|
|rule|HP Percentage Mod: HP is shown in percentages
|rule|Endless Battle Clause: Forcing endless battles is banned
|rule|Species Clause: Limit one of each Pokémon
|rule|OHKO Clause: OHKO moves are banned
|rule|Evasion Items Clause: Evasion items are banned
|rule|Evasion Moves Clause: Evasion moves are banned
|rule|Evasion Abilities Clause: Evasion abilities are banned
|rule|Sleep Moves Clause: Sleep-inducing moves are banned
|clearpoke
|poke|p1|Dragonite, F|
|poke|p1|Iron Valiant|
|poke|p1|Manaphy|
|poke|p1|Garchomp, M|
|poke|p1|Kommo-o, F|
|poke|p1|Kingambit, F|
|poke|p2|Regidrago|
|poke|p2|Garchomp, M|
|poke|p2|Dragonite, F|
|poke|p2|Grimmsnarl, M|
|poke|p2|Pecharunt|
|poke|p2|Great Tusk|
|teampreview
|inactive|Battle timer is ON: inactive players will automatically lose when time's up. (requested by fregene97)
|
|t:|1778504649
|teamsize|p1|6
|teamsize|p2|6
|start
|switch|p1a: Kingambit|Kingambit, F|100/100
|switch|p2a: Me Tengo Que Ir|Grimmsnarl, M|100/100
|turn|1
|
|t:|1778504662
|move|p2a: Me Tengo Que Ir|Reflect|p2a: Me Tengo Que Ir
|-sidestart|p2: ascbo|Reflect
|move|p1a: Kingambit|Iron Head|p2a: Me Tengo Que Ir
|-supereffective|p2a: Me Tengo Que Ir
|-damage|p2a: Me Tengo Que Ir|44/100
|
|upkeep
|turn|2
|
|t:|1778504666
|switch|p2a: Tú Con Él|Garchomp, M|100/100
|move|p1a: Kingambit|Swords Dance|p1a: Kingambit
|-boost|p1a: Kingambit|atk|2
|
|upkeep
|turn|3
|
|t:|1778504674
|-terastallize|p1a: Kingambit|Dark
|move|p2a: Tú Con Él|Earthquake|p1a: Kingambit
|-damage|p1a: Kingambit|54/100
|move|p1a: Kingambit|Kowtow Cleave|p2a: Tú Con Él
|-damage|p2a: Tú Con Él|25/100
|-damage|p1a: Kingambit|42/100|[from] ability: Rough Skin|[of] p2a: Tú Con Él
|
|upkeep
|turn|4
|
|t:|1778504679
|move|p1a: Kingambit|Sucker Punch||[still]
|-fail|p1a: Kingambit
|move|p2a: Tú Con Él|Swords Dance|p2a: Tú Con Él
|-boost|p2a: Tú Con Él|atk|2
|
|upkeep
|turn|5
|
|t:|1778504683
|move|p2a: Tú Con Él|Swords Dance|p2a: Tú Con Él
|-boost|p2a: Tú Con Él|atk|2
|move|p1a: Kingambit|Kowtow Cleave|p2a: Tú Con Él
|-damage|p2a: Tú Con Él|0 fnt
|-damage|p1a: Kingambit|30/100|[from] ability: Rough Skin|[of] p2a: Tú Con Él
|faint|p2a: Tú Con Él
|
|upkeep
|
|t:|1778504687
|switch|p2a: Llorarás|Dragonite, F|100/100
|turn|6
|inactive|fregene97 has 120 seconds left.
|
|t:|1778504719
|move|p2a: Llorarás|Extreme Speed|p1a: Kingambit
|-damage|p1a: Kingambit|2/100
|move|p1a: Kingambit|Iron Head|p2a: Llorarás
|-damage|p2a: Llorarás|77/100
|
|upkeep
|turn|7
|
|t:|1778504726
|-end|p1a: Kingambit|fallenundefined|[silent]
|switch|p1a: Garchomp|Garchomp, M|100/100
|move|p2a: Llorarás|Extreme Speed|p1a: Garchomp
|-damage|p1a: Garchomp|71/100
|-damage|p2a: Llorarás|64/100|[from] ability: Rough Skin|[of] p1a: Garchomp
|
|upkeep
|turn|8
|
|t:|1778504729
|move|p1a: Garchomp|Scale Shot|p2a: Llorarás
|-supereffective|p2a: Llorarás
|-damage|p2a: Llorarás|48/100
|-supereffective|p2a: Llorarás
|-damage|p2a: Llorarás|35/100
|-supereffective|p2a: Llorarás
|-damage|p2a: Llorarás|20/100
|-supereffective|p2a: Llorarás
|-damage|p2a: Llorarás|6/100
|-supereffective|p2a: Llorarás
|-damage|p2a: Llorarás|0 fnt
|faint|p2a: Llorarás
|-hitcount|p2: Llorarás|5
|-unboost|p1a: Garchomp|def|1
|-boost|p1a: Garchomp|spe|1
|
|-sideend|p2: ascbo|Reflect
|upkeep
|
|t:|1778504734
|switch|p2a: Me Tengo Que Ir|Grimmsnarl, M|44/100
|turn|9
|
|t:|1778504743
|move|p2a: Me Tengo Que Ir|Reflect|p2a: Me Tengo Que Ir
|-sidestart|p2: ascbo|Reflect
|move|p1a: Garchomp|Earthquake|p2a: Me Tengo Que Ir
|-damage|p2a: Me Tengo Que Ir|11/100
|
|upkeep
|turn|10
|
|t:|1778504748
|move|p2a: Me Tengo Que Ir|Light Screen|p2a: Me Tengo Que Ir
|-sidestart|p2: ascbo|move: Light Screen
|move|p1a: Garchomp|Earthquake|p2a: Me Tengo Que Ir
|-damage|p2a: Me Tengo Que Ir|0 fnt
|faint|p2a: Me Tengo Que Ir
|
|upkeep
|
|t:|1778504753
|switch|p2a: Oh Qué Será?|Regidrago|100/100
|turn|11
|
|t:|1778504761
|move|p1a: Garchomp|Scale Shot|p2a: Oh Qué Será?
|-supereffective|p2a: Oh Qué Será?
|-damage|p2a: Oh Qué Será?|86/100
|-supereffective|p2a: Oh Qué Será?
|-damage|p2a: Oh Qué Será?|72/100
|-supereffective|p2a: Oh Qué Será?
|-damage|p2a: Oh Qué Será?|58/100
|-supereffective|p2a: Oh Qué Será?
|-damage|p2a: Oh Qué Será?|43/100
|-supereffective|p2a: Oh Qué Será?
|-damage|p2a: Oh Qué Será?|28/100
|-hitcount|p2a: Oh Qué Será?|5
|-unboost|p1a: Garchomp|def|1
|-boost|p1a: Garchomp|spe|1
|move|p2a: Oh Qué Será?|Outrage|p1a: Garchomp
|-supereffective|p1a: Garchomp
|-damage|p1a: Garchomp|0 fnt
|-damage|p2a: Oh Qué Será?|15/100|[from] ability: Rough Skin|[of] p1a: Garchomp
|faint|p1a: Garchomp
|-damage|p2a: Oh Qué Será?|5/100|[from] item: Life Orb
|
|upkeep
|
|t:|1778504765
|switch|p1a: Iron Valiant|Iron Valiant|100/100
|-enditem|p1a: Iron Valiant|Booster Energy
|-activate|p1a: Iron Valiant|ability: Quark Drive|[fromitem]
|-start|p1a: Iron Valiant|quarkdrivespe
|turn|12
|
|t:|1778504767
|move|p1a: Iron Valiant|Moonblast|p2a: Oh Qué Será?
|-supereffective|p2a: Oh Qué Será?
|-damage|p2a: Oh Qué Será?|0 fnt
|faint|p2a: Oh Qué Será?
|
|upkeep
|
|t:|1778504770
|switch|p2a: Deseándote|Pecharunt|100/100
|turn|13
|
|t:|1778504790
|move|p1a: Iron Valiant|Calm Mind|p1a: Iron Valiant
|-boost|p1a: Iron Valiant|spa|1
|-boost|p1a: Iron Valiant|spd|1
|move|p2a: Deseándote|Nasty Plot|p2a: Deseándote
|-boost|p2a: Deseándote|spa|2
|
|upkeep
|turn|14
|
|t:|1778504803
|move|p1a: Iron Valiant|Shadow Ball|p2a: Deseándote
|-supereffective|p2a: Deseándote
|-damage|p2a: Deseándote|60/100
|move|p2a: Deseándote|Malignant Chain|p1a: Iron Valiant
|-supereffective|p1a: Iron Valiant
|-damage|p1a: Iron Valiant|0 fnt
|faint|p1a: Iron Valiant
|-end|p1a: Iron Valiant|Quark Drive|[silent]
|
|-heal|p2a: Deseándote|66/100|[from] item: Leftovers
|upkeep
|
|t:|1778504807
|switch|p1a: Kingambit|Kingambit, F, tera:Dark|2/100
|-activate|p1a: Kingambit|ability: Supreme Overlord
|-start|p1a: Kingambit|fallen2|[silent]
|turn|15
|
|t:|1778504814
|move|p2a: Deseándote|Recover|p2a: Deseándote
|-heal|p2a: Deseándote|100/100
|move|p1a: Kingambit|Kowtow Cleave|p2a: Deseándote
|-supereffective|p2a: Deseándote
|-damage|p2a: Deseándote|45/100
|
|-heal|p2a: Deseándote|51/100|[from] item: Leftovers
|upkeep
|turn|16
|
|t:|1778504819
|move|p1a: Kingambit|Sucker Punch|p2a: Deseándote
|-supereffective|p2a: Deseándote
|-damage|p2a: Deseándote|4/100
|move|p2a: Deseándote|Shadow Ball|p1a: Kingambit
|-resisted|p1a: Kingambit
|-damage|p1a: Kingambit|0 fnt
|faint|p1a: Kingambit
|-end|p1a: Kingambit|fallen2|[silent]
|
|-heal|p2a: Deseándote|10/100|[from] item: Leftovers
|-sideend|p2: ascbo|Reflect
|upkeep
|
|t:|1778504826
|switch|p1a: Manaphy|Manaphy|100/100
|turn|17
|
|t:|1778504830
|move|p1a: Manaphy|Psychic|p2a: Deseándote
|-supereffective|p2a: Deseándote
|-damage|p2a: Deseándote|0 fnt
|faint|p2a: Deseándote
|
|-sideend|p2: ascbo|move: Light Screen
|upkeep
|
|t:|1778504832
|switch|p2a: Rey Sin Reina|Great Tusk|100/100
|-enditem|p2a: Rey Sin Reina|Booster Energy
|-activate|p2a: Rey Sin Reina|ability: Protosynthesis|[fromitem]
|-start|p2a: Rey Sin Reina|protosynthesisspe
|turn|18
|
|t:|1778504841
|move|p2a: Rey Sin Reina|Headlong Rush|p1a: Manaphy
|-damage|p1a: Manaphy|46/100
|-unboost|p2a: Rey Sin Reina|def|1
|-unboost|p2a: Rey Sin Reina|spd|1
|move|p1a: Manaphy|Surf|p2a: Rey Sin Reina
|-supereffective|p2a: Rey Sin Reina
|-damage|p2a: Rey Sin Reina|0 fnt
|faint|p2a: Rey Sin Reina
|-end|p2a: Rey Sin Reina|Protosynthesis|[silent]
|
|win|fregene97
|raw|fregene97's rating: 1347 &rarr; <strong>1365</strong><br />(+18 for winning)
|raw|ascbo's rating: 1318 &rarr; <strong>1300</strong><br />(-18 for losing)
|l|☆ascbo
|player|p2|
|l|☆fregene97
|player|p1|
