|html|<div class="broadcast-blue"><strong>[Gen 9] OU is currently suspecting Volcarona! For information on how to participate check out the <a href="https://www.smogon.com/tools/suspects/view/208">suspect thread</a>.</strong></div>
|j|☆KnightKnaveSpy
|j|☆FrostBite13yes
|t:|1778506659
|gametype|singles
|player|p1|KnightKnaveSpy|102|1444
|player|p2|FrostBite13yes|2|1559
|gen|9
|tier|[Gen 9] OU
|rated|
|rule|HP Percentage Mod: HP is shown in percentages
|rule|Endless Battle Clause: Forcing endless battles is banned
|rule|Species Clause: Limit one of each Pokémon
|rule|OHKO Clause: OHKO moves are banned
|rule|Evasion Items Clause: Evasion items are banned
|rule|Evasion Moves Clause: Evasion moves are banned
|rule|Evasion Abilities Clause: Evasion abilities are banned
|rule|Sleep Moves Clause: Sleep-inducing moves are banned
|clearpoke
|poke|p1|Samurott-Hisui, F|
|poke|p1|Blaziken, F|
|poke|p1|Kingambit, M|
|poke|p1|Raging Bolt|
|poke|p1|Ogerpon-Wellspring, F|
|poke|p1|Greninja-*, F|
|poke|p2|Pelipper, F|
|poke|p2|Barraskewda, F|
|poke|p2|Zapdos|
|poke|p2|Clodsire, M|
|poke|p2|Mandibuzz, F|
|poke|p2|Basculegion-F, F|
|teampreview
|inactive|Battle timer is ON: inactive players will automatically lose when time's up. (requested by KnightKnaveSpy)
|
|t:|1778506685
|teamsize|p1|6
|teamsize|p2|6
|start
|switch|p1a: Samurott|Samurott-Hisui, F|100/100
|switch|p2a: Pelipper|Pelipper, F|100/100
|-weather|RainDance|[from] ability: Drizzle|[of] p2a: Pelipper
|turn|1
|
|t:|1778506688
|move|p1a: Samurott|Ceaseless Edge|p2a: Pelipper
|-damage|p2a: Pelipper|57/100
|-sidestart|p2: FrostBite13yes|Spikes
|move|p2a: Pelipper|U-turn|p1a: Samurott
|-supereffective|p1a: Samurott
|-damage|p1a: Samurott|76/100
|
|t:|1778506696
|switch|p2a: Barraskewda|Barraskewda, F|100/100|[from] U-turn
|-damage|p2a: Barraskewda|88/100|[from] Spikes
|
|-weather|RainDance|[upkeep]
|upkeep
|turn|2
|
|t:|1778506707
|move|p1a: Samurott|Sucker Punch|p2a: Barraskewda
|-damage|p2a: Barraskewda|35/100
|move|p2a: Barraskewda|Close Combat|p1a: Samurott
|-supereffective|p1a: Samurott
|-damage|p1a: Samurott|0 fnt
|-unboost|p2a: Barraskewda|def|1
|-unboost|p2a: Barraskewda|spd|1
|faint|p1a: Samurott
|-damage|p2a: Barraskewda|25/100|[from] item: Life Orb
|
|-weather|RainDance|[upkeep]
|upkeep
|
|t:|1778506722
|switch|p1a: Raging Bolt|Raging Bolt|100/100
|-item|p1a: Raging Bolt|Air Balloon
|turn|3
|
|t:|1778506735
|move|p2a: Barraskewda|Close Combat|p1a: Raging Bolt
|-damage|p1a: Raging Bolt|54/100
|-unboost|p2a: Barraskewda|def|1
|-unboost|p2a: Barraskewda|spd|1
|-enditem|p1a: Raging Bolt|Air Balloon
|-damage|p2a: Barraskewda|15/100|[from] item: Life Orb
|move|p1a: Raging Bolt|Draco Meteor|p2a: Barraskewda
|-damage|p2a: Barraskewda|0 fnt
|-unboost|p1a: Raging Bolt|spa|2
|faint|p2a: Barraskewda
|
|-weather|RainDance|[upkeep]
|upkeep
|
|t:|1778506744
|switch|p2a: Clodsire|Clodsire, M, shiny|100/100
|-damage|p2a: Clodsire|88/100|[from] Spikes
|turn|4
|
|t:|1778506755
|-end|p1a: Raging Bolt|Protosynthesis|[silent]
|switch|p1a: Ogerpon|Ogerpon-Wellspring, F|100/100
|move|p2a: Clodsire|Toxic|p1a: Ogerpon
|-status|p1a: Ogerpon|tox
|
|-weather|RainDance|[upkeep]
|-heal|p2a: Clodsire|94/100|[from] item: Black Sludge
|-damage|p1a: Ogerpon|95/100 tox|[from] psn
|upkeep
|turn|5
|
|t:|1778506758
|move|p1a: Ogerpon|Swords Dance|p1a: Ogerpon
|-boost|p1a: Ogerpon|atk|2
|move|p2a: Clodsire|Stealth Rock|p1a: Ogerpon
|-sidestart|p1: KnightKnaveSpy|move: Stealth Rock
|
|-weather|RainDance|[upkeep]
|-heal|p2a: Clodsire|99/100|[from] item: Black Sludge
|-damage|p1a: Ogerpon|83/100 tox|[from] psn
|upkeep
|turn|6
|
|t:|1778506784
|move|p1a: Ogerpon|Horn Leech|p2a: Clodsire
|-damage|p2a: Clodsire|9/100
|-heal|p1a: Ogerpon|100/100 tox|[from] drain|[of] p2a: Clodsire
|move|p2a: Clodsire|Recover|p2a: Clodsire
|-heal|p2a: Clodsire|59/100
|
|-weather|RainDance|[upkeep]
|-heal|p2a: Clodsire|65/100|[from] item: Black Sludge
|-damage|p1a: Ogerpon|83/100 tox|[from] psn
|upkeep
|turn|7
|
|t:|1778506794
|switch|p2a: Mandibuzz|Mandibuzz, F, shiny|100/100
|move|p1a: Ogerpon|Ivy Cudgel|p2a: Mandibuzz|[anim] Ivy Cudgel Water
|-damage|p2a: Mandibuzz|4/100
|
|-weather|RainDance|[upkeep]
|-damage|p1a: Ogerpon|59/100 tox|[from] psn
|upkeep
|turn|8
|
|t:|1778506802
|switch|p2a: Clodsire|Clodsire, M, shiny|65/100
|-damage|p2a: Clodsire|53/100|[from] Spikes
|move|p1a: Ogerpon|U-turn|p2a: Clodsire
|-resisted|p2a: Clodsire
|-crit|p2a: Clodsire
|-damage|p2a: Clodsire|4/100
|inactive|KnightKnaveSpy has 120 seconds left.
|
|t:|1778506839
|switch|p1a: Greninja|Greninja, F|100/100|[from] U-turn
|
|-weather|none
|-heal|p2a: Clodsire|10/100|[from] item: Black Sludge
|upkeep
|turn|9
|
|t:|1778506851
|move|p1a: Greninja|Ice Beam|p2a: Clodsire
|-start|p1a: Greninja|typechange|Ice|[from] ability: Protean
|-supereffective|p2a: Clodsire
|-damage|p2a: Clodsire|0 fnt
|faint|p2a: Clodsire
|
|upkeep
|
|t:|1778506858
|switch|p2a: Basculegion|Basculegion-F, F|100/100
|-damage|p2a: Basculegion|88/100|[from] Spikes
|turn|10
|
|t:|1778506863
|switch|p1a: Kingambit|Kingambit, M|100/100
|-damage|p1a: Kingambit|94/100|[from] Stealth Rock
|-activate|p1a: Kingambit|ability: Supreme Overlord
|-start|p1a: Kingambit|fallen1|[silent]
|move|p2a: Basculegion|Shadow Ball|p1a: Kingambit
|-resisted|p1a: Kingambit
|-damage|p1a: Kingambit|69/100
|
|upkeep
|turn|11
|
|t:|1778506867
|switch|p2a: Mandibuzz|Mandibuzz, F, shiny|4/100
|move|p1a: Kingambit|Kowtow Cleave|p2a: Mandibuzz
|-resisted|p2a: Mandibuzz
|-damage|p2a: Mandibuzz|0 fnt
|faint|p2a: Mandibuzz
|
|upkeep
|
|t:|1778506871
|switch|p2a: Pelipper|Pelipper, F|57/100
|-weather|RainDance|[from] ability: Drizzle|[of] p2a: Pelipper
|turn|12
|
|t:|1778506875
|move|p1a: Kingambit|Sucker Punch|p2a: Pelipper
|-damage|p2a: Pelipper|0 fnt
|faint|p2a: Pelipper
|
|-weather|RainDance|[upkeep]
|upkeep
|
|t:|1778506879
|switch|p2a: Zapdos|Zapdos|100/100
|turn|13
|
|t:|1778506894
|-end|p1a: Kingambit|fallen1|[silent]
|switch|p1a: Blaziken|Blaziken, F|100/100
|-damage|p1a: Blaziken|88/100|[from] Stealth Rock
|move|p2a: Zapdos|Thunder|p1a: Blaziken
|-damage|p1a: Blaziken|0 fnt
|faint|p1a: Blaziken
|-damage|p2a: Zapdos|91/100|[from] item: Life Orb
|
|-weather|RainDance|[upkeep]
|upkeep
|
|t:|1778506901
|switch|p1a: Ogerpon|Ogerpon-Wellspring, F|59/100 tox
|-damage|p1a: Ogerpon|46/100 tox|[from] Stealth Rock
|turn|14
|
|t:|1778506906
|switch|p2a: Basculegion|Basculegion-F, F|88/100
|-damage|p2a: Basculegion|76/100|[from] Spikes
|move|p1a: Ogerpon|Ivy Cudgel|p2a: Basculegion|[anim] Ivy Cudgel Water
|-resisted|p2a: Basculegion
|-damage|p2a: Basculegion|22/100
|
|-weather|RainDance|[upkeep]
|-damage|p1a: Ogerpon|40/100 tox|[from] psn
|upkeep
|turn|15
|
|t:|1778506926
|move|p2a: Basculegion|Shadow Ball|p1a: Ogerpon
|-damage|p1a: Ogerpon|0 fnt
|faint|p1a: Ogerpon
|
|-weather|RainDance|[upkeep]
|upkeep
|
|t:|1778506928
|switch|p1a: Kingambit|Kingambit, M|69/100
|-damage|p1a: Kingambit|62/100|[from] Stealth Rock
|-activate|p1a: Kingambit|ability: Supreme Overlord
|-start|p1a: Kingambit|fallen3|[silent]
|turn|16
|
|t:|1778506931
|switch|p2a: Zapdos|Zapdos|91/100
|move|p1a: Kingambit|Kowtow Cleave|p2a: Zapdos
|-crit|p2a: Zapdos
|-damage|p2a: Zapdos|0 fnt
|-status|p1a: Kingambit|par|[from] ability: Static|[of] p2a: Zapdos
|faint|p2a: Zapdos
|
|-weather|RainDance|[upkeep]
|upkeep
|
|t:|1778506934
|switch|p2a: Basculegion|Basculegion-F, F|22/100
|-damage|p2a: Basculegion|10/100|[from] Spikes
|turn|17
|
|t:|1778506941
|-terastallize|p2a: Basculegion|Water
|move|p2a: Basculegion|Surf|p1a: Kingambit
|-damage|p1a: Kingambit|0 fnt
|faint|p1a: Kingambit
|-end|p1a: Kingambit|fallen3|[silent]
|
|-weather|RainDance|[upkeep]
|upkeep
|
|t:|1778506951
|switch|p1a: Raging Bolt|Raging Bolt|54/100
|-damage|p1a: Raging Bolt|41/100|[from] Stealth Rock
|turn|18
|
|t:|1778506953
|move|p1a: Raging Bolt|Thunderclap|p2a: Basculegion
|-supereffective|p2a: Basculegion
|-damage|p2a: Basculegion|0 fnt
|faint|p2a: Basculegion
|
|win|KnightKnaveSpy
|raw|KnightKnaveSpy's rating: 1444 &rarr; <strong>1470</strong><br />(+26 for winning)
|raw|FrostBite13yes's rating: 1559 &rarr; <strong>1533</strong><br />(-26 for losing)
|l|☆FrostBite13yes
|player|p2|
|c|☆KnightKnaveSpy|Gg
|l|☆KnightKnaveSpy
|player|p1|
