|html|<div class="broadcast-blue"><strong>[Gen 9] OU is currently suspecting Tera Blast! For information on how to participate check out the <a href="https://www.smogon.com/tools/suspects/view/200">suspect thread</a>.</strong></div>
|j|☆dargo41
|j|☆diffiCOLT
|t:|1776264887
|gametype|singles
|player|p1|dargo41|hoopster|1023
|player|p2|diffiCOLT|170|1074
|gen|9
|tier|[Gen 9] OU
|rated|
|rule|HP Percentage Mod: HP is shown in percentages
|rule|Endless Battle Clause: Forcing endless battles is banned
|rule|Species Clause: Limit one of each Pokémon
|rule|OHKO Clause: OHKO moves are banned
|rule|Evasion Items Clause: Evasion items are banned
|rule|Evasion Moves Clause: Evasion moves are banned
|rule|Evasion Abilities Clause: Evasion abilities are banned
|rule|Sleep Moves Clause: Sleep-inducing moves are banned
|clearpoke
|poke|p1|Great Tusk|
|poke|p1|Gholdengo|
|poke|p1|Dragapult, M|
|poke|p1|Kingambit, F|
|poke|p1|Amoonguss, F|
|poke|p1|Iron Valiant|
|poke|p2|Ogerpon, F|
|poke|p2|Walking Wake|
|poke|p2|Torkoal, F|
|poke|p2|Araquanid, M|
|poke|p2|Golurk|
|poke|p2|Dachsbun, M|
|teampreview
|inactive|Battle timer is ON: inactive players will automatically lose when time's up. (requested by diffiCOLT)
|
|t:|1776264898
|teamsize|p1|6
|teamsize|p2|6
|start
|switch|p1a: Great Tusk|Great Tusk|100/100
|switch|p2a: Araquanid|Araquanid, M|100/100
|turn|1
|
|t:|1776264910
|move|p1a: Great Tusk|Stealth Rock|p2a: Araquanid
|-sidestart|p2: diffiCOLT|move: Stealth Rock
|move|p2a: Araquanid|Liquidation|p1a: Great Tusk
|-supereffective|p1a: Great Tusk
|-damage|p1a: Great Tusk|45/100
|-unboost|p1a: Great Tusk|def|1
|
|-heal|p1a: Great Tusk|51/100|[from] item: Leftovers
|upkeep
|turn|2
|
|t:|1776264928
|move|p1a: Great Tusk|Knock Off|p2a: Araquanid
|-crit|p2a: Araquanid
|-damage|p2a: Araquanid|60/100
|-enditem|p2a: Araquanid|Heavy-Duty Boots|[from] move: Knock Off|[of] p1a: Great Tusk
|move|p2a: Araquanid|Liquidation|p1a: Great Tusk
|-supereffective|p1a: Great Tusk
|-crit|p1a: Great Tusk
|-damage|p1a: Great Tusk|0 fnt
|faint|p1a: Great Tusk
|-end|p1a: Great Tusk|Protosynthesis|[silent]
|
|upkeep
|
|t:|1776264947
|switch|p1a: Gholdengo|Gholdengo|100/100
|-item|p1a: Gholdengo|Air Balloon
|turn|3
|
|t:|1776264961
|move|p1a: Gholdengo|Nasty Plot|p1a: Gholdengo
|-boost|p1a: Gholdengo|spa|2
|move|p2a: Araquanid|Liquidation|p1a: Gholdengo
|-damage|p1a: Gholdengo|27/100
|-enditem|p1a: Gholdengo|Air Balloon
|
|upkeep
|turn|4
|
|t:|1776264972
|move|p1a: Gholdengo|Shadow Ball|p2a: Araquanid
|-damage|p2a: Araquanid|0 fnt
|faint|p2a: Araquanid
|
|upkeep
|
|t:|1776264981
|switch|p2a: Ogerpon|Ogerpon, F|100/100
|-damage|p2a: Ogerpon|88/100|[from] Stealth Rock
|turn|5
|
|t:|1776264990
|move|p2a: Ogerpon|Knock Off|p1a: Gholdengo
|-supereffective|p1a: Gholdengo
|-damage|p1a: Gholdengo|0 fnt
|faint|p1a: Gholdengo
|
|upkeep
|
|t:|1776265004
|switch|p1a: Amoonguss|Amoonguss, F|100/100
|turn|6
|inactive|dargo41 has 120 seconds left.
|
|t:|1776265032
|switch|p2a: Torkoal|Torkoal, F|100/100
|-weather|SunnyDay|[from] ability: Drought|[of] p2a: Torkoal
|move|p1a: Amoonguss|Sludge Bomb|p2a: Torkoal
|-damage|p2a: Torkoal|65/100
|-status|p2a: Torkoal|psn
|
|-weather|SunnyDay|[upkeep]
|-damage|p2a: Torkoal|53/100 psn|[from] psn
|upkeep
|turn|7
|inactive|dargo41 has 120 seconds left.
|
|t:|1776265047
|switch|p1a: Iron Valiant|Iron Valiant|100/100
|-enditem|p1a: Iron Valiant|Booster Energy
|-activate|p1a: Iron Valiant|ability: Quark Drive|[fromitem]
|-start|p1a: Iron Valiant|quarkdrivespe
|move|p2a: Torkoal|Rapid Spin|p1a: Iron Valiant
|-damage|p1a: Iron Valiant|88/100
|-boost|p2a: Torkoal|spe|1
|-sideend|p2: diffiCOLT|Stealth Rock|[from] move: Rapid Spin|[of] p2a: Torkoal
|
|-weather|SunnyDay|[upkeep]
|-damage|p2a: Torkoal|41/100 psn|[from] psn
|upkeep
|turn|8
|inactive|dargo41 has 120 seconds left.
|
|t:|1776265064
|move|p1a: Iron Valiant|Calm Mind|p1a: Iron Valiant
|-boost|p1a: Iron Valiant|spa|1
|-boost|p1a: Iron Valiant|spd|1
|move|p2a: Torkoal|Stealth Rock|p1a: Iron Valiant
|-sidestart|p1: dargo41|move: Stealth Rock
|
|-weather|SunnyDay|[upkeep]
|-damage|p2a: Torkoal|28/100 psn|[from] psn
|upkeep
|turn|9
|
|t:|1776265092
|move|p1a: Iron Valiant|Psyshock|p2a: Torkoal
|-damage|p2a: Torkoal|6/100 psn
|move|p2a: Torkoal|Clear Smog|p1a: Iron Valiant
|-supereffective|p1a: Iron Valiant
|-damage|p1a: Iron Valiant|64/100
|-clearboost|p1a: Iron Valiant
|
|-weather|SunnyDay|[upkeep]
|-damage|p2a: Torkoal|0 fnt|[from] psn
|faint|p2a: Torkoal
|upkeep
|
|t:|1776265113
|switch|p2a: Ogerpon|Ogerpon, F|88/100
|turn|10
|
|t:|1776265123
|move|p1a: Iron Valiant|Calm Mind|p1a: Iron Valiant
|-boost|p1a: Iron Valiant|spa|1
|-boost|p1a: Iron Valiant|spd|1
|move|p2a: Ogerpon|Solar Blade||[still]
|-prepare|p2a: Ogerpon|Solar Blade
|-anim|p2a: Ogerpon|Solar Blade|p1a: Iron Valiant
|-damage|p1a: Iron Valiant|0 fnt
|faint|p1a: Iron Valiant
|-end|p1a: Iron Valiant|Quark Drive|[silent]
|
|-weather|none
|upkeep
|
|t:|1776265137
|switch|p1a: Kingambit|Kingambit, F|100/100
|-damage|p1a: Kingambit|94/100|[from] Stealth Rock
|-activate|p1a: Kingambit|ability: Supreme Overlord
|-start|p1a: Kingambit|fallen3|[silent]
|turn|11
|
|t:|1776265146
|switch|p2a: Dachsbun|Dachsbun, M|100/100
|move|p1a: Kingambit|Kowtow Cleave|p2a: Dachsbun
|-resisted|p2a: Dachsbun
|-damage|p2a: Dachsbun|51/100
|
|-heal|p2a: Dachsbun|57/100|[from] item: Leftovers
|upkeep
|turn|12
|
|t:|1776265160
|move|p2a: Dachsbun|Sunny Day|p2a: Dachsbun
|-weather|SunnyDay
|move|p1a: Kingambit|Iron Head|p2a: Dachsbun
|-supereffective|p2a: Dachsbun
|-damage|p2a: Dachsbun|0 fnt
|faint|p2a: Dachsbun
|
|-weather|SunnyDay|[upkeep]
|upkeep
|
|t:|1776265171
|switch|p2a: Walking Wake|Walking Wake|100/100
|-activate|p2a: Walking Wake|ability: Protosynthesis
|-start|p2a: Walking Wake|protosynthesisspe
|turn|13
|inactive|dargo41 has 120 seconds left.
|
|t:|1776265178
|move|p2a: Walking Wake|Flamethrower|p1a: Kingambit
|-supereffective|p1a: Kingambit
|-damage|p1a: Kingambit|0 fnt
|faint|p1a: Kingambit
|-end|p1a: Kingambit|fallen3|[silent]
|
|-weather|SunnyDay|[upkeep]
|upkeep
|inactive|dargo41 has 120 seconds left.
|
|t:|1776265187
|switch|p1a: Dragapult|Dragapult, M|100/100
|-damage|p1a: Dragapult|88/100|[from] Stealth Rock
|turn|14
|
|t:|1776265193
|-end|p2a: Walking Wake|Protosynthesis|[silent]
|switch|p2a: Golurk|Golurk|100/100
|move|p1a: Dragapult|Draco Meteor|p2a: Golurk
|-damage|p2a: Golurk|43/100
|-unboost|p1a: Dragapult|spa|2
|
|-weather|SunnyDay|[upkeep]
|upkeep
|turn|15
|
|t:|1776265208
|switch|p1a: Amoonguss|Amoonguss, F|100/100
|-damage|p1a: Amoonguss|88/100|[from] Stealth Rock
|move|p2a: Golurk|Poltergeist|p1a: Amoonguss
|-activate|p1a: Amoonguss|move: Poltergeist|Rocky Helmet
|-damage|p1a: Amoonguss|43/100
|
|-weather|SunnyDay|[upkeep]
|upkeep
|turn|16
|
|t:|1776265223
|switch|p2a: Walking Wake|Walking Wake|100/100
|-activate|p2a: Walking Wake|ability: Protosynthesis
|-start|p2a: Walking Wake|protosynthesisspe
|move|p1a: Amoonguss|Giga Drain|p2a: Walking Wake
|-damage|p2a: Walking Wake|77/100
|-heal|p1a: Amoonguss|52/100|[from] drain|[of] p2a: Walking Wake
|
|-weather|none
|-end|p2a: Walking Wake|Protosynthesis
|upkeep
|turn|17
|inactive|dargo41 has 120 seconds left.
|
|t:|1776265238
|move|p2a: Walking Wake|Dragon Pulse|p1a: Amoonguss
|-damage|p1a: Amoonguss|0 fnt
|faint|p1a: Amoonguss
|
|upkeep
|inactive|dargo41 has 120 seconds left.
|
|t:|1776265243
|switch|p1a: Dragapult|Dragapult, M|88/100
|-damage|p1a: Dragapult|76/100|[from] Stealth Rock
|turn|18
|inactive|dargo41 has 120 seconds left.
|
|t:|1776265255
|-terastallize|p2a: Walking Wake|Steel
|move|p1a: Dragapult|Shadow Ball|p2a: Walking Wake
|-damage|p2a: Walking Wake|18/100
|move|p2a: Walking Wake|Dragon Pulse|p1a: Dragapult
|-supereffective|p1a: Dragapult
|-damage|p1a: Dragapult|0 fnt
|faint|p1a: Dragapult
|
|win|diffiCOLT
|raw|dargo41's rating: 1023 &rarr; <strong>1012</strong><br />(-11 for losing)
|raw|diffiCOLT's rating: 1074 &rarr; <strong>1099</strong><br />(+25 for winning)
|l|☆dargo41
|player|p1|
|c|☆diffiCOLT|Gg
