|html|<div class="broadcast-blue"><strong>[Gen 9] OU is currently suspecting Tera Blast! For information on how to participate check out the <a href="https://www.smogon.com/tools/suspects/view/200">suspect thread</a>.</strong></div>
|j|☆Coolcube_3
|j|☆v1shnu17
|t:|1776105657
|gametype|singles
|player|p1|Coolcube_3|102|1303
|player|p2|v1shnu17|miku-ghost|1321
|gen|9
|tier|[Gen 9] OU
|rated|
|rule|HP Percentage Mod: HP is shown in percentages
|rule|Endless Battle Clause: Forcing endless battles is banned
|rule|Species Clause: Limit one of each Pokémon
|rule|OHKO Clause: OHKO moves are banned
|rule|Evasion Items Clause: Evasion items are banned
|rule|Evasion Moves Clause: Evasion moves are banned
|rule|Evasion Abilities Clause: Evasion abilities are banned
|rule|Sleep Moves Clause: Sleep-inducing moves are banned
|clearpoke
|poke|p1|Slowking-Galar, F|
|poke|p1|Great Tusk|
|poke|p1|Iron Moth|
|poke|p1|Primarina, F|
|poke|p1|Corviknight, F|
|poke|p1|Lokix, M|
|poke|p2|Medicham, F|
|poke|p2|Arcanine-Hisui, M|
|poke|p2|Darkrai|
|poke|p2|Corviknight, M|
|poke|p2|Great Tusk|
|poke|p2|Rillaboom, M|
|teampreview
|inactive|Battle timer is ON: inactive players will automatically lose when time's up. (requested by v1shnu17)
|j| ohko_smeargle
|
|t:|1776105683
|teamsize|p1|6
|teamsize|p2|6
|start
|switch|p1a: Lokix|Lokix, M|100/100
|switch|p2a: Medicham|Medicham, F|100/100
|turn|1
|inactive|v1shnu17 has 120 seconds left.
|
|t:|1776105716
|move|p2a: Medicham|Fire Punch|p1a: Lokix
|-supereffective|p1a: Lokix
|-damage|p1a: Lokix|0 fnt
|faint|p1a: Lokix
|
|upkeep
|inactive|Coolcube_3 has 120 seconds left.
|
|t:|1776105749
|switch|p1a: Great Tusk|Great Tusk|100/100
|turn|2
|
|t:|1776105759
|switch|p2a: Rillaboom|Rillaboom, M|100/100
|-fieldstart|move: Grassy Terrain|[from] ability: Grassy Surge|[of] p2a: Rillaboom
|move|p1a: Great Tusk|Rapid Spin|p2a: Rillaboom
|-damage|p2a: Rillaboom|85/100
|-boost|p1a: Great Tusk|spe|1
|
|-heal|p2a: Rillaboom|91/100|[from] Grassy Terrain
|upkeep
|turn|3
|
|t:|1776105769
|-end|p1a: Great Tusk|Protosynthesis|[silent]
|switch|p1a: Corviknight|Corviknight, F|100/100
|move|p2a: Rillaboom|Wood Hammer|p1a: Corviknight
|-resisted|p1a: Corviknight
|-damage|p1a: Corviknight|81/100
|-damage|p2a: Rillaboom|85/100|[from] Recoil
|
|-heal|p2a: Rillaboom|91/100|[from] Grassy Terrain
|-heal|p1a: Corviknight|87/100|[from] item: Leftovers
|upkeep
|turn|4
|
|t:|1776105781
|switch|p2a: Corviknight|Corviknight, M, shiny|100/100
|move|p1a: Corviknight|Iron Defense|p1a: Corviknight
|-boost|p1a: Corviknight|def|2
|
|-heal|p1a: Corviknight|94/100|[from] item: Leftovers
|upkeep
|turn|5
|
|t:|1776105793
|move|p1a: Corviknight|Iron Defense|p1a: Corviknight
|-boost|p1a: Corviknight|def|2
|move|p2a: Corviknight|Tailwind|p2a: Corviknight
|-sidestart|p2: v1shnu17|move: Tailwind
|
|-heal|p1a: Corviknight|99/100|[from] item: Leftovers
|upkeep
|turn|6
|inactive|Coolcube_3 has 120 seconds left.
|
|t:|1776105800
|move|p2a: Corviknight|U-turn|p1a: Corviknight
|-resisted|p1a: Corviknight
|-damage|p1a: Corviknight|99/100
|
|t:|1776105805
|switch|p2a: Darkrai|Darkrai, shiny|100/100|[from] U-turn
|move|p1a: Corviknight|Iron Defense|p1a: Corviknight
|-boost|p1a: Corviknight|def|2
|
|-heal|p1a: Corviknight|100/100|[from] item: Leftovers
|-fieldend|move: Grassy Terrain
|upkeep
|turn|7
|
|t:|1776105817
|-terastallize|p2a: Darkrai|Poison
|move|p2a: Darkrai|Nasty Plot|p2a: Darkrai
|-boost|p2a: Darkrai|spa|2
|move|p1a: Corviknight|Body Press|p2a: Darkrai
|-resisted|p2a: Darkrai
|-damage|p2a: Darkrai|29/100
|
|upkeep
|turn|8
|
|t:|1776105832
|move|p2a: Darkrai|Dark Pulse|p1a: Corviknight
|-damage|p1a: Corviknight|0 fnt
|faint|p1a: Corviknight
|-damage|p2a: Darkrai|19/100|[from] item: Life Orb
|
|-sideend|p2: v1shnu17|move: Tailwind
|upkeep
|inactive|Coolcube_3 has 120 seconds left.
|
|t:|1776105855
|switch|p1a: Iron Moth|Iron Moth|100/100
|turn|9
|
|t:|1776105860
|move|p2a: Darkrai|Dark Pulse|p1a: Iron Moth
|-damage|p1a: Iron Moth|0 fnt
|faint|p1a: Iron Moth
|-end|p1a: Iron Moth|Quark Drive|[silent]
|-damage|p2a: Darkrai|9/100|[from] item: Life Orb
|
|upkeep
|
|t:|1776105866
|switch|p1a: Primarina|Primarina, F|100/100
|turn|10
|inactive|Coolcube_3 has 120 seconds left.
|
|t:|1776105892
|move|p2a: Darkrai|Sludge Bomb|p1a: Primarina
|-supereffective|p1a: Primarina
|-damage|p1a: Primarina|0 fnt
|faint|p1a: Primarina
|-damage|p2a: Darkrai|0 fnt|[from] item: Life Orb
|faint|p2a: Darkrai
|
|upkeep
|-message|Coolcube_3 forfeited.
|
|win|v1shnu17
|raw|Coolcube_3's rating: 1303 &rarr; <strong>1284</strong><br />(-19 for losing)
|raw|v1shnu17's rating: 1321 &rarr; <strong>1340</strong><br />(+19 for winning)
|l|☆Coolcube_3
|player|p1|
|l| ohko_smeargle
