|html|<div class="broadcast-blue"><strong>[Gen 9] OU is currently suspecting Tera Blast! For information on how to participate check out the <a href="https://www.smogon.com/tools/suspects/view/200">suspect thread</a>.</strong></div>
|j|☆phreshoatmeal
|j|☆AmygdalanResponse
|t:|1776133254
|gametype|singles
|player|p1|phreshoatmeal|102|1517
|player|p2|AmygdalanResponse|marshal|1573
|gen|9
|tier|[Gen 9] OU
|rated|
|rule|HP Percentage Mod: HP is shown in percentages
|rule|Endless Battle Clause: Forcing endless battles is banned
|rule|Species Clause: Limit one of each Pokémon
|rule|OHKO Clause: OHKO moves are banned
|rule|Evasion Items Clause: Evasion items are banned
|rule|Evasion Moves Clause: Evasion moves are banned
|rule|Evasion Abilities Clause: Evasion abilities are banned
|rule|Sleep Moves Clause: Sleep-inducing moves are banned
|clearpoke
|poke|p1|Donphan, L1, F|
|poke|p1|Hawlucha, F|
|poke|p1|Vileplume, M|
|poke|p1|Kingambit, M|
|poke|p1|Hatterene, F|
|poke|p1|Dragapult, M|
|poke|p2|Pelipper, F|
|poke|p2|Raging Bolt|
|poke|p2|Overqwil, M|
|poke|p2|Barraskewda, F|
|poke|p2|Iron Treads|
|poke|p2|Kingambit, F|
|teampreview
|c|☆AmygdalanResponse|gl hf
|c|☆AmygdalanResponse|Donphan????!!!!
|c|☆phreshoatmeal|Ye
|
|t:|1776133276
|teamsize|p1|6
|teamsize|p2|6
|start
|switch|p1a: Don Phuan|Donphan, L1, F|100/100
|switch|p2a: Pelipper|Pelipper, F|100/100
|-weather|RainDance|[from] ability: Drizzle|[of] p2a: Pelipper
|turn|1
|
|t:|1776133280
|move|p2a: Pelipper|U-turn|p1a: Don Phuan
|-crit|p1a: Don Phuan
|-ability|p1a: Don Phuan|Sturdy
|-damage|p1a: Don Phuan|9/100
|c|☆AmygdalanResponse|Oh I see now
|c|☆phreshoatmeal|Crit mattered
|c|☆phreshoatmeal|Ruins the strat now
|c|☆phreshoatmeal|Oh well
|
|t:|1776133314
|switch|p2a: Kingambit|Kingambit, F|100/100|[from] U-turn
|move|p1a: Don Phuan|Endeavor|p2a: Kingambit
|-damage|p2a: Kingambit|1/100
|-heal|p1a: Don Phuan|100/100|[from] item: Shell Bell|[of] p2a: Kingambit
|
|-weather|RainDance|[upkeep]
|-heal|p2a: Kingambit|7/100|[from] item: Leftovers
|upkeep
|turn|2
|
|t:|1776133332
|switch|p1a: Hawlucha|Hawlucha, F|100/100
|-ability|p1a: Hawlucha|Mold Breaker
|move|p2a: Kingambit|Swords Dance|p2a: Kingambit
|-boost|p2a: Kingambit|atk|2
|
|-weather|RainDance|[upkeep]
|-heal|p2a: Kingambit|13/100|[from] item: Leftovers
|upkeep
|turn|3
|
|t:|1776133343
|-end|p2a: Kingambit|fallenundefined|[silent]
|switch|p2a: Iron Treads|Iron Treads|100/100
|-enditem|p2a: Iron Treads|Booster Energy
|-activate|p2a: Iron Treads|ability: Quark Drive|[fromitem]
|-start|p2a: Iron Treads|quarkdrivespe
|move|p1a: Hawlucha|Flying Press|p2a: Iron Treads
|-damage|p2a: Iron Treads|69/100
|
|-weather|RainDance|[upkeep]
|upkeep
|turn|4
|
|t:|1776133351
|switch|p1a: Hatterene|Hatterene, F|100/100
|move|p2a: Iron Treads|Steel Beam|p1a: Hatterene
|-supereffective|p1a: Hatterene
|-damage|p1a: Hatterene|0 fnt
|-damage|p2a: Iron Treads|19/100|[from] steelbeam
|faint|p1a: Hatterene
|
|-weather|RainDance|[upkeep]
|upkeep
|
|t:|1776133366
|switch|p1a: Hawlucha|Hawlucha, F|100/100
|-ability|p1a: Hawlucha|Mold Breaker
|turn|5
|
|t:|1776133372
|move|p2a: Iron Treads|Stealth Rock|p1a: Hawlucha
|-sidestart|p1: phreshoatmeal|move: Stealth Rock
|move|p1a: Hawlucha|Encore|p2a: Iron Treads
|-start|p2a: Iron Treads|Encore
|
|-weather|RainDance|[upkeep]
|upkeep
|turn|6
|
|t:|1776133379
|-end|p2a: Iron Treads|Quark Drive|[silent]
|switch|p2a: Barraskewda|Barraskewda, F|100/100
|move|p1a: Hawlucha|Defog|p2a: Barraskewda
|-unboost|p2a: Barraskewda|evasion|1
|-sideend|p1: phreshoatmeal|Stealth Rock|[from] move: Defog|[of] p1a: Hawlucha
|
|-weather|RainDance|[upkeep]
|upkeep
|turn|7
|
|t:|1776133382
|switch|p1a: Vileplume|Vileplume, M|100/100
|move|p2a: Barraskewda|Flip Turn|p1a: Vileplume
|-resisted|p1a: Vileplume
|-damage|p1a: Vileplume|72/100
|-damage|p2a: Barraskewda|84/100|[from] item: Rocky Helmet|[of] p1a: Vileplume
|
|t:|1776133384
|switch|p2a: Iron Treads|Iron Treads|19/100|[from] Flip Turn
|
|-weather|RainDance|[upkeep]
|upkeep
|turn|8
|
|t:|1776133398
|move|p2a: Iron Treads|Stealth Rock|p1a: Vileplume
|-sidestart|p1: phreshoatmeal|move: Stealth Rock
|move|p1a: Vileplume|Grass Knot|p2a: Iron Treads
|-damage|p2a: Iron Treads|0 fnt
|faint|p2a: Iron Treads
|-end|p2a: Iron Treads|Quark Drive|[silent]
|
|-weather|none
|upkeep
|
|t:|1776133403
|switch|p2a: Pelipper|Pelipper, F|100/100
|-weather|RainDance|[from] ability: Drizzle|[of] p2a: Pelipper
|turn|9
|
|t:|1776133408
|switch|p1a: Kingambit|Kingambit, M|100/100
|-damage|p1a: Kingambit|94/100|[from] Stealth Rock
|move|p2a: Pelipper|Hurricane|p1a: Kingambit
|-resisted|p1a: Kingambit
|-damage|p1a: Kingambit|82/100
|-start|p1a: Kingambit|confusion
|
|-weather|RainDance|[upkeep]
|-heal|p1a: Kingambit|89/100|[from] item: Leftovers
|upkeep
|turn|10
|
|t:|1776133437
|switch|p1a: Vileplume|Vileplume, M|72/100
|-damage|p1a: Vileplume|59/100|[from] Stealth Rock
|move|p2a: Pelipper|U-turn|p1a: Vileplume
|-damage|p1a: Vileplume|52/100
|-damage|p2a: Pelipper|84/100|[from] item: Rocky Helmet|[of] p1a: Vileplume
|
|t:|1776133448
|switch|p2a: Raging Bolt|Raging Bolt|100/100|[from] U-turn
|-enditem|p2a: Raging Bolt|Booster Energy
|-activate|p2a: Raging Bolt|ability: Protosynthesis|[fromitem]
|-start|p2a: Raging Bolt|protosynthesisspa
|
|-weather|RainDance|[upkeep]
|upkeep
|turn|11
|
|t:|1776133455
|switch|p1a: Kingambit|Kingambit, M|89/100
|-damage|p1a: Kingambit|82/100|[from] Stealth Rock
|move|p2a: Raging Bolt|Thunder|p1a: Kingambit
|-damage|p1a: Kingambit|25/100
|
|-weather|RainDance|[upkeep]
|-heal|p1a: Kingambit|31/100|[from] item: Leftovers
|upkeep
|turn|12
|
|t:|1776133463
|move|p1a: Kingambit|Sucker Punch|p2a: Raging Bolt
|-damage|p2a: Raging Bolt|71/100
|move|p2a: Raging Bolt|Weather Ball|p1a: Kingambit
|-crit|p1a: Kingambit
|-damage|p1a: Kingambit|0 fnt
|faint|p1a: Kingambit
|
|-weather|RainDance|[upkeep]
|upkeep
|
|t:|1776133466
|switch|p1a: Hawlucha|Hawlucha, F|100/100
|-damage|p1a: Hawlucha|88/100|[from] Stealth Rock
|-ability|p1a: Hawlucha|Mold Breaker
|turn|13
|
|t:|1776133469
|move|p1a: Hawlucha|Defog|p2a: Raging Bolt
|-unboost|p2a: Raging Bolt|evasion|1
|-sideend|p1: phreshoatmeal|Stealth Rock|[from] move: Defog|[of] p1a: Hawlucha
|move|p2a: Raging Bolt|Thunder|p1a: Hawlucha
|-supereffective|p1a: Hawlucha
|-damage|p1a: Hawlucha|0 fnt
|faint|p1a: Hawlucha
|
|-weather|RainDance|[upkeep]
|upkeep
|
|t:|1776133474
|switch|p1a: Don Phuan|Donphan, L1, F|100/100
|turn|14
|
|t:|1776133484
|-end|p2a: Raging Bolt|Protosynthesis|[silent]
|switch|p2a: Kingambit|Kingambit, F|13/100
|-activate|p2a: Kingambit|ability: Supreme Overlord
|-start|p2a: Kingambit|fallen1|[silent]
|move|p1a: Don Phuan|Endeavor|p2a: Kingambit
|-damage|p2a: Kingambit|3/100
|
|-weather|RainDance|[upkeep]
|-heal|p2a: Kingambit|10/100|[from] item: Leftovers
|upkeep
|turn|15
|
|t:|1776133491
|move|p2a: Kingambit|Swords Dance|p2a: Kingambit
|-boost|p2a: Kingambit|atk|2
|move|p1a: Don Phuan|Encore|p2a: Kingambit
|-start|p2a: Kingambit|Encore
|
|-weather|RainDance|[upkeep]
|-heal|p2a: Kingambit|16/100|[from] item: Leftovers
|upkeep
|turn|16
|
|t:|1776133499
|-end|p2a: Kingambit|fallen1|[silent]
|switch|p2a: Barraskewda|Barraskewda, F|84/100
|move|p1a: Don Phuan|Endeavor|p2a: Barraskewda
|-damage|p2a: Barraskewda|5/100
|
|-weather|none
|upkeep
|turn|17
|
|t:|1776133511
|switch|p2a: Kingambit|Kingambit, F|16/100
|-activate|p2a: Kingambit|ability: Supreme Overlord
|-start|p2a: Kingambit|fallen1|[silent]
|move|p1a: Don Phuan|Endeavor|p2a: Kingambit
|-damage|p2a: Kingambit|3/100
|
|-heal|p2a: Kingambit|10/100|[from] item: Leftovers
|upkeep
|turn|18
|l|☆phreshoatmeal
|player|p1|
|j|☆phreshoatmeal
|player|p1|phreshoatmeal|102|
|l|☆phreshoatmeal
|player|p1|
|j|☆phreshoatmeal
|player|p1|phreshoatmeal|102|
|
|t:|1776133559
|-end|p2a: Kingambit|fallen1|[silent]
|switch|p2a: Barraskewda|Barraskewda, F|5/100
|switch|p1a: Vileplume|Vileplume, M|52/100
|
|upkeep
|turn|19
|
|t:|1776133598
|switch|p2a: Pelipper|Pelipper, F|84/100
|-weather|RainDance|[from] ability: Drizzle|[of] p2a: Pelipper
|move|p1a: Vileplume|Moonlight|p1a: Vileplume
|-heal|p1a: Vileplume|77/100
|
|-weather|RainDance|[upkeep]
|upkeep
|turn|20
|
|t:|1776133610
|move|p1a: Vileplume|Sludge Bomb|p2a: Pelipper
|-damage|p2a: Pelipper|37/100
|move|p2a: Pelipper|Hurricane|p1a: Vileplume
|-supereffective|p1a: Vileplume
|-damage|p1a: Vileplume|0 fnt
|faint|p1a: Vileplume
|
|-weather|RainDance|[upkeep]
|upkeep
|
|t:|1776133616
|switch|p1a: Dragapult|Dragapult, M|100/100
|turn|21
|
|t:|1776133640
|move|p1a: Dragapult|Dragon Darts|p2a: Pelipper
|-damage|p2a: Pelipper|9/100
|-anim|p1a: Dragapult|Dragon Darts|p2a: Pelipper
|-damage|p2a: Pelipper|0 fnt
|faint|p2a: Pelipper
|
|-weather|RainDance|[upkeep]
|upkeep
|
|t:|1776133644
|switch|p2a: Overqwil|Overqwil, M|100/100
|turn|22
|
|t:|1776133650
|move|p2a: Overqwil|Crunch|p1a: Dragapult
|-supereffective|p1a: Dragapult
|-damage|p1a: Dragapult|0 fnt
|faint|p1a: Dragapult
|-damage|p2a: Overqwil|91/100|[from] item: Life Orb
|
|-weather|RainDance|[upkeep]
|upkeep
|
|t:|1776133653
|switch|p1a: Don Phuan|Donphan, L1, F|100/100
|turn|23
|
|t:|1776133657
|switch|p2a: Kingambit|Kingambit, F|10/100
|-activate|p2a: Kingambit|ability: Supreme Overlord
|-start|p2a: Kingambit|fallen2|[silent]
|move|p1a: Don Phuan|Endeavor|p2a: Kingambit
|-damage|p2a: Kingambit|3/100
|
|-weather|RainDance|[upkeep]
|-heal|p2a: Kingambit|10/100|[from] item: Leftovers
|upkeep
|turn|24
|
|t:|1776133681
|move|p2a: Kingambit|Iron Head|p1a: Don Phuan
|-ability|p1a: Don Phuan|Sturdy
|-damage|p1a: Don Phuan|9/100
|cant|p1a: Don Phuan|flinch
|
|-weather|RainDance|[upkeep]
|-heal|p2a: Kingambit|16/100|[from] item: Leftovers
|upkeep
|turn|25
|
|t:|1776133686
|move|p1a: Don Phuan|Ice Shard|p2a: Kingambit
|-resisted|p2a: Kingambit
|-damage|p2a: Kingambit|16/100
|-heal|p1a: Don Phuan|17/100|[from] item: Shell Bell|[of] p2a: Kingambit
|move|p2a: Kingambit|Iron Head|p1a: Don Phuan
|-damage|p1a: Don Phuan|0 fnt
|faint|p1a: Don Phuan
|
|win|AmygdalanResponse
|raw|phreshoatmeal's rating: 1517 &rarr; <strong>1500</strong><br />(-17 for losing)
|raw|AmygdalanResponse's rating: 1573 &rarr; <strong>1590</strong><br />(+17 for winning)
|c|☆phreshoatmeal|Gg
|c|☆AmygdalanResponse|gg
|l|☆phreshoatmeal
|player|p1|
