|html|<div class="broadcast-blue"><strong>[Gen 9] OU is currently suspecting Tera Blast! For information on how to participate check out the <a href="https://www.smogon.com/tools/suspects/view/200">suspect thread</a>.</strong></div>
|j|☆mzy98
|j|☆horridhenry123
|t:|1776078541
|gametype|singles
|player|p1|mzy98|clerk|1193
|player|p2|horridhenry123|hoopster|1247
|gen|9
|tier|[Gen 9] OU
|rated|
|rule|HP Percentage Mod: HP is shown in percentages
|rule|Endless Battle Clause: Forcing endless battles is banned
|rule|Species Clause: Limit one of each Pokémon
|rule|OHKO Clause: OHKO moves are banned
|rule|Evasion Items Clause: Evasion items are banned
|rule|Evasion Moves Clause: Evasion moves are banned
|rule|Evasion Abilities Clause: Evasion abilities are banned
|rule|Sleep Moves Clause: Sleep-inducing moves are banned
|clearpoke
|poke|p1|Walking Wake|
|poke|p1|Great Tusk|
|poke|p1|Torkoal, M|
|poke|p1|Hatterene, F|
|poke|p1|Corviknight, M|
|poke|p1|Tyranitar, M|
|poke|p2|Crawdaunt, M|
|poke|p2|Zangoose, F|
|poke|p2|Araquanid, M|
|poke|p2|Glimmora, M|
|poke|p2|Darkrai|
|poke|p2|Oricorio-Sensu, M|
|teampreview
|inactive|Battle timer is ON: inactive players will automatically lose when time's up. (requested by horridhenry123)
|
|t:|1776078557
|teamsize|p1|6
|teamsize|p2|6
|start
|switch|p1a: Torkoal|Torkoal, M|100/100
|switch|p2a: Glimmora|Glimmora, M|100/100
|-weather|SunnyDay|[from] ability: Drought|[of] p1a: Torkoal
|turn|1
|
|t:|1776078563
|switch|p1a: Hatterene|Hatterene, F|100/100
|move|p2a: Glimmora|Power Gem|p1a: Hatterene
|-damage|p1a: Hatterene|67/100
|-enditem|p1a: Hatterene|Eject Button
|
|t:|1776078569
|switch|p1a: Walking Wake|Walking Wake|100/100
|-activate|p1a: Walking Wake|ability: Protosynthesis
|-start|p1a: Walking Wake|protosynthesisspe
|
|-weather|SunnyDay|[upkeep]
|upkeep
|turn|2
|
|t:|1776078575
|switch|p2a: Araquanid|Araquanid, M|100/100
|move|p1a: Walking Wake|Hydro Steam|p2a: Araquanid
|-resisted|p2a: Araquanid
|-damage|p2a: Araquanid|65/100
|
|-weather|SunnyDay|[upkeep]
|upkeep
|turn|3
|
|t:|1776078587
|-end|p1a: Walking Wake|Protosynthesis|[silent]
|switch|p1a: Great Tusk|Great Tusk|100/100
|-activate|p1a: Great Tusk|ability: Protosynthesis
|-start|p1a: Great Tusk|protosynthesisatk
|move|p2a: Araquanid|Leech Life|p1a: Great Tusk
|-resisted|p1a: Great Tusk
|-damage|p1a: Great Tusk|89/100
|-heal|p2a: Araquanid|72/100|[from] drain|[of] p1a: Great Tusk
|
|-weather|SunnyDay|[upkeep]
|upkeep
|turn|4
|
|t:|1776078604
|move|p1a: Great Tusk|Rapid Spin|p2a: Araquanid
|-damage|p2a: Araquanid|40/100
|-boost|p1a: Great Tusk|spe|1
|move|p2a: Araquanid|Liquidation|p1a: Great Tusk
|-supereffective|p1a: Great Tusk
|-damage|p1a: Great Tusk|46/100
|
|-weather|SunnyDay|[upkeep]
|upkeep
|turn|5
|
|t:|1776078614
|move|p1a: Great Tusk|Headlong Rush|p2a: Araquanid
|-resisted|p2a: Araquanid
|-damage|p2a: Araquanid|0 fnt
|-unboost|p1a: Great Tusk|def|1
|-unboost|p1a: Great Tusk|spd|1
|faint|p2a: Araquanid
|
|-weather|SunnyDay|[upkeep]
|upkeep
|
|t:|1776078630
|switch|p2a: Crawdaunt|Crawdaunt, M|100/100
|turn|6
|
|t:|1776078636
|move|p2a: Crawdaunt|Aqua Jet|p1a: Great Tusk
|-supereffective|p1a: Great Tusk
|-damage|p1a: Great Tusk|10/100
|-damage|p2a: Crawdaunt|91/100|[from] item: Life Orb
|move|p1a: Great Tusk|Headlong Rush|p2a: Crawdaunt
|-damage|p2a: Crawdaunt|0 fnt
|-unboost|p1a: Great Tusk|def|1
|-unboost|p1a: Great Tusk|spd|1
|faint|p2a: Crawdaunt
|
|-weather|SunnyDay|[upkeep]
|upkeep
|
|t:|1776078644
|switch|p2a: Glimmora|Glimmora, M|100/100
|turn|7
|
|t:|1776078649
|move|p1a: Great Tusk|Headlong Rush|p2a: Glimmora
|-supereffective|p2a: Glimmora
|-enditem|p2a: Glimmora|Focus Sash
|-damage|p2a: Glimmora|1/100
|-unboost|p1a: Great Tusk|def|1
|-unboost|p1a: Great Tusk|spd|1
|-activate|p2a: Glimmora|ability: Toxic Debris
|-sidestart|p1: mzy98|move: Toxic Spikes
|move|p2a: Glimmora|Mortal Spin|p1a: Great Tusk
|-resisted|p1a: Great Tusk
|-damage|p1a: Great Tusk|5/100
|-status|p1a: Great Tusk|psn
|
|-weather|SunnyDay|[upkeep]
|-damage|p1a: Great Tusk|0 fnt|[from] psn
|faint|p1a: Great Tusk
|-end|p1a: Great Tusk|Protosynthesis|[silent]
|upkeep
|
|t:|1776078664
|switch|p1a: Torkoal|Torkoal, M|100/100
|-status|p1a: Torkoal|psn
|turn|8
|
|t:|1776078668
|move|p2a: Glimmora|Power Gem|p1a: Torkoal
|-supereffective|p1a: Torkoal
|-damage|p1a: Torkoal|0 fnt
|faint|p1a: Torkoal
|
|-weather|none
|upkeep
|
|t:|1776078676
|switch|p1a: Tyranitar|Tyranitar, M|100/100
|-status|p1a: Tyranitar|psn
|-weather|Sandstorm|[from] ability: Sand Stream|[of] p1a: Tyranitar
|turn|9
|
|t:|1776078689
|move|p2a: Glimmora|Spikes|p1a: Tyranitar
|-sidestart|p1: mzy98|Spikes
|move|p1a: Tyranitar|Knock Off|p2a: Glimmora
|-damage|p2a: Glimmora|0 fnt
|-activate|p2a: Glimmora|ability: Toxic Debris
|-sidestart|p1: mzy98|move: Toxic Spikes
|faint|p2a: Glimmora
|
|-weather|Sandstorm|[upkeep]
|-damage|p1a: Tyranitar|88/100 psn|[from] psn
|upkeep
|
|t:|1776078699
|switch|p2a: Zangoose|Zangoose, F|100/100
|turn|10
|
|t:|1776078703
|move|p2a: Zangoose|Close Combat|p1a: Tyranitar
|-supereffective|p1a: Tyranitar
|-damage|p1a: Tyranitar|0 fnt
|-unboost|p2a: Zangoose|def|1
|-unboost|p2a: Zangoose|spd|1
|faint|p1a: Tyranitar
|
|-weather|Sandstorm|[upkeep]
|-damage|p2a: Zangoose|94/100|[from] Sandstorm
|-status|p2a: Zangoose|tox|[from] item: Toxic Orb
|upkeep
|
|t:|1776078713
|switch|p1a: Corviknight|Corviknight, M|100/100
|turn|11
|
|t:|1776078721
|switch|p2a: Oricorio|Oricorio-Sensu, M|100/100
|move|p1a: Corviknight|Bulk Up|p1a: Corviknight
|-boost|p1a: Corviknight|atk|1
|-boost|p1a: Corviknight|def|1
|
|-weather|Sandstorm|[upkeep]
|-damage|p2a: Oricorio|94/100|[from] Sandstorm
|upkeep
|turn|12
|
|t:|1776078731
|move|p2a: Oricorio|Quiver Dance|p2a: Oricorio
|-boost|p2a: Oricorio|spa|1
|-boost|p2a: Oricorio|spd|1
|-boost|p2a: Oricorio|spe|1
|move|p1a: Corviknight|Brave Bird|p2a: Oricorio
|-damage|p2a: Oricorio|0 fnt
|faint|p2a: Oricorio
|-damage|p1a: Corviknight|72/100|[from] Recoil
|
|-weather|Sandstorm|[upkeep]
|upkeep
|
|t:|1776078743
|switch|p2a: Darkrai|Darkrai|100/100
|turn|13
|
|t:|1776078751
|move|p2a: Darkrai|Dark Pulse|p1a: Corviknight
|-damage|p1a: Corviknight|11/100
|-damage|p2a: Darkrai|91/100|[from] item: Life Orb
|move|p1a: Corviknight|Brave Bird|p2a: Darkrai
|-damage|p2a: Darkrai|0 fnt
|faint|p2a: Darkrai
|-damage|p1a: Corviknight|0 fnt|[from] Recoil
|faint|p1a: Corviknight
|
|-weather|none
|upkeep
|
|t:|1776078761
|switch|p2a: Zangoose|Zangoose, F|94/100 tox
|switch|p1a: Hatterene|Hatterene, F|67/100
|-status|p1a: Hatterene|tox
|-damage|p1a: Hatterene|55/100 tox|[from] Spikes
|turn|14
|
|t:|1776078772
|-terastallize|p2a: Zangoose|Normal
|move|p2a: Zangoose|Facade|p1a: Hatterene
|-damage|p1a: Hatterene|0 fnt
|faint|p1a: Hatterene
|
|-damage|p2a: Zangoose|88/100 tox|[from] psn
|upkeep
|
|t:|1776078779
|switch|p1a: Walking Wake|Walking Wake|100/100
|-status|p1a: Walking Wake|tox
|-damage|p1a: Walking Wake|88/100 tox|[from] Spikes
|turn|15
|
|t:|1776078784
|move|p1a: Walking Wake|Draco Meteor|p2a: Zangoose
|-damage|p2a: Zangoose|0 fnt
|-unboost|p1a: Walking Wake|spa|2
|faint|p2a: Zangoose
|
|win|mzy98
|raw|mzy98's rating: 1193 &rarr; <strong>1222</strong><br />(+29 for winning)
|raw|horridhenry123's rating: 1247 &rarr; <strong>1218</strong><br />(-29 for losing)
|l|☆horridhenry123
|player|p2|
|l|☆mzy98
|player|p1|
