|html|<div class="broadcast-blue"><strong>[Gen 9] OU is currently suspecting Volcarona! For information on how to participate check out the <a href="https://www.smogon.com/tools/suspects/view/208">suspect thread</a>.</strong></div>
|j|☆katsuppp
|j|☆Apprentice Dogwood
|t:|1778508796
|gametype|singles
|player|p1|katsuppp|101|1190
|player|p2|Apprentice Dogwood|brock|1170
|gen|9
|tier|[Gen 9] OU
|rated|
|rule|HP Percentage Mod: HP is shown in percentages
|rule|Endless Battle Clause: Forcing endless battles is banned
|rule|Species Clause: Limit one of each Pokémon
|rule|OHKO Clause: OHKO moves are banned
|rule|Evasion Items Clause: Evasion items are banned
|rule|Evasion Moves Clause: Evasion moves are banned
|rule|Evasion Abilities Clause: Evasion abilities are banned
|rule|Sleep Moves Clause: Sleep-inducing moves are banned
|clearpoke
|poke|p1|Iron Valiant|
|poke|p1|Ting-Lu|
|poke|p1|Regieleki|
|poke|p1|Moltres|
|poke|p1|Ogerpon-Wellspring, F|
|poke|p1|Kingambit, F|
|poke|p2|Infernape, M|
|poke|p2|Lucario, F|
|poke|p2|Medicham, F|
|poke|p2|Pawmot, M|
|poke|p2|Quaquaval, F|
|poke|p2|Blaziken, M|
|teampreview
|inactive|Battle timer is ON: inactive players will automatically lose when time's up. (requested by katsuppp)
|
|t:|1778508808
|teamsize|p1|6
|teamsize|p2|6
|start
|switch|p1a: Regieleki|Regieleki|100/100
|switch|p2a: Lucario|Lucario, F|100/100
|-item|p1a: Regieleki|Air Balloon
|turn|1
|
|t:|1778508813
|move|p1a: Regieleki|Volt Switch|p2a: Lucario
|-damage|p2a: Lucario|55/100
|
|t:|1778508817
|switch|p1a: Moltres|Moltres|100/100|[from] Volt Switch
|move|p2a: Lucario|Earthquake|p1a: Moltres
|-immune|p1a: Moltres
|
|upkeep
|turn|2
|
|t:|1778508825
|switch|p2a: Blaziken|Blaziken, M|100/100
|move|p1a: Moltres|Flamethrower|p2a: Blaziken
|-resisted|p2a: Blaziken
|-damage|p2a: Blaziken|74/100
|
|upkeep
|turn|3
|
|t:|1778508832
|move|p2a: Blaziken|Thunder Punch|p1a: Moltres
|-supereffective|p1a: Moltres
|-damage|p1a: Moltres|62/100
|-damage|p2a: Blaziken|57/100|[from] item: Rocky Helmet|[of] p1a: Moltres
|move|p1a: Moltres|Roar|p2a: Blaziken
|drag|p2a: Quaquaval|Quaquaval, F|100/100
|
|upkeep
|turn|4
|
|t:|1778508841
|switch|p1a: Ogerpon|Ogerpon-Wellspring, F|100/100
|move|p2a: Quaquaval|Aqua Step|p1a: Ogerpon
|-immune|p1a: Ogerpon|[from] ability: Water Absorb
|
|upkeep
|turn|5
|
|t:|1778508851
|switch|p2a: Lucario|Lucario, F|55/100
|move|p1a: Ogerpon|Horn Leech|p2a: Lucario
|-resisted|p2a: Lucario
|-damage|p2a: Lucario|19/100
|
|upkeep
|turn|6
|
|t:|1778508861
|switch|p1a: Moltres|Moltres|62/100
|move|p2a: Lucario|Extreme Speed|p1a: Moltres
|-damage|p1a: Moltres|45/100
|-damage|p2a: Lucario|2/100|[from] item: Rocky Helmet|[of] p1a: Moltres
|
|upkeep
|turn|7
|
|t:|1778508869
|switch|p2a: Infernape|Infernape, M|100/100
|move|p1a: Moltres|Roost|p1a: Moltres
|-heal|p1a: Moltres|95/100
|-singleturn|p1a: Moltres|move: Roost
|
|upkeep
|turn|8
|
|t:|1778508880
|move|p2a: Infernape|Knock Off|p1a: Moltres
|-damage|p1a: Moltres|74/100
|-damage|p2a: Infernape|84/100|[from] item: Rocky Helmet|[of] p1a: Moltres
|-enditem|p1a: Moltres|Rocky Helmet|[from] move: Knock Off|[of] p2a: Infernape
|-damage|p2a: Infernape|74/100|[from] item: Life Orb
|move|p1a: Moltres|Flamethrower|p2a: Infernape
|-resisted|p2a: Infernape
|-damage|p2a: Infernape|45/100
|
|upkeep
|turn|9
|
|t:|1778508889
|move|p2a: Infernape|Fire Blast|p1a: Moltres
|-resisted|p1a: Moltres
|-damage|p1a: Moltres|45/100
|-damage|p2a: Infernape|35/100|[from] item: Life Orb
|move|p1a: Moltres|Roost|p1a: Moltres
|-heal|p1a: Moltres|95/100
|-singleturn|p1a: Moltres|move: Roost
|
|upkeep
|turn|10
|
|t:|1778508903
|switch|p2a: Quaquaval|Quaquaval, F|100/100
|move|p1a: Moltres|Flamethrower|p2a: Quaquaval
|-resisted|p2a: Quaquaval
|-damage|p2a: Quaquaval|82/100
|
|upkeep
|turn|11
|
|t:|1778508911
|move|p2a: Quaquaval|Rapid Spin|p1a: Moltres
|-damage|p1a: Moltres|81/100
|-boost|p2a: Quaquaval|spe|1
|-status|p2a: Quaquaval|brn|[from] ability: Flame Body|[of] p1a: Moltres
|move|p1a: Moltres|Roar|p2a: Quaquaval
|drag|p2a: Pawmot|Pawmot, M|100/100
|
|upkeep
|turn|12
|
|t:|1778508921
|switch|p1a: Ting-Lu|Ting-Lu|100/100
|-ability|p1a: Ting-Lu|Vessel of Ruin
|move|p2a: Pawmot|Double Shock|p1a: Ting-Lu
|-immune|p1a: Ting-Lu
|
|upkeep
|turn|13
|
|t:|1778508928
|move|p2a: Pawmot|Close Combat|p1a: Ting-Lu
|-supereffective|p1a: Ting-Lu
|-damage|p1a: Ting-Lu|34/100
|-unboost|p2a: Pawmot|def|1
|-unboost|p2a: Pawmot|spd|1
|move|p1a: Ting-Lu|Stealth Rock|p2a: Pawmot
|-sidestart|p2: Apprentice Dogwood|move: Stealth Rock
|
|-heal|p1a: Ting-Lu|40/100|[from] item: Leftovers
|upkeep
|turn|14
|
|t:|1778508939
|move|p2a: Pawmot|Close Combat|p1a: Ting-Lu
|-supereffective|p1a: Ting-Lu
|-damage|p1a: Ting-Lu|0 fnt
|-unboost|p2a: Pawmot|def|1
|-unboost|p2a: Pawmot|spd|1
|faint|p1a: Ting-Lu
|
|upkeep
|
|t:|1778508960
|switch|p1a: Iron Valiant|Iron Valiant|100/100
|-enditem|p1a: Iron Valiant|Booster Energy
|-activate|p1a: Iron Valiant|ability: Quark Drive|[fromitem]
|-start|p1a: Iron Valiant|quarkdrivespe
|turn|15
|
|t:|1778508969
|switch|p2a: Lucario|Lucario, F|2/100
|-damage|p2a: Lucario|0 fnt|[from] Stealth Rock
|faint|p2a: Lucario
|move|p1a: Iron Valiant|Moonblast|p2: Lucario|[notarget]
|-fail|p1a: Iron Valiant
|
|upkeep
|
|t:|1778508978
|switch|p2a: Medicham|Medicham, F|100/100
|-damage|p2a: Medicham|94/100|[from] Stealth Rock
|turn|16
|
|t:|1778508985
|move|p2a: Medicham|Bullet Punch|p1a: Iron Valiant
|-supereffective|p1a: Iron Valiant
|-damage|p1a: Iron Valiant|39/100
|-damage|p2a: Medicham|84/100|[from] item: Life Orb
|move|p1a: Iron Valiant|Moonblast|p2a: Medicham
|-supereffective|p2a: Medicham
|-damage|p2a: Medicham|0 fnt
|faint|p2a: Medicham
|
|upkeep
|
|t:|1778509015
|switch|p2a: Blaziken|Blaziken, M|57/100
|-damage|p2a: Blaziken|45/100|[from] Stealth Rock
|turn|17
|inactive|katsuppp has 120 seconds left.
|
|t:|1778509046
|move|p2a: Blaziken|Protect|p2a: Blaziken
|-singleturn|p2a: Blaziken|Protect
|move|p1a: Iron Valiant|Moonblast|p2a: Blaziken
|-activate|p2a: Blaziken|move: Protect
|
|-ability|p2a: Blaziken|Speed Boost|boost
|-boost|p2a: Blaziken|spe|1
|upkeep
|turn|18
|
|t:|1778509055
|move|p2a: Blaziken|Protect|p2a: Blaziken
|-singleturn|p2a: Blaziken|Protect
|move|p1a: Iron Valiant|Encore|p2a: Blaziken
|-activate|p2a: Blaziken|move: Protect
|
|-ability|p2a: Blaziken|Speed Boost|boost
|-boost|p2a: Blaziken|spe|1
|upkeep
|turn|19
|
|t:|1778509067
|move|p1a: Iron Valiant|Encore|p2a: Blaziken
|-start|p2a: Blaziken|Encore
|move|p2a: Blaziken|Protect||[still]
|-fail|p2a: Blaziken
|
|-ability|p2a: Blaziken|Speed Boost|boost
|-boost|p2a: Blaziken|spe|1
|upkeep
|turn|20
|
|t:|1778509082
|move|p2a: Blaziken|Protect|p2a: Blaziken
|-singleturn|p2a: Blaziken|Protect
|move|p1a: Iron Valiant|Calm Mind|p1a: Iron Valiant
|-boost|p1a: Iron Valiant|spa|1
|-boost|p1a: Iron Valiant|spd|1
|
|-ability|p2a: Blaziken|Speed Boost|boost
|-boost|p2a: Blaziken|spe|1
|upkeep
|turn|21
|
|t:|1778509089
|move|p2a: Blaziken|Protect|p2a: Blaziken
|-singleturn|p2a: Blaziken|Protect
|move|p1a: Iron Valiant|Moonblast|p2a: Blaziken
|-activate|p2a: Blaziken|move: Protect
|
|-end|p2a: Blaziken|Encore
|-ability|p2a: Blaziken|Speed Boost|boost
|-boost|p2a: Blaziken|spe|1
|upkeep
|turn|22
|
|t:|1778509097
|move|p2a: Blaziken|Flare Blitz|p1a: Iron Valiant
|-damage|p1a: Iron Valiant|0 fnt
|faint|p1a: Iron Valiant
|-end|p1a: Iron Valiant|Quark Drive|[silent]
|-damage|p2a: Blaziken|33/100|[from] Recoil
|
|-ability|p2a: Blaziken|Speed Boost|boost
|-boost|p2a: Blaziken|spe|1
|upkeep
|
|t:|1778509103
|switch|p1a: Moltres|Moltres|81/100
|turn|23
|
|t:|1778509108
|move|p2a: Blaziken|Thunder Punch|p1a: Moltres
|-supereffective|p1a: Moltres
|-damage|p1a: Moltres|45/100
|move|p1a: Moltres|Roar|p2a: Blaziken
|drag|p2a: Infernape|Infernape, M|35/100
|-damage|p2a: Infernape|22/100|[from] Stealth Rock
|
|upkeep
|turn|24
|
|t:|1778509117
|move|p2a: Infernape|Fire Blast|p1a: Moltres
|-resisted|p1a: Moltres
|-damage|p1a: Moltres|2/100
|-damage|p2a: Infernape|12/100|[from] item: Life Orb
|move|p1a: Moltres|Roost|p1a: Moltres
|-heal|p1a: Moltres|52/100
|-singleturn|p1a: Moltres|move: Roost
|
|upkeep
|turn|25
|
|t:|1778509127
|move|p2a: Infernape|Fire Blast|p1a: Moltres
|-resisted|p1a: Moltres
|-damage|p1a: Moltres|7/100
|-damage|p2a: Infernape|3/100|[from] item: Life Orb
|move|p1a: Moltres|Roost|p1a: Moltres
|-heal|p1a: Moltres|57/100
|-singleturn|p1a: Moltres|move: Roost
|
|upkeep
|turn|26
|
|t:|1778509137
|move|p2a: Infernape|Fire Blast|p1a: Moltres
|-resisted|p1a: Moltres
|-damage|p1a: Moltres|14/100
|-damage|p2a: Infernape|0 fnt|[from] item: Life Orb
|faint|p2a: Infernape
|move|p1a: Moltres|Roost|p1a: Moltres
|-heal|p1a: Moltres|64/100
|-singleturn|p1a: Moltres|move: Roost
|
|upkeep
|
|t:|1778509141
|switch|p2a: Pawmot|Pawmot, M|100/100
|turn|27
|
|t:|1778509153
|move|p2a: Pawmot|Revival Blessing|p2a: Pawmot
|
|t:|1778509180
|-heal|p2: Medicham|50/100|[from] move: Revival Blessing
|move|p1a: Moltres|Roost|p1a: Moltres
|-heal|p1a: Moltres|100/100
|-singleturn|p1a: Moltres|move: Roost
|
|upkeep
|turn|28
|
|t:|1778509186
|move|p2a: Pawmot|Double Shock|p1a: Moltres
|-supereffective|p1a: Moltres
|-damage|p1a: Moltres|26/100
|-start|p2a: Pawmot|typechange|???/Fighting|[from] move: Double Shock
|move|p1a: Moltres|Flamethrower|p2a: Pawmot
|-damage|p2a: Pawmot|28/100
|
|upkeep
|turn|29
|
|t:|1778509201
|move|p2a: Pawmot|Close Combat|p1a: Moltres
|-resisted|p1a: Moltres
|-damage|p1a: Moltres|5/100
|-unboost|p2a: Pawmot|def|1
|-unboost|p2a: Pawmot|spd|1
|-status|p2a: Pawmot|brn|[from] ability: Flame Body|[of] p1a: Moltres
|move|p1a: Moltres|U-turn|p2a: Pawmot
|-resisted|p2a: Pawmot
|-damage|p2a: Pawmot|10/100 brn
|
|t:|1778509208
|switch|p1a: Regieleki|Regieleki|100/100|[from] U-turn
|-item|p1a: Regieleki|Air Balloon
|
|-damage|p2a: Pawmot|4/100 brn|[from] brn
|upkeep
|turn|30
|
|t:|1778509215
|move|p1a: Regieleki|Rapid Spin|p2a: Pawmot
|-damage|p2a: Pawmot|0 fnt
|-boost|p1a: Regieleki|spe|1
|faint|p2a: Pawmot
|
|upkeep
|
|t:|1778509227
|switch|p2a: Medicham|Medicham, F|50/100
|-damage|p2a: Medicham|44/100|[from] Stealth Rock
|turn|31
|
|t:|1778509238
|move|p1a: Regieleki|Volt Switch|p2a: Medicham
|-damage|p2a: Medicham|0 fnt
|faint|p2a: Medicham
|
|t:|1778509243
|switch|p1a: Ogerpon|Ogerpon-Wellspring, F|100/100|[from] Volt Switch
|
|upkeep
|
|t:|1778509250
|switch|p2a: Blaziken|Blaziken, M|33/100
|-damage|p2a: Blaziken|20/100|[from] Stealth Rock
|turn|32
|
|t:|1778509253
|move|p2a: Blaziken|Protect|p2a: Blaziken
|-singleturn|p2a: Blaziken|Protect
|move|p1a: Ogerpon|Ivy Cudgel|p2a: Blaziken|[anim] Ivy Cudgel Water
|-activate|p2a: Blaziken|move: Protect
|
|-ability|p2a: Blaziken|Speed Boost|boost
|-boost|p2a: Blaziken|spe|1
|upkeep
|turn|33
|
|t:|1778509265
|-terastallize|p1a: Ogerpon|Water
|detailschange|p1a: Ogerpon|Ogerpon-Wellspring-Tera, F, tera:Water
|-ability|p1a: Ogerpon|Embody Aspect (Wellspring)|boost
|-boost|p1a: Ogerpon|spd|1
|move|p2a: Blaziken|Close Combat|p1a: Ogerpon
|-damage|p1a: Ogerpon|22/100
|-unboost|p2a: Blaziken|def|1
|-unboost|p2a: Blaziken|spd|1
|move|p1a: Ogerpon|Ivy Cudgel|p2a: Blaziken|[anim] Ivy Cudgel Water
|-supereffective|p2a: Blaziken
|-crit|p2a: Blaziken
|-damage|p2a: Blaziken|0 fnt
|faint|p2a: Blaziken
|
|upkeep
|
|t:|1778509277
|switch|p2a: Quaquaval|Quaquaval, F|82/100 brn
|-damage|p2a: Quaquaval|76/100 brn|[from] Stealth Rock
|turn|34
|
|t:|1778509283
|-terastallize|p2a: Quaquaval|Electric
|move|p1a: Ogerpon|Horn Leech|p2a: Quaquaval
|-damage|p2a: Quaquaval|14/100 brn
|-heal|p1a: Ogerpon|55/100|[from] drain|[of] p2a: Quaquaval
|move|p2a: Quaquaval|Aqua Step|p1a: Ogerpon
|-resisted|p1a: Ogerpon
|-damage|p1a: Ogerpon|42/100
|-boost|p2a: Quaquaval|spe|1
|
|-damage|p2a: Quaquaval|8/100 brn|[from] brn
|upkeep
|turn|35
|
|t:|1778509297
|move|p2a: Quaquaval|Close Combat|p1a: Ogerpon
|-damage|p1a: Ogerpon|0 fnt
|-unboost|p2a: Quaquaval|def|1
|-unboost|p2a: Quaquaval|spd|1
|faint|p1a: Ogerpon
|detailschange|p1: Ogerpon|Ogerpon-Wellspring, F|[silent]
|-ability|p2a: Quaquaval|Moxie|boost
|-boost|p2a: Quaquaval|atk|1
|
|-damage|p2a: Quaquaval|1/100 brn|[from] brn
|upkeep
|
|t:|1778509300
|switch|p1a: Regieleki|Regieleki|100/100
|-item|p1a: Regieleki|Air Balloon
|turn|36
|
|t:|1778509307
|move|p1a: Regieleki|Explosion|p2a: Quaquaval
|-damage|p2a: Quaquaval|0 fnt
|faint|p1a: Regieleki
|faint|p2a: Quaquaval
|
|win|katsuppp
|raw|katsuppp's rating: 1190 &rarr; <strong>1214</strong><br />(+24 for winning)
|raw|Apprentice Dogwood's rating: 1170 &rarr; <strong>1146</strong><br />(-24 for losing)
|c|☆Apprentice Dogwood|Gg
|c|☆katsuppp|gg
|l|☆katsuppp
|player|p1|
|l|☆Apprentice Dogwood
|player|p2|
