|html|<div class="broadcast-blue"><strong>[Gen 9] OU is currently suspecting Tera Blast! For information on how to participate check out the <a href="https://www.smogon.com/tools/suspects/view/200">suspect thread</a>.</strong></div>
|j|☆team10thPlanet
|j|☆OP Earthquakes
|t:|1776209550
|gametype|singles
|player|p1|team10thPlanet|veteran|1698
|player|p2|OP Earthquakes|giovanni-masters|1736
|gen|9
|tier|[Gen 9] OU
|rated|
|rule|HP Percentage Mod: HP is shown in percentages
|rule|Endless Battle Clause: Forcing endless battles is banned
|rule|Species Clause: Limit one of each Pokémon
|rule|OHKO Clause: OHKO moves are banned
|rule|Evasion Items Clause: Evasion items are banned
|rule|Evasion Moves Clause: Evasion moves are banned
|rule|Evasion Abilities Clause: Evasion abilities are banned
|rule|Sleep Moves Clause: Sleep-inducing moves are banned
|clearpoke
|poke|p1|Zamazenta-*|
|poke|p1|Dragonite, M|
|poke|p1|Hoopa-Unbound|
|poke|p1|Araquanid, M|
|poke|p1|Iron Treads|
|poke|p1|Raikou|
|poke|p2|Excadrill, F|
|poke|p2|Tyranitar, F|
|poke|p2|Kyurem|
|poke|p2|Hawlucha, F|
|poke|p2|Pawmot, M|
|poke|p2|Grimmsnarl, M|
|teampreview
|inactive|Battle timer is ON: inactive players will automatically lose when time's up. (requested by OP Earthquakes)
|
|t:|1776209562
|teamsize|p1|6
|teamsize|p2|6
|start
|switch|p1a: Hoopa|Hoopa-Unbound|100/100
|switch|p2a: Itachi|Hawlucha, F, shiny|100/100
|-ability|p2a: Itachi|Mold Breaker
|turn|1
|
|t:|1776209573
|switch|p2a: Grimmsnarl|Grimmsnarl, M|100/100
|-terastallize|p1a: Hoopa|Fairy
|move|p1a: Hoopa|Tera Blast|p2a: Grimmsnarl|[anim] Tera Blast Fairy
|-supereffective|p2a: Grimmsnarl
|-damage|p2a: Grimmsnarl|0 fnt
|faint|p2a: Grimmsnarl
|
|upkeep
|j| DragonHunter994
|
|t:|1776209587
|switch|p2a: OP|Excadrill, F|100/100
|turn|2
|l| DragonHunter994
|
|t:|1776209602
|switch|p1a: Johnny Tsunami 🌊|Araquanid, M|100/100
|switch|p2a: Itachi|Hawlucha, F, shiny|100/100
|-ability|p2a: Itachi|Mold Breaker
|
|upkeep
|turn|3
|
|t:|1776209614
|move|p2a: Itachi|Brave Bird|p1a: Johnny Tsunami 🌊
|-supereffective|p1a: Johnny Tsunami 🌊
|-damage|p1a: Johnny Tsunami 🌊|0 fnt
|faint|p1a: Johnny Tsunami 🌊
|-damage|p2a: Itachi|63/100|[from] Recoil
|
|upkeep
|inactive|team10thPlanet has 120 seconds left.
|
|t:|1776209637
|switch|p1a: Zamazenta|Zamazenta|100/100
|-ability|p1a: Zamazenta|Dauntless Shield|boost
|-boost|p1a: Zamazenta|def|1
|turn|4
|j| nonchalantbufalant
|
|t:|1776209642
|move|p1a: Zamazenta|Close Combat|p2a: Itachi
|-resisted|p2a: Itachi
|-damage|p2a: Itachi|0 fnt
|-unboost|p1a: Zamazenta|def|1
|-unboost|p1a: Zamazenta|spd|1
|faint|p2a: Itachi
|
|upkeep
|inactive|OP Earthquakes has 120 seconds left.
|
|t:|1776209674
|switch|p2a: The sandstorm|Tyranitar, F, shiny|100/100
|-weather|Sandstorm|[from] ability: Sand Stream|[of] p2a: The sandstorm
|turn|5
|
|t:|1776209680
|-terastallize|p2a: The sandstorm|Ghost
|move|p1a: Zamazenta|Close Combat|p2a: The sandstorm
|-immune|p2a: The sandstorm
|move|p2a: The sandstorm|Thunder Wave|p1a: Zamazenta
|-status|p1a: Zamazenta|par
|
|-weather|Sandstorm|[upkeep]
|-damage|p1a: Zamazenta|94/100 par|[from] Sandstorm
|-damage|p2a: The sandstorm|94/100|[from] Sandstorm
|upkeep
|turn|6
|
|t:|1776209704
|switch|p1a: Iron Treads|Iron Treads|100/100
|-enditem|p1a: Iron Treads|Booster Energy
|-activate|p1a: Iron Treads|ability: Quark Drive|[fromitem]
|-start|p1a: Iron Treads|quarkdrivespe
|move|p2a: The sandstorm|Ice Beam|p1a: Iron Treads
|-damage|p1a: Iron Treads|63/100
|
|-weather|Sandstorm|[upkeep]
|-damage|p2a: The sandstorm|88/100|[from] Sandstorm
|upkeep
|turn|7
|
|t:|1776209715
|switch|p2a: Frieza|Kyurem, shiny|100/100
|-ability|p2a: Frieza|Pressure
|move|p1a: Iron Treads|Knock Off|p2a: Frieza
|-damage|p2a: Frieza|71/100
|-enditem|p2a: Frieza|Expert Belt|[from] move: Knock Off|[of] p1a: Iron Treads
|
|-weather|Sandstorm|[upkeep]
|-damage|p2a: Frieza|65/100|[from] Sandstorm
|upkeep
|turn|8
|inactive|team10thPlanet has 120 seconds left.
|
|t:|1776209730
|move|p1a: Iron Treads|Earthquake|p2a: Frieza
|-damage|p2a: Frieza|24/100
|move|p2a: Frieza|Earth Power|p1a: Iron Treads
|-supereffective|p1a: Iron Treads
|-damage|p1a: Iron Treads|0 fnt
|faint|p1a: Iron Treads
|-end|p1a: Iron Treads|Quark Drive|[silent]
|
|-weather|Sandstorm|[upkeep]
|-damage|p2a: Frieza|17/100|[from] Sandstorm
|upkeep
|inactive|team10thPlanet has 120 seconds left.
|
|t:|1776209745
|switch|p1a: Diego ⚡️|Raikou|100/100
|turn|9
|inactive|team10thPlanet has 120 seconds left.
|
|t:|1776209762
|switch|p2a: The sandstorm|Tyranitar, F, shiny, tera:Ghost|88/100
|move|p1a: Diego ⚡️|Aura Sphere|p2a: The sandstorm
|-immune|p2a: The sandstorm
|
|-weather|Sandstorm|[upkeep]
|-damage|p1a: Diego ⚡️|94/100|[from] Sandstorm
|-damage|p2a: The sandstorm|82/100|[from] Sandstorm
|upkeep
|turn|10
|inactive|team10thPlanet has 120 seconds left.
|
|t:|1776209773
|switch|p1a: Zamazenta|Zamazenta|94/100 par
|move|p2a: The sandstorm|Stealth Rock|p1a: Zamazenta
|-sidestart|p1: team10thPlanet|move: Stealth Rock
|
|-weather|Sandstorm|[upkeep]
|-damage|p1a: Zamazenta|88/100 par|[from] Sandstorm
|-damage|p2a: The sandstorm|76/100|[from] Sandstorm
|upkeep
|turn|11
|
|t:|1776209783
|switch|p2a: Porunga|Pawmot, M|100/100
|cant|p1a: Zamazenta|par
|
|-weather|Sandstorm|[upkeep]
|-damage|p2a: Porunga|95/100|[from] Sandstorm
|-damage|p1a: Zamazenta|82/100 par|[from] Sandstorm
|upkeep
|turn|12
|
|t:|1776209793
|switch|p1a: Hoopa|Hoopa-Unbound, tera:Fairy|100/100
|-damage|p1a: Hoopa|88/100|[from] Stealth Rock
|move|p2a: Porunga|Revival Blessing|p2a: Porunga
|-enditem|p2a: Porunga|Leppa Berry|[eat]
|-activate|p2a: Porunga|item: Leppa Berry|Revival Blessing|[consumed]
|
|t:|1776209799
|-heal|p2: Grimmsnarl|50/100|[from] move: Revival Blessing
|
|-weather|none
|upkeep
|turn|13
|
|t:|1776209808
|switch|p2a: Frieza|Kyurem, shiny|17/100
|-ability|p2a: Frieza|Pressure
|move|p1a: Hoopa|Tera Blast|p2a: Frieza|[anim] Tera Blast Fairy
|-supereffective|p2a: Frieza
|-damage|p2a: Frieza|0 fnt
|faint|p2a: Frieza
|
|upkeep
|
|t:|1776209815
|switch|p2a: OP|Excadrill, F|100/100
|turn|14
|
|t:|1776209827
|switch|p1a: Zamazenta|Zamazenta|82/100 par
|-damage|p1a: Zamazenta|76/100 par|[from] Stealth Rock
|move|p2a: OP|Earthquake|p1a: Zamazenta
|-damage|p1a: Zamazenta|0 fnt
|faint|p1a: Zamazenta
|
|upkeep
|
|t:|1776209837
|switch|p1a: Diego ⚡️|Raikou|94/100
|-damage|p1a: Diego ⚡️|82/100|[from] Stealth Rock
|turn|15
|
|t:|1776209865
|move|p1a: Diego ⚡️|Scald|p2a: OP
|-supereffective|p2a: OP
|-damage|p2a: OP|0 fnt
|faint|p2a: OP
|
|upkeep
|
|t:|1776209869
|switch|p2a: Porunga|Pawmot, M|95/100
|turn|16
|
|t:|1776209874
|move|p1a: Diego ⚡️|Scald|p2a: Porunga
|-damage|p2a: Porunga|45/100
|-status|p2a: Porunga|brn
|move|p2a: Porunga|Revival Blessing|p2a: Porunga
|
|t:|1776209883
|-heal|p2: OP|50/100|[from] move: Revival Blessing
|
|-damage|p2a: Porunga|39/100 brn|[from] brn
|upkeep
|turn|17
|
|t:|1776209890
|switch|p2a: The sandstorm|Tyranitar, F, shiny, tera:Ghost|76/100
|-weather|Sandstorm|[from] ability: Sand Stream|[of] p2a: The sandstorm
|move|p1a: Diego ⚡️|Scald|p2a: The sandstorm
|-damage|p2a: The sandstorm|39/100
|
|-weather|Sandstorm|[upkeep]
|-damage|p1a: Diego ⚡️|76/100|[from] Sandstorm
|-damage|p2a: The sandstorm|33/100|[from] Sandstorm
|upkeep
|turn|18
|
|t:|1776209900
|switch|p2a: Porunga|Pawmot, M|39/100 brn
|move|p1a: Diego ⚡️|Scald|p2a: Porunga
|-damage|p2a: Porunga|0 fnt
|faint|p2a: Porunga
|
|-weather|Sandstorm|[upkeep]
|-damage|p1a: Diego ⚡️|69/100|[from] Sandstorm
|upkeep
|
|t:|1776209906
|switch|p2a: Grimmsnarl|Grimmsnarl, M|50/100
|turn|19
|
|t:|1776209918
|move|p2a: Grimmsnarl|Light Screen|p2a: Grimmsnarl
|-sidestart|p2: OP Earthquakes|move: Light Screen
|move|p1a: Diego ⚡️|Scald|p2a: Grimmsnarl
|-damage|p2a: Grimmsnarl|23/100
|
|-weather|Sandstorm|[upkeep]
|-damage|p1a: Diego ⚡️|63/100|[from] Sandstorm
|-damage|p2a: Grimmsnarl|17/100|[from] Sandstorm
|upkeep
|turn|20
|
|t:|1776209934
|move|p2a: Grimmsnarl|Reflect|p2a: Grimmsnarl
|-sidestart|p2: OP Earthquakes|Reflect
|move|p1a: Diego ⚡️|Scald|p2a: Grimmsnarl
|-damage|p2a: Grimmsnarl|0 fnt
|faint|p2a: Grimmsnarl
|
|-weather|Sandstorm|[upkeep]
|-damage|p1a: Diego ⚡️|57/100|[from] Sandstorm
|upkeep
|
|t:|1776209940
|switch|p2a: OP|Excadrill, F|50/100
|turn|21
|
|t:|1776209949
|move|p2a: OP|Iron Head|p1a: Diego ⚡️
|-resisted|p1a: Diego ⚡️
|-damage|p1a: Diego ⚡️|11/100
|move|p1a: Diego ⚡️|Scald|p2a: OP
|-supereffective|p2a: OP
|-damage|p2a: OP|0 fnt
|faint|p2a: OP
|
|-weather|Sandstorm|[upkeep]
|-damage|p1a: Diego ⚡️|5/100|[from] Sandstorm
|upkeep
|-message|OP Earthquakes forfeited.
|
|win|team10thPlanet
|raw|team10thPlanet's rating: 1698 &rarr; <strong>1720</strong><br />(+22 for winning)
|raw|OP Earthquakes's rating: 1736 &rarr; <strong>1714</strong><br />(-22 for losing)
|l|☆OP Earthquakes
|player|p2|
|c|☆team10thPlanet|gg
