|html|<div class="broadcast-blue"><strong>[Gen 9] OU is currently suspecting Tera Blast! For information on how to participate check out the <a href="https://www.smogon.com/tools/suspects/view/200">suspect thread</a>.</strong></div>
|j|☆LanceStern
|j|☆Zuifeng
|t:|1776057594
|gametype|singles
|player|p1|LanceStern|brock|1731
|player|p2|Zuifeng|li|1672
|gen|9
|tier|[Gen 9] OU
|rated|
|rule|HP Percentage Mod: HP is shown in percentages
|rule|Endless Battle Clause: Forcing endless battles is banned
|rule|Species Clause: Limit one of each Pokémon
|rule|OHKO Clause: OHKO moves are banned
|rule|Evasion Items Clause: Evasion items are banned
|rule|Evasion Moves Clause: Evasion moves are banned
|rule|Evasion Abilities Clause: Evasion abilities are banned
|rule|Sleep Moves Clause: Sleep-inducing moves are banned
|clearpoke
|poke|p1|Deoxys-Speed|
|poke|p1|Iron Moth|
|poke|p1|Samurott-Hisui, F|
|poke|p1|Great Tusk|
|poke|p1|Scizor, M|
|poke|p1|Sinistcha-Masterpiece|
|poke|p2|Gholdengo|
|poke|p2|Tornadus-Therian, M|
|poke|p2|Hatterene, F|
|poke|p2|Samurott-Hisui, F|
|poke|p2|Dragapult, M|
|poke|p2|Great Tusk|
|teampreview
|inactive|Battle timer is ON: inactive players will automatically lose when time's up. (requested by Zuifeng)
|
|t:|1776057613
|teamsize|p1|6
|teamsize|p2|6
|start
|switch|p1a: Scizor|Scizor, M|100/100
|switch|p2a: Tornadus|Tornadus-Therian, M|100/100
|turn|1
|
|t:|1776057619
|-terastallize|p1a: Scizor|Dark
|move|p2a: Tornadus|Heat Wave|p1a: Scizor
|-damage|p1a: Scizor|73/100
|move|p1a: Scizor|Knock Off|p2a: Tornadus
|-damage|p2a: Tornadus|16/100
|-enditem|p2a: Tornadus|Assault Vest|[from] move: Knock Off|[of] p1a: Scizor
|
|upkeep
|turn|2
|
|t:|1776057626
|move|p2a: Tornadus|U-turn|p1a: Scizor
|-supereffective|p1a: Scizor
|-damage|p1a: Scizor|43/100
|
|t:|1776057633
|switch|p2a: Great Tusk|Great Tusk|100/100|[from] U-turn
|move|p1a: Scizor|Knock Off|p2a: Great Tusk
|-resisted|p2a: Great Tusk
|-damage|p2a: Great Tusk|70/100
|-enditem|p2a: Great Tusk|Heavy-Duty Boots|[from] move: Knock Off|[of] p1a: Scizor
|
|upkeep
|turn|3
|
|t:|1776057642
|switch|p1a: Sinistcha|Sinistcha-Masterpiece|100/100
|move|p2a: Great Tusk|Stealth Rock|p1a: Sinistcha
|-sidestart|p1: LanceStern|move: Stealth Rock
|
|upkeep
|turn|4
|
|t:|1776057653
|-end|p2a: Great Tusk|Protosynthesis|[silent]
|switch|p2a: Tornadus|Tornadus-Therian, M|49/100
|move|p1a: Sinistcha|Matcha Gotcha|p2a: Tornadus
|-resisted|p2a: Tornadus
|-damage|p2a: Tornadus|31/100
|
|upkeep
|turn|5
|
|t:|1776057661
|move|p2a: Tornadus|U-turn|p1a: Sinistcha
|-damage|p1a: Sinistcha|89/100
|
|t:|1776057664
|switch|p2a: Samurott|Samurott-Hisui, F|100/100|[from] U-turn
|move|p1a: Sinistcha|Shadow Ball|p2a: Samurott
|-resisted|p2a: Samurott
|-damage|p2a: Samurott|77/100
|-unboost|p2a: Samurott|spd|1
|
|upkeep
|turn|6
|
|t:|1776057681
|move|p2a: Samurott|Encore|p1a: Sinistcha
|-start|p1a: Sinistcha|Encore
|move|p1a: Sinistcha|Shadow Ball|p2a: Samurott
|-resisted|p2a: Samurott
|-damage|p2a: Samurott|40/100
|
|upkeep
|turn|7
|
|t:|1776057688
|switch|p1a: Great Tusk|Great Tusk|100/100
|-damage|p1a: Great Tusk|98/100|[from] Stealth Rock
|move|p2a: Samurott|Razor Shell|p1a: Great Tusk
|-supereffective|p1a: Great Tusk
|-damage|p1a: Great Tusk|26/100
|-damage|p2a: Samurott|24/100|[from] item: Rocky Helmet|[of] p1a: Great Tusk
|
|upkeep
|turn|8
|j| zyqq6
|
|t:|1776057702
|switch|p2a: Tornadus|Tornadus-Therian, M|64/100
|move|p1a: Great Tusk|Ice Spinner|p2a: Tornadus
|-supereffective|p2a: Tornadus
|-crit|p2a: Tornadus
|-damage|p2a: Tornadus|0 fnt
|faint|p2a: Tornadus
|
|upkeep
|
|t:|1776057716
|switch|p2a: Dragapult|Dragapult, M|100/100
|turn|9
|j| Leafy71218
|inactive|LanceStern has 120 seconds left.
|
|t:|1776057748
|-end|p1a: Great Tusk|Protosynthesis|[silent]
|switch|p1a: Scizor|Scizor, M, tera:Dark|43/100
|-damage|p1a: Scizor|31/100|[from] Stealth Rock
|move|p2a: Dragapult|Dragon Darts|p1a: Scizor
|-damage|p1a: Scizor|0 fnt
|faint|p1a: Scizor
|
|upkeep
|j| Shucklepilled
|inactive|LanceStern has 120 seconds left.
|
|t:|1776057756
|switch|p1a: Deoxys|Deoxys-Speed|100/100
|-damage|p1a: Deoxys|88/100|[from] Stealth Rock
|-ability|p1a: Deoxys|Pressure
|turn|10
|
|t:|1776057762
|switch|p2a: Samurott|Samurott-Hisui, F|24/100
|move|p1a: Deoxys|Ice Beam|p2a: Samurott
|-resisted|p2a: Samurott
|-damage|p2a: Samurott|5/100
|
|upkeep
|turn|11
|
|t:|1776057776
|move|p2a: Samurott|Sucker Punch|p1a: Deoxys
|-supereffective|p1a: Deoxys
|-damage|p1a: Deoxys|0 fnt
|faint|p1a: Deoxys
|
|upkeep
|
|t:|1776057785
|switch|p1a: Great Tusk|Great Tusk|26/100
|-damage|p1a: Great Tusk|23/100|[from] Stealth Rock
|turn|12
|
|t:|1776057794
|switch|p2a: Dragapult|Dragapult, M|100/100
|move|p1a: Great Tusk|Ice Spinner|p2a: Dragapult
|-supereffective|p2a: Dragapult
|-damage|p2a: Dragapult|35/100
|
|upkeep
|turn|13
|l| Leafy71218
|
|t:|1776057822
|move|p2a: Dragapult|Dragon Darts|p1a: Great Tusk
|-damage|p1a: Great Tusk|0 fnt
|faint|p1a: Great Tusk
|-end|p1a: Great Tusk|Protosynthesis|[silent]
|
|upkeep
|
|t:|1776057827
|switch|p1a: Iron Moth|Iron Moth|100/100
|-damage|p1a: Iron Moth|75/100|[from] Stealth Rock
|-enditem|p1a: Iron Moth|Booster Energy
|-activate|p1a: Iron Moth|ability: Quark Drive|[fromitem]
|-start|p1a: Iron Moth|quarkdrivespe
|turn|14
|
|t:|1776057837
|move|p1a: Iron Moth|Sludge Wave|p2a: Dragapult
|-resisted|p2a: Dragapult
|-damage|p2a: Dragapult|2/100
|move|p2a: Dragapult|Dragon Darts|p1a: Iron Moth
|-damage|p1a: Iron Moth|25/100
|-anim|p2a: Dragapult|Dragon Darts|p1a: Iron Moth
|-damage|p1a: Iron Moth|0 fnt
|faint|p1a: Iron Moth
|-end|p1a: Iron Moth|Quark Drive|[silent]
|
|upkeep
|
|t:|1776057843
|switch|p1a: Sinistcha|Sinistcha-Masterpiece|89/100
|-damage|p1a: Sinistcha|77/100|[from] Stealth Rock
|turn|15
|
|t:|1776057850
|move|p2a: Dragapult|Dragon Darts|p1a: Sinistcha
|-damage|p1a: Sinistcha|49/100
|-anim|p2a: Dragapult|Dragon Darts|p1a: Sinistcha
|-damage|p1a: Sinistcha|21/100
|move|p1a: Sinistcha|Trick Room|p1a: Sinistcha
|-fieldstart|move: Trick Room|[of] p1a: Sinistcha
|
|upkeep
|turn|16
|
|t:|1776057858
|switch|p2a: Hatterene|Hatterene, F|100/100
|move|p1a: Sinistcha|Strength Sap|p2a: Hatterene
|move|p2a: Hatterene|Strength Sap|p1a: Sinistcha|[from] ability: Magic Bounce
|-unboost|p1a: Sinistcha|atk|1
|
|upkeep
|turn|17
|
|t:|1776057878
|move|p2a: Hatterene|Psychic Noise|p1a: Sinistcha
|-damage|p1a: Sinistcha|0 fnt
|faint|p1a: Sinistcha
|
|upkeep
|-message|LanceStern forfeited.
|
|win|Zuifeng
|raw|LanceStern's rating: 1731 &rarr; <strong>1708</strong><br />(-23 for losing)
|raw|Zuifeng's rating: 1672 &rarr; <strong>1695</strong><br />(+23 for winning)
|l|☆LanceStern
|player|p1|
|l|☆Zuifeng
|player|p2|
|l| zyqq6
|l| Shucklepilled
