|html|<div class="broadcast-blue"><strong>[Gen 9] OU is currently suspecting Tera Blast! For information on how to participate check out the <a href="https://www.smogon.com/tools/suspects/view/200">suspect thread</a>.</strong></div>
|j|☆Yernish'Ma
|j|☆sopadeguayaba
|t:|1776040173
|gametype|singles
|player|p1|Yernish'Ma|iris-gen5bw2|1116
|player|p2|sopadeguayaba|clown|1116
|gen|9
|tier|[Gen 9] OU
|rated|
|rule|HP Percentage Mod: HP is shown in percentages
|rule|Endless Battle Clause: Forcing endless battles is banned
|rule|Species Clause: Limit one of each Pokémon
|rule|OHKO Clause: OHKO moves are banned
|rule|Evasion Items Clause: Evasion items are banned
|rule|Evasion Moves Clause: Evasion moves are banned
|rule|Evasion Abilities Clause: Evasion abilities are banned
|rule|Sleep Moves Clause: Sleep-inducing moves are banned
|clearpoke
|poke|p1|Duraludon, M|
|poke|p1|Noivern, F|
|poke|p1|Haxorus, F|
|poke|p1|Empoleon, M|
|poke|p1|Kyurem|
|poke|p1|Kingambit, M|
|poke|p2|Dragalge, M|
|poke|p2|Skarmory, F|
|poke|p2|Cloyster, F|
|poke|p2|Gliscor, F|
|poke|p2|Serperior, F|
|poke|p2|Malamar, F|
|teampreview
|inactive|Battle timer is ON: inactive players will automatically lose when time's up. (requested by Yernish'Ma)
|
|t:|1776040191
|teamsize|p1|6
|teamsize|p2|6
|start
|switch|p1a: Duraludon|Duraludon, M, shiny|100/100
|switch|p2a: Gliscor|Gliscor, F|100/100
|turn|1
|
|t:|1776040199
|move|p2a: Gliscor|Toxic Spikes|p1a: Duraludon
|-sidestart|p1: Yernish'Ma|move: Toxic Spikes
|move|p1a: Duraludon|Stealth Rock|p2a: Gliscor
|-sidestart|p2: sopadeguayaba|move: Stealth Rock
|
|-status|p2a: Gliscor|tox|[from] item: Toxic Orb
|upkeep
|turn|2
|
|t:|1776040211
|switch|p1a: Empoleon|Empoleon, M|100/100
|move|p2a: Gliscor|Toxic Spikes|p1a: Empoleon
|-sidestart|p1: Yernish'Ma|move: Toxic Spikes
|
|upkeep
|turn|3
|inactive|Yernish'Ma has 120 seconds left.
|
|t:|1776040244
|move|p2a: Gliscor|Spikes|p1a: Empoleon
|-sidestart|p1: Yernish'Ma|Spikes
|move|p1a: Empoleon|Blizzard|p2a: Gliscor
|-supereffective|p2a: Gliscor
|-damage|p2a: Gliscor|0 fnt
|faint|p2a: Gliscor
|
|upkeep
|
|t:|1776040263
|switch|p2a: Malamar|Malamar, F|100/100
|-damage|p2a: Malamar|88/100|[from] Stealth Rock
|turn|4
|
|t:|1776040273
|-terastallize|p2a: Malamar|Fighting
|move|p2a: Malamar|Superpower|p1a: Empoleon
|-supereffective|p1a: Empoleon
|-damage|p1a: Empoleon|37/100
|-boost|p2a: Malamar|atk|1
|-boost|p2a: Malamar|def|1
|-damage|p2a: Malamar|71/100|[from] item: Rocky Helmet|[of] p1a: Empoleon
|move|p1a: Empoleon|Surf|p2a: Malamar
|-damage|p2a: Malamar|46/100
|
|upkeep
|turn|5
|
|t:|1776040291
|-terastallize|p1a: Empoleon|Flying
|move|p2a: Malamar|Superpower|p1a: Empoleon
|-resisted|p1a: Empoleon
|-damage|p1a: Empoleon|9/100
|-boost|p2a: Malamar|atk|1
|-boost|p2a: Malamar|def|1
|-damage|p2a: Malamar|30/100|[from] item: Rocky Helmet|[of] p1a: Empoleon
|move|p1a: Empoleon|Roost|p1a: Empoleon
|-heal|p1a: Empoleon|59/100
|-hint|If a Terastallized Pokemon uses Roost, it remains Flying-type.
|
|upkeep
|turn|6
|
|t:|1776040304
|move|p2a: Malamar|Knock Off|p1a: Empoleon
|-damage|p1a: Empoleon|3/100
|-damage|p2a: Malamar|13/100|[from] item: Rocky Helmet|[of] p1a: Empoleon
|-enditem|p1a: Empoleon|Rocky Helmet|[from] move: Knock Off|[of] p2a: Malamar
|move|p1a: Empoleon|Iron Defense|p1a: Empoleon
|-boost|p1a: Empoleon|def|2
|
|upkeep
|turn|7
|
|t:|1776040313
|move|p2a: Malamar|Knock Off|p1a: Empoleon
|-damage|p1a: Empoleon|0 fnt
|faint|p1a: Empoleon
|
|upkeep
|
|t:|1776040322
|switch|p1a: Noivern|Noivern, F|100/100
|turn|8
|
|t:|1776040333
|move|p1a: Noivern|Flamethrower|p2a: Malamar
|-damage|p2a: Malamar|0 fnt
|faint|p2a: Malamar
|
|upkeep
|
|t:|1776040348
|switch|p2a: Dragalge|Dragalge, M|100/100
|-damage|p2a: Dragalge|88/100|[from] Stealth Rock
|turn|9
|
|t:|1776040362
|move|p1a: Noivern|Air Slash|p2a: Dragalge
|-damage|p2a: Dragalge|63/100
|move|p2a: Dragalge|Toxic|p1a: Noivern
|-status|p1a: Noivern|tox
|
|-heal|p2a: Dragalge|69/100|[from] item: Black Sludge
|-damage|p1a: Noivern|94/100 tox|[from] psn
|upkeep
|turn|10
|
|t:|1776040373
|move|p1a: Noivern|Air Slash|p2a: Dragalge
|-damage|p2a: Dragalge|45/100
|move|p2a: Dragalge|Acid Armor|p2a: Dragalge
|-boost|p2a: Dragalge|def|2
|
|-heal|p2a: Dragalge|51/100|[from] item: Black Sludge
|-damage|p1a: Noivern|82/100 tox|[from] psn
|upkeep
|turn|11
|inactive|Yernish'Ma has 120 seconds left.
|inactive|Yernish'Ma has 90 seconds left.
|
|t:|1776040437
|move|p1a: Noivern|Air Slash|p2a: Dragalge
|-damage|p2a: Dragalge|25/100
|move|p2a: Dragalge|Venoshock|p1a: Noivern
|-damage|p1a: Noivern|8/100 tox
|
|-heal|p2a: Dragalge|31/100|[from] item: Black Sludge
|-damage|p1a: Noivern|0 fnt|[from] psn
|faint|p1a: Noivern
|upkeep
|inactive|Yernish'Ma has 90 seconds left.
|
|t:|1776040458
|switch|p1a: Haxorus|Haxorus, F, shiny|100/100
|-status|p1a: Haxorus|tox
|-damage|p1a: Haxorus|88/100 tox|[from] Spikes
|-ability|p1a: Haxorus|Mold Breaker
|turn|12
|
|t:|1776040469
|move|p1a: Haxorus|Outrage|p2a: Dragalge
|-supereffective|p2a: Dragalge
|-damage|p2a: Dragalge|0 fnt
|faint|p2a: Dragalge
|
|-damage|p1a: Haxorus|82/100 tox|[from] psn
|upkeep
|
|t:|1776040476
|switch|p2a: Cloyster|Cloyster, F|100/100
|-damage|p2a: Cloyster|75/100|[from] Stealth Rock
|turn|13
|
|t:|1776040481
|move|p1a: Haxorus|Outrage|p2a: Cloyster|[from] lockedmove
|-damage|p2a: Cloyster|21/100
|move|p2a: Cloyster|Icicle Spear|p1a: Haxorus
|-supereffective|p1a: Haxorus
|-damage|p1a: Haxorus|59/100 tox
|-supereffective|p1a: Haxorus
|-damage|p1a: Haxorus|38/100 tox
|-supereffective|p1a: Haxorus
|-damage|p1a: Haxorus|17/100 tox
|-supereffective|p1a: Haxorus
|-damage|p1a: Haxorus|0 fnt
|faint|p1a: Haxorus
|-hitcount|p1: Haxorus|4
|
|-heal|p2a: Cloyster|27/100|[from] item: Leftovers
|upkeep
|inactive|Yernish'Ma has 90 seconds left.
|
|t:|1776040505
|switch|p1a: Duraludon|Duraludon, M, shiny|100/100
|-damage|p1a: Duraludon|88/100|[from] Spikes
|turn|14
|
|t:|1776040517
|move|p2a: Cloyster|Icicle Spear|p1a: Duraludon
|-damage|p1a: Duraludon|84/100
|-damage|p1a: Duraludon|80/100
|-damage|p1a: Duraludon|77/100
|-damage|p1a: Duraludon|73/100
|-damage|p1a: Duraludon|69/100
|-hitcount|p1a: Duraludon|5
|move|p1a: Duraludon|Body Press|p2a: Cloyster
|-supereffective|p2a: Cloyster
|-damage|p2a: Cloyster|0 fnt
|faint|p2a: Cloyster
|
|upkeep
|
|t:|1776040535
|switch|p2a: Serperior|Serperior, F|100/100
|-damage|p2a: Serperior|88/100|[from] Stealth Rock
|turn|15
|inactive|Yernish'Ma has 90 seconds left.
|
|t:|1776040547
|move|p2a: Serperior|Leaf Storm|p1a: Duraludon
|-resisted|p1a: Duraludon
|-damage|p1a: Duraludon|49/100
|-boost|p2a: Serperior|spa|2
|move|p1a: Duraludon|Thunder Wave|p2a: Serperior
|-status|p2a: Serperior|par
|
|upkeep
|turn|16
|
|t:|1776040555
|cant|p2a: Serperior|par
|move|p1a: Duraludon|Mirror Coat||[still]
|-fail|p1a: Duraludon
|
|upkeep
|turn|17
|
|t:|1776040563
|move|p2a: Serperior|Leaf Storm|p1a: Duraludon
|-resisted|p1a: Duraludon
|-damage|p1a: Duraludon|7/100
|-boost|p2a: Serperior|spa|2
|move|p1a: Duraludon|Mirror Coat|p2a: Serperior
|-damage|p2a: Serperior|0 fnt
|faint|p2a: Serperior
|
|upkeep
|
|t:|1776040573
|switch|p2a: Skarmory|Skarmory, F|100/100
|-damage|p2a: Skarmory|88/100|[from] Stealth Rock
|turn|18
|inactive|Yernish'Ma has 90 seconds left.
|
|t:|1776040615
|move|p2a: Skarmory|Iron Defense|p2a: Skarmory
|-boost|p2a: Skarmory|def|2
|move|p1a: Duraludon|Thunder Wave|p2a: Skarmory
|-status|p2a: Skarmory|par
|
|upkeep
|turn|19
|
|t:|1776040625
|move|p1a: Duraludon|Body Press|p2a: Skarmory
|-damage|p2a: Skarmory|79/100 par
|-damage|p1a: Duraludon|0 fnt|[from] item: Rocky Helmet|[of] p2a: Skarmory
|-ability|p2a: Skarmory|Weak Armor|boost
|-unboost|p2a: Skarmory|def|1
|-boost|p2a: Skarmory|spe|2
|faint|p1a: Duraludon
|move|p2a: Skarmory|Iron Defense|p2a: Skarmory
|-boost|p2a: Skarmory|def|2
|
|upkeep
|
|t:|1776040640
|switch|p1a: Kyurem|Kyurem, shiny|100/100
|-status|p1a: Kyurem|tox
|-damage|p1a: Kyurem|88/100 tox|[from] Spikes
|-ability|p1a: Kyurem|Pressure
|turn|20
|
|t:|1776040649
|move|p1a: Kyurem|Freeze-Dry|p2a: Skarmory
|-damage|p2a: Skarmory|42/100 par
|cant|p2a: Skarmory|par
|
|-damage|p1a: Kyurem|82/100 tox|[from] psn
|upkeep
|turn|21
|inactive|Yernish'Ma has 90 seconds left.
|
|t:|1776040657
|move|p1a: Kyurem|Freeze-Dry|p2a: Skarmory
|-damage|p2a: Skarmory|5/100 par
|move|p2a: Skarmory|Roost|p2a: Skarmory
|-heal|p2a: Skarmory|55/100 par
|-singleturn|p2a: Skarmory|move: Roost
|
|-damage|p1a: Kyurem|70/100 tox|[from] psn
|upkeep
|turn|22
|
|t:|1776040670
|move|p1a: Kyurem|Freeze-Dry|p2a: Skarmory
|-damage|p2a: Skarmory|17/100 par
|move|p2a: Skarmory|Roost|p2a: Skarmory
|-heal|p2a: Skarmory|67/100 par
|-singleturn|p2a: Skarmory|move: Roost
|
|-damage|p1a: Kyurem|51/100 tox|[from] psn
|upkeep
|turn|23
|
|t:|1776040680
|move|p1a: Kyurem|Freeze-Dry|p2a: Skarmory
|-damage|p2a: Skarmory|34/100 par
|cant|p2a: Skarmory|par
|
|-damage|p1a: Kyurem|27/100 tox|[from] psn
|upkeep
|turn|24
|
|t:|1776040688
|move|p1a: Kyurem|Freeze-Dry|p2a: Skarmory
|-damage|p2a: Skarmory|0 fnt
|faint|p2a: Skarmory
|
|win|Yernish'Ma
|raw|Yernish&apos;Ma's rating: 1116 &rarr; <strong>1141</strong><br />(+25 for winning)
|raw|sopadeguayaba's rating: 1116 &rarr; <strong>1091</strong><br />(-25 for losing)
|l|☆Yernish'Ma
|player|p1|
|l|☆sopadeguayaba
|player|p2|
