|html|<div class="broadcast-blue"><strong>[Gen 9] OU is currently suspecting Volcarona! For information on how to participate check out the <a href="https://www.smogon.com/tools/suspects/view/208">suspect thread</a>.</strong></div>
|j|☆omega7050
|j|☆Rhionid
|t:|1778512516
|gametype|singles
|player|p1|omega7050|ingo|1227
|player|p2|Rhionid|1|1302
|gen|9
|tier|[Gen 9] OU
|rated|
|rule|HP Percentage Mod: HP is shown in percentages
|rule|Endless Battle Clause: Forcing endless battles is banned
|rule|Species Clause: Limit one of each Pokémon
|rule|OHKO Clause: OHKO moves are banned
|rule|Evasion Items Clause: Evasion items are banned
|rule|Evasion Moves Clause: Evasion moves are banned
|rule|Evasion Abilities Clause: Evasion abilities are banned
|rule|Sleep Moves Clause: Sleep-inducing moves are banned
|clearpoke
|poke|p1|Hariyama, F|
|poke|p1|Lokix, M|
|poke|p1|Serperior, F|
|poke|p1|Metagross|
|poke|p1|Decidueye, M|
|poke|p1|Enamorus-Therian, F|
|poke|p2|Great Tusk|
|poke|p2|Enamorus, F|
|poke|p2|Dragapult, M|
|poke|p2|Iron Moth|
|poke|p2|Raging Bolt|
|poke|p2|Ogerpon-Wellspring, F|
|teampreview
|
|t:|1778512533
|teamsize|p1|6
|teamsize|p2|6
|start
|switch|p1a: Enamorus|Enamorus-Therian, F|100/100
|switch|p2a: Dragapult|Dragapult, M|100/100
|turn|1
|
|t:|1778512575
|move|p2a: Dragapult|U-turn|p1a: Enamorus
|-resisted|p1a: Enamorus
|-damage|p1a: Enamorus|93/100
|-damage|p2a: Dragapult|91/100|[from] item: Life Orb
|inactive|Battle timer is ON: inactive players will automatically lose when time's up. (requested by Rhionid)
|
|t:|1778512582
|switch|p2a: Iron Moth|Iron Moth, shiny|100/100|[from] U-turn
|-enditem|p2a: Iron Moth|Booster Energy
|-activate|p2a: Iron Moth|ability: Quark Drive|[fromitem]
|-start|p2a: Iron Moth|quarkdrivespa
|move|p1a: Enamorus|Earth Power|p2a: Iron Moth
|-supereffective|p2a: Iron Moth
|-damage|p2a: Iron Moth|0 fnt
|faint|p2a: Iron Moth
|-end|p2a: Iron Moth|Quark Drive|[silent]
|
|upkeep
|
|t:|1778512604
|switch|p2a: Great Tusk|Great Tusk|100/100
|-enditem|p2a: Great Tusk|Booster Energy
|-activate|p2a: Great Tusk|ability: Protosynthesis|[fromitem]
|-start|p2a: Great Tusk|protosynthesisatk
|turn|2
|
|t:|1778512611
|switch|p1a: Decidueye|Decidueye, M|100/100
|-terastallize|p2a: Great Tusk|Ground
|move|p2a: Great Tusk|Rapid Spin|p1a: Decidueye
|-immune|p1a: Decidueye
|
|upkeep
|turn|3
|
|t:|1778512621
|move|p1a: Decidueye|Leaf Blade|p2a: Great Tusk
|-supereffective|p2a: Great Tusk
|-damage|p2a: Great Tusk|44/100
|move|p2a: Great Tusk|Ice Spinner|p1a: Decidueye
|-supereffective|p1a: Decidueye
|-enditem|p1a: Decidueye|Focus Sash
|-damage|p1a: Decidueye|1/100
|
|upkeep
|turn|4
|
|t:|1778512635
|-end|p2a: Great Tusk|Protosynthesis|[silent]
|switch|p2a: Raging Bolt|Raging Bolt|100/100
|move|p1a: Decidueye|Leaf Blade|p2a: Raging Bolt
|-resisted|p2a: Raging Bolt
|-damage|p2a: Raging Bolt|83/100
|
|upkeep
|turn|5
|
|t:|1778512643
|move|p1a: Decidueye|Spirit Shackle|p2a: Raging Bolt
|-damage|p2a: Raging Bolt|54/100
|-activate|p2a: Raging Bolt|trapped
|move|p2a: Raging Bolt|Calm Mind|p2a: Raging Bolt
|-boost|p2a: Raging Bolt|spa|1
|-boost|p2a: Raging Bolt|spd|1
|
|upkeep
|turn|6
|
|t:|1778512650
|move|p2a: Raging Bolt|Thunderclap|p1a: Decidueye
|-resisted|p1a: Decidueye
|-damage|p1a: Decidueye|0 fnt
|faint|p1a: Decidueye
|
|upkeep
|
|t:|1778512663
|switch|p1a: Metagross|Metagross|100/100
|turn|7
|
|t:|1778512673
|move|p1a: Metagross|Earthquake|p2a: Raging Bolt
|-supereffective|p2a: Raging Bolt
|-damage|p2a: Raging Bolt|0 fnt
|faint|p2a: Raging Bolt
|-end|p2a: Raging Bolt|Protosynthesis|[silent]
|
|upkeep
|
|t:|1778512684
|switch|p2a: Ogerpon|Ogerpon-Wellspring, F|100/100
|turn|8
|
|t:|1778512700
|move|p2a: Ogerpon|Knock Off|p1a: Metagross
|-supereffective|p1a: Metagross
|-damage|p1a: Metagross|22/100
|-enditem|p1a: Metagross|Weakness Policy
|-boost|p1a: Metagross|atk|2|[from] item: Weakness Policy
|-boost|p1a: Metagross|spa|2|[from] item: Weakness Policy
|move|p1a: Metagross|Agility|p1a: Metagross
|-boost|p1a: Metagross|spe|2
|
|upkeep
|turn|9
|
|t:|1778512724
|move|p1a: Metagross|Psychic Fangs|p2a: Ogerpon
|-damage|p2a: Ogerpon|0 fnt
|faint|p2a: Ogerpon
|
|upkeep
|
|t:|1778512728
|switch|p2a: Dragapult|Dragapult, M|91/100
|turn|10
|
|t:|1778512734
|move|p2a: Dragapult|Sucker Punch|p1a: Metagross
|-supereffective|p1a: Metagross
|-damage|p1a: Metagross|0 fnt
|faint|p1a: Metagross
|-damage|p2a: Dragapult|81/100|[from] item: Life Orb
|
|upkeep
|
|t:|1778512737
|switch|p1a: Enamorus|Enamorus-Therian, F|93/100
|turn|11
|
|t:|1778512744
|move|p2a: Dragapult|U-turn|p1a: Enamorus
|-resisted|p1a: Enamorus
|-damage|p1a: Enamorus|87/100
|-damage|p2a: Dragapult|71/100|[from] item: Life Orb
|
|t:|1778512750
|switch|p2a: Enamorus|Enamorus, F|100/100|[from] U-turn
|move|p1a: Enamorus|Moonblast|p2a: Enamorus
|-damage|p2a: Enamorus|0 fnt
|faint|p2a: Enamorus
|
|upkeep
|
|t:|1778512757
|switch|p2a: Great Tusk|Great Tusk, tera:Ground|44/100
|turn|12
|
|t:|1778512761
|move|p2a: Great Tusk|Rapid Spin|p1a: Enamorus
|-damage|p1a: Enamorus|71/100
|-boost|p2a: Great Tusk|spe|1
|move|p1a: Enamorus|Moonblast|p2a: Great Tusk
|-damage|p2a: Great Tusk|0 fnt
|faint|p2a: Great Tusk
|-end|p2a: Great Tusk|Protosynthesis|[silent]
|
|upkeep
|
|t:|1778512769
|switch|p2a: Dragapult|Dragapult, M|71/100
|turn|13
|-message|Rhionid forfeited.
|
|win|omega7050
|raw|omega7050's rating: 1227 &rarr; <strong>1257</strong><br />(+30 for winning)
|raw|Rhionid's rating: 1302 &rarr; <strong>1278</strong><br />(-24 for losing)
|l|☆Rhionid
|player|p2|
|l|☆omega7050
|player|p1|
