|html|<div class="broadcast-blue"><strong>[Gen 9] OU is currently suspecting Tera Blast! For information on how to participate check out the <a href="https://www.smogon.com/tools/suspects/view/200">suspect thread</a>.</strong></div>
|j|☆4ec
|j|☆TheRegisAreCool
|t:|1776258888
|gametype|singles
|player|p1|4ec|ethan|1190
|player|p2|TheRegisAreCool|fisherman-gen4|1238
|gen|9
|tier|[Gen 9] OU
|rated|
|rule|HP Percentage Mod: HP is shown in percentages
|rule|Endless Battle Clause: Forcing endless battles is banned
|rule|Species Clause: Limit one of each Pokémon
|rule|OHKO Clause: OHKO moves are banned
|rule|Evasion Items Clause: Evasion items are banned
|rule|Evasion Moves Clause: Evasion moves are banned
|rule|Evasion Abilities Clause: Evasion abilities are banned
|rule|Sleep Moves Clause: Sleep-inducing moves are banned
|clearpoke
|poke|p1|Greninja-*, M|
|poke|p1|Great Tusk|
|poke|p1|Primarina, F|
|poke|p1|Kingambit, M|
|poke|p1|Toxapex, F|
|poke|p1|Iron Treads|
|poke|p2|Conkeldurr, F|
|poke|p2|Iron Moth|
|poke|p2|Glimmora, M|
|poke|p2|Kommo-o, M|
|poke|p2|Samurott-Hisui, F|
|poke|p2|Donphan, M|
|teampreview
|
|t:|1776258907
|teamsize|p1|6
|teamsize|p2|6
|start
|switch|p1a: 牢大牙man|Great Tusk|100/100
|switch|p2a: Samurott|Samurott-Hisui, F|100/100
|turn|1
|inactive|Battle timer is ON: inactive players will automatically lose when time's up. (requested by TheRegisAreCool)
|
|t:|1776258914
|-terastallize|p2a: Samurott|Water
|move|p1a: 牢大牙man|Rapid Spin|p2a: Samurott
|-damage|p2a: Samurott|81/100
|-boost|p1a: 牢大牙man|spe|1
|move|p2a: Samurott|Aqua Cutter|p1a: 牢大牙man
|-supereffective|p1a: 牢大牙man
|-damage|p1a: 牢大牙man|3/100
|-enditem|p1a: 牢大牙man|Sitrus Berry|[eat]
|-heal|p1a: 牢大牙man|28/100|[from] item: Sitrus Berry
|
|upkeep
|turn|2
|
|t:|1776258930
|move|p1a: 牢大牙man|Close Combat|p2a: Samurott
|-damage|p2a: Samurott|7/100
|-unboost|p1a: 牢大牙man|def|1
|-unboost|p1a: 牢大牙man|spd|1
|move|p2a: Samurott|Aqua Cutter|p1a: 牢大牙man
|-supereffective|p1a: 牢大牙man
|-damage|p1a: 牢大牙man|0 fnt
|faint|p1a: 牢大牙man
|-end|p1a: 牢大牙man|Protosynthesis|[silent]
|
|upkeep
|
|t:|1776258939
|switch|p1a: Iron Treads|Iron Treads|100/100
|-item|p1a: Iron Treads|Air Balloon
|turn|3
|
|t:|1776258945
|move|p1a: Iron Treads|Volt Switch|p2a: Samurott
|-supereffective|p2a: Samurott
|-damage|p2a: Samurott|0 fnt
|faint|p2a: Samurott
|
|t:|1776258956
|-end|p1a: Iron Treads|Quark Drive|[silent]
|switch|p1a: 海的女儿|Primarina, F|100/100|[from] Volt Switch
|
|upkeep
|
|t:|1776258963
|switch|p2a: Glimmora|Glimmora, M|100/100
|turn|4
|
|t:|1776258969
|move|p1a: 海的女儿|Protect|p1a: 海的女儿
|-singleturn|p1a: 海的女儿|Protect
|move|p2a: Glimmora|Sludge Bomb|p1a: 海的女儿
|-activate|p1a: 海的女儿|move: Protect
|
|upkeep
|turn|5
|
|t:|1776258977
|-terastallize|p1a: 海的女儿|Steel
|move|p2a: Glimmora|Sludge Bomb|p1a: 海的女儿
|-immune|p1a: 海的女儿
|move|p1a: 海的女儿|Aqua Ring|p1a: 海的女儿
|-start|p1a: 海的女儿|Aqua Ring
|
|upkeep
|turn|6
|
|t:|1776258984
|move|p2a: Glimmora|Earth Power|p1a: 海的女儿
|-supereffective|p1a: 海的女儿
|-damage|p1a: 海的女儿|45/100
|move|p1a: 海的女儿|Calm Mind|p1a: 海的女儿
|-boost|p1a: 海的女儿|spa|1
|-boost|p1a: 海的女儿|spd|1
|
|-heal|p1a: 海的女儿|52/100|[from] item: Leftovers
|-heal|p1a: 海的女儿|58/100|[from] Aqua Ring
|upkeep
|turn|7
|
|t:|1776258993
|move|p1a: 海的女儿|Protect|p1a: 海的女儿
|-singleturn|p1a: 海的女儿|Protect
|move|p2a: Glimmora|Earth Power|p1a: 海的女儿
|-activate|p1a: 海的女儿|move: Protect
|
|-heal|p1a: 海的女儿|64/100|[from] item: Leftovers
|-heal|p1a: 海的女儿|70/100|[from] Aqua Ring
|upkeep
|turn|8
|
|t:|1776259000
|move|p2a: Glimmora|Earth Power|p1a: 海的女儿
|-supereffective|p1a: 海的女儿
|-damage|p1a: 海的女儿|34/100
|move|p1a: 海的女儿|Calm Mind|p1a: 海的女儿
|-boost|p1a: 海的女儿|spa|1
|-boost|p1a: 海的女儿|spd|1
|
|-heal|p1a: 海的女儿|40/100|[from] item: Leftovers
|-heal|p1a: 海的女儿|46/100|[from] Aqua Ring
|upkeep
|turn|9
|
|t:|1776259009
|switch|p2a: Conkeldurr|Conkeldurr, F|100/100
|move|p1a: 海的女儿|Protect||[still]
|-fail|p1a: 海的女儿
|
|-heal|p1a: 海的女儿|53/100|[from] item: Leftovers
|-heal|p1a: 海的女儿|59/100|[from] Aqua Ring
|-status|p2a: Conkeldurr|brn|[from] item: Flame Orb
|upkeep
|turn|10
|
|t:|1776259020
|move|p1a: 海的女儿|Draining Kiss|p2a: Conkeldurr
|-supereffective|p2a: Conkeldurr
|-damage|p2a: Conkeldurr|0 fnt
|-heal|p1a: 海的女儿|100/100|[from] drain|[of] p2a: Conkeldurr
|faint|p2a: Conkeldurr
|
|upkeep
|
|t:|1776259026
|switch|p2a: Donphan|Donphan, M|100/100
|turn|11
|
|t:|1776259034
|switch|p1a: Iron Treads|Iron Treads|100/100
|-item|p1a: Iron Treads|Air Balloon
|move|p2a: Donphan|Earthquake|p1a: Iron Treads
|-immune|p1a: Iron Treads
|
|upkeep
|turn|12
|
|t:|1776259045
|move|p2a: Donphan|Ice Shard|p1a: Iron Treads
|-damage|p1a: Iron Treads|88/100
|-enditem|p1a: Iron Treads|Air Balloon
|move|p1a: Iron Treads|Earthquake|p2a: Donphan
|-damage|p2a: Donphan|65/100
|
|upkeep
|turn|13
|
|t:|1776259057
|-end|p1a: Iron Treads|Quark Drive|[silent]
|switch|p1a: 毒液|Toxapex, F|100/100
|move|p2a: Donphan|Earthquake|p1a: 毒液
|-supereffective|p1a: 毒液
|-damage|p1a: 毒液|21/100
|
|-heal|p1a: 毒液|27/100|[from] item: Black Sludge
|upkeep
|turn|14
|
|t:|1776259066
|move|p2a: Donphan|Earthquake|p1a: 毒液
|-supereffective|p1a: 毒液
|-damage|p1a: 毒液|0 fnt
|faint|p1a: 毒液
|
|upkeep
|
|t:|1776259074
|switch|p1a: 甲贺忍|Greninja, M|100/100
|turn|15
|
|t:|1776259078
|switch|p2a: Kommo-o|Kommo-o, M|100/100
|move|p1a: 甲贺忍|Counter||[still]
|-fail|p1a: 甲贺忍
|
|upkeep
|turn|16
|
|t:|1776259084
|move|p1a: 甲贺忍|Ice Beam|p2a: Kommo-o
|-supereffective|p2a: Kommo-o
|-damage|p2a: Kommo-o|51/100
|move|p2a: Kommo-o|Clangorous Soul|p2a: Kommo-o
|-boost|p2a: Kommo-o|atk|1
|-boost|p2a: Kommo-o|def|1
|-boost|p2a: Kommo-o|spa|1
|-boost|p2a: Kommo-o|spd|1
|-boost|p2a: Kommo-o|spe|1
|-damage|p2a: Kommo-o|18/100
|
|-heal|p2a: Kommo-o|24/100|[from] item: Leftovers
|upkeep
|turn|17
|
|t:|1776259098
|move|p2a: Kommo-o|Aura Sphere|p1a: 甲贺忍
|-supereffective|p1a: 甲贺忍
|-enditem|p1a: 甲贺忍|Focus Sash
|-damage|p1a: 甲贺忍|1/100
|move|p1a: 甲贺忍|Counter||[still]
|-fail|p1a: 甲贺忍
|
|-heal|p2a: Kommo-o|30/100|[from] item: Leftovers
|upkeep
|turn|18
|
|t:|1776259106
|move|p2a: Kommo-o|Aura Sphere|p1a: 甲贺忍
|-supereffective|p1a: 甲贺忍
|-damage|p1a: 甲贺忍|0 fnt
|faint|p1a: 甲贺忍
|
|-heal|p2a: Kommo-o|36/100|[from] item: Leftovers
|upkeep
|
|t:|1776259115
|switch|p1a: Iron Treads|Iron Treads|88/100
|turn|19
|
|t:|1776259119
|move|p1a: Iron Treads|Earthquake|p2a: Kommo-o
|-damage|p2a: Kommo-o|13/100
|move|p2a: Kommo-o|Aura Sphere|p1a: Iron Treads
|-supereffective|p1a: Iron Treads
|-damage|p1a: Iron Treads|0 fnt
|faint|p1a: Iron Treads
|-end|p1a: Iron Treads|Quark Drive|[silent]
|
|-heal|p2a: Kommo-o|19/100|[from] item: Leftovers
|upkeep
|
|t:|1776259128
|switch|p1a: 大将|Kingambit, M|100/100
|-activate|p1a: 大将|ability: Supreme Overlord
|-start|p1a: 大将|fallen4|[silent]
|turn|20
|
|t:|1776259133
|move|p1a: 大将|Sucker Punch|p2a: Kommo-o
|-resisted|p2a: Kommo-o
|-damage|p2a: Kommo-o|1/100
|move|p2a: Kommo-o|Aura Sphere|p1a: 大将
|-supereffective|p1a: 大将
|-damage|p1a: 大将|0 fnt
|faint|p1a: 大将
|-end|p1a: 大将|fallen4|[silent]
|
|-heal|p2a: Kommo-o|7/100|[from] item: Leftovers
|upkeep
|-message|4ec forfeited.
|
|win|TheRegisAreCool
|raw|4ec's rating: 1190 &rarr; <strong>1168</strong><br />(-22 for losing)
|raw|TheRegisAreCool's rating: 1238 &rarr; <strong>1260</strong><br />(+22 for winning)
