|html|<div class="broadcast-blue"><strong>[Gen 9] OU is currently suspecting Tera Blast! For information on how to participate check out the <a href="https://www.smogon.com/tools/suspects/view/200">suspect thread</a>.</strong></div>
|j|☆owenmilto
|j|☆hospei
|t:|1776290621
|gametype|singles
|player|p1|owenmilto|1|1000
|player|p2|hospei|karen|1040
|gen|9
|tier|[Gen 9] OU
|rated|
|rule|HP Percentage Mod: HP is shown in percentages
|rule|Endless Battle Clause: Forcing endless battles is banned
|rule|Species Clause: Limit one of each Pokémon
|rule|OHKO Clause: OHKO moves are banned
|rule|Evasion Items Clause: Evasion items are banned
|rule|Evasion Moves Clause: Evasion moves are banned
|rule|Evasion Abilities Clause: Evasion abilities are banned
|rule|Sleep Moves Clause: Sleep-inducing moves are banned
|clearpoke
|poke|p1|Greninja-*, M|
|poke|p1|Glimmora, F|
|poke|p1|Dragonite, F|
|poke|p1|Corviknight, F|
|poke|p1|Dragapult, M|
|poke|p1|Great Tusk|
|poke|p2|Meloetta|
|poke|p2|Grafaiai, M|
|poke|p2|Cinderace, M|
|poke|p2|Forretress, F|
|poke|p2|Zapdos|
|poke|p2|Ditto|
|teampreview
|j| Ultimate Dreamer
|
|t:|1776290636
|teamsize|p1|6
|teamsize|p2|6
|start
|switch|p1a: Glimmora|Glimmora, F|100/100
|switch|p2a: Forretress|Forretress, F, shiny|100/100
|turn|1
|
|t:|1776290646
|move|p1a: Glimmora|Earth Power|p2a: Forretress
|-damage|p2a: Forretress|69/100
|move|p2a: Forretress|Gyro Ball|p1a: Glimmora
|-supereffective|p1a: Glimmora
|-damage|p1a: Glimmora|18/100
|-activate|p1a: Glimmora|ability: Toxic Debris
|-sidestart|p2: hospei|move: Toxic Spikes
|
|upkeep
|turn|2
|
|t:|1776290663
|switch|p1a: Corviknight|Corviknight, F|100/100
|-ability|p1a: Corviknight|Unnerve
|move|p2a: Forretress|Gyro Ball|p1a: Corviknight
|-resisted|p1a: Corviknight
|-damage|p1a: Corviknight|87/100
|
|-heal|p1a: Corviknight|93/100|[from] item: Leftovers
|upkeep
|turn|3
|
|t:|1776290673
|move|p1a: Corviknight|Tailwind|p1a: Corviknight
|-sidestart|p1: owenmilto|move: Tailwind
|move|p2a: Forretress|Stealth Rock|p1a: Corviknight
|-sidestart|p1: owenmilto|move: Stealth Rock
|
|-heal|p1a: Corviknight|99/100|[from] item: Leftovers
|upkeep
|turn|4
|
|t:|1776290682
|move|p1a: Corviknight|Brave Bird|p2a: Forretress
|-damage|p2a: Forretress|38/100
|-damage|p1a: Corviknight|90/100|[from] Recoil
|move|p2a: Forretress|Rapid Spin|p1a: Corviknight
|-resisted|p1a: Corviknight
|-damage|p1a: Corviknight|87/100
|-boost|p2a: Forretress|spe|1
|-sideend|p2: hospei|Toxic Spikes|[from] move: Rapid Spin|[of] p2a: Forretress
|
|-heal|p1a: Corviknight|93/100|[from] item: Leftovers
|upkeep
|turn|5
|
|t:|1776290695
|switch|p2a: Ditto|Ditto|100/100
|-transform|p2a: Ditto|p1a: Corviknight|[from] ability: Imposter
|-ability|p2a: Ditto|Unnerve
|move|p1a: Corviknight|Brave Bird|p2a: Ditto
|-resisted|p2a: Ditto
|-damage|p2a: Ditto|79/100
|-damage|p1a: Corviknight|88/100|[from] Recoil
|
|-heal|p1a: Corviknight|94/100|[from] item: Leftovers
|-heal|p2a: Ditto|85/100|[from] item: Leftovers
|upkeep
|turn|6
|
|t:|1776290719
|move|p1a: Corviknight|Brave Bird|p2a: Ditto
|-resisted|p2a: Ditto
|-damage|p2a: Ditto|63/100
|-damage|p1a: Corviknight|88/100|[from] Recoil
|move|p2a: Ditto|Tailwind|p2a: Ditto
|-sidestart|p2: hospei|move: Tailwind
|
|-heal|p2a: Ditto|69/100|[from] item: Leftovers
|-heal|p1a: Corviknight|95/100|[from] item: Leftovers
|-sideend|p1: owenmilto|move: Tailwind
|upkeep
|turn|7
|
|t:|1776290729
|switch|p2a: Cinderace|Cinderace, M|100/100
|move|p1a: Corviknight|Brave Bird|p2a: Cinderace
|-damage|p2a: Cinderace|31/100
|-damage|p1a: Corviknight|77/100|[from] Recoil
|
|-heal|p1a: Corviknight|84/100|[from] item: Leftovers
|upkeep
|turn|8
|
|t:|1776290752
|-terastallize|p1a: Corviknight|Fire
|move|p2a: Cinderace|Scorching Sands|p1a: Corviknight
|-start|p2a: Cinderace|typechange|Ground|[from] ability: Libero
|-supereffective|p1a: Corviknight
|-damage|p1a: Corviknight|52/100
|move|p1a: Corviknight|Iron Head|p2a: Cinderace
|-damage|p2a: Cinderace|0 fnt
|faint|p2a: Cinderace
|
|-heal|p1a: Corviknight|58/100|[from] item: Leftovers
|upkeep
|
|t:|1776290763
|switch|p2a: Meloetta|Meloetta|100/100
|turn|9
|
|t:|1776290769
|move|p2a: Meloetta|Relic Song|p1a: Corviknight
|-damage|p1a: Corviknight|31/100
|-formechange|p2a: Meloetta|Meloetta-Pirouette|[msg]
|move|p1a: Corviknight|U-turn|p2a: Meloetta
|-resisted|p2a: Meloetta
|-damage|p2a: Meloetta|90/100
|
|t:|1776290777
|switch|p1a: Dragonite|Dragonite, F|100/100|[from] U-turn
|-damage|p1a: Dragonite|76/100|[from] Stealth Rock
|
|-sideend|p2: hospei|move: Tailwind
|upkeep
|turn|10
|
|t:|1776290793
|-terastallize|p2a: Meloetta|Dark
|move|p1a: Dragonite|Extreme Speed|p2a: Meloetta
|-damage|p2a: Meloetta|53/100
|move|p2a: Meloetta|Triple Axel|p1a: Dragonite
|-supereffective|p1a: Dragonite
|-damage|p1a: Dragonite|46/100
|-supereffective|p1a: Dragonite
|-damage|p1a: Dragonite|0 fnt
|faint|p1a: Dragonite
|-hitcount|p1: Dragonite|2
|
|upkeep
|
|t:|1776290811
|switch|p1a: Great Tusk|Great Tusk|100/100
|-damage|p1a: Great Tusk|98/100|[from] Stealth Rock
|turn|11
|
|t:|1776290839
|move|p2a: Meloetta|Triple Axel|p1a: Great Tusk
|-supereffective|p1a: Great Tusk
|-damage|p1a: Great Tusk|89/100
|-supereffective|p1a: Great Tusk
|-damage|p1a: Great Tusk|70/100
|-supereffective|p1a: Great Tusk
|-damage|p1a: Great Tusk|42/100
|-hitcount|p1a: Great Tusk|3
|move|p1a: Great Tusk|Heavy Slam|p2a: Meloetta
|-damage|p2a: Meloetta|0 fnt
|faint|p2a: Meloetta
|
|upkeep
|
|t:|1776290849
|switch|p2a: Grafaiai|Grafaiai, M|100/100
|turn|12
|
|t:|1776290855
|move|p2a: Grafaiai|Low Kick|p1a: Great Tusk
|-damage|p1a: Great Tusk|25/100
|move|p1a: Great Tusk|Heavy Slam|p2a: Grafaiai
|-damage|p2a: Grafaiai|3/100
|-enditem|p2a: Grafaiai|Sitrus Berry|[eat]
|-heal|p2a: Grafaiai|27/100|[from] item: Sitrus Berry
|
|upkeep
|turn|13
|
|t:|1776290864
|move|p2a: Grafaiai|Parting Shot|p1a: Great Tusk
|-unboost|p1a: Great Tusk|atk|1
|-unboost|p1a: Great Tusk|spa|1
|
|t:|1776290869
|switch|p2a: Ditto|Ditto|69/100|[from] Parting Shot
|-transform|p2a: Ditto|p1a: Great Tusk|[from] ability: Imposter
|move|p1a: Great Tusk|Heavy Slam|p2a: Ditto
|-damage|p2a: Ditto|53/100
|
|-heal|p2a: Ditto|59/100|[from] item: Leftovers
|upkeep
|turn|14
|
|t:|1776290891
|-end|p1a: Great Tusk|Protosynthesis|[silent]
|switch|p1a: Greninja|Greninja, M|100/100
|-damage|p1a: Greninja|88/100|[from] Stealth Rock
|move|p2a: Ditto|Earthquake|p1a: Greninja
|-damage|p1a: Greninja|27/100
|
|-heal|p2a: Ditto|65/100|[from] item: Leftovers
|upkeep
|turn|15
|l| Ultimate Dreamer
|
|t:|1776290908
|-end|p2a: Ditto|Protosynthesis|[silent]
|switch|p2a: Forretress|Forretress, F, shiny|38/100
|move|p1a: Greninja|Extrasensory|p2a: Forretress
|-resisted|p2a: Forretress
|-damage|p2a: Forretress|23/100
|-damage|p1a: Greninja|17/100|[from] item: Life Orb
|
|upkeep
|turn|16
|
|t:|1776290924
|move|p1a: Greninja|Ice Beam|p2a: Forretress
|-resisted|p2a: Forretress
|-damage|p2a: Forretress|8/100
|-damage|p1a: Greninja|7/100|[from] item: Life Orb
|move|p2a: Forretress|Gyro Ball|p1a: Greninja
|-resisted|p1a: Greninja
|-damage|p1a: Greninja|0 fnt
|faint|p1a: Greninja
|
|upkeep
|
|t:|1776290934
|switch|p1a: Dragapult|Dragapult, M|100/100
|-damage|p1a: Dragapult|88/100|[from] Stealth Rock
|turn|17
|
|t:|1776290943
|move|p1a: Dragapult|Shadow Ball|p2a: Forretress
|-crit|p2a: Forretress
|-damage|p2a: Forretress|0 fnt
|faint|p2a: Forretress
|
|upkeep
|
|t:|1776290948
|switch|p2a: Ditto|Ditto|65/100
|-transform|p2a: Ditto|p1a: Dragapult|[from] ability: Imposter
|turn|18
|
|t:|1776290957
|move|p1a: Dragapult|Shadow Ball|p2a: Ditto
|-supereffective|p2a: Ditto
|-damage|p2a: Ditto|0 fnt
|faint|p2a: Ditto
|
|upkeep
|
|t:|1776290963
|switch|p2a: Grafaiai|Grafaiai, M|27/100
|turn|19
|
|t:|1776290972
|switch|p1a: Corviknight|Corviknight, F, tera:Fire|31/100
|-ability|p1a: Corviknight|Unnerve
|-damage|p1a: Corviknight|6/100|[from] Stealth Rock
|move|p2a: Grafaiai|Knock Off|p1a: Corviknight
|-damage|p1a: Corviknight|0 fnt
|-enditem|p1a: Corviknight|Leftovers|[from] move: Knock Off|[of] p2a: Grafaiai
|faint|p1a: Corviknight
|
|upkeep
|
|t:|1776290983
|switch|p1a: Dragapult|Dragapult, M|88/100
|-damage|p1a: Dragapult|76/100|[from] Stealth Rock
|turn|20
|
|t:|1776290995
|move|p1a: Dragapult|Dragon Pulse|p2a: Grafaiai
|-damage|p2a: Grafaiai|0 fnt
|faint|p2a: Grafaiai
|
|upkeep
|
|t:|1776290999
|switch|p2a: Zapdos|Zapdos|100/100
|-ability|p2a: Zapdos|Pressure
|turn|21
|
|t:|1776291004
|move|p1a: Dragapult|Dragon Pulse|p2a: Zapdos
|-damage|p2a: Zapdos|68/100
|move|p2a: Zapdos|Hurricane|p1a: Dragapult
|-damage|p1a: Dragapult|18/100
|
|upkeep
|turn|22
|
|t:|1776291011
|move|p1a: Dragapult|Dragon Pulse|p2a: Zapdos
|-damage|p2a: Zapdos|34/100
|move|p2a: Zapdos|Thunderbolt|p1a: Dragapult
|-resisted|p1a: Dragapult
|-damage|p1a: Dragapult|0 fnt
|faint|p1a: Dragapult
|
|upkeep
|
|t:|1776291020
|switch|p1a: Glimmora|Glimmora, F|18/100
|-damage|p1a: Glimmora|5/100|[from] Stealth Rock
|turn|23
|
|t:|1776291027
|move|p2a: Zapdos|Thunderbolt|p1a: Glimmora
|-damage|p1a: Glimmora|0 fnt
|faint|p1a: Glimmora
|
|upkeep
|
|t:|1776291032
|switch|p1a: Great Tusk|Great Tusk|25/100
|-damage|p1a: Great Tusk|22/100|[from] Stealth Rock
|turn|24
|
|t:|1776291037
|move|p2a: Zapdos|Hurricane|p1a: Great Tusk
|-supereffective|p1a: Great Tusk
|-damage|p1a: Great Tusk|0 fnt
|faint|p1a: Great Tusk
|-end|p1a: Great Tusk|Protosynthesis|[silent]
|
|win|hospei
|raw|owenmilto's rating: 1000 &rarr; <strong>1000</strong><br />(+0 for losing)
|raw|hospei's rating: 1040 &rarr; <strong>1070</strong><br />(+30 for winning)
|l|☆owenmilto
|player|p1|
