|html|<div class="broadcast-blue"><strong>[Gen 9] OU is currently suspecting Tera Blast! For information on how to participate check out the <a href="https://www.smogon.com/tools/suspects/view/200">suspect thread</a>.</strong></div>
|j|☆yukideee
|j|☆ak1da
|t:|1776046027
|gametype|singles
|player|p1|yukideee|cynthia-masters4|1285
|player|p2|ak1da|266|1313
|gen|9
|tier|[Gen 9] OU
|rated|
|rule|HP Percentage Mod: HP is shown in percentages
|rule|Endless Battle Clause: Forcing endless battles is banned
|rule|Species Clause: Limit one of each Pokémon
|rule|OHKO Clause: OHKO moves are banned
|rule|Evasion Items Clause: Evasion items are banned
|rule|Evasion Moves Clause: Evasion moves are banned
|rule|Evasion Abilities Clause: Evasion abilities are banned
|rule|Sleep Moves Clause: Sleep-inducing moves are banned
|clearpoke
|poke|p1|Araquanid, F|
|poke|p1|Gholdengo|
|poke|p1|Iron Valiant|
|poke|p1|Kommo-o, F|
|poke|p1|Raging Bolt|
|poke|p1|Kingambit, F|
|poke|p2|Cinderace, F|
|poke|p2|Dragapult, M|
|poke|p2|Corviknight, M|
|poke|p2|Gholdengo|
|poke|p2|Blissey, F|
|poke|p2|Lilligant-Hisui, F|
|teampreview
|inactive|Battle timer is ON: inactive players will automatically lose when time's up. (requested by yukideee)
|
|t:|1776046051
|teamsize|p1|6
|teamsize|p2|6
|start
|switch|p1a: Araquanid|Araquanid, F|100/100
|switch|p2a: Fragger|Cinderace, F|100/100
|turn|1
|
|t:|1776046058
|move|p2a: Fragger|U-turn|p1a: Araquanid
|-start|p2a: Fragger|typechange|Bug|[from] ability: Libero
|-damage|p1a: Araquanid|55/100
|-damage|p2a: Fragger|91/100|[from] item: Life Orb
|
|t:|1776046062
|switch|p2a: Blissey|Blissey, F|100/100|[from] U-turn
|move|p1a: Araquanid|Surf|p2a: Blissey
|-damage|p2a: Blissey|90/100
|
|-heal|p2a: Blissey|96/100|[from] item: Leftovers
|upkeep
|turn|2
|
|t:|1776046072
|switch|p1a: Gholdengo|Gholdengo|100/100
|-item|p1a: Gholdengo|Air Balloon
|move|p2a: Blissey|Thunder Wave|p1a: Gholdengo
|-immune|p1a: Gholdengo|[from] ability: Good as Gold
|
|-heal|p2a: Blissey|100/100|[from] item: Leftovers
|upkeep
|turn|3
|
|t:|1776046078
|move|p1a: Gholdengo|Nasty Plot|p1a: Gholdengo
|-boost|p1a: Gholdengo|spa|2
|move|p2a: Blissey|Shadow Ball|p1a: Gholdengo
|-supereffective|p1a: Gholdengo
|-damage|p1a: Gholdengo|66/100
|-unboost|p1a: Gholdengo|spd|1
|-enditem|p1a: Gholdengo|Air Balloon
|
|upkeep
|turn|4
|
|t:|1776046080
|move|p1a: Gholdengo|Nasty Plot|p1a: Gholdengo
|-boost|p1a: Gholdengo|spa|2
|move|p2a: Blissey|Shadow Ball|p1a: Gholdengo
|-supereffective|p1a: Gholdengo
|-damage|p1a: Gholdengo|5/100
|
|upkeep
|turn|5
|
|t:|1776046083
|move|p1a: Gholdengo|Psyshock|p2a: Blissey
|-damage|p2a: Blissey|0 fnt
|faint|p2a: Blissey
|
|upkeep
|
|t:|1776046094
|switch|p2a: Fragger|Cinderace, F|91/100
|turn|6
|
|t:|1776046112
|move|p2a: Fragger|Pyro Ball|p1a: Gholdengo
|-supereffective|p1a: Gholdengo
|-damage|p1a: Gholdengo|0 fnt
|faint|p1a: Gholdengo
|-damage|p2a: Fragger|81/100|[from] item: Life Orb
|
|upkeep
|
|t:|1776046117
|switch|p1a: Araquanid|Araquanid, F|55/100
|turn|7
|
|t:|1776046123
|move|p2a: Fragger|Pyro Ball|p1a: Araquanid
|-damage|p1a: Araquanid|21/100
|-damage|p2a: Fragger|71/100|[from] item: Life Orb
|move|p1a: Araquanid|Lunge|p2a: Fragger
|-resisted|p2a: Fragger
|-damage|p2a: Fragger|57/100
|-unboost|p2a: Fragger|atk|1
|
|upkeep
|turn|8
|inactive|yukideee has 120 seconds left.
|-enditem|p1a: Araquanid|Custap Berry|[eat]
|-activate|p1a: Araquanid|item: Custap Berry|[consumed]
|
|t:|1776046159
|move|p1a: Araquanid|Surf|p2a: Fragger
|-supereffective|p2a: Fragger
|-damage|p2a: Fragger|0 fnt
|faint|p2a: Fragger
|
|upkeep
|
|t:|1776046173
|switch|p2a: Gholdengo|Gholdengo|100/100
|turn|9
|inactive|yukideee has 120 seconds left.
|
|t:|1776046205
|move|p2a: Gholdengo|Shadow Ball|p1a: Araquanid
|-damage|p1a: Araquanid|0 fnt
|faint|p1a: Araquanid
|
|upkeep
|
|t:|1776046210
|switch|p1a: Kingambit|Kingambit, F|100/100
|-activate|p1a: Kingambit|ability: Supreme Overlord
|-start|p1a: Kingambit|fallen2|[silent]
|-item|p1a: Kingambit|Air Balloon
|turn|10
|
|t:|1776046218
|switch|p2a: Corviknight|Corviknight, M|100/100
|-ability|p2a: Corviknight|Pressure
|move|p1a: Kingambit|Swords Dance|p1a: Kingambit
|-boost|p1a: Kingambit|atk|2
|
|upkeep
|turn|11
|
|t:|1776046224
|move|p1a: Kingambit|Kowtow Cleave|p2a: Corviknight
|-damage|p2a: Corviknight|39/100
|move|p2a: Corviknight|Iron Defense|p2a: Corviknight
|-boost|p2a: Corviknight|def|2
|
|-heal|p2a: Corviknight|46/100|[from] item: Leftovers
|upkeep
|turn|12
|
|t:|1776046229
|move|p1a: Kingambit|Kowtow Cleave|p2a: Corviknight
|-damage|p2a: Corviknight|12/100
|move|p2a: Corviknight|Roost|p2a: Corviknight
|-heal|p2a: Corviknight|62/100
|-singleturn|p2a: Corviknight|move: Roost
|
|-heal|p2a: Corviknight|68/100|[from] item: Leftovers
|upkeep
|turn|13
|
|t:|1776046233
|move|p1a: Kingambit|Swords Dance|p1a: Kingambit
|-boost|p1a: Kingambit|atk|2
|move|p2a: Corviknight|Iron Defense|p2a: Corviknight
|-boost|p2a: Corviknight|def|2
|
|-heal|p2a: Corviknight|74/100|[from] item: Leftovers
|upkeep
|turn|14
|
|t:|1776046238
|-terastallize|p1a: Kingambit|Fire
|move|p1a: Kingambit|Swords Dance|p1a: Kingambit
|-boost|p1a: Kingambit|atk|2
|move|p2a: Corviknight|Iron Defense|p2a: Corviknight
|-boost|p2a: Corviknight|def|2
|
|-heal|p2a: Corviknight|81/100|[from] item: Leftovers
|upkeep
|turn|15
|
|t:|1776046244
|move|p1a: Kingambit|Kowtow Cleave|p2a: Corviknight
|-damage|p2a: Corviknight|51/100
|move|p2a: Corviknight|Body Press|p1a: Kingambit
|-damage|p1a: Kingambit|7/100
|-enditem|p1a: Kingambit|Air Balloon
|
|-heal|p2a: Corviknight|57/100|[from] item: Leftovers
|upkeep
|turn|16
|
|t:|1776046250
|move|p1a: Kingambit|Kowtow Cleave|p2a: Corviknight
|-damage|p2a: Corviknight|27/100
|move|p2a: Corviknight|Roost|p2a: Corviknight
|-heal|p2a: Corviknight|77/100
|-singleturn|p2a: Corviknight|move: Roost
|
|-heal|p2a: Corviknight|83/100|[from] item: Leftovers
|upkeep
|turn|17
|
|t:|1776046253
|move|p1a: Kingambit|Kowtow Cleave|p2a: Corviknight
|-damage|p2a: Corviknight|51/100
|move|p2a: Corviknight|Body Press|p1a: Kingambit
|-damage|p1a: Kingambit|0 fnt
|faint|p1a: Kingambit
|-end|p1a: Kingambit|fallen2|[silent]
|
|-heal|p2a: Corviknight|58/100|[from] item: Leftovers
|upkeep
|
|t:|1776046259
|switch|p1a: Raging Bolt|Raging Bolt|100/100
|-enditem|p1a: Raging Bolt|Booster Energy
|-activate|p1a: Raging Bolt|ability: Protosynthesis|[fromitem]
|-start|p1a: Raging Bolt|protosynthesisspa
|turn|18
|
|t:|1776046263
|-terastallize|p2a: Corviknight|Dragon
|move|p1a: Raging Bolt|Thunderbolt|p2a: Corviknight
|-resisted|p2a: Corviknight
|-damage|p2a: Corviknight|22/100
|move|p2a: Corviknight|Body Press|p1a: Raging Bolt
|-damage|p1a: Raging Bolt|0 fnt
|faint|p1a: Raging Bolt
|-end|p1a: Raging Bolt|Protosynthesis|[silent]
|
|-heal|p2a: Corviknight|28/100|[from] item: Leftovers
|upkeep
|
|t:|1776046268
|switch|p1a: Iron Valiant|Iron Valiant|100/100
|-enditem|p1a: Iron Valiant|Booster Energy
|-activate|p1a: Iron Valiant|ability: Quark Drive|[fromitem]
|-start|p1a: Iron Valiant|quarkdrivespa
|turn|19
|
|t:|1776046276
|move|p1a: Iron Valiant|Moonblast|p2a: Corviknight
|-supereffective|p2a: Corviknight
|-damage|p2a: Corviknight|0 fnt
|faint|p2a: Corviknight
|
|upkeep
|
|t:|1776046283
|switch|p2a: Gholdengo|Gholdengo|100/100
|turn|20
|
|t:|1776046288
|move|p2a: Gholdengo|Make It Rain|p1a: Iron Valiant
|-supereffective|p1a: Iron Valiant
|-damage|p1a: Iron Valiant|0 fnt
|-unboost|p2a: Gholdengo|spa|1
|faint|p1a: Iron Valiant
|-end|p1a: Iron Valiant|Quark Drive|[silent]
|
|upkeep
|
|t:|1776046291
|switch|p1a: Kommo-o|Kommo-o, F, shiny|100/100
|turn|21
|
|t:|1776046295
|move|p2a: Gholdengo|Make It Rain|p1a: Kommo-o
|-damage|p1a: Kommo-o|49/100
|-unboost|p2a: Gholdengo|spa|1
|move|p1a: Kommo-o|Clangorous Soul|p1a: Kommo-o
|-boost|p1a: Kommo-o|atk|1
|-boost|p1a: Kommo-o|def|1
|-boost|p1a: Kommo-o|spa|1
|-boost|p1a: Kommo-o|spd|1
|-boost|p1a: Kommo-o|spe|1
|-damage|p1a: Kommo-o|16/100
|-enditem|p1a: Kommo-o|Throat Spray
|-boost|p1a: Kommo-o|spa|1|[from] item: Throat Spray
|
|upkeep
|turn|22
|
|t:|1776046300
|move|p2a: Gholdengo|Make It Rain|p1a: Kommo-o
|-damage|p1a: Kommo-o|0 fnt
|-unboost|p2a: Gholdengo|spa|1
|faint|p1a: Kommo-o
|
|win|ak1da
|raw|yukideee's rating: 1285 &rarr; <strong>1262</strong><br />(-23 for losing)
|raw|ak1da's rating: 1313 &rarr; <strong>1331</strong><br />(+18 for winning)
