|html|<div class="broadcast-blue"><strong>[Gen 9] OU is currently suspecting Tera Blast! For information on how to participate check out the <a href="https://www.smogon.com/tools/suspects/view/200">suspect thread</a>.</strong></div>
|j|☆ElMatatan54
|j|☆jabbberwock
|t:|1776224837
|gametype|singles
|player|p1|ElMatatan54|shadowtriad|1023
|player|p2|jabbberwock|parasollady|1045
|gen|9
|tier|[Gen 9] OU
|rated|
|rule|HP Percentage Mod: HP is shown in percentages
|rule|Endless Battle Clause: Forcing endless battles is banned
|rule|Species Clause: Limit one of each Pokémon
|rule|OHKO Clause: OHKO moves are banned
|rule|Evasion Items Clause: Evasion items are banned
|rule|Evasion Moves Clause: Evasion moves are banned
|rule|Evasion Abilities Clause: Evasion abilities are banned
|rule|Sleep Moves Clause: Sleep-inducing moves are banned
|clearpoke
|poke|p1|Deoxys-Speed|
|poke|p1|Ceruledge, F|
|poke|p1|Dragonite, F|
|poke|p1|Zapdos|
|poke|p1|Kingambit, F|
|poke|p1|Primarina, F|
|poke|p2|Exeggutor, F|
|poke|p2|Gholdengo|
|poke|p2|Blissey, F|
|poke|p2|Glimmora, F|
|poke|p2|Slither Wing|
|poke|p2|Darkrai|
|teampreview
|
|t:|1776224848
|teamsize|p1|6
|teamsize|p2|6
|start
|switch|p1a: Ceruledge|Ceruledge, F|100/100
|switch|p2a: Glimmora|Glimmora, F, shiny|100/100
|turn|1
|
|t:|1776224864
|-terastallize|p2a: Glimmora|Ground
|move|p2a: Glimmora|Toxic Spikes|p1a: Ceruledge
|-sidestart|p1: ElMatatan54|move: Toxic Spikes
|move|p1a: Ceruledge|Swords Dance|p1a: Ceruledge
|-boost|p1a: Ceruledge|atk|2
|
|upkeep
|turn|2
|
|t:|1776224889
|switch|p2a: Gholdengo|Gholdengo|100/100
|move|p1a: Ceruledge|Iron Head|p2a: Gholdengo
|-resisted|p2a: Gholdengo
|-damage|p2a: Gholdengo|79/100
|-damage|p1a: Ceruledge|84/100|[from] item: Rocky Helmet|[of] p2a: Gholdengo
|
|-heal|p1a: Ceruledge|90/100|[from] item: Leftovers
|upkeep
|turn|3
|
|t:|1776224898
|move|p1a: Ceruledge|Bitter Blade|p2a: Gholdengo
|-supereffective|p2a: Gholdengo
|-damage|p2a: Gholdengo|0 fnt
|-heal|p1a: Ceruledge|100/100|[from] drain|[of] p2a: Gholdengo
|-damage|p1a: Ceruledge|84/100|[from] item: Rocky Helmet|[of] p2a: Gholdengo
|faint|p2a: Gholdengo
|
|-heal|p1a: Ceruledge|90/100|[from] item: Leftovers
|upkeep
|
|t:|1776224920
|switch|p2a: Glimmora|Glimmora, F, shiny, tera:Ground|100/100
|turn|4
|
|t:|1776224925
|move|p2a: Glimmora|Earth Power|p1a: Ceruledge
|-supereffective|p1a: Ceruledge
|-damage|p1a: Ceruledge|0 fnt
|faint|p1a: Ceruledge
|
|upkeep
|
|t:|1776224930
|switch|p1a: Primarina|Primarina, F|100/100
|-status|p1a: Primarina|psn
|turn|5
|
|t:|1776224938
|switch|p2a: Slither Wing|Slither Wing, shiny|100/100
|move|p1a: Primarina|Hyper Voice|p2a: Slither Wing
|-crit|p2a: Slither Wing
|-damage|p2a: Slither Wing|34/100
|
|-damage|p1a: Primarina|88/100 psn|[from] psn
|upkeep
|turn|6
|
|t:|1776224955
|move|p2a: Slither Wing|U-turn|p1a: Primarina
|-resisted|p1a: Primarina
|-damage|p1a: Primarina|69/100 psn
|
|t:|1776224959
|-end|p2a: Slither Wing|Protosynthesis|[silent]
|switch|p2a: Blissey|Blissey, F, shiny|100/100|[from] U-turn
|move|p1a: Primarina|Moonblast|p2a: Blissey
|-damage|p2a: Blissey|80/100
|-unboost|p2a: Blissey|spa|1
|
|-heal|p1a: Primarina|75/100 psn|[from] item: Leftovers
|-damage|p1a: Primarina|63/100 psn|[from] psn
|upkeep
|turn|7
|
|t:|1776224972
|move|p2a: Blissey|Trick|p1a: Primarina
|-activate|p2a: Blissey|move: Trick|[of] p1a: Primarina
|-item|p1a: Primarina|Choice Scarf|[from] move: Trick
|-item|p2a: Blissey|Leftovers|[from] move: Trick
|move|p1a: Primarina|Calm Mind|p1a: Primarina
|-boost|p1a: Primarina|spa|1
|-boost|p1a: Primarina|spd|1
|
|-heal|p2a: Blissey|86/100|[from] item: Leftovers
|-damage|p1a: Primarina|51/100 psn|[from] psn
|upkeep
|turn|8
|
|t:|1776224990
|switch|p1a: Kingambit|Kingambit, F, shiny|100/100
|-activate|p1a: Kingambit|ability: Supreme Overlord
|-start|p1a: Kingambit|fallen1|[silent]
|move|p2a: Blissey|Ice Beam|p1a: Kingambit
|-resisted|p1a: Kingambit
|-damage|p1a: Kingambit|93/100
|
|-heal|p2a: Blissey|93/100|[from] item: Leftovers
|upkeep
|turn|9
|
|t:|1776225004
|move|p2a: Blissey|Flamethrower|p1a: Kingambit
|-supereffective|p1a: Kingambit
|-damage|p1a: Kingambit|65/100
|-status|p1a: Kingambit|brn
|move|p1a: Kingambit|Iron Head|p2a: Blissey
|-damage|p2a: Blissey|51/100
|
|-heal|p2a: Blissey|58/100|[from] item: Leftovers
|-damage|p1a: Kingambit|59/100 brn|[from] brn
|upkeep
|turn|10
|inactive|Battle timer is ON: inactive players will automatically lose when time's up. (requested by jabbberwock)
|
|t:|1776225046
|-end|p1a: Kingambit|fallen1|[silent]
|switch|p1a: Primarina|Primarina, F|51/100 psn
|move|p2a: Blissey|Soft-Boiled|p2a: Blissey
|-heal|p2a: Blissey|100/100
|
|-damage|p1a: Primarina|38/100 psn|[from] psn
|upkeep
|turn|11
|
|t:|1776225072
|switch|p2a: Exeggutor|Exeggutor, F, shiny|100/100
|-terastallize|p1a: Primarina|Water
|move|p1a: Primarina|Hyper Voice|p2a: Exeggutor
|-resisted|p2a: Exeggutor
|-damage|p2a: Exeggutor|63/100
|
|-damage|p1a: Primarina|26/100 psn|[from] psn
|upkeep
|turn|12
|
|t:|1776225083
|move|p1a: Primarina|Hyper Voice|p2a: Exeggutor
|-resisted|p2a: Exeggutor
|-damage|p2a: Exeggutor|28/100
|move|p2a: Exeggutor|Substitute|p2a: Exeggutor
|-start|p2a: Exeggutor|Substitute
|-damage|p2a: Exeggutor|3/100
|-enditem|p2a: Exeggutor|Starf Berry|[eat]
|-boost|p2a: Exeggutor|atk|2|[from] item: Starf Berry
|
|-damage|p1a: Primarina|14/100 psn|[from] psn
|-item|p2a: Exeggutor|Starf Berry|[from] ability: Harvest
|upkeep
|-enditem|p2a: Exeggutor|Starf Berry|[eat]
|-boost|p2a: Exeggutor|atk|2|[from] item: Starf Berry
|turn|13
|
|t:|1776225097
|move|p1a: Primarina|Hyper Voice|p2a: Exeggutor
|-resisted|p2a: Exeggutor
|-damage|p2a: Exeggutor|0 fnt
|faint|p2a: Exeggutor
|
|-damage|p1a: Primarina|1/100 psn|[from] psn
|upkeep
|
|t:|1776225106
|switch|p2a: Slither Wing|Slither Wing, shiny|34/100
|turn|14
|
|t:|1776225110
|move|p1a: Primarina|Hyper Voice|p2a: Slither Wing
|-damage|p2a: Slither Wing|0 fnt
|faint|p2a: Slither Wing
|-end|p2a: Slither Wing|Protosynthesis|[silent]
|
|-damage|p1a: Primarina|0 fnt|[from] psn
|faint|p1a: Primarina
|upkeep
|
|t:|1776225121
|switch|p2a: Darkrai|Darkrai|100/100
|switch|p1a: Kingambit|Kingambit, F, shiny|59/100 brn
|-activate|p1a: Kingambit|ability: Supreme Overlord
|-start|p1a: Kingambit|fallen2|[silent]
|turn|15
|
|t:|1776225137
|move|p2a: Darkrai|Focus Blast|p1a: Kingambit
|-supereffective|p1a: Kingambit
|-damage|p1a: Kingambit|0 fnt
|faint|p1a: Kingambit
|-end|p1a: Kingambit|fallen2|[silent]
|
|upkeep
|
|t:|1776225142
|switch|p1a: Deoxys|Deoxys-Speed|100/100
|-status|p1a: Deoxys|psn
|-ability|p1a: Deoxys|Pressure
|turn|16
|
|t:|1776225161
|move|p1a: Deoxys|Ice Beam|p2a: Darkrai
|-damage|p2a: Darkrai|69/100
|move|p2a: Darkrai|Dark Pulse|p1a: Deoxys
|-supereffective|p1a: Deoxys
|-enditem|p1a: Deoxys|Focus Sash
|-damage|p1a: Deoxys|1/100 psn
|
|-damage|p1a: Deoxys|0 fnt|[from] psn
|faint|p1a: Deoxys
|upkeep
|
|t:|1776225172
|switch|p1a: Zapdos|Zapdos|100/100
|turn|17
|
|t:|1776225179
|move|p2a: Darkrai|Ice Beam|p1a: Zapdos
|-supereffective|p1a: Zapdos
|-crit|p1a: Zapdos
|-damage|p1a: Zapdos|4/100
|move|p1a: Zapdos|Thunder Wave|p2a: Darkrai
|-status|p2a: Darkrai|par
|
|-heal|p1a: Zapdos|10/100|[from] item: Leftovers
|upkeep
|turn|18
|
|t:|1776225191
|switch|p2a: Glimmora|Glimmora, F, shiny, tera:Ground|100/100
|move|p1a: Zapdos|Roost|p1a: Zapdos
|-heal|p1a: Zapdos|60/100
|-singleturn|p1a: Zapdos|move: Roost
|
|-heal|p1a: Zapdos|67/100|[from] item: Leftovers
|upkeep
|turn|19
|
|t:|1776225209
|move|p2a: Glimmora|Power Gem|p1a: Zapdos
|-supereffective|p1a: Zapdos
|-damage|p1a: Zapdos|0 fnt
|faint|p1a: Zapdos
|
|upkeep
|
|t:|1776225219
|switch|p1a: Dragonite|Dragonite, F|100/100
|turn|20
|
|t:|1776225227
|move|p2a: Glimmora|Power Gem|p1a: Dragonite
|-supereffective|p1a: Dragonite
|-damage|p1a: Dragonite|56/100
|move|p1a: Dragonite|Dragon Dance|p1a: Dragonite
|-boost|p1a: Dragonite|atk|1
|-boost|p1a: Dragonite|spe|1
|
|upkeep
|turn|21
|
|t:|1776225241
|switch|p2a: Darkrai|Darkrai|69/100 par
|move|p1a: Dragonite|Earthquake|p2a: Darkrai
|-crit|p2a: Darkrai
|-damage|p2a: Darkrai|0 fnt
|faint|p2a: Darkrai
|
|upkeep
|
|t:|1776225249
|switch|p2a: Blissey|Blissey, F, shiny|100/100
|turn|22
|
|t:|1776225256
|move|p1a: Dragonite|Earthquake|p2a: Blissey
|-damage|p2a: Blissey|39/100
|move|p2a: Blissey|Ice Beam|p1a: Dragonite
|-supereffective|p1a: Dragonite
|-damage|p1a: Dragonite|0 fnt
|faint|p1a: Dragonite
|
|win|jabbberwock
|raw|ElMatatan54's rating: 1023 &rarr; <strong>1010</strong><br />(-13 for losing)
|raw|jabbberwock's rating: 1045 &rarr; <strong>1076</strong><br />(+31 for winning)
|c|☆jabbberwock|hi
