|html|<div class="broadcast-blue"><strong>[Gen 9] OU is currently suspecting Tera Blast! For information on how to participate check out the <a href="https://www.smogon.com/tools/suspects/view/200">suspect thread</a>.</strong></div>
|j|☆k1kayone
|j|☆bubzso
|t:|1776037751
|gametype|singles
|player|p1|k1kayone|2|
|player|p2|bubzso|2|
|gen|9
|tier|[Gen 9] OU
|rule|HP Percentage Mod: HP is shown in percentages
|rule|Endless Battle Clause: Forcing endless battles is banned
|rule|Species Clause: Limit one of each Pokémon
|rule|OHKO Clause: OHKO moves are banned
|rule|Evasion Items Clause: Evasion items are banned
|rule|Evasion Moves Clause: Evasion moves are banned
|rule|Evasion Abilities Clause: Evasion abilities are banned
|rule|Sleep Moves Clause: Sleep-inducing moves are banned
|clearpoke
|poke|p1|Araquanid, M|
|poke|p1|Great Tusk|
|poke|p1|Iron Moth|
|poke|p1|Kyurem|
|poke|p1|Gholdengo|
|poke|p1|Kingambit, F|
|poke|p2|Darkrai|
|poke|p2|Sylveon, F|
|poke|p2|Garganacl, F|
|poke|p2|Great Tusk|
|poke|p2|Gholdengo|
|poke|p2|Corviknight, F|
|teampreview
|
|t:|1776037755
|teamsize|p1|6
|teamsize|p2|6
|start
|switch|p1a: True Spiderman|Araquanid, M|100/100
|switch|p2a: Darkrai|Darkrai|100/100
|turn|1
|
|t:|1776037762
|move|p2a: Darkrai|Trick|p1a: True Spiderman
|-activate|p2a: Darkrai|move: Trick|[of] p1a: True Spiderman
|-item|p1a: True Spiderman|Choice Specs|[from] move: Trick
|-item|p2a: Darkrai|Custap Berry|[from] move: Trick
|move|p1a: True Spiderman|Surf|p2a: Darkrai
|-damage|p2a: Darkrai|4/100
|
|upkeep
|turn|2
|
|t:|1776037783
|switch|p2a: Gholdengo|Gholdengo|100/100
|-item|p2a: Gholdengo|Air Balloon
|switch|p1a: Frozen Hell|Kyurem|100/100
|-ability|p1a: Frozen Hell|Pressure
|
|upkeep
|turn|3
|
|t:|1776037800
|switch|p1a: True Spiderman|Araquanid, M|100/100
|move|p2a: Gholdengo|Make It Rain|p1a: True Spiderman
|-resisted|p1a: True Spiderman
|-damage|p1a: True Spiderman|77/100
|-unboost|p2a: Gholdengo|spa|1
|
|upkeep
|turn|4
|
|t:|1776037808
|switch|p2a: Great Tusk|Great Tusk|100/100
|move|p1a: True Spiderman|Sticky Web|p2a: Great Tusk
|-sidestart|p2: bubzso|move: Sticky Web
|
|upkeep
|turn|5
|
|t:|1776037819
|switch|p1a: Gold Dingus|Gholdengo|100/100
|-item|p1a: Gold Dingus|Air Balloon
|move|p2a: Great Tusk|Rapid Spin|p1a: Gold Dingus
|-immune|p1a: Gold Dingus
|
|upkeep
|turn|6
|
|t:|1776037826
|move|p2a: Great Tusk|Ice Spinner|p1a: Gold Dingus
|-resisted|p1a: Gold Dingus
|-damage|p1a: Gold Dingus|84/100
|-enditem|p1a: Gold Dingus|Air Balloon
|move|p1a: Gold Dingus|Make It Rain|p2a: Great Tusk
|-damage|p2a: Great Tusk|10/100
|-unboost|p1a: Gold Dingus|spa|1
|
|upkeep
|turn|7
|
|t:|1776037835
|move|p2a: Great Tusk|Knock Off|p1a: Gold Dingus
|-supereffective|p1a: Gold Dingus
|-damage|p1a: Gold Dingus|32/100
|move|p1a: Gold Dingus|Shadow Ball|p2a: Great Tusk
|-damage|p2a: Great Tusk|0 fnt
|faint|p2a: Great Tusk
|-end|p2a: Great Tusk|Protosynthesis|[silent]
|
|upkeep
|
|t:|1776037844
|switch|p2a: Darkrai|Darkrai|4/100
|-activate|p2a: Darkrai|move: Sticky Web
|-unboost|p2a: Darkrai|spe|1
|turn|8
|-enditem|p2a: Darkrai|Custap Berry|[eat]
|-activate|p2a: Darkrai|item: Custap Berry|[consumed]
|
|t:|1776037849
|move|p2a: Darkrai|Dark Pulse|p1a: Gold Dingus
|-supereffective|p1a: Gold Dingus
|-damage|p1a: Gold Dingus|0 fnt
|faint|p1a: Gold Dingus
|
|upkeep
|
|t:|1776037858
|switch|p1a: Extinction Event|Great Tusk|100/100
|-enditem|p1a: Extinction Event|Booster Energy
|-activate|p1a: Extinction Event|ability: Protosynthesis|[fromitem]
|-start|p1a: Extinction Event|protosynthesisatk
|turn|9
|
|t:|1776037875
|move|p2a: Darkrai|Focus Blast|p1a: Extinction Event
|-damage|p1a: Extinction Event|44/100
|move|p1a: Extinction Event|Rapid Spin|p2a: Darkrai
|-damage|p2a: Darkrai|0 fnt
|-boost|p1a: Extinction Event|spe|1
|faint|p2a: Darkrai
|
|upkeep
|
|t:|1776037882
|switch|p2a: Corviknight|Corviknight, F|100/100
|-ability|p2a: Corviknight|Pressure
|turn|10
|
|t:|1776037893
|-end|p1a: Extinction Event|Protosynthesis|[silent]
|switch|p1a: I always go 1st|Iron Moth|100/100
|-enditem|p1a: I always go 1st|Booster Energy
|-activate|p1a: I always go 1st|ability: Quark Drive|[fromitem]
|-start|p1a: I always go 1st|quarkdrivespa
|move|p2a: Corviknight|Defog|p1a: I always go 1st
|-unboost|p1a: I always go 1st|evasion|1
|-sideend|p2: bubzso|Sticky Web|[from] move: Defog|[of] p2a: Corviknight
|
|upkeep
|turn|11
|
|t:|1776037908
|-end|p1a: I always go 1st|Quark Drive|[silent]
|switch|p1a: Frozen Hell|Kyurem|100/100
|-ability|p1a: Frozen Hell|Pressure
|-terastallize|p2a: Corviknight|Dragon
|move|p2a: Corviknight|Brave Bird|p1a: Frozen Hell
|-damage|p1a: Frozen Hell|66/100
|-damage|p2a: Corviknight|89/100|[from] Recoil
|
|upkeep
|turn|12
|
|t:|1776037928
|switch|p2a: Garganacl|Garganacl, F|100/100
|move|p1a: Frozen Hell|Ice Beam|p2a: Garganacl
|-damage|p2a: Garganacl|37/100
|
|-heal|p2a: Garganacl|43/100|[from] item: Leftovers
|upkeep
|turn|13
|
|t:|1776037937
|move|p2a: Garganacl|Protect|p2a: Garganacl
|-singleturn|p2a: Garganacl|Protect
|move|p1a: Frozen Hell|Ice Beam|p2a: Garganacl
|-activate|p2a: Garganacl|move: Protect
|
|-heal|p2a: Garganacl|50/100|[from] item: Leftovers
|upkeep
|turn|14
|
|t:|1776037946
|move|p1a: Frozen Hell|Ice Beam|p2a: Garganacl
|-damage|p2a: Garganacl|0 fnt
|faint|p2a: Garganacl
|
|upkeep
|
|t:|1776037954
|switch|p2a: Sylveon|Sylveon, F|100/100
|turn|15
|
|t:|1776037962
|switch|p1a: True Spiderman|Araquanid, M|77/100
|move|p2a: Sylveon|Hyper Voice|p1a: True Spiderman
|-damage|p1a: True Spiderman|46/100
|
|upkeep
|turn|16
|
|t:|1776037975
|move|p2a: Sylveon|Hyper Voice|p1a: True Spiderman
|-damage|p1a: True Spiderman|19/100
|move|p1a: True Spiderman|Sticky Web|p2a: Sylveon
|-sidestart|p2: bubzso|move: Sticky Web
|
|upkeep
|turn|17
|
|t:|1776037991
|switch|p1a: Extinction Event|Great Tusk|44/100
|move|p2a: Sylveon|Hyper Voice|p1a: Extinction Event
|-supereffective|p1a: Extinction Event
|-damage|p1a: Extinction Event|0 fnt
|faint|p1a: Extinction Event
|-end|p1a: Extinction Event|Protosynthesis|[silent]
|
|upkeep
|
|t:|1776038010
|switch|p1a: Frozen Hell|Kyurem|66/100
|-ability|p1a: Frozen Hell|Pressure
|turn|18
|
|t:|1776038020
|move|p1a: Frozen Hell|Ice Beam|p2a: Sylveon
|-damage|p2a: Sylveon|61/100
|move|p2a: Sylveon|Hyper Voice|p1a: Frozen Hell
|-supereffective|p1a: Frozen Hell
|-damage|p1a: Frozen Hell|0 fnt
|faint|p1a: Frozen Hell
|
|-heal|p2a: Sylveon|68/100|[from] item: Leftovers
|upkeep
|
|t:|1776038025
|switch|p1a: I always go 1st|Iron Moth|100/100
|turn|19
|
|t:|1776038049
|switch|p2a: Corviknight|Corviknight, F, tera:Dragon|89/100
|-activate|p2a: Corviknight|move: Sticky Web
|-unboost|p2a: Corviknight|spe|1
|-ability|p2a: Corviknight|Pressure
|move|p1a: I always go 1st|Fiery Dance|p2a: Corviknight
|-resisted|p2a: Corviknight
|-damage|p2a: Corviknight|66/100
|
|upkeep
|turn|20
|
|t:|1776038062
|move|p1a: I always go 1st|Dazzling Gleam|p2a: Corviknight
|-supereffective|p2a: Corviknight
|-damage|p2a: Corviknight|10/100
|move|p2a: Corviknight|Defog|p1a: I always go 1st
|-unboost|p1a: I always go 1st|evasion|1
|-sideend|p2: bubzso|Sticky Web|[from] move: Defog|[of] p2a: Corviknight
|
|upkeep
|turn|21
|
|t:|1776038072
|-end|p1a: I always go 1st|Quark Drive|[silent]
|switch|p1a: True Spiderman|Araquanid, M|19/100
|move|p2a: Corviknight|Brave Bird|p1a: True Spiderman
|-supereffective|p1a: True Spiderman
|-damage|p1a: True Spiderman|0 fnt
|faint|p1a: True Spiderman
|-damage|p2a: Corviknight|5/100|[from] Recoil
|
|upkeep
|
|t:|1776038077
|switch|p1a: I always go 1st|Iron Moth|100/100
|turn|22
|
|t:|1776038088
|move|p1a: I always go 1st|Fiery Dance|p2a: Corviknight
|-resisted|p2a: Corviknight
|-damage|p2a: Corviknight|0 fnt
|-boost|p1a: I always go 1st|spa|1
|faint|p2a: Corviknight
|
|upkeep
|
|t:|1776038095
|switch|p2a: Sylveon|Sylveon, F|68/100
|turn|23
|
|t:|1776038106
|move|p2a: Sylveon|Protect|p2a: Sylveon
|-singleturn|p2a: Sylveon|Protect
|move|p1a: I always go 1st|Fiery Dance|p2a: Sylveon
|-activate|p2a: Sylveon|move: Protect
|
|-heal|p2a: Sylveon|74/100|[from] item: Leftovers
|upkeep
|turn|24
|
|t:|1776038115
|move|p1a: I always go 1st|Substitute|p1a: I always go 1st
|-start|p1a: I always go 1st|Substitute
|-damage|p1a: I always go 1st|76/100
|move|p2a: Sylveon|Hyper Voice|p1a: I always go 1st
|-resisted|p1a: I always go 1st
|-damage|p1a: I always go 1st|64/100
|
|-heal|p2a: Sylveon|80/100|[from] item: Leftovers
|upkeep
|turn|25
|
|t:|1776038129
|move|p1a: I always go 1st|Fiery Dance|p2a: Sylveon
|-damage|p2a: Sylveon|44/100
|move|p2a: Sylveon|Hyper Voice|p1a: I always go 1st
|-resisted|p1a: I always go 1st
|-damage|p1a: I always go 1st|53/100
|
|-heal|p2a: Sylveon|50/100|[from] item: Leftovers
|upkeep
|turn|26
|
|t:|1776038138
|move|p1a: I always go 1st|Fiery Dance|p2a: Sylveon
|-crit|p2a: Sylveon
|-damage|p2a: Sylveon|0 fnt
|faint|p2a: Sylveon
|
|upkeep
|
|t:|1776038143
|switch|p2a: Gholdengo|Gholdengo|100/100
|-item|p2a: Gholdengo|Air Balloon
|turn|27
|
|t:|1776038150
|move|p1a: I always go 1st|Fiery Dance|p2a: Gholdengo
|-supereffective|p2a: Gholdengo
|-damage|p2a: Gholdengo|0 fnt
|-boost|p1a: I always go 1st|spa|1
|-enditem|p2a: Gholdengo|Air Balloon
|faint|p2a: Gholdengo
|
|win|k1kayone
