|html|<div class="broadcast-blue"><strong>[Gen 9] OU is currently suspecting Tera Blast! For information on how to participate check out the <a href="https://www.smogon.com/tools/suspects/view/200">suspect thread</a>.</strong></div>
|j|☆chicoronaldo
|j|☆OOOMMM
|t:|1776036225
|gametype|singles
|player|p1|chicoronaldo|maid|1105
|player|p2|OOOMMM|169|1111
|gen|9
|tier|[Gen 9] OU
|rated|
|rule|HP Percentage Mod: HP is shown in percentages
|rule|Endless Battle Clause: Forcing endless battles is banned
|rule|Species Clause: Limit one of each Pokémon
|rule|OHKO Clause: OHKO moves are banned
|rule|Evasion Items Clause: Evasion items are banned
|rule|Evasion Moves Clause: Evasion moves are banned
|rule|Evasion Abilities Clause: Evasion abilities are banned
|rule|Sleep Moves Clause: Sleep-inducing moves are banned
|clearpoke
|poke|p1|Heatran, M|
|poke|p1|Garganacl, M|
|poke|p1|Glimmora, F|
|poke|p1|Hatterene, F|
|poke|p1|Sinistcha-Masterpiece|
|poke|p1|Tyranitar, M|
|poke|p2|Deoxys-Speed|
|poke|p2|Dragonite, M|
|poke|p2|Gholdengo|
|poke|p2|Iron Valiant|
|poke|p2|Ursaluna, M|
|poke|p2|Iron Moth|
|teampreview
|
|t:|1776036266
|teamsize|p1|6
|teamsize|p2|6
|start
|switch|p1a: Garganacl|Garganacl, M, shiny|100/100
|switch|p2a: Deoxys|Deoxys-Speed|100/100
|-ability|p2a: Deoxys|Pressure
|turn|1
|
|t:|1776036274
|switch|p1a: Hatterene|Hatterene, F|100/100
|move|p2a: Deoxys|Thunder Wave|p1a: Hatterene
|move|p1a: Hatterene|Thunder Wave|p2a: Deoxys|[from] ability: Magic Bounce
|-status|p2a: Deoxys|par
|
|upkeep
|turn|2
|
|t:|1776036286
|move|p2a: Deoxys|Light Screen|p2a: Deoxys
|-sidestart|p2: OOOMMM|move: Light Screen
|move|p1a: Hatterene|Trick Room|p1a: Hatterene
|-fieldstart|move: Trick Room|[of] p1a: Hatterene
|
|upkeep
|turn|3
|
|t:|1776036294
|switch|p1a: Heatran|Heatran, M|100/100
|-item|p1a: Heatran|Air Balloon
|move|p2a: Deoxys|Reflect|p2a: Deoxys
|-sidestart|p2: OOOMMM|Reflect
|
|upkeep
|turn|4
|
|t:|1776036308
|move|p1a: Heatran|Magma Storm|p2a: Deoxys
|-damage|p2a: Deoxys|70/100 par
|-activate|p2a: Deoxys|move: Magma Storm|[of] p1a: Heatran
|cant|p2a: Deoxys|par
|
|-damage|p2a: Deoxys|58/100 par|[from] move: Magma Storm|[partiallytrapped]
|upkeep
|turn|5
|
|t:|1776036330
|switch|p1a: Garganacl|Garganacl, M, shiny|100/100
|move|p2a: Deoxys|Stealth Rock|p1a: Garganacl
|-sidestart|p1: chicoronaldo|move: Stealth Rock
|
|-end|p2a: Deoxys|Magma Storm|[partiallytrapped]|[silent]
|upkeep
|turn|6
|
|t:|1776036342
|switch|p2a: Ursaluna|Ursaluna, M|100/100
|move|p1a: Garganacl|Iron Defense|p1a: Garganacl
|-boost|p1a: Garganacl|def|2
|
|-fieldend|move: Trick Room
|-status|p2a: Ursaluna|brn|[from] item: Flame Orb
|upkeep
|turn|7
|
|t:|1776036355
|-terastallize|p1a: Garganacl|Ghost
|move|p2a: Ursaluna|Bulk Up|p2a: Ursaluna
|-boost|p2a: Ursaluna|atk|1
|-boost|p2a: Ursaluna|def|1
|move|p1a: Garganacl|Iron Defense|p1a: Garganacl
|-boost|p1a: Garganacl|def|2
|
|-damage|p2a: Ursaluna|94/100 brn|[from] brn
|upkeep
|turn|8
|
|t:|1776036364
|move|p2a: Ursaluna|Bulk Up|p2a: Ursaluna
|-boost|p2a: Ursaluna|atk|1
|-boost|p2a: Ursaluna|def|1
|move|p1a: Garganacl|Body Press|p2a: Ursaluna
|-supereffective|p2a: Ursaluna
|-damage|p2a: Ursaluna|66/100 brn
|
|-damage|p2a: Ursaluna|60/100 brn|[from] brn
|upkeep
|turn|9
|
|t:|1776036375
|move|p2a: Ursaluna|Bulk Up|p2a: Ursaluna
|-boost|p2a: Ursaluna|atk|1
|-boost|p2a: Ursaluna|def|1
|move|p1a: Garganacl|Body Press|p2a: Ursaluna
|-supereffective|p2a: Ursaluna
|-damage|p2a: Ursaluna|35/100 brn
|
|-damage|p2a: Ursaluna|29/100 brn|[from] brn
|-sideend|p2: OOOMMM|move: Light Screen
|upkeep
|turn|10
|
|t:|1776036387
|move|p2a: Ursaluna|Shadow Claw|p1a: Garganacl
|-supereffective|p1a: Garganacl
|-damage|p1a: Garganacl|83/100
|move|p1a: Garganacl|Body Press|p2a: Ursaluna
|-supereffective|p2a: Ursaluna
|-damage|p2a: Ursaluna|5/100 brn
|
|-heal|p1a: Garganacl|89/100|[from] item: Leftovers
|-damage|p2a: Ursaluna|0 fnt|[from] brn
|faint|p2a: Ursaluna
|-sideend|p2: OOOMMM|Reflect
|upkeep
|inactive|Battle timer is ON: inactive players will automatically lose when time's up. (requested by chicoronaldo)
|
|t:|1776036419
|switch|p2a: Iron Moth|Iron Moth|100/100
|-enditem|p2a: Iron Moth|Booster Energy
|-activate|p2a: Iron Moth|ability: Quark Drive|[fromitem]
|-start|p2a: Iron Moth|quarkdrivespa
|turn|11
|
|t:|1776036434
|move|p2a: Iron Moth|Fiery Dance|p1a: Garganacl
|-damage|p1a: Garganacl|35/100
|-boost|p2a: Iron Moth|spa|1
|move|p1a: Garganacl|Salt Cure|p2a: Iron Moth
|-supereffective|p2a: Iron Moth
|-damage|p2a: Iron Moth|54/100
|-start|p2a: Iron Moth|Salt Cure
|
|-heal|p1a: Garganacl|42/100|[from] item: Leftovers
|-damage|p2a: Iron Moth|42/100|[from] Salt Cure
|upkeep
|turn|12
|
|t:|1776036444
|switch|p1a: Tyranitar|Tyranitar, M, shiny|100/100
|-damage|p1a: Tyranitar|88/100|[from] Stealth Rock
|-weather|Sandstorm|[from] ability: Sand Stream|[of] p1a: Tyranitar
|move|p2a: Iron Moth|Fiery Dance|p1a: Tyranitar
|-resisted|p1a: Tyranitar
|-damage|p1a: Tyranitar|70/100
|
|-weather|Sandstorm|[upkeep]
|-damage|p2a: Iron Moth|36/100|[from] Sandstorm
|-heal|p1a: Tyranitar|76/100|[from] item: Leftovers
|-damage|p2a: Iron Moth|23/100|[from] Salt Cure
|upkeep
|turn|13
|
|t:|1776036466
|move|p2a: Iron Moth|Energy Ball|p1a: Tyranitar
|-supereffective|p1a: Tyranitar
|-damage|p1a: Tyranitar|23/100
|-unboost|p1a: Tyranitar|spd|1
|move|p1a: Tyranitar|Knock Off|p2a: Iron Moth
|-damage|p2a: Iron Moth|0 fnt
|faint|p2a: Iron Moth
|-end|p2a: Iron Moth|Quark Drive|[silent]
|
|-weather|Sandstorm|[upkeep]
|-heal|p1a: Tyranitar|29/100|[from] item: Leftovers
|upkeep
|inactive|OOOMMM has 120 seconds left.
|
|t:|1776036486
|switch|p2a: Deoxys|Deoxys-Speed|58/100 par
|-ability|p2a: Deoxys|Pressure
|turn|14
|
|t:|1776036494
|switch|p1a: Hatterene|Hatterene, F|100/100
|-damage|p1a: Hatterene|88/100|[from] Stealth Rock
|move|p2a: Deoxys|Reflect|p2a: Deoxys
|-sidestart|p2: OOOMMM|Reflect
|
|-weather|Sandstorm|[upkeep]
|-damage|p2a: Deoxys|52/100 par|[from] Sandstorm
|-damage|p1a: Hatterene|82/100|[from] Sandstorm
|-heal|p1a: Hatterene|88/100|[from] item: Leftovers
|upkeep
|turn|15
|
|t:|1776036515
|cant|p2a: Deoxys|par
|move|p1a: Hatterene|Trick Room|p1a: Hatterene
|-fieldstart|move: Trick Room|[of] p1a: Hatterene
|
|-weather|Sandstorm|[upkeep]
|-damage|p1a: Hatterene|82/100|[from] Sandstorm
|-damage|p2a: Deoxys|46/100 par|[from] Sandstorm
|-heal|p1a: Hatterene|88/100|[from] item: Leftovers
|upkeep
|turn|16
|inactive|OOOMMM has 120 seconds left.
|
|t:|1776036535
|move|p1a: Hatterene|Dazzling Gleam|p2a: Deoxys
|-damage|p2a: Deoxys|0 fnt
|faint|p2a: Deoxys
|
|-weather|none
|-heal|p1a: Hatterene|94/100|[from] item: Leftovers
|upkeep
|
|t:|1776036544
|switch|p2a: Gholdengo|Gholdengo|100/100
|turn|17
|inactive|OOOMMM has 120 seconds left.
|
|t:|1776036569
|move|p1a: Hatterene|Healing Wish|p1a: Hatterene
|faint|p1a: Hatterene
|move|p2a: Gholdengo|Shadow Ball|p1: Hatterene|[notarget]
|-fail|p2a: Gholdengo
|
|upkeep
|
|t:|1776036573
|switch|p1a: Garganacl|Garganacl, M, shiny, tera:Ghost|42/100
|-heal|p1a: Garganacl|100/100|[from] move: Healing Wish
|-damage|p1a: Garganacl|88/100|[from] Stealth Rock
|turn|18
|inactive|OOOMMM has 120 seconds left.
|
|t:|1776036589
|switch|p1a: Tyranitar|Tyranitar, M, shiny|29/100
|-damage|p1a: Tyranitar|16/100|[from] Stealth Rock
|-weather|Sandstorm|[from] ability: Sand Stream|[of] p1a: Tyranitar
|move|p2a: Gholdengo|Shadow Ball|p1a: Tyranitar
|-resisted|p1a: Tyranitar
|-damage|p1a: Tyranitar|8/100
|
|-weather|Sandstorm|[upkeep]
|-heal|p1a: Tyranitar|14/100|[from] item: Leftovers
|upkeep
|turn|19
|inactive|OOOMMM has 120 seconds left.
|
|t:|1776036607
|switch|p2a: Iron Valiant|Iron Valiant|100/100
|-enditem|p2a: Iron Valiant|Booster Energy
|-activate|p2a: Iron Valiant|ability: Quark Drive|[fromitem]
|-start|p2a: Iron Valiant|quarkdrivespe
|move|p1a: Tyranitar|Knock Off|p2a: Iron Valiant
|-resisted|p2a: Iron Valiant
|-damage|p2a: Iron Valiant|96/100
|
|-weather|Sandstorm|[upkeep]
|-damage|p2a: Iron Valiant|90/100|[from] Sandstorm
|-heal|p1a: Tyranitar|20/100|[from] item: Leftovers
|-fieldend|move: Trick Room
|upkeep
|turn|20
|
|t:|1776036632
|move|p2a: Iron Valiant|Ice Punch|p1a: Tyranitar
|-damage|p1a: Tyranitar|1/100
|-status|p1a: Tyranitar|frz
|cant|p1a: Tyranitar|frz
|
|-weather|Sandstorm|[upkeep]
|-damage|p2a: Iron Valiant|84/100|[from] Sandstorm
|-heal|p1a: Tyranitar|7/100 frz|[from] item: Leftovers
|upkeep
|turn|21
|
|t:|1776036644
|move|p2a: Iron Valiant|Ice Punch|p1a: Tyranitar
|-damage|p1a: Tyranitar|0 fnt
|faint|p1a: Tyranitar
|
|-weather|Sandstorm|[upkeep]
|-damage|p2a: Iron Valiant|78/100|[from] Sandstorm
|-sideend|p2: OOOMMM|Reflect
|upkeep
|inactive|chicoronaldo has 120 seconds left.
|
|t:|1776036680
|switch|p1a: Garganacl|Garganacl, M, shiny, tera:Ghost|88/100
|-damage|p1a: Garganacl|76/100|[from] Stealth Rock
|turn|22
|inactive|chicoronaldo has 120 seconds left.
|
|t:|1776036692
|move|p2a: Iron Valiant|Psychic|p1a: Garganacl
|-damage|p1a: Garganacl|56/100
|move|p1a: Garganacl|Salt Cure|p2a: Iron Valiant
|-resisted|p2a: Iron Valiant
|-damage|p2a: Iron Valiant|68/100
|-start|p2a: Iron Valiant|Salt Cure
|
|-weather|none
|-heal|p1a: Garganacl|62/100|[from] item: Leftovers
|-damage|p2a: Iron Valiant|56/100|[from] Salt Cure
|upkeep
|turn|23
|inactive|OOOMMM has 90 seconds left.
|
|t:|1776036718
|move|p2a: Iron Valiant|Ice Punch|p1a: Garganacl
|-damage|p1a: Garganacl|49/100
|move|p1a: Garganacl|Salt Cure|p2a: Iron Valiant
|-resisted|p2a: Iron Valiant
|-damage|p2a: Iron Valiant|47/100
|
|-heal|p1a: Garganacl|55/100|[from] item: Leftovers
|-damage|p2a: Iron Valiant|34/100|[from] Salt Cure
|upkeep
|turn|24
|inactive|OOOMMM has 90 seconds left.
|
|t:|1776036729
|move|p2a: Iron Valiant|Psychic|p1a: Garganacl
|-damage|p1a: Garganacl|36/100
|move|p1a: Garganacl|Recover|p1a: Garganacl
|-heal|p1a: Garganacl|86/100
|
|-heal|p1a: Garganacl|92/100|[from] item: Leftovers
|-damage|p2a: Iron Valiant|22/100|[from] Salt Cure
|upkeep
|turn|25
|inactive|OOOMMM has 90 seconds left.
|
|t:|1776036740
|move|p2a: Iron Valiant|Ice Punch|p1a: Garganacl
|-damage|p1a: Garganacl|78/100
|move|p1a: Garganacl|Salt Cure|p2a: Iron Valiant
|-resisted|p2a: Iron Valiant
|-damage|p2a: Iron Valiant|14/100
|
|-heal|p1a: Garganacl|84/100|[from] item: Leftovers
|-damage|p2a: Iron Valiant|1/100|[from] Salt Cure
|upkeep
|turn|26
|inactive|OOOMMM has 90 seconds left.
|
|t:|1776036746
|move|p2a: Iron Valiant|Ice Punch|p1a: Garganacl
|-damage|p1a: Garganacl|71/100
|move|p1a: Garganacl|Recover|p1a: Garganacl
|-heal|p1a: Garganacl|100/100
|
|-damage|p2a: Iron Valiant|0 fnt|[from] Salt Cure
|faint|p2a: Iron Valiant
|-end|p2a: Iron Valiant|Quark Drive|[silent]
|upkeep
|
|t:|1776036750
|switch|p2a: Dragonite|Dragonite, M|100/100
|turn|27
|inactive|OOOMMM has 90 seconds left.
|
|t:|1776036769
|switch|p2a: Gholdengo|Gholdengo|100/100
|move|p1a: Garganacl|Salt Cure|p2a: Gholdengo
|-resisted|p2a: Gholdengo
|-damage|p2a: Gholdengo|92/100
|-start|p2a: Gholdengo|Salt Cure
|
|-damage|p2a: Gholdengo|67/100|[from] Salt Cure
|upkeep
|turn|28
|
|t:|1776036783
|move|p2a: Gholdengo|Shadow Ball|p1a: Garganacl
|-supereffective|p1a: Garganacl
|-damage|p1a: Garganacl|66/100
|move|p1a: Garganacl|Recover|p1a: Garganacl
|-heal|p1a: Garganacl|100/100
|
|-damage|p2a: Gholdengo|42/100|[from] Salt Cure
|upkeep
|turn|29
|
|t:|1776036793
|move|p2a: Gholdengo|Shadow Ball|p1a: Garganacl
|-supereffective|p1a: Garganacl
|-damage|p1a: Garganacl|64/100
|move|p1a: Garganacl|Salt Cure|p2a: Gholdengo
|-resisted|p2a: Gholdengo
|-damage|p2a: Gholdengo|35/100
|
|-heal|p1a: Garganacl|71/100|[from] item: Leftovers
|-damage|p2a: Gholdengo|10/100|[from] Salt Cure
|upkeep
|turn|30
|
|t:|1776036798
|switch|p2a: Dragonite|Dragonite, M|100/100
|move|p1a: Garganacl|Recover|p1a: Garganacl
|-heal|p1a: Garganacl|100/100
|
|upkeep
|turn|31
|
|t:|1776036805
|-terastallize|p2a: Dragonite|Normal
|move|p2a: Dragonite|Dragon Dance|p2a: Dragonite
|-boost|p2a: Dragonite|atk|1
|-boost|p2a: Dragonite|spe|1
|move|p1a: Garganacl|Salt Cure|p2a: Dragonite
|-damage|p2a: Dragonite|93/100
|-start|p2a: Dragonite|Salt Cure
|
|-damage|p2a: Dragonite|81/100|[from] Salt Cure
|upkeep
|turn|32
|
|t:|1776036818
|move|p2a: Dragonite|Dragon Dance|p2a: Dragonite
|-boost|p2a: Dragonite|atk|1
|-boost|p2a: Dragonite|spe|1
|move|p1a: Garganacl|Iron Defense|p1a: Garganacl
|-boost|p1a: Garganacl|def|2
|
|-damage|p2a: Dragonite|68/100|[from] Salt Cure
|upkeep
|turn|33
|
|t:|1776036823
|move|p2a: Dragonite|Earthquake|p1a: Garganacl
|-damage|p1a: Garganacl|81/100
|move|p1a: Garganacl|Body Press|p2a: Dragonite
|-supereffective|p2a: Dragonite
|-damage|p2a: Dragonite|0 fnt
|faint|p2a: Dragonite
|
|-heal|p1a: Garganacl|88/100|[from] item: Leftovers
|upkeep
|
|t:|1776036827
|switch|p2a: Gholdengo|Gholdengo|10/100
|turn|34
|
|t:|1776036830
|move|p2a: Gholdengo|Shadow Ball|p1a: Garganacl
|-supereffective|p1a: Garganacl
|-damage|p1a: Garganacl|53/100
|move|p1a: Garganacl|Salt Cure|p2a: Gholdengo
|-resisted|p2a: Gholdengo
|-damage|p2a: Gholdengo|2/100
|-start|p2a: Gholdengo|Salt Cure
|
|-heal|p1a: Garganacl|59/100|[from] item: Leftovers
|-damage|p2a: Gholdengo|0 fnt|[from] Salt Cure
|faint|p2a: Gholdengo
|
|win|chicoronaldo
|raw|chicoronaldo's rating: 1105 &rarr; <strong>1130</strong><br />(+25 for winning)
|raw|OOOMMM's rating: 1111 &rarr; <strong>1086</strong><br />(-25 for losing)
|c|☆chicoronaldo|gg
|c|☆OOOMMM|gg
