|html|<div class="broadcast-blue"><strong>[Gen 9] OU is currently suspecting Tera Blast! For information on how to participate check out the <a href="https://www.smogon.com/tools/suspects/view/200">suspect thread</a>.</strong></div>
|j|☆spookyz reqs
|j|☆pepinoloko
|t:|1776085953
|gametype|singles
|player|p1|spookyz reqs|lass-gen4dp|1679
|player|p2|pepinoloko|byron|1739
|gen|9
|tier|[Gen 9] OU
|rated|
|rule|HP Percentage Mod: HP is shown in percentages
|rule|Endless Battle Clause: Forcing endless battles is banned
|rule|Species Clause: Limit one of each Pokémon
|rule|OHKO Clause: OHKO moves are banned
|rule|Evasion Items Clause: Evasion items are banned
|rule|Evasion Moves Clause: Evasion moves are banned
|rule|Evasion Abilities Clause: Evasion abilities are banned
|rule|Sleep Moves Clause: Sleep-inducing moves are banned
|clearpoke
|poke|p1|Kingambit, F|
|poke|p1|Raging Bolt|
|poke|p1|Landorus-Therian, M|
|poke|p1|Cinderace, F|
|poke|p1|Primarina, F|
|poke|p1|Zamazenta-*|
|poke|p2|Salazzle, F|
|poke|p2|Zoroark-Hisui, F|
|poke|p2|Iron Treads|
|poke|p2|Lokix, M|
|poke|p2|Primarina, F|
|poke|p2|Hydrapple, M|
|teampreview
|inactive|Battle timer is ON: inactive players will automatically lose when time's up. (requested by spookyz reqs)
|
|t:|1776085966
|teamsize|p1|6
|teamsize|p2|6
|start
|switch|p1a: Cinderace|Cinderace, F|100/100
|switch|p2a: Forgive|Salazzle, F|100/100
|turn|1
|
|t:|1776085973
|move|p1a: Cinderace|U-turn|p2a: Forgive
|-resisted|p2a: Forgive
|-damage|p2a: Forgive|93/100
|
|t:|1776085976
|switch|p1a: Landorus|Landorus-Therian, M|100/100|[from] U-turn
|-ability|p1a: Landorus|Intimidate|boost
|-unboost|p2a: Forgive|atk|1
|move|p2a: Forgive|Toxic|p1a: Landorus
|-status|p1a: Landorus|tox
|
|-heal|p2a: Forgive|99/100|[from] item: Leftovers
|-damage|p1a: Landorus|94/100 tox|[from] psn
|upkeep
|turn|2
|
|t:|1776085981
|switch|p2a: He loves you|Hydrapple, M|100/100
|move|p1a: Landorus|Stealth Rock|p2a: He loves you
|-sidestart|p2: pepinoloko|move: Stealth Rock
|
|-damage|p1a: Landorus|82/100 tox|[from] psn
|upkeep
|turn|3
|inactive|spookyz reqs has 120 seconds left.
|
|t:|1776086041
|move|p1a: Landorus|U-turn|p2a: He loves you
|-supereffective|p2a: He loves you
|-damage|p2a: He loves you|76/100
|-damage|p1a: Landorus|66/100 tox|[from] item: Rocky Helmet|[of] p2a: He loves you
|
|t:|1776086043
|switch|p1a: Zamazenta|Zamazenta|100/100|[from] U-turn
|-ability|p1a: Zamazenta|Dauntless Shield|boost
|-boost|p1a: Zamazenta|def|1
|move|p2a: He loves you|Giga Drain|p1a: Zamazenta
|-damage|p1a: Zamazenta|73/100
|-heal|p2a: He loves you|87/100|[from] drain|[of] p1a: Zamazenta
|
|upkeep
|turn|4
|
|t:|1776086049
|move|p1a: Zamazenta|Ice Fang|p2a: He loves you
|-supereffective|p2a: He loves you
|-damage|p2a: He loves you|18/100
|-status|p2a: He loves you|frz
|-damage|p1a: Zamazenta|57/100|[from] item: Rocky Helmet|[of] p2a: He loves you
|-damage|p1a: Zamazenta|47/100|[from] item: Life Orb
|cant|p2a: He loves you|frz
|
|upkeep
|turn|5
|c|☆pepinoloko|):
|inactive|spookyz reqs has 90 seconds left.
|
|t:|1776086080
|switch|p2a: Repent|Lokix, M|100/100
|-damage|p2a: Repent|88/100|[from] Stealth Rock
|move|p1a: Zamazenta|Close Combat|p2a: Repent
|-immune|p2a: Repent
|
|upkeep
|turn|6
|
|t:|1776086086
|switch|p2a: He loves you|Hydrapple, M|51/100 frz
|-damage|p2a: He loves you|39/100 frz|[from] Stealth Rock
|move|p1a: Zamazenta|Crunch|p2a: He loves you
|-damage|p2a: He loves you|21/100 frz
|-damage|p1a: Zamazenta|30/100|[from] item: Rocky Helmet|[of] p2a: He loves you
|-damage|p1a: Zamazenta|20/100|[from] item: Life Orb
|
|upkeep
|turn|7
|
|t:|1776086089
|move|p1a: Zamazenta|Crunch|p2a: He loves you
|-damage|p2a: He loves you|0 fnt
|-damage|p1a: Zamazenta|4/100|[from] item: Rocky Helmet|[of] p2a: He loves you
|faint|p2a: He loves you
|-damage|p1a: Zamazenta|0 fnt|[from] item: Life Orb
|faint|p1a: Zamazenta
|
|upkeep
|inactive|spookyz reqs has 90 seconds left.
|
|t:|1776086112
|switch|p1a: Cinderace|Cinderace, F|100/100
|switch|p2a: Jesus is the way|Iron Treads|100/100
|-damage|p2a: Jesus is the way|97/100|[from] Stealth Rock
|turn|8
|
|t:|1776086116
|-terastallize|p2a: Jesus is the way|Ghost
|move|p1a: Cinderace|Pyro Ball|p2a: Jesus is the way|[miss]
|-miss|p1a: Cinderace|p2a: Jesus is the way
|move|p2a: Jesus is the way|Rapid Spin|p1a: Cinderace
|-damage|p1a: Cinderace|80/100
|-boost|p2a: Jesus is the way|spe|1
|-sideend|p2: pepinoloko|Stealth Rock|[from] move: Rapid Spin|[of] p2a: Jesus is the way
|
|-heal|p2a: Jesus is the way|100/100|[from] item: Leftovers
|upkeep
|turn|9
|
|t:|1776086120
|switch|p1a: Landorus|Landorus-Therian, M|66/100 tox
|-ability|p1a: Landorus|Intimidate|boost
|-unboost|p2a: Jesus is the way|atk|1
|move|p2a: Jesus is the way|Earthquake|p1a: Landorus
|-immune|p1a: Landorus
|
|-damage|p1a: Landorus|60/100 tox|[from] psn
|upkeep
|turn|10
|
|t:|1776086123
|switch|p1a: Cinderace|Cinderace, F|80/100
|move|p2a: Jesus is the way|Stealth Rock|p1a: Cinderace
|-sidestart|p1: spookyz reqs|move: Stealth Rock
|
|upkeep
|turn|11
|
|t:|1776086126
|move|p2a: Jesus is the way|Earthquake|p1a: Cinderace
|-supereffective|p1a: Cinderace
|-damage|p1a: Cinderace|1/100
|move|p1a: Cinderace|Will-O-Wisp|p2a: Jesus is the way|[miss]
|-miss|p1a: Cinderace|p2a: Jesus is the way
|
|upkeep
|turn|12
|
|t:|1776086131
|switch|p1a: Primarina|Primarina, F|100/100
|-damage|p1a: Primarina|88/100|[from] Stealth Rock
|move|p2a: Jesus is the way|Rapid Spin|p1a: Primarina
|-damage|p1a: Primarina|78/100
|-boost|p2a: Jesus is the way|spe|1
|
|-heal|p1a: Primarina|84/100|[from] item: Leftovers
|upkeep
|turn|13
|
|t:|1776086136
|-end|p2a: Jesus is the way|Quark Drive|[silent]
|switch|p2a: Grace still is|Primarina, F|100/100
|move|p1a: Primarina|Calm Mind|p1a: Primarina
|-boost|p1a: Primarina|spa|1
|-boost|p1a: Primarina|spd|1
|
|-heal|p1a: Primarina|90/100|[from] item: Leftovers
|upkeep
|turn|14
|
|t:|1776086140
|move|p1a: Primarina|Substitute|p1a: Primarina
|-start|p1a: Primarina|Substitute
|-damage|p1a: Primarina|65/100
|move|p2a: Grace still is|Flip Turn|p1a: Primarina
|-resisted|p1a: Primarina
|-activate|p1a: Primarina|move: Substitute|[damage]
|
|t:|1776086143
|switch|p2a: Forgive|Salazzle, F|99/100|[from] Flip Turn
|
|-heal|p2a: Forgive|100/100|[from] item: Leftovers
|-heal|p1a: Primarina|71/100|[from] item: Leftovers
|upkeep
|turn|15
|
|t:|1776086153
|move|p2a: Forgive|Encore|p1a: Primarina
|-start|p1a: Primarina|Encore
|move|p1a: Primarina|Substitute|p1a: Primarina
|-fail|p1a: Primarina|move: Substitute
|
|-heal|p1a: Primarina|78/100|[from] item: Leftovers
|upkeep
|turn|16
|
|t:|1776086161
|switch|p2a: Jesus is the way|Iron Treads, tera:Ghost|100/100
|move|p1a: Primarina|Substitute|p1a: Primarina
|-fail|p1a: Primarina|move: Substitute
|
|-heal|p1a: Primarina|84/100|[from] item: Leftovers
|upkeep
|turn|17
|
|t:|1776086163
|move|p2a: Jesus is the way|Earthquake|p1a: Primarina
|-end|p1a: Primarina|Substitute
|move|p1a: Primarina|Substitute|p1a: Primarina
|-start|p1a: Primarina|Substitute
|-damage|p1a: Primarina|59/100
|
|-heal|p1a: Primarina|65/100|[from] item: Leftovers
|-end|p1a: Primarina|Encore
|upkeep
|turn|18
|
|t:|1776086166
|move|p2a: Jesus is the way|Earthquake|p1a: Primarina
|-end|p1a: Primarina|Substitute
|move|p1a: Primarina|Calm Mind|p1a: Primarina
|-boost|p1a: Primarina|spa|1
|-boost|p1a: Primarina|spd|1
|
|-heal|p1a: Primarina|71/100|[from] item: Leftovers
|upkeep
|turn|19
|
|t:|1776086168
|move|p2a: Jesus is the way|Earthquake|p1a: Primarina
|-damage|p1a: Primarina|28/100
|move|p1a: Primarina|Draining Kiss|p2a: Jesus is the way
|-damage|p2a: Jesus is the way|52/100
|-heal|p1a: Primarina|64/100|[from] drain|[of] p2a: Jesus is the way
|
|-heal|p2a: Jesus is the way|58/100|[from] item: Leftovers
|-heal|p1a: Primarina|70/100|[from] item: Leftovers
|upkeep
|turn|20
|
|t:|1776086170
|move|p2a: Jesus is the way|Earthquake|p1a: Primarina
|-damage|p1a: Primarina|33/100
|move|p1a: Primarina|Draining Kiss|p2a: Jesus is the way
|-damage|p2a: Jesus is the way|7/100
|-heal|p1a: Primarina|71/100|[from] drain|[of] p2a: Jesus is the way
|
|-heal|p2a: Jesus is the way|13/100|[from] item: Leftovers
|-heal|p1a: Primarina|78/100|[from] item: Leftovers
|upkeep
|turn|21
|
|t:|1776086173
|move|p2a: Jesus is the way|Earthquake|p1a: Primarina
|-damage|p1a: Primarina|41/100
|move|p1a: Primarina|Draining Kiss|p2a: Jesus is the way
|-damage|p2a: Jesus is the way|0 fnt
|-heal|p1a: Primarina|50/100|[from] drain|[of] p2a: Jesus is the way
|faint|p2a: Jesus is the way
|-end|p2a: Jesus is the way|Quark Drive|[silent]
|
|-heal|p1a: Primarina|56/100|[from] item: Leftovers
|upkeep
|
|t:|1776086176
|switch|p2a: Forgive|Salazzle, F|100/100
|turn|22
|
|t:|1776086183
|move|p2a: Forgive|Encore|p1a: Primarina
|-start|p1a: Primarina|Encore
|move|p1a: Primarina|Draining Kiss|p2a: Forgive
|-resisted|p2a: Forgive
|-damage|p2a: Forgive|83/100
|-heal|p1a: Primarina|69/100|[from] drain|[of] p2a: Forgive
|
|-heal|p2a: Forgive|89/100|[from] item: Leftovers
|-heal|p1a: Primarina|75/100|[from] item: Leftovers
|upkeep
|turn|23
|
|t:|1776086186
|switch|p1a: Landorus|Landorus-Therian, M|60/100 tox
|-damage|p1a: Landorus|47/100 tox|[from] Stealth Rock
|-ability|p1a: Landorus|Intimidate|boost
|-unboost|p2a: Forgive|atk|1
|move|p2a: Forgive|Toxic|p1a: Landorus
|-fail|p1a: Landorus|tox
|
|-heal|p2a: Forgive|95/100|[from] item: Leftovers
|-damage|p1a: Landorus|41/100 tox|[from] psn
|upkeep
|turn|24
|
|t:|1776086190
|move|p2a: Forgive|Substitute|p2a: Forgive
|-start|p2a: Forgive|Substitute
|-damage|p2a: Forgive|71/100
|move|p1a: Landorus|U-turn|p2a: Forgive
|-resisted|p2a: Forgive
|-activate|p2a: Forgive|move: Substitute|[damage]
|
|t:|1776086194
|switch|p1a: Primarina|Primarina, F|75/100|[from] U-turn
|-damage|p1a: Primarina|62/100|[from] Stealth Rock
|
|-heal|p2a: Forgive|77/100|[from] item: Leftovers
|-heal|p1a: Primarina|68/100|[from] item: Leftovers
|upkeep
|turn|25
|
|t:|1776086196
|move|p2a: Forgive|Toxic|p1a: Primarina
|-status|p1a: Primarina|tox
|move|p1a: Primarina|Psychic Noise|p2a: Forgive
|-supereffective|p2a: Forgive
|-damage|p2a: Forgive|0 fnt
|faint|p2a: Forgive
|
|-heal|p1a: Primarina|74/100 tox|[from] item: Leftovers
|-damage|p1a: Primarina|68/100 tox|[from] psn
|upkeep
|
|t:|1776086200
|switch|p2a: Grace still is|Primarina, F|100/100
|turn|26
|
|t:|1776086209
|move|p1a: Primarina|Draining Kiss|p2a: Grace still is
|-damage|p2a: Grace still is|88/100
|-heal|p1a: Primarina|77/100 tox|[from] drain|[of] p2a: Grace still is
|move|p2a: Grace still is|Energy Ball|p1a: Primarina
|-supereffective|p1a: Primarina
|-damage|p1a: Primarina|18/100 tox
|
|-heal|p1a: Primarina|24/100 tox|[from] item: Leftovers
|-damage|p1a: Primarina|12/100 tox|[from] psn
|upkeep
|turn|27
|
|t:|1776086211
|move|p1a: Primarina|Draining Kiss|p2a: Grace still is
|-damage|p2a: Grace still is|75/100
|-heal|p1a: Primarina|21/100 tox|[from] drain|[of] p2a: Grace still is
|move|p2a: Grace still is|Draining Kiss|p1a: Primarina
|-damage|p1a: Primarina|0 fnt
|-heal|p2a: Grace still is|92/100|[from] drain|[of] p1a: Primarina
|faint|p1a: Primarina
|
|upkeep
|
|t:|1776086224
|switch|p1a: Raging Bolt|Raging Bolt|100/100
|-damage|p1a: Raging Bolt|88/100|[from] Stealth Rock
|turn|28
|
|t:|1776086227
|move|p1a: Raging Bolt|Calm Mind|p1a: Raging Bolt
|-boost|p1a: Raging Bolt|spa|1
|-boost|p1a: Raging Bolt|spd|1
|move|p2a: Grace still is|Draining Kiss|p1a: Raging Bolt
|-supereffective|p1a: Raging Bolt
|-damage|p1a: Raging Bolt|52/100
|-heal|p2a: Grace still is|100/100|[from] drain|[of] p1a: Raging Bolt
|
|-heal|p1a: Raging Bolt|58/100|[from] item: Leftovers
|upkeep
|turn|29
|
|t:|1776086229
|move|p1a: Raging Bolt|Thunderbolt|p2a: Grace still is
|-supereffective|p2a: Grace still is
|-damage|p2a: Grace still is|24/100
|move|p2a: Grace still is|Draining Kiss|p1a: Raging Bolt
|-supereffective|p1a: Raging Bolt
|-damage|p1a: Raging Bolt|23/100
|-heal|p2a: Grace still is|57/100|[from] drain|[of] p1a: Raging Bolt
|
|-heal|p1a: Raging Bolt|30/100|[from] item: Leftovers
|upkeep
|turn|30
|
|t:|1776086233
|move|p1a: Raging Bolt|Thunderbolt|p2a: Grace still is
|-supereffective|p2a: Grace still is
|-damage|p2a: Grace still is|0 fnt
|faint|p2a: Grace still is
|
|-heal|p1a: Raging Bolt|36/100|[from] item: Leftovers
|upkeep
|
|t:|1776086235
|switch|p2a: Repent|Lokix, M|100/100
|turn|31
|
|t:|1776086238
|-end|p1a: Raging Bolt|Protosynthesis|[silent]
|switch|p1a: Landorus|Landorus-Therian, M|41/100 tox
|-damage|p1a: Landorus|29/100 tox|[from] Stealth Rock
|-ability|p1a: Landorus|Intimidate|boost
|-unboost|p2a: Repent|atk|1
|move|p2a: Repent|First Impression|p1a: Landorus
|-resisted|p1a: Landorus
|-damage|p1a: Landorus|0 fnt
|-damage|p2a: Repent|84/100|[from] item: Rocky Helmet|[of] p1a: Landorus
|faint|p1a: Landorus
|-damage|p2a: Repent|74/100|[from] item: Life Orb
|
|upkeep
|
|t:|1776086240
|switch|p1a: Cinderace|Cinderace, F|1/100
|turn|32
|
|t:|1776086243
|move|p2a: Repent|Sucker Punch||[still]
|-fail|p2a: Repent
|move|p1a: Cinderace|Court Change|p1a: Cinderace
|-swapsideconditions
|-activate|p1a: Cinderace|move: Court Change
|
|upkeep
|turn|33
|
|t:|1776086245
|move|p2a: Repent|Sucker Punch||[still]
|-fail|p2a: Repent
|move|p1a: Cinderace|Will-O-Wisp|p2a: Repent
|-status|p2a: Repent|brn
|
|-damage|p2a: Repent|68/100 brn|[from] brn
|upkeep
|turn|34
|
|t:|1776086249
|switch|p1a: Raging Bolt|Raging Bolt|36/100
|move|p2a: Repent|Sucker Punch||[still]
|-fail|p2a: Repent
|
|-heal|p1a: Raging Bolt|42/100|[from] item: Leftovers
|-damage|p2a: Repent|62/100 brn|[from] brn
|upkeep
|turn|35
|
|t:|1776086251
|move|p1a: Raging Bolt|Thunderclap|p2a: Repent
|-damage|p2a: Repent|0 fnt
|faint|p2a: Repent
|
|-heal|p1a: Raging Bolt|48/100|[from] item: Leftovers
|upkeep
|-message|pepinoloko forfeited.
|
|win|spookyz reqs
|raw|spookyz reqs's rating: 1718 &rarr; <strong>1739</strong><br />(+21 for winning)
|raw|pepinoloko's rating: 1739 &rarr; <strong>1718</strong><br />(-21 for losing)
|l|☆pepinoloko
|player|p2|
|l|☆spookyz reqs
|player|p1|
