|html|<div class="broadcast-blue"><strong>[Gen 9] OU is currently suspecting Tera Blast! For information on how to participate check out the <a href="https://www.smogon.com/tools/suspects/view/200">suspect thread</a>.</strong></div>
|j|☆redcted
|j|☆lmfao6969
|t:|1776080639
|gametype|singles
|player|p1|redcted|265|1366
|player|p2|lmfao6969|cynthia|1339
|gen|9
|tier|[Gen 9] OU
|rated|
|rule|HP Percentage Mod: HP is shown in percentages
|rule|Endless Battle Clause: Forcing endless battles is banned
|rule|Species Clause: Limit one of each Pokémon
|rule|OHKO Clause: OHKO moves are banned
|rule|Evasion Items Clause: Evasion items are banned
|rule|Evasion Moves Clause: Evasion moves are banned
|rule|Evasion Abilities Clause: Evasion abilities are banned
|rule|Sleep Moves Clause: Sleep-inducing moves are banned
|clearpoke
|poke|p1|Breloom, F|
|poke|p1|Weezing-Galar, F|
|poke|p1|Heatran, M|
|poke|p1|Gliscor, M|
|poke|p1|Gholdengo|
|poke|p1|Iron Valiant|
|poke|p2|Kingambit, M|
|poke|p2|Dragonite, F|
|poke|p2|Great Tusk|
|poke|p2|Smeargle, F|
|poke|p2|Iron Moth|
|poke|p2|Darkrai|
|teampreview
|inactive|Battle timer is ON: inactive players will automatically lose when time's up. (requested by lmfao6969)
|
|t:|1776080656
|teamsize|p1|6
|teamsize|p2|6
|start
|switch|p1a: Heatran|Heatran, M|100/100
|switch|p2a: Smeargle|Smeargle, F|100/100
|turn|1
|
|t:|1776080662
|move|p2a: Smeargle|Sticky Web|p1a: Heatran
|-sidestart|p1: redcted|move: Sticky Web
|move|p1a: Heatran|Magma Storm|p2a: Smeargle|[miss]
|-miss|p1a: Heatran|p2a: Smeargle
|
|upkeep
|turn|2
|
|t:|1776080667
|move|p2a: Smeargle|Stealth Rock|p1a: Heatran
|-sidestart|p1: redcted|move: Stealth Rock
|move|p1a: Heatran|Magma Storm|p2a: Smeargle|[miss]
|-miss|p1a: Heatran|p2a: Smeargle
|
|upkeep
|turn|3
|
|t:|1776080671
|move|p2a: Smeargle|Thunder Wave|p1a: Heatran
|-status|p1a: Heatran|par
|move|p1a: Heatran|Stealth Rock|p2a: Smeargle
|-sidestart|p2: lmfao6969|move: Stealth Rock
|
|upkeep
|turn|4
|
|t:|1776080675
|move|p2a: Smeargle|Super Fang|p1a: Heatran
|-damage|p1a: Heatran|51/100 par
|move|p1a: Heatran|Magma Storm|p2a: Smeargle
|-damage|p2a: Smeargle|12/100
|-activate|p2a: Smeargle|move: Magma Storm|[of] p1a: Heatran
|
|-heal|p1a: Heatran|57/100 par|[from] item: Leftovers
|-damage|p2a: Smeargle|0 fnt|[from] move: Magma Storm|[partiallytrapped]
|faint|p2a: Smeargle
|upkeep
|inactive|lmfao6969 has 120 seconds left.
|
|t:|1776080717
|switch|p2a: Great Tusk|Great Tusk|100/100
|turn|5
|
|t:|1776080720
|switch|p1a: Weezing|Weezing-Galar, F|100/100
|-damage|p1a: Weezing|88/100|[from] Stealth Rock
|move|p2a: Great Tusk|Rapid Spin|p1a: Weezing
|-damage|p1a: Weezing|77/100
|-boost|p2a: Great Tusk|spe|1
|-damage|p2a: Great Tusk|84/100|[from] item: Rocky Helmet|[of] p1a: Weezing
|-sideend|p2: lmfao6969|Stealth Rock|[from] move: Rapid Spin|[of] p2a: Great Tusk
|
|upkeep
|turn|6
|inactive|lmfao6969 has 120 seconds left.
|
|t:|1776080738
|move|p2a: Great Tusk|Knock Off|p1a: Weezing
|-resisted|p1a: Weezing
|-damage|p1a: Weezing|66/100
|-damage|p2a: Great Tusk|68/100|[from] item: Rocky Helmet|[of] p1a: Weezing
|-enditem|p1a: Weezing|Rocky Helmet|[from] move: Knock Off|[of] p2a: Great Tusk
|move|p1a: Weezing|Defog|p2a: Great Tusk
|-unboost|p2a: Great Tusk|evasion|1
|-sideend|p1: redcted|Stealth Rock|[from] move: Defog|[of] p1a: Weezing
|-sideend|p1: redcted|Sticky Web|[from] move: Defog|[of] p1a: Weezing
|
|upkeep
|turn|7
|
|t:|1776080748
|-end|p2a: Great Tusk|Protosynthesis|[silent]
|switch|p2a: Iron Moth|Iron Moth|100/100
|-enditem|p2a: Iron Moth|Booster Energy
|-activate|p2a: Iron Moth|ability: Quark Drive|[fromitem]
|-start|p2a: Iron Moth|quarkdrivespe
|move|p1a: Weezing|Strange Steam|p2a: Iron Moth
|-resisted|p2a: Iron Moth
|-damage|p2a: Iron Moth|94/100
|
|upkeep
|turn|8
|
|t:|1776080753
|switch|p1a: Heatran|Heatran, M|57/100 par
|move|p2a: Iron Moth|Sludge Wave|p1a: Heatran
|-immune|p1a: Heatran
|
|-heal|p1a: Heatran|63/100 par|[from] item: Leftovers
|upkeep
|turn|9
|
|t:|1776080757
|-terastallize|p2a: Iron Moth|Ground
|move|p1a: Heatran|Protect|p1a: Heatran
|-singleturn|p1a: Heatran|Protect
|move|p2a: Iron Moth|Tera Blast|p1a: Heatran|[anim] Tera Blast Ground
|-activate|p1a: Heatran|move: Protect
|
|-heal|p1a: Heatran|69/100 par|[from] item: Leftovers
|upkeep
|turn|10
|
|t:|1776080762
|switch|p1a: Gliscor|Gliscor, M|100/100
|move|p2a: Iron Moth|Tera Blast|p1a: Gliscor|[anim] Tera Blast Ground
|-immune|p1a: Gliscor
|
|-status|p1a: Gliscor|tox|[from] item: Toxic Orb
|upkeep
|turn|11
|
|t:|1776080773
|move|p2a: Iron Moth|Fiery Dance|p1a: Gliscor
|-damage|p1a: Gliscor|64/100 tox
|-boost|p2a: Iron Moth|spa|1
|move|p1a: Gliscor|Earthquake|p2a: Iron Moth
|-damage|p2a: Iron Moth|40/100
|
|-heal|p1a: Gliscor|76/100 tox|[from] ability: Poison Heal
|upkeep
|turn|12
|
|t:|1776080780
|move|p1a: Gliscor|Protect|p1a: Gliscor
|-singleturn|p1a: Gliscor|Protect
|move|p2a: Iron Moth|Fiery Dance|p1a: Gliscor
|-activate|p1a: Gliscor|move: Protect
|
|-heal|p1a: Gliscor|89/100 tox|[from] ability: Poison Heal
|upkeep
|turn|13
|
|t:|1776080783
|move|p2a: Iron Moth|Fiery Dance|p1a: Gliscor
|-damage|p1a: Gliscor|33/100 tox
|move|p1a: Gliscor|Earthquake|p2a: Iron Moth
|-damage|p2a: Iron Moth|0 fnt
|faint|p2a: Iron Moth
|-end|p2a: Iron Moth|Quark Drive|[silent]
|
|-heal|p1a: Gliscor|46/100 tox|[from] ability: Poison Heal
|upkeep
|
|t:|1776080794
|switch|p2a: Darkrai|Darkrai|100/100
|turn|14
|
|t:|1776080802
|move|p1a: Gliscor|Protect|p1a: Gliscor
|-singleturn|p1a: Gliscor|Protect
|move|p2a: Darkrai|Ice Beam|p1a: Gliscor
|-activate|p1a: Gliscor|move: Protect
|
|-heal|p1a: Gliscor|58/100 tox|[from] ability: Poison Heal
|upkeep
|turn|15
|
|t:|1776080807
|switch|p1a: Heatran|Heatran, M|69/100 par
|move|p2a: Darkrai|Ice Beam|p1a: Heatran
|-resisted|p1a: Heatran
|-damage|p1a: Heatran|64/100 par
|
|-heal|p1a: Heatran|70/100 par|[from] item: Leftovers
|upkeep
|turn|16
|
|t:|1776080809
|move|p2a: Darkrai|Focus Blast|p1a: Heatran|[miss]
|-miss|p2a: Darkrai|p1a: Heatran
|-enditem|p2a: Darkrai|Blunder Policy
|-boost|p2a: Darkrai|spe|2
|move|p1a: Heatran|Stealth Rock|p2a: Darkrai
|-sidestart|p2: lmfao6969|move: Stealth Rock
|
|-heal|p1a: Heatran|76/100 par|[from] item: Leftovers
|upkeep
|turn|17
|
|t:|1776080821
|switch|p1a: Gholdengo|Gholdengo|100/100
|-item|p1a: Gholdengo|Air Balloon
|move|p2a: Darkrai|Taunt|p1a: Gholdengo
|-immune|p1a: Gholdengo|[from] ability: Good as Gold
|
|upkeep
|turn|18
|
|t:|1776080836
|-terastallize|p1a: Gholdengo|Fairy
|move|p2a: Darkrai|Dark Pulse|p1a: Gholdengo
|-resisted|p1a: Gholdengo
|-damage|p1a: Gholdengo|80/100
|-enditem|p1a: Gholdengo|Air Balloon
|move|p1a: Gholdengo|Thunder Wave|p2a: Darkrai
|-status|p2a: Darkrai|par
|
|upkeep
|turn|19
|inactive|lmfao6969 has 120 seconds left.
|
|t:|1776080867
|switch|p1a: Gliscor|Gliscor, M|58/100 tox
|move|p2a: Darkrai|Focus Blast|p1a: Gliscor
|-resisted|p1a: Gliscor
|-damage|p1a: Gliscor|40/100 tox
|
|-heal|p1a: Gliscor|52/100 tox|[from] ability: Poison Heal
|upkeep
|turn|20
|
|t:|1776080872
|move|p1a: Gliscor|Protect|p1a: Gliscor
|-singleturn|p1a: Gliscor|Protect
|move|p2a: Darkrai|Ice Beam|p1a: Gliscor
|-activate|p1a: Gliscor|move: Protect
|
|-heal|p1a: Gliscor|65/100 tox|[from] ability: Poison Heal
|upkeep
|turn|21
|
|t:|1776080878
|switch|p1a: Heatran|Heatran, M|76/100 par
|move|p2a: Darkrai|Ice Beam|p1a: Heatran
|-resisted|p1a: Heatran
|-crit|p1a: Heatran
|-damage|p1a: Heatran|69/100 par
|
|-heal|p1a: Heatran|75/100 par|[from] item: Leftovers
|upkeep
|turn|22
|
|t:|1776080884
|move|p2a: Darkrai|Focus Blast|p1a: Heatran|[miss]
|-miss|p2a: Darkrai|p1a: Heatran
|move|p1a: Heatran|Magma Storm|p2a: Darkrai
|-damage|p2a: Darkrai|46/100 par
|-activate|p2a: Darkrai|move: Magma Storm|[of] p1a: Heatran
|
|-heal|p1a: Heatran|82/100 par|[from] item: Leftovers
|-damage|p2a: Darkrai|33/100 par|[from] move: Magma Storm|[partiallytrapped]
|upkeep
|turn|23
|
|t:|1776080891
|cant|p1a: Heatran|par
|cant|p2a: Darkrai|par
|
|-heal|p1a: Heatran|88/100 par|[from] item: Leftovers
|-damage|p2a: Darkrai|21/100 par|[from] move: Magma Storm|[partiallytrapped]
|upkeep
|turn|24
|
|t:|1776080894
|cant|p1a: Heatran|par
|move|p2a: Darkrai|Taunt|p1a: Heatran
|-start|p1a: Heatran|move: Taunt
|
|-heal|p1a: Heatran|94/100 par|[from] item: Leftovers
|-damage|p2a: Darkrai|8/100 par|[from] move: Magma Storm|[partiallytrapped]
|upkeep
|turn|25
|
|t:|1776080899
|cant|p2a: Darkrai|par
|move|p1a: Heatran|Earth Power|p2a: Darkrai
|-damage|p2a: Darkrai|0 fnt
|faint|p2a: Darkrai
|
|-heal|p1a: Heatran|99/100 par|[from] item: Leftovers
|upkeep
|
|t:|1776080913
|switch|p2a: Kingambit|Kingambit, M|100/100
|-damage|p2a: Kingambit|94/100|[from] Stealth Rock
|-activate|p2a: Kingambit|ability: Supreme Overlord
|-start|p2a: Kingambit|fallen3|[silent]
|turn|26
|
|t:|1776080918
|switch|p1a: Iron Valiant|Iron Valiant|100/100
|-enditem|p1a: Iron Valiant|Booster Energy
|-activate|p1a: Iron Valiant|ability: Quark Drive|[fromitem]
|-start|p1a: Iron Valiant|quarkdrivespe
|move|p2a: Kingambit|Swords Dance|p2a: Kingambit
|-boost|p2a: Kingambit|atk|2
|
|upkeep
|turn|27
|
|t:|1776080928
|move|p1a: Iron Valiant|Close Combat|p2a: Kingambit
|-supereffective|p2a: Kingambit
|-damage|p2a: Kingambit|0 fnt
|-unboost|p1a: Iron Valiant|def|1
|-unboost|p1a: Iron Valiant|spd|1
|faint|p2a: Kingambit
|-end|p2a: Kingambit|fallen3|[silent]
|
|upkeep
|
|t:|1776080933
|switch|p2a: Dragonite|Dragonite, F, shiny|100/100
|-damage|p2a: Dragonite|76/100|[from] Stealth Rock
|turn|28
|
|t:|1776080935
|move|p1a: Iron Valiant|Moonblast|p2a: Dragonite
|-supereffective|p2a: Dragonite
|-damage|p2a: Dragonite|0 fnt
|faint|p2a: Dragonite
|
|upkeep
|-message|lmfao6969 forfeited.
|
|win|redcted
|raw|redcted's rating: 1366 &rarr; <strong>1384</strong><br />(+18 for winning)
|raw|lmfao6969's rating: 1339 &rarr; <strong>1321</strong><br />(-18 for losing)
|l|☆lmfao6969
|player|p2|
