|html|<div class="broadcast-blue"><strong>[Gen 9] OU is currently suspecting Tera Blast! For information on how to participate check out the <a href="https://www.smogon.com/tools/suspects/view/200">suspect thread</a>.</strong></div>
|j|☆TASIGUR77
|j|☆rujjtrainer
|t:|1776235068
|gametype|singles
|player|p1|TASIGUR77|n|1220
|player|p2|rujjtrainer|twins-gen4dp|1162
|gen|9
|tier|[Gen 9] OU
|rated|
|rule|HP Percentage Mod: HP is shown in percentages
|rule|Endless Battle Clause: Forcing endless battles is banned
|rule|Species Clause: Limit one of each Pokémon
|rule|OHKO Clause: OHKO moves are banned
|rule|Evasion Items Clause: Evasion items are banned
|rule|Evasion Moves Clause: Evasion moves are banned
|rule|Evasion Abilities Clause: Evasion abilities are banned
|rule|Sleep Moves Clause: Sleep-inducing moves are banned
|clearpoke
|poke|p1|Samurott-Hisui, M|
|poke|p1|Iron Moth|
|poke|p1|Toxapex, F|
|poke|p1|Wo-Chien|
|poke|p1|Dragapult, F|
|poke|p1|Glimmora, M|
|poke|p2|Arcanine-Hisui, M|
|poke|p2|Toxtricity, M|
|poke|p2|Scizor, M|
|poke|p2|Lucario, M|
|poke|p2|Sinistcha-Masterpiece|
|poke|p2|Quaquaval, M|
|teampreview
|inactive|Battle timer is ON: inactive players will automatically lose when time's up. (requested by rujjtrainer)
|
|t:|1776235078
|teamsize|p1|6
|teamsize|p2|6
|start
|switch|p1a: Samurott|Samurott-Hisui, M|100/100
|switch|p2a: Scizor|Scizor, M|100/100
|turn|1
|
|t:|1776235084
|move|p1a: Samurott|Ceaseless Edge|p2a: Scizor
|-damage|p2a: Scizor|43/100
|-sidestart|p2: rujjtrainer|Spikes
|move|p2a: Scizor|Bug Bite|p1a: Samurott
|-supereffective|p1a: Samurott
|-damage|p1a: Samurott|0 fnt
|faint|p1a: Samurott
|-damage|p2a: Scizor|33/100|[from] item: Life Orb
|
|upkeep
|
|t:|1776235098
|switch|p1a: Iron Moth|Iron Moth|100/100
|-enditem|p1a: Iron Moth|Booster Energy
|-activate|p1a: Iron Moth|ability: Quark Drive|[fromitem]
|-start|p1a: Iron Moth|quarkdrivespa
|turn|2
|
|t:|1776235103
|move|p2a: Scizor|Bullet Punch|p1a: Iron Moth
|-resisted|p1a: Iron Moth
|-damage|p1a: Iron Moth|62/100
|-damage|p2a: Scizor|23/100|[from] item: Life Orb
|move|p1a: Iron Moth|Flamethrower|p2a: Scizor
|-supereffective|p2a: Scizor
|-damage|p2a: Scizor|0 fnt
|faint|p2a: Scizor
|
|upkeep
|
|t:|1776235117
|switch|p2a: Sinistcha|Sinistcha-Masterpiece|100/100
|-damage|p2a: Sinistcha|88/100|[from] Spikes
|turn|3
|
|t:|1776235123
|-terastallize|p2a: Sinistcha|Water
|move|p1a: Iron Moth|Sludge Wave|p2a: Sinistcha
|-damage|p2a: Sinistcha|11/100
|-status|p2a: Sinistcha|psn
|move|p2a: Sinistcha|Scald|p1a: Iron Moth
|-supereffective|p1a: Iron Moth
|-damage|p1a: Iron Moth|0 fnt
|faint|p1a: Iron Moth
|-end|p1a: Iron Moth|Quark Drive|[silent]
|
|-damage|p2a: Sinistcha|0 fnt|[from] psn
|faint|p2a: Sinistcha
|upkeep
|
|t:|1776235140
|switch|p1a: Glimmora|Glimmora, M|100/100
|switch|p2a: Lucario|Lucario, M|100/100
|-damage|p2a: Lucario|88/100|[from] Spikes
|turn|4
|
|t:|1776235148
|move|p2a: Lucario|Flash Cannon|p1a: Glimmora
|-supereffective|p1a: Glimmora
|-damage|p1a: Glimmora|0 fnt
|faint|p1a: Glimmora
|
|upkeep
|
|t:|1776235154
|switch|p1a: Wo-Chien|Wo-Chien|100/100
|-ability|p1a: Wo-Chien|Tablets of Ruin
|turn|5
|
|t:|1776235159
|move|p2a: Lucario|Aura Sphere|p1a: Wo-Chien
|-supereffective|p1a: Wo-Chien
|-damage|p1a: Wo-Chien|57/100
|move|p1a: Wo-Chien|Ruination|p2a: Lucario
|-damage|p2a: Lucario|44/100
|
|upkeep
|turn|6
|
|t:|1776235167
|move|p2a: Lucario|Aura Sphere|p1a: Wo-Chien
|-supereffective|p1a: Wo-Chien
|-damage|p1a: Wo-Chien|13/100
|move|p1a: Wo-Chien|Knock Off|p2a: Lucario
|-resisted|p2a: Lucario
|-damage|p2a: Lucario|19/100
|-enditem|p2a: Lucario|Wise Glasses|[from] move: Knock Off|[of] p1a: Wo-Chien
|
|upkeep
|turn|7
|
|t:|1776235177
|move|p1a: Wo-Chien|Protect|p1a: Wo-Chien
|-singleturn|p1a: Wo-Chien|Protect
|move|p2a: Lucario|Aura Sphere|p1a: Wo-Chien
|-activate|p1a: Wo-Chien|move: Protect
|
|upkeep
|turn|8
|
|t:|1776235184
|switch|p1a: Dragapult|Dragapult, F|100/100
|move|p2a: Lucario|Flash Cannon|p1a: Dragapult
|-damage|p1a: Dragapult|52/100
|
|upkeep
|turn|9
|
|t:|1776235189
|move|p1a: Dragapult|Dragon Darts|p2a: Lucario
|-resisted|p2a: Lucario
|-damage|p2a: Lucario|0 fnt
|faint|p2a: Lucario
|-damage|p1a: Dragapult|42/100|[from] item: Life Orb
|
|upkeep
|
|t:|1776235196
|switch|p2a: Arcanine|Arcanine-Hisui, M|100/100
|-damage|p2a: Arcanine|88/100|[from] Spikes
|turn|10
|
|t:|1776235213
|-terastallize|p1a: Dragapult|Dragon
|move|p1a: Dragapult|Dragon Darts|p2a: Arcanine
|-damage|p2a: Arcanine|26/100
|-anim|p1a: Dragapult|Dragon Darts|p2a: Arcanine
|-damage|p2a: Arcanine|0 fnt
|faint|p2a: Arcanine
|-damage|p1a: Dragapult|32/100|[from] item: Life Orb
|
|upkeep
|
|t:|1776235221
|switch|p2a: Quaquaval|Quaquaval, M|100/100
|-damage|p2a: Quaquaval|88/100|[from] Spikes
|turn|11
|
|t:|1776235226
|move|p1a: Dragapult|Dragon Darts|p2a: Quaquaval
|-damage|p2a: Quaquaval|31/100
|-anim|p1a: Dragapult|Dragon Darts|p2a: Quaquaval
|-damage|p2a: Quaquaval|0 fnt
|faint|p2a: Quaquaval
|-damage|p1a: Dragapult|23/100|[from] item: Life Orb
|
|upkeep
|
|t:|1776235233
|switch|p2a: Toxtricity|Toxtricity, M|100/100
|-damage|p2a: Toxtricity|88/100|[from] Spikes
|turn|12
|
|t:|1776235238
|move|p1a: Dragapult|Dragon Darts|p2a: Toxtricity
|-damage|p2a: Toxtricity|14/100
|-anim|p1a: Dragapult|Dragon Darts|p2a: Toxtricity
|-damage|p2a: Toxtricity|0 fnt
|faint|p2a: Toxtricity
|-damage|p1a: Dragapult|13/100|[from] item: Life Orb
|
|win|TASIGUR77
|raw|TASIGUR77's rating: 1220 &rarr; <strong>1241</strong><br />(+21 for winning)
|raw|rujjtrainer's rating: 1162 &rarr; <strong>1141</strong><br />(-21 for losing)
|c|☆rujjtrainer|gg
