|html|<div class="broadcast-blue"><strong>[Gen 9] OU is currently suspecting Tera Blast! For information on how to participate check out the <a href="https://www.smogon.com/tools/suspects/view/200">suspect thread</a>.</strong></div>
|j|☆Dragonzord6
|j|☆FunnyMonke
|t:|1776106144
|gametype|singles
|player|p1|Dragonzord6|2|1534
|player|p2|FunnyMonke|swimmer-gen4|1551
|gen|9
|tier|[Gen 9] OU
|rated|
|rule|HP Percentage Mod: HP is shown in percentages
|rule|Endless Battle Clause: Forcing endless battles is banned
|rule|Species Clause: Limit one of each Pokémon
|rule|OHKO Clause: OHKO moves are banned
|rule|Evasion Items Clause: Evasion items are banned
|rule|Evasion Moves Clause: Evasion moves are banned
|rule|Evasion Abilities Clause: Evasion abilities are banned
|rule|Sleep Moves Clause: Sleep-inducing moves are banned
|clearpoke
|poke|p1|Pelipper, M|
|poke|p1|Barraskewda, M|
|poke|p1|Kingdra, M|
|poke|p1|Raging Bolt|
|poke|p1|Kingambit, F|
|poke|p1|Zamazenta-*|
|poke|p2|Kingambit, F|
|poke|p2|Deoxys-Speed|
|poke|p2|Great Tusk|
|poke|p2|Dragonite, M|
|poke|p2|Iron Moth|
|poke|p2|Primarina, M|
|teampreview
|inactive|Battle timer is ON: inactive players will automatically lose when time's up. (requested by FunnyMonke)
|
|t:|1776106171
|teamsize|p1|6
|teamsize|p2|6
|start
|switch|p1a: Pelipper|Pelipper, M, shiny|100/100
|switch|p2a: Siren|Primarina, M|100/100
|-weather|RainDance|[from] ability: Drizzle|[of] p1a: Pelipper
|turn|1
|
|t:|1776106178
|switch|p1a: Raging Bolt|Raging Bolt|100/100
|move|p2a: Siren|Moonblast|p1a: Raging Bolt
|-supereffective|p1a: Raging Bolt
|-damage|p1a: Raging Bolt|45/100
|
|-weather|RainDance|[upkeep]
|upkeep
|turn|2
|
|t:|1776106204
|-terastallize|p1a: Raging Bolt|Fairy
|move|p2a: Siren|Moonblast|p1a: Raging Bolt
|-damage|p1a: Raging Bolt|13/100
|move|p1a: Raging Bolt|Thunder|p2a: Siren
|-supereffective|p2a: Siren
|-damage|p2a: Siren|15/100
|
|-weather|RainDance|[upkeep]
|upkeep
|turn|3
|
|t:|1776106215
|move|p1a: Raging Bolt|Thunderclap|p2a: Siren
|-supereffective|p2a: Siren
|-damage|p2a: Siren|0 fnt
|faint|p2a: Siren
|
|-weather|RainDance|[upkeep]
|upkeep
|inactive|FunnyMonke has 120 seconds left.
|
|t:|1776106248
|switch|p2a: Anomaly|Great Tusk|100/100
|-enditem|p2a: Anomaly|Booster Energy
|-activate|p2a: Anomaly|ability: Protosynthesis|[fromitem]
|-start|p2a: Anomaly|protosynthesisatk
|turn|4
|
|t:|1776106255
|move|p2a: Anomaly|Rapid Spin|p1a: Raging Bolt
|-damage|p1a: Raging Bolt|0 fnt
|-boost|p2a: Anomaly|spe|1
|faint|p1a: Raging Bolt
|-end|p1a: Raging Bolt|Protosynthesis|[silent]
|
|-weather|RainDance|[upkeep]
|upkeep
|
|t:|1776106262
|switch|p1a: Kingdra|Kingdra, M, shiny|100/100
|turn|5
|
|t:|1776106287
|-end|p2a: Anomaly|Protosynthesis|[silent]
|switch|p2a: Yoshi|Dragonite, M, shiny|100/100
|move|p1a: Kingdra|Weather Ball|p2a: Yoshi
|-resisted|p2a: Yoshi
|-damage|p2a: Yoshi|75/100
|
|-weather|RainDance|[upkeep]
|upkeep
|turn|6
|
|t:|1776106296
|move|p1a: Kingdra|Weather Ball|p2a: Yoshi
|-resisted|p2a: Yoshi
|-damage|p2a: Yoshi|22/100
|move|p2a: Yoshi|Outrage|p1a: Kingdra
|-supereffective|p1a: Kingdra
|-damage|p1a: Kingdra|0 fnt
|faint|p1a: Kingdra
|
|-weather|RainDance|[upkeep]
|upkeep
|
|t:|1776106307
|switch|p1a: Barraskewda|Barraskewda, M, shiny|100/100
|turn|7
|
|t:|1776106311
|move|p1a: Barraskewda|Liquidation|p2a: Yoshi
|-resisted|p2a: Yoshi
|-damage|p2a: Yoshi|0 fnt
|faint|p2a: Yoshi
|
|-weather|RainDance|[upkeep]
|upkeep
|inactive|FunnyMonke has 90 seconds left.
|inactive|FunnyMonke has 60 seconds left.
|
|t:|1776106372
|switch|p2a: Anomaly|Great Tusk|100/100
|turn|8
|inactive|FunnyMonke has 60 seconds left.
|
|t:|1776106388
|-terastallize|p2a: Anomaly|Steel
|move|p1a: Barraskewda|Liquidation|p2a: Anomaly
|-damage|p2a: Anomaly|26/100
|move|p2a: Anomaly|Rapid Spin|p1a: Barraskewda
|-damage|p1a: Barraskewda|68/100
|-boost|p2a: Anomaly|spe|1
|
|-weather|none
|upkeep
|turn|9
|inactive|FunnyMonke has 60 seconds left.
|
|t:|1776106399
|switch|p1a: Pelipper|Pelipper, M, shiny|100/100
|-weather|RainDance|[from] ability: Drizzle|[of] p1a: Pelipper
|move|p2a: Anomaly|Close Combat|p1a: Pelipper
|-resisted|p1a: Pelipper
|-crit|p1a: Pelipper
|-damage|p1a: Pelipper|47/100
|-unboost|p2a: Anomaly|def|1
|-unboost|p2a: Anomaly|spd|1
|
|-weather|RainDance|[upkeep]
|upkeep
|turn|10
|inactive|FunnyMonke has 60 seconds left.
|
|t:|1776106410
|move|p2a: Anomaly|Close Combat|p1a: Pelipper
|-resisted|p1a: Pelipper
|-damage|p1a: Pelipper|15/100
|-unboost|p2a: Anomaly|def|1
|-unboost|p2a: Anomaly|spd|1
|move|p1a: Pelipper|U-turn|p2a: Anomaly
|-resisted|p2a: Anomaly
|-damage|p2a: Anomaly|20/100
|
|t:|1776106418
|switch|p1a: Barraskewda|Barraskewda, M, shiny|68/100|[from] U-turn
|
|-weather|RainDance|[upkeep]
|upkeep
|turn|11
|
|t:|1776106427
|move|p1a: Barraskewda|Liquidation|p2a: Anomaly
|-damage|p2a: Anomaly|0 fnt
|faint|p2a: Anomaly
|-end|p2a: Anomaly|Protosynthesis|[silent]
|
|-weather|RainDance|[upkeep]
|upkeep
|
|t:|1776106432
|switch|p2a: Meruem|Kingambit, F|100/100
|-activate|p2a: Meruem|ability: Supreme Overlord
|-start|p2a: Meruem|fallen3|[silent]
|turn|12
|inactive|FunnyMonke has 60 seconds left.
|
|t:|1776106466
|switch|p1a: Zamazenta|Zamazenta, shiny|100/100
|-ability|p1a: Zamazenta|Dauntless Shield|boost
|-boost|p1a: Zamazenta|def|1
|move|p2a: Meruem|Kowtow Cleave|p1a: Zamazenta
|-resisted|p1a: Zamazenta
|-damage|p1a: Zamazenta|85/100
|
|-weather|RainDance|[upkeep]
|-heal|p1a: Zamazenta|91/100|[from] item: Leftovers
|upkeep
|turn|13
|inactive|FunnyMonke has 60 seconds left.
|
|t:|1776106477
|-end|p2a: Meruem|fallen3|[silent]
|switch|p2a: Anomаly|Iron Moth|100/100
|-enditem|p2a: Anomаly|Booster Energy
|-activate|p2a: Anomаly|ability: Quark Drive|[fromitem]
|-start|p2a: Anomаly|quarkdrivespe
|move|p1a: Zamazenta|Iron Defense|p1a: Zamazenta
|-boost|p1a: Zamazenta|def|2
|
|-weather|RainDance|[upkeep]
|-heal|p1a: Zamazenta|97/100|[from] item: Leftovers
|upkeep
|turn|14
|
|t:|1776106487
|move|p2a: Anomаly|Sludge Wave|p1a: Zamazenta
|-damage|p1a: Zamazenta|54/100
|move|p1a: Zamazenta|Body Press|p2a: Anomаly
|-resisted|p2a: Anomаly
|-damage|p2a: Anomаly|30/100
|
|-weather|RainDance|[upkeep]
|-heal|p1a: Zamazenta|60/100|[from] item: Leftovers
|upkeep
|turn|15
|inactive|Dragonzord6 has 120 seconds left.
|
|t:|1776106506
|move|p2a: Anomаly|Sludge Wave|p1a: Zamazenta
|-damage|p1a: Zamazenta|18/100
|move|p1a: Zamazenta|Body Press|p2a: Anomаly
|-resisted|p2a: Anomаly
|-damage|p2a: Anomаly|0 fnt
|faint|p2a: Anomаly
|-end|p2a: Anomаly|Quark Drive|[silent]
|
|-weather|RainDance|[upkeep]
|-heal|p1a: Zamazenta|24/100|[from] item: Leftovers
|upkeep
|
|t:|1776106518
|switch|p2a: Moebius|Deoxys-Speed|100/100
|-ability|p2a: Moebius|Pressure
|turn|16
|inactive|Dragonzord6 has 120 seconds left.
|
|t:|1776106535
|switch|p1a: Kingambit|Kingambit, F|100/100
|move|p2a: Moebius|Shadow Ball|p1a: Kingambit
|-resisted|p1a: Kingambit
|-damage|p1a: Kingambit|85/100
|-unboost|p1a: Kingambit|spd|1
|-ability|p1a: Kingambit|Defiant|boost
|-boost|p1a: Kingambit|atk|2
|-damage|p2a: Moebius|91/100|[from] item: Life Orb
|
|-weather|none
|upkeep
|turn|17
|inactive|Dragonzord6 has 120 seconds left.
|
|t:|1776106548
|switch|p2a: Meruem|Kingambit, F|100/100
|-activate|p2a: Meruem|ability: Supreme Overlord
|-start|p2a: Meruem|fallen4|[silent]
|move|p1a: Kingambit|Kowtow Cleave|p2a: Meruem
|-resisted|p2a: Meruem
|-damage|p2a: Meruem|51/100
|
|-heal|p2a: Meruem|57/100|[from] item: Leftovers
|upkeep
|turn|18
|inactive|Dragonzord6 has 120 seconds left.
|
|t:|1776106559
|move|p2a: Meruem|Iron Head|p1a: Kingambit
|-resisted|p1a: Kingambit
|-damage|p1a: Kingambit|61/100
|cant|p1a: Kingambit|flinch
|
|-heal|p2a: Meruem|63/100|[from] item: Leftovers
|upkeep
|turn|19
|
|t:|1776106568
|move|p1a: Kingambit|Sucker Punch|p2a: Meruem
|-resisted|p2a: Meruem
|-damage|p2a: Meruem|24/100
|move|p2a: Meruem|Iron Head|p1a: Kingambit
|-resisted|p1a: Kingambit
|-damage|p1a: Kingambit|37/100
|
|-heal|p2a: Meruem|30/100|[from] item: Leftovers
|upkeep
|turn|20
|
|t:|1776106577
|move|p2a: Meruem|Swords Dance|p2a: Meruem
|-boost|p2a: Meruem|atk|2
|move|p1a: Kingambit|Kowtow Cleave|p2a: Meruem
|-resisted|p2a: Meruem
|-damage|p2a: Meruem|0 fnt
|faint|p2a: Meruem
|-end|p2a: Meruem|fallen4|[silent]
|
|upkeep
|
|t:|1776106581
|switch|p2a: Moebius|Deoxys-Speed|91/100
|-ability|p2a: Moebius|Pressure
|turn|21
|-message|FunnyMonke forfeited.
|
|win|Dragonzord6
|raw|Dragonzord6's rating: 1534 &rarr; <strong>1555</strong><br />(+21 for winning)
|raw|FunnyMonke's rating: 1551 &rarr; <strong>1530</strong><br />(-21 for losing)
|l|☆FunnyMonke
|player|p2|
