|html|<div class="broadcast-blue"><strong>[Gen 9] OU is currently suspecting Tera Blast! For information on how to participate check out the <a href="https://www.smogon.com/tools/suspects/view/200">suspect thread</a>.</strong></div>
|j|☆thrvgc
|j|☆sketchizard
|t:|1776087254
|gametype|singles
|player|p1|thrvgc|chuck|1333
|player|p2|sketchizard|lance|1332
|gen|9
|tier|[Gen 9] OU
|rated|
|rule|HP Percentage Mod: HP is shown in percentages
|rule|Endless Battle Clause: Forcing endless battles is banned
|rule|Species Clause: Limit one of each Pokémon
|rule|OHKO Clause: OHKO moves are banned
|rule|Evasion Items Clause: Evasion items are banned
|rule|Evasion Moves Clause: Evasion moves are banned
|rule|Evasion Abilities Clause: Evasion abilities are banned
|rule|Sleep Moves Clause: Sleep-inducing moves are banned
|clearpoke
|poke|p1|Samurott-Hisui, F|
|poke|p1|Kingambit, M|
|poke|p1|Zapdos|
|poke|p1|Zamazenta-*|
|poke|p1|Great Tusk|
|poke|p1|Ceruledge, M|
|poke|p2|Ursaluna, F|
|poke|p2|Slowbro, F|
|poke|p2|Slowking-Galar, M|
|poke|p2|Braviary-Hisui, M|
|poke|p2|Porygon2|
|poke|p2|Iron Hands|
|teampreview
|inactive|Battle timer is ON: inactive players will automatically lose when time's up. (requested by thrvgc)
|
|t:|1776087278
|teamsize|p1|6
|teamsize|p2|6
|start
|switch|p1a: Samurott|Samurott-Hisui, F|100/100
|switch|p2a: Slowbro|Slowbro, F|100/100
|turn|1
|
|t:|1776087284
|-terastallize|p2a: Slowbro|Fighting
|move|p1a: Samurott|Knock Off|p2a: Slowbro
|-resisted|p2a: Slowbro
|-damage|p2a: Slowbro|86/100
|-enditem|p2a: Slowbro|Leftovers|[from] move: Knock Off|[of] p1a: Samurott
|move|p2a: Slowbro|Trick Room|p2a: Slowbro
|-fieldstart|move: Trick Room|[of] p2a: Slowbro
|
|upkeep
|turn|2
|
|t:|1776087291
|switch|p2a: Iron Hands|Iron Hands|100/100
|-enditem|p2a: Iron Hands|Booster Energy
|-activate|p2a: Iron Hands|ability: Quark Drive|[fromitem]
|-start|p2a: Iron Hands|quarkdriveatk
|move|p1a: Samurott|Ceaseless Edge|p2a: Iron Hands
|-resisted|p2a: Iron Hands
|-damage|p2a: Iron Hands|86/100
|-sidestart|p2: sketchizard|Spikes
|
|upkeep
|turn|3
|
|t:|1776087298
|-terastallize|p1a: Samurott|Ghost
|move|p2a: Iron Hands|Close Combat|p1a: Samurott
|-immune|p1a: Samurott
|move|p1a: Samurott|Ceaseless Edge|p2a: Iron Hands
|-resisted|p2a: Iron Hands
|-damage|p2a: Iron Hands|73/100
|-sidestart|p2: sketchizard|Spikes
|
|upkeep
|turn|4
|
|t:|1776087304
|move|p2a: Iron Hands|Supercell Slam|p1a: Samurott
|-enditem|p1a: Samurott|Focus Sash
|-damage|p1a: Samurott|1/100
|move|p1a: Samurott|Ceaseless Edge|p2a: Iron Hands
|-resisted|p2a: Iron Hands
|-damage|p2a: Iron Hands|61/100
|-sidestart|p2: sketchizard|Spikes
|
|upkeep
|turn|5
|
|t:|1776087310
|move|p1a: Samurott|Aqua Jet|p2a: Iron Hands
|-crit|p2a: Iron Hands
|-damage|p2a: Iron Hands|44/100
|move|p2a: Iron Hands|Ice Punch|p1a: Samurott
|-damage|p1a: Samurott|0 fnt
|faint|p1a: Samurott
|
|-fieldend|move: Trick Room
|upkeep
|
|t:|1776087315
|switch|p1a: Great Tusk|Great Tusk|100/100
|turn|6
|
|t:|1776087319
|-end|p2a: Iron Hands|Quark Drive|[silent]
|switch|p2a: Slowbro|Slowbro, F, tera:Fighting|100/100
|-damage|p2a: Slowbro|76/100|[from] Spikes
|move|p1a: Great Tusk|Stealth Rock|p2a: Slowbro
|-sidestart|p2: sketchizard|move: Stealth Rock
|
|upkeep
|turn|7
|
|t:|1776087326
|move|p1a: Great Tusk|Headlong Rush|p2a: Slowbro
|-damage|p2a: Slowbro|47/100
|-unboost|p1a: Great Tusk|def|1
|-unboost|p1a: Great Tusk|spd|1
|move|p2a: Slowbro|Trick Room|p2a: Slowbro
|-fieldstart|move: Trick Room|[of] p2a: Slowbro
|
|upkeep
|turn|8
|
|t:|1776087333
|-end|p1a: Great Tusk|Protosynthesis|[silent]
|switch|p1a: Zapdos|Zapdos|100/100
|move|p2a: Slowbro|Future Sight|p1a: Zapdos
|-start|p2a: Slowbro|move: Future Sight
|
|upkeep
|turn|9
|
|t:|1776087340
|switch|p2a: Ursaluna|Ursaluna, F|100/100
|-damage|p2a: Ursaluna|76/100|[from] Spikes
|-damage|p2a: Ursaluna|70/100|[from] Stealth Rock
|move|p1a: Zapdos|Hurricane|p2a: Ursaluna
|-damage|p2a: Ursaluna|27/100
|
|-status|p2a: Ursaluna|brn|[from] item: Flame Orb
|upkeep
|turn|10
|
|t:|1776087362
|switch|p1a: Zamazenta|Zamazenta|100/100
|-ability|p1a: Zamazenta|Dauntless Shield|boost
|-boost|p1a: Zamazenta|def|1
|move|p2a: Ursaluna|Headlong Rush|p1a: Zamazenta
|-damage|p1a: Zamazenta|34/100
|-unboost|p2a: Ursaluna|def|1
|-unboost|p2a: Ursaluna|spd|1
|
|-end|p1a: Zamazenta|move: Future Sight
|-supereffective|p1a: Zamazenta
|-damage|p1a: Zamazenta|0 fnt
|faint|p1a: Zamazenta
|-damage|p2a: Ursaluna|21/100 brn|[from] brn
|upkeep
|
|t:|1776087372
|switch|p1a: Ceruledge|Ceruledge, M|100/100
|turn|11
|
|t:|1776087379
|switch|p1a: Zapdos|Zapdos|100/100
|move|p2a: Ursaluna|Rest|p2a: Ursaluna
|-status|p2a: Ursaluna|slp|[from] move: Rest
|-heal|p2a: Ursaluna|100/100 slp|[silent]
|
|-fieldend|move: Trick Room
|upkeep
|turn|12
|
|t:|1776087385
|switch|p2a: Porygon2|Porygon2|100/100
|-damage|p2a: Porygon2|76/100|[from] Spikes
|-damage|p2a: Porygon2|63/100|[from] Stealth Rock
|-ability|p2a: Porygon2|Download|boost
|-boost|p2a: Porygon2|spa|1
|move|p1a: Zapdos|Hurricane|p2a: Porygon2|[miss]
|-miss|p1a: Zapdos|p2a: Porygon2
|
|upkeep
|turn|13
|
|t:|1776087394
|move|p1a: Zapdos|Thunder Wave|p2a: Porygon2|[miss]
|-miss|p1a: Zapdos|p2a: Porygon2
|move|p2a: Porygon2|Trick Room|p2a: Porygon2
|-fieldstart|move: Trick Room|[of] p2a: Porygon2
|
|upkeep
|turn|14
|
|t:|1776087400
|move|p2a: Porygon2|Tri Attack|p1a: Zapdos
|-damage|p1a: Zapdos|57/100
|-status|p1a: Zapdos|brn
|move|p1a: Zapdos|Hurricane|p2a: Porygon2|[miss]
|-miss|p1a: Zapdos|p2a: Porygon2
|
|-damage|p1a: Zapdos|51/100 brn|[from] brn
|upkeep
|turn|15
|
|t:|1776087406
|move|p2a: Porygon2|Recover|p2a: Porygon2
|-heal|p2a: Porygon2|100/100
|move|p1a: Zapdos|Thunder Wave|p2a: Porygon2
|-status|p2a: Porygon2|par
|
|-damage|p1a: Zapdos|45/100 brn|[from] brn
|upkeep
|turn|16
|
|t:|1776087412
|move|p2a: Porygon2|Shadow Ball|p1a: Zapdos
|-damage|p1a: Zapdos|18/100 brn
|move|p1a: Zapdos|Volt Switch|p2a: Porygon2
|-damage|p2a: Porygon2|87/100 par
|
|t:|1776087423
|switch|p1a: Ceruledge|Ceruledge, M|100/100|[from] Volt Switch
|
|upkeep
|turn|17
|
|t:|1776087453
|switch|p1a: Kingambit|Kingambit, M|100/100
|-activate|p1a: Kingambit|ability: Supreme Overlord
|-start|p1a: Kingambit|fallen2|[silent]
|move|p2a: Porygon2|Shadow Ball|p1a: Kingambit
|-resisted|p1a: Kingambit
|-damage|p1a: Kingambit|83/100
|
|-heal|p1a: Kingambit|89/100|[from] item: Leftovers
|-fieldend|move: Trick Room
|upkeep
|turn|18
|
|t:|1776087467
|switch|p2a: Slowbro|Slowbro, F, tera:Fighting|81/100
|-damage|p2a: Slowbro|56/100|[from] Spikes
|-damage|p2a: Slowbro|50/100|[from] Stealth Rock
|move|p1a: Kingambit|Swords Dance|p1a: Kingambit
|-boost|p1a: Kingambit|atk|2
|
|-heal|p1a: Kingambit|96/100|[from] item: Leftovers
|upkeep
|turn|19
|inactive|sketchizard has 120 seconds left.
|inactive|sketchizard has 90 seconds left.
|
|t:|1776087535
|move|p1a: Kingambit|Iron Head|p2a: Slowbro
|-damage|p2a: Slowbro|0 fnt
|faint|p2a: Slowbro
|
|-heal|p1a: Kingambit|100/100|[from] item: Leftovers
|upkeep
|
|t:|1776087553
|switch|p2a: Ursaluna|Ursaluna, F|100/100 slp
|-damage|p2a: Ursaluna|76/100 slp|[from] Spikes
|-damage|p2a: Ursaluna|70/100 slp|[from] Stealth Rock
|turn|20
|
|t:|1776087562
|-end|p1a: Kingambit|fallen2|[silent]
|switch|p1a: Zapdos|Zapdos|18/100 brn
|cant|p2a: Ursaluna|slp
|move|p2a: Ursaluna|Sleep Talk|p2a: Ursaluna
|move|p2a: Ursaluna|Rest||[from] move: Sleep Talk|[still]
|-fail|p2a: Ursaluna
|
|-damage|p1a: Zapdos|12/100 brn|[from] brn
|upkeep
|turn|21
|
|t:|1776087566
|switch|p2a: Porygon2|Porygon2|87/100 par
|-damage|p2a: Porygon2|62/100 par|[from] Spikes
|-damage|p2a: Porygon2|49/100 par|[from] Stealth Rock
|-ability|p2a: Porygon2|Download|boost
|-boost|p2a: Porygon2|spa|1
|move|p1a: Zapdos|Roost|p1a: Zapdos
|-heal|p1a: Zapdos|62/100 brn
|-singleturn|p1a: Zapdos|move: Roost
|
|-damage|p1a: Zapdos|56/100 brn|[from] brn
|upkeep
|turn|22
|
|t:|1776087575
|move|p1a: Zapdos|Roost|p1a: Zapdos
|-heal|p1a: Zapdos|100/100 brn
|-singleturn|p1a: Zapdos|move: Roost
|move|p2a: Porygon2|Trick Room|p2a: Porygon2
|-fieldstart|move: Trick Room|[of] p2a: Porygon2
|
|-damage|p1a: Zapdos|94/100 brn|[from] brn
|upkeep
|turn|23
|
|t:|1776087581
|move|p2a: Porygon2|Recover|p2a: Porygon2
|-heal|p2a: Porygon2|99/100 par
|move|p1a: Zapdos|Hurricane|p2a: Porygon2|[miss]
|-miss|p1a: Zapdos|p2a: Porygon2
|
|-damage|p1a: Zapdos|88/100 brn|[from] brn
|upkeep
|turn|24
|
|t:|1776087591
|move|p2a: Porygon2|Tri Attack|p1a: Zapdos
|-damage|p1a: Zapdos|47/100 brn
|move|p1a: Zapdos|Hurricane|p2a: Porygon2|[miss]
|-miss|p1a: Zapdos|p2a: Porygon2
|
|-damage|p1a: Zapdos|41/100 brn|[from] brn
|upkeep
|turn|25
|
|t:|1776087596
|cant|p2a: Porygon2|par
|move|p1a: Zapdos|Roost|p1a: Zapdos
|-heal|p1a: Zapdos|91/100 brn
|-singleturn|p1a: Zapdos|move: Roost
|
|-damage|p1a: Zapdos|85/100 brn|[from] brn
|upkeep
|turn|26
|
|t:|1776087604
|move|p2a: Porygon2|Shadow Ball|p1a: Zapdos
|-damage|p1a: Zapdos|58/100 brn
|-unboost|p1a: Zapdos|spd|1
|move|p1a: Zapdos|Volt Switch|p2a: Porygon2
|-damage|p2a: Porygon2|86/100 par
|
|t:|1776087621
|switch|p1a: Kingambit|Kingambit, M|100/100|[from] Volt Switch
|-activate|p1a: Kingambit|ability: Supreme Overlord
|-start|p1a: Kingambit|fallen2|[silent]
|
|-fieldend|move: Trick Room
|upkeep
|turn|27
|
|t:|1776087632
|move|p1a: Kingambit|Swords Dance|p1a: Kingambit
|-boost|p1a: Kingambit|atk|2
|move|p2a: Porygon2|Tri Attack|p1a: Kingambit
|-resisted|p1a: Kingambit
|-damage|p1a: Kingambit|78/100
|
|-heal|p1a: Kingambit|84/100|[from] item: Leftovers
|upkeep
|turn|28
|
|t:|1776087639
|move|p1a: Kingambit|Swords Dance|p1a: Kingambit
|-boost|p1a: Kingambit|atk|2
|move|p2a: Porygon2|Tri Attack|p1a: Kingambit
|-resisted|p1a: Kingambit
|-damage|p1a: Kingambit|59/100
|-status|p1a: Kingambit|frz
|
|-heal|p1a: Kingambit|66/100 frz|[from] item: Leftovers
|upkeep
|turn|29
|
|t:|1776087643
|-curestatus|p1a: Kingambit|frz|[msg]
|move|p1a: Kingambit|Swords Dance|p1a: Kingambit
|-boost|p1a: Kingambit|atk|2
|cant|p2a: Porygon2|par
|
|-heal|p1a: Kingambit|72/100|[from] item: Leftovers
|upkeep
|turn|30
|
|t:|1776087649
|move|p1a: Kingambit|Kowtow Cleave|p2a: Porygon2
|-damage|p2a: Porygon2|0 fnt
|faint|p2a: Porygon2
|
|-heal|p1a: Kingambit|78/100|[from] item: Leftovers
|upkeep
|-message|sketchizard forfeited.
|
|win|thrvgc
|raw|thrvgc's rating: 1333 &rarr; <strong>1353</strong><br />(+20 for winning)
|raw|sketchizard's rating: 1332 &rarr; <strong>1312</strong><br />(-20 for losing)
|l|☆sketchizard
|player|p2|
|l|☆thrvgc
|player|p1|
