|html|<div class="broadcast-blue"><strong>[Gen 9] OU is currently suspecting Tera Blast! For information on how to participate check out the <a href="https://www.smogon.com/tools/suspects/view/200">suspect thread</a>.</strong></div>
|j|☆Wizzard Kelly
|j|☆alttesting124n
|t:|1776054359
|gametype|singles
|player|p1|Wizzard Kelly|giovanni|1354
|player|p2|alttesting124n|266|1372
|gen|9
|tier|[Gen 9] OU
|rated|
|rule|HP Percentage Mod: HP is shown in percentages
|rule|Endless Battle Clause: Forcing endless battles is banned
|rule|Species Clause: Limit one of each Pokémon
|rule|OHKO Clause: OHKO moves are banned
|rule|Evasion Items Clause: Evasion items are banned
|rule|Evasion Moves Clause: Evasion moves are banned
|rule|Evasion Abilities Clause: Evasion abilities are banned
|rule|Sleep Moves Clause: Sleep-inducing moves are banned
|clearpoke
|poke|p1|Okidogi, M|
|poke|p1|Charizard, F|
|poke|p1|Torkoal, M|
|poke|p1|Hatterene, F|
|poke|p1|Walking Wake|
|poke|p1|Great Tusk|
|poke|p2|Rillaboom, F|
|poke|p2|Zapdos|
|poke|p2|Dragapult, M|
|poke|p2|Heatran, F|
|poke|p2|Great Tusk|
|poke|p2|Weezing-Galar, F|
|teampreview
|inactive|Battle timer is ON: inactive players will automatically lose when time's up. (requested by alttesting124n)
|
|t:|1776054373
|teamsize|p1|6
|teamsize|p2|6
|start
|switch|p1a: Great Tusk|Great Tusk|100/100
|switch|p2a: Dragapult|Dragapult, M|100/100
|turn|1
|
|t:|1776054377
|-end|p1a: Great Tusk|Protosynthesis|[silent]
|switch|p1a: Hatterene|Hatterene, F|100/100
|move|p2a: Dragapult|Draco Meteor|p1a: Hatterene
|-immune|p1a: Hatterene
|
|upkeep
|turn|2
|
|t:|1776054385
|switch|p2a: Zapdos|Zapdos|100/100
|move|p1a: Hatterene|Nuzzle|p2a: Zapdos
|-damage|p2a: Zapdos|97/100
|
|upkeep
|turn|3
|
|t:|1776054390
|switch|p1a: Torkoal|Torkoal, M|100/100
|-weather|SunnyDay|[from] ability: Drought|[of] p1a: Torkoal
|move|p2a: Zapdos|Thunder Wave|p1a: Torkoal
|-status|p1a: Torkoal|par
|
|-weather|SunnyDay|[upkeep]
|upkeep
|turn|4
|
|t:|1776054395
|switch|p1a: Walking Wake|Walking Wake|100/100
|-activate|p1a: Walking Wake|ability: Protosynthesis
|-start|p1a: Walking Wake|protosynthesisspe
|move|p2a: Zapdos|Thunder Wave|p1a: Walking Wake
|-status|p1a: Walking Wake|par
|
|-weather|SunnyDay|[upkeep]
|upkeep
|turn|5
|
|t:|1776054399
|move|p1a: Walking Wake|Hydro Steam|p2a: Zapdos
|-damage|p2a: Zapdos|21/100
|move|p2a: Zapdos|Volt Switch|p1a: Walking Wake
|-damage|p1a: Walking Wake|66/100 par
|
|t:|1776054402
|switch|p2a: Dragapult|Dragapult, M|100/100|[from] Volt Switch
|
|-weather|SunnyDay|[upkeep]
|upkeep
|turn|6
|
|t:|1776054407
|move|p2a: Dragapult|Shadow Ball|p1a: Walking Wake
|-damage|p1a: Walking Wake|3/100 par
|move|p1a: Walking Wake|Draco Meteor|p2a: Dragapult
|-supereffective|p2a: Dragapult
|-damage|p2a: Dragapult|0 fnt
|-unboost|p1a: Walking Wake|spa|2
|faint|p2a: Dragapult
|
|-weather|SunnyDay|[upkeep]
|upkeep
|
|t:|1776054414
|switch|p2a: Great Tusk|Great Tusk, shiny|100/100
|-activate|p2a: Great Tusk|ability: Protosynthesis
|-start|p2a: Great Tusk|protosynthesisspe
|turn|7
|
|t:|1776054419
|move|p2a: Great Tusk|Rapid Spin|p1a: Walking Wake
|-damage|p1a: Walking Wake|0 fnt
|-boost|p2a: Great Tusk|spe|1
|faint|p1a: Walking Wake
|-end|p1a: Walking Wake|Protosynthesis|[silent]
|
|-weather|SunnyDay|[upkeep]
|upkeep
|
|t:|1776054421
|switch|p1a: Himothy|Charizard, F, shiny|100/100
|turn|8
|
|t:|1776054424
|-end|p2a: Great Tusk|Protosynthesis|[silent]
|switch|p2a: Heatran|Heatran, F|100/100
|move|p1a: Himothy|Weather Ball|p2a: Heatran
|-start|p2a: Heatran|ability: Flash Fire
|
|-weather|SunnyDay|[upkeep]
|-damage|p1a: Himothy|88/100|[from] ability: Solar Power|[of] p1a: Himothy
|upkeep
|turn|9
|
|t:|1776054431
|switch|p1a: Great Tusk|Great Tusk|100/100
|-activate|p1a: Great Tusk|ability: Protosynthesis
|-start|p1a: Great Tusk|protosynthesisspe
|move|p2a: Heatran|Magma Storm|p1a: Great Tusk
|-damage|p1a: Great Tusk|0 fnt
|faint|p1a: Great Tusk
|-end|p1a: Great Tusk|Protosynthesis|[silent]
|
|-weather|SunnyDay|[upkeep]
|upkeep
|
|t:|1776054434
|switch|p1a: Okidogi|Okidogi, M|100/100
|turn|10
|
|t:|1776054439
|move|p2a: Heatran|Stealth Rock|p1a: Okidogi
|-sidestart|p1: Wizzard Kelly|move: Stealth Rock
|move|p1a: Okidogi|Knock Off|p2a: Heatran
|-damage|p2a: Heatran|68/100
|-enditem|p2a: Heatran|Leftovers|[from] move: Knock Off|[of] p1a: Okidogi
|
|-weather|none
|upkeep
|turn|11
|
|t:|1776054442
|move|p2a: Heatran|Magma Storm|p1a: Okidogi
|-damage|p1a: Okidogi|60/100
|-activate|p1a: Okidogi|move: Magma Storm|[of] p2a: Heatran
|move|p1a: Okidogi|Drain Punch|p2a: Heatran
|-supereffective|p2a: Heatran
|-damage|p2a: Heatran|0 fnt
|-heal|p1a: Okidogi|99/100|[from] drain|[of] p2a: Heatran
|faint|p2a: Heatran
|
|-end|p1a: Okidogi|Magma Storm|[partiallytrapped]|[silent]
|upkeep
|
|t:|1776054447
|switch|p2a: Weezing|Weezing-Galar, F, shiny|100/100
|-ability|p2a: Weezing|Neutralizing Gas
|turn|12
|
|t:|1776054455
|switch|p1a: Torkoal|Torkoal, M|100/100 par
|-damage|p1a: Torkoal|76/100 par|[from] Stealth Rock
|move|p2a: Weezing|Will-O-Wisp|p1a: Torkoal|[miss]
|-miss|p2a: Weezing|p1a: Torkoal
|
|upkeep
|turn|13
|
|t:|1776054459
|-end|p2a: Weezing|ability: Neutralizing Gas
|-weather|SunnyDay|[from] ability: Drought|[of] p1a: Torkoal
|switch|p2a: Zapdos|Zapdos|21/100
|move|p1a: Torkoal|Rapid Spin|p2a: Zapdos
|-damage|p2a: Zapdos|14/100
|-boost|p1a: Torkoal|spe|1
|-sideend|p1: Wizzard Kelly|Stealth Rock|[from] move: Rapid Spin|[of] p1a: Torkoal
|
|-weather|SunnyDay|[upkeep]
|upkeep
|turn|14
|
|t:|1776054465
|move|p2a: Zapdos|Roost|p2a: Zapdos
|-heal|p2a: Zapdos|64/100
|-singleturn|p2a: Zapdos|move: Roost
|move|p1a: Torkoal|Lava Plume|p2a: Zapdos
|-damage|p2a: Zapdos|30/100
|
|-weather|SunnyDay|[upkeep]
|upkeep
|turn|15
|
|t:|1776054468
|switch|p1a: Himothy|Charizard, F, shiny|88/100
|move|p2a: Zapdos|Volt Switch|p1a: Himothy
|-supereffective|p1a: Himothy
|-damage|p1a: Himothy|7/100
|
|t:|1776054474
|switch|p2a: Rillaboom|Rillaboom, F, shiny|100/100|[from] Volt Switch
|-fieldstart|move: Grassy Terrain|[from] ability: Grassy Surge|[of] p2a: Rillaboom
|
|-weather|SunnyDay|[upkeep]
|-damage|p1a: Himothy|0 fnt|[from] ability: Solar Power|[of] p1a: Himothy
|faint|p1a: Himothy
|upkeep
|
|t:|1776054478
|switch|p1a: Okidogi|Okidogi, M|99/100
|turn|16
|
|t:|1776054480
|move|p2a: Rillaboom|U-turn|p1a: Okidogi
|-resisted|p1a: Okidogi
|-damage|p1a: Okidogi|91/100
|
|t:|1776054483
|switch|p2a: Weezing|Weezing-Galar, F, shiny|100/100|[from] U-turn
|-ability|p2a: Weezing|Neutralizing Gas
|move|p1a: Okidogi|Gunk Shot|p2a: Weezing
|-damage|p2a: Weezing|55/100
|
|-weather|SunnyDay|[upkeep]
|-heal|p1a: Okidogi|97/100|[from] Grassy Terrain
|-heal|p2a: Weezing|61/100|[from] Grassy Terrain
|-heal|p2a: Weezing|67/100|[from] item: Leftovers
|upkeep
|turn|17
|
|t:|1776054488
|move|p1a: Okidogi|Knock Off|p2a: Weezing
|-resisted|p2a: Weezing
|-damage|p2a: Weezing|56/100
|-enditem|p2a: Weezing|Leftovers|[from] move: Knock Off|[of] p1a: Okidogi
|move|p2a: Weezing|Will-O-Wisp|p1a: Okidogi
|-status|p1a: Okidogi|brn
|
|-weather|SunnyDay|[upkeep]
|-heal|p1a: Okidogi|100/100 brn|[from] Grassy Terrain
|-heal|p2a: Weezing|62/100|[from] Grassy Terrain
|-damage|p1a: Okidogi|94/100 brn|[from] brn
|upkeep
|turn|18
|
|t:|1776054492
|switch|p1a: Hatterene|Hatterene, F|100/100
|move|p2a: Weezing|Strange Steam|p1a: Hatterene
|-damage|p1a: Hatterene|76/100
|-enditem|p1a: Hatterene|Eject Button
|c|☆alttesting124n|gg
|
|t:|1776054498
|switch|p1a: Okidogi|Okidogi, M|94/100 brn
|
|-weather|SunnyDay|[upkeep]
|-heal|p1a: Okidogi|100/100 brn|[from] Grassy Terrain
|-heal|p2a: Weezing|68/100|[from] Grassy Terrain
|-damage|p1a: Okidogi|94/100 brn|[from] brn
|upkeep
|turn|19
|
|t:|1776054501
|switch|p1a: Hatterene|Hatterene, F|76/100
|move|p2a: Weezing|Strange Steam|p1a: Hatterene
|-damage|p1a: Hatterene|50/100
|-start|p1a: Hatterene|confusion
|
|-weather|SunnyDay|[upkeep]
|-heal|p2a: Weezing|74/100|[from] Grassy Terrain
|-heal|p1a: Hatterene|56/100|[from] Grassy Terrain
|-fieldend|move: Grassy Terrain
|upkeep
|turn|20
|
|t:|1776054504
|-end|p2a: Weezing|ability: Neutralizing Gas
|switch|p2a: Zapdos|Zapdos|30/100
|-activate|p1a: Hatterene|confusion
|move|p1a: Hatterene|Psyshock|p2a: Zapdos
|-damage|p2a: Zapdos|1/100
|
|-weather|none
|upkeep
|turn|21
|
|t:|1776054509
|switch|p1a: Torkoal|Torkoal, M|76/100 par
|-weather|SunnyDay|[from] ability: Drought|[of] p1a: Torkoal
|move|p2a: Zapdos|Roost|p2a: Zapdos
|-heal|p2a: Zapdos|51/100
|-singleturn|p2a: Zapdos|move: Roost
|
|-weather|SunnyDay|[upkeep]
|upkeep
|turn|22
|
|t:|1776054529
|move|p2a: Zapdos|Volt Switch|p1a: Torkoal
|-damage|p1a: Torkoal|50/100 par
|
|t:|1776054533
|switch|p2a: Weezing|Weezing-Galar, F, shiny|74/100|[from] Volt Switch
|-ability|p2a: Weezing|Neutralizing Gas
|move|p1a: Torkoal|Will-O-Wisp|p2a: Weezing|[miss]
|-miss|p1a: Torkoal|p2a: Weezing
|
|-weather|SunnyDay|[upkeep]
|upkeep
|turn|23
|
|t:|1776054538
|move|p2a: Weezing|Strange Steam|p1a: Torkoal
|-resisted|p1a: Torkoal
|-damage|p1a: Torkoal|38/100 par
|move|p1a: Torkoal|Lava Plume|p2a: Weezing
|-damage|p2a: Weezing|26/100
|
|-weather|SunnyDay|[upkeep]
|upkeep
|turn|24
|
|t:|1776054567
|move|p2a: Weezing|Strange Steam|p1a: Torkoal
|-resisted|p1a: Torkoal
|-damage|p1a: Torkoal|27/100 par
|cant|p1a: Torkoal|par
|
|-weather|SunnyDay|[upkeep]
|upkeep
|turn|25
|
|t:|1776054572
|move|p2a: Weezing|Strange Steam|p1a: Torkoal
|-resisted|p1a: Torkoal
|-damage|p1a: Torkoal|14/100 par
|move|p1a: Torkoal|Lava Plume|p2a: Weezing
|-damage|p2a: Weezing|0 fnt
|faint|p2a: Weezing
|-end|p2a: Weezing|ability: Neutralizing Gas
|
|-weather|SunnyDay|[upkeep]
|upkeep
|
|t:|1776054577
|switch|p2a: Zapdos|Zapdos|51/100
|turn|26
|
|t:|1776054580
|move|p2a: Zapdos|Volt Switch|p1a: Torkoal
|-damage|p1a: Torkoal|0 fnt
|faint|p1a: Torkoal
|
|t:|1776054583
|switch|p2a: Rillaboom|Rillaboom, F, shiny|100/100|[from] Volt Switch
|-fieldstart|move: Grassy Terrain|[from] ability: Grassy Surge|[of] p2a: Rillaboom
|
|-weather|SunnyDay|[upkeep]
|upkeep
|
|t:|1776054585
|switch|p1a: Okidogi|Okidogi, M|94/100 brn
|turn|27
|
|t:|1776054588
|move|p2a: Rillaboom|Knock Off|p1a: Okidogi
|-resisted|p1a: Okidogi
|-damage|p1a: Okidogi|71/100 brn
|-enditem|p1a: Okidogi|Assault Vest|[from] move: Knock Off|[of] p2a: Rillaboom
|move|p1a: Okidogi|Gunk Shot|p2a: Rillaboom
|-supereffective|p2a: Rillaboom
|-damage|p2a: Rillaboom|39/100
|
|-weather|SunnyDay|[upkeep]
|-heal|p2a: Rillaboom|45/100|[from] Grassy Terrain
|-heal|p1a: Okidogi|77/100 brn|[from] Grassy Terrain
|-damage|p1a: Okidogi|71/100 brn|[from] brn
|upkeep
|turn|28
|
|t:|1776054593
|switch|p2a: Zapdos|Zapdos|51/100
|move|p1a: Okidogi|Gunk Shot|p2a: Zapdos
|-damage|p2a: Zapdos|27/100
|-status|p2a: Zapdos|tox|[from] ability: Toxic Chain|[of] p1a: Okidogi
|
|-weather|none
|-heal|p1a: Okidogi|77/100 brn|[from] Grassy Terrain
|-damage|p2a: Zapdos|21/100 tox|[from] psn
|-damage|p1a: Okidogi|71/100 brn|[from] brn
|upkeep
|turn|29
|
|t:|1776054601
|switch|p1a: Hatterene|Hatterene, F|56/100
|move|p2a: Zapdos|Hurricane|p1a: Hatterene
|-crit|p1a: Hatterene
|-damage|p1a: Hatterene|0 fnt
|faint|p1a: Hatterene
|
|-damage|p2a: Zapdos|9/100 tox|[from] psn
|upkeep
|
|t:|1776054604
|switch|p1a: Okidogi|Okidogi, M|71/100 brn
|turn|30
|
|t:|1776054606
|-terastallize|p1a: Okidogi|Dark
|move|p2a: Zapdos|Hurricane|p1a: Okidogi
|-damage|p1a: Okidogi|31/100 brn
|move|p1a: Okidogi|Knock Off|p2a: Zapdos
|-damage|p2a: Zapdos|0 fnt
|-enditem|p2a: Zapdos|Heavy-Duty Boots|[from] move: Knock Off|[of] p1a: Okidogi
|faint|p2a: Zapdos
|
|-heal|p1a: Okidogi|37/100 brn|[from] Grassy Terrain
|-damage|p1a: Okidogi|31/100 brn|[from] brn
|-fieldend|move: Grassy Terrain
|upkeep
|
|t:|1776054610
|switch|p2a: Rillaboom|Rillaboom, F, shiny|45/100
|-fieldstart|move: Grassy Terrain|[from] ability: Grassy Surge|[of] p2a: Rillaboom
|turn|31
|
|t:|1776054612
|move|p2a: Rillaboom|U-turn|p1a: Okidogi
|-supereffective|p1a: Okidogi
|-damage|p1a: Okidogi|0 fnt
|faint|p1a: Okidogi
|
|win|alttesting124n
|raw|Wizzard Kelly's rating: 1354 &rarr; <strong>1335</strong><br />(-19 for losing)
|raw|alttesting124n's rating: 1372 &rarr; <strong>1391</strong><br />(+19 for winning)
|c|☆Wizzard Kelly|gg
|c|☆alttesting124n|gg
|l|☆alttesting124n
|player|p2|
|l|☆Wizzard Kelly
|player|p1|
