|html|<div class="broadcast-blue"><strong>[Gen 9] OU is currently suspecting Tera Blast! For information on how to participate check out the <a href="https://www.smogon.com/tools/suspects/view/200">suspect thread</a>.</strong></div>
|j|☆LLBattler
|j|☆vaccinalgull075
|t:|1776043291
|gametype|singles
|player|p1|LLBattler|265|1193
|player|p2|vaccinalgull075|worker|1120
|gen|9
|tier|[Gen 9] OU
|rated|
|rule|HP Percentage Mod: HP is shown in percentages
|rule|Endless Battle Clause: Forcing endless battles is banned
|rule|Species Clause: Limit one of each Pokémon
|rule|OHKO Clause: OHKO moves are banned
|rule|Evasion Items Clause: Evasion items are banned
|rule|Evasion Moves Clause: Evasion moves are banned
|rule|Evasion Abilities Clause: Evasion abilities are banned
|rule|Sleep Moves Clause: Sleep-inducing moves are banned
|clearpoke
|poke|p1|Kyurem|
|poke|p1|Corviknight, F|
|poke|p1|Ting-Lu|
|poke|p1|Dondozo, M|
|poke|p1|Slowking-Galar, M|
|poke|p1|Cinderace, F|
|poke|p2|Slowbro-Galar, F|
|poke|p2|Hitmontop, M|
|poke|p2|Zoroark-Hisui, F|
|poke|p2|Primarina, F|
|poke|p2|Electrode-Hisui|
|poke|p2|Ursaluna, F|
|teampreview
|inactive|Battle timer is ON: inactive players will automatically lose when time's up. (requested by vaccinalgull075)
|
|t:|1776043320
|teamsize|p1|6
|teamsize|p2|6
|start
|switch|p1a: Cinderace|Cinderace, F|100/100
|switch|p2a: Electrode|Electrode-Hisui|100/100
|turn|1
|inactive|LLBattler has 120 seconds left.
|
|t:|1776043351
|switch|p1a: Ting-Lu|Ting-Lu|100/100
|-ability|p1a: Ting-Lu|Vessel of Ruin
|move|p2a: Electrode|Hyper Voice|p1a: Ting-Lu
|-damage|p1a: Ting-Lu|73/100
|
|-heal|p1a: Ting-Lu|80/100|[from] item: Leftovers
|upkeep
|turn|2
|inactive|LLBattler has 120 seconds left.
|
|t:|1776043362
|move|p2a: Electrode|Hyper Voice|p1a: Ting-Lu
|-damage|p1a: Ting-Lu|51/100
|move|p1a: Ting-Lu|Payback|p2a: Electrode
|-supereffective|p2a: Electrode
|-damage|p2a: Electrode|0 fnt
|replace|p2a: Zoroark|Zoroark-Hisui, F
|-end|p2a: Zoroark|Illusion
|faint|p2a: Zoroark
|
|-heal|p1a: Ting-Lu|58/100|[from] item: Leftovers
|upkeep
|
|t:|1776043370
|switch|p2a: Hitmontop|Hitmontop, M|100/100
|turn|3
|
|t:|1776043379
|move|p2a: Hitmontop|Triple Axel|p1a: Ting-Lu
|-supereffective|p1a: Ting-Lu
|-damage|p1a: Ting-Lu|47/100
|-supereffective|p1a: Ting-Lu
|-damage|p1a: Ting-Lu|25/100
|-supereffective|p1a: Ting-Lu
|-damage|p1a: Ting-Lu|0 fnt
|faint|p1a: Ting-Lu
|-hitcount|p1: Ting-Lu|3
|
|upkeep
|
|t:|1776043391
|switch|p1a: Corviknight|Corviknight, F|100/100
|-ability|p1a: Corviknight|Pressure
|turn|4
|
|t:|1776043402
|switch|p2a: Electrode|Electrode-Hisui|100/100
|move|p1a: Corviknight|U-turn|p2a: Electrode
|-supereffective|p2a: Electrode
|-damage|p2a: Electrode|58/100
|
|t:|1776043415
|switch|p1a: Kyurem|Kyurem|100/100|[from] U-turn
|-ability|p1a: Kyurem|Pressure
|
|upkeep
|turn|5
|
|t:|1776043421
|move|p2a: Electrode|Volt Switch|p1a: Kyurem
|-resisted|p1a: Kyurem
|-damage|p1a: Kyurem|89/100
|
|t:|1776043434
|switch|p2a: Hitmontop|Hitmontop, M|100/100|[from] Volt Switch
|move|p1a: Kyurem|Substitute|p1a: Kyurem
|-start|p1a: Kyurem|Substitute
|-damage|p1a: Kyurem|64/100
|
|-heal|p1a: Kyurem|70/100|[from] item: Leftovers
|upkeep
|turn|6
|
|t:|1776043445
|move|p1a: Kyurem|Earth Power|p2a: Hitmontop
|-damage|p2a: Hitmontop|74/100
|move|p2a: Hitmontop|Triple Axel|p1a: Kyurem
|-activate|p1a: Kyurem|move: Substitute|[damage]
|-hitcount|p1a: Kyurem|1
|
|-heal|p1a: Kyurem|76/100|[from] item: Leftovers
|upkeep
|turn|7
|
|t:|1776043455
|move|p1a: Kyurem|Earth Power|p2a: Hitmontop
|-damage|p2a: Hitmontop|46/100
|move|p2a: Hitmontop|Rapid Spin|p1a: Kyurem
|-end|p1a: Kyurem|Substitute
|-boost|p2a: Hitmontop|spe|1
|
|-heal|p1a: Kyurem|83/100|[from] item: Leftovers
|upkeep
|turn|8
|
|t:|1776043467
|move|p2a: Hitmontop|Brick Break|p1a: Kyurem
|-supereffective|p1a: Kyurem
|-damage|p1a: Kyurem|20/100
|move|p1a: Kyurem|Substitute|p1a: Kyurem
|-fail|p1a: Kyurem|move: Substitute|[weak]
|
|-heal|p1a: Kyurem|26/100|[from] item: Leftovers
|upkeep
|turn|9
|
|t:|1776043475
|move|p1a: Kyurem|Protect|p1a: Kyurem
|-singleturn|p1a: Kyurem|Protect
|move|p2a: Hitmontop|Brick Break|p1a: Kyurem
|-activate|p1a: Kyurem|move: Protect
|
|-heal|p1a: Kyurem|32/100|[from] item: Leftovers
|upkeep
|turn|10
|
|t:|1776043484
|switch|p1a: Corviknight|Corviknight, F|100/100
|-ability|p1a: Corviknight|Pressure
|move|p2a: Hitmontop|Brick Break|p1a: Corviknight
|-damage|p1a: Corviknight|81/100
|-damage|p2a: Hitmontop|29/100|[from] item: Rocky Helmet|[of] p1a: Corviknight
|
|upkeep
|turn|11
|
|t:|1776043493
|move|p2a: Hitmontop|Triple Axel|p1a: Corviknight
|-damage|p1a: Corviknight|75/100
|-damage|p2a: Hitmontop|13/100|[from] item: Rocky Helmet|[of] p1a: Corviknight
|-damage|p1a: Corviknight|63/100
|-damage|p2a: Hitmontop|0 fnt|[from] item: Rocky Helmet|[of] p1a: Corviknight
|faint|p2a: Hitmontop
|-hitcount|p1a: Corviknight|2
|move|p1a: Corviknight|U-turn|p2: Hitmontop|[notarget]
|-fail|p1a: Corviknight
|
|upkeep
|
|t:|1776043502
|switch|p2a: Primarina|Primarina, F|100/100
|turn|12
|
|t:|1776043518
|move|p1a: Corviknight|U-turn|p2a: Primarina
|-resisted|p2a: Primarina
|-damage|p2a: Primarina|94/100
|
|t:|1776043521
|switch|p1a: Slowking|Slowking-Galar, M|100/100|[from] U-turn
|move|p2a: Primarina|Perish Song|p2a: Primarina
|-start|p1a: Slowking|perish3|[silent]
|-start|p2a: Primarina|perish3|[silent]
|-fieldactivate|move: Perish Song
|
|-start|p2a: Primarina|perish3
|-start|p1a: Slowking|perish3
|upkeep
|turn|13
|
|t:|1776043531
|move|p2a: Primarina|Reflect|p2a: Primarina
|-sidestart|p2: vaccinalgull075|Reflect
|move|p1a: Slowking|Sludge Bomb|p2a: Primarina
|-supereffective|p2a: Primarina
|-damage|p2a: Primarina|44/100
|
|-start|p2a: Primarina|perish2
|-start|p1a: Slowking|perish2
|upkeep
|turn|14
|
|t:|1776043543
|move|p2a: Primarina|Light Screen|p2a: Primarina
|-sidestart|p2: vaccinalgull075|move: Light Screen
|move|p1a: Slowking|Sludge Bomb|p2a: Primarina
|-supereffective|p2a: Primarina
|-damage|p2a: Primarina|15/100
|
|-start|p2a: Primarina|perish1
|-start|p1a: Slowking|perish1
|upkeep
|turn|15
|
|t:|1776043552
|move|p2a: Primarina|Perish Song||[still]
|-fail|p2a: Primarina
|-prepare|p1a: Slowking|Chilly Reception|[premajor]
|move|p1a: Slowking|Chilly Reception|p1a: Slowking
|-weather|Snowscape
|
|t:|1776043559
|switch|p1a: Kyurem|Kyurem|32/100|[from] Chilly Reception
|-ability|p1a: Kyurem|Pressure
|
|-weather|Snowscape|[upkeep]
|-heal|p1a: Kyurem|38/100|[from] item: Leftovers
|-start|p2a: Primarina|perish0
|faint|p2a: Primarina
|upkeep
|
|t:|1776043579
|switch|p2a: Slowbro|Slowbro-Galar, F|100/100
|turn|16
|
|t:|1776043598
|move|p1a: Kyurem|Substitute|p1a: Kyurem
|-start|p1a: Kyurem|Substitute
|-damage|p1a: Kyurem|13/100
|move|p2a: Slowbro|Belly Drum|p2a: Slowbro
|-damage|p2a: Slowbro|50/100
|-setboost|p2a: Slowbro|atk|6|[from] move: Belly Drum
|
|-weather|Snowscape|[upkeep]
|-heal|p1a: Kyurem|20/100|[from] item: Leftovers
|upkeep
|turn|17
|-activate|p2a: Slowbro|item: Quick Claw
|
|t:|1776043610
|move|p2a: Slowbro|Drain Punch|p1a: Kyurem
|-supereffective|p1a: Kyurem
|-end|p1a: Kyurem|Substitute
|-heal|p2a: Slowbro|63/100|[from] drain|[of] p1a: Kyurem
|move|p1a: Kyurem|Earth Power|p2a: Slowbro
|-supereffective|p2a: Slowbro
|-damage|p2a: Slowbro|25/100
|
|-weather|Snowscape|[upkeep]
|-heal|p1a: Kyurem|26/100|[from] item: Leftovers
|upkeep
|turn|18
|
|t:|1776043621
|move|p1a: Kyurem|Earth Power|p2a: Slowbro
|-supereffective|p2a: Slowbro
|-damage|p2a: Slowbro|0 fnt
|faint|p2a: Slowbro
|
|-weather|Snowscape|[upkeep]
|-heal|p1a: Kyurem|32/100|[from] item: Leftovers
|upkeep
|
|t:|1776043632
|switch|p2a: Ursaluna|Ursaluna, F|100/100
|turn|19
|
|t:|1776043647
|move|p2a: Ursaluna|Protect|p2a: Ursaluna
|-singleturn|p2a: Ursaluna|Protect
|move|p1a: Kyurem|Substitute|p1a: Kyurem
|-start|p1a: Kyurem|Substitute
|-damage|p1a: Kyurem|7/100
|
|-weather|none
|-heal|p1a: Kyurem|13/100|[from] item: Leftovers
|-status|p2a: Ursaluna|brn|[from] item: Flame Orb
|upkeep
|turn|20
|
|t:|1776043656
|move|p1a: Kyurem|Protect|p1a: Kyurem
|-singleturn|p1a: Kyurem|Protect
|move|p2a: Ursaluna|Facade|p1a: Kyurem
|-activate|p1a: Kyurem|move: Protect
|
|-heal|p1a: Kyurem|19/100|[from] item: Leftovers
|-damage|p2a: Ursaluna|94/100 brn|[from] brn
|-sideend|p2: vaccinalgull075|Reflect
|upkeep
|turn|21
|
|t:|1776043668
|move|p1a: Kyurem|Freeze-Dry|p2a: Ursaluna
|-supereffective|p2a: Ursaluna
|-damage|p2a: Ursaluna|61/100 brn
|move|p2a: Ursaluna|Facade|p1a: Kyurem
|-end|p1a: Kyurem|Substitute
|
|-heal|p1a: Kyurem|25/100|[from] item: Leftovers
|-damage|p2a: Ursaluna|55/100 brn|[from] brn
|-sideend|p2: vaccinalgull075|move: Light Screen
|upkeep
|turn|22
|
|t:|1776043685
|move|p1a: Kyurem|Protect|p1a: Kyurem
|-singleturn|p1a: Kyurem|Protect
|move|p2a: Ursaluna|Facade|p1a: Kyurem
|-activate|p1a: Kyurem|move: Protect
|
|-heal|p1a: Kyurem|32/100|[from] item: Leftovers
|-damage|p2a: Ursaluna|49/100 brn|[from] brn
|upkeep
|turn|23
|
|t:|1776043695
|move|p1a: Kyurem|Freeze-Dry|p2a: Ursaluna
|-supereffective|p2a: Ursaluna
|-damage|p2a: Ursaluna|0 fnt
|faint|p2a: Ursaluna
|
|-heal|p1a: Kyurem|38/100|[from] item: Leftovers
|upkeep
|
|t:|1776043698
|switch|p2a: Electrode|Electrode-Hisui|58/100
|turn|24
|
|t:|1776043711
|move|p1a: Kyurem|Protect|p1a: Kyurem
|-singleturn|p1a: Kyurem|Protect
|move|p2a: Electrode|Discharge|p1a: Kyurem
|-activate|p1a: Kyurem|move: Protect
|
|-heal|p1a: Kyurem|44/100|[from] item: Leftovers
|upkeep
|turn|25
|
|t:|1776043734
|move|p2a: Electrode|Discharge|p1a: Kyurem
|-resisted|p1a: Kyurem
|-damage|p1a: Kyurem|31/100
|move|p1a: Kyurem|Freeze-Dry|p2a: Electrode
|-supereffective|p2a: Electrode
|-damage|p2a: Electrode|0 fnt
|faint|p2a: Electrode
|
|win|LLBattler
|raw|LLBattler's rating: 1193 &rarr; <strong>1213</strong><br />(+20 for winning)
|raw|vaccinalgull075's rating: 1120 &rarr; <strong>1100</strong><br />(-20 for losing)
|l|☆vaccinalgull075
|player|p2|
|l|☆LLBattler
|player|p1|
