|html|<div class="broadcast-blue"><strong>[Gen 9] OU is currently suspecting Volcarona! For information on how to participate check out the <a href="https://www.smogon.com/tools/suspects/view/208">suspect thread</a>.</strong></div>
|j|☆bomabflat
|j|☆SnappsterBaccBacc
|t:|1778505580
|gametype|singles
|player|p1|bomabflat|1|1204
|player|p2|SnappsterBaccBacc|veteran|1179
|gen|9
|tier|[Gen 9] OU
|rated|
|rule|HP Percentage Mod: HP is shown in percentages
|rule|Endless Battle Clause: Forcing endless battles is banned
|rule|Species Clause: Limit one of each Pokémon
|rule|OHKO Clause: OHKO moves are banned
|rule|Evasion Items Clause: Evasion items are banned
|rule|Evasion Moves Clause: Evasion moves are banned
|rule|Evasion Abilities Clause: Evasion abilities are banned
|rule|Sleep Moves Clause: Sleep-inducing moves are banned
|clearpoke
|poke|p1|Iron Crown|
|poke|p1|Iron Moth|
|poke|p1|Ceruledge, F|
|poke|p1|Dragonite, M|
|poke|p1|Kingambit, F|
|poke|p1|Comfey, M|
|poke|p2|Ogerpon, F|
|poke|p2|Darkrai|
|poke|p2|Garchomp, M|
|poke|p2|Corviknight, M|
|poke|p2|Slowking, F|
|poke|p2|Clodsire, F|
|teampreview
|
|t:|1778505597
|teamsize|p1|6
|teamsize|p2|6
|start
|switch|p1a: Comfey|Comfey, M, shiny|100/100
|switch|p2a: Slowking|Slowking, F|100/100
|turn|1
|
|t:|1778505608
|move|p1a: Comfey|Calm Mind|p1a: Comfey
|-boost|p1a: Comfey|spa|1
|-boost|p1a: Comfey|spd|1
|-prepare|p2a: Slowking|Chilly Reception|[premajor]
|move|p2a: Slowking|Chilly Reception|p2a: Slowking
|-weather|Snowscape
|
|t:|1778505623
|switch|p2a: Clodsire|Clodsire, F|100/100|[from] Chilly Reception
|
|-weather|Snowscape|[upkeep]
|upkeep
|turn|2
|
|t:|1778505637
|move|p1a: Comfey|Giga Drain|p2a: Clodsire
|-damage|p2a: Clodsire|88/100
|move|p2a: Clodsire|Toxic|p1a: Comfey
|-status|p1a: Comfey|tox
|
|-weather|Snowscape|[upkeep]
|-damage|p1a: Comfey|94/100 tox|[from] psn
|upkeep
|turn|3
|
|t:|1778505650
|move|p1a: Comfey|Leech Seed|p2a: Clodsire
|-start|p2a: Clodsire|move: Leech Seed
|move|p2a: Clodsire|Spikes|p1a: Comfey
|-sidestart|p1: bomabflat|Spikes
|
|-weather|Snowscape|[upkeep]
|-damage|p2a: Clodsire|76/100|[from] Leech Seed|[of] p1a: Comfey
|-heal|p1a: Comfey|100/100 tox|[silent]
|-damage|p1a: Comfey|88/100 tox|[from] psn
|upkeep
|turn|4
|
|t:|1778505666
|move|p1a: Comfey|Calm Mind|p1a: Comfey
|-boost|p1a: Comfey|spa|1
|-boost|p1a: Comfey|spd|1
|move|p2a: Clodsire|Spikes|p1a: Comfey
|-sidestart|p1: bomabflat|Spikes
|
|-weather|Snowscape|[upkeep]
|-damage|p2a: Clodsire|63/100|[from] Leech Seed|[of] p1a: Comfey
|-heal|p1a: Comfey|100/100 tox|[silent]
|-damage|p1a: Comfey|82/100 tox|[from] psn
|upkeep
|turn|5
|
|t:|1778505677
|move|p1a: Comfey|Calm Mind|p1a: Comfey
|-boost|p1a: Comfey|spa|1
|-boost|p1a: Comfey|spd|1
|move|p2a: Clodsire|Recover|p2a: Clodsire
|-heal|p2a: Clodsire|100/100
|
|-weather|none
|-damage|p2a: Clodsire|88/100|[from] Leech Seed|[of] p1a: Comfey
|-heal|p1a: Comfey|100/100 tox|[silent]
|-damage|p1a: Comfey|76/100 tox|[from] psn
|upkeep
|turn|6
|
|t:|1778505693
|move|p1a: Comfey|Giga Drain|p2a: Clodsire
|-damage|p2a: Clodsire|76/100
|-heal|p1a: Comfey|87/100 tox|[from] drain|[of] p2a: Clodsire
|move|p2a: Clodsire|Spikes|p1a: Comfey
|-sidestart|p1: bomabflat|Spikes
|
|-damage|p2a: Clodsire|64/100|[from] Leech Seed|[of] p1a: Comfey
|-heal|p1a: Comfey|100/100 tox|[silent]
|-damage|p1a: Comfey|69/100 tox|[from] psn
|upkeep
|turn|7
|
|t:|1778505705
|move|p1a: Comfey|Calm Mind|p1a: Comfey
|-boost|p1a: Comfey|spa|1
|-boost|p1a: Comfey|spd|1
|move|p2a: Clodsire|Recover|p2a: Clodsire
|-heal|p2a: Clodsire|100/100
|
|-damage|p2a: Clodsire|88/100|[from] Leech Seed|[of] p1a: Comfey
|-heal|p1a: Comfey|92/100 tox|[silent]
|-damage|p1a: Comfey|55/100 tox|[from] psn
|upkeep
|turn|8
|
|t:|1778505718
|move|p1a: Comfey|Calm Mind|p1a: Comfey
|-boost|p1a: Comfey|spa|1
|-boost|p1a: Comfey|spd|1
|move|p2a: Clodsire|Poison Jab|p1a: Comfey
|-supereffective|p1a: Comfey
|-damage|p1a: Comfey|0 fnt
|faint|p1a: Comfey
|
|upkeep
|
|t:|1778505731
|switch|p1a: God|Iron Moth, shiny|100/100
|-damage|p1a: God|76/100|[from] Spikes
|-enditem|p1a: God|Booster Energy
|-activate|p1a: God|ability: Quark Drive|[fromitem]
|-start|p1a: God|quarkdrivespa
|turn|9
|
|t:|1778505749
|switch|p2a: Slowking|Slowking, F|100/100
|move|p1a: God|Fire Blast|p2a: Slowking
|-resisted|p2a: Slowking
|-damage|p2a: Slowking|71/100
|
|upkeep
|turn|10
|
|t:|1778505762
|move|p1a: God|Energy Ball|p2a: Slowking
|-supereffective|p2a: Slowking
|-damage|p2a: Slowking|12/100
|move|p2a: Slowking|Scald|p1a: God
|-supereffective|p1a: God
|-damage|p1a: God|10/100
|
|upkeep
|turn|11
|inactive|Battle timer is ON: inactive players will automatically lose when time's up. (requested by bomabflat)
|
|t:|1778505797
|switch|p2a: Clodsire|Clodsire, F|88/100
|move|p1a: God|Energy Ball|p2a: Clodsire
|-damage|p2a: Clodsire|63/100
|
|upkeep
|turn|12
|
|t:|1778505806
|move|p1a: God|Fire Blast|p2a: Clodsire
|-damage|p2a: Clodsire|20/100
|move|p2a: Clodsire|Poison Jab|p1a: God
|-resisted|p1a: God
|-damage|p1a: God|0 fnt
|faint|p1a: God
|-end|p1a: God|Quark Drive|[silent]
|
|upkeep
|
|t:|1778505822
|switch|p1a: Mob|Iron Crown|100/100
|-damage|p1a: Mob|75/100|[from] Spikes
|-enditem|p1a: Mob|Booster Energy
|-activate|p1a: Mob|ability: Quark Drive|[fromitem]
|-start|p1a: Mob|quarkdrivespa
|turn|13
|
|t:|1778505835
|switch|p2a: Slowking|Slowking, F|46/100
|move|p1a: Mob|Agility|p1a: Mob
|-boost|p1a: Mob|spe|2
|
|upkeep
|turn|14
|
|t:|1778505853
|-terastallize|p2a: Slowking|Steel
|move|p1a: Mob|Tachyon Cutter|p2a: Slowking
|-resisted|p2a: Slowking
|-damage|p2a: Slowking|33/100
|-resisted|p2a: Slowking
|-damage|p2a: Slowking|21/100
|-hitcount|p2a: Slowking|2
|move|p2a: Slowking|Fire Blast|p1a: Mob
|-supereffective|p1a: Mob
|-damage|p1a: Mob|32/100
|
|upkeep
|turn|15
|
|t:|1778505867
|switch|p2a: Clodsire|Clodsire, F|20/100
|move|p1a: Mob|Tachyon Cutter|p2a: Clodsire
|-damage|p2a: Clodsire|0 fnt
|faint|p2a: Clodsire
|-hitcount|p2: Clodsire|1
|
|upkeep
|
|t:|1778505875
|switch|p2a: Slowking|Slowking, F, tera:Steel|54/100
|turn|16
|
|t:|1778505881
|move|p1a: Mob|Focus Blast|p2a: Slowking
|-supereffective|p2a: Slowking
|-damage|p2a: Slowking|0 fnt
|faint|p2a: Slowking
|
|upkeep
|inactive|SnappsterBaccBacc has 120 seconds left.
|
|t:|1778505906
|switch|p2a: Mokkey|Ogerpon, F|100/100
|turn|17
|
|t:|1778505912
|move|p1a: Mob|Tachyon Cutter|p2a: Mokkey
|-damage|p2a: Mokkey|55/100
|-damage|p2a: Mokkey|15/100
|-hitcount|p2a: Mokkey|2
|move|p2a: Mokkey|Knock Off|p1a: Mob
|-supereffective|p1a: Mob
|-damage|p1a: Mob|0 fnt
|faint|p1a: Mob
|-end|p1a: Mob|Quark Drive|[silent]
|
|upkeep
|
|t:|1778505923
|switch|p1a: Nonbeliever|Ceruledge, F|100/100
|-damage|p1a: Nonbeliever|76/100|[from] Spikes
|turn|18
|
|t:|1778505933
|switch|p2a: Darkrai|Darkrai|100/100
|move|p1a: Nonbeliever|Bitter Blade|p2a: Darkrai
|-damage|p2a: Darkrai|32/100
|-heal|p1a: Nonbeliever|100/100|[from] drain|[of] p2a: Darkrai
|
|upkeep
|turn|19
|
|t:|1778505944
|move|p1a: Nonbeliever|Bitter Blade|p2a: Darkrai
|-damage|p2a: Darkrai|0 fnt
|faint|p2a: Darkrai
|
|upkeep
|
|t:|1778505951
|switch|p2a: Garchomp|Garchomp, M|100/100
|turn|20
|
|t:|1778505958
|move|p1a: Nonbeliever|Bitter Blade|p2a: Garchomp
|-resisted|p2a: Garchomp
|-damage|p2a: Garchomp|85/100
|-damage|p1a: Nonbeliever|88/100|[from] ability: Rough Skin|[of] p2a: Garchomp
|-damage|p1a: Nonbeliever|72/100|[from] item: Rocky Helmet|[of] p2a: Garchomp
|move|p2a: Garchomp|Earthquake|p1a: Nonbeliever
|-supereffective|p1a: Nonbeliever
|-damage|p1a: Nonbeliever|0 fnt
|faint|p1a: Nonbeliever
|
|upkeep
|
|t:|1778505969
|switch|p1a: SASUKE!!!|Dragonite, M|100/100
|turn|21
|
|t:|1778505978
|switch|p2a: Corviknight|Corviknight, M|100/100
|-ability|p2a: Corviknight|Pressure
|-terastallize|p1a: SASUKE!!!|Normal
|move|p1a: SASUKE!!!|Dragon Dance|p1a: SASUKE!!!
|-boost|p1a: SASUKE!!!|atk|1
|-boost|p1a: SASUKE!!!|spe|1
|
|upkeep
|turn|22
|
|t:|1778505992
|move|p1a: SASUKE!!!|Fire Punch|p2a: Corviknight
|-supereffective|p2a: Corviknight
|-damage|p2a: Corviknight|50/100
|move|p2a: Corviknight|Brave Bird|p1a: SASUKE!!!
|-damage|p1a: SASUKE!!!|81/100
|-damage|p2a: Corviknight|45/100|[from] Recoil
|
|-heal|p2a: Corviknight|51/100|[from] item: Leftovers
|upkeep
|turn|23
|inactive|SnappsterBaccBacc has 120 seconds left.
|inactive|SnappsterBaccBacc has 90 seconds left.
|
|t:|1778506056
|move|p1a: SASUKE!!!|Dragon Dance|p1a: SASUKE!!!
|-boost|p1a: SASUKE!!!|atk|1
|-boost|p1a: SASUKE!!!|spe|1
|move|p2a: Corviknight|U-turn|p1a: SASUKE!!!
|-damage|p1a: SASUKE!!!|64/100
|
|t:|1778506061
|switch|p2a: Garchomp|Garchomp, M|85/100|[from] U-turn
|
|upkeep
|turn|24
|
|t:|1778506070
|move|p1a: SASUKE!!!|Extreme Speed|p2a: Garchomp
|-damage|p2a: Garchomp|24/100
|-damage|p1a: SASUKE!!!|51/100|[from] ability: Rough Skin|[of] p2a: Garchomp
|-damage|p1a: SASUKE!!!|35/100|[from] item: Rocky Helmet|[of] p2a: Garchomp
|move|p2a: Garchomp|Dragon Tail|p1a: SASUKE!!!
|-damage|p1a: SASUKE!!!|4/100
|drag|p1a: NARUTO!!!|Kingambit, F|100/100
|-damage|p1a: NARUTO!!!|75/100|[from] Spikes
|-activate|p1a: NARUTO!!!|ability: Supreme Overlord
|-start|p1a: NARUTO!!!|fallen4|[silent]
|
|upkeep
|turn|25
|
|t:|1778506087
|move|p1a: NARUTO!!!|Sucker Punch|p2a: Garchomp
|-damage|p2a: Garchomp|0 fnt
|-damage|p1a: NARUTO!!!|63/100|[from] ability: Rough Skin|[of] p2a: Garchomp
|-damage|p1a: NARUTO!!!|47/100|[from] item: Rocky Helmet|[of] p2a: Garchomp
|faint|p2a: Garchomp
|
|upkeep
|
|t:|1778506094
|switch|p2a: Corviknight|Corviknight, M|51/100
|-ability|p2a: Corviknight|Pressure
|turn|26
|
|t:|1778506118
|move|p1a: NARUTO!!!|Sucker Punch||[still]
|-fail|p1a: NARUTO!!!
|move|p2a: Corviknight|Roost|p2a: Corviknight
|-heal|p2a: Corviknight|100/100
|-singleturn|p2a: Corviknight|move: Roost
|
|upkeep
|turn|27
|
|t:|1778506126
|move|p1a: NARUTO!!!|Sucker Punch|p2a: Corviknight
|-damage|p2a: Corviknight|59/100
|move|p2a: Corviknight|Brave Bird|p1a: NARUTO!!!
|-resisted|p1a: NARUTO!!!
|-damage|p1a: NARUTO!!!|32/100
|-damage|p2a: Corviknight|54/100|[from] Recoil
|
|-heal|p2a: Corviknight|60/100|[from] item: Leftovers
|upkeep
|turn|28
|inactive|SnappsterBaccBacc has 120 seconds left.
|
|t:|1778506137
|move|p2a: Corviknight|Brave Bird|p1a: NARUTO!!!
|-resisted|p1a: NARUTO!!!
|-damage|p1a: NARUTO!!!|20/100
|-damage|p2a: Corviknight|56/100|[from] Recoil
|move|p1a: NARUTO!!!|Swords Dance|p1a: NARUTO!!!
|-boost|p1a: NARUTO!!!|atk|2
|
|-heal|p2a: Corviknight|62/100|[from] item: Leftovers
|upkeep
|turn|29
|
|t:|1778506150
|move|p2a: Corviknight|Roost|p2a: Corviknight
|-heal|p2a: Corviknight|100/100
|-singleturn|p2a: Corviknight|move: Roost
|move|p1a: NARUTO!!!|Kowtow Cleave|p2a: Corviknight
|-damage|p2a: Corviknight|0 fnt
|faint|p2a: Corviknight
|
|upkeep
|inactive|SnappsterBaccBacc has 120 seconds left.
|inactive|SnappsterBaccBacc has 90 seconds left.
|inactive|SnappsterBaccBacc has 60 seconds left.
|inactive|SnappsterBaccBacc has 30 seconds left.
|inactive|SnappsterBaccBacc has 20 seconds left.
|inactive|SnappsterBaccBacc has 15 seconds left.
|inactive|SnappsterBaccBacc has 10 seconds left.
|
|t:|1778506271
|switch|p2a: Mokkey|Ogerpon, F|15/100
|turn|30
|inactive|SnappsterBaccBacc has 20 seconds left this turn.
|inactive|SnappsterBaccBacc has 15 seconds left.
|
|t:|1778506280
|move|p1a: NARUTO!!!|Sucker Punch||[still]
|-fail|p1a: NARUTO!!!
|move|p2a: Mokkey|Swords Dance|p2a: Mokkey
|-boost|p2a: Mokkey|atk|2
|
|upkeep
|turn|31
|inactive|SnappsterBaccBacc has 25 seconds left this turn.
|inactive|SnappsterBaccBacc has 20 seconds left.
|
|t:|1778506289
|move|p1a: NARUTO!!!|Sucker Punch||[still]
|-fail|p1a: NARUTO!!!
|move|p2a: Mokkey|Encore|p1a: NARUTO!!!
|-start|p1a: NARUTO!!!|Encore
|
|upkeep
|turn|32
|inactive|SnappsterBaccBacc has 30 seconds left this turn.
|
|t:|1778506296
|move|p1a: NARUTO!!!|Sucker Punch||[still]
|-fail|p1a: NARUTO!!!
|move|p2a: Mokkey|Swords Dance|p2a: Mokkey
|-boost|p2a: Mokkey|atk|2
|
|-end|p1a: NARUTO!!!|Encore
|upkeep
|turn|33
|inactive|SnappsterBaccBacc has 30 seconds left.
|
|t:|1778506309
|move|p2a: Mokkey|Ivy Cudgel|p1a: NARUTO!!!
|-resisted|p1a: NARUTO!!!
|-crit|p1a: NARUTO!!!
|-damage|p1a: NARUTO!!!|0 fnt
|faint|p1a: NARUTO!!!
|-end|p1a: NARUTO!!!|fallen4|[silent]
|
|upkeep
|
|t:|1778506314
|switch|p1a: SASUKE!!!|Dragonite, M, tera:Normal|4/100
|turn|34
|
|t:|1778506321
|move|p1a: SASUKE!!!|Extreme Speed|p2a: Mokkey
|-damage|p2a: Mokkey|0 fnt
|faint|p2a: Mokkey
|
|win|bomabflat
|raw|bomabflat's rating: 1204 &rarr; <strong>1227</strong><br />(+23 for winning)
|raw|SnappsterBaccBacc's rating: 1179 &rarr; <strong>1156</strong><br />(-23 for losing)
|l|☆bomabflat
|player|p1|
|l|☆SnappsterBaccBacc
|player|p2|
