|html|<div class="broadcast-blue"><strong>[Gen 9] OU is currently suspecting Tera Blast! For information on how to participate check out the <a href="https://www.smogon.com/tools/suspects/view/200">suspect thread</a>.</strong></div>
|j|☆rowlet13tb
|j|☆DuLocK
|t:|1776110692
|gametype|singles
|player|p1|rowlet13tb|alder|1297
|player|p2|DuLocK|morty|1336
|gen|9
|tier|[Gen 9] OU
|rated|
|rule|HP Percentage Mod: HP is shown in percentages
|rule|Endless Battle Clause: Forcing endless battles is banned
|rule|Species Clause: Limit one of each Pokémon
|rule|OHKO Clause: OHKO moves are banned
|rule|Evasion Items Clause: Evasion items are banned
|rule|Evasion Moves Clause: Evasion moves are banned
|rule|Evasion Abilities Clause: Evasion abilities are banned
|rule|Sleep Moves Clause: Sleep-inducing moves are banned
|clearpoke
|poke|p1|Alcremie, F|
|poke|p1|Great Tusk|
|poke|p1|Sinistcha-Masterpiece|
|poke|p1|Greninja-*, M|
|poke|p1|Talonflame, F|
|poke|p1|Scizor, M|
|poke|p2|Lokix, M|
|poke|p2|Meowscarada, F|
|poke|p2|Ogerpon-Wellspring, F|
|poke|p2|Clefable, F|
|poke|p2|Iron Moth|
|poke|p2|Pecharunt|
|teampreview
|inactive|Battle timer is ON: inactive players will automatically lose when time's up. (requested by DuLocK)
|inactive|rowlet13tb also wants the timer to be on.
|
|t:|1776110722
|teamsize|p1|6
|teamsize|p2|6
|start
|switch|p1a: Talonflame|Talonflame, F|100/100
|switch|p2a: Starro|Clefable, F|100/100
|turn|1
|
|t:|1776110733
|move|p1a: Talonflame|Brave Bird|p2a: Starro
|-damage|p2a: Starro|44/100
|-damage|p1a: Talonflame|76/100|[from] Recoil
|move|p2a: Starro|Thunder Wave|p1a: Talonflame
|-status|p1a: Talonflame|par
|
|-heal|p2a: Starro|50/100|[from] item: Leftovers
|upkeep
|turn|2
|
|t:|1776110746
|cant|p1a: Talonflame|par
|move|p2a: Starro|Moonlight|p2a: Starro
|-heal|p2a: Starro|99/100
|
|-heal|p2a: Starro|100/100|[from] item: Leftovers
|upkeep
|turn|3
|
|t:|1776110754
|move|p1a: Talonflame|Brave Bird|p2a: Starro
|-damage|p2a: Starro|38/100
|-damage|p1a: Talonflame|48/100 par|[from] Recoil
|move|p2a: Starro|Stealth Rock|p1a: Talonflame
|-sidestart|p1: rowlet13tb|move: Stealth Rock
|
|-heal|p2a: Starro|44/100|[from] item: Leftovers
|upkeep
|turn|4
|
|t:|1776110763
|switch|p2a: Queasy|Pecharunt|100/100
|-item|p2a: Queasy|Air Balloon
|move|p1a: Talonflame|Brave Bird|p2a: Queasy
|-damage|p2a: Queasy|73/100
|-enditem|p2a: Queasy|Air Balloon
|-damage|p1a: Talonflame|37/100 par|[from] Recoil
|
|upkeep
|turn|5
|
|t:|1776110777
|move|p2a: Queasy|Shadow Ball|p1a: Talonflame
|-damage|p1a: Talonflame|0 fnt
|faint|p1a: Talonflame
|
|upkeep
|
|t:|1776110782
|switch|p1a: Scizor|Scizor, M|100/100
|-damage|p1a: Scizor|88/100|[from] Stealth Rock
|turn|6
|
|t:|1776110787
|move|p2a: Queasy|Recover|p2a: Queasy
|-heal|p2a: Queasy|100/100
|move|p1a: Scizor|Curse|p1a: Scizor
|-unboost|p1a: Scizor|spe|1
|-boost|p1a: Scizor|atk|1
|-boost|p1a: Scizor|def|1
|
|upkeep
|turn|7
|
|t:|1776110794
|move|p2a: Queasy|Parting Shot|p1a: Scizor
|-unboost|p1a: Scizor|atk|1
|-unboost|p1a: Scizor|spa|1
|
|t:|1776110801
|switch|p2a: Iron Moth|Iron Moth|100/100|[from] Parting Shot
|-enditem|p2a: Iron Moth|Booster Energy
|-activate|p2a: Iron Moth|ability: Quark Drive|[fromitem]
|-start|p2a: Iron Moth|quarkdrivespe
|move|p1a: Scizor|Defog|p2a: Iron Moth
|-unboost|p2a: Iron Moth|evasion|1
|-sideend|p1: rowlet13tb|Stealth Rock|[from] move: Defog|[of] p1a: Scizor
|
|upkeep
|turn|8
|
|t:|1776110812
|move|p1a: Scizor|Bullet Punch|p2a: Iron Moth
|-resisted|p2a: Iron Moth
|-damage|p2a: Iron Moth|78/100
|move|p2a: Iron Moth|Fiery Dance|p1a: Scizor
|-supereffective|p1a: Scizor
|-damage|p1a: Scizor|0 fnt
|-boost|p2a: Iron Moth|spa|1
|faint|p1a: Scizor
|
|upkeep
|
|t:|1776110824
|switch|p1a: Greninja|Greninja, M|100/100
|turn|9
|
|t:|1776110830
|move|p2a: Iron Moth|Dazzling Gleam|p1a: Greninja
|-supereffective|p1a: Greninja
|-damage|p1a: Greninja|0 fnt
|faint|p1a: Greninja
|
|upkeep
|
|t:|1776110836
|switch|p1a: Great Tusk|Great Tusk|100/100
|turn|10
|
|t:|1776110842
|-terastallize|p1a: Great Tusk|Ground
|move|p2a: Iron Moth|Dazzling Gleam|p1a: Great Tusk
|-damage|p1a: Great Tusk|52/100
|move|p1a: Great Tusk|Earthquake|p2a: Iron Moth
|-supereffective|p2a: Iron Moth
|-damage|p2a: Iron Moth|0 fnt
|faint|p2a: Iron Moth
|-end|p2a: Iron Moth|Quark Drive|[silent]
|
|-heal|p1a: Great Tusk|59/100|[from] item: Leftovers
|upkeep
|
|t:|1776110846
|switch|p2a: Furry Bait|Meowscarada, F, shiny|100/100
|turn|11
|
|t:|1776110857
|-end|p1a: Great Tusk|Protosynthesis|[silent]
|switch|p1a: Sinistcha|Sinistcha-Masterpiece|100/100
|move|p2a: Furry Bait|Flower Trick|p1a: Sinistcha
|-start|p2a: Furry Bait|typechange|Grass|[from] ability: Protean
|-resisted|p1a: Sinistcha
|-crit|p1a: Sinistcha
|-damage|p1a: Sinistcha|78/100
|
|-heal|p1a: Sinistcha|84/100|[from] item: Leftovers
|upkeep
|turn|12
|
|t:|1776110869
|move|p2a: Furry Bait|Knock Off|p1a: Sinistcha
|-supereffective|p1a: Sinistcha
|-damage|p1a: Sinistcha|31/100
|-enditem|p1a: Sinistcha|Leftovers|[from] move: Knock Off|[of] p2a: Furry Bait
|move|p1a: Sinistcha|Strength Sap|p2a: Furry Bait
|-unboost|p2a: Furry Bait|atk|1
|-heal|p1a: Sinistcha|100/100
|
|upkeep
|turn|13
|
|t:|1776110878
|move|p2a: Furry Bait|U-turn|p1a: Sinistcha
|-damage|p1a: Sinistcha|86/100
|
|t:|1776110886
|switch|p2a: Queasy|Pecharunt|100/100|[from] U-turn
|move|p1a: Sinistcha|Calm Mind|p1a: Sinistcha
|-boost|p1a: Sinistcha|spa|1
|-boost|p1a: Sinistcha|spd|1
|
|upkeep
|turn|14
|
|t:|1776110897
|-terastallize|p2a: Queasy|Dark
|move|p2a: Queasy|Toxic|p1a: Sinistcha
|-status|p1a: Sinistcha|tox
|-start|p1a: Sinistcha|confusion|[from] ability: Poison Puppeteer|[of] p2a: Queasy
|-activate|p1a: Sinistcha|confusion
|move|p1a: Sinistcha|Shadow Ball|p2a: Queasy
|-resisted|p2a: Queasy
|-damage|p2a: Queasy|67/100
|-unboost|p2a: Queasy|spd|1
|
|-damage|p1a: Sinistcha|80/100 tox|[from] psn
|upkeep
|turn|15
|
|t:|1776110915
|move|p2a: Queasy|Shadow Ball|p1a: Sinistcha
|-supereffective|p1a: Sinistcha
|-damage|p1a: Sinistcha|40/100 tox
|-activate|p1a: Sinistcha|confusion
|move|p1a: Sinistcha|Matcha Gotcha|p2a: Queasy
|-damage|p2a: Queasy|0 fnt
|-heal|p1a: Sinistcha|77/100 tox|[from] drain|[of] p2a: Queasy
|faint|p2a: Queasy
|
|-damage|p1a: Sinistcha|64/100 tox|[from] psn
|upkeep
|
|t:|1776110925
|switch|p2a: Starro|Clefable, F|44/100
|turn|16
|
|t:|1776110932
|-end|p1a: Sinistcha|confusion
|move|p1a: Sinistcha|Matcha Gotcha|p2a: Starro
|-damage|p2a: Starro|0 fnt
|-heal|p1a: Sinistcha|89/100 tox|[from] drain|[of] p2a: Starro
|faint|p2a: Starro
|
|-damage|p1a: Sinistcha|71/100 tox|[from] psn
|upkeep
|
|t:|1776110947
|switch|p2a: Secretly Shiest|Lokix, M, shiny|100/100
|turn|17
|
|t:|1776110951
|move|p2a: Secretly Shiest|First Impression|p1a: Sinistcha
|-damage|p1a: Sinistcha|20/100 tox
|move|p1a: Sinistcha|Shadow Ball|p2a: Secretly Shiest
|-resisted|p2a: Secretly Shiest
|-damage|p2a: Secretly Shiest|40/100
|
|-damage|p1a: Sinistcha|0 fnt|[from] psn
|faint|p1a: Sinistcha
|upkeep
|
|t:|1776110962
|switch|p1a: Alcremie|Alcremie, F|100/100
|turn|18
|
|t:|1776110968
|switch|p2a: Sneakers O’Pool|Ogerpon-Wellspring, F|100/100
|move|p1a: Alcremie|Acid Armor|p1a: Alcremie
|-boost|p1a: Alcremie|def|2
|
|upkeep
|turn|19
|
|t:|1776110977
|move|p2a: Sneakers O’Pool|Swords Dance|p2a: Sneakers O’Pool
|-boost|p2a: Sneakers O’Pool|atk|2
|move|p1a: Alcremie|Calm Mind|p1a: Alcremie
|-boost|p1a: Alcremie|spa|1
|-boost|p1a: Alcremie|spd|1
|
|upkeep
|turn|20
|
|t:|1776110984
|move|p2a: Sneakers O’Pool|Ivy Cudgel|p1a: Alcremie|[anim] Ivy Cudgel Water
|-damage|p1a: Alcremie|47/100
|move|p1a: Alcremie|Acid Armor|p1a: Alcremie
|-boost|p1a: Alcremie|def|2
|
|-heal|p1a: Alcremie|53/100|[from] item: Leftovers
|upkeep
|turn|21
|
|t:|1776110992
|move|p2a: Sneakers O’Pool|Ivy Cudgel|p1a: Alcremie|[anim] Ivy Cudgel Water
|-crit|p1a: Alcremie
|-damage|p1a: Alcremie|0 fnt
|faint|p1a: Alcremie
|
|upkeep
|
|t:|1776110998
|switch|p1a: Great Tusk|Great Tusk, tera:Ground|59/100
|turn|22
|
|t:|1776111005
|move|p2a: Sneakers O’Pool|Ivy Cudgel|p1a: Great Tusk|[anim] Ivy Cudgel Water
|-supereffective|p1a: Great Tusk
|-damage|p1a: Great Tusk|0 fnt
|faint|p1a: Great Tusk
|-end|p1a: Great Tusk|Protosynthesis|[silent]
|
|win|DuLocK
|raw|rowlet13tb's rating: 1297 &rarr; <strong>1275</strong><br />(-22 for losing)
|raw|DuLocK's rating: 1336 &rarr; <strong>1354</strong><br />(+18 for winning)
|l|☆DuLocK
|player|p2|
|l|☆rowlet13tb
|player|p1|
