|html|<div class="broadcast-blue"><strong>[Gen 9] OU is currently suspecting Tera Blast! For information on how to participate check out the <a href="https://www.smogon.com/tools/suspects/view/200">suspect thread</a>.</strong></div>
|j|☆ouku bakuza
|j|☆bahnmiking
|t:|1776069076
|gametype|singles
|player|p1|ouku bakuza|265|1494
|player|p2|bahnmiking|bianca|1667
|gen|9
|tier|[Gen 9] OU
|rated|
|rule|HP Percentage Mod: HP is shown in percentages
|rule|Endless Battle Clause: Forcing endless battles is banned
|rule|Species Clause: Limit one of each Pokémon
|rule|OHKO Clause: OHKO moves are banned
|rule|Evasion Items Clause: Evasion items are banned
|rule|Evasion Moves Clause: Evasion moves are banned
|rule|Evasion Abilities Clause: Evasion abilities are banned
|rule|Sleep Moves Clause: Sleep-inducing moves are banned
|clearpoke
|poke|p1|Great Tusk|
|poke|p1|Dragonite, F|
|poke|p1|Gholdengo|
|poke|p1|Iron Treads|
|poke|p1|Rotom-Wash|
|poke|p1|Iron Valiant|
|poke|p2|Enamorus, F|
|poke|p2|Ogerpon-Wellspring, F|
|poke|p2|Zamazenta-*|
|poke|p2|Dragonite, F|
|poke|p2|Glimmora, M|
|poke|p2|Iron Moth|
|teampreview
|inactive|Battle timer is ON: inactive players will automatically lose when time's up. (requested by ouku bakuza)
|
|t:|1776069099
|teamsize|p1|6
|teamsize|p2|6
|start
|switch|p1a: Rotom|Rotom-Wash|100/100
|switch|p2a: Billions Must Shy|Glimmora, M|100/100
|turn|1
|
|t:|1776069109
|move|p1a: Rotom|Volt Switch|p2a: Billions Must Shy
|-damage|p2a: Billions Must Shy|58/100
|
|t:|1776069119
|switch|p1a: Iron Treads|Iron Treads|100/100|[from] Volt Switch
|-enditem|p1a: Iron Treads|Booster Energy
|-activate|p1a: Iron Treads|ability: Quark Drive|[fromitem]
|-start|p1a: Iron Treads|quarkdrivespe
|move|p2a: Billions Must Shy|Stealth Rock|p1a: Iron Treads
|-sidestart|p1: ouku bakuza|move: Stealth Rock
|
|upkeep
|turn|2
|
|t:|1776069138
|move|p1a: Iron Treads|Earthquake|p2a: Billions Must Shy
|-supereffective|p2a: Billions Must Shy
|-damage|p2a: Billions Must Shy|0 fnt
|-activate|p2a: Billions Must Shy|ability: Toxic Debris
|-sidestart|p1: ouku bakuza|move: Toxic Spikes
|faint|p2a: Billions Must Shy
|
|upkeep
|
|t:|1776069148
|switch|p2a: Billions Must Fry|Iron Moth|100/100
|-enditem|p2a: Billions Must Fry|Booster Energy
|-activate|p2a: Billions Must Fry|ability: Quark Drive|[fromitem]
|-start|p2a: Billions Must Fry|quarkdrivespe
|turn|3
|
|t:|1776069155
|-terastallize|p2a: Billions Must Fry|Grass
|-terastallize|p1a: Iron Treads|Water
|move|p2a: Billions Must Fry|Fiery Dance|p1a: Iron Treads
|-resisted|p1a: Iron Treads
|-damage|p1a: Iron Treads|72/100
|move|p1a: Iron Treads|Earthquake|p2a: Billions Must Fry
|-resisted|p2a: Billions Must Fry
|-damage|p2a: Billions Must Fry|63/100
|
|upkeep
|turn|4
|
|t:|1776069163
|move|p2a: Billions Must Fry|Energy Ball|p1a: Iron Treads
|-supereffective|p1a: Iron Treads
|-damage|p1a: Iron Treads|0 fnt
|faint|p1a: Iron Treads
|-end|p1a: Iron Treads|Quark Drive|[silent]
|
|upkeep
|
|t:|1776069173
|switch|p1a: Iron Valiant|Iron Valiant|100/100
|-damage|p1a: Iron Valiant|94/100|[from] Stealth Rock
|-status|p1a: Iron Valiant|psn
|-enditem|p1a: Iron Valiant|Booster Energy
|-activate|p1a: Iron Valiant|ability: Quark Drive|[fromitem]
|-start|p1a: Iron Valiant|quarkdrivespe
|turn|5
|
|t:|1776069181
|move|p1a: Iron Valiant|Ice Punch|p2a: Billions Must Fry
|-supereffective|p2a: Billions Must Fry
|-damage|p2a: Billions Must Fry|0 fnt
|faint|p2a: Billions Must Fry
|-end|p2a: Billions Must Fry|Quark Drive|[silent]
|
|-damage|p1a: Iron Valiant|82/100 psn|[from] psn
|upkeep
|
|t:|1776069189
|switch|p2a: Billions Must Cry|Ogerpon-Wellspring, F|100/100
|turn|6
|
|t:|1776069196
|move|p1a: Iron Valiant|Close Combat|p2a: Billions Must Cry
|-damage|p2a: Billions Must Cry|22/100
|-unboost|p1a: Iron Valiant|def|1
|-unboost|p1a: Iron Valiant|spd|1
|move|p2a: Billions Must Cry|Ivy Cudgel|p1a: Iron Valiant|[anim] Ivy Cudgel Water
|-damage|p1a: Iron Valiant|0 fnt
|faint|p1a: Iron Valiant
|-end|p1a: Iron Valiant|Quark Drive|[silent]
|
|upkeep
|
|t:|1776069201
|switch|p1a: ood horns|Great Tusk|100/100
|-damage|p1a: ood horns|98/100|[from] Stealth Rock
|-status|p1a: ood horns|psn
|-enditem|p1a: ood horns|Booster Energy
|-activate|p1a: ood horns|ability: Protosynthesis|[fromitem]
|-start|p1a: ood horns|protosynthesisatk
|turn|7
|
|t:|1776069207
|move|p2a: Billions Must Cry|Ivy Cudgel|p1a: ood horns|[anim] Ivy Cudgel Water
|-supereffective|p1a: ood horns
|-damage|p1a: ood horns|10/100 psn
|move|p1a: ood horns|Rapid Spin|p2a: Billions Must Cry
|-damage|p2a: Billions Must Cry|0 fnt
|-boost|p1a: ood horns|spe|1
|-sideend|p1: ouku bakuza|Toxic Spikes|[from] move: Rapid Spin|[of] p1a: ood horns
|-sideend|p1: ouku bakuza|Stealth Rock|[from] move: Rapid Spin|[of] p1a: ood horns
|faint|p2a: Billions Must Cry
|
|-damage|p1a: ood horns|0 fnt|[from] psn
|faint|p1a: ood horns
|-end|p1a: ood horns|Protosynthesis|[silent]
|upkeep
|
|t:|1776069216
|switch|p2a: Billions Must Fly|Dragonite, F|100/100
|switch|p1a: Rotom|Rotom-Wash|100/100
|turn|8
|
|t:|1776069219
|switch|p2a: Billions Must Dye|Enamorus, F|100/100
|move|p1a: Rotom|Trick|p2a: Billions Must Dye
|-activate|p1a: Rotom|move: Trick|[of] p2a: Billions Must Dye
|-item|p2a: Billions Must Dye|Choice Scarf|[from] move: Trick
|-item|p1a: Rotom|Choice Scarf|[from] move: Trick
|
|upkeep
|turn|9
|
|t:|1776069226
|move|p2a: Billions Must Dye|Moonblast|p1a: Rotom
|-damage|p1a: Rotom|41/100
|move|p1a: Rotom|Volt Switch|p2a: Billions Must Dye
|-supereffective|p2a: Billions Must Dye
|-damage|p2a: Billions Must Dye|20/100
|
|t:|1776069235
|switch|p1a: van gho|Gholdengo|100/100|[from] Volt Switch
|
|upkeep
|turn|10
|
|t:|1776069241
|switch|p2a: Billions Must Try|Zamazenta|100/100
|-ability|p2a: Billions Must Try|Dauntless Shield|boost
|-boost|p2a: Billions Must Try|def|1
|move|p1a: van gho|Nasty Plot|p1a: van gho
|-boost|p1a: van gho|spa|2
|
|upkeep
|turn|11
|
|t:|1776069247
|move|p2a: Billions Must Try|Crunch|p1a: van gho
|-supereffective|p1a: van gho
|-damage|p1a: van gho|53/100
|-unboost|p1a: van gho|def|1
|-damage|p2a: Billions Must Try|91/100|[from] item: Life Orb
|move|p1a: van gho|Make It Rain|p2a: Billions Must Try
|-damage|p2a: Billions Must Try|0 fnt
|-unboost|p1a: van gho|spa|1
|faint|p2a: Billions Must Try
|
|-heal|p1a: van gho|59/100|[from] item: Leftovers
|upkeep
|
|t:|1776069254
|switch|p2a: Billions Must Fly|Dragonite, F|100/100
|turn|12
|
|t:|1776069275
|move|p2a: Billions Must Fly|Dragon Dance|p2a: Billions Must Fly
|-boost|p2a: Billions Must Fly|atk|1
|-boost|p2a: Billions Must Fly|spe|1
|move|p1a: van gho|Make It Rain|p2a: Billions Must Fly
|-damage|p2a: Billions Must Fly|55/100
|-unboost|p1a: van gho|spa|1
|
|-heal|p1a: van gho|65/100|[from] item: Leftovers
|upkeep
|turn|13
|
|t:|1776069282
|move|p2a: Billions Must Fly|Earthquake|p1a: van gho
|-supereffective|p1a: van gho
|-damage|p1a: van gho|0 fnt
|faint|p1a: van gho
|
|upkeep
|
|t:|1776069286
|switch|p1a: Dragonite|Dragonite, F|100/100
|turn|14
|
|t:|1776069289
|move|p2a: Billions Must Fly|Ice Spinner|p1a: Dragonite
|-supereffective|p1a: Dragonite
|-damage|p1a: Dragonite|0 fnt
|faint|p1a: Dragonite
|
|upkeep
|
|t:|1776069292
|switch|p1a: Rotom|Rotom-Wash|41/100
|turn|15
|
|t:|1776069294
|move|p2a: Billions Must Fly|Extreme Speed|p1a: Rotom
|-damage|p1a: Rotom|0 fnt
|faint|p1a: Rotom
|
|win|bahnmiking
|raw|ouku bakuza's rating: 1494 &rarr; <strong>1483</strong><br />(-11 for losing)
|raw|bahnmiking's rating: 1667 &rarr; <strong>1678</strong><br />(+11 for winning)
|l|☆ouku bakuza
|player|p1|
