|j|☆encore21768768
|j|☆Abyssal Bot
|t:|1776336404
|gametype|singles
|player|p1|encore21768768|265|
|player|p2|Abyssal Bot|supernerd|
|teamsize|p1|6
|teamsize|p2|6
|gen|9
|tier|[Gen 9] OU
|rule|Species Clause: Limit one of each Pokémon
|rule|OHKO Clause: OHKO moves are banned
|rule|Evasion Items Clause: Evasion items are banned
|rule|Evasion Moves Clause: Evasion moves are banned
|rule|Endless Battle Clause: Forcing endless battles is banned
|rule|HP Percentage Mod: HP is shown in percentages
|rule|Sleep Moves Clause: Sleep-inducing moves are banned
|clearpoke
|poke|p1|Toucannon, F|
|poke|p1|Dragonite, M|
|poke|p1|Zamazenta-*|
|poke|p1|Iron Treads|
|poke|p1|Zapdos|
|poke|p1|Primarina, F|
|poke|p2|Gliscor, F|
|poke|p2|Alomomola, M|
|poke|p2|Gholdengo|
|poke|p2|Hoopa-Unbound|
|poke|p2|Cinderace, F|
|poke|p2|Zamazenta-*|
|teampreview
|c|☆Abyssal Bot|Good Luck and Have Fun my Friend!
|inactive|Battle timer is ON: inactive players will automatically lose when time's up. (requested by Abyssal Bot)
|j|*Turbo Bottttt
|
|t:|1776336407
|start
|switch|p1a: Shanks|Zamazenta|100/100
|switch|p2a: Zamazenta|Zamazenta|100/100
|-ability|p2a: Zamazenta|Dauntless Shield|boost
|-boost|p2a: Zamazenta|def|1
|-ability|p1a: Shanks|Dauntless Shield|boost
|-boost|p1a: Shanks|def|1
|turn|1
|
|t:|1776336409
|switch|p2a: Gholdengo|Gholdengo|100/100
|move|p1a: Shanks|Close Combat|p2a: Gholdengo
|-immune|p2a: Gholdengo
|
|upkeep
|turn|2
|
|t:|1776336412
|switch|p1a: Shirahoshi|Primarina, F|100/100
|move|p2a: Gholdengo|Make It Rain|p1a: Shirahoshi
|-damage|p1a: Shirahoshi|65/100
|-unboost|p2a: Gholdengo|spa|1
|
|upkeep
|turn|3
|
|t:|1776336415
|move|p2a: Gholdengo|Make It Rain|p1a: Shirahoshi
|-damage|p1a: Shirahoshi|41/100
|-unboost|p2a: Gholdengo|spa|1
|move|p1a: Shirahoshi|Flip Turn|p2a: Gholdengo
|-damage|p2a: Gholdengo|83/100
|
|t:|1776336418
|switch|p1a: Eustass Kid|Iron Treads|100/100|[from] Flip Turn
|-item|p1a: Eustass Kid|Air Balloon
|
|upkeep
|turn|4
|
|t:|1776336420
|switch|p2a: Gliscor|Gliscor, F|100/100
|move|p1a: Eustass Kid|Earthquake|p2a: Gliscor
|-immune|p2a: Gliscor
|
|-status|p2a: Gliscor|tox|[from] item: Toxic Orb
|upkeep
|turn|5
|
|t:|1776336423
|move|p2a: Gliscor|Protect|p2a: Gliscor
|-singleturn|p2a: Gliscor|Protect
|move|p1a: Eustass Kid|Ice Spinner|p2a: Gliscor
|-activate|p2a: Gliscor|move: Protect
|
|upkeep
|turn|6
|
|t:|1776336425
|move|p1a: Eustass Kid|Ice Spinner|p2a: Gliscor
|-supereffective|p2a: Gliscor
|-damage|p2a: Gliscor|20/100 tox
|move|p2a: Gliscor|Swords Dance|p2a: Gliscor
|-boost|p2a: Gliscor|atk|2
|
|-heal|p2a: Gliscor|32/100 tox|[from] ability: Poison Heal
|upkeep
|turn|7
|
|t:|1776336429
|move|p1a: Eustass Kid|Ice Spinner|p2a: Gliscor
|-supereffective|p2a: Gliscor
|-damage|p2a: Gliscor|0 tox
|faint|p2a: Gliscor
|
|upkeep
|
|t:|1776336429
|switch|p2a: Alomomola|Alomomola, M|100/100
|turn|8
|
|t:|1776336431
|move|p1a: Eustass Kid|Knock Off|p2a: Alomomola
|-damage|p2a: Alomomola|85/100
|-enditem|p2a: Alomomola|Red Card|[from] move: Knock Off|[of] p1a: Eustass Kid
|move|p2a: Alomomola|Flip Turn|p1a: Eustass Kid
|-supereffective|p1a: Eustass Kid
|-damage|p1a: Eustass Kid|72/100
|-enditem|p1a: Eustass Kid|Air Balloon
|
|t:|1776336431
|switch|p2a: Zamazenta|Zamazenta|100/100|[from] Flip Turn
|
|upkeep
|turn|9
|
|t:|1776336435
|move|p2a: Zamazenta|Iron Defense|p2a: Zamazenta
|-boost|p2a: Zamazenta|def|2
|move|p1a: Eustass Kid|Knock Off|p2a: Zamazenta
|-resisted|p2a: Zamazenta
|-damage|p2a: Zamazenta|95/100
|-enditem|p2a: Zamazenta|Leftovers|[from] move: Knock Off|[of] p1a: Eustass Kid
|
|upkeep
|turn|10
|
|t:|1776336440
|move|p2a: Zamazenta|Body Press|p1a: Eustass Kid
|-supereffective|p1a: Eustass Kid
|-damage|p1a: Eustass Kid|0
|faint|p1a: Eustass Kid
|-end|p1a: Eustass Kid|Quark Drive|[silent]
|
|upkeep
|
|t:|1776336442
|switch|p1a: Enel|Zapdos|100/100
|turn|11
|
|t:|1776336444
|switch|p2a: Gholdengo|Gholdengo|83/100
|move|p1a: Enel|Hurricane|p2a: Gholdengo
|-resisted|p2a: Gholdengo
|-damage|p2a: Gholdengo|32/100
|
|upkeep
|turn|12
|
|t:|1776336447
|switch|p1a: Shirahoshi|Primarina, F|41/100
|move|p2a: Gholdengo|Shadow Ball|p1a: Shirahoshi
|-damage|p1a: Shirahoshi|19/100
|
|upkeep
|turn|13
|
|t:|1776336449
|move|p2a: Gholdengo|Shadow Ball|p1a: Shirahoshi
|-damage|p1a: Shirahoshi|0
|faint|p1a: Shirahoshi
|
|upkeep
|
|t:|1776336452
|switch|p1a: Monkey D. nite|Dragonite, M|100/100
|turn|14
|
|t:|1776336458
|move|p2a: Gholdengo|Shadow Ball|p1a: Monkey D. nite
|-damage|p1a: Monkey D. nite|77/100
|move|p1a: Monkey D. nite|Dragon Dance|p1a: Monkey D. nite
|-boost|p1a: Monkey D. nite|atk|1
|-boost|p1a: Monkey D. nite|spe|1
|
|upkeep
|turn|15
|
|t:|1776336461
|move|p2a: Gholdengo|Shadow Ball|p1a: Monkey D. nite
|-damage|p1a: Monkey D. nite|34/100
|-unboost|p1a: Monkey D. nite|spd|1
|move|p1a: Monkey D. nite|Dragon Dance|p1a: Monkey D. nite
|-boost|p1a: Monkey D. nite|atk|1
|-boost|p1a: Monkey D. nite|spe|1
|
|upkeep
|turn|16
|
|t:|1776336463
|move|p1a: Monkey D. nite|Fire Punch|p2a: Gholdengo
|-supereffective|p2a: Gholdengo
|-damage|p2a: Gholdengo|0
|faint|p2a: Gholdengo
|
|upkeep
|
|t:|1776336463
|switch|p2a: Hoopa|Hoopa-Unbound|100/100
|turn|17
|
|t:|1776336465
|move|p1a: Monkey D. nite|Scale Shot|p2a: Hoopa
|-damage|p2a: Hoopa|72/100
|-damage|p2a: Hoopa|42/100
|-damage|p2a: Hoopa|12/100
|-damage|p2a: Hoopa|0
|faint|p2a: Hoopa
|-hitcount|p2: Hoopa|4
|-unboost|p1a: Monkey D. nite|def|1
|-boost|p1a: Monkey D. nite|spe|1
|
|upkeep
|
|t:|1776336465
|switch|p2a: Cinderace|Cinderace, F|100/100
|turn|18
|
|t:|1776336476
|move|p1a: Monkey D. nite|Extreme Speed|p2a: Cinderace
|-damage|p2a: Cinderace|17/100
|move|p2a: Cinderace|Pyro Ball|p1a: Monkey D. nite
|-resisted|p1a: Monkey D. nite
|-damage|p1a: Monkey D. nite|0
|faint|p1a: Monkey D. nite
|
|upkeep
|
|t:|1776336484
|switch|p1a: Shanks|Zamazenta|100/100
|turn|19
|
|t:|1776336486
|move|p1a: Shanks|Close Combat|p2a: Cinderace
|-damage|p2a: Cinderace|0
|-unboost|p1a: Shanks|def|1
|-unboost|p1a: Shanks|spd|1
|faint|p2a: Cinderace
|
|upkeep
|
|t:|1776336486
|switch|p2a: Zamazenta|Zamazenta|95/100
|turn|20
|
|t:|1776336487
|move|p2a: Zamazenta|Iron Defense|p2a: Zamazenta
|-boost|p2a: Zamazenta|def|2
|move|p1a: Shanks|Close Combat|p2a: Zamazenta
|-damage|p2a: Zamazenta|65/100
|-unboost|p1a: Shanks|def|1
|-unboost|p1a: Shanks|spd|1
|
|upkeep
|turn|21
|
|t:|1776336491
|move|p2a: Zamazenta|Body Press|p1a: Shanks
|-crit|p1a: Shanks
|-damage|p1a: Shanks|0
|faint|p1a: Shanks
|
|upkeep
|c|☆Abyssal Bot|I had warned you about hax!! HAHAHA
|
|t:|1776336497
|switch|p1a: Franky|Toucannon, F|100/100
|turn|22
|
|t:|1776336498
|switch|p2a: Alomomola|Alomomola, M|100/100
|-singleturn|p1a: Franky|move: Beak Blast
|move|p1a: Franky|Beak Blast|p2a: Alomomola
|-damage|p2a: Alomomola|74/100
|
|upkeep
|turn|23
|
|t:|1776336501
|move|p1a: Franky|Knock Off|p2a: Alomomola
|-damage|p2a: Alomomola|61/100
|move|p2a: Alomomola|Wish|p2a: Alomomola
|
|upkeep
|turn|24
|
|t:|1776336505
|-singleturn|p1a: Franky|move: Beak Blast
|move|p2a: Alomomola|Acrobatics|p1a: Franky
|-damage|p1a: Franky|75/100
|-status|p2a: Alomomola|brn
|move|p1a: Franky|Beak Blast|p2a: Alomomola
|-damage|p2a: Alomomola|31/100 brn
|
|-heal|p2a: Alomomola|81/100 brn|[from] move: Wish|[wisher] Alomomola
|-damage|p2a: Alomomola|75/100 brn|[from] brn|[of] p1a: Franky
|upkeep
|turn|25
|
|t:|1776336507
|switch|p1a: Enel|Zapdos|100/100
|move|p2a: Alomomola|Wish|p2a: Alomomola
|
|-damage|p2a: Alomomola|69/100 brn|[from] brn|[of] p1: Franky
|upkeep
|turn|26
|
|t:|1776336510
|switch|p2a: Zamazenta|Zamazenta|65/100
|move|p1a: Enel|Volt Switch|p2a: Zamazenta
|-damage|p2a: Zamazenta|22/100
|
|t:|1776336511
|switch|p1a: Franky|Toucannon, F|75/100|[from] Volt Switch
|
|-heal|p2a: Zamazenta|98/100|[from] move: Wish|[wisher] Alomomola
|upkeep
|turn|27
|
|t:|1776336513
|switch|p2a: Alomomola|Alomomola, M|100/100 brn
|-singleturn|p1a: Franky|move: Beak Blast
|move|p1a: Franky|Beak Blast|p2a: Alomomola
|-damage|p2a: Alomomola|73/100 brn
|
|-damage|p2a: Alomomola|67/100 brn|[from] brn|[of] p1a: Franky
|upkeep
|turn|28
|
|t:|1776336515
|switch|p1a: Enel|Zapdos|100/100
|move|p2a: Alomomola|Protect||[still]
|-fail|p2a: Alomomola
|
|-damage|p2a: Alomomola|61/100 brn|[from] brn|[of] p1: Franky
|upkeep
|turn|29
|
|t:|1776336517
|switch|p2a: Zamazenta|Zamazenta|98/100
|move|p1a: Enel|Hurricane|p2a: Zamazenta|[miss]
|-miss|p1a: Enel|p2a: Zamazenta
|
|upkeep
|turn|30
|c|☆Abyssal Bot|That thing needs an eye doctor
|
|t:|1776336519
|move|p2a: Zamazenta|Body Press|p1a: Enel
|-resisted|p1a: Enel
|-damage|p1a: Enel|77/100
|move|p1a: Enel|Hurricane|p2a: Zamazenta|[miss]
|-miss|p1a: Enel|p2a: Zamazenta
|
|upkeep
|turn|31
|c|☆Abyssal Bot|I had warned you about hax!! HAHAHA
|
|t:|1776336521
|move|p2a: Zamazenta|Iron Defense|p2a: Zamazenta
|-boost|p2a: Zamazenta|def|2
|move|p1a: Enel|Hurricane|p2a: Zamazenta
|-supereffective|p2a: Zamazenta
|-damage|p2a: Zamazenta|0
|faint|p2a: Zamazenta
|
|upkeep
|
|t:|1776336521
|switch|p2a: Alomomola|Alomomola, M|94/100 brn
|turn|32
|
|t:|1776336523
|move|p1a: Enel|Hurricane|p2a: Alomomola
|-damage|p2a: Alomomola|3/100 brn
|move|p2a: Alomomola|Flip Turn|p1a: Enel
|-damage|p1a: Enel|67/100
|
|-damage|p2a: Alomomola|0 brn|[from] brn|[of] p1: Franky
|faint|p2a: Alomomola
|
|win|encore21768768
|upkeep
|c|☆Abyssal Bot|Well Played.
|l|☆Abyssal Bot
|player|p2|
|l|*Turbo Bottttt
