|html|<div class="broadcast-blue"><strong>[Gen 9] OU is currently suspecting Tera Blast! For information on how to participate check out the <a href="https://www.smogon.com/tools/suspects/view/200">suspect thread</a>.</strong></div>
|j|☆TravelingMeowth
|j|☆The Quaggie Boys
|t:|1776142663
|gametype|singles
|player|p1|TravelingMeowth|pokemonranger-gen4|1239
|player|p2|The Quaggie Boys|ingo|1204
|gen|9
|tier|[Gen 9] OU
|rated|
|rule|HP Percentage Mod: HP is shown in percentages
|rule|Endless Battle Clause: Forcing endless battles is banned
|rule|Species Clause: Limit one of each Pokémon
|rule|OHKO Clause: OHKO moves are banned
|rule|Evasion Items Clause: Evasion items are banned
|rule|Evasion Moves Clause: Evasion moves are banned
|rule|Evasion Abilities Clause: Evasion abilities are banned
|rule|Sleep Moves Clause: Sleep-inducing moves are banned
|clearpoke
|poke|p1|Pecharunt|
|poke|p1|Magnezone|
|poke|p1|Landorus-Therian, M|
|poke|p1|Darkrai|
|poke|p1|Zamazenta-*|
|poke|p1|Rillaboom, M|
|poke|p2|Quagsire, M|
|poke|p2|Camerupt, F|
|poke|p2|Hatterene, F|
|poke|p2|Hoopa-Unbound|
|poke|p2|Diancie|
|poke|p2|Necrozma|
|teampreview
|inactive|Battle timer is ON: inactive players will automatically lose when time's up. (requested by The Quaggie Boys)
|
|t:|1776142671
|teamsize|p1|6
|teamsize|p2|6
|start
|switch|p1a: Landorus|Landorus-Therian, M|100/100
|switch|p2a: Necrozma|Necrozma|100/100
|-ability|p1a: Landorus|Intimidate|boost
|-unboost|p2a: Necrozma|atk|1
|turn|1
|
|t:|1776142684
|switch|p2a: Hatterene|Hatterene, F|100/100
|move|p1a: Landorus|Stealth Rock|p2a: Hatterene
|move|p2a: Hatterene|Stealth Rock|p1a: Landorus|[from] ability: Magic Bounce
|-sidestart|p1: TravelingMeowth|move: Stealth Rock
|
|upkeep
|turn|2
|
|t:|1776142692
|move|p1a: Landorus|U-turn|p2a: Hatterene
|-damage|p2a: Hatterene|74/100
|
|t:|1776142700
|switch|p1a: Magnezone|Magnezone|100/100|[from] U-turn
|-damage|p1a: Magnezone|94/100|[from] Stealth Rock
|move|p2a: Hatterene|Trick Room|p2a: Hatterene
|-fieldstart|move: Trick Room|[of] p2a: Hatterene
|
|upkeep
|turn|3
|
|t:|1776142706
|move|p2a: Hatterene|Mystical Fire|p1a: Magnezone
|-supereffective|p1a: Magnezone
|-damage|p1a: Magnezone|0 fnt
|faint|p1a: Magnezone
|-damage|p2a: Hatterene|64/100|[from] item: Life Orb
|
|upkeep
|
|t:|1776142732
|switch|p1a: Pecharunt|Pecharunt|100/100
|turn|4
|
|t:|1776142744
|move|p2a: Hatterene|Psyshock|p1a: Pecharunt
|-supereffective|p1a: Pecharunt
|-damage|p1a: Pecharunt|45/100
|-damage|p2a: Hatterene|54/100|[from] item: Life Orb
|move|p1a: Pecharunt|Malignant Chain|p2a: Hatterene
|-supereffective|p2a: Hatterene
|-damage|p2a: Hatterene|0 fnt
|faint|p2a: Hatterene
|
|upkeep
|
|t:|1776142753
|switch|p2a: Camerupt|Camerupt, F, shiny|100/100
|turn|5
|
|t:|1776142772
|switch|p1a: Landorus|Landorus-Therian, M|100/100
|-damage|p1a: Landorus|88/100|[from] Stealth Rock
|-ability|p1a: Landorus|Intimidate|boost
|-unboost|p2a: Camerupt|atk|1
|move|p2a: Camerupt|Eruption|p1a: Landorus
|-damage|p1a: Landorus|0 fnt
|faint|p1a: Landorus
|
|upkeep
|inactive|TravelingMeowth has 120 seconds left.
|
|t:|1776142790
|switch|p1a: Zamazenta|Zamazenta|100/100
|-damage|p1a: Zamazenta|94/100|[from] Stealth Rock
|-ability|p1a: Zamazenta|Dauntless Shield|boost
|-boost|p1a: Zamazenta|def|1
|turn|6
|
|t:|1776142802
|switch|p2a: Necrozma|Necrozma|100/100
|move|p1a: Zamazenta|Body Press|p2a: Necrozma
|-resisted|p2a: Necrozma
|-damage|p2a: Necrozma|78/100
|
|-heal|p1a: Zamazenta|100/100|[from] item: Leftovers
|-fieldend|move: Trick Room
|upkeep
|turn|7
|
|t:|1776142811
|move|p1a: Zamazenta|Crunch|p2a: Necrozma
|-supereffective|p2a: Necrozma
|-damage|p2a: Necrozma|50/100
|-unboost|p2a: Necrozma|def|1
|move|p2a: Necrozma|Trick Room|p2a: Necrozma
|-fieldstart|move: Trick Room|[of] p2a: Necrozma
|
|upkeep
|turn|8
|inactive|TravelingMeowth has 120 seconds left.
|
|t:|1776142847
|move|p2a: Necrozma|Photon Geyser|p1a: Zamazenta
|-supereffective|p1a: Zamazenta
|-damage|p1a: Zamazenta|14/100
|move|p1a: Zamazenta|Substitute|p1a: Zamazenta
|-fail|p1a: Zamazenta|move: Substitute|[weak]
|
|-heal|p1a: Zamazenta|20/100|[from] item: Leftovers
|upkeep
|turn|9
|
|t:|1776142859
|switch|p1a: Darkrai|Darkrai|100/100
|-damage|p1a: Darkrai|88/100|[from] Stealth Rock
|move|p2a: Necrozma|Meteor Beam||[still]
|-prepare|p2a: Necrozma|Meteor Beam
|-boost|p2a: Necrozma|spa|1
|-enditem|p2a: Necrozma|Power Herb
|-anim|p2a: Necrozma|Meteor Beam|p1a: Darkrai
|-damage|p1a: Darkrai|0 fnt
|faint|p1a: Darkrai
|
|upkeep
|-message|TravelingMeowth forfeited.
|
|win|The Quaggie Boys
|raw|TravelingMeowth's rating: 1239 &rarr; <strong>1211</strong><br />(-28 for losing)
|raw|The Quaggie Boys's rating: 1204 &rarr; <strong>1232</strong><br />(+28 for winning)
|l|☆TravelingMeowth
|player|p1|
