|html|<div class="broadcast-blue"><strong>[Gen 9] OU is currently suspecting Tera Blast! For information on how to participate check out the <a href="https://www.smogon.com/tools/suspects/view/200">suspect thread</a>.</strong></div>
|j|☆Underoverated
|j|☆HildaBeast23
|t:|1776047319
|gametype|singles
|player|p1|Underoverated|101|1040
|player|p2|HildaBeast23|101|1054
|gen|9
|tier|[Gen 9] OU
|rated|
|rule|HP Percentage Mod: HP is shown in percentages
|rule|Endless Battle Clause: Forcing endless battles is banned
|rule|Species Clause: Limit one of each Pokémon
|rule|OHKO Clause: OHKO moves are banned
|rule|Evasion Items Clause: Evasion items are banned
|rule|Evasion Moves Clause: Evasion moves are banned
|rule|Evasion Abilities Clause: Evasion abilities are banned
|rule|Sleep Moves Clause: Sleep-inducing moves are banned
|clearpoke
|poke|p1|Ting-Lu|
|poke|p1|Great Tusk|
|poke|p1|Gholdengo|
|poke|p1|Zamazenta-*|
|poke|p1|Ogerpon-Wellspring, F|
|poke|p1|Moltres|
|poke|p2|Cyclizar, M|
|poke|p2|Toxtricity-Low-Key, M|
|poke|p2|Hitmonchan, M|
|poke|p2|Drednaw, M|
|poke|p2|Armarouge, M|
|poke|p2|Wo-Chien|
|teampreview
|
|t:|1776047338
|teamsize|p1|6
|teamsize|p2|6
|start
|switch|p1a: Ting-Lu|Ting-Lu|100/100
|switch|p2a: Wo-Chien|Wo-Chien|100/100
|-ability|p2a: Wo-Chien|Tablets of Ruin
|-ability|p1a: Ting-Lu|Vessel of Ruin
|turn|1
|inactive|Battle timer is ON: inactive players will automatically lose when time's up. (requested by HildaBeast23)
|
|t:|1776047350
|move|p2a: Wo-Chien|Stun Spore|p1a: Ting-Lu|[miss]
|-miss|p2a: Wo-Chien|p1a: Ting-Lu
|move|p1a: Ting-Lu|Stealth Rock|p2a: Wo-Chien
|-sidestart|p2: HildaBeast23|move: Stealth Rock
|
|upkeep
|turn|2
|
|t:|1776047358
|move|p2a: Wo-Chien|Stun Spore|p1a: Ting-Lu
|-status|p1a: Ting-Lu|par
|move|p1a: Ting-Lu|Spikes|p2a: Wo-Chien
|-sidestart|p2: HildaBeast23|Spikes
|
|upkeep
|turn|3
|
|t:|1776047367
|move|p2a: Wo-Chien|Leech Seed|p1a: Ting-Lu|[miss]
|-miss|p2a: Wo-Chien|p1a: Ting-Lu
|move|p1a: Ting-Lu|Earthquake|p2a: Wo-Chien
|-resisted|p2a: Wo-Chien
|-damage|p2a: Wo-Chien|89/100
|
|-heal|p2a: Wo-Chien|95/100|[from] item: Leftovers
|upkeep
|turn|4
|
|t:|1776047383
|switch|p1a: Great Tusk|Great Tusk|100/100
|move|p2a: Wo-Chien|Leech Seed|p1a: Great Tusk
|-start|p1a: Great Tusk|move: Leech Seed
|
|-heal|p2a: Wo-Chien|100/100|[from] item: Leftovers
|-damage|p1a: Great Tusk|88/100|[from] Leech Seed|[of] p2a: Wo-Chien
|upkeep
|turn|5
|
|t:|1776047396
|move|p1a: Great Tusk|Knock Off|p2a: Wo-Chien
|-resisted|p2a: Wo-Chien
|-damage|p2a: Wo-Chien|91/100
|-enditem|p2a: Wo-Chien|Leftovers|[from] move: Knock Off|[of] p1a: Great Tusk
|move|p2a: Wo-Chien|Stun Spore|p1a: Great Tusk
|-status|p1a: Great Tusk|par
|
|-damage|p1a: Great Tusk|76/100 par|[from] Leech Seed|[of] p2a: Wo-Chien
|-heal|p2a: Wo-Chien|100/100|[silent]
|upkeep
|turn|6
|
|t:|1776047411
|switch|p2a: Hitmonchan|Hitmonchan, M|100/100
|-damage|p2a: Hitmonchan|95/100|[from] Stealth Rock
|-damage|p2a: Hitmonchan|82/100|[from] Spikes
|-end|p1a: Great Tusk|Protosynthesis|[silent]
|switch|p1a: Zamazenta|Zamazenta|100/100
|-ability|p1a: Zamazenta|Dauntless Shield|boost
|-boost|p1a: Zamazenta|def|1
|
|upkeep
|turn|7
|
|t:|1776047421
|move|p1a: Zamazenta|Iron Defense|p1a: Zamazenta
|-boost|p1a: Zamazenta|def|2
|move|p2a: Hitmonchan|Rapid Spin|p1a: Zamazenta
|-damage|p1a: Zamazenta|96/100
|-boost|p2a: Hitmonchan|spe|1
|-sideend|p2: HildaBeast23|Spikes|[from] move: Rapid Spin|[of] p2a: Hitmonchan
|-sideend|p2: HildaBeast23|Stealth Rock|[from] move: Rapid Spin|[of] p2a: Hitmonchan
|
|-heal|p1a: Zamazenta|100/100|[from] item: Leftovers
|upkeep
|turn|8
|
|t:|1776047436
|move|p1a: Zamazenta|Crunch|p2a: Hitmonchan
|-resisted|p2a: Hitmonchan
|-damage|p2a: Hitmonchan|64/100
|move|p2a: Hitmonchan|Knock Off|p1a: Zamazenta
|-resisted|p1a: Zamazenta
|-damage|p1a: Zamazenta|96/100
|-enditem|p1a: Zamazenta|Leftovers|[from] move: Knock Off|[of] p2a: Hitmonchan
|
|upkeep
|turn|9
|
|t:|1776047450
|switch|p2a: Toxtricity|Toxtricity-Low-Key, M|100/100
|move|p1a: Zamazenta|Body Press|p2a: Toxtricity
|-resisted|p2a: Toxtricity
|-damage|p2a: Toxtricity|57/100
|
|-heal|p2a: Toxtricity|63/100|[from] item: Black Sludge
|upkeep
|turn|10
|
|t:|1776047459
|move|p1a: Zamazenta|Body Press|p2a: Toxtricity
|-resisted|p2a: Toxtricity
|-damage|p2a: Toxtricity|19/100
|move|p2a: Toxtricity|Magnetic Flux|p2a: Toxtricity
|-boost|p2a: Toxtricity|def|1
|-boost|p2a: Toxtricity|spd|1
|
|-heal|p2a: Toxtricity|25/100|[from] item: Black Sludge
|upkeep
|turn|11
|
|t:|1776047469
|move|p2a: Toxtricity|Protect|p2a: Toxtricity
|-singleturn|p2a: Toxtricity|Protect
|move|p1a: Zamazenta|Body Press|p2a: Toxtricity
|-activate|p2a: Toxtricity|move: Protect
|
|-heal|p2a: Toxtricity|31/100|[from] item: Black Sludge
|upkeep
|turn|12
|
|t:|1776047484
|switch|p1a: Moltres|Moltres|100/100
|move|p2a: Toxtricity|Acid Spray|p1a: Moltres
|-damage|p1a: Moltres|85/100
|-unboost|p1a: Moltres|spd|2
|
|-heal|p2a: Toxtricity|38/100|[from] item: Black Sludge
|upkeep
|turn|13
|
|t:|1776047500
|move|p2a: Toxtricity|Protect|p2a: Toxtricity
|-singleturn|p2a: Toxtricity|Protect
|move|p1a: Moltres|Will-O-Wisp|p2a: Toxtricity
|-activate|p2a: Toxtricity|move: Protect
|
|-heal|p2a: Toxtricity|44/100|[from] item: Black Sludge
|upkeep
|turn|14
|
|t:|1776047511
|move|p1a: Moltres|Hurricane|p2a: Toxtricity
|-resisted|p2a: Toxtricity
|-crit|p2a: Toxtricity
|-damage|p2a: Toxtricity|8/100
|-start|p2a: Toxtricity|confusion
|-activate|p2a: Toxtricity|confusion
|-damage|p2a: Toxtricity|3/100|[from] confusion
|
|-heal|p2a: Toxtricity|9/100|[from] item: Black Sludge
|upkeep
|turn|15
|
|t:|1776047521
|-activate|p2a: Toxtricity|confusion
|move|p2a: Toxtricity|Protect|p2a: Toxtricity
|-singleturn|p2a: Toxtricity|Protect
|move|p1a: Moltres|Flamethrower|p2a: Toxtricity
|-activate|p2a: Toxtricity|move: Protect
|
|-heal|p2a: Toxtricity|15/100|[from] item: Black Sludge
|upkeep
|turn|16
|
|t:|1776047531
|move|p1a: Moltres|Roost|p1a: Moltres
|-heal|p1a: Moltres|100/100
|-singleturn|p1a: Moltres|move: Roost
|-activate|p2a: Toxtricity|confusion
|-damage|p2a: Toxtricity|10/100|[from] confusion
|
|-heal|p2a: Toxtricity|16/100|[from] item: Black Sludge
|upkeep
|turn|17
|
|t:|1776047540
|-end|p2a: Toxtricity|confusion
|move|p2a: Toxtricity|Protect|p2a: Toxtricity
|-singleturn|p2a: Toxtricity|Protect
|move|p1a: Moltres|Hurricane|p2a: Toxtricity
|-activate|p2a: Toxtricity|move: Protect
|
|-heal|p2a: Toxtricity|22/100|[from] item: Black Sludge
|upkeep
|turn|18
|
|t:|1776047554
|move|p1a: Moltres|Flamethrower|p2a: Toxtricity
|-damage|p2a: Toxtricity|0 fnt
|faint|p2a: Toxtricity
|
|upkeep
|
|t:|1776047560
|switch|p2a: Armarouge|Armarouge, M|100/100
|turn|19
|
|t:|1776047564
|switch|p1a: Ting-Lu|Ting-Lu|100/100 par
|-ability|p1a: Ting-Lu|Vessel of Ruin
|move|p2a: Armarouge|Calm Mind|p2a: Armarouge
|-boost|p2a: Armarouge|spa|1
|-boost|p2a: Armarouge|spd|1
|
|upkeep
|turn|20
|
|t:|1776047574
|move|p2a: Armarouge|Iron Defense|p2a: Armarouge
|-boost|p2a: Armarouge|def|2
|move|p1a: Ting-Lu|Stealth Rock|p2a: Armarouge
|-sidestart|p2: HildaBeast23|move: Stealth Rock
|
|upkeep
|turn|21
|
|t:|1776047580
|move|p2a: Armarouge|Calm Mind|p2a: Armarouge
|-boost|p2a: Armarouge|spa|1
|-boost|p2a: Armarouge|spd|1
|move|p1a: Ting-Lu|Spikes|p2a: Armarouge
|-sidestart|p2: HildaBeast23|Spikes
|
|upkeep
|turn|22
|
|t:|1776047588
|move|p2a: Armarouge|Calm Mind|p2a: Armarouge
|-boost|p2a: Armarouge|spa|1
|-boost|p2a: Armarouge|spd|1
|move|p1a: Ting-Lu|Earthquake|p2a: Armarouge
|-supereffective|p2a: Armarouge
|-crit|p2a: Armarouge
|-damage|p2a: Armarouge|7/100
|-ability|p2a: Armarouge|Weak Armor|boost
|-unboost|p2a: Armarouge|def|1
|-boost|p2a: Armarouge|spe|2
|
|upkeep
|turn|23
|
|t:|1776047601
|move|p2a: Armarouge|Armor Cannon|p1a: Ting-Lu
|-damage|p1a: Ting-Lu|42/100 par
|-unboost|p2a: Armarouge|def|1
|-unboost|p2a: Armarouge|spd|1
|move|p1a: Ting-Lu|Whirlwind|p2a: Armarouge
|drag|p2a: Drednaw|Drednaw, M|100/100
|-damage|p2a: Drednaw|88/100|[from] Stealth Rock
|-damage|p2a: Drednaw|76/100|[from] Spikes
|
|-heal|p1a: Ting-Lu|48/100 par|[from] item: Leftovers
|upkeep
|turn|24
|
|t:|1776047614
|move|p2a: Drednaw|Shell Smash|p2a: Drednaw
|-unboost|p2a: Drednaw|def|1
|-unboost|p2a: Drednaw|spd|1
|-boost|p2a: Drednaw|atk|2
|-boost|p2a: Drednaw|spa|2
|-boost|p2a: Drednaw|spe|2
|-enditem|p2a: Drednaw|White Herb
|-clearnegativeboost|p2a: Drednaw|[silent]
|move|p1a: Ting-Lu|Whirlwind|p2a: Drednaw
|drag|p2a: Armarouge|Armarouge, M|7/100
|
|-heal|p1a: Ting-Lu|54/100 par|[from] item: Leftovers
|upkeep
|turn|25
|
|t:|1776047630
|move|p2a: Armarouge|Armor Cannon|p1a: Ting-Lu
|-damage|p1a: Ting-Lu|33/100 par
|-unboost|p2a: Armarouge|def|1
|-unboost|p2a: Armarouge|spd|1
|move|p1a: Ting-Lu|Earthquake|p2a: Armarouge
|-supereffective|p2a: Armarouge
|-damage|p2a: Armarouge|0 fnt
|faint|p2a: Armarouge
|
|-heal|p1a: Ting-Lu|39/100 par|[from] item: Leftovers
|upkeep
|
|t:|1776047644
|switch|p2a: Hitmonchan|Hitmonchan, M|64/100
|-damage|p2a: Hitmonchan|58/100|[from] Stealth Rock
|-damage|p2a: Hitmonchan|46/100|[from] Spikes
|turn|26
|
|t:|1776047667
|switch|p1a: Gholdengo|Gholdengo|100/100
|-item|p1a: Gholdengo|Air Balloon
|move|p2a: Hitmonchan|Rapid Spin|p1a: Gholdengo
|-immune|p1a: Gholdengo
|
|upkeep
|turn|27
|
|t:|1776047681
|-terastallize|p2a: Hitmonchan|Dark
|move|p1a: Gholdengo|Shadow Ball|p2a: Hitmonchan
|-resisted|p2a: Hitmonchan
|-damage|p2a: Hitmonchan|31/100
|move|p2a: Hitmonchan|Knock Off|p1a: Gholdengo
|-supereffective|p1a: Gholdengo
|-damage|p1a: Gholdengo|11/100
|-enditem|p1a: Gholdengo|Air Balloon
|
|upkeep
|turn|28
|
|t:|1776047694
|move|p1a: Gholdengo|Nasty Plot|p1a: Gholdengo
|-boost|p1a: Gholdengo|spa|2
|move|p2a: Hitmonchan|Knock Off|p1a: Gholdengo
|-supereffective|p1a: Gholdengo
|-damage|p1a: Gholdengo|0 fnt
|faint|p1a: Gholdengo
|
|upkeep
|
|t:|1776047704
|switch|p1a: Moltres|Moltres|100/100
|turn|29
|
|t:|1776047708
|move|p1a: Moltres|Flamethrower|p2a: Hitmonchan
|-damage|p2a: Hitmonchan|4/100
|move|p2a: Hitmonchan|Rapid Spin|p1a: Moltres
|-damage|p1a: Moltres|90/100
|-boost|p2a: Hitmonchan|spe|1
|-sideend|p2: HildaBeast23|Spikes|[from] move: Rapid Spin|[of] p2a: Hitmonchan
|-sideend|p2: HildaBeast23|Stealth Rock|[from] move: Rapid Spin|[of] p2a: Hitmonchan
|
|upkeep
|turn|30
|
|t:|1776047720
|move|p2a: Hitmonchan|Knock Off|p1a: Moltres
|-damage|p1a: Moltres|59/100
|-status|p2a: Hitmonchan|brn|[from] ability: Flame Body|[of] p1a: Moltres
|-enditem|p1a: Moltres|Heavy-Duty Boots|[from] move: Knock Off|[of] p2a: Hitmonchan
|move|p1a: Moltres|Hurricane|p2a: Hitmonchan
|-damage|p2a: Hitmonchan|0 fnt
|faint|p2a: Hitmonchan
|
|upkeep
|
|t:|1776047738
|switch|p2a: Drednaw|Drednaw, M|76/100
|turn|31
|
|t:|1776047751
|switch|p1a: Ting-Lu|Ting-Lu|39/100 par
|-ability|p1a: Ting-Lu|Vessel of Ruin
|move|p2a: Drednaw|Shell Smash|p2a: Drednaw
|-unboost|p2a: Drednaw|def|1
|-unboost|p2a: Drednaw|spd|1
|-boost|p2a: Drednaw|atk|2
|-boost|p2a: Drednaw|spa|2
|-boost|p2a: Drednaw|spe|2
|
|-heal|p1a: Ting-Lu|46/100 par|[from] item: Leftovers
|upkeep
|turn|32
|
|t:|1776047768
|move|p2a: Drednaw|Liquidation|p1a: Ting-Lu
|-supereffective|p1a: Ting-Lu
|-damage|p1a: Ting-Lu|0 fnt
|faint|p1a: Ting-Lu
|
|upkeep
|
|t:|1776047776
|switch|p1a: Great Tusk|Great Tusk|76/100 par
|turn|33
|
|t:|1776047781
|move|p2a: Drednaw|Liquidation|p1a: Great Tusk
|-supereffective|p1a: Great Tusk
|-damage|p1a: Great Tusk|0 fnt
|faint|p1a: Great Tusk
|-end|p1a: Great Tusk|Protosynthesis|[silent]
|
|upkeep
|
|t:|1776047789
|switch|p1a: Zamazenta|Zamazenta|96/100
|turn|34
|
|t:|1776047796
|move|p1a: Zamazenta|Iron Defense|p1a: Zamazenta
|-boost|p1a: Zamazenta|def|2
|move|p2a: Drednaw|Liquidation|p1a: Zamazenta
|-damage|p1a: Zamazenta|64/100
|
|upkeep
|turn|35
|
|t:|1776047805
|move|p1a: Zamazenta|Substitute|p1a: Zamazenta
|-start|p1a: Zamazenta|Substitute
|-damage|p1a: Zamazenta|39/100
|move|p2a: Drednaw|Liquidation|p1a: Zamazenta
|-end|p1a: Zamazenta|Substitute
|
|upkeep
|turn|36
|
|t:|1776047813
|move|p1a: Zamazenta|Body Press|p2a: Drednaw
|-supereffective|p2a: Drednaw
|-damage|p2a: Drednaw|0 fnt
|faint|p2a: Drednaw
|
|upkeep
|
|t:|1776047817
|switch|p2a: Wo-Chien|Wo-Chien|100/100
|-ability|p2a: Wo-Chien|Tablets of Ruin
|turn|37
|
|t:|1776047826
|move|p1a: Zamazenta|Iron Defense|p1a: Zamazenta
|-boost|p1a: Zamazenta|def|2
|move|p2a: Wo-Chien|Stun Spore|p1a: Zamazenta
|-status|p1a: Zamazenta|par
|
|upkeep
|turn|38
|
|t:|1776047832
|move|p1a: Zamazenta|Body Press|p2a: Wo-Chien
|-supereffective|p2a: Wo-Chien
|-damage|p2a: Wo-Chien|0 fnt
|faint|p2a: Wo-Chien
|
|upkeep
|
|t:|1776047836
|switch|p2a: Cyclizar|Cyclizar, M|100/100
|turn|39
|
|t:|1776047841
|move|p2a: Cyclizar|Shift Gear|p2a: Cyclizar
|-boost|p2a: Cyclizar|spe|2
|-boost|p2a: Cyclizar|atk|1
|move|p1a: Zamazenta|Body Press|p2a: Cyclizar
|-supereffective|p2a: Cyclizar
|-damage|p2a: Cyclizar|0 fnt
|faint|p2a: Cyclizar
|
|win|Underoverated
|raw|Underoverated's rating: 1040 &rarr; <strong>1075</strong><br />(+35 for winning)
|raw|HildaBeast23's rating: 1054 &rarr; <strong>1035</strong><br />(-19 for losing)
|l|☆HildaBeast23
|player|p2|
