|html|<div class="broadcast-blue"><strong>[Gen 9] OU is currently suspecting Tera Blast! For information on how to participate check out the <a href="https://www.smogon.com/tools/suspects/view/200">suspect thread</a>.</strong></div>
|j|☆davidpha982
|j|☆brill_rlly
|t:|1776337294
|gametype|singles
|player|p1|davidpha982|hiker-gen4|1185
|player|p2|brill_rlly|psychicf-gen4|1264
|gen|9
|tier|[Gen 9] OU
|rated|
|rule|HP Percentage Mod: HP is shown in percentages
|rule|Endless Battle Clause: Forcing endless battles is banned
|rule|Species Clause: Limit one of each Pokémon
|rule|OHKO Clause: OHKO moves are banned
|rule|Evasion Items Clause: Evasion items are banned
|rule|Evasion Moves Clause: Evasion moves are banned
|rule|Evasion Abilities Clause: Evasion abilities are banned
|rule|Sleep Moves Clause: Sleep-inducing moves are banned
|clearpoke
|poke|p1|Incineroar, M|
|poke|p1|Cinderace, F|
|poke|p1|Porygon2|
|poke|p1|Dragonite, F|
|poke|p1|Samurott-Hisui, M|
|poke|p1|Ceruledge, F|
|poke|p2|Latias, F|
|poke|p2|Ninetales-Alola, M|
|poke|p2|Iron Moth|
|poke|p2|Kingambit, F|
|poke|p2|Iron Treads|
|poke|p2|Ogerpon-Wellspring, F|
|teampreview
|inactive|Battle timer is ON: inactive players will automatically lose when time's up. (requested by brill_rlly)
|
|t:|1776337321
|teamsize|p1|6
|teamsize|p2|6
|start
|switch|p1a: Samurott|Samurott-Hisui, M|100/100
|switch|p2a: Ninetales|Ninetales-Alola, M|100/100
|-weather|Snowscape|[from] ability: Snow Warning|[of] p2a: Ninetales
|turn|1
|
|t:|1776337348
|switch|p1a: Porygon2|Porygon2|100/100
|-ability|p1a: Porygon2|Download|boost
|-boost|p1a: Porygon2|atk|1
|move|p2a: Ninetales|Moonblast|p1a: Porygon2
|-damage|p1a: Porygon2|84/100
|
|-weather|Snowscape|[upkeep]
|upkeep
|turn|2
|
|t:|1776337361
|switch|p1a: Cinderace|Cinderace, F|100/100
|move|p2a: Ninetales|Aurora Veil|p2a: Ninetales
|-sidestart|p2: brill_rlly|move: Aurora Veil
|
|-weather|Snowscape|[upkeep]
|upkeep
|turn|3
|
|t:|1776337383
|switch|p2a: Latias|Latias, F|100/100
|move|p1a: Cinderace|Court Change|p1a: Cinderace
|-start|p1a: Cinderace|typechange|Normal|[from] ability: Libero
|-swapsideconditions
|-activate|p1a: Cinderace|move: Court Change
|
|-weather|Snowscape|[upkeep]
|upkeep
|turn|4
|
|t:|1776337395
|switch|p2a: Ninetales|Ninetales-Alola, M|100/100
|move|p1a: Cinderace|U-turn|p2a: Ninetales
|-resisted|p2a: Ninetales
|-damage|p2a: Ninetales|90/100
|
|t:|1776337402
|switch|p1a: Incineroar|Incineroar, M|100/100|[from] U-turn
|-ability|p1a: Incineroar|Intimidate|boost
|-unboost|p2a: Ninetales|atk|1
|
|-weather|Snowscape|[upkeep]
|upkeep
|turn|5
|
|t:|1776337411
|-terastallize|p2a: Ninetales|Water
|move|p2a: Ninetales|Aurora Veil|p2a: Ninetales
|-sidestart|p2: brill_rlly|move: Aurora Veil
|move|p1a: Incineroar|Flare Blitz|p2a: Ninetales
|-resisted|p2a: Ninetales
|-damage|p2a: Ninetales|74/100
|-damage|p1a: Incineroar|96/100|[from] Recoil
|
|-weather|none
|upkeep
|turn|6
|
|t:|1776337421
|switch|p2a: Iron Treads|Iron Treads|100/100
|-enditem|p2a: Iron Treads|Booster Energy
|-activate|p2a: Iron Treads|ability: Quark Drive|[fromitem]
|-start|p2a: Iron Treads|quarkdrivespe
|switch|p1a: Cinderace|Cinderace, F|100/100
|
|upkeep
|turn|7
|
|t:|1776337426
|move|p2a: Iron Treads|Stealth Rock|p1a: Cinderace
|-sidestart|p1: davidpha982|move: Stealth Rock
|move|p1a: Cinderace|Court Change|p1a: Cinderace
|-start|p1a: Cinderace|typechange|Normal|[from] ability: Libero
|-swapsideconditions
|-activate|p1a: Cinderace|move: Court Change
|
|upkeep
|turn|8
|
|t:|1776337437
|move|p2a: Iron Treads|Stealth Rock|p1a: Cinderace
|-sidestart|p1: davidpha982|move: Stealth Rock
|move|p1a: Cinderace|Pyro Ball|p2a: Iron Treads
|-supereffective|p2a: Iron Treads
|-damage|p2a: Iron Treads|66/100
|
|upkeep
|turn|9
|
|t:|1776337449
|move|p2a: Iron Treads|Rapid Spin|p1a: Cinderace
|-damage|p1a: Cinderace|90/100
|-boost|p2a: Iron Treads|spe|1
|-sideend|p2: brill_rlly|Stealth Rock|[from] move: Rapid Spin|[of] p2a: Iron Treads
|move|p1a: Cinderace|Pyro Ball|p2a: Iron Treads
|-supereffective|p2a: Iron Treads
|-damage|p2a: Iron Treads|29/100
|
|-sideend|p2: brill_rlly|move: Aurora Veil
|upkeep
|turn|10
|
|t:|1776337455
|move|p2a: Iron Treads|Earthquake|p1a: Cinderace
|-damage|p1a: Cinderace|54/100
|move|p1a: Cinderace|Pyro Ball|p2a: Iron Treads
|-supereffective|p2a: Iron Treads
|-damage|p2a: Iron Treads|0 fnt
|faint|p2a: Iron Treads
|-end|p2a: Iron Treads|Quark Drive|[silent]
|
|upkeep
|
|t:|1776337476
|switch|p2a: Ninetales|Ninetales-Alola, M, tera:Water|74/100
|-weather|Snowscape|[from] ability: Snow Warning|[of] p2a: Ninetales
|turn|11
|
|t:|1776337493
|switch|p2a: Ogerpon|Ogerpon-Wellspring, F|100/100
|move|p1a: Cinderace|Gunk Shot|p2a: Ogerpon
|-supereffective|p2a: Ogerpon
|-damage|p2a: Ogerpon|7/100
|-status|p2a: Ogerpon|psn
|
|-weather|Snowscape|[upkeep]
|-damage|p2a: Ogerpon|0 fnt|[from] psn
|faint|p2a: Ogerpon
|upkeep
|
|t:|1776337503
|switch|p2a: Latias|Latias, F|100/100
|turn|12
|
|t:|1776337506
|move|p1a: Cinderace|U-turn|p2a: Latias
|-supereffective|p2a: Latias
|-damage|p2a: Latias|61/100
|-enditem|p2a: Latias|Weakness Policy
|-boost|p2a: Latias|atk|2|[from] item: Weakness Policy
|-boost|p2a: Latias|spa|2|[from] item: Weakness Policy
|
|t:|1776337523
|switch|p1a: Samurott|Samurott-Hisui, M|100/100|[from] U-turn
|-damage|p1a: Samurott|88/100|[from] Stealth Rock
|move|p2a: Latias|Agility|p2a: Latias
|-boost|p2a: Latias|spe|2
|
|-weather|Snowscape|[upkeep]
|-sideend|p1: davidpha982|move: Aurora Veil
|upkeep
|turn|13
|
|t:|1776337530
|move|p2a: Latias|Aura Sphere|p1a: Samurott
|-supereffective|p1a: Samurott
|-damage|p1a: Samurott|0 fnt
|faint|p1a: Samurott
|
|-weather|Snowscape|[upkeep]
|upkeep
|
|t:|1776337544
|switch|p1a: Incineroar|Incineroar, M|96/100
|-damage|p1a: Incineroar|71/100|[from] Stealth Rock
|-ability|p1a: Incineroar|Intimidate|boost
|-unboost|p2a: Latias|atk|1
|turn|14
|
|t:|1776337549
|move|p1a: Incineroar|Fake Out|p2a: Latias
|-damage|p2a: Latias|51/100
|cant|p2a: Latias|flinch
|
|-weather|Snowscape|[upkeep]
|upkeep
|turn|15
|
|t:|1776337556
|-terastallize|p1a: Incineroar|Grass
|move|p2a: Latias|Aura Sphere|p1a: Incineroar
|-damage|p1a: Incineroar|35/100
|-enditem|p1a: Incineroar|Sitrus Berry|[eat]
|-heal|p1a: Incineroar|60/100|[from] item: Sitrus Berry
|move|p1a: Incineroar|Parting Shot|p2a: Latias
|-unboost|p2a: Latias|atk|1
|-unboost|p2a: Latias|spa|1
|
|t:|1776337567
|switch|p1a: Porygon2|Porygon2|84/100|[from] Parting Shot
|-damage|p1a: Porygon2|72/100|[from] Stealth Rock
|-ability|p1a: Porygon2|Download|boost
|-boost|p1a: Porygon2|atk|1
|
|-weather|none
|upkeep
|turn|16
|
|t:|1776337573
|move|p2a: Latias|Calm Mind|p2a: Latias
|-boost|p2a: Latias|spa|1
|-boost|p2a: Latias|spd|1
|move|p1a: Porygon2|Ice Beam|p2a: Latias
|-supereffective|p2a: Latias
|-damage|p2a: Latias|25/100
|
|upkeep
|turn|17
|
|t:|1776337579
|move|p2a: Latias|Calm Mind|p2a: Latias
|-boost|p2a: Latias|spa|1
|-boost|p2a: Latias|spd|1
|move|p1a: Porygon2|Ice Beam|p2a: Latias
|-supereffective|p2a: Latias
|-damage|p2a: Latias|4/100
|
|upkeep
|turn|18
|
|t:|1776337583
|move|p2a: Latias|Stored Power|p1a: Porygon2
|-damage|p1a: Porygon2|0 fnt
|faint|p1a: Porygon2
|
|upkeep
|
|t:|1776337586
|switch|p1a: Ceruledge|Ceruledge, F|100/100
|-damage|p1a: Ceruledge|76/100|[from] Stealth Rock
|turn|19
|
|t:|1776337592
|move|p1a: Ceruledge|Shadow Sneak|p2a: Latias
|-supereffective|p2a: Latias
|-damage|p2a: Latias|0 fnt
|faint|p2a: Latias
|
|upkeep
|
|t:|1776337600
|switch|p2a: Kingambit|Kingambit, F|100/100
|-activate|p2a: Kingambit|ability: Supreme Overlord
|-start|p2a: Kingambit|fallen3|[silent]
|turn|20
|
|t:|1776337616
|-end|p2a: Kingambit|fallen3|[silent]
|switch|p2a: Ninetales|Ninetales-Alola, M, tera:Water|74/100
|-weather|Snowscape|[from] ability: Snow Warning|[of] p2a: Ninetales
|move|p1a: Ceruledge|Bitter Blade|p2a: Ninetales
|-resisted|p2a: Ninetales
|-damage|p2a: Ninetales|46/100
|-heal|p1a: Ceruledge|93/100|[from] drain|[of] p2a: Ninetales
|
|-weather|Snowscape|[upkeep]
|upkeep
|turn|21
|
|t:|1776337627
|move|p2a: Ninetales|Aurora Veil|p2a: Ninetales
|-sidestart|p2: brill_rlly|move: Aurora Veil
|move|p1a: Ceruledge|Bitter Blade|p2a: Ninetales
|-resisted|p2a: Ninetales
|-damage|p2a: Ninetales|32/100
|-heal|p1a: Ceruledge|100/100|[from] drain|[of] p2a: Ninetales
|
|-weather|Snowscape|[upkeep]
|upkeep
|turn|22
|
|t:|1776337641
|switch|p2a: Kingambit|Kingambit, F|100/100
|-activate|p2a: Kingambit|ability: Supreme Overlord
|-start|p2a: Kingambit|fallen3|[silent]
|switch|p1a: Cinderace|Cinderace, F|54/100
|
|-weather|Snowscape|[upkeep]
|upkeep
|turn|23
|
|t:|1776337645
|move|p1a: Cinderace|Court Change|p1a: Cinderace
|-start|p1a: Cinderace|typechange|Normal|[from] ability: Libero
|-swapsideconditions
|-activate|p1a: Cinderace|move: Court Change
|move|p2a: Kingambit|Swords Dance|p2a: Kingambit
|-boost|p2a: Kingambit|atk|2
|
|-weather|Snowscape|[upkeep]
|upkeep
|turn|24
|
|t:|1776337654
|switch|p1a: Incineroar|Incineroar, M, tera:Grass|60/100
|-ability|p1a: Incineroar|Intimidate|boost
|-unboost|p2a: Kingambit|atk|1
|move|p2a: Kingambit|Sucker Punch||[still]
|-fail|p2a: Kingambit
|
|-weather|none
|upkeep
|turn|25
|
|t:|1776337664
|move|p2a: Kingambit|Low Kick|p1a: Incineroar
|-damage|p1a: Incineroar|38/100
|move|p1a: Incineroar|Parting Shot|p2a: Kingambit
|-unboost|p2a: Kingambit|atk|1
|-unboost|p2a: Kingambit|spa|1
|
|t:|1776337670
|switch|p1a: Ceruledge|Ceruledge, F|100/100|[from] Parting Shot
|
|upkeep
|turn|26
|
|t:|1776337691
|-end|p2a: Kingambit|fallen3|[silent]
|switch|p2a: Iron Moth|Iron Moth|100/100
|-damage|p2a: Iron Moth|76/100|[from] Stealth Rock
|-enditem|p2a: Iron Moth|Booster Energy
|-activate|p2a: Iron Moth|ability: Quark Drive|[fromitem]
|-start|p2a: Iron Moth|quarkdrivespe
|move|p1a: Ceruledge|Swords Dance|p1a: Ceruledge
|-boost|p1a: Ceruledge|atk|2
|
|upkeep
|turn|27
|
|t:|1776337711
|move|p1a: Ceruledge|Shadow Sneak|p2a: Iron Moth
|-damage|p2a: Iron Moth|13/100
|move|p2a: Iron Moth|Fiery Dance|p1a: Ceruledge
|-resisted|p1a: Ceruledge
|-damage|p1a: Ceruledge|88/100
|-boost|p2a: Iron Moth|spa|1
|
|upkeep
|turn|28
|
|t:|1776337718
|move|p2a: Iron Moth|Sludge Wave|p1a: Ceruledge
|-resisted|p1a: Ceruledge
|-damage|p1a: Ceruledge|69/100
|move|p1a: Ceruledge|Bitter Blade|p2a: Iron Moth
|-resisted|p2a: Iron Moth
|-damage|p2a: Iron Moth|0 fnt
|-heal|p1a: Ceruledge|76/100|[from] drain|[of] p2a: Iron Moth
|faint|p2a: Iron Moth
|-end|p2a: Iron Moth|Quark Drive|[silent]
|
|-sideend|p1: davidpha982|move: Aurora Veil
|upkeep
|
|t:|1776337728
|switch|p2a: Kingambit|Kingambit, F|100/100
|-damage|p2a: Kingambit|94/100|[from] Stealth Rock
|-activate|p2a: Kingambit|ability: Supreme Overlord
|-start|p2a: Kingambit|fallen4|[silent]
|turn|29
|
|t:|1776337733
|move|p2a: Kingambit|Sucker Punch|p1a: Ceruledge
|-supereffective|p1a: Ceruledge
|-damage|p1a: Ceruledge|0 fnt
|faint|p1a: Ceruledge
|
|upkeep
|
|t:|1776337737
|switch|p1a: Incineroar|Incineroar, M, tera:Grass|38/100
|-ability|p1a: Incineroar|Intimidate|boost
|-unboost|p2a: Kingambit|atk|1
|turn|30
|
|t:|1776337744
|-end|p2a: Kingambit|fallen4|[silent]
|switch|p2a: Ninetales|Ninetales-Alola, M, tera:Water|32/100
|-damage|p2a: Ninetales|20/100|[from] Stealth Rock
|-weather|Snowscape|[from] ability: Snow Warning|[of] p2a: Ninetales
|move|p1a: Incineroar|Flare Blitz|p2a: Ninetales
|-resisted|p2a: Ninetales
|-damage|p2a: Ninetales|0 fnt
|faint|p2a: Ninetales
|-damage|p1a: Incineroar|32/100|[from] Recoil
|
|-weather|Snowscape|[upkeep]
|upkeep
|
|t:|1776337747
|switch|p2a: Kingambit|Kingambit, F|94/100
|-damage|p2a: Kingambit|88/100|[from] Stealth Rock
|-activate|p2a: Kingambit|ability: Supreme Overlord
|-start|p2a: Kingambit|fallen5|[silent]
|turn|31
|
|t:|1776337749
|move|p2a: Kingambit|Sucker Punch|p1a: Incineroar
|-damage|p1a: Incineroar|0 fnt
|faint|p1a: Incineroar
|
|-weather|Snowscape|[upkeep]
|upkeep
|
|t:|1776337753
|switch|p1a: Cinderace|Cinderace, F|54/100
|turn|32
|
|t:|1776337759
|move|p2a: Kingambit|Sucker Punch|p1a: Cinderace
|-damage|p1a: Cinderace|0 fnt
|faint|p1a: Cinderace
|
|-weather|Snowscape|[upkeep]
|upkeep
|
|t:|1776337761
|switch|p1a: Dragonite|Dragonite, F|100/100
|turn|33
|
|t:|1776337766
|move|p2a: Kingambit|Kowtow Cleave|p1a: Dragonite
|-damage|p1a: Dragonite|58/100
|move|p1a: Dragonite|Dragon Dance|p1a: Dragonite
|-boost|p1a: Dragonite|atk|1
|-boost|p1a: Dragonite|spe|1
|
|-weather|Snowscape|[upkeep]
|upkeep
|turn|34
|
|t:|1776337771
|move|p2a: Kingambit|Sucker Punch||[still]
|-fail|p2a: Kingambit
|move|p1a: Dragonite|Dragon Dance|p1a: Dragonite
|-boost|p1a: Dragonite|atk|1
|-boost|p1a: Dragonite|spe|1
|
|-weather|none
|upkeep
|turn|35
|
|t:|1776337775
|move|p1a: Dragonite|Dragon Dance|p1a: Dragonite
|-boost|p1a: Dragonite|atk|1
|-boost|p1a: Dragonite|spe|1
|move|p2a: Kingambit|Kowtow Cleave|p1a: Dragonite
|-damage|p1a: Dragonite|0 fnt
|faint|p1a: Dragonite
|
|win|brill_rlly
|raw|davidpha982's rating: 1185 &rarr; <strong>1166</strong><br />(-19 for losing)
|raw|brill_rlly's rating: 1264 &rarr; <strong>1283</strong><br />(+19 for winning)
|l|☆davidpha982
|player|p1|
