|html|<div class="broadcast-blue"><strong>[Gen 9] OU is currently suspecting Tera Blast! For information on how to participate check out the <a href="https://www.smogon.com/tools/suspects/view/200">suspect thread</a>.</strong></div>
|j|☆zjhhhh
|j|☆solispurple
|t:|1776305051
|gametype|singles
|player|p1|zjhhhh|170|1195
|player|p2|solispurple|unknown|1218
|gen|9
|tier|[Gen 9] OU
|rated|
|rule|HP Percentage Mod: HP is shown in percentages
|rule|Endless Battle Clause: Forcing endless battles is banned
|rule|Species Clause: Limit one of each Pokémon
|rule|OHKO Clause: OHKO moves are banned
|rule|Evasion Items Clause: Evasion items are banned
|rule|Evasion Moves Clause: Evasion moves are banned
|rule|Evasion Abilities Clause: Evasion abilities are banned
|rule|Sleep Moves Clause: Sleep-inducing moves are banned
|clearpoke
|poke|p1|Ogerpon-Wellspring, F|
|poke|p1|Pecharunt|
|poke|p1|Great Tusk|
|poke|p1|Iron Crown|
|poke|p1|Landorus-Therian, M|
|poke|p1|Glimmora, F|
|poke|p2|Hatterene, F|
|poke|p2|Ursaluna, M|
|poke|p2|Hoopa-Unbound|
|poke|p2|Rillaboom, M|
|poke|p2|Kingambit, M|
|poke|p2|Cresselia, F|
|teampreview
|inactive|Battle timer is ON: inactive players will automatically lose when time's up. (requested by zjhhhh)
|
|t:|1776305058
|teamsize|p1|6
|teamsize|p2|6
|start
|switch|p1a: Glimmora|Glimmora, F|100/100
|switch|p2a: Hatterene|Hatterene, F|100/100
|turn|1
|
|t:|1776305074
|move|p1a: Glimmora|Mortal Spin|p2a: Hatterene
|-supereffective|p2a: Hatterene
|-damage|p2a: Hatterene|85/100
|-status|p2a: Hatterene|psn
|move|p2a: Hatterene|Trick Room|p2a: Hatterene
|-fieldstart|move: Trick Room|[of] p2a: Hatterene
|
|-damage|p2a: Hatterene|73/100 psn|[from] psn
|upkeep
|turn|2
|
|t:|1776305094
|move|p2a: Hatterene|Psyshock|p1a: Glimmora
|-supereffective|p1a: Glimmora
|-enditem|p1a: Glimmora|Focus Sash
|-damage|p1a: Glimmora|1/100
|move|p1a: Glimmora|Earth Power|p2a: Hatterene
|-damage|p2a: Hatterene|41/100 psn
|
|-damage|p2a: Hatterene|29/100 psn|[from] psn
|upkeep
|turn|3
|
|t:|1776305109
|switch|p1a: Iron Crown|Iron Crown|100/100
|move|p2a: Hatterene|Psyshock|p1a: Iron Crown
|-resisted|p1a: Iron Crown
|-damage|p1a: Iron Crown|89/100
|
|-damage|p2a: Hatterene|17/100 psn|[from] psn
|upkeep
|turn|4
|
|t:|1776305116
|move|p2a: Hatterene|Mystical Fire|p1a: Iron Crown
|-supereffective|p1a: Iron Crown
|-damage|p1a: Iron Crown|28/100
|-unboost|p1a: Iron Crown|spa|1
|move|p1a: Iron Crown|Tachyon Cutter|p2a: Hatterene
|-supereffective|p2a: Hatterene
|-damage|p2a: Hatterene|0 fnt
|faint|p2a: Hatterene
|-hitcount|p2: Hatterene|1
|
|upkeep
|
|t:|1776305138
|switch|p2a: Hoopa|Hoopa-Unbound|100/100
|turn|5
|
|t:|1776305157
|-end|p1a: Iron Crown|Quark Drive|[silent]
|switch|p1a: Landorus|Landorus-Therian, M|100/100
|-ability|p1a: Landorus|Intimidate|boost
|-unboost|p2a: Hoopa|atk|1
|move|p2a: Hoopa|Dark Pulse|p1a: Landorus
|-damage|p1a: Landorus|5/100
|-damage|p2a: Hoopa|91/100|[from] item: Life Orb
|
|-fieldend|move: Trick Room
|upkeep
|turn|6
|
|t:|1776305165
|move|p1a: Landorus|U-turn|p2a: Hoopa
|-supereffective|p2a: Hoopa
|-damage|p2a: Hoopa|0 fnt
|faint|p2a: Hoopa
|
|t:|1776305169
|switch|p1a: Glimmora|Glimmora, F|1/100|[from] U-turn
|
|upkeep
|
|t:|1776305188
|switch|p2a: Rillaboom|Rillaboom, M|100/100
|-fieldstart|move: Grassy Terrain|[from] ability: Grassy Surge|[of] p2a: Rillaboom
|turn|7
|
|t:|1776305197
|switch|p1a: Pecharunt|Pecharunt|100/100
|move|p2a: Rillaboom|Grassy Glide|p1a: Pecharunt
|-resisted|p1a: Pecharunt
|-damage|p1a: Pecharunt|87/100
|-damage|p2a: Rillaboom|84/100|[from] item: Rocky Helmet|[of] p1a: Pecharunt
|
|-heal|p2a: Rillaboom|90/100|[from] Grassy Terrain
|-heal|p1a: Pecharunt|93/100|[from] Grassy Terrain
|upkeep
|turn|8
|
|t:|1776305206
|switch|p2a: Kingambit|Kingambit, M|100/100
|-activate|p2a: Kingambit|ability: Supreme Overlord
|-start|p2a: Kingambit|fallen2|[silent]
|move|p1a: Pecharunt|Malignant Chain|p2a: Kingambit
|-immune|p2a: Kingambit
|
|-heal|p1a: Pecharunt|99/100|[from] Grassy Terrain
|upkeep
|turn|9
|
|t:|1776305215
|move|p1a: Pecharunt|Parting Shot|p2a: Kingambit
|-unboost|p2a: Kingambit|atk|1
|-unboost|p2a: Kingambit|spa|1
|
|t:|1776305231
|switch|p1a: Glimmora|Glimmora, F|1/100|[from] Parting Shot
|move|p2a: Kingambit|Swords Dance|p2a: Kingambit
|-boost|p2a: Kingambit|atk|2
|
|-heal|p1a: Glimmora|7/100|[from] Grassy Terrain
|upkeep
|turn|10
|
|t:|1776305242
|move|p1a: Glimmora|Stealth Rock|p2a: Kingambit
|-sidestart|p2: solispurple|move: Stealth Rock
|move|p2a: Kingambit|Iron Head|p1a: Glimmora
|-supereffective|p1a: Glimmora
|-damage|p1a: Glimmora|0 fnt
|-activate|p1a: Glimmora|ability: Toxic Debris
|-sidestart|p2: solispurple|move: Toxic Spikes
|faint|p1a: Glimmora
|
|upkeep
|
|t:|1776305246
|switch|p1a: Great Tusk|Great Tusk|100/100
|-enditem|p1a: Great Tusk|Booster Energy
|-activate|p1a: Great Tusk|ability: Protosynthesis|[fromitem]
|-start|p1a: Great Tusk|protosynthesisspe
|turn|11
|
|t:|1776305257
|-terastallize|p2a: Kingambit|Ghost
|move|p1a: Great Tusk|Headlong Rush|p2a: Kingambit
|-damage|p2a: Kingambit|61/100
|-unboost|p1a: Great Tusk|def|1
|-unboost|p1a: Great Tusk|spd|1
|move|p2a: Kingambit|Swords Dance|p2a: Kingambit
|-boost|p2a: Kingambit|atk|2
|
|-heal|p2a: Kingambit|67/100|[from] Grassy Terrain
|-heal|p2a: Kingambit|73/100|[from] item: Leftovers
|-fieldend|move: Grassy Terrain
|upkeep
|turn|12
|
|t:|1776305267
|move|p1a: Great Tusk|Knock Off|p2a: Kingambit
|-supereffective|p2a: Kingambit
|-damage|p2a: Kingambit|32/100
|-enditem|p2a: Kingambit|Leftovers|[from] move: Knock Off|[of] p1a: Great Tusk
|move|p2a: Kingambit|Iron Head|p1a: Great Tusk
|-damage|p1a: Great Tusk|0 fnt
|faint|p1a: Great Tusk
|-end|p1a: Great Tusk|Protosynthesis|[silent]
|
|upkeep
|
|t:|1776305271
|switch|p1a: Landorus|Landorus-Therian, M|5/100
|-ability|p1a: Landorus|Intimidate|boost
|-unboost|p2a: Kingambit|atk|1
|turn|13
|
|t:|1776305283
|move|p1a: Landorus|U-turn|p2a: Kingambit
|-resisted|p2a: Kingambit
|-damage|p2a: Kingambit|23/100
|
|t:|1776305291
|switch|p1a: Pecharunt|Pecharunt|99/100|[from] U-turn
|move|p2a: Kingambit|Kowtow Cleave|p1a: Pecharunt
|-supereffective|p1a: Pecharunt
|-damage|p1a: Pecharunt|0 fnt
|-damage|p2a: Kingambit|6/100|[from] item: Rocky Helmet|[of] p1a: Pecharunt
|faint|p1a: Pecharunt
|
|upkeep
|
|t:|1776305300
|switch|p1a: Ogerpon|Ogerpon-Wellspring, F|100/100
|turn|14
|
|t:|1776305307
|move|p2a: Kingambit|Sucker Punch|p1a: Ogerpon
|-damage|p1a: Ogerpon|2/100
|move|p1a: Ogerpon|Trailblaze|p2a: Kingambit
|-damage|p2a: Kingambit|0 fnt
|-boost|p1a: Ogerpon|spe|1
|faint|p2a: Kingambit
|-end|p2a: Kingambit|fallen2|[silent]
|
|upkeep
|
|t:|1776305314
|switch|p2a: Rillaboom|Rillaboom, M|90/100
|-damage|p2a: Rillaboom|78/100|[from] Stealth Rock
|-status|p2a: Rillaboom|psn
|-fieldstart|move: Grassy Terrain|[from] ability: Grassy Surge|[of] p2a: Rillaboom
|turn|15
|
|t:|1776305320
|switch|p1a: Landorus|Landorus-Therian, M|5/100
|-ability|p1a: Landorus|Intimidate|boost
|-unboost|p2a: Rillaboom|atk|1
|move|p2a: Rillaboom|Grassy Glide|p1a: Landorus
|-damage|p1a: Landorus|0 fnt
|faint|p1a: Landorus
|
|-heal|p2a: Rillaboom|84/100 psn|[from] Grassy Terrain
|-damage|p2a: Rillaboom|72/100 psn|[from] psn
|upkeep
|
|t:|1776305323
|switch|p1a: Iron Crown|Iron Crown|28/100
|turn|16
|
|t:|1776305334
|switch|p2a: Cresselia|Cresselia, F|100/100
|-damage|p2a: Cresselia|88/100|[from] Stealth Rock
|move|p1a: Iron Crown|Tachyon Cutter|p2a: Cresselia
|-damage|p2a: Cresselia|70/100
|-damage|p2a: Cresselia|51/100
|-hitcount|p2a: Cresselia|2
|
|-heal|p1a: Iron Crown|34/100|[from] Grassy Terrain
|upkeep
|turn|17
|
|t:|1776305346
|move|p1a: Iron Crown|Tachyon Cutter|p2a: Cresselia
|-damage|p2a: Cresselia|34/100
|-damage|p2a: Cresselia|15/100
|-hitcount|p2a: Cresselia|2
|move|p2a: Cresselia|Trick Room|p2a: Cresselia
|-fieldstart|move: Trick Room|[of] p2a: Cresselia
|
|-heal|p1a: Iron Crown|41/100|[from] Grassy Terrain
|upkeep
|turn|18
|
|t:|1776305353
|move|p2a: Cresselia|Lunar Dance|p2a: Cresselia
|faint|p2a: Cresselia
|move|p1a: Iron Crown|Tachyon Cutter|p2: Cresselia|[notarget]
|-fail|p1a: Iron Crown
|
|-heal|p1a: Iron Crown|47/100|[from] Grassy Terrain
|upkeep
|
|t:|1776305360
|switch|p2a: Ursaluna|Ursaluna, M|100/100
|-damage|p2a: Ursaluna|94/100|[from] Stealth Rock
|-status|p2a: Ursaluna|psn
|turn|19
|
|t:|1776305374
|move|p2a: Ursaluna|Headlong Rush|p1a: Iron Crown
|-supereffective|p1a: Iron Crown
|-damage|p1a: Iron Crown|0 fnt
|-unboost|p2a: Ursaluna|def|1
|-unboost|p2a: Ursaluna|spd|1
|faint|p1a: Iron Crown
|-end|p1a: Iron Crown|Quark Drive|[silent]
|
|-heal|p2a: Ursaluna|100/100 psn|[from] Grassy Terrain
|-damage|p2a: Ursaluna|88/100 psn|[from] psn
|-fieldend|move: Grassy Terrain
|upkeep
|
|t:|1776305379
|switch|p1a: Ogerpon|Ogerpon-Wellspring, F|2/100
|turn|20
|
|t:|1776305385
|move|p2a: Ursaluna|Headlong Rush|p1a: Ogerpon
|-resisted|p1a: Ogerpon
|-damage|p1a: Ogerpon|0 fnt
|-unboost|p2a: Ursaluna|def|1
|-unboost|p2a: Ursaluna|spd|1
|faint|p1a: Ogerpon
|
|win|solispurple
|raw|zjhhhh's rating: 1195 &rarr; <strong>1172</strong><br />(-23 for losing)
|raw|solispurple's rating: 1218 &rarr; <strong>1241</strong><br />(+23 for winning)
|l|☆zjhhhh
|player|p1|
|c|☆solispurple|gg
