|html|<div class="broadcast-blue"><strong>[Gen 9] OU is currently suspecting Tera Blast! For information on how to participate check out the <a href="https://www.smogon.com/tools/suspects/view/200">suspect thread</a>.</strong></div>
|j|☆TheKingJoker077
|j|☆mm_2012
|t:|1776039075
|gametype|singles
|player|p1|TheKingJoker077|harlequin|1126
|player|p2|mm_2012|burglar|1096
|gen|9
|tier|[Gen 9] OU
|rated|
|rule|HP Percentage Mod: HP is shown in percentages
|rule|Endless Battle Clause: Forcing endless battles is banned
|rule|Species Clause: Limit one of each Pokémon
|rule|OHKO Clause: OHKO moves are banned
|rule|Evasion Items Clause: Evasion items are banned
|rule|Evasion Moves Clause: Evasion moves are banned
|rule|Evasion Abilities Clause: Evasion abilities are banned
|rule|Sleep Moves Clause: Sleep-inducing moves are banned
|clearpoke
|poke|p1|Scizor, M|
|poke|p1|Rotom-Wash|
|poke|p1|Dragapult, M|
|poke|p1|Clefable, F|
|poke|p1|Gholdengo|
|poke|p1|Garchomp, F|
|poke|p2|Blaziken, M|
|poke|p2|Glimmora, F|
|poke|p2|Dragapult, F|
|poke|p2|Scizor, F|
|poke|p2|Great Tusk|
|poke|p2|Rotom-Mow|
|teampreview
|
|t:|1776039079
|teamsize|p1|6
|teamsize|p2|6
|start
|switch|p1a: La Otra|Garchomp, F, shiny|100/100
|switch|p2a: Glimmora|Glimmora, F|100/100
|-item|p2a: Glimmora|Air Balloon
|turn|1
|
|t:|1776039089
|move|p1a: La Otra|Stealth Rock|p2a: Glimmora
|-sidestart|p2: mm_2012|move: Stealth Rock
|move|p2a: Glimmora|Toxic Spikes|p1a: La Otra
|-sidestart|p1: TheKingJoker077|move: Toxic Spikes
|
|upkeep
|turn|2
|
|t:|1776039094
|move|p1a: La Otra|Earthquake|p2a: Glimmora
|-immune|p2a: Glimmora
|move|p2a: Glimmora|Stealth Rock|p1a: La Otra
|-sidestart|p1: TheKingJoker077|move: Stealth Rock
|
|upkeep
|turn|3
|
|t:|1776039104
|move|p2a: Glimmora|Spikes|p1a: La Otra
|-sidestart|p1: TheKingJoker077|Spikes
|move|p1a: La Otra|Dragon Tail|p2a: Glimmora
|-damage|p2a: Glimmora|80/100
|-activate|p2a: Glimmora|ability: Toxic Debris
|-sidestart|p1: TheKingJoker077|move: Toxic Spikes
|-enditem|p2a: Glimmora|Air Balloon
|drag|p2a: Scizor|Scizor, F|100/100
|-damage|p2a: Scizor|88/100|[from] Stealth Rock
|
|upkeep
|turn|4
|
|t:|1776039127
|-terastallize|p2a: Scizor|Bug
|move|p1a: La Otra|Fire Fang|p2a: Scizor
|-supereffective|p2a: Scizor
|-damage|p2a: Scizor|39/100
|-status|p2a: Scizor|brn
|move|p2a: Scizor|Swords Dance|p2a: Scizor
|-boost|p2a: Scizor|atk|2
|
|-damage|p2a: Scizor|33/100 brn|[from] brn
|upkeep
|turn|5
|
|t:|1776039143
|switch|p1a: Lavadora|Rotom-Wash, shiny|100/100
|-damage|p1a: Lavadora|88/100|[from] Stealth Rock
|move|p2a: Scizor|Bullet Punch|p1a: Lavadora
|-resisted|p1a: Lavadora
|-damage|p1a: Lavadora|82/100
|-damage|p2a: Scizor|23/100 brn|[from] item: Life Orb
|
|-heal|p1a: Lavadora|88/100|[from] item: Leftovers
|-damage|p2a: Scizor|17/100 brn|[from] brn
|upkeep
|turn|6
|
|t:|1776039158
|move|p2a: Scizor|Close Combat|p1a: Lavadora
|-damage|p1a: Lavadora|40/100
|-unboost|p2a: Scizor|def|1
|-unboost|p2a: Scizor|spd|1
|-damage|p2a: Scizor|7/100 brn|[from] item: Life Orb
|move|p1a: Lavadora|Volt Switch|p2a: Scizor
|-damage|p2a: Scizor|0 fnt
|faint|p2a: Scizor
|
|t:|1776039171
|switch|p1a: Nene de oro|Gholdengo|100/100|[from] Volt Switch
|-damage|p1a: Nene de oro|94/100|[from] Stealth Rock
|-item|p1a: Nene de oro|Air Balloon
|
|upkeep
|
|t:|1776039179
|switch|p2a: Dragapult|Dragapult, F|100/100
|-damage|p2a: Dragapult|88/100|[from] Stealth Rock
|turn|7
|
|t:|1776039187
|-terastallize|p1a: Nene de oro|Steel
|move|p2a: Dragapult|Sucker Punch|p1a: Nene de oro
|-damage|p1a: Nene de oro|69/100
|-enditem|p1a: Nene de oro|Air Balloon
|move|p1a: Nene de oro|Shadow Ball|p2a: Dragapult
|-supereffective|p2a: Dragapult
|-damage|p2a: Dragapult|12/100
|
|-heal|p2a: Dragapult|18/100|[from] item: Leftovers
|upkeep
|turn|8
|
|t:|1776039201
|switch|p2a: Blaziken|Blaziken, M|100/100
|-damage|p2a: Blaziken|88/100|[from] Stealth Rock
|move|p1a: Nene de oro|Nasty Plot|p1a: Nene de oro
|-boost|p1a: Nene de oro|spa|2
|
|-heal|p2a: Blaziken|94/100|[from] item: Leftovers
|upkeep
|turn|9
|
|t:|1776039213
|move|p1a: Nene de oro|Shadow Ball|p2a: Blaziken
|-damage|p2a: Blaziken|0 fnt
|faint|p2a: Blaziken
|
|upkeep
|
|t:|1776039221
|switch|p2a: Glimmora|Glimmora, F|80/100
|-damage|p2a: Glimmora|68/100|[from] Stealth Rock
|turn|10
|
|t:|1776039228
|move|p1a: Nene de oro|Make It Rain|p2a: Glimmora
|-supereffective|p2a: Glimmora
|-damage|p2a: Glimmora|0 fnt
|-unboost|p1a: Nene de oro|spa|1
|faint|p2a: Glimmora
|
|upkeep
|
|t:|1776039236
|switch|p2a: Great Tusk|Great Tusk|100/100
|-damage|p2a: Great Tusk|98/100|[from] Stealth Rock
|-enditem|p2a: Great Tusk|Booster Energy
|-activate|p2a: Great Tusk|ability: Protosynthesis|[fromitem]
|-start|p2a: Great Tusk|protosynthesisatk
|turn|11
|
|t:|1776039243
|move|p1a: Nene de oro|Shadow Ball|p2a: Great Tusk
|-damage|p2a: Great Tusk|5/100
|move|p2a: Great Tusk|Earthquake|p1a: Nene de oro
|-supereffective|p1a: Nene de oro
|-damage|p1a: Nene de oro|0 fnt
|faint|p1a: Nene de oro
|
|upkeep
|
|t:|1776039254
|switch|p1a: La Otra|Garchomp, F, shiny|100/100
|-status|p1a: La Otra|tox
|-damage|p1a: La Otra|94/100 tox|[from] Stealth Rock
|-damage|p1a: La Otra|82/100 tox|[from] Spikes
|turn|12
|inactive|Battle timer is ON: inactive players will automatically lose when time's up. (requested by mm_2012)
|
|t:|1776039264
|move|p2a: Great Tusk|Ice Spinner|p1a: La Otra
|-supereffective|p1a: La Otra
|-damage|p1a: La Otra|0 fnt
|-damage|p2a: Great Tusk|0 fnt|[from] ability: Rough Skin|[of] p1a: La Otra
|faint|p1a: La Otra
|faint|p2a: Great Tusk
|-end|p2a: Great Tusk|Protosynthesis|[silent]
|
|upkeep
|
|t:|1776039275
|switch|p2a: Rotom|Rotom-Mow|100/100
|switch|p1a: Lavadora|Rotom-Wash, shiny|40/100
|-damage|p2a: Rotom|88/100|[from] Stealth Rock
|-damage|p1a: Lavadora|27/100|[from] Stealth Rock
|turn|13
|
|t:|1776039285
|move|p2a: Rotom|Shadow Ball|p1a: Lavadora
|-damage|p1a: Lavadora|0 fnt
|faint|p1a: Lavadora
|
|upkeep
|
|t:|1776039292
|switch|p1a: Gasparin|Dragapult, M|100/100
|-status|p1a: Gasparin|tox
|-damage|p1a: Gasparin|88/100 tox|[from] Stealth Rock
|-damage|p1a: Gasparin|76/100 tox|[from] Spikes
|turn|14
|
|t:|1776039301
|move|p1a: Gasparin|Draco Meteor|p2a: Rotom
|-damage|p2a: Rotom|0 fnt
|-unboost|p1a: Gasparin|spa|2
|faint|p2a: Rotom
|
|-damage|p1a: Gasparin|70/100 tox|[from] psn
|upkeep
|
|t:|1776039309
|switch|p2a: Dragapult|Dragapult, F|18/100
|-damage|p2a: Dragapult|6/100|[from] Stealth Rock
|turn|15
|
|t:|1776039322
|move|p2a: Dragapult|Sucker Punch|p1a: Gasparin
|-supereffective|p1a: Gasparin
|-damage|p1a: Gasparin|9/100 tox
|move|p1a: Gasparin|Draco Meteor|p2a: Dragapult
|-supereffective|p2a: Dragapult
|-damage|p2a: Dragapult|0 fnt
|-unboost|p1a: Gasparin|spa|2
|faint|p2a: Dragapult
|
|win|TheKingJoker077
|raw|TheKingJoker077's rating: 1126 &rarr; <strong>1149</strong><br />(+23 for winning)
|raw|mm_2012's rating: 1096 &rarr; <strong>1074</strong><br />(-22 for losing)
|l|☆TheKingJoker077
|player|p1|
|l|☆mm_2012
|player|p2|
