|html|<div class="broadcast-blue"><strong>[Gen 9] OU is currently suspecting Tera Blast! For information on how to participate check out the <a href="https://www.smogon.com/tools/suspects/view/200">suspect thread</a>.</strong></div>
|j|☆GoGlennCoco95
|j|☆WillowOak
|t:|1776035937
|gametype|singles
|player|p1|GoGlennCoco95|riley|1051
|player|p2|WillowOak|swimmerf|1000
|gen|9
|tier|[Gen 9] OU
|rated|
|rule|HP Percentage Mod: HP is shown in percentages
|rule|Endless Battle Clause: Forcing endless battles is banned
|rule|Species Clause: Limit one of each Pokémon
|rule|OHKO Clause: OHKO moves are banned
|rule|Evasion Items Clause: Evasion items are banned
|rule|Evasion Moves Clause: Evasion moves are banned
|rule|Evasion Abilities Clause: Evasion abilities are banned
|rule|Sleep Moves Clause: Sleep-inducing moves are banned
|clearpoke
|poke|p1|Garchomp, M|
|poke|p1|Scizor, M|
|poke|p1|Armarouge, M|
|poke|p1|Toxicroak, F|
|poke|p1|Florges, F|
|poke|p1|Farigiraf, M|
|poke|p2|Barraskewda, M|
|poke|p2|Pelipper, M|
|poke|p2|Brambleghast, F|
|poke|p2|Rillaboom, M|
|poke|p2|Raging Bolt|
|poke|p2|Dragapult, M|
|teampreview
|j| ohko_smeargle
|
|t:|1776035943
|teamsize|p1|6
|teamsize|p2|6
|start
|switch|p1a: Farigiraf|Farigiraf, M|100/100
|switch|p2a: Pelipper|Pelipper, M|100/100
|turn|1
|inactive|Battle timer is ON: inactive players will automatically lose when time's up. (requested by GoGlennCoco95)
|
|t:|1776035955
|move|p2a: Pelipper|Tailwind|p2a: Pelipper
|-sidestart|p2: WillowOak|move: Tailwind
|move|p1a: Farigiraf|Shadow Ball|p2a: Pelipper
|-damage|p2a: Pelipper|59/100
|-unboost|p2a: Pelipper|spd|1
|
|upkeep
|turn|2
|
|t:|1776035966
|move|p2a: Pelipper|Ice Beam|p1a: Farigiraf
|-damage|p1a: Farigiraf|74/100
|move|p1a: Farigiraf|Shadow Ball|p2a: Pelipper
|-damage|p2a: Pelipper|0 fnt
|faint|p2a: Pelipper
|
|upkeep
|
|t:|1776035973
|switch|p2a: Brambleghast|Brambleghast, F|100/100
|-ability|p2a: Brambleghast|Wind Rider|boost
|-boost|p2a: Brambleghast|atk|1
|turn|3
|
|t:|1776035982
|move|p2a: Brambleghast|Power Whip|p1a: Farigiraf
|-damage|p1a: Farigiraf|0 fnt
|faint|p1a: Farigiraf
|
|upkeep
|
|t:|1776035988
|switch|p1a: Scizor|Scizor, M|100/100
|turn|4
|
|t:|1776036001
|move|p2a: Brambleghast|Poltergeist|p1a: Scizor
|-activate|p1a: Scizor|move: Poltergeist|Salac Berry
|-damage|p1a: Scizor|18/100
|-enditem|p1a: Scizor|Salac Berry|[eat]
|-boost|p1a: Scizor|spe|1|[from] item: Salac Berry
|move|p1a: Scizor|Metal Claw|p2a: Brambleghast
|-damage|p2a: Brambleghast|43/100
|
|-sideend|p2: WillowOak|move: Tailwind
|upkeep
|turn|5
|
|t:|1776036012
|move|p1a: Scizor|Acrobatics|p2a: Brambleghast
|-supereffective|p2a: Brambleghast
|-damage|p2a: Brambleghast|0 fnt
|faint|p2a: Brambleghast
|
|upkeep
|
|t:|1776036024
|switch|p2a: Rillaboom|Rillaboom, M|100/100
|-fieldstart|move: Grassy Terrain|[from] ability: Grassy Surge|[of] p2a: Rillaboom
|turn|6
|
|t:|1776036040
|move|p2a: Rillaboom|Grassy Glide|p1a: Scizor
|-resisted|p1a: Scizor
|-damage|p1a: Scizor|7/100
|move|p1a: Scizor|X-Scissor|p2a: Rillaboom
|-supereffective|p2a: Rillaboom
|-damage|p2a: Rillaboom|23/100
|
|-heal|p1a: Scizor|13/100|[from] Grassy Terrain
|-heal|p2a: Rillaboom|29/100|[from] Grassy Terrain
|upkeep
|turn|7
|
|t:|1776036055
|move|p1a: Scizor|Bullet Punch|p2a: Rillaboom
|-damage|p2a: Rillaboom|0 fnt
|faint|p2a: Rillaboom
|
|-heal|p1a: Scizor|19/100|[from] Grassy Terrain
|upkeep
|
|t:|1776036063
|switch|p2a: Dragapult|Dragapult, M|100/100
|turn|8
|
|t:|1776036068
|move|p2a: Dragapult|Dragon Darts|p1a: Scizor
|-resisted|p1a: Scizor
|-damage|p1a: Scizor|5/100
|-anim|p2a: Dragapult|Dragon Darts|p1a: Scizor
|-resisted|p1a: Scizor
|-damage|p1a: Scizor|0 fnt
|faint|p1a: Scizor
|
|upkeep
|
|t:|1776036075
|switch|p1a: Toxicroak|Toxicroak, F|100/100
|turn|9
|
|t:|1776036079
|move|p2a: Dragapult|Dragon Darts|p1a: Toxicroak
|-crit|p1a: Toxicroak
|-damage|p1a: Toxicroak|46/100
|-anim|p2a: Dragapult|Dragon Darts|p1a: Toxicroak
|-damage|p1a: Toxicroak|6/100
|move|p1a: Toxicroak|Bulldoze|p2a: Dragapult
|-damage|p2a: Dragapult|86/100
|-unboost|p2a: Dragapult|spe|1
|
|-heal|p1a: Toxicroak|12/100|[from] Grassy Terrain
|-heal|p2a: Dragapult|92/100|[from] Grassy Terrain
|upkeep
|turn|10
|
|t:|1776036093
|move|p1a: Toxicroak|Sucker Punch||[still]
|-fail|p1a: Toxicroak
|move|p2a: Dragapult|Dragon Dance|p2a: Dragapult
|-boost|p2a: Dragapult|atk|1
|-boost|p2a: Dragapult|spe|1
|
|-heal|p2a: Dragapult|98/100|[from] Grassy Terrain
|-heal|p1a: Toxicroak|18/100|[from] Grassy Terrain
|-fieldend|move: Grassy Terrain
|upkeep
|turn|11
|
|t:|1776036109
|switch|p2a: Raging Bolt|Raging Bolt|100/100
|-enditem|p2a: Raging Bolt|Booster Energy
|-activate|p2a: Raging Bolt|ability: Protosynthesis|[fromitem]
|-start|p2a: Raging Bolt|protosynthesisspa
|move|p1a: Toxicroak|Bulldoze|p2a: Raging Bolt
|-supereffective|p2a: Raging Bolt
|-damage|p2a: Raging Bolt|74/100
|-unboost|p2a: Raging Bolt|spe|1
|
|upkeep
|turn|12
|
|t:|1776036121
|switch|p1a: Florges|Florges, F|100/100
|move|p2a: Raging Bolt|Dragon Pulse|p1a: Florges
|-immune|p1a: Florges
|
|upkeep
|turn|13
|
|t:|1776036128
|move|p1a: Florges|Moonblast|p2a: Raging Bolt
|-supereffective|p2a: Raging Bolt
|-damage|p2a: Raging Bolt|8/100
|-unboost|p2a: Raging Bolt|spa|1
|move|p2a: Raging Bolt|Thunderbolt|p1a: Florges
|-damage|p1a: Florges|64/100
|
|upkeep
|turn|14
|
|t:|1776036137
|move|p2a: Raging Bolt|Thunderclap||[still]
|-fail|p2a: Raging Bolt
|move|p1a: Florges|Calm Mind|p1a: Florges
|-boost|p1a: Florges|spa|1
|-boost|p1a: Florges|spd|1
|
|upkeep
|turn|15
|
|t:|1776036143
|move|p2a: Raging Bolt|Thunderclap|p1a: Florges
|-damage|p1a: Florges|44/100
|move|p1a: Florges|Giga Drain|p2a: Raging Bolt
|-resisted|p2a: Raging Bolt
|-damage|p2a: Raging Bolt|0 fnt
|-heal|p1a: Florges|50/100|[from] drain|[of] p2a: Raging Bolt
|faint|p2a: Raging Bolt
|-end|p2a: Raging Bolt|Protosynthesis|[silent]
|
|upkeep
|
|t:|1776036155
|switch|p2a: Barraskewda|Barraskewda, M|100/100
|turn|16
|
|t:|1776036164
|move|p2a: Barraskewda|Waterfall|p1a: Florges
|-damage|p1a: Florges|0 fnt
|faint|p1a: Florges
|
|upkeep
|
|t:|1776036169
|switch|p1a: Armarouge|Armarouge, M|100/100
|turn|17
|
|t:|1776036178
|switch|p1a: Toxicroak|Toxicroak, F|18/100
|move|p2a: Barraskewda|Waterfall|p1a: Toxicroak
|-heal|p1a: Toxicroak|43/100|[from] ability: Dry Skin|[of] p2a: Barraskewda
|
|upkeep
|turn|18
|
|t:|1776036186
|move|p2a: Barraskewda|Drill Run|p1a: Toxicroak
|-supereffective|p1a: Toxicroak
|-damage|p1a: Toxicroak|0 fnt
|faint|p1a: Toxicroak
|
|upkeep
|
|t:|1776036192
|switch|p1a: Garchomp|Garchomp, M|100/100
|turn|19
|
|t:|1776036200
|move|p2a: Barraskewda|Waterfall|p1a: Garchomp
|-damage|p1a: Garchomp|64/100
|-damage|p2a: Barraskewda|88/100|[from] ability: Rough Skin|[of] p1a: Garchomp
|cant|p1a: Garchomp|flinch
|
|upkeep
|turn|20
|
|t:|1776036209
|-terastallize|p2a: Barraskewda|Water
|move|p2a: Barraskewda|Waterfall|p1a: Garchomp
|-damage|p1a: Garchomp|10/100
|-damage|p2a: Barraskewda|76/100|[from] ability: Rough Skin|[of] p1a: Garchomp
|-enditem|p1a: Garchomp|Aguav Berry|[eat]
|-heal|p1a: Garchomp|43/100|[from] item: Aguav Berry
|move|p1a: Garchomp|Bulldoze|p2a: Barraskewda
|-damage|p2a: Barraskewda|21/100
|-unboost|p2a: Barraskewda|spe|1
|
|upkeep
|turn|21
|
|t:|1776036222
|move|p1a: Garchomp|Brick Break|p2a: Barraskewda
|-damage|p2a: Barraskewda|0 fnt
|faint|p2a: Barraskewda
|
|upkeep
|
|t:|1776036226
|switch|p2a: Dragapult|Dragapult, M|98/100
|turn|22
|
|t:|1776036230
|move|p2a: Dragapult|Dragon Darts|p1a: Garchomp
|-supereffective|p1a: Garchomp
|-damage|p1a: Garchomp|0 fnt
|faint|p1a: Garchomp
|
|upkeep
|
|t:|1776036235
|switch|p1a: Armarouge|Armarouge, M|100/100
|turn|23
|
|t:|1776036239
|move|p2a: Dragapult|Phantom Force||[still]
|-prepare|p2a: Dragapult|Phantom Force
|move|p1a: Armarouge|Lava Plume|p2a: Dragapult|[miss]
|-miss|p1a: Armarouge|p2a: Dragapult
|
|upkeep
|turn|24
|
|t:|1776036246
|move|p2a: Dragapult|Phantom Force|p1a: Armarouge|[from] lockedmove
|-supereffective|p1a: Armarouge
|-damage|p1a: Armarouge|0 fnt
|faint|p1a: Armarouge
|
|win|WillowOak
|raw|GoGlennCoco95's rating: 1051 &rarr; <strong>1031</strong><br />(-20 for losing)
|raw|WillowOak's rating: 1000 &rarr; <strong>1046</strong><br />(+46 for winning)
|l| ohko_smeargle
|l|☆GoGlennCoco95
|player|p1|
|n|☆WillowOak|willowoak
