|html|<div class="broadcast-blue"><strong>[Gen 9] OU is currently suspecting Tera Blast! For information on how to participate check out the <a href="https://www.smogon.com/tools/suspects/view/200">suspect thread</a>.</strong></div>
|j|☆mememan254
|j|‽balle oder nicht
|t:|1776097848
|gametype|singles
|player|p1|mememan254|1|1633
|player|p2|balle oder nicht|101|1653
|gen|9
|tier|[Gen 9] OU
|rated|
|rule|HP Percentage Mod: HP is shown in percentages
|rule|Endless Battle Clause: Forcing endless battles is banned
|rule|Species Clause: Limit one of each Pokémon
|rule|OHKO Clause: OHKO moves are banned
|rule|Evasion Items Clause: Evasion items are banned
|rule|Evasion Moves Clause: Evasion moves are banned
|rule|Evasion Abilities Clause: Evasion abilities are banned
|rule|Sleep Moves Clause: Sleep-inducing moves are banned
|clearpoke
|poke|p1|Pecharunt|
|poke|p1|Kingambit, F|
|poke|p1|Volcanion|
|poke|p1|Iron Valiant|
|poke|p1|Landorus-Therian, M|
|poke|p1|Deoxys-Speed|
|poke|p2|Rillaboom, F|
|poke|p2|Serperior, M|
|poke|p2|Heatran, F|
|poke|p2|Gholdengo|
|poke|p2|Zamazenta-*|
|poke|p2|Great Tusk|
|teampreview
|
|t:|1776097858
|teamsize|p1|6
|teamsize|p2|6
|start
|switch|p1a: Deoxys|Deoxys-Speed|100/100
|switch|p2a: Heatran|Heatran, F|100/100
|-ability|p1a: Deoxys|Pressure
|-item|p2a: Heatran|Air Balloon
|turn|1
|inactive|Battle timer is ON: inactive players will automatically lose when time's up. (requested by balle oder nicht)
|
|t:|1776097876
|move|p1a: Deoxys|Superpower|p2a: Heatran
|-supereffective|p2a: Heatran
|-damage|p2a: Heatran|49/100
|-unboost|p1a: Deoxys|atk|1
|-unboost|p1a: Deoxys|def|1
|-enditem|p2a: Heatran|Air Balloon
|-enditem|p1a: Deoxys|Eject Pack
|
|t:|1776097883
|switch|p1a: Volcanion|Volcanion|100/100
|move|p2a: Heatran|Taunt|p1a: Volcanion
|-start|p1a: Volcanion|move: Taunt
|
|upkeep
|turn|2
|
|t:|1776097896
|move|p1a: Volcanion|Steam Eruption|p2a: Heatran
|-supereffective|p2a: Heatran
|-damage|p2a: Heatran|0 fnt
|faint|p2a: Heatran
|
|upkeep
|
|t:|1776097901
|switch|p2a: Zamazenta|Zamazenta|100/100
|-ability|p2a: Zamazenta|Dauntless Shield|boost
|-boost|p2a: Zamazenta|def|1
|turn|3
|
|t:|1776097906
|switch|p1a: Pecharunt|Pecharunt|100/100
|move|p2a: Zamazenta|Crunch|p1a: Pecharunt
|-supereffective|p1a: Pecharunt
|-damage|p1a: Pecharunt|48/100
|-damage|p2a: Zamazenta|91/100|[from] item: Life Orb
|
|upkeep
|turn|4
|
|t:|1776097915
|switch|p1a: Landorus|Landorus-Therian, M|100/100
|-ability|p1a: Landorus|Intimidate|boost
|-unboost|p2a: Zamazenta|atk|1
|move|p2a: Zamazenta|Crunch|p1a: Landorus
|-damage|p1a: Landorus|76/100
|-unboost|p1a: Landorus|def|1
|-damage|p2a: Zamazenta|74/100|[from] item: Rocky Helmet|[of] p1a: Landorus
|-damage|p2a: Zamazenta|64/100|[from] item: Life Orb
|
|upkeep
|turn|5
|
|t:|1776097918
|move|p2a: Zamazenta|Ice Fang|p1a: Landorus
|-supereffective|p1a: Landorus
|-damage|p1a: Landorus|0 fnt
|-damage|p2a: Zamazenta|48/100|[from] item: Rocky Helmet|[of] p1a: Landorus
|faint|p1a: Landorus
|-damage|p2a: Zamazenta|38/100|[from] item: Life Orb
|
|upkeep
|
|t:|1776097923
|switch|p1a: Deoxys|Deoxys-Speed|100/100
|-ability|p1a: Deoxys|Pressure
|turn|6
|
|t:|1776097926
|switch|p2a: Rillaboom|Rillaboom, F|100/100
|-fieldstart|move: Grassy Terrain|[from] ability: Grassy Surge|[of] p2a: Rillaboom
|move|p1a: Deoxys|Psycho Boost|p2a: Rillaboom|[miss]
|-miss|p1a: Deoxys|p2a: Rillaboom
|
|upkeep
|turn|7
|
|t:|1776097935
|switch|p1a: Kingambit|Kingambit, F|100/100
|-activate|p1a: Kingambit|ability: Supreme Overlord
|-start|p1a: Kingambit|fallen1|[silent]
|move|p2a: Rillaboom|Knock Off|p1a: Kingambit
|-resisted|p1a: Kingambit
|-damage|p1a: Kingambit|81/100
|-enditem|p1a: Kingambit|Leftovers|[from] move: Knock Off|[of] p2a: Rillaboom
|-damage|p2a: Rillaboom|91/100|[from] item: Life Orb
|
|-heal|p2a: Rillaboom|97/100|[from] Grassy Terrain
|-heal|p1a: Kingambit|87/100|[from] Grassy Terrain
|upkeep
|turn|8
|inactive|mememan254 has 120 seconds left.
|
|t:|1776097969
|switch|p2a: Great Tusk|Great Tusk|100/100
|-enditem|p2a: Great Tusk|Booster Energy
|-activate|p2a: Great Tusk|ability: Protosynthesis|[fromitem]
|-start|p2a: Great Tusk|protosynthesisspe
|move|p1a: Kingambit|Iron Head|p2a: Great Tusk
|-damage|p2a: Great Tusk|73/100
|
|-heal|p2a: Great Tusk|79/100|[from] Grassy Terrain
|-heal|p1a: Kingambit|93/100|[from] Grassy Terrain
|upkeep
|turn|9
|inactive|mememan254 has 120 seconds left.
|inactive|mememan254 has 90 seconds left.
|
|t:|1776098018
|-terastallize|p1a: Kingambit|Fighting
|move|p2a: Great Tusk|Rapid Spin|p1a: Kingambit
|-damage|p1a: Kingambit|80/100
|-boost|p2a: Great Tusk|spe|1
|move|p1a: Kingambit|Low Kick|p2a: Great Tusk
|-crit|p2a: Great Tusk
|-damage|p2a: Great Tusk|13/100
|
|-heal|p2a: Great Tusk|19/100|[from] Grassy Terrain
|-heal|p1a: Kingambit|86/100|[from] Grassy Terrain
|upkeep
|turn|10
|inactive|mememan254 has 90 seconds left.
|
|t:|1776098030
|move|p2a: Great Tusk|Bulk Up|p2a: Great Tusk
|-boost|p2a: Great Tusk|atk|1
|-boost|p2a: Great Tusk|def|1
|move|p1a: Kingambit|Iron Head|p2a: Great Tusk
|-damage|p2a: Great Tusk|1/100
|
|-heal|p2a: Great Tusk|7/100|[from] Grassy Terrain
|-heal|p1a: Kingambit|92/100|[from] Grassy Terrain
|-fieldend|move: Grassy Terrain
|upkeep
|turn|11
|inactive|mememan254 has 90 seconds left.
|
|t:|1776098041
|move|p2a: Great Tusk|Headlong Rush|p1a: Kingambit
|-damage|p1a: Kingambit|21/100
|-unboost|p2a: Great Tusk|def|1
|-unboost|p2a: Great Tusk|spd|1
|move|p1a: Kingambit|Iron Head|p2a: Great Tusk
|-damage|p2a: Great Tusk|0 fnt
|faint|p2a: Great Tusk
|-end|p2a: Great Tusk|Protosynthesis|[silent]
|
|upkeep
|
|t:|1776098048
|switch|p2a: Serperior|Serperior, M|100/100
|turn|12
|
|t:|1776098051
|move|p2a: Serperior|Leaf Storm|p1a: Kingambit
|-damage|p1a: Kingambit|0 fnt
|-boost|p2a: Serperior|spa|2
|faint|p1a: Kingambit
|-end|p1a: Kingambit|fallen1|[silent]
|
|upkeep
|
|t:|1776098055
|switch|p1a: Deoxys|Deoxys-Speed|100/100
|-ability|p1a: Deoxys|Pressure
|turn|13
|
|t:|1776098058
|move|p2a: Serperior|Leaf Storm|p1a: Deoxys
|-damage|p1a: Deoxys|0 fnt
|-boost|p2a: Serperior|spa|2
|faint|p1a: Deoxys
|
|upkeep
|inactive|mememan254 has 120 seconds left.
|-message|mememan254 forfeited.
|
|win|balle oder nicht
|raw|mememan254's rating: 1633 &rarr; <strong>1614</strong><br />(-19 for losing)
|raw|balle oder nicht's rating: 1653 &rarr; <strong>1672</strong><br />(+19 for winning)
|l|‽balle oder nicht
|player|p2|
|l|☆mememan254
|player|p1|
