|html|<div class="broadcast-blue"><strong>[Gen 9] OU is currently suspecting Tera Blast! For information on how to participate check out the <a href="https://www.smogon.com/tools/suspects/view/200">suspect thread</a>.</strong></div>
|j|☆LLRRT
|j|☆blattyOmighty
|t:|1776045582
|gametype|singles
|player|p1|LLRRT|fisherman-gen4|1224
|player|p2|blattyOmighty|swimmerf-gen4|1197
|gen|9
|tier|[Gen 9] OU
|rated|
|rule|HP Percentage Mod: HP is shown in percentages
|rule|Endless Battle Clause: Forcing endless battles is banned
|rule|Species Clause: Limit one of each Pokémon
|rule|OHKO Clause: OHKO moves are banned
|rule|Evasion Items Clause: Evasion items are banned
|rule|Evasion Moves Clause: Evasion moves are banned
|rule|Evasion Abilities Clause: Evasion abilities are banned
|rule|Sleep Moves Clause: Sleep-inducing moves are banned
|clearpoke
|poke|p1|Porygon2|
|poke|p1|Garchomp, F|
|poke|p1|Serperior, M|
|poke|p1|Tyranitar, M|
|poke|p1|Talonflame, M|
|poke|p1|Goodra-Hisui, F|
|poke|p2|Meloetta|
|poke|p2|Flamigo, M|
|poke|p2|Salazzle, F|
|poke|p2|Kleavor, M|
|poke|p2|Serperior, M|
|poke|p2|Lapras, M|
|teampreview
|inactive|Battle timer is ON: inactive players will automatically lose when time's up. (requested by blattyOmighty)
|
|t:|1776045596
|teamsize|p1|6
|teamsize|p2|6
|start
|switch|p1a: 圆头雅蝶|Porygon2|100/100
|switch|p2a: Ben Grimm|Kleavor, M, shiny|100/100
|-ability|p1a: 圆头雅蝶|Download|boost
|-boost|p1a: 圆头雅蝶|spa|1
|turn|1
|
|t:|1776045608
|move|p2a: Ben Grimm|Close Combat|p1a: 圆头雅蝶
|-supereffective|p1a: 圆头雅蝶
|-damage|p1a: 圆头雅蝶|45/100
|-unboost|p2a: Ben Grimm|def|1
|-unboost|p2a: Ben Grimm|spd|1
|move|p1a: 圆头雅蝶|Trick Room|p1a: 圆头雅蝶
|-fieldstart|move: Trick Room|[of] p1a: 圆头雅蝶
|
|upkeep
|turn|2
|
|t:|1776045616
|move|p1a: 圆头雅蝶|Recover|p1a: 圆头雅蝶
|-heal|p1a: 圆头雅蝶|95/100
|move|p2a: Ben Grimm|Close Combat|p1a: 圆头雅蝶
|-supereffective|p1a: 圆头雅蝶
|-damage|p1a: 圆头雅蝶|33/100
|-unboost|p2a: Ben Grimm|def|1
|-unboost|p2a: Ben Grimm|spd|1
|
|upkeep
|turn|3
|
|t:|1776045625
|move|p1a: 圆头雅蝶|Tera Blast|p2a: Ben Grimm
|-resisted|p2a: Ben Grimm
|-damage|p2a: Ben Grimm|1/100
|move|p2a: Ben Grimm|Close Combat|p1a: 圆头雅蝶
|-supereffective|p1a: 圆头雅蝶
|-damage|p1a: 圆头雅蝶|0 fnt
|-unboost|p2a: Ben Grimm|def|1
|-unboost|p2a: Ben Grimm|spd|1
|faint|p1a: 圆头雅蝶
|
|upkeep
|
|t:|1776045636
|switch|p1a: Goodra|Goodra-Hisui, F|100/100
|turn|4
|
|t:|1776045643
|move|p1a: Goodra|Body Press|p2a: Ben Grimm
|-damage|p2a: Ben Grimm|0 fnt
|faint|p2a: Ben Grimm
|
|upkeep
|
|t:|1776045649
|switch|p2a: Firelord|Salazzle, F, shiny|100/100
|-item|p2a: Firelord|Air Balloon
|turn|5
|
|t:|1776045658
|move|p1a: Goodra|Acid Armor|p1a: Goodra
|-boost|p1a: Goodra|def|2
|move|p2a: Firelord|Flamethrower|p1a: Goodra
|-damage|p1a: Goodra|71/100
|
|-heal|p1a: Goodra|77/100|[from] item: Leftovers
|-fieldend|move: Trick Room
|upkeep
|turn|6
|
|t:|1776045667
|move|p2a: Firelord|Flamethrower|p1a: Goodra
|-damage|p1a: Goodra|51/100
|move|p1a: Goodra|Body Press|p2a: Firelord
|-resisted|p2a: Firelord
|-damage|p2a: Firelord|55/100
|-enditem|p2a: Firelord|Air Balloon
|
|-heal|p1a: Goodra|57/100|[from] item: Leftovers
|upkeep
|turn|7
|
|t:|1776045679
|move|p2a: Firelord|Flamethrower|p1a: Goodra
|-damage|p1a: Goodra|28/100
|move|p1a: Goodra|Body Press|p2a: Firelord
|-resisted|p2a: Firelord
|-damage|p2a: Firelord|6/100
|
|-heal|p1a: Goodra|34/100|[from] item: Leftovers
|upkeep
|turn|8
|
|t:|1776045691
|move|p2a: Firelord|Flamethrower|p1a: Goodra
|-damage|p1a: Goodra|6/100
|-status|p1a: Goodra|brn
|move|p1a: Goodra|Body Press|p2a: Firelord
|-resisted|p2a: Firelord
|-damage|p2a: Firelord|0 fnt
|faint|p2a: Firelord
|
|-heal|p1a: Goodra|12/100 brn|[from] item: Leftovers
|-damage|p1a: Goodra|6/100 brn|[from] brn
|upkeep
|
|t:|1776045703
|switch|p2a: Vulture|Flamigo, M, shiny|100/100
|turn|9
|
|t:|1776045706
|move|p2a: Vulture|U-turn|p1a: Goodra
|-resisted|p1a: Goodra
|-damage|p1a: Goodra|2/100 brn
|
|t:|1776045712
|switch|p2a: Dazzler|Meloetta, shiny|100/100|[from] U-turn
|move|p1a: Goodra|Heavy Slam|p2a: Dazzler
|-damage|p2a: Dazzler|74/100
|
|-heal|p1a: Goodra|8/100 brn|[from] item: Leftovers
|-damage|p1a: Goodra|2/100 brn|[from] brn
|upkeep
|turn|10
|
|t:|1776045723
|move|p2a: Dazzler|U-turn|p1a: Goodra
|-resisted|p1a: Goodra
|-damage|p1a: Goodra|0 fnt
|faint|p1a: Goodra
|
|t:|1776045740
|switch|p2a: Vulture|Flamigo, M, shiny|100/100|[from] U-turn
|
|upkeep
|
|t:|1776045754
|switch|p1a: Talonflame|Talonflame, M|100/100
|turn|11
|
|t:|1776045762
|move|p1a: Talonflame|Feather Dance|p2a: Vulture
|-unboost|p2a: Vulture|atk|2
|move|p2a: Vulture|Liquidation|p1a: Talonflame
|-supereffective|p1a: Talonflame
|-damage|p1a: Talonflame|57/100
|
|upkeep
|turn|12
|
|t:|1776045770
|move|p2a: Vulture|Liquidation|p1a: Talonflame
|-supereffective|p1a: Talonflame
|-damage|p1a: Talonflame|15/100
|-unboost|p1a: Talonflame|def|1
|move|p1a: Talonflame|Dual Wingbeat|p2a: Vulture
|-supereffective|p2a: Vulture
|-damage|p2a: Vulture|49/100
|-supereffective|p2a: Vulture
|-damage|p2a: Vulture|0 fnt
|faint|p2a: Vulture
|-hitcount|p2: Vulture|2
|
|upkeep
|
|t:|1776045788
|switch|p2a: Plantman|Serperior, M, shiny|100/100
|turn|13
|
|t:|1776045791
|move|p2a: Plantman|Leaf Storm|p1a: Talonflame
|-resisted|p1a: Talonflame
|-damage|p1a: Talonflame|0 fnt
|-boost|p2a: Plantman|spa|2
|faint|p1a: Talonflame
|
|upkeep
|
|t:|1776045800
|switch|p1a: 马达拉|Tyranitar, M|100/100
|-weather|Sandstorm|[from] ability: Sand Stream|[of] p1a: 马达拉
|turn|14
|
|t:|1776045808
|move|p2a: Plantman|Leaf Storm|p1a: 马达拉
|-supereffective|p1a: 马达拉
|-crit|p1a: 马达拉
|-damage|p1a: 马达拉|0 fnt
|-boost|p2a: Plantman|spa|2
|faint|p1a: 马达拉
|
|-weather|Sandstorm|[upkeep]
|-damage|p2a: Plantman|94/100|[from] Sandstorm
|upkeep
|
|t:|1776045818
|switch|p1a: 豌豆射手|Garchomp, F|100/100
|turn|15
|
|t:|1776045822
|-terastallize|p1a: 豌豆射手|Steel
|move|p2a: Plantman|Leaf Storm|p1a: 豌豆射手
|-resisted|p1a: 豌豆射手
|-damage|p1a: 豌豆射手|21/100
|-boost|p2a: Plantman|spa|2
|move|p1a: 豌豆射手|Scale Shot|p2a: Plantman
|-damage|p2a: Plantman|77/100
|-damage|p2a: Plantman|60/100
|-damage|p2a: Plantman|43/100
|-damage|p2a: Plantman|29/100
|-hitcount|p2a: Plantman|4
|-unboost|p1a: 豌豆射手|def|1
|-boost|p1a: 豌豆射手|spe|1
|
|-weather|Sandstorm|[upkeep]
|-damage|p2a: Plantman|22/100|[from] Sandstorm
|upkeep
|turn|16
|
|t:|1776045840
|move|p2a: Plantman|Leaf Storm|p1a: 豌豆射手
|-resisted|p1a: 豌豆射手
|-damage|p1a: 豌豆射手|0 fnt
|faint|p1a: 豌豆射手
|
|-weather|Sandstorm|[upkeep]
|-damage|p2a: Plantman|16/100|[from] Sandstorm
|upkeep
|-message|LLRRT forfeited.
|
|win|blattyOmighty
|raw|LLRRT's rating: 1224 &rarr; <strong>1197</strong><br />(-27 for losing)
|raw|blattyOmighty's rating: 1197 &rarr; <strong>1224</strong><br />(+27 for winning)
|l|☆LLRRT
|player|p1|
