|html|<div class="broadcast-blue"><strong>[Gen 9] OU is currently suspecting Tera Blast! For information on how to participate check out the <a href="https://www.smogon.com/tools/suspects/view/200">suspect thread</a>.</strong></div>
|j|☆jetleiroi
|j|☆czh20100601
|t:|1776082545
|gametype|singles
|player|p1|jetleiroi|ghetsis|1094
|player|p2|czh20100601|101|1111
|gen|9
|tier|[Gen 9] OU
|rated|
|rule|HP Percentage Mod: HP is shown in percentages
|rule|Endless Battle Clause: Forcing endless battles is banned
|rule|Species Clause: Limit one of each Pokémon
|rule|OHKO Clause: OHKO moves are banned
|rule|Evasion Items Clause: Evasion items are banned
|rule|Evasion Moves Clause: Evasion moves are banned
|rule|Evasion Abilities Clause: Evasion abilities are banned
|rule|Sleep Moves Clause: Sleep-inducing moves are banned
|clearpoke
|poke|p1|Indeedee, M|
|poke|p1|Pecharunt|
|poke|p1|Ogerpon-Wellspring, F|
|poke|p1|Great Tusk|
|poke|p1|Diancie|
|poke|p1|Iron Jugulis|
|poke|p2|Greninja-*, F|
|poke|p2|Sceptile, M|
|poke|p2|Infernape, F|
|poke|p2|Blaziken, M|
|poke|p2|Decidueye, M|
|poke|p2|Blastoise, F|
|teampreview
|inactive|Battle timer is ON: inactive players will automatically lose when time's up. (requested by jetleiroi)
|
|t:|1776082563
|teamsize|p1|6
|teamsize|p2|6
|start
|switch|p1a: BBL Drizzy|Indeedee, M|100/100
|switch|p2a: Sceptile|Sceptile, M|100/100
|-fieldstart|move: Psychic Terrain|[from] ability: Psychic Surge|[of] p1a: BBL Drizzy
|turn|1
|
|t:|1776082571
|move|p1a: BBL Drizzy|Expanding Force|p2a: Sceptile
|-enditem|p2a: Sceptile|Focus Sash
|-damage|p2a: Sceptile|1/100
|move|p2a: Sceptile|Swords Dance|p2a: Sceptile
|-boost|p2a: Sceptile|atk|2
|
|upkeep
|turn|2
|
|t:|1776082577
|move|p2a: Sceptile|Leaf Blade|p1a: BBL Drizzy
|-damage|p1a: BBL Drizzy|0 fnt
|faint|p1a: BBL Drizzy
|
|upkeep
|inactive|jetleiroi has 120 seconds left.
|
|t:|1776082618
|switch|p1a: Migos|Iron Jugulis|100/100
|-enditem|p1a: Migos|Booster Energy
|-activate|p1a: Migos|ability: Quark Drive|[fromitem]
|-start|p1a: Migos|quarkdrivespe
|turn|3
|
|t:|1776082637
|move|p2a: Sceptile|Acrobatics|p1a: Migos
|-damage|p1a: Migos|23/100
|move|p1a: Migos|Dark Pulse|p2a: Sceptile
|-damage|p2a: Sceptile|0 fnt
|faint|p2a: Sceptile
|
|upkeep
|c|☆jetleiroi|unburden
|
|t:|1776082649
|switch|p2a: Decidueye|Decidueye, M|100/100
|turn|4
|
|t:|1776082658
|move|p1a: Migos|Dark Pulse|p2a: Decidueye
|-supereffective|p2a: Decidueye
|-damage|p2a: Decidueye|15/100
|-enditem|p2a: Decidueye|Salac Berry|[eat]
|-boost|p2a: Decidueye|spe|1|[from] item: Salac Berry
|move|p2a: Decidueye|Energy Ball|p1a: Migos
|-resisted|p1a: Migos
|-crit|p1a: Migos
|-damage|p1a: Migos|0 fnt
|faint|p1a: Migos
|-end|p1a: Migos|Quark Drive|[silent]
|
|upkeep
|inactive|jetleiroi has 120 seconds left.
|
|t:|1776082674
|switch|p1a: Ghostface Killah|Pecharunt|100/100
|turn|5
|inactive|jetleiroi has 120 seconds left.
|
|t:|1776082689
|-terastallize|p1a: Ghostface Killah|Poison
|move|p2a: Decidueye|Shadow Ball|p1a: Ghostface Killah
|-damage|p1a: Ghostface Killah|68/100
|move|p1a: Ghostface Killah|Malignant Chain|p2a: Decidueye
|-damage|p2a: Decidueye|0 fnt
|faint|p2a: Decidueye
|
|-fieldend|move: Psychic Terrain
|upkeep
|
|t:|1776082696
|switch|p2a: Blaziken|Blaziken, M|100/100
|turn|6
|
|t:|1776082701
|move|p2a: Blaziken|Scorching Sands|p1a: Ghostface Killah
|-supereffective|p1a: Ghostface Killah
|-damage|p1a: Ghostface Killah|23/100
|move|p1a: Ghostface Killah|Recover|p1a: Ghostface Killah
|-heal|p1a: Ghostface Killah|73/100
|
|-ability|p2a: Blaziken|Speed Boost|boost
|-boost|p2a: Blaziken|spe|1
|upkeep
|turn|7
|
|t:|1776082709
|move|p2a: Blaziken|Scorching Sands|p1a: Ghostface Killah
|-supereffective|p1a: Ghostface Killah
|-damage|p1a: Ghostface Killah|22/100
|move|p1a: Ghostface Killah|Malignant Chain|p2a: Blaziken
|-damage|p2a: Blaziken|39/100
|
|-ability|p2a: Blaziken|Speed Boost|boost
|-boost|p2a: Blaziken|spe|1
|upkeep
|turn|8
|
|t:|1776082718
|switch|p1a: Aquaman|Ogerpon-Wellspring, F|100/100
|move|p2a: Blaziken|Scorching Sands|p1a: Aquaman
|-resisted|p1a: Aquaman
|-damage|p1a: Aquaman|87/100
|
|-ability|p2a: Blaziken|Speed Boost|boost
|-boost|p2a: Blaziken|spe|1
|upkeep
|turn|9
|
|t:|1776082730
|move|p2a: Blaziken|Flamethrower|p1a: Aquaman
|-damage|p1a: Aquaman|30/100
|move|p1a: Aquaman|U-turn|p2a: Blaziken
|-resisted|p2a: Blaziken
|-damage|p2a: Blaziken|29/100
|-message|jetleiroi forfeited.
|
|win|czh20100601
|raw|jetleiroi's rating: 1094 &rarr; <strong>1071</strong><br />(-23 for losing)
|raw|czh20100601's rating: 1111 &rarr; <strong>1135</strong><br />(+24 for winning)
|l|☆jetleiroi
|player|p1|
|l|☆czh20100601
|player|p2|
