|html|<div class="broadcast-blue"><strong>[Gen 9] OU is currently suspecting Tera Blast! For information on how to participate check out the <a href="https://www.smogon.com/tools/suspects/view/200">suspect thread</a>.</strong></div>
|j|☆Chrisnwobu
|j|☆Deformedwater
|t:|1776308662
|gametype|singles
|player|p1|Chrisnwobu|skier|1401
|player|p2|Deformedwater|roxie|1443
|gen|9
|tier|[Gen 9] OU
|rated|
|rule|HP Percentage Mod: HP is shown in percentages
|rule|Endless Battle Clause: Forcing endless battles is banned
|rule|Species Clause: Limit one of each Pokémon
|rule|OHKO Clause: OHKO moves are banned
|rule|Evasion Items Clause: Evasion items are banned
|rule|Evasion Moves Clause: Evasion moves are banned
|rule|Evasion Abilities Clause: Evasion abilities are banned
|rule|Sleep Moves Clause: Sleep-inducing moves are banned
|clearpoke
|poke|p1|Torkoal, M|
|poke|p1|Great Tusk|
|poke|p1|Walking Wake|
|poke|p1|Venusaur, M|
|poke|p1|Ceruledge, M|
|poke|p1|Hatterene, F|
|poke|p2|Torkoal, M|
|poke|p2|Walking Wake|
|poke|p2|Gliscor, M|
|poke|p2|Raging Bolt|
|poke|p2|Great Tusk|
|poke|p2|Cinderace, F|
|teampreview
|inactive|Battle timer is ON: inactive players will automatically lose when time's up. (requested by Deformedwater)
|
|t:|1776308674
|teamsize|p1|6
|teamsize|p2|6
|start
|switch|p1a: Walking Wake|Walking Wake|100/100
|switch|p2a: Cinderace|Cinderace, F|100/100
|turn|1
|
|t:|1776308696
|move|p2a: Cinderace|High Jump Kick|p1a: Walking Wake
|-start|p2a: Cinderace|typechange|Fighting|[from] ability: Libero
|-damage|p1a: Walking Wake|0 fnt
|faint|p1a: Walking Wake
|-end|p1a: Walking Wake|Protosynthesis|[silent]
|
|upkeep
|
|t:|1776308702
|switch|p1a: Hatterene|Hatterene, F|100/100
|turn|2
|
|t:|1776308706
|switch|p2a: Torkoal|Torkoal, M|100/100
|-weather|SunnyDay|[from] ability: Drought|[of] p2a: Torkoal
|move|p1a: Hatterene|Nuzzle|p2a: Torkoal
|-damage|p2a: Torkoal|97/100
|-status|p2a: Torkoal|par
|
|-weather|SunnyDay|[upkeep]
|upkeep
|turn|3
|
|t:|1776308715
|switch|p2a: Gliscor|Gliscor, M|100/100
|move|p1a: Hatterene|Psychic Noise|p2a: Gliscor
|-damage|p2a: Gliscor|48/100
|-start|p2a: Gliscor|move: Heal Block
|
|-weather|SunnyDay|[upkeep]
|-status|p2a: Gliscor|tox|[from] item: Toxic Orb
|upkeep
|turn|4
|
|t:|1776308724
|switch|p2a: Cinderace|Cinderace, F|100/100
|move|p1a: Hatterene|Psychic Noise|p2a: Cinderace
|-damage|p2a: Cinderace|48/100
|-start|p2a: Cinderace|move: Heal Block
|
|-weather|SunnyDay|[upkeep]
|upkeep
|turn|5
|
|t:|1776308739
|switch|p1a: Ceruledge|Ceruledge, M|100/100
|move|p2a: Cinderace|Gunk Shot|p1a: Ceruledge|[miss]
|-start|p2a: Cinderace|typechange|Poison|[from] ability: Libero
|-miss|p2a: Cinderace|p1a: Ceruledge
|
|-weather|SunnyDay|[upkeep]
|-end|p2a: Cinderace|move: Heal Block
|upkeep
|turn|6
|inactive|Deformedwater has 120 seconds left.
|inactive|Deformedwater has 90 seconds left.
|
|t:|1776308809
|switch|p2a: Great Tusk|Great Tusk|100/100
|-activate|p2a: Great Tusk|ability: Protosynthesis
|-start|p2a: Great Tusk|protosynthesisatk
|move|p1a: Ceruledge|Poltergeist|p2a: Great Tusk
|-activate|p2a: Great Tusk|move: Poltergeist|Leftovers
|-damage|p2a: Great Tusk|65/100
|
|-weather|SunnyDay|[upkeep]
|-heal|p2a: Great Tusk|71/100|[from] item: Leftovers
|upkeep
|turn|7
|inactive|Deformedwater has 90 seconds left.
|
|t:|1776308819
|move|p1a: Ceruledge|Endure|p1a: Ceruledge
|-singleturn|p1a: Ceruledge|move: Endure
|move|p2a: Great Tusk|Earthquake|p1a: Ceruledge
|-supereffective|p1a: Ceruledge
|-activate|p1a: Ceruledge|move: Endure
|-damage|p1a: Ceruledge|1/100
|-ability|p1a: Ceruledge|Weak Armor|boost
|-unboost|p1a: Ceruledge|def|1
|-boost|p1a: Ceruledge|spe|2
|-enditem|p1a: Ceruledge|Weakness Policy
|-boost|p1a: Ceruledge|atk|2|[from] item: Weakness Policy
|-boost|p1a: Ceruledge|spa|2|[from] item: Weakness Policy
|
|-weather|SunnyDay|[upkeep]
|-heal|p2a: Great Tusk|77/100|[from] item: Leftovers
|upkeep
|turn|8
|inactive|Deformedwater has 90 seconds left.
|
|t:|1776308837
|-end|p2a: Great Tusk|Protosynthesis|[silent]
|switch|p2a: Gliscor|Gliscor, M|48/100 tox
|move|p1a: Ceruledge|Bitter Blade|p2a: Gliscor
|-damage|p2a: Gliscor|0 fnt
|-heal|p1a: Ceruledge|25/100|[from] drain|[of] p2a: Gliscor
|faint|p2a: Gliscor
|
|-weather|SunnyDay|[upkeep]
|upkeep
|
|t:|1776308848
|switch|p2a: Raging Bolt|Raging Bolt|100/100
|-activate|p2a: Raging Bolt|ability: Protosynthesis
|-start|p2a: Raging Bolt|protosynthesisspa
|turn|9
|
|t:|1776308856
|-terastallize|p1a: Ceruledge|Ghost
|move|p1a: Ceruledge|Shadow Sneak|p2a: Raging Bolt
|-damage|p2a: Raging Bolt|52/100
|move|p2a: Raging Bolt|Thunderclap||[still]
|-fail|p2a: Raging Bolt
|
|-weather|none
|-end|p2a: Raging Bolt|Protosynthesis
|-heal|p2a: Raging Bolt|59/100|[from] item: Leftovers
|upkeep
|turn|10
|
|t:|1776308864
|move|p1a: Ceruledge|Poltergeist|p2a: Raging Bolt
|-activate|p2a: Raging Bolt|move: Poltergeist|Leftovers
|-damage|p2a: Raging Bolt|0 fnt
|faint|p2a: Raging Bolt
|-end|p2a: Raging Bolt|Protosynthesis|[silent]
|
|upkeep
|
|t:|1776308869
|switch|p2a: Torkoal|Torkoal, M|97/100 par
|-weather|SunnyDay|[from] ability: Drought|[of] p2a: Torkoal
|turn|11
|
|t:|1776308876
|move|p1a: Ceruledge|Poltergeist|p2a: Torkoal
|-activate|p2a: Torkoal|move: Poltergeist|Heat Rock
|-damage|p2a: Torkoal|0 fnt
|faint|p2a: Torkoal
|
|-weather|SunnyDay|[upkeep]
|upkeep
|
|t:|1776308892
|switch|p2a: Walking Wake|Walking Wake|100/100
|-activate|p2a: Walking Wake|ability: Protosynthesis
|-start|p2a: Walking Wake|protosynthesisspa
|turn|12
|
|t:|1776308896
|move|p1a: Ceruledge|Poltergeist|p2a: Walking Wake
|-activate|p2a: Walking Wake|move: Poltergeist|Choice Specs
|-damage|p2a: Walking Wake|0 fnt
|faint|p2a: Walking Wake
|-end|p2a: Walking Wake|Protosynthesis|[silent]
|
|-weather|SunnyDay|[upkeep]
|upkeep
|
|t:|1776308899
|switch|p2a: Cinderace|Cinderace, F|48/100
|turn|13
|
|t:|1776308905
|move|p1a: Ceruledge|Shadow Sneak|p2a: Cinderace
|-damage|p2a: Cinderace|0 fnt
|faint|p2a: Cinderace
|
|-weather|SunnyDay|[upkeep]
|upkeep
|inactive|Deformedwater has 120 seconds left.
|
|t:|1776308915
|switch|p2a: Great Tusk|Great Tusk|77/100
|-activate|p2a: Great Tusk|ability: Protosynthesis
|-start|p2a: Great Tusk|protosynthesisatk
|turn|14
|
|t:|1776308918
|move|p1a: Ceruledge|Bitter Blade|p2a: Great Tusk
|-damage|p2a: Great Tusk|0 fnt
|-heal|p1a: Ceruledge|82/100|[from] drain|[of] p2a: Great Tusk
|faint|p2a: Great Tusk
|-end|p2a: Great Tusk|Protosynthesis|[silent]
|
|win|Chrisnwobu
|raw|Chrisnwobu's rating: 1401 &rarr; <strong>1423</strong><br />(+22 for winning)
|raw|Deformedwater's rating: 1443 &rarr; <strong>1421</strong><br />(-22 for losing)
