|html|<div class="broadcast-blue"><strong>[Gen 9] OU is currently suspecting Volcarona! For information on how to participate check out the <a href="https://www.smogon.com/tools/suspects/view/208">suspect thread</a>.</strong></div>
|j|‽anomalia682
|j|☆Nickthenickthenick
|t:|1778497149
|gametype|singles
|player|p1|anomalia682|sage|1259
|player|p2|Nickthenickthenick|266|1338
|gen|9
|tier|[Gen 9] OU
|rated|
|rule|HP Percentage Mod: HP is shown in percentages
|rule|Endless Battle Clause: Forcing endless battles is banned
|rule|Species Clause: Limit one of each Pokémon
|rule|OHKO Clause: OHKO moves are banned
|rule|Evasion Items Clause: Evasion items are banned
|rule|Evasion Moves Clause: Evasion moves are banned
|rule|Evasion Abilities Clause: Evasion abilities are banned
|rule|Sleep Moves Clause: Sleep-inducing moves are banned
|clearpoke
|poke|p1|Cinccino, F|
|poke|p1|Ninetales-Alola, F|
|poke|p1|Zamazenta-*|
|poke|p1|Toxtricity, F|
|poke|p1|Iron Treads|
|poke|p1|Scyther, F|
|poke|p2|Ninetales, M|
|poke|p2|Charizard, M|
|poke|p2|Venusaur, M|
|poke|p2|Dragonite, M|
|poke|p2|Zapdos|
|poke|p2|Blastoise, M|
|teampreview
|inactive|Battle timer is ON: inactive players will automatically lose when time's up. (requested by Nickthenickthenick)
|
|t:|1778497178
|teamsize|p1|6
|teamsize|p2|6
|start
|switch|p1a: Toxtricity|Toxtricity, F|100/100
|switch|p2a: Blastoise|Blastoise, M|100/100
|turn|1
|
|t:|1778497188
|move|p2a: Blastoise|Shell Smash|p2a: Blastoise
|-unboost|p2a: Blastoise|def|1
|-unboost|p2a: Blastoise|spd|1
|-boost|p2a: Blastoise|atk|2
|-boost|p2a: Blastoise|spa|2
|-boost|p2a: Blastoise|spe|2
|-enditem|p2a: Blastoise|White Herb
|-clearnegativeboost|p2a: Blastoise|[silent]
|move|p1a: Toxtricity|Overdrive|p2a: Blastoise
|-supereffective|p2a: Blastoise
|-damage|p2a: Blastoise|0 fnt
|faint|p2a: Blastoise
|-enditem|p1a: Toxtricity|Throat Spray
|-boost|p1a: Toxtricity|spa|1|[from] item: Throat Spray
|
|upkeep
|
|t:|1778497207
|switch|p2a: Dragonite|Dragonite, M|100/100
|turn|2
|
|t:|1778497219
|move|p2a: Dragonite|Earthquake|p1a: Toxtricity
|-supereffective|p1a: Toxtricity
|-damage|p1a: Toxtricity|0 fnt
|faint|p1a: Toxtricity
|
|upkeep
|
|t:|1778497226
|switch|p1a: Ninetales|Ninetales-Alola, F, shiny|100/100
|-weather|Snowscape|[from] ability: Snow Warning|[of] p1a: Ninetales
|turn|3
|
|t:|1778497230
|switch|p2a: Ninetales|Ninetales, M|100/100
|-weather|SunnyDay|[from] ability: Drought|[of] p2a: Ninetales
|move|p1a: Ninetales|Aurora Veil||[still]
|-fail|p1a: Ninetales
|
|-weather|SunnyDay|[upkeep]
|upkeep
|turn|4
|
|t:|1778497249
|move|p1a: Ninetales|Chilling Water|p2a: Ninetales
|-supereffective|p2a: Ninetales
|-damage|p2a: Ninetales|87/100
|-unboost|p2a: Ninetales|atk|1
|move|p2a: Ninetales|Flamethrower|p1a: Ninetales
|-supereffective|p1a: Ninetales
|-crit|p1a: Ninetales
|-damage|p1a: Ninetales|0 fnt
|faint|p1a: Ninetales
|
|-weather|SunnyDay|[upkeep]
|upkeep
|inactive|anomalia682 has 120 seconds left.
|
|t:|1778497277
|switch|p1a: Scyther|Scyther, F|100/100
|turn|5
|inactive|anomalia682 has 120 seconds left.
|inactive|Nickthenickthenick has 120 seconds left.
|
|t:|1778497312
|-terastallize|p1a: Scyther|Flying
|move|p1a: Scyther|Dual Wingbeat|p2a: Ninetales
|-damage|p2a: Ninetales|31/100
|-damage|p2a: Ninetales|0 fnt
|faint|p2a: Ninetales
|-hitcount|p2: Ninetales|2
|
|-weather|SunnyDay|[upkeep]
|upkeep
|inactive|Nickthenickthenick has 120 seconds left.
|
|t:|1778497321
|switch|p2a: Charizard|Charizard, M|100/100
|turn|6
|inactive|anomalia682 has 120 seconds left.
|
|t:|1778497337
|move|p1a: Scyther|Tailwind|p1a: Scyther
|-sidestart|p1: anomalia682|move: Tailwind
|move|p2a: Charizard|Flamethrower|p1a: Scyther
|-damage|p1a: Scyther|4/100
|
|-weather|SunnyDay|[upkeep]
|-damage|p2a: Charizard|88/100|[from] ability: Solar Power|[of] p2a: Charizard
|upkeep
|turn|7
|
|t:|1778497348
|move|p1a: Scyther|Dual Wingbeat|p2a: Charizard
|-damage|p2a: Charizard|38/100
|-damage|p2a: Charizard|0 fnt
|faint|p2a: Charizard
|-hitcount|p2: Charizard|2
|
|-weather|SunnyDay|[upkeep]
|upkeep
|
|t:|1778497352
|switch|p2a: Dragonite|Dragonite, M|100/100
|turn|8
|inactive|anomalia682 has 120 seconds left.
|
|t:|1778497366
|move|p2a: Dragonite|Extreme Speed|p1a: Scyther
|-damage|p1a: Scyther|0 fnt
|faint|p1a: Scyther
|
|-weather|SunnyDay|[upkeep]
|upkeep
|inactive|anomalia682 has 120 seconds left.
|
|t:|1778497378
|switch|p1a: Cinccino|Cinccino, F|100/100
|turn|9
|inactive|anomalia682 has 120 seconds left.
|
|t:|1778497392
|switch|p2a: Venusaur|Venusaur, M|100/100
|move|p1a: Cinccino|Tidy Up|p1a: Cinccino
|-boost|p1a: Cinccino|atk|1
|-boost|p1a: Cinccino|spe|1
|
|-weather|SunnyDay|[upkeep]
|-sideend|p1: anomalia682|move: Tailwind
|upkeep
|turn|10
|inactive|anomalia682 has 120 seconds left.
|
|t:|1778497401
|-terastallize|p2a: Venusaur|Fire
|move|p1a: Cinccino|Triple Axel|p2a: Venusaur
|-resisted|p2a: Venusaur
|-damage|p2a: Venusaur|92/100
|-resisted|p2a: Venusaur
|-damage|p2a: Venusaur|76/100
|-resisted|p2a: Venusaur
|-damage|p2a: Venusaur|50/100
|-hitcount|p2a: Venusaur|3
|move|p2a: Venusaur|Weather Ball|p1a: Cinccino
|-damage|p1a: Cinccino|0 fnt
|faint|p1a: Cinccino
|-damage|p2a: Venusaur|40/100|[from] item: Life Orb
|
|-weather|none
|upkeep
|inactive|anomalia682 has 120 seconds left.
|
|t:|1778497416
|switch|p1a: Iron Treads|Iron Treads|100/100
|-enditem|p1a: Iron Treads|Booster Energy
|-activate|p1a: Iron Treads|ability: Quark Drive|[fromitem]
|-start|p1a: Iron Treads|quarkdrivespe
|turn|11
|inactive|anomalia682 has 120 seconds left.
|
|t:|1778497426
|move|p1a: Iron Treads|Earthquake|p2a: Venusaur
|-supereffective|p2a: Venusaur
|-damage|p2a: Venusaur|0 fnt
|faint|p2a: Venusaur
|
|upkeep
|
|t:|1778497429
|switch|p2a: Zapdos|Zapdos|100/100
|turn|12
|inactive|anomalia682 has 120 seconds left.
|
|t:|1778497452
|move|p1a: Iron Treads|Ice Spinner|p2a: Zapdos
|-supereffective|p2a: Zapdos
|-damage|p2a: Zapdos|52/100
|-status|p1a: Iron Treads|par|[from] ability: Static|[of] p2a: Zapdos
|move|p2a: Zapdos|Heat Wave|p1a: Iron Treads
|-supereffective|p1a: Iron Treads
|-damage|p1a: Iron Treads|22/100 par
|
|upkeep
|turn|13
|inactive|anomalia682 has 120 seconds left.
|inactive|Nickthenickthenick has 120 seconds left.
|
|t:|1778497493
|move|p1a: Iron Treads|Ice Spinner|p2a: Zapdos
|-supereffective|p2a: Zapdos
|-damage|p2a: Zapdos|4/100
|move|p2a: Zapdos|Roost|p2a: Zapdos
|-heal|p2a: Zapdos|55/100
|-singleturn|p2a: Zapdos|move: Roost
|
|upkeep
|turn|14
|inactive|anomalia682 has 120 seconds left.
|
|t:|1778497500
|cant|p1a: Iron Treads|par
|move|p2a: Zapdos|Roost|p2a: Zapdos
|-heal|p2a: Zapdos|100/100
|-singleturn|p2a: Zapdos|move: Roost
|
|upkeep
|turn|15
|
|t:|1778497503
|move|p1a: Iron Treads|Ice Spinner|p2a: Zapdos
|-supereffective|p2a: Zapdos
|-damage|p2a: Zapdos|52/100
|move|p2a: Zapdos|Heat Wave|p1a: Iron Treads
|-supereffective|p1a: Iron Treads
|-damage|p1a: Iron Treads|0 fnt
|faint|p1a: Iron Treads
|-end|p1a: Iron Treads|Quark Drive|[silent]
|
|upkeep
|
|t:|1778497506
|switch|p1a: Zamazenta|Zamazenta|100/100
|-ability|p1a: Zamazenta|Dauntless Shield|boost
|-boost|p1a: Zamazenta|def|1
|turn|16
|
|t:|1778497517
|move|p1a: Zamazenta|Iron Defense|p1a: Zamazenta
|-boost|p1a: Zamazenta|def|2
|move|p2a: Zapdos|Discharge|p1a: Zamazenta
|-damage|p1a: Zamazenta|73/100
|
|-heal|p1a: Zamazenta|79/100|[from] item: Leftovers
|upkeep
|turn|17
|inactive|anomalia682 has 120 seconds left.
|inactive|Nickthenickthenick has 120 seconds left.
|
|t:|1778497572
|move|p1a: Zamazenta|Iron Defense|p1a: Zamazenta
|-boost|p1a: Zamazenta|def|2
|move|p2a: Zapdos|Discharge|p1a: Zamazenta
|-damage|p1a: Zamazenta|52/100
|
|-heal|p1a: Zamazenta|58/100|[from] item: Leftovers
|upkeep
|turn|18
|
|t:|1778497602
|move|p1a: Zamazenta|Body Press|p2a: Zapdos
|-resisted|p2a: Zapdos
|-damage|p2a: Zapdos|0 fnt
|-status|p1a: Zamazenta|par|[from] ability: Static|[of] p2a: Zapdos
|faint|p2a: Zapdos
|
|-heal|p1a: Zamazenta|64/100 par|[from] item: Leftovers
|upkeep
|
|t:|1778497605
|switch|p2a: Dragonite|Dragonite, M|100/100
|turn|19
|
|t:|1778497614
|move|p2a: Dragonite|Dragon Dance|p2a: Dragonite
|-boost|p2a: Dragonite|atk|1
|-boost|p2a: Dragonite|spe|1
|move|p1a: Zamazenta|Body Press|p2a: Dragonite
|-resisted|p2a: Dragonite
|-damage|p2a: Dragonite|71/100
|
|-heal|p1a: Zamazenta|70/100 par|[from] item: Leftovers
|upkeep
|turn|20
|
|t:|1778497623
|move|p2a: Dragonite|Roost|p2a: Dragonite
|-heal|p2a: Dragonite|100/100
|-singleturn|p2a: Dragonite|move: Roost
|cant|p1a: Zamazenta|par
|
|-heal|p1a: Zamazenta|76/100 par|[from] item: Leftovers
|upkeep
|turn|21
|inactive|anomalia682 has 120 seconds left.
|
|t:|1778497630
|move|p2a: Dragonite|Dragon Dance|p2a: Dragonite
|-boost|p2a: Dragonite|atk|1
|-boost|p2a: Dragonite|spe|1
|move|p1a: Zamazenta|Body Press|p2a: Dragonite
|-resisted|p2a: Dragonite
|-damage|p2a: Dragonite|70/100
|
|-heal|p1a: Zamazenta|82/100 par|[from] item: Leftovers
|upkeep
|turn|22
|inactive|Nickthenickthenick has 120 seconds left.
|
|t:|1778497661
|move|p2a: Dragonite|Roost|p2a: Dragonite
|-heal|p2a: Dragonite|100/100
|-singleturn|p2a: Dragonite|move: Roost
|move|p1a: Zamazenta|Body Press|p2a: Dragonite
|-damage|p2a: Dragonite|40/100
|
|-heal|p1a: Zamazenta|89/100 par|[from] item: Leftovers
|upkeep
|turn|23
|inactive|anomalia682 has 120 seconds left.
|
|t:|1778497692
|move|p2a: Dragonite|Roost|p2a: Dragonite
|-heal|p2a: Dragonite|90/100
|-singleturn|p2a: Dragonite|move: Roost
|move|p1a: Zamazenta|Body Press|p2a: Dragonite
|-damage|p2a: Dragonite|0 fnt
|faint|p2a: Dragonite
|
|win|anomalia682
|raw|anomalia682's rating: 1259 &rarr; <strong>1290</strong><br />(+31 for winning)
|raw|Nickthenickthenick's rating: 1338 &rarr; <strong>1314</strong><br />(-24 for losing)
|l|‽anomalia682
|player|p1|
