|html|<div class="broadcast-blue"><strong>[Gen 9] OU is currently suspecting Tera Blast! For information on how to participate check out the <a href="https://www.smogon.com/tools/suspects/view/200">suspect thread</a>.</strong></div>
|j|☆ir0nv4l14nt
|j|☆Pig Perfect
|t:|1776078181
|gametype|singles
|player|p1|ir0nv4l14nt|ethan|1427
|player|p2|Pig Perfect|workerice|1532
|gen|9
|tier|[Gen 9] OU
|rated|
|rule|HP Percentage Mod: HP is shown in percentages
|rule|Endless Battle Clause: Forcing endless battles is banned
|rule|Species Clause: Limit one of each Pokémon
|rule|OHKO Clause: OHKO moves are banned
|rule|Evasion Items Clause: Evasion items are banned
|rule|Evasion Moves Clause: Evasion moves are banned
|rule|Evasion Abilities Clause: Evasion abilities are banned
|rule|Sleep Moves Clause: Sleep-inducing moves are banned
|clearpoke
|poke|p1|Frosmoth, F|
|poke|p1|Ninetales-Alola, F|
|poke|p1|Ceruledge, M|
|poke|p1|Darkrai|
|poke|p1|Landorus-Therian, M|
|poke|p1|Iron Crown|
|poke|p2|Iron Leaves|
|poke|p2|Iron Treads|
|poke|p2|Kingambit, F|
|poke|p2|Pawmot, F|
|poke|p2|Pincurchin, F|
|poke|p2|Raging Bolt|
|teampreview
|inactive|Battle timer is ON: inactive players will automatically lose when time's up. (requested by ir0nv4l14nt)
|
|t:|1776078191
|teamsize|p1|6
|teamsize|p2|6
|start
|switch|p1a: Iron Crown|Iron Crown|100/100
|switch|p2a: Sew What?|Pincurchin, F|100/100
|-fieldstart|move: Electric Terrain|[from] ability: Electric Surge|[of] p2a: Sew What?
|-activate|p1a: Iron Crown|ability: Quark Drive
|-start|p1a: Iron Crown|quarkdrivespe
|turn|1
|
|t:|1776078196
|move|p1a: Iron Crown|Calm Mind|p1a: Iron Crown
|-boost|p1a: Iron Crown|spa|1
|-boost|p1a: Iron Crown|spd|1
|move|p2a: Sew What?|Spikes|p1a: Iron Crown
|-sidestart|p1: ir0nv4l14nt|Spikes
|
|upkeep
|turn|2
|
|t:|1776078203
|move|p1a: Iron Crown|Calm Mind|p1a: Iron Crown
|-boost|p1a: Iron Crown|spa|1
|-boost|p1a: Iron Crown|spd|1
|move|p2a: Sew What?|Thunder Wave|p1a: Iron Crown|[miss]
|-miss|p2a: Sew What?|p1a: Iron Crown
|
|upkeep
|turn|3
|
|t:|1776078213
|move|p1a: Iron Crown|Psychic Noise|p2a: Sew What?
|-damage|p2a: Sew What?|9/100
|-start|p2a: Sew What?|move: Heal Block
|move|p2a: Sew What?|Thunder Wave|p1a: Iron Crown
|-status|p1a: Iron Crown|par
|
|upkeep
|turn|4
|
|t:|1776078222
|switch|p2a: *Leaves Game*|Iron Leaves|100/100
|-activate|p2a: *Leaves Game*|ability: Quark Drive
|-start|p2a: *Leaves Game*|quarkdriveatk
|move|p1a: Iron Crown|Tachyon Cutter|p2a: *Leaves Game*
|-damage|p2a: *Leaves Game*|73/100
|-damage|p2a: *Leaves Game*|40/100
|-hitcount|p2a: *Leaves Game*|2
|
|upkeep
|turn|5
|
|t:|1776078236
|move|p2a: *Leaves Game*|Wild Charge|p1a: Iron Crown
|-damage|p1a: Iron Crown|43/100 par
|-damage|p2a: *Leaves Game*|26/100|[from] Recoil
|move|p1a: Iron Crown|Tachyon Cutter|p2a: *Leaves Game*
|-damage|p2a: *Leaves Game*|0 fnt
|faint|p2a: *Leaves Game*
|-end|p2a: *Leaves Game*|Quark Drive|[silent]
|-hitcount|p2: *Leaves Game*|1
|
|upkeep
|
|t:|1776078249
|switch|p2a: Iron Trunk|Iron Treads|100/100
|-item|p2a: Iron Trunk|Air Balloon
|-activate|p2a: Iron Trunk|ability: Quark Drive
|-start|p2a: Iron Trunk|quarkdrivespe
|turn|6
|
|t:|1776078255
|move|p2a: Iron Trunk|Stealth Rock|p1a: Iron Crown
|-sidestart|p1: ir0nv4l14nt|move: Stealth Rock
|move|p1a: Iron Crown|Focus Blast|p2a: Iron Trunk|[miss]
|-miss|p1a: Iron Crown|p2a: Iron Trunk
|
|upkeep
|turn|7
|
|t:|1776078259
|move|p2a: Iron Trunk|Earth Power|p1a: Iron Crown
|-supereffective|p1a: Iron Crown
|-damage|p1a: Iron Crown|7/100 par
|cant|p1a: Iron Crown|par
|
|upkeep
|turn|8
|
|t:|1776078264
|move|p2a: Iron Trunk|Earth Power|p1a: Iron Crown
|-supereffective|p1a: Iron Crown
|-damage|p1a: Iron Crown|0 fnt
|faint|p1a: Iron Crown
|-end|p1a: Iron Crown|Quark Drive|[silent]
|
|-fieldend|move: Electric Terrain
|-end|p2a: Iron Trunk|Quark Drive
|upkeep
|
|t:|1776078272
|switch|p1a: Landorus|Landorus-Therian, M|100/100
|-damage|p1a: Landorus|88/100|[from] Stealth Rock
|-ability|p1a: Landorus|Intimidate|boost
|-unboost|p2a: Iron Trunk|atk|1
|turn|9
|
|t:|1776078275
|-end|p2a: Iron Trunk|Quark Drive|[silent]
|switch|p2a: Sew What?|Pincurchin, F|9/100
|-fieldstart|move: Electric Terrain|[from] ability: Electric Surge|[of] p2a: Sew What?
|move|p1a: Landorus|Stealth Rock|p2a: Sew What?
|-sidestart|p2: Pig Perfect|move: Stealth Rock
|
|upkeep
|turn|10
|
|t:|1776078278
|move|p1a: Landorus|U-turn|p2a: Sew What?
|-crit|p2a: Sew What?
|-damage|p2a: Sew What?|0 fnt
|faint|p2a: Sew What?
|
|t:|1776078282
|switch|p1a: Ninetales|Ninetales-Alola, F|100/100|[from] U-turn
|-damage|p1a: Ninetales|88/100|[from] Spikes
|-damage|p1a: Ninetales|64/100|[from] Stealth Rock
|-weather|Snowscape|[from] ability: Snow Warning|[of] p1a: Ninetales
|
|-weather|Snowscape|[upkeep]
|upkeep
|
|t:|1776078284
|switch|p2a: Iron Trunk|Iron Treads|100/100
|-damage|p2a: Iron Trunk|97/100|[from] Stealth Rock
|-item|p2a: Iron Trunk|Air Balloon
|-activate|p2a: Iron Trunk|ability: Quark Drive
|-start|p2a: Iron Trunk|quarkdrivespe
|turn|11
|
|t:|1776078300
|switch|p1a: Darkrai|Darkrai|100/100
|-damage|p1a: Darkrai|88/100|[from] Spikes
|-damage|p1a: Darkrai|76/100|[from] Stealth Rock
|move|p2a: Iron Trunk|Steel Beam|p1a: Darkrai
|-damage|p1a: Darkrai|9/100
|-damage|p2a: Iron Trunk|47/100|[from] steelbeam
|
|-weather|Snowscape|[upkeep]
|-heal|p1a: Darkrai|15/100|[from] item: Leftovers
|upkeep
|turn|12
|
|t:|1776078309
|move|p2a: Iron Trunk|Rapid Spin|p1a: Darkrai
|-damage|p1a: Darkrai|0 fnt
|-boost|p2a: Iron Trunk|spe|1
|-sideend|p2: Pig Perfect|Stealth Rock|[from] move: Rapid Spin|[of] p2a: Iron Trunk
|faint|p1a: Darkrai
|
|-weather|Snowscape|[upkeep]
|upkeep
|
|t:|1776078314
|switch|p1a: Landorus|Landorus-Therian, M|88/100
|-damage|p1a: Landorus|76/100|[from] Stealth Rock
|-ability|p1a: Landorus|Intimidate|boost
|-unboost|p2a: Iron Trunk|atk|1
|turn|13
|
|t:|1776078322
|move|p2a: Iron Trunk|Steel Beam|p1a: Landorus
|-damage|p1a: Landorus|10/100
|-damage|p2a: Iron Trunk|0 fnt|[from] steelbeam
|faint|p2a: Iron Trunk
|-end|p2a: Iron Trunk|Quark Drive|[silent]
|move|p1a: Landorus|Stealth Rock|p2: Iron Trunk
|-sidestart|p2: Pig Perfect|move: Stealth Rock
|
|-weather|Snowscape|[upkeep]
|upkeep
|
|t:|1776078330
|switch|p2a: Peak-Chu|Pawmot, F|100/100
|-damage|p2a: Peak-Chu|94/100|[from] Stealth Rock
|turn|14
|
|t:|1776078336
|move|p2a: Peak-Chu|Ice Punch|p1a: Landorus
|-supereffective|p1a: Landorus
|-damage|p1a: Landorus|0 fnt
|-damage|p2a: Peak-Chu|78/100|[from] item: Rocky Helmet|[of] p1a: Landorus
|faint|p1a: Landorus
|
|-weather|none
|upkeep
|
|t:|1776078341
|switch|p1a: Ninetales|Ninetales-Alola, F|64/100
|-damage|p1a: Ninetales|51/100|[from] Spikes
|-damage|p1a: Ninetales|27/100|[from] Stealth Rock
|-weather|Snowscape|[from] ability: Snow Warning|[of] p1a: Ninetales
|turn|15
|
|t:|1776078345
|switch|p2a: So ein Mist!|Kingambit, F|100/100
|-damage|p2a: So ein Mist!|94/100|[from] Stealth Rock
|-activate|p2a: So ein Mist!|ability: Supreme Overlord
|-start|p2a: So ein Mist!|fallen3|[silent]
|move|p1a: Ninetales|Moonblast|p2a: So ein Mist!
|-damage|p2a: So ein Mist!|58/100
|
|-weather|Snowscape|[upkeep]
|-heal|p2a: So ein Mist!|64/100|[from] item: Leftovers
|upkeep
|turn|16
|
|t:|1776078353
|move|p1a: Ninetales|Aurora Veil|p1a: Ninetales
|-sidestart|p1: ir0nv4l14nt|move: Aurora Veil
|move|p2a: So ein Mist!|Iron Head|p1a: Ninetales
|-supereffective|p1a: Ninetales
|-damage|p1a: Ninetales|0 fnt
|faint|p1a: Ninetales
|
|-weather|Snowscape|[upkeep]
|-heal|p2a: So ein Mist!|70/100|[from] item: Leftovers
|-fieldend|move: Electric Terrain
|upkeep
|
|t:|1776078356
|switch|p1a: Ceruledge|Ceruledge, M|100/100
|turn|17
|
|t:|1776078363
|-terastallize|p1a: Ceruledge|Bug
|move|p1a: Ceruledge|Bulk Up|p1a: Ceruledge
|-boost|p1a: Ceruledge|atk|1
|-boost|p1a: Ceruledge|def|1
|move|p2a: So ein Mist!|Swords Dance|p2a: So ein Mist!
|-boost|p2a: So ein Mist!|atk|2
|
|-weather|Snowscape|[upkeep]
|-heal|p2a: So ein Mist!|76/100|[from] item: Leftovers
|upkeep
|turn|18
|
|t:|1776078376
|-end|p2a: So ein Mist!|fallen3|[silent]
|switch|p2a: Necky's Nuts|Raging Bolt|100/100
|-damage|p2a: Necky's Nuts|88/100|[from] Stealth Rock
|-enditem|p2a: Necky's Nuts|Booster Energy
|-activate|p2a: Necky's Nuts|ability: Protosynthesis|[fromitem]
|-start|p2a: Necky's Nuts|protosynthesisspa
|move|p1a: Ceruledge|Flame Charge|p2a: Necky's Nuts
|-resisted|p2a: Necky's Nuts
|-damage|p2a: Necky's Nuts|72/100
|-boost|p1a: Ceruledge|spe|1
|
|-weather|Snowscape|[upkeep]
|upkeep
|turn|19
|
|t:|1776078385
|move|p1a: Ceruledge|Poltergeist||[still]
|-fail|p1a: Ceruledge
|move|p2a: Necky's Nuts|Dragon Pulse|p1a: Ceruledge
|-damage|p1a: Ceruledge|64/100
|
|-weather|none
|upkeep
|turn|20
|
|t:|1776078389
|move|p1a: Ceruledge|Bulk Up|p1a: Ceruledge
|-boost|p1a: Ceruledge|atk|1
|-boost|p1a: Ceruledge|def|1
|move|p2a: Necky's Nuts|Dragon Pulse|p1a: Ceruledge
|-damage|p1a: Ceruledge|28/100
|
|upkeep
|turn|21
|
|t:|1776078396
|move|p1a: Ceruledge|Bitter Blade|p2a: Necky's Nuts
|-resisted|p2a: Necky's Nuts
|-damage|p2a: Necky's Nuts|32/100
|-heal|p1a: Ceruledge|55/100|[from] drain|[of] p2a: Necky's Nuts
|move|p2a: Necky's Nuts|Dragon Pulse|p1a: Ceruledge
|-damage|p1a: Ceruledge|15/100
|
|upkeep
|turn|22
|
|t:|1776078403
|move|p2a: Necky's Nuts|Thunderclap|p1a: Ceruledge
|-damage|p1a: Ceruledge|0 fnt
|faint|p1a: Ceruledge
|
|upkeep
|
|t:|1776078405
|switch|p1a: Frosmoth|Frosmoth, F|100/100
|turn|23
|
|t:|1776078415
|-end|p2a: Necky's Nuts|Protosynthesis|[silent]
|switch|p2a: So ein Mist!|Kingambit, F|76/100
|-damage|p2a: So ein Mist!|70/100|[from] Stealth Rock
|-activate|p2a: So ein Mist!|ability: Supreme Overlord
|-start|p2a: So ein Mist!|fallen3|[silent]
|move|p1a: Frosmoth|Quiver Dance|p1a: Frosmoth
|-boost|p1a: Frosmoth|spa|1
|-boost|p1a: Frosmoth|spd|1
|-boost|p1a: Frosmoth|spe|1
|
|-heal|p2a: So ein Mist!|76/100|[from] item: Leftovers
|-sideend|p1: ir0nv4l14nt|move: Aurora Veil
|upkeep
|turn|24
|
|t:|1776078420
|move|p2a: So ein Mist!|Sucker Punch|p1a: Frosmoth
|-damage|p1a: Frosmoth|10/100
|move|p1a: Frosmoth|Bug Buzz|p2a: So ein Mist!
|-damage|p2a: So ein Mist!|3/100
|
|-heal|p2a: So ein Mist!|10/100|[from] item: Leftovers
|upkeep
|turn|25
|
|t:|1776078425
|move|p2a: So ein Mist!|Sucker Punch|p1a: Frosmoth
|-damage|p1a: Frosmoth|0 fnt
|faint|p1a: Frosmoth
|
|win|Pig Perfect
|raw|ir0nv4l14nt's rating: 1427 &rarr; <strong>1413</strong><br />(-14 for losing)
|raw|Pig Perfect's rating: 1532 &rarr; <strong>1546</strong><br />(+14 for winning)
|l|☆ir0nv4l14nt
|player|p1|
|c|☆Pig Perfect|Gg
|l|☆Pig Perfect
|player|p2|
