|html|<div class="broadcast-blue"><strong>[Gen 9] OU is currently suspecting Volcarona! For information on how to participate check out the <a href="https://www.smogon.com/tools/suspects/view/208">suspect thread</a>.</strong></div>
|j|☆Yellowgo
|j|☆soumbrarax
|t:|1778515481
|gametype|singles
|player|p1|Yellowgo|265|1430
|player|p2|soumbrarax|169|1443
|gen|9
|tier|[Gen 9] OU
|rated|
|rule|HP Percentage Mod: HP is shown in percentages
|rule|Endless Battle Clause: Forcing endless battles is banned
|rule|Species Clause: Limit one of each Pokémon
|rule|OHKO Clause: OHKO moves are banned
|rule|Evasion Items Clause: Evasion items are banned
|rule|Evasion Moves Clause: Evasion moves are banned
|rule|Evasion Abilities Clause: Evasion abilities are banned
|rule|Sleep Moves Clause: Sleep-inducing moves are banned
|clearpoke
|poke|p1|Kyurem|
|poke|p1|Tyranitar, F|
|poke|p1|Corviknight, M|
|poke|p1|Zamazenta-*|
|poke|p1|Slowking-Galar, M|
|poke|p1|Excadrill, M|
|poke|p2|Ogerpon, F|
|poke|p2|Jirachi|
|poke|p2|Great Tusk|
|poke|p2|Porygon-Z|
|poke|p2|Iron Valiant|
|poke|p2|Skeledirge, M|
|teampreview
|
|t:|1778515490
|teamsize|p1|6
|teamsize|p2|6
|start
|switch|p1a: Kyurem|Kyurem|100/100
|switch|p2a: Ogerpon|Ogerpon, F|100/100
|-ability|p1a: Kyurem|Pressure
|turn|1
|inactive|Battle timer is ON: inactive players will automatically lose when time's up. (requested by Yellowgo)
|
|t:|1778515498
|switch|p2a: Jirachi|Jirachi|100/100
|move|p1a: Kyurem|Ice Beam|p2a: Jirachi
|-resisted|p2a: Jirachi
|-damage|p2a: Jirachi|80/100
|
|-heal|p2a: Jirachi|86/100|[from] item: Leftovers
|upkeep
|turn|2
|
|t:|1778515508
|switch|p1a: Corviknight|Corviknight, M|100/100
|-ability|p1a: Corviknight|Pressure
|move|p2a: Jirachi|U-turn|p1a: Corviknight
|-resisted|p1a: Corviknight
|-damage|p1a: Corviknight|98/100
|-damage|p2a: Jirachi|70/100|[from] item: Rocky Helmet|[of] p1a: Corviknight
|
|t:|1778515513
|switch|p2a: Skeledirge|Skeledirge, M|100/100|[from] U-turn
|
|upkeep
|turn|3
|
|t:|1778515526
|switch|p1a: Tyranitar|Tyranitar, F|100/100
|-weather|Sandstorm|[from] ability: Sand Stream|[of] p1a: Tyranitar
|move|p2a: Skeledirge|Will-O-Wisp|p1a: Tyranitar
|-status|p1a: Tyranitar|brn
|
|-weather|Sandstorm|[upkeep]
|-damage|p2a: Skeledirge|94/100|[from] Sandstorm
|-damage|p1a: Tyranitar|94/100 brn|[from] brn
|upkeep
|turn|4
|
|t:|1778515538
|switch|p2a: Great Tusk|Great Tusk|100/100
|move|p1a: Tyranitar|Knock Off|p2a: Great Tusk
|-resisted|p2a: Great Tusk
|-damage|p2a: Great Tusk|91/100
|-enditem|p2a: Great Tusk|Heavy-Duty Boots|[from] move: Knock Off|[of] p1a: Tyranitar
|
|-weather|Sandstorm|[upkeep]
|-heal|p1a: Tyranitar|100/100 brn|[from] item: Leftovers
|-damage|p1a: Tyranitar|94/100 brn|[from] brn
|upkeep
|turn|5
|
|t:|1778515549
|switch|p1a: Corviknight|Corviknight, M|98/100
|-ability|p1a: Corviknight|Pressure
|move|p2a: Great Tusk|Stealth Rock|p1a: Corviknight
|-sidestart|p1: Yellowgo|move: Stealth Rock
|
|-weather|Sandstorm|[upkeep]
|upkeep
|turn|6
|
|t:|1778515558
|move|p2a: Great Tusk|Knock Off|p1a: Corviknight
|-damage|p1a: Corviknight|79/100
|-damage|p2a: Great Tusk|75/100|[from] item: Rocky Helmet|[of] p1a: Corviknight
|-enditem|p1a: Corviknight|Rocky Helmet|[from] move: Knock Off|[of] p2a: Great Tusk
|move|p1a: Corviknight|Defog|p2a: Great Tusk
|-unboost|p2a: Great Tusk|evasion|1
|-sideend|p1: Yellowgo|Stealth Rock|[from] move: Defog|[of] p1a: Corviknight
|
|-weather|Sandstorm|[upkeep]
|upkeep
|turn|7
|
|t:|1778515568
|move|p2a: Great Tusk|Stealth Rock|p1a: Corviknight
|-sidestart|p1: Yellowgo|move: Stealth Rock
|move|p1a: Corviknight|Brave Bird|p2a: Great Tusk
|-supereffective|p2a: Great Tusk
|-damage|p2a: Great Tusk|26/100
|-damage|p1a: Corviknight|63/100|[from] Recoil
|
|-weather|none
|upkeep
|turn|8
|
|t:|1778515577
|-end|p2a: Great Tusk|Protosynthesis|[silent]
|switch|p2a: Jirachi|Jirachi|70/100
|move|p1a: Corviknight|Defog|p2a: Jirachi
|-unboost|p2a: Jirachi|evasion|1
|-sideend|p1: Yellowgo|Stealth Rock|[from] move: Defog|[of] p1a: Corviknight
|
|-heal|p2a: Jirachi|76/100|[from] item: Leftovers
|upkeep
|turn|9
|
|t:|1778515590
|move|p2a: Jirachi|Encore|p1a: Corviknight
|-start|p1a: Corviknight|Encore
|move|p1a: Corviknight|Defog|p2a: Jirachi
|-unboost|p2a: Jirachi|evasion|1
|
|-heal|p2a: Jirachi|82/100|[from] item: Leftovers
|upkeep
|turn|10
|
|t:|1778515598
|switch|p1a: Excadrill|Excadrill, M|100/100
|-item|p1a: Excadrill|Air Balloon
|move|p2a: Jirachi|Wish|p2a: Jirachi
|
|-heal|p2a: Jirachi|88/100|[from] item: Leftovers
|upkeep
|turn|11
|
|t:|1778515608
|move|p2a: Jirachi|U-turn|p1a: Excadrill
|-resisted|p1a: Excadrill
|-damage|p1a: Excadrill|88/100
|-enditem|p1a: Excadrill|Air Balloon
|
|t:|1778515617
|switch|p2a: Ogerpon|Ogerpon, F|100/100|[from] U-turn
|move|p1a: Excadrill|Earthquake|p2a: Ogerpon
|-resisted|p2a: Ogerpon
|-damage|p2a: Ogerpon|64/100
|
|-heal|p2a: Ogerpon|100/100|[from] move: Wish|[wisher] Jirachi
|upkeep
|turn|12
|
|t:|1778515633
|switch|p1a: Zamazenta|Zamazenta|100/100
|-ability|p1a: Zamazenta|Dauntless Shield|boost
|-boost|p1a: Zamazenta|def|1
|move|p2a: Ogerpon|U-turn|p1a: Zamazenta
|-resisted|p1a: Zamazenta
|-damage|p1a: Zamazenta|90/100
|
|t:|1778515636
|switch|p2a: Skeledirge|Skeledirge, M|94/100|[from] U-turn
|
|-heal|p1a: Zamazenta|96/100|[from] item: Leftovers
|upkeep
|turn|13
|
|t:|1778515645
|switch|p2a: Jirachi|Jirachi|88/100
|move|p1a: Zamazenta|Crunch|p2a: Jirachi
|-supereffective|p2a: Jirachi
|-damage|p2a: Jirachi|49/100
|
|-heal|p1a: Zamazenta|100/100|[from] item: Leftovers
|-heal|p2a: Jirachi|55/100|[from] item: Leftovers
|upkeep
|turn|14
|
|t:|1778515654
|move|p2a: Jirachi|Protect|p2a: Jirachi
|-singleturn|p2a: Jirachi|Protect
|move|p1a: Zamazenta|Crunch|p2a: Jirachi
|-activate|p2a: Jirachi|move: Protect
|
|-heal|p2a: Jirachi|61/100|[from] item: Leftovers
|upkeep
|turn|15
|
|t:|1778515662
|move|p1a: Zamazenta|Crunch|p2a: Jirachi
|-supereffective|p2a: Jirachi
|-damage|p2a: Jirachi|24/100
|move|p2a: Jirachi|Wish|p2a: Jirachi
|
|-heal|p2a: Jirachi|30/100|[from] item: Leftovers
|upkeep
|turn|16
|
|t:|1778515672
|switch|p1a: Slowking|Slowking-Galar, M|100/100
|move|p2a: Jirachi|Protect||[still]
|-fail|p2a: Jirachi
|
|-heal|p2a: Jirachi|80/100|[from] move: Wish|[wisher] Jirachi
|-heal|p2a: Jirachi|87/100|[from] item: Leftovers
|upkeep
|turn|17
|
|t:|1778515682
|move|p2a: Jirachi|Wish|p2a: Jirachi
|move|p1a: Slowking|Future Sight|p2a: Jirachi
|-start|p1a: Slowking|move: Future Sight
|
|-heal|p2a: Jirachi|93/100|[from] item: Leftovers
|upkeep
|turn|18
|
|t:|1778515691
|move|p2a: Jirachi|U-turn|p1a: Slowking
|-damage|p1a: Slowking|84/100
|
|t:|1778515699
|switch|p2a: Great Tusk|Great Tusk|26/100|[from] U-turn
|move|p1a: Slowking|Psyshock|p2a: Great Tusk
|-supereffective|p2a: Great Tusk
|-crit|p2a: Great Tusk
|-damage|p2a: Great Tusk|0 fnt
|faint|p2a: Great Tusk
|-end|p2a: Great Tusk|Protosynthesis|[silent]
|
|upkeep
|
|t:|1778515706
|switch|p2a: Ogerpon|Ogerpon, F|100/100
|turn|19
|
|t:|1778515714
|move|p2a: Ogerpon|Knock Off|p1a: Slowking
|-supereffective|p1a: Slowking
|-damage|p1a: Slowking|0 fnt
|-enditem|p1a: Slowking|Assault Vest|[from] move: Knock Off|[of] p2a: Ogerpon
|faint|p1a: Slowking
|
|-end|p2a: Ogerpon|move: Future Sight
|-damage|p2a: Ogerpon|43/100
|upkeep
|
|t:|1778515724
|switch|p1a: Kyurem|Kyurem|100/100
|-ability|p1a: Kyurem|Pressure
|turn|20
|
|t:|1778515732
|move|p2a: Ogerpon|Knock Off|p1a: Kyurem
|-damage|p1a: Kyurem|63/100
|-enditem|p1a: Kyurem|Assault Vest|[from] move: Knock Off|[of] p2a: Ogerpon
|move|p1a: Kyurem|Ice Beam|p2a: Ogerpon
|-supereffective|p2a: Ogerpon
|-damage|p2a: Ogerpon|0 fnt
|faint|p2a: Ogerpon
|
|upkeep
|
|t:|1778515755
|switch|p2a: Jirachi|Jirachi|93/100
|turn|21
|
|t:|1778515760
|move|p2a: Jirachi|Wish|p2a: Jirachi
|move|p1a: Kyurem|Earth Power|p2a: Jirachi
|-supereffective|p2a: Jirachi
|-damage|p2a: Jirachi|43/100
|
|-heal|p2a: Jirachi|50/100|[from] item: Leftovers
|upkeep
|turn|22
|
|t:|1778515770
|move|p2a: Jirachi|U-turn|p1a: Kyurem
|-damage|p1a: Kyurem|50/100
|l|☆soumbrarax
|inactive|soumbrarax disconnected and has a minute to reconnect!
|player|p2|
|j|☆soumbrarax
|inactive|soumbrarax reconnected and has 125 seconds left.
|player|p2|soumbrarax|169|
|
|t:|1778515799
|switch|p2a: Porygon-Z|Porygon-Z|100/100|[from] U-turn
|-ability|p2a: Porygon-Z|Download|boost
|-boost|p2a: Porygon-Z|atk|1
|move|p1a: Kyurem|Earth Power|p2a: Porygon-Z
|-damage|p2a: Porygon-Z|54/100
|
|-heal|p2a: Porygon-Z|100/100|[from] move: Wish|[wisher] Jirachi
|upkeep
|turn|23
|
|t:|1778515810
|switch|p1a: Zamazenta|Zamazenta|100/100
|move|p2a: Porygon-Z|Tri Attack|p1a: Zamazenta
|-damage|p1a: Zamazenta|41/100
|
|-heal|p1a: Zamazenta|47/100|[from] item: Leftovers
|upkeep
|turn|24
|
|t:|1778515819
|switch|p1a: Excadrill|Excadrill, M|88/100
|move|p2a: Porygon-Z|Tri Attack|p1a: Excadrill
|-resisted|p1a: Excadrill
|-damage|p1a: Excadrill|47/100
|
|upkeep
|turn|25
|
|t:|1778515828
|switch|p1a: Tyranitar|Tyranitar, F|94/100 brn
|-weather|Sandstorm|[from] ability: Sand Stream|[of] p1a: Tyranitar
|move|p2a: Porygon-Z|Tri Attack|p1a: Tyranitar
|-resisted|p1a: Tyranitar
|-damage|p1a: Tyranitar|77/100 brn
|
|-weather|Sandstorm|[upkeep]
|-damage|p2a: Porygon-Z|94/100|[from] Sandstorm
|-heal|p1a: Tyranitar|83/100 brn|[from] item: Leftovers
|-damage|p1a: Tyranitar|77/100 brn|[from] brn
|upkeep
|turn|26
|
|t:|1778515841
|switch|p2a: Jirachi|Jirachi|50/100
|move|p1a: Tyranitar|Stealth Rock|p2a: Jirachi
|-sidestart|p2: soumbrarax|move: Stealth Rock
|
|-weather|Sandstorm|[upkeep]
|-heal|p2a: Jirachi|56/100|[from] item: Leftovers
|-heal|p1a: Tyranitar|83/100 brn|[from] item: Leftovers
|-damage|p1a: Tyranitar|77/100 brn|[from] brn
|upkeep
|turn|27
|
|t:|1778515851
|move|p2a: Jirachi|Encore|p1a: Tyranitar
|-start|p1a: Tyranitar|Encore
|move|p1a: Tyranitar|Stealth Rock||[still]
|-fail|p1a: Tyranitar
|
|-weather|Sandstorm|[upkeep]
|-heal|p2a: Jirachi|62/100|[from] item: Leftovers
|-heal|p1a: Tyranitar|83/100 brn|[from] item: Leftovers
|-damage|p1a: Tyranitar|77/100 brn|[from] brn
|upkeep
|turn|28
|
|t:|1778515861
|switch|p1a: Kyurem|Kyurem|50/100
|-ability|p1a: Kyurem|Pressure
|move|p2a: Jirachi|Wish|p2a: Jirachi
|
|-weather|Sandstorm|[upkeep]
|-damage|p1a: Kyurem|44/100|[from] Sandstorm
|-heal|p2a: Jirachi|68/100|[from] item: Leftovers
|upkeep
|turn|29
|
|t:|1778515871
|move|p2a: Jirachi|U-turn|p1a: Kyurem
|-damage|p1a: Kyurem|31/100
|
|t:|1778515876
|switch|p2a: Porygon-Z|Porygon-Z|94/100|[from] U-turn
|-damage|p2a: Porygon-Z|82/100|[from] Stealth Rock
|-ability|p2a: Porygon-Z|Download|boost
|-boost|p2a: Porygon-Z|atk|1
|move|p1a: Kyurem|Earth Power|p2a: Porygon-Z
|-damage|p2a: Porygon-Z|38/100
|
|-weather|none
|-heal|p2a: Porygon-Z|100/100|[from] move: Wish|[wisher] Jirachi
|upkeep
|turn|30
|
|t:|1778515889
|move|p2a: Porygon-Z|Ice Beam|p1a: Kyurem
|-damage|p1a: Kyurem|0 fnt
|faint|p1a: Kyurem
|
|upkeep
|
|t:|1778515895
|switch|p1a: Zamazenta|Zamazenta|47/100
|turn|31
|
|t:|1778515898
|switch|p2a: Skeledirge|Skeledirge, M|94/100
|move|p1a: Zamazenta|Body Press|p2a: Skeledirge
|-immune|p2a: Skeledirge
|
|-heal|p1a: Zamazenta|53/100|[from] item: Leftovers
|upkeep
|turn|32
|
|t:|1778515907
|move|p1a: Zamazenta|Crunch|p2a: Skeledirge
|-supereffective|p2a: Skeledirge
|-damage|p2a: Skeledirge|59/100
|move|p2a: Skeledirge|Torch Song|p1a: Zamazenta
|-damage|p1a: Zamazenta|28/100
|-boost|p2a: Skeledirge|spa|1
|
|-heal|p1a: Zamazenta|34/100|[from] item: Leftovers
|upkeep
|turn|33
|
|t:|1778515918
|switch|p1a: Tyranitar|Tyranitar, F|77/100 brn
|-weather|Sandstorm|[from] ability: Sand Stream|[of] p1a: Tyranitar
|move|p2a: Skeledirge|Slack Off|p2a: Skeledirge
|-heal|p2a: Skeledirge|100/100
|
|-weather|Sandstorm|[upkeep]
|-damage|p2a: Skeledirge|94/100|[from] Sandstorm
|-heal|p1a: Tyranitar|83/100 brn|[from] item: Leftovers
|-damage|p1a: Tyranitar|77/100 brn|[from] brn
|upkeep
|turn|34
|
|t:|1778515931
|switch|p2a: Iron Valiant|Iron Valiant|100/100
|-damage|p2a: Iron Valiant|94/100|[from] Stealth Rock
|-enditem|p2a: Iron Valiant|Booster Energy
|-activate|p2a: Iron Valiant|ability: Quark Drive|[fromitem]
|-start|p2a: Iron Valiant|quarkdrivespa
|move|p1a: Tyranitar|Earthquake|p2a: Iron Valiant
|-damage|p2a: Iron Valiant|67/100
|
|-weather|Sandstorm|[upkeep]
|-damage|p2a: Iron Valiant|61/100|[from] Sandstorm
|-heal|p1a: Tyranitar|83/100 brn|[from] item: Leftovers
|-damage|p1a: Tyranitar|77/100 brn|[from] brn
|upkeep
|turn|35
|
|t:|1778515946
|switch|p1a: Corviknight|Corviknight, M|63/100
|-ability|p1a: Corviknight|Pressure
|move|p2a: Iron Valiant|Calm Mind|p2a: Iron Valiant
|-boost|p2a: Iron Valiant|spa|1
|-boost|p2a: Iron Valiant|spd|1
|
|-weather|Sandstorm|[upkeep]
|-damage|p2a: Iron Valiant|54/100|[from] Sandstorm
|upkeep
|turn|36
|
|t:|1778515958
|-terastallize|p2a: Iron Valiant|Fairy
|move|p2a: Iron Valiant|Moonblast|p1a: Corviknight
|-resisted|p1a: Corviknight
|-damage|p1a: Corviknight|2/100
|-unboost|p1a: Corviknight|spa|1
|move|p1a: Corviknight|Brave Bird|p2a: Iron Valiant
|-damage|p2a: Iron Valiant|3/100
|-damage|p1a: Corviknight|0 fnt|[from] Recoil
|faint|p1a: Corviknight
|
|-weather|Sandstorm|[upkeep]
|-damage|p2a: Iron Valiant|0 fnt|[from] Sandstorm
|faint|p2a: Iron Valiant
|-end|p2a: Iron Valiant|Quark Drive|[silent]
|upkeep
|
|t:|1778515974
|switch|p2a: Jirachi|Jirachi|68/100
|switch|p1a: Excadrill|Excadrill, M|47/100
|-damage|p2a: Jirachi|62/100|[from] Stealth Rock
|turn|37
|
|t:|1778515984
|move|p2a: Jirachi|Protect|p2a: Jirachi
|-singleturn|p2a: Jirachi|Protect
|move|p1a: Excadrill|Earthquake|p2a: Jirachi
|-activate|p2a: Jirachi|move: Protect
|
|-weather|none
|-heal|p2a: Jirachi|68/100|[from] item: Leftovers
|upkeep
|turn|38
|
|t:|1778516008
|switch|p2a: Porygon-Z|Porygon-Z|100/100
|-damage|p2a: Porygon-Z|88/100|[from] Stealth Rock
|-ability|p2a: Porygon-Z|Download|boost
|-boost|p2a: Porygon-Z|atk|1
|-terastallize|p1a: Excadrill|Ground
|move|p1a: Excadrill|Earthquake|p2a: Porygon-Z
|-damage|p2a: Porygon-Z|0 fnt
|faint|p2a: Porygon-Z
|
|upkeep
|
|t:|1778516015
|switch|p2a: Skeledirge|Skeledirge, M|94/100
|turn|39
|-message|soumbrarax forfeited.
|
|win|Yellowgo
|raw|Yellowgo's rating: 1430 &rarr; <strong>1451</strong><br />(+21 for winning)
|raw|soumbrarax's rating: 1443 &rarr; <strong>1422</strong><br />(-21 for losing)
|l|☆soumbrarax
|player|p2|
