|html|<div class="broadcast-blue"><strong>[Gen 9] OU is currently suspecting Tera Blast! For information on how to participate check out the <a href="https://www.smogon.com/tools/suspects/view/200">suspect thread</a>.</strong></div>
|j|☆Yokuuwayne
|j|☆Vk_XR
|t:|1776072161
|gametype|singles
|player|p1|Yokuuwayne|waiter|1115
|player|p2|Vk_XR|2|1144
|gen|9
|tier|[Gen 9] OU
|rated|
|rule|HP Percentage Mod: HP is shown in percentages
|rule|Endless Battle Clause: Forcing endless battles is banned
|rule|Species Clause: Limit one of each Pokémon
|rule|OHKO Clause: OHKO moves are banned
|rule|Evasion Items Clause: Evasion items are banned
|rule|Evasion Moves Clause: Evasion moves are banned
|rule|Evasion Abilities Clause: Evasion abilities are banned
|rule|Sleep Moves Clause: Sleep-inducing moves are banned
|clearpoke
|poke|p1|Scizor, M|
|poke|p1|Azumarill, F|
|poke|p1|Hippowdon, F|
|poke|p1|Cinderace, M|
|poke|p1|Cloyster, F|
|poke|p1|Zarude-Dada|
|poke|p2|Eiscue, M|
|poke|p2|Blaziken, F|
|poke|p2|Revavroom, M|
|poke|p2|Garganacl, F|
|poke|p2|Quaquaval, M|
|poke|p2|Clefable, F|
|teampreview
|
|t:|1776072177
|teamsize|p1|6
|teamsize|p2|6
|start
|switch|p1a: Zup4dan|Cloyster, F, shiny|100/100
|switch|p2a: Blaziken|Blaziken, F|100/100
|turn|1
|
|t:|1776072194
|move|p2a: Blaziken|Close Combat|p1a: Zup4dan
|-supereffective|p1a: Zup4dan
|-enditem|p1a: Zup4dan|Focus Sash
|-damage|p1a: Zup4dan|1/100
|-unboost|p2a: Blaziken|def|1
|-unboost|p2a: Blaziken|spd|1
|move|p1a: Zup4dan|Shell Smash|p1a: Zup4dan
|-unboost|p1a: Zup4dan|def|1
|-unboost|p1a: Zup4dan|spd|1
|-boost|p1a: Zup4dan|atk|2
|-boost|p1a: Zup4dan|spa|2
|-boost|p1a: Zup4dan|spe|2
|
|-ability|p2a: Blaziken|Speed Boost|boost
|-boost|p2a: Blaziken|spe|1
|upkeep
|turn|2
|
|t:|1776072228
|switch|p2a: Clefable|Clefable, F|100/100
|move|p1a: Zup4dan|Razor Shell|p2a: Clefable
|-crit|p2a: Clefable
|-damage|p2a: Clefable|40/100
|
|-heal|p2a: Clefable|46/100|[from] item: Leftovers
|upkeep
|turn|3
|
|t:|1776072241
|move|p1a: Zup4dan|Icicle Spear|p2a: Clefable
|-damage|p2a: Clefable|34/100
|-damage|p2a: Clefable|21/100
|-damage|p2a: Clefable|8/100
|-damage|p2a: Clefable|0 fnt
|faint|p2a: Clefable
|-hitcount|p2: Clefable|4
|
|upkeep
|
|t:|1776072249
|switch|p2a: Eiscue|Eiscue, M|100/100
|turn|4
|
|t:|1776072255
|move|p1a: Zup4dan|Rock Blast|p2a: Eiscue
|-activate|p2a: Eiscue|ability: Ice Face
|-damage|p2a: Eiscue|100/100
|detailschange|p2a: Eiscue|Eiscue-Noice, M
|-supereffective|p2a: Eiscue
|-damage|p2a: Eiscue|54/100
|-supereffective|p2a: Eiscue
|-damage|p2a: Eiscue|4/100
|-enditem|p2a: Eiscue|Sitrus Berry|[eat]
|-heal|p2a: Eiscue|29/100|[from] item: Sitrus Berry
|-supereffective|p2a: Eiscue
|-damage|p2a: Eiscue|0 fnt
|faint|p2a: Eiscue
|-hitcount|p2: Eiscue|4
|
|upkeep
|
|t:|1776072268
|switch|p2a: Garganacl|Garganacl, F|100/100
|turn|5
|
|t:|1776072274
|move|p1a: Zup4dan|Icicle Spear|p2a: Garganacl
|-damage|p2a: Garganacl|88/100
|-damage|p2a: Garganacl|74/100
|-damage|p2a: Garganacl|61/100
|-damage|p2a: Garganacl|49/100
|-damage|p2a: Garganacl|35/100
|-hitcount|p2a: Garganacl|5
|move|p2a: Garganacl|Salt Cure|p1a: Zup4dan
|-supereffective|p1a: Zup4dan
|-damage|p1a: Zup4dan|0 fnt
|faint|p1a: Zup4dan
|
|upkeep
|
|t:|1776072285
|switch|p1a: Cadbury|Azumarill, F, shiny|100/100
|turn|6
|
|t:|1776072290
|move|p1a: Cadbury|Belly Drum|p1a: Cadbury
|-damage|p1a: Cadbury|51/100
|-setboost|p1a: Cadbury|atk|6|[from] move: Belly Drum
|move|p2a: Garganacl|Stealth Rock|p1a: Cadbury
|-sidestart|p1: Yokuuwayne|move: Stealth Rock
|
|upkeep
|turn|7
|
|t:|1776072303
|switch|p1a: Champ|Scizor, M|100/100
|-damage|p1a: Champ|88/100|[from] Stealth Rock
|move|p2a: Garganacl|Salt Cure|p1a: Champ
|-crit|p1a: Champ
|-damage|p1a: Champ|69/100
|-start|p1a: Champ|Salt Cure
|
|-heal|p1a: Champ|75/100|[from] item: Leftovers
|-damage|p1a: Champ|50/100|[from] Salt Cure
|upkeep
|turn|8
|
|t:|1776072313
|move|p1a: Champ|Bullet Punch|p2a: Garganacl
|-supereffective|p2a: Garganacl
|-damage|p2a: Garganacl|0 fnt
|faint|p2a: Garganacl
|
|-heal|p1a: Champ|56/100|[from] item: Leftovers
|-damage|p1a: Champ|31/100|[from] Salt Cure
|upkeep
|
|t:|1776072322
|switch|p2a: Blaziken|Blaziken, F|100/100
|turn|9
|
|t:|1776072326
|move|p2a: Blaziken|Swords Dance|p2a: Blaziken
|-boost|p2a: Blaziken|atk|2
|move|p1a: Champ|Aerial Ace|p2a: Blaziken
|-supereffective|p2a: Blaziken
|-damage|p2a: Blaziken|9/100
|
|-heal|p1a: Champ|37/100|[from] item: Leftovers
|-damage|p1a: Champ|12/100|[from] Salt Cure
|-ability|p2a: Blaziken|Speed Boost|boost
|-boost|p2a: Blaziken|spe|1
|upkeep
|turn|10
|
|t:|1776072341
|move|p2a: Blaziken|Blaze Kick|p1a: Champ
|-supereffective|p1a: Champ
|-damage|p1a: Champ|0 fnt
|faint|p1a: Champ
|
|-ability|p2a: Blaziken|Speed Boost|boost
|-boost|p2a: Blaziken|spe|1
|upkeep
|
|t:|1776072348
|switch|p1a: Cadbury|Azumarill, F, shiny|51/100
|-damage|p1a: Cadbury|38/100|[from] Stealth Rock
|turn|11
|
|t:|1776072357
|move|p2a: Blaziken|Blaze Kick|p1a: Cadbury
|-resisted|p1a: Cadbury
|-damage|p1a: Cadbury|0 fnt
|faint|p1a: Cadbury
|
|-ability|p2a: Blaziken|Speed Boost|boost
|-boost|p2a: Blaziken|spe|1
|upkeep
|
|t:|1776072366
|switch|p1a: Bigmama|Hippowdon, F, shiny|100/100
|-damage|p1a: Bigmama|94/100|[from] Stealth Rock
|-weather|Sandstorm|[from] ability: Sand Stream|[of] p1a: Bigmama
|turn|12
|
|t:|1776072381
|move|p2a: Blaziken|Close Combat|p1a: Bigmama
|-damage|p1a: Bigmama|0 fnt
|-unboost|p2a: Blaziken|def|1
|-unboost|p2a: Blaziken|spd|1
|-damage|p2a: Blaziken|0 fnt|[from] item: Rocky Helmet|[of] p1a: Bigmama
|faint|p1a: Bigmama
|faint|p2a: Blaziken
|
|-weather|Sandstorm|[upkeep]
|upkeep
|
|t:|1776072393
|switch|p2a: Revavroom|Revavroom, M|100/100
|switch|p1a: Cool Whwip|Zarude-Dada|100/100
|-item|p2a: Revavroom|Air Balloon
|turn|13
|
|t:|1776072405
|move|p1a: Cool Whwip|Knock Off|p2a: Revavroom
|-damage|p2a: Revavroom|44/100
|-enditem|p2a: Revavroom|Air Balloon
|move|p2a: Revavroom|Shift Gear|p2a: Revavroom
|-boost|p2a: Revavroom|spe|2
|-boost|p2a: Revavroom|atk|1
|
|-weather|Sandstorm|[upkeep]
|-damage|p1a: Cool Whwip|95/100|[from] Sandstorm
|upkeep
|turn|14
|
|t:|1776072415
|move|p2a: Revavroom|Poison Jab|p1a: Cool Whwip
|-supereffective|p1a: Cool Whwip
|-damage|p1a: Cool Whwip|0 fnt
|faint|p1a: Cool Whwip
|
|-weather|Sandstorm|[upkeep]
|upkeep
|
|t:|1776072421
|switch|p1a: Cinderace|Cinderace, M|100/100
|-damage|p1a: Cinderace|76/100|[from] Stealth Rock
|turn|15
|
|t:|1776072428
|move|p2a: Revavroom|Poison Jab|p1a: Cinderace
|-damage|p1a: Cinderace|0 fnt
|faint|p1a: Cinderace
|
|win|Vk_XR
|raw|Yokuuwayne's rating: 1115 &rarr; <strong>1092</strong><br />(-23 for losing)
|raw|Vk_XR's rating: 1144 &rarr; <strong>1167</strong><br />(+23 for winning)
|c|☆Vk_XR|gg
|l|☆Vk_XR
|player|p2|
