|html|<div class="broadcast-blue"><strong>[Gen 9] OU is currently suspecting Volcarona! For information on how to participate check out the <a href="https://www.smogon.com/tools/suspects/view/208">suspect thread</a>.</strong></div>
|j|☆LordHelix600
|j|☆testingrainteam2
|t:|1778515393
|gametype|singles
|player|p1|LordHelix600|ballguy|1229
|player|p2|testingrainteam2|unknown|1238
|gen|9
|tier|[Gen 9] OU
|rated|
|rule|HP Percentage Mod: HP is shown in percentages
|rule|Endless Battle Clause: Forcing endless battles is banned
|rule|Species Clause: Limit one of each Pokémon
|rule|OHKO Clause: OHKO moves are banned
|rule|Evasion Items Clause: Evasion items are banned
|rule|Evasion Moves Clause: Evasion moves are banned
|rule|Evasion Abilities Clause: Evasion abilities are banned
|rule|Sleep Moves Clause: Sleep-inducing moves are banned
|clearpoke
|poke|p1|Coalossal, F|
|poke|p1|Rotom-Frost|
|poke|p1|Kingambit, M|
|poke|p1|Dragapult, M|
|poke|p1|Clefable, F|
|poke|p1|Great Tusk|
|poke|p2|Tyranitar, F|
|poke|p2|Alomomola, F|
|poke|p2|Excadrill, M|
|poke|p2|Hydrapple, M|
|poke|p2|Enamorus, F|
|poke|p2|Garganacl, M|
|teampreview
|inactive|Battle timer is ON: inactive players will automatically lose when time's up. (requested by testingrainteam2)
|
|t:|1778515403
|teamsize|p1|6
|teamsize|p2|6
|start
|switch|p1a: Rotom|Rotom-Frost, shiny|100/100
|switch|p2a: Enamorus|Enamorus, F|100/100
|turn|1
|
|t:|1778515408
|switch|p2a: Garganacl|Garganacl, M|100/100
|move|p1a: Rotom|Thunderbolt|p2a: Garganacl
|-damage|p2a: Garganacl|72/100
|
|-heal|p2a: Garganacl|78/100|[from] item: Leftovers
|upkeep
|turn|2
|
|t:|1778515418
|move|p1a: Rotom|Nasty Plot|p1a: Rotom
|-boost|p1a: Rotom|spa|2
|move|p2a: Garganacl|Stealth Rock|p1a: Rotom
|-sidestart|p1: LordHelix600|move: Stealth Rock
|
|-heal|p2a: Garganacl|84/100|[from] item: Leftovers
|upkeep
|turn|3
|
|t:|1778515422
|move|p1a: Rotom|Blizzard|p2a: Garganacl
|-damage|p2a: Garganacl|17/100
|move|p2a: Garganacl|Salt Cure|p1a: Rotom
|-supereffective|p1a: Rotom
|-damage|p1a: Rotom|63/100
|-start|p1a: Rotom|Salt Cure
|
|-heal|p2a: Garganacl|24/100|[from] item: Leftovers
|-damage|p1a: Rotom|51/100|[from] Salt Cure
|upkeep
|turn|4
|
|t:|1778515427
|move|p2a: Garganacl|Protect|p2a: Garganacl
|-singleturn|p2a: Garganacl|Protect
|move|p1a: Rotom|Blizzard|p2a: Garganacl
|-activate|p2a: Garganacl|move: Protect
|
|-heal|p2a: Garganacl|30/100|[from] item: Leftovers
|-damage|p1a: Rotom|38/100|[from] Salt Cure
|upkeep
|turn|5
|
|t:|1778515430
|switch|p2a: Alomomola|Alomomola, F|100/100
|move|p1a: Rotom|Volt Switch|p2a: Alomomola
|-supereffective|p2a: Alomomola
|-damage|p2a: Alomomola|33/100
|
|t:|1778515437
|switch|p1a: Clefable|Clefable, F|100/100|[from] Volt Switch
|
|upkeep
|turn|6
|
|t:|1778515442
|move|p1a: Clefable|Calm Mind|p1a: Clefable
|-boost|p1a: Clefable|spa|1
|-boost|p1a: Clefable|spd|1
|move|p2a: Alomomola|Flip Turn|p1a: Clefable
|-damage|p1a: Clefable|83/100
|
|t:|1778515467
|switch|p2a: Excadrill|Excadrill, M|100/100|[from] Flip Turn
|-item|p2a: Excadrill|Air Balloon
|
|upkeep
|turn|7
|
|t:|1778515474
|move|p2a: Excadrill|Earthquake|p1a: Clefable
|-damage|p1a: Clefable|26/100
|move|p1a: Clefable|Focus Blast|p2a: Excadrill
|-supereffective|p2a: Excadrill
|-damage|p2a: Excadrill|0 fnt
|-enditem|p2a: Excadrill|Air Balloon
|faint|p2a: Excadrill
|
|upkeep
|
|t:|1778515481
|switch|p2a: Enamorus|Enamorus, F|100/100
|turn|8
|
|t:|1778515484
|move|p2a: Enamorus|Moonblast|p1a: Clefable
|-damage|p1a: Clefable|0 fnt
|faint|p1a: Clefable
|
|upkeep
|
|t:|1778515490
|switch|p1a: Rotom|Rotom-Frost, shiny|38/100
|-damage|p1a: Rotom|13/100|[from] Stealth Rock
|turn|9
|
|t:|1778515494
|move|p2a: Enamorus|Moonblast|p1a: Rotom
|-damage|p1a: Rotom|0 fnt
|faint|p1a: Rotom
|
|upkeep
|
|t:|1778515497
|switch|p1a: Dragapult|Dragapult, M|100/100
|-damage|p1a: Dragapult|88/100|[from] Stealth Rock
|-item|p1a: Dragapult|Air Balloon
|turn|10
|
|t:|1778515503
|switch|p1a: Coalossal|Coalossal, F|100/100
|-damage|p1a: Coalossal|76/100|[from] Stealth Rock
|move|p2a: Enamorus|Moonblast|p1a: Coalossal
|-resisted|p1a: Coalossal
|-damage|p1a: Coalossal|45/100
|
|upkeep
|turn|11
|
|t:|1778515512
|switch|p2a: Garganacl|Garganacl, M|30/100
|move|p1a: Coalossal|Flamethrower|p2a: Garganacl
|-resisted|p2a: Garganacl
|-crit|p2a: Garganacl
|-damage|p2a: Garganacl|4/100
|
|-heal|p2a: Garganacl|10/100|[from] item: Leftovers
|upkeep
|turn|12
|
|t:|1778515518
|move|p2a: Garganacl|Protect|p2a: Garganacl
|-singleturn|p2a: Garganacl|Protect
|move|p1a: Coalossal|Flamethrower|p2a: Garganacl
|-activate|p2a: Garganacl|move: Protect
|
|-heal|p2a: Garganacl|16/100|[from] item: Leftovers
|upkeep
|turn|13
|
|t:|1778515521
|move|p1a: Coalossal|Flamethrower|p2a: Garganacl
|-resisted|p2a: Garganacl
|-crit|p2a: Garganacl
|-damage|p2a: Garganacl|0 fnt
|faint|p2a: Garganacl
|
|upkeep
|
|t:|1778515547
|switch|p2a: T-Tar|Tyranitar, F, shiny|100/100
|-weather|Sandstorm|[from] ability: Sand Stream|[of] p2a: T-Tar
|turn|14
|
|t:|1778515555
|switch|p1a: Kingambit|Kingambit, M, shiny|100/100
|-damage|p1a: Kingambit|94/100|[from] Stealth Rock
|-activate|p1a: Kingambit|ability: Supreme Overlord
|-start|p1a: Kingambit|fallen2|[silent]
|move|p2a: T-Tar|Knock Off|p1a: Kingambit
|-resisted|p1a: Kingambit
|-damage|p1a: Kingambit|62/100
|-enditem|p1a: Kingambit|Assault Vest|[from] move: Knock Off|[of] p2a: T-Tar
|
|-weather|Sandstorm|[upkeep]
|upkeep
|turn|15
|
|t:|1778515568
|switch|p2a: Hydrapple|Hydrapple, M, shiny|100/100
|move|p1a: Kingambit|Low Kick|p2a: Hydrapple
|-damage|p2a: Hydrapple|80/100
|-damage|p1a: Kingambit|46/100|[from] item: Rocky Helmet|[of] p2a: Hydrapple
|
|-weather|Sandstorm|[upkeep]
|-damage|p2a: Hydrapple|74/100|[from] Sandstorm
|upkeep
|turn|16
|
|t:|1778515571
|-end|p1a: Kingambit|fallen2|[silent]
|switch|p1a: Babban Buhu|Great Tusk|100/100
|-damage|p1a: Babban Buhu|97/100|[from] Stealth Rock
|-enditem|p1a: Babban Buhu|Booster Energy
|-activate|p1a: Babban Buhu|ability: Protosynthesis|[fromitem]
|-start|p1a: Babban Buhu|protosynthesisspe
|move|p2a: Hydrapple|Earth Power|p1a: Babban Buhu
|-damage|p1a: Babban Buhu|66/100
|
|-weather|Sandstorm|[upkeep]
|-damage|p2a: Hydrapple|67/100|[from] Sandstorm
|upkeep
|turn|17
|
|t:|1778515576
|move|p1a: Babban Buhu|Ice Spinner|p2a: Hydrapple
|-supereffective|p2a: Hydrapple
|-damage|p2a: Hydrapple|18/100
|-damage|p1a: Babban Buhu|49/100|[from] item: Rocky Helmet|[of] p2a: Hydrapple
|move|p2a: Hydrapple|Giga Drain|p1a: Babban Buhu
|-supereffective|p1a: Babban Buhu
|-damage|p1a: Babban Buhu|0 fnt
|-heal|p2a: Hydrapple|44/100|[from] drain|[of] p1a: Babban Buhu
|faint|p1a: Babban Buhu
|-end|p1a: Babban Buhu|Protosynthesis|[silent]
|
|-weather|Sandstorm|[upkeep]
|-damage|p2a: Hydrapple|38/100|[from] Sandstorm
|upkeep
|
|t:|1778515585
|switch|p1a: Coalossal|Coalossal, F|45/100
|-damage|p1a: Coalossal|20/100|[from] Stealth Rock
|turn|18
|
|t:|1778515594
|switch|p2a: Alomomola|Alomomola, F|66/100
|move|p1a: Coalossal|Flamethrower|p2a: Alomomola
|-resisted|p2a: Alomomola
|-damage|p2a: Alomomola|51/100
|
|-weather|none
|upkeep
|turn|19
|
|t:|1778515603
|switch|p1a: Dragapult|Dragapult, M|88/100
|-damage|p1a: Dragapult|76/100|[from] Stealth Rock
|-item|p1a: Dragapult|Air Balloon
|move|p2a: Alomomola|Flip Turn|p1a: Dragapult
|-resisted|p1a: Dragapult
|-damage|p1a: Dragapult|64/100
|-enditem|p1a: Dragapult|Air Balloon
|
|t:|1778515612
|switch|p2a: Enamorus|Enamorus, F|100/100|[from] Flip Turn
|
|upkeep
|turn|20
|
|t:|1778515620
|-terastallize|p2a: Enamorus|Fairy
|move|p2a: Enamorus|Moonblast|p1a: Dragapult
|-supereffective|p1a: Dragapult
|-damage|p1a: Dragapult|0 fnt
|-start|p2a: Enamorus|Disable|Moonblast|[from] ability: Cursed Body|[of] p1a: Dragapult
|faint|p1a: Dragapult
|
|upkeep
|
|t:|1778515624
|switch|p1a: Kingambit|Kingambit, M, shiny|46/100
|-damage|p1a: Kingambit|40/100|[from] Stealth Rock
|-activate|p1a: Kingambit|ability: Supreme Overlord
|-start|p1a: Kingambit|fallen4|[silent]
|turn|21
|
|t:|1778515631
|switch|p2a: Alomomola|Alomomola, F|84/100
|move|p1a: Kingambit|Iron Head|p2a: Alomomola
|-resisted|p2a: Alomomola
|-damage|p2a: Alomomola|61/100
|
|upkeep
|turn|22
|
|t:|1778515635
|move|p1a: Kingambit|Kowtow Cleave|p2a: Alomomola
|-damage|p2a: Alomomola|14/100
|move|p2a: Alomomola|Flip Turn|p1a: Kingambit
|-damage|p1a: Kingambit|28/100
|
|t:|1778515640
|switch|p2a: Enamorus|Enamorus, F, tera:Fairy|100/100|[from] Flip Turn
|
|upkeep
|turn|23
|
|t:|1778515643
|move|p2a: Enamorus|Moonblast|p1a: Kingambit
|-damage|p1a: Kingambit|0 fnt
|faint|p1a: Kingambit
|-end|p1a: Kingambit|fallen4|[silent]
|
|upkeep
|
|t:|1778515646
|switch|p1a: Coalossal|Coalossal, F|20/100
|-damage|p1a: Coalossal|0 fnt|[from] Stealth Rock
|faint|p1a: Coalossal
|
|win|testingrainteam2
|raw|LordHelix600's rating: 1229 &rarr; <strong>1205</strong><br />(-24 for losing)
|raw|testingrainteam2's rating: 1238 &rarr; <strong>1262</strong><br />(+24 for winning)
|l|☆testingrainteam2
|player|p2|
|l|☆LordHelix600
|player|p1|
