|html|<div class="broadcast-blue"><strong>[Gen 9] OU is currently suspecting Tera Blast! For information on how to participate check out the <a href="https://www.smogon.com/tools/suspects/view/200">suspect thread</a>.</strong></div>
|j|☆phrysite
|j|☆Sniffish
|t:|1776344621
|gametype|singles
|player|p1|phrysite|2|1110
|player|p2|Sniffish|266|1127
|gen|9
|tier|[Gen 9] OU
|rated|
|rule|HP Percentage Mod: HP is shown in percentages
|rule|Endless Battle Clause: Forcing endless battles is banned
|rule|Species Clause: Limit one of each Pokémon
|rule|OHKO Clause: OHKO moves are banned
|rule|Evasion Items Clause: Evasion items are banned
|rule|Evasion Moves Clause: Evasion moves are banned
|rule|Evasion Abilities Clause: Evasion abilities are banned
|rule|Sleep Moves Clause: Sleep-inducing moves are banned
|clearpoke
|poke|p1|Quagsire, M|
|poke|p1|Scizor, M|
|poke|p1|Infernape, M|
|poke|p1|Meowscarada, F|
|poke|p1|Gholdengo|
|poke|p1|Staraptor, M|
|poke|p2|Hatterene, F|
|poke|p2|Cresselia, F|
|poke|p2|Ursaluna, M|
|poke|p2|Iron Hands|
|poke|p2|Hoopa-Unbound|
|poke|p2|Porygon2|
|teampreview
|
|t:|1776344627
|teamsize|p1|6
|teamsize|p2|6
|start
|switch|p1a: Quagsire|Quagsire, M|100/100
|switch|p2a: Hatterene|Hatterene, F|100/100
|turn|1
|
|t:|1776344636
|move|p1a: Quagsire|Toxic|p2a: Hatterene
|move|p2a: Hatterene|Toxic|p1a: Quagsire|[from] ability: Magic Bounce
|-status|p1a: Quagsire|tox
|move|p2a: Hatterene|Trick Room|p2a: Hatterene
|-fieldstart|move: Trick Room|[of] p2a: Hatterene
|
|-damage|p1a: Quagsire|94/100 tox|[from] psn
|upkeep
|turn|2
|
|t:|1776344646
|switch|p2a: Ursaluna|Ursaluna, M|100/100
|move|p1a: Quagsire|Spikes|p2a: Ursaluna
|-sidestart|p2: Sniffish|Spikes
|
|-heal|p1a: Quagsire|100/100 tox|[from] item: Leftovers
|-damage|p1a: Quagsire|88/100 tox|[from] psn
|-status|p2a: Ursaluna|brn|[from] item: Flame Orb
|upkeep
|turn|3
|
|t:|1776344651
|move|p2a: Ursaluna|Headlong Rush|p1a: Quagsire
|-damage|p1a: Quagsire|18/100 tox
|-unboost|p2a: Ursaluna|def|1
|-unboost|p2a: Ursaluna|spd|1
|move|p1a: Quagsire|Earthquake|p2a: Ursaluna
|-damage|p2a: Ursaluna|78/100 brn
|
|-heal|p1a: Quagsire|24/100 tox|[from] item: Leftovers
|-damage|p1a: Quagsire|6/100 tox|[from] psn
|-damage|p2a: Ursaluna|72/100 brn|[from] brn
|upkeep
|turn|4
|
|t:|1776344664
|move|p2a: Ursaluna|Facade|p1a: Quagsire
|-damage|p1a: Quagsire|0 fnt
|faint|p1a: Quagsire
|
|-damage|p2a: Ursaluna|66/100 brn|[from] brn
|upkeep
|
|t:|1776344673
|switch|p1a: Meowscarada|Meowscarada, F|100/100
|turn|5
|
|t:|1776344677
|move|p2a: Ursaluna|Fire Punch|p1a: Meowscarada
|-supereffective|p1a: Meowscarada
|-damage|p1a: Meowscarada|0 fnt
|faint|p1a: Meowscarada
|
|-damage|p2a: Ursaluna|60/100 brn|[from] brn
|-fieldend|move: Trick Room
|upkeep
|
|t:|1776344691
|switch|p1a: Staraptor|Staraptor, M|100/100
|turn|6
|
|t:|1776344709
|switch|p2a: Hoopa|Hoopa-Unbound|100/100
|-damage|p2a: Hoopa|88/100|[from] Spikes
|move|p1a: Staraptor|Close Combat|p2a: Hoopa
|-damage|p2a: Hoopa|44/100
|-unboost|p1a: Staraptor|def|1
|-unboost|p1a: Staraptor|spd|1
|
|upkeep
|turn|7
|
|t:|1776344720
|move|p1a: Staraptor|U-turn|p2a: Hoopa
|-supereffective|p2a: Hoopa
|-damage|p2a: Hoopa|0 fnt
|faint|p2a: Hoopa
|
|t:|1776344727
|switch|p1a: Scizor|Scizor, M|100/100|[from] U-turn
|
|upkeep
|
|t:|1776344734
|switch|p2a: Hatterene|Hatterene, F|100/100
|-damage|p2a: Hatterene|88/100|[from] Spikes
|turn|8
|
|t:|1776344742
|move|p1a: Scizor|Bullet Punch|p2a: Hatterene
|-supereffective|p2a: Hatterene
|-damage|p2a: Hatterene|18/100
|move|p2a: Hatterene|Trick Room|p2a: Hatterene
|-fieldstart|move: Trick Room|[of] p2a: Hatterene
|
|upkeep
|turn|9
|
|t:|1776344750
|move|p1a: Scizor|Bullet Punch|p2a: Hatterene
|-supereffective|p2a: Hatterene
|-damage|p2a: Hatterene|0 fnt
|faint|p2a: Hatterene
|
|upkeep
|
|t:|1776344759
|switch|p2a: Ursaluna|Ursaluna, M|60/100 brn
|-damage|p2a: Ursaluna|48/100 brn|[from] Spikes
|turn|10
|
|t:|1776344769
|-terastallize|p1a: Scizor|Fire
|move|p2a: Ursaluna|Fire Punch|p1a: Scizor
|-resisted|p1a: Scizor
|-damage|p1a: Scizor|77/100
|move|p1a: Scizor|Knock Off|p2a: Ursaluna
|-damage|p2a: Ursaluna|20/100 brn
|-enditem|p2a: Ursaluna|Flame Orb|[from] move: Knock Off|[of] p1a: Scizor
|
|-damage|p2a: Ursaluna|14/100 brn|[from] brn
|upkeep
|turn|11
|
|t:|1776344783
|move|p1a: Scizor|Bullet Punch|p2a: Ursaluna
|-damage|p2a: Ursaluna|0 fnt
|faint|p2a: Ursaluna
|
|upkeep
|
|t:|1776344787
|switch|p2a: Iron Hands|Iron Hands|100/100
|-damage|p2a: Iron Hands|88/100|[from] Spikes
|-enditem|p2a: Iron Hands|Booster Energy
|-activate|p2a: Iron Hands|ability: Quark Drive|[fromitem]
|-start|p2a: Iron Hands|quarkdriveatk
|turn|12
|
|t:|1776344803
|switch|p1a: Gholdengo|Gholdengo|100/100
|-item|p1a: Gholdengo|Air Balloon
|move|p2a: Iron Hands|Drain Punch|p1a: Gholdengo
|-immune|p1a: Gholdengo
|
|-fieldend|move: Trick Room
|upkeep
|turn|13
|
|t:|1776344819
|-end|p2a: Iron Hands|Quark Drive|[silent]
|switch|p2a: Porygon2|Porygon2|100/100
|-damage|p2a: Porygon2|88/100|[from] Spikes
|-ability|p2a: Porygon2|Download|boost
|-boost|p2a: Porygon2|spa|1
|move|p1a: Gholdengo|Dazzling Gleam|p2a: Porygon2
|-damage|p2a: Porygon2|69/100
|
|upkeep
|turn|14
|
|t:|1776344834
|move|p1a: Gholdengo|Make It Rain|p2a: Porygon2
|-damage|p2a: Porygon2|30/100
|-unboost|p1a: Gholdengo|spa|1
|move|p2a: Porygon2|Trick Room|p2a: Porygon2
|-fieldstart|move: Trick Room|[of] p2a: Porygon2
|
|upkeep
|turn|15
|
|t:|1776344842
|move|p2a: Porygon2|Recover|p2a: Porygon2
|-heal|p2a: Porygon2|80/100
|move|p1a: Gholdengo|Make It Rain|p2a: Porygon2
|-crit|p2a: Porygon2
|-damage|p2a: Porygon2|22/100
|-unboost|p1a: Gholdengo|spa|1
|
|upkeep
|turn|16
|
|t:|1776344849
|move|p2a: Porygon2|Shadow Ball|p1a: Gholdengo
|-supereffective|p1a: Gholdengo
|-damage|p1a: Gholdengo|30/100
|-enditem|p1a: Gholdengo|Air Balloon
|move|p1a: Gholdengo|Make It Rain|p2a: Porygon2
|-damage|p2a: Porygon2|2/100
|-unboost|p1a: Gholdengo|spa|1
|
|upkeep
|turn|17
|
|t:|1776344860
|move|p2a: Porygon2|Shadow Ball|p1a: Gholdengo
|-supereffective|p1a: Gholdengo
|-damage|p1a: Gholdengo|0 fnt
|faint|p1a: Gholdengo
|
|upkeep
|
|t:|1776344864
|switch|p1a: Scizor|Scizor, M, tera:Fire|77/100
|turn|18
|
|t:|1776344869
|move|p1a: Scizor|Bullet Punch|p2a: Porygon2
|-damage|p2a: Porygon2|0 fnt
|faint|p2a: Porygon2
|
|-fieldend|move: Trick Room
|upkeep
|
|t:|1776344875
|switch|p2a: Cresselia|Cresselia, F|100/100
|turn|19
|
|t:|1776344888
|move|p1a: Scizor|Knock Off|p2a: Cresselia
|-supereffective|p2a: Cresselia
|-damage|p2a: Cresselia|47/100
|-enditem|p2a: Cresselia|Mental Herb|[from] move: Knock Off|[of] p1a: Scizor
|move|p2a: Cresselia|Trick Room|p2a: Cresselia
|-fieldstart|move: Trick Room|[of] p2a: Cresselia
|
|upkeep
|turn|20
|
|t:|1776344900
|switch|p2a: Iron Hands|Iron Hands|88/100
|-damage|p2a: Iron Hands|75/100|[from] Spikes
|move|p1a: Scizor|U-turn|p2a: Iron Hands
|-resisted|p2a: Iron Hands
|-damage|p2a: Iron Hands|62/100
|
|t:|1776344909
|switch|p1a: Infernape|Infernape, M|100/100|[from] U-turn
|
|upkeep
|turn|21
|
|t:|1776344915
|move|p2a: Iron Hands|Drain Punch|p1a: Infernape
|-damage|p1a: Infernape|34/100
|-heal|p2a: Iron Hands|81/100|[from] drain|[of] p1a: Infernape
|move|p1a: Infernape|Scorching Sands|p2a: Iron Hands
|-supereffective|p2a: Iron Hands
|-damage|p2a: Iron Hands|28/100
|
|upkeep
|turn|22
|
|t:|1776344924
|move|p2a: Iron Hands|Drain Punch|p1a: Infernape
|-damage|p1a: Infernape|0 fnt
|-heal|p2a: Iron Hands|37/100|[from] drain|[of] p1a: Infernape
|faint|p1a: Infernape
|
|upkeep
|
|t:|1776344929
|switch|p1a: Scizor|Scizor, M, tera:Fire|77/100
|turn|23
|
|t:|1776344943
|-terastallize|p2a: Iron Hands|Flying
|move|p2a: Iron Hands|Drain Punch|p1a: Scizor
|-crit|p1a: Scizor
|-damage|p1a: Scizor|6/100
|-heal|p2a: Iron Hands|59/100|[from] drain|[of] p1a: Scizor
|move|p1a: Scizor|Swords Dance|p1a: Scizor
|-boost|p1a: Scizor|atk|2
|
|-fieldend|move: Trick Room
|upkeep
|turn|24
|
|t:|1776344957
|move|p1a: Scizor|Bullet Punch|p2a: Iron Hands
|-damage|p2a: Iron Hands|12/100
|move|p2a: Iron Hands|Drain Punch|p1a: Scizor
|-damage|p1a: Scizor|0 fnt
|-heal|p2a: Iron Hands|14/100|[from] drain|[of] p1a: Scizor
|faint|p1a: Scizor
|
|upkeep
|
|t:|1776344960
|switch|p1a: Staraptor|Staraptor, M|100/100
|turn|25
|
|t:|1776344975
|move|p1a: Staraptor|Quick Attack|p2a: Iron Hands
|-damage|p2a: Iron Hands|2/100
|move|p2a: Iron Hands|Thunder Punch|p1a: Staraptor
|-supereffective|p1a: Staraptor
|-enditem|p1a: Staraptor|Focus Sash
|-damage|p1a: Staraptor|1/100
|
|upkeep
|turn|26
|
|t:|1776344981
|move|p1a: Staraptor|Quick Attack|p2a: Iron Hands
|-damage|p2a: Iron Hands|0 fnt
|faint|p2a: Iron Hands
|-end|p2a: Iron Hands|Quark Drive|[silent]
|
|upkeep
|
|t:|1776344983
|switch|p2a: Cresselia|Cresselia, F|47/100
|turn|27
|
|t:|1776344988
|move|p1a: Staraptor|U-turn|p2a: Cresselia
|-supereffective|p2a: Cresselia
|-damage|p2a: Cresselia|15/100
|move|p2a: Cresselia|Ice Beam|p1a: Staraptor
|-supereffective|p1a: Staraptor
|-damage|p1a: Staraptor|0 fnt
|faint|p1a: Staraptor
|
|win|Sniffish
|raw|phrysite's rating: 1110 &rarr; <strong>1086</strong><br />(-24 for losing)
|raw|Sniffish's rating: 1127 &rarr; <strong>1151</strong><br />(+24 for winning)
|l|☆phrysite
|player|p1|
