|html|<div class="broadcast-blue"><strong>[Gen 9] OU is currently suspecting Tera Blast! For information on how to participate check out the <a href="https://www.smogon.com/tools/suspects/view/200">suspect thread</a>.</strong></div>
|j|☆HercuLeon
|j|☆Ak444me
|t:|1776092703
|gametype|singles
|player|p1|HercuLeon|blue|1124
|player|p2|Ak444me|bellelba|1112
|gen|9
|tier|[Gen 9] OU
|rated|
|rule|HP Percentage Mod: HP is shown in percentages
|rule|Endless Battle Clause: Forcing endless battles is banned
|rule|Species Clause: Limit one of each Pokémon
|rule|OHKO Clause: OHKO moves are banned
|rule|Evasion Items Clause: Evasion items are banned
|rule|Evasion Moves Clause: Evasion moves are banned
|rule|Evasion Abilities Clause: Evasion abilities are banned
|rule|Sleep Moves Clause: Sleep-inducing moves are banned
|clearpoke
|poke|p1|Ceruledge, F|
|poke|p1|Ambipom, F|
|poke|p1|Comfey, F|
|poke|p1|Dunsparce, F|
|poke|p1|Pawmot, F|
|poke|p1|Tentacruel, F|
|poke|p2|Barraskewda, F|
|poke|p2|Kilowattrel, F|
|poke|p2|Overqwil, M|
|poke|p2|Braviary-Hisui, M|
|poke|p2|Iron Treads|
|poke|p2|Pelipper, M|
|teampreview
|inactive|Battle timer is ON: inactive players will automatically lose when time's up. (requested by Ak444me)
|
|t:|1776092710
|teamsize|p1|6
|teamsize|p2|6
|start
|switch|p1a: Ambipom|Ambipom, F|100/100
|switch|p2a: Pelipper|Pelipper, M|100/100
|-weather|RainDance|[from] ability: Drizzle|[of] p2a: Pelipper
|turn|1
|
|t:|1776092720
|move|p1a: Ambipom|Fake Out|p2a: Pelipper
|-damage|p2a: Pelipper|82/100
|cant|p2a: Pelipper|flinch
|
|-weather|RainDance|[upkeep]
|upkeep
|turn|2
|
|t:|1776092728
|switch|p2a: Braviary|Braviary-Hisui, M|100/100
|move|p1a: Ambipom|Triple Axel|p2a: Braviary
|-supereffective|p2a: Braviary
|-damage|p2a: Braviary|78/100
|-supereffective|p2a: Braviary
|-damage|p2a: Braviary|32/100
|-supereffective|p2a: Braviary
|-damage|p2a: Braviary|0 fnt
|faint|p2a: Braviary
|-hitcount|p2: Braviary|3
|
|-weather|RainDance|[upkeep]
|upkeep
|
|t:|1776092734
|switch|p2a: Barraskewda|Barraskewda, F, shiny|100/100
|turn|3
|
|t:|1776092743
|switch|p1a: Dunsparce|Dunsparce, F|100/100
|move|p2a: Barraskewda|Flip Turn|p1a: Dunsparce
|-damage|p1a: Dunsparce|47/100
|
|t:|1776092748
|switch|p2a: Kilowattrel|Kilowattrel, F|100/100|[from] Flip Turn
|
|-weather|RainDance|[upkeep]
|upkeep
|turn|4
|
|t:|1776092754
|move|p2a: Kilowattrel|Hurricane|p1a: Dunsparce
|-damage|p1a: Dunsparce|0 fnt
|faint|p1a: Dunsparce
|-damage|p2a: Kilowattrel|91/100|[from] item: Life Orb
|
|-weather|RainDance|[upkeep]
|upkeep
|
|t:|1776092767
|switch|p1a: Comfey|Comfey, F|100/100
|turn|5
|
|t:|1776092775
|move|p2a: Kilowattrel|Thunder Wave|p1a: Comfey
|-status|p1a: Comfey|par
|move|p1a: Comfey|Leech Seed|p2a: Kilowattrel
|-start|p2a: Kilowattrel|move: Leech Seed
|
|-weather|RainDance|[upkeep]
|-damage|p2a: Kilowattrel|78/100|[from] Leech Seed|[of] p1a: Comfey
|upkeep
|turn|6
|
|t:|1776092782
|move|p2a: Kilowattrel|Hurricane|p1a: Comfey
|-damage|p1a: Comfey|17/100 par
|-damage|p2a: Kilowattrel|68/100|[from] item: Life Orb
|move|p1a: Comfey|Calm Mind|p1a: Comfey
|-boost|p1a: Comfey|spa|1
|-boost|p1a: Comfey|spd|1
|
|-weather|RainDance|[upkeep]
|-damage|p2a: Kilowattrel|56/100|[from] Leech Seed|[of] p1a: Comfey
|-heal|p1a: Comfey|35/100 par|[silent]
|upkeep
|turn|7
|
|t:|1776092795
|switch|p1a: Tentacruel|Tentacruel, F|100/100
|move|p2a: Kilowattrel|Thunder|p1a: Tentacruel
|-supereffective|p1a: Tentacruel
|-damage|p1a: Tentacruel|0 fnt
|faint|p1a: Tentacruel
|-damage|p2a: Kilowattrel|46/100|[from] item: Life Orb
|
|-weather|RainDance|[upkeep]
|upkeep
|
|t:|1776092804
|switch|p1a: Ambipom|Ambipom, F|100/100
|turn|8
|
|t:|1776092810
|move|p1a: Ambipom|Fake Out|p2a: Kilowattrel
|-damage|p2a: Kilowattrel|0 fnt
|faint|p2a: Kilowattrel
|
|-weather|none
|upkeep
|
|t:|1776092814
|switch|p2a: Pelipper|Pelipper, M|82/100
|-weather|RainDance|[from] ability: Drizzle|[of] p2a: Pelipper
|turn|9
|
|t:|1776092820
|switch|p2a: Barraskewda|Barraskewda, F, shiny|100/100
|move|p1a: Ambipom|Triple Axel|p2a: Barraskewda
|-resisted|p2a: Barraskewda
|-damage|p2a: Barraskewda|92/100
|-resisted|p2a: Barraskewda
|-damage|p2a: Barraskewda|75/100
|-resisted|p2a: Barraskewda
|-damage|p2a: Barraskewda|48/100
|-hitcount|p2a: Barraskewda|3
|
|-weather|RainDance|[upkeep]
|upkeep
|turn|10
|
|t:|1776092834
|switch|p1a: Comfey|Comfey, F|35/100 par
|-terastallize|p2a: Barraskewda|Water
|move|p2a: Barraskewda|Liquidation|p1a: Comfey
|-damage|p1a: Comfey|0 fnt
|faint|p1a: Comfey
|
|-weather|RainDance|[upkeep]
|upkeep
|
|t:|1776092842
|switch|p1a: Ceruledge|Ceruledge, F|100/100
|turn|11
|
|t:|1776092846
|move|p2a: Barraskewda|Liquidation|p1a: Ceruledge
|-supereffective|p1a: Ceruledge
|-enditem|p1a: Ceruledge|Focus Sash
|-damage|p1a: Ceruledge|1/100
|move|p1a: Ceruledge|Phantom Force||[still]
|-prepare|p1a: Ceruledge|Phantom Force
|
|-weather|RainDance|[upkeep]
|upkeep
|turn|12
|
|t:|1776092852
|switch|p2a: Iron Treads|Iron Treads|100/100
|move|p1a: Ceruledge|Phantom Force|p2a: Iron Treads|[from] lockedmove
|-damage|p2a: Iron Treads|56/100
|
|-weather|RainDance|[upkeep]
|-heal|p2a: Iron Treads|62/100|[from] item: Leftovers
|upkeep
|turn|13
|
|t:|1776092859
|move|p2a: Iron Treads|Stealth Rock|p1a: Ceruledge
|-sidestart|p1: HercuLeon|move: Stealth Rock
|move|p1a: Ceruledge|Bitter Blade|p2a: Iron Treads
|-supereffective|p2a: Iron Treads
|-damage|p2a: Iron Treads|21/100
|-heal|p1a: Ceruledge|24/100|[from] drain|[of] p2a: Iron Treads
|
|-weather|RainDance|[upkeep]
|-heal|p2a: Iron Treads|28/100|[from] item: Leftovers
|upkeep
|turn|14
|
|t:|1776092867
|move|p1a: Ceruledge|Shadow Sneak|p2a: Iron Treads
|-damage|p2a: Iron Treads|9/100
|move|p2a: Iron Treads|Knock Off|p1a: Ceruledge
|-supereffective|p1a: Ceruledge
|-damage|p1a: Ceruledge|0 fnt
|faint|p1a: Ceruledge
|
|-weather|RainDance|[upkeep]
|-heal|p2a: Iron Treads|15/100|[from] item: Leftovers
|upkeep
|
|t:|1776092876
|switch|p1a: Pawmot|Pawmot, F|100/100
|-damage|p1a: Pawmot|94/100|[from] Stealth Rock
|turn|15
|
|t:|1776092883
|move|p1a: Pawmot|Mach Punch|p2a: Iron Treads
|-supereffective|p2a: Iron Treads
|-damage|p2a: Iron Treads|0 fnt
|faint|p2a: Iron Treads
|-end|p2a: Iron Treads|Quark Drive|[silent]
|
|-weather|RainDance|[upkeep]
|upkeep
|
|t:|1776092888
|switch|p2a: Overqwil|Overqwil, M|100/100
|turn|16
|
|t:|1776092900
|move|p2a: Overqwil|Swords Dance|p2a: Overqwil
|-boost|p2a: Overqwil|atk|2
|move|p1a: Pawmot|Revival Blessing|p1a: Pawmot
|
|t:|1776092907
|-heal|p1: Tentacruel|50/100|[from] move: Revival Blessing
|
|-weather|none
|upkeep
|turn|17
|
|t:|1776092917
|move|p1a: Pawmot|Thunder Punch|p2a: Overqwil
|-damage|p2a: Overqwil|50/100
|move|p2a: Overqwil|Gunk Shot|p1a: Pawmot
|-damage|p1a: Pawmot|0 fnt
|faint|p1a: Pawmot
|-damage|p2a: Overqwil|40/100|[from] item: Life Orb
|
|upkeep
|
|t:|1776092927
|switch|p1a: Tentacruel|Tentacruel, F|50/100
|turn|18
|
|t:|1776092935
|move|p1a: Tentacruel|Surf|p2a: Overqwil
|-damage|p2a: Overqwil|0 fnt
|faint|p2a: Overqwil
|
|upkeep
|
|t:|1776092937
|switch|p2a: Pelipper|Pelipper, M|82/100
|-weather|RainDance|[from] ability: Drizzle|[of] p2a: Pelipper
|turn|19
|
|t:|1776092942
|move|p1a: Tentacruel|Rapid Spin|p2a: Pelipper
|-damage|p2a: Pelipper|76/100
|-boost|p1a: Tentacruel|spe|1
|-sideend|p1: HercuLeon|Stealth Rock|[from] move: Rapid Spin|[of] p1a: Tentacruel
|move|p2a: Pelipper|Hurricane|p1a: Tentacruel
|-damage|p1a: Tentacruel|14/100
|
|-weather|RainDance|[upkeep]
|upkeep
|turn|20
|
|t:|1776092952
|move|p1a: Tentacruel|Sludge Bomb|p2a: Pelipper
|-damage|p2a: Pelipper|24/100
|-status|p2a: Pelipper|psn
|move|p2a: Pelipper|Hurricane|p1a: Tentacruel
|-damage|p1a: Tentacruel|0 fnt
|faint|p1a: Tentacruel
|
|-weather|RainDance|[upkeep]
|-damage|p2a: Pelipper|12/100 psn|[from] psn
|upkeep
|
|t:|1776092964
|switch|p1a: Ambipom|Ambipom, F|100/100
|turn|21
|
|t:|1776092976
|move|p1a: Ambipom|Fake Out|p2a: Pelipper
|-damage|p2a: Pelipper|0 fnt
|faint|p2a: Pelipper
|
|-weather|RainDance|[upkeep]
|upkeep
|
|t:|1776092978
|switch|p2a: Barraskewda|Barraskewda, F, shiny, tera:Water|48/100
|turn|22
|
|t:|1776092998
|-terastallize|p1a: Ambipom|Normal
|move|p2a: Barraskewda|Close Combat|p1a: Ambipom
|-supereffective|p1a: Ambipom
|-damage|p1a: Ambipom|0 fnt
|-unboost|p2a: Barraskewda|def|1
|-unboost|p2a: Barraskewda|spd|1
|faint|p1a: Ambipom
|
|win|Ak444me
|raw|HercuLeon's rating: 1124 &rarr; <strong>1098</strong><br />(-26 for losing)
|raw|Ak444me's rating: 1112 &rarr; <strong>1138</strong><br />(+26 for winning)
|c|☆Ak444me|Lol
|l|☆HercuLeon
|player|p1|
|l|☆Ak444me
|player|p2|
