|html|<div class="broadcast-blue"><strong>[Gen 9] OU is currently suspecting Tera Blast! For information on how to participate check out the <a href="https://www.smogon.com/tools/suspects/view/200">suspect thread</a>.</strong></div>
|j|☆Bigboybanastra
|j|☆qklingying
|t:|1776092262
|gametype|singles
|player|p1|Bigboybanastra|flannery|1227
|player|p2|qklingying|serena-masters3|1265
|gen|9
|tier|[Gen 9] OU
|rated|
|rule|HP Percentage Mod: HP is shown in percentages
|rule|Endless Battle Clause: Forcing endless battles is banned
|rule|Species Clause: Limit one of each Pokémon
|rule|OHKO Clause: OHKO moves are banned
|rule|Evasion Items Clause: Evasion items are banned
|rule|Evasion Moves Clause: Evasion moves are banned
|rule|Evasion Abilities Clause: Evasion abilities are banned
|rule|Sleep Moves Clause: Sleep-inducing moves are banned
|clearpoke
|poke|p1|Appletun, F|
|poke|p1|Dragonite, M|
|poke|p1|Thundurus, M|
|poke|p1|Quaquaval, F|
|poke|p1|Heatran, M|
|poke|p1|Zoroark-Hisui, M|
|poke|p2|Gliscor, F|
|poke|p2|Great Tusk|
|poke|p2|Dragapult, M|
|poke|p2|Slowking-Galar, M|
|poke|p2|Raging Bolt|
|poke|p2|Samurott-Hisui, F|
|teampreview
|inactive|Battle timer is ON: inactive players will automatically lose when time's up. (requested by Bigboybanastra)
|inactive|qklingying has 120 seconds left.
|
|t:|1776092299
|teamsize|p1|6
|teamsize|p2|6
|start
|switch|p1a: Quaquaval|Quaquaval, F|100/100
|switch|p2a: Dragapult|Dragapult, M|100/100
|turn|1
|
|t:|1776092308
|-terastallize|p2a: Dragapult|Dragon
|move|p2a: Dragapult|Draco Meteor|p1a: Quaquaval
|-damage|p1a: Quaquaval|45/100
|-unboost|p2a: Dragapult|spa|2
|move|p1a: Quaquaval|Ice Spinner|p2a: Dragapult
|-supereffective|p2a: Dragapult
|-damage|p2a: Dragapult|18/100
|
|upkeep
|turn|2
|
|t:|1776092317
|move|p2a: Dragapult|U-turn|p1a: Quaquaval
|-resisted|p1a: Quaquaval
|-damage|p1a: Quaquaval|37/100
|c|☆Bigboybanastra|what a big npc tesm bro
|c|☆Bigboybanastra|team
|
|t:|1776092341
|switch|p2a: Slowking|Slowking-Galar, M|100/100|[from] U-turn
|move|p1a: Quaquaval|Aqua Step|p2a: Slowking
|-damage|p2a: Slowking|59/100
|-boost|p1a: Quaquaval|spe|1
|
|upkeep
|turn|3
|c|☆Bigboybanastra|ngl
|
|t:|1776092353
|switch|p1a: Heatran|Heatran, M|100/100
|-prepare|p2a: Slowking|Chilly Reception|[premajor]
|move|p2a: Slowking|Chilly Reception|p2a: Slowking
|-weather|Snowscape
|
|t:|1776092361
|switch|p2a: Great Tusk|Great Tusk|100/100|[from] Chilly Reception
|-enditem|p2a: Great Tusk|Booster Energy
|-activate|p2a: Great Tusk|ability: Protosynthesis|[fromitem]
|-start|p2a: Great Tusk|protosynthesisatk
|
|-weather|Snowscape|[upkeep]
|upkeep
|turn|4
|
|t:|1776092368
|switch|p1a: Appletun|Appletun, F, shiny|100/100
|move|p2a: Great Tusk|Stealth Rock|p1a: Appletun
|-sidestart|p1: Bigboybanastra|move: Stealth Rock
|
|-weather|Snowscape|[upkeep]
|upkeep
|turn|5
|
|t:|1776092375
|move|p2a: Great Tusk|Ice Spinner|p1a: Appletun
|-supereffective|p1a: Appletun
|-damage|p1a: Appletun|49/100
|move|p1a: Appletun|Apple Acid|p2a: Great Tusk
|-supereffective|p2a: Great Tusk
|-damage|p2a: Great Tusk|22/100
|-unboost|p2a: Great Tusk|spd|1
|
|-weather|Snowscape|[upkeep]
|-heal|p1a: Appletun|55/100|[from] item: Leftovers
|upkeep
|turn|6
|
|t:|1776092398
|-end|p2a: Great Tusk|Protosynthesis|[silent]
|switch|p2a: Gliscor|Gliscor, F|100/100
|move|p1a: Appletun|Apple Acid|p2a: Gliscor
|-damage|p2a: Gliscor|77/100
|-unboost|p2a: Gliscor|spd|1
|
|-weather|Snowscape|[upkeep]
|-heal|p1a: Appletun|61/100|[from] item: Leftovers
|-status|p2a: Gliscor|tox|[from] item: Toxic Orb
|upkeep
|turn|7
|
|t:|1776092411
|move|p1a: Appletun|Protect|p1a: Appletun
|-singleturn|p1a: Appletun|Protect
|move|p2a: Gliscor|Toxic|p1a: Appletun
|-activate|p1a: Appletun|move: Protect
|
|-weather|none
|-heal|p1a: Appletun|67/100|[from] item: Leftovers
|-heal|p2a: Gliscor|89/100 tox|[from] ability: Poison Heal
|upkeep
|turn|8
|
|t:|1776092424
|switch|p1a: Quaquaval|Quaquaval, F|37/100
|-damage|p1a: Quaquaval|30/100|[from] Stealth Rock
|move|p2a: Gliscor|Earthquake|p1a: Quaquaval
|-damage|p1a: Quaquaval|0 fnt
|faint|p1a: Quaquaval
|
|-heal|p2a: Gliscor|100/100 tox|[from] ability: Poison Heal
|upkeep
|
|t:|1776092429
|switch|p1a: Appletun|Appletun, F, shiny|100/100
|-damage|p1a: Appletun|88/100|[from] Stealth Rock
|turn|9
|
|t:|1776092438
|move|p1a: Appletun|Hyper Voice|p2a: Gliscor
|-damage|p2a: Gliscor|19/100 tox
|move|p2a: Gliscor|Toxic|p1a: Appletun
|-status|p1a: Appletun|tox
|
|-damage|p1a: Appletun|82/100 tox|[from] psn
|-heal|p2a: Gliscor|31/100 tox|[from] ability: Poison Heal
|upkeep
|turn|10
|
|t:|1776092447
|switch|p1a: Dragonite|Dragonite, M, shiny|100/100
|-damage|p1a: Dragonite|76/100|[from] Stealth Rock
|move|p2a: Gliscor|Protect||[still]
|-fail|p2a: Gliscor
|
|-heal|p2a: Gliscor|44/100 tox|[from] ability: Poison Heal
|upkeep
|turn|11
|
|t:|1776092463
|move|p1a: Dragonite|Extreme Speed|p2a: Gliscor
|-damage|p2a: Gliscor|8/100 tox
|move|p2a: Gliscor|Knock Off|p1a: Dragonite
|-damage|p1a: Dragonite|56/100
|-enditem|p1a: Dragonite|Choice Band|[from] move: Knock Off|[of] p2a: Gliscor
|
|-heal|p2a: Gliscor|21/100 tox|[from] ability: Poison Heal
|upkeep
|turn|12
|
|t:|1776092472
|switch|p1a: Appletun|Appletun, F, shiny|82/100 tox
|-damage|p1a: Appletun|70/100 tox|[from] Stealth Rock
|move|p2a: Gliscor|Protect||[still]
|-fail|p2a: Gliscor
|
|-damage|p1a: Appletun|64/100 tox|[from] psn
|-heal|p2a: Gliscor|33/100 tox|[from] ability: Poison Heal
|upkeep
|turn|13
|
|t:|1776092493
|switch|p2a: Raging Bolt|Raging Bolt|100/100
|move|p1a: Appletun|Bitter Malice|p2a: Raging Bolt
|-damage|p2a: Raging Bolt|52/100
|-unboost|p2a: Raging Bolt|atk|1
|
|-heal|p2a: Raging Bolt|58/100|[from] item: Leftovers
|-damage|p1a: Appletun|52/100 tox|[from] psn
|upkeep
|turn|14
|-message|Bigboybanastra forfeited.
|
|win|qklingying
|raw|Bigboybanastra's rating: 1227 &rarr; <strong>1205</strong><br />(-22 for losing)
|raw|qklingying's rating: 1265 &rarr; <strong>1287</strong><br />(+22 for winning)
|l|☆Bigboybanastra
|player|p1|
|l|☆qklingying
|player|p2|
|j|☆qklingying
|player|p2|qklingying|serena-masters3|
