|html|<div class="broadcast-blue"><strong>[Gen 9] OU is currently suspecting Tera Blast! For information on how to participate check out the <a href="https://www.smogon.com/tools/suspects/view/200">suspect thread</a>.</strong></div>
|j|☆luisnho
|j|☆NeonRevolution
|t:|1776034885
|gametype|singles
|player|p1|luisnho|2|1288
|player|p2|NeonRevolution|hiker-gen4|1293
|gen|9
|tier|[Gen 9] OU
|rated|
|rule|HP Percentage Mod: HP is shown in percentages
|rule|Endless Battle Clause: Forcing endless battles is banned
|rule|Species Clause: Limit one of each Pokémon
|rule|OHKO Clause: OHKO moves are banned
|rule|Evasion Items Clause: Evasion items are banned
|rule|Evasion Moves Clause: Evasion moves are banned
|rule|Evasion Abilities Clause: Evasion abilities are banned
|rule|Sleep Moves Clause: Sleep-inducing moves are banned
|clearpoke
|poke|p1|Clefable, F|
|poke|p1|Gholdengo|
|poke|p1|Kleavor, M|
|poke|p1|Smeargle, M|
|poke|p1|Quaquaval, M|
|poke|p1|Ninetales-Alola, F|
|poke|p2|Mabosstiff, F|
|poke|p2|Noivern, M|
|poke|p2|Ogerpon-Wellspring, F|
|poke|p2|Pawmot, M|
|poke|p2|Quaquaval, F|
|poke|p2|Rotom-Heat|
|teampreview
|
|t:|1776034908
|teamsize|p1|6
|teamsize|p2|6
|start
|switch|p1a: Smeargle|Smeargle, M|100/100
|switch|p2a: Rotom|Rotom-Heat|100/100
|turn|1
|
|t:|1776034935
|move|p2a: Rotom|Overheat|p1a: Smeargle
|-enditem|p1a: Smeargle|Focus Sash
|-damage|p1a: Smeargle|1/100
|-unboost|p2a: Rotom|spa|2
|move|p1a: Smeargle|Sticky Web|p2a: Rotom
|-sidestart|p2: NeonRevolution|move: Sticky Web
|
|upkeep
|turn|2
|
|t:|1776034948
|switch|p1a: Ninetales|Ninetales-Alola, F|100/100
|-weather|Snowscape|[from] ability: Snow Warning|[of] p1a: Ninetales
|move|p2a: Rotom|Overheat|p1a: Ninetales
|-supereffective|p1a: Ninetales
|-damage|p1a: Ninetales|49/100
|-unboost|p2a: Rotom|spa|2
|
|-weather|Snowscape|[upkeep]
|upkeep
|turn|3
|
|t:|1776034960
|switch|p2a: Ogerpon|Ogerpon-Wellspring, F|100/100
|-activate|p2a: Ogerpon|move: Sticky Web
|-unboost|p2a: Ogerpon|spe|1
|move|p1a: Ninetales|Aurora Veil|p1a: Ninetales
|-sidestart|p1: luisnho|move: Aurora Veil
|
|-weather|Snowscape|[upkeep]
|upkeep
|turn|4
|j| xanaxholic_fazneet
|
|t:|1776035008
|move|p1a: Ninetales|Foul Play|p2a: Ogerpon
|-damage|p2a: Ogerpon|59/100
|move|p2a: Ogerpon|Knock Off|p1a: Ninetales
|-resisted|p1a: Ninetales
|-damage|p1a: Ninetales|41/100
|-enditem|p1a: Ninetales|Light Clay|[from] move: Knock Off|[of] p2a: Ogerpon
|
|-weather|Snowscape|[upkeep]
|upkeep
|turn|5
|c| xanaxholic_fazneet|Hi neon
|
|t:|1776035022
|move|p1a: Ninetales|Encore|p2a: Ogerpon
|-start|p2a: Ogerpon|Encore
|move|p2a: Ogerpon|Knock Off|p1a: Ninetales
|-resisted|p1a: Ninetales
|-damage|p1a: Ninetales|34/100
|
|-weather|Snowscape|[upkeep]
|upkeep
|turn|6
|c|☆NeonRevolution|hello xanax
|
|t:|1776035030
|switch|p1a: Kleavor|Kleavor, M|100/100
|switch|p2a: Rotom|Rotom-Heat|100/100
|
|-weather|none
|upkeep
|turn|7
|c| xanaxholic_fazneet|Are you winning?
|c|☆NeonRevolution|uh
|c|☆NeonRevolution|we're pretty even rn
|c|☆NeonRevolution|he set up sticky web and veil
|c| xanaxholic_fazneet|Mmmh
|
|t:|1776035064
|move|p2a: Rotom|Will-O-Wisp|p1a: Kleavor
|-status|p1a: Kleavor|brn
|move|p1a: Kleavor|Stone Axe|p2a: Rotom
|-supereffective|p2a: Rotom
|-damage|p2a: Rotom|47/100
|-damage|p1a: Kleavor|84/100 brn|[from] item: Rocky Helmet|[of] p2a: Rotom
|-sidestart|p2: NeonRevolution|move: Stealth Rock
|
|-damage|p1a: Kleavor|78/100 brn|[from] brn
|upkeep
|turn|8
|c| xanaxholic_fazneet|Well, i hope you win
|l| xanaxholic_fazneet
|c|☆NeonRevolution|ty
|
|t:|1776035086
|move|p2a: Rotom|Hex|p1a: Kleavor
|-damage|p1a: Kleavor|53/100 brn
|move|p1a: Kleavor|Stone Axe|p2a: Rotom
|-supereffective|p2a: Rotom
|-damage|p2a: Rotom|0 fnt
|-damage|p1a: Kleavor|36/100 brn|[from] item: Rocky Helmet|[of] p2a: Rotom
|faint|p2a: Rotom
|
|-damage|p1a: Kleavor|30/100 brn|[from] brn
|upkeep
|
|t:|1776035092
|switch|p2a: Quaquaval|Quaquaval, F|100/100
|-activate|p2a: Quaquaval|move: Sticky Web
|-unboost|p2a: Quaquaval|spe|1
|-damage|p2a: Quaquaval|94/100|[from] Stealth Rock
|turn|9
|
|t:|1776035100
|switch|p1a: Gholdengo|Gholdengo|100/100
|-item|p1a: Gholdengo|Air Balloon
|move|p2a: Quaquaval|Rapid Spin|p1a: Gholdengo
|-immune|p1a: Gholdengo
|
|upkeep
|turn|10
|
|t:|1776035135
|switch|p1a: Clefable|Clefable, F|100/100
|move|p2a: Quaquaval|Aqua Step|p1a: Clefable
|-damage|p1a: Clefable|86/100
|-boost|p2a: Quaquaval|spe|1
|
|-heal|p1a: Clefable|92/100|[from] item: Leftovers
|-sideend|p1: luisnho|move: Aurora Veil
|upkeep
|turn|11
|
|t:|1776035162
|switch|p2a: Ogerpon|Ogerpon-Wellspring, F|59/100
|-activate|p2a: Ogerpon|move: Sticky Web
|-unboost|p2a: Ogerpon|spe|1
|-damage|p2a: Ogerpon|47/100|[from] Stealth Rock
|move|p1a: Clefable|Moonblast|p2a: Ogerpon
|-damage|p2a: Ogerpon|9/100
|
|-heal|p1a: Clefable|98/100|[from] item: Leftovers
|upkeep
|turn|12
|
|t:|1776035179
|move|p2a: Ogerpon|Ivy Cudgel|p1a: Clefable|[anim] Ivy Cudgel Water
|-damage|p1a: Clefable|56/100
|move|p1a: Clefable|Moonblast|p2a: Ogerpon
|-damage|p2a: Ogerpon|0 fnt
|faint|p2a: Ogerpon
|
|-heal|p1a: Clefable|62/100|[from] item: Leftovers
|upkeep
|
|t:|1776035216
|switch|p2a: Pawmot|Pawmot, M|100/100
|-activate|p2a: Pawmot|move: Sticky Web
|-unboost|p2a: Pawmot|spe|1
|-damage|p2a: Pawmot|94/100|[from] Stealth Rock
|turn|13
|
|t:|1776035232
|-terastallize|p2a: Pawmot|Electric
|move|p2a: Pawmot|Double Shock|p1a: Clefable
|-damage|p1a: Clefable|3/100
|-start|p2a: Pawmot|typechange|Electric|[from] move: Double Shock
|move|p1a: Clefable|Moonblast|p2a: Pawmot
|-damage|p2a: Pawmot|36/100
|
|-heal|p1a: Clefable|9/100|[from] item: Leftovers
|upkeep
|turn|14
|
|t:|1776035266
|move|p2a: Pawmot|Revival Blessing|p2a: Pawmot
|-enditem|p2a: Pawmot|Leppa Berry|[eat]
|-activate|p2a: Pawmot|item: Leppa Berry|Revival Blessing|[consumed]
|
|t:|1776035272
|-heal|p2: Rotom|50/100|[from] move: Revival Blessing
|move|p1a: Clefable|Moonblast|p2a: Pawmot
|-damage|p2a: Pawmot|0 fnt
|faint|p2a: Pawmot
|
|-heal|p1a: Clefable|15/100|[from] item: Leftovers
|upkeep
|
|t:|1776035275
|switch|p2a: Quaquaval|Quaquaval, F|94/100
|-activate|p2a: Quaquaval|move: Sticky Web
|-unboost|p2a: Quaquaval|spe|1
|-damage|p2a: Quaquaval|88/100|[from] Stealth Rock
|turn|15
|
|t:|1776035287
|move|p2a: Quaquaval|Aqua Step|p1a: Clefable
|-damage|p1a: Clefable|0 fnt
|-boost|p2a: Quaquaval|spe|1
|faint|p1a: Clefable
|-ability|p2a: Quaquaval|Moxie|boost
|-boost|p2a: Quaquaval|atk|1
|
|upkeep
|
|t:|1776035299
|switch|p1a: Smeargle|Smeargle, M|1/100
|turn|16
|
|t:|1776035315
|move|p1a: Smeargle|Silk Trap|p1a: Smeargle
|-singleturn|p1a: Smeargle|Protect
|move|p2a: Quaquaval|Rapid Spin|p1a: Smeargle
|-activate|p1a: Smeargle|move: Protect
|-unboost|p2a: Quaquaval|spe|1
|
|upkeep
|turn|17
|
|t:|1776035333
|move|p1a: Smeargle|Nuzzle|p2a: Quaquaval
|-supereffective|p2a: Quaquaval
|-damage|p2a: Quaquaval|77/100
|-status|p2a: Quaquaval|par
|move|p2a: Quaquaval|Aqua Step|p1a: Smeargle
|-damage|p1a: Smeargle|0 fnt
|-boost|p2a: Quaquaval|spe|1
|faint|p1a: Smeargle
|-ability|p2a: Quaquaval|Moxie|boost
|-boost|p2a: Quaquaval|atk|1
|
|upkeep
|
|t:|1776035344
|switch|p1a: Gholdengo|Gholdengo|100/100
|-item|p1a: Gholdengo|Air Balloon
|turn|18
|
|t:|1776035354
|move|p1a: Gholdengo|Hex|p2a: Quaquaval
|-damage|p2a: Quaquaval|0 fnt
|faint|p2a: Quaquaval
|
|upkeep
|
|t:|1776035384
|switch|p2a: Rotom|Rotom-Heat|50/100
|-damage|p2a: Rotom|25/100|[from] Stealth Rock
|turn|19
|
|t:|1776035422
|switch|p1a: Kleavor|Kleavor, M|30/100 brn
|move|p2a: Rotom|Overheat|p1a: Kleavor
|-crit|p1a: Kleavor
|-damage|p1a: Kleavor|0 fnt
|-unboost|p2a: Rotom|spa|2
|faint|p1a: Kleavor
|
|upkeep
|
|t:|1776035444
|switch|p1a: Ninetales|Ninetales-Alola, F|34/100
|-weather|Snowscape|[from] ability: Snow Warning|[of] p1a: Ninetales
|turn|20
|
|t:|1776035451
|move|p1a: Ninetales|Aurora Veil|p1a: Ninetales
|-sidestart|p1: luisnho|move: Aurora Veil
|move|p2a: Rotom|Overheat|p1a: Ninetales
|-supereffective|p1a: Ninetales
|-damage|p1a: Ninetales|9/100
|-unboost|p2a: Rotom|spa|2
|
|-weather|Snowscape|[upkeep]
|upkeep
|turn|21
|
|t:|1776035465
|move|p1a: Ninetales|Freeze-Dry|p2a: Rotom
|-resisted|p2a: Rotom
|-damage|p2a: Rotom|11/100
|-status|p2a: Rotom|frz
|cant|p2a: Rotom|frz
|
|-weather|Snowscape|[upkeep]
|upkeep
|turn|22
|c|☆luisnho|ups sorry for luck
|inactive|Battle timer is ON: inactive players will automatically lose when time's up. (requested by luisnho)
|
|t:|1776035520
|move|p1a: Ninetales|Freeze-Dry|p2a: Rotom
|-resisted|p2a: Rotom
|-damage|p2a: Rotom|0 fnt
|faint|p2a: Rotom
|
|-weather|Snowscape|[upkeep]
|upkeep
|
|t:|1776035524
|switch|p2a: Noivern|Noivern, M|100/100
|turn|23
|
|t:|1776035549
|move|p2a: Noivern|Air Slash|p1a: Ninetales
|-damage|p1a: Ninetales|0 fnt
|faint|p1a: Ninetales
|
|-weather|Snowscape|[upkeep]
|upkeep
|inactive|luisnho has 120 seconds left.
|inactive|luisnho has 90 seconds left.
|
|t:|1776035609
|switch|p1a: Quaquaval|Quaquaval, M|100/100
|turn|24
|inactive|NeonRevolution has 120 seconds left.
|
|t:|1776035669
|-terastallize|p1a: Quaquaval|Water
|move|p2a: Noivern|Air Slash|p1a: Quaquaval
|-damage|p1a: Quaquaval|68/100
|move|p1a: Quaquaval|Aqua Step|p2a: Noivern
|-resisted|p2a: Noivern
|-damage|p2a: Noivern|61/100
|-boost|p1a: Quaquaval|spe|1
|
|-weather|none
|-sideend|p1: luisnho|move: Aurora Veil
|upkeep
|turn|25
|
|t:|1776035685
|move|p2a: Noivern|Defog|p1a: Quaquaval
|-unboost|p1a: Quaquaval|evasion|1
|-sideend|p2: NeonRevolution|Stealth Rock|[from] move: Defog|[of] p2a: Noivern
|-sideend|p2: NeonRevolution|Sticky Web|[from] move: Defog|[of] p2a: Noivern
|move|p1a: Quaquaval|Aqua Step|p2a: Noivern
|-resisted|p2a: Noivern
|-crit|p2a: Noivern
|-damage|p2a: Noivern|0 fnt
|-boost|p1a: Quaquaval|spe|1
|faint|p2a: Noivern
|-ability|p1a: Quaquaval|Moxie|boost
|-boost|p1a: Quaquaval|atk|1
|
|upkeep
|inactive|NeonRevolution has 90 seconds left.
|c|☆luisnho|gg
|
|t:|1776035722
|switch|p2a: Mabosstiff|Mabosstiff, F|100/100
|turn|26
|c|☆NeonRevolution|gg
|
|t:|1776035729
|move|p1a: Quaquaval|Close Combat|p2a: Mabosstiff
|-supereffective|p2a: Mabosstiff
|-damage|p2a: Mabosstiff|0 fnt
|-unboost|p1a: Quaquaval|def|1
|-unboost|p1a: Quaquaval|spd|1
|faint|p2a: Mabosstiff
|
|win|luisnho
|raw|luisnho's rating: 1288 &rarr; <strong>1313</strong><br />(+25 for winning)
|raw|NeonRevolution's rating: 1293 &rarr; <strong>1268</strong><br />(-25 for losing)
|l|☆NeonRevolution
|player|p2|
|l|☆luisnho
|player|p1|
