|html|<div class="broadcast-blue"><strong>[Gen 9] OU is currently suspecting Tera Blast! For information on how to participate check out the <a href="https://www.smogon.com/tools/suspects/view/200">suspect thread</a>.</strong></div>
|j|☆swiggler
|j|☆Blastoise_Choice
|t:|1776091080
|gametype|singles
|player|p1|swiggler|bugcatcher-gen4dp|1752
|player|p2|Blastoise_Choice|benga|1716
|gen|9
|tier|[Gen 9] OU
|rated|
|rule|HP Percentage Mod: HP is shown in percentages
|rule|Endless Battle Clause: Forcing endless battles is banned
|rule|Species Clause: Limit one of each Pokémon
|rule|OHKO Clause: OHKO moves are banned
|rule|Evasion Items Clause: Evasion items are banned
|rule|Evasion Moves Clause: Evasion moves are banned
|rule|Evasion Abilities Clause: Evasion abilities are banned
|rule|Sleep Moves Clause: Sleep-inducing moves are banned
|clearpoke
|poke|p1|Ninetales, M|
|poke|p1|Cresselia, F|
|poke|p1|Raging Bolt|
|poke|p1|Iron Moth|
|poke|p1|Great Tusk|
|poke|p1|Walking Wake|
|poke|p2|Garganacl, M|
|poke|p2|Darkrai|
|poke|p2|Great Tusk|
|poke|p2|Hatterene, F|
|poke|p2|Tornadus-Therian, M|
|poke|p2|Dragonite, M|
|teampreview
|inactive|Battle timer is ON: inactive players will automatically lose when time's up. (requested by swiggler)
|c|☆Blastoise_Choice|hf
|inactive|Blastoise_Choice also wants the timer to be on.
|
|t:|1776091090
|teamsize|p1|6
|teamsize|p2|6
|start
|switch|p1a: Ninetales|Ninetales, M|100/100
|switch|p2a: Darkrai|Darkrai|100/100
|-weather|SunnyDay|[from] ability: Drought|[of] p1a: Ninetales
|turn|1
|
|t:|1776091098
|move|p2a: Darkrai|Dark Pulse|p1a: Ninetales
|-damage|p1a: Ninetales|33/100
|move|p1a: Ninetales|Overheat|p2a: Darkrai
|-damage|p2a: Darkrai|31/100
|-unboost|p1a: Ninetales|spa|2
|
|-weather|SunnyDay|[upkeep]
|upkeep
|turn|2
|
|t:|1776091114
|switch|p1a: Great Tusk|Great Tusk|100/100
|-activate|p1a: Great Tusk|ability: Protosynthesis
|-start|p1a: Great Tusk|protosynthesisspe
|move|p2a: Darkrai|Dark Pulse|p1a: Great Tusk
|-resisted|p1a: Great Tusk
|-damage|p1a: Great Tusk|62/100
|
|-weather|SunnyDay|[upkeep]
|upkeep
|turn|3
|
|t:|1776091121
|move|p1a: Great Tusk|Head Smash|p2a: Darkrai
|-damage|p2a: Darkrai|0 fnt
|faint|p2a: Darkrai
|-damage|p1a: Great Tusk|51/100|[from] Recoil
|
|-weather|SunnyDay|[upkeep]
|upkeep
|
|t:|1776091127
|switch|p2a: Hatterene|Hatterene, F|100/100
|turn|4
|
|t:|1776091134
|-end|p1a: Great Tusk|Protosynthesis|[silent]
|switch|p1a: Cresselia|Cresselia, F|100/100
|move|p2a: Hatterene|Future Sight|p1a: Cresselia
|-start|p2a: Hatterene|move: Future Sight
|
|-weather|SunnyDay|[upkeep]
|upkeep
|turn|5
|
|t:|1776091141
|switch|p2a: Garganacl|Garganacl, M|100/100
|move|p1a: Cresselia|Ice Beam|p2a: Garganacl
|-damage|p2a: Garganacl|89/100
|
|-weather|SunnyDay|[upkeep]
|-heal|p2a: Garganacl|95/100|[from] item: Leftovers
|upkeep
|turn|6
|
|t:|1776091147
|move|p1a: Cresselia|Ice Beam|p2a: Garganacl
|-damage|p2a: Garganacl|84/100
|move|p2a: Garganacl|Stealth Rock|p1a: Cresselia
|-sidestart|p1: swiggler|move: Stealth Rock
|
|-weather|SunnyDay|[upkeep]
|-end|p1a: Cresselia|move: Future Sight
|-resisted|p1a: Cresselia
|-damage|p1a: Cresselia|83/100
|-heal|p2a: Garganacl|90/100|[from] item: Leftovers
|upkeep
|turn|7
|
|t:|1776091161
|switch|p1a: Great Tusk|Great Tusk|51/100
|-damage|p1a: Great Tusk|48/100|[from] Stealth Rock
|-activate|p1a: Great Tusk|ability: Protosynthesis
|-start|p1a: Great Tusk|protosynthesisspe
|move|p2a: Garganacl|Salt Cure|p1a: Great Tusk
|-resisted|p1a: Great Tusk
|-crit|p1a: Great Tusk
|-damage|p1a: Great Tusk|45/100
|-start|p1a: Great Tusk|Salt Cure
|
|-weather|SunnyDay|[upkeep]
|-heal|p2a: Garganacl|96/100|[from] item: Leftovers
|-damage|p1a: Great Tusk|32/100|[from] Salt Cure
|upkeep
|turn|8
|
|t:|1776091168
|switch|p2a: Dragonite|Dragonite, M|100/100
|move|p1a: Great Tusk|Rapid Spin|p2a: Dragonite
|-damage|p2a: Dragonite|93/100
|-boost|p1a: Great Tusk|spe|1
|-sideend|p1: swiggler|Stealth Rock|[from] move: Rapid Spin|[of] p1a: Great Tusk
|
|-weather|none
|-end|p1a: Great Tusk|Protosynthesis
|-damage|p1a: Great Tusk|20/100|[from] Salt Cure
|upkeep
|turn|9
|
|t:|1776091175
|move|p2a: Dragonite|Extreme Speed|p1a: Great Tusk
|-damage|p1a: Great Tusk|0 fnt
|-damage|p2a: Dragonite|76/100|[from] item: Rocky Helmet|[of] p1a: Great Tusk
|faint|p1a: Great Tusk
|-end|p1a: Great Tusk|Protosynthesis|[silent]
|
|upkeep
|
|t:|1776091184
|switch|p1a: Ninetales|Ninetales, M|33/100
|-weather|SunnyDay|[from] ability: Drought|[of] p1a: Ninetales
|turn|10
|
|t:|1776091190
|switch|p1a: Cresselia|Cresselia, F|83/100
|move|p2a: Dragonite|Roost|p2a: Dragonite
|-heal|p2a: Dragonite|100/100
|-singleturn|p2a: Dragonite|move: Roost
|
|-weather|SunnyDay|[upkeep]
|upkeep
|turn|11
|
|t:|1776091198
|move|p2a: Dragonite|Dragon Dance|p2a: Dragonite
|-boost|p2a: Dragonite|atk|1
|-boost|p2a: Dragonite|spe|1
|move|p1a: Cresselia|Ice Beam|p2a: Dragonite
|-supereffective|p2a: Dragonite
|-damage|p2a: Dragonite|70/100
|
|-weather|SunnyDay|[upkeep]
|upkeep
|turn|12
|
|t:|1776091205
|-terastallize|p2a: Dragonite|Normal
|move|p2a: Dragonite|Dragon Dance|p2a: Dragonite
|-boost|p2a: Dragonite|atk|1
|-boost|p2a: Dragonite|spe|1
|move|p1a: Cresselia|Ice Beam|p2a: Dragonite
|-damage|p2a: Dragonite|55/100
|
|-weather|SunnyDay|[upkeep]
|upkeep
|turn|13
|
|t:|1776091219
|-terastallize|p1a: Cresselia|Steel
|move|p2a: Dragonite|Roost|p2a: Dragonite
|-heal|p2a: Dragonite|100/100
|move|p1a: Cresselia|Thunder Wave|p2a: Dragonite
|-status|p2a: Dragonite|par
|
|-weather|SunnyDay|[upkeep]
|upkeep
|turn|14
|
|t:|1776091229
|switch|p1a: Ninetales|Ninetales, M|33/100
|move|p2a: Dragonite|Dragon Dance|p2a: Dragonite
|-boost|p2a: Dragonite|atk|1
|-boost|p2a: Dragonite|spe|1
|
|-weather|SunnyDay|[upkeep]
|upkeep
|turn|15
|
|t:|1776091241
|cant|p2a: Dragonite|par
|move|p1a: Ninetales|Encore|p2a: Dragonite
|-start|p2a: Dragonite|Encore
|
|-weather|SunnyDay|[upkeep]
|upkeep
|turn|16
|
|t:|1776091247
|switch|p1a: Cresselia|Cresselia, F, tera:Steel|83/100
|switch|p2a: Garganacl|Garganacl, M|96/100
|
|-weather|SunnyDay|[upkeep]
|-heal|p2a: Garganacl|100/100|[from] item: Leftovers
|upkeep
|turn|17
|
|t:|1776091258
|move|p1a: Cresselia|Ice Beam|p2a: Garganacl
|-damage|p2a: Garganacl|89/100
|move|p2a: Garganacl|Stealth Rock|p1a: Cresselia
|-sidestart|p1: swiggler|move: Stealth Rock
|
|-weather|none
|-heal|p2a: Garganacl|96/100|[from] item: Leftovers
|upkeep
|turn|18
|
|t:|1776091265
|switch|p1a: Raging Bolt|Raging Bolt|100/100
|-damage|p1a: Raging Bolt|88/100|[from] Stealth Rock
|move|p2a: Garganacl|Salt Cure|p1a: Raging Bolt
|-damage|p1a: Raging Bolt|74/100
|-start|p1a: Raging Bolt|Salt Cure
|
|-heal|p2a: Garganacl|100/100|[from] item: Leftovers
|-damage|p1a: Raging Bolt|61/100|[from] Salt Cure
|upkeep
|turn|19
|
|t:|1776091271
|-end|p1a: Raging Bolt|Protosynthesis|[silent]
|switch|p1a: Ninetales|Ninetales, M|33/100
|-damage|p1a: Ninetales|8/100|[from] Stealth Rock
|-weather|SunnyDay|[from] ability: Drought|[of] p1a: Ninetales
|move|p2a: Garganacl|Salt Cure|p1a: Ninetales
|-supereffective|p1a: Ninetales
|-damage|p1a: Ninetales|0 fnt
|faint|p1a: Ninetales
|
|-weather|SunnyDay|[upkeep]
|upkeep
|
|t:|1776091274
|switch|p1a: Walking Wake|Walking Wake|100/100
|-damage|p1a: Walking Wake|88/100|[from] Stealth Rock
|-activate|p1a: Walking Wake|ability: Protosynthesis
|-start|p1a: Walking Wake|protosynthesisspa
|turn|20
|
|t:|1776091280
|switch|p2a: Dragonite|Dragonite, M, tera:Normal|100/100 par
|move|p1a: Walking Wake|Hydro Steam|p2a: Dragonite
|-damage|p2a: Dragonite|40/100 par
|
|-weather|SunnyDay|[upkeep]
|upkeep
|turn|21
|
|t:|1776091287
|move|p2a: Dragonite|Extreme Speed|p1a: Walking Wake
|-damage|p1a: Walking Wake|31/100
|move|p1a: Walking Wake|Hydro Steam|p2a: Dragonite
|-damage|p2a: Dragonite|0 fnt
|faint|p2a: Dragonite
|
|-weather|SunnyDay|[upkeep]
|upkeep
|
|t:|1776091293
|switch|p2a: Tornadus|Tornadus-Therian, M, shiny|100/100
|turn|22
|
|t:|1776091299
|-end|p1a: Walking Wake|Protosynthesis|[silent]
|switch|p1a: Cresselia|Cresselia, F, tera:Steel|83/100
|-damage|p1a: Cresselia|77/100|[from] Stealth Rock
|move|p2a: Tornadus|Knock Off|p1a: Cresselia
|-damage|p1a: Cresselia|66/100
|-enditem|p1a: Cresselia|Eject Button|[from] move: Knock Off|[of] p2a: Tornadus
|
|-weather|SunnyDay|[upkeep]
|upkeep
|turn|23
|
|t:|1776091306
|move|p2a: Tornadus|U-turn|p1a: Cresselia
|-resisted|p1a: Cresselia
|-damage|p1a: Cresselia|62/100
|
|t:|1776091313
|switch|p2a: Garganacl|Garganacl, M|100/100|[from] U-turn
|move|p1a: Cresselia|Lunar Dance|p1a: Cresselia
|faint|p1a: Cresselia
|
|-weather|SunnyDay|[upkeep]
|upkeep
|
|t:|1776091315
|switch|p1a: Walking Wake|Walking Wake|31/100
|-heal|p1a: Walking Wake|100/100|[from] move: Lunar Dance
|-damage|p1a: Walking Wake|88/100|[from] Stealth Rock
|-activate|p1a: Walking Wake|ability: Protosynthesis
|-start|p1a: Walking Wake|protosynthesisspa
|turn|24
|
|t:|1776091322
|move|p2a: Garganacl|Protect|p2a: Garganacl
|-singleturn|p2a: Garganacl|Protect
|move|p1a: Walking Wake|Hydro Steam|p2a: Garganacl
|-activate|p2a: Garganacl|move: Protect
|
|-weather|SunnyDay|[upkeep]
|upkeep
|turn|25
|
|t:|1776091328
|switch|p2a: Tornadus|Tornadus-Therian, M, shiny|100/100
|move|p1a: Walking Wake|Hydro Steam|p2a: Tornadus
|-damage|p2a: Tornadus|15/100
|
|-weather|SunnyDay|[upkeep]
|upkeep
|turn|26
|
|t:|1776091334
|-end|p1a: Walking Wake|Protosynthesis|[silent]
|switch|p1a: Iron Moth|Iron Moth|100/100
|-damage|p1a: Iron Moth|76/100|[from] Stealth Rock
|-enditem|p1a: Iron Moth|Booster Energy
|-activate|p1a: Iron Moth|ability: Quark Drive|[fromitem]
|-start|p1a: Iron Moth|quarkdrivespe
|move|p2a: Tornadus|Knock Off|p1a: Iron Moth
|-damage|p1a: Iron Moth|55/100
|
|-weather|none
|upkeep
|turn|27
|
|t:|1776091341
|switch|p2a: Garganacl|Garganacl, M|100/100
|move|p1a: Iron Moth|Fiery Dance|p2a: Garganacl
|-resisted|p2a: Garganacl
|-damage|p2a: Garganacl|88/100
|
|-heal|p2a: Garganacl|94/100|[from] item: Leftovers
|upkeep
|turn|28
|
|t:|1776091349
|move|p1a: Iron Moth|Energy Ball|p2a: Garganacl
|-supereffective|p2a: Garganacl
|-damage|p2a: Garganacl|55/100
|move|p2a: Garganacl|Salt Cure|p1a: Iron Moth
|-supereffective|p1a: Iron Moth
|-damage|p1a: Iron Moth|15/100
|-start|p1a: Iron Moth|Salt Cure
|
|-heal|p2a: Garganacl|61/100|[from] item: Leftovers
|-damage|p1a: Iron Moth|3/100|[from] Salt Cure
|upkeep
|turn|29
|j| l0ulstraT09
|j| Monkey D MinMin
|
|t:|1776091355
|move|p1a: Iron Moth|Sludge Wave|p2a: Garganacl
|-resisted|p2a: Garganacl
|-damage|p2a: Garganacl|46/100
|move|p2a: Garganacl|Recover|p2a: Garganacl
|-heal|p2a: Garganacl|96/100
|
|-heal|p2a: Garganacl|100/100|[from] item: Leftovers
|-damage|p1a: Iron Moth|0 fnt|[from] Salt Cure
|faint|p1a: Iron Moth
|-end|p1a: Iron Moth|Quark Drive|[silent]
|upkeep
|
|t:|1776091358
|switch|p1a: Walking Wake|Walking Wake|88/100
|-damage|p1a: Walking Wake|76/100|[from] Stealth Rock
|turn|30
|
|t:|1776091364
|move|p1a: Walking Wake|Hydro Steam|p2a: Garganacl
|-supereffective|p2a: Garganacl
|-damage|p2a: Garganacl|11/100
|move|p2a: Garganacl|Salt Cure|p1a: Walking Wake
|-damage|p1a: Walking Wake|60/100
|-start|p1a: Walking Wake|Salt Cure
|
|-heal|p2a: Garganacl|17/100|[from] item: Leftovers
|-damage|p1a: Walking Wake|35/100|[from] Salt Cure
|upkeep
|turn|31
|-message|swiggler forfeited.
|
|win|Blastoise_Choice
|raw|swiggler's rating: 1752 &rarr; <strong>1730</strong><br />(-22 for losing)
|raw|Blastoise_Choice's rating: 1716 &rarr; <strong>1738</strong><br />(+22 for winning)
|l|☆swiggler
|player|p1|
|c|☆Blastoise_Choice|gg
|l| l0ulstraT09
