|html|<div class="broadcast-blue"><strong>[Gen 9] OU is currently suspecting Tera Blast! For information on how to participate check out the <a href="https://www.smogon.com/tools/suspects/view/200">suspect thread</a>.</strong></div>
|j|☆puripuriwhy
|j|☆Timmaipatim
|t:|1776072204
|gametype|singles
|player|p1|puripuriwhy|twins-gen4dp|1218
|player|p2|Timmaipatim|koga|1182
|gen|9
|tier|[Gen 9] OU
|rated|
|rule|HP Percentage Mod: HP is shown in percentages
|rule|Endless Battle Clause: Forcing endless battles is banned
|rule|Species Clause: Limit one of each Pokémon
|rule|OHKO Clause: OHKO moves are banned
|rule|Evasion Items Clause: Evasion items are banned
|rule|Evasion Moves Clause: Evasion moves are banned
|rule|Evasion Abilities Clause: Evasion abilities are banned
|rule|Sleep Moves Clause: Sleep-inducing moves are banned
|clearpoke
|poke|p1|Cloyster, F|
|poke|p1|Ninetales-Alola, M|
|poke|p1|Cinccino, M|
|poke|p1|Dodrio, M|
|poke|p1|Sylveon, M|
|poke|p1|Ogerpon-Wellspring, F|
|poke|p2|Glimmora, F|
|poke|p2|Dragapult, F|
|poke|p2|Enamorus, F|
|poke|p2|Dragonite, M|
|poke|p2|Kingambit, M|
|poke|p2|Great Tusk|
|teampreview
|inactive|Battle timer is ON: inactive players will automatically lose when time's up. (requested by puripuriwhy)
|
|t:|1776072208
|teamsize|p1|6
|teamsize|p2|6
|start
|switch|p1a: Ga|Ninetales-Alola, M|100/100
|switch|p2a: Poupourrie|Glimmora, F, shiny|100/100
|-weather|Snowscape|[from] ability: Snow Warning|[of] p1a: Ga
|turn|1
|
|t:|1776072217
|move|p1a: Ga|Aurora Veil|p1a: Ga
|-sidestart|p1: puripuriwhy|move: Aurora Veil
|move|p2a: Poupourrie|Stealth Rock|p1a: Ga
|-sidestart|p1: puripuriwhy|move: Stealth Rock
|
|-weather|Snowscape|[upkeep]
|upkeep
|turn|2
|
|t:|1776072226
|move|p1a: Ga|Ice Beam|p2a: Poupourrie
|-damage|p2a: Poupourrie|53/100
|move|p2a: Poupourrie|Power Gem|p1a: Ga
|-supereffective|p1a: Ga
|-damage|p1a: Ga|51/100
|
|-weather|Snowscape|[upkeep]
|upkeep
|turn|3
|
|t:|1776072237
|move|p1a: Ga|Ice Beam|p2a: Poupourrie
|-damage|p2a: Poupourrie|12/100
|move|p2a: Poupourrie|Mortal Spin|p1a: Ga
|-supereffective|p1a: Ga
|-damage|p1a: Ga|46/100
|-status|p1a: Ga|psn
|
|-weather|Snowscape|[upkeep]
|-damage|p1a: Ga|34/100 psn|[from] psn
|upkeep
|turn|4
|
|t:|1776072244
|move|p1a: Ga|Ice Beam|p2a: Poupourrie
|-crit|p2a: Poupourrie
|-damage|p2a: Poupourrie|0 fnt
|faint|p2a: Poupourrie
|
|-weather|Snowscape|[upkeep]
|-damage|p1a: Ga|21/100 psn|[from] psn
|upkeep
|
|t:|1776072249
|switch|p2a: Poupoulette|Kingambit, M, shiny|100/100
|-activate|p2a: Poupoulette|ability: Supreme Overlord
|-start|p2a: Poupoulette|fallen1|[silent]
|turn|5
|
|t:|1776072251
|move|p2a: Poupoulette|Sucker Punch|p1a: Ga
|-resisted|p1a: Ga
|-damage|p1a: Ga|9/100 psn
|move|p1a: Ga|Moonblast|p2a: Poupoulette
|-damage|p2a: Poupoulette|61/100
|-unboost|p2a: Poupoulette|spa|1
|
|-weather|none
|-heal|p2a: Poupoulette|68/100|[from] item: Leftovers
|-damage|p1a: Ga|0 fnt|[from] psn
|faint|p1a: Ga
|upkeep
|
|t:|1776072258
|switch|p1a: Pa|Cinccino, M|100/100
|turn|6
|
|t:|1776072272
|move|p1a: Pa|Tidy Up|p1a: Pa
|-sideend|p1: puripuriwhy|Stealth Rock
|-activate|p1a: Pa|move: Tidy Up
|-boost|p1a: Pa|atk|1
|-boost|p1a: Pa|spe|1
|move|p2a: Poupoulette|Kowtow Cleave|p1a: Pa
|-damage|p1a: Pa|48/100
|
|-heal|p2a: Poupoulette|74/100|[from] item: Leftovers
|upkeep
|turn|7
|
|t:|1776072279
|move|p2a: Poupoulette|Sucker Punch|p1a: Pa
|-damage|p1a: Pa|7/100
|move|p1a: Pa|Tail Slap|p2a: Poupoulette
|-resisted|p2a: Poupoulette
|-damage|p2a: Poupoulette|67/100
|-resisted|p2a: Poupoulette
|-damage|p2a: Poupoulette|60/100
|-resisted|p2a: Poupoulette
|-damage|p2a: Poupoulette|53/100
|-resisted|p2a: Poupoulette
|-damage|p2a: Poupoulette|47/100
|-resisted|p2a: Poupoulette
|-damage|p2a: Poupoulette|40/100
|-hitcount|p2a: Poupoulette|5
|
|-heal|p2a: Poupoulette|46/100|[from] item: Leftovers
|upkeep
|turn|8
|
|t:|1776072292
|move|p2a: Poupoulette|Sucker Punch|p1a: Pa
|-damage|p1a: Pa|0 fnt
|faint|p1a: Pa
|
|-heal|p2a: Poupoulette|52/100|[from] item: Leftovers
|-sideend|p1: puripuriwhy|move: Aurora Veil
|upkeep
|
|t:|1776072298
|switch|p1a: Po|Dodrio, M|100/100
|turn|9
|
|t:|1776072306
|move|p1a: Po|Drill Run|p2a: Poupoulette
|-supereffective|p2a: Poupoulette
|-damage|p2a: Poupoulette|0 fnt
|faint|p2a: Poupoulette
|-end|p2a: Poupoulette|fallen1|[silent]
|
|upkeep
|
|t:|1776072321
|switch|p2a: Poupoutre|Great Tusk|100/100
|turn|10
|
|t:|1776072325
|move|p1a: Po|Drill Run|p2a: Poupoutre
|-damage|p2a: Poupoutre|74/100
|move|p2a: Poupoutre|Ice Spinner|p1a: Po
|-supereffective|p1a: Po
|-damage|p1a: Po|9/100
|
|upkeep
|turn|11
|
|t:|1776072331
|move|p1a: Po|Drill Run|p2a: Poupoutre
|-damage|p2a: Poupoutre|48/100
|move|p2a: Poupoutre|Rapid Spin|p1a: Po
|-damage|p1a: Po|0 fnt
|-boost|p2a: Poupoutre|spe|1
|faint|p1a: Po
|
|upkeep
|
|t:|1776072333
|switch|p1a: Bi|Cloyster, F|100/100
|turn|12
|
|t:|1776072338
|-terastallize|p1a: Bi|Ground
|move|p2a: Poupoutre|Headlong Rush|p1a: Bi
|-damage|p1a: Bi|52/100
|-unboost|p2a: Poupoutre|def|1
|-unboost|p2a: Poupoutre|spd|1
|move|p1a: Bi|Shell Smash|p1a: Bi
|-unboost|p1a: Bi|def|1
|-unboost|p1a: Bi|spd|1
|-boost|p1a: Bi|atk|2
|-boost|p1a: Bi|spa|2
|-boost|p1a: Bi|spe|2
|-enditem|p1a: Bi|White Herb
|-clearnegativeboost|p1a: Bi|[silent]
|
|upkeep
|turn|13
|
|t:|1776072344
|move|p1a: Bi|Icicle Spear|p2a: Poupoutre
|-supereffective|p2a: Poupoutre
|-damage|p2a: Poupoutre|1/100
|-supereffective|p2a: Poupoutre
|-damage|p2a: Poupoutre|0 fnt
|faint|p2a: Poupoutre
|-end|p2a: Poupoutre|Protosynthesis|[silent]
|-hitcount|p2: Poupoutre|2
|
|upkeep
|
|t:|1776072360
|switch|p2a: Dragapult|Dragapult, F|100/100
|turn|14
|
|t:|1776072364
|move|p1a: Bi|Icicle Spear|p2a: Dragapult
|-supereffective|p2a: Dragapult
|-crit|p2a: Dragapult
|-damage|p2a: Dragapult|11/100
|-supereffective|p2a: Dragapult
|-damage|p2a: Dragapult|0 fnt
|faint|p2a: Dragapult
|-hitcount|p2: Dragapult|2
|
|upkeep
|
|t:|1776072373
|switch|p2a: Poupoutine|Dragonite, M, shiny|100/100
|turn|15
|
|t:|1776072376
|-terastallize|p2a: Poupoutine|Normal
|move|p2a: Poupoutine|Extreme Speed|p1a: Bi
|-damage|p1a: Bi|14/100
|move|p1a: Bi|Icicle Spear|p2a: Poupoutine
|-damage|p2a: Poupoutine|87/100
|-damage|p2a: Poupoutine|62/100
|-damage|p2a: Poupoutine|35/100
|-damage|p2a: Poupoutine|12/100
|-damage|p2a: Poupoutine|0 fnt
|faint|p2a: Poupoutine
|-hitcount|p2: Poupoutine|5
|
|upkeep
|inactive|Timmaipatim has 120 seconds left.
|inactive|Timmaipatim has 90 seconds left.
|inactive|Timmaipatim has 60 seconds left.
|inactive|Timmaipatim has 30 seconds left.
|inactive|Timmaipatim has 20 seconds left.
|inactive|Timmaipatim has 15 seconds left.
|inactive|Timmaipatim has 10 seconds left.
|inactive|Timmaipatim has 5 seconds left.
|-message|Timmaipatim lost due to inactivity.
|
|win|puripuriwhy
|raw|puripuriwhy's rating: 1218 &rarr; <strong>1240</strong><br />(+22 for winning)
|raw|Timmaipatim's rating: 1182 &rarr; <strong>1160</strong><br />(-22 for losing)
|l|☆puripuriwhy
|player|p1|
|l|☆Timmaipatim
|player|p2|
