|html|<div class="broadcast-blue"><strong>[Gen 9] OU is currently suspecting Tera Blast! For information on how to participate check out the <a href="https://www.smogon.com/tools/suspects/view/200">suspect thread</a>.</strong></div>
|j|☆cellcrash0
|j|☆rehan blukutuk
|t:|1776048576
|gametype|singles
|player|p1|cellcrash0|266|1158
|player|p2|rehan blukutuk|steven|1111
|gen|9
|tier|[Gen 9] OU
|rated|
|rule|HP Percentage Mod: HP is shown in percentages
|rule|Endless Battle Clause: Forcing endless battles is banned
|rule|Species Clause: Limit one of each Pokémon
|rule|OHKO Clause: OHKO moves are banned
|rule|Evasion Items Clause: Evasion items are banned
|rule|Evasion Moves Clause: Evasion moves are banned
|rule|Evasion Abilities Clause: Evasion abilities are banned
|rule|Sleep Moves Clause: Sleep-inducing moves are banned
|clearpoke
|poke|p1|Regice|
|poke|p1|Regirock|
|poke|p1|Blissey, F|
|poke|p1|Hoopa-Unbound|
|poke|p1|Deoxys-Speed|
|poke|p1|Rampardos, F|
|poke|p2|Blaziken, F|
|poke|p2|Corviknight, F|
|poke|p2|Vaporeon, F|
|poke|p2|Ambipom, M|
|poke|p2|Kilowattrel, M|
|poke|p2|Meowscarada, M|
|teampreview
|inactive|Battle timer is ON: inactive players will automatically lose when time's up. (requested by cellcrash0)
|
|t:|1776048587
|teamsize|p1|6
|teamsize|p2|6
|start
|switch|p1a: Deoxys|Deoxys-Speed|100/100
|switch|p2a: Ambipom|Ambipom, M|100/100
|-ability|p1a: Deoxys|Pressure
|turn|1
|
|t:|1776048595
|switch|p1a: Regirock|Regirock|100/100
|move|p2a: Ambipom|Fake Out|p1a: Regirock
|-resisted|p1a: Regirock
|-damage|p1a: Regirock|94/100
|
|-heal|p1a: Regirock|99/100|[from] item: Leftovers
|upkeep
|turn|2
|
|t:|1776048607
|move|p2a: Ambipom|Knock Off|p1a: Regirock
|-damage|p1a: Regirock|88/100
|-enditem|p1a: Regirock|Leftovers|[from] move: Knock Off|[of] p2a: Ambipom
|move|p1a: Regirock|Rock Blast|p2a: Ambipom
|-damage|p2a: Ambipom|85/100
|-damage|p2a: Ambipom|69/100
|-hitcount|p2a: Ambipom|2
|
|upkeep
|turn|3
|
|t:|1776048617
|move|p2a: Ambipom|U-turn|p1a: Regirock
|-damage|p1a: Regirock|78/100
|
|t:|1776048624
|switch|p2a: Meowscarada|Meowscarada, M|100/100|[from] U-turn
|move|p1a: Regirock|Drain Punch|p2a: Meowscarada
|-supereffective|p2a: Meowscarada
|-damage|p2a: Meowscarada|51/100
|-heal|p1a: Regirock|98/100|[from] drain|[of] p2a: Meowscarada
|
|upkeep
|turn|4
|
|t:|1776048633
|move|p2a: Meowscarada|Flower Trick|p1a: Regirock
|-start|p2a: Meowscarada|typechange|Grass|[from] ability: Protean
|-supereffective|p1a: Regirock
|-crit|p1a: Regirock
|-damage|p1a: Regirock|58/100
|move|p1a: Regirock|Body Press|p2a: Meowscarada
|-damage|p2a: Meowscarada|0 fnt
|faint|p2a: Meowscarada
|
|upkeep
|
|t:|1776048648
|switch|p2a: Vaporeon|Vaporeon, F|100/100
|turn|5
|
|t:|1776048654
|switch|p1a: Regice|Regice|100/100
|move|p2a: Vaporeon|Wish|p2a: Vaporeon
|
|upkeep
|turn|6
|
|t:|1776048661
|move|p2a: Vaporeon|Calm Mind|p2a: Vaporeon
|-boost|p2a: Vaporeon|spa|1
|-boost|p2a: Vaporeon|spd|1
|move|p1a: Regice|Thunder Wave|p2a: Vaporeon
|-status|p2a: Vaporeon|par
|
|upkeep
|turn|7
|
|t:|1776048674
|move|p1a: Regice|Amnesia|p1a: Regice
|-boost|p1a: Regice|spd|2
|move|p2a: Vaporeon|Calm Mind|p2a: Vaporeon
|-boost|p2a: Vaporeon|spa|1
|-boost|p2a: Vaporeon|spd|1
|
|upkeep
|turn|8
|
|t:|1776048680
|move|p1a: Regice|Amnesia|p1a: Regice
|-boost|p1a: Regice|spd|2
|move|p2a: Vaporeon|Scald|p1a: Regice
|-damage|p1a: Regice|92/100
|-status|p1a: Regice|brn
|
|-heal|p1a: Regice|98/100 brn|[from] item: Leftovers
|-damage|p1a: Regice|92/100 brn|[from] brn
|upkeep
|turn|9
|
|t:|1776048691
|switch|p2a: Blaziken|Blaziken, F|100/100
|move|p1a: Regice|Amnesia|p1a: Regice
|-boost|p1a: Regice|spd|2
|
|-heal|p1a: Regice|98/100 brn|[from] item: Leftovers
|-damage|p1a: Regice|92/100 brn|[from] brn
|upkeep
|turn|10
|
|t:|1776048710
|switch|p1a: Rampardos|Rampardos, F|100/100
|-ability|p1a: Rampardos|Mold Breaker
|move|p2a: Blaziken|Focus Energy|p2a: Blaziken
|-start|p2a: Blaziken|move: Focus Energy
|
|-ability|p2a: Blaziken|Speed Boost|boost
|-boost|p2a: Blaziken|spe|1
|upkeep
|turn|11
|
|t:|1776048721
|move|p2a: Blaziken|Protect|p2a: Blaziken
|-singleturn|p2a: Blaziken|Protect
|move|p1a: Rampardos|Earthquake|p2a: Blaziken
|-activate|p2a: Blaziken|move: Protect
|
|-ability|p2a: Blaziken|Speed Boost|boost
|-boost|p2a: Blaziken|spe|1
|upkeep
|turn|12
|
|t:|1776048731
|move|p2a: Blaziken|Aura Sphere|p1a: Rampardos
|-supereffective|p1a: Rampardos
|-crit|p1a: Rampardos
|-enditem|p1a: Rampardos|Focus Sash
|-damage|p1a: Rampardos|1/100
|move|p1a: Rampardos|Earthquake|p2a: Blaziken
|-supereffective|p2a: Blaziken
|-damage|p2a: Blaziken|0 fnt
|faint|p2a: Blaziken
|
|upkeep
|
|t:|1776048741
|switch|p2a: Kilowattrel|Kilowattrel, M|100/100
|turn|13
|
|t:|1776048746
|move|p2a: Kilowattrel|Volt Switch|p1a: Rampardos
|-damage|p1a: Rampardos|0 fnt
|faint|p1a: Rampardos
|-damage|p2a: Kilowattrel|91/100|[from] item: Life Orb
|
|t:|1776048754
|switch|p2a: Corviknight|Corviknight, F|100/100|[from] Volt Switch
|-ability|p2a: Corviknight|Pressure
|
|upkeep
|
|t:|1776048761
|switch|p1a: Hoopa|Hoopa-Unbound|100/100
|turn|14
|
|t:|1776048766
|switch|p1a: Regirock|Regirock|58/100
|move|p2a: Corviknight|U-turn|p1a: Regirock
|-damage|p1a: Regirock|52/100
|
|t:|1776048772
|switch|p2a: Vaporeon|Vaporeon, F|100/100 par|[from] U-turn
|
|upkeep
|turn|15
|
|t:|1776048784
|switch|p1a: Blissey|Blissey, F|100/100
|move|p2a: Vaporeon|Scald|p1a: Blissey
|-damage|p1a: Blissey|90/100
|-status|p1a: Blissey|brn
|
|-damage|p1a: Blissey|84/100 brn|[from] brn
|upkeep
|turn|16
|
|t:|1776048795
|move|p1a: Blissey|Stealth Rock|p2a: Vaporeon
|-sidestart|p2: rehan blukutuk|move: Stealth Rock
|cant|p2a: Vaporeon|par
|
|-damage|p1a: Blissey|78/100 brn|[from] brn
|upkeep
|turn|17
|
|t:|1776048800
|move|p1a: Blissey|Seismic Toss|p2a: Vaporeon
|-damage|p2a: Vaporeon|79/100 par
|move|p2a: Vaporeon|Calm Mind|p2a: Vaporeon
|-boost|p2a: Vaporeon|spa|1
|-boost|p2a: Vaporeon|spd|1
|
|-heal|p2a: Vaporeon|85/100 par|[from] item: Leftovers
|-damage|p1a: Blissey|72/100 brn|[from] brn
|upkeep
|turn|18
|
|t:|1776048809
|-curestatus|p1a: Blissey|brn|[from] ability: Natural Cure
|switch|p1a: Hoopa|Hoopa-Unbound|100/100
|move|p2a: Vaporeon|Calm Mind|p2a: Vaporeon
|-boost|p2a: Vaporeon|spa|1
|-boost|p2a: Vaporeon|spd|1
|
|-heal|p2a: Vaporeon|91/100 par|[from] item: Leftovers
|upkeep
|turn|19
|
|t:|1776048817
|move|p1a: Hoopa|Hyperspace Fury|p2a: Vaporeon
|-damage|p2a: Vaporeon|36/100 par
|-unboost|p1a: Hoopa|def|1
|move|p2a: Vaporeon|Wish|p2a: Vaporeon
|
|-heal|p2a: Vaporeon|42/100 par|[from] item: Leftovers
|upkeep
|turn|20
|
|t:|1776048826
|move|p2a: Vaporeon|Protect|p2a: Vaporeon
|-singleturn|p2a: Vaporeon|Protect
|move|p1a: Hoopa|Hyperspace Fury|p2a: Vaporeon
|-activate|p2a: Vaporeon|move: Hyperspace Fury|[broken]
|-damage|p2a: Vaporeon|0 fnt
|-unboost|p1a: Hoopa|def|1
|faint|p2a: Vaporeon
|
|upkeep
|
|t:|1776048835
|switch|p2a: Corviknight|Corviknight, F|100/100
|-damage|p2a: Corviknight|88/100|[from] Stealth Rock
|-ability|p2a: Corviknight|Pressure
|turn|21
|
|t:|1776048840
|switch|p1a: Regirock|Regirock|52/100
|move|p2a: Corviknight|U-turn|p1a: Regirock
|-damage|p1a: Regirock|46/100
|
|t:|1776048845
|switch|p2a: Ambipom|Ambipom, M|69/100|[from] U-turn
|-damage|p2a: Ambipom|57/100|[from] Stealth Rock
|
|upkeep
|turn|22
|
|t:|1776048850
|move|p2a: Ambipom|Fake Out|p1a: Regirock
|-resisted|p1a: Regirock
|-damage|p1a: Regirock|39/100
|cant|p1a: Regirock|flinch
|
|upkeep
|turn|23
|
|t:|1776048862
|move|p2a: Ambipom|Knock Off|p1a: Regirock
|-damage|p1a: Regirock|30/100
|move|p1a: Regirock|Drain Punch|p2a: Ambipom
|-supereffective|p2a: Ambipom
|-damage|p2a: Ambipom|0 fnt
|-heal|p1a: Regirock|53/100|[from] drain|[of] p2a: Ambipom
|faint|p2a: Ambipom
|
|upkeep
|
|t:|1776048870
|switch|p2a: Corviknight|Corviknight, F|88/100
|-damage|p2a: Corviknight|75/100|[from] Stealth Rock
|-ability|p2a: Corviknight|Pressure
|turn|24
|
|t:|1776048894
|move|p2a: Corviknight|Defog|p1a: Regirock
|-fail|p1a: Regirock|unboost|[from] ability: Clear Body|[of] p1a: Regirock
|-sideend|p2: rehan blukutuk|Stealth Rock|[from] move: Defog|[of] p2a: Corviknight
|move|p1a: Regirock|Rock Blast|p2a: Corviknight
|-damage|p2a: Corviknight|70/100
|-damage|p2a: Corviknight|64/100
|-damage|p2a: Corviknight|58/100
|-damage|p2a: Corviknight|53/100
|-hitcount|p2a: Corviknight|4
|
|-heal|p2a: Corviknight|59/100|[from] item: Leftovers
|upkeep
|turn|25
|
|t:|1776048913
|move|p2a: Corviknight|U-turn|p1a: Regirock
|-damage|p1a: Regirock|47/100
|
|t:|1776048915
|switch|p2a: Kilowattrel|Kilowattrel, M|91/100|[from] U-turn
|move|p1a: Regirock|Curse|p1a: Regirock
|-unboost|p1a: Regirock|spe|1
|-boost|p1a: Regirock|atk|1
|-boost|p1a: Regirock|def|1
|
|upkeep
|turn|26
|
|t:|1776048923
|-terastallize|p2a: Kilowattrel|Water
|move|p2a: Kilowattrel|Tera Blast|p1a: Regirock|[anim] Tera Blast Water
|-supereffective|p1a: Regirock
|-damage|p1a: Regirock|0 fnt
|faint|p1a: Regirock
|-damage|p2a: Kilowattrel|81/100|[from] item: Life Orb
|
|upkeep
|
|t:|1776048930
|switch|p1a: Regice|Regice|92/100 brn
|turn|27
|
|t:|1776048935
|move|p2a: Kilowattrel|Thunderbolt|p1a: Regice
|-damage|p1a: Regice|69/100 brn
|-damage|p2a: Kilowattrel|71/100|[from] item: Life Orb
|move|p1a: Regice|Thunder Wave|p2a: Kilowattrel
|-heal|p2a: Kilowattrel|96/100|[from] ability: Volt Absorb|[of] p1a: Regice
|
|-heal|p1a: Regice|75/100 brn|[from] item: Leftovers
|-damage|p1a: Regice|69/100 brn|[from] brn
|upkeep
|turn|28
|
|t:|1776048945
|move|p2a: Kilowattrel|Air Slash|p1a: Regice
|-damage|p1a: Regice|50/100 brn
|-damage|p2a: Kilowattrel|86/100|[from] item: Life Orb
|move|p1a: Regice|Amnesia|p1a: Regice
|-boost|p1a: Regice|spd|2
|
|-heal|p1a: Regice|56/100 brn|[from] item: Leftovers
|-damage|p1a: Regice|50/100 brn|[from] brn
|upkeep
|turn|29
|
|t:|1776048956
|move|p2a: Kilowattrel|Thunderbolt|p1a: Regice
|-damage|p1a: Regice|38/100 brn
|-damage|p2a: Kilowattrel|76/100|[from] item: Life Orb
|move|p1a: Regice|Amnesia|p1a: Regice
|-boost|p1a: Regice|spd|2
|
|-heal|p1a: Regice|44/100 brn|[from] item: Leftovers
|-damage|p1a: Regice|38/100 brn|[from] brn
|upkeep
|turn|30
|
|t:|1776048964
|move|p2a: Kilowattrel|Tera Blast|p1a: Regice|[anim] Tera Blast Water
|-damage|p1a: Regice|32/100 brn
|-damage|p2a: Kilowattrel|66/100|[from] item: Life Orb
|move|p1a: Regice|Amnesia|p1a: Regice
|-boost|p1a: Regice|spd|2
|
|-heal|p1a: Regice|38/100 brn|[from] item: Leftovers
|-damage|p1a: Regice|32/100 brn|[from] brn
|upkeep
|turn|31
|
|t:|1776048977
|move|p1a: Regice|Protect|p1a: Regice
|-singleturn|p1a: Regice|Protect
|move|p2a: Kilowattrel|Tera Blast|p1a: Regice|[anim] Tera Blast Water
|-activate|p1a: Regice|move: Protect
|
|-heal|p1a: Regice|38/100 brn|[from] item: Leftovers
|-damage|p1a: Regice|32/100 brn|[from] brn
|upkeep
|turn|32
|
|t:|1776048985
|move|p2a: Kilowattrel|Tera Blast|p1a: Regice|[anim] Tera Blast Water
|-damage|p1a: Regice|26/100 brn
|-damage|p2a: Kilowattrel|56/100|[from] item: Life Orb
|move|p1a: Regice|Ice Beam|p2a: Kilowattrel
|-resisted|p2a: Kilowattrel
|-damage|p2a: Kilowattrel|27/100
|
|-heal|p1a: Regice|32/100 brn|[from] item: Leftovers
|-damage|p1a: Regice|26/100 brn|[from] brn
|upkeep
|turn|33
|
|t:|1776049000
|move|p2a: Kilowattrel|Volt Switch|p1a: Regice
|-damage|p1a: Regice|21/100 brn
|-damage|p2a: Kilowattrel|17/100|[from] item: Life Orb
|
|t:|1776049004
|switch|p2a: Corviknight|Corviknight, F|59/100|[from] Volt Switch
|-ability|p2a: Corviknight|Pressure
|move|p1a: Regice|Ice Beam|p2a: Corviknight
|-damage|p2a: Corviknight|28/100
|
|-heal|p2a: Corviknight|34/100|[from] item: Leftovers
|-heal|p1a: Regice|27/100 brn|[from] item: Leftovers
|-damage|p1a: Regice|21/100 brn|[from] brn
|upkeep
|turn|34
|inactive|cellcrash0 has 120 seconds left.
|inactive|cellcrash0 has 90 seconds left.
|
|t:|1776049084
|move|p2a: Corviknight|Steel Wing|p1a: Regice
|-supereffective|p1a: Regice
|-damage|p1a: Regice|0 fnt
|faint|p1a: Regice
|
|-heal|p2a: Corviknight|41/100|[from] item: Leftovers
|upkeep
|
|t:|1776049090
|switch|p1a: Hoopa|Hoopa-Unbound|100/100
|turn|35
|
|t:|1776049095
|move|p1a: Hoopa|Hyperspace Fury|p2a: Corviknight
|-damage|p2a: Corviknight|0 fnt
|-unboost|p1a: Hoopa|def|1
|faint|p2a: Corviknight
|
|upkeep
|
|t:|1776049102
|switch|p2a: Kilowattrel|Kilowattrel, M, tera:Water|17/100
|turn|36
|
|t:|1776049105
|move|p2a: Kilowattrel|Tera Blast|p1a: Hoopa|[anim] Tera Blast Water
|-damage|p1a: Hoopa|74/100
|-damage|p2a: Kilowattrel|7/100|[from] item: Life Orb
|move|p1a: Hoopa|Psychic|p2a: Kilowattrel
|-damage|p2a: Kilowattrel|0 fnt
|faint|p2a: Kilowattrel
|
|win|cellcrash0
|raw|cellcrash0's rating: 1158 &rarr; <strong>1180</strong><br />(+22 for winning)
|raw|rehan blukutuk's rating: 1111 &rarr; <strong>1089</strong><br />(-22 for losing)
|l|☆cellcrash0
|player|p1|
|l|☆rehan blukutuk
|player|p2|
