|html|<div class="broadcast-blue"><strong>[Gen 9] OU is currently suspecting Tera Blast! For information on how to participate check out the <a href="https://www.smogon.com/tools/suspects/view/200">suspect thread</a>.</strong></div>
|j|☆tbw114514
|j|☆Aeybees
|t:|1776078389
|gametype|singles
|player|p1|tbw114514|266|1529
|player|p2|Aeybees|scientist|1431
|gen|9
|tier|[Gen 9] OU
|rated|
|rule|HP Percentage Mod: HP is shown in percentages
|rule|Endless Battle Clause: Forcing endless battles is banned
|rule|Species Clause: Limit one of each Pokémon
|rule|OHKO Clause: OHKO moves are banned
|rule|Evasion Items Clause: Evasion items are banned
|rule|Evasion Moves Clause: Evasion moves are banned
|rule|Evasion Abilities Clause: Evasion abilities are banned
|rule|Sleep Moves Clause: Sleep-inducing moves are banned
|clearpoke
|poke|p1|Tyranitar, F|
|poke|p1|Keldeo-Resolute|
|poke|p1|Heatran, F|
|poke|p1|Excadrill, M|
|poke|p1|Vileplume, F|
|poke|p1|Moltres|
|poke|p2|Dragonite, F|
|poke|p2|Zamazenta-*|
|poke|p2|Gholdengo|
|poke|p2|Deoxys-Speed|
|poke|p2|Great Tusk|
|poke|p2|Glimmora, F|
|teampreview
|inactive|Battle timer is ON: inactive players will automatically lose when time's up. (requested by Aeybees)
|
|t:|1776078405
|teamsize|p1|6
|teamsize|p2|6
|start
|switch|p1a: 听话，让我看看|Tyranitar, F|100/100
|switch|p2a: Zamazenta|Zamazenta|100/100
|-ability|p2a: Zamazenta|Dauntless Shield|boost
|-boost|p2a: Zamazenta|def|1
|-weather|Sandstorm|[from] ability: Sand Stream|[of] p1a: 听话，让我看看
|turn|1
|
|t:|1776078413
|switch|p2a: Glimmora|Glimmora, F|100/100
|switch|p1a: 外翻玫瑰|Vileplume, F|100/100
|
|-weather|Sandstorm|[upkeep]
|-damage|p1a: 外翻玫瑰|94/100|[from] Sandstorm
|upkeep
|turn|2
|
|t:|1776078423
|switch|p1a: 云宝我要进来了哦|Keldeo-Resolute|100/100
|move|p2a: Glimmora|Meteor Beam||[still]
|-prepare|p2a: Glimmora|Meteor Beam
|-boost|p2a: Glimmora|spa|1
|-enditem|p2a: Glimmora|Power Herb
|-anim|p2a: Glimmora|Meteor Beam|p1a: 云宝我要进来了哦
|-resisted|p1a: 云宝我要进来了哦
|-damage|p1a: 云宝我要进来了哦|51/100
|
|-weather|Sandstorm|[upkeep]
|-damage|p1a: 云宝我要进来了哦|45/100|[from] Sandstorm
|upkeep
|turn|3
|
|t:|1776078440
|switch|p2a: Deoxys|Deoxys-Speed|100/100
|-ability|p2a: Deoxys|Pressure
|move|p1a: 云宝我要进来了哦|Surf|p2a: Deoxys
|-damage|p2a: Deoxys|17/100
|-enditem|p2a: Deoxys|Red Card|[of] p1a: 云宝我要进来了哦
|drag|p1a: moleman|Excadrill, M|100/100
|
|-weather|Sandstorm|[upkeep]
|-damage|p2a: Deoxys|11/100|[from] Sandstorm
|upkeep
|turn|4
|
|t:|1776078452
|move|p1a: moleman|Iron Head|p2a: Deoxys
|-damage|p2a: Deoxys|0 fnt
|faint|p2a: Deoxys
|
|-weather|Sandstorm|[upkeep]
|upkeep
|
|t:|1776078464
|switch|p2a: Great Tusk|Great Tusk|100/100
|-enditem|p2a: Great Tusk|Booster Energy
|-activate|p2a: Great Tusk|ability: Protosynthesis|[fromitem]
|-start|p2a: Great Tusk|protosynthesisatk
|turn|5
|
|t:|1776078474
|switch|p1a: 大烧鸡罢|Moltres|100/100
|move|p2a: Great Tusk|Bulk Up|p2a: Great Tusk
|-boost|p2a: Great Tusk|atk|1
|-boost|p2a: Great Tusk|def|1
|
|-weather|none
|upkeep
|turn|6
|
|t:|1776078482
|move|p2a: Great Tusk|Ice Spinner|p1a: 大烧鸡罢
|-damage|p1a: 大烧鸡罢|54/100
|move|p1a: 大烧鸡罢|U-turn|p2a: Great Tusk
|-resisted|p2a: Great Tusk
|-damage|p2a: Great Tusk|97/100
|
|t:|1776078488
|switch|p1a: 外翻玫瑰|Vileplume, F|94/100|[from] U-turn
|
|upkeep
|turn|7
|
|t:|1776078497
|move|p2a: Great Tusk|Ice Spinner|p1a: 外翻玫瑰
|-supereffective|p1a: 外翻玫瑰
|-damage|p1a: 外翻玫瑰|5/100
|-status|p2a: Great Tusk|slp|[from] ability: Effect Spore|[of] p1a: 外翻玫瑰
|move|p1a: 外翻玫瑰|Strength Sap|p2a: Great Tusk
|-unboost|p2a: Great Tusk|atk|1
|-heal|p1a: 外翻玫瑰|100/100
|
|upkeep
|turn|8
|
|t:|1776078512
|switch|p1a: 肛炎巨受|Heatran, F|100/100
|cant|p2a: Great Tusk|slp
|
|upkeep
|turn|9
|
|t:|1776078526
|cant|p2a: Great Tusk|slp
|move|p1a: 肛炎巨受|Magma Storm|p2a: Great Tusk
|-damage|p2a: Great Tusk|38/100 slp
|-activate|p2a: Great Tusk|move: Magma Storm|[of] p1a: 肛炎巨受
|
|-damage|p2a: Great Tusk|26/100 slp|[from] move: Magma Storm|[partiallytrapped]
|upkeep
|turn|10
|
|t:|1776078533
|switch|p1a: 大烧鸡罢|Moltres|54/100
|-curestatus|p2a: Great Tusk|slp|[msg]
|move|p2a: Great Tusk|Headlong Rush|p1a: 大烧鸡罢
|-immune|p1a: 大烧鸡罢
|
|-end|p2a: Great Tusk|Magma Storm|[partiallytrapped]|[silent]
|upkeep
|turn|11
|
|t:|1776078542
|move|p2a: Great Tusk|Ice Spinner|p1a: 大烧鸡罢
|-damage|p1a: 大烧鸡罢|27/100
|move|p1a: 大烧鸡罢|Flamethrower|p2a: Great Tusk
|-damage|p2a: Great Tusk|0 fnt
|faint|p2a: Great Tusk
|-end|p2a: Great Tusk|Protosynthesis|[silent]
|
|upkeep
|
|t:|1776078561
|switch|p2a: Glimmora|Glimmora, F|100/100
|turn|12
|
|t:|1776078575
|switch|p1a: moleman|Excadrill, M|100/100
|move|p2a: Glimmora|Earth Power|p1a: moleman
|-supereffective|p1a: moleman
|-damage|p1a: moleman|47/100
|
|upkeep
|turn|13
|
|t:|1776078590
|switch|p1a: 听话，让我看看|Tyranitar, F|100/100
|-weather|Sandstorm|[from] ability: Sand Stream|[of] p1a: 听话，让我看看
|move|p2a: Glimmora|Earth Power|p1a: 听话，让我看看
|-supereffective|p1a: 听话，让我看看
|-damage|p1a: 听话，让我看看|57/100
|
|-weather|Sandstorm|[upkeep]
|upkeep
|turn|14
|
|t:|1776078601
|move|p2a: Glimmora|Earth Power|p1a: 听话，让我看看
|-supereffective|p1a: 听话，让我看看
|-damage|p1a: 听话，让我看看|12/100
|move|p1a: 听话，让我看看|Stone Edge|p2a: Glimmora|[miss]
|-miss|p1a: 听话，让我看看|p2a: Glimmora
|
|-weather|Sandstorm|[upkeep]
|upkeep
|turn|15
|
|t:|1776078615
|move|p2a: Glimmora|Power Gem|p1a: 听话，让我看看
|-damage|p1a: 听话，让我看看|0 fnt
|faint|p1a: 听话，让我看看
|
|-weather|Sandstorm|[upkeep]
|upkeep
|
|t:|1776078621
|switch|p1a: 云宝我要进来了哦|Keldeo-Resolute|45/100
|turn|16
|
|t:|1776078629
|move|p1a: 云宝我要进来了哦|Surf|p2a: Glimmora
|-supereffective|p2a: Glimmora
|-damage|p2a: Glimmora|0 fnt
|faint|p2a: Glimmora
|
|-weather|Sandstorm|[upkeep]
|-damage|p1a: 云宝我要进来了哦|39/100|[from] Sandstorm
|upkeep
|
|t:|1776078646
|switch|p2a: Gholdengo|Gholdengo|100/100
|turn|17
|
|t:|1776078655
|move|p2a: Gholdengo|Shadow Ball|p1a: 云宝我要进来了哦
|-damage|p1a: 云宝我要进来了哦|0 fnt
|faint|p1a: 云宝我要进来了哦
|
|-weather|none
|upkeep
|
|t:|1776078659
|switch|p1a: 肛炎巨受|Heatran, F|100/100
|turn|18
|
|t:|1776078670
|switch|p2a: Zamazenta|Zamazenta|100/100
|move|p1a: 肛炎巨受|Stealth Rock|p2a: Zamazenta
|-sidestart|p2: Aeybees|move: Stealth Rock
|
|upkeep
|turn|19
|
|t:|1776078680
|switch|p1a: 外翻玫瑰|Vileplume, F|100/100
|move|p2a: Zamazenta|Body Press|p1a: 外翻玫瑰
|-resisted|p1a: 外翻玫瑰
|-damage|p1a: 外翻玫瑰|88/100
|-status|p2a: Zamazenta|slp|[from] ability: Effect Spore|[of] p1a: 外翻玫瑰
|
|upkeep
|turn|20
|
|t:|1776078694
|switch|p2a: Gholdengo|Gholdengo|100/100
|-damage|p2a: Gholdengo|94/100|[from] Stealth Rock
|switch|p1a: 肛炎巨受|Heatran, F|100/100
|
|upkeep
|turn|21
|
|t:|1776078707
|move|p2a: Gholdengo|Shadow Ball|p1a: 肛炎巨受
|-damage|p1a: 肛炎巨受|75/100
|move|p1a: 肛炎巨受|Magma Storm|p2a: Gholdengo
|-supereffective|p2a: Gholdengo
|-damage|p2a: Gholdengo|0 fnt
|faint|p2a: Gholdengo
|
|-heal|p1a: 肛炎巨受|82/100|[from] item: Leftovers
|upkeep
|
|t:|1776078715
|switch|p2a: Dragonite|Dragonite, F|100/100
|turn|22
|
|t:|1776078721
|move|p2a: Dragonite|Dragon Dance|p2a: Dragonite
|-boost|p2a: Dragonite|atk|1
|-boost|p2a: Dragonite|spe|1
|move|p1a: 肛炎巨受|Taunt|p2a: Dragonite
|-start|p2a: Dragonite|move: Taunt
|
|-heal|p1a: 肛炎巨受|88/100|[from] item: Leftovers
|upkeep
|turn|23
|
|t:|1776078731
|switch|p1a: 大烧鸡罢|Moltres|27/100
|move|p2a: Dragonite|Earthquake|p1a: 大烧鸡罢
|-immune|p1a: 大烧鸡罢
|
|upkeep
|turn|24
|
|t:|1776078736
|move|p2a: Dragonite|Extreme Speed|p1a: 大烧鸡罢
|-damage|p1a: 大烧鸡罢|0 fnt
|faint|p1a: 大烧鸡罢
|
|upkeep
|
|t:|1776078741
|switch|p1a: 外翻玫瑰|Vileplume, F|88/100
|turn|25
|
|t:|1776078747
|move|p2a: Dragonite|Earthquake|p1a: 外翻玫瑰
|-damage|p1a: 外翻玫瑰|45/100
|move|p1a: 外翻玫瑰|Strength Sap|p2a: Dragonite
|-unboost|p2a: Dragonite|atk|1
|-heal|p1a: 外翻玫瑰|100/100
|
|-end|p2a: Dragonite|move: Taunt
|upkeep
|turn|26
|
|t:|1776078759
|move|p2a: Dragonite|Dragon Dance|p2a: Dragonite
|-boost|p2a: Dragonite|atk|1
|-boost|p2a: Dragonite|spe|1
|move|p1a: 外翻玫瑰|Toxic|p2a: Dragonite
|-status|p2a: Dragonite|tox
|
|-damage|p2a: Dragonite|94/100 tox|[from] psn
|upkeep
|turn|27
|
|t:|1776078766
|move|p2a: Dragonite|Dragon Dance|p2a: Dragonite
|-boost|p2a: Dragonite|atk|1
|-boost|p2a: Dragonite|spe|1
|move|p1a: 外翻玫瑰|Strength Sap|p2a: Dragonite
|-unboost|p2a: Dragonite|atk|1
|
|-damage|p2a: Dragonite|82/100 tox|[from] psn
|upkeep
|turn|28
|
|t:|1776078775
|switch|p2a: Zamazenta|Zamazenta|100/100 slp
|-damage|p2a: Zamazenta|94/100 slp|[from] Stealth Rock
|move|p1a: 外翻玫瑰|Strength Sap|p2a: Zamazenta
|-unboost|p2a: Zamazenta|atk|1
|
|-heal|p2a: Zamazenta|100/100 slp|[from] item: Leftovers
|upkeep
|turn|29
|
|t:|1776078786
|cant|p2a: Zamazenta|slp
|move|p1a: 外翻玫瑰|Sludge Bomb|p2a: Zamazenta
|-damage|p2a: Zamazenta|68/100 slp
|
|-heal|p2a: Zamazenta|74/100 slp|[from] item: Leftovers
|upkeep
|turn|30
|
|t:|1776078792
|-curestatus|p2a: Zamazenta|slp|[msg]
|move|p2a: Zamazenta|Body Press|p1a: 外翻玫瑰
|-resisted|p1a: 外翻玫瑰
|-damage|p1a: 外翻玫瑰|88/100
|move|p1a: 外翻玫瑰|Grass Knot|p2a: Zamazenta
|-damage|p2a: Zamazenta|32/100
|
|-heal|p2a: Zamazenta|38/100|[from] item: Leftovers
|upkeep
|turn|31
|
|t:|1776078808
|move|p2a: Zamazenta|Crunch|p1a: 外翻玫瑰
|-damage|p1a: 外翻玫瑰|75/100
|-unboost|p1a: 外翻玫瑰|def|1
|move|p1a: 外翻玫瑰|Strength Sap|p2a: Zamazenta
|-unboost|p2a: Zamazenta|atk|1
|-heal|p1a: 外翻玫瑰|100/100
|
|-heal|p2a: Zamazenta|44/100|[from] item: Leftovers
|upkeep
|turn|32
|
|t:|1776078817
|move|p2a: Zamazenta|Crunch|p1a: 外翻玫瑰
|-damage|p1a: 外翻玫瑰|85/100
|-status|p2a: Zamazenta|slp|[from] ability: Effect Spore|[of] p1a: 外翻玫瑰
|move|p1a: 外翻玫瑰|Grass Knot|p2a: Zamazenta
|-damage|p2a: Zamazenta|4/100 slp
|
|-heal|p2a: Zamazenta|10/100 slp|[from] item: Leftovers
|upkeep
|turn|33
|
|t:|1776078827
|cant|p2a: Zamazenta|slp
|move|p1a: 外翻玫瑰|Sludge Bomb|p2a: Zamazenta
|-crit|p2a: Zamazenta
|-damage|p2a: Zamazenta|0 fnt
|faint|p2a: Zamazenta
|
|upkeep
|
|t:|1776078833
|switch|p2a: Dragonite|Dragonite, F|82/100 tox
|turn|34
|
|t:|1776078838
|move|p2a: Dragonite|Dragon Dance|p2a: Dragonite
|-boost|p2a: Dragonite|atk|1
|-boost|p2a: Dragonite|spe|1
|move|p1a: 外翻玫瑰|Strength Sap|p2a: Dragonite
|-unboost|p2a: Dragonite|atk|1
|-heal|p1a: 外翻玫瑰|100/100
|
|-damage|p2a: Dragonite|76/100 tox|[from] psn
|upkeep
|turn|35
|
|t:|1776078851
|move|p2a: Dragonite|Earthquake|p1a: 外翻玫瑰
|-damage|p1a: 外翻玫瑰|52/100
|move|p1a: 外翻玫瑰|Strength Sap|p2a: Dragonite
|-unboost|p2a: Dragonite|atk|1
|-heal|p1a: 外翻玫瑰|100/100
|
|-damage|p2a: Dragonite|63/100 tox|[from] psn
|upkeep
|turn|36
|-message|Aeybees forfeited.
|
|win|tbw114514
|raw|tbw114514's rating: 1529 &rarr; <strong>1544</strong><br />(+15 for winning)
|raw|Aeybees's rating: 1431 &rarr; <strong>1416</strong><br />(-15 for losing)
|l|☆Aeybees
|player|p2|
|l|☆tbw114514
|player|p1|
