|html|<div class="broadcast-blue"><strong>[Gen 9] OU is currently suspecting Volcarona! For information on how to participate check out the <a href="https://www.smogon.com/tools/suspects/view/208">suspect thread</a>.</strong></div>
|j|☆420zamiroule
|j|☆newbiegurl
|t:|1778506417
|gametype|singles
|player|p1|420zamiroule|265|1086
|player|p2|newbiegurl|pokekid|1098
|gen|9
|tier|[Gen 9] OU
|rated|
|rule|HP Percentage Mod: HP is shown in percentages
|rule|Endless Battle Clause: Forcing endless battles is banned
|rule|Species Clause: Limit one of each Pokémon
|rule|OHKO Clause: OHKO moves are banned
|rule|Evasion Items Clause: Evasion items are banned
|rule|Evasion Moves Clause: Evasion moves are banned
|rule|Evasion Abilities Clause: Evasion abilities are banned
|rule|Sleep Moves Clause: Sleep-inducing moves are banned
|clearpoke
|poke|p1|Jirachi|
|poke|p1|Magnezone|
|poke|p1|Zapdos|
|poke|p1|Ursaluna, F|
|poke|p1|Glimmora, M|
|poke|p1|Hoopa-Unbound|
|poke|p2|Toxtricity, F|
|poke|p2|Maushold|
|poke|p2|Mimikyu, F|
|poke|p2|Serperior, F|
|poke|p2|Scrafty, F|
|poke|p2|Lycanroc-Midnight, F|
|teampreview
|inactive|Battle timer is ON: inactive players will automatically lose when time's up. (requested by 420zamiroule)
|
|t:|1778506425
|teamsize|p1|6
|teamsize|p2|6
|start
|switch|p1a: Glimmora|Glimmora, M|100/100
|switch|p2a: Toxtricity|Toxtricity, F|100/100
|turn|1
|
|t:|1778506438
|move|p1a: Glimmora|Stealth Rock|p2a: Toxtricity
|-sidestart|p2: newbiegurl|move: Stealth Rock
|move|p2a: Toxtricity|Thunder|p1a: Glimmora
|-damage|p1a: Glimmora|31/100
|
|upkeep
|turn|2
|
|t:|1778506446
|move|p1a: Glimmora|Power Gem|p2a: Toxtricity
|-damage|p2a: Toxtricity|42/100
|move|p2a: Toxtricity|Thunder|p1a: Glimmora|[miss]
|-miss|p2a: Toxtricity|p1a: Glimmora
|
|-heal|p2a: Toxtricity|48/100|[from] item: Black Sludge
|upkeep
|turn|3
|
|t:|1778506460
|move|p1a: Glimmora|Power Gem|p2a: Toxtricity
|-damage|p2a: Toxtricity|0 fnt
|faint|p2a: Toxtricity
|
|upkeep
|
|t:|1778506469
|switch|p2a: Scrafty|Scrafty, F|100/100
|-damage|p2a: Scrafty|95/100|[from] Stealth Rock
|turn|4
|
|t:|1778506477
|move|p1a: Glimmora|Power Gem|p2a: Scrafty
|-resisted|p2a: Scrafty
|-damage|p2a: Scrafty|77/100
|move|p2a: Scrafty|Dragon Pulse|p1a: Glimmora
|-damage|p1a: Glimmora|16/100
|
|upkeep
|turn|5
|
|t:|1778506485
|move|p1a: Glimmora|Earth Power|p2a: Scrafty
|-damage|p2a: Scrafty|48/100
|move|p2a: Scrafty|Close Combat|p1a: Glimmora
|-damage|p1a: Glimmora|0 fnt
|-unboost|p2a: Scrafty|def|1
|-unboost|p2a: Scrafty|spd|1
|-activate|p1a: Glimmora|ability: Toxic Debris
|-sidestart|p2: newbiegurl|move: Toxic Spikes
|faint|p1a: Glimmora
|-ability|p2a: Scrafty|Moxie|boost
|-boost|p2a: Scrafty|atk|1
|
|upkeep
|
|t:|1778506498
|switch|p1a: Ursaluna|Ursaluna, F|100/100
|turn|6
|
|t:|1778506504
|-terastallize|p1a: Ursaluna|Ghost
|move|p1a: Ursaluna|Swords Dance|p1a: Ursaluna
|-boost|p1a: Ursaluna|atk|2
|move|p2a: Scrafty|Close Combat|p1a: Ursaluna
|-immune|p1a: Ursaluna
|
|-status|p1a: Ursaluna|brn|[from] item: Flame Orb
|upkeep
|turn|7
|
|t:|1778506524
|switch|p2a: Serperior|Serperior, F|100/100
|-damage|p2a: Serperior|88/100|[from] Stealth Rock
|-status|p2a: Serperior|psn
|move|p1a: Ursaluna|Facade|p2a: Serperior
|-damage|p2a: Serperior|0 fnt
|faint|p2a: Serperior
|
|-damage|p1a: Ursaluna|94/100 brn|[from] brn
|upkeep
|
|t:|1778506536
|switch|p2a: Mimikyu|Mimikyu, F, shiny|100/100
|-damage|p2a: Mimikyu|88/100|[from] Stealth Rock
|-status|p2a: Mimikyu|psn
|turn|8
|
|t:|1778506543
|move|p2a: Mimikyu|Shadow Sneak|p1a: Ursaluna
|-supereffective|p1a: Ursaluna
|-damage|p1a: Ursaluna|63/100 brn
|-damage|p2a: Mimikyu|78/100 psn|[from] item: Life Orb
|move|p1a: Ursaluna|Earthquake|p2a: Mimikyu
|-activate|p2a: Mimikyu|ability: Disguise
|-damage|p2a: Mimikyu|78/100 psn
|detailschange|p2a: Mimikyu|Mimikyu-Busted, F, shiny
|-damage|p2a: Mimikyu|66/100 psn|[from] pokemon: Mimikyu-Busted
|
|-damage|p2a: Mimikyu|53/100 psn|[from] psn
|-damage|p1a: Ursaluna|57/100 brn|[from] brn
|upkeep
|turn|9
|
|t:|1778506559
|-terastallize|p2a: Mimikyu|Ghost
|move|p2a: Mimikyu|Shadow Sneak|p1a: Ursaluna
|-supereffective|p1a: Ursaluna
|-crit|p1a: Ursaluna
|-damage|p1a: Ursaluna|0 fnt
|faint|p1a: Ursaluna
|-damage|p2a: Mimikyu|44/100 psn|[from] item: Life Orb
|
|-damage|p2a: Mimikyu|31/100 psn|[from] psn
|upkeep
|
|t:|1778506567
|switch|p1a: Jirachi|Jirachi|100/100
|turn|10
|
|t:|1778506573
|move|p2a: Mimikyu|Shadow Sneak|p1a: Jirachi
|-supereffective|p1a: Jirachi
|-damage|p1a: Jirachi|42/100
|-damage|p2a: Mimikyu|21/100 psn|[from] item: Life Orb
|move|p1a: Jirachi|Gravity|p1a: Jirachi
|-fieldstart|move: Gravity
|
|-damage|p2a: Mimikyu|9/100 psn|[from] psn
|upkeep
|turn|11
|
|t:|1778506581
|switch|p1a: Zapdos|Zapdos|100/100
|move|p2a: Mimikyu|Shadow Sneak|p1a: Zapdos
|-damage|p1a: Zapdos|65/100
|-damage|p2a: Mimikyu|0 fnt|[from] item: Life Orb
|faint|p2a: Mimikyu
|
|upkeep
|
|t:|1778506589
|switch|p2a: Maushold|Maushold, shiny|100/100
|-damage|p2a: Maushold|88/100|[from] Stealth Rock
|-status|p2a: Maushold|psn
|turn|12
|
|t:|1778506594
|move|p2a: Maushold|Tidy Up|p2a: Maushold
|-sideend|p2: newbiegurl|Toxic Spikes
|-sideend|p2: newbiegurl|Stealth Rock
|-activate|p2a: Maushold|move: Tidy Up
|-boost|p2a: Maushold|atk|1
|-boost|p2a: Maushold|spe|1
|move|p1a: Zapdos|Thunder|p2a: Maushold
|-damage|p2a: Maushold|5/100 psn
|
|-damage|p2a: Maushold|0 fnt|[from] psn
|faint|p2a: Maushold
|upkeep
|
|t:|1778506604
|switch|p2a: Lycanroc|Lycanroc-Midnight, F, shiny|100/100
|turn|13
|
|t:|1778506614
|move|p1a: Zapdos|Weather Ball|p2a: Lycanroc
|-resisted|p2a: Lycanroc
|-damage|p2a: Lycanroc|89/100
|move|p2a: Lycanroc|Double-Edge|p1a: Zapdos
|-damage|p1a: Zapdos|15/100
|-damage|p2a: Lycanroc|72/100|[from] Recoil
|
|upkeep
|turn|14
|
|t:|1778506623
|move|p1a: Zapdos|Thunder|p2a: Lycanroc
|-damage|p2a: Lycanroc|0 fnt
|faint|p2a: Lycanroc
|
|-fieldend|move: Gravity
|upkeep
|
|t:|1778506628
|switch|p2a: Scrafty|Scrafty, F|48/100
|turn|15
|
|t:|1778506634
|move|p1a: Zapdos|Hurricane|p2a: Scrafty
|-supereffective|p2a: Scrafty
|-damage|p2a: Scrafty|0 fnt
|faint|p2a: Scrafty
|
|win|420zamiroule
|raw|420zamiroule's rating: 1086 &rarr; <strong>1114</strong><br />(+28 for winning)
|raw|newbiegurl's rating: 1098 &rarr; <strong>1072</strong><br />(-26 for losing)
|l|☆newbiegurl
|player|p2|
|l|☆420zamiroule
|player|p1|
