|html|<div class="broadcast-blue"><strong>[Gen 9] OU is currently suspecting Tera Blast! For information on how to participate check out the <a href="https://www.smogon.com/tools/suspects/view/200">suspect thread</a>.</strong></div>
|j|☆ihartpits
|j|☆Megachamp100
|t:|1776069598
|gametype|singles
|player|p1|ihartpits|2|1172
|player|p2|Megachamp100|2|1124
|gen|9
|tier|[Gen 9] OU
|rated|
|rule|HP Percentage Mod: HP is shown in percentages
|rule|Endless Battle Clause: Forcing endless battles is banned
|rule|Species Clause: Limit one of each Pokémon
|rule|OHKO Clause: OHKO moves are banned
|rule|Evasion Items Clause: Evasion items are banned
|rule|Evasion Moves Clause: Evasion moves are banned
|rule|Evasion Abilities Clause: Evasion abilities are banned
|rule|Sleep Moves Clause: Sleep-inducing moves are banned
|clearpoke
|poke|p1|Ninetales, F|
|poke|p1|Walking Wake|
|poke|p1|Moltres|
|poke|p1|Meowscarada, M|
|poke|p1|Great Tusk|
|poke|p1|Hatterene, F|
|poke|p2|Florges, F|
|poke|p2|Coalossal, M|
|poke|p2|Staraptor, M|
|poke|p2|Swampert, M|
|poke|p2|Haxorus, M|
|poke|p2|Porygon|
|teampreview
|
|t:|1776069608
|teamsize|p1|6
|teamsize|p2|6
|start
|switch|p1a: Ninetales|Ninetales, F|100/100
|switch|p2a: Coalossal|Coalossal, M, shiny|100/100
|-weather|SunnyDay|[from] ability: Drought|[of] p1a: Ninetales
|turn|1
|
|t:|1776069622
|switch|p1a: Great Tusk|Great Tusk|100/100
|-activate|p1a: Great Tusk|ability: Protosynthesis
|-start|p1a: Great Tusk|protosynthesisatk
|-terastallize|p2a: Coalossal|Fairy
|move|p2a: Coalossal|Power Gem|p1a: Great Tusk
|-resisted|p1a: Great Tusk
|-crit|p1a: Great Tusk
|-damage|p1a: Great Tusk|86/100
|
|-weather|SunnyDay|[upkeep]
|upkeep
|turn|2
|
|t:|1776069654
|move|p1a: Great Tusk|Headlong Rush|p2a: Coalossal
|-damage|p2a: Coalossal|55/100
|-unboost|p1a: Great Tusk|def|1
|-unboost|p1a: Great Tusk|spd|1
|move|p2a: Coalossal|Will-O-Wisp|p1a: Great Tusk
|-status|p1a: Great Tusk|brn
|
|-weather|SunnyDay|[upkeep]
|-damage|p1a: Great Tusk|80/100 brn|[from] brn
|upkeep
|turn|3
|
|t:|1776069664
|switch|p2a: Swampert|Swampert, M, shiny|100/100
|move|p1a: Great Tusk|Headlong Rush|p2a: Swampert
|-crit|p2a: Swampert
|-damage|p2a: Swampert|56/100
|-unboost|p1a: Great Tusk|def|1
|-unboost|p1a: Great Tusk|spd|1
|
|-weather|SunnyDay|[upkeep]
|-heal|p2a: Swampert|63/100|[from] item: Leftovers
|-damage|p1a: Great Tusk|74/100 brn|[from] brn
|upkeep
|turn|4
|
|t:|1776069676
|-end|p1a: Great Tusk|Protosynthesis|[silent]
|switch|p1a: Meowscarada|Meowscarada, M|100/100
|move|p2a: Swampert|Flip Turn|p1a: Meowscarada
|-resisted|p1a: Meowscarada
|-damage|p1a: Meowscarada|92/100
|
|t:|1776069693
|switch|p2a: Coalossal|Coalossal, M, shiny, tera:Fairy|55/100|[from] Flip Turn
|
|-weather|SunnyDay|[upkeep]
|upkeep
|turn|5
|
|t:|1776069704
|move|p1a: Meowscarada|U-turn|p2a: Coalossal
|-start|p1a: Meowscarada|typechange|Bug|[from] ability: Protean
|-resisted|p2a: Coalossal
|-damage|p2a: Coalossal|47/100
|
|t:|1776069713
|switch|p1a: Ninetales|Ninetales, F|100/100|[from] U-turn
|move|p2a: Coalossal|Body Press|p1a: Ninetales
|-damage|p1a: Ninetales|56/100
|
|-weather|none
|upkeep
|turn|6
|
|t:|1776069723
|move|p1a: Ninetales|Overheat|p2a: Coalossal
|-damage|p2a: Coalossal|5/100
|-unboost|p1a: Ninetales|spa|2
|move|p2a: Coalossal|Body Press|p1a: Ninetales
|-damage|p1a: Ninetales|11/100
|
|upkeep
|turn|7
|
|t:|1776069732
|move|p1a: Ninetales|Overheat|p2a: Coalossal
|-damage|p2a: Coalossal|0 fnt
|-unboost|p1a: Ninetales|spa|2
|faint|p2a: Coalossal
|
|upkeep
|
|t:|1776069741
|switch|p2a: Florges|Florges, F, shiny|100/100
|turn|8
|
|t:|1776069764
|switch|p1a: Hatterene|Hatterene, F, shiny|100/100
|move|p2a: Florges|Moonblast|p1a: Hatterene
|-damage|p1a: Hatterene|67/100
|-enditem|p1a: Hatterene|Eject Button
|
|t:|1776069767
|switch|p1a: Ninetales|Ninetales, F|11/100
|-weather|SunnyDay|[from] ability: Drought|[of] p1a: Ninetales
|
|-weather|SunnyDay|[upkeep]
|upkeep
|turn|9
|
|t:|1776069779
|switch|p1a: Moltres|Moltres|100/100
|move|p2a: Florges|Moonblast|p1a: Moltres
|-resisted|p1a: Moltres
|-damage|p1a: Moltres|81/100
|-unboost|p1a: Moltres|spa|1
|
|-weather|SunnyDay|[upkeep]
|upkeep
|turn|10
|
|t:|1776069809
|move|p1a: Moltres|Flamethrower|p2a: Florges
|-damage|p2a: Florges|80/100
|move|p2a: Florges|Trick|p1a: Moltres
|-activate|p2a: Florges|move: Trick|[of] p1a: Moltres
|-item|p1a: Moltres|Lagging Tail|[from] move: Trick
|-item|p2a: Florges|Heavy-Duty Boots|[from] move: Trick
|
|-weather|SunnyDay|[upkeep]
|upkeep
|turn|11
|
|t:|1776069850
|move|p2a: Florges|Psychic Noise|p1a: Moltres
|-damage|p1a: Moltres|60/100
|-start|p1a: Moltres|move: Heal Block
|move|p1a: Moltres|U-turn|p2a: Florges
|-resisted|p2a: Florges
|-damage|p2a: Florges|71/100
|
|t:|1776069853
|switch|p1a: Walking Wake|Walking Wake|100/100|[from] U-turn
|-activate|p1a: Walking Wake|ability: Protosynthesis
|-start|p1a: Walking Wake|protosynthesisspe
|
|-weather|SunnyDay|[upkeep]
|upkeep
|turn|12
|
|t:|1776069892
|-terastallize|p1a: Walking Wake|Water
|move|p1a: Walking Wake|Hydro Steam|p2a: Florges
|-damage|p2a: Florges|9/100
|move|p2a: Florges|Moonblast|p1a: Walking Wake
|-damage|p1a: Walking Wake|59/100
|
|-weather|none
|-end|p1a: Walking Wake|Protosynthesis
|upkeep
|turn|13
|
|t:|1776069901
|move|p1a: Walking Wake|Hydro Steam|p2a: Florges
|-damage|p2a: Florges|0 fnt
|faint|p2a: Florges
|
|upkeep
|
|t:|1776069907
|switch|p2a: Porygon|Porygon, shiny|100/100
|turn|14
|
|t:|1776069945
|-end|p1a: Walking Wake|Protosynthesis|[silent]
|switch|p1a: Ninetales|Ninetales, F|11/100
|-ability|p2a: Porygon|Drought|Trace|[from] ability: Trace|[of] p1a: Ninetales
|-weather|SunnyDay|[from] ability: Drought|[of] p2a: Porygon
|move|p2a: Porygon|Thunder Wave|p1a: Ninetales
|-status|p1a: Ninetales|par
|
|-weather|SunnyDay|[upkeep]
|upkeep
|turn|15
|
|t:|1776069961
|move|p1a: Ninetales|Solar Beam||[still]
|-prepare|p1a: Ninetales|Solar Beam
|-anim|p1a: Ninetales|Solar Beam|p2a: Porygon
|-damage|p2a: Porygon|82/100
|move|p2a: Porygon|Thunderbolt|p1a: Ninetales
|-damage|p1a: Ninetales|0 fnt
|faint|p1a: Ninetales
|
|-weather|SunnyDay|[upkeep]
|upkeep
|
|t:|1776069983
|switch|p1a: Great Tusk|Great Tusk|74/100 brn
|-activate|p1a: Great Tusk|ability: Protosynthesis
|-start|p1a: Great Tusk|protosynthesisatk
|turn|16
|
|t:|1776069988
|switch|p2a: Swampert|Swampert, M, shiny|63/100
|move|p1a: Great Tusk|Close Combat|p2a: Swampert
|-damage|p2a: Swampert|34/100
|-unboost|p1a: Great Tusk|def|1
|-unboost|p1a: Great Tusk|spd|1
|
|-weather|SunnyDay|[upkeep]
|-heal|p2a: Swampert|41/100|[from] item: Leftovers
|-damage|p1a: Great Tusk|68/100 brn|[from] brn
|upkeep
|turn|17
|
|t:|1776070001
|-end|p1a: Great Tusk|Protosynthesis|[silent]
|switch|p1a: Meowscarada|Meowscarada, M|92/100
|move|p2a: Swampert|Flip Turn|p1a: Meowscarada
|-resisted|p1a: Meowscarada
|-damage|p1a: Meowscarada|83/100
|
|t:|1776070022
|switch|p2a: Staraptor|Staraptor, M, shiny|100/100|[from] Flip Turn
|
|-weather|SunnyDay|[upkeep]
|upkeep
|turn|18
|
|t:|1776070033
|move|p1a: Meowscarada|Triple Axel|p2a: Staraptor|[miss]
|-start|p1a: Meowscarada|typechange|Ice|[from] ability: Protean
|-miss|p1a: Meowscarada|p2a: Staraptor
|move|p2a: Staraptor|U-turn|p1a: Meowscarada
|-damage|p1a: Meowscarada|21/100
|
|t:|1776070043
|switch|p2a: Swampert|Swampert, M, shiny|41/100|[from] U-turn
|
|-weather|none
|-heal|p2a: Swampert|47/100|[from] item: Leftovers
|upkeep
|turn|19
|
|t:|1776070054
|switch|p1a: Walking Wake|Walking Wake, tera:Water|59/100
|move|p2a: Swampert|Flip Turn|p1a: Walking Wake
|-resisted|p1a: Walking Wake
|-damage|p1a: Walking Wake|47/100
|
|t:|1776070064
|switch|p2a: Porygon|Porygon, shiny|82/100|[from] Flip Turn
|
|upkeep
|turn|20
|
|t:|1776070069
|move|p1a: Walking Wake|Flip Turn|p2a: Porygon
|-damage|p2a: Porygon|62/100
|
|t:|1776070072
|-end|p1a: Walking Wake|Protosynthesis|[silent]
|switch|p1a: Hatterene|Hatterene, F, shiny|67/100|[from] Flip Turn
|-ability|p2a: Porygon|Magic Bounce|Trace|[from] ability: Trace|[of] p1a: Hatterene
|move|p2a: Porygon|Thunder Wave|p1a: Hatterene
|move|p1a: Hatterene|Thunder Wave|p2a: Porygon|[from] ability: Magic Bounce
|-status|p2a: Porygon|par
|
|upkeep
|turn|21
|
|t:|1776070094
|move|p1a: Hatterene|Psyshock|p2a: Porygon
|-damage|p2a: Porygon|31/100 par
|cant|p2a: Porygon|par
|
|upkeep
|turn|22
|
|t:|1776070133
|move|p1a: Hatterene|Psyshock|p2a: Porygon
|-damage|p2a: Porygon|0 fnt
|faint|p2a: Porygon
|
|upkeep
|
|t:|1776070221
|switch|p2a: Staraptor|Staraptor, M, shiny|100/100
|turn|23
|
|t:|1776070249
|move|p2a: Staraptor|Brave Bird|p1a: Hatterene
|-crit|p1a: Hatterene
|-damage|p1a: Hatterene|0 fnt
|faint|p1a: Hatterene
|-damage|p2a: Staraptor|78/100|[from] Recoil
|
|upkeep
|
|t:|1776070254
|switch|p1a: Meowscarada|Meowscarada, M|21/100
|turn|24
|
|t:|1776070262
|switch|p2a: Swampert|Swampert, M, shiny|47/100
|move|p1a: Meowscarada|Triple Axel|p2a: Swampert|[miss]
|-start|p1a: Meowscarada|typechange|Ice|[from] ability: Protean
|-miss|p1a: Meowscarada|p2a: Swampert
|
|-heal|p2a: Swampert|53/100|[from] item: Leftovers
|upkeep
|turn|25
|
|t:|1776070291
|switch|p1a: Great Tusk|Great Tusk|68/100 brn
|move|p2a: Swampert|Flip Turn|p1a: Great Tusk
|-supereffective|p1a: Great Tusk
|-crit|p1a: Great Tusk
|-damage|p1a: Great Tusk|24/100 brn
|-damage|p2a: Swampert|36/100|[from] item: Rocky Helmet|[of] p1a: Great Tusk
|
|t:|1776070303
|switch|p2a: Staraptor|Staraptor, M, shiny|78/100|[from] Flip Turn
|
|-damage|p1a: Great Tusk|18/100 brn|[from] brn
|upkeep
|turn|26
|
|t:|1776070362
|move|p2a: Staraptor|U-turn|p1a: Great Tusk
|-resisted|p1a: Great Tusk
|-damage|p1a: Great Tusk|7/100 brn
|-damage|p2a: Staraptor|62/100|[from] item: Rocky Helmet|[of] p1a: Great Tusk
|
|t:|1776070368
|switch|p2a: Swampert|Swampert, M, shiny|36/100|[from] U-turn
|move|p1a: Great Tusk|Knock Off|p2a: Swampert
|-damage|p2a: Swampert|24/100
|-enditem|p2a: Swampert|Leftovers|[from] move: Knock Off|[of] p1a: Great Tusk
|
|-damage|p1a: Great Tusk|0 fnt|[from] brn
|faint|p1a: Great Tusk
|-end|p1a: Great Tusk|Protosynthesis|[silent]
|upkeep
|
|t:|1776070378
|switch|p1a: Meowscarada|Meowscarada, M|21/100
|turn|27
|
|t:|1776070386
|move|p1a: Meowscarada|Flower Trick|p2a: Swampert
|-start|p1a: Meowscarada|typechange|Grass|[from] ability: Protean
|-supereffective|p2a: Swampert
|-crit|p2a: Swampert
|-damage|p2a: Swampert|0 fnt
|faint|p2a: Swampert
|
|upkeep
|
|t:|1776070404
|switch|p2a: Staraptor|Staraptor, M, shiny|62/100
|turn|28
|
|t:|1776070417
|switch|p1a: Moltres|Moltres|60/100
|move|p2a: Staraptor|U-turn|p1a: Moltres
|-resisted|p1a: Moltres
|-damage|p1a: Moltres|53/100
|
|t:|1776070423
|switch|p2a: Haxorus|Haxorus, M, shiny|100/100|[from] U-turn
|-ability|p2a: Haxorus|Mold Breaker
|
|upkeep
|turn|29
|
|t:|1776070433
|move|p2a: Haxorus|Outrage|p1a: Moltres
|-damage|p1a: Moltres|0 fnt
|faint|p1a: Moltres
|
|upkeep
|
|t:|1776070437
|switch|p1a: Meowscarada|Meowscarada, M|21/100
|turn|30
|
|t:|1776070442
|move|p1a: Meowscarada|Triple Axel|p2a: Haxorus
|-start|p1a: Meowscarada|typechange|Ice|[from] ability: Protean
|-supereffective|p2a: Haxorus
|-damage|p2a: Haxorus|77/100
|-supereffective|p2a: Haxorus
|-damage|p2a: Haxorus|26/100
|-supereffective|p2a: Haxorus
|-damage|p2a: Haxorus|0 fnt
|faint|p2a: Haxorus
|-hitcount|p2: Haxorus|3
|
|upkeep
|
|t:|1776070458
|switch|p2a: Staraptor|Staraptor, M, shiny|62/100
|turn|31
|c|☆ihartpits|finally
|
|t:|1776070466
|move|p2a: Staraptor|Quick Attack|p1a: Meowscarada
|-damage|p1a: Meowscarada|0 fnt
|faint|p1a: Meowscarada
|
|upkeep
|
|t:|1776070469
|switch|p1a: Walking Wake|Walking Wake, tera:Water|47/100
|turn|32
|
|t:|1776070473
|move|p2a: Staraptor|Quick Attack|p1a: Walking Wake
|-damage|p1a: Walking Wake|11/100
|move|p1a: Walking Wake|Draco Meteor|p2a: Staraptor
|-damage|p2a: Staraptor|0 fnt
|-unboost|p1a: Walking Wake|spa|2
|faint|p2a: Staraptor
|
|win|ihartpits
|raw|ihartpits's rating: 1172 &rarr; <strong>1194</strong><br />(+22 for winning)
|raw|Megachamp100's rating: 1124 &rarr; <strong>1102</strong><br />(-22 for losing)
|l|☆ihartpits
|player|p1|
|l|☆Megachamp100
|player|p2|
