|html|<div class="broadcast-blue"><strong>[Gen 9] OU is currently suspecting Tera Blast! For information on how to participate check out the <a href="https://www.smogon.com/tools/suspects/view/200">suspect thread</a>.</strong></div>
|j|☆bterry619
|j|☆Lyrick
|t:|1776057927
|gametype|singles
|player|p1|bterry619|102|1196
|player|p2|Lyrick|101|1124
|gen|9
|tier|[Gen 9] OU
|rated|
|rule|HP Percentage Mod: HP is shown in percentages
|rule|Endless Battle Clause: Forcing endless battles is banned
|rule|Species Clause: Limit one of each Pokémon
|rule|OHKO Clause: OHKO moves are banned
|rule|Evasion Items Clause: Evasion items are banned
|rule|Evasion Moves Clause: Evasion moves are banned
|rule|Evasion Abilities Clause: Evasion abilities are banned
|rule|Sleep Moves Clause: Sleep-inducing moves are banned
|clearpoke
|poke|p1|Iron Treads|
|poke|p1|Dragonite, F|
|poke|p1|Corviknight, F|
|poke|p1|Blaziken, F|
|poke|p1|Conkeldurr, F|
|poke|p1|Clodsire, F|
|poke|p2|Zoroark-Hisui, M|
|poke|p2|Hoopa|
|poke|p2|Sableye, F|
|poke|p2|Tinkaton, F|
|poke|p2|Hatterene, F|
|poke|p2|Swadloon, M|
|teampreview
|inactive|Battle timer is ON: inactive players will automatically lose when time's up. (requested by bterry619)
|j| ohko_smeargle
|
|t:|1776057943
|teamsize|p1|6
|teamsize|p2|6
|start
|switch|p1a: Blaziken|Blaziken, F|100/100
|switch|p2a: Sableye|Sableye, F|100/100
|turn|1
|
|t:|1776057953
|move|p2a: Sableye|Reflect|p2a: Sableye
|-sidestart|p2: Lyrick|Reflect
|move|p1a: Blaziken|Flare Blitz|p2a: Sableye
|-damage|p2a: Sableye|58/100
|-status|p2a: Sableye|brn
|-damage|p1a: Blaziken|86/100|[from] Recoil
|-enditem|p2a: Sableye|Eject Button
|
|t:|1776057970
|switch|p2a: Hoopa|Hoopa|100/100
|
|-ability|p1a: Blaziken|Speed Boost|boost
|-boost|p1a: Blaziken|spe|1
|upkeep
|turn|2
|
|t:|1776057985
|switch|p1a: Clodsire|Clodsire, F|100/100
|move|p2a: Hoopa|Hyperspace Hole|p1a: Clodsire
|-supereffective|p1a: Clodsire
|-damage|p1a: Clodsire|47/100
|
|-heal|p1a: Clodsire|54/100|[from] item: Black Sludge
|upkeep
|turn|3
|
|t:|1776057996
|move|p2a: Hoopa|Hyperspace Hole|p1a: Clodsire
|-supereffective|p1a: Clodsire
|-damage|p1a: Clodsire|2/100
|move|p1a: Clodsire|Toxic|p2a: Hoopa
|-status|p2a: Hoopa|tox
|
|-heal|p1a: Clodsire|8/100|[from] item: Black Sludge
|-damage|p2a: Hoopa|95/100 tox|[from] psn
|upkeep
|turn|4
|
|t:|1776058005
|switch|p1a: Iron Treads|Iron Treads|100/100
|-enditem|p1a: Iron Treads|Booster Energy
|-activate|p1a: Iron Treads|ability: Quark Drive|[fromitem]
|-start|p1a: Iron Treads|quarkdrivespe
|move|p2a: Hoopa|Hyperspace Hole|p1a: Iron Treads
|-resisted|p1a: Iron Treads
|-damage|p1a: Iron Treads|70/100
|
|-damage|p2a: Hoopa|83/100 tox|[from] psn
|upkeep
|turn|5
|
|t:|1776058017
|-terastallize|p1a: Iron Treads|Dark
|move|p1a: Iron Treads|Knock Off|p2a: Hoopa
|-supereffective|p2a: Hoopa
|-damage|p2a: Hoopa|0 fnt
|-enditem|p2a: Hoopa|Salac Berry|[from] move: Knock Off|[of] p1a: Iron Treads
|faint|p2a: Hoopa
|
|-sideend|p2: Lyrick|Reflect
|upkeep
|
|t:|1776058027
|switch|p2a: Sableye|Sableye, F|58/100 brn
|turn|6
|
|t:|1776058031
|move|p2a: Sableye|Reflect|p2a: Sableye
|-sidestart|p2: Lyrick|Reflect
|move|p1a: Iron Treads|Knock Off|p2a: Sableye
|-damage|p2a: Sableye|38/100 brn
|
|-damage|p2a: Sableye|32/100 brn|[from] brn
|upkeep
|turn|7
|
|t:|1776058038
|move|p2a: Sableye|Light Screen|p2a: Sableye
|-sidestart|p2: Lyrick|move: Light Screen
|move|p1a: Iron Treads|Stealth Rock|p2a: Sableye
|-sidestart|p2: Lyrick|move: Stealth Rock
|
|-damage|p2a: Sableye|25/100 brn|[from] brn
|upkeep
|turn|8
|
|t:|1776058053
|switch|p2a: Hatterene|Hatterene, F|100/100
|-damage|p2a: Hatterene|88/100|[from] Stealth Rock
|move|p1a: Iron Treads|Knock Off|p2a: Hatterene
|-damage|p2a: Hatterene|69/100
|-enditem|p2a: Hatterene|Weakness Policy|[from] move: Knock Off|[of] p1a: Iron Treads
|
|upkeep
|turn|9
|
|t:|1776058061
|move|p1a: Iron Treads|Earthquake|p2a: Hatterene
|-damage|p2a: Hatterene|47/100
|move|p2a: Hatterene|Trick Room|p2a: Hatterene
|-fieldstart|move: Trick Room|[of] p2a: Hatterene
|
|upkeep
|turn|10
|
|t:|1776058067
|move|p2a: Hatterene|Draining Kiss|p1a: Iron Treads
|-supereffective|p1a: Iron Treads
|-damage|p1a: Iron Treads|4/100
|-heal|p2a: Hatterene|97/100|[from] drain|[of] p1a: Iron Treads
|move|p1a: Iron Treads|Earthquake|p2a: Hatterene
|-damage|p2a: Hatterene|77/100
|
|-sideend|p2: Lyrick|Reflect
|upkeep
|turn|11
|
|t:|1776058073
|move|p2a: Hatterene|Calm Mind|p2a: Hatterene
|-boost|p2a: Hatterene|spa|1
|-boost|p2a: Hatterene|spd|1
|move|p1a: Iron Treads|Knock Off|p2a: Hatterene
|-damage|p2a: Hatterene|48/100
|
|-sideend|p2: Lyrick|move: Light Screen
|upkeep
|turn|12
|
|t:|1776058080
|move|p2a: Hatterene|Draining Kiss|p1a: Iron Treads
|-supereffective|p1a: Iron Treads
|-damage|p1a: Iron Treads|0 fnt
|-heal|p2a: Hatterene|50/100|[from] drain|[of] p1a: Iron Treads
|faint|p1a: Iron Treads
|-end|p1a: Iron Treads|Quark Drive|[silent]
|
|upkeep
|
|t:|1776058087
|switch|p1a: Dragonite|Dragonite, F|100/100
|turn|13
|
|t:|1776058090
|move|p1a: Dragonite|Extreme Speed|p2a: Hatterene
|-damage|p2a: Hatterene|21/100
|move|p2a: Hatterene|Draining Kiss|p1a: Dragonite
|-supereffective|p1a: Dragonite
|-damage|p1a: Dragonite|62/100
|-heal|p2a: Hatterene|50/100|[from] drain|[of] p1a: Dragonite
|
|-fieldend|move: Trick Room
|upkeep
|turn|14
|
|t:|1776058098
|move|p1a: Dragonite|Extreme Speed|p2a: Hatterene
|-damage|p2a: Hatterene|21/100
|move|p2a: Hatterene|Trick Room|p2a: Hatterene
|-fieldstart|move: Trick Room|[of] p2a: Hatterene
|
|upkeep
|turn|15
|
|t:|1776058102
|move|p1a: Dragonite|Extreme Speed|p2a: Hatterene
|-damage|p2a: Hatterene|0 fnt
|faint|p2a: Hatterene
|
|upkeep
|
|t:|1776058110
|switch|p2a: Swadloon|Swadloon, M|100/100
|-damage|p2a: Swadloon|88/100|[from] Stealth Rock
|turn|16
|
|t:|1776058120
|move|p1a: Dragonite|Dragon Claw|p2a: Swadloon
|-damage|p2a: Swadloon|0 fnt
|replace|p2a: Zoroark|Zoroark-Hisui, M, shiny
|-end|p2a: Zoroark|Illusion
|faint|p2a: Zoroark
|
|upkeep
|
|t:|1776058131
|switch|p2a: Tinkaton|Tinkaton, F|100/100
|-damage|p2a: Tinkaton|94/100|[from] Stealth Rock
|-ability|p2a: Tinkaton|Mold Breaker
|turn|17
|
|t:|1776058136
|move|p1a: Dragonite|Roost|p1a: Dragonite
|-heal|p1a: Dragonite|100/100
|-singleturn|p1a: Dragonite|move: Roost
|move|p2a: Tinkaton|Gigaton Hammer|p1a: Dragonite
|-damage|p1a: Dragonite|24/100
|-damage|p2a: Tinkaton|84/100|[from] item: Life Orb
|
|upkeep
|turn|18
|
|t:|1776058145
|move|p1a: Dragonite|Roost|p1a: Dragonite
|-heal|p1a: Dragonite|74/100
|-singleturn|p1a: Dragonite|move: Roost
|move|p2a: Tinkaton|Play Rough|p1a: Dragonite
|-supereffective|p1a: Dragonite
|-damage|p1a: Dragonite|0 fnt
|faint|p1a: Dragonite
|-damage|p2a: Tinkaton|75/100|[from] item: Life Orb
|
|-fieldend|move: Trick Room
|upkeep
|
|t:|1776058156
|switch|p1a: Corviknight|Corviknight, F|100/100
|-ability|p1a: Corviknight|Pressure
|turn|19
|
|t:|1776058161
|switch|p2a: Sableye|Sableye, F|25/100 brn
|-damage|p2a: Sableye|13/100 brn|[from] Stealth Rock
|move|p1a: Corviknight|Bulk Up|p1a: Corviknight
|-boost|p1a: Corviknight|atk|1
|-boost|p1a: Corviknight|def|1
|
|-damage|p2a: Sableye|7/100 brn|[from] brn
|upkeep
|turn|20
|
|t:|1776058166
|move|p2a: Sableye|Encore|p1a: Corviknight
|-start|p1a: Corviknight|Encore
|move|p1a: Corviknight|Bulk Up|p1a: Corviknight
|-boost|p1a: Corviknight|atk|1
|-boost|p1a: Corviknight|def|1
|
|-damage|p2a: Sableye|0 fnt|[from] brn
|faint|p2a: Sableye
|upkeep
|
|t:|1776058174
|switch|p2a: Swadloon|Swadloon, M|100/100
|-damage|p2a: Swadloon|76/100|[from] Stealth Rock
|turn|21
|
|t:|1776058179
|move|p1a: Corviknight|Bulk Up|p1a: Corviknight
|-boost|p1a: Corviknight|atk|1
|-boost|p1a: Corviknight|def|1
|move|p2a: Swadloon|Sticky Web|p1a: Corviknight
|-sidestart|p1: bterry619|move: Sticky Web
|
|upkeep
|turn|22
|-message|Lyrick forfeited.
|
|win|bterry619
|raw|bterry619's rating: 1196 &rarr; <strong>1216</strong><br />(+20 for winning)
|raw|Lyrick's rating: 1124 &rarr; <strong>1104</strong><br />(-20 for losing)
|l|☆Lyrick
|player|p2|
|l|☆bterry619
|player|p1|
|l| ohko_smeargle
