|html|<div class="broadcast-blue"><strong>[Gen 9] OU is currently suspecting Tera Blast! For information on how to participate check out the <a href="https://www.smogon.com/tools/suspects/view/200">suspect thread</a>.</strong></div>
|j|☆H00M4N_B31NG
|j|☆vanllesco
|t:|1776091139
|gametype|singles
|player|p1|H00M4N_B31NG|unknown|1276
|player|p2|vanllesco|hilbert|1315
|gen|9
|tier|[Gen 9] OU
|rated|
|rule|HP Percentage Mod: HP is shown in percentages
|rule|Endless Battle Clause: Forcing endless battles is banned
|rule|Species Clause: Limit one of each Pokémon
|rule|OHKO Clause: OHKO moves are banned
|rule|Evasion Items Clause: Evasion items are banned
|rule|Evasion Moves Clause: Evasion moves are banned
|rule|Evasion Abilities Clause: Evasion abilities are banned
|rule|Sleep Moves Clause: Sleep-inducing moves are banned
|clearpoke
|poke|p1|Jirachi|
|poke|p1|Regidrago|
|poke|p1|Samurott-Hisui, F|
|poke|p1|Gholdengo|
|poke|p1|Great Tusk|
|poke|p1|Weezing-Galar, M|
|poke|p2|Samurott-Hisui, M|
|poke|p2|Corviknight, M|
|poke|p2|Hatterene, F|
|poke|p2|Umbreon, F|
|poke|p2|Toxtricity-Low-Key, M|
|poke|p2|Garchomp, M|
|teampreview
|c|☆H00M4N_B31NG|gl hf
|
|t:|1776091154
|teamsize|p1|6
|teamsize|p2|6
|start
|switch|p1a: Weezing|Weezing-Galar, M|100/100
|switch|p2a: BIRD|Corviknight, M|100/100
|turn|1
|
|t:|1776091162
|move|p1a: Weezing|Will-O-Wisp|p2a: BIRD
|-status|p2a: BIRD|brn
|move|p2a: BIRD|U-turn|p1a: Weezing
|-resisted|p1a: Weezing
|-damage|p1a: Weezing|99/100
|-damage|p2a: BIRD|84/100 brn|[from] item: Rocky Helmet|[of] p1a: Weezing
|
|t:|1776091168
|switch|p2a: My name is mud|Toxtricity-Low-Key, M|100/100|[from] U-turn
|
|upkeep
|turn|2
|
|t:|1776091188
|switch|p1a: Jirachi|Jirachi|100/100
|move|p2a: My name is mud|Sludge Wave|p1a: Jirachi
|-immune|p1a: Jirachi
|
|upkeep
|turn|3
|
|t:|1776091197
|switch|p2a: Morin|Umbreon, F, shiny|100/100
|move|p1a: Jirachi|Doom Desire|p2a: Morin
|-start|p1a: Jirachi|Doom Desire
|
|upkeep
|turn|4
|c|☆vanllesco|What is tha
|
|t:|1776091215
|move|p1a: Jirachi|U-turn|p2a: Morin
|-supereffective|p2a: Morin
|-damage|p2a: Morin|83/100
|c|☆H00M4N_B31NG|lol
|c|☆H00M4N_B31NG|im gonna make doom desire jirachi real
|c|☆vanllesco|what is that move?
|c|☆H00M4N_B31NG|steel type future sight
|c|☆vanllesco|Ohh
|c|☆H00M4N_B31NG|jirachi signatuire move
|
|t:|1776091255
|switch|p1a: Weezing|Weezing-Galar, M|99/100|[from] U-turn
|move|p2a: Morin|Thunder Wave|p1a: Weezing
|-status|p1a: Weezing|par
|
|-heal|p2a: Morin|89/100|[from] item: Leftovers
|upkeep
|turn|5
|c|☆vanllesco|Thanks for not gatekeepi g
|c|☆H00M4N_B31NG|npnp
|c|☆H00M4N_B31NG|!dt doom desire
|c|☆H00M4N_B31NG|/raw <ul class="utilichart"><li class="result"><span class="col movenamecol"><a href="https://dex.pokemonshowdown.com/moves/doomdesire">Doom Desire</a></span> <span class="col typecol"><img src="//play.pokemonshowdown.com/sprites/types/Steel.png" alt="Steel" width="32" height="14"><img src="//play.pokemonshowdown.com/sprites/categories/Special.png" alt="Special" width="32" height="14"></span> <span class="col labelcol"><em>Power</em><br>140</span> <span class="col widelabelcol"><em>Accuracy</em><br>100%</span> <span class="col pplabelcol"><em>PP</em><br>8</span> <span class="col movedesccol">Hits two turns after being used.</span> </li><li style="clear:both"></li></ul>
|c|☆H00M4N_B31NG|/raw <font size="1"><font color="#686868">Priority:</font> 0&nbsp;|&ThickSpace;<font color="#686868">Gen:</font> 3&nbsp;|&ThickSpace;&#10003; Bypasses Protect&nbsp;|&ThickSpace;<font color="#686868">Z-Power:</font> 200&nbsp;|&ThickSpace;<font color="#686868">Target:</font> One Adjacent Pokémon</font>

|inactive|Battle timer is ON: inactive players will automatically lose when time's up. (requested by vanllesco)
|c|☆H00M4N_B31NG|use this command for future if u want
|
|t:|1776091294
|move|p2a: Morin|Protect|p2a: Morin
|-singleturn|p2a: Morin|Protect
|move|p1a: Weezing|Strange Steam|p2a: Morin
|-activate|p2a: Morin|move: Protect
|
|-end|p2a: Morin|move: Doom Desire
|-damage|p2a: Morin|60/100
|-heal|p2a: Morin|66/100|[from] item: Leftovers
|upkeep
|turn|6
|
|t:|1776091305
|switch|p2a: My name is mud|Toxtricity-Low-Key, M|100/100
|move|p1a: Weezing|Flamethrower|p2a: My name is mud
|-damage|p2a: My name is mud|72/100
|
|upkeep
|turn|7
|
|t:|1776091315
|switch|p1a: Great Tusk|Great Tusk|100/100
|move|p2a: My name is mud|Boomburst|p1a: Great Tusk
|-crit|p1a: Great Tusk
|-damage|p1a: Great Tusk|0 fnt
|faint|p1a: Great Tusk
|-end|p1a: Great Tusk|Protosynthesis|[silent]
|
|upkeep
|c|☆vanllesco|c mamut
|
|t:|1776091338
|switch|p1a: Gholdengo|Gholdengo|100/100
|turn|8
|
|t:|1776091344
|switch|p2a: MC Ride|Samurott-Hisui, M|100/100
|move|p1a: Gholdengo|Nasty Plot|p1a: Gholdengo
|-boost|p1a: Gholdengo|spa|2
|
|upkeep
|turn|9
|c|☆H00M4N_B31NG|crit definitely mattered
|inactive|vanllesco has 120 seconds left.
|
|t:|1776091386
|-terastallize|p1a: Gholdengo|Steel
|move|p2a: MC Ride|Ceaseless Edge|p1a: Gholdengo
|-damage|p1a: Gholdengo|55/100
|-sidestart|p1: H00M4N_B31NG|Spikes
|move|p1a: Gholdengo|Make It Rain|p2a: MC Ride
|-resisted|p2a: MC Ride
|-damage|p2a: MC Ride|0 fnt
|-unboost|p1a: Gholdengo|spa|1
|faint|p2a: MC Ride
|
|upkeep
|
|t:|1776091393
|switch|p2a: Zachill|Garchomp, M|100/100
|turn|10
|
|t:|1776091399
|switch|p1a: Weezing|Weezing-Galar, M|99/100 par
|move|p2a: Zachill|Earthquake|p1a: Weezing
|-immune|p1a: Weezing|[from] ability: Levitate
|
|upkeep
|turn|11
|
|t:|1776091408
|switch|p2a: BIRD|Corviknight, M|84/100 brn
|move|p1a: Weezing|Will-O-Wisp|p2a: BIRD
|-fail|p2a: BIRD|brn
|
|-damage|p2a: BIRD|78/100 brn|[from] brn
|upkeep
|turn|12
|
|t:|1776091413
|move|p2a: BIRD|U-turn|p1a: Weezing
|-resisted|p1a: Weezing
|-damage|p1a: Weezing|98/100 par
|-damage|p2a: BIRD|61/100 brn|[from] item: Rocky Helmet|[of] p1a: Weezing
|
|t:|1776091418
|switch|p2a: My name is mud|Toxtricity-Low-Key, M|72/100|[from] U-turn
|move|p1a: Weezing|Will-O-Wisp|p2a: My name is mud
|-status|p2a: My name is mud|brn
|
|-damage|p2a: My name is mud|66/100 brn|[from] brn
|upkeep
|turn|13
|
|t:|1776091431
|move|p2a: My name is mud|Boomburst|p1a: Weezing
|-damage|p1a: Weezing|13/100 par
|move|p1a: Weezing|Pain Split|p2a: My name is mud
|-sethp|p2a: My name is mud|40/100 brn|[from] move: Pain Split|[silent]
|-sethp|p1a: Weezing|35/100 par|[from] move: Pain Split
|
|-damage|p2a: My name is mud|34/100 brn|[from] brn
|upkeep
|turn|14
|
|t:|1776091436
|switch|p1a: Gholdengo|Gholdengo, tera:Steel|55/100
|-damage|p1a: Gholdengo|43/100|[from] Spikes
|move|p2a: My name is mud|Boomburst|p1a: Gholdengo
|-resisted|p1a: Gholdengo
|-damage|p1a: Gholdengo|10/100
|
|-damage|p2a: My name is mud|28/100 brn|[from] brn
|upkeep
|turn|15
|
|t:|1776091441
|move|p2a: My name is mud|Boomburst|p1a: Gholdengo
|-resisted|p1a: Gholdengo
|-damage|p1a: Gholdengo|0 fnt
|faint|p1a: Gholdengo
|
|-damage|p2a: My name is mud|21/100 brn|[from] brn
|upkeep
|
|t:|1776091447
|switch|p1a: Samurott|Samurott-Hisui, F|100/100
|-damage|p1a: Samurott|88/100|[from] Spikes
|turn|16
|
|t:|1776091451
|switch|p2a: BIRD|Corviknight, M|61/100 brn
|move|p1a: Samurott|Ceaseless Edge|p2a: BIRD|[miss]
|-miss|p1a: Samurott|p2a: BIRD
|
|-damage|p2a: BIRD|55/100 brn|[from] brn
|upkeep
|turn|17
|
|t:|1776091461
|move|p1a: Samurott|Knock Off|p2a: BIRD
|-damage|p2a: BIRD|27/100 brn
|-damage|p1a: Samurott|72/100|[from] item: Rocky Helmet|[of] p2a: BIRD
|-enditem|p2a: BIRD|Rocky Helmet|[from] move: Knock Off|[of] p1a: Samurott
|move|p2a: BIRD|U-turn|p1a: Samurott
|-supereffective|p1a: Samurott
|-damage|p1a: Samurott|57/100
|
|t:|1776091487
|switch|p2a: Zachill|Garchomp, M|100/100|[from] U-turn
|
|upkeep
|turn|18
|inactive|vanllesco has 120 seconds left.
|
|t:|1776091513
|switch|p1a: Weezing|Weezing-Galar, M|35/100 par
|move|p2a: Zachill|Scale Shot|p1a: Weezing
|-immune|p1a: Weezing
|
|upkeep
|turn|19
|inactive|vanllesco has 120 seconds left.
|
|t:|1776091521
|-terastallize|p2a: Zachill|Steel
|move|p2a: Zachill|Iron Head|p1a: Weezing
|-supereffective|p1a: Weezing
|-damage|p1a: Weezing|0 fnt
|-damage|p2a: Zachill|84/100|[from] item: Rocky Helmet|[of] p1a: Weezing
|faint|p1a: Weezing
|
|upkeep
|inactive|H00M4N_B31NG has 120 seconds left.
|c|☆H00M4N_B31NG|damn i lost to the ceasless edge miss
|c|☆H00M4N_B31NG|i think
|
|t:|1776091573
|switch|p1a: Regidrago|Regidrago|100/100
|-damage|p1a: Regidrago|88/100|[from] Spikes
|turn|20
|
|t:|1776091579
|move|p1a: Regidrago|Earth Power|p2a: Zachill
|-supereffective|p2a: Zachill
|-damage|p2a: Zachill|28/100
|move|p2a: Zachill|Scale Shot|p1a: Regidrago
|-supereffective|p1a: Regidrago
|-damage|p1a: Regidrago|60/100
|-supereffective|p1a: Regidrago
|-damage|p1a: Regidrago|31/100
|-supereffective|p1a: Regidrago
|-damage|p1a: Regidrago|3/100
|-supereffective|p1a: Regidrago
|-damage|p1a: Regidrago|0 fnt
|faint|p1a: Regidrago
|-hitcount|p1: Regidrago|4
|-unboost|p2a: Zachill|def|1
|-boost|p2a: Zachill|spe|1
|
|upkeep
|
|t:|1776091586
|switch|p1a: Samurott|Samurott-Hisui, F|57/100
|-damage|p1a: Samurott|45/100|[from] Spikes
|turn|21
|
|t:|1776091590
|switch|p2a: BIRD|Corviknight, M|27/100 brn
|move|p1a: Samurott|Sucker Punch||[still]
|-fail|p1a: Samurott
|
|-damage|p2a: BIRD|20/100 brn|[from] brn
|upkeep
|turn|22
|
|t:|1776091595
|move|p1a: Samurott|Ceaseless Edge|p2a: BIRD
|-damage|p2a: BIRD|0 fnt
|-sidestart|p2: vanllesco|Spikes
|faint|p2a: BIRD
|
|upkeep
|
|t:|1776091600
|switch|p2a: Doe Deer|Hatterene, F|100/100
|-damage|p2a: Doe Deer|88/100|[from] Spikes
|turn|23
|
|t:|1776091603
|switch|p1a: Jirachi|Jirachi|100/100
|-damage|p1a: Jirachi|88/100|[from] Spikes
|move|p2a: Doe Deer|Draining Kiss|p1a: Jirachi
|-resisted|p1a: Jirachi
|-damage|p1a: Jirachi|79/100
|-heal|p2a: Doe Deer|97/100|[from] drain|[of] p1a: Jirachi
|
|-heal|p1a: Jirachi|85/100|[from] item: Leftovers
|upkeep
|turn|24
|
|t:|1776091611
|move|p1a: Jirachi|Doom Desire|p2a: Doe Deer
|-start|p1a: Jirachi|Doom Desire
|move|p2a: Doe Deer|Mystical Fire|p1a: Jirachi
|-supereffective|p1a: Jirachi
|-damage|p1a: Jirachi|44/100
|-unboost|p1a: Jirachi|spa|1
|
|-heal|p1a: Jirachi|50/100|[from] item: Leftovers
|upkeep
|turn|25
|
|t:|1776091617
|move|p1a: Jirachi|U-turn|p2a: Doe Deer
|-damage|p2a: Doe Deer|84/100
|
|t:|1776091621
|switch|p1a: Samurott|Samurott-Hisui, F|45/100|[from] U-turn
|-damage|p1a: Samurott|32/100|[from] Spikes
|move|p2a: Doe Deer|Mystical Fire|p1a: Samurott
|-resisted|p1a: Samurott
|-damage|p1a: Samurott|25/100
|-unboost|p1a: Samurott|spa|1
|
|upkeep
|turn|26
|
|t:|1776091627
|move|p1a: Samurott|Ceaseless Edge|p2a: Doe Deer
|-damage|p2a: Doe Deer|49/100
|-sidestart|p2: vanllesco|Spikes
|move|p2a: Doe Deer|Mystical Fire|p1a: Samurott
|-resisted|p1a: Samurott
|-damage|p1a: Samurott|16/100
|-unboost|p1a: Samurott|spa|1
|
|-end|p2a: Doe Deer|move: Doom Desire
|-supereffective|p2a: Doe Deer
|-damage|p2a: Doe Deer|0 fnt
|faint|p2a: Doe Deer
|upkeep
|
|t:|1776091634
|switch|p2a: Zachill|Garchomp, M, tera:Steel|28/100
|-damage|p2a: Zachill|11/100|[from] Spikes
|turn|27
|
|t:|1776091639
|move|p1a: Samurott|Sucker Punch|p2a: Zachill
|-damage|p2a: Zachill|0 fnt
|-damage|p1a: Samurott|4/100|[from] ability: Rough Skin|[of] p2a: Zachill
|faint|p2a: Zachill
|
|upkeep
|
|t:|1776091642
|switch|p2a: Morin|Umbreon, F, shiny|66/100
|-damage|p2a: Morin|50/100|[from] Spikes
|turn|28
|
|t:|1776091655
|move|p1a: Samurott|Razor Shell|p2a: Morin
|-damage|p2a: Morin|21/100
|-unboost|p2a: Morin|def|1
|move|p2a: Morin|Foul Play|p1a: Samurott
|-resisted|p1a: Samurott
|-damage|p1a: Samurott|0 fnt
|faint|p1a: Samurott
|
|-heal|p2a: Morin|27/100|[from] item: Leftovers
|upkeep
|
|t:|1776091661
|switch|p1a: Jirachi|Jirachi|50/100
|-damage|p1a: Jirachi|37/100|[from] Spikes
|turn|29
|
|t:|1776091671
|move|p1a: Jirachi|U-turn|p2a: Morin
|-supereffective|p2a: Morin
|-damage|p2a: Morin|1/100
|move|p2a: Morin|Wish|p2a: Morin
|
|-heal|p1a: Jirachi|44/100|[from] item: Leftovers
|-heal|p2a: Morin|7/100|[from] item: Leftovers
|upkeep
|turn|30
|
|t:|1776091679
|move|p2a: Morin|Protect|p2a: Morin
|-singleturn|p2a: Morin|Protect
|move|p1a: Jirachi|Encore|p2a: Morin
|-activate|p2a: Morin|move: Protect
|
|-heal|p2a: Morin|57/100|[from] move: Wish|[wisher] Morin
|-heal|p1a: Jirachi|50/100|[from] item: Leftovers
|-heal|p2a: Morin|63/100|[from] item: Leftovers
|upkeep
|turn|31
|
|t:|1776091688
|move|p1a: Jirachi|Encore|p2a: Morin
|-start|p2a: Morin|Encore
|move|p2a: Morin|Protect||[still]
|-fail|p2a: Morin
|
|-heal|p1a: Jirachi|56/100|[from] item: Leftovers
|-heal|p2a: Morin|70/100|[from] item: Leftovers
|upkeep
|turn|32
|
|t:|1776091694
|switch|p2a: My name is mud|Toxtricity-Low-Key, M|21/100 brn
|-damage|p2a: My name is mud|5/100 brn|[from] Spikes
|move|p1a: Jirachi|Doom Desire|p2a: My name is mud
|-start|p1a: Jirachi|Doom Desire
|
|-heal|p1a: Jirachi|62/100|[from] item: Leftovers
|-damage|p2a: My name is mud|0 fnt|[from] brn
|faint|p2a: My name is mud
|upkeep
|
|t:|1776091711
|switch|p2a: Morin|Umbreon, F, shiny|70/100
|-damage|p2a: Morin|53/100|[from] Spikes
|turn|33
|
|t:|1776091714
|move|p1a: Jirachi|U-turn|p2a: Morin
|-supereffective|p2a: Morin
|-damage|p2a: Morin|34/100
|move|p2a: Morin|Foul Play|p1a: Jirachi
|-supereffective|p1a: Jirachi
|-damage|p1a: Jirachi|10/100
|
|-heal|p1a: Jirachi|16/100|[from] item: Leftovers
|-heal|p2a: Morin|40/100|[from] item: Leftovers
|upkeep
|turn|34
|
|t:|1776091721
|move|p1a: Jirachi|U-turn|p2a: Morin
|-supereffective|p2a: Morin
|-damage|p2a: Morin|22/100
|move|p2a: Morin|Foul Play|p1a: Jirachi
|-supereffective|p1a: Jirachi
|-damage|p1a: Jirachi|0 fnt
|faint|p1a: Jirachi
|
|win|vanllesco
|raw|H00M4N_B31NG's rating: 1276 &rarr; <strong>1254</strong><br />(-22 for losing)
|raw|vanllesco's rating: 1315 &rarr; <strong>1333</strong><br />(+18 for winning)
|l|☆H00M4N_B31NG
|player|p1|
|l|☆vanllesco
|player|p2|
