|html|<div class="broadcast-blue"><strong>[Gen 9] OU is currently suspecting Volcarona! For information on how to participate check out the <a href="https://www.smogon.com/tools/suspects/view/208">suspect thread</a>.</strong></div>
|j|☆TheTatumaki
|j|☆Kristianna
|t:|1778505916
|gametype|singles
|player|p1|TheTatumaki|brawly|1201
|player|p2|Kristianna|266|1188
|gen|9
|tier|[Gen 9] OU
|rated|
|rule|HP Percentage Mod: HP is shown in percentages
|rule|Endless Battle Clause: Forcing endless battles is banned
|rule|Species Clause: Limit one of each Pokémon
|rule|OHKO Clause: OHKO moves are banned
|rule|Evasion Items Clause: Evasion items are banned
|rule|Evasion Moves Clause: Evasion moves are banned
|rule|Evasion Abilities Clause: Evasion abilities are banned
|rule|Sleep Moves Clause: Sleep-inducing moves are banned
|clearpoke
|poke|p1|Samurott-Hisui, M|
|poke|p1|Typhlosion-Hisui, F|
|poke|p1|Donphan, F|
|poke|p1|Goodra-Hisui, M|
|poke|p1|Gyarados, F|
|poke|p1|Vileplume, M|
|poke|p2|Volcarona, M|
|poke|p2|Iron Valiant|
|poke|p2|Iron Moth|
|poke|p2|Kingambit, F|
|poke|p2|Pecharunt|
|poke|p2|Ogerpon-Wellspring, F|
|teampreview
|inactive|Battle timer is ON: inactive players will automatically lose when time's up. (requested by Kristianna)
|
|t:|1778505929
|teamsize|p1|6
|teamsize|p2|6
|start
|switch|p1a: Samurott|Samurott-Hisui, M|100/100
|switch|p2a: Ogerpon|Ogerpon-Wellspring, F|100/100
|turn|1
|
|t:|1778505935
|move|p2a: Ogerpon|Horn Leech|p1a: Samurott
|-supereffective|p1a: Samurott
|-damage|p1a: Samurott|0 fnt
|faint|p1a: Samurott
|
|upkeep
|
|t:|1778505939
|switch|p1a: Typhlosion|Typhlosion-Hisui, F|100/100
|turn|2
|
|t:|1778505943
|-terastallize|p1a: Typhlosion|Fire
|move|p1a: Typhlosion|Eruption|p2a: Ogerpon
|-damage|p2a: Ogerpon|0 fnt
|faint|p2a: Ogerpon
|
|upkeep
|
|t:|1778505949
|switch|p2a: Kingambit|Kingambit, F|100/100
|-activate|p2a: Kingambit|ability: Supreme Overlord
|-start|p2a: Kingambit|fallen1|[silent]
|-item|p2a: Kingambit|Air Balloon
|turn|3
|
|t:|1778505956
|-end|p2a: Kingambit|fallen1|[silent]
|switch|p2a: Volcarona|Volcarona, M|100/100
|move|p1a: Typhlosion|Eruption|p2a: Volcarona
|-damage|p2a: Volcarona|0 fnt
|faint|p2a: Volcarona
|
|upkeep
|
|t:|1778505959
|switch|p2a: Iron Moth|Iron Moth|100/100
|-enditem|p2a: Iron Moth|Booster Energy
|-activate|p2a: Iron Moth|ability: Quark Drive|[fromitem]
|-start|p2a: Iron Moth|quarkdrivespe
|turn|4
|
|t:|1778505966
|switch|p1a: Goodra|Goodra-Hisui, M|100/100
|move|p2a: Iron Moth|Psychic|p1a: Goodra
|-resisted|p1a: Goodra
|-damage|p1a: Goodra|92/100
|
|-heal|p1a: Goodra|98/100|[from] item: Leftovers
|upkeep
|turn|5
|
|t:|1778505974
|-end|p2a: Iron Moth|Quark Drive|[silent]
|switch|p2a: Pecharunt|Pecharunt|100/100
|move|p1a: Goodra|Dragon Tail|p2a: Pecharunt
|-damage|p2a: Pecharunt|91/100
|drag|p2a: Iron Moth|Iron Moth|100/100
|
|-heal|p1a: Goodra|100/100|[from] item: Leftovers
|upkeep
|turn|6
|
|t:|1778505983
|-end|p2a: Iron Moth|Quark Drive|[silent]
|switch|p2a: Iron Valiant|Iron Valiant|100/100
|-enditem|p2a: Iron Valiant|Booster Energy
|-activate|p2a: Iron Valiant|ability: Quark Drive|[fromitem]
|-start|p2a: Iron Valiant|quarkdrivespe
|move|p1a: Goodra|Acid Armor|p1a: Goodra
|-boost|p1a: Goodra|def|2
|
|upkeep
|turn|7
|
|t:|1778505990
|move|p2a: Iron Valiant|Close Combat|p1a: Goodra
|-supereffective|p1a: Goodra
|-damage|p1a: Goodra|51/100
|-unboost|p2a: Iron Valiant|def|1
|-unboost|p2a: Iron Valiant|spd|1
|move|p1a: Goodra|Flash Cannon|p2a: Iron Valiant
|-supereffective|p2a: Iron Valiant
|-crit|p2a: Iron Valiant
|-damage|p2a: Iron Valiant|0 fnt
|faint|p2a: Iron Valiant
|-end|p2a: Iron Valiant|Quark Drive|[silent]
|
|-heal|p1a: Goodra|57/100|[from] item: Leftovers
|upkeep
|
|t:|1778506002
|switch|p2a: Pecharunt|Pecharunt|91/100
|turn|8
|
|t:|1778506011
|move|p2a: Pecharunt|Hex|p1a: Goodra
|-damage|p1a: Goodra|46/100
|move|p1a: Goodra|Flash Cannon|p2a: Pecharunt
|-damage|p2a: Pecharunt|59/100
|-unboost|p2a: Pecharunt|spd|1
|
|-heal|p2a: Pecharunt|65/100|[from] item: Leftovers
|-heal|p1a: Goodra|52/100|[from] item: Leftovers
|upkeep
|turn|9
|
|t:|1778506034
|move|p2a: Pecharunt|Hex|p1a: Goodra
|-damage|p1a: Goodra|41/100
|move|p1a: Goodra|Flash Cannon|p2a: Pecharunt
|-damage|p2a: Pecharunt|20/100
|-unboost|p2a: Pecharunt|spd|1
|
|-heal|p2a: Pecharunt|26/100|[from] item: Leftovers
|-heal|p1a: Goodra|47/100|[from] item: Leftovers
|upkeep
|turn|10
|
|t:|1778506043
|move|p2a: Pecharunt|Hex|p1a: Goodra
|-damage|p1a: Goodra|36/100
|move|p1a: Goodra|Flash Cannon|p2a: Pecharunt
|-damage|p2a: Pecharunt|0 fnt
|faint|p2a: Pecharunt
|
|-heal|p1a: Goodra|42/100|[from] item: Leftovers
|upkeep
|
|t:|1778506067
|switch|p2a: Iron Moth|Iron Moth|100/100
|turn|11
|
|t:|1778506070
|move|p2a: Iron Moth|Fiery Dance|p1a: Goodra
|-damage|p1a: Goodra|23/100
|-boost|p2a: Iron Moth|spa|1
|move|p1a: Goodra|Dragon Tail|p2a: Iron Moth
|-damage|p2a: Iron Moth|70/100
|-end|p2a: Iron Moth|Quark Drive|[silent]
|drag|p2a: Kingambit|Kingambit, F|100/100
|-activate|p2a: Kingambit|ability: Supreme Overlord
|-start|p2a: Kingambit|fallen4|[silent]
|-item|p2a: Kingambit|Air Balloon
|
|-heal|p1a: Goodra|29/100|[from] item: Leftovers
|upkeep
|turn|12
|
|t:|1778506080
|move|p2a: Kingambit|Low Kick|p1a: Goodra
|-supereffective|p1a: Goodra
|-damage|p1a: Goodra|0 fnt
|faint|p1a: Goodra
|
|upkeep
|
|t:|1778506086
|switch|p1a: Gyarados|Gyarados, F, shiny|100/100
|-ability|p1a: Gyarados|Intimidate|boost
|-unboost|p2a: Kingambit|atk|1
|turn|13
|
|t:|1778506105
|move|p1a: Gyarados|Aqua Tail|p2a: Kingambit|[miss]
|-miss|p1a: Gyarados|p2a: Kingambit
|move|p2a: Kingambit|Swords Dance|p2a: Kingambit
|-boost|p2a: Kingambit|atk|2
|
|upkeep
|turn|14
|
|t:|1778506112
|switch|p1a: Vileplume|Vileplume, M|100/100
|move|p2a: Kingambit|Sucker Punch||[still]
|-fail|p2a: Kingambit
|
|upkeep
|turn|15
|
|t:|1778506117
|-end|p2a: Kingambit|fallen4|[silent]
|switch|p2a: Iron Moth|Iron Moth|70/100
|move|p1a: Vileplume|Sunny Day|p1a: Vileplume
|-weather|SunnyDay
|
|-weather|SunnyDay|[upkeep]
|upkeep
|turn|16
|
|t:|1778506125
|move|p1a: Vileplume|Weather Ball|p2a: Iron Moth
|-resisted|p2a: Iron Moth
|-damage|p2a: Iron Moth|42/100
|move|p2a: Iron Moth|Fiery Dance|p1a: Vileplume
|-supereffective|p1a: Vileplume
|-damage|p1a: Vileplume|0 fnt
|faint|p1a: Vileplume
|
|-weather|SunnyDay|[upkeep]
|upkeep
|
|t:|1778506132
|switch|p1a: Typhlosion|Typhlosion-Hisui, F, tera:Fire|100/100
|turn|17
|
|t:|1778506136
|move|p1a: Typhlosion|Eruption|p2a: Iron Moth
|-resisted|p2a: Iron Moth
|-damage|p2a: Iron Moth|0 fnt
|faint|p2a: Iron Moth
|-end|p2a: Iron Moth|Quark Drive|[silent]
|
|-weather|SunnyDay|[upkeep]
|upkeep
|
|t:|1778506139
|switch|p2a: Kingambit|Kingambit, F|100/100
|-activate|p2a: Kingambit|ability: Supreme Overlord
|-start|p2a: Kingambit|fallen5|[silent]
|-item|p2a: Kingambit|Air Balloon
|turn|18
|
|t:|1778506146
|move|p2a: Kingambit|Sucker Punch|p1a: Typhlosion
|-damage|p1a: Typhlosion|3/100
|move|p1a: Typhlosion|Eruption|p2a: Kingambit
|-supereffective|p2a: Kingambit
|-damage|p2a: Kingambit|85/100
|-enditem|p2a: Kingambit|Air Balloon
|
|-weather|SunnyDay|[upkeep]
|upkeep
|turn|19
|
|t:|1778506160
|switch|p1a: Gyarados|Gyarados, F, shiny|100/100
|-ability|p1a: Gyarados|Intimidate|boost
|-unboost|p2a: Kingambit|atk|1
|move|p2a: Kingambit|Iron Head|p1a: Gyarados
|-resisted|p1a: Gyarados
|-damage|p1a: Gyarados|70/100
|
|-weather|SunnyDay|[upkeep]
|upkeep
|turn|20
|
|t:|1778506171
|move|p1a: Gyarados|Earthquake|p2a: Kingambit
|-supereffective|p2a: Kingambit
|-damage|p2a: Kingambit|23/100
|move|p2a: Kingambit|Swords Dance|p2a: Kingambit
|-boost|p2a: Kingambit|atk|2
|
|-weather|SunnyDay|[upkeep]
|upkeep
|turn|21
|
|t:|1778506177
|move|p2a: Kingambit|Sucker Punch||[still]
|-fail|p2a: Kingambit
|move|p1a: Gyarados|Dragon Dance|p1a: Gyarados
|-boost|p1a: Gyarados|atk|1
|-boost|p1a: Gyarados|spe|1
|
|-weather|SunnyDay|[upkeep]
|upkeep
|turn|22
|
|t:|1778506185
|move|p2a: Kingambit|Sucker Punch||[still]
|-fail|p2a: Kingambit
|move|p1a: Gyarados|Dragon Dance|p1a: Gyarados
|-boost|p1a: Gyarados|atk|1
|-boost|p1a: Gyarados|spe|1
|
|-weather|none
|upkeep
|turn|23
|
|t:|1778506193
|move|p2a: Kingambit|Sucker Punch||[still]
|-fail|p2a: Kingambit
|move|p1a: Gyarados|Dragon Dance|p1a: Gyarados
|-boost|p1a: Gyarados|atk|1
|-boost|p1a: Gyarados|spe|1
|
|upkeep
|turn|24
|
|t:|1778506204
|move|p2a: Kingambit|Sucker Punch|p1a: Gyarados
|-damage|p1a: Gyarados|0 fnt
|faint|p1a: Gyarados
|
|upkeep
|
|t:|1778506208
|switch|p1a: Donphan|Donphan, F|100/100
|turn|25
|
|t:|1778506214
|move|p2a: Kingambit|Sucker Punch|p1a: Donphan
|-damage|p1a: Donphan|33/100
|move|p1a: Donphan|Earthquake|p2a: Kingambit
|-supereffective|p2a: Kingambit
|-damage|p2a: Kingambit|0 fnt
|faint|p2a: Kingambit
|-end|p2a: Kingambit|fallen5|[silent]
|
|win|TheTatumaki
|raw|TheTatumaki's rating: 1201 &rarr; <strong>1225</strong><br />(+24 for winning)
|raw|Kristianna's rating: 1188 &rarr; <strong>1164</strong><br />(-24 for losing)
|l|☆Kristianna
|player|p2|
|l|☆TheTatumaki
|player|p1|
