|html|<div class="broadcast-blue"><strong>[Gen 9] OU is currently suspecting Tera Blast! For information on how to participate check out the <a href="https://www.smogon.com/tools/suspects/view/200">suspect thread</a>.</strong></div>
|j|☆whyguns?
|j|☆damobao
|t:|1776094113
|gametype|singles
|player|p1|whyguns?|skierf|1238
|player|p2|damobao|101|1199
|gen|9
|tier|[Gen 9] OU
|rated|
|rule|HP Percentage Mod: HP is shown in percentages
|rule|Endless Battle Clause: Forcing endless battles is banned
|rule|Species Clause: Limit one of each Pokémon
|rule|OHKO Clause: OHKO moves are banned
|rule|Evasion Items Clause: Evasion items are banned
|rule|Evasion Moves Clause: Evasion moves are banned
|rule|Evasion Abilities Clause: Evasion abilities are banned
|rule|Sleep Moves Clause: Sleep-inducing moves are banned
|clearpoke
|poke|p1|Samurott-Hisui, F|
|poke|p1|Haxorus, F|
|poke|p1|Gholdengo|
|poke|p1|Garchomp, M|
|poke|p1|Mandibuzz, F|
|poke|p1|Primarina, F|
|poke|p2|Garchomp, M|
|poke|p2|Metagross|
|poke|p2|Gyarados, F|
|poke|p2|Magmortar, M|
|poke|p2|Gastrodon-East, F|
|poke|p2|Weavile, F|
|teampreview
|
|t:|1776094134
|teamsize|p1|6
|teamsize|p2|6
|start
|switch|p1a: Garchomp|Garchomp, M|100/100
|switch|p2a: Gyarados|Gyarados, F|100/100
|-ability|p2a: Gyarados|Intimidate|boost
|-unboost|p1a: Garchomp|atk|1
|turn|1
|
|t:|1776094140
|move|p2a: Gyarados|Dragon Dance|p2a: Gyarados
|-boost|p2a: Gyarados|atk|1
|-boost|p2a: Gyarados|spe|1
|move|p1a: Garchomp|Stealth Rock|p2a: Gyarados
|-sidestart|p2: damobao|move: Stealth Rock
|
|upkeep
|turn|2
|
|t:|1776094147
|move|p2a: Gyarados|Waterfall|p1a: Garchomp
|-damage|p1a: Garchomp|59/100
|-damage|p2a: Gyarados|88/100|[from] ability: Rough Skin|[of] p1a: Garchomp
|-damage|p2a: Gyarados|71/100|[from] item: Rocky Helmet|[of] p1a: Garchomp
|cant|p1a: Garchomp|flinch
|
|upkeep
|turn|3
|
|t:|1776094155
|move|p2a: Gyarados|Waterfall|p1a: Garchomp
|-damage|p1a: Garchomp|18/100
|-damage|p2a: Gyarados|59/100|[from] ability: Rough Skin|[of] p1a: Garchomp
|-damage|p2a: Gyarados|42/100|[from] item: Rocky Helmet|[of] p1a: Garchomp
|move|p1a: Garchomp|Dragon Tail|p2a: Gyarados
|-damage|p2a: Gyarados|22/100
|drag|p2a: Gastrodon|Gastrodon-East, F|100/100
|-damage|p2a: Gastrodon|94/100|[from] Stealth Rock
|
|upkeep
|turn|4
|
|t:|1776094168
|switch|p1a: Primarina|Primarina, F|100/100
|move|p2a: Gastrodon|Surf|p1a: Primarina
|-resisted|p1a: Primarina
|-damage|p1a: Primarina|91/100
|
|upkeep
|turn|5
|
|t:|1776094176
|move|p1a: Primarina|Moonblast|p2a: Gastrodon
|-damage|p2a: Gastrodon|48/100
|move|p2a: Gastrodon|Ice Beam|p1a: Primarina
|-resisted|p1a: Primarina
|-damage|p1a: Primarina|84/100
|
|upkeep
|turn|6
|
|t:|1776094183
|move|p1a: Primarina|Moonblast|p2a: Gastrodon
|-damage|p2a: Gastrodon|6/100
|move|p2a: Gastrodon|Recover|p2a: Gastrodon
|-heal|p2a: Gastrodon|56/100
|
|upkeep
|turn|7
|
|t:|1776094190
|switch|p2a: Metagross|Metagross|100/100
|-damage|p2a: Metagross|94/100|[from] Stealth Rock
|move|p1a: Primarina|Moonblast|p2a: Metagross
|-resisted|p2a: Metagross
|-damage|p2a: Metagross|65/100
|
|-heal|p2a: Metagross|71/100|[from] item: Leftovers
|upkeep
|turn|8
|
|t:|1776094200
|move|p2a: Metagross|Stealth Rock|p1a: Primarina
|-sidestart|p1: whyguns?|move: Stealth Rock
|move|p1a: Primarina|Flip Turn|p2a: Metagross
|-damage|p2a: Metagross|59/100
|
|t:|1776094202
|switch|p1a: Samurott|Samurott-Hisui, F|100/100|[from] Flip Turn
|-damage|p1a: Samurott|88/100|[from] Stealth Rock
|
|-heal|p2a: Metagross|65/100|[from] item: Leftovers
|upkeep
|turn|9
|
|t:|1776094211
|switch|p2a: Gyarados|Gyarados, F|22/100
|-ability|p2a: Gyarados|Intimidate|boost
|-unboost|p1a: Samurott|atk|1
|move|p1a: Samurott|Ceaseless Edge|p2a: Gyarados
|-damage|p2a: Gyarados|0 fnt
|-sidestart|p2: damobao|Spikes
|faint|p2a: Gyarados
|
|upkeep
|
|t:|1776094221
|switch|p2a: Magmortar|Magmortar, M|100/100
|-damage|p2a: Magmortar|76/100|[from] Stealth Rock
|-damage|p2a: Magmortar|63/100|[from] Spikes
|turn|10
|
|t:|1776094239
|switch|p1a: Garchomp|Garchomp, M|18/100
|-damage|p1a: Garchomp|12/100|[from] Stealth Rock
|move|p2a: Magmortar|Thunderbolt|p1a: Garchomp
|-immune|p1a: Garchomp
|
|upkeep
|turn|11
|
|t:|1776094251
|move|p2a: Magmortar|Flamethrower|p1a: Garchomp
|-resisted|p1a: Garchomp
|-damage|p1a: Garchomp|0 fnt
|faint|p1a: Garchomp
|
|upkeep
|
|t:|1776094256
|switch|p1a: Samurott|Samurott-Hisui, F|88/100
|-damage|p1a: Samurott|76/100|[from] Stealth Rock
|turn|12
|
|t:|1776094271
|move|p1a: Samurott|Ceaseless Edge|p2a: Magmortar
|-damage|p2a: Magmortar|0 fnt
|-sidestart|p2: damobao|Spikes
|faint|p2a: Magmortar
|
|upkeep
|
|t:|1776094278
|switch|p2a: Garchomp|Garchomp, M|100/100
|-damage|p2a: Garchomp|94/100|[from] Stealth Rock
|-damage|p2a: Garchomp|78/100|[from] Spikes
|turn|13
|
|t:|1776094311
|switch|p1a: Gholdengo|Gholdengo|100/100
|-damage|p1a: Gholdengo|94/100|[from] Stealth Rock
|-item|p1a: Gholdengo|Air Balloon
|move|p2a: Garchomp|Swords Dance|p2a: Garchomp
|-boost|p2a: Garchomp|atk|2
|
|upkeep
|turn|14
|
|t:|1776094320
|move|p2a: Garchomp|Fire Fang|p1a: Gholdengo
|-supereffective|p1a: Gholdengo
|-damage|p1a: Gholdengo|33/100
|-enditem|p1a: Gholdengo|Air Balloon
|cant|p1a: Gholdengo|flinch
|
|upkeep
|turn|15
|
|t:|1776094343
|move|p2a: Garchomp|Scale Shot|p1a: Gholdengo
|-resisted|p1a: Gholdengo
|-damage|p1a: Gholdengo|24/100
|-resisted|p1a: Gholdengo
|-damage|p1a: Gholdengo|15/100
|-resisted|p1a: Gholdengo
|-damage|p1a: Gholdengo|5/100
|-resisted|p1a: Gholdengo
|-damage|p1a: Gholdengo|0 fnt
|faint|p1a: Gholdengo
|-hitcount|p1: Gholdengo|4
|-unboost|p2a: Garchomp|def|1
|-boost|p2a: Garchomp|spe|1
|
|upkeep
|
|t:|1776094351
|switch|p1a: Primarina|Primarina, F|84/100
|-damage|p1a: Primarina|72/100|[from] Stealth Rock
|turn|16
|
|t:|1776094363
|move|p2a: Garchomp|Earthquake|p1a: Primarina
|-damage|p1a: Primarina|0 fnt
|faint|p1a: Primarina
|
|upkeep
|
|t:|1776094379
|switch|p1a: Mandibuzz|Mandibuzz, F|100/100
|turn|17
|
|t:|1776094394
|-terastallize|p1a: Mandibuzz|Fairy
|move|p2a: Garchomp|Scale Shot|p1a: Mandibuzz
|-immune|p1a: Mandibuzz
|move|p1a: Mandibuzz|Knock Off|p2a: Garchomp
|-damage|p2a: Garchomp|35/100
|-damage|p1a: Mandibuzz|88/100|[from] ability: Rough Skin|[of] p2a: Garchomp
|-enditem|p2a: Garchomp|Loaded Dice|[from] move: Knock Off|[of] p1a: Mandibuzz
|
|upkeep
|turn|18
|
|t:|1776094412
|switch|p1a: Samurott|Samurott-Hisui, F|76/100
|-damage|p1a: Samurott|63/100|[from] Stealth Rock
|move|p2a: Garchomp|Earthquake|p1a: Samurott
|-damage|p1a: Samurott|0 fnt
|faint|p1a: Samurott
|
|upkeep
|-message|whyguns? forfeited.
|
|win|damobao
|raw|whyguns?'s rating: 1238 &rarr; <strong>1210</strong><br />(-28 for losing)
|raw|damobao's rating: 1199 &rarr; <strong>1227</strong><br />(+28 for winning)
|l|☆whyguns?
|player|p1|
|l|☆damobao
|player|p2|
