|html|<div class="broadcast-blue"><strong>[Gen 9] OU is currently suspecting Tera Blast! For information on how to participate check out the <a href="https://www.smogon.com/tools/suspects/view/200">suspect thread</a>.</strong></div>
|j|☆HugsProductions
|j|☆AmygdalanResponse
|t:|1776218502
|gametype|singles
|player|p1|HugsProductions|101|1403
|player|p2|AmygdalanResponse|marshal|1500
|gen|9
|tier|[Gen 9] OU
|rated|
|rule|HP Percentage Mod: HP is shown in percentages
|rule|Endless Battle Clause: Forcing endless battles is banned
|rule|Species Clause: Limit one of each Pokémon
|rule|OHKO Clause: OHKO moves are banned
|rule|Evasion Items Clause: Evasion items are banned
|rule|Evasion Moves Clause: Evasion moves are banned
|rule|Evasion Abilities Clause: Evasion abilities are banned
|rule|Sleep Moves Clause: Sleep-inducing moves are banned
|clearpoke
|poke|p1|Garganacl, F|
|poke|p1|Rillaboom, F|
|poke|p1|Kingambit, F|
|poke|p1|Primarina, M|
|poke|p1|Glimmora, M|
|poke|p1|Dragapult, M|
|poke|p2|Pelipper, F|
|poke|p2|Raging Bolt|
|poke|p2|Overqwil, F|
|poke|p2|Barraskewda, M|
|poke|p2|Iron Treads|
|poke|p2|Kingambit, M|
|teampreview
|j| ohko_smeargle
|c|☆AmygdalanResponse|gl hf
|
|t:|1776218523
|teamsize|p1|6
|teamsize|p2|6
|start
|switch|p1a: Dragapult|Dragapult, M|100/100
|switch|p2a: Iron Treads|Iron Treads|100/100
|-enditem|p2a: Iron Treads|Booster Energy
|-activate|p2a: Iron Treads|ability: Quark Drive|[fromitem]
|-start|p2a: Iron Treads|quarkdrivespe
|turn|1
|inactive|Battle timer is ON: inactive players will automatically lose when time's up. (requested by HugsProductions)
|
|t:|1776218531
|move|p2a: Iron Treads|Stealth Rock|p1a: Dragapult
|-sidestart|p1: HugsProductions|move: Stealth Rock
|move|p1a: Dragapult|Flamethrower|p2a: Iron Treads
|-supereffective|p2a: Iron Treads
|-crit|p2a: Iron Treads
|-damage|p2a: Iron Treads|0 fnt
|faint|p2a: Iron Treads
|-end|p2a: Iron Treads|Quark Drive|[silent]
|
|upkeep
|
|t:|1776218540
|switch|p2a: Pelipper|Pelipper, F|100/100
|-weather|RainDance|[from] ability: Drizzle|[of] p2a: Pelipper
|turn|2
|
|t:|1776218545
|switch|p1a: Rillaboom|Rillaboom, F|100/100
|-damage|p1a: Rillaboom|88/100|[from] Stealth Rock
|-fieldstart|move: Grassy Terrain|[from] ability: Grassy Surge|[of] p1a: Rillaboom
|switch|p2a: Overqwil|Overqwil, F|100/100
|
|-weather|RainDance|[upkeep]
|-heal|p1a: Rillaboom|94/100|[from] Grassy Terrain
|upkeep
|turn|3
|
|t:|1776218558
|move|p2a: Overqwil|Gunk Shot|p1a: Rillaboom
|-supereffective|p1a: Rillaboom
|-damage|p1a: Rillaboom|0 fnt
|faint|p1a: Rillaboom
|-damage|p2a: Overqwil|91/100|[from] item: Life Orb
|
|-weather|RainDance|[upkeep]
|-heal|p2a: Overqwil|97/100|[from] Grassy Terrain
|upkeep
|
|t:|1776218568
|switch|p1a: Glimmora|Glimmora, M|100/100
|-damage|p1a: Glimmora|88/100|[from] Stealth Rock
|turn|4
|
|t:|1776218573
|move|p2a: Overqwil|Swords Dance|p2a: Overqwil
|-boost|p2a: Overqwil|atk|2
|move|p1a: Glimmora|Stealth Rock|p2a: Overqwil
|-sidestart|p2: AmygdalanResponse|move: Stealth Rock
|
|-weather|RainDance|[upkeep]
|-heal|p2a: Overqwil|100/100|[from] Grassy Terrain
|-heal|p1a: Glimmora|94/100|[from] Grassy Terrain
|upkeep
|turn|5
|
|t:|1776218581
|move|p2a: Overqwil|Liquidation|p1a: Glimmora
|-supereffective|p1a: Glimmora
|-damage|p1a: Glimmora|0 fnt
|-activate|p1a: Glimmora|ability: Toxic Debris
|-sidestart|p2: AmygdalanResponse|move: Toxic Spikes
|faint|p1a: Glimmora
|-damage|p2a: Overqwil|91/100|[from] item: Life Orb
|
|-weather|RainDance|[upkeep]
|-heal|p2a: Overqwil|97/100|[from] Grassy Terrain
|upkeep
|
|t:|1776218590
|switch|p1a: Dragapult|Dragapult, M|100/100
|-damage|p1a: Dragapult|88/100|[from] Stealth Rock
|turn|6
|
|t:|1776218596
|move|p2a: Overqwil|Crunch|p1a: Dragapult
|-supereffective|p1a: Dragapult
|-damage|p1a: Dragapult|0 fnt
|faint|p1a: Dragapult
|-damage|p2a: Overqwil|87/100|[from] item: Life Orb
|
|-weather|RainDance|[upkeep]
|-heal|p2a: Overqwil|93/100|[from] Grassy Terrain
|-fieldend|move: Grassy Terrain
|upkeep
|
|t:|1776218607
|switch|p1a: Kingambit|Kingambit, F|100/100
|-damage|p1a: Kingambit|94/100|[from] Stealth Rock
|-activate|p1a: Kingambit|ability: Supreme Overlord
|-start|p1a: Kingambit|fallen3|[silent]
|turn|7
|
|t:|1776218614
|move|p2a: Overqwil|Liquidation|p1a: Kingambit
|-damage|p1a: Kingambit|10/100
|-damage|p2a: Overqwil|83/100|[from] item: Life Orb
|move|p1a: Kingambit|Kowtow Cleave|p2a: Overqwil
|-resisted|p2a: Overqwil
|-damage|p2a: Overqwil|43/100
|
|-weather|RainDance|[upkeep]
|upkeep
|turn|8
|
|t:|1776218621
|move|p1a: Kingambit|Sucker Punch|p2a: Overqwil
|-resisted|p2a: Overqwil
|-damage|p2a: Overqwil|9/100
|move|p2a: Overqwil|Liquidation|p1a: Kingambit
|-damage|p1a: Kingambit|0 fnt
|faint|p1a: Kingambit
|-end|p1a: Kingambit|fallen3|[silent]
|-damage|p2a: Overqwil|0 fnt|[from] item: Life Orb
|faint|p2a: Overqwil
|
|-weather|RainDance|[upkeep]
|upkeep
|
|t:|1776218648
|switch|p2a: Kingambit|Kingambit, M|100/100
|switch|p1a: Primarina|Primarina, M|100/100
|-damage|p2a: Kingambit|94/100|[from] Stealth Rock
|-activate|p2a: Kingambit|ability: Supreme Overlord
|-start|p2a: Kingambit|fallen2|[silent]
|turn|9
|
|t:|1776218664
|move|p1a: Primarina|Calm Mind|p1a: Primarina
|-boost|p1a: Primarina|spa|1
|-boost|p1a: Primarina|spd|1
|move|p2a: Kingambit|Swords Dance|p2a: Kingambit
|-boost|p2a: Kingambit|atk|2
|
|-weather|none
|-heal|p2a: Kingambit|100/100|[from] item: Leftovers
|upkeep
|turn|10
|
|t:|1776218675
|move|p1a: Primarina|Surf|p2a: Kingambit
|-damage|p2a: Kingambit|22/100
|move|p2a: Kingambit|Iron Head|p1a: Primarina
|-damage|p1a: Primarina|0 fnt
|faint|p1a: Primarina
|
|-heal|p2a: Kingambit|29/100|[from] item: Leftovers
|upkeep
|
|t:|1776218682
|switch|p1a: Garganacl|Garganacl, F|100/100
|-damage|p1a: Garganacl|88/100|[from] Stealth Rock
|turn|11
|
|t:|1776218691
|-terastallize|p1a: Garganacl|Water
|move|p2a: Kingambit|Iron Head|p1a: Garganacl
|-resisted|p1a: Garganacl
|-damage|p1a: Garganacl|53/100
|move|p1a: Garganacl|Curse|p1a: Garganacl
|-unboost|p1a: Garganacl|spe|1
|-boost|p1a: Garganacl|atk|1
|-boost|p1a: Garganacl|def|1
|
|-heal|p2a: Kingambit|35/100|[from] item: Leftovers
|-heal|p1a: Garganacl|59/100|[from] item: Leftovers
|upkeep
|turn|12
|
|t:|1776218705
|move|p2a: Kingambit|Kowtow Cleave|p1a: Garganacl
|-damage|p1a: Garganacl|9/100
|move|p1a: Garganacl|Salt Cure|p2a: Kingambit
|-resisted|p2a: Kingambit
|-damage|p2a: Kingambit|27/100
|-start|p2a: Kingambit|Salt Cure
|
|-heal|p2a: Kingambit|33/100|[from] item: Leftovers
|-heal|p1a: Garganacl|15/100|[from] item: Leftovers
|-damage|p2a: Kingambit|8/100|[from] Salt Cure
|upkeep
|turn|13
|
|t:|1776218714
|move|p2a: Kingambit|Kowtow Cleave|p1a: Garganacl
|-damage|p1a: Garganacl|0 fnt
|faint|p1a: Garganacl
|
|win|AmygdalanResponse
|raw|HugsProductions's rating: 1403 &rarr; <strong>1388</strong><br />(-15 for losing)
|raw|AmygdalanResponse's rating: 1500 &rarr; <strong>1515</strong><br />(+15 for winning)
|l| ohko_smeargle
|c|☆AmygdalanResponse|gg
