|html|<div class="broadcast-blue"><strong>[Gen 9] OU is currently suspecting Tera Blast! For information on how to participate check out the <a href="https://www.smogon.com/tools/suspects/view/200">suspect thread</a>.</strong></div>
|j|☆t44 (the one)
|j|☆Docter_Peng99
|t:|1776119972
|gametype|singles
|player|p1|t44 (the one)|rosa-pokestar|1497
|player|p2|Docter_Peng99|corbeau|1412
|gen|9
|tier|[Gen 9] OU
|rated|
|rule|HP Percentage Mod: HP is shown in percentages
|rule|Endless Battle Clause: Forcing endless battles is banned
|rule|Species Clause: Limit one of each Pokémon
|rule|OHKO Clause: OHKO moves are banned
|rule|Evasion Items Clause: Evasion items are banned
|rule|Evasion Moves Clause: Evasion moves are banned
|rule|Evasion Abilities Clause: Evasion abilities are banned
|rule|Sleep Moves Clause: Sleep-inducing moves are banned
|clearpoke
|poke|p1|Deoxys-Speed|
|poke|p1|Moltres-Galar|
|poke|p1|Kingambit, M|
|poke|p1|Blaziken, M|
|poke|p1|Ursaluna, M|
|poke|p1|Latias, F|
|poke|p2|Pelipper, M|
|poke|p2|Tornadus-Therian, M|
|poke|p2|Kingdra, M|
|poke|p2|Iron Treads|
|poke|p2|Ogerpon-Wellspring, F|
|poke|p2|Kingambit, M|
|teampreview
|inactive|Battle timer is ON: inactive players will automatically lose when time's up. (requested by t44 (the one))
|
|t:|1776119978
|teamsize|p1|6
|teamsize|p2|6
|start
|switch|p1a: Deoxys|Deoxys-Speed|100/100
|switch|p2a: The Drizzler|Pelipper, M|100/100
|-ability|p1a: Deoxys|Pressure
|-weather|RainDance|[from] ability: Drizzle|[of] p2a: The Drizzler
|turn|1
|
|t:|1776119986
|move|p1a: Deoxys|Light Screen|p1a: Deoxys
|-sidestart|p1: t44 (the one)|move: Light Screen
|move|p2a: The Drizzler|U-turn|p1a: Deoxys
|-supereffective|p1a: Deoxys
|-damage|p1a: Deoxys|77/100
|
|t:|1776119991
|switch|p2a: Tatsunoko|Kingdra, M|100/100|[from] U-turn
|
|-weather|RainDance|[upkeep]
|upkeep
|turn|2
|
|t:|1776119993
|move|p2a: Tatsunoko|Weather Ball|p1a: Deoxys
|-damage|p1a: Deoxys|20/100
|-damage|p2a: Tatsunoko|91/100|[from] item: Life Orb
|move|p1a: Deoxys|Reflect|p1a: Deoxys
|-sidestart|p1: t44 (the one)|Reflect
|
|-weather|RainDance|[upkeep]
|upkeep
|turn|3
|
|t:|1776120001
|switch|p1a: Latias|Latias, F|100/100
|move|p2a: Tatsunoko|Weather Ball|p1a: Latias
|-resisted|p1a: Latias
|-damage|p1a: Latias|85/100
|-damage|p2a: Tatsunoko|81/100|[from] item: Life Orb
|
|-weather|RainDance|[upkeep]
|upkeep
|turn|4
|
|t:|1776120003
|move|p2a: Tatsunoko|Draco Meteor|p1a: Latias
|-supereffective|p1a: Latias
|-damage|p1a: Latias|21/100
|-unboost|p2a: Tatsunoko|spa|2
|-enditem|p1a: Latias|Weakness Policy
|-boost|p1a: Latias|atk|2|[from] item: Weakness Policy
|-boost|p1a: Latias|spa|2|[from] item: Weakness Policy
|-damage|p2a: Tatsunoko|71/100|[from] item: Life Orb
|move|p1a: Latias|Calm Mind|p1a: Latias
|-boost|p1a: Latias|spa|1
|-boost|p1a: Latias|spd|1
|
|-weather|RainDance|[upkeep]
|upkeep
|turn|5
|
|t:|1776120010
|move|p2a: Tatsunoko|Draco Meteor|p1a: Latias
|-supereffective|p1a: Latias
|-damage|p1a: Latias|2/100
|-unboost|p2a: Tatsunoko|spa|2
|-damage|p2a: Tatsunoko|61/100|[from] item: Life Orb
|move|p1a: Latias|Agility|p1a: Latias
|-boost|p1a: Latias|spe|2
|
|-weather|RainDance|[upkeep]
|upkeep
|turn|6
|
|t:|1776120015
|switch|p2a: Iron Elephant|Iron Treads|100/100
|move|p1a: Latias|Draining Kiss|p2a: Iron Elephant
|-resisted|p2a: Iron Elephant
|-damage|p2a: Iron Elephant|79/100
|-heal|p1a: Latias|16/100|[from] drain|[of] p2a: Iron Elephant
|
|-weather|RainDance|[upkeep]
|-heal|p2a: Iron Elephant|85/100|[from] item: Leftovers
|upkeep
|turn|7
|
|t:|1776120022
|move|p1a: Latias|Stored Power|p2a: Iron Elephant
|-resisted|p2a: Iron Elephant
|-damage|p2a: Iron Elephant|0 fnt
|faint|p2a: Iron Elephant
|-end|p2a: Iron Elephant|Quark Drive|[silent]
|
|-weather|RainDance|[upkeep]
|upkeep
|
|t:|1776120027
|switch|p2a: Checkmate|Kingambit, M, shiny|100/100
|-activate|p2a: Checkmate|ability: Supreme Overlord
|-start|p2a: Checkmate|fallen1|[silent]
|turn|8
|
|t:|1776120029
|move|p2a: Checkmate|Sucker Punch||[still]
|-fail|p2a: Checkmate
|move|p1a: Latias|Calm Mind|p1a: Latias
|-boost|p1a: Latias|spa|1
|-boost|p1a: Latias|spd|1
|
|-weather|none
|-sideend|p1: t44 (the one)|move: Light Screen
|upkeep
|turn|9
|
|t:|1776120033
|move|p2a: Checkmate|Sucker Punch||[still]
|-fail|p2a: Checkmate
|move|p1a: Latias|Calm Mind|p1a: Latias
|-boost|p1a: Latias|spa|1
|-boost|p1a: Latias|spd|1
|
|-sideend|p1: t44 (the one)|Reflect
|upkeep
|turn|10
|
|t:|1776120035
|move|p2a: Checkmate|Sucker Punch||[still]
|-fail|p2a: Checkmate
|move|p1a: Latias|Calm Mind|p1a: Latias
|-boost|p1a: Latias|spa|1
|-boost|p1a: Latias|spd|1
|
|upkeep
|turn|11
|
|t:|1776120038
|move|p2a: Checkmate|Sucker Punch|p1a: Latias
|-supereffective|p1a: Latias
|-damage|p1a: Latias|0 fnt
|faint|p1a: Latias
|
|upkeep
|
|t:|1776120040
|switch|p1a: Deoxys|Deoxys-Speed|20/100
|-ability|p1a: Deoxys|Pressure
|turn|12
|
|t:|1776120046
|-end|p2a: Checkmate|fallen1|[silent]
|switch|p2a: The Drizzler|Pelipper, M|100/100
|-weather|RainDance|[from] ability: Drizzle|[of] p2a: The Drizzler
|move|p1a: Deoxys|Reflect|p1a: Deoxys
|-sidestart|p1: t44 (the one)|Reflect
|
|-weather|RainDance|[upkeep]
|upkeep
|turn|13
|
|t:|1776120048
|move|p1a: Deoxys|Light Screen|p1a: Deoxys
|-sidestart|p1: t44 (the one)|move: Light Screen
|move|p2a: The Drizzler|U-turn|p1a: Deoxys
|-supereffective|p1a: Deoxys
|-damage|p1a: Deoxys|8/100
|
|t:|1776120052
|switch|p2a: Tatsunoko|Kingdra, M|61/100|[from] U-turn
|
|-weather|RainDance|[upkeep]
|upkeep
|turn|14
|
|t:|1776120054
|move|p2a: Tatsunoko|Weather Ball|p1a: Deoxys
|-damage|p1a: Deoxys|0 fnt
|faint|p1a: Deoxys
|-damage|p2a: Tatsunoko|51/100|[from] item: Life Orb
|
|-weather|RainDance|[upkeep]
|upkeep
|
|t:|1776120056
|switch|p1a: Moltres|Moltres-Galar|100/100
|turn|15
|
|t:|1776120062
|move|p2a: Tatsunoko|Weather Ball|p1a: Moltres
|-damage|p1a: Moltres|58/100
|-damage|p2a: Tatsunoko|41/100|[from] item: Life Orb
|move|p1a: Moltres|Agility|p1a: Moltres
|-boost|p1a: Moltres|spe|2
|
|-weather|RainDance|[upkeep]
|upkeep
|turn|16
|
|t:|1776120068
|move|p1a: Moltres|Fiery Wrath|p2a: Tatsunoko
|-damage|p2a: Tatsunoko|0 fnt
|faint|p2a: Tatsunoko
|
|-weather|RainDance|[upkeep]
|upkeep
|
|t:|1776120073
|switch|p2a: Fujin|Tornadus-Therian, M|100/100
|turn|17
|
|t:|1776120074
|move|p1a: Moltres|Nasty Plot|p1a: Moltres
|-boost|p1a: Moltres|spa|2
|move|p2a: Fujin|Hurricane|p1a: Moltres
|-damage|p1a: Moltres|39/100
|-ability|p1a: Moltres|Berserk|boost
|-boost|p1a: Moltres|spa|1
|-enditem|p1a: Moltres|Sitrus Berry|[eat]
|-heal|p1a: Moltres|64/100|[from] item: Sitrus Berry
|
|-weather|RainDance|[upkeep]
|upkeep
|turn|18
|
|t:|1776120078
|move|p1a: Moltres|Fiery Wrath|p2a: Fujin
|-damage|p2a: Fujin|0 fnt
|faint|p2a: Fujin
|
|-weather|RainDance|[upkeep]
|upkeep
|
|t:|1776120081
|switch|p2a: The Drizzler|Pelipper, M|100/100
|turn|19
|
|t:|1776120088
|move|p1a: Moltres|Fiery Wrath|p2a: The Drizzler
|-crit|p2a: The Drizzler
|-damage|p2a: The Drizzler|0 fnt
|faint|p2a: The Drizzler
|
|-weather|none
|-sideend|p1: t44 (the one)|Reflect
|upkeep
|
|t:|1776120092
|switch|p2a: WarCrimes|Ogerpon-Wellspring, F|100/100
|turn|20
|c|☆t44 (the one)|ggs
|
|t:|1776120095
|move|p1a: Moltres|Fiery Wrath|p2a: WarCrimes
|-damage|p2a: WarCrimes|0 fnt
|faint|p2a: WarCrimes
|
|-sideend|p1: t44 (the one)|move: Light Screen
|upkeep
|
|t:|1776120096
|switch|p2a: Checkmate|Kingambit, M, shiny|100/100
|-activate|p2a: Checkmate|ability: Supreme Overlord
|-start|p2a: Checkmate|fallen5|[silent]
|turn|21
|
|t:|1776120099
|-terastallize|p1a: Moltres|Fairy
|move|p1a: Moltres|Tera Blast|p2a: Checkmate|[anim] Tera Blast Fairy
|-damage|p2a: Checkmate|0 fnt
|faint|p2a: Checkmate
|-end|p2a: Checkmate|fallen5|[silent]
|
|win|t44 (the one)
|raw|t44 (the one)'s rating: 1497 &rarr; <strong>1512</strong><br />(+15 for winning)
|raw|Docter_Peng99's rating: 1412 &rarr; <strong>1397</strong><br />(-15 for losing)
|l|☆Docter_Peng99
|player|p2|
