|html|<div class="broadcast-blue"><strong>[Gen 9] OU is currently suspecting Tera Blast! For information on how to participate check out the <a href="https://www.smogon.com/tools/suspects/view/200">suspect thread</a>.</strong></div>
|j|☆blooaxolotl
|j|☆LiamUtp
|t:|1776351552
|gametype|singles
|player|p1|blooaxolotl|gambler|
|player|p2|LiamUtp|lucas|
|gen|9
|tier|[Gen 9] OU
|rule|HP Percentage Mod: HP is shown in percentages
|rule|Endless Battle Clause: Forcing endless battles is banned
|rule|Species Clause: Limit one of each Pokémon
|rule|OHKO Clause: OHKO moves are banned
|rule|Evasion Items Clause: Evasion items are banned
|rule|Evasion Moves Clause: Evasion moves are banned
|rule|Evasion Abilities Clause: Evasion abilities are banned
|rule|Sleep Moves Clause: Sleep-inducing moves are banned
|clearpoke
|poke|p1|Vikavolt, F|
|poke|p1|Araquanid, F|
|poke|p1|Lokix, M|
|poke|p1|Rabsca, F|
|poke|p1|Forretress, M|
|poke|p1|Kleavor, M|
|poke|p2|Ribombee, M|
|poke|p2|Rabsca, M|
|poke|p2|Kleavor, M|
|poke|p2|Lokix, M|
|poke|p2|Vikavolt, M|
|poke|p2|Yanmega, M|
|teampreview
|
|t:|1776351556
|teamsize|p1|6
|teamsize|p2|6
|start
|switch|p1a: Lokix|Lokix, M|100/100
|switch|p2a: Yanmega|Yanmega, M|100/100
|turn|1
|
|t:|1776351569
|move|p2a: Yanmega|Detect|p2a: Yanmega
|-singleturn|p2a: Yanmega|Protect
|move|p1a: Lokix|U-turn|p2a: Yanmega
|-activate|p2a: Yanmega|move: Protect
|
|-ability|p2a: Yanmega|Speed Boost|boost
|-boost|p2a: Yanmega|spe|1
|upkeep
|turn|2
|
|t:|1776351577
|move|p1a: Lokix|Sucker Punch|p2a: Yanmega
|-damage|p2a: Yanmega|62/100
|move|p2a: Yanmega|Bug Buzz|p1a: Lokix
|-supereffective|p1a: Lokix
|-damage|p1a: Lokix|0 fnt
|faint|p1a: Lokix
|
|-ability|p2a: Yanmega|Speed Boost|boost
|-boost|p2a: Yanmega|spe|1
|upkeep
|
|t:|1776351583
|switch|p1a: Forretress|Forretress, M, shiny|100/100
|turn|3
|
|t:|1776351593
|move|p2a: Yanmega|Air Slash|p1a: Forretress
|-damage|p1a: Forretress|46/100
|move|p1a: Forretress|Gyro Ball|p2a: Yanmega
|-damage|p2a: Yanmega|8/100
|
|-ability|p2a: Yanmega|Speed Boost|boost
|-boost|p2a: Yanmega|spe|1
|upkeep
|turn|4
|
|t:|1776351601
|move|p2a: Yanmega|Air Slash|p1a: Forretress
|-damage|p1a: Forretress|0 fnt
|faint|p1a: Forretress
|
|-ability|p2a: Yanmega|Speed Boost|boost
|-boost|p2a: Yanmega|spe|1
|upkeep
|
|t:|1776351622
|switch|p1a: Kleavor|Kleavor, M|100/100
|turn|5
|
|t:|1776351627
|move|p2a: Yanmega|Bug Buzz|p1a: Kleavor
|-damage|p1a: Kleavor|24/100
|move|p1a: Kleavor|Aerial Ace|p2a: Yanmega
|-supereffective|p2a: Yanmega
|-damage|p2a: Yanmega|0 fnt
|faint|p2a: Yanmega
|
|upkeep
|
|t:|1776351633
|switch|p2a: Lokix|Lokix, M|100/100
|turn|6
|
|t:|1776351647
|switch|p1a: Vikavolt|Vikavolt, F|100/100
|move|p2a: Lokix|First Impression|p1a: Vikavolt
|-damage|p1a: Vikavolt|59/100
|
|-heal|p1a: Vikavolt|65/100|[from] item: Leftovers
|upkeep
|turn|7
|
|t:|1776351656
|move|p2a: Lokix|U-turn|p1a: Vikavolt
|-damage|p1a: Vikavolt|30/100
|
|t:|1776351659
|switch|p2a: Vikavolt|Vikavolt, M|100/100|[from] U-turn
|move|p1a: Vikavolt|Bug Buzz|p2a: Vikavolt
|-damage|p2a: Vikavolt|37/100
|
|-heal|p1a: Vikavolt|37/100|[from] item: Leftovers
|-heal|p2a: Vikavolt|44/100|[from] item: Leftovers
|upkeep
|turn|8
|
|t:|1776351669
|move|p2a: Vikavolt|Bug Buzz|p1a: Vikavolt
|-damage|p1a: Vikavolt|0 fnt
|faint|p1a: Vikavolt
|
|-heal|p2a: Vikavolt|50/100|[from] item: Leftovers
|upkeep
|
|t:|1776351674
|switch|p1a: Kleavor|Kleavor, M|24/100
|turn|9
|
|t:|1776351682
|move|p1a: Kleavor|X-Scissor|p2a: Vikavolt
|-damage|p2a: Vikavolt|0 fnt
|faint|p2a: Vikavolt
|
|upkeep
|
|t:|1776351687
|switch|p2a: Lokix|Lokix, M|100/100
|turn|10
|
|t:|1776351691
|-terastallize|p1a: Kleavor|Bug
|move|p2a: Lokix|First Impression|p1a: Kleavor
|-crit|p1a: Kleavor
|-damage|p1a: Kleavor|0 fnt
|faint|p1a: Kleavor
|
|upkeep
|
|t:|1776351695
|switch|p1a: Rabsca|Rabsca, F|100/100
|turn|11
|
|t:|1776351699
|move|p2a: Lokix|U-turn|p1a: Rabsca
|-supereffective|p1a: Rabsca
|-damage|p1a: Rabsca|34/100
|
|t:|1776351702
|switch|p2a: Ribombee|Ribombee, M|100/100|[from] U-turn
|move|p1a: Rabsca|Revival Blessing|p1a: Rabsca
|
|t:|1776351721
|-heal|p1: Kleavor|50/100|[from] move: Revival Blessing
|
|upkeep
|turn|12
|
|t:|1776351729
|move|p2a: Ribombee|Lunge|p1a: Rabsca
|-supereffective|p1a: Rabsca
|-damage|p1a: Rabsca|0 fnt
|faint|p1a: Rabsca
|
|upkeep
|
|t:|1776351732
|switch|p1a: Kleavor|Kleavor, M|50/100
|turn|13
|
|t:|1776351736
|move|p2a: Ribombee|Lunge|p1a: Kleavor
|-damage|p1a: Kleavor|29/100
|-unboost|p1a: Kleavor|atk|1
|move|p1a: Kleavor|Aerial Ace|p2a: Ribombee
|-supereffective|p2a: Ribombee
|-enditem|p2a: Ribombee|Focus Sash
|-damage|p2a: Ribombee|1/100
|
|upkeep
|turn|14
|
|t:|1776351743
|move|p2a: Ribombee|Lunge|p1a: Kleavor
|-damage|p1a: Kleavor|5/100
|-unboost|p1a: Kleavor|atk|1
|move|p1a: Kleavor|Aerial Ace|p2a: Ribombee
|-supereffective|p2a: Ribombee
|-damage|p2a: Ribombee|0 fnt
|faint|p2a: Ribombee
|
|upkeep
|
|t:|1776351752
|switch|p2a: Lokix|Lokix, M|100/100
|turn|15
|
|t:|1776351755
|move|p2a: Lokix|First Impression|p1a: Kleavor
|-damage|p1a: Kleavor|0 fnt
|faint|p1a: Kleavor
|
|upkeep
|
|t:|1776351757
|switch|p1a: Araquanid|Araquanid, F|100/100
|turn|16
|
|t:|1776351761
|move|p2a: Lokix|U-turn|p1a: Araquanid
|-damage|p1a: Araquanid|67/100
|
|t:|1776351765
|switch|p2a: Kleavor|Kleavor, M|100/100|[from] U-turn
|move|p1a: Araquanid|Liquidation|p2a: Kleavor
|-supereffective|p2a: Kleavor
|-damage|p2a: Kleavor|0 fnt
|faint|p2a: Kleavor
|
|upkeep
|
|t:|1776351772
|switch|p2a: Lokix|Lokix, M|100/100
|turn|17
|
|t:|1776351775
|move|p2a: Lokix|First Impression|p1a: Araquanid
|-damage|p1a: Araquanid|23/100
|move|p1a: Araquanid|Liquidation|p2a: Lokix
|-damage|p2a: Lokix|33/100
|
|upkeep
|turn|18
|
|t:|1776351783
|move|p1a: Araquanid|Protect|p1a: Araquanid
|-singleturn|p1a: Araquanid|Protect
|move|p2a: Lokix|Sucker Punch||[still]
|-fail|p2a: Lokix
|
|upkeep
|turn|19
|
|t:|1776351788
|move|p2a: Lokix|Sucker Punch|p1a: Araquanid
|-damage|p1a: Araquanid|0 fnt
|faint|p1a: Araquanid
|
|win|LiamUtp
