|html|<div class="broadcast-blue"><strong>[Gen 9] OU is currently suspecting Tera Blast! For information on how to participate check out the <a href="https://www.smogon.com/tools/suspects/view/200">suspect thread</a>.</strong></div>
|j|☆faiyex-san
|j|☆mathismathin
|t:|1776187434
|gametype|singles
|player|p1|faiyex-san|erika|1608
|player|p2|mathismathin|bugsy-masters|1652
|gen|9
|tier|[Gen 9] OU
|rated|
|rule|HP Percentage Mod: HP is shown in percentages
|rule|Endless Battle Clause: Forcing endless battles is banned
|rule|Species Clause: Limit one of each Pokémon
|rule|OHKO Clause: OHKO moves are banned
|rule|Evasion Items Clause: Evasion items are banned
|rule|Evasion Moves Clause: Evasion moves are banned
|rule|Evasion Abilities Clause: Evasion abilities are banned
|rule|Sleep Moves Clause: Sleep-inducing moves are banned
|clearpoke
|poke|p1|Greninja-*, M|
|poke|p1|Iron Valiant|
|poke|p1|Ogerpon-Wellspring, F|
|poke|p1|Raging Bolt|
|poke|p1|Gholdengo|
|poke|p1|Glimmora, M|
|poke|p2|Krookodile, F|
|poke|p2|Moltres|
|poke|p2|Greninja-*, M|
|poke|p2|Blaziken, F|
|poke|p2|Forretress, F|
|poke|p2|Umbreon, M|
|teampreview
|j| Kyurem
|inactive|Battle timer is ON: inactive players will automatically lose when time's up. (requested by faiyex-san)
|
|t:|1776187484
|teamsize|p1|6
|teamsize|p2|6
|start
|switch|p1a: Ogerpon|Ogerpon-Wellspring, F|100/100
|switch|p2a: Greninja|Greninja, M, shiny|100/100
|turn|1
|
|t:|1776187492
|switch|p2a: Forretress|Forretress, F, shiny|100/100
|move|p1a: Ogerpon|Ivy Cudgel|p2a: Forretress|[anim] Ivy Cudgel Water
|-damage|p2a: Forretress|69/100
|
|upkeep
|turn|2
|
|t:|1776187506
|move|p1a: Ogerpon|Taunt|p2a: Forretress
|-start|p2a: Forretress|move: Taunt
|cant|p2a: Forretress|move: Taunt|Stealth Rock
|
|upkeep
|turn|3
|
|t:|1776187510
|switch|p1a: Glimmora|Glimmora, M|100/100
|move|p2a: Forretress|Body Press|p1a: Glimmora
|-damage|p1a: Glimmora|64/100
|-activate|p1a: Glimmora|ability: Toxic Debris
|-sidestart|p2: mathismathin|move: Toxic Spikes
|
|upkeep
|turn|4
|
|t:|1776187513
|move|p1a: Glimmora|Power Gem|p2a: Forretress
|-damage|p2a: Forretress|13/100
|move|p2a: Forretress|Gyro Ball|p1a: Glimmora
|-supereffective|p1a: Glimmora
|-damage|p1a: Glimmora|0 fnt
|-activate|p1a: Glimmora|ability: Toxic Debris
|-sidestart|p2: mathismathin|move: Toxic Spikes
|faint|p1a: Glimmora
|
|-end|p2a: Forretress|move: Taunt
|upkeep
|
|t:|1776187521
|switch|p1a: Greninja|Greninja, M|100/100
|turn|5
|
|t:|1776187526
|switch|p2a: Umbreon|Umbreon, M, shiny|100/100
|-status|p2a: Umbreon|tox
|move|p1a: Greninja|Dark Pulse|p2a: Umbreon
|-resisted|p2a: Umbreon
|-damage|p2a: Umbreon|89/100 tox
|-damage|p1a: Greninja|91/100|[from] item: Life Orb
|
|-heal|p2a: Umbreon|95/100 tox|[from] item: Leftovers
|-damage|p2a: Umbreon|89/100 tox|[from] psn
|upkeep
|turn|6
|
|t:|1776187534
|switch|p1a: Iron Valiant|Iron Valiant|100/100
|-enditem|p1a: Iron Valiant|Booster Energy
|-activate|p1a: Iron Valiant|ability: Quark Drive|[fromitem]
|-start|p1a: Iron Valiant|quarkdrivespe
|move|p2a: Umbreon|Toxic|p1a: Iron Valiant
|-status|p1a: Iron Valiant|tox
|
|-heal|p2a: Umbreon|95/100 tox|[from] item: Leftovers
|-damage|p1a: Iron Valiant|94/100 tox|[from] psn
|-damage|p2a: Umbreon|83/100 tox|[from] psn
|upkeep
|turn|7
|
|t:|1776187543
|switch|p2a: Moltres|Moltres|100/100
|move|p1a: Iron Valiant|Moonblast|p2a: Moltres
|-resisted|p2a: Moltres
|-damage|p2a: Moltres|78/100
|-unboost|p2a: Moltres|spa|1
|
|-damage|p1a: Iron Valiant|82/100 tox|[from] psn
|upkeep
|turn|8
|
|t:|1776187548
|switch|p2a: Forretress|Forretress, F, shiny|13/100
|move|p1a: Iron Valiant|Knock Off|p2a: Forretress
|-damage|p2a: Forretress|0 fnt
|-damage|p1a: Iron Valiant|65/100 tox|[from] item: Rocky Helmet|[of] p2a: Forretress
|-enditem|p2a: Forretress|Rocky Helmet|[from] move: Knock Off|[of] p1a: Iron Valiant
|faint|p2a: Forretress
|
|-damage|p1a: Iron Valiant|47/100 tox|[from] psn
|upkeep
|
|t:|1776187556
|switch|p2a: Moltres|Moltres|78/100
|turn|9
|
|t:|1776187558
|move|p1a: Iron Valiant|Knock Off|p2a: Moltres
|-damage|p2a: Moltres|49/100
|-enditem|p2a: Moltres|Heavy-Duty Boots|[from] move: Knock Off|[of] p1a: Iron Valiant
|move|p2a: Moltres|Scorching Sands|p1a: Iron Valiant
|-damage|p1a: Iron Valiant|0 fnt
|faint|p1a: Iron Valiant
|-end|p1a: Iron Valiant|Quark Drive|[silent]
|
|upkeep
|
|t:|1776187564
|switch|p1a: Ogerpon|Ogerpon-Wellspring, F|100/100
|turn|10
|
|t:|1776187569
|-terastallize|p1a: Ogerpon|Water
|detailschange|p1a: Ogerpon|Ogerpon-Wellspring-Tera, F, tera:Water
|-ability|p1a: Ogerpon|Embody Aspect (Wellspring)|boost
|-boost|p1a: Ogerpon|spd|1
|move|p1a: Ogerpon|Ivy Cudgel|p2a: Moltres|[anim] Ivy Cudgel Water
|-supereffective|p2a: Moltres
|-damage|p2a: Moltres|0 fnt
|faint|p2a: Moltres
|
|upkeep
|
|t:|1776187573
|switch|p2a: Umbreon|Umbreon, M, shiny|83/100 tox
|turn|11
|
|t:|1776187578
|switch|p1a: Greninja|Greninja, M|91/100
|move|p2a: Umbreon|Foul Play|p1a: Greninja
|-resisted|p1a: Greninja
|-damage|p1a: Greninja|68/100
|
|-heal|p2a: Umbreon|89/100 tox|[from] item: Leftovers
|-damage|p2a: Umbreon|83/100 tox|[from] psn
|upkeep
|turn|12
|
|t:|1776187581
|move|p1a: Greninja|Surf|p2a: Umbreon
|-damage|p2a: Umbreon|58/100 tox
|-damage|p1a: Greninja|58/100|[from] item: Life Orb
|move|p2a: Umbreon|Wish|p2a: Umbreon
|
|-heal|p2a: Umbreon|64/100 tox|[from] item: Leftovers
|-damage|p2a: Umbreon|52/100 tox|[from] psn
|upkeep
|turn|13
|
|t:|1776187587
|switch|p1a: Raging Bolt|Raging Bolt|100/100
|-enditem|p1a: Raging Bolt|Booster Energy
|-activate|p1a: Raging Bolt|ability: Protosynthesis|[fromitem]
|-start|p1a: Raging Bolt|protosynthesisspe
|move|p2a: Umbreon|Foul Play|p1a: Raging Bolt
|-damage|p1a: Raging Bolt|80/100
|
|-heal|p2a: Umbreon|100/100 tox|[from] move: Wish|[wisher] Umbreon
|-damage|p2a: Umbreon|82/100 tox|[from] psn
|upkeep
|turn|14
|
|t:|1776187598
|switch|p2a: Krookodile|Krookodile, F, shiny|100/100
|-status|p2a: Krookodile|tox
|move|p1a: Raging Bolt|Substitute|p1a: Raging Bolt
|-start|p1a: Raging Bolt|Substitute
|-damage|p1a: Raging Bolt|56/100
|
|-damage|p2a: Krookodile|94/100 tox|[from] psn
|upkeep
|turn|15
|
|t:|1776187602
|move|p1a: Raging Bolt|Calm Mind|p1a: Raging Bolt
|-boost|p1a: Raging Bolt|spa|1
|-boost|p1a: Raging Bolt|spd|1
|move|p2a: Krookodile|Scale Shot|p1a: Raging Bolt
|-supereffective|p1a: Raging Bolt
|-activate|p1a: Raging Bolt|move: Substitute|[damage]
|-supereffective|p1a: Raging Bolt
|-end|p1a: Raging Bolt|Substitute
|-supereffective|p1a: Raging Bolt
|-damage|p1a: Raging Bolt|41/100
|-supereffective|p1a: Raging Bolt
|-damage|p1a: Raging Bolt|26/100
|-hitcount|p1a: Raging Bolt|4
|-unboost|p2a: Krookodile|def|1
|-boost|p2a: Krookodile|spe|1
|
|-damage|p2a: Krookodile|82/100 tox|[from] psn
|upkeep
|turn|16
|
|t:|1776187607
|move|p2a: Krookodile|Earthquake|p1a: Raging Bolt
|-supereffective|p1a: Raging Bolt
|-damage|p1a: Raging Bolt|0 fnt
|faint|p1a: Raging Bolt
|-end|p1a: Raging Bolt|Protosynthesis|[silent]
|-ability|p2a: Krookodile|Moxie|boost
|-boost|p2a: Krookodile|atk|1
|
|-damage|p2a: Krookodile|64/100 tox|[from] psn
|upkeep
|
|t:|1776187615
|switch|p1a: Greninja|Greninja, M|58/100
|turn|17
|
|t:|1776187633
|-terastallize|p2a: Krookodile|Dragon
|move|p1a: Greninja|Water Shuriken|p2a: Krookodile
|-resisted|p2a: Krookodile
|-damage|p2a: Krookodile|59/100 tox
|-resisted|p2a: Krookodile
|-damage|p2a: Krookodile|53/100 tox
|-resisted|p2a: Krookodile
|-damage|p2a: Krookodile|47/100 tox
|-resisted|p2a: Krookodile
|-damage|p2a: Krookodile|41/100 tox
|-hitcount|p2a: Krookodile|4
|-damage|p1a: Greninja|48/100|[from] item: Life Orb
|move|p2a: Krookodile|Scale Shot|p1a: Greninja
|-damage|p1a: Greninja|14/100
|-damage|p1a: Greninja|0 fnt
|faint|p1a: Greninja
|-ability|p2a: Krookodile|Moxie|boost
|-boost|p2a: Krookodile|atk|1
|-hitcount|p1: Greninja|2
|-unboost|p2a: Krookodile|def|1
|-boost|p2a: Krookodile|spe|1
|
|-damage|p2a: Krookodile|17/100 tox|[from] psn
|upkeep
|
|t:|1776187638
|switch|p1a: Gholdengo|Gholdengo|100/100
|-item|p1a: Gholdengo|Air Balloon
|turn|18
|
|t:|1776187660
|move|p2a: Krookodile|Knock Off|p1a: Gholdengo
|-supereffective|p1a: Gholdengo
|-damage|p1a: Gholdengo|0 fnt
|-enditem|p1a: Gholdengo|Air Balloon
|faint|p1a: Gholdengo
|-ability|p2a: Krookodile|Moxie|boost
|-boost|p2a: Krookodile|atk|1
|
|-damage|p2a: Krookodile|0 fnt|[from] psn
|faint|p2a: Krookodile
|upkeep
|inactive|mathismathin has 120 seconds left.
|
|t:|1776187677
|switch|p2a: Umbreon|Umbreon, M, shiny|82/100 tox
|switch|p1a: Ogerpon|Ogerpon-Wellspring-Tera, F, tera:Water|100/100
|-ability|p1a: Ogerpon|Embody Aspect (Wellspring)|boost
|-boost|p1a: Ogerpon|spd|1
|turn|19
|
|t:|1776187682
|move|p1a: Ogerpon|Ivy Cudgel|p2a: Umbreon|[anim] Ivy Cudgel Water
|-damage|p2a: Umbreon|25/100 tox
|move|p2a: Umbreon|Foul Play|p1a: Ogerpon
|-damage|p1a: Ogerpon|35/100
|
|-heal|p2a: Umbreon|31/100 tox|[from] item: Leftovers
|-damage|p2a: Umbreon|25/100 tox|[from] psn
|upkeep
|turn|20
|
|t:|1776187689
|move|p1a: Ogerpon|Ivy Cudgel|p2a: Umbreon|[anim] Ivy Cudgel Water
|-damage|p2a: Umbreon|0 fnt
|faint|p2a: Umbreon
|
|upkeep
|
|t:|1776187690
|switch|p2a: Greninja|Greninja, M, shiny|100/100
|-status|p2a: Greninja|tox
|turn|21
|
|t:|1776187692
|move|p2a: Greninja|Dark Pulse|p1a: Ogerpon
|-start|p2a: Greninja|typechange|Dark|[from] ability: Protean
|-damage|p1a: Ogerpon|0 fnt
|faint|p1a: Ogerpon
|detailschange|p1: Ogerpon|Ogerpon-Wellspring, F|[silent]
|
|win|mathismathin
|raw|faiyex-san's rating: 1608 &rarr; <strong>1591</strong><br />(-17 for losing)
|raw|mathismathin's rating: 1652 &rarr; <strong>1669</strong><br />(+17 for winning)
