|html|<div class="broadcast-blue"><strong>[Gen 9] OU is currently suspecting Tera Blast! For information on how to participate check out the <a href="https://www.smogon.com/tools/suspects/view/200">suspect thread</a>.</strong></div>
|j|☆typhoon9
|j|☆Vanitas_3
|t:|1776298803
|gametype|singles
|player|p1|typhoon9|101|1393
|player|p2|Vanitas_3|zinnia-masters|1323
|gen|9
|tier|[Gen 9] OU
|rated|
|rule|HP Percentage Mod: HP is shown in percentages
|rule|Endless Battle Clause: Forcing endless battles is banned
|rule|Species Clause: Limit one of each Pokémon
|rule|OHKO Clause: OHKO moves are banned
|rule|Evasion Items Clause: Evasion items are banned
|rule|Evasion Moves Clause: Evasion moves are banned
|rule|Evasion Abilities Clause: Evasion abilities are banned
|rule|Sleep Moves Clause: Sleep-inducing moves are banned
|clearpoke
|poke|p1|Hatterene, F|
|poke|p1|Ursaluna, M|
|poke|p1|Porygon2|
|poke|p1|Cresselia, F|
|poke|p1|Volcanion|
|poke|p1|Hydrapple, M|
|poke|p2|Deoxys-Speed|
|poke|p2|Ceruledge, M|
|poke|p2|Zamazenta-*|
|poke|p2|Ogerpon-Wellspring, F|
|poke|p2|Glimmora, F|
|poke|p2|Moltres-Galar|
|teampreview
|inactive|Battle timer is ON: inactive players will automatically lose when time's up. (requested by typhoon9)
|
|t:|1776298811
|teamsize|p1|6
|teamsize|p2|6
|start
|switch|p1a: Hatterene|Hatterene, F, shiny|100/100
|switch|p2a: Glimmora|Glimmora, F|100/100
|turn|1
|
|t:|1776298817
|move|p2a: Glimmora|Meteor Beam||[still]
|-prepare|p2a: Glimmora|Meteor Beam
|-boost|p2a: Glimmora|spa|1
|-enditem|p2a: Glimmora|Power Herb
|-anim|p2a: Glimmora|Meteor Beam|p1a: Hatterene
|-damage|p1a: Hatterene|10/100
|move|p1a: Hatterene|Trick Room|p1a: Hatterene
|-fieldstart|move: Trick Room|[of] p1a: Hatterene
|
|upkeep
|turn|2
|
|t:|1776298833
|move|p1a: Hatterene|Psychic Noise|p2a: Glimmora
|-supereffective|p2a: Glimmora
|-damage|p2a: Glimmora|0 fnt
|faint|p2a: Glimmora
|
|upkeep
|
|t:|1776298846
|switch|p2a: Moltres|Moltres-Galar|100/100
|turn|3
|
|t:|1776298854
|move|p1a: Hatterene|Healing Wish|p1a: Hatterene
|faint|p1a: Hatterene
|move|p2a: Moltres|Nasty Plot|p2a: Moltres
|-boost|p2a: Moltres|spa|2
|
|upkeep
|
|t:|1776298867
|switch|p1a: Volcanion|Volcanion|100/100
|turn|4
|
|t:|1776298876
|move|p1a: Volcanion|Steam Eruption|p2a: Moltres
|-damage|p2a: Moltres|13/100
|-ability|p2a: Moltres|Berserk|boost
|-boost|p2a: Moltres|spa|1
|-enditem|p2a: Moltres|Sitrus Berry|[eat]
|-heal|p2a: Moltres|38/100|[from] item: Sitrus Berry
|move|p2a: Moltres|Fiery Wrath|p1a: Volcanion
|-damage|p1a: Volcanion|0 fnt
|faint|p1a: Volcanion
|
|upkeep
|
|t:|1776298882
|switch|p1a: big man|Ursaluna, M|100/100
|turn|5
|
|t:|1776298896
|move|p1a: big man|Facade|p2a: Moltres
|-damage|p2a: Moltres|0 fnt
|faint|p2a: Moltres
|
|-fieldend|move: Trick Room
|-status|p1a: big man|brn|[from] item: Flame Orb
|upkeep
|c|☆typhoon9|fuck shoulda tera
|
|t:|1776298907
|switch|p2a: Ogerpon|Ogerpon-Wellspring, F|100/100
|turn|6
|
|t:|1776298915
|-terastallize|p1a: big man|Normal
|move|p2a: Ogerpon|Ivy Cudgel|p1a: big man|[anim] Ivy Cudgel Water
|-damage|p1a: big man|56/100 brn
|move|p1a: big man|Facade|p2a: Ogerpon
|-damage|p2a: Ogerpon|0 fnt
|faint|p2a: Ogerpon
|
|-damage|p1a: big man|50/100 brn|[from] brn
|upkeep
|
|t:|1776298927
|switch|p2a: Zamazenta|Zamazenta|100/100
|-ability|p2a: Zamazenta|Dauntless Shield|boost
|-boost|p2a: Zamazenta|def|1
|turn|7
|
|t:|1776298948
|switch|p1a: bad apple|Hydrapple, M|100/100
|move|p2a: Zamazenta|Body Press|p1a: bad apple
|-damage|p1a: bad apple|61/100
|
|upkeep
|turn|8
|
|t:|1776298957
|move|p2a: Zamazenta|Iron Defense|p2a: Zamazenta
|-boost|p2a: Zamazenta|def|2
|move|p1a: bad apple|Fickle Beam|p2a: Zamazenta
|-damage|p2a: Zamazenta|51/100
|-damage|p1a: bad apple|51/100|[from] item: Life Orb
|
|-heal|p2a: Zamazenta|57/100|[from] item: Leftovers
|upkeep
|turn|9
|
|t:|1776298972
|move|p2a: Zamazenta|Body Press|p1a: bad apple
|-damage|p1a: bad apple|0 fnt
|faint|p1a: bad apple
|
|-heal|p2a: Zamazenta|64/100|[from] item: Leftovers
|upkeep
|
|t:|1776298982
|switch|p1a: Cresselia|Cresselia, F, shiny|100/100
|turn|10
|inactive|Vanitas_3 has 120 seconds left.
|
|t:|1776299014
|move|p2a: Zamazenta|Roar|p1a: Cresselia
|drag|p1a: Porygon2|Porygon2|100/100
|-ability|p1a: Porygon2|Download|boost
|-boost|p1a: Porygon2|spa|1
|
|-heal|p2a: Zamazenta|70/100|[from] item: Leftovers
|upkeep
|turn|11
|
|t:|1776299022
|move|p2a: Zamazenta|Body Press|p1a: Porygon2
|-supereffective|p1a: Porygon2
|-damage|p1a: Porygon2|0 fnt
|faint|p1a: Porygon2
|
|-heal|p2a: Zamazenta|76/100|[from] item: Leftovers
|upkeep
|
|t:|1776299024
|switch|p1a: Cresselia|Cresselia, F, shiny|100/100
|turn|12
|
|t:|1776299030
|move|p1a: Cresselia|Psychic|p2a: Zamazenta
|-supereffective|p2a: Zamazenta
|-crit|p2a: Zamazenta
|-damage|p2a: Zamazenta|4/100
|move|p2a: Zamazenta|Roar|p1a: Cresselia
|drag|p1a: big man|Ursaluna, M, tera:Normal|50/100 brn
|-heal|p1a: big man|100/100|[from] move: Healing Wish
|
|-heal|p2a: Zamazenta|10/100|[from] item: Leftovers
|-status|p1a: big man|brn|[from] item: Flame Orb
|upkeep
|turn|13
|
|t:|1776299042
|switch|p1a: Cresselia|Cresselia, F, shiny|100/100
|move|p2a: Zamazenta|Body Press|p1a: Cresselia
|-resisted|p1a: Cresselia
|-damage|p1a: Cresselia|74/100
|
|-heal|p2a: Zamazenta|16/100|[from] item: Leftovers
|upkeep
|turn|14
|
|t:|1776299051
|move|p2a: Zamazenta|Body Press|p1a: Cresselia
|-resisted|p1a: Cresselia
|-crit|p1a: Cresselia
|-damage|p1a: Cresselia|33/100
|move|p1a: Cresselia|Trick Room|p1a: Cresselia
|-fieldstart|move: Trick Room|[of] p1a: Cresselia
|
|-heal|p2a: Zamazenta|22/100|[from] item: Leftovers
|upkeep
|turn|15
|
|t:|1776299059
|move|p1a: Cresselia|Psychic|p2a: Zamazenta
|-supereffective|p2a: Zamazenta
|-damage|p2a: Zamazenta|0 fnt
|faint|p2a: Zamazenta
|
|upkeep
|
|t:|1776299067
|switch|p2a: Deoxys|Deoxys-Speed|100/100
|-ability|p2a: Deoxys|Pressure
|turn|16
|
|t:|1776299078
|switch|p1a: big man|Ursaluna, M, tera:Normal|100/100 brn
|move|p2a: Deoxys|Reflect|p2a: Deoxys
|-sidestart|p2: Vanitas_3|Reflect
|
|-damage|p1a: big man|94/100 brn|[from] brn
|upkeep
|turn|17
|
|t:|1776299085
|move|p1a: big man|Headlong Rush|p2a: Deoxys
|-damage|p2a: Deoxys|32/100
|-unboost|p1a: big man|def|1
|-unboost|p1a: big man|spd|1
|move|p2a: Deoxys|Psycho Boost|p1a: big man
|-damage|p1a: big man|32/100 brn
|-unboost|p2a: Deoxys|spa|2
|
|-damage|p1a: big man|26/100 brn|[from] brn
|upkeep
|turn|18
|
|t:|1776299097
|move|p1a: big man|Headlong Rush|p2a: Deoxys
|-damage|p2a: Deoxys|0 fnt
|-unboost|p1a: big man|def|1
|-unboost|p1a: big man|spd|1
|faint|p2a: Deoxys
|
|-damage|p1a: big man|20/100 brn|[from] brn
|-fieldend|move: Trick Room
|upkeep
|
|t:|1776299102
|switch|p2a: Ceruledge|Ceruledge, M|100/100
|turn|19
|
|t:|1776299109
|switch|p1a: Cresselia|Cresselia, F, shiny|33/100
|-terastallize|p2a: Ceruledge|Ghost
|move|p2a: Ceruledge|Bitter Blade|p1a: Cresselia
|-crit|p1a: Cresselia
|-damage|p1a: Cresselia|0 fnt
|faint|p1a: Cresselia
|-damage|p2a: Ceruledge|91/100|[from] item: Life Orb
|
|upkeep
|
|t:|1776299111
|switch|p1a: big man|Ursaluna, M, tera:Normal|20/100 brn
|turn|20
|
|t:|1776299118
|move|p2a: Ceruledge|Bitter Blade|p1a: big man
|-damage|p1a: big man|0 fnt
|-heal|p2a: Ceruledge|100/100|[from] drain|[of] p1a: big man
|faint|p1a: big man
|-damage|p2a: Ceruledge|91/100|[from] item: Life Orb
|
|win|Vanitas_3
