|html|<div class="broadcast-blue"><strong>[Gen 9] OU is currently suspecting Tera Blast! For information on how to participate check out the <a href="https://www.smogon.com/tools/suspects/view/200">suspect thread</a>.</strong></div>
|j|☆goodnightnite
|j|☆Acastillo631
|t:|1776092912
|gametype|singles
|player|p1|goodnightnite|cynthia-masters|1638
|player|p2|Acastillo631|silver|1605
|gen|9
|tier|[Gen 9] OU
|rated|
|rule|HP Percentage Mod: HP is shown in percentages
|rule|Endless Battle Clause: Forcing endless battles is banned
|rule|Species Clause: Limit one of each Pokémon
|rule|OHKO Clause: OHKO moves are banned
|rule|Evasion Items Clause: Evasion items are banned
|rule|Evasion Moves Clause: Evasion moves are banned
|rule|Evasion Abilities Clause: Evasion abilities are banned
|rule|Sleep Moves Clause: Sleep-inducing moves are banned
|clearpoke
|poke|p1|Pelipper, F|
|poke|p1|Raging Bolt|
|poke|p1|Overqwil, M|
|poke|p1|Barraskewda, F|
|poke|p1|Iron Treads|
|poke|p1|Kingambit, M|
|poke|p2|Iron Valiant|
|poke|p2|Sinistcha|
|poke|p2|Tyranitar, F|
|poke|p2|Klefki, M|
|poke|p2|Swampert, M|
|poke|p2|Talonflame, M|
|teampreview
|inactive|Battle timer is ON: inactive players will automatically lose when time's up. (requested by goodnightnite)
|
|t:|1776092922
|teamsize|p1|6
|teamsize|p2|6
|start
|switch|p1a: Pelipper|Pelipper, F|100/100
|switch|p2a: Duff McWhalen|Swampert, M|100/100
|-weather|RainDance|[from] ability: Drizzle|[of] p1a: Pelipper
|turn|1
|
|t:|1776092937
|move|p2a: Duff McWhalen|Stealth Rock|p1a: Pelipper
|-sidestart|p1: goodnightnite|move: Stealth Rock
|move|p1a: Pelipper|Hurricane|p2a: Duff McWhalen
|-damage|p2a: Duff McWhalen|76/100
|
|-weather|RainDance|[upkeep]
|-heal|p2a: Duff McWhalen|82/100|[from] item: Leftovers
|upkeep
|turn|2
|
|t:|1776092942
|move|p2a: Duff McWhalen|Knock Off|p1a: Pelipper
|-damage|p1a: Pelipper|82/100
|-enditem|p1a: Pelipper|Damp Rock|[from] move: Knock Off|[of] p2a: Duff McWhalen
|move|p1a: Pelipper|U-turn|p2a: Duff McWhalen
|-damage|p2a: Duff McWhalen|74/100
|inactive|goodnightnite has 120 seconds left.
|j| Metallic Symphony
|
|t:|1776092990
|switch|p1a: Barraskewda|Barraskewda, F|100/100|[from] U-turn
|-damage|p1a: Barraskewda|88/100|[from] Stealth Rock
|
|-weather|RainDance|[upkeep]
|-heal|p2a: Duff McWhalen|80/100|[from] item: Leftovers
|upkeep
|turn|3
|
|t:|1776093001
|switch|p2a: Talonflame|Talonflame, M|100/100
|move|p1a: Barraskewda|Liquidation|p2a: Talonflame
|-supereffective|p2a: Talonflame
|-damage|p2a: Talonflame|0 fnt
|-status|p1a: Barraskewda|brn|[from] ability: Flame Body|[of] p2a: Talonflame
|faint|p2a: Talonflame
|
|-weather|RainDance|[upkeep]
|-damage|p1a: Barraskewda|82/100 brn|[from] brn
|upkeep
|
|t:|1776093006
|switch|p2a: Redips|Klefki, M|100/100
|turn|4
|inactive|goodnightnite has 120 seconds left.
|
|t:|1776093042
|move|p2a: Redips|Spikes|p1a: Barraskewda
|-sidestart|p1: goodnightnite|Spikes
|move|p1a: Barraskewda|Liquidation|p2a: Redips
|-damage|p2a: Redips|54/100
|-damage|p1a: Barraskewda|65/100 brn|[from] item: Rocky Helmet|[of] p2a: Redips
|
|-weather|RainDance|[upkeep]
|-damage|p1a: Barraskewda|59/100 brn|[from] brn
|upkeep
|turn|5
|
|t:|1776093047
|move|p1a: Barraskewda|Liquidation|p2a: Redips
|-damage|p2a: Redips|10/100
|-damage|p1a: Barraskewda|43/100 brn|[from] item: Rocky Helmet|[of] p2a: Redips
|move|p2a: Redips|Dazzling Gleam|p1a: Barraskewda
|-damage|p1a: Barraskewda|0 fnt
|faint|p1a: Barraskewda
|
|-weather|RainDance|[upkeep]
|upkeep
|
|t:|1776093052
|switch|p1a: Iron Treads|Iron Treads|100/100
|-damage|p1a: Iron Treads|97/100|[from] Stealth Rock
|-damage|p1a: Iron Treads|85/100|[from] Spikes
|-enditem|p1a: Iron Treads|Booster Energy
|-activate|p1a: Iron Treads|ability: Quark Drive|[fromitem]
|-start|p1a: Iron Treads|quarkdrivespe
|turn|6
|
|t:|1776093058
|switch|p2a: Wire Sponge|Sinistcha|100/100
|move|p1a: Iron Treads|Stealth Rock|p2a: Wire Sponge
|-sidestart|p2: Acastillo631|move: Stealth Rock
|
|-weather|RainDance|[upkeep]
|upkeep
|turn|7
|
|t:|1776093064
|move|p1a: Iron Treads|Steel Beam|p2a: Wire Sponge
|-damage|p2a: Wire Sponge|40/100
|-damage|p1a: Iron Treads|35/100|[from] steelbeam
|move|p2a: Wire Sponge|Strength Sap|p1a: Iron Treads
|-unboost|p1a: Iron Treads|atk|1
|-heal|p2a: Wire Sponge|100/100
|
|-weather|RainDance|[upkeep]
|upkeep
|turn|8
|
|t:|1776093072
|switch|p2a: Redips|Klefki, M|10/100
|-damage|p2a: Redips|4/100|[from] Stealth Rock
|move|p1a: Iron Treads|Rapid Spin|p2a: Redips
|-resisted|p2a: Redips
|-damage|p2a: Redips|1/100
|-boost|p1a: Iron Treads|spe|1
|-damage|p1a: Iron Treads|18/100|[from] item: Rocky Helmet|[of] p2a: Redips
|-sideend|p1: goodnightnite|Spikes|[from] move: Rapid Spin|[of] p1a: Iron Treads
|-sideend|p1: goodnightnite|Stealth Rock|[from] move: Rapid Spin|[of] p1a: Iron Treads
|
|-weather|none
|upkeep
|turn|9
|
|t:|1776093077
|move|p2a: Redips|Spikes|p1a: Iron Treads
|-sidestart|p1: goodnightnite|Spikes
|move|p1a: Iron Treads|Rapid Spin|p2a: Redips
|-resisted|p2a: Redips
|-damage|p2a: Redips|0 fnt
|-boost|p1a: Iron Treads|spe|1
|-damage|p1a: Iron Treads|2/100|[from] item: Rocky Helmet|[of] p2a: Redips
|-sideend|p1: goodnightnite|Spikes|[from] move: Rapid Spin|[of] p1a: Iron Treads
|faint|p2a: Redips
|
|upkeep
|
|t:|1776093081
|switch|p2a: Wire Sponge|Sinistcha|100/100
|turn|10
|
|t:|1776093084
|switch|p2a: Duff McWhalen|Swampert, M|80/100
|-damage|p2a: Duff McWhalen|74/100|[from] Stealth Rock
|move|p1a: Iron Treads|Steel Beam|p2a: Duff McWhalen
|-resisted|p2a: Duff McWhalen
|-damage|p2a: Duff McWhalen|55/100
|-damage|p1a: Iron Treads|0 fnt|[from] steelbeam
|faint|p1a: Iron Treads
|-end|p1a: Iron Treads|Quark Drive|[silent]
|
|-heal|p2a: Duff McWhalen|61/100|[from] item: Leftovers
|upkeep
|
|t:|1776093090
|switch|p1a: Kingambit|Kingambit, M|100/100
|-activate|p1a: Kingambit|ability: Supreme Overlord
|-start|p1a: Kingambit|fallen2|[silent]
|turn|11
|
|t:|1776093095
|move|p2a: Duff McWhalen|Stealth Rock|p1a: Kingambit
|-sidestart|p1: goodnightnite|move: Stealth Rock
|move|p1a: Kingambit|Kowtow Cleave|p2a: Duff McWhalen
|-damage|p2a: Duff McWhalen|8/100
|
|-heal|p2a: Duff McWhalen|14/100|[from] item: Leftovers
|upkeep
|turn|12
|
|t:|1776093102
|move|p1a: Kingambit|Sucker Punch|p2a: Duff McWhalen
|-damage|p2a: Duff McWhalen|0 fnt
|faint|p2a: Duff McWhalen
|
|upkeep
|
|t:|1776093104
|switch|p2a: Sage Harpuia|Iron Valiant|100/100
|-damage|p2a: Sage Harpuia|94/100|[from] Stealth Rock
|-enditem|p2a: Sage Harpuia|Booster Energy
|-activate|p2a: Sage Harpuia|ability: Quark Drive|[fromitem]
|-start|p2a: Sage Harpuia|quarkdrivespe
|turn|13
|
|t:|1776093111
|-end|p1a: Kingambit|fallen2|[silent]
|switch|p1a: Pelipper|Pelipper, F|82/100
|-damage|p1a: Pelipper|57/100|[from] Stealth Rock
|-weather|RainDance|[from] ability: Drizzle|[of] p1a: Pelipper
|move|p2a: Sage Harpuia|Encore||[still]
|-fail|p2a: Sage Harpuia
|
|-weather|RainDance|[upkeep]
|upkeep
|turn|14
|
|t:|1776093115
|move|p2a: Sage Harpuia|Moonblast|p1a: Pelipper
|-damage|p1a: Pelipper|0 fnt
|faint|p1a: Pelipper
|
|-weather|RainDance|[upkeep]
|upkeep
|
|t:|1776093118
|switch|p1a: Overqwil|Overqwil, M|100/100
|-damage|p1a: Overqwil|88/100|[from] Stealth Rock
|turn|15
|
|t:|1776093127
|-end|p2a: Sage Harpuia|Quark Drive|[silent]
|switch|p2a: Eregion|Tyranitar, F|100/100
|-damage|p2a: Eregion|88/100|[from] Stealth Rock
|-weather|Sandstorm|[from] ability: Sand Stream|[of] p2a: Eregion
|move|p1a: Overqwil|Gunk Shot|p2a: Eregion
|-resisted|p2a: Eregion
|-damage|p2a: Eregion|58/100
|-damage|p1a: Overqwil|78/100|[from] item: Life Orb
|
|-weather|Sandstorm|[upkeep]
|-damage|p1a: Overqwil|73/100|[from] Sandstorm
|-heal|p2a: Eregion|64/100|[from] item: Leftovers
|upkeep
|turn|16
|
|t:|1776093132
|move|p1a: Overqwil|Liquidation|p2a: Eregion
|-supereffective|p2a: Eregion
|-damage|p2a: Eregion|5/100
|-damage|p1a: Overqwil|63/100|[from] item: Life Orb
|move|p2a: Eregion|Knock Off|p1a: Overqwil
|-resisted|p1a: Overqwil
|-damage|p1a: Overqwil|40/100
|-enditem|p1a: Overqwil|Life Orb|[from] move: Knock Off|[of] p2a: Eregion
|
|-weather|Sandstorm|[upkeep]
|-damage|p1a: Overqwil|34/100|[from] Sandstorm
|-heal|p2a: Eregion|11/100|[from] item: Leftovers
|upkeep
|turn|17
|
|t:|1776093139
|move|p1a: Overqwil|Crunch|p2a: Eregion
|-resisted|p2a: Eregion
|-damage|p2a: Eregion|0 fnt
|faint|p2a: Eregion
|
|-weather|Sandstorm|[upkeep]
|-damage|p1a: Overqwil|28/100|[from] Sandstorm
|upkeep
|
|t:|1776093142
|switch|p2a: Sage Harpuia|Iron Valiant|94/100
|-damage|p2a: Sage Harpuia|88/100|[from] Stealth Rock
|turn|18
|
|t:|1776093145
|move|p2a: Sage Harpuia|Moonblast|p1a: Overqwil
|-damage|p1a: Overqwil|0 fnt
|faint|p1a: Overqwil
|
|-weather|Sandstorm|[upkeep]
|-damage|p2a: Sage Harpuia|82/100|[from] Sandstorm
|upkeep
|
|t:|1776093150
|switch|p1a: Kingambit|Kingambit, M|100/100
|-damage|p1a: Kingambit|94/100|[from] Stealth Rock
|-activate|p1a: Kingambit|ability: Supreme Overlord
|-start|p1a: Kingambit|fallen4|[silent]
|turn|19
|
|t:|1776093165
|-end|p2a: Sage Harpuia|Quark Drive|[silent]
|switch|p2a: Wire Sponge|Sinistcha|100/100
|-terastallize|p1a: Kingambit|Dark
|move|p1a: Kingambit|Iron Head|p2a: Wire Sponge
|-damage|p2a: Wire Sponge|49/100
|
|-weather|none
|-heal|p1a: Kingambit|100/100|[from] item: Leftovers
|upkeep
|turn|20
|
|t:|1776093174
|-terastallize|p2a: Wire Sponge|Poison
|move|p2a: Wire Sponge|Strength Sap|p1a: Kingambit
|-unboost|p1a: Kingambit|atk|1
|-heal|p2a: Wire Sponge|100/100
|move|p1a: Kingambit|Kowtow Cleave|p2a: Wire Sponge
|-damage|p2a: Wire Sponge|58/100
|
|upkeep
|turn|21
|
|t:|1776093179
|move|p2a: Wire Sponge|Calm Mind|p2a: Wire Sponge
|-boost|p2a: Wire Sponge|spa|1
|-boost|p2a: Wire Sponge|spd|1
|move|p1a: Kingambit|Iron Head|p2a: Wire Sponge
|-damage|p2a: Wire Sponge|27/100
|
|upkeep
|turn|22
|
|t:|1776093182
|move|p2a: Wire Sponge|Strength Sap|p1a: Kingambit
|-unboost|p1a: Kingambit|atk|1
|-heal|p2a: Wire Sponge|100/100
|move|p1a: Kingambit|Swords Dance|p1a: Kingambit
|-boost|p1a: Kingambit|atk|2
|
|upkeep
|turn|23
|
|t:|1776093196
|move|p2a: Wire Sponge|Matcha Gotcha|p1a: Kingambit
|-damage|p1a: Kingambit|54/100
|move|p1a: Kingambit|Swords Dance|p1a: Kingambit
|-boost|p1a: Kingambit|atk|2
|
|-heal|p1a: Kingambit|60/100|[from] item: Leftovers
|upkeep
|turn|24
|
|t:|1776093206
|move|p2a: Wire Sponge|Matcha Gotcha|p1a: Kingambit
|-damage|p1a: Kingambit|12/100
|move|p1a: Kingambit|Swords Dance|p1a: Kingambit
|-boost|p1a: Kingambit|atk|2
|
|-heal|p1a: Kingambit|18/100|[from] item: Leftovers
|upkeep
|turn|25
|
|t:|1776093215
|move|p2a: Wire Sponge|Strength Sap|p1a: Kingambit
|-unboost|p1a: Kingambit|atk|1
|move|p1a: Kingambit|Kowtow Cleave|p2a: Wire Sponge
|-damage|p2a: Wire Sponge|0 fnt
|faint|p2a: Wire Sponge
|
|-heal|p1a: Kingambit|25/100|[from] item: Leftovers
|upkeep
|
|t:|1776093217
|switch|p2a: Sage Harpuia|Iron Valiant|82/100
|-damage|p2a: Sage Harpuia|76/100|[from] Stealth Rock
|turn|26
|
|t:|1776093222
|move|p1a: Kingambit|Sucker Punch|p2a: Sage Harpuia
|-resisted|p2a: Sage Harpuia
|-damage|p2a: Sage Harpuia|14/100
|move|p2a: Sage Harpuia|Moonblast|p1a: Kingambit
|-supereffective|p1a: Kingambit
|-damage|p1a: Kingambit|0 fnt
|faint|p1a: Kingambit
|-end|p1a: Kingambit|fallen4|[silent]
|
|upkeep
|
|t:|1776093225
|switch|p1a: Raging Bolt|Raging Bolt|100/100
|-damage|p1a: Raging Bolt|88/100|[from] Stealth Rock
|-enditem|p1a: Raging Bolt|Booster Energy
|-activate|p1a: Raging Bolt|ability: Protosynthesis|[fromitem]
|-start|p1a: Raging Bolt|protosynthesisspa
|turn|27
|
|t:|1776093234
|move|p2a: Sage Harpuia|Encore||[still]
|-fail|p2a: Sage Harpuia
|move|p1a: Raging Bolt|Weather Ball|p2a: Sage Harpuia
|-damage|p2a: Sage Harpuia|0 fnt
|faint|p2a: Sage Harpuia
|-end|p2a: Sage Harpuia|Quark Drive|[silent]
|
|win|goodnightnite
|raw|goodnightnite's rating: 1618 &rarr; <strong>1637</strong><br />(+19 for winning)
|raw|Acastillo631's rating: 1605 &rarr; <strong>1586</strong><br />(-19 for losing)
|l|☆Acastillo631
|player|p2|
|l|☆goodnightnite
|player|p1|
|l| Metallic Symphony
