|html|<div class="broadcast-blue"><strong>[Gen 9] OU is currently suspecting Tera Blast! For information on how to participate check out the <a href="https://www.smogon.com/tools/suspects/view/200">suspect thread</a>.</strong></div>
|j|‽tasty sardine 408
|j|☆prada5
|t:|1776101442
|gametype|singles
|player|p1|tasty sardine 408|harlequin|1608
|player|p2|prada5|1|1603
|gen|9
|tier|[Gen 9] OU
|rated|
|rule|HP Percentage Mod: HP is shown in percentages
|rule|Endless Battle Clause: Forcing endless battles is banned
|rule|Species Clause: Limit one of each Pokémon
|rule|OHKO Clause: OHKO moves are banned
|rule|Evasion Items Clause: Evasion items are banned
|rule|Evasion Moves Clause: Evasion moves are banned
|rule|Evasion Abilities Clause: Evasion abilities are banned
|rule|Sleep Moves Clause: Sleep-inducing moves are banned
|clearpoke
|poke|p1|Umbreon, F|
|poke|p1|Serperior, F|
|poke|p1|Cresselia, F|
|poke|p1|Revavroom, F|
|poke|p1|Skeledirge, M|
|poke|p1|Manaphy|
|poke|p2|Weavile, M|
|poke|p2|Volcanion|
|poke|p2|Great Tusk|
|poke|p2|Hatterene, F|
|poke|p2|Gholdengo|
|poke|p2|Dragonite, M|
|teampreview
|
|t:|1776101455
|teamsize|p1|6
|teamsize|p2|6
|start
|switch|p1a: Serperior|Serperior, F, shiny|100/100
|switch|p2a: Weavile|Weavile, M|100/100
|turn|1
|
|t:|1776101464
|-terastallize|p1a: Serperior|Electric
|move|p2a: Weavile|Triple Axel|p1a: Serperior
|-damage|p1a: Serperior|85/100
|-damage|p1a: Serperior|58/100
|-damage|p1a: Serperior|14/100
|-hitcount|p1a: Serperior|3
|move|p1a: Serperior|Glare|p2a: Weavile
|-status|p2a: Weavile|par
|
|-heal|p1a: Serperior|21/100|[from] item: Leftovers
|upkeep
|turn|2
|inactive|Battle timer is ON: inactive players will automatically lose when time's up. (requested by prada5)
|
|t:|1776101471
|switch|p2a: Gholdengo|Gholdengo|100/100
|move|p1a: Serperior|Synthesis|p1a: Serperior
|-heal|p1a: Serperior|71/100
|
|-heal|p1a: Serperior|77/100|[from] item: Leftovers
|upkeep
|turn|3
|
|t:|1776101474
|move|p2a: Gholdengo|Shadow Ball|p1a: Serperior
|-damage|p1a: Serperior|34/100
|move|p1a: Serperior|Leaf Storm|p2a: Gholdengo
|-resisted|p2a: Gholdengo
|-damage|p2a: Gholdengo|79/100
|-boost|p1a: Serperior|spa|2
|
|-heal|p1a: Serperior|40/100|[from] item: Leftovers
|upkeep
|turn|4
|
|t:|1776101481
|switch|p2a: Volcanion|Volcanion|100/100
|switch|p1a: Umbreon|Umbreon, F, shiny|100/100
|
|upkeep
|turn|5
|
|t:|1776101482
|move|p2a: Volcanion|Steam Eruption|p1a: Umbreon
|-damage|p1a: Umbreon|69/100
|move|p1a: Umbreon|Toxic|p2a: Volcanion
|-status|p2a: Volcanion|tox
|
|-heal|p1a: Umbreon|75/100|[from] item: Leftovers
|-damage|p2a: Volcanion|94/100 tox|[from] psn
|upkeep
|turn|6
|
|t:|1776101491
|switch|p2a: Great Tusk|Great Tusk|100/100
|move|p1a: Umbreon|Wish|p1a: Umbreon
|
|-heal|p1a: Umbreon|81/100|[from] item: Leftovers
|upkeep
|turn|7
|
|t:|1776101497
|move|p2a: Great Tusk|Close Combat|p1a: Umbreon
|-supereffective|p1a: Umbreon
|-damage|p1a: Umbreon|0 fnt
|-unboost|p2a: Great Tusk|def|1
|-unboost|p2a: Great Tusk|spd|1
|faint|p1a: Umbreon
|
|upkeep
|
|t:|1776101503
|switch|p1a: Manaphy|Manaphy, shiny|100/100
|turn|8
|
|t:|1776101505
|-end|p2a: Great Tusk|Protosynthesis|[silent]
|switch|p2a: Volcanion|Volcanion|94/100 tox
|move|p1a: Manaphy|Acid Armor|p1a: Manaphy
|-boost|p1a: Manaphy|def|2
|
|-damage|p2a: Volcanion|88/100 tox|[from] psn
|upkeep
|turn|9
|
|t:|1776101509
|switch|p2a: Gholdengo|Gholdengo|79/100
|move|p1a: Manaphy|Take Heart|p1a: Manaphy
|-boost|p1a: Manaphy|spa|1
|-boost|p1a: Manaphy|spd|1
|
|upkeep
|turn|10
|
|t:|1776101512
|move|p2a: Gholdengo|Trick|p1a: Manaphy
|-activate|p2a: Gholdengo|move: Trick|[of] p1a: Manaphy
|-item|p1a: Manaphy|Choice Scarf|[from] move: Trick
|-item|p2a: Gholdengo|Leftovers|[from] move: Trick
|move|p1a: Manaphy|Scald|p2a: Gholdengo
|-damage|p2a: Gholdengo|33/100
|-status|p2a: Gholdengo|brn
|
|-heal|p2a: Gholdengo|39/100 brn|[from] item: Leftovers
|-damage|p2a: Gholdengo|33/100 brn|[from] brn
|upkeep
|turn|11
|
|t:|1776101520
|move|p1a: Manaphy|Scald|p2a: Gholdengo
|-damage|p2a: Gholdengo|0 fnt
|faint|p2a: Gholdengo
|
|upkeep
|
|t:|1776101522
|switch|p2a: Volcanion|Volcanion|88/100 tox
|turn|12
|
|t:|1776101523
|move|p1a: Manaphy|Scald|p2a: Volcanion
|-heal|p2a: Volcanion|100/100 tox|[from] ability: Water Absorb|[of] p1a: Manaphy
|move|p2a: Volcanion|Steam Eruption|p1a: Manaphy
|-resisted|p1a: Manaphy
|-damage|p1a: Manaphy|85/100
|
|-damage|p2a: Volcanion|94/100 tox|[from] psn
|upkeep
|turn|13
|
|t:|1776101528
|switch|p1a: Cresselia|Cresselia, F, shiny|100/100
|move|p2a: Volcanion|Steam Eruption|p1a: Cresselia
|-damage|p1a: Cresselia|61/100
|-status|p1a: Cresselia|brn
|
|-heal|p1a: Cresselia|67/100 brn|[from] item: Leftovers
|-damage|p2a: Volcanion|82/100 tox|[from] psn
|-damage|p1a: Cresselia|61/100 brn|[from] brn
|upkeep
|turn|14
|
|t:|1776101533
|switch|p2a: Weavile|Weavile, M|100/100 par
|move|p1a: Cresselia|Calm Mind|p1a: Cresselia
|-boost|p1a: Cresselia|spa|1
|-boost|p1a: Cresselia|spd|1
|
|-heal|p1a: Cresselia|67/100 brn|[from] item: Leftovers
|-damage|p1a: Cresselia|61/100 brn|[from] brn
|upkeep
|turn|15
|
|t:|1776101535
|move|p1a: Cresselia|Moonblast|p2a: Weavile
|-supereffective|p2a: Weavile
|-damage|p2a: Weavile|23/100 par
|-unboost|p2a: Weavile|spa|1
|move|p2a: Weavile|Knock Off|p1a: Cresselia
|-supereffective|p1a: Cresselia
|-damage|p1a: Cresselia|0 fnt
|-enditem|p1a: Cresselia|Leftovers|[from] move: Knock Off|[of] p2a: Weavile
|faint|p1a: Cresselia
|
|upkeep
|
|t:|1776101540
|switch|p1a: Serperior|Serperior, F, shiny, tera:Electric|40/100
|turn|16
|
|t:|1776101542
|move|p1a: Serperior|Leaf Storm|p2a: Weavile
|-damage|p2a: Weavile|0 fnt
|-boost|p1a: Serperior|spa|2
|faint|p2a: Weavile
|
|-heal|p1a: Serperior|47/100|[from] item: Leftovers
|upkeep
|
|t:|1776101545
|switch|p2a: Dragonite|Dragonite, M|100/100
|turn|17
|
|t:|1776101548
|move|p1a: Serperior|Glare|p2a: Dragonite
|-status|p2a: Dragonite|par
|cant|p2a: Dragonite|par
|
|-heal|p1a: Serperior|53/100|[from] item: Leftovers
|upkeep
|turn|18
|
|t:|1776101552
|move|p1a: Serperior|Leaf Storm|p2a: Dragonite
|-resisted|p2a: Dragonite
|-damage|p2a: Dragonite|91/100 par
|-boost|p1a: Serperior|spa|2
|move|p2a: Dragonite|Earthquake|p1a: Serperior
|-supereffective|p1a: Serperior
|-damage|p1a: Serperior|0 fnt
|faint|p1a: Serperior
|
|-heal|p2a: Dragonite|97/100 par|[from] item: Leftovers
|upkeep
|
|t:|1776101555
|switch|p1a: Skeledirge|Skeledirge, M, shiny|100/100
|turn|19
|
|t:|1776101560
|move|p1a: Skeledirge|Torch Song|p2a: Dragonite
|-resisted|p2a: Dragonite
|-damage|p2a: Dragonite|83/100 par
|-boost|p1a: Skeledirge|spa|1
|move|p2a: Dragonite|Earthquake|p1a: Skeledirge
|-supereffective|p1a: Skeledirge
|-damage|p1a: Skeledirge|50/100
|
|-heal|p2a: Dragonite|89/100 par|[from] item: Leftovers
|upkeep
|turn|20
|
|t:|1776101564
|move|p1a: Skeledirge|Slack Off|p1a: Skeledirge
|-heal|p1a: Skeledirge|99/100
|move|p2a: Dragonite|Encore|p1a: Skeledirge
|-start|p1a: Skeledirge|Encore
|
|-heal|p2a: Dragonite|95/100 par|[from] item: Leftovers
|upkeep
|turn|21
|
|t:|1776101568
|switch|p1a: Manaphy|Manaphy, shiny|85/100
|switch|p2a: Great Tusk|Great Tusk|100/100
|
|upkeep
|turn|22
|
|t:|1776101570
|-end|p2a: Great Tusk|Protosynthesis|[silent]
|switch|p2a: Volcanion|Volcanion|82/100 tox
|move|p1a: Manaphy|Scald|p2a: Volcanion
|-heal|p2a: Volcanion|100/100 tox|[from] ability: Water Absorb|[of] p1a: Manaphy
|
|-damage|p2a: Volcanion|94/100 tox|[from] psn
|upkeep
|turn|23
|
|t:|1776101573
|move|p1a: Manaphy|Scald|p2a: Volcanion
|-heal|p2a: Volcanion|100/100 tox|[from] ability: Water Absorb|[of] p1a: Manaphy
|move|p2a: Volcanion|Earth Power|p1a: Manaphy
|-damage|p1a: Manaphy|59/100
|
|-damage|p2a: Volcanion|88/100 tox|[from] psn
|upkeep
|turn|24
|
|t:|1776101575
|move|p1a: Manaphy|Scald|p2a: Volcanion
|-heal|p2a: Volcanion|100/100 tox|[from] ability: Water Absorb|[of] p1a: Manaphy
|move|p2a: Volcanion|Earth Power|p1a: Manaphy
|-damage|p1a: Manaphy|31/100
|
|-damage|p2a: Volcanion|82/100 tox|[from] psn
|upkeep
|turn|25
|
|t:|1776101580
|move|p1a: Manaphy|Scald|p2a: Volcanion
|-heal|p2a: Volcanion|100/100 tox|[from] ability: Water Absorb|[of] p1a: Manaphy
|move|p2a: Volcanion|Earth Power|p1a: Manaphy
|-damage|p1a: Manaphy|5/100
|
|-damage|p2a: Volcanion|76/100 tox|[from] psn
|upkeep
|turn|26
|
|t:|1776101584
|move|p1a: Manaphy|Scald|p2a: Volcanion
|-heal|p2a: Volcanion|100/100 tox|[from] ability: Water Absorb|[of] p1a: Manaphy
|move|p2a: Volcanion|Earth Power|p1a: Manaphy
|-damage|p1a: Manaphy|0 fnt
|faint|p1a: Manaphy
|
|-damage|p2a: Volcanion|70/100 tox|[from] psn
|upkeep
|
|t:|1776101587
|switch|p1a: Revavroom|Revavroom, F, shiny|100/100
|-item|p1a: Revavroom|Air Balloon
|turn|27
|
|t:|1776101591
|move|p2a: Volcanion|Flamethrower|p1a: Revavroom
|-supereffective|p1a: Revavroom
|-damage|p1a: Revavroom|19/100
|-enditem|p1a: Revavroom|Air Balloon
|move|p1a: Revavroom|Shift Gear|p1a: Revavroom
|-boost|p1a: Revavroom|spe|2
|-boost|p1a: Revavroom|atk|1
|
|-damage|p2a: Volcanion|34/100 tox|[from] psn
|upkeep
|turn|28
|
|t:|1776101596
|move|p1a: Revavroom|Gunk Shot|p2a: Volcanion|[miss]
|-miss|p1a: Revavroom|p2a: Volcanion
|move|p2a: Volcanion|Earth Power|p1a: Revavroom
|-supereffective|p1a: Revavroom
|-damage|p1a: Revavroom|0 fnt
|faint|p1a: Revavroom
|
|-damage|p2a: Volcanion|0 fnt|[from] psn
|faint|p2a: Volcanion
|upkeep
|
|t:|1776101599
|switch|p2a: Hatterene|Hatterene, F|100/100
|switch|p1a: Skeledirge|Skeledirge, M, shiny|99/100
|turn|29
|
|t:|1776101601
|move|p1a: Skeledirge|Torch Song|p2a: Hatterene
|-damage|p2a: Hatterene|70/100
|-boost|p1a: Skeledirge|spa|1
|move|p2a: Hatterene|Nuzzle|p1a: Skeledirge
|-damage|p1a: Skeledirge|96/100
|-status|p1a: Skeledirge|par
|
|upkeep
|turn|30
|
|t:|1776101604
|move|p2a: Hatterene|Healing Wish|p2a: Hatterene
|faint|p2a: Hatterene
|move|p1a: Skeledirge|Hex|p2: Hatterene|[notarget]
|-fail|p1a: Skeledirge
|
|upkeep
|
|t:|1776101606
|switch|p2a: Dragonite|Dragonite, M|95/100 par
|-heal|p2a: Dragonite|100/100|[from] move: Healing Wish
|turn|31
|
|t:|1776101609
|move|p2a: Dragonite|Earthquake|p1a: Skeledirge
|-supereffective|p1a: Skeledirge
|-damage|p1a: Skeledirge|39/100 par
|move|p1a: Skeledirge|Will-O-Wisp|p2a: Dragonite
|-status|p2a: Dragonite|brn
|
|-damage|p2a: Dragonite|94/100 brn|[from] brn
|upkeep
|turn|32
|
|t:|1776101613
|move|p2a: Dragonite|Earthquake|p1a: Skeledirge
|-supereffective|p1a: Skeledirge
|-damage|p1a: Skeledirge|11/100 par
|move|p1a: Skeledirge|Slack Off|p1a: Skeledirge
|-heal|p1a: Skeledirge|61/100 par
|
|-heal|p2a: Dragonite|100/100 brn|[from] item: Leftovers
|-damage|p2a: Dragonite|94/100 brn|[from] brn
|upkeep
|turn|33
|
|t:|1776101616
|move|p2a: Dragonite|Encore|p1a: Skeledirge
|-start|p1a: Skeledirge|Encore
|move|p1a: Skeledirge|Slack Off|p1a: Skeledirge
|-heal|p1a: Skeledirge|100/100 par
|
|-heal|p2a: Dragonite|100/100 brn|[from] item: Leftovers
|-damage|p2a: Dragonite|94/100 brn|[from] brn
|upkeep
|turn|34
|
|t:|1776101621
|move|p2a: Dragonite|Ice Spinner|p1a: Skeledirge
|-resisted|p1a: Skeledirge
|-damage|p1a: Skeledirge|95/100 par
|move|p1a: Skeledirge|Slack Off|p1a: Skeledirge
|-heal|p1a: Skeledirge|100/100 par
|
|-heal|p2a: Dragonite|100/100 brn|[from] item: Leftovers
|-damage|p2a: Dragonite|94/100 brn|[from] brn
|upkeep
|turn|35
|-message|tasty sardine 408 forfeited.
|
|win|prada5
|raw|tasty sardine 408's rating: 1608 &rarr; <strong>1588</strong><br />(-20 for losing)
|raw|prada5's rating: 1603 &rarr; <strong>1623</strong><br />(+20 for winning)
|l|‽tasty sardine 408
|player|p1|
|l|☆prada5
|player|p2|
