|html|<div class="broadcast-blue"><strong>[Gen 9] OU is currently suspecting Tera Blast! For information on how to participate check out the <a href="https://www.smogon.com/tools/suspects/view/200">suspect thread</a>.</strong></div>
|j|☆Sandysuit
|j|☆Pyrez57
|t:|1776100356
|gametype|singles
|player|p1|Sandysuit|101|1566
|player|p2|Pyrez57|adaman|1573
|gen|9
|tier|[Gen 9] OU
|rated|
|rule|HP Percentage Mod: HP is shown in percentages
|rule|Endless Battle Clause: Forcing endless battles is banned
|rule|Species Clause: Limit one of each Pokémon
|rule|OHKO Clause: OHKO moves are banned
|rule|Evasion Items Clause: Evasion items are banned
|rule|Evasion Moves Clause: Evasion moves are banned
|rule|Evasion Abilities Clause: Evasion abilities are banned
|rule|Sleep Moves Clause: Sleep-inducing moves are banned
|clearpoke
|poke|p1|Greninja-*, M|
|poke|p1|Iron Moth|
|poke|p1|Quaquaval, F|
|poke|p1|Dragapult, F|
|poke|p1|Scizor, F|
|poke|p1|Moltres|
|poke|p2|Great Tusk|
|poke|p2|Zapdos|
|poke|p2|Ogerpon-Wellspring, F|
|poke|p2|Latios, M|
|poke|p2|Kingambit, F|
|poke|p2|Grimmsnarl, M|
|teampreview
|inactive|Battle timer is ON: inactive players will automatically lose when time's up. (requested by Sandysuit)
|
|t:|1776100371
|teamsize|p1|6
|teamsize|p2|6
|start
|switch|p1a: Greninja|Greninja, M|100/100
|switch|p2a: Battery Acid|Zapdos, shiny|100/100
|turn|1
|
|t:|1776100380
|switch|p2a: RedKing|Kingambit, F|100/100
|move|p1a: Greninja|Spikes|p2a: RedKing
|-start|p1a: Greninja|typechange|Ground|[from] ability: Protean
|-sidestart|p2: Pyrez57|Spikes
|
|upkeep
|turn|2
|
|t:|1776100392
|-end|p2a: RedKing|fallenundefined|[silent]
|switch|p2a: Battery Acid|Zapdos, shiny|100/100
|move|p1a: Greninja|U-turn|p2a: Battery Acid
|-resisted|p2a: Battery Acid
|-damage|p2a: Battery Acid|94/100
|-status|p1a: Greninja|par|[from] ability: Static|[of] p2a: Battery Acid
|c|☆Sandysuit|I hate when the ground type gets paralyzed
|
|t:|1776100415
|switch|p1a: Iron Moth|Iron Moth|100/100|[from] U-turn
|
|upkeep
|turn|3
|c|☆Pyrez57|lol
|
|t:|1776100425
|move|p1a: Iron Moth|Fiery Dance|p2a: Battery Acid
|-damage|p2a: Battery Acid|57/100
|-boost|p1a: Iron Moth|spa|1
|move|p2a: Battery Acid|Volt Switch|p1a: Iron Moth
|-damage|p1a: Iron Moth|66/100
|
|t:|1776100453
|switch|p2a: Mr. Prince|Latios, M, shiny|100/100|[from] Volt Switch
|
|upkeep
|turn|4
|
|t:|1776100465
|-terastallize|p2a: Mr. Prince|Steel
|move|p1a: Iron Moth|U-turn|p2a: Mr. Prince
|-resisted|p2a: Mr. Prince
|-damage|p2a: Mr. Prince|93/100
|
|t:|1776100477
|-end|p1a: Iron Moth|Quark Drive|[silent]
|switch|p1a: Greninja|Greninja, M|100/100 par|[from] U-turn
|move|p2a: Mr. Prince|Luster Purge|p1a: Greninja
|-immune|p1a: Greninja
|
|upkeep
|turn|5
|c|☆Pyrez57|wow
|
|t:|1776100489
|switch|p1a: Scizor|Scizor, F|100/100
|move|p2a: Mr. Prince|Draco Meteor|p1a: Scizor
|-resisted|p1a: Scizor
|-damage|p1a: Scizor|42/100
|-unboost|p2a: Mr. Prince|spa|2
|
|-heal|p1a: Scizor|48/100|[from] item: Leftovers
|upkeep
|turn|6
|
|t:|1776100499
|switch|p2a: Battery Acid|Zapdos, shiny|57/100
|move|p1a: Scizor|Knock Off|p2a: Battery Acid
|-damage|p2a: Battery Acid|24/100
|-enditem|p2a: Battery Acid|Heavy-Duty Boots|[from] move: Knock Off|[of] p1a: Scizor
|
|-heal|p1a: Scizor|54/100|[from] item: Leftovers
|upkeep
|turn|7
|
|t:|1776100510
|switch|p1a: Iron Moth|Iron Moth|66/100
|move|p2a: Battery Acid|Roost|p2a: Battery Acid
|-heal|p2a: Battery Acid|74/100
|-singleturn|p2a: Battery Acid|move: Roost
|
|upkeep
|turn|8
|
|t:|1776100517
|move|p1a: Iron Moth|Fiery Dance|p2a: Battery Acid
|-damage|p2a: Battery Acid|32/100
|move|p2a: Battery Acid|Hurricane|p1a: Iron Moth
|-damage|p1a: Iron Moth|10/100
|
|upkeep
|turn|9
|
|t:|1776100539
|switch|p2a: Kombu|Ogerpon-Wellspring, F|100/100
|-damage|p2a: Kombu|88/100|[from] Spikes
|move|p1a: Iron Moth|Fiery Dance|p2a: Kombu
|-damage|p2a: Kombu|41/100
|
|upkeep
|turn|10
|
|t:|1776100552
|move|p2a: Kombu|Knock Off|p1a: Iron Moth
|-damage|p1a: Iron Moth|0 fnt
|-enditem|p1a: Iron Moth|Heavy-Duty Boots|[from] move: Knock Off|[of] p2a: Kombu
|faint|p1a: Iron Moth
|-end|p1a: Iron Moth|Quark Drive|[silent]
|
|upkeep
|
|t:|1776100560
|switch|p1a: Dragapult|Dragapult, F|100/100
|turn|11
|
|t:|1776100570
|switch|p2a: Goldberg|Grimmsnarl, M|100/100
|-damage|p2a: Goldberg|88/100|[from] Spikes
|move|p1a: Dragapult|Dragon Darts|p2a: Goldberg
|-immune|p2a: Goldberg
|
|upkeep
|turn|12
|
|t:|1776100581
|switch|p1a: Scizor|Scizor, F|54/100
|move|p2a: Goldberg|Thunder Wave|p1a: Scizor
|-status|p1a: Scizor|par
|
|-heal|p1a: Scizor|60/100 par|[from] item: Leftovers
|upkeep
|turn|13
|
|t:|1776100595
|switch|p2a: Battery Acid|Zapdos, shiny|32/100
|move|p1a: Scizor|Swords Dance|p1a: Scizor
|-boost|p1a: Scizor|atk|2
|
|-heal|p1a: Scizor|67/100 par|[from] item: Leftovers
|upkeep
|turn|14
|
|t:|1776100603
|move|p1a: Scizor|Bullet Punch|p2a: Battery Acid
|-resisted|p2a: Battery Acid
|-damage|p2a: Battery Acid|4/100
|move|p2a: Battery Acid|Roost|p2a: Battery Acid
|-heal|p2a: Battery Acid|54/100
|-singleturn|p2a: Battery Acid|move: Roost
|
|-heal|p1a: Scizor|73/100 par|[from] item: Leftovers
|upkeep
|turn|15
|
|t:|1776100613
|move|p2a: Battery Acid|Heat Wave|p1a: Scizor
|-supereffective|p1a: Scizor
|-damage|p1a: Scizor|0 fnt
|faint|p1a: Scizor
|
|upkeep
|
|t:|1776100619
|switch|p1a: Dragapult|Dragapult, F|100/100
|turn|16
|
|t:|1776100626
|switch|p2a: Goldberg|Grimmsnarl, M|88/100
|-damage|p2a: Goldberg|76/100|[from] Spikes
|move|p1a: Dragapult|Dragon Darts|p2a: Goldberg
|-immune|p2a: Goldberg
|
|upkeep
|turn|17
|
|t:|1776100633
|switch|p1a: Greninja|Greninja, M|100/100 par
|move|p2a: Goldberg|Reflect|p2a: Goldberg
|-sidestart|p2: Pyrez57|Reflect
|
|upkeep
|turn|18
|
|t:|1776100653
|move|p2a: Goldberg|Light Screen|p2a: Goldberg
|-sidestart|p2: Pyrez57|move: Light Screen
|cant|p1a: Greninja|par
|
|upkeep
|turn|19
|
|t:|1776100662
|switch|p2a: Mr. Prince|Latios, M, shiny, tera:Steel|93/100
|move|p1a: Greninja|U-turn|p2a: Mr. Prince
|-start|p1a: Greninja|typechange|Bug|[from] ability: Protean
|-resisted|p2a: Mr. Prince
|-damage|p2a: Mr. Prince|85/100
|
|t:|1776100679
|switch|p1a: Moltres|Moltres|100/100|[from] U-turn
|
|upkeep
|turn|20
|
|t:|1776100689
|move|p2a: Mr. Prince|Luster Purge|p1a: Moltres
|-damage|p1a: Moltres|33/100
|-unboost|p1a: Moltres|spd|1
|move|p1a: Moltres|Roar|p2a: Mr. Prince
|drag|p2a: Kombu|Ogerpon-Wellspring, F|41/100
|-damage|p2a: Kombu|29/100|[from] Spikes
|
|upkeep
|turn|21
|
|t:|1776100700
|move|p2a: Kombu|Power Whip|p1a: Moltres|[miss]
|-miss|p2a: Kombu|p1a: Moltres
|move|p1a: Moltres|U-turn|p2a: Kombu
|-supereffective|p2a: Kombu
|-damage|p2a: Kombu|8/100
|
|t:|1776100712
|switch|p1a: Dragapult|Dragapult, F|100/100|[from] U-turn
|
|upkeep
|turn|22
|
|t:|1776100730
|switch|p2a: Manwel|Great Tusk, shiny|100/100
|-damage|p2a: Manwel|88/100|[from] Spikes
|move|p1a: Dragapult|Dragon Darts|p2a: Manwel
|-damage|p2a: Manwel|81/100
|-anim|p1a: Dragapult|Dragon Darts|p2a: Manwel
|-damage|p2a: Manwel|74/100
|
|-heal|p2a: Manwel|80/100|[from] item: Leftovers
|upkeep
|turn|23
|
|t:|1776100744
|move|p1a: Dragapult|Dragon Dance|p1a: Dragapult
|-boost|p1a: Dragapult|atk|1
|-boost|p1a: Dragapult|spe|1
|move|p2a: Manwel|Ice Spinner|p1a: Dragapult
|-supereffective|p1a: Dragapult
|-damage|p1a: Dragapult|31/100
|
|-heal|p2a: Manwel|86/100|[from] item: Leftovers
|upkeep
|turn|24
|
|t:|1776100755
|switch|p1a: Moltres|Moltres|33/100
|move|p2a: Manwel|Ice Spinner|p1a: Moltres
|-damage|p1a: Moltres|16/100
|
|-heal|p2a: Manwel|92/100|[from] item: Leftovers
|-sideend|p2: Pyrez57|Reflect
|upkeep
|turn|25
|
|t:|1776100766
|move|p2a: Manwel|Ice Spinner|p1a: Moltres
|-damage|p1a: Moltres|0 fnt
|faint|p1a: Moltres
|
|-heal|p2a: Manwel|99/100|[from] item: Leftovers
|-sideend|p2: Pyrez57|move: Light Screen
|upkeep
|
|t:|1776100773
|switch|p1a: Quaquaval|Quaquaval, F|100/100
|turn|26
|
|t:|1776100779
|-end|p2a: Manwel|Protosynthesis|[silent]
|switch|p2a: Kombu|Ogerpon-Wellspring, F|8/100
|-damage|p2a: Kombu|0 fnt|[from] Spikes
|faint|p2a: Kombu
|move|p1a: Quaquaval|Rapid Spin|p2: Kombu|[notarget]
|-fail|p1a: Quaquaval
|
|upkeep
|
|t:|1776100783
|switch|p2a: Mr. Prince|Latios, M, shiny, tera:Steel|85/100
|turn|27
|
|t:|1776100789
|-terastallize|p1a: Quaquaval|Steel
|move|p2a: Mr. Prince|Draco Meteor|p1a: Quaquaval|[miss]
|-miss|p2a: Mr. Prince|p1a: Quaquaval
|move|p1a: Quaquaval|Close Combat|p2a: Mr. Prince
|-supereffective|p2a: Mr. Prince
|-damage|p2a: Mr. Prince|0 fnt
|-unboost|p1a: Quaquaval|def|1
|-unboost|p1a: Quaquaval|spd|1
|faint|p2a: Mr. Prince
|-ability|p1a: Quaquaval|Moxie|boost
|-boost|p1a: Quaquaval|atk|1
|
|upkeep
|
|t:|1776100798
|switch|p2a: Manwel|Great Tusk, shiny|99/100
|-damage|p2a: Manwel|86/100|[from] Spikes
|turn|28
|
|t:|1776100807
|switch|p1a: Greninja|Greninja, M|100/100 par
|move|p2a: Manwel|Close Combat|p1a: Greninja
|-supereffective|p1a: Greninja
|-enditem|p1a: Greninja|Focus Sash
|-damage|p1a: Greninja|1/100 par
|-unboost|p2a: Manwel|def|1
|-unboost|p2a: Manwel|spd|1
|
|-heal|p2a: Manwel|92/100|[from] item: Leftovers
|upkeep
|turn|29
|
|t:|1776100817
|switch|p1a: Dragapult|Dragapult, F|31/100
|move|p2a: Manwel|Ice Spinner|p1a: Dragapult
|-supereffective|p1a: Dragapult
|-damage|p1a: Dragapult|0 fnt
|faint|p1a: Dragapult
|
|-heal|p2a: Manwel|99/100|[from] item: Leftovers
|upkeep
|-message|Sandysuit forfeited.
|
|win|Pyrez57
|raw|Sandysuit's rating: 1566 &rarr; <strong>1546</strong><br />(-20 for losing)
|raw|Pyrez57's rating: 1573 &rarr; <strong>1593</strong><br />(+20 for winning)
|l|☆Sandysuit
|player|p1|
|l|☆Pyrez57
|player|p2|
