|html|<div class="broadcast-blue"><strong>[Gen 9] OU is currently suspecting Tera Blast! For information on how to participate check out the <a href="https://www.smogon.com/tools/suspects/view/200">suspect thread</a>.</strong></div>
|j|☆aadviksdaddy
|j|☆bossgonora
|t:|1776091306
|gametype|singles
|player|p1|aadviksdaddy|101|1202
|player|p2|bossgonora|hiker-gen4|1169
|gen|9
|tier|[Gen 9] OU
|rated|
|rule|HP Percentage Mod: HP is shown in percentages
|rule|Endless Battle Clause: Forcing endless battles is banned
|rule|Species Clause: Limit one of each Pokémon
|rule|OHKO Clause: OHKO moves are banned
|rule|Evasion Items Clause: Evasion items are banned
|rule|Evasion Moves Clause: Evasion moves are banned
|rule|Evasion Abilities Clause: Evasion abilities are banned
|rule|Sleep Moves Clause: Sleep-inducing moves are banned
|clearpoke
|poke|p1|Torkoal, F|
|poke|p1|Clefable, F|
|poke|p1|Venusaur, M|
|poke|p1|Walking Wake|
|poke|p1|Dragonite, M|
|poke|p1|Brute Bonnet|
|poke|p2|Slaking, M|
|poke|p2|Zapdos|
|poke|p2|Cinderace, F|
|poke|p2|Ninetales-Alola, F|
|poke|p2|Conkeldurr, M|
|poke|p2|Kingambit, F|
|teampreview
|inactive|Battle timer is ON: inactive players will automatically lose when time's up. (requested by aadviksdaddy)
|
|t:|1776091315
|teamsize|p1|6
|teamsize|p2|6
|start
|switch|p1a: Torkoal|Torkoal, F|100/100
|switch|p2a: Slaking|Slaking, M|100/100
|-weather|SunnyDay|[from] ability: Drought|[of] p1a: Torkoal
|turn|1
|
|t:|1776091344
|move|p2a: Slaking|Giga Impact|p1a: Torkoal
|-crit|p1a: Torkoal
|-damage|p1a: Torkoal|0 fnt
|-mustrecharge|p2a: Slaking
|faint|p1a: Torkoal
|
|-weather|SunnyDay|[upkeep]
|upkeep
|
|t:|1776091352
|switch|p1a: Brute Bonnet|Brute Bonnet|100/100
|-activate|p1a: Brute Bonnet|ability: Protosynthesis
|-start|p1a: Brute Bonnet|protosynthesisatk
|turn|2
|inactive|aadviksdaddy has 120 seconds left.
|
|t:|1776091380
|cant|p2a: Slaking|recharge
|move|p1a: Brute Bonnet|Close Combat|p2a: Slaking
|-supereffective|p2a: Slaking
|-damage|p2a: Slaking|9/100
|-unboost|p1a: Brute Bonnet|def|1
|-unboost|p1a: Brute Bonnet|spd|1
|
|-weather|SunnyDay|[upkeep]
|upkeep
|turn|3
|
|t:|1776091389
|move|p1a: Brute Bonnet|Sucker Punch|p2a: Slaking
|-damage|p2a: Slaking|0 fnt
|faint|p2a: Slaking
|
|-weather|SunnyDay|[upkeep]
|upkeep
|
|t:|1776091397
|switch|p2a: Cinderace|Cinderace, F|100/100
|turn|4
|
|t:|1776091406
|-end|p1a: Brute Bonnet|Protosynthesis|[silent]
|switch|p1a: Dragonite|Dragonite, M|100/100
|move|p2a: Cinderace|High Jump Kick|p1a: Dragonite
|-start|p2a: Cinderace|typechange|Fighting|[from] ability: Libero
|-resisted|p1a: Dragonite
|-damage|p1a: Dragonite|83/100
|
|-weather|SunnyDay|[upkeep]
|-heal|p1a: Dragonite|89/100|[from] item: Leftovers
|upkeep
|turn|5
|
|t:|1776091419
|switch|p2a: Ninetales|Ninetales-Alola, F|100/100
|-weather|Snowscape|[from] ability: Snow Warning|[of] p2a: Ninetales
|switch|p1a: Clefable|Clefable, F|100/100
|
|-weather|Snowscape|[upkeep]
|upkeep
|turn|6
|
|t:|1776091439
|move|p2a: Ninetales|Freeze-Dry|p1a: Clefable
|-damage|p1a: Clefable|62/100
|move|p1a: Clefable|Brick Break|p2a: Ninetales
|-damage|p2a: Ninetales|87/100
|
|-weather|Snowscape|[upkeep]
|-heal|p1a: Clefable|69/100|[from] item: Leftovers
|upkeep
|turn|7
|inactive|aadviksdaddy has 120 seconds left.
|
|t:|1776091456
|switch|p1a: Walking Wake|Walking Wake|100/100
|move|p2a: Ninetales|Freeze-Dry|p1a: Walking Wake
|-supereffective|p1a: Walking Wake
|-damage|p1a: Walking Wake|0 fnt
|faint|p1a: Walking Wake
|-end|p1a: Walking Wake|Protosynthesis|[silent]
|
|-weather|Snowscape|[upkeep]
|upkeep
|inactive|aadviksdaddy has 120 seconds left.
|
|t:|1776091464
|switch|p1a: Venusaur|Venusaur, M|100/100
|turn|8
|
|t:|1776091468
|move|p2a: Ninetales|Freeze-Dry|p1a: Venusaur
|-supereffective|p1a: Venusaur
|-damage|p1a: Venusaur|17/100
|move|p1a: Venusaur|Sludge Bomb|p2a: Ninetales
|-supereffective|p2a: Ninetales
|-damage|p2a: Ninetales|0 fnt
|faint|p2a: Ninetales
|
|-weather|Snowscape|[upkeep]
|upkeep
|
|t:|1776091480
|switch|p2a: Conkeldurr|Conkeldurr, M|100/100
|turn|9
|
|t:|1776091497
|switch|p1a: Clefable|Clefable, F|69/100
|move|p2a: Conkeldurr|Mach Punch|p1a: Clefable
|-resisted|p1a: Clefable
|-damage|p1a: Clefable|55/100
|-damage|p2a: Conkeldurr|91/100|[from] item: Life Orb
|
|-weather|none
|-heal|p1a: Clefable|61/100|[from] item: Leftovers
|upkeep
|turn|10
|
|t:|1776091510
|switch|p2a: Zapdos|Zapdos|100/100
|move|p1a: Clefable|Moonlight|p1a: Clefable
|-heal|p1a: Clefable|100/100
|
|upkeep
|turn|11
|
|t:|1776091517
|move|p2a: Zapdos|Hurricane|p1a: Clefable
|-damage|p1a: Clefable|50/100
|move|p1a: Clefable|Calm Mind|p1a: Clefable
|-boost|p1a: Clefable|spa|1
|-boost|p1a: Clefable|spd|1
|
|-heal|p1a: Clefable|56/100|[from] item: Leftovers
|upkeep
|turn|12
|
|t:|1776091531
|move|p2a: Zapdos|Hurricane|p1a: Clefable
|-damage|p1a: Clefable|20/100
|move|p1a: Clefable|Moonlight|p1a: Clefable
|-heal|p1a: Clefable|70/100
|
|-heal|p1a: Clefable|76/100|[from] item: Leftovers
|upkeep
|turn|13
|
|t:|1776091546
|switch|p2a: Cinderace|Cinderace, F|100/100
|move|p1a: Clefable|Calm Mind|p1a: Clefable
|-boost|p1a: Clefable|spa|1
|-boost|p1a: Clefable|spd|1
|
|-heal|p1a: Clefable|82/100|[from] item: Leftovers
|upkeep
|turn|14
|
|t:|1776091561
|move|p2a: Cinderace|Pyro Ball|p1a: Clefable
|-damage|p1a: Clefable|33/100
|move|p1a: Clefable|Moonlight|p1a: Clefable
|-heal|p1a: Clefable|83/100
|
|-heal|p1a: Clefable|89/100|[from] item: Leftovers
|upkeep
|turn|15
|
|t:|1776091571
|move|p2a: Cinderace|Pyro Ball|p1a: Clefable
|-damage|p1a: Clefable|44/100
|move|p1a: Clefable|Moonblast|p2a: Cinderace
|-resisted|p2a: Cinderace
|-damage|p2a: Cinderace|52/100
|-unboost|p2a: Cinderace|spa|1
|
|-heal|p1a: Clefable|50/100|[from] item: Leftovers
|upkeep
|turn|16
|
|t:|1776091582
|move|p2a: Cinderace|Pyro Ball|p1a: Clefable
|-damage|p1a: Clefable|9/100
|move|p1a: Clefable|Moonlight|p1a: Clefable
|-heal|p1a: Clefable|59/100
|
|-heal|p1a: Clefable|65/100|[from] item: Leftovers
|upkeep
|turn|17
|
|t:|1776091603
|switch|p1a: Venusaur|Venusaur, M|17/100
|move|p2a: Cinderace|Pyro Ball|p1a: Venusaur
|-supereffective|p1a: Venusaur
|-damage|p1a: Venusaur|0 fnt
|faint|p1a: Venusaur
|
|upkeep
|
|t:|1776091611
|switch|p1a: Brute Bonnet|Brute Bonnet|100/100
|turn|18
|
|t:|1776091619
|move|p2a: Cinderace|High Jump Kick|p1a: Brute Bonnet
|-start|p2a: Cinderace|typechange|Fighting|[from] ability: Libero
|-supereffective|p1a: Brute Bonnet
|-enditem|p1a: Brute Bonnet|Focus Sash
|-damage|p1a: Brute Bonnet|1/100
|move|p1a: Brute Bonnet|Stomping Tantrum|p2a: Cinderace
|-damage|p2a: Cinderace|7/100
|
|upkeep
|turn|19
|
|t:|1776091630
|move|p1a: Brute Bonnet|Sucker Punch|p2a: Cinderace
|-resisted|p2a: Cinderace
|-damage|p2a: Cinderace|0 fnt
|faint|p2a: Cinderace
|
|upkeep
|
|t:|1776091637
|switch|p2a: Conkeldurr|Conkeldurr, M|91/100
|turn|20
|
|t:|1776091655
|move|p2a: Conkeldurr|Knock Off|p1a: Brute Bonnet
|-resisted|p1a: Brute Bonnet
|-damage|p1a: Brute Bonnet|0 fnt
|faint|p1a: Brute Bonnet
|-end|p1a: Brute Bonnet|Protosynthesis|[silent]
|-damage|p2a: Conkeldurr|81/100|[from] item: Life Orb
|
|upkeep
|inactive|aadviksdaddy has 120 seconds left.
|
|t:|1776091676
|switch|p1a: Clefable|Clefable, F|65/100
|turn|21
|
|t:|1776091682
|move|p1a: Clefable|Moonlight|p1a: Clefable
|-heal|p1a: Clefable|100/100
|move|p2a: Conkeldurr|Knock Off|p1a: Clefable
|-resisted|p1a: Clefable
|-damage|p1a: Clefable|81/100
|-enditem|p1a: Clefable|Leftovers|[from] move: Knock Off|[of] p2a: Conkeldurr
|-damage|p2a: Conkeldurr|71/100|[from] item: Life Orb
|
|upkeep
|turn|22
|
|t:|1776091692
|move|p1a: Clefable|Moonblast|p2a: Conkeldurr
|-supereffective|p2a: Conkeldurr
|-damage|p2a: Conkeldurr|14/100
|move|p2a: Conkeldurr|Drain Punch|p1a: Clefable
|-resisted|p1a: Clefable
|-damage|p1a: Clefable|58/100
|-heal|p2a: Conkeldurr|28/100|[from] drain|[of] p1a: Clefable
|-damage|p2a: Conkeldurr|18/100|[from] item: Life Orb
|
|upkeep
|turn|23
|
|t:|1776091702
|move|p2a: Conkeldurr|Mach Punch|p1a: Clefable
|-resisted|p1a: Clefable
|-damage|p1a: Clefable|43/100
|-damage|p2a: Conkeldurr|8/100|[from] item: Life Orb
|move|p1a: Clefable|Moonblast|p2a: Conkeldurr
|-supereffective|p2a: Conkeldurr
|-damage|p2a: Conkeldurr|0 fnt
|faint|p2a: Conkeldurr
|
|upkeep
|
|t:|1776091712
|switch|p2a: Zapdos|Zapdos|100/100
|turn|24
|
|t:|1776091733
|move|p2a: Zapdos|Hurricane|p1a: Clefable
|-damage|p1a: Clefable|0 fnt
|faint|p1a: Clefable
|
|upkeep
|
|t:|1776091737
|switch|p1a: Dragonite|Dragonite, M|89/100
|turn|25
|
|t:|1776091747
|move|p2a: Zapdos|Thunderbolt|p1a: Dragonite
|-damage|p1a: Dragonite|39/100
|move|p1a: Dragonite|Dragon Dance|p1a: Dragonite
|-boost|p1a: Dragonite|atk|1
|-boost|p1a: Dragonite|spe|1
|
|-heal|p1a: Dragonite|45/100|[from] item: Leftovers
|upkeep
|turn|26
|
|t:|1776091758
|move|p1a: Dragonite|Ice Spinner|p2a: Zapdos
|-supereffective|p2a: Zapdos
|-damage|p2a: Zapdos|0 fnt
|-status|p1a: Dragonite|par|[from] ability: Static|[of] p2a: Zapdos
|faint|p2a: Zapdos
|
|-heal|p1a: Dragonite|51/100 par|[from] item: Leftovers
|upkeep
|
|t:|1776091767
|switch|p2a: Kingambit|Kingambit, F|100/100
|-activate|p2a: Kingambit|ability: Supreme Overlord
|-start|p2a: Kingambit|fallen5|[silent]
|turn|27
|
|t:|1776091777
|cant|p1a: Dragonite|par
|move|p2a: Kingambit|Iron Head|p1a: Dragonite
|-damage|p1a: Dragonite|0 fnt
|faint|p1a: Dragonite
|
|win|bossgonora
|raw|aadviksdaddy's rating: 1202 &rarr; <strong>1175</strong><br />(-27 for losing)
|raw|bossgonora's rating: 1169 &rarr; <strong>1196</strong><br />(+27 for winning)
|l|☆bossgonora
|player|p2|
