|html|<div class="broadcast-blue"><strong>[Gen 9] OU is currently suspecting Tera Blast! For information on how to participate check out the <a href="https://www.smogon.com/tools/suspects/view/200">suspect thread</a>.</strong></div>
|j|☆torippi
|j|☆Mi Bombo
|t:|1776070024
|gametype|singles
|player|p1|torippi|102|1201
|player|p2|Mi Bombo|rancher|1202
|gen|9
|tier|[Gen 9] OU
|rated|
|rule|HP Percentage Mod: HP is shown in percentages
|rule|Endless Battle Clause: Forcing endless battles is banned
|rule|Species Clause: Limit one of each Pokémon
|rule|OHKO Clause: OHKO moves are banned
|rule|Evasion Items Clause: Evasion items are banned
|rule|Evasion Moves Clause: Evasion moves are banned
|rule|Evasion Abilities Clause: Evasion abilities are banned
|rule|Sleep Moves Clause: Sleep-inducing moves are banned
|clearpoke
|poke|p1|Alomomola, F|
|poke|p1|Lokix, F|
|poke|p1|Incineroar, F|
|poke|p1|Amoonguss, M|
|poke|p1|Ting-Lu|
|poke|p1|Dondozo, F|
|poke|p2|Great Tusk|
|poke|p2|Darkrai|
|poke|p2|Iron Moth|
|poke|p2|Pecharunt|
|poke|p2|Quaquaval, F|
|poke|p2|Farigiraf, F|
|teampreview
|
|t:|1776070055
|teamsize|p1|6
|teamsize|p2|6
|start
|switch|p1a: Lokix|Lokix, F|100/100
|switch|p2a: Elephant|Great Tusk|100/100
|turn|1
|inactive|Battle timer is ON: inactive players will automatically lose when time's up. (requested by Mi Bombo)
|
|t:|1776070115
|-terastallize|p1a: Lokix|Bug
|move|p2a: Elephant|Stealth Rock|p1a: Lokix
|-sidestart|p1: torippi|move: Stealth Rock
|move|p1a: Lokix|U-turn|p2a: Elephant
|-resisted|p2a: Elephant
|-damage|p2a: Elephant|51/100
|
|t:|1776070123
|switch|p1a: Alomomola|Alomomola, F|100/100|[from] U-turn
|-damage|p1a: Alomomola|88/100|[from] Stealth Rock
|
|upkeep
|turn|2
|
|t:|1776070146
|-end|p2a: Elephant|Protosynthesis|[silent]
|switch|p2a: Pecharunt|Pecharunt|100/100
|move|p1a: Alomomola|Scald|p2a: Pecharunt
|-damage|p2a: Pecharunt|86/100
|
|-heal|p2a: Pecharunt|92/100|[from] item: Leftovers
|upkeep
|turn|3
|
|t:|1776070154
|move|p2a: Pecharunt|Malignant Chain|p1a: Alomomola
|-damage|p1a: Alomomola|61/100
|move|p1a: Alomomola|Alluring Voice|p2a: Pecharunt
|-resisted|p2a: Pecharunt
|-damage|p2a: Pecharunt|88/100
|
|-heal|p2a: Pecharunt|94/100|[from] item: Leftovers
|upkeep
|turn|4
|
|t:|1776070165
|move|p2a: Pecharunt|Malignant Chain|p1a: Alomomola
|-damage|p1a: Alomomola|33/100
|move|p1a: Alomomola|Flip Turn|p2a: Pecharunt
|-damage|p2a: Pecharunt|84/100
|
|t:|1776070171
|switch|p1a: Incineroar|Incineroar, F|100/100|[from] Flip Turn
|-damage|p1a: Incineroar|76/100|[from] Stealth Rock
|-ability|p1a: Incineroar|Intimidate|boost
|-unboost|p2a: Pecharunt|atk|1
|
|-heal|p2a: Pecharunt|90/100|[from] item: Leftovers
|-heal|p1a: Incineroar|82/100|[from] item: Leftovers
|upkeep
|turn|5
|
|t:|1776070184
|move|p1a: Incineroar|Protect|p1a: Incineroar
|-singleturn|p1a: Incineroar|Protect
|move|p2a: Pecharunt|Malignant Chain|p1a: Incineroar
|-activate|p1a: Incineroar|move: Protect
|
|-heal|p2a: Pecharunt|96/100|[from] item: Leftovers
|-heal|p1a: Incineroar|88/100|[from] item: Leftovers
|upkeep
|turn|6
|
|t:|1776070192
|switch|p2a: Elephant|Great Tusk|51/100
|move|p1a: Incineroar|Knock Off|p2a: Elephant
|-resisted|p2a: Elephant
|-damage|p2a: Elephant|39/100
|-enditem|p2a: Elephant|Heavy-Duty Boots|[from] move: Knock Off|[of] p1a: Incineroar
|
|-heal|p1a: Incineroar|94/100|[from] item: Leftovers
|upkeep
|turn|7
|
|t:|1776070202
|switch|p1a: Alomomola|Alomomola, F|66/100
|-damage|p1a: Alomomola|54/100|[from] Stealth Rock
|move|p2a: Elephant|Close Combat|p1a: Alomomola
|-damage|p1a: Alomomola|15/100
|-unboost|p2a: Elephant|def|1
|-unboost|p2a: Elephant|spd|1
|-damage|p2a: Elephant|23/100|[from] item: Rocky Helmet|[of] p1a: Alomomola
|
|upkeep
|turn|8
|
|t:|1776070217
|-end|p2a: Elephant|Protosynthesis|[silent]
|switch|p2a: Farigiraf|Farigiraf, F|100/100
|switch|p1a: Lokix|Lokix, F, tera:Bug|100/100
|-damage|p1a: Lokix|76/100|[from] Stealth Rock
|
|upkeep
|turn|9
|
|t:|1776070228
|switch|p2a: Pecharunt|Pecharunt|96/100
|move|p1a: Lokix|First Impression|p2a: Pecharunt
|-resisted|p2a: Pecharunt
|-damage|p2a: Pecharunt|69/100
|
|-heal|p2a: Pecharunt|76/100|[from] item: Leftovers
|upkeep
|turn|10
|
|t:|1776070237
|switch|p1a: Incineroar|Incineroar, F|94/100
|-damage|p1a: Incineroar|69/100|[from] Stealth Rock
|-ability|p1a: Incineroar|Intimidate|boost
|-unboost|p2a: Pecharunt|atk|1
|move|p2a: Pecharunt|Malignant Chain|p1a: Incineroar
|-damage|p1a: Incineroar|45/100
|
|-heal|p2a: Pecharunt|82/100|[from] item: Leftovers
|-heal|p1a: Incineroar|52/100|[from] item: Leftovers
|upkeep
|turn|11
|
|t:|1776070253
|move|p2a: Pecharunt|Malignant Chain|p1a: Incineroar
|-damage|p1a: Incineroar|26/100
|move|p1a: Incineroar|Knock Off|p2a: Pecharunt
|-supereffective|p2a: Pecharunt
|-damage|p2a: Pecharunt|34/100
|-enditem|p2a: Pecharunt|Leftovers|[from] move: Knock Off|[of] p1a: Incineroar
|
|-heal|p1a: Incineroar|32/100|[from] item: Leftovers
|upkeep
|turn|12
|
|t:|1776070261
|move|p1a: Incineroar|Protect|p1a: Incineroar
|-singleturn|p1a: Incineroar|Protect
|move|p2a: Pecharunt|Recover|p2a: Pecharunt
|-heal|p2a: Pecharunt|84/100
|
|-heal|p1a: Incineroar|38/100|[from] item: Leftovers
|upkeep
|turn|13
|
|t:|1776070269
|move|p2a: Pecharunt|Malignant Chain|p1a: Incineroar
|-damage|p1a: Incineroar|13/100
|move|p1a: Incineroar|Parting Shot|p2a: Pecharunt
|-unboost|p2a: Pecharunt|atk|1
|-unboost|p2a: Pecharunt|spa|1
|
|t:|1776070277
|switch|p1a: Ting-Lu|Ting-Lu|100/100|[from] Parting Shot
|-damage|p1a: Ting-Lu|94/100|[from] Stealth Rock
|-ability|p1a: Ting-Lu|Vessel of Ruin
|
|-heal|p1a: Ting-Lu|100/100|[from] item: Leftovers
|upkeep
|turn|14
|
|t:|1776070288
|switch|p2a: Elephant|Great Tusk|23/100
|move|p1a: Ting-Lu|Snarl|p2a: Elephant
|-resisted|p2a: Elephant
|-damage|p2a: Elephant|14/100
|-unboost|p2a: Elephant|spa|1
|
|upkeep
|turn|15
|
|t:|1776070297
|move|p1a: Ting-Lu|Protect|p1a: Ting-Lu
|-singleturn|p1a: Ting-Lu|Protect
|move|p2a: Elephant|Close Combat|p1a: Ting-Lu
|-activate|p1a: Ting-Lu|move: Protect
|
|upkeep
|turn|16
|
|t:|1776070308
|switch|p1a: Alomomola|Alomomola, F|49/100
|-damage|p1a: Alomomola|36/100|[from] Stealth Rock
|move|p2a: Elephant|Close Combat|p1a: Alomomola
|-damage|p1a: Alomomola|0 fnt
|-unboost|p2a: Elephant|def|1
|-unboost|p2a: Elephant|spd|1
|-damage|p2a: Elephant|0 fnt|[from] item: Rocky Helmet|[of] p1a: Alomomola
|faint|p1a: Alomomola
|faint|p2a: Elephant
|-end|p2a: Elephant|Protosynthesis|[silent]
|
|upkeep
|
|t:|1776070322
|switch|p2a: Quaquaval|Quaquaval, F|100/100
|switch|p1a: Lokix|Lokix, F, tera:Bug|76/100
|-damage|p1a: Lokix|51/100|[from] Stealth Rock
|turn|17
|
|t:|1776070329
|move|p1a: Lokix|First Impression|p2a: Quaquaval
|-resisted|p2a: Quaquaval
|-enditem|p2a: Quaquaval|Focus Sash
|-damage|p2a: Quaquaval|1/100
|move|p2a: Quaquaval|Aqua Step|p1a: Lokix
|-damage|p1a: Lokix|6/100
|-boost|p2a: Quaquaval|spe|1
|
|upkeep
|turn|18
|
|t:|1776070345
|switch|p1a: Dondozo|Dondozo, F|100/100
|-damage|p1a: Dondozo|88/100|[from] Stealth Rock
|move|p2a: Quaquaval|Aqua Step|p1a: Dondozo
|-resisted|p1a: Dondozo
|-damage|p1a: Dondozo|75/100
|-boost|p2a: Quaquaval|spe|1
|
|-heal|p1a: Dondozo|82/100|[from] item: Leftovers
|upkeep
|turn|19
|
|t:|1776070356
|move|p2a: Quaquaval|Acrobatics|p1a: Dondozo
|-crit|p1a: Dondozo
|-damage|p1a: Dondozo|48/100
|move|p1a: Dondozo|Substitute|p1a: Dondozo
|-start|p1a: Dondozo|Substitute
|-damage|p1a: Dondozo|23/100
|
|-heal|p1a: Dondozo|29/100|[from] item: Leftovers
|upkeep
|turn|20
|
|t:|1776070365
|move|p1a: Dondozo|Protect|p1a: Dondozo
|-singleturn|p1a: Dondozo|Protect
|move|p2a: Quaquaval|Aqua Step|p1a: Dondozo
|-activate|p1a: Dondozo|move: Protect
|
|-heal|p1a: Dondozo|35/100|[from] item: Leftovers
|upkeep
|turn|21
|
|t:|1776070377
|move|p2a: Quaquaval|Aqua Step|p1a: Dondozo
|-resisted|p1a: Dondozo
|-activate|p1a: Dondozo|move: Substitute|[damage]
|-boost|p2a: Quaquaval|spe|1
|move|p1a: Dondozo|Aqua Tail|p2a: Quaquaval
|-resisted|p2a: Quaquaval
|-damage|p2a: Quaquaval|0 fnt
|faint|p2a: Quaquaval
|
|-heal|p1a: Dondozo|42/100|[from] item: Leftovers
|upkeep
|
|t:|1776070387
|switch|p2a: Farigiraf|Farigiraf, F|100/100
|turn|22
|
|t:|1776070390
|move|p1a: Dondozo|Protect|p1a: Dondozo
|-singleturn|p1a: Dondozo|Protect
|move|p2a: Farigiraf|Hyper Voice|p1a: Dondozo
|-activate|p1a: Dondozo|move: Protect
|
|-heal|p1a: Dondozo|48/100|[from] item: Leftovers
|upkeep
|turn|23
|
|t:|1776070400
|move|p2a: Farigiraf|Hyper Voice|p1a: Dondozo
|-damage|p1a: Dondozo|20/100
|-enditem|p2a: Farigiraf|Throat Spray
|-boost|p2a: Farigiraf|spa|1|[from] item: Throat Spray
|move|p1a: Dondozo|Aqua Tail|p2a: Farigiraf
|-damage|p2a: Farigiraf|69/100
|
|-heal|p1a: Dondozo|26/100|[from] item: Leftovers
|upkeep
|turn|24
|
|t:|1776070412
|move|p1a: Dondozo|Protect|p1a: Dondozo
|-singleturn|p1a: Dondozo|Protect
|move|p2a: Farigiraf|Calm Mind|p2a: Farigiraf
|-boost|p2a: Farigiraf|spa|1
|-boost|p2a: Farigiraf|spd|1
|
|-heal|p1a: Dondozo|32/100|[from] item: Leftovers
|upkeep
|turn|25
|
|t:|1776070420
|move|p2a: Farigiraf|Hyper Voice|p1a: Dondozo
|-crit|p1a: Dondozo
|-damage|p1a: Dondozo|0 fnt
|faint|p1a: Dondozo
|
|upkeep
|
|t:|1776070430
|switch|p1a: Ting-Lu|Ting-Lu|100/100
|-damage|p1a: Ting-Lu|94/100|[from] Stealth Rock
|-ability|p1a: Ting-Lu|Vessel of Ruin
|turn|26
|
|t:|1776070438
|move|p2a: Farigiraf|Hyper Voice|p1a: Ting-Lu
|-damage|p1a: Ting-Lu|53/100
|move|p1a: Ting-Lu|Stealth Rock|p2a: Farigiraf
|-sidestart|p2: Mi Bombo|move: Stealth Rock
|
|-heal|p1a: Ting-Lu|60/100|[from] item: Leftovers
|upkeep
|turn|27
|
|t:|1776070445
|move|p1a: Ting-Lu|Protect|p1a: Ting-Lu
|-singleturn|p1a: Ting-Lu|Protect
|move|p2a: Farigiraf|Hyper Voice|p1a: Ting-Lu
|-activate|p1a: Ting-Lu|move: Protect
|
|-heal|p1a: Ting-Lu|66/100|[from] item: Leftovers
|upkeep
|turn|28
|
|t:|1776070453
|move|p2a: Farigiraf|Thief|p1a: Ting-Lu
|-resisted|p1a: Ting-Lu
|-damage|p1a: Ting-Lu|63/100
|-enditem|p1a: Ting-Lu|Leftovers|[silent]|[from] move: Thief|[of] p2a: Farigiraf
|-item|p2a: Farigiraf|Leftovers|[from] move: Thief|[of] p1a: Ting-Lu
|move|p1a: Ting-Lu|Whirlwind|p2a: Farigiraf
|drag|p2a: Darkrai|Darkrai|100/100
|-damage|p2a: Darkrai|88/100|[from] Stealth Rock
|
|upkeep
|turn|29
|
|t:|1776070463
|move|p1a: Ting-Lu|Protect|p1a: Ting-Lu
|-singleturn|p1a: Ting-Lu|Protect
|move|p2a: Darkrai|Ice Beam|p1a: Ting-Lu
|-activate|p1a: Ting-Lu|move: Protect
|
|upkeep
|turn|30
|
|t:|1776070469
|move|p2a: Darkrai|Ice Beam|p1a: Ting-Lu
|-supereffective|p1a: Ting-Lu
|-damage|p1a: Ting-Lu|22/100
|-damage|p2a: Darkrai|78/100|[from] item: Life Orb
|move|p1a: Ting-Lu|Whirlwind|p2a: Darkrai
|drag|p2a: Iron Moth|Iron Moth|100/100
|-damage|p2a: Iron Moth|76/100|[from] Stealth Rock
|-enditem|p2a: Iron Moth|Booster Energy
|-activate|p2a: Iron Moth|ability: Quark Drive|[fromitem]
|-start|p2a: Iron Moth|quarkdrivespa
|
|upkeep
|turn|31
|
|t:|1776070480
|move|p1a: Ting-Lu|Protect|p1a: Ting-Lu
|-singleturn|p1a: Ting-Lu|Protect
|move|p2a: Iron Moth|Dazzling Gleam|p1a: Ting-Lu
|-activate|p1a: Ting-Lu|move: Protect
|
|upkeep
|turn|32
|
|t:|1776070487
|switch|p1a: Incineroar|Incineroar, F|13/100
|-damage|p1a: Incineroar|0 fnt|[from] Stealth Rock
|faint|p1a: Incineroar
|move|p2a: Iron Moth|Dazzling Gleam|p1: Incineroar|[notarget]
|-fail|p2a: Iron Moth
|
|upkeep
|
|t:|1776070493
|switch|p1a: Lokix|Lokix, F, tera:Bug|6/100
|-damage|p1a: Lokix|0 fnt|[from] Stealth Rock
|faint|p1a: Lokix
|
|t:|1776070499
|switch|p1a: Amoonguss|Amoonguss, M|100/100
|turn|33
|
|t:|1776070508
|move|p2a: Iron Moth|Fiery Dance|p1a: Amoonguss
|-supereffective|p1a: Amoonguss
|-damage|p1a: Amoonguss|0 fnt
|-boost|p2a: Iron Moth|spa|1
|faint|p1a: Amoonguss
|
|upkeep
|-message|torippi forfeited.
|
|win|Mi Bombo
|raw|torippi's rating: 1201 &rarr; <strong>1176</strong><br />(-25 for losing)
|raw|Mi Bombo's rating: 1202 &rarr; <strong>1227</strong><br />(+25 for winning)
|l|☆torippi
|player|p1|
|l|☆Mi Bombo
|player|p2|
