|html|<div class="broadcast-blue"><strong>[Gen 9] OU is currently suspecting Tera Blast! For information on how to participate check out the <a href="https://www.smogon.com/tools/suspects/view/200">suspect thread</a>.</strong></div>
|j|☆kodesdawg
|j|☆swpokeg
|t:|1776098582
|gametype|singles
|player|p1|kodesdawg|265|1021
|player|p2|swpokeg|1|1013
|gen|9
|tier|[Gen 9] OU
|rated|
|rule|HP Percentage Mod: HP is shown in percentages
|rule|Endless Battle Clause: Forcing endless battles is banned
|rule|Species Clause: Limit one of each Pokémon
|rule|OHKO Clause: OHKO moves are banned
|rule|Evasion Items Clause: Evasion items are banned
|rule|Evasion Moves Clause: Evasion moves are banned
|rule|Evasion Abilities Clause: Evasion abilities are banned
|rule|Sleep Moves Clause: Sleep-inducing moves are banned
|clearpoke
|poke|p1|Poliwrath, M|
|poke|p1|Politoed, M|
|poke|p1|Greninja-*, F|
|poke|p1|Venusaur, M|
|poke|p1|Toxicroak, F|
|poke|p1|Bellibolt, M|
|poke|p2|Porygon-Z|
|poke|p2|Azumarill, M|
|poke|p2|Dragonite, F|
|poke|p2|Pelipper, F|
|poke|p2|Kleavor, F|
|poke|p2|Klefki, F|
|teampreview
|inactive|Battle timer is ON: inactive players will automatically lose when time's up. (requested by swpokeg)
|
|t:|1776098588
|teamsize|p1|6
|teamsize|p2|6
|start
|switch|p1a: Politoed|Politoed, M|100/100
|switch|p2a: Klefki|Klefki, F|100/100
|-weather|RainDance|[from] ability: Drizzle|[of] p1a: Politoed
|turn|1
|
|t:|1776098598
|move|p2a: Klefki|Magic Room|p2a: Klefki
|-fieldstart|move: Magic Room|[of] p2a: Klefki
|move|p1a: Politoed|Earth Power|p2a: Klefki
|-supereffective|p2a: Klefki
|-damage|p2a: Klefki|39/100
|-unboost|p2a: Klefki|spd|1
|
|-weather|RainDance|[upkeep]
|upkeep
|turn|2
|
|t:|1776098609
|move|p2a: Klefki|Spikes|p1a: Politoed
|-sidestart|p1: kodesdawg|Spikes
|move|p1a: Politoed|Earth Power|p2a: Klefki
|-supereffective|p2a: Klefki
|-damage|p2a: Klefki|0 fnt
|faint|p2a: Klefki
|
|-weather|RainDance|[upkeep]
|upkeep
|
|t:|1776098615
|switch|p2a: Azumarill|Azumarill, M|100/100
|turn|3
|
|t:|1776098621
|move|p1a: Politoed|Earth Power|p2a: Azumarill
|-damage|p2a: Azumarill|77/100
|move|p2a: Azumarill|Belly Drum|p2a: Azumarill
|-damage|p2a: Azumarill|27/100
|-setboost|p2a: Azumarill|atk|6|[from] move: Belly Drum
|
|-weather|RainDance|[upkeep]
|upkeep
|turn|4
|
|t:|1776098631
|-terastallize|p2a: Azumarill|Water
|move|p2a: Azumarill|Aqua Jet|p1a: Politoed
|-resisted|p1a: Politoed
|-damage|p1a: Politoed|0 fnt
|faint|p1a: Politoed
|
|-weather|RainDance|[upkeep]
|upkeep
|
|t:|1776098648
|switch|p1a: Poliwrath|Poliwrath, M|100/100
|-damage|p1a: Poliwrath|88/100|[from] Spikes
|turn|5
|
|t:|1776098655
|move|p2a: Azumarill|Aqua Jet|p1a: Poliwrath
|-resisted|p1a: Poliwrath
|-damage|p1a: Poliwrath|0 fnt
|faint|p1a: Poliwrath
|
|-weather|none
|-fieldend|move: Magic Room|[of] p2: Klefki
|upkeep
|
|t:|1776098679
|switch|p1a: Venusaur|Venusaur, M|100/100
|-damage|p1a: Venusaur|88/100|[from] Spikes
|turn|6
|
|t:|1776098686
|move|p2a: Azumarill|Aqua Jet|p1a: Venusaur
|-resisted|p1a: Venusaur
|-crit|p1a: Venusaur
|-damage|p1a: Venusaur|0 fnt
|faint|p1a: Venusaur
|
|upkeep
|
|t:|1776098692
|switch|p1a: Greninja|Greninja, F, shiny|100/100
|-damage|p1a: Greninja|88/100|[from] Spikes
|turn|7
|
|t:|1776098706
|move|p2a: Azumarill|Aqua Jet|p1a: Greninja
|-resisted|p1a: Greninja
|-damage|p1a: Greninja|0 fnt
|faint|p1a: Greninja
|
|upkeep
|
|t:|1776098712
|switch|p1a: Toxicroak|Toxicroak, F, shiny|100/100
|-damage|p1a: Toxicroak|88/100|[from] Spikes
|turn|8
|
|t:|1776098724
|move|p2a: Azumarill|Aqua Jet|p1a: Toxicroak
|-damage|p1a: Toxicroak|0 fnt
|faint|p1a: Toxicroak
|
|upkeep
|
|t:|1776098729
|switch|p1a: Bellibolt|Bellibolt, M, shiny|100/100
|-item|p1a: Bellibolt|Air Balloon
|turn|9
|
|t:|1776098734
|move|p2a: Azumarill|Aqua Jet|p1a: Bellibolt
|-crit|p1a: Bellibolt
|-damage|p1a: Bellibolt|0 fnt
|-enditem|p1a: Bellibolt|Air Balloon
|faint|p1a: Bellibolt
|
|win|swpokeg
|raw|kodesdawg's rating: 1021 &rarr; <strong>1008</strong><br />(-13 for losing)
|raw|swpokeg's rating: 1013 &rarr; <strong>1052</strong><br />(+39 for winning)
