|html|<div class="broadcast-blue"><strong>[Gen 9] OU is currently suspecting Tera Blast! For information on how to participate check out the <a href="https://www.smogon.com/tools/suspects/view/200">suspect thread</a>.</strong></div>
|j|☆Lano Del Rey2
|j|☆Chris789001
|t:|1776077088
|gametype|singles
|player|p1|Lano Del Rey2|bugcatcher-gen4dp|1227
|player|p2|Chris789001|266|1250
|gen|9
|tier|[Gen 9] OU
|rated|
|rule|HP Percentage Mod: HP is shown in percentages
|rule|Endless Battle Clause: Forcing endless battles is banned
|rule|Species Clause: Limit one of each Pokémon
|rule|OHKO Clause: OHKO moves are banned
|rule|Evasion Items Clause: Evasion items are banned
|rule|Evasion Moves Clause: Evasion moves are banned
|rule|Evasion Abilities Clause: Evasion abilities are banned
|rule|Sleep Moves Clause: Sleep-inducing moves are banned
|clearpoke
|poke|p1|Rotom-Wash|
|poke|p1|Dragonite, F|
|poke|p1|Heatran, M|
|poke|p1|Sinistcha-Masterpiece|
|poke|p1|Clefable, M|
|poke|p1|Excadrill, M|
|poke|p2|Cloyster, F|
|poke|p2|Hydreigon, M|
|poke|p2|Froslass, F|
|poke|p2|Lurantis, M|
|poke|p2|Manaphy|
|poke|p2|Blaziken, M|
|teampreview
|inactive|Battle timer is ON: inactive players will automatically lose when time's up. (requested by Lano Del Rey2)
|
|t:|1776077102
|teamsize|p1|6
|teamsize|p2|6
|start
|switch|p1a: Heatran|Heatran, M, shiny|100/100
|switch|p2a: Hydreigon|Hydreigon, M|100/100
|turn|1
|
|t:|1776077110
|move|p2a: Hydreigon|Dragon Dance|p2a: Hydreigon
|-boost|p2a: Hydreigon|atk|1
|-boost|p2a: Hydreigon|spe|1
|move|p1a: Heatran|Stealth Rock|p2a: Hydreigon
|-sidestart|p2: Chris789001|move: Stealth Rock
|
|upkeep
|turn|2
|
|t:|1776077118
|-terastallize|p1a: Heatran|Grass
|move|p2a: Hydreigon|Earthquake|p1a: Heatran
|-resisted|p1a: Heatran
|-damage|p1a: Heatran|79/100
|move|p1a: Heatran|Earth Power|p2a: Hydreigon
|-immune|p2a: Hydreigon|[from] ability: Levitate
|
|-heal|p1a: Heatran|85/100|[from] item: Leftovers
|upkeep
|turn|3
|
|t:|1776077135
|switch|p1a: Clefable|Clefable, M, shiny|100/100
|move|p2a: Hydreigon|Dragon Dance|p2a: Hydreigon
|-boost|p2a: Hydreigon|atk|1
|-boost|p2a: Hydreigon|spe|1
|
|upkeep
|turn|4
|
|t:|1776077141
|move|p1a: Clefable|Moonblast|p2a: Hydreigon
|-supereffective|p2a: Hydreigon
|-damage|p2a: Hydreigon|0 fnt
|faint|p2a: Hydreigon
|
|upkeep
|
|t:|1776077171
|switch|p2a: Blaziken|Blaziken, M|100/100
|-damage|p2a: Blaziken|88/100|[from] Stealth Rock
|turn|5
|
|t:|1776077181
|move|p2a: Blaziken|Blaze Kick|p1a: Clefable|[miss]
|-miss|p2a: Blaziken|p1a: Clefable
|move|p1a: Clefable|Moonblast|p2a: Blaziken
|-damage|p2a: Blaziken|56/100
|
|-ability|p2a: Blaziken|Speed Boost|boost
|-boost|p2a: Blaziken|spe|1
|upkeep
|turn|6
|
|t:|1776077189
|move|p2a: Blaziken|Blaze Kick|p1a: Clefable
|-damage|p1a: Clefable|55/100
|-damage|p2a: Blaziken|46/100|[from] item: Life Orb
|move|p1a: Clefable|Calm Mind|p1a: Clefable
|-boost|p1a: Clefable|spa|1
|-boost|p1a: Clefable|spd|1
|
|-heal|p1a: Clefable|61/100|[from] item: Leftovers
|-ability|p2a: Blaziken|Speed Boost|boost
|-boost|p2a: Blaziken|spe|1
|upkeep
|turn|7
|
|t:|1776077199
|move|p2a: Blaziken|Blaze Kick|p1a: Clefable
|-damage|p1a: Clefable|12/100
|-damage|p2a: Blaziken|36/100|[from] item: Life Orb
|move|p1a: Clefable|Moonblast|p2a: Blaziken
|-damage|p2a: Blaziken|0 fnt
|faint|p2a: Blaziken
|
|-heal|p1a: Clefable|19/100|[from] item: Leftovers
|upkeep
|
|t:|1776077222
|switch|p2a: Cloyster|Cloyster, F|100/100
|-damage|p2a: Cloyster|76/100|[from] Stealth Rock
|turn|8
|
|t:|1776077227
|move|p2a: Cloyster|Icicle Spear|p1a: Clefable
|-damage|p1a: Clefable|9/100
|-damage|p1a: Clefable|2/100
|-damage|p1a: Clefable|0 fnt
|faint|p1a: Clefable
|-hitcount|p1: Clefable|3
|
|upkeep
|
|t:|1776077234
|switch|p1a: Rotom|Rotom-Wash|100/100
|turn|9
|
|t:|1776077241
|move|p2a: Cloyster|Shell Smash|p2a: Cloyster
|-unboost|p2a: Cloyster|def|1
|-unboost|p2a: Cloyster|spd|1
|-boost|p2a: Cloyster|atk|2
|-boost|p2a: Cloyster|spa|2
|-boost|p2a: Cloyster|spe|2
|move|p1a: Rotom|Volt Switch|p2a: Cloyster
|-supereffective|p2a: Cloyster
|-damage|p2a: Cloyster|0 fnt
|faint|p2a: Cloyster
|
|t:|1776077257
|switch|p1a: Heatran|Heatran, M, shiny, tera:Grass|85/100|[from] Volt Switch
|
|-heal|p1a: Heatran|92/100|[from] item: Leftovers
|upkeep
|
|t:|1776077266
|switch|p2a: Manaphy|Manaphy|100/100
|-damage|p2a: Manaphy|88/100|[from] Stealth Rock
|turn|10
|
|t:|1776077274
|switch|p1a: Sinistcha|Sinistcha-Masterpiece, shiny|100/100
|move|p2a: Manaphy|Take Heart|p2a: Manaphy
|-boost|p2a: Manaphy|spa|1
|-boost|p2a: Manaphy|spd|1
|
|-heal|p2a: Manaphy|94/100|[from] item: Leftovers
|upkeep
|turn|11
|
|t:|1776077297
|-terastallize|p2a: Manaphy|Poison
|move|p2a: Manaphy|Take Heart|p2a: Manaphy
|-boost|p2a: Manaphy|spa|1
|-boost|p2a: Manaphy|spd|1
|move|p1a: Sinistcha|Stun Spore|p2a: Manaphy
|-status|p2a: Manaphy|par
|
|-heal|p2a: Manaphy|100/100 par|[from] item: Leftovers
|upkeep
|turn|12
|
|t:|1776077316
|switch|p1a: Rotom|Rotom-Wash|100/100
|cant|p2a: Manaphy|par
|
|upkeep
|turn|13
|
|t:|1776077321
|move|p1a: Rotom|Volt Switch|p2a: Manaphy
|-damage|p2a: Manaphy|91/100 par
|
|t:|1776077324
|switch|p1a: Dragonite|Dragonite, F|100/100|[from] Volt Switch
|move|p2a: Manaphy|Alluring Voice|p1a: Dragonite
|-supereffective|p1a: Dragonite
|-damage|p1a: Dragonite|61/100
|
|-heal|p1a: Dragonite|67/100|[from] item: Leftovers
|-heal|p2a: Manaphy|97/100 par|[from] item: Leftovers
|upkeep
|turn|14
|
|t:|1776077337
|move|p1a: Dragonite|Earthquake|p2a: Manaphy
|-supereffective|p2a: Manaphy
|-damage|p2a: Manaphy|42/100 par
|cant|p2a: Manaphy|par
|
|-heal|p1a: Dragonite|74/100|[from] item: Leftovers
|-heal|p2a: Manaphy|48/100 par|[from] item: Leftovers
|upkeep
|turn|15
|
|t:|1776077344
|move|p1a: Dragonite|Earthquake|p2a: Manaphy
|-supereffective|p2a: Manaphy
|-damage|p2a: Manaphy|0 fnt
|faint|p2a: Manaphy
|
|-heal|p1a: Dragonite|80/100|[from] item: Leftovers
|upkeep
|
|t:|1776077351
|switch|p2a: Froslass|Froslass, F|100/100
|-damage|p2a: Froslass|76/100|[from] Stealth Rock
|turn|16
|
|t:|1776077358
|switch|p1a: Excadrill|Excadrill, M, shiny|100/100
|-ability|p1a: Excadrill|Mold Breaker
|-item|p1a: Excadrill|Air Balloon
|move|p2a: Froslass|Snowscape|p2a: Froslass
|-weather|Snowscape
|
|-weather|Snowscape|[upkeep]
|upkeep
|turn|17
|
|t:|1776077366
|move|p2a: Froslass|Aurora Veil|p2a: Froslass
|-sidestart|p2: Chris789001|move: Aurora Veil
|move|p1a: Excadrill|Iron Head|p2a: Froslass
|-supereffective|p2a: Froslass
|-damage|p2a: Froslass|28/100
|
|-weather|Snowscape|[upkeep]
|upkeep
|turn|18
|
|t:|1776077372
|move|p2a: Froslass|Blizzard|p1a: Excadrill
|-damage|p1a: Excadrill|48/100
|-enditem|p1a: Excadrill|Air Balloon
|move|p1a: Excadrill|Iron Head|p2a: Froslass
|-supereffective|p2a: Froslass
|-damage|p2a: Froslass|0 fnt
|faint|p2a: Froslass
|
|-weather|Snowscape|[upkeep]
|upkeep
|
|t:|1776077380
|switch|p2a: Lurantis|Lurantis, M|100/100
|-damage|p2a: Lurantis|88/100|[from] Stealth Rock
|turn|19
|
|t:|1776077386
|move|p1a: Excadrill|Iron Head|p2a: Lurantis
|-damage|p2a: Lurantis|58/100
|cant|p2a: Lurantis|flinch
|
|-weather|Snowscape|[upkeep]
|upkeep
|turn|20
|
|t:|1776077392
|move|p1a: Excadrill|Iron Head|p2a: Lurantis
|-damage|p2a: Lurantis|28/100
|move|p2a: Lurantis|Superpower|p1a: Excadrill
|-supereffective|p1a: Excadrill
|-damage|p1a: Excadrill|0 fnt
|-boost|p2a: Lurantis|atk|1
|-boost|p2a: Lurantis|def|1
|faint|p1a: Excadrill
|
|-weather|none
|upkeep
|
|t:|1776077402
|switch|p1a: Dragonite|Dragonite, F|80/100
|turn|21
|
|t:|1776077407
|move|p1a: Dragonite|Ice Spinner|p2a: Lurantis
|-supereffective|p2a: Lurantis
|-damage|p2a: Lurantis|4/100
|move|p2a: Lurantis|Knock Off|p1a: Dragonite
|-damage|p1a: Dragonite|30/100
|-enditem|p1a: Dragonite|Leftovers|[from] move: Knock Off|[of] p2a: Lurantis
|
|-sideend|p2: Chris789001|move: Aurora Veil
|upkeep
|turn|22
|
|t:|1776077414
|move|p1a: Dragonite|Ice Spinner|p2a: Lurantis
|-supereffective|p2a: Lurantis
|-damage|p2a: Lurantis|0 fnt
|faint|p2a: Lurantis
|
|win|Lano Del Rey2
|raw|Lano Del Rey2's rating: 1256 &rarr; <strong>1281</strong><br />(+25 for winning)
|raw|Chris789001's rating: 1250 &rarr; <strong>1225</strong><br />(-25 for losing)
|l|☆Chris789001
|player|p2|
|l|☆Lano Del Rey2
|player|p1|
