|html|<div class="broadcast-blue"><strong>[Gen 9] OU is currently suspecting Tera Blast! For information on how to participate check out the <a href="https://www.smogon.com/tools/suspects/view/200">suspect thread</a>.</strong></div>
|j|☆Millibead
|j|☆MrOER
|t:|1776057151
|gametype|singles
|player|p1|Millibead|burgh|1330
|player|p2|MrOER|blackbelt-gen4dp|1249
|gen|9
|tier|[Gen 9] OU
|rated|
|rule|HP Percentage Mod: HP is shown in percentages
|rule|Endless Battle Clause: Forcing endless battles is banned
|rule|Species Clause: Limit one of each Pokémon
|rule|OHKO Clause: OHKO moves are banned
|rule|Evasion Items Clause: Evasion items are banned
|rule|Evasion Moves Clause: Evasion moves are banned
|rule|Evasion Abilities Clause: Evasion abilities are banned
|rule|Sleep Moves Clause: Sleep-inducing moves are banned
|clearpoke
|poke|p1|Primarina, M|
|poke|p1|Iron Treads|
|poke|p1|Lokix, F|
|poke|p1|Kingdra, M|
|poke|p1|Pelipper, M|
|poke|p1|Toxicroak, M|
|poke|p2|Gliscor, M|
|poke|p2|Alomomola, M|
|poke|p2|Gholdengo|
|poke|p2|Clodsire, M|
|poke|p2|Great Tusk|
|poke|p2|Dragonite, M|
|teampreview
|inactive|Battle timer is ON: inactive players will automatically lose when time's up. (requested by MrOER)
|inactive|MrOER has 120 seconds left.
|
|t:|1776057184
|teamsize|p1|6
|teamsize|p2|6
|start
|switch|p1a: Pelipper|Pelipper, M, shiny|100/100
|switch|p2a: Gliscor|Gliscor, M, shiny|100/100
|-weather|RainDance|[from] ability: Drizzle|[of] p1a: Pelipper
|turn|1
|inactive|MrOER has 120 seconds left.
|
|t:|1776057217
|move|p2a: Gliscor|Protect|p2a: Gliscor
|-singleturn|p2a: Gliscor|Protect
|move|p1a: Pelipper|Ice Beam|p2a: Gliscor
|-activate|p2a: Gliscor|move: Protect
|
|-weather|RainDance|[upkeep]
|-status|p2a: Gliscor|tox|[from] item: Toxic Orb
|upkeep
|turn|2
|inactive|MrOER has 120 seconds left.
|inactive|Millibead has 120 seconds left.
|
|t:|1776057239
|switch|p2a: Alomomola|Alomomola, M, shiny|100/100
|move|p1a: Pelipper|Ice Beam|p2a: Alomomola
|-resisted|p2a: Alomomola
|-damage|p2a: Alomomola|89/100
|
|-weather|RainDance|[upkeep]
|upkeep
|turn|3
|inactive|Millibead has 120 seconds left.
|inactive|MrOER has 90 seconds left.
|
|t:|1776057277
|move|p2a: Alomomola|Wish|p2a: Alomomola
|move|p1a: Pelipper|U-turn|p2a: Alomomola
|-damage|p2a: Alomomola|84/100
|inactive|Millibead has 90 seconds left.
|
|t:|1776057307
|switch|p1a: Primarina|Primarina, M|100/100|[from] U-turn
|
|-weather|RainDance|[upkeep]
|upkeep
|turn|4
|
|t:|1776057315
|switch|p2a: Clodsire|Clodsire, M, shiny|100/100
|move|p1a: Primarina|Psychic Noise|p2a: Clodsire
|-supereffective|p2a: Clodsire
|-damage|p2a: Clodsire|32/100
|-start|p2a: Clodsire|move: Heal Block
|
|-weather|RainDance|[upkeep]
|upkeep
|turn|5
|inactive|MrOER has 90 seconds left.
|
|t:|1776057331
|switch|p2a: Gholdengo|Gholdengo, shiny|100/100
|move|p1a: Primarina|Psychic Noise|p2a: Gholdengo
|-damage|p2a: Gholdengo|40/100
|-start|p2a: Gholdengo|move: Heal Block
|
|-weather|RainDance|[upkeep]
|upkeep
|turn|6
|inactive|MrOER has 90 seconds left.
|inactive|Millibead has 90 seconds left.
|
|t:|1776057349
|switch|p1a: Iron Treads|Iron Treads, shiny|100/100
|switch|p2a: Alomomola|Alomomola, M, shiny|100/100
|
|-weather|RainDance|[upkeep]
|upkeep
|turn|7
|inactive|MrOER has 90 seconds left.
|inactive|Millibead has 90 seconds left.
|
|t:|1776057359
|move|p1a: Iron Treads|Stealth Rock|p2a: Alomomola
|-sidestart|p2: MrOER|move: Stealth Rock
|move|p2a: Alomomola|Wish|p2a: Alomomola
|
|-weather|RainDance|[upkeep]
|upkeep
|turn|8
|inactive|Millibead has 90 seconds left.
|
|t:|1776057372
|-end|p1a: Iron Treads|Quark Drive|[silent]
|switch|p1a: Primarina|Primarina, M|100/100
|move|p2a: Alomomola|Flip Turn|p1a: Primarina
|-resisted|p1a: Primarina
|-damage|p1a: Primarina|82/100
|
|t:|1776057378
|switch|p2a: Gholdengo|Gholdengo, shiny|40/100|[from] Flip Turn
|-damage|p2a: Gholdengo|34/100|[from] Stealth Rock
|
|-weather|none
|-heal|p2a: Gholdengo|100/100|[from] move: Wish|[wisher] Alomomola
|-heal|p1a: Primarina|88/100|[from] item: Leftovers
|upkeep
|turn|9
|
|t:|1776057388
|switch|p1a: Pelipper|Pelipper, M, shiny|100/100
|-weather|RainDance|[from] ability: Drizzle|[of] p1a: Pelipper
|switch|p2a: Alomomola|Alomomola, M, shiny|100/100
|
|-weather|RainDance|[upkeep]
|upkeep
|turn|10
|
|t:|1776057397
|move|p2a: Alomomola|Wish|p2a: Alomomola
|move|p1a: Pelipper|U-turn|p2a: Alomomola
|-damage|p2a: Alomomola|96/100
|
|t:|1776057402
|switch|p1a: Primarina|Primarina, M|88/100|[from] U-turn
|
|-weather|RainDance|[upkeep]
|-heal|p1a: Primarina|94/100|[from] item: Leftovers
|upkeep
|turn|11
|inactive|MrOER has 120 seconds left.
|
|t:|1776057408
|move|p1a: Primarina|Psychic Noise|p2a: Alomomola
|-resisted|p2a: Alomomola
|-damage|p2a: Alomomola|56/100
|-start|p2a: Alomomola|move: Heal Block
|move|p2a: Alomomola|Flip Turn|p1a: Primarina
|-resisted|p1a: Primarina
|-damage|p1a: Primarina|75/100
|inactive|MrOER has 120 seconds left.
|
|t:|1776057415
|switch|p2a: Clodsire|Clodsire, M, shiny|32/100|[from] Flip Turn
|-damage|p2a: Clodsire|25/100|[from] Stealth Rock
|
|-weather|RainDance|[upkeep]
|-heal|p2a: Clodsire|83/100|[from] move: Wish|[wisher] Alomomola
|-heal|p1a: Primarina|81/100|[from] item: Leftovers
|-heal|p2a: Clodsire|89/100|[from] item: Leftovers
|upkeep
|turn|12
|inactive|Millibead has 120 seconds left.
|inactive|MrOER has 120 seconds left.
|
|t:|1776057444
|-terastallize|p2a: Clodsire|Grass
|move|p1a: Primarina|Psychic Noise|p2a: Clodsire
|-resisted|p2a: Clodsire
|-damage|p2a: Clodsire|74/100
|-start|p2a: Clodsire|move: Heal Block
|move|p2a: Clodsire|Toxic|p1a: Primarina
|-status|p1a: Primarina|tox
|
|-weather|RainDance|[upkeep]
|-heal|p1a: Primarina|87/100 tox|[from] item: Leftovers
|-damage|p1a: Primarina|81/100 tox|[from] psn
|upkeep
|turn|13
|inactive|MrOER has 120 seconds left.
|inactive|Millibead has 90 seconds left.
|
|t:|1776057481
|switch|p1a: Lokix|Lokix, F|100/100
|move|p2a: Clodsire|Spikes|p1a: Lokix
|-sidestart|p1: Millibead|Spikes
|
|-weather|RainDance|[upkeep]
|-end|p2a: Clodsire|move: Heal Block
|upkeep
|turn|14
|inactive|MrOER has 120 seconds left.
|l|☆Millibead
|inactive|Millibead disconnected and has a minute to reconnect!
|player|p1|
|j|☆Millibead
|inactive|Millibead reconnected and has 60 seconds left.
|player|p1|Millibead|burgh|
|
|t:|1776057515
|switch|p2a: Alomomola|Alomomola, M, shiny|90/100
|move|p1a: Lokix|U-turn|p2a: Alomomola
|-damage|p2a: Alomomola|62/100
|
|t:|1776057524
|switch|p1a: Kingdra|Kingdra, M|100/100|[from] U-turn
|-damage|p1a: Kingdra|88/100|[from] Spikes
|
|-weather|RainDance|[upkeep]
|upkeep
|turn|15
|inactive|Millibead has 60 seconds left.
|
|t:|1776057535
|switch|p2a: Gholdengo|Gholdengo, shiny|100/100
|-damage|p2a: Gholdengo|94/100|[from] Stealth Rock
|move|p1a: Kingdra|Weather Ball|p2a: Gholdengo
|-damage|p2a: Gholdengo|3/100
|
|-weather|RainDance|[upkeep]
|-heal|p2a: Gholdengo|9/100|[from] item: Leftovers
|upkeep
|turn|16
|
|t:|1776057545
|switch|p2a: Clodsire|Clodsire, M, shiny, tera:Grass|74/100
|-damage|p2a: Clodsire|61/100|[from] Stealth Rock
|move|p1a: Kingdra|Weather Ball|p2a: Clodsire
|-resisted|p2a: Clodsire
|-damage|p2a: Clodsire|35/100
|
|-weather|none
|-heal|p2a: Clodsire|41/100|[from] item: Leftovers
|upkeep
|turn|17
|
|t:|1776057555
|switch|p1a: Lokix|Lokix, F|100/100
|-damage|p1a: Lokix|88/100|[from] Spikes
|move|p2a: Clodsire|Recover|p2a: Clodsire
|-heal|p2a: Clodsire|91/100
|
|-heal|p2a: Clodsire|97/100|[from] item: Leftovers
|upkeep
|turn|18
|
|t:|1776057564
|switch|p2a: Alomomola|Alomomola, M, shiny|95/100
|move|p1a: Lokix|U-turn|p2a: Alomomola
|-damage|p2a: Alomomola|68/100
|
|t:|1776057570
|switch|p1a: Pelipper|Pelipper, M, shiny|100/100|[from] U-turn
|-weather|RainDance|[from] ability: Drizzle|[of] p1a: Pelipper
|
|-weather|RainDance|[upkeep]
|upkeep
|turn|19
|
|t:|1776057576
|move|p2a: Alomomola|Wish|p2a: Alomomola
|move|p1a: Pelipper|U-turn|p2a: Alomomola
|-damage|p2a: Alomomola|63/100
|
|t:|1776057593
|switch|p1a: Kingdra|Kingdra, M|88/100|[from] U-turn
|-damage|p1a: Kingdra|76/100|[from] Spikes
|
|-weather|RainDance|[upkeep]
|upkeep
|turn|20
|inactive|Millibead has 60 seconds left.
|
|t:|1776057615
|switch|p2a: Clodsire|Clodsire, M, shiny, tera:Grass|97/100
|-damage|p2a: Clodsire|85/100|[from] Stealth Rock
|move|p1a: Kingdra|Weather Ball|p2a: Clodsire
|-resisted|p2a: Clodsire
|-damage|p2a: Clodsire|61/100
|
|-weather|RainDance|[upkeep]
|-heal|p2a: Clodsire|100/100|[from] move: Wish|[wisher] Alomomola
|upkeep
|turn|21
|inactive|Millibead has 60 seconds left.
|
|t:|1776057629
|switch|p1a: Iron Treads|Iron Treads, shiny|100/100
|move|p2a: Clodsire|Toxic|p1a: Iron Treads
|-immune|p1a: Iron Treads
|
|-weather|RainDance|[upkeep]
|upkeep
|turn|22
|inactive|Millibead has 60 seconds left.
|
|t:|1776057643
|switch|p2a: Alomomola|Alomomola, M, shiny|96/100
|move|p1a: Iron Treads|Rapid Spin|p2a: Alomomola
|-damage|p2a: Alomomola|88/100
|-boost|p1a: Iron Treads|spe|1
|-sideend|p1: Millibead|Spikes|[from] move: Rapid Spin|[of] p1a: Iron Treads
|
|-weather|RainDance|[upkeep]
|upkeep
|turn|23
|inactive|Millibead has 60 seconds left.
|
|t:|1776057669
|-end|p1a: Iron Treads|Quark Drive|[silent]
|switch|p1a: Toxicroak|Toxicroak, M|100/100
|move|p2a: Alomomola|Scald|p1a: Toxicroak
|-immune|p1a: Toxicroak|[from] ability: Dry Skin
|
|-weather|RainDance|[upkeep]
|upkeep
|turn|24
|
|t:|1776057682
|move|p1a: Toxicroak|Knock Off|p2a: Alomomola
|-damage|p2a: Alomomola|74/100
|-enditem|p2a: Alomomola|Heavy-Duty Boots|[from] move: Knock Off|[of] p1a: Toxicroak
|move|p2a: Alomomola|Wish|p2a: Alomomola
|
|-weather|RainDance|[upkeep]
|upkeep
|turn|25
|
|t:|1776057690
|switch|p2a: Great Tusk|Great Tusk|100/100
|move|p1a: Toxicroak|Toxic|p2a: Great Tusk
|-status|p2a: Great Tusk|tox
|
|-weather|none
|-damage|p2a: Great Tusk|94/100 tox|[from] psn
|upkeep
|turn|26
|
|t:|1776057702
|switch|p1a: Pelipper|Pelipper, M, shiny|100/100
|-weather|RainDance|[from] ability: Drizzle|[of] p1a: Pelipper
|move|p2a: Great Tusk|Rapid Spin|p1a: Pelipper
|-damage|p1a: Pelipper|84/100
|-boost|p2a: Great Tusk|spe|1
|-sideend|p2: MrOER|Stealth Rock|[from] move: Rapid Spin|[of] p2a: Great Tusk
|
|-weather|RainDance|[upkeep]
|-damage|p2a: Great Tusk|82/100 tox|[from] psn
|upkeep
|turn|27
|
|t:|1776057714
|move|p2a: Great Tusk|Knock Off|p1a: Pelipper
|-damage|p1a: Pelipper|48/100
|-enditem|p1a: Pelipper|Damp Rock|[from] move: Knock Off|[of] p2a: Great Tusk
|move|p1a: Pelipper|Surf|p2a: Great Tusk
|-supereffective|p2a: Great Tusk
|-damage|p2a: Great Tusk|0 fnt
|faint|p2a: Great Tusk
|-end|p2a: Great Tusk|Protosynthesis|[silent]
|
|-weather|RainDance|[upkeep]
|upkeep
|
|t:|1776057725
|switch|p2a: Alomomola|Alomomola, M, shiny|100/100
|turn|28
|
|t:|1776057729
|move|p2a: Alomomola|Wish|p2a: Alomomola
|move|p1a: Pelipper|U-turn|p2a: Alomomola
|-crit|p2a: Alomomola
|-damage|p2a: Alomomola|93/100
|
|t:|1776057735
|switch|p1a: Primarina|Primarina, M|81/100 tox|[from] U-turn
|
|-weather|RainDance|[upkeep]
|-heal|p1a: Primarina|87/100 tox|[from] item: Leftovers
|-damage|p1a: Primarina|81/100 tox|[from] psn
|upkeep
|turn|29
|
|t:|1776057743
|move|p1a: Primarina|Psychic Noise|p2a: Alomomola
|-resisted|p2a: Alomomola
|-damage|p2a: Alomomola|55/100
|-start|p2a: Alomomola|move: Heal Block
|move|p2a: Alomomola|Flip Turn|p1a: Primarina
|-resisted|p1a: Primarina
|-damage|p1a: Primarina|63/100 tox
|
|t:|1776057751
|switch|p2a: Gholdengo|Gholdengo, shiny|9/100|[from] Flip Turn
|
|-weather|RainDance|[upkeep]
|-heal|p2a: Gholdengo|80/100|[from] move: Wish|[wisher] Alomomola
|-heal|p1a: Primarina|69/100 tox|[from] item: Leftovers
|-heal|p2a: Gholdengo|86/100|[from] item: Leftovers
|-damage|p1a: Primarina|57/100 tox|[from] psn
|upkeep
|turn|30
|
|t:|1776057762
|switch|p2a: Clodsire|Clodsire, M, shiny, tera:Grass|100/100
|move|p1a: Primarina|Psychic Noise|p2a: Clodsire
|-resisted|p2a: Clodsire
|-damage|p2a: Clodsire|84/100
|-start|p2a: Clodsire|move: Heal Block
|
|-weather|RainDance|[upkeep]
|-heal|p1a: Primarina|63/100 tox|[from] item: Leftovers
|-damage|p1a: Primarina|45/100 tox|[from] psn
|upkeep
|turn|31
|
|t:|1776057780
|switch|p1a: Kingdra|Kingdra, M|76/100
|move|p2a: Clodsire|Earthquake|p1a: Kingdra
|-crit|p1a: Kingdra
|-damage|p1a: Kingdra|22/100
|
|-weather|RainDance|[upkeep]
|-end|p2a: Clodsire|move: Heal Block
|upkeep
|turn|32
|
|t:|1776057789
|move|p1a: Kingdra|Hurricane|p2a: Clodsire
|-supereffective|p2a: Clodsire
|-damage|p2a: Clodsire|31/100
|-start|p2a: Clodsire|confusion
|-activate|p2a: Clodsire|confusion
|move|p2a: Clodsire|Toxic|p1a: Kingdra
|-status|p1a: Kingdra|tox
|
|-weather|RainDance|[upkeep]
|-heal|p2a: Clodsire|37/100|[from] item: Leftovers
|-damage|p1a: Kingdra|16/100 tox|[from] psn
|upkeep
|turn|33
|
|t:|1776057799
|switch|p2a: Gholdengo|Gholdengo, shiny|86/100
|move|p1a: Kingdra|Hurricane|p2a: Gholdengo
|-resisted|p2a: Gholdengo
|-damage|p2a: Gholdengo|62/100
|
|-weather|none
|-heal|p2a: Gholdengo|68/100|[from] item: Leftovers
|-damage|p1a: Kingdra|4/100 tox|[from] psn
|upkeep
|turn|34
|
|t:|1776057810
|switch|p1a: Pelipper|Pelipper, M, shiny|48/100
|-weather|RainDance|[from] ability: Drizzle|[of] p1a: Pelipper
|move|p2a: Gholdengo|Recover|p2a: Gholdengo
|-heal|p2a: Gholdengo|100/100
|
|-weather|RainDance|[upkeep]
|upkeep
|turn|35
|
|t:|1776057824
|move|p2a: Gholdengo|Nasty Plot|p2a: Gholdengo
|-boost|p2a: Gholdengo|spa|2
|move|p1a: Pelipper|Roost|p1a: Pelipper
|-heal|p1a: Pelipper|99/100
|-singleturn|p1a: Pelipper|move: Roost
|
|-weather|RainDance|[upkeep]
|upkeep
|turn|36
|inactive|Millibead has 90 seconds left.
|
|t:|1776057837
|move|p2a: Gholdengo|Shadow Ball|p1a: Pelipper
|-damage|p1a: Pelipper|16/100
|move|p1a: Pelipper|Surf|p2a: Gholdengo
|-damage|p2a: Gholdengo|55/100
|
|-weather|RainDance|[upkeep]
|-heal|p2a: Gholdengo|61/100|[from] item: Leftovers
|upkeep
|turn|37
|inactive|Millibead has 90 seconds left.
|
|t:|1776057845
|move|p2a: Gholdengo|Shadow Ball|p1a: Pelipper
|-damage|p1a: Pelipper|0 fnt
|faint|p1a: Pelipper
|
|-weather|RainDance|[upkeep]
|-heal|p2a: Gholdengo|67/100|[from] item: Leftovers
|upkeep
|inactive|Millibead has 90 seconds left.
|
|t:|1776057854
|switch|p1a: Iron Treads|Iron Treads, shiny|100/100
|turn|38
|
|t:|1776057860
|switch|p2a: Alomomola|Alomomola, M, shiny|88/100
|move|p1a: Iron Treads|Earthquake|p2a: Alomomola
|-damage|p2a: Alomomola|62/100
|
|-weather|none
|upkeep
|turn|39
|
|t:|1776057872
|-end|p1a: Iron Treads|Quark Drive|[silent]
|switch|p1a: Toxicroak|Toxicroak, M|100/100
|move|p2a: Alomomola|Wish|p2a: Alomomola
|
|upkeep
|turn|40
|
|t:|1776057884
|move|p2a: Alomomola|Protect|p2a: Alomomola
|-singleturn|p2a: Alomomola|Protect
|move|p1a: Toxicroak|Knock Off|p2a: Alomomola
|-activate|p2a: Alomomola|move: Protect
|
|-heal|p2a: Alomomola|100/100|[from] move: Wish|[wisher] Alomomola
|upkeep
|turn|41
|
|t:|1776057900
|switch|p2a: Gliscor|Gliscor, M, shiny|100/100 tox
|move|p1a: Toxicroak|Toxic|p2a: Gliscor
|-fail|p2a: Gliscor|tox
|
|upkeep
|turn|42
|inactive|Millibead has 90 seconds left.
|
|t:|1776057933
|switch|p1a: Lokix|Lokix, F|88/100
|move|p2a: Gliscor|Swords Dance|p2a: Gliscor
|-boost|p2a: Gliscor|atk|2
|
|upkeep
|turn|43
|c|☆MrOER|crazy game :)
|
|t:|1776057941
|move|p2a: Gliscor|Protect|p2a: Gliscor
|-singleturn|p2a: Gliscor|Protect
|move|p1a: Lokix|Knock Off|p2a: Gliscor
|-activate|p2a: Gliscor|move: Protect
|
|upkeep
|turn|44
|
|t:|1776057947
|move|p1a: Lokix|Knock Off|p2a: Gliscor
|-damage|p2a: Gliscor|56/100 tox
|-enditem|p2a: Gliscor|Toxic Orb|[from] move: Knock Off|[of] p1a: Lokix
|move|p2a: Gliscor|Facade|p1a: Lokix
|-crit|p1a: Lokix
|-damage|p1a: Lokix|0 fnt
|faint|p1a: Lokix
|
|-heal|p2a: Gliscor|69/100 tox|[from] ability: Poison Heal
|upkeep
|
|t:|1776057959
|switch|p1a: Iron Treads|Iron Treads, shiny|100/100
|turn|45
|
|t:|1776057966
|move|p1a: Iron Treads|Ice Spinner|p2a: Gliscor
|-supereffective|p2a: Gliscor
|-damage|p2a: Gliscor|13/100 tox
|move|p2a: Gliscor|Earthquake|p1a: Iron Treads
|-supereffective|p1a: Iron Treads
|-damage|p1a: Iron Treads|0 fnt
|faint|p1a: Iron Treads
|-end|p1a: Iron Treads|Quark Drive|[silent]
|
|-heal|p2a: Gliscor|25/100 tox|[from] ability: Poison Heal
|upkeep
|
|t:|1776057982
|switch|p1a: Toxicroak|Toxicroak, M|100/100
|turn|46
|
|t:|1776057988
|move|p2a: Gliscor|Protect|p2a: Gliscor
|-singleturn|p2a: Gliscor|Protect
|move|p1a: Toxicroak|Knock Off|p2a: Gliscor
|-activate|p2a: Gliscor|move: Protect
|
|-heal|p2a: Gliscor|38/100 tox|[from] ability: Poison Heal
|upkeep
|turn|47
|
|t:|1776057996
|move|p2a: Gliscor|Facade|p1a: Toxicroak
|-damage|p1a: Toxicroak|48/100
|-damage|p2a: Gliscor|22/100 tox|[from] item: Rocky Helmet|[of] p1a: Toxicroak
|move|p1a: Toxicroak|Knock Off|p2a: Gliscor
|-crit|p2a: Gliscor
|-damage|p2a: Gliscor|6/100 tox
|
|-heal|p2a: Gliscor|19/100 tox|[from] ability: Poison Heal
|upkeep
|turn|48
|inactive|Millibead has 90 seconds left.
|
|t:|1776058005
|switch|p2a: Alomomola|Alomomola, M, shiny|100/100
|move|p1a: Toxicroak|Knock Off|p2a: Alomomola
|-damage|p2a: Alomomola|92/100
|
|upkeep
|turn|49
|
|t:|1776058012
|move|p1a: Toxicroak|Toxic|p2a: Alomomola
|-status|p2a: Alomomola|tox
|move|p2a: Alomomola|Wish|p2a: Alomomola
|
|-damage|p2a: Alomomola|86/100 tox|[from] psn
|upkeep
|turn|50
|
|t:|1776058019
|switch|p2a: Gliscor|Gliscor, M, shiny|19/100 tox
|move|p1a: Toxicroak|Encore||[still]
|-fail|p1a: Toxicroak
|
|-heal|p2a: Gliscor|95/100 tox|[from] move: Wish|[wisher] Alomomola
|-heal|p2a: Gliscor|100/100 tox|[from] ability: Poison Heal
|upkeep
|turn|51
|
|t:|1776058031
|move|p2a: Gliscor|Swords Dance|p2a: Gliscor
|-boost|p2a: Gliscor|atk|2
|move|p1a: Toxicroak|Knock Off|p2a: Gliscor
|-damage|p2a: Gliscor|91/100 tox
|
|-heal|p2a: Gliscor|100/100 tox|[from] ability: Poison Heal
|upkeep
|turn|52
|
|t:|1776058038
|move|p2a: Gliscor|Earthquake|p1a: Toxicroak
|-supereffective|p1a: Toxicroak
|-damage|p1a: Toxicroak|0 fnt
|faint|p1a: Toxicroak
|
|upkeep
|
|t:|1776058042
|switch|p1a: Kingdra|Kingdra, M|4/100 tox
|turn|53
|
|t:|1776058046
|move|p2a: Gliscor|Protect|p2a: Gliscor
|-singleturn|p2a: Gliscor|Protect
|move|p1a: Kingdra|Draco Meteor|p2a: Gliscor
|-activate|p2a: Gliscor|move: Protect
|
|-damage|p1a: Kingdra|0 fnt|[from] psn
|faint|p1a: Kingdra
|upkeep
|inactive|Millibead has 120 seconds left.
|
|t:|1776058053
|switch|p1a: Primarina|Primarina, M|45/100 tox
|turn|54
|
|t:|1776058058
|move|p2a: Gliscor|Facade|p1a: Primarina
|-damage|p1a: Primarina|0 fnt
|faint|p1a: Primarina
|
|win|MrOER
|raw|Millibead's rating: 1330 &rarr; <strong>1305</strong><br />(-25 for losing)
|raw|MrOER's rating: 1249 &rarr; <strong>1280</strong><br />(+31 for winning)
|c|☆MrOER|gg
|l|☆Millibead
|player|p1|
