|html|<div class="broadcast-blue"><strong>[Gen 9] OU is currently suspecting Volcarona! For information on how to participate check out the <a href="https://www.smogon.com/tools/suspects/view/208">suspect thread</a>.</strong></div>
|j|☆Nevno23
|j|☆asjghdwuee
|t:|1778509692
|gametype|singles
|player|p1|Nevno23|policeman-gen4|1078
|player|p2|asjghdwuee|1|1025
|gen|9
|tier|[Gen 9] OU
|rated|
|rule|HP Percentage Mod: HP is shown in percentages
|rule|Endless Battle Clause: Forcing endless battles is banned
|rule|Species Clause: Limit one of each Pokémon
|rule|OHKO Clause: OHKO moves are banned
|rule|Evasion Items Clause: Evasion items are banned
|rule|Evasion Moves Clause: Evasion moves are banned
|rule|Evasion Abilities Clause: Evasion abilities are banned
|rule|Sleep Moves Clause: Sleep-inducing moves are banned
|clearpoke
|poke|p1|Hoopa-Unbound|
|poke|p1|Cloyster, F|
|poke|p1|Blaziken, F|
|poke|p1|Dragapult, F|
|poke|p1|Corviknight, F|
|poke|p1|Kleavor, M|
|poke|p2|Dragapult, M|
|poke|p2|Primarina, F|
|poke|p2|Incineroar, F|
|poke|p2|Chansey, F|
|poke|p2|Bronzong|
|poke|p2|Toxapex, F|
|teampreview
|
|t:|1778509697
|teamsize|p1|6
|teamsize|p2|6
|start
|switch|p1a: Burnt chimken|Blaziken, F|100/100
|switch|p2a: Toxapex|Toxapex, F|100/100
|turn|1
|
|t:|1778509702
|move|p1a: Burnt chimken|Earthquake|p2a: Toxapex
|-supereffective|p2a: Toxapex
|-damage|p2a: Toxapex|17/100
|-damage|p1a: Burnt chimken|91/100|[from] item: Life Orb
|move|p2a: Toxapex|Toxic Spikes|p1a: Burnt chimken
|-sidestart|p1: Nevno23|move: Toxic Spikes
|
|-heal|p2a: Toxapex|23/100|[from] item: Leftovers
|-ability|p1a: Burnt chimken|Speed Boost|boost
|-boost|p1a: Burnt chimken|spe|1
|upkeep
|turn|2
|
|t:|1778509713
|move|p2a: Toxapex|Baneful Bunker|p2a: Toxapex
|-singleturn|p2a: Toxapex|move: Protect
|move|p1a: Burnt chimken|Earthquake|p2a: Toxapex
|-activate|p2a: Toxapex|move: Protect
|
|-heal|p2a: Toxapex|29/100|[from] item: Leftovers
|-ability|p1a: Burnt chimken|Speed Boost|boost
|-boost|p1a: Burnt chimken|spe|1
|upkeep
|turn|3
|
|t:|1778509723
|switch|p2a: Bronzong|Bronzong|100/100
|move|p1a: Burnt chimken|Earthquake|p2a: Bronzong
|-immune|p2a: Bronzong|[from] ability: Levitate
|
|-ability|p1a: Burnt chimken|Speed Boost|boost
|-boost|p1a: Burnt chimken|spe|1
|upkeep
|turn|4
|c|☆Nevno23|awh poison setup
|
|t:|1778509736
|move|p2a: Bronzong|Protect|p2a: Bronzong
|-singleturn|p2a: Bronzong|Protect
|move|p1a: Burnt chimken|Blaze Kick|p2a: Bronzong
|-activate|p2a: Bronzong|move: Protect
|
|-ability|p1a: Burnt chimken|Speed Boost|boost
|-boost|p1a: Burnt chimken|spe|1
|upkeep
|turn|5
|
|t:|1778509745
|switch|p2a: Primarina|Primarina, F|100/100
|move|p1a: Burnt chimken|Blaze Kick|p2a: Primarina
|-resisted|p2a: Primarina
|-damage|p2a: Primarina|68/100
|-damage|p1a: Burnt chimken|81/100|[from] item: Life Orb
|
|-ability|p1a: Burnt chimken|Speed Boost|boost
|-boost|p1a: Burnt chimken|spe|1
|upkeep
|turn|6
|
|t:|1778509758
|move|p1a: Burnt chimken|Earthquake|p2a: Primarina
|-damage|p2a: Primarina|14/100
|-damage|p1a: Burnt chimken|71/100|[from] item: Life Orb
|move|p2a: Primarina|Sparkling Aria|p1a: Burnt chimken
|-supereffective|p1a: Burnt chimken
|-damage|p1a: Burnt chimken|0 fnt
|faint|p1a: Burnt chimken
|
|upkeep
|
|t:|1778509774
|switch|p1a: Blackbird|Corviknight, F|100/100
|turn|7
|
|t:|1778509782
|move|p1a: Blackbird|Iron Defense|p1a: Blackbird
|-boost|p1a: Blackbird|def|2
|move|p2a: Primarina|Sparkling Aria|p1a: Blackbird
|-crit|p1a: Blackbird
|-damage|p1a: Blackbird|0 fnt
|faint|p1a: Blackbird
|
|upkeep
|
|t:|1778509792
|switch|p1a: Baller|Hoopa-Unbound|100/100
|-status|p1a: Baller|psn
|turn|8
|
|t:|1778509796
|move|p1a: Baller|Psychic|p2a: Primarina
|-damage|p2a: Primarina|0 fnt
|faint|p2a: Primarina
|
|-damage|p1a: Baller|88/100 psn|[from] psn
|upkeep
|
|t:|1778509812
|switch|p2a: Toxapex|Toxapex, F|29/100
|turn|9
|
|t:|1778509819
|move|p2a: Toxapex|Baneful Bunker|p2a: Toxapex
|-singleturn|p2a: Toxapex|move: Protect
|move|p1a: Baller|Psychic|p2a: Toxapex
|-activate|p2a: Toxapex|move: Protect
|
|-heal|p2a: Toxapex|35/100|[from] item: Leftovers
|-damage|p1a: Baller|76/100 psn|[from] psn
|upkeep
|turn|10
|
|t:|1778509828
|switch|p2a: Incineroar|Incineroar, F|100/100
|-ability|p2a: Incineroar|Intimidate|boost
|-unboost|p1a: Baller|atk|1
|move|p1a: Baller|Psychic|p2a: Incineroar
|-immune|p2a: Incineroar
|
|-damage|p1a: Baller|64/100 psn|[from] psn
|upkeep
|turn|11
|
|t:|1778509839
|move|p1a: Baller|Thunderbolt|p2a: Incineroar
|-damage|p2a: Incineroar|60/100
|move|p2a: Incineroar|U-turn|p1a: Baller
|-supereffective|p1a: Baller
|-damage|p1a: Baller|0 fnt
|faint|p1a: Baller
|inactive|Battle timer is ON: inactive players will automatically lose when time's up. (requested by Nevno23)
|
|t:|1778509851
|switch|p2a: Chansey|Chansey, F, shiny|100/100|[from] U-turn
|
|upkeep
|
|t:|1778509864
|switch|p1a: Pew-pew|Dragapult, F|100/100
|-status|p1a: Pew-pew|psn
|turn|12
|
|t:|1778509875
|-terastallize|p1a: Pew-pew|Dragon
|move|p2a: Chansey|Protect|p2a: Chansey
|-singleturn|p2a: Chansey|Protect
|move|p1a: Pew-pew|Outrage|p2a: Chansey
|-activate|p2a: Chansey|move: Protect
|
|-damage|p1a: Pew-pew|88/100 psn|[from] psn
|upkeep
|turn|13
|
|t:|1778509892
|move|p1a: Pew-pew|Outrage|p2a: Chansey
|-damage|p2a: Chansey|0 fnt
|faint|p2a: Chansey
|
|-damage|p1a: Pew-pew|76/100 psn|[from] psn
|upkeep
|
|t:|1778509900
|switch|p2a: Toxapex|Toxapex, F|35/100
|turn|14
|
|t:|1778509904
|move|p2a: Toxapex|Baneful Bunker|p2a: Toxapex
|-singleturn|p2a: Toxapex|move: Protect
|move|p1a: Pew-pew|Outrage|p2a: Toxapex|[from] lockedmove
|-activate|p2a: Toxapex|move: Protect
|
|-heal|p2a: Toxapex|41/100|[from] item: Leftovers
|-damage|p1a: Pew-pew|64/100 psn|[from] psn
|upkeep
|turn|15
|inactive|asjghdwuee has 120 seconds left.
|
|t:|1778509937
|switch|p2a: Bronzong|Bronzong|100/100
|move|p1a: Pew-pew|Outrage|p2a: Bronzong
|-resisted|p2a: Bronzong
|-damage|p2a: Bronzong|40/100
|
|-heal|p2a: Bronzong|46/100|[from] item: Leftovers
|-damage|p1a: Pew-pew|51/100 psn|[from] psn
|upkeep
|turn|16
|inactive|asjghdwuee has 120 seconds left.
|
|t:|1778509951
|move|p2a: Bronzong|Protect|p2a: Bronzong
|-singleturn|p2a: Bronzong|Protect
|move|p1a: Pew-pew|Outrage|p2a: Bronzong|[from] lockedmove
|-activate|p2a: Bronzong|move: Protect
|-start|p1a: Pew-pew|confusion|[fatigue]
|
|-heal|p2a: Bronzong|52/100|[from] item: Leftovers
|-damage|p1a: Pew-pew|39/100 psn|[from] psn
|upkeep
|turn|17
|inactive|asjghdwuee has 120 seconds left.
|
|t:|1778509965
|-activate|p1a: Pew-pew|confusion
|move|p1a: Pew-pew|Outrage|p2a: Bronzong
|-resisted|p2a: Bronzong
|-damage|p2a: Bronzong|0 fnt
|faint|p2a: Bronzong
|
|-damage|p1a: Pew-pew|27/100 psn|[from] psn
|upkeep
|inactive|asjghdwuee has 120 seconds left.
|
|t:|1778509975
|switch|p2a: Toxapex|Toxapex, F|41/100
|turn|18
|
|t:|1778509978
|move|p2a: Toxapex|Baneful Bunker|p2a: Toxapex
|-singleturn|p2a: Toxapex|move: Protect
|-end|p1a: Pew-pew|confusion
|move|p1a: Pew-pew|Outrage|p2a: Toxapex|[from] lockedmove
|-activate|p2a: Toxapex|move: Protect
|
|-heal|p2a: Toxapex|47/100|[from] item: Leftovers
|-damage|p1a: Pew-pew|15/100 psn|[from] psn
|upkeep
|turn|19
|
|t:|1778509990
|move|p1a: Pew-pew|Outrage|p2a: Toxapex
|-damage|p2a: Toxapex|0 fnt
|faint|p2a: Toxapex
|
|-damage|p1a: Pew-pew|2/100 psn|[from] psn
|upkeep
|
|t:|1778510000
|switch|p2a: Incineroar|Incineroar, F|60/100
|-ability|p2a: Incineroar|Intimidate|boost
|-unboost|p1a: Pew-pew|atk|1
|turn|20
|
|t:|1778510024
|move|p2a: Incineroar|Protect|p2a: Incineroar
|-singleturn|p2a: Incineroar|Protect
|move|p1a: Pew-pew|Outrage|p2a: Incineroar|[from] lockedmove
|-activate|p2a: Incineroar|move: Protect
|-start|p1a: Pew-pew|confusion|[fatigue]
|
|-heal|p2a: Incineroar|67/100|[from] item: Leftovers
|-damage|p1a: Pew-pew|0 fnt|[from] psn
|faint|p1a: Pew-pew
|upkeep
|
|t:|1778510030
|switch|p1a: Weird kreep|Kleavor, M|100/100
|-status|p1a: Weird kreep|psn
|turn|21
|
|t:|1778510052
|-terastallize|p2a: Incineroar|Fire
|move|p1a: Weird kreep|Stone Axe|p2a: Incineroar
|-supereffective|p2a: Incineroar
|-damage|p2a: Incineroar|0 fnt
|faint|p2a: Incineroar
|
|-damage|p1a: Weird kreep|88/100 psn|[from] psn
|upkeep
|
|t:|1778510061
|switch|p2a: Dragapult|Dragapult, M|100/100
|turn|22
|
|t:|1778510073
|move|p2a: Dragapult|Phantom Force||[still]
|-prepare|p2a: Dragapult|Phantom Force
|move|p1a: Weird kreep|Night Slash|p2a: Dragapult|[miss]
|-miss|p1a: Weird kreep|p2a: Dragapult
|
|-damage|p1a: Weird kreep|76/100 psn|[from] psn
|upkeep
|turn|23
|
|t:|1778510080
|move|p2a: Dragapult|Phantom Force|p1a: Weird kreep|[from] lockedmove
|-damage|p1a: Weird kreep|0 fnt
|faint|p1a: Weird kreep
|
|upkeep
|
|t:|1778510082
|switch|p1a: Koi-ster|Cloyster, F|100/100
|-status|p1a: Koi-ster|psn
|turn|24
|
|t:|1778510088
|move|p2a: Dragapult|Phantom Force||[still]
|-prepare|p2a: Dragapult|Phantom Force
|move|p1a: Koi-ster|Shell Smash|p1a: Koi-ster
|-unboost|p1a: Koi-ster|def|1
|-unboost|p1a: Koi-ster|spd|1
|-boost|p1a: Koi-ster|atk|2
|-boost|p1a: Koi-ster|spa|2
|-boost|p1a: Koi-ster|spe|2
|-enditem|p1a: Koi-ster|White Herb
|-clearnegativeboost|p1a: Koi-ster|[silent]
|
|-damage|p1a: Koi-ster|88/100 psn|[from] psn
|upkeep
|turn|25
|
|t:|1778510100
|move|p1a: Koi-ster|Rock Blast|p2a: Dragapult|[miss]
|-miss|p1a: Koi-ster|p2a: Dragapult
|move|p2a: Dragapult|Phantom Force|p1a: Koi-ster|[from] lockedmove
|-damage|p1a: Koi-ster|35/100 psn
|
|-damage|p1a: Koi-ster|23/100 psn|[from] psn
|upkeep
|turn|26
|
|t:|1778510109
|move|p1a: Koi-ster|Icicle Spear|p2a: Dragapult
|-supereffective|p2a: Dragapult
|-damage|p2a: Dragapult|48/100
|-supereffective|p2a: Dragapult
|-damage|p2a: Dragapult|0 fnt
|faint|p2a: Dragapult
|-hitcount|p2: Dragapult|2
|
|win|Nevno23
|raw|Nevno23's rating: 1078 &rarr; <strong>1102</strong><br />(+24 for winning)
|raw|asjghdwuee's rating: 1025 &rarr; <strong>1013</strong><br />(-12 for losing)
