|html|<div class="broadcast-blue"><strong>[Gen 9] OU is currently suspecting Tera Blast! For information on how to participate check out the <a href="https://www.smogon.com/tools/suspects/view/200">suspect thread</a>.</strong></div>
|j|☆Pyrez57
|j|☆dkslfsd
|t:|1776041424
|gametype|singles
|player|p1|Pyrez57|adaman|1638
|player|p2|dkslfsd|swimmerf-gen4dp|1674
|gen|9
|tier|[Gen 9] OU
|rated|
|rule|HP Percentage Mod: HP is shown in percentages
|rule|Endless Battle Clause: Forcing endless battles is banned
|rule|Species Clause: Limit one of each Pokémon
|rule|OHKO Clause: OHKO moves are banned
|rule|Evasion Items Clause: Evasion items are banned
|rule|Evasion Moves Clause: Evasion moves are banned
|rule|Evasion Abilities Clause: Evasion abilities are banned
|rule|Sleep Moves Clause: Sleep-inducing moves are banned
|clearpoke
|poke|p1|Great Tusk|
|poke|p1|Zapdos|
|poke|p1|Ogerpon-Wellspring, F|
|poke|p1|Latios, M|
|poke|p1|Kingambit, F|
|poke|p1|Grimmsnarl, M|
|poke|p2|Kingambit, M|
|poke|p2|Ursaluna, F|
|poke|p2|Dragapult, F|
|poke|p2|Manaphy|
|poke|p2|Glimmora, F|
|poke|p2|Zamazenta-*|
|teampreview
|inactive|Battle timer is ON: inactive players will automatically lose when time's up. (requested by dkslfsd)
|j| ohko_smeargle
|
|t:|1776041432
|teamsize|p1|6
|teamsize|p2|6
|start
|switch|p1a: Mr. Prince|Latios, M, shiny|100/100
|switch|p2a: Glimmora|Glimmora, F|100/100
|turn|1
|
|t:|1776041445
|move|p1a: Mr. Prince|Draco Meteor|p2a: Glimmora
|-enditem|p2a: Glimmora|Focus Sash
|-damage|p2a: Glimmora|1/100
|-unboost|p1a: Mr. Prince|spa|2
|move|p2a: Glimmora|Stealth Rock|p1a: Mr. Prince
|-sidestart|p1: Pyrez57|move: Stealth Rock
|
|upkeep
|turn|2
|
|t:|1776041451
|move|p1a: Mr. Prince|Luster Purge|p2a: Glimmora
|-supereffective|p2a: Glimmora
|-damage|p2a: Glimmora|0 fnt
|faint|p2a: Glimmora
|
|upkeep
|
|t:|1776041454
|switch|p2a: Zamazenta|Zamazenta|100/100
|-ability|p2a: Zamazenta|Dauntless Shield|boost
|-boost|p2a: Zamazenta|def|1
|turn|3
|j| raditzisthebest
|
|t:|1776041458
|switch|p1a: Manwel|Great Tusk, shiny|100/100
|-damage|p1a: Manwel|98/100|[from] Stealth Rock
|move|p2a: Zamazenta|Light Screen|p2a: Zamazenta
|-sidestart|p2: dkslfsd|move: Light Screen
|
|-heal|p1a: Manwel|100/100|[from] item: Leftovers
|upkeep
|turn|4
|
|t:|1776041461
|switch|p2a: Dragapult|Dragapult, F|100/100
|move|p1a: Manwel|Rapid Spin|p2a: Dragapult
|-immune|p2a: Dragapult
|
|upkeep
|turn|5
|
|t:|1776041464
|-end|p1a: Manwel|Protosynthesis|[silent]
|switch|p1a: Goldberg|Grimmsnarl, M|100/100
|-damage|p1a: Goldberg|88/100|[from] Stealth Rock
|move|p2a: Dragapult|Draco Meteor|p1a: Goldberg
|-immune|p1a: Goldberg
|
|upkeep
|turn|6
|
|t:|1776041479
|switch|p2a: Zamazenta|Zamazenta|100/100
|move|p1a: Goldberg|Light Screen|p1a: Goldberg
|-sidestart|p1: Pyrez57|move: Light Screen
|
|upkeep
|turn|7
|
|t:|1776041482
|move|p1a: Goldberg|Thunder Wave|p2a: Zamazenta
|-status|p2a: Zamazenta|par
|move|p2a: Zamazenta|Reflect|p2a: Zamazenta
|-sidestart|p2: dkslfsd|Reflect
|
|upkeep
|turn|8
|
|t:|1776041486
|switch|p2a: Ursaluna|Ursaluna, F|100/100
|move|p1a: Goldberg|Reflect|p1a: Goldberg
|-sidestart|p1: Pyrez57|Reflect
|
|-status|p2a: Ursaluna|brn|[from] item: Flame Orb
|upkeep
|turn|9
|
|t:|1776041489
|move|p1a: Goldberg|Parting Shot|p2a: Ursaluna
|-unboost|p2a: Ursaluna|atk|1
|-unboost|p2a: Ursaluna|spa|1
|
|t:|1776041494
|switch|p1a: Manwel|Great Tusk, shiny|100/100|[from] Parting Shot
|-damage|p1a: Manwel|98/100|[from] Stealth Rock
|move|p2a: Ursaluna|Swords Dance|p2a: Ursaluna
|-boost|p2a: Ursaluna|atk|2
|
|-heal|p1a: Manwel|100/100|[from] item: Leftovers
|-damage|p2a: Ursaluna|94/100 brn|[from] brn
|upkeep
|turn|10
|
|t:|1776041502
|move|p1a: Manwel|Rapid Spin|p2a: Ursaluna
|-damage|p2a: Ursaluna|88/100 brn
|-boost|p1a: Manwel|spe|1
|-sideend|p1: Pyrez57|Stealth Rock|[from] move: Rapid Spin|[of] p1a: Manwel
|move|p2a: Ursaluna|Facade|p1a: Manwel
|-damage|p1a: Manwel|58/100
|
|-heal|p1a: Manwel|64/100|[from] item: Leftovers
|-damage|p2a: Ursaluna|82/100 brn|[from] brn
|-sideend|p2: dkslfsd|move: Light Screen
|upkeep
|turn|11
|
|t:|1776041519
|-end|p1a: Manwel|Protosynthesis|[silent]
|switch|p1a: Mr. Prince|Latios, M, shiny|100/100
|move|p2a: Ursaluna|Facade|p1a: Mr. Prince
|-crit|p1a: Mr. Prince
|-damage|p1a: Mr. Prince|0 fnt
|faint|p1a: Mr. Prince
|
|-damage|p2a: Ursaluna|75/100 brn|[from] brn
|upkeep
|
|t:|1776041526
|switch|p1a: Battery Acid|Zapdos, shiny|100/100
|turn|12
|
|t:|1776041531
|move|p1a: Battery Acid|Hurricane|p2a: Ursaluna
|-damage|p2a: Ursaluna|18/100 brn
|-start|p2a: Ursaluna|confusion
|-activate|p2a: Ursaluna|confusion
|move|p2a: Ursaluna|Facade|p1a: Battery Acid
|-damage|p1a: Battery Acid|30/100
|
|-damage|p2a: Ursaluna|12/100 brn|[from] brn
|upkeep
|turn|13
|
|t:|1776041538
|move|p1a: Battery Acid|Heat Wave|p2a: Ursaluna
|-damage|p2a: Ursaluna|0 fnt
|faint|p2a: Ursaluna
|
|-sideend|p1: Pyrez57|move: Light Screen
|upkeep
|
|t:|1776041542
|switch|p2a: Dragapult|Dragapult, F|100/100
|turn|14
|
|t:|1776041545
|switch|p1a: Goldberg|Grimmsnarl, M|88/100
|move|p2a: Dragapult|Shadow Ball|p1a: Goldberg
|-resisted|p1a: Goldberg
|-damage|p1a: Goldberg|68/100
|-damage|p2a: Dragapult|91/100|[from] item: Life Orb
|
|-sideend|p2: dkslfsd|Reflect
|upkeep
|turn|15
|
|t:|1776041554
|switch|p2a: Zamazenta|Zamazenta|100/100 par
|move|p1a: Goldberg|Parting Shot|p2a: Zamazenta
|-unboost|p2a: Zamazenta|atk|1
|-unboost|p2a: Zamazenta|spa|1
|
|t:|1776041560
|switch|p1a: Battery Acid|Zapdos, shiny|30/100|[from] Parting Shot
|
|-sideend|p1: Pyrez57|Reflect
|upkeep
|turn|16
|
|t:|1776041564
|move|p1a: Battery Acid|Roost|p1a: Battery Acid
|-heal|p1a: Battery Acid|80/100
|-singleturn|p1a: Battery Acid|move: Roost
|move|p2a: Zamazenta|Light Screen|p2a: Zamazenta
|-sidestart|p2: dkslfsd|move: Light Screen
|
|upkeep
|turn|17
|
|t:|1776041569
|move|p1a: Battery Acid|Hurricane|p2a: Zamazenta|[miss]
|-miss|p1a: Battery Acid|p2a: Zamazenta
|move|p2a: Zamazenta|Reflect|p2a: Zamazenta
|-sidestart|p2: dkslfsd|Reflect
|
|upkeep
|turn|18
|
|t:|1776041573
|switch|p2a: Kingambit|Kingambit, M|100/100
|-activate|p2a: Kingambit|ability: Supreme Overlord
|-start|p2a: Kingambit|fallen2|[silent]
|move|p1a: Battery Acid|Hurricane|p2a: Kingambit|[miss]
|-miss|p1a: Battery Acid|p2a: Kingambit
|
|upkeep
|turn|19
|
|t:|1776041576
|move|p1a: Battery Acid|Volt Switch|p2a: Kingambit
|-damage|p2a: Kingambit|79/100
|
|t:|1776041579
|switch|p1a: Manwel|Great Tusk, shiny|64/100|[from] Volt Switch
|move|p2a: Kingambit|Swords Dance|p2a: Kingambit
|-boost|p2a: Kingambit|atk|2
|
|-heal|p1a: Manwel|70/100|[from] item: Leftovers
|upkeep
|turn|20
|j| North Ryder
|l| North Ryder
|
|t:|1776041602
|-end|p1a: Manwel|Protosynthesis|[silent]
|switch|p1a: Kombu|Ogerpon-Wellspring, F|100/100
|-terastallize|p2a: Kingambit|Fairy
|move|p2a: Kingambit|Tera Blast|p1a: Kombu|[anim] Tera Blast Fairy
|-damage|p1a: Kombu|0 fnt
|faint|p1a: Kombu
|
|upkeep
|
|t:|1776041606
|switch|p1a: Goldberg|Grimmsnarl, M|68/100
|turn|21
|
|t:|1776041608
|move|p1a: Goldberg|Reflect|p1a: Goldberg
|-sidestart|p1: Pyrez57|Reflect
|move|p2a: Kingambit|Tera Blast|p1a: Goldberg|[anim] Tera Blast Fairy
|-supereffective|p1a: Goldberg
|-damage|p1a: Goldberg|0 fnt
|faint|p1a: Goldberg
|
|upkeep
|
|t:|1776041612
|switch|p1a: RedKing|Kingambit, F|100/100
|-activate|p1a: RedKing|ability: Supreme Overlord
|-start|p1a: RedKing|fallen3|[silent]
|turn|22
|
|t:|1776041625
|-end|p2a: Kingambit|fallen2|[silent]
|switch|p2a: Manaphy|Manaphy|100/100
|-terastallize|p1a: RedKing|Poison
|move|p1a: RedKing|Iron Head|p2a: Manaphy
|-resisted|p2a: Manaphy
|-damage|p2a: Manaphy|84/100
|
|-heal|p2a: Manaphy|91/100|[from] item: Leftovers
|upkeep
|turn|23
|
|t:|1776041632
|-end|p1a: RedKing|fallen3|[silent]
|switch|p1a: Battery Acid|Zapdos, shiny|80/100
|move|p2a: Manaphy|Tail Glow|p2a: Manaphy
|-boost|p2a: Manaphy|spa|3
|
|-heal|p2a: Manaphy|97/100|[from] item: Leftovers
|-sideend|p2: dkslfsd|move: Light Screen
|upkeep
|turn|24
|
|t:|1776041637
|move|p2a: Manaphy|Surf|p1a: Battery Acid
|-damage|p1a: Battery Acid|0 fnt
|faint|p1a: Battery Acid
|
|-heal|p2a: Manaphy|100/100|[from] item: Leftovers
|-sideend|p2: dkslfsd|Reflect
|upkeep
|-message|Pyrez57 forfeited.
|
|win|dkslfsd
|raw|Pyrez57's rating: 1638 &rarr; <strong>1620</strong><br />(-18 for losing)
|raw|dkslfsd's rating: 1674 &rarr; <strong>1692</strong><br />(+18 for winning)
|l|☆Pyrez57
|player|p1|
|l|☆dkslfsd
|player|p2|
|l| ohko_smeargle
|l| raditzisthebest
