|html|<div class="broadcast-blue"><strong>[Gen 9] OU is currently suspecting Tera Blast! For information on how to participate check out the <a href="https://www.smogon.com/tools/suspects/view/200">suspect thread</a>.</strong></div>
|j|☆xrr and
|j|☆luck is skilll
|t:|1776047677
|gametype|singles
|player|p1|xrr and|170|1409
|player|p2|luck is skilll|265|1496
|gen|9
|tier|[Gen 9] OU
|rated|
|rule|HP Percentage Mod: HP is shown in percentages
|rule|Endless Battle Clause: Forcing endless battles is banned
|rule|Species Clause: Limit one of each Pokémon
|rule|OHKO Clause: OHKO moves are banned
|rule|Evasion Items Clause: Evasion items are banned
|rule|Evasion Moves Clause: Evasion moves are banned
|rule|Evasion Abilities Clause: Evasion abilities are banned
|rule|Sleep Moves Clause: Sleep-inducing moves are banned
|clearpoke
|poke|p1|Ogerpon-Wellspring, F|
|poke|p1|Pecharunt|
|poke|p1|Great Tusk|
|poke|p1|Iron Crown|
|poke|p1|Landorus-Therian, M|
|poke|p1|Samurott-Hisui, M|
|poke|p2|Okidogi, M|
|poke|p2|Dragonite, M|
|poke|p2|Samurott-Hisui, F|
|poke|p2|Dragapult, F|
|poke|p2|Kingambit, F|
|poke|p2|Gholdengo|
|teampreview
|inactive|Battle timer is ON: inactive players will automatically lose when time's up. (requested by luck is skilll)
|
|t:|1776047690
|teamsize|p1|6
|teamsize|p2|6
|start
|switch|p1a: Landorus|Landorus-Therian, M|100/100
|switch|p2a: Samurott|Samurott-Hisui, F|100/100
|-ability|p1a: Landorus|Intimidate|boost
|-unboost|p2a: Samurott|atk|1
|turn|1
|
|t:|1776047696
|move|p1a: Landorus|U-turn|p2a: Samurott
|-supereffective|p2a: Samurott
|-damage|p2a: Samurott|28/100
|
|t:|1776047705
|switch|p1a: Great Tusk|Great Tusk|100/100|[from] U-turn
|-enditem|p1a: Great Tusk|Booster Energy
|-activate|p1a: Great Tusk|ability: Protosynthesis|[fromitem]
|-start|p1a: Great Tusk|protosynthesisspe
|move|p2a: Samurott|Ceaseless Edge|p1a: Great Tusk
|-resisted|p1a: Great Tusk
|-damage|p1a: Great Tusk|90/100
|-sidestart|p1: xrr and|Spikes
|
|upkeep
|turn|2
|
|t:|1776047718
|-terastallize|p1a: Great Tusk|Poison
|move|p1a: Great Tusk|Rapid Spin|p2a: Samurott
|-damage|p2a: Samurott|8/100
|-boost|p1a: Great Tusk|spe|1
|-sideend|p1: xrr and|Spikes|[from] move: Rapid Spin|[of] p1a: Great Tusk
|move|p2a: Samurott|Ceaseless Edge|p1a: Great Tusk
|-damage|p1a: Great Tusk|72/100
|-sidestart|p1: xrr and|Spikes
|
|upkeep
|turn|3
|
|t:|1776047726
|move|p1a: Great Tusk|Bulk Up|p1a: Great Tusk
|-boost|p1a: Great Tusk|atk|1
|-boost|p1a: Great Tusk|def|1
|move|p2a: Samurott|Ceaseless Edge|p1a: Great Tusk
|-damage|p1a: Great Tusk|60/100
|-sidestart|p1: xrr and|Spikes
|
|upkeep
|turn|4
|
|t:|1776047731
|move|p1a: Great Tusk|Bulk Up|p1a: Great Tusk
|-boost|p1a: Great Tusk|atk|1
|-boost|p1a: Great Tusk|def|1
|move|p2a: Samurott|Taunt|p1a: Great Tusk
|-start|p1a: Great Tusk|move: Taunt
|
|upkeep
|turn|5
|
|t:|1776047736
|move|p1a: Great Tusk|Rapid Spin|p2a: Samurott
|-damage|p2a: Samurott|0 fnt
|-boost|p1a: Great Tusk|spe|1
|-sideend|p1: xrr and|Spikes|[from] move: Rapid Spin|[of] p1a: Great Tusk
|faint|p2a: Samurott
|
|upkeep
|inactive|luck is skilll has 120 seconds left.
|
|t:|1776047771
|switch|p2a: Dragonite|Dragonite, M|100/100
|turn|6
|
|t:|1776047774
|-terastallize|p2a: Dragonite|Flying
|move|p1a: Great Tusk|Ice Spinner|p2a: Dragonite
|-supereffective|p2a: Dragonite
|-crit|p2a: Dragonite
|-damage|p2a: Dragonite|15/100
|move|p2a: Dragonite|Earthquake|p1a: Great Tusk
|-supereffective|p1a: Great Tusk
|-damage|p1a: Great Tusk|34/100
|
|upkeep
|turn|7
|
|t:|1776047783
|move|p2a: Dragonite|Extreme Speed|p1a: Great Tusk
|-damage|p1a: Great Tusk|24/100
|move|p1a: Great Tusk|Ice Spinner|p2a: Dragonite
|-supereffective|p2a: Dragonite
|-damage|p2a: Dragonite|0 fnt
|faint|p2a: Dragonite
|
|-end|p1a: Great Tusk|move: Taunt
|upkeep
|
|t:|1776047791
|switch|p2a: Dragapult|Dragapult, F|100/100
|turn|8
|
|t:|1776047794
|move|p1a: Great Tusk|Ice Spinner|p2a: Dragapult
|-supereffective|p2a: Dragapult
|-damage|p2a: Dragapult|0 fnt
|faint|p2a: Dragapult
|
|upkeep
|
|t:|1776047800
|switch|p2a: Gholdengo|Gholdengo|100/100
|turn|9
|
|t:|1776047802
|move|p1a: Great Tusk|Headlong Rush|p2a: Gholdengo
|-supereffective|p2a: Gholdengo
|-damage|p2a: Gholdengo|0 fnt
|-unboost|p1a: Great Tusk|def|1
|-unboost|p1a: Great Tusk|spd|1
|faint|p2a: Gholdengo
|
|upkeep
|
|t:|1776047803
|switch|p2a: Kingambit|Kingambit, F|100/100
|-activate|p2a: Kingambit|ability: Supreme Overlord
|-start|p2a: Kingambit|fallen4|[silent]
|turn|10
|
|t:|1776047807
|move|p2a: Kingambit|Sucker Punch||[still]
|-fail|p2a: Kingambit
|move|p1a: Great Tusk|Bulk Up|p1a: Great Tusk
|-boost|p1a: Great Tusk|atk|1
|-boost|p1a: Great Tusk|def|1
|
|upkeep
|turn|11
|
|t:|1776047812
|move|p2a: Kingambit|Sucker Punch|p1a: Great Tusk
|-damage|p1a: Great Tusk|2/100
|move|p1a: Great Tusk|Headlong Rush|p2a: Kingambit
|-supereffective|p2a: Kingambit
|-crit|p2a: Kingambit
|-damage|p2a: Kingambit|0 fnt
|-unboost|p1a: Great Tusk|def|1
|-unboost|p1a: Great Tusk|spd|1
|faint|p2a: Kingambit
|-end|p2a: Kingambit|fallen4|[silent]
|
|upkeep
|
|t:|1776047816
|switch|p2a: Okidogi|Okidogi, M|100/100
|turn|12
|
|t:|1776047820
|move|p1a: Great Tusk|Headlong Rush|p2a: Okidogi
|-supereffective|p2a: Okidogi
|-damage|p2a: Okidogi|0 fnt
|-unboost|p1a: Great Tusk|def|1
|-unboost|p1a: Great Tusk|spd|1
|faint|p2a: Okidogi
|
|win|xrr and
|raw|xrr and's rating: 1409 &rarr; <strong>1434</strong><br />(+25 for winning)
|raw|luck is skilll's rating: 1496 &rarr; <strong>1471</strong><br />(-25 for losing)
|l|☆luck is skilll
|player|p2|
