|html|<div class="broadcast-blue"><strong>[Gen 9] OU is currently suspecting Tera Blast! For information on how to participate check out the <a href="https://www.smogon.com/tools/suspects/view/200">suspect thread</a>.</strong></div>
|j|☆flame30
|j|☆bob8787
|t:|1776083658
|gametype|singles
|player|p1|flame30|hiker-gen4|1121
|player|p2|bob8787|101|1091
|gen|9
|tier|[Gen 9] OU
|rated|
|rule|HP Percentage Mod: HP is shown in percentages
|rule|Endless Battle Clause: Forcing endless battles is banned
|rule|Species Clause: Limit one of each Pokémon
|rule|OHKO Clause: OHKO moves are banned
|rule|Evasion Items Clause: Evasion items are banned
|rule|Evasion Moves Clause: Evasion moves are banned
|rule|Evasion Abilities Clause: Evasion abilities are banned
|rule|Sleep Moves Clause: Sleep-inducing moves are banned
|clearpoke
|poke|p1|Tyranitar, F|
|poke|p1|Glimmora, F|
|poke|p1|Donphan, F|
|poke|p1|Arcanine-Hisui, M|
|poke|p1|Terrakion|
|poke|p1|Corviknight, F|
|poke|p2|Pawmot, F|
|poke|p2|Rabsca, M|
|poke|p2|Kingambit, F|
|poke|p2|Walking Wake|
|poke|p2|Maushold|
|poke|p2|Dragonite, M|
|teampreview
|
|t:|1776083667
|teamsize|p1|6
|teamsize|p2|6
|start
|switch|p1a: Glimmora|Glimmora, F|100/100
|switch|p2a: Speedy mc speed|Walking Wake|100/100
|-enditem|p2a: Speedy mc speed|Booster Energy
|-activate|p2a: Speedy mc speed|ability: Protosynthesis|[fromitem]
|-start|p2a: Speedy mc speed|protosynthesisspe
|turn|1
|
|t:|1776083675
|move|p2a: Speedy mc speed|Surf|p1a: Glimmora
|-supereffective|p1a: Glimmora
|-damage|p1a: Glimmora|0 fnt
|faint|p1a: Glimmora
|
|upkeep
|
|t:|1776083686
|switch|p1a: Tyranitar|Tyranitar, F|100/100
|-weather|Sandstorm|[from] ability: Sand Stream|[of] p1a: Tyranitar
|turn|2
|
|t:|1776083693
|move|p2a: Speedy mc speed|Surf|p1a: Tyranitar
|-supereffective|p1a: Tyranitar
|-damage|p1a: Tyranitar|64/100
|move|p1a: Tyranitar|Dragon Tail|p2a: Speedy mc speed
|-supereffective|p2a: Speedy mc speed
|-damage|p2a: Speedy mc speed|62/100
|-end|p2a: Speedy mc speed|Protosynthesis|[silent]
|drag|p2a: Dragonite|Dragonite, M|100/100
|
|-weather|Sandstorm|[upkeep]
|-damage|p2a: Dragonite|94/100|[from] Sandstorm
|upkeep
|turn|3
|
|t:|1776083705
|move|p2a: Dragonite|Earthquake|p1a: Tyranitar
|-supereffective|p1a: Tyranitar
|-damage|p1a: Tyranitar|0 fnt
|faint|p1a: Tyranitar
|-damage|p2a: Dragonite|84/100|[from] item: Life Orb
|
|-weather|Sandstorm|[upkeep]
|-damage|p2a: Dragonite|78/100|[from] Sandstorm
|upkeep
|
|t:|1776083712
|switch|p1a: Terrakion|Terrakion|100/100
|turn|4
|
|t:|1776083717
|move|p1a: Terrakion|Stone Edge|p2a: Dragonite
|-supereffective|p2a: Dragonite
|-damage|p2a: Dragonite|0 fnt
|faint|p2a: Dragonite
|
|-weather|Sandstorm|[upkeep]
|upkeep
|
|t:|1776083732
|switch|p2a: Speedy mc speed|Walking Wake|62/100
|turn|5
|
|t:|1776083736
|move|p2a: Speedy mc speed|Surf|p1a: Terrakion
|-supereffective|p1a: Terrakion
|-damage|p1a: Terrakion|24/100
|move|p1a: Terrakion|Stone Edge|p2a: Speedy mc speed
|-damage|p2a: Speedy mc speed|0 fnt
|faint|p2a: Speedy mc speed
|-end|p2a: Speedy mc speed|Protosynthesis|[silent]
|
|-weather|Sandstorm|[upkeep]
|upkeep
|
|t:|1776083742
|switch|p2a: murderousfamilyof4|Maushold|100/100
|turn|6
|
|t:|1776083748
|move|p2a: murderousfamilyof4|Population Bomb|p1a: Terrakion
|-resisted|p1a: Terrakion
|-damage|p1a: Terrakion|17/100
|-resisted|p1a: Terrakion
|-damage|p1a: Terrakion|10/100
|-resisted|p1a: Terrakion
|-damage|p1a: Terrakion|4/100
|-resisted|p1a: Terrakion
|-damage|p1a: Terrakion|0 fnt
|faint|p1a: Terrakion
|-hitcount|p1: Terrakion|4
|
|-weather|Sandstorm|[upkeep]
|-damage|p2a: murderousfamilyof4|94/100|[from] Sandstorm
|upkeep
|
|t:|1776083766
|switch|p1a: Arcanine|Arcanine-Hisui, M|100/100
|turn|7
|
|t:|1776083774
|move|p2a: murderousfamilyof4|Tidy Up|p2a: murderousfamilyof4
|-boost|p2a: murderousfamilyof4|atk|1
|-boost|p2a: murderousfamilyof4|spe|1
|move|p1a: Arcanine|Head Smash|p2a: murderousfamilyof4|[miss]
|-miss|p1a: Arcanine|p2a: murderousfamilyof4
|
|-weather|Sandstorm|[upkeep]
|-damage|p2a: murderousfamilyof4|88/100|[from] Sandstorm
|upkeep
|turn|8
|
|t:|1776083783
|move|p2a: murderousfamilyof4|Population Bomb|p1a: Arcanine
|-resisted|p1a: Arcanine
|-damage|p1a: Arcanine|91/100
|-resisted|p1a: Arcanine
|-damage|p1a: Arcanine|82/100
|-resisted|p1a: Arcanine
|-damage|p1a: Arcanine|71/100
|-resisted|p1a: Arcanine
|-damage|p1a: Arcanine|62/100
|-resisted|p1a: Arcanine
|-damage|p1a: Arcanine|52/100
|-resisted|p1a: Arcanine
|-damage|p1a: Arcanine|42/100
|-resisted|p1a: Arcanine
|-damage|p1a: Arcanine|31/100
|-resisted|p1a: Arcanine
|-damage|p1a: Arcanine|22/100
|-resisted|p1a: Arcanine
|-damage|p1a: Arcanine|11/100
|-resisted|p1a: Arcanine
|-damage|p1a: Arcanine|1/100
|-hitcount|p1a: Arcanine|10
|move|p1a: Arcanine|Head Smash|p2a: murderousfamilyof4|[miss]
|-miss|p1a: Arcanine|p2a: murderousfamilyof4
|
|-weather|Sandstorm|[upkeep]
|-damage|p2a: murderousfamilyof4|82/100|[from] Sandstorm
|upkeep
|turn|9
|
|t:|1776083804
|move|p1a: Arcanine|Extreme Speed|p2a: murderousfamilyof4
|-damage|p2a: murderousfamilyof4|40/100
|move|p2a: murderousfamilyof4|Crunch|p1a: Arcanine
|-crit|p1a: Arcanine
|-damage|p1a: Arcanine|0 fnt
|faint|p1a: Arcanine
|
|-weather|none
|upkeep
|
|t:|1776083813
|switch|p1a: Donphan|Donphan, F|100/100
|turn|10
|
|t:|1776083817
|move|p2a: murderousfamilyof4|Population Bomb|p1a: Donphan
|-damage|p1a: Donphan|91/100
|-damage|p1a: Donphan|82/100
|-damage|p1a: Donphan|72/100
|-damage|p1a: Donphan|63/100
|-damage|p1a: Donphan|52/100
|-damage|p1a: Donphan|43/100
|-damage|p1a: Donphan|33/100
|-damage|p1a: Donphan|24/100
|-damage|p1a: Donphan|14/100
|-damage|p1a: Donphan|5/100
|-hitcount|p1a: Donphan|10
|move|p1a: Donphan|Counter|p2a: murderousfamilyof4
|-damage|p2a: murderousfamilyof4|17/100
|
|upkeep
|turn|11
|-enditem|p1a: Donphan|Custap Berry|[eat]
|-activate|p1a: Donphan|item: Custap Berry|[consumed]
|
|t:|1776083839
|move|p1a: Donphan|Earthquake|p2a: murderousfamilyof4
|-damage|p2a: murderousfamilyof4|0 fnt
|faint|p2a: murderousfamilyof4
|
|upkeep
|
|t:|1776083850
|switch|p2a: psychicdungbeetle|Rabsca, M|100/100
|turn|12
|
|t:|1776083857
|move|p1a: Donphan|Protect|p1a: Donphan
|-singleturn|p1a: Donphan|Protect
|move|p2a: psychicdungbeetle|Future Sight|p1a: Donphan
|-start|p2a: psychicdungbeetle|move: Future Sight
|
|upkeep
|turn|13
|
|t:|1776083863
|switch|p2a: LETSGOGAMBLING!!!|Kingambit, F|100/100
|-activate|p2a: LETSGOGAMBLING!!!|ability: Supreme Overlord
|-start|p2a: LETSGOGAMBLING!!!|fallen3|[silent]
|move|p1a: Donphan|Endeavor|p2a: LETSGOGAMBLING!!!
|-damage|p2a: LETSGOGAMBLING!!!|5/100
|
|upkeep
|turn|14
|
|t:|1776083873
|move|p1a: Donphan|Protect|p1a: Donphan
|-singleturn|p1a: Donphan|Protect
|move|p2a: LETSGOGAMBLING!!!|Sucker Punch||[still]
|-fail|p2a: LETSGOGAMBLING!!!
|
|-end|p1a: Donphan|move: Future Sight
|-damage|p1a: Donphan|0 fnt
|faint|p1a: Donphan
|upkeep
|
|t:|1776083880
|switch|p1a: Corviknight|Corviknight, F|100/100
|turn|15
|
|t:|1776083888
|move|p2a: LETSGOGAMBLING!!!|Sucker Punch|p1a: Corviknight
|-damage|p1a: Corviknight|69/100
|move|p1a: Corviknight|Body Press|p2a: LETSGOGAMBLING!!!
|-supereffective|p2a: LETSGOGAMBLING!!!
|-damage|p2a: LETSGOGAMBLING!!!|0 fnt
|faint|p2a: LETSGOGAMBLING!!!
|-end|p2a: LETSGOGAMBLING!!!|fallen3|[silent]
|
|-heal|p1a: Corviknight|76/100|[from] item: Leftovers
|upkeep
|
|t:|1776083895
|switch|p2a: Electro dawg|Pawmot, F|100/100
|turn|16
|
|t:|1776083907
|-terastallize|p2a: Electro dawg|Electric
|move|p2a: Electro dawg|Double Shock|p1a: Corviknight
|-supereffective|p1a: Corviknight
|-damage|p1a: Corviknight|0 fnt
|-start|p2a: Electro dawg|typechange|Electric|[from] move: Double Shock
|faint|p1a: Corviknight
|
|win|bob8787
|raw|flame30's rating: 1121 &rarr; <strong>1094</strong><br />(-27 for losing)
|raw|bob8787's rating: 1091 &rarr; <strong>1120</strong><br />(+29 for winning)
|l|☆bob8787
|player|p2|
