|html|<div class="broadcast-blue"><strong>[Gen 9] OU is currently suspecting Volcarona! For information on how to participate check out the <a href="https://www.smogon.com/tools/suspects/view/208">suspect thread</a>.</strong></div>
|j|☆feeshvolc5
|j|☆Acastillo631
|t:|1778513897
|gametype|singles
|player|p1|feeshvolc5|266|1528
|player|p2|Acastillo631|silver|1597
|gen|9
|tier|[Gen 9] OU
|rated|
|rule|HP Percentage Mod: HP is shown in percentages
|rule|Endless Battle Clause: Forcing endless battles is banned
|rule|Species Clause: Limit one of each Pokémon
|rule|OHKO Clause: OHKO moves are banned
|rule|Evasion Items Clause: Evasion items are banned
|rule|Evasion Moves Clause: Evasion moves are banned
|rule|Evasion Abilities Clause: Evasion abilities are banned
|rule|Sleep Moves Clause: Sleep-inducing moves are banned
|clearpoke
|poke|p1|Skeledirge, F|
|poke|p1|Ogerpon, F|
|poke|p1|Skarmory, F|
|poke|p1|Ting-Lu|
|poke|p1|Alomomola, F|
|poke|p1|Clefable, M|
|poke|p2|Iron Valiant|
|poke|p2|Sinistcha|
|poke|p2|Tyranitar, F|
|poke|p2|Klefki, M|
|poke|p2|Swampert, M|
|poke|p2|Iron Treads|
|teampreview
|
|t:|1778513916
|teamsize|p1|6
|teamsize|p2|6
|start
|switch|p1a: Ting-Lu|Ting-Lu|100/100
|switch|p2a: Redips|Klefki, M|100/100
|-ability|p1a: Ting-Lu|Vessel of Ruin
|turn|1
|
|t:|1778513925
|move|p2a: Redips|Magnet Rise|p2a: Redips
|-start|p2a: Redips|Magnet Rise
|move|p1a: Ting-Lu|Earthquake|p2a: Redips
|-immune|p2a: Redips
|
|upkeep
|turn|2
|
|t:|1778513929
|move|p2a: Redips|Spikes|p1a: Ting-Lu
|-sidestart|p1: feeshvolc5|Spikes
|move|p1a: Ting-Lu|Stealth Rock|p2a: Redips
|-sidestart|p2: Acastillo631|move: Stealth Rock
|
|upkeep
|turn|3
|
|t:|1778513934
|move|p2a: Redips|Dazzling Gleam|p1a: Ting-Lu
|-supereffective|p1a: Ting-Lu
|-damage|p1a: Ting-Lu|79/100
|move|p1a: Ting-Lu|Ruination|p2a: Redips
|-damage|p2a: Redips|50/100
|
|-heal|p1a: Ting-Lu|86/100|[from] item: Leftovers
|upkeep
|turn|4
|
|t:|1778513937
|move|p2a: Redips|Dazzling Gleam|p1a: Ting-Lu
|-supereffective|p1a: Ting-Lu
|-damage|p1a: Ting-Lu|65/100
|move|p1a: Ting-Lu|Whirlwind|p2a: Redips
|drag|p2a: Armored Armadillo|Iron Treads|100/100
|-damage|p2a: Armored Armadillo|97/100|[from] Stealth Rock
|-item|p2a: Armored Armadillo|Air Balloon
|
|-heal|p1a: Ting-Lu|71/100|[from] item: Leftovers
|upkeep
|turn|5
|
|t:|1778513944
|switch|p1a: Skarmory|Skarmory, F|100/100
|move|p2a: Armored Armadillo|Ice Spinner|p1a: Skarmory
|-damage|p1a: Skarmory|87/100
|-damage|p2a: Armored Armadillo|81/100|[from] item: Rocky Helmet|[of] p1a: Skarmory
|
|upkeep
|turn|6
|
|t:|1778513963
|-end|p2a: Armored Armadillo|Quark Drive|[silent]
|switch|p2a: Wire Sponge|Sinistcha|100/100
|move|p1a: Skarmory|Spikes|p2a: Wire Sponge
|-sidestart|p2: Acastillo631|Spikes
|
|upkeep
|turn|7
|
|t:|1778513975
|switch|p1a: Skeledirge|Skeledirge, F|100/100
|move|p2a: Wire Sponge|Nasty Plot|p2a: Wire Sponge
|-boost|p2a: Wire Sponge|spa|2
|
|upkeep
|turn|8
|
|t:|1778513982
|-terastallize|p2a: Wire Sponge|Poison
|move|p2a: Wire Sponge|Shadow Ball|p1a: Skeledirge
|-supereffective|p1a: Skeledirge
|-damage|p1a: Skeledirge|58/100
|move|p1a: Skeledirge|Torch Song|p2a: Wire Sponge
|-damage|p2a: Wire Sponge|83/100
|-boost|p1a: Skeledirge|spa|1
|
|upkeep
|turn|9
|
|t:|1778513992
|-terastallize|p1a: Skeledirge|Fairy
|move|p2a: Wire Sponge|Shadow Ball|p1a: Skeledirge
|-damage|p1a: Skeledirge|34/100
|move|p1a: Skeledirge|Slack Off|p1a: Skeledirge
|-heal|p1a: Skeledirge|84/100
|
|upkeep
|turn|10
|
|t:|1778513999
|move|p2a: Wire Sponge|Shadow Ball|p1a: Skeledirge
|-damage|p1a: Skeledirge|60/100
|move|p1a: Skeledirge|Will-O-Wisp|p2a: Wire Sponge|[miss]
|-miss|p1a: Skeledirge|p2a: Wire Sponge
|
|upkeep
|turn|11
|
|t:|1778514004
|move|p2a: Wire Sponge|Shadow Ball|p1a: Skeledirge
|-damage|p1a: Skeledirge|38/100
|move|p1a: Skeledirge|Will-O-Wisp|p2a: Wire Sponge
|-status|p2a: Wire Sponge|brn
|
|-damage|p2a: Wire Sponge|80/100 brn|[from] brn
|upkeep
|turn|12
|
|t:|1778514008
|move|p2a: Wire Sponge|Shadow Ball|p1a: Skeledirge
|-damage|p1a: Skeledirge|16/100
|move|p1a: Skeledirge|Slack Off|p1a: Skeledirge
|-heal|p1a: Skeledirge|66/100
|
|-damage|p2a: Wire Sponge|77/100 brn|[from] brn
|upkeep
|turn|13
|
|t:|1778514017
|switch|p2a: Eregion|Tyranitar, F|100/100
|-damage|p2a: Eregion|88/100|[from] Stealth Rock
|-damage|p2a: Eregion|76/100|[from] Spikes
|-weather|Sandstorm|[from] ability: Sand Stream|[of] p2a: Eregion
|move|p1a: Skeledirge|Slack Off|p1a: Skeledirge
|-heal|p1a: Skeledirge|100/100
|
|-weather|Sandstorm|[upkeep]
|-damage|p1a: Skeledirge|94/100|[from] Sandstorm
|-heal|p2a: Eregion|82/100|[from] item: Leftovers
|upkeep
|turn|14
|
|t:|1778514022
|switch|p1a: Alomomola|Alomomola, F|100/100
|move|p2a: Eregion|Knock Off|p1a: Alomomola
|-damage|p1a: Alomomola|76/100
|-enditem|p1a: Alomomola|Heavy-Duty Boots|[from] move: Knock Off|[of] p2a: Eregion
|
|-weather|Sandstorm|[upkeep]
|-damage|p1a: Alomomola|69/100|[from] Sandstorm
|-heal|p2a: Eregion|88/100|[from] item: Leftovers
|upkeep
|turn|15
|l|☆Acastillo631
|player|p2|
|j| foxi4
|inactive|Battle timer is ON: inactive players will automatically lose when time's up. (requested by feeshvolc5)
|j|☆Acastillo631
|inactive|Acastillo631 reconnected and has 125 seconds left.
|player|p2|Acastillo631|silver|
|inactive|Acastillo631 has 120 seconds left.
|
|t:|1778514075
|move|p2a: Eregion|Thunderbolt|p1a: Alomomola
|-supereffective|p1a: Alomomola
|-damage|p1a: Alomomola|21/100
|move|p1a: Alomomola|Flip Turn|p2a: Eregion
|-supereffective|p2a: Eregion
|-damage|p2a: Eregion|62/100
|inactive|feeshvolc5 has 120 seconds left.
|
|t:|1778514107
|switch|p1a: Ogerpon|Ogerpon, F|100/100|[from] Flip Turn
|
|-weather|Sandstorm|[upkeep]
|-damage|p1a: Ogerpon|95/100|[from] Sandstorm
|-heal|p2a: Eregion|69/100|[from] item: Leftovers
|upkeep
|turn|16
|
|t:|1778514124
|switch|p2a: Wire Sponge|Sinistcha, tera:Poison|77/100 brn
|move|p1a: Ogerpon|Ivy Cudgel|p2a: Wire Sponge
|-resisted|p2a: Wire Sponge
|-damage|p2a: Wire Sponge|59/100 brn
|
|-weather|Sandstorm|[upkeep]
|-damage|p1a: Ogerpon|89/100|[from] Sandstorm
|-damage|p2a: Wire Sponge|53/100 brn|[from] Sandstorm
|-damage|p2a: Wire Sponge|50/100 brn|[from] brn
|upkeep
|turn|17
|
|t:|1778514126
|move|p1a: Ogerpon|Knock Off|p2a: Wire Sponge
|-damage|p2a: Wire Sponge|26/100 brn
|-enditem|p2a: Wire Sponge|Heavy-Duty Boots|[from] move: Knock Off|[of] p1a: Ogerpon
|move|p2a: Wire Sponge|Matcha Gotcha|p1a: Ogerpon
|-resisted|p1a: Ogerpon
|-damage|p1a: Ogerpon|71/100
|-heal|p2a: Wire Sponge|33/100 brn|[from] drain|[of] p1a: Ogerpon
|-status|p1a: Ogerpon|brn
|
|-weather|none
|-damage|p1a: Ogerpon|65/100 brn|[from] brn
|-damage|p2a: Wire Sponge|31/100 brn|[from] brn
|upkeep
|turn|18
|
|t:|1778514134
|move|p1a: Ogerpon|Encore|p2a: Wire Sponge
|-start|p2a: Wire Sponge|Encore
|move|p2a: Wire Sponge|Matcha Gotcha|p1a: Ogerpon
|-resisted|p1a: Ogerpon
|-damage|p1a: Ogerpon|46/100 brn
|-heal|p2a: Wire Sponge|39/100 brn|[from] drain|[of] p1a: Ogerpon
|
|-damage|p1a: Ogerpon|40/100 brn|[from] brn
|-damage|p2a: Wire Sponge|36/100 brn|[from] brn
|upkeep
|turn|19
|
|t:|1778514149
|switch|p2a: Armored Armadillo|Iron Treads|81/100
|-damage|p2a: Armored Armadillo|78/100|[from] Stealth Rock
|-item|p2a: Armored Armadillo|Air Balloon
|move|p1a: Ogerpon|U-turn|p2a: Armored Armadillo
|-resisted|p2a: Armored Armadillo
|-damage|p2a: Armored Armadillo|72/100
|-enditem|p2a: Armored Armadillo|Air Balloon
|
|t:|1778514152
|switch|p1a: Skarmory|Skarmory, F|87/100|[from] U-turn
|
|upkeep
|turn|20
|
|t:|1778514156
|switch|p1a: Skeledirge|Skeledirge, F, tera:Fairy|94/100
|move|p2a: Armored Armadillo|Rapid Spin|p1a: Skeledirge
|-damage|p1a: Skeledirge|81/100
|-boost|p2a: Armored Armadillo|spe|1
|-sideend|p2: Acastillo631|Spikes|[from] move: Rapid Spin|[of] p2a: Armored Armadillo
|-sideend|p2: Acastillo631|Stealth Rock|[from] move: Rapid Spin|[of] p2a: Armored Armadillo
|
|upkeep
|turn|21
|
|t:|1778514162
|-end|p2a: Armored Armadillo|Quark Drive|[silent]
|switch|p2a: Duff McWhalen|Swampert, M|100/100
|move|p1a: Skeledirge|Torch Song|p2a: Duff McWhalen
|-resisted|p2a: Duff McWhalen
|-damage|p2a: Duff McWhalen|91/100
|-boost|p1a: Skeledirge|spa|1
|
|-heal|p2a: Duff McWhalen|97/100|[from] item: Leftovers
|upkeep
|turn|22
|
|t:|1778514169
|switch|p1a: Clefable|Clefable, M|100/100
|move|p2a: Duff McWhalen|Knock Off|p1a: Clefable
|-resisted|p1a: Clefable
|-damage|p1a: Clefable|92/100
|-enditem|p1a: Clefable|Leftovers|[from] move: Knock Off|[of] p2a: Duff McWhalen
|
|-heal|p2a: Duff McWhalen|100/100|[from] item: Leftovers
|upkeep
|turn|23
|
|t:|1778514173
|move|p2a: Duff McWhalen|Stealth Rock|p1a: Clefable
|-sidestart|p1: feeshvolc5|move: Stealth Rock
|move|p1a: Clefable|Calm Mind|p1a: Clefable
|-boost|p1a: Clefable|spa|1
|-boost|p1a: Clefable|spd|1
|
|upkeep
|turn|24
|
|t:|1778514185
|move|p2a: Duff McWhalen|Flip Turn|p1a: Clefable
|-damage|p1a: Clefable|75/100
|
|t:|1778514188
|switch|p2a: Eregion|Tyranitar, F|69/100|[from] Flip Turn
|-weather|Sandstorm|[from] ability: Sand Stream|[of] p2a: Eregion
|move|p1a: Clefable|Moonblast|p2a: Eregion
|-supereffective|p2a: Eregion
|-damage|p2a: Eregion|32/100
|
|-weather|Sandstorm|[upkeep]
|-heal|p2a: Eregion|39/100|[from] item: Leftovers
|upkeep
|turn|25
|
|t:|1778514197
|switch|p1a: Skarmory|Skarmory, F|87/100
|-damage|p1a: Skarmory|75/100|[from] Stealth Rock
|move|p2a: Eregion|Roar|p1a: Skarmory
|drag|p1a: Ogerpon|Ogerpon, F|40/100 brn
|
|-weather|Sandstorm|[upkeep]
|-damage|p1a: Ogerpon|34/100 brn|[from] Sandstorm
|-heal|p2a: Eregion|45/100|[from] item: Leftovers
|-damage|p1a: Ogerpon|28/100 brn|[from] brn
|upkeep
|turn|26
|
|t:|1778514204
|switch|p2a: Redips|Klefki, M|50/100
|move|p1a: Ogerpon|Encore||[still]
|-fail|p1a: Ogerpon
|
|-weather|Sandstorm|[upkeep]
|-damage|p1a: Ogerpon|22/100 brn|[from] Sandstorm
|-damage|p1a: Ogerpon|16/100 brn|[from] brn
|upkeep
|turn|27
|
|t:|1778514207
|move|p1a: Ogerpon|Knock Off|p2a: Redips
|-resisted|p2a: Redips
|-damage|p2a: Redips|44/100
|-damage|p1a: Ogerpon|0 fnt|[from] item: Rocky Helmet|[of] p2a: Redips
|faint|p1a: Ogerpon
|move|p2a: Redips|Dazzling Gleam|p1: Ogerpon|[notarget]
|-fail|p2a: Redips
|
|-weather|Sandstorm|[upkeep]
|upkeep
|
|t:|1778514214
|switch|p1a: Clefable|Clefable, M|75/100
|turn|28
|
|t:|1778514221
|move|p2a: Redips|Thunder Wave|p1a: Clefable
|-status|p1a: Clefable|par
|move|p1a: Clefable|Flamethrower|p2a: Redips
|-supereffective|p2a: Redips
|-damage|p2a: Redips|0 fnt
|faint|p2a: Redips
|
|-weather|none
|upkeep
|
|t:|1778514224
|switch|p2a: Duff McWhalen|Swampert, M|100/100
|turn|29
|
|t:|1778514228
|move|p2a: Duff McWhalen|Earthquake|p1a: Clefable
|-damage|p1a: Clefable|46/100 par
|move|p1a: Clefable|Moonblast|p2a: Duff McWhalen
|-damage|p2a: Duff McWhalen|80/100
|
|-heal|p2a: Duff McWhalen|87/100|[from] item: Leftovers
|upkeep
|turn|30
|
|t:|1778514236
|move|p2a: Duff McWhalen|Earthquake|p1a: Clefable
|-damage|p1a: Clefable|20/100 par
|move|p1a: Clefable|Moonlight|p1a: Clefable
|-heal|p1a: Clefable|70/100 par
|
|-heal|p2a: Duff McWhalen|93/100|[from] item: Leftovers
|upkeep
|turn|31
|
|t:|1778514241
|switch|p1a: Skarmory|Skarmory, F|75/100
|-damage|p1a: Skarmory|62/100|[from] Stealth Rock
|move|p2a: Duff McWhalen|Earthquake|p1a: Skarmory
|-immune|p1a: Skarmory
|
|-heal|p2a: Duff McWhalen|99/100|[from] item: Leftovers
|upkeep
|turn|32
|
|t:|1778514265
|move|p1a: Skarmory|Spikes|p2a: Duff McWhalen
|-sidestart|p2: Acastillo631|Spikes
|move|p2a: Duff McWhalen|Flip Turn|p1a: Skarmory
|-damage|p1a: Skarmory|50/100
|-damage|p2a: Duff McWhalen|82/100|[from] item: Rocky Helmet|[of] p1a: Skarmory
|
|t:|1778514269
|switch|p2a: Wire Sponge|Sinistcha, tera:Poison|36/100 brn|[from] Flip Turn
|-damage|p2a: Wire Sponge|24/100 brn|[from] Spikes
|
|-damage|p2a: Wire Sponge|21/100 brn|[from] brn
|upkeep
|turn|33
|
|t:|1778514277
|switch|p1a: Skeledirge|Skeledirge, F, tera:Fairy|81/100
|move|p2a: Wire Sponge|Strength Sap|p1a: Skeledirge
|-unboost|p1a: Skeledirge|atk|1
|-heal|p2a: Wire Sponge|69/100 brn
|
|-damage|p2a: Wire Sponge|66/100 brn|[from] brn
|upkeep
|turn|34
|
|t:|1778514290
|switch|p2a: Duff McWhalen|Swampert, M|82/100
|-damage|p2a: Duff McWhalen|70/100|[from] Spikes
|move|p1a: Skeledirge|Will-O-Wisp|p2a: Duff McWhalen
|-status|p2a: Duff McWhalen|brn
|
|-heal|p2a: Duff McWhalen|76/100 brn|[from] item: Leftovers
|-damage|p2a: Duff McWhalen|70/100 brn|[from] brn
|upkeep
|turn|35
|
|t:|1778514300
|switch|p1a: Skarmory|Skarmory, F|50/100
|-damage|p1a: Skarmory|37/100|[from] Stealth Rock
|move|p2a: Duff McWhalen|Flip Turn|p1a: Skarmory
|-damage|p1a: Skarmory|31/100
|-damage|p2a: Duff McWhalen|53/100 brn|[from] item: Rocky Helmet|[of] p1a: Skarmory
|
|t:|1778514306
|switch|p2a: Wire Sponge|Sinistcha, tera:Poison|66/100 brn|[from] Flip Turn
|-damage|p2a: Wire Sponge|54/100 brn|[from] Spikes
|
|-damage|p2a: Wire Sponge|51/100 brn|[from] brn
|upkeep
|turn|36
|l|☆Acastillo631
|inactive|Acastillo631 disconnected and has a minute to reconnect!
|player|p2|
|j|☆Acastillo631
|inactive|Acastillo631 reconnected and has 135 seconds left.
|player|p2|Acastillo631|silver|
|
|t:|1778514325
|switch|p1a: Skeledirge|Skeledirge, F, tera:Fairy|81/100
|move|p2a: Wire Sponge|Strength Sap|p1a: Skeledirge
|-unboost|p1a: Skeledirge|atk|1
|-heal|p2a: Wire Sponge|99/100 brn
|
|-damage|p2a: Wire Sponge|96/100 brn|[from] brn
|upkeep
|turn|37
|
|t:|1778514331
|switch|p2a: Duff McWhalen|Swampert, M|53/100 brn
|-damage|p2a: Duff McWhalen|41/100 brn|[from] Spikes
|move|p1a: Skeledirge|Hex|p2a: Duff McWhalen
|-damage|p2a: Duff McWhalen|10/100 brn
|
|-heal|p2a: Duff McWhalen|17/100 brn|[from] item: Leftovers
|-damage|p2a: Duff McWhalen|10/100 brn|[from] brn
|upkeep
|turn|38
|
|t:|1778514338
|move|p1a: Skeledirge|Hex|p2a: Duff McWhalen
|-damage|p2a: Duff McWhalen|0 fnt
|faint|p2a: Duff McWhalen
|
|upkeep
|
|t:|1778514351
|switch|p2a: Armored Armadillo|Iron Treads|72/100
|-damage|p2a: Armored Armadillo|60/100|[from] Spikes
|turn|39
|
|t:|1778514359
|switch|p1a: Alomomola|Alomomola, F|54/100
|-damage|p1a: Alomomola|42/100|[from] Spikes
|-damage|p1a: Alomomola|29/100|[from] Stealth Rock
|move|p2a: Armored Armadillo|Knock Off|p1a: Alomomola
|-damage|p1a: Alomomola|18/100
|
|upkeep
|turn|40
|
|t:|1778514374
|move|p2a: Armored Armadillo|Earthquake|p1a: Alomomola
|-damage|p1a: Alomomola|0 fnt
|faint|p1a: Alomomola
|
|upkeep
|
|t:|1778514379
|switch|p1a: Skarmory|Skarmory, F|31/100
|-damage|p1a: Skarmory|19/100|[from] Stealth Rock
|turn|41
|l| foxi4
|
|t:|1778514401
|move|p2a: Armored Armadillo|Rapid Spin|p1a: Skarmory
|-resisted|p1a: Skarmory
|-damage|p1a: Skarmory|14/100
|-boost|p2a: Armored Armadillo|spe|1
|-damage|p2a: Armored Armadillo|43/100|[from] item: Rocky Helmet|[of] p1a: Skarmory
|-sideend|p2: Acastillo631|Spikes|[from] move: Rapid Spin|[of] p2a: Armored Armadillo
|move|p1a: Skarmory|Roost|p1a: Skarmory
|-heal|p1a: Skarmory|64/100
|-singleturn|p1a: Skarmory|move: Roost
|
|upkeep
|turn|42
|
|t:|1778514409
|-end|p2a: Armored Armadillo|Quark Drive|[silent]
|switch|p2a: Wire Sponge|Sinistcha, tera:Poison|96/100 brn
|move|p1a: Skarmory|Body Press|p2a: Wire Sponge
|-resisted|p2a: Wire Sponge
|-damage|p2a: Wire Sponge|84/100 brn
|
|-damage|p2a: Wire Sponge|81/100 brn|[from] brn
|upkeep
|turn|43
|
|t:|1778514412
|switch|p1a: Skeledirge|Skeledirge, F, tera:Fairy|81/100
|move|p2a: Wire Sponge|Shadow Ball|p1a: Skeledirge
|-damage|p1a: Skeledirge|58/100
|
|-damage|p2a: Wire Sponge|78/100 brn|[from] brn
|upkeep
|turn|44
|l|☆Acastillo631
|inactive|Acastillo631 disconnected and has a minute to reconnect!
|player|p2|
|j|☆Acastillo631
|inactive|Acastillo631 reconnected and has 140 seconds left.
|player|p2|Acastillo631|silver|
|inactive|Acastillo631 has 120 seconds left.
|
|t:|1778514442
|switch|p2a: Sage Harpuia|Iron Valiant|100/100
|-enditem|p2a: Sage Harpuia|Booster Energy
|-activate|p2a: Sage Harpuia|ability: Quark Drive|[fromitem]
|-start|p2a: Sage Harpuia|quarkdrivespe
|move|p1a: Skeledirge|Slack Off|p1a: Skeledirge
|-heal|p1a: Skeledirge|100/100
|
|upkeep
|turn|45
|
|t:|1778514447
|move|p2a: Sage Harpuia|Encore|p1a: Skeledirge
|-start|p1a: Skeledirge|Encore
|move|p1a: Skeledirge|Slack Off||[still]
|-fail|p1a: Skeledirge|heal
|
|upkeep
|turn|46
|
|t:|1778514452
|switch|p1a: Clefable|Clefable, M|70/100 par
|move|p2a: Sage Harpuia|Moonblast|p1a: Clefable
|-damage|p1a: Clefable|22/100 par
|-unboost|p1a: Clefable|spa|1
|
|upkeep
|turn|47
|
|t:|1778514456
|move|p2a: Sage Harpuia|Moonblast|p1a: Clefable
|-damage|p1a: Clefable|0 fnt
|faint|p1a: Clefable
|
|upkeep
|
|t:|1778514458
|switch|p1a: Skeledirge|Skeledirge, F, tera:Fairy|100/100
|turn|48
|
|t:|1778514461
|move|p2a: Sage Harpuia|Moonblast|p1a: Skeledirge
|-damage|p1a: Skeledirge|68/100
|move|p1a: Skeledirge|Torch Song|p2a: Sage Harpuia
|-damage|p2a: Sage Harpuia|37/100
|-boost|p1a: Skeledirge|spa|1
|
|upkeep
|turn|49
|
|t:|1778514467
|move|p2a: Sage Harpuia|Destiny Bond|p2a: Sage Harpuia
|-singlemove|p2a: Sage Harpuia|Destiny Bond
|move|p1a: Skeledirge|Torch Song|p2a: Sage Harpuia
|-damage|p2a: Sage Harpuia|0 fnt
|-boost|p1a: Skeledirge|spa|1
|faint|p2a: Sage Harpuia
|-activate|p2a: Sage Harpuia|move: Destiny Bond
|-end|p2a: Sage Harpuia|Quark Drive|[silent]
|faint|p1a: Skeledirge
|
|upkeep
|
|t:|1778514476
|switch|p2a: Wire Sponge|Sinistcha, tera:Poison|78/100 brn
|switch|p1a: Ting-Lu|Ting-Lu|71/100
|-damage|p1a: Ting-Lu|58/100|[from] Spikes
|-damage|p1a: Ting-Lu|52/100|[from] Stealth Rock
|-ability|p1a: Ting-Lu|Vessel of Ruin
|turn|50
|
|t:|1778514483
|move|p2a: Wire Sponge|Strength Sap|p1a: Ting-Lu
|-unboost|p1a: Ting-Lu|atk|1
|-heal|p2a: Wire Sponge|100/100 brn
|move|p1a: Ting-Lu|Earthquake|p2a: Wire Sponge
|-supereffective|p2a: Wire Sponge
|-damage|p2a: Wire Sponge|61/100 brn
|
|-heal|p1a: Ting-Lu|58/100|[from] item: Leftovers
|-damage|p2a: Wire Sponge|58/100 brn|[from] brn
|upkeep
|turn|51
|
|t:|1778514488
|move|p2a: Wire Sponge|Strength Sap|p1a: Ting-Lu
|-unboost|p1a: Ting-Lu|atk|1
|-heal|p2a: Wire Sponge|100/100 brn
|move|p1a: Ting-Lu|Whirlwind|p2a: Wire Sponge
|drag|p2a: Armored Armadillo|Iron Treads|43/100
|
|-heal|p1a: Ting-Lu|65/100|[from] item: Leftovers
|upkeep
|turn|52
|
|t:|1778514493
|switch|p1a: Skarmory|Skarmory, F|64/100
|-damage|p1a: Skarmory|52/100|[from] Stealth Rock
|move|p2a: Armored Armadillo|Ice Spinner|p1a: Skarmory
|-crit|p1a: Skarmory
|-damage|p1a: Skarmory|30/100
|-damage|p2a: Armored Armadillo|27/100|[from] item: Rocky Helmet|[of] p1a: Skarmory
|
|upkeep
|turn|53
|
|t:|1778514500
|-end|p2a: Armored Armadillo|Quark Drive|[silent]
|switch|p2a: Wire Sponge|Sinistcha, tera:Poison|100/100 brn
|move|p1a: Skarmory|Roost|p1a: Skarmory
|-heal|p1a: Skarmory|80/100
|-singleturn|p1a: Skarmory|move: Roost
|
|-damage|p2a: Wire Sponge|98/100 brn|[from] brn
|upkeep
|turn|54
|
|t:|1778514518
|switch|p1a: Ting-Lu|Ting-Lu|65/100
|-damage|p1a: Ting-Lu|52/100|[from] Spikes
|-damage|p1a: Ting-Lu|46/100|[from] Stealth Rock
|-ability|p1a: Ting-Lu|Vessel of Ruin
|move|p2a: Wire Sponge|Nasty Plot|p2a: Wire Sponge
|-boost|p2a: Wire Sponge|spa|2
|
|-heal|p1a: Ting-Lu|52/100|[from] item: Leftovers
|-damage|p2a: Wire Sponge|95/100 brn|[from] brn
|upkeep
|turn|55
|
|t:|1778514524
|move|p2a: Wire Sponge|Matcha Gotcha|p1a: Ting-Lu
|-supereffective|p1a: Ting-Lu
|-damage|p1a: Ting-Lu|1/100
|-heal|p2a: Wire Sponge|100/100 brn|[from] drain|[of] p1a: Ting-Lu
|move|p1a: Ting-Lu|Earthquake|p2a: Wire Sponge
|-supereffective|p2a: Wire Sponge
|-damage|p2a: Wire Sponge|48/100 brn
|
|-heal|p1a: Ting-Lu|7/100|[from] item: Leftovers
|-damage|p2a: Wire Sponge|45/100 brn|[from] brn
|upkeep
|turn|56
|
|t:|1778514531
|move|p2a: Wire Sponge|Shadow Ball|p1a: Ting-Lu
|-resisted|p1a: Ting-Lu
|-damage|p1a: Ting-Lu|0 fnt
|faint|p1a: Ting-Lu
|
|-damage|p2a: Wire Sponge|42/100 brn|[from] brn
|upkeep
|-message|feeshvolc5 forfeited.
|
|win|Acastillo631
|raw|feeshvolc5's rating: 1528 &rarr; <strong>1512</strong><br />(-16 for losing)
|raw|Acastillo631's rating: 1597 &rarr; <strong>1613</strong><br />(+16 for winning)
|l|☆feeshvolc5
|player|p1|
|l|☆Acastillo631
|player|p2|
|j|☆Acastillo631
|player|p2|Acastillo631|silver|
|l|☆Acastillo631
|player|p2|
