|html|<div class="broadcast-blue"><strong>[Gen 9] OU is currently suspecting Tera Blast! For information on how to participate check out the <a href="https://www.smogon.com/tools/suspects/view/200">suspect thread</a>.</strong></div>
|j|☆The_big_roacher
|j|☆magrezagames
|t:|1776353210
|gametype|singles
|player|p1|The_big_roacher|1|1040
|player|p2|magrezagames|lance|1032
|gen|9
|tier|[Gen 9] OU
|rated|
|rule|HP Percentage Mod: HP is shown in percentages
|rule|Endless Battle Clause: Forcing endless battles is banned
|rule|Species Clause: Limit one of each Pokémon
|rule|OHKO Clause: OHKO moves are banned
|rule|Evasion Items Clause: Evasion items are banned
|rule|Evasion Moves Clause: Evasion moves are banned
|rule|Evasion Abilities Clause: Evasion abilities are banned
|rule|Sleep Moves Clause: Sleep-inducing moves are banned
|clearpoke
|poke|p1|Slowking-Galar, M|
|poke|p1|Glimmora, M|
|poke|p1|Charizard, M|
|poke|p1|Clefable, M|
|poke|p1|Kingambit, F|
|poke|p1|Mamoswine, F|
|poke|p2|Glimmora, M|
|poke|p2|Darkrai|
|poke|p2|Landorus-Therian, M|
|poke|p2|Garganacl, F|
|poke|p2|Zoroark-Hisui, M|
|poke|p2|Garchomp, M|
|teampreview
|
|t:|1776353220
|teamsize|p1|6
|teamsize|p2|6
|start
|switch|p1a: Mamoswine|Mamoswine, F|100/100
|switch|p2a: USB|Glimmora, M|100/100
|turn|1
|
|t:|1776353228
|move|p2a: USB|Meteor Beam||[still]
|-prepare|p2a: USB|Meteor Beam
|-boost|p2a: USB|spa|1
|move|p1a: Mamoswine|Icicle Spear|p2a: USB
|-damage|p2a: USB|87/100
|-activate|p2a: USB|ability: Toxic Debris
|-sidestart|p1: The_big_roacher|move: Toxic Spikes
|-damage|p2a: USB|74/100
|-activate|p2a: USB|ability: Toxic Debris
|-sidestart|p1: The_big_roacher|move: Toxic Spikes
|-damage|p2a: USB|61/100
|-damage|p2a: USB|49/100
|-hitcount|p2a: USB|4
|
|upkeep
|turn|2
|
|t:|1776353244
|move|p2a: USB|Meteor Beam|p1a: Mamoswine|[from] lockedmove
|-damage|p1a: Mamoswine|0 fnt
|faint|p1a: Mamoswine
|
|upkeep
|
|t:|1776353252
|switch|p1a: Slowking|Slowking-Galar, M|100/100
|-sideend|p1: The_big_roacher|move: Toxic Spikes|[of] p1a: Slowking
|turn|3
|
|t:|1776353258
|move|p2a: USB|Stealth Rock|p1a: Slowking
|-sidestart|p1: The_big_roacher|move: Stealth Rock
|move|p1a: Slowking|Toxic Spikes|p2a: USB
|-sidestart|p2: magrezagames|move: Toxic Spikes
|
|upkeep
|turn|4
|
|t:|1776353267
|move|p2a: USB|Spikes|p1a: Slowking
|-sidestart|p1: The_big_roacher|Spikes
|move|p1a: Slowking|Blizzard|p2a: USB
|-damage|p2a: USB|15/100
|
|upkeep
|turn|5
|
|t:|1776353274
|move|p2a: USB|Mortal Spin|p1a: Slowking
|-resisted|p1a: Slowking
|-damage|p1a: Slowking|97/100
|-sideend|p2: magrezagames|Toxic Spikes|[from] move: Mortal Spin|[of] p2a: USB
|move|p1a: Slowking|Drain Punch|p2a: USB
|-damage|p2a: USB|0 fnt
|-heal|p1a: Slowking|100/100|[from] drain|[of] p2a: USB
|-activate|p2a: USB|ability: Toxic Debris
|-sidestart|p1: The_big_roacher|move: Toxic Spikes
|faint|p2a: USB
|
|upkeep
|
|t:|1776353287
|switch|p2a: Bad guy|Darkrai|100/100
|turn|6
|
|t:|1776353294
|move|p2a: Bad guy|Bitter Malice|p1a: Slowking
|-supereffective|p1a: Slowking
|-damage|p1a: Slowking|30/100
|-unboost|p1a: Slowking|atk|1
|move|p1a: Slowking|Drain Punch|p2a: Bad guy
|-immune|p2a: Bad guy
|
|-heal|p1a: Slowking|36/100|[from] item: Leftovers
|upkeep
|turn|7
|
|t:|1776353306
|move|p2a: Bad guy|Bitter Malice|p1a: Slowking
|-supereffective|p1a: Slowking
|-damage|p1a: Slowking|0 fnt
|faint|p1a: Slowking
|
|upkeep
|
|t:|1776353314
|switch|p1a: Glimmora|Glimmora, M|100/100
|-damage|p1a: Glimmora|88/100|[from] Stealth Rock
|-damage|p1a: Glimmora|76/100|[from] Spikes
|-sideend|p1: The_big_roacher|move: Toxic Spikes|[of] p1a: Glimmora
|turn|8
|
|t:|1776353324
|move|p2a: Bad guy|Knock Off|p1a: Glimmora
|-crit|p1a: Glimmora
|-damage|p1a: Glimmora|44/100
|-enditem|p1a: Glimmora|Leftovers|[from] move: Knock Off|[of] p2a: Bad guy
|move|p1a: Glimmora|Stealth Rock|p2a: Bad guy
|-sidestart|p2: magrezagames|move: Stealth Rock
|
|upkeep
|turn|9
|
|t:|1776353333
|move|p2a: Bad guy|Knock Off|p1a: Glimmora
|-damage|p1a: Glimmora|30/100
|move|p1a: Glimmora|Spikes|p2a: Bad guy
|-sidestart|p2: magrezagames|Spikes
|
|upkeep
|turn|10
|
|t:|1776353340
|move|p1a: Glimmora|Protect|p1a: Glimmora
|-singleturn|p1a: Glimmora|Protect
|move|p2a: Bad guy|Bitter Malice|p1a: Glimmora
|-activate|p1a: Glimmora|move: Protect
|
|upkeep
|turn|11
|
|t:|1776353349
|move|p2a: Bad guy|Bitter Malice|p1a: Glimmora
|-damage|p1a: Glimmora|0 fnt
|faint|p1a: Glimmora
|
|upkeep
|
|t:|1776353357
|switch|p1a: Clefable|Clefable, M|100/100
|turn|12
|
|t:|1776353363
|move|p2a: Bad guy|Sludge Bomb|p1a: Clefable
|-supereffective|p1a: Clefable
|-damage|p1a: Clefable|43/100
|move|p1a: Clefable|Moonblast|p2a: Bad guy
|-damage|p2a: Bad guy|34/100
|-unboost|p2a: Bad guy|spa|1
|replace|p2a: Introvertid|Zoroark-Hisui, M
|-end|p2a: Introvertid|Illusion
|
|-heal|p2a: Introvertid|40/100|[from] item: Leftovers
|upkeep
|turn|13
|
|t:|1776353375
|move|p2a: Introvertid|Sludge Bomb|p1a: Clefable
|-supereffective|p1a: Clefable
|-damage|p1a: Clefable|10/100
|move|p1a: Clefable|Moonblast|p2a: Introvertid
|-damage|p2a: Introvertid|0 fnt
|faint|p2a: Introvertid
|
|upkeep
|
|t:|1776353384
|switch|p2a: Therian|Landorus-Therian, M|100/100
|-ability|p2a: Therian|Intimidate|boost
|-unboost|p1a: Clefable|atk|1
|turn|14
|
|t:|1776353394
|move|p2a: Therian|Psychic|p1a: Clefable
|-damage|p1a: Clefable|0 fnt
|faint|p1a: Clefable
|
|upkeep
|
|t:|1776353401
|switch|p1a: Kingambit|Kingambit, F|100/100
|-damage|p1a: Kingambit|95/100|[from] Stealth Rock
|-damage|p1a: Kingambit|82/100|[from] Spikes
|turn|15
|
|t:|1776353408
|move|p2a: Therian|Earthquake|p1a: Kingambit
|-supereffective|p1a: Kingambit
|-damage|p1a: Kingambit|0 fnt
|faint|p1a: Kingambit
|
|upkeep
|
|t:|1776353414
|switch|p1a: Charizard|Charizard, M|100/100
|-damage|p1a: Charizard|50/100|[from] Stealth Rock
|-item|p1a: Charizard|Air Balloon
|turn|16
|
|t:|1776353423
|-terastallize|p1a: Charizard|Fire
|move|p2a: Therian|Psychic|p1a: Charizard
|-damage|p1a: Charizard|27/100
|-enditem|p1a: Charizard|Air Balloon
|move|p1a: Charizard|Fire Blast|p2a: Therian
|-damage|p2a: Therian|0 fnt
|faint|p2a: Therian
|
|upkeep
|
|t:|1776353435
|switch|p2a: Wall of China|Garganacl, F, shiny|100/100
|-damage|p2a: Wall of China|88/100|[from] Stealth Rock
|-damage|p2a: Wall of China|76/100|[from] Spikes
|turn|17
|
|t:|1776353443
|move|p1a: Charizard|Fire Blast|p2a: Wall of China
|-resisted|p2a: Wall of China
|-damage|p2a: Wall of China|35/100
|move|p2a: Wall of China|Salt Cure|p1a: Charizard
|-supereffective|p1a: Charizard
|-damage|p1a: Charizard|0 fnt
|faint|p1a: Charizard
|
|win|magrezagames
|raw|The_big_roacher's rating: 1040 &rarr; <strong>1024</strong><br />(-16 for losing)
|raw|magrezagames's rating: 1032 &rarr; <strong>1068</strong><br />(+36 for winning)
