|html|<div class="broadcast-blue"><strong>[Gen 9] OU is currently suspecting Tera Blast! For information on how to participate check out the <a href="https://www.smogon.com/tools/suspects/view/200">suspect thread</a>.</strong></div>
|j|☆thaiido
|j|☆trill03
|t:|1776087631
|gametype|singles
|player|p1|thaiido|benga|1181
|player|p2|trill03|hugh|1189
|gen|9
|tier|[Gen 9] OU
|rated|
|rule|HP Percentage Mod: HP is shown in percentages
|rule|Endless Battle Clause: Forcing endless battles is banned
|rule|Species Clause: Limit one of each Pokémon
|rule|OHKO Clause: OHKO moves are banned
|rule|Evasion Items Clause: Evasion items are banned
|rule|Evasion Moves Clause: Evasion moves are banned
|rule|Evasion Abilities Clause: Evasion abilities are banned
|rule|Sleep Moves Clause: Sleep-inducing moves are banned
|clearpoke
|poke|p1|Torkoal, F|
|poke|p1|Iron Moth|
|poke|p1|Great Tusk|
|poke|p1|Raging Bolt|
|poke|p1|Scream Tail|
|poke|p1|Arcanine-Hisui, M|
|poke|p2|Zoroark-Hisui, M|
|poke|p2|Golem-Alola, M|
|poke|p2|Talonflame, M|
|poke|p2|Politoed, M|
|poke|p2|Great Tusk|
|poke|p2|Scizor, M|
|teampreview
|j| ohko_smeargle
|inactive|Battle timer is ON: inactive players will automatically lose when time's up. (requested by thaiido)
|
|t:|1776087656
|teamsize|p1|6
|teamsize|p2|6
|start
|switch|p1a: Raging Bolt|Raging Bolt|100/100
|switch|p2a: Golem|Golem-Alola, M, shiny|100/100
|turn|1
|
|t:|1776087670
|-terastallize|p1a: Raging Bolt|Flying
|move|p1a: Raging Bolt|Draco Meteor|p2a: Golem
|-ability|p2a: Golem|Sturdy
|-damage|p2a: Golem|1/100
|-unboost|p1a: Raging Bolt|spa|2
|-damage|p1a: Raging Bolt|91/100|[from] item: Life Orb
|move|p2a: Golem|Stealth Rock|p1a: Raging Bolt
|-sidestart|p1: thaiido|move: Stealth Rock
|
|upkeep
|turn|2
|-enditem|p2a: Golem|Custap Berry|[eat]
|-activate|p2a: Golem|item: Custap Berry|[consumed]
|
|t:|1776087681
|move|p1a: Raging Bolt|Thunderclap|p2a: Golem
|-resisted|p2a: Golem
|-damage|p2a: Golem|0 fnt
|faint|p2a: Golem
|-damage|p1a: Raging Bolt|81/100|[from] item: Life Orb
|
|upkeep
|
|t:|1776087700
|switch|p2a: Scizor|Scizor, M, shiny|100/100
|turn|3
|
|t:|1776087703
|-end|p1a: Raging Bolt|Protosynthesis|[silent]
|switch|p1a: Torkoal|Torkoal, F, shiny|100/100
|-damage|p1a: Torkoal|76/100|[from] Stealth Rock
|-weather|SunnyDay|[from] ability: Drought|[of] p1a: Torkoal
|move|p2a: Scizor|Swords Dance|p2a: Scizor
|-boost|p2a: Scizor|atk|2
|
|-weather|SunnyDay|[upkeep]
|upkeep
|turn|4
|
|t:|1776087711
|move|p2a: Scizor|Knock Off|p1a: Torkoal
|-crit|p1a: Torkoal
|-damage|p1a: Torkoal|0 fnt
|-enditem|p1a: Torkoal|Heat Rock|[from] move: Knock Off|[of] p2a: Scizor
|faint|p1a: Torkoal
|-damage|p2a: Scizor|91/100|[from] item: Life Orb
|
|-weather|SunnyDay|[upkeep]
|upkeep
|
|t:|1776087723
|switch|p1a: Arcanine|Arcanine-Hisui, M, shiny|100/100
|-damage|p1a: Arcanine|76/100|[from] Stealth Rock
|turn|5
|
|t:|1776087735
|move|p2a: Scizor|Bullet Punch|p1a: Arcanine
|-damage|p1a: Arcanine|0 fnt
|faint|p1a: Arcanine
|-damage|p2a: Scizor|81/100|[from] item: Life Orb
|
|-weather|SunnyDay|[upkeep]
|upkeep
|
|t:|1776087747
|switch|p1a: Great Tusk|Great Tusk, shiny|100/100
|-damage|p1a: Great Tusk|98/100|[from] Stealth Rock
|-activate|p1a: Great Tusk|ability: Protosynthesis
|-start|p1a: Great Tusk|protosynthesisatk
|turn|6
|
|t:|1776087758
|move|p2a: Scizor|Bullet Punch|p1a: Great Tusk
|-damage|p1a: Great Tusk|34/100
|-damage|p2a: Scizor|71/100|[from] item: Life Orb
|move|p1a: Great Tusk|Rapid Spin|p2a: Scizor
|-resisted|p2a: Scizor
|-damage|p2a: Scizor|59/100
|-boost|p1a: Great Tusk|spe|1
|-sideend|p1: thaiido|Stealth Rock|[from] move: Rapid Spin|[of] p1a: Great Tusk
|
|-weather|SunnyDay|[upkeep]
|-heal|p1a: Great Tusk|40/100|[from] item: Leftovers
|upkeep
|turn|7
|
|t:|1776087767
|move|p2a: Scizor|Bullet Punch|p1a: Great Tusk
|-damage|p1a: Great Tusk|0 fnt
|faint|p1a: Great Tusk
|-end|p1a: Great Tusk|Protosynthesis|[silent]
|-damage|p2a: Scizor|49/100|[from] item: Life Orb
|
|-weather|SunnyDay|[upkeep]
|upkeep
|-message|thaiido forfeited.
|
|win|trill03
|raw|thaiido's rating: 1181 &rarr; <strong>1157</strong><br />(-24 for losing)
|raw|trill03's rating: 1189 &rarr; <strong>1213</strong><br />(+24 for winning)
|l|☆thaiido
|player|p1|
|l| ohko_smeargle
|l|☆trill03
|player|p2|
