|html|<div class="broadcast-blue"><strong>[Gen 9] OU is currently suspecting Tera Blast! For information on how to participate check out the <a href="https://www.smogon.com/tools/suspects/view/200">suspect thread</a>.</strong></div>
|j|☆cecestar
|j|☆Kantola
|t:|1776253333
|gametype|singles
|player|p1|cecestar|cynthia-gen4|
|player|p2|Kantola|266|
|gen|9
|tier|[Gen 9] OU
|rule|HP Percentage Mod: HP is shown in percentages
|rule|Endless Battle Clause: Forcing endless battles is banned
|rule|Species Clause: Limit one of each Pokémon
|rule|OHKO Clause: OHKO moves are banned
|rule|Evasion Items Clause: Evasion items are banned
|rule|Evasion Moves Clause: Evasion moves are banned
|rule|Evasion Abilities Clause: Evasion abilities are banned
|rule|Sleep Moves Clause: Sleep-inducing moves are banned
|clearpoke
|poke|p1|Samurott-Hisui, F|
|poke|p1|Garchomp, F|
|poke|p1|Iron Moth|
|poke|p1|Clodsire, F|
|poke|p1|Ceruledge, F|
|poke|p1|Skarmory, F|
|poke|p2|Pelipper, F|
|poke|p2|Kingdra, M|
|poke|p2|Great Tusk|
|poke|p2|Amoonguss, F|
|poke|p2|Zapdos|
|poke|p2|Basculegion, M|
|teampreview
|c|☆cecestar|vpn?
|c|☆cecestar|where tf is bro
|
|t:|1776253379
|teamsize|p1|6
|teamsize|p2|6
|start
|switch|p1a: Lila|Samurott-Hisui, F|100/100
|switch|p2a: Pelipper|Pelipper, F, shiny|100/100
|-weather|RainDance|[from] ability: Drizzle|[of] p2a: Pelipper
|turn|1
|
|t:|1776253387
|move|p1a: Lila|Ceaseless Edge|p2a: Pelipper
|-damage|p2a: Pelipper|66/100
|-sidestart|p2: Kantola|Spikes
|move|p2a: Pelipper|U-turn|p1a: Lila
|-supereffective|p1a: Lila
|-damage|p1a: Lila|82/100
|
|t:|1776253395
|switch|p2a: Great Tusk|Great Tusk|100/100|[from] U-turn
|
|-weather|RainDance|[upkeep]
|upkeep
|turn|2
|
|t:|1776253408
|move|p2a: Great Tusk|Headlong Rush|p1a: Lila
|-damage|p1a: Lila|11/100
|-unboost|p2a: Great Tusk|def|1
|-unboost|p2a: Great Tusk|spd|1
|move|p1a: Lila|Aqua Cutter|p2a: Great Tusk
|-supereffective|p2a: Great Tusk
|-damage|p2a: Great Tusk|0 fnt
|faint|p2a: Great Tusk
|-end|p2a: Great Tusk|Protosynthesis|[silent]
|
|-weather|RainDance|[upkeep]
|upkeep
|c|☆cecestar|muahahahaqa
|
|t:|1776253431
|switch|p2a: Kingdra|Kingdra, M|100/100
|-damage|p2a: Kingdra|88/100|[from] Spikes
|turn|3
|
|t:|1776253437
|-terastallize|p2a: Kingdra|Water
|move|p1a: Lila|Sucker Punch|p2a: Kingdra
|-crit|p2a: Kingdra
|-damage|p2a: Kingdra|36/100
|move|p2a: Kingdra|Weather Ball|p1a: Lila
|-resisted|p1a: Lila
|-damage|p1a: Lila|0 fnt
|faint|p1a: Lila
|
|-weather|RainDance|[upkeep]
|upkeep
|
|t:|1776253455
|switch|p1a: Lillie|Skarmory, F|100/100
|turn|4
|
|t:|1776253465
|move|p2a: Kingdra|Weather Ball|p1a: Lillie
|-ability|p1a: Lillie|Sturdy
|-damage|p1a: Lillie|1/100
|move|p1a: Lillie|Stealth Rock|p2a: Kingdra
|-sidestart|p2: Kantola|move: Stealth Rock
|
|-weather|RainDance|[upkeep]
|upkeep
|turn|5
|c|☆cecestar|wtf is that
|
|t:|1776253480
|move|p2a: Kingdra|Weather Ball|p1a: Lillie
|-damage|p1a: Lillie|0 fnt
|faint|p1a: Lillie
|
|-weather|RainDance|[upkeep]
|upkeep
|
|t:|1776253486
|switch|p1a: Luna|Ceruledge, F|100/100
|turn|6
|
|t:|1776253491
|move|p1a: Luna|Shadow Sneak|p2a: Kingdra
|-damage|p2a: Kingdra|2/100
|-damage|p1a: Luna|91/100|[from] item: Life Orb
|move|p2a: Kingdra|Weather Ball|p1a: Luna
|-supereffective|p1a: Luna
|-damage|p1a: Luna|0 fnt
|faint|p1a: Luna
|
|-weather|RainDance|[upkeep]
|upkeep
|
|t:|1776253504
|switch|p1a: Bertha|Clodsire, F, shiny|100/100
|turn|7
|
|t:|1776253509
|move|p2a: Kingdra|Weather Ball|p1a: Bertha
|-supereffective|p1a: Bertha
|-damage|p1a: Bertha|0 fnt
|faint|p1a: Bertha
|
|-weather|RainDance|[upkeep]
|upkeep
|
|t:|1776253511
|switch|p1a: Aria|Garchomp, F|100/100
|turn|8
|
|t:|1776253523
|move|p2a: Kingdra|Weather Ball|p1a: Aria
|-damage|p1a: Aria|0 fnt
|faint|p1a: Aria
|
|-weather|none
|upkeep
|
|t:|1776253527
|switch|p1a: Atlas|Iron Moth|100/100
|-enditem|p1a: Atlas|Booster Energy
|-activate|p1a: Atlas|ability: Quark Drive|[fromitem]
|-start|p1a: Atlas|quarkdrivespe
|turn|9
|
|t:|1776253534
|-terastallize|p1a: Atlas|Grass
|move|p1a: Atlas|Energy Ball|p2a: Kingdra
|-supereffective|p2a: Kingdra
|-damage|p2a: Kingdra|0 fnt
|faint|p2a: Kingdra
|
|upkeep
|
|t:|1776253543
|switch|p2a: Amoonguss|Amoonguss, F|100/100
|-damage|p2a: Amoonguss|88/100|[from] Spikes
|-damage|p2a: Amoonguss|76/100|[from] Stealth Rock
|turn|10
|
|t:|1776253547
|move|p1a: Atlas|Fiery Dance|p2a: Amoonguss
|-supereffective|p2a: Amoonguss
|-damage|p2a: Amoonguss|0 fnt
|faint|p2a: Amoonguss
|
|upkeep
|
|t:|1776253554
|switch|p2a: Pelipper|Pelipper, F, shiny|66/100
|-damage|p2a: Pelipper|41/100|[from] Stealth Rock
|-weather|RainDance|[from] ability: Drizzle|[of] p2a: Pelipper
|turn|11
|
|t:|1776253563
|move|p1a: Atlas|Sludge Wave|p2a: Pelipper
|-damage|p2a: Pelipper|0 fnt
|faint|p2a: Pelipper
|
|-weather|RainDance|[upkeep]
|upkeep
|
|t:|1776253575
|switch|p2a: Basculegion|Basculegion, M|100/100
|-damage|p2a: Basculegion|88/100|[from] Spikes
|-damage|p2a: Basculegion|76/100|[from] Stealth Rock
|turn|12
|
|t:|1776253580
|move|p1a: Atlas|Energy Ball|p2a: Basculegion
|-supereffective|p2a: Basculegion
|-damage|p2a: Basculegion|0 fnt
|faint|p2a: Basculegion
|
|-weather|RainDance|[upkeep]
|upkeep
|
|t:|1776253583
|switch|p2a: Zapdos|Zapdos|100/100
|-damage|p2a: Zapdos|76/100|[from] Stealth Rock
|turn|13
|
|t:|1776253589
|move|p1a: Atlas|Sludge Wave|p2a: Zapdos
|-damage|p2a: Zapdos|35/100
|move|p2a: Zapdos|Hurricane|p1a: Atlas
|-supereffective|p1a: Atlas
|-damage|p1a: Atlas|0 fnt
|faint|p1a: Atlas
|-end|p1a: Atlas|Quark Drive|[silent]
|
|win|Kantola
|c|☆cecestar|daheeel
