|html|<div class="broadcast-blue"><strong>[Gen 9] OU is currently suspecting Tera Blast! For information on how to participate check out the <a href="https://www.smogon.com/tools/suspects/view/200">suspect thread</a>.</strong></div>
|j|☆BIG BIMBI
|j|☆breakway
|t:|1776339436
|gametype|singles
|player|p1|BIG BIMBI|silver|1154
|player|p2|breakway|red|1127
|gen|9
|tier|[Gen 9] OU
|rated|
|rule|HP Percentage Mod: HP is shown in percentages
|rule|Endless Battle Clause: Forcing endless battles is banned
|rule|Species Clause: Limit one of each Pokémon
|rule|OHKO Clause: OHKO moves are banned
|rule|Evasion Items Clause: Evasion items are banned
|rule|Evasion Moves Clause: Evasion moves are banned
|rule|Evasion Abilities Clause: Evasion abilities are banned
|rule|Sleep Moves Clause: Sleep-inducing moves are banned
|clearpoke
|poke|p1|Clefable, F|
|poke|p1|Kingambit, M|
|poke|p1|Ceruledge, M|
|poke|p1|Clodsire, F|
|poke|p1|Azumarill, F|
|poke|p1|Darkrai|
|poke|p2|Noivern, F|
|poke|p2|Hitmontop, M|
|poke|p2|Arcanine-Hisui, M|
|poke|p2|Sceptile, F|
|poke|p2|Azumarill, M|
|poke|p2|Iron Treads|
|teampreview
|
|t:|1776339446
|teamsize|p1|6
|teamsize|p2|6
|start
|switch|p1a: Clodsire|Clodsire, F|100/100
|switch|p2a: Noivern|Noivern, F|100/100
|-item|p1a: Clodsire|Leftovers|[from] ability: Frisk|[of] p2a: Noivern
|turn|1
|
|t:|1776339457
|move|p2a: Noivern|Boomburst|p1a: Clodsire
|-damage|p1a: Clodsire|77/100
|-enditem|p2a: Noivern|Throat Spray
|-boost|p2a: Noivern|spa|1|[from] item: Throat Spray
|move|p1a: Clodsire|Stealth Rock|p2a: Noivern
|-sidestart|p2: breakway|move: Stealth Rock
|
|-heal|p1a: Clodsire|84/100|[from] item: Leftovers
|upkeep
|turn|2
|
|t:|1776339467
|-terastallize|p2a: Noivern|Flying
|move|p2a: Noivern|Air Slash|p1a: Clodsire
|-crit|p1a: Clodsire
|-damage|p1a: Clodsire|50/100
|cant|p1a: Clodsire|flinch
|
|-heal|p1a: Clodsire|56/100|[from] item: Leftovers
|upkeep
|turn|3
|
|t:|1776339476
|move|p2a: Noivern|Air Slash|p1a: Clodsire
|-damage|p1a: Clodsire|35/100
|move|p1a: Clodsire|Toxic|p2a: Noivern
|-status|p2a: Noivern|tox
|
|-heal|p1a: Clodsire|41/100|[from] item: Leftovers
|-damage|p2a: Noivern|94/100 tox|[from] psn
|upkeep
|turn|4
|
|t:|1776339485
|move|p2a: Noivern|Air Slash|p1a: Clodsire
|-crit|p1a: Clodsire
|-damage|p1a: Clodsire|10/100
|cant|p1a: Clodsire|flinch
|
|-heal|p1a: Clodsire|16/100|[from] item: Leftovers
|-damage|p2a: Noivern|82/100 tox|[from] psn
|upkeep
|turn|5
|
|t:|1776339496
|move|p2a: Noivern|Air Slash|p1a: Clodsire
|-damage|p1a: Clodsire|0 fnt
|faint|p1a: Clodsire
|
|-damage|p2a: Noivern|64/100 tox|[from] psn
|upkeep
|
|t:|1776339514
|switch|p1a: Darkrai|Darkrai|100/100
|turn|6
|
|t:|1776339521
|move|p2a: Noivern|Air Slash|p1a: Darkrai
|-damage|p1a: Darkrai|18/100
|move|p1a: Darkrai|Nasty Plot|p1a: Darkrai
|-boost|p1a: Darkrai|spa|2
|
|-damage|p2a: Noivern|39/100 tox|[from] psn
|upkeep
|turn|7
|
|t:|1776339530
|move|p2a: Noivern|Air Slash|p1a: Darkrai
|-damage|p1a: Darkrai|0 fnt
|faint|p1a: Darkrai
|
|-damage|p2a: Noivern|9/100 tox|[from] psn
|upkeep
|
|t:|1776339537
|switch|p1a: Ceruledge|Ceruledge, M, shiny|100/100
|turn|8
|
|t:|1776339544
|move|p2a: Noivern|Air Slash|p1a: Ceruledge
|-damage|p1a: Ceruledge|23/100
|move|p1a: Ceruledge|Swords Dance|p1a: Ceruledge
|-boost|p1a: Ceruledge|atk|2
|
|-damage|p2a: Noivern|0 fnt|[from] psn
|faint|p2a: Noivern
|upkeep
|
|t:|1776339576
|switch|p2a: Azumarill|Azumarill, M|100/100
|-damage|p2a: Azumarill|88/100|[from] Stealth Rock
|turn|9
|
|t:|1776339585
|move|p2a: Azumarill|Aqua Jet|p1a: Ceruledge
|-supereffective|p1a: Ceruledge
|-damage|p1a: Ceruledge|0 fnt
|faint|p1a: Ceruledge
|
|upkeep
|
|t:|1776339594
|switch|p1a: Azumarill|Azumarill, F|100/100
|turn|10
|
|t:|1776339598
|move|p1a: Azumarill|Substitute|p1a: Azumarill
|-start|p1a: Azumarill|Substitute
|-damage|p1a: Azumarill|75/100
|move|p2a: Azumarill|Trailblaze|p1a: Azumarill
|-supereffective|p1a: Azumarill
|-end|p1a: Azumarill|Substitute
|-boost|p2a: Azumarill|spe|1
|
|-heal|p1a: Azumarill|82/100|[from] item: Leftovers
|upkeep
|turn|11
|
|t:|1776339614
|move|p2a: Azumarill|Trailblaze|p1a: Azumarill
|-supereffective|p1a: Azumarill
|-damage|p1a: Azumarill|39/100
|-boost|p2a: Azumarill|spe|1
|move|p1a: Azumarill|Belly Drum||[still]
|-fail|p1a: Azumarill
|
|-heal|p1a: Azumarill|45/100|[from] item: Leftovers
|upkeep
|turn|12
|
|t:|1776339625
|move|p2a: Azumarill|Belly Drum|p2a: Azumarill
|-damage|p2a: Azumarill|38/100
|-setboost|p2a: Azumarill|atk|6|[from] move: Belly Drum
|-enditem|p2a: Azumarill|Sitrus Berry|[eat]
|-heal|p2a: Azumarill|63/100|[from] item: Sitrus Berry
|move|p1a: Azumarill|Body Slam|p2a: Azumarill
|-damage|p2a: Azumarill|29/100
|-status|p2a: Azumarill|par
|
|-heal|p1a: Azumarill|51/100|[from] item: Leftovers
|upkeep
|turn|13
|
|t:|1776339640
|move|p2a: Azumarill|Aqua Jet|p1a: Azumarill
|-resisted|p1a: Azumarill
|-damage|p1a: Azumarill|0 fnt
|faint|p1a: Azumarill
|
|upkeep
|
|t:|1776339646
|switch|p1a: Clefable|Clefable, F, shiny|100/100
|turn|14
|
|t:|1776339650
|cant|p2a: Azumarill|par
|move|p1a: Clefable|Moonblast|p2a: Azumarill
|-damage|p2a: Azumarill|0 fnt
|faint|p2a: Azumarill
|
|upkeep
|
|t:|1776339663
|switch|p2a: Arcanine|Arcanine-Hisui, M|100/100
|-damage|p2a: Arcanine|76/100|[from] Stealth Rock
|-ability|p2a: Arcanine|Intimidate|boost
|-unboost|p1a: Clefable|atk|1
|turn|15
|
|t:|1776339669
|move|p2a: Arcanine|Flare Blitz|p1a: Clefable
|-damage|p1a: Clefable|46/100
|-damage|p2a: Arcanine|58/100|[from] Recoil
|move|p1a: Clefable|Calm Mind|p1a: Clefable
|-boost|p1a: Clefable|spa|1
|-boost|p1a: Clefable|spd|1
|
|upkeep
|turn|16
|
|t:|1776339677
|move|p2a: Arcanine|Flare Blitz|p1a: Clefable
|-damage|p1a: Clefable|0 fnt
|faint|p1a: Clefable
|-damage|p2a: Arcanine|43/100|[from] Recoil
|
|upkeep
|
|t:|1776339682
|switch|p1a: Kingambit|Kingambit, M|100/100
|-activate|p1a: Kingambit|ability: Supreme Overlord
|-start|p1a: Kingambit|fallen5|[silent]
|turn|17
|
|t:|1776339688
|-terastallize|p1a: Kingambit|Dark
|move|p1a: Kingambit|Sucker Punch|p2a: Arcanine
|-damage|p2a: Arcanine|0 fnt
|faint|p2a: Arcanine
|
|upkeep
|
|t:|1776339700
|switch|p2a: Hitmontop|Hitmontop, M|100/100
|-damage|p2a: Hitmontop|94/100|[from] Stealth Rock
|turn|18
|
|t:|1776339707
|move|p2a: Hitmontop|Fake Out|p1a: Kingambit
|-damage|p1a: Kingambit|88/100
|cant|p1a: Kingambit|flinch
|
|upkeep
|turn|19
|
|t:|1776339713
|move|p2a: Hitmontop|Mach Punch|p1a: Kingambit
|-supereffective|p1a: Kingambit
|-damage|p1a: Kingambit|49/100
|move|p1a: Kingambit|Swords Dance|p1a: Kingambit
|-boost|p1a: Kingambit|atk|2
|
|upkeep
|turn|20
|
|t:|1776339719
|move|p2a: Hitmontop|Mach Punch|p1a: Kingambit
|-supereffective|p1a: Kingambit
|-damage|p1a: Kingambit|7/100
|move|p1a: Kingambit|Sucker Punch||[still]
|-fail|p1a: Kingambit
|
|upkeep
|turn|21
|
|t:|1776339726
|move|p2a: Hitmontop|Mach Punch|p1a: Kingambit
|-supereffective|p1a: Kingambit
|-damage|p1a: Kingambit|0 fnt
|faint|p1a: Kingambit
|-end|p1a: Kingambit|fallen5|[silent]
|
|win|breakway
|raw|BIG BIMBI's rating: 1154 &rarr; <strong>1127</strong><br />(-27 for losing)
|raw|breakway's rating: 1127 &rarr; <strong>1154</strong><br />(+27 for winning)
|c|☆breakway|Haha
|l|☆BIG BIMBI
|player|p1|
