|html|<div class="broadcast-blue"><strong>[Gen 9] OU is currently suspecting Tera Blast! For information on how to participate check out the <a href="https://www.smogon.com/tools/suspects/view/200">suspect thread</a>.</strong></div>
|j|☆drop a baby
|j|☆a jellyfish
|t:|1776036552
|gametype|singles
|player|p1|drop a baby|chase|1759
|player|p2|a jellyfish|bianca|1779
|gen|9
|tier|[Gen 9] OU
|rated|
|rule|HP Percentage Mod: HP is shown in percentages
|rule|Endless Battle Clause: Forcing endless battles is banned
|rule|Species Clause: Limit one of each Pokémon
|rule|OHKO Clause: OHKO moves are banned
|rule|Evasion Items Clause: Evasion items are banned
|rule|Evasion Moves Clause: Evasion moves are banned
|rule|Evasion Abilities Clause: Evasion abilities are banned
|rule|Sleep Moves Clause: Sleep-inducing moves are banned
|clearpoke
|poke|p1|Darkrai|
|poke|p1|Deoxys-Speed|
|poke|p1|Raging Bolt|
|poke|p1|Kingambit, M|
|poke|p1|Iron Valiant|
|poke|p1|Great Tusk|
|poke|p2|Raging Bolt|
|poke|p2|Zamazenta-*|
|poke|p2|Dragonite, F|
|poke|p2|Samurott-Hisui, M|
|poke|p2|Deoxys-Speed|
|poke|p2|Hatterene, F|
|teampreview
|inactive|Battle timer is ON: inactive players will automatically lose when time's up. (requested by a jellyfish)
|c|☆a jellyfish|hello again drop a baby
|c|☆drop a baby|Hey
|c|☆drop a baby|Hf
|c|☆a jellyfish|have fun
|inactive|drop a baby has 120 seconds left.
|
|t:|1776036582
|teamsize|p1|6
|teamsize|p2|6
|start
|switch|p1a: Speedy Gonzales|Deoxys-Speed, shiny|100/100
|switch|p2a: Deoxys|Deoxys-Speed, shiny|100/100
|-ability|p1a: Speedy Gonzales|Pressure
|-ability|p2a: Deoxys|Pressure
|turn|1
|
|t:|1776036601
|move|p1a: Speedy Gonzales|Taunt|p2a: Deoxys
|-start|p2a: Deoxys|move: Taunt
|cant|p2a: Deoxys|move: Taunt|Reflect
|
|upkeep
|turn|2
|
|t:|1776036607
|switch|p1a: Hito no mi Model⚡️|Raging Bolt|100/100
|-enditem|p1a: Hito no mi Model⚡️|Booster Energy
|-activate|p1a: Hito no mi Model⚡️|ability: Protosynthesis|[fromitem]
|-start|p1a: Hito no mi Model⚡️|protosynthesisspa
|switch|p2a: Samurott|Samurott-Hisui, M|100/100
|
|upkeep
|turn|3
|
|t:|1776036612
|move|p2a: Samurott|Swords Dance|p2a: Samurott
|-boost|p2a: Samurott|atk|2
|move|p1a: Hito no mi Model⚡️|Calm Mind|p1a: Hito no mi Model⚡️
|-boost|p1a: Hito no mi Model⚡️|spa|1
|-boost|p1a: Hito no mi Model⚡️|spd|1
|
|upkeep
|turn|4
|
|t:|1776036620
|move|p2a: Samurott|Ceaseless Edge|p1a: Hito no mi Model⚡️
|-damage|p1a: Hito no mi Model⚡️|17/100
|-sidestart|p1: drop a baby|Spikes
|move|p1a: Hito no mi Model⚡️|Thunderbolt|p2a: Samurott
|-supereffective|p2a: Samurott
|-damage|p2a: Samurott|0 fnt
|faint|p2a: Samurott
|
|upkeep
|
|t:|1776036626
|switch|p2a: Dragonite|Dragonite, F, shiny|100/100
|turn|5
|
|t:|1776036631
|move|p2a: Dragonite|Extreme Speed|p1a: Hito no mi Model⚡️
|-damage|p1a: Hito no mi Model⚡️|0 fnt
|faint|p1a: Hito no mi Model⚡️
|-end|p1a: Hito no mi Model⚡️|Protosynthesis|[silent]
|
|upkeep
|j| Sprakenheit
|
|t:|1776036633
|switch|p1a: BROTD|Great Tusk, shiny|100/100
|-damage|p1a: BROTD|88/100|[from] Spikes
|-enditem|p1a: BROTD|Booster Energy
|-activate|p1a: BROTD|ability: Protosynthesis|[fromitem]
|-start|p1a: BROTD|protosynthesisspe
|turn|6
|
|t:|1776036639
|move|p1a: BROTD|Bulk Up|p1a: BROTD
|-boost|p1a: BROTD|atk|1
|-boost|p1a: BROTD|def|1
|move|p2a: Dragonite|Outrage|p1a: BROTD
|-damage|p1a: BROTD|57/100
|
|upkeep
|turn|7
|
|t:|1776036647
|move|p1a: BROTD|Bulk Up|p1a: BROTD
|-boost|p1a: BROTD|atk|1
|-boost|p1a: BROTD|def|1
|move|p2a: Dragonite|Outrage|p1a: BROTD|[from] lockedmove
|-crit|p1a: BROTD
|-damage|p1a: BROTD|0 fnt
|faint|p1a: BROTD
|-end|p1a: BROTD|Protosynthesis|[silent]
|-start|p2a: Dragonite|confusion|[fatigue]
|
|upkeep
|
|t:|1776036649
|switch|p1a: IMU|Darkrai|100/100
|-damage|p1a: IMU|88/100|[from] Spikes
|turn|8
|
|t:|1776036652
|-activate|p2a: Dragonite|confusion
|-damage|p2a: Dragonite|85/100|[from] confusion
|move|p1a: IMU|Ice Beam|p2a: Dragonite
|-supereffective|p2a: Dragonite
|-damage|p2a: Dragonite|0 fnt
|faint|p2a: Dragonite
|
|upkeep
|
|t:|1776036657
|switch|p2a: Deoxys|Deoxys-Speed, shiny|100/100
|-ability|p2a: Deoxys|Pressure
|turn|9
|
|t:|1776036661
|move|p2a: Deoxys|Light Screen|p2a: Deoxys
|-sidestart|p2: a jellyfish|move: Light Screen
|move|p1a: IMU|Nasty Plot|p1a: IMU
|-boost|p1a: IMU|spa|2
|
|upkeep
|turn|10
|
|t:|1776036667
|switch|p2a: Zamazenta|Zamazenta|100/100
|-ability|p2a: Zamazenta|Dauntless Shield|boost
|-boost|p2a: Zamazenta|def|1
|move|p1a: IMU|Nasty Plot|p1a: IMU
|-boost|p1a: IMU|spa|2
|
|upkeep
|turn|11
|
|t:|1776036670
|switch|p1a: Speedy Gonzales|Deoxys-Speed, shiny|100/100
|-damage|p1a: Speedy Gonzales|88/100|[from] Spikes
|-ability|p1a: Speedy Gonzales|Pressure
|move|p2a: Zamazenta|Body Press|p1a: Speedy Gonzales
|-resisted|p1a: Speedy Gonzales
|-damage|p1a: Speedy Gonzales|47/100
|
|upkeep
|turn|12
|
|t:|1776036683
|switch|p1a: IMU|Darkrai|88/100
|-damage|p1a: IMU|76/100|[from] Spikes
|switch|p2a: Hatterene|Hatterene, F, shiny|100/100
|
|upkeep
|turn|13
|
|t:|1776036691
|switch|p2a: Zamazenta|Zamazenta|100/100
|move|p1a: IMU|Sludge Bomb|p2a: Zamazenta
|-damage|p2a: Zamazenta|88/100
|
|-heal|p2a: Zamazenta|94/100|[from] item: Leftovers
|upkeep
|turn|14
|
|t:|1776036699
|move|p2a: Zamazenta|Body Press|p1a: IMU
|-supereffective|p1a: IMU
|-damage|p1a: IMU|0 fnt
|faint|p1a: IMU
|
|-heal|p2a: Zamazenta|100/100|[from] item: Leftovers
|upkeep
|
|t:|1776036701
|switch|p1a: Speedy Gonzales|Deoxys-Speed, shiny|47/100
|-damage|p1a: Speedy Gonzales|34/100|[from] Spikes
|-ability|p1a: Speedy Gonzales|Pressure
|turn|15
|
|t:|1776036711
|switch|p2a: Hatterene|Hatterene, F, shiny|100/100
|move|p1a: Speedy Gonzales|Psycho Boost|p2a: Hatterene
|-resisted|p2a: Hatterene
|-damage|p2a: Hatterene|80/100
|-unboost|p1a: Speedy Gonzales|spa|2
|-damage|p1a: Speedy Gonzales|24/100|[from] item: Life Orb
|
|-heal|p2a: Hatterene|86/100|[from] item: Leftovers
|upkeep
|turn|16
|
|t:|1776036719
|switch|p1a: Mihawk|Kingambit, M|100/100
|-damage|p1a: Mihawk|88/100|[from] Spikes
|-activate|p1a: Mihawk|ability: Supreme Overlord
|-start|p1a: Mihawk|fallen3|[silent]
|move|p2a: Hatterene|Draining Kiss|p1a: Mihawk
|-damage|p1a: Mihawk|59/100
|-heal|p2a: Hatterene|100/100|[from] drain|[of] p1a: Mihawk
|
|-sideend|p2: a jellyfish|move: Light Screen
|upkeep
|turn|17
|
|t:|1776036722
|switch|p2a: Zamazenta|Zamazenta|100/100
|move|p1a: Mihawk|Iron Head|p2a: Zamazenta
|-damage|p2a: Zamazenta|53/100
|
|-heal|p2a: Zamazenta|59/100|[from] item: Leftovers
|upkeep
|turn|18
|
|t:|1776036729
|-end|p1a: Mihawk|fallen3|[silent]
|switch|p1a: Speedy Gonzales|Deoxys-Speed, shiny|24/100
|-damage|p1a: Speedy Gonzales|12/100|[from] Spikes
|-ability|p1a: Speedy Gonzales|Pressure
|move|p2a: Zamazenta|Body Press|p1a: Speedy Gonzales
|-resisted|p1a: Speedy Gonzales
|-damage|p1a: Speedy Gonzales|0 fnt
|faint|p1a: Speedy Gonzales
|
|-heal|p2a: Zamazenta|65/100|[from] item: Leftovers
|upkeep
|
|t:|1776036737
|switch|p1a: 🎭|Iron Valiant, shiny|100/100
|-damage|p1a: 🎭|88/100|[from] Spikes
|-enditem|p1a: 🎭|Booster Energy
|-activate|p1a: 🎭|ability: Quark Drive|[fromitem]
|-start|p1a: 🎭|quarkdrivespe
|turn|19
|
|t:|1776036742
|move|p1a: 🎭|Moonblast|p2a: Zamazenta
|-supereffective|p2a: Zamazenta
|-damage|p2a: Zamazenta|0 fnt
|faint|p2a: Zamazenta
|
|upkeep
|
|t:|1776036747
|switch|p2a: Raging Bolt|Raging Bolt|100/100
|-enditem|p2a: Raging Bolt|Booster Energy
|-activate|p2a: Raging Bolt|ability: Protosynthesis|[fromitem]
|-start|p2a: Raging Bolt|protosynthesisspa
|turn|20
|
|t:|1776036753
|-terastallize|p2a: Raging Bolt|Fairy
|move|p1a: 🎭|Moonblast|p2a: Raging Bolt
|-damage|p2a: Raging Bolt|57/100
|-unboost|p2a: Raging Bolt|spa|1
|move|p2a: Raging Bolt|Tera Blast|p1a: 🎭|[anim] Tera Blast Fairy
|-supereffective|p1a: 🎭
|-damage|p1a: 🎭|0 fnt
|faint|p1a: 🎭
|-end|p1a: 🎭|Quark Drive|[silent]
|
|upkeep
|
|t:|1776036761
|switch|p1a: Mihawk|Kingambit, M|59/100
|-damage|p1a: Mihawk|47/100|[from] Spikes
|-activate|p1a: Mihawk|ability: Supreme Overlord
|-start|p1a: Mihawk|fallen5|[silent]
|turn|21
|
|t:|1776036765
|move|p2a: Raging Bolt|Thunderbolt|p1a: Mihawk
|-damage|p1a: Mihawk|0 fnt
|faint|p1a: Mihawk
|-end|p1a: Mihawk|fallen5|[silent]
|
|win|a jellyfish
|raw|drop a baby's rating: 1759 &rarr; <strong>1740</strong><br />(-19 for losing)
|raw|a jellyfish's rating: 1779 &rarr; <strong>1798</strong><br />(+19 for winning)
|c|☆drop a baby|Gg
|c|☆a jellyfish|gg
|l|☆drop a baby
|player|p1|
|l|☆a jellyfish
|player|p2|
|l| Sprakenheit
