|html|<div class="broadcast-blue"><strong>[Gen 9] OU is currently suspecting Tera Blast! For information on how to participate check out the <a href="https://www.smogon.com/tools/suspects/view/200">suspect thread</a>.</strong></div>
|j|☆100860096tg
|j|☆Lyrick
|t:|1776057392
|gametype|singles
|player|p1|100860096tg|lucas|1081
|player|p2|Lyrick|101|1105
|gen|9
|tier|[Gen 9] OU
|rated|
|rule|HP Percentage Mod: HP is shown in percentages
|rule|Endless Battle Clause: Forcing endless battles is banned
|rule|Species Clause: Limit one of each Pokémon
|rule|OHKO Clause: OHKO moves are banned
|rule|Evasion Items Clause: Evasion items are banned
|rule|Evasion Moves Clause: Evasion moves are banned
|rule|Evasion Abilities Clause: Evasion abilities are banned
|rule|Sleep Moves Clause: Sleep-inducing moves are banned
|clearpoke
|poke|p1|Dragapult, F|
|poke|p1|Zamazenta-*|
|poke|p1|Talonflame, F|
|poke|p1|Meowscarada, F|
|poke|p1|Greninja-*, M|
|poke|p1|Iron Valiant|
|poke|p2|Zoroark-Hisui, M|
|poke|p2|Hoopa|
|poke|p2|Sableye, M|
|poke|p2|Tinkaton, F|
|poke|p2|Hatterene, F|
|poke|p2|Swadloon, F|
|teampreview
|inactive|Battle timer is ON: inactive players will automatically lose when time's up. (requested by 100860096tg)
|
|t:|1776057396
|teamsize|p1|6
|teamsize|p2|6
|start
|switch|p1a: Dragapult|Dragapult, F|100/100
|switch|p2a: Sableye|Sableye, M|100/100
|turn|1
|
|t:|1776057405
|move|p2a: Sableye|Reflect|p2a: Sableye
|-sidestart|p2: Lyrick|Reflect
|move|p1a: Dragapult|Dragon Pulse|p2a: Sableye
|-damage|p2a: Sableye|56/100
|-enditem|p2a: Sableye|Eject Button
|
|t:|1776057413
|switch|p2a: Hoopa|Hoopa|100/100
|
|upkeep
|turn|2
|
|t:|1776057419
|-terastallize|p1a: Dragapult|Ghost
|move|p1a: Dragapult|Shadow Ball|p2a: Hoopa
|-immune|p2a: Hoopa
|move|p2a: Hoopa|Bitter Malice|p1a: Dragapult
|-supereffective|p1a: Dragapult
|-damage|p1a: Dragapult|0 fnt
|faint|p1a: Dragapult
|-damage|p2a: Hoopa|91/100|[from] item: Life Orb
|
|upkeep
|
|t:|1776057428
|switch|p1a: Iron Valiant|Iron Valiant|100/100
|-enditem|p1a: Iron Valiant|Booster Energy
|-activate|p1a: Iron Valiant|ability: Quark Drive|[fromitem]
|-start|p1a: Iron Valiant|quarkdrivespe
|turn|3
|
|t:|1776057435
|move|p1a: Iron Valiant|Moonblast|p2a: Hoopa
|-damage|p2a: Hoopa|0 fnt
|replace|p2a: Zoroark|Zoroark-Hisui, M, shiny
|-end|p2a: Zoroark|Illusion
|faint|p2a: Zoroark
|
|upkeep
|
|t:|1776057441
|switch|p2a: Sableye|Sableye, M|56/100
|turn|4
|
|t:|1776057445
|move|p2a: Sableye|Light Screen|p2a: Sableye
|-sidestart|p2: Lyrick|move: Light Screen
|move|p1a: Iron Valiant|Moonblast|p2a: Sableye
|-supereffective|p2a: Sableye
|-damage|p2a: Sableye|0 fnt
|faint|p2a: Sableye
|
|upkeep
|
|t:|1776057454
|switch|p2a: Hoopa|Hoopa|100/100
|turn|5
|
|t:|1776057462
|move|p1a: Iron Valiant|Moonblast|p2a: Hoopa
|-damage|p2a: Hoopa|79/100
|move|p2a: Hoopa|Hyperspace Hole|p1a: Iron Valiant
|-supereffective|p1a: Iron Valiant
|-damage|p1a: Iron Valiant|0 fnt
|faint|p1a: Iron Valiant
|-end|p1a: Iron Valiant|Quark Drive|[silent]
|
|-sideend|p2: Lyrick|Reflect
|upkeep
|
|t:|1776057475
|switch|p1a: Greninja|Greninja, M|100/100
|turn|6
|
|t:|1776057480
|move|p1a: Greninja|Dark Pulse|p2a: Hoopa
|-start|p1a: Greninja|typechange|Dark|[from] ability: Protean
|-supereffective|p2a: Hoopa
|-damage|p2a: Hoopa|6/100
|-enditem|p2a: Hoopa|Salac Berry|[eat]
|-boost|p2a: Hoopa|spe|1|[from] item: Salac Berry
|move|p2a: Hoopa|Nasty Plot|p2a: Hoopa
|-boost|p2a: Hoopa|spa|2
|
|upkeep
|turn|7
|
|t:|1776057499
|move|p2a: Hoopa|Grass Knot|p1a: Greninja
|-damage|p1a: Greninja|26/100
|-item|p2a: Hoopa|Expert Belt|[from] ability: Magician|[of] p1a: Greninja
|move|p1a: Greninja|Dark Pulse|p2a: Hoopa
|-supereffective|p2a: Hoopa
|-damage|p2a: Hoopa|0 fnt
|faint|p2a: Hoopa
|
|upkeep
|
|t:|1776057513
|switch|p2a: Hatterene|Hatterene, F|100/100
|turn|8
|
|t:|1776057524
|move|p1a: Greninja|Surf|p2a: Hatterene
|-damage|p2a: Hatterene|87/100
|move|p2a: Hatterene|Trick Room|p2a: Hatterene
|-fieldstart|move: Trick Room|[of] p2a: Hatterene
|
|-sideend|p2: Lyrick|move: Light Screen
|upkeep
|turn|9
|inactive|100860096tg has 120 seconds left.
|
|t:|1776057560
|move|p2a: Hatterene|Calm Mind|p2a: Hatterene
|-boost|p2a: Hatterene|spa|1
|-boost|p2a: Hatterene|spd|1
|move|p1a: Greninja|Surf|p2a: Hatterene
|-damage|p2a: Hatterene|68/100
|
|upkeep
|turn|10
|inactive|100860096tg has 120 seconds left.
|
|t:|1776057571
|move|p2a: Hatterene|Calm Mind|p2a: Hatterene
|-boost|p2a: Hatterene|spa|1
|-boost|p2a: Hatterene|spd|1
|move|p1a: Greninja|Surf|p2a: Hatterene
|-damage|p2a: Hatterene|56/100
|
|upkeep
|turn|11
|
|t:|1776057577
|move|p2a: Hatterene|Draining Kiss|p1a: Greninja
|-supereffective|p1a: Greninja
|-damage|p1a: Greninja|0 fnt
|-heal|p2a: Hatterene|73/100|[from] drain|[of] p1a: Greninja
|faint|p1a: Greninja
|
|upkeep
|inactive|100860096tg has 120 seconds left.
|
|t:|1776057588
|switch|p1a: Zamazenta|Zamazenta|100/100
|-ability|p1a: Zamazenta|Dauntless Shield|boost
|-boost|p1a: Zamazenta|def|1
|turn|12
|
|t:|1776057592
|move|p2a: Hatterene|Draining Kiss|p1a: Zamazenta
|-supereffective|p1a: Zamazenta
|-damage|p1a: Zamazenta|21/100
|-heal|p2a: Hatterene|100/100|[from] drain|[of] p1a: Zamazenta
|move|p1a: Zamazenta|Iron Head|p2a: Hatterene
|-supereffective|p2a: Hatterene
|-damage|p2a: Hatterene|48/100
|-enditem|p2a: Hatterene|Weakness Policy
|-boost|p2a: Hatterene|atk|2|[from] item: Weakness Policy
|-boost|p2a: Hatterene|spa|2|[from] item: Weakness Policy
|
|-fieldend|move: Trick Room
|upkeep
|turn|13
|
|t:|1776057601
|-terastallize|p2a: Hatterene|Grass
|move|p1a: Zamazenta|Iron Head|p2a: Hatterene
|-damage|p2a: Hatterene|25/100
|move|p2a: Hatterene|Trick Room|p2a: Hatterene
|-fieldstart|move: Trick Room|[of] p2a: Hatterene
|
|upkeep
|turn|14
|
|t:|1776057607
|move|p2a: Hatterene|Draining Kiss|p1a: Zamazenta
|-supereffective|p1a: Zamazenta
|-damage|p1a: Zamazenta|0 fnt
|-heal|p2a: Hatterene|41/100|[from] drain|[of] p1a: Zamazenta
|faint|p1a: Zamazenta
|
|upkeep
|
|t:|1776057609
|switch|p1a: Talonflame|Talonflame, F|100/100
|turn|15
|
|t:|1776057614
|move|p2a: Hatterene|Stored Power|p1a: Talonflame
|-damage|p1a: Talonflame|0 fnt
|faint|p1a: Talonflame
|
|upkeep
|
|t:|1776057617
|switch|p1a: Meowscarada|Meowscarada, F|100/100
|turn|16
|
|t:|1776057621
|move|p2a: Hatterene|Draining Kiss|p1a: Meowscarada
|-supereffective|p1a: Meowscarada
|-damage|p1a: Meowscarada|0 fnt
|-heal|p2a: Hatterene|100/100|[from] drain|[of] p1a: Meowscarada
|faint|p1a: Meowscarada
|
|win|Lyrick
|raw|100860096tg's rating: 1081 &rarr; <strong>1060</strong><br />(-21 for losing)
|raw|Lyrick's rating: 1105 &rarr; <strong>1128</strong><br />(+23 for winning)
|l|☆100860096tg
|player|p1|
|l|☆Lyrick
|player|p2|
