|html|<div class="broadcast-blue"><strong>[Gen 9] OU is currently suspecting Tera Blast! For information on how to participate check out the <a href="https://www.smogon.com/tools/suspects/view/200">suspect thread</a>.</strong></div>
|j|☆Luxano59
|j|☆gengar6169
|t:|1776334243
|gametype|singles
|player|p1|Luxano59|riley|1066
|player|p2|gengar6169|169|1110
|gen|9
|tier|[Gen 9] OU
|rated|
|rule|HP Percentage Mod: HP is shown in percentages
|rule|Endless Battle Clause: Forcing endless battles is banned
|rule|Species Clause: Limit one of each Pokémon
|rule|OHKO Clause: OHKO moves are banned
|rule|Evasion Items Clause: Evasion items are banned
|rule|Evasion Moves Clause: Evasion moves are banned
|rule|Evasion Abilities Clause: Evasion abilities are banned
|rule|Sleep Moves Clause: Sleep-inducing moves are banned
|clearpoke
|poke|p1|Luxray, F|
|poke|p1|Arcanine, M|
|poke|p1|Garchomp, M|
|poke|p1|Gengar, M|
|poke|p1|Lilligant, F|
|poke|p1|Zoroark, M|
|poke|p2|Ninetales-Alola, F|
|poke|p2|Great Tusk|
|poke|p2|Gholdengo|
|poke|p2|Ogerpon-Wellspring, F|
|poke|p2|Kingambit, M|
|poke|p2|Dragonite, M|
|teampreview
|
|t:|1776334253
|teamsize|p1|6
|teamsize|p2|6
|start
|switch|p1a: ray|Luxray, F, shiny|100/100
|switch|p2a: Great Tusk|Great Tusk|100/100
|turn|1
|
|t:|1776334260
|switch|p1a: queen|Lilligant, F, shiny|100/100
|move|p2a: Great Tusk|Headlong Rush|p1a: queen
|-resisted|p1a: queen
|-damage|p1a: queen|51/100
|-unboost|p2a: Great Tusk|def|1
|-unboost|p2a: Great Tusk|spd|1
|
|upkeep
|turn|2
|
|t:|1776334270
|move|p1a: queen|Giga Drain|p2a: Great Tusk
|-supereffective|p2a: Great Tusk
|-enditem|p2a: Great Tusk|Focus Sash
|-damage|p2a: Great Tusk|1/100
|-heal|p1a: queen|100/100|[from] drain|[of] p2a: Great Tusk
|-damage|p1a: queen|91/100|[from] item: Life Orb
|move|p2a: Great Tusk|Stealth Rock|p1a: queen
|-sidestart|p1: Luxano59|move: Stealth Rock
|
|upkeep
|turn|3
|
|t:|1776334286
|move|p1a: queen|Giga Drain|p2a: Great Tusk
|-supereffective|p2a: Great Tusk
|-crit|p2a: Great Tusk
|-damage|p2a: Great Tusk|0 fnt
|-heal|p1a: queen|91/100|[from] drain|[of] p2a: Great Tusk
|faint|p2a: Great Tusk
|-end|p2a: Great Tusk|Protosynthesis|[silent]
|-damage|p1a: queen|81/100|[from] item: Life Orb
|
|upkeep
|inactive|Battle timer is ON: inactive players will automatically lose when time's up. (requested by Luxano59)
|
|t:|1776334316
|switch|p2a: Ninetales|Ninetales-Alola, F|100/100
|-weather|Snowscape|[from] ability: Snow Warning|[of] p2a: Ninetales
|turn|4
|
|t:|1776334333
|switch|p1a: fuka|Arcanine, M, shiny|100/100
|move|p2a: Ninetales|Aurora Veil|p2a: Ninetales
|-sidestart|p2: gengar6169|move: Aurora Veil
|
|-weather|Snowscape|[upkeep]
|upkeep
|turn|5
|
|t:|1776334345
|move|p2a: Ninetales|Moonblast|p1a: fuka
|-resisted|p1a: fuka
|-damage|p1a: fuka|84/100
|-unboost|p1a: fuka|spa|1
|move|p1a: fuka|Flare Blitz|p2a: Ninetales
|-supereffective|p2a: Ninetales
|-crit|p2a: Ninetales
|-damage|p2a: Ninetales|0 fnt
|faint|p2a: Ninetales
|-damage|p1a: fuka|48/100|[from] Recoil
|
|-weather|Snowscape|[upkeep]
|upkeep
|
|t:|1776334358
|switch|p2a: Ogerpon|Ogerpon-Wellspring, F|100/100
|turn|6
|
|t:|1776334362
|move|p1a: fuka|Extreme Speed|p2a: Ogerpon
|-damage|p2a: Ogerpon|85/100
|move|p2a: Ogerpon|Ivy Cudgel|p1a: fuka|[anim] Ivy Cudgel Water
|-supereffective|p1a: fuka
|-damage|p1a: fuka|0 fnt
|faint|p1a: fuka
|
|-weather|Snowscape|[upkeep]
|upkeep
|
|t:|1776334368
|switch|p1a: spooky|Gengar, M, shiny|100/100
|-damage|p1a: spooky|88/100|[from] Stealth Rock
|turn|7
|
|t:|1776334375
|move|p2a: Ogerpon|Swords Dance|p2a: Ogerpon
|-boost|p2a: Ogerpon|atk|2
|move|p1a: spooky|Sludge Wave|p2a: Ogerpon
|-supereffective|p2a: Ogerpon
|-damage|p2a: Ogerpon|0 fnt
|faint|p2a: Ogerpon
|
|-weather|Snowscape|[upkeep]
|upkeep
|
|t:|1776334387
|switch|p2a: Dragonite|Dragonite, M|100/100
|turn|8
|
|t:|1776334394
|move|p1a: spooky|Sludge Wave|p2a: Dragonite
|-damage|p2a: Dragonite|79/100
|-status|p2a: Dragonite|psn
|move|p2a: Dragonite|Dragon Dance|p2a: Dragonite
|-boost|p2a: Dragonite|atk|1
|-boost|p2a: Dragonite|spe|1
|
|-weather|none
|-damage|p2a: Dragonite|67/100 psn|[from] psn
|upkeep
|turn|9
|
|t:|1776334402
|move|p2a: Dragonite|Earthquake|p1a: spooky
|-supereffective|p1a: spooky
|-damage|p1a: spooky|0 fnt
|-start|p2a: Dragonite|Disable|Earthquake|[from] ability: Cursed Body|[of] p1a: spooky
|faint|p1a: spooky
|
|-damage|p2a: Dragonite|55/100 psn|[from] psn
|upkeep
|
|t:|1776334411
|switch|p1a: ray|Luxray, F, shiny|100/100
|-damage|p1a: ray|88/100|[from] Stealth Rock
|turn|10
|
|t:|1776334417
|-terastallize|p2a: Dragonite|Normal
|move|p2a: Dragonite|Extreme Speed|p1a: ray
|-damage|p1a: ray|0 fnt
|replace|p1a: zoro|Zoroark, M, shiny
|-end|p1a: zoro|Illusion
|faint|p1a: zoro
|
|-damage|p2a: Dragonite|42/100 psn|[from] psn
|upkeep
|
|t:|1776334423
|switch|p1a: krok|Garchomp, M, shiny|100/100
|-damage|p1a: krok|94/100|[from] Stealth Rock
|turn|11
|
|t:|1776334428
|move|p2a: Dragonite|Ice Spinner|p1a: krok
|-supereffective|p1a: krok
|-enditem|p1a: krok|Yache Berry|[eat]
|-enditem|p1a: krok|Yache Berry|[weaken]
|-damage|p1a: krok|0 fnt
|-damage|p2a: Dragonite|30/100 psn|[from] ability: Rough Skin|[of] p1a: krok
|faint|p1a: krok
|
|-damage|p2a: Dragonite|18/100 psn|[from] psn
|-sideend|p2: gengar6169|move: Aurora Veil
|upkeep
|
|t:|1776334438
|switch|p1a: queen|Lilligant, F, shiny|81/100
|-damage|p1a: queen|68/100|[from] Stealth Rock
|turn|12
|
|t:|1776334445
|move|p2a: Dragonite|Ice Spinner|p1a: queen
|-supereffective|p1a: queen
|-damage|p1a: queen|0 fnt
|faint|p1a: queen
|
|-damage|p2a: Dragonite|5/100 psn|[from] psn
|-end|p2a: Dragonite|Disable
|upkeep
|
|t:|1776334450
|switch|p1a: ray|Luxray, F, shiny|100/100
|-damage|p1a: ray|88/100|[from] Stealth Rock
|turn|13
|
|t:|1776334455
|move|p2a: Dragonite|Earthquake|p1a: ray
|-supereffective|p1a: ray
|-crit|p1a: ray
|-damage|p1a: ray|0 fnt
|faint|p1a: ray
|
|win|gengar6169
|raw|Luxano59's rating: 1066 &rarr; <strong>1049</strong><br />(-17 for losing)
|raw|gengar6169's rating: 1110 &rarr; <strong>1132</strong><br />(+22 for winning)
|l|☆Luxano59
|player|p1|
