|html|<div class="broadcast-blue"><strong>[Gen 9] OU is currently suspecting Tera Blast! For information on how to participate check out the <a href="https://www.smogon.com/tools/suspects/view/200">suspect thread</a>.</strong></div>
|j|☆Astelzhang
|j|‽MegaMHX
|t:|1776079770
|gametype|singles
|player|p1|Astelzhang|101|1473
|player|p2|MegaMHX|miku-ground|1423
|gen|9
|tier|[Gen 9] OU
|rated|
|rule|HP Percentage Mod: HP is shown in percentages
|rule|Endless Battle Clause: Forcing endless battles is banned
|rule|Species Clause: Limit one of each Pokémon
|rule|OHKO Clause: OHKO moves are banned
|rule|Evasion Items Clause: Evasion items are banned
|rule|Evasion Moves Clause: Evasion moves are banned
|rule|Evasion Abilities Clause: Evasion abilities are banned
|rule|Sleep Moves Clause: Sleep-inducing moves are banned
|clearpoke
|poke|p1|Garganacl, F|
|poke|p1|Dragapult, M|
|poke|p1|Moltres|
|poke|p1|Great Tusk|
|poke|p1|Iron Crown|
|poke|p1|Meowscarada, F|
|poke|p2|Keldeo-Resolute|
|poke|p2|Ceruledge, M|
|poke|p2|Electrode-Hisui|
|poke|p2|Hydreigon, F|
|poke|p2|Iron Treads|
|poke|p2|Pecharunt|
|teampreview
|inactive|Battle timer is ON: inactive players will automatically lose when time's up. (requested by Astelzhang)
|
|t:|1776079784
|teamsize|p1|6
|teamsize|p2|6
|start
|switch|p1a: Meowscarada|Meowscarada, F|100/100
|switch|p2a: Electrode|Electrode-Hisui|100/100
|turn|1
|
|t:|1776079792
|switch|p2a: Pecharunt|Pecharunt|100/100
|move|p1a: Meowscarada|U-turn|p2a: Pecharunt
|-start|p1a: Meowscarada|typechange|Bug|[from] ability: Protean
|-resisted|p2a: Pecharunt
|-damage|p2a: Pecharunt|95/100
|-damage|p1a: Meowscarada|84/100|[from] item: Rocky Helmet|[of] p2a: Pecharunt
|
|t:|1776079804
|switch|p1a: Moltres|Moltres|100/100|[from] U-turn
|
|upkeep
|turn|2
|
|t:|1776079811
|switch|p2a: Ceruledge|Ceruledge, M|100/100
|move|p1a: Moltres|Scorching Sands|p2a: Ceruledge
|-supereffective|p2a: Ceruledge
|-damage|p2a: Ceruledge|11/100
|
|upkeep
|turn|3
|
|t:|1776079818
|switch|p2a: Hydreigon|Hydreigon, F|100/100
|move|p1a: Moltres|Scorching Sands|p2a: Hydreigon
|-immune|p2a: Hydreigon|[from] ability: Levitate
|
|upkeep
|turn|4
|j| Lissantt
|
|t:|1776079827
|switch|p1a: Meowscarada|Meowscarada, F|84/100
|move|p2a: Hydreigon|Substitute|p2a: Hydreigon
|-start|p2a: Hydreigon|Substitute
|-damage|p2a: Hydreigon|76/100
|
|upkeep
|turn|5
|
|t:|1776079847
|move|p1a: Meowscarada|U-turn|p2a: Hydreigon
|-start|p1a: Meowscarada|typechange|Bug|[from] ability: Protean
|-supereffective|p2a: Hydreigon
|-end|p2a: Hydreigon|Substitute
|
|t:|1776079856
|switch|p1a: Garganacl|Garganacl, F|100/100|[from] U-turn
|move|p2a: Hydreigon|Flamethrower|p1a: Garganacl
|-resisted|p1a: Garganacl
|-damage|p1a: Garganacl|90/100
|
|-heal|p1a: Garganacl|97/100|[from] item: Leftovers
|upkeep
|turn|6
|
|t:|1776079866
|move|p2a: Hydreigon|Substitute|p2a: Hydreigon
|-start|p2a: Hydreigon|Substitute
|-damage|p2a: Hydreigon|51/100
|move|p1a: Garganacl|Salt Cure|p2a: Hydreigon
|-activate|p2a: Hydreigon|move: Substitute|[damage]
|
|-heal|p1a: Garganacl|100/100|[from] item: Leftovers
|upkeep
|turn|7
|
|t:|1776079876
|move|p2a: Hydreigon|Stealth Rock|p1a: Garganacl
|-sidestart|p1: Astelzhang|move: Stealth Rock
|move|p1a: Garganacl|Salt Cure|p2a: Hydreigon
|-end|p2a: Hydreigon|Substitute
|
|upkeep
|turn|8
|
|t:|1776079893
|move|p2a: Hydreigon|Draco Meteor|p1a: Garganacl
|-damage|p1a: Garganacl|57/100
|-unboost|p2a: Hydreigon|spa|2
|-enditem|p2a: Hydreigon|Eject Pack
|
|t:|1776079902
|switch|p2a: Pecharunt|Pecharunt|95/100
|move|p1a: Garganacl|Salt Cure|p2a: Pecharunt
|-damage|p2a: Pecharunt|88/100
|-start|p2a: Pecharunt|Salt Cure
|
|-heal|p1a: Garganacl|64/100|[from] item: Leftovers
|-damage|p2a: Pecharunt|76/100|[from] Salt Cure
|upkeep
|turn|9
|
|t:|1776079916
|move|p2a: Pecharunt|Parting Shot|p1a: Garganacl
|-unboost|p1a: Garganacl|atk|1
|-unboost|p1a: Garganacl|spa|1
|
|t:|1776079932
|switch|p2a: Electrode|Electrode-Hisui|100/100|[from] Parting Shot
|move|p1a: Garganacl|Stealth Rock|p2a: Electrode
|-sidestart|p2: MegaMHX|move: Stealth Rock
|
|-heal|p1a: Garganacl|70/100|[from] item: Leftovers
|upkeep
|turn|10
|
|t:|1776079944
|switch|p1a: Iron Crown|Iron Crown|100/100
|-damage|p1a: Iron Crown|94/100|[from] Stealth Rock
|move|p2a: Electrode|Leaf Storm|p1a: Iron Crown
|-resisted|p1a: Iron Crown
|-damage|p1a: Iron Crown|65/100
|-unboost|p2a: Electrode|spa|2
|-damage|p2a: Electrode|91/100|[from] item: Life Orb
|
|upkeep
|turn|11
|
|t:|1776079960
|move|p2a: Electrode|Volt Switch|p1a: Iron Crown
|-damage|p1a: Iron Crown|49/100
|-damage|p2a: Electrode|81/100|[from] item: Life Orb
|
|t:|1776079964
|switch|p2a: Iron Treads|Iron Treads|100/100|[from] Volt Switch
|-damage|p2a: Iron Treads|97/100|[from] Stealth Rock
|move|p1a: Iron Crown|Tachyon Cutter|p2a: Iron Treads
|-resisted|p2a: Iron Treads
|-damage|p2a: Iron Treads|85/100
|-resisted|p2a: Iron Treads
|-damage|p2a: Iron Treads|72/100
|-hitcount|p2a: Iron Treads|2
|
|upkeep
|turn|12
|
|t:|1776079976
|-end|p1a: Iron Crown|Quark Drive|[silent]
|switch|p1a: Great Tusk|Great Tusk|100/100
|-damage|p1a: Great Tusk|98/100|[from] Stealth Rock
|move|p2a: Iron Treads|Earthquake|p1a: Great Tusk
|-damage|p1a: Great Tusk|69/100
|
|upkeep
|turn|13
|
|t:|1776079989
|-end|p2a: Iron Treads|Quark Drive|[silent]
|switch|p2a: Hydreigon|Hydreigon, F|51/100
|-damage|p2a: Hydreigon|38/100|[from] Stealth Rock
|move|p1a: Great Tusk|Headlong Rush|p2a: Hydreigon
|-immune|p2a: Hydreigon|[from] ability: Levitate
|
|upkeep
|turn|14
|
|t:|1776079999
|-end|p1a: Great Tusk|Protosynthesis|[silent]
|switch|p1a: Garganacl|Garganacl, F|70/100
|-damage|p1a: Garganacl|57/100|[from] Stealth Rock
|move|p2a: Hydreigon|Draco Meteor|p1a: Garganacl|[miss]
|-miss|p2a: Hydreigon|p1a: Garganacl
|
|-heal|p1a: Garganacl|64/100|[from] item: Leftovers
|upkeep
|turn|15
|
|t:|1776080009
|move|p2a: Hydreigon|Draco Meteor|p1a: Garganacl
|-damage|p1a: Garganacl|22/100
|-unboost|p2a: Hydreigon|spa|2
|move|p1a: Garganacl|Recover|p1a: Garganacl
|-heal|p1a: Garganacl|72/100
|
|-heal|p1a: Garganacl|78/100|[from] item: Leftovers
|upkeep
|turn|16
|
|t:|1776080037
|switch|p2a: Electrode|Electrode-Hisui|81/100
|-damage|p2a: Electrode|68/100|[from] Stealth Rock
|move|p1a: Garganacl|Salt Cure|p2a: Electrode
|-damage|p2a: Electrode|43/100
|-start|p2a: Electrode|Salt Cure
|
|-heal|p1a: Garganacl|84/100|[from] item: Leftovers
|-damage|p2a: Electrode|31/100|[from] Salt Cure
|upkeep
|turn|17
|inactive|MegaMHX has 120 seconds left.
|
|t:|1776080061
|move|p1a: Garganacl|Protect|p1a: Garganacl
|-singleturn|p1a: Garganacl|Protect
|move|p2a: Electrode|Leaf Storm|p1a: Garganacl
|-activate|p1a: Garganacl|move: Protect
|
|-heal|p1a: Garganacl|91/100|[from] item: Leftovers
|-damage|p2a: Electrode|19/100|[from] Salt Cure
|upkeep
|turn|18
|
|t:|1776080080
|switch|p1a: Meowscarada|Meowscarada, F|84/100
|-damage|p1a: Meowscarada|72/100|[from] Stealth Rock
|move|p2a: Electrode|Leaf Storm|p1a: Meowscarada
|-resisted|p1a: Meowscarada
|-damage|p1a: Meowscarada|20/100
|-unboost|p2a: Electrode|spa|2
|-damage|p2a: Electrode|9/100|[from] item: Life Orb
|
|-damage|p2a: Electrode|0 fnt|[from] Salt Cure
|faint|p2a: Electrode
|upkeep
|inactive|MegaMHX has 120 seconds left.
|
|t:|1776080096
|switch|p2a: Keldeo|Keldeo-Resolute|100/100
|-damage|p2a: Keldeo|94/100|[from] Stealth Rock
|turn|19
|
|t:|1776080103
|switch|p1a: Dragapult|Dragapult, M|100/100
|-damage|p1a: Dragapult|88/100|[from] Stealth Rock
|move|p2a: Keldeo|Vacuum Wave|p1a: Dragapult
|-immune|p1a: Dragapult
|
|upkeep
|turn|20
|inactive|Astelzhang has 120 seconds left.
|
|t:|1776080138
|switch|p2a: Pecharunt|Pecharunt|76/100
|-damage|p2a: Pecharunt|63/100|[from] Stealth Rock
|move|p1a: Dragapult|U-turn|p2a: Pecharunt
|-resisted|p2a: Pecharunt
|-crit|p2a: Pecharunt
|-damage|p2a: Pecharunt|57/100
|-damage|p1a: Dragapult|72/100|[from] item: Rocky Helmet|[of] p2a: Pecharunt
|inactive|Astelzhang has 120 seconds left.
|
|t:|1776080150
|switch|p1a: Iron Crown|Iron Crown|49/100|[from] U-turn
|-damage|p1a: Iron Crown|43/100|[from] Stealth Rock
|
|upkeep
|turn|21
|inactive|Astelzhang has 120 seconds left.
|l|☆Astelzhang
|inactive|Astelzhang disconnected and has a minute to reconnect!
|player|p1|
|j|☆Astelzhang
|inactive|Astelzhang reconnected and has 85 seconds left.
|player|p1|Astelzhang|101|
|
|t:|1776080196
|switch|p2a: Iron Treads|Iron Treads|72/100
|-damage|p2a: Iron Treads|69/100|[from] Stealth Rock
|move|p1a: Iron Crown|Focus Blast|p2a: Iron Treads
|-supereffective|p2a: Iron Treads
|-damage|p2a: Iron Treads|0 fnt
|faint|p2a: Iron Treads
|-end|p2a: Iron Treads|Quark Drive|[silent]
|
|upkeep
|
|t:|1776080206
|switch|p2a: Keldeo|Keldeo-Resolute|94/100
|-damage|p2a: Keldeo|88/100|[from] Stealth Rock
|turn|22
|inactive|Astelzhang has 90 seconds left.
|
|t:|1776080214
|-end|p1a: Iron Crown|Quark Drive|[silent]
|switch|p1a: Dragapult|Dragapult, M|72/100
|-damage|p1a: Dragapult|59/100|[from] Stealth Rock
|move|p2a: Keldeo|Surf|p1a: Dragapult
|-resisted|p1a: Dragapult
|-damage|p1a: Dragapult|12/100
|
|upkeep
|turn|23
|inactive|Astelzhang has 90 seconds left.
|
|t:|1776080227
|switch|p2a: Pecharunt|Pecharunt|57/100
|-damage|p2a: Pecharunt|45/100|[from] Stealth Rock
|move|p1a: Dragapult|Dragon Darts|p2a: Pecharunt
|-damage|p2a: Pecharunt|27/100
|-anim|p1a: Dragapult|Dragon Darts|p2a: Pecharunt
|-damage|p2a: Pecharunt|10/100
|
|upkeep
|turn|24
|
|t:|1776080237
|move|p1a: Dragapult|Dragon Darts|p2a: Pecharunt
|-damage|p2a: Pecharunt|0 fnt
|faint|p2a: Pecharunt
|
|upkeep
|
|t:|1776080243
|switch|p2a: Ceruledge|Ceruledge, M|11/100
|-damage|p2a: Ceruledge|0 fnt|[from] Stealth Rock
|faint|p2a: Ceruledge
|l| Lissantt
|
|t:|1776080247
|switch|p2a: Keldeo|Keldeo-Resolute|88/100
|-damage|p2a: Keldeo|82/100|[from] Stealth Rock
|turn|25
|
|t:|1776080262
|move|p1a: Dragapult|Dragon Darts|p2a: Keldeo
|-damage|p2a: Keldeo|37/100
|-anim|p1a: Dragapult|Dragon Darts|p2a: Keldeo
|-damage|p2a: Keldeo|0 fnt
|faint|p2a: Keldeo
|
|upkeep
|
|t:|1776080264
|switch|p2a: Hydreigon|Hydreigon, F|38/100
|-damage|p2a: Hydreigon|26/100|[from] Stealth Rock
|turn|26
|
|t:|1776080272
|move|p1a: Dragapult|Dragon Darts|p2a: Hydreigon
|-supereffective|p2a: Hydreigon
|-damage|p2a: Hydreigon|0 fnt
|faint|p2a: Hydreigon
|
|win|Astelzhang
|raw|Astelzhang's rating: 1473 &rarr; <strong>1490</strong><br />(+17 for winning)
|raw|MegaMHX's rating: 1423 &rarr; <strong>1406</strong><br />(-17 for losing)
|l|‽MegaMHX
|player|p2|
|l|☆Astelzhang
|player|p1|
