|html|<div class="broadcast-blue"><strong>[Gen 9] OU is currently suspecting Tera Blast! For information on how to participate check out the <a href="https://www.smogon.com/tools/suspects/view/200">suspect thread</a>.</strong></div>
|j|☆pumkinthecot4
|j|☆aminoacid2
|t:|1776101066
|gametype|singles
|player|p1|pumkinthecot4|elesa|1159
|player|p2|aminoacid2|riley|1203
|gen|9
|tier|[Gen 9] OU
|rated|
|rule|HP Percentage Mod: HP is shown in percentages
|rule|Endless Battle Clause: Forcing endless battles is banned
|rule|Species Clause: Limit one of each Pokémon
|rule|OHKO Clause: OHKO moves are banned
|rule|Evasion Items Clause: Evasion items are banned
|rule|Evasion Moves Clause: Evasion moves are banned
|rule|Evasion Abilities Clause: Evasion abilities are banned
|rule|Sleep Moves Clause: Sleep-inducing moves are banned
|clearpoke
|poke|p1|Dudunsparce-*, F|
|poke|p1|Altaria, M|
|poke|p1|Tornadus, M|
|poke|p1|Drednaw, F|
|poke|p1|Basculegion, M|
|poke|p1|Klefki, F|
|poke|p2|Politoed, F|
|poke|p2|Raging Bolt|
|poke|p2|Overqwil, M|
|poke|p2|Barraskewda, F|
|poke|p2|Iron Treads|
|poke|p2|Kingambit, F|
|teampreview
|j| ohko_smeargle
|
|t:|1776101079
|teamsize|p1|6
|teamsize|p2|6
|start
|switch|p1a: Basculegion|Basculegion, M|100/100
|switch|p2a: Politoed|Politoed, F|100/100
|-weather|RainDance|[from] ability: Drizzle|[of] p2a: Politoed
|turn|1
|
|t:|1776101089
|move|p1a: Basculegion|Flip Turn|p2a: Politoed
|-resisted|p2a: Politoed
|-damage|p2a: Politoed|75/100
|
|t:|1776101096
|switch|p1a: Drednaw|Drednaw, F|100/100|[from] Flip Turn
|move|p2a: Politoed|Earth Power|p1a: Drednaw
|-supereffective|p1a: Drednaw
|-damage|p1a: Drednaw|70/100
|
|-weather|RainDance|[upkeep]
|upkeep
|turn|2
|
|t:|1776101109
|move|p1a: Drednaw|Poison Jab|p2a: Politoed
|-damage|p2a: Politoed|54/100
|move|p2a: Politoed|Earth Power|p1a: Drednaw
|-supereffective|p1a: Drednaw
|-damage|p1a: Drednaw|41/100
|
|-weather|RainDance|[upkeep]
|upkeep
|turn|3
|
|t:|1776101124
|switch|p2a: Raging Bolt|Raging Bolt|100/100
|-enditem|p2a: Raging Bolt|Booster Energy
|-activate|p2a: Raging Bolt|ability: Protosynthesis|[fromitem]
|-start|p2a: Raging Bolt|protosynthesisspa
|move|p1a: Drednaw|Liquidation|p2a: Raging Bolt
|-resisted|p2a: Raging Bolt
|-damage|p2a: Raging Bolt|74/100
|-unboost|p2a: Raging Bolt|def|1
|
|-weather|RainDance|[upkeep]
|upkeep
|turn|4
|
|t:|1776101137
|move|p1a: Drednaw|Ice Spinner|p2a: Raging Bolt
|-supereffective|p2a: Raging Bolt
|-damage|p2a: Raging Bolt|3/100
|move|p2a: Raging Bolt|Weather Ball|p1a: Drednaw
|-crit|p1a: Drednaw
|-damage|p1a: Drednaw|0 fnt
|faint|p1a: Drednaw
|
|-weather|RainDance|[upkeep]
|upkeep
|
|t:|1776101151
|switch|p1a: Dudunsparce|Dudunsparce, F|100/100
|turn|5
|
|t:|1776101157
|-terastallize|p1a: Dudunsparce|Electric
|move|p2a: Raging Bolt|Weather Ball|p1a: Dudunsparce
|-damage|p1a: Dudunsparce|31/100
|move|p1a: Dudunsparce|Coil|p1a: Dudunsparce
|-boost|p1a: Dudunsparce|atk|1
|-boost|p1a: Dudunsparce|def|1
|-boost|p1a: Dudunsparce|accuracy|1
|
|-weather|RainDance|[upkeep]
|-heal|p1a: Dudunsparce|38/100|[from] item: Leftovers
|upkeep
|turn|6
|
|t:|1776101168
|move|p2a: Raging Bolt|Weather Ball|p1a: Dudunsparce
|-damage|p1a: Dudunsparce|0 fnt
|faint|p1a: Dudunsparce
|
|-weather|RainDance|[upkeep]
|upkeep
|
|t:|1776101176
|switch|p1a: Altaria|Altaria, M|100/100
|-ability|p1a: Altaria|Cloud Nine
|turn|7
|
|t:|1776101184
|move|p1a: Altaria|Moonblast|p2a: Raging Bolt
|-supereffective|p2a: Raging Bolt
|-damage|p2a: Raging Bolt|0 fnt
|faint|p2a: Raging Bolt
|-end|p2a: Raging Bolt|Protosynthesis|[silent]
|
|-weather|RainDance|[upkeep]
|upkeep
|
|t:|1776101194
|switch|p2a: Politoed|Politoed, F|54/100
|turn|8
|
|t:|1776101201
|switch|p1a: Tornadus|Tornadus, M|100/100
|move|p2a: Politoed|Icy Wind|p1a: Tornadus
|-supereffective|p1a: Tornadus
|-damage|p1a: Tornadus|70/100
|-unboost|p1a: Tornadus|spe|1
|
|-weather|none
|upkeep
|turn|9
|
|t:|1776101221
|move|p1a: Tornadus|Tailwind|p1a: Tornadus
|-sidestart|p1: pumkinthecot4|move: Tailwind
|move|p2a: Politoed|Icy Wind|p1a: Tornadus
|-supereffective|p1a: Tornadus
|-damage|p1a: Tornadus|39/100
|-unboost|p1a: Tornadus|spe|1
|
|upkeep
|turn|10
|
|t:|1776101238
|switch|p1a: Klefki|Klefki, F|100/100
|switch|p2a: Overqwil|Overqwil, M|100/100
|
|upkeep
|turn|11
|-message|pumkinthecot4 forfeited.
|
|win|aminoacid2
|raw|pumkinthecot4's rating: 1159 &rarr; <strong>1137</strong><br />(-22 for losing)
|raw|aminoacid2's rating: 1203 &rarr; <strong>1225</strong><br />(+22 for winning)
|l|☆pumkinthecot4
|player|p1|
|l| ohko_smeargle
|l|☆aminoacid2
|player|p2|
