|html|<div class="broadcast-blue"><strong>[Gen 9] OU is currently suspecting Tera Blast! For information on how to participate check out the <a href="https://www.smogon.com/tools/suspects/view/200">suspect thread</a>.</strong></div>
|j|☆Warrior For Booty
|j|☆Amen2u
|t:|1776329863
|gametype|singles
|player|p1|Warrior For Booty|melony|1193
|player|p2|Amen2u|unknown|1142
|gen|9
|tier|[Gen 9] OU
|rated|
|rule|HP Percentage Mod: HP is shown in percentages
|rule|Endless Battle Clause: Forcing endless battles is banned
|rule|Species Clause: Limit one of each Pokémon
|rule|OHKO Clause: OHKO moves are banned
|rule|Evasion Items Clause: Evasion items are banned
|rule|Evasion Moves Clause: Evasion moves are banned
|rule|Evasion Abilities Clause: Evasion abilities are banned
|rule|Sleep Moves Clause: Sleep-inducing moves are banned
|clearpoke
|poke|p1|Articuno-Galar|
|poke|p1|Cinderace, F|
|poke|p1|Kingambit, F|
|poke|p1|Araquanid, M|
|poke|p1|Serperior, F|
|poke|p1|Hatterene, F|
|poke|p2|Dondozo, M|
|poke|p2|Garganacl, F|
|poke|p2|Corviknight, F|
|poke|p2|Ting-Lu|
|poke|p2|Clodsire, M|
|poke|p2|Skeledirge, M|
|teampreview
|
|t:|1776329871
|teamsize|p1|6
|teamsize|p2|6
|start
|switch|p1a: Araquanid|Araquanid, M|100/100
|switch|p2a: Ting-Lu|Ting-Lu|100/100
|-ability|p2a: Ting-Lu|Vessel of Ruin
|turn|1
|
|t:|1776329877
|move|p2a: Ting-Lu|Stealth Rock|p1a: Araquanid
|-sidestart|p1: Warrior For Booty|move: Stealth Rock
|move|p1a: Araquanid|Surf|p2a: Ting-Lu
|-supereffective|p2a: Ting-Lu
|-damage|p2a: Ting-Lu|51/100
|
|-heal|p2a: Ting-Lu|58/100|[from] item: Leftovers
|upkeep
|turn|2
|
|t:|1776329890
|move|p2a: Ting-Lu|Ruination|p1a: Araquanid
|-damage|p1a: Araquanid|50/100
|move|p1a: Araquanid|Sticky Web|p2a: Ting-Lu
|-sidestart|p2: Amen2u|move: Sticky Web
|
|-heal|p2a: Ting-Lu|64/100|[from] item: Leftovers
|upkeep
|turn|3
|
|t:|1776329902
|move|p1a: Araquanid|Surf|p2a: Ting-Lu
|-supereffective|p2a: Ting-Lu
|-damage|p2a: Ting-Lu|16/100
|move|p2a: Ting-Lu|Whirlwind|p1a: Araquanid
|drag|p1a: Articuno|Articuno-Galar|100/100
|-damage|p1a: Articuno|76/100|[from] Stealth Rock
|
|-heal|p2a: Ting-Lu|22/100|[from] item: Leftovers
|upkeep
|turn|4
|
|t:|1776329913
|switch|p1a: Araquanid|Araquanid, M|50/100
|-damage|p1a: Araquanid|25/100|[from] Stealth Rock
|move|p2a: Ting-Lu|Ruination|p1a: Araquanid
|-damage|p1a: Araquanid|13/100
|
|-heal|p2a: Ting-Lu|28/100|[from] item: Leftovers
|upkeep
|turn|5
|inactive|Battle timer is ON: inactive players will automatically lose when time's up. (requested by Warrior For Booty)
|-enditem|p1a: Araquanid|Custap Berry|[eat]
|-activate|p1a: Araquanid|item: Custap Berry|[consumed]
|
|t:|1776329921
|move|p1a: Araquanid|Surf|p2a: Ting-Lu
|-supereffective|p2a: Ting-Lu
|-damage|p2a: Ting-Lu|0 fnt
|faint|p2a: Ting-Lu
|
|upkeep
|
|t:|1776329930
|switch|p2a: Corviknight|Corviknight, F|100/100
|-ability|p2a: Corviknight|Pressure
|turn|6
|
|t:|1776329939
|move|p2a: Corviknight|Brave Bird|p1a: Araquanid
|-supereffective|p1a: Araquanid
|-damage|p1a: Araquanid|0 fnt
|faint|p1a: Araquanid
|-damage|p2a: Corviknight|97/100|[from] Recoil
|
|upkeep
|
|t:|1776329941
|switch|p1a: Cinderace|Cinderace, F|100/100
|turn|7
|
|t:|1776329949
|move|p1a: Cinderace|Court Change|p1a: Cinderace
|-swapsideconditions
|-activate|p1a: Cinderace|move: Court Change
|move|p2a: Corviknight|Defog|p1a: Cinderace
|-unboost|p1a: Cinderace|evasion|1
|-sideend|p1: Warrior For Booty|Sticky Web|[from] move: Defog|[of] p2a: Corviknight
|-sideend|p2: Amen2u|Stealth Rock|[from] move: Defog|[of] p2a: Corviknight
|
|upkeep
|turn|8
|n|!Warrior For Booty|warriorforbooty
|-message|Warrior For Booty forfeited.
|
|win|Amen2u
