|html|<div class="broadcast-blue"><strong>[Gen 9] OU is currently suspecting Tera Blast! For information on how to participate check out the <a href="https://www.smogon.com/tools/suspects/view/200">suspect thread</a>.</strong></div>
|j|☆yyuyuu
|j|☆ArisenTerror7888
|t:|1776057162
|gametype|singles
|player|p1|yyuyuu|266|1233
|player|p2|ArisenTerror7888|169|1177
|gen|9
|tier|[Gen 9] OU
|rated|
|rule|HP Percentage Mod: HP is shown in percentages
|rule|Endless Battle Clause: Forcing endless battles is banned
|rule|Species Clause: Limit one of each Pokémon
|rule|OHKO Clause: OHKO moves are banned
|rule|Evasion Items Clause: Evasion items are banned
|rule|Evasion Moves Clause: Evasion moves are banned
|rule|Evasion Abilities Clause: Evasion abilities are banned
|rule|Sleep Moves Clause: Sleep-inducing moves are banned
|clearpoke
|poke|p1|Honchkrow, M|
|poke|p1|Hatterene, F|
|poke|p1|Arboliva, M|
|poke|p1|Torkoal, F|
|poke|p1|Walking Wake|
|poke|p1|Glimmora, F|
|poke|p2|Zapdos|
|poke|p2|Barraskewda, F|
|poke|p2|Pelipper, M|
|poke|p2|Gholdengo|
|poke|p2|Rotom-Wash|
|poke|p2|Garchomp, F|
|teampreview
|
|t:|1776057168
|teamsize|p1|6
|teamsize|p2|6
|start
|switch|p1a: Glimmora|Glimmora, F|100/100
|switch|p2a: Garchomp|Garchomp, F|100/100
|turn|1
|
|t:|1776057172
|move|p1a: Glimmora|Stealth Rock|p2a: Garchomp
|-sidestart|p2: ArisenTerror7888|move: Stealth Rock
|move|p2a: Garchomp|Earthquake|p1a: Glimmora
|-supereffective|p1a: Glimmora
|-enditem|p1a: Glimmora|Focus Sash
|-damage|p1a: Glimmora|1/100
|-activate|p1a: Glimmora|ability: Toxic Debris
|-sidestart|p2: ArisenTerror7888|move: Toxic Spikes
|
|upkeep
|turn|2
|
|t:|1776057183
|switch|p1a: Hatterene|Hatterene, F|100/100
|move|p2a: Garchomp|Dragon Tail|p1a: Hatterene
|-immune|p1a: Hatterene
|
|upkeep
|turn|3
|
|t:|1776057192
|switch|p2a: Gholdengo|Gholdengo|100/100
|move|p1a: Hatterene|Trick Room|p1a: Hatterene
|-fieldstart|move: Trick Room|[of] p1a: Hatterene
|
|upkeep
|turn|4
|
|t:|1776057203
|switch|p1a: Glimmora|Glimmora, F|1/100
|move|p2a: Gholdengo|Shadow Ball|p1a: Glimmora
|-damage|p1a: Glimmora|0 fnt
|faint|p1a: Glimmora
|
|upkeep
|
|t:|1776057209
|switch|p1a: Torkoal|Torkoal, F|100/100
|-weather|SunnyDay|[from] ability: Drought|[of] p1a: Torkoal
|turn|5
|
|t:|1776057218
|switch|p2a: Pelipper|Pelipper, M|100/100
|-damage|p2a: Pelipper|76/100|[from] Stealth Rock
|-weather|RainDance|[from] ability: Drizzle|[of] p2a: Pelipper
|move|p1a: Torkoal|Eruption|p2a: Pelipper
|-resisted|p2a: Pelipper
|-damage|p2a: Pelipper|55/100
|
|-weather|RainDance|[upkeep]
|upkeep
|turn|6
|
|t:|1776057235
|switch|p1a: Walking Wake|Walking Wake|100/100
|move|p2a: Pelipper|U-turn|p1a: Walking Wake
|-damage|p1a: Walking Wake|92/100
|
|t:|1776057246
|switch|p2a: Gholdengo|Gholdengo|100/100|[from] U-turn
|
|-weather|RainDance|[upkeep]
|upkeep
|turn|7
|
|t:|1776057253
|-terastallize|p2a: Gholdengo|Fairy
|move|p2a: Gholdengo|Dazzling Gleam|p1a: Walking Wake
|-supereffective|p1a: Walking Wake
|-damage|p1a: Walking Wake|3/100
|move|p1a: Walking Wake|Weather Ball|p2a: Gholdengo
|-damage|p2a: Gholdengo|13/100
|
|-weather|RainDance|[upkeep]
|-fieldend|move: Trick Room
|upkeep
|turn|8
|
|t:|1776057272
|switch|p2a: Rotom|Rotom-Wash|100/100
|-damage|p2a: Rotom|88/100|[from] Stealth Rock
|move|p1a: Walking Wake|Weather Ball|p2a: Rotom
|-resisted|p2a: Rotom
|-damage|p2a: Rotom|60/100
|
|-weather|RainDance|[upkeep]
|-heal|p2a: Rotom|66/100|[from] item: Leftovers
|upkeep
|turn|9
|
|t:|1776057282
|move|p1a: Walking Wake|Draco Meteor|p2a: Rotom
|-damage|p2a: Rotom|13/100
|-unboost|p1a: Walking Wake|spa|2
|move|p2a: Rotom|Volt Switch|p1a: Walking Wake
|-damage|p1a: Walking Wake|0 fnt
|faint|p1a: Walking Wake
|-end|p1a: Walking Wake|Protosynthesis|[silent]
|
|t:|1776057291
|switch|p2a: Garchomp|Garchomp, F|100/100|[from] Volt Switch
|-damage|p2a: Garchomp|94/100|[from] Stealth Rock
|-status|p2a: Garchomp|psn
|
|-weather|RainDance|[upkeep]
|-damage|p2a: Garchomp|82/100 psn|[from] psn
|upkeep
|
|t:|1776057298
|switch|p1a: Hatterene|Hatterene, F|100/100
|turn|10
|
|t:|1776057302
|move|p2a: Garchomp|Earthquake|p1a: Hatterene
|-damage|p1a: Hatterene|55/100
|move|p1a: Hatterene|Trick Room|p1a: Hatterene
|-fieldstart|move: Trick Room|[of] p1a: Hatterene
|
|-weather|RainDance|[upkeep]
|-damage|p2a: Garchomp|70/100 psn|[from] psn
|upkeep
|turn|11
|
|t:|1776057309
|switch|p1a: Honchkrow|Honchkrow, M|100/100
|-enditem|p1a: Honchkrow|Room Service
|-unboost|p1a: Honchkrow|spe|1|[from] item: Room Service
|move|p2a: Garchomp|Earthquake|p1a: Honchkrow
|-immune|p1a: Honchkrow
|
|-weather|RainDance|[upkeep]
|-damage|p2a: Garchomp|57/100 psn|[from] psn
|upkeep
|turn|12
|
|t:|1776057317
|move|p1a: Honchkrow|Acrobatics|p2a: Garchomp
|-damage|p2a: Garchomp|17/100 psn
|-damage|p1a: Honchkrow|88/100|[from] ability: Rough Skin|[of] p2a: Garchomp
|-damage|p1a: Honchkrow|72/100|[from] item: Rocky Helmet|[of] p2a: Garchomp
|move|p2a: Garchomp|Stealth Rock|p1a: Honchkrow
|-sidestart|p1: yyuyuu|move: Stealth Rock
|
|-weather|none
|-damage|p2a: Garchomp|5/100 psn|[from] psn
|upkeep
|turn|13
|
|t:|1776057339
|switch|p2a: Rotom|Rotom-Wash|13/100
|-damage|p2a: Rotom|0 fnt|[from] Stealth Rock
|faint|p2a: Rotom
|move|p1a: Honchkrow|Night Slash|p2: Rotom|[notarget]
|-fail|p1a: Honchkrow
|
|upkeep
|
|t:|1776057348
|switch|p2a: Garchomp|Garchomp, F|5/100 psn
|-damage|p2a: Garchomp|0 fnt|[from] Stealth Rock
|faint|p2a: Garchomp
|
|t:|1776057353
|switch|p2a: Pelipper|Pelipper, M|55/100
|-damage|p2a: Pelipper|30/100|[from] Stealth Rock
|-weather|RainDance|[from] ability: Drizzle|[of] p2a: Pelipper
|turn|14
|
|t:|1776057367
|move|p1a: Honchkrow|Night Slash|p2a: Pelipper
|-damage|p2a: Pelipper|2/100
|move|p2a: Pelipper|Hurricane|p1a: Honchkrow
|-damage|p1a: Honchkrow|18/100
|
|-weather|RainDance|[upkeep]
|-fieldend|move: Trick Room
|upkeep
|turn|15
|
|t:|1776057374
|move|p1a: Honchkrow|Sucker Punch|p2a: Pelipper
|-damage|p2a: Pelipper|0 fnt
|faint|p2a: Pelipper
|-ability|p1a: Honchkrow|Moxie|boost
|-boost|p1a: Honchkrow|atk|1
|
|-weather|RainDance|[upkeep]
|upkeep
|
|t:|1776057377
|switch|p2a: Barraskewda|Barraskewda, F|100/100
|-damage|p2a: Barraskewda|88/100|[from] Stealth Rock
|-status|p2a: Barraskewda|psn
|turn|16
|
|t:|1776057391
|move|p1a: Honchkrow|Sucker Punch|p2a: Barraskewda
|-damage|p2a: Barraskewda|0 fnt
|faint|p2a: Barraskewda
|-ability|p1a: Honchkrow|Moxie|boost
|-boost|p1a: Honchkrow|atk|1
|
|-weather|RainDance|[upkeep]
|upkeep
|
|t:|1776057394
|switch|p2a: Zapdos|Zapdos|100/100
|turn|17
|
|t:|1776057400
|move|p1a: Honchkrow|Sucker Punch|p2a: Zapdos
|-crit|p2a: Zapdos
|-damage|p2a: Zapdos|0 fnt
|-status|p1a: Honchkrow|par|[from] ability: Static|[of] p2a: Zapdos
|faint|p2a: Zapdos
|-ability|p1a: Honchkrow|Moxie|boost
|-boost|p1a: Honchkrow|atk|1
|
|-weather|RainDance|[upkeep]
|upkeep
|-message|ArisenTerror7888 forfeited.
|
|win|yyuyuu
|raw|yyuyuu's rating: 1233 &rarr; <strong>1254</strong><br />(+21 for winning)
|raw|ArisenTerror7888's rating: 1177 &rarr; <strong>1156</strong><br />(-21 for losing)
|l|☆ArisenTerror7888
|player|p2|
|l|☆yyuyuu
|player|p1|
|j|☆yyuyuu
|player|p1|yyuyuu|266|
