|html|<div class="broadcast-blue"><strong>[Gen 9] OU is currently suspecting Tera Blast! For information on how to participate check out the <a href="https://www.smogon.com/tools/suspects/view/200">suspect thread</a>.</strong></div>
|j|☆ascended tusk 69
|j|☆okbomber
|t:|1776151879
|gametype|singles
|player|p1|ascended tusk 69|biker|1520
|player|p2|okbomber|266|1558
|gen|9
|tier|[Gen 9] OU
|rated|
|rule|HP Percentage Mod: HP is shown in percentages
|rule|Endless Battle Clause: Forcing endless battles is banned
|rule|Species Clause: Limit one of each Pokémon
|rule|OHKO Clause: OHKO moves are banned
|rule|Evasion Items Clause: Evasion items are banned
|rule|Evasion Moves Clause: Evasion moves are banned
|rule|Evasion Abilities Clause: Evasion abilities are banned
|rule|Sleep Moves Clause: Sleep-inducing moves are banned
|clearpoke
|poke|p1|Ninetales-Alola, M|
|poke|p1|Serperior, M|
|poke|p1|Iron Valiant|
|poke|p1|Kingambit, M|
|poke|p1|Latias, F|
|poke|p1|Gliscor, F|
|poke|p2|Samurott-Hisui, F|
|poke|p2|Zapdos|
|poke|p2|Iron Treads|
|poke|p2|Ceruledge, M|
|poke|p2|Gholdengo|
|poke|p2|Kingambit, M|
|teampreview
|j| Kyurem
|j|+Disorient
|inactive|Battle timer is ON: inactive players will automatically lose when time's up. (requested by ascended tusk 69)
|j| DanielJonesFan
|c|☆ascended tusk 69|youre gonna lose to some real jobber shit kid
|c|☆ascended tusk 69|you have no idea
|inactive|okbomber has 120 seconds left.
|
|t:|1776151926
|teamsize|p1|6
|teamsize|p2|6
|start
|switch|p1a: Serp Gaming|Serperior, M|100/100
|switch|p2a: Ceruledge|Ceruledge, M|100/100
|turn|1
|c|☆ascended tusk 69|Forfeit and keep your dignity, or keep playing and lose it immediately
|
|t:|1776151938
|switch|p1a: Himiko|Gliscor, F|100/100
|move|p2a: Ceruledge|Bitter Blade|p1a: Himiko
|-damage|p1a: Himiko|57/100
|
|-status|p1a: Himiko|tox|[from] item: Toxic Orb
|upkeep
|turn|2
|
|t:|1776151953
|switch|p2a: Samurott|Samurott-Hisui, F|100/100
|move|p1a: Himiko|Dual Wingbeat|p2a: Samurott
|-damage|p2a: Samurott|82/100
|-damage|p2a: Samurott|61/100
|-hitcount|p2a: Samurott|2
|
|-heal|p1a: Himiko|70/100 tox|[from] ability: Poison Heal
|upkeep
|turn|3
|
|t:|1776151963
|switch|p1a: Serp Gaming|Serperior, M|100/100
|move|p2a: Samurott|Razor Shell|p1a: Serp Gaming
|-resisted|p1a: Serp Gaming
|-damage|p1a: Serp Gaming|75/100
|
|-heal|p1a: Serp Gaming|81/100|[from] item: Leftovers
|upkeep
|turn|4
|
|t:|1776151969
|switch|p2a: Zapdos|Zapdos|100/100
|move|p1a: Serp Gaming|Leaf Storm|p2a: Zapdos
|-resisted|p2a: Zapdos
|-damage|p2a: Zapdos|80/100
|-boost|p1a: Serp Gaming|spa|2
|
|-heal|p1a: Serp Gaming|87/100|[from] item: Leftovers
|upkeep
|turn|5
|
|t:|1776151974
|move|p1a: Serp Gaming|Substitute|p1a: Serp Gaming
|-start|p1a: Serp Gaming|Substitute
|-damage|p1a: Serp Gaming|62/100
|move|p2a: Zapdos|Hurricane|p1a: Serp Gaming|[miss]
|-miss|p2a: Zapdos|p1a: Serp Gaming
|
|-heal|p1a: Serp Gaming|68/100|[from] item: Leftovers
|upkeep
|turn|6
|
|t:|1776151978
|move|p1a: Serp Gaming|Leech Seed|p2a: Zapdos
|-start|p2a: Zapdos|move: Leech Seed
|move|p2a: Zapdos|Volt Switch|p1a: Serp Gaming
|-resisted|p1a: Serp Gaming
|-activate|p1a: Serp Gaming|move: Substitute|[damage]
|
|t:|1776151988
|switch|p2a: Iron Treads|Iron Treads|100/100|[from] Volt Switch
|
|-heal|p1a: Serp Gaming|74/100|[from] item: Leftovers
|upkeep
|turn|7
|
|t:|1776151990
|move|p1a: Serp Gaming|Leaf Storm|p2a: Iron Treads
|-damage|p2a: Iron Treads|0 fnt
|-boost|p1a: Serp Gaming|spa|2
|faint|p2a: Iron Treads
|-end|p2a: Iron Treads|Quark Drive|[silent]
|
|-heal|p1a: Serp Gaming|80/100|[from] item: Leftovers
|upkeep
|
|t:|1776152014
|switch|p2a: Samurott|Samurott-Hisui, F|61/100
|turn|8
|j| we be out here
|
|t:|1776152033
|move|p2a: Samurott|Sucker Punch|p1a: Serp Gaming
|-end|p1a: Serp Gaming|Substitute
|move|p1a: Serp Gaming|Leaf Storm|p2a: Samurott
|-supereffective|p2a: Samurott
|-damage|p2a: Samurott|0 fnt
|-boost|p1a: Serp Gaming|spa|2
|faint|p2a: Samurott
|
|-heal|p1a: Serp Gaming|86/100|[from] item: Leftovers
|upkeep
|
|t:|1776152063
|switch|p2a: Gholdengo|Gholdengo|100/100
|-item|p2a: Gholdengo|Air Balloon
|turn|9
|inactive|ascended tusk 69 has 120 seconds left.
|l| we be out here
|inactive|ascended tusk 69 has 90 seconds left.
|j| Delibird=Santa
|inactive|ascended tusk 69 has 60 seconds left.
|
|t:|1776152159
|move|p1a: Serp Gaming|Leaf Storm|p2a: Gholdengo
|-resisted|p2a: Gholdengo
|-damage|p2a: Gholdengo|13/100
|-enditem|p2a: Gholdengo|Air Balloon
|move|p2a: Gholdengo|Thunder Wave|p1a: Serp Gaming
|-status|p1a: Serp Gaming|par
|
|-heal|p1a: Serp Gaming|92/100 par|[from] item: Leftovers
|upkeep
|turn|10
|c|☆ascended tusk 69|oop
|
|t:|1776152166
|move|p2a: Gholdengo|Hex|p1a: Serp Gaming
|-damage|p1a: Serp Gaming|24/100 par
|move|p1a: Serp Gaming|Leaf Storm|p2a: Gholdengo
|-resisted|p2a: Gholdengo
|-damage|p2a: Gholdengo|0 fnt
|faint|p2a: Gholdengo
|
|-heal|p1a: Serp Gaming|30/100 par|[from] item: Leftovers
|upkeep
|
|t:|1776152173
|switch|p2a: Ceruledge|Ceruledge, M|100/100
|turn|11
|
|t:|1776152176
|move|p2a: Ceruledge|Bitter Blade|p1a: Serp Gaming
|-supereffective|p1a: Serp Gaming
|-damage|p1a: Serp Gaming|0 fnt
|faint|p1a: Serp Gaming
|
|upkeep
|
|t:|1776152179
|switch|p1a: 68tales|Ninetales-Alola, M|100/100
|-weather|Snowscape|[from] ability: Snow Warning|[of] p1a: 68tales
|turn|12
|
|t:|1776152183
|move|p1a: 68tales|Aurora Veil|p1a: 68tales
|-sidestart|p1: ascended tusk 69|move: Aurora Veil
|move|p2a: Ceruledge|Swords Dance|p2a: Ceruledge
|-boost|p2a: Ceruledge|atk|2
|
|-weather|Snowscape|[upkeep]
|upkeep
|turn|13
|
|t:|1776152186
|switch|p2a: Kingambit|Kingambit, M|100/100
|-activate|p2a: Kingambit|ability: Supreme Overlord
|-start|p2a: Kingambit|fallen3|[silent]
|move|p1a: 68tales|Encore||[still]
|-fail|p1a: 68tales
|
|-weather|Snowscape|[upkeep]
|upkeep
|turn|14
|
|t:|1776152195
|switch|p1a: Himiko|Gliscor, F|70/100 tox
|move|p2a: Kingambit|Iron Head|p1a: Himiko
|-damage|p1a: Himiko|44/100 tox
|
|-weather|Snowscape|[upkeep]
|-heal|p1a: Himiko|56/100 tox|[from] ability: Poison Heal
|upkeep
|turn|15
|
|t:|1776152203
|-end|p2a: Kingambit|fallen3|[silent]
|switch|p2a: Zapdos|Zapdos|80/100
|move|p1a: Himiko|Swords Dance|p1a: Himiko
|-boost|p1a: Himiko|atk|2
|
|-weather|Snowscape|[upkeep]
|-heal|p1a: Himiko|69/100 tox|[from] ability: Poison Heal
|upkeep
|turn|16
|c|☆ascended tusk 69|chicho
|c|☆ascended tusk 69|bicho
|c|☆ascended tusk 69|bicho
|inactive|ascended tusk 69 has 120 seconds left.
|inactive|ascended tusk 69 has 90 seconds left.
|inactive|ascended tusk 69 has 60 seconds left.
|
|t:|1776152282
|move|p1a: Himiko|Swords Dance|p1a: Himiko
|-boost|p1a: Himiko|atk|2
|move|p2a: Zapdos|Hurricane|p1a: Himiko|[miss]
|-miss|p2a: Zapdos|p1a: Himiko
|
|-weather|none
|-heal|p1a: Himiko|81/100 tox|[from] ability: Poison Heal
|upkeep
|turn|17
|
|t:|1776152288
|move|p1a: Himiko|Dual Wingbeat|p2a: Zapdos
|-resisted|p2a: Zapdos
|-damage|p2a: Zapdos|62/100
|-resisted|p2a: Zapdos
|-damage|p2a: Zapdos|44/100
|-hitcount|p2a: Zapdos|2
|move|p2a: Zapdos|Roost|p2a: Zapdos
|-heal|p2a: Zapdos|94/100
|-singleturn|p2a: Zapdos|move: Roost
|
|-heal|p1a: Himiko|94/100 tox|[from] ability: Poison Heal
|upkeep
|turn|18
|
|t:|1776152297
|move|p1a: Himiko|Dual Wingbeat|p2a: Zapdos
|-resisted|p2a: Zapdos
|-damage|p2a: Zapdos|75/100
|-resisted|p2a: Zapdos
|-damage|p2a: Zapdos|54/100
|-hitcount|p2a: Zapdos|2
|move|p2a: Zapdos|Hurricane|p1a: Himiko
|-damage|p1a: Himiko|65/100 tox
|
|-heal|p1a: Himiko|77/100 tox|[from] ability: Poison Heal
|upkeep
|turn|19
|
|t:|1776152301
|move|p1a: Himiko|Dual Wingbeat|p2a: Zapdos
|-resisted|p2a: Zapdos
|-damage|p2a: Zapdos|35/100
|-resisted|p2a: Zapdos
|-damage|p2a: Zapdos|16/100
|-hitcount|p2a: Zapdos|2
|move|p2a: Zapdos|Roost|p2a: Zapdos
|-heal|p2a: Zapdos|66/100
|-singleturn|p2a: Zapdos|move: Roost
|
|-heal|p1a: Himiko|90/100 tox|[from] ability: Poison Heal
|-sideend|p1: ascended tusk 69|move: Aurora Veil
|upkeep
|turn|20
|
|t:|1776152308
|move|p1a: Himiko|Swords Dance|p1a: Himiko
|-boost|p1a: Himiko|atk|2
|move|p2a: Zapdos|Roost|p2a: Zapdos
|-heal|p2a: Zapdos|100/100
|-singleturn|p2a: Zapdos|move: Roost
|
|-heal|p1a: Himiko|100/100 tox|[from] ability: Poison Heal
|upkeep
|turn|21
|
|t:|1776152310
|move|p1a: Himiko|Dual Wingbeat|p2a: Zapdos
|-resisted|p2a: Zapdos
|-damage|p2a: Zapdos|75/100
|-resisted|p2a: Zapdos
|-damage|p2a: Zapdos|49/100
|-hitcount|p2a: Zapdos|2
|move|p2a: Zapdos|Hurricane|p1a: Himiko
|-damage|p1a: Himiko|37/100 tox
|-start|p1a: Himiko|confusion
|
|-heal|p1a: Himiko|50/100 tox|[from] ability: Poison Heal
|upkeep
|turn|22
|
|t:|1776152316
|-activate|p1a: Himiko|confusion
|-damage|p1a: Himiko|3/100 tox|[from] confusion
|move|p2a: Zapdos|Hurricane|p1a: Himiko|[miss]
|-miss|p2a: Zapdos|p1a: Himiko
|
|-heal|p1a: Himiko|16/100 tox|[from] ability: Poison Heal
|upkeep
|turn|23
|
|t:|1776152320
|-activate|p1a: Himiko|confusion
|move|p1a: Himiko|Dual Wingbeat|p2a: Zapdos|[miss]
|-miss|p1a: Himiko|p2a: Zapdos
|move|p2a: Zapdos|Hurricane|p1a: Himiko|[miss]
|-miss|p2a: Zapdos|p1a: Himiko
|
|-heal|p1a: Himiko|28/100 tox|[from] ability: Poison Heal
|upkeep
|turn|24
|
|t:|1776152323
|-end|p1a: Himiko|confusion
|move|p1a: Himiko|Dual Wingbeat|p2a: Zapdos
|-resisted|p2a: Zapdos
|-damage|p2a: Zapdos|21/100
|-resisted|p2a: Zapdos
|-damage|p2a: Zapdos|0 fnt
|faint|p2a: Zapdos
|-hitcount|p2: Zapdos|2
|
|-heal|p1a: Himiko|41/100 tox|[from] ability: Poison Heal
|upkeep
|c|☆ascended tusk 69|such a bs game lmfao
|
|t:|1776152331
|switch|p2a: Kingambit|Kingambit, M|100/100
|-activate|p2a: Kingambit|ability: Supreme Overlord
|-start|p2a: Kingambit|fallen4|[silent]
|turn|25
|
|t:|1776152339
|move|p2a: Kingambit|Sucker Punch|p1a: Himiko
|-damage|p1a: Himiko|0 fnt
|faint|p1a: Himiko
|
|upkeep
|
|t:|1776152347
|switch|p1a: Ak Qoyun|Iron Valiant|100/100
|-enditem|p1a: Ak Qoyun|Booster Energy
|-activate|p1a: Ak Qoyun|ability: Quark Drive|[fromitem]
|-start|p1a: Ak Qoyun|quarkdrivespe
|turn|26
|
|t:|1776152357
|-end|p1a: Ak Qoyun|Quark Drive|[silent]
|switch|p1a: WINGED C|Latias, F|100/100
|-terastallize|p2a: Kingambit|Fighting
|move|p2a: Kingambit|Iron Head|p1a: WINGED C
|-damage|p1a: WINGED C|53/100
|
|-heal|p1a: WINGED C|59/100|[from] item: Leftovers
|upkeep
|turn|27
|
|t:|1776152368
|move|p1a: WINGED C|Stored Power|p2a: Kingambit
|-supereffective|p2a: Kingambit
|-crit|p2a: Kingambit
|-damage|p2a: Kingambit|74/100
|move|p2a: Kingambit|Iron Head|p1a: WINGED C
|-damage|p1a: WINGED C|13/100
|
|-heal|p1a: WINGED C|19/100|[from] item: Leftovers
|-heal|p2a: Kingambit|80/100|[from] item: Leftovers
|upkeep
|turn|28
|
|t:|1776152374
|move|p1a: WINGED C|Calm Mind|p1a: WINGED C
|-boost|p1a: WINGED C|spa|1
|-boost|p1a: WINGED C|spd|1
|move|p2a: Kingambit|Iron Head|p1a: WINGED C
|-damage|p1a: WINGED C|0 fnt
|faint|p1a: WINGED C
|
|-heal|p2a: Kingambit|86/100|[from] item: Leftovers
|upkeep
|
|t:|1776152380
|switch|p1a: 68tales|Ninetales-Alola, M|100/100
|-weather|Snowscape|[from] ability: Snow Warning|[of] p1a: 68tales
|turn|29
|
|t:|1776152382
|move|p1a: 68tales|Aurora Veil|p1a: 68tales
|-sidestart|p1: ascended tusk 69|move: Aurora Veil
|move|p2a: Kingambit|Iron Head|p1a: 68tales
|-supereffective|p1a: 68tales
|-damage|p1a: 68tales|7/100
|
|-weather|Snowscape|[upkeep]
|-heal|p2a: Kingambit|92/100|[from] item: Leftovers
|upkeep
|turn|30
|
|t:|1776152385
|move|p1a: 68tales|Encore|p2a: Kingambit
|-start|p2a: Kingambit|Encore
|move|p2a: Kingambit|Iron Head|p1a: 68tales
|-supereffective|p1a: 68tales
|-damage|p1a: 68tales|0 fnt
|faint|p1a: 68tales
|
|-weather|Snowscape|[upkeep]
|-heal|p2a: Kingambit|98/100|[from] item: Leftovers
|upkeep
|
|t:|1776152390
|switch|p1a: DEATH SENTENCE|Kingambit, M|100/100
|-activate|p1a: DEATH SENTENCE|ability: Supreme Overlord
|-start|p1a: DEATH SENTENCE|fallen4|[silent]
|turn|31
|
|t:|1776152393
|-end|p2a: Kingambit|fallen4|[silent]
|switch|p2a: Ceruledge|Ceruledge, M|100/100
|move|p1a: DEATH SENTENCE|Swords Dance|p1a: DEATH SENTENCE
|-boost|p1a: DEATH SENTENCE|atk|2
|
|-weather|Snowscape|[upkeep]
|upkeep
|turn|32
|
|t:|1776152396
|-terastallize|p1a: DEATH SENTENCE|Fairy
|move|p2a: Ceruledge|Bitter Blade|p1a: DEATH SENTENCE
|-damage|p1a: DEATH SENTENCE|81/100
|move|p1a: DEATH SENTENCE|Kowtow Cleave|p2a: Ceruledge
|-supereffective|p2a: Ceruledge
|-damage|p2a: Ceruledge|0 fnt
|faint|p2a: Ceruledge
|
|-weather|Snowscape|[upkeep]
|-heal|p1a: DEATH SENTENCE|87/100|[from] item: Leftovers
|upkeep
|
|t:|1776152403
|switch|p2a: Kingambit|Kingambit, M, tera:Fighting|98/100
|-activate|p2a: Kingambit|ability: Supreme Overlord
|-start|p2a: Kingambit|fallen5|[silent]
|turn|33
|j| jantelov1
|
|t:|1776152408
|move|p2a: Kingambit|Iron Head|p1a: DEATH SENTENCE
|-supereffective|p1a: DEATH SENTENCE
|-damage|p1a: DEATH SENTENCE|31/100
|move|p1a: DEATH SENTENCE|Kowtow Cleave|p2a: Kingambit
|-resisted|p2a: Kingambit
|-damage|p2a: Kingambit|40/100
|
|-weather|none
|-heal|p2a: Kingambit|46/100|[from] item: Leftovers
|-heal|p1a: DEATH SENTENCE|38/100|[from] item: Leftovers
|upkeep
|turn|34
|
|t:|1776152413
|move|p2a: Kingambit|Iron Head|p1a: DEATH SENTENCE
|-supereffective|p1a: DEATH SENTENCE
|-damage|p1a: DEATH SENTENCE|0 fnt
|faint|p1a: DEATH SENTENCE
|-end|p1a: DEATH SENTENCE|fallen4|[silent]
|
|-heal|p2a: Kingambit|52/100|[from] item: Leftovers
|upkeep
|
|t:|1776152415
|switch|p1a: Ak Qoyun|Iron Valiant|100/100
|turn|35
|
|t:|1776152418
|move|p1a: Ak Qoyun|Metronome|p1a: Ak Qoyun
|move|p1a: Ak Qoyun|Present|p2a: Kingambit|[from] move: Metronome
|-damage|p2a: Kingambit|15/100
|move|p2a: Kingambit|Iron Head|p1a: Ak Qoyun
|-supereffective|p1a: Ak Qoyun
|-damage|p1a: Ak Qoyun|14/100
|
|-heal|p2a: Kingambit|22/100|[from] item: Leftovers
|upkeep
|turn|36
|
|t:|1776152431
|move|p1a: Ak Qoyun|Close Combat|p2a: Kingambit
|-damage|p2a: Kingambit|0 fnt
|-unboost|p1a: Ak Qoyun|def|1
|-unboost|p1a: Ak Qoyun|spd|1
|faint|p2a: Kingambit
|-end|p2a: Kingambit|fallen5|[silent]
|
|win|ascended tusk 69
|raw|ascended tusk 69's rating: 1520 &rarr; <strong>1542</strong><br />(+22 for winning)
|raw|okbomber's rating: 1558 &rarr; <strong>1536</strong><br />(-22 for losing)
|c|☆ascended tusk 69|had to showcase the metronome
|l|☆okbomber
|player|p2|
