|html|<div class="broadcast-blue"><strong>[Gen 9] OU is currently suspecting Tera Blast! For information on how to participate check out the <a href="https://www.smogon.com/tools/suspects/view/200">suspect thread</a>.</strong></div>
|j|☆Conedude
|j|☆hkjlhjkhe-c_e-
|t:|1776297760
|gametype|singles
|player|p1|Conedude|wallace|1000
|player|p2|hkjlhjkhe-c_e-|silver|1000
|gen|9
|tier|[Gen 9] OU
|rated|
|rule|HP Percentage Mod: HP is shown in percentages
|rule|Endless Battle Clause: Forcing endless battles is banned
|rule|Species Clause: Limit one of each Pokémon
|rule|OHKO Clause: OHKO moves are banned
|rule|Evasion Items Clause: Evasion items are banned
|rule|Evasion Moves Clause: Evasion moves are banned
|rule|Evasion Abilities Clause: Evasion abilities are banned
|rule|Sleep Moves Clause: Sleep-inducing moves are banned
|clearpoke
|poke|p1|Ceruledge, M|
|poke|p1|Raging Bolt|
|poke|p1|Great Tusk|
|poke|p1|Kyurem|
|poke|p1|Kingambit, M|
|poke|p1|Ogerpon-Wellspring, F|
|poke|p2|Clefable, M|
|poke|p2|Dragonite, M|
|poke|p2|Mew|
|poke|p2|Gengar, M|
|poke|p2|Walking Wake|
|poke|p2|Zapdos|
|teampreview
|
|t:|1776297778
|teamsize|p1|6
|teamsize|p2|6
|start
|switch|p1a: Hannibal|Great Tusk, shiny|100/100
|switch|p2a: Clefable|Clefable, M|100/100
|turn|1
|
|t:|1776297826
|switch|p2a: Walking Wake|Walking Wake|100/100
|move|p1a: Hannibal|Stealth Rock|p2a: Walking Wake
|-sidestart|p2: hkjlhjkhe-c_e-|move: Stealth Rock
|
|upkeep
|turn|2
|
|t:|1776297854
|-end|p1a: Hannibal|Protosynthesis|[silent]
|switch|p1a: Rexvolt|Raging Bolt|100/100
|-enditem|p1a: Rexvolt|Booster Energy
|-activate|p1a: Rexvolt|ability: Protosynthesis|[fromitem]
|-start|p1a: Rexvolt|protosynthesisspa
|move|p2a: Walking Wake|Rain Dance|p2a: Walking Wake
|-weather|RainDance
|
|-weather|RainDance|[upkeep]
|upkeep
|turn|3
|
|t:|1776297866
|-end|p2a: Walking Wake|Protosynthesis|[silent]
|switch|p2a: Dragonite|Dragonite, M|100/100
|-damage|p2a: Dragonite|75/100|[from] Stealth Rock
|move|p1a: Rexvolt|Thunderclap||[still]
|-fail|p1a: Rexvolt
|
|-weather|RainDance|[upkeep]
|-heal|p2a: Dragonite|82/100|[from] item: Leftovers
|upkeep
|turn|4
|
|t:|1776297914
|-terastallize|p1a: Rexvolt|Fairy
|move|p2a: Dragonite|Hurricane|p1a: Rexvolt
|-damage|p1a: Rexvolt|64/100
|move|p1a: Rexvolt|Dragon Pulse|p2a: Dragonite
|-supereffective|p2a: Dragonite
|-damage|p2a: Dragonite|0 fnt
|faint|p2a: Dragonite
|
|-weather|RainDance|[upkeep]
|upkeep
|
|t:|1776297925
|switch|p2a: Mew|Mew|100/100
|-damage|p2a: Mew|88/100|[from] Stealth Rock
|turn|5
|
|t:|1776297966
|move|p2a: Mew|Thunder Wave|p1a: Rexvolt
|-status|p1a: Rexvolt|par
|move|p1a: Rexvolt|Thunderbolt|p2a: Mew
|-damage|p2a: Mew|17/100
|
|-weather|RainDance|[upkeep]
|-heal|p2a: Mew|23/100|[from] item: Leftovers
|upkeep
|turn|6
|
|t:|1776297979
|move|p2a: Mew|Spikes|p1a: Rexvolt
|-sidestart|p1: Conedude|Spikes
|move|p1a: Rexvolt|Thunderbolt|p2a: Mew
|-damage|p2a: Mew|0 fnt
|faint|p2a: Mew
|
|-weather|none
|upkeep
|
|t:|1776297991
|switch|p2a: Clefable|Clefable, M|100/100
|turn|7
|
|t:|1776298040
|-end|p1a: Rexvolt|Protosynthesis|[silent]
|switch|p1a: Regicide|Kingambit, M, shiny|100/100
|-damage|p1a: Regicide|88/100|[from] Spikes
|move|p2a: Clefable|Calm Mind|p2a: Clefable
|-boost|p2a: Clefable|spa|1
|-boost|p2a: Clefable|spd|1
|
|-heal|p1a: Regicide|94/100|[from] item: Leftovers
|upkeep
|turn|8
|
|t:|1776298059
|move|p2a: Clefable|Thunder Wave|p1a: Regicide
|-status|p1a: Regicide|par
|move|p1a: Regicide|Iron Head|p2a: Clefable
|-supereffective|p2a: Clefable
|-crit|p2a: Clefable
|-damage|p2a: Clefable|0 fnt
|faint|p2a: Clefable
|
|-heal|p1a: Regicide|100/100 par|[from] item: Leftovers
|upkeep
|
|t:|1776298070
|switch|p2a: Walking Wake|Walking Wake|100/100
|-damage|p2a: Walking Wake|88/100|[from] Stealth Rock
|turn|9
|
|t:|1776298107
|-end|p1a: Regicide|fallenundefined|[silent]
|switch|p1a: Kappa|Ogerpon-Wellspring, F|100/100
|-damage|p1a: Kappa|88/100|[from] Spikes
|move|p2a: Walking Wake|Rain Dance|p2a: Walking Wake
|-weather|RainDance
|
|-weather|RainDance|[upkeep]
|-heal|p2a: Walking Wake|94/100|[from] item: Leftovers
|upkeep
|turn|10
|
|t:|1776298120
|move|p1a: Kappa|Play Rough|p2a: Walking Wake|[miss]
|-miss|p1a: Kappa|p2a: Walking Wake
|move|p2a: Walking Wake|Waterfall|p1a: Kappa
|-heal|p1a: Kappa|100/100|[from] ability: Water Absorb|[of] p2a: Walking Wake
|
|-weather|RainDance|[upkeep]
|-heal|p2a: Walking Wake|100/100|[from] item: Leftovers
|upkeep
|turn|11
|
|t:|1776298129
|-end|p2a: Walking Wake|Protosynthesis|[silent]
|switch|p2a: Zapdos|Zapdos|100/100
|-damage|p2a: Zapdos|75/100|[from] Stealth Rock
|-ability|p2a: Zapdos|Pressure
|move|p1a: Kappa|Swords Dance|p1a: Kappa
|-boost|p1a: Kappa|atk|2
|
|-weather|RainDance|[upkeep]
|upkeep
|turn|12
|
|t:|1776298138
|move|p1a: Kappa|Ivy Cudgel|p2a: Zapdos|[anim] Ivy Cudgel Water
|-damage|p2a: Zapdos|0 fnt
|faint|p2a: Zapdos
|
|-weather|RainDance|[upkeep]
|upkeep
|-message|hkjlhjkhe-c_e- forfeited.
|
|win|Conedude
|raw|Conedude's rating: 1000 &rarr; <strong>1040</strong><br />(+40 for winning)
|raw|hkjlhjkhe-c_e-'s rating: 1000 &rarr; <strong>1000</strong><br />(+0 for losing)
|l|☆hkjlhjkhe-c_e-
|player|p2|
|n|☆Conedude|conedude
