|html|<div class="broadcast-blue"><strong>[Gen 9] OU is currently suspecting Tera Blast! For information on how to participate check out the <a href="https://www.smogon.com/tools/suspects/view/200">suspect thread</a>.</strong></div>
|j|☆qizrad
|j|☆jujutush
|t:|1776100732
|gametype|singles
|player|p1|qizrad|sage|1730
|player|p2|jujutush|1|1738
|gen|9
|tier|[Gen 9] OU
|rated|
|rule|HP Percentage Mod: HP is shown in percentages
|rule|Endless Battle Clause: Forcing endless battles is banned
|rule|Species Clause: Limit one of each Pokémon
|rule|OHKO Clause: OHKO moves are banned
|rule|Evasion Items Clause: Evasion items are banned
|rule|Evasion Moves Clause: Evasion moves are banned
|rule|Evasion Abilities Clause: Evasion abilities are banned
|rule|Sleep Moves Clause: Sleep-inducing moves are banned
|clearpoke
|poke|p1|Araquanid, F|
|poke|p1|Ceruledge, M|
|poke|p1|Enamorus, F|
|poke|p1|Iron Treads|
|poke|p1|Kingambit, M|
|poke|p1|Pecharunt|
|poke|p2|Deoxys-Speed|
|poke|p2|Iron Valiant|
|poke|p2|Dragapult, F|
|poke|p2|Scizor, F|
|poke|p2|Dragonite, F|
|poke|p2|Darkrai|
|teampreview
|inactive|Battle timer is ON: inactive players will automatically lose when time's up. (requested by qizrad)
|
|t:|1776100746
|teamsize|p1|6
|teamsize|p2|6
|start
|switch|p1a: Misty|Araquanid, F|100/100
|switch|p2a: Deoxys|Deoxys-Speed|100/100
|-ability|p2a: Deoxys|Pressure
|turn|1
|
|t:|1776100751
|move|p2a: Deoxys|Taunt|p1a: Misty
|-start|p1a: Misty|move: Taunt
|move|p1a: Misty|Surf|p2a: Deoxys
|-damage|p2a: Deoxys|33/100
|-enditem|p2a: Deoxys|Red Card|[of] p1a: Misty
|drag|p1a: Goddess|Enamorus, F|100/100
|
|upkeep
|turn|2
|
|t:|1776100762
|switch|p1a: Trouble|Kingambit, M|100/100
|move|p2a: Deoxys|Stealth Rock|p1a: Trouble
|-sidestart|p1: qizrad|move: Stealth Rock
|
|upkeep
|turn|3
|
|t:|1776100769
|move|p2a: Deoxys|Spikes|p1a: Trouble
|-sidestart|p1: qizrad|Spikes
|move|p1a: Trouble|Kowtow Cleave|p2a: Deoxys
|-supereffective|p2a: Deoxys
|-damage|p2a: Deoxys|0 fnt
|faint|p2a: Deoxys
|
|upkeep
|
|t:|1776100774
|switch|p2a: Iron Valiant|Iron Valiant|100/100
|-enditem|p2a: Iron Valiant|Booster Energy
|-activate|p2a: Iron Valiant|ability: Quark Drive|[fromitem]
|-start|p2a: Iron Valiant|quarkdrivespe
|turn|4
|
|t:|1776100781
|-end|p1a: Trouble|fallenundefined|[silent]
|switch|p1a: Bewitched|Pecharunt|100/100
|-damage|p1a: Bewitched|88/100|[from] Stealth Rock
|-item|p1a: Bewitched|Air Balloon
|move|p2a: Iron Valiant|Swords Dance|p2a: Iron Valiant
|-boost|p2a: Iron Valiant|atk|2
|
|upkeep
|turn|5
|
|t:|1776100791
|move|p2a: Iron Valiant|Knock Off|p1a: Bewitched
|-supereffective|p1a: Bewitched
|-damage|p1a: Bewitched|0 fnt
|-enditem|p1a: Bewitched|Air Balloon
|faint|p1a: Bewitched
|
|upkeep
|
|t:|1776100806
|switch|p1a: Nocturne|Ceruledge, M|100/100
|-damage|p1a: Nocturne|76/100|[from] Stealth Rock
|-damage|p1a: Nocturne|63/100|[from] Spikes
|turn|6
|
|t:|1776100816
|-terastallize|p1a: Nocturne|Fairy
|move|p2a: Iron Valiant|Knock Off|p1a: Nocturne
|-resisted|p1a: Nocturne
|-damage|p1a: Nocturne|23/100
|-ability|p1a: Nocturne|Weak Armor|boost
|-unboost|p1a: Nocturne|def|1
|-boost|p1a: Nocturne|spe|2
|-enditem|p1a: Nocturne|Life Orb|[from] move: Knock Off|[of] p2a: Iron Valiant
|move|p1a: Nocturne|Tera Blast|p2a: Iron Valiant|[anim] Tera Blast Fairy
|-supereffective|p2a: Iron Valiant
|-damage|p2a: Iron Valiant|0 fnt
|faint|p2a: Iron Valiant
|-end|p2a: Iron Valiant|Quark Drive|[silent]
|
|upkeep
|
|t:|1776100820
|switch|p2a: Scizor|Scizor, F|100/100
|turn|7
|
|t:|1776100829
|switch|p1a: Misty|Araquanid, F|100/100
|-damage|p1a: Misty|75/100|[from] Stealth Rock
|-damage|p1a: Misty|63/100|[from] Spikes
|move|p2a: Scizor|Bullet Punch|p1a: Misty
|-resisted|p1a: Misty
|-damage|p1a: Misty|39/100
|-damage|p2a: Scizor|91/100|[from] item: Life Orb
|
|upkeep
|turn|8
|
|t:|1776100840
|move|p2a: Scizor|Knock Off|p1a: Misty
|-damage|p1a: Misty|0 fnt
|-enditem|p1a: Misty|Custap Berry|[from] move: Knock Off|[of] p2a: Scizor
|faint|p1a: Misty
|-damage|p2a: Scizor|81/100|[from] item: Life Orb
|
|upkeep
|
|t:|1776100852
|switch|p1a: Promise|Iron Treads|100/100
|-damage|p1a: Promise|97/100|[from] Stealth Rock
|-damage|p1a: Promise|85/100|[from] Spikes
|-enditem|p1a: Promise|Booster Energy
|-activate|p1a: Promise|ability: Quark Drive|[fromitem]
|-start|p1a: Promise|quarkdrivespe
|turn|9
|
|t:|1776100856
|switch|p2a: Dragapult|Dragapult, F|100/100
|-item|p2a: Dragapult|Air Balloon
|move|p1a: Promise|Rapid Spin|p2a: Dragapult
|-immune|p2a: Dragapult
|
|upkeep
|turn|10
|
|t:|1776100864
|move|p1a: Promise|Stealth Rock|p2a: Dragapult
|-sidestart|p2: jujutush|move: Stealth Rock
|move|p2a: Dragapult|Will-O-Wisp|p1a: Promise
|-status|p1a: Promise|brn
|
|-damage|p1a: Promise|79/100 brn|[from] brn
|upkeep
|turn|11
|
|t:|1776100869
|move|p1a: Promise|Steel Beam|p2a: Dragapult
|-damage|p2a: Dragapult|30/100
|-enditem|p2a: Dragapult|Air Balloon
|-damage|p1a: Promise|29/100 brn|[from] steelbeam
|move|p2a: Dragapult|Hex|p1a: Promise
|-damage|p1a: Promise|0 fnt
|faint|p1a: Promise
|-end|p1a: Promise|Quark Drive|[silent]
|
|upkeep
|
|t:|1776100888
|switch|p1a: Goddess|Enamorus, F|100/100
|-damage|p1a: Goddess|76/100|[from] Stealth Rock
|turn|12
|
|t:|1776100899
|move|p2a: Dragapult|Hex|p1a: Goddess
|-damage|p1a: Goddess|38/100
|move|p1a: Goddess|Mystical Fire|p2a: Dragapult
|-resisted|p2a: Dragapult
|-damage|p2a: Dragapult|1/100
|
|upkeep
|turn|13
|
|t:|1776100914
|move|p2a: Dragapult|Hex|p1a: Goddess
|-crit|p1a: Goddess
|-damage|p1a: Goddess|0 fnt
|faint|p1a: Goddess
|
|upkeep
|
|t:|1776100918
|switch|p1a: Trouble|Kingambit, M|100/100
|-damage|p1a: Trouble|94/100|[from] Stealth Rock
|-damage|p1a: Trouble|82/100|[from] Spikes
|-activate|p1a: Trouble|ability: Supreme Overlord
|-start|p1a: Trouble|fallen4|[silent]
|turn|14
|
|t:|1776100921
|move|p2a: Dragapult|Will-O-Wisp|p1a: Trouble
|-status|p1a: Trouble|brn
|move|p1a: Trouble|Swords Dance|p1a: Trouble
|-boost|p1a: Trouble|atk|2
|
|-damage|p1a: Trouble|76/100 brn|[from] brn
|upkeep
|turn|15
|
|t:|1776100926
|move|p2a: Dragapult|Hex|p1a: Trouble
|-resisted|p1a: Trouble
|-damage|p1a: Trouble|41/100 brn
|move|p1a: Trouble|Swords Dance|p1a: Trouble
|-boost|p1a: Trouble|atk|2
|
|-damage|p1a: Trouble|35/100 brn|[from] brn
|upkeep
|turn|16
|
|t:|1776100930
|move|p1a: Trouble|Sucker Punch||[still]
|-fail|p1a: Trouble
|move|p2a: Dragapult|Will-O-Wisp|p1a: Trouble
|-fail|p1a: Trouble|brn
|
|-damage|p1a: Trouble|29/100 brn|[from] brn
|upkeep
|turn|17
|
|t:|1776100934
|move|p2a: Dragapult|Hex|p1a: Trouble
|-resisted|p1a: Trouble
|-damage|p1a: Trouble|0 fnt
|faint|p1a: Trouble
|-end|p1a: Trouble|fallen4|[silent]
|
|upkeep
|-message|qizrad forfeited.
|
|win|jujutush
|raw|qizrad's rating: 1730 &rarr; <strong>1710</strong><br />(-20 for losing)
|raw|jujutush's rating: 1738 &rarr; <strong>1758</strong><br />(+20 for winning)
|l|☆qizrad
|player|p1|
|l|☆jujutush
|player|p2|
