|html|<div class="broadcast-blue"><strong>[Gen 9] OU is currently suspecting Tera Blast! For information on how to participate check out the <a href="https://www.smogon.com/tools/suspects/view/200">suspect thread</a>.</strong></div>
|j|☆Sniper20657
|j|☆suifenli
|t:|1776057823
|gametype|singles
|player|p1|Sniper20657|101|1328
|player|p2|suifenli|n|1412
|gen|9
|tier|[Gen 9] OU
|rated|
|rule|HP Percentage Mod: HP is shown in percentages
|rule|Endless Battle Clause: Forcing endless battles is banned
|rule|Species Clause: Limit one of each Pokémon
|rule|OHKO Clause: OHKO moves are banned
|rule|Evasion Items Clause: Evasion items are banned
|rule|Evasion Moves Clause: Evasion moves are banned
|rule|Evasion Abilities Clause: Evasion abilities are banned
|rule|Sleep Moves Clause: Sleep-inducing moves are banned
|clearpoke
|poke|p1|Darkrai|
|poke|p1|Indeedee, M|
|poke|p1|Hoopa-Unbound|
|poke|p1|Heatran, M|
|poke|p1|Zamazenta-*|
|poke|p1|Iron Hands|
|poke|p2|Thundurus, M|
|poke|p2|Grimmsnarl, M|
|poke|p2|Empoleon, F|
|poke|p2|Zamazenta-*|
|poke|p2|Garganacl, M|
|poke|p2|Landorus-Therian, M|
|teampreview
|inactive|Battle timer is ON: inactive players will automatically lose when time's up. (requested by suifenli)
|j| Mignite0911
|
|t:|1776057852
|teamsize|p1|6
|teamsize|p2|6
|start
|switch|p1a: Darkrai|Darkrai|100/100
|switch|p2a: Grimmsnarl|Grimmsnarl, M|100/100
|turn|1
|
|t:|1776057858
|move|p2a: Grimmsnarl|Light Screen|p2a: Grimmsnarl
|-sidestart|p2: suifenli|move: Light Screen
|move|p1a: Darkrai|Sludge Bomb|p2a: Grimmsnarl
|-supereffective|p2a: Grimmsnarl
|-damage|p2a: Grimmsnarl|71/100
|
|upkeep
|turn|2
|
|t:|1776057870
|move|p1a: Darkrai|Sludge Bomb|p2a: Grimmsnarl
|-supereffective|p2a: Grimmsnarl
|-damage|p2a: Grimmsnarl|43/100
|move|p2a: Grimmsnarl|Spirit Break|p1a: Darkrai
|-supereffective|p1a: Darkrai
|-damage|p1a: Darkrai|13/100
|-unboost|p1a: Darkrai|spa|1
|
|upkeep
|turn|3
|
|t:|1776057881
|switch|p1a: Heatran|Heatran, M|100/100
|-item|p1a: Heatran|Air Balloon
|move|p2a: Grimmsnarl|Spirit Break|p1a: Heatran
|-resisted|p1a: Heatran
|-damage|p1a: Heatran|94/100
|-unboost|p1a: Heatran|spa|1
|-enditem|p1a: Heatran|Air Balloon
|
|upkeep
|turn|4
|
|t:|1776057887
|move|p2a: Grimmsnarl|Reflect|p2a: Grimmsnarl
|-sidestart|p2: suifenli|Reflect
|move|p1a: Heatran|Stealth Rock|p2a: Grimmsnarl
|-sidestart|p2: suifenli|move: Stealth Rock
|
|upkeep
|turn|5
|
|t:|1776057892
|move|p1a: Heatran|Flash Cannon|p2a: Grimmsnarl
|-supereffective|p2a: Grimmsnarl
|-damage|p2a: Grimmsnarl|20/100
|move|p2a: Grimmsnarl|Spirit Break|p1a: Heatran
|-resisted|p1a: Heatran
|-damage|p1a: Heatran|88/100
|-unboost|p1a: Heatran|spa|1
|
|-sideend|p2: suifenli|move: Light Screen
|upkeep
|turn|6
|
|t:|1776057904
|switch|p2a: Empoleon|Empoleon, F|100/100
|-damage|p2a: Empoleon|94/100|[from] Stealth Rock
|move|p1a: Heatran|Flash Cannon|p2a: Empoleon
|-resisted|p2a: Empoleon
|-damage|p2a: Empoleon|91/100
|-enditem|p2a: Empoleon|Maranga Berry|[eat]
|-boost|p2a: Empoleon|spd|1|[from] item: Maranga Berry
|
|upkeep
|turn|7
|
|t:|1776057920
|switch|p1a: Zamazenta|Zamazenta|100/100
|-ability|p1a: Zamazenta|Dauntless Shield|boost
|-boost|p1a: Zamazenta|def|1
|move|p2a: Empoleon|Swords Dance|p2a: Empoleon
|-boost|p2a: Empoleon|atk|2
|
|upkeep
|turn|8
|
|t:|1776057925
|move|p2a: Empoleon|Iron Defense|p2a: Empoleon
|-boost|p2a: Empoleon|def|2
|move|p1a: Zamazenta|Roar|p2a: Empoleon
|drag|p2a: Garganacl|Garganacl, M|100/100
|-damage|p2a: Garganacl|88/100|[from] Stealth Rock
|
|-sideend|p2: suifenli|Reflect
|upkeep
|turn|9
|
|t:|1776057936
|move|p1a: Zamazenta|Body Press|p2a: Garganacl
|-supereffective|p2a: Garganacl
|-damage|p2a: Garganacl|20/100
|move|p2a: Garganacl|Salt Cure|p1a: Zamazenta
|-resisted|p1a: Zamazenta
|-damage|p1a: Zamazenta|97/100
|-start|p1a: Zamazenta|Salt Cure
|
|-heal|p1a: Zamazenta|100/100|[from] item: Leftovers
|-damage|p1a: Zamazenta|88/100|[from] Salt Cure
|upkeep
|turn|10
|
|t:|1776057942
|move|p1a: Zamazenta|Iron Defense|p1a: Zamazenta
|-boost|p1a: Zamazenta|def|2
|move|p2a: Garganacl|Recover|p2a: Garganacl
|-heal|p2a: Garganacl|70/100
|
|-heal|p1a: Zamazenta|94/100|[from] item: Leftovers
|-damage|p1a: Zamazenta|82/100|[from] Salt Cure
|upkeep
|turn|11
|
|t:|1776057949
|switch|p2a: Landorus|Landorus-Therian, M|100/100
|-damage|p2a: Landorus|88/100|[from] Stealth Rock
|-ability|p2a: Landorus|Intimidate|boost
|-unboost|p1a: Zamazenta|atk|1
|move|p1a: Zamazenta|Body Press|p2a: Landorus
|-resisted|p2a: Landorus
|-damage|p2a: Landorus|42/100
|
|-heal|p1a: Zamazenta|88/100|[from] item: Leftovers
|-damage|p1a: Zamazenta|76/100|[from] Salt Cure
|upkeep
|turn|12
|
|t:|1776057957
|move|p2a: Landorus|U-turn|p1a: Zamazenta
|-resisted|p1a: Zamazenta
|-damage|p1a: Zamazenta|72/100
|
|t:|1776057965
|switch|p2a: Thundurus|Thundurus, M|100/100|[from] U-turn
|-damage|p2a: Thundurus|76/100|[from] Stealth Rock
|move|p1a: Zamazenta|Body Press|p2a: Thundurus
|-resisted|p2a: Thundurus
|-damage|p2a: Thundurus|7/100
|
|-heal|p1a: Zamazenta|78/100|[from] item: Leftovers
|-damage|p1a: Zamazenta|65/100|[from] Salt Cure
|upkeep
|turn|13
|
|t:|1776057972
|move|p1a: Zamazenta|Body Press|p2a: Thundurus
|-resisted|p2a: Thundurus
|-damage|p2a: Thundurus|0 fnt
|faint|p2a: Thundurus
|
|-heal|p1a: Zamazenta|72/100|[from] item: Leftovers
|-damage|p1a: Zamazenta|59/100|[from] Salt Cure
|upkeep
|
|t:|1776057979
|switch|p2a: Grimmsnarl|Grimmsnarl, M|20/100
|-damage|p2a: Grimmsnarl|7/100|[from] Stealth Rock
|turn|14
|
|t:|1776057990
|move|p2a: Grimmsnarl|Trick|p1a: Zamazenta
|-activate|p2a: Grimmsnarl|move: Trick|[of] p1a: Zamazenta
|-item|p1a: Zamazenta|Lagging Tail|[from] move: Trick
|-item|p2a: Grimmsnarl|Leftovers|[from] move: Trick
|move|p1a: Zamazenta|Body Press|p2a: Grimmsnarl
|-damage|p2a: Grimmsnarl|0 fnt
|faint|p2a: Grimmsnarl
|
|-damage|p1a: Zamazenta|47/100|[from] Salt Cure
|upkeep
|
|t:|1776057993
|switch|p2a: Zamazenta|Zamazenta|100/100
|-damage|p2a: Zamazenta|94/100|[from] Stealth Rock
|-ability|p2a: Zamazenta|Dauntless Shield|boost
|-boost|p2a: Zamazenta|def|1
|turn|15
|
|t:|1776057997
|move|p2a: Zamazenta|Body Press|p1a: Zamazenta
|-damage|p1a: Zamazenta|34/100
|move|p1a: Zamazenta|Roar|p2a: Zamazenta
|drag|p2a: Empoleon|Empoleon, F|91/100
|-damage|p2a: Empoleon|85/100|[from] Stealth Rock
|
|-damage|p1a: Zamazenta|22/100|[from] Salt Cure
|upkeep
|turn|16
|
|t:|1776058008
|switch|p2a: Landorus|Landorus-Therian, M|42/100
|-damage|p2a: Landorus|30/100|[from] Stealth Rock
|-ability|p2a: Landorus|Intimidate|boost
|-unboost|p1a: Zamazenta|atk|1
|move|p1a: Zamazenta|Body Press|p2a: Landorus
|-resisted|p2a: Landorus
|-damage|p2a: Landorus|0 fnt
|faint|p2a: Landorus
|
|-damage|p1a: Zamazenta|10/100|[from] Salt Cure
|upkeep
|
|t:|1776058013
|switch|p2a: Zamazenta|Zamazenta|94/100
|-damage|p2a: Zamazenta|88/100|[from] Stealth Rock
|turn|17
|
|t:|1776058026
|switch|p1a: Darkrai|Darkrai|13/100
|move|p2a: Zamazenta|Iron Defense|p2a: Zamazenta
|-boost|p2a: Zamazenta|def|2
|
|-heal|p2a: Zamazenta|94/100|[from] item: Leftovers
|upkeep
|turn|18
|
|t:|1776058030
|move|p1a: Darkrai|Trick|p2a: Zamazenta
|-activate|p1a: Darkrai|move: Trick|[of] p2a: Zamazenta
|-item|p2a: Zamazenta|Choice Scarf|[from] move: Trick
|-item|p1a: Darkrai|Leftovers|[from] move: Trick
|move|p2a: Zamazenta|Body Press|p1a: Darkrai
|-supereffective|p1a: Darkrai
|-damage|p1a: Darkrai|0 fnt
|faint|p1a: Darkrai
|
|upkeep
|
|t:|1776058047
|switch|p1a: Indeedee|Indeedee, M|100/100
|-fieldstart|move: Psychic Terrain|[from] ability: Psychic Surge|[of] p1a: Indeedee
|turn|19
|
|t:|1776058057
|-terastallize|p2a: Zamazenta|Dark
|-terastallize|p1a: Indeedee|Fairy
|move|p2a: Zamazenta|Body Press|p1a: Indeedee
|-resisted|p1a: Indeedee
|-damage|p1a: Indeedee|64/100
|move|p1a: Indeedee|Trick Room|p1a: Indeedee
|-fieldstart|move: Trick Room|[of] p1a: Indeedee
|
|upkeep
|turn|20
|
|t:|1776058065
|move|p1a: Indeedee|Dazzling Gleam|p2a: Zamazenta
|-supereffective|p2a: Zamazenta
|-damage|p2a: Zamazenta|64/100
|move|p2a: Zamazenta|Body Press|p1a: Indeedee
|-resisted|p1a: Indeedee
|-damage|p1a: Indeedee|32/100
|
|upkeep
|turn|21
|
|t:|1776058081
|move|p1a: Indeedee|Dazzling Gleam|p2a: Zamazenta
|-supereffective|p2a: Zamazenta
|-crit|p2a: Zamazenta
|-damage|p2a: Zamazenta|17/100
|move|p2a: Zamazenta|Body Press|p1a: Indeedee
|-resisted|p1a: Indeedee
|-damage|p1a: Indeedee|0 fnt
|faint|p1a: Indeedee
|
|upkeep
|inactive|Sniper20657 has 120 seconds left.
|
|t:|1776058104
|switch|p1a: Iron Hands|Iron Hands|100/100
|-enditem|p1a: Iron Hands|Booster Energy
|-activate|p1a: Iron Hands|ability: Quark Drive|[fromitem]
|-start|p1a: Iron Hands|quarkdriveatk
|turn|22
|
|t:|1776058110
|move|p1a: Iron Hands|Drain Punch|p2a: Zamazenta
|-supereffective|p2a: Zamazenta
|-damage|p2a: Zamazenta|0 fnt
|faint|p2a: Zamazenta
|
|upkeep
|
|t:|1776058121
|switch|p2a: Garganacl|Garganacl, M|70/100
|-damage|p2a: Garganacl|57/100|[from] Stealth Rock
|turn|23
|
|t:|1776058131
|move|p2a: Garganacl|Salt Cure|p1a: Iron Hands
|-resisted|p1a: Iron Hands
|-damage|p1a: Iron Hands|96/100
|-start|p1a: Iron Hands|Salt Cure
|move|p1a: Iron Hands|Drain Punch|p2a: Garganacl
|-supereffective|p2a: Garganacl
|-damage|p2a: Garganacl|0 fnt
|-heal|p1a: Iron Hands|100/100|[from] drain|[of] p2a: Garganacl
|faint|p2a: Garganacl
|
|-damage|p1a: Iron Hands|88/100|[from] Salt Cure
|-fieldend|move: Trick Room
|upkeep
|
|t:|1776058135
|switch|p2a: Empoleon|Empoleon, F|85/100
|-damage|p2a: Empoleon|78/100|[from] Stealth Rock
|turn|24
|
|t:|1776058137
|move|p2a: Empoleon|Iron Defense|p2a: Empoleon
|-boost|p2a: Empoleon|def|2
|move|p1a: Iron Hands|Drain Punch|p2a: Empoleon
|-supereffective|p2a: Empoleon
|-damage|p2a: Empoleon|30/100
|-heal|p1a: Iron Hands|100/100|[from] drain|[of] p2a: Empoleon
|
|-damage|p1a: Iron Hands|88/100|[from] Salt Cure
|upkeep
|turn|25
|
|t:|1776058148
|move|p2a: Empoleon|Roost|p2a: Empoleon
|-heal|p2a: Empoleon|80/100
|-singleturn|p2a: Empoleon|move: Roost
|move|p1a: Iron Hands|Drain Punch|p2a: Empoleon
|-supereffective|p2a: Empoleon
|-damage|p2a: Empoleon|34/100
|-heal|p1a: Iron Hands|100/100|[from] drain|[of] p2a: Empoleon
|
|-damage|p1a: Iron Hands|88/100|[from] Salt Cure
|upkeep
|turn|26
|
|t:|1776058160
|-end|p1a: Iron Hands|Quark Drive|[silent]
|switch|p1a: Hoopa|Hoopa-Unbound|100/100
|-enditem|p1a: Hoopa|Psychic Seed
|-boost|p1a: Hoopa|spd|1|[from] item: Psychic Seed
|move|p2a: Empoleon|Roost|p2a: Empoleon
|-heal|p2a: Empoleon|84/100
|-singleturn|p2a: Empoleon|move: Roost
|
|-fieldend|move: Psychic Terrain
|upkeep
|turn|27
|
|t:|1776058165
|move|p2a: Empoleon|Iron Defense|p2a: Empoleon
|-boost|p2a: Empoleon|def|2
|move|p1a: Hoopa|Focus Blast|p2a: Empoleon
|-supereffective|p2a: Empoleon
|-damage|p2a: Empoleon|4/100
|
|upkeep
|turn|28
|
|t:|1776058171
|move|p2a: Empoleon|Roost|p2a: Empoleon
|-heal|p2a: Empoleon|54/100
|-singleturn|p2a: Empoleon|move: Roost
|move|p1a: Hoopa|Focus Blast|p2a: Empoleon
|-supereffective|p2a: Empoleon
|-damage|p2a: Empoleon|0 fnt
|faint|p2a: Empoleon
|
|win|Sniper20657
|raw|Sniper20657's rating: 1328 &rarr; <strong>1353</strong><br />(+25 for winning)
|raw|suifenli's rating: 1412 &rarr; <strong>1387</strong><br />(-25 for losing)
|l|☆suifenli
|player|p2|
|l|☆Sniper20657
|player|p1|
