|html|<div class="broadcast-blue"><strong>[Gen 9] OU is currently suspecting Tera Blast! For information on how to participate check out the <a href="https://www.smogon.com/tools/suspects/view/200">suspect thread</a>.</strong></div>
|j|☆alexander90281
|j|☆mathismathin
|t:|1776110540
|gametype|singles
|player|p1|alexander90281|tateandliza-gen3|1774
|player|p2|mathismathin|bugsy-masters|1839
|gen|9
|tier|[Gen 9] OU
|rated|
|rule|HP Percentage Mod: HP is shown in percentages
|rule|Endless Battle Clause: Forcing endless battles is banned
|rule|Species Clause: Limit one of each Pokémon
|rule|OHKO Clause: OHKO moves are banned
|rule|Evasion Items Clause: Evasion items are banned
|rule|Evasion Moves Clause: Evasion moves are banned
|rule|Evasion Abilities Clause: Evasion abilities are banned
|rule|Sleep Moves Clause: Sleep-inducing moves are banned
|clearpoke
|poke|p1|Mimikyu, F|
|poke|p1|Hatterene, F|
|poke|p1|Ursaluna, F|
|poke|p1|Kyurem|
|poke|p1|Raging Bolt|
|poke|p1|Iron Valiant|
|poke|p2|Tyranitar, F|
|poke|p2|Zapdos|
|poke|p2|Slowking-Galar, M|
|poke|p2|Orthworm, F|
|poke|p2|Great Tusk|
|poke|p2|Meowscarada, F|
|teampreview
|j| ohko_smeargle
|j| ueheheieiej
|
|t:|1776110580
|teamsize|p1|6
|teamsize|p2|6
|start
|switch|p1a: Hatterene|Hatterene, F|100/100
|switch|p2a: Orthworm|Orthworm, F|100/100
|turn|1
|
|t:|1776110585
|move|p2a: Orthworm|Heavy Slam|p1a: Hatterene
|-supereffective|p1a: Hatterene
|-damage|p1a: Hatterene|25/100
|move|p1a: Hatterene|Mystical Fire|p2a: Orthworm
|-supereffective|p2a: Orthworm
|-damage|p2a: Orthworm|10/100
|-unboost|p2a: Orthworm|spa|1
|
|-heal|p2a: Orthworm|16/100|[from] item: Leftovers
|upkeep
|turn|2
|
|t:|1776110589
|move|p2a: Orthworm|Heavy Slam|p1a: Hatterene
|-supereffective|p1a: Hatterene
|-damage|p1a: Hatterene|0 fnt
|faint|p1a: Hatterene
|
|-heal|p2a: Orthworm|22/100|[from] item: Leftovers
|upkeep
|
|t:|1776110599
|switch|p1a: Kyurem|Kyurem|100/100
|-ability|p1a: Kyurem|Pressure
|turn|3
|
|t:|1776110611
|switch|p2a: Slowking|Slowking-Galar, M|100/100
|-terastallize|p1a: Kyurem|Ground
|move|p1a: Kyurem|Dragon Dance|p1a: Kyurem
|-boost|p1a: Kyurem|atk|1
|-boost|p1a: Kyurem|spe|1
|
|upkeep
|turn|4
|
|t:|1776110621
|-terastallize|p2a: Slowking|Water
|move|p1a: Kyurem|Dragon Dance|p1a: Kyurem
|-boost|p1a: Kyurem|atk|1
|-boost|p1a: Kyurem|spe|1
|move|p2a: Slowking|Surf|p1a: Kyurem
|-supereffective|p1a: Kyurem
|-damage|p1a: Kyurem|30/100
|
|upkeep
|turn|5
|
|t:|1776110626
|move|p1a: Kyurem|Tera Blast|p2a: Slowking|[anim] Tera Blast Ground
|-damage|p2a: Slowking|20/100
|move|p2a: Slowking|Surf|p1a: Kyurem
|-supereffective|p1a: Kyurem
|-damage|p1a: Kyurem|0 fnt
|faint|p1a: Kyurem
|
|upkeep
|
|t:|1776110630
|switch|p1a: Iron Valiant|Iron Valiant|100/100
|-enditem|p1a: Iron Valiant|Booster Energy
|-activate|p1a: Iron Valiant|ability: Quark Drive|[fromitem]
|-start|p1a: Iron Valiant|quarkdrivespe
|turn|6
|
|t:|1776110634
|switch|p2a: Zapdos|Zapdos|100/100
|move|p1a: Iron Valiant|Drain Punch|p2a: Zapdos
|-resisted|p2a: Zapdos
|-damage|p2a: Zapdos|80/100
|
|upkeep
|turn|7
|
|t:|1776110636
|move|p1a: Iron Valiant|Spirit Break|p2a: Zapdos
|-damage|p2a: Zapdos|32/100
|-unboost|p2a: Zapdos|spa|1
|move|p2a: Zapdos|Hurricane|p1a: Iron Valiant
|-supereffective|p1a: Iron Valiant
|-damage|p1a: Iron Valiant|0 fnt
|faint|p1a: Iron Valiant
|-end|p1a: Iron Valiant|Quark Drive|[silent]
|
|upkeep
|
|t:|1776110644
|switch|p1a: Mimikyu|Mimikyu, F|100/100
|turn|8
|j| bbrread
|
|t:|1776110647
|move|p2a: Zapdos|Volt Switch|p1a: Mimikyu
|-activate|p1a: Mimikyu|ability: Disguise
|-damage|p1a: Mimikyu|100/100
|detailschange|p1a: Mimikyu|Mimikyu-Busted, F
|-damage|p1a: Mimikyu|88/100|[from] pokemon: Mimikyu-Busted
|
|t:|1776110649
|switch|p2a: Orthworm|Orthworm, F|22/100|[from] Volt Switch
|move|p1a: Mimikyu|Trick Room|p1a: Mimikyu
|-fieldstart|move: Trick Room|[of] p1a: Mimikyu
|
|-heal|p2a: Orthworm|28/100|[from] item: Leftovers
|upkeep
|turn|9
|
|t:|1776110651
|switch|p1a: Ursaluna|Ursaluna, F|100/100
|move|p2a: Orthworm|Stealth Rock|p1a: Ursaluna
|-sidestart|p1: alexander90281|move: Stealth Rock
|
|-heal|p2a: Orthworm|34/100|[from] item: Leftovers
|-status|p1a: Ursaluna|brn|[from] item: Flame Orb
|upkeep
|turn|10
|
|t:|1776110658
|move|p1a: Ursaluna|Crunch|p2a: Orthworm
|-damage|p2a: Orthworm|8/100
|move|p2a: Orthworm|Body Press|p1a: Ursaluna
|-supereffective|p1a: Ursaluna
|-damage|p1a: Ursaluna|54/100 brn
|
|-heal|p2a: Orthworm|14/100|[from] item: Leftovers
|-damage|p1a: Ursaluna|47/100 brn|[from] brn
|upkeep
|turn|11
|
|t:|1776110685
|switch|p2a: Zapdos|Zapdos|32/100
|move|p1a: Ursaluna|Facade|p2a: Zapdos
|-damage|p2a: Zapdos|0 fnt
|faint|p2a: Zapdos
|
|-damage|p1a: Ursaluna|41/100 brn|[from] brn
|upkeep
|
|t:|1776110687
|switch|p2a: Tyranitar|Tyranitar, F|100/100
|-weather|Sandstorm|[from] ability: Sand Stream|[of] p2a: Tyranitar
|turn|12
|
|t:|1776110692
|switch|p2a: Orthworm|Orthworm, F|14/100
|move|p1a: Ursaluna|Facade|p2a: Orthworm
|-resisted|p2a: Orthworm
|-damage|p2a: Orthworm|0 fnt
|faint|p2a: Orthworm
|
|-weather|Sandstorm|[upkeep]
|-damage|p1a: Ursaluna|35/100 brn|[from] brn
|-fieldend|move: Trick Room
|upkeep
|
|t:|1776110696
|switch|p2a: Great Tusk|Great Tusk|100/100
|turn|13
|
|t:|1776110698
|move|p2a: Great Tusk|Earthquake|p1a: Ursaluna
|-damage|p1a: Ursaluna|0 fnt
|faint|p1a: Ursaluna
|
|-weather|Sandstorm|[upkeep]
|upkeep
|
|t:|1776110700
|switch|p1a: Mimikyu|Mimikyu-Busted, F|88/100
|-damage|p1a: Mimikyu|76/100|[from] Stealth Rock
|turn|14
|
|t:|1776110706
|move|p2a: Great Tusk|Earthquake|p1a: Mimikyu
|-damage|p1a: Mimikyu|32/100
|move|p1a: Mimikyu|Trick Room|p1a: Mimikyu
|-fieldstart|move: Trick Room|[of] p1a: Mimikyu
|
|-weather|Sandstorm|[upkeep]
|-damage|p1a: Mimikyu|26/100|[from] Sandstorm
|upkeep
|turn|15
|
|t:|1776110711
|-end|p2a: Great Tusk|Protosynthesis|[silent]
|switch|p2a: Slowking|Slowking-Galar, M, tera:Water|53/100
|move|p1a: Mimikyu|Curse|p2a: Slowking
|-start|p2a: Slowking|Curse|[of] p1a: Mimikyu
|-damage|p1a: Mimikyu|0 fnt
|faint|p1a: Mimikyu
|
|-weather|Sandstorm|[upkeep]
|-damage|p2a: Slowking|47/100|[from] Sandstorm
|-damage|p2a: Slowking|22/100|[from] Curse
|upkeep
|
|t:|1776110713
|switch|p1a: Raging Bolt|Raging Bolt|100/100
|-damage|p1a: Raging Bolt|88/100|[from] Stealth Rock
|-enditem|p1a: Raging Bolt|Booster Energy
|-activate|p1a: Raging Bolt|ability: Protosynthesis|[fromitem]
|-start|p1a: Raging Bolt|protosynthesisspa
|turn|16
|
|t:|1776110718
|move|p2a: Slowking|Sludge Bomb|p1a: Raging Bolt
|-damage|p1a: Raging Bolt|60/100
|move|p1a: Raging Bolt|Calm Mind|p1a: Raging Bolt
|-boost|p1a: Raging Bolt|spa|1
|-boost|p1a: Raging Bolt|spd|1
|
|-weather|none
|-damage|p2a: Slowking|0 fnt|[from] Curse
|faint|p2a: Slowking
|upkeep
|
|t:|1776110726
|switch|p2a: Tyranitar|Tyranitar, F|100/100
|-weather|Sandstorm|[from] ability: Sand Stream|[of] p2a: Tyranitar
|turn|17
|
|t:|1776110731
|move|p1a: Raging Bolt|Thunderbolt|p2a: Tyranitar
|-damage|p2a: Tyranitar|36/100
|move|p2a: Tyranitar|Earthquake|p1a: Raging Bolt
|-supereffective|p1a: Raging Bolt
|-damage|p1a: Raging Bolt|0 fnt
|faint|p1a: Raging Bolt
|-end|p1a: Raging Bolt|Protosynthesis|[silent]
|
|win|mathismathin
|raw|alexander90281's rating: 1774 &rarr; <strong>1756</strong><br />(-18 for losing)
|raw|mathismathin's rating: 1814 &rarr; <strong>1832</strong><br />(+18 for winning)
|l| ohko_smeargle
|l|☆alexander90281
|player|p1|
|l|☆mathismathin
|player|p2|
|l| ueheheieiej
