|html|<div class="broadcast-blue"><strong>[Gen 9] OU is currently suspecting Tera Blast! For information on how to participate check out the <a href="https://www.smogon.com/tools/suspects/view/200">suspect thread</a>.</strong></div>
|j|☆Unwallable
|j|☆jogonzal101
|t:|1776116833
|gametype|singles
|player|p1|Unwallable|2|1307
|player|p2|jogonzal101|hilbert|1276
|gen|9
|tier|[Gen 9] OU
|rated|
|rule|HP Percentage Mod: HP is shown in percentages
|rule|Endless Battle Clause: Forcing endless battles is banned
|rule|Species Clause: Limit one of each Pokémon
|rule|OHKO Clause: OHKO moves are banned
|rule|Evasion Items Clause: Evasion items are banned
|rule|Evasion Moves Clause: Evasion moves are banned
|rule|Evasion Abilities Clause: Evasion abilities are banned
|rule|Sleep Moves Clause: Sleep-inducing moves are banned
|clearpoke
|poke|p1|Bellibolt, M|
|poke|p1|Landorus-Therian, M|
|poke|p1|Rillaboom, F|
|poke|p1|Kyurem|
|poke|p1|Zamazenta-*|
|poke|p1|Kingambit, F|
|poke|p2|Umbreon, F|
|poke|p2|Gholdengo|
|poke|p2|Rillaboom, M|
|poke|p2|Great Tusk|
|poke|p2|Zapdos|
|poke|p2|Glimmora, F|
|teampreview
|inactive|Battle timer is ON: inactive players will automatically lose when time's up. (requested by jogonzal101)
|
|t:|1776116841
|teamsize|p1|6
|teamsize|p2|6
|start
|switch|p1a: Landorus|Landorus-Therian, M|100/100
|switch|p2a: Rillacif|Rillaboom, M|100/100
|-ability|p1a: Landorus|Intimidate|boost
|-unboost|p2a: Rillacif|atk|1
|-fieldstart|move: Grassy Terrain|[from] ability: Grassy Surge|[of] p2a: Rillacif
|turn|1
|
|t:|1776116856
|switch|p2a: Zapcif|Zapdos|100/100
|move|p1a: Landorus|Stealth Rock|p2a: Zapcif
|-sidestart|p2: jogonzal101|move: Stealth Rock
|
|upkeep
|turn|2
|
|t:|1776116881
|switch|p1a: Bellibolt|Bellibolt, M|100/100
|move|p2a: Zapcif|Hurricane|p1a: Bellibolt
|-resisted|p1a: Bellibolt
|-damage|p1a: Bellibolt|86/100
|-start|p1a: Bellibolt|Charge|Hurricane|[from] ability: Electromorphosis
|
|-heal|p1a: Bellibolt|92/100|[from] Grassy Terrain
|upkeep
|turn|3
|inactive|jogonzal101 has 120 seconds left.
|
|t:|1776116914
|move|p2a: Zapcif|Roost||[still]
|-fail|p2a: Zapcif|heal
|move|p1a: Bellibolt|Soak|p2a: Zapcif
|-start|p2a: Zapcif|typechange|Water
|
|-heal|p1a: Bellibolt|98/100|[from] Grassy Terrain
|upkeep
|turn|4
|
|t:|1776116924
|move|p2a: Zapcif|Volt Switch|p1a: Bellibolt
|-resisted|p1a: Bellibolt
|-damage|p1a: Bellibolt|92/100
|-start|p1a: Bellibolt|Charge|Volt Switch|[from] ability: Electromorphosis
|
|t:|1776116926
|switch|p2a: Great Cif|Great Tusk|100/100|[from] Volt Switch
|move|p1a: Bellibolt|Toxic|p2a: Great Cif
|-status|p2a: Great Cif|tox
|
|-heal|p1a: Bellibolt|98/100|[from] Grassy Terrain
|-damage|p2a: Great Cif|94/100 tox|[from] psn
|upkeep
|turn|5
|
|t:|1776116932
|switch|p1a: Landorus|Landorus-Therian, M|100/100
|-ability|p1a: Landorus|Intimidate|boost
|-unboost|p2a: Great Cif|atk|1
|move|p2a: Great Cif|Rapid Spin|p1a: Landorus
|-damage|p1a: Landorus|90/100
|-boost|p2a: Great Cif|spe|1
|-damage|p2a: Great Cif|78/100 tox|[from] item: Rocky Helmet|[of] p1a: Landorus
|-sideend|p2: jogonzal101|Stealth Rock|[from] move: Rapid Spin|[of] p2a: Great Cif
|
|-heal|p2a: Great Cif|84/100 tox|[from] Grassy Terrain
|-damage|p2a: Great Cif|71/100 tox|[from] psn
|-fieldend|move: Grassy Terrain
|upkeep
|turn|6
|
|t:|1776116937
|-end|p2a: Great Cif|Protosynthesis|[silent]
|switch|p2a: Zapcif|Zapdos|100/100
|move|p1a: Landorus|Stealth Rock|p2a: Zapcif
|-sidestart|p2: jogonzal101|move: Stealth Rock
|
|upkeep
|turn|7
|
|t:|1776116942
|switch|p1a: Bellibolt|Bellibolt, M|98/100
|move|p2a: Zapcif|Hurricane|p1a: Bellibolt
|-resisted|p1a: Bellibolt
|-damage|p1a: Bellibolt|83/100
|-start|p1a: Bellibolt|Charge|Hurricane|[from] ability: Electromorphosis
|
|upkeep
|turn|8
|
|t:|1776116946
|move|p2a: Zapcif|Volt Switch|p1a: Bellibolt
|-resisted|p1a: Bellibolt
|-damage|p1a: Bellibolt|73/100
|-start|p1a: Bellibolt|Charge|Volt Switch|[from] ability: Electromorphosis
|
|t:|1776116949
|switch|p2a: Great Cif|Great Tusk|71/100 tox|[from] Volt Switch
|move|p1a: Bellibolt|Soak|p2a: Great Cif
|-start|p2a: Great Cif|typechange|Water
|
|-damage|p2a: Great Cif|65/100 tox|[from] psn
|upkeep
|turn|9
|
|t:|1776116957
|move|p2a: Great Cif|Rapid Spin|p1a: Bellibolt
|-damage|p1a: Bellibolt|57/100
|-boost|p2a: Great Cif|spe|1
|-start|p1a: Bellibolt|Charge|Rapid Spin|[from] ability: Electromorphosis
|-sideend|p2: jogonzal101|Stealth Rock|[from] move: Rapid Spin|[of] p2a: Great Cif
|move|p1a: Bellibolt|Parabolic Charge|p2a: Great Cif
|-supereffective|p2a: Great Cif
|-damage|p2a: Great Cif|0 fnt
|-heal|p1a: Bellibolt|86/100|[from] drain|[of] p2a: Great Cif
|faint|p2a: Great Cif
|-end|p2a: Great Cif|Protosynthesis|[silent]
|-end|p1a: Bellibolt|Charge|[silent]
|
|upkeep
|
|t:|1776116971
|switch|p2a: Rillacif|Rillaboom, M|100/100
|-fieldstart|move: Grassy Terrain|[from] ability: Grassy Surge|[of] p2a: Rillacif
|turn|10
|
|t:|1776116975
|switch|p1a: Landorus|Landorus-Therian, M|90/100
|-ability|p1a: Landorus|Intimidate|boost
|-unboost|p2a: Rillacif|atk|1
|move|p2a: Rillacif|Wood Hammer|p1a: Landorus
|-damage|p1a: Landorus|7/100
|-damage|p2a: Rillacif|84/100|[from] item: Rocky Helmet|[of] p1a: Landorus
|-damage|p2a: Rillacif|58/100|[from] Recoil
|
|-heal|p2a: Rillacif|64/100|[from] Grassy Terrain
|upkeep
|turn|11
|
|t:|1776116983
|switch|p2a: Zapcif|Zapdos|100/100
|move|p1a: Landorus|Stealth Rock|p2a: Zapcif
|-sidestart|p2: jogonzal101|move: Stealth Rock
|
|upkeep
|turn|12
|
|t:|1776116987
|move|p1a: Landorus|Taunt|p2a: Zapcif
|-start|p2a: Zapcif|move: Taunt
|move|p2a: Zapcif|Hurricane|p1a: Landorus
|-damage|p1a: Landorus|0 fnt
|faint|p1a: Landorus
|
|upkeep
|
|t:|1776116988
|switch|p1a: Bellibolt|Bellibolt, M|86/100
|turn|13
|
|t:|1776116991
|move|p2a: Zapcif|Volt Switch|p1a: Bellibolt
|-resisted|p1a: Bellibolt
|-damage|p1a: Bellibolt|77/100
|-start|p1a: Bellibolt|Charge|Volt Switch|[from] ability: Electromorphosis
|
|t:|1776116993
|switch|p2a: Rillacif|Rillaboom, M|64/100|[from] Volt Switch
|-damage|p2a: Rillacif|52/100|[from] Stealth Rock
|move|p1a: Bellibolt|Parabolic Charge|p2a: Rillacif
|-resisted|p2a: Rillacif
|-damage|p2a: Rillacif|27/100
|-heal|p1a: Bellibolt|89/100|[from] drain|[of] p2a: Rillacif
|-end|p1a: Bellibolt|Charge|[silent]
|
|-heal|p2a: Rillacif|33/100|[from] Grassy Terrain
|-heal|p1a: Bellibolt|95/100|[from] Grassy Terrain
|upkeep
|turn|14
|
|t:|1776117000
|-terastallize|p1a: Bellibolt|Poison
|move|p2a: Rillacif|Wood Hammer|p1a: Bellibolt
|-resisted|p1a: Bellibolt
|-damage|p1a: Bellibolt|34/100
|-start|p1a: Bellibolt|Charge|Wood Hammer|[from] ability: Electromorphosis
|-damage|p2a: Rillacif|12/100|[from] Recoil
|move|p1a: Bellibolt|Soak|p2a: Rillacif
|-start|p2a: Rillacif|typechange|Water
|
|-heal|p2a: Rillacif|19/100|[from] Grassy Terrain
|-heal|p1a: Bellibolt|41/100|[from] Grassy Terrain
|-fieldend|move: Grassy Terrain
|upkeep
|turn|15
|
|t:|1776117006
|move|p2a: Rillacif|Wood Hammer|p1a: Bellibolt
|-resisted|p1a: Bellibolt
|-damage|p1a: Bellibolt|13/100
|-start|p1a: Bellibolt|Charge|Wood Hammer|[from] ability: Electromorphosis
|-damage|p2a: Rillacif|9/100|[from] Recoil
|move|p1a: Bellibolt|Parabolic Charge|p2a: Rillacif
|-supereffective|p2a: Rillacif
|-damage|p2a: Rillacif|0 fnt
|-heal|p1a: Bellibolt|17/100|[from] drain|[of] p2a: Rillacif
|faint|p2a: Rillacif
|-end|p1a: Bellibolt|Charge|[silent]
|
|upkeep
|
|t:|1776117027
|switch|p2a: Gholdencif|Gholdengo|100/100
|-damage|p2a: Gholdencif|94/100|[from] Stealth Rock
|turn|16
|-enditem|p1a: Bellibolt|Custap Berry|[eat]
|-activate|p1a: Bellibolt|item: Custap Berry|[consumed]
|
|t:|1776117031
|move|p1a: Bellibolt|Slack Off|p1a: Bellibolt
|-heal|p1a: Bellibolt|67/100
|move|p2a: Gholdencif|Hex|p1a: Bellibolt
|-damage|p1a: Bellibolt|40/100
|-start|p1a: Bellibolt|Charge|Hex|[from] ability: Electromorphosis
|
|upkeep
|turn|17
|
|t:|1776117039
|move|p2a: Gholdencif|Hex|p1a: Bellibolt
|-damage|p1a: Bellibolt|16/100
|-start|p1a: Bellibolt|Charge|Hex|[from] ability: Electromorphosis
|move|p1a: Bellibolt|Parabolic Charge|p2a: Gholdencif
|-damage|p2a: Gholdencif|36/100
|-heal|p1a: Bellibolt|38/100|[from] drain|[of] p2a: Gholdencif
|-end|p1a: Bellibolt|Charge|[silent]
|
|upkeep
|turn|18
|-message|jogonzal101 forfeited.
|
|win|Unwallable
|raw|Unwallable's rating: 1307 &rarr; <strong>1325</strong><br />(+18 for winning)
|raw|jogonzal101's rating: 1276 &rarr; <strong>1253</strong><br />(-23 for losing)
|l|☆jogonzal101
|player|p2|
|l|☆Unwallable
|player|p1|
