|html|<div class="broadcast-blue"><strong>[Gen 9] OU is currently suspecting Tera Blast! For information on how to participate check out the <a href="https://www.smogon.com/tools/suspects/view/200">suspect thread</a>.</strong></div>
|j|☆NotoriousOzzy
|j|☆asaiifox
|t:|1776059455
|gametype|singles
|player|p1|NotoriousOzzy|ethan|1219
|player|p2|asaiifox|cueball-gen1rb|1225
|gen|9
|tier|[Gen 9] OU
|rated|
|rule|HP Percentage Mod: HP is shown in percentages
|rule|Endless Battle Clause: Forcing endless battles is banned
|rule|Species Clause: Limit one of each Pokémon
|rule|OHKO Clause: OHKO moves are banned
|rule|Evasion Items Clause: Evasion items are banned
|rule|Evasion Moves Clause: Evasion moves are banned
|rule|Evasion Abilities Clause: Evasion abilities are banned
|rule|Sleep Moves Clause: Sleep-inducing moves are banned
|clearpoke
|poke|p1|Skeledirge, M|
|poke|p1|Kommo-o, M|
|poke|p1|Quaquaval, F|
|poke|p1|Rotom-Wash|
|poke|p1|Dragapult, M|
|poke|p1|Goodra-Hisui, F|
|poke|p2|Hydrapple, M|
|poke|p2|Tyranitar, F|
|poke|p2|Moltres|
|poke|p2|Zamazenta-*|
|poke|p2|Slowking-Galar, M|
|poke|p2|Excadrill, F|
|teampreview
|
|t:|1776059465
|teamsize|p1|6
|teamsize|p2|6
|start
|switch|p1a: Goodra|Goodra-Hisui, F|100/100
|switch|p2a: Tyranitar|Tyranitar, F|100/100
|-weather|Sandstorm|[from] ability: Sand Stream|[of] p2a: Tyranitar
|turn|1
|
|t:|1776059483
|switch|p2a: Excadrill|Excadrill, F|100/100
|-item|p2a: Excadrill|Air Balloon
|move|p1a: Goodra|Body Press|p2a: Excadrill
|-supereffective|p2a: Excadrill
|-damage|p2a: Excadrill|29/100
|-enditem|p2a: Excadrill|Air Balloon
|
|-weather|Sandstorm|[upkeep]
|upkeep
|turn|2
|
|t:|1776059495
|switch|p1a: Rotom|Rotom-Wash|100/100
|move|p2a: Excadrill|Earthquake|p1a: Rotom
|-immune|p1a: Rotom|[from] ability: Levitate
|
|-weather|Sandstorm|[upkeep]
|-damage|p1a: Rotom|94/100|[from] Sandstorm
|-heal|p1a: Rotom|100/100|[from] item: Leftovers
|upkeep
|turn|3
|
|t:|1776059510
|switch|p2a: Hydrapple|Hydrapple, M|100/100
|move|p1a: Rotom|Hydro Pump|p2a: Hydrapple
|-resisted|p2a: Hydrapple
|-damage|p2a: Hydrapple|89/100
|
|-weather|Sandstorm|[upkeep]
|-damage|p1a: Rotom|94/100|[from] Sandstorm
|-damage|p2a: Hydrapple|83/100|[from] Sandstorm
|-heal|p1a: Rotom|100/100|[from] item: Leftovers
|upkeep
|turn|4
|
|t:|1776059519
|move|p1a: Rotom|Will-O-Wisp|p2a: Hydrapple
|-status|p2a: Hydrapple|brn
|move|p2a: Hydrapple|Nasty Plot|p2a: Hydrapple
|-boost|p2a: Hydrapple|spa|2
|
|-weather|Sandstorm|[upkeep]
|-damage|p1a: Rotom|94/100|[from] Sandstorm
|-damage|p2a: Hydrapple|77/100 brn|[from] Sandstorm
|-heal|p1a: Rotom|100/100|[from] item: Leftovers
|-damage|p2a: Hydrapple|70/100 brn|[from] brn
|upkeep
|turn|5
|
|t:|1776059521
|move|p1a: Rotom|Volt Switch|p2a: Hydrapple
|-resisted|p2a: Hydrapple
|-damage|p2a: Hydrapple|63/100 brn
|
|t:|1776059527
|switch|p1a: Goodra|Goodra-Hisui, F|100/100|[from] Volt Switch
|move|p2a: Hydrapple|Giga Drain|p1a: Goodra
|-ability|p1a: Goodra|Sap Sipper|boost
|-boost|p1a: Goodra|atk|1
|
|-weather|Sandstorm|[upkeep]
|-damage|p2a: Hydrapple|57/100 brn|[from] Sandstorm
|-damage|p2a: Hydrapple|51/100 brn|[from] brn
|upkeep
|turn|6
|
|t:|1776059534
|move|p1a: Goodra|Shelter|p1a: Goodra
|-boost|p1a: Goodra|def|2
|move|p2a: Hydrapple|Earth Power|p1a: Goodra
|-supereffective|p1a: Goodra
|-damage|p1a: Goodra|35/100
|
|-weather|Sandstorm|[upkeep]
|-damage|p2a: Hydrapple|44/100 brn|[from] Sandstorm
|-heal|p1a: Goodra|41/100|[from] item: Leftovers
|-damage|p2a: Hydrapple|38/100 brn|[from] brn
|upkeep
|turn|7
|
|t:|1776059546
|move|p1a: Goodra|Body Press|p2a: Hydrapple
|-damage|p2a: Hydrapple|8/100 brn
|move|p2a: Hydrapple|Earth Power|p1a: Goodra
|-supereffective|p1a: Goodra
|-damage|p1a: Goodra|0 fnt
|faint|p1a: Goodra
|
|-weather|Sandstorm|[upkeep]
|-damage|p2a: Hydrapple|2/100 brn|[from] Sandstorm
|-damage|p2a: Hydrapple|0 fnt|[from] brn
|faint|p2a: Hydrapple
|upkeep
|
|t:|1776059570
|switch|p1a: Kommo-o|Kommo-o, M|100/100
|switch|p2a: Slowking|Slowking-Galar, M|100/100
|turn|8
|
|t:|1776059594
|move|p1a: Kommo-o|Clangorous Soul|p1a: Kommo-o
|-boost|p1a: Kommo-o|atk|1
|-boost|p1a: Kommo-o|def|1
|-boost|p1a: Kommo-o|spa|1
|-boost|p1a: Kommo-o|spd|1
|-boost|p1a: Kommo-o|spe|1
|-damage|p1a: Kommo-o|67/100
|-enditem|p1a: Kommo-o|Throat Spray
|-boost|p1a: Kommo-o|spa|1|[from] item: Throat Spray
|move|p2a: Slowking|Psyshock|p1a: Kommo-o
|-supereffective|p1a: Kommo-o
|-damage|p1a: Kommo-o|31/100
|
|-weather|none
|upkeep
|turn|9
|
|t:|1776059605
|-terastallize|p1a: Kommo-o|Ghost
|move|p1a: Kommo-o|Clanging Scales|p2a: Slowking
|-damage|p2a: Slowking|55/100
|-unboost|p1a: Kommo-o|def|1
|move|p2a: Slowking|Psyshock|p1a: Kommo-o
|-damage|p1a: Kommo-o|2/100
|
|upkeep
|turn|10
|
|t:|1776059620
|move|p1a: Kommo-o|Flash Cannon|p2a: Slowking
|-damage|p2a: Slowking|33/100
|move|p2a: Slowking|Sludge Bomb|p1a: Kommo-o
|-immune|p1a: Kommo-o|[from] ability: Bulletproof
|
|upkeep
|turn|11
|
|t:|1776059626
|move|p1a: Kommo-o|Clanging Scales|p2a: Slowking
|-damage|p2a: Slowking|0 fnt
|faint|p2a: Slowking
|-unboost|p1a: Kommo-o|def|1
|
|upkeep
|
|t:|1776059630
|switch|p2a: Tyranitar|Tyranitar, F|100/100
|-weather|Sandstorm|[from] ability: Sand Stream|[of] p2a: Tyranitar
|turn|12
|
|t:|1776059635
|switch|p2a: Moltres|Moltres|100/100
|move|p1a: Kommo-o|Drain Punch|p2a: Moltres
|-resisted|p2a: Moltres
|-damage|p2a: Moltres|87/100
|-heal|p1a: Kommo-o|11/100|[from] drain|[of] p2a: Moltres
|-status|p1a: Kommo-o|brn|[from] ability: Flame Body|[of] p2a: Moltres
|
|-weather|Sandstorm|[upkeep]
|-damage|p1a: Kommo-o|5/100 brn|[from] Sandstorm
|-damage|p2a: Moltres|81/100|[from] Sandstorm
|-damage|p1a: Kommo-o|0 fnt|[from] brn
|faint|p1a: Kommo-o
|upkeep
|
|t:|1776059650
|switch|p1a: Rotom|Rotom-Wash|100/100
|turn|13
|-message|asaiifox forfeited.
|
|win|NotoriousOzzy
|raw|NotoriousOzzy's rating: 1219 &rarr; <strong>1244</strong><br />(+25 for winning)
|raw|asaiifox's rating: 1225 &rarr; <strong>1200</strong><br />(-25 for losing)
|l|☆asaiifox
|player|p2|
|l|☆NotoriousOzzy
|player|p1|
