|html|<div class="broadcast-blue"><strong>[Gen 9] OU is currently suspecting Tera Blast! For information on how to participate check out the <a href="https://www.smogon.com/tools/suspects/view/200">suspect thread</a>.</strong></div>
|j|☆Sloth&friends
|j|☆pt22r
|t:|1776110966
|gametype|singles
|player|p1|Sloth&friends|170|1188
|player|p2|pt22r|ingo|1150
|gen|9
|tier|[Gen 9] OU
|rated|
|rule|HP Percentage Mod: HP is shown in percentages
|rule|Endless Battle Clause: Forcing endless battles is banned
|rule|Species Clause: Limit one of each Pokémon
|rule|OHKO Clause: OHKO moves are banned
|rule|Evasion Items Clause: Evasion items are banned
|rule|Evasion Moves Clause: Evasion moves are banned
|rule|Evasion Abilities Clause: Evasion abilities are banned
|rule|Sleep Moves Clause: Sleep-inducing moves are banned
|clearpoke
|poke|p1|Staraptor, M|
|poke|p1|Abomasnow, F|
|poke|p1|Gliscor, M|
|poke|p1|Rotom-Wash|
|poke|p1|Coalossal, M|
|poke|p1|Ditto|
|poke|p2|Scizor, F|
|poke|p2|Krookodile, M|
|poke|p2|Kingambit, M|
|poke|p2|Torterra, M|
|poke|p2|Porygon-Z|
|poke|p2|Electivire, M|
|teampreview
|inactive|Battle timer is ON: inactive players will automatically lose when time's up. (requested by pt22r)
|
|t:|1776110995
|teamsize|p1|6
|teamsize|p2|6
|start
|switch|p1a: It's Gotta Be Tide|Rotom-Wash|100/100
|switch|p2a: Tank|Torterra, M|100/100
|turn|1
|
|t:|1776111016
|move|p1a: It's Gotta Be Tide|Hydro Pump|p2a: Tank
|-damage|p2a: Tank|40/100
|move|p2a: Tank|Shell Smash|p2a: Tank
|-unboost|p2a: Tank|def|1
|-unboost|p2a: Tank|spd|1
|-boost|p2a: Tank|atk|2
|-boost|p2a: Tank|spa|2
|-boost|p2a: Tank|spe|2
|-enditem|p2a: Tank|White Herb
|-clearnegativeboost|p2a: Tank|[silent]
|
|upkeep
|turn|2
|
|t:|1776111034
|switch|p1a: Play-Doh|Ditto|100/100
|-transform|p1a: Play-Doh|p2a: Tank|[from] ability: Imposter
|move|p2a: Tank|Wood Hammer|p1a: Play-Doh
|-damage|p1a: Play-Doh|0 fnt
|faint|p1a: Play-Doh
|-damage|p2a: Tank|10/100|[from] Recoil
|
|upkeep
|inactive|Sloth&friends has 120 seconds left.
|
|t:|1776111051
|switch|p1a: Wampa|Abomasnow, F|100/100
|-weather|Snowscape|[from] ability: Snow Warning|[of] p1a: Wampa
|turn|3
|inactive|Sloth&friends has 120 seconds left.
|
|t:|1776111064
|move|p1a: Wampa|Ice Shard|p2a: Tank
|-supereffective|p2a: Tank
|-damage|p2a: Tank|0 fnt
|faint|p2a: Tank
|
|-weather|Snowscape|[upkeep]
|upkeep
|
|t:|1776111070
|switch|p2a: Katana|Scizor, F, shiny|100/100
|turn|4
|
|t:|1776111084
|move|p2a: Katana|Bullet Punch|p1a: Wampa
|-supereffective|p1a: Wampa
|-damage|p1a: Wampa|46/100
|move|p1a: Wampa|Aurora Veil|p1a: Wampa
|-sidestart|p1: Sloth&friends|move: Aurora Veil
|
|-weather|Snowscape|[upkeep]
|upkeep
|turn|5
|
|t:|1776111093
|move|p2a: Katana|Bullet Punch|p1a: Wampa
|-supereffective|p1a: Wampa
|-damage|p1a: Wampa|21/100
|move|p1a: Wampa|Blizzard|p2a: Katana
|-resisted|p2a: Katana
|-damage|p2a: Katana|63/100
|
|-weather|Snowscape|[upkeep]
|upkeep
|turn|6
|
|t:|1776111109
|move|p2a: Katana|Bullet Punch|p1a: Wampa
|-supereffective|p1a: Wampa
|-damage|p1a: Wampa|0 fnt
|faint|p1a: Wampa
|
|-weather|Snowscape|[upkeep]
|upkeep
|
|t:|1776111120
|switch|p1a: Deathdrop|Gliscor, M|100/100
|turn|7
|
|t:|1776111133
|move|p1a: Deathdrop|Swords Dance|p1a: Deathdrop
|-boost|p1a: Deathdrop|atk|2
|move|p2a: Katana|Trailblaze|p1a: Deathdrop
|-damage|p1a: Deathdrop|87/100
|-boost|p2a: Katana|spe|1
|
|-weather|none
|-status|p1a: Deathdrop|tox|[from] item: Toxic Orb
|upkeep
|turn|8
|
|t:|1776111148
|move|p2a: Katana|Bullet Punch|p1a: Deathdrop
|-damage|p1a: Deathdrop|70/100 tox
|move|p1a: Deathdrop|Swords Dance|p1a: Deathdrop
|-boost|p1a: Deathdrop|atk|2
|
|-heal|p1a: Deathdrop|82/100 tox|[from] ability: Poison Heal
|upkeep
|turn|9
|
|t:|1776111159
|move|p2a: Katana|Bullet Punch|p1a: Deathdrop
|-damage|p1a: Deathdrop|66/100 tox
|move|p1a: Deathdrop|Swords Dance|p1a: Deathdrop
|-boost|p1a: Deathdrop|atk|2
|
|-heal|p1a: Deathdrop|79/100 tox|[from] ability: Poison Heal
|upkeep
|turn|10
|
|t:|1776111172
|move|p2a: Katana|Bullet Punch|p1a: Deathdrop
|-damage|p1a: Deathdrop|63/100 tox
|move|p1a: Deathdrop|Earthquake|p2a: Katana
|-damage|p2a: Katana|0 fnt
|faint|p2a: Katana
|
|-heal|p1a: Deathdrop|75/100 tox|[from] ability: Poison Heal
|upkeep
|inactive|pt22r has 120 seconds left.
|
|t:|1776111218
|switch|p2a: Zeta|Porygon-Z, shiny|100/100
|-ability|p2a: Zeta|Download|boost
|-boost|p2a: Zeta|spa|1
|turn|11
|
|t:|1776111241
|-terastallize|p1a: Deathdrop|Water
|-terastallize|p2a: Zeta|Fairy
|move|p1a: Deathdrop|Earthquake|p2a: Zeta
|-damage|p2a: Zeta|0 fnt
|faint|p2a: Zeta
|
|-heal|p1a: Deathdrop|88/100 tox|[from] ability: Poison Heal
|-sideend|p1: Sloth&friends|move: Aurora Veil
|upkeep
|
|t:|1776111250
|switch|p2a: NRG|Electivire, M, shiny|100/100
|-item|p2a: NRG|Air Balloon
|turn|12
|
|t:|1776111257
|move|p1a: Deathdrop|Knock Off|p2a: NRG
|-damage|p2a: NRG|0 fnt
|-enditem|p2a: NRG|Air Balloon
|faint|p2a: NRG
|
|-heal|p1a: Deathdrop|99/100 tox|[from] ability: Poison Heal
|upkeep
|
|t:|1776111262
|switch|p2a: Shady|Krookodile, M|100/100
|turn|13
|
|t:|1776111277
|move|p1a: Deathdrop|Earthquake|p2a: Shady
|-damage|p2a: Shady|0 fnt
|faint|p2a: Shady
|
|-heal|p1a: Deathdrop|100/100 tox|[from] ability: Poison Heal
|upkeep
|
|t:|1776111280
|switch|p2a: Olivier|Kingambit, M, shiny|100/100
|-activate|p2a: Olivier|ability: Supreme Overlord
|-start|p2a: Olivier|fallen5|[silent]
|-item|p2a: Olivier|Air Balloon
|turn|14
|
|t:|1776111292
|move|p1a: Deathdrop|Knock Off|p2a: Olivier
|-resisted|p2a: Olivier
|-damage|p2a: Olivier|63/100
|-enditem|p2a: Olivier|Air Balloon
|move|p2a: Olivier|Swords Dance|p2a: Olivier
|-boost|p2a: Olivier|atk|2
|
|upkeep
|turn|15
|
|t:|1776111305
|move|p2a: Olivier|Sucker Punch|p1a: Deathdrop
|-damage|p1a: Deathdrop|0 fnt
|faint|p1a: Deathdrop
|
|upkeep
|
|t:|1776111316
|switch|p1a: It's Gotta Be Tide|Rotom-Wash|100/100
|turn|16
|
|t:|1776111323
|move|p2a: Olivier|Sucker Punch|p1a: It's Gotta Be Tide
|-damage|p1a: It's Gotta Be Tide|0 fnt
|faint|p1a: It's Gotta Be Tide
|
|upkeep
|
|t:|1776111339
|switch|p1a: Black Lung|Coalossal, M|100/100
|turn|17
|
|t:|1776111345
|move|p2a: Olivier|Sucker Punch|p1a: Black Lung
|-damage|p1a: Black Lung|20/100
|move|p1a: Black Lung|Flamethrower|p2a: Olivier
|-supereffective|p2a: Olivier
|-damage|p2a: Olivier|0 fnt
|faint|p2a: Olivier
|-end|p2a: Olivier|fallen5|[silent]
|
|win|Sloth&friends
|raw|Sloth&amp;friends's rating: 1188 &rarr; <strong>1210</strong><br />(+22 for winning)
|raw|pt22r's rating: 1150 &rarr; <strong>1128</strong><br />(-22 for losing)
|l|☆pt22r
|player|p2|
|l|☆Sloth&friends
|player|p1|
