|html|<div class="broadcast-blue"><strong>[Gen 9] OU is currently suspecting Tera Blast! For information on how to participate check out the <a href="https://www.smogon.com/tools/suspects/view/200">suspect thread</a>.</strong></div>
|j|☆kimodo_lux
|j|☆alfaluis117
|t:|1776060637
|gametype|singles
|player|p1|kimodo_lux|depotagent|1280
|player|p2|alfaluis117|169|1219
|gen|9
|tier|[Gen 9] OU
|rated|
|rule|HP Percentage Mod: HP is shown in percentages
|rule|Endless Battle Clause: Forcing endless battles is banned
|rule|Species Clause: Limit one of each Pokémon
|rule|OHKO Clause: OHKO moves are banned
|rule|Evasion Items Clause: Evasion items are banned
|rule|Evasion Moves Clause: Evasion moves are banned
|rule|Evasion Abilities Clause: Evasion abilities are banned
|rule|Sleep Moves Clause: Sleep-inducing moves are banned
|clearpoke
|poke|p1|Torkoal, F|
|poke|p1|Hatterene, F|
|poke|p1|Raging Bolt|
|poke|p1|Slither Wing|
|poke|p1|Venusaur, F|
|poke|p1|Walking Wake|
|poke|p2|Metagross|
|poke|p2|Ceruledge, M|
|poke|p2|Florges-Blue, F|
|poke|p2|Milotic, F|
|poke|p2|Latios, M|
|poke|p2|Infernape, M|
|teampreview
|
|t:|1776060645
|teamsize|p1|6
|teamsize|p2|6
|start
|switch|p1a: Torkoal|Torkoal, F|100/100
|switch|p2a: Infernape|Infernape, M|100/100
|-item|p2a: Infernape|Air Balloon
|-weather|SunnyDay|[from] ability: Drought|[of] p1a: Torkoal
|turn|1
|
|t:|1776060682
|switch|p1a: Walking Wake|Walking Wake|100/100
|-activate|p1a: Walking Wake|ability: Protosynthesis
|-start|p1a: Walking Wake|protosynthesisspe
|move|p2a: Infernape|Fake Out|p1a: Walking Wake
|-damage|p1a: Walking Wake|88/100
|
|-weather|SunnyDay|[upkeep]
|upkeep
|turn|2
|
|t:|1776060696
|switch|p2a: Milotic|Milotic, F|100/100
|move|p1a: Walking Wake|Hydro Steam|p2a: Milotic
|-resisted|p2a: Milotic
|-damage|p2a: Milotic|78/100
|
|-weather|SunnyDay|[upkeep]
|-heal|p2a: Milotic|84/100|[from] item: Leftovers
|upkeep
|turn|3
|
|t:|1776060720
|move|p1a: Walking Wake|Flip Turn|p2a: Milotic
|-resisted|p2a: Milotic
|-damage|p2a: Milotic|81/100
|
|t:|1776060723
|-end|p1a: Walking Wake|Protosynthesis|[silent]
|switch|p1a: Venusaur|Venusaur, F|100/100|[from] Flip Turn
|move|p2a: Milotic|Scald|p1a: Venusaur
|-resisted|p1a: Venusaur
|-damage|p1a: Venusaur|92/100
|
|-weather|SunnyDay|[upkeep]
|-heal|p2a: Milotic|87/100|[from] item: Leftovers
|upkeep
|turn|4
|
|t:|1776060734
|switch|p2a: Ceruledge|Ceruledge, M, shiny|100/100
|move|p1a: Venusaur|Growth|p1a: Venusaur
|-boost|p1a: Venusaur|atk|2
|-boost|p1a: Venusaur|spa|2
|
|-weather|SunnyDay|[upkeep]
|upkeep
|turn|5
|
|t:|1776060744
|-terastallize|p2a: Ceruledge|Fire
|move|p1a: Venusaur|Earthquake|p2a: Ceruledge
|-supereffective|p2a: Ceruledge
|-damage|p2a: Ceruledge|0 fnt
|faint|p2a: Ceruledge
|-damage|p1a: Venusaur|82/100|[from] item: Life Orb
|
|-weather|SunnyDay|[upkeep]
|upkeep
|
|t:|1776060755
|switch|p2a: Latios|Latios, M|100/100
|turn|6
|
|t:|1776060767
|switch|p1a: Slither Wing|Slither Wing|100/100
|-activate|p1a: Slither Wing|ability: Protosynthesis
|-start|p1a: Slither Wing|protosynthesisatk
|move|p2a: Latios|Psychic|p1a: Slither Wing
|-supereffective|p1a: Slither Wing
|-damage|p1a: Slither Wing|38/100
|
|-weather|SunnyDay|[upkeep]
|upkeep
|turn|7
|
|t:|1776060778
|switch|p2a: Infernape|Infernape, M|100/100
|-item|p2a: Infernape|Air Balloon
|move|p1a: Slither Wing|First Impression|p2a: Infernape
|-resisted|p2a: Infernape
|-damage|p2a: Infernape|75/100
|-enditem|p2a: Infernape|Air Balloon
|
|-weather|SunnyDay|[upkeep]
|upkeep
|turn|8
|
|t:|1776060820
|-end|p1a: Slither Wing|Protosynthesis|[silent]
|switch|p1a: Walking Wake|Walking Wake|88/100
|-activate|p1a: Walking Wake|ability: Protosynthesis
|-start|p1a: Walking Wake|protosynthesisspe
|move|p2a: Infernape|Fire Punch|p1a: Walking Wake
|-resisted|p1a: Walking Wake
|-damage|p1a: Walking Wake|70/100
|
|-weather|none
|-end|p1a: Walking Wake|Protosynthesis
|upkeep
|turn|9
|
|t:|1776060831
|switch|p2a: Milotic|Milotic, F|87/100
|move|p1a: Walking Wake|Flip Turn|p2a: Milotic
|-resisted|p2a: Milotic
|-damage|p2a: Milotic|82/100
|
|t:|1776060833
|-end|p1a: Walking Wake|Protosynthesis|[silent]
|switch|p1a: Torkoal|Torkoal, F|100/100|[from] Flip Turn
|-weather|SunnyDay|[from] ability: Drought|[of] p1a: Torkoal
|
|-weather|SunnyDay|[upkeep]
|-heal|p2a: Milotic|88/100|[from] item: Leftovers
|upkeep
|turn|10
|
|t:|1776060845
|switch|p1a: Raging Bolt|Raging Bolt|100/100
|-activate|p1a: Raging Bolt|ability: Protosynthesis
|-start|p1a: Raging Bolt|protosynthesisspa
|move|p2a: Milotic|Scald|p1a: Raging Bolt
|-resisted|p1a: Raging Bolt
|-damage|p1a: Raging Bolt|94/100
|
|-weather|SunnyDay|[upkeep]
|-heal|p2a: Milotic|94/100|[from] item: Leftovers
|upkeep
|turn|11
|
|t:|1776060867
|switch|p2a: Florges|Florges-Blue, F, shiny|100/100
|move|p1a: Raging Bolt|Solar Beam||[still]
|-prepare|p1a: Raging Bolt|Solar Beam
|-anim|p1a: Raging Bolt|Solar Beam|p2a: Florges
|-damage|p2a: Florges|43/100
|-enditem|p2a: Florges|Sitrus Berry|[eat]
|-heal|p2a: Florges|68/100|[from] item: Sitrus Berry
|-damage|p1a: Raging Bolt|84/100|[from] item: Life Orb
|
|-weather|SunnyDay|[upkeep]
|upkeep
|turn|12
|
|t:|1776060893
|-end|p1a: Raging Bolt|Protosynthesis|[silent]
|switch|p1a: Venusaur|Venusaur, F|82/100
|move|p2a: Florges|Moonblast|p1a: Venusaur
|-resisted|p1a: Venusaur
|-damage|p1a: Venusaur|60/100
|
|-weather|SunnyDay|[upkeep]
|upkeep
|turn|13
|
|t:|1776060902
|switch|p2a: Latios|Latios, M|100/100
|move|p1a: Venusaur|Weather Ball|p2a: Latios
|-resisted|p2a: Latios
|-damage|p2a: Latios|70/100
|-damage|p1a: Venusaur|50/100|[from] item: Life Orb
|
|-weather|SunnyDay|[upkeep]
|upkeep
|turn|14
|
|t:|1776060914
|switch|p1a: Walking Wake|Walking Wake|70/100
|-activate|p1a: Walking Wake|ability: Protosynthesis
|-start|p1a: Walking Wake|protosynthesisspe
|move|p2a: Latios|Psychic|p1a: Walking Wake
|-damage|p1a: Walking Wake|18/100
|
|-weather|SunnyDay|[upkeep]
|upkeep
|turn|15
|
|t:|1776060924
|switch|p2a: Florges|Florges-Blue, F, shiny|68/100
|move|p1a: Walking Wake|Draco Meteor|p2a: Florges
|-immune|p2a: Florges
|
|-weather|SunnyDay|[upkeep]
|upkeep
|turn|16
|
|t:|1776060932
|move|p1a: Walking Wake|Flip Turn|p2a: Florges
|-damage|p2a: Florges|61/100
|
|t:|1776060936
|-end|p1a: Walking Wake|Protosynthesis|[silent]
|switch|p1a: Slither Wing|Slither Wing|38/100|[from] Flip Turn
|-activate|p1a: Slither Wing|ability: Protosynthesis
|-start|p1a: Slither Wing|protosynthesisatk
|move|p2a: Florges|Moonblast|p1a: Slither Wing
|-supereffective|p1a: Slither Wing
|-damage|p1a: Slither Wing|0 fnt
|faint|p1a: Slither Wing
|-end|p1a: Slither Wing|Protosynthesis|[silent]
|
|-weather|none
|upkeep
|
|t:|1776060939
|switch|p1a: Torkoal|Torkoal, F|100/100
|-weather|SunnyDay|[from] ability: Drought|[of] p1a: Torkoal
|turn|17
|
|t:|1776060961
|move|p2a: Florges|Wish|p2a: Florges
|move|p1a: Torkoal|Overheat|p2a: Florges|[miss]
|-miss|p1a: Torkoal|p2a: Florges
|
|-weather|SunnyDay|[upkeep]
|upkeep
|turn|18
|
|t:|1776060986
|switch|p2a: Latios|Latios, M|70/100
|move|p1a: Torkoal|Overheat|p2a: Latios|[miss]
|-miss|p1a: Torkoal|p2a: Latios
|
|-weather|SunnyDay|[upkeep]
|-heal|p2a: Latios|100/100|[from] move: Wish|[wisher] Florges
|upkeep
|turn|19
|
|t:|1776061006
|switch|p1a: Raging Bolt|Raging Bolt|84/100
|-activate|p1a: Raging Bolt|ability: Protosynthesis
|-start|p1a: Raging Bolt|protosynthesisspa
|move|p2a: Latios|Psychic|p1a: Raging Bolt
|-crit|p1a: Raging Bolt
|-damage|p1a: Raging Bolt|13/100
|
|-weather|SunnyDay|[upkeep]
|upkeep
|turn|20
|
|t:|1776061016
|move|p1a: Raging Bolt|Thunderclap|p2a: Latios
|-resisted|p2a: Latios
|-damage|p2a: Latios|62/100
|-damage|p1a: Raging Bolt|3/100|[from] item: Life Orb
|move|p2a: Latios|Psychic|p1a: Raging Bolt
|-damage|p1a: Raging Bolt|0 fnt
|faint|p1a: Raging Bolt
|-end|p1a: Raging Bolt|Protosynthesis|[silent]
|
|-weather|SunnyDay|[upkeep]
|upkeep
|
|t:|1776061020
|switch|p1a: Walking Wake|Walking Wake|18/100
|-activate|p1a: Walking Wake|ability: Protosynthesis
|-start|p1a: Walking Wake|protosynthesisspe
|turn|21
|
|t:|1776061035
|switch|p2a: Florges|Florges-Blue, F, shiny|61/100
|move|p1a: Walking Wake|Draco Meteor|p2a: Florges
|-immune|p2a: Florges
|
|-weather|SunnyDay|[upkeep]
|upkeep
|turn|22
|-message|kimodo_lux forfeited.
|
|win|alfaluis117
|raw|kimodo_lux's rating: 1280 &rarr; <strong>1251</strong><br />(-29 for losing)
|raw|alfaluis117's rating: 1219 &rarr; <strong>1248</strong><br />(+29 for winning)
|l|☆kimodo_lux
|player|p1|
|l|☆alfaluis117
|player|p2|
