|html|<div class="broadcast-blue"><strong>[Gen 9] OU is currently suspecting Volcarona! For information on how to participate check out the <a href="https://www.smogon.com/tools/suspects/view/208">suspect thread</a>.</strong></div>
|j|☆baronmufasa
|j|☆blooflazh
|t:|1778506314
|gametype|singles
|player|p1|baronmufasa|marshal|1130
|player|p2|blooflazh|rood|1136
|gen|9
|tier|[Gen 9] OU
|rated|
|rule|HP Percentage Mod: HP is shown in percentages
|rule|Endless Battle Clause: Forcing endless battles is banned
|rule|Species Clause: Limit one of each Pokémon
|rule|OHKO Clause: OHKO moves are banned
|rule|Evasion Items Clause: Evasion items are banned
|rule|Evasion Moves Clause: Evasion moves are banned
|rule|Evasion Abilities Clause: Evasion abilities are banned
|rule|Sleep Moves Clause: Sleep-inducing moves are banned
|clearpoke
|poke|p1|Torkoal, F|
|poke|p1|Walking Wake|
|poke|p1|Great Tusk|
|poke|p1|Hatterene, F|
|poke|p1|Raging Bolt|
|poke|p1|Ceruledge, F|
|poke|p2|Gyarados, F|
|poke|p2|Zapdos|
|poke|p2|Volcarona, F|
|poke|p2|Mew|
|poke|p2|Scizor, M|
|poke|p2|Cryogonal|
|teampreview
|inactive|Battle timer is ON: inactive players will automatically lose when time's up. (requested by baronmufasa)
|
|t:|1778506330
|teamsize|p1|6
|teamsize|p2|6
|start
|switch|p1a: Galet Pagos|Torkoal, F|100/100
|switch|p2a: ahaha|Cryogonal|100/100
|-weather|SunnyDay|[from] ability: Drought|[of] p1a: Galet Pagos
|turn|1
|
|t:|1778506345
|switch|p2a: shen long|Gyarados, F, shiny|100/100
|move|p1a: Galet Pagos|Stealth Rock|p2a: shen long
|-sidestart|p2: blooflazh|move: Stealth Rock
|
|-weather|SunnyDay|[upkeep]
|upkeep
|turn|2
|
|t:|1778506358
|switch|p1a: I'm a Giraffe|Raging Bolt|100/100
|-activate|p1a: I'm a Giraffe|ability: Protosynthesis
|-start|p1a: I'm a Giraffe|protosynthesisspa
|move|p2a: shen long|Dragon Dance|p2a: shen long
|-boost|p2a: shen long|atk|1
|-boost|p2a: shen long|spe|1
|
|-weather|SunnyDay|[upkeep]
|upkeep
|turn|3
|inactive|baronmufasa has 120 seconds left.
|
|t:|1778506410
|-terastallize|p2a: shen long|Ground
|move|p2a: shen long|Earthquake|p1a: I'm a Giraffe
|-supereffective|p1a: I'm a Giraffe
|-damage|p1a: I'm a Giraffe|0 fnt
|faint|p1a: I'm a Giraffe
|-end|p1a: I'm a Giraffe|Protosynthesis|[silent]
|-ability|p2a: shen long|Moxie|boost
|-boost|p2a: shen long|atk|1
|
|-weather|SunnyDay|[upkeep]
|upkeep
|
|t:|1778506421
|switch|p1a: Yes I'm Suicune|Walking Wake|100/100
|-activate|p1a: Yes I'm Suicune|ability: Protosynthesis
|-start|p1a: Yes I'm Suicune|protosynthesisspe
|turn|4
|
|t:|1778506440
|switch|p2a: ahaha|Cryogonal|100/100
|-damage|p2a: ahaha|76/100|[from] Stealth Rock
|move|p1a: Yes I'm Suicune|Flamethrower|p2a: ahaha
|-supereffective|p2a: ahaha
|-damage|p2a: ahaha|0 fnt
|faint|p2a: ahaha
|
|-weather|SunnyDay|[upkeep]
|upkeep
|inactive|blooflazh has 120 seconds left.
|
|t:|1778506473
|switch|p2a: moo2|Mew|100/100
|-damage|p2a: moo2|88/100|[from] Stealth Rock
|turn|5
|
|t:|1778506481
|move|p1a: Yes I'm Suicune|Flamethrower|p2a: moo2
|-damage|p2a: moo2|23/100
|move|p2a: moo2|Earthquake|p1a: Yes I'm Suicune
|-damage|p1a: Yes I'm Suicune|65/100
|
|-weather|SunnyDay|[upkeep]
|-heal|p2a: moo2|30/100|[from] item: Leftovers
|upkeep
|turn|6
|inactive|blooflazh has 120 seconds left.
|
|t:|1778506490
|move|p1a: Yes I'm Suicune|Flamethrower|p2a: moo2
|-damage|p2a: moo2|0 fnt
|faint|p2a: moo2
|
|-weather|SunnyDay|[upkeep]
|upkeep
|
|t:|1778506492
|switch|p2a: Volcarona|Volcarona, F|100/100
|turn|7
|inactive|baronmufasa has 120 seconds left.
|
|t:|1778506517
|-end|p1a: Yes I'm Suicune|Protosynthesis|[silent]
|switch|p1a: XIOOOONXIOOOON|Ceruledge, F|100/100
|move|p2a: Volcarona|Quiver Dance|p2a: Volcarona
|-boost|p2a: Volcarona|spa|1
|-boost|p2a: Volcarona|spd|1
|-boost|p2a: Volcarona|spe|1
|
|-weather|SunnyDay|[upkeep]
|upkeep
|turn|8
|inactive|blooflazh has 120 seconds left.
|
|t:|1778506538
|switch|p2a: shen long|Gyarados, F, shiny, tera:Ground|100/100
|-damage|p2a: shen long|94/100|[from] Stealth Rock
|move|p1a: XIOOOONXIOOOON|Poltergeist|p2a: shen long
|-activate|p2a: shen long|move: Poltergeist|Focus Sash
|-damage|p2a: shen long|25/100
|
|-weather|none
|upkeep
|turn|9
|
|t:|1778506555
|move|p1a: XIOOOONXIOOOON|Shadow Sneak|p2a: shen long
|-damage|p2a: shen long|0 fnt
|faint|p2a: shen long
|
|upkeep
|
|t:|1778506564
|switch|p2a: onGODBRIIH|Zapdos|100/100
|-damage|p2a: onGODBRIIH|76/100|[from] Stealth Rock
|turn|10
|
|t:|1778506570
|switch|p1a: Galet Pagos|Torkoal, F|100/100
|-weather|SunnyDay|[from] ability: Drought|[of] p1a: Galet Pagos
|move|p2a: onGODBRIIH|Thunderbolt|p1a: Galet Pagos
|-damage|p1a: Galet Pagos|20/100
|-damage|p2a: onGODBRIIH|66/100|[from] item: Life Orb
|
|-weather|SunnyDay|[upkeep]
|upkeep
|turn|11
|
|t:|1778506591
|switch|p1a: XIOOOONXIOOOON|Ceruledge, F|100/100
|move|p2a: onGODBRIIH|Agility|p2a: onGODBRIIH
|-boost|p2a: onGODBRIIH|spe|2
|
|-weather|SunnyDay|[upkeep]
|upkeep
|turn|12
|
|t:|1778506601
|move|p2a: onGODBRIIH|Thunderbolt|p1a: XIOOOONXIOOOON
|-damage|p1a: XIOOOONXIOOOON|26/100
|-damage|p2a: onGODBRIIH|56/100|[from] item: Life Orb
|move|p1a: XIOOOONXIOOOON|Bitter Blade|p2a: onGODBRIIH
|-damage|p2a: onGODBRIIH|0 fnt
|-heal|p1a: XIOOOONXIOOOON|56/100|[from] drain|[of] p2a: onGODBRIIH
|-status|p1a: XIOOOONXIOOOON|par|[from] ability: Static|[of] p2a: onGODBRIIH
|faint|p2a: onGODBRIIH
|
|-weather|SunnyDay|[upkeep]
|upkeep
|
|t:|1778506612
|switch|p2a: Volcarona|Volcarona, F|100/100
|turn|13
|
|t:|1778506625
|move|p2a: Volcarona|Quiver Dance|p2a: Volcarona
|-boost|p2a: Volcarona|spa|1
|-boost|p2a: Volcarona|spd|1
|-boost|p2a: Volcarona|spe|1
|move|p1a: XIOOOONXIOOOON|Poltergeist|p2a: Volcarona|[miss]
|-miss|p1a: XIOOOONXIOOOON|p2a: Volcarona
|
|-weather|SunnyDay|[upkeep]
|upkeep
|turn|14
|
|t:|1778506639
|move|p1a: XIOOOONXIOOOON|Shadow Sneak|p2a: Volcarona
|-crit|p2a: Volcarona
|-damage|p2a: Volcarona|55/100
|move|p2a: Volcarona|Quiver Dance|p2a: Volcarona
|-boost|p2a: Volcarona|spa|1
|-boost|p2a: Volcarona|spd|1
|-boost|p2a: Volcarona|spe|1
|
|-weather|SunnyDay|[upkeep]
|upkeep
|turn|15
|
|t:|1778506652
|move|p1a: XIOOOONXIOOOON|Shadow Sneak|p2a: Volcarona
|-damage|p2a: Volcarona|24/100
|move|p2a: Volcarona|Bug Buzz|p1a: XIOOOONXIOOOON
|-resisted|p1a: XIOOOONXIOOOON
|-damage|p1a: XIOOOONXIOOOON|27/100 par
|
|-weather|SunnyDay|[upkeep]
|upkeep
|turn|16
|
|t:|1778506660
|move|p1a: XIOOOONXIOOOON|Shadow Sneak|p2a: Volcarona
|-damage|p2a: Volcarona|0 fnt
|faint|p2a: Volcarona
|
|-weather|SunnyDay|[upkeep]
|upkeep
|c|☆blooflazh|k
|
|t:|1778506664
|switch|p2a: bug robit|Scizor, M, shiny|100/100
|-damage|p2a: bug robit|88/100|[from] Stealth Rock
|turn|17
|inactive|baronmufasa has 120 seconds left.
|
|t:|1778506688
|move|p2a: bug robit|Swords Dance|p2a: bug robit
|-boost|p2a: bug robit|atk|2
|move|p1a: XIOOOONXIOOOON|Bitter Blade|p2a: bug robit
|-supereffective|p2a: bug robit
|-damage|p2a: bug robit|0 fnt
|-heal|p1a: XIOOOONXIOOOON|70/100 par|[from] drain|[of] p2a: bug robit
|faint|p2a: bug robit
|
|win|baronmufasa
|raw|baronmufasa's rating: 1130 &rarr; <strong>1155</strong><br />(+25 for winning)
|raw|blooflazh's rating: 1136 &rarr; <strong>1111</strong><br />(-25 for losing)
|l|☆blooflazh
|player|p2|
|l|☆baronmufasa
|player|p1|
