|html|<div class="broadcast-blue"><strong>[Gen 9] OU is currently suspecting Tera Blast! For information on how to participate check out the <a href="https://www.smogon.com/tools/suspects/view/200">suspect thread</a>.</strong></div>
|j|☆vinyciusj
|j|☆luketheidiot
|t:|1776086458
|gametype|singles
|player|p1|vinyciusj|artist-gen4|1163
|player|p2|luketheidiot|iris-gen5bw2|1154
|gen|9
|tier|[Gen 9] OU
|rated|
|rule|HP Percentage Mod: HP is shown in percentages
|rule|Endless Battle Clause: Forcing endless battles is banned
|rule|Species Clause: Limit one of each Pokémon
|rule|OHKO Clause: OHKO moves are banned
|rule|Evasion Items Clause: Evasion items are banned
|rule|Evasion Moves Clause: Evasion moves are banned
|rule|Evasion Abilities Clause: Evasion abilities are banned
|rule|Sleep Moves Clause: Sleep-inducing moves are banned
|clearpoke
|poke|p1|Dragonite, M|
|poke|p1|Ogerpon-Wellspring, F|
|poke|p1|Heatran, F|
|poke|p1|Gholdengo|
|poke|p1|Great Tusk|
|poke|p1|Iron Valiant|
|poke|p2|Ribombee, F|
|poke|p2|Slaking, M|
|poke|p2|Dragapult, M|
|poke|p2|Deoxys-Defense|
|poke|p2|Regigigas|
|poke|p2|Serperior, F|
|teampreview
|inactive|Battle timer is ON: inactive players will automatically lose when time's up. (requested by vinyciusj)
|
|t:|1776086472
|teamsize|p1|6
|teamsize|p2|6
|start
|switch|p1a: Heatran|Heatran, F|100/100
|switch|p2a: Ribombee|Ribombee, F, shiny|100/100
|turn|1
|
|t:|1776086476
|move|p2a: Ribombee|Sticky Web|p1a: Heatran
|-sidestart|p1: vinyciusj|move: Sticky Web
|move|p1a: Heatran|Stealth Rock|p2a: Ribombee
|-sidestart|p2: luketheidiot|move: Stealth Rock
|
|upkeep
|turn|2
|
|t:|1776086495
|move|p2a: Ribombee|Moonblast|p1a: Heatran
|-resisted|p1a: Heatran
|-damage|p1a: Heatran|94/100
|-unboost|p1a: Heatran|spa|1
|move|p1a: Heatran|Lava Plume|p2a: Ribombee
|-supereffective|p2a: Ribombee
|-damage|p2a: Ribombee|17/100
|
|-heal|p1a: Heatran|100/100|[from] item: Leftovers
|upkeep
|turn|3
|
|t:|1776086511
|move|p2a: Ribombee|Moonblast|p1a: Heatran
|-resisted|p1a: Heatran
|-damage|p1a: Heatran|94/100
|move|p1a: Heatran|Lava Plume|p2a: Ribombee
|-supereffective|p2a: Ribombee
|-crit|p2a: Ribombee
|-damage|p2a: Ribombee|0 fnt
|faint|p2a: Ribombee
|
|-heal|p1a: Heatran|100/100|[from] item: Leftovers
|upkeep
|
|t:|1776086522
|switch|p2a: Deoxys|Deoxys-Defense|100/100
|-damage|p2a: Deoxys|88/100|[from] Stealth Rock
|-ability|p2a: Deoxys|Pressure
|turn|4
|
|t:|1776086529
|move|p2a: Deoxys|Calm Mind|p2a: Deoxys
|-boost|p2a: Deoxys|spa|1
|-boost|p2a: Deoxys|spd|1
|move|p1a: Heatran|Taunt|p2a: Deoxys
|-start|p2a: Deoxys|move: Taunt
|
|-heal|p2a: Deoxys|94/100|[from] item: Leftovers
|upkeep
|turn|5
|
|t:|1776086540
|move|p2a: Deoxys|Stored Power|p1a: Heatran
|-resisted|p1a: Heatran
|-damage|p1a: Heatran|91/100
|move|p1a: Heatran|Earth Power|p2a: Deoxys
|-damage|p2a: Deoxys|85/100
|
|-heal|p2a: Deoxys|91/100|[from] item: Leftovers
|-heal|p1a: Heatran|97/100|[from] item: Leftovers
|upkeep
|turn|6
|
|t:|1776086547
|move|p2a: Deoxys|Stored Power|p1a: Heatran
|-resisted|p1a: Heatran
|-damage|p1a: Heatran|88/100
|move|p1a: Heatran|Lava Plume|p2a: Deoxys
|-damage|p2a: Deoxys|78/100
|
|-heal|p2a: Deoxys|84/100|[from] item: Leftovers
|-heal|p1a: Heatran|94/100|[from] item: Leftovers
|upkeep
|turn|7
|
|t:|1776086556
|move|p2a: Deoxys|Stored Power|p1a: Heatran
|-resisted|p1a: Heatran
|-damage|p1a: Heatran|85/100
|move|p1a: Heatran|Lava Plume|p2a: Deoxys
|-damage|p2a: Deoxys|73/100
|
|-heal|p2a: Deoxys|79/100|[from] item: Leftovers
|-heal|p1a: Heatran|91/100|[from] item: Leftovers
|-end|p2a: Deoxys|move: Taunt
|upkeep
|turn|8
|
|t:|1776086564
|move|p2a: Deoxys|Calm Mind|p2a: Deoxys
|-boost|p2a: Deoxys|spa|1
|-boost|p2a: Deoxys|spd|1
|move|p1a: Heatran|Taunt|p2a: Deoxys
|-start|p2a: Deoxys|move: Taunt
|
|-heal|p2a: Deoxys|85/100|[from] item: Leftovers
|-heal|p1a: Heatran|97/100|[from] item: Leftovers
|upkeep
|turn|9
|
|t:|1776086573
|move|p2a: Deoxys|Flash Cannon|p1a: Heatran
|-resisted|p1a: Heatran
|-damage|p1a: Heatran|92/100
|move|p1a: Heatran|Lava Plume|p2a: Deoxys
|-damage|p2a: Deoxys|75/100
|-status|p2a: Deoxys|brn
|
|-heal|p2a: Deoxys|81/100 brn|[from] item: Leftovers
|-heal|p1a: Heatran|98/100|[from] item: Leftovers
|-damage|p2a: Deoxys|75/100 brn|[from] brn
|upkeep
|turn|10
|
|t:|1776086583
|switch|p1a: Gholdengo|Gholdengo|100/100
|-activate|p1a: Gholdengo|move: Sticky Web
|-unboost|p1a: Gholdengo|spe|1
|move|p2a: Deoxys|Flash Cannon|p1a: Gholdengo
|-resisted|p1a: Gholdengo
|-damage|p1a: Gholdengo|81/100
|
|-heal|p2a: Deoxys|81/100 brn|[from] item: Leftovers
|-damage|p2a: Deoxys|75/100 brn|[from] brn
|upkeep
|turn|11
|
|t:|1776086595
|switch|p2a: Slaking|Slaking, M|100/100
|-damage|p2a: Slaking|88/100|[from] Stealth Rock
|move|p1a: Gholdengo|Shadow Ball|p2a: Slaking
|-immune|p2a: Slaking
|
|upkeep
|turn|12
|
|t:|1776086615
|switch|p1a: Dragonite|Dragonite, M, shiny|100/100
|move|p2a: Slaking|Earthquake|p1a: Dragonite
|-immune|p1a: Dragonite
|
|upkeep
|turn|13
|
|t:|1776086622
|switch|p2a: Deoxys|Deoxys-Defense|75/100 brn
|-damage|p2a: Deoxys|62/100 brn|[from] Stealth Rock
|-ability|p2a: Deoxys|Pressure
|move|p1a: Dragonite|Dragon Dance|p1a: Dragonite
|-boost|p1a: Dragonite|atk|1
|-boost|p1a: Dragonite|spe|1
|
|-heal|p2a: Deoxys|68/100 brn|[from] item: Leftovers
|-damage|p2a: Deoxys|62/100 brn|[from] brn
|upkeep
|turn|14
|
|t:|1776086645
|-terastallize|p1a: Dragonite|Normal
|move|p1a: Dragonite|Extreme Speed|p2a: Deoxys
|-damage|p2a: Deoxys|3/100 brn
|move|p2a: Deoxys|Iron Defense|p2a: Deoxys
|-boost|p2a: Deoxys|def|2
|
|-heal|p2a: Deoxys|9/100 brn|[from] item: Leftovers
|-damage|p2a: Deoxys|3/100 brn|[from] brn
|upkeep
|turn|15
|
|t:|1776086654
|move|p1a: Dragonite|Extreme Speed|p2a: Deoxys
|-damage|p2a: Deoxys|0 fnt
|faint|p2a: Deoxys
|
|upkeep
|
|t:|1776086664
|switch|p2a: Slaking|Slaking, M|88/100
|-damage|p2a: Slaking|76/100|[from] Stealth Rock
|turn|16
|
|t:|1776086684
|switch|p1a: Iron Valiant|Iron Valiant, shiny|100/100
|-activate|p1a: Iron Valiant|move: Sticky Web
|-unboost|p1a: Iron Valiant|spe|1
|-enditem|p1a: Iron Valiant|Booster Energy
|-activate|p1a: Iron Valiant|ability: Quark Drive|[fromitem]
|-start|p1a: Iron Valiant|quarkdrivespa
|-terastallize|p2a: Slaking|Ghost
|move|p2a: Slaking|Earthquake|p1a: Iron Valiant
|-damage|p1a: Iron Valiant|20/100
|
|upkeep
|turn|17
|
|t:|1776086712
|cant|p2a: Slaking|ability: Truant
|move|p1a: Iron Valiant|Moonblast|p2a: Slaking
|-damage|p2a: Slaking|4/100
|
|upkeep
|turn|18
|
|t:|1776086717
|move|p2a: Slaking|Earthquake|p1a: Iron Valiant
|-damage|p1a: Iron Valiant|0 fnt
|faint|p1a: Iron Valiant
|-end|p1a: Iron Valiant|Quark Drive|[silent]
|
|upkeep
|
|t:|1776086729
|switch|p1a: Dragonite|Dragonite, M, shiny, tera:Normal|100/100
|turn|19
|
|t:|1776086734
|cant|p2a: Slaking|ability: Truant
|move|p1a: Dragonite|Earthquake|p2a: Slaking
|-damage|p2a: Slaking|0 fnt
|faint|p2a: Slaking
|
|upkeep
|
|t:|1776086736
|switch|p2a: Dragapult|Dragapult, M, shiny|100/100
|turn|20
|
|t:|1776086744
|move|p2a: Dragapult|Dragon Dance|p2a: Dragapult
|-boost|p2a: Dragapult|atk|1
|-boost|p2a: Dragapult|spe|1
|move|p1a: Dragonite|Dragon Dance|p1a: Dragonite
|-boost|p1a: Dragonite|atk|1
|-boost|p1a: Dragonite|spe|1
|
|upkeep
|turn|21
|
|t:|1776086750
|move|p2a: Dragapult|Dragon Darts|p1a: Dragonite
|-damage|p1a: Dragonite|80/100
|-anim|p2a: Dragapult|Dragon Darts|p1a: Dragonite
|-damage|p1a: Dragonite|42/100
|move|p1a: Dragonite|Earthquake|p2a: Dragapult
|-damage|p2a: Dragapult|27/100
|
|upkeep
|turn|22
|
|t:|1776086762
|move|p2a: Dragapult|Dragon Darts|p1a: Dragonite
|-damage|p1a: Dragonite|4/100
|-anim|p2a: Dragapult|Dragon Darts|p1a: Dragonite
|-damage|p1a: Dragonite|0 fnt
|faint|p1a: Dragonite
|
|upkeep
|
|t:|1776086770
|switch|p1a: Great Tusk|Great Tusk|100/100
|-activate|p1a: Great Tusk|move: Sticky Web
|-unboost|p1a: Great Tusk|spe|1
|turn|23
|
|t:|1776086774
|move|p2a: Dragapult|Dragon Darts|p1a: Great Tusk
|-damage|p1a: Great Tusk|81/100
|-anim|p2a: Dragapult|Dragon Darts|p1a: Great Tusk
|-damage|p1a: Great Tusk|63/100
|move|p1a: Great Tusk|Knock Off|p2a: Dragapult
|-supereffective|p2a: Dragapult
|-damage|p2a: Dragapult|0 fnt
|-enditem|p2a: Dragapult|Heavy-Duty Boots|[from] move: Knock Off|[of] p1a: Great Tusk
|faint|p2a: Dragapult
|
|-heal|p1a: Great Tusk|69/100|[from] item: Leftovers
|upkeep
|
|t:|1776086779
|switch|p2a: Regigigas|Regigigas|100/100
|-damage|p2a: Regigigas|88/100|[from] Stealth Rock
|-start|p2a: Regigigas|ability: Slow Start
|turn|24
|
|t:|1776086790
|move|p2a: Regigigas|Protect|p2a: Regigigas
|-singleturn|p2a: Regigigas|Protect
|move|p1a: Great Tusk|Knock Off|p2a: Regigigas
|-activate|p2a: Regigigas|move: Protect
|
|-heal|p1a: Great Tusk|75/100|[from] item: Leftovers
|-heal|p2a: Regigigas|94/100|[from] item: Leftovers
|upkeep
|turn|25
|
|t:|1776086797
|move|p1a: Great Tusk|Knock Off|p2a: Regigigas
|-damage|p2a: Regigigas|71/100
|-enditem|p2a: Regigigas|Leftovers|[from] move: Knock Off|[of] p1a: Great Tusk
|move|p2a: Regigigas|Substitute|p2a: Regigigas
|-start|p2a: Regigigas|Substitute
|-damage|p2a: Regigigas|46/100
|
|-heal|p1a: Great Tusk|82/100|[from] item: Leftovers
|upkeep
|turn|26
|
|t:|1776086806
|move|p2a: Regigigas|Protect|p2a: Regigigas
|-singleturn|p2a: Regigigas|Protect
|move|p1a: Great Tusk|Earthquake|p2a: Regigigas
|-activate|p2a: Regigigas|move: Protect
|
|-heal|p1a: Great Tusk|88/100|[from] item: Leftovers
|upkeep
|turn|27
|
|t:|1776086813
|move|p1a: Great Tusk|Earthquake|p2a: Regigigas
|-end|p2a: Regigigas|Substitute
|move|p2a: Regigigas|Substitute|p2a: Regigigas
|-start|p2a: Regigigas|Substitute
|-damage|p2a: Regigigas|21/100
|
|-heal|p1a: Great Tusk|94/100|[from] item: Leftovers
|upkeep
|turn|28
|
|t:|1776086820
|move|p2a: Regigigas|Protect|p2a: Regigigas
|-singleturn|p2a: Regigigas|Protect
|move|p1a: Great Tusk|Earthquake|p2a: Regigigas
|-activate|p2a: Regigigas|move: Protect
|
|-heal|p1a: Great Tusk|99/100|[from] item: Leftovers
|-end|p2a: Regigigas|Slow Start
|upkeep
|turn|29
|
|t:|1776086829
|move|p2a: Regigigas|Body Slam|p1a: Great Tusk
|-damage|p1a: Great Tusk|73/100
|move|p1a: Great Tusk|Earthquake|p2a: Regigigas
|-end|p2a: Regigigas|Substitute
|
|-heal|p1a: Great Tusk|79/100|[from] item: Leftovers
|upkeep
|turn|30
|
|t:|1776086836
|move|p2a: Regigigas|Knock Off|p1a: Great Tusk
|-resisted|p1a: Great Tusk
|-damage|p1a: Great Tusk|70/100
|-enditem|p1a: Great Tusk|Leftovers|[from] move: Knock Off|[of] p2a: Regigigas
|move|p1a: Great Tusk|Earthquake|p2a: Regigigas
|-damage|p2a: Regigigas|0 fnt
|faint|p2a: Regigigas
|-end|p2a: Regigigas|Slow Start|[silent]
|
|upkeep
|
|t:|1776086840
|switch|p2a: Serperior|Serperior, F, shiny|100/100
|-damage|p2a: Serperior|88/100|[from] Stealth Rock
|turn|31
|
|t:|1776086846
|-end|p1a: Great Tusk|Protosynthesis|[silent]
|switch|p1a: Heatran|Heatran, F|98/100
|-activate|p1a: Heatran|move: Sticky Web
|-unboost|p1a: Heatran|spe|1
|move|p2a: Serperior|Substitute|p2a: Serperior
|-start|p2a: Serperior|Substitute
|-damage|p2a: Serperior|63/100
|
|-heal|p2a: Serperior|69/100|[from] item: Leftovers
|-heal|p1a: Heatran|100/100|[from] item: Leftovers
|upkeep
|turn|32
|
|t:|1776086856
|move|p2a: Serperior|Leech Seed|p1a: Heatran
|-start|p1a: Heatran|move: Leech Seed
|move|p1a: Heatran|Taunt|p2a: Serperior
|-start|p2a: Serperior|move: Taunt
|
|-heal|p2a: Serperior|75/100|[from] item: Leftovers
|-damage|p1a: Heatran|88/100|[from] Leech Seed|[of] p2a: Serperior
|-heal|p2a: Serperior|92/100|[silent]
|upkeep
|turn|33
|
|t:|1776086864
|move|p2a: Serperior|Leaf Storm|p1a: Heatran
|-resisted|p1a: Heatran
|-damage|p1a: Heatran|81/100
|-boost|p2a: Serperior|spa|2
|move|p1a: Heatran|Lava Plume|p2a: Serperior
|-supereffective|p2a: Serperior
|-end|p2a: Serperior|Substitute
|
|-heal|p2a: Serperior|98/100|[from] item: Leftovers
|-heal|p1a: Heatran|87/100|[from] item: Leftovers
|-damage|p1a: Heatran|75/100|[from] Leech Seed|[of] p2a: Serperior
|-heal|p2a: Serperior|100/100|[silent]
|upkeep
|turn|34
|
|t:|1776086875
|move|p2a: Serperior|Leaf Storm|p1a: Heatran
|-resisted|p1a: Heatran
|-damage|p1a: Heatran|61/100
|-boost|p2a: Serperior|spa|2
|move|p1a: Heatran|Lava Plume|p2a: Serperior
|-supereffective|p2a: Serperior
|-damage|p2a: Serperior|22/100
|
|-heal|p2a: Serperior|29/100|[from] item: Leftovers
|-heal|p1a: Heatran|68/100|[from] item: Leftovers
|-damage|p1a: Heatran|55/100|[from] Leech Seed|[of] p2a: Serperior
|-heal|p2a: Serperior|45/100|[silent]
|upkeep
|turn|35
|
|t:|1776086889
|move|p2a: Serperior|Tera Blast|p1a: Heatran
|-resisted|p1a: Heatran
|-damage|p1a: Heatran|39/100
|move|p1a: Heatran|Lava Plume|p2a: Serperior
|-supereffective|p2a: Serperior
|-damage|p2a: Serperior|0 fnt
|faint|p2a: Serperior
|
|win|vinyciusj
|raw|vinyciusj's rating: 1163 &rarr; <strong>1187</strong><br />(+24 for winning)
|raw|luketheidiot's rating: 1154 &rarr; <strong>1130</strong><br />(-24 for losing)
|l|☆luketheidiot
|player|p2|
