|html|<div class="broadcast-blue"><strong>[Gen 9] OU is currently suspecting Tera Blast! For information on how to participate check out the <a href="https://www.smogon.com/tools/suspects/view/200">suspect thread</a>.</strong></div>
|j|‽unauthorized user
|j|☆lololooopp
|t:|1776287676
|gametype|singles
|player|p1|unauthorized user|101|1289
|player|p2|lololooopp|cyrus|1205
|gen|9
|tier|[Gen 9] OU
|rated|
|rule|HP Percentage Mod: HP is shown in percentages
|rule|Endless Battle Clause: Forcing endless battles is banned
|rule|Species Clause: Limit one of each Pokémon
|rule|OHKO Clause: OHKO moves are banned
|rule|Evasion Items Clause: Evasion items are banned
|rule|Evasion Moves Clause: Evasion moves are banned
|rule|Evasion Abilities Clause: Evasion abilities are banned
|rule|Sleep Moves Clause: Sleep-inducing moves are banned
|clearpoke
|poke|p1|Arcanine-Hisui, M|
|poke|p1|Darkrai|
|poke|p1|Great Tusk|
|poke|p1|Hatterene, F|
|poke|p1|Ogerpon-Wellspring, F|
|poke|p1|Zapdos|
|poke|p2|Tyranitar, F|
|poke|p2|Iron Valiant|
|poke|p2|Garchomp, M|
|poke|p2|Kingambit, M|
|poke|p2|Scizor, M|
|poke|p2|Chandelure, M|
|teampreview
|
|t:|1776287695
|teamsize|p1|6
|teamsize|p2|6
|start
|switch|p1a: Ogerpon|Ogerpon-Wellspring, F|100/100
|switch|p2a: Tyranitar|Tyranitar, F|100/100
|-weather|Sandstorm|[from] ability: Sand Stream|[of] p2a: Tyranitar
|turn|1
|
|t:|1776287704
|move|p1a: Ogerpon|Ivy Cudgel|p2a: Tyranitar|[anim] Ivy Cudgel Water
|-supereffective|p2a: Tyranitar
|-damage|p2a: Tyranitar|3/100
|move|p2a: Tyranitar|Dragon Dance|p2a: Tyranitar
|-boost|p2a: Tyranitar|atk|1
|-boost|p2a: Tyranitar|spe|1
|
|-weather|Sandstorm|[upkeep]
|-damage|p1a: Ogerpon|95/100|[from] Sandstorm
|-heal|p2a: Tyranitar|9/100|[from] item: Leftovers
|upkeep
|turn|2
|
|t:|1776287712
|move|p1a: Ogerpon|Ivy Cudgel|p2a: Tyranitar|[anim] Ivy Cudgel Water
|-supereffective|p2a: Tyranitar
|-damage|p2a: Tyranitar|0 fnt
|faint|p2a: Tyranitar
|
|-weather|Sandstorm|[upkeep]
|-damage|p1a: Ogerpon|89/100|[from] Sandstorm
|upkeep
|
|t:|1776287722
|switch|p2a: Iron Valiant|Iron Valiant, shiny|100/100
|-enditem|p2a: Iron Valiant|Booster Energy
|-activate|p2a: Iron Valiant|ability: Quark Drive|[fromitem]
|-start|p2a: Iron Valiant|quarkdrivespa
|turn|3
|
|t:|1776287752
|-terastallize|p1a: Ogerpon|Water
|detailschange|p1a: Ogerpon|Ogerpon-Wellspring-Tera, F, tera:Water
|-ability|p1a: Ogerpon|Embody Aspect (Wellspring)|boost
|-boost|p1a: Ogerpon|spd|1
|move|p1a: Ogerpon|Ivy Cudgel|p2a: Iron Valiant|[anim] Ivy Cudgel Water
|-damage|p2a: Iron Valiant|10/100
|move|p2a: Iron Valiant|Calm Mind|p2a: Iron Valiant
|-boost|p2a: Iron Valiant|spa|1
|-boost|p2a: Iron Valiant|spd|1
|
|-weather|Sandstorm|[upkeep]
|-damage|p1a: Ogerpon|83/100|[from] Sandstorm
|-damage|p2a: Iron Valiant|3/100|[from] Sandstorm
|upkeep
|turn|4
|
|t:|1776287771
|move|p1a: Ogerpon|Ivy Cudgel|p2a: Iron Valiant|[anim] Ivy Cudgel Water
|-damage|p2a: Iron Valiant|0 fnt
|faint|p2a: Iron Valiant
|-end|p2a: Iron Valiant|Quark Drive|[silent]
|
|-weather|Sandstorm|[upkeep]
|-damage|p1a: Ogerpon|77/100|[from] Sandstorm
|upkeep
|
|t:|1776287775
|switch|p2a: Scizor|Scizor, M|100/100
|turn|5
|
|t:|1776287779
|move|p1a: Ogerpon|Ivy Cudgel|p2a: Scizor|[anim] Ivy Cudgel Water
|-damage|p2a: Scizor|3/100
|move|p2a: Scizor|Swords Dance|p2a: Scizor
|-boost|p2a: Scizor|atk|2
|
|-weather|none
|upkeep
|turn|6
|
|t:|1776287784
|move|p1a: Ogerpon|Ivy Cudgel|p2a: Scizor|[anim] Ivy Cudgel Water
|-damage|p2a: Scizor|0 fnt
|faint|p2a: Scizor
|
|upkeep
|l|☆lololooopp
|player|p2|
|inactive|Battle timer is ON: inactive players will automatically lose when time's up. (requested by unauthorized user)
|inactive|lololooopp has 30 seconds to reconnect!
|inactive|lololooopp has 20 seconds to reconnect!
|inactive|lololooopp has 15 seconds to reconnect!
|inactive|lololooopp has 10 seconds to reconnect!
|inactive|lololooopp has 5 seconds to reconnect!
|-message|lololooopp lost due to inactivity.
|
|win|unauthorized user
|raw|unauthorized user's rating: 1289 &rarr; <strong>1308</strong><br />(+19 for winning)
|raw|lololooopp's rating: 1205 &rarr; <strong>1186</strong><br />(-19 for losing)
