|html|<div class="broadcast-blue"><strong>[Gen 9] OU is currently suspecting Tera Blast! For information on how to participate check out the <a href="https://www.smogon.com/tools/suspects/view/200">suspect thread</a>.</strong></div>
|j|☆spauty18
|j|☆kongjin
|t:|1776035174
|gametype|singles
|player|p1|spauty18|101|1161
|player|p2|kongjin|169|1153
|gen|9
|tier|[Gen 9] OU
|rated|
|rule|HP Percentage Mod: HP is shown in percentages
|rule|Endless Battle Clause: Forcing endless battles is banned
|rule|Species Clause: Limit one of each Pokémon
|rule|OHKO Clause: OHKO moves are banned
|rule|Evasion Items Clause: Evasion items are banned
|rule|Evasion Moves Clause: Evasion moves are banned
|rule|Evasion Abilities Clause: Evasion abilities are banned
|rule|Sleep Moves Clause: Sleep-inducing moves are banned
|clearpoke
|poke|p1|Umbreon, F|
|poke|p1|Manaphy|
|poke|p1|Alcremie, F|
|poke|p1|Great Tusk|
|poke|p1|Garganacl, F|
|poke|p1|Lurantis, F|
|poke|p2|Great Tusk|
|poke|p2|Alomomola, F|
|poke|p2|Zapdos|
|poke|p2|Slowking-Galar, F|
|poke|p2|Iron Valiant|
|poke|p2|Corviknight, F|
|teampreview
|inactive|Battle timer is ON: inactive players will automatically lose when time's up. (requested by spauty18)
|
|t:|1776035183
|teamsize|p1|6
|teamsize|p2|6
|start
|switch|p1a: Garganacl|Garganacl, F|100/100
|switch|p2a: Iron Valiant|Iron Valiant|100/100
|turn|1
|
|t:|1776035189
|move|p2a: Iron Valiant|Close Combat|p1a: Garganacl
|-supereffective|p1a: Garganacl
|-damage|p1a: Garganacl|0 fnt
|-unboost|p2a: Iron Valiant|def|1
|-unboost|p2a: Iron Valiant|spd|1
|faint|p1a: Garganacl
|
|upkeep
|
|t:|1776035199
|switch|p1a: Lurantis|Lurantis, F|100/100
|turn|2
|
|t:|1776035211
|-end|p2a: Iron Valiant|Quark Drive|[silent]
|switch|p2a: Corviknight|Corviknight, F|100/100
|-ability|p2a: Corviknight|Pressure
|move|p1a: Lurantis|Giga Drain|p2a: Corviknight
|-resisted|p2a: Corviknight
|-damage|p2a: Corviknight|95/100
|
|-heal|p2a: Corviknight|100/100|[from] item: Leftovers
|upkeep
|turn|3
|
|t:|1776035220
|move|p2a: Corviknight|U-turn|p1a: Lurantis
|-supereffective|p1a: Lurantis
|-damage|p1a: Lurantis|68/100
|
|t:|1776035245
|switch|p2a: Zapdos|Zapdos|100/100|[from] U-turn
|move|p1a: Lurantis|Superpower|p2a: Zapdos
|-resisted|p2a: Zapdos
|-damage|p2a: Zapdos|90/100
|-boost|p1a: Lurantis|atk|1
|-boost|p1a: Lurantis|def|1
|-damage|p1a: Lurantis|51/100|[from] item: Rocky Helmet|[of] p2a: Zapdos
|
|-heal|p1a: Lurantis|57/100|[from] item: Leftovers
|upkeep
|turn|4
|
|t:|1776035259
|switch|p1a: Umbreon|Umbreon, F|100/100
|move|p2a: Zapdos|Hurricane|p1a: Umbreon
|-damage|p1a: Umbreon|71/100
|-start|p1a: Umbreon|confusion
|
|-heal|p1a: Umbreon|77/100|[from] item: Leftovers
|upkeep
|turn|5
|
|t:|1776035269
|move|p2a: Zapdos|Volt Switch|p1a: Umbreon
|-damage|p1a: Umbreon|58/100
|inactive|kongjin has 120 seconds left.
|inactive|kongjin has 90 seconds left.
|
|t:|1776035350
|switch|p2a: Iron Valiant|Iron Valiant|100/100|[from] Volt Switch
|-activate|p1a: Umbreon|confusion
|move|p1a: Umbreon|Toxic|p2a: Iron Valiant
|-status|p2a: Iron Valiant|tox
|
|-heal|p1a: Umbreon|64/100|[from] item: Leftovers
|-damage|p2a: Iron Valiant|94/100 tox|[from] psn
|upkeep
|turn|6
|
|t:|1776035360
|-end|p1a: Umbreon|confusion
|move|p1a: Umbreon|Protect|p1a: Umbreon
|-singleturn|p1a: Umbreon|Protect
|move|p2a: Iron Valiant|Spirit Break|p1a: Umbreon
|-activate|p1a: Umbreon|move: Protect
|
|-heal|p1a: Umbreon|71/100|[from] item: Leftovers
|-damage|p2a: Iron Valiant|82/100 tox|[from] psn
|upkeep
|turn|7
|
|t:|1776035373
|switch|p1a: Lurantis|Lurantis, F|57/100
|move|p2a: Iron Valiant|Spirit Break|p1a: Lurantis
|-damage|p1a: Lurantis|0 fnt
|faint|p1a: Lurantis
|
|-damage|p2a: Iron Valiant|63/100 tox|[from] psn
|upkeep
|
|t:|1776035383
|switch|p1a: Alcremie|Alcremie, F, shiny|100/100
|turn|8
|
|t:|1776035388
|-end|p2a: Iron Valiant|Quark Drive|[silent]
|switch|p2a: Corviknight|Corviknight, F|100/100
|-ability|p2a: Corviknight|Pressure
|move|p1a: Alcremie|Draining Kiss|p2a: Corviknight
|-resisted|p2a: Corviknight
|-damage|p2a: Corviknight|90/100
|
|-heal|p2a: Corviknight|96/100|[from] item: Leftovers
|upkeep
|turn|9
|inactive|kongjin has 90 seconds left.
|-message|spauty18 forfeited.
|
|win|kongjin
|raw|spauty18's rating: 1161 &rarr; <strong>1135</strong><br />(-26 for losing)
|raw|kongjin's rating: 1153 &rarr; <strong>1179</strong><br />(+26 for winning)
|l|☆spauty18
|player|p1|
|l|☆kongjin
|player|p2|
