|html|<div class="broadcast-blue"><strong>[Gen 9] OU is currently suspecting Tera Blast! For information on how to participate check out the <a href="https://www.smogon.com/tools/suspects/view/200">suspect thread</a>.</strong></div>
|j|☆tybrook
|j|☆mothfox
|t:|1776121076
|gametype|singles
|player|p1|tybrook|266|1198
|player|p2|mothfox|colress|1225
|gen|9
|tier|[Gen 9] OU
|rated|
|rule|HP Percentage Mod: HP is shown in percentages
|rule|Endless Battle Clause: Forcing endless battles is banned
|rule|Species Clause: Limit one of each Pokémon
|rule|OHKO Clause: OHKO moves are banned
|rule|Evasion Items Clause: Evasion items are banned
|rule|Evasion Moves Clause: Evasion moves are banned
|rule|Evasion Abilities Clause: Evasion abilities are banned
|rule|Sleep Moves Clause: Sleep-inducing moves are banned
|clearpoke
|poke|p1|Great Tusk|
|poke|p1|Iron Valiant|
|poke|p1|Alomomola, F|
|poke|p1|Zapdos|
|poke|p1|Conkeldurr, F|
|poke|p1|Kyurem|
|poke|p2|Dragonite, F|
|poke|p2|Samurott-Hisui, F|
|poke|p2|Clefable, M|
|poke|p2|Gliscor, M|
|poke|p2|Gholdengo|
|poke|p2|Zamazenta-*|
|teampreview
|inactive|Battle timer is ON: inactive players will automatically lose when time's up. (requested by mothfox)
|inactive|tybrook also wants the timer to be on.
|
|t:|1776121092
|teamsize|p1|6
|teamsize|p2|6
|start
|switch|p1a: Zapdos|Zapdos|100/100
|switch|p2a: Clefable|Clefable, M|100/100
|turn|1
|
|t:|1776121101
|move|p1a: Zapdos|U-turn|p2a: Clefable
|-resisted|p2a: Clefable
|-damage|p2a: Clefable|95/100
|-damage|p1a: Zapdos|84/100|[from] item: Rocky Helmet|[of] p2a: Clefable
|
|t:|1776121109
|switch|p1a: Alomomola|Alomomola, F|100/100|[from] U-turn
|move|p2a: Clefable|Stealth Rock|p1a: Alomomola
|-sidestart|p1: tybrook|move: Stealth Rock
|
|upkeep
|turn|2
|c|☆mothfox|who's spectating?
|
|t:|1776121122
|move|p2a: Clefable|Knock Off|p1a: Alomomola
|-crit|p1a: Alomomola
|-damage|p1a: Alomomola|88/100
|-enditem|p1a: Alomomola|Heavy-Duty Boots|[from] move: Knock Off|[of] p2a: Clefable
|move|p1a: Alomomola|Flip Turn|p2a: Clefable
|-damage|p2a: Clefable|83/100
|-damage|p1a: Alomomola|72/100|[from] item: Rocky Helmet|[of] p2a: Clefable
|inactive|tybrook has 120 seconds left.
|
|t:|1776121182
|switch|p1a: Zapdos|Zapdos|84/100|[from] Flip Turn
|
|upkeep
|turn|3
|
|t:|1776121190
|move|p1a: Zapdos|Thunderbolt|p2a: Clefable
|-damage|p2a: Clefable|50/100
|move|p2a: Clefable|Knock Off|p1a: Zapdos
|-damage|p1a: Zapdos|68/100
|-status|p2a: Clefable|par|[from] ability: Static|[of] p1a: Zapdos
|-enditem|p1a: Zapdos|Heavy-Duty Boots|[from] move: Knock Off|[of] p2a: Clefable
|
|upkeep
|turn|4
|
|t:|1776121204
|move|p1a: Zapdos|Roost|p1a: Zapdos
|-heal|p1a: Zapdos|100/100
|-singleturn|p1a: Zapdos|move: Roost
|move|p2a: Clefable|Moonlight|p2a: Clefable
|-heal|p2a: Clefable|99/100 par
|
|upkeep
|turn|5
|c|☆tybrook|im not sure lmao
|c|☆mothfox|cool ig
|c|☆mothfox|hi spectator
|inactive|mothfox has 120 seconds left.
|
|t:|1776121236
|move|p1a: Zapdos|U-turn|p2a: Clefable
|-resisted|p2a: Clefable
|-damage|p2a: Clefable|95/100 par
|-damage|p1a: Zapdos|84/100|[from] item: Rocky Helmet|[of] p2a: Clefable
|
|t:|1776121243
|switch|p1a: Great Tusk|Great Tusk|100/100|[from] U-turn
|-damage|p1a: Great Tusk|98/100|[from] Stealth Rock
|cant|p2a: Clefable|par
|
|upkeep
|turn|6
|
|t:|1776121255
|move|p1a: Great Tusk|Rapid Spin|p2a: Clefable
|-damage|p2a: Clefable|82/100 par
|-boost|p1a: Great Tusk|spe|1
|-damage|p1a: Great Tusk|81/100|[from] item: Rocky Helmet|[of] p2a: Clefable
|-sideend|p1: tybrook|Stealth Rock|[from] move: Rapid Spin|[of] p1a: Great Tusk
|move|p2a: Clefable|Moonblast|p1a: Great Tusk
|-supereffective|p1a: Great Tusk
|-damage|p1a: Great Tusk|0 fnt
|faint|p1a: Great Tusk
|-end|p1a: Great Tusk|Protosynthesis|[silent]
|
|upkeep
|
|t:|1776121262
|switch|p1a: Iron Valiant|Iron Valiant|100/100
|-enditem|p1a: Iron Valiant|Booster Energy
|-activate|p1a: Iron Valiant|ability: Quark Drive|[fromitem]
|-start|p1a: Iron Valiant|quarkdrivespe
|turn|7
|inactive|mothfox has 120 seconds left.
|
|t:|1776121283
|move|p1a: Iron Valiant|Moonblast|p2a: Clefable
|-damage|p2a: Clefable|41/100 par
|-unboost|p2a: Clefable|spa|1
|move|p2a: Clefable|Stealth Rock|p1a: Iron Valiant
|-sidestart|p1: tybrook|move: Stealth Rock
|
|upkeep
|turn|8
|
|t:|1776121292
|switch|p2a: Gliscor|Gliscor, M|100/100
|move|p1a: Iron Valiant|Moonblast|p2a: Gliscor
|-damage|p2a: Gliscor|58/100
|
|-status|p2a: Gliscor|tox|[from] item: Toxic Orb
|upkeep
|turn|9
|
|t:|1776121303
|-end|p1a: Iron Valiant|Quark Drive|[silent]
|switch|p1a: Alomomola|Alomomola, F|100/100
|-damage|p1a: Alomomola|88/100|[from] Stealth Rock
|move|p2a: Gliscor|Facade|p1a: Alomomola
|-damage|p1a: Alomomola|73/100
|
|-heal|p2a: Gliscor|71/100 tox|[from] ability: Poison Heal
|upkeep
|turn|10
|
|t:|1776121313
|move|p2a: Gliscor|Swords Dance|p2a: Gliscor
|-boost|p2a: Gliscor|atk|2
|move|p1a: Alomomola|Wish|p1a: Alomomola
|
|-heal|p2a: Gliscor|83/100 tox|[from] ability: Poison Heal
|upkeep
|turn|11
|
|t:|1776121321
|move|p2a: Gliscor|Facade|p1a: Alomomola
|-damage|p1a: Alomomola|42/100
|move|p1a: Alomomola|Ice Beam|p2a: Gliscor
|-supereffective|p2a: Gliscor
|-damage|p2a: Gliscor|46/100 tox
|
|-heal|p1a: Alomomola|92/100|[from] move: Wish|[wisher] Alomomola
|-heal|p2a: Gliscor|58/100 tox|[from] ability: Poison Heal
|upkeep
|turn|12
|
|t:|1776121333
|move|p2a: Gliscor|Protect|p2a: Gliscor
|-singleturn|p2a: Gliscor|Protect
|move|p1a: Alomomola|Flip Turn|p2a: Gliscor
|-activate|p2a: Gliscor|move: Protect
|
|-heal|p2a: Gliscor|71/100 tox|[from] ability: Poison Heal
|upkeep
|turn|13
|
|t:|1776121341
|move|p2a: Gliscor|Swords Dance|p2a: Gliscor
|-boost|p2a: Gliscor|atk|2
|move|p1a: Alomomola|Flip Turn|p2a: Gliscor
|-supereffective|p2a: Gliscor
|-damage|p2a: Gliscor|45/100 tox
|
|t:|1776121344
|switch|p1a: Kyurem|Kyurem|100/100|[from] Flip Turn
|-damage|p1a: Kyurem|76/100|[from] Stealth Rock
|-ability|p1a: Kyurem|Pressure
|
|-heal|p2a: Gliscor|58/100 tox|[from] ability: Poison Heal
|upkeep
|turn|14
|
|t:|1776121363
|move|p2a: Gliscor|Protect|p2a: Gliscor
|-singleturn|p2a: Gliscor|Protect
|move|p1a: Kyurem|Freeze-Dry|p2a: Gliscor
|-activate|p2a: Gliscor|move: Protect
|
|-heal|p2a: Gliscor|70/100 tox|[from] ability: Poison Heal
|upkeep
|turn|15
|
|t:|1776121371
|-terastallize|p2a: Gliscor|Normal
|move|p1a: Kyurem|Freeze-Dry|p2a: Gliscor
|-damage|p2a: Gliscor|34/100 tox
|move|p2a: Gliscor|Facade|p1a: Kyurem
|-damage|p1a: Kyurem|0 fnt
|faint|p1a: Kyurem
|
|-heal|p2a: Gliscor|47/100 tox|[from] ability: Poison Heal
|upkeep
|
|t:|1776121380
|switch|p1a: Alomomola|Alomomola, F|100/100
|-damage|p1a: Alomomola|88/100|[from] Stealth Rock
|turn|16
|
|t:|1776121384
|move|p2a: Gliscor|Facade|p1a: Alomomola
|-damage|p1a: Alomomola|16/100
|move|p1a: Alomomola|Flip Turn|p2a: Gliscor
|-damage|p2a: Gliscor|35/100 tox
|
|t:|1776121387
|switch|p1a: Conkeldurr|Conkeldurr, F|100/100|[from] Flip Turn
|-damage|p1a: Conkeldurr|94/100|[from] Stealth Rock
|
|-heal|p2a: Gliscor|47/100 tox|[from] ability: Poison Heal
|-status|p1a: Conkeldurr|brn|[from] item: Flame Orb
|upkeep
|turn|17
|
|t:|1776121397
|switch|p2a: Clefable|Clefable, M|41/100 par
|move|p1a: Conkeldurr|Mach Punch|p2a: Clefable
|-resisted|p2a: Clefable
|-damage|p2a: Clefable|28/100 par
|-damage|p1a: Conkeldurr|78/100 brn|[from] item: Rocky Helmet|[of] p2a: Clefable
|
|-damage|p1a: Conkeldurr|72/100 brn|[from] brn
|upkeep
|turn|18
|
|t:|1776121410
|move|p1a: Conkeldurr|Ice Punch|p2a: Clefable
|-damage|p2a: Clefable|0 fnt
|-damage|p1a: Conkeldurr|55/100 brn|[from] item: Rocky Helmet|[of] p2a: Clefable
|faint|p2a: Clefable
|
|-damage|p1a: Conkeldurr|49/100 brn|[from] brn
|upkeep
|
|t:|1776121429
|switch|p2a: Gholdengo|Gholdengo|100/100
|turn|19
|
|t:|1776121434
|switch|p1a: Zapdos|Zapdos|84/100
|-damage|p1a: Zapdos|59/100|[from] Stealth Rock
|move|p2a: Gholdengo|Make It Rain|p1a: Zapdos
|-resisted|p1a: Zapdos
|-damage|p1a: Zapdos|38/100
|-unboost|p2a: Gholdengo|spa|1
|
|upkeep
|turn|20
|
|t:|1776121446
|move|p2a: Gholdengo|Make It Rain|p1a: Zapdos
|-resisted|p1a: Zapdos
|-damage|p1a: Zapdos|25/100
|-unboost|p2a: Gholdengo|spa|1
|move|p1a: Zapdos|Roost|p1a: Zapdos
|-heal|p1a: Zapdos|75/100
|-singleturn|p1a: Zapdos|move: Roost
|
|upkeep
|turn|21
|
|t:|1776121463
|switch|p2a: Samurott|Samurott-Hisui, F|100/100
|move|p1a: Zapdos|Thunderbolt|p2a: Samurott
|-supereffective|p2a: Samurott
|-damage|p2a: Samurott|44/100
|
|upkeep
|turn|22
|
|t:|1776121471
|move|p2a: Samurott|Sucker Punch|p1a: Zapdos
|-damage|p1a: Zapdos|40/100
|move|p1a: Zapdos|Thunderbolt|p2a: Samurott
|-supereffective|p2a: Samurott
|-damage|p2a: Samurott|0 fnt
|faint|p2a: Samurott
|
|upkeep
|
|t:|1776121482
|switch|p2a: Gholdengo|Gholdengo|100/100
|turn|23
|
|t:|1776121493
|move|p2a: Gholdengo|Make It Rain|p1a: Zapdos
|-resisted|p1a: Zapdos
|-damage|p1a: Zapdos|19/100
|-unboost|p2a: Gholdengo|spa|1
|move|p1a: Zapdos|Thunderbolt|p2a: Gholdengo
|-damage|p2a: Gholdengo|55/100
|
|upkeep
|turn|24
|
|t:|1776121501
|move|p2a: Gholdengo|Make It Rain|p1a: Zapdos
|-resisted|p1a: Zapdos
|-damage|p1a: Zapdos|5/100
|-unboost|p2a: Gholdengo|spa|1
|move|p1a: Zapdos|Roost|p1a: Zapdos
|-heal|p1a: Zapdos|55/100
|-singleturn|p1a: Zapdos|move: Roost
|
|upkeep
|turn|25
|c|☆mothfox|AUGH
|c|☆tybrook|fat bird\
|
|t:|1776121516
|switch|p2a: Gliscor|Gliscor, M, tera:Normal|47/100 tox
|move|p1a: Zapdos|Roost|p1a: Zapdos
|-heal|p1a: Zapdos|100/100
|-singleturn|p1a: Zapdos|move: Roost
|
|-heal|p2a: Gliscor|60/100 tox|[from] ability: Poison Heal
|upkeep
|turn|26
|c|☆mothfox|very fat bird
|
|t:|1776121532
|move|p2a: Gliscor|Facade|p1a: Zapdos
|-damage|p1a: Zapdos|57/100
|move|p1a: Zapdos|Thunderbolt|p2a: Gliscor
|-damage|p2a: Gliscor|26/100 tox
|
|-heal|p2a: Gliscor|39/100 tox|[from] ability: Poison Heal
|upkeep
|turn|27
|
|t:|1776121554
|move|p2a: Gliscor|Protect|p2a: Gliscor
|-singleturn|p2a: Gliscor|Protect
|move|p1a: Zapdos|U-turn|p2a: Gliscor
|-activate|p2a: Gliscor|move: Protect
|
|-heal|p2a: Gliscor|51/100 tox|[from] ability: Poison Heal
|upkeep
|turn|28
|
|t:|1776121562
|move|p2a: Gliscor|Knock Off|p1a: Zapdos
|-damage|p1a: Zapdos|43/100
|move|p1a: Zapdos|U-turn|p2a: Gliscor
|-damage|p2a: Gliscor|41/100 tox
|
|t:|1776121568
|switch|p1a: Iron Valiant|Iron Valiant|100/100|[from] U-turn
|-damage|p1a: Iron Valiant|94/100|[from] Stealth Rock
|
|-heal|p2a: Gliscor|53/100 tox|[from] ability: Poison Heal
|upkeep
|turn|29
|c|☆mothfox|slow birb too
|c|☆tybrook|in order to be fat you must be slow
|inactive|tybrook has 120 seconds left.
|inactive|mothfox has 120 seconds left.
|
|t:|1776121616
|move|p1a: Iron Valiant|Close Combat|p2a: Gliscor
|-supereffective|p2a: Gliscor
|-damage|p2a: Gliscor|0 fnt
|-unboost|p1a: Iron Valiant|def|1
|-unboost|p1a: Iron Valiant|spd|1
|faint|p2a: Gliscor
|
|upkeep
|inactive|mothfox has 120 seconds left.
|
|t:|1776121627
|switch|p2a: Gholdengo|Gholdengo|55/100
|turn|30
|inactive|mothfox has 120 seconds left.
|
|t:|1776121635
|-end|p1a: Iron Valiant|Quark Drive|[silent]
|switch|p1a: Zapdos|Zapdos|43/100
|-damage|p1a: Zapdos|18/100|[from] Stealth Rock
|move|p2a: Gholdengo|Shadow Ball|p1a: Zapdos
|-damage|p1a: Zapdos|0 fnt
|faint|p1a: Zapdos
|
|upkeep
|
|t:|1776121639
|switch|p1a: Alomomola|Alomomola, F|50/100
|-damage|p1a: Alomomola|37/100|[from] Stealth Rock
|turn|31
|
|t:|1776121646
|move|p2a: Gholdengo|Shadow Ball|p1a: Alomomola
|-damage|p1a: Alomomola|0 fnt
|faint|p1a: Alomomola
|
|upkeep
|inactive|tybrook has 120 seconds left.
|inactive|tybrook has 90 seconds left.
|
|t:|1776121699
|switch|p1a: Iron Valiant|Iron Valiant|94/100
|-damage|p1a: Iron Valiant|88/100|[from] Stealth Rock
|turn|32
|inactive|tybrook has 90 seconds left.
|
|t:|1776121705
|-terastallize|p1a: Iron Valiant|Fairy
|move|p2a: Gholdengo|Shadow Ball|p1a: Iron Valiant
|-damage|p1a: Iron Valiant|3/100
|move|p1a: Iron Valiant|Moonblast|p2a: Gholdengo
|-resisted|p2a: Gholdengo
|-damage|p2a: Gholdengo|22/100
|
|upkeep
|turn|33
|
|t:|1776121714
|move|p2a: Gholdengo|Shadow Ball|p1a: Iron Valiant
|-damage|p1a: Iron Valiant|0 fnt
|faint|p1a: Iron Valiant
|-end|p1a: Iron Valiant|Quark Drive|[silent]
|
|upkeep
|
|t:|1776121715
|switch|p1a: Conkeldurr|Conkeldurr, F|49/100 brn
|-damage|p1a: Conkeldurr|43/100 brn|[from] Stealth Rock
|turn|34
|
|t:|1776121721
|move|p2a: Gholdengo|Shadow Ball|p1a: Conkeldurr
|-damage|p1a: Conkeldurr|0 fnt
|faint|p1a: Conkeldurr
|
|win|mothfox
|raw|tybrook's rating: 1198 &rarr; <strong>1175</strong><br />(-23 for losing)
|raw|mothfox's rating: 1225 &rarr; <strong>1248</strong><br />(+23 for winning)
