|html|<div class="broadcast-blue"><strong>[Gen 9] OU is currently suspecting Tera Blast! For information on how to participate check out the <a href="https://www.smogon.com/tools/suspects/view/200">suspect thread</a>.</strong></div>
|j|☆brybryoski
|j|☆The Dragon Lair
|t:|1776121198
|gametype|singles
|player|p1|brybryoski|drayden|1139
|player|p2|The Dragon Lair|ghetsis-gen5bw|1128
|gen|9
|tier|[Gen 9] OU
|rated|
|rule|HP Percentage Mod: HP is shown in percentages
|rule|Endless Battle Clause: Forcing endless battles is banned
|rule|Species Clause: Limit one of each Pokémon
|rule|OHKO Clause: OHKO moves are banned
|rule|Evasion Items Clause: Evasion items are banned
|rule|Evasion Moves Clause: Evasion moves are banned
|rule|Evasion Abilities Clause: Evasion abilities are banned
|rule|Sleep Moves Clause: Sleep-inducing moves are banned
|clearpoke
|poke|p1|Noivern, F|
|poke|p1|Ceruledge, F|
|poke|p1|Iron Valiant|
|poke|p1|Iron Crown|
|poke|p1|Clodsire, M|
|poke|p1|Samurott-Hisui, F|
|poke|p2|Kingdra, M|
|poke|p2|Pelipper, M|
|poke|p2|Barraskewda, F|
|poke|p2|Drednaw, M|
|poke|p2|Politoed, M|
|poke|p2|Lanturn, F|
|teampreview
|
|t:|1776121204
|teamsize|p1|6
|teamsize|p2|6
|start
|switch|p1a: Iron Crown|Iron Crown|100/100
|switch|p2a: Politoed|Politoed, M|100/100
|-weather|RainDance|[from] ability: Drizzle|[of] p2a: Politoed
|-enditem|p1a: Iron Crown|Booster Energy
|-activate|p1a: Iron Crown|ability: Quark Drive|[fromitem]
|-start|p1a: Iron Crown|quarkdrivespd
|turn|1
|inactive|Battle timer is ON: inactive players will automatically lose when time's up. (requested by The Dragon Lair)
|
|t:|1776121214
|switch|p2a: Lanturn|Lanturn, F|100/100
|move|p1a: Iron Crown|Calm Mind|p1a: Iron Crown
|-boost|p1a: Iron Crown|spa|1
|-boost|p1a: Iron Crown|spd|1
|
|-weather|RainDance|[upkeep]
|upkeep
|turn|2
|
|t:|1776121221
|-end|p1a: Iron Crown|Quark Drive|[silent]
|switch|p1a: Clodsire|Clodsire, M, shiny|100/100
|move|p2a: Lanturn|Thunder Wave|p1a: Clodsire
|-immune|p1a: Clodsire
|
|-weather|RainDance|[upkeep]
|upkeep
|turn|3
|
|t:|1776121232
|switch|p2a: Pelipper|Pelipper, M|100/100
|move|p1a: Clodsire|Earthquake|p2a: Pelipper
|-immune|p2a: Pelipper
|
|-weather|RainDance|[upkeep]
|upkeep
|turn|4
|
|t:|1776121239
|move|p2a: Pelipper|Tailwind|p2a: Pelipper
|-sidestart|p2: The Dragon Lair|move: Tailwind
|move|p1a: Clodsire|Poison Jab|p2a: Pelipper
|-damage|p2a: Pelipper|66/100
|
|-weather|RainDance|[upkeep]
|upkeep
|turn|5
|
|t:|1776121246
|move|p2a: Pelipper|Ice Beam|p1a: Clodsire
|-supereffective|p1a: Clodsire
|-damage|p1a: Clodsire|65/100
|move|p1a: Clodsire|Poison Jab|p2a: Pelipper
|-damage|p2a: Pelipper|34/100
|
|-weather|RainDance|[upkeep]
|-heal|p1a: Clodsire|71/100|[from] item: Black Sludge
|upkeep
|turn|6
|
|t:|1776121257
|move|p2a: Pelipper|Ice Beam|p1a: Clodsire
|-supereffective|p1a: Clodsire
|-damage|p1a: Clodsire|32/100
|move|p1a: Clodsire|Counter||[still]
|-fail|p1a: Clodsire
|
|-weather|RainDance|[upkeep]
|-heal|p1a: Clodsire|38/100|[from] item: Black Sludge
|upkeep
|turn|7
|
|t:|1776121262
|move|p2a: Pelipper|Ice Beam|p1a: Clodsire
|-supereffective|p1a: Clodsire
|-damage|p1a: Clodsire|4/100
|move|p1a: Clodsire|Recover|p1a: Clodsire
|-heal|p1a: Clodsire|54/100
|
|-weather|RainDance|[upkeep]
|-heal|p1a: Clodsire|60/100|[from] item: Black Sludge
|-sideend|p2: The Dragon Lair|move: Tailwind
|upkeep
|turn|8
|
|t:|1776121274
|move|p2a: Pelipper|Weather Ball|p1a: Clodsire
|-heal|p1a: Clodsire|85/100|[from] ability: Water Absorb|[of] p2a: Pelipper
|move|p1a: Clodsire|Poison Jab|p2a: Pelipper
|-damage|p2a: Pelipper|0 fnt
|faint|p2a: Pelipper
|
|-weather|none
|-heal|p1a: Clodsire|91/100|[from] item: Black Sludge
|upkeep
|
|t:|1776121276
|switch|p2a: Barraskewda|Barraskewda, F|100/100
|turn|9
|
|t:|1776121289
|move|p2a: Barraskewda|Drill Run|p1a: Clodsire
|-supereffective|p1a: Clodsire
|-crit|p1a: Clodsire
|-damage|p1a: Clodsire|0 fnt
|faint|p1a: Clodsire
|-damage|p2a: Barraskewda|91/100|[from] item: Life Orb
|
|upkeep
|
|t:|1776121301
|switch|p1a: Iron Crown|Iron Crown|100/100
|turn|10
|c|☆The Dragon Lair|Stupid ass tadpole
|
|t:|1776121307
|switch|p2a: Kingdra|Kingdra, M|100/100
|move|p1a: Iron Crown|Volt Switch|p2a: Kingdra
|-damage|p2a: Kingdra|75/100
|
|t:|1776121315
|-end|p1a: Iron Crown|Quark Drive|[silent]
|switch|p1a: Noivern|Noivern, F|100/100|[from] Volt Switch
|
|upkeep
|turn|11
|
|t:|1776121320
|switch|p2a: Politoed|Politoed, M|100/100
|-weather|RainDance|[from] ability: Drizzle|[of] p2a: Politoed
|move|p1a: Noivern|Draco Meteor|p2a: Politoed
|-damage|p2a: Politoed|41/100
|-unboost|p1a: Noivern|spa|2
|
|-weather|RainDance|[upkeep]
|upkeep
|turn|12
|
|t:|1776121329
|move|p1a: Noivern|U-turn|p2a: Politoed
|-damage|p2a: Politoed|29/100
|
|t:|1776121338
|switch|p1a: Samurott|Samurott-Hisui, F|100/100|[from] U-turn
|move|p2a: Politoed|Surf|p1a: Samurott
|-resisted|p1a: Samurott
|-damage|p1a: Samurott|55/100
|
|-weather|RainDance|[upkeep]
|upkeep
|turn|13
|
|t:|1776121349
|move|p1a: Samurott|Ceaseless Edge|p2a: Politoed
|-damage|p2a: Politoed|0 fnt
|-sidestart|p2: The Dragon Lair|Spikes
|faint|p2a: Politoed
|
|-weather|RainDance|[upkeep]
|upkeep
|
|t:|1776121357
|switch|p2a: Lanturn|Lanturn, F|100/100
|-damage|p2a: Lanturn|88/100|[from] Spikes
|turn|14
|
|t:|1776121361
|move|p1a: Samurott|Ceaseless Edge|p2a: Lanturn|[miss]
|-miss|p1a: Samurott|p2a: Lanturn
|move|p2a: Lanturn|Thunder Wave|p1a: Samurott|[miss]
|-miss|p2a: Lanturn|p1a: Samurott
|
|-weather|RainDance|[upkeep]
|upkeep
|turn|15
|
|t:|1776121364
|move|p1a: Samurott|Ceaseless Edge|p2a: Lanturn
|-damage|p2a: Lanturn|25/100
|-sidestart|p2: The Dragon Lair|Spikes
|move|p2a: Lanturn|Thunder Wave|p1a: Samurott
|-status|p1a: Samurott|par
|
|-weather|RainDance|[upkeep]
|upkeep
|turn|16
|
|t:|1776121369
|cant|p1a: Samurott|par
|move|p2a: Lanturn|Thunder|p1a: Samurott
|-supereffective|p1a: Samurott
|-damage|p1a: Samurott|0 fnt
|faint|p1a: Samurott
|
|-weather|RainDance|[upkeep]
|upkeep
|
|t:|1776121371
|switch|p1a: Noivern|Noivern, F|100/100
|turn|17
|
|t:|1776121374
|move|p1a: Noivern|Draco Meteor|p2a: Lanturn
|-damage|p2a: Lanturn|0 fnt
|-unboost|p1a: Noivern|spa|2
|faint|p2a: Lanturn
|
|-weather|RainDance|[upkeep]
|upkeep
|
|t:|1776121377
|switch|p2a: Kingdra|Kingdra, M|75/100
|-damage|p2a: Kingdra|58/100|[from] Spikes
|turn|18
|
|t:|1776121389
|switch|p1a: Iron Valiant|Iron Valiant, shiny|100/100
|-enditem|p1a: Iron Valiant|Booster Energy
|-activate|p1a: Iron Valiant|ability: Quark Drive|[fromitem]
|-start|p1a: Iron Valiant|quarkdrivespe
|move|p2a: Kingdra|Hurricane|p1a: Iron Valiant
|-supereffective|p1a: Iron Valiant
|-damage|p1a: Iron Valiant|0 fnt
|faint|p1a: Iron Valiant
|-end|p1a: Iron Valiant|Quark Drive|[silent]
|-damage|p2a: Kingdra|48/100|[from] item: Life Orb
|
|-weather|none
|upkeep
|
|t:|1776121397
|switch|p1a: Noivern|Noivern, F|100/100
|turn|19
|
|t:|1776121402
|move|p1a: Noivern|Draco Meteor|p2a: Kingdra
|-supereffective|p2a: Kingdra
|-damage|p2a: Kingdra|0 fnt
|-unboost|p1a: Noivern|spa|2
|faint|p2a: Kingdra
|
|upkeep
|
|t:|1776121407
|switch|p2a: Drednaw|Drednaw, M|100/100
|-damage|p2a: Drednaw|84/100|[from] Spikes
|turn|20
|
|t:|1776121413
|move|p1a: Noivern|U-turn|p2a: Drednaw
|-damage|p2a: Drednaw|72/100
|
|t:|1776121419
|switch|p1a: Ceruledge|Ceruledge, F|100/100|[from] U-turn
|move|p2a: Drednaw|Shell Smash|p2a: Drednaw
|-unboost|p2a: Drednaw|def|1
|-unboost|p2a: Drednaw|spd|1
|-boost|p2a: Drednaw|atk|2
|-boost|p2a: Drednaw|spa|2
|-boost|p2a: Drednaw|spe|2
|
|upkeep
|turn|21
|
|t:|1776121429
|move|p2a: Drednaw|Rock Blast|p1a: Ceruledge
|-supereffective|p1a: Ceruledge
|-damage|p1a: Ceruledge|24/100
|-supereffective|p1a: Ceruledge
|-damage|p1a: Ceruledge|0 fnt
|faint|p1a: Ceruledge
|-hitcount|p1: Ceruledge|2
|
|upkeep
|
|t:|1776121433
|switch|p1a: Iron Crown|Iron Crown|100/100
|turn|22
|
|t:|1776121438
|move|p2a: Drednaw|Liquidation|p1a: Iron Crown
|-damage|p1a: Iron Crown|29/100
|move|p1a: Iron Crown|Tachyon Cutter|p2a: Drednaw
|-crit|p2a: Drednaw
|-damage|p2a: Drednaw|0 fnt
|faint|p2a: Drednaw
|-hitcount|p2: Drednaw|1
|
|upkeep
|
|t:|1776121445
|switch|p2a: Barraskewda|Barraskewda, F|91/100
|-damage|p2a: Barraskewda|74/100|[from] Spikes
|turn|23
|
|t:|1776121452
|-terastallize|p2a: Barraskewda|Water
|move|p2a: Barraskewda|Liquidation|p1a: Iron Crown
|-damage|p1a: Iron Crown|0 fnt
|faint|p1a: Iron Crown
|-end|p1a: Iron Crown|Quark Drive|[silent]
|-damage|p2a: Barraskewda|64/100|[from] item: Life Orb
|
|upkeep
|
|t:|1776121457
|switch|p1a: Noivern|Noivern, F|100/100
|turn|24
|
|t:|1776121463
|move|p1a: Noivern|Draco Meteor|p2a: Barraskewda
|-damage|p2a: Barraskewda|0 fnt
|-unboost|p1a: Noivern|spa|2
|faint|p2a: Barraskewda
|
|win|brybryoski
