|html|<div class="broadcast-blue"><strong>[Gen 9] OU is currently suspecting Tera Blast! For information on how to participate check out the <a href="https://www.smogon.com/tools/suspects/view/200">suspect thread</a>.</strong></div>
|j|☆Ares_1997
|j|☆StallMyWayTo1700s
|t:|1776290928
|gametype|singles
|player|p1|Ares_1997|2|1537
|player|p2|StallMyWayTo1700s|wallace|1476
|gen|9
|tier|[Gen 9] OU
|rated|
|rule|HP Percentage Mod: HP is shown in percentages
|rule|Endless Battle Clause: Forcing endless battles is banned
|rule|Species Clause: Limit one of each Pokémon
|rule|OHKO Clause: OHKO moves are banned
|rule|Evasion Items Clause: Evasion items are banned
|rule|Evasion Moves Clause: Evasion moves are banned
|rule|Evasion Abilities Clause: Evasion abilities are banned
|rule|Sleep Moves Clause: Sleep-inducing moves are banned
|clearpoke
|poke|p1|Iron Crown|
|poke|p1|Enamorus, F|
|poke|p1|Great Tusk|
|poke|p1|Probopass, F|
|poke|p1|Deoxys-Speed|
|poke|p1|Dragapult, M|
|poke|p2|Toxapex, M|
|poke|p2|Gliscor, F|
|poke|p2|Alomomola, F|
|poke|p2|Blissey, F|
|poke|p2|Clodsire, F|
|poke|p2|Dondozo, F|
|teampreview
|inactive|Battle timer is ON: inactive players will automatically lose when time's up. (requested by StallMyWayTo1700s)
|
|t:|1776290945
|teamsize|p1|6
|teamsize|p2|6
|start
|switch|p1a: Deoxys|Deoxys-Speed|100/100
|switch|p2a: Let's Try.|Gliscor, F, shiny|100/100
|-ability|p1a: Deoxys|Pressure
|turn|1
|
|t:|1776290950
|move|p2a: Let's Try.|Protect|p2a: Let's Try.
|-singleturn|p2a: Let's Try.|Protect
|move|p1a: Deoxys|Knock Off|p2a: Let's Try.
|-activate|p2a: Let's Try.|move: Protect
|
|-status|p2a: Let's Try.|tox|[from] item: Toxic Orb
|upkeep
|turn|2
|
|t:|1776290955
|switch|p2a: Try Harder.|Alomomola, F, shiny|100/100
|move|p1a: Deoxys|Ice Beam|p2a: Try Harder.
|-resisted|p2a: Try Harder.
|-damage|p2a: Try Harder.|89/100
|
|upkeep
|turn|3
|
|t:|1776290970
|switch|p2a: Let's Try.|Gliscor, F, shiny|100/100 tox
|move|p1a: Deoxys|Knock Off|p2a: Let's Try.
|-damage|p2a: Let's Try.|86/100 tox
|-enditem|p2a: Let's Try.|Toxic Orb|[from] move: Knock Off|[of] p1a: Deoxys
|
|-heal|p2a: Let's Try.|98/100 tox|[from] ability: Poison Heal
|upkeep
|turn|4
|
|t:|1776290976
|switch|p2a: Keep Trying.|Toxapex, M|100/100
|move|p1a: Deoxys|Ice Beam|p2a: Keep Trying.
|-resisted|p2a: Keep Trying.
|-damage|p2a: Keep Trying.|90/100
|
|upkeep
|turn|5
|
|t:|1776290981
|move|p1a: Deoxys|Ice Beam|p2a: Keep Trying.
|-resisted|p2a: Keep Trying.
|-damage|p2a: Keep Trying.|81/100
|move|p2a: Keep Trying.|Toxic|p1a: Deoxys
|-status|p1a: Deoxys|tox
|
|-damage|p1a: Deoxys|94/100 tox|[from] psn
|upkeep
|turn|6
|
|t:|1776290985
|move|p2a: Keep Trying.|Baneful Bunker|p2a: Keep Trying.
|-singleturn|p2a: Keep Trying.|move: Protect
|move|p1a: Deoxys|Psycho Boost|p2a: Keep Trying.
|-activate|p2a: Keep Trying.|move: Protect
|
|-damage|p1a: Deoxys|82/100 tox|[from] psn
|upkeep
|turn|7
|
|t:|1776291004
|move|p1a: Deoxys|Ice Beam|p2a: Keep Trying.
|-resisted|p2a: Keep Trying.
|-damage|p2a: Keep Trying.|70/100
|move|p2a: Keep Trying.|Recover|p2a: Keep Trying.
|-heal|p2a: Keep Trying.|100/100
|
|-damage|p1a: Deoxys|63/100 tox|[from] psn
|upkeep
|turn|8
|
|t:|1776291008
|switch|p1a: Probopass|Probopass, F|100/100
|move|p2a: Keep Trying.|Baneful Bunker||[still]
|-fail|p2a: Keep Trying.
|
|upkeep
|turn|9
|
|t:|1776291016
|switch|p1a: Iron Crown|Iron Crown|100/100
|-enditem|p1a: Iron Crown|Booster Energy
|-activate|p1a: Iron Crown|ability: Quark Drive|[fromitem]
|-start|p1a: Iron Crown|quarkdrivespe
|switch|p2a: Let's Try.|Gliscor, F, shiny|98/100 tox
|
|-heal|p2a: Let's Try.|100/100 tox|[from] ability: Poison Heal
|upkeep
|turn|10
|
|t:|1776291026
|switch|p2a: Still Trying?|Blissey, F, shiny|100/100
|move|p1a: Iron Crown|Calm Mind|p1a: Iron Crown
|-boost|p1a: Iron Crown|spa|1
|-boost|p1a: Iron Crown|spd|1
|
|upkeep
|turn|11
|
|t:|1776291042
|-terastallize|p1a: Iron Crown|Fighting
|move|p1a: Iron Crown|Focus Blast|p2a: Still Trying?
|-supereffective|p2a: Still Trying?
|-damage|p2a: Still Trying?|49/100
|move|p2a: Still Trying?|Calm Mind|p2a: Still Trying?
|-boost|p2a: Still Trying?|spa|1
|-boost|p2a: Still Trying?|spd|1
|
|upkeep
|turn|12
|
|t:|1776291050
|switch|p2a: Worth Trying.|Clodsire, F, shiny|100/100
|move|p1a: Iron Crown|Psyshock|p2a: Worth Trying.
|-supereffective|p2a: Worth Trying.
|-damage|p2a: Worth Trying.|20/100
|
|upkeep
|turn|13
|
|t:|1776291067
|move|p1a: Iron Crown|Tachyon Cutter|p2a: Worth Trying.
|-damage|p2a: Worth Trying.|7/100
|-damage|p2a: Worth Trying.|0 fnt
|faint|p2a: Worth Trying.
|-hitcount|p2: Worth Trying.|2
|
|upkeep
|
|t:|1776291071
|switch|p2a: Keep Trying.|Toxapex, M|100/100
|turn|14
|
|t:|1776291084
|-end|p1a: Iron Crown|Quark Drive|[silent]
|switch|p1a: Probopass|Probopass, F|100/100
|move|p2a: Keep Trying.|Toxic|p1a: Probopass
|-immune|p1a: Probopass
|
|upkeep
|turn|15
|
|t:|1776291090
|switch|p2a: Let's Try.|Gliscor, F, shiny|100/100 tox
|move|p1a: Probopass|Stealth Rock|p2a: Let's Try.
|-sidestart|p2: StallMyWayTo1700s|move: Stealth Rock
|
|upkeep
|turn|16
|
|t:|1776291102
|switch|p1a: Enamorus|Enamorus, F|100/100
|move|p2a: Let's Try.|Spikes|p1a: Enamorus
|-sidestart|p1: Ares_1997|Spikes
|
|upkeep
|turn|17
|
|t:|1776291112
|move|p1a: Enamorus|Calm Mind|p1a: Enamorus
|-boost|p1a: Enamorus|spa|1
|-boost|p1a: Enamorus|spd|1
|move|p2a: Let's Try.|Toxic|p1a: Enamorus
|-status|p1a: Enamorus|tox
|
|-damage|p1a: Enamorus|94/100 tox|[from] psn
|upkeep
|turn|18
|
|t:|1776291117
|switch|p2a: Still Trying?|Blissey, F, shiny|49/100
|move|p1a: Enamorus|Moonblast|p2a: Still Trying?
|-damage|p2a: Still Trying?|19/100
|
|-damage|p1a: Enamorus|82/100 tox|[from] psn
|upkeep
|turn|19
|
|t:|1776291127
|switch|p2a: Keep Trying.|Toxapex, M|100/100
|move|p1a: Enamorus|Moonblast|p2a: Keep Trying.
|-resisted|p2a: Keep Trying.
|-damage|p2a: Keep Trying.|57/100
|
|-damage|p1a: Enamorus|63/100 tox|[from] psn
|upkeep
|turn|20
|
|t:|1776291131
|switch|p2a: Let's Try.|Gliscor, F, shiny|100/100 tox
|-damage|p2a: Let's Try.|88/100 tox|[from] Stealth Rock
|move|p1a: Enamorus|Calm Mind|p1a: Enamorus
|-boost|p1a: Enamorus|spa|1
|-boost|p1a: Enamorus|spd|1
|
|-damage|p1a: Enamorus|38/100 tox|[from] psn
|-heal|p2a: Let's Try.|100/100 tox|[from] ability: Poison Heal
|upkeep
|turn|21
|
|t:|1776291137
|switch|p1a: Deoxys|Deoxys-Speed|63/100 tox
|-damage|p1a: Deoxys|51/100 tox|[from] Spikes
|-ability|p1a: Deoxys|Pressure
|switch|p2a: Keep Trying.|Toxapex, M|90/100
|
|-damage|p1a: Deoxys|44/100 tox|[from] psn
|upkeep
|turn|22
|
|t:|1776291142
|switch|p2a: Try Harder.|Alomomola, F, shiny|100/100
|move|p1a: Deoxys|Knock Off|p2a: Try Harder.
|-damage|p2a: Try Harder.|85/100
|-enditem|p2a: Try Harder.|Heavy-Duty Boots|[from] move: Knock Off|[of] p1a: Deoxys
|
|-damage|p1a: Deoxys|32/100 tox|[from] psn
|upkeep
|turn|23
|
|t:|1776291147
|move|p1a: Deoxys|Psycho Boost|p2a: Try Harder.
|-damage|p2a: Try Harder.|36/100
|-unboost|p1a: Deoxys|spa|2
|-enditem|p1a: Deoxys|Eject Pack
|
|t:|1776291150
|switch|p1a: Enamorus|Enamorus, F|38/100 tox
|move|p2a: Try Harder.|Wish|p2a: Try Harder.
|
|-damage|p1a: Enamorus|32/100 tox|[from] psn
|upkeep
|turn|24
|
|t:|1776291157
|switch|p2a: Still Trying?|Blissey, F, shiny|19/100
|move|p1a: Enamorus|Calm Mind|p1a: Enamorus
|-boost|p1a: Enamorus|spa|1
|-boost|p1a: Enamorus|spd|1
|
|-heal|p2a: Still Trying?|55/100|[from] move: Wish|[wisher] Try Harder.
|-damage|p1a: Enamorus|20/100 tox|[from] psn
|upkeep
|turn|25
|
|t:|1776291162
|move|p1a: Enamorus|Moonblast|p2a: Still Trying?
|-damage|p2a: Still Trying?|23/100
|move|p2a: Still Trying?|Soft-Boiled|p2a: Still Trying?
|-heal|p2a: Still Trying?|73/100
|
|-damage|p1a: Enamorus|1/100 tox|[from] psn
|upkeep
|turn|26
|
|t:|1776291165
|move|p1a: Enamorus|Moonblast|p2a: Still Trying?
|-crit|p2a: Still Trying?
|-damage|p2a: Still Trying?|29/100
|-unboost|p2a: Still Trying?|spa|1
|move|p2a: Still Trying?|Soft-Boiled|p2a: Still Trying?
|-heal|p2a: Still Trying?|79/100
|
|-damage|p1a: Enamorus|0 fnt|[from] psn
|faint|p1a: Enamorus
|upkeep
|
|t:|1776291174
|switch|p1a: Dragapult|Dragapult, M|100/100
|-damage|p1a: Dragapult|88/100|[from] Spikes
|turn|27
|
|t:|1776291179
|switch|p1a: Iron Crown|Iron Crown, tera:Fighting|100/100
|-damage|p1a: Iron Crown|88/100|[from] Spikes
|switch|p2a: Keep Trying.|Toxapex, M|100/100
|
|upkeep
|turn|28
|
|t:|1776291188
|-end|p1a: Iron Crown|Quark Drive|[silent]
|switch|p1a: Probopass|Probopass, F|100/100
|-damage|p1a: Probopass|88/100|[from] Spikes
|move|p2a: Keep Trying.|Toxic|p1a: Probopass
|-immune|p1a: Probopass
|
|upkeep
|turn|29
|
|t:|1776291192
|switch|p1a: Great Tusk|Great Tusk|100/100
|-damage|p1a: Great Tusk|88/100|[from] Spikes
|-enditem|p1a: Great Tusk|Booster Energy
|-activate|p1a: Great Tusk|ability: Protosynthesis|[fromitem]
|-start|p1a: Great Tusk|protosynthesisspe
|move|p2a: Keep Trying.|Toxic|p1a: Great Tusk
|-status|p1a: Great Tusk|tox
|
|-damage|p1a: Great Tusk|82/100 tox|[from] psn
|upkeep
|turn|30
|
|t:|1776291201
|-end|p1a: Great Tusk|Protosynthesis|[silent]
|switch|p1a: Iron Crown|Iron Crown, tera:Fighting|88/100
|-damage|p1a: Iron Crown|76/100|[from] Spikes
|move|p2a: Keep Trying.|Baneful Bunker||[still]
|-fail|p2a: Keep Trying.
|
|upkeep
|turn|31
|
|t:|1776291205
|move|p1a: Iron Crown|Psyshock|p2a: Keep Trying.
|-supereffective|p2a: Keep Trying.
|-damage|p2a: Keep Trying.|58/100
|move|p2a: Keep Trying.|Toxic|p1a: Iron Crown
|-status|p1a: Iron Crown|tox
|
|-damage|p1a: Iron Crown|70/100 tox|[from] psn
|upkeep
|turn|32
|
|t:|1776291208
|move|p1a: Iron Crown|Calm Mind|p1a: Iron Crown
|-boost|p1a: Iron Crown|spa|1
|-boost|p1a: Iron Crown|spd|1
|move|p2a: Keep Trying.|Recover|p2a: Keep Trying.
|-heal|p2a: Keep Trying.|100/100
|
|-damage|p1a: Iron Crown|58/100 tox|[from] psn
|upkeep
|turn|33
|
|t:|1776291217
|move|p1a: Iron Crown|Calm Mind|p1a: Iron Crown
|-boost|p1a: Iron Crown|spa|1
|-boost|p1a: Iron Crown|spd|1
|move|p2a: Keep Trying.|Infestation|p1a: Iron Crown
|-resisted|p1a: Iron Crown
|-damage|p1a: Iron Crown|57/100 tox
|-activate|p1a: Iron Crown|move: Infestation|[of] p2a: Keep Trying.
|
|-damage|p1a: Iron Crown|38/100 tox|[from] psn
|-damage|p1a: Iron Crown|26/100 tox|[from] move: Infestation|[partiallytrapped]
|upkeep
|turn|34
|
|t:|1776291220
|move|p2a: Keep Trying.|Baneful Bunker|p2a: Keep Trying.
|-singleturn|p2a: Keep Trying.|move: Protect
|move|p1a: Iron Crown|Psyshock|p2a: Keep Trying.
|-activate|p2a: Keep Trying.|move: Protect
|
|-damage|p1a: Iron Crown|1/100 tox|[from] psn
|-damage|p1a: Iron Crown|0 fnt|[from] move: Infestation|[partiallytrapped]
|faint|p1a: Iron Crown
|-end|p1a: Iron Crown|Quark Drive|[silent]
|upkeep
|
|t:|1776291222
|switch|p1a: Dragapult|Dragapult, M|88/100
|-damage|p1a: Dragapult|76/100|[from] Spikes
|turn|35
|
|t:|1776291235
|move|p1a: Dragapult|Substitute|p1a: Dragapult
|-start|p1a: Dragapult|Substitute
|-damage|p1a: Dragapult|51/100
|move|p2a: Keep Trying.|Toxic||[still]
|-fail|p2a: Keep Trying.
|
|-heal|p1a: Dragapult|57/100|[from] item: Leftovers
|upkeep
|turn|36
|
|t:|1776291241
|move|p2a: Keep Trying.|Baneful Bunker|p2a: Keep Trying.
|-singleturn|p2a: Keep Trying.|move: Protect
|move|p1a: Dragapult|Dragon Dance|p1a: Dragapult
|-boost|p1a: Dragapult|atk|1
|-boost|p1a: Dragapult|spe|1
|
|-heal|p1a: Dragapult|63/100|[from] item: Leftovers
|upkeep
|turn|37
|
|t:|1776291248
|switch|p2a: You Tried.|Dondozo, F, shiny|100/100
|move|p1a: Dragapult|Dragon Darts|p2a: You Tried.
|-damage|p2a: You Tried.|88/100
|-anim|p1a: Dragapult|Dragon Darts|p2a: You Tried.
|-damage|p2a: You Tried.|75/100
|
|-heal|p1a: Dragapult|69/100|[from] item: Leftovers
|upkeep
|turn|38
|
|t:|1776291252
|move|p1a: Dragapult|Dragon Darts|p2a: You Tried.
|-damage|p2a: You Tried.|63/100
|-anim|p1a: Dragapult|Dragon Darts|p2a: You Tried.
|-damage|p2a: You Tried.|51/100
|move|p2a: You Tried.|Curse|p2a: You Tried.
|-unboost|p2a: You Tried.|spe|1
|-boost|p2a: You Tried.|atk|1
|-boost|p2a: You Tried.|def|1
|
|-heal|p1a: Dragapult|75/100|[from] item: Leftovers
|upkeep
|turn|39
|
|t:|1776291260
|move|p1a: Dragapult|Dragon Darts|p2a: You Tried.
|-damage|p2a: You Tried.|42/100
|-anim|p1a: Dragapult|Dragon Darts|p2a: You Tried.
|-damage|p2a: You Tried.|34/100
|move|p2a: You Tried.|Rest|p2a: You Tried.
|-status|p2a: You Tried.|slp|[from] move: Rest
|-heal|p2a: You Tried.|100/100 slp|[silent]
|
|-heal|p1a: Dragapult|81/100|[from] item: Leftovers
|upkeep
|turn|40
|
|t:|1776291263
|move|p1a: Dragapult|Dragon Dance|p1a: Dragapult
|-boost|p1a: Dragapult|atk|1
|-boost|p1a: Dragapult|spe|1
|cant|p2a: You Tried.|slp
|
|-heal|p1a: Dragapult|87/100|[from] item: Leftovers
|upkeep
|turn|41
|
|t:|1776291266
|move|p1a: Dragapult|Dragon Dance|p1a: Dragapult
|-boost|p1a: Dragapult|atk|1
|-boost|p1a: Dragapult|spe|1
|cant|p2a: You Tried.|slp
|
|-heal|p1a: Dragapult|93/100|[from] item: Leftovers
|upkeep
|turn|42
|
|t:|1776291269
|move|p1a: Dragapult|Phantom Force||[still]
|-prepare|p1a: Dragapult|Phantom Force
|-curestatus|p2a: You Tried.|slp|[msg]
|move|p2a: You Tried.|Curse|p2a: You Tried.
|-unboost|p2a: You Tried.|spe|1
|-boost|p2a: You Tried.|atk|1
|-boost|p2a: You Tried.|def|1
|
|-heal|p1a: Dragapult|99/100|[from] item: Leftovers
|upkeep
|turn|43
|
|t:|1776291276
|move|p1a: Dragapult|Phantom Force|p2a: You Tried.|[from] lockedmove
|-damage|p2a: You Tried.|89/100
|move|p2a: You Tried.|Curse|p2a: You Tried.
|-unboost|p2a: You Tried.|spe|1
|-boost|p2a: You Tried.|atk|1
|-boost|p2a: You Tried.|def|1
|
|-heal|p1a: Dragapult|100/100|[from] item: Leftovers
|upkeep
|turn|44
|
|t:|1776291280
|move|p1a: Dragapult|Dragon Dance|p1a: Dragapult
|-boost|p1a: Dragapult|atk|1
|-boost|p1a: Dragapult|spe|1
|move|p2a: You Tried.|Curse|p2a: You Tried.
|-unboost|p2a: You Tried.|spe|1
|-boost|p2a: You Tried.|atk|1
|-boost|p2a: You Tried.|def|1
|
|upkeep
|turn|45
|
|t:|1776291282
|move|p1a: Dragapult|Dragon Dance|p1a: Dragapult
|-boost|p1a: Dragapult|atk|1
|-boost|p1a: Dragapult|spe|1
|move|p2a: You Tried.|Curse|p2a: You Tried.
|-unboost|p2a: You Tried.|spe|1
|-boost|p2a: You Tried.|atk|1
|-boost|p2a: You Tried.|def|1
|
|upkeep
|turn|46
|
|t:|1776291285
|move|p1a: Dragapult|Dragon Dance|p1a: Dragapult
|-boost|p1a: Dragapult|atk|1
|-boost|p1a: Dragapult|spe|1
|move|p2a: You Tried.|Curse|p2a: You Tried.
|-unboost|p2a: You Tried.|spe|1
|-boost|p2a: You Tried.|atk|1
|-boost|p2a: You Tried.|def|1
|
|upkeep
|turn|47
|
|t:|1776291288
|move|p1a: Dragapult|Dragon Dance|p1a: Dragapult
|-boost|p1a: Dragapult|atk|0
|-boost|p1a: Dragapult|spe|0
|move|p2a: You Tried.|Curse|p2a: You Tried.
|
|upkeep
|turn|48
|
|t:|1776291291
|move|p1a: Dragapult|Dragon Dance|p1a: Dragapult
|-boost|p1a: Dragapult|atk|0
|-boost|p1a: Dragapult|spe|0
|move|p2a: You Tried.|Curse|p2a: You Tried.
|
|upkeep
|turn|49
|
|t:|1776291294
|move|p1a: Dragapult|Dragon Dance|p1a: Dragapult
|-boost|p1a: Dragapult|atk|0
|-boost|p1a: Dragapult|spe|0
|move|p2a: You Tried.|Curse|p2a: You Tried.
|
|upkeep
|turn|50
|
|t:|1776291297
|move|p1a: Dragapult|Dragon Dance|p1a: Dragapult
|-boost|p1a: Dragapult|atk|0
|-boost|p1a: Dragapult|spe|0
|move|p2a: You Tried.|Curse|p2a: You Tried.
|
|upkeep
|turn|51
|
|t:|1776291300
|move|p1a: Dragapult|Dragon Dance|p1a: Dragapult
|-boost|p1a: Dragapult|atk|0
|-boost|p1a: Dragapult|spe|0
|move|p2a: You Tried.|Curse|p2a: You Tried.
|
|upkeep
|turn|52
|
|t:|1776291302
|move|p1a: Dragapult|Substitute|p1a: Dragapult
|-fail|p1a: Dragapult|move: Substitute
|move|p2a: You Tried.|Curse|p2a: You Tried.
|
|upkeep
|turn|53
|
|t:|1776291305
|move|p1a: Dragapult|Substitute|p1a: Dragapult
|-fail|p1a: Dragapult|move: Substitute
|move|p2a: You Tried.|Curse|p2a: You Tried.
|
|upkeep
|turn|54
|
|t:|1776291309
|move|p1a: Dragapult|Substitute|p1a: Dragapult
|-fail|p1a: Dragapult|move: Substitute
|move|p2a: You Tried.|Curse|p2a: You Tried.
|
|upkeep
|turn|55
|-message|StallMyWayTo1700s forfeited.
|
|win|Ares_1997
|raw|Ares_1997's rating: 1537 &rarr; <strong>1554</strong><br />(+17 for winning)
|raw|StallMyWayTo1700s's rating: 1476 &rarr; <strong>1459</strong><br />(-17 for losing)
|l|☆StallMyWayTo1700s
|player|p2|
