|html|<div class="broadcast-blue"><strong>[Gen 9] OU is currently suspecting Tera Blast! For information on how to participate check out the <a href="https://www.smogon.com/tools/suspects/view/200">suspect thread</a>.</strong></div>
|j|☆true-lovepikachu
|j|☆JustSomeAustrian
|t:|1776085336
|gametype|singles
|player|p1|true-lovepikachu|101|1312
|player|p2|JustSomeAustrian|hilbert|1367
|gen|9
|tier|[Gen 9] OU
|rated|
|rule|HP Percentage Mod: HP is shown in percentages
|rule|Endless Battle Clause: Forcing endless battles is banned
|rule|Species Clause: Limit one of each Pokémon
|rule|OHKO Clause: OHKO moves are banned
|rule|Evasion Items Clause: Evasion items are banned
|rule|Evasion Moves Clause: Evasion moves are banned
|rule|Evasion Abilities Clause: Evasion abilities are banned
|rule|Sleep Moves Clause: Sleep-inducing moves are banned
|clearpoke
|poke|p1|Latias, F|
|poke|p1|Glimmora, F|
|poke|p1|Gholdengo|
|poke|p1|Ting-Lu|
|poke|p1|Scizor, F|
|poke|p1|Keldeo|
|poke|p2|Ting-Lu|
|poke|p2|Gholdengo|
|poke|p2|Darkrai|
|poke|p2|Pecharunt|
|poke|p2|Dragonite, M|
|poke|p2|Zamazenta-*|
|teampreview
|inactive|Battle timer is ON: inactive players will automatically lose when time's up. (requested by true-lovepikachu)
|
|t:|1776085351
|teamsize|p1|6
|teamsize|p2|6
|start
|switch|p1a: Glimmora|Glimmora, F|100/100
|switch|p2a: Ting-Lu|Ting-Lu|100/100
|-ability|p2a: Ting-Lu|Vessel of Ruin
|turn|1
|
|t:|1776085357
|move|p1a: Glimmora|Stealth Rock|p2a: Ting-Lu
|-sidestart|p2: JustSomeAustrian|move: Stealth Rock
|move|p2a: Ting-Lu|Stealth Rock|p1a: Glimmora
|-sidestart|p1: true-lovepikachu|move: Stealth Rock
|
|upkeep
|turn|2
|
|t:|1776085370
|move|p1a: Glimmora|Mortal Spin|p2a: Ting-Lu
|-resisted|p2a: Ting-Lu
|-damage|p2a: Ting-Lu|99/100
|-status|p2a: Ting-Lu|psn
|-sideend|p1: true-lovepikachu|Stealth Rock|[from] move: Mortal Spin|[of] p1a: Glimmora
|move|p2a: Ting-Lu|Spikes|p1a: Glimmora
|-sidestart|p1: true-lovepikachu|Spikes
|
|-heal|p2a: Ting-Lu|100/100 psn|[from] item: Leftovers
|-damage|p2a: Ting-Lu|88/100 psn|[from] psn
|upkeep
|turn|3
|
|t:|1776085392
|move|p1a: Glimmora|Mortal Spin|p2a: Ting-Lu
|-resisted|p2a: Ting-Lu
|-damage|p2a: Ting-Lu|86/100 psn
|-sideend|p1: true-lovepikachu|Spikes|[from] move: Mortal Spin|[of] p1a: Glimmora
|move|p2a: Ting-Lu|Earthquake|p1a: Glimmora
|-supereffective|p1a: Glimmora
|-enditem|p1a: Glimmora|Focus Sash
|-damage|p1a: Glimmora|1/100
|-activate|p1a: Glimmora|ability: Toxic Debris
|-sidestart|p2: JustSomeAustrian|move: Toxic Spikes
|
|-heal|p2a: Ting-Lu|93/100 psn|[from] item: Leftovers
|-damage|p2a: Ting-Lu|80/100 psn|[from] psn
|upkeep
|turn|4
|inactive|true-lovepikachu has 120 seconds left.
|
|t:|1776085417
|move|p1a: Glimmora|Earth Power|p2a: Ting-Lu
|-damage|p2a: Ting-Lu|66/100 psn
|move|p2a: Ting-Lu|Earthquake|p1a: Glimmora
|-supereffective|p1a: Glimmora
|-damage|p1a: Glimmora|0 fnt
|-activate|p1a: Glimmora|ability: Toxic Debris
|-sidestart|p2: JustSomeAustrian|move: Toxic Spikes
|faint|p1a: Glimmora
|
|-heal|p2a: Ting-Lu|73/100 psn|[from] item: Leftovers
|-damage|p2a: Ting-Lu|60/100 psn|[from] psn
|upkeep
|inactive|true-lovepikachu has 120 seconds left.
|
|t:|1776085437
|switch|p1a: Keldeo|Keldeo|100/100
|turn|5
|
|t:|1776085450
|move|p1a: Keldeo|Calm Mind|p1a: Keldeo
|-boost|p1a: Keldeo|spa|1
|-boost|p1a: Keldeo|spd|1
|move|p2a: Ting-Lu|Whirlwind|p1a: Keldeo
|drag|p1a: Gholdengo|Gholdengo|100/100
|
|-heal|p2a: Ting-Lu|66/100 psn|[from] item: Leftovers
|-damage|p2a: Ting-Lu|54/100 psn|[from] psn
|upkeep
|turn|6
|
|t:|1776085472
|move|p1a: Gholdengo|Trick|p2a: Ting-Lu
|-activate|p1a: Gholdengo|move: Trick|[of] p2a: Ting-Lu
|-item|p2a: Ting-Lu|Choice Scarf|[from] move: Trick
|-item|p1a: Gholdengo|Leftovers|[from] move: Trick
|move|p2a: Ting-Lu|Stealth Rock|p1a: Gholdengo
|-sidestart|p1: true-lovepikachu|move: Stealth Rock
|
|-damage|p2a: Ting-Lu|42/100 psn|[from] psn
|upkeep
|turn|7
|inactive|JustSomeAustrian has 120 seconds left.
|
|t:|1776085504
|switch|p1a: Ting-Lu|Ting-Lu|100/100
|-damage|p1a: Ting-Lu|94/100|[from] Stealth Rock
|-ability|p1a: Ting-Lu|Vessel of Ruin
|switch|p2a: Dragonite|Dragonite, M|100/100
|
|-heal|p1a: Ting-Lu|100/100|[from] item: Leftovers
|upkeep
|turn|8
|inactive|true-lovepikachu has 120 seconds left.
|
|t:|1776085512
|move|p2a: Dragonite|Dragon Dance|p2a: Dragonite
|-boost|p2a: Dragonite|atk|1
|-boost|p2a: Dragonite|spe|1
|move|p1a: Ting-Lu|Spikes|p2a: Dragonite
|-sidestart|p2: JustSomeAustrian|Spikes
|
|upkeep
|turn|9
|
|t:|1776085516
|move|p2a: Dragonite|Dragon Dance|p2a: Dragonite
|-boost|p2a: Dragonite|atk|1
|-boost|p2a: Dragonite|spe|1
|move|p1a: Ting-Lu|Whirlwind|p2a: Dragonite
|drag|p2a: Gholdengo|Gholdengo|100/100
|-damage|p2a: Gholdengo|94/100|[from] Stealth Rock
|-damage|p2a: Gholdengo|82/100|[from] Spikes
|
|upkeep
|turn|10
|
|t:|1776085528
|switch|p2a: Pecharunt|Pecharunt|100/100
|-sideend|p2: JustSomeAustrian|move: Toxic Spikes|[of] p2a: Pecharunt
|move|p1a: Ting-Lu|Spikes|p2a: Pecharunt
|-sidestart|p2: JustSomeAustrian|Spikes
|
|upkeep
|turn|11
|
|t:|1776085537
|switch|p1a: Gholdengo|Gholdengo|100/100
|-damage|p1a: Gholdengo|94/100|[from] Stealth Rock
|move|p2a: Pecharunt|Parting Shot|p1a: Gholdengo
|-immune|p1a: Gholdengo|[from] ability: Good as Gold
|
|-heal|p1a: Gholdengo|100/100|[from] item: Leftovers
|upkeep
|turn|12
|inactive|JustSomeAustrian has 120 seconds left.
|
|t:|1776085560
|move|p1a: Gholdengo|Shadow Ball|p2a: Pecharunt
|-supereffective|p2a: Pecharunt
|-damage|p2a: Pecharunt|8/100
|move|p2a: Pecharunt|Shadow Ball|p1a: Gholdengo
|-supereffective|p1a: Gholdengo
|-damage|p1a: Gholdengo|49/100
|
|-heal|p1a: Gholdengo|55/100|[from] item: Leftovers
|upkeep
|turn|13
|
|t:|1776085569
|move|p1a: Gholdengo|Shadow Ball|p2a: Pecharunt
|-supereffective|p2a: Pecharunt
|-damage|p2a: Pecharunt|0 fnt
|faint|p2a: Pecharunt
|
|-heal|p1a: Gholdengo|61/100|[from] item: Leftovers
|upkeep
|
|t:|1776085572
|switch|p2a: Darkrai|Darkrai|100/100
|turn|14
|
|t:|1776085579
|-terastallize|p1a: Gholdengo|Fighting
|move|p2a: Darkrai|Knock Off|p1a: Gholdengo
|-resisted|p1a: Gholdengo
|-damage|p1a: Gholdengo|44/100
|-enditem|p1a: Gholdengo|Leftovers|[from] move: Knock Off|[of] p2a: Darkrai
|move|p1a: Gholdengo|Focus Blast|p2a: Darkrai
|-supereffective|p2a: Darkrai
|-damage|p2a: Darkrai|0 fnt
|faint|p2a: Darkrai
|
|upkeep
|inactive|JustSomeAustrian has 120 seconds left.
|
|t:|1776085613
|switch|p2a: Dragonite|Dragonite, M|100/100
|turn|15
|
|t:|1776085639
|switch|p1a: Ting-Lu|Ting-Lu|100/100
|-damage|p1a: Ting-Lu|94/100|[from] Stealth Rock
|-ability|p1a: Ting-Lu|Vessel of Ruin
|move|p2a: Dragonite|Dragon Dance|p2a: Dragonite
|-boost|p2a: Dragonite|atk|1
|-boost|p2a: Dragonite|spe|1
|
|-heal|p1a: Ting-Lu|100/100|[from] item: Leftovers
|upkeep
|turn|16
|
|t:|1776085650
|move|p2a: Dragonite|Earthquake|p1a: Ting-Lu
|-damage|p1a: Ting-Lu|68/100
|move|p1a: Ting-Lu|Ruination|p2a: Dragonite
|-damage|p2a: Dragonite|51/100
|
|-heal|p1a: Ting-Lu|75/100|[from] item: Leftovers
|upkeep
|turn|17
|
|t:|1776085654
|move|p2a: Dragonite|Earthquake|p1a: Ting-Lu
|-damage|p1a: Ting-Lu|41/100
|move|p1a: Ting-Lu|Whirlwind|p2a: Dragonite
|drag|p2a: Gholdengo|Gholdengo|82/100
|-damage|p2a: Gholdengo|76/100|[from] Stealth Rock
|-damage|p2a: Gholdengo|60/100|[from] Spikes
|
|-heal|p1a: Ting-Lu|47/100|[from] item: Leftovers
|upkeep
|turn|18
|
|t:|1776085666
|switch|p2a: Ting-Lu|Ting-Lu|42/100 psn
|-damage|p2a: Ting-Lu|35/100 psn|[from] Stealth Rock
|-damage|p2a: Ting-Lu|19/100 psn|[from] Spikes
|-ability|p2a: Ting-Lu|Vessel of Ruin
|move|p1a: Ting-Lu|Earthquake|p2a: Ting-Lu
|-damage|p2a: Ting-Lu|0 fnt
|faint|p2a: Ting-Lu
|
|-heal|p1a: Ting-Lu|54/100|[from] item: Leftovers
|upkeep
|
|t:|1776085681
|switch|p2a: Zamazenta|Zamazenta|100/100
|-damage|p2a: Zamazenta|94/100|[from] Stealth Rock
|-damage|p2a: Zamazenta|78/100|[from] Spikes
|-ability|p2a: Zamazenta|Dauntless Shield|boost
|-boost|p2a: Zamazenta|def|1
|turn|19
|
|t:|1776085699
|move|p2a: Zamazenta|Body Press|p1a: Ting-Lu
|-supereffective|p1a: Ting-Lu
|-damage|p1a: Ting-Lu|0 fnt
|faint|p1a: Ting-Lu
|
|-heal|p2a: Zamazenta|84/100|[from] item: Leftovers
|upkeep
|
|t:|1776085713
|switch|p1a: Latias|Latias, F|100/100
|-damage|p1a: Latias|88/100|[from] Stealth Rock
|turn|20
|
|t:|1776085733
|move|p2a: Zamazenta|Crunch|p1a: Latias
|-supereffective|p1a: Latias
|-damage|p1a: Latias|46/100
|-enditem|p1a: Latias|Weakness Policy
|-boost|p1a: Latias|atk|2|[from] item: Weakness Policy
|-boost|p1a: Latias|spa|2|[from] item: Weakness Policy
|move|p1a: Latias|Calm Mind|p1a: Latias
|-boost|p1a: Latias|spa|1
|-boost|p1a: Latias|spd|1
|
|-heal|p2a: Zamazenta|90/100|[from] item: Leftovers
|upkeep
|turn|21
|
|t:|1776085748
|move|p2a: Zamazenta|Crunch|p1a: Latias
|-supereffective|p1a: Latias
|-damage|p1a: Latias|4/100
|move|p1a: Latias|Recover|p1a: Latias
|-heal|p1a: Latias|54/100
|
|-heal|p2a: Zamazenta|96/100|[from] item: Leftovers
|upkeep
|turn|22
|
|t:|1776085755
|move|p2a: Zamazenta|Crunch|p1a: Latias
|-supereffective|p1a: Latias
|-damage|p1a: Latias|6/100
|move|p1a: Latias|Stored Power|p2a: Zamazenta
|-supereffective|p2a: Zamazenta
|-damage|p2a: Zamazenta|0 fnt
|faint|p2a: Zamazenta
|
|upkeep
|
|t:|1776085760
|switch|p2a: Dragonite|Dragonite, M|51/100
|turn|23
|
|t:|1776085771
|move|p2a: Dragonite|Extreme Speed|p1a: Latias
|-damage|p1a: Latias|0 fnt
|faint|p1a: Latias
|
|upkeep
|inactive|true-lovepikachu has 120 seconds left.
|
|t:|1776085808
|switch|p1a: Gholdengo|Gholdengo, tera:Fighting|44/100
|-damage|p1a: Gholdengo|38/100|[from] Stealth Rock
|turn|24
|
|t:|1776085823
|-terastallize|p2a: Dragonite|Normal
|move|p2a: Dragonite|Extreme Speed|p1a: Gholdengo
|-damage|p1a: Gholdengo|0 fnt
|faint|p1a: Gholdengo
|
|upkeep
|
|t:|1776085831
|switch|p1a: Keldeo|Keldeo|100/100
|turn|25
|
|t:|1776085837
|move|p2a: Dragonite|Extreme Speed|p1a: Keldeo
|-damage|p1a: Keldeo|45/100
|move|p1a: Keldeo|Aura Sphere|p2a: Dragonite
|-supereffective|p2a: Dragonite
|-damage|p2a: Dragonite|0 fnt
|faint|p2a: Dragonite
|
|upkeep
|
|t:|1776085842
|switch|p2a: Gholdengo|Gholdengo|60/100
|-damage|p2a: Gholdengo|54/100|[from] Stealth Rock
|-damage|p2a: Gholdengo|37/100|[from] Spikes
|turn|26
|
|t:|1776085849
|move|p1a: Keldeo|Surf|p2a: Gholdengo
|-crit|p2a: Gholdengo
|-damage|p2a: Gholdengo|0 fnt
|faint|p2a: Gholdengo
|
|win|true-lovepikachu
|raw|true-lovepikachu's rating: 1312 &rarr; <strong>1335</strong><br />(+23 for winning)
|raw|JustSomeAustrian's rating: 1367 &rarr; <strong>1344</strong><br />(-23 for losing)
