|html|<div class="broadcast-blue"><strong>[Gen 9] OU is currently suspecting Tera Blast! For information on how to participate check out the <a href="https://www.smogon.com/tools/suspects/view/200">suspect thread</a>.</strong></div>
|j|☆tankii
|j|☆Hellx950
|t:|1776070950
|gametype|singles
|player|p1|tankii|veteran|1196
|player|p2|Hellx950|2|1177
|gen|9
|tier|[Gen 9] OU
|rated|
|rule|HP Percentage Mod: HP is shown in percentages
|rule|Endless Battle Clause: Forcing endless battles is banned
|rule|Species Clause: Limit one of each Pokémon
|rule|OHKO Clause: OHKO moves are banned
|rule|Evasion Items Clause: Evasion items are banned
|rule|Evasion Moves Clause: Evasion moves are banned
|rule|Evasion Abilities Clause: Evasion abilities are banned
|rule|Sleep Moves Clause: Sleep-inducing moves are banned
|clearpoke
|poke|p1|Ceruledge, M|
|poke|p1|Grimmsnarl, M|
|poke|p1|Iron Treads|
|poke|p1|Raging Bolt|
|poke|p1|Deoxys-Speed|
|poke|p1|Ogerpon-Wellspring, F|
|poke|p2|Meowscarada, M|
|poke|p2|Fezandipiti, M|
|poke|p2|Tentacruel, M|
|poke|p2|Rillaboom, M|
|poke|p2|Sandy Shocks|
|poke|p2|Ogerpon-Wellspring, F|
|teampreview
|inactive|Battle timer is ON: inactive players will automatically lose when time's up. (requested by Hellx950)
|j| ohko_smeargle
|
|t:|1776070965
|teamsize|p1|6
|teamsize|p2|6
|start
|switch|p1a: Grimmsnarl|Grimmsnarl, M|100/100
|switch|p2a: Meowscarada|Meowscarada, M, shiny|100/100
|turn|1
|
|t:|1776070987
|move|p2a: Meowscarada|Knock Off|p1a: Grimmsnarl
|-start|p2a: Meowscarada|typechange|Dark|[from] ability: Protean
|-resisted|p1a: Grimmsnarl
|-damage|p1a: Grimmsnarl|84/100
|-enditem|p1a: Grimmsnarl|Light Clay|[from] move: Knock Off|[of] p2a: Meowscarada
|move|p1a: Grimmsnarl|Low Kick|p2a: Meowscarada
|-supereffective|p2a: Meowscarada
|-damage|p2a: Meowscarada|29/100
|
|upkeep
|turn|2
|
|t:|1776071000
|switch|p2a: Fezandipiti|Fezandipiti, M|100/100
|move|p1a: Grimmsnarl|Reflect|p1a: Grimmsnarl
|-sidestart|p1: tankii|Reflect
|
|upkeep
|turn|3
|
|t:|1776071018
|move|p1a: Grimmsnarl|Taunt|p2a: Fezandipiti
|-start|p2a: Fezandipiti|move: Taunt
|move|p2a: Fezandipiti|Moonblast|p1a: Grimmsnarl
|-supereffective|p1a: Grimmsnarl
|-damage|p1a: Grimmsnarl|22/100
|
|upkeep
|turn|4
|
|t:|1776071023
|move|p1a: Grimmsnarl|Light Screen|p1a: Grimmsnarl
|-sidestart|p1: tankii|move: Light Screen
|move|p2a: Fezandipiti|Moonblast|p1a: Grimmsnarl
|-supereffective|p1a: Grimmsnarl
|-damage|p1a: Grimmsnarl|0 fnt
|faint|p1a: Grimmsnarl
|
|upkeep
|
|t:|1776071032
|switch|p1a: Deoxys|Deoxys-Speed|100/100
|-ability|p1a: Deoxys|Pressure
|turn|5
|
|t:|1776071048
|switch|p2a: Meowscarada|Meowscarada, M, shiny|29/100
|move|p1a: Deoxys|Substitute|p1a: Deoxys
|-start|p1a: Deoxys|Substitute
|-damage|p1a: Deoxys|76/100
|
|-heal|p1a: Deoxys|82/100|[from] item: Leftovers
|upkeep
|turn|6
|
|t:|1776071054
|move|p2a: Meowscarada|U-turn|p1a: Deoxys
|-start|p2a: Meowscarada|typechange|Bug|[from] ability: Protean
|-supereffective|p1a: Deoxys
|-end|p1a: Deoxys|Substitute
|
|t:|1776071059
|switch|p2a: Fezandipiti|Fezandipiti, M|100/100|[from] U-turn
|move|p1a: Deoxys|Nasty Plot|p1a: Deoxys
|-boost|p1a: Deoxys|spa|2
|
|-heal|p1a: Deoxys|88/100|[from] item: Leftovers
|-sideend|p1: tankii|Reflect
|upkeep
|turn|7
|
|t:|1776071070
|move|p1a: Deoxys|Psycho Boost|p2a: Fezandipiti
|-supereffective|p2a: Fezandipiti
|-damage|p2a: Fezandipiti|0 fnt
|-unboost|p1a: Deoxys|spa|2
|faint|p2a: Fezandipiti
|
|-heal|p1a: Deoxys|94/100|[from] item: Leftovers
|upkeep
|
|t:|1776071073
|switch|p2a: Meowscarada|Meowscarada, M, shiny|29/100
|turn|8
|
|t:|1776071082
|move|p2a: Meowscarada|Knock Off|p1a: Deoxys
|-start|p2a: Meowscarada|typechange|Dark|[from] ability: Protean
|-supereffective|p1a: Deoxys
|-damage|p1a: Deoxys|0 fnt
|-enditem|p1a: Deoxys|Leftovers|[from] move: Knock Off|[of] p2a: Meowscarada
|faint|p1a: Deoxys
|
|-sideend|p1: tankii|move: Light Screen
|upkeep
|
|t:|1776071105
|switch|p1a: Iron Treads|Iron Treads|100/100
|-enditem|p1a: Iron Treads|Booster Energy
|-activate|p1a: Iron Treads|ability: Quark Drive|[fromitem]
|-start|p1a: Iron Treads|quarkdrivespe
|turn|9
|
|t:|1776071113
|switch|p2a: Rillaboom|Rillaboom, M|100/100
|-fieldstart|move: Grassy Terrain|[from] ability: Grassy Surge|[of] p2a: Rillaboom
|move|p1a: Iron Treads|Stealth Rock|p2a: Rillaboom
|-sidestart|p2: Hellx950|move: Stealth Rock
|
|upkeep
|turn|10
|
|t:|1776071130
|move|p1a: Iron Treads|Steel Beam|p2a: Rillaboom
|-damage|p2a: Rillaboom|25/100
|-damage|p1a: Iron Treads|50/100|[from] steelbeam
|move|p2a: Rillaboom|Swords Dance|p2a: Rillaboom
|-boost|p2a: Rillaboom|atk|2
|
|-heal|p1a: Iron Treads|57/100|[from] Grassy Terrain
|-heal|p2a: Rillaboom|32/100|[from] Grassy Terrain
|upkeep
|turn|11
|
|t:|1776071134
|move|p2a: Rillaboom|Grassy Glide|p1a: Iron Treads
|-damage|p1a: Iron Treads|0 fnt
|faint|p1a: Iron Treads
|-end|p1a: Iron Treads|Quark Drive|[silent]
|
|-heal|p2a: Rillaboom|38/100|[from] Grassy Terrain
|upkeep
|
|t:|1776071138
|switch|p1a: Ceruledge|Ceruledge, M|100/100
|turn|12
|
|t:|1776071147
|move|p2a: Rillaboom|High Horsepower|p1a: Ceruledge
|-supereffective|p1a: Ceruledge
|-damage|p1a: Ceruledge|0 fnt
|faint|p1a: Ceruledge
|
|-heal|p2a: Rillaboom|44/100|[from] Grassy Terrain
|upkeep
|
|t:|1776071152
|switch|p1a: Ogerpon|Ogerpon-Wellspring, F|100/100
|turn|13
|
|t:|1776071162
|move|p2a: Rillaboom|Grassy Glide|p1a: Ogerpon
|-damage|p1a: Ogerpon|0 fnt
|faint|p1a: Ogerpon
|
|-heal|p2a: Rillaboom|50/100|[from] Grassy Terrain
|upkeep
|
|t:|1776071166
|switch|p1a: Raging Bolt|Raging Bolt|100/100
|-enditem|p1a: Raging Bolt|Booster Energy
|-activate|p1a: Raging Bolt|ability: Protosynthesis|[fromitem]
|-start|p1a: Raging Bolt|protosynthesisspa
|turn|14
|
|t:|1776071169
|move|p2a: Rillaboom|High Horsepower|p1a: Raging Bolt
|-supereffective|p1a: Raging Bolt
|-damage|p1a: Raging Bolt|0 fnt
|faint|p1a: Raging Bolt
|-end|p1a: Raging Bolt|Protosynthesis|[silent]
|
|win|Hellx950
|raw|tankii's rating: 1196 &rarr; <strong>1170</strong><br />(-26 for losing)
|raw|Hellx950's rating: 1177 &rarr; <strong>1203</strong><br />(+26 for winning)
|l| ohko_smeargle
|l|☆tankii
|player|p1|
|l|☆Hellx950
|player|p2|
