|html|<div class="broadcast-blue"><strong>[Gen 9] OU is currently suspecting Tera Blast! For information on how to participate check out the <a href="https://www.smogon.com/tools/suspects/view/200">suspect thread</a>.</strong></div>
|j|☆Scoobert995
|j|☆LegosGuy
|t:|1776041855
|gametype|singles
|player|p1|Scoobert995|pokemaniac|1235
|player|p2|LegosGuy|170|1306
|gen|9
|tier|[Gen 9] OU
|rated|
|rule|HP Percentage Mod: HP is shown in percentages
|rule|Endless Battle Clause: Forcing endless battles is banned
|rule|Species Clause: Limit one of each Pokémon
|rule|OHKO Clause: OHKO moves are banned
|rule|Evasion Items Clause: Evasion items are banned
|rule|Evasion Moves Clause: Evasion moves are banned
|rule|Evasion Abilities Clause: Evasion abilities are banned
|rule|Sleep Moves Clause: Sleep-inducing moves are banned
|clearpoke
|poke|p1|Blastoise, F|
|poke|p1|Heatran, M|
|poke|p1|Polteageist-Antique|
|poke|p1|Pecharunt|
|poke|p1|Maushold-Four|
|poke|p1|Hawlucha, F|
|poke|p2|Hydrapple, M|
|poke|p2|Tyranitar, F|
|poke|p2|Moltres|
|poke|p2|Zamazenta-*|
|poke|p2|Slowking-Galar, F|
|poke|p2|Excadrill, F|
|teampreview
|inactive|Battle timer is ON: inactive players will automatically lose when time's up. (requested by Scoobert995)
|
|t:|1776041870
|teamsize|p1|6
|teamsize|p2|6
|start
|switch|p1a: Ryu Ishigori|Heatran, M|100/100
|switch|p2a: Excadrill|Excadrill, F|100/100
|-item|p2a: Excadrill|Air Balloon
|turn|1
|
|t:|1776041877
|-terastallize|p1a: Ryu Ishigori|Grass
|move|p2a: Excadrill|Earthquake|p1a: Ryu Ishigori
|-resisted|p1a: Ryu Ishigori
|-crit|p1a: Ryu Ishigori
|-damage|p1a: Ryu Ishigori|64/100
|move|p1a: Ryu Ishigori|Magma Storm|p2a: Excadrill|[miss]
|-miss|p1a: Ryu Ishigori|p2a: Excadrill
|
|upkeep
|turn|2
|
|t:|1776041885
|switch|p2a: Slowking|Slowking-Galar, F|100/100
|move|p1a: Ryu Ishigori|Magma Storm|p2a: Slowking|[miss]
|-miss|p1a: Ryu Ishigori|p2a: Slowking
|
|upkeep
|turn|3
|
|t:|1776041892
|move|p1a: Ryu Ishigori|Magma Storm|p2a: Slowking
|-damage|p2a: Slowking|67/100
|-activate|p2a: Slowking|move: Magma Storm|[of] p1a: Ryu Ishigori
|move|p2a: Slowking|Flamethrower|p1a: Ryu Ishigori
|-start|p1a: Ryu Ishigori|ability: Flash Fire
|
|-damage|p2a: Slowking|54/100|[from] move: Magma Storm|[partiallytrapped]
|upkeep
|turn|4
|
|t:|1776041902
|move|p1a: Ryu Ishigori|Magma Storm|p2a: Slowking
|-damage|p2a: Slowking|9/100
|move|p2a: Slowking|Sludge Bomb|p1a: Ryu Ishigori
|-supereffective|p1a: Ryu Ishigori
|-damage|p1a: Ryu Ishigori|4/100
|
|-damage|p2a: Slowking|0 fnt|[from] move: Magma Storm|[partiallytrapped]
|faint|p2a: Slowking
|upkeep
|
|t:|1776041909
|switch|p2a: Excadrill|Excadrill, F|100/100
|-item|p2a: Excadrill|Air Balloon
|turn|5
|
|t:|1776041914
|move|p2a: Excadrill|Rapid Spin|p1a: Ryu Ishigori
|-damage|p1a: Ryu Ishigori|0 fnt
|-boost|p2a: Excadrill|spe|1
|faint|p1a: Ryu Ishigori
|
|upkeep
|c|☆LegosGuy|why is heatran ryu
|
|t:|1776041922
|switch|p1a: Leonardo|Blastoise, F|100/100
|turn|6
|
|t:|1776041927
|switch|p2a: Hydrapple|Hydrapple, M|100/100
|move|p1a: Leonardo|Shell Smash|p1a: Leonardo
|-unboost|p1a: Leonardo|def|1
|-unboost|p1a: Leonardo|spd|1
|-boost|p1a: Leonardo|atk|2
|-boost|p1a: Leonardo|spa|2
|-boost|p1a: Leonardo|spe|2
|-enditem|p1a: Leonardo|White Herb
|-clearnegativeboost|p1a: Leonardo|[silent]
|
|upkeep
|turn|7
|
|t:|1776041936
|-terastallize|p2a: Hydrapple|Poison
|move|p1a: Leonardo|Ice Spinner|p2a: Hydrapple
|-damage|p2a: Hydrapple|74/100
|move|p2a: Hydrapple|Giga Drain|p1a: Leonardo
|-supereffective|p1a: Leonardo
|-damage|p1a: Leonardo|28/100
|-heal|p2a: Hydrapple|100/100|[from] drain|[of] p1a: Leonardo
|
|upkeep
|turn|8
|
|t:|1776041946
|move|p1a: Leonardo|Wave Crash|p2a: Hydrapple
|-damage|p2a: Hydrapple|2/100
|-damage|p1a: Leonardo|0 fnt|[from] Recoil
|faint|p1a: Leonardo
|move|p2a: Hydrapple|Giga Drain|p1: Leonardo|[notarget]
|-fail|p2a: Hydrapple
|
|upkeep
|
|t:|1776041955
|switch|p1a: Invincible|Hawlucha, F|100/100
|turn|9
|
|t:|1776041966
|switch|p2a: Moltres|Moltres|100/100
|move|p1a: Invincible|Sky Attack||[still]
|-prepare|p1a: Invincible|Sky Attack
|-enditem|p1a: Invincible|Power Herb
|-anim|p1a: Invincible|Sky Attack|p2a: Moltres
|-damage|p2a: Moltres|58/100
|
|upkeep
|turn|10
|
|t:|1776041974
|move|p1a: Invincible|Swords Dance|p1a: Invincible
|-boost|p1a: Invincible|atk|2
|move|p2a: Moltres|Roost|p2a: Moltres
|-heal|p2a: Moltres|100/100
|-singleturn|p2a: Moltres|move: Roost
|
|upkeep
|turn|11
|
|t:|1776041982
|move|p1a: Invincible|Acrobatics|p2a: Moltres
|-damage|p2a: Moltres|34/100
|move|p2a: Moltres|Roar|p1a: Invincible
|drag|p1a: Mahoraga|Polteageist-Antique|100/100
|
|upkeep
|turn|12
|
|t:|1776041989
|switch|p2a: Tyranitar|Tyranitar, F|100/100
|-weather|Sandstorm|[from] ability: Sand Stream|[of] p2a: Tyranitar
|move|p1a: Mahoraga|Shadow Ball|p2a: Tyranitar
|-resisted|p2a: Tyranitar
|-damage|p2a: Tyranitar|92/100
|
|-weather|Sandstorm|[upkeep]
|-damage|p1a: Mahoraga|94/100|[from] Sandstorm
|-heal|p2a: Tyranitar|98/100|[from] item: Leftovers
|upkeep
|turn|13
|
|t:|1776041999
|move|p1a: Mahoraga|Curse|p2a: Tyranitar
|-start|p2a: Tyranitar|Curse|[of] p1a: Mahoraga
|-damage|p1a: Mahoraga|44/100
|move|p2a: Tyranitar|Stealth Rock|p1a: Mahoraga
|-sidestart|p1: Scoobert995|move: Stealth Rock
|
|-weather|Sandstorm|[upkeep]
|-damage|p1a: Mahoraga|38/100|[from] Sandstorm
|-heal|p2a: Tyranitar|100/100|[from] item: Leftovers
|-damage|p2a: Tyranitar|76/100|[from] Curse
|upkeep
|turn|14
|
|t:|1776042009
|move|p1a: Mahoraga|Shadow Ball|p2a: Tyranitar
|-resisted|p2a: Tyranitar
|-damage|p2a: Tyranitar|65/100
|move|p2a: Tyranitar|Knock Off|p1a: Mahoraga
|-supereffective|p1a: Mahoraga
|-damage|p1a: Mahoraga|0 fnt
|-enditem|p1a: Mahoraga|Focus Sash|[from] move: Knock Off|[of] p2a: Tyranitar
|faint|p1a: Mahoraga
|
|-weather|Sandstorm|[upkeep]
|-heal|p2a: Tyranitar|71/100|[from] item: Leftovers
|-damage|p2a: Tyranitar|47/100|[from] Curse
|upkeep
|
|t:|1776042023
|switch|p1a: Invincible|Hawlucha, F|100/100
|-damage|p1a: Invincible|88/100|[from] Stealth Rock
|turn|15
|
|t:|1776042035
|switch|p2a: Moltres|Moltres|34/100
|move|p1a: Invincible|High Jump Kick|p2a: Moltres
|-resisted|p2a: Moltres
|-damage|p2a: Moltres|13/100
|
|-weather|Sandstorm|[upkeep]
|-damage|p1a: Invincible|82/100|[from] Sandstorm
|-damage|p2a: Moltres|7/100|[from] Sandstorm
|upkeep
|turn|16
|
|t:|1776042043
|move|p1a: Invincible|Swords Dance|p1a: Invincible
|-boost|p1a: Invincible|atk|2
|move|p2a: Moltres|Roost|p2a: Moltres
|-heal|p2a: Moltres|57/100
|-singleturn|p2a: Moltres|move: Roost
|
|-weather|none
|upkeep
|turn|17
|
|t:|1776042055
|switch|p2a: Tyranitar|Tyranitar, F|47/100
|-weather|Sandstorm|[from] ability: Sand Stream|[of] p2a: Tyranitar
|move|p1a: Invincible|Swords Dance|p1a: Invincible
|-boost|p1a: Invincible|atk|2
|
|-weather|Sandstorm|[upkeep]
|-damage|p1a: Invincible|76/100|[from] Sandstorm
|-heal|p2a: Tyranitar|53/100|[from] item: Leftovers
|upkeep
|turn|18
|
|t:|1776042066
|move|p1a: Invincible|High Jump Kick|p2a: Tyranitar
|-supereffective|p2a: Tyranitar
|-damage|p2a: Tyranitar|0 fnt
|faint|p2a: Tyranitar
|
|-weather|Sandstorm|[upkeep]
|-damage|p1a: Invincible|70/100|[from] Sandstorm
|upkeep
|
|t:|1776042069
|switch|p2a: Excadrill|Excadrill, F|100/100
|-item|p2a: Excadrill|Air Balloon
|turn|19
|
|t:|1776042075
|move|p2a: Excadrill|Iron Head|p1a: Invincible
|-damage|p1a: Invincible|7/100
|move|p1a: Invincible|High Jump Kick|p2a: Excadrill
|-supereffective|p2a: Excadrill
|-damage|p2a: Excadrill|0 fnt
|-enditem|p2a: Excadrill|Air Balloon
|faint|p2a: Excadrill
|
|-weather|Sandstorm|[upkeep]
|-damage|p1a: Invincible|1/100|[from] Sandstorm
|upkeep
|
|t:|1776042083
|switch|p2a: Moltres|Moltres|57/100
|turn|20
|
|t:|1776042087
|move|p1a: Invincible|Acrobatics|p2a: Moltres
|-damage|p2a: Moltres|0 fnt
|faint|p2a: Moltres
|
|-weather|Sandstorm|[upkeep]
|-damage|p1a: Invincible|0 fnt|[from] Sandstorm
|faint|p1a: Invincible
|upkeep
|
|t:|1776042104
|switch|p1a: Choso|Pecharunt|100/100
|switch|p2a: Hydrapple|Hydrapple, M, tera:Poison|35/100
|-damage|p1a: Choso|88/100|[from] Stealth Rock
|turn|21
|
|t:|1776042113
|move|p1a: Choso|Hex|p2a: Hydrapple
|-damage|p2a: Hydrapple|10/100
|move|p2a: Hydrapple|Earth Power|p1a: Choso
|-supereffective|p1a: Choso
|-damage|p1a: Choso|28/100
|-enditem|p1a: Choso|Red Card|[of] p2a: Hydrapple
|drag|p2a: Zamazenta|Zamazenta|100/100
|-ability|p2a: Zamazenta|Dauntless Shield|boost
|-boost|p2a: Zamazenta|def|1
|
|-weather|none
|upkeep
|turn|22
|
|t:|1776042122
|move|p2a: Zamazenta|Crunch|p1a: Choso
|-supereffective|p1a: Choso
|-damage|p1a: Choso|0 fnt
|faint|p1a: Choso
|
|upkeep
|
|t:|1776042126
|switch|p1a: The Pain|Maushold-Four|100/100
|-damage|p1a: The Pain|88/100|[from] Stealth Rock
|turn|23
|
|t:|1776042131
|move|p2a: Zamazenta|Body Press|p1a: The Pain
|-supereffective|p1a: The Pain
|-damage|p1a: The Pain|0 fnt
|faint|p1a: The Pain
|
|win|LegosGuy
|raw|Scoobert995's rating: 1235 &rarr; <strong>1215</strong><br />(-20 for losing)
|raw|LegosGuy's rating: 1306 &rarr; <strong>1322</strong><br />(+16 for winning)
|l|☆Scoobert995
|player|p1|
|l|☆LegosGuy
|player|p2|
