|html|<div class="broadcast-blue"><strong>[Gen 9] OU is currently suspecting Tera Blast! For information on how to participate check out the <a href="https://www.smogon.com/tools/suspects/view/200">suspect thread</a>.</strong></div>
|j|☆dono yoyo
|j|☆idonteatpets
|t:|1776072135
|gametype|singles
|player|p1|dono yoyo|dancer|1168
|player|p2|idonteatpets|2|1223
|gen|9
|tier|[Gen 9] OU
|rated|
|rule|HP Percentage Mod: HP is shown in percentages
|rule|Endless Battle Clause: Forcing endless battles is banned
|rule|Species Clause: Limit one of each Pokémon
|rule|OHKO Clause: OHKO moves are banned
|rule|Evasion Items Clause: Evasion items are banned
|rule|Evasion Moves Clause: Evasion moves are banned
|rule|Evasion Abilities Clause: Evasion abilities are banned
|rule|Sleep Moves Clause: Sleep-inducing moves are banned
|clearpoke
|poke|p1|Ceruledge, M|
|poke|p1|Ninetales-Alola, F|
|poke|p1|Scizor, M|
|poke|p1|Heatran, F|
|poke|p1|Great Tusk|
|poke|p1|Ogerpon-Wellspring, F|
|poke|p2|Chansey, F|
|poke|p2|Darkrai|
|poke|p2|Hoopa-Unbound|
|poke|p2|Zamazenta-*|
|poke|p2|Glimmora, F|
|poke|p2|Alomomola, M|
|teampreview
|
|t:|1776072143
|teamsize|p1|6
|teamsize|p2|6
|start
|switch|p1a: Unstoppable object|Heatran, F|100/100
|switch|p2a: Glimmora|Glimmora, F|100/100
|-item|p1a: Unstoppable object|Air Balloon
|turn|1
|
|t:|1776072148
|move|p2a: Glimmora|Meteor Beam||[still]
|-prepare|p2a: Glimmora|Meteor Beam
|-boost|p2a: Glimmora|spa|1
|-enditem|p2a: Glimmora|Power Herb
|-anim|p2a: Glimmora|Meteor Beam|p1a: Unstoppable object
|-damage|p1a: Unstoppable object|20/100
|-enditem|p1a: Unstoppable object|Air Balloon
|move|p1a: Unstoppable object|Stealth Rock|p2a: Glimmora
|-sidestart|p2: idonteatpets|move: Stealth Rock
|
|upkeep
|turn|2
|
|t:|1776072161
|switch|p1a: Mohamed Abdul|Scizor, M|100/100
|move|p2a: Glimmora|Dazzling Gleam|p1a: Mohamed Abdul
|-resisted|p1a: Mohamed Abdul
|-damage|p1a: Mohamed Abdul|75/100
|
|upkeep
|turn|3
|
|t:|1776072178
|switch|p2a: Alomomola|Alomomola, M|100/100
|-damage|p2a: Alomomola|88/100|[from] Stealth Rock
|move|p1a: Mohamed Abdul|Swords Dance|p1a: Mohamed Abdul
|-boost|p1a: Mohamed Abdul|atk|2
|
|-heal|p2a: Alomomola|94/100|[from] item: Leftovers
|upkeep
|turn|4
|
|t:|1776072189
|move|p2a: Alomomola|Ice Beam|p1a: Mohamed Abdul
|-resisted|p1a: Mohamed Abdul
|-crit|p1a: Mohamed Abdul
|-damage|p1a: Mohamed Abdul|65/100
|move|p1a: Mohamed Abdul|Knock Off|p2a: Alomomola
|-damage|p2a: Alomomola|57/100
|-enditem|p2a: Alomomola|Leftovers|[from] move: Knock Off|[of] p1a: Mohamed Abdul
|
|upkeep
|turn|5
|
|t:|1776072198
|switch|p1a: Amina mina eh eh|Ogerpon-Wellspring, F|100/100
|move|p2a: Alomomola|Flip Turn|p1a: Amina mina eh eh
|-immune|p1a: Amina mina eh eh|[from] ability: Water Absorb
|
|upkeep
|turn|6
|
|t:|1776072209
|move|p1a: Amina mina eh eh|Knock Off|p2a: Alomomola
|-damage|p2a: Alomomola|44/100
|move|p2a: Alomomola|Ice Beam|p1a: Amina mina eh eh
|-damage|p1a: Amina mina eh eh|88/100
|-status|p1a: Amina mina eh eh|frz
|
|upkeep
|turn|7
|c|☆dono yoyo|Brother
|
|t:|1776072221
|switch|p2a: Glimmora|Glimmora, F|100/100
|-damage|p2a: Glimmora|88/100|[from] Stealth Rock
|cant|p1a: Amina mina eh eh|frz
|
|upkeep
|turn|8
|c|☆idonteatpets|yes
|
|t:|1776072233
|cant|p1a: Amina mina eh eh|frz
|move|p2a: Glimmora|Meteor Beam||[still]
|-prepare|p2a: Glimmora|Meteor Beam
|-boost|p2a: Glimmora|spa|1
|
|upkeep
|turn|9
|
|t:|1776072242
|-terastallize|p1a: Amina mina eh eh|Water
|detailschange|p1a: Amina mina eh eh|Ogerpon-Wellspring-Tera, F, tera:Water
|-ability|p1a: Amina mina eh eh|Embody Aspect (Wellspring)|boost
|-boost|p1a: Amina mina eh eh|spd|1
|-curestatus|p1a: Amina mina eh eh|frz|[msg]
|move|p1a: Amina mina eh eh|Ivy Cudgel|p2a: Glimmora|[anim] Ivy Cudgel Water
|-supereffective|p2a: Glimmora
|-damage|p2a: Glimmora|0 fnt
|-activate|p2a: Glimmora|ability: Toxic Debris
|-sidestart|p1: dono yoyo|move: Toxic Spikes
|faint|p2a: Glimmora
|
|upkeep
|c|☆idonteatpets|waow
|c|☆dono yoyo|Few
|c|☆idonteatpets|how u break free?
|
|t:|1776072260
|switch|p2a: Darkrai|Darkrai|100/100
|-damage|p2a: Darkrai|88/100|[from] Stealth Rock
|turn|10
|c|☆idonteatpets|u should not break free
|c|☆idonteatpets|i wasted a fraz
|c|☆idonteatpets|frz
|c|☆dono yoyo|Freeze is a high risk high reward
|c|☆dono yoyo|You just got the risk part
|c|☆idonteatpets|u are high risk low reward
|c|☆dono yoyo|A SPD boost from embody maybe meant I survived the meteor beam
|
|t:|1776072377
|move|p2a: Darkrai|Psyshock|p1a: Amina mina eh eh
|-damage|p1a: Amina mina eh eh|30/100
|move|p1a: Amina mina eh eh|Play Rough|p2a: Darkrai
|-supereffective|p2a: Darkrai
|-crit|p2a: Darkrai
|-damage|p2a: Darkrai|0 fnt
|faint|p2a: Darkrai
|
|upkeep
|
|t:|1776072426
|switch|p2a: Zamazenta|Zamazenta|100/100
|-damage|p2a: Zamazenta|94/100|[from] Stealth Rock
|-ability|p2a: Zamazenta|Dauntless Shield|boost
|-boost|p2a: Zamazenta|def|1
|turn|11
|
|t:|1776072438
|switch|p1a: Big boi|Great Tusk|100/100
|move|p2a: Zamazenta|Body Press|p1a: Big boi
|-damage|p1a: Big boi|71/100
|
|upkeep
|turn|12
|
|t:|1776072445
|move|p2a: Zamazenta|Iron Defense|p2a: Zamazenta
|-boost|p2a: Zamazenta|def|2
|move|p1a: Big boi|Rapid Spin|p2a: Zamazenta
|-damage|p2a: Zamazenta|89/100
|-boost|p1a: Big boi|spe|1
|-sideend|p1: dono yoyo|Toxic Spikes|[from] move: Rapid Spin|[of] p1a: Big boi
|
|upkeep
|turn|13
|c|☆idonteatpets|big boy huh
|
|t:|1776072456
|-end|p1a: Big boi|Protosynthesis|[silent]
|switch|p1a: The Shadow knight|Ceruledge, M|100/100
|move|p2a: Zamazenta|Iron Defense|p2a: Zamazenta
|-boost|p2a: Zamazenta|def|2
|
|upkeep
|turn|14
|c|☆idonteatpets|i will eat up ur biggy boi
|c|☆dono yoyo|Not before he eats you
|
|t:|1776072482
|switch|p1a: Girl boss|Ninetales-Alola, F|100/100
|-weather|Snowscape|[from] ability: Snow Warning|[of] p1a: Girl boss
|move|p2a: Zamazenta|Play Rough|p1a: Girl boss
|-damage|p1a: Girl boss|76/100
|
|-weather|Snowscape|[upkeep]
|upkeep
|turn|15
|c|☆idonteatpets|i will eat u
|
|t:|1776072490
|move|p2a: Zamazenta|Body Press|p1a: Girl boss
|-damage|p1a: Girl boss|0 fnt
|faint|p1a: Girl boss
|
|-weather|Snowscape|[upkeep]
|upkeep
|c|☆dono yoyo|Shi- I forgor he faster
|
|t:|1776072573
|switch|p1a: Amina mina eh eh|Ogerpon-Wellspring-Tera, F, tera:Water|30/100
|-ability|p1a: Amina mina eh eh|Embody Aspect (Wellspring)|boost
|-boost|p1a: Amina mina eh eh|spd|1
|turn|16
|
|t:|1776072585
|move|p2a: Zamazenta|Body Press|p1a: Amina mina eh eh
|-damage|p1a: Amina mina eh eh|0 fnt
|faint|p1a: Amina mina eh eh
|detailschange|p1: Amina mina eh eh|Ogerpon-Wellspring, F|[silent]
|
|-weather|Snowscape|[upkeep]
|upkeep
|
|t:|1776072589
|switch|p1a: The Shadow knight|Ceruledge, M|100/100
|turn|17
|
|t:|1776072599
|move|p2a: Zamazenta|Play Rough|p1a: The Shadow knight
|-resisted|p1a: The Shadow knight
|-damage|p1a: The Shadow knight|83/100
|-ability|p1a: The Shadow knight|Weak Armor|boost
|-unboost|p1a: The Shadow knight|def|1
|-boost|p1a: The Shadow knight|spe|2
|move|p1a: The Shadow knight|Swords Dance|p1a: The Shadow knight
|-boost|p1a: The Shadow knight|atk|2
|
|-weather|Snowscape|[upkeep]
|upkeep
|turn|18
|
|t:|1776072610
|move|p1a: The Shadow knight|Swords Dance|p1a: The Shadow knight
|-boost|p1a: The Shadow knight|atk|2
|move|p2a: Zamazenta|Play Rough|p1a: The Shadow knight
|-resisted|p1a: The Shadow knight
|-damage|p1a: The Shadow knight|57/100
|-ability|p1a: The Shadow knight|Weak Armor|boost
|-unboost|p1a: The Shadow knight|def|1
|-boost|p1a: The Shadow knight|spe|2
|
|-weather|none
|upkeep
|turn|19
|
|t:|1776072620
|move|p1a: The Shadow knight|Bitter Blade|p2a: Zamazenta
|-damage|p2a: Zamazenta|60/100
|-heal|p1a: The Shadow knight|77/100|[from] drain|[of] p2a: Zamazenta
|move|p2a: Zamazenta|Play Rough|p1a: The Shadow knight
|-resisted|p1a: The Shadow knight
|-damage|p1a: The Shadow knight|42/100
|-ability|p1a: The Shadow knight|Weak Armor|boost
|-unboost|p1a: The Shadow knight|def|1
|-boost|p1a: The Shadow knight|spe|2
|
|upkeep
|turn|20
|
|t:|1776072636
|move|p1a: The Shadow knight|Bitter Blade|p2a: Zamazenta
|-damage|p2a: Zamazenta|31/100
|-heal|p1a: The Shadow knight|61/100|[from] drain|[of] p2a: Zamazenta
|move|p2a: Zamazenta|Play Rough|p1a: The Shadow knight
|-resisted|p1a: The Shadow knight
|-damage|p1a: The Shadow knight|20/100
|-ability|p1a: The Shadow knight|Weak Armor|boost
|-unboost|p1a: The Shadow knight|def|1
|
|upkeep
|turn|21
|
|t:|1776072645
|move|p1a: The Shadow knight|Poltergeist|p2a: Zamazenta
|-activate|p2a: Zamazenta|move: Poltergeist|Chesto Berry
|-damage|p2a: Zamazenta|0 fnt
|faint|p2a: Zamazenta
|
|upkeep
|
|t:|1776072655
|switch|p2a: Alomomola|Alomomola, M|77/100
|-damage|p2a: Alomomola|65/100|[from] Stealth Rock
|turn|22
|
|t:|1776072662
|move|p1a: The Shadow knight|Bitter Blade|p2a: Alomomola
|-resisted|p2a: Alomomola
|-damage|p2a: Alomomola|30/100
|-heal|p1a: The Shadow knight|53/100|[from] drain|[of] p2a: Alomomola
|move|p2a: Alomomola|Flip Turn|p1a: The Shadow knight
|-supereffective|p1a: The Shadow knight
|-damage|p1a: The Shadow knight|0 fnt
|faint|p1a: The Shadow knight
|
|t:|1776072675
|switch|p2a: Hoopa|Hoopa-Unbound|100/100|[from] Flip Turn
|-damage|p2a: Hoopa|88/100|[from] Stealth Rock
|
|-heal|p2a: Hoopa|94/100|[from] item: Leftovers
|upkeep
|
|t:|1776072685
|switch|p1a: Mohamed Abdul|Scizor, M|65/100
|turn|23
|
|t:|1776072691
|move|p2a: Hoopa|Drain Punch|p1a: Mohamed Abdul
|-damage|p1a: Mohamed Abdul|33/100
|-heal|p2a: Hoopa|100/100|[from] drain|[of] p1a: Mohamed Abdul
|-enditem|p1a: Mohamed Abdul|Sitrus Berry|[eat]
|-heal|p1a: Mohamed Abdul|57/100|[from] item: Sitrus Berry
|move|p1a: Mohamed Abdul|Swords Dance|p1a: Mohamed Abdul
|-boost|p1a: Mohamed Abdul|atk|2
|
|upkeep
|turn|24
|
|t:|1776072704
|move|p1a: Mohamed Abdul|Bullet Punch|p2a: Hoopa
|-damage|p2a: Hoopa|0 fnt
|faint|p2a: Hoopa
|
|upkeep
|
|t:|1776072708
|switch|p2a: Alomomola|Alomomola, M|63/100
|-damage|p2a: Alomomola|51/100|[from] Stealth Rock
|turn|25
|
|t:|1776072717
|move|p2a: Alomomola|Ice Beam|p1a: Mohamed Abdul
|-resisted|p1a: Mohamed Abdul
|-damage|p1a: Mohamed Abdul|51/100
|move|p1a: Mohamed Abdul|Swords Dance|p1a: Mohamed Abdul
|-boost|p1a: Mohamed Abdul|atk|2
|
|upkeep
|turn|26
|c|☆idonteatpets|frz
|c|☆dono yoyo|No frz for you boi
|
|t:|1776072735
|move|p1a: Mohamed Abdul|Bullet Punch|p2a: Alomomola
|-resisted|p2a: Alomomola
|-damage|p2a: Alomomola|21/100
|move|p2a: Alomomola|Ice Beam|p1a: Mohamed Abdul
|-resisted|p1a: Mohamed Abdul
|-damage|p1a: Mohamed Abdul|46/100
|
|upkeep
|turn|27
|c|☆idonteatpets|frz
|
|t:|1776072743
|move|p1a: Mohamed Abdul|Bullet Punch|p2a: Alomomola
|-resisted|p2a: Alomomola
|-damage|p2a: Alomomola|0 fnt
|faint|p2a: Alomomola
|
|upkeep
|
|t:|1776072746
|switch|p2a: Chansey|Chansey, F|100/100
|-damage|p2a: Chansey|88/100|[from] Stealth Rock
|turn|28
|c|☆dono yoyo|GG's
|
|t:|1776072754
|-terastallize|p2a: Chansey|Ghost
|move|p1a: Mohamed Abdul|Bullet Punch|p2a: Chansey
|-damage|p2a: Chansey|16/100
|move|p2a: Chansey|Thunder Wave|p1a: Mohamed Abdul
|-status|p1a: Mohamed Abdul|par
|
|upkeep
|turn|29
|
|t:|1776072761
|cant|p1a: Mohamed Abdul|par
|move|p2a: Chansey|Soft-Boiled|p2a: Chansey
|-heal|p2a: Chansey|67/100
|
|upkeep
|turn|30
|c|☆dono yoyo|You little gambler I like that
|
|t:|1776072781
|cant|p1a: Mohamed Abdul|par
|move|p2a: Chansey|Seismic Toss|p1a: Mohamed Abdul
|-damage|p1a: Mohamed Abdul|17/100 par
|
|upkeep
|turn|31
|c|☆idonteatpets|;)
|
|t:|1776072791
|cant|p1a: Mohamed Abdul|par
|move|p2a: Chansey|Seismic Toss|p1a: Mohamed Abdul
|-damage|p1a: Mohamed Abdul|0 fnt
|faint|p1a: Mohamed Abdul
|
|upkeep
|c|☆idonteatpets|hee hee
|
|t:|1776072797
|switch|p1a: Big boi|Great Tusk|71/100
|turn|32
|
|t:|1776072802
|move|p1a: Big boi|Headlong Rush|p2a: Chansey
|-damage|p2a: Chansey|35/100
|-unboost|p1a: Big boi|def|1
|-unboost|p1a: Big boi|spd|1
|move|p2a: Chansey|Soft-Boiled|p2a: Chansey
|-heal|p2a: Chansey|85/100
|
|upkeep
|turn|33
|
|t:|1776072809
|move|p1a: Big boi|Headlong Rush|p2a: Chansey
|-damage|p2a: Chansey|49/100
|-unboost|p1a: Big boi|def|1
|-unboost|p1a: Big boi|spd|1
|move|p2a: Chansey|Seismic Toss|p1a: Big boi
|-damage|p1a: Big boi|48/100
|
|upkeep
|turn|34
|
|t:|1776072817
|move|p1a: Big boi|Headlong Rush|p2a: Chansey
|-damage|p2a: Chansey|13/100
|-unboost|p1a: Big boi|def|1
|-unboost|p1a: Big boi|spd|1
|move|p2a: Chansey|Soft-Boiled|p2a: Chansey
|-heal|p2a: Chansey|63/100
|
|upkeep
|turn|35
|
|t:|1776072823
|move|p1a: Big boi|Headlong Rush|p2a: Chansey
|-damage|p2a: Chansey|28/100
|-unboost|p1a: Big boi|def|1
|-unboost|p1a: Big boi|spd|1
|move|p2a: Chansey|Soft-Boiled|p2a: Chansey
|-heal|p2a: Chansey|78/100
|
|upkeep
|turn|36
|
|t:|1776072829
|move|p1a: Big boi|Headlong Rush|p2a: Chansey
|-damage|p2a: Chansey|42/100
|-unboost|p1a: Big boi|def|1
|-unboost|p1a: Big boi|spd|1
|move|p2a: Chansey|Seismic Toss|p1a: Big boi
|-damage|p1a: Big boi|25/100
|
|upkeep
|turn|37
|
|t:|1776072837
|-end|p1a: Big boi|Protosynthesis|[silent]
|switch|p1a: Unstoppable object|Heatran, F|20/100
|move|p2a: Chansey|Seismic Toss|p1a: Unstoppable object
|-damage|p1a: Unstoppable object|0 fnt
|faint|p1a: Unstoppable object
|
|upkeep
|
|t:|1776072842
|switch|p1a: Big boi|Great Tusk|25/100
|turn|38
|
|t:|1776072846
|move|p1a: Big boi|Headlong Rush|p2a: Chansey
|-damage|p2a: Chansey|8/100
|-unboost|p1a: Big boi|def|1
|-unboost|p1a: Big boi|spd|1
|move|p2a: Chansey|Soft-Boiled|p2a: Chansey
|-heal|p2a: Chansey|58/100
|
|upkeep
|turn|39
|
|t:|1776072852
|move|p1a: Big boi|Headlong Rush|p2a: Chansey
|-crit|p2a: Chansey
|-damage|p2a: Chansey|8/100
|-unboost|p1a: Big boi|def|1
|-unboost|p1a: Big boi|spd|1
|move|p2a: Chansey|Soft-Boiled|p2a: Chansey
|-heal|p2a: Chansey|59/100
|
|upkeep
|turn|40
|
|t:|1776072860
|move|p1a: Big boi|Headlong Rush|p2a: Chansey
|-damage|p2a: Chansey|23/100
|-unboost|p1a: Big boi|def|1
|-unboost|p1a: Big boi|spd|1
|move|p2a: Chansey|Soft-Boiled|p2a: Chansey
|-heal|p2a: Chansey|73/100
|
|upkeep
|turn|41
|c|☆idonteatpets|gg
|c|☆idonteatpets|para wins always
|c|☆dono yoyo|Welp I got bamboozled GG's
|-message|dono yoyo forfeited.
|
|win|idonteatpets
|raw|dono yoyo's rating: 1168 &rarr; <strong>1147</strong><br />(-21 for losing)
|raw|idonteatpets's rating: 1223 &rarr; <strong>1244</strong><br />(+21 for winning)
|l|☆dono yoyo
|player|p1|
