|html|<div class="broadcast-blue"><strong>[Gen 9] OU is currently suspecting Tera Blast! For information on how to participate check out the <a href="https://www.smogon.com/tools/suspects/view/200">suspect thread</a>.</strong></div>
|j|☆user795680
|j|☆obama_1001
|t:|1776105933
|gametype|singles
|player|p1|user795680|lucas|1050
|player|p2|obama_1001|li|1000
|gen|9
|tier|[Gen 9] OU
|rated|
|rule|HP Percentage Mod: HP is shown in percentages
|rule|Endless Battle Clause: Forcing endless battles is banned
|rule|Species Clause: Limit one of each Pokémon
|rule|OHKO Clause: OHKO moves are banned
|rule|Evasion Items Clause: Evasion items are banned
|rule|Evasion Moves Clause: Evasion moves are banned
|rule|Evasion Abilities Clause: Evasion abilities are banned
|rule|Sleep Moves Clause: Sleep-inducing moves are banned
|clearpoke
|poke|p1|Corviknight, F|
|poke|p1|Kingambit, M|
|poke|p1|Kommo-o, M|
|poke|p1|Samurott-Hisui, F|
|poke|p1|Arcanine-Hisui, M|
|poke|p1|Hatterene, F|
|poke|p2|Gliscor, M|
|poke|p2|Quagsire, M|
|poke|p2|Scizor, F|
|poke|p2|Rillaboom, F|
|poke|p2|Ceruledge, F|
|poke|p2|Hatterene, F|
|teampreview
|j| ohko_smeargle
|
|t:|1776105945
|teamsize|p1|6
|teamsize|p2|6
|start
|switch|p1a: Kommo-o|Kommo-o, M|100/100
|switch|p2a: Scizor|Scizor, F|100/100
|turn|1
|
|t:|1776105957
|move|p1a: Kommo-o|Clangorous Soul|p1a: Kommo-o
|-boost|p1a: Kommo-o|atk|1
|-boost|p1a: Kommo-o|def|1
|-boost|p1a: Kommo-o|spa|1
|-boost|p1a: Kommo-o|spd|1
|-boost|p1a: Kommo-o|spe|1
|-damage|p1a: Kommo-o|68/100
|move|p2a: Scizor|Swords Dance|p2a: Scizor
|-boost|p2a: Scizor|atk|2
|
|-heal|p1a: Kommo-o|74/100|[from] item: Leftovers
|upkeep
|turn|2
|
|t:|1776105969
|move|p2a: Scizor|Bullet Punch|p1a: Kommo-o
|-damage|p1a: Kommo-o|23/100
|-damage|p2a: Scizor|91/100|[from] item: Life Orb
|move|p1a: Kommo-o|Drain Punch|p2a: Scizor
|-damage|p2a: Scizor|51/100
|-heal|p1a: Kommo-o|43/100|[from] drain|[of] p2a: Scizor
|
|-heal|p1a: Kommo-o|49/100|[from] item: Leftovers
|upkeep
|turn|3
|
|t:|1776105979
|move|p2a: Scizor|Bullet Punch|p1a: Kommo-o
|-crit|p1a: Kommo-o
|-damage|p1a: Kommo-o|0 fnt
|faint|p1a: Kommo-o
|-damage|p2a: Scizor|41/100|[from] item: Life Orb
|
|upkeep
|
|t:|1776105989
|switch|p1a: Corviknight|Corviknight, F|100/100
|turn|4
|
|t:|1776105997
|move|p1a: Corviknight|Body Press|p2a: Scizor
|-damage|p2a: Scizor|19/100
|move|p2a: Scizor|Knock Off|p1a: Corviknight
|-crit|p1a: Corviknight
|-damage|p1a: Corviknight|0 fnt
|-enditem|p1a: Corviknight|Leftovers|[from] move: Knock Off|[of] p2a: Scizor
|faint|p1a: Corviknight
|-damage|p2a: Scizor|10/100|[from] item: Life Orb
|
|upkeep
|
|t:|1776106013
|switch|p1a: Arcanine|Arcanine-Hisui, M|100/100
|turn|5
|
|t:|1776106021
|move|p2a: Scizor|Bullet Punch|p1a: Arcanine
|-damage|p1a: Arcanine|0 fnt
|faint|p1a: Arcanine
|-damage|p2a: Scizor|0 fnt|[from] item: Life Orb
|faint|p2a: Scizor
|
|upkeep
|
|t:|1776106032
|switch|p1a: Kingambit|Kingambit, M|100/100
|switch|p2a: Ceruledge|Ceruledge, F|100/100
|-activate|p1a: Kingambit|ability: Supreme Overlord
|-start|p1a: Kingambit|fallen3|[silent]
|turn|6
|inactive|Battle timer is ON: inactive players will automatically lose when time's up. (requested by user795680)
|
|t:|1776106042
|move|p2a: Ceruledge|Vacuum Wave|p1a: Kingambit
|-supereffective|p1a: Kingambit
|-damage|p1a: Kingambit|77/100
|move|p1a: Kingambit|Sucker Punch||[still]
|-fail|p1a: Kingambit
|
|-heal|p1a: Kingambit|83/100|[from] item: Leftovers
|upkeep
|turn|7
|
|t:|1776106056
|move|p2a: Ceruledge|Swords Dance|p2a: Ceruledge
|-boost|p2a: Ceruledge|atk|2
|move|p1a: Kingambit|Kowtow Cleave|p2a: Ceruledge
|-supereffective|p2a: Ceruledge
|-damage|p2a: Ceruledge|0 fnt
|faint|p2a: Ceruledge
|
|-heal|p1a: Kingambit|89/100|[from] item: Leftovers
|upkeep
|l|☆obama_1001
|inactive|obama_1001 disconnected and has a minute to reconnect!
|player|p2|
|inactive|obama_1001 has 30 seconds to reconnect!
|inactive|obama_1001 has 20 seconds to reconnect!
|inactive|obama_1001 has 15 seconds to reconnect!
|inactive|obama_1001 has 10 seconds to reconnect!
|inactive|obama_1001 has 5 seconds to reconnect!
|-message|obama_1001 lost due to inactivity.
|
|win|user795680
|raw|user795680's rating: 1050 &rarr; <strong>1078</strong><br />(+28 for winning)
|raw|obama_1001's rating: 1000 &rarr; <strong>1000</strong><br />(+0 for losing)
|l| ohko_smeargle
