|html|<div class="broadcast-blue"><strong>[Gen 9] OU is currently suspecting Tera Blast! For information on how to participate check out the <a href="https://www.smogon.com/tools/suspects/view/200">suspect thread</a>.</strong></div>
|j|☆tejeros43
|j|☆DestrozaVeganos
|t:|1776054237
|gametype|singles
|player|p1|tejeros43|170|1213
|player|p2|DestrozaVeganos|pokemonbreeder-gen4|1233
|gen|9
|tier|[Gen 9] OU
|rated|
|rule|HP Percentage Mod: HP is shown in percentages
|rule|Endless Battle Clause: Forcing endless battles is banned
|rule|Species Clause: Limit one of each Pokémon
|rule|OHKO Clause: OHKO moves are banned
|rule|Evasion Items Clause: Evasion items are banned
|rule|Evasion Moves Clause: Evasion moves are banned
|rule|Evasion Abilities Clause: Evasion abilities are banned
|rule|Sleep Moves Clause: Sleep-inducing moves are banned
|clearpoke
|poke|p1|Hatterene, F|
|poke|p1|Conkeldurr, M|
|poke|p1|Great Tusk|
|poke|p1|Greninja-*, M|
|poke|p1|Corviknight, M|
|poke|p1|Ceruledge, F|
|poke|p2|Dragapult, M|
|poke|p2|Gholdengo|
|poke|p2|Glimmora, F|
|poke|p2|Garganacl, M|
|poke|p2|Rotom-Wash|
|poke|p2|Ogerpon-Wellspring, F|
|teampreview
|inactive|Battle timer is ON: inactive players will automatically lose when time's up. (requested by DestrozaVeganos)
|
|t:|1776054263
|teamsize|p1|6
|teamsize|p2|6
|start
|switch|p1a: Hatterene|Hatterene, F|100/100
|switch|p2a: Dragapult|Dragapult, M|100/100
|turn|1
|
|t:|1776054277
|move|p2a: Dragapult|U-turn|p1a: Hatterene
|-damage|p1a: Hatterene|76/100
|
|t:|1776054290
|switch|p2a: Rotom|Rotom-Wash|100/100|[from] U-turn
|move|p1a: Hatterene|Trick Room|p1a: Hatterene
|-fieldstart|move: Trick Room|[of] p1a: Hatterene
|
|upkeep
|turn|2
|
|t:|1776054310
|move|p1a: Hatterene|Dazzling Gleam|p2a: Rotom
|-damage|p2a: Rotom|68/100
|move|p2a: Rotom|Hex|p1a: Hatterene
|-supereffective|p1a: Hatterene
|-damage|p1a: Hatterene|41/100
|
|upkeep
|turn|3
|
|t:|1776054317
|move|p1a: Hatterene|Psychic Noise|p2a: Rotom
|-damage|p2a: Rotom|35/100
|-start|p2a: Rotom|move: Heal Block
|move|p2a: Rotom|Discharge|p1a: Hatterene
|-damage|p1a: Hatterene|10/100
|-status|p1a: Hatterene|par
|
|upkeep
|turn|4
|
|t:|1776054332
|move|p1a: Hatterene|Dazzling Gleam|p2a: Rotom
|-damage|p2a: Rotom|2/100
|move|p2a: Rotom|Hex|p1a: Hatterene
|-supereffective|p1a: Hatterene
|-damage|p1a: Hatterene|0 fnt
|faint|p1a: Hatterene
|
|-end|p2a: Rotom|move: Heal Block
|upkeep
|
|t:|1776054342
|switch|p1a: Conkeldurr|Conkeldurr, M, shiny|100/100
|turn|5
|
|t:|1776054352
|switch|p2a: Glimmora|Glimmora, F|100/100
|move|p1a: Conkeldurr|Facade|p2a: Glimmora
|-resisted|p2a: Glimmora
|-damage|p2a: Glimmora|85/100
|-activate|p2a: Glimmora|ability: Toxic Debris
|-sidestart|p1: tejeros43|move: Toxic Spikes
|
|-fieldend|move: Trick Room
|-status|p1a: Conkeldurr|brn|[from] item: Flame Orb
|upkeep
|turn|6
|
|t:|1776054368
|move|p2a: Glimmora|Stealth Rock|p1a: Conkeldurr
|-sidestart|p1: tejeros43|move: Stealth Rock
|move|p1a: Conkeldurr|Drain Punch|p2a: Glimmora
|-damage|p2a: Glimmora|11/100
|-activate|p2a: Glimmora|ability: Toxic Debris
|-sidestart|p1: tejeros43|move: Toxic Spikes
|
|-damage|p1a: Conkeldurr|94/100 brn|[from] brn
|upkeep
|turn|7
|
|t:|1776054378
|move|p1a: Conkeldurr|Mach Punch|p2a: Glimmora
|-damage|p2a: Glimmora|0 fnt
|faint|p2a: Glimmora
|
|-damage|p1a: Conkeldurr|88/100 brn|[from] brn
|upkeep
|
|t:|1776054384
|switch|p2a: Garganacl|Garganacl, M|100/100
|turn|8
|
|t:|1776054389
|-terastallize|p2a: Garganacl|Poison
|move|p1a: Conkeldurr|Drain Punch|p2a: Garganacl
|-resisted|p2a: Garganacl
|-damage|p2a: Garganacl|78/100
|-heal|p1a: Conkeldurr|99/100 brn|[from] drain|[of] p2a: Garganacl
|move|p2a: Garganacl|Salt Cure|p1a: Conkeldurr
|-resisted|p1a: Conkeldurr
|-damage|p1a: Conkeldurr|93/100 brn
|-start|p1a: Conkeldurr|Salt Cure
|
|-heal|p2a: Garganacl|85/100|[from] item: Leftovers
|-damage|p1a: Conkeldurr|87/100 brn|[from] brn
|-damage|p1a: Conkeldurr|75/100 brn|[from] Salt Cure
|upkeep
|turn|9
|
|t:|1776054406
|switch|p2a: Dragapult|Dragapult, M|100/100
|move|p1a: Conkeldurr|Facade|p2a: Dragapult
|-immune|p2a: Dragapult
|
|-damage|p1a: Conkeldurr|69/100 brn|[from] brn
|-damage|p1a: Conkeldurr|56/100 brn|[from] Salt Cure
|upkeep
|turn|10
|
|t:|1776054435
|move|p2a: Dragapult|U-turn|p1a: Conkeldurr
|-resisted|p1a: Conkeldurr
|-damage|p1a: Conkeldurr|47/100 brn
|
|t:|1776054443
|switch|p2a: Rotom|Rotom-Wash|2/100|[from] U-turn
|move|p1a: Conkeldurr|Knock Off|p2a: Rotom
|-damage|p2a: Rotom|0 fnt
|-enditem|p2a: Rotom|Assault Vest|[from] move: Knock Off|[of] p1a: Conkeldurr
|faint|p2a: Rotom
|
|-damage|p1a: Conkeldurr|41/100 brn|[from] brn
|-damage|p1a: Conkeldurr|28/100 brn|[from] Salt Cure
|upkeep
|inactive|DestrozaVeganos has 120 seconds left.
|
|t:|1776054455
|switch|p2a: Dragapult|Dragapult, M|100/100
|turn|11
|
|t:|1776054461
|move|p2a: Dragapult|Phantom Force||[still]
|-prepare|p2a: Dragapult|Phantom Force
|move|p1a: Conkeldurr|Knock Off|p2a: Dragapult|[miss]
|-miss|p1a: Conkeldurr|p2a: Dragapult
|
|-damage|p1a: Conkeldurr|22/100 brn|[from] brn
|-damage|p1a: Conkeldurr|10/100 brn|[from] Salt Cure
|upkeep
|turn|12
|
|t:|1776054470
|move|p2a: Dragapult|Phantom Force|p1a: Conkeldurr|[from] lockedmove
|-damage|p1a: Conkeldurr|0 fnt
|faint|p1a: Conkeldurr
|
|upkeep
|
|t:|1776054480
|switch|p1a: Corviknight|Corviknight, M|100/100
|-damage|p1a: Corviknight|88/100|[from] Stealth Rock
|-ability|p1a: Corviknight|Pressure
|turn|13
|
|t:|1776054494
|switch|p2a: Garganacl|Garganacl, M, tera:Poison|85/100
|move|p1a: Corviknight|Defog|p2a: Garganacl
|-unboost|p2a: Garganacl|evasion|1
|-sideend|p1: tejeros43|Toxic Spikes|[from] move: Defog|[of] p1a: Corviknight
|-sideend|p1: tejeros43|Stealth Rock|[from] move: Defog|[of] p1a: Corviknight
|
|-heal|p2a: Garganacl|91/100|[from] item: Leftovers
|upkeep
|turn|14
|
|t:|1776054505
|move|p1a: Corviknight|Brave Bird|p2a: Garganacl
|-damage|p2a: Garganacl|68/100
|-damage|p1a: Corviknight|81/100|[from] Recoil
|move|p2a: Garganacl|Salt Cure|p1a: Corviknight
|-damage|p1a: Corviknight|72/100
|-start|p1a: Corviknight|Salt Cure
|
|-heal|p2a: Garganacl|75/100|[from] item: Leftovers
|-damage|p1a: Corviknight|48/100|[from] Salt Cure
|upkeep
|turn|15
|
|t:|1776054523
|move|p1a: Corviknight|Roost|p1a: Corviknight
|-heal|p1a: Corviknight|98/100
|-singleturn|p1a: Corviknight|move: Roost
|move|p2a: Garganacl|Recover|p2a: Garganacl
|-heal|p2a: Garganacl|100/100
|
|-damage|p1a: Corviknight|73/100|[from] Salt Cure
|upkeep
|turn|16
|
|t:|1776054538
|switch|p1a: Great Tusk|Great Tusk|100/100
|-enditem|p1a: Great Tusk|Booster Energy
|-activate|p1a: Great Tusk|ability: Protosynthesis|[fromitem]
|-start|p1a: Great Tusk|protosynthesisspe
|move|p2a: Garganacl|Iron Defense|p2a: Garganacl
|-boost|p2a: Garganacl|def|2
|
|upkeep
|turn|17
|
|t:|1776054551
|move|p1a: Great Tusk|Headlong Rush|p2a: Garganacl
|-supereffective|p2a: Garganacl
|-damage|p2a: Garganacl|68/100
|-unboost|p1a: Great Tusk|def|1
|-unboost|p1a: Great Tusk|spd|1
|move|p2a: Garganacl|Salt Cure|p1a: Great Tusk
|-resisted|p1a: Great Tusk
|-damage|p1a: Great Tusk|98/100
|-start|p1a: Great Tusk|Salt Cure
|
|-heal|p2a: Garganacl|74/100|[from] item: Leftovers
|-damage|p1a: Great Tusk|85/100|[from] Salt Cure
|upkeep
|turn|18
|
|t:|1776054569
|-end|p1a: Great Tusk|Protosynthesis|[silent]
|switch|p1a: Greninja|Greninja, M|100/100
|move|p2a: Garganacl|Iron Defense|p2a: Garganacl
|-boost|p2a: Garganacl|def|2
|
|-heal|p2a: Garganacl|80/100|[from] item: Leftovers
|upkeep
|turn|19
|
|t:|1776054585
|move|p1a: Greninja|Hydro Pump|p2a: Garganacl
|-damage|p2a: Garganacl|27/100
|move|p2a: Garganacl|Salt Cure|p1a: Greninja
|-damage|p1a: Greninja|76/100
|-start|p1a: Greninja|Salt Cure
|
|-heal|p2a: Garganacl|33/100|[from] item: Leftovers
|-damage|p1a: Greninja|51/100|[from] Salt Cure
|upkeep
|turn|20
|
|t:|1776054596
|switch|p2a: Ogerpon|Ogerpon-Wellspring, F|100/100
|move|p1a: Greninja|Hydro Pump|p2a: Ogerpon
|-immune|p2a: Ogerpon|[from] ability: Water Absorb
|
|-damage|p1a: Greninja|26/100|[from] Salt Cure
|upkeep
|turn|21
|
|t:|1776054612
|switch|p1a: Corviknight|Corviknight, M|73/100
|-ability|p1a: Corviknight|Pressure
|move|p2a: Ogerpon|Swords Dance|p2a: Ogerpon
|-boost|p2a: Ogerpon|atk|2
|
|upkeep
|turn|22
|
|t:|1776054622
|move|p2a: Ogerpon|Ivy Cudgel|p1a: Corviknight|[anim] Ivy Cudgel Water
|-damage|p1a: Corviknight|0 fnt
|faint|p1a: Corviknight
|
|upkeep
|
|t:|1776054630
|switch|p1a: Great Tusk|Great Tusk|85/100
|turn|23
|
|t:|1776054639
|-terastallize|p1a: Great Tusk|Ice
|move|p2a: Ogerpon|Ivy Cudgel|p1a: Great Tusk|[anim] Ivy Cudgel Water
|-damage|p1a: Great Tusk|7/100
|move|p1a: Great Tusk|Bulk Up|p1a: Great Tusk
|-boost|p1a: Great Tusk|atk|1
|-boost|p1a: Great Tusk|def|1
|
|upkeep
|turn|24
|
|t:|1776054655
|move|p2a: Ogerpon|Ivy Cudgel|p1a: Great Tusk|[anim] Ivy Cudgel Water
|-damage|p1a: Great Tusk|0 fnt
|faint|p1a: Great Tusk
|-end|p1a: Great Tusk|Protosynthesis|[silent]
|
|upkeep
|
|t:|1776054657
|switch|p1a: Ceruledge|Ceruledge, F|100/100
|turn|25
|
|t:|1776054665
|move|p2a: Ogerpon|Ivy Cudgel|p1a: Ceruledge|[anim] Ivy Cudgel Water
|-supereffective|p1a: Ceruledge
|-damage|p1a: Ceruledge|0 fnt
|faint|p1a: Ceruledge
|
|upkeep
|
|t:|1776054667
|switch|p1a: Greninja|Greninja, M|26/100
|turn|26
|l|☆tejeros43
|inactive|tejeros43 disconnected and has a minute to reconnect!
|player|p1|
|inactive|tejeros43 has 30 seconds to reconnect!
|inactive|tejeros43 has 20 seconds to reconnect!
|inactive|tejeros43 has 15 seconds to reconnect!
|inactive|tejeros43 has 10 seconds to reconnect!
|inactive|tejeros43 has 5 seconds to reconnect!
|-message|tejeros43 lost due to inactivity.
|
|win|DestrozaVeganos
|raw|tejeros43's rating: 1213 &rarr; <strong>1189</strong><br />(-24 for losing)
|raw|DestrozaVeganos's rating: 1233 &rarr; <strong>1257</strong><br />(+24 for winning)
|l|☆DestrozaVeganos
|player|p2|
