|html|<div class="broadcast-blue"><strong>[Gen 9] OU is currently suspecting Tera Blast! For information on how to participate check out the <a href="https://www.smogon.com/tools/suspects/view/200">suspect thread</a>.</strong></div>
|j|☆Blastoise_Choice
|j|☆looniertunes
|t:|1776056636
|gametype|singles
|player|p1|Blastoise_Choice|benga|1532
|player|p2|looniertunes|cynthia|1569
|gen|9
|tier|[Gen 9] OU
|rated|
|rule|HP Percentage Mod: HP is shown in percentages
|rule|Endless Battle Clause: Forcing endless battles is banned
|rule|Species Clause: Limit one of each Pokémon
|rule|OHKO Clause: OHKO moves are banned
|rule|Evasion Items Clause: Evasion items are banned
|rule|Evasion Moves Clause: Evasion moves are banned
|rule|Evasion Abilities Clause: Evasion abilities are banned
|rule|Sleep Moves Clause: Sleep-inducing moves are banned
|clearpoke
|poke|p1|Hydrapple, M|
|poke|p1|Tyranitar, F|
|poke|p1|Moltres|
|poke|p1|Zamazenta-*|
|poke|p1|Slowking-Galar, M|
|poke|p1|Excadrill, F|
|poke|p2|Sinistcha|
|poke|p2|Corviknight, M|
|poke|p2|Tyranitar, M|
|poke|p2|Excadrill, M|
|poke|p2|Ceruledge, M|
|poke|p2|Primarina, M|
|teampreview
|
|t:|1776056644
|teamsize|p1|6
|teamsize|p2|6
|start
|switch|p1a: Slowking|Slowking-Galar, M|100/100
|switch|p2a: Primarina|Primarina, M|100/100
|turn|1
|c|☆Blastoise_Choice|hf
|inactive|Battle timer is ON: inactive players will automatically lose when time's up. (requested by Blastoise_Choice)
|c|☆looniertunes|u2
|
|t:|1776056652
|move|p2a: Primarina|Flip Turn|p1a: Slowking
|-damage|p1a: Slowking|90/100
|
|t:|1776056655
|switch|p2a: Tyranitar|Tyranitar, M|100/100|[from] Flip Turn
|-weather|Sandstorm|[from] ability: Sand Stream|[of] p2a: Tyranitar
|move|p1a: Slowking|Sludge Bomb|p2a: Tyranitar
|-resisted|p2a: Tyranitar
|-damage|p2a: Tyranitar|94/100
|
|-weather|Sandstorm|[upkeep]
|-damage|p1a: Slowking|83/100|[from] Sandstorm
|upkeep
|turn|2
|
|t:|1776056662
|switch|p1a: Zamazenta|Zamazenta|100/100
|-ability|p1a: Zamazenta|Dauntless Shield|boost
|-boost|p1a: Zamazenta|def|1
|move|p2a: Tyranitar|Knock Off|p1a: Zamazenta
|-resisted|p1a: Zamazenta
|-damage|p1a: Zamazenta|90/100
|-enditem|p1a: Zamazenta|Leftovers|[from] move: Knock Off|[of] p2a: Tyranitar
|
|-weather|Sandstorm|[upkeep]
|-damage|p1a: Zamazenta|84/100|[from] Sandstorm
|upkeep
|turn|3
|
|t:|1776056669
|switch|p2a: Sinistcha|Sinistcha|100/100
|move|p1a: Zamazenta|Body Press|p2a: Sinistcha
|-immune|p2a: Sinistcha
|
|-weather|Sandstorm|[upkeep]
|-damage|p1a: Zamazenta|78/100|[from] Sandstorm
|-damage|p2a: Sinistcha|94/100|[from] Sandstorm
|upkeep
|turn|4
|
|t:|1776056675
|switch|p1a: Hydrapple|Hydrapple, M|100/100
|move|p2a: Sinistcha|Matcha Gotcha|p1a: Hydrapple
|-resisted|p1a: Hydrapple
|-damage|p1a: Hydrapple|93/100
|-heal|p2a: Sinistcha|99/100|[from] drain|[of] p1a: Hydrapple
|
|-weather|Sandstorm|[upkeep]
|-damage|p2a: Sinistcha|93/100|[from] Sandstorm
|-damage|p1a: Hydrapple|87/100|[from] Sandstorm
|upkeep
|turn|5
|
|t:|1776056682
|move|p2a: Sinistcha|Calm Mind|p2a: Sinistcha
|-boost|p2a: Sinistcha|spa|1
|-boost|p2a: Sinistcha|spd|1
|move|p1a: Hydrapple|Fickle Beam|p2a: Sinistcha
|-damage|p2a: Sinistcha|64/100
|
|-weather|Sandstorm|[upkeep]
|-damage|p2a: Sinistcha|57/100|[from] Sandstorm
|-damage|p1a: Hydrapple|80/100|[from] Sandstorm
|upkeep
|turn|6
|
|t:|1776056689
|move|p2a: Sinistcha|Strength Sap|p1a: Hydrapple
|-unboost|p1a: Hydrapple|atk|1
|-heal|p2a: Sinistcha|99/100
|move|p1a: Hydrapple|Fickle Beam|p2a: Sinistcha|[anim] Fickle Beam All Out
|-activate|p1a: Hydrapple|move: Fickle Beam
|-damage|p2a: Sinistcha|42/100
|
|-weather|Sandstorm|[upkeep]
|-damage|p2a: Sinistcha|36/100|[from] Sandstorm
|-damage|p1a: Hydrapple|74/100|[from] Sandstorm
|upkeep
|turn|7
|
|t:|1776056703
|move|p2a: Sinistcha|Shadow Ball|p1a: Hydrapple
|-damage|p1a: Hydrapple|24/100
|move|p1a: Hydrapple|Fickle Beam|p2a: Sinistcha
|-damage|p2a: Sinistcha|7/100
|
|-weather|Sandstorm|[upkeep]
|-damage|p2a: Sinistcha|1/100|[from] Sandstorm
|-damage|p1a: Hydrapple|18/100|[from] Sandstorm
|upkeep
|turn|8
|
|t:|1776056712
|move|p2a: Sinistcha|Shadow Ball|p1a: Hydrapple
|-damage|p1a: Hydrapple|0 fnt
|faint|p1a: Hydrapple
|
|-weather|none
|upkeep
|
|t:|1776056716
|switch|p1a: Moltres|Moltres|100/100
|turn|9
|
|t:|1776056726
|move|p1a: Moltres|U-turn|p2a: Sinistcha
|-crit|p2a: Sinistcha
|-damage|p2a: Sinistcha|0 fnt
|faint|p2a: Sinistcha
|
|t:|1776056730
|switch|p1a: Tyranitar|Tyranitar, F|100/100|[from] U-turn
|-weather|Sandstorm|[from] ability: Sand Stream|[of] p1a: Tyranitar
|
|-weather|Sandstorm|[upkeep]
|upkeep
|
|t:|1776056739
|switch|p2a: Corviknight|Corviknight, M|100/100
|-ability|p2a: Corviknight|Pressure
|turn|10
|
|t:|1776056746
|switch|p1a: Slowking|Slowking-Galar, M|100/100
|move|p2a: Corviknight|U-turn|p1a: Slowking
|-damage|p1a: Slowking|89/100
|
|t:|1776056753
|switch|p2a: Ceruledge|Ceruledge, M|100/100|[from] U-turn
|
|-weather|Sandstorm|[upkeep]
|-damage|p2a: Ceruledge|94/100|[from] Sandstorm
|-damage|p1a: Slowking|83/100|[from] Sandstorm
|upkeep
|turn|11
|
|t:|1776056759
|switch|p1a: Tyranitar|Tyranitar, F|100/100
|move|p2a: Ceruledge|Poltergeist|p1a: Tyranitar
|-activate|p1a: Tyranitar|move: Poltergeist|Smooth Rock
|-resisted|p1a: Tyranitar
|-damage|p1a: Tyranitar|70/100
|-damage|p2a: Ceruledge|84/100|[from] item: Life Orb
|
|-weather|Sandstorm|[upkeep]
|-damage|p2a: Ceruledge|78/100|[from] Sandstorm
|upkeep
|turn|12
|
|t:|1776056766
|switch|p2a: Corviknight|Corviknight, M|100/100
|-ability|p2a: Corviknight|Pressure
|move|p1a: Tyranitar|Knock Off|p2a: Corviknight
|-damage|p2a: Corviknight|73/100
|-damage|p1a: Tyranitar|54/100|[from] item: Rocky Helmet|[of] p2a: Corviknight
|-enditem|p2a: Corviknight|Rocky Helmet|[from] move: Knock Off|[of] p1a: Tyranitar
|
|-weather|Sandstorm|[upkeep]
|upkeep
|turn|13
|
|t:|1776056782
|switch|p1a: Moltres|Moltres|100/100
|move|p2a: Corviknight|U-turn|p1a: Moltres
|-resisted|p1a: Moltres
|-crit|p1a: Moltres
|-damage|p1a: Moltres|97/100
|-status|p2a: Corviknight|brn|[from] ability: Flame Body|[of] p1a: Moltres
|
|t:|1776056786
|switch|p2a: Excadrill|Excadrill, M|100/100|[from] U-turn
|-item|p2a: Excadrill|Air Balloon
|
|-weather|Sandstorm|[upkeep]
|-damage|p1a: Moltres|91/100|[from] Sandstorm
|upkeep
|turn|14
|
|t:|1776056792
|move|p2a: Excadrill|Rock Slide|p1a: Moltres
|-supereffective|p1a: Moltres
|-damage|p1a: Moltres|15/100
|move|p1a: Moltres|U-turn|p2a: Excadrill
|-resisted|p2a: Excadrill
|-damage|p2a: Excadrill|91/100
|-enditem|p2a: Excadrill|Air Balloon
|
|t:|1776056801
|switch|p1a: Excadrill|Excadrill, F|100/100|[from] U-turn
|-item|p1a: Excadrill|Air Balloon
|
|-weather|Sandstorm|[upkeep]
|upkeep
|turn|15
|inactive|looniertunes has 120 seconds left.
|
|t:|1776056855
|switch|p2a: Corviknight|Corviknight, M|73/100 brn
|-ability|p2a: Corviknight|Pressure
|move|p1a: Excadrill|Earthquake|p2a: Corviknight
|-immune|p2a: Corviknight
|
|-weather|Sandstorm|[upkeep]
|-damage|p2a: Corviknight|67/100 brn|[from] brn
|upkeep
|turn|16
|
|t:|1776056862
|move|p1a: Excadrill|Swords Dance|p1a: Excadrill
|-boost|p1a: Excadrill|atk|2
|move|p2a: Corviknight|U-turn|p1a: Excadrill
|-resisted|p1a: Excadrill
|-damage|p1a: Excadrill|95/100
|-enditem|p1a: Excadrill|Air Balloon
|
|t:|1776056877
|switch|p2a: Excadrill|Excadrill, M|91/100|[from] U-turn
|
|-weather|none
|upkeep
|turn|17
|
|t:|1776056884
|move|p1a: Excadrill|Earthquake|p2a: Excadrill
|-supereffective|p2a: Excadrill
|-damage|p2a: Excadrill|0 fnt
|faint|p2a: Excadrill
|
|upkeep
|
|t:|1776056887
|switch|p2a: Corviknight|Corviknight, M|67/100 brn
|-ability|p2a: Corviknight|Pressure
|turn|18
|
|t:|1776056893
|move|p1a: Excadrill|Swords Dance|p1a: Excadrill
|-boost|p1a: Excadrill|atk|2
|move|p2a: Corviknight|U-turn|p1a: Excadrill
|-resisted|p1a: Excadrill
|-crit|p1a: Excadrill
|-damage|p1a: Excadrill|87/100
|
|t:|1776056899
|switch|p2a: Primarina|Primarina, M|100/100|[from] U-turn
|
|upkeep
|turn|19
|
|t:|1776056905
|move|p1a: Excadrill|Iron Head|p2a: Primarina
|-damage|p2a: Primarina|0 fnt
|faint|p2a: Primarina
|
|upkeep
|l|☆looniertunes
|inactive|looniertunes disconnected and has a minute to reconnect!
|player|p2|
|inactive|looniertunes has 30 seconds to reconnect!
|inactive|looniertunes has 20 seconds to reconnect!
|inactive|looniertunes has 15 seconds to reconnect!
|inactive|looniertunes has 10 seconds to reconnect!
|inactive|looniertunes has 5 seconds to reconnect!
|-message|looniertunes lost due to inactivity.
|
|win|Blastoise_Choice
|raw|Blastoise_Choice's rating: 1532 &rarr; <strong>1554</strong><br />(+22 for winning)
|raw|looniertunes's rating: 1569 &rarr; <strong>1547</strong><br />(-22 for losing)
|c|☆Blastoise_Choice|gg
|l|☆Blastoise_Choice
|player|p1|
