|html|<div class="broadcast-blue"><strong>[Gen 9] OU is currently suspecting Tera Blast! For information on how to participate check out the <a href="https://www.smogon.com/tools/suspects/view/200">suspect thread</a>.</strong></div>
|j|☆qizrad
|j|☆mathismathin
|t:|1776101385
|gametype|singles
|player|p1|qizrad|sage|1729
|player|p2|mathismathin|bugsy-masters|1811
|gen|9
|tier|[Gen 9] OU
|rated|
|rule|HP Percentage Mod: HP is shown in percentages
|rule|Endless Battle Clause: Forcing endless battles is banned
|rule|Species Clause: Limit one of each Pokémon
|rule|OHKO Clause: OHKO moves are banned
|rule|Evasion Items Clause: Evasion items are banned
|rule|Evasion Moves Clause: Evasion moves are banned
|rule|Evasion Abilities Clause: Evasion abilities are banned
|rule|Sleep Moves Clause: Sleep-inducing moves are banned
|clearpoke
|poke|p1|Araquanid, M|
|poke|p1|Ceruledge, M|
|poke|p1|Enamorus, F|
|poke|p1|Iron Treads|
|poke|p1|Kingambit, F|
|poke|p1|Pecharunt|
|poke|p2|Enamorus, F|
|poke|p2|Scizor, F|
|poke|p2|Alomomola, F|
|poke|p2|Ditto|
|poke|p2|Maushold-Four|
|poke|p2|Great Tusk|
|teampreview
|inactive|Battle timer is ON: inactive players will automatically lose when time's up. (requested by qizrad)
|inactive|qizrad has 120 seconds left.
|inactive|mathismathin has 120 seconds left.
|
|t:|1776101433
|teamsize|p1|6
|teamsize|p2|6
|start
|switch|p1a: Bewitched|Pecharunt|100/100
|switch|p2a: Maushold|Maushold-Four|100/100
|-item|p1a: Bewitched|Air Balloon
|turn|1
|
|t:|1776101457
|switch|p2a: Scizor|Scizor, F|100/100
|switch|p1a: Nocturne|Ceruledge, M|100/100
|
|upkeep
|turn|2
|
|t:|1776101477
|switch|p2a: Alomomola|Alomomola, F|100/100
|move|p1a: Nocturne|Bitter Blade|p2a: Alomomola
|-resisted|p2a: Alomomola
|-damage|p2a: Alomomola|81/100
|-damage|p1a: Nocturne|91/100|[from] item: Life Orb
|
|upkeep
|turn|3
|inactive|qizrad has 120 seconds left.
|inactive|mathismathin has 120 seconds left.
|j| Metallic Symphony
|inactive|qizrad has 90 seconds left.
|
|t:|1776101524
|switch|p1a: Misty|Araquanid, M|100/100
|move|p2a: Alomomola|Flip Turn|p1a: Misty
|-resisted|p1a: Misty
|-damage|p1a: Misty|92/100
|inactive|mathismathin has 120 seconds left.
|
|t:|1776101537
|switch|p2a: Scizor|Scizor, F|100/100|[from] Flip Turn
|
|upkeep
|turn|4
|
|t:|1776101544
|move|p2a: Scizor|U-turn|p1a: Misty
|-damage|p1a: Misty|27/100
|
|t:|1776101553
|switch|p2a: Ditto|Ditto|100/100|[from] U-turn
|-transform|p2a: Ditto|p1a: Misty|[from] ability: Imposter
|move|p1a: Misty|Surf|p2a: Ditto
|-resisted|p2a: Ditto
|-damage|p2a: Ditto|78/100
|
|upkeep
|turn|5
|
|t:|1776101566
|move|p2a: Ditto|Sticky Web|p1a: Misty
|-sidestart|p1: qizrad|move: Sticky Web
|move|p1a: Misty|Sticky Web|p2a: Ditto
|-sidestart|p2: mathismathin|move: Sticky Web
|
|upkeep
|turn|6
|inactive|mathismathin has 120 seconds left.
|
|t:|1776101616
|move|p1a: Misty|Endeavor|p2a: Ditto
|-damage|p2a: Ditto|31/100
|move|p2a: Ditto|Surf|p1a: Misty
|-resisted|p1a: Misty
|-damage|p1a: Misty|7/100
|
|upkeep
|turn|7
|inactive|qizrad has 90 seconds left.
|inactive|mathismathin has 90 seconds left.
|-enditem|p1a: Misty|Custap Berry|[eat]
|-activate|p1a: Misty|item: Custap Berry|[consumed]
|
|t:|1776101659
|move|p1a: Misty|Surf|p2a: Ditto
|-resisted|p2a: Ditto
|-damage|p2a: Ditto|6/100
|move|p2a: Ditto|Surf|p1a: Misty
|-resisted|p1a: Misty
|-damage|p1a: Misty|0 fnt
|faint|p1a: Misty
|
|upkeep
|
|t:|1776101670
|switch|p1a: Promise|Iron Treads|100/100
|-activate|p1a: Promise|move: Sticky Web
|-unboost|p1a: Promise|spe|1
|-enditem|p1a: Promise|Booster Energy
|-activate|p1a: Promise|ability: Quark Drive|[fromitem]
|-start|p1a: Promise|quarkdrivedef
|turn|8
|
|t:|1776101677
|switch|p2a: Alomomola|Alomomola, F|100/100
|-activate|p2a: Alomomola|move: Sticky Web
|-unboost|p2a: Alomomola|spe|1
|move|p1a: Promise|Rapid Spin|p2a: Alomomola
|-damage|p2a: Alomomola|93/100
|-boost|p1a: Promise|spe|1
|-sideend|p1: qizrad|Sticky Web|[from] move: Rapid Spin|[of] p1a: Promise
|
|upkeep
|turn|9
|inactive|qizrad has 90 seconds left.
|
|t:|1776101683
|move|p1a: Promise|Stealth Rock|p2a: Alomomola
|-sidestart|p2: mathismathin|move: Stealth Rock
|move|p2a: Alomomola|Scald|p1a: Promise
|-supereffective|p1a: Promise
|-crit|p1a: Promise
|-damage|p1a: Promise|40/100
|-status|p1a: Promise|brn
|
|-damage|p1a: Promise|34/100 brn|[from] brn
|upkeep
|turn|10
|j| xeshuw
|inactive|qizrad has 90 seconds left.
|
|t:|1776101709
|move|p1a: Promise|Steel Beam|p2a: Alomomola
|-resisted|p2a: Alomomola
|-crit|p2a: Alomomola
|-damage|p2a: Alomomola|72/100
|-damage|p1a: Promise|0 fnt|[from] steelbeam
|faint|p1a: Promise
|-end|p1a: Promise|Quark Drive|[silent]
|move|p2a: Alomomola|Flip Turn|p1: Promise|[notarget]
|-fail|p2a: Alomomola
|
|upkeep
|inactive|qizrad has 60 seconds left.
|
|t:|1776101757
|switch|p1a: Nocturne|Ceruledge, M|91/100
|turn|11
|
|t:|1776101761
|move|p1a: Nocturne|Swords Dance|p1a: Nocturne
|-boost|p1a: Nocturne|atk|2
|move|p2a: Alomomola|Flip Turn|p1a: Nocturne
|-supereffective|p1a: Nocturne
|-crit|p1a: Nocturne
|-damage|p1a: Nocturne|29/100
|-ability|p1a: Nocturne|Weak Armor|boost
|-unboost|p1a: Nocturne|def|1
|-boost|p1a: Nocturne|spe|2
|
|t:|1776101765
|switch|p2a: Scizor|Scizor, F|100/100|[from] Flip Turn
|-activate|p2a: Scizor|move: Sticky Web
|-unboost|p2a: Scizor|spe|1
|-damage|p2a: Scizor|88/100|[from] Stealth Rock
|
|upkeep
|turn|12
|c|☆qizrad|not the crit
|inactive|qizrad has 30 seconds left.
|
|t:|1776101805
|switch|p1a: Bewitched|Pecharunt|100/100
|-item|p1a: Bewitched|Air Balloon
|move|p2a: Scizor|Bullet Punch|p1a: Bewitched
|-damage|p1a: Bewitched|63/100
|-enditem|p1a: Bewitched|Air Balloon
|
|upkeep
|turn|13
|inactive|qizrad has 30 seconds left.
|
|t:|1776101814
|move|p2a: Scizor|Bullet Punch|p1a: Bewitched
|-damage|p1a: Bewitched|24/100
|move|p1a: Bewitched|Shadow Ball|p2a: Scizor
|-damage|p2a: Scizor|48/100
|
|upkeep
|turn|14
|
|t:|1776101820
|move|p2a: Scizor|Bullet Punch|p1a: Bewitched
|-damage|p1a: Bewitched|0 fnt
|faint|p1a: Bewitched
|
|upkeep
|
|t:|1776101829
|switch|p1a: Trouble|Kingambit, F|100/100
|-activate|p1a: Trouble|ability: Supreme Overlord
|-start|p1a: Trouble|fallen3|[silent]
|turn|15
|
|t:|1776101837
|switch|p2a: Maushold|Maushold-Four|100/100
|-activate|p2a: Maushold|move: Sticky Web
|-unboost|p2a: Maushold|spe|1
|-damage|p2a: Maushold|88/100|[from] Stealth Rock
|move|p1a: Trouble|Sucker Punch||[still]
|-fail|p1a: Trouble
|
|upkeep
|turn|16
|
|t:|1776101843
|move|p2a: Maushold|Tidy Up|p2a: Maushold
|-sideend|p2: mathismathin|Stealth Rock
|-sideend|p2: mathismathin|Sticky Web
|-activate|p2a: Maushold|move: Tidy Up
|-boost|p2a: Maushold|atk|1
|-boost|p2a: Maushold|spe|1
|move|p1a: Trouble|Kowtow Cleave|p2a: Maushold
|-damage|p2a: Maushold|0 fnt
|faint|p2a: Maushold
|
|upkeep
|
|t:|1776101849
|switch|p2a: Enamorus|Enamorus, F|100/100
|turn|17
|inactive|qizrad has 60 seconds left.
|
|t:|1776101860
|-terastallize|p2a: Enamorus|Fairy
|move|p2a: Enamorus|Moonblast|p1a: Trouble
|-damage|p1a: Trouble|0 fnt
|faint|p1a: Trouble
|-end|p1a: Trouble|fallen3|[silent]
|
|upkeep
|c|☆qizrad|gg
|c|☆mathismathin|gg
|
|t:|1776101882
|switch|p1a: Goddess|Enamorus, F|100/100
|turn|18
|
|t:|1776101887
|move|p2a: Enamorus|Moonblast|p1a: Goddess
|-crit|p1a: Goddess
|-damage|p1a: Goddess|0 fnt
|faint|p1a: Goddess
|
|upkeep
|-message|qizrad forfeited.
|
|win|mathismathin
|raw|qizrad's rating: 1729 &rarr; <strong>1714</strong><br />(-15 for losing)
|raw|mathismathin's rating: 1811 &rarr; <strong>1826</strong><br />(+15 for winning)
|l|☆qizrad
|player|p1|
|l| Metallic Symphony
|l|☆mathismathin
|player|p2|
