|html|<div class="broadcast-blue"><strong>[Gen 9] OU is currently suspecting Tera Blast! For information on how to participate check out the <a href="https://www.smogon.com/tools/suspects/view/200">suspect thread</a>.</strong></div>
|j|☆Fermin59
|j|☆Birbuniltled
|t:|1776036516
|gametype|singles
|player|p1|Fermin59|lucas|1057
|player|p2|Birbuniltled|266|1000
|gen|9
|tier|[Gen 9] OU
|rated|
|rule|HP Percentage Mod: HP is shown in percentages
|rule|Endless Battle Clause: Forcing endless battles is banned
|rule|Species Clause: Limit one of each Pokémon
|rule|OHKO Clause: OHKO moves are banned
|rule|Evasion Items Clause: Evasion items are banned
|rule|Evasion Moves Clause: Evasion moves are banned
|rule|Evasion Abilities Clause: Evasion abilities are banned
|rule|Sleep Moves Clause: Sleep-inducing moves are banned
|clearpoke
|poke|p1|Ribombee, F|
|poke|p1|Scizor, M|
|poke|p1|Heracross, M|
|poke|p1|Vikavolt, F|
|poke|p1|Forretress, M|
|poke|p1|Araquanid, F|
|poke|p2|Braviary-Hisui, M|
|poke|p2|Mandibuzz, F|
|poke|p2|Oricorio-Sensu, F|
|poke|p2|Vespiquen, F|
|poke|p2|Swanna, F|
|poke|p2|Jumpluff, M|
|teampreview
|inactive|Battle timer is ON: inactive players will automatically lose when time's up. (requested by Birbuniltled)
|
|t:|1776036523
|teamsize|p1|6
|teamsize|p2|6
|start
|switch|p1a: Ribombee|Ribombee, F|100/100
|switch|p2a: Vespiquen|Vespiquen, F|100/100
|-ability|p2a: Vespiquen|Unnerve
|turn|1
|
|t:|1776036536
|move|p1a: Ribombee|Sticky Web|p2a: Vespiquen
|-sidestart|p2: Birbuniltled|move: Sticky Web
|move|p2a: Vespiquen|Toxic|p1a: Ribombee
|-status|p1a: Ribombee|tox
|
|-damage|p1a: Ribombee|94/100 tox|[from] psn
|upkeep
|turn|2
|
|t:|1776036544
|switch|p1a: Heracross|Heracross, M|100/100
|move|p2a: Vespiquen|Toxic Spikes|p1a: Heracross
|-sidestart|p1: Fermin59|move: Toxic Spikes
|
|upkeep
|turn|3
|
|t:|1776036551
|move|p1a: Heracross|Stone Edge|p2a: Vespiquen
|-supereffective|p2a: Vespiquen
|-crit|p2a: Vespiquen
|-enditem|p2a: Vespiquen|Focus Sash
|-damage|p2a: Vespiquen|1/100
|move|p2a: Vespiquen|Spikes|p1a: Heracross
|-sidestart|p1: Fermin59|Spikes
|
|upkeep
|turn|4
|
|t:|1776036560
|move|p1a: Heracross|Stone Edge|p2a: Vespiquen
|-supereffective|p2a: Vespiquen
|-crit|p2a: Vespiquen
|-damage|p2a: Vespiquen|0 fnt
|faint|p2a: Vespiquen
|
|upkeep
|
|t:|1776036567
|switch|p2a: Swanna|Swanna, F, shiny|100/100
|turn|5
|
|t:|1776036575
|switch|p1a: Forretress|Forretress, M, shiny|100/100
|-damage|p1a: Forretress|88/100|[from] Spikes
|move|p2a: Swanna|Tailwind|p2a: Swanna
|-sidestart|p2: Birbuniltled|move: Tailwind
|
|-heal|p1a: Forretress|94/100|[from] item: Leftovers
|upkeep
|turn|6
|
|t:|1776036590
|move|p2a: Swanna|Chilling Water|p1a: Forretress
|-damage|p1a: Forretress|71/100
|-unboost|p1a: Forretress|atk|1
|move|p1a: Forretress|Rapid Spin|p2a: Swanna
|-damage|p2a: Swanna|91/100
|-boost|p1a: Forretress|spe|1
|-sideend|p1: Fermin59|Spikes|[from] move: Rapid Spin|[of] p1a: Forretress
|-sideend|p1: Fermin59|Toxic Spikes|[from] move: Rapid Spin|[of] p1a: Forretress
|
|-heal|p1a: Forretress|77/100|[from] item: Leftovers
|upkeep
|turn|7
|
|t:|1776036606
|move|p2a: Swanna|Defog|p1a: Forretress
|-unboost|p1a: Forretress|evasion|1
|-sideend|p2: Birbuniltled|Sticky Web|[from] move: Defog|[of] p2a: Swanna
|move|p1a: Forretress|Volt Switch|p2a: Swanna
|-supereffective|p2a: Swanna
|-damage|p2a: Swanna|49/100
|-enditem|p2a: Swanna|Maranga Berry|[eat]
|-boost|p2a: Swanna|spd|1|[from] item: Maranga Berry
|
|t:|1776036614
|switch|p1a: Vikavolt|Vikavolt, F, shiny|100/100|[from] Volt Switch
|
|upkeep
|turn|8
|
|t:|1776036624
|-terastallize|p2a: Swanna|Ice
|move|p2a: Swanna|Ice Beam|p1a: Vikavolt
|-damage|p1a: Vikavolt|59/100
|move|p1a: Vikavolt|Thunderbolt|p2a: Swanna
|-damage|p2a: Swanna|12/100
|-status|p2a: Swanna|par
|
|-sideend|p2: Birbuniltled|move: Tailwind
|upkeep
|turn|9
|
|t:|1776036635
|move|p1a: Vikavolt|Bug Buzz|p2a: Swanna
|-crit|p2a: Swanna
|-damage|p2a: Swanna|0 fnt
|faint|p2a: Swanna
|
|upkeep
|
|t:|1776036647
|switch|p2a: Oricorio|Oricorio-Sensu, F|100/100
|turn|10
|
|t:|1776036661
|move|p2a: Oricorio|Tera Blast|p1a: Vikavolt
|-damage|p1a: Vikavolt|35/100
|move|p1a: Vikavolt|Thunderbolt|p2a: Oricorio
|-supereffective|p2a: Oricorio
|-damage|p2a: Oricorio|0 fnt
|faint|p2a: Oricorio
|
|upkeep
|
|t:|1776036669
|switch|p2a: Mandibuzz|Mandibuzz, F|100/100
|turn|11
|
|t:|1776036675
|move|p2a: Mandibuzz|Knock Off|p1a: Vikavolt
|-damage|p1a: Vikavolt|0 fnt
|-enditem|p1a: Vikavolt|Heavy-Duty Boots|[from] move: Knock Off|[of] p2a: Mandibuzz
|faint|p1a: Vikavolt
|
|upkeep
|
|t:|1776036693
|switch|p1a: Scyth3r|Scizor, M, shiny|100/100
|turn|12
|
|t:|1776036699
|move|p1a: Scyth3r|Bullet Punch|p2a: Mandibuzz
|-damage|p2a: Mandibuzz|58/100
|move|p2a: Mandibuzz|Knock Off|p1a: Scyth3r
|-damage|p1a: Scyth3r|62/100
|-enditem|p1a: Scyth3r|Choice Band|[from] move: Knock Off|[of] p2a: Mandibuzz
|
|-heal|p2a: Mandibuzz|64/100|[from] item: Leftovers
|upkeep
|turn|13
|
|t:|1776036712
|move|p1a: Scyth3r|Bullet Punch|p2a: Mandibuzz
|-damage|p2a: Mandibuzz|35/100
|move|p2a: Mandibuzz|Brave Bird|p1a: Scyth3r
|-damage|p1a: Scyth3r|16/100
|-damage|p2a: Mandibuzz|23/100|[from] Recoil
|
|-heal|p2a: Mandibuzz|29/100|[from] item: Leftovers
|upkeep
|turn|14
|
|t:|1776036721
|move|p1a: Scyth3r|Bullet Punch|p2a: Mandibuzz
|-damage|p2a: Mandibuzz|3/100
|move|p2a: Mandibuzz|Roost|p2a: Mandibuzz
|-heal|p2a: Mandibuzz|53/100
|-singleturn|p2a: Mandibuzz|move: Roost
|
|-heal|p2a: Mandibuzz|59/100|[from] item: Leftovers
|upkeep
|turn|15
|
|t:|1776036731
|move|p1a: Scyth3r|Bullet Punch|p2a: Mandibuzz
|-damage|p2a: Mandibuzz|34/100
|move|p2a: Mandibuzz|Roost|p2a: Mandibuzz
|-heal|p2a: Mandibuzz|84/100
|-singleturn|p2a: Mandibuzz|move: Roost
|
|-heal|p2a: Mandibuzz|91/100|[from] item: Leftovers
|upkeep
|turn|16
|
|t:|1776036751
|move|p2a: Mandibuzz|Knock Off|p1a: Scyth3r
|-damage|p1a: Scyth3r|0 fnt
|faint|p1a: Scyth3r
|
|-heal|p2a: Mandibuzz|97/100|[from] item: Leftovers
|upkeep
|
|t:|1776036757
|switch|p1a: Heracross|Heracross, M|100/100
|turn|17
|
|t:|1776036766
|move|p1a: Heracross|Stone Edge|p2a: Mandibuzz
|-supereffective|p2a: Mandibuzz
|-damage|p2a: Mandibuzz|43/100
|move|p2a: Mandibuzz|Brave Bird|p1a: Heracross
|-supereffective|p1a: Heracross
|-damage|p1a: Heracross|0 fnt
|faint|p1a: Heracross
|-damage|p2a: Mandibuzz|20/100|[from] Recoil
|
|-heal|p2a: Mandibuzz|26/100|[from] item: Leftovers
|upkeep
|
|t:|1776036777
|switch|p1a: Ribombee|Ribombee, F|94/100 tox
|turn|18
|
|t:|1776036781
|move|p1a: Ribombee|Moonblast|p2a: Mandibuzz
|-supereffective|p2a: Mandibuzz
|-damage|p2a: Mandibuzz|0 fnt
|faint|p2a: Mandibuzz
|
|-damage|p1a: Ribombee|88/100 tox|[from] psn
|upkeep
|
|t:|1776036789
|switch|p2a: Braviary|Braviary-Hisui, M, shiny|100/100
|turn|19
|
|t:|1776036797
|move|p1a: Ribombee|Moonblast|p2a: Braviary
|-crit|p2a: Braviary
|-damage|p2a: Braviary|53/100
|-unboost|p2a: Braviary|spa|1
|move|p2a: Braviary|Air Slash|p1a: Ribombee|[miss]
|-miss|p2a: Braviary|p1a: Ribombee
|
|-damage|p1a: Ribombee|76/100 tox|[from] psn
|upkeep
|turn|20
|
|t:|1776036816
|move|p1a: Ribombee|Stun Spore|p2a: Braviary
|-status|p2a: Braviary|par
|cant|p2a: Braviary|par
|
|-damage|p1a: Ribombee|58/100 tox|[from] psn
|upkeep
|turn|21
|
|t:|1776036824
|switch|p1a: Araquanid|Araquanid, F|100/100
|move|p2a: Braviary|Air Slash|p1a: Araquanid|[miss]
|-miss|p2a: Braviary|p1a: Araquanid
|
|upkeep
|turn|22
|
|t:|1776036832
|move|p2a: Braviary|Air Slash|p1a: Araquanid
|-supereffective|p1a: Araquanid
|-damage|p1a: Araquanid|73/100
|move|p1a: Araquanid|Crunch|p2a: Braviary
|-supereffective|p2a: Braviary
|-damage|p2a: Braviary|0 fnt
|faint|p2a: Braviary
|
|upkeep
|
|t:|1776036840
|switch|p2a: Jumpluff|Jumpluff, M|100/100
|turn|23
|
|t:|1776036845
|move|p2a: Jumpluff|Giga Drain|p1a: Araquanid
|-crit|p1a: Araquanid
|-damage|p1a: Araquanid|47/100
|-damage|p2a: Jumpluff|91/100|[from] item: Life Orb
|move|p1a: Araquanid|Leech Life|p2a: Jumpluff
|-damage|p2a: Jumpluff|41/100
|-heal|p1a: Araquanid|68/100|[from] drain|[of] p2a: Jumpluff
|
|upkeep
|turn|24
|c|☆Fermin59|Mono bug vs mono flying
|c|☆Fermin59|Didn't expect me winning
|
|t:|1776036874
|move|p2a: Jumpluff|Giga Drain|p1a: Araquanid
|-damage|p1a: Araquanid|49/100
|-heal|p2a: Jumpluff|52/100|[from] drain|[of] p1a: Araquanid
|-damage|p2a: Jumpluff|42/100|[from] item: Life Orb
|move|p1a: Araquanid|Leech Life|p2a: Jumpluff
|-damage|p2a: Jumpluff|0 fnt
|-heal|p1a: Araquanid|67/100|[from] drain|[of] p2a: Jumpluff
|faint|p2a: Jumpluff
|
|win|Fermin59
|raw|Fermin59's rating: 1057 &rarr; <strong>1083</strong><br />(+26 for winning)
|raw|Birbuniltled's rating: 1000 &rarr; <strong>1000</strong><br />(+0 for losing)
|c|☆Fermin59|ggs <3
|l|☆Birbuniltled
|player|p2|
|c|☆Fermin59|Respect u for all the efforts of using a monotype team
