|html|<div class="broadcast-blue"><strong>[Gen 9] OU is currently suspecting Tera Blast! For information on how to participate check out the <a href="https://www.smogon.com/tools/suspects/view/200">suspect thread</a>.</strong></div>
|badge|p1|bronze|gen9ou|100-9
|uhtml|medal-msg|<div class="broadcast-blue">Curious what those medals under the avatar are? PS now has Ladder Seasons! For more information, check out the <a href="https://www.smogon.com/forums/threads/3740067/">thread on Smogon.</a></div>
|j|☆Ctannn
|j|☆miaoTV-青
|t:|1776068646
|gametype|singles
|player|p1|Ctannn|1|1872
|player|p2|miaoTV-青|elesa|1829
|gen|9
|tier|[Gen 9] OU
|rated|
|rule|HP Percentage Mod: HP is shown in percentages
|rule|Endless Battle Clause: Forcing endless battles is banned
|rule|Species Clause: Limit one of each Pokémon
|rule|OHKO Clause: OHKO moves are banned
|rule|Evasion Items Clause: Evasion items are banned
|rule|Evasion Moves Clause: Evasion moves are banned
|rule|Evasion Abilities Clause: Evasion abilities are banned
|rule|Sleep Moves Clause: Sleep-inducing moves are banned
|clearpoke
|poke|p1|Rillaboom, M|
|poke|p1|Garganacl, M|
|poke|p1|Cinderace, F|
|poke|p1|Raging Bolt|
|poke|p1|Slowking-Galar, M|
|poke|p1|Landorus-Therian, M|
|poke|p2|Ogerpon-Wellspring, F|
|poke|p2|Dondozo, M|
|poke|p2|Cinderace, M|
|poke|p2|Landorus-Therian, M|
|poke|p2|Slowking-Galar, L99, M|
|poke|p2|Tyranitar, F|
|teampreview
|inactive|Battle timer is ON: inactive players will automatically lose when time's up. (requested by Ctannn)
|inactive|miaoTV-青 also wants the timer to be on.
|
|t:|1776068664
|teamsize|p1|6
|teamsize|p2|6
|start
|switch|p1a: Landorus|Landorus-Therian, M|100/100
|switch|p2a: 庆丰帝|Slowking-Galar, L99, M, shiny|100/100
|-ability|p1a: Landorus|Intimidate|boost
|-unboost|p2a: 庆丰帝|atk|1
|turn|1
|c|☆miaoTV-青|hi
|
|t:|1776068671
|move|p1a: Landorus|Earthquake|p2a: 庆丰帝
|-supereffective|p2a: 庆丰帝
|-damage|p2a: 庆丰帝|29/100
|move|p2a: 庆丰帝|Ice Beam|p1a: Landorus
|-supereffective|p1a: Landorus
|-damage|p1a: Landorus|0 fnt
|faint|p1a: Landorus
|
|upkeep
|
|t:|1776068677
|switch|p1a: Rillaboom|Rillaboom, M|100/100
|-fieldstart|move: Grassy Terrain|[from] ability: Grassy Surge|[of] p1a: Rillaboom
|turn|2
|
|t:|1776068682
|switch|p2a: 红小将|Cinderace, M|100/100
|move|p1a: Rillaboom|Swords Dance|p1a: Rillaboom
|-boost|p1a: Rillaboom|atk|2
|
|upkeep
|turn|3
|
|t:|1776068702
|move|p2a: 红小将|Pyro Ball|p1a: Rillaboom
|-supereffective|p1a: Rillaboom
|-damage|p1a: Rillaboom|0 fnt
|faint|p1a: Rillaboom
|
|upkeep
|inactive|Ctannn has 120 seconds left.
|
|t:|1776068732
|switch|p1a: Raging Bolt|Raging Bolt|100/100
|turn|4
|
|t:|1776068744
|move|p2a: 红小将|U-turn|p1a: Raging Bolt
|-start|p2a: 红小将|typechange|Bug|[from] ability: Libero
|-damage|p1a: Raging Bolt|65/100
|
|t:|1776068746
|switch|p2a: 毛腊肉|Tyranitar, F|100/100|[from] U-turn
|-weather|Sandstorm|[from] ability: Sand Stream|[of] p2a: 毛腊肉
|move|p1a: Raging Bolt|Thunderbolt|p2a: 毛腊肉
|-damage|p2a: 毛腊肉|80/100
|
|-weather|Sandstorm|[upkeep]
|-damage|p1a: Raging Bolt|59/100|[from] Sandstorm
|-heal|p1a: Raging Bolt|65/100|[from] Grassy Terrain
|-heal|p2a: 毛腊肉|86/100|[from] Grassy Terrain
|upkeep
|turn|5
|
|t:|1776068755
|move|p1a: Raging Bolt|Thunderbolt|p2a: 毛腊肉
|-damage|p2a: 毛腊肉|64/100
|move|p2a: 毛腊肉|Knock Off|p1a: Raging Bolt
|-crit|p1a: Raging Bolt
|-damage|p1a: Raging Bolt|14/100
|-enditem|p1a: Raging Bolt|Heavy-Duty Boots|[from] move: Knock Off|[of] p2a: 毛腊肉
|
|-weather|Sandstorm|[upkeep]
|-damage|p1a: Raging Bolt|8/100|[from] Sandstorm
|-heal|p1a: Raging Bolt|14/100|[from] Grassy Terrain
|-heal|p2a: 毛腊肉|70/100|[from] Grassy Terrain
|upkeep
|turn|6
|
|t:|1776068759
|move|p1a: Raging Bolt|Thunderbolt|p2a: 毛腊肉
|-damage|p2a: 毛腊肉|49/100
|move|p2a: 毛腊肉|Ice Beam|p1a: Raging Bolt
|-supereffective|p1a: Raging Bolt
|-damage|p1a: Raging Bolt|0 fnt
|faint|p1a: Raging Bolt
|-end|p1a: Raging Bolt|Protosynthesis|[silent]
|
|-weather|Sandstorm|[upkeep]
|-heal|p2a: 毛腊肉|56/100|[from] Grassy Terrain
|-fieldend|move: Grassy Terrain
|upkeep
|
|t:|1776068764
|switch|p1a: Cinderace|Cinderace, F|100/100
|turn|7
|
|t:|1776068768
|switch|p2a: 庆丰帝|Slowking-Galar, L99, M, shiny|63/100
|move|p1a: Cinderace|U-turn|p2a: 庆丰帝
|-start|p1a: Cinderace|typechange|Bug|[from] ability: Libero
|-damage|p2a: 庆丰帝|38/100
|-damage|p1a: Cinderace|84/100|[from] item: Rocky Helmet|[of] p2a: 庆丰帝
|
|t:|1776068771
|switch|p1a: Garganacl|Garganacl, M|100/100|[from] U-turn
|
|-weather|Sandstorm|[upkeep]
|-damage|p2a: 庆丰帝|32/100|[from] Sandstorm
|upkeep
|turn|8
|
|t:|1776068775
|move|p1a: Garganacl|Curse|p1a: Garganacl
|-unboost|p1a: Garganacl|spe|1
|-boost|p1a: Garganacl|atk|1
|-boost|p1a: Garganacl|def|1
|-prepare|p2a: 庆丰帝|Chilly Reception|[premajor]
|move|p2a: 庆丰帝|Chilly Reception|p2a: 庆丰帝
|-weather|Snowscape
|
|t:|1776068780
|switch|p2a: 毛腊肉|Tyranitar, F|56/100|[from] Chilly Reception
|-weather|Sandstorm|[from] ability: Sand Stream|[of] p2a: 毛腊肉
|
|-weather|Sandstorm|[upkeep]
|upkeep
|turn|9
|
|t:|1776068783
|move|p2a: 毛腊肉|Knock Off|p1a: Garganacl
|-damage|p1a: Garganacl|83/100
|-enditem|p1a: Garganacl|Leftovers|[from] move: Knock Off|[of] p2a: 毛腊肉
|move|p1a: Garganacl|Curse|p1a: Garganacl
|-unboost|p1a: Garganacl|spe|1
|-boost|p1a: Garganacl|atk|1
|-boost|p1a: Garganacl|def|1
|
|-weather|Sandstorm|[upkeep]
|upkeep
|turn|10
|
|t:|1776068787
|move|p2a: 毛腊肉|Earth Power|p1a: Garganacl
|-supereffective|p1a: Garganacl
|-damage|p1a: Garganacl|59/100
|move|p1a: Garganacl|Curse|p1a: Garganacl
|-unboost|p1a: Garganacl|spe|1
|-boost|p1a: Garganacl|atk|1
|-boost|p1a: Garganacl|def|1
|
|-weather|Sandstorm|[upkeep]
|upkeep
|turn|11
|
|t:|1776068792
|move|p2a: 毛腊肉|Earth Power|p1a: Garganacl
|-supereffective|p1a: Garganacl
|-damage|p1a: Garganacl|34/100
|move|p1a: Garganacl|Recover|p1a: Garganacl
|-heal|p1a: Garganacl|84/100
|
|-weather|Sandstorm|[upkeep]
|upkeep
|turn|12
|
|t:|1776068796
|move|p2a: 毛腊肉|Earth Power|p1a: Garganacl
|-supereffective|p1a: Garganacl
|-damage|p1a: Garganacl|59/100
|move|p1a: Garganacl|Salt Cure|p2a: 毛腊肉
|-damage|p2a: 毛腊肉|26/100
|-start|p2a: 毛腊肉|Salt Cure
|
|-weather|none
|-damage|p2a: 毛腊肉|14/100|[from] Salt Cure
|upkeep
|turn|13
|j| Metallic Symphony
|l| Metallic Symphony
|
|t:|1776068806
|switch|p2a: 庆丰帝|Slowking-Galar, L99, M, shiny|66/100
|move|p1a: Garganacl|Recover|p1a: Garganacl
|-heal|p1a: Garganacl|100/100
|
|upkeep
|turn|14
|
|t:|1776068808
|move|p2a: 庆丰帝|Eerie Spell|p1a: Garganacl
|-damage|p1a: Garganacl|79/100
|-activate|p1a: Garganacl|move: Eerie Spell|Recover|3
|move|p1a: Garganacl|Curse|p1a: Garganacl
|-unboost|p1a: Garganacl|spe|1
|-boost|p1a: Garganacl|atk|1
|-boost|p1a: Garganacl|def|1
|
|upkeep
|turn|15
|
|t:|1776068815
|move|p2a: 庆丰帝|Eerie Spell|p1a: Garganacl
|-damage|p1a: Garganacl|61/100
|-activate|p1a: Garganacl|move: Eerie Spell|Curse|3
|move|p1a: Garganacl|Salt Cure|p2a: 庆丰帝
|-damage|p2a: 庆丰帝|34/100
|-start|p2a: 庆丰帝|Salt Cure
|
|-damage|p2a: 庆丰帝|22/100|[from] Salt Cure
|upkeep
|turn|16
|
|t:|1776068818
|-prepare|p2a: 庆丰帝|Chilly Reception|[premajor]
|move|p2a: 庆丰帝|Chilly Reception|p2a: 庆丰帝
|-weather|Snowscape
|
|t:|1776068822
|switch|p2a: 毛腊肉|Tyranitar, F|14/100|[from] Chilly Reception
|-weather|Sandstorm|[from] ability: Sand Stream|[of] p2a: 毛腊肉
|move|p1a: Garganacl|Salt Cure|p2a: 毛腊肉
|-damage|p2a: 毛腊肉|0 fnt
|faint|p2a: 毛腊肉
|
|-weather|Sandstorm|[upkeep]
|upkeep
|
|t:|1776068829
|switch|p2a: 林统帅(未坠机版)|Landorus-Therian, M|100/100
|-ability|p2a: 林统帅(未坠机版)|Intimidate|boost
|-unboost|p1a: Garganacl|atk|1
|turn|17
|
|t:|1776068835
|move|p2a: 林统帅(未坠机版)|U-turn|p1a: Garganacl
|-damage|p1a: Garganacl|54/100
|
|t:|1776068837
|switch|p2a: 庆丰帝|Slowking-Galar, L99, M, shiny|55/100|[from] U-turn
|move|p1a: Garganacl|Salt Cure|p2a: 庆丰帝
|-damage|p2a: 庆丰帝|30/100
|-start|p2a: 庆丰帝|Salt Cure
|
|-weather|Sandstorm|[upkeep]
|-damage|p2a: 庆丰帝|24/100|[from] Sandstorm
|-damage|p2a: 庆丰帝|11/100|[from] Salt Cure
|upkeep
|turn|18
|
|t:|1776068843
|move|p1a: Garganacl|Protect|p1a: Garganacl
|-singleturn|p1a: Garganacl|Protect
|-prepare|p2a: 庆丰帝|Chilly Reception|[premajor]
|move|p2a: 庆丰帝|Chilly Reception|p2a: 庆丰帝
|-weather|Snowscape
|
|t:|1776068849
|switch|p2a: 江母狗|Ogerpon-Wellspring, F|100/100|[from] Chilly Reception
|
|-weather|Snowscape|[upkeep]
|upkeep
|turn|19
|
|t:|1776068851
|move|p2a: 江母狗|U-turn|p1a: Garganacl
|-damage|p1a: Garganacl|49/100
|
|t:|1776068853
|switch|p2a: 庆丰帝|Slowking-Galar, L99, M, shiny|45/100|[from] U-turn
|move|p1a: Garganacl|Salt Cure|p2a: 庆丰帝
|-damage|p2a: 庆丰帝|17/100
|-start|p2a: 庆丰帝|Salt Cure
|
|-weather|Snowscape|[upkeep]
|-damage|p2a: 庆丰帝|5/100|[from] Salt Cure
|upkeep
|turn|20
|
|t:|1776068858
|-prepare|p2a: 庆丰帝|Chilly Reception|[premajor]
|move|p2a: 庆丰帝|Chilly Reception|p2a: 庆丰帝
|
|t:|1776068861
|switch|p2a: 林统帅(未坠机版)|Landorus-Therian, M|100/100|[from] Chilly Reception
|-ability|p2a: 林统帅(未坠机版)|Intimidate|boost
|-unboost|p1a: Garganacl|atk|1
|move|p1a: Garganacl|Curse|p1a: Garganacl
|-unboost|p1a: Garganacl|spe|1
|-boost|p1a: Garganacl|atk|1
|-boost|p1a: Garganacl|def|1
|
|-weather|Snowscape|[upkeep]
|upkeep
|turn|21
|
|t:|1776068865
|move|p2a: 林统帅(未坠机版)|U-turn|p1a: Garganacl
|-damage|p1a: Garganacl|43/100
|
|t:|1776068870
|switch|p2a: 庆丰帝|Slowking-Galar, L99, M, shiny|38/100|[from] U-turn
|move|p1a: Garganacl|Salt Cure|p2a: 庆丰帝
|-damage|p2a: 庆丰帝|11/100
|-start|p2a: 庆丰帝|Salt Cure
|
|-weather|Snowscape|[upkeep]
|-damage|p2a: 庆丰帝|0 fnt|[from] Salt Cure
|faint|p2a: 庆丰帝
|upkeep
|
|t:|1776068885
|switch|p2a: 林统帅(未坠机版)|Landorus-Therian, M|100/100
|-ability|p2a: 林统帅(未坠机版)|Intimidate|boost
|-unboost|p1a: Garganacl|atk|1
|turn|22
|
|t:|1776068892
|move|p2a: 林统帅(未坠机版)|Earthquake|p1a: Garganacl
|-supereffective|p1a: Garganacl
|-damage|p1a: Garganacl|19/100
|move|p1a: Garganacl|Recover|p1a: Garganacl
|-heal|p1a: Garganacl|69/100
|
|-weather|none
|upkeep
|turn|23
|
|t:|1776068899
|-terastallize|p2a: 林统帅(未坠机版)|Ground
|-terastallize|p1a: Garganacl|Water
|move|p2a: 林统帅(未坠机版)|Earthquake|p1a: Garganacl
|-damage|p1a: Garganacl|55/100
|move|p1a: Garganacl|Curse|p1a: Garganacl
|-unboost|p1a: Garganacl|spe|1
|-boost|p1a: Garganacl|atk|1
|-boost|p1a: Garganacl|def|1
|
|upkeep
|turn|24
|
|t:|1776068904
|move|p2a: 林统帅(未坠机版)|Earthquake|p1a: Garganacl
|-damage|p1a: Garganacl|44/100
|move|p1a: Garganacl|Salt Cure|p2a: 林统帅(未坠机版)
|-resisted|p2a: 林统帅(未坠机版)
|-damage|p2a: 林统帅(未坠机版)|82/100
|-start|p2a: 林统帅(未坠机版)|Salt Cure
|
|-damage|p2a: 林统帅(未坠机版)|69/100|[from] Salt Cure
|upkeep
|turn|25
|
|t:|1776068911
|switch|p2a: 江母狗|Ogerpon-Wellspring, F|100/100
|move|p1a: Garganacl|Protect||[still]
|-fail|p1a: Garganacl
|
|upkeep
|turn|26
|
|t:|1776068919
|move|p2a: 江母狗|Swords Dance|p2a: 江母狗
|-boost|p2a: 江母狗|atk|2
|move|p1a: Garganacl|Salt Cure|p2a: 江母狗
|-damage|p2a: 江母狗|58/100
|-start|p2a: 江母狗|Salt Cure
|
|-damage|p2a: 江母狗|34/100|[from] Salt Cure
|upkeep
|turn|27
|
|t:|1776068925
|move|p1a: Garganacl|Protect|p1a: Garganacl
|-singleturn|p1a: Garganacl|Protect
|move|p2a: 江母狗|Horn Leech|p1a: Garganacl
|-activate|p1a: Garganacl|move: Protect
|
|-damage|p2a: 江母狗|9/100|[from] Salt Cure
|upkeep
|turn|28
|
|t:|1776068927
|move|p2a: 江母狗|Horn Leech|p1a: Garganacl
|-supereffective|p1a: Garganacl
|-damage|p1a: Garganacl|10/100
|-heal|p2a: 江母狗|31/100|[from] drain|[of] p1a: Garganacl
|move|p1a: Garganacl|Recover|p1a: Garganacl
|-heal|p1a: Garganacl|60/100
|
|-damage|p2a: 江母狗|6/100|[from] Salt Cure
|upkeep
|turn|29
|
|t:|1776068936
|switch|p2a: 林统帅(未坠机版)|Landorus-Therian, M, tera:Ground|69/100
|-ability|p2a: 林统帅(未坠机版)|Intimidate|boost
|-unboost|p1a: Garganacl|atk|1
|move|p1a: Garganacl|Protect||[still]
|-fail|p1a: Garganacl
|
|upkeep
|turn|30
|
|t:|1776068943
|move|p2a: 林统帅(未坠机版)|U-turn|p1a: Garganacl
|-damage|p1a: Garganacl|56/100
|
|t:|1776068945
|switch|p2a: 水晶棺|Dondozo, M|100/100|[from] U-turn
|move|p1a: Garganacl|Salt Cure|p2a: 水晶棺
|-damage|p2a: 水晶棺|94/100
|-start|p2a: 水晶棺|Salt Cure
|
|-damage|p2a: 水晶棺|69/100|[from] Salt Cure
|upkeep
|turn|31
|
|t:|1776068950
|move|p2a: 水晶棺|Body Press|p1a: Garganacl
|-damage|p1a: Garganacl|37/100
|move|p1a: Garganacl|Curse|p1a: Garganacl
|-boost|p1a: Garganacl|atk|1
|
|-damage|p2a: 水晶棺|44/100|[from] Salt Cure
|upkeep
|turn|32
|
|t:|1776068957
|move|p2a: 水晶棺|Rest|p2a: 水晶棺
|-status|p2a: 水晶棺|slp|[from] move: Rest
|-heal|p2a: 水晶棺|100/100 slp|[silent]
|-enditem|p2a: 水晶棺|Chesto Berry|[eat]
|-curestatus|p2a: 水晶棺|slp|[msg]
|move|p1a: Garganacl|Recover|p1a: Garganacl
|-heal|p1a: Garganacl|87/100
|
|-damage|p2a: 水晶棺|75/100|[from] Salt Cure
|upkeep
|turn|33
|
|t:|1776068965
|switch|p2a: 林统帅(未坠机版)|Landorus-Therian, M, tera:Ground|69/100
|-ability|p2a: 林统帅(未坠机版)|Intimidate|boost
|-unboost|p1a: Garganacl|atk|1
|move|p1a: Garganacl|Protect||[still]
|-fail|p1a: Garganacl
|
|upkeep
|turn|34
|
|t:|1776068969
|move|p1a: Garganacl|Protect|p1a: Garganacl
|-singleturn|p1a: Garganacl|Protect
|move|p2a: 林统帅(未坠机版)|U-turn|p1a: Garganacl
|-activate|p1a: Garganacl|move: Protect
|
|upkeep
|turn|35
|
|t:|1776068973
|move|p2a: 林统帅(未坠机版)|U-turn|p1a: Garganacl
|-damage|p1a: Garganacl|82/100
|
|t:|1776068979
|switch|p2a: 水晶棺|Dondozo, M|75/100|[from] U-turn
|move|p1a: Garganacl|Salt Cure|p2a: 水晶棺
|-damage|p2a: 水晶棺|69/100
|-start|p2a: 水晶棺|Salt Cure
|
|-damage|p2a: 水晶棺|44/100|[from] Salt Cure
|upkeep
|turn|36
|
|t:|1776068988
|move|p2a: 水晶棺|Body Press|p1a: Garganacl
|-damage|p1a: Garganacl|63/100
|move|p1a: Garganacl|Curse|p1a: Garganacl
|-boost|p1a: Garganacl|atk|1
|
|-damage|p2a: 水晶棺|19/100|[from] Salt Cure
|upkeep
|turn|37
|
|t:|1776068991
|move|p2a: 水晶棺|Rest|p2a: 水晶棺
|-status|p2a: 水晶棺|slp|[from] move: Rest
|-heal|p2a: 水晶棺|100/100 slp|[silent]
|move|p1a: Garganacl|Curse|p1a: Garganacl
|-boost|p1a: Garganacl|atk|1
|
|-damage|p2a: 水晶棺|75/100 slp|[from] Salt Cure
|upkeep
|turn|38
|
|t:|1776068995
|switch|p2a: 红小将|Cinderace, M|100/100
|move|p1a: Garganacl|Salt Cure|p2a: 红小将
|-supereffective|p2a: 红小将
|-damage|p2a: 红小将|0 fnt
|faint|p2a: 红小将
|
|upkeep
|
|t:|1776068998
|switch|p2a: 江母狗|Ogerpon-Wellspring, F|6/100
|turn|39
|
|t:|1776069003
|move|p2a: 江母狗|Horn Leech|p1a: Garganacl
|-supereffective|p1a: Garganacl
|-damage|p1a: Garganacl|48/100
|-heal|p2a: 江母狗|16/100|[from] drain|[of] p1a: Garganacl
|move|p1a: Garganacl|Salt Cure|p2a: 江母狗
|-damage|p2a: 江母狗|0 fnt
|faint|p2a: 江母狗
|
|upkeep
|
|t:|1776069007
|switch|p2a: 林统帅(未坠机版)|Landorus-Therian, M, tera:Ground|69/100
|-ability|p2a: 林统帅(未坠机版)|Intimidate|boost
|-unboost|p1a: Garganacl|atk|1
|turn|40
|
|t:|1776069013
|move|p2a: 林统帅(未坠机版)|Earthquake|p1a: Garganacl
|-damage|p1a: Garganacl|36/100
|move|p1a: Garganacl|Salt Cure|p2a: 林统帅(未坠机版)
|-resisted|p2a: 林统帅(未坠机版)
|-damage|p2a: 林统帅(未坠机版)|51/100
|-start|p2a: 林统帅(未坠机版)|Salt Cure
|
|-damage|p2a: 林统帅(未坠机版)|38/100|[from] Salt Cure
|upkeep
|turn|41
|
|t:|1776069016
|switch|p2a: 水晶棺|Dondozo, M|75/100 slp
|move|p1a: Garganacl|Salt Cure|p2a: 水晶棺
|-damage|p2a: 水晶棺|69/100 slp
|-start|p2a: 水晶棺|Salt Cure
|
|-damage|p2a: 水晶棺|44/100 slp|[from] Salt Cure
|upkeep
|turn|42
|
|t:|1776069022
|cant|p2a: 水晶棺|slp
|move|p1a: Garganacl|Salt Cure|p2a: 水晶棺
|-damage|p2a: 水晶棺|37/100 slp
|
|-damage|p2a: 水晶棺|12/100 slp|[from] Salt Cure
|upkeep
|turn|43
|
|t:|1776069028
|cant|p2a: 水晶棺|slp
|move|p1a: Garganacl|Salt Cure|p2a: 水晶棺
|-damage|p2a: 水晶棺|6/100 slp
|
|-damage|p2a: 水晶棺|0 fnt|[from] Salt Cure
|faint|p2a: 水晶棺
|upkeep
|
|t:|1776069030
|switch|p2a: 林统帅(未坠机版)|Landorus-Therian, M, tera:Ground|38/100
|-ability|p2a: 林统帅(未坠机版)|Intimidate|boost
|-unboost|p1a: Garganacl|atk|1
|turn|44
|
|t:|1776069033
|move|p2a: 林统帅(未坠机版)|Earthquake|p1a: Garganacl
|-damage|p1a: Garganacl|23/100
|move|p1a: Garganacl|Salt Cure|p2a: 林统帅(未坠机版)
|-resisted|p2a: 林统帅(未坠机版)
|-damage|p2a: 林统帅(未坠机版)|22/100
|-start|p2a: 林统帅(未坠机版)|Salt Cure
|
|-damage|p2a: 林统帅(未坠机版)|9/100|[from] Salt Cure
|upkeep
|turn|45
|
|t:|1776069041
|move|p1a: Garganacl|Protect|p1a: Garganacl
|-singleturn|p1a: Garganacl|Protect
|move|p2a: 林统帅(未坠机版)|Earthquake|p1a: Garganacl
|-activate|p1a: Garganacl|move: Protect
|
|-damage|p2a: 林统帅(未坠机版)|0 fnt|[from] Salt Cure
|faint|p2a: 林统帅(未坠机版)
|
|win|Ctannn
|raw|Ctannn's rating: 1872 &rarr; <strong>1890</strong><br />(+18 for winning)
|raw|miaoTV-青's rating: 1829 &rarr; <strong>1811</strong><br />(-18 for losing)
|l|☆miaoTV-青
|player|p2|
|l|☆Ctannn
|player|p1|
