|html|<div class="broadcast-blue"><strong>[Gen 9] OU is currently suspecting Tera Blast! For information on how to participate check out the <a href="https://www.smogon.com/tools/suspects/view/200">suspect thread</a>.</strong></div>
|j|☆x789123
|j|☆cenotaphs
|t:|1776089868
|gametype|singles
|player|p1|x789123|skierf|1335
|player|p2|cenotaphs|marley|1357
|gen|9
|tier|[Gen 9] OU
|rated|
|rule|HP Percentage Mod: HP is shown in percentages
|rule|Endless Battle Clause: Forcing endless battles is banned
|rule|Species Clause: Limit one of each Pokémon
|rule|OHKO Clause: OHKO moves are banned
|rule|Evasion Items Clause: Evasion items are banned
|rule|Evasion Moves Clause: Evasion moves are banned
|rule|Evasion Abilities Clause: Evasion abilities are banned
|rule|Sleep Moves Clause: Sleep-inducing moves are banned
|clearpoke
|poke|p1|Bruxish, M|
|poke|p1|Indeedee, M|
|poke|p1|Deoxys-Speed|
|poke|p1|Medicham, M|
|poke|p1|Meowstic, M|
|poke|p1|Hattrem, F|
|poke|p2|Gyarados, F|
|poke|p2|Great Tusk|
|poke|p2|Kyurem|
|poke|p2|Araquanid, F|
|poke|p2|Gholdengo|
|poke|p2|Ting-Lu|
|teampreview
|inactive|Battle timer is ON: inactive players will automatically lose when time's up. (requested by cenotaphs)
|
|t:|1776089882
|teamsize|p1|6
|teamsize|p2|6
|start
|switch|p1a: Indeedee|Indeedee, M|100/100
|switch|p2a: Araquanid|Araquanid, F, shiny|100/100
|-fieldstart|move: Psychic Terrain|[from] ability: Psychic Surge|[of] p1a: Indeedee
|turn|1
|
|t:|1776089886
|switch|p1a: Hattrem|Hattrem, F|100/100
|move|p2a: Araquanid|Sticky Web|p1a: Hattrem
|move|p1a: Hattrem|Sticky Web|p2a: Araquanid|[from] ability: Magic Bounce
|-sidestart|p2: cenotaphs|move: Sticky Web
|
|upkeep
|turn|2
|
|t:|1776089891
|move|p1a: Hattrem|Expanding Force|p2a: Araquanid
|-damage|p2a: Araquanid|52/100
|-enditem|p2a: Araquanid|Red Card|[of] p1a: Hattrem
|drag|p1a: Indeedee|Indeedee, M|100/100
|move|p2a: Araquanid|Surf|p1a: Indeedee
|-damage|p1a: Indeedee|48/100
|
|upkeep
|turn|3
|
|t:|1776089898
|move|p1a: Indeedee|Expanding Force|p2a: Araquanid
|-damage|p2a: Araquanid|10/100
|move|p2a: Araquanid|Sticky Web|p1a: Indeedee
|-sidestart|p1: x789123|move: Sticky Web
|
|upkeep
|turn|4
|
|t:|1776089907
|move|p1a: Indeedee|Encore|p2a: Araquanid
|-start|p2a: Araquanid|Encore
|move|p2a: Araquanid|Sticky Web||[still]
|-fail|p2a: Araquanid
|
|upkeep
|turn|5
|
|t:|1776089911
|switch|p2a: Ting-Lu|Ting-Lu, shiny|100/100
|-activate|p2a: Ting-Lu|move: Sticky Web
|-unboost|p2a: Ting-Lu|spe|1
|-ability|p2a: Ting-Lu|Vessel of Ruin
|move|p1a: Indeedee|Expanding Force|p2a: Ting-Lu
|-immune|p2a: Ting-Lu
|
|upkeep
|turn|6
|
|t:|1776089924
|switch|p1a: Hattrem|Hattrem, F|100/100
|-activate|p1a: Hattrem|move: Sticky Web
|-unboost|p1a: Hattrem|spe|1
|move|p2a: Ting-Lu|Earthquake|p1a: Hattrem
|-damage|p1a: Hattrem|55/100
|
|upkeep
|turn|7
|
|t:|1776089929
|move|p1a: Hattrem|Expanding Force|p2a: Ting-Lu
|-immune|p2a: Ting-Lu
|move|p2a: Ting-Lu|Earthquake|p1a: Hattrem
|-damage|p1a: Hattrem|7/100
|
|upkeep
|turn|8
|
|t:|1776089932
|move|p1a: Hattrem|Mystical Fire|p2a: Ting-Lu
|-damage|p2a: Ting-Lu|89/100
|-unboost|p2a: Ting-Lu|spa|1
|move|p2a: Ting-Lu|Earthquake|p1a: Hattrem
|-damage|p1a: Hattrem|0 fnt
|faint|p1a: Hattrem
|
|-fieldend|move: Psychic Terrain
|upkeep
|
|t:|1776089936
|switch|p1a: Bruxish|Bruxish, M|100/100
|-activate|p1a: Bruxish|move: Sticky Web
|-unboost|p1a: Bruxish|spe|1
|turn|9
|
|t:|1776089941
|switch|p2a: Araquanid|Araquanid, F, shiny|10/100
|-activate|p2a: Araquanid|move: Sticky Web
|-unboost|p2a: Araquanid|spe|1
|move|p1a: Bruxish|Flip Turn|p2a: Araquanid
|-resisted|p2a: Araquanid
|-damage|p2a: Araquanid|0 fnt
|faint|p2a: Araquanid
|
|t:|1776089948
|switch|p1a: Indeedee|Indeedee, M|48/100|[from] Flip Turn
|-activate|p1a: Indeedee|move: Sticky Web
|-unboost|p1a: Indeedee|spe|1
|-fieldstart|move: Psychic Terrain|[from] ability: Psychic Surge|[of] p1a: Indeedee
|
|upkeep
|
|t:|1776089955
|switch|p2a: Gyarados|Gyarados, F|100/100
|-ability|p2a: Gyarados|Intimidate|boost
|-unboost|p1a: Indeedee|atk|1
|turn|10
|
|t:|1776089967
|switch|p1a: Deoxys|Deoxys-Speed|100/100
|-activate|p1a: Deoxys|move: Sticky Web
|-unboost|p1a: Deoxys|spe|1
|-ability|p1a: Deoxys|Pressure
|move|p2a: Gyarados|Dragon Dance|p2a: Gyarados
|-boost|p2a: Gyarados|atk|1
|-boost|p2a: Gyarados|spe|1
|
|upkeep
|turn|11
|
|t:|1776089978
|-terastallize|p1a: Deoxys|Psychic
|move|p2a: Gyarados|Waterfall|p1a: Deoxys
|-damage|p1a: Deoxys|10/100
|move|p1a: Deoxys|Expanding Force|p2a: Gyarados
|-damage|p2a: Gyarados|0 fnt
|faint|p2a: Gyarados
|-damage|p1a: Deoxys|0 fnt|[from] item: Life Orb
|faint|p1a: Deoxys
|
|upkeep
|
|t:|1776089988
|switch|p1a: Medicham|Medicham, M|100/100
|switch|p2a: Great Tusk|Great Tusk|100/100
|-activate|p2a: Great Tusk|move: Sticky Web
|-unboost|p2a: Great Tusk|spe|1
|-activate|p1a: Medicham|move: Sticky Web
|-unboost|p1a: Medicham|spe|1
|-enditem|p2a: Great Tusk|Booster Energy
|-activate|p2a: Great Tusk|ability: Protosynthesis|[fromitem]
|-start|p2a: Great Tusk|protosynthesisatk
|turn|12
|
|t:|1776089992
|-terastallize|p2a: Great Tusk|Steel
|move|p2a: Great Tusk|Rapid Spin|p1a: Medicham
|-damage|p1a: Medicham|61/100
|-boost|p2a: Great Tusk|spe|1
|-sideend|p2: cenotaphs|Sticky Web|[from] move: Rapid Spin|[of] p2a: Great Tusk
|move|p1a: Medicham|Zen Headbutt|p2a: Great Tusk
|-resisted|p2a: Great Tusk
|-damage|p2a: Great Tusk|71/100
|-damage|p1a: Medicham|51/100|[from] item: Life Orb
|
|upkeep
|turn|13
|
|t:|1776090001
|move|p2a: Great Tusk|Knock Off|p1a: Medicham
|-damage|p1a: Medicham|0 fnt
|-enditem|p1a: Medicham|Life Orb|[from] move: Knock Off|[of] p2a: Great Tusk
|faint|p1a: Medicham
|
|upkeep
|
|t:|1776090005
|switch|p1a: Bruxish|Bruxish, M|100/100
|-activate|p1a: Bruxish|move: Sticky Web
|-unboost|p1a: Bruxish|spe|1
|turn|14
|
|t:|1776090011
|move|p1a: Bruxish|Psychic Fangs|p2a: Great Tusk
|-resisted|p2a: Great Tusk
|-damage|p2a: Great Tusk|44/100
|move|p2a: Great Tusk|Knock Off|p1a: Bruxish
|-supereffective|p1a: Bruxish
|-damage|p1a: Bruxish|0 fnt
|-enditem|p1a: Bruxish|Choice Scarf|[from] move: Knock Off|[of] p2a: Great Tusk
|faint|p1a: Bruxish
|
|upkeep
|-message|x789123 forfeited.
|
|win|cenotaphs
|raw|x789123's rating: 1335 &rarr; <strong>1316</strong><br />(-19 for losing)
|raw|cenotaphs's rating: 1357 &rarr; <strong>1376</strong><br />(+19 for winning)
|l|☆x789123
|player|p1|
|l|☆cenotaphs
|player|p2|
