|html|<div class="broadcast-blue"><strong>[Gen 9] OU is currently suspecting Tera Blast! For information on how to participate check out the <a href="https://www.smogon.com/tools/suspects/view/200">suspect thread</a>.</strong></div>
|j|☆Nightmare Junior
|j|☆czar625
|t:|1776054166
|gametype|singles
|player|p1|Nightmare Junior|hilda-wonderlauncher|1076
|player|p2|czar625|bugcatcher-gen4dp|1075
|gen|9
|tier|[Gen 9] OU
|rated|
|rule|HP Percentage Mod: HP is shown in percentages
|rule|Endless Battle Clause: Forcing endless battles is banned
|rule|Species Clause: Limit one of each Pokémon
|rule|OHKO Clause: OHKO moves are banned
|rule|Evasion Items Clause: Evasion items are banned
|rule|Evasion Moves Clause: Evasion moves are banned
|rule|Evasion Abilities Clause: Evasion abilities are banned
|rule|Sleep Moves Clause: Sleep-inducing moves are banned
|clearpoke
|poke|p1|Meowscarada, F|
|poke|p1|Dragonite, F|
|poke|p1|Dragapult, F|
|poke|p1|Alomomola, M|
|poke|p1|Primarina, F|
|poke|p1|Landorus-Therian, M|
|poke|p2|Blaziken, F|
|poke|p2|Swampert, M|
|poke|p2|Sceptile, M|
|poke|p2|Salamence, M|
|poke|p2|Gardevoir, M|
|poke|p2|Milotic, M|
|teampreview
|
|t:|1776054174
|teamsize|p1|6
|teamsize|p2|6
|start
|switch|p1a: Meowscarada|Meowscarada, F, shiny|100/100
|switch|p2a: Gardevoir|Gardevoir, M|100/100
|-ability|p2a: Gardevoir|Protean|Trace|[from] ability: Trace|[of] p1a: Meowscarada
|turn|1
|
|t:|1776054191
|move|p2a: Gardevoir|Moonblast|p1a: Meowscarada
|-start|p2a: Gardevoir|typechange|Fairy|[from] ability: Protean
|-supereffective|p1a: Meowscarada
|-damage|p1a: Meowscarada|0 fnt
|faint|p1a: Meowscarada
|
|upkeep
|
|t:|1776054200
|switch|p1a: Primarina|Primarina, F, shiny|100/100
|turn|2
|
|t:|1776054202
|move|p2a: Gardevoir|Moonblast|p1a: Primarina
|-damage|p1a: Primarina|53/100
|move|p1a: Primarina|Calm Mind|p1a: Primarina
|-boost|p1a: Primarina|spa|1
|-boost|p1a: Primarina|spd|1
|
|-heal|p1a: Primarina|59/100|[from] item: Leftovers
|upkeep
|turn|3
|
|t:|1776054207
|switch|p2a: Milotic|Milotic, M|100/100
|move|p1a: Primarina|Surf|p2a: Milotic
|-resisted|p2a: Milotic
|-crit|p2a: Milotic
|-damage|p2a: Milotic|67/100
|
|-heal|p1a: Primarina|65/100|[from] item: Leftovers
|-status|p2a: Milotic|brn|[from] item: Flame Orb
|upkeep
|turn|4
|
|t:|1776054222
|move|p1a: Primarina|Moonblast|p2a: Milotic
|-damage|p2a: Milotic|24/100 brn
|-unboost|p2a: Milotic|spa|1
|move|p2a: Milotic|Haze|p2a: Milotic
|-clearallboost
|
|-heal|p1a: Primarina|71/100|[from] item: Leftovers
|-damage|p2a: Milotic|18/100 brn|[from] brn
|upkeep
|turn|5
|
|t:|1776054236
|switch|p2a: Sceptile|Sceptile, M|100/100
|move|p1a: Primarina|Substitute|p1a: Primarina
|-start|p1a: Primarina|Substitute
|-damage|p1a: Primarina|46/100
|
|-heal|p1a: Primarina|53/100|[from] item: Leftovers
|upkeep
|turn|6
|
|t:|1776054246
|move|p2a: Sceptile|Leaf Blade|p1a: Primarina
|-supereffective|p1a: Primarina
|-end|p1a: Primarina|Substitute
|move|p1a: Primarina|Moonblast|p2a: Sceptile
|-crit|p2a: Sceptile
|-damage|p2a: Sceptile|0 fnt
|faint|p2a: Sceptile
|
|-heal|p1a: Primarina|59/100|[from] item: Leftovers
|upkeep
|
|t:|1776054255
|switch|p2a: Gardevoir|Gardevoir, M|100/100
|-ability|p2a: Gardevoir|Torrent|Trace|[from] ability: Trace|[of] p1a: Primarina
|turn|7
|
|t:|1776054267
|move|p2a: Gardevoir|Moonblast|p1a: Primarina
|-damage|p1a: Primarina|15/100
|move|p1a: Primarina|Substitute|p1a: Primarina
|-fail|p1a: Primarina|move: Substitute|[weak]
|
|-heal|p1a: Primarina|21/100|[from] item: Leftovers
|upkeep
|turn|8
|
|t:|1776054271
|move|p2a: Gardevoir|Moonblast|p1a: Primarina
|-damage|p1a: Primarina|0 fnt
|faint|p1a: Primarina
|
|upkeep
|
|t:|1776054278
|switch|p1a: Landorus|Landorus-Therian, M|100/100
|-ability|p1a: Landorus|Intimidate|boost
|-unboost|p2a: Gardevoir|atk|1
|turn|9
|
|t:|1776054286
|switch|p2a: Salamence|Salamence, M|100/100
|-ability|p2a: Salamence|Intimidate|boost
|-unboost|p1a: Landorus|atk|1
|move|p1a: Landorus|Stealth Rock|p2a: Salamence
|-sidestart|p2: czar625|move: Stealth Rock
|
|upkeep
|turn|10
|
|t:|1776054295
|switch|p2a: Gardevoir|Gardevoir, M|100/100
|-damage|p2a: Gardevoir|88/100|[from] Stealth Rock
|-ability|p2a: Gardevoir|Intimidate|Trace|[from] ability: Trace|[of] p1a: Landorus
|-ability|p2a: Gardevoir|Intimidate|boost
|-unboost|p1a: Landorus|atk|1
|move|p1a: Landorus|Taunt|p2a: Gardevoir
|-start|p2a: Gardevoir|move: Taunt
|
|upkeep
|turn|11
|
|t:|1776054305
|move|p2a: Gardevoir|Moonblast|p1a: Landorus
|-damage|p1a: Landorus|50/100
|move|p1a: Landorus|U-turn|p2a: Gardevoir
|-crit|p2a: Gardevoir
|-damage|p2a: Gardevoir|34/100
|
|t:|1776054310
|switch|p1a: Alomomola|Alomomola, M|100/100|[from] U-turn
|
|upkeep
|turn|12
|c|☆czar625|aww
|
|t:|1776054313
|move|p2a: Gardevoir|Moonblast|p1a: Alomomola
|-damage|p1a: Alomomola|47/100
|move|p1a: Alomomola|Wish|p1a: Alomomola
|
|-end|p2a: Gardevoir|move: Taunt
|upkeep
|turn|13
|
|t:|1776054318
|switch|p2a: Blaziken|Blaziken, F|100/100
|-damage|p2a: Blaziken|88/100|[from] Stealth Rock
|move|p1a: Alomomola|Protect||[still]
|-fail|p1a: Alomomola
|
|-heal|p1a: Alomomola|97/100|[from] move: Wish|[wisher] Alomomola
|upkeep
|turn|14
|
|t:|1776054331
|move|p2a: Blaziken|Substitute|p2a: Blaziken
|-start|p2a: Blaziken|Substitute
|-damage|p2a: Blaziken|63/100
|move|p1a: Alomomola|Scald|p2a: Blaziken
|-supereffective|p2a: Blaziken
|-end|p2a: Blaziken|Substitute
|
|-ability|p2a: Blaziken|Speed Boost|boost
|-boost|p2a: Blaziken|spe|1
|upkeep
|turn|15
|
|t:|1776054340
|-terastallize|p2a: Blaziken|Ice
|move|p2a: Blaziken|Substitute|p2a: Blaziken
|-start|p2a: Blaziken|Substitute
|-damage|p2a: Blaziken|38/100
|move|p1a: Alomomola|Wish|p1a: Alomomola
|
|-ability|p2a: Blaziken|Speed Boost|boost
|-boost|p2a: Blaziken|spe|1
|upkeep
|turn|16
|
|t:|1776054349
|move|p2a: Blaziken|Focus Blast|p1a: Alomomola
|-crit|p1a: Alomomola
|-damage|p1a: Alomomola|0 fnt
|faint|p1a: Alomomola
|
|-ability|p2a: Blaziken|Speed Boost|boost
|-boost|p2a: Blaziken|spe|1
|upkeep
|
|t:|1776054352
|switch|p1a: Landorus|Landorus-Therian, M|50/100
|-ability|p1a: Landorus|Intimidate|boost
|-immune|p2a: Blaziken
|turn|17
|
|t:|1776054355
|move|p2a: Blaziken|Tera Blast|p1a: Landorus|[anim] Tera Blast Ice
|-supereffective|p1a: Landorus
|-damage|p1a: Landorus|0 fnt
|faint|p1a: Landorus
|
|-ability|p2a: Blaziken|Speed Boost|boost
|-boost|p2a: Blaziken|spe|1
|upkeep
|
|t:|1776054359
|switch|p1a: Dragonite|Dragonite, F|100/100
|turn|18
|
|t:|1776054367
|move|p1a: Dragonite|Extreme Speed|p2a: Blaziken
|-end|p2a: Blaziken|Substitute
|move|p2a: Blaziken|Tera Blast|p1a: Dragonite|[anim] Tera Blast Ice
|-supereffective|p1a: Dragonite
|-damage|p1a: Dragonite|28/100
|
|-ability|p2a: Blaziken|Speed Boost|boost
|-boost|p2a: Blaziken|spe|1
|upkeep
|turn|19
|
|t:|1776054374
|switch|p2a: Salamence|Salamence, M|100/100
|-ability|p2a: Salamence|Intimidate|boost
|-unboost|p1a: Dragonite|atk|1
|move|p1a: Dragonite|Scale Shot|p2a: Salamence
|-supereffective|p2a: Salamence
|-damage|p2a: Salamence|79/100
|-supereffective|p2a: Salamence
|-damage|p2a: Salamence|57/100
|-supereffective|p2a: Salamence
|-damage|p2a: Salamence|33/100
|-supereffective|p2a: Salamence
|-damage|p2a: Salamence|12/100
|-hitcount|p2a: Salamence|4
|-unboost|p1a: Dragonite|def|1
|-boost|p1a: Dragonite|spe|1
|
|upkeep
|turn|20
|
|t:|1776054389
|switch|p2a: Milotic|Milotic, M|18/100 brn
|-damage|p2a: Milotic|5/100 brn|[from] Stealth Rock
|move|p1a: Dragonite|Extreme Speed|p2a: Milotic
|-damage|p2a: Milotic|0 fnt
|faint|p2a: Milotic
|
|upkeep
|
|t:|1776054392
|switch|p2a: Salamence|Salamence, M|12/100
|-ability|p2a: Salamence|Intimidate|boost
|-unboost|p1a: Dragonite|atk|1
|turn|21
|
|t:|1776054396
|move|p1a: Dragonite|Extreme Speed|p2a: Salamence
|-damage|p2a: Salamence|0 fnt
|faint|p2a: Salamence
|
|upkeep
|
|t:|1776054405
|switch|p2a: Swampert|Swampert, M|100/100
|-damage|p2a: Swampert|94/100|[from] Stealth Rock
|turn|22
|
|t:|1776054411
|move|p1a: Dragonite|Scale Shot|p2a: Swampert
|-damage|p2a: Swampert|90/100
|-damage|p2a: Swampert|85/100
|-damage|p2a: Swampert|81/100
|-damage|p2a: Swampert|75/100
|-hitcount|p2a: Swampert|4
|-unboost|p1a: Dragonite|def|1
|-boost|p1a: Dragonite|spe|1
|move|p2a: Swampert|Flip Turn|p1a: Dragonite
|-resisted|p1a: Dragonite
|-damage|p1a: Dragonite|9/100
|
|t:|1776054416
|switch|p2a: Blaziken|Blaziken, F, tera:Ice|38/100|[from] Flip Turn
|-damage|p2a: Blaziken|13/100|[from] Stealth Rock
|
|upkeep
|turn|23
|
|t:|1776054419
|move|p1a: Dragonite|Extreme Speed|p2a: Blaziken
|-damage|p2a: Blaziken|0 fnt
|faint|p2a: Blaziken
|
|upkeep
|
|t:|1776054424
|switch|p2a: Swampert|Swampert, M|75/100
|-damage|p2a: Swampert|69/100|[from] Stealth Rock
|turn|24
|
|t:|1776054430
|move|p1a: Dragonite|Earthquake|p2a: Swampert
|-damage|p2a: Swampert|57/100
|move|p2a: Swampert|Flip Turn|p1a: Dragonite
|-resisted|p1a: Dragonite
|-damage|p1a: Dragonite|0 fnt
|faint|p1a: Dragonite
|
|t:|1776054432
|switch|p2a: Gardevoir|Gardevoir, M|34/100|[from] Flip Turn
|-damage|p2a: Gardevoir|22/100|[from] Stealth Rock
|
|upkeep
|
|t:|1776054435
|switch|p1a: Dragapult|Dragapult, F|100/100
|-ability|p2a: Gardevoir|Infiltrator|Trace|[from] ability: Trace|[of] p1a: Dragapult
|turn|25
|
|t:|1776054440
|-terastallize|p1a: Dragapult|Fairy
|move|p2a: Gardevoir|Moonblast|p1a: Dragapult
|-damage|p1a: Dragapult|31/100
|-unboost|p1a: Dragapult|spa|1
|move|p1a: Dragapult|Hex|p2a: Gardevoir
|-supereffective|p2a: Gardevoir
|-damage|p2a: Gardevoir|0 fnt
|faint|p2a: Gardevoir
|
|upkeep
|
|t:|1776054446
|switch|p2a: Swampert|Swampert, M|57/100
|-damage|p2a: Swampert|51/100|[from] Stealth Rock
|turn|26
|
|t:|1776054455
|move|p1a: Dragapult|Dragon Darts|p2a: Swampert
|-damage|p2a: Swampert|39/100
|-anim|p1a: Dragapult|Dragon Darts|p2a: Swampert
|-damage|p2a: Swampert|27/100
|move|p2a: Swampert|Earthquake|p1a: Dragapult
|-damage|p1a: Dragapult|0 fnt
|faint|p1a: Dragapult
|
|win|czar625
|raw|Nightmare Junior's rating: 1076 &rarr; <strong>1055</strong><br />(-21 for losing)
|raw|czar625's rating: 1075 &rarr; <strong>1104</strong><br />(+29 for winning)
|c|☆czar625|gg wp
|l|☆Nightmare Junior
|player|p1|
|l|☆czar625
|player|p2|
