|html|<div class="broadcast-blue"><strong>[Gen 9] OU is currently suspecting Tera Blast! For information on how to participate check out the <a href="https://www.smogon.com/tools/suspects/view/200">suspect thread</a>.</strong></div>
|j|☆saxymarsh
|j|☆sixludicolos
|t:|1776060903
|gametype|singles
|player|p1|saxymarsh|169|1136
|player|p2|sixludicolos|roxie|1187
|gen|9
|tier|[Gen 9] OU
|rated|
|rule|HP Percentage Mod: HP is shown in percentages
|rule|Endless Battle Clause: Forcing endless battles is banned
|rule|Species Clause: Limit one of each Pokémon
|rule|OHKO Clause: OHKO moves are banned
|rule|Evasion Items Clause: Evasion items are banned
|rule|Evasion Moves Clause: Evasion moves are banned
|rule|Evasion Abilities Clause: Evasion abilities are banned
|rule|Sleep Moves Clause: Sleep-inducing moves are banned
|clearpoke
|poke|p1|Tyranitar, F|
|poke|p1|Moltres|
|poke|p1|Zamazenta-*|
|poke|p1|Slowking-Galar, M|
|poke|p1|Excadrill, F|
|poke|p1|Gliscor, M|
|poke|p2|Pelipper, M|
|poke|p2|Hatterene, F|
|poke|p2|Iron Treads|
|poke|p2|Toxicroak, M|
|poke|p2|Barraskewda, M|
|poke|p2|Zapdos|
|teampreview
|
|t:|1776060919
|teamsize|p1|6
|teamsize|p2|6
|start
|switch|p1a: Slowking|Slowking-Galar, M|100/100
|switch|p2a: Nigel|Pelipper, M, shiny|100/100
|-weather|RainDance|[from] ability: Drizzle|[of] p2a: Nigel
|turn|1
|
|t:|1776060933
|move|p2a: Nigel|Knock Off|p1a: Slowking
|-supereffective|p1a: Slowking
|-crit|p1a: Slowking
|-damage|p1a: Slowking|69/100
|-enditem|p1a: Slowking|Assault Vest|[from] move: Knock Off|[of] p2a: Nigel
|move|p1a: Slowking|Sludge Bomb|p2a: Nigel
|-damage|p2a: Nigel|67/100
|-status|p2a: Nigel|psn
|
|-weather|RainDance|[upkeep]
|-damage|p2a: Nigel|54/100 psn|[from] psn
|upkeep
|turn|2
|
|t:|1776060960
|switch|p1a: Gliscor|Gliscor, M, shiny|100/100
|move|p2a: Nigel|Roost|p2a: Nigel
|-heal|p2a: Nigel|100/100 psn
|-singleturn|p2a: Nigel|move: Roost
|
|-weather|RainDance|[upkeep]
|-damage|p2a: Nigel|88/100 psn|[from] psn
|-status|p1a: Gliscor|tox|[from] item: Toxic Orb
|upkeep
|turn|3
|
|t:|1776060976
|move|p1a: Gliscor|Protect|p1a: Gliscor
|-singleturn|p1a: Gliscor|Protect
|move|p2a: Nigel|U-turn|p1a: Gliscor
|-activate|p1a: Gliscor|move: Protect
|
|-weather|RainDance|[upkeep]
|-damage|p2a: Nigel|76/100 psn|[from] psn
|upkeep
|turn|4
|
|t:|1776060988
|move|p1a: Gliscor|Swords Dance|p1a: Gliscor
|-boost|p1a: Gliscor|atk|2
|move|p2a: Nigel|U-turn|p1a: Gliscor
|-resisted|p1a: Gliscor
|-damage|p1a: Gliscor|97/100 tox
|
|t:|1776060995
|switch|p2a: Aguilar|Barraskewda, M, shiny|100/100|[from] U-turn
|
|-weather|RainDance|[upkeep]
|-heal|p1a: Gliscor|100/100 tox|[from] ability: Poison Heal
|upkeep
|turn|5
|
|t:|1776061003
|-terastallize|p2a: Aguilar|Water
|-terastallize|p1a: Gliscor|Water
|move|p2a: Aguilar|Liquidation|p1a: Gliscor
|-resisted|p1a: Gliscor
|-damage|p1a: Gliscor|43/100 tox
|move|p1a: Gliscor|Swords Dance|p1a: Gliscor
|-boost|p1a: Gliscor|atk|2
|
|-weather|RainDance|[upkeep]
|-heal|p1a: Gliscor|55/100 tox|[from] ability: Poison Heal
|upkeep
|turn|6
|
|t:|1776061016
|move|p1a: Gliscor|Protect|p1a: Gliscor
|-singleturn|p1a: Gliscor|Protect
|move|p2a: Aguilar|Liquidation|p1a: Gliscor
|-activate|p1a: Gliscor|move: Protect
|
|-weather|RainDance|[upkeep]
|-heal|p1a: Gliscor|68/100 tox|[from] ability: Poison Heal
|upkeep
|turn|7
|
|t:|1776061025
|switch|p2a: Tajiri|Toxicroak, M, shiny|100/100
|move|p1a: Gliscor|Knock Off|p2a: Tajiri
|-resisted|p2a: Tajiri
|-damage|p2a: Tajiri|70/100
|-enditem|p2a: Tajiri|Leftovers|[from] move: Knock Off|[of] p1a: Gliscor
|
|-weather|RainDance|[upkeep]
|-heal|p2a: Tajiri|83/100|[from] ability: Dry Skin
|-heal|p1a: Gliscor|80/100 tox|[from] ability: Poison Heal
|upkeep
|turn|8
|
|t:|1776061037
|move|p1a: Gliscor|Protect|p1a: Gliscor
|-singleturn|p1a: Gliscor|Protect
|move|p2a: Tajiri|Drain Punch|p1a: Gliscor
|-activate|p1a: Gliscor|move: Protect
|
|-weather|none
|-heal|p1a: Gliscor|93/100 tox|[from] ability: Poison Heal
|upkeep
|turn|9
|
|t:|1776061046
|move|p1a: Gliscor|Earthquake|p2a: Tajiri
|-supereffective|p2a: Tajiri
|-damage|p2a: Tajiri|0 fnt
|faint|p2a: Tajiri
|
|-heal|p1a: Gliscor|100/100 tox|[from] ability: Poison Heal
|upkeep
|
|t:|1776061054
|switch|p2a: Nigel|Pelipper, M, shiny|76/100 psn
|-weather|RainDance|[from] ability: Drizzle|[of] p2a: Nigel
|turn|10
|
|t:|1776061061
|move|p1a: Gliscor|Protect|p1a: Gliscor
|-singleturn|p1a: Gliscor|Protect
|move|p2a: Nigel|U-turn|p1a: Gliscor
|-activate|p1a: Gliscor|move: Protect
|
|-weather|RainDance|[upkeep]
|-damage|p2a: Nigel|63/100 psn|[from] psn
|upkeep
|turn|11
|
|t:|1776061069
|move|p1a: Gliscor|Swords Dance|p1a: Gliscor
|-boost|p1a: Gliscor|atk|2
|move|p2a: Nigel|Hurricane|p1a: Gliscor
|-damage|p1a: Gliscor|64/100 tox
|
|-weather|RainDance|[upkeep]
|-heal|p1a: Gliscor|76/100 tox|[from] ability: Poison Heal
|-damage|p2a: Nigel|51/100 psn|[from] psn
|upkeep
|turn|12
|
|t:|1776061079
|move|p1a: Gliscor|Knock Off|p2a: Nigel
|-crit|p2a: Nigel
|-damage|p2a: Nigel|0 fnt
|-enditem|p2a: Nigel|Damp Rock|[from] move: Knock Off|[of] p1a: Gliscor
|faint|p2a: Nigel
|
|-weather|RainDance|[upkeep]
|-heal|p1a: Gliscor|89/100 tox|[from] ability: Poison Heal
|upkeep
|
|t:|1776061087
|switch|p2a: Virgil|Zapdos|100/100
|turn|13
|
|t:|1776061091
|move|p1a: Gliscor|Protect|p1a: Gliscor
|-singleturn|p1a: Gliscor|Protect
|move|p2a: Virgil|Thunder|p1a: Gliscor
|-activate|p1a: Gliscor|move: Protect
|
|-weather|RainDance|[upkeep]
|-heal|p1a: Gliscor|100/100 tox|[from] ability: Poison Heal
|upkeep
|turn|14
|
|t:|1776061109
|switch|p2a: Aguilar|Barraskewda, M, shiny, tera:Water|100/100
|switch|p1a: Excadrill|Excadrill, F|100/100
|-item|p1a: Excadrill|Air Balloon
|
|-weather|RainDance|[upkeep]
|upkeep
|turn|15
|
|t:|1776061118
|switch|p1a: Gliscor|Gliscor, M, shiny, tera:Water|100/100 tox
|move|p2a: Aguilar|Flip Turn|p1a: Gliscor
|-resisted|p1a: Gliscor
|-damage|p1a: Gliscor|58/100 tox
|
|t:|1776061124
|switch|p2a: Virgil|Zapdos|100/100|[from] Flip Turn
|
|-weather|RainDance|[upkeep]
|-heal|p1a: Gliscor|70/100 tox|[from] ability: Poison Heal
|upkeep
|turn|16
|
|t:|1776061134
|switch|p1a: Tyranitar|Tyranitar, F|100/100
|-weather|Sandstorm|[from] ability: Sand Stream|[of] p1a: Tyranitar
|move|p2a: Virgil|Volt Switch|p1a: Tyranitar
|-damage|p1a: Tyranitar|79/100
|
|t:|1776061142
|switch|p2a: Abram|Iron Treads|100/100|[from] Volt Switch
|
|-weather|Sandstorm|[upkeep]
|upkeep
|turn|17
|
|t:|1776061156
|switch|p1a: Zamazenta|Zamazenta|100/100
|-ability|p1a: Zamazenta|Dauntless Shield|boost
|-boost|p1a: Zamazenta|def|1
|move|p2a: Abram|Stealth Rock|p1a: Zamazenta
|-sidestart|p1: saxymarsh|move: Stealth Rock
|
|-weather|Sandstorm|[upkeep]
|-damage|p1a: Zamazenta|94/100|[from] Sandstorm
|-heal|p1a: Zamazenta|100/100|[from] item: Leftovers
|upkeep
|turn|18
|
|t:|1776061168
|-end|p2a: Abram|Quark Drive|[silent]
|switch|p2a: Cipher|Hatterene, F|100/100
|move|p1a: Zamazenta|Body Press|p2a: Cipher
|-resisted|p2a: Cipher
|-damage|p2a: Cipher|87/100
|-enditem|p2a: Cipher|Eject Button
|
|t:|1776061175
|switch|p2a: Virgil|Zapdos|100/100
|
|-weather|Sandstorm|[upkeep]
|-damage|p1a: Zamazenta|94/100|[from] Sandstorm
|-damage|p2a: Virgil|94/100|[from] Sandstorm
|-heal|p1a: Zamazenta|100/100|[from] item: Leftovers
|upkeep
|turn|19
|-message|sixludicolos forfeited.
|
|win|saxymarsh
|raw|saxymarsh's rating: 1136 &rarr; <strong>1165</strong><br />(+29 for winning)
|raw|sixludicolos's rating: 1187 &rarr; <strong>1158</strong><br />(-29 for losing)
|l|☆sixludicolos
|player|p2|
|l|☆saxymarsh
|player|p1|
