|html|<div class="broadcast-blue"><strong>[Gen 9] OU is currently suspecting Tera Blast! For information on how to participate check out the <a href="https://www.smogon.com/tools/suspects/view/200">suspect thread</a>.</strong></div>
|j|☆whoa now
|j|☆Type zero Nirvash
|t:|1776035119
|gametype|singles
|player|p1|whoa now|shadowtriad|1230
|player|p2|Type zero Nirvash|riley|1191
|gen|9
|tier|[Gen 9] OU
|rated|
|rule|HP Percentage Mod: HP is shown in percentages
|rule|Endless Battle Clause: Forcing endless battles is banned
|rule|Species Clause: Limit one of each Pokémon
|rule|OHKO Clause: OHKO moves are banned
|rule|Evasion Items Clause: Evasion items are banned
|rule|Evasion Moves Clause: Evasion moves are banned
|rule|Evasion Abilities Clause: Evasion abilities are banned
|rule|Sleep Moves Clause: Sleep-inducing moves are banned
|clearpoke
|poke|p1|Dragapult, M|
|poke|p1|Ogerpon-Wellspring, F|
|poke|p1|Hatterene, F|
|poke|p1|Iron Valiant|
|poke|p1|Corviknight, M|
|poke|p1|Great Tusk|
|poke|p2|Jirachi|
|poke|p2|Lucario, F|
|poke|p2|Suicune|
|poke|p2|Goodra, F|
|poke|p2|Blaziken, M|
|poke|p2|Sylveon, F|
|teampreview
|j| ohko_smeargle
|
|t:|1776035130
|teamsize|p1|6
|teamsize|p2|6
|start
|switch|p1a: Dragapult|Dragapult, M, shiny|100/100
|switch|p2a: Babe|Sylveon, F, shiny|100/100
|turn|1
|
|t:|1776035144
|move|p1a: Dragapult|U-turn|p2a: Babe
|-resisted|p2a: Babe
|-damage|p2a: Babe|81/100
|
|t:|1776035147
|switch|p1a: Hatterene|Hatterene, F, shiny|100/100|[from] U-turn
|move|p2a: Babe|Hyper Voice|p1a: Hatterene
|-damage|p1a: Hatterene|21/100
|
|upkeep
|turn|2
|
|t:|1776035153
|move|p2a: Babe|Hyper Voice|p1a: Hatterene
|-damage|p1a: Hatterene|0 fnt
|faint|p1a: Hatterene
|
|upkeep
|
|t:|1776035168
|switch|p1a: Ogerpon|Ogerpon-Wellspring, F|100/100
|turn|3
|
|t:|1776035174
|move|p1a: Ogerpon|Ivy Cudgel|p2a: Babe|[anim] Ivy Cudgel Water
|-damage|p2a: Babe|9/100
|move|p2a: Babe|Hyper Voice|p1a: Ogerpon
|-damage|p1a: Ogerpon|12/100
|
|upkeep
|turn|4
|
|t:|1776035188
|switch|p2a: Tammy|Goodra, F|100/100
|move|p1a: Ogerpon|U-turn|p2a: Tammy
|-damage|p2a: Tammy|68/100
|
|t:|1776035193
|switch|p1a: Dragapult|Dragapult, M, shiny|100/100|[from] U-turn
|
|upkeep
|turn|5
|
|t:|1776035198
|move|p1a: Dragapult|U-turn|p2a: Tammy
|-damage|p2a: Tammy|30/100
|
|t:|1776035201
|switch|p1a: Corviknight|Corviknight, M|100/100|[from] U-turn
|-ability|p1a: Corviknight|Pressure
|move|p2a: Tammy|Draco Meteor|p1a: Corviknight
|-resisted|p1a: Corviknight
|-damage|p1a: Corviknight|78/100
|-unboost|p2a: Tammy|spa|2
|
|upkeep
|turn|6
|
|t:|1776035207
|move|p2a: Tammy|Thunder|p1a: Corviknight
|-supereffective|p1a: Corviknight
|-damage|p1a: Corviknight|54/100
|move|p1a: Corviknight|Body Press|p2a: Tammy
|-damage|p2a: Tammy|10/100
|
|upkeep
|turn|7
|
|t:|1776035215
|switch|p2a: Eureka|Suicune, shiny|100/100
|-ability|p2a: Eureka|Pressure
|move|p1a: Corviknight|Roost|p1a: Corviknight
|-heal|p1a: Corviknight|100/100
|-singleturn|p1a: Corviknight|move: Roost
|
|upkeep
|turn|8
|
|t:|1776035221
|switch|p1a: Ogerpon|Ogerpon-Wellspring, F|12/100
|move|p2a: Eureka|Scald|p1a: Ogerpon
|-heal|p1a: Ogerpon|37/100|[from] ability: Water Absorb|[of] p2a: Eureka
|
|upkeep
|turn|9
|
|t:|1776035226
|switch|p2a: Tammy|Goodra, F|10/100
|move|p1a: Ogerpon|Power Whip|p2a: Tammy
|-ability|p2a: Tammy|Sap Sipper|boost
|-boost|p2a: Tammy|atk|1
|
|upkeep
|turn|10
|
|t:|1776035231
|move|p1a: Ogerpon|U-turn|p2a: Tammy
|-damage|p2a: Tammy|0 fnt
|faint|p2a: Tammy
|
|t:|1776035234
|switch|p1a: Dragapult|Dragapult, M, shiny|100/100|[from] U-turn
|
|upkeep
|
|t:|1776035254
|switch|p2a: The chongler|Blaziken, M, shiny|100/100
|turn|11
|
|t:|1776035258
|move|p1a: Dragapult|Dragon Darts|p2a: The chongler
|-damage|p2a: The chongler|62/100
|-anim|p1a: Dragapult|Dragon Darts|p2a: The chongler
|-damage|p2a: The chongler|22/100
|move|p2a: The chongler|Swords Dance|p2a: The chongler
|-boost|p2a: The chongler|atk|2
|
|-ability|p2a: The chongler|Speed Boost|boost
|-boost|p2a: The chongler|spe|1
|upkeep
|turn|12
|
|t:|1776035272
|switch|p1a: Corviknight|Corviknight, M|100/100
|-ability|p1a: Corviknight|Pressure
|move|p2a: The chongler|Protect||[still]
|-fail|p2a: The chongler
|
|-ability|p2a: The chongler|Speed Boost|boost
|-boost|p2a: The chongler|spe|1
|upkeep
|turn|13
|
|t:|1776035277
|move|p2a: The chongler|Close Combat|p1a: Corviknight
|-damage|p1a: Corviknight|0 fnt
|-unboost|p2a: The chongler|def|1
|-unboost|p2a: The chongler|spd|1
|-damage|p2a: The chongler|5/100|[from] item: Rocky Helmet|[of] p1a: Corviknight
|faint|p1a: Corviknight
|
|-ability|p2a: The chongler|Speed Boost|boost
|-boost|p2a: The chongler|spe|1
|upkeep
|
|t:|1776035281
|switch|p1a: Dragapult|Dragapult, M, shiny|100/100
|turn|14
|
|t:|1776035285
|move|p2a: The chongler|Protect|p2a: The chongler
|-singleturn|p2a: The chongler|Protect
|move|p1a: Dragapult|Sucker Punch||[still]
|-fail|p1a: Dragapult
|
|-ability|p2a: The chongler|Speed Boost|boost
|-boost|p2a: The chongler|spe|1
|upkeep
|turn|15
|
|t:|1776035292
|move|p1a: Dragapult|Sucker Punch|p2a: The chongler
|-resisted|p2a: The chongler
|-damage|p2a: The chongler|0 fnt
|faint|p2a: The chongler
|
|upkeep
|
|t:|1776035300
|switch|p2a: Babe|Sylveon, F, shiny|9/100
|turn|16
|
|t:|1776035302
|move|p1a: Dragapult|Sucker Punch|p2a: Babe
|-resisted|p2a: Babe
|-damage|p2a: Babe|0 fnt
|faint|p2a: Babe
|
|upkeep
|
|t:|1776035305
|switch|p2a: The END|Jirachi, shiny|100/100
|turn|17
|
|t:|1776035312
|switch|p1a: Great Tusk|Great Tusk|100/100
|move|p2a: The END|Iron Head|p1a: Great Tusk
|-damage|p1a: Great Tusk|78/100
|
|upkeep
|turn|18
|
|t:|1776035318
|switch|p2a: Eureka|Suicune, shiny|100/100
|-ability|p2a: Eureka|Pressure
|move|p1a: Great Tusk|Headlong Rush|p2a: Eureka
|-damage|p2a: Eureka|69/100
|-unboost|p1a: Great Tusk|def|1
|-unboost|p1a: Great Tusk|spd|1
|
|-heal|p2a: Eureka|75/100|[from] item: Leftovers
|upkeep
|turn|19
|
|t:|1776035326
|-end|p1a: Great Tusk|Protosynthesis|[silent]
|switch|p1a: Ogerpon|Ogerpon-Wellspring, F|37/100
|switch|p2a: The END|Jirachi, shiny|100/100
|
|upkeep
|turn|20
|
|t:|1776035332
|move|p2a: The END|Zen Headbutt|p1a: Ogerpon
|-damage|p1a: Ogerpon|0 fnt
|faint|p1a: Ogerpon
|
|upkeep
|
|t:|1776035342
|switch|p1a: Great Tusk|Great Tusk|78/100
|turn|21
|
|t:|1776035344
|move|p2a: The END|Zen Headbutt|p1a: Great Tusk
|-supereffective|p1a: Great Tusk
|-damage|p1a: Great Tusk|34/100
|move|p1a: Great Tusk|Headlong Rush|p2a: The END
|-supereffective|p2a: The END
|-damage|p2a: The END|0 fnt
|-unboost|p1a: Great Tusk|def|1
|-unboost|p1a: Great Tusk|spd|1
|faint|p2a: The END
|
|upkeep
|
|t:|1776035350
|switch|p2a: Eureka|Suicune, shiny|75/100
|-ability|p2a: Eureka|Pressure
|turn|22
|
|t:|1776035352
|move|p1a: Great Tusk|Headlong Rush|p2a: Eureka
|-damage|p2a: Eureka|45/100
|-unboost|p1a: Great Tusk|def|1
|-unboost|p1a: Great Tusk|spd|1
|move|p2a: Eureka|Calm Mind|p2a: Eureka
|-boost|p2a: Eureka|spa|1
|-boost|p2a: Eureka|spd|1
|
|-heal|p2a: Eureka|51/100|[from] item: Leftovers
|upkeep
|turn|23
|
|t:|1776035371
|move|p1a: Great Tusk|Headlong Rush|p2a: Eureka
|-damage|p2a: Eureka|20/100
|-unboost|p1a: Great Tusk|def|1
|-unboost|p1a: Great Tusk|spd|1
|move|p2a: Eureka|Scald|p1a: Great Tusk
|-supereffective|p1a: Great Tusk
|-damage|p1a: Great Tusk|0 fnt
|faint|p1a: Great Tusk
|-end|p1a: Great Tusk|Protosynthesis|[silent]
|
|-heal|p2a: Eureka|26/100|[from] item: Leftovers
|upkeep
|
|t:|1776035384
|switch|p1a: Iron Valiant|Iron Valiant, shiny|100/100
|-enditem|p1a: Iron Valiant|Booster Energy
|-activate|p1a: Iron Valiant|ability: Quark Drive|[fromitem]
|-start|p1a: Iron Valiant|quarkdrivespe
|turn|24
|
|t:|1776035391
|move|p1a: Iron Valiant|Thunderbolt|p2a: Eureka
|-supereffective|p2a: Eureka
|-damage|p2a: Eureka|0 fnt
|faint|p2a: Eureka
|
|upkeep
|
|t:|1776035393
|switch|p2a: Type Zero|Lucario, F|100/100
|turn|25
|
|t:|1776035416
|-terastallize|p2a: Type Zero|Ghost
|move|p1a: Iron Valiant|Vacuum Wave|p2a: Type Zero
|-immune|p2a: Type Zero
|move|p2a: Type Zero|Shadow Claw|p1a: Iron Valiant
|-damage|p1a: Iron Valiant|40/100
|
|upkeep
|turn|26
|c|☆Type zero Nirvash|Terra ground on my Suicune I messed up
|
|t:|1776035426
|move|p1a: Iron Valiant|Moonblast|p2a: Type Zero
|-damage|p2a: Type Zero|19/100
|move|p2a: Type Zero|Shadow Claw|p1a: Iron Valiant
|-damage|p1a: Iron Valiant|0 fnt
|faint|p1a: Iron Valiant
|-end|p1a: Iron Valiant|Quark Drive|[silent]
|
|upkeep
|
|t:|1776035429
|switch|p1a: Dragapult|Dragapult, M, shiny|100/100
|turn|27
|
|t:|1776035433
|move|p1a: Dragapult|Dragon Darts|p2a: Type Zero
|-damage|p2a: Type Zero|0 fnt
|faint|p2a: Type Zero
|
|win|whoa now
|raw|whoa now's rating: 1230 &rarr; <strong>1252</strong><br />(+22 for winning)
|raw|Type zero Nirvash's rating: 1191 &rarr; <strong>1169</strong><br />(-22 for losing)
|l| ohko_smeargle
|l|☆Type zero Nirvash
|player|p2|
|l|☆whoa now
|player|p1|
