|html|<div class="broadcast-blue"><strong>[Gen 9] OU is currently suspecting Volcarona! For information on how to participate check out the <a href="https://www.smogon.com/tools/suspects/view/208">suspect thread</a>.</strong></div>
|j|☆gulp1
|j|☆shimeto
|t:|1778496705
|gametype|singles
|player|p1|gulp1|2|1142
|player|p2|shimeto|265|1099
|gen|9
|tier|[Gen 9] OU
|rated|
|rule|HP Percentage Mod: HP is shown in percentages
|rule|Endless Battle Clause: Forcing endless battles is banned
|rule|Species Clause: Limit one of each Pokémon
|rule|OHKO Clause: OHKO moves are banned
|rule|Evasion Items Clause: Evasion items are banned
|rule|Evasion Moves Clause: Evasion moves are banned
|rule|Evasion Abilities Clause: Evasion abilities are banned
|rule|Sleep Moves Clause: Sleep-inducing moves are banned
|clearpoke
|poke|p1|Glimmora, F|
|poke|p1|Bronzong|
|poke|p1|Ceruledge, M|
|poke|p1|Clefable, M|
|poke|p1|Lapras, F|
|poke|p1|Pawmot, F|
|poke|p2|Zapdos|
|poke|p2|Pelipper, M|
|poke|p2|Barraskewda, F|
|poke|p2|Palossand, F|
|poke|p2|Eiscue, F|
|poke|p2|Thundurus-Therian, M|
|teampreview
|inactive|Battle timer is ON: inactive players will automatically lose when time's up. (requested by shimeto)
|
|t:|1778496714
|teamsize|p1|6
|teamsize|p2|6
|start
|switch|p1a: Glimmora|Glimmora, F, shiny|100/100
|switch|p2a: Pelipper|Pelipper, M|100/100
|-weather|RainDance|[from] ability: Drizzle|[of] p2a: Pelipper
|turn|1
|
|t:|1778496725
|move|p1a: Glimmora|Spikes|p2a: Pelipper
|-sidestart|p2: shimeto|Spikes
|move|p2a: Pelipper|U-turn|p1a: Glimmora
|-resisted|p1a: Glimmora
|-damage|p1a: Glimmora|96/100
|-activate|p1a: Glimmora|ability: Toxic Debris
|-sidestart|p2: shimeto|move: Toxic Spikes
|
|t:|1778496737
|switch|p2a: Palossand|Palossand, F|100/100|[from] U-turn
|-damage|p2a: Palossand|88/100|[from] Spikes
|-status|p2a: Palossand|psn
|
|-weather|RainDance|[upkeep]
|-heal|p2a: Palossand|94/100 psn|[from] item: Leftovers
|-damage|p2a: Palossand|82/100 psn|[from] psn
|upkeep
|turn|2
|
|t:|1778496746
|switch|p1a: Bronzong|Bronzong, shiny|100/100
|move|p2a: Palossand|Stealth Rock|p1a: Bronzong
|-sidestart|p1: gulp1|move: Stealth Rock
|
|-weather|RainDance|[upkeep]
|-heal|p2a: Palossand|88/100 psn|[from] item: Leftovers
|-damage|p2a: Palossand|76/100 psn|[from] psn
|-damage|p1a: Bronzong|88/100|[from] item: Sticky Barb
|upkeep
|turn|3
|
|t:|1778496754
|move|p2a: Palossand|Shadow Ball|p1a: Bronzong
|-supereffective|p1a: Bronzong
|-damage|p1a: Bronzong|47/100
|move|p1a: Bronzong|Trick|p2a: Palossand
|-activate|p1a: Bronzong|move: Trick|[of] p2a: Palossand
|-item|p2a: Palossand|Sticky Barb|[from] move: Trick
|-item|p1a: Bronzong|Leftovers|[from] move: Trick
|
|-weather|RainDance|[upkeep]
|-heal|p1a: Bronzong|53/100|[from] item: Leftovers
|-damage|p2a: Palossand|64/100 psn|[from] psn
|-damage|p2a: Palossand|51/100 psn|[from] item: Sticky Barb
|upkeep
|turn|4
|
|t:|1778496775
|switch|p1a: Clefable|Clefable, M, shiny|100/100
|move|p2a: Palossand|Shadow Ball|p1a: Clefable
|-damage|p1a: Clefable|74/100
|-unboost|p1a: Clefable|spd|1
|
|-weather|RainDance|[upkeep]
|-damage|p2a: Palossand|39/100 psn|[from] psn
|-damage|p2a: Palossand|27/100 psn|[from] item: Sticky Barb
|upkeep
|turn|5
|
|t:|1778496786
|move|p1a: Clefable|Calm Mind|p1a: Clefable
|-boost|p1a: Clefable|spa|1
|-boost|p1a: Clefable|spd|1
|move|p2a: Palossand|Earth Power|p1a: Clefable
|-damage|p1a: Clefable|43/100
|
|-weather|RainDance|[upkeep]
|-damage|p2a: Palossand|14/100 psn|[from] psn
|-damage|p2a: Palossand|2/100 psn|[from] item: Sticky Barb
|upkeep
|turn|6
|
|t:|1778496796
|move|p1a: Clefable|Moonlight|p1a: Clefable
|-heal|p1a: Clefable|68/100
|move|p2a: Palossand|Earth Power|p1a: Clefable
|-damage|p1a: Clefable|36/100
|
|-weather|RainDance|[upkeep]
|-damage|p2a: Palossand|0 fnt|[from] psn
|faint|p2a: Palossand
|upkeep
|
|t:|1778496808
|switch|p2a: Barraskewda|Barraskewda, F|100/100
|-damage|p2a: Barraskewda|88/100|[from] Spikes
|-status|p2a: Barraskewda|psn
|turn|7
|
|t:|1778496813
|move|p2a: Barraskewda|Flip Turn|p1a: Clefable
|-damage|p1a: Clefable|0 fnt
|-damage|p2a: Barraskewda|72/100 psn|[from] item: Rocky Helmet|[of] p1a: Clefable
|faint|p1a: Clefable
|
|t:|1778496817
|switch|p2a: Zapdos|Zapdos|100/100|[from] Flip Turn
|
|-weather|RainDance|[upkeep]
|upkeep
|
|t:|1778496825
|switch|p1a: Glimmora|Glimmora, F, shiny|96/100
|-damage|p1a: Glimmora|83/100|[from] Stealth Rock
|turn|8
|
|t:|1778496833
|move|p2a: Zapdos|Weather Ball|p1a: Glimmora
|-supereffective|p1a: Glimmora
|-damage|p1a: Glimmora|0 fnt
|faint|p1a: Glimmora
|
|-weather|none
|upkeep
|
|t:|1778496847
|switch|p1a: Ceruledge|Ceruledge, M|100/100
|-damage|p1a: Ceruledge|76/100|[from] Stealth Rock
|turn|9
|
|t:|1778496857
|move|p2a: Zapdos|Volt Switch|p1a: Ceruledge
|-damage|p1a: Ceruledge|38/100
|
|t:|1778496861
|switch|p2a: Pelipper|Pelipper, M|100/100|[from] Volt Switch
|-weather|RainDance|[from] ability: Drizzle|[of] p2a: Pelipper
|move|p1a: Ceruledge|Bitter Blade|p2a: Pelipper
|-resisted|p2a: Pelipper
|-damage|p2a: Pelipper|91/100
|-heal|p1a: Ceruledge|43/100|[from] drain|[of] p2a: Pelipper
|
|-weather|RainDance|[upkeep]
|upkeep
|turn|10
|
|t:|1778496873
|switch|p1a: Lapras|Lapras, F, shiny|100/100
|-damage|p1a: Lapras|76/100|[from] Stealth Rock
|move|p2a: Pelipper|Knock Off|p1a: Lapras
|-damage|p1a: Lapras|67/100
|-enditem|p1a: Lapras|Leftovers|[from] move: Knock Off|[of] p2a: Pelipper
|
|-weather|RainDance|[upkeep]
|upkeep
|turn|11
|
|t:|1778496882
|move|p1a: Lapras|Freeze-Dry|p2a: Pelipper
|-supereffective|p2a: Pelipper
|-damage|p2a: Pelipper|0 fnt
|faint|p2a: Pelipper
|
|-weather|RainDance|[upkeep]
|upkeep
|l|☆shimeto
|inactive|shimeto disconnected and has a minute to reconnect!
|player|p2|
|j|☆shimeto
|inactive|shimeto reconnected and has 145 seconds left.
|player|p2|shimeto|265|
|
|t:|1778496898
|switch|p2a: Zapdos|Zapdos|100/100
|turn|12
|
|t:|1778496903
|switch|p1a: Pawmot|Pawmot, F, shiny|100/100
|-damage|p1a: Pawmot|94/100|[from] Stealth Rock
|move|p2a: Zapdos|Volt Switch|p1a: Pawmot
|-heal|p1a: Pawmot|100/100|[from] ability: Volt Absorb|[of] p2a: Zapdos
|
|-weather|RainDance|[upkeep]
|upkeep
|turn|13
|
|t:|1778496911
|move|p1a: Pawmot|Encore|p2a: Zapdos
|-start|p2a: Zapdos|Encore
|move|p2a: Zapdos|Volt Switch|p1a: Pawmot
|-immune|p1a: Pawmot|[from] ability: Volt Absorb
|
|-weather|RainDance|[upkeep]
|upkeep
|turn|14
|
|t:|1778496920
|switch|p2a: Barraskewda|Barraskewda, F|72/100 psn
|-damage|p2a: Barraskewda|60/100 psn|[from] Spikes
|move|p1a: Pawmot|Revival Blessing|p1a: Pawmot
|-enditem|p1a: Pawmot|Leppa Berry|[eat]
|-activate|p1a: Pawmot|item: Leppa Berry|Revival Blessing|[consumed]
|
|t:|1778496928
|-heal|p1: Clefable|50/100|[from] move: Revival Blessing
|
|-weather|RainDance|[upkeep]
|-damage|p2a: Barraskewda|48/100 psn|[from] psn
|upkeep
|turn|15
|
|t:|1778496938
|move|p2a: Barraskewda|Liquidation|p1a: Pawmot
|-damage|p1a: Pawmot|0 fnt
|faint|p1a: Pawmot
|
|-weather|RainDance|[upkeep]
|-damage|p2a: Barraskewda|35/100 psn|[from] psn
|upkeep
|
|t:|1778496946
|switch|p1a: Lapras|Lapras, F, shiny|67/100
|-damage|p1a: Lapras|42/100|[from] Stealth Rock
|turn|16
|
|t:|1778496953
|move|p2a: Barraskewda|Liquidation|p1a: Lapras
|-heal|p1a: Lapras|67/100|[from] ability: Water Absorb|[of] p2a: Barraskewda
|move|p1a: Lapras|Freeze-Dry|p2a: Barraskewda
|-supereffective|p2a: Barraskewda
|-damage|p2a: Barraskewda|0 fnt
|faint|p2a: Barraskewda
|
|-weather|none
|upkeep
|
|t:|1778496962
|switch|p2a: Thundurus|Thundurus-Therian, M|100/100
|turn|17
|
|t:|1778496970
|move|p2a: Thundurus|Thunder|p1a: Lapras
|-supereffective|p1a: Lapras
|-damage|p1a: Lapras|0 fnt
|faint|p1a: Lapras
|
|upkeep
|
|t:|1778496975
|switch|p1a: Clefable|Clefable, M, shiny|50/100
|turn|18
|
|t:|1778496982
|-terastallize|p2a: Thundurus|Electric
|-terastallize|p1a: Clefable|Ground
|move|p2a: Thundurus|Thunder|p1a: Clefable
|-immune|p1a: Clefable
|move|p1a: Clefable|Calm Mind|p1a: Clefable
|-boost|p1a: Clefable|spa|1
|-boost|p1a: Clefable|spd|1
|
|upkeep
|turn|19
|
|t:|1778496993
|switch|p2a: Eiscue|Eiscue, F|100/100
|-damage|p2a: Eiscue|88/100|[from] Spikes
|-status|p2a: Eiscue|psn
|move|p1a: Clefable|Moonlight|p1a: Clefable
|-heal|p1a: Clefable|100/100
|
|-damage|p2a: Eiscue|76/100 psn|[from] psn
|upkeep
|turn|20
|
|t:|1778497003
|move|p2a: Eiscue|Belly Drum|p2a: Eiscue
|-damage|p2a: Eiscue|26/100 psn
|-setboost|p2a: Eiscue|atk|6|[from] move: Belly Drum
|-enditem|p2a: Eiscue|Sitrus Berry|[eat]
|-heal|p2a: Eiscue|51/100 psn|[from] item: Sitrus Berry
|move|p1a: Clefable|Fire Blast|p2a: Eiscue
|-supereffective|p2a: Eiscue
|-damage|p2a: Eiscue|0 fnt
|faint|p2a: Eiscue
|
|upkeep
|-message|shimeto forfeited.
|
|win|gulp1
|raw|gulp1's rating: 1142 &rarr; <strong>1164</strong><br />(+22 for winning)
|raw|shimeto's rating: 1099 &rarr; <strong>1077</strong><br />(-22 for losing)
|l|☆gulp1
|player|p1|
