|html|<div class="broadcast-blue"><strong>[Gen 9] OU is currently suspecting Tera Blast! For information on how to participate check out the <a href="https://www.smogon.com/tools/suspects/view/200">suspect thread</a>.</strong></div>
|j|☆Isabelldra
|j|☆ir0nv4l14nt
|t:|1776070449
|gametype|singles
|player|p1|Isabelldra|gardenia|1350
|player|p2|ir0nv4l14nt|ethan|1416
|gen|9
|tier|[Gen 9] OU
|rated|
|rule|HP Percentage Mod: HP is shown in percentages
|rule|Endless Battle Clause: Forcing endless battles is banned
|rule|Species Clause: Limit one of each Pokémon
|rule|OHKO Clause: OHKO moves are banned
|rule|Evasion Items Clause: Evasion items are banned
|rule|Evasion Moves Clause: Evasion moves are banned
|rule|Evasion Abilities Clause: Evasion abilities are banned
|rule|Sleep Moves Clause: Sleep-inducing moves are banned
|clearpoke
|poke|p1|Klefki, M|
|poke|p1|Gholdengo|
|poke|p1|Kingambit, M|
|poke|p1|Dragapult, F|
|poke|p1|Dragonite, M|
|poke|p1|Azelf|
|poke|p2|Ogerpon-Wellspring, F|
|poke|p2|Samurott-Hisui, F|
|poke|p2|Dragapult, M|
|poke|p2|Iron Moth|
|poke|p2|Dragonite, M|
|poke|p2|Great Tusk|
|teampreview
|inactive|Battle timer is ON: inactive players will automatically lose when time's up. (requested by ir0nv4l14nt)
|
|t:|1776070464
|teamsize|p1|6
|teamsize|p2|6
|start
|switch|p1a: Klefki|Klefki, M|100/100
|switch|p2a: Iron Moth|Iron Moth|100/100
|-enditem|p2a: Iron Moth|Booster Energy
|-activate|p2a: Iron Moth|ability: Quark Drive|[fromitem]
|-start|p2a: Iron Moth|quarkdrivespe
|turn|1
|
|t:|1776070471
|move|p1a: Klefki|Light Screen|p1a: Klefki
|-sidestart|p1: Isabelldra|move: Light Screen
|move|p2a: Iron Moth|Fiery Dance|p1a: Klefki
|-supereffective|p1a: Klefki
|-damage|p1a: Klefki|55/100
|-boost|p2a: Iron Moth|spa|1
|
|upkeep
|turn|2
|
|t:|1776070482
|move|p1a: Klefki|Magic Room|p1a: Klefki
|-fieldstart|move: Magic Room|[of] p1a: Klefki
|move|p2a: Iron Moth|Fiery Dance|p1a: Klefki
|-supereffective|p1a: Klefki
|-damage|p1a: Klefki|0 fnt
|-boost|p2a: Iron Moth|spa|1
|faint|p1a: Klefki
|
|upkeep
|
|t:|1776070507
|switch|p1a: Dragapult|Dragapult, F|100/100
|turn|3
|
|t:|1776070510
|move|p2a: Iron Moth|Dazzling Gleam|p1a: Dragapult
|-supereffective|p1a: Dragapult
|-damage|p1a: Dragapult|31/100
|move|p1a: Dragapult|Dragon Dance|p1a: Dragapult
|-boost|p1a: Dragapult|atk|1
|-boost|p1a: Dragapult|spe|1
|
|upkeep
|turn|4
|
|t:|1776070527
|-end|p2a: Iron Moth|Quark Drive|[silent]
|switch|p2a: Great Tusk|Great Tusk|100/100
|move|p1a: Dragapult|Substitute|p1a: Dragapult
|-start|p1a: Dragapult|Substitute
|-damage|p1a: Dragapult|6/100
|
|upkeep
|turn|5
|
|t:|1776070551
|move|p1a: Dragapult|Dragon Darts|p2a: Great Tusk
|-damage|p2a: Great Tusk|73/100
|-anim|p1a: Dragapult|Dragon Darts|p2a: Great Tusk
|-damage|p2a: Great Tusk|43/100
|move|p2a: Great Tusk|Knock Off|p1a: Dragapult
|-supereffective|p1a: Dragapult
|-end|p1a: Dragapult|Substitute
|
|upkeep
|turn|6
|
|t:|1776070562
|move|p1a: Dragapult|Dragon Darts|p2a: Great Tusk
|-damage|p2a: Great Tusk|14/100
|-anim|p1a: Dragapult|Dragon Darts|p2a: Great Tusk
|-damage|p2a: Great Tusk|0 fnt
|faint|p2a: Great Tusk
|-end|p2a: Great Tusk|Protosynthesis|[silent]
|
|-fieldend|move: Magic Room|[of] p1: Klefki
|upkeep
|
|t:|1776070564
|switch|p2a: Samurott|Samurott-Hisui, F|100/100
|turn|7
|
|t:|1776070575
|move|p2a: Samurott|Aqua Jet|p1a: Dragapult
|-resisted|p1a: Dragapult
|-damage|p1a: Dragapult|0 fnt
|faint|p1a: Dragapult
|
|upkeep
|
|t:|1776070578
|switch|p1a: Azelf|Azelf|100/100
|turn|8
|
|t:|1776070581
|move|p1a: Azelf|Reflect|p1a: Azelf
|-sidestart|p1: Isabelldra|Reflect
|move|p2a: Samurott|Ceaseless Edge|p1a: Azelf
|-supereffective|p1a: Azelf
|-damage|p1a: Azelf|46/100
|-sidestart|p1: Isabelldra|Spikes
|
|-sideend|p1: Isabelldra|move: Light Screen
|upkeep
|turn|9
|
|t:|1776070586
|move|p1a: Azelf|Magic Room|p1a: Azelf
|-fieldstart|move: Magic Room|[of] p1a: Azelf
|move|p2a: Samurott|Ceaseless Edge|p1a: Azelf
|-supereffective|p1a: Azelf
|-damage|p1a: Azelf|0 fnt
|-sidestart|p1: Isabelldra|Spikes
|faint|p1a: Azelf
|
|upkeep
|
|t:|1776070593
|switch|p1a: Dragonite|Dragonite, M|100/100
|turn|10
|
|t:|1776070599
|switch|p2a: Dragapult|Dragapult, M|100/100
|move|p1a: Dragonite|Dragon Dance|p1a: Dragonite
|-boost|p1a: Dragonite|atk|1
|-boost|p1a: Dragonite|spe|1
|
|upkeep
|turn|11
|
|t:|1776070610
|move|p2a: Dragapult|Draco Meteor|p1a: Dragonite
|-supereffective|p1a: Dragonite
|-damage|p1a: Dragonite|41/100
|-unboost|p2a: Dragapult|spa|2
|move|p1a: Dragonite|Dragon Dance|p1a: Dragonite
|-boost|p1a: Dragonite|atk|1
|-boost|p1a: Dragonite|spe|1
|
|upkeep
|turn|12
|
|t:|1776070616
|-terastallize|p1a: Dragonite|Flying
|move|p1a: Dragonite|Tera Blast|p2a: Dragapult|[anim] Tera Blast Flying
|-damage|p2a: Dragapult|0 fnt
|faint|p2a: Dragapult
|
|upkeep
|
|t:|1776070622
|switch|p2a: Dragonite|Dragonite, M|100/100
|turn|13
|
|t:|1776070627
|move|p1a: Dragonite|Extreme Speed|p2a: Dragonite
|-damage|p2a: Dragonite|62/100
|move|p2a: Dragonite|Extreme Speed|p1a: Dragonite
|-damage|p1a: Dragonite|24/100
|
|-fieldend|move: Magic Room|[of] p1: Azelf
|upkeep
|turn|14
|
|t:|1776070642
|move|p1a: Dragonite|Extreme Speed|p2a: Dragonite
|-damage|p2a: Dragonite|0 fnt
|faint|p2a: Dragonite
|
|upkeep
|
|t:|1776070646
|switch|p2a: Samurott|Samurott-Hisui, F|100/100
|turn|15
|
|t:|1776070651
|move|p1a: Dragonite|Extreme Speed|p2a: Samurott
|-damage|p2a: Samurott|0 fnt
|faint|p2a: Samurott
|
|-sideend|p1: Isabelldra|Reflect
|upkeep
|-message|ir0nv4l14nt forfeited.
|
|win|Isabelldra
|raw|Isabelldra's rating: 1350 &rarr; <strong>1374</strong><br />(+24 for winning)
|raw|ir0nv4l14nt's rating: 1416 &rarr; <strong>1392</strong><br />(-24 for losing)
|l|☆Isabelldra
|player|p1|
|l|☆ir0nv4l14nt
|player|p2|
