|html|<div class="broadcast-blue"><strong>[Gen 9] OU is currently suspecting Tera Blast! For information on how to participate check out the <a href="https://www.smogon.com/tools/suspects/view/200">suspect thread</a>.</strong></div>
|j|☆snurke
|j|☆vzn.exe
|t:|1776096822
|gametype|singles
|player|p1|snurke|sisandbro|1539
|player|p2|vzn.exe|lusamine-nihilego|1487
|gen|9
|tier|[Gen 9] OU
|rated|
|rule|HP Percentage Mod: HP is shown in percentages
|rule|Endless Battle Clause: Forcing endless battles is banned
|rule|Species Clause: Limit one of each Pokémon
|rule|OHKO Clause: OHKO moves are banned
|rule|Evasion Items Clause: Evasion items are banned
|rule|Evasion Moves Clause: Evasion moves are banned
|rule|Evasion Abilities Clause: Evasion abilities are banned
|rule|Sleep Moves Clause: Sleep-inducing moves are banned
|clearpoke
|poke|p1|Mew|
|poke|p1|Iron Treads|
|poke|p1|Zamazenta-*|
|poke|p1|Ceruledge, F|
|poke|p1|Ninetales-Alola, M|
|poke|p1|Gliscor, M|
|poke|p2|Hydrapple, M|
|poke|p2|Tyranitar, F|
|poke|p2|Moltres|
|poke|p2|Zamazenta-*|
|poke|p2|Slowking-Galar, F|
|poke|p2|Excadrill, F|
|teampreview
|inactive|Battle timer is ON: inactive players will automatically lose when time's up. (requested by vzn.exe)
|
|t:|1776096848
|teamsize|p1|6
|teamsize|p2|6
|start
|switch|p1a: Mew|Mew, shiny|100/100
|switch|p2a: Hydrapple|Hydrapple, M|100/100
|turn|1
|
|t:|1776096864
|move|p1a: Mew|Imprison|p1a: Mew
|-start|p1a: Mew|move: Imprison
|move|p2a: Hydrapple|Giga Drain|p1a: Mew
|-damage|p1a: Mew|74/100
|
|-heal|p1a: Mew|80/100|[from] item: Leftovers
|upkeep
|turn|2
|inactive|snurke has 120 seconds left.
|
|t:|1776096906
|move|p1a: Mew|Stealth Rock|p2a: Hydrapple
|-sidestart|p2: vzn.exe|move: Stealth Rock
|move|p2a: Hydrapple|Giga Drain|p1a: Mew
|-damage|p1a: Mew|53/100
|
|-heal|p1a: Mew|59/100|[from] item: Leftovers
|upkeep
|turn|3
|
|t:|1776096923
|move|p1a: Mew|Knock Off|p2a: Hydrapple
|-damage|p2a: Hydrapple|87/100
|-enditem|p2a: Hydrapple|Heavy-Duty Boots|[from] move: Knock Off|[of] p1a: Mew
|move|p2a: Hydrapple|Giga Drain|p1a: Mew
|-damage|p1a: Mew|30/100
|-heal|p2a: Hydrapple|100/100|[from] drain|[of] p1a: Mew
|
|-heal|p1a: Mew|36/100|[from] item: Leftovers
|upkeep
|turn|4
|
|t:|1776096932
|move|p1a: Mew|Transform|p2a: Hydrapple
|-transform|p1a: Mew|p2a: Hydrapple
|cant|p2a: Hydrapple|move: Imprison|Giga Drain
|
|-heal|p1a: Mew|42/100|[from] item: Leftovers
|upkeep
|turn|5
|
|t:|1776096941
|move|p1a: Mew|Nasty Plot|p1a: Mew
|-boost|p1a: Mew|spa|2
|-activate|p2a: Hydrapple|move: Struggle
|move|p2a: Hydrapple|Struggle|p1a: Mew
|-damage|p1a: Mew|38/100
|-damage|p2a: Hydrapple|76/100|[from] recoil
|
|-heal|p1a: Mew|44/100|[from] item: Leftovers
|upkeep
|turn|6
|
|t:|1776096950
|switch|p2a: Slowking|Slowking-Galar, F|100/100
|-damage|p2a: Slowking|88/100|[from] Stealth Rock
|move|p1a: Mew|Fickle Beam|p2a: Slowking
|-damage|p2a: Slowking|51/100
|
|-heal|p1a: Mew|50/100|[from] item: Leftovers
|upkeep
|turn|7
|
|t:|1776096959
|move|p1a: Mew|Earth Power|p2a: Slowking
|-supereffective|p2a: Slowking
|-damage|p2a: Slowking|0 fnt
|faint|p2a: Slowking
|
|-heal|p1a: Mew|56/100|[from] item: Leftovers
|upkeep
|
|t:|1776096968
|switch|p2a: Zamazenta|Zamazenta|100/100
|-damage|p2a: Zamazenta|94/100|[from] Stealth Rock
|-ability|p2a: Zamazenta|Dauntless Shield|boost
|-boost|p2a: Zamazenta|def|1
|turn|8
|
|t:|1776096977
|move|p2a: Zamazenta|Body Press|p1a: Mew
|-damage|p1a: Mew|23/100
|move|p1a: Mew|Fickle Beam|p2a: Zamazenta|[anim] Fickle Beam All Out
|-activate|p1a: Mew|move: Fickle Beam
|-damage|p2a: Zamazenta|0 fnt
|faint|p2a: Zamazenta
|
|-heal|p1a: Mew|29/100|[from] item: Leftovers
|upkeep
|
|t:|1776096986
|switch|p2a: Moltres|Moltres|100/100
|turn|9
|
|t:|1776097009
|switch|p1a: Ninetales|Ninetales-Alola, M, shiny|100/100
|-weather|Snowscape|[from] ability: Snow Warning|[of] p1a: Ninetales
|move|p2a: Moltres|Flamethrower|p1a: Ninetales
|-supereffective|p1a: Ninetales
|-damage|p1a: Ninetales|32/100
|
|-weather|Snowscape|[upkeep]
|upkeep
|turn|10
|
|t:|1776097030
|switch|p1a: Mew|Mew, shiny|63/100
|move|p2a: Moltres|Flamethrower|p1a: Mew
|-damage|p1a: Mew|29/100
|-status|p1a: Mew|brn
|-activate|p1a: Mew|ability: Synchronize
|-immune|p2a: Moltres
|
|-weather|Snowscape|[upkeep]
|-heal|p1a: Mew|35/100 brn|[from] item: Leftovers
|-damage|p1a: Mew|29/100 brn|[from] brn
|upkeep
|turn|11
|
|t:|1776097047
|move|p1a: Mew|Transform|p2a: Moltres
|-transform|p1a: Mew|p2a: Moltres
|move|p2a: Moltres|Flamethrower|p1a: Mew
|-resisted|p1a: Mew
|-damage|p1a: Mew|10/100 brn
|
|-weather|Snowscape|[upkeep]
|-heal|p1a: Mew|16/100 brn|[from] item: Leftovers
|-damage|p1a: Mew|10/100 brn|[from] brn
|upkeep
|turn|12
|
|t:|1776097056
|move|p2a: Moltres|U-turn|p1a: Mew
|-resisted|p1a: Mew
|-damage|p1a: Mew|7/100 brn
|
|t:|1776097065
|switch|p2a: Tyranitar|Tyranitar, F|100/100|[from] U-turn
|-damage|p2a: Tyranitar|88/100|[from] Stealth Rock
|-weather|Sandstorm|[from] ability: Sand Stream|[of] p2a: Tyranitar
|move|p1a: Mew|Roost|p1a: Mew
|-heal|p1a: Mew|57/100 brn
|-singleturn|p1a: Mew|move: Roost
|
|-weather|Sandstorm|[upkeep]
|-damage|p1a: Mew|51/100 brn|[from] Sandstorm
|-heal|p1a: Mew|57/100 brn|[from] item: Leftovers
|-damage|p1a: Mew|51/100 brn|[from] brn
|upkeep
|turn|13
|
|t:|1776097078
|switch|p1a: Iron Treads|Iron Treads, shiny|100/100
|move|p2a: Tyranitar|Stealth Rock|p1a: Iron Treads
|-sidestart|p1: snurke|move: Stealth Rock
|
|-weather|Sandstorm|[upkeep]
|upkeep
|turn|14
|
|t:|1776097095
|switch|p2a: Moltres|Moltres|100/100
|move|p1a: Iron Treads|Rapid Spin|p2a: Moltres
|-damage|p2a: Moltres|90/100
|-boost|p1a: Iron Treads|spe|1
|-sideend|p1: snurke|Stealth Rock|[from] move: Rapid Spin|[of] p1a: Iron Treads
|
|-weather|Sandstorm|[upkeep]
|-damage|p2a: Moltres|84/100|[from] Sandstorm
|upkeep
|turn|15
|inactive|snurke has 120 seconds left.
|
|t:|1776097129
|-end|p1a: Iron Treads|Quark Drive|[silent]
|switch|p1a: Gliscor|Gliscor, M, shiny|100/100
|move|p2a: Moltres|Flamethrower|p1a: Gliscor
|-damage|p1a: Gliscor|54/100
|
|-weather|Sandstorm|[upkeep]
|-damage|p2a: Moltres|78/100|[from] Sandstorm
|-status|p1a: Gliscor|tox|[from] item: Toxic Orb
|upkeep
|turn|16
|
|t:|1776097146
|move|p1a: Gliscor|Knock Off|p2a: Moltres
|-damage|p2a: Moltres|61/100
|-enditem|p2a: Moltres|Heavy-Duty Boots|[from] move: Knock Off|[of] p1a: Gliscor
|move|p2a: Moltres|Flamethrower|p1a: Gliscor
|-damage|p1a: Gliscor|9/100 tox
|
|-weather|Sandstorm|[upkeep]
|-damage|p2a: Moltres|55/100|[from] Sandstorm
|-heal|p1a: Gliscor|22/100 tox|[from] ability: Poison Heal
|upkeep
|turn|17
|inactive|vzn.exe has 120 seconds left.
|
|t:|1776097164
|switch|p1a: Ceruledge|Ceruledge, F, shiny|100/100
|move|p2a: Moltres|Flamethrower|p1a: Ceruledge
|-start|p1a: Ceruledge|ability: Flash Fire
|
|-weather|Sandstorm|[upkeep]
|-damage|p1a: Ceruledge|94/100|[from] Sandstorm
|-damage|p2a: Moltres|49/100|[from] Sandstorm
|upkeep
|turn|18
|inactive|vzn.exe has 120 seconds left.
|
|t:|1776097180
|move|p1a: Ceruledge|Bitter Blade|p2a: Moltres
|-resisted|p2a: Moltres
|-damage|p2a: Moltres|25/100
|-heal|p1a: Ceruledge|100/100|[from] drain|[of] p2a: Moltres
|move|p2a: Moltres|Roost|p2a: Moltres
|-heal|p2a: Moltres|75/100
|-singleturn|p2a: Moltres|move: Roost
|
|-weather|Sandstorm|[upkeep]
|-damage|p1a: Ceruledge|94/100|[from] Sandstorm
|-damage|p2a: Moltres|69/100|[from] Sandstorm
|upkeep
|turn|19
|inactive|vzn.exe has 120 seconds left.
|
|t:|1776097198
|move|p1a: Ceruledge|Bulk Up|p1a: Ceruledge
|-boost|p1a: Ceruledge|atk|1
|-boost|p1a: Ceruledge|def|1
|move|p2a: Moltres|Roost|p2a: Moltres
|-heal|p2a: Moltres|100/100
|-singleturn|p2a: Moltres|move: Roost
|
|-weather|none
|upkeep
|turn|20
|
|t:|1776097215
|move|p1a: Ceruledge|Bitter Blade|p2a: Moltres
|-resisted|p2a: Moltres
|-damage|p2a: Moltres|66/100
|-heal|p1a: Ceruledge|100/100|[from] drain|[of] p2a: Moltres
|move|p2a: Moltres|Roar|p1a: Ceruledge
|-end|p1a: Ceruledge|ability: Flash Fire|[silent]
|drag|p1a: Mew|Mew, shiny|51/100 brn
|
|-heal|p1a: Mew|57/100 brn|[from] item: Leftovers
|-damage|p1a: Mew|51/100 brn|[from] brn
|upkeep
|turn|21
|
|t:|1776097233
|move|p1a: Mew|Imprison|p1a: Mew
|-start|p1a: Mew|move: Imprison
|move|p2a: Moltres|Roost|p2a: Moltres
|-heal|p2a: Moltres|100/100
|-singleturn|p2a: Moltres|move: Roost
|
|-heal|p1a: Mew|57/100 brn|[from] item: Leftovers
|-damage|p1a: Mew|51/100 brn|[from] brn
|upkeep
|turn|22
|
|t:|1776097249
|move|p1a: Mew|Transform|p2a: Moltres
|-transform|p1a: Mew|p2a: Moltres
|cant|p2a: Moltres|move: Imprison|U-turn
|
|-heal|p1a: Mew|57/100 brn|[from] item: Leftovers
|-damage|p1a: Mew|51/100 brn|[from] brn
|upkeep
|turn|23
|
|t:|1776097258
|-activate|p2a: Moltres|move: Struggle
|move|p2a: Moltres|Struggle|p1a: Mew
|-damage|p1a: Mew|44/100 brn
|-damage|p2a: Moltres|75/100|[from] recoil
|move|p1a: Mew|Roost|p1a: Mew
|-heal|p1a: Mew|94/100 brn
|-singleturn|p1a: Mew|move: Roost
|
|-heal|p1a: Mew|99/100 brn|[from] item: Leftovers
|-damage|p1a: Mew|94/100 brn|[from] brn
|upkeep
|turn|24
|
|t:|1776097276
|-activate|p2a: Moltres|move: Struggle
|move|p2a: Moltres|Struggle|p1a: Mew
|-damage|p1a: Mew|87/100 brn
|-damage|p2a: Moltres|50/100|[from] recoil
|move|p1a: Mew|U-turn|p2a: Moltres
|-resisted|p2a: Moltres
|-damage|p2a: Moltres|49/100
|inactive|snurke has 120 seconds left.
|
|t:|1776097305
|switch|p1a: Ceruledge|Ceruledge, F, shiny|100/100|[from] U-turn
|
|upkeep
|turn|25
|
|t:|1776097326
|move|p1a: Ceruledge|Taunt|p2a: Moltres
|-start|p2a: Moltres|move: Taunt
|cant|p2a: Moltres|move: Taunt|Roost
|
|upkeep
|turn|26
|
|t:|1776097338
|move|p1a: Ceruledge|Bitter Blade|p2a: Moltres
|-resisted|p2a: Moltres
|-damage|p2a: Moltres|34/100
|move|p2a: Moltres|U-turn|p1a: Ceruledge
|-resisted|p1a: Ceruledge
|-damage|p1a: Ceruledge|96/100
|
|t:|1776097348
|switch|p2a: Hydrapple|Hydrapple, M|100/100|[from] U-turn
|-damage|p2a: Hydrapple|88/100|[from] Stealth Rock
|
|upkeep
|turn|27
|
|t:|1776097360
|switch|p1a: Ninetales|Ninetales-Alola, M, shiny|32/100
|-weather|Snowscape|[from] ability: Snow Warning|[of] p1a: Ninetales
|move|p2a: Hydrapple|Giga Drain|p1a: Ninetales
|-damage|p1a: Ninetales|0 fnt
|-heal|p2a: Hydrapple|100/100|[from] drain|[of] p1a: Ninetales
|faint|p1a: Ninetales
|
|-weather|Snowscape|[upkeep]
|upkeep
|
|t:|1776097363
|switch|p1a: Mew|Mew, shiny|87/100 brn
|turn|28
|
|t:|1776097380
|move|p1a: Mew|Imprison|p1a: Mew
|-start|p1a: Mew|move: Imprison
|move|p2a: Hydrapple|Nasty Plot|p2a: Hydrapple
|-boost|p2a: Hydrapple|spa|2
|
|-weather|Snowscape|[upkeep]
|-heal|p1a: Mew|94/100 brn|[from] item: Leftovers
|-damage|p1a: Mew|87/100 brn|[from] brn
|upkeep
|turn|29
|c|☆snurke|uh
|
|t:|1776097397
|move|p1a: Mew|Transform|p2a: Hydrapple
|-transform|p1a: Mew|p2a: Hydrapple
|cant|p2a: Hydrapple|move: Imprison|Fickle Beam
|
|-weather|Snowscape|[upkeep]
|-heal|p1a: Mew|94/100 brn|[from] item: Leftovers
|-damage|p1a: Mew|87/100 brn|[from] brn
|upkeep
|turn|30
|
|t:|1776097407
|switch|p2a: Tyranitar|Tyranitar, F|88/100
|-damage|p2a: Tyranitar|76/100|[from] Stealth Rock
|-weather|Sandstorm|[from] ability: Sand Stream|[of] p2a: Tyranitar
|move|p1a: Mew|Nasty Plot|p1a: Mew
|-boost|p1a: Mew|spa|2
|
|-weather|Sandstorm|[upkeep]
|-damage|p1a: Mew|81/100 brn|[from] Sandstorm
|-heal|p1a: Mew|87/100 brn|[from] item: Leftovers
|-damage|p1a: Mew|81/100 brn|[from] brn
|upkeep
|turn|31
|
|t:|1776097416
|move|p2a: Tyranitar|Ice Beam|p1a: Mew
|-supereffective|p1a: Mew
|-damage|p1a: Mew|0 fnt
|faint|p1a: Mew
|
|-weather|Sandstorm|[upkeep]
|upkeep
|
|t:|1776097427
|switch|p1a: Iron Treads|Iron Treads, shiny|100/100
|turn|32
|
|t:|1776097444
|move|p1a: Iron Treads|Earthquake|p2a: Tyranitar
|-supereffective|p2a: Tyranitar
|-damage|p2a: Tyranitar|0 fnt
|faint|p2a: Tyranitar
|
|-weather|Sandstorm|[upkeep]
|upkeep
|
|t:|1776097461
|switch|p2a: Excadrill|Excadrill, F|100/100
|-damage|p2a: Excadrill|97/100|[from] Stealth Rock
|-item|p2a: Excadrill|Air Balloon
|turn|33
|inactive|vzn.exe has 90 seconds left.
|
|t:|1776097484
|-end|p1a: Iron Treads|Quark Drive|[silent]
|switch|p1a: Zamazenta|Zamazenta, shiny|100/100
|-ability|p1a: Zamazenta|Dauntless Shield|boost
|-boost|p1a: Zamazenta|def|1
|move|p2a: Excadrill|Rapid Spin|p1a: Zamazenta
|-damage|p1a: Zamazenta|91/100
|-boost|p2a: Excadrill|spe|1
|-sideend|p2: vzn.exe|Stealth Rock|[from] move: Rapid Spin|[of] p2a: Excadrill
|
|-weather|Sandstorm|[upkeep]
|-damage|p1a: Zamazenta|84/100|[from] Sandstorm
|-heal|p1a: Zamazenta|91/100|[from] item: Leftovers
|upkeep
|turn|34
|inactive|vzn.exe has 90 seconds left.
|
|t:|1776097501
|move|p2a: Excadrill|Iron Head|p1a: Zamazenta
|-damage|p1a: Zamazenta|68/100
|move|p1a: Zamazenta|Iron Defense|p1a: Zamazenta
|-boost|p1a: Zamazenta|def|2
|
|-weather|Sandstorm|[upkeep]
|-damage|p1a: Zamazenta|62/100|[from] Sandstorm
|-heal|p1a: Zamazenta|68/100|[from] item: Leftovers
|upkeep
|turn|35
|inactive|vzn.exe has 90 seconds left.
|
|t:|1776097518
|move|p2a: Excadrill|Iron Head|p1a: Zamazenta
|-damage|p1a: Zamazenta|55/100
|move|p1a: Zamazenta|Body Press|p2a: Excadrill
|-supereffective|p2a: Excadrill
|-damage|p2a: Excadrill|0 fnt
|-enditem|p2a: Excadrill|Air Balloon
|faint|p2a: Excadrill
|
|-weather|Sandstorm|[upkeep]
|-damage|p1a: Zamazenta|49/100|[from] Sandstorm
|-heal|p1a: Zamazenta|55/100|[from] item: Leftovers
|upkeep
|
|t:|1776097536
|switch|p2a: Moltres|Moltres|34/100
|turn|36
|
|t:|1776097553
|move|p1a: Zamazenta|Body Press|p2a: Moltres
|-resisted|p2a: Moltres
|-damage|p2a: Moltres|3/100
|move|p2a: Moltres|Roost|p2a: Moltres
|-heal|p2a: Moltres|54/100
|-singleturn|p2a: Moltres|move: Roost
|
|-weather|Sandstorm|[upkeep]
|-damage|p1a: Zamazenta|49/100|[from] Sandstorm
|-damage|p2a: Moltres|47/100|[from] Sandstorm
|-heal|p1a: Zamazenta|55/100|[from] item: Leftovers
|upkeep
|turn|37
|inactive|vzn.exe has 60 seconds left.
|
|t:|1776097570
|switch|p1a: Ceruledge|Ceruledge, F, shiny|96/100
|move|p2a: Moltres|Roost|p2a: Moltres
|-heal|p2a: Moltres|98/100
|-singleturn|p2a: Moltres|move: Roost
|
|-weather|none
|upkeep
|turn|38
|
|t:|1776097579
|move|p1a: Ceruledge|Taunt|p2a: Moltres
|-start|p2a: Moltres|move: Taunt
|move|p2a: Moltres|U-turn|p1a: Ceruledge
|-resisted|p1a: Ceruledge
|-damage|p1a: Ceruledge|92/100
|
|t:|1776097589
|switch|p2a: Hydrapple|Hydrapple, M|100/100|[from] U-turn
|
|upkeep
|turn|39
|
|t:|1776097600
|-terastallize|p1a: Ceruledge|Bug
|move|p1a: Ceruledge|Taunt|p2a: Hydrapple
|-start|p2a: Hydrapple|move: Taunt
|cant|p2a: Hydrapple|move: Taunt|Nasty Plot
|
|upkeep
|turn|40
|
|t:|1776097609
|move|p1a: Ceruledge|Bulk Up|p1a: Ceruledge
|-boost|p1a: Ceruledge|atk|1
|-boost|p1a: Ceruledge|def|1
|move|p2a: Hydrapple|Fickle Beam|p1a: Ceruledge
|-damage|p1a: Ceruledge|59/100
|
|upkeep
|turn|41
|
|t:|1776097618
|move|p1a: Ceruledge|Bitter Blade|p2a: Hydrapple
|-damage|p2a: Hydrapple|57/100
|-heal|p1a: Ceruledge|84/100|[from] drain|[of] p2a: Hydrapple
|move|p2a: Hydrapple|Fickle Beam|p1a: Ceruledge|[anim] Fickle Beam All Out
|-activate|p2a: Hydrapple|move: Fickle Beam
|-damage|p1a: Ceruledge|14/100
|
|-end|p2a: Hydrapple|move: Taunt
|upkeep
|turn|42
|
|t:|1776097628
|switch|p2a: Moltres|Moltres|98/100
|move|p1a: Ceruledge|Bitter Blade|p2a: Moltres
|-resisted|p2a: Moltres
|-damage|p2a: Moltres|75/100
|-heal|p1a: Ceruledge|26/100|[from] drain|[of] p2a: Moltres
|
|upkeep
|turn|43
|inactive|vzn.exe has 90 seconds left.
|
|t:|1776097637
|move|p1a: Ceruledge|Taunt|p2a: Moltres
|-start|p2a: Moltres|move: Taunt
|move|p2a: Moltres|U-turn|p1a: Ceruledge
|-damage|p1a: Ceruledge|16/100
|inactive|vzn.exe has 90 seconds left.
|
|t:|1776097647
|switch|p2a: Hydrapple|Hydrapple, M|90/100|[from] U-turn
|
|upkeep
|turn|44
|
|t:|1776097656
|switch|p1a: Iron Treads|Iron Treads, shiny|100/100
|switch|p2a: Moltres|Moltres|75/100
|
|upkeep
|turn|45
|inactive|vzn.exe has 90 seconds left.
|
|t:|1776097673
|-end|p1a: Iron Treads|Quark Drive|[silent]
|switch|p1a: Ceruledge|Ceruledge, F, shiny, tera:Bug|16/100
|move|p2a: Moltres|U-turn|p1a: Ceruledge
|-damage|p1a: Ceruledge|0 fnt
|faint|p1a: Ceruledge
|inactive|vzn.exe has 90 seconds left.
|
|t:|1776097682
|switch|p2a: Hydrapple|Hydrapple, M|100/100|[from] U-turn
|
|upkeep
|
|t:|1776097690
|switch|p1a: Iron Treads|Iron Treads, shiny|100/100
|turn|46
|inactive|vzn.exe has 90 seconds left.
|
|t:|1776097707
|-end|p1a: Iron Treads|Quark Drive|[silent]
|switch|p1a: Gliscor|Gliscor, M, shiny|22/100 tox
|move|p2a: Hydrapple|Nasty Plot|p2a: Hydrapple
|-boost|p2a: Hydrapple|spa|2
|
|-heal|p1a: Gliscor|34/100 tox|[from] ability: Poison Heal
|upkeep
|turn|47
|inactive|vzn.exe has 90 seconds left.
|
|t:|1776097724
|switch|p1a: Zamazenta|Zamazenta, shiny|55/100
|move|p2a: Hydrapple|Fickle Beam|p1a: Zamazenta|[anim] Fickle Beam All Out
|-activate|p2a: Hydrapple|move: Fickle Beam
|-crit|p1a: Zamazenta
|-damage|p1a: Zamazenta|0 fnt
|faint|p1a: Zamazenta
|
|upkeep
|
|t:|1776097730
|switch|p1a: Iron Treads|Iron Treads, shiny|100/100
|turn|48
|inactive|vzn.exe has 90 seconds left.
|
|t:|1776097745
|move|p1a: Iron Treads|Ice Spinner|p2a: Hydrapple
|-supereffective|p2a: Hydrapple
|-damage|p2a: Hydrapple|36/100
|move|p2a: Hydrapple|Giga Drain|p1a: Iron Treads
|-damage|p1a: Iron Treads|6/100
|-heal|p2a: Hydrapple|74/100|[from] drain|[of] p1a: Iron Treads
|
|-heal|p1a: Iron Treads|12/100|[from] item: Leftovers
|upkeep
|turn|49
|inactive|vzn.exe has 90 seconds left.
|
|t:|1776097754
|move|p1a: Iron Treads|Ice Spinner|p2a: Hydrapple
|-supereffective|p2a: Hydrapple
|-damage|p2a: Hydrapple|10/100
|move|p2a: Hydrapple|Giga Drain|p1a: Iron Treads
|-damage|p1a: Iron Treads|0 fnt
|-heal|p2a: Hydrapple|14/100|[from] drain|[of] p1a: Iron Treads
|faint|p1a: Iron Treads
|-end|p1a: Iron Treads|Quark Drive|[silent]
|
|upkeep
|
|t:|1776097756
|switch|p1a: Gliscor|Gliscor, M, shiny|34/100 tox
|turn|50
|inactive|vzn.exe has 90 seconds left.
|
|t:|1776097772
|switch|p2a: Moltres|Moltres|75/100
|move|p1a: Gliscor|Swords Dance|p1a: Gliscor
|-boost|p1a: Gliscor|atk|2
|
|-heal|p1a: Gliscor|47/100 tox|[from] ability: Poison Heal
|upkeep
|turn|51
|inactive|vzn.exe has 90 seconds left.
|
|t:|1776097792
|move|p1a: Gliscor|Swords Dance|p1a: Gliscor
|-boost|p1a: Gliscor|atk|2
|move|p2a: Moltres|Flamethrower|p1a: Gliscor
|-damage|p1a: Gliscor|4/100 tox
|
|-heal|p1a: Gliscor|16/100 tox|[from] ability: Poison Heal
|upkeep
|turn|52
|inactive|vzn.exe has 90 seconds left.
|
|t:|1776097799
|move|p1a: Gliscor|Facade|p2a: Moltres
|-damage|p2a: Moltres|2/100
|move|p2a: Moltres|Flamethrower|p1a: Gliscor
|-damage|p1a: Gliscor|0 fnt
|faint|p1a: Gliscor
|
|win|vzn.exe
|raw|snurke's rating: 1539 &rarr; <strong>1516</strong><br />(-23 for losing)
|raw|vzn.exe's rating: 1487 &rarr; <strong>1510</strong><br />(+23 for winning)
