|html|<div class="broadcast-blue"><strong>[Gen 9] OU is currently suspecting Volcarona! For information on how to participate check out the <a href="https://www.smogon.com/tools/suspects/view/208">suspect thread</a>.</strong></div>
|j|☆idleworshipper
|j|☆guensama
|t:|1778508150
|gametype|singles
|player|p1|idleworshipper|102|1334
|player|p2|guensama|roxanne|1305
|gen|9
|tier|[Gen 9] OU
|rated|
|rule|HP Percentage Mod: HP is shown in percentages
|rule|Endless Battle Clause: Forcing endless battles is banned
|rule|Species Clause: Limit one of each Pokémon
|rule|OHKO Clause: OHKO moves are banned
|rule|Evasion Items Clause: Evasion items are banned
|rule|Evasion Moves Clause: Evasion moves are banned
|rule|Evasion Abilities Clause: Evasion abilities are banned
|rule|Sleep Moves Clause: Sleep-inducing moves are banned
|clearpoke
|poke|p1|Frosmoth, M|
|poke|p1|Volcarona, M|
|poke|p1|Slither Wing|
|poke|p1|Vivillon-Fancy, M|
|poke|p1|Iron Moth|
|poke|p1|Venomoth, M|
|poke|p2|Samurott-Hisui, M|
|poke|p2|Walking Wake|
|poke|p2|Ceruledge, F|
|poke|p2|Cinderace, M|
|poke|p2|Darkrai|
|poke|p2|Clefable, M|
|teampreview
|inactive|Battle timer is ON: inactive players will automatically lose when time's up. (requested by idleworshipper)
|
|t:|1778508168
|teamsize|p1|6
|teamsize|p2|6
|start
|switch|p1a: Venomoth|Venomoth, M|100/100
|switch|p2a: JoJo Team|Samurott-Hisui, M|100/100
|turn|1
|
|t:|1778508174
|move|p1a: Venomoth|Stun Spore|p2a: JoJo Team|[miss]
|-miss|p1a: Venomoth|p2a: JoJo Team
|move|p2a: JoJo Team|Aqua Cutter|p1a: Venomoth
|-damage|p1a: Venomoth|45/100
|
|upkeep
|turn|2
|
|t:|1778508182
|move|p1a: Venomoth|Toxic Spikes|p2a: JoJo Team
|-sidestart|p2: guensama|move: Toxic Spikes
|move|p2a: JoJo Team|Ceaseless Edge|p1a: Venomoth
|-damage|p1a: Venomoth|0 fnt
|-sidestart|p1: idleworshipper|Spikes
|faint|p1a: Venomoth
|
|upkeep
|
|t:|1778508190
|switch|p1a: Slither Wing|Slither Wing|100/100
|-damage|p1a: Slither Wing|88/100|[from] Spikes
|turn|3
|
|t:|1778508199
|move|p1a: Slither Wing|U-turn|p2a: JoJo Team
|-supereffective|p2a: JoJo Team
|-enditem|p2a: JoJo Team|Focus Sash
|-damage|p2a: JoJo Team|1/100
|
|t:|1778508203
|-end|p1a: Slither Wing|Protosynthesis|[silent]
|switch|p1a: Vivillon|Vivillon-Fancy, M, shiny|100/100|[from] U-turn
|move|p2a: JoJo Team|Avalanche|p1a: Vivillon
|-supereffective|p1a: Vivillon
|-damage|p1a: Vivillon|25/100
|
|upkeep
|turn|4
|
|t:|1778508213
|move|p2a: JoJo Team|Aqua Jet|p1a: Vivillon
|-damage|p1a: Vivillon|0 fnt
|faint|p1a: Vivillon
|
|upkeep
|
|t:|1778508219
|switch|p1a: Slither Wing|Slither Wing|88/100
|-damage|p1a: Slither Wing|76/100|[from] Spikes
|turn|5
|
|t:|1778508224
|move|p2a: JoJo Team|Aqua Jet|p1a: Slither Wing
|-damage|p1a: Slither Wing|42/100
|move|p1a: Slither Wing|Leech Life|p2a: JoJo Team
|-supereffective|p2a: JoJo Team
|-damage|p2a: JoJo Team|0 fnt
|-heal|p1a: Slither Wing|43/100|[from] drain|[of] p2a: JoJo Team
|faint|p2a: JoJo Team
|
|upkeep
|
|t:|1778508239
|switch|p2a: Joseph|Cinderace, M, shiny|100/100
|turn|6
|
|t:|1778508249
|-end|p1a: Slither Wing|Protosynthesis|[silent]
|switch|p1a: Frosmoth|Frosmoth, M|100/100
|move|p2a: Joseph|Court Change|p2a: Joseph
|-swapsideconditions
|-activate|p2a: Joseph|move: Court Change
|
|upkeep
|turn|7
|
|t:|1778508258
|move|p2a: Joseph|Pyro Ball|p1a: Frosmoth
|-supereffective|p1a: Frosmoth
|-damage|p1a: Frosmoth|0 fnt
|faint|p1a: Frosmoth
|
|upkeep
|
|t:|1778508262
|switch|p1a: Iron Moth|Iron Moth|100/100
|-sideend|p1: idleworshipper|move: Toxic Spikes|[of] p1a: Iron Moth
|turn|8
|
|t:|1778508267
|move|p2a: Joseph|Court Change|p2a: Joseph
|-swapsideconditions
|-activate|p2a: Joseph|move: Court Change
|move|p1a: Iron Moth|Sludge Wave|p2a: Joseph
|-damage|p2a: Joseph|2/100
|
|upkeep
|turn|9
|
|t:|1778508273
|move|p2a: Joseph|Pyro Ball|p1a: Iron Moth
|-resisted|p1a: Iron Moth
|-damage|p1a: Iron Moth|44/100
|move|p1a: Iron Moth|Sludge Wave|p2a: Joseph
|-damage|p2a: Joseph|0 fnt
|faint|p2a: Joseph
|
|upkeep
|
|t:|1778508278
|switch|p2a: The Wonder of U|Walking Wake|100/100
|turn|10
|
|t:|1778508283
|move|p1a: Iron Moth|Sludge Wave|p2a: The Wonder of U
|-damage|p2a: The Wonder of U|10/100
|move|p2a: The Wonder of U|Hydro Steam|p1a: Iron Moth
|-supereffective|p1a: Iron Moth
|-damage|p1a: Iron Moth|0 fnt
|faint|p1a: Iron Moth
|-end|p1a: Iron Moth|Quark Drive|[silent]
|
|upkeep
|
|t:|1778508291
|switch|p1a: Slither Wing|Slither Wing|43/100
|-damage|p1a: Slither Wing|30/100|[from] Spikes
|turn|11
|
|t:|1778508294
|move|p1a: Slither Wing|First Impression|p2a: The Wonder of U
|-damage|p2a: The Wonder of U|0 fnt
|faint|p2a: The Wonder of U
|-end|p2a: The Wonder of U|Protosynthesis|[silent]
|
|upkeep
|
|t:|1778508298
|switch|p2a: Jotaro|Ceruledge, F|100/100
|turn|12
|
|t:|1778508300
|-end|p1a: Slither Wing|Protosynthesis|[silent]
|switch|p1a: Volcarona|Volcarona, M|100/100
|move|p2a: Jotaro|Bulk Up|p2a: Jotaro
|-boost|p2a: Jotaro|atk|1
|-boost|p2a: Jotaro|def|1
|
|upkeep
|turn|13
|
|t:|1778508312
|-terastallize|p2a: Jotaro|Bug
|move|p1a: Volcarona|Psychic|p2a: Jotaro
|-damage|p2a: Jotaro|71/100
|move|p2a: Jotaro|Bulk Up|p2a: Jotaro
|-boost|p2a: Jotaro|atk|1
|-boost|p2a: Jotaro|def|1
|
|upkeep
|turn|14
|
|t:|1778508323
|move|p1a: Volcarona|Bug Buzz|p2a: Jotaro
|-damage|p2a: Jotaro|28/100
|move|p2a: Jotaro|Bitter Blade|p1a: Volcarona
|-damage|p1a: Volcarona|0 fnt
|-heal|p2a: Jotaro|74/100|[from] drain|[of] p1a: Volcarona
|-status|p2a: Jotaro|brn|[from] ability: Flame Body|[of] p1a: Volcarona
|faint|p1a: Volcarona
|
|-damage|p2a: Jotaro|67/100 brn|[from] brn
|upkeep
|
|t:|1778508328
|switch|p1a: Slither Wing|Slither Wing|30/100
|-damage|p1a: Slither Wing|18/100|[from] Spikes
|turn|15
|
|t:|1778508333
|move|p1a: Slither Wing|Leech Life|p2a: Jotaro
|-damage|p2a: Jotaro|28/100 brn
|-heal|p1a: Slither Wing|40/100|[from] drain|[of] p2a: Jotaro
|move|p2a: Jotaro|Bitter Blade|p1a: Slither Wing
|-supereffective|p1a: Slither Wing
|-damage|p1a: Slither Wing|0 fnt
|-heal|p2a: Jotaro|46/100 brn|[from] drain|[of] p1a: Slither Wing
|faint|p1a: Slither Wing
|-end|p1a: Slither Wing|Protosynthesis|[silent]
|
|win|guensama
|raw|idleworshipper's rating: 1334 &rarr; <strong>1312</strong><br />(-22 for losing)
|raw|guensama's rating: 1305 &rarr; <strong>1327</strong><br />(+22 for winning)
|l|☆idleworshipper
|player|p1|
|l|☆guensama
|player|p2|
