|html|<div class="broadcast-blue"><strong>[Gen 9] OU is currently suspecting Tera Blast! For information on how to participate check out the <a href="https://www.smogon.com/tools/suspects/view/200">suspect thread</a>.</strong></div>
|j|☆fksfslgrsfd
|j|☆Depacos
|t:|1776192826
|gametype|singles
|player|p1|fksfslgrsfd|mira|1024
|player|p2|Depacos|caitlin|1004
|gen|9
|tier|[Gen 9] OU
|rated|
|rule|HP Percentage Mod: HP is shown in percentages
|rule|Endless Battle Clause: Forcing endless battles is banned
|rule|Species Clause: Limit one of each Pokémon
|rule|OHKO Clause: OHKO moves are banned
|rule|Evasion Items Clause: Evasion items are banned
|rule|Evasion Moves Clause: Evasion moves are banned
|rule|Evasion Abilities Clause: Evasion abilities are banned
|rule|Sleep Moves Clause: Sleep-inducing moves are banned
|clearpoke
|poke|p1|Dusclops, F|
|poke|p1|Grimmsnarl, M|
|poke|p1|Hatterene, F|
|poke|p1|Iron Valiant|
|poke|p1|Gengar, M|
|poke|p1|Iron Hands|
|poke|p2|Florges-White, F|
|poke|p2|Mudsdale, M|
|poke|p2|Kilowattrel, M|
|poke|p2|Skeledirge, M|
|poke|p2|Quaquaval, F|
|poke|p2|Golduck, M|
|teampreview
|
|t:|1776192833
|teamsize|p1|6
|teamsize|p2|6
|start
|switch|p1a: Grimmsnarl|Grimmsnarl, M|100/100
|switch|p2a: Kilowattrel|Kilowattrel, M|100/100
|turn|1
|
|t:|1776192838
|move|p2a: Kilowattrel|Eerie Impulse|p1a: Grimmsnarl
|-unboost|p1a: Grimmsnarl|spa|2
|move|p1a: Grimmsnarl|Metronome|p1a: Grimmsnarl
|move|p1a: Grimmsnarl|Shadow Force||[from] move: Metronome|[still]
|-prepare|p1a: Grimmsnarl|Shadow Force
|
|upkeep
|turn|2
|
|t:|1776192847
|switch|p2a: Quaquaval|Quaquaval, F, shiny|100/100
|move|p1a: Grimmsnarl|Shadow Force|p2a: Quaquaval|[from] lockedmove
|-damage|p2a: Quaquaval|60/100
|
|upkeep
|turn|3
|
|t:|1776192860
|switch|p2a: Florges|Florges-White, F, shiny|100/100
|move|p1a: Grimmsnarl|Metronome|p1a: Grimmsnarl
|move|p1a: Grimmsnarl|Phantom Force||[from] move: Metronome|[still]
|-prepare|p1a: Grimmsnarl|Phantom Force
|
|upkeep
|turn|4
|c|☆Depacos|what
|
|t:|1776192874
|move|p2a: Florges|Wish|p2a: Florges
|move|p1a: Grimmsnarl|Phantom Force|p2a: Florges|[from] lockedmove
|-damage|p2a: Florges|68/100
|
|-heal|p2a: Florges|75/100|[from] item: Leftovers
|upkeep
|turn|5
|
|t:|1776192882
|move|p2a: Florges|Calm Mind|p2a: Florges
|-boost|p2a: Florges|spa|1
|-boost|p2a: Florges|spd|1
|move|p1a: Grimmsnarl|Metronome|p1a: Grimmsnarl
|move|p1a: Grimmsnarl|Shore Up|p1a: Grimmsnarl|[from] move: Metronome
|-fail|p1a: Grimmsnarl|heal
|
|-heal|p2a: Florges|100/100|[from] move: Wish|[wisher] Florges
|upkeep
|turn|6
|
|t:|1776192891
|move|p2a: Florges|Calm Mind|p2a: Florges
|-boost|p2a: Florges|spa|1
|-boost|p2a: Florges|spd|1
|move|p1a: Grimmsnarl|Metronome|p1a: Grimmsnarl
|move|p1a: Grimmsnarl|Shadow Force||[from] move: Metronome|[still]
|-prepare|p1a: Grimmsnarl|Shadow Force
|
|upkeep
|turn|7
|
|t:|1776192897
|move|p2a: Florges|Calm Mind|p2a: Florges
|-boost|p2a: Florges|spa|1
|-boost|p2a: Florges|spd|1
|move|p1a: Grimmsnarl|Shadow Force|p2a: Florges|[from] lockedmove
|-damage|p2a: Florges|60/100
|
|-heal|p2a: Florges|66/100|[from] item: Leftovers
|upkeep
|turn|8
|
|t:|1776192904
|move|p2a: Florges|Wish|p2a: Florges
|move|p1a: Grimmsnarl|Metronome|p1a: Grimmsnarl
|move|p1a: Grimmsnarl|Bind|p2a: Florges|[from] move: Metronome
|-damage|p2a: Florges|61/100
|-activate|p2a: Florges|move: Bind|[of] p1a: Grimmsnarl
|
|-heal|p2a: Florges|67/100|[from] item: Leftovers
|-damage|p2a: Florges|55/100|[from] move: Bind|[partiallytrapped]
|upkeep
|turn|9
|
|t:|1776192913
|move|p2a: Florges|Calm Mind|p2a: Florges
|-boost|p2a: Florges|spa|1
|-boost|p2a: Florges|spd|1
|move|p1a: Grimmsnarl|Metronome|p1a: Grimmsnarl
|move|p1a: Grimmsnarl|Forest's Curse|p2a: Florges|[from] move: Metronome
|-start|p2a: Florges|typeadd|Grass|[from] move: Forest's Curse
|
|-heal|p2a: Florges|100/100|[from] move: Wish|[wisher] Florges
|-damage|p2a: Florges|88/100|[from] move: Bind|[partiallytrapped]
|upkeep
|turn|10
|
|t:|1776192924
|move|p2a: Florges|Moonblast|p1a: Grimmsnarl
|-supereffective|p1a: Grimmsnarl
|-crit|p1a: Grimmsnarl
|-damage|p1a: Grimmsnarl|0 fnt
|faint|p1a: Grimmsnarl
|
|-heal|p2a: Florges|94/100|[from] item: Leftovers
|-end|p2a: Florges|Bind|[partiallytrapped]|[silent]
|upkeep
|
|t:|1776192930
|switch|p1a: Gengar|Gengar, M|100/100
|turn|11
|
|t:|1776192932
|move|p1a: Gengar|Metronome|p1a: Gengar
|move|p1a: Gengar|Night Slash|p2a: Florges|[from] move: Metronome
|-resisted|p2a: Florges
|-damage|p2a: Florges|88/100
|move|p2a: Florges|Stored Power|p1a: Gengar
|-supereffective|p1a: Gengar
|-damage|p1a: Gengar|0 fnt
|faint|p1a: Gengar
|
|-heal|p2a: Florges|94/100|[from] item: Leftovers
|upkeep
|
|t:|1776192941
|switch|p1a: Iron Valiant|Iron Valiant|100/100
|-enditem|p1a: Iron Valiant|Booster Energy
|-activate|p1a: Iron Valiant|ability: Quark Drive|[fromitem]
|-start|p1a: Iron Valiant|quarkdrivespe
|turn|12
|
|t:|1776192951
|move|p1a: Iron Valiant|Metronome|p1a: Iron Valiant
|move|p1a: Iron Valiant|Giga Impact|p2a: Florges|[from] move: Metronome
|-damage|p2a: Florges|28/100
|-mustrecharge|p1a: Iron Valiant
|move|p2a: Florges|Stored Power|p1a: Iron Valiant
|-supereffective|p1a: Iron Valiant
|-damage|p1a: Iron Valiant|0 fnt
|faint|p1a: Iron Valiant
|-end|p1a: Iron Valiant|Quark Drive|[silent]
|
|-heal|p2a: Florges|34/100|[from] item: Leftovers
|upkeep
|
|t:|1776192958
|switch|p1a: Iron Hands|Iron Hands|100/100
|turn|13
|
|t:|1776192961
|move|p2a: Florges|Moonblast|p1a: Iron Hands
|-supereffective|p1a: Iron Hands
|-damage|p1a: Iron Hands|0 fnt
|faint|p1a: Iron Hands
|-end|p1a: Iron Hands|Quark Drive|[silent]
|
|-heal|p2a: Florges|40/100|[from] item: Leftovers
|upkeep
|
|t:|1776192964
|switch|p1a: Hatterene|Hatterene, F|100/100
|turn|14
|
|t:|1776192970
|-terastallize|p1a: Hatterene|Steel
|move|p2a: Florges|Wish|p2a: Florges
|move|p1a: Hatterene|Metronome|p1a: Hatterene
|move|p1a: Hatterene|Dive||[from] move: Metronome|[still]
|-prepare|p1a: Hatterene|Dive
|
|-heal|p2a: Florges|46/100|[from] item: Leftovers
|upkeep
|turn|15
|
|t:|1776192977
|move|p2a: Florges|Calm Mind|p2a: Florges
|-boost|p2a: Florges|spa|1
|-boost|p2a: Florges|spd|1
|move|p1a: Hatterene|Dive|p2a: Florges|[from] lockedmove
|-resisted|p2a: Florges
|-damage|p2a: Florges|36/100
|
|-heal|p2a: Florges|85/100|[from] move: Wish|[wisher] Florges
|-heal|p2a: Florges|92/100|[from] item: Leftovers
|upkeep
|turn|16
|
|t:|1776192985
|move|p2a: Florges|Calm Mind|p2a: Florges
|-boost|p2a: Florges|spa|1
|-boost|p2a: Florges|spd|1
|move|p1a: Hatterene|Metronome|p1a: Hatterene
|move|p1a: Hatterene|Fire Lash|p2a: Florges|[from] move: Metronome
|-supereffective|p2a: Florges
|-damage|p2a: Florges|49/100
|
|-heal|p2a: Florges|55/100|[from] item: Leftovers
|upkeep
|turn|17
|
|t:|1776192993
|move|p2a: Florges|Wish|p2a: Florges
|move|p1a: Hatterene|Metronome|p1a: Hatterene
|move|p1a: Hatterene|Hex|p2a: Florges|[from] move: Metronome
|-damage|p2a: Florges|52/100
|
|-heal|p2a: Florges|58/100|[from] item: Leftovers
|upkeep
|turn|18
|
|t:|1776193002
|move|p2a: Florges|Moonblast|p1a: Hatterene
|-resisted|p1a: Hatterene
|-damage|p1a: Hatterene|43/100
|-unboost|p1a: Hatterene|spa|1
|move|p1a: Hatterene|Metronome|p1a: Hatterene
|move|p1a: Hatterene|Struggle Bug|p2a: Florges|[from] move: Metronome
|-damage|p2a: Florges|57/100
|
|-heal|p2a: Florges|100/100|[from] move: Wish|[wisher] Florges
|-heal|p1a: Hatterene|49/100|[from] item: Leftovers
|upkeep
|turn|19
|
|t:|1776193013
|move|p2a: Florges|Moonblast|p1a: Hatterene
|-resisted|p1a: Hatterene
|-damage|p1a: Hatterene|0 fnt
|faint|p1a: Hatterene
|
|upkeep
|
|t:|1776193018
|switch|p1a: Dusclops|Dusclops, F|100/100
|-ability|p1a: Dusclops|Pressure
|turn|20
|
|t:|1776193024
|move|p2a: Florges|Stored Power|p1a: Dusclops
|-damage|p1a: Dusclops|0 fnt
|faint|p1a: Dusclops
|
|win|Depacos
|raw|fksfslgrsfd's rating: 1024 &rarr; <strong>1010</strong><br />(-14 for losing)
|raw|Depacos's rating: 1004 &rarr; <strong>1046</strong><br />(+42 for winning)
