|html|<div class="broadcast-blue"><strong>[Gen 9] OU is currently suspecting Tera Blast! For information on how to participate check out the <a href="https://www.smogon.com/tools/suspects/view/200">suspect thread</a>.</strong></div>
|j|☆True_Damage77
|j|☆kkkuroi
|t:|1776295008
|gametype|singles
|player|p1|True_Damage77|lucas|1075
|player|p2|kkkuroi|clerk|1124
|gen|9
|tier|[Gen 9] OU
|rated|
|rule|HP Percentage Mod: HP is shown in percentages
|rule|Endless Battle Clause: Forcing endless battles is banned
|rule|Species Clause: Limit one of each Pokémon
|rule|OHKO Clause: OHKO moves are banned
|rule|Evasion Items Clause: Evasion items are banned
|rule|Evasion Moves Clause: Evasion moves are banned
|rule|Evasion Abilities Clause: Evasion abilities are banned
|rule|Sleep Moves Clause: Sleep-inducing moves are banned
|clearpoke
|poke|p1|Charizard, M|
|poke|p1|Corviknight, M|
|poke|p1|Iron Valiant|
|poke|p1|Garchomp, M|
|poke|p1|Toxapex, M|
|poke|p1|Espeon, M|
|poke|p2|Gliscor, M|
|poke|p2|Heatran, F|
|poke|p2|Sinistcha|
|poke|p2|Corviknight, M|
|poke|p2|Tentacruel, F|
|poke|p2|Darkrai|
|teampreview
|
|t:|1776295052
|teamsize|p1|6
|teamsize|p2|6
|start
|switch|p1a: Charizard|Charizard, M, shiny|100/100
|switch|p2a: Gliskibidy|Gliscor, M|100/100
|turn|1
|
|t:|1776295062
|-terastallize|p1a: Charizard|Fire
|move|p1a: Charizard|Fire Blast|p2a: Gliskibidy
|-damage|p2a: Gliskibidy|48/100
|-status|p2a: Gliskibidy|brn
|move|p2a: Gliskibidy|Knock Off|p1a: Charizard
|-damage|p1a: Charizard|85/100
|-enditem|p1a: Charizard|Heavy-Duty Boots|[from] move: Knock Off|[of] p2a: Gliskibidy
|
|-damage|p2a: Gliskibidy|41/100 brn|[from] brn
|upkeep
|turn|2
|
|t:|1776295084
|move|p1a: Charizard|Fire Blast|p2a: Gliskibidy
|-damage|p2a: Gliskibidy|0 fnt
|faint|p2a: Gliskibidy
|
|upkeep
|
|t:|1776295097
|switch|p2a: Hotran|Heatran, F|100/100
|turn|3
|
|t:|1776295105
|move|p1a: Charizard|Air Slash|p2a: Hotran
|-resisted|p2a: Hotran
|-damage|p2a: Hotran|90/100
|move|p2a: Hotran|Earth Power|p1a: Charizard
|-supereffective|p1a: Charizard
|-damage|p1a: Charizard|22/100
|
|-heal|p2a: Hotran|96/100|[from] item: Leftovers
|upkeep
|turn|4
|
|t:|1776295116
|switch|p1a: Garchomp|Garchomp, M|100/100
|move|p2a: Hotran|Stealth Rock|p1a: Garchomp
|-sidestart|p1: True_Damage77|move: Stealth Rock
|
|-heal|p2a: Hotran|100/100|[from] item: Leftovers
|upkeep
|turn|5
|
|t:|1776295128
|switch|p2a: KornViknight|Corviknight, M|100/100
|-ability|p2a: KornViknight|Pressure
|move|p1a: Garchomp|Dragon Tail|p2a: KornViknight
|-resisted|p2a: KornViknight
|-damage|p2a: KornViknight|92/100
|-damage|p1a: Garchomp|84/100|[from] item: Rocky Helmet|[of] p2a: KornViknight
|drag|p2a: SinChingar|Sinistcha|100/100
|
|upkeep
|turn|6
|
|t:|1776295142
|move|p1a: Garchomp|Stone Edge|p2a: SinChingar
|-crit|p2a: SinChingar
|-damage|p2a: SinChingar|67/100
|move|p2a: SinChingar|Strength Sap|p1a: Garchomp
|-unboost|p1a: Garchomp|atk|1
|-heal|p2a: SinChingar|100/100
|
|upkeep
|turn|7
|
|t:|1776295151
|move|p1a: Garchomp|Stone Edge|p2a: SinChingar
|-damage|p2a: SinChingar|87/100
|move|p2a: SinChingar|Calm Mind|p2a: SinChingar
|-boost|p2a: SinChingar|spa|1
|-boost|p2a: SinChingar|spd|1
|
|upkeep
|turn|8
|
|t:|1776295160
|switch|p1a: Toxapex|Toxapex, M|100/100
|-damage|p1a: Toxapex|88/100|[from] Stealth Rock
|move|p2a: SinChingar|Calm Mind|p2a: SinChingar
|-boost|p2a: SinChingar|spa|1
|-boost|p2a: SinChingar|spd|1
|
|-heal|p1a: Toxapex|94/100|[from] item: Black Sludge
|upkeep
|turn|9
|
|t:|1776295185
|move|p2a: SinChingar|Shadow Ball|p1a: Toxapex
|-damage|p1a: Toxapex|36/100
|-unboost|p1a: Toxapex|spd|1
|move|p1a: Toxapex|Haze|p1a: Toxapex
|-clearallboost
|
|-heal|p1a: Toxapex|42/100|[from] item: Black Sludge
|upkeep
|turn|10
|
|t:|1776295211
|switch|p2a: DreamNotFound|Darkrai|100/100
|move|p1a: Toxapex|Recover|p1a: Toxapex
|-heal|p1a: Toxapex|92/100
|
|-heal|p1a: Toxapex|99/100|[from] item: Black Sludge
|upkeep
|turn|11
|
|t:|1776295235
|switch|p1a: Corviknight|Corviknight, M|100/100
|-damage|p1a: Corviknight|88/100|[from] Stealth Rock
|-ability|p1a: Corviknight|Pressure
|move|p2a: DreamNotFound|Knock Off|p1a: Corviknight
|-damage|p1a: Corviknight|53/100
|-enditem|p1a: Corviknight|Leftovers|[from] move: Knock Off|[of] p2a: DreamNotFound
|
|upkeep
|turn|12
|
|t:|1776295260
|switch|p2a: Hotran|Heatran, F|100/100
|move|p1a: Corviknight|Brave Bird|p2a: Hotran
|-resisted|p2a: Hotran
|-damage|p2a: Hotran|79/100
|-damage|p1a: Corviknight|45/100|[from] Recoil
|
|-heal|p2a: Hotran|85/100|[from] item: Leftovers
|upkeep
|turn|13
|
|t:|1776295277
|move|p1a: Corviknight|Body Press|p2a: Hotran
|-supereffective|p2a: Hotran
|-crit|p2a: Hotran
|-damage|p2a: Hotran|37/100
|move|p2a: Hotran|Will-O-Wisp|p1a: Corviknight
|-status|p1a: Corviknight|brn
|
|-heal|p2a: Hotran|43/100|[from] item: Leftovers
|-damage|p1a: Corviknight|39/100 brn|[from] brn
|upkeep
|turn|14
|
|t:|1776295320
|switch|p2a: KornViknight|Corviknight, M|92/100
|-ability|p2a: KornViknight|Pressure
|move|p1a: Corviknight|Body Press|p2a: KornViknight
|-damage|p2a: KornViknight|85/100
|-damage|p1a: Corviknight|22/100 brn|[from] item: Rocky Helmet|[of] p2a: KornViknight
|
|-damage|p1a: Corviknight|16/100 brn|[from] brn
|upkeep
|turn|15
|
|t:|1776295347
|switch|p1a: Iron Valiant|Iron Valiant|100/100
|-damage|p1a: Iron Valiant|94/100|[from] Stealth Rock
|-enditem|p1a: Iron Valiant|Booster Energy
|-activate|p1a: Iron Valiant|ability: Quark Drive|[fromitem]
|-start|p1a: Iron Valiant|quarkdrivespa
|move|p2a: KornViknight|Brave Bird|p1a: Iron Valiant
|-supereffective|p1a: Iron Valiant
|-crit|p1a: Iron Valiant
|-damage|p1a: Iron Valiant|0 fnt
|faint|p1a: Iron Valiant
|-end|p1a: Iron Valiant|Quark Drive|[silent]
|-damage|p2a: KornViknight|63/100|[from] Recoil
|
|upkeep
|
|t:|1776295364
|switch|p1a: Espeon|Espeon, M|100/100
|-damage|p1a: Espeon|88/100|[from] Stealth Rock
|turn|16
|
|t:|1776295392
|move|p1a: Espeon|Future Sight|p2a: KornViknight
|-start|p1a: Espeon|move: Future Sight
|move|p2a: KornViknight|Roost|p2a: KornViknight
|-heal|p2a: KornViknight|100/100
|-singleturn|p2a: KornViknight|move: Roost
|
|upkeep
|turn|17
|
|t:|1776295408
|move|p1a: Espeon|Psychic|p2a: KornViknight
|-resisted|p2a: KornViknight
|-damage|p2a: KornViknight|78/100
|move|p2a: KornViknight|U-turn|p1a: Espeon
|-supereffective|p1a: Espeon
|-damage|p1a: Espeon|43/100
|
|t:|1776295427
|switch|p2a: DreamNotFound|Darkrai|100/100|[from] U-turn
|
|upkeep
|turn|18
|
|t:|1776295446
|switch|p1a: Garchomp|Garchomp, M|84/100
|-damage|p1a: Garchomp|78/100|[from] Stealth Rock
|move|p2a: DreamNotFound|Dark Pulse|p1a: Garchomp
|-damage|p1a: Garchomp|33/100
|
|-end|p2a: DreamNotFound|move: Future Sight
|-immune|p2a: DreamNotFound
|upkeep
|turn|19
|
|t:|1776295479
|-terastallize|p2a: DreamNotFound|Dark
|move|p2a: DreamNotFound|Sucker Punch|p1a: Garchomp
|-damage|p1a: Garchomp|8/100
|-damage|p2a: DreamNotFound|88/100|[from] ability: Rough Skin|[of] p1a: Garchomp
|-damage|p2a: DreamNotFound|72/100|[from] item: Rocky Helmet|[of] p1a: Garchomp
|move|p1a: Garchomp|Dragon Tail|p2a: DreamNotFound
|-damage|p2a: DreamNotFound|34/100
|drag|p2a: Hotran|Heatran, F|43/100
|
|-heal|p2a: Hotran|49/100|[from] item: Leftovers
|upkeep
|turn|20
|
|t:|1776295495
|switch|p2a: KornViknight|Corviknight, M|78/100
|-ability|p2a: KornViknight|Pressure
|move|p1a: Garchomp|Stone Edge|p2a: KornViknight
|-damage|p2a: KornViknight|59/100
|
|upkeep
|turn|21
|
|t:|1776295508
|move|p1a: Garchomp|Stone Edge|p2a: KornViknight|[miss]
|-miss|p1a: Garchomp|p2a: KornViknight
|move|p2a: KornViknight|Roost|p2a: KornViknight
|-heal|p2a: KornViknight|100/100
|-singleturn|p2a: KornViknight|move: Roost
|
|upkeep
|turn|22
|
|t:|1776295522
|switch|p1a: Espeon|Espeon, M|43/100
|-damage|p1a: Espeon|30/100|[from] Stealth Rock
|move|p2a: KornViknight|Brave Bird|p1a: Espeon
|-damage|p1a: Espeon|0 fnt
|faint|p1a: Espeon
|-damage|p2a: KornViknight|92/100|[from] Recoil
|
|upkeep
|l|☆True_Damage77
|player|p1|
|c|☆kkkuroi|looool
|inactive|Battle timer is ON: inactive players will automatically lose when time's up. (requested by kkkuroi)
|inactiveoff|Battle timer is now OFF.
|inactive|Battle timer is ON: inactive players will automatically lose when time's up. (requested by kkkuroi)
|inactive|True_Damage77 has 30 seconds to reconnect!
|inactive|True_Damage77 has 20 seconds to reconnect!
|inactive|True_Damage77 has 15 seconds to reconnect!
|inactive|True_Damage77 has 10 seconds to reconnect!
|inactive|True_Damage77 has 5 seconds to reconnect!
|-message|True_Damage77 lost due to inactivity.
|
|win|kkkuroi
|raw|True_Damage77's rating: 1075 &rarr; <strong>1057</strong><br />(-18 for losing)
|raw|kkkuroi's rating: 1124 &rarr; <strong>1145</strong><br />(+21 for winning)
