|html|<div class="broadcast-blue"><strong>[Gen 9] OU is currently suspecting Tera Blast! For information on how to participate check out the <a href="https://www.smogon.com/tools/suspects/view/200">suspect thread</a>.</strong></div>
|j|☆TolaSix
|j|☆ZarrHaka
|t:|1776088026
|gametype|singles
|player|p1|TolaSix|infielder|1241
|player|p2|ZarrHaka|pokemaniac|1243
|gen|9
|tier|[Gen 9] OU
|rated|
|rule|HP Percentage Mod: HP is shown in percentages
|rule|Endless Battle Clause: Forcing endless battles is banned
|rule|Species Clause: Limit one of each Pokémon
|rule|OHKO Clause: OHKO moves are banned
|rule|Evasion Items Clause: Evasion items are banned
|rule|Evasion Moves Clause: Evasion moves are banned
|rule|Evasion Abilities Clause: Evasion abilities are banned
|rule|Sleep Moves Clause: Sleep-inducing moves are banned
|clearpoke
|poke|p1|Ribombee, M|
|poke|p1|Empoleon, M|
|poke|p1|Serperior, F|
|poke|p1|Ogerpon, F|
|poke|p1|Malamar, F|
|poke|p1|Smeargle, M|
|poke|p2|Iron Crown|
|poke|p2|Lycanroc-Midnight, M|
|poke|p2|Talonflame, F|
|poke|p2|Dragapult, F|
|poke|p2|Polteageist-Antique|
|poke|p2|Raichu, M|
|teampreview
|inactive|Battle timer is ON: inactive players will automatically lose when time's up. (requested by TolaSix)
|
|t:|1776088031
|teamsize|p1|6
|teamsize|p2|6
|start
|switch|p1a: Ribombee|Ribombee, M, shiny|100/100
|switch|p2a: Iron Crown|Iron Crown|100/100
|-enditem|p2a: Iron Crown|Booster Energy
|-activate|p2a: Iron Crown|ability: Quark Drive|[fromitem]
|-start|p2a: Iron Crown|quarkdrivedef
|turn|1
|
|t:|1776088040
|move|p1a: Ribombee|Stun Spore|p2a: Iron Crown|[miss]
|-miss|p1a: Ribombee|p2a: Iron Crown
|move|p2a: Iron Crown|Tachyon Cutter|p1a: Ribombee
|-supereffective|p1a: Ribombee
|-damage|p1a: Ribombee|19/100
|-supereffective|p1a: Ribombee
|-damage|p1a: Ribombee|0 fnt
|faint|p1a: Ribombee
|-hitcount|p1: Ribombee|2
|
|upkeep
|
|t:|1776088066
|switch|p1a: Serperior|Serperior, F|100/100
|turn|2
|
|t:|1776088075
|move|p1a: Serperior|Leaf Storm|p2a: Iron Crown
|-resisted|p2a: Iron Crown
|-damage|p2a: Iron Crown|78/100
|-boost|p1a: Serperior|spa|2
|move|p2a: Iron Crown|Calm Mind|p2a: Iron Crown
|-boost|p2a: Iron Crown|spa|1
|-boost|p2a: Iron Crown|spd|1
|
|upkeep
|turn|3
|
|t:|1776088096
|move|p1a: Serperior|Glare|p2a: Iron Crown
|-status|p2a: Iron Crown|par
|move|p2a: Iron Crown|Psychic|p1a: Serperior
|-crit|p1a: Serperior
|-damage|p1a: Serperior|0 fnt
|faint|p1a: Serperior
|
|upkeep
|
|t:|1776088110
|switch|p1a: Malamar|Malamar, F|100/100
|turn|4
|
|t:|1776088114
|move|p1a: Malamar|Superpower|p2a: Iron Crown
|-damage|p2a: Iron Crown|57/100 par
|-boost|p1a: Malamar|atk|1
|-boost|p1a: Malamar|def|1
|move|p2a: Iron Crown|Tachyon Cutter|p1a: Malamar
|-damage|p1a: Malamar|57/100
|-damage|p1a: Malamar|16/100
|-hitcount|p1a: Malamar|2
|
|upkeep
|turn|5
|
|t:|1776088125
|move|p1a: Malamar|Knock Off|p2a: Iron Crown
|-supereffective|p2a: Iron Crown
|-crit|p2a: Iron Crown
|-damage|p2a: Iron Crown|0 fnt
|faint|p2a: Iron Crown
|-end|p2a: Iron Crown|Quark Drive|[silent]
|
|upkeep
|
|t:|1776088142
|switch|p2a: Dragapult|Dragapult, F|100/100
|turn|6
|
|t:|1776088148
|switch|p1a: Empoleon|Empoleon, M|100/100
|move|p2a: Dragapult|Flamethrower|p1a: Empoleon
|-damage|p1a: Empoleon|84/100
|
|upkeep
|turn|7
|
|t:|1776088157
|move|p2a: Dragapult|Shadow Ball|p1a: Empoleon
|-damage|p1a: Empoleon|63/100
|move|p1a: Empoleon|Ice Beam|p2a: Dragapult
|-supereffective|p2a: Dragapult
|-damage|p2a: Dragapult|15/100
|
|upkeep
|turn|8
|
|t:|1776088167
|switch|p2a: Talonflame|Talonflame, F|100/100
|move|p1a: Empoleon|Surf|p2a: Talonflame
|-supereffective|p2a: Talonflame
|-damage|p2a: Talonflame|0 fnt
|faint|p2a: Talonflame
|
|upkeep
|
|t:|1776088173
|switch|p2a: Polteageist|Polteageist-Antique|100/100
|turn|9
|
|t:|1776088177
|move|p2a: Polteageist|Shell Smash|p2a: Polteageist
|-unboost|p2a: Polteageist|def|1
|-unboost|p2a: Polteageist|spd|1
|-boost|p2a: Polteageist|atk|2
|-boost|p2a: Polteageist|spa|2
|-boost|p2a: Polteageist|spe|2
|-enditem|p2a: Polteageist|White Herb
|-clearnegativeboost|p2a: Polteageist|[silent]
|move|p1a: Empoleon|Surf|p2a: Polteageist
|-damage|p2a: Polteageist|58/100
|
|upkeep
|turn|10
|
|t:|1776088189
|move|p2a: Polteageist|Shadow Ball|p1a: Empoleon
|-crit|p1a: Empoleon
|-damage|p1a: Empoleon|0 fnt
|faint|p1a: Empoleon
|
|upkeep
|
|t:|1776088203
|switch|p1a: Smeargle|Smeargle, M, shiny|100/100
|turn|11
|
|t:|1776088213
|move|p2a: Polteageist|Tera Blast|p1a: Smeargle
|-enditem|p1a: Smeargle|Focus Sash
|-damage|p1a: Smeargle|1/100
|move|p1a: Smeargle|Sticky Web|p2a: Polteageist
|-sidestart|p2: ZarrHaka|move: Sticky Web
|
|upkeep
|turn|12
|
|t:|1776088222
|move|p2a: Polteageist|Tera Blast|p1a: Smeargle
|-damage|p1a: Smeargle|0 fnt
|faint|p1a: Smeargle
|
|upkeep
|
|t:|1776088228
|switch|p1a: Ogerpon|Ogerpon, F|100/100
|turn|13
|
|t:|1776088235
|-terastallize|p1a: Ogerpon|Grass
|detailschange|p1a: Ogerpon|Ogerpon-Teal-Tera, F, tera:Grass
|-ability|p1a: Ogerpon|Embody Aspect (Teal)|boost
|-boost|p1a: Ogerpon|spe|1
|move|p1a: Ogerpon|Knock Off|p2a: Polteageist
|-supereffective|p2a: Polteageist
|-damage|p2a: Polteageist|0 fnt
|faint|p2a: Polteageist
|
|upkeep
|
|t:|1776088241
|switch|p2a: Raichu|Raichu, M, shiny|100/100
|-activate|p2a: Raichu|move: Sticky Web
|-unboost|p2a: Raichu|spe|1
|turn|14
|
|t:|1776088256
|move|p1a: Ogerpon|Ivy Cudgel|p2a: Raichu
|-enditem|p2a: Raichu|Focus Sash
|-damage|p2a: Raichu|1/100
|move|p2a: Raichu|Endeavor|p1a: Ogerpon
|-damage|p1a: Ogerpon|1/100
|
|upkeep
|turn|15
|
|t:|1776088271
|move|p1a: Ogerpon|Trailblaze|p2a: Raichu
|-damage|p2a: Raichu|0 fnt
|-boost|p1a: Ogerpon|spe|1
|faint|p2a: Raichu
|
|upkeep
|
|t:|1776088278
|switch|p2a: Dragapult|Dragapult, F|15/100
|-activate|p2a: Dragapult|move: Sticky Web
|-unboost|p2a: Dragapult|spe|1
|turn|16
|
|t:|1776088283
|move|p1a: Ogerpon|Knock Off|p2a: Dragapult
|-supereffective|p2a: Dragapult
|-damage|p2a: Dragapult|0 fnt
|-enditem|p2a: Dragapult|Mirror Herb|[from] move: Knock Off|[of] p1a: Ogerpon
|faint|p2a: Dragapult
|
|upkeep
|
|t:|1776088285
|switch|p2a: Lycanroc|Lycanroc-Midnight, M, shiny|100/100
|-activate|p2a: Lycanroc|move: Sticky Web
|-unboost|p2a: Lycanroc|spe|1
|turn|17
|
|t:|1776088290
|move|p2a: Lycanroc|Sucker Punch|p1a: Ogerpon
|-damage|p1a: Ogerpon|0 fnt
|faint|p1a: Ogerpon
|detailschange|p1: Ogerpon|Ogerpon, F|[silent]
|
|upkeep
|
|t:|1776088292
|switch|p1a: Malamar|Malamar, F|16/100
|turn|18
|
|t:|1776088299
|-terastallize|p2a: Lycanroc|Bug
|move|p1a: Malamar|Superpower|p2a: Lycanroc
|-resisted|p2a: Lycanroc
|-damage|p2a: Lycanroc|85/100
|-boost|p1a: Malamar|atk|1
|-boost|p1a: Malamar|def|1
|move|p2a: Lycanroc|Counter|p1a: Malamar
|-damage|p1a: Malamar|0 fnt
|faint|p1a: Malamar
|
|win|ZarrHaka
|raw|TolaSix's rating: 1241 &rarr; <strong>1216</strong><br />(-25 for losing)
|raw|ZarrHaka's rating: 1243 &rarr; <strong>1268</strong><br />(+25 for winning)
|l|☆ZarrHaka
|player|p2|
