|html|<div class="broadcast-blue"><strong>[Gen 9] OU is currently suspecting Tera Blast! For information on how to participate check out the <a href="https://www.smogon.com/tools/suspects/view/200">suspect thread</a>.</strong></div>
|j|☆Burner81828
|j|☆zhaohan132
|t:|1776221494
|gametype|singles
|player|p1|Burner81828|ethan|1101
|player|p2|zhaohan132|170|1079
|gen|9
|tier|[Gen 9] OU
|rated|
|rule|HP Percentage Mod: HP is shown in percentages
|rule|Endless Battle Clause: Forcing endless battles is banned
|rule|Species Clause: Limit one of each Pokémon
|rule|OHKO Clause: OHKO moves are banned
|rule|Evasion Items Clause: Evasion items are banned
|rule|Evasion Moves Clause: Evasion moves are banned
|rule|Evasion Abilities Clause: Evasion abilities are banned
|rule|Sleep Moves Clause: Sleep-inducing moves are banned
|clearpoke
|poke|p1|Dragapult, M|
|poke|p1|Hoopa-Unbound|
|poke|p1|Great Tusk|
|poke|p1|Heatran, M|
|poke|p1|Zapdos|
|poke|p1|Toxapex, F|
|poke|p2|Glimmora, F|
|poke|p2|Toxapex, F|
|poke|p2|Amoonguss, F|
|poke|p2|Garganacl, M|
|poke|p2|Suicune|
|poke|p2|Gliscor, F|
|teampreview
|inactive|Battle timer is ON: inactive players will automatically lose when time's up. (requested by Burner81828)
|
|t:|1776221507
|teamsize|p1|6
|teamsize|p2|6
|start
|switch|p1a: Hoopa|Hoopa-Unbound|100/100
|switch|p2a: Glimmora|Glimmora, F|100/100
|turn|1
|
|t:|1776221514
|move|p1a: Hoopa|Dark Pulse|p2a: Glimmora
|-damage|p2a: Glimmora|31/100
|cant|p2a: Glimmora|flinch
|
|upkeep
|turn|2
|
|t:|1776221527
|-terastallize|p2a: Glimmora|Fire
|move|p1a: Hoopa|Dark Pulse|p2a: Glimmora
|-damage|p2a: Glimmora|0 fnt
|faint|p2a: Glimmora
|
|upkeep
|
|t:|1776221536
|switch|p2a: Toxapex|Toxapex, F|100/100
|turn|3
|
|t:|1776221541
|switch|p1a: Heatran|Heatran, M|100/100
|move|p2a: Toxapex|Toxic Spikes|p1a: Heatran
|-sidestart|p1: Burner81828|move: Toxic Spikes
|
|upkeep
|turn|4
|
|t:|1776221549
|move|p1a: Heatran|Will-O-Wisp|p2a: Toxapex
|-status|p2a: Toxapex|brn
|move|p2a: Toxapex|Toxic Spikes|p1a: Heatran
|-sidestart|p1: Burner81828|move: Toxic Spikes
|
|-damage|p2a: Toxapex|94/100 brn|[from] brn
|upkeep
|turn|5
|
|t:|1776221558
|move|p1a: Heatran|Earth Power|p2a: Toxapex
|-supereffective|p2a: Toxapex
|-damage|p2a: Toxapex|53/100 brn
|move|p2a: Toxapex|Sludge Bomb|p1a: Heatran
|-immune|p1a: Heatran
|
|-heal|p2a: Toxapex|59/100 brn|[from] item: Black Sludge
|-damage|p2a: Toxapex|53/100 brn|[from] brn
|upkeep
|turn|6
|
|t:|1776221569
|move|p1a: Heatran|Taunt|p2a: Toxapex
|-start|p2a: Toxapex|move: Taunt
|cant|p2a: Toxapex|move: Taunt|Recover
|
|-heal|p2a: Toxapex|59/100 brn|[from] item: Black Sludge
|-damage|p2a: Toxapex|53/100 brn|[from] brn
|upkeep
|turn|7
|
|t:|1776221578
|switch|p2a: Suicune|Suicune|100/100
|move|p1a: Heatran|Magma Storm|p2a: Suicune|[miss]
|-miss|p1a: Heatran|p2a: Suicune
|
|upkeep
|turn|8
|
|t:|1776221587
|move|p2a: Suicune|Calm Mind|p2a: Suicune
|-boost|p2a: Suicune|spa|1
|-boost|p2a: Suicune|spd|1
|move|p1a: Heatran|Taunt|p2a: Suicune
|-start|p2a: Suicune|move: Taunt
|
|upkeep
|turn|9
|
|t:|1776221594
|switch|p1a: Toxapex|Toxapex, F|100/100
|-sideend|p1: Burner81828|move: Toxic Spikes|[of] p1a: Toxapex
|move|p2a: Suicune|Hydro Pump|p1a: Toxapex
|-resisted|p1a: Toxapex
|-damage|p1a: Toxapex|82/100
|
|upkeep
|turn|10
|
|t:|1776221610
|switch|p2a: Amoonguss|Amoonguss, F|100/100
|move|p1a: Toxapex|Toxic|p2a: Amoonguss
|-immune|p2a: Amoonguss
|
|upkeep
|turn|11
|
|t:|1776221620
|switch|p1a: Zapdos|Zapdos|100/100
|move|p2a: Amoonguss|Clear Smog|p1a: Zapdos
|-damage|p1a: Zapdos|84/100
|-clearboost|p1a: Zapdos
|
|upkeep
|turn|12
|
|t:|1776221640
|move|p1a: Zapdos|Hurricane|p2a: Amoonguss
|-supereffective|p2a: Amoonguss
|-damage|p2a: Amoonguss|32/100
|-start|p2a: Amoonguss|confusion
|-activate|p2a: Amoonguss|confusion
|move|p2a: Amoonguss|Toxic|p1a: Zapdos
|-status|p1a: Zapdos|tox
|
|-heal|p2a: Amoonguss|39/100|[from] item: Leftovers
|-damage|p1a: Zapdos|78/100 tox|[from] psn
|upkeep
|turn|13
|
|t:|1776221651
|switch|p2a: Garganacl|Garganacl, M|100/100
|move|p1a: Zapdos|Discharge|p2a: Garganacl
|-damage|p2a: Garganacl|63/100
|
|-heal|p2a: Garganacl|70/100|[from] item: Leftovers
|-damage|p1a: Zapdos|66/100 tox|[from] psn
|upkeep
|turn|14
|
|t:|1776221661
|switch|p1a: Toxapex|Toxapex, F|100/100
|move|p2a: Garganacl|Salt Cure|p1a: Toxapex
|-damage|p1a: Toxapex|91/100
|-start|p1a: Toxapex|Salt Cure
|
|-heal|p2a: Garganacl|76/100|[from] item: Leftovers
|-damage|p1a: Toxapex|67/100|[from] Salt Cure
|upkeep
|turn|15
|
|t:|1776221673
|switch|p1a: Great Tusk|Great Tusk|100/100
|move|p2a: Garganacl|Recover|p2a: Garganacl
|-heal|p2a: Garganacl|100/100
|
|upkeep
|turn|16
|
|t:|1776221683
|switch|p2a: Gliscor|Gliscor, F|100/100
|move|p1a: Great Tusk|Stealth Rock|p2a: Gliscor
|-sidestart|p2: zhaohan132|move: Stealth Rock
|
|-status|p2a: Gliscor|tox|[from] item: Toxic Orb
|upkeep
|turn|17
|
|t:|1776221692
|-end|p1a: Great Tusk|Protosynthesis|[silent]
|switch|p1a: Toxapex|Toxapex, F|99/100
|move|p2a: Gliscor|Earthquake|p1a: Toxapex
|-supereffective|p1a: Toxapex
|-damage|p1a: Toxapex|66/100
|
|upkeep
|turn|18
|
|t:|1776221699
|move|p2a: Gliscor|Earthquake|p1a: Toxapex
|-supereffective|p1a: Toxapex
|-damage|p1a: Toxapex|28/100
|move|p1a: Toxapex|Surf|p2a: Gliscor
|-supereffective|p2a: Gliscor
|-crit|p2a: Gliscor
|-damage|p2a: Gliscor|36/100 tox
|
|-heal|p2a: Gliscor|49/100 tox|[from] ability: Poison Heal
|upkeep
|turn|19
|
|t:|1776221710
|switch|p1a: Zapdos|Zapdos|66/100 tox
|move|p2a: Gliscor|Earthquake|p1a: Zapdos
|-immune|p1a: Zapdos
|
|-damage|p1a: Zapdos|59/100 tox|[from] psn
|-heal|p2a: Gliscor|61/100 tox|[from] ability: Poison Heal
|upkeep
|turn|20
|
|t:|1776221724
|switch|p2a: Garganacl|Garganacl, M|100/100
|-damage|p2a: Garganacl|88/100|[from] Stealth Rock
|move|p1a: Zapdos|Hurricane|p2a: Garganacl
|-resisted|p2a: Garganacl
|-damage|p2a: Garganacl|61/100
|
|-heal|p2a: Garganacl|68/100|[from] item: Leftovers
|-damage|p1a: Zapdos|47/100 tox|[from] psn
|upkeep
|turn|21
|
|t:|1776221736
|switch|p1a: Great Tusk|Great Tusk|100/100
|move|p2a: Garganacl|Salt Cure|p1a: Great Tusk
|-resisted|p1a: Great Tusk
|-damage|p1a: Great Tusk|98/100
|-start|p1a: Great Tusk|Salt Cure
|
|-heal|p1a: Great Tusk|100/100|[from] item: Leftovers
|-heal|p2a: Garganacl|74/100|[from] item: Leftovers
|-damage|p1a: Great Tusk|88/100|[from] Salt Cure
|upkeep
|turn|22
|
|t:|1776221749
|move|p1a: Great Tusk|Knock Off|p2a: Garganacl
|-damage|p2a: Garganacl|56/100
|-enditem|p2a: Garganacl|Leftovers|[from] move: Knock Off|[of] p1a: Great Tusk
|move|p2a: Garganacl|Recover|p2a: Garganacl
|-heal|p2a: Garganacl|100/100
|
|-heal|p1a: Great Tusk|94/100|[from] item: Leftovers
|-damage|p1a: Great Tusk|82/100|[from] Salt Cure
|upkeep
|turn|23
|
|t:|1776221759
|move|p1a: Great Tusk|Headlong Rush|p2a: Garganacl
|-supereffective|p2a: Garganacl
|-damage|p2a: Garganacl|38/100
|-unboost|p1a: Great Tusk|def|1
|-unboost|p1a: Great Tusk|spd|1
|move|p2a: Garganacl|Stealth Rock|p1a: Great Tusk
|-sidestart|p1: Burner81828|move: Stealth Rock
|
|-heal|p1a: Great Tusk|88/100|[from] item: Leftovers
|-damage|p1a: Great Tusk|76/100|[from] Salt Cure
|upkeep
|turn|24
|
|t:|1776221774
|switch|p2a: Gliscor|Gliscor, F|61/100 tox
|-damage|p2a: Gliscor|49/100 tox|[from] Stealth Rock
|move|p1a: Great Tusk|Headlong Rush|p2a: Gliscor
|-immune|p2a: Gliscor
|
|-heal|p1a: Great Tusk|82/100|[from] item: Leftovers
|-heal|p2a: Gliscor|61/100 tox|[from] ability: Poison Heal
|-damage|p1a: Great Tusk|70/100|[from] Salt Cure
|upkeep
|turn|25
|
|t:|1776221791
|-end|p1a: Great Tusk|Protosynthesis|[silent]
|switch|p1a: Zapdos|Zapdos|47/100 tox
|move|p2a: Gliscor|Earthquake|p1a: Zapdos
|-immune|p1a: Zapdos
|
|-damage|p1a: Zapdos|41/100 tox|[from] psn
|-heal|p2a: Gliscor|73/100 tox|[from] ability: Poison Heal
|upkeep
|turn|26
|
|t:|1776221801
|switch|p1a: Great Tusk|Great Tusk|70/100
|-damage|p1a: Great Tusk|67/100|[from] Stealth Rock
|move|p2a: Gliscor|Protect||[still]
|-fail|p2a: Gliscor
|
|-heal|p1a: Great Tusk|73/100|[from] item: Leftovers
|-heal|p2a: Gliscor|86/100 tox|[from] ability: Poison Heal
|upkeep
|turn|27
|
|t:|1776221812
|move|p1a: Great Tusk|Rapid Spin|p2a: Gliscor
|-damage|p2a: Gliscor|73/100 tox
|-boost|p1a: Great Tusk|spe|1
|-sideend|p1: Burner81828|Stealth Rock|[from] move: Rapid Spin|[of] p1a: Great Tusk
|move|p2a: Gliscor|Earthquake|p1a: Great Tusk
|-damage|p1a: Great Tusk|50/100
|
|-heal|p1a: Great Tusk|56/100|[from] item: Leftovers
|-heal|p2a: Gliscor|86/100 tox|[from] ability: Poison Heal
|upkeep
|turn|28
|
|t:|1776221829
|move|p1a: Great Tusk|Knock Off|p2a: Gliscor
|-damage|p2a: Gliscor|62/100 tox
|-enditem|p2a: Gliscor|Toxic Orb|[from] move: Knock Off|[of] p1a: Great Tusk
|move|p2a: Gliscor|U-turn|p1a: Great Tusk
|-resisted|p1a: Great Tusk
|-damage|p1a: Great Tusk|51/100
|
|t:|1776221838
|switch|p2a: Garganacl|Garganacl, M|38/100|[from] U-turn
|-damage|p2a: Garganacl|26/100|[from] Stealth Rock
|
|-heal|p1a: Great Tusk|57/100|[from] item: Leftovers
|upkeep
|turn|29
|
|t:|1776221844
|move|p2a: Garganacl|Protect|p2a: Garganacl
|-singleturn|p2a: Garganacl|Protect
|move|p1a: Great Tusk|Headlong Rush|p2a: Garganacl
|-activate|p2a: Garganacl|move: Protect
|
|-heal|p1a: Great Tusk|64/100|[from] item: Leftovers
|upkeep
|turn|30
|
|t:|1776221853
|move|p1a: Great Tusk|Headlong Rush|p2a: Garganacl
|-supereffective|p2a: Garganacl
|-damage|p2a: Garganacl|0 fnt
|-unboost|p1a: Great Tusk|def|1
|-unboost|p1a: Great Tusk|spd|1
|faint|p2a: Garganacl
|
|-heal|p1a: Great Tusk|70/100|[from] item: Leftovers
|upkeep
|
|t:|1776221867
|switch|p2a: Amoonguss|Amoonguss, F|72/100
|-damage|p2a: Amoonguss|60/100|[from] Stealth Rock
|turn|31
|
|t:|1776221876
|-end|p1a: Great Tusk|Protosynthesis|[silent]
|switch|p1a: Heatran|Heatran, M|100/100
|move|p2a: Amoonguss|Toxic|p1a: Heatran
|-immune|p1a: Heatran
|
|-heal|p2a: Amoonguss|66/100|[from] item: Leftovers
|upkeep
|turn|32
|
|t:|1776221885
|switch|p2a: Suicune|Suicune|100/100
|-damage|p2a: Suicune|88/100|[from] Stealth Rock
|move|p1a: Heatran|Will-O-Wisp|p2a: Suicune
|-status|p2a: Suicune|brn
|
|-heal|p2a: Suicune|94/100 brn|[from] item: Leftovers
|-damage|p2a: Suicune|88/100 brn|[from] brn
|upkeep
|turn|33
|
|t:|1776221896
|move|p2a: Suicune|Hydro Pump|p1a: Heatran
|-supereffective|p1a: Heatran
|-crit|p1a: Heatran
|-damage|p1a: Heatran|36/100
|move|p1a: Heatran|Magma Storm|p2a: Suicune
|-resisted|p2a: Suicune
|-damage|p2a: Suicune|76/100 brn
|-activate|p2a: Suicune|move: Magma Storm|[of] p1a: Heatran
|
|-heal|p2a: Suicune|82/100 brn|[from] item: Leftovers
|-heal|p1a: Heatran|42/100|[from] item: Leftovers
|-damage|p2a: Suicune|76/100 brn|[from] brn
|-damage|p2a: Suicune|63/100 brn|[from] move: Magma Storm|[partiallytrapped]
|upkeep
|turn|34
|
|t:|1776221909
|move|p2a: Suicune|Hydro Pump|p1a: Heatran
|-supereffective|p1a: Heatran
|-damage|p1a: Heatran|0 fnt
|faint|p1a: Heatran
|
|-heal|p2a: Suicune|70/100 brn|[from] item: Leftovers
|-damage|p2a: Suicune|63/100 brn|[from] brn
|-end|p2a: Suicune|Magma Storm|[partiallytrapped]|[silent]
|upkeep
|
|t:|1776221930
|switch|p1a: Hoopa|Hoopa-Unbound|100/100
|turn|35
|
|t:|1776221936
|move|p2a: Suicune|Protect|p2a: Suicune
|-singleturn|p2a: Suicune|Protect
|move|p1a: Hoopa|Dark Pulse|p2a: Suicune
|-activate|p2a: Suicune|move: Protect
|
|-heal|p2a: Suicune|70/100 brn|[from] item: Leftovers
|-damage|p2a: Suicune|63/100 brn|[from] brn
|upkeep
|turn|36
|
|t:|1776221944
|move|p1a: Hoopa|Dark Pulse|p2a: Suicune
|-damage|p2a: Suicune|36/100 brn
|move|p2a: Suicune|Hydro Pump|p1a: Hoopa|[miss]
|-miss|p2a: Suicune|p1a: Hoopa
|
|-heal|p2a: Suicune|42/100 brn|[from] item: Leftovers
|-damage|p2a: Suicune|36/100 brn|[from] brn
|upkeep
|turn|37
|
|t:|1776221957
|move|p1a: Hoopa|Dark Pulse|p2a: Suicune
|-damage|p2a: Suicune|8/100 brn
|move|p2a: Suicune|Rest|p2a: Suicune
|-status|p2a: Suicune|slp|[from] move: Rest
|-heal|p2a: Suicune|100/100 slp|[silent]
|
|upkeep
|turn|38
|
|t:|1776221969
|switch|p1a: Dragapult|Dragapult, M|100/100
|switch|p2a: Amoonguss|Amoonguss, F|99/100
|-damage|p2a: Amoonguss|87/100|[from] Stealth Rock
|
|-heal|p2a: Amoonguss|93/100|[from] item: Leftovers
|upkeep
|turn|39
|
|t:|1776221978
|switch|p1a: Toxapex|Toxapex, F|61/100
|move|p2a: Amoonguss|Toxic|p1a: Toxapex
|-immune|p1a: Toxapex
|
|-heal|p2a: Amoonguss|99/100|[from] item: Leftovers
|upkeep
|turn|40
|
|t:|1776221995
|switch|p1a: Hoopa|Hoopa-Unbound|100/100
|switch|p2a: Gliscor|Gliscor, F|62/100 tox
|-damage|p2a: Gliscor|50/100 tox|[from] Stealth Rock
|
|-heal|p2a: Gliscor|62/100 tox|[from] ability: Poison Heal
|upkeep
|turn|41
|
|t:|1776222004
|-terastallize|p1a: Hoopa|Dark
|move|p1a: Hoopa|Dark Pulse|p2a: Gliscor
|-damage|p2a: Gliscor|0 fnt
|faint|p2a: Gliscor
|
|upkeep
|
|t:|1776222015
|switch|p2a: Toxapex|Toxapex, F|86/100 brn
|-damage|p2a: Toxapex|74/100 brn|[from] Stealth Rock
|turn|42
|
|t:|1776222020
|switch|p1a: Zapdos|Zapdos|41/100 tox
|move|p2a: Toxapex|Baneful Bunker||[still]
|-fail|p2a: Toxapex
|
|-heal|p2a: Toxapex|80/100 brn|[from] item: Black Sludge
|-damage|p1a: Zapdos|34/100 tox|[from] psn
|-damage|p2a: Toxapex|74/100 brn|[from] brn
|upkeep
|turn|43
|
|t:|1776222024
|switch|p2a: Amoonguss|Amoonguss, F|100/100
|-damage|p2a: Amoonguss|88/100|[from] Stealth Rock
|move|p1a: Zapdos|Discharge|p2a: Amoonguss
|-resisted|p2a: Amoonguss
|-damage|p2a: Amoonguss|75/100
|
|-heal|p2a: Amoonguss|81/100|[from] item: Leftovers
|-damage|p1a: Zapdos|22/100 tox|[from] psn
|upkeep
|turn|44
|
|t:|1776222031
|move|p1a: Zapdos|Discharge|p2a: Amoonguss
|-resisted|p2a: Amoonguss
|-damage|p2a: Amoonguss|68/100
|move|p2a: Amoonguss|Toxic|p1a: Zapdos
|-fail|p1a: Zapdos|tox
|
|-heal|p2a: Amoonguss|74/100|[from] item: Leftovers
|-damage|p1a: Zapdos|3/100 tox|[from] psn
|upkeep
|turn|45
|
|t:|1776222036
|move|p1a: Zapdos|Discharge|p2a: Amoonguss
|-resisted|p2a: Amoonguss
|-damage|p2a: Amoonguss|62/100
|-status|p2a: Amoonguss|par
|cant|p2a: Amoonguss|par
|
|-heal|p2a: Amoonguss|68/100 par|[from] item: Leftovers
|-damage|p1a: Zapdos|0 fnt|[from] psn
|faint|p1a: Zapdos
|upkeep
|
|t:|1776222054
|switch|p1a: Hoopa|Hoopa-Unbound, tera:Dark|100/100
|turn|46
|
|t:|1776222058
|move|p1a: Hoopa|Psyshock|p2a: Amoonguss
|-supereffective|p2a: Amoonguss
|-damage|p2a: Amoonguss|0 fnt
|faint|p2a: Amoonguss
|
|upkeep
|
|t:|1776222066
|switch|p2a: Suicune|Suicune|100/100 slp
|-damage|p2a: Suicune|88/100 slp|[from] Stealth Rock
|turn|47
|
|t:|1776222070
|cant|p2a: Suicune|slp
|move|p1a: Hoopa|Psyshock|p2a: Suicune
|-damage|p2a: Suicune|51/100 slp
|
|-heal|p2a: Suicune|57/100 slp|[from] item: Leftovers
|upkeep
|turn|48
|
|t:|1776222075
|cant|p2a: Suicune|slp
|move|p1a: Hoopa|Psyshock|p2a: Suicune
|-damage|p2a: Suicune|22/100 slp
|
|-heal|p2a: Suicune|28/100 slp|[from] item: Leftovers
|upkeep
|turn|49
|
|t:|1776222077
|-curestatus|p2a: Suicune|slp|[msg]
|move|p2a: Suicune|Protect|p2a: Suicune
|-singleturn|p2a: Suicune|Protect
|move|p1a: Hoopa|Psyshock|p2a: Suicune
|-activate|p2a: Suicune|move: Protect
|
|-heal|p2a: Suicune|34/100|[from] item: Leftovers
|upkeep
|turn|50
|
|t:|1776222082
|move|p2a: Suicune|Protect|p2a: Suicune
|-singleturn|p2a: Suicune|Protect
|move|p1a: Hoopa|Psyshock|p2a: Suicune
|-activate|p2a: Suicune|move: Protect
|
|-heal|p2a: Suicune|41/100|[from] item: Leftovers
|upkeep
|turn|51
|
|t:|1776222084
|move|p1a: Hoopa|Psyshock|p2a: Suicune
|-damage|p2a: Suicune|2/100
|move|p2a: Suicune|Hydro Pump|p1a: Hoopa
|-damage|p1a: Hoopa|71/100
|
|-heal|p2a: Suicune|9/100|[from] item: Leftovers
|upkeep
|turn|52
|
|t:|1776222088
|move|p1a: Hoopa|Psyshock|p2a: Suicune
|-damage|p2a: Suicune|0 fnt
|faint|p2a: Suicune
|
|upkeep
|
|t:|1776222093
|switch|p2a: Toxapex|Toxapex, F|100/100 brn
|-damage|p2a: Toxapex|88/100 brn|[from] Stealth Rock
|turn|53
|-message|zhaohan132 forfeited.
|
|win|Burner81828
|raw|Burner81828's rating: 1101 &rarr; <strong>1124</strong><br />(+23 for winning)
|raw|zhaohan132's rating: 1079 &rarr; <strong>1059</strong><br />(-20 for losing)
|l|☆zhaohan132
|player|p2|
|l|☆Burner81828
|player|p1|
