|html|<div class="broadcast-blue"><strong>[Gen 9] OU is currently suspecting Tera Blast! For information on how to participate check out the <a href="https://www.smogon.com/tools/suspects/view/200">suspect thread</a>.</strong></div>
|j|☆Cmanps2
|j|☆po09
|t:|1776032546
|gametype|singles
|player|p1|Cmanps2|2|1144
|player|p2|po09|102|1149
|gen|9
|tier|[Gen 9] OU
|rated|
|rule|HP Percentage Mod: HP is shown in percentages
|rule|Endless Battle Clause: Forcing endless battles is banned
|rule|Species Clause: Limit one of each Pokémon
|rule|OHKO Clause: OHKO moves are banned
|rule|Evasion Items Clause: Evasion items are banned
|rule|Evasion Moves Clause: Evasion moves are banned
|rule|Evasion Abilities Clause: Evasion abilities are banned
|rule|Sleep Moves Clause: Sleep-inducing moves are banned
|clearpoke
|poke|p1|Tyranitar, F|
|poke|p1|Excadrill, M|
|poke|p1|Zamazenta-*|
|poke|p1|Moltres|
|poke|p1|Ogerpon-Wellspring, F|
|poke|p1|Glimmora, M|
|poke|p2|Iron Moth|
|poke|p2|Gliscor, M|
|poke|p2|Goodra-Hisui, F|
|poke|p2|Flygon, M|
|poke|p2|Wo-Chien|
|poke|p2|Heatran, F|
|teampreview
|
|t:|1776032571
|teamsize|p1|6
|teamsize|p2|6
|start
|switch|p1a: Glimmora|Glimmora, M|100/100
|switch|p2a: Flygon|Flygon, M|100/100
|turn|1
|
|t:|1776032589
|switch|p1a: Zamazenta|Zamazenta|100/100
|-ability|p1a: Zamazenta|Dauntless Shield|boost
|-boost|p1a: Zamazenta|def|1
|move|p2a: Flygon|Tailwind|p2a: Flygon
|-sidestart|p2: po09|move: Tailwind
|
|upkeep
|turn|2
|
|t:|1776032600
|move|p2a: Flygon|Stealth Rock|p1a: Zamazenta
|-sidestart|p1: Cmanps2|move: Stealth Rock
|move|p1a: Zamazenta|Iron Defense|p1a: Zamazenta
|-boost|p1a: Zamazenta|def|2
|
|upkeep
|turn|3
|
|t:|1776032605
|move|p2a: Flygon|U-turn|p1a: Zamazenta
|-resisted|p1a: Zamazenta
|-damage|p1a: Zamazenta|97/100
|
|t:|1776032624
|switch|p2a: Gliscor|Gliscor, M|100/100|[from] U-turn
|move|p1a: Zamazenta|Body Press|p2a: Gliscor
|-resisted|p2a: Gliscor
|-damage|p2a: Gliscor|62/100
|
|-heal|p1a: Zamazenta|100/100|[from] item: Leftovers
|-status|p2a: Gliscor|tox|[from] item: Toxic Orb
|upkeep
|turn|4
|
|t:|1776032635
|move|p2a: Gliscor|Fling|p1a: Zamazenta
|-resisted|p1a: Zamazenta
|-damage|p1a: Zamazenta|99/100
|-status|p1a: Zamazenta|tox
|-enditem|p2a: Gliscor|Toxic Orb|[from] move: Fling
|move|p1a: Zamazenta|Roar|p2a: Gliscor
|drag|p2a: Wo-Chien|Wo-Chien|100/100
|-ability|p2a: Wo-Chien|Tablets of Ruin
|
|-heal|p1a: Zamazenta|100/100 tox|[from] item: Leftovers
|-damage|p1a: Zamazenta|94/100 tox|[from] psn
|-sideend|p2: po09|move: Tailwind
|upkeep
|turn|5
|
|t:|1776032649
|move|p2a: Wo-Chien|Protect|p2a: Wo-Chien
|-singleturn|p2a: Wo-Chien|Protect
|move|p1a: Zamazenta|Body Press|p2a: Wo-Chien
|-activate|p2a: Wo-Chien|move: Protect
|
|-heal|p1a: Zamazenta|100/100 tox|[from] item: Leftovers
|-damage|p1a: Zamazenta|88/100 tox|[from] psn
|upkeep
|turn|6
|inactive|Battle timer is ON: inactive players will automatically lose when time's up. (requested by Cmanps2)
|
|t:|1776032673
|switch|p2a: Flygon|Flygon, M|100/100
|move|p1a: Zamazenta|Body Press|p2a: Flygon
|-damage|p2a: Flygon|0 fnt
|faint|p2a: Flygon
|
|-heal|p1a: Zamazenta|94/100 tox|[from] item: Leftovers
|-damage|p1a: Zamazenta|76/100 tox|[from] psn
|upkeep
|
|t:|1776032693
|switch|p2a: Gliscor|Gliscor, M|62/100 tox
|turn|7
|
|t:|1776032700
|switch|p1a: Excadrill|Excadrill, M|100/100
|-damage|p1a: Excadrill|97/100|[from] Stealth Rock
|-item|p1a: Excadrill|Air Balloon
|move|p2a: Gliscor|Protect||[still]
|-fail|p2a: Gliscor
|
|-heal|p2a: Gliscor|74/100 tox|[from] ability: Poison Heal
|upkeep
|turn|8
|
|t:|1776032712
|move|p2a: Gliscor|Acrobatics|p1a: Excadrill
|-resisted|p1a: Excadrill
|-damage|p1a: Excadrill|66/100
|-enditem|p1a: Excadrill|Air Balloon
|move|p1a: Excadrill|Swords Dance|p1a: Excadrill
|-boost|p1a: Excadrill|atk|2
|
|-heal|p2a: Gliscor|87/100 tox|[from] ability: Poison Heal
|upkeep
|turn|9
|
|t:|1776032723
|-terastallize|p1a: Excadrill|Dragon
|move|p2a: Gliscor|Earthquake|p1a: Excadrill
|-damage|p1a: Excadrill|4/100
|move|p1a: Excadrill|Rapid Spin|p2a: Gliscor
|-damage|p2a: Gliscor|47/100 tox
|-boost|p1a: Excadrill|spe|1
|-sideend|p1: Cmanps2|Stealth Rock|[from] move: Rapid Spin|[of] p1a: Excadrill
|
|-heal|p2a: Gliscor|59/100 tox|[from] ability: Poison Heal
|upkeep
|turn|10
|
|t:|1776032736
|move|p2a: Gliscor|Protect|p2a: Gliscor
|-singleturn|p2a: Gliscor|Protect
|move|p1a: Excadrill|Iron Head|p2a: Gliscor
|-activate|p2a: Gliscor|move: Protect
|
|-heal|p2a: Gliscor|72/100 tox|[from] ability: Poison Heal
|upkeep
|turn|11
|
|t:|1776032745
|move|p1a: Excadrill|Iron Head|p2a: Gliscor
|-damage|p2a: Gliscor|0 fnt
|faint|p2a: Gliscor
|
|upkeep
|
|t:|1776032758
|switch|p2a: Wo-Chien|Wo-Chien|100/100
|-ability|p2a: Wo-Chien|Tablets of Ruin
|turn|12
|
|t:|1776032768
|switch|p1a: Moltres|Moltres|100/100
|move|p2a: Wo-Chien|Ingrain|p2a: Wo-Chien
|-start|p2a: Wo-Chien|move: Ingrain
|
|upkeep
|turn|13
|
|t:|1776032782
|-terastallize|p2a: Wo-Chien|Water
|move|p1a: Moltres|U-turn|p2a: Wo-Chien
|-damage|p2a: Wo-Chien|91/100
|-damage|p1a: Moltres|84/100|[from] item: Rocky Helmet|[of] p2a: Wo-Chien
|
|t:|1776032789
|switch|p1a: Ogerpon|Ogerpon-Wellspring, F|100/100|[from] U-turn
|move|p2a: Wo-Chien|Leech Seed|p1a: Ogerpon
|-immune|p1a: Ogerpon
|
|-heal|p2a: Wo-Chien|98/100|[from] Ingrain
|upkeep
|turn|14
|
|t:|1776032800
|move|p1a: Ogerpon|Knock Off|p2a: Wo-Chien
|-damage|p2a: Wo-Chien|71/100
|-damage|p1a: Ogerpon|84/100|[from] item: Rocky Helmet|[of] p2a: Wo-Chien
|-enditem|p2a: Wo-Chien|Rocky Helmet|[from] move: Knock Off|[of] p1a: Ogerpon
|move|p2a: Wo-Chien|Ruination|p1a: Ogerpon
|-damage|p1a: Ogerpon|42/100
|
|-heal|p2a: Wo-Chien|77/100|[from] Ingrain
|upkeep
|turn|15
|
|t:|1776032811
|move|p1a: Ogerpon|U-turn|p2a: Wo-Chien
|-damage|p2a: Wo-Chien|60/100
|
|t:|1776032825
|switch|p1a: Tyranitar|Tyranitar, F|100/100|[from] U-turn
|-weather|Sandstorm|[from] ability: Sand Stream|[of] p1a: Tyranitar
|move|p2a: Wo-Chien|Ruination|p1a: Tyranitar
|-damage|p1a: Tyranitar|51/100
|
|-weather|Sandstorm|[upkeep]
|-damage|p2a: Wo-Chien|54/100|[from] Sandstorm
|-heal|p2a: Wo-Chien|60/100|[from] Ingrain
|upkeep
|turn|16
|
|t:|1776032836
|move|p1a: Tyranitar|Stone Edge|p2a: Wo-Chien|[miss]
|-miss|p1a: Tyranitar|p2a: Wo-Chien
|move|p2a: Wo-Chien|Leech Seed|p1a: Tyranitar
|-start|p1a: Tyranitar|move: Leech Seed
|
|-weather|Sandstorm|[upkeep]
|-damage|p2a: Wo-Chien|54/100|[from] Sandstorm
|-heal|p2a: Wo-Chien|60/100|[from] Ingrain
|-damage|p1a: Tyranitar|38/100|[from] Leech Seed|[of] p2a: Wo-Chien
|-heal|p2a: Wo-Chien|72/100|[silent]
|upkeep
|turn|17
|
|t:|1776032848
|move|p1a: Tyranitar|Stone Edge|p2a: Wo-Chien
|-damage|p2a: Wo-Chien|9/100
|move|p2a: Wo-Chien|Ruination|p1a: Tyranitar
|-damage|p1a: Tyranitar|20/100
|
|-weather|Sandstorm|[upkeep]
|-damage|p2a: Wo-Chien|3/100|[from] Sandstorm
|-heal|p2a: Wo-Chien|9/100|[from] Ingrain
|-damage|p1a: Tyranitar|7/100|[from] Leech Seed|[of] p2a: Wo-Chien
|-heal|p2a: Wo-Chien|20/100|[silent]
|upkeep
|turn|18
|
|t:|1776032859
|switch|p1a: Glimmora|Glimmora, M|100/100
|move|p2a: Wo-Chien|Protect||[still]
|-fail|p2a: Wo-Chien
|
|-weather|Sandstorm|[upkeep]
|-damage|p2a: Wo-Chien|14/100|[from] Sandstorm
|-heal|p2a: Wo-Chien|20/100|[from] Ingrain
|upkeep
|turn|19
|
|t:|1776032871
|move|p1a: Glimmora|Meteor Beam||[still]
|-prepare|p1a: Glimmora|Meteor Beam
|-boost|p1a: Glimmora|spa|1
|-enditem|p1a: Glimmora|Power Herb
|-anim|p1a: Glimmora|Meteor Beam|p2a: Wo-Chien
|-damage|p2a: Wo-Chien|0 fnt
|faint|p2a: Wo-Chien
|
|-weather|none
|upkeep
|
|t:|1776032894
|switch|p2a: Goodra|Goodra-Hisui, F|100/100
|turn|20
|
|t:|1776032899
|move|p1a: Glimmora|Earth Power|p2a: Goodra
|-supereffective|p2a: Goodra
|-damage|p2a: Goodra|57/100
|move|p2a: Goodra|Curse|p2a: Goodra
|-unboost|p2a: Goodra|spe|1
|-boost|p2a: Goodra|atk|1
|-boost|p2a: Goodra|def|1
|
|-heal|p2a: Goodra|63/100|[from] item: Leftovers
|upkeep
|turn|21
|
|t:|1776032909
|move|p2a: Goodra|Protect|p2a: Goodra
|-singleturn|p2a: Goodra|Protect
|move|p1a: Glimmora|Earth Power|p2a: Goodra
|-activate|p2a: Goodra|move: Protect
|
|-heal|p2a: Goodra|69/100|[from] item: Leftovers
|upkeep
|turn|22
|
|t:|1776032918
|move|p1a: Glimmora|Earth Power|p2a: Goodra
|-supereffective|p2a: Goodra
|-damage|p2a: Goodra|23/100
|move|p2a: Goodra|Iron Head|p1a: Glimmora
|-supereffective|p1a: Glimmora
|-damage|p1a: Glimmora|3/100
|-activate|p1a: Glimmora|ability: Toxic Debris
|-sidestart|p2: po09|move: Toxic Spikes
|
|-heal|p2a: Goodra|29/100|[from] item: Leftovers
|upkeep
|turn|23
|
|t:|1776032930
|move|p2a: Goodra|Protect|p2a: Goodra
|-singleturn|p2a: Goodra|Protect
|move|p1a: Glimmora|Earth Power|p2a: Goodra
|-activate|p2a: Goodra|move: Protect
|
|-heal|p2a: Goodra|35/100|[from] item: Leftovers
|upkeep
|turn|24
|
|t:|1776032941
|move|p1a: Glimmora|Earth Power|p2a: Goodra
|-supereffective|p2a: Goodra
|-damage|p2a: Goodra|0 fnt
|faint|p2a: Goodra
|
|upkeep
|
|t:|1776032947
|switch|p2a: Iron Moth|Iron Moth|100/100
|-sideend|p2: po09|move: Toxic Spikes|[of] p2a: Iron Moth
|turn|25
|
|t:|1776032955
|move|p2a: Iron Moth|Fiery Dance|p1a: Glimmora
|-resisted|p1a: Glimmora
|-damage|p1a: Glimmora|0 fnt
|faint|p1a: Glimmora
|
|upkeep
|
|t:|1776032965
|switch|p1a: Tyranitar|Tyranitar, F|7/100
|-weather|Sandstorm|[from] ability: Sand Stream|[of] p1a: Tyranitar
|turn|26
|
|t:|1776032970
|move|p2a: Iron Moth|Fiery Dance|p1a: Tyranitar
|-resisted|p1a: Tyranitar
|-damage|p1a: Tyranitar|0 fnt
|faint|p1a: Tyranitar
|
|-weather|Sandstorm|[upkeep]
|-damage|p2a: Iron Moth|95/100|[from] Sandstorm
|upkeep
|
|t:|1776032972
|switch|p1a: Excadrill|Excadrill, M, tera:Dragon|4/100
|turn|27
|
|t:|1776032979
|move|p1a: Excadrill|Earthquake|p2a: Iron Moth
|-supereffective|p2a: Iron Moth
|-damage|p2a: Iron Moth|0 fnt
|faint|p2a: Iron Moth
|-end|p2a: Iron Moth|Quark Drive|[silent]
|
|-weather|Sandstorm|[upkeep]
|upkeep
|
|t:|1776033002
|switch|p2a: Heatran|Heatran, F|100/100
|turn|28
|
|t:|1776033009
|move|p1a: Excadrill|Earthquake|p2a: Heatran
|-supereffective|p2a: Heatran
|-crit|p2a: Heatran
|-damage|p2a: Heatran|0 fnt
|faint|p2a: Heatran
|
|win|Cmanps2
|raw|Cmanps2's rating: 1144 &rarr; <strong>1169</strong><br />(+25 for winning)
|raw|po09's rating: 1149 &rarr; <strong>1124</strong><br />(-25 for losing)
|l|☆Cmanps2
|player|p1|
|l|☆po09
|player|p2|
