|html|<div class="broadcast-blue"><strong>[Gen 9] OU is currently suspecting Tera Blast! For information on how to participate check out the <a href="https://www.smogon.com/tools/suspects/view/200">suspect thread</a>.</strong></div>
|j|☆rodvy
|j|☆Kouneko
|t:|1776089611
|gametype|singles
|player|p1|rodvy|n|1358
|player|p2|Kouneko|parasollady|1325
|gen|9
|tier|[Gen 9] OU
|rated|
|rule|HP Percentage Mod: HP is shown in percentages
|rule|Endless Battle Clause: Forcing endless battles is banned
|rule|Species Clause: Limit one of each Pokémon
|rule|OHKO Clause: OHKO moves are banned
|rule|Evasion Items Clause: Evasion items are banned
|rule|Evasion Moves Clause: Evasion moves are banned
|rule|Evasion Abilities Clause: Evasion abilities are banned
|rule|Sleep Moves Clause: Sleep-inducing moves are banned
|clearpoke
|poke|p1|Primarina, M|
|poke|p1|Darkrai|
|poke|p1|Zamazenta-*|
|poke|p1|Iron Treads|
|poke|p1|Dragonite, M|
|poke|p1|Iron Valiant|
|poke|p2|Ting-Lu|
|poke|p2|Keldeo-Resolute|
|poke|p2|Moltres|
|poke|p2|Heatran, M|
|poke|p2|Forretress, F|
|poke|p2|Hydrapple, M|
|teampreview
|
|t:|1776089636
|teamsize|p1|6
|teamsize|p2|6
|start
|switch|p1a: Calamity|Iron Valiant, shiny|100/100
|switch|p2a: Ting-Lu|Ting-Lu|100/100
|-ability|p2a: Ting-Lu|Vessel of Ruin
|turn|1
|
|t:|1776089648
|switch|p2a: Heatran|Heatran, M|100/100
|move|p1a: Calamity|Moonblast|p2a: Heatran
|-resisted|p2a: Heatran
|-damage|p2a: Heatran|89/100
|
|-heal|p2a: Heatran|95/100|[from] item: Leftovers
|upkeep
|turn|2
|
|t:|1776089657
|-end|p1a: Calamity|Quark Drive|[silent]
|switch|p1a: Leviathan|Dragonite, M, shiny|100/100
|move|p2a: Heatran|Heavy Slam|p1a: Leviathan
|-damage|p1a: Leviathan|90/100
|
|-heal|p2a: Heatran|100/100|[from] item: Leftovers
|upkeep
|turn|3
|
|t:|1776089666
|move|p1a: Leviathan|Dragon Dance|p1a: Leviathan
|-boost|p1a: Leviathan|atk|1
|-boost|p1a: Leviathan|spe|1
|move|p2a: Heatran|Stealth Rock|p1a: Leviathan
|-sidestart|p1: rodvy|move: Stealth Rock
|
|upkeep
|turn|4
|
|t:|1776089669
|switch|p2a: Moltres|Moltres|100/100
|move|p1a: Leviathan|Earthquake|p2a: Moltres
|-immune|p2a: Moltres
|
|upkeep
|turn|5
|
|t:|1776089691
|move|p1a: Leviathan|Dragon Dance|p1a: Leviathan
|-boost|p1a: Leviathan|atk|1
|-boost|p1a: Leviathan|spe|1
|move|p2a: Moltres|Roar|p1a: Leviathan
|drag|p1a: Celestine|Primarina, M, shiny|100/100
|-damage|p1a: Celestine|88/100|[from] Stealth Rock
|
|upkeep
|turn|6
|
|t:|1776089696
|switch|p2a: Hydrapple|Hydrapple, M|100/100
|move|p1a: Celestine|Psychic Noise|p2a: Hydrapple
|-resisted|p2a: Hydrapple
|-damage|p2a: Hydrapple|91/100
|-start|p2a: Hydrapple|move: Heal Block
|
|upkeep
|turn|7
|
|t:|1776089702
|move|p1a: Celestine|Moonblast|p2a: Hydrapple
|-supereffective|p2a: Hydrapple
|-damage|p2a: Hydrapple|0 fnt
|faint|p2a: Hydrapple
|
|upkeep
|
|t:|1776089714
|switch|p2a: Ting-Lu|Ting-Lu|100/100
|-ability|p2a: Ting-Lu|Vessel of Ruin
|turn|8
|
|t:|1776089726
|-terastallize|p2a: Ting-Lu|Ground
|move|p1a: Celestine|Moonblast|p2a: Ting-Lu
|-damage|p2a: Ting-Lu|72/100
|-unboost|p2a: Ting-Lu|spa|1
|move|p2a: Ting-Lu|Earthquake|p1a: Celestine
|-damage|p1a: Celestine|0 fnt
|faint|p1a: Celestine
|
|upkeep
|
|t:|1776089743
|switch|p1a: Leviathan|Dragonite, M, shiny|90/100
|turn|9
|
|t:|1776089747
|switch|p2a: Moltres|Moltres|100/100
|move|p1a: Leviathan|Dragon Dance|p1a: Leviathan
|-boost|p1a: Leviathan|atk|1
|-boost|p1a: Leviathan|spe|1
|
|upkeep
|turn|10
|
|t:|1776089752
|move|p1a: Leviathan|Extreme Speed|p2a: Moltres
|-damage|p2a: Moltres|69/100
|move|p2a: Moltres|Will-O-Wisp|p1a: Leviathan
|-status|p1a: Leviathan|brn
|
|-damage|p1a: Leviathan|83/100 brn|[from] brn
|upkeep
|turn|11
|
|t:|1776089758
|move|p1a: Leviathan|Facade|p2a: Moltres
|-damage|p2a: Moltres|22/100
|move|p2a: Moltres|Flamethrower|p1a: Leviathan
|-resisted|p1a: Leviathan
|-damage|p1a: Leviathan|65/100 brn
|
|-damage|p1a: Leviathan|59/100 brn|[from] brn
|upkeep
|turn|12
|
|t:|1776089767
|switch|p2a: Forretress|Forretress, F|100/100
|move|p1a: Leviathan|Extreme Speed|p2a: Forretress
|-resisted|p2a: Forretress
|-damage|p2a: Forretress|95/100
|
|-heal|p2a: Forretress|100/100|[from] item: Leftovers
|-damage|p1a: Leviathan|53/100 brn|[from] brn
|upkeep
|turn|13
|
|t:|1776089774
|move|p1a: Leviathan|Dragon Dance|p1a: Leviathan
|-boost|p1a: Leviathan|atk|1
|-boost|p1a: Leviathan|spe|1
|move|p2a: Forretress|Body Press|p1a: Leviathan
|-resisted|p1a: Leviathan
|-damage|p1a: Leviathan|35/100 brn
|
|-damage|p1a: Leviathan|28/100 brn|[from] brn
|upkeep
|turn|14
|
|t:|1776089785
|move|p1a: Leviathan|Facade|p2a: Forretress
|-resisted|p2a: Forretress
|-damage|p2a: Forretress|74/100
|move|p2a: Forretress|Body Press|p1a: Leviathan
|-resisted|p1a: Leviathan
|-damage|p1a: Leviathan|11/100 brn
|
|-heal|p2a: Forretress|80/100|[from] item: Leftovers
|-damage|p1a: Leviathan|5/100 brn|[from] brn
|upkeep
|turn|15
|
|t:|1776089789
|move|p1a: Leviathan|Facade|p2a: Forretress
|-resisted|p2a: Forretress
|-damage|p2a: Forretress|52/100
|move|p2a: Forretress|Rapid Spin|p1a: Leviathan
|-damage|p1a: Leviathan|0 fnt
|-boost|p2a: Forretress|spe|1
|faint|p1a: Leviathan
|
|-heal|p2a: Forretress|58/100|[from] item: Leftovers
|upkeep
|
|t:|1776089796
|switch|p1a: Yagami|Darkrai, shiny|100/100
|-damage|p1a: Yagami|88/100|[from] Stealth Rock
|turn|16
|
|t:|1776089799
|move|p1a: Yagami|Dark Pulse|p2a: Forretress
|-damage|p2a: Forretress|0 fnt
|faint|p2a: Forretress
|
|upkeep
|
|t:|1776089803
|switch|p2a: Keldeo|Keldeo-Resolute|100/100
|turn|17
|
|t:|1776089811
|switch|p1a: Calamity|Iron Valiant, shiny|100/100
|-damage|p1a: Calamity|94/100|[from] Stealth Rock
|move|p2a: Keldeo|Vacuum Wave|p1a: Calamity
|-resisted|p1a: Calamity
|-damage|p1a: Calamity|71/100
|
|upkeep
|turn|18
|
|t:|1776089820
|switch|p2a: Heatran|Heatran, M|100/100
|move|p1a: Calamity|Thunderbolt|p2a: Heatran
|-damage|p2a: Heatran|71/100
|
|-heal|p2a: Heatran|77/100|[from] item: Leftovers
|upkeep
|turn|19
|
|t:|1776089826
|-end|p1a: Calamity|Quark Drive|[silent]
|switch|p1a: Rage|Iron Treads, shiny|100/100
|-damage|p1a: Rage|97/100|[from] Stealth Rock
|-item|p1a: Rage|Air Balloon
|move|p2a: Heatran|Heavy Slam|p1a: Rage
|-resisted|p1a: Rage
|-damage|p1a: Rage|91/100
|-enditem|p1a: Rage|Air Balloon
|
|-heal|p2a: Heatran|84/100|[from] item: Leftovers
|upkeep
|turn|20
|
|t:|1776089832
|switch|p2a: Moltres|Moltres|22/100
|move|p1a: Rage|Ice Spinner|p2a: Moltres
|-damage|p2a: Moltres|5/100
|-status|p1a: Rage|brn|[from] ability: Flame Body|[of] p2a: Moltres
|
|-damage|p1a: Rage|85/100 brn|[from] brn
|upkeep
|turn|21
|
|t:|1776089838
|move|p1a: Rage|Rapid Spin|p2a: Moltres
|-damage|p2a: Moltres|0 fnt
|-boost|p1a: Rage|spe|1
|-sideend|p1: rodvy|Stealth Rock|[from] move: Rapid Spin|[of] p1a: Rage
|faint|p2a: Moltres
|
|-damage|p1a: Rage|79/100 brn|[from] brn
|upkeep
|
|t:|1776089843
|switch|p2a: Keldeo|Keldeo-Resolute|100/100
|turn|22
|
|t:|1776089864
|-end|p1a: Rage|Quark Drive|[silent]
|switch|p1a: Trojan|Zamazenta, shiny|100/100
|-ability|p1a: Trojan|Dauntless Shield|boost
|-boost|p1a: Trojan|def|1
|move|p2a: Keldeo|Secret Sword|p1a: Trojan
|-damage|p1a: Trojan|73/100
|
|-heal|p1a: Trojan|79/100|[from] item: Leftovers
|upkeep
|turn|23
|
|t:|1776089869
|move|p1a: Trojan|Iron Defense|p1a: Trojan
|-boost|p1a: Trojan|def|2
|move|p2a: Keldeo|Surf|p1a: Trojan
|-damage|p1a: Trojan|44/100
|
|-heal|p1a: Trojan|50/100|[from] item: Leftovers
|upkeep
|turn|24
|
|t:|1776089878
|move|p1a: Trojan|Body Press|p2a: Keldeo
|-damage|p2a: Keldeo|9/100
|move|p2a: Keldeo|Surf|p1a: Trojan
|-damage|p1a: Trojan|14/100
|
|-heal|p1a: Trojan|20/100|[from] item: Leftovers
|upkeep
|turn|25
|
|t:|1776089881
|move|p2a: Keldeo|Vacuum Wave|p1a: Trojan
|-crit|p1a: Trojan
|-damage|p1a: Trojan|0 fnt
|faint|p1a: Trojan
|
|upkeep
|
|t:|1776089897
|switch|p1a: Calamity|Iron Valiant, shiny|71/100
|turn|26
|
|t:|1776089909
|switch|p2a: Heatran|Heatran, M|84/100
|move|p1a: Calamity|Vacuum Wave|p2a: Heatran
|-supereffective|p2a: Heatran
|-damage|p2a: Heatran|47/100
|
|-heal|p2a: Heatran|54/100|[from] item: Leftovers
|upkeep
|turn|27
|
|t:|1776089913
|move|p1a: Calamity|Vacuum Wave|p2a: Heatran
|-supereffective|p2a: Heatran
|-damage|p2a: Heatran|15/100
|move|p2a: Heatran|Lava Plume|p1a: Calamity
|-damage|p1a: Calamity|8/100
|
|-heal|p2a: Heatran|21/100|[from] item: Leftovers
|upkeep
|turn|28
|
|t:|1776089918
|move|p1a: Calamity|Vacuum Wave|p2a: Heatran
|-supereffective|p2a: Heatran
|-damage|p2a: Heatran|0 fnt
|faint|p2a: Heatran
|
|upkeep
|
|t:|1776089920
|switch|p2a: Ting-Lu|Ting-Lu, tera:Ground|72/100
|-ability|p2a: Ting-Lu|Vessel of Ruin
|turn|29
|
|t:|1776089931
|-end|p1a: Calamity|Quark Drive|[silent]
|switch|p1a: Rage|Iron Treads, shiny|79/100 brn
|move|p2a: Ting-Lu|Earthquake|p1a: Rage
|-supereffective|p1a: Rage
|-damage|p1a: Rage|0 fnt
|faint|p1a: Rage
|-end|p1a: Rage|Quark Drive|[silent]
|
|upkeep
|
|t:|1776089934
|switch|p1a: Yagami|Darkrai, shiny|88/100
|turn|30
|
|t:|1776089942
|move|p1a: Yagami|Ice Beam|p2a: Ting-Lu
|-supereffective|p2a: Ting-Lu
|-damage|p2a: Ting-Lu|37/100
|move|p2a: Ting-Lu|Earthquake|p1a: Yagami
|-damage|p1a: Yagami|0 fnt
|faint|p1a: Yagami
|
|upkeep
|
|t:|1776089944
|switch|p1a: Calamity|Iron Valiant, shiny|8/100
|turn|31
|
|t:|1776089949
|move|p1a: Calamity|Shadow Ball|p2a: Ting-Lu
|-damage|p2a: Ting-Lu|13/100
|move|p2a: Ting-Lu|Earthquake|p1a: Calamity
|-damage|p1a: Calamity|0 fnt
|faint|p1a: Calamity
|-end|p1a: Calamity|Quark Drive|[silent]
|
|win|Kouneko
|raw|rodvy's rating: 1358 &rarr; <strong>1336</strong><br />(-22 for losing)
|raw|Kouneko's rating: 1325 &rarr; <strong>1347</strong><br />(+22 for winning)
|l|☆rodvy
|player|p1|
|l|☆Kouneko
|player|p2|
