|html|<div class="broadcast-blue"><strong>[Gen 9] OU is currently suspecting Tera Blast! For information on how to participate check out the <a href="https://www.smogon.com/tools/suspects/view/200">suspect thread</a>.</strong></div>
|j|☆Asterbilly
|j|☆llhwhl
|t:|1776092614
|gametype|singles
|player|p1|Asterbilly|102|1297
|player|p2|llhwhl|hilbert|1289
|gen|9
|tier|[Gen 9] OU
|rated|
|rule|HP Percentage Mod: HP is shown in percentages
|rule|Endless Battle Clause: Forcing endless battles is banned
|rule|Species Clause: Limit one of each Pokémon
|rule|OHKO Clause: OHKO moves are banned
|rule|Evasion Items Clause: Evasion items are banned
|rule|Evasion Moves Clause: Evasion moves are banned
|rule|Evasion Abilities Clause: Evasion abilities are banned
|rule|Sleep Moves Clause: Sleep-inducing moves are banned
|clearpoke
|poke|p1|Pecharunt|
|poke|p1|Sudowoodo, L1, F|
|poke|p1|Garganacl, M|
|poke|p1|Comfey, M|
|poke|p1|Tyranitar, F|
|poke|p1|Ditto|
|poke|p2|Araquanid, M|
|poke|p2|Ceruledge, F|
|poke|p2|Enamorus, F|
|poke|p2|Iron Treads|
|poke|p2|Kingambit, M|
|poke|p2|Pecharunt|
|teampreview
|inactive|Battle timer is ON: inactive players will automatically lose when time's up. (requested by Asterbilly)
|inactive|llhwhl has 120 seconds left.
|
|t:|1776092660
|teamsize|p1|6
|teamsize|p2|6
|start
|switch|p1a: Tyranitar|Tyranitar, F|100/100
|switch|p2a: Promise|Iron Treads|100/100
|-weather|Sandstorm|[from] ability: Sand Stream|[of] p1a: Tyranitar
|-enditem|p2a: Promise|Booster Energy
|-activate|p2a: Promise|ability: Quark Drive|[fromitem]
|-start|p2a: Promise|quarkdrivespe
|turn|1
|
|t:|1776092675
|move|p2a: Promise|Stealth Rock|p1a: Tyranitar
|-sidestart|p1: Asterbilly|move: Stealth Rock
|move|p1a: Tyranitar|Avalanche|p2a: Promise
|-damage|p2a: Promise|80/100
|
|-weather|Sandstorm|[upkeep]
|upkeep
|turn|2
|
|t:|1776092683
|move|p2a: Promise|Earth Power|p1a: Tyranitar
|-supereffective|p1a: Tyranitar
|-damage|p1a: Tyranitar|75/100
|move|p1a: Tyranitar|Knock Off|p2a: Promise
|-damage|p2a: Promise|46/100
|
|-weather|Sandstorm|[upkeep]
|upkeep
|turn|3
|
|t:|1776092690
|move|p2a: Promise|Earth Power|p1a: Tyranitar
|-supereffective|p1a: Tyranitar
|-damage|p1a: Tyranitar|52/100
|move|p1a: Tyranitar|Avalanche|p2a: Promise
|-damage|p2a: Promise|5/100
|
|-weather|Sandstorm|[upkeep]
|upkeep
|turn|4
|
|t:|1776092699
|move|p2a: Promise|Steel Beam|p1a: Tyranitar
|-supereffective|p1a: Tyranitar
|-damage|p1a: Tyranitar|17/100
|-damage|p2a: Promise|0 fnt|[from] steelbeam
|faint|p2a: Promise
|-end|p2a: Promise|Quark Drive|[silent]
|move|p1a: Tyranitar|Knock Off|p2: Promise|[notarget]
|-fail|p1a: Tyranitar
|
|-weather|Sandstorm|[upkeep]
|upkeep
|
|t:|1776092719
|switch|p2a: Nocturne|Ceruledge, F|100/100
|turn|5
|
|t:|1776092725
|move|p2a: Nocturne|Bitter Blade|p1a: Tyranitar
|-resisted|p1a: Tyranitar
|-damage|p1a: Tyranitar|0 fnt
|faint|p1a: Tyranitar
|-damage|p2a: Nocturne|91/100|[from] item: Life Orb
|
|-weather|none
|upkeep
|
|t:|1776092740
|switch|p1a: Ditto|Ditto|100/100
|-damage|p1a: Ditto|88/100|[from] Stealth Rock
|-transform|p1a: Ditto|p2a: Nocturne|[from] ability: Imposter
|turn|6
|
|t:|1776092747
|-terastallize|p2a: Nocturne|Fairy
|move|p1a: Ditto|Poltergeist|p2a: Nocturne
|-activate|p2a: Nocturne|move: Poltergeist|Life Orb
|-damage|p2a: Nocturne|20/100
|-ability|p2a: Nocturne|Weak Armor|boost
|-unboost|p2a: Nocturne|def|1
|-boost|p2a: Nocturne|spe|2
|move|p2a: Nocturne|Swords Dance|p2a: Nocturne
|-boost|p2a: Nocturne|atk|2
|
|upkeep
|turn|7
|
|t:|1776092758
|move|p2a: Nocturne|Poltergeist|p1a: Ditto
|-activate|p1a: Ditto|move: Poltergeist|Choice Scarf
|-supereffective|p1a: Ditto
|-damage|p1a: Ditto|0 fnt
|faint|p1a: Ditto
|-damage|p2a: Nocturne|10/100|[from] item: Life Orb
|
|upkeep
|
|t:|1776092767
|switch|p1a: Sudowoodo|Sudowoodo, L1, F|100/100
|-damage|p1a: Sudowoodo|92/100|[from] Stealth Rock
|turn|8
|
|t:|1776092774
|move|p1a: Sudowoodo|Sucker Punch|p2a: Nocturne
|-resisted|p2a: Nocturne
|-damage|p2a: Nocturne|10/100
|-ability|p2a: Nocturne|Weak Armor|boost
|-unboost|p2a: Nocturne|def|1
|-boost|p2a: Nocturne|spe|2
|-heal|p1a: Sudowoodo|100/100|[from] item: Shell Bell|[of] p2a: Nocturne
|move|p2a: Nocturne|Bitter Blade|p1a: Sudowoodo
|-resisted|p1a: Sudowoodo
|-ability|p1a: Sudowoodo|Sturdy
|-damage|p1a: Sudowoodo|9/100
|-heal|p2a: Nocturne|12/100|[from] drain|[of] p1a: Sudowoodo
|-damage|p2a: Nocturne|2/100|[from] item: Life Orb
|
|upkeep
|turn|9
|
|t:|1776092788
|move|p1a: Sudowoodo|Sucker Punch|p2a: Nocturne
|-resisted|p2a: Nocturne
|-crit|p2a: Nocturne
|-damage|p2a: Nocturne|1/100
|-ability|p2a: Nocturne|Weak Armor|boost
|-unboost|p2a: Nocturne|def|1
|-boost|p2a: Nocturne|spe|2
|-heal|p1a: Sudowoodo|17/100|[from] item: Shell Bell|[of] p2a: Nocturne
|move|p2a: Nocturne|Bitter Blade|p1a: Sudowoodo
|-resisted|p1a: Sudowoodo
|-damage|p1a: Sudowoodo|0 fnt
|-heal|p2a: Nocturne|2/100|[from] drain|[of] p1a: Sudowoodo
|faint|p1a: Sudowoodo
|-damage|p2a: Nocturne|0 fnt|[from] item: Life Orb
|faint|p2a: Nocturne
|
|upkeep
|
|t:|1776092803
|switch|p2a: Trouble|Kingambit, M|100/100
|switch|p1a: Pecharunt|Pecharunt|100/100
|-damage|p1a: Pecharunt|88/100|[from] Stealth Rock
|-activate|p2a: Trouble|ability: Supreme Overlord
|-start|p2a: Trouble|fallen2|[silent]
|turn|10
|
|t:|1776092814
|move|p1a: Pecharunt|Hex|p2a: Trouble
|-resisted|p2a: Trouble
|-damage|p2a: Trouble|88/100
|move|p2a: Trouble|Swords Dance|p2a: Trouble
|-boost|p2a: Trouble|atk|2
|
|-heal|p1a: Pecharunt|94/100|[from] item: Black Sludge
|upkeep
|turn|11
|
|t:|1776092824
|switch|p1a: Garganacl|Garganacl, M|100/100
|-damage|p1a: Garganacl|88/100|[from] Stealth Rock
|move|p2a: Trouble|Sucker Punch||[still]
|-fail|p2a: Trouble
|
|upkeep
|turn|12
|
|t:|1776092833
|move|p2a: Trouble|Iron Head|p1a: Garganacl
|-supereffective|p1a: Garganacl
|-damage|p1a: Garganacl|0 fnt
|faint|p1a: Garganacl
|
|upkeep
|
|t:|1776092838
|switch|p1a: Comfey|Comfey, M|100/100
|-damage|p1a: Comfey|88/100|[from] Stealth Rock
|turn|13
|
|t:|1776092844
|move|p1a: Comfey|Leech Seed|p2a: Trouble
|-start|p2a: Trouble|move: Leech Seed
|move|p2a: Trouble|Iron Head|p1a: Comfey
|-supereffective|p1a: Comfey
|-damage|p1a: Comfey|0 fnt
|faint|p1a: Comfey
|
|upkeep
|
|t:|1776092850
|switch|p1a: Pecharunt|Pecharunt|94/100
|-damage|p1a: Pecharunt|82/100|[from] Stealth Rock
|turn|14
|
|t:|1776092856
|move|p2a: Trouble|Sucker Punch|p1a: Pecharunt
|-supereffective|p1a: Pecharunt
|-damage|p1a: Pecharunt|0 fnt
|faint|p1a: Pecharunt
|
|win|llhwhl
|raw|Asterbilly's rating: 1297 &rarr; <strong>1271</strong><br />(-26 for losing)
|raw|llhwhl's rating: 1289 &rarr; <strong>1315</strong><br />(+26 for winning)
|l|☆Asterbilly
|player|p1|
|l|☆llhwhl
|player|p2|
