|html|<div class="broadcast-blue"><strong>[Gen 9] OU is currently suspecting Tera Blast! For information on how to participate check out the <a href="https://www.smogon.com/tools/suspects/view/200">suspect thread</a>.</strong></div>
|j|☆Carlomorti
|j|☆Calebsmash 1
|t:|1776059187
|gametype|singles
|player|p1|Carlomorti|morty|1206
|player|p2|Calebsmash 1|boarder|1162
|gen|9
|tier|[Gen 9] OU
|rated|
|rule|HP Percentage Mod: HP is shown in percentages
|rule|Endless Battle Clause: Forcing endless battles is banned
|rule|Species Clause: Limit one of each Pokémon
|rule|OHKO Clause: OHKO moves are banned
|rule|Evasion Items Clause: Evasion items are banned
|rule|Evasion Moves Clause: Evasion moves are banned
|rule|Evasion Abilities Clause: Evasion abilities are banned
|rule|Sleep Moves Clause: Sleep-inducing moves are banned
|clearpoke
|poke|p1|Sinistcha|
|poke|p1|Araquanid, M|
|poke|p1|Komala, F|
|poke|p1|Tauros-Paldea-Blaze, M|
|poke|p1|Articuno-Galar|
|poke|p1|Whimsicott, F|
|poke|p2|Ambipom, F|
|poke|p2|Toxtricity-Low-Key, M|
|poke|p2|Tyranitar, F|
|poke|p2|Volcanion|
|poke|p2|Excadrill, F|
|poke|p2|Skarmory, M|
|teampreview
|inactive|Battle timer is ON: inactive players will automatically lose when time's up. (requested by Calebsmash 1)
|
|t:|1776059196
|teamsize|p1|6
|teamsize|p2|6
|start
|switch|p1a: Tauros|Tauros-Paldea-Blaze, M, shiny|100/100
|switch|p2a: Skarmory|Skarmory, M|100/100
|turn|1
|
|t:|1776059199
|move|p1a: Tauros|Bulk Up|p1a: Tauros
|-boost|p1a: Tauros|atk|1
|-boost|p1a: Tauros|def|1
|move|p2a: Skarmory|Stealth Rock|p1a: Tauros
|-sidestart|p1: Carlomorti|move: Stealth Rock
|
|upkeep
|turn|2
|
|t:|1776059203
|move|p1a: Tauros|Raging Bull|p2a: Skarmory
|-supereffective|p2a: Skarmory
|-damage|p2a: Skarmory|19/100
|-damage|p1a: Tauros|84/100|[from] item: Rocky Helmet|[of] p2a: Skarmory
|move|p2a: Skarmory|Iron Defense|p2a: Skarmory
|-boost|p2a: Skarmory|def|2
|
|upkeep
|turn|3
|
|t:|1776059209
|move|p1a: Tauros|Raging Bull|p2a: Skarmory
|-supereffective|p2a: Skarmory
|-damage|p2a: Skarmory|0 fnt
|-damage|p1a: Tauros|68/100|[from] item: Rocky Helmet|[of] p2a: Skarmory
|faint|p2a: Skarmory
|
|upkeep
|j| mayo1234567891
|l| mayo1234567891
|
|t:|1776059234
|switch|p2a: Ambipom|Ambipom, F|100/100
|turn|4
|
|t:|1776059239
|move|p2a: Ambipom|Fake Out|p1a: Tauros
|-damage|p1a: Tauros|46/100
|-enditem|p1a: Tauros|Sitrus Berry|[eat]
|-heal|p1a: Tauros|71/100|[from] item: Sitrus Berry
|cant|p1a: Tauros|flinch
|
|upkeep
|turn|5
|
|t:|1776059265
|move|p2a: Ambipom|U-turn|p1a: Tauros
|-resisted|p1a: Tauros
|-damage|p1a: Tauros|67/100
|inactive|Calebsmash 1 has 120 seconds left.
|
|t:|1776059290
|switch|p2a: Toxtricity|Toxtricity-Low-Key, M|100/100|[from] U-turn
|move|p1a: Tauros|Trailblaze|p2a: Toxtricity
|-resisted|p2a: Toxtricity
|-damage|p2a: Toxtricity|86/100
|-boost|p1a: Tauros|spe|1
|
|-activate|p1a: Tauros|ability: Cud Chew
|-enditem|p1a: Tauros|Sitrus Berry|[eat]
|-heal|p1a: Tauros|92/100|[from] item: Sitrus Berry
|upkeep
|turn|6
|
|t:|1776059296
|move|p1a: Tauros|Raging Bull|p2a: Toxtricity
|-damage|p2a: Toxtricity|10/100
|move|p2a: Toxtricity|Psychic Noise|p1a: Tauros
|-supereffective|p1a: Tauros
|-damage|p1a: Tauros|0 fnt
|faint|p1a: Tauros
|-enditem|p2a: Toxtricity|Throat Spray
|-boost|p2a: Toxtricity|spa|1|[from] item: Throat Spray
|
|upkeep
|
|t:|1776059303
|switch|p1a: Komala|Komala, F, shiny|100/100
|-damage|p1a: Komala|88/100|[from] Stealth Rock
|-ability|p1a: Komala|Comatose
|turn|7
|inactive|Calebsmash 1 has 120 seconds left.
|
|t:|1776059323
|move|p2a: Toxtricity|Boomburst|p1a: Komala
|-damage|p1a: Komala|17/100
|move|p1a: Komala|Rapid Spin|p2a: Toxtricity
|-damage|p2a: Toxtricity|0 fnt
|-boost|p1a: Komala|spe|1
|-sideend|p1: Carlomorti|Stealth Rock|[from] move: Rapid Spin|[of] p1a: Komala
|faint|p2a: Toxtricity
|
|upkeep
|
|t:|1776059328
|switch|p2a: Excadrill|Excadrill, F|100/100
|-item|p2a: Excadrill|Air Balloon
|turn|8
|
|t:|1776059332
|move|p2a: Excadrill|Swords Dance|p2a: Excadrill
|-boost|p2a: Excadrill|atk|2
|move|p1a: Komala|Body Slam|p2a: Excadrill
|-resisted|p2a: Excadrill
|-damage|p2a: Excadrill|68/100
|-status|p2a: Excadrill|par
|-enditem|p2a: Excadrill|Air Balloon
|
|upkeep
|turn|9
|
|t:|1776059339
|move|p1a: Komala|Earthquake|p2a: Excadrill
|-supereffective|p2a: Excadrill
|-crit|p2a: Excadrill
|-damage|p2a: Excadrill|0 fnt
|faint|p2a: Excadrill
|
|upkeep
|
|t:|1776059361
|switch|p2a: Ambipom|Ambipom, F|100/100
|turn|10
|
|t:|1776059367
|-terastallize|p1a: Komala|Ghost
|move|p2a: Ambipom|Fake Out|p1a: Komala
|-immune|p1a: Komala
|move|p1a: Komala|Body Slam|p2a: Ambipom
|-damage|p2a: Ambipom|28/100
|
|upkeep
|turn|11
|-message|Calebsmash 1 forfeited.
|
|win|Carlomorti
|raw|Carlomorti's rating: 1206 &rarr; <strong>1226</strong><br />(+20 for winning)
|raw|Calebsmash 1's rating: 1141 &rarr; <strong>1121</strong><br />(-20 for losing)
|l|☆Calebsmash 1
|player|p2|
|l|☆Carlomorti
|player|p1|
