|html|<div class="broadcast-blue"><strong>[Gen 9] OU is currently suspecting Tera Blast! For information on how to participate check out the <a href="https://www.smogon.com/tools/suspects/view/200">suspect thread</a>.</strong></div>
|j|☆IKilledCharlieKirk
|j|☆new human two
|t:|1776222933
|gametype|singles
|player|p1|IKilledCharlieKirk|wallace-gen6|1411
|player|p2|new human two|lucas|1371
|gen|9
|tier|[Gen 9] OU
|rated|
|rule|HP Percentage Mod: HP is shown in percentages
|rule|Endless Battle Clause: Forcing endless battles is banned
|rule|Species Clause: Limit one of each Pokémon
|rule|OHKO Clause: OHKO moves are banned
|rule|Evasion Items Clause: Evasion items are banned
|rule|Evasion Moves Clause: Evasion moves are banned
|rule|Evasion Abilities Clause: Evasion abilities are banned
|rule|Sleep Moves Clause: Sleep-inducing moves are banned
|clearpoke
|poke|p1|Iron Crown|
|poke|p1|Tornadus-Therian, M|
|poke|p1|Ting-Lu|
|poke|p1|Great Tusk|
|poke|p1|Kingambit, M|
|poke|p1|Zamazenta-*|
|poke|p2|Ogerpon-Wellspring, F|
|poke|p2|Pecharunt|
|poke|p2|Great Tusk|
|poke|p2|Iron Crown|
|poke|p2|Landorus-Therian, M|
|poke|p2|Samurott-Hisui, M|
|teampreview
|inactive|Battle timer is ON: inactive players will automatically lose when time's up. (requested by new human two)
|
|t:|1776222956
|teamsize|p1|6
|teamsize|p2|6
|start
|switch|p1a: Iron Crown|Iron Crown|100/100
|switch|p2a: Ogerpon|Ogerpon-Wellspring, F|100/100
|turn|1
|
|t:|1776222978
|move|p1a: Iron Crown|Volt Switch|p2a: Ogerpon
|-damage|p2a: Ogerpon|68/100
|
|t:|1776222981
|-end|p1a: Iron Crown|Quark Drive|[silent]
|switch|p1a: Tornadus|Tornadus-Therian, M|100/100|[from] Volt Switch
|move|p2a: Ogerpon|Trailblaze|p1a: Tornadus
|-resisted|p1a: Tornadus
|-damage|p1a: Tornadus|83/100
|-boost|p2a: Ogerpon|spe|1
|
|upkeep
|turn|2
|
|t:|1776222991
|switch|p1a: Kingambit|Kingambit, M|100/100
|-terastallize|p2a: Ogerpon|Water
|detailschange|p2a: Ogerpon|Ogerpon-Wellspring-Tera, F, tera:Water
|-ability|p2a: Ogerpon|Embody Aspect (Wellspring)|boost
|-boost|p2a: Ogerpon|spd|1
|move|p2a: Ogerpon|Ivy Cudgel|p1a: Kingambit|[anim] Ivy Cudgel Water
|-crit|p1a: Kingambit
|-damage|p1a: Kingambit|28/100
|
|-heal|p1a: Kingambit|34/100|[from] item: Leftovers
|upkeep
|turn|3
|
|t:|1776222998
|move|p1a: Kingambit|Sucker Punch||[still]
|-fail|p1a: Kingambit
|move|p2a: Ogerpon|Synthesis|p2a: Ogerpon
|-heal|p2a: Ogerpon|100/100
|
|-heal|p1a: Kingambit|41/100|[from] item: Leftovers
|upkeep
|turn|4
|
|t:|1776223002
|move|p1a: Kingambit|Sucker Punch||[still]
|-fail|p1a: Kingambit
|move|p2a: Ogerpon|Swords Dance|p2a: Ogerpon
|-boost|p2a: Ogerpon|atk|2
|
|-heal|p1a: Kingambit|47/100|[from] item: Leftovers
|upkeep
|turn|5
|
|t:|1776223004
|move|p1a: Kingambit|Sucker Punch|p2a: Ogerpon
|-damage|p2a: Ogerpon|64/100
|move|p2a: Ogerpon|Ivy Cudgel|p1a: Kingambit|[anim] Ivy Cudgel Water
|-damage|p1a: Kingambit|0 fnt
|faint|p1a: Kingambit
|-end|p1a: Kingambit|fallenundefined|[silent]
|
|upkeep
|
|t:|1776223016
|switch|p1a: Ting-Lu|Ting-Lu|100/100
|-ability|p1a: Ting-Lu|Vessel of Ruin
|turn|6
|
|t:|1776223020
|-terastallize|p1a: Ting-Lu|Water
|move|p2a: Ogerpon|Ivy Cudgel|p1a: Ting-Lu|[anim] Ivy Cudgel Water
|-resisted|p1a: Ting-Lu
|-damage|p1a: Ting-Lu|62/100
|move|p1a: Ting-Lu|Whirlwind|p2a: Ogerpon
|drag|p2a: Great Tusk|Great Tusk|100/100
|-enditem|p2a: Great Tusk|Booster Energy
|-activate|p2a: Great Tusk|ability: Protosynthesis|[fromitem]
|-start|p2a: Great Tusk|protosynthesisspe
|
|-heal|p1a: Ting-Lu|69/100|[from] item: Leftovers
|upkeep
|turn|7
|
|t:|1776223028
|move|p2a: Great Tusk|Knock Off|p1a: Ting-Lu
|-damage|p1a: Ting-Lu|52/100
|-enditem|p1a: Ting-Lu|Leftovers|[from] move: Knock Off|[of] p2a: Great Tusk
|move|p1a: Ting-Lu|Whirlwind|p2a: Great Tusk
|-end|p2a: Great Tusk|Protosynthesis|[silent]
|drag|p2a: Samurott|Samurott-Hisui, M|100/100
|
|upkeep
|turn|8
|
|t:|1776223032
|switch|p1a: Great Tusk|Great Tusk|100/100
|-enditem|p1a: Great Tusk|Booster Energy
|-activate|p1a: Great Tusk|ability: Protosynthesis|[fromitem]
|-start|p1a: Great Tusk|protosynthesisatk
|move|p2a: Samurott|Ceaseless Edge|p1a: Great Tusk
|-resisted|p1a: Great Tusk
|-damage|p1a: Great Tusk|82/100
|-sidestart|p1: IKilledCharlieKirk|Spikes
|
|upkeep
|turn|9
|
|t:|1776223037
|move|p1a: Great Tusk|Rapid Spin|p2a: Samurott
|-damage|p2a: Samurott|72/100
|-boost|p1a: Great Tusk|spe|1
|-sideend|p1: IKilledCharlieKirk|Spikes|[from] move: Rapid Spin|[of] p1a: Great Tusk
|move|p2a: Samurott|Aqua Cutter|p1a: Great Tusk
|-supereffective|p1a: Great Tusk
|-damage|p1a: Great Tusk|6/100
|
|upkeep
|turn|10
|
|t:|1776223041
|move|p2a: Samurott|Sucker Punch|p1a: Great Tusk
|-resisted|p1a: Great Tusk
|-damage|p1a: Great Tusk|0 fnt
|faint|p1a: Great Tusk
|-end|p1a: Great Tusk|Protosynthesis|[silent]
|
|upkeep
|
|t:|1776223045
|switch|p1a: Iron Crown|Iron Crown|100/100
|turn|11
|
|t:|1776223051
|switch|p2a: Pecharunt|Pecharunt|100/100
|move|p1a: Iron Crown|Tachyon Cutter|p2a: Pecharunt
|-damage|p2a: Pecharunt|63/100
|-damage|p2a: Pecharunt|28/100
|-hitcount|p2a: Pecharunt|2
|
|upkeep
|turn|12
|
|t:|1776223072
|switch|p2a: Ogerpon|Ogerpon-Wellspring-Tera, F, tera:Water|64/100
|-ability|p2a: Ogerpon|Embody Aspect (Wellspring)|boost
|-boost|p2a: Ogerpon|spd|1
|move|p1a: Iron Crown|Tachyon Cutter|p2a: Ogerpon
|-resisted|p2a: Ogerpon
|-damage|p2a: Ogerpon|52/100
|-resisted|p2a: Ogerpon
|-damage|p2a: Ogerpon|39/100
|-hitcount|p2a: Ogerpon|2
|
|upkeep
|turn|13
|
|t:|1776223075
|-end|p1a: Iron Crown|Quark Drive|[silent]
|switch|p1a: Zamazenta|Zamazenta|100/100
|-ability|p1a: Zamazenta|Dauntless Shield|boost
|-boost|p1a: Zamazenta|def|1
|move|p2a: Ogerpon|Synthesis|p2a: Ogerpon
|-heal|p2a: Ogerpon|89/100
|
|upkeep
|turn|14
|
|t:|1776223088
|switch|p2a: Iron Crown|Iron Crown|100/100
|move|p1a: Zamazenta|Iron Defense|p1a: Zamazenta
|-boost|p1a: Zamazenta|def|2
|
|upkeep
|turn|15
|
|t:|1776223093
|move|p1a: Zamazenta|Body Press|p2a: Iron Crown
|-damage|p2a: Iron Crown|4/100
|move|p2a: Iron Crown|Tachyon Cutter|p1a: Zamazenta
|-damage|p1a: Zamazenta|64/100
|-damage|p1a: Zamazenta|28/100
|-hitcount|p1a: Zamazenta|2
|
|-heal|p1a: Zamazenta|34/100|[from] item: Leftovers
|upkeep
|turn|16
|
|t:|1776223097
|move|p1a: Zamazenta|Body Press|p2a: Iron Crown
|-damage|p2a: Iron Crown|0 fnt
|faint|p2a: Iron Crown
|-end|p2a: Iron Crown|Quark Drive|[silent]
|
|-heal|p1a: Zamazenta|40/100|[from] item: Leftovers
|upkeep
|
|t:|1776223106
|switch|p2a: Pecharunt|Pecharunt|28/100
|turn|17
|inactive|IKilledCharlieKirk has 120 seconds left.
|
|t:|1776223151
|switch|p1a: Iron Crown|Iron Crown|100/100
|move|p2a: Pecharunt|Recover|p2a: Pecharunt
|-heal|p2a: Pecharunt|78/100
|
|upkeep
|turn|18
|
|t:|1776223168
|switch|p2a: Samurott|Samurott-Hisui, M|72/100
|move|p1a: Iron Crown|Psyshock|p2a: Samurott
|-immune|p2a: Samurott
|
|upkeep
|turn|19
|
|t:|1776223175
|-end|p1a: Iron Crown|Quark Drive|[silent]
|switch|p1a: Zamazenta|Zamazenta|40/100
|move|p2a: Samurott|Ceaseless Edge|p1a: Zamazenta
|-resisted|p1a: Zamazenta
|-damage|p1a: Zamazenta|21/100
|-sidestart|p1: IKilledCharlieKirk|Spikes
|
|-heal|p1a: Zamazenta|28/100|[from] item: Leftovers
|upkeep
|turn|20
|inactive|IKilledCharlieKirk has 120 seconds left.
|
|t:|1776223181
|switch|p1a: Iron Crown|Iron Crown|100/100
|-damage|p1a: Iron Crown|88/100|[from] Spikes
|switch|p2a: Pecharunt|Pecharunt|78/100
|
|upkeep
|turn|21
|
|t:|1776223193
|switch|p2a: Landorus|Landorus-Therian, M|100/100
|-ability|p2a: Landorus|Intimidate|boost
|-unboost|p1a: Iron Crown|atk|1
|move|p1a: Iron Crown|Psyshock|p2a: Landorus
|-crit|p2a: Landorus
|-damage|p2a: Landorus|0 fnt
|faint|p2a: Landorus
|
|upkeep
|
|t:|1776223201
|switch|p2a: Samurott|Samurott-Hisui, M|72/100
|turn|22
|
|t:|1776223207
|-end|p1a: Iron Crown|Quark Drive|[silent]
|switch|p1a: Ting-Lu|Ting-Lu, tera:Water|52/100
|-damage|p1a: Ting-Lu|39/100|[from] Spikes
|-ability|p1a: Ting-Lu|Vessel of Ruin
|move|p2a: Samurott|Ceaseless Edge|p1a: Ting-Lu
|-damage|p1a: Ting-Lu|12/100
|-sidestart|p1: IKilledCharlieKirk|Spikes
|
|upkeep
|turn|23
|
|t:|1776223211
|move|p2a: Samurott|Ceaseless Edge|p1a: Ting-Lu
|-damage|p1a: Ting-Lu|0 fnt
|-sidestart|p1: IKilledCharlieKirk|Spikes
|faint|p1a: Ting-Lu
|
|upkeep
|
|t:|1776223214
|switch|p1a: Tornadus|Tornadus-Therian, M|100/100
|turn|24
|
|t:|1776223221
|move|p1a: Tornadus|Grass Knot|p2a: Samurott
|-supereffective|p2a: Samurott
|-damage|p2a: Samurott|15/100
|-damage|p1a: Tornadus|91/100|[from] item: Life Orb
|move|p2a: Samurott|Aqua Cutter|p1a: Tornadus
|-damage|p1a: Tornadus|25/100
|
|upkeep
|turn|25
|
|t:|1776223226
|switch|p1a: Zamazenta|Zamazenta|28/100
|-damage|p1a: Zamazenta|3/100|[from] Spikes
|move|p2a: Samurott|Flip Turn|p1a: Zamazenta
|-damage|p1a: Zamazenta|0 fnt
|faint|p1a: Zamazenta
|
|t:|1776223235
|switch|p2a: Ogerpon|Ogerpon-Wellspring-Tera, F, tera:Water|89/100|[from] Flip Turn
|-ability|p2a: Ogerpon|Embody Aspect (Wellspring)|boost
|-boost|p2a: Ogerpon|spd|1
|
|upkeep
|
|t:|1776223239
|switch|p1a: Iron Crown|Iron Crown|88/100
|-damage|p1a: Iron Crown|63/100|[from] Spikes
|turn|26
|
|t:|1776223243
|move|p1a: Iron Crown|Psyshock|p2a: Ogerpon
|-damage|p2a: Ogerpon|31/100
|move|p2a: Ogerpon|Ivy Cudgel|p1a: Iron Crown|[anim] Ivy Cudgel Water
|-damage|p1a: Iron Crown|0 fnt
|faint|p1a: Iron Crown
|-end|p1a: Iron Crown|Quark Drive|[silent]
|
|upkeep
|
|t:|1776223245
|switch|p1a: Tornadus|Tornadus-Therian, M|58/100
|turn|27
|
|t:|1776223257
|switch|p2a: Samurott|Samurott-Hisui, M|15/100
|move|p1a: Tornadus|Grass Knot|p2a: Samurott
|-supereffective|p2a: Samurott
|-damage|p2a: Samurott|0 fnt
|faint|p2a: Samurott
|-damage|p1a: Tornadus|48/100|[from] item: Life Orb
|
|upkeep
|
|t:|1776223265
|switch|p2a: Pecharunt|Pecharunt|78/100
|turn|28
|
|t:|1776223268
|move|p1a: Tornadus|Bleakwind Storm|p2a: Pecharunt
|-damage|p2a: Pecharunt|14/100
|-damage|p1a: Tornadus|38/100|[from] item: Life Orb
|move|p2a: Pecharunt|Parting Shot|p1a: Tornadus
|-unboost|p1a: Tornadus|atk|1
|-unboost|p1a: Tornadus|spa|1
|
|t:|1776223273
|switch|p2a: Great Tusk|Great Tusk|100/100|[from] Parting Shot
|
|upkeep
|turn|29
|
|t:|1776223277
|move|p1a: Tornadus|Bleakwind Storm|p2a: Great Tusk
|-supereffective|p2a: Great Tusk
|-damage|p2a: Great Tusk|0 fnt
|faint|p2a: Great Tusk
|-end|p2a: Great Tusk|Protosynthesis|[silent]
|-damage|p1a: Tornadus|28/100|[from] item: Life Orb
|
|upkeep
|
|t:|1776223284
|switch|p2a: Ogerpon|Ogerpon-Wellspring-Tera, F, tera:Water|31/100
|-ability|p2a: Ogerpon|Embody Aspect (Wellspring)|boost
|-boost|p2a: Ogerpon|spd|1
|turn|30
|
|t:|1776223292
|move|p1a: Tornadus|Bleakwind Storm|p2a: Ogerpon
|-damage|p2a: Ogerpon|6/100
|-unboost|p2a: Ogerpon|spe|1
|-damage|p1a: Tornadus|18/100|[from] item: Life Orb
|move|p2a: Ogerpon|Synthesis|p2a: Ogerpon
|-heal|p2a: Ogerpon|56/100
|
|upkeep
|turn|31
|
|t:|1776223296
|move|p1a: Tornadus|Bleakwind Storm|p2a: Ogerpon
|-damage|p2a: Ogerpon|28/100
|-damage|p1a: Tornadus|8/100|[from] item: Life Orb
|move|p2a: Ogerpon|Synthesis|p2a: Ogerpon
|-heal|p2a: Ogerpon|78/100
|
|upkeep
|turn|32
|
|t:|1776223298
|move|p1a: Tornadus|Bleakwind Storm|p2a: Ogerpon
|-damage|p2a: Ogerpon|52/100
|-damage|p1a: Tornadus|0 fnt|[from] item: Life Orb
|faint|p1a: Tornadus
|
|win|new human two
|raw|IKilledCharlieKirk's rating: 1411 &rarr; <strong>1389</strong><br />(-22 for losing)
|raw|new human two's rating: 1371 &rarr; <strong>1393</strong><br />(+22 for winning)
|l|☆IKilledCharlieKirk
|player|p1|
|c|☆new human two|gg
