|html|<div class="broadcast-blue"><strong>[Gen 9] OU is currently suspecting Volcarona! For information on how to participate check out the <a href="https://www.smogon.com/tools/suspects/view/208">suspect thread</a>.</strong></div>
|j|☆Weehorn Man
|j|☆Duro64
|t:|1778503813
|gametype|singles
|player|p1|Weehorn Man|102|1328
|player|p2|Duro64|elesa|1339
|gen|9
|tier|[Gen 9] OU
|rated|
|rule|HP Percentage Mod: HP is shown in percentages
|rule|Endless Battle Clause: Forcing endless battles is banned
|rule|Species Clause: Limit one of each Pokémon
|rule|OHKO Clause: OHKO moves are banned
|rule|Evasion Items Clause: Evasion items are banned
|rule|Evasion Moves Clause: Evasion moves are banned
|rule|Evasion Abilities Clause: Evasion abilities are banned
|rule|Sleep Moves Clause: Sleep-inducing moves are banned
|clearpoke
|poke|p1|Great Tusk|
|poke|p1|Pecharunt|
|poke|p1|Iron Valiant|
|poke|p1|Iron Crown|
|poke|p1|Samurott-Hisui, M|
|poke|p1|Dragonite, M|
|poke|p2|Landorus-Therian, M|
|poke|p2|Gholdengo|
|poke|p2|Raging Bolt|
|poke|p2|Rillaboom, M|
|poke|p2|Iron Valiant|
|poke|p2|Dondozo, F|
|teampreview
|
|t:|1778503828
|teamsize|p1|6
|teamsize|p2|6
|start
|switch|p1a: Iron Crown|Iron Crown|100/100
|switch|p2a: Rillaboom|Rillaboom, M|100/100
|-fieldstart|move: Grassy Terrain|[from] ability: Grassy Surge|[of] p2a: Rillaboom
|turn|1
|
|t:|1778503832
|move|p1a: Iron Crown|Psychic Noise|p2a: Rillaboom
|-crit|p2a: Rillaboom
|-damage|p2a: Rillaboom|50/100
|-start|p2a: Rillaboom|move: Heal Block
|move|p2a: Rillaboom|Knock Off|p1a: Iron Crown
|-supereffective|p1a: Iron Crown
|-damage|p1a: Iron Crown|36/100
|-enditem|p1a: Iron Crown|Assault Vest|[from] move: Knock Off|[of] p2a: Rillaboom
|
|-heal|p1a: Iron Crown|43/100|[from] Grassy Terrain
|upkeep
|turn|2
|
|t:|1778503850
|switch|p2a: Gholdengo|Gholdengo|100/100
|move|p1a: Iron Crown|Tachyon Cutter|p2a: Gholdengo
|-resisted|p2a: Gholdengo
|-damage|p2a: Gholdengo|86/100
|-resisted|p2a: Gholdengo
|-damage|p2a: Gholdengo|72/100
|-hitcount|p2a: Gholdengo|2
|
|-heal|p2a: Gholdengo|78/100|[from] Grassy Terrain
|-heal|p1a: Iron Crown|49/100|[from] Grassy Terrain
|upkeep
|turn|3
|
|t:|1778503860
|move|p2a: Gholdengo|Thunderbolt|p1a: Iron Crown
|-damage|p1a: Iron Crown|11/100
|move|p1a: Iron Crown|Volt Switch|p2a: Gholdengo
|-damage|p2a: Gholdengo|48/100
|
|t:|1778503868
|-end|p1a: Iron Crown|Quark Drive|[silent]
|switch|p1a: Samurott|Samurott-Hisui, M, shiny|100/100|[from] Volt Switch
|
|-heal|p2a: Gholdengo|54/100|[from] Grassy Terrain
|upkeep
|turn|4
|
|t:|1778503875
|move|p1a: Samurott|Sucker Punch|p2a: Gholdengo
|-supereffective|p2a: Gholdengo
|-damage|p2a: Gholdengo|0 fnt
|faint|p2a: Gholdengo
|
|upkeep
|
|t:|1778503882
|switch|p2a: Raging Bolt|Raging Bolt|100/100
|turn|5
|
|t:|1778503896
|move|p1a: Samurott|Sucker Punch|p2a: Raging Bolt
|-damage|p2a: Raging Bolt|69/100
|move|p2a: Raging Bolt|Draco Meteor|p1a: Samurott
|-damage|p1a: Samurott|0 fnt
|-unboost|p2a: Raging Bolt|spa|2
|faint|p1a: Samurott
|
|-heal|p2a: Raging Bolt|75/100|[from] Grassy Terrain
|-fieldend|move: Grassy Terrain
|upkeep
|
|t:|1778503903
|switch|p1a: Great Tusk|Great Tusk, shiny|100/100
|turn|6
|
|t:|1778503906
|-end|p2a: Raging Bolt|Protosynthesis|[silent]
|switch|p2a: Landorus|Landorus-Therian, M|100/100
|-ability|p2a: Landorus|Intimidate|boost
|-unboost|p1a: Great Tusk|atk|1
|move|p1a: Great Tusk|Ice Spinner|p2a: Landorus
|-supereffective|p2a: Landorus
|-damage|p2a: Landorus|28/100
|
|upkeep
|turn|7
|
|t:|1778503916
|move|p2a: Landorus|U-turn|p1a: Great Tusk
|-resisted|p1a: Great Tusk
|-crit|p1a: Great Tusk
|-damage|p1a: Great Tusk|87/100
|
|t:|1778503919
|switch|p2a: Dondozo|Dondozo, F|100/100|[from] U-turn
|move|p1a: Great Tusk|Ice Spinner|p2a: Dondozo
|-resisted|p2a: Dondozo
|-damage|p2a: Dondozo|92/100
|
|upkeep
|turn|8
|
|t:|1778503928
|move|p1a: Great Tusk|Stealth Rock|p2a: Dondozo
|-sidestart|p2: Duro64|move: Stealth Rock
|move|p2a: Dondozo|Outrage|p1a: Great Tusk
|-damage|p1a: Great Tusk|46/100
|
|upkeep
|turn|9
|
|t:|1778503934
|-end|p1a: Great Tusk|Protosynthesis|[silent]
|switch|p1a: Iron Valiant|Iron Valiant, shiny|100/100
|move|p2a: Dondozo|Outrage|p1a: Iron Valiant|[from] lockedmove
|-immune|p1a: Iron Valiant
|
|upkeep
|turn|10
|
|t:|1778503941
|switch|p2a: Landorus|Landorus-Therian, M|28/100
|-ability|p2a: Landorus|Intimidate|boost
|-unboost|p1a: Iron Valiant|atk|1
|move|p1a: Iron Valiant|Moonblast|p2a: Landorus
|-damage|p2a: Landorus|0 fnt
|faint|p2a: Landorus
|
|upkeep
|
|t:|1778503957
|switch|p2a: Iron Valiant|Iron Valiant|100/100
|-damage|p2a: Iron Valiant|94/100|[from] Stealth Rock
|turn|11
|
|t:|1778503964
|-end|p1a: Iron Valiant|Quark Drive|[silent]
|switch|p1a: Iron Crown|Iron Crown|11/100
|move|p2a: Iron Valiant|Spirit Break|p1a: Iron Crown
|-resisted|p1a: Iron Crown
|-damage|p1a: Iron Crown|0 fnt
|faint|p1a: Iron Crown
|-end|p1a: Iron Crown|Quark Drive|[silent]
|-damage|p2a: Iron Valiant|85/100|[from] item: Life Orb
|
|upkeep
|
|t:|1778503969
|switch|p1a: Pecharunt|Pecharunt|100/100
|turn|12
|
|t:|1778503971
|move|p2a: Iron Valiant|Substitute|p2a: Iron Valiant
|-start|p2a: Iron Valiant|Substitute
|-damage|p2a: Iron Valiant|60/100
|move|p1a: Pecharunt|Malignant Chain|p2a: Iron Valiant
|-supereffective|p2a: Iron Valiant
|-end|p2a: Iron Valiant|Substitute
|
|upkeep
|turn|13
|
|t:|1778503980
|-terastallize|p2a: Iron Valiant|Dark
|move|p2a: Iron Valiant|Knock Off|p1a: Pecharunt
|-supereffective|p1a: Pecharunt
|-damage|p1a: Pecharunt|39/100
|-damage|p2a: Iron Valiant|43/100|[from] item: Rocky Helmet|[of] p1a: Pecharunt
|-enditem|p1a: Pecharunt|Rocky Helmet|[from] move: Knock Off|[of] p2a: Iron Valiant
|-damage|p2a: Iron Valiant|33/100|[from] item: Life Orb
|move|p1a: Pecharunt|Shadow Ball|p2a: Iron Valiant
|-resisted|p2a: Iron Valiant
|-damage|p2a: Iron Valiant|13/100
|
|upkeep
|turn|14
|
|t:|1778503987
|move|p2a: Iron Valiant|Knock Off|p1a: Pecharunt
|-supereffective|p1a: Pecharunt
|-damage|p1a: Pecharunt|1/100
|-damage|p2a: Iron Valiant|3/100|[from] item: Life Orb
|move|p1a: Pecharunt|Recover|p1a: Pecharunt
|-heal|p1a: Pecharunt|51/100
|
|upkeep
|turn|15
|
|t:|1778503991
|move|p2a: Iron Valiant|Knock Off|p1a: Pecharunt
|-supereffective|p1a: Pecharunt
|-damage|p1a: Pecharunt|12/100
|-damage|p2a: Iron Valiant|0 fnt|[from] item: Life Orb
|faint|p2a: Iron Valiant
|-end|p2a: Iron Valiant|Quark Drive|[silent]
|move|p1a: Pecharunt|Recover|p1a: Pecharunt
|-heal|p1a: Pecharunt|62/100
|
|upkeep
|-message|Duro64 forfeited.
|
|win|Weehorn Man
|raw|Weehorn Man's rating: 1328 &rarr; <strong>1349</strong><br />(+21 for winning)
|raw|Duro64's rating: 1339 &rarr; <strong>1318</strong><br />(-21 for losing)
|l|☆Duro64
|player|p2|
