|html|<div class="broadcast-blue"><strong>[Gen 9] OU is currently suspecting Tera Blast! For information on how to participate check out the <a href="https://www.smogon.com/tools/suspects/view/200">suspect thread</a>.</strong></div>
|j|☆Igoodnamename
|j|☆swiggler
|t:|1776087267
|gametype|singles
|player|p1|Igoodnamename|170|1682
|player|p2|swiggler|bugcatcher-gen4dp|1766
|gen|9
|tier|[Gen 9] OU
|rated|
|rule|HP Percentage Mod: HP is shown in percentages
|rule|Endless Battle Clause: Forcing endless battles is banned
|rule|Species Clause: Limit one of each Pokémon
|rule|OHKO Clause: OHKO moves are banned
|rule|Evasion Items Clause: Evasion items are banned
|rule|Evasion Moves Clause: Evasion moves are banned
|rule|Evasion Abilities Clause: Evasion abilities are banned
|rule|Sleep Moves Clause: Sleep-inducing moves are banned
|clearpoke
|poke|p1|Pecharunt|
|poke|p1|Zapdos|
|poke|p1|Ting-Lu|
|poke|p1|Iron Valiant|
|poke|p1|Zarude|
|poke|p1|Fezandipiti, M|
|poke|p2|Ninetales, M|
|poke|p2|Cresselia, F|
|poke|p2|Raging Bolt|
|poke|p2|Iron Moth|
|poke|p2|Great Tusk|
|poke|p2|Walking Wake|
|teampreview
|inactive|Battle timer is ON: inactive players will automatically lose when time's up. (requested by swiggler)
|
|t:|1776087272
|teamsize|p1|6
|teamsize|p2|6
|start
|switch|p1a: Fezandipiti|Fezandipiti, M|100/100
|switch|p2a: Walking Wake|Walking Wake|100/100
|turn|1
|
|t:|1776087278
|-end|p2a: Walking Wake|Protosynthesis|[silent]
|switch|p2a: Cresselia|Cresselia, F|100/100
|move|p1a: Fezandipiti|Beat Up|p2a: Cresselia
|-supereffective|p2a: Cresselia
|-damage|p2a: Cresselia|97/100
|-status|p2a: Cresselia|tox|[from] ability: Toxic Chain|[of] p1a: Fezandipiti
|-supereffective|p2a: Cresselia
|-crit|p2a: Cresselia
|-damage|p2a: Cresselia|90/100 tox
|-supereffective|p2a: Cresselia
|-damage|p2a: Cresselia|86/100 tox
|-supereffective|p2a: Cresselia
|-damage|p2a: Cresselia|81/100 tox
|-supereffective|p2a: Cresselia
|-damage|p2a: Cresselia|76/100 tox
|-supereffective|p2a: Cresselia
|-damage|p2a: Cresselia|73/100 tox
|-hitcount|p2a: Cresselia|6
|-enditem|p2a: Cresselia|Eject Button
|
|t:|1776087298
|switch|p2a: Iron Moth|Iron Moth|100/100
|-enditem|p2a: Iron Moth|Booster Energy
|-activate|p2a: Iron Moth|ability: Quark Drive|[fromitem]
|-start|p2a: Iron Moth|quarkdrivespe
|
|upkeep
|turn|2
|
|t:|1776087305
|move|p2a: Iron Moth|Fiery Dance|p1a: Fezandipiti
|-damage|p1a: Fezandipiti|74/100
|move|p1a: Fezandipiti|Beat Up|p2a: Iron Moth
|-damage|p2a: Iron Moth|96/100
|-damage|p2a: Iron Moth|91/100
|-damage|p2a: Iron Moth|85/100
|-damage|p2a: Iron Moth|78/100
|-damage|p2a: Iron Moth|71/100
|-damage|p2a: Iron Moth|66/100
|-hitcount|p2a: Iron Moth|6
|
|upkeep
|turn|3
|
|t:|1776087310
|move|p2a: Iron Moth|Fiery Dance|p1a: Fezandipiti
|-crit|p1a: Fezandipiti
|-damage|p1a: Fezandipiti|38/100
|move|p1a: Fezandipiti|Roost|p1a: Fezandipiti
|-heal|p1a: Fezandipiti|88/100
|-singleturn|p1a: Fezandipiti|move: Roost
|
|upkeep
|turn|4
|
|t:|1776087314
|move|p2a: Iron Moth|Fiery Dance|p1a: Fezandipiti
|-damage|p1a: Fezandipiti|60/100
|-boost|p2a: Iron Moth|spa|1
|move|p1a: Fezandipiti|U-turn|p2a: Iron Moth
|-resisted|p2a: Iron Moth
|-damage|p2a: Iron Moth|60/100
|
|t:|1776087316
|switch|p1a: Ting-Lu|Ting-Lu|100/100|[from] U-turn
|-ability|p1a: Ting-Lu|Vessel of Ruin
|
|upkeep
|turn|5
|
|t:|1776087325
|-end|p2a: Iron Moth|Quark Drive|[silent]
|switch|p2a: Great Tusk|Great Tusk|100/100
|move|p1a: Ting-Lu|Earthquake|p2a: Great Tusk
|-damage|p2a: Great Tusk|76/100
|
|upkeep
|turn|6
|
|t:|1776087331
|switch|p1a: Zapdos|Zapdos|100/100
|move|p2a: Great Tusk|Stealth Rock|p1a: Zapdos
|-sidestart|p1: Igoodnamename|move: Stealth Rock
|
|upkeep
|turn|7
|
|t:|1776087337
|-end|p2a: Great Tusk|Protosynthesis|[silent]
|switch|p2a: Ninetales|Ninetales, M|100/100
|-weather|SunnyDay|[from] ability: Drought|[of] p2a: Ninetales
|move|p1a: Zapdos|U-turn|p2a: Ninetales
|-resisted|p2a: Ninetales
|-damage|p2a: Ninetales|92/100
|
|t:|1776087345
|switch|p1a: Fezandipiti|Fezandipiti, M|60/100|[from] U-turn
|
|-weather|SunnyDay|[upkeep]
|upkeep
|turn|8
|j| QD KING
|
|t:|1776087348
|switch|p2a: Iron Moth|Iron Moth|60/100
|move|p1a: Fezandipiti|Roost|p1a: Fezandipiti
|-heal|p1a: Fezandipiti|100/100
|-singleturn|p1a: Fezandipiti|move: Roost
|
|-weather|SunnyDay|[upkeep]
|upkeep
|turn|9
|
|t:|1776087351
|move|p2a: Iron Moth|Fiery Dance|p1a: Fezandipiti
|-damage|p1a: Fezandipiti|61/100
|-boost|p2a: Iron Moth|spa|1
|move|p1a: Fezandipiti|U-turn|p2a: Iron Moth
|-resisted|p2a: Iron Moth
|-damage|p2a: Iron Moth|54/100
|
|t:|1776087353
|switch|p1a: Ting-Lu|Ting-Lu|100/100|[from] U-turn
|-damage|p1a: Ting-Lu|94/100|[from] Stealth Rock
|-ability|p1a: Ting-Lu|Vessel of Ruin
|
|-weather|SunnyDay|[upkeep]
|-heal|p1a: Ting-Lu|100/100|[from] item: Leftovers
|upkeep
|turn|10
|
|t:|1776087356
|-end|p2a: Iron Moth|Quark Drive|[silent]
|switch|p2a: Walking Wake|Walking Wake|100/100
|-activate|p2a: Walking Wake|ability: Protosynthesis
|-start|p2a: Walking Wake|protosynthesisspa
|move|p1a: Ting-Lu|Stealth Rock|p2a: Walking Wake
|-sidestart|p2: swiggler|move: Stealth Rock
|
|-weather|SunnyDay|[upkeep]
|upkeep
|turn|11
|
|t:|1776087360
|-terastallize|p1a: Ting-Lu|Water
|move|p2a: Walking Wake|Hydro Steam|p1a: Ting-Lu
|-resisted|p1a: Ting-Lu
|-damage|p1a: Ting-Lu|73/100
|move|p1a: Ting-Lu|Ruination|p2a: Walking Wake
|-damage|p2a: Walking Wake|51/100
|
|-weather|SunnyDay|[upkeep]
|-heal|p1a: Ting-Lu|80/100|[from] item: Leftovers
|upkeep
|turn|12
|
|t:|1776087369
|-end|p2a: Walking Wake|Protosynthesis|[silent]
|switch|p2a: Cresselia|Cresselia, F|73/100 tox
|-damage|p2a: Cresselia|60/100 tox|[from] Stealth Rock
|move|p1a: Ting-Lu|Earthquake|p2a: Cresselia
|-immune|p2a: Cresselia|[from] ability: Levitate
|
|-weather|SunnyDay|[upkeep]
|-heal|p1a: Ting-Lu|86/100|[from] item: Leftovers
|-damage|p2a: Cresselia|54/100 tox|[from] psn
|upkeep
|turn|13
|
|t:|1776087374
|switch|p1a: Fezandipiti|Fezandipiti, M|61/100
|move|p2a: Cresselia|Moonlight|p2a: Cresselia
|-heal|p2a: Cresselia|100/100 tox
|
|-weather|SunnyDay|[upkeep]
|-damage|p2a: Cresselia|88/100 tox|[from] psn
|upkeep
|turn|14
|
|t:|1776087379
|switch|p1a: Zapdos|Zapdos|100/100
|move|p2a: Cresselia|Thunder Wave|p1a: Zapdos
|-immune|p1a: Zapdos
|
|-weather|none
|-damage|p2a: Cresselia|70/100 tox|[from] psn
|upkeep
|turn|15
|
|t:|1776087384
|move|p1a: Zapdos|U-turn|p2a: Cresselia
|-supereffective|p2a: Cresselia
|-damage|p2a: Cresselia|57/100 tox
|
|t:|1776087387
|switch|p1a: Fezandipiti|Fezandipiti, M|61/100|[from] U-turn
|move|p2a: Cresselia|Ice Beam|p1a: Fezandipiti
|-damage|p1a: Fezandipiti|51/100
|
|-damage|p2a: Cresselia|33/100 tox|[from] psn
|upkeep
|turn|16
|
|t:|1776087395
|move|p1a: Fezandipiti|U-turn|p2a: Cresselia
|-supereffective|p2a: Cresselia
|-damage|p2a: Cresselia|14/100 tox
|
|t:|1776087398
|switch|p1a: Zapdos|Zapdos|100/100|[from] U-turn
|move|p2a: Cresselia|Lunar Dance|p2a: Cresselia
|faint|p2a: Cresselia
|
|upkeep
|
|t:|1776087410
|switch|p2a: Walking Wake|Walking Wake|51/100
|-heal|p2a: Walking Wake|100/100|[from] move: Lunar Dance
|-damage|p2a: Walking Wake|88/100|[from] Stealth Rock
|turn|17
|
|t:|1776087420
|-end|p2a: Walking Wake|Protosynthesis|[silent]
|switch|p2a: Ninetales|Ninetales, M|92/100
|-damage|p2a: Ninetales|67/100|[from] Stealth Rock
|-weather|SunnyDay|[from] ability: Drought|[of] p2a: Ninetales
|move|p1a: Zapdos|Discharge|p2a: Ninetales
|-damage|p2a: Ninetales|34/100
|-status|p2a: Ninetales|par
|
|-weather|SunnyDay|[upkeep]
|upkeep
|turn|18
|
|t:|1776087424
|switch|p2a: Raging Bolt|Raging Bolt|100/100
|-damage|p2a: Raging Bolt|88/100|[from] Stealth Rock
|-activate|p2a: Raging Bolt|ability: Protosynthesis
|-start|p2a: Raging Bolt|protosynthesisspa
|move|p1a: Zapdos|Discharge|p2a: Raging Bolt
|-resisted|p2a: Raging Bolt
|-damage|p2a: Raging Bolt|80/100
|
|-weather|SunnyDay|[upkeep]
|upkeep
|turn|19
|
|t:|1776087431
|move|p2a: Raging Bolt|Thunderbolt|p1a: Zapdos
|-damage|p1a: Zapdos|12/100
|-damage|p2a: Raging Bolt|70/100|[from] item: Life Orb
|move|p1a: Zapdos|U-turn|p2a: Raging Bolt
|-damage|p2a: Raging Bolt|58/100
|
|t:|1776087441
|switch|p1a: Zarude|Zarude|100/100|[from] U-turn
|
|-weather|SunnyDay|[upkeep]
|upkeep
|turn|20
|
|t:|1776087464
|-end|p2a: Raging Bolt|Protosynthesis|[silent]
|switch|p2a: Iron Moth|Iron Moth|54/100
|-damage|p2a: Iron Moth|29/100|[from] Stealth Rock
|move|p1a: Zarude|Knock Off|p2a: Iron Moth
|-damage|p2a: Iron Moth|0 fnt
|faint|p2a: Iron Moth
|-end|p2a: Iron Moth|Quark Drive|[silent]
|
|-weather|SunnyDay|[upkeep]
|upkeep
|
|t:|1776087468
|switch|p2a: Walking Wake|Walking Wake|88/100
|-damage|p2a: Walking Wake|76/100|[from] Stealth Rock
|-activate|p2a: Walking Wake|ability: Protosynthesis
|-start|p2a: Walking Wake|protosynthesisspa
|turn|21
|
|t:|1776087474
|switch|p1a: Fezandipiti|Fezandipiti, M|51/100
|move|p2a: Walking Wake|Weather Ball|p1a: Fezandipiti
|-damage|p1a: Fezandipiti|0 fnt
|faint|p1a: Fezandipiti
|
|-weather|SunnyDay|[upkeep]
|upkeep
|
|t:|1776087480
|switch|p1a: Ting-Lu|Ting-Lu, tera:Water|86/100
|-damage|p1a: Ting-Lu|73/100|[from] Stealth Rock
|-ability|p1a: Ting-Lu|Vessel of Ruin
|turn|22
|
|t:|1776087485
|-end|p2a: Walking Wake|Protosynthesis|[silent]
|switch|p2a: Great Tusk|Great Tusk|76/100
|-damage|p2a: Great Tusk|73/100|[from] Stealth Rock
|-activate|p2a: Great Tusk|ability: Protosynthesis
|-start|p2a: Great Tusk|protosynthesisspe
|move|p1a: Ting-Lu|Earthquake|p2a: Great Tusk
|-damage|p2a: Great Tusk|48/100
|
|-weather|SunnyDay|[upkeep]
|-heal|p1a: Ting-Lu|80/100|[from] item: Leftovers
|upkeep
|turn|23
|
|t:|1776087489
|-end|p2a: Great Tusk|Protosynthesis|[silent]
|switch|p2a: Walking Wake|Walking Wake|76/100
|-damage|p2a: Walking Wake|63/100|[from] Stealth Rock
|-activate|p2a: Walking Wake|ability: Protosynthesis
|-start|p2a: Walking Wake|protosynthesisspa
|switch|p1a: Pecharunt|Pecharunt|100/100
|
|-weather|SunnyDay|[upkeep]
|upkeep
|turn|24
|
|t:|1776087498
|switch|p1a: Ting-Lu|Ting-Lu, tera:Water|80/100
|-damage|p1a: Ting-Lu|67/100|[from] Stealth Rock
|-ability|p1a: Ting-Lu|Vessel of Ruin
|move|p2a: Walking Wake|Draco Meteor|p1a: Ting-Lu
|-damage|p1a: Ting-Lu|8/100
|-unboost|p2a: Walking Wake|spa|2
|
|-weather|none
|-end|p2a: Walking Wake|Protosynthesis
|-heal|p1a: Ting-Lu|14/100|[from] item: Leftovers
|upkeep
|turn|25
|
|t:|1776087502
|-end|p2a: Walking Wake|Protosynthesis|[silent]
|switch|p2a: Great Tusk|Great Tusk|48/100
|-damage|p2a: Great Tusk|45/100|[from] Stealth Rock
|switch|p1a: Iron Valiant|Iron Valiant|100/100
|-damage|p1a: Iron Valiant|94/100|[from] Stealth Rock
|
|upkeep
|turn|26
|
|t:|1776087507
|-end|p2a: Great Tusk|Protosynthesis|[silent]
|switch|p2a: Ninetales|Ninetales, M|34/100 par
|-damage|p2a: Ninetales|9/100 par|[from] Stealth Rock
|-weather|SunnyDay|[from] ability: Drought|[of] p2a: Ninetales
|move|p1a: Iron Valiant|Moonblast|p2a: Ninetales
|-resisted|p2a: Ninetales
|-damage|p2a: Ninetales|0 fnt
|faint|p2a: Ninetales
|
|-weather|SunnyDay|[upkeep]
|upkeep
|
|t:|1776087513
|switch|p2a: Great Tusk|Great Tusk|45/100
|-damage|p2a: Great Tusk|42/100|[from] Stealth Rock
|-activate|p2a: Great Tusk|ability: Protosynthesis
|-start|p2a: Great Tusk|protosynthesisspe
|turn|27
|
|t:|1776087530
|-end|p1a: Iron Valiant|Quark Drive|[silent]
|switch|p1a: Pecharunt|Pecharunt|100/100
|-terastallize|p2a: Great Tusk|Ground
|move|p2a: Great Tusk|Headlong Rush|p1a: Pecharunt
|-supereffective|p1a: Pecharunt
|-damage|p1a: Pecharunt|38/100
|-unboost|p2a: Great Tusk|def|1
|-unboost|p2a: Great Tusk|spd|1
|
|-weather|SunnyDay|[upkeep]
|upkeep
|turn|28
|j| Dogedgr8
|
|t:|1776087538
|switch|p1a: Zapdos|Zapdos|12/100
|move|p2a: Great Tusk|Headlong Rush|p1a: Zapdos
|-immune|p1a: Zapdos
|
|-weather|SunnyDay|[upkeep]
|upkeep
|turn|29
|
|t:|1776087548
|switch|p1a: Pecharunt|Pecharunt|38/100
|move|p2a: Great Tusk|Head Smash|p1a: Pecharunt
|-damage|p1a: Pecharunt|18/100
|-damage|p2a: Great Tusk|32/100|[from] Recoil
|
|-weather|SunnyDay|[upkeep]
|upkeep
|turn|30
|
|t:|1776087555
|move|p2a: Great Tusk|Headlong Rush|p1a: Pecharunt
|-supereffective|p1a: Pecharunt
|-damage|p1a: Pecharunt|0 fnt
|-unboost|p2a: Great Tusk|def|1
|-unboost|p2a: Great Tusk|spd|1
|faint|p1a: Pecharunt
|
|-weather|SunnyDay|[upkeep]
|upkeep
|
|t:|1776087560
|switch|p1a: Zarude|Zarude|100/100
|turn|31
|
|t:|1776087564
|move|p2a: Great Tusk|Rapid Spin|p1a: Zarude
|-damage|p1a: Zarude|88/100
|-boost|p2a: Great Tusk|spe|1
|-sideend|p2: swiggler|Stealth Rock|[from] move: Rapid Spin|[of] p2a: Great Tusk
|move|p1a: Zarude|Knock Off|p2a: Great Tusk
|-damage|p2a: Great Tusk|0 fnt
|-damage|p1a: Zarude|71/100|[from] item: Rocky Helmet|[of] p2a: Great Tusk
|-enditem|p2a: Great Tusk|Rocky Helmet|[from] move: Knock Off|[of] p1a: Zarude
|faint|p2a: Great Tusk
|-end|p2a: Great Tusk|Protosynthesis|[silent]
|
|-weather|SunnyDay|[upkeep]
|upkeep
|
|t:|1776087571
|switch|p2a: Walking Wake|Walking Wake|63/100
|-activate|p2a: Walking Wake|ability: Protosynthesis
|-start|p2a: Walking Wake|protosynthesisspa
|turn|32
|
|t:|1776087583
|switch|p1a: Zapdos|Zapdos|12/100
|move|p2a: Walking Wake|Hydro Steam|p1a: Zapdos
|-damage|p1a: Zapdos|0 fnt
|faint|p1a: Zapdos
|
|-weather|SunnyDay|[upkeep]
|upkeep
|
|t:|1776087585
|switch|p1a: Ting-Lu|Ting-Lu, tera:Water|14/100
|-damage|p1a: Ting-Lu|2/100|[from] Stealth Rock
|-ability|p1a: Ting-Lu|Vessel of Ruin
|turn|33
|
|t:|1776087587
|move|p2a: Walking Wake|Hydro Steam|p1a: Ting-Lu
|-resisted|p1a: Ting-Lu
|-damage|p1a: Ting-Lu|0 fnt
|faint|p1a: Ting-Lu
|
|-weather|none
|-end|p2a: Walking Wake|Protosynthesis
|upkeep
|
|t:|1776087590
|switch|p1a: Iron Valiant|Iron Valiant|94/100
|-damage|p1a: Iron Valiant|88/100|[from] Stealth Rock
|turn|34
|
|t:|1776087592
|move|p1a: Iron Valiant|Moonblast|p2a: Walking Wake
|-supereffective|p2a: Walking Wake
|-damage|p2a: Walking Wake|0 fnt
|faint|p2a: Walking Wake
|-end|p2a: Walking Wake|Protosynthesis|[silent]
|
|upkeep
|
|t:|1776087595
|switch|p2a: Raging Bolt|Raging Bolt|58/100
|turn|35
|
|t:|1776087599
|move|p2a: Raging Bolt|Thunderclap|p1a: Iron Valiant
|-damage|p1a: Iron Valiant|0 fnt
|faint|p1a: Iron Valiant
|-end|p1a: Iron Valiant|Quark Drive|[silent]
|-damage|p2a: Raging Bolt|48/100|[from] item: Life Orb
|
|upkeep
|
|t:|1776087603
|switch|p1a: Zarude|Zarude|71/100
|turn|36
|
|t:|1776087607
|move|p1a: Zarude|Knock Off|p2a: Raging Bolt
|-damage|p2a: Raging Bolt|0 fnt
|-enditem|p2a: Raging Bolt|Life Orb|[from] move: Knock Off|[of] p1a: Zarude
|faint|p2a: Raging Bolt
|-end|p2a: Raging Bolt|Protosynthesis|[silent]
|
|win|Igoodnamename
|raw|Igoodnamename's rating: 1682 &rarr; <strong>1707</strong><br />(+25 for winning)
|raw|swiggler's rating: 1766 &rarr; <strong>1741</strong><br />(-25 for losing)
|l|☆swiggler
|player|p2|
|l| QD KING
|l|☆Igoodnamename
|player|p1|
