|html|<div class="broadcast-blue"><strong>[Gen 9] OU is currently suspecting Tera Blast! For information on how to participate check out the <a href="https://www.smogon.com/tools/suspects/view/200">suspect thread</a>.</strong></div>
|j|☆KenjiShiguma
|j|☆Lyrick
|t:|1776061453
|gametype|singles
|player|p1|KenjiShiguma|pokemonbreeder-gen4|1117
|player|p2|Lyrick|101|1105
|gen|9
|tier|[Gen 9] OU
|rated|
|rule|HP Percentage Mod: HP is shown in percentages
|rule|Endless Battle Clause: Forcing endless battles is banned
|rule|Species Clause: Limit one of each Pokémon
|rule|OHKO Clause: OHKO moves are banned
|rule|Evasion Items Clause: Evasion items are banned
|rule|Evasion Moves Clause: Evasion moves are banned
|rule|Evasion Abilities Clause: Evasion abilities are banned
|rule|Sleep Moves Clause: Sleep-inducing moves are banned
|clearpoke
|poke|p1|Zangoose, M|
|poke|p1|Squawkabilly, M|
|poke|p1|Dedenne, F|
|poke|p1|Masquerain, F|
|poke|p1|Breloom, M|
|poke|p1|Flareon, M|
|poke|p2|Misdreavus, F|
|poke|p2|Zoroark-Hisui, M|
|poke|p2|Grimmsnarl, M|
|poke|p2|Ursaring, F|
|poke|p2|Haxorus, M|
|poke|p2|Hydrapple, F|
|teampreview
|j| ohko_smeargle
|inactive|Battle timer is ON: inactive players will automatically lose when time's up. (requested by Lyrick)
|
|t:|1776061464
|teamsize|p1|6
|teamsize|p2|6
|start
|switch|p1a: Masquerain|Masquerain, F|100/100
|switch|p2a: Eren|Grimmsnarl, M|100/100
|-ability|p1a: Masquerain|Intimidate|boost
|-unboost|p2a: Eren|atk|1
|turn|1
|
|t:|1776061479
|move|p2a: Eren|Light Screen|p2a: Eren
|-sidestart|p2: Lyrick|move: Light Screen
|move|p1a: Masquerain|Quiver Dance|p1a: Masquerain
|-boost|p1a: Masquerain|spa|1
|-boost|p1a: Masquerain|spd|1
|-boost|p1a: Masquerain|spe|1
|
|upkeep
|turn|2
|
|t:|1776061487
|move|p1a: Masquerain|Quiver Dance|p1a: Masquerain
|-boost|p1a: Masquerain|spa|1
|-boost|p1a: Masquerain|spd|1
|-boost|p1a: Masquerain|spe|1
|move|p2a: Eren|Spirit Break|p1a: Masquerain
|-damage|p1a: Masquerain|67/100
|-unboost|p1a: Masquerain|spa|1
|
|upkeep
|turn|3
|
|t:|1776061496
|move|p1a: Masquerain|Bug Buzz|p2a: Eren
|-damage|p2a: Eren|72/100
|-enditem|p2a: Eren|Eject Button
|
|t:|1776061508
|switch|p2a: Haxorus|Haxorus, M|100/100
|
|upkeep
|turn|4
|
|t:|1776061513
|move|p1a: Masquerain|Ice Beam|p2a: Haxorus
|-supereffective|p2a: Haxorus
|-damage|p2a: Haxorus|35/100
|move|p2a: Haxorus|Dragon Dance|p2a: Haxorus
|-boost|p2a: Haxorus|atk|1
|-boost|p2a: Haxorus|spe|1
|
|upkeep
|turn|5
|
|t:|1776061521
|move|p1a: Masquerain|Ice Beam|p2a: Haxorus
|-supereffective|p2a: Haxorus
|-damage|p2a: Haxorus|0 fnt
|faint|p2a: Haxorus
|
|-sideend|p2: Lyrick|move: Light Screen
|upkeep
|
|t:|1776061531
|switch|p2a: Misdreavus|Misdreavus, F|100/100
|turn|6
|
|t:|1776061537
|move|p1a: Masquerain|Surf|p2a: Misdreavus
|-damage|p2a: Misdreavus|77/100
|move|p2a: Misdreavus|Perish Song|p2a: Misdreavus
|-start|p1a: Masquerain|perish3|[silent]
|-start|p2a: Misdreavus|perish3|[silent]
|-fieldactivate|move: Perish Song
|
|-start|p1a: Masquerain|perish3
|-start|p2a: Misdreavus|perish3
|upkeep
|turn|7
|
|t:|1776061546
|move|p2a: Misdreavus|Protect|p2a: Misdreavus
|-singleturn|p2a: Misdreavus|Protect
|move|p1a: Masquerain|Surf|p2a: Misdreavus
|-activate|p2a: Misdreavus|move: Protect
|
|-start|p1a: Masquerain|perish2
|-start|p2a: Misdreavus|perish2
|upkeep
|turn|8
|
|t:|1776061555
|move|p1a: Masquerain|Surf|p2a: Misdreavus
|-damage|p2a: Misdreavus|51/100
|move|p2a: Misdreavus|Destiny Bond|p2a: Misdreavus
|-singlemove|p2a: Misdreavus|Destiny Bond
|
|-start|p1a: Masquerain|perish1
|-start|p2a: Misdreavus|perish1
|upkeep
|turn|9
|
|t:|1776061564
|switch|p1a: Flareon|Flareon, M|100/100
|move|p2a: Misdreavus|Trick Room|p2a: Misdreavus
|-fieldstart|move: Trick Room|[of] p2a: Misdreavus
|
|-start|p2a: Misdreavus|perish0
|faint|p2a: Misdreavus
|upkeep
|
|t:|1776061569
|switch|p2a: Shrek|Ursaring, F, shiny|100/100
|turn|10
|
|t:|1776061575
|move|p2a: Shrek|Swords Dance|p2a: Shrek
|-boost|p2a: Shrek|atk|2
|move|p1a: Flareon|Will-O-Wisp|p2a: Shrek
|-status|p2a: Shrek|brn
|
|-damage|p2a: Shrek|94/100 brn|[from] brn
|upkeep
|turn|11
|
|t:|1776061584
|move|p2a: Shrek|Facade|p1a: Flareon
|-damage|p1a: Flareon|0 fnt
|faint|p1a: Flareon
|
|-damage|p2a: Shrek|88/100 brn|[from] brn
|upkeep
|
|t:|1776061594
|switch|p1a: Zangoose|Zangoose, M|100/100
|turn|12
|
|t:|1776061607
|-terastallize|p1a: Zangoose|Ghost
|move|p2a: Shrek|Facade|p1a: Zangoose
|-immune|p1a: Zangoose
|move|p1a: Zangoose|Knock Off|p2a: Shrek
|-damage|p2a: Shrek|53/100 brn
|-enditem|p2a: Shrek|Flame Orb|[from] move: Knock Off|[of] p1a: Zangoose
|
|-damage|p2a: Shrek|46/100 brn|[from] brn
|upkeep
|turn|13
|
|t:|1776061618
|switch|p1a: Breloom|Breloom, M|100/100
|move|p2a: Shrek|Earthquake|p1a: Breloom
|-resisted|p1a: Breloom
|-damage|p1a: Breloom|51/100
|
|-damage|p2a: Shrek|40/100 brn|[from] brn
|-fieldend|move: Trick Room
|upkeep
|turn|14
|
|t:|1776061628
|move|p1a: Breloom|Substitute|p1a: Breloom
|-start|p1a: Breloom|Substitute
|-damage|p1a: Breloom|27/100
|move|p2a: Shrek|Facade|p1a: Breloom
|-end|p1a: Breloom|Substitute
|
|-damage|p2a: Shrek|34/100 brn|[from] brn
|upkeep
|turn|15
|
|t:|1776061637
|move|p1a: Breloom|Drain Punch|p2a: Shrek
|-supereffective|p2a: Shrek
|-damage|p2a: Shrek|0 fnt
|-heal|p1a: Breloom|52/100|[from] drain|[of] p2a: Shrek
|faint|p2a: Shrek
|
|upkeep
|
|t:|1776061643
|switch|p2a: Ajaw|Hydrapple, F|100/100
|turn|16
|
|t:|1776061648
|move|p2a: Ajaw|Nasty Plot|p2a: Ajaw
|-boost|p2a: Ajaw|spa|2
|move|p1a: Breloom|Poison Jab|p2a: Ajaw
|-resisted|p2a: Ajaw
|-damage|p2a: Ajaw|75/100
|replace|p2a: Zoroark|Zoroark-Hisui, M
|-end|p2a: Zoroark|Illusion
|
|upkeep
|turn|17
|
|t:|1776061657
|move|p2a: Zoroark|Hyper Voice|p1a: Breloom
|-damage|p1a: Breloom|0 fnt
|faint|p1a: Breloom
|-damage|p2a: Zoroark|65/100|[from] item: Life Orb
|
|upkeep
|
|t:|1776061663
|switch|p1a: Dedenne|Dedenne, F|100/100
|turn|18
|
|t:|1776061666
|move|p2a: Zoroark|Hyper Voice|p1a: Dedenne
|-damage|p1a: Dedenne|0 fnt
|faint|p1a: Dedenne
|-damage|p2a: Zoroark|55/100|[from] item: Life Orb
|
|upkeep
|
|t:|1776061677
|switch|p1a: Masquerain|Masquerain, F|67/100
|-ability|p1a: Masquerain|Intimidate|boost
|-unboost|p2a: Zoroark|atk|1
|turn|19
|
|t:|1776061683
|move|p2a: Zoroark|Hyper Voice|p1a: Masquerain
|-damage|p1a: Masquerain|0 fnt
|faint|p1a: Masquerain
|-damage|p2a: Zoroark|45/100|[from] item: Life Orb
|
|upkeep
|
|t:|1776061689
|switch|p1a: Squawkabilly|Squawkabilly, M|100/100
|turn|20
|
|t:|1776061692
|switch|p1a: Zangoose|Zangoose, M, tera:Ghost|100/100
|move|p2a: Zoroark|Bitter Malice|p1a: Zangoose
|-supereffective|p1a: Zangoose
|-damage|p1a: Zangoose|0 fnt
|faint|p1a: Zangoose
|-damage|p2a: Zoroark|35/100|[from] item: Life Orb
|
|upkeep
|
|t:|1776061703
|switch|p1a: Squawkabilly|Squawkabilly, M|100/100
|turn|21
|
|t:|1776061708
|move|p2a: Zoroark|Hyper Voice|p1a: Squawkabilly
|-damage|p1a: Squawkabilly|0 fnt
|faint|p1a: Squawkabilly
|-damage|p2a: Zoroark|25/100|[from] item: Life Orb
|
|win|Lyrick
|raw|KenjiShiguma's rating: 1117 &rarr; <strong>1091</strong><br />(-26 for losing)
|raw|Lyrick's rating: 1105 &rarr; <strong>1131</strong><br />(+26 for winning)
|l| ohko_smeargle
|l|☆KenjiShiguma
|player|p1|
|l|☆Lyrick
|player|p2|
