|html|<div class="broadcast-blue"><strong>[Gen 9] OU is currently suspecting Tera Blast! For information on how to participate check out the <a href="https://www.smogon.com/tools/suspects/view/200">suspect thread</a>.</strong></div>
|j|☆Oddsin
|j|☆Chabbott918
|t:|1776063279
|gametype|singles
|player|p1|Oddsin|gambler|1164
|player|p2|Chabbott918|clair|1208
|gen|9
|tier|[Gen 9] OU
|rated|
|rule|HP Percentage Mod: HP is shown in percentages
|rule|Endless Battle Clause: Forcing endless battles is banned
|rule|Species Clause: Limit one of each Pokémon
|rule|OHKO Clause: OHKO moves are banned
|rule|Evasion Items Clause: Evasion items are banned
|rule|Evasion Moves Clause: Evasion moves are banned
|rule|Evasion Abilities Clause: Evasion abilities are banned
|rule|Sleep Moves Clause: Sleep-inducing moves are banned
|clearpoke
|poke|p1|Scizor, M|
|poke|p1|Grimmsnarl, M|
|poke|p1|Salamence, F|
|poke|p1|Blastoise, M|
|poke|p1|Jolteon, M|
|poke|p1|Ceruledge, M|
|poke|p2|Meowscarada, F|
|poke|p2|Blaziken, F|
|poke|p2|Primarina, F|
|poke|p2|Galvantula, F|
|poke|p2|Corviknight, F|
|poke|p2|Garchomp, F|
|teampreview
|
|t:|1776063294
|teamsize|p1|6
|teamsize|p2|6
|start
|switch|p1a: Salamence|Salamence, F|100/100
|switch|p2a: Galvantula|Galvantula, F, shiny|100/100
|-ability|p1a: Salamence|Intimidate|boost
|-unboost|p2a: Galvantula|atk|1
|turn|1
|inactive|Battle timer is ON: inactive players will automatically lose when time's up. (requested by Oddsin)
|
|t:|1776063305
|move|p2a: Galvantula|Thunder Wave|p1a: Salamence
|-status|p1a: Salamence|par
|move|p1a: Salamence|Tailwind|p1a: Salamence
|-sidestart|p1: Oddsin|move: Tailwind
|
|upkeep
|turn|2
|
|t:|1776063310
|move|p2a: Galvantula|Sticky Web|p1a: Salamence
|-sidestart|p1: Oddsin|move: Sticky Web
|move|p1a: Salamence|Flamethrower|p2a: Galvantula
|-supereffective|p2a: Galvantula
|-crit|p2a: Galvantula
|-enditem|p2a: Galvantula|Focus Sash
|-damage|p2a: Galvantula|1/100
|
|upkeep
|turn|3
|
|t:|1776063321
|move|p2a: Galvantula|Volt Switch|p1a: Salamence
|-damage|p1a: Salamence|68/100 par
|
|t:|1776063328
|switch|p2a: Garchomp|Garchomp, F, shiny|100/100|[from] Volt Switch
|cant|p1a: Salamence|par
|
|upkeep
|turn|4
|
|t:|1776063333
|move|p2a: Garchomp|Scale Shot|p1a: Salamence
|-supereffective|p1a: Salamence
|-damage|p1a: Salamence|39/100 par
|-supereffective|p1a: Salamence
|-damage|p1a: Salamence|12/100 par
|-supereffective|p1a: Salamence
|-damage|p1a: Salamence|0 fnt
|faint|p1a: Salamence
|-hitcount|p1: Salamence|3
|-unboost|p2a: Garchomp|def|1
|-boost|p2a: Garchomp|spe|1
|
|-sideend|p1: Oddsin|move: Tailwind
|upkeep
|
|t:|1776063340
|switch|p1a: Blastoise|Blastoise, M|100/100
|-activate|p1a: Blastoise|move: Sticky Web
|-unboost|p1a: Blastoise|spe|1
|turn|5
|
|t:|1776063355
|switch|p2a: Corviknight|Corviknight, F, shiny|100/100
|-ability|p2a: Corviknight|Pressure
|move|p1a: Blastoise|Rapid Spin|p2a: Corviknight
|-resisted|p2a: Corviknight
|-damage|p2a: Corviknight|97/100
|-boost|p1a: Blastoise|spe|1
|-damage|p1a: Blastoise|84/100|[from] item: Rocky Helmet|[of] p2a: Corviknight
|-sideend|p1: Oddsin|Sticky Web|[from] move: Rapid Spin|[of] p1a: Blastoise
|
|-heal|p1a: Blastoise|90/100|[from] item: Leftovers
|upkeep
|turn|6
|
|t:|1776063363
|move|p1a: Blastoise|Rain Dance|p1a: Blastoise
|-weather|RainDance
|move|p2a: Corviknight|Body Press|p1a: Blastoise
|-damage|p1a: Blastoise|68/100
|
|-weather|RainDance|[upkeep]
|-heal|p1a: Blastoise|75/100|[from] ability: Rain Dish
|-heal|p1a: Blastoise|81/100|[from] item: Leftovers
|upkeep
|turn|7
|
|t:|1776063370
|switch|p1a: Jolteon|Jolteon, M|100/100
|move|p2a: Corviknight|U-turn|p1a: Jolteon
|-damage|p1a: Jolteon|79/100
|
|t:|1776063379
|switch|p2a: Blaziken|Blaziken, F, shiny|100/100|[from] U-turn
|
|-weather|RainDance|[upkeep]
|-status|p1a: Jolteon|brn|[from] item: Flame Orb
|upkeep
|turn|8
|
|t:|1776063388
|move|p2a: Blaziken|Protect|p2a: Blaziken
|-singleturn|p2a: Blaziken|Protect
|move|p1a: Jolteon|Weather Ball|p2a: Blaziken
|-activate|p2a: Blaziken|move: Protect
|
|-weather|RainDance|[upkeep]
|-damage|p1a: Jolteon|73/100 brn|[from] brn
|-ability|p2a: Blaziken|Speed Boost|boost
|-boost|p2a: Blaziken|spe|1
|upkeep
|turn|9
|
|t:|1776063408
|switch|p2a: Galvantula|Galvantula, F, shiny|1/100
|-terastallize|p1a: Jolteon|Water
|move|p1a: Jolteon|Weather Ball|p2a: Galvantula
|-damage|p2a: Galvantula|0 fnt
|faint|p2a: Galvantula
|
|-weather|RainDance|[upkeep]
|-damage|p1a: Jolteon|67/100 brn|[from] brn
|upkeep
|
|t:|1776063413
|switch|p2a: Blaziken|Blaziken, F, shiny|100/100
|turn|10
|
|t:|1776063418
|move|p2a: Blaziken|Protect|p2a: Blaziken
|-singleturn|p2a: Blaziken|Protect
|move|p1a: Jolteon|Wish|p1a: Jolteon
|
|-weather|none
|-damage|p1a: Jolteon|61/100 brn|[from] brn
|-ability|p2a: Blaziken|Speed Boost|boost
|-boost|p2a: Blaziken|spe|1
|upkeep
|turn|11
|
|t:|1776063432
|switch|p1a: Ceruledge|Ceruledge, M|100/100
|move|p2a: Blaziken|Focus Energy|p2a: Blaziken
|-start|p2a: Blaziken|move: Focus Energy
|
|-ability|p2a: Blaziken|Speed Boost|boost
|-boost|p2a: Blaziken|spe|1
|upkeep
|turn|12
|
|t:|1776063443
|move|p2a: Blaziken|Overheat|p1a: Ceruledge
|-resisted|p1a: Ceruledge
|-crit|p1a: Ceruledge
|-damage|p1a: Ceruledge|39/100
|-unboost|p2a: Blaziken|spa|2
|move|p1a: Ceruledge|Poltergeist|p2a: Blaziken
|-activate|p2a: Blaziken|move: Poltergeist|Scope Lens
|-damage|p2a: Blaziken|14/100
|
|-ability|p2a: Blaziken|Speed Boost|boost
|-boost|p2a: Blaziken|spe|1
|upkeep
|turn|13
|
|t:|1776063452
|move|p1a: Ceruledge|Shadow Sneak|p2a: Blaziken
|-damage|p2a: Blaziken|0 fnt
|faint|p2a: Blaziken
|
|upkeep
|
|t:|1776063459
|switch|p2a: Meowscarada|Meowscarada, F, shiny|100/100
|turn|14
|
|t:|1776063464
|move|p1a: Ceruledge|Endure|p1a: Ceruledge
|-singleturn|p1a: Ceruledge|move: Endure
|move|p2a: Meowscarada|Knock Off|p1a: Ceruledge
|-start|p2a: Meowscarada|typechange|Dark|[from] ability: Protean
|-supereffective|p1a: Ceruledge
|-activate|p1a: Ceruledge|move: Endure
|-damage|p1a: Ceruledge|1/100
|-ability|p1a: Ceruledge|Weak Armor|boost
|-unboost|p1a: Ceruledge|def|1
|-boost|p1a: Ceruledge|spe|2
|-enditem|p1a: Ceruledge|Liechi Berry|[from] move: Knock Off|[of] p2a: Meowscarada
|
|upkeep
|turn|15
|
|t:|1776063479
|move|p1a: Ceruledge|Bitter Blade|p2a: Meowscarada
|-crit|p2a: Meowscarada
|-damage|p2a: Meowscarada|0 fnt
|-heal|p1a: Ceruledge|51/100|[from] drain|[of] p2a: Meowscarada
|faint|p2a: Meowscarada
|
|upkeep
|
|t:|1776063492
|switch|p2a: Garchomp|Garchomp, F, shiny|100/100
|turn|16
|
|t:|1776063498
|move|p1a: Ceruledge|Poltergeist|p2a: Garchomp
|-activate|p2a: Garchomp|move: Poltergeist|Loaded Dice
|-damage|p2a: Garchomp|39/100
|move|p2a: Garchomp|Scale Shot|p1a: Ceruledge
|-damage|p1a: Ceruledge|22/100
|-ability|p1a: Ceruledge|Weak Armor|boost
|-unboost|p1a: Ceruledge|def|1
|-boost|p1a: Ceruledge|spe|2
|-damage|p1a: Ceruledge|0 fnt
|faint|p1a: Ceruledge
|-hitcount|p1: Ceruledge|2
|-unboost|p2a: Garchomp|def|1
|-boost|p2a: Garchomp|spe|1
|
|upkeep
|
|t:|1776063507
|switch|p1a: Grimmsnarl|Grimmsnarl, M|100/100
|turn|17
|
|t:|1776063513
|switch|p2a: Corviknight|Corviknight, F, shiny|97/100
|-ability|p2a: Corviknight|Pressure
|move|p1a: Grimmsnarl|Bulk Up|p1a: Grimmsnarl
|-boost|p1a: Grimmsnarl|atk|1
|-boost|p1a: Grimmsnarl|def|1
|
|upkeep
|turn|18
|
|t:|1776063520
|move|p1a: Grimmsnarl|Bulk Up|p1a: Grimmsnarl
|-boost|p1a: Grimmsnarl|atk|1
|-boost|p1a: Grimmsnarl|def|1
|move|p2a: Corviknight|U-turn|p1a: Grimmsnarl
|-damage|p1a: Grimmsnarl|91/100
|
|t:|1776063522
|switch|p2a: Primarina|Primarina, F, shiny|100/100|[from] U-turn
|
|upkeep
|turn|19
|
|t:|1776063531
|move|p2a: Primarina|Draining Kiss|p1a: Grimmsnarl
|-supereffective|p1a: Grimmsnarl
|-crit|p1a: Grimmsnarl
|-damage|p1a: Grimmsnarl|36/100
|move|p1a: Grimmsnarl|Spirit Break|p2a: Primarina
|-damage|p2a: Primarina|21/100
|-unboost|p2a: Primarina|spa|1
|
|-heal|p2a: Primarina|27/100|[from] item: Leftovers
|upkeep
|turn|20
|
|t:|1776063549
|move|p1a: Grimmsnarl|Rest|p1a: Grimmsnarl
|-status|p1a: Grimmsnarl|slp|[from] move: Rest
|-heal|p1a: Grimmsnarl|100/100 slp|[silent]
|-enditem|p1a: Grimmsnarl|Chesto Berry|[eat]
|-curestatus|p1a: Grimmsnarl|slp|[msg]
|move|p2a: Primarina|Draining Kiss|p1a: Grimmsnarl
|-supereffective|p1a: Grimmsnarl
|-damage|p1a: Grimmsnarl|76/100
|-heal|p2a: Primarina|51/100|[from] drain|[of] p1a: Grimmsnarl
|
|-heal|p2a: Primarina|57/100|[from] item: Leftovers
|upkeep
|turn|21
|
|t:|1776063566
|-terastallize|p2a: Primarina|Steel
|move|p2a: Primarina|Draining Kiss|p1a: Grimmsnarl
|-supereffective|p1a: Grimmsnarl
|-damage|p1a: Grimmsnarl|50/100
|-heal|p2a: Primarina|83/100|[from] drain|[of] p1a: Grimmsnarl
|move|p1a: Grimmsnarl|Spirit Break|p2a: Primarina
|-resisted|p2a: Primarina
|-damage|p2a: Primarina|43/100
|-unboost|p2a: Primarina|spa|1
|
|-heal|p2a: Primarina|49/100|[from] item: Leftovers
|upkeep
|turn|22
|
|t:|1776063577
|move|p1a: Grimmsnarl|Sucker Punch||[still]
|-fail|p1a: Grimmsnarl
|move|p2a: Primarina|Calm Mind|p2a: Primarina
|-boost|p2a: Primarina|spa|1
|-boost|p2a: Primarina|spd|1
|
|-heal|p2a: Primarina|55/100|[from] item: Leftovers
|upkeep
|turn|23
|
|t:|1776063587
|switch|p1a: Scizor|Scizor, M|100/100
|move|p2a: Primarina|Draining Kiss|p1a: Scizor
|-resisted|p1a: Scizor
|-damage|p1a: Scizor|91/100
|-heal|p2a: Primarina|62/100|[from] drain|[of] p1a: Scizor
|
|-heal|p2a: Primarina|68/100|[from] item: Leftovers
|upkeep
|turn|24
|
|t:|1776063594
|switch|p2a: Corviknight|Corviknight, F, shiny|97/100
|-ability|p2a: Corviknight|Pressure
|move|p1a: Scizor|Close Combat|p2a: Corviknight
|-damage|p2a: Corviknight|72/100
|-unboost|p1a: Scizor|def|1
|-unboost|p1a: Scizor|spd|1
|-damage|p1a: Scizor|75/100|[from] item: Rocky Helmet|[of] p2a: Corviknight
|
|upkeep
|turn|25
|
|t:|1776063603
|switch|p1a: Blastoise|Blastoise, M|81/100
|move|p2a: Corviknight|Body Press|p1a: Blastoise
|-damage|p1a: Blastoise|59/100
|
|-heal|p1a: Blastoise|65/100|[from] item: Leftovers
|upkeep
|turn|26
|
|t:|1776063608
|switch|p2a: Garchomp|Garchomp, F, shiny|39/100
|move|p1a: Blastoise|Rain Dance|p1a: Blastoise
|-weather|RainDance
|
|-weather|RainDance|[upkeep]
|-heal|p1a: Blastoise|71/100|[from] ability: Rain Dish
|-heal|p1a: Blastoise|77/100|[from] item: Leftovers
|upkeep
|turn|27
|
|t:|1776063614
|move|p2a: Garchomp|Scale Shot|p1a: Blastoise
|-damage|p1a: Blastoise|66/100
|-damage|p1a: Blastoise|55/100
|-damage|p1a: Blastoise|42/100
|-damage|p1a: Blastoise|32/100
|-crit|p1a: Blastoise
|-damage|p1a: Blastoise|16/100
|-hitcount|p1a: Blastoise|5
|-unboost|p2a: Garchomp|def|1
|-boost|p2a: Garchomp|spe|1
|move|p1a: Blastoise|Liquidation|p2a: Garchomp
|-damage|p2a: Garchomp|0 fnt
|-damage|p1a: Blastoise|4/100|[from] ability: Rough Skin|[of] p2a: Garchomp
|faint|p2a: Garchomp
|
|-weather|RainDance|[upkeep]
|-heal|p1a: Blastoise|10/100|[from] ability: Rain Dish
|-heal|p1a: Blastoise|16/100|[from] item: Leftovers
|upkeep
|
|t:|1776063620
|switch|p2a: Corviknight|Corviknight, F, shiny|72/100
|-ability|p2a: Corviknight|Pressure
|turn|28
|
|t:|1776063624
|move|p1a: Blastoise|Liquidation|p2a: Corviknight
|-damage|p2a: Corviknight|48/100
|-damage|p1a: Blastoise|0 fnt|[from] item: Rocky Helmet|[of] p2a: Corviknight
|faint|p1a: Blastoise
|move|p2a: Corviknight|Body Press|p1: Blastoise|[notarget]
|-fail|p2a: Corviknight
|
|-weather|RainDance|[upkeep]
|upkeep
|
|t:|1776063631
|switch|p1a: Jolteon|Jolteon, M, tera:Water|61/100 brn
|turn|29
|
|t:|1776063634
|move|p1a: Jolteon|Thunder|p2a: Corviknight
|-supereffective|p2a: Corviknight
|-damage|p2a: Corviknight|0 fnt
|faint|p2a: Corviknight
|
|-weather|RainDance|[upkeep]
|-damage|p1a: Jolteon|55/100 brn|[from] brn
|upkeep
|
|t:|1776063635
|switch|p2a: Primarina|Primarina, F, shiny, tera:Steel|68/100
|turn|30
|
|t:|1776063638
|move|p1a: Jolteon|Weather Ball|p2a: Primarina
|-crit|p2a: Primarina
|-damage|p2a: Primarina|0 fnt
|faint|p2a: Primarina
|
|win|Oddsin
|raw|Oddsin's rating: 1164 &rarr; <strong>1192</strong><br />(+28 for winning)
|raw|Chabbott918's rating: 1208 &rarr; <strong>1180</strong><br />(-28 for losing)
|l|☆Chabbott918
|player|p2|
|l|☆Oddsin
|player|p1|
