|html|<div class="broadcast-blue"><strong>[Gen 9] OU is currently suspecting Tera Blast! For information on how to participate check out the <a href="https://www.smogon.com/tools/suspects/view/200">suspect thread</a>.</strong></div>
|j|☆byakho
|j|☆Fermin59
|t:|1776037065
|gametype|singles
|player|p1|byakho|2|1091
|player|p2|Fermin59|lucas|1061
|gen|9
|tier|[Gen 9] OU
|rated|
|rule|HP Percentage Mod: HP is shown in percentages
|rule|Endless Battle Clause: Forcing endless battles is banned
|rule|Species Clause: Limit one of each Pokémon
|rule|OHKO Clause: OHKO moves are banned
|rule|Evasion Items Clause: Evasion items are banned
|rule|Evasion Moves Clause: Evasion moves are banned
|rule|Evasion Abilities Clause: Evasion abilities are banned
|rule|Sleep Moves Clause: Sleep-inducing moves are banned
|clearpoke
|poke|p1|Toxapex, M|
|poke|p1|Inteleon, M|
|poke|p1|Iron Moth|
|poke|p1|Meowscarada, M|
|poke|p1|Garganacl, M|
|poke|p1|Dragapult, M|
|poke|p2|Ribombee, F|
|poke|p2|Scizor, M|
|poke|p2|Heracross, M|
|poke|p2|Vikavolt, F|
|poke|p2|Forretress, M|
|poke|p2|Araquanid, F|
|teampreview
|
|t:|1776037073
|teamsize|p1|6
|teamsize|p2|6
|start
|switch|p1a: Meowscarada|Meowscarada, M, shiny|100/100
|switch|p2a: Ribombee|Ribombee, F|100/100
|turn|1
|
|t:|1776037083
|move|p1a: Meowscarada|Triple Axel|p2a: Ribombee
|-start|p1a: Meowscarada|typechange|Ice|[from] ability: Protean
|-damage|p2a: Ribombee|82/100
|-damage|p2a: Ribombee|46/100
|-damage|p2a: Ribombee|0 fnt
|faint|p2a: Ribombee
|-hitcount|p2: Ribombee|3
|
|upkeep
|
|t:|1776037094
|switch|p2a: Heracross|Heracross, M|100/100
|turn|2
|
|t:|1776037098
|move|p1a: Meowscarada|Triple Axel|p2a: Heracross
|-damage|p2a: Heracross|87/100
|-damage|p2a: Heracross|60/100
|-hitcount|p2a: Heracross|2
|move|p2a: Heracross|Close Combat|p1a: Meowscarada
|-supereffective|p1a: Meowscarada
|-damage|p1a: Meowscarada|0 fnt
|-unboost|p2a: Heracross|def|1
|-unboost|p2a: Heracross|spd|1
|faint|p1a: Meowscarada
|
|upkeep
|
|t:|1776037109
|switch|p1a: Iron Moth|Iron Moth, shiny|100/100
|-enditem|p1a: Iron Moth|Booster Energy
|-activate|p1a: Iron Moth|ability: Quark Drive|[fromitem]
|-start|p1a: Iron Moth|quarkdrivespa
|turn|3
|
|t:|1776037116
|switch|p2a: Forretress|Forretress, M, shiny|100/100
|move|p1a: Iron Moth|Agility|p1a: Iron Moth
|-boost|p1a: Iron Moth|spe|2
|
|upkeep
|turn|4
|
|t:|1776037127
|move|p1a: Iron Moth|Fiery Dance|p2a: Forretress
|-supereffective|p2a: Forretress
|-ability|p2a: Forretress|Sturdy
|-damage|p2a: Forretress|1/100
|move|p2a: Forretress|Stealth Rock|p1a: Iron Moth
|-sidestart|p1: byakho|move: Stealth Rock
|
|-heal|p2a: Forretress|7/100|[from] item: Leftovers
|upkeep
|turn|5
|
|t:|1776037136
|move|p1a: Iron Moth|Fiery Dance|p2a: Forretress
|-supereffective|p2a: Forretress
|-damage|p2a: Forretress|0 fnt
|faint|p2a: Forretress
|
|upkeep
|
|t:|1776037140
|switch|p2a: Araquanid|Araquanid, F|100/100
|turn|6
|
|t:|1776037161
|move|p1a: Iron Moth|Sludge Wave|p2a: Araquanid
|-damage|p2a: Araquanid|65/100
|move|p2a: Araquanid|Liquidation|p1a: Iron Moth
|-supereffective|p1a: Iron Moth
|-damage|p1a: Iron Moth|0 fnt
|faint|p1a: Iron Moth
|-end|p1a: Iron Moth|Quark Drive|[silent]
|
|upkeep
|
|t:|1776037172
|switch|p1a: Toxapex|Toxapex, M, shiny|100/100
|-damage|p1a: Toxapex|88/100|[from] Stealth Rock
|turn|7
|
|t:|1776037180
|move|p2a: Araquanid|Crunch|p1a: Toxapex
|-damage|p1a: Toxapex|75/100
|move|p1a: Toxapex|Toxic|p2a: Araquanid
|-status|p2a: Araquanid|tox
|
|-heal|p1a: Toxapex|82/100|[from] item: Leftovers
|-damage|p2a: Araquanid|59/100 tox|[from] psn
|upkeep
|turn|8
|
|t:|1776037190
|switch|p2a: Vikavolt|Vikavolt, F, shiny|100/100
|move|p1a: Toxapex|Baneful Bunker||[still]
|-fail|p1a: Toxapex
|
|-heal|p1a: Toxapex|88/100|[from] item: Leftovers
|upkeep
|turn|9
|
|t:|1776037196
|move|p2a: Vikavolt|Thunderbolt|p1a: Toxapex
|-supereffective|p1a: Toxapex
|-damage|p1a: Toxapex|2/100
|move|p1a: Toxapex|Toxic|p2a: Vikavolt
|-status|p2a: Vikavolt|tox
|
|-heal|p1a: Toxapex|9/100|[from] item: Leftovers
|-damage|p2a: Vikavolt|94/100 tox|[from] psn
|upkeep
|turn|10
|
|t:|1776037205
|move|p1a: Toxapex|Baneful Bunker|p1a: Toxapex
|-singleturn|p1a: Toxapex|move: Protect
|move|p2a: Vikavolt|Thunderbolt|p1a: Toxapex
|-activate|p1a: Toxapex|move: Protect
|
|-heal|p1a: Toxapex|15/100|[from] item: Leftovers
|-damage|p2a: Vikavolt|82/100 tox|[from] psn
|upkeep
|turn|11
|
|t:|1776037213
|switch|p1a: Garganacl|Garganacl, M, shiny|100/100
|-damage|p1a: Garganacl|88/100|[from] Stealth Rock
|move|p2a: Vikavolt|Thunderbolt|p1a: Garganacl
|-damage|p1a: Garganacl|45/100
|
|-heal|p1a: Garganacl|51/100|[from] item: Leftovers
|-damage|p2a: Vikavolt|64/100 tox|[from] psn
|upkeep
|turn|12
|
|t:|1776037222
|move|p2a: Vikavolt|Energy Ball|p1a: Garganacl
|-supereffective|p1a: Garganacl
|-damage|p1a: Garganacl|0 fnt
|faint|p1a: Garganacl
|
|-damage|p2a: Vikavolt|39/100 tox|[from] psn
|upkeep
|
|t:|1776037230
|switch|p1a: Toxapex|Toxapex, M, shiny|48/100
|-damage|p1a: Toxapex|36/100|[from] Stealth Rock
|turn|13
|
|t:|1776037233
|move|p1a: Toxapex|Baneful Bunker|p1a: Toxapex
|-singleturn|p1a: Toxapex|move: Protect
|move|p2a: Vikavolt|Thunderbolt|p1a: Toxapex
|-activate|p1a: Toxapex|move: Protect
|
|-heal|p1a: Toxapex|42/100|[from] item: Leftovers
|-damage|p2a: Vikavolt|9/100 tox|[from] psn
|upkeep
|turn|14
|
|t:|1776037243
|move|p1a: Toxapex|Baneful Bunker|p1a: Toxapex
|-singleturn|p1a: Toxapex|move: Protect
|move|p2a: Vikavolt|Thunderbolt|p1a: Toxapex
|-activate|p1a: Toxapex|move: Protect
|
|-heal|p1a: Toxapex|48/100|[from] item: Leftovers
|-damage|p2a: Vikavolt|0 fnt|[from] psn
|faint|p2a: Vikavolt
|upkeep
|c|☆Fermin59|U serious???
|
|t:|1776037253
|switch|p2a: Heracross|Heracross, M|60/100
|turn|15
|
|t:|1776037261
|move|p2a: Heracross|Close Combat|p1a: Toxapex
|-resisted|p1a: Toxapex
|-damage|p1a: Toxapex|29/100
|-unboost|p2a: Heracross|def|1
|-unboost|p2a: Heracross|spd|1
|move|p1a: Toxapex|Toxic|p2a: Heracross
|-status|p2a: Heracross|tox
|
|-heal|p1a: Toxapex|35/100|[from] item: Leftovers
|-damage|p2a: Heracross|54/100 tox|[from] psn
|upkeep
|turn|16
|c|☆Fermin59|Fucking coward
|
|t:|1776037272
|move|p1a: Toxapex|Baneful Bunker|p1a: Toxapex
|-singleturn|p1a: Toxapex|move: Protect
|move|p2a: Heracross|Close Combat|p1a: Toxapex
|-activate|p1a: Toxapex|move: Protect
|
|-heal|p1a: Toxapex|41/100|[from] item: Leftovers
|-damage|p2a: Heracross|42/100 tox|[from] psn
|upkeep
|turn|17
|
|t:|1776037281
|move|p2a: Heracross|Close Combat|p1a: Toxapex
|-resisted|p1a: Toxapex
|-damage|p1a: Toxapex|13/100
|-unboost|p2a: Heracross|def|1
|-unboost|p2a: Heracross|spd|1
|move|p1a: Toxapex|Recover|p1a: Toxapex
|-heal|p1a: Toxapex|63/100
|
|-heal|p1a: Toxapex|69/100|[from] item: Leftovers
|-damage|p2a: Heracross|24/100 tox|[from] psn
|upkeep
|turn|18
|
|t:|1776037293
|switch|p2a: Scyth3r|Scizor, M, shiny|100/100
|move|p1a: Toxapex|Recover|p1a: Toxapex
|-heal|p1a: Toxapex|100/100
|
|upkeep
|turn|19
|
|t:|1776037299
|move|p2a: Scyth3r|Knock Off|p1a: Toxapex
|-damage|p1a: Toxapex|67/100
|-enditem|p1a: Toxapex|Leftovers|[from] move: Knock Off|[of] p2a: Scyth3r
|move|p1a: Toxapex|Surf|p2a: Scyth3r
|-damage|p2a: Scyth3r|80/100
|
|upkeep
|turn|20
|
|t:|1776037306
|switch|p2a: Araquanid|Araquanid, F|59/100 tox
|switch|p1a: enriqueeeeeeeee|Inteleon, M, shiny|100/100
|-damage|p1a: enriqueeeeeeeee|88/100|[from] Stealth Rock
|
|-damage|p2a: Araquanid|53/100 tox|[from] psn
|upkeep
|turn|21
|
|t:|1776037320
|move|p1a: enriqueeeeeeeee|Dark Pulse|p2a: Araquanid
|-damage|p2a: Araquanid|31/100 tox
|move|p2a: Araquanid|Leech Life|p1a: enriqueeeeeeeee
|-damage|p1a: enriqueeeeeeeee|36/100
|-heal|p2a: Araquanid|53/100 tox|[from] drain|[of] p1a: enriqueeeeeeeee
|
|-damage|p2a: Araquanid|41/100 tox|[from] psn
|upkeep
|turn|22
|
|t:|1776037328
|move|p1a: enriqueeeeeeeee|Dark Pulse|p2a: Araquanid
|-damage|p2a: Araquanid|19/100 tox
|move|p2a: Araquanid|Leech Life|p1a: enriqueeeeeeeee
|-damage|p1a: enriqueeeeeeeee|0 fnt
|-heal|p2a: Araquanid|34/100 tox|[from] drain|[of] p1a: enriqueeeeeeeee
|faint|p1a: enriqueeeeeeeee
|
|-damage|p2a: Araquanid|15/100 tox|[from] psn
|upkeep
|
|t:|1776037337
|switch|p1a: Toxapex|Toxapex, M, shiny|99/100
|-damage|p1a: Toxapex|88/100|[from] Stealth Rock
|turn|23
|
|t:|1776037345
|move|p1a: Toxapex|Baneful Bunker|p1a: Toxapex
|-singleturn|p1a: Toxapex|move: Protect
|move|p2a: Araquanid|Crunch|p1a: Toxapex
|-activate|p1a: Toxapex|move: Protect
|
|-damage|p2a: Araquanid|0 fnt|[from] psn
|faint|p2a: Araquanid
|upkeep
|
|t:|1776037352
|switch|p2a: Scyth3r|Scizor, M, shiny|80/100
|turn|24
|
|t:|1776037358
|switch|p1a: Dragapult|Dragapult, M|100/100
|-damage|p1a: Dragapult|88/100|[from] Stealth Rock
|move|p2a: Scyth3r|Bullet Punch|p1a: Dragapult
|-damage|p1a: Dragapult|14/100
|
|upkeep
|turn|25
|
|t:|1776037366
|move|p2a: Scyth3r|Bullet Punch|p1a: Dragapult
|-damage|p1a: Dragapult|0 fnt
|faint|p1a: Dragapult
|
|upkeep
|c|☆Fermin59|Okay, ty
|l|☆byakho
|player|p1|
|c|☆Fermin59|Retiring my previous statement
|c|☆Fermin59|Get ur win, u deserve it
|-message|Fermin59 forfeited.
|
|win|byakho
