|html|<div class="broadcast-blue"><strong>[Gen 9] OU is currently suspecting Tera Blast! For information on how to participate check out the <a href="https://www.smogon.com/tools/suspects/view/200">suspect thread</a>.</strong></div>
|j|☆jebac kondzia
|j|☆carson44game
|t:|1776268295
|gametype|singles
|player|p1|jebac kondzia|crasherwake|1182
|player|p2|carson44game|worker|1195
|gen|9
|tier|[Gen 9] OU
|rated|
|rule|HP Percentage Mod: HP is shown in percentages
|rule|Endless Battle Clause: Forcing endless battles is banned
|rule|Species Clause: Limit one of each Pokémon
|rule|OHKO Clause: OHKO moves are banned
|rule|Evasion Items Clause: Evasion items are banned
|rule|Evasion Moves Clause: Evasion moves are banned
|rule|Evasion Abilities Clause: Evasion abilities are banned
|rule|Sleep Moves Clause: Sleep-inducing moves are banned
|clearpoke
|poke|p1|Raging Bolt|
|poke|p1|Gholdengo|
|poke|p1|Landorus-Therian, M|
|poke|p1|Iron Valiant|
|poke|p1|Iron Moth|
|poke|p1|Ogerpon-Wellspring, F|
|poke|p2|Great Tusk|
|poke|p2|Walking Wake|
|poke|p2|Kingambit, M|
|poke|p2|Venusaur, M|
|poke|p2|Torkoal, F|
|poke|p2|Raging Bolt|
|teampreview
|inactive|Battle timer is ON: inactive players will automatically lose when time's up. (requested by carson44game)
|inactive|jebac kondzia also wants the timer to be on.
|
|t:|1776268308
|teamsize|p1|6
|teamsize|p2|6
|start
|switch|p1a: Landorus|Landorus-Therian, M, shiny|100/100
|switch|p2a: Spencer Torkoalson|Torkoal, F, shiny|100/100
|-ability|p1a: Landorus|Intimidate|boost
|-unboost|p2a: Spencer Torkoalson|atk|1
|-weather|SunnyDay|[from] ability: Drought|[of] p2a: Spencer Torkoalson
|turn|1
|inactive|carson44game has 120 seconds left.
|
|t:|1776268347
|move|p2a: Spencer Torkoalson|Protect|p2a: Spencer Torkoalson
|-singleturn|p2a: Spencer Torkoalson|Protect
|move|p1a: Landorus|Stealth Rock|p2a: Spencer Torkoalson
|-sidestart|p2: carson44game|move: Stealth Rock
|
|-weather|SunnyDay|[upkeep]
|upkeep
|turn|2
|inactive|carson44game has 120 seconds left.
|
|t:|1776268355
|move|p1a: Landorus|Earth Power|p2a: Spencer Torkoalson
|-supereffective|p2a: Spencer Torkoalson
|-damage|p2a: Spencer Torkoalson|23/100
|move|p2a: Spencer Torkoalson|Fire Blast|p1a: Landorus
|-damage|p1a: Landorus|35/100
|
|-weather|SunnyDay|[upkeep]
|upkeep
|turn|3
|
|t:|1776268367
|-terastallize|p2a: Spencer Torkoalson|Flying
|move|p1a: Landorus|Stealth Rock||[still]
|-fail|p1a: Landorus
|move|p2a: Spencer Torkoalson|Fire Blast|p1a: Landorus
|-damage|p1a: Landorus|0 fnt
|faint|p1a: Landorus
|
|-weather|SunnyDay|[upkeep]
|upkeep
|
|t:|1776268376
|switch|p1a: Raging Bolt|Raging Bolt|100/100
|-activate|p1a: Raging Bolt|ability: Protosynthesis
|-start|p1a: Raging Bolt|protosynthesisspa
|turn|4
|
|t:|1776268395
|switch|p2a: Lenyn Sosa|Great Tusk|100/100
|-damage|p2a: Lenyn Sosa|98/100|[from] Stealth Rock
|-activate|p2a: Lenyn Sosa|ability: Protosynthesis
|-start|p2a: Lenyn Sosa|protosynthesisatk
|move|p1a: Raging Bolt|Thunderbolt|p2a: Lenyn Sosa
|-immune|p2a: Lenyn Sosa
|
|-weather|SunnyDay|[upkeep]
|upkeep
|turn|5
|
|t:|1776268410
|-end|p1a: Raging Bolt|Protosynthesis|[silent]
|switch|p1a: Ogerpon|Ogerpon-Wellspring, F|100/100
|move|p2a: Lenyn Sosa|Headlong Rush|p1a: Ogerpon
|-resisted|p1a: Ogerpon
|-damage|p1a: Ogerpon|49/100
|-unboost|p2a: Lenyn Sosa|def|1
|-unboost|p2a: Lenyn Sosa|spd|1
|
|-weather|SunnyDay|[upkeep]
|upkeep
|turn|6
|inactive|jebac kondzia has 120 seconds left.
|
|t:|1776268437
|switch|p1a: Iron Moth|Iron Moth|100/100
|-enditem|p1a: Iron Moth|Booster Energy
|-activate|p1a: Iron Moth|ability: Quark Drive|[fromitem]
|-start|p1a: Iron Moth|quarkdrivespe
|-end|p2a: Lenyn Sosa|Protosynthesis|[silent]
|switch|p2a: Miles Mikolas|Venusaur, M|100/100
|-damage|p2a: Miles Mikolas|88/100|[from] Stealth Rock
|
|-weather|SunnyDay|[upkeep]
|upkeep
|turn|7
|inactive|carson44game has 120 seconds left.
|
|t:|1776268457
|switch|p2a: Car Accident|Walking Wake|100/100
|-damage|p2a: Car Accident|88/100|[from] Stealth Rock
|-activate|p2a: Car Accident|ability: Protosynthesis
|-start|p2a: Car Accident|protosynthesisspe
|move|p1a: Iron Moth|Fiery Dance|p2a: Car Accident
|-resisted|p2a: Car Accident
|-damage|p2a: Car Accident|70/100
|
|-weather|SunnyDay|[upkeep]
|upkeep
|turn|8
|
|t:|1776268471
|-terastallize|p1a: Iron Moth|Fairy
|move|p1a: Iron Moth|Dazzling Gleam|p2a: Car Accident
|-supereffective|p2a: Car Accident
|-damage|p2a: Car Accident|0 fnt
|faint|p2a: Car Accident
|-end|p2a: Car Accident|Protosynthesis|[silent]
|
|-weather|none
|upkeep
|inactive|carson44game has 120 seconds left.
|
|t:|1776268482
|switch|p2a: Davis Schneider|Kingambit, M, shiny|100/100
|-damage|p2a: Davis Schneider|94/100|[from] Stealth Rock
|-activate|p2a: Davis Schneider|ability: Supreme Overlord
|-start|p2a: Davis Schneider|fallen1|[silent]
|turn|9
|
|t:|1776268492
|move|p1a: Iron Moth|Fiery Dance|p2a: Davis Schneider
|-supereffective|p2a: Davis Schneider
|-damage|p2a: Davis Schneider|5/100
|-boost|p1a: Iron Moth|spa|1
|move|p2a: Davis Schneider|Iron Head|p1a: Iron Moth
|-supereffective|p1a: Iron Moth
|-damage|p1a: Iron Moth|0 fnt
|faint|p1a: Iron Moth
|-end|p1a: Iron Moth|Quark Drive|[silent]
|
|upkeep
|inactive|jebac kondzia has 120 seconds left.
|
|t:|1776268509
|switch|p1a: Ogerpon|Ogerpon-Wellspring, F|49/100
|turn|10
|
|t:|1776268513
|-end|p2a: Davis Schneider|fallen1|[silent]
|switch|p2a: Raging Goat|Raging Bolt|100/100
|-damage|p2a: Raging Goat|88/100|[from] Stealth Rock
|move|p1a: Ogerpon|Trailblaze|p2a: Raging Goat
|-resisted|p2a: Raging Goat
|-damage|p2a: Raging Goat|73/100
|-boost|p1a: Ogerpon|spe|1
|
|-heal|p2a: Raging Goat|79/100|[from] item: Leftovers
|upkeep
|turn|11
|
|t:|1776268521
|move|p2a: Raging Goat|Thunderclap|p1a: Ogerpon
|-damage|p1a: Ogerpon|3/100
|move|p1a: Ogerpon|Play Rough|p2a: Raging Goat
|-supereffective|p2a: Raging Goat
|-damage|p2a: Raging Goat|11/100
|
|-heal|p2a: Raging Goat|17/100|[from] item: Leftovers
|upkeep
|turn|12
|
|t:|1776268536
|move|p2a: Raging Goat|Thunderclap|p1a: Ogerpon
|-damage|p1a: Ogerpon|0 fnt
|faint|p1a: Ogerpon
|
|-heal|p2a: Raging Goat|23/100|[from] item: Leftovers
|upkeep
|
|t:|1776268546
|switch|p1a: Iron Valiant|Iron Valiant|100/100
|turn|13
|
|t:|1776268560
|-end|p2a: Raging Goat|Protosynthesis|[silent]
|switch|p2a: Spencer Torkoalson|Torkoal, F, shiny, tera:Flying|23/100
|-damage|p2a: Spencer Torkoalson|0 fnt|[from] Stealth Rock
|faint|p2a: Spencer Torkoalson
|move|p1a: Iron Valiant|Moonblast|p2: Spencer Torkoalson|[notarget]
|-fail|p1a: Iron Valiant
|
|upkeep
|
|t:|1776268575
|switch|p2a: Davis Schneider|Kingambit, M, shiny|5/100
|-damage|p2a: Davis Schneider|0 fnt|[from] Stealth Rock
|faint|p2a: Davis Schneider
|-end|p2a: Davis Schneider|fallenundefined|[silent]
|
|t:|1776268578
|switch|p2a: Miles Mikolas|Venusaur, M|88/100
|-damage|p2a: Miles Mikolas|76/100|[from] Stealth Rock
|turn|14
|
|t:|1776268586
|-end|p1a: Iron Valiant|Quark Drive|[silent]
|switch|p1a: Gholdengo|Gholdengo|100/100
|move|p2a: Miles Mikolas|Sludge Bomb|p1a: Gholdengo
|-immune|p1a: Gholdengo
|
|upkeep
|turn|15
|
|t:|1776268602
|switch|p2a: Lenyn Sosa|Great Tusk|98/100
|-damage|p2a: Lenyn Sosa|95/100|[from] Stealth Rock
|move|p1a: Gholdengo|Nasty Plot|p1a: Gholdengo
|-boost|p1a: Gholdengo|spa|2
|
|upkeep
|turn|16
|
|t:|1776268611
|move|p1a: Gholdengo|Dazzling Gleam|p2a: Lenyn Sosa
|-supereffective|p2a: Lenyn Sosa
|-damage|p2a: Lenyn Sosa|8/100
|move|p2a: Lenyn Sosa|Headlong Rush|p1a: Gholdengo
|-supereffective|p1a: Gholdengo
|-damage|p1a: Gholdengo|0 fnt
|-unboost|p2a: Lenyn Sosa|def|1
|-unboost|p2a: Lenyn Sosa|spd|1
|faint|p1a: Gholdengo
|
|upkeep
|
|t:|1776268618
|switch|p1a: Iron Valiant|Iron Valiant|100/100
|turn|17
|
|t:|1776268624
|move|p1a: Iron Valiant|Knock Off|p2a: Lenyn Sosa
|-resisted|p2a: Lenyn Sosa
|-damage|p2a: Lenyn Sosa|0 fnt
|-enditem|p2a: Lenyn Sosa|Assault Vest|[from] move: Knock Off|[of] p1a: Iron Valiant
|faint|p2a: Lenyn Sosa
|-end|p2a: Lenyn Sosa|Protosynthesis|[silent]
|-damage|p1a: Iron Valiant|91/100|[from] item: Life Orb
|
|upkeep
|
|t:|1776268628
|switch|p2a: Miles Mikolas|Venusaur, M|76/100
|-damage|p2a: Miles Mikolas|64/100|[from] Stealth Rock
|turn|18
|
|t:|1776268643
|-end|p1a: Iron Valiant|Quark Drive|[silent]
|switch|p1a: Raging Bolt|Raging Bolt|100/100
|-enditem|p1a: Raging Bolt|Booster Energy
|-activate|p1a: Raging Bolt|ability: Protosynthesis|[fromitem]
|-start|p1a: Raging Bolt|protosynthesisspa
|move|p2a: Miles Mikolas|Sludge Bomb|p1a: Raging Bolt
|-damage|p1a: Raging Bolt|47/100
|-damage|p2a: Miles Mikolas|54/100|[from] item: Life Orb
|
|upkeep
|turn|19
|
|t:|1776268655
|move|p2a: Miles Mikolas|Sludge Bomb|p1a: Raging Bolt
|-damage|p1a: Raging Bolt|0 fnt
|faint|p1a: Raging Bolt
|-end|p1a: Raging Bolt|Protosynthesis|[silent]
|-damage|p2a: Miles Mikolas|44/100|[from] item: Life Orb
|
|upkeep
|
|t:|1776268658
|switch|p1a: Iron Valiant|Iron Valiant|91/100
|turn|20
|
|t:|1776268666
|move|p1a: Iron Valiant|Knock Off|p2a: Miles Mikolas
|-damage|p2a: Miles Mikolas|0 fnt
|-enditem|p2a: Miles Mikolas|Life Orb|[from] move: Knock Off|[of] p1a: Iron Valiant
|faint|p2a: Miles Mikolas
|-damage|p1a: Iron Valiant|81/100|[from] item: Life Orb
|
|upkeep
|
|t:|1776268668
|switch|p2a: Raging Goat|Raging Bolt|23/100
|-damage|p2a: Raging Goat|11/100|[from] Stealth Rock
|turn|21
|
|t:|1776268671
|move|p2a: Raging Goat|Thunderclap|p1a: Iron Valiant
|-damage|p1a: Iron Valiant|0 fnt
|faint|p1a: Iron Valiant
|-end|p1a: Iron Valiant|Quark Drive|[silent]
|
|win|carson44game
|raw|jebac kondzia's rating: 1182 &rarr; <strong>1158</strong><br />(-24 for losing)
|raw|carson44game's rating: 1195 &rarr; <strong>1219</strong><br />(+24 for winning)
|l|☆jebac kondzia
|player|p1|
|c|☆carson44game|I got so lucky dude
