|html|<div class="broadcast-blue"><strong>[Gen 9] OU is currently suspecting Tera Blast! For information on how to participate check out the <a href="https://www.smogon.com/tools/suspects/view/200">suspect thread</a>.</strong></div>
|j|☆luigigordovermelho
|j|☆Dr.Aero
|t:|1776168358
|gametype|singles
|player|p1|luigigordovermelho|steven|1167
|player|p2|Dr.Aero|camper|1150
|gen|9
|tier|[Gen 9] OU
|rated|
|rule|HP Percentage Mod: HP is shown in percentages
|rule|Endless Battle Clause: Forcing endless battles is banned
|rule|Species Clause: Limit one of each Pokémon
|rule|OHKO Clause: OHKO moves are banned
|rule|Evasion Items Clause: Evasion items are banned
|rule|Evasion Moves Clause: Evasion moves are banned
|rule|Evasion Abilities Clause: Evasion abilities are banned
|rule|Sleep Moves Clause: Sleep-inducing moves are banned
|clearpoke
|poke|p1|Samurott-Hisui, M|
|poke|p1|Zapdos|
|poke|p1|Iron Treads|
|poke|p1|Ceruledge, M|
|poke|p1|Gholdengo|
|poke|p1|Kingambit, M|
|poke|p2|Kingambit, M|
|poke|p2|Dragonite, M|
|poke|p2|Heatran, M|
|poke|p2|Rotom-Heat|
|poke|p2|Lokix, M|
|poke|p2|Cinderace, M|
|teampreview
|inactive|Battle timer is ON: inactive players will automatically lose when time's up. (requested by Dr.Aero)
|
|t:|1776168385
|teamsize|p1|6
|teamsize|p2|6
|start
|switch|p1a: Iron Treads|Iron Treads|100/100
|switch|p2a: Rotom|Rotom-Heat|100/100
|turn|1
|
|t:|1776168400
|-end|p1a: Iron Treads|Quark Drive|[silent]
|switch|p1a: Samurott|Samurott-Hisui, M|100/100
|move|p2a: Rotom|Overheat|p1a: Samurott
|-resisted|p1a: Samurott
|-damage|p1a: Samurott|79/100
|-unboost|p2a: Rotom|spa|2
|
|upkeep
|turn|2
|
|t:|1776168408
|switch|p2a: Lokix|Lokix, M, shiny|100/100
|move|p1a: Samurott|Ceaseless Edge|p2a: Lokix
|-resisted|p2a: Lokix
|-damage|p2a: Lokix|69/100
|-sidestart|p2: Dr.Aero|Spikes
|
|upkeep
|turn|3
|
|t:|1776168417
|switch|p1a: Iron Treads|Iron Treads|100/100
|move|p2a: Lokix|U-turn|p1a: Iron Treads
|-resisted|p1a: Iron Treads
|-damage|p1a: Iron Treads|57/100
|
|t:|1776168427
|switch|p2a: Rotom|Rotom-Heat|100/100|[from] U-turn
|
|-heal|p1a: Iron Treads|63/100|[from] item: Leftovers
|upkeep
|turn|4
|
|t:|1776168435
|move|p2a: Rotom|Trick|p1a: Iron Treads
|-activate|p2a: Rotom|move: Trick|[of] p1a: Iron Treads
|-item|p1a: Iron Treads|Choice Scarf|[from] move: Trick
|-item|p2a: Rotom|Leftovers|[from] move: Trick
|move|p1a: Iron Treads|Stealth Rock|p2a: Rotom
|-sidestart|p2: Dr.Aero|move: Stealth Rock
|
|upkeep
|turn|5
|
|t:|1776168456
|-end|p1a: Iron Treads|Quark Drive|[silent]
|switch|p1a: Samurott|Samurott-Hisui, M|79/100
|switch|p2a: Cinderace|Cinderace, M|100/100
|
|upkeep
|turn|6
|
|t:|1776168471
|switch|p2a: Rotom|Rotom-Heat|100/100
|-damage|p2a: Rotom|76/100|[from] Stealth Rock
|move|p1a: Samurott|Ceaseless Edge|p2a: Rotom
|-damage|p2a: Rotom|20/100
|-sidestart|p2: Dr.Aero|Spikes
|
|-heal|p2a: Rotom|26/100|[from] item: Leftovers
|upkeep
|turn|7
|
|t:|1776168479
|move|p2a: Rotom|Discharge|p1a: Samurott
|-supereffective|p1a: Samurott
|-damage|p1a: Samurott|24/100
|move|p1a: Samurott|Ceaseless Edge|p2a: Rotom
|-damage|p2a: Rotom|0 fnt
|-sidestart|p2: Dr.Aero|Spikes
|faint|p2a: Rotom
|
|upkeep
|
|t:|1776168483
|switch|p2a: Cinderace|Cinderace, M|100/100
|turn|8
|
|t:|1776168496
|-terastallize|p2a: Cinderace|Water
|move|p2a: Cinderace|Court Change|p2a: Cinderace
|-swapsideconditions
|-activate|p2a: Cinderace|move: Court Change
|move|p1a: Samurott|Razor Shell|p2a: Cinderace
|-resisted|p2a: Cinderace
|-damage|p2a: Cinderace|64/100
|
|upkeep
|turn|9
|
|t:|1776168503
|move|p2a: Cinderace|U-turn|p1a: Samurott
|-supereffective|p1a: Samurott
|-damage|p1a: Samurott|0 fnt
|faint|p1a: Samurott
|
|t:|1776168506
|switch|p2a: Lokix|Lokix, M, shiny|69/100|[from] U-turn
|
|upkeep
|-message|luigigordovermelho forfeited.
|
|win|Dr.Aero
|raw|luigigordovermelho's rating: 1167 &rarr; <strong>1141</strong><br />(-26 for losing)
|raw|Dr.Aero's rating: 1150 &rarr; <strong>1176</strong><br />(+26 for winning)
|l|☆luigigordovermelho
|player|p1|
