|html|<div class="broadcast-blue"><strong>[Gen 9] OU is currently suspecting Tera Blast! For information on how to participate check out the <a href="https://www.smogon.com/tools/suspects/view/200">suspect thread</a>.</strong></div>
|j|☆Morthill
|j|☆schlobberin
|t:|1776033170
|gametype|singles
|player|p1|Morthill|lucas|1420
|player|p2|schlobberin|elesa|1469
|gen|9
|tier|[Gen 9] OU
|rated|
|rule|HP Percentage Mod: HP is shown in percentages
|rule|Endless Battle Clause: Forcing endless battles is banned
|rule|Species Clause: Limit one of each Pokémon
|rule|OHKO Clause: OHKO moves are banned
|rule|Evasion Items Clause: Evasion items are banned
|rule|Evasion Moves Clause: Evasion moves are banned
|rule|Evasion Abilities Clause: Evasion abilities are banned
|rule|Sleep Moves Clause: Sleep-inducing moves are banned
|clearpoke
|poke|p1|Heatran, M|
|poke|p1|Cetitan, M|
|poke|p1|Ninetales-Alola, M|
|poke|p1|Frosmoth, M|
|poke|p1|Kyurem|
|poke|p1|Avalugg, M|
|poke|p2|Hatterene, F|
|poke|p2|Toxapex, F|
|poke|p2|Dragapult, F|
|poke|p2|Corviknight, F|
|poke|p2|Garganacl, M|
|poke|p2|Great Tusk|
|teampreview
|inactive|Battle timer is ON: inactive players will automatically lose when time's up. (requested by Morthill)
|
|t:|1776033184
|teamsize|p1|6
|teamsize|p2|6
|start
|switch|p1a: Avalugg|Avalugg, M|100/100
|switch|p2a: Garganacl|Garganacl, M|100/100
|turn|1
|
|t:|1776033186
|move|p2a: Garganacl|Salt Cure|p1a: Avalugg
|-supereffective|p1a: Avalugg
|-damage|p1a: Avalugg|89/100
|-start|p1a: Avalugg|Salt Cure
|move|p1a: Avalugg|Body Press|p2a: Garganacl
|-supereffective|p2a: Garganacl
|-damage|p2a: Garganacl|46/100
|
|-heal|p2a: Garganacl|52/100|[from] item: Leftovers
|-damage|p1a: Avalugg|77/100|[from] Salt Cure
|upkeep
|turn|2
|
|t:|1776033194
|move|p2a: Garganacl|Recover|p2a: Garganacl
|-heal|p2a: Garganacl|100/100
|move|p1a: Avalugg|Body Press|p2a: Garganacl
|-supereffective|p2a: Garganacl
|-damage|p2a: Garganacl|45/100
|
|-heal|p2a: Garganacl|51/100|[from] item: Leftovers
|-damage|p1a: Avalugg|64/100|[from] Salt Cure
|upkeep
|turn|3
|
|t:|1776033199
|switch|p2a: Dragapult|Dragapult, F|100/100
|move|p1a: Avalugg|Iron Defense|p1a: Avalugg
|-boost|p1a: Avalugg|def|2
|
|-damage|p1a: Avalugg|52/100|[from] Salt Cure
|upkeep
|turn|4
|
|t:|1776033204
|switch|p1a: Ninetales|Ninetales-Alola, M, shiny|100/100
|-weather|Snowscape|[from] ability: Snow Warning|[of] p1a: Ninetales
|move|p2a: Dragapult|Substitute|p2a: Dragapult
|-start|p2a: Dragapult|Substitute
|-damage|p2a: Dragapult|76/100
|
|-weather|Snowscape|[upkeep]
|-heal|p2a: Dragapult|82/100|[from] item: Leftovers
|upkeep
|turn|5
|
|t:|1776033207
|move|p2a: Dragapult|Will-O-Wisp|p1a: Ninetales
|-status|p1a: Ninetales|brn
|move|p1a: Ninetales|Aurora Veil|p1a: Ninetales
|-sidestart|p1: Morthill|move: Aurora Veil
|
|-weather|Snowscape|[upkeep]
|-heal|p2a: Dragapult|88/100|[from] item: Leftovers
|-damage|p1a: Ninetales|95/100 brn|[from] brn
|upkeep
|turn|6
|
|t:|1776033210
|move|p2a: Dragapult|Hex|p1a: Ninetales
|-damage|p1a: Ninetales|45/100 brn
|move|p1a: Ninetales|Roar|p2a: Dragapult
|drag|p2a: Great Tusk|Great Tusk|100/100
|
|-weather|Snowscape|[upkeep]
|-damage|p1a: Ninetales|39/100 brn|[from] brn
|upkeep
|turn|7
|
|t:|1776033217
|-end|p2a: Great Tusk|Protosynthesis|[silent]
|switch|p2a: Garganacl|Garganacl, M|51/100
|move|p1a: Ninetales|Blizzard|p2a: Garganacl
|-damage|p2a: Garganacl|31/100
|
|-weather|Snowscape|[upkeep]
|-heal|p2a: Garganacl|37/100|[from] item: Leftovers
|-damage|p1a: Ninetales|33/100 brn|[from] brn
|upkeep
|turn|8
|
|t:|1776033223
|switch|p1a: Avalugg|Avalugg, M|52/100
|move|p2a: Garganacl|Recover|p2a: Garganacl
|-heal|p2a: Garganacl|87/100
|
|-weather|none
|-heal|p2a: Garganacl|94/100|[from] item: Leftovers
|upkeep
|turn|9
|
|t:|1776033226
|move|p2a: Garganacl|Salt Cure|p1a: Avalugg
|-supereffective|p1a: Avalugg
|-damage|p1a: Avalugg|46/100
|-start|p1a: Avalugg|Salt Cure
|move|p1a: Avalugg|Iron Defense|p1a: Avalugg
|-boost|p1a: Avalugg|def|2
|
|-heal|p2a: Garganacl|99/100|[from] item: Leftovers
|-damage|p1a: Avalugg|34/100|[from] Salt Cure
|upkeep
|turn|10
|
|t:|1776033233
|switch|p2a: Corviknight|Corviknight, F|100/100
|-ability|p2a: Corviknight|Pressure
|move|p1a: Avalugg|Recover|p1a: Avalugg
|-heal|p1a: Avalugg|84/100
|
|-damage|p1a: Avalugg|72/100|[from] Salt Cure
|upkeep
|turn|11
|
|t:|1776033237
|move|p2a: Corviknight|Iron Defense|p2a: Corviknight
|-boost|p2a: Corviknight|def|2
|move|p1a: Avalugg|Body Press|p2a: Corviknight
|-damage|p2a: Corviknight|77/100
|-damage|p1a: Avalugg|55/100|[from] item: Rocky Helmet|[of] p2a: Corviknight
|
|-damage|p1a: Avalugg|43/100|[from] Salt Cure
|upkeep
|turn|12
|
|t:|1776033242
|move|p2a: Corviknight|Iron Defense|p2a: Corviknight
|-boost|p2a: Corviknight|def|2
|move|p1a: Avalugg|Iron Defense|p1a: Avalugg
|-boost|p1a: Avalugg|def|2
|
|-damage|p1a: Avalugg|30/100|[from] Salt Cure
|-sideend|p1: Morthill|move: Aurora Veil
|upkeep
|turn|13
|
|t:|1776033244
|move|p2a: Corviknight|Body Press|p1a: Avalugg
|-supereffective|p1a: Avalugg
|-damage|p1a: Avalugg|10/100
|-damage|p2a: Corviknight|60/100|[from] item: Rocky Helmet|[of] p1a: Avalugg
|move|p1a: Avalugg|Recover|p1a: Avalugg
|-heal|p1a: Avalugg|60/100
|
|-damage|p1a: Avalugg|47/100|[from] Salt Cure
|upkeep
|turn|14
|
|t:|1776033247
|move|p2a: Corviknight|Body Press|p1a: Avalugg
|-supereffective|p1a: Avalugg
|-damage|p1a: Avalugg|24/100
|-damage|p2a: Corviknight|44/100|[from] item: Rocky Helmet|[of] p1a: Avalugg
|move|p1a: Avalugg|Recover|p1a: Avalugg
|-heal|p1a: Avalugg|74/100
|
|-damage|p1a: Avalugg|62/100|[from] Salt Cure
|upkeep
|turn|15
|
|t:|1776033250
|move|p2a: Corviknight|Roost|p2a: Corviknight
|-heal|p2a: Corviknight|94/100
|-singleturn|p2a: Corviknight|move: Roost
|move|p1a: Avalugg|Recover|p1a: Avalugg
|-heal|p1a: Avalugg|100/100
|
|-damage|p1a: Avalugg|88/100|[from] Salt Cure
|upkeep
|turn|16
|
|t:|1776033255
|move|p2a: Corviknight|Iron Defense|p2a: Corviknight
|-boost|p2a: Corviknight|def|2
|move|p1a: Avalugg|Iron Defense|p1a: Avalugg
|-boost|p1a: Avalugg|def|2
|
|-damage|p1a: Avalugg|76/100|[from] Salt Cure
|upkeep
|turn|17
|
|t:|1776033260
|move|p2a: Corviknight|Iron Defense|p2a: Corviknight
|-boost|p2a: Corviknight|def|0
|move|p1a: Avalugg|Rapid Spin|p2a: Corviknight
|-resisted|p2a: Corviknight
|-damage|p2a: Corviknight|93/100
|-boost|p1a: Avalugg|spe|1
|-damage|p1a: Avalugg|59/100|[from] item: Rocky Helmet|[of] p2a: Corviknight
|
|-damage|p1a: Avalugg|47/100|[from] Salt Cure
|upkeep
|turn|18
|
|t:|1776033264
|move|p2a: Corviknight|Body Press|p1a: Avalugg
|-supereffective|p1a: Avalugg
|-damage|p1a: Avalugg|27/100
|-damage|p2a: Corviknight|76/100|[from] item: Rocky Helmet|[of] p1a: Avalugg
|move|p1a: Avalugg|Recover|p1a: Avalugg
|-heal|p1a: Avalugg|77/100
|
|-damage|p1a: Avalugg|64/100|[from] Salt Cure
|upkeep
|turn|19
|
|t:|1776033274
|move|p2a: Corviknight|Body Press|p1a: Avalugg
|-supereffective|p1a: Avalugg
|-damage|p1a: Avalugg|43/100
|-damage|p2a: Corviknight|60/100|[from] item: Rocky Helmet|[of] p1a: Avalugg
|move|p1a: Avalugg|Rapid Spin|p2a: Corviknight
|-resisted|p2a: Corviknight
|-damage|p2a: Corviknight|59/100
|-boost|p1a: Avalugg|spe|1
|-damage|p1a: Avalugg|26/100|[from] item: Rocky Helmet|[of] p2a: Corviknight
|
|-damage|p1a: Avalugg|14/100|[from] Salt Cure
|upkeep
|turn|20
|
|t:|1776033279
|move|p2a: Corviknight|Body Press|p1a: Avalugg
|-supereffective|p1a: Avalugg
|-damage|p1a: Avalugg|0 fnt
|-damage|p2a: Corviknight|42/100|[from] item: Rocky Helmet|[of] p1a: Avalugg
|faint|p1a: Avalugg
|
|upkeep
|
|t:|1776033286
|switch|p1a: Kyurem|Kyurem|100/100
|-ability|p1a: Kyurem|Pressure
|turn|21
|
|t:|1776033295
|switch|p2a: Garganacl|Garganacl, M|99/100
|move|p1a: Kyurem|Freeze-Dry|p2a: Garganacl
|-damage|p2a: Garganacl|74/100
|
|-heal|p2a: Garganacl|80/100|[from] item: Leftovers
|upkeep
|turn|22
|
|t:|1776033304
|switch|p1a: Heatran|Heatran, M|100/100
|move|p2a: Garganacl|Salt Cure|p1a: Heatran
|-damage|p1a: Heatran|87/100
|-start|p1a: Heatran|Salt Cure
|
|-heal|p2a: Garganacl|86/100|[from] item: Leftovers
|-damage|p1a: Heatran|62/100|[from] Salt Cure
|upkeep
|turn|23
|
|t:|1776033309
|move|p1a: Heatran|Magma Storm|p2a: Garganacl|[miss]
|-miss|p1a: Heatran|p2a: Garganacl
|move|p2a: Garganacl|Stealth Rock|p1a: Heatran
|-sidestart|p1: Morthill|move: Stealth Rock
|
|-heal|p2a: Garganacl|92/100|[from] item: Leftovers
|-damage|p1a: Heatran|37/100|[from] Salt Cure
|upkeep
|turn|24
|
|t:|1776033316
|switch|p2a: Toxapex|Toxapex, F|100/100
|move|p1a: Heatran|Magma Storm|p2a: Toxapex
|-resisted|p2a: Toxapex
|-damage|p2a: Toxapex|84/100
|-activate|p2a: Toxapex|move: Magma Storm|[of] p1a: Heatran
|
|-damage|p1a: Heatran|12/100|[from] Salt Cure
|-damage|p2a: Toxapex|72/100|[from] move: Magma Storm|[partiallytrapped]
|upkeep
|turn|25
|
|t:|1776033319
|move|p1a: Heatran|Earth Power|p2a: Toxapex
|-supereffective|p2a: Toxapex
|-damage|p2a: Toxapex|35/100
|move|p2a: Toxapex|Surf|p1a: Heatran
|-supereffective|p1a: Heatran
|-damage|p1a: Heatran|0 fnt
|faint|p1a: Heatran
|
|-end|p2a: Toxapex|Magma Storm|[partiallytrapped]|[silent]
|upkeep
|
|t:|1776033322
|switch|p1a: Frosmoth|Frosmoth, M, shiny|100/100
|turn|26
|
|t:|1776033326
|move|p1a: Frosmoth|Defog|p2a: Toxapex
|-unboost|p2a: Toxapex|evasion|1
|-sideend|p1: Morthill|Stealth Rock|[from] move: Defog|[of] p1a: Frosmoth
|move|p2a: Toxapex|Infestation|p1a: Frosmoth
|-damage|p1a: Frosmoth|98/100
|-activate|p1a: Frosmoth|move: Infestation|[of] p2a: Toxapex
|
|-damage|p1a: Frosmoth|86/100|[from] move: Infestation|[partiallytrapped]
|upkeep
|turn|27
|
|t:|1776033331
|switch|p2a: Garganacl|Garganacl, M|92/100
|-terastallize|p1a: Frosmoth|Ground
|move|p1a: Frosmoth|Tera Blast|p2a: Garganacl|[anim] Tera Blast Ground
|-supereffective|p2a: Garganacl
|-damage|p2a: Garganacl|36/100
|
|-heal|p2a: Garganacl|42/100|[from] item: Leftovers
|-end|p1a: Frosmoth|Infestation|[partiallytrapped]|[silent]
|upkeep
|turn|28
|
|t:|1776033353
|-terastallize|p2a: Garganacl|Water
|move|p1a: Frosmoth|Ice Beam|p2a: Garganacl
|-resisted|p2a: Garganacl
|-crit|p2a: Garganacl
|-damage|p2a: Garganacl|17/100
|move|p2a: Garganacl|Stealth Rock|p1a: Frosmoth
|-sidestart|p1: Morthill|move: Stealth Rock
|
|-heal|p2a: Garganacl|24/100|[from] item: Leftovers
|upkeep
|turn|29
|
|t:|1776033361
|move|p1a: Frosmoth|Tera Blast|p2a: Garganacl|[anim] Tera Blast Ground
|-damage|p2a: Garganacl|0 fnt
|faint|p2a: Garganacl
|
|upkeep
|
|t:|1776033366
|switch|p2a: Hatterene|Hatterene, F|100/100
|turn|30
|
|t:|1776033372
|move|p1a: Frosmoth|Defog|p2a: Hatterene
|move|p2a: Hatterene|Defog|p1a: Frosmoth|[from] ability: Magic Bounce
|-unboost|p1a: Frosmoth|evasion|1
|-sideend|p1: Morthill|Stealth Rock|[from] move: Defog|[of] p2a: Hatterene
|move|p2a: Hatterene|Psyshock|p1a: Frosmoth
|-damage|p1a: Frosmoth|10/100
|
|upkeep
|turn|31
|
|t:|1776033377
|move|p1a: Frosmoth|Ice Beam|p2a: Hatterene
|-damage|p2a: Hatterene|46/100
|move|p2a: Hatterene|Psyshock|p1a: Frosmoth
|-damage|p1a: Frosmoth|0 fnt
|faint|p1a: Frosmoth
|
|upkeep
|
|t:|1776033380
|switch|p1a: Ninetales|Ninetales-Alola, M, shiny|33/100 brn
|-weather|Snowscape|[from] ability: Snow Warning|[of] p1a: Ninetales
|turn|32
|
|t:|1776033383
|move|p1a: Ninetales|Aurora Veil|p1a: Ninetales
|-sidestart|p1: Morthill|move: Aurora Veil
|move|p2a: Hatterene|Psyshock|p1a: Ninetales
|-damage|p1a: Ninetales|7/100 brn
|
|-weather|Snowscape|[upkeep]
|-damage|p1a: Ninetales|2/100 brn|[from] brn
|upkeep
|turn|33
|
|t:|1776033386
|move|p1a: Ninetales|Blizzard|p2a: Hatterene
|-damage|p2a: Hatterene|7/100
|move|p2a: Hatterene|Psyshock|p1a: Ninetales
|-damage|p1a: Ninetales|0 fnt
|faint|p1a: Ninetales
|
|-weather|Snowscape|[upkeep]
|upkeep
|
|t:|1776033388
|switch|p1a: Cetitan|Cetitan, M, shiny|100/100
|turn|34
|
|t:|1776033396
|move|p1a: Cetitan|Ice Shard|p2a: Hatterene
|-damage|p2a: Hatterene|0 fnt
|faint|p2a: Hatterene
|
|-weather|Snowscape|[upkeep]
|upkeep
|
|t:|1776033404
|switch|p2a: Corviknight|Corviknight, F|42/100
|-ability|p2a: Corviknight|Pressure
|turn|35
|
|t:|1776033409
|move|p1a: Cetitan|Belly Drum|p1a: Cetitan
|-damage|p1a: Cetitan|50/100
|-setboost|p1a: Cetitan|atk|6|[from] move: Belly Drum
|-enditem|p1a: Cetitan|Sitrus Berry|[eat]
|-heal|p1a: Cetitan|75/100|[from] item: Sitrus Berry
|move|p2a: Corviknight|Iron Defense|p2a: Corviknight
|-boost|p2a: Corviknight|def|2
|
|-weather|Snowscape|[upkeep]
|upkeep
|turn|36
|
|t:|1776033413
|move|p1a: Cetitan|Superpower|p2a: Corviknight
|-damage|p2a: Corviknight|0 fnt
|-unboost|p1a: Cetitan|atk|1
|-unboost|p1a: Cetitan|def|1
|-damage|p1a: Cetitan|59/100|[from] item: Rocky Helmet|[of] p2a: Corviknight
|faint|p2a: Corviknight
|
|-weather|none
|upkeep
|
|t:|1776033425
|switch|p2a: Toxapex|Toxapex, F|68/100
|turn|37
|
|t:|1776033429
|move|p1a: Cetitan|Earthquake|p2a: Toxapex
|-supereffective|p2a: Toxapex
|-damage|p2a: Toxapex|0 fnt
|faint|p2a: Toxapex
|
|upkeep
|
|t:|1776033433
|switch|p2a: Dragapult|Dragapult, F|88/100
|turn|38
|
|t:|1776033440
|move|p1a: Cetitan|Ice Shard|p2a: Dragapult
|-supereffective|p2a: Dragapult
|-damage|p2a: Dragapult|0 fnt
|faint|p2a: Dragapult
|
|upkeep
|
|t:|1776033443
|switch|p2a: Great Tusk|Great Tusk|100/100
|turn|39
|
|t:|1776033446
|move|p1a: Cetitan|Ice Shard|p2a: Great Tusk
|-supereffective|p2a: Great Tusk
|-damage|p2a: Great Tusk|0 fnt
|faint|p2a: Great Tusk
|-end|p2a: Great Tusk|Protosynthesis|[silent]
|
|win|Morthill
|raw|Morthill's rating: 1420 &rarr; <strong>1443</strong><br />(+23 for winning)
|raw|schlobberin's rating: 1469 &rarr; <strong>1446</strong><br />(-23 for losing)
|l|☆schlobberin
|player|p2|
|l|☆Morthill
|player|p1|
