|html|<div class="broadcast-blue"><strong>[Gen 9] OU is currently suspecting Tera Blast! For information on how to participate check out the <a href="https://www.smogon.com/tools/suspects/view/200">suspect thread</a>.</strong></div>
|j|☆NiZZaYe
|j|☆bidofos son
|t:|1776032731
|gametype|singles
|player|p1|NiZZaYe|266|1567
|player|p2|bidofos son|265|1535
|gen|9
|tier|[Gen 9] OU
|rated|
|rule|HP Percentage Mod: HP is shown in percentages
|rule|Endless Battle Clause: Forcing endless battles is banned
|rule|Species Clause: Limit one of each Pokémon
|rule|OHKO Clause: OHKO moves are banned
|rule|Evasion Items Clause: Evasion items are banned
|rule|Evasion Moves Clause: Evasion moves are banned
|rule|Evasion Abilities Clause: Evasion abilities are banned
|rule|Sleep Moves Clause: Sleep-inducing moves are banned
|clearpoke
|poke|p1|Hatterene, F|
|poke|p1|Pelipper, M|
|poke|p1|Hariyama, F|
|poke|p1|Cresselia, F|
|poke|p1|Ursaluna, F|
|poke|p1|Porygon2|
|poke|p2|Garganacl, M|
|poke|p2|Primarina, M|
|poke|p2|Dragapult, F|
|poke|p2|Corviknight, M|
|poke|p2|Gliscor, M|
|poke|p2|Darkrai|
|teampreview
|inactive|Battle timer is ON: inactive players will automatically lose when time's up. (requested by NiZZaYe)
|
|t:|1776032741
|teamsize|p1|6
|teamsize|p2|6
|start
|switch|p1a: Lindsay Throwhandz|Hariyama, F|100/100
|switch|p2a: Primarina|Primarina, M|100/100
|turn|1
|
|t:|1776032750
|switch|p1a: Better Call Stall|Cresselia, F|100/100
|move|p2a: Primarina|Substitute|p2a: Primarina
|-start|p2a: Primarina|Substitute
|-damage|p2a: Primarina|76/100
|
|-heal|p2a: Primarina|82/100|[from] item: Leftovers
|upkeep
|turn|2
|
|t:|1776032755
|move|p2a: Primarina|Calm Mind|p2a: Primarina
|-boost|p2a: Primarina|spa|1
|-boost|p2a: Primarina|spd|1
|move|p1a: Better Call Stall|Trick Room|p1a: Better Call Stall
|-fieldstart|move: Trick Room|[of] p1a: Better Call Stall
|
|-heal|p2a: Primarina|88/100|[from] item: Leftovers
|upkeep
|turn|3
|
|t:|1776032773
|move|p1a: Better Call Stall|Moonblast|p2a: Primarina
|-activate|p2a: Primarina|move: Substitute|[damage]
|move|p2a: Primarina|Moonblast|p1a: Better Call Stall
|-damage|p1a: Better Call Stall|48/100
|
|-heal|p2a: Primarina|94/100|[from] item: Leftovers
|upkeep
|turn|4
|
|t:|1776032778
|move|p1a: Better Call Stall|Moonblast|p2a: Primarina
|-activate|p2a: Primarina|move: Substitute|[damage]
|move|p2a: Primarina|Calm Mind|p2a: Primarina
|-boost|p2a: Primarina|spa|1
|-boost|p2a: Primarina|spd|1
|
|-heal|p2a: Primarina|100/100|[from] item: Leftovers
|upkeep
|turn|5
|
|t:|1776032783
|move|p1a: Better Call Stall|Moonblast|p2a: Primarina
|-end|p2a: Primarina|Substitute
|move|p2a: Primarina|Substitute|p2a: Primarina
|-start|p2a: Primarina|Substitute
|-damage|p2a: Primarina|76/100
|
|-heal|p2a: Primarina|82/100|[from] item: Leftovers
|upkeep
|turn|6
|
|t:|1776032788
|move|p1a: Better Call Stall|Lunar Dance|p1a: Better Call Stall
|faint|p1a: Better Call Stall
|move|p2a: Primarina|Moonblast|p1: Better Call Stall|[notarget]
|-fail|p2a: Primarina
|
|-heal|p2a: Primarina|88/100|[from] item: Leftovers
|-fieldend|move: Trick Room
|upkeep
|
|t:|1776032793
|switch|p1a: Duck Duck Goobs|Porygon2|100/100
|-ability|p1a: Duck Duck Goobs|Download|boost
|-boost|p1a: Duck Duck Goobs|atk|1
|turn|7
|
|t:|1776032796
|move|p2a: Primarina|Moonblast|p1a: Duck Duck Goobs
|-damage|p1a: Duck Duck Goobs|30/100
|-unboost|p1a: Duck Duck Goobs|spa|1
|move|p1a: Duck Duck Goobs|Trick Room|p1a: Duck Duck Goobs
|-fieldstart|move: Trick Room|[of] p1a: Duck Duck Goobs
|
|-heal|p2a: Primarina|94/100|[from] item: Leftovers
|upkeep
|turn|8
|
|t:|1776032802
|move|p1a: Duck Duck Goobs|Thunder|p2a: Primarina
|-supereffective|p2a: Primarina
|-activate|p2a: Primarina|move: Substitute|[damage]
|move|p2a: Primarina|Substitute|p2a: Primarina
|-fail|p2a: Primarina|move: Substitute
|
|-heal|p2a: Primarina|100/100|[from] item: Leftovers
|upkeep
|turn|9
|
|t:|1776032810
|move|p1a: Duck Duck Goobs|Thunder|p2a: Primarina
|-supereffective|p2a: Primarina
|-end|p2a: Primarina|Substitute
|move|p2a: Primarina|Calm Mind|p2a: Primarina
|-boost|p2a: Primarina|spa|1
|-boost|p2a: Primarina|spd|1
|
|upkeep
|turn|10
|
|t:|1776032816
|move|p1a: Duck Duck Goobs|Thunder|p2a: Primarina|[miss]
|-miss|p1a: Duck Duck Goobs|p2a: Primarina
|move|p2a: Primarina|Substitute|p2a: Primarina
|-start|p2a: Primarina|Substitute
|-damage|p2a: Primarina|76/100
|
|-heal|p2a: Primarina|82/100|[from] item: Leftovers
|upkeep
|turn|11
|
|t:|1776032818
|move|p1a: Duck Duck Goobs|Thunder|p2a: Primarina|[miss]
|-miss|p1a: Duck Duck Goobs|p2a: Primarina
|move|p2a: Primarina|Moonblast|p1a: Duck Duck Goobs
|-damage|p1a: Duck Duck Goobs|0 fnt
|faint|p1a: Duck Duck Goobs
|
|-heal|p2a: Primarina|88/100|[from] item: Leftovers
|-fieldend|move: Trick Room
|upkeep
|-message|NiZZaYe forfeited.
|
|win|bidofos son
|raw|NiZZaYe's rating: 1567 &rarr; <strong>1545</strong><br />(-22 for losing)
|raw|bidofos son's rating: 1535 &rarr; <strong>1557</strong><br />(+22 for winning)
|l|☆NiZZaYe
|player|p1|
|l|☆bidofos son
|player|p2|
