|html|<div class="broadcast-blue"><strong>[Gen 9] OU is currently suspecting Tera Blast! For information on how to participate check out the <a href="https://www.smogon.com/tools/suspects/view/200">suspect thread</a>.</strong></div>
|j|☆swiggler
|j|☆Pyrez57
|t:|1776099277
|gametype|singles
|player|p1|swiggler|bugcatcher-gen4dp|1596
|player|p2|Pyrez57|adaman|1572
|gen|9
|tier|[Gen 9] OU
|rated|
|rule|HP Percentage Mod: HP is shown in percentages
|rule|Endless Battle Clause: Forcing endless battles is banned
|rule|Species Clause: Limit one of each Pokémon
|rule|OHKO Clause: OHKO moves are banned
|rule|Evasion Items Clause: Evasion items are banned
|rule|Evasion Moves Clause: Evasion moves are banned
|rule|Evasion Abilities Clause: Evasion abilities are banned
|rule|Sleep Moves Clause: Sleep-inducing moves are banned
|clearpoke
|poke|p1|Iron Moth|
|poke|p1|Gliscor, M|
|poke|p1|Hatterene, F|
|poke|p1|Ogerpon-Wellspring, F|
|poke|p1|Raging Bolt|
|poke|p1|Zamazenta-*|
|poke|p2|Great Tusk|
|poke|p2|Zapdos|
|poke|p2|Ogerpon-Wellspring, F|
|poke|p2|Latios, M|
|poke|p2|Kingambit, F|
|poke|p2|Grimmsnarl, M|
|teampreview
|inactive|Battle timer is ON: inactive players will automatically lose when time's up. (requested by swiggler)
|
|t:|1776099294
|teamsize|p1|6
|teamsize|p2|6
|start
|switch|p1a: Gliscor|Gliscor, M|100/100
|switch|p2a: Mr. Prince|Latios, M, shiny|100/100
|turn|1
|
|t:|1776099305
|switch|p1a: Hatterene|Hatterene, F|100/100
|move|p2a: Mr. Prince|Ice Beam|p1a: Hatterene
|-damage|p1a: Hatterene|65/100
|
|-heal|p1a: Hatterene|71/100|[from] item: Leftovers
|upkeep
|turn|2
|
|t:|1776099315
|switch|p2a: Battery Acid|Zapdos, shiny|100/100
|move|p1a: Hatterene|Draining Kiss|p2a: Battery Acid
|-damage|p2a: Battery Acid|77/100
|-heal|p1a: Hatterene|92/100|[from] drain|[of] p2a: Battery Acid
|
|-heal|p1a: Hatterene|98/100|[from] item: Leftovers
|upkeep
|turn|3
|
|t:|1776099324
|switch|p1a: Gliscor|Gliscor, M|100/100
|move|p2a: Battery Acid|Hurricane|p1a: Gliscor|[miss]
|-miss|p2a: Battery Acid|p1a: Gliscor
|
|-status|p1a: Gliscor|tox|[from] item: Toxic Orb
|upkeep
|turn|4
|
|t:|1776099331
|switch|p2a: RedKing|Kingambit, F|100/100
|move|p1a: Gliscor|Facade|p2a: RedKing
|-resisted|p2a: RedKing
|-damage|p2a: RedKing|85/100
|
|upkeep
|turn|5
|
|t:|1776099341
|-end|p2a: RedKing|fallenundefined|[silent]
|switch|p2a: Manwel|Great Tusk, shiny|100/100
|move|p1a: Gliscor|Agility|p1a: Gliscor
|-boost|p1a: Gliscor|spe|2
|
|upkeep
|turn|6
|
|t:|1776099346
|switch|p1a: Zamazenta|Zamazenta|100/100
|-ability|p1a: Zamazenta|Dauntless Shield|boost
|-boost|p1a: Zamazenta|def|1
|move|p2a: Manwel|Ice Spinner|p1a: Zamazenta
|-damage|p1a: Zamazenta|87/100
|
|upkeep
|turn|7
|j| Kyurem
|
|t:|1776099360
|move|p1a: Zamazenta|Light Screen|p1a: Zamazenta
|-sidestart|p1: swiggler|move: Light Screen
|move|p2a: Manwel|Earthquake|p1a: Zamazenta
|-damage|p1a: Zamazenta|60/100
|
|upkeep
|turn|8
|
|t:|1776099366
|-end|p2a: Manwel|Protosynthesis|[silent]
|switch|p2a: Battery Acid|Zapdos, shiny|77/100
|move|p1a: Zamazenta|Reflect|p1a: Zamazenta
|-sidestart|p1: swiggler|Reflect
|
|upkeep
|turn|9
|
|t:|1776099371
|switch|p1a: Gliscor|Gliscor, M|100/100 tox
|move|p2a: Battery Acid|Roost|p2a: Battery Acid
|-heal|p2a: Battery Acid|100/100
|-singleturn|p2a: Battery Acid|move: Roost
|
|upkeep
|turn|10
|
|t:|1776099380
|switch|p2a: Goldberg|Grimmsnarl, M|100/100
|move|p1a: Gliscor|Swords Dance|p1a: Gliscor
|-boost|p1a: Gliscor|atk|2
|
|upkeep
|turn|11
|
|t:|1776099384
|move|p2a: Goldberg|Reflect|p2a: Goldberg
|-sidestart|p2: Pyrez57|Reflect
|move|p1a: Gliscor|Facade|p2a: Goldberg
|-damage|p2a: Goldberg|56/100
|
|upkeep
|turn|12
|
|t:|1776099387
|move|p2a: Goldberg|Parting Shot|p1a: Gliscor
|-unboost|p1a: Gliscor|atk|1
|-unboost|p1a: Gliscor|spa|1
|
|t:|1776099388
|switch|p2a: Manwel|Great Tusk, shiny|100/100|[from] Parting Shot
|move|p1a: Gliscor|Agility|p1a: Gliscor
|-boost|p1a: Gliscor|spe|2
|
|upkeep
|turn|13
|
|t:|1776099396
|-terastallize|p1a: Gliscor|Normal
|move|p1a: Gliscor|Swords Dance|p1a: Gliscor
|-boost|p1a: Gliscor|atk|2
|move|p2a: Manwel|Ice Spinner|p1a: Gliscor
|-damage|p1a: Gliscor|90/100 tox
|
|-heal|p1a: Gliscor|100/100 tox|[from] ability: Poison Heal
|upkeep
|turn|14
|
|t:|1776099404
|move|p1a: Gliscor|Swords Dance|p1a: Gliscor
|-boost|p1a: Gliscor|atk|2
|move|p2a: Manwel|Rapid Spin|p1a: Gliscor
|-damage|p1a: Gliscor|94/100 tox
|-boost|p2a: Manwel|spe|1
|
|-heal|p1a: Gliscor|100/100 tox|[from] ability: Poison Heal
|-sideend|p1: swiggler|move: Light Screen
|upkeep
|turn|15
|
|t:|1776099421
|move|p1a: Gliscor|Facade|p2a: Manwel
|-damage|p2a: Manwel|42/100
|move|p2a: Manwel|Rapid Spin|p1a: Gliscor
|-damage|p1a: Gliscor|94/100 tox
|-boost|p2a: Manwel|spe|1
|
|-heal|p2a: Manwel|48/100|[from] item: Leftovers
|-heal|p1a: Gliscor|100/100 tox|[from] ability: Poison Heal
|-sideend|p1: swiggler|Reflect
|upkeep
|turn|16
|
|t:|1776099423
|move|p1a: Gliscor|Facade|p2a: Manwel
|-damage|p2a: Manwel|0 fnt
|faint|p2a: Manwel
|-end|p2a: Manwel|Protosynthesis|[silent]
|
|upkeep
|
|t:|1776099431
|switch|p2a: RedKing|Kingambit, F|85/100
|-activate|p2a: RedKing|ability: Supreme Overlord
|-start|p2a: RedKing|fallen1|[silent]
|turn|17
|
|t:|1776099435
|move|p1a: Gliscor|Earthquake|p2a: RedKing
|-supereffective|p2a: RedKing
|-damage|p2a: RedKing|0 fnt
|faint|p2a: RedKing
|-end|p2a: RedKing|fallen1|[silent]
|
|upkeep
|-message|Pyrez57 forfeited.
|
|win|swiggler
|raw|swiggler's rating: 1596 &rarr; <strong>1615</strong><br />(+19 for winning)
|raw|Pyrez57's rating: 1572 &rarr; <strong>1553</strong><br />(-19 for losing)
|l|☆Pyrez57
|player|p2|
|l|☆swiggler
|player|p1|
|l| Kyurem
