|html|<div class="broadcast-blue"><strong>[Gen 9] OU is currently suspecting Tera Blast! For information on how to participate check out the <a href="https://www.smogon.com/tools/suspects/view/200">suspect thread</a>.</strong></div>
|j|☆sleepbooming
|j|☆tarine8811
|t:|1776112255
|gametype|singles
|player|p1|sleepbooming|rocketgrunt|1207
|player|p2|tarine8811|102|1184
|gen|9
|tier|[Gen 9] OU
|rated|
|rule|HP Percentage Mod: HP is shown in percentages
|rule|Endless Battle Clause: Forcing endless battles is banned
|rule|Species Clause: Limit one of each Pokémon
|rule|OHKO Clause: OHKO moves are banned
|rule|Evasion Items Clause: Evasion items are banned
|rule|Evasion Moves Clause: Evasion moves are banned
|rule|Evasion Abilities Clause: Evasion abilities are banned
|rule|Sleep Moves Clause: Sleep-inducing moves are banned
|clearpoke
|poke|p1|Darkrai|
|poke|p1|Dragapult, M|
|poke|p1|Deoxys-Speed|
|poke|p1|Raging Bolt|
|poke|p1|Breloom, M|
|poke|p1|Ogerpon, F|
|poke|p2|Zoroark-Hisui, F|
|poke|p2|Greninja-*, M|
|poke|p2|Hatterene, F|
|poke|p2|Corviknight, F|
|poke|p2|Deoxys-Speed|
|poke|p2|Zamazenta-*|
|teampreview
|
|t:|1776112266
|teamsize|p1|6
|teamsize|p2|6
|start
|switch|p1a: Deoxys|Deoxys-Speed|100/100
|switch|p2a: Greninja|Greninja, M|100/100
|-ability|p1a: Deoxys|Pressure
|turn|1
|inactive|Battle timer is ON: inactive players will automatically lose when time's up. (requested by sleepbooming)
|
|t:|1776112281
|move|p1a: Deoxys|Stealth Rock|p2a: Greninja
|-sidestart|p2: tarine8811|move: Stealth Rock
|move|p2a: Greninja|Dark Pulse|p1a: Deoxys
|-supereffective|p1a: Deoxys
|-enditem|p1a: Deoxys|Focus Sash
|-damage|p1a: Deoxys|1/100
|
|upkeep
|turn|2
|
|t:|1776112289
|move|p1a: Deoxys|Spikes|p2a: Greninja
|-sidestart|p2: tarine8811|Spikes
|move|p2a: Greninja|Dark Pulse|p1a: Deoxys
|-supereffective|p1a: Deoxys
|-damage|p1a: Deoxys|0 fnt
|faint|p1a: Deoxys
|-ability|p2a: Greninja|Battle Bond|boost
|-boost|p2a: Greninja|atk|1
|-boost|p2a: Greninja|spa|1
|-boost|p2a: Greninja|spe|1
|-activate|p2a: Greninja|ability: Battle Bond
|
|upkeep
|
|t:|1776112301
|switch|p1a: Raging Bolt|Raging Bolt|100/100
|turn|3
|
|t:|1776112311
|move|p1a: Raging Bolt|Thunderclap|p2a: Greninja
|-supereffective|p2a: Greninja
|-enditem|p2a: Greninja|Focus Sash
|-damage|p2a: Greninja|1/100
|move|p2a: Greninja|Dark Pulse|p1a: Raging Bolt
|-damage|p1a: Raging Bolt|57/100
|
|upkeep
|turn|4
|
|t:|1776112327
|move|p2a: Greninja|Dark Pulse|p1a: Raging Bolt
|-damage|p1a: Raging Bolt|10/100
|move|p1a: Raging Bolt|Volt Switch|p2a: Greninja
|-supereffective|p2a: Greninja
|-damage|p2a: Greninja|0 fnt
|faint|p2a: Greninja
|
|t:|1776112341
|-end|p1a: Raging Bolt|Protosynthesis|[silent]
|switch|p1a: Dragapult|Dragapult, M|100/100|[from] Volt Switch
|
|upkeep
|
|t:|1776112345
|switch|p2a: Zamazenta|Zamazenta|100/100
|-damage|p2a: Zamazenta|88/100|[from] Stealth Rock
|-damage|p2a: Zamazenta|76/100|[from] Spikes
|turn|5
|
|t:|1776112356
|move|p1a: Dragapult|Substitute|p1a: Dragapult
|-start|p1a: Dragapult|Substitute
|-damage|p1a: Dragapult|76/100
|move|p2a: Zamazenta|Bitter Malice|p1a: Dragapult
|-supereffective|p1a: Dragapult
|-end|p1a: Dragapult|Substitute
|-damage|p2a: Zamazenta|66/100|[from] item: Life Orb
|
|-heal|p1a: Dragapult|82/100|[from] item: Leftovers
|upkeep
|turn|6
|
|t:|1776112369
|move|p1a: Dragapult|Draco Meteor|p2a: Zamazenta
|-damage|p2a: Zamazenta|0 fnt
|-unboost|p1a: Dragapult|spa|2
|replace|p2a: Zoroark|Zoroark-Hisui, F
|-end|p2a: Zoroark|Illusion
|faint|p2a: Zoroark
|
|-heal|p1a: Dragapult|88/100|[from] item: Leftovers
|upkeep
|
|t:|1776112381
|switch|p2a: Deoxys|Deoxys-Speed|100/100
|-damage|p2a: Deoxys|88/100|[from] Stealth Rock
|-damage|p2a: Deoxys|76/100|[from] Spikes
|-ability|p2a: Deoxys|Pressure
|turn|7
|
|t:|1776112390
|move|p1a: Dragapult|Substitute|p1a: Dragapult
|-start|p1a: Dragapult|Substitute
|-damage|p1a: Dragapult|63/100
|move|p2a: Deoxys|Ice Punch|p1a: Dragapult
|-supereffective|p1a: Dragapult
|-end|p1a: Dragapult|Substitute
|-damage|p2a: Deoxys|66/100|[from] item: Life Orb
|
|-heal|p1a: Dragapult|69/100|[from] item: Leftovers
|upkeep
|turn|8
|
|t:|1776112400
|move|p1a: Dragapult|Substitute|p1a: Dragapult
|-start|p1a: Dragapult|Substitute
|-damage|p1a: Dragapult|44/100
|move|p2a: Deoxys|Ice Punch|p1a: Dragapult
|-supereffective|p1a: Dragapult
|-end|p1a: Dragapult|Substitute
|-damage|p2a: Deoxys|56/100|[from] item: Life Orb
|
|-heal|p1a: Dragapult|50/100|[from] item: Leftovers
|upkeep
|turn|9
|
|t:|1776112411
|move|p1a: Dragapult|Substitute|p1a: Dragapult
|-start|p1a: Dragapult|Substitute
|-damage|p1a: Dragapult|25/100
|move|p2a: Deoxys|Ice Punch|p1a: Dragapult
|-supereffective|p1a: Dragapult
|-end|p1a: Dragapult|Substitute
|-damage|p2a: Deoxys|46/100|[from] item: Life Orb
|
|-heal|p1a: Dragapult|31/100|[from] item: Leftovers
|upkeep
|turn|10
|
|t:|1776112420
|move|p1a: Dragapult|Substitute|p1a: Dragapult
|-start|p1a: Dragapult|Substitute
|-damage|p1a: Dragapult|6/100
|move|p2a: Deoxys|Ice Punch|p1a: Dragapult
|-supereffective|p1a: Dragapult
|-end|p1a: Dragapult|Substitute
|-damage|p2a: Deoxys|36/100|[from] item: Life Orb
|
|-heal|p1a: Dragapult|12/100|[from] item: Leftovers
|upkeep
|turn|11
|
|t:|1776112426
|move|p1a: Dragapult|Shadow Ball|p2a: Deoxys
|-supereffective|p2a: Deoxys
|-damage|p2a: Deoxys|0 fnt
|faint|p2a: Deoxys
|
|-heal|p1a: Dragapult|18/100|[from] item: Leftovers
|upkeep
|
|t:|1776112438
|switch|p2a: Corviknight|Corviknight, F|100/100
|-ability|p2a: Corviknight|Unnerve
|-damage|p2a: Corviknight|88/100|[from] Stealth Rock
|turn|12
|
|t:|1776112446
|move|p1a: Dragapult|Fire Blast|p2a: Corviknight
|-supereffective|p2a: Corviknight
|-damage|p2a: Corviknight|56/100
|move|p2a: Corviknight|Iron Head|p1a: Dragapult
|-damage|p1a: Dragapult|0 fnt
|faint|p1a: Dragapult
|
|-heal|p2a: Corviknight|63/100|[from] item: Leftovers
|upkeep
|
|t:|1776112457
|switch|p1a: Raging Bolt|Raging Bolt|10/100
|turn|13
|
|t:|1776112461
|move|p1a: Raging Bolt|Volt Switch|p2a: Corviknight
|-supereffective|p2a: Corviknight
|-damage|p2a: Corviknight|0 fnt
|faint|p2a: Corviknight
|
|t:|1776112479
|-end|p1a: Raging Bolt|Protosynthesis|[silent]
|switch|p1a: Breloom|Breloom, M|100/100|[from] Volt Switch
|
|upkeep
|
|t:|1776112484
|switch|p2a: Hatterene|Hatterene, F|100/100
|-damage|p2a: Hatterene|88/100|[from] Stealth Rock
|-damage|p2a: Hatterene|76/100|[from] Spikes
|turn|14
|
|t:|1776112490
|move|p1a: Breloom|Bullet Seed|p2a: Hatterene
|-damage|p2a: Hatterene|41/100
|-damage|p2a: Hatterene|2/100
|-damage|p2a: Hatterene|0 fnt
|faint|p2a: Hatterene
|-hitcount|p2: Hatterene|3
|
|upkeep
|
|t:|1776112494
|switch|p2a: Zamazenta|Zamazenta|100/100
|-damage|p2a: Zamazenta|94/100|[from] Stealth Rock
|-damage|p2a: Zamazenta|82/100|[from] Spikes
|-ability|p2a: Zamazenta|Dauntless Shield|boost
|-boost|p2a: Zamazenta|def|1
|turn|15
|
|t:|1776112507
|move|p2a: Zamazenta|Iron Defense|p2a: Zamazenta
|-boost|p2a: Zamazenta|def|2
|move|p1a: Breloom|Bullet Seed|p2a: Zamazenta
|-damage|p2a: Zamazenta|74/100
|-damage|p2a: Zamazenta|64/100
|-damage|p2a: Zamazenta|56/100
|-hitcount|p2a: Zamazenta|3
|
|-heal|p2a: Zamazenta|62/100|[from] item: Leftovers
|upkeep
|turn|16
|
|t:|1776112522
|move|p2a: Zamazenta|Body Press|p1a: Breloom
|-damage|p1a: Breloom|0 fnt
|faint|p1a: Breloom
|
|-heal|p2a: Zamazenta|68/100|[from] item: Leftovers
|upkeep
|
|t:|1776112526
|switch|p1a: Raging Bolt|Raging Bolt|10/100
|turn|17
|
|t:|1776112530
|move|p1a: Raging Bolt|Thunderclap||[still]
|-fail|p1a: Raging Bolt
|move|p2a: Zamazenta|Iron Defense|p2a: Zamazenta
|-boost|p2a: Zamazenta|def|2
|
|-heal|p2a: Zamazenta|74/100|[from] item: Leftovers
|upkeep
|turn|18
|
|t:|1776112535
|-terastallize|p2a: Zamazenta|Fighting
|move|p1a: Raging Bolt|Thunderclap|p2a: Zamazenta
|-crit|p2a: Zamazenta
|-damage|p2a: Zamazenta|13/100
|move|p2a: Zamazenta|Body Press|p1a: Raging Bolt
|-damage|p1a: Raging Bolt|0 fnt
|faint|p1a: Raging Bolt
|-end|p1a: Raging Bolt|Protosynthesis|[silent]
|
|-heal|p2a: Zamazenta|19/100|[from] item: Leftovers
|upkeep
|
|t:|1776112543
|switch|p1a: Darkrai|Darkrai|100/100
|turn|19
|
|t:|1776112553
|move|p1a: Darkrai|Ice Beam|p2a: Zamazenta
|-damage|p2a: Zamazenta|0 fnt
|faint|p2a: Zamazenta
|
|win|sleepbooming
|raw|sleepbooming's rating: 1207 &rarr; <strong>1230</strong><br />(+23 for winning)
|raw|tarine8811's rating: 1184 &rarr; <strong>1161</strong><br />(-23 for losing)
