|html|<div class="broadcast-blue"><strong>[Gen 9] OU is currently suspecting Tera Blast! For information on how to participate check out the <a href="https://www.smogon.com/tools/suspects/view/200">suspect thread</a>.</strong></div>
|j|☆Samarand
|j|☆swagswag234
|t:|1776113820
|gametype|singles
|player|p1|Samarand|birdkeeper-gen4dp|1459
|player|p2|swagswag234|cyclist|1489
|gen|9
|tier|[Gen 9] OU
|rated|
|rule|HP Percentage Mod: HP is shown in percentages
|rule|Endless Battle Clause: Forcing endless battles is banned
|rule|Species Clause: Limit one of each Pokémon
|rule|OHKO Clause: OHKO moves are banned
|rule|Evasion Items Clause: Evasion items are banned
|rule|Evasion Moves Clause: Evasion moves are banned
|rule|Evasion Abilities Clause: Evasion abilities are banned
|rule|Sleep Moves Clause: Sleep-inducing moves are banned
|clearpoke
|poke|p1|Infernape, M|
|poke|p1|Delphox, F|
|poke|p1|Sandy Shocks|
|poke|p1|Leafeon, M|
|poke|p1|Ninetales, F|
|poke|p1|Great Tusk|
|poke|p2|Kingambit, F|
|poke|p2|Ribombee, M|
|poke|p2|Gholdengo|
|poke|p2|Kyurem|
|poke|p2|Glimmora, F|
|poke|p2|Enamorus, F|
|teampreview
|inactive|Battle timer is ON: inactive players will automatically lose when time's up. (requested by swagswag234)
|
|t:|1776113842
|teamsize|p1|6
|teamsize|p2|6
|start
|switch|p1a: Dave|Infernape, M|100/100
|switch|p2a: Enamorus|Enamorus, F|100/100
|turn|1
|
|t:|1776113848
|move|p1a: Dave|Stealth Rock|p2a: Enamorus
|-sidestart|p2: swagswag234|move: Stealth Rock
|move|p2a: Enamorus|Moonblast|p1a: Dave
|-enditem|p1a: Dave|Focus Sash
|-damage|p1a: Dave|1/100
|-unboost|p1a: Dave|spa|1
|
|upkeep
|turn|2
|
|t:|1776113856
|switch|p2a: Ribombee|Ribombee, M|100/100
|-damage|p2a: Ribombee|76/100|[from] Stealth Rock
|move|p1a: Dave|Flare Blitz|p2a: Ribombee
|-supereffective|p2a: Ribombee
|-damage|p2a: Ribombee|0 fnt
|faint|p2a: Ribombee
|-damage|p1a: Dave|0 fnt|[from] Recoil
|faint|p1a: Dave
|
|upkeep
|
|t:|1776113870
|switch|p2a: Enamorus|Enamorus, F|100/100
|switch|p1a: Billy Hax|Sandy Shocks|100/100
|-damage|p2a: Enamorus|76/100|[from] Stealth Rock
|turn|3
|
|t:|1776113882
|move|p2a: Enamorus|Earth Power|p1a: Billy Hax
|-supereffective|p1a: Billy Hax
|-damage|p1a: Billy Hax|0 fnt
|faint|p1a: Billy Hax
|-end|p1a: Billy Hax|Protosynthesis|[silent]
|
|upkeep
|
|t:|1776113887
|switch|p1a: Eleya|Ninetales, F|100/100
|-weather|SunnyDay|[from] ability: Drought|[of] p1a: Eleya
|turn|4
|
|t:|1776113891
|move|p2a: Enamorus|Earth Power|p1a: Eleya
|-supereffective|p1a: Eleya
|-damage|p1a: Eleya|13/100
|move|p1a: Eleya|Flamethrower|p2a: Enamorus
|-damage|p2a: Enamorus|21/100
|
|-weather|SunnyDay|[upkeep]
|upkeep
|turn|5
|
|t:|1776113897
|move|p2a: Enamorus|Earth Power|p1a: Eleya
|-supereffective|p1a: Eleya
|-damage|p1a: Eleya|0 fnt
|faint|p1a: Eleya
|
|-weather|SunnyDay|[upkeep]
|upkeep
|
|t:|1776113899
|switch|p1a: Hans|Leafeon, M|100/100
|turn|6
|
|t:|1776113907
|switch|p2a: Glimmora|Glimmora, F|100/100
|-damage|p2a: Glimmora|88/100|[from] Stealth Rock
|move|p1a: Hans|Swords Dance|p1a: Hans
|-boost|p1a: Hans|atk|2
|
|-weather|SunnyDay|[upkeep]
|upkeep
|turn|7
|
|t:|1776113911
|switch|p2a: Enamorus|Enamorus, F|21/100
|-damage|p2a: Enamorus|0 fnt|[from] Stealth Rock
|faint|p2a: Enamorus
|move|p1a: Hans|Solar Blade||[still]
|-prepare|p1a: Hans|Solar Blade
|-anim|p1a: Hans|Solar Blade|p2: Enamorus|[notarget]
|-fail|p1a: Hans
|
|-weather|SunnyDay|[upkeep]
|upkeep
|
|t:|1776113918
|switch|p2a: Gholdengo|Gholdengo, shiny|100/100
|-damage|p2a: Gholdengo|94/100|[from] Stealth Rock
|-item|p2a: Gholdengo|Air Balloon
|turn|8
|
|t:|1776113927
|switch|p2a: Glimmora|Glimmora, F|88/100
|-damage|p2a: Glimmora|76/100|[from] Stealth Rock
|-terastallize|p1a: Hans|Fire
|move|p1a: Hans|Tera Blast|p2a: Glimmora|[anim] Tera Blast Fire
|-resisted|p2a: Glimmora
|-damage|p2a: Glimmora|0 fnt
|-activate|p2a: Glimmora|ability: Toxic Debris
|-sidestart|p1: Samarand|move: Toxic Spikes
|faint|p2a: Glimmora
|-damage|p1a: Hans|91/100|[from] item: Life Orb
|
|-weather|SunnyDay|[upkeep]
|upkeep
|
|t:|1776113939
|switch|p2a: Kingambit|Kingambit, F|100/100
|-damage|p2a: Kingambit|94/100|[from] Stealth Rock
|-activate|p2a: Kingambit|ability: Supreme Overlord
|-start|p2a: Kingambit|fallen3|[silent]
|turn|9
|
|t:|1776113944
|move|p2a: Kingambit|Sucker Punch|p1a: Hans
|-damage|p1a: Hans|30/100
|move|p1a: Hans|Tera Blast|p2a: Kingambit|[anim] Tera Blast Fire
|-supereffective|p2a: Kingambit
|-damage|p2a: Kingambit|0 fnt
|faint|p2a: Kingambit
|-end|p2a: Kingambit|fallen3|[silent]
|-damage|p1a: Hans|20/100|[from] item: Life Orb
|
|-weather|SunnyDay|[upkeep]
|upkeep
|
|t:|1776113962
|switch|p2a: Kyurem|Kyurem|100/100
|-damage|p2a: Kyurem|76/100|[from] Stealth Rock
|-ability|p2a: Kyurem|Pressure
|turn|10
|
|t:|1776113966
|move|p1a: Hans|Tera Blast|p2a: Kyurem|[anim] Tera Blast Fire
|-damage|p2a: Kyurem|0 fnt
|faint|p2a: Kyurem
|-damage|p1a: Hans|10/100|[from] item: Life Orb
|
|-weather|SunnyDay|[upkeep]
|upkeep
|-message|swagswag234 forfeited.
|
|win|Samarand
|raw|Samarand's rating: 1459 &rarr; <strong>1481</strong><br />(+22 for winning)
|raw|swagswag234's rating: 1489 &rarr; <strong>1467</strong><br />(-22 for losing)
|l|☆swagswag234
|player|p2|
|l|☆Samarand
|player|p1|
