|j|☆encore21768768
|j|☆Abyssal Bot
|t:|1776079178
|gametype|singles
|player|p1|encore21768768|265|
|player|p2|Abyssal Bot|supernerd|
|teamsize|p1|6
|teamsize|p2|6
|gen|9
|tier|[Gen 9] OU
|rule|Species Clause: Limit one of each Pokémon
|rule|OHKO Clause: OHKO moves are banned
|rule|Evasion Items Clause: Evasion items are banned
|rule|Evasion Moves Clause: Evasion moves are banned
|rule|Endless Battle Clause: Forcing endless battles is banned
|rule|HP Percentage Mod: HP is shown in percentages
|rule|Sleep Moves Clause: Sleep-inducing moves are banned
|clearpoke
|poke|p1|Volcanion|
|poke|p1|Polteageist|
|poke|p1|Kingdra, F|
|poke|p1|Scrafty, F|
|poke|p1|Raging Bolt|
|poke|p1|Great Tusk|
|poke|p2|Kingambit, F|
|poke|p2|Cinderace, F|
|poke|p2|Landorus-Therian, M|
|poke|p2|Iron Valiant|
|poke|p2|Kyurem|
|poke|p2|Slowking-Galar, M|
|teampreview
|c|☆Abyssal Bot|Good Luck and Have Fun my Friend!
|inactive|Battle timer is ON: inactive players will automatically lose when time's up. (requested by Abyssal Bot)
|j|*Turbo Bottttt
|
|t:|1776079181
|start
|switch|p1a: Scrafty|Scrafty, F|100/100
|switch|p2a: SlodogChillionaire|Slowking-Galar, M, shiny|100/100
|turn|1
|
|t:|1776079182
|switch|p2a: WALL-Y|Iron Valiant|100/100
|-enditem|p2a: WALL-Y|Booster Energy
|-activate|p2a: WALL-Y|ability: Quark Drive|[fromitem]
|-start|p2a: WALL-Y|quarkdrivespe
|move|p1a: Scrafty|Rain Dance|p1a: Scrafty
|-weather|Rain Dance
|
|-weather|Rain Dance|[upkeep]
|upkeep
|turn|2
|
|t:|1776079188
|switch|p1a: Volcanion|Volcanion|100/100
|move|p2a: WALL-Y|Close Combat|p1a: Volcanion
|-damage|p1a: Volcanion|67/100
|-unboost|p2a: WALL-Y|def|1
|-unboost|p2a: WALL-Y|spd|1
|
|-weather|Rain Dance|[upkeep]
|upkeep
|turn|3
|
|t:|1776079190
|move|p2a: WALL-Y|Close Combat|p1a: Volcanion
|-damage|p1a: Volcanion|30/100
|-unboost|p2a: WALL-Y|def|1
|-unboost|p2a: WALL-Y|spd|1
|move|p1a: Volcanion|Steam Eruption|p2a: WALL-Y
|-damage|p2a: WALL-Y|0
|faint|p2a: WALL-Y
|-end|p2a: WALL-Y|Quark Drive|[silent]
|
|-weather|Rain Dance|[upkeep]
|upkeep
|
|t:|1776079190
|switch|p2a: Mr. Freeze|Kyurem, shiny|100/100
|-ability|p2a: Mr. Freeze|Pressure
|turn|4
|
|t:|1776079193
|move|p2a: Mr. Freeze|Draco Meteor|p1a: Volcanion
|-damage|p1a: Volcanion|0
|-unboost|p2a: Mr. Freeze|spa|2
|faint|p1a: Volcanion
|
|-weather|Rain Dance|[upkeep]
|upkeep
|
|t:|1776079199
|switch|p1a: Scrafty|Scrafty, F|100/100
|turn|5
|
|t:|1776079203
|move|p2a: Mr. Freeze|Draco Meteor|p1a: Scrafty
|-damage|p1a: Scrafty|67/100
|-unboost|p2a: Mr. Freeze|spa|2
|move|p1a: Scrafty|Bulk Up|p1a: Scrafty
|-boost|p1a: Scrafty|atk|1
|-boost|p1a: Scrafty|def|1
|
|-weather|Rain Dance|[upkeep]
|upkeep
|turn|6
|
|t:|1776079208
|move|p2a: Mr. Freeze|Draco Meteor|p1a: Scrafty
|-damage|p1a: Scrafty|46/100
|-unboost|p2a: Mr. Freeze|spa|2
|move|p1a: Scrafty|Bulk Up|p1a: Scrafty
|-boost|p1a: Scrafty|atk|1
|-boost|p1a: Scrafty|def|1
|
|-weather|Rain Dance|[upkeep]
|upkeep
|turn|7
|
|t:|1776079209
|move|p2a: Mr. Freeze|Draco Meteor|p1a: Scrafty
|-damage|p1a: Scrafty|28/100
|move|p1a: Scrafty|Drain Punch|p2a: Mr. Freeze
|-supereffective|p2a: Mr. Freeze
|-damage|p2a: Mr. Freeze|9/100
|-heal|p1a: Scrafty|81/100|[from] drain|[of] p2a: Mr. Freeze
|
|-weather|Rain Dance|[upkeep]
|upkeep
|turn|8
|
|t:|1776079211
|switch|p2a: Homelandor|Landorus-Therian, M, shiny|100/100
|-ability|p2a: Homelandor|Intimidate|boost
|-unboost|p1a: Scrafty|atk|1
|move|p1a: Scrafty|Drain Punch|p2a: Homelandor
|-resisted|p2a: Homelandor
|-damage|p2a: Homelandor|88/100
|-heal|p1a: Scrafty|89/100|[from] drain|[of] p2a: Homelandor
|-damage|p1a: Scrafty|72/100|[from] item: Rocky Helmet|[of] p2a: Homelandor
|
|-weather|none
|upkeep
|turn|9
|
|t:|1776079217
|move|p2a: Homelandor|Stealth Rock|p1a: Scrafty
|-sidestart|p1: encore21768768|move: Stealth Rock
|move|p1a: Scrafty|Rain Dance|p1a: Scrafty
|-weather|Rain Dance
|
|-weather|Rain Dance|[upkeep]
|upkeep
|turn|10
|
|t:|1776079223
|switch|p1a: Kingdra|Kingdra, F|100/100
|-damage|p1a: Kingdra|88/100|[from] Stealth Rock|[of] p2a: Homelandor
|move|p2a: Homelandor|Taunt|p1a: Kingdra
|-start|p1a: Kingdra|move: Taunt
|
|-weather|Rain Dance|[upkeep]
|upkeep
|turn|11
|
|t:|1776079226
|move|p1a: Kingdra|Scald|p2a: Homelandor
|-supereffective|p2a: Homelandor
|-damage|p2a: Homelandor|0
|faint|p2a: Homelandor
|
|-weather|Rain Dance|[upkeep]
|upkeep
|
|t:|1776079226
|switch|p2a: Daenerys|Kingambit, F|100/100
|-activate|p2a: Daenerys|ability: Supreme Overlord
|-start|p2a: Daenerys|fallen2|[silent]
|turn|12
|
|t:|1776079228
|move|p1a: Kingdra|Scald|p2a: Daenerys
|-damage|p2a: Daenerys|43/100
|move|p2a: Daenerys|Kowtow Cleave|p1a: Kingdra
|-damage|p1a: Kingdra|21/100
|
|-weather|Rain Dance|[upkeep]
|-heal|p2a: Daenerys|49/100|[from] item: Leftovers
|-end|p1a: Kingdra|move: Taunt
|upkeep
|turn|13
|
|t:|1776079232
|move|p1a: Kingdra|Scald|p2a: Daenerys
|-damage|p2a: Daenerys|0
|faint|p2a: Daenerys
|-end|p2a: Daenerys|fallen2|[silent]
|
|-weather|Rain Dance|[upkeep]
|upkeep
|
|t:|1776079232
|switch|p2a: SlodogChillionaire|Slowking-Galar, M, shiny|100/100
|turn|14
|
|t:|1776079235
|move|p1a: Kingdra|Focus Energy|p1a: Kingdra
|-start|p1a: Kingdra|move: Focus Energy
|move|p2a: SlodogChillionaire|Future Sight|p1a: Kingdra
|-start|p2a: SlodogChillionaire|move: Future Sight
|
|-weather|Rain Dance|[upkeep]
|upkeep
|turn|15
|
|t:|1776079238
|move|p1a: Kingdra|Scald|p2a: SlodogChillionaire
|-crit|p2a: SlodogChillionaire
|-damage|p2a: SlodogChillionaire|49/100
|-status|p2a: SlodogChillionaire|brn
|move|p2a: SlodogChillionaire|Future Sight||[still]
|-fail|p2a: SlodogChillionaire
|
|-weather|Rain Dance|[upkeep]
|-damage|p2a: SlodogChillionaire|43/100 brn|[from] brn|[of] p1a: Kingdra
|upkeep
|turn|16
|c|☆Abyssal Bot|Oh crap, that crit...
|
|t:|1776079242
|move|p1a: Kingdra|Scald|p2a: SlodogChillionaire
|-crit|p2a: SlodogChillionaire
|-damage|p2a: SlodogChillionaire|0 brn
|faint|p2a: SlodogChillionaire
|
|-weather|none
|-end|p1a: Kingdra|move: Future Sight
|-damage|p1a: Kingdra|0
|faint|p1a: Kingdra
|upkeep
|c|☆Abyssal Bot|Oh crap, that crit...
|
|t:|1776079247
|switch|p1a: Great Tusk|Great Tusk|100/100
|switch|p2a: Mr. Freeze|Kyurem, shiny|9/100
|-ability|p2a: Mr. Freeze|Pressure
|turn|17
|
|t:|1776079255
|-end|p1a: Great Tusk|Protosynthesis|[silent]
|switch|p1a: Scrafty|Scrafty, F|72/100
|-damage|p1a: Scrafty|66/100|[from] Stealth Rock|[of] p2: Homelandor
|move|p2a: Mr. Freeze|Freeze-Dry|p1a: Scrafty
|-crit|p1a: Scrafty
|-damage|p1a: Scrafty|7/100
|
|upkeep
|turn|18
|c|☆Abyssal Bot|I had warned you about hax!! HAHAHA
|
|t:|1776079259
|move|p2a: Mr. Freeze|Freeze-Dry|p1a: Scrafty
|-damage|p1a: Scrafty|0
|faint|p1a: Scrafty
|
|upkeep
|
|t:|1776079262
|switch|p1a: Raging Bolt|Raging Bolt|100/100
|-damage|p1a: Raging Bolt|88/100|[from] Stealth Rock|[of] p2: Homelandor
|turn|19
|
|t:|1776079264
|move|p1a: Raging Bolt|Thunderclap|p2a: Mr. Freeze
|-resisted|p2a: Mr. Freeze
|-damage|p2a: Mr. Freeze|0
|faint|p2a: Mr. Freeze
|
|upkeep
|
|t:|1776079264
|switch|p2a: Kristine|Cinderace, F, shiny|100/100
|turn|20
|
|t:|1776079267
|move|p1a: Raging Bolt|Thunderclap|p2a: Kristine
|-damage|p2a: Kristine|38/100
|move|p2a: Kristine|Pyro Ball|p1a: Raging Bolt
|-resisted|p1a: Raging Bolt
|-damage|p1a: Raging Bolt|73/100
|
|upkeep
|turn|21
|
|t:|1776079270
|move|p1a: Raging Bolt|Thunderclap|p2a: Kristine
|-damage|p2a: Kristine|0
|faint|p2a: Kristine
|
|win|encore21768768
|c|☆Abyssal Bot|This loss doesn't matter, because I'm just a bot.
|l|☆Abyssal Bot
|player|p2|
|l|*Turbo Bottttt
