|html|<div class="broadcast-blue"><strong>[Gen 9] OU is currently suspecting Tera Blast! For information on how to participate check out the <a href="https://www.smogon.com/tools/suspects/view/200">suspect thread</a>.</strong></div>
|j|☆selesium
|j|☆Luka_the
|t:|1776250563
|gametype|singles
|player|p1|selesium|265|1083
|player|p2|Luka_the|1|1181
|gen|9
|tier|[Gen 9] OU
|rated|
|rule|HP Percentage Mod: HP is shown in percentages
|rule|Endless Battle Clause: Forcing endless battles is banned
|rule|Species Clause: Limit one of each Pokémon
|rule|OHKO Clause: OHKO moves are banned
|rule|Evasion Items Clause: Evasion items are banned
|rule|Evasion Moves Clause: Evasion moves are banned
|rule|Evasion Abilities Clause: Evasion abilities are banned
|rule|Sleep Moves Clause: Sleep-inducing moves are banned
|clearpoke
|poke|p1|Meganium, M|
|poke|p1|Landorus-Therian, M|
|poke|p1|Corviknight, M|
|poke|p1|Heatran, M|
|poke|p1|Dragonite, F|
|poke|p1|Dragapult, M|
|poke|p2|Garganacl, F|
|poke|p2|Goodra-Hisui, M|
|poke|p2|Corviknight, M|
|poke|p2|Iron Valiant|
|poke|p2|Great Tusk|
|poke|p2|Dragapult, M|
|teampreview
|
|t:|1776250586
|teamsize|p1|6
|teamsize|p2|6
|start
|switch|p1a: Landorus|Landorus-Therian, M|100/100
|switch|p2a: Garganacl|Garganacl, F|100/100
|-ability|p1a: Landorus|Intimidate|boost
|-unboost|p2a: Garganacl|atk|1
|turn|1
|
|t:|1776250598
|-terastallize|p2a: Garganacl|Flying
|move|p1a: Landorus|Stealth Rock|p2a: Garganacl
|-sidestart|p2: Luka_the|move: Stealth Rock
|move|p2a: Garganacl|Salt Cure|p1a: Landorus
|-damage|p1a: Landorus|90/100
|-start|p1a: Landorus|Salt Cure
|
|-damage|p1a: Landorus|78/100|[from] Salt Cure
|upkeep
|turn|2
|
|t:|1776250608
|move|p1a: Landorus|Rock Slide|p2a: Garganacl
|-supereffective|p2a: Garganacl
|-damage|p2a: Garganacl|68/100
|cant|p2a: Garganacl|flinch
|
|-heal|p2a: Garganacl|74/100|[from] item: Leftovers
|-damage|p1a: Landorus|65/100|[from] Salt Cure
|upkeep
|turn|3
|
|t:|1776250619
|move|p2a: Garganacl|Protect|p2a: Garganacl
|-singleturn|p2a: Garganacl|Protect
|move|p1a: Landorus|Rock Slide|p2a: Garganacl
|-activate|p2a: Garganacl|move: Protect
|
|-heal|p2a: Garganacl|80/100|[from] item: Leftovers
|-damage|p1a: Landorus|53/100|[from] Salt Cure
|upkeep
|turn|4
|
|t:|1776250629
|move|p1a: Landorus|U-turn|p2a: Garganacl
|-resisted|p2a: Garganacl
|-damage|p2a: Garganacl|72/100
|
|t:|1776250635
|switch|p1a: Meganium|Meganium, M|100/100|[from] U-turn
|move|p2a: Garganacl|Stealth Rock|p1a: Meganium
|-sidestart|p1: selesium|move: Stealth Rock
|
|-heal|p2a: Garganacl|78/100|[from] item: Leftovers
|upkeep
|turn|5
|
|t:|1776250645
|move|p1a: Meganium|Leech Seed|p2a: Garganacl
|-start|p2a: Garganacl|move: Leech Seed
|move|p2a: Garganacl|Salt Cure|p1a: Meganium
|-damage|p1a: Meganium|92/100
|-start|p1a: Meganium|Salt Cure
|
|-heal|p2a: Garganacl|85/100|[from] item: Leftovers
|-damage|p2a: Garganacl|72/100|[from] Leech Seed|[of] p1a: Meganium
|-heal|p1a: Meganium|100/100|[silent]
|-damage|p1a: Meganium|88/100|[from] Salt Cure
|upkeep
|turn|6
|
|t:|1776250665
|switch|p1a: Corviknight|Corviknight, M|100/100
|-damage|p1a: Corviknight|88/100|[from] Stealth Rock
|switch|p2a: Corviknight|Corviknight, M|100/100
|-damage|p2a: Corviknight|88/100|[from] Stealth Rock
|
|-heal|p1a: Corviknight|94/100|[from] item: Leftovers
|upkeep
|turn|7
|
|t:|1776250681
|move|p1a: Corviknight|U-turn|p2a: Corviknight
|-resisted|p2a: Corviknight
|-damage|p2a: Corviknight|86/100
|-damage|p1a: Corviknight|78/100|[from] item: Rocky Helmet|[of] p2a: Corviknight
|
|t:|1776250686
|switch|p1a: Dragapult|Dragapult, M|100/100|[from] U-turn
|-damage|p1a: Dragapult|88/100|[from] Stealth Rock
|move|p2a: Corviknight|Iron Defense|p2a: Corviknight
|-boost|p2a: Corviknight|def|2
|
|upkeep
|turn|8
|
|t:|1776250699
|move|p1a: Dragapult|Flamethrower|p2a: Corviknight
|-supereffective|p2a: Corviknight
|-damage|p2a: Corviknight|23/100
|-damage|p1a: Dragapult|78/100|[from] item: Life Orb
|move|p2a: Corviknight|Brave Bird|p1a: Dragapult
|-damage|p1a: Dragapult|27/100
|-damage|p2a: Corviknight|10/100|[from] Recoil
|
|upkeep
|turn|9
|
|t:|1776250720
|move|p1a: Dragapult|Flamethrower|p2a: Corviknight
|-supereffective|p2a: Corviknight
|-damage|p2a: Corviknight|0 fnt
|faint|p2a: Corviknight
|-damage|p1a: Dragapult|18/100|[from] item: Life Orb
|
|upkeep
|
|t:|1776250732
|switch|p2a: Goodra|Goodra-Hisui, M|100/100
|-damage|p2a: Goodra|94/100|[from] Stealth Rock
|turn|10
|
|t:|1776250740
|move|p1a: Dragapult|Draco Meteor|p2a: Goodra
|-damage|p2a: Goodra|65/100
|-unboost|p1a: Dragapult|spa|2
|-damage|p1a: Dragapult|8/100|[from] item: Life Orb
|move|p2a: Goodra|Dragon Breath|p1a: Dragapult
|-supereffective|p1a: Dragapult
|-damage|p1a: Dragapult|0 fnt
|faint|p1a: Dragapult
|
|upkeep
|
|t:|1776250752
|switch|p1a: Meganium|Meganium, M|88/100
|-damage|p1a: Meganium|76/100|[from] Stealth Rock
|turn|11
|
|t:|1776250757
|move|p1a: Meganium|Leech Seed|p2a: Goodra
|-start|p2a: Goodra|move: Leech Seed
|move|p2a: Goodra|Sludge Bomb|p1a: Meganium
|-supereffective|p1a: Meganium
|-damage|p1a: Meganium|28/100
|
|-damage|p2a: Goodra|52/100|[from] Leech Seed|[of] p1a: Meganium
|-heal|p1a: Meganium|45/100|[silent]
|upkeep
|turn|12
|
|t:|1776250766
|move|p1a: Meganium|Protect|p1a: Meganium
|-singleturn|p1a: Meganium|Protect
|move|p2a: Goodra|Sludge Bomb|p1a: Meganium
|-activate|p1a: Meganium|move: Protect
|
|-damage|p2a: Goodra|40/100|[from] Leech Seed|[of] p1a: Meganium
|-heal|p1a: Meganium|61/100|[silent]
|upkeep
|turn|13
|
|t:|1776250775
|move|p1a: Meganium|Substitute|p1a: Meganium
|-start|p1a: Meganium|Substitute
|-damage|p1a: Meganium|37/100
|move|p2a: Goodra|Sludge Bomb|p1a: Meganium
|-supereffective|p1a: Meganium
|-end|p1a: Meganium|Substitute
|
|-damage|p2a: Goodra|27/100|[from] Leech Seed|[of] p1a: Meganium
|-heal|p1a: Meganium|54/100|[silent]
|upkeep
|turn|14
|
|t:|1776250784
|move|p1a: Meganium|Protect|p1a: Meganium
|-singleturn|p1a: Meganium|Protect
|move|p2a: Goodra|Sludge Bomb|p1a: Meganium
|-activate|p1a: Meganium|move: Protect
|
|-damage|p2a: Goodra|15/100|[from] Leech Seed|[of] p1a: Meganium
|-heal|p1a: Meganium|70/100|[silent]
|upkeep
|turn|15
|
|t:|1776250793
|move|p1a: Meganium|Substitute|p1a: Meganium
|-start|p1a: Meganium|Substitute
|-damage|p1a: Meganium|46/100
|move|p2a: Goodra|Sludge Bomb|p1a: Meganium
|-supereffective|p1a: Meganium
|-end|p1a: Meganium|Substitute
|
|-damage|p2a: Goodra|3/100|[from] Leech Seed|[of] p1a: Meganium
|-heal|p1a: Meganium|63/100|[silent]
|upkeep
|turn|16
|
|t:|1776250803
|move|p1a: Meganium|Protect|p1a: Meganium
|-singleturn|p1a: Meganium|Protect
|move|p2a: Goodra|Sludge Bomb|p1a: Meganium
|-activate|p1a: Meganium|move: Protect
|
|-damage|p2a: Goodra|0 fnt|[from] Leech Seed|[of] p1a: Meganium
|-heal|p1a: Meganium|66/100|[silent]
|faint|p2a: Goodra
|upkeep
|
|t:|1776250830
|switch|p2a: Dragapult|Dragapult, M|100/100
|-damage|p2a: Dragapult|88/100|[from] Stealth Rock
|turn|17
|
|t:|1776250837
|move|p2a: Dragapult|Flamethrower|p1a: Meganium
|-supereffective|p1a: Meganium
|-damage|p1a: Meganium|10/100
|-status|p1a: Meganium|brn
|move|p1a: Meganium|Leech Seed|p2a: Dragapult
|-start|p2a: Dragapult|move: Leech Seed
|
|-damage|p2a: Dragapult|76/100|[from] Leech Seed|[of] p1a: Meganium
|-heal|p1a: Meganium|24/100 brn|[silent]
|-damage|p1a: Meganium|18/100 brn|[from] brn
|upkeep
|turn|18
|
|t:|1776250848
|move|p1a: Meganium|Protect|p1a: Meganium
|-singleturn|p1a: Meganium|Protect
|move|p2a: Dragapult|Flamethrower|p1a: Meganium
|-activate|p1a: Meganium|move: Protect
|
|-damage|p2a: Dragapult|64/100|[from] Leech Seed|[of] p1a: Meganium
|-heal|p1a: Meganium|33/100 brn|[silent]
|-damage|p1a: Meganium|27/100 brn|[from] brn
|upkeep
|turn|19
|
|t:|1776250862
|switch|p1a: Heatran|Heatran, M|100/100
|-damage|p1a: Heatran|88/100|[from] Stealth Rock
|move|p2a: Dragapult|Flamethrower|p1a: Heatran
|-start|p1a: Heatran|ability: Flash Fire
|
|-heal|p1a: Heatran|94/100|[from] item: Leftovers
|-damage|p2a: Dragapult|51/100|[from] Leech Seed|[of] p1a: Heatran
|-heal|p1a: Heatran|100/100|[silent]
|upkeep
|turn|20
|
|t:|1776250876
|switch|p2a: Great Tusk|Great Tusk|100/100
|-damage|p2a: Great Tusk|98/100|[from] Stealth Rock
|-enditem|p2a: Great Tusk|Booster Energy
|-activate|p2a: Great Tusk|ability: Protosynthesis|[fromitem]
|-start|p2a: Great Tusk|protosynthesisatk
|move|p1a: Heatran|Earth Power|p2a: Great Tusk
|-damage|p2a: Great Tusk|63/100
|
|upkeep
|turn|21
|
|t:|1776250889
|-terastallize|p1a: Heatran|Water
|move|p2a: Great Tusk|Earthquake|p1a: Heatran
|-damage|p1a: Heatran|44/100
|move|p1a: Heatran|Magma Storm|p2a: Great Tusk
|-damage|p2a: Great Tusk|0 fnt
|faint|p2a: Great Tusk
|-end|p2a: Great Tusk|Protosynthesis|[silent]
|
|-heal|p1a: Heatran|50/100|[from] item: Leftovers
|upkeep
|
|t:|1776250904
|switch|p2a: Iron Valiant|Iron Valiant|100/100
|-damage|p2a: Iron Valiant|94/100|[from] Stealth Rock
|-enditem|p2a: Iron Valiant|Booster Energy
|-activate|p2a: Iron Valiant|ability: Quark Drive|[fromitem]
|-start|p2a: Iron Valiant|quarkdrivespe
|turn|22
|inactive|Battle timer is ON: inactive players will automatically lose when time's up. (requested by selesium)
|
|t:|1776250915
|move|p2a: Iron Valiant|Thunderbolt|p1a: Heatran
|-supereffective|p1a: Heatran
|-damage|p1a: Heatran|17/100
|move|p1a: Heatran|Magma Storm|p2a: Iron Valiant
|-damage|p2a: Iron Valiant|0 fnt
|faint|p2a: Iron Valiant
|-end|p2a: Iron Valiant|Quark Drive|[silent]
|
|-heal|p1a: Heatran|24/100|[from] item: Leftovers
|upkeep
|
|t:|1776250927
|switch|p2a: Dragapult|Dragapult, M|51/100
|-damage|p2a: Dragapult|39/100|[from] Stealth Rock
|turn|23
|
|t:|1776250936
|-end|p1a: Heatran|ability: Flash Fire|[silent]
|switch|p1a: Corviknight|Corviknight, M|78/100
|-damage|p1a: Corviknight|65/100|[from] Stealth Rock
|move|p2a: Dragapult|Shadow Ball|p1a: Corviknight
|-damage|p1a: Corviknight|16/100
|
|-heal|p1a: Corviknight|23/100|[from] item: Leftovers
|upkeep
|turn|24
|
|t:|1776250946
|move|p2a: Dragapult|Shadow Ball|p1a: Corviknight
|-damage|p1a: Corviknight|0 fnt
|faint|p1a: Corviknight
|
|upkeep
|
|t:|1776250959
|switch|p1a: Dragonite|Dragonite, F|100/100
|-damage|p1a: Dragonite|75/100|[from] Stealth Rock
|turn|25
|
|t:|1776250971
|switch|p2a: Garganacl|Garganacl, F, tera:Flying|72/100
|-damage|p2a: Garganacl|47/100|[from] Stealth Rock
|switch|p1a: Landorus|Landorus-Therian, M|53/100
|-ability|p1a: Landorus|Intimidate|boost
|-unboost|p2a: Garganacl|atk|1
|
|-heal|p2a: Garganacl|53/100|[from] item: Leftovers
|upkeep
|turn|26
|
|t:|1776250983
|move|p2a: Garganacl|Protect|p2a: Garganacl
|-singleturn|p2a: Garganacl|Protect
|move|p1a: Landorus|Rock Slide|p2a: Garganacl
|-activate|p2a: Garganacl|move: Protect
|
|-heal|p2a: Garganacl|60/100|[from] item: Leftovers
|upkeep
|turn|27
|
|t:|1776250994
|move|p1a: Landorus|Rock Slide|p2a: Garganacl
|-supereffective|p2a: Garganacl
|-damage|p2a: Garganacl|26/100
|cant|p2a: Garganacl|flinch
|
|-heal|p2a: Garganacl|32/100|[from] item: Leftovers
|upkeep
|turn|28
|
|t:|1776251003
|move|p2a: Garganacl|Protect|p2a: Garganacl
|-singleturn|p2a: Garganacl|Protect
|move|p1a: Landorus|Rock Slide|p2a: Garganacl
|-activate|p2a: Garganacl|move: Protect
|
|-heal|p2a: Garganacl|38/100|[from] item: Leftovers
|upkeep
|turn|29
|
|t:|1776251013
|move|p1a: Landorus|Rock Slide|p2a: Garganacl
|-supereffective|p2a: Garganacl
|-damage|p2a: Garganacl|9/100
|move|p2a: Garganacl|Salt Cure|p1a: Landorus
|-damage|p1a: Landorus|42/100
|-start|p1a: Landorus|Salt Cure
|
|-heal|p2a: Garganacl|15/100|[from] item: Leftovers
|-damage|p1a: Landorus|30/100|[from] Salt Cure
|upkeep
|turn|30
|
|t:|1776251025
|move|p2a: Garganacl|Protect|p2a: Garganacl
|-singleturn|p2a: Garganacl|Protect
|move|p1a: Landorus|Rock Slide|p2a: Garganacl
|-activate|p2a: Garganacl|move: Protect
|
|-heal|p2a: Garganacl|21/100|[from] item: Leftovers
|-damage|p1a: Landorus|17/100|[from] Salt Cure
|upkeep
|turn|31
|
|t:|1776251035
|move|p2a: Garganacl|Protect||[still]
|-fail|p2a: Garganacl
|move|p1a: Landorus|Rock Slide|p2a: Garganacl
|-supereffective|p2a: Garganacl
|-damage|p2a: Garganacl|0 fnt
|faint|p2a: Garganacl
|
|-damage|p1a: Landorus|5/100|[from] Salt Cure
|upkeep
|
|t:|1776251045
|switch|p2a: Dragapult|Dragapult, M|39/100
|-damage|p2a: Dragapult|27/100|[from] Stealth Rock
|turn|32
|
|t:|1776251052
|move|p2a: Dragapult|Shadow Ball|p1a: Landorus
|-damage|p1a: Landorus|0 fnt
|faint|p1a: Landorus
|
|upkeep
|
|t:|1776251063
|switch|p1a: Heatran|Heatran, M, tera:Water|24/100
|-damage|p1a: Heatran|11/100|[from] Stealth Rock
|turn|33
|
|t:|1776251068
|move|p2a: Dragapult|Shadow Ball|p1a: Heatran
|-damage|p1a: Heatran|0 fnt
|faint|p1a: Heatran
|
|upkeep
|
|t:|1776251073
|switch|p1a: Dragonite|Dragonite, F|75/100
|-damage|p1a: Dragonite|50/100|[from] Stealth Rock
|turn|34
|
|t:|1776251078
|move|p2a: Dragapult|Shadow Ball|p1a: Dragonite
|-damage|p1a: Dragonite|0 fnt
|faint|p1a: Dragonite
|
|upkeep
|
|t:|1776251082
|switch|p1a: Meganium|Meganium, M|27/100 brn
|-damage|p1a: Meganium|15/100 brn|[from] Stealth Rock
|turn|35
|
|t:|1776251087
|move|p2a: Dragapult|Shadow Ball|p1a: Meganium
|-damage|p1a: Meganium|0 fnt
|faint|p1a: Meganium
|
|win|Luka_the
|raw|selesium's rating: 1083 &rarr; <strong>1067</strong><br />(-16 for losing)
|raw|Luka_the's rating: 1181 &rarr; <strong>1199</strong><br />(+18 for winning)
