|html|<div class="broadcast-blue"><strong>[Gen 9] OU is currently suspecting Volcarona! For information on how to participate check out the <a href="https://www.smogon.com/tools/suspects/view/208">suspect thread</a>.</strong></div>
|j|☆Ilovemattshaf48
|j|☆etherealpoks
|t:|1778511038
|gametype|singles
|player|p1|Ilovemattshaf48|rosa|1087
|player|p2|etherealpoks|aromalady|1050
|gen|9
|tier|[Gen 9] OU
|rated|
|rule|HP Percentage Mod: HP is shown in percentages
|rule|Endless Battle Clause: Forcing endless battles is banned
|rule|Species Clause: Limit one of each Pokémon
|rule|OHKO Clause: OHKO moves are banned
|rule|Evasion Items Clause: Evasion items are banned
|rule|Evasion Moves Clause: Evasion moves are banned
|rule|Evasion Abilities Clause: Evasion abilities are banned
|rule|Sleep Moves Clause: Sleep-inducing moves are banned
|clearpoke
|poke|p1|Talonflame, M|
|poke|p1|Breloom, M|
|poke|p1|Vaporeon, F|
|poke|p1|Mimikyu, M|
|poke|p1|Garchomp, F|
|poke|p1|Porygon2|
|poke|p2|Lilligant-Hisui, F|
|poke|p2|Avalugg-Hisui, M|
|poke|p2|Umbreon, F|
|poke|p2|Ribombee, F|
|poke|p2|Keldeo-Resolute|
|poke|p2|Tauros-Paldea-Blaze, M|
|teampreview
|inactive|Battle timer is ON: inactive players will automatically lose when time's up. (requested by etherealpoks)
|
|t:|1778511044
|teamsize|p1|6
|teamsize|p2|6
|start
|switch|p1a: Breloom|Breloom, M|100/100
|switch|p2a: Slayombee|Ribombee, F, shiny|100/100
|turn|1
|
|t:|1778511052
|move|p2a: Slayombee|Sticky Web|p1a: Breloom
|-sidestart|p1: Ilovemattshaf48|move: Sticky Web
|move|p1a: Breloom|Swords Dance|p1a: Breloom
|-boost|p1a: Breloom|atk|2
|
|upkeep
|turn|2
|
|t:|1778511057
|move|p2a: Slayombee|Moonblast|p1a: Breloom
|-supereffective|p1a: Breloom
|-damage|p1a: Breloom|0 fnt
|faint|p1a: Breloom
|
|upkeep
|
|t:|1778511062
|switch|p1a: Talonflame|Talonflame, M|100/100
|turn|3
|
|t:|1778511068
|move|p1a: Talonflame|Acrobatics|p2a: Slayombee
|-supereffective|p2a: Slayombee
|-crit|p2a: Slayombee
|-enditem|p2a: Slayombee|Focus Sash
|-damage|p2a: Slayombee|1/100
|move|p2a: Slayombee|Moonblast|p1a: Talonflame
|-resisted|p1a: Talonflame
|-damage|p1a: Talonflame|69/100
|
|upkeep
|turn|4
|
|t:|1778511077
|switch|p2a: Red Judas|Tauros-Paldea-Blaze, M, shiny|100/100
|move|p1a: Talonflame|Acrobatics|p2a: Red Judas
|-supereffective|p2a: Red Judas
|-damage|p2a: Red Judas|7/100
|-enditem|p2a: Red Judas|Liechi Berry|[eat]
|-boost|p2a: Red Judas|atk|1|[from] item: Liechi Berry
|
|upkeep
|turn|5
|
|t:|1778511084
|move|p1a: Talonflame|Acrobatics|p2a: Red Judas
|-supereffective|p2a: Red Judas
|-damage|p2a: Red Judas|0 fnt
|faint|p2a: Red Judas
|
|upkeep
|
|t:|1778511087
|switch|p2a: Whisper zZ|Keldeo-Resolute|100/100
|turn|6
|
|t:|1778511091
|move|p1a: Talonflame|Acrobatics|p2a: Whisper zZ
|-supereffective|p2a: Whisper zZ
|-damage|p2a: Whisper zZ|11/100
|move|p2a: Whisper zZ|Surf|p1a: Talonflame
|-supereffective|p1a: Talonflame
|-damage|p1a: Talonflame|0 fnt
|faint|p1a: Talonflame
|
|upkeep
|
|t:|1778511098
|switch|p1a: Garchomp|Garchomp, F|100/100
|-activate|p1a: Garchomp|move: Sticky Web
|-unboost|p1a: Garchomp|spe|1
|turn|7
|
|t:|1778511103
|switch|p2a: XxTourniquet|Lilligant-Hisui, F, shiny|100/100
|move|p1a: Garchomp|Dragon Claw|p2a: XxTourniquet
|-damage|p2a: XxTourniquet|39/100
|
|upkeep
|turn|8
|
|t:|1778511110
|move|p2a: XxTourniquet|Triple Axel|p1a: Garchomp
|-supereffective|p1a: Garchomp
|-damage|p1a: Garchomp|61/100
|-damage|p2a: XxTourniquet|26/100|[from] ability: Rough Skin|[of] p1a: Garchomp
|-damage|p2a: XxTourniquet|10/100|[from] item: Rocky Helmet|[of] p1a: Garchomp
|-supereffective|p1a: Garchomp
|-damage|p1a: Garchomp|0 fnt
|-damage|p2a: XxTourniquet|0 fnt|[from] ability: Rough Skin|[of] p1a: Garchomp
|faint|p1a: Garchomp
|faint|p2a: XxTourniquet
|-hitcount|p1: Garchomp|2
|
|upkeep
|c|☆etherealpoks|??
|c|☆etherealpoks|it does that much
|inactive|etherealpoks has 120 seconds left.
|
|t:|1778511142
|switch|p2a: Umbreon|Umbreon, F|100/100
|switch|p1a: Porygon2|Porygon2|100/100
|-activate|p1a: Porygon2|move: Sticky Web
|-unboost|p1a: Porygon2|spe|1
|turn|9
|
|t:|1778511153
|-terastallize|p1a: Porygon2|Electric
|move|p2a: Umbreon|Toxic|p1a: Porygon2
|-status|p1a: Porygon2|tox
|move|p1a: Porygon2|Thunderbolt|p2a: Umbreon
|-damage|p2a: Umbreon|74/100
|
|-heal|p2a: Umbreon|80/100|[from] item: Leftovers
|-damage|p1a: Porygon2|94/100 tox|[from] psn
|upkeep
|turn|10
|
|t:|1778511161
|move|p2a: Umbreon|Wish|p2a: Umbreon
|move|p1a: Porygon2|Thunderbolt|p2a: Umbreon
|-damage|p2a: Umbreon|55/100
|
|-heal|p2a: Umbreon|61/100|[from] item: Leftovers
|-damage|p1a: Porygon2|82/100 tox|[from] psn
|upkeep
|turn|11
|
|t:|1778511168
|move|p2a: Umbreon|Foul Play|p1a: Porygon2
|-damage|p1a: Porygon2|71/100 tox
|move|p1a: Porygon2|Thunderbolt|p2a: Umbreon
|-damage|p2a: Umbreon|39/100
|
|-heal|p2a: Umbreon|89/100|[from] move: Wish|[wisher] Umbreon
|-heal|p2a: Umbreon|95/100|[from] item: Leftovers
|-damage|p1a: Porygon2|53/100 tox|[from] psn
|upkeep
|turn|12
|
|t:|1778511178
|move|p2a: Umbreon|Wish|p2a: Umbreon
|move|p1a: Porygon2|Thunderbolt|p2a: Umbreon
|-damage|p2a: Umbreon|69/100
|
|-heal|p2a: Umbreon|75/100|[from] item: Leftovers
|-damage|p1a: Porygon2|29/100 tox|[from] psn
|upkeep
|turn|13
|
|t:|1778511184
|move|p2a: Umbreon|Foul Play|p1a: Porygon2
|-damage|p1a: Porygon2|16/100 tox
|move|p1a: Porygon2|Thunderbolt|p2a: Umbreon
|-damage|p2a: Umbreon|50/100
|
|-heal|p2a: Umbreon|99/100|[from] move: Wish|[wisher] Umbreon
|-heal|p2a: Umbreon|100/100|[from] item: Leftovers
|-damage|p1a: Porygon2|0 fnt|[from] psn
|faint|p1a: Porygon2
|upkeep
|
|t:|1778511195
|switch|p1a: Vaporeon|Vaporeon, F|100/100
|-activate|p1a: Vaporeon|move: Sticky Web
|-unboost|p1a: Vaporeon|spe|1
|turn|14
|
|t:|1778511213
|move|p2a: Umbreon|Toxic|p1a: Vaporeon
|-status|p1a: Vaporeon|tox
|move|p1a: Vaporeon|Calm Mind|p1a: Vaporeon
|-boost|p1a: Vaporeon|spa|1
|-boost|p1a: Vaporeon|spd|1
|
|-damage|p1a: Vaporeon|94/100 tox|[from] psn
|upkeep
|turn|15
|
|t:|1778511221
|move|p2a: Umbreon|Wish|p2a: Umbreon
|move|p1a: Vaporeon|Hydro Pump|p2a: Umbreon|[miss]
|-miss|p1a: Vaporeon|p2a: Umbreon
|
|-heal|p1a: Vaporeon|100/100 tox|[from] item: Leftovers
|-damage|p1a: Vaporeon|88/100 tox|[from] psn
|upkeep
|turn|16
|
|t:|1778511228
|move|p2a: Umbreon|Foul Play|p1a: Vaporeon
|-damage|p1a: Vaporeon|68/100 tox
|move|p1a: Vaporeon|Calm Mind|p1a: Vaporeon
|-boost|p1a: Vaporeon|spa|1
|-boost|p1a: Vaporeon|spd|1
|
|-heal|p1a: Vaporeon|74/100 tox|[from] item: Leftovers
|-damage|p1a: Vaporeon|56/100 tox|[from] psn
|upkeep
|turn|17
|
|t:|1778511235
|move|p2a: Umbreon|Wish|p2a: Umbreon
|move|p1a: Vaporeon|Acid Armor|p1a: Vaporeon
|-boost|p1a: Vaporeon|def|2
|
|-heal|p1a: Vaporeon|62/100 tox|[from] item: Leftovers
|-damage|p1a: Vaporeon|37/100 tox|[from] psn
|upkeep
|turn|18
|
|t:|1778511242
|move|p2a: Umbreon|Foul Play|p1a: Vaporeon
|-damage|p1a: Vaporeon|27/100 tox
|move|p1a: Vaporeon|Hydro Pump|p2a: Umbreon|[miss]
|-miss|p1a: Vaporeon|p2a: Umbreon
|
|-heal|p1a: Vaporeon|33/100 tox|[from] item: Leftovers
|-damage|p1a: Vaporeon|3/100 tox|[from] psn
|upkeep
|turn|19
|c|☆etherealpoks|??
|
|t:|1778511249
|move|p2a: Umbreon|Protect|p2a: Umbreon
|-singleturn|p2a: Umbreon|Protect
|move|p1a: Vaporeon|Hydro Pump|p2a: Umbreon
|-activate|p2a: Umbreon|move: Protect
|
|-heal|p1a: Vaporeon|9/100 tox|[from] item: Leftovers
|-damage|p1a: Vaporeon|0 fnt|[from] psn
|faint|p1a: Vaporeon
|upkeep
|
|t:|1778511258
|switch|p1a: Mimikyu|Mimikyu, M, shiny|100/100
|-activate|p1a: Mimikyu|move: Sticky Web
|-unboost|p1a: Mimikyu|spe|1
|turn|20
|
|t:|1778511266
|move|p1a: Mimikyu|Swords Dance|p1a: Mimikyu
|-boost|p1a: Mimikyu|atk|2
|move|p2a: Umbreon|Foul Play|p1a: Mimikyu
|-activate|p1a: Mimikyu|ability: Disguise
|-damage|p1a: Mimikyu|100/100
|-damage|p2a: Umbreon|84/100|[from] item: Rocky Helmet|[of] p1a: Mimikyu
|detailschange|p1a: Mimikyu|Mimikyu-Busted, M, shiny
|-damage|p1a: Mimikyu|88/100|[from] pokemon: Mimikyu-Busted
|
|-heal|p2a: Umbreon|90/100|[from] item: Leftovers
|upkeep
|turn|21
|
|t:|1778511277
|-terastallize|p2a: Umbreon|Water
|move|p1a: Mimikyu|Play Rough|p2a: Umbreon
|-damage|p2a: Umbreon|27/100
|move|p2a: Umbreon|Foul Play|p1a: Mimikyu
|-damage|p1a: Mimikyu|0 fnt
|-damage|p2a: Umbreon|10/100|[from] item: Rocky Helmet|[of] p1a: Mimikyu
|faint|p1a: Mimikyu
|
|win|etherealpoks
|raw|Ilovemattshaf48's rating: 1087 &rarr; <strong>1062</strong><br />(-25 for losing)
|raw|etherealpoks's rating: 1050 &rarr; <strong>1086</strong><br />(+36 for winning)
|l|☆etherealpoks
|player|p2|
|l|☆Ilovemattshaf48
|player|p1|
