|html|<div class="broadcast-blue"><strong>[Gen 9] OU is currently suspecting Tera Blast! For information on how to participate check out the <a href="https://www.smogon.com/tools/suspects/view/200">suspect thread</a>.</strong></div>
|j|☆Ak444me
|j|☆Malexrocks
|t:|1776079317
|gametype|singles
|player|p1|Ak444me|bellelba|1186
|player|p2|Malexrocks|1|1275
|gen|9
|tier|[Gen 9] OU
|rated|
|rule|HP Percentage Mod: HP is shown in percentages
|rule|Endless Battle Clause: Forcing endless battles is banned
|rule|Species Clause: Limit one of each Pokémon
|rule|OHKO Clause: OHKO moves are banned
|rule|Evasion Items Clause: Evasion items are banned
|rule|Evasion Moves Clause: Evasion moves are banned
|rule|Evasion Abilities Clause: Evasion abilities are banned
|rule|Sleep Moves Clause: Sleep-inducing moves are banned
|clearpoke
|poke|p1|Pelipper, M|
|poke|p1|Basculegion, M|
|poke|p1|Sneasel-Hisui, M|
|poke|p1|Iron Treads|
|poke|p1|Barraskewda, M|
|poke|p1|Kilowattrel, F|
|poke|p2|Raging Bolt|
|poke|p2|Rillaboom, M|
|poke|p2|Hawlucha, M|
|poke|p2|Primarina, M|
|poke|p2|Great Tusk|
|poke|p2|Heatran, F|
|teampreview
|inactive|Battle timer is ON: inactive players will automatically lose when time's up. (requested by Ak444me)
|l|☆Malexrocks
|inactive|Malexrocks disconnected and has a minute to reconnect!
|player|p2|
|j|☆Malexrocks
|inactive|Malexrocks reconnected and has 140 seconds left.
|player|p2|Malexrocks|1|
|
|t:|1776079338
|teamsize|p1|6
|teamsize|p2|6
|start
|switch|p1a: Pelipper|Pelipper, M|100/100
|switch|p2a: Raging Bolt|Raging Bolt|100/100
|-weather|RainDance|[from] ability: Drizzle|[of] p1a: Pelipper
|turn|1
|
|t:|1776079343
|switch|p1a: Kilowattrel|Kilowattrel, F|100/100
|move|p2a: Raging Bolt|Draco Meteor|p1a: Kilowattrel
|-damage|p1a: Kilowattrel|0 fnt
|-unboost|p2a: Raging Bolt|spa|2
|faint|p1a: Kilowattrel
|-damage|p2a: Raging Bolt|91/100|[from] item: Life Orb
|
|-weather|RainDance|[upkeep]
|upkeep
|
|t:|1776079355
|switch|p1a: Sneasel|Sneasel-Hisui, M|100/100
|turn|2
|
|t:|1776079358
|move|p1a: Sneasel|Swords Dance|p1a: Sneasel
|-boost|p1a: Sneasel|atk|2
|move|p2a: Raging Bolt|Volt Switch|p1a: Sneasel
|-damage|p1a: Sneasel|69/100
|-damage|p2a: Raging Bolt|81/100|[from] item: Life Orb
|
|t:|1776079368
|-end|p2a: Raging Bolt|Protosynthesis|[silent]
|switch|p2a: Great Tusk|Great Tusk|100/100|[from] Volt Switch
|-enditem|p2a: Great Tusk|Booster Energy
|-activate|p2a: Great Tusk|ability: Protosynthesis|[fromitem]
|-start|p2a: Great Tusk|protosynthesisspe
|
|-weather|RainDance|[upkeep]
|upkeep
|turn|3
|
|t:|1776079373
|move|p2a: Great Tusk|Headlong Rush|p1a: Sneasel
|-supereffective|p1a: Sneasel
|-damage|p1a: Sneasel|0 fnt
|-unboost|p2a: Great Tusk|def|1
|-unboost|p2a: Great Tusk|spd|1
|faint|p1a: Sneasel
|
|-weather|RainDance|[upkeep]
|upkeep
|
|t:|1776079386
|switch|p1a: Basculegion|Basculegion, M|100/100
|turn|4
|
|t:|1776079393
|-end|p2a: Great Tusk|Protosynthesis|[silent]
|switch|p2a: Raging Bolt|Raging Bolt|81/100
|move|p1a: Basculegion|Flip Turn|p2a: Raging Bolt
|-resisted|p2a: Raging Bolt
|-damage|p2a: Raging Bolt|54/100
|-damage|p1a: Basculegion|91/100|[from] item: Life Orb
|
|t:|1776079399
|switch|p1a: Iron Treads|Iron Treads|100/100|[from] Flip Turn
|
|-weather|RainDance|[upkeep]
|upkeep
|turn|5
|
|t:|1776079403
|-end|p2a: Raging Bolt|Protosynthesis|[silent]
|switch|p2a: Rillaboom|Rillaboom, M|100/100
|-fieldstart|move: Grassy Terrain|[from] ability: Grassy Surge|[of] p2a: Rillaboom
|move|p1a: Iron Treads|Stealth Rock|p2a: Rillaboom
|-sidestart|p2: Malexrocks|move: Stealth Rock
|
|-weather|RainDance|[upkeep]
|upkeep
|turn|6
|
|t:|1776079410
|move|p1a: Iron Treads|Volt Switch|p2a: Rillaboom
|-resisted|p2a: Rillaboom
|-damage|p2a: Rillaboom|94/100
|
|t:|1776079418
|-end|p1a: Iron Treads|Quark Drive|[silent]
|switch|p1a: Pelipper|Pelipper, M|100/100|[from] Volt Switch
|move|p2a: Rillaboom|U-turn|p1a: Pelipper
|-resisted|p1a: Pelipper
|-damage|p1a: Pelipper|91/100
|
|t:|1776079430
|switch|p2a: Raging Bolt|Raging Bolt|54/100|[from] U-turn
|-damage|p2a: Raging Bolt|41/100|[from] Stealth Rock
|
|-weather|RainDance|[upkeep]
|-heal|p2a: Raging Bolt|48/100|[from] Grassy Terrain
|upkeep
|turn|7
|
|t:|1776079437
|-terastallize|p1a: Pelipper|Steel
|move|p2a: Raging Bolt|Draco Meteor|p1a: Pelipper|[miss]
|-miss|p2a: Raging Bolt|p1a: Pelipper
|move|p1a: Pelipper|Tailwind|p1a: Pelipper
|-sidestart|p1: Ak444me|move: Tailwind
|
|-weather|RainDance|[upkeep]
|-heal|p1a: Pelipper|97/100|[from] Grassy Terrain
|-heal|p2a: Raging Bolt|54/100|[from] Grassy Terrain
|upkeep
|turn|8
|
|t:|1776079449
|move|p1a: Pelipper|U-turn|p2a: Raging Bolt
|-damage|p2a: Raging Bolt|46/100
|
|t:|1776079452
|switch|p1a: Iron Treads|Iron Treads|100/100|[from] U-turn
|move|p2a: Raging Bolt|Volt Switch|p1a: Iron Treads
|-immune|p1a: Iron Treads
|
|-weather|none
|-heal|p2a: Raging Bolt|52/100|[from] Grassy Terrain
|upkeep
|turn|9
|
|t:|1776079459
|-end|p1a: Iron Treads|Quark Drive|[silent]
|switch|p1a: Pelipper|Pelipper, M, tera:Steel|97/100
|-weather|RainDance|[from] ability: Drizzle|[of] p1a: Pelipper
|-end|p2a: Raging Bolt|Protosynthesis|[silent]
|switch|p2a: Primarina|Primarina, M|100/100
|-damage|p2a: Primarina|88/100|[from] Stealth Rock
|-enditem|p2a: Primarina|Grassy Seed
|-boost|p2a: Primarina|def|1|[from] item: Grassy Seed
|
|-weather|RainDance|[upkeep]
|-heal|p1a: Pelipper|100/100|[from] Grassy Terrain
|-heal|p2a: Primarina|94/100|[from] Grassy Terrain
|upkeep
|turn|10
|
|t:|1776079463
|move|p1a: Pelipper|Hurricane|p2a: Primarina
|-damage|p2a: Primarina|62/100
|-start|p2a: Primarina|confusion
|-activate|p2a: Primarina|confusion
|-damage|p2a: Primarina|58/100|[from] confusion
|
|-weather|RainDance|[upkeep]
|-heal|p2a: Primarina|64/100|[from] Grassy Terrain
|-sideend|p1: Ak444me|move: Tailwind
|upkeep
|turn|11
|
|t:|1776079468
|-end|p2a: Primarina|confusion
|move|p2a: Primarina|Substitute|p2a: Primarina
|-start|p2a: Primarina|Substitute
|-damage|p2a: Primarina|39/100
|move|p1a: Pelipper|Tailwind|p1a: Pelipper
|-sidestart|p1: Ak444me|move: Tailwind
|
|-weather|RainDance|[upkeep]
|-heal|p2a: Primarina|45/100|[from] Grassy Terrain
|upkeep
|turn|12
|
|t:|1776079472
|move|p1a: Pelipper|Hurricane|p2a: Primarina
|-end|p2a: Primarina|Substitute
|move|p2a: Primarina|Surf|p1a: Pelipper
|-damage|p1a: Pelipper|0 fnt
|faint|p1a: Pelipper
|
|-weather|RainDance|[upkeep]
|-heal|p2a: Primarina|51/100|[from] Grassy Terrain
|-fieldend|move: Grassy Terrain
|upkeep
|
|t:|1776079482
|switch|p1a: Basculegion|Basculegion, M|91/100
|turn|13
|
|t:|1776079492
|switch|p2a: Great Tusk|Great Tusk|100/100
|-damage|p2a: Great Tusk|98/100|[from] Stealth Rock
|move|p1a: Basculegion|Psychic Fangs|p2a: Great Tusk
|-supereffective|p2a: Great Tusk
|-damage|p2a: Great Tusk|56/100
|-damage|p1a: Basculegion|81/100|[from] item: Life Orb
|
|-weather|RainDance|[upkeep]
|upkeep
|turn|14
|
|t:|1776079500
|move|p1a: Basculegion|Liquidation|p2a: Great Tusk
|-supereffective|p2a: Great Tusk
|-damage|p2a: Great Tusk|0 fnt
|faint|p2a: Great Tusk
|-end|p2a: Great Tusk|Protosynthesis|[silent]
|-damage|p1a: Basculegion|71/100|[from] item: Life Orb
|
|-weather|RainDance|[upkeep]
|-sideend|p1: Ak444me|move: Tailwind
|upkeep
|
|t:|1776079505
|switch|p2a: Rillaboom|Rillaboom, M|94/100
|-damage|p2a: Rillaboom|82/100|[from] Stealth Rock
|-fieldstart|move: Grassy Terrain|[from] ability: Grassy Surge|[of] p2a: Rillaboom
|turn|15
|
|t:|1776079507
|move|p2a: Rillaboom|Grassy Glide|p1a: Basculegion
|-supereffective|p1a: Basculegion
|-damage|p1a: Basculegion|0 fnt
|faint|p1a: Basculegion
|
|-weather|RainDance|[upkeep]
|-heal|p2a: Rillaboom|88/100|[from] Grassy Terrain
|upkeep
|
|t:|1776079511
|switch|p1a: Iron Treads|Iron Treads|100/100
|turn|16
|
|t:|1776079515
|move|p1a: Iron Treads|Knock Off|p2a: Rillaboom
|-damage|p2a: Rillaboom|66/100
|-enditem|p2a: Rillaboom|Terrain Extender|[from] move: Knock Off|[of] p1a: Iron Treads
|move|p2a: Rillaboom|U-turn|p1a: Iron Treads
|-resisted|p1a: Iron Treads
|-damage|p1a: Iron Treads|91/100
|
|t:|1776079521
|switch|p2a: Hawlucha|Hawlucha, M|100/100|[from] U-turn
|-damage|p2a: Hawlucha|88/100|[from] Stealth Rock
|-enditem|p2a: Hawlucha|Grassy Seed
|-boost|p2a: Hawlucha|def|1|[from] item: Grassy Seed
|
|-weather|none
|-heal|p1a: Iron Treads|97/100|[from] Grassy Terrain
|upkeep
|turn|17
|
|t:|1776079523
|move|p2a: Hawlucha|Close Combat|p1a: Iron Treads
|-supereffective|p1a: Iron Treads
|-damage|p1a: Iron Treads|22/100
|-unboost|p2a: Hawlucha|def|1
|-unboost|p2a: Hawlucha|spd|1
|move|p1a: Iron Treads|Knock Off|p2a: Hawlucha
|-resisted|p2a: Hawlucha
|-damage|p2a: Hawlucha|78/100
|
|-heal|p1a: Iron Treads|28/100|[from] Grassy Terrain
|upkeep
|turn|18
|
|t:|1776079528
|move|p2a: Hawlucha|Close Combat|p1a: Iron Treads
|-supereffective|p1a: Iron Treads
|-damage|p1a: Iron Treads|0 fnt
|-unboost|p2a: Hawlucha|def|1
|-unboost|p2a: Hawlucha|spd|1
|faint|p1a: Iron Treads
|-end|p1a: Iron Treads|Quark Drive|[silent]
|
|upkeep
|
|t:|1776079529
|switch|p1a: Barraskewda|Barraskewda, M, shiny|100/100
|turn|19
|
|t:|1776079534
|move|p2a: Hawlucha|Close Combat|p1a: Barraskewda
|-damage|p1a: Barraskewda|0 fnt
|-unboost|p2a: Hawlucha|def|1
|-unboost|p2a: Hawlucha|spd|1
|faint|p1a: Barraskewda
|
|win|Malexrocks
|raw|Ak444me's rating: 1186 &rarr; <strong>1167</strong><br />(-19 for losing)
|raw|Malexrocks's rating: 1275 &rarr; <strong>1294</strong><br />(+19 for winning)
|l|☆Ak444me
|player|p1|
|l|☆Malexrocks
|player|p2|
