|html|<div class="broadcast-blue"><strong>[Gen 9] OU is currently suspecting Tera Blast! For information on how to participate check out the <a href="https://www.smogon.com/tools/suspects/view/200">suspect thread</a>.</strong></div>
|j|☆takeyouout
|j|☆mastersannin
|t:|1776091821
|gametype|singles
|player|p1|takeyouout|richboy|1685
|player|p2|mastersannin|101|1665
|gen|9
|tier|[Gen 9] OU
|rated|
|rule|HP Percentage Mod: HP is shown in percentages
|rule|Endless Battle Clause: Forcing endless battles is banned
|rule|Species Clause: Limit one of each Pokémon
|rule|OHKO Clause: OHKO moves are banned
|rule|Evasion Items Clause: Evasion items are banned
|rule|Evasion Moves Clause: Evasion moves are banned
|rule|Evasion Abilities Clause: Evasion abilities are banned
|rule|Sleep Moves Clause: Sleep-inducing moves are banned
|clearpoke
|poke|p1|Tyranitar, F|
|poke|p1|Alomomola, F|
|poke|p1|Primarina, F|
|poke|p1|Amoonguss, M|
|poke|p1|Hoopa-Unbound|
|poke|p1|Tornadus-Therian, M|
|poke|p2|Samurott-Hisui, M|
|poke|p2|Zapdos|
|poke|p2|Iron Treads|
|poke|p2|Ceruledge, M|
|poke|p2|Gholdengo|
|poke|p2|Kingambit, M|
|teampreview
|
|t:|1776091830
|teamsize|p1|6
|teamsize|p2|6
|start
|switch|p1a: Barnaby|Primarina, F|100/100
|switch|p2a: Samurott|Samurott-Hisui, M|100/100
|turn|1
|
|t:|1776091833
|-terastallize|p2a: Samurott|Poison
|move|p2a: Samurott|Ceaseless Edge|p1a: Barnaby
|-resisted|p1a: Barnaby
|-damage|p1a: Barnaby|73/100
|-sidestart|p1: takeyouout|Spikes
|move|p1a: Barnaby|Moonblast|p2a: Samurott
|-resisted|p2a: Samurott
|-damage|p2a: Samurott|74/100
|
|upkeep
|turn|2
|
|t:|1776091842
|switch|p1a: PinkCannon|Alomomola, F, shiny|100/100
|-damage|p1a: PinkCannon|88/100|[from] Spikes
|move|p2a: Samurott|Ceaseless Edge|p1a: PinkCannon
|-damage|p1a: PinkCannon|65/100
|-damage|p2a: Samurott|58/100|[from] item: Rocky Helmet|[of] p1a: PinkCannon
|-sidestart|p1: takeyouout|Spikes
|
|upkeep
|turn|3
|
|t:|1776091848
|move|p2a: Samurott|Knock Off|p1a: PinkCannon
|-damage|p1a: PinkCannon|42/100
|-damage|p2a: Samurott|41/100|[from] item: Rocky Helmet|[of] p1a: PinkCannon
|-enditem|p1a: PinkCannon|Rocky Helmet|[from] move: Knock Off|[of] p2a: Samurott
|move|p1a: PinkCannon|Flip Turn|p2a: Samurott
|-damage|p2a: Samurott|23/100
|
|t:|1776091872
|switch|p1a: 77|Tornadus-Therian, M|100/100|[from] Flip Turn
|
|upkeep
|turn|4
|
|t:|1776091881
|move|p2a: Samurott|Sucker Punch|p1a: 77
|-damage|p1a: 77|59/100
|move|p1a: 77|Bleakwind Storm|p2a: Samurott
|-damage|p2a: Samurott|0 fnt
|faint|p2a: Samurott
|-damage|p1a: 77|49/100|[from] item: Life Orb
|
|upkeep
|
|t:|1776091889
|switch|p2a: Zapdos|Zapdos|100/100
|turn|5
|
|t:|1776091900
|switch|p1a: Broomhilda|Tyranitar, F, shiny|100/100
|-weather|Sandstorm|[from] ability: Sand Stream|[of] p1a: Broomhilda
|move|p2a: Zapdos|Volt Switch|p1a: Broomhilda
|-damage|p1a: Broomhilda|89/100
|
|t:|1776091907
|switch|p2a: Iron Treads|Iron Treads|100/100|[from] Volt Switch
|
|-weather|Sandstorm|[upkeep]
|upkeep
|turn|6
|
|t:|1776091915
|move|p2a: Iron Treads|Knock Off|p1a: Broomhilda
|-resisted|p1a: Broomhilda
|-damage|p1a: Broomhilda|77/100
|-enditem|p1a: Broomhilda|Heavy-Duty Boots|[from] move: Knock Off|[of] p2a: Iron Treads
|move|p1a: Broomhilda|Knock Off|p2a: Iron Treads
|-damage|p2a: Iron Treads|59/100
|-enditem|p2a: Iron Treads|Leftovers|[from] move: Knock Off|[of] p1a: Broomhilda
|
|-weather|Sandstorm|[upkeep]
|upkeep
|turn|7
|
|t:|1776091925
|move|p2a: Iron Treads|Earthquake|p1a: Broomhilda
|-supereffective|p1a: Broomhilda
|-damage|p1a: Broomhilda|0 fnt
|faint|p1a: Broomhilda
|
|-weather|Sandstorm|[upkeep]
|upkeep
|
|t:|1776091929
|switch|p1a: 77|Tornadus-Therian, M|83/100
|turn|8
|
|t:|1776091933
|move|p1a: 77|Focus Blast|p2a: Iron Treads|[miss]
|-miss|p1a: 77|p2a: Iron Treads
|move|p2a: Iron Treads|Stealth Rock|p1a: 77
|-sidestart|p1: takeyouout|move: Stealth Rock
|
|-weather|Sandstorm|[upkeep]
|-damage|p1a: 77|77/100|[from] Sandstorm
|upkeep
|turn|9
|
|t:|1776091937
|-end|p2a: Iron Treads|Quark Drive|[silent]
|switch|p2a: Zapdos|Zapdos|100/100
|move|p1a: 77|Nasty Plot|p1a: 77
|-boost|p1a: 77|spa|2
|
|-weather|none
|upkeep
|turn|10
|
|t:|1776091943
|move|p1a: 77|Dark Pulse|p2a: Zapdos
|-damage|p2a: Zapdos|33/100
|-damage|p1a: 77|67/100|[from] item: Life Orb
|move|p2a: Zapdos|Volt Switch|p1a: 77
|-supereffective|p1a: 77
|-damage|p1a: 77|0 fnt
|faint|p1a: 77
|
|t:|1776091952
|switch|p2a: Iron Treads|Iron Treads|59/100|[from] Volt Switch
|
|upkeep
|
|t:|1776091998
|switch|p1a: 66|Amoonguss, M|100/100
|-damage|p1a: 66|84/100|[from] Spikes
|-damage|p1a: 66|71/100|[from] Stealth Rock
|turn|11
|j| Monkey D MinMin
|
|t:|1776092010
|move|p2a: Iron Treads|Earthquake|p1a: 66
|-damage|p1a: 66|36/100
|move|p1a: 66|Foul Play|p2a: Iron Treads
|-damage|p2a: Iron Treads|30/100
|
|upkeep
|turn|12
|
|t:|1776092017
|move|p2a: Iron Treads|Earthquake|p1a: 66
|-damage|p1a: 66|3/100
|move|p1a: 66|Synthesis|p1a: 66
|-heal|p1a: 66|53/100
|
|upkeep
|turn|13
|
|t:|1776092024
|-end|p2a: Iron Treads|Quark Drive|[silent]
|switch|p2a: Zapdos|Zapdos|33/100
|move|p1a: 66|Synthesis|p1a: 66
|-heal|p1a: 66|100/100
|
|upkeep
|turn|14
|inactive|Battle timer is ON: inactive players will automatically lose when time's up. (requested by takeyouout)
|
|t:|1776092030
|move|p2a: Zapdos|Hurricane|p1a: 66
|-supereffective|p1a: 66
|-damage|p1a: 66|20/100
|move|p1a: 66|Toxic|p2a: Zapdos
|-status|p2a: Zapdos|tox
|
|-damage|p2a: Zapdos|27/100 tox|[from] psn
|upkeep
|turn|15
|
|t:|1776092038
|move|p2a: Zapdos|Roost|p2a: Zapdos
|-heal|p2a: Zapdos|78/100 tox
|-singleturn|p2a: Zapdos|move: Roost
|move|p1a: 66|Synthesis|p1a: 66
|-heal|p1a: 66|70/100
|
|-damage|p2a: Zapdos|66/100 tox|[from] psn
|upkeep
|turn|16
|
|t:|1776092042
|switch|p1a: Starscream|Hoopa-Unbound|100/100
|-damage|p1a: Starscream|84/100|[from] Spikes
|-damage|p1a: Starscream|72/100|[from] Stealth Rock
|move|p2a: Zapdos|Thunder Wave|p1a: Starscream
|-status|p1a: Starscream|par
|
|-damage|p2a: Zapdos|47/100 tox|[from] psn
|upkeep
|turn|17
|
|t:|1776092051
|move|p2a: Zapdos|Volt Switch|p1a: Starscream
|-damage|p1a: Starscream|60/100 par
|
|t:|1776092054
|switch|p2a: Iron Treads|Iron Treads|30/100|[from] Volt Switch
|cant|p1a: Starscream|par
|
|upkeep
|turn|18
|
|t:|1776092059
|switch|p1a: 66|Amoonguss, M|100/100
|-damage|p1a: 66|84/100|[from] Spikes
|-damage|p1a: 66|71/100|[from] Stealth Rock
|move|p2a: Iron Treads|Earthquake|p1a: 66
|-damage|p1a: 66|40/100
|
|upkeep
|turn|19
|
|t:|1776092065
|move|p2a: Iron Treads|Earthquake|p1a: 66
|-damage|p1a: 66|8/100
|move|p1a: 66|Synthesis|p1a: 66
|-heal|p1a: 66|58/100
|
|upkeep
|turn|20
|
|t:|1776092070
|move|p2a: Iron Treads|Earthquake|p1a: 66
|-damage|p1a: 66|22/100
|move|p1a: 66|Synthesis|p1a: 66
|-heal|p1a: 66|72/100
|
|upkeep
|turn|21
|
|t:|1776092076
|-end|p2a: Iron Treads|Quark Drive|[silent]
|switch|p2a: Ceruledge|Ceruledge, M|100/100
|move|p1a: 66|Foul Play|p2a: Ceruledge
|-supereffective|p2a: Ceruledge
|-damage|p2a: Ceruledge|19/100
|-ability|p2a: Ceruledge|Weak Armor|boost
|-unboost|p2a: Ceruledge|def|1
|-boost|p2a: Ceruledge|spe|2
|
|upkeep
|turn|22
|
|t:|1776092080
|move|p2a: Ceruledge|Bitter Blade|p1a: 66
|-supereffective|p1a: 66
|-damage|p1a: 66|3/100
|-heal|p2a: Ceruledge|62/100|[from] drain|[of] p1a: 66
|-damage|p2a: Ceruledge|45/100|[from] item: Rocky Helmet|[of] p1a: 66
|move|p1a: 66|Foul Play|p2a: Ceruledge
|-supereffective|p2a: Ceruledge
|-damage|p2a: Ceruledge|0 fnt
|faint|p2a: Ceruledge
|
|upkeep
|
|t:|1776092089
|switch|p2a: Iron Treads|Iron Treads|30/100
|turn|23
|
|t:|1776092093
|switch|p1a: PinkCannon|Alomomola, F, shiny|75/100
|-damage|p1a: PinkCannon|58/100|[from] Spikes
|-damage|p1a: PinkCannon|46/100|[from] Stealth Rock
|move|p2a: Iron Treads|Knock Off|p1a: PinkCannon
|-damage|p1a: PinkCannon|35/100
|
|upkeep
|turn|24
|
|t:|1776092097
|move|p2a: Iron Treads|Earthquake|p1a: PinkCannon
|-damage|p1a: PinkCannon|10/100
|move|p1a: PinkCannon|Flip Turn|p2a: Iron Treads
|-supereffective|p2a: Iron Treads
|-damage|p2a: Iron Treads|0 fnt
|faint|p2a: Iron Treads
|-end|p2a: Iron Treads|Quark Drive|[silent]
|
|t:|1776092103
|switch|p1a: 66|Amoonguss, M|36/100|[from] Flip Turn
|-damage|p1a: 66|19/100|[from] Spikes
|-damage|p1a: 66|7/100|[from] Stealth Rock
|
|upkeep
|
|t:|1776092107
|switch|p2a: Kingambit|Kingambit, M|100/100
|-activate|p2a: Kingambit|ability: Supreme Overlord
|-start|p2a: Kingambit|fallen3|[silent]
|turn|25
|
|t:|1776092111
|move|p2a: Kingambit|Iron Head|p1a: 66
|-damage|p1a: 66|0 fnt
|-damage|p2a: Kingambit|84/100|[from] item: Rocky Helmet|[of] p1a: 66
|faint|p1a: 66
|
|-heal|p2a: Kingambit|90/100|[from] item: Leftovers
|upkeep
|
|t:|1776092114
|switch|p1a: Barnaby|Primarina, F|73/100
|-damage|p1a: Barnaby|56/100|[from] Spikes
|-damage|p1a: Barnaby|44/100|[from] Stealth Rock
|turn|26
|
|t:|1776092117
|move|p1a: Barnaby|Hydro Pump|p2a: Kingambit
|-damage|p2a: Kingambit|0 fnt
|faint|p2a: Kingambit
|-end|p2a: Kingambit|fallen3|[silent]
|
|upkeep
|
|t:|1776092121
|switch|p2a: Zapdos|Zapdos|47/100 tox
|turn|27
|
|t:|1776092126
|switch|p1a: PinkCannon|Alomomola, F, shiny|43/100
|-damage|p1a: PinkCannon|27/100|[from] Spikes
|-damage|p1a: PinkCannon|14/100|[from] Stealth Rock
|move|p2a: Zapdos|Volt Switch|p1a: PinkCannon
|-supereffective|p1a: PinkCannon
|-damage|p1a: PinkCannon|0 fnt
|faint|p1a: PinkCannon
|
|t:|1776092130
|switch|p2a: Gholdengo|Gholdengo|100/100|[from] Volt Switch
|-item|p2a: Gholdengo|Air Balloon
|
|upkeep
|
|t:|1776092133
|switch|p1a: Barnaby|Primarina, F|44/100
|-damage|p1a: Barnaby|27/100|[from] Spikes
|-damage|p1a: Barnaby|15/100|[from] Stealth Rock
|turn|28
|
|t:|1776092136
|move|p1a: Barnaby|Hydro Pump|p2a: Gholdengo
|-damage|p2a: Gholdengo|0 fnt
|-enditem|p2a: Gholdengo|Air Balloon
|faint|p2a: Gholdengo
|
|upkeep
|
|t:|1776092139
|switch|p2a: Zapdos|Zapdos|47/100 tox
|turn|29
|
|t:|1776092142
|move|p2a: Zapdos|Volt Switch|p1a: Barnaby
|-supereffective|p1a: Barnaby
|-damage|p1a: Barnaby|0 fnt
|faint|p1a: Barnaby
|
|-damage|p2a: Zapdos|41/100 tox|[from] psn
|upkeep
|
|t:|1776092144
|switch|p1a: Starscream|Hoopa-Unbound|60/100 par
|-damage|p1a: Starscream|44/100 par|[from] Spikes
|-damage|p1a: Starscream|31/100 par|[from] Stealth Rock
|turn|30
|
|t:|1776092147
|move|p2a: Zapdos|Hurricane|p1a: Starscream|[miss]
|-miss|p2a: Zapdos|p1a: Starscream
|move|p1a: Starscream|Psychic Noise|p2a: Zapdos
|-damage|p2a: Zapdos|1/100 tox
|-start|p2a: Zapdos|move: Heal Block
|
|-damage|p2a: Zapdos|0 fnt|[from] psn
|faint|p2a: Zapdos
|
|win|takeyouout
|raw|takeyouout's rating: 1685 &rarr; <strong>1704</strong><br />(+19 for winning)
|raw|mastersannin's rating: 1665 &rarr; <strong>1646</strong><br />(-19 for losing)
|c|☆takeyouout|gg
|l|☆mastersannin
|player|p2|
|c|☆takeyouout|me winning that lowk crazy
|c|☆takeyouout|terrible team building from me
|c|☆takeyouout|no removal
