|html|<div class="broadcast-blue"><strong>[Gen 9] OU is currently suspecting Volcarona! For information on how to participate check out the <a href="https://www.smogon.com/tools/suspects/view/208">suspect thread</a>.</strong></div>
|j|☆YooChiJin
|j|☆T1veslow
|t:|1778502412
|gametype|singles
|player|p1|YooChiJin|rancher|1107
|player|p2|T1veslow|swimmerf|1152
|gen|9
|tier|[Gen 9] OU
|rated|
|rule|HP Percentage Mod: HP is shown in percentages
|rule|Endless Battle Clause: Forcing endless battles is banned
|rule|Species Clause: Limit one of each Pokémon
|rule|OHKO Clause: OHKO moves are banned
|rule|Evasion Items Clause: Evasion items are banned
|rule|Evasion Moves Clause: Evasion moves are banned
|rule|Evasion Abilities Clause: Evasion abilities are banned
|rule|Sleep Moves Clause: Sleep-inducing moves are banned
|clearpoke
|poke|p1|Glimmora, M|
|poke|p1|Minior-Green|
|poke|p1|Corviknight, M|
|poke|p1|Kingambit, F|
|poke|p1|Garganacl, M|
|poke|p1|Ogerpon-Wellspring, F|
|poke|p2|Grimmsnarl, M|
|poke|p2|Dragonite, M|
|poke|p2|Kingambit, F|
|poke|p2|Volcarona, F|
|poke|p2|Pineco, L1, M|
|poke|p2|Great Tusk|
|teampreview
|inactive|Battle timer is ON: inactive players will automatically lose when time's up. (requested by YooChiJin)
|
|t:|1778502426
|teamsize|p1|6
|teamsize|p2|6
|start
|switch|p1a: Glimmora|Glimmora, M|100/100
|switch|p2a: Grimmsnarl|Grimmsnarl, M|100/100
|turn|1
|
|t:|1778502434
|move|p2a: Grimmsnarl|Taunt|p1a: Glimmora
|-start|p1a: Glimmora|move: Taunt
|move|p1a: Glimmora|Mortal Spin|p2a: Grimmsnarl
|-supereffective|p2a: Grimmsnarl
|-damage|p2a: Grimmsnarl|87/100
|-status|p2a: Grimmsnarl|psn
|
|-damage|p2a: Grimmsnarl|74/100 psn|[from] psn
|upkeep
|turn|2
|
|t:|1778502446
|move|p2a: Grimmsnarl|Reflect|p2a: Grimmsnarl
|-sidestart|p2: T1veslow|Reflect
|move|p1a: Glimmora|Earth Power|p2a: Grimmsnarl
|-damage|p2a: Grimmsnarl|50/100 psn
|
|-damage|p2a: Grimmsnarl|38/100 psn|[from] psn
|upkeep
|turn|3
|
|t:|1778502463
|move|p2a: Grimmsnarl|Parting Shot|p1a: Glimmora
|-unboost|p1a: Glimmora|atk|1
|-unboost|p1a: Glimmora|spa|1
|
|t:|1778502468
|switch|p2a: Great Tusk|Great Tusk|100/100|[from] Parting Shot
|move|p1a: Glimmora|Earth Power|p2a: Great Tusk
|-damage|p2a: Great Tusk|67/100
|-unboost|p2a: Great Tusk|spd|1
|
|-end|p1a: Glimmora|move: Taunt
|upkeep
|turn|4
|
|t:|1778502478
|move|p2a: Great Tusk|Knock Off|p1a: Glimmora
|-damage|p1a: Glimmora|61/100
|-activate|p1a: Glimmora|ability: Toxic Debris
|-sidestart|p2: T1veslow|move: Toxic Spikes
|-enditem|p1a: Glimmora|Focus Sash|[from] move: Knock Off|[of] p2a: Great Tusk
|move|p1a: Glimmora|Stealth Rock|p2a: Great Tusk
|-sidestart|p2: T1veslow|move: Stealth Rock
|
|upkeep
|turn|5
|
|t:|1778502496
|move|p2a: Great Tusk|Close Combat|p1a: Glimmora
|-damage|p1a: Glimmora|0 fnt
|-unboost|p2a: Great Tusk|def|1
|-unboost|p2a: Great Tusk|spd|1
|-activate|p1a: Glimmora|ability: Toxic Debris
|-sidestart|p2: T1veslow|move: Toxic Spikes
|faint|p1a: Glimmora
|
|upkeep
|
|t:|1778502511
|switch|p1a: Minior|Minior-Green|100/100
|-formechange|p1a: Minior|Minior-Meteor||[from] ability: Shields Down
|turn|6
|
|t:|1778502521
|move|p2a: Great Tusk|Knock Off|p1a: Minior
|-damage|p1a: Minior|59/100
|-enditem|p1a: Minior|Focus Sash|[from] move: Knock Off|[of] p2a: Great Tusk
|move|p1a: Minior|Shell Smash|p1a: Minior
|-unboost|p1a: Minior|def|1
|-unboost|p1a: Minior|spd|1
|-boost|p1a: Minior|atk|2
|-boost|p1a: Minior|spa|2
|-boost|p1a: Minior|spe|2
|
|upkeep
|turn|7
|
|t:|1778502532
|move|p1a: Minior|Acrobatics|p2a: Great Tusk
|-supereffective|p2a: Great Tusk
|-damage|p2a: Great Tusk|0 fnt
|faint|p2a: Great Tusk
|-end|p2a: Great Tusk|Protosynthesis|[silent]
|
|upkeep
|
|t:|1778502540
|switch|p2a: Pineco|Pineco, L1, M, shiny|100/100
|turn|8
|
|t:|1778502549
|move|p2a: Pineco|Protect|p2a: Pineco
|-singleturn|p2a: Pineco|Protect
|move|p1a: Minior|Shell Smash|p1a: Minior
|-unboost|p1a: Minior|def|1
|-unboost|p1a: Minior|spd|1
|-boost|p1a: Minior|atk|2
|-boost|p1a: Minior|spa|2
|-boost|p1a: Minior|spe|2
|
|upkeep
|turn|9
|
|t:|1778502556
|move|p1a: Minior|Shell Smash|p1a: Minior
|-unboost|p1a: Minior|def|1
|-unboost|p1a: Minior|spd|1
|-boost|p1a: Minior|atk|2
|-boost|p1a: Minior|spa|2
|-boost|p1a: Minior|spe|2
|move|p2a: Pineco|Pain Split|p1a: Minior
|-sethp|p1a: Minior|32/100|[from] move: Pain Split|[silent]
|-sethp|p2a: Pineco|100/100|[from] move: Pain Split
|
|-sideend|p2: T1veslow|Reflect
|-formechange|p1a: Minior|Minior-Green||[from] ability: Shields Down
|upkeep
|turn|10
|
|t:|1778502579
|move|p1a: Minior|Acrobatics|p2a: Pineco
|-supereffective|p2a: Pineco
|-ability|p2a: Pineco|Sturdy
|-damage|p2a: Pineco|9/100
|move|p2a: Pineco|Pain Split|p1a: Minior
|-sethp|p1a: Minior|16/100|[from] move: Pain Split|[silent]
|-sethp|p2a: Pineco|100/100|[from] move: Pain Split
|
|upkeep
|turn|11
|
|t:|1778502589
|move|p2a: Pineco|Protect|p2a: Pineco
|-singleturn|p2a: Pineco|Protect
|move|p1a: Minior|Shell Smash|p1a: Minior
|-unboost|p1a: Minior|def|1
|-unboost|p1a: Minior|spd|1
|-boost|p1a: Minior|atk|0
|-boost|p1a: Minior|spa|0
|-boost|p1a: Minior|spe|0
|
|upkeep
|turn|12
|
|t:|1778502597
|move|p1a: Minior|Acrobatics|p2a: Pineco
|-supereffective|p2a: Pineco
|-ability|p2a: Pineco|Sturdy
|-damage|p2a: Pineco|9/100
|move|p2a: Pineco|Pain Split|p1a: Minior
|-sethp|p1a: Minior|9/100|[from] move: Pain Split|[silent]
|-sethp|p2a: Pineco|100/100|[from] move: Pain Split
|
|upkeep
|turn|13
|
|t:|1778502609
|move|p2a: Pineco|Protect|p2a: Pineco
|-singleturn|p2a: Pineco|Protect
|move|p1a: Minior|Shell Smash|p1a: Minior
|-unboost|p1a: Minior|def|1
|-unboost|p1a: Minior|spd|1
|-boost|p1a: Minior|atk|0
|-boost|p1a: Minior|spa|0
|-boost|p1a: Minior|spe|0
|
|upkeep
|turn|14
|
|t:|1778502629
|move|p1a: Minior|Shell Smash|p1a: Minior
|-unboost|p1a: Minior|def|1
|-unboost|p1a: Minior|spd|1
|-boost|p1a: Minior|atk|0
|-boost|p1a: Minior|spa|0
|-boost|p1a: Minior|spe|0
|move|p2a: Pineco|Pain Split|p1a: Minior
|-sethp|p1a: Minior|7/100|[from] move: Pain Split|[silent]
|-sethp|p2a: Pineco|100/100|[from] move: Pain Split
|
|upkeep
|turn|15
|
|t:|1778502641
|move|p2a: Pineco|Protect|p2a: Pineco
|-singleturn|p2a: Pineco|Protect
|move|p1a: Minior|Shell Smash|p1a: Minior
|-unboost|p1a: Minior|def|0
|-unboost|p1a: Minior|spd|0
|-boost|p1a: Minior|atk|0
|-boost|p1a: Minior|spa|0
|-boost|p1a: Minior|spe|0
|
|upkeep
|turn|16
|
|t:|1778502649
|switch|p2a: Dragonite|Dragonite, M|100/100
|move|p1a: Minior|Acrobatics|p2a: Dragonite
|-damage|p2a: Dragonite|0 fnt
|faint|p2a: Dragonite
|
|upkeep
|
|t:|1778502654
|switch|p2a: Kingambit|Kingambit, F|100/100
|-damage|p2a: Kingambit|94/100|[from] Stealth Rock
|-activate|p2a: Kingambit|ability: Supreme Overlord
|-start|p2a: Kingambit|fallen2|[silent]
|turn|17
|
|t:|1778502661
|move|p2a: Kingambit|Sucker Punch||[still]
|-fail|p2a: Kingambit
|move|p1a: Minior|Shell Smash|p1a: Minior
|-unboost|p1a: Minior|def|0
|-unboost|p1a: Minior|spd|0
|-boost|p1a: Minior|atk|0
|-boost|p1a: Minior|spa|0
|-boost|p1a: Minior|spe|0
|
|upkeep
|turn|18
|
|t:|1778502670
|move|p1a: Minior|Shell Smash|p1a: Minior
|-unboost|p1a: Minior|def|0
|-unboost|p1a: Minior|spd|0
|-boost|p1a: Minior|atk|0
|-boost|p1a: Minior|spa|0
|-boost|p1a: Minior|spe|0
|move|p2a: Kingambit|Iron Head|p1a: Minior
|-supereffective|p1a: Minior
|-damage|p1a: Minior|0 fnt
|faint|p1a: Minior
|
|upkeep
|
|t:|1778502686
|switch|p1a: Garganacl|Garganacl, M|100/100
|turn|19
|
|t:|1778502695
|-end|p2a: Kingambit|fallen2|[silent]
|switch|p2a: Grimmsnarl|Grimmsnarl, M|38/100 psn
|-damage|p2a: Grimmsnarl|25/100 psn|[from] Stealth Rock
|move|p1a: Garganacl|Iron Defense|p1a: Garganacl
|-boost|p1a: Garganacl|def|2
|
|-damage|p2a: Grimmsnarl|13/100 psn|[from] psn
|upkeep
|turn|20
|
|t:|1778502706
|move|p2a: Grimmsnarl|Reflect|p2a: Grimmsnarl
|-sidestart|p2: T1veslow|Reflect
|move|p1a: Garganacl|Iron Defense|p1a: Garganacl
|-boost|p1a: Garganacl|def|2
|
|-damage|p2a: Grimmsnarl|0 fnt|[from] psn
|faint|p2a: Grimmsnarl
|upkeep
|
|t:|1778502709
|switch|p2a: Volcarona|Volcarona, F|100/100
|turn|21
|
|t:|1778502718
|-terastallize|p2a: Volcarona|Grass
|move|p2a: Volcarona|Quiver Dance|p2a: Volcarona
|-boost|p2a: Volcarona|spa|1
|-boost|p2a: Volcarona|spd|1
|-boost|p2a: Volcarona|spe|1
|move|p1a: Garganacl|Salt Cure|p2a: Volcarona
|-damage|p2a: Volcarona|89/100
|-start|p2a: Volcarona|Salt Cure
|
|-damage|p2a: Volcarona|77/100|[from] Salt Cure
|upkeep
|turn|22
|
|t:|1778502727
|move|p2a: Volcarona|Giga Drain|p1a: Garganacl
|-supereffective|p1a: Garganacl
|-damage|p1a: Garganacl|18/100
|-heal|p2a: Volcarona|100/100|[from] drain|[of] p1a: Garganacl
|move|p1a: Garganacl|Body Press|p2a: Volcarona
|-damage|p2a: Volcarona|42/100
|
|-heal|p1a: Garganacl|25/100|[from] item: Leftovers
|-damage|p2a: Volcarona|30/100|[from] Salt Cure
|upkeep
|turn|23
|
|t:|1778502739
|switch|p1a: Corviknight|Corviknight, M|100/100
|-ability|p1a: Corviknight|Pressure
|move|p2a: Volcarona|Morning Sun|p2a: Volcarona
|-heal|p2a: Volcarona|80/100
|
|-damage|p2a: Volcarona|68/100|[from] Salt Cure
|upkeep
|turn|24
|inactive|YooChiJin has 120 seconds left.
|
|t:|1778502778
|move|p2a: Volcarona|Fiery Dance|p1a: Corviknight
|-supereffective|p1a: Corviknight
|-damage|p1a: Corviknight|0 fnt
|-boost|p2a: Volcarona|spa|1
|faint|p1a: Corviknight
|
|-damage|p2a: Volcarona|55/100|[from] Salt Cure
|upkeep
|
|t:|1778502786
|switch|p1a: Garganacl|Garganacl, M|25/100
|turn|25
|
|t:|1778502792
|move|p2a: Volcarona|Morning Sun|p2a: Volcarona
|-heal|p2a: Volcarona|100/100
|move|p1a: Garganacl|Recover|p1a: Garganacl
|-heal|p1a: Garganacl|75/100
|
|-heal|p1a: Garganacl|81/100|[from] item: Leftovers
|-damage|p2a: Volcarona|88/100|[from] Salt Cure
|upkeep
|turn|26
|
|t:|1778502801
|move|p2a: Volcarona|Quiver Dance|p2a: Volcarona
|-boost|p2a: Volcarona|spa|1
|-boost|p2a: Volcarona|spd|1
|-boost|p2a: Volcarona|spe|1
|move|p1a: Garganacl|Salt Cure|p2a: Volcarona
|-damage|p2a: Volcarona|77/100
|
|-heal|p1a: Garganacl|87/100|[from] item: Leftovers
|-damage|p2a: Volcarona|65/100|[from] Salt Cure
|upkeep
|turn|27
|
|t:|1778502812
|move|p2a: Volcarona|Giga Drain|p1a: Garganacl
|-supereffective|p1a: Garganacl
|-damage|p1a: Garganacl|0 fnt
|-heal|p2a: Volcarona|100/100|[from] drain|[of] p1a: Garganacl
|faint|p1a: Garganacl
|
|-damage|p2a: Volcarona|88/100|[from] Salt Cure
|-sideend|p2: T1veslow|Reflect
|upkeep
|-message|YooChiJin forfeited.
|
|win|T1veslow
|raw|YooChiJin's rating: 1107 &rarr; <strong>1085</strong><br />(-22 for losing)
|raw|T1veslow's rating: 1152 &rarr; <strong>1174</strong><br />(+22 for winning)
|l|☆YooChiJin
|player|p1|
|l|☆T1veslow
|player|p2|
