|html|<div class="broadcast-blue"><strong>[Gen 9] OU is currently suspecting Tera Blast! For information on how to participate check out the <a href="https://www.smogon.com/tools/suspects/view/200">suspect thread</a>.</strong></div>
|j|☆SlNGULARlTY
|j|☆DJHYO
|t:|1776274264
|gametype|singles
|player|p1|SlNGULARlTY|koga|1417
|player|p2|DJHYO|volkner|1409
|gen|9
|tier|[Gen 9] OU
|rated|
|rule|HP Percentage Mod: HP is shown in percentages
|rule|Endless Battle Clause: Forcing endless battles is banned
|rule|Species Clause: Limit one of each Pokémon
|rule|OHKO Clause: OHKO moves are banned
|rule|Evasion Items Clause: Evasion items are banned
|rule|Evasion Moves Clause: Evasion moves are banned
|rule|Evasion Abilities Clause: Evasion abilities are banned
|rule|Sleep Moves Clause: Sleep-inducing moves are banned
|clearpoke
|poke|p1|Raging Bolt|
|poke|p1|Darkrai|
|poke|p1|Zamazenta-*|
|poke|p1|Gholdengo|
|poke|p1|Alomomola, F|
|poke|p1|Ogerpon-Wellspring, F|
|poke|p2|Porygon-Z|
|poke|p2|Alomomola, F|
|poke|p2|Goodra-Hisui, F|
|poke|p2|Dragapult, F|
|poke|p2|Enamorus-Therian, F|
|poke|p2|Great Tusk|
|teampreview
|inactive|Battle timer is ON: inactive players will automatically lose when time's up. (requested by SlNGULARlTY)
|
|t:|1776274285
|teamsize|p1|6
|teamsize|p2|6
|start
|switch|p1a: Darkrai|Darkrai|100/100
|switch|p2a: Dragapult|Dragapult, F|100/100
|turn|1
|
|t:|1776274291
|move|p1a: Darkrai|Sucker Punch|p2a: Dragapult
|-supereffective|p2a: Dragapult
|-damage|p2a: Dragapult|7/100
|move|p2a: Dragapult|U-turn|p1a: Darkrai
|-supereffective|p1a: Darkrai
|-damage|p1a: Darkrai|0 fnt
|faint|p1a: Darkrai
|
|t:|1776274297
|switch|p2a: Great Tusk|Great Tusk|100/100|[from] U-turn
|
|upkeep
|
|t:|1776274304
|switch|p1a: Alomomola|Alomomola, F|100/100
|turn|2
|
|t:|1776274308
|move|p2a: Great Tusk|Knock Off|p1a: Alomomola
|-damage|p1a: Alomomola|76/100
|-enditem|p1a: Alomomola|Assault Vest|[from] move: Knock Off|[of] p2a: Great Tusk
|move|p1a: Alomomola|Scald|p2a: Great Tusk
|-supereffective|p2a: Great Tusk
|-damage|p2a: Great Tusk|59/100
|-status|p2a: Great Tusk|brn
|
|-heal|p2a: Great Tusk|65/100 brn|[from] item: Leftovers
|-damage|p2a: Great Tusk|59/100 brn|[from] brn
|upkeep
|turn|3
|
|t:|1776274310
|move|p2a: Great Tusk|Stealth Rock|p1a: Alomomola
|-sidestart|p1: SlNGULARlTY|move: Stealth Rock
|move|p1a: Alomomola|Flip Turn|p2a: Great Tusk
|-supereffective|p2a: Great Tusk
|-damage|p2a: Great Tusk|36/100 brn
|
|t:|1776274313
|switch|p1a: Ogerpon|Ogerpon-Wellspring, F|100/100|[from] Flip Turn
|-damage|p1a: Ogerpon|88/100|[from] Stealth Rock
|
|-heal|p2a: Great Tusk|42/100 brn|[from] item: Leftovers
|-damage|p2a: Great Tusk|36/100 brn|[from] brn
|upkeep
|turn|4
|
|t:|1776274317
|move|p1a: Ogerpon|Swords Dance|p1a: Ogerpon
|-boost|p1a: Ogerpon|atk|2
|move|p2a: Great Tusk|Close Combat|p1a: Ogerpon
|-damage|p1a: Ogerpon|49/100
|-unboost|p2a: Great Tusk|def|1
|-unboost|p2a: Great Tusk|spd|1
|
|-heal|p2a: Great Tusk|42/100 brn|[from] item: Leftovers
|-damage|p2a: Great Tusk|36/100 brn|[from] brn
|upkeep
|turn|5
|
|t:|1776274323
|move|p1a: Ogerpon|Synthesis|p1a: Ogerpon
|-heal|p1a: Ogerpon|99/100
|move|p2a: Great Tusk|Close Combat|p1a: Ogerpon
|-damage|p1a: Ogerpon|61/100
|-unboost|p2a: Great Tusk|def|1
|-unboost|p2a: Great Tusk|spd|1
|
|-heal|p2a: Great Tusk|42/100 brn|[from] item: Leftovers
|-damage|p2a: Great Tusk|36/100 brn|[from] brn
|upkeep
|turn|6
|
|t:|1776274333
|move|p1a: Ogerpon|Swords Dance|p1a: Ogerpon
|-boost|p1a: Ogerpon|atk|2
|move|p2a: Great Tusk|Close Combat|p1a: Ogerpon
|-damage|p1a: Ogerpon|24/100
|-unboost|p2a: Great Tusk|def|1
|-unboost|p2a: Great Tusk|spd|1
|
|-heal|p2a: Great Tusk|42/100 brn|[from] item: Leftovers
|-damage|p2a: Great Tusk|36/100 brn|[from] brn
|upkeep
|turn|7
|
|t:|1776274336
|move|p1a: Ogerpon|Synthesis|p1a: Ogerpon
|-heal|p1a: Ogerpon|74/100
|move|p2a: Great Tusk|Close Combat|p1a: Ogerpon
|-damage|p1a: Ogerpon|37/100
|-unboost|p2a: Great Tusk|def|1
|-unboost|p2a: Great Tusk|spd|1
|
|-heal|p2a: Great Tusk|42/100 brn|[from] item: Leftovers
|-damage|p2a: Great Tusk|36/100 brn|[from] brn
|upkeep
|turn|8
|
|t:|1776274339
|move|p1a: Ogerpon|Synthesis|p1a: Ogerpon
|-heal|p1a: Ogerpon|87/100
|move|p2a: Great Tusk|Close Combat|p1a: Ogerpon
|-damage|p1a: Ogerpon|49/100
|-unboost|p2a: Great Tusk|def|1
|-unboost|p2a: Great Tusk|spd|1
|
|-heal|p2a: Great Tusk|42/100 brn|[from] item: Leftovers
|-damage|p2a: Great Tusk|36/100 brn|[from] brn
|upkeep
|turn|9
|
|t:|1776274341
|move|p1a: Ogerpon|Synthesis|p1a: Ogerpon
|-heal|p1a: Ogerpon|99/100
|move|p2a: Great Tusk|Close Combat|p1a: Ogerpon
|-damage|p1a: Ogerpon|62/100
|-unboost|p2a: Great Tusk|def|1
|-unboost|p2a: Great Tusk|spd|1
|
|-heal|p2a: Great Tusk|42/100 brn|[from] item: Leftovers
|-damage|p2a: Great Tusk|36/100 brn|[from] brn
|upkeep
|turn|10
|
|t:|1776274344
|move|p1a: Ogerpon|Trailblaze|p2a: Great Tusk
|-supereffective|p2a: Great Tusk
|-damage|p2a: Great Tusk|0 fnt
|-boost|p1a: Ogerpon|spe|1
|faint|p2a: Great Tusk
|-end|p2a: Great Tusk|Protosynthesis|[silent]
|
|upkeep
|
|t:|1776274357
|switch|p2a: Dragapult|Dragapult, F|7/100
|turn|11
|
|t:|1776274364
|move|p1a: Ogerpon|Trailblaze|p2a: Dragapult
|-resisted|p2a: Dragapult
|-damage|p2a: Dragapult|0 fnt
|-boost|p1a: Ogerpon|spe|1
|faint|p2a: Dragapult
|
|upkeep
|-message|DJHYO forfeited.
|
|win|SlNGULARlTY
|raw|SlNGULARlTY's rating: 1417 &rarr; <strong>1437</strong><br />(+20 for winning)
|raw|DJHYO's rating: 1409 &rarr; <strong>1389</strong><br />(-20 for losing)
|l|☆DJHYO
|player|p2|
