|html|<div class="broadcast-blue"><strong>[Gen 9] OU is currently suspecting Tera Blast! For information on how to participate check out the <a href="https://www.smogon.com/tools/suspects/view/200">suspect thread</a>.</strong></div>
|badge|p1|silver|gen9ou|30-9
|uhtml|medal-msg|<div class="broadcast-blue">Curious what those medals under the avatar are? PS now has Ladder Seasons! For more information, check out the <a href="https://www.smogon.com/forums/threads/3740067/">thread on Smogon.</a></div>
|badge|p2|silver|gen9ou|30-9
|badge|p2|silver|gen9ubers|30-9
|uhtml|medal-msg|<div class="broadcast-blue">Curious what those medals under the avatar are? PS now has Ladder Seasons! For more information, check out the <a href="https://www.smogon.com/forums/threads/3740067/">thread on Smogon.</a></div>
|raw|<div class="broadcast-blue"><strong>This battle is required to be public due to a player having a name starting with 'ulthz25'.</div>
|j|☆70to90gxe
|j|☆ULTHZ25 LASERS
|t:|1776187038
|gametype|singles
|player|p1|70to90gxe|#rbtt9royals|2012
|player|p2|ULTHZ25 LASERS|170|1934
|gen|9
|tier|[Gen 9] OU
|rated|
|rule|HP Percentage Mod: HP is shown in percentages
|rule|Endless Battle Clause: Forcing endless battles is banned
|rule|Species Clause: Limit one of each Pokémon
|rule|OHKO Clause: OHKO moves are banned
|rule|Evasion Items Clause: Evasion items are banned
|rule|Evasion Moves Clause: Evasion moves are banned
|rule|Evasion Abilities Clause: Evasion abilities are banned
|rule|Sleep Moves Clause: Sleep-inducing moves are banned
|clearpoke
|poke|p1|Ting-Lu|
|poke|p1|Dragonite, F|
|poke|p1|Raging Bolt|
|poke|p1|Gholdengo|
|poke|p1|Zamazenta-*|
|poke|p1|Iron Valiant|
|poke|p2|Gliscor, F|
|poke|p2|Gholdengo|
|poke|p2|Dragonite, M|
|poke|p2|Ting-Lu|
|poke|p2|Darkrai|
|poke|p2|Zamazenta-*|
|teampreview
|j| volbeatluvr
|
|t:|1776187057
|teamsize|p1|6
|teamsize|p2|6
|start
|switch|p1a: Ting-Lu|Ting-Lu|100/100
|switch|p2a: Gliscor|Gliscor, F|100/100
|-ability|p1a: Ting-Lu|Vessel of Ruin
|turn|1
|
|t:|1776187061
|move|p2a: Gliscor|Toxic|p1a: Ting-Lu
|-status|p1a: Ting-Lu|tox
|move|p1a: Ting-Lu|Stealth Rock|p2a: Gliscor
|-sidestart|p2: ULTHZ25 LASERS|move: Stealth Rock
|
|-damage|p1a: Ting-Lu|94/100 tox|[from] psn
|-status|p2a: Gliscor|tox|[from] item: Toxic Orb
|upkeep
|turn|2
|
|t:|1776187067
|switch|p1a: Iron Valiant|Iron Valiant|100/100
|move|p2a: Gliscor|Spikes|p1a: Iron Valiant
|-sidestart|p1: 70to90gxe|Spikes
|
|upkeep
|turn|3
|
|t:|1776187071
|move|p2a: Gliscor|Protect|p2a: Gliscor
|-singleturn|p2a: Gliscor|Protect
|move|p1a: Iron Valiant|Encore|p2a: Gliscor
|-activate|p2a: Gliscor|move: Protect
|
|upkeep
|turn|4
|
|t:|1776187074
|move|p1a: Iron Valiant|Shadow Ball|p2a: Gliscor
|-damage|p2a: Gliscor|67/100 tox
|move|p2a: Gliscor|Spikes|p1a: Iron Valiant
|-sidestart|p1: 70to90gxe|Spikes
|
|-heal|p2a: Gliscor|80/100 tox|[from] ability: Poison Heal
|upkeep
|turn|5
|
|t:|1776187078
|move|p1a: Iron Valiant|Encore|p2a: Gliscor
|-start|p2a: Gliscor|Encore
|move|p2a: Gliscor|Spikes|p1a: Iron Valiant
|-sidestart|p1: 70to90gxe|Spikes
|
|-heal|p2a: Gliscor|92/100 tox|[from] ability: Poison Heal
|upkeep
|turn|6
|
|t:|1776187089
|switch|p2a: Zamazenta|Zamazenta|100/100
|-ability|p2a: Zamazenta|Dauntless Shield|boost
|-boost|p2a: Zamazenta|def|1
|move|p1a: Iron Valiant|Shadow Ball|p2a: Zamazenta
|-damage|p2a: Zamazenta|76/100
|
|upkeep
|turn|7
|
|t:|1776187095
|-end|p1a: Iron Valiant|Quark Drive|[silent]
|switch|p1a: Ting-Lu|Ting-Lu|94/100 tox
|-damage|p1a: Ting-Lu|69/100 tox|[from] Spikes
|-ability|p1a: Ting-Lu|Vessel of Ruin
|move|p2a: Zamazenta|Heavy Slam|p1a: Ting-Lu
|-damage|p1a: Ting-Lu|63/100 tox
|-damage|p2a: Zamazenta|59/100|[from] item: Rocky Helmet|[of] p1a: Ting-Lu
|
|-damage|p1a: Ting-Lu|57/100 tox|[from] psn
|upkeep
|turn|8
|
|t:|1776187104
|switch|p1a: Gholdengo|Gholdengo|100/100
|-damage|p1a: Gholdengo|76/100|[from] Spikes
|move|p2a: Zamazenta|Close Combat|p1a: Gholdengo
|-immune|p1a: Gholdengo
|
|upkeep
|turn|9
|
|t:|1776187107
|switch|p2a: Ting-Lu|Ting-Lu|100/100
|-damage|p2a: Ting-Lu|94/100|[from] Stealth Rock
|-ability|p2a: Ting-Lu|Vessel of Ruin
|move|p1a: Gholdengo|Make It Rain|p2a: Ting-Lu
|-damage|p2a: Ting-Lu|69/100
|-unboost|p1a: Gholdengo|spa|1
|
|-heal|p2a: Ting-Lu|75/100|[from] item: Leftovers
|upkeep
|turn|10
|
|t:|1776187110
|switch|p1a: Iron Valiant|Iron Valiant|100/100
|move|p2a: Ting-Lu|Stealth Rock|p1a: Iron Valiant
|-sidestart|p1: 70to90gxe|move: Stealth Rock
|
|-heal|p2a: Ting-Lu|81/100|[from] item: Leftovers
|upkeep
|turn|11
|
|t:|1776187113
|switch|p2a: Gholdengo|Gholdengo|100/100
|-damage|p2a: Gholdengo|94/100|[from] Stealth Rock
|move|p1a: Iron Valiant|Knock Off|p2a: Gholdengo
|-supereffective|p2a: Gholdengo
|-damage|p2a: Gholdengo|42/100
|-enditem|p2a: Gholdengo|Choice Scarf|[from] move: Knock Off|[of] p1a: Iron Valiant
|
|upkeep
|turn|12
|
|t:|1776187116
|move|p1a: Iron Valiant|Shadow Ball|p2a: Gholdengo
|-supereffective|p2a: Gholdengo
|-damage|p2a: Gholdengo|0 fnt
|faint|p2a: Gholdengo
|
|upkeep
|
|t:|1776187118
|switch|p2a: Zamazenta|Zamazenta|59/100
|turn|13
|
|t:|1776187123
|-end|p1a: Iron Valiant|Quark Drive|[silent]
|switch|p1a: Zamazenta|Zamazenta|100/100
|-ability|p1a: Zamazenta|Dauntless Shield|boost
|-boost|p1a: Zamazenta|def|1
|move|p2a: Zamazenta|Heavy Slam|p1a: Zamazenta
|-damage|p1a: Zamazenta|92/100
|
|upkeep
|turn|14
|
|t:|1776187128
|switch|p2a: Gliscor|Gliscor, F|92/100 tox
|-damage|p2a: Gliscor|80/100 tox|[from] Stealth Rock
|move|p1a: Zamazenta|Ice Fang|p2a: Gliscor
|-supereffective|p2a: Gliscor
|-damage|p2a: Gliscor|27/100 tox
|
|-heal|p2a: Gliscor|40/100 tox|[from] ability: Poison Heal
|upkeep
|turn|15
|
|t:|1776187131
|move|p2a: Gliscor|Protect|p2a: Gliscor
|-singleturn|p2a: Gliscor|Protect
|move|p1a: Zamazenta|Ice Fang|p2a: Gliscor
|-activate|p2a: Gliscor|move: Protect
|
|-heal|p2a: Gliscor|52/100 tox|[from] ability: Poison Heal
|upkeep
|turn|16
|l|☆70to90gxe
|player|p1|
|
|t:|1776187158
|-terastallize|p2a: Gliscor|Fairy
|move|p1a: Zamazenta|Ice Fang|p2a: Gliscor
|-damage|p2a: Gliscor|38/100 tox
|move|p2a: Gliscor|Toxic|p1a: Zamazenta
|-status|p1a: Zamazenta|tox
|
|-damage|p1a: Zamazenta|86/100 tox|[from] psn
|-heal|p2a: Gliscor|51/100 tox|[from] ability: Poison Heal
|upkeep
|turn|17
|inactive|Battle timer is ON: inactive players will automatically lose when time's up. (requested by ULTHZ25 LASERS)
|j|☆70to90gxe
|inactive|70to90gxe reconnected and has 135 seconds left.
|player|p1|70to90gxe|#rbtt9royals|
|
|t:|1776187214
|move|p1a: Zamazenta|Close Combat|p2a: Gliscor
|-resisted|p2a: Gliscor
|-damage|p2a: Gliscor|33/100 tox
|-unboost|p1a: Zamazenta|def|1
|-unboost|p1a: Zamazenta|spd|1
|move|p2a: Gliscor|Toxic|p1a: Zamazenta
|-fail|p1a: Zamazenta|tox
|
|-damage|p1a: Zamazenta|74/100 tox|[from] psn
|-heal|p2a: Gliscor|45/100 tox|[from] ability: Poison Heal
|upkeep
|turn|18
|
|t:|1776187219
|move|p1a: Zamazenta|Heavy Slam|p2a: Gliscor
|-supereffective|p2a: Gliscor
|-damage|p2a: Gliscor|8/100 tox
|move|p2a: Gliscor|Toxic|p1a: Zamazenta
|-fail|p1a: Zamazenta|tox
|
|-damage|p1a: Zamazenta|56/100 tox|[from] psn
|-heal|p2a: Gliscor|21/100 tox|[from] ability: Poison Heal
|upkeep
|turn|19
|
|t:|1776187224
|switch|p1a: Iron Valiant|Iron Valiant|100/100
|move|p2a: Gliscor|Protect||[still]
|-fail|p2a: Gliscor
|
|-heal|p2a: Gliscor|33/100 tox|[from] ability: Poison Heal
|upkeep
|turn|20
|
|t:|1776187227
|move|p2a: Gliscor|Protect|p2a: Gliscor
|-singleturn|p2a: Gliscor|Protect
|move|p1a: Iron Valiant|Moonblast|p2a: Gliscor
|-activate|p2a: Gliscor|move: Protect
|
|-heal|p2a: Gliscor|46/100 tox|[from] ability: Poison Heal
|upkeep
|turn|21
|
|t:|1776187244
|switch|p2a: Dragonite|Dragonite, M|100/100
|move|p1a: Iron Valiant|Moonblast|p2a: Dragonite
|-supereffective|p2a: Dragonite
|-damage|p2a: Dragonite|54/100
|
|upkeep
|turn|22
|
|t:|1776187247
|move|p2a: Dragonite|Extreme Speed|p1a: Iron Valiant
|-damage|p1a: Iron Valiant|61/100
|move|p1a: Iron Valiant|Moonblast|p2a: Dragonite
|-supereffective|p2a: Dragonite
|-damage|p2a: Dragonite|0 fnt
|faint|p2a: Dragonite
|
|upkeep
|
|t:|1776187250
|switch|p2a: Zamazenta|Zamazenta|59/100
|turn|23
|
|t:|1776187258
|switch|p2a: Gliscor|Gliscor, F, tera:Fairy|46/100 tox
|-damage|p2a: Gliscor|33/100 tox|[from] Stealth Rock
|-end|p1a: Iron Valiant|Quark Drive|[silent]
|switch|p1a: Zamazenta|Zamazenta|56/100 tox
|
|-damage|p1a: Zamazenta|49/100 tox|[from] psn
|-heal|p2a: Gliscor|46/100 tox|[from] ability: Poison Heal
|upkeep
|turn|24
|
|t:|1776187262
|move|p2a: Gliscor|Protect|p2a: Gliscor
|-singleturn|p2a: Gliscor|Protect
|move|p1a: Zamazenta|Heavy Slam|p2a: Gliscor
|-activate|p2a: Gliscor|move: Protect
|
|-damage|p1a: Zamazenta|37/100 tox|[from] psn
|-heal|p2a: Gliscor|58/100 tox|[from] ability: Poison Heal
|upkeep
|turn|25
|
|t:|1776187268
|switch|p2a: Zamazenta|Zamazenta|59/100
|move|p1a: Zamazenta|Heavy Slam|p2a: Zamazenta
|-damage|p2a: Zamazenta|46/100
|
|-damage|p1a: Zamazenta|19/100 tox|[from] psn
|upkeep
|turn|26
|
|t:|1776187273
|move|p1a: Zamazenta|Close Combat|p2a: Zamazenta
|-damage|p2a: Zamazenta|0 fnt
|-unboost|p1a: Zamazenta|def|1
|-unboost|p1a: Zamazenta|spd|1
|faint|p2a: Zamazenta
|
|-damage|p1a: Zamazenta|0 fnt|[from] psn
|faint|p1a: Zamazenta
|upkeep
|
|t:|1776187279
|switch|p1a: Raging Bolt|Raging Bolt|100/100
|switch|p2a: Darkrai|Darkrai|100/100
|turn|27
|
|t:|1776187281
|switch|p2a: Ting-Lu|Ting-Lu|81/100
|-damage|p2a: Ting-Lu|75/100|[from] Stealth Rock
|-ability|p2a: Ting-Lu|Vessel of Ruin
|move|p1a: Raging Bolt|Thunderbolt|p2a: Ting-Lu
|-immune|p2a: Ting-Lu
|
|-heal|p2a: Ting-Lu|81/100|[from] item: Leftovers
|upkeep
|turn|28
|
|t:|1776187287
|-end|p1a: Raging Bolt|Protosynthesis|[silent]
|switch|p1a: Ting-Lu|Ting-Lu|57/100 tox
|-damage|p1a: Ting-Lu|32/100 tox|[from] Spikes
|-damage|p1a: Ting-Lu|26/100 tox|[from] Stealth Rock
|-ability|p1a: Ting-Lu|Vessel of Ruin
|move|p2a: Ting-Lu|Ruination|p1a: Ting-Lu
|-damage|p1a: Ting-Lu|13/100 tox
|
|-heal|p2a: Ting-Lu|88/100|[from] item: Leftovers
|-damage|p1a: Ting-Lu|7/100 tox|[from] psn
|upkeep
|turn|29
|
|t:|1776187291
|move|p2a: Ting-Lu|Earthquake|p1a: Ting-Lu
|-damage|p1a: Ting-Lu|0 fnt
|faint|p1a: Ting-Lu
|
|-heal|p2a: Ting-Lu|94/100|[from] item: Leftovers
|upkeep
|
|t:|1776187295
|switch|p1a: Iron Valiant|Iron Valiant|61/100
|turn|30
|
|t:|1776187303
|move|p1a: Iron Valiant|Moonblast|p2a: Ting-Lu
|-supereffective|p2a: Ting-Lu
|-damage|p2a: Ting-Lu|54/100
|-unboost|p2a: Ting-Lu|spa|1
|move|p2a: Ting-Lu|Whirlwind|p1a: Iron Valiant
|-end|p1a: Iron Valiant|Quark Drive|[silent]
|drag|p1a: Raging Bolt|Raging Bolt|100/100
|
|-heal|p2a: Ting-Lu|60/100|[from] item: Leftovers
|upkeep
|turn|31
|
|t:|1776187321
|switch|p2a: Darkrai|Darkrai|100/100
|move|p1a: Raging Bolt|Draco Meteor|p2a: Darkrai
|-damage|p2a: Darkrai|4/100
|-unboost|p1a: Raging Bolt|spa|2
|
|upkeep
|turn|32
|
|t:|1776187326
|switch|p2a: Gliscor|Gliscor, F, tera:Fairy|58/100 tox
|-damage|p2a: Gliscor|46/100 tox|[from] Stealth Rock
|move|p1a: Raging Bolt|Thunderbolt|p2a: Gliscor
|-damage|p2a: Gliscor|16/100 tox
|
|-heal|p2a: Gliscor|28/100 tox|[from] ability: Poison Heal
|upkeep
|turn|33
|
|t:|1776187333
|move|p2a: Gliscor|Protect|p2a: Gliscor
|-singleturn|p2a: Gliscor|Protect
|move|p1a: Raging Bolt|Thunderbolt|p2a: Gliscor
|-activate|p2a: Gliscor|move: Protect
|
|-heal|p2a: Gliscor|41/100 tox|[from] ability: Poison Heal
|upkeep
|turn|34
|
|t:|1776187337
|-end|p1a: Raging Bolt|Protosynthesis|[silent]
|switch|p1a: Dragonite|Dragonite, F|100/100
|move|p2a: Gliscor|Earthquake|p1a: Dragonite
|-immune|p1a: Dragonite
|
|-heal|p2a: Gliscor|53/100 tox|[from] ability: Poison Heal
|upkeep
|turn|35
|
|t:|1776187342
|-terastallize|p1a: Dragonite|Normal
|move|p1a: Dragonite|Extreme Speed|p2a: Gliscor
|-damage|p2a: Gliscor|22/100 tox
|move|p2a: Gliscor|Toxic|p1a: Dragonite
|-status|p1a: Dragonite|tox
|
|-heal|p2a: Gliscor|35/100 tox|[from] ability: Poison Heal
|-damage|p1a: Dragonite|94/100 tox|[from] psn
|upkeep
|turn|36
|
|t:|1776187348
|switch|p1a: Iron Valiant|Iron Valiant|61/100
|move|p2a: Gliscor|Protect||[still]
|-fail|p2a: Gliscor
|
|-heal|p2a: Gliscor|47/100 tox|[from] ability: Poison Heal
|upkeep
|turn|37
|
|t:|1776187350
|move|p2a: Gliscor|Protect|p2a: Gliscor
|-singleturn|p2a: Gliscor|Protect
|move|p1a: Iron Valiant|Moonblast|p2a: Gliscor
|-activate|p2a: Gliscor|move: Protect
|
|-heal|p2a: Gliscor|60/100 tox|[from] ability: Poison Heal
|upkeep
|turn|38
|
|t:|1776187353
|move|p1a: Iron Valiant|Encore|p2a: Gliscor
|-start|p2a: Gliscor|Encore
|move|p2a: Gliscor|Protect||[still]
|-fail|p2a: Gliscor
|
|-heal|p2a: Gliscor|72/100 tox|[from] ability: Poison Heal
|upkeep
|turn|39
|
|t:|1776187356
|move|p2a: Gliscor|Protect|p2a: Gliscor
|-singleturn|p2a: Gliscor|Protect
|move|p1a: Iron Valiant|Moonblast|p2a: Gliscor
|-activate|p2a: Gliscor|move: Protect
|
|-heal|p2a: Gliscor|85/100 tox|[from] ability: Poison Heal
|upkeep
|turn|40
|
|t:|1776187363
|move|p2a: Gliscor|Protect|p2a: Gliscor
|-singleturn|p2a: Gliscor|Protect
|move|p1a: Iron Valiant|Moonblast|p2a: Gliscor
|-activate|p2a: Gliscor|move: Protect
|
|-heal|p2a: Gliscor|97/100 tox|[from] ability: Poison Heal
|-end|p2a: Gliscor|Encore
|upkeep
|turn|41
|
|t:|1776187371
|switch|p2a: Darkrai|Darkrai|4/100
|move|p1a: Iron Valiant|Encore||[still]
|-fail|p1a: Iron Valiant
|
|upkeep
|turn|42
|
|t:|1776187374
|-end|p1a: Iron Valiant|Quark Drive|[silent]
|switch|p1a: Dragonite|Dragonite, F, tera:Normal|94/100 tox
|move|p2a: Darkrai|Ice Beam|p1a: Dragonite
|-damage|p1a: Dragonite|63/100 tox
|
|-damage|p1a: Dragonite|57/100 tox|[from] psn
|upkeep
|turn|43
|
|t:|1776187378
|switch|p2a: Gliscor|Gliscor, F, tera:Fairy|97/100 tox
|-damage|p2a: Gliscor|85/100 tox|[from] Stealth Rock
|move|p1a: Dragonite|Extreme Speed|p2a: Gliscor
|-crit|p2a: Gliscor
|-damage|p2a: Gliscor|39/100 tox
|
|-heal|p2a: Gliscor|52/100 tox|[from] ability: Poison Heal
|-damage|p1a: Dragonite|45/100 tox|[from] psn
|upkeep
|turn|44
|
|t:|1776187383
|move|p2a: Gliscor|Protect|p2a: Gliscor
|-singleturn|p2a: Gliscor|Protect
|move|p1a: Dragonite|Extreme Speed|p2a: Gliscor
|-activate|p2a: Gliscor|move: Protect
|
|-heal|p2a: Gliscor|64/100 tox|[from] ability: Poison Heal
|-damage|p1a: Dragonite|27/100 tox|[from] psn
|upkeep
|turn|45
|l|☆70to90gxe
|inactive|70to90gxe disconnected and has a minute to reconnect!
|player|p1|
|j|☆70to90gxe
|inactive|70to90gxe reconnected and has 135 seconds left.
|player|p1|70to90gxe|#rbtt9royals|
|
|t:|1776187403
|move|p1a: Dragonite|Extreme Speed|p2a: Gliscor
|-damage|p2a: Gliscor|37/100 tox
|move|p2a: Gliscor|Toxic|p1a: Dragonite
|-fail|p1a: Dragonite|tox
|
|-heal|p2a: Gliscor|49/100 tox|[from] ability: Poison Heal
|-damage|p1a: Dragonite|2/100 tox|[from] psn
|upkeep
|turn|46
|
|t:|1776187406
|move|p2a: Gliscor|Protect|p2a: Gliscor
|-singleturn|p2a: Gliscor|Protect
|move|p1a: Dragonite|Roost|p1a: Dragonite
|-heal|p1a: Dragonite|53/100 tox
|
|-heal|p2a: Gliscor|62/100 tox|[from] ability: Poison Heal
|-damage|p1a: Dragonite|22/100 tox|[from] psn
|upkeep
|turn|47
|
|t:|1776187410
|move|p1a: Dragonite|Extreme Speed|p2a: Gliscor
|-damage|p2a: Gliscor|35/100 tox
|move|p2a: Gliscor|Toxic|p1a: Dragonite|[miss]
|-miss|p2a: Gliscor|p1a: Dragonite
|
|-heal|p2a: Gliscor|48/100 tox|[from] ability: Poison Heal
|-damage|p1a: Dragonite|0 fnt|[from] psn
|faint|p1a: Dragonite
|upkeep
|
|t:|1776187413
|switch|p1a: Iron Valiant|Iron Valiant|61/100
|turn|48
|
|t:|1776187420
|move|p2a: Gliscor|Protect|p2a: Gliscor
|-singleturn|p2a: Gliscor|Protect
|move|p1a: Iron Valiant|Moonblast|p2a: Gliscor
|-activate|p2a: Gliscor|move: Protect
|
|-heal|p2a: Gliscor|60/100 tox|[from] ability: Poison Heal
|upkeep
|turn|49
|
|t:|1776187423
|move|p1a: Iron Valiant|Moonblast|p2a: Gliscor
|-damage|p2a: Gliscor|1/100 tox
|move|p2a: Gliscor|Toxic|p1a: Iron Valiant
|-status|p1a: Iron Valiant|tox
|
|-damage|p1a: Iron Valiant|54/100 tox|[from] psn
|-heal|p2a: Gliscor|14/100 tox|[from] ability: Poison Heal
|upkeep
|turn|50
|
|t:|1776187427
|move|p2a: Gliscor|Protect|p2a: Gliscor
|-singleturn|p2a: Gliscor|Protect
|move|p1a: Iron Valiant|Moonblast|p2a: Gliscor
|-activate|p2a: Gliscor|move: Protect
|
|-damage|p1a: Iron Valiant|42/100 tox|[from] psn
|-heal|p2a: Gliscor|26/100 tox|[from] ability: Poison Heal
|upkeep
|turn|51
|
|t:|1776187431
|move|p2a: Gliscor|Protect|p2a: Gliscor
|-singleturn|p2a: Gliscor|Protect
|move|p1a: Iron Valiant|Moonblast|p2a: Gliscor
|-activate|p2a: Gliscor|move: Protect
|
|-damage|p1a: Iron Valiant|23/100 tox|[from] psn
|-heal|p2a: Gliscor|39/100 tox|[from] ability: Poison Heal
|upkeep
|turn|52
|
|t:|1776187440
|move|p1a: Iron Valiant|Moonblast|p2a: Gliscor
|-damage|p2a: Gliscor|0 fnt
|faint|p2a: Gliscor
|
|-damage|p1a: Iron Valiant|0 fnt|[from] psn
|faint|p1a: Iron Valiant
|-end|p1a: Iron Valiant|Quark Drive|[silent]
|upkeep
|
|t:|1776187446
|switch|p1a: Raging Bolt|Raging Bolt|100/100
|switch|p2a: Darkrai|Darkrai|4/100
|turn|53
|
|t:|1776187449
|move|p1a: Raging Bolt|Thunderclap||[still]
|-fail|p1a: Raging Bolt
|move|p2a: Darkrai|Will-O-Wisp|p1a: Raging Bolt
|-status|p1a: Raging Bolt|brn
|
|-damage|p1a: Raging Bolt|94/100 brn|[from] brn
|upkeep
|turn|54
|
|t:|1776187456
|move|p2a: Darkrai|Will-O-Wisp|p1a: Raging Bolt
|-fail|p1a: Raging Bolt|brn
|move|p1a: Raging Bolt|Draco Meteor|p2a: Darkrai
|-damage|p2a: Darkrai|0 fnt
|-unboost|p1a: Raging Bolt|spa|2
|faint|p2a: Darkrai
|
|-damage|p1a: Raging Bolt|88/100 brn|[from] brn
|upkeep
|
|t:|1776187458
|switch|p2a: Ting-Lu|Ting-Lu|60/100
|-damage|p2a: Ting-Lu|54/100|[from] Stealth Rock
|-ability|p2a: Ting-Lu|Vessel of Ruin
|turn|55
|
|t:|1776187466
|move|p1a: Raging Bolt|Draco Meteor|p2a: Ting-Lu
|-damage|p2a: Ting-Lu|37/100
|-unboost|p1a: Raging Bolt|spa|2
|move|p2a: Ting-Lu|Earthquake|p1a: Raging Bolt
|-supereffective|p1a: Raging Bolt
|-damage|p1a: Raging Bolt|17/100 brn
|
|-heal|p2a: Ting-Lu|44/100|[from] item: Leftovers
|-damage|p1a: Raging Bolt|11/100 brn|[from] brn
|upkeep
|turn|56
|
|t:|1776187470
|move|p1a: Raging Bolt|Draco Meteor|p2a: Ting-Lu
|-damage|p2a: Ting-Lu|33/100
|-unboost|p1a: Raging Bolt|spa|2
|move|p2a: Ting-Lu|Earthquake|p1a: Raging Bolt
|-supereffective|p1a: Raging Bolt
|-damage|p1a: Raging Bolt|0 fnt
|faint|p1a: Raging Bolt
|-end|p1a: Raging Bolt|Protosynthesis|[silent]
|
|-heal|p2a: Ting-Lu|39/100|[from] item: Leftovers
|upkeep
|
|t:|1776187472
|switch|p1a: Gholdengo|Gholdengo|76/100
|-damage|p1a: Gholdengo|51/100|[from] Spikes
|-damage|p1a: Gholdengo|45/100|[from] Stealth Rock
|turn|57
|-message|70to90gxe forfeited.
|
|win|ULTHZ25 LASERS
|raw|70to90gxe's rating: 2012 &rarr; <strong>1988</strong><br />(-24 for losing)
|raw|ULTHZ25 LASERS's rating: 1934 &rarr; <strong>1958</strong><br />(+24 for winning)
|l|☆70to90gxe
|player|p1|
