|html|<div class="broadcast-blue"><strong>[Gen 9] OU is currently suspecting Tera Blast! For information on how to participate check out the <a href="https://www.smogon.com/tools/suspects/view/200">suspect thread</a>.</strong></div>
|j|☆zluis
|j|☆The Quaggie Boys
|t:|1776140063
|gametype|singles
|player|p1|zluis|1|1112
|player|p2|The Quaggie Boys|ingo|1106
|gen|9
|tier|[Gen 9] OU
|rated|
|rule|HP Percentage Mod: HP is shown in percentages
|rule|Endless Battle Clause: Forcing endless battles is banned
|rule|Species Clause: Limit one of each Pokémon
|rule|OHKO Clause: OHKO moves are banned
|rule|Evasion Items Clause: Evasion items are banned
|rule|Evasion Moves Clause: Evasion moves are banned
|rule|Evasion Abilities Clause: Evasion abilities are banned
|rule|Sleep Moves Clause: Sleep-inducing moves are banned
|clearpoke
|poke|p1|Ursaluna, M|
|poke|p1|Whimsicott, F|
|poke|p1|Regidrago|
|poke|p1|Cresselia, F|
|poke|p1|Glastrier|
|poke|p1|Hatterene, F|
|poke|p2|Quagsire, F|
|poke|p2|Camerupt, F|
|poke|p2|Hatterene, F|
|poke|p2|Hoopa-Unbound|
|poke|p2|Diancie|
|poke|p2|Necrozma|
|teampreview
|inactive|Battle timer is ON: inactive players will automatically lose when time's up. (requested by The Quaggie Boys)
|
|t:|1776140073
|teamsize|p1|6
|teamsize|p2|6
|start
|switch|p1a: Hatterene|Hatterene, F|100/100
|switch|p2a: Necrozma|Necrozma|100/100
|turn|1
|
|t:|1776140080
|move|p2a: Necrozma|Meteor Beam||[still]
|-prepare|p2a: Necrozma|Meteor Beam
|-boost|p2a: Necrozma|spa|1
|-enditem|p2a: Necrozma|Power Herb
|-anim|p2a: Necrozma|Meteor Beam|p1a: Hatterene|[miss]
|-miss|p2a: Necrozma|p1a: Hatterene
|move|p1a: Hatterene|Nuzzle|p2a: Necrozma
|-damage|p2a: Necrozma|96/100
|-status|p2a: Necrozma|par
|
|upkeep
|turn|2
|
|t:|1776140093
|move|p2a: Necrozma|Trick Room|p2a: Necrozma
|-fieldstart|move: Trick Room|[of] p2a: Necrozma
|move|p1a: Hatterene|Trick Room|p1a: Hatterene
|-fieldend|move: Trick Room
|
|upkeep
|turn|3
|
|t:|1776140099
|move|p1a: Hatterene|Draining Kiss|p2a: Necrozma
|-damage|p2a: Necrozma|76/100 par
|move|p2a: Necrozma|Trick Room|p2a: Necrozma
|-fieldstart|move: Trick Room|[of] p2a: Necrozma
|
|upkeep
|turn|4
|
|t:|1776140106
|move|p1a: Hatterene|Healing Wish|p1a: Hatterene
|faint|p1a: Hatterene
|move|p2a: Necrozma|Heat Wave|p1: Hatterene|[notarget]
|-fail|p2a: Necrozma
|
|upkeep
|
|t:|1776140125
|switch|p1a: Ursaluna|Ursaluna, M|100/100
|turn|5
|
|t:|1776140132
|move|p1a: Ursaluna|Earthquake|p2a: Necrozma
|-damage|p2a: Necrozma|21/100 par
|move|p2a: Necrozma|Photon Geyser|p1a: Ursaluna
|-damage|p1a: Ursaluna|21/100
|
|-status|p1a: Ursaluna|brn|[from] item: Flame Orb
|upkeep
|turn|6
|
|t:|1776140143
|move|p1a: Ursaluna|Facade|p2a: Necrozma
|-damage|p2a: Necrozma|0 fnt
|faint|p2a: Necrozma
|
|-damage|p1a: Ursaluna|15/100 brn|[from] brn
|upkeep
|
|t:|1776140157
|switch|p2a: Hatterene|Hatterene, F|100/100
|turn|7
|
|t:|1776140164
|switch|p1a: Whimsicott|Whimsicott, F|100/100
|move|p2a: Hatterene|Draining Kiss|p1a: Whimsicott
|-damage|p1a: Whimsicott|50/100
|-damage|p2a: Hatterene|91/100|[from] item: Life Orb
|
|-fieldend|move: Trick Room
|upkeep
|turn|8
|
|t:|1776140173
|move|p1a: Whimsicott|U-turn|p2a: Hatterene
|-damage|p2a: Hatterene|79/100
|
|t:|1776140176
|switch|p1a: Ursaluna|Ursaluna, M|15/100 brn|[from] U-turn
|-heal|p1a: Ursaluna|100/100|[from] move: Healing Wish
|move|p2a: Hatterene|Trick Room|p2a: Hatterene
|-fieldstart|move: Trick Room|[of] p2a: Hatterene
|
|-status|p1a: Ursaluna|brn|[from] item: Flame Orb
|upkeep
|turn|9
|
|t:|1776140191
|move|p2a: Hatterene|Psyshock|p1a: Ursaluna
|-damage|p1a: Ursaluna|56/100 brn
|-damage|p2a: Hatterene|69/100|[from] item: Life Orb
|move|p1a: Ursaluna|Facade|p2a: Hatterene
|-damage|p2a: Hatterene|0 fnt
|faint|p2a: Hatterene
|
|-damage|p1a: Ursaluna|50/100 brn|[from] brn
|upkeep
|
|t:|1776140201
|switch|p2a: Camerupt|Camerupt, F, shiny|100/100
|turn|10
|
|t:|1776140213
|move|p2a: Camerupt|Eruption|p1a: Ursaluna
|-damage|p1a: Ursaluna|0 fnt
|faint|p1a: Ursaluna
|
|upkeep
|
|t:|1776140235
|switch|p1a: Cresselia|Cresselia, F|100/100
|turn|11
|
|t:|1776140242
|move|p2a: Camerupt|Eruption|p1a: Cresselia
|-damage|p1a: Cresselia|50/100
|move|p1a: Cresselia|Light Screen|p1a: Cresselia
|-sidestart|p1: zluis|move: Light Screen
|
|upkeep
|turn|12
|
|t:|1776140252
|switch|p2a: Quagsire|Quagsire, F, shiny|100/100
|move|p1a: Cresselia|Lunar Dance|p1a: Cresselia
|faint|p1a: Cresselia
|
|-fieldend|move: Trick Room
|upkeep
|
|t:|1776140261
|switch|p1a: Glastrier|Glastrier|100/100
|turn|13
|
|t:|1776140265
|move|p2a: Quagsire|Brick Break|p1a: Glastrier
|-sideend|p1: zluis|move: Light Screen
|-supereffective|p1a: Glastrier
|-damage|p1a: Glastrier|59/100
|move|p1a: Glastrier|Trailblaze|p2a: Quagsire
|-supereffective|p2a: Quagsire
|-damage|p2a: Quagsire|23/100
|-boost|p1a: Glastrier|spe|1
|
|upkeep
|turn|14
|
|t:|1776140275
|move|p1a: Glastrier|Trailblaze|p2a: Quagsire
|-supereffective|p2a: Quagsire
|-damage|p2a: Quagsire|0 fnt
|-boost|p1a: Glastrier|spe|1
|faint|p2a: Quagsire
|-ability|p1a: Glastrier|Chilling Neigh|boost
|-boost|p1a: Glastrier|atk|1
|
|upkeep
|
|t:|1776140286
|switch|p2a: Diancie|Diancie, shiny|100/100
|turn|15
|
|t:|1776140297
|-terastallize|p2a: Diancie|Grass
|move|p1a: Glastrier|High Horsepower|p2a: Diancie
|-resisted|p2a: Diancie
|-damage|p2a: Diancie|76/100
|move|p2a: Diancie|Trick Room|p2a: Diancie
|-fieldstart|move: Trick Room|[of] p2a: Diancie
|
|upkeep
|turn|16
|
|t:|1776140313
|move|p2a: Diancie|Meteor Beam||[still]
|-prepare|p2a: Diancie|Meteor Beam
|-boost|p2a: Diancie|spa|1
|-enditem|p2a: Diancie|Power Herb
|-anim|p2a: Diancie|Meteor Beam|p1a: Glastrier
|-supereffective|p1a: Glastrier
|-damage|p1a: Glastrier|0 fnt
|faint|p1a: Glastrier
|
|upkeep
|
|t:|1776140320
|switch|p1a: Regidrago|Regidrago|100/100
|turn|17
|
|t:|1776140325
|move|p2a: Diancie|Moonblast|p1a: Regidrago
|-supereffective|p1a: Regidrago
|-damage|p1a: Regidrago|0 fnt
|faint|p1a: Regidrago
|
|upkeep
|-message|zluis forfeited.
|
|win|The Quaggie Boys
|raw|zluis's rating: 1112 &rarr; <strong>1087</strong><br />(-25 for losing)
|raw|The Quaggie Boys's rating: 1106 &rarr; <strong>1131</strong><br />(+25 for winning)
|l|☆zluis
|player|p1|
