|html|<div class="broadcast-blue"><strong>[Gen 9] OU is currently suspecting Volcarona! For information on how to participate check out the <a href="https://www.smogon.com/tools/suspects/view/208">suspect thread</a>.</strong></div>
|j|☆ryanman7
|j|☆WQX chunyule
|t:|1778501394
|gametype|singles
|player|p1|ryanman7|skier|1365
|player|p2|WQX chunyule|cynthia-masters4|1430
|gen|9
|tier|[Gen 9] OU
|rated|
|rule|HP Percentage Mod: HP is shown in percentages
|rule|Endless Battle Clause: Forcing endless battles is banned
|rule|Species Clause: Limit one of each Pokémon
|rule|OHKO Clause: OHKO moves are banned
|rule|Evasion Items Clause: Evasion items are banned
|rule|Evasion Moves Clause: Evasion moves are banned
|rule|Evasion Abilities Clause: Evasion abilities are banned
|rule|Sleep Moves Clause: Sleep-inducing moves are banned
|clearpoke
|poke|p1|Gyarados, F|
|poke|p1|Ursaluna, F|
|poke|p1|Clefable, F|
|poke|p1|Dragapult, M|
|poke|p1|Amoonguss, M|
|poke|p1|Iron Treads|
|poke|p2|Ogerpon-Wellspring, F|
|poke|p2|Pecharunt|
|poke|p2|Great Tusk|
|poke|p2|Iron Crown|
|poke|p2|Dragonite, F|
|poke|p2|Samurott-Hisui, F|
|teampreview
|inactive|Battle timer is ON: inactive players will automatically lose when time's up. (requested by WQX chunyule)
|inactive|ryanman7 has 120 seconds left.
|
|t:|1778501428
|teamsize|p1|6
|teamsize|p2|6
|start
|switch|p1a: Dragapult|Dragapult, M|100/100
|switch|p2a: Iron Crown|Iron Crown|100/100
|turn|1
|l|☆ryanman7
|inactive|ryanman7 disconnected and has a minute to reconnect!
|player|p1|
|inactive|ryanman7 has 30 seconds to reconnect!
|inactive|ryanman7 has 20 seconds to reconnect!
|inactive|ryanman7 has 15 seconds to reconnect!
|inactive|ryanman7 has 10 seconds to reconnect!
|inactive|ryanman7 has 5 seconds to reconnect!
|j|☆ryanman7
|inactive|ryanman7 reconnected and has 95 seconds left.
|player|p1|ryanman7|skier|
|inactive|ryanman7 has 90 seconds left.
|
|t:|1778501494
|-end|p2a: Iron Crown|Quark Drive|[silent]
|switch|p2a: Samurott|Samurott-Hisui, F|100/100
|move|p1a: Dragapult|Shadow Ball|p2a: Samurott
|-resisted|p2a: Samurott
|-damage|p2a: Samurott|85/100
|
|upkeep
|turn|2
|inactive|ryanman7 has 90 seconds left.
|
|t:|1778501501
|switch|p1a: Clefable|Clefable, F|100/100
|move|p2a: Samurott|Ceaseless Edge|p1a: Clefable|[miss]
|-miss|p2a: Samurott|p1a: Clefable
|
|upkeep
|turn|3
|
|t:|1778501509
|move|p2a: Samurott|Flip Turn|p1a: Clefable
|-damage|p1a: Clefable|82/100
|c|☆WQX chunyule|🐱
|
|t:|1778501513
|switch|p2a: Iron Crown|Iron Crown|100/100|[from] Flip Turn
|move|p1a: Clefable|Moonblast|p2a: Iron Crown
|-resisted|p2a: Iron Crown
|-damage|p2a: Iron Crown|85/100
|
|upkeep
|turn|4
|
|t:|1778501519
|switch|p1a: Iron Treads|Iron Treads|100/100
|-terastallize|p2a: Iron Crown|Steel
|move|p2a: Iron Crown|Tachyon Cutter|p1a: Iron Treads
|-resisted|p1a: Iron Treads
|-damage|p1a: Iron Treads|67/100
|-resisted|p1a: Iron Treads
|-damage|p1a: Iron Treads|34/100
|-hitcount|p1a: Iron Treads|2
|
|-heal|p1a: Iron Treads|40/100|[from] item: Leftovers
|upkeep
|turn|5
|
|t:|1778501527
|-end|p2a: Iron Crown|Quark Drive|[silent]
|switch|p2a: Dragonite|Dragonite, F|100/100
|move|p1a: Iron Treads|Knock Off|p2a: Dragonite
|-damage|p2a: Dragonite|83/100
|-enditem|p2a: Dragonite|Choice Band|[from] move: Knock Off|[of] p1a: Iron Treads
|
|-heal|p1a: Iron Treads|46/100|[from] item: Leftovers
|upkeep
|turn|6
|inactive|ryanman7 has 120 seconds left.
|
|t:|1778501533
|-end|p1a: Iron Treads|Quark Drive|[silent]
|switch|p1a: Clefable|Clefable, F|82/100
|move|p2a: Dragonite|Earthquake|p1a: Clefable
|-crit|p1a: Clefable
|-damage|p1a: Clefable|41/100
|
|upkeep
|turn|7
|
|t:|1778501539
|switch|p2a: Iron Crown|Iron Crown, tera:Steel|85/100
|move|p1a: Clefable|Moonlight|p1a: Clefable
|-heal|p1a: Clefable|91/100
|
|upkeep
|turn|8
|inactive|ryanman7 has 120 seconds left.
|
|t:|1778501567
|move|p2a: Iron Crown|Tachyon Cutter|p1a: Clefable
|-supereffective|p1a: Clefable
|-damage|p1a: Clefable|0 fnt
|faint|p1a: Clefable
|-hitcount|p1: Clefable|1
|
|upkeep
|
|t:|1778501572
|switch|p1a: Iron Treads|Iron Treads|46/100
|turn|9
|
|t:|1778501576
|-end|p2a: Iron Crown|Quark Drive|[silent]
|switch|p2a: Dragonite|Dragonite, F|83/100
|move|p1a: Iron Treads|Stealth Rock|p2a: Dragonite
|-sidestart|p2: WQX chunyule|move: Stealth Rock
|
|-heal|p1a: Iron Treads|53/100|[from] item: Leftovers
|upkeep
|turn|10
|
|t:|1778501589
|-end|p1a: Iron Treads|Quark Drive|[silent]
|switch|p1a: Gyarados|Gyarados, F|100/100
|move|p2a: Dragonite|Earthquake|p1a: Gyarados
|-immune|p1a: Gyarados
|
|upkeep
|turn|11
|
|t:|1778501598
|switch|p1a: Dragapult|Dragapult, M|100/100
|move|p2a: Dragonite|Outrage|p1a: Dragapult
|-supereffective|p1a: Dragapult
|-damage|p1a: Dragapult|0 fnt
|faint|p1a: Dragapult
|
|upkeep
|c|☆ryanman7|not my finest switch
|inactive|ryanman7 has 120 seconds left.
|
|t:|1778501614
|switch|p1a: Amoonguss|Amoonguss, M|100/100
|turn|12
|
|t:|1778501623
|switch|p1a: Ursaluna|Ursaluna, F|100/100
|move|p2a: Dragonite|Outrage|p1a: Ursaluna|[from] lockedmove
|-damage|p1a: Ursaluna|44/100
|
|-status|p1a: Ursaluna|brn|[from] item: Flame Orb
|upkeep
|turn|13
|c|☆WQX chunyule|？
|c|☆ryanman7|yea idk
|inactive|ryanman7 has 120 seconds left.
|c|☆ryanman7|i was like "hes gonna go pech"
|c|☆ryanman7|but youre locked lmao
|
|t:|1778501665
|switch|p1a: Amoonguss|Amoonguss, M|100/100
|move|p2a: Dragonite|Outrage|p1a: Amoonguss|[from] lockedmove
|-crit|p1a: Amoonguss
|-damage|p1a: Amoonguss|29/100
|-start|p2a: Dragonite|confusion|[fatigue]
|
|upkeep
|turn|14
|inactive|ryanman7 has 90 seconds left.
|
|t:|1778501683
|switch|p1a: Iron Treads|Iron Treads|53/100
|-activate|p2a: Dragonite|confusion
|-damage|p2a: Dragonite|66/100|[from] confusion
|
|-heal|p1a: Iron Treads|59/100|[from] item: Leftovers
|upkeep
|turn|15
|
|t:|1778501689
|-end|p1a: Iron Treads|Quark Drive|[silent]
|switch|p1a: Amoonguss|Amoonguss, M|62/100
|-activate|p2a: Dragonite|confusion
|move|p2a: Dragonite|Earthquake|p1a: Amoonguss
|-damage|p1a: Amoonguss|37/100
|
|upkeep
|turn|16
|
|t:|1778501698
|switch|p1a: Gyarados|Gyarados, F|100/100
|-end|p2a: Dragonite|confusion
|move|p2a: Dragonite|Ice Spinner|p1a: Gyarados
|-damage|p1a: Gyarados|67/100
|
|-heal|p1a: Gyarados|73/100|[from] item: Leftovers
|upkeep
|turn|17
|
|t:|1778501710
|move|p1a: Gyarados|Waterfall|p2a: Dragonite
|-resisted|p2a: Dragonite
|-damage|p2a: Dragonite|44/100
|move|p2a: Dragonite|Outrage|p1a: Gyarados
|-damage|p1a: Gyarados|0 fnt
|faint|p1a: Gyarados
|
|upkeep
|
|t:|1778501715
|switch|p1a: Amoonguss|Amoonguss, M|70/100
|turn|18
|
|t:|1778501721
|move|p2a: Dragonite|Outrage|p1a: Amoonguss|[from] lockedmove
|-damage|p1a: Amoonguss|23/100
|move|p1a: Amoonguss|Foul Play|p2a: Dragonite
|-damage|p2a: Dragonite|9/100
|
|upkeep
|turn|19
|c|☆ryanman7|gg
|-message|ryanman7 forfeited.
|
|win|WQX chunyule
|raw|ryanman7's rating: 1365 &rarr; <strong>1349</strong><br />(-16 for losing)
|raw|WQX chunyule's rating: 1430 &rarr; <strong>1446</strong><br />(+16 for winning)
|l|☆ryanman7
|player|p1|
|l|☆WQX chunyule
|player|p2|
