|html|<div class="broadcast-blue"><strong>[Gen 9] OU is currently suspecting Tera Blast! For information on how to participate check out the <a href="https://www.smogon.com/tools/suspects/view/200">suspect thread</a>.</strong></div>
|j|☆THESWIMMER974
|j|☆AteefIsThug
|t:|1776059733
|gametype|singles
|player|p1|THESWIMMER974|swimmer|1233
|player|p2|AteefIsThug|ingo|1249
|gen|9
|tier|[Gen 9] OU
|rated|
|rule|HP Percentage Mod: HP is shown in percentages
|rule|Endless Battle Clause: Forcing endless battles is banned
|rule|Species Clause: Limit one of each Pokémon
|rule|OHKO Clause: OHKO moves are banned
|rule|Evasion Items Clause: Evasion items are banned
|rule|Evasion Moves Clause: Evasion moves are banned
|rule|Evasion Abilities Clause: Evasion abilities are banned
|rule|Sleep Moves Clause: Sleep-inducing moves are banned
|clearpoke
|poke|p1|Bronzong|
|poke|p1|Ursaluna, M|
|poke|p1|Hatterene, F|
|poke|p1|Cresselia, F|
|poke|p1|Glastrier|
|poke|p1|Iron Hands|
|poke|p2|Cloyster, M|
|poke|p2|Garganacl, F|
|poke|p2|Dondozo, F|
|poke|p2|Dragonite, M|
|poke|p2|Pecharunt|
|poke|p2|Iron Moth|
|teampreview
|inactive|Battle timer is ON: inactive players will automatically lose when time's up. (requested by AteefIsThug)
|
|t:|1776059737
|teamsize|p1|6
|teamsize|p2|6
|start
|switch|p1a: DING-DONG|Bronzong|100/100
|switch|p2a: Garganacl|Garganacl, F|100/100
|turn|1
|
|t:|1776059744
|move|p2a: Garganacl|Salt Cure|p1a: DING-DONG
|-resisted|p1a: DING-DONG
|-damage|p1a: DING-DONG|94/100
|-start|p1a: DING-DONG|Salt Cure
|move|p1a: DING-DONG|Trick Room|p1a: DING-DONG
|-fieldstart|move: Trick Room|[of] p1a: DING-DONG
|
|-damage|p1a: DING-DONG|69/100|[from] Salt Cure
|upkeep
|turn|2
|
|t:|1776059752
|move|p1a: DING-DONG|Stealth Rock|p2a: Garganacl
|-sidestart|p2: AteefIsThug|move: Stealth Rock
|move|p2a: Garganacl|Stealth Rock|p1a: DING-DONG
|-sidestart|p1: THESWIMMER974|move: Stealth Rock
|
|-damage|p1a: DING-DONG|45/100|[from] Salt Cure
|upkeep
|turn|3
|
|t:|1776059760
|move|p1a: DING-DONG|Steel Beam|p2a: Garganacl|[miss]
|-miss|p1a: DING-DONG|p2a: Garganacl
|-damage|p1a: DING-DONG|0 fnt|[from] steelbeam
|faint|p1a: DING-DONG
|move|p2a: Garganacl|Iron Defense|p2a: Garganacl
|-boost|p2a: Garganacl|def|2
|
|upkeep
|c|☆AteefIsThug|lmao
|
|t:|1776059770
|switch|p1a: GRIZZLY|Ursaluna, M|100/100
|-damage|p1a: GRIZZLY|94/100|[from] Stealth Rock
|turn|4
|
|t:|1776059774
|move|p1a: GRIZZLY|Swords Dance|p1a: GRIZZLY
|-boost|p1a: GRIZZLY|atk|2
|move|p2a: Garganacl|Salt Cure|p1a: GRIZZLY
|-resisted|p1a: GRIZZLY
|-damage|p1a: GRIZZLY|89/100
|-start|p1a: GRIZZLY|Salt Cure
|
|-damage|p1a: GRIZZLY|77/100|[from] Salt Cure
|-status|p1a: GRIZZLY|brn|[from] item: Flame Orb
|upkeep
|turn|5
|
|t:|1776059785
|move|p1a: GRIZZLY|Earthquake|p2a: Garganacl
|-supereffective|p2a: Garganacl
|-damage|p2a: Garganacl|0 fnt
|faint|p2a: Garganacl
|
|-damage|p1a: GRIZZLY|71/100 brn|[from] brn
|-damage|p1a: GRIZZLY|58/100 brn|[from] Salt Cure
|-fieldend|move: Trick Room
|upkeep
|
|t:|1776059796
|switch|p2a: Pecharunt|Pecharunt|100/100
|-damage|p2a: Pecharunt|88/100|[from] Stealth Rock
|turn|6
|
|t:|1776059800
|move|p2a: Pecharunt|Protect|p2a: Pecharunt
|-singleturn|p2a: Pecharunt|Protect
|move|p1a: GRIZZLY|Earthquake|p2a: Pecharunt
|-activate|p2a: Pecharunt|move: Protect
|
|-damage|p1a: GRIZZLY|52/100 brn|[from] brn
|-damage|p1a: GRIZZLY|39/100 brn|[from] Salt Cure
|upkeep
|turn|7
|
|t:|1776059809
|switch|p2a: Dragonite|Dragonite, M|100/100
|-damage|p2a: Dragonite|76/100|[from] Stealth Rock
|move|p1a: GRIZZLY|Facade|p2a: Dragonite
|-damage|p2a: Dragonite|0 fnt
|faint|p2a: Dragonite
|
|-damage|p1a: GRIZZLY|33/100 brn|[from] brn
|-damage|p1a: GRIZZLY|21/100 brn|[from] Salt Cure
|upkeep
|
|t:|1776059814
|switch|p2a: Pecharunt|Pecharunt|88/100
|-damage|p2a: Pecharunt|76/100|[from] Stealth Rock
|turn|8
|
|t:|1776059825
|switch|p1a: MARSHMALLOW|Hatterene, F|100/100
|-damage|p1a: MARSHMALLOW|88/100|[from] Stealth Rock
|move|p2a: Pecharunt|Protect||[still]
|-fail|p2a: Pecharunt
|
|upkeep
|turn|9
|
|t:|1776059832
|move|p2a: Pecharunt|Malignant Chain|p1a: MARSHMALLOW
|-supereffective|p1a: MARSHMALLOW
|-damage|p1a: MARSHMALLOW|3/100
|move|p1a: MARSHMALLOW|Trick Room|p1a: MARSHMALLOW
|-fieldstart|move: Trick Room|[of] p1a: MARSHMALLOW
|
|upkeep
|turn|10
|
|t:|1776059843
|move|p1a: MARSHMALLOW|Psychic|p2a: Pecharunt
|-supereffective|p2a: Pecharunt
|-damage|p2a: Pecharunt|0 fnt
|faint|p2a: Pecharunt
|-damage|p1a: MARSHMALLOW|0 fnt|[from] item: Life Orb
|faint|p1a: MARSHMALLOW
|
|upkeep
|
|t:|1776059862
|switch|p1a: TYSON|Iron Hands|100/100
|switch|p2a: Cloyster|Cloyster, M|100/100
|-damage|p1a: TYSON|94/100|[from] Stealth Rock
|-damage|p2a: Cloyster|76/100|[from] Stealth Rock
|-enditem|p1a: TYSON|Booster Energy
|-activate|p1a: TYSON|ability: Quark Drive|[fromitem]
|-start|p1a: TYSON|quarkdriveatk
|turn|11
|
|t:|1776059876
|move|p1a: TYSON|Supercell Slam|p2a: Cloyster
|-supereffective|p2a: Cloyster
|-damage|p2a: Cloyster|0 fnt
|faint|p2a: Cloyster
|
|upkeep
|
|t:|1776059880
|switch|p2a: Iron Moth|Iron Moth, shiny|100/100
|-damage|p2a: Iron Moth|76/100|[from] Stealth Rock
|-enditem|p2a: Iron Moth|Booster Energy
|-activate|p2a: Iron Moth|ability: Quark Drive|[fromitem]
|-start|p2a: Iron Moth|quarkdrivespa
|turn|12
|
|t:|1776059891
|move|p1a: TYSON|Supercell Slam|p2a: Iron Moth
|-damage|p2a: Iron Moth|0 fnt
|faint|p2a: Iron Moth
|-end|p2a: Iron Moth|Quark Drive|[silent]
|
|upkeep
|
|t:|1776059894
|switch|p2a: Dondozo|Dondozo, F, shiny|100/100
|-damage|p2a: Dondozo|88/100|[from] Stealth Rock
|turn|13
|
|t:|1776059900
|-terastallize|p2a: Dondozo|Ground
|move|p1a: TYSON|Supercell Slam|p2a: Dondozo
|-immune|p2a: Dondozo
|-damage|p1a: TYSON|45/100|[from] supercellslam
|move|p2a: Dondozo|Curse|p2a: Dondozo
|-unboost|p2a: Dondozo|spe|1
|-boost|p2a: Dondozo|atk|1
|-boost|p2a: Dondozo|def|1
|
|-heal|p2a: Dondozo|94/100|[from] item: Leftovers
|-fieldend|move: Trick Room
|upkeep
|turn|14
|
|t:|1776059913
|move|p1a: TYSON|Ice Punch|p2a: Dondozo
|-supereffective|p2a: Dondozo
|-damage|p2a: Dondozo|76/100
|move|p2a: Dondozo|Curse|p2a: Dondozo
|-unboost|p2a: Dondozo|spe|1
|-boost|p2a: Dondozo|atk|1
|-boost|p2a: Dondozo|def|1
|
|-heal|p2a: Dondozo|82/100|[from] item: Leftovers
|upkeep
|turn|15
|
|t:|1776059924
|move|p1a: TYSON|Ice Punch|p2a: Dondozo
|-supereffective|p2a: Dondozo
|-damage|p2a: Dondozo|68/100
|move|p2a: Dondozo|Curse|p2a: Dondozo
|-unboost|p2a: Dondozo|spe|1
|-boost|p2a: Dondozo|atk|1
|-boost|p2a: Dondozo|def|1
|
|-heal|p2a: Dondozo|74/100|[from] item: Leftovers
|upkeep
|turn|16
|
|t:|1776059950
|move|p1a: TYSON|Ice Punch|p2a: Dondozo
|-supereffective|p2a: Dondozo
|-damage|p2a: Dondozo|62/100
|move|p2a: Dondozo|Curse|p2a: Dondozo
|-unboost|p2a: Dondozo|spe|1
|-boost|p2a: Dondozo|atk|1
|-boost|p2a: Dondozo|def|1
|
|-heal|p2a: Dondozo|68/100|[from] item: Leftovers
|upkeep
|turn|17
|l|☆THESWIMMER974
|inactive|THESWIMMER974 disconnected and has a minute to reconnect!
|player|p1|
|inactive|THESWIMMER974 has 30 seconds to reconnect!
|inactive|THESWIMMER974 has 20 seconds to reconnect!
|inactive|THESWIMMER974 has 15 seconds to reconnect!
|inactive|THESWIMMER974 has 10 seconds to reconnect!
|inactive|THESWIMMER974 has 5 seconds to reconnect!
|-message|THESWIMMER974 lost due to inactivity.
|
|win|AteefIsThug
|raw|THESWIMMER974's rating: 1233 &rarr; <strong>1209</strong><br />(-24 for losing)
|raw|AteefIsThug's rating: 1249 &rarr; <strong>1273</strong><br />(+24 for winning)
|j|☆THESWIMMER974
|player|p1|THESWIMMER974|swimmer|
|l|☆THESWIMMER974
|player|p1|
|l|☆AteefIsThug
|player|p2|
