|html|<div class="broadcast-blue"><strong>[Gen 9] OU is currently suspecting Tera Blast! For information on how to participate check out the <a href="https://www.smogon.com/tools/suspects/view/200">suspect thread</a>.</strong></div>
|j|☆blabab
|j|☆Blastoise_Choice
|t:|1776121418
|gametype|singles
|player|p1|blabab|miku-ground|1463
|player|p2|Blastoise_Choice|101|1507
|gen|9
|tier|[Gen 9] OU
|rated|
|rule|HP Percentage Mod: HP is shown in percentages
|rule|Endless Battle Clause: Forcing endless battles is banned
|rule|Species Clause: Limit one of each Pokémon
|rule|OHKO Clause: OHKO moves are banned
|rule|Evasion Items Clause: Evasion items are banned
|rule|Evasion Moves Clause: Evasion moves are banned
|rule|Evasion Abilities Clause: Evasion abilities are banned
|rule|Sleep Moves Clause: Sleep-inducing moves are banned
|clearpoke
|poke|p1|Gliscor, F|
|poke|p1|Iron Crown|
|poke|p1|Darkrai|
|poke|p1|Hatterene, F|
|poke|p1|Moltres|
|poke|p1|Ogerpon-Wellspring, F|
|poke|p2|Garganacl, F|
|poke|p2|Darkrai|
|poke|p2|Great Tusk|
|poke|p2|Hatterene, F|
|poke|p2|Tornadus-Therian, M|
|poke|p2|Dragonite, M|
|teampreview
|inactive|Battle timer is ON: inactive players will automatically lose when time's up. (requested by blabab)
|
|t:|1776121427
|teamsize|p1|6
|teamsize|p2|6
|start
|switch|p1a: Ogerpon|Ogerpon-Wellspring, F|100/100
|switch|p2a: Darkrai|Darkrai|100/100
|turn|1
|c|☆Blastoise_Choice|hf
|inactive|Blastoise_Choice also wants the timer to be on.
|
|t:|1776121438
|move|p2a: Darkrai|Dark Pulse|p1a: Ogerpon
|-damage|p1a: Ogerpon|24/100
|move|p1a: Ogerpon|U-turn|p2a: Darkrai
|-supereffective|p2a: Darkrai
|-damage|p2a: Darkrai|30/100
|
|t:|1776121443
|switch|p1a: Iron Crown|Iron Crown|100/100|[from] U-turn
|-enditem|p1a: Iron Crown|Booster Energy
|-activate|p1a: Iron Crown|ability: Quark Drive|[fromitem]
|-start|p1a: Iron Crown|quarkdrivespe
|
|upkeep
|turn|2
|
|t:|1776121449
|switch|p2a: Dragonite|Dragonite, M|100/100
|move|p1a: Iron Crown|Tachyon Cutter|p2a: Dragonite
|-damage|p2a: Dragonite|90/100
|-damage|p2a: Dragonite|69/100
|-hitcount|p2a: Dragonite|2
|
|upkeep
|turn|3
|
|t:|1776121455
|move|p1a: Iron Crown|Tachyon Cutter|p2a: Dragonite
|-damage|p2a: Dragonite|49/100
|-crit|p2a: Dragonite
|-damage|p2a: Dragonite|13/100
|-hitcount|p2a: Dragonite|2
|move|p2a: Dragonite|Roost|p2a: Dragonite
|-heal|p2a: Dragonite|63/100
|-singleturn|p2a: Dragonite|move: Roost
|
|upkeep
|turn|4
|
|t:|1776121462
|move|p1a: Iron Crown|Tachyon Cutter|p2a: Dragonite
|-damage|p2a: Dragonite|41/100
|-damage|p2a: Dragonite|20/100
|-hitcount|p2a: Dragonite|2
|move|p2a: Dragonite|Roost|p2a: Dragonite
|-heal|p2a: Dragonite|70/100
|-singleturn|p2a: Dragonite|move: Roost
|
|upkeep
|turn|5
|
|t:|1776121469
|move|p1a: Iron Crown|Tachyon Cutter|p2a: Dragonite
|-damage|p2a: Dragonite|49/100
|-damage|p2a: Dragonite|28/100
|-hitcount|p2a: Dragonite|2
|move|p2a: Dragonite|Roost|p2a: Dragonite
|-heal|p2a: Dragonite|78/100
|-singleturn|p2a: Dragonite|move: Roost
|
|upkeep
|turn|6
|
|t:|1776121475
|move|p1a: Iron Crown|Tachyon Cutter|p2a: Dragonite
|-damage|p2a: Dragonite|57/100
|-damage|p2a: Dragonite|33/100
|-hitcount|p2a: Dragonite|2
|move|p2a: Dragonite|Roost|p2a: Dragonite
|-heal|p2a: Dragonite|83/100
|-singleturn|p2a: Dragonite|move: Roost
|
|upkeep
|turn|7
|
|t:|1776121482
|move|p1a: Iron Crown|Calm Mind|p1a: Iron Crown
|-boost|p1a: Iron Crown|spa|1
|-boost|p1a: Iron Crown|spd|1
|move|p2a: Dragonite|Earthquake|p1a: Iron Crown
|-supereffective|p1a: Iron Crown
|-damage|p1a: Iron Crown|28/100
|
|upkeep
|turn|8
|
|t:|1776121489
|-terastallize|p2a: Dragonite|Normal
|move|p2a: Dragonite|Extreme Speed|p1a: Iron Crown
|-resisted|p1a: Iron Crown
|-damage|p1a: Iron Crown|2/100
|move|p1a: Iron Crown|Tachyon Cutter|p2a: Dragonite
|-damage|p2a: Dragonite|48/100
|-damage|p2a: Dragonite|15/100
|-hitcount|p2a: Dragonite|2
|
|upkeep
|turn|9
|
|t:|1776121500
|-end|p1a: Iron Crown|Quark Drive|[silent]
|switch|p1a: Moltres|Moltres|100/100
|move|p2a: Dragonite|Extreme Speed|p1a: Moltres
|-damage|p1a: Moltres|54/100
|-status|p2a: Dragonite|brn|[from] ability: Flame Body|[of] p1a: Moltres
|
|-damage|p2a: Dragonite|9/100 brn|[from] brn
|upkeep
|turn|10
|
|t:|1776121507
|move|p2a: Dragonite|Roost|p2a: Dragonite
|-heal|p2a: Dragonite|59/100 brn
|move|p1a: Moltres|Roost|p1a: Moltres
|-heal|p1a: Moltres|100/100
|-singleturn|p1a: Moltres|move: Roost
|
|-damage|p2a: Dragonite|53/100 brn|[from] brn
|upkeep
|turn|11
|
|t:|1776121513
|move|p2a: Dragonite|Roost|p2a: Dragonite
|-heal|p2a: Dragonite|100/100 brn
|move|p1a: Moltres|U-turn|p2a: Dragonite
|-damage|p2a: Dragonite|94/100 brn
|
|t:|1776121514
|switch|p1a: Gliscor|Gliscor, F|100/100|[from] U-turn
|
|-damage|p2a: Dragonite|88/100 brn|[from] brn
|-status|p1a: Gliscor|tox|[from] item: Toxic Orb
|upkeep
|turn|12
|
|t:|1776121521
|switch|p2a: Hatterene|Hatterene, F|100/100
|move|p1a: Gliscor|Swords Dance|p1a: Gliscor
|-boost|p1a: Gliscor|atk|2
|
|upkeep
|turn|13
|
|t:|1776121527
|switch|p2a: Great Tusk|Great Tusk|100/100
|-enditem|p2a: Great Tusk|Booster Energy
|-activate|p2a: Great Tusk|ability: Protosynthesis|[fromitem]
|-start|p2a: Great Tusk|protosynthesisatk
|move|p1a: Gliscor|Swords Dance|p1a: Gliscor
|-boost|p1a: Gliscor|atk|2
|
|upkeep
|turn|14
|
|t:|1776121534
|-end|p2a: Great Tusk|Protosynthesis|[silent]
|switch|p2a: Garganacl|Garganacl, F|100/100
|-terastallize|p1a: Gliscor|Ghost
|move|p1a: Gliscor|Agility|p1a: Gliscor
|-boost|p1a: Gliscor|spe|2
|
|upkeep
|turn|15
|
|t:|1776121541
|move|p2a: Garganacl|Protect|p2a: Garganacl
|-singleturn|p2a: Garganacl|Protect
|move|p1a: Gliscor|Earthquake|p2a: Garganacl
|-activate|p2a: Garganacl|move: Protect
|
|upkeep
|turn|16
|
|t:|1776121544
|switch|p2a: Tornadus|Tornadus-Therian, M, shiny|100/100
|move|p1a: Gliscor|Earthquake|p2a: Tornadus
|-immune|p2a: Tornadus
|
|upkeep
|turn|17
|
|t:|1776121548
|switch|p2a: Garganacl|Garganacl, F|100/100
|move|p1a: Gliscor|Tera Blast|p2a: Garganacl|[anim] Tera Blast Ghost
|-damage|p2a: Garganacl|75/100
|
|-heal|p2a: Garganacl|81/100|[from] item: Leftovers
|upkeep
|turn|18
|
|t:|1776121552
|move|p2a: Garganacl|Protect|p2a: Garganacl
|-singleturn|p2a: Garganacl|Protect
|move|p1a: Gliscor|Earthquake|p2a: Garganacl
|-activate|p2a: Garganacl|move: Protect
|
|-heal|p2a: Garganacl|87/100|[from] item: Leftovers
|upkeep
|turn|19
|
|t:|1776121564
|switch|p2a: Tornadus|Tornadus-Therian, M, shiny|100/100
|move|p1a: Gliscor|Earthquake|p2a: Tornadus
|-immune|p2a: Tornadus
|
|upkeep
|turn|20
|
|t:|1776121568
|switch|p2a: Garganacl|Garganacl, F|87/100
|move|p1a: Gliscor|Swords Dance|p1a: Gliscor
|-boost|p1a: Gliscor|atk|2
|
|-heal|p2a: Garganacl|94/100|[from] item: Leftovers
|upkeep
|turn|21
|
|t:|1776121571
|move|p2a: Garganacl|Protect|p2a: Garganacl
|-singleturn|p2a: Garganacl|Protect
|move|p1a: Gliscor|Earthquake|p2a: Garganacl
|-activate|p2a: Garganacl|move: Protect
|
|-heal|p2a: Garganacl|99/100|[from] item: Leftovers
|upkeep
|turn|22
|
|t:|1776121575
|switch|p2a: Tornadus|Tornadus-Therian, M, shiny|100/100
|move|p1a: Gliscor|Earthquake|p2a: Tornadus
|-immune|p2a: Tornadus
|
|upkeep
|turn|23
|
|t:|1776121578
|switch|p2a: Dragonite|Dragonite, M, tera:Normal|88/100 brn
|move|p1a: Gliscor|Tera Blast|p2a: Dragonite|[anim] Tera Blast Ghost
|-immune|p2a: Dragonite
|
|-damage|p2a: Dragonite|82/100 brn|[from] brn
|upkeep
|turn|24
|
|t:|1776121582
|switch|p2a: Tornadus|Tornadus-Therian, M, shiny|100/100
|move|p1a: Gliscor|Earthquake|p2a: Tornadus
|-immune|p2a: Tornadus
|
|upkeep
|turn|25
|
|t:|1776121585
|switch|p2a: Dragonite|Dragonite, M, tera:Normal|82/100 brn
|move|p1a: Gliscor|Tera Blast|p2a: Dragonite|[anim] Tera Blast Ghost
|-immune|p2a: Dragonite
|
|-damage|p2a: Dragonite|76/100 brn|[from] brn
|upkeep
|turn|26
|
|t:|1776121589
|switch|p2a: Tornadus|Tornadus-Therian, M, shiny|100/100
|move|p1a: Gliscor|Earthquake|p2a: Tornadus
|-immune|p2a: Tornadus
|
|upkeep
|turn|27
|
|t:|1776121592
|switch|p2a: Dragonite|Dragonite, M, tera:Normal|76/100 brn
|move|p1a: Gliscor|Earthquake|p2a: Dragonite
|-damage|p2a: Dragonite|0 fnt
|faint|p2a: Dragonite
|
|upkeep
|
|t:|1776121596
|switch|p2a: Garganacl|Garganacl, F|99/100
|turn|28
|
|t:|1776121600
|switch|p2a: Tornadus|Tornadus-Therian, M, shiny|100/100
|move|p1a: Gliscor|Earthquake|p2a: Tornadus
|-immune|p2a: Tornadus
|
|upkeep
|turn|29
|
|t:|1776121603
|switch|p2a: Garganacl|Garganacl, F|99/100
|move|p1a: Gliscor|Tera Blast|p2a: Garganacl|[anim] Tera Blast Ghost
|-damage|p2a: Garganacl|66/100
|
|-heal|p2a: Garganacl|72/100|[from] item: Leftovers
|upkeep
|turn|30
|
|t:|1776121607
|move|p2a: Garganacl|Protect|p2a: Garganacl
|-singleturn|p2a: Garganacl|Protect
|move|p1a: Gliscor|Agility|p1a: Gliscor
|-boost|p1a: Gliscor|spe|2
|
|-heal|p2a: Garganacl|78/100|[from] item: Leftovers
|upkeep
|turn|31
|
|t:|1776121611
|switch|p2a: Tornadus|Tornadus-Therian, M, shiny|100/100
|move|p1a: Gliscor|Tera Blast|p2a: Tornadus|[anim] Tera Blast Ghost
|-damage|p2a: Tornadus|0 fnt
|faint|p2a: Tornadus
|
|upkeep
|
|t:|1776121615
|switch|p2a: Great Tusk|Great Tusk|100/100
|turn|32
|
|t:|1776121619
|move|p1a: Gliscor|Earthquake|p2a: Great Tusk
|-damage|p2a: Great Tusk|10/100
|move|p2a: Great Tusk|Close Combat|p1a: Gliscor
|-immune|p1a: Gliscor
|
|upkeep
|turn|33
|
|t:|1776121623
|move|p1a: Gliscor|Tera Blast|p2a: Great Tusk|[anim] Tera Blast Ghost
|-crit|p2a: Great Tusk
|-damage|p2a: Great Tusk|0 fnt
|faint|p2a: Great Tusk
|-end|p2a: Great Tusk|Protosynthesis|[silent]
|
|upkeep
|
|t:|1776121627
|switch|p2a: Hatterene|Hatterene, F|100/100
|turn|34
|
|t:|1776121630
|move|p1a: Gliscor|Tera Blast|p2a: Hatterene|[anim] Tera Blast Ghost
|-supereffective|p2a: Hatterene
|-damage|p2a: Hatterene|0 fnt
|faint|p2a: Hatterene
|
|upkeep
|
|t:|1776121634
|switch|p2a: Darkrai|Darkrai|30/100
|turn|35
|
|t:|1776121637
|move|p1a: Gliscor|Earthquake|p2a: Darkrai
|-crit|p2a: Darkrai
|-damage|p2a: Darkrai|0 fnt
|faint|p2a: Darkrai
|
|upkeep
|
|t:|1776121641
|switch|p2a: Garganacl|Garganacl, F|78/100
|turn|36
|
|t:|1776121644
|move|p1a: Gliscor|Earthquake|p2a: Garganacl
|-supereffective|p2a: Garganacl
|-damage|p2a: Garganacl|0 fnt
|faint|p2a: Garganacl
|
|win|blabab
|raw|blabab's rating: 1463 &rarr; <strong>1486</strong><br />(+23 for winning)
|raw|Blastoise_Choice's rating: 1507 &rarr; <strong>1484</strong><br />(-23 for losing)
|c|☆Blastoise_Choice|gg
