|html|<div class="broadcast-blue"><strong>[Gen 9] OU is currently suspecting Tera Blast! For information on how to participate check out the <a href="https://www.smogon.com/tools/suspects/view/200">suspect thread</a>.</strong></div>
|j|☆mortardom
|j|☆Auburn Hills
|t:|1776034389
|gametype|singles
|player|p1|mortardom|ingo|1715
|player|p2|Auburn Hills|alder|1751
|gen|9
|tier|[Gen 9] OU
|rated|
|rule|HP Percentage Mod: HP is shown in percentages
|rule|Endless Battle Clause: Forcing endless battles is banned
|rule|Species Clause: Limit one of each Pokémon
|rule|OHKO Clause: OHKO moves are banned
|rule|Evasion Items Clause: Evasion items are banned
|rule|Evasion Moves Clause: Evasion moves are banned
|rule|Evasion Abilities Clause: Evasion abilities are banned
|rule|Sleep Moves Clause: Sleep-inducing moves are banned
|clearpoke
|poke|p1|Sandy Shocks|
|poke|p1|Ninetales, M|
|poke|p1|Walking Wake|
|poke|p1|Hatterene, F|
|poke|p1|Lilligant-Hisui, F|
|poke|p1|Great Tusk|
|poke|p2|Iron Moth|
|poke|p2|Umbreon, M|
|poke|p2|Garchomp, F|
|poke|p2|Glimmora, M|
|poke|p2|Gholdengo|
|poke|p2|Dragonite, M|
|teampreview
|inactive|Battle timer is ON: inactive players will automatically lose when time's up. (requested by mortardom)
|
|t:|1776034420
|teamsize|p1|6
|teamsize|p2|6
|start
|switch|p1a: Ninetales|Ninetales, M|100/100
|switch|p2a: Elucid|Dragonite, M|100/100
|-weather|SunnyDay|[from] ability: Drought|[of] p1a: Ninetales
|turn|1
|inactive|mortardom has 120 seconds left.
|
|t:|1776034455
|move|p1a: Ninetales|Will-O-Wisp|p2a: Elucid
|-status|p2a: Elucid|brn
|move|p2a: Elucid|Dragon Dance|p2a: Elucid
|-boost|p2a: Elucid|atk|1
|-boost|p2a: Elucid|spe|1
|
|-weather|SunnyDay|[upkeep]
|-damage|p2a: Elucid|94/100 brn|[from] brn
|upkeep
|turn|2
|inactive|mortardom has 120 seconds left.
|inactive|Auburn Hills has 120 seconds left.
|
|t:|1776034491
|move|p2a: Elucid|Earthquake|p1a: Ninetales
|-supereffective|p1a: Ninetales
|-damage|p1a: Ninetales|32/100
|move|p1a: Ninetales|Encore|p2a: Elucid
|-start|p2a: Elucid|Encore
|
|-weather|SunnyDay|[upkeep]
|-damage|p2a: Elucid|88/100 brn|[from] brn
|upkeep
|turn|3
|
|t:|1776034500
|switch|p1a: Hatterene|Hatterene, F|100/100
|move|p2a: Elucid|Earthquake|p1a: Hatterene
|-damage|p1a: Hatterene|76/100
|-enditem|p1a: Hatterene|Eject Button
|
|t:|1776034510
|switch|p1a: Walking Wake|Walking Wake|100/100
|-activate|p1a: Walking Wake|ability: Protosynthesis
|-start|p1a: Walking Wake|protosynthesisspe
|
|-weather|SunnyDay|[upkeep]
|-damage|p2a: Elucid|82/100 brn|[from] brn
|upkeep
|turn|4
|
|t:|1776034528
|move|p1a: Walking Wake|Dragon Pulse|p2a: Elucid
|-supereffective|p2a: Elucid
|-damage|p2a: Elucid|0 fnt
|faint|p2a: Elucid
|
|-weather|SunnyDay|[upkeep]
|upkeep
|
|t:|1776034532
|switch|p2a: Alvvays|Umbreon, M|100/100
|turn|5
|
|t:|1776034537
|-end|p1a: Walking Wake|Protosynthesis|[silent]
|switch|p1a: Hatterene|Hatterene, F|76/100
|move|p2a: Alvvays|Foul Play|p1a: Hatterene
|-damage|p1a: Hatterene|57/100
|
|-weather|SunnyDay|[upkeep]
|upkeep
|turn|6
|
|t:|1776034545
|switch|p2a: Julia Jacklin|Glimmora, M|100/100
|move|p1a: Hatterene|Psychic Noise|p2a: Julia Jacklin
|-supereffective|p2a: Julia Jacklin
|-damage|p2a: Julia Jacklin|10/100
|-start|p2a: Julia Jacklin|move: Heal Block
|
|-weather|SunnyDay|[upkeep]
|upkeep
|turn|7
|
|t:|1776034554
|move|p2a: Julia Jacklin|Sludge Wave|p1a: Hatterene
|-supereffective|p1a: Hatterene
|-damage|p1a: Hatterene|0 fnt
|faint|p1a: Hatterene
|
|-weather|SunnyDay|[upkeep]
|-end|p2a: Julia Jacklin|move: Heal Block
|upkeep
|
|t:|1776034583
|switch|p1a: Great Tusk|Great Tusk|100/100
|-activate|p1a: Great Tusk|ability: Protosynthesis
|-start|p1a: Great Tusk|protosynthesisatk
|turn|8
|
|t:|1776034589
|-terastallize|p2a: Julia Jacklin|Ghost
|move|p1a: Great Tusk|Rapid Spin|p2a: Julia Jacklin
|-immune|p2a: Julia Jacklin
|move|p2a: Julia Jacklin|Earth Power|p1a: Great Tusk
|-damage|p1a: Great Tusk|50/100
|
|-weather|none
|-end|p1a: Great Tusk|Protosynthesis
|upkeep
|turn|9
|
|t:|1776034602
|move|p1a: Great Tusk|Stealth Rock|p2a: Julia Jacklin
|-sidestart|p2: Auburn Hills|move: Stealth Rock
|move|p2a: Julia Jacklin|Sludge Wave|p1a: Great Tusk
|-resisted|p1a: Great Tusk
|-damage|p1a: Great Tusk|15/100
|
|upkeep
|turn|10
|
|t:|1776034608
|move|p1a: Great Tusk|Knock Off|p2a: Julia Jacklin
|-supereffective|p2a: Julia Jacklin
|-damage|p2a: Julia Jacklin|0 fnt
|-activate|p2a: Julia Jacklin|ability: Toxic Debris
|-sidestart|p1: mortardom|move: Toxic Spikes
|-enditem|p2a: Julia Jacklin|Focus Sash|[from] move: Knock Off|[of] p1a: Great Tusk
|faint|p2a: Julia Jacklin
|
|upkeep
|
|t:|1776034610
|switch|p2a: Rat Tally|Garchomp, F|100/100
|-damage|p2a: Rat Tally|94/100|[from] Stealth Rock
|turn|11
|
|t:|1776034630
|-end|p1a: Great Tusk|Protosynthesis|[silent]
|switch|p1a: Ninetales|Ninetales, M|32/100
|-status|p1a: Ninetales|psn
|-weather|SunnyDay|[from] ability: Drought|[of] p1a: Ninetales
|move|p2a: Rat Tally|Scale Shot|p1a: Ninetales|[miss]
|-miss|p2a: Rat Tally|p1a: Ninetales
|
|-weather|SunnyDay|[upkeep]
|-damage|p1a: Ninetales|20/100 psn|[from] psn
|upkeep
|turn|12
|
|t:|1776034642
|switch|p1a: Great Tusk|Great Tusk|15/100
|-activate|p1a: Great Tusk|ability: Protosynthesis
|-start|p1a: Great Tusk|protosynthesisatk
|move|p2a: Rat Tally|Scale Shot|p1a: Great Tusk
|-damage|p1a: Great Tusk|6/100
|-damage|p1a: Great Tusk|0 fnt
|faint|p1a: Great Tusk
|-end|p1a: Great Tusk|Protosynthesis|[silent]
|-hitcount|p1: Great Tusk|2
|-unboost|p2a: Rat Tally|def|1
|-boost|p2a: Rat Tally|spe|1
|
|-weather|SunnyDay|[upkeep]
|upkeep
|
|t:|1776034654
|switch|p1a: Walking Wake|Walking Wake|100/100
|-status|p1a: Walking Wake|psn
|-activate|p1a: Walking Wake|ability: Protosynthesis
|-start|p1a: Walking Wake|protosynthesisspe
|turn|13
|
|t:|1776034661
|switch|p2a: Alvvays|Umbreon, M|100/100
|-damage|p2a: Alvvays|88/100|[from] Stealth Rock
|-terastallize|p1a: Walking Wake|Water
|move|p1a: Walking Wake|Hydro Steam|p2a: Alvvays
|-damage|p2a: Alvvays|19/100
|
|-weather|SunnyDay|[upkeep]
|-heal|p2a: Alvvays|25/100|[from] item: Leftovers
|-damage|p1a: Walking Wake|88/100 psn|[from] psn
|upkeep
|turn|14
|
|t:|1776034672
|move|p2a: Alvvays|Protect|p2a: Alvvays
|-singleturn|p2a: Alvvays|Protect
|move|p1a: Walking Wake|Hydro Steam|p2a: Alvvays
|-activate|p2a: Alvvays|move: Protect
|
|-weather|SunnyDay|[upkeep]
|-heal|p2a: Alvvays|32/100|[from] item: Leftovers
|-damage|p1a: Walking Wake|76/100 psn|[from] psn
|upkeep
|turn|15
|
|t:|1776034680
|move|p2a: Alvvays|Protect|p2a: Alvvays
|-singleturn|p2a: Alvvays|Protect
|move|p1a: Walking Wake|Hydro Steam|p2a: Alvvays
|-activate|p2a: Alvvays|move: Protect
|
|-weather|SunnyDay|[upkeep]
|-heal|p2a: Alvvays|38/100|[from] item: Leftovers
|-damage|p1a: Walking Wake|63/100 psn|[from] psn
|upkeep
|turn|16
|
|t:|1776034689
|move|p2a: Alvvays|Protect||[still]
|-fail|p2a: Alvvays
|move|p1a: Walking Wake|Hydro Steam|p2a: Alvvays
|-damage|p2a: Alvvays|0 fnt
|faint|p2a: Alvvays
|
|-weather|SunnyDay|[upkeep]
|-damage|p1a: Walking Wake|51/100 psn|[from] psn
|upkeep
|
|t:|1776034691
|switch|p2a: Carly Rae|Iron Moth|100/100
|-damage|p2a: Carly Rae|76/100|[from] Stealth Rock
|-enditem|p2a: Carly Rae|Booster Energy
|-activate|p2a: Carly Rae|ability: Quark Drive|[fromitem]
|-start|p2a: Carly Rae|quarkdrivespe
|turn|17
|
|t:|1776034714
|-end|p1a: Walking Wake|Protosynthesis|[silent]
|switch|p1a: Lilligant|Lilligant-Hisui, F|100/100
|-status|p1a: Lilligant|psn
|move|p2a: Carly Rae|Discharge|p1a: Lilligant
|-resisted|p1a: Lilligant
|-damage|p1a: Lilligant|81/100 psn
|
|-weather|SunnyDay|[upkeep]
|-damage|p1a: Lilligant|68/100 psn|[from] psn
|upkeep
|turn|18
|
|t:|1776034726
|move|p1a: Lilligant|Encore|p2a: Carly Rae
|-start|p2a: Carly Rae|Encore
|move|p2a: Carly Rae|Discharge|p1a: Lilligant
|-resisted|p1a: Lilligant
|-damage|p1a: Lilligant|46/100 psn
|
|-weather|none
|-damage|p1a: Lilligant|34/100 psn|[from] psn
|upkeep
|turn|19
|
|t:|1776034735
|-end|p2a: Carly Rae|Quark Drive|[silent]
|switch|p2a: Rat Tally|Garchomp, F|94/100
|-damage|p2a: Rat Tally|88/100|[from] Stealth Rock
|switch|p1a: Sandy Shocks|Sandy Shocks|100/100
|-status|p1a: Sandy Shocks|psn
|
|-damage|p1a: Sandy Shocks|88/100 psn|[from] psn
|upkeep
|turn|20
|
|t:|1776034747
|-end|p1a: Sandy Shocks|Protosynthesis|[silent]
|switch|p1a: Ninetales|Ninetales, M|20/100 psn
|-weather|SunnyDay|[from] ability: Drought|[of] p1a: Ninetales
|move|p2a: Rat Tally|Scale Shot|p1a: Ninetales
|-damage|p1a: Ninetales|2/100 psn
|-damage|p1a: Ninetales|0 fnt
|faint|p1a: Ninetales
|-hitcount|p1: Ninetales|2
|-unboost|p2a: Rat Tally|def|1
|-boost|p2a: Rat Tally|spe|1
|
|-weather|SunnyDay|[upkeep]
|upkeep
|
|t:|1776034759
|switch|p1a: Walking Wake|Walking Wake, tera:Water|51/100 psn
|-activate|p1a: Walking Wake|ability: Protosynthesis
|-start|p1a: Walking Wake|protosynthesisspe
|turn|21
|
|t:|1776034764
|move|p1a: Walking Wake|Hydro Steam|p2a: Rat Tally
|-damage|p2a: Rat Tally|0 fnt
|faint|p2a: Rat Tally
|
|-weather|SunnyDay|[upkeep]
|-damage|p1a: Walking Wake|39/100 psn|[from] psn
|upkeep
|-message|Auburn Hills forfeited.
|
|win|mortardom
|raw|mortardom's rating: 1715 &rarr; <strong>1737</strong><br />(+22 for winning)
|raw|Auburn Hills's rating: 1751 &rarr; <strong>1729</strong><br />(-22 for losing)
|l|☆Auburn Hills
|player|p2|
