|html|<div class="broadcast-blue"><strong>[Gen 9] OU is currently suspecting Tera Blast! For information on how to participate check out the <a href="https://www.smogon.com/tools/suspects/view/200">suspect thread</a>.</strong></div>
|j|☆poly love
|j|☆bluesniperforever
|t:|1776349621
|gametype|singles
|player|p1|poly love|dawn-masters2|
|player|p2|bluesniperforever|acetrainercouple|
|gen|9
|tier|[Gen 9] OU
|rule|HP Percentage Mod: HP is shown in percentages
|rule|Endless Battle Clause: Forcing endless battles is banned
|rule|Species Clause: Limit one of each Pokémon
|rule|OHKO Clause: OHKO moves are banned
|rule|Evasion Items Clause: Evasion items are banned
|rule|Evasion Moves Clause: Evasion moves are banned
|rule|Evasion Abilities Clause: Evasion abilities are banned
|rule|Sleep Moves Clause: Sleep-inducing moves are banned
|clearpoke
|poke|p1|Pecharunt|
|poke|p1|Kingambit, F|
|poke|p1|Volcanion|
|poke|p1|Iron Valiant|
|poke|p1|Landorus-Therian, M|
|poke|p1|Deoxys-Speed|
|poke|p2|Kingambit, M|
|poke|p2|Deoxys-Speed|
|poke|p2|Great Tusk|
|poke|p2|Dragonite, F|
|poke|p2|Iron Moth|
|poke|p2|Ceruledge, M|
|teampreview
|inactive|Battle timer is ON: inactive players will automatically lose when time's up. (requested by bluesniperforever)
|
|t:|1776349642
|teamsize|p1|6
|teamsize|p2|6
|start
|switch|p1a: Landorus|Landorus-Therian, M|100/100
|switch|p2a: Yoshi|Dragonite, F, shiny|100/100
|-ability|p1a: Landorus|Intimidate|boost
|-unboost|p2a: Yoshi|atk|1
|turn|1
|
|t:|1776349655
|move|p1a: Landorus|Taunt|p2a: Yoshi
|-start|p2a: Yoshi|move: Taunt
|move|p2a: Yoshi|Ice Spinner|p1a: Landorus
|-supereffective|p1a: Landorus
|-damage|p1a: Landorus|0 fnt
|-damage|p2a: Yoshi|84/100|[from] item: Rocky Helmet|[of] p1a: Landorus
|faint|p1a: Landorus
|
|upkeep
|
|t:|1776349666
|switch|p1a: Kingambit|Kingambit, F|100/100
|-activate|p1a: Kingambit|ability: Supreme Overlord
|-start|p1a: Kingambit|fallen1|[silent]
|turn|2
|
|t:|1776349671
|switch|p2a: Not Donphan|Great Tusk|100/100
|-enditem|p2a: Not Donphan|Booster Energy
|-activate|p2a: Not Donphan|ability: Protosynthesis|[fromitem]
|-start|p2a: Not Donphan|protosynthesisatk
|move|p1a: Kingambit|Swords Dance|p1a: Kingambit
|-boost|p1a: Kingambit|atk|2
|
|upkeep
|turn|3
|
|t:|1776349679
|-terastallize|p1a: Kingambit|Fighting
|move|p2a: Not Donphan|Close Combat|p1a: Kingambit
|-damage|p1a: Kingambit|36/100
|-unboost|p2a: Not Donphan|def|1
|-unboost|p2a: Not Donphan|spd|1
|move|p1a: Kingambit|Low Kick|p2a: Not Donphan
|-damage|p2a: Not Donphan|0 fnt
|faint|p2a: Not Donphan
|-end|p2a: Not Donphan|Protosynthesis|[silent]
|
|-heal|p1a: Kingambit|42/100|[from] item: Leftovers
|upkeep
|
|t:|1776349708
|switch|p2a: Yoshi|Dragonite, F, shiny|84/100
|turn|4
|
|t:|1776349712
|move|p2a: Yoshi|Extreme Speed|p1a: Kingambit
|-damage|p1a: Kingambit|0 fnt
|faint|p1a: Kingambit
|-end|p1a: Kingambit|fallen1|[silent]
|
|upkeep
|
|t:|1776349722
|switch|p1a: Volcanion|Volcanion|100/100
|turn|5
|
|t:|1776349725
|switch|p2a: Iron Volcarona|Iron Moth|100/100
|-enditem|p2a: Iron Volcarona|Booster Energy
|-activate|p2a: Iron Volcarona|ability: Quark Drive|[fromitem]
|-start|p2a: Iron Volcarona|quarkdrivespe
|move|p1a: Volcanion|Will-O-Wisp|p2a: Iron Volcarona|[miss]
|-miss|p1a: Volcanion|p2a: Iron Volcarona
|
|upkeep
|turn|6
|
|t:|1776349743
|move|p2a: Iron Volcarona|Sludge Wave|p1a: Volcanion
|-crit|p1a: Volcanion
|-damage|p1a: Volcanion|22/100
|move|p1a: Volcanion|Steam Eruption|p2a: Iron Volcarona
|-supereffective|p2a: Iron Volcarona
|-crit|p2a: Iron Volcarona
|-damage|p2a: Iron Volcarona|0 fnt
|faint|p2a: Iron Volcarona
|-end|p2a: Iron Volcarona|Quark Drive|[silent]
|
|-heal|p1a: Volcanion|28/100|[from] item: Leftovers
|upkeep
|
|t:|1776349746
|switch|p2a: Yoshi|Dragonite, F, shiny|84/100
|turn|7
|
|t:|1776349871
|move|p2a: Yoshi|Earthquake|p1a: Volcanion
|-supereffective|p1a: Volcanion
|-damage|p1a: Volcanion|0 fnt
|faint|p1a: Volcanion
|
|upkeep
|inactive|poly love has 270 seconds left.
|l|☆poly love
|inactive|poly love disconnected and has 300 seconds to reconnect!
|player|p1|
|inactive|poly love has 270 seconds to reconnect!
|c|☆bluesniperforever|k
|inactive|poly love has 240 seconds to reconnect!
|j|☆poly love
|inactive|poly love reconnected and has 270 seconds left.
|player|p1|poly love|dawn-masters2|
|
|t:|1776349997
|switch|p1a: Iron Valiant|Iron Valiant|100/100
|-enditem|p1a: Iron Valiant|Booster Energy
|-activate|p1a: Iron Valiant|ability: Quark Drive|[fromitem]
|-start|p1a: Iron Valiant|quarkdrivespe
|turn|8
|n|☆poly love|polylove
|inactive|bluesniperforever has 270 seconds left.
|
|t:|1776350041
|switch|p2a: Ohio Final Boss|Kingambit, M|100/100
|-activate|p2a: Ohio Final Boss|ability: Supreme Overlord
|-start|p2a: Ohio Final Boss|fallen2|[silent]
|move|p1a: Iron Valiant|Moonblast|p2a: Ohio Final Boss
|-damage|p2a: Ohio Final Boss|63/100
|
|-heal|p2a: Ohio Final Boss|69/100|[from] item: Leftovers
|upkeep
|turn|9
|l|☆poly love
|inactive|poly love disconnected and has 220 seconds to reconnect!
|player|p1|
|inactive|poly love has 210 seconds to reconnect!
|j|☆poly love
|inactive|poly love reconnected and has 275 seconds left.
|player|p1|poly love|dawn-masters2|
|inactive|poly love has 270 seconds left.
|
|t:|1776350069
|-end|p2a: Ohio Final Boss|fallen2|[silent]
|switch|p2a: Hikaru|Deoxys-Speed|100/100
|-ability|p2a: Hikaru|Pressure
|move|p1a: Iron Valiant|Close Combat|p2a: Hikaru
|-resisted|p2a: Hikaru
|-damage|p2a: Hikaru|52/100
|-unboost|p1a: Iron Valiant|def|1
|-unboost|p1a: Iron Valiant|spd|1
|
|upkeep
|turn|10
|n|☆poly love|polylove
|
|t:|1776350078
|move|p1a: Iron Valiant|Moonblast|p2a: Hikaru
|-damage|p2a: Hikaru|0 fnt
|faint|p2a: Hikaru
|
|upkeep
|
|t:|1776350079
|switch|p2a: Yoshi|Dragonite, F, shiny|84/100
|turn|11
|
|t:|1776350086
|-end|p1a: Iron Valiant|Quark Drive|[silent]
|switch|p1a: Pecharunt|Pecharunt|100/100
|-terastallize|p2a: Yoshi|Normal
|move|p2a: Yoshi|Extreme Speed|p1a: Pecharunt
|-immune|p1a: Pecharunt
|
|upkeep
|turn|12
|
|t:|1776350102
|switch|p1a: Iron Valiant|Iron Valiant|100/100
|switch|p2a: Ohio Final Boss|Kingambit, M|69/100
|-activate|p2a: Ohio Final Boss|ability: Supreme Overlord
|-start|p2a: Ohio Final Boss|fallen3|[silent]
|
|-heal|p2a: Ohio Final Boss|75/100|[from] item: Leftovers
|upkeep
|turn|13
|
|t:|1776350109
|-end|p2a: Ohio Final Boss|fallen3|[silent]
|switch|p2a: Zelda|Ceruledge, M|100/100
|move|p1a: Iron Valiant|Close Combat|p2a: Zelda
|-immune|p2a: Zelda
|
|upkeep
|turn|14
|
|t:|1776350120
|move|p1a: Iron Valiant|Knock Off|p2a: Zelda
|-supereffective|p2a: Zelda
|-enditem|p2a: Zelda|Focus Sash
|-damage|p2a: Zelda|1/100
|-ability|p2a: Zelda|Weak Armor|boost
|-unboost|p2a: Zelda|def|1
|-boost|p2a: Zelda|spe|2
|move|p2a: Zelda|Bitter Blade|p1a: Iron Valiant
|-damage|p1a: Iron Valiant|40/100
|-heal|p2a: Zelda|31/100|[from] drain|[of] p1a: Iron Valiant
|
|upkeep
|turn|15
|
|t:|1776350133
|move|p2a: Zelda|Bitter Blade|p1a: Iron Valiant
|-damage|p1a: Iron Valiant|0 fnt
|-heal|p2a: Zelda|51/100|[from] drain|[of] p1a: Iron Valiant
|faint|p1a: Iron Valiant
|-end|p1a: Iron Valiant|Quark Drive|[silent]
|
|upkeep
|
|t:|1776350135
|switch|p1a: Pecharunt|Pecharunt|100/100
|turn|16
|j| FP.//06
|
|t:|1776350148
|switch|p2a: Yoshi|Dragonite, F, shiny, tera:Normal|84/100
|move|p1a: Pecharunt|Shadow Ball|p2a: Yoshi
|-immune|p2a: Yoshi
|
|upkeep
|turn|17
|
|t:|1776350154
|move|p1a: Pecharunt|Nasty Plot|p1a: Pecharunt
|-boost|p1a: Pecharunt|spa|2
|move|p2a: Yoshi|Earthquake|p1a: Pecharunt
|-supereffective|p1a: Pecharunt
|-damage|p1a: Pecharunt|24/100
|
|upkeep
|turn|18
|
|t:|1776350160
|switch|p2a: Ohio Final Boss|Kingambit, M|75/100
|-activate|p2a: Ohio Final Boss|ability: Supreme Overlord
|-start|p2a: Ohio Final Boss|fallen3|[silent]
|move|p1a: Pecharunt|Malignant Chain|p2a: Ohio Final Boss
|-immune|p2a: Ohio Final Boss
|
|-heal|p2a: Ohio Final Boss|81/100|[from] item: Leftovers
|upkeep
|turn|19
|
|t:|1776350165
|move|p1a: Pecharunt|Recover|p1a: Pecharunt
|-heal|p1a: Pecharunt|74/100
|move|p2a: Ohio Final Boss|Kowtow Cleave|p1a: Pecharunt
|-supereffective|p1a: Pecharunt
|-damage|p1a: Pecharunt|0 fnt
|faint|p1a: Pecharunt
|
|-heal|p2a: Ohio Final Boss|87/100|[from] item: Leftovers
|upkeep
|
|t:|1776350168
|switch|p1a: Deoxys|Deoxys-Speed|100/100
|-ability|p1a: Deoxys|Pressure
|turn|20
|
|t:|1776350172
|move|p2a: Ohio Final Boss|Sucker Punch||[still]
|-fail|p2a: Ohio Final Boss
|move|p1a: Deoxys|Spikes|p2a: Ohio Final Boss
|-sidestart|p2: bluesniperforever|Spikes
|
|-heal|p2a: Ohio Final Boss|93/100|[from] item: Leftovers
|upkeep
|turn|21
|
|t:|1776350177
|move|p2a: Ohio Final Boss|Sucker Punch|p1a: Deoxys
|-supereffective|p1a: Deoxys
|-damage|p1a: Deoxys|0 fnt
|faint|p1a: Deoxys
|
|win|bluesniperforever
|c|☆bluesniperforever|gg
|c|☆poly love|GG
