|html|<div class="broadcast-blue"><strong>[Gen 9] OU is currently suspecting Tera Blast! For information on how to participate check out the <a href="https://www.smogon.com/tools/suspects/view/200">suspect thread</a>.</strong></div>
|j|☆tloombender
|j|☆scarry.exe
|t:|1776091777
|gametype|singles
|player|p1|tloombender|clair|1339
|player|p2|scarry.exe|mela|1387
|gen|9
|tier|[Gen 9] OU
|rated|
|rule|HP Percentage Mod: HP is shown in percentages
|rule|Endless Battle Clause: Forcing endless battles is banned
|rule|Species Clause: Limit one of each Pokémon
|rule|OHKO Clause: OHKO moves are banned
|rule|Evasion Items Clause: Evasion items are banned
|rule|Evasion Moves Clause: Evasion moves are banned
|rule|Evasion Abilities Clause: Evasion abilities are banned
|rule|Sleep Moves Clause: Sleep-inducing moves are banned
|clearpoke
|poke|p1|Tinkaton, F|
|poke|p1|Rotom-Wash|
|poke|p1|Great Tusk|
|poke|p1|Slowking-Galar, F|
|poke|p1|Dragapult, F|
|poke|p1|Dragonite, F|
|poke|p2|Kyurem|
|poke|p2|Raging Bolt|
|poke|p2|Iron Crown|
|poke|p2|Mandibuzz, F|
|poke|p2|Cinderace, F|
|poke|p2|Landorus-Therian, M|
|teampreview
|inactive|Battle timer is ON: inactive players will automatically lose when time's up. (requested by scarry.exe)
|inactive|tloombender also wants the timer to be on.
|
|t:|1776091787
|teamsize|p1|6
|teamsize|p2|6
|start
|switch|p1a: Tinkaton|Tinkaton, F|100/100
|switch|p2a: Safe Haven|Landorus-Therian, M|100/100
|-ability|p2a: Safe Haven|Intimidate|boost
|-unboost|p1a: Tinkaton|atk|1
|-item|p1a: Tinkaton|Air Balloon
|turn|1
|
|t:|1776091798
|move|p2a: Safe Haven|U-turn|p1a: Tinkaton
|-resisted|p1a: Tinkaton
|-damage|p1a: Tinkaton|96/100
|-enditem|p1a: Tinkaton|Air Balloon
|-enditem|p2a: Safe Haven|Rocky Helmet|[silent]|[from] ability: Pickpocket|[of] p2a: Safe Haven
|-item|p1a: Tinkaton|Rocky Helmet|[from] ability: Pickpocket|[of] p2a: Safe Haven
|
|t:|1776091809
|switch|p2a: Fire to Ashes|Cinderace, F|100/100|[from] U-turn
|move|p1a: Tinkaton|Stealth Rock|p2a: Fire to Ashes
|-sidestart|p2: scarry.exe|move: Stealth Rock
|
|upkeep
|turn|2
|
|t:|1776091822
|switch|p1a: Rotom|Rotom-Wash|100/100
|move|p2a: Fire to Ashes|Court Change|p2a: Fire to Ashes
|-start|p2a: Fire to Ashes|typechange|Normal|[from] ability: Libero
|-swapsideconditions
|-activate|p2a: Fire to Ashes|move: Court Change
|
|upkeep
|turn|3
|
|t:|1776091834
|move|p2a: Fire to Ashes|U-turn|p1a: Rotom
|-damage|p1a: Rotom|83/100
|
|t:|1776091840
|switch|p2a: UURGGHHH|Raging Bolt|100/100|[from] U-turn
|move|p1a: Rotom|Will-O-Wisp|p2a: UURGGHHH|[miss]
|-miss|p1a: Rotom|p2a: UURGGHHH
|
|-heal|p1a: Rotom|90/100|[from] item: Leftovers
|upkeep
|turn|4
|
|t:|1776091854
|move|p2a: UURGGHHH|Calm Mind|p2a: UURGGHHH
|-boost|p2a: UURGGHHH|spa|1
|-boost|p2a: UURGGHHH|spd|1
|move|p1a: Rotom|Will-O-Wisp|p2a: UURGGHHH
|-status|p2a: UURGGHHH|brn
|
|-heal|p1a: Rotom|96/100|[from] item: Leftovers
|-damage|p2a: UURGGHHH|94/100 brn|[from] brn
|upkeep
|turn|5
|
|t:|1776091868
|move|p2a: UURGGHHH|Dragon Pulse|p1a: Rotom
|-damage|p1a: Rotom|11/100
|move|p1a: Rotom|Pain Split|p2a: UURGGHHH
|-sethp|p2a: UURGGHHH|51/100 brn|[from] move: Pain Split|[silent]
|-sethp|p1a: Rotom|69/100|[from] move: Pain Split
|
|-heal|p2a: UURGGHHH|57/100 brn|[from] item: Leftovers
|-heal|p1a: Rotom|75/100|[from] item: Leftovers
|-damage|p2a: UURGGHHH|51/100 brn|[from] brn
|upkeep
|turn|6
|
|t:|1776091887
|move|p2a: UURGGHHH|Thunderbolt|p1a: Rotom
|-damage|p1a: Rotom|0 fnt
|faint|p1a: Rotom
|
|-heal|p2a: UURGGHHH|57/100 brn|[from] item: Leftovers
|-damage|p2a: UURGGHHH|51/100 brn|[from] brn
|upkeep
|
|t:|1776091895
|switch|p1a: Dragonite|Dragonite, F|100/100
|turn|7
|
|t:|1776091906
|-end|p2a: UURGGHHH|Protosynthesis|[silent]
|switch|p2a: Gain through Pain|Mandibuzz, F, shiny|100/100
|-terastallize|p1a: Dragonite|Normal
|move|p1a: Dragonite|Extreme Speed|p2a: Gain through Pain
|-damage|p2a: Gain through Pain|76/100
|
|upkeep
|turn|8
|
|t:|1776091918
|switch|p1a: Tinkaton|Tinkaton, F|96/100
|-damage|p1a: Tinkaton|90/100|[from] Stealth Rock
|move|p2a: Gain through Pain|Iron Defense|p2a: Gain through Pain
|-boost|p2a: Gain through Pain|def|2
|
|upkeep
|turn|9
|
|t:|1776091926
|switch|p2a: Safe Haven|Landorus-Therian, M|100/100
|-ability|p2a: Safe Haven|Intimidate|boost
|-unboost|p1a: Tinkaton|atk|1
|move|p1a: Tinkaton|Thunder Wave|p2a: Safe Haven
|-immune|p2a: Safe Haven
|
|upkeep
|turn|10
|
|t:|1776091935
|move|p2a: Safe Haven|Earth Power|p1a: Tinkaton
|-supereffective|p1a: Tinkaton
|-crit|p1a: Tinkaton
|-damage|p1a: Tinkaton|19/100
|move|p1a: Tinkaton|Stealth Rock|p2a: Safe Haven
|-sidestart|p2: scarry.exe|move: Stealth Rock
|
|upkeep
|turn|11
|
|t:|1776091954
|switch|p1a: Slowking|Slowking-Galar, F|100/100
|-damage|p1a: Slowking|88/100|[from] Stealth Rock
|move|p2a: Safe Haven|Earth Power|p1a: Slowking
|-supereffective|p1a: Slowking
|-crit|p1a: Slowking
|-damage|p1a: Slowking|36/100
|
|upkeep
|turn|12
|
|t:|1776091965
|switch|p1a: Great Tusk|Great Tusk|100/100
|-damage|p1a: Great Tusk|98/100|[from] Stealth Rock
|move|p2a: Safe Haven|Earth Power|p1a: Great Tusk
|-damage|p1a: Great Tusk|57/100
|
|upkeep
|turn|13
|
|t:|1776091975
|move|p2a: Safe Haven|Earth Power|p1a: Great Tusk
|-damage|p1a: Great Tusk|15/100
|move|p1a: Great Tusk|Rapid Spin|p2a: Safe Haven
|-damage|p2a: Safe Haven|87/100
|-boost|p1a: Great Tusk|spe|1
|-sideend|p1: tloombender|Stealth Rock|[from] move: Rapid Spin|[of] p1a: Great Tusk
|
|upkeep
|turn|14
|
|t:|1776091985
|move|p1a: Great Tusk|Headlong Rush|p2a: Safe Haven
|-immune|p2a: Safe Haven
|move|p2a: Safe Haven|Earth Power|p1a: Great Tusk
|-damage|p1a: Great Tusk|0 fnt
|faint|p1a: Great Tusk
|-end|p1a: Great Tusk|Protosynthesis|[silent]
|
|upkeep
|
|t:|1776091993
|switch|p1a: Dragapult|Dragapult, F|100/100
|turn|15
|
|t:|1776092001
|move|p1a: Dragapult|Draco Meteor|p2a: Safe Haven
|-crit|p2a: Safe Haven
|-damage|p2a: Safe Haven|0 fnt
|-unboost|p1a: Dragapult|spa|2
|faint|p2a: Safe Haven
|
|upkeep
|
|t:|1776092009
|switch|p2a: Rex|Iron Crown|100/100
|-damage|p2a: Rex|94/100|[from] Stealth Rock
|-enditem|p2a: Rex|Booster Energy
|-activate|p2a: Rex|ability: Quark Drive|[fromitem]
|-start|p2a: Rex|quarkdrivespe
|turn|16
|
|t:|1776092020
|switch|p1a: Slowking|Slowking-Galar, F|69/100
|move|p2a: Rex|Calm Mind|p2a: Rex
|-boost|p2a: Rex|spa|1
|-boost|p2a: Rex|spd|1
|
|upkeep
|turn|17
|
|t:|1776092030
|move|p2a: Rex|Psychic Noise|p1a: Slowking
|-damage|p1a: Slowking|42/100
|-start|p1a: Slowking|move: Heal Block
|move|p1a: Slowking|Flamethrower|p2a: Rex
|-supereffective|p2a: Rex
|-damage|p2a: Rex|59/100
|
|upkeep
|turn|18
|
|t:|1776092039
|move|p2a: Rex|Calm Mind|p2a: Rex
|-boost|p2a: Rex|spa|1
|-boost|p2a: Rex|spd|1
|move|p1a: Slowking|Flamethrower|p2a: Rex
|-supereffective|p2a: Rex
|-damage|p2a: Rex|30/100
|
|-end|p1a: Slowking|move: Heal Block
|upkeep
|turn|19
|
|t:|1776092049
|switch|p1a: Tinkaton|Tinkaton, F|19/100
|move|p2a: Rex|Psychic Noise|p1a: Tinkaton
|-resisted|p1a: Tinkaton
|-damage|p1a: Tinkaton|0 fnt
|faint|p1a: Tinkaton
|
|upkeep
|
|t:|1776092060
|switch|p1a: Dragonite|Dragonite, F, tera:Normal|100/100
|turn|20
|
|t:|1776092074
|move|p1a: Dragonite|Extreme Speed|p2a: Rex
|-resisted|p2a: Rex
|-damage|p2a: Rex|7/100
|move|p2a: Rex|Psychic Noise|p1a: Dragonite
|-damage|p1a: Dragonite|72/100
|-start|p1a: Dragonite|move: Heal Block
|
|upkeep
|turn|21
|
|t:|1776092090
|move|p1a: Dragonite|Extreme Speed|p2a: Rex
|-resisted|p2a: Rex
|-damage|p2a: Rex|0 fnt
|faint|p2a: Rex
|-end|p2a: Rex|Quark Drive|[silent]
|
|-end|p1a: Dragonite|move: Heal Block
|upkeep
|
|t:|1776092094
|switch|p2a: Gain through Pain|Mandibuzz, F, shiny|76/100
|turn|22
|
|t:|1776092101
|switch|p1a: Slowking|Slowking-Galar, F|75/100
|move|p2a: Gain through Pain|Foul Play|p1a: Slowking
|-supereffective|p1a: Slowking
|-damage|p1a: Slowking|32/100
|
|upkeep
|turn|23
|
|t:|1776092116
|move|p2a: Gain through Pain|Foul Play|p1a: Slowking
|-supereffective|p1a: Slowking
|-damage|p1a: Slowking|0 fnt
|faint|p1a: Slowking
|
|upkeep
|
|t:|1776092122
|switch|p1a: Dragapult|Dragapult, F|100/100
|turn|24
|
|t:|1776092128
|switch|p2a: UURGGHHH|Raging Bolt|51/100 brn
|-damage|p2a: UURGGHHH|39/100 brn|[from] Stealth Rock
|move|p1a: Dragapult|Draco Meteor|p2a: UURGGHHH
|-supereffective|p2a: UURGGHHH
|-damage|p2a: UURGGHHH|0 fnt
|-unboost|p1a: Dragapult|spa|2
|faint|p2a: UURGGHHH
|-end|p2a: UURGGHHH|Protosynthesis|[silent]
|
|upkeep
|
|t:|1776092133
|switch|p2a: Gain through Pain|Mandibuzz, F, shiny|76/100
|turn|25
|
|t:|1776092141
|switch|p1a: Dragonite|Dragonite, F, tera:Normal|72/100
|move|p2a: Gain through Pain|Roost|p2a: Gain through Pain
|-heal|p2a: Gain through Pain|100/100
|-singleturn|p2a: Gain through Pain|move: Roost
|
|upkeep
|turn|26
|
|t:|1776092148
|move|p2a: Gain through Pain|Iron Defense|p2a: Gain through Pain
|-boost|p2a: Gain through Pain|def|2
|move|p1a: Dragonite|Ice Spinner|p2a: Gain through Pain
|-supereffective|p2a: Gain through Pain
|-damage|p2a: Gain through Pain|83/100
|
|upkeep
|turn|27
|
|t:|1776092155
|switch|p1a: Dragapult|Dragapult, F|100/100
|move|p2a: Gain through Pain|Foul Play|p1a: Dragapult
|-supereffective|p1a: Dragapult
|-damage|p1a: Dragapult|5/100
|
|upkeep
|turn|28
|
|t:|1776092163
|move|p1a: Dragapult|Draco Meteor|p2a: Gain through Pain
|-damage|p2a: Gain through Pain|6/100
|-unboost|p1a: Dragapult|spa|2
|move|p2a: Gain through Pain|Foul Play|p1a: Dragapult
|-supereffective|p1a: Dragapult
|-damage|p1a: Dragapult|0 fnt
|faint|p1a: Dragapult
|
|upkeep
|
|t:|1776092172
|switch|p1a: Dragonite|Dragonite, F, tera:Normal|72/100
|turn|29
|
|t:|1776092176
|move|p1a: Dragonite|Extreme Speed|p2a: Gain through Pain
|-damage|p2a: Gain through Pain|0 fnt
|faint|p2a: Gain through Pain
|
|upkeep
|
|t:|1776092181
|switch|p2a: Fire to Ashes|Cinderace, F|100/100
|turn|30
|
|t:|1776092186
|move|p2a: Fire to Ashes|High Jump Kick|p1a: Dragonite
|-start|p2a: Fire to Ashes|typechange|Fighting|[from] ability: Libero
|-supereffective|p1a: Dragonite
|-damage|p1a: Dragonite|0 fnt
|faint|p1a: Dragonite
|
|win|scarry.exe
|raw|tloombender's rating: 1339 &rarr; <strong>1322</strong><br />(-17 for losing)
|raw|scarry.exe's rating: 1387 &rarr; <strong>1404</strong><br />(+17 for winning)
|l|☆scarry.exe
|player|p2|
|l|☆tloombender
|player|p1|
