|html|<div class="broadcast-blue"><strong>[Gen 9] OU is currently suspecting Tera Blast! For information on how to participate check out the <a href="https://www.smogon.com/tools/suspects/view/200">suspect thread</a>.</strong></div>
|j|☆Pongkz16
|j|☆PabloGYT
|t:|1776071975
|gametype|singles
|player|p1|Pongkz16|n-masters|1101
|player|p2|PabloGYT|n|1122
|gen|9
|tier|[Gen 9] OU
|rated|
|rule|HP Percentage Mod: HP is shown in percentages
|rule|Endless Battle Clause: Forcing endless battles is banned
|rule|Species Clause: Limit one of each Pokémon
|rule|OHKO Clause: OHKO moves are banned
|rule|Evasion Items Clause: Evasion items are banned
|rule|Evasion Moves Clause: Evasion moves are banned
|rule|Evasion Abilities Clause: Evasion abilities are banned
|rule|Sleep Moves Clause: Sleep-inducing moves are banned
|clearpoke
|poke|p1|Ribombee, M|
|poke|p1|Cinderace, M|
|poke|p1|Rabsca, F|
|poke|p1|Kingambit, M|
|poke|p1|Ogerpon, F|
|poke|p1|Slowking-Galar, F|
|poke|p2|Toxtricity-Low-Key, M|
|poke|p2|Kyurem|
|poke|p2|Grimmsnarl, M|
|poke|p2|Cinderace, M|
|poke|p2|Garchomp, M|
|poke|p2|Zapdos-Galar|
|teampreview
|inactive|Battle timer is ON: inactive players will automatically lose when time's up. (requested by PabloGYT)
|c|☆Pongkz16|hi
|
|t:|1776071996
|teamsize|p1|6
|teamsize|p2|6
|start
|switch|p1a: Ribombee|Ribombee, M|100/100
|switch|p2a: A kird|Zapdos-Galar, shiny|100/100
|turn|1
|
|t:|1776072002
|move|p1a: Ribombee|Sticky Web|p2a: A kird
|-sidestart|p2: PabloGYT|move: Sticky Web
|move|p2a: A kird|Brave Bird|p1a: Ribombee
|-supereffective|p1a: Ribombee
|-enditem|p1a: Ribombee|Focus Sash
|-damage|p1a: Ribombee|1/100
|-damage|p2a: A kird|67/100|[from] Recoil
|
|-heal|p2a: A kird|74/100|[from] item: Leftovers
|upkeep
|turn|2
|
|t:|1776072017
|switch|p2a: Cinderace|Cinderace, M|100/100
|move|p1a: Ribombee|Switcheroo|p2a: Cinderace
|-activate|p1a: Ribombee|move: Trick|[of] p2a: Cinderace
|-enditem|p2a: Cinderace|Heavy-Duty Boots|[silent]|[from] move: Switcheroo
|-item|p1a: Ribombee|Heavy-Duty Boots|[from] move: Switcheroo
|
|upkeep
|turn|3
|
|t:|1776072028
|switch|p1a: Slowking|Slowking-Galar, F|100/100
|move|p2a: Cinderace|Low Kick|p1a: Slowking
|-start|p2a: Cinderace|typechange|Fighting|[from] ability: Libero
|-resisted|p1a: Slowking
|-damage|p1a: Slowking|90/100
|
|upkeep
|turn|4
|
|t:|1776072037
|move|p2a: Cinderace|Court Change|p2a: Cinderace
|-swapsideconditions
|-activate|p2a: Cinderace|move: Court Change
|move|p1a: Slowking|Toxic|p2a: Cinderace
|-status|p2a: Cinderace|tox
|
|-damage|p2a: Cinderace|95/100 tox|[from] psn
|upkeep
|turn|5
|
|t:|1776072047
|move|p2a: Cinderace|U-turn|p1a: Slowking
|-damage|p1a: Slowking|65/100
|
|t:|1776072054
|switch|p2a: Kyurem|Kyurem|100/100|[from] U-turn
|-ability|p2a: Kyurem|Pressure
|move|p1a: Slowking|Trick Room|p1a: Slowking
|-fieldstart|move: Trick Room|[of] p1a: Slowking
|
|upkeep
|turn|6
|
|t:|1776072063
|switch|p1a: Ribombee|Ribombee, M|1/100
|move|p2a: Kyurem|Earth Power|p1a: Ribombee
|-resisted|p1a: Ribombee
|-damage|p1a: Ribombee|0 fnt
|faint|p1a: Ribombee
|
|upkeep
|
|t:|1776072069
|switch|p1a: Kingambit|Kingambit, M|100/100
|-activate|p1a: Kingambit|move: Sticky Web
|-unboost|p1a: Kingambit|spe|1
|-ability|p1a: Kingambit|Defiant|boost
|-boost|p1a: Kingambit|atk|2
|turn|7
|
|t:|1776072078
|switch|p2a: Cinderace|Cinderace, M|95/100 tox
|move|p1a: Kingambit|Iron Head|p2a: Cinderace
|-resisted|p2a: Cinderace
|-damage|p2a: Cinderace|27/100 tox
|
|-damage|p2a: Cinderace|21/100 tox|[from] psn
|upkeep
|turn|8
|
|t:|1776072086
|move|p1a: Kingambit|Kowtow Cleave|p2a: Cinderace
|-damage|p2a: Cinderace|0 fnt
|faint|p2a: Cinderace
|
|upkeep
|
|t:|1776072089
|switch|p2a: Grimmsnarl|Grimmsnarl, M|100/100
|turn|9
|
|t:|1776072093
|move|p2a: Grimmsnarl|Reflect|p2a: Grimmsnarl
|-sidestart|p2: PabloGYT|Reflect
|move|p1a: Kingambit|Iron Head|p2a: Grimmsnarl
|-supereffective|p2a: Grimmsnarl
|-damage|p2a: Grimmsnarl|0 fnt
|faint|p2a: Grimmsnarl
|
|-fieldend|move: Trick Room
|upkeep
|
|t:|1776072103
|switch|p2a: Garchomp|Garchomp, M|100/100
|turn|10
|
|t:|1776072110
|move|p1a: Kingambit|Sucker Punch|p2a: Garchomp
|-damage|p2a: Garchomp|71/100
|-damage|p1a: Kingambit|88/100|[from] ability: Rough Skin|[of] p2a: Garchomp
|-damage|p1a: Kingambit|72/100|[from] item: Rocky Helmet|[of] p2a: Garchomp
|move|p2a: Garchomp|Earthquake|p1a: Kingambit
|-supereffective|p1a: Kingambit
|-damage|p1a: Kingambit|13/100
|
|upkeep
|turn|11
|
|t:|1776072125
|switch|p1a: Cinderace|Cinderace, M|100/100
|move|p2a: Garchomp|Stealth Rock|p1a: Cinderace
|-sidestart|p1: Pongkz16|move: Stealth Rock
|
|upkeep
|turn|12
|
|t:|1776072130
|move|p1a: Cinderace|Court Change|p1a: Cinderace
|-start|p1a: Cinderace|typechange|Normal|[from] ability: Libero
|-swapsideconditions
|-activate|p1a: Cinderace|move: Court Change
|move|p2a: Garchomp|Earthquake|p1a: Cinderace
|-damage|p1a: Cinderace|69/100
|
|upkeep
|turn|13
|
|t:|1776072141
|move|p1a: Cinderace|U-turn|p2a: Garchomp
|-damage|p2a: Garchomp|53/100
|-damage|p1a: Cinderace|57/100|[from] ability: Rough Skin|[of] p2a: Garchomp
|-damage|p1a: Cinderace|40/100|[from] item: Rocky Helmet|[of] p2a: Garchomp
|
|t:|1776072146
|switch|p1a: Slowking|Slowking-Galar, F|98/100|[from] U-turn
|move|p2a: Garchomp|Dragon Tail|p1a: Slowking
|-damage|p1a: Slowking|85/100
|drag|p1a: Rabsca|Rabsca, F|100/100
|
|upkeep
|turn|14
|
|t:|1776072156
|move|p2a: Garchomp|Stealth Rock|p1a: Rabsca
|-sidestart|p1: Pongkz16|move: Stealth Rock
|move|p1a: Rabsca|Revival Blessing|p1a: Rabsca
|-enditem|p1a: Rabsca|Leppa Berry|[eat]
|-activate|p1a: Rabsca|item: Leppa Berry|Revival Blessing|[consumed]
|
|t:|1776072161
|-heal|p1: Ribombee|50/100|[from] move: Revival Blessing
|
|upkeep
|turn|15
|
|t:|1776072168
|move|p2a: Garchomp|Earthquake|p1a: Rabsca
|-resisted|p1a: Rabsca
|-damage|p1a: Rabsca|89/100
|move|p1a: Rabsca|Trick Room|p1a: Rabsca
|-fieldstart|move: Trick Room|[of] p1a: Rabsca
|
|upkeep
|turn|16
|
|t:|1776072180
|switch|p1a: Cinderace|Cinderace, M|40/100
|switch|p2a: A kird|Zapdos-Galar, shiny|74/100
|-damage|p2a: A kird|61/100|[from] Stealth Rock
|
|-heal|p2a: A kird|67/100|[from] item: Leftovers
|-sideend|p1: Pongkz16|Reflect
|upkeep
|turn|17
|
|t:|1776072190
|move|p2a: A kird|Thunderous Kick|p1a: Cinderace
|-damage|p1a: Cinderace|0 fnt
|faint|p1a: Cinderace
|
|-heal|p2a: A kird|74/100|[from] item: Leftovers
|upkeep
|
|t:|1776072197
|switch|p1a: Rabsca|Rabsca, F|89/100
|-damage|p1a: Rabsca|64/100|[from] Stealth Rock
|turn|18
|
|t:|1776072201
|move|p1a: Rabsca|Revival Blessing|p1a: Rabsca
|
|t:|1776072204
|-heal|p1: Cinderace|50/100|[from] move: Revival Blessing
|move|p2a: A kird|Knock Off|p1a: Rabsca
|-supereffective|p1a: Rabsca
|-crit|p1a: Rabsca
|-damage|p1a: Rabsca|0 fnt
|faint|p1a: Rabsca
|
|-heal|p2a: A kird|80/100|[from] item: Leftovers
|upkeep
|
|t:|1776072212
|switch|p1a: Cinderace|Cinderace, M|50/100
|turn|19
|
|t:|1776072216
|move|p2a: A kird|Brave Bird|p1a: Cinderace
|-damage|p1a: Cinderace|0 fnt
|faint|p1a: Cinderace
|-damage|p2a: A kird|64/100|[from] Recoil
|
|-heal|p2a: A kird|71/100|[from] item: Leftovers
|-fieldend|move: Trick Room
|upkeep
|
|t:|1776072227
|switch|p1a: Ribombee|Ribombee, M|50/100
|turn|20
|c|☆PabloGYT|What kind of strat is this vro
|c|☆Pongkz16|um
|
|t:|1776072240
|move|p1a: Ribombee|Tailwind|p1a: Ribombee
|-sidestart|p1: Pongkz16|move: Tailwind
|move|p2a: A kird|Brave Bird|p1a: Ribombee
|-supereffective|p1a: Ribombee
|-damage|p1a: Ribombee|0 fnt
|faint|p1a: Ribombee
|-damage|p2a: A kird|54/100|[from] Recoil
|
|-heal|p2a: A kird|60/100|[from] item: Leftovers
|upkeep
|c|☆Pongkz16|So its supposed to be
|c|☆Pongkz16|sticky web
|c|☆Pongkz16|then court change to put in on me
|c|☆PabloGYT|Sticky gambit?
|c|☆Pongkz16|so trick room and defiant
|c|☆Pongkz16|Yea
|c|☆Pongkz16|But um
|inactive|Pongkz16 has 120 seconds left.
|c|☆Pongkz16|you kinda broke it
|
|t:|1776072277
|switch|p1a: Ogerpon|Ogerpon, F|100/100
|-damage|p1a: Ogerpon|88/100|[from] Stealth Rock
|turn|21
|c|☆PabloGYT|Yeaa i thought so
|
|t:|1776072287
|move|p1a: Ogerpon|Knock Off|p2a: A kird
|-resisted|p2a: A kird
|-damage|p2a: A kird|42/100
|-enditem|p2a: A kird|Leftovers|[from] move: Knock Off|[of] p1a: Ogerpon
|move|p2a: A kird|Brave Bird|p1a: Ogerpon
|-supereffective|p1a: Ogerpon
|-damage|p1a: Ogerpon|0 fnt
|faint|p1a: Ogerpon
|-damage|p2a: A kird|15/100|[from] Recoil
|
|upkeep
|
|t:|1776072297
|switch|p1a: Slowking|Slowking-Galar, F|100/100
|turn|22
|
|t:|1776072307
|move|p2a: A kird|Knock Off|p1a: Slowking
|-supereffective|p1a: Slowking
|-crit|p1a: Slowking
|-damage|p1a: Slowking|0 fnt
|-enditem|p1a: Slowking|Heavy-Duty Boots|[from] move: Knock Off|[of] p2a: A kird
|faint|p1a: Slowking
|
|upkeep
|c|☆Pongkz16|ok gg
|
|t:|1776072313
|switch|p1a: Kingambit|Kingambit, M|13/100
|-damage|p1a: Kingambit|7/100|[from] Stealth Rock
|turn|23
|
|t:|1776072319
|-terastallize|p1a: Kingambit|Dark
|move|p1a: Kingambit|Sucker Punch|p2a: A kird
|-resisted|p2a: A kird
|-damage|p2a: A kird|0 fnt
|faint|p2a: A kird
|
|-sideend|p1: Pongkz16|move: Tailwind
|upkeep
|
|t:|1776072323
|switch|p2a: Garchomp|Garchomp, M|53/100
|-activate|p2a: Garchomp|move: Sticky Web
|-unboost|p2a: Garchomp|spe|1
|-damage|p2a: Garchomp|47/100|[from] Stealth Rock
|turn|24
|
|t:|1776072326
|move|p1a: Kingambit|Sucker Punch|p2a: Garchomp
|-damage|p2a: Garchomp|10/100
|-damage|p1a: Kingambit|0 fnt|[from] ability: Rough Skin|[of] p2a: Garchomp
|faint|p1a: Kingambit
|
|win|PabloGYT
|raw|Pongkz16's rating: 1101 &rarr; <strong>1078</strong><br />(-23 for losing)
|raw|PabloGYT's rating: 1122 &rarr; <strong>1145</strong><br />(+23 for winning)
|c|☆PabloGYT|Gg
|l|☆Pongkz16
|player|p1|
|l|☆PabloGYT
|player|p2|
