|html|<div class="broadcast-blue"><strong>[Gen 9] OU is currently suspecting Tera Blast! For information on how to participate check out the <a href="https://www.smogon.com/tools/suspects/view/200">suspect thread</a>.</strong></div>
|j|☆kjojon
|j|☆Palleiro
|t:|1776096159
|gametype|singles
|player|p1|kjojon|brock|1146
|player|p2|Palleiro|169|1120
|gen|9
|tier|[Gen 9] OU
|rated|
|rule|HP Percentage Mod: HP is shown in percentages
|rule|Endless Battle Clause: Forcing endless battles is banned
|rule|Species Clause: Limit one of each Pokémon
|rule|OHKO Clause: OHKO moves are banned
|rule|Evasion Items Clause: Evasion items are banned
|rule|Evasion Moves Clause: Evasion moves are banned
|rule|Evasion Abilities Clause: Evasion abilities are banned
|rule|Sleep Moves Clause: Sleep-inducing moves are banned
|clearpoke
|poke|p1|Gardevoir, F|
|poke|p1|Lurantis, F|
|poke|p1|Duraludon, M|
|poke|p1|Hitmontop, M|
|poke|p1|Necrozma|
|poke|p1|Porygon-Z|
|poke|p2|Galvantula, M|
|poke|p2|Mienshao, M|
|poke|p2|Slowking-Galar, M|
|poke|p2|Salamence, M|
|poke|p2|Hydreigon, M|
|poke|p2|Arcanine-Hisui, M|
|teampreview
|
|t:|1776096165
|teamsize|p1|6
|teamsize|p2|6
|start
|switch|p1a: PoyPee|Porygon-Z, shiny|100/100
|switch|p2a: Galvantula|Galvantula, M|100/100
|turn|1
|c|☆Palleiro|nice team!
|
|t:|1776096172
|move|p2a: Galvantula|Sticky Web|p1a: PoyPee
|-sidestart|p1: kjojon|move: Sticky Web
|move|p1a: PoyPee|Tri Attack|p2a: Galvantula
|-enditem|p2a: Galvantula|Focus Sash
|-damage|p2a: Galvantula|1/100
|
|upkeep
|turn|2
|
|t:|1776096180
|move|p2a: Galvantula|Thunder|p1a: PoyPee
|-damage|p1a: PoyPee|37/100
|move|p1a: PoyPee|Tri Attack|p2a: Galvantula
|-damage|p2a: Galvantula|0 fnt
|faint|p2a: Galvantula
|
|upkeep
|
|t:|1776096187
|switch|p2a: Mienshao|Mienshao, M|100/100
|turn|3
|
|t:|1776096190
|move|p2a: Mienshao|Fake Out|p1a: PoyPee
|-damage|p1a: PoyPee|16/100
|-enditem|p1a: PoyPee|Salac Berry|[eat]
|-boost|p1a: PoyPee|spe|1|[from] item: Salac Berry
|-damage|p2a: Mienshao|91/100|[from] item: Life Orb
|cant|p1a: PoyPee|flinch
|
|upkeep
|turn|4
|
|t:|1776096196
|move|p1a: PoyPee|Tri Attack|p2a: Mienshao
|-damage|p2a: Mienshao|0 fnt
|faint|p2a: Mienshao
|
|upkeep
|
|t:|1776096198
|switch|p2a: Arcanine|Arcanine-Hisui, M|100/100
|turn|5
|
|t:|1776096200
|move|p2a: Arcanine|Extreme Speed|p1a: PoyPee
|-damage|p1a: PoyPee|0 fnt
|faint|p1a: PoyPee
|
|upkeep
|
|t:|1776096206
|switch|p1a: Libra|Lurantis, F, shiny|100/100
|-activate|p1a: Libra|move: Sticky Web
|-boost|p1a: Libra|spe|1
|turn|6
|
|t:|1776096214
|move|p2a: Arcanine|Extreme Speed|p1a: Libra
|-damage|p1a: Libra|70/100
|move|p1a: Libra|Superpower|p2a: Arcanine
|-supereffective|p2a: Arcanine
|-damage|p2a: Arcanine|26/100
|-boost|p1a: Libra|atk|1
|-boost|p1a: Libra|def|1
|
|upkeep
|turn|7
|
|t:|1776096222
|switch|p2a: Slowking|Slowking-Galar, M|100/100
|move|p1a: Libra|Superpower|p2a: Slowking
|-resisted|p2a: Slowking
|-damage|p2a: Slowking|88/100
|-boost|p1a: Libra|atk|1
|-boost|p1a: Libra|def|1
|
|upkeep
|turn|8
|
|t:|1776096227
|move|p1a: Libra|Night Slash|p2a: Slowking
|-supereffective|p2a: Slowking
|-damage|p2a: Slowking|12/100
|move|p2a: Slowking|Sludge Wave|p1a: Libra
|-supereffective|p1a: Libra
|-damage|p1a: Libra|0 fnt
|faint|p1a: Libra
|
|upkeep
|
|t:|1776096236
|switch|p1a: Garfiel|Hitmontop, M|100/100
|-activate|p1a: Garfiel|move: Sticky Web
|-unboost|p1a: Garfiel|spe|1
|turn|9
|
|t:|1776096249
|move|p1a: Garfiel|Rapid Spin|p2a: Slowking
|-damage|p2a: Slowking|0 fnt
|-boost|p1a: Garfiel|spe|1
|-sideend|p1: kjojon|Sticky Web|[from] move: Rapid Spin|[of] p1a: Garfiel
|faint|p2a: Slowking
|
|upkeep
|
|t:|1776096254
|switch|p2a: Salamence|Salamence, M|100/100
|turn|10
|
|t:|1776096257
|move|p2a: Salamence|Dragon Dance|p2a: Salamence
|-boost|p2a: Salamence|atk|1
|-boost|p2a: Salamence|spe|1
|move|p1a: Garfiel|Triple Axel|p2a: Salamence
|-supereffective|p2a: Salamence
|-damage|p2a: Salamence|51/100
|-supereffective|p2a: Salamence
|-damage|p2a: Salamence|0 fnt
|faint|p2a: Salamence
|-hitcount|p2: Salamence|2
|
|upkeep
|
|t:|1776096260
|switch|p2a: Arcanine|Arcanine-Hisui, M|26/100
|turn|11
|
|t:|1776096265
|move|p1a: Garfiel|Mach Punch|p2a: Arcanine
|-supereffective|p2a: Arcanine
|-damage|p2a: Arcanine|0 fnt
|faint|p2a: Arcanine
|
|upkeep
|
|t:|1776096277
|switch|p2a: Hydreigon|Hydreigon, M|100/100
|turn|12
|
|t:|1776096282
|move|p2a: Hydreigon|Fire Blast|p1a: Garfiel
|-damage|p1a: Garfiel|50/100
|move|p1a: Garfiel|Triple Axel|p2a: Hydreigon
|-supereffective|p2a: Hydreigon
|-damage|p2a: Hydreigon|77/100
|-supereffective|p2a: Hydreigon
|-damage|p2a: Hydreigon|32/100
|-hitcount|p2a: Hydreigon|2
|
|upkeep
|turn|13
|
|t:|1776096291
|move|p1a: Garfiel|Mach Punch|p2a: Hydreigon
|-supereffective|p2a: Hydreigon
|-damage|p2a: Hydreigon|0 fnt
|faint|p2a: Hydreigon
|
|win|kjojon
|raw|kjojon's rating: 1146 &rarr; <strong>1169</strong><br />(+23 for winning)
|raw|Palleiro's rating: 1120 &rarr; <strong>1097</strong><br />(-23 for losing)
|c|☆kjojon|gg's
