|html|<div class="broadcast-blue"><strong>[Gen 9] OU is currently suspecting Tera Blast! For information on how to participate check out the <a href="https://www.smogon.com/tools/suspects/view/200">suspect thread</a>.</strong></div>
|j|☆NeoNaruto✈️_✈️
|j|☆V0ldy
|t:|1776108078
|gametype|singles
|player|p1|NeoNaruto✈️_✈️|medium|1648
|player|p2|V0ldy|102|1679
|gen|9
|tier|[Gen 9] OU
|rated|
|rule|HP Percentage Mod: HP is shown in percentages
|rule|Endless Battle Clause: Forcing endless battles is banned
|rule|Species Clause: Limit one of each Pokémon
|rule|OHKO Clause: OHKO moves are banned
|rule|Evasion Items Clause: Evasion items are banned
|rule|Evasion Moves Clause: Evasion moves are banned
|rule|Evasion Abilities Clause: Evasion abilities are banned
|rule|Sleep Moves Clause: Sleep-inducing moves are banned
|clearpoke
|poke|p1|Tyranitar, F|
|poke|p1|Iron Moth|
|poke|p1|Staraptor, M|
|poke|p1|Garchomp, M|
|poke|p1|Torkoal, M|
|poke|p1|Dragonite, M|
|poke|p2|Indeedee, M|
|poke|p2|Hawlucha, F|
|poke|p2|Gallade, M|
|poke|p2|Armarouge, F|
|poke|p2|Polteageist-Antique|
|poke|p2|Excadrill, M|
|teampreview
|inactive|Battle timer is ON: inactive players will automatically lose when time's up. (requested by NeoNaruto✈️_✈️)
|
|t:|1776108090
|teamsize|p1|6
|teamsize|p2|6
|start
|switch|p1a: OVO CHUBBS|Torkoal, M|100/100
|switch|p2a: Excadrill|Excadrill, M|100/100
|-ability|p2a: Excadrill|Mold Breaker
|-weather|SunnyDay|[from] ability: Drought|[of] p1a: OVO CHUBBS
|turn|1
|
|t:|1776108104
|move|p2a: Excadrill|Earthquake|p1a: OVO CHUBBS
|-supereffective|p1a: OVO CHUBBS
|-damage|p1a: OVO CHUBBS|30/100
|move|p1a: OVO CHUBBS|Lava Plume|p2a: Excadrill
|-supereffective|p2a: Excadrill
|-damage|p2a: Excadrill|4/100
|
|-weather|SunnyDay|[upkeep]
|upkeep
|turn|2
|
|t:|1776108109
|switch|p1a: BLITZ SOME OPPS|Garchomp, M|100/100
|move|p2a: Excadrill|Earthquake|p1a: BLITZ SOME OPPS
|-damage|p1a: BLITZ SOME OPPS|62/100
|
|-weather|SunnyDay|[upkeep]
|upkeep
|turn|3
|
|t:|1776108113
|move|p2a: Excadrill|Stealth Rock|p1a: BLITZ SOME OPPS
|-sidestart|p1: NeoNaruto✈️_✈️|move: Stealth Rock
|move|p1a: BLITZ SOME OPPS|Stealth Rock|p2a: Excadrill
|-sidestart|p2: V0ldy|move: Stealth Rock
|
|-weather|SunnyDay|[upkeep]
|upkeep
|turn|4
|
|t:|1776108116
|move|p2a: Excadrill|Earthquake|p1a: BLITZ SOME OPPS
|-damage|p1a: BLITZ SOME OPPS|24/100
|move|p1a: BLITZ SOME OPPS|Spikes|p2a: Excadrill
|-sidestart|p2: V0ldy|Spikes
|
|-weather|SunnyDay|[upkeep]
|upkeep
|turn|5
|
|t:|1776108127
|switch|p1a: BIRD JESUS|Staraptor, M, shiny|100/100
|-damage|p1a: BIRD JESUS|75/100|[from] Stealth Rock
|move|p2a: Excadrill|Earthquake|p1a: BIRD JESUS
|-immune|p1a: BIRD JESUS
|
|-weather|none
|upkeep
|turn|6
|
|t:|1776108131
|switch|p1a: BLITZ SOME OPPS|Garchomp, M|24/100
|-damage|p1a: BLITZ SOME OPPS|17/100|[from] Stealth Rock
|move|p2a: Excadrill|Rapid Spin|p1a: BLITZ SOME OPPS
|-damage|p1a: BLITZ SOME OPPS|5/100
|-boost|p2a: Excadrill|spe|1
|-damage|p2a: Excadrill|0 fnt|[from] ability: Rough Skin|[of] p1a: BLITZ SOME OPPS
|faint|p2a: Excadrill
|
|upkeep
|
|t:|1776108133
|switch|p2a: Indeedee|Indeedee, M|100/100
|-damage|p2a: Indeedee|88/100|[from] Stealth Rock
|-damage|p2a: Indeedee|76/100|[from] Spikes
|-fieldstart|move: Psychic Terrain|[from] ability: Psychic Surge|[of] p2a: Indeedee
|turn|7
|
|t:|1776108136
|switch|p2a: Gallade|Gallade, M|100/100
|-damage|p2a: Gallade|94/100|[from] Stealth Rock
|-damage|p2a: Gallade|82/100|[from] Spikes
|move|p1a: BLITZ SOME OPPS|Rest|p1a: BLITZ SOME OPPS
|-status|p1a: BLITZ SOME OPPS|slp|[from] move: Rest
|-heal|p1a: BLITZ SOME OPPS|100/100 slp|[silent]
|
|upkeep
|turn|8
|
|t:|1776108139
|move|p2a: Gallade|Agility|p2a: Gallade
|-boost|p2a: Gallade|spe|2
|cant|p1a: BLITZ SOME OPPS|slp
|
|upkeep
|turn|9
|
|t:|1776108142
|move|p2a: Gallade|Psycho Cut|p1a: BLITZ SOME OPPS
|-crit|p1a: BLITZ SOME OPPS
|-damage|p1a: BLITZ SOME OPPS|34/100 slp
|cant|p1a: BLITZ SOME OPPS|slp
|
|upkeep
|turn|10
|
|t:|1776108147
|move|p2a: Gallade|Sacred Sword|p1a: BLITZ SOME OPPS
|-damage|p1a: BLITZ SOME OPPS|0 fnt
|-damage|p2a: Gallade|70/100|[from] ability: Rough Skin|[of] p1a: BLITZ SOME OPPS
|-damage|p2a: Gallade|53/100|[from] item: Rocky Helmet|[of] p1a: BLITZ SOME OPPS
|faint|p1a: BLITZ SOME OPPS
|
|upkeep
|
|t:|1776108152
|switch|p1a: FAT CHARIZARD|Dragonite, M, shiny|100/100
|turn|11
|
|t:|1776108155
|move|p2a: Gallade|Psycho Cut|p1a: FAT CHARIZARD
|-crit|p1a: FAT CHARIZARD
|-damage|p1a: FAT CHARIZARD|32/100
|move|p1a: FAT CHARIZARD|Earthquake|p2a: Gallade
|-damage|p2a: Gallade|0 fnt
|faint|p2a: Gallade
|
|upkeep
|
|t:|1776108167
|switch|p2a: Armarouge|Armarouge, F|100/100
|-damage|p2a: Armarouge|76/100|[from] Stealth Rock
|-damage|p2a: Armarouge|64/100|[from] Spikes
|turn|12
|
|t:|1776108171
|move|p1a: FAT CHARIZARD|Earthquake|p2a: Armarouge
|-supereffective|p2a: Armarouge
|-damage|p2a: Armarouge|0 fnt
|faint|p2a: Armarouge
|
|upkeep
|
|t:|1776108173
|switch|p2a: Hawlucha|Hawlucha, F|100/100
|-damage|p2a: Hawlucha|88/100|[from] Stealth Rock
|-enditem|p2a: Hawlucha|Psychic Seed
|-boost|p2a: Hawlucha|spd|1|[from] item: Psychic Seed
|turn|13
|
|t:|1776108184
|move|p2a: Hawlucha|Swords Dance|p2a: Hawlucha
|-boost|p2a: Hawlucha|atk|2
|move|p1a: FAT CHARIZARD|Fire Punch|p2a: Hawlucha
|-damage|p2a: Hawlucha|42/100
|
|upkeep
|turn|14
|
|t:|1776108188
|move|p2a: Hawlucha|Acrobatics|p1a: FAT CHARIZARD
|-damage|p1a: FAT CHARIZARD|0 fnt
|faint|p1a: FAT CHARIZARD
|
|-fieldend|move: Psychic Terrain
|upkeep
|
|t:|1776108194
|switch|p1a: OVO CHUBBS|Torkoal, M|30/100
|-weather|SunnyDay|[from] ability: Drought|[of] p1a: OVO CHUBBS
|turn|15
|
|t:|1776108196
|move|p2a: Hawlucha|Acrobatics|p1a: OVO CHUBBS
|-damage|p1a: OVO CHUBBS|0 fnt
|faint|p1a: OVO CHUBBS
|
|-weather|SunnyDay|[upkeep]
|upkeep
|
|t:|1776108200
|switch|p1a: DA LAST REX(3005)|Tyranitar, F|100/100
|-damage|p1a: DA LAST REX(3005)|88/100|[from] Stealth Rock
|-weather|Sandstorm|[from] ability: Sand Stream|[of] p1a: DA LAST REX(3005)
|turn|16
|
|t:|1776108202
|-terastallize|p1a: DA LAST REX(3005)|Ghost
|move|p2a: Hawlucha|Close Combat|p1a: DA LAST REX(3005)
|-immune|p1a: DA LAST REX(3005)
|move|p1a: DA LAST REX(3005)|Dragon Tail|p2a: Hawlucha
|-damage|p2a: Hawlucha|15/100
|drag|p2a: Indeedee|Indeedee, M|76/100
|-damage|p2a: Indeedee|64/100|[from] Stealth Rock
|-damage|p2a: Indeedee|51/100|[from] Spikes
|-fieldstart|move: Psychic Terrain|[from] ability: Psychic Surge|[of] p2a: Indeedee
|
|-weather|Sandstorm|[upkeep]
|-damage|p2a: Indeedee|45/100|[from] Sandstorm
|-damage|p1a: DA LAST REX(3005)|82/100|[from] Sandstorm
|upkeep
|turn|17
|
|t:|1776108210
|switch|p2a: Hawlucha|Hawlucha, F|15/100
|-damage|p2a: Hawlucha|2/100|[from] Stealth Rock
|move|p1a: DA LAST REX(3005)|Knock Off|p2a: Hawlucha
|-resisted|p2a: Hawlucha
|-damage|p2a: Hawlucha|0 fnt
|faint|p2a: Hawlucha
|
|-weather|Sandstorm|[upkeep]
|-damage|p1a: DA LAST REX(3005)|76/100|[from] Sandstorm
|upkeep
|
|t:|1776108217
|switch|p2a: Indeedee|Indeedee, M|45/100
|-damage|p2a: Indeedee|33/100|[from] Stealth Rock
|-damage|p2a: Indeedee|21/100|[from] Spikes
|turn|18
|j| Parth0312
|
|t:|1776108222
|move|p2a: Indeedee|Encore|p1a: DA LAST REX(3005)
|-start|p1a: DA LAST REX(3005)|Encore
|move|p1a: DA LAST REX(3005)|Knock Off|p2a: Indeedee
|-supereffective|p2a: Indeedee
|-damage|p2a: Indeedee|0 fnt
|-enditem|p2a: Indeedee|Terrain Extender|[from] move: Knock Off|[of] p1a: DA LAST REX(3005)
|faint|p2a: Indeedee
|
|-weather|Sandstorm|[upkeep]
|-damage|p1a: DA LAST REX(3005)|70/100|[from] Sandstorm
|upkeep
|
|t:|1776108223
|switch|p2a: Polteageist|Polteageist-Antique|100/100
|-damage|p2a: Polteageist|88/100|[from] Stealth Rock
|-damage|p2a: Polteageist|76/100|[from] Spikes
|turn|19
|
|t:|1776108225
|-terastallize|p2a: Polteageist|Fighting
|move|p2a: Polteageist|Shell Smash|p2a: Polteageist
|-unboost|p2a: Polteageist|def|1
|-unboost|p2a: Polteageist|spd|1
|-boost|p2a: Polteageist|atk|2
|-boost|p2a: Polteageist|spa|2
|-boost|p2a: Polteageist|spe|2
|move|p1a: DA LAST REX(3005)|Knock Off|p2a: Polteageist
|-resisted|p2a: Polteageist
|-damage|p2a: Polteageist|14/100
|-ability|p2a: Polteageist|Weak Armor|boost
|-unboost|p2a: Polteageist|def|1
|-boost|p2a: Polteageist|spe|2
|-enditem|p2a: Polteageist|Focus Sash|[from] move: Knock Off|[of] p1a: DA LAST REX(3005)
|
|-weather|Sandstorm|[upkeep]
|-damage|p2a: Polteageist|7/100|[from] Sandstorm
|-damage|p1a: DA LAST REX(3005)|63/100|[from] Sandstorm
|upkeep
|turn|20
|
|t:|1776108228
|move|p2a: Polteageist|Shadow Ball|p1a: DA LAST REX(3005)
|-supereffective|p1a: DA LAST REX(3005)
|-damage|p1a: DA LAST REX(3005)|0 fnt
|faint|p1a: DA LAST REX(3005)
|
|-weather|none
|upkeep
|
|t:|1776108234
|switch|p1a: VODECi IV|Iron Moth|100/100
|-damage|p1a: VODECi IV|76/100|[from] Stealth Rock
|turn|21
|
|t:|1776108237
|move|p2a: Polteageist|Stored Power|p1a: VODECi IV
|-supereffective|p1a: VODECi IV
|-damage|p1a: VODECi IV|0 fnt
|faint|p1a: VODECi IV
|-end|p1a: VODECi IV|Quark Drive|[silent]
|
|upkeep
|
|t:|1776108240
|switch|p1a: BIRD JESUS|Staraptor, M, shiny|75/100
|-damage|p1a: BIRD JESUS|50/100|[from] Stealth Rock
|turn|22
|
|t:|1776108242
|move|p2a: Polteageist|Stored Power|p1a: BIRD JESUS
|-damage|p1a: BIRD JESUS|0 fnt
|faint|p1a: BIRD JESUS
|
|win|V0ldy
|raw|NeoNaruto✈️_✈️'s rating: 1648 &rarr; <strong>1630</strong><br />(-18 for losing)
|raw|V0ldy's rating: 1679 &rarr; <strong>1697</strong><br />(+18 for winning)
|l|☆NeoNaruto✈️_✈️
|player|p1|
|l|☆V0ldy
|player|p2|
