|html|<div class="broadcast-blue"><strong>[Gen 9] OU is currently suspecting Tera Blast! For information on how to participate check out the <a href="https://www.smogon.com/tools/suspects/view/200">suspect thread</a>.</strong></div>
|j|☆Carnodragon5
|j|☆Helloimjerry
|t:|1776086263
|gametype|singles
|player|p1|Carnodragon5|skierf|1115
|player|p2|Helloimjerry|nate|1192
|gen|9
|tier|[Gen 9] OU
|rated|
|rule|HP Percentage Mod: HP is shown in percentages
|rule|Endless Battle Clause: Forcing endless battles is banned
|rule|Species Clause: Limit one of each Pokémon
|rule|OHKO Clause: OHKO moves are banned
|rule|Evasion Items Clause: Evasion items are banned
|rule|Evasion Moves Clause: Evasion moves are banned
|rule|Evasion Abilities Clause: Evasion abilities are banned
|rule|Sleep Moves Clause: Sleep-inducing moves are banned
|clearpoke
|poke|p1|Mightyena, M|
|poke|p1|Torkoal, F|
|poke|p1|Clawitzer, M|
|poke|p1|Ariados, M|
|poke|p1|Staraptor, M|
|poke|p1|Flygon, M|
|poke|p2|Gliscor, M|
|poke|p2|Ogerpon-Wellspring, F|
|poke|p2|Iron Moth|
|poke|p2|Landorus-Therian, M|
|poke|p2|Kingambit, F|
|poke|p2|Iron Valiant|
|teampreview
|inactive|Battle timer is ON: inactive players will automatically lose when time's up. (requested by Helloimjerry)
|
|t:|1776086268
|teamsize|p1|6
|teamsize|p2|6
|start
|switch|p1a: Ariados|Ariados, M|100/100
|switch|p2a: Dog|Landorus-Therian, M|100/100
|-ability|p2a: Dog|Intimidate|boost
|-unboost|p1a: Ariados|atk|1
|turn|1
|
|t:|1776086275
|move|p2a: Dog|Taunt|p1a: Ariados
|-start|p1a: Ariados|move: Taunt
|cant|p1a: Ariados|move: Taunt|Sticky Web
|
|upkeep
|turn|2
|
|t:|1776086304
|move|p2a: Dog|Stealth Rock|p1a: Ariados
|-sidestart|p1: Carnodragon5|move: Stealth Rock
|move|p1a: Ariados|Knock Off|p2a: Dog
|-damage|p2a: Dog|76/100
|-enditem|p2a: Dog|Leftovers|[from] move: Knock Off|[of] p1a: Ariados
|
|upkeep
|turn|3
|
|t:|1776086320
|move|p2a: Dog|Earthquake|p1a: Ariados
|-damage|p1a: Ariados|31/100
|move|p1a: Ariados|Leech Life|p2a: Dog
|-resisted|p2a: Dog
|-damage|p2a: Dog|58/100
|-heal|p1a: Ariados|39/100|[from] drain|[of] p2a: Dog
|
|-end|p1a: Ariados|move: Taunt
|upkeep
|turn|4
|inactive|Helloimjerry has 120 seconds left.
|
|t:|1776086366
|move|p2a: Dog|Taunt|p1a: Ariados
|-start|p1a: Ariados|move: Taunt
|cant|p1a: Ariados|move: Taunt|Sticky Web
|
|upkeep
|turn|5
|inactive|Carnodragon5 has 120 seconds left.
|
|t:|1776086387
|switch|p1a: Staraptor|Staraptor, M|100/100
|-damage|p1a: Staraptor|75/100|[from] Stealth Rock
|-ability|p1a: Staraptor|Intimidate|boost
|-unboost|p2a: Dog|atk|1
|move|p2a: Dog|Earthquake|p1a: Staraptor
|-immune|p1a: Staraptor
|
|upkeep
|turn|6
|
|t:|1776086409
|move|p2a: Dog|Taunt|p1a: Staraptor
|-start|p1a: Staraptor|move: Taunt
|move|p1a: Staraptor|U-turn|p2a: Dog
|-resisted|p2a: Dog
|-damage|p2a: Dog|38/100
|
|t:|1776086414
|switch|p1a: Mightyena|Mightyena, M|100/100|[from] U-turn
|-damage|p1a: Mightyena|88/100|[from] Stealth Rock
|
|-status|p1a: Mightyena|tox|[from] item: Toxic Orb
|upkeep
|turn|7
|
|t:|1776086422
|move|p2a: Dog|U-turn|p1a: Mightyena
|-supereffective|p1a: Mightyena
|-damage|p1a: Mightyena|26/100 tox
|
|t:|1776086428
|switch|p2a: Bat|Gliscor, M|100/100|[from] U-turn
|move|p1a: Mightyena|Ice Fang|p2a: Bat
|-supereffective|p2a: Bat
|-damage|p2a: Bat|44/100
|
|-damage|p1a: Mightyena|20/100 tox|[from] psn
|-status|p2a: Bat|tox|[from] item: Toxic Orb
|upkeep
|turn|8
|
|t:|1776086438
|move|p2a: Bat|U-turn|p1a: Mightyena
|-supereffective|p1a: Mightyena
|-damage|p1a: Mightyena|0 fnt
|faint|p1a: Mightyena
|
|t:|1776086456
|switch|p2a: Dog|Landorus-Therian, M|38/100|[from] U-turn
|
|upkeep
|
|t:|1776086462
|switch|p1a: Ariados|Ariados, M|39/100
|-damage|p1a: Ariados|14/100|[from] Stealth Rock
|turn|9
|
|t:|1776086478
|move|p2a: Dog|Earthquake|p1a: Ariados
|-damage|p1a: Ariados|0 fnt
|faint|p1a: Ariados
|
|upkeep
|
|t:|1776086499
|switch|p1a: Torkoal|Torkoal, F|100/100
|-damage|p1a: Torkoal|75/100|[from] Stealth Rock
|-weather|SunnyDay|[from] ability: Drought|[of] p1a: Torkoal
|turn|10
|
|t:|1776086506
|switch|p1a: Flygon|Flygon, M|100/100
|-damage|p1a: Flygon|94/100|[from] Stealth Rock
|move|p2a: Dog|Earthquake|p1a: Flygon
|-immune|p1a: Flygon|[from] ability: Levitate
|
|-weather|SunnyDay|[upkeep]
|upkeep
|turn|11
|
|t:|1776086518
|move|p2a: Dog|U-turn|p1a: Flygon
|-damage|p1a: Flygon|60/100
|inactive|Helloimjerry has 90 seconds left.
|
|t:|1776086555
|switch|p2a: Bat|Gliscor, M|44/100 tox|[from] U-turn
|move|p1a: Flygon|Dragon Dance|p1a: Flygon
|-boost|p1a: Flygon|atk|1
|-boost|p1a: Flygon|spe|1
|
|-weather|SunnyDay|[upkeep]
|-heal|p2a: Bat|57/100 tox|[from] ability: Poison Heal
|upkeep
|turn|12
|
|t:|1776086568
|move|p1a: Flygon|Dragon Claw|p2a: Bat
|-damage|p2a: Bat|0 fnt
|faint|p2a: Bat
|
|-weather|SunnyDay|[upkeep]
|upkeep
|inactive|Helloimjerry has 90 seconds left.
|
|t:|1776086585
|switch|p2a: Moth|Iron Moth|100/100
|turn|13
|inactive|Helloimjerry has 90 seconds left.
|
|t:|1776086595
|-terastallize|p2a: Moth|Flying
|move|p1a: Flygon|Earthquake|p2a: Moth
|-immune|p2a: Moth
|move|p2a: Moth|Fiery Dance|p1a: Flygon
|-resisted|p1a: Flygon
|-damage|p1a: Flygon|6/100
|-damage|p2a: Moth|91/100|[from] item: Life Orb
|
|-weather|SunnyDay|[upkeep]
|upkeep
|turn|14
|inactive|Helloimjerry has 90 seconds left.
|
|t:|1776086606
|move|p1a: Flygon|Dragon Claw|p2a: Moth
|-damage|p2a: Moth|0 fnt
|faint|p2a: Moth
|-end|p2a: Moth|Quark Drive|[silent]
|
|-weather|none
|upkeep
|inactive|Helloimjerry has 90 seconds left.
|
|t:|1776086614
|switch|p2a: Oger|Ogerpon-Wellspring, F|100/100
|turn|15
|
|t:|1776086619
|move|p2a: Oger|Spiky Shield|p2a: Oger
|-singleturn|p2a: Oger|move: Protect
|move|p1a: Flygon|U-turn|p2a: Oger
|-activate|p2a: Oger|move: Protect
|-damage|p1a: Flygon|0 fnt|[from] Spiky Shield|[of] p2a: Oger
|faint|p1a: Flygon
|
|upkeep
|
|t:|1776086627
|switch|p1a: Staraptor|Staraptor, M|75/100
|-damage|p1a: Staraptor|50/100|[from] Stealth Rock
|-ability|p1a: Staraptor|Intimidate|boost
|-unboost|p2a: Oger|atk|1
|turn|16
|
|t:|1776086639
|switch|p2a: Dog|Landorus-Therian, M|38/100
|-ability|p2a: Dog|Intimidate|boost
|-unboost|p1a: Staraptor|atk|1
|move|p1a: Staraptor|U-turn|p2a: Dog
|-resisted|p2a: Dog
|-damage|p2a: Dog|23/100
|
|t:|1776086645
|switch|p1a: Clawitzer|Clawitzer, M|100/100|[from] U-turn
|-damage|p1a: Clawitzer|88/100|[from] Stealth Rock
|
|upkeep
|turn|17
|
|t:|1776086671
|move|p2a: Dog|Earthquake|p1a: Clawitzer
|-damage|p1a: Clawitzer|33/100
|move|p1a: Clawitzer|Water Pulse|p2a: Dog
|-supereffective|p2a: Dog
|-damage|p2a: Dog|0 fnt
|faint|p2a: Dog
|
|upkeep
|
|t:|1776086678
|switch|p2a: Hermaphrodite|Iron Valiant|100/100
|-enditem|p2a: Hermaphrodite|Booster Energy
|-activate|p2a: Hermaphrodite|ability: Quark Drive|[fromitem]
|-start|p2a: Hermaphrodite|quarkdrivespe
|turn|18
|
|t:|1776086687
|move|p2a: Hermaphrodite|Moonblast|p1a: Clawitzer
|-damage|p1a: Clawitzer|6/100
|-unboost|p1a: Clawitzer|spa|1
|move|p1a: Clawitzer|Water Pulse|p2a: Hermaphrodite
|-damage|p2a: Hermaphrodite|59/100
|
|upkeep
|turn|19
|
|t:|1776086701
|move|p2a: Hermaphrodite|Moonblast|p1a: Clawitzer
|-damage|p1a: Clawitzer|0 fnt
|faint|p1a: Clawitzer
|
|upkeep
|
|t:|1776086710
|switch|p1a: Staraptor|Staraptor, M|50/100
|-damage|p1a: Staraptor|25/100|[from] Stealth Rock
|-ability|p1a: Staraptor|Intimidate|boost
|-unboost|p2a: Hermaphrodite|atk|1
|turn|20
|
|t:|1776086720
|move|p2a: Hermaphrodite|Moonblast|p1a: Staraptor
|-damage|p1a: Staraptor|0 fnt
|faint|p1a: Staraptor
|
|upkeep
|
|t:|1776086724
|switch|p1a: Torkoal|Torkoal, F|75/100
|-damage|p1a: Torkoal|50/100|[from] Stealth Rock
|-weather|SunnyDay|[from] ability: Drought|[of] p1a: Torkoal
|turn|21
|inactive|Helloimjerry has 120 seconds left.
|
|t:|1776086760
|move|p2a: Hermaphrodite|Destiny Bond|p2a: Hermaphrodite
|-singlemove|p2a: Hermaphrodite|Destiny Bond
|move|p1a: Torkoal|Flamethrower|p2a: Hermaphrodite
|-damage|p2a: Hermaphrodite|0 fnt
|faint|p2a: Hermaphrodite
|-activate|p2a: Hermaphrodite|move: Destiny Bond
|-end|p2a: Hermaphrodite|Quark Drive|[silent]
|faint|p1a: Torkoal
|
|win|Helloimjerry
|raw|Carnodragon5's rating: 1115 &rarr; <strong>1095</strong><br />(-20 for losing)
|raw|Helloimjerry's rating: 1192 &rarr; <strong>1212</strong><br />(+20 for winning)
|l|☆Helloimjerry
|player|p2|
|l|☆Carnodragon5
|player|p1|
|j|☆Helloimjerry
|player|p2|Helloimjerry|nate|
