|html|<div class="broadcast-blue"><strong>[Gen 9] OU is currently suspecting Tera Blast! For information on how to participate check out the <a href="https://www.smogon.com/tools/suspects/view/200">suspect thread</a>.</strong></div>
|j|☆yonji lover
|j|☆CrackSquad
|t:|1776033338
|gametype|singles
|player|p1|yonji lover|1|1671
|player|p2|CrackSquad|ballguy|1716
|gen|9
|tier|[Gen 9] OU
|rated|
|rule|HP Percentage Mod: HP is shown in percentages
|rule|Endless Battle Clause: Forcing endless battles is banned
|rule|Species Clause: Limit one of each Pokémon
|rule|OHKO Clause: OHKO moves are banned
|rule|Evasion Items Clause: Evasion items are banned
|rule|Evasion Moves Clause: Evasion moves are banned
|rule|Evasion Abilities Clause: Evasion abilities are banned
|rule|Sleep Moves Clause: Sleep-inducing moves are banned
|clearpoke
|poke|p1|Comfey, M|
|poke|p1|Whimsicott, M|
|poke|p1|Iron Moth|
|poke|p1|Walking Wake|
|poke|p1|Great Tusk|
|poke|p1|Ninetales, F|
|poke|p2|Comfey, M|
|poke|p2|Dragonite, M|
|poke|p2|Ogerpon-Wellspring, F|
|poke|p2|Deoxys-Speed|
|poke|p2|Gholdengo|
|poke|p2|Kingambit, F|
|teampreview
|j| ohko_smeargle
|
|t:|1776033348
|teamsize|p1|6
|teamsize|p2|6
|start
|switch|p1a: Ninetales|Ninetales, F|100/100
|switch|p2a: Deoxys|Deoxys-Speed|100/100
|-ability|p2a: Deoxys|Pressure
|-weather|SunnyDay|[from] ability: Drought|[of] p1a: Ninetales
|turn|1
|
|t:|1776033351
|move|p2a: Deoxys|Stealth Rock|p1a: Ninetales
|-sidestart|p1: yonji lover|move: Stealth Rock
|move|p1a: Ninetales|Encore|p2a: Deoxys
|-start|p2a: Deoxys|Encore
|
|-weather|SunnyDay|[upkeep]
|upkeep
|turn|2
|
|t:|1776033388
|switch|p2a: Gholdengo|Gholdengo|100/100
|-item|p2a: Gholdengo|Air Balloon
|switch|p1a: Iron Moth|Iron Moth|100/100
|-damage|p1a: Iron Moth|76/100|[from] Stealth Rock
|-enditem|p1a: Iron Moth|Booster Energy
|-activate|p1a: Iron Moth|ability: Quark Drive|[fromitem]
|-start|p1a: Iron Moth|quarkdrivespa
|
|-weather|SunnyDay|[upkeep]
|upkeep
|turn|3
|
|t:|1776033406
|switch|p2a: Dragonite|Dragonite, M|100/100
|move|p1a: Iron Moth|Fiery Dance|p2a: Dragonite
|-resisted|p2a: Dragonite
|-damage|p2a: Dragonite|75/100
|-boost|p1a: Iron Moth|spa|1
|
|-weather|SunnyDay|[upkeep]
|upkeep
|turn|4
|
|t:|1776033411
|move|p1a: Iron Moth|Sludge Wave|p2a: Dragonite
|-damage|p2a: Dragonite|0 fnt
|faint|p2a: Dragonite
|
|-weather|SunnyDay|[upkeep]
|upkeep
|
|t:|1776033416
|switch|p2a: Deoxys|Deoxys-Speed|100/100
|-ability|p2a: Deoxys|Pressure
|turn|5
|
|t:|1776033423
|-terastallize|p1a: Iron Moth|Fire
|move|p2a: Deoxys|Psycho Boost|p1a: Iron Moth
|-crit|p1a: Iron Moth
|-damage|p1a: Iron Moth|0 fnt
|-unboost|p2a: Deoxys|spa|2
|faint|p1a: Iron Moth
|-end|p1a: Iron Moth|Quark Drive|[silent]
|
|-weather|SunnyDay|[upkeep]
|upkeep
|
|t:|1776033430
|switch|p1a: Comfey|Comfey, M|100/100
|-damage|p1a: Comfey|88/100|[from] Stealth Rock
|turn|6
|
|t:|1776033434
|move|p2a: Deoxys|Taunt|p1a: Comfey
|-start|p1a: Comfey|move: Taunt
|cant|p1a: Comfey|move: Taunt|Growth
|
|-weather|SunnyDay|[upkeep]
|upkeep
|turn|7
|
|t:|1776033438
|switch|p1a: Walking Wake|Walking Wake|100/100
|-damage|p1a: Walking Wake|88/100|[from] Stealth Rock
|-activate|p1a: Walking Wake|ability: Protosynthesis
|-start|p1a: Walking Wake|protosynthesisspe
|move|p2a: Deoxys|Spikes|p1a: Walking Wake
|-sidestart|p1: yonji lover|Spikes
|
|-weather|SunnyDay|[upkeep]
|upkeep
|turn|8
|
|t:|1776033459
|switch|p2a: Ogerpon|Ogerpon-Wellspring, F|100/100
|move|p1a: Walking Wake|Draco Meteor|p2a: Ogerpon
|-damage|p2a: Ogerpon|24/100
|-unboost|p1a: Walking Wake|spa|2
|
|-weather|none
|-end|p1a: Walking Wake|Protosynthesis
|upkeep
|turn|9
|
|t:|1776033468
|move|p2a: Ogerpon|Horn Leech|p1a: Walking Wake
|-damage|p1a: Walking Wake|43/100
|-heal|p2a: Ogerpon|53/100|[from] drain|[of] p1a: Walking Wake
|move|p1a: Walking Wake|Draco Meteor|p2a: Ogerpon
|-crit|p2a: Ogerpon
|-damage|p2a: Ogerpon|0 fnt
|-unboost|p1a: Walking Wake|spa|2
|faint|p2a: Ogerpon
|
|upkeep
|
|t:|1776033474
|switch|p2a: Comfey|Comfey, M|100/100
|turn|10
|
|t:|1776033477
|-end|p1a: Walking Wake|Protosynthesis|[silent]
|switch|p1a: Ninetales|Ninetales, F|100/100
|-damage|p1a: Ninetales|76/100|[from] Stealth Rock
|-damage|p1a: Ninetales|63/100|[from] Spikes
|-weather|SunnyDay|[from] ability: Drought|[of] p1a: Ninetales
|move|p2a: Comfey|Calm Mind|p2a: Comfey
|-boost|p2a: Comfey|spa|1
|-boost|p2a: Comfey|spd|1
|
|-weather|SunnyDay|[upkeep]
|upkeep
|turn|11
|j| 9qf2l
|
|t:|1776033483
|move|p2a: Comfey|Draining Kiss|p1a: Ninetales
|-resisted|p1a: Ninetales
|-damage|p1a: Ninetales|44/100
|-damage|p2a: Comfey|91/100|[from] item: Life Orb
|move|p1a: Ninetales|Encore|p2a: Comfey
|-start|p2a: Comfey|Encore
|
|-weather|SunnyDay|[upkeep]
|upkeep
|turn|12
|l| 9qf2l
|j| 9qf2l
|l| 9qf2l
|
|t:|1776033496
|move|p2a: Comfey|Draining Kiss|p1a: Ninetales
|-resisted|p1a: Ninetales
|-crit|p1a: Ninetales
|-damage|p1a: Ninetales|13/100
|-heal|p2a: Comfey|100/100|[from] drain|[of] p1a: Ninetales
|-damage|p2a: Comfey|91/100|[from] item: Life Orb
|move|p1a: Ninetales|Healing Wish|p1a: Ninetales
|faint|p1a: Ninetales
|
|-weather|SunnyDay|[upkeep]
|upkeep
|
|t:|1776033510
|switch|p1a: Comfey|Comfey, M|88/100
|-heal|p1a: Comfey|100/100|[from] move: Healing Wish
|-damage|p1a: Comfey|88/100|[from] Stealth Rock
|-damage|p1a: Comfey|76/100|[from] Spikes
|turn|13
|
|t:|1776033516
|move|p2a: Comfey|Draining Kiss|p1a: Comfey
|-damage|p1a: Comfey|37/100
|-heal|p2a: Comfey|100/100|[from] drain|[of] p1a: Comfey
|-damage|p2a: Comfey|91/100|[from] item: Life Orb
|move|p1a: Comfey|Growth|p1a: Comfey
|-boost|p1a: Comfey|atk|2
|-boost|p1a: Comfey|spa|2
|
|-weather|SunnyDay|[upkeep]
|upkeep
|turn|14
|
|t:|1776033522
|move|p2a: Comfey|Draining Kiss|p1a: Comfey
|-damage|p1a: Comfey|0 fnt
|-heal|p2a: Comfey|100/100|[from] drain|[of] p1a: Comfey
|faint|p1a: Comfey
|-damage|p2a: Comfey|91/100|[from] item: Life Orb
|
|-weather|SunnyDay|[upkeep]
|-end|p2a: Comfey|Encore
|upkeep
|
|t:|1776033531
|switch|p1a: Whimsicott|Whimsicott, M|100/100
|-damage|p1a: Whimsicott|88/100|[from] Stealth Rock
|-damage|p1a: Whimsicott|76/100|[from] Spikes
|turn|15
|
|t:|1776033540
|move|p2a: Comfey|Draining Kiss|p1a: Whimsicott
|-damage|p1a: Whimsicott|13/100
|-heal|p2a: Comfey|100/100|[from] drain|[of] p1a: Whimsicott
|-damage|p2a: Comfey|91/100|[from] item: Life Orb
|move|p1a: Whimsicott|Growth|p1a: Whimsicott
|-boost|p1a: Whimsicott|atk|2
|-boost|p1a: Whimsicott|spa|2
|
|-weather|SunnyDay|[upkeep]
|upkeep
|turn|16
|
|t:|1776033544
|move|p2a: Comfey|Draining Kiss|p1a: Whimsicott
|-damage|p1a: Whimsicott|0 fnt
|-heal|p2a: Comfey|99/100|[from] drain|[of] p1a: Whimsicott
|faint|p1a: Whimsicott
|-damage|p2a: Comfey|90/100|[from] item: Life Orb
|
|-weather|SunnyDay|[upkeep]
|upkeep
|-message|yonji lover forfeited.
|
|win|CrackSquad
|raw|yonji lover's rating: 1671 &rarr; <strong>1654</strong><br />(-17 for losing)
|raw|CrackSquad's rating: 1716 &rarr; <strong>1733</strong><br />(+17 for winning)
|l|☆yonji lover
|player|p1|
|l| ohko_smeargle
|l|☆CrackSquad
|player|p2|
