|html|<div class="broadcast-blue"><strong>[Gen 9] OU is currently suspecting Tera Blast! For information on how to participate check out the <a href="https://www.smogon.com/tools/suspects/view/200">suspect thread</a>.</strong></div>
|j|☆evergreendaze
|j|☆Exilos
|t:|1776057174
|gametype|singles
|player|p1|evergreendaze|pokemaniac|1134
|player|p2|Exilos|iono-masters|1186
|gen|9
|tier|[Gen 9] OU
|rated|
|rule|HP Percentage Mod: HP is shown in percentages
|rule|Endless Battle Clause: Forcing endless battles is banned
|rule|Species Clause: Limit one of each Pokémon
|rule|OHKO Clause: OHKO moves are banned
|rule|Evasion Items Clause: Evasion items are banned
|rule|Evasion Moves Clause: Evasion moves are banned
|rule|Evasion Abilities Clause: Evasion abilities are banned
|rule|Sleep Moves Clause: Sleep-inducing moves are banned
|clearpoke
|poke|p1|Iron Valiant|
|poke|p1|Excadrill, M|
|poke|p1|Tyranitar, F|
|poke|p1|Toxapex, M|
|poke|p1|Ogerpon-Cornerstone, F|
|poke|p1|Tornadus-Therian, M|
|poke|p2|Pecharunt|
|poke|p2|Mew|
|poke|p2|Iron Valiant|
|poke|p2|Bellibolt, M|
|poke|p2|Dragonite, F|
|poke|p2|Zamazenta-*|
|teampreview
|inactive|Battle timer is ON: inactive players will automatically lose when time's up. (requested by Exilos)
|
|t:|1776057188
|teamsize|p1|6
|teamsize|p2|6
|start
|switch|p1a: Tyranitar|Tyranitar, F|100/100
|switch|p2a: Dragonite|Dragonite, F|100/100
|-weather|Sandstorm|[from] ability: Sand Stream|[of] p1a: Tyranitar
|turn|1
|
|t:|1776057201
|switch|p2a: Pecharunt|Pecharunt|100/100
|move|p1a: Tyranitar|Ice Punch|p2a: Pecharunt
|-damage|p2a: Pecharunt|86/100
|
|-weather|Sandstorm|[upkeep]
|-damage|p2a: Pecharunt|80/100|[from] Sandstorm
|upkeep
|turn|2
|
|t:|1776057210
|move|p1a: Tyranitar|Knock Off|p2a: Pecharunt
|-supereffective|p2a: Pecharunt
|-damage|p2a: Pecharunt|31/100
|-enditem|p2a: Pecharunt|Heavy-Duty Boots|[from] move: Knock Off|[of] p1a: Tyranitar
|move|p2a: Pecharunt|Malignant Chain|p1a: Tyranitar
|-resisted|p1a: Tyranitar
|-damage|p1a: Tyranitar|90/100
|-status|p1a: Tyranitar|tox
|-start|p1a: Tyranitar|confusion|[from] ability: Poison Puppeteer|[of] p2a: Pecharunt
|
|-weather|Sandstorm|[upkeep]
|-damage|p2a: Pecharunt|25/100|[from] Sandstorm
|-damage|p1a: Tyranitar|84/100 tox|[from] psn
|upkeep
|turn|3
|
|t:|1776057222
|-activate|p1a: Tyranitar|confusion
|-damage|p1a: Tyranitar|69/100 tox|[from] confusion
|move|p2a: Pecharunt|Recover|p2a: Pecharunt
|-heal|p2a: Pecharunt|75/100
|
|-weather|Sandstorm|[upkeep]
|-damage|p2a: Pecharunt|69/100|[from] Sandstorm
|-damage|p1a: Tyranitar|57/100 tox|[from] psn
|upkeep
|turn|4
|
|t:|1776057235
|-activate|p1a: Tyranitar|confusion
|move|p1a: Tyranitar|Knock Off|p2a: Pecharunt
|-supereffective|p2a: Pecharunt
|-damage|p2a: Pecharunt|32/100
|move|p2a: Pecharunt|Parting Shot|p1a: Tyranitar
|-unboost|p1a: Tyranitar|atk|1
|-unboost|p1a: Tyranitar|spa|1
|
|t:|1776057248
|switch|p2a: Mew|Mew, shiny|100/100|[from] Parting Shot
|
|-weather|Sandstorm|[upkeep]
|-damage|p2a: Mew|94/100|[from] Sandstorm
|-damage|p1a: Tyranitar|38/100 tox|[from] psn
|upkeep
|turn|5
|
|t:|1776057264
|switch|p1a: Iron Valiant|Iron Valiant, shiny|100/100
|move|p2a: Mew|Close Combat|p1a: Iron Valiant
|-resisted|p1a: Iron Valiant
|-damage|p1a: Iron Valiant|77/100
|-unboost|p2a: Mew|def|1
|-unboost|p2a: Mew|spd|1
|
|-weather|Sandstorm|[upkeep]
|-damage|p2a: Mew|88/100|[from] Sandstorm
|-damage|p1a: Iron Valiant|71/100|[from] Sandstorm
|upkeep
|turn|6
|
|t:|1776057276
|switch|p2a: Bellibolt|Bellibolt, M|100/100
|move|p1a: Iron Valiant|Shadow Ball|p2a: Bellibolt
|-damage|p2a: Bellibolt|75/100
|-start|p2a: Bellibolt|Charge|Shadow Ball|[from] ability: Electromorphosis
|
|-weather|Sandstorm|[upkeep]
|-damage|p1a: Iron Valiant|65/100|[from] Sandstorm
|-damage|p2a: Bellibolt|69/100|[from] Sandstorm
|upkeep
|turn|7
|
|t:|1776057286
|-end|p1a: Iron Valiant|Quark Drive|[silent]
|switch|p1a: Excadrill|Excadrill, M|100/100
|move|p2a: Bellibolt|Parabolic Charge|p1a: Excadrill
|-immune|p1a: Excadrill
|-end|p2a: Bellibolt|Charge|[silent]
|
|-weather|Sandstorm|[upkeep]
|-damage|p2a: Bellibolt|63/100|[from] Sandstorm
|upkeep
|turn|8
|
|t:|1776057297
|move|p1a: Excadrill|Substitute|p1a: Excadrill
|-start|p1a: Excadrill|Substitute
|-damage|p1a: Excadrill|76/100
|move|p2a: Bellibolt|Chilling Water|p1a: Excadrill
|-supereffective|p1a: Excadrill
|-end|p1a: Excadrill|Substitute
|
|-weather|none
|-heal|p1a: Excadrill|82/100|[from] item: Leftovers
|upkeep
|turn|9
|
|t:|1776057315
|switch|p2a: Dragonite|Dragonite, F|100/100
|move|p1a: Excadrill|Earthquake|p2a: Dragonite
|-immune|p2a: Dragonite
|
|-heal|p1a: Excadrill|88/100|[from] item: Leftovers
|upkeep
|turn|10
|
|t:|1776057329
|switch|p1a: Ogerpon|Ogerpon-Cornerstone, F|100/100
|move|p2a: Dragonite|Earthquake|p1a: Ogerpon
|-damage|p1a: Ogerpon|52/100
|
|upkeep
|turn|11
|
|t:|1776057339
|move|p1a: Ogerpon|Ivy Cudgel|p2a: Dragonite|[anim] Ivy Cudgel Rock
|-supereffective|p2a: Dragonite
|-damage|p2a: Dragonite|49/100
|move|p2a: Dragonite|Earthquake|p1a: Ogerpon
|-damage|p1a: Ogerpon|5/100
|
|upkeep
|turn|12
|
|t:|1776057345
|move|p2a: Dragonite|Extreme Speed|p1a: Ogerpon
|-resisted|p1a: Ogerpon
|-damage|p1a: Ogerpon|0 fnt
|faint|p1a: Ogerpon
|
|upkeep
|
|t:|1776057352
|switch|p1a: Iron Valiant|Iron Valiant, shiny|65/100
|turn|13
|
|t:|1776057357
|move|p2a: Dragonite|Extreme Speed|p1a: Iron Valiant
|-damage|p1a: Iron Valiant|22/100
|move|p1a: Iron Valiant|Moonblast|p2a: Dragonite
|-supereffective|p2a: Dragonite
|-damage|p2a: Dragonite|0 fnt
|faint|p2a: Dragonite
|
|upkeep
|inactive|Exilos has 120 seconds left.
|
|t:|1776057392
|switch|p2a: Bellibolt|Bellibolt, M|63/100
|turn|14
|
|t:|1776057406
|move|p1a: Iron Valiant|Moonblast|p2a: Bellibolt
|-damage|p2a: Bellibolt|17/100
|-start|p2a: Bellibolt|Charge|Moonblast|[from] ability: Electromorphosis
|move|p2a: Bellibolt|Chilling Water|p1a: Iron Valiant
|-damage|p1a: Iron Valiant|0 fnt
|faint|p1a: Iron Valiant
|-end|p1a: Iron Valiant|Quark Drive|[silent]
|
|upkeep
|
|t:|1776057413
|switch|p1a: Excadrill|Excadrill, M|88/100
|turn|15
|
|t:|1776057421
|switch|p1a: Tyranitar|Tyranitar, F|38/100 tox
|-weather|Sandstorm|[from] ability: Sand Stream|[of] p1a: Tyranitar
|move|p2a: Bellibolt|Chilling Water|p1a: Tyranitar
|-supereffective|p1a: Tyranitar
|-damage|p1a: Tyranitar|22/100 tox
|-unboost|p1a: Tyranitar|atk|1
|
|-weather|Sandstorm|[upkeep]
|-damage|p2a: Bellibolt|11/100|[from] Sandstorm
|-damage|p1a: Tyranitar|15/100 tox|[from] psn
|upkeep
|turn|16
|
|t:|1776057433
|switch|p1a: Excadrill|Excadrill, M|88/100
|move|p2a: Bellibolt|Chilling Water|p1a: Excadrill
|-supereffective|p1a: Excadrill
|-damage|p1a: Excadrill|55/100
|-unboost|p1a: Excadrill|atk|1
|
|-weather|Sandstorm|[upkeep]
|-damage|p2a: Bellibolt|5/100|[from] Sandstorm
|-heal|p1a: Excadrill|61/100|[from] item: Leftovers
|upkeep
|turn|17
|
|t:|1776057443
|move|p1a: Excadrill|Rapid Spin|p2a: Bellibolt
|-damage|p2a: Bellibolt|0 fnt
|-boost|p1a: Excadrill|spe|1
|faint|p2a: Bellibolt
|
|-weather|Sandstorm|[upkeep]
|-heal|p1a: Excadrill|67/100|[from] item: Leftovers
|upkeep
|
|t:|1776057448
|switch|p2a: Zamazenta|Zamazenta|100/100
|-ability|p2a: Zamazenta|Dauntless Shield|boost
|-boost|p2a: Zamazenta|def|1
|turn|18
|
|t:|1776057455
|-terastallize|p1a: Excadrill|Ground
|move|p1a: Excadrill|Earthquake|p2a: Zamazenta
|-crit|p2a: Zamazenta
|-damage|p2a: Zamazenta|4/100
|move|p2a: Zamazenta|Close Combat|p1a: Excadrill
|-damage|p1a: Excadrill|0 fnt
|-unboost|p2a: Zamazenta|def|1
|-unboost|p2a: Zamazenta|spd|1
|faint|p1a: Excadrill
|
|-weather|Sandstorm|[upkeep]
|-damage|p2a: Zamazenta|0 fnt|[from] Sandstorm
|faint|p2a: Zamazenta
|upkeep
|
|t:|1776057474
|switch|p2a: Pecharunt|Pecharunt|32/100
|switch|p1a: Tornadus|Tornadus-Therian, M|100/100
|turn|19
|
|t:|1776057481
|move|p1a: Tornadus|Bleakwind Storm|p2a: Pecharunt
|-damage|p2a: Pecharunt|0 fnt
|faint|p2a: Pecharunt
|
|-weather|Sandstorm|[upkeep]
|-damage|p1a: Tornadus|94/100|[from] Sandstorm
|upkeep
|
|t:|1776057486
|switch|p2a: Mew|Mew, shiny|88/100
|turn|20
|
|t:|1776057489
|move|p2a: Mew|Triple Axel|p1a: Tornadus
|-supereffective|p1a: Tornadus
|-damage|p1a: Tornadus|76/100
|-hitcount|p1a: Tornadus|1
|move|p1a: Tornadus|Bleakwind Storm|p2a: Mew
|-crit|p2a: Mew
|-damage|p2a: Mew|0 fnt
|faint|p2a: Mew
|
|-weather|Sandstorm|[upkeep]
|-damage|p1a: Tornadus|70/100|[from] Sandstorm
|upkeep
|inactive|Exilos has 120 seconds left.
|c|☆Exilos|first time ever seeing triple axel hitting once 😂
|
|t:|1776057533
|switch|p2a: Iron Valiant|Iron Valiant|100/100
|-enditem|p2a: Iron Valiant|Booster Energy
|-activate|p2a: Iron Valiant|ability: Quark Drive|[fromitem]
|-start|p2a: Iron Valiant|quarkdrivespe
|turn|21
|inactive|Exilos has 120 seconds left.
|c|☆Exilos|unlucky
|
|t:|1776057546
|-terastallize|p2a: Iron Valiant|Ghost
|move|p2a: Iron Valiant|Calm Mind|p2a: Iron Valiant
|-boost|p2a: Iron Valiant|spa|1
|-boost|p2a: Iron Valiant|spd|1
|move|p1a: Tornadus|Bleakwind Storm|p2a: Iron Valiant
|-damage|p2a: Iron Valiant|13/100
|
|-weather|Sandstorm|[upkeep]
|-damage|p2a: Iron Valiant|7/100|[from] Sandstorm
|-damage|p1a: Tornadus|64/100|[from] Sandstorm
|upkeep
|turn|22
|inactive|Exilos has 120 seconds left.
|
|t:|1776057559
|move|p2a: Iron Valiant|Moonblast|p1a: Tornadus
|-damage|p1a: Tornadus|0 fnt
|faint|p1a: Tornadus
|
|-weather|none
|upkeep
|
|t:|1776057564
|switch|p1a: Tyranitar|Tyranitar, F|15/100 tox
|-weather|Sandstorm|[from] ability: Sand Stream|[of] p1a: Tyranitar
|turn|23
|
|t:|1776057569
|switch|p1a: Toxapex|Toxapex, M|100/100
|move|p2a: Iron Valiant|Moonblast|p1a: Toxapex
|-resisted|p1a: Toxapex
|-damage|p1a: Toxapex|77/100
|-enditem|p1a: Toxapex|Eject Button
|
|t:|1776057575
|switch|p1a: Tyranitar|Tyranitar, F|15/100 tox
|
|-weather|Sandstorm|[upkeep]
|-damage|p2a: Iron Valiant|1/100|[from] Sandstorm
|-damage|p1a: Tyranitar|9/100 tox|[from] psn
|upkeep
|turn|24
|
|t:|1776057582
|switch|p1a: Toxapex|Toxapex, M|100/100
|move|p2a: Iron Valiant|Shadow Ball|p1a: Toxapex
|-crit|p1a: Toxapex
|-damage|p1a: Toxapex|40/100
|
|-weather|Sandstorm|[upkeep]
|-damage|p2a: Iron Valiant|0 fnt|[from] Sandstorm
|-damage|p1a: Toxapex|34/100|[from] Sandstorm
|faint|p2a: Iron Valiant
|-end|p2a: Iron Valiant|Quark Drive|[silent]
|
|win|evergreendaze
|raw|evergreendaze's rating: 1134 &rarr; <strong>1163</strong><br />(+29 for winning)
|raw|Exilos's rating: 1186 &rarr; <strong>1157</strong><br />(-29 for losing)
|l|☆Exilos
|player|p2|
|c|☆evergreendaze|that crit i got saved the game
|c|☆evergreendaze|ggs bro
