|html|<div class="broadcast-blue"><strong>[Gen 9] OU is currently suspecting Tera Blast! For information on how to participate check out the <a href="https://www.smogon.com/tools/suspects/view/200">suspect thread</a>.</strong></div>
|j|☆jujibalaoshi001
|j|☆panzer300
|t:|1776077833
|gametype|singles
|player|p1|jujibalaoshi001|1|1132
|player|p2|panzer300|170|1120
|gen|9
|tier|[Gen 9] OU
|rated|
|rule|HP Percentage Mod: HP is shown in percentages
|rule|Endless Battle Clause: Forcing endless battles is banned
|rule|Species Clause: Limit one of each Pokémon
|rule|OHKO Clause: OHKO moves are banned
|rule|Evasion Items Clause: Evasion items are banned
|rule|Evasion Moves Clause: Evasion moves are banned
|rule|Evasion Abilities Clause: Evasion abilities are banned
|rule|Sleep Moves Clause: Sleep-inducing moves are banned
|clearpoke
|poke|p1|Kyurem|
|poke|p1|Ninetales-Alola, F|
|poke|p1|Polteageist|
|poke|p1|Ogerpon-Cornerstone, F|
|poke|p1|Iron Treads|
|poke|p1|Weezing-Galar, F|
|poke|p2|Garchomp, M|
|poke|p2|Infernape, F|
|poke|p2|Staraptor, F|
|poke|p2|Gastrodon, M|
|poke|p2|Meowscarada, F|
|poke|p2|Vikavolt, F|
|teampreview
|
|t:|1776077867
|teamsize|p1|6
|teamsize|p2|6
|start
|switch|p1a: Iron Treads|Iron Treads|100/100
|switch|p2a: Gastrodon|Gastrodon, M|100/100
|-enditem|p1a: Iron Treads|Booster Energy
|-activate|p1a: Iron Treads|ability: Quark Drive|[fromitem]
|-start|p1a: Iron Treads|quarkdrivespe
|turn|1
|
|t:|1776077877
|move|p1a: Iron Treads|Stealth Rock|p2a: Gastrodon
|-sidestart|p2: panzer300|move: Stealth Rock
|move|p2a: Gastrodon|Surf|p1a: Iron Treads
|-supereffective|p1a: Iron Treads
|-damage|p1a: Iron Treads|0 fnt
|faint|p1a: Iron Treads
|-end|p1a: Iron Treads|Quark Drive|[silent]
|
|upkeep
|
|t:|1776077890
|switch|p1a: Ninetales|Ninetales-Alola, F|100/100
|-weather|Snowscape|[from] ability: Snow Warning|[of] p1a: Ninetales
|turn|2
|
|t:|1776077916
|move|p1a: Ninetales|Aurora Veil|p1a: Ninetales
|-sidestart|p1: jujibalaoshi001|move: Aurora Veil
|move|p2a: Gastrodon|Sludge Bomb|p1a: Ninetales
|-supereffective|p1a: Ninetales
|-damage|p1a: Ninetales|67/100
|
|-weather|Snowscape|[upkeep]
|upkeep
|turn|3
|
|t:|1776077923
|move|p1a: Ninetales|Freeze-Dry|p2a: Gastrodon
|-supereffective|p2a: Gastrodon
|-damage|p2a: Gastrodon|0 fnt
|faint|p2a: Gastrodon
|
|-weather|Snowscape|[upkeep]
|upkeep
|
|t:|1776077933
|switch|p2a: Vikavolt|Vikavolt, F|100/100
|-damage|p2a: Vikavolt|75/100|[from] Stealth Rock
|turn|4
|
|t:|1776077946
|switch|p1a: Kyurem|Kyurem|100/100
|-ability|p1a: Kyurem|Pressure
|move|p2a: Vikavolt|Sticky Web|p1a: Kyurem
|-sidestart|p1: jujibalaoshi001|move: Sticky Web
|
|-weather|Snowscape|[upkeep]
|upkeep
|turn|5
|
|t:|1776077965
|move|p1a: Kyurem|Dragon Dance|p1a: Kyurem
|-boost|p1a: Kyurem|atk|1
|-boost|p1a: Kyurem|spe|1
|move|p2a: Vikavolt|Volt Switch|p1a: Kyurem
|-resisted|p1a: Kyurem
|-damage|p1a: Kyurem|91/100
|
|t:|1776077975
|switch|p2a: Meowscarada|Meowscarada, F|100/100|[from] Volt Switch
|-damage|p2a: Meowscarada|88/100|[from] Stealth Rock
|
|-weather|Snowscape|[upkeep]
|upkeep
|turn|6
|
|t:|1776077986
|move|p1a: Kyurem|Icicle Spear|p2a: Meowscarada
|-supereffective|p2a: Meowscarada
|-damage|p2a: Meowscarada|14/100
|-supereffective|p2a: Meowscarada
|-damage|p2a: Meowscarada|0 fnt
|faint|p2a: Meowscarada
|-hitcount|p2: Meowscarada|2
|
|-weather|none
|upkeep
|
|t:|1776077993
|switch|p2a: Garchomp|Garchomp, M|100/100
|-damage|p2a: Garchomp|94/100|[from] Stealth Rock
|turn|7
|
|t:|1776078005
|-terastallize|p2a: Garchomp|Poison
|move|p1a: Kyurem|Icicle Spear|p2a: Garchomp
|-damage|p2a: Garchomp|70/100
|-damage|p2a: Garchomp|47/100
|-damage|p2a: Garchomp|26/100
|-hitcount|p2a: Garchomp|3
|move|p2a: Garchomp|Dragon Claw|p1a: Kyurem
|-supereffective|p1a: Kyurem
|-damage|p1a: Kyurem|43/100
|
|upkeep
|turn|8
|
|t:|1776078022
|move|p1a: Kyurem|Freeze-Dry|p2a: Garchomp
|-crit|p2a: Garchomp
|-damage|p2a: Garchomp|0 fnt
|faint|p2a: Garchomp
|
|upkeep
|
|t:|1776078029
|switch|p2a: Infernape|Infernape, F|100/100
|-damage|p2a: Infernape|88/100|[from] Stealth Rock
|turn|9
|
|t:|1776078034
|move|p2a: Infernape|Close Combat|p1a: Kyurem
|-supereffective|p1a: Kyurem
|-damage|p1a: Kyurem|0 fnt
|-unboost|p2a: Infernape|def|1
|-unboost|p2a: Infernape|spd|1
|faint|p1a: Kyurem
|
|-sideend|p1: jujibalaoshi001|move: Aurora Veil
|upkeep
|
|t:|1776078044
|switch|p1a: Polteageist|Polteageist|100/100
|-activate|p1a: Polteageist|move: Sticky Web
|-unboost|p1a: Polteageist|spe|1
|-enditem|p1a: Polteageist|White Herb
|-clearnegativeboost|p1a: Polteageist|[silent]
|turn|10
|
|t:|1776078053
|switch|p2a: Vikavolt|Vikavolt, F|75/100
|-damage|p2a: Vikavolt|50/100|[from] Stealth Rock
|move|p1a: Polteageist|Shell Smash|p1a: Polteageist
|-unboost|p1a: Polteageist|def|1
|-unboost|p1a: Polteageist|spd|1
|-boost|p1a: Polteageist|atk|2
|-boost|p1a: Polteageist|spa|2
|-boost|p1a: Polteageist|spe|2
|
|upkeep
|turn|11
|
|t:|1776078069
|move|p1a: Polteageist|Shadow Ball|p2a: Vikavolt
|-damage|p2a: Vikavolt|0 fnt
|faint|p2a: Vikavolt
|
|upkeep
|
|t:|1776078075
|switch|p2a: Infernape|Infernape, F|88/100
|-damage|p2a: Infernape|76/100|[from] Stealth Rock
|turn|12
|
|t:|1776078081
|move|p2a: Infernape|Raging Fury|p1a: Polteageist
|-damage|p1a: Polteageist|13/100
|move|p1a: Polteageist|Stored Power|p2a: Infernape
|-supereffective|p2a: Infernape
|-damage|p2a: Infernape|0 fnt
|faint|p2a: Infernape
|
|upkeep
|
|t:|1776078088
|switch|p2a: Staraptor|Staraptor, F|100/100
|-damage|p2a: Staraptor|75/100|[from] Stealth Rock
|-ability|p2a: Staraptor|Intimidate|boost
|-unboost|p1a: Polteageist|atk|1
|turn|13
|l|☆jujibalaoshi001
|player|p1|
|inactive|Battle timer is ON: inactive players will automatically lose when time's up. (requested by panzer300)
|j|☆jujibalaoshi001
|inactive|jujibalaoshi001 reconnected and has 150 seconds left.
|player|p1|jujibalaoshi001|1|
|
|t:|1776078158
|move|p1a: Polteageist|Stored Power|p2a: Staraptor
|-damage|p2a: Staraptor|0 fnt
|faint|p2a: Staraptor
|
|win|jujibalaoshi001
|raw|jujibalaoshi001's rating: 1132 &rarr; <strong>1156</strong><br />(+24 for winning)
|raw|panzer300's rating: 1120 &rarr; <strong>1096</strong><br />(-24 for losing)
|l|☆panzer300
|player|p2|
|l|☆jujibalaoshi001
|player|p1|
