|html|<div class="broadcast-blue"><strong>[Gen 9] OU is currently suspecting Tera Blast! For information on how to participate check out the <a href="https://www.smogon.com/tools/suspects/view/200">suspect thread</a>.</strong></div>
|j|☆blu-97_v
|j|☆new human two
|t:|1776348373
|gametype|singles
|player|p1|blu-97_v|hiker-gen4|1491
|player|p2|new human two|lucas|1439
|gen|9
|tier|[Gen 9] OU
|rated|
|rule|HP Percentage Mod: HP is shown in percentages
|rule|Endless Battle Clause: Forcing endless battles is banned
|rule|Species Clause: Limit one of each Pokémon
|rule|OHKO Clause: OHKO moves are banned
|rule|Evasion Items Clause: Evasion items are banned
|rule|Evasion Moves Clause: Evasion moves are banned
|rule|Evasion Abilities Clause: Evasion abilities are banned
|rule|Sleep Moves Clause: Sleep-inducing moves are banned
|clearpoke
|poke|p1|Darkrai|
|poke|p1|Slowking-Galar, M|
|poke|p1|Great Tusk|
|poke|p1|Moltres|
|poke|p1|Dragonite, M|
|poke|p1|Corviknight, M|
|poke|p2|Ogerpon-Wellspring, F|
|poke|p2|Pecharunt|
|poke|p2|Great Tusk|
|poke|p2|Iron Crown|
|poke|p2|Landorus-Therian, M|
|poke|p2|Samurott-Hisui, F|
|teampreview
|inactive|Battle timer is ON: inactive players will automatically lose when time's up. (requested by blu-97_v)
|inactive|new human two also wants the timer to be on.
|
|t:|1776348400
|teamsize|p1|6
|teamsize|p2|6
|start
|switch|p1a: Corviknight|Corviknight, M|100/100
|switch|p2a: Iron Crown|Iron Crown|100/100
|-ability|p1a: Corviknight|Pressure
|turn|1
|
|t:|1776348406
|move|p2a: Iron Crown|Tachyon Cutter|p1a: Corviknight
|-resisted|p1a: Corviknight
|-damage|p1a: Corviknight|82/100
|-resisted|p1a: Corviknight
|-damage|p1a: Corviknight|65/100
|-hitcount|p1a: Corviknight|2
|move|p1a: Corviknight|Roost|p1a: Corviknight
|-heal|p1a: Corviknight|100/100
|-singleturn|p1a: Corviknight|move: Roost
|
|upkeep
|turn|2
|
|t:|1776348414
|-end|p2a: Iron Crown|Quark Drive|[silent]
|switch|p2a: Landorus|Landorus-Therian, M|100/100
|-ability|p2a: Landorus|Intimidate|boost
|-unboost|p1a: Corviknight|atk|1
|move|p1a: Corviknight|Iron Defense|p1a: Corviknight
|-boost|p1a: Corviknight|def|2
|
|upkeep
|turn|3
|
|t:|1776348431
|move|p2a: Landorus|U-turn|p1a: Corviknight
|-resisted|p1a: Corviknight
|-damage|p1a: Corviknight|98/100
|
|t:|1776348435
|switch|p2a: Pecharunt|Pecharunt|100/100|[from] U-turn
|move|p1a: Corviknight|Drill Peck|p2a: Pecharunt
|-damage|p2a: Pecharunt|93/100
|-damage|p1a: Corviknight|82/100|[from] item: Rocky Helmet|[of] p2a: Pecharunt
|
|-heal|p1a: Corviknight|88/100|[from] item: Leftovers
|upkeep
|turn|4
|
|t:|1776348442
|switch|p1a: Slowking|Slowking-Galar, M|100/100
|move|p2a: Pecharunt|Parting Shot|p1a: Slowking
|-unboost|p1a: Slowking|atk|1
|-unboost|p1a: Slowking|spa|1
|
|t:|1776348458
|switch|p2a: Samurott|Samurott-Hisui, F|100/100|[from] Parting Shot
|
|upkeep
|turn|5
|
|t:|1776348463
|switch|p1a: Corviknight|Corviknight, M|88/100
|-ability|p1a: Corviknight|Pressure
|move|p2a: Samurott|Ceaseless Edge|p1a: Corviknight
|-damage|p1a: Corviknight|60/100
|-sidestart|p1: blu-97_v|Spikes
|
|-heal|p1a: Corviknight|66/100|[from] item: Leftovers
|upkeep
|turn|6
|
|t:|1776348479
|switch|p2a: Iron Crown|Iron Crown|100/100
|move|p1a: Corviknight|Body Press|p2a: Iron Crown
|-damage|p2a: Iron Crown|72/100
|
|-heal|p1a: Corviknight|72/100|[from] item: Leftovers
|upkeep
|turn|7
|
|t:|1776348486
|switch|p1a: Great Tusk|Great Tusk|100/100
|-damage|p1a: Great Tusk|88/100|[from] Spikes
|move|p2a: Iron Crown|Volt Switch|p1a: Great Tusk
|-immune|p1a: Great Tusk
|
|-heal|p1a: Great Tusk|94/100|[from] item: Leftovers
|upkeep
|turn|8
|
|t:|1776348504
|-end|p2a: Iron Crown|Quark Drive|[silent]
|switch|p2a: Pecharunt|Pecharunt|93/100
|move|p1a: Great Tusk|Knock Off|p2a: Pecharunt
|-supereffective|p2a: Pecharunt
|-damage|p2a: Pecharunt|61/100
|-damage|p1a: Great Tusk|78/100|[from] item: Rocky Helmet|[of] p2a: Pecharunt
|-enditem|p2a: Pecharunt|Rocky Helmet|[from] move: Knock Off|[of] p1a: Great Tusk
|
|-heal|p1a: Great Tusk|84/100|[from] item: Leftovers
|upkeep
|turn|9
|
|t:|1776348514
|move|p1a: Great Tusk|Headlong Rush|p2a: Pecharunt
|-supereffective|p2a: Pecharunt
|-damage|p2a: Pecharunt|7/100
|-unboost|p1a: Great Tusk|def|1
|-unboost|p1a: Great Tusk|spd|1
|move|p2a: Pecharunt|Recover|p2a: Pecharunt
|-heal|p2a: Pecharunt|57/100
|
|-heal|p1a: Great Tusk|90/100|[from] item: Leftovers
|upkeep
|turn|10
|
|t:|1776348525
|-end|p1a: Great Tusk|Protosynthesis|[silent]
|switch|p1a: Corviknight|Corviknight, M|72/100
|-ability|p1a: Corviknight|Pressure
|move|p2a: Pecharunt|Recover|p2a: Pecharunt
|-heal|p2a: Pecharunt|100/100
|
|-heal|p1a: Corviknight|78/100|[from] item: Leftovers
|upkeep
|turn|11
|
|t:|1776348531
|move|p2a: Pecharunt|Parting Shot|p1a: Corviknight
|-unboost|p1a: Corviknight|atk|1
|-unboost|p1a: Corviknight|spa|1
|
|t:|1776348538
|switch|p2a: Iron Crown|Iron Crown|72/100|[from] Parting Shot
|move|p1a: Corviknight|Drill Peck|p2a: Iron Crown
|-resisted|p2a: Iron Crown
|-damage|p2a: Iron Crown|63/100
|
|-heal|p1a: Corviknight|84/100|[from] item: Leftovers
|upkeep
|turn|12
|
|t:|1776348543
|move|p2a: Iron Crown|Volt Switch|p1a: Corviknight
|-supereffective|p1a: Corviknight
|-damage|p1a: Corviknight|15/100
|
|t:|1776348565
|-end|p2a: Iron Crown|Quark Drive|[silent]
|switch|p2a: Ogerpon|Ogerpon-Wellspring, F|100/100|[from] Volt Switch
|move|p1a: Corviknight|Roost|p1a: Corviknight
|-heal|p1a: Corviknight|65/100
|-singleturn|p1a: Corviknight|move: Roost
|
|-heal|p1a: Corviknight|71/100|[from] item: Leftovers
|upkeep
|turn|13
|
|t:|1776348584
|move|p2a: Ogerpon|Swords Dance|p2a: Ogerpon
|-boost|p2a: Ogerpon|atk|2
|move|p1a: Corviknight|Iron Defense|p1a: Corviknight
|-boost|p1a: Corviknight|def|2
|
|-heal|p1a: Corviknight|77/100|[from] item: Leftovers
|upkeep
|turn|14
|
|t:|1776348592
|switch|p2a: Pecharunt|Pecharunt|100/100
|move|p1a: Corviknight|Body Press|p2a: Pecharunt
|-immune|p2a: Pecharunt
|
|-heal|p1a: Corviknight|83/100|[from] item: Leftovers
|upkeep
|turn|15
|inactive|blu-97_v has 120 seconds left.
|
|t:|1776348637
|switch|p1a: Slowking|Slowking-Galar, M|100/100
|move|p2a: Pecharunt|Foul Play|p1a: Slowking
|-supereffective|p1a: Slowking
|-damage|p1a: Slowking|76/100
|
|upkeep
|turn|16
|
|t:|1776348652
|move|p2a: Pecharunt|Foul Play|p1a: Slowking
|-supereffective|p1a: Slowking
|-damage|p1a: Slowking|52/100
|-prepare|p1a: Slowking|Chilly Reception|[premajor]
|move|p1a: Slowking|Chilly Reception|p1a: Slowking
|-weather|Snowscape
|inactive|blu-97_v has 120 seconds left.
|
|t:|1776348663
|switch|p1a: Corviknight|Corviknight, M|83/100|[from] Chilly Reception
|-ability|p1a: Corviknight|Pressure
|
|-weather|Snowscape|[upkeep]
|-heal|p1a: Corviknight|89/100|[from] item: Leftovers
|upkeep
|turn|17
|
|t:|1776348668
|move|p2a: Pecharunt|Foul Play|p1a: Corviknight
|-damage|p1a: Corviknight|78/100
|move|p1a: Corviknight|Iron Defense|p1a: Corviknight
|-boost|p1a: Corviknight|def|2
|
|-weather|Snowscape|[upkeep]
|-heal|p1a: Corviknight|84/100|[from] item: Leftovers
|upkeep
|turn|18
|inactive|new human two has 120 seconds left.
|
|t:|1776348704
|move|p2a: Pecharunt|Foul Play|p1a: Corviknight
|-damage|p1a: Corviknight|78/100
|move|p1a: Corviknight|Iron Defense|p1a: Corviknight
|-boost|p1a: Corviknight|def|2
|
|-weather|Snowscape|[upkeep]
|-heal|p1a: Corviknight|84/100|[from] item: Leftovers
|upkeep
|turn|19
|inactive|new human two has 120 seconds left.
|
|t:|1776348717
|move|p2a: Pecharunt|Foul Play|p1a: Corviknight
|-damage|p1a: Corviknight|80/100
|move|p1a: Corviknight|Iron Defense|p1a: Corviknight
|-boost|p1a: Corviknight|def|2
|
|-weather|Snowscape|[upkeep]
|-heal|p1a: Corviknight|86/100|[from] item: Leftovers
|upkeep
|turn|20
|inactive|new human two has 120 seconds left.
|
|t:|1776348728
|move|p2a: Pecharunt|Parting Shot|p1a: Corviknight
|-unboost|p1a: Corviknight|atk|1
|-unboost|p1a: Corviknight|spa|1
|
|t:|1776348731
|switch|p2a: Iron Crown|Iron Crown|63/100|[from] Parting Shot
|move|p1a: Corviknight|Drill Peck|p2a: Iron Crown
|-resisted|p2a: Iron Crown
|-damage|p2a: Iron Crown|54/100
|
|-weather|none
|-heal|p1a: Corviknight|92/100|[from] item: Leftovers
|upkeep
|turn|21
|
|t:|1776348737
|move|p2a: Iron Crown|Volt Switch|p1a: Corviknight
|-supereffective|p1a: Corviknight
|-damage|p1a: Corviknight|28/100
|
|t:|1776348741
|-end|p2a: Iron Crown|Quark Drive|[silent]
|switch|p2a: Pecharunt|Pecharunt|100/100|[from] Volt Switch
|move|p1a: Corviknight|Body Press|p2a: Pecharunt
|-immune|p2a: Pecharunt
|
|-heal|p1a: Corviknight|34/100|[from] item: Leftovers
|upkeep
|turn|22
|
|t:|1776348754
|move|p2a: Pecharunt|Foul Play|p1a: Corviknight
|-damage|p1a: Corviknight|32/100
|move|p1a: Corviknight|Roost|p1a: Corviknight
|-heal|p1a: Corviknight|82/100
|-singleturn|p1a: Corviknight|move: Roost
|
|-heal|p1a: Corviknight|88/100|[from] item: Leftovers
|upkeep
|turn|23
|
|t:|1776348774
|move|p2a: Pecharunt|Foul Play|p1a: Corviknight
|-damage|p1a: Corviknight|86/100
|move|p1a: Corviknight|Drill Peck|p2a: Pecharunt
|-damage|p2a: Pecharunt|92/100
|
|-heal|p1a: Corviknight|92/100|[from] item: Leftovers
|upkeep
|turn|24
|
|t:|1776348790
|move|p2a: Pecharunt|Foul Play|p1a: Corviknight
|-damage|p1a: Corviknight|90/100
|move|p1a: Corviknight|Drill Peck|p2a: Pecharunt
|-damage|p2a: Pecharunt|84/100
|
|-heal|p1a: Corviknight|96/100|[from] item: Leftovers
|upkeep
|turn|25
|
|t:|1776348795
|move|p2a: Pecharunt|Parting Shot|p1a: Corviknight
|-unboost|p1a: Corviknight|atk|1
|-unboost|p1a: Corviknight|spa|1
|
|t:|1776348799
|switch|p2a: Iron Crown|Iron Crown|54/100|[from] Parting Shot
|move|p1a: Corviknight|Drill Peck|p2a: Iron Crown
|-resisted|p2a: Iron Crown
|-damage|p2a: Iron Crown|47/100
|
|-heal|p1a: Corviknight|100/100|[from] item: Leftovers
|upkeep
|turn|26
|
|t:|1776348803
|move|p2a: Iron Crown|Volt Switch|p1a: Corviknight
|-supereffective|p1a: Corviknight
|-damage|p1a: Corviknight|30/100
|
|t:|1776348822
|-end|p2a: Iron Crown|Quark Drive|[silent]
|switch|p2a: Great Tusk|Great Tusk|100/100|[from] Volt Switch
|-enditem|p2a: Great Tusk|Booster Energy
|-activate|p2a: Great Tusk|ability: Protosynthesis|[fromitem]
|-start|p2a: Great Tusk|protosynthesisspe
|move|p1a: Corviknight|Drill Peck|p2a: Great Tusk
|-supereffective|p2a: Great Tusk
|-damage|p2a: Great Tusk|84/100
|
|-heal|p1a: Corviknight|36/100|[from] item: Leftovers
|upkeep
|turn|27
|
|t:|1776348826
|move|p2a: Great Tusk|Stealth Rock|p1a: Corviknight
|-sidestart|p1: blu-97_v|move: Stealth Rock
|move|p1a: Corviknight|Roost|p1a: Corviknight
|-heal|p1a: Corviknight|86/100
|-singleturn|p1a: Corviknight|move: Roost
|
|-heal|p1a: Corviknight|92/100|[from] item: Leftovers
|upkeep
|turn|28
|
|t:|1776348831
|-end|p2a: Great Tusk|Protosynthesis|[silent]
|switch|p2a: Pecharunt|Pecharunt|84/100
|move|p1a: Corviknight|Body Press|p2a: Pecharunt
|-immune|p2a: Pecharunt
|
|-heal|p1a: Corviknight|98/100|[from] item: Leftovers
|upkeep
|turn|29
|
|t:|1776348836
|move|p2a: Pecharunt|Parting Shot|p1a: Corviknight
|-unboost|p1a: Corviknight|atk|1
|-unboost|p1a: Corviknight|spa|1
|
|t:|1776348842
|switch|p2a: Great Tusk|Great Tusk|84/100|[from] Parting Shot
|move|p1a: Corviknight|Drill Peck|p2a: Great Tusk
|-supereffective|p2a: Great Tusk
|-damage|p2a: Great Tusk|72/100
|
|-heal|p1a: Corviknight|100/100|[from] item: Leftovers
|upkeep
|turn|30
|
|t:|1776348846
|move|p2a: Great Tusk|Knock Off|p1a: Corviknight
|-damage|p1a: Corviknight|96/100
|-enditem|p1a: Corviknight|Leftovers|[from] move: Knock Off|[of] p2a: Great Tusk
|move|p1a: Corviknight|Drill Peck|p2a: Great Tusk
|-supereffective|p2a: Great Tusk
|-damage|p2a: Great Tusk|61/100
|
|upkeep
|turn|31
|
|t:|1776348850
|-end|p2a: Great Tusk|Protosynthesis|[silent]
|switch|p2a: Pecharunt|Pecharunt|84/100
|move|p1a: Corviknight|Drill Peck|p2a: Pecharunt
|-damage|p2a: Pecharunt|79/100
|
|upkeep
|turn|32
|
|t:|1776348853
|move|p2a: Pecharunt|Recover|p2a: Pecharunt
|-heal|p2a: Pecharunt|100/100
|move|p1a: Corviknight|Drill Peck|p2a: Pecharunt
|-damage|p2a: Pecharunt|95/100
|
|upkeep
|turn|33
|
|t:|1776348858
|move|p2a: Pecharunt|Parting Shot|p1a: Corviknight
|-unboost|p1a: Corviknight|atk|1
|-unboost|p1a: Corviknight|spa|1
|
|t:|1776348861
|switch|p2a: Iron Crown|Iron Crown|47/100|[from] Parting Shot
|move|p1a: Corviknight|Drill Peck|p2a: Iron Crown
|-resisted|p2a: Iron Crown
|-damage|p2a: Iron Crown|43/100
|
|upkeep
|turn|34
|
|t:|1776348864
|move|p2a: Iron Crown|Volt Switch|p1a: Corviknight
|-supereffective|p1a: Corviknight
|-damage|p1a: Corviknight|29/100
|
|t:|1776348875
|-end|p2a: Iron Crown|Quark Drive|[silent]
|switch|p2a: Pecharunt|Pecharunt|95/100|[from] Volt Switch
|move|p1a: Corviknight|Roost|p1a: Corviknight
|-heal|p1a: Corviknight|79/100
|-singleturn|p1a: Corviknight|move: Roost
|
|upkeep
|turn|35
|
|t:|1776348890
|move|p2a: Pecharunt|Foul Play|p1a: Corviknight
|-damage|p1a: Corviknight|78/100
|move|p1a: Corviknight|Drill Peck|p2a: Pecharunt
|-damage|p2a: Pecharunt|92/100
|
|upkeep
|turn|36
|
|t:|1776348896
|move|p2a: Pecharunt|Foul Play|p1a: Corviknight
|-damage|p1a: Corviknight|76/100
|move|p1a: Corviknight|Drill Peck|p2a: Pecharunt
|-damage|p2a: Pecharunt|87/100
|
|upkeep
|turn|37
|
|t:|1776348900
|move|p2a: Pecharunt|Parting Shot|p1a: Corviknight
|-unboost|p1a: Corviknight|atk|1
|-unboost|p1a: Corviknight|spa|1
|
|t:|1776348905
|switch|p2a: Iron Crown|Iron Crown|43/100|[from] Parting Shot
|move|p1a: Corviknight|Iron Defense|p1a: Corviknight
|-boost|p1a: Corviknight|def|0
|
|upkeep
|turn|38
|
|t:|1776348919
|move|p2a: Iron Crown|Volt Switch|p1a: Corviknight
|-supereffective|p1a: Corviknight
|-damage|p1a: Corviknight|13/100
|
|t:|1776348923
|-end|p2a: Iron Crown|Quark Drive|[silent]
|switch|p2a: Pecharunt|Pecharunt|87/100|[from] Volt Switch
|move|p1a: Corviknight|Roost|p1a: Corviknight
|-heal|p1a: Corviknight|63/100
|-singleturn|p1a: Corviknight|move: Roost
|
|upkeep
|turn|39
|
|t:|1776348927
|move|p2a: Pecharunt|Parting Shot|p1a: Corviknight
|-unboost|p1a: Corviknight|atk|1
|-unboost|p1a: Corviknight|spa|1
|
|t:|1776348931
|switch|p2a: Iron Crown|Iron Crown|43/100|[from] Parting Shot
|move|p1a: Corviknight|Roost|p1a: Corviknight
|-heal|p1a: Corviknight|100/100
|-singleturn|p1a: Corviknight|move: Roost
|
|upkeep
|turn|40
|
|t:|1776348936
|move|p2a: Iron Crown|Volt Switch|p1a: Corviknight
|-supereffective|p1a: Corviknight
|-damage|p1a: Corviknight|38/100
|
|t:|1776348941
|-end|p2a: Iron Crown|Quark Drive|[silent]
|switch|p2a: Samurott|Samurott-Hisui, F|100/100|[from] Volt Switch
|move|p1a: Corviknight|Drill Peck|p2a: Samurott
|-damage|p2a: Samurott|92/100
|
|upkeep
|turn|41
|
|t:|1776348949
|move|p2a: Samurott|Ceaseless Edge|p1a: Corviknight
|-damage|p1a: Corviknight|31/100
|-sidestart|p1: blu-97_v|Spikes
|move|p1a: Corviknight|Roost|p1a: Corviknight
|-heal|p1a: Corviknight|81/100
|-singleturn|p1a: Corviknight|move: Roost
|
|upkeep
|turn|42
|
|t:|1776348953
|move|p2a: Samurott|Aqua Cutter|p1a: Corviknight
|-crit|p1a: Corviknight
|-damage|p1a: Corviknight|37/100
|move|p1a: Corviknight|Body Press|p2a: Samurott
|-supereffective|p2a: Samurott
|-damage|p2a: Samurott|0 fnt
|faint|p2a: Samurott
|
|upkeep
|
|t:|1776348957
|switch|p2a: Iron Crown|Iron Crown|43/100
|turn|43
|
|t:|1776348960
|-terastallize|p1a: Corviknight|Dragon
|move|p2a: Iron Crown|Volt Switch|p1a: Corviknight
|-resisted|p1a: Corviknight
|-damage|p1a: Corviknight|20/100
|
|t:|1776348965
|-end|p2a: Iron Crown|Quark Drive|[silent]
|switch|p2a: Pecharunt|Pecharunt|87/100|[from] Volt Switch
|move|p1a: Corviknight|Body Press|p2a: Pecharunt
|-immune|p2a: Pecharunt
|
|upkeep
|turn|44
|
|t:|1776348968
|move|p2a: Pecharunt|Malignant Chain|p1a: Corviknight
|-damage|p1a: Corviknight|0 fnt
|faint|p1a: Corviknight
|
|upkeep
|
|t:|1776348978
|switch|p1a: Slowking|Slowking-Galar, M|85/100
|turn|45
|
|t:|1776348984
|move|p2a: Pecharunt|Foul Play|p1a: Slowking
|-supereffective|p1a: Slowking
|-damage|p1a: Slowking|60/100
|move|p1a: Slowking|Future Sight|p2a: Pecharunt
|-start|p1a: Slowking|move: Future Sight
|
|upkeep
|turn|46
|
|t:|1776348990
|move|p2a: Pecharunt|Malignant Chain|p1a: Slowking
|-resisted|p1a: Slowking
|-damage|p1a: Slowking|50/100
|move|p1a: Slowking|Psychic Noise|p2a: Pecharunt
|-supereffective|p2a: Pecharunt
|-damage|p2a: Pecharunt|30/100
|-start|p2a: Pecharunt|move: Heal Block
|
|upkeep
|turn|47
|
|t:|1776348993
|move|p2a: Pecharunt|Parting Shot|p1a: Slowking
|-unboost|p1a: Slowking|atk|1
|-unboost|p1a: Slowking|spa|1
|
|t:|1776348999
|switch|p2a: Iron Crown|Iron Crown|43/100|[from] Parting Shot
|-prepare|p1a: Slowking|Chilly Reception|[premajor]
|move|p1a: Slowking|Chilly Reception|p1a: Slowking
|-weather|Snowscape
|
|t:|1776349005
|switch|p1a: Darkrai|Darkrai|100/100|[from] Chilly Reception
|
|-weather|Snowscape|[upkeep]
|-end|p2a: Iron Crown|move: Future Sight
|-resisted|p2a: Iron Crown
|-damage|p2a: Iron Crown|32/100
|upkeep
|turn|48
|
|t:|1776349032
|-end|p2a: Iron Crown|Quark Drive|[silent]
|switch|p2a: Great Tusk|Great Tusk|61/100
|move|p1a: Darkrai|Dark Pulse|p2a: Great Tusk
|-resisted|p2a: Great Tusk
|-damage|p2a: Great Tusk|34/100
|
|-weather|Snowscape|[upkeep]
|upkeep
|turn|49
|
|t:|1776349038
|move|p1a: Darkrai|Ice Beam|p2a: Great Tusk
|-supereffective|p2a: Great Tusk
|-damage|p2a: Great Tusk|0 fnt
|faint|p2a: Great Tusk
|-end|p2a: Great Tusk|Protosynthesis|[silent]
|
|-weather|Snowscape|[upkeep]
|upkeep
|
|t:|1776349043
|switch|p2a: Ogerpon|Ogerpon-Wellspring, F|100/100
|turn|50
|
|t:|1776349052
|-terastallize|p2a: Ogerpon|Water
|detailschange|p2a: Ogerpon|Ogerpon-Wellspring-Tera, F, tera:Water
|-ability|p2a: Ogerpon|Embody Aspect (Wellspring)|boost
|-boost|p2a: Ogerpon|spd|1
|move|p1a: Darkrai|Will-O-Wisp|p2a: Ogerpon
|-status|p2a: Ogerpon|brn
|move|p2a: Ogerpon|Swords Dance|p2a: Ogerpon
|-boost|p2a: Ogerpon|atk|2
|
|-weather|Snowscape|[upkeep]
|-damage|p2a: Ogerpon|94/100 brn|[from] brn
|upkeep
|turn|51
|
|t:|1776349065
|move|p1a: Darkrai|Dark Pulse|p2a: Ogerpon
|-damage|p2a: Ogerpon|69/100 brn
|move|p2a: Ogerpon|Trailblaze|p1a: Darkrai
|-damage|p1a: Darkrai|63/100
|-boost|p2a: Ogerpon|spe|1
|
|-weather|none
|-damage|p2a: Ogerpon|63/100 brn|[from] brn
|upkeep
|turn|52
|
|t:|1776349071
|move|p2a: Ogerpon|Synthesis|p2a: Ogerpon
|-heal|p2a: Ogerpon|100/100 brn
|move|p1a: Darkrai|Dark Pulse|p2a: Ogerpon
|-damage|p2a: Ogerpon|71/100 brn
|
|-damage|p2a: Ogerpon|65/100 brn|[from] brn
|upkeep
|turn|53
|
|t:|1776349079
|move|p2a: Ogerpon|Ivy Cudgel|p1a: Darkrai|[anim] Ivy Cudgel Water
|-damage|p1a: Darkrai|0 fnt
|faint|p1a: Darkrai
|
|-damage|p2a: Ogerpon|59/100 brn|[from] brn
|upkeep
|
|t:|1776349082
|switch|p1a: Dragonite|Dragonite, M|100/100
|turn|54
|
|t:|1776349099
|move|p2a: Ogerpon|Ivy Cudgel|p1a: Dragonite|[anim] Ivy Cudgel Water
|-resisted|p1a: Dragonite
|-damage|p1a: Dragonite|82/100
|move|p1a: Dragonite|Dragon Dance|p1a: Dragonite
|-boost|p1a: Dragonite|atk|1
|-boost|p1a: Dragonite|spe|1
|
|-damage|p2a: Ogerpon|53/100 brn|[from] brn
|upkeep
|turn|55
|
|t:|1776349104
|switch|p2a: Landorus|Landorus-Therian, M|100/100
|-ability|p2a: Landorus|Intimidate|boost
|-unboost|p1a: Dragonite|atk|1
|move|p1a: Dragonite|Extreme Speed|p2a: Landorus
|-damage|p2a: Landorus|66/100
|
|upkeep
|turn|56
|
|t:|1776349109
|move|p1a: Dragonite|Dragon Dance|p1a: Dragonite
|-boost|p1a: Dragonite|atk|1
|-boost|p1a: Dragonite|spe|1
|move|p2a: Landorus|Stone Edge|p1a: Dragonite
|-supereffective|p1a: Dragonite
|-damage|p1a: Dragonite|0 fnt
|faint|p1a: Dragonite
|
|upkeep
|
|t:|1776349115
|switch|p1a: Great Tusk|Great Tusk|90/100
|-damage|p1a: Great Tusk|74/100|[from] Spikes
|-damage|p1a: Great Tusk|71/100|[from] Stealth Rock
|turn|57
|
|t:|1776349122
|switch|p2a: Iron Crown|Iron Crown|32/100
|move|p1a: Great Tusk|Rapid Spin|p2a: Iron Crown
|-resisted|p2a: Iron Crown
|-damage|p2a: Iron Crown|23/100
|-boost|p1a: Great Tusk|spe|1
|-sideend|p1: blu-97_v|Spikes|[from] move: Rapid Spin|[of] p1a: Great Tusk
|-sideend|p1: blu-97_v|Stealth Rock|[from] move: Rapid Spin|[of] p1a: Great Tusk
|
|-heal|p1a: Great Tusk|77/100|[from] item: Leftovers
|upkeep
|turn|58
|
|t:|1776349131
|-end|p2a: Iron Crown|Quark Drive|[silent]
|switch|p2a: Landorus|Landorus-Therian, M|66/100
|-ability|p2a: Landorus|Intimidate|boost
|-unboost|p1a: Great Tusk|atk|1
|move|p1a: Great Tusk|Knock Off|p2a: Landorus
|-crit|p2a: Landorus
|-damage|p2a: Landorus|12/100
|-enditem|p2a: Landorus|Choice Scarf|[from] move: Knock Off|[of] p1a: Great Tusk
|
|-heal|p1a: Great Tusk|83/100|[from] item: Leftovers
|upkeep
|turn|59
|
|t:|1776349147
|switch|p2a: Pecharunt|Pecharunt|30/100
|move|p1a: Great Tusk|Stealth Rock|p2a: Pecharunt
|-sidestart|p2: new human two|move: Stealth Rock
|
|-heal|p1a: Great Tusk|89/100|[from] item: Leftovers
|upkeep
|turn|60
|
|t:|1776349150
|switch|p2a: Landorus|Landorus-Therian, M|12/100
|-damage|p2a: Landorus|0 fnt|[from] Stealth Rock
|faint|p2a: Landorus
|move|p1a: Great Tusk|Knock Off|p2: Landorus|[notarget]
|-fail|p1a: Great Tusk
|
|-heal|p1a: Great Tusk|95/100|[from] item: Leftovers
|upkeep
|
|t:|1776349161
|switch|p2a: Ogerpon|Ogerpon-Wellspring-Tera, F, tera:Water|53/100 brn
|-damage|p2a: Ogerpon|40/100 brn|[from] Stealth Rock
|-ability|p2a: Ogerpon|Embody Aspect (Wellspring)|boost
|-boost|p2a: Ogerpon|spd|1
|turn|61
|
|t:|1776349164
|move|p1a: Great Tusk|Headlong Rush|p2a: Ogerpon
|-damage|p2a: Ogerpon|6/100 brn
|-unboost|p1a: Great Tusk|def|1
|-unboost|p1a: Great Tusk|spd|1
|move|p2a: Ogerpon|Synthesis|p2a: Ogerpon
|-heal|p2a: Ogerpon|56/100 brn
|
|-heal|p1a: Great Tusk|100/100|[from] item: Leftovers
|-damage|p2a: Ogerpon|50/100 brn|[from] brn
|upkeep
|turn|62
|
|t:|1776349172
|-end|p1a: Great Tusk|Protosynthesis|[silent]
|switch|p1a: Slowking|Slowking-Galar, M|84/100
|move|p2a: Ogerpon|Synthesis|p2a: Ogerpon
|-heal|p2a: Ogerpon|99/100 brn
|
|-damage|p2a: Ogerpon|94/100 brn|[from] brn
|upkeep
|turn|63
|
|t:|1776349180
|move|p2a: Ogerpon|Swords Dance|p2a: Ogerpon
|-boost|p2a: Ogerpon|atk|2
|move|p1a: Slowking|Future Sight|p2a: Ogerpon
|-start|p1a: Slowking|move: Future Sight
|
|-damage|p2a: Ogerpon|88/100 brn|[from] brn
|upkeep
|turn|64
|
|t:|1776349188
|move|p2a: Ogerpon|Trailblaze|p1a: Slowking
|-resisted|p1a: Slowking
|-damage|p1a: Slowking|70/100
|-boost|p2a: Ogerpon|spe|1
|move|p1a: Slowking|Psychic Noise|p2a: Ogerpon
|-damage|p2a: Ogerpon|68/100 brn
|-start|p2a: Ogerpon|move: Heal Block
|
|-damage|p2a: Ogerpon|62/100 brn|[from] brn
|upkeep
|turn|65
|
|t:|1776349193
|move|p2a: Ogerpon|Ivy Cudgel|p1a: Slowking|[anim] Ivy Cudgel Water
|-damage|p1a: Slowking|0 fnt
|faint|p1a: Slowking
|
|-end|p2a: Ogerpon|move: Future Sight
|-damage|p2a: Ogerpon|32/100 brn
|-damage|p2a: Ogerpon|25/100 brn|[from] brn
|-end|p2a: Ogerpon|move: Heal Block
|upkeep
|
|t:|1776349198
|switch|p1a: Great Tusk|Great Tusk|100/100
|turn|66
|
|t:|1776349204
|move|p2a: Ogerpon|Synthesis|p2a: Ogerpon
|-heal|p2a: Ogerpon|75/100 brn
|move|p1a: Great Tusk|Headlong Rush|p2a: Ogerpon
|-damage|p2a: Ogerpon|18/100 brn
|-unboost|p1a: Great Tusk|def|1
|-unboost|p1a: Great Tusk|spd|1
|
|-damage|p2a: Ogerpon|11/100 brn|[from] brn
|upkeep
|turn|67
|
|t:|1776349215
|move|p2a: Ogerpon|Ivy Cudgel|p1a: Great Tusk|[anim] Ivy Cudgel Water
|-supereffective|p1a: Great Tusk
|-damage|p1a: Great Tusk|0 fnt
|faint|p1a: Great Tusk
|-end|p1a: Great Tusk|Protosynthesis|[silent]
|
|-damage|p2a: Ogerpon|5/100 brn|[from] brn
|upkeep
|
|t:|1776349218
|switch|p1a: Moltres|Moltres|100/100
|turn|68
|
|t:|1776349230
|move|p2a: Ogerpon|Ivy Cudgel|p1a: Moltres|[anim] Ivy Cudgel Water
|-supereffective|p1a: Moltres
|-crit|p1a: Moltres
|-damage|p1a: Moltres|0 fnt
|faint|p1a: Moltres
|
|win|new human two
|raw|blu-97_v's rating: 1491 &rarr; <strong>1468</strong><br />(-23 for losing)
|raw|new human two's rating: 1439 &rarr; <strong>1462</strong><br />(+23 for winning)
|c|☆new human two|gg
