|html|<div class="broadcast-blue"><strong>[Gen 9] OU is currently suspecting Volcarona! For information on how to participate check out the <a href="https://www.smogon.com/tools/suspects/view/208">suspect thread</a>.</strong></div>
|j|☆ikigai road 34
|j|☆jmii
|t:|1778496910
|gametype|singles
|player|p1|ikigai road 34|2|1293
|player|p2|jmii|102|1318
|gen|9
|tier|[Gen 9] OU
|rated|
|rule|HP Percentage Mod: HP is shown in percentages
|rule|Endless Battle Clause: Forcing endless battles is banned
|rule|Species Clause: Limit one of each Pokémon
|rule|OHKO Clause: OHKO moves are banned
|rule|Evasion Items Clause: Evasion items are banned
|rule|Evasion Moves Clause: Evasion moves are banned
|rule|Evasion Abilities Clause: Evasion abilities are banned
|rule|Sleep Moves Clause: Sleep-inducing moves are banned
|clearpoke
|poke|p1|Pelipper, F|
|poke|p1|Barraskewda, M|
|poke|p1|Cinderace, F|
|poke|p1|Scizor, F|
|poke|p1|Dragalge, M|
|poke|p1|Jolteon, F|
|poke|p2|Dragonite, F|
|poke|p2|Samurott-Hisui, F|
|poke|p2|Clefable, F|
|poke|p2|Gliscor, M|
|poke|p2|Gholdengo|
|poke|p2|Zamazenta-*|
|teampreview
|inactive|Battle timer is ON: inactive players will automatically lose when time's up. (requested by jmii)
|
|t:|1778496920
|teamsize|p1|6
|teamsize|p2|6
|start
|switch|p1a: Pelipper|Pelipper, F|100/100
|switch|p2a: Samurott|Samurott-Hisui, F|100/100
|-weather|RainDance|[from] ability: Drizzle|[of] p1a: Pelipper
|turn|1
|
|t:|1778496924
|move|p2a: Samurott|Knock Off|p1a: Pelipper
|-damage|p1a: Pelipper|65/100
|-enditem|p1a: Pelipper|Damp Rock|[from] move: Knock Off|[of] p2a: Samurott
|move|p1a: Pelipper|U-turn|p2a: Samurott
|-supereffective|p2a: Samurott
|-damage|p2a: Samurott|83/100
|
|t:|1778496934
|switch|p1a: Jolteon|Jolteon, F|100/100|[from] U-turn
|
|-weather|RainDance|[upkeep]
|-status|p1a: Jolteon|brn|[from] item: Flame Orb
|upkeep
|turn|2
|
|t:|1778496943
|switch|p2a: Gliscor|Gliscor, M|100/100
|move|p1a: Jolteon|Volt Switch|p2a: Gliscor
|-immune|p2a: Gliscor
|
|-weather|RainDance|[upkeep]
|-damage|p1a: Jolteon|95/100 brn|[from] brn
|-status|p2a: Gliscor|tox|[from] item: Toxic Orb
|upkeep
|turn|3
|
|t:|1778496951
|move|p1a: Jolteon|Weather Ball|p2a: Gliscor
|-supereffective|p2a: Gliscor
|-crit|p2a: Gliscor
|-damage|p2a: Gliscor|0 fnt
|faint|p2a: Gliscor
|
|-weather|RainDance|[upkeep]
|-damage|p1a: Jolteon|89/100 brn|[from] brn
|upkeep
|
|t:|1778496962
|switch|p2a: Gholdengo|Gholdengo|100/100
|turn|4
|
|t:|1778496967
|move|p1a: Jolteon|Volt Switch|p2a: Gholdengo
|-damage|p2a: Gholdengo|62/100
|
|t:|1778496971
|switch|p1a: Dragalge|Dragalge, M|100/100|[from] Volt Switch
|move|p2a: Gholdengo|Shadow Ball|p1a: Dragalge
|-damage|p1a: Dragalge|81/100
|-unboost|p1a: Dragalge|spd|1
|
|-weather|RainDance|[upkeep]
|upkeep
|turn|5
|
|t:|1778496980
|switch|p2a: Samurott|Samurott-Hisui, F|83/100
|move|p1a: Dragalge|Flip Turn|p2a: Samurott
|-resisted|p2a: Samurott
|-damage|p2a: Samurott|75/100
|
|t:|1778497004
|switch|p1a: Jolteon|Jolteon, F|89/100 brn|[from] Flip Turn
|
|-weather|RainDance|[upkeep]
|-damage|p1a: Jolteon|83/100 brn|[from] brn
|upkeep
|turn|6
|
|t:|1778497012
|move|p2a: Samurott|Sucker Punch|p1a: Jolteon
|-damage|p1a: Jolteon|16/100 brn
|move|p1a: Jolteon|Thunder|p2a: Samurott
|-supereffective|p2a: Samurott
|-damage|p2a: Samurott|0 fnt
|faint|p2a: Samurott
|
|-weather|RainDance|[upkeep]
|-damage|p1a: Jolteon|10/100 brn|[from] brn
|upkeep
|
|t:|1778497017
|switch|p2a: Dragonite|Dragonite, F|100/100
|turn|7
|
|t:|1778497024
|switch|p1a: Scizor|Scizor, F|100/100
|move|p2a: Dragonite|Extreme Speed|p1a: Scizor
|-resisted|p1a: Scizor
|-damage|p1a: Scizor|87/100
|
|-weather|RainDance|[upkeep]
|-heal|p1a: Scizor|93/100|[from] item: Leftovers
|upkeep
|turn|8
|
|t:|1778497031
|switch|p2a: Clefable|Clefable, F|100/100
|move|p1a: Scizor|Swords Dance|p1a: Scizor
|-boost|p1a: Scizor|atk|2
|
|-weather|none
|-heal|p1a: Scizor|99/100|[from] item: Leftovers
|upkeep
|turn|9
|
|t:|1778497041
|move|p1a: Scizor|Bullet Punch|p2a: Clefable
|-supereffective|p2a: Clefable
|-damage|p2a: Clefable|1/100
|-damage|p1a: Scizor|83/100|[from] item: Rocky Helmet|[of] p2a: Clefable
|move|p2a: Clefable|Knock Off|p1a: Scizor
|-crit|p1a: Scizor
|-damage|p1a: Scizor|62/100
|-enditem|p1a: Scizor|Leftovers|[from] move: Knock Off|[of] p2a: Clefable
|
|upkeep
|turn|10
|
|t:|1778497047
|move|p1a: Scizor|Bullet Punch|p2a: Clefable
|-supereffective|p2a: Clefable
|-damage|p2a: Clefable|0 fnt
|-damage|p1a: Scizor|46/100|[from] item: Rocky Helmet|[of] p2a: Clefable
|faint|p2a: Clefable
|
|upkeep
|
|t:|1778497050
|switch|p2a: Zamazenta|Zamazenta|100/100
|-ability|p2a: Zamazenta|Dauntless Shield|boost
|-boost|p2a: Zamazenta|def|1
|turn|11
|
|t:|1778497058
|switch|p1a: Pelipper|Pelipper, F|65/100
|-weather|RainDance|[from] ability: Drizzle|[of] p1a: Pelipper
|move|p2a: Zamazenta|Iron Defense|p2a: Zamazenta
|-boost|p2a: Zamazenta|def|2
|
|-weather|RainDance|[upkeep]
|upkeep
|turn|12
|
|t:|1778497061
|move|p2a: Zamazenta|Body Press|p1a: Pelipper
|-resisted|p1a: Pelipper
|-damage|p1a: Pelipper|31/100
|move|p1a: Pelipper|Hurricane|p2a: Zamazenta
|-supereffective|p2a: Zamazenta
|-damage|p2a: Zamazenta|34/100
|
|-weather|RainDance|[upkeep]
|-heal|p2a: Zamazenta|40/100|[from] item: Leftovers
|upkeep
|turn|13
|inactive|ikigai road 34 has 120 seconds left.
|
|t:|1778497103
|switch|p1a: Scizor|Scizor, F|46/100
|move|p2a: Zamazenta|Body Press|p1a: Scizor
|-damage|p1a: Scizor|0 fnt
|faint|p1a: Scizor
|
|-weather|RainDance|[upkeep]
|-heal|p2a: Zamazenta|46/100|[from] item: Leftovers
|upkeep
|
|t:|1778497108
|switch|p1a: Jolteon|Jolteon, F|10/100 brn
|turn|14
|
|t:|1778497121
|move|p1a: Jolteon|Thunder|p2a: Zamazenta
|-damage|p2a: Zamazenta|0 fnt
|faint|p2a: Zamazenta
|
|-weather|RainDance|[upkeep]
|-damage|p1a: Jolteon|4/100 brn|[from] brn
|upkeep
|
|t:|1778497135
|switch|p2a: Dragonite|Dragonite, F|100/100
|turn|15
|
|t:|1778497142
|move|p2a: Dragonite|Extreme Speed|p1a: Jolteon
|-damage|p1a: Jolteon|0 fnt
|faint|p1a: Jolteon
|
|-weather|none
|upkeep
|inactive|ikigai road 34 has 120 seconds left.
|
|t:|1778497163
|switch|p1a: Cinderace|Cinderace, F|100/100
|turn|16
|inactive|ikigai road 34 has 120 seconds left.
|
|t:|1778497179
|switch|p2a: Gholdengo|Gholdengo|62/100
|-terastallize|p1a: Cinderace|Ghost
|move|p1a: Cinderace|U-turn|p2a: Gholdengo
|-resisted|p2a: Gholdengo
|-damage|p2a: Gholdengo|55/100
|
|t:|1778497185
|switch|p1a: rock lee|Barraskewda, M|100/100|[from] U-turn
|
|upkeep
|turn|17
|
|t:|1778497192
|move|p2a: Gholdengo|Shadow Ball|p1a: rock lee
|-damage|p1a: rock lee|1/100
|-unboost|p1a: rock lee|spd|1
|move|p1a: rock lee|Drill Run|p2a: Gholdengo|[miss]
|-miss|p1a: rock lee|p2a: Gholdengo
|
|upkeep
|turn|18
|inactive|ikigai road 34 has 120 seconds left.
|
|t:|1778497207
|switch|p1a: Pelipper|Pelipper, F|31/100
|-weather|RainDance|[from] ability: Drizzle|[of] p1a: Pelipper
|move|p2a: Gholdengo|Shadow Ball|p1a: Pelipper
|-crit|p1a: Pelipper
|-damage|p1a: Pelipper|0 fnt
|faint|p1a: Pelipper
|
|-weather|RainDance|[upkeep]
|upkeep
|
|t:|1778497210
|switch|p1a: rock lee|Barraskewda, M|1/100
|turn|19
|
|t:|1778497213
|move|p1a: rock lee|Liquidation|p2a: Gholdengo
|-crit|p2a: Gholdengo
|-damage|p2a: Gholdengo|0 fnt
|faint|p2a: Gholdengo
|-damage|p1a: rock lee|0 fnt|[from] item: Life Orb
|faint|p1a: rock lee
|
|-weather|RainDance|[upkeep]
|upkeep
|
|t:|1778497232
|switch|p1a: Cinderace|Cinderace, F, tera:Ghost|100/100
|switch|p2a: Dragonite|Dragonite, F|100/100
|turn|20
|
|t:|1778497237
|move|p1a: Cinderace|Sucker Punch||[still]
|-fail|p1a: Cinderace
|move|p2a: Dragonite|Dragon Dance|p2a: Dragonite
|-boost|p2a: Dragonite|atk|1
|-boost|p2a: Dragonite|spe|1
|
|-weather|RainDance|[upkeep]
|upkeep
|turn|21
|
|t:|1778497248
|move|p1a: Cinderace|High Jump Kick|p2a: Dragonite
|-resisted|p2a: Dragonite
|-damage|p2a: Dragonite|90/100
|move|p2a: Dragonite|Dragon Dance|p2a: Dragonite
|-boost|p2a: Dragonite|atk|1
|-boost|p2a: Dragonite|spe|1
|
|-weather|RainDance|[upkeep]
|upkeep
|turn|22
|
|t:|1778497259
|move|p2a: Dragonite|Dragon Dance|p2a: Dragonite
|-boost|p2a: Dragonite|atk|1
|-boost|p2a: Dragonite|spe|1
|move|p1a: Cinderace|High Jump Kick|p2a: Dragonite
|-resisted|p2a: Dragonite
|-damage|p2a: Dragonite|69/100
|
|-weather|none
|upkeep
|turn|23
|
|t:|1778497266
|move|p1a: Cinderace|Sucker Punch||[still]
|-fail|p1a: Cinderace
|move|p2a: Dragonite|Roost|p2a: Dragonite
|-heal|p2a: Dragonite|100/100
|-singleturn|p2a: Dragonite|move: Roost
|
|upkeep
|turn|24
|-message|ikigai road 34 forfeited.
|
|win|jmii
|raw|ikigai road 34's rating: 1293 &rarr; <strong>1270</strong><br />(-23 for losing)
|raw|jmii's rating: 1318 &rarr; <strong>1337</strong><br />(+19 for winning)
|l|☆ikigai road 34
|player|p1|
