|html|<div class="broadcast-blue"><strong>[Gen 9] OU is currently suspecting Tera Blast! For information on how to participate check out the <a href="https://www.smogon.com/tools/suspects/view/200">suspect thread</a>.</strong></div>
|j|☆caseoh69
|j|☆Ibyki
|t:|1776071410
|gametype|singles
|player|p1|caseoh69|bianca|1091
|player|p2|Ibyki|maylene|1103
|gen|9
|tier|[Gen 9] OU
|rated|
|rule|HP Percentage Mod: HP is shown in percentages
|rule|Endless Battle Clause: Forcing endless battles is banned
|rule|Species Clause: Limit one of each Pokémon
|rule|OHKO Clause: OHKO moves are banned
|rule|Evasion Items Clause: Evasion items are banned
|rule|Evasion Moves Clause: Evasion moves are banned
|rule|Evasion Abilities Clause: Evasion abilities are banned
|rule|Sleep Moves Clause: Sleep-inducing moves are banned
|clearpoke
|poke|p1|Azumarill, F|
|poke|p1|Dragapult, M|
|poke|p1|Raikou|
|poke|p1|Gholdengo|
|poke|p1|Corviknight, M|
|poke|p1|Mew|
|poke|p2|Sunflora, F|
|poke|p2|Charizard, F|
|poke|p2|Torkoal, M|
|poke|p2|Ninetales, F|
|poke|p2|Venusaur, F|
|poke|p2|Blaziken, F|
|teampreview
|
|t:|1776071419
|teamsize|p1|6
|teamsize|p2|6
|start
|switch|p1a: Azumarill|Azumarill, F, shiny|100/100
|switch|p2a: Blaziken|Blaziken, F|100/100
|turn|1
|
|t:|1776071428
|move|p2a: Blaziken|Swords Dance|p2a: Blaziken
|-boost|p2a: Blaziken|atk|2
|move|p1a: Azumarill|Belly Drum|p1a: Azumarill
|-damage|p1a: Azumarill|50/100
|-setboost|p1a: Azumarill|atk|6|[from] move: Belly Drum
|-enditem|p1a: Azumarill|Sitrus Berry|[eat]
|-heal|p1a: Azumarill|75/100|[from] item: Sitrus Berry
|
|-ability|p2a: Blaziken|Speed Boost|boost
|-boost|p2a: Blaziken|spe|1
|upkeep
|turn|2
|
|t:|1776071443
|move|p2a: Blaziken|Protect|p2a: Blaziken
|-singleturn|p2a: Blaziken|Protect
|move|p1a: Azumarill|Aqua Jet|p2a: Blaziken
|-activate|p2a: Blaziken|move: Protect
|
|-ability|p2a: Blaziken|Speed Boost|boost
|-boost|p2a: Blaziken|spe|1
|upkeep
|turn|3
|
|t:|1776071454
|move|p1a: Azumarill|Aqua Jet|p2a: Blaziken
|-supereffective|p2a: Blaziken
|-damage|p2a: Blaziken|0 fnt
|faint|p2a: Blaziken
|
|upkeep
|
|t:|1776071460
|switch|p2a: Torkoal|Torkoal, M|100/100
|-weather|SunnyDay|[from] ability: Drought|[of] p2a: Torkoal
|turn|4
|
|t:|1776071465
|move|p1a: Azumarill|Aqua Jet|p2a: Torkoal
|-supereffective|p2a: Torkoal
|-damage|p2a: Torkoal|2/100
|move|p2a: Torkoal|Clear Smog|p1a: Azumarill
|-supereffective|p1a: Azumarill
|-damage|p1a: Azumarill|46/100
|-clearboost|p1a: Azumarill
|
|-weather|SunnyDay|[upkeep]
|-heal|p2a: Torkoal|8/100|[from] item: Leftovers
|upkeep
|turn|5
|
|t:|1776071477
|move|p1a: Azumarill|Aqua Jet|p2a: Torkoal
|-supereffective|p2a: Torkoal
|-damage|p2a: Torkoal|0 fnt
|faint|p2a: Torkoal
|
|-weather|SunnyDay|[upkeep]
|upkeep
|
|t:|1776071484
|switch|p2a: Venusaur|Venusaur, F|100/100
|turn|6
|
|t:|1776071491
|-terastallize|p1a: Azumarill|Grass
|move|p2a: Venusaur|Solar Beam||[still]
|-prepare|p2a: Venusaur|Solar Beam
|-anim|p2a: Venusaur|Solar Beam|p1a: Azumarill
|-resisted|p1a: Azumarill
|-damage|p1a: Azumarill|16/100
|move|p1a: Azumarill|Ice Spinner|p2a: Venusaur
|-supereffective|p2a: Venusaur
|-damage|p2a: Venusaur|9/100
|
|-weather|SunnyDay|[upkeep]
|-heal|p2a: Venusaur|15/100|[from] item: Leftovers
|upkeep
|turn|7
|
|t:|1776071503
|move|p1a: Azumarill|Aqua Jet|p2a: Venusaur
|-resisted|p2a: Venusaur
|-damage|p2a: Venusaur|6/100
|move|p2a: Venusaur|Weather Ball|p1a: Azumarill
|-supereffective|p1a: Azumarill
|-damage|p1a: Azumarill|0 fnt
|faint|p1a: Azumarill
|
|-weather|SunnyDay|[upkeep]
|-heal|p2a: Venusaur|12/100|[from] item: Leftovers
|upkeep
|
|t:|1776071516
|switch|p1a: Dragapult|Dragapult, M|100/100
|turn|8
|
|t:|1776071526
|move|p2a: Venusaur|Synthesis|p2a: Venusaur
|-heal|p2a: Venusaur|79/100
|move|p1a: Dragapult|U-turn|p2a: Venusaur
|-damage|p2a: Venusaur|52/100
|
|t:|1776071532
|switch|p1a: Corviknight|Corviknight, M|100/100|[from] U-turn
|-ability|p1a: Corviknight|Unnerve
|
|-weather|none
|-heal|p2a: Venusaur|58/100|[from] item: Leftovers
|upkeep
|turn|9
|
|t:|1776071542
|move|p2a: Venusaur|Growth|p2a: Venusaur
|-boost|p2a: Venusaur|atk|1
|-boost|p2a: Venusaur|spa|1
|move|p1a: Corviknight|Brave Bird|p2a: Venusaur
|-supereffective|p2a: Venusaur
|-damage|p2a: Venusaur|0 fnt
|faint|p2a: Venusaur
|-damage|p1a: Corviknight|86/100|[from] Recoil
|
|upkeep
|inactive|Battle timer is ON: inactive players will automatically lose when time's up. (requested by caseoh69)
|
|t:|1776071595
|switch|p2a: Ninetales|Ninetales, F|100/100
|-weather|SunnyDay|[from] ability: Drought|[of] p2a: Ninetales
|turn|10
|
|t:|1776071607
|move|p2a: Ninetales|Calm Mind|p2a: Ninetales
|-boost|p2a: Ninetales|spa|1
|-boost|p2a: Ninetales|spd|1
|move|p1a: Corviknight|Taunt|p2a: Ninetales
|-start|p2a: Ninetales|move: Taunt
|
|-weather|SunnyDay|[upkeep]
|upkeep
|turn|11
|
|t:|1776071624
|switch|p1a: Mew|Mew, shiny|100/100
|move|p2a: Ninetales|Flamethrower|p1a: Mew
|-damage|p1a: Mew|44/100
|
|-weather|SunnyDay|[upkeep]
|upkeep
|turn|12
|
|t:|1776071637
|move|p2a: Ninetales|Solar Beam||[still]
|-prepare|p2a: Ninetales|Solar Beam
|-anim|p2a: Ninetales|Solar Beam|p1a: Mew
|-damage|p1a: Mew|12/100
|move|p1a: Mew|Imprison|p1a: Mew
|-start|p1a: Mew|move: Imprison
|
|-weather|SunnyDay|[upkeep]
|upkeep
|turn|13
|
|t:|1776071649
|move|p2a: Ninetales|Flamethrower|p1a: Mew
|-damage|p1a: Mew|0 fnt
|faint|p1a: Mew
|
|-weather|SunnyDay|[upkeep]
|-end|p2a: Ninetales|move: Taunt
|upkeep
|
|t:|1776071660
|switch|p1a: Raikou|Raikou, shiny|100/100
|turn|14
|
|t:|1776071665
|move|p1a: Raikou|Thunder Wave|p2a: Ninetales
|-status|p2a: Ninetales|par
|move|p2a: Ninetales|Will-O-Wisp|p1a: Raikou
|-status|p1a: Raikou|brn
|
|-weather|none
|-damage|p1a: Raikou|94/100 brn|[from] brn
|upkeep
|turn|15
|
|t:|1776071677
|switch|p2a: Sunflora|Sunflora, F, shiny|100/100
|move|p1a: Raikou|Thunderbolt|p2a: Sunflora
|-resisted|p2a: Sunflora
|-damage|p2a: Sunflora|71/100
|
|-damage|p1a: Raikou|88/100 brn|[from] brn
|upkeep
|turn|16
|
|t:|1776071689
|move|p1a: Raikou|Extrasensory|p2a: Sunflora
|-damage|p2a: Sunflora|39/100
|cant|p2a: Sunflora|flinch
|
|-damage|p1a: Raikou|82/100 brn|[from] brn
|upkeep
|turn|17
|
|t:|1776071697
|switch|p2a: Ninetales|Ninetales, F|100/100 par
|-weather|SunnyDay|[from] ability: Drought|[of] p2a: Ninetales
|move|p1a: Raikou|Extrasensory|p2a: Ninetales
|-damage|p2a: Ninetales|71/100 par
|
|-weather|SunnyDay|[upkeep]
|-damage|p1a: Raikou|76/100 brn|[from] brn
|upkeep
|turn|18
|
|t:|1776071713
|move|p1a: Raikou|Thunderbolt|p2a: Ninetales
|-damage|p2a: Ninetales|23/100 par
|move|p2a: Ninetales|Flamethrower|p1a: Raikou
|-damage|p1a: Raikou|21/100 brn
|
|-weather|SunnyDay|[upkeep]
|-damage|p1a: Raikou|14/100 brn|[from] brn
|upkeep
|turn|19
|
|t:|1776071723
|move|p1a: Raikou|Thunderbolt|p2a: Ninetales
|-damage|p2a: Ninetales|0 fnt
|faint|p2a: Ninetales
|
|-weather|SunnyDay|[upkeep]
|-damage|p1a: Raikou|8/100 brn|[from] brn
|upkeep
|
|t:|1776071729
|switch|p2a: Sunflora|Sunflora, F, shiny|39/100
|turn|20
|
|t:|1776071734
|move|p2a: Sunflora|Weather Ball|p1a: Raikou
|-damage|p1a: Raikou|0 fnt
|faint|p1a: Raikou
|
|-weather|SunnyDay|[upkeep]
|upkeep
|
|t:|1776071743
|switch|p1a: Corviknight|Corviknight, M|86/100
|-ability|p1a: Corviknight|Unnerve
|turn|21
|
|t:|1776071749
|move|p2a: Sunflora|Weather Ball|p1a: Corviknight
|-supereffective|p1a: Corviknight
|-damage|p1a: Corviknight|0 fnt
|faint|p1a: Corviknight
|
|-weather|none
|upkeep
|
|t:|1776071759
|switch|p1a: Dragapult|Dragapult, M|100/100
|turn|22
|
|t:|1776071770
|switch|p2a: Charizard|Charizard, F|100/100
|move|p1a: Dragapult|U-turn|p2a: Charizard
|-resisted|p2a: Charizard
|-damage|p2a: Charizard|93/100
|
|t:|1776071776
|switch|p1a: Gholdengo|Gholdengo, shiny|100/100|[from] U-turn
|
|upkeep
|turn|23
|
|t:|1776071787
|move|p1a: Gholdengo|Thunderbolt|p2a: Charizard
|-supereffective|p2a: Charizard
|-damage|p2a: Charizard|0 fnt
|faint|p2a: Charizard
|
|upkeep
|
|t:|1776071791
|switch|p2a: Sunflora|Sunflora, F, shiny|39/100
|turn|24
|
|t:|1776071813
|move|p1a: Gholdengo|Thunderbolt|p2a: Sunflora
|-resisted|p2a: Sunflora
|-damage|p2a: Sunflora|18/100
|move|p2a: Sunflora|Solar Beam||[still]
|-prepare|p2a: Sunflora|Solar Beam
|
|upkeep
|turn|25
|
|t:|1776071819
|move|p1a: Gholdengo|Thunderbolt|p2a: Sunflora
|-resisted|p2a: Sunflora
|-damage|p2a: Sunflora|0 fnt
|faint|p2a: Sunflora
|
|win|caseoh69
|raw|caseoh69's rating: 1091 &rarr; <strong>1118</strong><br />(+27 for winning)
|raw|Ibyki's rating: 1103 &rarr; <strong>1077</strong><br />(-26 for losing)
|l|☆caseoh69
|player|p1|
|l|☆Ibyki
|player|p2|
