|html|<div class="broadcast-blue"><strong>[Gen 9] OU is currently suspecting Tera Blast! For information on how to participate check out the <a href="https://www.smogon.com/tools/suspects/view/200">suspect thread</a>.</strong></div>
|j|‽1200s chud
|j|☆washed is generous
|t:|1776297230
|gametype|singles
|player|p1|1200s chud|drayton|1655
|player|p2|washed is generous|blue|1703
|gen|9
|tier|[Gen 9] OU
|rated|
|rule|HP Percentage Mod: HP is shown in percentages
|rule|Endless Battle Clause: Forcing endless battles is banned
|rule|Species Clause: Limit one of each Pokémon
|rule|OHKO Clause: OHKO moves are banned
|rule|Evasion Items Clause: Evasion items are banned
|rule|Evasion Moves Clause: Evasion moves are banned
|rule|Evasion Abilities Clause: Evasion abilities are banned
|rule|Sleep Moves Clause: Sleep-inducing moves are banned
|clearpoke
|poke|p1|Araquanid, M|
|poke|p1|Latios, M|
|poke|p1|Kingambit, F|
|poke|p1|Glimmora, F|
|poke|p1|Excadrill, M|
|poke|p1|Clefable, F|
|poke|p2|Samurott-Hisui, F|
|poke|p2|Great Tusk|
|poke|p2|Gholdengo|
|poke|p2|Iron Valiant|
|poke|p2|Dragonite, M|
|poke|p2|Enamorus, F|
|teampreview
|inactive|Battle timer is ON: inactive players will automatically lose when time's up. (requested by 1200s chud)
|
|t:|1776297241
|teamsize|p1|6
|teamsize|p2|6
|start
|switch|p1a: Araquanid|Araquanid, M, shiny|100/100
|switch|p2a: Samurott|Samurott-Hisui, F|100/100
|turn|1
|
|t:|1776297244
|move|p2a: Samurott|Ceaseless Edge|p1a: Araquanid
|-damage|p1a: Araquanid|50/100
|-sidestart|p1: 1200s chud|Spikes
|move|p1a: Araquanid|Leech Life|p2a: Samurott
|-supereffective|p2a: Samurott
|-damage|p2a: Samurott|0 fnt
|-heal|p1a: Araquanid|100/100|[from] drain|[of] p2a: Samurott
|faint|p2a: Samurott
|
|upkeep
|
|t:|1776297259
|switch|p2a: Gholdengo|Gholdengo|100/100
|turn|2
|
|t:|1776297265
|switch|p1a: Kingambit|Kingambit, F|100/100
|-damage|p1a: Kingambit|88/100|[from] Spikes
|move|p2a: Gholdengo|Trick|p1a: Kingambit
|-activate|p2a: Gholdengo|move: Trick|[of] p1a: Kingambit
|-item|p1a: Kingambit|Choice Scarf|[from] move: Trick
|-item|p2a: Gholdengo|Black Glasses|[from] move: Trick
|
|upkeep
|turn|3
|
|t:|1776297272
|-end|p1a: Kingambit|fallenundefined|[silent]
|switch|p1a: Araquanid|Araquanid, M, shiny|100/100
|-damage|p1a: Araquanid|88/100|[from] Spikes
|move|p2a: Gholdengo|Shadow Ball|p1a: Araquanid
|-damage|p1a: Araquanid|55/100
|-unboost|p1a: Araquanid|spd|1
|
|upkeep
|turn|4
|
|t:|1776297284
|move|p2a: Gholdengo|Shadow Ball|p1a: Araquanid
|-damage|p1a: Araquanid|4/100
|move|p1a: Araquanid|Liquidation|p2a: Gholdengo
|-damage|p2a: Gholdengo|0 fnt
|faint|p2a: Gholdengo
|
|upkeep
|
|t:|1776297290
|switch|p2a: Great Tusk|Great Tusk|100/100
|turn|5
|
|t:|1776297295
|move|p2a: Great Tusk|Rapid Spin|p1a: Araquanid
|-damage|p1a: Araquanid|0 fnt
|-boost|p2a: Great Tusk|spe|1
|faint|p1a: Araquanid
|
|upkeep
|
|t:|1776297306
|switch|p1a: Clefable|Clefable, F|100/100
|turn|6
|
|t:|1776297312
|move|p2a: Great Tusk|Headlong Rush|p1a: Clefable
|-damage|p1a: Clefable|63/100
|-unboost|p2a: Great Tusk|def|1
|-unboost|p2a: Great Tusk|spd|1
|move|p1a: Clefable|Moonblast|p2a: Great Tusk
|-supereffective|p2a: Great Tusk
|-damage|p2a: Great Tusk|16/100
|
|upkeep
|turn|7
|
|t:|1776297320
|move|p2a: Great Tusk|Stealth Rock|p1a: Clefable
|-sidestart|p1: 1200s chud|move: Stealth Rock
|move|p1a: Clefable|Moonlight|p1a: Clefable
|-heal|p1a: Clefable|100/100
|
|upkeep
|turn|8
|
|t:|1776297323
|move|p2a: Great Tusk|Headlong Rush|p1a: Clefable
|-damage|p1a: Clefable|64/100
|-unboost|p2a: Great Tusk|def|1
|-unboost|p2a: Great Tusk|spd|1
|move|p1a: Clefable|Calm Mind|p1a: Clefable
|-boost|p1a: Clefable|spa|1
|-boost|p1a: Clefable|spd|1
|
|upkeep
|turn|9
|
|t:|1776297327
|move|p2a: Great Tusk|Headlong Rush|p1a: Clefable
|-damage|p1a: Clefable|21/100
|-unboost|p2a: Great Tusk|def|1
|-unboost|p2a: Great Tusk|spd|1
|move|p1a: Clefable|Moonlight|p1a: Clefable
|-heal|p1a: Clefable|71/100
|
|upkeep
|turn|10
|
|t:|1776297332
|move|p2a: Great Tusk|Headlong Rush|p1a: Clefable
|-damage|p1a: Clefable|34/100
|-unboost|p2a: Great Tusk|def|1
|-unboost|p2a: Great Tusk|spd|1
|move|p1a: Clefable|Moonlight|p1a: Clefable
|-heal|p1a: Clefable|84/100
|
|upkeep
|turn|11
|
|t:|1776297334
|move|p2a: Great Tusk|Headlong Rush|p1a: Clefable
|-damage|p1a: Clefable|42/100
|-unboost|p2a: Great Tusk|def|1
|-unboost|p2a: Great Tusk|spd|1
|move|p1a: Clefable|Moonblast|p2a: Great Tusk
|-supereffective|p2a: Great Tusk
|-damage|p2a: Great Tusk|0 fnt
|faint|p2a: Great Tusk
|-end|p2a: Great Tusk|Protosynthesis|[silent]
|
|upkeep
|
|t:|1776297337
|switch|p2a: Enamorus|Enamorus, F|100/100
|turn|12
|
|t:|1776297341
|move|p2a: Enamorus|Taunt|p1a: Clefable
|-start|p1a: Clefable|move: Taunt
|cant|p1a: Clefable|move: Taunt|Moonlight
|
|upkeep
|turn|13
|
|t:|1776297345
|move|p2a: Enamorus|Moonblast|p1a: Clefable
|-damage|p1a: Clefable|6/100
|-unboost|p1a: Clefable|spa|1
|move|p1a: Clefable|Moonblast|p2a: Enamorus
|-damage|p2a: Enamorus|51/100
|
|upkeep
|turn|14
|
|t:|1776297352
|move|p2a: Enamorus|Moonblast|p1a: Clefable
|-damage|p1a: Clefable|0 fnt
|faint|p1a: Clefable
|
|upkeep
|
|t:|1776297357
|switch|p1a: Excadrill|Excadrill, M|100/100
|-damage|p1a: Excadrill|97/100|[from] Stealth Rock
|-ability|p1a: Excadrill|Mold Breaker
|-item|p1a: Excadrill|Air Balloon
|turn|15
|
|t:|1776297362
|move|p1a: Excadrill|Rapid Spin|p2a: Enamorus
|-damage|p2a: Enamorus|25/100
|-boost|p1a: Excadrill|spe|1
|-sideend|p1: 1200s chud|Spikes|[from] move: Rapid Spin|[of] p1a: Excadrill
|-sideend|p1: 1200s chud|Stealth Rock|[from] move: Rapid Spin|[of] p1a: Excadrill
|move|p2a: Enamorus|Superpower|p1a: Excadrill
|-supereffective|p1a: Excadrill
|-damage|p1a: Excadrill|4/100
|-boost|p2a: Enamorus|atk|1
|-boost|p2a: Enamorus|def|1
|-enditem|p1a: Excadrill|Air Balloon
|
|upkeep
|turn|16
|
|t:|1776297381
|-terastallize|p1a: Excadrill|Ice
|move|p1a: Excadrill|Tera Blast|p2a: Enamorus|[anim] Tera Blast Ice
|-supereffective|p2a: Enamorus
|-damage|p2a: Enamorus|0 fnt
|faint|p2a: Enamorus
|
|upkeep
|
|t:|1776297385
|switch|p2a: Iron Valiant|Iron Valiant|100/100
|-enditem|p2a: Iron Valiant|Booster Energy
|-activate|p2a: Iron Valiant|ability: Quark Drive|[fromitem]
|-start|p2a: Iron Valiant|quarkdrivespe
|turn|17
|
|t:|1776297389
|switch|p1a: Glimmora|Glimmora, F|100/100
|move|p2a: Iron Valiant|Moonblast|p1a: Glimmora
|-resisted|p1a: Glimmora
|-damage|p1a: Glimmora|76/100
|-unboost|p1a: Glimmora|spa|1
|
|upkeep
|turn|18
|
|t:|1776297395
|move|p2a: Iron Valiant|Close Combat|p1a: Glimmora
|-damage|p1a: Glimmora|0 fnt
|-unboost|p2a: Iron Valiant|def|1
|-unboost|p2a: Iron Valiant|spd|1
|-activate|p1a: Glimmora|ability: Toxic Debris
|-sidestart|p2: washed is generous|move: Toxic Spikes
|faint|p1a: Glimmora
|
|upkeep
|
|t:|1776297399
|switch|p1a: Latios|Latios, M|100/100
|turn|19
|j| Monkey D MinMin
|inactive|washed is generous has 120 seconds left.
|
|t:|1776297438
|-terastallize|p2a: Iron Valiant|Fairy
|move|p2a: Iron Valiant|Moonblast|p1a: Latios
|-supereffective|p1a: Latios
|-damage|p1a: Latios|7/100
|move|p1a: Latios|Future Sight|p2a: Iron Valiant
|-start|p1a: Latios|move: Future Sight
|
|upkeep
|turn|20
|inactive|washed is generous has 120 seconds left.
|l| Monkey D MinMin
|
|t:|1776297458
|move|p2a: Iron Valiant|Close Combat|p1a: Latios
|-resisted|p1a: Latios
|-damage|p1a: Latios|0 fnt
|-unboost|p2a: Iron Valiant|def|1
|-unboost|p2a: Iron Valiant|spd|1
|faint|p1a: Latios
|
|upkeep
|
|t:|1776297463
|switch|p1a: Excadrill|Excadrill, M, tera:Ice|4/100
|-ability|p1a: Excadrill|Mold Breaker
|turn|21
|inactive|washed is generous has 120 seconds left.
|
|t:|1776297476
|move|p2a: Iron Valiant|Close Combat|p1a: Excadrill
|-supereffective|p1a: Excadrill
|-damage|p1a: Excadrill|0 fnt
|-unboost|p2a: Iron Valiant|def|1
|-unboost|p2a: Iron Valiant|spd|1
|faint|p1a: Excadrill
|
|-end|p2a: Iron Valiant|move: Future Sight
|-damage|p2a: Iron Valiant|0 fnt
|faint|p2a: Iron Valiant
|-end|p2a: Iron Valiant|Quark Drive|[silent]
|upkeep
|
|t:|1776297478
|switch|p2a: Dragonite|Dragonite, M|100/100
|switch|p1a: Kingambit|Kingambit, F|88/100
|-activate|p1a: Kingambit|ability: Supreme Overlord
|-start|p1a: Kingambit|fallen5|[silent]
|turn|22
|
|t:|1776297482
|move|p1a: Kingambit|Kowtow Cleave|p2a: Dragonite
|-damage|p2a: Dragonite|71/100
|move|p2a: Dragonite|Dragon Dance|p2a: Dragonite
|-boost|p2a: Dragonite|atk|1
|-boost|p2a: Dragonite|spe|1
|
|upkeep
|turn|23
|
|t:|1776297490
|move|p2a: Dragonite|Earthquake|p1a: Kingambit
|-supereffective|p1a: Kingambit
|-crit|p1a: Kingambit
|-damage|p1a: Kingambit|0 fnt
|faint|p1a: Kingambit
|-end|p1a: Kingambit|fallen5|[silent]
|
|win|washed is generous
|raw|1200s chud's rating: 1655 &rarr; <strong>1638</strong><br />(-17 for losing)
|raw|washed is generous's rating: 1703 &rarr; <strong>1720</strong><br />(+17 for winning)
|l|‽1200s chud
|player|p1|
