|html|<div class="broadcast-blue"><strong>[Gen 9] OU is currently suspecting Tera Blast! For information on how to participate check out the <a href="https://www.smogon.com/tools/suspects/view/200">suspect thread</a>.</strong></div>
|j|☆tommy tingles
|j|☆JP ShinySeeker
|t:|1776041867
|gametype|singles
|player|p1|tommy tingles|flannery|1291
|player|p2|JP ShinySeeker|whitney|1327
|gen|9
|tier|[Gen 9] OU
|rated|
|rule|HP Percentage Mod: HP is shown in percentages
|rule|Endless Battle Clause: Forcing endless battles is banned
|rule|Species Clause: Limit one of each Pokémon
|rule|OHKO Clause: OHKO moves are banned
|rule|Evasion Items Clause: Evasion items are banned
|rule|Evasion Moves Clause: Evasion moves are banned
|rule|Evasion Abilities Clause: Evasion abilities are banned
|rule|Sleep Moves Clause: Sleep-inducing moves are banned
|clearpoke
|poke|p1|Politoed, F|
|poke|p1|Hatterene, F|
|poke|p1|Tornadus-Therian, M|
|poke|p1|Kyurem|
|poke|p1|Iron Treads|
|poke|p1|Samurott-Hisui, F|
|poke|p2|Slowking-Galar, F|
|poke|p2|Rillaboom, F|
|poke|p2|Rotom-Heat|
|poke|p2|Alomomola, M|
|poke|p2|Garganacl, M|
|poke|p2|Kyurem|
|teampreview
|j| ohko_smeargle
|
|t:|1776041884
|teamsize|p1|6
|teamsize|p2|6
|start
|switch|p1a: Samurott|Samurott-Hisui, F|100/100
|switch|p2a: Alomomola|Alomomola, M|100/100
|turn|1
|
|t:|1776041890
|move|p1a: Samurott|Knock Off|p2a: Alomomola
|-damage|p2a: Alomomola|66/100
|-enditem|p2a: Alomomola|Heavy-Duty Boots|[from] move: Knock Off|[of] p1a: Samurott
|move|p2a: Alomomola|Scald|p1a: Samurott
|-resisted|p1a: Samurott
|-damage|p1a: Samurott|90/100
|
|upkeep
|turn|2
|
|t:|1776041898
|switch|p1a: Politoed|Politoed, F|100/100
|-weather|RainDance|[from] ability: Drizzle|[of] p1a: Politoed
|move|p2a: Alomomola|Flip Turn|p1a: Politoed
|-resisted|p1a: Politoed
|-damage|p1a: Politoed|86/100
|
|t:|1776041905
|switch|p2a: Kyurem|Kyurem|100/100|[from] Flip Turn
|-ability|p2a: Kyurem|Pressure
|
|-weather|RainDance|[upkeep]
|upkeep
|turn|3
|
|t:|1776041934
|switch|p1a: Iron Treads|Iron Treads|100/100
|move|p2a: Kyurem|Substitute|p2a: Kyurem
|-start|p2a: Kyurem|Substitute
|-damage|p2a: Kyurem|76/100
|
|-weather|RainDance|[upkeep]
|upkeep
|turn|4
|
|t:|1776041938
|move|p1a: Iron Treads|Earthquake|p2a: Kyurem
|-end|p2a: Kyurem|Substitute
|move|p2a: Kyurem|Earth Power|p1a: Iron Treads
|-supereffective|p1a: Iron Treads
|-damage|p1a: Iron Treads|17/100
|
|-weather|RainDance|[upkeep]
|-heal|p1a: Iron Treads|23/100|[from] item: Leftovers
|upkeep
|turn|5
|
|t:|1776041945
|move|p1a: Iron Treads|Stealth Rock|p2a: Kyurem
|-sidestart|p2: JP ShinySeeker|move: Stealth Rock
|move|p2a: Kyurem|Freeze-Dry|p1a: Iron Treads
|-damage|p1a: Iron Treads|0 fnt
|faint|p1a: Iron Treads
|-end|p1a: Iron Treads|Quark Drive|[silent]
|
|-weather|RainDance|[upkeep]
|upkeep
|
|t:|1776041951
|switch|p1a: Tornadus|Tornadus-Therian, M|100/100
|turn|6
|
|t:|1776041957
|move|p1a: Tornadus|Focus Blast|p2a: Kyurem
|-supereffective|p2a: Kyurem
|-damage|p2a: Kyurem|0 fnt
|faint|p2a: Kyurem
|-damage|p1a: Tornadus|91/100|[from] item: Life Orb
|
|-weather|none
|upkeep
|
|t:|1776041964
|switch|p2a: Alomomola|Alomomola, M|99/100
|-damage|p2a: Alomomola|87/100|[from] Stealth Rock
|turn|7
|
|t:|1776041978
|switch|p1a: Politoed|Politoed, F|86/100
|-weather|RainDance|[from] ability: Drizzle|[of] p1a: Politoed
|move|p2a: Alomomola|Flip Turn|p1a: Politoed
|-resisted|p1a: Politoed
|-damage|p1a: Politoed|72/100
|
|t:|1776041981
|switch|p2a: Rillaboom|Rillaboom, F|100/100|[from] Flip Turn
|-damage|p2a: Rillaboom|88/100|[from] Stealth Rock
|-fieldstart|move: Grassy Terrain|[from] ability: Grassy Surge|[of] p2a: Rillaboom
|
|-weather|RainDance|[upkeep]
|-heal|p2a: Rillaboom|94/100|[from] Grassy Terrain
|-heal|p1a: Politoed|78/100|[from] Grassy Terrain
|upkeep
|turn|8
|
|t:|1776041992
|switch|p1a: Kyurem|Kyurem|100/100
|-ability|p1a: Kyurem|Pressure
|move|p2a: Rillaboom|U-turn|p1a: Kyurem
|-damage|p1a: Kyurem|80/100
|
|t:|1776042001
|switch|p2a: Slowking|Slowking-Galar, F|100/100|[from] U-turn
|
|-weather|RainDance|[upkeep]
|-heal|p1a: Kyurem|86/100|[from] Grassy Terrain
|upkeep
|turn|9
|
|t:|1776042011
|switch|p1a: Samurott|Samurott-Hisui, F|90/100
|move|p2a: Slowking|Sludge Bomb|p1a: Samurott
|-damage|p1a: Samurott|42/100
|
|-weather|RainDance|[upkeep]
|-heal|p1a: Samurott|48/100|[from] Grassy Terrain
|upkeep
|turn|10
|
|t:|1776042016
|switch|p2a: Alomomola|Alomomola, M|100/100
|-damage|p2a: Alomomola|88/100|[from] Stealth Rock
|move|p1a: Samurott|Ceaseless Edge|p2a: Alomomola
|-damage|p2a: Alomomola|53/100
|-sidestart|p2: JP ShinySeeker|Spikes
|
|-weather|RainDance|[upkeep]
|-heal|p1a: Samurott|54/100|[from] Grassy Terrain
|-heal|p2a: Alomomola|59/100|[from] Grassy Terrain
|upkeep
|turn|11
|
|t:|1776042019
|move|p1a: Samurott|Ceaseless Edge|p2a: Alomomola
|-damage|p2a: Alomomola|25/100
|-sidestart|p2: JP ShinySeeker|Spikes
|move|p2a: Alomomola|Wish|p2a: Alomomola
|
|-weather|none
|-heal|p1a: Samurott|61/100|[from] Grassy Terrain
|-heal|p2a: Alomomola|31/100|[from] Grassy Terrain
|-fieldend|move: Grassy Terrain
|upkeep
|turn|12
|
|t:|1776042033
|move|p2a: Alomomola|Protect|p2a: Alomomola
|-singleturn|p2a: Alomomola|Protect
|move|p1a: Samurott|Ceaseless Edge|p2a: Alomomola
|-activate|p2a: Alomomola|move: Protect
|
|-heal|p2a: Alomomola|81/100|[from] move: Wish|[wisher] Alomomola
|upkeep
|turn|13
|
|t:|1776042038
|move|p1a: Samurott|Ceaseless Edge|p2a: Alomomola
|-damage|p2a: Alomomola|46/100
|-sidestart|p2: JP ShinySeeker|Spikes
|move|p2a: Alomomola|Scald|p1a: Samurott
|-resisted|p1a: Samurott
|-damage|p1a: Samurott|51/100
|
|upkeep
|turn|14
|
|t:|1776042044
|switch|p1a: Politoed|Politoed, F|78/100
|-weather|RainDance|[from] ability: Drizzle|[of] p1a: Politoed
|move|p2a: Alomomola|Wish|p2a: Alomomola
|
|-weather|RainDance|[upkeep]
|upkeep
|turn|15
|
|t:|1776042054
|switch|p1a: Tornadus|Tornadus-Therian, M|100/100
|move|p2a: Alomomola|Protect||[still]
|-fail|p2a: Alomomola
|
|-weather|RainDance|[upkeep]
|-heal|p2a: Alomomola|96/100|[from] move: Wish|[wisher] Alomomola
|upkeep
|turn|16
|
|t:|1776042058
|move|p1a: Tornadus|Nasty Plot|p1a: Tornadus
|-boost|p1a: Tornadus|spa|2
|move|p2a: Alomomola|Flip Turn|p1a: Tornadus
|-damage|p1a: Tornadus|72/100
|
|t:|1776042063
|switch|p2a: Slowking|Slowking-Galar, F|100/100|[from] Flip Turn
|
|-weather|RainDance|[upkeep]
|upkeep
|turn|17
|
|t:|1776042073
|move|p1a: Tornadus|Dark Pulse|p2a: Slowking
|-supereffective|p2a: Slowking
|-damage|p2a: Slowking|25/100
|-damage|p1a: Tornadus|63/100|[from] item: Life Orb
|move|p2a: Slowking|Sludge Bomb|p1a: Tornadus
|-damage|p1a: Tornadus|21/100
|
|-weather|RainDance|[upkeep]
|upkeep
|turn|18
|
|t:|1776042086
|switch|p2a: Alomomola|Alomomola, M|100/100
|-damage|p2a: Alomomola|88/100|[from] Stealth Rock
|-damage|p2a: Alomomola|63/100|[from] Spikes
|move|p1a: Tornadus|Bleakwind Storm|p2a: Alomomola
|-damage|p2a: Alomomola|0 fnt
|faint|p2a: Alomomola
|-damage|p1a: Tornadus|11/100|[from] item: Life Orb
|
|-weather|none
|upkeep
|
|t:|1776042089
|switch|p2a: Rillaboom|Rillaboom, F|94/100
|-damage|p2a: Rillaboom|82/100|[from] Stealth Rock
|-damage|p2a: Rillaboom|57/100|[from] Spikes
|-fieldstart|move: Grassy Terrain|[from] ability: Grassy Surge|[of] p2a: Rillaboom
|turn|19
|
|t:|1776042097
|switch|p1a: Hatterene|Hatterene, F|100/100
|move|p2a: Rillaboom|Grassy Glide|p1a: Hatterene
|-damage|p1a: Hatterene|68/100
|-damage|p2a: Rillaboom|41/100|[from] item: Rocky Helmet|[of] p1a: Hatterene
|
|-heal|p2a: Rillaboom|47/100|[from] Grassy Terrain
|-heal|p1a: Hatterene|74/100|[from] Grassy Terrain
|upkeep
|turn|20
|
|t:|1776042110
|move|p2a: Rillaboom|Knock Off|p1a: Hatterene
|-crit|p1a: Hatterene
|-damage|p1a: Hatterene|36/100
|-damage|p2a: Rillaboom|30/100|[from] item: Rocky Helmet|[of] p1a: Hatterene
|-enditem|p1a: Hatterene|Rocky Helmet|[from] move: Knock Off|[of] p2a: Rillaboom
|move|p1a: Hatterene|Psychic Noise|p2a: Rillaboom
|-damage|p2a: Rillaboom|0 fnt
|faint|p2a: Rillaboom
|
|-heal|p1a: Hatterene|42/100|[from] Grassy Terrain
|upkeep
|
|t:|1776042115
|switch|p2a: Garganacl|Garganacl, M|100/100
|-damage|p2a: Garganacl|88/100|[from] Stealth Rock
|-damage|p2a: Garganacl|63/100|[from] Spikes
|turn|21
|
|t:|1776042124
|move|p1a: Hatterene|Psychic Noise|p2a: Garganacl
|-damage|p2a: Garganacl|29/100
|-start|p2a: Garganacl|move: Heal Block
|move|p2a: Garganacl|Salt Cure|p1a: Hatterene
|-damage|p1a: Hatterene|31/100
|-start|p1a: Hatterene|Salt Cure
|
|-heal|p1a: Hatterene|37/100|[from] Grassy Terrain
|-damage|p1a: Hatterene|24/100|[from] Salt Cure
|upkeep
|turn|22
|
|t:|1776042132
|move|p2a: Garganacl|Protect|p2a: Garganacl
|-singleturn|p2a: Garganacl|Protect
|move|p1a: Hatterene|Psychic Noise|p2a: Garganacl
|-activate|p2a: Garganacl|move: Protect
|
|-heal|p1a: Hatterene|30/100|[from] Grassy Terrain
|-damage|p1a: Hatterene|18/100|[from] Salt Cure
|-end|p2a: Garganacl|move: Heal Block
|upkeep
|turn|23
|
|t:|1776042137
|switch|p2a: Slowking|Slowking-Galar, F|59/100
|move|p1a: Hatterene|Psychic Noise|p2a: Slowking
|-damage|p2a: Slowking|38/100
|-start|p2a: Slowking|move: Heal Block
|
|-heal|p1a: Hatterene|24/100|[from] Grassy Terrain
|-damage|p1a: Hatterene|12/100|[from] Salt Cure
|-fieldend|move: Grassy Terrain
|upkeep
|turn|24
|-message|JP ShinySeeker forfeited.
|
|win|tommy tingles
|raw|tommy tingles's rating: 1291 &rarr; <strong>1319</strong><br />(+28 for winning)
|raw|JP ShinySeeker's rating: 1327 &rarr; <strong>1305</strong><br />(-22 for losing)
|l|☆JP ShinySeeker
|player|p2|
|l| ohko_smeargle
|l|☆tommy tingles
|player|p1|
