|html|<div class="broadcast-blue"><strong>[Gen 9] OU is currently suspecting Tera Blast! For information on how to participate check out the <a href="https://www.smogon.com/tools/suspects/view/200">suspect thread</a>.</strong></div>
|j|☆Dr. Drake6782
|j|☆yonji lover
|t:|1776035336
|gametype|singles
|player|p1|Dr. Drake6782|hilbert-masters|1687
|player|p2|yonji lover|1|1661
|gen|9
|tier|[Gen 9] OU
|rated|
|rule|HP Percentage Mod: HP is shown in percentages
|rule|Endless Battle Clause: Forcing endless battles is banned
|rule|Species Clause: Limit one of each Pokémon
|rule|OHKO Clause: OHKO moves are banned
|rule|Evasion Items Clause: Evasion items are banned
|rule|Evasion Moves Clause: Evasion moves are banned
|rule|Evasion Abilities Clause: Evasion abilities are banned
|rule|Sleep Moves Clause: Sleep-inducing moves are banned
|clearpoke
|poke|p1|Slowking-Galar, M|
|poke|p1|Ting-Lu|
|poke|p1|Hydrapple, M|
|poke|p1|Corviknight, F|
|poke|p1|Cinderace, M|
|poke|p1|Dondozo, F|
|poke|p2|Comfey, M|
|poke|p2|Whimsicott, F|
|poke|p2|Iron Moth|
|poke|p2|Walking Wake|
|poke|p2|Great Tusk|
|poke|p2|Ninetales, M|
|teampreview
|inactive|Battle timer is ON: inactive players will automatically lose when time's up. (requested by Dr. Drake6782)
|
|t:|1776035358
|teamsize|p1|6
|teamsize|p2|6
|start
|switch|p1a: Ting-Lu|Ting-Lu|100/100
|switch|p2a: Walking Wake|Walking Wake|100/100
|-ability|p1a: Ting-Lu|Vessel of Ruin
|turn|1
|
|t:|1776035365
|move|p2a: Walking Wake|Flip Turn|p1a: Ting-Lu
|-supereffective|p1a: Ting-Lu
|-damage|p1a: Ting-Lu|83/100
|
|t:|1776035367
|-end|p2a: Walking Wake|Protosynthesis|[silent]
|switch|p2a: Great Tusk|Great Tusk|100/100|[from] Flip Turn
|move|p1a: Ting-Lu|Earthquake|p2a: Great Tusk
|-damage|p2a: Great Tusk|77/100
|
|-heal|p1a: Ting-Lu|89/100|[from] item: Leftovers
|upkeep
|turn|2
|
|t:|1776035370
|switch|p1a: Corviknight|Corviknight, F|100/100
|-ability|p1a: Corviknight|Pressure
|move|p2a: Great Tusk|Ice Spinner|p1a: Corviknight
|-damage|p1a: Corviknight|86/100
|-damage|p2a: Great Tusk|60/100|[from] item: Rocky Helmet|[of] p1a: Corviknight
|
|upkeep
|turn|3
|
|t:|1776035375
|-end|p2a: Great Tusk|Protosynthesis|[silent]
|switch|p2a: Ninetales|Ninetales, M|100/100
|-weather|SunnyDay|[from] ability: Drought|[of] p2a: Ninetales
|move|p1a: Corviknight|Body Press|p2a: Ninetales
|-damage|p2a: Ninetales|66/100
|
|-weather|SunnyDay|[upkeep]
|upkeep
|turn|4
|
|t:|1776035386
|switch|p2a: Iron Moth|Iron Moth|100/100
|-enditem|p2a: Iron Moth|Booster Energy
|-activate|p2a: Iron Moth|ability: Quark Drive|[fromitem]
|-start|p2a: Iron Moth|quarkdrivespa
|switch|p1a: Slowking|Slowking-Galar, M, shiny|100/100
|
|-weather|SunnyDay|[upkeep]
|upkeep
|turn|5
|
|t:|1776035389
|move|p2a: Iron Moth|Fiery Dance|p1a: Slowking
|-damage|p1a: Slowking|32/100
|move|p1a: Slowking|Psychic Noise|p2a: Iron Moth
|-supereffective|p2a: Iron Moth
|-damage|p2a: Iron Moth|41/100
|-start|p2a: Iron Moth|move: Heal Block
|
|-weather|SunnyDay|[upkeep]
|-heal|p1a: Slowking|38/100|[from] item: Black Sludge
|upkeep
|turn|6
|
|t:|1776035401
|switch|p1a: Ting-Lu|Ting-Lu|89/100
|-ability|p1a: Ting-Lu|Vessel of Ruin
|move|p2a: Iron Moth|Fiery Dance|p1a: Ting-Lu
|-crit|p1a: Ting-Lu
|-damage|p1a: Ting-Lu|34/100
|-boost|p2a: Iron Moth|spa|1
|
|-weather|SunnyDay|[upkeep]
|-heal|p1a: Ting-Lu|41/100|[from] item: Leftovers
|-end|p2a: Iron Moth|move: Heal Block
|upkeep
|turn|7
|
|t:|1776035413
|switch|p1a: Cinderace|Cinderace, M|100/100
|move|p2a: Iron Moth|Solar Beam||[still]
|-prepare|p2a: Iron Moth|Solar Beam
|-anim|p2a: Iron Moth|Solar Beam|p1a: Cinderace
|-resisted|p1a: Cinderace
|-damage|p1a: Cinderace|47/100
|
|-weather|SunnyDay|[upkeep]
|upkeep
|turn|8
|
|t:|1776035419
|-end|p2a: Iron Moth|Quark Drive|[silent]
|switch|p2a: Great Tusk|Great Tusk|60/100
|-activate|p2a: Great Tusk|ability: Protosynthesis
|-start|p2a: Great Tusk|protosynthesisspe
|move|p1a: Cinderace|Pyro Ball|p2a: Great Tusk
|-damage|p2a: Great Tusk|15/100
|
|-weather|SunnyDay|[upkeep]
|upkeep
|turn|9
|
|t:|1776035431
|switch|p1a: Corviknight|Corviknight, F|86/100
|-ability|p1a: Corviknight|Pressure
|move|p2a: Great Tusk|Stealth Rock|p1a: Corviknight
|-sidestart|p1: Dr. Drake6782|move: Stealth Rock
|
|-weather|SunnyDay|[upkeep]
|upkeep
|turn|10
|
|t:|1776035447
|move|p2a: Great Tusk|Ice Spinner|p1a: Corviknight
|-damage|p1a: Corviknight|73/100
|-damage|p2a: Great Tusk|0 fnt|[from] item: Rocky Helmet|[of] p1a: Corviknight
|faint|p2a: Great Tusk
|-end|p2a: Great Tusk|Protosynthesis|[silent]
|move|p1a: Corviknight|Defog|p2: Great Tusk|[notarget]
|-fail|p1a: Corviknight
|
|-weather|none
|upkeep
|
|t:|1776035450
|switch|p2a: Ninetales|Ninetales, M|66/100
|-weather|SunnyDay|[from] ability: Drought|[of] p2a: Ninetales
|turn|11
|
|t:|1776035462
|switch|p1a: Cinderace|Cinderace, M|47/100
|move|p2a: Ninetales|Weather Ball|p1a: Cinderace
|-resisted|p1a: Cinderace
|-damage|p1a: Cinderace|20/100
|
|-weather|SunnyDay|[upkeep]
|upkeep
|turn|12
|
|t:|1776035490
|switch|p2a: Walking Wake|Walking Wake|100/100
|-activate|p2a: Walking Wake|ability: Protosynthesis
|-start|p2a: Walking Wake|protosynthesisspe
|move|p1a: Cinderace|Court Change|p1a: Cinderace
|-swapsideconditions
|-activate|p1a: Cinderace|move: Court Change
|
|-weather|SunnyDay|[upkeep]
|upkeep
|turn|13
|
|t:|1776035502
|move|p2a: Walking Wake|Draco Meteor|p1a: Cinderace
|-damage|p1a: Cinderace|0 fnt
|-unboost|p2a: Walking Wake|spa|2
|faint|p1a: Cinderace
|
|-weather|SunnyDay|[upkeep]
|upkeep
|
|t:|1776035508
|switch|p1a: Ting-Lu|Ting-Lu|41/100
|-ability|p1a: Ting-Lu|Vessel of Ruin
|turn|14
|inactive|yonji lover has 120 seconds left.
|inactive|yonji lover has 90 seconds left.
|
|t:|1776035565
|-terastallize|p1a: Ting-Lu|Poison
|move|p2a: Walking Wake|Hydro Steam|p1a: Ting-Lu
|-damage|p1a: Ting-Lu|28/100
|move|p1a: Ting-Lu|Rest|p1a: Ting-Lu
|-status|p1a: Ting-Lu|slp|[from] move: Rest
|-heal|p1a: Ting-Lu|100/100 slp|[silent]
|
|-weather|SunnyDay|[upkeep]
|upkeep
|turn|15
|
|t:|1776035572
|move|p2a: Walking Wake|Flip Turn|p1a: Ting-Lu
|-damage|p1a: Ting-Lu|96/100 slp
|
|t:|1776035582
|-end|p2a: Walking Wake|Protosynthesis|[silent]
|switch|p2a: Comfey|Comfey, M|100/100|[from] Flip Turn
|-damage|p2a: Comfey|88/100|[from] Stealth Rock
|cant|p1a: Ting-Lu|slp
|move|p1a: Ting-Lu|Sleep Talk|p1a: Ting-Lu
|move|p1a: Ting-Lu|Payback|p2a: Comfey|[from] move: Sleep Talk
|-resisted|p2a: Comfey
|-damage|p2a: Comfey|77/100
|
|-weather|SunnyDay|[upkeep]
|-heal|p1a: Ting-Lu|100/100 slp|[from] item: Leftovers
|upkeep
|turn|16
|
|t:|1776035586
|switch|p1a: Slowking|Slowking-Galar, M, shiny|71/100
|move|p2a: Comfey|Growth|p2a: Comfey
|-boost|p2a: Comfey|atk|2
|-boost|p2a: Comfey|spa|2
|
|-weather|SunnyDay|[upkeep]
|-heal|p1a: Slowking|77/100|[from] item: Black Sludge
|upkeep
|turn|17
|
|t:|1776035590
|-terastallize|p2a: Comfey|Water
|move|p2a: Comfey|Growth|p2a: Comfey
|-boost|p2a: Comfey|atk|2
|-boost|p2a: Comfey|spa|2
|move|p1a: Slowking|Trick|p2a: Comfey
|-activate|p1a: Slowking|move: Trick|[of] p2a: Comfey
|-item|p2a: Comfey|Black Sludge|[from] move: Trick
|-item|p1a: Slowking|Life Orb|[from] move: Trick
|
|-weather|SunnyDay|[upkeep]
|-damage|p2a: Comfey|64/100|[from] item: Black Sludge
|upkeep
|turn|18
|
|t:|1776035600
|move|p2a: Comfey|Stored Power|p1a: Slowking
|-damage|p1a: Slowking|0 fnt
|faint|p1a: Slowking
|
|-weather|none
|-damage|p2a: Comfey|52/100|[from] item: Black Sludge
|upkeep
|
|t:|1776035609
|switch|p1a: Dondozo|Dondozo, F|100/100
|turn|19
|
|t:|1776035613
|move|p2a: Comfey|Stored Power|p1a: Dondozo
|-damage|p1a: Dondozo|67/100
|move|p1a: Dondozo|Liquidation|p2a: Comfey
|-resisted|p2a: Comfey
|-damage|p2a: Comfey|32/100
|
|-damage|p2a: Comfey|20/100|[from] item: Black Sludge
|-heal|p1a: Dondozo|73/100|[from] item: Leftovers
|upkeep
|turn|20
|
|t:|1776035627
|move|p2a: Comfey|Synthesis|p2a: Comfey
|-heal|p2a: Comfey|70/100
|move|p1a: Dondozo|Liquidation|p2a: Comfey
|-resisted|p2a: Comfey
|-damage|p2a: Comfey|51/100
|
|-damage|p2a: Comfey|38/100|[from] item: Black Sludge
|-heal|p1a: Dondozo|79/100|[from] item: Leftovers
|upkeep
|turn|21
|
|t:|1776035635
|move|p2a: Comfey|Synthesis|p2a: Comfey
|-heal|p2a: Comfey|88/100
|move|p1a: Dondozo|Liquidation|p2a: Comfey
|-resisted|p2a: Comfey
|-damage|p2a: Comfey|69/100
|
|-damage|p2a: Comfey|57/100|[from] item: Black Sludge
|-heal|p1a: Dondozo|86/100|[from] item: Leftovers
|upkeep
|turn|22
|
|t:|1776035637
|move|p2a: Comfey|Growth|p2a: Comfey
|-boost|p2a: Comfey|atk|1
|-boost|p2a: Comfey|spa|1
|move|p1a: Dondozo|Curse|p1a: Dondozo
|-unboost|p1a: Dondozo|spe|1
|-boost|p1a: Dondozo|atk|1
|-boost|p1a: Dondozo|def|1
|
|-damage|p2a: Comfey|44/100|[from] item: Black Sludge
|-heal|p1a: Dondozo|92/100|[from] item: Leftovers
|upkeep
|turn|23
|
|t:|1776035639
|move|p2a: Comfey|Synthesis|p2a: Comfey
|-heal|p2a: Comfey|94/100
|move|p1a: Dondozo|Liquidation|p2a: Comfey
|-resisted|p2a: Comfey
|-damage|p2a: Comfey|67/100
|
|-damage|p2a: Comfey|55/100|[from] item: Black Sludge
|-heal|p1a: Dondozo|98/100|[from] item: Leftovers
|upkeep
|turn|24
|
|t:|1776035644
|move|p2a: Comfey|Stored Power|p1a: Dondozo
|-damage|p1a: Dondozo|58/100
|move|p1a: Dondozo|Liquidation|p2a: Comfey
|-resisted|p2a: Comfey
|-damage|p2a: Comfey|28/100
|
|-damage|p2a: Comfey|15/100|[from] item: Black Sludge
|-heal|p1a: Dondozo|64/100|[from] item: Leftovers
|upkeep
|turn|25
|
|t:|1776035650
|move|p2a: Comfey|Stored Power|p1a: Dondozo
|-damage|p1a: Dondozo|23/100
|move|p1a: Dondozo|Liquidation|p2a: Comfey
|-resisted|p2a: Comfey
|-damage|p2a: Comfey|0 fnt
|faint|p2a: Comfey
|
|-heal|p1a: Dondozo|29/100|[from] item: Leftovers
|upkeep
|c|☆Dr. Drake6782|misplay
|
|t:|1776035658
|switch|p2a: Whimsicott|Whimsicott, F|100/100
|-damage|p2a: Whimsicott|88/100|[from] Stealth Rock
|turn|26
|
|t:|1776035666
|switch|p1a: Ting-Lu|Ting-Lu, tera:Poison|100/100 slp
|-ability|p1a: Ting-Lu|Vessel of Ruin
|move|p2a: Whimsicott|Moonblast|p1a: Ting-Lu
|-resisted|p1a: Ting-Lu
|-damage|p1a: Ting-Lu|89/100 slp
|-damage|p2a: Whimsicott|78/100|[from] item: Life Orb
|
|-heal|p1a: Ting-Lu|96/100 slp|[from] item: Leftovers
|upkeep
|turn|27
|
|t:|1776035671
|switch|p2a: Ninetales|Ninetales, M|66/100
|-damage|p2a: Ninetales|41/100|[from] Stealth Rock
|-weather|SunnyDay|[from] ability: Drought|[of] p2a: Ninetales
|cant|p1a: Ting-Lu|slp
|move|p1a: Ting-Lu|Sleep Talk|p1a: Ting-Lu
|move|p1a: Ting-Lu|Rest||[from] move: Sleep Talk|[still]
|-fail|p1a: Ting-Lu
|
|-weather|SunnyDay|[upkeep]
|-heal|p1a: Ting-Lu|100/100 slp|[from] item: Leftovers
|upkeep
|turn|28
|
|t:|1776035674
|move|p2a: Ninetales|Healing Wish|p2a: Ninetales
|faint|p2a: Ninetales
|-curestatus|p1a: Ting-Lu|slp|[msg]
|move|p1a: Ting-Lu|Earthquake|p2: Ninetales|[notarget]
|-fail|p1a: Ting-Lu
|
|-weather|SunnyDay|[upkeep]
|upkeep
|
|t:|1776035680
|switch|p2a: Iron Moth|Iron Moth|41/100
|-heal|p2a: Iron Moth|100/100|[from] move: Healing Wish
|-damage|p2a: Iron Moth|76/100|[from] Stealth Rock
|turn|29
|c|☆Dr. Drake6782|this mouth boutta get burned
|
|t:|1776035702
|-end|p2a: Iron Moth|Quark Drive|[silent]
|switch|p2a: Walking Wake|Walking Wake|100/100
|-damage|p2a: Walking Wake|88/100|[from] Stealth Rock
|-activate|p2a: Walking Wake|ability: Protosynthesis
|-start|p2a: Walking Wake|protosynthesisspe
|move|p1a: Ting-Lu|Earthquake|p2a: Walking Wake
|-damage|p2a: Walking Wake|52/100
|
|-weather|SunnyDay|[upkeep]
|upkeep
|turn|30
|
|t:|1776035704
|move|p2a: Walking Wake|Hydro Steam|p1a: Ting-Lu
|-damage|p1a: Ting-Lu|77/100
|move|p1a: Ting-Lu|Earthquake|p2a: Walking Wake
|-damage|p2a: Walking Wake|19/100
|
|-weather|SunnyDay|[upkeep]
|-heal|p1a: Ting-Lu|83/100|[from] item: Leftovers
|upkeep
|turn|31
|
|t:|1776035708
|move|p2a: Walking Wake|Knock Off|p1a: Ting-Lu
|-damage|p1a: Ting-Lu|73/100
|-enditem|p1a: Ting-Lu|Leftovers|[from] move: Knock Off|[of] p2a: Walking Wake
|move|p1a: Ting-Lu|Earthquake|p2a: Walking Wake
|-damage|p2a: Walking Wake|0 fnt
|faint|p2a: Walking Wake
|-end|p2a: Walking Wake|Protosynthesis|[silent]
|
|-weather|SunnyDay|[upkeep]
|upkeep
|
|t:|1776035717
|switch|p2a: Iron Moth|Iron Moth|76/100
|-damage|p2a: Iron Moth|51/100|[from] Stealth Rock
|turn|32
|
|t:|1776035718
|move|p2a: Iron Moth|Overheat|p1a: Ting-Lu|[miss]
|-miss|p2a: Iron Moth|p1a: Ting-Lu
|move|p1a: Ting-Lu|Earthquake|p2a: Iron Moth
|-supereffective|p2a: Iron Moth
|-crit|p2a: Iron Moth
|-damage|p2a: Iron Moth|0 fnt
|faint|p2a: Iron Moth
|-end|p2a: Iron Moth|Quark Drive|[silent]
|
|-weather|SunnyDay|[upkeep]
|upkeep
|
|t:|1776035721
|switch|p2a: Whimsicott|Whimsicott, F|78/100
|-damage|p2a: Whimsicott|66/100|[from] Stealth Rock
|turn|33
|
|t:|1776035724
|move|p2a: Whimsicott|Growth|p2a: Whimsicott
|-boost|p2a: Whimsicott|atk|2
|-boost|p2a: Whimsicott|spa|2
|move|p1a: Ting-Lu|Earthquake|p2a: Whimsicott
|-resisted|p2a: Whimsicott
|-crit|p2a: Whimsicott
|-damage|p2a: Whimsicott|31/100
|
|-weather|SunnyDay|[upkeep]
|upkeep
|turn|34
|
|t:|1776035728
|move|p2a: Whimsicott|Growth|p2a: Whimsicott
|-boost|p2a: Whimsicott|atk|2
|-boost|p2a: Whimsicott|spa|2
|move|p1a: Ting-Lu|Earthquake|p2a: Whimsicott
|-resisted|p2a: Whimsicott
|-damage|p2a: Whimsicott|9/100
|
|-weather|none
|upkeep
|turn|35
|
|t:|1776035730
|move|p2a: Whimsicott|Shadow Ball|p1a: Ting-Lu
|-damage|p1a: Ting-Lu|38/100
|-damage|p2a: Whimsicott|0 fnt|[from] item: Life Orb
|faint|p2a: Whimsicott
|
|win|Dr. Drake6782
|raw|Dr. Drake6782's rating: 1687 &rarr; <strong>1706</strong><br />(+19 for winning)
|raw|yonji lover's rating: 1661 &rarr; <strong>1642</strong><br />(-19 for losing)
|l|☆yonji lover
|player|p2|
|c|☆Dr. Drake6782|gg
