|html|<div class="broadcast-blue"><strong>[Gen 9] OU is currently suspecting Tera Blast! For information on how to participate check out the <a href="https://www.smogon.com/tools/suspects/view/200">suspect thread</a>.</strong></div>
|j|☆Unwallable
|j|☆pokemonkorea co kr
|t:|1776117142
|gametype|singles
|player|p1|Unwallable|2|1325
|player|p2|pokemonkorea co kr|#bltxrufflets|1319
|gen|9
|tier|[Gen 9] OU
|rated|
|rule|HP Percentage Mod: HP is shown in percentages
|rule|Endless Battle Clause: Forcing endless battles is banned
|rule|Species Clause: Limit one of each Pokémon
|rule|OHKO Clause: OHKO moves are banned
|rule|Evasion Items Clause: Evasion items are banned
|rule|Evasion Moves Clause: Evasion moves are banned
|rule|Evasion Abilities Clause: Evasion abilities are banned
|rule|Sleep Moves Clause: Sleep-inducing moves are banned
|clearpoke
|poke|p1|Bellibolt, M|
|poke|p1|Landorus-Therian, M|
|poke|p1|Rillaboom, F|
|poke|p1|Kyurem|
|poke|p1|Zamazenta-*|
|poke|p1|Kingambit, F|
|poke|p2|Glimmora, F|
|poke|p2|Deoxys-Speed|
|poke|p2|Gholdengo|
|poke|p2|Azumarill, M|
|poke|p2|Garchomp, M|
|poke|p2|Weavile, F|
|teampreview
|
|t:|1776117171
|teamsize|p1|6
|teamsize|p2|6
|start
|switch|p1a: Kyurem|Kyurem|100/100
|switch|p2a: Deoxys|Deoxys-Speed|100/100
|-ability|p2a: Deoxys|Pressure
|-ability|p1a: Kyurem|Pressure
|turn|1
|
|t:|1776117174
|move|p2a: Deoxys|Light Screen|p2a: Deoxys
|-sidestart|p2: pokemonkorea co kr|move: Light Screen
|move|p1a: Kyurem|Substitute|p1a: Kyurem
|-start|p1a: Kyurem|Substitute
|-damage|p1a: Kyurem|75/100
|
|-heal|p1a: Kyurem|82/100|[from] item: Leftovers
|upkeep
|turn|2
|
|t:|1776117178
|move|p2a: Deoxys|Psycho Boost|p1a: Kyurem
|-end|p1a: Kyurem|Substitute
|-unboost|p2a: Deoxys|spa|2
|move|p1a: Kyurem|Freeze-Dry|p2a: Deoxys
|-damage|p2a: Deoxys|78/100
|
|-heal|p1a: Kyurem|88/100|[from] item: Leftovers
|upkeep
|turn|3
|
|t:|1776117182
|move|p1a: Kyurem|Substitute|p1a: Kyurem
|-start|p1a: Kyurem|Substitute
|-damage|p1a: Kyurem|63/100
|move|p2a: Deoxys|Teleport|p2a: Deoxys
|
|t:|1776117192
|switch|p2a: Garchomp|Garchomp, M|100/100|[from] Teleport
|
|-heal|p1a: Kyurem|69/100|[from] item: Leftovers
|upkeep
|turn|4
|
|t:|1776117201
|-terastallize|p1a: Kyurem|Ground
|move|p2a: Garchomp|Scale Shot|p1a: Kyurem
|-activate|p1a: Kyurem|move: Substitute|[damage]
|-end|p1a: Kyurem|Substitute
|-damage|p1a: Kyurem|56/100
|-damage|p1a: Kyurem|44/100
|-hitcount|p1a: Kyurem|4
|-unboost|p2a: Garchomp|def|1
|-boost|p2a: Garchomp|spe|1
|move|p1a: Kyurem|Freeze-Dry|p2a: Garchomp
|-supereffective|p2a: Garchomp
|-crit|p2a: Garchomp
|-damage|p2a: Garchomp|0 fnt
|faint|p2a: Garchomp
|
|-heal|p1a: Kyurem|50/100|[from] item: Leftovers
|upkeep
|
|t:|1776117208
|switch|p2a: Weavile|Weavile, F|100/100
|-ability|p2a: Weavile|Pressure
|turn|5
|
|t:|1776117214
|move|p2a: Weavile|Swords Dance|p2a: Weavile
|-boost|p2a: Weavile|atk|2
|move|p1a: Kyurem|Substitute|p1a: Kyurem
|-start|p1a: Kyurem|Substitute
|-damage|p1a: Kyurem|25/100
|
|-heal|p1a: Kyurem|31/100|[from] item: Leftovers
|upkeep
|turn|6
|
|t:|1776117218
|move|p1a: Kyurem|Protect|p1a: Kyurem
|-singleturn|p1a: Kyurem|Protect
|move|p2a: Weavile|Triple Axel|p1a: Kyurem
|-activate|p1a: Kyurem|move: Protect
|
|-heal|p1a: Kyurem|37/100|[from] item: Leftovers
|upkeep
|turn|7
|
|t:|1776117226
|move|p2a: Weavile|Triple Axel|p1a: Kyurem
|-supereffective|p1a: Kyurem
|-end|p1a: Kyurem|Substitute
|-supereffective|p1a: Kyurem
|-damage|p1a: Kyurem|0 fnt
|faint|p1a: Kyurem
|-hitcount|p1: Kyurem|2
|
|upkeep
|
|t:|1776117234
|switch|p1a: Zamazenta|Zamazenta|100/100
|-ability|p1a: Zamazenta|Dauntless Shield|boost
|-boost|p1a: Zamazenta|def|1
|turn|8
|
|t:|1776117239
|-terastallize|p2a: Weavile|Ghost
|move|p1a: Zamazenta|Iron Defense|p1a: Zamazenta
|-boost|p1a: Zamazenta|def|2
|move|p2a: Weavile|Triple Axel|p1a: Zamazenta
|-damage|p1a: Zamazenta|94/100
|-damage|p1a: Zamazenta|82/100
|-damage|p1a: Zamazenta|65/100
|-hitcount|p1a: Zamazenta|3
|
|-heal|p1a: Zamazenta|71/100|[from] item: Leftovers
|-sideend|p2: pokemonkorea co kr|move: Light Screen
|upkeep
|turn|9
|
|t:|1776117247
|move|p2a: Weavile|Triple Axel|p1a: Zamazenta
|-damage|p1a: Zamazenta|65/100
|-damage|p1a: Zamazenta|54/100
|-damage|p1a: Zamazenta|37/100
|-hitcount|p1a: Zamazenta|3
|move|p1a: Zamazenta|Roar|p2a: Weavile
|drag|p2a: Azumarill|Azumarill, M|100/100
|
|-heal|p1a: Zamazenta|43/100|[from] item: Leftovers
|upkeep
|turn|10
|
|t:|1776117257
|switch|p2a: Gholdengo|Gholdengo|100/100
|-item|p2a: Gholdengo|Air Balloon
|move|p1a: Zamazenta|Body Press|p2a: Gholdengo
|-immune|p2a: Gholdengo
|
|-heal|p1a: Zamazenta|49/100|[from] item: Leftovers
|upkeep
|turn|11
|
|t:|1776117261
|move|p1a: Zamazenta|Crunch|p2a: Gholdengo
|-supereffective|p2a: Gholdengo
|-damage|p2a: Gholdengo|55/100
|-enditem|p2a: Gholdengo|Air Balloon
|move|p2a: Gholdengo|Make It Rain|p1a: Zamazenta
|-damage|p1a: Zamazenta|0 fnt
|-unboost|p2a: Gholdengo|spa|1
|faint|p1a: Zamazenta
|
|upkeep
|
|t:|1776117270
|switch|p1a: Bellibolt|Bellibolt, M|100/100
|turn|12
|
|t:|1776117277
|switch|p2a: Deoxys|Deoxys-Speed|78/100
|-ability|p2a: Deoxys|Pressure
|move|p1a: Bellibolt|Parabolic Charge|p2a: Deoxys
|-damage|p2a: Deoxys|48/100
|
|upkeep
|turn|13
|
|t:|1776117281
|move|p2a: Deoxys|Reflect|p2a: Deoxys
|-sidestart|p2: pokemonkorea co kr|Reflect
|move|p1a: Bellibolt|Toxic|p2a: Deoxys
|-status|p2a: Deoxys|tox
|
|-damage|p2a: Deoxys|42/100 tox|[from] psn
|upkeep
|turn|14
|
|t:|1776117285
|move|p1a: Bellibolt|Soak|p2a: Deoxys
|-start|p2a: Deoxys|typechange|Water
|move|p2a: Deoxys|Teleport|p2a: Deoxys
|
|t:|1776117290
|switch|p2a: Glimmora|Glimmora, F|100/100|[from] Teleport
|
|upkeep
|turn|15
|
|t:|1776117296
|move|p2a: Glimmora|Mortal Spin|p1a: Bellibolt
|-damage|p1a: Bellibolt|95/100
|-status|p1a: Bellibolt|psn
|-start|p1a: Bellibolt|Charge|Mortal Spin|[from] ability: Electromorphosis
|move|p1a: Bellibolt|Soak|p2a: Glimmora
|-start|p2a: Glimmora|typechange|Water
|
|-damage|p1a: Bellibolt|82/100 psn|[from] psn
|upkeep
|turn|16
|
|t:|1776117302
|move|p2a: Glimmora|Stealth Rock|p1a: Bellibolt
|-sidestart|p1: Unwallable|move: Stealth Rock
|move|p1a: Bellibolt|Parabolic Charge|p2a: Glimmora
|-supereffective|p2a: Glimmora
|-enditem|p2a: Glimmora|Focus Sash
|-damage|p2a: Glimmora|1/100
|-heal|p1a: Bellibolt|100/100 psn|[from] drain|[of] p2a: Glimmora
|-end|p1a: Bellibolt|Charge|[silent]
|
|-damage|p1a: Bellibolt|88/100 psn|[from] psn
|upkeep
|turn|17
|
|t:|1776117307
|move|p2a: Glimmora|Earth Power|p1a: Bellibolt
|-supereffective|p1a: Bellibolt
|-damage|p1a: Bellibolt|49/100 psn
|-start|p1a: Bellibolt|Charge|Earth Power|[from] ability: Electromorphosis
|move|p1a: Bellibolt|Parabolic Charge|p2a: Glimmora
|-supereffective|p2a: Glimmora
|-damage|p2a: Glimmora|0 fnt
|-heal|p1a: Bellibolt|50/100 psn|[from] drain|[of] p2a: Glimmora
|faint|p2a: Glimmora
|-end|p1a: Bellibolt|Charge|[silent]
|
|-damage|p1a: Bellibolt|37/100 psn|[from] psn
|upkeep
|
|t:|1776117318
|switch|p2a: Weavile|Weavile, F, tera:Ghost|100/100
|-ability|p2a: Weavile|Pressure
|turn|18
|
|t:|1776117324
|move|p2a: Weavile|Knock Off|p1a: Bellibolt
|-damage|p1a: Bellibolt|0 fnt
|-enditem|p1a: Bellibolt|Custap Berry|[from] move: Knock Off|[of] p2a: Weavile
|faint|p1a: Bellibolt
|
|upkeep
|
|t:|1776117330
|switch|p1a: Landorus|Landorus-Therian, M|100/100
|-damage|p1a: Landorus|88/100|[from] Stealth Rock
|-ability|p1a: Landorus|Intimidate|boost
|-unboost|p2a: Weavile|atk|1
|turn|19
|
|t:|1776117334
|move|p2a: Weavile|Swords Dance|p2a: Weavile
|-boost|p2a: Weavile|atk|2
|move|p1a: Landorus|U-turn|p2a: Weavile
|-resisted|p2a: Weavile
|-damage|p2a: Weavile|92/100
|
|t:|1776117340
|switch|p1a: Kingambit|Kingambit, F|100/100|[from] U-turn
|-damage|p1a: Kingambit|94/100|[from] Stealth Rock
|-activate|p1a: Kingambit|ability: Supreme Overlord
|-start|p1a: Kingambit|fallen3|[silent]
|
|-heal|p1a: Kingambit|100/100|[from] item: Leftovers
|upkeep
|turn|20
|
|t:|1776117345
|move|p1a: Kingambit|Sucker Punch|p2a: Weavile
|-supereffective|p2a: Weavile
|-damage|p2a: Weavile|3/100
|move|p2a: Weavile|Knock Off|p1a: Kingambit
|-resisted|p1a: Kingambit
|-damage|p1a: Kingambit|76/100
|-enditem|p1a: Kingambit|Leftovers|[from] move: Knock Off|[of] p2a: Weavile
|
|-sideend|p2: pokemonkorea co kr|Reflect
|upkeep
|turn|21
|
|t:|1776117355
|move|p2a: Weavile|Triple Axel|p1a: Kingambit|[miss]
|-miss|p2a: Weavile|p1a: Kingambit
|move|p1a: Kingambit|Iron Head|p2a: Weavile
|-damage|p2a: Weavile|0 fnt
|faint|p2a: Weavile
|
|upkeep
|
|t:|1776117361
|switch|p2a: Deoxys|Deoxys-Speed|42/100 tox
|-ability|p2a: Deoxys|Pressure
|turn|22
|
|t:|1776117365
|move|p2a: Deoxys|Reflect|p2a: Deoxys
|-sidestart|p2: pokemonkorea co kr|Reflect
|move|p1a: Kingambit|Swords Dance|p1a: Kingambit
|-boost|p1a: Kingambit|atk|2
|
|-damage|p2a: Deoxys|36/100 tox|[from] psn
|upkeep
|turn|23
|
|t:|1776117369
|move|p1a: Kingambit|Swords Dance|p1a: Kingambit
|-boost|p1a: Kingambit|atk|2
|move|p2a: Deoxys|Teleport|p2a: Deoxys
|
|t:|1776117372
|switch|p2a: Azumarill|Azumarill, M|100/100|[from] Teleport
|
|upkeep
|turn|24
|
|t:|1776117374
|move|p2a: Azumarill|Play Rough|p1a: Kingambit
|-damage|p1a: Kingambit|36/100
|move|p1a: Kingambit|Iron Head|p2a: Azumarill
|-damage|p2a: Azumarill|0 fnt
|faint|p2a: Azumarill
|
|upkeep
|
|t:|1776117378
|switch|p2a: Gholdengo|Gholdengo|55/100
|turn|25
|
|t:|1776117381
|move|p1a: Kingambit|Sucker Punch||[still]
|-fail|p1a: Kingambit
|move|p2a: Gholdengo|Nasty Plot|p2a: Gholdengo
|-boost|p2a: Gholdengo|spa|2
|
|upkeep
|turn|26
|
|t:|1776117385
|move|p1a: Kingambit|Sucker Punch||[still]
|-fail|p1a: Kingambit
|move|p2a: Gholdengo|Nasty Plot|p2a: Gholdengo
|-boost|p2a: Gholdengo|spa|2
|
|upkeep
|turn|27
|
|t:|1776117387
|move|p1a: Kingambit|Sucker Punch||[still]
|-fail|p1a: Kingambit
|move|p2a: Gholdengo|Nasty Plot|p2a: Gholdengo
|-boost|p2a: Gholdengo|spa|2
|
|upkeep
|turn|28
|
|t:|1776117389
|move|p1a: Kingambit|Sucker Punch||[still]
|-fail|p1a: Kingambit
|move|p2a: Gholdengo|Nasty Plot|p2a: Gholdengo
|-boost|p2a: Gholdengo|spa|0
|
|upkeep
|turn|29
|
|t:|1776117392
|move|p1a: Kingambit|Sucker Punch||[still]
|-fail|p1a: Kingambit
|move|p2a: Gholdengo|Nasty Plot|p2a: Gholdengo
|-boost|p2a: Gholdengo|spa|0
|
|-sideend|p2: pokemonkorea co kr|Reflect
|upkeep
|turn|30
|
|t:|1776117395
|move|p2a: Gholdengo|Make It Rain|p1a: Kingambit
|-resisted|p1a: Kingambit
|-damage|p1a: Kingambit|0 fnt
|-unboost|p2a: Gholdengo|spa|1
|faint|p1a: Kingambit
|-end|p1a: Kingambit|fallen3|[silent]
|
|upkeep
|c|☆Unwallable|FUCK lol
|
|t:|1776117401
|switch|p1a: Landorus|Landorus-Therian, M|88/100
|-damage|p1a: Landorus|76/100|[from] Stealth Rock
|-ability|p1a: Landorus|Intimidate|boost
|-unboost|p2a: Gholdengo|atk|1
|turn|31
|
|t:|1776117407
|move|p1a: Landorus|Earth Power|p2a: Gholdengo
|-supereffective|p2a: Gholdengo
|-damage|p2a: Gholdengo|0 fnt
|faint|p2a: Gholdengo
|
|upkeep
|
|t:|1776117408
|switch|p2a: Deoxys|Deoxys-Speed|36/100 tox
|-ability|p2a: Deoxys|Pressure
|turn|32
|
|t:|1776117414
|move|p2a: Deoxys|Psycho Boost|p1a: Landorus
|-damage|p1a: Landorus|22/100
|-unboost|p2a: Deoxys|spa|2
|move|p1a: Landorus|Earth Power|p2a: Deoxys
|-damage|p2a: Deoxys|0 fnt
|faint|p2a: Deoxys
|
|win|Unwallable
|raw|Unwallable's rating: 1325 &rarr; <strong>1345</strong><br />(+20 for winning)
|raw|pokemonkorea co kr's rating: 1319 &rarr; <strong>1299</strong><br />(-20 for losing)
|l|☆Unwallable
|player|p1|
