|html|<div class="broadcast-blue"><strong>[Gen 9] OU is currently suspecting Volcarona! For information on how to participate check out the <a href="https://www.smogon.com/tools/suspects/view/208">suspect thread</a>.</strong></div>
|j|☆PickaxeDevil
|j|☆FrostBite13yes
|t:|1778506965
|gametype|singles
|player|p1|PickaxeDevil|266|1542
|player|p2|FrostBite13yes|2|1533
|gen|9
|tier|[Gen 9] OU
|rated|
|rule|HP Percentage Mod: HP is shown in percentages
|rule|Endless Battle Clause: Forcing endless battles is banned
|rule|Species Clause: Limit one of each Pokémon
|rule|OHKO Clause: OHKO moves are banned
|rule|Evasion Items Clause: Evasion items are banned
|rule|Evasion Moves Clause: Evasion moves are banned
|rule|Evasion Abilities Clause: Evasion abilities are banned
|rule|Sleep Moves Clause: Sleep-inducing moves are banned
|clearpoke
|poke|p1|Pelipper, M|
|poke|p1|Kingdra, F|
|poke|p1|Great Tusk|
|poke|p1|Raging Bolt|
|poke|p1|Gholdengo|
|poke|p1|Ogerpon-Wellspring, F|
|poke|p2|Pelipper, F|
|poke|p2|Barraskewda, F|
|poke|p2|Zapdos|
|poke|p2|Clodsire, F|
|poke|p2|Mandibuzz, F|
|poke|p2|Basculegion-F, F|
|teampreview
|
|t:|1778506978
|teamsize|p1|6
|teamsize|p2|6
|start
|switch|p1a: Ogerpon|Ogerpon-Wellspring, F|100/100
|switch|p2a: Clodsire|Clodsire, F, shiny|100/100
|turn|1
|
|t:|1778506982
|move|p1a: Ogerpon|Ivy Cudgel|p2a: Clodsire|[anim] Ivy Cudgel Water
|-immune|p2a: Clodsire|[from] ability: Water Absorb
|move|p2a: Clodsire|Toxic|p1a: Ogerpon
|-status|p1a: Ogerpon|tox
|
|-damage|p1a: Ogerpon|95/100 tox|[from] psn
|upkeep
|turn|2
|
|t:|1778506989
|switch|p2a: Mandibuzz|Mandibuzz, F, shiny|100/100
|move|p1a: Ogerpon|Horn Leech|p2a: Mandibuzz
|-resisted|p2a: Mandibuzz
|-damage|p2a: Mandibuzz|87/100
|-heal|p1a: Ogerpon|100/100 tox|[from] drain|[of] p2a: Mandibuzz
|
|-damage|p1a: Ogerpon|89/100 tox|[from] psn
|upkeep
|turn|3
|
|t:|1778506993
|move|p1a: Ogerpon|Play Rough|p2a: Mandibuzz
|-supereffective|p2a: Mandibuzz
|-damage|p2a: Mandibuzz|46/100
|move|p2a: Mandibuzz|U-turn|p1a: Ogerpon
|-supereffective|p1a: Ogerpon
|-damage|p1a: Ogerpon|59/100 tox
|
|t:|1778507003
|switch|p2a: Clodsire|Clodsire, F, shiny|100/100|[from] U-turn
|
|-damage|p1a: Ogerpon|41/100 tox|[from] psn
|upkeep
|turn|4
|
|t:|1778507007
|switch|p1a: Great Tusk|Great Tusk|100/100
|-enditem|p1a: Great Tusk|Booster Energy
|-activate|p1a: Great Tusk|ability: Protosynthesis|[fromitem]
|-start|p1a: Great Tusk|protosynthesisatk
|move|p2a: Clodsire|Stealth Rock|p1a: Great Tusk
|-sidestart|p1: PickaxeDevil|move: Stealth Rock
|
|upkeep
|turn|5
|
|t:|1778507014
|switch|p2a: Pelipper|Pelipper, F|100/100
|-weather|RainDance|[from] ability: Drizzle|[of] p2a: Pelipper
|move|p1a: Great Tusk|Stealth Rock|p2a: Pelipper
|-sidestart|p2: FrostBite13yes|move: Stealth Rock
|
|-weather|RainDance|[upkeep]
|upkeep
|turn|6
|
|t:|1778507020
|-end|p1a: Great Tusk|Protosynthesis|[silent]
|switch|p1a: Raging Bolt|Raging Bolt|100/100
|-damage|p1a: Raging Bolt|88/100|[from] Stealth Rock
|move|p2a: Pelipper|Hurricane|p1a: Raging Bolt
|-resisted|p1a: Raging Bolt
|-damage|p1a: Raging Bolt|75/100
|
|-weather|RainDance|[upkeep]
|-heal|p1a: Raging Bolt|81/100|[from] item: Leftovers
|upkeep
|turn|7
|
|t:|1778507026
|switch|p2a: Clodsire|Clodsire, F, shiny|100/100
|-damage|p2a: Clodsire|94/100|[from] Stealth Rock
|move|p1a: Raging Bolt|Draco Meteor|p2a: Clodsire|[miss]
|-miss|p1a: Raging Bolt|p2a: Clodsire
|
|-weather|RainDance|[upkeep]
|-heal|p1a: Raging Bolt|87/100|[from] item: Leftovers
|-heal|p2a: Clodsire|100/100|[from] item: Black Sludge
|upkeep
|turn|8
|
|t:|1778507037
|move|p1a: Raging Bolt|Draco Meteor|p2a: Clodsire
|-damage|p2a: Clodsire|57/100
|-unboost|p1a: Raging Bolt|spa|2
|move|p2a: Clodsire|Toxic|p1a: Raging Bolt
|-status|p1a: Raging Bolt|tox
|
|-weather|RainDance|[upkeep]
|-heal|p1a: Raging Bolt|93/100 tox|[from] item: Leftovers
|-heal|p2a: Clodsire|63/100|[from] item: Black Sludge
|-damage|p1a: Raging Bolt|87/100 tox|[from] psn
|upkeep
|turn|9
|
|t:|1778507041
|-end|p1a: Raging Bolt|Protosynthesis|[silent]
|switch|p1a: Gholdengo|Gholdengo|100/100
|-damage|p1a: Gholdengo|94/100|[from] Stealth Rock
|move|p2a: Clodsire|Toxic|p1a: Gholdengo
|-immune|p1a: Gholdengo|[from] ability: Good as Gold
|
|-weather|RainDance|[upkeep]
|-heal|p2a: Clodsire|69/100|[from] item: Black Sludge
|upkeep
|turn|10
|
|t:|1778507055
|move|p1a: Gholdengo|Psyshock|p2a: Clodsire
|-supereffective|p2a: Clodsire
|-damage|p2a: Clodsire|5/100
|move|p2a: Clodsire|Earthquake|p1a: Gholdengo
|-supereffective|p1a: Gholdengo
|-damage|p1a: Gholdengo|28/100
|
|-weather|RainDance|[upkeep]
|-heal|p2a: Clodsire|12/100|[from] item: Black Sludge
|upkeep
|turn|11
|
|t:|1778507060
|-terastallize|p2a: Clodsire|Dark
|move|p1a: Gholdengo|Psyshock|p2a: Clodsire
|-immune|p2a: Clodsire
|move|p2a: Clodsire|Recover|p2a: Clodsire
|-heal|p2a: Clodsire|62/100
|
|-weather|RainDance|[upkeep]
|-damage|p2a: Clodsire|49/100|[from] item: Black Sludge
|upkeep
|turn|12
|
|t:|1778507074
|switch|p1a: Great Tusk|Great Tusk|100/100
|-damage|p1a: Great Tusk|98/100|[from] Stealth Rock
|move|p2a: Clodsire|Recover|p2a: Clodsire
|-heal|p2a: Clodsire|99/100
|
|-weather|none
|-damage|p2a: Clodsire|87/100|[from] item: Black Sludge
|upkeep
|turn|13
|
|t:|1778507078
|move|p1a: Great Tusk|Earthquake|p2a: Clodsire
|-damage|p2a: Clodsire|25/100
|move|p2a: Clodsire|Toxic|p1a: Great Tusk
|-status|p1a: Great Tusk|tox
|
|-damage|p2a: Clodsire|13/100|[from] item: Black Sludge
|-damage|p1a: Great Tusk|91/100 tox|[from] psn
|upkeep
|turn|14
|
|t:|1778507084
|move|p1a: Great Tusk|Rapid Spin|p2a: Clodsire
|-damage|p2a: Clodsire|0 fnt
|-boost|p1a: Great Tusk|spe|1
|-sideend|p1: PickaxeDevil|Stealth Rock|[from] move: Rapid Spin|[of] p1a: Great Tusk
|faint|p2a: Clodsire
|
|-damage|p1a: Great Tusk|79/100 tox|[from] psn
|upkeep
|
|t:|1778507090
|switch|p2a: Mandibuzz|Mandibuzz, F, shiny|46/100
|turn|15
|
|t:|1778507092
|move|p1a: Great Tusk|Close Combat|p2a: Mandibuzz
|-damage|p2a: Mandibuzz|13/100
|-unboost|p1a: Great Tusk|def|1
|-unboost|p1a: Great Tusk|spd|1
|move|p2a: Mandibuzz|Roost|p2a: Mandibuzz
|-heal|p2a: Mandibuzz|63/100
|-singleturn|p2a: Mandibuzz|move: Roost
|
|-damage|p1a: Great Tusk|60/100 tox|[from] psn
|upkeep
|turn|16
|
|t:|1778507105
|-end|p1a: Great Tusk|Protosynthesis|[silent]
|switch|p1a: Gholdengo|Gholdengo|28/100
|move|p2a: Mandibuzz|Defog|p1a: Gholdengo
|-immune|p1a: Gholdengo|[from] ability: Good as Gold
|
|upkeep
|turn|17
|
|t:|1778507108
|move|p1a: Gholdengo|Trick|p2a: Mandibuzz
|-activate|p1a: Gholdengo|move: Trick|[of] p2a: Mandibuzz
|-item|p2a: Mandibuzz|Choice Scarf|[from] move: Trick
|-item|p1a: Gholdengo|Heavy-Duty Boots|[from] move: Trick
|move|p2a: Mandibuzz|Roost|p2a: Mandibuzz
|-heal|p2a: Mandibuzz|100/100
|-singleturn|p2a: Mandibuzz|move: Roost
|
|upkeep
|turn|18
|
|t:|1778507115
|switch|p2a: Pelipper|Pelipper, F|100/100
|-damage|p2a: Pelipper|76/100|[from] Stealth Rock
|-weather|RainDance|[from] ability: Drizzle|[of] p2a: Pelipper
|switch|p1a: Pelipper|Pelipper, M|100/100
|
|-weather|RainDance|[upkeep]
|upkeep
|turn|19
|
|t:|1778507119
|move|p2a: Pelipper|U-turn|p1a: Pelipper
|-resisted|p1a: Pelipper
|-damage|p1a: Pelipper|97/100
|
|t:|1778507124
|switch|p2a: Zapdos|Zapdos|100/100|[from] U-turn
|-damage|p2a: Zapdos|76/100|[from] Stealth Rock
|move|p1a: Pelipper|Tailwind|p1a: Pelipper
|-sidestart|p1: PickaxeDevil|move: Tailwind
|
|-weather|RainDance|[upkeep]
|upkeep
|turn|20
|
|t:|1778507128
|switch|p1a: Raging Bolt|Raging Bolt|87/100 tox
|move|p2a: Zapdos|Hurricane|p1a: Raging Bolt
|-resisted|p1a: Raging Bolt
|-damage|p1a: Raging Bolt|56/100 tox
|-start|p1a: Raging Bolt|confusion
|-damage|p2a: Zapdos|66/100|[from] item: Life Orb
|
|-weather|RainDance|[upkeep]
|-heal|p1a: Raging Bolt|62/100 tox|[from] item: Leftovers
|-damage|p1a: Raging Bolt|56/100 tox|[from] psn
|upkeep
|turn|21
|
|t:|1778507141
|-activate|p1a: Raging Bolt|confusion
|move|p1a: Raging Bolt|Thunder|p2a: Zapdos
|-damage|p2a: Zapdos|0 fnt
|faint|p2a: Zapdos
|
|-weather|RainDance|[upkeep]
|-heal|p1a: Raging Bolt|62/100 tox|[from] item: Leftovers
|-damage|p1a: Raging Bolt|50/100 tox|[from] psn
|upkeep
|
|t:|1778507149
|switch|p2a: Barraskewda|Barraskewda, F|100/100
|-damage|p2a: Barraskewda|88/100|[from] Stealth Rock
|turn|22
|
|t:|1778507154
|switch|p2a: Mandibuzz|Mandibuzz, F, shiny|100/100
|-damage|p2a: Mandibuzz|76/100|[from] Stealth Rock
|-activate|p1a: Raging Bolt|confusion
|move|p1a: Raging Bolt|Thunderclap||[still]
|-fail|p1a: Raging Bolt
|
|-weather|RainDance|[upkeep]
|-heal|p1a: Raging Bolt|56/100 tox|[from] item: Leftovers
|-damage|p1a: Raging Bolt|38/100 tox|[from] psn
|-sideend|p1: PickaxeDevil|move: Tailwind
|upkeep
|turn|23
|
|t:|1778507162
|move|p2a: Mandibuzz|Foul Play|p1a: Raging Bolt
|-crit|p1a: Raging Bolt
|-damage|p1a: Raging Bolt|10/100 tox
|-end|p1a: Raging Bolt|confusion
|move|p1a: Raging Bolt|Thunder|p2a: Mandibuzz
|-supereffective|p2a: Mandibuzz
|-damage|p2a: Mandibuzz|0 fnt
|faint|p2a: Mandibuzz
|
|-weather|RainDance|[upkeep]
|-heal|p1a: Raging Bolt|16/100 tox|[from] item: Leftovers
|-damage|p1a: Raging Bolt|0 fnt|[from] psn
|faint|p1a: Raging Bolt
|-end|p1a: Raging Bolt|Protosynthesis|[silent]
|upkeep
|
|t:|1778507173
|switch|p2a: Barraskewda|Barraskewda, F|88/100
|switch|p1a: Great Tusk|Great Tusk|60/100 tox
|-damage|p2a: Barraskewda|76/100|[from] Stealth Rock
|turn|24
|
|t:|1778507178
|-end|p1a: Great Tusk|Protosynthesis|[silent]
|switch|p1a: Ogerpon|Ogerpon-Wellspring, F|41/100 tox
|move|p2a: Barraskewda|Close Combat|p1a: Ogerpon
|-damage|p1a: Ogerpon|0 fnt
|-unboost|p2a: Barraskewda|def|1
|-unboost|p2a: Barraskewda|spd|1
|faint|p1a: Ogerpon
|-damage|p2a: Barraskewda|66/100|[from] item: Life Orb
|
|-weather|RainDance|[upkeep]
|upkeep
|
|t:|1778507189
|switch|p1a: Gholdengo|Gholdengo|28/100
|turn|25
|
|t:|1778507196
|switch|p1a: Great Tusk|Great Tusk|60/100 tox
|move|p2a: Barraskewda|Liquidation|p1a: Great Tusk
|-supereffective|p1a: Great Tusk
|-damage|p1a: Great Tusk|0 fnt
|faint|p1a: Great Tusk
|-end|p1a: Great Tusk|Protosynthesis|[silent]
|-damage|p2a: Barraskewda|56/100|[from] item: Life Orb
|
|-weather|none
|upkeep
|
|t:|1778507198
|switch|p1a: Gholdengo|Gholdengo|28/100
|turn|26
|
|t:|1778507203
|move|p2a: Barraskewda|Liquidation|p1a: Gholdengo
|-damage|p1a: Gholdengo|0 fnt
|faint|p1a: Gholdengo
|-damage|p2a: Barraskewda|46/100|[from] item: Life Orb
|
|upkeep
|
|t:|1778507218
|switch|p1a: Pelipper|Pelipper, M|97/100
|-weather|RainDance|[from] ability: Drizzle|[of] p1a: Pelipper
|turn|27
|
|t:|1778507228
|move|p2a: Barraskewda|Flip Turn|p1a: Pelipper
|-resisted|p1a: Pelipper
|-damage|p1a: Pelipper|71/100
|-damage|p2a: Barraskewda|36/100|[from] item: Life Orb
|
|t:|1778507231
|switch|p2a: Pelipper|Pelipper, F|76/100|[from] Flip Turn
|-damage|p2a: Pelipper|51/100|[from] Stealth Rock
|move|p1a: Pelipper|Hurricane|p2a: Pelipper
|-damage|p2a: Pelipper|15/100
|
|-weather|RainDance|[upkeep]
|upkeep
|turn|28
|
|t:|1778507238
|move|p2a: Pelipper|Hurricane|p1a: Pelipper
|-damage|p1a: Pelipper|21/100
|move|p1a: Pelipper|Hurricane|p2a: Pelipper
|-damage|p2a: Pelipper|0 fnt
|faint|p2a: Pelipper
|
|-weather|RainDance|[upkeep]
|upkeep
|
|t:|1778507247
|switch|p2a: Barraskewda|Barraskewda, F|36/100
|-damage|p2a: Barraskewda|24/100|[from] Stealth Rock
|turn|29
|
|t:|1778507253
|move|p2a: Barraskewda|Poison Jab|p1a: Pelipper
|-damage|p1a: Pelipper|0 fnt
|faint|p1a: Pelipper
|-damage|p2a: Barraskewda|14/100|[from] item: Life Orb
|
|-weather|RainDance|[upkeep]
|upkeep
|
|t:|1778507255
|switch|p1a: Kingdra|Kingdra, F|100/100
|turn|30
|
|t:|1778507260
|move|p2a: Barraskewda|Close Combat|p1a: Kingdra
|-damage|p1a: Kingdra|25/100
|-unboost|p2a: Barraskewda|def|1
|-unboost|p2a: Barraskewda|spd|1
|-damage|p2a: Barraskewda|4/100|[from] item: Life Orb
|move|p1a: Kingdra|Hurricane|p2a: Barraskewda
|-damage|p2a: Barraskewda|0 fnt
|faint|p2a: Barraskewda
|-damage|p1a: Kingdra|15/100|[from] item: Life Orb
|
|-weather|RainDance|[upkeep]
|upkeep
|
|t:|1778507264
|switch|p2a: Basculegion|Basculegion-F, F|100/100
|-damage|p2a: Basculegion|88/100|[from] Stealth Rock
|turn|31
|
|t:|1778507270
|-terastallize|p1a: Kingdra|Water
|move|p1a: Kingdra|Weather Ball|p2a: Basculegion
|-resisted|p2a: Basculegion
|-damage|p2a: Basculegion|20/100
|-damage|p1a: Kingdra|5/100|[from] item: Life Orb
|move|p2a: Basculegion|Shadow Ball|p1a: Kingdra
|-damage|p1a: Kingdra|0 fnt
|faint|p1a: Kingdra
|
|win|FrostBite13yes
|raw|PickaxeDevil's rating: 1542 &rarr; <strong>1521</strong><br />(-21 for losing)
|raw|FrostBite13yes's rating: 1533 &rarr; <strong>1554</strong><br />(+21 for winning)
|l|☆PickaxeDevil
|player|p1|
