|html|<div class="broadcast-blue"><strong>[Gen 9] OU is currently suspecting Tera Blast! For information on how to participate check out the <a href="https://www.smogon.com/tools/suspects/view/200">suspect thread</a>.</strong></div>
|j|☆EMVV
|j|☆Pikapikadro
|t:|1776044613
|gametype|singles
|player|p1|EMVV|gambler|1103
|player|p2|Pikapikadro|swimmer-gen4dp|1116
|gen|9
|tier|[Gen 9] OU
|rated|
|rule|HP Percentage Mod: HP is shown in percentages
|rule|Endless Battle Clause: Forcing endless battles is banned
|rule|Species Clause: Limit one of each Pokémon
|rule|OHKO Clause: OHKO moves are banned
|rule|Evasion Items Clause: Evasion items are banned
|rule|Evasion Moves Clause: Evasion moves are banned
|rule|Evasion Abilities Clause: Evasion abilities are banned
|rule|Sleep Moves Clause: Sleep-inducing moves are banned
|clearpoke
|poke|p1|Chesnaught, M|
|poke|p1|Gliscor, F|
|poke|p1|Primarina, M|
|poke|p1|Corviknight, F|
|poke|p1|Goodra, M|
|poke|p1|Houndoom, M|
|poke|p2|Ninetales-Alola, M|
|poke|p2|Charizard, F|
|poke|p2|Hawlucha, F|
|poke|p2|Dragonite, M|
|poke|p2|Talonflame, F|
|poke|p2|Pikachu-Original, M|
|teampreview
|inactive|Battle timer is ON: inactive players will automatically lose when time's up. (requested by EMVV)
|
|t:|1776044628
|teamsize|p1|6
|teamsize|p2|6
|start
|switch|p1a: Gliscor|Gliscor, F|100/100
|switch|p2a: Ninetales|Ninetales-Alola, M|100/100
|-weather|Snowscape|[from] ability: Snow Warning|[of] p2a: Ninetales
|turn|1
|
|t:|1776044637
|move|p1a: Gliscor|Protect|p1a: Gliscor
|-singleturn|p1a: Gliscor|Protect
|move|p2a: Ninetales|Aurora Veil|p2a: Ninetales
|-sidestart|p2: Pikapikadro|move: Aurora Veil
|
|-weather|Snowscape|[upkeep]
|-status|p1a: Gliscor|tox|[from] item: Toxic Orb
|upkeep
|turn|2
|
|t:|1776044645
|switch|p1a: Houndoom|Houndoom, M|100/100
|move|p2a: Ninetales|Ice Beam|p1a: Houndoom
|-resisted|p1a: Houndoom
|-damage|p1a: Houndoom|73/100
|
|-weather|Snowscape|[upkeep]
|upkeep
|turn|3
|
|t:|1776044667
|switch|p1a: Primarina|Primarina, M|100/100
|move|p2a: Ninetales|Moonblast|p1a: Primarina
|-damage|p1a: Primarina|69/100
|-unboost|p1a: Primarina|spa|1
|
|-weather|Snowscape|[upkeep]
|-heal|p1a: Primarina|75/100|[from] item: Leftovers
|upkeep
|turn|4
|
|t:|1776044678
|move|p2a: Ninetales|Calm Mind|p2a: Ninetales
|-boost|p2a: Ninetales|spa|1
|-boost|p2a: Ninetales|spd|1
|move|p1a: Primarina|Haze|p1a: Primarina
|-clearallboost
|
|-weather|Snowscape|[upkeep]
|-heal|p1a: Primarina|81/100|[from] item: Leftovers
|upkeep
|turn|5
|
|t:|1776044687
|move|p2a: Ninetales|Moonblast|p1a: Primarina
|-damage|p1a: Primarina|48/100
|move|p1a: Primarina|Hyper Voice|p2a: Ninetales
|-damage|p2a: Ninetales|74/100
|
|-weather|none
|-heal|p1a: Primarina|54/100|[from] item: Leftovers
|-sideend|p2: Pikapikadro|move: Aurora Veil
|upkeep
|turn|6
|
|t:|1776044698
|switch|p2a: Pikachu|Pikachu-Original, M|100/100
|switch|p1a: Corviknight|Corviknight, F|100/100
|
|upkeep
|turn|7
|
|t:|1776044711
|switch|p1a: Gliscor|Gliscor, F|100/100 tox
|move|p2a: Pikachu|Surf|p1a: Gliscor
|-supereffective|p1a: Gliscor
|-damage|p1a: Gliscor|8/100 tox
|
|-heal|p1a: Gliscor|20/100 tox|[from] ability: Poison Heal
|upkeep
|turn|8
|
|t:|1776044721
|move|p1a: Gliscor|Protect|p1a: Gliscor
|-singleturn|p1a: Gliscor|Protect
|move|p2a: Pikachu|Iron Tail|p1a: Gliscor
|-activate|p1a: Gliscor|move: Protect
|
|-heal|p1a: Gliscor|32/100 tox|[from] ability: Poison Heal
|upkeep
|turn|9
|
|t:|1776044729
|move|p1a: Gliscor|Earthquake|p2a: Pikachu
|-supereffective|p2a: Pikachu
|-damage|p2a: Pikachu|0 fnt
|faint|p2a: Pikachu
|
|-heal|p1a: Gliscor|45/100 tox|[from] ability: Poison Heal
|upkeep
|
|t:|1776044738
|switch|p2a: Ninetales|Ninetales-Alola, M|74/100
|-weather|Snowscape|[from] ability: Snow Warning|[of] p2a: Ninetales
|turn|10
|
|t:|1776044744
|switch|p1a: Houndoom|Houndoom, M|73/100
|move|p2a: Ninetales|Aurora Veil|p2a: Ninetales
|-sidestart|p2: Pikapikadro|move: Aurora Veil
|
|-weather|Snowscape|[upkeep]
|upkeep
|turn|11
|
|t:|1776044755
|switch|p2a: Hawlucha|Hawlucha, F|100/100
|-ability|p2a: Hawlucha|Mold Breaker
|move|p1a: Houndoom|Flamethrower|p2a: Hawlucha
|-damage|p2a: Hawlucha|66/100
|-status|p2a: Hawlucha|brn
|
|-weather|Snowscape|[upkeep]
|-damage|p2a: Hawlucha|60/100 brn|[from] brn
|upkeep
|turn|12
|
|t:|1776044768
|switch|p1a: Corviknight|Corviknight, F|100/100
|move|p2a: Hawlucha|Cross Chop|p1a: Corviknight
|-damage|p1a: Corviknight|88/100
|
|-weather|Snowscape|[upkeep]
|-heal|p1a: Corviknight|94/100|[from] item: Leftovers
|-damage|p2a: Hawlucha|54/100 brn|[from] brn
|upkeep
|turn|13
|
|t:|1776044785
|switch|p2a: Charizard|Charizard, F, shiny|100/100
|move|p1a: Corviknight|U-turn|p2a: Charizard
|-resisted|p2a: Charizard
|-damage|p2a: Charizard|98/100
|
|t:|1776044793
|switch|p1a: Gliscor|Gliscor, F|45/100 tox|[from] U-turn
|
|-weather|Snowscape|[upkeep]
|-heal|p1a: Gliscor|57/100 tox|[from] ability: Poison Heal
|upkeep
|turn|14
|
|t:|1776044805
|move|p1a: Gliscor|Protect|p1a: Gliscor
|-singleturn|p1a: Gliscor|Protect
|move|p2a: Charizard|Air Slash|p1a: Gliscor
|-activate|p1a: Gliscor|move: Protect
|
|-weather|none
|-heal|p1a: Gliscor|70/100 tox|[from] ability: Poison Heal
|-sideend|p2: Pikapikadro|move: Aurora Veil
|upkeep
|turn|15
|
|t:|1776044814
|move|p2a: Charizard|Air Slash|p1a: Gliscor
|-crit|p1a: Gliscor
|-damage|p1a: Gliscor|0 fnt
|faint|p1a: Gliscor
|
|upkeep
|
|t:|1776044819
|switch|p1a: Primarina|Primarina, M|54/100
|turn|16
|
|t:|1776044823
|move|p2a: Charizard|Sunny Day|p2a: Charizard
|-weather|SunnyDay
|move|p1a: Primarina|Hyper Voice|p2a: Charizard
|-supereffective|p2a: Charizard
|-damage|p2a: Charizard|38/100
|
|-weather|SunnyDay|[upkeep]
|-damage|p2a: Charizard|25/100|[from] ability: Solar Power|[of] p2a: Charizard
|-heal|p1a: Primarina|60/100|[from] item: Leftovers
|upkeep
|turn|17
|
|t:|1776044834
|move|p2a: Charizard|Air Slash|p1a: Primarina
|-damage|p1a: Primarina|19/100
|move|p1a: Primarina|Hyper Voice|p2a: Charizard
|-supereffective|p2a: Charizard
|-damage|p2a: Charizard|0 fnt
|faint|p2a: Charizard
|
|-weather|SunnyDay|[upkeep]
|-heal|p1a: Primarina|25/100|[from] item: Leftovers
|upkeep
|
|t:|1776044844
|switch|p2a: Talonflame|Talonflame, F|100/100
|turn|18
|
|t:|1776044849
|switch|p1a: Houndoom|Houndoom, M|73/100
|move|p2a: Talonflame|Brave Bird|p1a: Houndoom
|-damage|p1a: Houndoom|0 fnt
|faint|p1a: Houndoom
|-damage|p2a: Talonflame|77/100|[from] Recoil
|
|-weather|SunnyDay|[upkeep]
|upkeep
|
|t:|1776044855
|switch|p1a: Goodra|Goodra, M|100/100
|turn|19
|
|t:|1776044863
|move|p2a: Talonflame|Brave Bird|p1a: Goodra
|-damage|p1a: Goodra|39/100
|-damage|p2a: Talonflame|51/100|[from] Recoil
|move|p1a: Goodra|Sludge Wave|p2a: Talonflame
|-damage|p2a: Talonflame|11/100
|-enditem|p2a: Talonflame|Salac Berry|[eat]
|-boost|p2a: Talonflame|spe|1|[from] item: Salac Berry
|
|-weather|SunnyDay|[upkeep]
|upkeep
|turn|20
|
|t:|1776044875
|move|p2a: Talonflame|Brave Bird|p1a: Goodra
|-damage|p1a: Goodra|0 fnt
|faint|p1a: Goodra
|-damage|p2a: Talonflame|0 fnt|[from] Recoil
|faint|p2a: Talonflame
|
|-weather|none
|upkeep
|
|t:|1776044886
|switch|p2a: Ninetales|Ninetales-Alola, M|74/100
|switch|p1a: Corviknight|Corviknight, F|94/100
|-weather|Snowscape|[from] ability: Snow Warning|[of] p2a: Ninetales
|turn|21
|
|t:|1776044893
|move|p2a: Ninetales|Aurora Veil|p2a: Ninetales
|-sidestart|p2: Pikapikadro|move: Aurora Veil
|move|p1a: Corviknight|Brave Bird|p2a: Ninetales
|-damage|p2a: Ninetales|59/100
|-damage|p1a: Corviknight|91/100|[from] Recoil
|
|-weather|Snowscape|[upkeep]
|-heal|p1a: Corviknight|97/100|[from] item: Leftovers
|upkeep
|turn|22
|
|t:|1776044902
|move|p2a: Ninetales|Calm Mind|p2a: Ninetales
|-boost|p2a: Ninetales|spa|1
|-boost|p2a: Ninetales|spd|1
|move|p1a: Corviknight|Defog|p2a: Ninetales
|-unboost|p2a: Ninetales|evasion|1
|-sideend|p2: Pikapikadro|move: Aurora Veil
|
|-weather|Snowscape|[upkeep]
|-heal|p1a: Corviknight|100/100|[from] item: Leftovers
|upkeep
|turn|23
|
|t:|1776044918
|move|p2a: Ninetales|Ice Beam|p1a: Corviknight
|-damage|p1a: Corviknight|49/100
|move|p1a: Corviknight|Brave Bird|p2a: Ninetales
|-damage|p2a: Ninetales|29/100
|-damage|p1a: Corviknight|42/100|[from] Recoil
|
|-weather|Snowscape|[upkeep]
|-heal|p1a: Corviknight|49/100|[from] item: Leftovers
|upkeep
|turn|24
|
|t:|1776044930
|move|p2a: Ninetales|Ice Beam|p1a: Corviknight
|-damage|p1a: Corviknight|0 fnt
|faint|p1a: Corviknight
|
|-weather|Snowscape|[upkeep]
|upkeep
|-message|EMVV forfeited.
|
|win|Pikapikadro
|raw|EMVV's rating: 1103 &rarr; <strong>1079</strong><br />(-24 for losing)
|raw|Pikapikadro's rating: 1116 &rarr; <strong>1140</strong><br />(+24 for winning)
|l|☆Pikapikadro
|player|p2|
|l|☆EMVV
|player|p1|
