|html|<div class="broadcast-blue"><strong>[Gen 9] OU is currently suspecting Tera Blast! For information on how to participate check out the <a href="https://www.smogon.com/tools/suspects/view/200">suspect thread</a>.</strong></div>
|j|☆Hereditary Art
|j|☆tset 19
|t:|1776103579
|gametype|singles
|player|p1|Hereditary Art|1|1553
|player|p2|tset 19|pokemonbreeder|1544
|gen|9
|tier|[Gen 9] OU
|rated|
|rule|HP Percentage Mod: HP is shown in percentages
|rule|Endless Battle Clause: Forcing endless battles is banned
|rule|Species Clause: Limit one of each Pokémon
|rule|OHKO Clause: OHKO moves are banned
|rule|Evasion Items Clause: Evasion items are banned
|rule|Evasion Moves Clause: Evasion moves are banned
|rule|Evasion Abilities Clause: Evasion abilities are banned
|rule|Sleep Moves Clause: Sleep-inducing moves are banned
|clearpoke
|poke|p1|Alomomola, F|
|poke|p1|Gliscor, F|
|poke|p1|Clodsire, F|
|poke|p1|Blissey, F|
|poke|p1|Dondozo, F|
|poke|p1|Corviknight, F|
|poke|p2|Pelipper, M|
|poke|p2|Kingdra, M|
|poke|p2|Garganacl, M|
|poke|p2|Corviknight, M|
|poke|p2|Cinderace, F|
|poke|p2|Barraskewda, F|
|teampreview
|inactive|Battle timer is ON: inactive players will automatically lose when time's up. (requested by Hereditary Art)
|
|t:|1776103597
|teamsize|p1|6
|teamsize|p2|6
|start
|switch|p1a: Gliscor|Gliscor, F|100/100
|switch|p2a: The French|Barraskewda, F, shiny|100/100
|turn|1
|
|t:|1776103613
|move|p1a: Gliscor|Protect|p1a: Gliscor
|-singleturn|p1a: Gliscor|Protect
|move|p2a: The French|Liquidation|p1a: Gliscor
|-activate|p1a: Gliscor|move: Protect
|
|-status|p1a: Gliscor|tox|[from] item: Toxic Orb
|upkeep
|turn|2
|
|t:|1776103633
|switch|p2a: Garganacl|Garganacl, M, shiny|100/100
|switch|p1a: Alomomola|Alomomola, F|100/100
|
|upkeep
|turn|3
|
|t:|1776103637
|move|p1a: Alomomola|Scald|p2a: Garganacl
|-supereffective|p2a: Garganacl
|-damage|p2a: Garganacl|83/100
|move|p2a: Garganacl|Salt Cure|p1a: Alomomola
|-damage|p1a: Alomomola|92/100
|-start|p1a: Alomomola|Salt Cure
|
|-heal|p2a: Garganacl|89/100|[from] item: Leftovers
|-damage|p1a: Alomomola|67/100|[from] Salt Cure
|upkeep
|turn|4
|
|t:|1776103641
|switch|p1a: Gliscor|Gliscor, F|100/100 tox
|move|p2a: Garganacl|Protect||[still]
|-fail|p2a: Garganacl
|
|-heal|p2a: Garganacl|95/100|[from] item: Leftovers
|upkeep
|turn|5
|
|t:|1776103643
|move|p1a: Gliscor|Knock Off|p2a: Garganacl
|-damage|p2a: Garganacl|81/100
|-enditem|p2a: Garganacl|Leftovers|[from] move: Knock Off|[of] p1a: Gliscor
|move|p2a: Garganacl|Stealth Rock|p1a: Gliscor
|-sidestart|p1: Hereditary Art|move: Stealth Rock
|
|upkeep
|turn|6
|
|t:|1776103650
|switch|p2a: DraKing|Kingdra, M, shiny|100/100
|move|p1a: Gliscor|Protect||[still]
|-fail|p1a: Gliscor
|
|upkeep
|turn|7
|
|t:|1776103656
|switch|p2a: Lola|Cinderace, F, shiny|100/100
|move|p1a: Gliscor|Protect||[still]
|-fail|p1a: Gliscor
|
|upkeep
|turn|8
|
|t:|1776103660
|move|p2a: Lola|U-turn|p1a: Gliscor
|-resisted|p1a: Gliscor
|-damage|p1a: Gliscor|95/100 tox
|
|t:|1776103662
|switch|p2a: DraKing|Kingdra, M, shiny|100/100|[from] U-turn
|move|p1a: Gliscor|Knock Off|p2a: DraKing
|-damage|p2a: DraKing|73/100
|-enditem|p2a: DraKing|Choice Specs|[from] move: Knock Off|[of] p1a: Gliscor
|
|-heal|p1a: Gliscor|100/100 tox|[from] ability: Poison Heal
|upkeep
|turn|9
|
|t:|1776103669
|move|p1a: Gliscor|Protect|p1a: Gliscor
|-singleturn|p1a: Gliscor|Protect
|move|p2a: DraKing|Surf|p1a: Gliscor
|-activate|p1a: Gliscor|move: Protect
|
|upkeep
|turn|10
|
|t:|1776103672
|switch|p1a: Blissey|Blissey, F|100/100
|move|p2a: DraKing|Surf|p1a: Blissey
|-crit|p1a: Blissey
|-damage|p1a: Blissey|81/100
|
|upkeep
|turn|11
|
|t:|1776103677
|switch|p2a: Lola|Cinderace, F, shiny|100/100
|move|p1a: Blissey|Stealth Rock|p2a: Lola
|-sidestart|p2: tset 19|move: Stealth Rock
|
|upkeep
|turn|12
|
|t:|1776103679
|switch|p1a: Gliscor|Gliscor, F|100/100 tox
|-damage|p1a: Gliscor|88/100 tox|[from] Stealth Rock
|move|p2a: Lola|Pyro Ball|p1a: Gliscor
|-damage|p1a: Gliscor|62/100 tox
|
|-heal|p1a: Gliscor|75/100 tox|[from] ability: Poison Heal
|upkeep
|turn|13
|
|t:|1776103683
|move|p1a: Gliscor|Protect|p1a: Gliscor
|-singleturn|p1a: Gliscor|Protect
|move|p2a: Lola|Pyro Ball|p1a: Gliscor
|-activate|p1a: Gliscor|move: Protect
|
|-heal|p1a: Gliscor|87/100 tox|[from] ability: Poison Heal
|upkeep
|turn|14
|
|t:|1776103686
|move|p2a: Lola|Pyro Ball|p1a: Gliscor
|-damage|p1a: Gliscor|60/100 tox
|move|p1a: Gliscor|Knock Off|p2a: Lola
|-damage|p2a: Lola|75/100
|-enditem|p2a: Lola|Heavy-Duty Boots|[from] move: Knock Off|[of] p1a: Gliscor
|
|-heal|p1a: Gliscor|72/100 tox|[from] ability: Poison Heal
|upkeep
|turn|15
|
|t:|1776103689
|move|p1a: Gliscor|Protect|p1a: Gliscor
|-singleturn|p1a: Gliscor|Protect
|move|p2a: Lola|Pyro Ball|p1a: Gliscor
|-activate|p1a: Gliscor|move: Protect
|
|-heal|p1a: Gliscor|85/100 tox|[from] ability: Poison Heal
|upkeep
|turn|16
|
|t:|1776103692
|move|p2a: Lola|Pyro Ball|p1a: Gliscor|[miss]
|-miss|p2a: Lola|p1a: Gliscor
|move|p1a: Gliscor|Toxic|p2a: Lola|[miss]
|-miss|p1a: Gliscor|p2a: Lola
|
|-heal|p1a: Gliscor|97/100 tox|[from] ability: Poison Heal
|upkeep
|turn|17
|
|t:|1776103695
|move|p2a: Lola|U-turn|p1a: Gliscor
|-resisted|p1a: Gliscor
|-damage|p1a: Gliscor|91/100 tox
|
|t:|1776103707
|switch|p2a: Doja Storm|Pelipper, M, shiny|100/100|[from] U-turn
|-damage|p2a: Doja Storm|76/100|[from] Stealth Rock
|-weather|RainDance|[from] ability: Drizzle|[of] p2a: Doja Storm
|move|p1a: Gliscor|Toxic|p2a: Doja Storm
|-status|p2a: Doja Storm|tox
|
|-weather|RainDance|[upkeep]
|-heal|p1a: Gliscor|100/100 tox|[from] ability: Poison Heal
|-damage|p2a: Doja Storm|70/100 tox|[from] psn
|upkeep
|turn|18
|
|t:|1776103711
|move|p1a: Gliscor|Protect|p1a: Gliscor
|-singleturn|p1a: Gliscor|Protect
|move|p2a: Doja Storm|Roost|p2a: Doja Storm
|-heal|p2a: Doja Storm|100/100 tox
|-singleturn|p2a: Doja Storm|move: Roost
|
|-weather|RainDance|[upkeep]
|-damage|p2a: Doja Storm|88/100 tox|[from] psn
|upkeep
|turn|19
|
|t:|1776103714
|switch|p1a: Alomomola|Alomomola, F|99/100
|move|p2a: Doja Storm|Weather Ball|p1a: Alomomola
|-resisted|p1a: Alomomola
|-crit|p1a: Alomomola
|-damage|p1a: Alomomola|68/100
|
|-weather|RainDance|[upkeep]
|-damage|p2a: Doja Storm|70/100 tox|[from] psn
|upkeep
|turn|20
|
|t:|1776103717
|move|p1a: Alomomola|Flip Turn|p2a: Doja Storm
|-resisted|p2a: Doja Storm
|-damage|p2a: Doja Storm|60/100 tox
|
|t:|1776103719
|switch|p1a: Blissey|Blissey, F|81/100|[from] Flip Turn
|move|p2a: Doja Storm|Hurricane|p1a: Blissey
|-damage|p1a: Blissey|70/100
|-start|p1a: Blissey|confusion
|
|-weather|RainDance|[upkeep]
|-damage|p2a: Doja Storm|35/100 tox|[from] psn
|upkeep
|turn|21
|-message|tset 19 forfeited.
|
|win|Hereditary Art
|raw|Hereditary Art's rating: 1553 &rarr; <strong>1572</strong><br />(+19 for winning)
|raw|tset 19's rating: 1544 &rarr; <strong>1525</strong><br />(-19 for losing)
|l|☆tset 19
|player|p2|
|l|☆Hereditary Art
|player|p1|
