|html|<div class="broadcast-blue"><strong>[Gen 9] OU is currently suspecting Tera Blast! For information on how to participate check out the <a href="https://www.smogon.com/tools/suspects/view/200">suspect thread</a>.</strong></div>
|badge|p1|bronze|gen9ou|100-9
|uhtml|medal-msg|<div class="broadcast-blue">Curious what those medals under the avatar are? PS now has Ladder Seasons! For more information, check out the <a href="https://www.smogon.com/forums/threads/3740067/">thread on Smogon.</a></div>
|badge|p2|silver|gen9ou|30-9
|badge|p2|silver|gen9ubers|30-9
|uhtml|medal-msg|<div class="broadcast-blue">Curious what those medals under the avatar are? PS now has Ladder Seasons! For more information, check out the <a href="https://www.smogon.com/forums/threads/3740067/">thread on Smogon.</a></div>
|raw|<div class="broadcast-blue"><strong>This battle is required to be public due to a player having a name starting with 'ulthz25'.</div>
|j|☆LoveTeraBlast
|j|☆ULTHZ25 LASERS
|t:|1776096485
|gametype|singles
|player|p1|LoveTeraBlast|fantina|1870
|player|p2|ULTHZ25 LASERS|169|2007
|gen|9
|tier|[Gen 9] OU
|rated|
|rule|HP Percentage Mod: HP is shown in percentages
|rule|Endless Battle Clause: Forcing endless battles is banned
|rule|Species Clause: Limit one of each Pokémon
|rule|OHKO Clause: OHKO moves are banned
|rule|Evasion Items Clause: Evasion items are banned
|rule|Evasion Moves Clause: Evasion moves are banned
|rule|Evasion Abilities Clause: Evasion abilities are banned
|rule|Sleep Moves Clause: Sleep-inducing moves are banned
|clearpoke
|poke|p1|Slowking-Galar, M|
|poke|p1|Enamorus, F|
|poke|p1|Iron Treads|
|poke|p1|Hydrapple, M|
|poke|p1|Cinderace, F|
|poke|p1|Weavile, M|
|poke|p2|Kingambit, F|
|poke|p2|Landorus-Therian, M|
|poke|p2|Slowking-Galar, F|
|poke|p2|Kyurem|
|poke|p2|Slither Wing|
|poke|p2|Cinderace, M|
|teampreview
|inactive|Battle timer is ON: inactive players will automatically lose when time's up. (requested by LoveTeraBlast)
|
|t:|1776096497
|teamsize|p1|6
|teamsize|p2|6
|start
|switch|p1a: Weavile|Weavile, M|100/100
|switch|p2a: Cinderace|Cinderace, M|100/100
|turn|1
|
|t:|1776096507
|switch|p2a: Slither Wing|Slither Wing|100/100
|move|p1a: Weavile|Knock Off|p2a: Slither Wing
|-resisted|p2a: Slither Wing
|-damage|p2a: Slither Wing|72/100
|-enditem|p2a: Slither Wing|Heavy-Duty Boots|[from] move: Knock Off|[of] p1a: Weavile
|
|upkeep
|turn|2
|
|t:|1776096513
|switch|p1a: Slowking|Slowking-Galar, M|100/100
|move|p2a: Slither Wing|U-turn|p1a: Slowking
|-damage|p1a: Slowking|80/100
|
|t:|1776096521
|-end|p2a: Slither Wing|Protosynthesis|[silent]
|switch|p2a: Slowking|Slowking-Galar, F|100/100|[from] U-turn
|
|upkeep
|turn|3
|
|t:|1776096524
|move|p2a: Slowking|Future Sight|p1a: Slowking
|-start|p2a: Slowking|move: Future Sight
|move|p1a: Slowking|Future Sight|p2a: Slowking
|-start|p1a: Slowking|move: Future Sight
|
|upkeep
|turn|4
|
|t:|1776096527
|-prepare|p1a: Slowking|Chilly Reception|[premajor]
|move|p1a: Slowking|Chilly Reception|p1a: Slowking
|-weather|Snowscape
|
|t:|1776096531
|switch|p1a: Weavile|Weavile, M|100/100|[from] Chilly Reception
|-prepare|p2a: Slowking|Chilly Reception|[premajor]
|move|p2a: Slowking|Chilly Reception|p2a: Slowking
|
|t:|1776096534
|switch|p2a: Slither Wing|Slither Wing|72/100|[from] Chilly Reception
|
|-weather|Snowscape|[upkeep]
|upkeep
|turn|5
|
|t:|1776096541
|switch|p1a: Iron Treads|Iron Treads|100/100
|move|p2a: Slither Wing|U-turn|p1a: Iron Treads
|-resisted|p1a: Iron Treads
|-damage|p1a: Iron Treads|88/100
|
|t:|1776096547
|-end|p2a: Slither Wing|Protosynthesis|[silent]
|switch|p2a: Kyurem|Kyurem|100/100|[from] U-turn
|-ability|p2a: Kyurem|Pressure
|
|-weather|Snowscape|[upkeep]
|-end|p2a: Kyurem|move: Future Sight
|-damage|p2a: Kyurem|60/100
|-end|p1a: Iron Treads|move: Future Sight
|-resisted|p1a: Iron Treads
|-damage|p1a: Iron Treads|69/100
|-heal|p1a: Iron Treads|75/100|[from] item: Leftovers
|upkeep
|turn|6
|
|t:|1776096554
|move|p2a: Kyurem|Blizzard|p1a: Iron Treads
|-damage|p1a: Iron Treads|2/100
|move|p1a: Iron Treads|Volt Switch|p2a: Kyurem
|-resisted|p2a: Kyurem
|-damage|p2a: Kyurem|54/100
|
|t:|1776096562
|-end|p1a: Iron Treads|Quark Drive|[silent]
|switch|p1a: Weavile|Weavile, M|100/100|[from] Volt Switch
|
|-weather|Snowscape|[upkeep]
|upkeep
|turn|7
|
|t:|1776096566
|move|p1a: Weavile|Icicle Crash|p2a: Kyurem
|-damage|p2a: Kyurem|17/100
|cant|p2a: Kyurem|flinch
|
|-weather|Snowscape|[upkeep]
|upkeep
|turn|8
|
|t:|1776096571
|move|p1a: Weavile|Icicle Crash|p2a: Kyurem
|-damage|p2a: Kyurem|0 fnt
|faint|p2a: Kyurem
|
|-weather|none
|upkeep
|
|t:|1776096574
|switch|p2a: Cinderace|Cinderace, M|100/100
|turn|9
|
|t:|1776096580
|switch|p1a: Slowking|Slowking-Galar, M|100/100
|move|p2a: Cinderace|Pyro Ball|p1a: Slowking
|-damage|p1a: Slowking|56/100
|
|upkeep
|turn|10
|
|t:|1776096583
|move|p2a: Cinderace|U-turn|p1a: Slowking
|-start|p2a: Cinderace|typechange|Bug|[from] ability: Libero
|-damage|p1a: Slowking|33/100
|
|t:|1776096586
|switch|p2a: Landorus|Landorus-Therian, M|100/100|[from] U-turn
|-ability|p2a: Landorus|Intimidate|boost
|-unboost|p1a: Slowking|atk|1
|-prepare|p1a: Slowking|Chilly Reception|[premajor]
|move|p1a: Slowking|Chilly Reception|p1a: Slowking
|-weather|Snowscape
|j| Shun Uruma
|
|t:|1776096589
|switch|p1a: Weavile|Weavile, M|100/100|[from] Chilly Reception
|
|-weather|Snowscape|[upkeep]
|upkeep
|turn|11
|
|t:|1776096593
|move|p2a: Landorus|U-turn|p1a: Weavile
|-supereffective|p1a: Weavile
|-damage|p1a: Weavile|36/100
|
|t:|1776096595
|switch|p2a: Slither Wing|Slither Wing|72/100|[from] U-turn
|move|p1a: Weavile|Low Kick|p2a: Slither Wing
|-resisted|p2a: Slither Wing
|-damage|p2a: Slither Wing|58/100
|
|-weather|Snowscape|[upkeep]
|upkeep
|turn|12
|
|t:|1776096599
|switch|p1a: Slowking|Slowking-Galar, M|67/100
|move|p2a: Slither Wing|U-turn|p1a: Slowking
|-damage|p1a: Slowking|44/100
|
|t:|1776096602
|-end|p2a: Slither Wing|Protosynthesis|[silent]
|switch|p2a: Cinderace|Cinderace, M|100/100|[from] U-turn
|
|-weather|Snowscape|[upkeep]
|upkeep
|turn|13
|
|t:|1776096606
|-terastallize|p1a: Slowking|Water
|move|p2a: Cinderace|Pyro Ball|p1a: Slowking
|-resisted|p1a: Slowking
|-damage|p1a: Slowking|24/100
|-prepare|p1a: Slowking|Chilly Reception|[premajor]
|move|p1a: Slowking|Chilly Reception|p1a: Slowking
|j| averyradiant
|
|t:|1776096618
|switch|p1a: Enamorus|Enamorus, F|100/100|[from] Chilly Reception
|
|-weather|Snowscape|[upkeep]
|upkeep
|turn|14
|
|t:|1776096622
|switch|p2a: Slowking|Slowking-Galar, F|100/100
|move|p1a: Enamorus|Earth Power|p2a: Slowking
|-supereffective|p2a: Slowking
|-damage|p2a: Slowking|42/100
|
|-weather|none
|upkeep
|turn|15
|
|t:|1776096628
|switch|p1a: Weavile|Weavile, M|36/100
|-prepare|p2a: Slowking|Chilly Reception|[premajor]
|move|p2a: Slowking|Chilly Reception|p2a: Slowking
|-weather|Snowscape
|
|t:|1776096631
|switch|p2a: Cinderace|Cinderace, M|100/100|[from] Chilly Reception
|
|-weather|Snowscape|[upkeep]
|upkeep
|turn|16
|
|t:|1776096638
|switch|p1a: Enamorus|Enamorus, F|100/100
|switch|p2a: Slither Wing|Slither Wing|58/100
|
|-weather|Snowscape|[upkeep]
|upkeep
|turn|17
|
|t:|1776096643
|switch|p1a: Weavile|Weavile, M|36/100
|-end|p2a: Slither Wing|Protosynthesis|[silent]
|switch|p2a: Slowking|Slowking-Galar, F|75/100
|
|-weather|Snowscape|[upkeep]
|upkeep
|turn|18
|
|t:|1776096649
|switch|p2a: Slither Wing|Slither Wing|58/100
|move|p1a: Weavile|Icicle Crash|p2a: Slither Wing
|-damage|p2a: Slither Wing|12/100
|
|-weather|Snowscape|[upkeep]
|upkeep
|turn|19
|l| averyradiant
|
|t:|1776096657
|switch|p1a: Enamorus|Enamorus, F|100/100
|move|p2a: Slither Wing|First Impression|p1a: Enamorus
|-resisted|p1a: Enamorus
|-damage|p1a: Enamorus|84/100
|
|-weather|none
|upkeep
|turn|20
|
|t:|1776096661
|-end|p2a: Slither Wing|Protosynthesis|[silent]
|switch|p2a: Slowking|Slowking-Galar, F|100/100
|move|p1a: Enamorus|Earth Power|p2a: Slowking
|-supereffective|p2a: Slowking
|-damage|p2a: Slowking|37/100
|
|upkeep
|turn|21
|
|t:|1776096666
|switch|p1a: Weavile|Weavile, M|36/100
|switch|p2a: Landorus|Landorus-Therian, M|100/100
|-ability|p2a: Landorus|Intimidate|boost
|-unboost|p1a: Weavile|atk|1
|
|upkeep
|turn|22
|
|t:|1776096676
|move|p1a: Weavile|Ice Shard|p2a: Landorus
|-supereffective|p2a: Landorus
|-damage|p2a: Landorus|10/100
|move|p2a: Landorus|U-turn|p1a: Weavile
|-supereffective|p1a: Weavile
|-damage|p1a: Weavile|0 fnt
|faint|p1a: Weavile
|
|t:|1776096684
|switch|p2a: Cinderace|Cinderace, M|100/100|[from] U-turn
|
|upkeep
|
|t:|1776096689
|switch|p1a: Slowking|Slowking-Galar, M, tera:Water|57/100
|turn|23
|
|t:|1776096694
|move|p2a: Cinderace|U-turn|p1a: Slowking
|-start|p2a: Cinderace|typechange|Bug|[from] ability: Libero
|-damage|p1a: Slowking|32/100
|
|t:|1776096695
|switch|p2a: Slowking|Slowking-Galar, F|70/100|[from] U-turn
|-prepare|p1a: Slowking|Chilly Reception|[premajor]
|move|p1a: Slowking|Chilly Reception|p1a: Slowking
|-weather|Snowscape
|
|t:|1776096697
|switch|p1a: Iron Treads|Iron Treads|2/100|[from] Chilly Reception
|
|-weather|Snowscape|[upkeep]
|-heal|p1a: Iron Treads|9/100|[from] item: Leftovers
|upkeep
|turn|24
|
|t:|1776096701
|move|p1a: Iron Treads|Ice Spinner|p2a: Slowking
|-damage|p2a: Slowking|49/100
|move|p2a: Slowking|Ice Beam|p1a: Iron Treads
|-damage|p1a: Iron Treads|0 fnt
|faint|p1a: Iron Treads
|-end|p1a: Iron Treads|Quark Drive|[silent]
|
|-weather|Snowscape|[upkeep]
|upkeep
|
|t:|1776096705
|switch|p1a: Enamorus|Enamorus, F|84/100
|turn|25
|
|t:|1776096708
|switch|p2a: Slither Wing|Slither Wing|12/100
|move|p1a: Enamorus|Moonblast|p2a: Slither Wing
|-supereffective|p2a: Slither Wing
|-damage|p2a: Slither Wing|0 fnt
|faint|p2a: Slither Wing
|-end|p2a: Slither Wing|Protosynthesis|[silent]
|
|-weather|Snowscape|[upkeep]
|upkeep
|
|t:|1776096711
|switch|p2a: Slowking|Slowking-Galar, F|82/100
|turn|26
|
|t:|1776096713
|switch|p1a: Cinderace|Cinderace, F|100/100
|move|p2a: Slowking|Sludge Bomb|p1a: Cinderace
|-damage|p1a: Cinderace|63/100
|
|-weather|Snowscape|[upkeep]
|upkeep
|turn|27
|
|t:|1776096718
|move|p1a: Cinderace|Pyro Ball|p2a: Slowking
|-damage|p2a: Slowking|35/100
|move|p2a: Slowking|Sludge Bomb|p1a: Cinderace
|-damage|p1a: Cinderace|21/100
|
|-weather|none
|upkeep
|turn|28
|
|t:|1776096721
|switch|p2a: Cinderace|Cinderace, M|100/100
|move|p1a: Cinderace|Pyro Ball|p2a: Cinderace
|-resisted|p2a: Cinderace
|-damage|p2a: Cinderace|46/100
|
|upkeep
|turn|29
|
|t:|1776096724
|switch|p1a: Slowking|Slowking-Galar, M, tera:Water|66/100
|move|p2a: Cinderace|Pyro Ball|p1a: Slowking
|-resisted|p1a: Slowking
|-damage|p1a: Slowking|46/100
|
|upkeep
|turn|30
|
|t:|1776096726
|move|p2a: Cinderace|U-turn|p1a: Slowking
|-start|p2a: Cinderace|typechange|Bug|[from] ability: Libero
|-damage|p1a: Slowking|23/100
|
|t:|1776096729
|switch|p2a: Slowking|Slowking-Galar, F|69/100|[from] U-turn
|-prepare|p1a: Slowking|Chilly Reception|[premajor]
|move|p1a: Slowking|Chilly Reception|p1a: Slowking
|-weather|Snowscape
|
|t:|1776096735
|switch|p1a: Cinderace|Cinderace, F|21/100|[from] Chilly Reception
|
|-weather|Snowscape|[upkeep]
|upkeep
|turn|31
|
|t:|1776096738
|move|p1a: Cinderace|Pyro Ball|p2a: Slowking
|-damage|p2a: Slowking|0 fnt
|faint|p2a: Slowking
|
|-weather|Snowscape|[upkeep]
|upkeep
|
|t:|1776096744
|switch|p2a: Cinderace|Cinderace, M|46/100
|turn|32
|
|t:|1776096758
|switch|p1a: Slowking|Slowking-Galar, M, tera:Water|56/100
|move|p2a: Cinderace|U-turn|p1a: Slowking
|-start|p2a: Cinderace|typechange|Bug|[from] ability: Libero
|-damage|p1a: Slowking|30/100
|
|t:|1776096761
|switch|p2a: Kingambit|Kingambit, F|100/100|[from] U-turn
|-activate|p2a: Kingambit|ability: Supreme Overlord
|-start|p2a: Kingambit|fallen3|[silent]
|
|-weather|Snowscape|[upkeep]
|upkeep
|turn|33
|
|t:|1776096771
|move|p2a: Kingambit|Kowtow Cleave|p1a: Slowking
|-damage|p1a: Slowking|0 fnt
|faint|p1a: Slowking
|
|-weather|Snowscape|[upkeep]
|upkeep
|
|t:|1776096776
|switch|p1a: Enamorus|Enamorus, F|84/100
|turn|34
|
|t:|1776096779
|-end|p2a: Kingambit|fallen3|[silent]
|switch|p2a: Landorus|Landorus-Therian, M|10/100
|-ability|p2a: Landorus|Intimidate|boost
|-boost|p1a: Enamorus|atk|1
|move|p1a: Enamorus|Moonblast|p2a: Landorus
|-damage|p2a: Landorus|0 fnt
|faint|p2a: Landorus
|
|-weather|none
|upkeep
|
|t:|1776096781
|switch|p2a: Cinderace|Cinderace, M|46/100
|turn|35
|
|t:|1776096795
|move|p2a: Cinderace|Pyro Ball|p1a: Enamorus
|-damage|p1a: Enamorus|0 fnt
|faint|p1a: Enamorus
|
|upkeep
|
|t:|1776096797
|switch|p1a: Hydrapple|Hydrapple, M|100/100
|turn|36
|
|t:|1776096800
|move|p2a: Cinderace|Pyro Ball|p1a: Hydrapple
|-damage|p1a: Hydrapple|54/100
|move|p1a: Hydrapple|Earth Power|p2a: Cinderace
|-supereffective|p2a: Cinderace
|-damage|p2a: Cinderace|0 fnt
|faint|p2a: Cinderace
|
|-heal|p1a: Hydrapple|60/100|[from] item: Leftovers
|upkeep
|
|t:|1776096802
|switch|p2a: Kingambit|Kingambit, F|100/100
|-activate|p2a: Kingambit|ability: Supreme Overlord
|-start|p2a: Kingambit|fallen5|[silent]
|turn|37
|
|t:|1776096807
|move|p2a: Kingambit|Swords Dance|p2a: Kingambit
|-boost|p2a: Kingambit|atk|2
|move|p1a: Hydrapple|Earth Power|p2a: Kingambit
|-supereffective|p2a: Kingambit
|-damage|p2a: Kingambit|37/100
|
|-heal|p2a: Kingambit|44/100|[from] item: Leftovers
|-heal|p1a: Hydrapple|66/100|[from] item: Leftovers
|upkeep
|turn|38
|j| averyradiant
|j| loen_64
|inactive|LoveTeraBlast has 120 seconds left.
|
|t:|1776096862
|move|p2a: Kingambit|Swords Dance|p2a: Kingambit
|-boost|p2a: Kingambit|atk|2
|move|p1a: Hydrapple|Earth Power|p2a: Kingambit
|-supereffective|p2a: Kingambit
|-damage|p2a: Kingambit|0 fnt
|faint|p2a: Kingambit
|-end|p2a: Kingambit|fallen5|[silent]
|
|win|LoveTeraBlast
|raw|LoveTeraBlast's rating: 1870 &rarr; <strong>1898</strong><br />(+28 for winning)
|raw|ULTHZ25 LASERS's rating: 2007 &rarr; <strong>1979</strong><br />(-28 for losing)
|l|☆ULTHZ25 LASERS
|player|p2|
|l|☆LoveTeraBlast
|player|p1|
|l| averyradiant
|l| Shun Uruma
