|html|<div class="broadcast-blue"><strong>[Gen 9] OU is currently suspecting Tera Blast! For information on how to participate check out the <a href="https://www.smogon.com/tools/suspects/view/200">suspect thread</a>.</strong></div>
|j|☆ALT1 Lord Greed
|j|☆Blastoise_Choice
|t:|1776113848
|gametype|singles
|player|p1|ALT1 Lord Greed|265|1596
|player|p2|Blastoise_Choice|benga|1596
|gen|9
|tier|[Gen 9] OU
|rated|
|rule|HP Percentage Mod: HP is shown in percentages
|rule|Endless Battle Clause: Forcing endless battles is banned
|rule|Species Clause: Limit one of each Pokémon
|rule|OHKO Clause: OHKO moves are banned
|rule|Evasion Items Clause: Evasion items are banned
|rule|Evasion Moves Clause: Evasion moves are banned
|rule|Evasion Abilities Clause: Evasion abilities are banned
|rule|Sleep Moves Clause: Sleep-inducing moves are banned
|clearpoke
|poke|p1|Glastrier|
|poke|p1|Slowking-Galar, F|
|poke|p1|Heatran, M|
|poke|p1|Tornadus-Therian, M|
|poke|p1|Enamorus, F|
|poke|p1|Great Tusk|
|poke|p2|Hydrapple, M|
|poke|p2|Tyranitar, F|
|poke|p2|Moltres|
|poke|p2|Zamazenta-*|
|poke|p2|Slowking-Galar, M|
|poke|p2|Excadrill, F|
|teampreview
|inactive|Battle timer is ON: inactive players will automatically lose when time's up. (requested by ALT1 Lord Greed)
|j| ohko_smeargle
|c|☆Blastoise_Choice|hf
|inactive|Blastoise_Choice also wants the timer to be on.
|
|t:|1776113863
|teamsize|p1|6
|teamsize|p2|6
|start
|switch|p1a: Tornadus|Tornadus-Therian, M|100/100
|switch|p2a: Slowking|Slowking-Galar, M|100/100
|turn|1
|c|☆ALT1 Lord Greed|u2
|
|t:|1776113869
|move|p1a: Tornadus|Knock Off|p2a: Slowking
|-supereffective|p2a: Slowking
|-damage|p2a: Slowking|70/100
|-enditem|p2a: Slowking|Assault Vest|[from] move: Knock Off|[of] p1a: Tornadus
|move|p2a: Slowking|Ice Beam|p1a: Tornadus
|-supereffective|p1a: Tornadus
|-damage|p1a: Tornadus|55/100
|
|upkeep
|turn|2
|
|t:|1776113876
|move|p1a: Tornadus|U-turn|p2a: Slowking
|-damage|p2a: Slowking|59/100
|
|t:|1776113878
|switch|p1a: Slowking|Slowking-Galar, F|100/100|[from] U-turn
|move|p2a: Slowking|Psyshock|p1a: Slowking
|-damage|p1a: Slowking|66/100
|
|upkeep
|turn|3
|
|t:|1776113886
|move|p2a: Slowking|Psyshock|p1a: Slowking
|-damage|p1a: Slowking|32/100
|move|p1a: Slowking|Future Sight|p2a: Slowking
|-start|p1a: Slowking|move: Future Sight
|
|upkeep
|turn|4
|
|t:|1776113893
|switch|p1a: Heatran|Heatran, M|100/100
|move|p2a: Slowking|Flamethrower|p1a: Heatran
|-start|p1a: Heatran|ability: Flash Fire
|
|upkeep
|turn|5
|j| roarcat
|
|t:|1776113899
|switch|p2a: Tyranitar|Tyranitar, F|100/100
|-weather|Sandstorm|[from] ability: Sand Stream|[of] p2a: Tyranitar
|move|p1a: Heatran|Stealth Rock|p2a: Tyranitar
|-sidestart|p2: Blastoise_Choice|move: Stealth Rock
|
|-weather|Sandstorm|[upkeep]
|-end|p2a: Tyranitar|move: Future Sight
|-immune|p2a: Tyranitar
|upkeep
|turn|6
|
|t:|1776113905
|-end|p1a: Heatran|ability: Flash Fire|[silent]
|switch|p1a: Great Tusk|Great Tusk|100/100
|move|p2a: Tyranitar|Knock Off|p1a: Great Tusk
|-resisted|p1a: Great Tusk
|-damage|p1a: Great Tusk|84/100
|-enditem|p1a: Great Tusk|Heavy-Duty Boots|[from] move: Knock Off|[of] p2a: Tyranitar
|
|-weather|Sandstorm|[upkeep]
|upkeep
|turn|7
|
|t:|1776113914
|-end|p1a: Great Tusk|Protosynthesis|[silent]
|switch|p1a: Tornadus|Tornadus-Therian, M|88/100
|switch|p2a: Moltres|Moltres|100/100
|
|-weather|Sandstorm|[upkeep]
|-damage|p1a: Tornadus|82/100|[from] Sandstorm
|-damage|p2a: Moltres|94/100|[from] Sandstorm
|upkeep
|turn|8
|
|t:|1776113920
|move|p1a: Tornadus|Knock Off|p2a: Moltres
|-damage|p2a: Moltres|80/100
|-enditem|p2a: Moltres|Heavy-Duty Boots|[from] move: Knock Off|[of] p1a: Tornadus
|move|p2a: Moltres|U-turn|p1a: Tornadus
|-resisted|p1a: Tornadus
|-damage|p1a: Tornadus|74/100
|
|t:|1776113927
|switch|p2a: Excadrill|Excadrill, F|100/100|[from] U-turn
|-damage|p2a: Excadrill|97/100|[from] Stealth Rock
|-item|p2a: Excadrill|Air Balloon
|
|-weather|Sandstorm|[upkeep]
|-damage|p1a: Tornadus|68/100|[from] Sandstorm
|upkeep
|turn|9
|
|t:|1776113933
|move|p2a: Excadrill|Iron Head|p1a: Tornadus
|-damage|p1a: Tornadus|20/100
|cant|p1a: Tornadus|flinch
|
|-weather|Sandstorm|[upkeep]
|-damage|p1a: Tornadus|13/100|[from] Sandstorm
|upkeep
|turn|10
|
|t:|1776113943
|switch|p1a: Great Tusk|Great Tusk|84/100
|move|p2a: Excadrill|Rapid Spin|p1a: Great Tusk
|-damage|p1a: Great Tusk|70/100
|-boost|p2a: Excadrill|spe|1
|-sideend|p2: Blastoise_Choice|Stealth Rock|[from] move: Rapid Spin|[of] p2a: Excadrill
|
|-weather|Sandstorm|[upkeep]
|upkeep
|turn|11
|
|t:|1776113950
|move|p2a: Excadrill|Iron Head|p1a: Great Tusk
|-damage|p1a: Great Tusk|39/100
|move|p1a: Great Tusk|Close Combat|p2a: Excadrill
|-supereffective|p2a: Excadrill
|-damage|p2a: Excadrill|0 fnt
|-unboost|p1a: Great Tusk|def|1
|-unboost|p1a: Great Tusk|spd|1
|-enditem|p2a: Excadrill|Air Balloon
|faint|p2a: Excadrill
|
|-weather|Sandstorm|[upkeep]
|upkeep
|
|t:|1776113957
|switch|p2a: Slowking|Slowking-Galar, M|92/100
|turn|12
|
|t:|1776113963
|-end|p1a: Great Tusk|Protosynthesis|[silent]
|switch|p1a: Heatran|Heatran, M|100/100
|switch|p2a: Moltres|Moltres|80/100
|
|-weather|none
|upkeep
|turn|13
|
|t:|1776113969
|switch|p2a: Tyranitar|Tyranitar, F|100/100
|-weather|Sandstorm|[from] ability: Sand Stream|[of] p2a: Tyranitar
|move|p1a: Heatran|Stealth Rock|p2a: Tyranitar
|-sidestart|p2: Blastoise_Choice|move: Stealth Rock
|
|-weather|Sandstorm|[upkeep]
|upkeep
|turn|14
|
|t:|1776113976
|switch|p1a: Great Tusk|Great Tusk|39/100
|move|p2a: Tyranitar|Ice Beam|p1a: Great Tusk
|-supereffective|p1a: Great Tusk
|-damage|p1a: Great Tusk|0 fnt
|faint|p1a: Great Tusk
|-end|p1a: Great Tusk|Protosynthesis|[silent]
|
|-weather|Sandstorm|[upkeep]
|upkeep
|
|t:|1776113979
|switch|p1a: Glastrier|Glastrier|100/100
|turn|15
|
|t:|1776113985
|switch|p2a: Zamazenta|Zamazenta|100/100
|-damage|p2a: Zamazenta|94/100|[from] Stealth Rock
|-ability|p2a: Zamazenta|Dauntless Shield|boost
|-boost|p2a: Zamazenta|def|1
|move|p1a: Glastrier|Swords Dance|p1a: Glastrier
|-boost|p1a: Glastrier|atk|2
|
|-weather|Sandstorm|[upkeep]
|-damage|p2a: Zamazenta|88/100|[from] Sandstorm
|-damage|p1a: Glastrier|94/100|[from] Sandstorm
|-heal|p2a: Zamazenta|94/100|[from] item: Leftovers
|upkeep
|turn|16
|
|t:|1776113991
|switch|p1a: Slowking|Slowking-Galar, F|65/100
|move|p2a: Zamazenta|Body Press|p1a: Slowking
|-resisted|p1a: Slowking
|-damage|p1a: Slowking|50/100
|
|-weather|Sandstorm|[upkeep]
|-damage|p2a: Zamazenta|88/100|[from] Sandstorm
|-damage|p1a: Slowking|44/100|[from] Sandstorm
|-heal|p2a: Zamazenta|94/100|[from] item: Leftovers
|upkeep
|turn|17
|
|t:|1776113998
|switch|p1a: Enamorus|Enamorus, F|100/100
|move|p2a: Zamazenta|Roar|p1a: Enamorus
|drag|p1a: Slowking|Slowking-Galar, F|77/100
|
|-weather|Sandstorm|[upkeep]
|-damage|p2a: Zamazenta|88/100|[from] Sandstorm
|-damage|p1a: Slowking|71/100|[from] Sandstorm
|-heal|p2a: Zamazenta|94/100|[from] item: Leftovers
|upkeep
|turn|18
|
|t:|1776114005
|switch|p2a: Slowking|Slowking-Galar, M|100/100
|-damage|p2a: Slowking|88/100|[from] Stealth Rock
|move|p1a: Slowking|Psychic|p2a: Slowking
|-damage|p2a: Slowking|63/100
|
|-weather|Sandstorm|[upkeep]
|-damage|p2a: Slowking|56/100|[from] Sandstorm
|-damage|p1a: Slowking|65/100|[from] Sandstorm
|upkeep
|turn|19
|
|t:|1776114012
|move|p2a: Slowking|Psyshock|p1a: Slowking
|-damage|p1a: Slowking|33/100
|move|p1a: Slowking|Future Sight|p2a: Slowking
|-start|p1a: Slowking|move: Future Sight
|
|-weather|Sandstorm|[upkeep]
|-damage|p2a: Slowking|50/100|[from] Sandstorm
|-damage|p1a: Slowking|27/100|[from] Sandstorm
|upkeep
|turn|20
|
|t:|1776114019
|switch|p1a: Heatran|Heatran, M|100/100
|move|p2a: Slowking|Psyshock|p1a: Heatran
|-resisted|p1a: Heatran
|-damage|p1a: Heatran|87/100
|
|-weather|none
|-heal|p1a: Heatran|93/100|[from] item: Leftovers
|upkeep
|turn|21
|
|t:|1776114027
|switch|p2a: Tyranitar|Tyranitar, F|100/100
|-damage|p2a: Tyranitar|88/100|[from] Stealth Rock
|-weather|Sandstorm|[from] ability: Sand Stream|[of] p2a: Tyranitar
|move|p1a: Heatran|Earth Power|p2a: Tyranitar
|-supereffective|p2a: Tyranitar
|-damage|p2a: Tyranitar|67/100
|
|-weather|Sandstorm|[upkeep]
|-end|p2a: Tyranitar|move: Future Sight
|-immune|p2a: Tyranitar
|-heal|p1a: Heatran|99/100|[from] item: Leftovers
|upkeep
|turn|22
|
|t:|1776114035
|switch|p1a: Tornadus|Tornadus-Therian, M|47/100
|move|p2a: Tyranitar|Thunder Wave|p1a: Tornadus
|-status|p1a: Tornadus|par
|
|-weather|Sandstorm|[upkeep]
|-damage|p1a: Tornadus|41/100 par|[from] Sandstorm
|upkeep
|turn|23
|
|t:|1776114043
|move|p1a: Tornadus|U-turn|p2a: Tyranitar
|-supereffective|p2a: Tyranitar
|-damage|p2a: Tyranitar|43/100
|
|t:|1776114057
|switch|p1a: Heatran|Heatran, M|99/100|[from] U-turn
|move|p2a: Tyranitar|Knock Off|p1a: Heatran
|-damage|p1a: Heatran|66/100
|-enditem|p1a: Heatran|Leftovers|[from] move: Knock Off|[of] p2a: Tyranitar
|
|-weather|Sandstorm|[upkeep]
|upkeep
|turn|24
|
|t:|1776114064
|switch|p1a: Tornadus|Tornadus-Therian, M|74/100 par
|move|p2a: Tyranitar|Thunder Wave|p1a: Tornadus|[miss]
|-miss|p2a: Tyranitar|p1a: Tornadus
|
|-weather|Sandstorm|[upkeep]
|-damage|p1a: Tornadus|68/100 par|[from] Sandstorm
|upkeep
|turn|25
|
|t:|1776114073
|move|p1a: Tornadus|Knock Off|p2a: Tyranitar
|-resisted|p2a: Tyranitar
|-damage|p2a: Tyranitar|36/100
|-enditem|p2a: Tyranitar|Smooth Rock|[from] move: Knock Off|[of] p1a: Tornadus
|move|p2a: Tyranitar|Knock Off|p1a: Tornadus
|-damage|p1a: Tornadus|18/100 par
|-enditem|p1a: Tornadus|Heavy-Duty Boots|[from] move: Knock Off|[of] p2a: Tyranitar
|
|-weather|Sandstorm|[upkeep]
|-damage|p1a: Tornadus|12/100 par|[from] Sandstorm
|upkeep
|turn|26
|
|t:|1776114080
|move|p1a: Tornadus|U-turn|p2a: Tyranitar
|-supereffective|p2a: Tyranitar
|-damage|p2a: Tyranitar|14/100
|
|t:|1776114083
|switch|p1a: Heatran|Heatran, M|66/100|[from] U-turn
|move|p2a: Tyranitar|Thunder Wave|p1a: Heatran
|-status|p1a: Heatran|par
|
|-weather|Sandstorm|[upkeep]
|upkeep
|turn|27
|l| roarcat
|
|t:|1776114089
|switch|p1a: Tornadus|Tornadus-Therian, M|45/100 par
|move|p2a: Tyranitar|Ice Beam|p1a: Tornadus
|-supereffective|p1a: Tornadus
|-damage|p1a: Tornadus|2/100 par
|
|-weather|Sandstorm|[upkeep]
|-damage|p1a: Tornadus|0 fnt|[from] Sandstorm
|faint|p1a: Tornadus
|upkeep
|
|t:|1776114100
|switch|p1a: Glastrier|Glastrier|94/100
|turn|28
|
|t:|1776114107
|move|p2a: Tyranitar|Knock Off|p1a: Glastrier
|-damage|p1a: Glastrier|67/100
|-enditem|p1a: Glastrier|Quick Claw|[from] move: Knock Off|[of] p2a: Tyranitar
|move|p1a: Glastrier|High Horsepower|p2a: Tyranitar
|-supereffective|p2a: Tyranitar
|-damage|p2a: Tyranitar|0 fnt
|faint|p2a: Tyranitar
|-ability|p1a: Glastrier|Chilling Neigh|boost
|-boost|p1a: Glastrier|atk|1
|
|-weather|none
|upkeep
|
|t:|1776114114
|switch|p2a: Zamazenta|Zamazenta|94/100
|-damage|p2a: Zamazenta|88/100|[from] Stealth Rock
|turn|29
|
|t:|1776114120
|move|p2a: Zamazenta|Iron Defense|p2a: Zamazenta
|-boost|p2a: Zamazenta|def|2
|move|p1a: Glastrier|Icicle Crash|p2a: Zamazenta
|-damage|p2a: Zamazenta|59/100
|
|-heal|p2a: Zamazenta|65/100|[from] item: Leftovers
|upkeep
|turn|30
|
|t:|1776114124
|switch|p1a: Enamorus|Enamorus, F|100/100
|move|p2a: Zamazenta|Roar|p1a: Enamorus
|drag|p1a: Heatran|Heatran, M|66/100 par
|
|-heal|p2a: Zamazenta|72/100|[from] item: Leftovers
|upkeep
|turn|31
|
|t:|1776114131
|cant|p1a: Heatran|par
|move|p2a: Zamazenta|Roar|p1a: Heatran
|drag|p1a: Slowking|Slowking-Galar, F|60/100
|
|-heal|p2a: Zamazenta|78/100|[from] item: Leftovers
|upkeep
|turn|32
|
|t:|1776114137
|move|p2a: Zamazenta|Crunch|p1a: Slowking
|-supereffective|p1a: Slowking
|-damage|p1a: Slowking|11/100
|-unboost|p1a: Slowking|def|1
|move|p1a: Slowking|Psychic|p2a: Zamazenta
|-supereffective|p2a: Zamazenta
|-damage|p2a: Zamazenta|16/100
|
|-heal|p2a: Zamazenta|22/100|[from] item: Leftovers
|upkeep
|turn|33
|
|t:|1776114144
|switch|p1a: Heatran|Heatran, M|66/100 par
|move|p2a: Zamazenta|Roar|p1a: Heatran
|drag|p1a: Glastrier|Glastrier|67/100
|
|-heal|p2a: Zamazenta|28/100|[from] item: Leftovers
|upkeep
|turn|34
|
|t:|1776114150
|switch|p1a: Heatran|Heatran, M|66/100 par
|move|p2a: Zamazenta|Roar|p1a: Heatran
|drag|p1a: Glastrier|Glastrier|67/100
|
|-heal|p2a: Zamazenta|35/100|[from] item: Leftovers
|upkeep
|turn|35
|
|t:|1776114154
|move|p1a: Glastrier|Icicle Crash|p2a: Zamazenta
|-damage|p2a: Zamazenta|16/100
|move|p2a: Zamazenta|Roar|p1a: Glastrier
|drag|p1a: Slowking|Slowking-Galar, F|45/100
|
|-heal|p2a: Zamazenta|22/100|[from] item: Leftovers
|upkeep
|turn|36
|
|t:|1776114161
|-terastallize|p1a: Slowking|Water
|move|p1a: Slowking|Psychic|p2a: Zamazenta
|-supereffective|p2a: Zamazenta
|-damage|p2a: Zamazenta|0 fnt
|faint|p2a: Zamazenta
|
|upkeep
|
|t:|1776114167
|switch|p2a: Slowking|Slowking-Galar, M|84/100
|-damage|p2a: Slowking|71/100|[from] Stealth Rock
|turn|37
|
|t:|1776114173
|switch|p2a: Hydrapple|Hydrapple, M|100/100
|switch|p1a: Heatran|Heatran, M|66/100 par
|
|upkeep
|turn|38
|
|t:|1776114180
|switch|p2a: Slowking|Slowking-Galar, M|100/100
|-damage|p2a: Slowking|88/100|[from] Stealth Rock
|switch|p1a: Enamorus|Enamorus, F|100/100
|
|upkeep
|turn|39
|
|t:|1776114186
|switch|p1a: Heatran|Heatran, M|66/100 par
|switch|p2a: Hydrapple|Hydrapple, M|100/100
|
|upkeep
|turn|40
|
|t:|1776114193
|switch|p2a: Slowking|Slowking-Galar, M|100/100
|-damage|p2a: Slowking|88/100|[from] Stealth Rock
|cant|p1a: Heatran|par
|
|upkeep
|turn|41
|
|t:|1776114199
|switch|p2a: Hydrapple|Hydrapple, M|100/100
|move|p1a: Heatran|Magma Storm|p2a: Hydrapple|[miss]
|-miss|p1a: Heatran|p2a: Hydrapple
|
|upkeep
|turn|42
|
|t:|1776114203
|switch|p2a: Slowking|Slowking-Galar, M|100/100
|-damage|p2a: Slowking|88/100|[from] Stealth Rock
|switch|p1a: Enamorus|Enamorus, F|100/100
|
|upkeep
|turn|43
|
|t:|1776114209
|switch|p1a: Heatran|Heatran, M|66/100 par
|switch|p2a: Hydrapple|Hydrapple, M|100/100
|
|upkeep
|turn|44
|
|t:|1776114212
|move|p2a: Hydrapple|Nasty Plot|p2a: Hydrapple
|-boost|p2a: Hydrapple|spa|2
|move|p1a: Heatran|Magma Storm|p2a: Hydrapple
|-crit|p2a: Hydrapple
|-damage|p2a: Hydrapple|36/100
|-activate|p2a: Hydrapple|move: Magma Storm|[of] p1a: Heatran
|
|-damage|p2a: Hydrapple|24/100|[from] move: Magma Storm|[partiallytrapped]
|upkeep
|turn|45
|
|t:|1776114218
|move|p2a: Hydrapple|Earth Power|p1a: Heatran
|-supereffective|p1a: Heatran
|-damage|p1a: Heatran|0 fnt
|faint|p1a: Heatran
|
|-end|p2a: Hydrapple|Magma Storm|[partiallytrapped]|[silent]
|upkeep
|
|t:|1776114221
|switch|p1a: Glastrier|Glastrier|67/100
|turn|46
|
|t:|1776114224
|-terastallize|p2a: Hydrapple|Poison
|move|p2a: Hydrapple|Giga Drain|p1a: Glastrier
|-damage|p1a: Glastrier|12/100
|-heal|p2a: Hydrapple|51/100|[from] drain|[of] p1a: Glastrier
|move|p1a: Glastrier|Icicle Crash|p2a: Hydrapple
|-damage|p2a: Hydrapple|18/100
|
|upkeep
|turn|47
|
|t:|1776114229
|switch|p2a: Slowking|Slowking-Galar, M|100/100
|-damage|p2a: Slowking|88/100|[from] Stealth Rock
|move|p1a: Glastrier|High Horsepower|p2a: Slowking
|-supereffective|p2a: Slowking
|-damage|p2a: Slowking|28/100
|
|upkeep
|turn|48
|
|t:|1776114233
|switch|p2a: Hydrapple|Hydrapple, M, tera:Poison|51/100
|move|p1a: Glastrier|High Horsepower|p2a: Hydrapple
|-supereffective|p2a: Hydrapple
|-damage|p2a: Hydrapple|0 fnt
|faint|p2a: Hydrapple
|-ability|p1a: Glastrier|Chilling Neigh|boost
|-boost|p1a: Glastrier|atk|1
|
|upkeep
|
|t:|1776114237
|switch|p2a: Moltres|Moltres|80/100
|-damage|p2a: Moltres|30/100|[from] Stealth Rock
|turn|49
|
|t:|1776114241
|move|p2a: Moltres|Flamethrower|p1a: Glastrier
|-supereffective|p1a: Glastrier
|-damage|p1a: Glastrier|0 fnt
|faint|p1a: Glastrier
|
|upkeep
|
|t:|1776114247
|switch|p1a: Slowking|Slowking-Galar, F, tera:Water|78/100
|turn|50
|
|t:|1776114254
|move|p2a: Moltres|Roost|p2a: Moltres
|-heal|p2a: Moltres|80/100
|-singleturn|p2a: Moltres|move: Roost
|move|p1a: Slowking|Future Sight|p2a: Moltres
|-start|p1a: Slowking|move: Future Sight
|
|upkeep
|turn|51
|
|t:|1776114260
|move|p2a: Moltres|Flamethrower|p1a: Slowking
|-resisted|p1a: Slowking
|-damage|p1a: Slowking|66/100
|move|p1a: Slowking|Sludge Bomb|p2a: Moltres
|-damage|p2a: Moltres|47/100
|
|upkeep
|turn|52
|
|t:|1776114264
|move|p2a: Moltres|Roost|p2a: Moltres
|-heal|p2a: Moltres|97/100
|-singleturn|p2a: Moltres|move: Roost
|move|p1a: Slowking|Psychic|p2a: Moltres
|-damage|p2a: Moltres|61/100
|
|-end|p2a: Moltres|move: Future Sight
|-damage|p2a: Moltres|12/100
|upkeep
|turn|53
|
|t:|1776114268
|move|p2a: Moltres|Roost|p2a: Moltres
|-heal|p2a: Moltres|62/100
|-singleturn|p2a: Moltres|move: Roost
|move|p1a: Slowking|Future Sight|p2a: Moltres
|-start|p1a: Slowking|move: Future Sight
|
|upkeep
|turn|54
|
|t:|1776114271
|move|p2a: Moltres|Roost|p2a: Moltres
|-heal|p2a: Moltres|100/100
|-singleturn|p2a: Moltres|move: Roost
|move|p1a: Slowking|Sludge Bomb|p2a: Moltres
|-damage|p2a: Moltres|68/100
|-status|p2a: Moltres|psn
|
|-damage|p2a: Moltres|55/100 psn|[from] psn
|upkeep
|turn|55
|
|t:|1776114275
|move|p2a: Moltres|Roost|p2a: Moltres
|-heal|p2a: Moltres|100/100 psn
|-singleturn|p2a: Moltres|move: Roost
|move|p1a: Slowking|Psychic|p2a: Moltres
|-damage|p2a: Moltres|67/100 psn
|
|-end|p2a: Moltres|move: Future Sight
|-damage|p2a: Moltres|22/100 psn
|-damage|p2a: Moltres|10/100 psn|[from] psn
|upkeep
|turn|56
|
|t:|1776114282
|move|p2a: Moltres|Roost|p2a: Moltres
|-heal|p2a: Moltres|60/100 psn
|-singleturn|p2a: Moltres|move: Roost
|move|p1a: Slowking|Psychic|p2a: Moltres
|-damage|p2a: Moltres|26/100 psn
|
|-damage|p2a: Moltres|14/100 psn|[from] psn
|upkeep
|turn|57
|
|t:|1776114286
|move|p2a: Moltres|Roost|p2a: Moltres
|-heal|p2a: Moltres|64/100 psn
|-singleturn|p2a: Moltres|move: Roost
|move|p1a: Slowking|Future Sight|p2a: Moltres
|-start|p1a: Slowking|move: Future Sight
|
|-damage|p2a: Moltres|51/100 psn|[from] psn
|upkeep
|turn|58
|
|t:|1776114290
|move|p2a: Moltres|Flamethrower|p1a: Slowking
|-resisted|p1a: Slowking
|-damage|p1a: Slowking|56/100
|move|p1a: Slowking|Psychic|p2a: Moltres
|-damage|p2a: Moltres|18/100 psn
|
|-damage|p2a: Moltres|5/100 psn|[from] psn
|upkeep
|turn|59
|
|t:|1776114294
|move|p1a: Slowking|Psychic|p2a: Moltres
|-damage|p2a: Moltres|0 fnt
|faint|p2a: Moltres
|
|-hint|Future Sight did not hit because the target is fainted.
|upkeep
|
|t:|1776114297
|switch|p2a: Slowking|Slowking-Galar, M|62/100
|-damage|p2a: Slowking|49/100|[from] Stealth Rock
|turn|60
|
|t:|1776114300
|move|p2a: Slowking|Ice Beam|p1a: Slowking
|-resisted|p1a: Slowking
|-damage|p1a: Slowking|49/100
|move|p1a: Slowking|Future Sight|p2a: Slowking
|-start|p1a: Slowking|move: Future Sight
|
|upkeep
|turn|61
|
|t:|1776114304
|move|p2a: Slowking|Ice Beam|p1a: Slowking
|-resisted|p1a: Slowking
|-damage|p1a: Slowking|42/100
|move|p1a: Slowking|Psychic|p2a: Slowking
|-damage|p2a: Slowking|21/100
|
|upkeep
|turn|62
|
|t:|1776114308
|move|p2a: Slowking|Sludge Bomb|p1a: Slowking
|-damage|p1a: Slowking|23/100
|-status|p1a: Slowking|psn
|move|p1a: Slowking|Psychic|p2a: Slowking
|-damage|p2a: Slowking|0 fnt
|faint|p2a: Slowking
|
|win|ALT1 Lord Greed
|raw|ALT1 Lord Greed's rating: 1596 &rarr; <strong>1616</strong><br />(+20 for winning)
|raw|Blastoise_Choice's rating: 1596 &rarr; <strong>1576</strong><br />(-20 for losing)
|c|☆Blastoise_Choice|gg
|c|☆ALT1 Lord Greed|gg
