|html|<div class="broadcast-blue"><strong>[Gen 9] OU is currently suspecting Tera Blast! For information on how to participate check out the <a href="https://www.smogon.com/tools/suspects/view/200">suspect thread</a>.</strong></div>
|j|☆adkaw
|j|☆yeetsky
|t:|1776298666
|gametype|singles
|player|p1|adkaw|170|1122
|player|p2|yeetsky|169|1184
|gen|9
|tier|[Gen 9] OU
|rated|
|rule|HP Percentage Mod: HP is shown in percentages
|rule|Endless Battle Clause: Forcing endless battles is banned
|rule|Species Clause: Limit one of each Pokémon
|rule|OHKO Clause: OHKO moves are banned
|rule|Evasion Items Clause: Evasion items are banned
|rule|Evasion Moves Clause: Evasion moves are banned
|rule|Evasion Abilities Clause: Evasion abilities are banned
|rule|Sleep Moves Clause: Sleep-inducing moves are banned
|clearpoke
|poke|p1|Zamazenta-*|
|poke|p1|Lokix, M|
|poke|p1|Slowking-Galar, M|
|poke|p1|Primarina, F|
|poke|p1|Great Tusk|
|poke|p1|Dragonite, F|
|poke|p2|Raging Bolt|
|poke|p2|Kingambit, M|
|poke|p2|Great Tusk|
|poke|p2|Ogerpon-Wellspring, F|
|poke|p2|Rillaboom, F|
|poke|p2|Tornadus-Therian, M|
|teampreview
|inactive|Battle timer is ON: inactive players will automatically lose when time's up. (requested by yeetsky)
|
|t:|1776298675
|teamsize|p1|6
|teamsize|p2|6
|start
|switch|p1a: Lokix|Lokix, M|100/100
|switch|p2a: Tornadus|Tornadus-Therian, M|100/100
|turn|1
|
|t:|1776298678
|switch|p1a: Slowking|Slowking-Galar, M|100/100
|move|p2a: Tornadus|Bleakwind Storm|p1a: Slowking
|-damage|p1a: Slowking|73/100
|
|upkeep
|turn|2
|
|t:|1776298683
|move|p2a: Tornadus|U-turn|p1a: Slowking
|-damage|p1a: Slowking|58/100
|
|t:|1776298685
|switch|p2a: Kingambit|Kingambit, M|100/100|[from] U-turn
|-item|p2a: Kingambit|Air Balloon
|-prepare|p1a: Slowking|Chilly Reception|[premajor]
|move|p1a: Slowking|Chilly Reception|p1a: Slowking
|-weather|Snowscape
|
|t:|1776298687
|switch|p1a: Great Tusk|Great Tusk|100/100|[from] Chilly Reception
|
|-weather|Snowscape|[upkeep]
|upkeep
|turn|3
|
|t:|1776298690
|-terastallize|p2a: Kingambit|Ghost
|move|p1a: Great Tusk|Stealth Rock|p2a: Kingambit
|-sidestart|p2: yeetsky|move: Stealth Rock
|move|p2a: Kingambit|Swords Dance|p2a: Kingambit
|-boost|p2a: Kingambit|atk|2
|
|-weather|Snowscape|[upkeep]
|upkeep
|turn|4
|
|t:|1776298694
|move|p2a: Kingambit|Iron Head|p1a: Great Tusk
|-crit|p1a: Great Tusk
|-damage|p1a: Great Tusk|35/100
|-damage|p2a: Kingambit|84/100|[from] item: Rocky Helmet|[of] p1a: Great Tusk
|move|p1a: Great Tusk|Roar|p2a: Kingambit
|drag|p2a: Tornadus|Tornadus-Therian, M|100/100
|-damage|p2a: Tornadus|76/100|[from] Stealth Rock
|
|-weather|Snowscape|[upkeep]
|upkeep
|turn|5
|
|t:|1776298698
|-end|p1a: Great Tusk|Protosynthesis|[silent]
|switch|p1a: Slowking|Slowking-Galar, M|92/100
|move|p2a: Tornadus|Bleakwind Storm|p1a: Slowking
|-damage|p1a: Slowking|66/100
|
|-weather|Snowscape|[upkeep]
|upkeep
|turn|6
|
|t:|1776298702
|move|p2a: Tornadus|Bleakwind Storm|p1a: Slowking
|-damage|p1a: Slowking|37/100
|-unboost|p1a: Slowking|spe|1
|move|p1a: Slowking|Toxic|p2a: Tornadus
|-status|p2a: Tornadus|tox
|
|-weather|none
|-damage|p2a: Tornadus|70/100 tox|[from] psn
|upkeep
|turn|7
|
|t:|1776298705
|move|p2a: Tornadus|U-turn|p1a: Slowking
|-damage|p1a: Slowking|22/100
|
|t:|1776298708
|switch|p2a: Kingambit|Kingambit, M, tera:Ghost|84/100|[from] U-turn
|-damage|p2a: Kingambit|72/100|[from] Stealth Rock
|-item|p2a: Kingambit|Air Balloon
|move|p1a: Slowking|Sludge Bomb|p2a: Kingambit
|-resisted|p2a: Kingambit
|-damage|p2a: Kingambit|55/100
|-enditem|p2a: Kingambit|Air Balloon
|
|upkeep
|turn|8
|
|t:|1776298721
|switch|p1a: Great Tusk|Great Tusk|35/100
|move|p2a: Kingambit|Kowtow Cleave|p1a: Great Tusk
|-resisted|p1a: Great Tusk
|-damage|p1a: Great Tusk|22/100
|-damage|p2a: Kingambit|39/100|[from] item: Rocky Helmet|[of] p1a: Great Tusk
|
|upkeep
|turn|9
|
|t:|1776298730
|move|p2a: Kingambit|Sucker Punch||[still]
|-fail|p2a: Kingambit
|move|p1a: Great Tusk|Roar|p2a: Kingambit
|drag|p2a: Great Tusk|Great Tusk|100/100
|-damage|p2a: Great Tusk|98/100|[from] Stealth Rock
|-enditem|p2a: Great Tusk|Booster Energy
|-activate|p2a: Great Tusk|ability: Protosynthesis|[fromitem]
|-start|p2a: Great Tusk|protosynthesisatk
|
|upkeep
|turn|10
|
|t:|1776298736
|move|p2a: Great Tusk|Rapid Spin|p1a: Great Tusk
|-damage|p1a: Great Tusk|11/100
|-boost|p2a: Great Tusk|spe|1
|-damage|p2a: Great Tusk|81/100|[from] item: Rocky Helmet|[of] p1a: Great Tusk
|-sideend|p2: yeetsky|Stealth Rock|[from] move: Rapid Spin|[of] p2a: Great Tusk
|move|p1a: Great Tusk|Roar|p2a: Great Tusk
|-end|p2a: Great Tusk|Protosynthesis|[silent]
|drag|p2a: Kingambit|Kingambit, M, tera:Ghost|39/100
|
|upkeep
|turn|11
|
|t:|1776298747
|switch|p2a: Great Tusk|Great Tusk|81/100
|move|p1a: Great Tusk|Stealth Rock|p2a: Great Tusk
|-sidestart|p2: yeetsky|move: Stealth Rock
|
|upkeep
|turn|12
|
|t:|1776298766
|move|p2a: Great Tusk|Rapid Spin|p1a: Great Tusk
|-damage|p1a: Great Tusk|3/100
|-boost|p2a: Great Tusk|spe|1
|-damage|p2a: Great Tusk|65/100|[from] item: Rocky Helmet|[of] p1a: Great Tusk
|-sideend|p2: yeetsky|Stealth Rock|[from] move: Rapid Spin|[of] p2a: Great Tusk
|move|p1a: Great Tusk|Stealth Rock|p2a: Great Tusk
|-sidestart|p2: yeetsky|move: Stealth Rock
|
|upkeep
|turn|13
|
|t:|1776298769
|move|p2a: Great Tusk|Rapid Spin|p1a: Great Tusk
|-damage|p1a: Great Tusk|0 fnt
|-boost|p2a: Great Tusk|spe|1
|-damage|p2a: Great Tusk|48/100|[from] item: Rocky Helmet|[of] p1a: Great Tusk
|-sideend|p2: yeetsky|Stealth Rock|[from] move: Rapid Spin|[of] p2a: Great Tusk
|faint|p1a: Great Tusk
|-end|p1a: Great Tusk|Protosynthesis|[silent]
|
|upkeep
|
|t:|1776298771
|switch|p1a: Dragonite|Dragonite, F|100/100
|turn|14
|
|t:|1776298773
|move|p2a: Great Tusk|Ice Spinner|p1a: Dragonite
|-supereffective|p1a: Dragonite
|-damage|p1a: Dragonite|45/100
|move|p1a: Dragonite|Ice Beam|p2a: Great Tusk
|-supereffective|p2a: Great Tusk
|-damage|p2a: Great Tusk|0 fnt
|faint|p2a: Great Tusk
|-end|p2a: Great Tusk|Protosynthesis|[silent]
|
|upkeep
|
|t:|1776298779
|switch|p2a: Tornadus|Tornadus-Therian, M|100/100 tox
|turn|15
|
|t:|1776298786
|switch|p1a: Slowking|Slowking-Galar, M|55/100
|move|p2a: Tornadus|Bleakwind Storm|p1a: Slowking
|-damage|p1a: Slowking|30/100
|-unboost|p1a: Slowking|spe|1
|
|-damage|p2a: Tornadus|94/100 tox|[from] psn
|upkeep
|turn|16
|
|t:|1776298797
|switch|p1a: Primarina|Primarina, F|100/100
|move|p2a: Tornadus|Bleakwind Storm|p1a: Primarina
|-damage|p1a: Primarina|63/100
|-unboost|p1a: Primarina|spe|1
|
|-damage|p2a: Tornadus|82/100 tox|[from] psn
|upkeep
|turn|17
|
|t:|1776298803
|move|p2a: Tornadus|U-turn|p1a: Primarina
|-resisted|p1a: Primarina
|-damage|p1a: Primarina|55/100
|
|t:|1776298804
|switch|p2a: Rillaboom|Rillaboom, F|100/100|[from] U-turn
|-fieldstart|move: Grassy Terrain|[from] ability: Grassy Surge|[of] p2a: Rillaboom
|move|p1a: Primarina|Draining Kiss|p2a: Rillaboom
|-damage|p2a: Rillaboom|61/100
|-heal|p1a: Primarina|83/100|[from] drain|[of] p2a: Rillaboom
|
|-heal|p2a: Rillaboom|67/100|[from] Grassy Terrain
|-heal|p1a: Primarina|89/100|[from] Grassy Terrain
|upkeep
|turn|18
|
|t:|1776298811
|switch|p1a: Lokix|Lokix, M|100/100
|move|p2a: Rillaboom|Knock Off|p1a: Lokix
|-resisted|p1a: Lokix
|-damage|p1a: Lokix|62/100
|-enditem|p1a: Lokix|Heavy-Duty Boots|[from] move: Knock Off|[of] p2a: Rillaboom
|
|-heal|p1a: Lokix|68/100|[from] Grassy Terrain
|-heal|p2a: Rillaboom|73/100|[from] Grassy Terrain
|upkeep
|turn|19
|
|t:|1776298818
|switch|p2a: Tornadus|Tornadus-Therian, M|100/100 tox
|move|p1a: Lokix|First Impression|p2a: Tornadus
|-resisted|p2a: Tornadus
|-damage|p2a: Tornadus|50/100 tox
|
|-heal|p1a: Lokix|74/100|[from] Grassy Terrain
|-damage|p2a: Tornadus|44/100 tox|[from] psn
|upkeep
|turn|20
|
|t:|1776298826
|switch|p1a: Primarina|Primarina, F|89/100
|move|p2a: Tornadus|Bleakwind Storm|p1a: Primarina
|-damage|p1a: Primarina|48/100
|
|-heal|p1a: Primarina|54/100|[from] Grassy Terrain
|-damage|p2a: Tornadus|32/100 tox|[from] psn
|upkeep
|turn|21
|
|t:|1776298830
|move|p2a: Tornadus|Grass Knot|p1a: Primarina
|-supereffective|p1a: Primarina
|-damage|p1a: Primarina|23/100
|move|p1a: Primarina|Draining Kiss|p2a: Tornadus
|-damage|p2a: Tornadus|9/100 tox
|-heal|p1a: Primarina|37/100|[from] drain|[of] p2a: Tornadus
|
|-heal|p1a: Primarina|43/100|[from] Grassy Terrain
|-damage|p2a: Tornadus|0 fnt|[from] psn
|faint|p2a: Tornadus
|-fieldend|move: Grassy Terrain
|upkeep
|
|t:|1776298856
|switch|p2a: Rillaboom|Rillaboom, F|73/100
|-fieldstart|move: Grassy Terrain|[from] ability: Grassy Surge|[of] p2a: Rillaboom
|turn|22
|
|t:|1776298858
|move|p2a: Rillaboom|Grassy Glide|p1a: Primarina
|-supereffective|p1a: Primarina
|-damage|p1a: Primarina|0 fnt
|faint|p1a: Primarina
|
|-heal|p2a: Rillaboom|79/100|[from] Grassy Terrain
|upkeep
|
|t:|1776298860
|switch|p1a: Dragonite|Dragonite, F|45/100
|turn|23
|inactive|yeetsky has 120 seconds left.
|
|t:|1776298904
|switch|p2a: Kingambit|Kingambit, M, tera:Ghost|39/100
|move|p1a: Dragonite|Roost|p1a: Dragonite
|-heal|p1a: Dragonite|95/100
|-singleturn|p1a: Dragonite|move: Roost
|
|-heal|p1a: Dragonite|100/100|[from] Grassy Terrain
|-heal|p2a: Kingambit|45/100|[from] Grassy Terrain
|upkeep
|turn|24
|
|t:|1776298907
|move|p1a: Dragonite|Hurricane|p2a: Kingambit
|-damage|p2a: Kingambit|0 fnt
|faint|p2a: Kingambit
|
|upkeep
|
|t:|1776298911
|switch|p2a: Raging Bolt|Raging Bolt|100/100
|turn|25
|
|t:|1776298914
|-terastallize|p1a: Dragonite|Fairy
|move|p1a: Dragonite|Ice Beam|p2a: Raging Bolt
|-supereffective|p2a: Raging Bolt
|-damage|p2a: Raging Bolt|54/100
|move|p2a: Raging Bolt|Calm Mind|p2a: Raging Bolt
|-boost|p2a: Raging Bolt|spa|1
|-boost|p2a: Raging Bolt|spd|1
|
|-heal|p2a: Raging Bolt|60/100|[from] Grassy Terrain
|-heal|p2a: Raging Bolt|66/100|[from] item: Leftovers
|upkeep
|turn|26
|
|t:|1776298919
|move|p1a: Dragonite|Ice Beam|p2a: Raging Bolt
|-supereffective|p2a: Raging Bolt
|-damage|p2a: Raging Bolt|34/100
|move|p2a: Raging Bolt|Thunderbolt|p1a: Dragonite
|-damage|p1a: Dragonite|68/100
|
|-heal|p1a: Dragonite|74/100|[from] Grassy Terrain
|-heal|p2a: Raging Bolt|41/100|[from] Grassy Terrain
|-heal|p2a: Raging Bolt|47/100|[from] item: Leftovers
|-fieldend|move: Grassy Terrain
|upkeep
|turn|27
|
|t:|1776298926
|move|p1a: Dragonite|Ice Beam|p2a: Raging Bolt
|-supereffective|p2a: Raging Bolt
|-damage|p2a: Raging Bolt|12/100
|move|p2a: Raging Bolt|Thunderbolt|p1a: Dragonite
|-damage|p1a: Dragonite|4/100
|
|-heal|p2a: Raging Bolt|18/100|[from] item: Leftovers
|upkeep
|turn|28
|
|t:|1776298929
|move|p2a: Raging Bolt|Thunderclap||[still]
|-fail|p2a: Raging Bolt
|move|p1a: Dragonite|Roost|p1a: Dragonite
|-heal|p1a: Dragonite|54/100
|
|-heal|p2a: Raging Bolt|24/100|[from] item: Leftovers
|upkeep
|turn|29
|
|t:|1776298932
|move|p2a: Raging Bolt|Thunderclap||[still]
|-fail|p2a: Raging Bolt
|move|p1a: Dragonite|Roost|p1a: Dragonite
|-heal|p1a: Dragonite|100/100
|
|-heal|p2a: Raging Bolt|30/100|[from] item: Leftovers
|upkeep
|turn|30
|c|☆yeetsky|:
|
|t:|1776298937
|move|p2a: Raging Bolt|Thunderclap|p1a: Dragonite
|-damage|p1a: Dragonite|73/100
|move|p1a: Dragonite|Ice Beam|p2a: Raging Bolt
|-supereffective|p2a: Raging Bolt
|-damage|p2a: Raging Bolt|0 fnt
|faint|p2a: Raging Bolt
|-end|p2a: Raging Bolt|Protosynthesis|[silent]
|
|upkeep
|c|☆yeetsky|:/
|
|t:|1776298942
|switch|p2a: Ogerpon|Ogerpon-Wellspring, F|100/100
|turn|31
|
|t:|1776298944
|move|p2a: Ogerpon|Ivy Cudgel|p1a: Dragonite|[anim] Ivy Cudgel Water
|-damage|p1a: Dragonite|17/100
|move|p1a: Dragonite|Hurricane|p2a: Ogerpon|[miss]
|-miss|p1a: Dragonite|p2a: Ogerpon
|
|upkeep
|turn|32
|
|t:|1776298951
|move|p2a: Ogerpon|Ivy Cudgel|p1a: Dragonite|[anim] Ivy Cudgel Water
|-crit|p1a: Dragonite
|-damage|p1a: Dragonite|0 fnt
|faint|p1a: Dragonite
|
|upkeep
|
|t:|1776298952
|switch|p1a: Lokix|Lokix, M|74/100
|turn|33
|
|t:|1776298960
|switch|p2a: Rillaboom|Rillaboom, F|79/100
|-fieldstart|move: Grassy Terrain|[from] ability: Grassy Surge|[of] p2a: Rillaboom
|move|p1a: Lokix|First Impression|p2a: Rillaboom
|-supereffective|p2a: Rillaboom
|-damage|p2a: Rillaboom|0 fnt
|faint|p2a: Rillaboom
|
|-heal|p1a: Lokix|80/100|[from] Grassy Terrain
|upkeep
|
|t:|1776298961
|switch|p2a: Ogerpon|Ogerpon-Wellspring, F|100/100
|turn|34
|
|t:|1776298965
|move|p2a: Ogerpon|Swords Dance|p2a: Ogerpon
|-boost|p2a: Ogerpon|atk|2
|move|p1a: Lokix|U-turn|p2a: Ogerpon
|-supereffective|p2a: Ogerpon
|-damage|p2a: Ogerpon|16/100
|
|t:|1776298967
|switch|p1a: Zamazenta|Zamazenta|100/100|[from] U-turn
|-ability|p1a: Zamazenta|Dauntless Shield|boost
|-boost|p1a: Zamazenta|def|1
|
|-heal|p2a: Ogerpon|22/100|[from] Grassy Terrain
|upkeep
|turn|35
|
|t:|1776298969
|move|p1a: Zamazenta|Close Combat|p2a: Ogerpon
|-damage|p2a: Ogerpon|0 fnt
|-unboost|p1a: Zamazenta|def|1
|-unboost|p1a: Zamazenta|spd|1
|faint|p2a: Ogerpon
|
|win|adkaw
|raw|adkaw's rating: 1122 &rarr; <strong>1151</strong><br />(+29 for winning)
|raw|yeetsky's rating: 1184 &rarr; <strong>1155</strong><br />(-29 for losing)
|c|☆yeetsky|gg
|l|☆yeetsky
|player|p2|
