|html|<div class="broadcast-blue"><strong>[Gen 9] OU is currently suspecting Tera Blast! For information on how to participate check out the <a href="https://www.smogon.com/tools/suspects/view/200">suspect thread</a>.</strong></div>
|j|☆HAZ696
|j|☆too short to ride
|t:|1776031673
|gametype|singles
|player|p1|HAZ696|swimmerf-gen4|1111
|player|p2|too short to ride|scientistf|1124
|gen|9
|tier|[Gen 9] OU
|rated|
|rule|HP Percentage Mod: HP is shown in percentages
|rule|Endless Battle Clause: Forcing endless battles is banned
|rule|Species Clause: Limit one of each Pokémon
|rule|OHKO Clause: OHKO moves are banned
|rule|Evasion Items Clause: Evasion items are banned
|rule|Evasion Moves Clause: Evasion moves are banned
|rule|Evasion Abilities Clause: Evasion abilities are banned
|rule|Sleep Moves Clause: Sleep-inducing moves are banned
|clearpoke
|poke|p1|Delphox, F|
|poke|p1|Salazzle, F|
|poke|p1|Vaporeon, F|
|poke|p1|Virizion|
|poke|p1|Meowscarada, F|
|poke|p1|Gardevoir, F|
|poke|p2|Deoxys-Speed|
|poke|p2|Ceruledge, M|
|poke|p2|Zamazenta-*|
|poke|p2|Ogerpon-Wellspring, F|
|poke|p2|Glimmora, F|
|poke|p2|Moltres-Galar|
|teampreview
|
|t:|1776031682
|teamsize|p1|6
|teamsize|p2|6
|start
|switch|p1a: Wife Material|Gardevoir, F|100/100
|switch|p2a: Deoxys|Deoxys-Speed|100/100
|-ability|p2a: Deoxys|Pressure
|-ability|p1a: Wife Material|Pressure|Trace|[from] ability: Trace|[of] p2a: Deoxys
|-ability|p1a: Wife Material|Pressure
|turn|1
|
|t:|1776031700
|move|p2a: Deoxys|Light Screen|p2a: Deoxys
|-sidestart|p2: too short to ride|move: Light Screen
|move|p1a: Wife Material|Shadow Ball|p2a: Deoxys
|-supereffective|p2a: Deoxys
|-crit|p2a: Deoxys
|-damage|p2a: Deoxys|0 fnt
|faint|p2a: Deoxys
|
|upkeep
|
|t:|1776031717
|switch|p2a: Moltres|Moltres-Galar|100/100
|turn|2
|
|t:|1776031735
|switch|p1a: Uma musume|Virizion|100/100
|move|p2a: Moltres|Agility|p2a: Moltres
|-boost|p2a: Moltres|spe|2
|
|upkeep
|turn|3
|
|t:|1776031748
|-terastallize|p1a: Uma musume|Water
|move|p2a: Moltres|Nasty Plot|p2a: Moltres
|-boost|p2a: Moltres|spa|2
|move|p1a: Uma musume|Stone Edge|p2a: Moltres
|-supereffective|p2a: Moltres
|-damage|p2a: Moltres|28/100
|-ability|p2a: Moltres|Berserk|boost
|-boost|p2a: Moltres|spa|1
|-enditem|p2a: Moltres|Sitrus Berry|[eat]
|-heal|p2a: Moltres|53/100|[from] item: Sitrus Berry
|
|upkeep
|turn|4
|
|t:|1776031759
|-terastallize|p2a: Moltres|Fairy
|move|p2a: Moltres|Fiery Wrath|p1a: Uma musume
|-damage|p1a: Uma musume|52/100
|-ability|p1a: Uma musume|Justified|boost
|-boost|p1a: Uma musume|atk|1
|move|p1a: Uma musume|Stone Edge|p2a: Moltres
|-damage|p2a: Moltres|0 fnt
|faint|p2a: Moltres
|
|upkeep
|
|t:|1776031774
|switch|p2a: Ogerpon|Ogerpon-Wellspring, F|100/100
|turn|5
|
|t:|1776031779
|move|p2a: Ogerpon|Horn Leech|p1a: Uma musume
|-supereffective|p1a: Uma musume
|-damage|p1a: Uma musume|0 fnt
|faint|p1a: Uma musume
|
|upkeep
|
|t:|1776031789
|switch|p1a: Hot Furry|Meowscarada, F, shiny|100/100
|turn|6
|
|t:|1776031796
|move|p1a: Hot Furry|U-turn|p2a: Ogerpon
|-start|p1a: Hot Furry|typechange|Bug|[from] ability: Protean
|-supereffective|p2a: Ogerpon
|-damage|p2a: Ogerpon|21/100
|
|t:|1776031805
|switch|p1a: Wife Material|Gardevoir, F|100/100|[from] U-turn
|-ability|p1a: Wife Material|Water Absorb|Trace|[from] ability: Trace|[of] p2a: Ogerpon
|move|p2a: Ogerpon|Play Rough|p1a: Wife Material
|-damage|p1a: Wife Material|32/100
|
|upkeep
|turn|7
|
|t:|1776031819
|move|p1a: Wife Material|Psychic|p2a: Ogerpon
|-damage|p2a: Ogerpon|0 fnt
|faint|p2a: Ogerpon
|
|upkeep
|
|t:|1776031827
|switch|p2a: Ceruledge|Ceruledge, M|100/100
|turn|8
|
|t:|1776031837
|switch|p1a: Goth Baddie|Salazzle, F, shiny|100/100
|move|p2a: Ceruledge|Swords Dance|p2a: Ceruledge
|-boost|p2a: Ceruledge|atk|2
|
|-sideend|p2: too short to ride|move: Light Screen
|upkeep
|turn|9
|
|t:|1776031853
|move|p1a: Goth Baddie|Dragon Pulse|p2a: Ceruledge
|-damage|p2a: Ceruledge|78/100
|move|p2a: Ceruledge|Bitter Blade|p1a: Goth Baddie
|-resisted|p1a: Goth Baddie
|-enditem|p1a: Goth Baddie|Focus Sash
|-damage|p1a: Goth Baddie|1/100
|-heal|p2a: Ceruledge|100/100|[from] drain|[of] p1a: Goth Baddie
|-damage|p2a: Ceruledge|91/100|[from] item: Life Orb
|
|upkeep
|turn|10
|
|t:|1776031864
|switch|p1a: Hot Furry|Meowscarada, F, shiny|100/100
|move|p2a: Ceruledge|Shadow Sneak|p1a: Hot Furry
|-resisted|p1a: Hot Furry
|-damage|p1a: Hot Furry|59/100
|-damage|p2a: Ceruledge|81/100|[from] item: Life Orb
|
|upkeep
|turn|11
|
|t:|1776031871
|switch|p2a: Glimmora|Glimmora, F|100/100
|move|p1a: Hot Furry|Knock Off|p2a: Glimmora
|-start|p1a: Hot Furry|typechange|Dark|[from] ability: Protean
|-damage|p2a: Glimmora|49/100
|-activate|p2a: Glimmora|ability: Toxic Debris
|-sidestart|p1: HAZ696|move: Toxic Spikes
|-enditem|p2a: Glimmora|Power Herb|[from] move: Knock Off|[of] p1a: Hot Furry
|
|upkeep
|turn|12
|
|t:|1776031880
|move|p1a: Hot Furry|Knock Off|p2a: Glimmora
|-damage|p2a: Glimmora|14/100
|-activate|p2a: Glimmora|ability: Toxic Debris
|-sidestart|p1: HAZ696|move: Toxic Spikes
|move|p2a: Glimmora|Stealth Rock|p1a: Hot Furry
|-sidestart|p1: HAZ696|move: Stealth Rock
|
|upkeep
|turn|13
|
|t:|1776031887
|move|p1a: Hot Furry|Knock Off|p2a: Glimmora
|-damage|p2a: Glimmora|0 fnt
|faint|p2a: Glimmora
|
|upkeep
|
|t:|1776031891
|switch|p2a: Zamazenta|Zamazenta|100/100
|-ability|p2a: Zamazenta|Dauntless Shield|boost
|-boost|p2a: Zamazenta|def|1
|turn|14
|
|t:|1776031897
|switch|p1a: 10/10 Redhead|Delphox, F|100/100
|-status|p1a: 10/10 Redhead|tox
|-damage|p1a: 10/10 Redhead|76/100 tox|[from] Stealth Rock
|move|p2a: Zamazenta|Iron Defense|p2a: Zamazenta
|-boost|p2a: Zamazenta|def|2
|
|-damage|p1a: 10/10 Redhead|70/100 tox|[from] psn
|upkeep
|turn|15
|
|t:|1776031907
|move|p2a: Zamazenta|Body Press|p1a: 10/10 Redhead
|-resisted|p1a: 10/10 Redhead
|-damage|p1a: 10/10 Redhead|8/100 tox
|-enditem|p1a: 10/10 Redhead|Red Card|[of] p2a: Zamazenta
|drag|p2a: Ceruledge|Ceruledge, M|81/100
|move|p1a: 10/10 Redhead|Psychic|p2a: Ceruledge
|-damage|p2a: Ceruledge|40/100
|-item|p1a: 10/10 Redhead|Life Orb|[from] ability: Magician|[of] p2a: Ceruledge
|
|-damage|p1a: 10/10 Redhead|0 fnt|[from] psn
|faint|p1a: 10/10 Redhead
|upkeep
|
|t:|1776031921
|switch|p1a: Hot Furry|Meowscarada, F, shiny|59/100
|-status|p1a: Hot Furry|tox
|-damage|p1a: Hot Furry|47/100 tox|[from] Stealth Rock
|turn|16
|
|t:|1776031929
|switch|p2a: Zamazenta|Zamazenta|100/100
|move|p1a: Hot Furry|Knock Off|p2a: Zamazenta
|-start|p1a: Hot Furry|typechange|Dark|[from] ability: Protean
|-resisted|p2a: Zamazenta
|-damage|p2a: Zamazenta|82/100
|-enditem|p2a: Zamazenta|Leftovers|[from] move: Knock Off|[of] p1a: Hot Furry
|
|-damage|p1a: Hot Furry|41/100 tox|[from] psn
|upkeep
|turn|17
|
|t:|1776031940
|move|p1a: Hot Furry|Knock Off|p2a: Zamazenta
|-resisted|p2a: Zamazenta
|-damage|p2a: Zamazenta|70/100
|move|p2a: Zamazenta|Iron Defense|p2a: Zamazenta
|-boost|p2a: Zamazenta|def|2
|
|-damage|p1a: Hot Furry|28/100 tox|[from] psn
|upkeep
|turn|18
|
|t:|1776031952
|move|p1a: Hot Furry|Knock Off|p2a: Zamazenta
|-resisted|p2a: Zamazenta
|-damage|p2a: Zamazenta|64/100
|move|p2a: Zamazenta|Heavy Slam|p1a: Hot Furry
|-damage|p1a: Hot Furry|0 fnt
|faint|p1a: Hot Furry
|
|upkeep
|
|t:|1776031958
|switch|p1a: Goth Baddie|Salazzle, F, shiny|1/100
|-sideend|p1: HAZ696|move: Toxic Spikes|[of] p1a: Goth Baddie
|-damage|p1a: Goth Baddie|0 fnt|[from] Stealth Rock
|faint|p1a: Goth Baddie
|
|t:|1776031971
|switch|p1a: Pocket Poreon|Vaporeon, F, shiny|100/100
|-damage|p1a: Pocket Poreon|88/100|[from] Stealth Rock
|turn|19
|
|t:|1776031977
|move|p2a: Zamazenta|Body Press|p1a: Pocket Poreon
|-damage|p1a: Pocket Poreon|3/100
|move|p1a: Pocket Poreon|Alluring Voice|p2a: Zamazenta
|-supereffective|p2a: Zamazenta
|-damage|p2a: Zamazenta|0 fnt
|faint|p2a: Zamazenta
|
|upkeep
|
|t:|1776031980
|switch|p2a: Ceruledge|Ceruledge, M|40/100
|turn|20
|
|t:|1776031989
|move|p2a: Ceruledge|Shadow Sneak|p1a: Pocket Poreon
|-damage|p1a: Pocket Poreon|0 fnt
|faint|p1a: Pocket Poreon
|
|upkeep
|
|t:|1776031993
|switch|p1a: Wife Material|Gardevoir, F|32/100
|-damage|p1a: Wife Material|20/100|[from] Stealth Rock
|-ability|p1a: Wife Material|Weak Armor|Trace|[from] ability: Trace|[of] p2a: Ceruledge
|turn|21
|
|t:|1776032003
|move|p2a: Ceruledge|Shadow Sneak|p1a: Wife Material
|-supereffective|p1a: Wife Material
|-damage|p1a: Wife Material|0 fnt
|faint|p1a: Wife Material
|
|win|too short to ride
|raw|HAZ696's rating: 1111 &rarr; <strong>1088</strong><br />(-23 for losing)
|raw|too short to ride's rating: 1144 &rarr; <strong>1167</strong><br />(+23 for winning)
|l|☆too short to ride
|player|p2|
|l|☆HAZ696
|player|p1|
