|html|<div class="broadcast-blue"><strong>[Gen 9] OU is currently suspecting Tera Blast! For information on how to participate check out the <a href="https://www.smogon.com/tools/suspects/view/200">suspect thread</a>.</strong></div>
|j|☆pixel_dragon9
|j|☆Schmoobis
|t:|1776250008
|gametype|singles
|player|p1|pixel_dragon9|170|1298
|player|p2|Schmoobis|clown|1248
|gen|9
|tier|[Gen 9] OU
|rated|
|rule|HP Percentage Mod: HP is shown in percentages
|rule|Endless Battle Clause: Forcing endless battles is banned
|rule|Species Clause: Limit one of each Pokémon
|rule|OHKO Clause: OHKO moves are banned
|rule|Evasion Items Clause: Evasion items are banned
|rule|Evasion Moves Clause: Evasion moves are banned
|rule|Evasion Abilities Clause: Evasion abilities are banned
|rule|Sleep Moves Clause: Sleep-inducing moves are banned
|clearpoke
|poke|p1|Tyranitar, M|
|poke|p1|Excadrill, F|
|poke|p1|Gholdengo|
|poke|p1|Glimmora, M|
|poke|p1|Kyurem|
|poke|p1|Alomomola, M|
|poke|p2|Pelipper, F|
|poke|p2|Goodra, F|
|poke|p2|Rillaboom, F|
|poke|p2|Inteleon, M|
|poke|p2|Moltres|
|poke|p2|Conkeldurr, M|
|teampreview
|inactive|Battle timer is ON: inactive players will automatically lose when time's up. (requested by pixel_dragon9)
|
|t:|1776250018
|teamsize|p1|6
|teamsize|p2|6
|start
|switch|p1a: Glimmora|Glimmora, M|100/100
|switch|p2a: Inteleon|Inteleon, M|100/100
|turn|1
|
|t:|1776250026
|move|p2a: Inteleon|Snipe Shot|p1a: Glimmora
|-supereffective|p1a: Glimmora
|-enditem|p1a: Glimmora|Focus Sash
|-damage|p1a: Glimmora|1/100
|move|p1a: Glimmora|Stealth Rock|p2a: Inteleon
|-sidestart|p2: Schmoobis|move: Stealth Rock
|
|upkeep
|turn|2
|
|t:|1776250034
|move|p2a: Inteleon|Snipe Shot|p1a: Glimmora
|-supereffective|p1a: Glimmora
|-damage|p1a: Glimmora|0 fnt
|faint|p1a: Glimmora
|
|upkeep
|
|t:|1776250040
|switch|p1a: Kyurem|Kyurem|100/100
|-ability|p1a: Kyurem|Pressure
|turn|3
|
|t:|1776250045
|switch|p2a: Conkeldurr|Conkeldurr, M|100/100
|-damage|p2a: Conkeldurr|94/100|[from] Stealth Rock
|move|p1a: Kyurem|Freeze-Dry|p2a: Conkeldurr
|-damage|p2a: Conkeldurr|31/100
|
|-status|p2a: Conkeldurr|brn|[from] item: Flame Orb
|upkeep
|turn|4
|
|t:|1776250058
|switch|p1a: Gholdengo|Gholdengo|100/100
|move|p2a: Conkeldurr|Defog|p1a: Gholdengo
|-immune|p1a: Gholdengo|[from] ability: Good as Gold
|
|-damage|p2a: Conkeldurr|25/100 brn|[from] brn
|upkeep
|turn|5
|
|t:|1776250068
|switch|p2a: Moltres|Moltres|100/100
|move|p1a: Gholdengo|Shadow Ball|p2a: Moltres
|-damage|p2a: Moltres|69/100
|-unboost|p2a: Moltres|spd|1
|
|upkeep
|turn|6
|
|t:|1776250077
|move|p1a: Gholdengo|Shadow Ball|p2a: Moltres
|-damage|p2a: Moltres|23/100
|move|p2a: Moltres|Flamethrower|p1a: Gholdengo
|-supereffective|p1a: Gholdengo
|-damage|p1a: Gholdengo|9/100
|
|upkeep
|turn|7
|
|t:|1776250086
|switch|p2a: Goodra|Goodra, F|100/100
|-damage|p2a: Goodra|88/100|[from] Stealth Rock
|move|p1a: Gholdengo|Shadow Ball|p2a: Goodra
|-damage|p2a: Goodra|64/100
|
|upkeep
|turn|8
|
|t:|1776250094
|switch|p1a: Tyranitar|Tyranitar, M|100/100
|-weather|Sandstorm|[from] ability: Sand Stream|[of] p1a: Tyranitar
|move|p2a: Goodra|Surf|p1a: Tyranitar
|-supereffective|p1a: Tyranitar
|-damage|p1a: Tyranitar|75/100
|
|-weather|Sandstorm|[upkeep]
|-damage|p2a: Goodra|58/100|[from] Sandstorm
|upkeep
|turn|9
|
|t:|1776250106
|switch|p2a: Moltres|Moltres|23/100
|move|p1a: Tyranitar|Stone Edge|p2a: Moltres|[miss]
|-miss|p1a: Tyranitar|p2a: Moltres
|
|-weather|Sandstorm|[upkeep]
|-damage|p2a: Moltres|17/100|[from] Sandstorm
|upkeep
|turn|10
|
|t:|1776250125
|move|p2a: Moltres|Roost|p2a: Moltres
|-heal|p2a: Moltres|67/100
|-singleturn|p2a: Moltres|move: Roost
|move|p1a: Tyranitar|Crunch|p2a: Moltres
|-damage|p2a: Moltres|20/100
|
|-weather|Sandstorm|[upkeep]
|-damage|p2a: Moltres|14/100|[from] Sandstorm
|upkeep
|turn|11
|
|t:|1776250136
|move|p2a: Moltres|Will-O-Wisp|p1a: Tyranitar
|-status|p1a: Tyranitar|brn
|move|p1a: Tyranitar|Stone Edge|p2a: Moltres
|-supereffective|p2a: Moltres
|-crit|p2a: Moltres
|-damage|p2a: Moltres|0 fnt
|faint|p2a: Moltres
|
|-weather|Sandstorm|[upkeep]
|-damage|p1a: Tyranitar|69/100 brn|[from] brn
|upkeep
|
|t:|1776250148
|switch|p2a: Pelipper|Pelipper, F|100/100
|-damage|p2a: Pelipper|76/100|[from] Stealth Rock
|-weather|RainDance|[from] ability: Drizzle|[of] p2a: Pelipper
|turn|12
|
|t:|1776250157
|switch|p1a: Alomomola|Alomomola, M|100/100
|move|p2a: Pelipper|Surf|p1a: Alomomola
|-resisted|p1a: Alomomola
|-damage|p1a: Alomomola|73/100
|
|-weather|RainDance|[upkeep]
|upkeep
|turn|13
|
|t:|1776250165
|move|p1a: Alomomola|Flip Turn|p2a: Pelipper
|-resisted|p2a: Pelipper
|-damage|p2a: Pelipper|67/100
|
|t:|1776250168
|switch|p1a: Tyranitar|Tyranitar, M|69/100 brn|[from] Flip Turn
|-weather|Sandstorm|[from] ability: Sand Stream|[of] p1a: Tyranitar
|move|p2a: Pelipper|Roost|p2a: Pelipper
|-heal|p2a: Pelipper|100/100
|-singleturn|p2a: Pelipper|move: Roost
|
|-weather|Sandstorm|[upkeep]
|-damage|p2a: Pelipper|94/100|[from] Sandstorm
|-damage|p1a: Tyranitar|63/100 brn|[from] brn
|upkeep
|turn|14
|
|t:|1776250187
|switch|p2a: Rillaboom|Rillaboom, F|100/100
|-damage|p2a: Rillaboom|88/100|[from] Stealth Rock
|-fieldstart|move: Grassy Terrain|[from] ability: Grassy Surge|[of] p2a: Rillaboom
|move|p1a: Tyranitar|Stone Edge|p2a: Rillaboom
|-damage|p2a: Rillaboom|54/100
|
|-weather|Sandstorm|[upkeep]
|-damage|p2a: Rillaboom|48/100|[from] Sandstorm
|-heal|p2a: Rillaboom|54/100|[from] Grassy Terrain
|-heal|p1a: Tyranitar|69/100 brn|[from] Grassy Terrain
|-damage|p1a: Tyranitar|63/100 brn|[from] brn
|upkeep
|turn|15
|
|t:|1776250212
|move|p2a: Rillaboom|Grassy Glide|p1a: Tyranitar
|-supereffective|p1a: Tyranitar
|-damage|p1a: Tyranitar|0 fnt
|faint|p1a: Tyranitar
|
|-weather|Sandstorm|[upkeep]
|-damage|p2a: Rillaboom|48/100|[from] Sandstorm
|-heal|p2a: Rillaboom|54/100|[from] Grassy Terrain
|upkeep
|inactive|pixel_dragon9 has 120 seconds left.
|
|t:|1776250222
|switch|p1a: Kyurem|Kyurem|100/100
|-ability|p1a: Kyurem|Pressure
|turn|16
|
|t:|1776250231
|switch|p2a: Pelipper|Pelipper, F|94/100
|-damage|p2a: Pelipper|70/100|[from] Stealth Rock
|-weather|RainDance|[from] ability: Drizzle|[of] p2a: Pelipper
|move|p1a: Kyurem|Freeze-Dry|p2a: Pelipper
|-supereffective|p2a: Pelipper
|-damage|p2a: Pelipper|0 fnt
|faint|p2a: Pelipper
|
|-weather|RainDance|[upkeep]
|upkeep
|
|t:|1776250250
|switch|p2a: Goodra|Goodra, F|58/100
|-damage|p2a: Goodra|46/100|[from] Stealth Rock
|-enditem|p2a: Goodra|Grassy Seed
|-boost|p2a: Goodra|def|1|[from] item: Grassy Seed
|turn|17
|
|t:|1776250256
|move|p1a: Kyurem|Freeze-Dry|p2a: Goodra
|-supereffective|p2a: Goodra
|-damage|p2a: Goodra|0 fnt
|faint|p2a: Goodra
|
|-weather|RainDance|[upkeep]
|upkeep
|
|t:|1776250263
|switch|p2a: Conkeldurr|Conkeldurr, M|25/100 brn
|-damage|p2a: Conkeldurr|19/100 brn|[from] Stealth Rock
|turn|18
|
|t:|1776250268
|switch|p1a: Alomomola|Alomomola, M|100/100
|switch|p2a: Inteleon|Inteleon, M|100/100
|-damage|p2a: Inteleon|88/100|[from] Stealth Rock
|
|-weather|RainDance|[upkeep]
|-heal|p2a: Inteleon|94/100|[from] Grassy Terrain
|-fieldend|move: Grassy Terrain
|upkeep
|turn|19
|
|t:|1776250281
|move|p1a: Alomomola|Protect|p1a: Alomomola
|-singleturn|p1a: Alomomola|Protect
|move|p2a: Inteleon|Vacuum Wave|p1a: Alomomola
|-activate|p1a: Alomomola|move: Protect
|
|-weather|RainDance|[upkeep]
|upkeep
|turn|20
|
|t:|1776250287
|move|p2a: Inteleon|Snipe Shot|p1a: Alomomola
|-resisted|p1a: Alomomola
|-damage|p1a: Alomomola|66/100
|move|p1a: Alomomola|Wish|p1a: Alomomola
|
|-weather|RainDance|[upkeep]
|upkeep
|turn|21
|
|t:|1776250295
|move|p1a: Alomomola|Protect|p1a: Alomomola
|-singleturn|p1a: Alomomola|Protect
|move|p2a: Inteleon|Snipe Shot|p1a: Alomomola
|-activate|p1a: Alomomola|move: Protect
|
|-weather|RainDance|[upkeep]
|-heal|p1a: Alomomola|100/100|[from] move: Wish|[wisher] Alomomola
|upkeep
|turn|22
|
|t:|1776250305
|move|p2a: Inteleon|Snipe Shot|p1a: Alomomola
|-resisted|p1a: Alomomola
|-damage|p1a: Alomomola|67/100
|move|p1a: Alomomola|Wish|p1a: Alomomola
|
|-weather|RainDance|[upkeep]
|upkeep
|turn|23
|
|t:|1776250313
|switch|p2a: Rillaboom|Rillaboom, F|54/100
|-damage|p2a: Rillaboom|42/100|[from] Stealth Rock
|-fieldstart|move: Grassy Terrain|[from] ability: Grassy Surge|[of] p2a: Rillaboom
|move|p1a: Alomomola|Flip Turn|p2a: Rillaboom
|-resisted|p2a: Rillaboom
|-damage|p2a: Rillaboom|30/100
|
|t:|1776250318
|switch|p1a: Gholdengo|Gholdengo|9/100|[from] Flip Turn
|
|-weather|none
|-heal|p1a: Gholdengo|94/100|[from] move: Wish|[wisher] Alomomola
|-heal|p1a: Gholdengo|99/100|[from] Grassy Terrain
|-heal|p2a: Rillaboom|36/100|[from] Grassy Terrain
|upkeep
|turn|24
|
|t:|1776250329
|move|p1a: Gholdengo|Shadow Ball|p2a: Rillaboom
|-damage|p2a: Rillaboom|0 fnt
|faint|p2a: Rillaboom
|
|-heal|p1a: Gholdengo|100/100|[from] Grassy Terrain
|upkeep
|
|t:|1776250336
|switch|p2a: Inteleon|Inteleon, M|94/100
|-damage|p2a: Inteleon|82/100|[from] Stealth Rock
|turn|25
|
|t:|1776250342
|move|p2a: Inteleon|Endure|p2a: Inteleon
|-singleturn|p2a: Inteleon|move: Endure
|move|p1a: Gholdengo|Shadow Ball|p2a: Inteleon
|-crit|p2a: Inteleon
|-activate|p2a: Inteleon|move: Endure
|-damage|p2a: Inteleon|1/100
|-unboost|p2a: Inteleon|spd|1
|-enditem|p2a: Inteleon|Lansat Berry|[eat]
|-start|p2a: Inteleon|move: Focus Energy
|
|-heal|p2a: Inteleon|7/100|[from] Grassy Terrain
|upkeep
|turn|26
|
|t:|1776250355
|move|p1a: Gholdengo|Shadow Ball|p2a: Inteleon
|-damage|p2a: Inteleon|0 fnt
|faint|p2a: Inteleon
|
|upkeep
|
|t:|1776250360
|switch|p2a: Conkeldurr|Conkeldurr, M|19/100 brn
|-damage|p2a: Conkeldurr|13/100 brn|[from] Stealth Rock
|turn|27
|
|t:|1776250366
|switch|p1a: Alomomola|Alomomola, M|99/100
|move|p2a: Conkeldurr|Defog|p1a: Alomomola
|-unboost|p1a: Alomomola|evasion|1
|-sideend|p2: Schmoobis|Stealth Rock|[from] move: Defog|[of] p2a: Conkeldurr
|-fieldend|move: Grassy Terrain
|
|-damage|p2a: Conkeldurr|7/100 brn|[from] brn
|upkeep
|turn|28
|
|t:|1776250376
|move|p1a: Alomomola|Protect|p1a: Alomomola
|-singleturn|p1a: Alomomola|Protect
|move|p2a: Conkeldurr|Close Combat|p1a: Alomomola
|-activate|p1a: Alomomola|move: Protect
|
|-damage|p2a: Conkeldurr|1/100 brn|[from] brn
|upkeep
|turn|29
|c|☆pixel_dragon9|Why defog?
|c|☆pixel_dragon9|There's no more switching you can do
|
|t:|1776250387
|move|p1a: Alomomola|Flip Turn|p2a: Conkeldurr
|-damage|p2a: Conkeldurr|0 fnt
|faint|p2a: Conkeldurr
|
|win|pixel_dragon9
|raw|pixel_dragon9's rating: 1298 &rarr; <strong>1319</strong><br />(+21 for winning)
|raw|Schmoobis's rating: 1248 &rarr; <strong>1227</strong><br />(-21 for losing)
