|html|<div class="broadcast-blue"><strong>[Gen 9] OU is currently suspecting Tera Blast! For information on how to participate check out the <a href="https://www.smogon.com/tools/suspects/view/200">suspect thread</a>.</strong></div>
|j|☆ceo o wo chien
|j|☆raditzisthebest
|t:|1776040620
|gametype|singles
|player|p1|ceo o wo chien|fisherman-gen4|1738
|player|p2|raditzisthebest|bruno|1789
|gen|9
|tier|[Gen 9] OU
|rated|
|rule|HP Percentage Mod: HP is shown in percentages
|rule|Endless Battle Clause: Forcing endless battles is banned
|rule|Species Clause: Limit one of each Pokémon
|rule|OHKO Clause: OHKO moves are banned
|rule|Evasion Items Clause: Evasion items are banned
|rule|Evasion Moves Clause: Evasion moves are banned
|rule|Evasion Abilities Clause: Evasion abilities are banned
|rule|Sleep Moves Clause: Sleep-inducing moves are banned
|clearpoke
|poke|p1|Wo-Chien|
|poke|p1|Clefable, M|
|poke|p1|Gholdengo|
|poke|p1|Great Tusk|
|poke|p1|Dragonite, F|
|poke|p1|Garganacl, M|
|poke|p2|Dragapult, M|
|poke|p2|Glimmora, M|
|poke|p2|Comfey, F|
|poke|p2|Kingambit, M|
|poke|p2|Ogerpon-Wellspring, F|
|poke|p2|Blaziken, M|
|teampreview
|inactive|Battle timer is ON: inactive players will automatically lose when time's up. (requested by ceo o wo chien)
|c|☆raditzisthebest|the goat
|
|t:|1776040641
|teamsize|p1|6
|teamsize|p2|6
|start
|switch|p1a: Great Tusk|Great Tusk|100/100
|switch|p2a: Hiyori|Ogerpon-Wellspring, F|100/100
|turn|1
|
|t:|1776040648
|-end|p1a: Great Tusk|Protosynthesis|[silent]
|switch|p1a: Escargoat|Wo-Chien|100/100
|-ability|p1a: Escargoat|Tablets of Ruin
|move|p2a: Hiyori|Ivy Cudgel|p1a: Escargoat|[anim] Ivy Cudgel Water
|-resisted|p1a: Escargoat
|-crit|p1a: Escargoat
|-damage|p1a: Escargoat|79/100
|
|-heal|p1a: Escargoat|85/100|[from] item: Leftovers
|upkeep
|turn|2
|
|t:|1776040651
|move|p2a: Hiyori|U-turn|p1a: Escargoat
|-supereffective|p1a: Escargoat
|-damage|p1a: Escargoat|24/100
|
|t:|1776040655
|switch|p2a: Bartolomeo|Glimmora, M, shiny|100/100|[from] U-turn
|move|p1a: Escargoat|Foul Play|p2a: Bartolomeo
|-damage|p2a: Bartolomeo|87/100
|-activate|p2a: Bartolomeo|ability: Toxic Debris
|-sidestart|p1: ceo o wo chien|move: Toxic Spikes
|-enditem|p2a: Bartolomeo|Red Card|[of] p1a: Escargoat
|drag|p1a: Great Tusk|Great Tusk|100/100
|
|upkeep
|turn|3
|
|t:|1776040660
|move|p1a: Great Tusk|Headlong Rush|p2a: Bartolomeo
|-supereffective|p2a: Bartolomeo
|-damage|p2a: Bartolomeo|0 fnt
|-unboost|p1a: Great Tusk|def|1
|-unboost|p1a: Great Tusk|spd|1
|-activate|p2a: Bartolomeo|ability: Toxic Debris
|-sidestart|p1: ceo o wo chien|move: Toxic Spikes
|faint|p2a: Bartolomeo
|
|upkeep
|
|t:|1776040663
|switch|p2a: King|Dragapult, M, shiny|100/100
|turn|4
|
|t:|1776040666
|-end|p1a: Great Tusk|Protosynthesis|[silent]
|switch|p1a: Young Money|Gholdengo|100/100
|move|p2a: King|Shadow Ball|p1a: Young Money
|-supereffective|p1a: Young Money
|-damage|p1a: Young Money|6/100
|-unboost|p1a: Young Money|spd|1
|-damage|p2a: King|91/100|[from] item: Life Orb
|
|upkeep
|turn|5
|
|t:|1776040680
|switch|p2a: Zoro|Kingambit, M|100/100
|-activate|p2a: Zoro|ability: Supreme Overlord
|-start|p2a: Zoro|fallen1|[silent]
|move|p1a: Young Money|Thunder Wave|p2a: Zoro
|-status|p2a: Zoro|par
|
|upkeep
|turn|6
|
|t:|1776040687
|move|p1a: Young Money|Thunder Wave|p2a: Zoro
|-fail|p2a: Zoro|par
|move|p2a: Zoro|Kowtow Cleave|p1a: Young Money
|-supereffective|p1a: Young Money
|-damage|p1a: Young Money|0 fnt
|faint|p1a: Young Money
|
|upkeep
|
|t:|1776040692
|switch|p1a: Garganacl|Garganacl, M|100/100
|turn|7
|
|t:|1776040695
|move|p1a: Garganacl|Salt Cure|p2a: Zoro
|-resisted|p2a: Zoro
|-damage|p2a: Zoro|95/100 par
|-start|p2a: Zoro|Salt Cure
|move|p2a: Zoro|Iron Head|p1a: Garganacl
|-supereffective|p1a: Garganacl
|-damage|p1a: Garganacl|32/100
|
|-heal|p1a: Garganacl|38/100|[from] item: Leftovers
|-heal|p2a: Zoro|100/100 par|[from] item: Leftovers
|-damage|p2a: Zoro|76/100 par|[from] Salt Cure
|upkeep
|turn|8
|
|t:|1776040702
|-end|p2a: Zoro|fallen1|[silent]
|switch|p2a: Sanji|Blaziken, M, shiny|100/100
|move|p1a: Garganacl|Salt Cure|p2a: Sanji
|-damage|p2a: Sanji|79/100
|-start|p2a: Sanji|Salt Cure
|
|-heal|p1a: Garganacl|45/100|[from] item: Leftovers
|-damage|p2a: Sanji|66/100|[from] Salt Cure
|upkeep
|turn|9
|
|t:|1776040708
|switch|p1a: Dragonite|Dragonite, F|100/100
|move|p2a: Sanji|Close Combat|p1a: Dragonite
|-resisted|p1a: Dragonite
|-damage|p1a: Dragonite|81/100
|-unboost|p2a: Sanji|def|1
|-unboost|p2a: Sanji|spd|1
|-damage|p2a: Sanji|56/100|[from] item: Life Orb
|
|-damage|p2a: Sanji|44/100|[from] Salt Cure
|-ability|p2a: Sanji|Speed Boost|boost
|-boost|p2a: Sanji|spe|1
|upkeep
|turn|10
|j| Jdcomix
|
|t:|1776040715
|move|p2a: Sanji|Knock Off|p1a: Dragonite
|-damage|p1a: Dragonite|40/100
|-enditem|p1a: Dragonite|Heavy-Duty Boots|[from] move: Knock Off|[of] p2a: Sanji
|-damage|p2a: Sanji|34/100|[from] item: Life Orb
|move|p1a: Dragonite|Roost|p1a: Dragonite
|-heal|p1a: Dragonite|90/100
|-singleturn|p1a: Dragonite|move: Roost
|
|-damage|p2a: Sanji|22/100|[from] Salt Cure
|-ability|p2a: Sanji|Speed Boost|boost
|-boost|p2a: Sanji|spe|1
|upkeep
|turn|11
|l| Jdcomix
|
|t:|1776040723
|switch|p2a: Hiyori|Ogerpon-Wellspring, F|100/100
|move|p1a: Dragonite|Dragon Dance|p1a: Dragonite
|-boost|p1a: Dragonite|atk|1
|-boost|p1a: Dragonite|spe|1
|
|upkeep
|turn|12
|
|t:|1776040731
|-terastallize|p1a: Dragonite|Normal
|move|p2a: Hiyori|Taunt|p1a: Dragonite
|-start|p1a: Dragonite|move: Taunt
|cant|p1a: Dragonite|move: Taunt|Dragon Dance
|
|upkeep
|turn|13
|c|☆raditzisthebest|what
|c|☆raditzisthebest|how thats a tanky boy
|
|t:|1776040753
|move|p1a: Dragonite|Extreme Speed|p2a: Hiyori
|-damage|p2a: Hiyori|11/100
|move|p2a: Hiyori|Ivy Cudgel|p1a: Dragonite|[anim] Ivy Cudgel Water
|-damage|p1a: Dragonite|30/100
|
|upkeep
|turn|14
|
|t:|1776040759
|move|p1a: Dragonite|Extreme Speed|p2a: Hiyori
|-damage|p2a: Hiyori|0 fnt
|faint|p2a: Hiyori
|
|-end|p1a: Dragonite|move: Taunt
|upkeep
|
|t:|1776040762
|switch|p2a: King|Dragapult, M, shiny|91/100
|turn|15
|
|t:|1776040765
|switch|p1a: Escargoat|Wo-Chien|24/100
|-status|p1a: Escargoat|tox
|-ability|p1a: Escargoat|Tablets of Ruin
|move|p2a: King|Dragon Darts|p1a: Escargoat
|-damage|p1a: Escargoat|8/100 tox
|-anim|p2a: King|Dragon Darts|p1a: Escargoat
|-damage|p1a: Escargoat|0 fnt
|faint|p1a: Escargoat
|-damage|p2a: King|81/100|[from] item: Life Orb
|
|upkeep
|
|t:|1776040766
|switch|p1a: Clefable|Clefable, M|100/100
|-status|p1a: Clefable|tox
|turn|16
|
|t:|1776040778
|move|p2a: King|Shadow Ball|p1a: Clefable
|-damage|p1a: Clefable|63/100 tox
|-unboost|p1a: Clefable|spd|1
|-damage|p2a: King|71/100|[from] item: Life Orb
|move|p1a: Clefable|Calm Mind|p1a: Clefable
|-boost|p1a: Clefable|spa|1
|-boost|p1a: Clefable|spd|1
|
|upkeep
|turn|17
|
|t:|1776040786
|switch|p2a: Zoro|Kingambit, M|76/100 par
|-activate|p2a: Zoro|ability: Supreme Overlord
|-start|p2a: Zoro|fallen2|[silent]
|move|p1a: Clefable|Moonlight|p1a: Clefable
|-heal|p1a: Clefable|100/100 tox
|
|-heal|p2a: Zoro|82/100 par|[from] item: Leftovers
|upkeep
|turn|18
|
|t:|1776040788
|move|p1a: Clefable|Flamethrower|p2a: Zoro
|-supereffective|p2a: Zoro
|-damage|p2a: Zoro|0 fnt
|faint|p2a: Zoro
|-end|p2a: Zoro|fallen2|[silent]
|
|upkeep
|
|t:|1776040793
|switch|p2a: Sanji|Blaziken, M, shiny|22/100
|turn|19
|
|t:|1776040802
|move|p2a: Sanji|Flare Blitz|p1a: Clefable
|-damage|p1a: Clefable|18/100 tox
|-damage|p2a: Sanji|0 fnt|[from] Recoil
|faint|p2a: Sanji
|move|p1a: Clefable|Moonblast|p2: Sanji|[notarget]
|-fail|p1a: Clefable
|
|upkeep
|
|t:|1776040807
|switch|p2a: King|Dragapult, M, shiny|71/100
|turn|20
|j| Jdcomix
|
|t:|1776040816
|move|p2a: King|Shadow Ball|p1a: Clefable
|-damage|p1a: Clefable|0 fnt
|faint|p1a: Clefable
|-damage|p2a: King|61/100|[from] item: Life Orb
|
|upkeep
|
|t:|1776040818
|switch|p1a: Garganacl|Garganacl, M|45/100
|turn|21
|j| Little Cuack
|
|t:|1776040826
|move|p1a: Garganacl|Protect|p1a: Garganacl
|-singleturn|p1a: Garganacl|Protect
|move|p2a: King|Draco Meteor|p1a: Garganacl
|-activate|p1a: Garganacl|move: Protect
|
|-heal|p1a: Garganacl|51/100|[from] item: Leftovers
|upkeep
|turn|22
|
|t:|1776040840
|move|p1a: Garganacl|Protect||[still]
|-fail|p1a: Garganacl
|move|p2a: King|Draco Meteor|p1a: Garganacl
|-damage|p1a: Garganacl|0 fnt
|-unboost|p2a: King|spa|2
|faint|p1a: Garganacl
|-damage|p2a: King|52/100|[from] item: Life Orb
|
|upkeep
|
|t:|1776040842
|switch|p1a: Great Tusk|Great Tusk|100/100
|turn|23
|-message|ceo o wo chien forfeited.
|
|win|raditzisthebest
|raw|ceo o wo chien's rating: 1738 &rarr; <strong>1721</strong><br />(-17 for losing)
|raw|raditzisthebest's rating: 1789 &rarr; <strong>1806</strong><br />(+17 for winning)
|l|☆ceo o wo chien
|player|p1|
|c|☆raditzisthebest|ggs
|l| Jdcomix
|l|☆raditzisthebest
|player|p2|
