|html|<div class="broadcast-blue"><strong>[Gen 9] OU is currently suspecting Tera Blast! For information on how to participate check out the <a href="https://www.smogon.com/tools/suspects/view/200">suspect thread</a>.</strong></div>
|j|☆Veiny1
|j|☆Elgepetas
|t:|1776181023
|gametype|singles
|player|p1|Veiny1|169|1155
|player|p2|Elgepetas|2|1116
|gen|9
|tier|[Gen 9] OU
|rated|
|rule|HP Percentage Mod: HP is shown in percentages
|rule|Endless Battle Clause: Forcing endless battles is banned
|rule|Species Clause: Limit one of each Pokémon
|rule|OHKO Clause: OHKO moves are banned
|rule|Evasion Items Clause: Evasion items are banned
|rule|Evasion Moves Clause: Evasion moves are banned
|rule|Evasion Abilities Clause: Evasion abilities are banned
|rule|Sleep Moves Clause: Sleep-inducing moves are banned
|clearpoke
|poke|p1|Quagsire, F|
|poke|p1|Great Tusk|
|poke|p1|Salamence, F|
|poke|p1|Jumpluff, M|
|poke|p1|Heracross, F|
|poke|p1|Salazzle, F|
|poke|p2|Toxapex, M|
|poke|p2|Skarmory, F|
|poke|p2|Blissey, F|
|poke|p2|Cinderace, M|
|poke|p2|Great Tusk|
|poke|p2|Darkrai|
|teampreview
|inactive|Battle timer is ON: inactive players will automatically lose when time's up. (requested by Elgepetas)
|
|t:|1776181034
|teamsize|p1|6
|teamsize|p2|6
|start
|switch|p1a: Salazzle|Salazzle, F|100/100
|switch|p2a: Cinderace|Cinderace, M|100/100
|turn|1
|
|t:|1776181049
|move|p2a: Cinderace|U-turn|p1a: Salazzle
|-start|p2a: Cinderace|typechange|Bug|[from] ability: Libero
|-resisted|p1a: Salazzle
|-damage|p1a: Salazzle|79/100
|
|t:|1776181051
|switch|p2a: Blissey|Blissey, F|100/100|[from] U-turn
|move|p1a: Salazzle|Toxic|p2a: Blissey
|-status|p2a: Blissey|tox
|
|-damage|p2a: Blissey|94/100 tox|[from] psn
|upkeep
|turn|2
|
|t:|1776181057
|switch|p1a: Quagsire|Quagsire, F, shiny|100/100
|move|p2a: Blissey|Stealth Rock|p1a: Quagsire
|-sidestart|p1: Veiny1|move: Stealth Rock
|
|-heal|p2a: Blissey|100/100 tox|[from] item: Leftovers
|-damage|p2a: Blissey|88/100 tox|[from] psn
|upkeep
|turn|3
|
|t:|1776181066
|-curestatus|p2a: Blissey|tox|[from] ability: Natural Cure
|switch|p2a: Skarmory|Skarmory, F|100/100
|move|p1a: Quagsire|Ice Beam|p2a: Skarmory
|-damage|p2a: Skarmory|76/100
|
|upkeep
|turn|4
|
|t:|1776181075
|switch|p1a: Salazzle|Salazzle, F|79/100
|-damage|p1a: Salazzle|54/100|[from] Stealth Rock
|move|p2a: Skarmory|Taunt|p1a: Salazzle
|-start|p1a: Salazzle|move: Taunt
|
|upkeep
|turn|5
|
|t:|1776181089
|switch|p2a: Blissey|Blissey, F|88/100
|move|p1a: Salazzle|Endeavor|p2a: Blissey
|-damage|p2a: Blissey|21/100
|
|-heal|p2a: Blissey|28/100|[from] item: Leftovers
|upkeep
|turn|6
|
|t:|1776181100
|move|p1a: Salazzle|Flamethrower|p2a: Blissey
|-damage|p2a: Blissey|17/100
|-status|p2a: Blissey|brn
|move|p2a: Blissey|Soft-Boiled|p2a: Blissey
|-heal|p2a: Blissey|67/100 brn
|
|-heal|p2a: Blissey|73/100 brn|[from] item: Leftovers
|-damage|p2a: Blissey|67/100 brn|[from] brn
|-end|p1a: Salazzle|move: Taunt
|upkeep
|turn|7
|
|t:|1776181113
|move|p1a: Salazzle|Endeavor|p2a: Blissey
|-damage|p2a: Blissey|21/100 brn
|move|p2a: Blissey|Thunder Wave|p1a: Salazzle
|-status|p1a: Salazzle|par
|
|-heal|p2a: Blissey|28/100 brn|[from] item: Leftovers
|-damage|p2a: Blissey|21/100 brn|[from] brn
|upkeep
|turn|8
|
|t:|1776181120
|move|p1a: Salazzle|Flamethrower|p2a: Blissey
|-damage|p2a: Blissey|9/100 brn
|move|p2a: Blissey|Soft-Boiled|p2a: Blissey
|-heal|p2a: Blissey|59/100 brn
|
|-heal|p2a: Blissey|65/100 brn|[from] item: Leftovers
|-damage|p2a: Blissey|59/100 brn|[from] brn
|upkeep
|turn|9
|
|t:|1776181142
|-curestatus|p2a: Blissey|brn|[from] ability: Natural Cure
|switch|p2a: Darkrai|Darkrai|100/100
|move|p1a: Salazzle|Endeavor|p2a: Darkrai
|-damage|p2a: Darkrai|54/100
|
|upkeep
|turn|10
|
|t:|1776181151
|move|p2a: Darkrai|Psyshock|p1a: Salazzle
|-supereffective|p1a: Salazzle
|-damage|p1a: Salazzle|0 fnt
|faint|p1a: Salazzle
|
|upkeep
|
|t:|1776181161
|switch|p1a: Jumpluff|Jumpluff, M|100/100
|-damage|p1a: Jumpluff|76/100|[from] Stealth Rock
|turn|11
|
|t:|1776181169
|switch|p2a: Skarmory|Skarmory, F|76/100
|move|p1a: Jumpluff|Substitute|p1a: Jumpluff
|-start|p1a: Jumpluff|Substitute
|-damage|p1a: Jumpluff|51/100
|
|-heal|p1a: Jumpluff|57/100|[from] item: Leftovers
|upkeep
|turn|12
|
|t:|1776181177
|move|p1a: Jumpluff|Leech Seed|p2a: Skarmory|[miss]
|-miss|p1a: Jumpluff|p2a: Skarmory
|move|p2a: Skarmory|Roar|p1a: Jumpluff
|drag|p1a: Heracross|Heracross, F|100/100
|-damage|p1a: Heracross|88/100|[from] Stealth Rock
|
|upkeep
|turn|13
|
|t:|1776181185
|move|p1a: Heracross|Knock Off|p2a: Skarmory
|-damage|p2a: Skarmory|53/100
|-damage|p1a: Heracross|72/100|[from] item: Rocky Helmet|[of] p2a: Skarmory
|-enditem|p2a: Skarmory|Rocky Helmet|[from] move: Knock Off|[of] p1a: Heracross
|move|p2a: Skarmory|Spikes|p1a: Heracross
|-sidestart|p1: Veiny1|Spikes
|
|upkeep
|turn|14
|
|t:|1776181190
|switch|p1a: Jumpluff|Jumpluff, M|57/100
|-damage|p1a: Jumpluff|32/100|[from] Stealth Rock
|move|p2a: Skarmory|Roost|p2a: Skarmory
|-heal|p2a: Skarmory|100/100
|-singleturn|p2a: Skarmory|move: Roost
|
|-heal|p1a: Jumpluff|39/100|[from] item: Leftovers
|upkeep
|turn|15
|
|t:|1776181196
|move|p1a: Jumpluff|Encore|p2a: Skarmory
|-start|p2a: Skarmory|Encore
|move|p2a: Skarmory|Roost||[still]
|-fail|p2a: Skarmory|heal
|
|-heal|p1a: Jumpluff|45/100|[from] item: Leftovers
|upkeep
|turn|16
|
|t:|1776181201
|switch|p2a: Great Tusk|Great Tusk|100/100
|move|p1a: Jumpluff|Substitute|p1a: Jumpluff
|-start|p1a: Jumpluff|Substitute
|-damage|p1a: Jumpluff|20/100
|
|-heal|p1a: Jumpluff|26/100|[from] item: Leftovers
|upkeep
|turn|17
|
|t:|1776181206
|move|p1a: Jumpluff|Leech Seed|p2a: Great Tusk
|-start|p2a: Great Tusk|move: Leech Seed
|move|p2a: Great Tusk|Roar|p1a: Jumpluff
|drag|p1a: Quagsire|Quagsire, F, shiny|100/100
|-damage|p1a: Quagsire|94/100|[from] Stealth Rock
|-damage|p1a: Quagsire|82/100|[from] Spikes
|
|-damage|p2a: Great Tusk|88/100|[from] Leech Seed|[of] p1a: Quagsire
|-heal|p1a: Quagsire|96/100|[silent]
|upkeep
|turn|18
|
|t:|1776181217
|-end|p2a: Great Tusk|Protosynthesis|[silent]
|switch|p2a: Skarmory|Skarmory, F|100/100
|move|p1a: Quagsire|Toxic|p2a: Skarmory
|-immune|p2a: Skarmory
|
|upkeep
|turn|19
|
|t:|1776181223
|switch|p1a: Great Tusk|Great Tusk|100/100
|-damage|p1a: Great Tusk|98/100|[from] Stealth Rock
|-damage|p1a: Great Tusk|85/100|[from] Spikes
|move|p2a: Skarmory|Spikes|p1a: Great Tusk
|-sidestart|p1: Veiny1|Spikes
|
|-heal|p1a: Great Tusk|91/100|[from] item: Leftovers
|upkeep
|turn|20
|
|t:|1776181232
|-terastallize|p2a: Skarmory|Ghost
|move|p1a: Great Tusk|Rapid Spin|p2a: Skarmory
|-immune|p2a: Skarmory
|move|p2a: Skarmory|Spikes|p1a: Great Tusk
|-sidestart|p1: Veiny1|Spikes
|
|-heal|p1a: Great Tusk|98/100|[from] item: Leftovers
|upkeep
|turn|21
|
|t:|1776181238
|move|p1a: Great Tusk|Earthquake|p2a: Skarmory
|-damage|p2a: Skarmory|76/100
|move|p2a: Skarmory|Roar|p1a: Great Tusk
|-end|p1a: Great Tusk|Protosynthesis|[silent]
|drag|p1a: Salamence|Salamence, F|100/100
|-damage|p1a: Salamence|76/100|[from] Stealth Rock
|
|-heal|p1a: Salamence|82/100|[from] item: Leftovers
|upkeep
|turn|22
|
|t:|1776181247
|move|p1a: Salamence|Dragon Dance|p1a: Salamence
|-boost|p1a: Salamence|atk|1
|-boost|p1a: Salamence|spe|1
|move|p2a: Skarmory|Roar|p1a: Salamence
|drag|p1a: Great Tusk|Great Tusk|98/100
|-damage|p1a: Great Tusk|95/100|[from] Stealth Rock
|-damage|p1a: Great Tusk|70/100|[from] Spikes
|
|-heal|p1a: Great Tusk|76/100|[from] item: Leftovers
|upkeep
|turn|23
|
|t:|1776181255
|move|p1a: Great Tusk|Earthquake|p2a: Skarmory
|-damage|p2a: Skarmory|51/100
|move|p2a: Skarmory|Roar|p1a: Great Tusk
|-end|p1a: Great Tusk|Protosynthesis|[silent]
|drag|p1a: Heracross|Heracross, F|72/100
|-damage|p1a: Heracross|59/100|[from] Stealth Rock
|-damage|p1a: Heracross|35/100|[from] Spikes
|
|upkeep
|turn|24
|
|t:|1776181259
|move|p1a: Heracross|Knock Off|p2a: Skarmory
|-supereffective|p2a: Skarmory
|-damage|p2a: Skarmory|23/100
|move|p2a: Skarmory|Roost|p2a: Skarmory
|-heal|p2a: Skarmory|73/100
|
|upkeep
|turn|25
|
|t:|1776181268
|switch|p2a: Toxapex|Toxapex, M|100/100
|move|p1a: Heracross|Knock Off|p2a: Toxapex
|-damage|p2a: Toxapex|78/100
|-enditem|p2a: Toxapex|Black Sludge|[from] move: Knock Off|[of] p1a: Heracross
|
|upkeep
|turn|26
|
|t:|1776181275
|switch|p1a: Jumpluff|Jumpluff, M|26/100
|-damage|p1a: Jumpluff|2/100|[from] Stealth Rock
|move|p2a: Toxapex|Toxic Spikes|p1a: Jumpluff
|-sidestart|p1: Veiny1|move: Toxic Spikes
|
|-heal|p1a: Jumpluff|8/100|[from] item: Leftovers
|upkeep
|turn|27
|
|t:|1776181282
|move|p1a: Jumpluff|Leech Seed|p2a: Toxapex
|-start|p2a: Toxapex|move: Leech Seed
|move|p2a: Toxapex|Toxic Spikes|p1a: Jumpluff
|-sidestart|p1: Veiny1|move: Toxic Spikes
|
|-heal|p1a: Jumpluff|14/100|[from] item: Leftovers
|-damage|p2a: Toxapex|66/100|[from] Leech Seed|[of] p1a: Jumpluff
|-heal|p1a: Jumpluff|27/100|[silent]
|upkeep
|turn|28
|
|t:|1776181289
|switch|p2a: Skarmory|Skarmory, F, tera:Ghost|73/100
|move|p1a: Jumpluff|Encore||[still]
|-fail|p1a: Jumpluff
|
|-heal|p1a: Jumpluff|33/100|[from] item: Leftovers
|upkeep
|turn|29
|
|t:|1776181296
|move|p1a: Jumpluff|Leech Seed|p2a: Skarmory
|-start|p2a: Skarmory|move: Leech Seed
|move|p2a: Skarmory|Roar|p1a: Jumpluff
|drag|p1a: Great Tusk|Great Tusk|76/100
|-damage|p1a: Great Tusk|73/100|[from] Stealth Rock
|-damage|p1a: Great Tusk|48/100|[from] Spikes
|-status|p1a: Great Tusk|tox
|
|-heal|p1a: Great Tusk|54/100 tox|[from] item: Leftovers
|-damage|p2a: Skarmory|60/100|[from] Leech Seed|[of] p1a: Great Tusk
|-heal|p1a: Great Tusk|65/100 tox|[silent]
|-damage|p1a: Great Tusk|59/100 tox|[from] psn
|upkeep
|turn|30
|
|t:|1776181304
|move|p1a: Great Tusk|Bulk Up|p1a: Great Tusk
|-boost|p1a: Great Tusk|atk|1
|-boost|p1a: Great Tusk|def|1
|move|p2a: Skarmory|Roar|p1a: Great Tusk
|-end|p1a: Great Tusk|Protosynthesis|[silent]
|drag|p1a: Salamence|Salamence, F|82/100
|-damage|p1a: Salamence|57/100|[from] Stealth Rock
|
|-heal|p1a: Salamence|63/100|[from] item: Leftovers
|-damage|p2a: Skarmory|48/100|[from] Leech Seed|[of] p1a: Salamence
|-heal|p1a: Salamence|75/100|[silent]
|upkeep
|turn|31
|
|t:|1776181314
|switch|p2a: Great Tusk|Great Tusk|88/100
|move|p1a: Salamence|Earthquake|p2a: Great Tusk
|-damage|p2a: Great Tusk|74/100
|
|-heal|p1a: Salamence|81/100|[from] item: Leftovers
|-heal|p2a: Great Tusk|80/100|[from] item: Leftovers
|upkeep
|turn|32
|
|t:|1776181321
|-terastallize|p1a: Salamence|Steel
|move|p1a: Salamence|Dragon Dance|p1a: Salamence
|-boost|p1a: Salamence|atk|1
|-boost|p1a: Salamence|spe|1
|move|p2a: Great Tusk|Roar|p1a: Salamence
|drag|p1a: Jumpluff|Jumpluff, M|33/100
|-damage|p1a: Jumpluff|8/100|[from] Stealth Rock
|
|-heal|p1a: Jumpluff|15/100|[from] item: Leftovers
|-heal|p2a: Great Tusk|86/100|[from] item: Leftovers
|upkeep
|turn|33
|
|t:|1776181335
|move|p1a: Jumpluff|Leech Seed|p2a: Great Tusk
|-start|p2a: Great Tusk|move: Leech Seed
|move|p2a: Great Tusk|Roar|p1a: Jumpluff
|drag|p1a: Quagsire|Quagsire, F, shiny|96/100
|-damage|p1a: Quagsire|90/100|[from] Stealth Rock
|-damage|p1a: Quagsire|65/100|[from] Spikes
|-status|p1a: Quagsire|tox
|
|-heal|p2a: Great Tusk|93/100|[from] item: Leftovers
|-damage|p2a: Great Tusk|80/100|[from] Leech Seed|[of] p1a: Quagsire
|-heal|p1a: Quagsire|78/100 tox|[silent]
|-damage|p1a: Quagsire|72/100 tox|[from] psn
|upkeep
|turn|34
|
|t:|1776181345
|-end|p2a: Great Tusk|Protosynthesis|[silent]
|switch|p2a: Skarmory|Skarmory, F, tera:Ghost|48/100
|move|p1a: Quagsire|Toxic|p2a: Skarmory
|-status|p2a: Skarmory|tox
|
|-damage|p2a: Skarmory|42/100 tox|[from] psn
|-damage|p1a: Quagsire|60/100 tox|[from] psn
|upkeep
|turn|35
|
|t:|1776181351
|move|p2a: Skarmory|Roost|p2a: Skarmory
|-heal|p2a: Skarmory|92/100 tox
|move|p1a: Quagsire|Recover|p1a: Quagsire
|-heal|p1a: Quagsire|100/100 tox
|
|-damage|p2a: Skarmory|80/100 tox|[from] psn
|-damage|p1a: Quagsire|82/100 tox|[from] psn
|upkeep
|turn|36
|
|t:|1776181358
|switch|p2a: Toxapex|Toxapex, M|99/100
|move|p1a: Quagsire|Earth Power|p2a: Toxapex
|-supereffective|p2a: Toxapex
|-damage|p2a: Toxapex|46/100
|
|-damage|p1a: Quagsire|58/100 tox|[from] psn
|upkeep
|turn|37
|
|t:|1776181365
|switch|p2a: Skarmory|Skarmory, F, tera:Ghost|80/100 tox
|move|p1a: Quagsire|Earth Power|p2a: Skarmory
|-damage|p2a: Skarmory|39/100 tox
|
|-damage|p2a: Skarmory|33/100 tox|[from] psn
|-damage|p1a: Quagsire|27/100 tox|[from] psn
|upkeep
|turn|38
|
|t:|1776181370
|move|p2a: Skarmory|Roost|p2a: Skarmory
|-heal|p2a: Skarmory|83/100 tox
|move|p1a: Quagsire|Recover|p1a: Quagsire
|-heal|p1a: Quagsire|77/100 tox
|
|-damage|p2a: Skarmory|71/100 tox|[from] psn
|-damage|p1a: Quagsire|41/100 tox|[from] psn
|upkeep
|turn|39
|
|t:|1776181380
|switch|p2a: Great Tusk|Great Tusk|80/100
|move|p1a: Quagsire|Earth Power|p2a: Great Tusk
|-damage|p2a: Great Tusk|44/100
|
|-heal|p2a: Great Tusk|50/100|[from] item: Leftovers
|-damage|p1a: Quagsire|0 fnt|[from] psn
|faint|p1a: Quagsire
|upkeep
|
|t:|1776181386
|switch|p1a: Great Tusk|Great Tusk|59/100 tox
|-damage|p1a: Great Tusk|56/100 tox|[from] Stealth Rock
|-damage|p1a: Great Tusk|31/100 tox|[from] Spikes
|turn|40
|
|t:|1776181393
|-end|p2a: Great Tusk|Protosynthesis|[silent]
|switch|p2a: Skarmory|Skarmory, F, tera:Ghost|71/100 tox
|move|p1a: Great Tusk|Rapid Spin|p2a: Skarmory
|-immune|p2a: Skarmory
|
|-heal|p1a: Great Tusk|38/100 tox|[from] item: Leftovers
|-damage|p1a: Great Tusk|31/100 tox|[from] psn
|-damage|p2a: Skarmory|65/100 tox|[from] psn
|upkeep
|turn|41
|
|t:|1776181401
|-end|p1a: Great Tusk|Protosynthesis|[silent]
|switch|p1a: Jumpluff|Jumpluff, M|15/100
|-damage|p1a: Jumpluff|0 fnt|[from] Stealth Rock
|faint|p1a: Jumpluff
|move|p2a: Skarmory|Roar|p1: Jumpluff|[notarget]
|-fail|p2a: Skarmory
|
|-damage|p2a: Skarmory|53/100 tox|[from] psn
|upkeep
|
|t:|1776181407
|switch|p1a: Heracross|Heracross, F|35/100
|-damage|p1a: Heracross|22/100|[from] Stealth Rock
|-damage|p1a: Heracross|0 fnt|[from] Spikes
|faint|p1a: Heracross
|
|t:|1776181410
|switch|p1a: Salamence|Salamence, F, tera:Steel|81/100
|-damage|p1a: Salamence|75/100|[from] Stealth Rock
|-damage|p1a: Salamence|51/100|[from] Spikes
|turn|42
|
|t:|1776181422
|move|p1a: Salamence|Dual Wingbeat|p2a: Skarmory
|-damage|p2a: Skarmory|42/100 tox
|-damage|p2a: Skarmory|31/100 tox
|-hitcount|p2a: Skarmory|2
|move|p2a: Skarmory|Taunt|p1a: Salamence
|-start|p1a: Salamence|move: Taunt
|
|-heal|p1a: Salamence|57/100|[from] item: Leftovers
|-damage|p2a: Skarmory|13/100 tox|[from] psn
|upkeep
|turn|43
|
|t:|1776181433
|move|p1a: Salamence|Earthquake|p2a: Skarmory
|-damage|p2a: Skarmory|0 fnt
|faint|p2a: Skarmory
|-ability|p1a: Salamence|Moxie|boost
|-boost|p1a: Salamence|atk|1
|
|-heal|p1a: Salamence|63/100|[from] item: Leftovers
|upkeep
|
|t:|1776181437
|switch|p2a: Cinderace|Cinderace, M|100/100
|turn|44
|
|t:|1776181442
|move|p2a: Cinderace|Pyro Ball|p1a: Salamence
|-supereffective|p1a: Salamence
|-damage|p1a: Salamence|0 fnt
|faint|p1a: Salamence
|
|upkeep
|
|t:|1776181444
|switch|p1a: Great Tusk|Great Tusk|31/100 tox
|-damage|p1a: Great Tusk|29/100 tox|[from] Stealth Rock
|-damage|p1a: Great Tusk|4/100 tox|[from] Spikes
|turn|45
|
|t:|1776181449
|move|p2a: Cinderace|Pyro Ball|p1a: Great Tusk
|-damage|p1a: Great Tusk|0 fnt
|faint|p1a: Great Tusk
|-end|p1a: Great Tusk|Protosynthesis|[silent]
|
|win|Elgepetas
|raw|Veiny1's rating: 1155 &rarr; <strong>1127</strong><br />(-28 for losing)
|raw|Elgepetas's rating: 1116 &rarr; <strong>1144</strong><br />(+28 for winning)
|l|☆Veiny1
|player|p1|
