|html|<div class="broadcast-blue"><strong>[Gen 9] OU is currently suspecting Tera Blast! For information on how to participate check out the <a href="https://www.smogon.com/tools/suspects/view/200">suspect thread</a>.</strong></div>
|j|☆alt1 lord greed
|j|☆Aarons fish
|t:|1776084261
|gametype|singles
|player|p1|alt1 lord greed|2|1446
|player|p2|Aarons fish|101|1403
|gen|9
|tier|[Gen 9] OU
|rated|
|rule|HP Percentage Mod: HP is shown in percentages
|rule|Endless Battle Clause: Forcing endless battles is banned
|rule|Species Clause: Limit one of each Pokémon
|rule|OHKO Clause: OHKO moves are banned
|rule|Evasion Items Clause: Evasion items are banned
|rule|Evasion Moves Clause: Evasion moves are banned
|rule|Evasion Abilities Clause: Evasion abilities are banned
|rule|Sleep Moves Clause: Sleep-inducing moves are banned
|clearpoke
|poke|p1|Glastrier|
|poke|p1|Slowking-Galar, F|
|poke|p1|Heatran, M|
|poke|p1|Tornadus-Therian, M|
|poke|p1|Enamorus, F|
|poke|p1|Great Tusk|
|poke|p2|Cinderace, M|
|poke|p2|Kingambit, F|
|poke|p2|Excadrill, M|
|poke|p2|Iron Valiant|
|poke|p2|Hippowdon, F|
|poke|p2|Kyurem|
|teampreview
|inactive|Battle timer is ON: inactive players will automatically lose when time's up. (requested by alt1 lord greed)
|
|t:|1776084267
|teamsize|p1|6
|teamsize|p2|6
|start
|switch|p1a: Heatran|Heatran, M|100/100
|switch|p2a: Cinderace|Cinderace, M|100/100
|turn|1
|
|t:|1776084270
|move|p2a: Cinderace|U-turn|p1a: Heatran
|-resisted|p1a: Heatran
|-damage|p1a: Heatran|96/100
|
|t:|1776084280
|switch|p2a: Hippowdon|Hippowdon, F|100/100|[from] U-turn
|-weather|Sandstorm|[from] ability: Sand Stream|[of] p2a: Hippowdon
|move|p1a: Heatran|Stealth Rock|p2a: Hippowdon
|-sidestart|p2: Aarons fish|move: Stealth Rock
|
|-weather|Sandstorm|[upkeep]
|-heal|p1a: Heatran|100/100|[from] item: Leftovers
|upkeep
|turn|2
|
|t:|1776084298
|switch|p1a: Glastrier|Glastrier|100/100
|move|p2a: Hippowdon|Stealth Rock|p1a: Glastrier
|-sidestart|p1: alt1 lord greed|move: Stealth Rock
|
|-weather|Sandstorm|[upkeep]
|-damage|p1a: Glastrier|94/100|[from] Sandstorm
|upkeep
|turn|3
|
|t:|1776084304
|move|p2a: Hippowdon|Body Press|p1a: Glastrier
|-supereffective|p1a: Glastrier
|-damage|p1a: Glastrier|66/100
|move|p1a: Glastrier|Icicle Crash|p2a: Hippowdon
|-supereffective|p2a: Hippowdon
|-damage|p2a: Hippowdon|26/100
|
|-weather|Sandstorm|[upkeep]
|-damage|p1a: Glastrier|60/100|[from] Sandstorm
|upkeep
|turn|4
|
|t:|1776084310
|move|p2a: Hippowdon|Body Press|p1a: Glastrier
|-supereffective|p1a: Glastrier
|-damage|p1a: Glastrier|31/100
|move|p1a: Glastrier|High Horsepower|p2a: Hippowdon
|-damage|p2a: Hippowdon|0 fnt
|faint|p2a: Hippowdon
|-ability|p1a: Glastrier|Chilling Neigh|boost
|-boost|p1a: Glastrier|atk|1
|
|-weather|Sandstorm|[upkeep]
|-damage|p1a: Glastrier|25/100|[from] Sandstorm
|upkeep
|
|t:|1776084321
|switch|p2a: Kyurem|Kyurem|100/100
|-damage|p2a: Kyurem|75/100|[from] Stealth Rock
|-ability|p2a: Kyurem|Pressure
|turn|5
|
|t:|1776084323
|move|p2a: Kyurem|Earth Power|p1a: Glastrier
|-damage|p1a: Glastrier|0 fnt
|faint|p1a: Glastrier
|
|-weather|Sandstorm|[upkeep]
|-damage|p2a: Kyurem|69/100|[from] Sandstorm
|-heal|p2a: Kyurem|75/100|[from] item: Leftovers
|upkeep
|
|t:|1776084336
|switch|p1a: Tornadus|Tornadus-Therian, M|100/100
|turn|6
|
|t:|1776084342
|move|p2a: Kyurem|Protect|p2a: Kyurem
|-singleturn|p2a: Kyurem|Protect
|move|p1a: Tornadus|U-turn|p2a: Kyurem
|-activate|p2a: Kyurem|move: Protect
|
|-weather|Sandstorm|[upkeep]
|-damage|p1a: Tornadus|94/100|[from] Sandstorm
|-damage|p2a: Kyurem|69/100|[from] Sandstorm
|-heal|p2a: Kyurem|75/100|[from] item: Leftovers
|upkeep
|turn|7
|
|t:|1776084347
|move|p1a: Tornadus|U-turn|p2a: Kyurem
|-damage|p2a: Kyurem|60/100
|
|t:|1776084350
|switch|p1a: Enamorus|Enamorus, F|100/100|[from] U-turn
|-damage|p1a: Enamorus|76/100|[from] Stealth Rock
|move|p2a: Kyurem|Freeze-Dry|p1a: Enamorus
|-supereffective|p1a: Enamorus
|-damage|p1a: Enamorus|0 fnt
|faint|p1a: Enamorus
|
|-weather|Sandstorm|[upkeep]
|-damage|p2a: Kyurem|54/100|[from] Sandstorm
|-heal|p2a: Kyurem|60/100|[from] item: Leftovers
|upkeep
|
|t:|1776084354
|switch|p1a: Great Tusk|Great Tusk|100/100
|turn|8
|
|t:|1776084358
|move|p2a: Kyurem|Protect|p2a: Kyurem
|-singleturn|p2a: Kyurem|Protect
|move|p1a: Great Tusk|Rapid Spin|p2a: Kyurem
|-activate|p2a: Kyurem|move: Protect
|
|-weather|none
|-heal|p2a: Kyurem|67/100|[from] item: Leftovers
|upkeep
|turn|9
|
|t:|1776084361
|move|p2a: Kyurem|Freeze-Dry|p1a: Great Tusk
|-supereffective|p1a: Great Tusk
|-damage|p1a: Great Tusk|0 fnt
|faint|p1a: Great Tusk
|-end|p1a: Great Tusk|Protosynthesis|[silent]
|
|-heal|p2a: Kyurem|73/100|[from] item: Leftovers
|upkeep
|
|t:|1776084370
|switch|p1a: Slowking|Slowking-Galar, F|100/100
|turn|10
|
|t:|1776084372
|move|p2a: Kyurem|Protect|p2a: Kyurem
|-singleturn|p2a: Kyurem|Protect
|move|p1a: Slowking|Future Sight|p2a: Kyurem
|-start|p1a: Slowking|move: Future Sight
|
|-heal|p2a: Kyurem|79/100|[from] item: Leftovers
|upkeep
|turn|11
|
|t:|1776084377
|move|p2a: Kyurem|Earth Power|p1a: Slowking
|-supereffective|p1a: Slowking
|-damage|p1a: Slowking|62/100
|move|p1a: Slowking|Psychic|p2a: Kyurem
|-damage|p2a: Kyurem|48/100
|
|-heal|p2a: Kyurem|54/100|[from] item: Leftovers
|upkeep
|turn|12
|
|t:|1776084381
|switch|p2a: Kingambit|Kingambit, F|100/100
|-damage|p2a: Kingambit|94/100|[from] Stealth Rock
|-activate|p2a: Kingambit|ability: Supreme Overlord
|-start|p2a: Kingambit|fallen1|[silent]
|-prepare|p1a: Slowking|Chilly Reception|[premajor]
|move|p1a: Slowking|Chilly Reception|p1a: Slowking
|-weather|Snowscape
|
|t:|1776084383
|switch|p1a: Heatran|Heatran, M|100/100|[from] Chilly Reception
|-damage|p1a: Heatran|88/100|[from] Stealth Rock
|
|-weather|Snowscape|[upkeep]
|-end|p2a: Kingambit|move: Future Sight
|-immune|p2a: Kingambit
|-heal|p1a: Heatran|94/100|[from] item: Leftovers
|-heal|p2a: Kingambit|100/100|[from] item: Leftovers
|upkeep
|turn|13
|
|t:|1776084390
|-end|p2a: Kingambit|fallen1|[silent]
|switch|p2a: Cinderace|Cinderace, M|100/100
|move|p1a: Heatran|Magma Storm|p2a: Cinderace|[miss]
|-miss|p1a: Heatran|p2a: Cinderace
|
|-weather|Snowscape|[upkeep]
|-heal|p1a: Heatran|100/100|[from] item: Leftovers
|upkeep
|turn|14
|
|t:|1776084402
|move|p2a: Cinderace|U-turn|p1a: Heatran
|-resisted|p1a: Heatran
|-damage|p1a: Heatran|96/100
|
|t:|1776084411
|switch|p2a: Iron Valiant|Iron Valiant|100/100|[from] U-turn
|-damage|p2a: Iron Valiant|94/100|[from] Stealth Rock
|-enditem|p2a: Iron Valiant|Booster Energy
|-activate|p2a: Iron Valiant|ability: Quark Drive|[fromitem]
|-start|p2a: Iron Valiant|quarkdrivespe
|move|p1a: Heatran|Earth Power|p2a: Iron Valiant
|-damage|p2a: Iron Valiant|48/100
|-unboost|p2a: Iron Valiant|spd|1
|
|-weather|Snowscape|[upkeep]
|-heal|p1a: Heatran|100/100|[from] item: Leftovers
|upkeep
|turn|15
|
|t:|1776084416
|switch|p1a: Slowking|Slowking-Galar, F|96/100
|move|p2a: Iron Valiant|Close Combat|p1a: Slowking
|-resisted|p1a: Slowking
|-damage|p1a: Slowking|81/100
|-unboost|p2a: Iron Valiant|def|1
|-unboost|p2a: Iron Valiant|spd|1
|
|-weather|Snowscape|[upkeep]
|upkeep
|turn|16
|
|t:|1776084419
|switch|p1a: Tornadus|Tornadus-Therian, M|100/100
|move|p2a: Iron Valiant|Psychic|p1a: Tornadus
|-damage|p1a: Tornadus|71/100
|
|-weather|none
|upkeep
|turn|17
|
|t:|1776084426
|move|p2a: Iron Valiant|Moonblast|p1a: Tornadus
|-damage|p1a: Tornadus|24/100
|-unboost|p1a: Tornadus|spa|1
|move|p1a: Tornadus|Bleakwind Storm|p2a: Iron Valiant
|-supereffective|p2a: Iron Valiant
|-damage|p2a: Iron Valiant|0 fnt
|faint|p2a: Iron Valiant
|-end|p2a: Iron Valiant|Quark Drive|[silent]
|
|upkeep
|
|t:|1776084437
|switch|p2a: Excadrill|Excadrill, M|100/100
|-damage|p2a: Excadrill|97/100|[from] Stealth Rock
|turn|18
|
|t:|1776084441
|move|p1a: Tornadus|Heat Wave|p2a: Excadrill
|-supereffective|p2a: Excadrill
|-damage|p2a: Excadrill|53/100
|move|p2a: Excadrill|Iron Head|p1a: Tornadus
|-damage|p1a: Tornadus|0 fnt
|faint|p1a: Tornadus
|-damage|p2a: Excadrill|43/100|[from] item: Life Orb
|
|upkeep
|
|t:|1776084446
|switch|p1a: Slowking|Slowking-Galar, F|100/100
|turn|19
|
|t:|1776084449
|move|p2a: Excadrill|Earthquake|p1a: Slowking
|-supereffective|p1a: Slowking
|-damage|p1a: Slowking|0 fnt
|faint|p1a: Slowking
|-damage|p2a: Excadrill|33/100|[from] item: Life Orb
|
|upkeep
|
|t:|1776084451
|switch|p1a: Heatran|Heatran, M|100/100
|-damage|p1a: Heatran|88/100|[from] Stealth Rock
|turn|20
|
|t:|1776084453
|-terastallize|p1a: Heatran|Grass
|move|p2a: Excadrill|Earthquake|p1a: Heatran
|-resisted|p1a: Heatran
|-damage|p1a: Heatran|53/100
|-damage|p2a: Excadrill|23/100|[from] item: Life Orb
|move|p1a: Heatran|Earth Power|p2a: Excadrill
|-supereffective|p2a: Excadrill
|-damage|p2a: Excadrill|0 fnt
|faint|p2a: Excadrill
|
|-heal|p1a: Heatran|60/100|[from] item: Leftovers
|upkeep
|
|t:|1776084455
|switch|p2a: Kyurem|Kyurem|54/100
|-damage|p2a: Kyurem|29/100|[from] Stealth Rock
|-ability|p2a: Kyurem|Pressure
|turn|21
|
|t:|1776084458
|move|p2a: Kyurem|Freeze-Dry|p1a: Heatran
|-supereffective|p1a: Heatran
|-damage|p1a: Heatran|11/100
|move|p1a: Heatran|Magma Storm|p2a: Kyurem|[miss]
|-miss|p1a: Heatran|p2a: Kyurem
|
|-heal|p2a: Kyurem|35/100|[from] item: Leftovers
|-heal|p1a: Heatran|17/100|[from] item: Leftovers
|upkeep
|turn|22
|
|t:|1776084461
|move|p2a: Kyurem|Freeze-Dry|p1a: Heatran
|-supereffective|p1a: Heatran
|-damage|p1a: Heatran|0 fnt
|faint|p1a: Heatran
|
|win|Aarons fish
|raw|alt1 lord greed's rating: 1446 &rarr; <strong>1424</strong><br />(-22 for losing)
|raw|Aarons fish's rating: 1403 &rarr; <strong>1425</strong><br />(+22 for winning)
|l|☆alt1 lord greed
|player|p1|
