|html|<div class="broadcast-blue"><strong>[Gen 9] OU is currently suspecting Tera Blast! For information on how to participate check out the <a href="https://www.smogon.com/tools/suspects/view/200">suspect thread</a>.</strong></div>
|j|☆Vitalitix
|j|☆in spring
|t:|1776224940
|gametype|singles
|player|p1|Vitalitix|265|1141
|player|p2|in spring|elesa|1184
|gen|9
|tier|[Gen 9] OU
|rated|
|rule|HP Percentage Mod: HP is shown in percentages
|rule|Endless Battle Clause: Forcing endless battles is banned
|rule|Species Clause: Limit one of each Pokémon
|rule|OHKO Clause: OHKO moves are banned
|rule|Evasion Items Clause: Evasion items are banned
|rule|Evasion Moves Clause: Evasion moves are banned
|rule|Evasion Abilities Clause: Evasion abilities are banned
|rule|Sleep Moves Clause: Sleep-inducing moves are banned
|clearpoke
|poke|p1|Ting-Lu|
|poke|p1|Gholdengo|
|poke|p1|Slowking-Galar, M|
|poke|p1|Great Tusk|
|poke|p1|Enamorus, F|
|poke|p1|Meowscarada, M|
|poke|p2|Suicune|
|poke|p2|Cinderace, F|
|poke|p2|Hatterene, F|
|poke|p2|Tornadus-Therian, M|
|poke|p2|Iron Treads|
|poke|p2|Zamazenta-*|
|teampreview
|inactive|Battle timer is ON: inactive players will automatically lose when time's up. (requested by Vitalitix)
|
|t:|1776224952
|teamsize|p1|6
|teamsize|p2|6
|start
|switch|p1a: Meowscarada|Meowscarada, M, shiny|100/100
|switch|p2a: Tornadus|Tornadus-Therian, M|100/100
|turn|1
|
|t:|1776224969
|switch|p2a: Suicune|Suicune|100/100
|-ability|p2a: Suicune|Pressure
|move|p1a: Meowscarada|U-turn|p2a: Suicune
|-start|p1a: Meowscarada|typechange|Bug|[from] ability: Protean
|-damage|p2a: Suicune|62/100
|
|t:|1776224977
|switch|p1a: Slowking|Slowking-Galar, M|100/100|[from] U-turn
|
|-heal|p2a: Suicune|68/100|[from] item: Leftovers
|upkeep
|turn|2
|
|t:|1776224985
|move|p2a: Suicune|Calm Mind|p2a: Suicune
|-boost|p2a: Suicune|spa|1
|-boost|p2a: Suicune|spd|1
|-prepare|p1a: Slowking|Chilly Reception|[premajor]
|move|p1a: Slowking|Chilly Reception|p1a: Slowking
|-weather|Snowscape
|
|t:|1776224991
|switch|p1a: Meowscarada|Meowscarada, M, shiny|100/100|[from] Chilly Reception
|
|-weather|Snowscape|[upkeep]
|-heal|p2a: Suicune|74/100|[from] item: Leftovers
|upkeep
|turn|3
|
|t:|1776224999
|move|p1a: Meowscarada|Flower Trick|p2a: Suicune
|-start|p1a: Meowscarada|typechange|Grass|[from] ability: Protean
|-supereffective|p2a: Suicune
|-crit|p2a: Suicune
|-damage|p2a: Suicune|0 fnt
|faint|p2a: Suicune
|
|-weather|Snowscape|[upkeep]
|upkeep
|
|t:|1776225010
|switch|p2a: Cinderace|Cinderace, F|100/100
|turn|4
|
|t:|1776225014
|switch|p1a: Slowking|Slowking-Galar, M|100/100
|move|p2a: Cinderace|Pyro Ball|p1a: Slowking
|-damage|p1a: Slowking|14/100
|
|-weather|Snowscape|[upkeep]
|upkeep
|turn|5
|
|t:|1776225020
|switch|p1a: Ting-Lu|Ting-Lu, shiny|100/100
|-ability|p1a: Ting-Lu|Vessel of Ruin
|move|p2a: Cinderace|Pyro Ball|p1a: Ting-Lu
|-damage|p1a: Ting-Lu|53/100
|
|-weather|Snowscape|[upkeep]
|-heal|p1a: Ting-Lu|59/100|[from] item: Leftovers
|upkeep
|turn|6
|
|t:|1776225034
|-terastallize|p2a: Cinderace|Fire
|move|p2a: Cinderace|Pyro Ball|p1a: Ting-Lu|[miss]
|-miss|p2a: Cinderace|p1a: Ting-Lu
|move|p1a: Ting-Lu|Ruination|p2a: Cinderace
|-damage|p2a: Cinderace|51/100
|
|-weather|none
|-heal|p1a: Ting-Lu|65/100|[from] item: Leftovers
|upkeep
|turn|7
|
|t:|1776225044
|-terastallize|p1a: Ting-Lu|Water
|move|p2a: Cinderace|Pyro Ball|p1a: Ting-Lu
|-resisted|p1a: Ting-Lu
|-damage|p1a: Ting-Lu|36/100
|move|p1a: Ting-Lu|Earthquake|p2a: Cinderace
|-supereffective|p2a: Cinderace
|-damage|p2a: Cinderace|0 fnt
|faint|p2a: Cinderace
|
|-heal|p1a: Ting-Lu|42/100|[from] item: Leftovers
|upkeep
|
|t:|1776225071
|switch|p2a: Zamazenta|Zamazenta|100/100
|-ability|p2a: Zamazenta|Dauntless Shield|boost
|-boost|p2a: Zamazenta|def|1
|turn|8
|
|t:|1776225081
|move|p2a: Zamazenta|Body Press|p1a: Ting-Lu
|-damage|p1a: Ting-Lu|13/100
|move|p1a: Ting-Lu|Whirlwind|p2a: Zamazenta
|drag|p2a: Iron Treads|Iron Treads|100/100
|
|-heal|p1a: Ting-Lu|19/100|[from] item: Leftovers
|upkeep
|turn|9
|
|t:|1776225096
|switch|p1a: Great Tusk|Great Tusk, shiny|100/100
|-enditem|p1a: Great Tusk|Booster Energy
|-activate|p1a: Great Tusk|ability: Protosynthesis|[fromitem]
|-start|p1a: Great Tusk|protosynthesisspe
|move|p2a: Iron Treads|Knock Off|p1a: Great Tusk
|-resisted|p1a: Great Tusk
|-damage|p1a: Great Tusk|94/100
|
|upkeep
|turn|10
|
|t:|1776225104
|-end|p2a: Iron Treads|Quark Drive|[silent]
|switch|p2a: Hatterene|Hatterene, F|100/100
|move|p1a: Great Tusk|Bulk Up|p1a: Great Tusk
|-boost|p1a: Great Tusk|atk|1
|-boost|p1a: Great Tusk|def|1
|
|upkeep
|turn|11
|
|t:|1776225111
|move|p1a: Great Tusk|Headlong Rush|p2a: Hatterene
|-damage|p2a: Hatterene|41/100
|-unboost|p1a: Great Tusk|def|1
|-unboost|p1a: Great Tusk|spd|1
|move|p2a: Hatterene|Psychic Noise|p1a: Great Tusk
|-supereffective|p1a: Great Tusk
|-damage|p1a: Great Tusk|0 fnt
|faint|p1a: Great Tusk
|-end|p1a: Great Tusk|Protosynthesis|[silent]
|
|-heal|p2a: Hatterene|47/100|[from] item: Leftovers
|upkeep
|
|t:|1776225122
|switch|p1a: Meowscarada|Meowscarada, M, shiny|100/100
|turn|12
|
|t:|1776225128
|switch|p2a: Zamazenta|Zamazenta|100/100
|move|p1a: Meowscarada|U-turn|p2a: Zamazenta
|-start|p1a: Meowscarada|typechange|Bug|[from] ability: Protean
|-resisted|p2a: Zamazenta
|-damage|p2a: Zamazenta|84/100
|
|t:|1776225136
|switch|p1a: Enamorus|Enamorus, F|100/100|[from] U-turn
|
|-heal|p2a: Zamazenta|90/100|[from] item: Leftovers
|upkeep
|turn|13
|
|t:|1776225159
|switch|p2a: Tornadus|Tornadus-Therian, M|100/100
|move|p1a: Enamorus|Moonblast|p2a: Tornadus
|-damage|p2a: Tornadus|65/100
|-unboost|p2a: Tornadus|spa|1
|
|upkeep
|turn|14
|
|t:|1776225167
|move|p1a: Enamorus|Moonblast|p2a: Tornadus
|-damage|p2a: Tornadus|28/100
|move|p2a: Tornadus|Bleakwind Storm|p1a: Enamorus|[miss]
|-miss|p2a: Tornadus|p1a: Enamorus
|
|upkeep
|turn|15
|
|t:|1776225173
|switch|p2a: Hatterene|Hatterene, F|47/100
|move|p1a: Enamorus|Moonblast|p2a: Hatterene
|-damage|p2a: Hatterene|0 fnt
|faint|p2a: Hatterene
|
|upkeep
|
|t:|1776225180
|switch|p2a: Tornadus|Tornadus-Therian, M|61/100
|turn|16
|
|t:|1776225194
|switch|p2a: Iron Treads|Iron Treads|100/100
|move|p1a: Enamorus|Moonblast|p2a: Iron Treads
|-resisted|p2a: Iron Treads
|-damage|p2a: Iron Treads|63/100
|
|-heal|p2a: Iron Treads|69/100|[from] item: Leftovers
|upkeep
|turn|17
|
|t:|1776225205
|switch|p1a: Gholdengo|Gholdengo|100/100
|-item|p1a: Gholdengo|Air Balloon
|-end|p2a: Iron Treads|Quark Drive|[silent]
|switch|p2a: Tornadus|Tornadus-Therian, M|94/100
|
|upkeep
|turn|18
|
|t:|1776225213
|move|p2a: Tornadus|Knock Off|p1a: Gholdengo
|-supereffective|p1a: Gholdengo
|-damage|p1a: Gholdengo|53/100
|-enditem|p1a: Gholdengo|Air Balloon
|move|p1a: Gholdengo|Nasty Plot|p1a: Gholdengo
|-boost|p1a: Gholdengo|spa|2
|
|upkeep
|turn|19
|
|t:|1776225222
|move|p2a: Tornadus|Heat Wave|p1a: Gholdengo
|-supereffective|p1a: Gholdengo
|-damage|p1a: Gholdengo|0 fnt
|faint|p1a: Gholdengo
|
|upkeep
|
|t:|1776225230
|switch|p1a: Meowscarada|Meowscarada, M, shiny|100/100
|turn|20
|
|t:|1776225235
|switch|p2a: Zamazenta|Zamazenta|90/100
|move|p1a: Meowscarada|U-turn|p2a: Zamazenta
|-start|p1a: Meowscarada|typechange|Bug|[from] ability: Protean
|-resisted|p2a: Zamazenta
|-damage|p2a: Zamazenta|72/100
|
|t:|1776225248
|switch|p1a: Slowking|Slowking-Galar, M|47/100|[from] U-turn
|
|-heal|p2a: Zamazenta|79/100|[from] item: Leftovers
|upkeep
|turn|21
|
|t:|1776225257
|move|p2a: Zamazenta|Crunch|p1a: Slowking
|-supereffective|p1a: Slowking
|-damage|p1a: Slowking|2/100
|-prepare|p1a: Slowking|Chilly Reception|[premajor]
|move|p1a: Slowking|Chilly Reception|p1a: Slowking
|-weather|Snowscape
|
|t:|1776225265
|switch|p1a: Enamorus|Enamorus, F|100/100|[from] Chilly Reception
|
|-weather|Snowscape|[upkeep]
|-heal|p2a: Zamazenta|85/100|[from] item: Leftovers
|upkeep
|turn|22
|
|t:|1776225274
|switch|p2a: Iron Treads|Iron Treads|69/100
|move|p1a: Enamorus|Moonblast|p2a: Iron Treads
|-resisted|p2a: Iron Treads
|-damage|p2a: Iron Treads|30/100
|
|-weather|Snowscape|[upkeep]
|-heal|p2a: Iron Treads|37/100|[from] item: Leftovers
|upkeep
|turn|23
|
|t:|1776225284
|move|p1a: Enamorus|Moonblast|p2a: Iron Treads
|-resisted|p2a: Iron Treads
|-damage|p2a: Iron Treads|0 fnt
|faint|p2a: Iron Treads
|-end|p2a: Iron Treads|Quark Drive|[silent]
|
|-weather|Snowscape|[upkeep]
|upkeep
|
|t:|1776225286
|switch|p2a: Tornadus|Tornadus-Therian, M|100/100
|turn|24
|
|t:|1776225291
|move|p1a: Enamorus|Moonblast|p2a: Tornadus
|-damage|p2a: Tornadus|60/100
|move|p2a: Tornadus|Bleakwind Storm|p1a: Enamorus
|-damage|p1a: Enamorus|51/100
|
|-weather|Snowscape|[upkeep]
|upkeep
|turn|25
|
|t:|1776225297
|move|p1a: Enamorus|Moonblast|p2a: Tornadus
|-damage|p2a: Tornadus|24/100
|move|p2a: Tornadus|Bleakwind Storm|p1a: Enamorus
|-damage|p1a: Enamorus|0 fnt
|faint|p1a: Enamorus
|
|-weather|none
|upkeep
|
|t:|1776225308
|switch|p1a: Meowscarada|Meowscarada, M, shiny|100/100
|turn|26
|
|t:|1776225325
|switch|p2a: Zamazenta|Zamazenta|85/100
|move|p1a: Meowscarada|Triple Axel|p2a: Zamazenta
|-start|p1a: Meowscarada|typechange|Ice|[from] ability: Protean
|-damage|p2a: Zamazenta|75/100
|-hitcount|p2a: Zamazenta|1
|
|-heal|p2a: Zamazenta|81/100|[from] item: Leftovers
|upkeep
|turn|27
|
|t:|1776225335
|switch|p1a: Slowking|Slowking-Galar, M|36/100
|move|p2a: Zamazenta|Iron Defense|p2a: Zamazenta
|-boost|p2a: Zamazenta|def|2
|
|-heal|p2a: Zamazenta|87/100|[from] item: Leftovers
|upkeep
|turn|28
|
|t:|1776225348
|move|p2a: Zamazenta|Crunch|p1a: Slowking
|-supereffective|p1a: Slowking
|-damage|p1a: Slowking|0 fnt
|faint|p1a: Slowking
|
|-heal|p2a: Zamazenta|93/100|[from] item: Leftovers
|upkeep
|
|t:|1776225357
|switch|p1a: Meowscarada|Meowscarada, M, shiny|100/100
|turn|29
|
|t:|1776225362
|move|p2a: Zamazenta|Body Press|p1a: Meowscarada
|-supereffective|p1a: Meowscarada
|-damage|p1a: Meowscarada|0 fnt
|faint|p1a: Meowscarada
|
|-heal|p2a: Zamazenta|99/100|[from] item: Leftovers
|upkeep
|
|t:|1776225370
|switch|p1a: Ting-Lu|Ting-Lu, shiny, tera:Water|19/100
|-ability|p1a: Ting-Lu|Vessel of Ruin
|turn|30
|-message|Vitalitix forfeited.
|
|win|in spring
|raw|Vitalitix's rating: 1141 &rarr; <strong>1119</strong><br />(-22 for losing)
|raw|in spring's rating: 1184 &rarr; <strong>1206</strong><br />(+22 for winning)
|l|☆Vitalitix
|player|p1|
