|html|<div class="broadcast-blue"><strong>[Gen 9] OU is currently suspecting Tera Blast! For information on how to participate check out the <a href="https://www.smogon.com/tools/suspects/view/200">suspect thread</a>.</strong></div>
|j|☆orange fruit
|j|☆Unscripted tbtest
|t:|1776099944
|gametype|singles
|player|p1|orange fruit|cynthia|1717
|player|p2|Unscripted tbtest|caitlin-masters|1711
|gen|9
|tier|[Gen 9] OU
|rated|
|rule|HP Percentage Mod: HP is shown in percentages
|rule|Endless Battle Clause: Forcing endless battles is banned
|rule|Species Clause: Limit one of each Pokémon
|rule|OHKO Clause: OHKO moves are banned
|rule|Evasion Items Clause: Evasion items are banned
|rule|Evasion Moves Clause: Evasion moves are banned
|rule|Evasion Abilities Clause: Evasion abilities are banned
|rule|Sleep Moves Clause: Sleep-inducing moves are banned
|clearpoke
|poke|p1|Tyranitar, F|
|poke|p1|Alomomola, F|
|poke|p1|Gliscor, M|
|poke|p1|Sinistcha|
|poke|p1|Cinderace, M|
|poke|p1|Iron Crown|
|poke|p2|Iron Treads|
|poke|p2|Landorus-Therian, M|
|poke|p2|Iron Valiant|
|poke|p2|Kingambit, M|
|poke|p2|Zamazenta-*|
|poke|p2|Primarina, F|
|teampreview
|inactive|Battle timer is ON: inactive players will automatically lose when time's up. (requested by Unscripted tbtest)
|
|t:|1776099960
|teamsize|p1|6
|teamsize|p2|6
|start
|switch|p1a: Tyranitar|Tyranitar, F|100/100
|switch|p2a: Iron Valiant|Iron Valiant|100/100
|-weather|Sandstorm|[from] ability: Sand Stream|[of] p1a: Tyranitar
|turn|1
|
|t:|1776099967
|switch|p1a: Alomomola|Alomomola, F|100/100
|move|p2a: Iron Valiant|Knock Off|p1a: Alomomola
|-damage|p1a: Alomomola|83/100
|-enditem|p1a: Alomomola|Assault Vest|[from] move: Knock Off|[of] p2a: Iron Valiant
|
|-weather|Sandstorm|[upkeep]
|-damage|p2a: Iron Valiant|94/100|[from] Sandstorm
|-damage|p1a: Alomomola|77/100|[from] Sandstorm
|upkeep
|turn|2
|
|t:|1776099973
|-end|p2a: Iron Valiant|Quark Drive|[silent]
|switch|p2a: Landorus|Landorus-Therian, M|100/100
|-ability|p2a: Landorus|Intimidate|boost
|-unboost|p1a: Alomomola|atk|1
|move|p1a: Alomomola|Mirror Coat||[still]
|-fail|p1a: Alomomola
|
|-weather|Sandstorm|[upkeep]
|-damage|p1a: Alomomola|71/100|[from] Sandstorm
|upkeep
|turn|3
|
|t:|1776099978
|move|p2a: Landorus|Stealth Rock|p1a: Alomomola
|-sidestart|p1: orange fruit|move: Stealth Rock
|move|p1a: Alomomola|Flip Turn|p2a: Landorus
|-supereffective|p2a: Landorus
|-damage|p2a: Landorus|83/100
|-damage|p1a: Alomomola|54/100|[from] item: Rocky Helmet|[of] p2a: Landorus
|
|t:|1776099981
|switch|p1a: Gliscor|Gliscor, M|100/100|[from] Flip Turn
|-damage|p1a: Gliscor|88/100|[from] Stealth Rock
|
|-weather|Sandstorm|[upkeep]
|-status|p1a: Gliscor|tox|[from] item: Toxic Orb
|upkeep
|turn|4
|
|t:|1776099983
|move|p2a: Landorus|Taunt|p1a: Gliscor
|-start|p1a: Gliscor|move: Taunt
|move|p1a: Gliscor|Knock Off|p2a: Landorus
|-damage|p2a: Landorus|67/100
|-damage|p1a: Gliscor|71/100 tox|[from] item: Rocky Helmet|[of] p2a: Landorus
|-enditem|p2a: Landorus|Rocky Helmet|[from] move: Knock Off|[of] p1a: Gliscor
|
|-weather|Sandstorm|[upkeep]
|-heal|p1a: Gliscor|84/100 tox|[from] ability: Poison Heal
|upkeep
|turn|5
|
|t:|1776099987
|move|p2a: Landorus|U-turn|p1a: Gliscor
|-resisted|p1a: Gliscor
|-damage|p1a: Gliscor|77/100 tox
|
|t:|1776099989
|switch|p2a: Iron Treads|Iron Treads|100/100|[from] U-turn
|-enditem|p2a: Iron Treads|Booster Energy
|-activate|p2a: Iron Treads|ability: Quark Drive|[fromitem]
|-start|p2a: Iron Treads|quarkdrivespe
|move|p1a: Gliscor|Knock Off|p2a: Iron Treads
|-damage|p2a: Iron Treads|88/100
|
|-weather|none
|-heal|p1a: Gliscor|89/100 tox|[from] ability: Poison Heal
|upkeep
|turn|6
|
|t:|1776099993
|switch|p1a: Alomomola|Alomomola, F|88/100
|-damage|p1a: Alomomola|75/100|[from] Stealth Rock
|move|p2a: Iron Treads|Earthquake|p1a: Alomomola
|-damage|p1a: Alomomola|50/100
|
|upkeep
|turn|7
|
|t:|1776099997
|move|p2a: Iron Treads|Earthquake|p1a: Alomomola
|-damage|p1a: Alomomola|24/100
|move|p1a: Alomomola|Flip Turn|p2a: Iron Treads
|-supereffective|p2a: Iron Treads
|-damage|p2a: Iron Treads|58/100
|
|t:|1776100006
|switch|p1a: Sinistcha|Sinistcha|100/100|[from] Flip Turn
|
|upkeep
|turn|8
|
|t:|1776100010
|-end|p2a: Iron Treads|Quark Drive|[silent]
|switch|p2a: Landorus|Landorus-Therian, M|67/100
|-ability|p2a: Landorus|Intimidate|boost
|-unboost|p1a: Sinistcha|atk|1
|move|p1a: Sinistcha|Strength Sap|p2a: Landorus
|-unboost|p2a: Landorus|atk|1
|
|upkeep
|turn|9
|
|t:|1776100013
|move|p2a: Landorus|U-turn|p1a: Sinistcha
|-damage|p1a: Sinistcha|91/100
|
|t:|1776100015
|switch|p2a: Primarina|Primarina, F|100/100|[from] U-turn
|move|p1a: Sinistcha|Matcha Gotcha|p2a: Primarina|[miss]
|-miss|p1a: Sinistcha|p2a: Primarina
|
|upkeep
|turn|10
|
|t:|1776100022
|switch|p1a: Iron Crown|Iron Crown|100/100
|-damage|p1a: Iron Crown|94/100|[from] Stealth Rock
|move|p2a: Primarina|Psychic Noise|p1a: Iron Crown
|-resisted|p1a: Iron Crown
|-damage|p1a: Iron Crown|88/100
|-start|p1a: Iron Crown|move: Heal Block
|
|upkeep
|turn|11
|
|t:|1776100025
|move|p1a: Iron Crown|Volt Switch|p2a: Primarina
|-supereffective|p2a: Primarina
|-damage|p2a: Primarina|72/100
|
|t:|1776100028
|-end|p1a: Iron Crown|Quark Drive|[silent]
|switch|p1a: Alomomola|Alomomola, F|58/100|[from] Volt Switch
|-damage|p1a: Alomomola|45/100|[from] Stealth Rock
|move|p2a: Primarina|Surf|p1a: Alomomola
|-resisted|p1a: Alomomola
|-damage|p1a: Alomomola|20/100
|
|upkeep
|turn|12
|
|t:|1776100036
|switch|p1a: Iron Crown|Iron Crown|88/100
|-damage|p1a: Iron Crown|81/100|[from] Stealth Rock
|move|p2a: Primarina|Surf|p1a: Iron Crown
|-damage|p1a: Iron Crown|28/100
|
|upkeep
|turn|13
|
|t:|1776100039
|move|p1a: Iron Crown|Volt Switch|p2a: Primarina
|-supereffective|p2a: Primarina
|-damage|p2a: Primarina|41/100
|
|t:|1776100041
|-end|p1a: Iron Crown|Quark Drive|[silent]
|switch|p1a: Alomomola|Alomomola, F|53/100|[from] Volt Switch
|-damage|p1a: Alomomola|40/100|[from] Stealth Rock
|move|p2a: Primarina|Surf|p1a: Alomomola
|-resisted|p1a: Alomomola
|-damage|p1a: Alomomola|14/100
|
|upkeep
|turn|14
|
|t:|1776100045
|move|p2a: Primarina|Surf|p1a: Alomomola
|-resisted|p1a: Alomomola
|-damage|p1a: Alomomola|0 fnt
|faint|p1a: Alomomola
|
|upkeep
|
|t:|1776100048
|switch|p1a: Tyranitar|Tyranitar, F|100/100
|-damage|p1a: Tyranitar|88/100|[from] Stealth Rock
|-weather|Sandstorm|[from] ability: Sand Stream|[of] p1a: Tyranitar
|turn|15
|
|t:|1776100049
|switch|p2a: Landorus|Landorus-Therian, M|67/100
|-ability|p2a: Landorus|Intimidate|boost
|-unboost|p1a: Tyranitar|atk|1
|move|p1a: Tyranitar|Stone Edge|p2a: Landorus
|-damage|p2a: Landorus|28/100
|
|-weather|Sandstorm|[upkeep]
|upkeep
|turn|16
|
|t:|1776100053
|switch|p1a: Gliscor|Gliscor, M|89/100 tox
|-damage|p1a: Gliscor|77/100 tox|[from] Stealth Rock
|move|p2a: Landorus|U-turn|p1a: Gliscor
|-resisted|p1a: Gliscor
|-damage|p1a: Gliscor|71/100 tox
|
|t:|1776100055
|switch|p2a: Iron Treads|Iron Treads|58/100|[from] U-turn
|
|-weather|Sandstorm|[upkeep]
|-heal|p1a: Gliscor|83/100 tox|[from] ability: Poison Heal
|upkeep
|turn|17
|
|t:|1776100061
|move|p1a: Gliscor|Protect|p1a: Gliscor
|-singleturn|p1a: Gliscor|Protect
|move|p2a: Iron Treads|Ice Spinner|p1a: Gliscor
|-activate|p1a: Gliscor|move: Protect
|
|-weather|Sandstorm|[upkeep]
|-heal|p1a: Gliscor|96/100 tox|[from] ability: Poison Heal
|upkeep
|turn|18
|
|t:|1776100065
|move|p2a: Iron Treads|Rapid Spin|p1a: Gliscor
|-damage|p1a: Gliscor|85/100 tox
|-boost|p2a: Iron Treads|spe|1
|move|p1a: Gliscor|Knock Off|p2a: Iron Treads
|-damage|p2a: Iron Treads|46/100
|
|-weather|Sandstorm|[upkeep]
|-heal|p1a: Gliscor|98/100 tox|[from] ability: Poison Heal
|upkeep
|turn|19
|
|t:|1776100072
|move|p2a: Iron Treads|Ice Spinner|p1a: Gliscor
|-supereffective|p1a: Gliscor
|-damage|p1a: Gliscor|36/100 tox
|move|p1a: Gliscor|Earthquake|p2a: Iron Treads
|-supereffective|p2a: Iron Treads
|-damage|p2a: Iron Treads|0 fnt
|faint|p2a: Iron Treads
|-end|p2a: Iron Treads|Quark Drive|[silent]
|
|-weather|none
|-heal|p1a: Gliscor|48/100 tox|[from] ability: Poison Heal
|upkeep
|
|t:|1776100078
|switch|p2a: Primarina|Primarina, F|41/100
|turn|20
|inactive|orange fruit has 120 seconds left.
|l|☆orange fruit
|inactive|orange fruit disconnected and has a minute to reconnect!
|player|p1|
|j|☆orange fruit
|inactive|orange fruit reconnected and has 100 seconds left.
|player|p1|orange fruit|cynthia|
|
|t:|1776100137
|move|p1a: Gliscor|Knock Off|p2a: Primarina
|-resisted|p2a: Primarina
|-damage|p2a: Primarina|26/100
|-enditem|p2a: Primarina|Assault Vest|[from] move: Knock Off|[of] p1a: Gliscor
|move|p2a: Primarina|Surf|p1a: Gliscor
|-supereffective|p1a: Gliscor
|-damage|p1a: Gliscor|0 fnt
|faint|p1a: Gliscor
|
|upkeep
|
|t:|1776100146
|switch|p1a: Sinistcha|Sinistcha|91/100
|turn|21
|j| SquidwardHouseReal
|
|t:|1776100154
|move|p2a: Primarina|Psychic Noise|p1a: Sinistcha
|-damage|p1a: Sinistcha|58/100
|-start|p1a: Sinistcha|move: Heal Block
|cant|p1a: Sinistcha|move: Heal Block|Matcha Gotcha
|
|upkeep
|turn|22
|
|t:|1776100162
|switch|p1a: Tyranitar|Tyranitar, F|88/100
|-damage|p1a: Tyranitar|76/100|[from] Stealth Rock
|-weather|Sandstorm|[from] ability: Sand Stream|[of] p1a: Tyranitar
|move|p2a: Primarina|Moonblast|p1a: Tyranitar
|-supereffective|p1a: Tyranitar
|-damage|p1a: Tyranitar|4/100
|
|-weather|Sandstorm|[upkeep]
|-damage|p2a: Primarina|20/100|[from] Sandstorm
|upkeep
|turn|23
|l| SquidwardHouseReal
|
|t:|1776100170
|switch|p2a: Landorus|Landorus-Therian, M|28/100
|-ability|p2a: Landorus|Intimidate|boost
|-unboost|p1a: Tyranitar|atk|1
|move|p1a: Tyranitar|Knock Off|p2a: Landorus
|-damage|p2a: Landorus|0 fnt
|faint|p2a: Landorus
|
|-weather|Sandstorm|[upkeep]
|upkeep
|
|t:|1776100172
|switch|p2a: Zamazenta|Zamazenta|100/100
|-ability|p2a: Zamazenta|Dauntless Shield|boost
|-boost|p2a: Zamazenta|def|1
|turn|24
|
|t:|1776100175
|move|p2a: Zamazenta|Crunch|p1a: Tyranitar
|-resisted|p1a: Tyranitar
|-damage|p1a: Tyranitar|0 fnt
|faint|p1a: Tyranitar
|
|-weather|Sandstorm|[upkeep]
|-damage|p2a: Zamazenta|94/100|[from] Sandstorm
|-heal|p2a: Zamazenta|100/100|[from] item: Leftovers
|upkeep
|
|t:|1776100179
|switch|p1a: Sinistcha|Sinistcha|58/100
|turn|25
|
|t:|1776100181
|move|p2a: Zamazenta|Crunch|p1a: Sinistcha
|-supereffective|p1a: Sinistcha
|-damage|p1a: Sinistcha|28/100
|move|p1a: Sinistcha|Strength Sap|p2a: Zamazenta
|-unboost|p2a: Zamazenta|atk|1
|-heal|p1a: Sinistcha|100/100
|
|-weather|Sandstorm|[upkeep]
|-damage|p2a: Zamazenta|94/100|[from] Sandstorm
|-damage|p1a: Sinistcha|94/100|[from] Sandstorm
|-heal|p2a: Zamazenta|100/100|[from] item: Leftovers
|upkeep
|turn|26
|
|t:|1776100184
|move|p1a: Sinistcha|Calm Mind|p1a: Sinistcha
|-boost|p1a: Sinistcha|spa|1
|-boost|p1a: Sinistcha|spd|1
|move|p2a: Zamazenta|Roar|p1a: Sinistcha
|drag|p1a: Iron Crown|Iron Crown|28/100
|-damage|p1a: Iron Crown|22/100|[from] Stealth Rock
|
|-weather|none
|upkeep
|turn|27
|
|t:|1776100187
|move|p1a: Iron Crown|Psychic Noise|p2a: Zamazenta
|-supereffective|p2a: Zamazenta
|-damage|p2a: Zamazenta|40/100
|-start|p2a: Zamazenta|move: Heal Block
|move|p2a: Zamazenta|Crunch|p1a: Iron Crown
|-supereffective|p1a: Iron Crown
|-damage|p1a: Iron Crown|0 fnt
|faint|p1a: Iron Crown
|-end|p1a: Iron Crown|Quark Drive|[silent]
|
|upkeep
|
|t:|1776100191
|switch|p1a: Sinistcha|Sinistcha|94/100
|turn|28
|
|t:|1776100193
|switch|p2a: Primarina|Primarina, F|20/100
|move|p1a: Sinistcha|Matcha Gotcha|p2a: Primarina
|-supereffective|p2a: Primarina
|-damage|p2a: Primarina|0 fnt
|-heal|p1a: Sinistcha|100/100|[from] drain|[of] p2a: Primarina
|faint|p2a: Primarina
|
|upkeep
|
|t:|1776100194
|switch|p2a: Iron Valiant|Iron Valiant|94/100
|turn|29
|
|t:|1776100198
|move|p2a: Iron Valiant|Knock Off|p1a: Sinistcha
|-supereffective|p1a: Sinistcha
|-damage|p1a: Sinistcha|51/100
|-enditem|p1a: Sinistcha|Heavy-Duty Boots|[from] move: Knock Off|[of] p2a: Iron Valiant
|move|p1a: Sinistcha|Strength Sap|p2a: Iron Valiant
|-unboost|p2a: Iron Valiant|atk|1
|-heal|p1a: Sinistcha|100/100
|
|upkeep
|turn|30
|
|t:|1776100201
|move|p2a: Iron Valiant|Moonblast|p1a: Sinistcha
|-damage|p1a: Sinistcha|48/100
|-unboost|p1a: Sinistcha|spa|1
|move|p1a: Sinistcha|Matcha Gotcha|p2a: Iron Valiant
|-damage|p2a: Iron Valiant|51/100
|-heal|p1a: Sinistcha|66/100|[from] drain|[of] p2a: Iron Valiant
|
|upkeep
|turn|31
|
|t:|1776100207
|move|p2a: Iron Valiant|Moonblast|p1a: Sinistcha
|-damage|p1a: Sinistcha|14/100
|move|p1a: Sinistcha|Strength Sap|p2a: Iron Valiant
|-unboost|p2a: Iron Valiant|atk|1
|-heal|p1a: Sinistcha|73/100
|
|upkeep
|turn|32
|
|t:|1776100214
|-terastallize|p1a: Sinistcha|Poison
|move|p2a: Iron Valiant|Moonblast|p1a: Sinistcha
|-resisted|p1a: Sinistcha
|-damage|p1a: Sinistcha|44/100
|move|p1a: Sinistcha|Matcha Gotcha|p2a: Iron Valiant
|-damage|p2a: Iron Valiant|4/100
|-heal|p1a: Sinistcha|64/100|[from] drain|[of] p2a: Iron Valiant
|
|upkeep
|turn|33
|
|t:|1776100220
|move|p2a: Iron Valiant|Thunderbolt|p1a: Sinistcha
|-damage|p1a: Sinistcha|28/100
|move|p1a: Sinistcha|Strength Sap|p2a: Iron Valiant
|-unboost|p2a: Iron Valiant|atk|1
|-heal|p1a: Sinistcha|72/100
|
|upkeep
|turn|34
|
|t:|1776100227
|switch|p1a: Cinderace|Cinderace, M|100/100
|move|p2a: Iron Valiant|Thunderbolt|p1a: Cinderace
|-damage|p1a: Cinderace|57/100
|
|upkeep
|turn|35
|
|t:|1776100230
|move|p1a: Cinderace|Sucker Punch|p2a: Iron Valiant
|-start|p1a: Cinderace|typechange|Dark|[from] ability: Libero
|-resisted|p2a: Iron Valiant
|-damage|p2a: Iron Valiant|0 fnt
|faint|p2a: Iron Valiant
|-end|p2a: Iron Valiant|Quark Drive|[silent]
|
|upkeep
|
|t:|1776100232
|switch|p2a: Zamazenta|Zamazenta|40/100
|turn|36
|
|t:|1776100234
|move|p2a: Zamazenta|Body Press|p1a: Cinderace
|-supereffective|p1a: Cinderace
|-damage|p1a: Cinderace|0 fnt
|faint|p1a: Cinderace
|
|-heal|p2a: Zamazenta|46/100|[from] item: Leftovers
|upkeep
|
|t:|1776100235
|switch|p1a: Sinistcha|Sinistcha, tera:Poison|72/100
|-damage|p1a: Sinistcha|60/100|[from] Stealth Rock
|turn|37
|
|t:|1776100239
|-terastallize|p2a: Zamazenta|Poison
|move|p2a: Zamazenta|Iron Defense|p2a: Zamazenta
|-boost|p2a: Zamazenta|def|2
|move|p1a: Sinistcha|Strength Sap|p2a: Zamazenta
|-unboost|p2a: Zamazenta|atk|1
|-heal|p1a: Sinistcha|100/100
|
|-heal|p2a: Zamazenta|52/100|[from] item: Leftovers
|upkeep
|turn|38
|
|t:|1776100243
|move|p2a: Zamazenta|Iron Defense|p2a: Zamazenta
|-boost|p2a: Zamazenta|def|2
|move|p1a: Sinistcha|Calm Mind|p1a: Sinistcha
|-boost|p1a: Sinistcha|spa|1
|-boost|p1a: Sinistcha|spd|1
|
|-heal|p2a: Zamazenta|58/100|[from] item: Leftovers
|upkeep
|turn|39
|
|t:|1776100246
|move|p2a: Zamazenta|Iron Defense|p2a: Zamazenta
|-boost|p2a: Zamazenta|def|2
|move|p1a: Sinistcha|Matcha Gotcha|p2a: Zamazenta
|-resisted|p2a: Zamazenta
|-damage|p2a: Zamazenta|38/100
|-status|p2a: Zamazenta|brn
|
|-heal|p2a: Zamazenta|44/100 brn|[from] item: Leftovers
|-damage|p2a: Zamazenta|38/100 brn|[from] brn
|upkeep
|turn|40
|
|t:|1776100248
|move|p2a: Zamazenta|Body Press|p1a: Sinistcha
|-resisted|p1a: Sinistcha
|-damage|p1a: Sinistcha|75/100
|move|p1a: Sinistcha|Calm Mind|p1a: Sinistcha
|-boost|p1a: Sinistcha|spa|1
|-boost|p1a: Sinistcha|spd|1
|
|-heal|p2a: Zamazenta|44/100 brn|[from] item: Leftovers
|-damage|p2a: Zamazenta|38/100 brn|[from] brn
|upkeep
|turn|41
|
|t:|1776100252
|move|p2a: Zamazenta|Body Press|p1a: Sinistcha
|-resisted|p1a: Sinistcha
|-damage|p1a: Sinistcha|49/100
|move|p1a: Sinistcha|Strength Sap|p2a: Zamazenta
|-unboost|p2a: Zamazenta|atk|1
|-heal|p1a: Sinistcha|100/100
|
|-heal|p2a: Zamazenta|44/100 brn|[from] item: Leftovers
|-damage|p2a: Zamazenta|38/100 brn|[from] brn
|upkeep
|turn|42
|
|t:|1776100255
|move|p2a: Zamazenta|Body Press|p1a: Sinistcha
|-resisted|p1a: Sinistcha
|-damage|p1a: Sinistcha|74/100
|move|p1a: Sinistcha|Shadow Ball|p2a: Zamazenta
|-damage|p2a: Zamazenta|0 fnt
|faint|p2a: Zamazenta
|
|upkeep
|
|t:|1776100258
|switch|p2a: Kingambit|Kingambit, M|100/100
|-activate|p2a: Kingambit|ability: Supreme Overlord
|-start|p2a: Kingambit|fallen5|[silent]
|turn|43
|
|t:|1776100260
|move|p1a: Sinistcha|Matcha Gotcha|p2a: Kingambit
|-resisted|p2a: Kingambit
|-damage|p2a: Kingambit|66/100
|-heal|p1a: Sinistcha|94/100|[from] drain|[of] p2a: Kingambit
|move|p2a: Kingambit|Swords Dance|p2a: Kingambit
|-boost|p2a: Kingambit|atk|2
|
|-heal|p2a: Kingambit|72/100|[from] item: Leftovers
|upkeep
|turn|44
|
|t:|1776100267
|move|p1a: Sinistcha|Matcha Gotcha|p2a: Kingambit
|-resisted|p2a: Kingambit
|-damage|p2a: Kingambit|36/100
|-heal|p1a: Sinistcha|100/100|[from] drain|[of] p2a: Kingambit
|move|p2a: Kingambit|Kowtow Cleave|p1a: Sinistcha
|-damage|p1a: Sinistcha|0 fnt
|faint|p1a: Sinistcha
|
|win|Unscripted tbtest
|raw|orange fruit's rating: 1717 &rarr; <strong>1697</strong><br />(-20 for losing)
|raw|Unscripted tbtest's rating: 1711 &rarr; <strong>1731</strong><br />(+20 for winning)
|l|☆Unscripted tbtest
|player|p2|
|l|☆orange fruit
|player|p1|
