|html|<div class="broadcast-blue"><strong>[Gen 9] OU is currently suspecting Tera Blast! For information on how to participate check out the <a href="https://www.smogon.com/tools/suspects/view/200">suspect thread</a>.</strong></div>
|j|☆EseJota
|j|☆sixludicolos
|t:|1776065133
|gametype|singles
|player|p1|EseJota|rocketgrunt|1205
|player|p2|sixludicolos|roxie|1186
|gen|9
|tier|[Gen 9] OU
|rated|
|rule|HP Percentage Mod: HP is shown in percentages
|rule|Endless Battle Clause: Forcing endless battles is banned
|rule|Species Clause: Limit one of each Pokémon
|rule|OHKO Clause: OHKO moves are banned
|rule|Evasion Items Clause: Evasion items are banned
|rule|Evasion Moves Clause: Evasion moves are banned
|rule|Evasion Abilities Clause: Evasion abilities are banned
|rule|Sleep Moves Clause: Sleep-inducing moves are banned
|clearpoke
|poke|p1|Great Tusk|
|poke|p1|Dragapult, F|
|poke|p1|Kingambit, M|
|poke|p1|Iron Valiant|
|poke|p1|Landorus-Therian, M|
|poke|p1|Slowking-Galar, F|
|poke|p2|Pelipper, M|
|poke|p2|Hatterene, F|
|poke|p2|Iron Treads|
|poke|p2|Toxicroak, M|
|poke|p2|Barraskewda, M|
|poke|p2|Zapdos|
|teampreview
|inactive|Battle timer is ON: inactive players will automatically lose when time's up. (requested by EseJota)
|
|t:|1776065138
|teamsize|p1|6
|teamsize|p2|6
|start
|switch|p1a: Landorus|Landorus-Therian, M|100/100
|switch|p2a: Nigel|Pelipper, M, shiny|100/100
|-ability|p1a: Landorus|Intimidate|boost
|-unboost|p2a: Nigel|atk|1
|-weather|RainDance|[from] ability: Drizzle|[of] p2a: Nigel
|turn|1
|
|t:|1776065147
|move|p1a: Landorus|Stealth Rock|p2a: Nigel
|-sidestart|p2: sixludicolos|move: Stealth Rock
|move|p2a: Nigel|U-turn|p1a: Landorus
|-resisted|p1a: Landorus
|-damage|p1a: Landorus|98/100
|-damage|p2a: Nigel|84/100|[from] item: Rocky Helmet|[of] p1a: Landorus
|
|t:|1776065153
|switch|p2a: Abram|Iron Treads|100/100|[from] U-turn
|-damage|p2a: Abram|98/100|[from] Stealth Rock
|
|-weather|RainDance|[upkeep]
|-heal|p2a: Abram|100/100|[from] item: Leftovers
|upkeep
|turn|2
|
|t:|1776065167
|-end|p2a: Abram|Quark Drive|[silent]
|switch|p2a: Nigel|Pelipper, M, shiny|84/100
|-damage|p2a: Nigel|59/100|[from] Stealth Rock
|move|p1a: Landorus|Earthquake|p2a: Nigel
|-immune|p2a: Nigel
|
|-weather|RainDance|[upkeep]
|upkeep
|turn|3
|
|t:|1776065177
|move|p1a: Landorus|Rock Slide|p2a: Nigel|[miss]
|-miss|p1a: Landorus|p2a: Nigel
|move|p2a: Nigel|Roost|p2a: Nigel
|-heal|p2a: Nigel|100/100
|-singleturn|p2a: Nigel|move: Roost
|
|-weather|RainDance|[upkeep]
|upkeep
|turn|4
|
|t:|1776065194
|move|p1a: Landorus|Rock Slide|p2a: Nigel
|-supereffective|p2a: Nigel
|-damage|p2a: Nigel|50/100
|move|p2a: Nigel|Hurricane|p1a: Landorus
|-damage|p1a: Landorus|60/100
|
|-weather|RainDance|[upkeep]
|upkeep
|turn|5
|
|t:|1776065203
|move|p1a: Landorus|Rock Slide|p2a: Nigel
|-supereffective|p2a: Nigel
|-damage|p2a: Nigel|0 fnt
|faint|p2a: Nigel
|
|-weather|RainDance|[upkeep]
|upkeep
|
|t:|1776065210
|switch|p2a: Aguilar|Barraskewda, M, shiny|100/100
|-damage|p2a: Aguilar|88/100|[from] Stealth Rock
|turn|6
|
|t:|1776065219
|-terastallize|p2a: Aguilar|Water
|move|p2a: Aguilar|Liquidation|p1a: Landorus
|-supereffective|p1a: Landorus
|-damage|p1a: Landorus|0 fnt
|-damage|p2a: Aguilar|72/100|[from] item: Rocky Helmet|[of] p1a: Landorus
|faint|p1a: Landorus
|
|-weather|RainDance|[upkeep]
|upkeep
|
|t:|1776065243
|switch|p1a: Kingambit|Kingambit, M|100/100
|-activate|p1a: Kingambit|ability: Supreme Overlord
|-start|p1a: Kingambit|fallen1|[silent]
|turn|7
|
|t:|1776065260
|switch|p2a: Virgil|Zapdos|100/100
|-damage|p2a: Virgil|76/100|[from] Stealth Rock
|move|p1a: Kingambit|Sucker Punch||[still]
|-fail|p1a: Kingambit
|
|-weather|RainDance|[upkeep]
|upkeep
|turn|8
|
|t:|1776065269
|move|p2a: Virgil|Thunder|p1a: Kingambit
|-damage|p1a: Kingambit|9/100
|move|p1a: Kingambit|Kowtow Cleave|p2a: Virgil
|-damage|p2a: Virgil|0 fnt
|faint|p2a: Virgil
|
|-weather|none
|upkeep
|
|t:|1776065278
|switch|p2a: Aguilar|Barraskewda, M, shiny, tera:Water|72/100
|-damage|p2a: Aguilar|60/100|[from] Stealth Rock
|turn|9
|
|t:|1776065283
|-end|p1a: Kingambit|fallen1|[silent]
|switch|p1a: Dragapult|Dragapult, F|100/100
|move|p2a: Aguilar|Aqua Jet|p1a: Dragapult
|-resisted|p1a: Dragapult
|-damage|p1a: Dragapult|70/100
|
|upkeep
|turn|10
|
|t:|1776065291
|switch|p2a: Abram|Iron Treads|100/100
|-damage|p2a: Abram|98/100|[from] Stealth Rock
|move|p1a: Dragapult|Thunderbolt|p2a: Abram
|-immune|p2a: Abram
|
|-heal|p2a: Abram|100/100|[from] item: Leftovers
|upkeep
|turn|11
|
|t:|1776065301
|switch|p1a: Great Tusk|Great Tusk|100/100
|move|p2a: Abram|Stealth Rock|p1a: Great Tusk
|-sidestart|p1: EseJota|move: Stealth Rock
|
|upkeep
|turn|12
|
|t:|1776065314
|-end|p2a: Abram|Quark Drive|[silent]
|switch|p2a: Tajiri|Toxicroak, M, shiny|100/100
|-damage|p2a: Tajiri|94/100|[from] Stealth Rock
|move|p1a: Great Tusk|Rapid Spin|p2a: Tajiri
|-damage|p2a: Tajiri|77/100
|-boost|p1a: Great Tusk|spe|1
|-sideend|p1: EseJota|Stealth Rock|[from] move: Rapid Spin|[of] p1a: Great Tusk
|
|-heal|p2a: Tajiri|83/100|[from] item: Leftovers
|upkeep
|turn|13
|
|t:|1776065325
|move|p1a: Great Tusk|Headlong Rush|p2a: Tajiri
|-supereffective|p2a: Tajiri
|-damage|p2a: Tajiri|0 fnt
|-unboost|p1a: Great Tusk|def|1
|-unboost|p1a: Great Tusk|spd|1
|faint|p2a: Tajiri
|
|upkeep
|-message|sixludicolos forfeited.
|
|win|EseJota
|raw|EseJota's rating: 1205 &rarr; <strong>1229</strong><br />(+24 for winning)
|raw|sixludicolos's rating: 1186 &rarr; <strong>1162</strong><br />(-24 for losing)
|l|☆sixludicolos
|player|p2|
|l|☆EseJota
|player|p1|
