|html|<div class="broadcast-blue"><strong>[Gen 9] OU is currently suspecting Tera Blast! For information on how to participate check out the <a href="https://www.smogon.com/tools/suspects/view/200">suspect thread</a>.</strong></div>
|j|☆Ember&Corey
|j|☆Sheel_Valia
|t:|1776091010
|gametype|singles
|player|p1|Ember&Corey|gardenia|1565
|player|p2|Sheel_Valia|1|1525
|gen|9
|tier|[Gen 9] OU
|rated|
|rule|HP Percentage Mod: HP is shown in percentages
|rule|Endless Battle Clause: Forcing endless battles is banned
|rule|Species Clause: Limit one of each Pokémon
|rule|OHKO Clause: OHKO moves are banned
|rule|Evasion Items Clause: Evasion items are banned
|rule|Evasion Moves Clause: Evasion moves are banned
|rule|Evasion Abilities Clause: Evasion abilities are banned
|rule|Sleep Moves Clause: Sleep-inducing moves are banned
|clearpoke
|poke|p1|Araquanid, M|
|poke|p1|Ceruledge, M|
|poke|p1|Enamorus, F|
|poke|p1|Glimmora, F|
|poke|p1|Gholdengo|
|poke|p1|Kingambit, M|
|poke|p2|Rotom-Wash|
|poke|p2|Toxapex, F|
|poke|p2|Ting-Lu|
|poke|p2|Dragapult, M|
|poke|p2|Kingambit, F|
|poke|p2|Hatterene, F|
|teampreview
|inactive|Battle timer is ON: inactive players will automatically lose when time's up. (requested by Sheel_Valia)
|j| ohko_smeargle
|
|t:|1776091025
|teamsize|p1|6
|teamsize|p2|6
|start
|switch|p1a: Spooderman|Araquanid, M|100/100
|switch|p2a: Rotom|Rotom-Wash, shiny|100/100
|turn|1
|
|t:|1776091028
|move|p2a: Rotom|Volt Switch|p1a: Spooderman
|-supereffective|p1a: Spooderman
|-damage|p1a: Spooderman|58/100
|
|t:|1776091032
|switch|p2a: Hatterene|Hatterene, F|100/100|[from] Volt Switch
|move|p1a: Spooderman|Surf|p2a: Hatterene
|-damage|p2a: Hatterene|61/100
|
|upkeep
|turn|2
|
|t:|1776091038
|switch|p1a: Greed|Gholdengo|100/100
|-item|p1a: Greed|Air Balloon
|move|p2a: Hatterene|Trick Room|p2a: Hatterene
|-fieldstart|move: Trick Room|[of] p2a: Hatterene
|
|upkeep
|turn|3
|
|t:|1776091043
|switch|p2a: Ting-Lu|Ting-Lu|100/100
|-ability|p2a: Ting-Lu|Vessel of Ruin
|move|p1a: Greed|Make It Rain|p2a: Ting-Lu
|-damage|p2a: Ting-Lu|62/100
|-unboost|p1a: Greed|spa|1
|
|-heal|p2a: Ting-Lu|68/100|[from] item: Leftovers
|upkeep
|turn|4
|
|t:|1776091050
|switch|p1a: Spooderman|Araquanid, M|58/100
|move|p2a: Ting-Lu|Throat Chop|p1a: Spooderman
|-damage|p1a: Spooderman|19/100
|-start|p1a: Spooderman|Throat Chop|[silent]
|
|-heal|p2a: Ting-Lu|74/100|[from] item: Leftovers
|upkeep
|turn|5
|-enditem|p1a: Spooderman|Custap Berry|[eat]
|-activate|p1a: Spooderman|item: Custap Berry|[consumed]
|
|t:|1776091054
|move|p1a: Spooderman|Sticky Web|p2a: Ting-Lu
|-sidestart|p2: Sheel_Valia|move: Sticky Web
|move|p2a: Ting-Lu|Stealth Rock|p1a: Spooderman
|-sidestart|p1: Ember&Corey|move: Stealth Rock
|
|-heal|p2a: Ting-Lu|81/100|[from] item: Leftovers
|-end|p1a: Spooderman|Throat Chop|[silent]
|upkeep
|turn|6
|
|t:|1776091060
|move|p1a: Spooderman|Surf|p2a: Ting-Lu
|-supereffective|p2a: Ting-Lu
|-damage|p2a: Ting-Lu|40/100
|move|p2a: Ting-Lu|Throat Chop|p1a: Spooderman
|-damage|p1a: Spooderman|0 fnt
|faint|p1a: Spooderman
|
|-heal|p2a: Ting-Lu|46/100|[from] item: Leftovers
|-fieldend|move: Trick Room
|upkeep
|
|t:|1776091065
|switch|p1a: Glimmy|Glimmora, F|100/100
|-damage|p1a: Glimmy|88/100|[from] Stealth Rock
|turn|7
|
|t:|1776091070
|move|p1a: Glimmy|Mortal Spin|p2a: Ting-Lu
|-resisted|p2a: Ting-Lu
|-damage|p2a: Ting-Lu|44/100
|-status|p2a: Ting-Lu|psn
|-sideend|p1: Ember&Corey|Stealth Rock|[from] move: Mortal Spin|[of] p1a: Glimmy
|move|p2a: Ting-Lu|Earthquake|p1a: Glimmy
|-supereffective|p1a: Glimmy
|-damage|p1a: Glimmy|0 fnt
|-activate|p1a: Glimmy|ability: Toxic Debris
|-sidestart|p2: Sheel_Valia|move: Toxic Spikes
|faint|p1a: Glimmy
|
|-heal|p2a: Ting-Lu|51/100 psn|[from] item: Leftovers
|-damage|p2a: Ting-Lu|38/100 psn|[from] psn
|upkeep
|
|t:|1776091075
|switch|p1a: El Gambito|Kingambit, M|100/100
|-activate|p1a: El Gambito|ability: Supreme Overlord
|-start|p1a: El Gambito|fallen2|[silent]
|turn|8
|
|t:|1776091077
|move|p1a: El Gambito|Low Kick|p2a: Ting-Lu
|-supereffective|p2a: Ting-Lu
|-damage|p2a: Ting-Lu|0 fnt
|faint|p2a: Ting-Lu
|
|upkeep
|
|t:|1776091081
|switch|p2a: Toxapex|Toxapex, F, shiny|100/100
|-activate|p2a: Toxapex|move: Sticky Web
|-unboost|p2a: Toxapex|spe|1
|-sideend|p2: Sheel_Valia|move: Toxic Spikes|[of] p2a: Toxapex
|turn|9
|
|t:|1776091096
|switch|p2a: Rotom|Rotom-Wash, shiny|100/100
|move|p1a: El Gambito|Swords Dance|p1a: El Gambito
|-boost|p1a: El Gambito|atk|2
|
|upkeep
|turn|10
|
|t:|1776091102
|-end|p1a: El Gambito|fallen2|[silent]
|switch|p1a: Greed|Gholdengo|100/100
|-item|p1a: Greed|Air Balloon
|move|p2a: Rotom|Trick|p1a: Greed
|-immune|p1a: Greed|[from] ability: Good as Gold
|
|upkeep
|turn|11
|
|t:|1776091113
|switch|p2a: Kingambit|Kingambit, F, shiny|100/100
|-activate|p2a: Kingambit|move: Sticky Web
|-unboost|p2a: Kingambit|spe|1
|-activate|p2a: Kingambit|ability: Supreme Overlord
|-start|p2a: Kingambit|fallen1|[silent]
|move|p1a: Greed|Nasty Plot|p1a: Greed
|-boost|p1a: Greed|spa|2
|
|upkeep
|turn|12
|
|t:|1776091130
|move|p2a: Kingambit|Sucker Punch|p1a: Greed
|-supereffective|p1a: Greed
|-damage|p1a: Greed|0 fnt
|-enditem|p1a: Greed|Air Balloon
|faint|p1a: Greed
|
|upkeep
|
|t:|1776091133
|switch|p1a: Jealousy|Enamorus, F|100/100
|turn|13
|
|t:|1776091138
|-end|p2a: Kingambit|fallen1|[silent]
|switch|p2a: Rotom|Rotom-Wash, shiny|100/100
|move|p1a: Jealousy|Earth Power|p2a: Rotom
|-immune|p2a: Rotom|[from] ability: Levitate
|
|upkeep
|turn|14
|
|t:|1776091142
|move|p2a: Rotom|Trick|p1a: Jealousy
|-activate|p2a: Rotom|move: Trick|[of] p1a: Jealousy
|-item|p1a: Jealousy|Choice Scarf|[from] move: Trick
|-item|p2a: Rotom|Life Orb|[from] move: Trick
|move|p1a: Jealousy|Moonblast|p2a: Rotom
|-damage|p2a: Rotom|23/100
|
|upkeep
|turn|15
|
|t:|1776091151
|switch|p1a: Erebu|Ceruledge, M|100/100
|switch|p2a: Toxapex|Toxapex, F, shiny|100/100
|-activate|p2a: Toxapex|move: Sticky Web
|-unboost|p2a: Toxapex|spe|1
|
|upkeep
|turn|16
|
|t:|1776091154
|move|p1a: Erebu|Swords Dance|p1a: Erebu
|-boost|p1a: Erebu|atk|2
|move|p2a: Toxapex|Toxic|p1a: Erebu
|-status|p1a: Erebu|tox
|
|-damage|p1a: Erebu|94/100 tox|[from] psn
|upkeep
|turn|17
|
|t:|1776091159
|move|p1a: Erebu|Poltergeist|p2a: Toxapex
|-activate|p2a: Toxapex|move: Poltergeist|Rocky Helmet
|-damage|p2a: Toxapex|6/100
|-damage|p1a: Erebu|84/100 tox|[from] item: Life Orb
|move|p2a: Toxapex|Haze|p2a: Toxapex
|-clearallboost
|
|-damage|p1a: Erebu|72/100 tox|[from] psn
|upkeep
|turn|18
|
|t:|1776091166
|switch|p2a: Kingambit|Kingambit, F, shiny|100/100
|-activate|p2a: Kingambit|move: Sticky Web
|-unboost|p2a: Kingambit|spe|1
|-activate|p2a: Kingambit|ability: Supreme Overlord
|-start|p2a: Kingambit|fallen1|[silent]
|move|p1a: Erebu|Bitter Blade|p2a: Kingambit
|-supereffective|p2a: Kingambit
|-damage|p2a: Kingambit|8/100
|-heal|p1a: Erebu|100/100 tox|[from] drain|[of] p2a: Kingambit
|-damage|p1a: Erebu|91/100 tox|[from] item: Life Orb
|
|-damage|p1a: Erebu|72/100 tox|[from] psn
|upkeep
|turn|19
|
|t:|1776091178
|-end|p2a: Kingambit|fallen1|[silent]
|switch|p2a: Toxapex|Toxapex, F, shiny|39/100
|-activate|p2a: Toxapex|move: Sticky Web
|-unboost|p2a: Toxapex|spe|1
|move|p1a: Erebu|Shadow Sneak|p2a: Toxapex
|-damage|p2a: Toxapex|24/100
|-damage|p1a: Erebu|55/100 tox|[from] item: Rocky Helmet|[of] p2a: Toxapex
|-damage|p1a: Erebu|46/100 tox|[from] item: Life Orb
|
|-damage|p1a: Erebu|21/100 tox|[from] psn
|upkeep
|turn|20
|
|t:|1776091187
|switch|p2a: Kingambit|Kingambit, F, shiny|8/100
|-activate|p2a: Kingambit|move: Sticky Web
|-unboost|p2a: Kingambit|spe|1
|-activate|p2a: Kingambit|ability: Supreme Overlord
|-start|p2a: Kingambit|fallen1|[silent]
|move|p1a: Erebu|Poltergeist|p2a: Kingambit
|-activate|p2a: Kingambit|move: Poltergeist|Black Glasses
|-resisted|p2a: Kingambit
|-damage|p2a: Kingambit|0 fnt
|faint|p2a: Kingambit
|-end|p2a: Kingambit|fallen1|[silent]
|-damage|p1a: Erebu|11/100 tox|[from] item: Life Orb
|
|-damage|p1a: Erebu|0 fnt|[from] psn
|faint|p1a: Erebu
|upkeep
|
|t:|1776091197
|switch|p1a: El Gambito|Kingambit, M|100/100
|switch|p2a: Rotom|Rotom-Wash, shiny|23/100
|-activate|p1a: El Gambito|ability: Supreme Overlord
|-start|p1a: El Gambito|fallen4|[silent]
|turn|21
|
|t:|1776091202
|-end|p1a: El Gambito|fallen4|[silent]
|switch|p1a: Jealousy|Enamorus, F|100/100
|move|p2a: Rotom|Will-O-Wisp|p1a: Jealousy
|-status|p1a: Jealousy|brn
|
|-damage|p1a: Jealousy|94/100 brn|[from] brn
|upkeep
|turn|22
|
|t:|1776091211
|move|p1a: Jealousy|Moonblast|p2a: Rotom
|-damage|p2a: Rotom|0 fnt
|faint|p2a: Rotom
|
|-damage|p1a: Jealousy|88/100 brn|[from] brn
|upkeep
|
|t:|1776091215
|switch|p2a: Toxapex|Toxapex, F, shiny|57/100
|-activate|p2a: Toxapex|move: Sticky Web
|-unboost|p2a: Toxapex|spe|1
|turn|23
|
|t:|1776091221
|switch|p1a: El Gambito|Kingambit, M|100/100
|-activate|p1a: El Gambito|ability: Supreme Overlord
|-start|p1a: El Gambito|fallen4|[silent]
|move|p2a: Toxapex|Surf|p1a: El Gambito
|-damage|p1a: El Gambito|80/100
|
|upkeep
|turn|24
|
|t:|1776091227
|move|p1a: El Gambito|Swords Dance|p1a: El Gambito
|-boost|p1a: El Gambito|atk|2
|move|p2a: Toxapex|Recover|p2a: Toxapex
|-heal|p2a: Toxapex|100/100
|
|upkeep
|turn|25
|
|t:|1776091236
|-terastallize|p1a: El Gambito|Dark
|move|p1a: El Gambito|Kowtow Cleave|p2a: Toxapex
|-damage|p2a: Toxapex|0 fnt
|-damage|p1a: El Gambito|64/100|[from] item: Rocky Helmet|[of] p2a: Toxapex
|faint|p2a: Toxapex
|
|upkeep
|
|t:|1776091245
|switch|p2a: Dragapult|Dragapult, M, shiny|100/100
|-activate|p2a: Dragapult|move: Sticky Web
|-unboost|p2a: Dragapult|spe|1
|turn|26
|
|t:|1776091248
|move|p1a: El Gambito|Sucker Punch||[still]
|-fail|p1a: El Gambito
|move|p2a: Dragapult|Substitute|p2a: Dragapult
|-start|p2a: Dragapult|Substitute
|-damage|p2a: Dragapult|76/100
|
|-heal|p2a: Dragapult|82/100|[from] item: Leftovers
|upkeep
|turn|27
|
|t:|1776091252
|move|p2a: Dragapult|Dragon Darts|p1a: El Gambito
|-damage|p1a: El Gambito|42/100
|-anim|p2a: Dragapult|Dragon Darts|p1a: El Gambito
|-damage|p1a: El Gambito|18/100
|move|p1a: El Gambito|Kowtow Cleave|p2a: Dragapult
|-supereffective|p2a: Dragapult
|-end|p2a: Dragapult|Substitute
|
|-heal|p2a: Dragapult|88/100|[from] item: Leftovers
|upkeep
|turn|28
|
|t:|1776091264
|move|p2a: Dragapult|Substitute|p2a: Dragapult
|-start|p2a: Dragapult|Substitute
|-damage|p2a: Dragapult|63/100
|move|p1a: El Gambito|Kowtow Cleave|p2a: Dragapult
|-supereffective|p2a: Dragapult
|-end|p2a: Dragapult|Substitute
|
|-heal|p2a: Dragapult|69/100|[from] item: Leftovers
|upkeep
|turn|29
|
|t:|1776091268
|move|p1a: El Gambito|Sucker Punch||[still]
|-fail|p1a: El Gambito
|move|p2a: Dragapult|Substitute|p2a: Dragapult
|-start|p2a: Dragapult|Substitute
|-damage|p2a: Dragapult|44/100
|
|-heal|p2a: Dragapult|50/100|[from] item: Leftovers
|upkeep
|turn|30
|
|t:|1776091273
|move|p1a: El Gambito|Sucker Punch|p2a: Dragapult
|-supereffective|p2a: Dragapult
|-end|p2a: Dragapult|Substitute
|move|p2a: Dragapult|Dragon Darts|p1a: El Gambito
|-damage|p1a: El Gambito|0 fnt
|faint|p1a: El Gambito
|-end|p1a: El Gambito|fallen4|[silent]
|
|-heal|p2a: Dragapult|56/100|[from] item: Leftovers
|upkeep
|
|t:|1776091275
|switch|p1a: Jealousy|Enamorus, F|88/100 brn
|turn|31
|
|t:|1776091287
|-terastallize|p2a: Dragapult|Fairy
|move|p1a: Jealousy|Moonblast|p2a: Dragapult
|-damage|p2a: Dragapult|0 fnt
|faint|p2a: Dragapult
|
|-damage|p1a: Jealousy|82/100 brn|[from] brn
|upkeep
|
|t:|1776091293
|switch|p2a: Hatterene|Hatterene, F|61/100
|-activate|p2a: Hatterene|move: Sticky Web
|-unboost|p2a: Hatterene|spe|1
|turn|32
|
|t:|1776091296
|move|p1a: Jealousy|Moonblast|p2a: Hatterene
|-damage|p2a: Hatterene|0 fnt
|faint|p2a: Hatterene
|
|win|Ember&Corey
|raw|Ember&amp;Corey's rating: 1565 &rarr; <strong>1583</strong><br />(+18 for winning)
|raw|Sheel_Valia's rating: 1525 &rarr; <strong>1507</strong><br />(-18 for losing)
|l| ohko_smeargle
|l|☆Ember&Corey
|player|p1|
|l|☆Sheel_Valia
|player|p2|
