|html|<div class="broadcast-blue"><strong>[Gen 9] OU is currently suspecting Volcarona! For information on how to participate check out the <a href="https://www.smogon.com/tools/suspects/view/208">suspect thread</a>.</strong></div>
|j|☆Redoranges101
|j|☆Danipuerro
|t:|1778502840
|gametype|singles
|player|p1|Redoranges101|2|1266
|player|p2|Danipuerro|2|1279
|gen|9
|tier|[Gen 9] OU
|rated|
|rule|HP Percentage Mod: HP is shown in percentages
|rule|Endless Battle Clause: Forcing endless battles is banned
|rule|Species Clause: Limit one of each Pokémon
|rule|OHKO Clause: OHKO moves are banned
|rule|Evasion Items Clause: Evasion items are banned
|rule|Evasion Moves Clause: Evasion moves are banned
|rule|Evasion Abilities Clause: Evasion abilities are banned
|rule|Sleep Moves Clause: Sleep-inducing moves are banned
|clearpoke
|poke|p1|Dragonite, M|
|poke|p1|Ting-Lu|
|poke|p1|Clefable, F|
|poke|p1|Pecharunt|
|poke|p1|Heatran, M|
|poke|p1|Zamazenta-*|
|poke|p2|Pelipper, F|
|poke|p2|Ludicolo, F|
|poke|p2|Landorus-Therian, M|
|poke|p2|Barraskewda, F|
|poke|p2|Iron Treads|
|poke|p2|Raging Bolt|
|teampreview
|inactive|Battle timer is ON: inactive players will automatically lose when time's up. (requested by Danipuerro)
|inactive|Redoranges101 has 120 seconds left.
|
|t:|1778502877
|teamsize|p1|6
|teamsize|p2|6
|start
|switch|p1a: Clefable|Clefable, F|100/100
|switch|p2a: Pelipper|Pelipper, F, shiny|100/100
|-weather|RainDance|[from] ability: Drizzle|[of] p2a: Pelipper
|turn|1
|
|t:|1778502900
|move|p1a: Clefable|Knock Off|p2a: Pelipper
|-damage|p2a: Pelipper|88/100
|-enditem|p2a: Pelipper|Damp Rock|[from] move: Knock Off|[of] p1a: Clefable
|move|p2a: Pelipper|U-turn|p1a: Clefable
|-resisted|p1a: Clefable
|-damage|p1a: Clefable|97/100
|
|t:|1778502907
|switch|p2a: Barraskewda|Barraskewda, F, shiny|100/100|[from] U-turn
|
|-weather|RainDance|[upkeep]
|-heal|p1a: Clefable|100/100|[from] item: Leftovers
|upkeep
|turn|2
|
|t:|1778502915
|switch|p1a: Pecharunt|Pecharunt|100/100
|move|p2a: Barraskewda|Poison Jab|p1a: Pecharunt
|-resisted|p1a: Pecharunt
|-damage|p1a: Pecharunt|95/100
|
|-weather|RainDance|[upkeep]
|upkeep
|turn|3
|
|t:|1778502927
|switch|p2a: Iron Treads|Iron Treads|100/100
|move|p1a: Pecharunt|Parting Shot|p2a: Iron Treads
|-unboost|p2a: Iron Treads|atk|1
|-unboost|p2a: Iron Treads|spa|1
|
|t:|1778502932
|switch|p1a: Ting-Lu|Ting-Lu|100/100|[from] Parting Shot
|-ability|p1a: Ting-Lu|Vessel of Ruin
|
|-weather|RainDance|[upkeep]
|upkeep
|turn|4
|
|t:|1778502943
|move|p2a: Iron Treads|Body Press|p1a: Ting-Lu
|-supereffective|p1a: Ting-Lu
|-damage|p1a: Ting-Lu|77/100
|move|p1a: Ting-Lu|Spikes|p2a: Iron Treads
|-sidestart|p2: Danipuerro|Spikes
|
|-weather|RainDance|[upkeep]
|-heal|p1a: Ting-Lu|83/100|[from] item: Leftovers
|upkeep
|turn|5
|
|t:|1778502951
|move|p2a: Iron Treads|Body Press|p1a: Ting-Lu
|-supereffective|p1a: Ting-Lu
|-damage|p1a: Ting-Lu|59/100
|move|p1a: Ting-Lu|Earthquake|p2a: Iron Treads
|-supereffective|p2a: Iron Treads
|-damage|p2a: Iron Treads|35/100
|
|-weather|RainDance|[upkeep]
|-heal|p1a: Ting-Lu|65/100|[from] item: Leftovers
|upkeep
|turn|6
|
|t:|1778502968
|-end|p2a: Iron Treads|Quark Drive|[silent]
|switch|p2a: Landorus|Landorus-Therian, M, shiny|100/100
|-ability|p2a: Landorus|Intimidate|boost
|-unboost|p1a: Ting-Lu|atk|1
|move|p1a: Ting-Lu|Earthquake|p2a: Landorus
|-immune|p2a: Landorus
|
|-weather|RainDance|[upkeep]
|-heal|p1a: Ting-Lu|72/100|[from] item: Leftovers
|upkeep
|turn|7
|
|t:|1778502979
|move|p2a: Landorus|Weather Ball|p1a: Ting-Lu
|-supereffective|p1a: Ting-Lu
|-damage|p1a: Ting-Lu|11/100
|move|p1a: Ting-Lu|Spikes|p2a: Landorus
|-sidestart|p2: Danipuerro|Spikes
|
|-weather|RainDance|[upkeep]
|-heal|p1a: Ting-Lu|17/100|[from] item: Leftovers
|upkeep
|turn|8
|
|t:|1778502988
|move|p2a: Landorus|Weather Ball|p1a: Ting-Lu
|-supereffective|p1a: Ting-Lu
|-damage|p1a: Ting-Lu|0 fnt
|faint|p1a: Ting-Lu
|
|-weather|none
|upkeep
|
|t:|1778503014
|switch|p1a: Zamazenta|Zamazenta|100/100
|-ability|p1a: Zamazenta|Dauntless Shield|boost
|-boost|p1a: Zamazenta|def|1
|turn|9
|
|t:|1778503028
|switch|p2a: Pelipper|Pelipper, F, shiny|88/100
|-weather|RainDance|[from] ability: Drizzle|[of] p2a: Pelipper
|move|p1a: Zamazenta|Ice Fang|p2a: Pelipper
|-damage|p2a: Pelipper|72/100
|
|-weather|RainDance|[upkeep]
|upkeep
|turn|10
|
|t:|1778503043
|switch|p1a: Heatran|Heatran, M|100/100
|move|p2a: Pelipper|Hurricane|p1a: Heatran
|-resisted|p1a: Heatran
|-damage|p1a: Heatran|90/100
|
|-weather|RainDance|[upkeep]
|-heal|p1a: Heatran|96/100|[from] item: Leftovers
|upkeep
|turn|11
|
|t:|1778503057
|move|p1a: Heatran|Stealth Rock|p2a: Pelipper
|-sidestart|p2: Danipuerro|move: Stealth Rock
|move|p2a: Pelipper|Weather Ball|p1a: Heatran
|-supereffective|p1a: Heatran
|-damage|p1a: Heatran|30/100
|
|-weather|RainDance|[upkeep]
|-heal|p1a: Heatran|36/100|[from] item: Leftovers
|upkeep
|turn|12
|inactive|Redoranges101 has 120 seconds left.
|
|t:|1778503092
|move|p1a: Heatran|Will-O-Wisp|p2a: Pelipper
|-status|p2a: Pelipper|brn
|move|p2a: Pelipper|Weather Ball|p1a: Heatran
|-supereffective|p1a: Heatran
|-damage|p1a: Heatran|0 fnt
|faint|p1a: Heatran
|
|-weather|RainDance|[upkeep]
|-damage|p2a: Pelipper|66/100 brn|[from] brn
|upkeep
|
|t:|1778503104
|switch|p1a: Dragonite|Dragonite, M|100/100
|turn|13
|
|t:|1778503125
|move|p2a: Pelipper|Hurricane|p1a: Dragonite
|-damage|p1a: Dragonite|83/100
|-start|p1a: Dragonite|confusion
|-activate|p1a: Dragonite|confusion
|-damage|p1a: Dragonite|69/100|[from] confusion
|
|-weather|none
|-damage|p2a: Pelipper|60/100 brn|[from] brn
|upkeep
|turn|14
|
|t:|1778503136
|move|p2a: Pelipper|Hurricane|p1a: Dragonite
|-damage|p1a: Dragonite|35/100
|-activate|p1a: Dragonite|confusion
|move|p1a: Dragonite|Dragon Tail|p2a: Pelipper
|-damage|p2a: Pelipper|31/100 brn
|drag|p2a: Raging Bolt|Raging Bolt|100/100
|-damage|p2a: Raging Bolt|84/100|[from] Spikes
|-damage|p2a: Raging Bolt|72/100|[from] Stealth Rock
|-enditem|p2a: Raging Bolt|Booster Energy
|-activate|p2a: Raging Bolt|ability: Protosynthesis|[fromitem]
|-start|p2a: Raging Bolt|protosynthesisspa
|
|upkeep
|turn|15
|
|t:|1778503152
|switch|p1a: Clefable|Clefable, F|100/100
|move|p2a: Raging Bolt|Thunderclap||[still]
|-fail|p2a: Raging Bolt
|
|upkeep
|turn|16
|inactive|Danipuerro has 120 seconds left.
|
|t:|1778503169
|-end|p2a: Raging Bolt|Protosynthesis|[silent]
|switch|p2a: Iron Treads|Iron Treads|35/100
|-damage|p2a: Iron Treads|19/100|[from] Spikes
|-damage|p2a: Iron Treads|15/100|[from] Stealth Rock
|move|p1a: Clefable|Knock Off|p2a: Iron Treads
|-damage|p2a: Iron Treads|2/100
|-enditem|p2a: Iron Treads|Assault Vest|[from] move: Knock Off|[of] p1a: Clefable
|
|upkeep
|turn|17
|inactive|Danipuerro has 120 seconds left.
|
|t:|1778503187
|switch|p1a: Pecharunt|Pecharunt|95/100
|move|p2a: Iron Treads|Rapid Spin|p1a: Pecharunt
|-immune|p1a: Pecharunt
|
|upkeep
|turn|18
|inactive|Danipuerro has 120 seconds left.
|
|t:|1778503211
|move|p2a: Iron Treads|Earthquake|p1a: Pecharunt
|-supereffective|p1a: Pecharunt
|-damage|p1a: Pecharunt|59/100
|move|p1a: Pecharunt|Parting Shot|p2a: Iron Treads
|-unboost|p2a: Iron Treads|atk|1
|-unboost|p2a: Iron Treads|spa|1
|
|t:|1778503213
|switch|p1a: Dragonite|Dragonite, M|35/100|[from] Parting Shot
|
|upkeep
|turn|19
|
|t:|1778503219
|move|p1a: Dragonite|Extreme Speed|p2a: Iron Treads
|-resisted|p2a: Iron Treads
|-damage|p2a: Iron Treads|0 fnt
|faint|p2a: Iron Treads
|-end|p2a: Iron Treads|Quark Drive|[silent]
|
|upkeep
|
|t:|1778503231
|switch|p2a: Pelipper|Pelipper, F, shiny|31/100 brn
|-damage|p2a: Pelipper|6/100 brn|[from] Stealth Rock
|-weather|RainDance|[from] ability: Drizzle|[of] p2a: Pelipper
|turn|20
|
|t:|1778503240
|move|p1a: Dragonite|Extreme Speed|p2a: Pelipper
|-damage|p2a: Pelipper|0 fnt
|faint|p2a: Pelipper
|
|-weather|RainDance|[upkeep]
|upkeep
|
|t:|1778503254
|switch|p2a: Landorus|Landorus-Therian, M, shiny|100/100
|-damage|p2a: Landorus|88/100|[from] Stealth Rock
|-ability|p2a: Landorus|Intimidate|boost
|-unboost|p1a: Dragonite|atk|1
|turn|21
|inactive|Danipuerro has 120 seconds left.
|
|t:|1778503273
|switch|p1a: Zamazenta|Zamazenta|100/100
|move|p2a: Landorus|Sludge Bomb|p1a: Zamazenta
|-damage|p1a: Zamazenta|61/100
|
|-weather|RainDance|[upkeep]
|upkeep
|turn|22
|inactive|Danipuerro has 120 seconds left.
|
|t:|1778503289
|move|p1a: Zamazenta|Ice Fang|p2a: Landorus
|-supereffective|p2a: Landorus
|-crit|p2a: Landorus
|-damage|p2a: Landorus|0 fnt
|faint|p2a: Landorus
|
|-weather|RainDance|[upkeep]
|upkeep
|
|t:|1778503296
|switch|p2a: Ludicolo|Ludicolo, F, shiny|100/100
|-damage|p2a: Ludicolo|84/100|[from] Spikes
|-damage|p2a: Ludicolo|72/100|[from] Stealth Rock
|turn|23
|inactive|Danipuerro has 120 seconds left.
|
|t:|1778503317
|switch|p1a: Clefable|Clefable, F|100/100
|move|p2a: Ludicolo|Ice Beam|p1a: Clefable
|-damage|p1a: Clefable|64/100
|-status|p1a: Clefable|frz
|-damage|p2a: Ludicolo|62/100|[from] item: Life Orb
|
|-weather|RainDance|[upkeep]
|-heal|p1a: Clefable|71/100 frz|[from] item: Leftovers
|upkeep
|turn|24
|inactive|Danipuerro has 120 seconds left.
|
|t:|1778503327
|move|p2a: Ludicolo|Giga Drain|p1a: Clefable
|-damage|p1a: Clefable|28/100 frz
|-heal|p2a: Ludicolo|90/100|[from] drain|[of] p1a: Clefable
|-damage|p2a: Ludicolo|80/100|[from] item: Life Orb
|cant|p1a: Clefable|frz
|
|-weather|none
|-heal|p1a: Clefable|34/100 frz|[from] item: Leftovers
|upkeep
|turn|25
|inactive|Danipuerro has 120 seconds left.
|
|t:|1778503347
|move|p2a: Ludicolo|Ice Beam|p1a: Clefable
|-damage|p1a: Clefable|3/100 frz
|-damage|p2a: Ludicolo|70/100|[from] item: Life Orb
|-curestatus|p1a: Clefable|frz|[msg]
|move|p1a: Clefable|Moonlight|p1a: Clefable
|-heal|p1a: Clefable|53/100
|
|-heal|p1a: Clefable|59/100|[from] item: Leftovers
|upkeep
|turn|26
|inactive|Danipuerro has 120 seconds left.
|
|t:|1778503360
|move|p2a: Ludicolo|Hydro Pump|p1a: Clefable|[miss]
|-miss|p2a: Ludicolo|p1a: Clefable
|move|p1a: Clefable|Moonlight|p1a: Clefable
|-heal|p1a: Clefable|100/100
|
|upkeep
|turn|27
|inactive|Danipuerro has 120 seconds left.
|
|t:|1778503371
|move|p2a: Ludicolo|Encore|p1a: Clefable
|-start|p1a: Clefable|Encore
|move|p1a: Clefable|Moonlight|p1a: Clefable
|-fail|p1a: Clefable|heal
|
|upkeep
|turn|28
|
|t:|1778503379
|switch|p1a: Pecharunt|Pecharunt|59/100
|move|p2a: Ludicolo|Ice Beam|p1a: Pecharunt
|-damage|p1a: Pecharunt|23/100
|-damage|p2a: Ludicolo|60/100|[from] item: Life Orb
|
|upkeep
|turn|29
|
|t:|1778503391
|move|p2a: Ludicolo|Ice Beam|p1a: Pecharunt
|-damage|p1a: Pecharunt|0 fnt
|faint|p1a: Pecharunt
|-damage|p2a: Ludicolo|50/100|[from] item: Life Orb
|
|upkeep
|
|t:|1778503399
|switch|p1a: Clefable|Clefable, F|100/100
|turn|30
|
|t:|1778503407
|move|p2a: Ludicolo|Giga Drain|p1a: Clefable
|-damage|p1a: Clefable|56/100
|-heal|p2a: Ludicolo|79/100|[from] drain|[of] p1a: Clefable
|-damage|p2a: Ludicolo|69/100|[from] item: Life Orb
|move|p1a: Clefable|Moonblast|p2a: Ludicolo
|-damage|p2a: Ludicolo|34/100
|
|-heal|p1a: Clefable|62/100|[from] item: Leftovers
|upkeep
|turn|31
|
|t:|1778503421
|move|p2a: Ludicolo|Giga Drain|p1a: Clefable
|-crit|p1a: Clefable
|-damage|p1a: Clefable|0 fnt
|-heal|p2a: Ludicolo|75/100|[from] drain|[of] p1a: Clefable
|faint|p1a: Clefable
|-damage|p2a: Ludicolo|65/100|[from] item: Life Orb
|
|upkeep
|
|t:|1778503431
|switch|p1a: Zamazenta|Zamazenta|61/100
|turn|32
|
|t:|1778503442
|-terastallize|p2a: Ludicolo|Water
|move|p1a: Zamazenta|Close Combat|p2a: Ludicolo
|-damage|p2a: Ludicolo|0 fnt
|-unboost|p1a: Zamazenta|def|1
|-unboost|p1a: Zamazenta|spd|1
|faint|p2a: Ludicolo
|
|upkeep
|
|t:|1778503452
|switch|p2a: Raging Bolt|Raging Bolt|72/100
|-damage|p2a: Raging Bolt|55/100|[from] Spikes
|-damage|p2a: Raging Bolt|43/100|[from] Stealth Rock
|turn|33
|
|t:|1778503467
|move|p2a: Raging Bolt|Draco Meteor|p1a: Zamazenta
|-damage|p1a: Zamazenta|0 fnt
|-unboost|p2a: Raging Bolt|spa|2
|faint|p1a: Zamazenta
|
|upkeep
|
|t:|1778503475
|switch|p1a: Dragonite|Dragonite, M|35/100
|turn|34
|
|t:|1778503479
|-terastallize|p1a: Dragonite|Normal
|move|p1a: Dragonite|Extreme Speed|p2a: Raging Bolt
|-damage|p2a: Raging Bolt|8/100
|move|p2a: Raging Bolt|Thunderclap||[still]
|-fail|p2a: Raging Bolt
|
|upkeep
|turn|35
|
|t:|1778503505
|move|p1a: Dragonite|Extreme Speed|p2a: Raging Bolt
|-damage|p2a: Raging Bolt|0 fnt
|faint|p2a: Raging Bolt
|-end|p2a: Raging Bolt|Protosynthesis|[silent]
|
|upkeep
|
|t:|1778503511
|switch|p2a: Barraskewda|Barraskewda, F, shiny|100/100
|-damage|p2a: Barraskewda|84/100|[from] Spikes
|-damage|p2a: Barraskewda|72/100|[from] Stealth Rock
|turn|36
|
|t:|1778503519
|move|p1a: Dragonite|Extreme Speed|p2a: Barraskewda
|-damage|p2a: Barraskewda|0 fnt
|faint|p2a: Barraskewda
|
|win|Redoranges101
|raw|Redoranges101's rating: 1266 &rarr; <strong>1292</strong><br />(+26 for winning)
|raw|Danipuerro's rating: 1279 &rarr; <strong>1253</strong><br />(-26 for losing)
|l|☆Redoranges101
|player|p1|
|l|☆Danipuerro
|player|p2|
