|html|<div class="broadcast-blue"><strong>[Gen 9] OU is currently suspecting Volcarona! For information on how to participate check out the <a href="https://www.smogon.com/tools/suspects/view/208">suspect thread</a>.</strong></div>
|j|☆demonlarp
|j|☆Billythekid95
|t:|1778510534
|gametype|singles
|player|p1|demonlarp|cheryl|1555
|player|p2|Billythekid95|1|1526
|gen|9
|tier|[Gen 9] OU
|rated|
|rule|HP Percentage Mod: HP is shown in percentages
|rule|Endless Battle Clause: Forcing endless battles is banned
|rule|Species Clause: Limit one of each Pokémon
|rule|OHKO Clause: OHKO moves are banned
|rule|Evasion Items Clause: Evasion items are banned
|rule|Evasion Moves Clause: Evasion moves are banned
|rule|Evasion Abilities Clause: Evasion abilities are banned
|rule|Sleep Moves Clause: Sleep-inducing moves are banned
|clearpoke
|poke|p1|Jirachi|
|poke|p1|Weezing-Galar, M|
|poke|p1|Slither Wing|
|poke|p1|Ting-Lu|
|poke|p1|Heatran, M|
|poke|p1|Dragonite, F|
|poke|p2|Cinderace, F|
|poke|p2|Enamorus, F|
|poke|p2|Serperior, F|
|poke|p2|Empoleon, M|
|poke|p2|Kingambit, F|
|poke|p2|Ribombee, F|
|teampreview
|
|t:|1778510560
|teamsize|p1|6
|teamsize|p2|6
|start
|switch|p1a: Jirachi|Jirachi|100/100
|switch|p2a: Ribombee|Ribombee, F|100/100
|turn|1
|
|t:|1778510606
|move|p2a: Ribombee|Sticky Web|p1a: Jirachi
|-sidestart|p1: demonlarp|move: Sticky Web
|move|p1a: Jirachi|Iron Head|p2a: Ribombee
|-supereffective|p2a: Ribombee
|-damage|p2a: Ribombee|11/100
|
|upkeep
|turn|2
|
|t:|1778510612
|move|p2a: Ribombee|Stun Spore|p1a: Jirachi
|-status|p1a: Jirachi|par
|move|p1a: Jirachi|U-turn|p2a: Ribombee
|-resisted|p2a: Ribombee
|-damage|p2a: Ribombee|0 fnt
|faint|p2a: Ribombee
|
|t:|1778510626
|switch|p1a: Heatran|Heatran, M|100/100|[from] U-turn
|-activate|p1a: Heatran|move: Sticky Web
|-unboost|p1a: Heatran|spe|1
|
|upkeep
|
|t:|1778510633
|switch|p2a: Empoleon|Empoleon, M|100/100
|turn|3
|inactive|Battle timer is ON: inactive players will automatically lose when time's up. (requested by Billythekid95)
|
|t:|1778510643
|switch|p1a: Jirachi|Jirachi|100/100 par
|-activate|p1a: Jirachi|move: Sticky Web
|-unboost|p1a: Jirachi|spe|1
|move|p2a: Empoleon|Surf|p1a: Jirachi
|-damage|p1a: Jirachi|69/100 par
|
|-heal|p1a: Jirachi|75/100 par|[from] item: Leftovers
|upkeep
|turn|4
|
|t:|1778510651
|switch|p2a: Cinderace|Cinderace, F|100/100
|move|p1a: Jirachi|U-turn|p2a: Cinderace
|-resisted|p2a: Cinderace
|-crit|p2a: Cinderace
|-damage|p2a: Cinderace|87/100
|
|t:|1778510656
|switch|p1a: Weezing|Weezing-Galar, M|100/100|[from] U-turn
|-ability|p1a: Weezing|Neutralizing Gas
|
|upkeep
|turn|5
|
|t:|1778510661
|move|p2a: Cinderace|U-turn|p1a: Weezing
|-resisted|p1a: Weezing
|-damage|p1a: Weezing|98/100
|
|t:|1778510664
|switch|p2a: Empoleon|Empoleon, M|100/100|[from] U-turn
|move|p1a: Weezing|Defog|p2a: Empoleon
|-unboost|p2a: Empoleon|evasion|1
|-sideend|p1: demonlarp|Sticky Web|[from] move: Defog|[of] p1a: Weezing
|
|upkeep
|turn|6
|
|t:|1778510672
|-end|p1a: Weezing|ability: Neutralizing Gas
|switch|p1a: Slither Wing|Slither Wing|100/100
|move|p2a: Empoleon|Flash Cannon|p1a: Slither Wing
|-damage|p1a: Slither Wing|64/100
|
|upkeep
|turn|7
|
|t:|1778510678
|move|p1a: Slither Wing|Morning Sun|p1a: Slither Wing
|-heal|p1a: Slither Wing|100/100
|move|p2a: Empoleon|Surf|p1a: Slither Wing
|-damage|p1a: Slither Wing|59/100
|
|upkeep
|turn|8
|
|t:|1778510683
|move|p1a: Slither Wing|Close Combat|p2a: Empoleon
|-supereffective|p2a: Empoleon
|-damage|p2a: Empoleon|0 fnt
|-unboost|p1a: Slither Wing|def|1
|-unboost|p1a: Slither Wing|spd|1
|faint|p2a: Empoleon
|
|upkeep
|
|t:|1778510689
|switch|p2a: Enamorus|Enamorus, F|100/100
|turn|9
|
|t:|1778510698
|-end|p1a: Slither Wing|Protosynthesis|[silent]
|switch|p1a: Heatran|Heatran, M|100/100
|move|p2a: Enamorus|Superpower|p1a: Heatran
|-supereffective|p1a: Heatran
|-damage|p1a: Heatran|32/100
|-boost|p2a: Enamorus|atk|1
|-boost|p2a: Enamorus|def|1
|
|-heal|p1a: Heatran|38/100|[from] item: Leftovers
|upkeep
|turn|10
|
|t:|1778510706
|switch|p1a: Weezing|Weezing-Galar, M|98/100
|-ability|p1a: Weezing|Neutralizing Gas
|move|p2a: Enamorus|Superpower|p1a: Weezing
|-resisted|p1a: Weezing
|-damage|p1a: Weezing|89/100
|-unboost|p2a: Enamorus|atk|1
|-unboost|p2a: Enamorus|def|1
|
|upkeep
|turn|11
|
|t:|1778510715
|move|p2a: Enamorus|Iron Head|p1a: Weezing
|-supereffective|p1a: Weezing
|-damage|p1a: Weezing|58/100
|cant|p1a: Weezing|flinch
|
|upkeep
|turn|12
|
|t:|1778510720
|move|p2a: Enamorus|Iron Head|p1a: Weezing
|-supereffective|p1a: Weezing
|-damage|p1a: Weezing|21/100
|move|p1a: Weezing|Will-O-Wisp|p2a: Enamorus
|-status|p2a: Enamorus|brn
|
|-damage|p2a: Enamorus|94/100 brn|[from] brn
|upkeep
|turn|13
|
|t:|1778510728
|-end|p1a: Weezing|ability: Neutralizing Gas
|switch|p1a: Slither Wing|Slither Wing|59/100
|move|p2a: Enamorus|Iron Head|p1a: Slither Wing
|-damage|p1a: Slither Wing|49/100
|-damage|p2a: Enamorus|78/100 brn|[from] item: Rocky Helmet|[of] p1a: Slither Wing
|
|-damage|p2a: Enamorus|71/100 brn|[from] brn
|upkeep
|turn|14
|
|t:|1778510737
|-end|p1a: Slither Wing|Protosynthesis|[silent]
|switch|p1a: Jirachi|Jirachi|75/100 par
|move|p2a: Enamorus|Play Rough|p1a: Jirachi
|-resisted|p1a: Jirachi
|-damage|p1a: Jirachi|66/100 par
|
|-heal|p1a: Jirachi|72/100 par|[from] item: Leftovers
|-damage|p2a: Enamorus|65/100 brn|[from] brn
|upkeep
|turn|15
|
|t:|1778510745
|move|p2a: Enamorus|Superpower|p1a: Jirachi
|-damage|p1a: Jirachi|57/100 par
|-boost|p2a: Enamorus|atk|1
|-boost|p2a: Enamorus|def|1
|cant|p1a: Jirachi|par
|
|-heal|p1a: Jirachi|63/100 par|[from] item: Leftovers
|-damage|p2a: Enamorus|59/100 brn|[from] brn
|upkeep
|turn|16
|
|t:|1778510754
|move|p2a: Enamorus|Superpower|p1a: Jirachi
|-damage|p1a: Jirachi|39/100 par
|-boost|p2a: Enamorus|atk|1
|-boost|p2a: Enamorus|def|1
|move|p1a: Jirachi|Wish|p1a: Jirachi
|
|-heal|p1a: Jirachi|46/100 par|[from] item: Leftovers
|-damage|p2a: Enamorus|53/100 brn|[from] brn
|upkeep
|turn|17
|
|t:|1778510762
|move|p2a: Enamorus|Iron Head|p1a: Jirachi
|-resisted|p1a: Jirachi
|-damage|p1a: Jirachi|36/100 par
|move|p1a: Jirachi|Iron Head|p2a: Enamorus
|-supereffective|p2a: Enamorus
|-damage|p2a: Enamorus|11/100 brn
|
|-heal|p1a: Jirachi|86/100 par|[from] move: Wish|[wisher] Jirachi
|-heal|p1a: Jirachi|92/100 par|[from] item: Leftovers
|-damage|p2a: Enamorus|5/100 brn|[from] brn
|upkeep
|turn|18
|
|t:|1778510772
|move|p2a: Enamorus|Superpower|p1a: Jirachi
|-damage|p1a: Jirachi|61/100 par
|-boost|p2a: Enamorus|atk|1
|-boost|p2a: Enamorus|def|1
|move|p1a: Jirachi|Wish|p1a: Jirachi
|
|-heal|p1a: Jirachi|67/100 par|[from] item: Leftovers
|-damage|p2a: Enamorus|0 fnt|[from] brn
|faint|p2a: Enamorus
|upkeep
|
|t:|1778510790
|switch|p2a: Kingambit|Kingambit, F|100/100
|turn|19
|
|t:|1778510795
|switch|p1a: Slither Wing|Slither Wing|49/100
|move|p2a: Kingambit|Kowtow Cleave|p1a: Slither Wing
|-resisted|p1a: Slither Wing
|-damage|p1a: Slither Wing|29/100
|-damage|p2a: Kingambit|84/100|[from] item: Rocky Helmet|[of] p1a: Slither Wing
|
|-heal|p1a: Slither Wing|83/100|[from] move: Wish|[wisher] Jirachi
|upkeep
|turn|20
|
|t:|1778510806
|move|p1a: Slither Wing|Close Combat|p2a: Kingambit
|-supereffective|p2a: Kingambit
|-damage|p2a: Kingambit|0 fnt
|-unboost|p1a: Slither Wing|def|1
|-unboost|p1a: Slither Wing|spd|1
|faint|p2a: Kingambit
|
|upkeep
|
|t:|1778510812
|switch|p2a: Cinderace|Cinderace, F|87/100
|turn|21
|
|t:|1778510815
|-end|p1a: Slither Wing|Protosynthesis|[silent]
|switch|p1a: Heatran|Heatran, M|38/100
|move|p2a: Cinderace|U-turn|p1a: Heatran
|-resisted|p1a: Heatran
|-damage|p1a: Heatran|34/100
|
|t:|1778510821
|switch|p2a: Serperior|Serperior, F|100/100|[from] U-turn
|
|-heal|p1a: Heatran|40/100|[from] item: Leftovers
|upkeep
|turn|22
|
|t:|1778510827
|-terastallize|p2a: Serperior|Dragon
|move|p2a: Serperior|Glare|p1a: Heatran
|-status|p1a: Heatran|par
|move|p1a: Heatran|Magma Storm|p2a: Serperior
|-resisted|p2a: Serperior
|-damage|p2a: Serperior|75/100
|-activate|p2a: Serperior|move: Magma Storm|[of] p1a: Heatran
|
|-heal|p2a: Serperior|81/100|[from] item: Leftovers
|-heal|p1a: Heatran|46/100 par|[from] item: Leftovers
|-damage|p2a: Serperior|69/100|[from] move: Magma Storm|[partiallytrapped]
|upkeep
|turn|23
|
|t:|1778510837
|move|p2a: Serperior|Glare|p1a: Heatran
|-fail|p1a: Heatran|par
|move|p1a: Heatran|Taunt|p2a: Serperior
|-start|p2a: Serperior|move: Taunt
|
|-heal|p2a: Serperior|75/100|[from] item: Leftovers
|-heal|p1a: Heatran|53/100 par|[from] item: Leftovers
|-damage|p2a: Serperior|62/100|[from] move: Magma Storm|[partiallytrapped]
|upkeep
|turn|24
|-message|Billythekid95 forfeited.
|
|win|demonlarp
|raw|demonlarp's rating: 1555 &rarr; <strong>1573</strong><br />(+18 for winning)
|raw|Billythekid95's rating: 1526 &rarr; <strong>1508</strong><br />(-18 for losing)
|l|☆Billythekid95
|player|p2|
