|html|<div class="broadcast-blue"><strong>[Gen 9] OU is currently suspecting Tera Blast! For information on how to participate check out the <a href="https://www.smogon.com/tools/suspects/view/200">suspect thread</a>.</strong></div>
|j|☆qklingying
|j|☆kafonn
|t:|1776092675
|gametype|singles
|player|p1|qklingying|serena-masters3|1287
|player|p2|kafonn|101|1309
|gen|9
|tier|[Gen 9] OU
|rated|
|rule|HP Percentage Mod: HP is shown in percentages
|rule|Endless Battle Clause: Forcing endless battles is banned
|rule|Species Clause: Limit one of each Pokémon
|rule|OHKO Clause: OHKO moves are banned
|rule|Evasion Items Clause: Evasion items are banned
|rule|Evasion Moves Clause: Evasion moves are banned
|rule|Evasion Abilities Clause: Evasion abilities are banned
|rule|Sleep Moves Clause: Sleep-inducing moves are banned
|clearpoke
|poke|p1|Gliscor, F|
|poke|p1|Great Tusk|
|poke|p1|Dragapult, M|
|poke|p1|Slowking-Galar, M|
|poke|p1|Raging Bolt|
|poke|p1|Samurott-Hisui, F|
|poke|p2|Hydrapple, M|
|poke|p2|Tyranitar, F|
|poke|p2|Moltres|
|poke|p2|Zamazenta-*|
|poke|p2|Slowking-Galar, F|
|poke|p2|Excadrill, F|
|teampreview
|
|t:|1776092716
|teamsize|p1|6
|teamsize|p2|6
|start
|switch|p1a: Great Tusk|Great Tusk|100/100
|switch|p2a: Zamazenta|Zamazenta|100/100
|-ability|p2a: Zamazenta|Dauntless Shield|boost
|-boost|p2a: Zamazenta|def|1
|-enditem|p1a: Great Tusk|Booster Energy
|-activate|p1a: Great Tusk|ability: Protosynthesis|[fromitem]
|-start|p1a: Great Tusk|protosynthesisatk
|turn|1
|inactive|Battle timer is ON: inactive players will automatically lose when time's up. (requested by kafonn)
|
|t:|1776092740
|move|p2a: Zamazenta|Iron Defense|p2a: Zamazenta
|-boost|p2a: Zamazenta|def|2
|move|p1a: Great Tusk|Stealth Rock|p2a: Zamazenta
|-sidestart|p2: kafonn|move: Stealth Rock
|
|upkeep
|turn|2
|
|t:|1776092770
|-end|p1a: Great Tusk|Protosynthesis|[silent]
|switch|p1a: Gliscor|Gliscor, F|100/100
|move|p2a: Zamazenta|Body Press|p1a: Gliscor
|-resisted|p1a: Gliscor
|-damage|p1a: Gliscor|64/100
|
|-status|p1a: Gliscor|tox|[from] item: Toxic Orb
|upkeep
|turn|3
|
|t:|1776092784
|move|p2a: Zamazenta|Body Press|p1a: Gliscor
|-resisted|p1a: Gliscor
|-damage|p1a: Gliscor|28/100 tox
|move|p1a: Gliscor|Toxic|p2a: Zamazenta
|-status|p2a: Zamazenta|tox
|
|-damage|p2a: Zamazenta|94/100 tox|[from] psn
|-heal|p1a: Gliscor|41/100 tox|[from] ability: Poison Heal
|upkeep
|turn|4
|
|t:|1776092794
|move|p1a: Gliscor|Protect|p1a: Gliscor
|-singleturn|p1a: Gliscor|Protect
|move|p2a: Zamazenta|Iron Defense|p2a: Zamazenta
|-boost|p2a: Zamazenta|def|2
|
|-heal|p2a: Zamazenta|100/100 tox|[from] item: Leftovers
|-damage|p2a: Zamazenta|88/100 tox|[from] psn
|-heal|p1a: Gliscor|53/100 tox|[from] ability: Poison Heal
|upkeep
|turn|5
|
|t:|1776092804
|move|p2a: Zamazenta|Body Press|p1a: Gliscor
|-resisted|p1a: Gliscor
|-damage|p1a: Gliscor|4/100 tox
|move|p1a: Gliscor|Knock Off|p2a: Zamazenta
|-resisted|p2a: Zamazenta
|-damage|p2a: Zamazenta|86/100 tox
|-enditem|p2a: Zamazenta|Leftovers|[from] move: Knock Off|[of] p1a: Gliscor
|
|-damage|p2a: Zamazenta|68/100 tox|[from] psn
|-heal|p1a: Gliscor|16/100 tox|[from] ability: Poison Heal
|upkeep
|turn|6
|
|t:|1776092815
|move|p1a: Gliscor|Protect|p1a: Gliscor
|-singleturn|p1a: Gliscor|Protect
|move|p2a: Zamazenta|Body Press|p1a: Gliscor
|-activate|p1a: Gliscor|move: Protect
|
|-damage|p2a: Zamazenta|43/100 tox|[from] psn
|-heal|p1a: Gliscor|29/100 tox|[from] ability: Poison Heal
|upkeep
|turn|7
|
|t:|1776092826
|switch|p1a: Dragapult|Dragapult, M|100/100
|move|p2a: Zamazenta|Body Press|p1a: Dragapult
|-immune|p1a: Dragapult
|
|-damage|p2a: Zamazenta|12/100 tox|[from] psn
|upkeep
|turn|8
|
|t:|1776092839
|switch|p2a: Tyranitar|Tyranitar, F|100/100
|-damage|p2a: Tyranitar|88/100|[from] Stealth Rock
|-weather|Sandstorm|[from] ability: Sand Stream|[of] p2a: Tyranitar
|move|p1a: Dragapult|Hex|p2a: Tyranitar
|-resisted|p2a: Tyranitar
|-damage|p2a: Tyranitar|82/100
|
|-weather|Sandstorm|[upkeep]
|-damage|p1a: Dragapult|95/100|[from] Sandstorm
|upkeep
|turn|9
|inactive|qklingying has 120 seconds left.
|
|t:|1776092869
|switch|p1a: Samurott|Samurott-Hisui, F|100/100
|move|p2a: Tyranitar|Stealth Rock|p1a: Samurott
|-sidestart|p1: qklingying|move: Stealth Rock
|
|-weather|Sandstorm|[upkeep]
|-damage|p1a: Samurott|94/100|[from] Sandstorm
|upkeep
|turn|10
|inactive|qklingying has 120 seconds left.
|
|t:|1776092881
|switch|p2a: Hydrapple|Hydrapple, M|100/100
|move|p1a: Samurott|Ceaseless Edge|p2a: Hydrapple
|-damage|p2a: Hydrapple|76/100
|-sidestart|p2: kafonn|Spikes
|
|-weather|Sandstorm|[upkeep]
|-damage|p1a: Samurott|88/100|[from] Sandstorm
|-damage|p2a: Hydrapple|70/100|[from] Sandstorm
|upkeep
|turn|11
|inactive|qklingying has 120 seconds left.
|
|t:|1776092900
|move|p1a: Samurott|Flip Turn|p2a: Hydrapple
|-resisted|p2a: Hydrapple
|-damage|p2a: Hydrapple|66/100
|
|t:|1776092907
|switch|p1a: Slowking|Slowking-Galar, M|100/100|[from] Flip Turn
|move|p2a: Hydrapple|Giga Drain|p1a: Slowking
|-resisted|p1a: Slowking
|-damage|p1a: Slowking|91/100
|-heal|p2a: Hydrapple|70/100|[from] drain|[of] p1a: Slowking
|
|-weather|Sandstorm|[upkeep]
|-damage|p2a: Hydrapple|64/100|[from] Sandstorm
|-damage|p1a: Slowking|85/100|[from] Sandstorm
|upkeep
|turn|12
|
|t:|1776092919
|switch|p2a: Tyranitar|Tyranitar, F|82/100
|-damage|p2a: Tyranitar|70/100|[from] Stealth Rock
|-damage|p2a: Tyranitar|57/100|[from] Spikes
|-prepare|p1a: Slowking|Chilly Reception|[premajor]
|move|p1a: Slowking|Chilly Reception|p1a: Slowking
|-weather|Snowscape
|
|t:|1776092931
|switch|p1a: Samurott|Samurott-Hisui, F|88/100|[from] Chilly Reception
|-damage|p1a: Samurott|76/100|[from] Stealth Rock
|
|-weather|Snowscape|[upkeep]
|upkeep
|turn|13
|
|t:|1776092942
|switch|p2a: Moltres|Moltres|100/100
|move|p1a: Samurott|Ceaseless Edge|p2a: Moltres
|-damage|p2a: Moltres|69/100
|-status|p1a: Samurott|brn|[from] ability: Flame Body|[of] p2a: Moltres
|-sidestart|p2: kafonn|Spikes
|
|-weather|Snowscape|[upkeep]
|-damage|p1a: Samurott|70/100 brn|[from] brn
|upkeep
|turn|14
|
|t:|1776092959
|move|p1a: Samurott|Flip Turn|p2a: Moltres
|-supereffective|p2a: Moltres
|-damage|p2a: Moltres|49/100
|inactive|qklingying has 90 seconds left.
|
|t:|1776092981
|switch|p1a: Slowking|Slowking-Galar, M|100/100|[from] Flip Turn
|move|p2a: Moltres|Roost|p2a: Moltres
|-heal|p2a: Moltres|99/100
|-singleturn|p2a: Moltres|move: Roost
|
|-weather|Snowscape|[upkeep]
|upkeep
|turn|15
|
|t:|1776092992
|move|p1a: Slowking|Future Sight|p2a: Moltres
|-start|p1a: Slowking|move: Future Sight
|move|p2a: Moltres|Roar|p1a: Slowking
|drag|p1a: Great Tusk|Great Tusk|100/100
|-damage|p1a: Great Tusk|98/100|[from] Stealth Rock
|
|-weather|Snowscape|[upkeep]
|upkeep
|turn|16
|
|t:|1776093001
|move|p1a: Great Tusk|Rapid Spin|p2a: Moltres
|-damage|p2a: Moltres|86/100
|-boost|p1a: Great Tusk|spe|1
|-sideend|p1: qklingying|Stealth Rock|[from] move: Rapid Spin|[of] p1a: Great Tusk
|move|p2a: Moltres|Roar|p1a: Great Tusk
|-end|p1a: Great Tusk|Protosynthesis|[silent]
|drag|p1a: Raging Bolt|Raging Bolt|100/100
|
|-weather|none
|upkeep
|turn|17
|
|t:|1776093015
|switch|p2a: Tyranitar|Tyranitar, F|57/100
|-damage|p2a: Tyranitar|45/100|[from] Stealth Rock
|-damage|p2a: Tyranitar|28/100|[from] Spikes
|-weather|Sandstorm|[from] ability: Sand Stream|[of] p2a: Tyranitar
|move|p1a: Raging Bolt|Dragon Pulse|p2a: Tyranitar
|-damage|p2a: Tyranitar|10/100
|
|-weather|Sandstorm|[upkeep]
|-damage|p1a: Raging Bolt|94/100|[from] Sandstorm
|-end|p2a: Tyranitar|move: Future Sight
|-immune|p2a: Tyranitar
|-heal|p1a: Raging Bolt|100/100|[from] item: Leftovers
|upkeep
|turn|18
|
|t:|1776093031
|switch|p2a: Excadrill|Excadrill, F|100/100
|-damage|p2a: Excadrill|97/100|[from] Stealth Rock
|-item|p2a: Excadrill|Air Balloon
|move|p1a: Raging Bolt|Dragon Pulse|p2a: Excadrill
|-resisted|p2a: Excadrill
|-damage|p2a: Excadrill|66/100
|-enditem|p2a: Excadrill|Air Balloon
|
|-weather|Sandstorm|[upkeep]
|-damage|p1a: Raging Bolt|94/100|[from] Sandstorm
|-heal|p1a: Raging Bolt|100/100|[from] item: Leftovers
|upkeep
|turn|19
|
|t:|1776093045
|-end|p1a: Raging Bolt|Protosynthesis|[silent]
|switch|p1a: Gliscor|Gliscor, F|29/100 tox
|move|p2a: Excadrill|Swords Dance|p2a: Excadrill
|-boost|p2a: Excadrill|atk|2
|
|-weather|Sandstorm|[upkeep]
|-heal|p1a: Gliscor|41/100 tox|[from] ability: Poison Heal
|upkeep
|turn|20
|
|t:|1776093055
|move|p2a: Excadrill|Iron Head|p1a: Gliscor
|-damage|p1a: Gliscor|0 fnt
|faint|p1a: Gliscor
|
|-weather|Sandstorm|[upkeep]
|upkeep
|
|t:|1776093066
|switch|p1a: Great Tusk|Great Tusk|98/100
|turn|21
|
|t:|1776093078
|switch|p2a: Moltres|Moltres|86/100
|move|p1a: Great Tusk|Headlong Rush|p2a: Moltres
|-immune|p2a: Moltres
|
|-weather|Sandstorm|[upkeep]
|-damage|p2a: Moltres|80/100|[from] Sandstorm
|upkeep
|turn|22
|inactive|qklingying has 90 seconds left.
|
|t:|1776093105
|-end|p1a: Great Tusk|Protosynthesis|[silent]
|switch|p1a: Dragapult|Dragapult, M|95/100
|move|p2a: Moltres|U-turn|p1a: Dragapult
|-resisted|p1a: Dragapult
|-damage|p1a: Dragapult|85/100
|
|t:|1776093119
|switch|p2a: Slowking|Slowking-Galar, F|100/100|[from] U-turn
|-damage|p2a: Slowking|88/100|[from] Stealth Rock
|-damage|p2a: Slowking|71/100|[from] Spikes
|
|-weather|Sandstorm|[upkeep]
|-damage|p1a: Dragapult|79/100|[from] Sandstorm
|-damage|p2a: Slowking|65/100|[from] Sandstorm
|upkeep
|turn|23
|inactive|qklingying has 90 seconds left.
|
|t:|1776093129
|move|p1a: Dragapult|U-turn|p2a: Slowking
|-damage|p2a: Slowking|52/100
|inactive|qklingying has 90 seconds left.
|
|t:|1776093146
|switch|p1a: Slowking|Slowking-Galar, M|100/100|[from] U-turn
|move|p2a: Slowking|Sludge Bomb|p1a: Slowking
|-resisted|p1a: Slowking
|-damage|p1a: Slowking|90/100
|
|-weather|Sandstorm|[upkeep]
|-damage|p2a: Slowking|46/100|[from] Sandstorm
|-damage|p1a: Slowking|84/100|[from] Sandstorm
|upkeep
|turn|24
|
|t:|1776093157
|switch|p2a: Excadrill|Excadrill, F|66/100
|-damage|p2a: Excadrill|63/100|[from] Stealth Rock
|-damage|p2a: Excadrill|46/100|[from] Spikes
|-prepare|p1a: Slowking|Chilly Reception|[premajor]
|move|p1a: Slowking|Chilly Reception|p1a: Slowking
|-weather|Snowscape
|
|t:|1776093180
|switch|p1a: Dragapult|Dragapult, M|79/100|[from] Chilly Reception
|
|-weather|Snowscape|[upkeep]
|upkeep
|turn|25
|
|t:|1776093191
|switch|p2a: Slowking|Slowking-Galar, F|79/100
|-damage|p2a: Slowking|67/100|[from] Stealth Rock
|-damage|p2a: Slowking|50/100|[from] Spikes
|-terastallize|p1a: Dragapult|Dragon
|move|p1a: Dragapult|Draco Meteor|p2a: Slowking
|-damage|p2a: Slowking|8/100
|-unboost|p1a: Dragapult|spa|2
|
|-weather|Snowscape|[upkeep]
|upkeep
|turn|26
|
|t:|1776093208
|switch|p2a: Excadrill|Excadrill, F|46/100
|-damage|p2a: Excadrill|43/100|[from] Stealth Rock
|-damage|p2a: Excadrill|26/100|[from] Spikes
|move|p1a: Dragapult|U-turn|p2a: Excadrill
|-resisted|p2a: Excadrill
|-damage|p2a: Excadrill|14/100
|
|t:|1776093227
|switch|p1a: Samurott|Samurott-Hisui, F|70/100 brn|[from] U-turn
|
|-weather|Snowscape|[upkeep]
|-damage|p1a: Samurott|63/100 brn|[from] brn
|upkeep
|turn|27
|
|t:|1776093234
|move|p2a: Excadrill|Rapid Spin|p1a: Samurott
|-damage|p1a: Samurott|44/100 brn
|-boost|p2a: Excadrill|spe|1
|-sideend|p2: kafonn|Spikes|[from] move: Rapid Spin|[of] p2a: Excadrill
|-sideend|p2: kafonn|Stealth Rock|[from] move: Rapid Spin|[of] p2a: Excadrill
|move|p1a: Samurott|Flip Turn|p2a: Excadrill
|-supereffective|p2a: Excadrill
|-damage|p2a: Excadrill|0 fnt
|faint|p2a: Excadrill
|inactive|qklingying has 60 seconds left.
|
|t:|1776093263
|switch|p1a: Raging Bolt|Raging Bolt|100/100|[from] Flip Turn
|
|-weather|Snowscape|[upkeep]
|upkeep
|
|t:|1776093269
|switch|p2a: Tyranitar|Tyranitar, F|10/100
|-weather|Sandstorm|[from] ability: Sand Stream|[of] p2a: Tyranitar
|turn|28
|inactive|qklingying has 60 seconds left.
|
|t:|1776093275
|move|p1a: Raging Bolt|Thunderclap||[still]
|-fail|p1a: Raging Bolt
|move|p2a: Tyranitar|Stealth Rock|p1a: Raging Bolt
|-sidestart|p1: qklingying|move: Stealth Rock
|
|-weather|Sandstorm|[upkeep]
|-damage|p1a: Raging Bolt|94/100|[from] Sandstorm
|-heal|p1a: Raging Bolt|100/100|[from] item: Leftovers
|upkeep
|turn|29
|
|t:|1776093294
|switch|p2a: Hydrapple|Hydrapple, M|98/100
|move|p1a: Raging Bolt|Thunderbolt|p2a: Hydrapple
|-resisted|p2a: Hydrapple
|-damage|p2a: Hydrapple|85/100
|
|-weather|Sandstorm|[upkeep]
|-damage|p1a: Raging Bolt|94/100|[from] Sandstorm
|-damage|p2a: Hydrapple|79/100|[from] Sandstorm
|-heal|p1a: Raging Bolt|100/100|[from] item: Leftovers
|upkeep
|turn|30
|inactive|qklingying has 60 seconds left.
|
|t:|1776093321
|-terastallize|p2a: Hydrapple|Poison
|move|p1a: Raging Bolt|Dragon Pulse|p2a: Hydrapple
|-damage|p2a: Hydrapple|32/100
|move|p2a: Hydrapple|Fickle Beam|p1a: Raging Bolt
|-supereffective|p1a: Raging Bolt
|-damage|p1a: Raging Bolt|42/100
|
|-weather|Sandstorm|[upkeep]
|-damage|p1a: Raging Bolt|36/100|[from] Sandstorm
|-damage|p2a: Hydrapple|26/100|[from] Sandstorm
|-heal|p1a: Raging Bolt|42/100|[from] item: Leftovers
|upkeep
|turn|31
|
|t:|1776093334
|switch|p2a: Slowking|Slowking-Galar, F|41/100
|move|p1a: Raging Bolt|Thunderbolt|p2a: Slowking
|-damage|p2a: Slowking|15/100
|
|-weather|Sandstorm|[upkeep]
|-damage|p1a: Raging Bolt|36/100|[from] Sandstorm
|-damage|p2a: Slowking|9/100|[from] Sandstorm
|-heal|p1a: Raging Bolt|42/100|[from] item: Leftovers
|upkeep
|turn|32
|
|t:|1776093345
|switch|p2a: Hydrapple|Hydrapple, M, tera:Poison|59/100
|move|p1a: Raging Bolt|Thunderbolt|p2a: Hydrapple
|-damage|p2a: Hydrapple|6/100
|
|-weather|Sandstorm|[upkeep]
|-damage|p1a: Raging Bolt|36/100|[from] Sandstorm
|-damage|p2a: Hydrapple|0 fnt|[from] Sandstorm
|faint|p2a: Hydrapple
|-heal|p1a: Raging Bolt|42/100|[from] item: Leftovers
|upkeep
|
|t:|1776093356
|switch|p2a: Slowking|Slowking-Galar, F|42/100
|turn|33
|inactive|qklingying has 60 seconds left.
|
|t:|1776093368
|-end|p1a: Raging Bolt|Protosynthesis|[silent]
|switch|p1a: Slowking|Slowking-Galar, M|100/100
|switch|p2a: Tyranitar|Tyranitar, F|10/100
|
|-weather|Sandstorm|[upkeep]
|-damage|p1a: Slowking|94/100|[from] Sandstorm
|upkeep
|turn|34
|inactive|qklingying has 60 seconds left.
|
|t:|1776093381
|move|p2a: Tyranitar|Knock Off|p1a: Slowking
|-supereffective|p1a: Slowking
|-damage|p1a: Slowking|3/100
|-enditem|p1a: Slowking|Heavy-Duty Boots|[from] move: Knock Off|[of] p2a: Tyranitar
|move|p1a: Slowking|Sludge Bomb|p2a: Tyranitar
|-resisted|p2a: Tyranitar
|-damage|p2a: Tyranitar|2/100
|
|-weather|Sandstorm|[upkeep]
|-damage|p1a: Slowking|0 fnt|[from] Sandstorm
|faint|p1a: Slowking
|upkeep
|inactive|qklingying has 60 seconds left.
|
|t:|1776093398
|switch|p1a: Raging Bolt|Raging Bolt|42/100
|-damage|p1a: Raging Bolt|30/100|[from] Stealth Rock
|turn|35
|
|t:|1776093407
|move|p1a: Raging Bolt|Thunderbolt|p2a: Tyranitar
|-damage|p2a: Tyranitar|0 fnt
|faint|p2a: Tyranitar
|
|-weather|none
|-heal|p1a: Raging Bolt|36/100|[from] item: Leftovers
|upkeep
|
|t:|1776093414
|switch|p2a: Slowking|Slowking-Galar, F|76/100
|turn|36
|
|t:|1776093422
|-end|p1a: Raging Bolt|Protosynthesis|[silent]
|switch|p1a: Great Tusk|Great Tusk|98/100
|-damage|p1a: Great Tusk|95/100|[from] Stealth Rock
|move|p2a: Slowking|Ice Beam|p1a: Great Tusk
|-supereffective|p1a: Great Tusk
|-damage|p1a: Great Tusk|24/100
|
|upkeep
|turn|37
|
|t:|1776093443
|-end|p1a: Great Tusk|Protosynthesis|[silent]
|switch|p1a: Raging Bolt|Raging Bolt|36/100
|-damage|p1a: Raging Bolt|24/100|[from] Stealth Rock
|move|p2a: Slowking|Ice Beam|p1a: Raging Bolt
|-supereffective|p1a: Raging Bolt
|-damage|p1a: Raging Bolt|0 fnt
|faint|p1a: Raging Bolt
|-end|p1a: Raging Bolt|Protosynthesis|[silent]
|
|upkeep
|inactive|qklingying has 60 seconds left.
|
|t:|1776093456
|switch|p1a: Great Tusk|Great Tusk|24/100
|-damage|p1a: Great Tusk|22/100|[from] Stealth Rock
|turn|38
|
|t:|1776093463
|switch|p2a: Moltres|Moltres|80/100
|move|p1a: Great Tusk|Ice Spinner|p2a: Moltres
|-damage|p2a: Moltres|60/100
|
|upkeep
|turn|39
|
|t:|1776093472
|-end|p1a: Great Tusk|Protosynthesis|[silent]
|switch|p1a: Dragapult|Dragapult, M, tera:Dragon|79/100
|move|p2a: Moltres|Flamethrower|p1a: Dragapult
|-resisted|p1a: Dragapult
|-crit|p1a: Dragapult
|-damage|p1a: Dragapult|41/100
|
|upkeep
|turn|40
|
|t:|1776093482
|switch|p2a: Slowking|Slowking-Galar, F|100/100
|move|p1a: Dragapult|Draco Meteor|p2a: Slowking
|-damage|p2a: Slowking|63/100
|-unboost|p1a: Dragapult|spa|2
|
|upkeep
|turn|41
|
|t:|1776093490
|move|p1a: Dragapult|U-turn|p2a: Slowking
|-damage|p2a: Slowking|49/100
|
|t:|1776093493
|switch|p1a: Samurott|Samurott-Hisui, F|44/100 brn|[from] U-turn
|-damage|p1a: Samurott|31/100 brn|[from] Stealth Rock
|move|p2a: Slowking|Ice Beam|p1a: Samurott
|-resisted|p1a: Samurott
|-damage|p1a: Samurott|21/100 brn
|
|-damage|p1a: Samurott|15/100 brn|[from] brn
|upkeep
|turn|42
|inactive|qklingying has 90 seconds left.
|
|t:|1776093507
|switch|p2a: Moltres|Moltres|60/100
|move|p1a: Samurott|Knock Off|p2a: Moltres
|-damage|p2a: Moltres|45/100
|-enditem|p2a: Moltres|Heavy-Duty Boots|[from] move: Knock Off|[of] p1a: Samurott
|
|-damage|p1a: Samurott|9/100 brn|[from] brn
|upkeep
|turn|43
|inactive|qklingying has 90 seconds left.
|
|t:|1776093516
|move|p1a: Samurott|Razor Shell|p2a: Moltres
|-supereffective|p2a: Moltres
|-crit|p2a: Moltres
|-damage|p2a: Moltres|0 fnt
|faint|p2a: Moltres
|
|-damage|p1a: Samurott|2/100 brn|[from] brn
|upkeep
|
|t:|1776093524
|switch|p2a: Zamazenta|Zamazenta|12/100 tox
|turn|44
|
|t:|1776093531
|move|p2a: Zamazenta|Crunch|p1a: Samurott
|-resisted|p1a: Samurott
|-damage|p1a: Samurott|0 fnt
|faint|p1a: Samurott
|
|-damage|p2a: Zamazenta|6/100 tox|[from] psn
|upkeep
|
|t:|1776093537
|switch|p1a: Dragapult|Dragapult, M, tera:Dragon|41/100
|turn|45
|
|t:|1776093542
|switch|p2a: Slowking|Slowking-Galar, F|82/100
|move|p1a: Dragapult|Hex|p2a: Slowking
|-supereffective|p2a: Slowking
|-damage|p2a: Slowking|49/100
|
|upkeep
|turn|46
|
|t:|1776093549
|move|p1a: Dragapult|Draco Meteor|p2a: Slowking
|-damage|p2a: Slowking|11/100
|-unboost|p1a: Dragapult|spa|2
|move|p2a: Slowking|Ice Beam|p1a: Dragapult
|-supereffective|p1a: Dragapult
|-damage|p1a: Dragapult|0 fnt
|faint|p1a: Dragapult
|
|upkeep
|
|t:|1776093557
|switch|p1a: Great Tusk|Great Tusk|22/100
|-damage|p1a: Great Tusk|19/100|[from] Stealth Rock
|turn|47
|
|t:|1776093564
|move|p1a: Great Tusk|Rapid Spin|p2a: Slowking
|-damage|p2a: Slowking|0 fnt
|-boost|p1a: Great Tusk|spe|1
|-sideend|p1: qklingying|Stealth Rock|[from] move: Rapid Spin|[of] p1a: Great Tusk
|faint|p2a: Slowking
|
|upkeep
|c|☆kafonn|Ggs
|
|t:|1776093577
|switch|p2a: Zamazenta|Zamazenta|6/100 tox
|turn|48
|
|t:|1776093583
|move|p1a: Great Tusk|Headlong Rush|p2a: Zamazenta
|-damage|p2a: Zamazenta|0 fnt
|-unboost|p1a: Great Tusk|def|1
|-unboost|p1a: Great Tusk|spd|1
|faint|p2a: Zamazenta
|
|win|qklingying
|raw|qklingying's rating: 1287 &rarr; <strong>1314</strong><br />(+27 for winning)
|raw|kafonn's rating: 1309 &rarr; <strong>1288</strong><br />(-21 for losing)
|l|☆kafonn
|player|p2|
|l|☆qklingying
|player|p1|
|j|☆qklingying
|player|p1|qklingying|serena-masters3|
