|html|<div class="broadcast-blue"><strong>[Gen 9] OU is currently suspecting Volcarona! For information on how to participate check out the <a href="https://www.smogon.com/tools/suspects/view/208">suspect thread</a>.</strong></div>
|j|☆baakrisht
|j|☆soulsil
|t:|1778504001
|gametype|singles
|player|p1|baakrisht|169|1231
|player|p2|soulsil|lucas-gen4pt|1209
|gen|9
|tier|[Gen 9] OU
|rated|
|rule|HP Percentage Mod: HP is shown in percentages
|rule|Endless Battle Clause: Forcing endless battles is banned
|rule|Species Clause: Limit one of each Pokémon
|rule|OHKO Clause: OHKO moves are banned
|rule|Evasion Items Clause: Evasion items are banned
|rule|Evasion Moves Clause: Evasion moves are banned
|rule|Evasion Abilities Clause: Evasion abilities are banned
|rule|Sleep Moves Clause: Sleep-inducing moves are banned
|clearpoke
|poke|p1|Espeon, F|
|poke|p1|Goodra, F|
|poke|p1|Weezing-Galar, F|
|poke|p1|Orthworm, F|
|poke|p1|Suicune|
|poke|p1|Munkidori, M|
|poke|p2|Deoxys-Speed|
|poke|p2|Garchomp, F|
|poke|p2|Arcanine, M|
|poke|p2|Suicune|
|poke|p2|Weavile, M|
|poke|p2|Great Tusk|
|teampreview
|
|t:|1778504005
|teamsize|p1|6
|teamsize|p2|6
|start
|switch|p1a: Suicune|Suicune|100/100
|switch|p2a: Great Tusk|Great Tusk|100/100
|-ability|p1a: Suicune|Pressure
|-enditem|p2a: Great Tusk|Booster Energy
|-activate|p2a: Great Tusk|ability: Protosynthesis|[fromitem]
|-start|p2a: Great Tusk|protosynthesisatk
|turn|1
|
|t:|1778504017
|move|p2a: Great Tusk|Rapid Spin|p1a: Suicune
|-damage|p1a: Suicune|87/100
|-boost|p2a: Great Tusk|spe|1
|move|p1a: Suicune|Scald|p2a: Great Tusk
|-supereffective|p2a: Great Tusk
|-damage|p2a: Great Tusk|28/100
|
|-heal|p1a: Suicune|93/100|[from] item: Leftovers
|upkeep
|turn|2
|
|t:|1778504026
|move|p2a: Great Tusk|Close Combat|p1a: Suicune
|-crit|p1a: Suicune
|-damage|p1a: Suicune|21/100
|-unboost|p2a: Great Tusk|def|1
|-unboost|p2a: Great Tusk|spd|1
|move|p1a: Suicune|Scald|p2a: Great Tusk
|-supereffective|p2a: Great Tusk
|-damage|p2a: Great Tusk|0 fnt
|faint|p2a: Great Tusk
|-end|p2a: Great Tusk|Protosynthesis|[silent]
|
|-heal|p1a: Suicune|27/100|[from] item: Leftovers
|upkeep
|
|t:|1778504039
|switch|p2a: Deoxys|Deoxys-Speed|100/100
|-ability|p2a: Deoxys|Pressure
|turn|3
|
|t:|1778504043
|move|p2a: Deoxys|Stealth Rock|p1a: Suicune
|-sidestart|p1: baakrisht|move: Stealth Rock
|move|p1a: Suicune|Scald|p2a: Deoxys
|-damage|p2a: Deoxys|63/100
|
|-heal|p1a: Suicune|33/100|[from] item: Leftovers
|upkeep
|turn|4
|
|t:|1778504051
|move|p2a: Deoxys|Psycho Boost|p1a: Suicune
|-damage|p1a: Suicune|0 fnt
|-unboost|p2a: Deoxys|spa|2
|faint|p1a: Suicune
|
|upkeep
|
|t:|1778504060
|switch|p1a: Munkidori|Munkidori, M|100/100
|-damage|p1a: Munkidori|88/100|[from] Stealth Rock
|turn|5
|
|t:|1778504068
|move|p2a: Deoxys|Taunt|p1a: Munkidori
|-start|p1a: Munkidori|move: Taunt
|cant|p1a: Munkidori|move: Taunt|Trick
|
|-heal|p1a: Munkidori|94/100|[from] item: Black Sludge
|upkeep
|turn|6
|
|t:|1778504076
|switch|p2a: Weavile|Weavile, M|100/100
|switch|p1a: लसलस|Goodra, F|100/100
|-damage|p1a: लसलस|88/100|[from] Stealth Rock
|
|upkeep
|turn|7
|
|t:|1778504084
|switch|p1a: लाठ साहब|Weezing-Galar, F|100/100
|-damage|p1a: लाठ साहब|88/100|[from] Stealth Rock
|move|p2a: Weavile|Swords Dance|p2a: Weavile
|-boost|p2a: Weavile|atk|2
|
|upkeep
|turn|8
|
|t:|1778504094
|move|p2a: Weavile|Swords Dance|p2a: Weavile
|-boost|p2a: Weavile|atk|2
|move|p1a: लाठ साहब|Clear Smog|p2a: Weavile
|-damage|p2a: Weavile|79/100
|-clearboost|p2a: Weavile
|
|upkeep
|turn|9
|
|t:|1778504104
|move|p2a: Weavile|Swords Dance|p2a: Weavile
|-boost|p2a: Weavile|atk|2
|move|p1a: लाठ साहब|Toxic Spikes|p2a: Weavile
|-sidestart|p2: soulsil|move: Toxic Spikes
|
|upkeep
|turn|10
|
|t:|1778504110
|-terastallize|p2a: Weavile|Ice
|move|p2a: Weavile|Ice Spinner|p1a: लाठ साहब
|-damage|p1a: लाठ साहब|19/100
|-damage|p2a: Weavile|62/100|[from] item: Rocky Helmet|[of] p1a: लाठ साहब
|move|p1a: लाठ साहब|Destiny Bond|p1a: लाठ साहब
|-singlemove|p1a: लाठ साहब|Destiny Bond
|
|upkeep
|turn|11
|
|t:|1778504119
|move|p2a: Weavile|Ice Spinner|p1a: लाठ साहब
|-damage|p1a: लाठ साहब|0 fnt
|-damage|p2a: Weavile|46/100|[from] item: Rocky Helmet|[of] p1a: लाठ साहब
|faint|p1a: लाठ साहब
|-activate|p1a: लाठ साहब|move: Destiny Bond
|faint|p2a: Weavile
|
|upkeep
|
|t:|1778504138
|switch|p2a: Arcanine|Arcanine, M|100/100
|switch|p1a: बिलाई मौसी|Espeon, F|100/100
|-damage|p1a: बिलाई मौसी|88/100|[from] Stealth Rock
|-status|p2a: Arcanine|psn
|-ability|p2a: Arcanine|Intimidate|boost
|-unboost|p1a: बिलाई मौसी|atk|1
|turn|12
|inactive|Battle timer is ON: inactive players will automatically lose when time's up. (requested by soulsil)
|
|t:|1778504147
|move|p1a: बिलाई मौसी|Psychic|p2a: Arcanine
|-damage|p2a: Arcanine|56/100 psn
|move|p2a: Arcanine|Flare Blitz|p1a: बिलाई मौसी
|-damage|p1a: बिलाई मौसी|0 fnt
|faint|p1a: बिलाई मौसी
|-damage|p2a: Arcanine|31/100 psn|[from] Recoil
|
|-damage|p2a: Arcanine|19/100 psn|[from] psn
|upkeep
|
|t:|1778504173
|switch|p1a: लसलस|Goodra, F|88/100
|-damage|p1a: लसलस|75/100|[from] Stealth Rock
|turn|13
|
|t:|1778504178
|move|p1a: लसलस|Rain Dance|p1a: लसलस
|-weather|RainDance
|move|p2a: Arcanine|Flare Blitz|p1a: लसलस
|-resisted|p1a: लसलस
|-damage|p1a: लसलस|48/100
|-damage|p2a: Arcanine|10/100 psn|[from] Recoil
|
|-weather|RainDance|[upkeep]
|-damage|p2a: Arcanine|0 fnt|[from] psn
|faint|p2a: Arcanine
|upkeep
|
|t:|1778504187
|switch|p2a: Garchomp|Garchomp, F|100/100
|-status|p2a: Garchomp|psn
|turn|14
|
|t:|1778504192
|switch|p1a: दील दो 💖|Orthworm, F|100/100
|-damage|p1a: दील दो 💖|94/100|[from] Stealth Rock
|move|p2a: Garchomp|Earthquake|p1a: दील दो 💖
|-heal|p1a: दील दो 💖|100/100|[from] ability: Earth Eater|[of] p2a: Garchomp
|
|-weather|RainDance|[upkeep]
|-damage|p2a: Garchomp|88/100 psn|[from] psn
|upkeep
|turn|15
|
|t:|1778504203
|switch|p2a: Deoxys|Deoxys-Speed|63/100
|-status|p2a: Deoxys|psn
|-ability|p2a: Deoxys|Pressure
|move|p1a: दील दो 💖|Body Press|p2a: Deoxys
|-resisted|p2a: Deoxys
|-damage|p2a: Deoxys|39/100 psn
|
|-weather|RainDance|[upkeep]
|-damage|p2a: Deoxys|26/100 psn|[from] psn
|upkeep
|turn|16
|
|t:|1778504215
|switch|p1a: लसलस|Goodra, F|48/100
|-damage|p1a: लसलस|36/100|[from] Stealth Rock
|move|p2a: Deoxys|Focus Blast|p1a: लसलस|[miss]
|-miss|p2a: Deoxys|p1a: लसलस
|
|-weather|RainDance|[upkeep]
|-damage|p2a: Deoxys|14/100 psn|[from] psn
|upkeep
|turn|17
|
|t:|1778504225
|move|p2a: Deoxys|Psycho Boost|p1a: लसलस
|-damage|p1a: लसलस|0 fnt
|-unboost|p2a: Deoxys|spa|2
|faint|p1a: लसलस
|
|-weather|RainDance|[upkeep]
|-damage|p2a: Deoxys|1/100 psn|[from] psn
|upkeep
|
|t:|1778504232
|switch|p1a: Munkidori|Munkidori, M|94/100
|-damage|p1a: Munkidori|82/100|[from] Stealth Rock
|turn|18
|
|t:|1778504239
|move|p2a: Deoxys|Taunt|p1a: Munkidori
|-start|p1a: Munkidori|move: Taunt
|move|p1a: Munkidori|Future Sight|p2a: Deoxys
|-start|p1a: Munkidori|move: Future Sight
|
|-weather|RainDance|[upkeep]
|-heal|p1a: Munkidori|88/100|[from] item: Black Sludge
|-damage|p2a: Deoxys|0 fnt|[from] psn
|faint|p2a: Deoxys
|upkeep
|
|t:|1778504248
|switch|p2a: Garchomp|Garchomp, F|88/100 psn
|turn|19
|
|t:|1778504253
|switch|p1a: दील दो 💖|Orthworm, F|100/100
|-damage|p1a: दील दो 💖|94/100|[from] Stealth Rock
|move|p2a: Garchomp|Outrage|p1a: दील दो 💖
|-resisted|p1a: दील दो 💖
|-damage|p1a: दील दो 💖|74/100
|
|-weather|RainDance|[upkeep]
|-heal|p1a: दील दो 💖|80/100|[from] item: Leftovers
|-damage|p2a: Garchomp|76/100 psn|[from] psn
|upkeep
|turn|20
|
|t:|1778504264
|move|p2a: Garchomp|Outrage|p1a: दील दो 💖|[from] lockedmove
|-resisted|p1a: दील दो 💖
|-damage|p1a: दील दो 💖|60/100
|move|p1a: दील दो 💖|Iron Defense|p1a: दील दो 💖
|-boost|p1a: दील दो 💖|def|2
|
|-weather|none
|-end|p2a: Garchomp|move: Future Sight
|-damage|p2a: Garchomp|17/100 psn
|-heal|p1a: दील दो 💖|66/100|[from] item: Leftovers
|-damage|p2a: Garchomp|5/100 psn|[from] psn
|upkeep
|turn|21
|
|t:|1778504277
|move|p2a: Garchomp|Outrage|p1a: दील दो 💖|[from] lockedmove
|-resisted|p1a: दील दो 💖
|-damage|p1a: दील दो 💖|57/100
|-start|p2a: Garchomp|confusion|[fatigue]
|move|p1a: दील दो 💖|Stealth Rock|p2a: Garchomp
|-sidestart|p2: soulsil|move: Stealth Rock
|
|-heal|p1a: दील दो 💖|63/100|[from] item: Leftovers
|-damage|p2a: Garchomp|0 fnt|[from] psn
|faint|p2a: Garchomp
|upkeep
|
|t:|1778504287
|switch|p2a: Suicune|Suicune|100/100
|-status|p2a: Suicune|psn
|-damage|p2a: Suicune|88/100 psn|[from] Stealth Rock
|turn|22
|
|t:|1778504293
|move|p2a: Suicune|Scald|p1a: दील दो 💖
|-damage|p1a: दील दो 💖|25/100
|move|p1a: दील दो 💖|Body Press|p2a: Suicune
|-damage|p2a: Suicune|50/100 psn
|
|-heal|p2a: Suicune|56/100 psn|[from] item: Leftovers
|-heal|p1a: दील दो 💖|32/100|[from] item: Leftovers
|-damage|p2a: Suicune|44/100 psn|[from] psn
|upkeep
|turn|23
|
|t:|1778504303
|move|p2a: Suicune|Scald|p1a: दील दो 💖
|-damage|p1a: दील दो 💖|0 fnt
|faint|p1a: दील दो 💖
|
|-heal|p2a: Suicune|50/100 psn|[from] item: Leftovers
|-damage|p2a: Suicune|38/100 psn|[from] psn
|upkeep
|
|t:|1778504307
|switch|p1a: Munkidori|Munkidori, M|88/100
|-damage|p1a: Munkidori|75/100|[from] Stealth Rock
|turn|24
|
|t:|1778504318
|move|p1a: Munkidori|Parting Shot|p2a: Suicune
|-unboost|p2a: Suicune|atk|1
|-unboost|p2a: Suicune|spa|1
|move|p2a: Suicune|Scald|p1a: Munkidori
|-damage|p1a: Munkidori|64/100
|
|-heal|p1a: Munkidori|70/100|[from] item: Black Sludge
|-heal|p2a: Suicune|44/100 psn|[from] item: Leftovers
|-damage|p2a: Suicune|32/100 psn|[from] psn
|upkeep
|turn|25
|
|t:|1778504329
|move|p1a: Munkidori|Parting Shot|p2a: Suicune
|-unboost|p2a: Suicune|atk|1
|-unboost|p2a: Suicune|spa|1
|move|p2a: Suicune|Calm Mind|p2a: Suicune
|-boost|p2a: Suicune|spa|1
|-boost|p2a: Suicune|spd|1
|
|-heal|p1a: Munkidori|76/100|[from] item: Black Sludge
|-heal|p2a: Suicune|38/100 psn|[from] item: Leftovers
|-damage|p2a: Suicune|25/100 psn|[from] psn
|upkeep
|turn|26
|
|t:|1778504340
|move|p1a: Munkidori|Trick|p2a: Suicune
|-activate|p1a: Munkidori|move: Trick|[of] p2a: Suicune
|-item|p2a: Suicune|Black Sludge|[from] move: Trick
|-item|p1a: Munkidori|Leftovers|[from] move: Trick
|move|p2a: Suicune|Calm Mind|p2a: Suicune
|-boost|p2a: Suicune|spa|1
|-boost|p2a: Suicune|spd|1
|
|-heal|p1a: Munkidori|82/100|[from] item: Leftovers
|-damage|p2a: Suicune|13/100 psn|[from] item: Black Sludge
|-damage|p2a: Suicune|1/100 psn|[from] psn
|upkeep
|turn|27
|
|t:|1778504352
|move|p1a: Munkidori|Parting Shot|p2a: Suicune
|-unboost|p2a: Suicune|atk|1
|-unboost|p2a: Suicune|spa|1
|move|p2a: Suicune|Rest|p2a: Suicune
|-status|p2a: Suicune|slp|[from] move: Rest
|-heal|p2a: Suicune|100/100 slp|[silent]
|
|-heal|p1a: Munkidori|88/100|[from] item: Leftovers
|-damage|p2a: Suicune|88/100 slp|[from] item: Black Sludge
|upkeep
|turn|28
|
|t:|1778504363
|move|p1a: Munkidori|Parting Shot|p2a: Suicune
|-unboost|p2a: Suicune|atk|1
|-unboost|p2a: Suicune|spa|1
|cant|p2a: Suicune|slp
|
|-heal|p1a: Munkidori|94/100|[from] item: Leftovers
|-damage|p2a: Suicune|76/100 slp|[from] item: Black Sludge
|upkeep
|turn|29
|
|t:|1778504372
|move|p1a: Munkidori|Parting Shot|p2a: Suicune
|-unboost|p2a: Suicune|atk|1
|-unboost|p2a: Suicune|spa|1
|cant|p2a: Suicune|slp
|
|-heal|p1a: Munkidori|100/100|[from] item: Leftovers
|-damage|p2a: Suicune|63/100 slp|[from] item: Black Sludge
|upkeep
|turn|30
|
|t:|1778504381
|move|p1a: Munkidori|Parting Shot|p2a: Suicune
|-unboost|p2a: Suicune|atk|1
|-unboost|p2a: Suicune|spa|1
|-curestatus|p2a: Suicune|slp|[msg]
|move|p2a: Suicune|Calm Mind|p2a: Suicune
|-boost|p2a: Suicune|spa|1
|-boost|p2a: Suicune|spd|1
|
|-damage|p2a: Suicune|51/100|[from] item: Black Sludge
|upkeep
|turn|31
|
|t:|1778504391
|move|p1a: Munkidori|Parting Shot|p2a: Suicune
|-unboost|p2a: Suicune|atk|0
|-unboost|p2a: Suicune|spa|1
|move|p2a: Suicune|Scald|p1a: Munkidori
|-damage|p1a: Munkidori|94/100
|
|-heal|p1a: Munkidori|99/100|[from] item: Leftovers
|-damage|p2a: Suicune|39/100|[from] item: Black Sludge
|upkeep
|turn|32
|
|t:|1778504401
|move|p1a: Munkidori|Shadow Ball|p2a: Suicune
|-damage|p2a: Suicune|31/100
|-unboost|p2a: Suicune|spd|1
|move|p2a: Suicune|Scald|p1a: Munkidori
|-damage|p1a: Munkidori|95/100
|
|-heal|p1a: Munkidori|100/100|[from] item: Leftovers
|-damage|p2a: Suicune|19/100|[from] item: Black Sludge
|upkeep
|turn|33
|
|t:|1778504412
|move|p1a: Munkidori|Future Sight|p2a: Suicune
|-start|p1a: Munkidori|move: Future Sight
|move|p2a: Suicune|Rest|p2a: Suicune
|-status|p2a: Suicune|slp|[from] move: Rest
|-heal|p2a: Suicune|100/100 slp|[silent]
|
|-damage|p2a: Suicune|88/100 slp|[from] item: Black Sludge
|upkeep
|turn|34
|
|t:|1778504420
|move|p1a: Munkidori|Parting Shot|p2a: Suicune
|-unboost|p2a: Suicune|atk|0
|-unboost|p2a: Suicune|spa|1
|cant|p2a: Suicune|slp
|
|-damage|p2a: Suicune|76/100 slp|[from] item: Black Sludge
|upkeep
|turn|35
|
|t:|1778504428
|move|p1a: Munkidori|Shadow Ball|p2a: Suicune
|-damage|p2a: Suicune|67/100 slp
|cant|p2a: Suicune|slp
|
|-end|p2a: Suicune|move: Future Sight
|-damage|p2a: Suicune|48/100 slp
|-damage|p2a: Suicune|35/100 slp|[from] item: Black Sludge
|upkeep
|turn|36
|
|t:|1778504437
|move|p1a: Munkidori|Shadow Ball|p2a: Suicune
|-damage|p2a: Suicune|26/100 slp
|-unboost|p2a: Suicune|spd|1
|-curestatus|p2a: Suicune|slp|[msg]
|move|p2a: Suicune|Calm Mind|p2a: Suicune
|-boost|p2a: Suicune|spa|1
|-boost|p2a: Suicune|spd|1
|
|-damage|p2a: Suicune|14/100|[from] item: Black Sludge
|upkeep
|turn|37
|
|t:|1778504448
|move|p1a: Munkidori|Shadow Ball|p2a: Suicune
|-damage|p2a: Suicune|4/100
|move|p2a: Suicune|Rest|p2a: Suicune
|-status|p2a: Suicune|slp|[from] move: Rest
|-heal|p2a: Suicune|100/100 slp|[silent]
|
|-damage|p2a: Suicune|88/100 slp|[from] item: Black Sludge
|upkeep
|turn|38
|
|t:|1778504458
|move|p1a: Munkidori|Shadow Ball|p2a: Suicune
|-damage|p2a: Suicune|79/100 slp
|cant|p2a: Suicune|slp
|
|-damage|p2a: Suicune|67/100 slp|[from] item: Black Sludge
|upkeep
|turn|39
|
|t:|1778504466
|move|p1a: Munkidori|Shadow Ball|p2a: Suicune
|-damage|p2a: Suicune|58/100 slp
|cant|p2a: Suicune|slp
|
|-damage|p2a: Suicune|45/100 slp|[from] item: Black Sludge
|upkeep
|turn|40
|
|t:|1778504474
|move|p1a: Munkidori|Shadow Ball|p2a: Suicune
|-damage|p2a: Suicune|37/100 slp
|-curestatus|p2a: Suicune|slp|[msg]
|move|p2a: Suicune|Calm Mind|p2a: Suicune
|-boost|p2a: Suicune|spa|1
|-boost|p2a: Suicune|spd|1
|
|-damage|p2a: Suicune|25/100|[from] item: Black Sludge
|upkeep
|turn|41
|
|t:|1778504483
|move|p1a: Munkidori|Parting Shot|p2a: Suicune
|-unboost|p2a: Suicune|atk|0
|-unboost|p2a: Suicune|spa|1
|move|p2a: Suicune|Calm Mind|p2a: Suicune
|-boost|p2a: Suicune|spa|1
|-boost|p2a: Suicune|spd|1
|
|-damage|p2a: Suicune|12/100|[from] item: Black Sludge
|upkeep
|turn|42
|
|t:|1778504492
|move|p1a: Munkidori|Shadow Ball|p2a: Suicune
|-damage|p2a: Suicune|7/100
|move|p2a: Suicune|Rest|p2a: Suicune
|-status|p2a: Suicune|slp|[from] move: Rest
|-heal|p2a: Suicune|100/100 slp|[silent]
|
|-damage|p2a: Suicune|88/100 slp|[from] item: Black Sludge
|upkeep
|turn|43
|
|t:|1778504502
|move|p1a: Munkidori|Parting Shot|p2a: Suicune
|-unboost|p2a: Suicune|atk|0
|-unboost|p2a: Suicune|spa|1
|cant|p2a: Suicune|slp
|
|-damage|p2a: Suicune|76/100 slp|[from] item: Black Sludge
|upkeep
|turn|44
|
|t:|1778504510
|move|p1a: Munkidori|Shadow Ball|p2a: Suicune
|-damage|p2a: Suicune|70/100 slp
|cant|p2a: Suicune|slp
|
|-damage|p2a: Suicune|57/100 slp|[from] item: Black Sludge
|upkeep
|turn|45
|
|t:|1778504519
|move|p1a: Munkidori|Future Sight|p2a: Suicune
|-start|p1a: Munkidori|move: Future Sight
|-curestatus|p2a: Suicune|slp|[msg]
|move|p2a: Suicune|Calm Mind|p2a: Suicune
|-boost|p2a: Suicune|spa|1
|-boost|p2a: Suicune|spd|1
|
|-damage|p2a: Suicune|45/100|[from] item: Black Sludge
|upkeep
|turn|46
|
|t:|1778504527
|move|p1a: Munkidori|Shadow Ball|p2a: Suicune
|-damage|p2a: Suicune|40/100
|-status|p2a: Suicune|tox|[from] ability: Toxic Chain|[of] p1a: Munkidori
|move|p2a: Suicune|Calm Mind|p2a: Suicune
|-boost|p2a: Suicune|spa|1
|-boost|p2a: Suicune|spd|1
|
|-damage|p2a: Suicune|27/100 tox|[from] item: Black Sludge
|-damage|p2a: Suicune|21/100 tox|[from] psn
|upkeep
|turn|47
|
|t:|1778504540
|move|p1a: Munkidori|Shadow Ball|p2a: Suicune
|-damage|p2a: Suicune|17/100 tox
|move|p2a: Suicune|Scald|p1a: Munkidori
|-damage|p1a: Munkidori|92/100
|-status|p1a: Munkidori|brn
|
|-end|p2a: Suicune|move: Future Sight
|-damage|p2a: Suicune|8/100 tox
|-heal|p1a: Munkidori|98/100 brn|[from] item: Leftovers
|-damage|p2a: Suicune|0 fnt|[from] item: Black Sludge
|faint|p2a: Suicune
|
|win|baakrisht
|raw|baakrisht's rating: 1231 &rarr; <strong>1254</strong><br />(+23 for winning)
|raw|soulsil's rating: 1209 &rarr; <strong>1186</strong><br />(-23 for losing)
|l|☆soulsil
|player|p2|
|l|☆baakrisht
|player|p1|
