|html|<div class="broadcast-blue"><strong>[Gen 9] OU is currently suspecting Tera Blast! For information on how to participate check out the <a href="https://www.smogon.com/tools/suspects/view/200">suspect thread</a>.</strong></div>
|j|☆oirgor
|j|☆Sandatthebeach
|t:|1776038266
|gametype|singles
|player|p1|oirgor|red|1380
|player|p2|Sandatthebeach|2|1444
|gen|9
|tier|[Gen 9] OU
|rated|
|rule|HP Percentage Mod: HP is shown in percentages
|rule|Endless Battle Clause: Forcing endless battles is banned
|rule|Species Clause: Limit one of each Pokémon
|rule|OHKO Clause: OHKO moves are banned
|rule|Evasion Items Clause: Evasion items are banned
|rule|Evasion Moves Clause: Evasion moves are banned
|rule|Evasion Abilities Clause: Evasion abilities are banned
|rule|Sleep Moves Clause: Sleep-inducing moves are banned
|clearpoke
|poke|p1|Dragonite, M|
|poke|p1|Slowking-Galar, M|
|poke|p1|Iron Valiant|
|poke|p1|Great Tusk|
|poke|p1|Zapdos|
|poke|p1|Samurott-Hisui, F|
|poke|p2|Tyranitar, M|
|poke|p2|Hydrapple, F|
|poke|p2|Enamorus, F|
|poke|p2|Garganacl, M|
|poke|p2|Excadrill, F|
|poke|p2|Alomomola, F|
|teampreview
|inactive|Battle timer is ON: inactive players will automatically lose when time's up. (requested by oirgor)
|
|t:|1776038290
|teamsize|p1|6
|teamsize|p2|6
|start
|switch|p1a: Zapdos|Zapdos|100/100
|switch|p2a: Garganacl|Garganacl, M|100/100
|turn|1
|
|t:|1776038302
|move|p1a: Zapdos|Volt Switch|p2a: Garganacl
|-damage|p2a: Garganacl|82/100
|
|t:|1776038307
|switch|p1a: Slowking|Slowking-Galar, M|100/100|[from] Volt Switch
|move|p2a: Garganacl|Stealth Rock|p1a: Slowking
|-sidestart|p1: oirgor|move: Stealth Rock
|
|-heal|p2a: Garganacl|88/100|[from] item: Leftovers
|upkeep
|turn|2
|
|t:|1776038319
|move|p2a: Garganacl|Salt Cure|p1a: Slowking
|-damage|p1a: Slowking|86/100
|-start|p1a: Slowking|Salt Cure
|-prepare|p1a: Slowking|Chilly Reception|[premajor]
|move|p1a: Slowking|Chilly Reception|p1a: Slowking
|-weather|Snowscape
|
|t:|1776038325
|switch|p1a: Great Tusk|Great Tusk, shiny|100/100|[from] Chilly Reception
|
|-weather|Snowscape|[upkeep]
|-heal|p2a: Garganacl|94/100|[from] item: Leftovers
|upkeep
|turn|3
|
|t:|1776038335
|switch|p2a: Hydrapple|Hydrapple, F|100/100
|move|p1a: Great Tusk|Rapid Spin|p2a: Hydrapple
|-damage|p2a: Hydrapple|90/100
|-boost|p1a: Great Tusk|spe|1
|-damage|p1a: Great Tusk|84/100|[from] item: Rocky Helmet|[of] p2a: Hydrapple
|-sideend|p1: oirgor|Stealth Rock|[from] move: Rapid Spin|[of] p1a: Great Tusk
|
|-weather|Snowscape|[upkeep]
|upkeep
|turn|4
|
|t:|1776038348
|-end|p1a: Great Tusk|Protosynthesis|[silent]
|switch|p1a: Slowking|Slowking-Galar, M|100/100
|move|p2a: Hydrapple|Giga Drain|p1a: Slowking
|-resisted|p1a: Slowking
|-damage|p1a: Slowking|92/100
|-heal|p2a: Hydrapple|94/100|[from] drain|[of] p1a: Slowking
|
|-weather|Snowscape|[upkeep]
|upkeep
|turn|5
|
|t:|1776038361
|switch|p2a: Alomomola|Alomomola, F|100/100
|move|p1a: Slowking|Psychic Noise|p2a: Alomomola
|-damage|p2a: Alomomola|86/100
|-start|p2a: Alomomola|move: Heal Block
|
|-weather|Snowscape|[upkeep]
|upkeep
|turn|6
|
|t:|1776038368
|move|p2a: Alomomola|Flip Turn|p1a: Slowking
|-damage|p1a: Slowking|76/100
|
|t:|1776038376
|switch|p2a: Garganacl|Garganacl, M|94/100|[from] Flip Turn
|-prepare|p1a: Slowking|Chilly Reception|[premajor]
|move|p1a: Slowking|Chilly Reception|p1a: Slowking
|
|t:|1776038383
|switch|p1a: Samurott|Samurott-Hisui, F|100/100|[from] Chilly Reception
|
|-weather|none
|-heal|p2a: Garganacl|99/100|[from] item: Leftovers
|upkeep
|turn|7
|
|t:|1776038392
|switch|p2a: Hydrapple|Hydrapple, F|100/100
|move|p1a: Samurott|Knock Off|p2a: Hydrapple
|-damage|p2a: Hydrapple|80/100
|-damage|p1a: Samurott|84/100|[from] item: Rocky Helmet|[of] p2a: Hydrapple
|-enditem|p2a: Hydrapple|Rocky Helmet|[from] move: Knock Off|[of] p1a: Samurott
|
|upkeep
|turn|8
|
|t:|1776038404
|switch|p1a: Slowking|Slowking-Galar, M|100/100
|move|p2a: Hydrapple|Nasty Plot|p2a: Hydrapple
|-boost|p2a: Hydrapple|spa|2
|
|upkeep
|turn|9
|
|t:|1776038417
|move|p2a: Hydrapple|Earth Power|p1a: Slowking
|-supereffective|p1a: Slowking
|-damage|p1a: Slowking|40/100
|move|p1a: Slowking|Sludge Bomb|p2a: Hydrapple
|-supereffective|p2a: Hydrapple
|-damage|p2a: Hydrapple|9/100
|
|upkeep
|turn|10
|
|t:|1776038429
|switch|p1a: Samurott|Samurott-Hisui, F|84/100
|move|p2a: Hydrapple|Fickle Beam|p1a: Samurott
|-damage|p1a: Samurott|43/100
|
|upkeep
|turn|11
|
|t:|1776038450
|switch|p2a: Enamorus|Enamorus, F|100/100
|move|p1a: Samurott|Ceaseless Edge|p2a: Enamorus
|-resisted|p2a: Enamorus
|-damage|p2a: Enamorus|68/100
|-sidestart|p2: Sandatthebeach|Spikes
|
|upkeep
|turn|12
|
|t:|1776038468
|switch|p2a: Tyranitar|Tyranitar, M|100/100
|-damage|p2a: Tyranitar|88/100|[from] Spikes
|-weather|Sandstorm|[from] ability: Sand Stream|[of] p2a: Tyranitar
|switch|p1a: Slowking|Slowking-Galar, M|73/100
|
|-weather|Sandstorm|[upkeep]
|-damage|p1a: Slowking|67/100|[from] Sandstorm
|upkeep
|turn|13
|inactive|Sandatthebeach has 120 seconds left.
|
|t:|1776038495
|switch|p1a: Zapdos|Zapdos|100/100
|move|p2a: Tyranitar|Knock Off|p1a: Zapdos
|-damage|p1a: Zapdos|40/100
|-enditem|p1a: Zapdos|Heavy-Duty Boots|[from] move: Knock Off|[of] p2a: Tyranitar
|
|-weather|Sandstorm|[upkeep]
|-damage|p1a: Zapdos|34/100|[from] Sandstorm
|upkeep
|turn|14
|
|t:|1776038510
|switch|p2a: Excadrill|Excadrill, F|100/100
|-damage|p2a: Excadrill|88/100|[from] Spikes
|move|p1a: Zapdos|Roost|p1a: Zapdos
|-heal|p1a: Zapdos|84/100
|-singleturn|p1a: Zapdos|move: Roost
|
|-weather|Sandstorm|[upkeep]
|-damage|p1a: Zapdos|78/100|[from] Sandstorm
|-heal|p2a: Excadrill|94/100|[from] item: Leftovers
|upkeep
|turn|15
|
|t:|1776038521
|move|p2a: Excadrill|Substitute|p2a: Excadrill
|-start|p2a: Excadrill|Substitute
|-damage|p2a: Excadrill|69/100
|move|p1a: Zapdos|Roost|p1a: Zapdos
|-heal|p1a: Zapdos|100/100
|-singleturn|p1a: Zapdos|move: Roost
|
|-weather|Sandstorm|[upkeep]
|-damage|p1a: Zapdos|94/100|[from] Sandstorm
|-heal|p2a: Excadrill|75/100|[from] item: Leftovers
|upkeep
|turn|16
|inactive|Sandatthebeach has 120 seconds left.
|
|t:|1776038528
|switch|p1a: Great Tusk|Great Tusk, shiny|84/100
|move|p2a: Excadrill|Rapid Spin|p1a: Great Tusk
|-damage|p1a: Great Tusk|71/100
|-boost|p2a: Excadrill|spe|1
|-sideend|p2: Sandatthebeach|Spikes|[from] move: Rapid Spin|[of] p2a: Excadrill
|
|-weather|none
|-heal|p2a: Excadrill|81/100|[from] item: Leftovers
|upkeep
|turn|17
|
|t:|1776038536
|move|p2a: Excadrill|Earthquake|p1a: Great Tusk
|-damage|p1a: Great Tusk|31/100
|move|p1a: Great Tusk|Ice Spinner|p2a: Excadrill
|-end|p2a: Excadrill|Substitute
|
|-heal|p2a: Excadrill|87/100|[from] item: Leftovers
|upkeep
|turn|18
|inactive|Sandatthebeach has 120 seconds left.
|
|t:|1776038551
|move|p2a: Excadrill|Substitute|p2a: Excadrill
|-start|p2a: Excadrill|Substitute
|-damage|p2a: Excadrill|63/100
|move|p1a: Great Tusk|Stealth Rock|p2a: Excadrill
|-sidestart|p2: Sandatthebeach|move: Stealth Rock
|
|-heal|p2a: Excadrill|69/100|[from] item: Leftovers
|upkeep
|turn|19
|
|t:|1776038562
|move|p2a: Excadrill|Earthquake|p1a: Great Tusk
|-damage|p1a: Great Tusk|0 fnt
|faint|p1a: Great Tusk
|-end|p1a: Great Tusk|Protosynthesis|[silent]
|
|-heal|p2a: Excadrill|75/100|[from] item: Leftovers
|upkeep
|
|t:|1776038567
|switch|p1a: Samurott|Samurott-Hisui, F|43/100
|turn|20
|
|t:|1776038585
|move|p1a: Samurott|Aqua Jet|p2a: Excadrill
|-supereffective|p2a: Excadrill
|-end|p2a: Excadrill|Substitute
|move|p2a: Excadrill|Earthquake|p1a: Samurott
|-damage|p1a: Samurott|0 fnt
|faint|p1a: Samurott
|
|-heal|p2a: Excadrill|81/100|[from] item: Leftovers
|upkeep
|
|t:|1776038600
|switch|p1a: Dragonite|Dragonite, M|100/100
|turn|21
|
|t:|1776038615
|switch|p2a: Garganacl|Garganacl, M|99/100
|-damage|p2a: Garganacl|88/100|[from] Stealth Rock
|move|p1a: Dragonite|Earthquake|p2a: Garganacl
|-supereffective|p2a: Garganacl
|-damage|p2a: Garganacl|44/100
|
|-heal|p2a: Garganacl|50/100|[from] item: Leftovers
|upkeep
|turn|22
|
|t:|1776038639
|switch|p1a: Slowking|Slowking-Galar, M|100/100
|move|p2a: Garganacl|Salt Cure|p1a: Slowking
|-damage|p1a: Slowking|87/100
|-start|p1a: Slowking|Salt Cure
|
|-heal|p2a: Garganacl|57/100|[from] item: Leftovers
|-damage|p1a: Slowking|74/100|[from] Salt Cure
|upkeep
|turn|23
|
|t:|1776038654
|move|p2a: Garganacl|Stealth Rock|p1a: Slowking
|-sidestart|p1: oirgor|move: Stealth Rock
|move|p1a: Slowking|Psychic Noise|p2a: Garganacl
|-damage|p2a: Garganacl|39/100
|-start|p2a: Garganacl|move: Heal Block
|
|-damage|p1a: Slowking|62/100|[from] Salt Cure
|upkeep
|turn|24
|
|t:|1776038667
|move|p2a: Garganacl|Salt Cure|p1a: Slowking
|-damage|p1a: Slowking|48/100
|-prepare|p1a: Slowking|Chilly Reception|[premajor]
|move|p1a: Slowking|Chilly Reception|p1a: Slowking
|-weather|Snowscape
|
|t:|1776038681
|switch|p1a: Dragonite|Dragonite, M|100/100|[from] Chilly Reception
|
|-weather|Snowscape|[upkeep]
|-end|p2a: Garganacl|move: Heal Block
|upkeep
|turn|25
|
|t:|1776038691
|move|p1a: Dragonite|Dragon Dance|p1a: Dragonite
|-boost|p1a: Dragonite|atk|1
|-boost|p1a: Dragonite|spe|1
|move|p2a: Garganacl|Salt Cure|p1a: Dragonite
|-supereffective|p1a: Dragonite
|-damage|p1a: Dragonite|86/100
|-start|p1a: Dragonite|Salt Cure
|
|-weather|Snowscape|[upkeep]
|-heal|p2a: Garganacl|45/100|[from] item: Leftovers
|-damage|p1a: Dragonite|73/100|[from] Salt Cure
|upkeep
|turn|26
|inactive|Sandatthebeach has 120 seconds left.
|
|t:|1776038741
|-terastallize|p2a: Garganacl|Fairy
|move|p1a: Dragonite|Earthquake|p2a: Garganacl
|-damage|p2a: Garganacl|11/100
|move|p2a: Garganacl|Salt Cure|p1a: Dragonite
|-supereffective|p1a: Dragonite
|-damage|p1a: Dragonite|42/100
|
|-weather|Snowscape|[upkeep]
|-heal|p2a: Garganacl|17/100|[from] item: Leftovers
|-damage|p1a: Dragonite|30/100|[from] Salt Cure
|upkeep
|turn|27
|inactive|Sandatthebeach has 90 seconds left.
|
|t:|1776038762
|switch|p2a: Hydrapple|Hydrapple, F|42/100
|-damage|p2a: Hydrapple|30/100|[from] Stealth Rock
|move|p1a: Dragonite|Earthquake|p2a: Hydrapple
|-resisted|p2a: Hydrapple
|-damage|p2a: Hydrapple|16/100
|
|-weather|Snowscape|[upkeep]
|-damage|p1a: Dragonite|17/100|[from] Salt Cure
|upkeep
|turn|28
|inactive|Sandatthebeach has 90 seconds left.
|
|t:|1776038775
|move|p1a: Dragonite|Extreme Speed|p2a: Hydrapple
|-damage|p2a: Hydrapple|0 fnt
|faint|p2a: Hydrapple
|
|-weather|none
|-damage|p1a: Dragonite|5/100|[from] Salt Cure
|upkeep
|
|t:|1776038782
|switch|p2a: Alomomola|Alomomola, F|100/100
|-damage|p2a: Alomomola|88/100|[from] Stealth Rock
|turn|29
|
|t:|1776038791
|move|p1a: Dragonite|Earthquake|p2a: Alomomola
|-damage|p2a: Alomomola|53/100
|move|p2a: Alomomola|Flip Turn|p1a: Dragonite
|-resisted|p1a: Dragonite
|-damage|p1a: Dragonite|0 fnt
|faint|p1a: Dragonite
|inactive|Sandatthebeach has 90 seconds left.
|
|t:|1776038812
|switch|p2a: Garganacl|Garganacl, M, tera:Fairy|17/100|[from] Flip Turn
|-damage|p2a: Garganacl|4/100|[from] Stealth Rock
|
|-heal|p2a: Garganacl|11/100|[from] item: Leftovers
|upkeep
|
|t:|1776038819
|switch|p1a: Zapdos|Zapdos|94/100
|-damage|p1a: Zapdos|70/100|[from] Stealth Rock
|turn|30
|inactive|Sandatthebeach has 90 seconds left.
|
|t:|1776038833
|move|p1a: Zapdos|Volt Switch|p2a: Garganacl
|-crit|p2a: Garganacl
|-damage|p2a: Garganacl|0 fnt
|faint|p2a: Garganacl
|
|t:|1776038835
|switch|p1a: Slowking|Slowking-Galar, M|81/100|[from] Volt Switch
|
|upkeep
|inactive|Sandatthebeach has 90 seconds left.
|
|t:|1776038842
|switch|p2a: Tyranitar|Tyranitar, M|88/100
|-damage|p2a: Tyranitar|76/100|[from] Stealth Rock
|-weather|Sandstorm|[from] ability: Sand Stream|[of] p2a: Tyranitar
|turn|31
|
|t:|1776038851
|switch|p1a: Zapdos|Zapdos|70/100
|-damage|p1a: Zapdos|45/100|[from] Stealth Rock
|move|p2a: Tyranitar|Stone Edge|p1a: Zapdos|[miss]
|-miss|p2a: Tyranitar|p1a: Zapdos
|
|-weather|Sandstorm|[upkeep]
|-damage|p1a: Zapdos|39/100|[from] Sandstorm
|upkeep
|turn|32
|
|t:|1776038857
|move|p1a: Zapdos|Roost|p1a: Zapdos
|-heal|p1a: Zapdos|89/100
|-singleturn|p1a: Zapdos|move: Roost
|move|p2a: Tyranitar|Stone Edge|p1a: Zapdos
|-damage|p1a: Zapdos|21/100
|
|-weather|Sandstorm|[upkeep]
|-damage|p1a: Zapdos|15/100|[from] Sandstorm
|upkeep
|turn|33
|
|t:|1776038864
|move|p1a: Zapdos|Roost|p1a: Zapdos
|-heal|p1a: Zapdos|66/100
|-singleturn|p1a: Zapdos|move: Roost
|move|p2a: Tyranitar|Stone Edge|p1a: Zapdos
|-damage|p1a: Zapdos|6/100
|
|-weather|Sandstorm|[upkeep]
|-damage|p1a: Zapdos|0 fnt|[from] Sandstorm
|faint|p1a: Zapdos
|upkeep
|
|t:|1776038868
|switch|p1a: Iron Valiant|Iron Valiant|100/100
|-damage|p1a: Iron Valiant|94/100|[from] Stealth Rock
|-enditem|p1a: Iron Valiant|Booster Energy
|-activate|p1a: Iron Valiant|ability: Quark Drive|[fromitem]
|-start|p1a: Iron Valiant|quarkdrivespe
|turn|34
|inactive|Sandatthebeach has 120 seconds left.
|
|t:|1776038880
|switch|p2a: Enamorus|Enamorus, F|68/100
|-damage|p2a: Enamorus|43/100|[from] Stealth Rock
|move|p1a: Iron Valiant|Calm Mind|p1a: Iron Valiant
|-boost|p1a: Iron Valiant|spa|1
|-boost|p1a: Iron Valiant|spd|1
|
|-weather|Sandstorm|[upkeep]
|-damage|p1a: Iron Valiant|88/100|[from] Sandstorm
|-damage|p2a: Enamorus|37/100|[from] Sandstorm
|upkeep
|turn|35
|inactive|Sandatthebeach has 120 seconds left.
|
|t:|1776038893
|move|p1a: Iron Valiant|Moonblast|p2a: Enamorus
|-damage|p2a: Enamorus|0 fnt
|faint|p2a: Enamorus
|
|-weather|none
|upkeep
|
|t:|1776038898
|switch|p2a: Alomomola|Alomomola, F|86/100
|-damage|p2a: Alomomola|74/100|[from] Stealth Rock
|turn|36
|
|t:|1776038906
|move|p1a: Iron Valiant|Calm Mind|p1a: Iron Valiant
|-boost|p1a: Iron Valiant|spa|1
|-boost|p1a: Iron Valiant|spd|1
|move|p2a: Alomomola|Mirror Coat||[still]
|-fail|p2a: Alomomola
|
|upkeep
|turn|37
|
|t:|1776038910
|move|p1a: Iron Valiant|Encore|p2a: Alomomola
|-start|p2a: Alomomola|Encore
|move|p2a: Alomomola|Mirror Coat||[still]
|-fail|p2a: Alomomola
|
|upkeep
|turn|38
|
|t:|1776038914
|switch|p2a: Tyranitar|Tyranitar, M|76/100
|-damage|p2a: Tyranitar|64/100|[from] Stealth Rock
|-weather|Sandstorm|[from] ability: Sand Stream|[of] p2a: Tyranitar
|move|p1a: Iron Valiant|Calm Mind|p1a: Iron Valiant
|-boost|p1a: Iron Valiant|spa|1
|-boost|p1a: Iron Valiant|spd|1
|
|-weather|Sandstorm|[upkeep]
|-damage|p1a: Iron Valiant|82/100|[from] Sandstorm
|upkeep
|turn|39
|
|t:|1776038926
|move|p1a: Iron Valiant|Moonblast|p2a: Tyranitar
|-supereffective|p2a: Tyranitar
|-damage|p2a: Tyranitar|0 fnt
|faint|p2a: Tyranitar
|
|-weather|Sandstorm|[upkeep]
|-damage|p1a: Iron Valiant|76/100|[from] Sandstorm
|upkeep
|
|t:|1776038930
|switch|p2a: Excadrill|Excadrill, F|81/100
|-damage|p2a: Excadrill|78/100|[from] Stealth Rock
|turn|40
|
|t:|1776038938
|-terastallize|p1a: Iron Valiant|Ghost
|move|p2a: Excadrill|Substitute|p2a: Excadrill
|-start|p2a: Excadrill|Substitute
|-damage|p2a: Excadrill|53/100
|move|p1a: Iron Valiant|Shadow Ball|p2a: Excadrill
|-end|p2a: Excadrill|Substitute
|
|-weather|Sandstorm|[upkeep]
|-damage|p1a: Iron Valiant|69/100|[from] Sandstorm
|-heal|p2a: Excadrill|59/100|[from] item: Leftovers
|upkeep
|turn|41
|
|t:|1776038954
|move|p2a: Excadrill|Earthquake|p1a: Iron Valiant
|-damage|p1a: Iron Valiant|0 fnt
|faint|p1a: Iron Valiant
|-end|p1a: Iron Valiant|Quark Drive|[silent]
|
|-weather|Sandstorm|[upkeep]
|-heal|p2a: Excadrill|65/100|[from] item: Leftovers
|upkeep
|-message|oirgor forfeited.
|
|win|Sandatthebeach
|raw|oirgor's rating: 1380 &rarr; <strong>1364</strong><br />(-16 for losing)
|raw|Sandatthebeach's rating: 1444 &rarr; <strong>1460</strong><br />(+16 for winning)
|l|☆oirgor
|player|p1|
