|html|<div class="broadcast-blue"><strong>[Gen 9] OU is currently suspecting Tera Blast! For information on how to participate check out the <a href="https://www.smogon.com/tools/suspects/view/200">suspect thread</a>.</strong></div>
|j|☆Garlicmanalt
|j|☆mohva
|t:|1776053443
|gametype|singles
|player|p1|Garlicmanalt|roxie|1139
|player|p2|mohva|koga|1153
|gen|9
|tier|[Gen 9] OU
|rated|
|rule|HP Percentage Mod: HP is shown in percentages
|rule|Endless Battle Clause: Forcing endless battles is banned
|rule|Species Clause: Limit one of each Pokémon
|rule|OHKO Clause: OHKO moves are banned
|rule|Evasion Items Clause: Evasion items are banned
|rule|Evasion Moves Clause: Evasion moves are banned
|rule|Evasion Abilities Clause: Evasion abilities are banned
|rule|Sleep Moves Clause: Sleep-inducing moves are banned
|clearpoke
|poke|p1|Darkrai|
|poke|p1|Indeedee-F, F|
|poke|p1|Hawlucha, M|
|poke|p1|Iron Treads|
|poke|p1|Alomomola, F|
|poke|p1|Armarouge, M|
|poke|p2|Deoxys-Speed|
|poke|p2|Gholdengo|
|poke|p2|Iron Treads|
|poke|p2|Dragonite, M|
|poke|p2|Iron Moth|
|poke|p2|Samurott-Hisui, F|
|teampreview
|inactive|Battle timer is ON: inactive players will automatically lose when time's up. (requested by mohva)
|j| testingrainteam1
|
|t:|1776053455
|teamsize|p1|6
|teamsize|p2|6
|start
|switch|p1a: Indeedee|Indeedee-F, F|100/100
|switch|p2a: Samurott|Samurott-Hisui, F|100/100
|-fieldstart|move: Psychic Terrain|[from] ability: Psychic Surge|[of] p1a: Indeedee
|turn|1
|l| testingrainteam1
|
|t:|1776053464
|switch|p1a: Hawlucha|Hawlucha, M|100/100
|-enditem|p1a: Hawlucha|Psychic Seed
|-boost|p1a: Hawlucha|spd|1|[from] item: Psychic Seed
|move|p2a: Samurott|Ceaseless Edge|p1a: Hawlucha
|-resisted|p1a: Hawlucha
|-damage|p1a: Hawlucha|72/100
|-sidestart|p1: Garlicmanalt|Spikes
|
|upkeep
|turn|2
|
|t:|1776053476
|move|p1a: Hawlucha|Swords Dance|p1a: Hawlucha
|-boost|p1a: Hawlucha|atk|2
|move|p2a: Samurott|Ceaseless Edge|p1a: Hawlucha|[miss]
|-miss|p2a: Samurott|p1a: Hawlucha
|
|upkeep
|turn|3
|
|t:|1776053482
|move|p1a: Hawlucha|Close Combat|p2a: Samurott
|-supereffective|p2a: Samurott
|-enditem|p2a: Samurott|Focus Sash
|-damage|p2a: Samurott|1/100
|-unboost|p1a: Hawlucha|def|1
|-unboost|p1a: Hawlucha|spd|1
|move|p2a: Samurott|Encore|p1a: Hawlucha
|-start|p1a: Hawlucha|Encore
|
|upkeep
|turn|4
|
|t:|1776053491
|switch|p2a: Gholdengo|Gholdengo|100/100
|-item|p2a: Gholdengo|Air Balloon
|move|p1a: Hawlucha|Close Combat|p2a: Gholdengo
|-immune|p2a: Gholdengo
|
|upkeep
|turn|5
|
|t:|1776053502
|switch|p1a: Indeedee|Indeedee-F, F|100/100
|-damage|p1a: Indeedee|88/100|[from] Spikes
|move|p2a: Gholdengo|Shadow Ball|p1a: Indeedee
|-immune|p1a: Indeedee
|
|upkeep
|turn|6
|
|t:|1776053512
|switch|p2a: Iron Moth|Iron Moth|100/100
|-enditem|p2a: Iron Moth|Booster Energy
|-activate|p2a: Iron Moth|ability: Quark Drive|[fromitem]
|-start|p2a: Iron Moth|quarkdrivespe
|move|p1a: Indeedee|Light Screen|p1a: Indeedee
|-sidestart|p1: Garlicmanalt|move: Light Screen
|
|upkeep
|turn|7
|
|t:|1776053519
|move|p2a: Iron Moth|Substitute|p2a: Iron Moth
|-start|p2a: Iron Moth|Substitute
|-damage|p2a: Iron Moth|76/100
|move|p1a: Indeedee|Psychic|p2a: Iron Moth
|-supereffective|p2a: Iron Moth
|-end|p2a: Iron Moth|Substitute
|
|upkeep
|turn|8
|
|t:|1776053530
|-terastallize|p2a: Iron Moth|Ground
|move|p2a: Iron Moth|Tera Blast|p1a: Indeedee|[anim] Tera Blast Ground
|-damage|p1a: Indeedee|69/100
|move|p1a: Indeedee|Psychic|p2a: Iron Moth
|-damage|p2a: Iron Moth|38/100
|
|-fieldend|move: Psychic Terrain
|upkeep
|turn|9
|
|t:|1776053544
|move|p2a: Iron Moth|Fiery Dance|p1a: Indeedee
|-damage|p1a: Indeedee|51/100
|move|p1a: Indeedee|Psychic|p2a: Iron Moth
|-damage|p2a: Iron Moth|7/100
|
|upkeep
|turn|10
|
|t:|1776053552
|move|p2a: Iron Moth|Fiery Dance|p1a: Indeedee
|-damage|p1a: Indeedee|31/100
|-boost|p2a: Iron Moth|spa|1
|move|p1a: Indeedee|Psychic|p2a: Iron Moth
|-damage|p2a: Iron Moth|0 fnt
|faint|p2a: Iron Moth
|-end|p2a: Iron Moth|Quark Drive|[silent]
|
|-sideend|p1: Garlicmanalt|move: Light Screen
|upkeep
|
|t:|1776053557
|switch|p2a: Dragonite|Dragonite, M|100/100
|turn|11
|
|t:|1776053563
|move|p1a: Indeedee|Reflect|p1a: Indeedee
|-sidestart|p1: Garlicmanalt|Reflect
|move|p2a: Dragonite|Dragon Dance|p2a: Dragonite
|-boost|p2a: Dragonite|atk|1
|-boost|p2a: Dragonite|spe|1
|
|upkeep
|turn|12
|
|t:|1776053569
|switch|p1a: Alomomola|Alomomola, F|100/100
|-damage|p1a: Alomomola|88/100|[from] Spikes
|move|p2a: Dragonite|Dragon Dance|p2a: Dragonite
|-boost|p2a: Dragonite|atk|1
|-boost|p2a: Dragonite|spe|1
|
|upkeep
|turn|13
|
|t:|1776053580
|move|p2a: Dragonite|Earthquake|p1a: Alomomola
|-damage|p1a: Alomomola|65/100
|move|p1a: Alomomola|Scald|p2a: Dragonite
|-resisted|p2a: Dragonite
|-damage|p2a: Dragonite|97/100
|
|upkeep
|turn|14
|
|t:|1776053586
|move|p2a: Dragonite|Dragon Dance|p2a: Dragonite
|-boost|p2a: Dragonite|atk|1
|-boost|p2a: Dragonite|spe|1
|move|p1a: Alomomola|Scald|p2a: Dragonite
|-resisted|p2a: Dragonite
|-damage|p2a: Dragonite|90/100
|
|upkeep
|turn|15
|
|t:|1776053592
|move|p2a: Dragonite|Dragon Dance|p2a: Dragonite
|-boost|p2a: Dragonite|atk|1
|-boost|p2a: Dragonite|spe|1
|move|p1a: Alomomola|Scald|p2a: Dragonite
|-resisted|p2a: Dragonite
|-damage|p2a: Dragonite|82/100
|
|-sideend|p1: Garlicmanalt|Reflect
|upkeep
|turn|16
|
|t:|1776053601
|move|p2a: Dragonite|Dragon Dance|p2a: Dragonite
|-boost|p2a: Dragonite|atk|1
|-boost|p2a: Dragonite|spe|1
|move|p1a: Alomomola|Flip Turn|p2a: Dragonite
|-resisted|p2a: Dragonite
|-damage|p2a: Dragonite|72/100
|
|t:|1776053618
|switch|p1a: Indeedee|Indeedee-F, F|31/100|[from] Flip Turn
|-damage|p1a: Indeedee|19/100|[from] Spikes
|-fieldstart|move: Psychic Terrain|[from] ability: Psychic Surge|[of] p1a: Indeedee
|
|upkeep
|turn|17
|
|t:|1776053625
|move|p2a: Dragonite|Earthquake|p1a: Indeedee
|-damage|p1a: Indeedee|0 fnt
|faint|p1a: Indeedee
|
|upkeep
|
|t:|1776053630
|switch|p1a: Hawlucha|Hawlucha, M|72/100
|turn|18
|
|t:|1776053635
|move|p2a: Dragonite|Ice Spinner|p1a: Hawlucha
|-supereffective|p1a: Hawlucha
|-damage|p1a: Hawlucha|0 fnt
|-fieldend|move: Psychic Terrain
|faint|p1a: Hawlucha
|
|upkeep
|-message|Garlicmanalt forfeited.
|
|win|mohva
|raw|Garlicmanalt's rating: 1139 &rarr; <strong>1115</strong><br />(-24 for losing)
|raw|mohva's rating: 1153 &rarr; <strong>1177</strong><br />(+24 for winning)
|l|☆Garlicmanalt
|player|p1|
|l|☆mohva
|player|p2|
