|html|<div class="broadcast-blue"><strong>[Gen 9] OU is currently suspecting Tera Blast! For information on how to participate check out the <a href="https://www.smogon.com/tools/suspects/view/200">suspect thread</a>.</strong></div>
|j|☆the_lemus
|j|☆Aroma Nobody
|t:|1776116896
|gametype|singles
|player|p1|the_lemus|265|1100
|player|p2|Aroma Nobody|ingo|1112
|gen|9
|tier|[Gen 9] OU
|rated|
|rule|HP Percentage Mod: HP is shown in percentages
|rule|Endless Battle Clause: Forcing endless battles is banned
|rule|Species Clause: Limit one of each Pokémon
|rule|OHKO Clause: OHKO moves are banned
|rule|Evasion Items Clause: Evasion items are banned
|rule|Evasion Moves Clause: Evasion moves are banned
|rule|Evasion Abilities Clause: Evasion abilities are banned
|rule|Sleep Moves Clause: Sleep-inducing moves are banned
|clearpoke
|poke|p1|Torkoal, M|
|poke|p1|Venusaur, M|
|poke|p1|Great Tusk|
|poke|p1|Dragonite, M|
|poke|p1|Kingambit, M|
|poke|p1|Gengar, M|
|poke|p2|Crocalor, M|
|poke|p2|Quaxwell, M|
|poke|p2|Floragato, F|
|poke|p2|Haunter, M|
|poke|p2|Magneton|
|poke|p2|Krokorok, F|
|teampreview
|j| ohko_smeargle
|c|☆Aroma Nobody|glhf
|
|t:|1776116904
|teamsize|p1|6
|teamsize|p2|6
|start
|switch|p1a: Gengar|Gengar, M|100/100
|switch|p2a: Krokorok|Krokorok, F|100/100
|-ability|p2a: Krokorok|Intimidate|boost
|-unboost|p1a: Gengar|atk|1
|turn|1
|
|t:|1776116917
|move|p1a: Gengar|Giga Drain|p2a: Krokorok
|-supereffective|p2a: Krokorok
|-damage|p2a: Krokorok|10/100
|move|p2a: Krokorok|Knock Off|p1a: Gengar
|-supereffective|p1a: Gengar
|-enditem|p1a: Gengar|Focus Sash
|-damage|p1a: Gengar|1/100
|-start|p2a: Krokorok|Disable|Knock Off|[from] ability: Cursed Body|[of] p1a: Gengar
|
|upkeep
|turn|2
|
|t:|1776116927
|switch|p2a: Floragato|Floragato, F|100/100
|move|p1a: Gengar|Giga Drain|p2a: Floragato
|-resisted|p2a: Floragato
|-damage|p2a: Floragato|77/100
|-heal|p1a: Gengar|13/100|[from] drain|[of] p2a: Floragato
|
|upkeep
|turn|3
|
|t:|1776116935
|move|p2a: Floragato|U-turn|p1a: Gengar
|-start|p2a: Floragato|typechange|Bug|[from] ability: Protean
|-resisted|p1a: Gengar
|-damage|p1a: Gengar|0 fnt
|faint|p1a: Gengar
|
|t:|1776116946
|switch|p2a: Quaxwell|Quaxwell, M|100/100|[from] U-turn
|
|upkeep
|
|t:|1776116953
|switch|p1a: Torkoal|Torkoal, M|100/100
|-weather|SunnyDay|[from] ability: Drought|[of] p1a: Torkoal
|turn|4
|
|t:|1776116985
|switch|p1a: Venusaur|Venusaur, M|100/100
|move|p2a: Quaxwell|Rapid Spin|p1a: Venusaur
|-damage|p1a: Venusaur|89/100
|-boost|p2a: Quaxwell|spe|1
|
|-weather|SunnyDay|[upkeep]
|-heal|p1a: Venusaur|95/100|[from] item: Black Sludge
|upkeep
|turn|5
|
|t:|1776116996
|switch|p2a: Krokorok|Krokorok, F|10/100
|-ability|p2a: Krokorok|Intimidate|boost
|-unboost|p1a: Venusaur|atk|1
|move|p1a: Venusaur|Leech Seed|p2a: Krokorok
|-start|p2a: Krokorok|move: Leech Seed
|
|-weather|SunnyDay|[upkeep]
|-heal|p1a: Venusaur|100/100|[from] item: Black Sludge
|-damage|p2a: Krokorok|0 fnt|[from] Leech Seed|[of] p1a: Venusaur
|faint|p2a: Krokorok
|upkeep
|
|t:|1776117003
|switch|p2a: Haunter|Haunter, M|100/100
|turn|6
|
|t:|1776117010
|move|p1a: Venusaur|Leech Seed|p2a: Haunter
|-start|p2a: Haunter|move: Leech Seed
|move|p2a: Haunter|Psychic|p1a: Venusaur
|-supereffective|p1a: Venusaur
|-damage|p1a: Venusaur|46/100
|
|-weather|SunnyDay|[upkeep]
|-heal|p1a: Venusaur|52/100|[from] item: Black Sludge
|-damage|p2a: Haunter|88/100|[from] Leech Seed|[of] p1a: Venusaur
|-heal|p1a: Venusaur|59/100|[silent]
|upkeep
|turn|7
|
|t:|1776117022
|move|p1a: Venusaur|Synthesis|p1a: Venusaur
|-heal|p1a: Venusaur|100/100
|move|p2a: Haunter|Psychic|p1a: Venusaur
|-supereffective|p1a: Venusaur
|-damage|p1a: Venusaur|44/100
|
|-weather|SunnyDay|[upkeep]
|-heal|p1a: Venusaur|50/100|[from] item: Black Sludge
|-damage|p2a: Haunter|76/100|[from] Leech Seed|[of] p1a: Venusaur
|-heal|p1a: Venusaur|58/100|[silent]
|upkeep
|turn|8
|
|t:|1776117032
|move|p1a: Venusaur|Synthesis|p1a: Venusaur
|-heal|p1a: Venusaur|100/100
|move|p2a: Haunter|Psychic|p1a: Venusaur
|-supereffective|p1a: Venusaur
|-damage|p1a: Venusaur|44/100
|-unboost|p1a: Venusaur|spd|1
|
|-weather|none
|-heal|p1a: Venusaur|50/100|[from] item: Black Sludge
|-damage|p2a: Haunter|64/100|[from] Leech Seed|[of] p1a: Venusaur
|-heal|p1a: Venusaur|58/100|[silent]
|upkeep
|turn|9
|
|t:|1776117044
|switch|p2a: Magneton|Magneton|100/100
|move|p1a: Venusaur|Protect||[still]
|-fail|p1a: Venusaur
|
|-heal|p1a: Venusaur|64/100|[from] item: Black Sludge
|upkeep
|turn|10
|
|t:|1776117053
|move|p1a: Venusaur|Leech Seed|p2a: Magneton
|-start|p2a: Magneton|move: Leech Seed
|move|p2a: Magneton|Flash Cannon|p1a: Venusaur
|-damage|p1a: Venusaur|0 fnt
|faint|p1a: Venusaur
|
|upkeep
|
|t:|1776117061
|switch|p1a: Torkoal|Torkoal, M|100/100
|-weather|SunnyDay|[from] ability: Drought|[of] p1a: Torkoal
|turn|11
|
|t:|1776117067
|switch|p2a: Quaxwell|Quaxwell, M|100/100
|move|p1a: Torkoal|Body Press|p2a: Quaxwell
|-damage|p2a: Quaxwell|81/100
|
|-weather|SunnyDay|[upkeep]
|upkeep
|turn|12
|
|t:|1776117080
|switch|p1a: Dragonite|Dragonite, M|100/100
|move|p2a: Quaxwell|Encore||[still]
|-fail|p2a: Quaxwell
|
|-weather|SunnyDay|[upkeep]
|upkeep
|turn|13
|
|t:|1776117089
|move|p1a: Dragonite|Thunder|p2a: Quaxwell|[miss]
|-miss|p1a: Dragonite|p2a: Quaxwell
|move|p2a: Quaxwell|Flip Turn|p1a: Dragonite
|-resisted|p1a: Dragonite
|-damage|p1a: Dragonite|98/100
|
|t:|1776117100
|switch|p2a: Floragato|Floragato, F|77/100|[from] Flip Turn
|
|-weather|SunnyDay|[upkeep]
|-heal|p1a: Dragonite|100/100|[from] item: Leftovers
|upkeep
|turn|14
|
|t:|1776117109
|move|p2a: Floragato|Play Rough|p1a: Dragonite
|-start|p2a: Floragato|typechange|Fairy|[from] ability: Protean
|-supereffective|p1a: Dragonite
|-damage|p1a: Dragonite|58/100
|-unboost|p1a: Dragonite|atk|1
|move|p1a: Dragonite|Draco Meteor|p2a: Floragato
|-immune|p2a: Floragato
|
|-weather|SunnyDay|[upkeep]
|-heal|p1a: Dragonite|64/100|[from] item: Leftovers
|upkeep
|turn|15
|
|t:|1776117125
|-terastallize|p1a: Dragonite|Normal
|move|p1a: Dragonite|Extreme Speed|p2a: Floragato
|-damage|p2a: Floragato|16/100
|move|p2a: Floragato|Play Rough|p1a: Dragonite
|-damage|p1a: Dragonite|19/100
|
|-weather|none
|-heal|p1a: Dragonite|25/100|[from] item: Leftovers
|upkeep
|turn|16
|
|t:|1776117136
|switch|p2a: Haunter|Haunter, M|64/100
|move|p1a: Dragonite|Extreme Speed|p2a: Haunter
|-immune|p2a: Haunter
|
|-heal|p1a: Dragonite|31/100|[from] item: Leftovers
|upkeep
|turn|17
|
|t:|1776117145
|move|p2a: Haunter|Sludge Bomb|p1a: Dragonite
|-damage|p1a: Dragonite|0 fnt
|faint|p1a: Dragonite
|
|upkeep
|
|t:|1776117153
|switch|p1a: Torkoal|Torkoal, M|100/100
|-weather|SunnyDay|[from] ability: Drought|[of] p1a: Torkoal
|turn|18
|
|t:|1776117170
|switch|p2a: Quaxwell|Quaxwell, M|81/100
|move|p1a: Torkoal|Lava Plume|p2a: Quaxwell
|-resisted|p2a: Quaxwell
|-damage|p2a: Quaxwell|61/100
|-status|p2a: Quaxwell|brn
|
|-weather|SunnyDay|[upkeep]
|-damage|p2a: Quaxwell|55/100 brn|[from] brn
|upkeep
|turn|19
|
|t:|1776117181
|move|p1a: Torkoal|Protect|p1a: Torkoal
|-singleturn|p1a: Torkoal|Protect
|move|p2a: Quaxwell|Flip Turn|p1a: Torkoal
|-activate|p1a: Torkoal|move: Protect
|
|-weather|SunnyDay|[upkeep]
|-damage|p2a: Quaxwell|49/100 brn|[from] brn
|upkeep
|turn|20
|
|t:|1776117193
|move|p2a: Quaxwell|Roost|p2a: Quaxwell
|-heal|p2a: Quaxwell|99/100 brn
|-singleturn|p2a: Quaxwell|move: Roost
|move|p1a: Torkoal|Lava Plume|p2a: Quaxwell
|-resisted|p2a: Quaxwell
|-damage|p2a: Quaxwell|82/100 brn
|
|-weather|SunnyDay|[upkeep]
|-damage|p2a: Quaxwell|75/100 brn|[from] brn
|upkeep
|turn|21
|
|t:|1776117203
|move|p2a: Quaxwell|Flip Turn|p1a: Torkoal
|-supereffective|p1a: Torkoal
|-damage|p1a: Torkoal|95/100
|
|t:|1776117207
|switch|p2a: Crocalor|Crocalor, M|100/100|[from] Flip Turn
|move|p1a: Torkoal|Body Press|p2a: Crocalor
|-crit|p2a: Crocalor
|-damage|p2a: Crocalor|63/100
|
|-weather|SunnyDay|[upkeep]
|upkeep
|turn|22
|
|t:|1776117218
|move|p2a: Crocalor|Curse|p2a: Crocalor
|-unboost|p2a: Crocalor|spe|1
|-boost|p2a: Crocalor|atk|1
|-boost|p2a: Crocalor|def|1
|move|p1a: Torkoal|Body Press|p2a: Crocalor
|-damage|p2a: Crocalor|45/100
|
|-weather|none
|upkeep
|turn|23
|
|t:|1776117227
|switch|p1a: Great Tusk|Great Tusk|100/100
|move|p2a: Crocalor|Slack Off|p2a: Crocalor
|-heal|p2a: Crocalor|95/100
|
|upkeep
|turn|24
|
|t:|1776117236
|switch|p2a: Haunter|Haunter, M|64/100
|move|p1a: Great Tusk|Stealth Rock|p2a: Haunter
|-sidestart|p2: Aroma Nobody|move: Stealth Rock
|
|upkeep
|turn|25
|
|t:|1776117245
|move|p2a: Haunter|Shadow Ball|p1a: Great Tusk
|-damage|p1a: Great Tusk|37/100
|move|p1a: Great Tusk|Ice Spinner|p2a: Haunter
|-damage|p2a: Haunter|0 fnt
|faint|p2a: Haunter
|
|upkeep
|
|t:|1776117252
|switch|p2a: Floragato|Floragato, F|16/100
|-damage|p2a: Floragato|4/100|[from] Stealth Rock
|turn|26
|
|t:|1776117261
|move|p2a: Floragato|Play Rough|p1a: Great Tusk
|-start|p2a: Floragato|typechange|Fairy|[from] ability: Protean
|-supereffective|p1a: Great Tusk
|-damage|p1a: Great Tusk|0 fnt
|faint|p1a: Great Tusk
|-end|p1a: Great Tusk|Protosynthesis|[silent]
|
|upkeep
|
|t:|1776117273
|switch|p1a: Torkoal|Torkoal, M|95/100
|-weather|SunnyDay|[from] ability: Drought|[of] p1a: Torkoal
|turn|27
|
|t:|1776117296
|switch|p2a: Quaxwell|Quaxwell, M|75/100 brn
|-damage|p2a: Quaxwell|63/100 brn|[from] Stealth Rock
|move|p1a: Torkoal|Lava Plume|p2a: Quaxwell
|-resisted|p2a: Quaxwell
|-crit|p2a: Quaxwell
|-damage|p2a: Quaxwell|36/100 brn
|
|-weather|SunnyDay|[upkeep]
|-damage|p2a: Quaxwell|30/100 brn|[from] brn
|upkeep
|turn|28
|
|t:|1776117309
|move|p1a: Torkoal|Protect|p1a: Torkoal
|-singleturn|p1a: Torkoal|Protect
|move|p2a: Quaxwell|Roost|p2a: Quaxwell
|-heal|p2a: Quaxwell|80/100 brn
|-singleturn|p2a: Quaxwell|move: Roost
|
|-weather|SunnyDay|[upkeep]
|-damage|p2a: Quaxwell|73/100 brn|[from] brn
|upkeep
|turn|29
|
|t:|1776117321
|move|p2a: Quaxwell|Rapid Spin|p1a: Torkoal
|-damage|p1a: Torkoal|92/100
|-boost|p2a: Quaxwell|spe|1
|-sideend|p2: Aroma Nobody|Stealth Rock|[from] move: Rapid Spin|[of] p2a: Quaxwell
|move|p1a: Torkoal|Body Press|p2a: Quaxwell
|-damage|p2a: Quaxwell|52/100 brn
|
|-weather|SunnyDay|[upkeep]
|-damage|p2a: Quaxwell|46/100 brn|[from] brn
|upkeep
|turn|30
|
|t:|1776117358
|move|p2a: Quaxwell|Encore|p1a: Torkoal
|-start|p1a: Torkoal|Encore
|move|p1a: Torkoal|Body Press|p2a: Quaxwell
|-damage|p2a: Quaxwell|26/100 brn
|
|-weather|SunnyDay|[upkeep]
|-damage|p2a: Quaxwell|20/100 brn|[from] brn
|upkeep
|turn|31
|
|t:|1776117367
|move|p2a: Quaxwell|Roost|p2a: Quaxwell
|-heal|p2a: Quaxwell|70/100 brn
|-singleturn|p2a: Quaxwell|move: Roost
|move|p1a: Torkoal|Body Press|p2a: Quaxwell
|-damage|p2a: Quaxwell|49/100 brn
|
|-weather|none
|-damage|p2a: Quaxwell|43/100 brn|[from] brn
|upkeep
|turn|32
|
|t:|1776117379
|switch|p2a: Floragato|Floragato, F|4/100
|switch|p1a: Kingambit|Kingambit, M|100/100
|-activate|p1a: Kingambit|ability: Supreme Overlord
|-start|p1a: Kingambit|fallen4|[silent]
|
|upkeep
|turn|33
|
|t:|1776117387
|move|p1a: Kingambit|Sucker Punch|p2a: Floragato
|-damage|p2a: Floragato|0 fnt
|faint|p2a: Floragato
|
|upkeep
|
|t:|1776117391
|switch|p2a: Magneton|Magneton|100/100
|turn|34
|
|t:|1776117398
|-end|p1a: Kingambit|fallen4|[silent]
|switch|p1a: Torkoal|Torkoal, M|92/100
|-weather|SunnyDay|[from] ability: Drought|[of] p1a: Torkoal
|move|p2a: Magneton|Thunderbolt|p1a: Torkoal
|-damage|p1a: Torkoal|0 fnt
|faint|p1a: Torkoal
|
|-weather|SunnyDay|[upkeep]
|upkeep
|
|t:|1776117408
|switch|p1a: Kingambit|Kingambit, M|100/100
|-activate|p1a: Kingambit|ability: Supreme Overlord
|-start|p1a: Kingambit|fallen5|[silent]
|turn|35
|
|t:|1776117414
|move|p2a: Magneton|Thunderbolt|p1a: Kingambit
|-damage|p1a: Kingambit|61/100
|-status|p1a: Kingambit|par
|move|p1a: Kingambit|Brick Break|p2a: Magneton
|-supereffective|p2a: Magneton
|-damage|p2a: Magneton|0 fnt
|faint|p2a: Magneton
|
|-weather|SunnyDay|[upkeep]
|upkeep
|
|t:|1776117420
|switch|p2a: Crocalor|Crocalor, M|95/100
|turn|36
|
|t:|1776117427
|-terastallize|p2a: Crocalor|Fire
|move|p2a: Crocalor|Fire Fang|p1a: Kingambit
|-supereffective|p1a: Kingambit
|-damage|p1a: Kingambit|22/100 par
|move|p1a: Kingambit|Kowtow Cleave|p2a: Crocalor
|-damage|p2a: Crocalor|42/100
|
|-weather|SunnyDay|[upkeep]
|upkeep
|turn|37
|
|t:|1776117437
|move|p1a: Kingambit|Sucker Punch||[still]
|-fail|p1a: Kingambit
|move|p2a: Crocalor|Slack Off|p2a: Crocalor
|-heal|p2a: Crocalor|92/100
|
|-weather|SunnyDay|[upkeep]
|upkeep
|turn|38
|
|t:|1776117445
|move|p1a: Kingambit|Sucker Punch|p2a: Crocalor
|-damage|p2a: Crocalor|43/100
|move|p2a: Crocalor|Fire Fang|p1a: Kingambit
|-supereffective|p1a: Kingambit
|-damage|p1a: Kingambit|0 fnt
|faint|p1a: Kingambit
|-end|p1a: Kingambit|fallen5|[silent]
|
|win|Aroma Nobody
|raw|the_lemus's rating: 1100 &rarr; <strong>1074</strong><br />(-26 for losing)
|raw|Aroma Nobody's rating: 1085 &rarr; <strong>1113</strong><br />(+28 for winning)
|c|☆Aroma Nobody|gg
|l| ohko_smeargle
|n|☆the_lemus|thelemus
|l|☆Aroma Nobody
|player|p2|
