|html|<div class="broadcast-blue"><strong>[Gen 9] OU is currently suspecting Tera Blast! For information on how to participate check out the <a href="https://www.smogon.com/tools/suspects/view/200">suspect thread</a>.</strong></div>
|j|☆jparmesan
|j|☆vrrbrbr1
|t:|1776043691
|gametype|singles
|player|p1|jparmesan|cheren-gen5bw2|1177
|player|p2|vrrbrbr1|2|1153
|gen|9
|tier|[Gen 9] OU
|rated|
|rule|HP Percentage Mod: HP is shown in percentages
|rule|Endless Battle Clause: Forcing endless battles is banned
|rule|Species Clause: Limit one of each Pokémon
|rule|OHKO Clause: OHKO moves are banned
|rule|Evasion Items Clause: Evasion items are banned
|rule|Evasion Moves Clause: Evasion moves are banned
|rule|Evasion Abilities Clause: Evasion abilities are banned
|rule|Sleep Moves Clause: Sleep-inducing moves are banned
|clearpoke
|poke|p1|Great Tusk|
|poke|p1|Samurott-Hisui, F|
|poke|p1|Ogerpon-Wellspring, F|
|poke|p1|Garganacl, F|
|poke|p1|Landorus-Therian, M|
|poke|p1|Gholdengo|
|poke|p2|Sandslash-Alola, F|
|poke|p2|Slowking-Galar, M|
|poke|p2|Ninetales-Alola, F|
|poke|p2|Rotom-Wash|
|poke|p2|Hitmontop, M|
|poke|p2|Gliscor, M|
|teampreview
|inactive|Battle timer is ON: inactive players will automatically lose when time's up. (requested by jparmesan)
|
|t:|1776043709
|teamsize|p1|6
|teamsize|p2|6
|start
|switch|p1a: Samurott|Samurott-Hisui, F|100/100
|switch|p2a: Gliscor|Gliscor, M|100/100
|turn|1
|
|t:|1776043714
|move|p1a: Samurott|Ceaseless Edge|p2a: Gliscor
|-damage|p2a: Gliscor|65/100
|-sidestart|p2: vrrbrbr1|Spikes
|move|p2a: Gliscor|Stealth Rock|p1a: Samurott
|-sidestart|p1: jparmesan|move: Stealth Rock
|
|-status|p2a: Gliscor|tox|[from] item: Toxic Orb
|upkeep
|turn|2
|
|t:|1776043719
|move|p1a: Samurott|Ceaseless Edge|p2a: Gliscor
|-damage|p2a: Gliscor|33/100 tox
|-sidestart|p2: vrrbrbr1|Spikes
|move|p2a: Gliscor|U-turn|p1a: Samurott
|-supereffective|p1a: Samurott
|-damage|p1a: Samurott|60/100
|
|t:|1776043725
|switch|p2a: Hitmontop|Hitmontop, M, shiny|100/100|[from] U-turn
|-damage|p2a: Hitmontop|84/100|[from] Spikes
|
|upkeep
|turn|3
|
|t:|1776043729
|switch|p1a: Landorus|Landorus-Therian, M|100/100
|-damage|p1a: Landorus|88/100|[from] Stealth Rock
|-ability|p1a: Landorus|Intimidate|boost
|-unboost|p2a: Hitmontop|atk|1
|move|p2a: Hitmontop|Rapid Spin|p1a: Landorus
|-damage|p1a: Landorus|63/100
|-boost|p2a: Hitmontop|spe|1
|-damage|p2a: Hitmontop|67/100|[from] item: Rocky Helmet|[of] p1a: Landorus
|-sideend|p2: vrrbrbr1|Spikes|[from] move: Rapid Spin|[of] p2a: Hitmontop
|-damage|p2a: Hitmontop|58/100|[from] item: Life Orb
|
|upkeep
|turn|4
|
|t:|1776043734
|move|p2a: Hitmontop|Triple Axel|p1a: Landorus
|-supereffective|p1a: Landorus
|-damage|p1a: Landorus|22/100
|-damage|p2a: Hitmontop|41/100|[from] item: Rocky Helmet|[of] p1a: Landorus
|-supereffective|p1a: Landorus
|-damage|p1a: Landorus|0 fnt
|-damage|p2a: Hitmontop|24/100|[from] item: Rocky Helmet|[of] p1a: Landorus
|faint|p1a: Landorus
|-hitcount|p1: Landorus|2
|-damage|p2a: Hitmontop|15/100|[from] item: Life Orb
|
|upkeep
|
|t:|1776043740
|switch|p1a: Samurott|Samurott-Hisui, F|60/100
|-damage|p1a: Samurott|47/100|[from] Stealth Rock
|turn|5
|
|t:|1776043746
|move|p2a: Hitmontop|Mach Punch|p1a: Samurott
|-supereffective|p1a: Samurott
|-damage|p1a: Samurott|0 fnt
|faint|p1a: Samurott
|-damage|p2a: Hitmontop|5/100|[from] item: Life Orb
|
|upkeep
|
|t:|1776043748
|switch|p1a: Great Tusk|Great Tusk|100/100
|-damage|p1a: Great Tusk|98/100|[from] Stealth Rock
|turn|6
|
|t:|1776043749
|move|p2a: Hitmontop|Triple Axel|p1a: Great Tusk|[miss]
|-miss|p2a: Hitmontop|p1a: Great Tusk
|move|p1a: Great Tusk|Rapid Spin|p2a: Hitmontop
|-damage|p2a: Hitmontop|0 fnt
|-boost|p1a: Great Tusk|spe|1
|-sideend|p1: jparmesan|Stealth Rock|[from] move: Rapid Spin|[of] p1a: Great Tusk
|faint|p2a: Hitmontop
|
|-heal|p1a: Great Tusk|100/100|[from] item: Leftovers
|upkeep
|
|t:|1776043754
|switch|p2a: Rotom|Rotom-Wash|100/100
|turn|7
|
|t:|1776043762
|-end|p1a: Great Tusk|Protosynthesis|[silent]
|switch|p1a: Ogerpon|Ogerpon-Wellspring, F|100/100
|move|p2a: Rotom|Will-O-Wisp|p1a: Ogerpon
|-status|p1a: Ogerpon|brn
|
|-damage|p1a: Ogerpon|95/100 brn|[from] brn
|upkeep
|turn|8
|
|t:|1776043765
|move|p1a: Ogerpon|Encore|p2a: Rotom
|-start|p2a: Rotom|Encore
|move|p2a: Rotom|Will-O-Wisp|p1a: Ogerpon
|-fail|p1a: Ogerpon|brn
|
|-damage|p1a: Ogerpon|89/100 brn|[from] brn
|upkeep
|turn|9
|
|t:|1776043770
|switch|p2a: Gliscor|Gliscor, M|33/100 tox
|move|p1a: Ogerpon|Knock Off|p2a: Gliscor
|-damage|p2a: Gliscor|19/100 tox
|-enditem|p2a: Gliscor|Toxic Orb|[from] move: Knock Off|[of] p1a: Ogerpon
|
|-heal|p2a: Gliscor|32/100 tox|[from] ability: Poison Heal
|-damage|p1a: Ogerpon|83/100 brn|[from] brn
|upkeep
|turn|10
|
|t:|1776043774
|move|p1a: Ogerpon|Ivy Cudgel|p2a: Gliscor|[anim] Ivy Cudgel Water
|-supereffective|p2a: Gliscor
|-damage|p2a: Gliscor|0 fnt
|faint|p2a: Gliscor
|
|-damage|p1a: Ogerpon|77/100 brn|[from] brn
|upkeep
|
|t:|1776043778
|switch|p2a: Ninetales|Ninetales-Alola, F|100/100
|-weather|Snowscape|[from] ability: Snow Warning|[of] p2a: Ninetales
|turn|11
|
|t:|1776043785
|move|p2a: Ninetales|Aurora Veil|p2a: Ninetales
|-sidestart|p2: vrrbrbr1|move: Aurora Veil
|move|p1a: Ogerpon|Encore|p2a: Ninetales
|-start|p2a: Ninetales|Encore
|
|-weather|Snowscape|[upkeep]
|-damage|p1a: Ogerpon|71/100 brn|[from] brn
|upkeep
|turn|12
|
|t:|1776043791
|switch|p2a: Sandslash|Sandslash-Alola, F|100/100
|move|p1a: Ogerpon|Knock Off|p2a: Sandslash
|-damage|p2a: Sandslash|95/100
|-enditem|p2a: Sandslash|Loaded Dice|[from] move: Knock Off|[of] p1a: Ogerpon
|
|-weather|Snowscape|[upkeep]
|-damage|p1a: Ogerpon|65/100 brn|[from] brn
|upkeep
|turn|13
|
|t:|1776043796
|move|p2a: Sandslash|Swords Dance|p2a: Sandslash
|-boost|p2a: Sandslash|atk|2
|move|p1a: Ogerpon|U-turn|p2a: Sandslash
|-resisted|p2a: Sandslash
|-damage|p2a: Sandslash|93/100
|
|t:|1776043806
|switch|p1a: Garganacl|Garganacl, F|100/100|[from] U-turn
|
|-weather|Snowscape|[upkeep]
|upkeep
|turn|14
|
|t:|1776043812
|-terastallize|p1a: Garganacl|Dragon
|move|p2a: Sandslash|Iron Head|p1a: Garganacl
|-damage|p1a: Garganacl|52/100
|move|p1a: Garganacl|Salt Cure|p2a: Sandslash
|-damage|p2a: Sandslash|89/100
|-start|p2a: Sandslash|Salt Cure
|
|-weather|Snowscape|[upkeep]
|-heal|p1a: Garganacl|58/100|[from] item: Leftovers
|-damage|p2a: Sandslash|64/100|[from] Salt Cure
|upkeep
|turn|15
|
|t:|1776043816
|move|p1a: Garganacl|Protect|p1a: Garganacl
|-singleturn|p1a: Garganacl|Protect
|move|p2a: Sandslash|Icicle Spear|p1a: Garganacl
|-activate|p1a: Garganacl|move: Protect
|
|-weather|Snowscape|[upkeep]
|-heal|p1a: Garganacl|64/100|[from] item: Leftovers
|-damage|p2a: Sandslash|39/100|[from] Salt Cure
|-sideend|p2: vrrbrbr1|move: Aurora Veil
|upkeep
|turn|16
|
|t:|1776043821
|switch|p1a: Ogerpon|Ogerpon-Wellspring, F|65/100 brn
|move|p2a: Sandslash|Icicle Spear|p1a: Ogerpon
|-damage|p1a: Ogerpon|33/100 brn
|-damage|p1a: Ogerpon|4/100 brn
|-damage|p1a: Ogerpon|0 fnt
|faint|p1a: Ogerpon
|-hitcount|p1: Ogerpon|3
|
|-weather|Snowscape|[upkeep]
|-damage|p2a: Sandslash|15/100|[from] Salt Cure
|upkeep
|
|t:|1776043823
|switch|p1a: Garganacl|Garganacl, F, tera:Dragon|64/100
|turn|17
|
|t:|1776043825
|move|p1a: Garganacl|Protect|p1a: Garganacl
|-singleturn|p1a: Garganacl|Protect
|move|p2a: Sandslash|Icicle Spear|p1a: Garganacl
|-activate|p1a: Garganacl|move: Protect
|
|-weather|Snowscape|[upkeep]
|-heal|p1a: Garganacl|71/100|[from] item: Leftovers
|-damage|p2a: Sandslash|0 fnt|[from] Salt Cure
|faint|p2a: Sandslash
|upkeep
|
|t:|1776043837
|switch|p2a: Ninetales|Ninetales-Alola, F|100/100
|turn|18
|
|t:|1776043843
|move|p1a: Garganacl|Protect||[still]
|-fail|p1a: Garganacl
|move|p2a: Ninetales|Freeze-Dry|p1a: Garganacl
|-supereffective|p1a: Garganacl
|-damage|p1a: Garganacl|32/100
|
|-weather|none
|-heal|p1a: Garganacl|38/100|[from] item: Leftovers
|upkeep
|turn|19
|
|t:|1776043847
|switch|p1a: Gholdengo|Gholdengo|100/100
|move|p2a: Ninetales|Moonblast|p1a: Gholdengo
|-resisted|p1a: Gholdengo
|-damage|p1a: Gholdengo|84/100
|
|-heal|p1a: Gholdengo|90/100|[from] item: Leftovers
|upkeep
|turn|20
|
|t:|1776043854
|switch|p2a: Rotom|Rotom-Wash|100/100
|move|p1a: Gholdengo|Thunder Wave|p2a: Rotom
|-immune|p2a: Rotom
|
|-heal|p1a: Gholdengo|96/100|[from] item: Leftovers
|upkeep
|turn|21
|
|t:|1776043860
|move|p1a: Gholdengo|Nasty Plot|p1a: Gholdengo
|-boost|p1a: Gholdengo|spa|2
|move|p2a: Rotom|Hydro Pump|p1a: Gholdengo
|-damage|p1a: Gholdengo|55/100
|
|-heal|p1a: Gholdengo|61/100|[from] item: Leftovers
|upkeep
|turn|22
|
|t:|1776043864
|move|p1a: Gholdengo|Hex|p2a: Rotom
|-damage|p2a: Rotom|51/100
|move|p2a: Rotom|Hydro Pump|p1a: Gholdengo
|-damage|p1a: Gholdengo|22/100
|
|-heal|p1a: Gholdengo|28/100|[from] item: Leftovers
|upkeep
|turn|23
|
|t:|1776043869
|move|p1a: Gholdengo|Hex|p2a: Rotom
|-damage|p2a: Rotom|2/100
|-enditem|p2a: Rotom|Sitrus Berry|[eat]
|-heal|p2a: Rotom|27/100|[from] item: Sitrus Berry
|move|p2a: Rotom|Pain Split|p1a: Gholdengo
|-immune|p1a: Gholdengo|[from] ability: Good as Gold
|
|-heal|p1a: Gholdengo|34/100|[from] item: Leftovers
|upkeep
|turn|24
|
|t:|1776043876
|move|p1a: Gholdengo|Hex|p2a: Rotom
|-damage|p2a: Rotom|0 fnt
|faint|p2a: Rotom
|
|-heal|p1a: Gholdengo|40/100|[from] item: Leftovers
|upkeep
|
|t:|1776043877
|switch|p2a: Slowking|Slowking-Galar, M, shiny|100/100
|turn|25
|
|t:|1776043881
|-terastallize|p2a: Slowking|Poison
|move|p1a: Gholdengo|Thunder Wave|p2a: Slowking
|-status|p2a: Slowking|par
|move|p2a: Slowking|Flamethrower|p1a: Gholdengo
|-supereffective|p1a: Gholdengo
|-damage|p1a: Gholdengo|0 fnt
|faint|p1a: Gholdengo
|
|upkeep
|
|t:|1776043884
|switch|p1a: Great Tusk|Great Tusk|100/100
|turn|26
|
|t:|1776043890
|move|p1a: Great Tusk|Rapid Spin|p2a: Slowking
|-damage|p2a: Slowking|86/100 par
|-boost|p1a: Great Tusk|spe|1
|move|p2a: Slowking|Future Sight|p1a: Great Tusk
|-start|p2a: Slowking|move: Future Sight
|
|-heal|p2a: Slowking|92/100 par|[from] item: Black Sludge
|upkeep
|turn|27
|
|t:|1776043894
|move|p1a: Great Tusk|Headlong Rush|p2a: Slowking
|-supereffective|p2a: Slowking
|-damage|p2a: Slowking|0 fnt
|-unboost|p1a: Great Tusk|def|1
|-unboost|p1a: Great Tusk|spd|1
|faint|p2a: Slowking
|
|upkeep
|
|t:|1776043897
|switch|p2a: Ninetales|Ninetales-Alola, F|100/100
|-weather|Snowscape|[from] ability: Snow Warning|[of] p2a: Ninetales
|turn|28
|
|t:|1776043902
|move|p1a: Great Tusk|Headlong Rush|p2a: Ninetales
|-damage|p2a: Ninetales|42/100
|-unboost|p1a: Great Tusk|def|1
|-unboost|p1a: Great Tusk|spd|1
|move|p2a: Ninetales|Moonblast|p1a: Great Tusk
|-supereffective|p1a: Great Tusk
|-damage|p1a: Great Tusk|0 fnt
|faint|p1a: Great Tusk
|-end|p1a: Great Tusk|Protosynthesis|[silent]
|
|-weather|Snowscape|[upkeep]
|-hint|Future Sight did not hit because the target is fainted.
|upkeep
|
|t:|1776043905
|switch|p1a: Garganacl|Garganacl, F, tera:Dragon|38/100
|turn|29
|
|t:|1776043911
|move|p2a: Ninetales|Moonblast|p1a: Garganacl
|-supereffective|p1a: Garganacl
|-damage|p1a: Garganacl|0 fnt
|faint|p1a: Garganacl
|
|win|vrrbrbr1
|raw|jparmesan's rating: 1177 &rarr; <strong>1150</strong><br />(-27 for losing)
|raw|vrrbrbr1's rating: 1153 &rarr; <strong>1180</strong><br />(+27 for winning)
|l|☆jparmesan
|player|p1|
|l|☆vrrbrbr1
|player|p2|
|j|☆jparmesan
|player|p1|jparmesan|cheren-gen5bw2|
|l|☆jparmesan
|player|p1|
