|html|<div class="broadcast-blue"><strong>[Gen 9] OU is currently suspecting Tera Blast! For information on how to participate check out the <a href="https://www.smogon.com/tools/suspects/view/200">suspect thread</a>.</strong></div>
|j|☆xrr and
|j|☆ts kay
|t:|1776124421
|gametype|singles
|player|p1|xrr and|170|1382
|player|p2|ts kay|gardenia|1463
|gen|9
|tier|[Gen 9] OU
|rated|
|rule|HP Percentage Mod: HP is shown in percentages
|rule|Endless Battle Clause: Forcing endless battles is banned
|rule|Species Clause: Limit one of each Pokémon
|rule|OHKO Clause: OHKO moves are banned
|rule|Evasion Items Clause: Evasion items are banned
|rule|Evasion Moves Clause: Evasion moves are banned
|rule|Evasion Abilities Clause: Evasion abilities are banned
|rule|Sleep Moves Clause: Sleep-inducing moves are banned
|clearpoke
|poke|p1|Ogerpon-Wellspring, F|
|poke|p1|Pecharunt|
|poke|p1|Great Tusk|
|poke|p1|Iron Crown|
|poke|p1|Landorus-Therian, M|
|poke|p1|Samurott-Hisui, M|
|poke|p2|Slowking-Galar, F|
|poke|p2|Ting-Lu|
|poke|p2|Hydrapple, M|
|poke|p2|Corviknight, F|
|poke|p2|Cinderace, M|
|poke|p2|Dondozo, F|
|teampreview
|inactive|Battle timer is ON: inactive players will automatically lose when time's up. (requested by ts kay)
|
|t:|1776124444
|teamsize|p1|6
|teamsize|p2|6
|start
|switch|p1a: Landorus|Landorus-Therian, M|100/100
|switch|p2a: Hydrapple|Hydrapple, M|100/100
|-ability|p1a: Landorus|Intimidate|boost
|-unboost|p2a: Hydrapple|atk|1
|turn|1
|inactive|xrr and has 120 seconds left.
|
|t:|1776124497
|move|p1a: Landorus|U-turn|p2a: Hydrapple
|-supereffective|p2a: Hydrapple
|-damage|p2a: Hydrapple|63/100
|
|t:|1776124506
|switch|p1a: Iron Crown|Iron Crown|100/100|[from] U-turn
|move|p2a: Hydrapple|Fickle Beam|p1a: Iron Crown
|-resisted|p1a: Iron Crown
|-damage|p1a: Iron Crown|82/100
|
|-heal|p2a: Hydrapple|69/100|[from] item: Leftovers
|upkeep
|turn|2
|
|t:|1776124519
|switch|p2a: Slowking|Slowking-Galar, F|100/100
|move|p1a: Iron Crown|Tachyon Cutter|p2a: Slowking
|-damage|p2a: Slowking|74/100
|-damage|p2a: Slowking|46/100
|-hitcount|p2a: Slowking|2
|
|-heal|p2a: Slowking|52/100|[from] item: Black Sludge
|upkeep
|turn|3
|
|t:|1776124528
|move|p1a: Iron Crown|Tachyon Cutter|p2a: Slowking
|-damage|p2a: Slowking|26/100
|-damage|p2a: Slowking|0 fnt
|faint|p2a: Slowking
|-hitcount|p2: Slowking|2
|
|upkeep
|
|t:|1776124536
|switch|p2a: Cinderace|Cinderace, M|100/100
|turn|4
|inactive|xrr and has 120 seconds left.
|
|t:|1776124544
|-end|p1a: Iron Crown|Quark Drive|[silent]
|switch|p1a: Pecharunt|Pecharunt|100/100
|move|p2a: Cinderace|Will-O-Wisp|p1a: Pecharunt
|-status|p1a: Pecharunt|brn
|
|-damage|p1a: Pecharunt|94/100 brn|[from] brn
|upkeep
|turn|5
|
|t:|1776124552
|move|p2a: Cinderace|U-turn|p1a: Pecharunt
|-resisted|p1a: Pecharunt
|-damage|p1a: Pecharunt|92/100 brn
|-damage|p2a: Cinderace|84/100|[from] item: Rocky Helmet|[of] p1a: Pecharunt
|l|☆ts kay
|inactive|ts kay disconnected and has a minute to reconnect!
|player|p2|
|j|☆ts kay
|inactive|ts kay reconnected and has 135 seconds left.
|player|p2|ts kay|gardenia|
|
|t:|1776124578
|switch|p2a: Ting-Lu|Ting-Lu|100/100|[from] U-turn
|-ability|p2a: Ting-Lu|Vessel of Ruin
|move|p1a: Pecharunt|Parting Shot|p2a: Ting-Lu
|-unboost|p2a: Ting-Lu|atk|1
|-unboost|p2a: Ting-Lu|spa|1
|
|t:|1776124590
|switch|p1a: Ogerpon|Ogerpon-Wellspring, F|100/100|[from] Parting Shot
|
|upkeep
|turn|6
|
|t:|1776124606
|switch|p2a: Hydrapple|Hydrapple, M|100/100
|move|p1a: Ogerpon|Ivy Cudgel|p2a: Hydrapple|[anim] Ivy Cudgel Water
|-resisted|p2a: Hydrapple
|-damage|p2a: Hydrapple|93/100
|
|-heal|p2a: Hydrapple|99/100|[from] item: Leftovers
|upkeep
|turn|7
|
|t:|1776124613
|switch|p1a: Iron Crown|Iron Crown|82/100
|move|p2a: Hydrapple|Fickle Beam|p1a: Iron Crown
|-resisted|p1a: Iron Crown
|-damage|p1a: Iron Crown|64/100
|
|-heal|p2a: Hydrapple|100/100|[from] item: Leftovers
|upkeep
|turn|8
|
|t:|1776124618
|switch|p2a: Ting-Lu|Ting-Lu|100/100
|-ability|p2a: Ting-Lu|Vessel of Ruin
|move|p1a: Iron Crown|Tachyon Cutter|p2a: Ting-Lu
|-damage|p2a: Ting-Lu|83/100
|-damage|p2a: Ting-Lu|69/100
|-hitcount|p2a: Ting-Lu|2
|
|-heal|p2a: Ting-Lu|75/100|[from] item: Leftovers
|upkeep
|turn|9
|
|t:|1776124627
|-end|p1a: Iron Crown|Quark Drive|[silent]
|switch|p1a: Pecharunt|Pecharunt|92/100 brn
|switch|p2a: Hydrapple|Hydrapple, M|100/100
|
|-damage|p1a: Pecharunt|86/100 brn|[from] brn
|upkeep
|turn|10
|
|t:|1776124638
|switch|p2a: Corviknight|Corviknight, F, shiny|100/100
|-ability|p2a: Corviknight|Pressure
|move|p1a: Pecharunt|Malignant Chain|p2a: Corviknight
|-immune|p2a: Corviknight
|
|-damage|p1a: Pecharunt|80/100 brn|[from] brn
|upkeep
|turn|11
|
|t:|1776124646
|move|p1a: Pecharunt|Parting Shot|p2a: Corviknight
|-unboost|p2a: Corviknight|atk|1
|-unboost|p2a: Corviknight|spa|1
|
|t:|1776124654
|switch|p1a: Landorus|Landorus-Therian, M|100/100|[from] Parting Shot
|-ability|p1a: Landorus|Intimidate|boost
|-unboost|p2a: Corviknight|atk|1
|move|p2a: Corviknight|Body Press|p1a: Landorus
|-resisted|p1a: Landorus
|-damage|p1a: Landorus|85/100
|
|upkeep
|turn|12
|
|t:|1776124663
|switch|p1a: Pecharunt|Pecharunt|80/100 brn
|switch|p2a: Hydrapple|Hydrapple, M|100/100
|
|-damage|p1a: Pecharunt|74/100 brn|[from] brn
|upkeep
|turn|13
|
|t:|1776124672
|switch|p2a: Corviknight|Corviknight, F, shiny|100/100
|-ability|p2a: Corviknight|Pressure
|move|p1a: Pecharunt|Malignant Chain|p2a: Corviknight
|-immune|p2a: Corviknight
|
|-damage|p1a: Pecharunt|68/100 brn|[from] brn
|upkeep
|turn|14
|
|t:|1776124675
|move|p1a: Pecharunt|Recover|p1a: Pecharunt
|-heal|p1a: Pecharunt|100/100 brn
|move|p2a: Corviknight|Body Press|p1a: Pecharunt
|-immune|p1a: Pecharunt
|
|-damage|p1a: Pecharunt|94/100 brn|[from] brn
|upkeep
|turn|15
|
|t:|1776124679
|move|p1a: Pecharunt|Parting Shot|p2a: Corviknight
|-unboost|p2a: Corviknight|atk|1
|-unboost|p2a: Corviknight|spa|1
|
|t:|1776124686
|switch|p1a: Landorus|Landorus-Therian, M|85/100|[from] Parting Shot
|-ability|p1a: Landorus|Intimidate|boost
|-unboost|p2a: Corviknight|atk|1
|move|p2a: Corviknight|Body Press|p1a: Landorus
|-resisted|p1a: Landorus
|-damage|p1a: Landorus|70/100
|
|upkeep
|turn|16
|
|t:|1776124691
|switch|p2a: Hydrapple|Hydrapple, M|100/100
|move|p1a: Landorus|U-turn|p2a: Hydrapple
|-supereffective|p2a: Hydrapple
|-damage|p2a: Hydrapple|67/100
|
|t:|1776124694
|switch|p1a: Iron Crown|Iron Crown|64/100|[from] U-turn
|
|-heal|p2a: Hydrapple|73/100|[from] item: Leftovers
|upkeep
|turn|17
|
|t:|1776124698
|switch|p2a: Ting-Lu|Ting-Lu|75/100
|-ability|p2a: Ting-Lu|Vessel of Ruin
|-terastallize|p1a: Iron Crown|Steel
|move|p1a: Iron Crown|Tachyon Cutter|p2a: Ting-Lu
|-damage|p2a: Ting-Lu|54/100
|-crit|p2a: Ting-Lu
|-damage|p2a: Ting-Lu|21/100
|-hitcount|p2a: Ting-Lu|2
|
|-heal|p2a: Ting-Lu|28/100|[from] item: Leftovers
|upkeep
|turn|18
|
|t:|1776124722
|switch|p2a: Corviknight|Corviknight, F, shiny|100/100
|-ability|p2a: Corviknight|Pressure
|move|p1a: Iron Crown|Tachyon Cutter|p2a: Corviknight
|-resisted|p2a: Corviknight
|-damage|p2a: Corviknight|75/100
|-resisted|p2a: Corviknight
|-damage|p2a: Corviknight|52/100
|-hitcount|p2a: Corviknight|2
|
|upkeep
|turn|19
|
|t:|1776124734
|move|p1a: Iron Crown|Tachyon Cutter|p2a: Corviknight
|-resisted|p2a: Corviknight
|-damage|p2a: Corviknight|30/100
|-resisted|p2a: Corviknight
|-damage|p2a: Corviknight|3/100
|-hitcount|p2a: Corviknight|2
|move|p2a: Corviknight|Roost|p2a: Corviknight
|-heal|p2a: Corviknight|53/100
|-singleturn|p2a: Corviknight|move: Roost
|
|upkeep
|turn|20
|
|t:|1776124742
|move|p1a: Iron Crown|Tachyon Cutter|p2a: Corviknight
|-resisted|p2a: Corviknight
|-damage|p2a: Corviknight|28/100
|-resisted|p2a: Corviknight
|-damage|p2a: Corviknight|2/100
|-hitcount|p2a: Corviknight|2
|move|p2a: Corviknight|Roost|p2a: Corviknight
|-heal|p2a: Corviknight|52/100
|-singleturn|p2a: Corviknight|move: Roost
|
|upkeep
|turn|21
|
|t:|1776124752
|move|p1a: Iron Crown|Tachyon Cutter|p2a: Corviknight
|-resisted|p2a: Corviknight
|-damage|p2a: Corviknight|27/100
|-resisted|p2a: Corviknight
|-damage|p2a: Corviknight|3/100
|-hitcount|p2a: Corviknight|2
|move|p2a: Corviknight|Roost|p2a: Corviknight
|-heal|p2a: Corviknight|53/100
|-singleturn|p2a: Corviknight|move: Roost
|
|upkeep
|turn|22
|
|t:|1776124765
|switch|p2a: Cinderace|Cinderace, M|84/100
|move|p1a: Iron Crown|Tachyon Cutter|p2a: Cinderace
|-resisted|p2a: Cinderace
|-damage|p2a: Cinderace|54/100
|-resisted|p2a: Cinderace
|-damage|p2a: Cinderace|21/100
|-hitcount|p2a: Cinderace|2
|
|upkeep
|turn|23
|
|t:|1776124773
|switch|p2a: Corviknight|Corviknight, F, shiny|53/100
|-ability|p2a: Corviknight|Pressure
|-end|p1a: Iron Crown|Quark Drive|[silent]
|switch|p1a: Pecharunt|Pecharunt|94/100 brn
|
|-damage|p1a: Pecharunt|88/100 brn|[from] brn
|upkeep
|turn|24
|
|t:|1776124779
|move|p1a: Pecharunt|Parting Shot|p2a: Corviknight
|-unboost|p2a: Corviknight|atk|1
|-unboost|p2a: Corviknight|spa|1
|
|t:|1776124782
|switch|p1a: Iron Crown|Iron Crown, tera:Steel|64/100|[from] Parting Shot
|move|p2a: Corviknight|Roost|p2a: Corviknight
|-heal|p2a: Corviknight|100/100
|-singleturn|p2a: Corviknight|move: Roost
|
|upkeep
|turn|25
|
|t:|1776124787
|switch|p2a: Ting-Lu|Ting-Lu|28/100
|-ability|p2a: Ting-Lu|Vessel of Ruin
|move|p1a: Iron Crown|Volt Switch|p2a: Ting-Lu
|-immune|p2a: Ting-Lu
|
|-heal|p2a: Ting-Lu|34/100|[from] item: Leftovers
|upkeep
|turn|26
|
|t:|1776124794
|-end|p1a: Iron Crown|Quark Drive|[silent]
|switch|p1a: Landorus|Landorus-Therian, M|70/100
|-ability|p1a: Landorus|Intimidate|boost
|-unboost|p2a: Ting-Lu|atk|1
|move|p2a: Ting-Lu|Rest|p2a: Ting-Lu
|-status|p2a: Ting-Lu|slp|[from] move: Rest
|-heal|p2a: Ting-Lu|100/100 slp|[silent]
|
|upkeep
|turn|27
|
|t:|1776124798
|switch|p2a: Corviknight|Corviknight, F, shiny|100/100
|-ability|p2a: Corviknight|Pressure
|move|p1a: Landorus|U-turn|p2a: Corviknight
|-resisted|p2a: Corviknight
|-damage|p2a: Corviknight|96/100
|-damage|p1a: Landorus|53/100|[from] item: Rocky Helmet|[of] p2a: Corviknight
|
|t:|1776124801
|switch|p1a: Iron Crown|Iron Crown, tera:Steel|64/100|[from] U-turn
|
|upkeep
|turn|28
|
|t:|1776124803
|switch|p2a: Ting-Lu|Ting-Lu|100/100 slp
|-ability|p2a: Ting-Lu|Vessel of Ruin
|move|p1a: Iron Crown|Volt Switch|p2a: Ting-Lu
|-immune|p2a: Ting-Lu
|
|upkeep
|turn|29
|
|t:|1776124806
|-end|p1a: Iron Crown|Quark Drive|[silent]
|switch|p1a: Ogerpon|Ogerpon-Wellspring, F|100/100
|cant|p2a: Ting-Lu|slp
|move|p2a: Ting-Lu|Sleep Talk|p2a: Ting-Lu
|move|p2a: Ting-Lu|Payback|p1a: Ogerpon|[from] move: Sleep Talk
|-damage|p1a: Ogerpon|83/100
|
|upkeep
|turn|30
|
|t:|1776124811
|switch|p2a: Hydrapple|Hydrapple, M|100/100
|move|p1a: Ogerpon|Swords Dance|p1a: Ogerpon
|-boost|p1a: Ogerpon|atk|2
|
|upkeep
|turn|31
|
|t:|1776124819
|switch|p1a: Pecharunt|Pecharunt|88/100 brn
|move|p2a: Hydrapple|Fickle Beam|p1a: Pecharunt
|-damage|p1a: Pecharunt|54/100 brn
|
|-damage|p1a: Pecharunt|48/100 brn|[from] brn
|upkeep
|turn|32
|
|t:|1776124827
|move|p1a: Pecharunt|Recover|p1a: Pecharunt
|-heal|p1a: Pecharunt|98/100 brn
|move|p2a: Hydrapple|Fickle Beam|p1a: Pecharunt|[anim] Fickle Beam All Out
|-activate|p2a: Hydrapple|move: Fickle Beam
|-damage|p1a: Pecharunt|24/100 brn
|
|-damage|p1a: Pecharunt|18/100 brn|[from] brn
|upkeep
|turn|33
|
|t:|1776124853
|-terastallize|p2a: Hydrapple|Steel
|move|p1a: Pecharunt|Malignant Chain|p2a: Hydrapple
|-immune|p2a: Hydrapple
|move|p2a: Hydrapple|Fickle Beam|p1a: Pecharunt|[anim] Fickle Beam All Out
|-activate|p2a: Hydrapple|move: Fickle Beam
|-damage|p1a: Pecharunt|0 fnt
|faint|p1a: Pecharunt
|
|upkeep
|
|t:|1776124859
|switch|p1a: Landorus|Landorus-Therian, M|53/100
|-ability|p1a: Landorus|Intimidate|boost
|-unboost|p2a: Hydrapple|atk|1
|turn|34
|
|t:|1776124869
|switch|p1a: Iron Crown|Iron Crown, tera:Steel|64/100
|switch|p2a: Corviknight|Corviknight, F, shiny|96/100
|-ability|p2a: Corviknight|Pressure
|
|upkeep
|turn|35
|
|t:|1776124873
|switch|p2a: Ting-Lu|Ting-Lu|100/100 slp
|-ability|p2a: Ting-Lu|Vessel of Ruin
|move|p1a: Iron Crown|Focus Blast|p2a: Ting-Lu
|-supereffective|p2a: Ting-Lu
|-damage|p2a: Ting-Lu|51/100 slp
|
|-heal|p2a: Ting-Lu|57/100 slp|[from] item: Leftovers
|upkeep
|turn|36
|
|t:|1776124880
|move|p1a: Iron Crown|Focus Blast|p2a: Ting-Lu
|-supereffective|p2a: Ting-Lu
|-damage|p2a: Ting-Lu|8/100 slp
|cant|p2a: Ting-Lu|slp
|move|p2a: Ting-Lu|Sleep Talk|p2a: Ting-Lu
|move|p2a: Ting-Lu|Rest||[from] move: Sleep Talk|[still]
|-fail|p2a: Ting-Lu
|
|-heal|p2a: Ting-Lu|15/100 slp|[from] item: Leftovers
|upkeep
|turn|37
|
|t:|1776124889
|move|p1a: Iron Crown|Focus Blast|p2a: Ting-Lu
|-supereffective|p2a: Ting-Lu
|-crit|p2a: Ting-Lu
|-damage|p2a: Ting-Lu|0 fnt
|faint|p2a: Ting-Lu
|
|upkeep
|
|t:|1776124892
|switch|p2a: Cinderace|Cinderace, M|21/100
|turn|38
|
|t:|1776124897
|-end|p1a: Iron Crown|Quark Drive|[silent]
|switch|p1a: Samurott|Samurott-Hisui, M|100/100
|move|p2a: Cinderace|U-turn|p1a: Samurott
|-supereffective|p1a: Samurott
|-damage|p1a: Samurott|54/100
|
|t:|1776124902
|switch|p2a: Corviknight|Corviknight, F, shiny|96/100|[from] U-turn
|-ability|p2a: Corviknight|Pressure
|
|upkeep
|turn|39
|
|t:|1776124922
|switch|p1a: Ogerpon|Ogerpon-Wellspring, F|83/100
|move|p2a: Corviknight|Iron Defense|p2a: Corviknight
|-boost|p2a: Corviknight|def|2
|
|upkeep
|turn|40
|
|t:|1776124932
|move|p1a: Ogerpon|Ivy Cudgel|p2a: Corviknight|[anim] Ivy Cudgel Water
|-damage|p2a: Corviknight|80/100
|move|p2a: Corviknight|Body Press|p1a: Ogerpon
|-damage|p1a: Ogerpon|38/100
|
|upkeep
|turn|41
|
|t:|1776124935
|move|p1a: Ogerpon|Ivy Cudgel|p2a: Corviknight|[anim] Ivy Cudgel Water
|-damage|p2a: Corviknight|64/100
|move|p2a: Corviknight|Body Press|p1a: Ogerpon
|-damage|p1a: Ogerpon|0 fnt
|faint|p1a: Ogerpon
|
|upkeep
|
|t:|1776124938
|switch|p1a: Iron Crown|Iron Crown, tera:Steel|64/100
|turn|42
|
|t:|1776124954
|switch|p2a: Dondozo|Dondozo, F|100/100
|move|p1a: Iron Crown|Volt Switch|p2a: Dondozo
|-supereffective|p2a: Dondozo
|-damage|p2a: Dondozo|58/100
|
|t:|1776124964
|-end|p1a: Iron Crown|Quark Drive|[silent]
|switch|p1a: Landorus|Landorus-Therian, M|53/100|[from] Volt Switch
|-ability|p1a: Landorus|Intimidate|boost
|-unboost|p2a: Dondozo|atk|1
|
|-heal|p2a: Dondozo|64/100|[from] item: Leftovers
|upkeep
|turn|43
|
|t:|1776124968
|move|p1a: Landorus|U-turn|p2a: Dondozo
|-damage|p2a: Dondozo|46/100
|
|t:|1776124970
|switch|p1a: Iron Crown|Iron Crown, tera:Steel|64/100|[from] U-turn
|move|p2a: Dondozo|Liquidation|p1a: Iron Crown
|-damage|p1a: Iron Crown|44/100
|
|-heal|p2a: Dondozo|52/100|[from] item: Leftovers
|upkeep
|turn|44
|
|t:|1776124975
|move|p1a: Iron Crown|Volt Switch|p2a: Dondozo
|-supereffective|p2a: Dondozo
|-damage|p2a: Dondozo|8/100
|
|t:|1776124978
|-end|p1a: Iron Crown|Quark Drive|[silent]
|switch|p1a: Landorus|Landorus-Therian, M|53/100|[from] Volt Switch
|-ability|p1a: Landorus|Intimidate|boost
|-unboost|p2a: Dondozo|atk|1
|move|p2a: Dondozo|Rest|p2a: Dondozo
|-status|p2a: Dondozo|slp|[from] move: Rest
|-heal|p2a: Dondozo|100/100 slp|[silent]
|
|upkeep
|turn|45
|
|t:|1776124980
|move|p1a: Landorus|U-turn|p2a: Dondozo
|-damage|p2a: Dondozo|82/100 slp
|
|t:|1776124982
|switch|p1a: Iron Crown|Iron Crown, tera:Steel|44/100|[from] U-turn
|cant|p2a: Dondozo|slp
|move|p2a: Dondozo|Sleep Talk|p2a: Dondozo
|move|p2a: Dondozo|Liquidation|p1a: Iron Crown|[from] move: Sleep Talk
|-damage|p1a: Iron Crown|28/100
|
|-heal|p2a: Dondozo|88/100 slp|[from] item: Leftovers
|upkeep
|turn|46
|
|t:|1776124986
|move|p1a: Iron Crown|Volt Switch|p2a: Dondozo
|-supereffective|p2a: Dondozo
|-damage|p2a: Dondozo|44/100 slp
|
|t:|1776124989
|-end|p1a: Iron Crown|Quark Drive|[silent]
|switch|p1a: Samurott|Samurott-Hisui, M|54/100|[from] Volt Switch
|cant|p2a: Dondozo|slp
|move|p2a: Dondozo|Sleep Talk|p2a: Dondozo
|move|p2a: Dondozo|Curse|p2a: Dondozo|[from] move: Sleep Talk
|-unboost|p2a: Dondozo|spe|1
|-boost|p2a: Dondozo|atk|1
|-boost|p2a: Dondozo|def|1
|
|-heal|p2a: Dondozo|50/100 slp|[from] item: Leftovers
|upkeep
|turn|47
|
|t:|1776124995
|move|p1a: Samurott|Flip Turn|p2a: Dondozo
|-resisted|p2a: Dondozo
|-damage|p2a: Dondozo|45/100 slp
|
|t:|1776124997
|switch|p1a: Iron Crown|Iron Crown, tera:Steel|28/100|[from] Flip Turn
|-curestatus|p2a: Dondozo|slp|[msg]
|move|p2a: Dondozo|Rest|p2a: Dondozo
|-status|p2a: Dondozo|slp|[from] move: Rest
|-heal|p2a: Dondozo|100/100 slp|[silent]
|
|upkeep
|turn|48
|
|t:|1776125009
|move|p1a: Iron Crown|Focus Blast|p2a: Dondozo
|-damage|p2a: Dondozo|63/100 slp
|-unboost|p2a: Dondozo|spd|1
|cant|p2a: Dondozo|slp
|move|p2a: Dondozo|Sleep Talk|p2a: Dondozo
|move|p2a: Dondozo|Rest||[from] move: Sleep Talk|[still]
|-fail|p2a: Dondozo
|
|-heal|p2a: Dondozo|69/100 slp|[from] item: Leftovers
|upkeep
|turn|49
|
|t:|1776125018
|move|p1a: Iron Crown|Focus Blast|p2a: Dondozo
|-damage|p2a: Dondozo|9/100 slp
|cant|p2a: Dondozo|slp
|move|p2a: Dondozo|Sleep Talk|p2a: Dondozo
|move|p2a: Dondozo|Rest||[from] move: Sleep Talk|[still]
|-fail|p2a: Dondozo
|
|-heal|p2a: Dondozo|15/100 slp|[from] item: Leftovers
|upkeep
|turn|50
|
|t:|1776125026
|move|p1a: Iron Crown|Focus Blast|p2a: Dondozo|[miss]
|-miss|p1a: Iron Crown|p2a: Dondozo
|-curestatus|p2a: Dondozo|slp|[msg]
|move|p2a: Dondozo|Liquidation|p1a: Iron Crown
|-damage|p1a: Iron Crown|9/100
|
|-heal|p2a: Dondozo|21/100|[from] item: Leftovers
|upkeep
|turn|51
|
|t:|1776125031
|move|p1a: Iron Crown|Focus Blast|p2a: Dondozo
|-damage|p2a: Dondozo|0 fnt
|faint|p2a: Dondozo
|
|upkeep
|
|t:|1776125036
|switch|p2a: Cinderace|Cinderace, M|21/100
|turn|52
|
|t:|1776125044
|-end|p1a: Iron Crown|Quark Drive|[silent]
|switch|p1a: Samurott|Samurott-Hisui, M|54/100
|move|p2a: Cinderace|U-turn|p1a: Samurott
|-supereffective|p1a: Samurott
|-damage|p1a: Samurott|5/100
|
|t:|1776125054
|switch|p2a: Hydrapple|Hydrapple, M, tera:Steel|100/100|[from] U-turn
|
|upkeep
|turn|53
|
|t:|1776125057
|move|p1a: Samurott|Ceaseless Edge|p2a: Hydrapple
|-damage|p2a: Hydrapple|73/100
|-sidestart|p2: ts kay|Spikes
|move|p2a: Hydrapple|Giga Drain|p1a: Samurott
|-supereffective|p1a: Samurott
|-damage|p1a: Samurott|0 fnt
|-heal|p2a: Hydrapple|75/100|[from] drain|[of] p1a: Samurott
|faint|p1a: Samurott
|
|-heal|p2a: Hydrapple|81/100|[from] item: Leftovers
|upkeep
|
|t:|1776125068
|switch|p1a: Iron Crown|Iron Crown, tera:Steel|9/100
|turn|54
|
|t:|1776125072
|move|p1a: Iron Crown|Focus Blast|p2a: Hydrapple
|-supereffective|p2a: Hydrapple
|-damage|p2a: Hydrapple|0 fnt
|faint|p2a: Hydrapple
|
|upkeep
|
|t:|1776125082
|switch|p2a: Cinderace|Cinderace, M|21/100
|turn|55
|
|t:|1776125085
|-end|p1a: Iron Crown|Quark Drive|[silent]
|switch|p1a: Landorus|Landorus-Therian, M|53/100
|-ability|p1a: Landorus|Intimidate|boost
|-unboost|p2a: Cinderace|atk|1
|move|p2a: Cinderace|Pyro Ball|p1a: Landorus|[miss]
|-miss|p2a: Cinderace|p1a: Landorus
|
|upkeep
|turn|56
|
|t:|1776125091
|switch|p2a: Corviknight|Corviknight, F, shiny|64/100
|-ability|p2a: Corviknight|Pressure
|move|p1a: Landorus|Stone Edge|p2a: Corviknight
|-damage|p2a: Corviknight|37/100
|
|upkeep
|turn|57
|
|t:|1776125098
|switch|p1a: Iron Crown|Iron Crown, tera:Steel|9/100
|move|p2a: Corviknight|Roost|p2a: Corviknight
|-heal|p2a: Corviknight|87/100
|-singleturn|p2a: Corviknight|move: Roost
|
|upkeep
|turn|58
|
|t:|1776125104
|move|p1a: Iron Crown|Volt Switch|p2a: Corviknight
|-supereffective|p2a: Corviknight
|-damage|p2a: Corviknight|23/100
|
|t:|1776125107
|-end|p1a: Iron Crown|Quark Drive|[silent]
|switch|p1a: Landorus|Landorus-Therian, M|53/100|[from] Volt Switch
|-ability|p1a: Landorus|Intimidate|boost
|-unboost|p2a: Corviknight|atk|1
|move|p2a: Corviknight|Body Press|p1a: Landorus
|-resisted|p1a: Landorus
|-damage|p1a: Landorus|37/100
|
|upkeep
|turn|59
|
|t:|1776125113
|move|p1a: Landorus|Stone Edge|p2a: Corviknight
|-damage|p2a: Corviknight|0 fnt
|faint|p2a: Corviknight
|
|upkeep
|
|t:|1776125115
|switch|p2a: Cinderace|Cinderace, M|21/100
|turn|60
|
|t:|1776125119
|switch|p1a: Iron Crown|Iron Crown, tera:Steel|9/100
|move|p2a: Cinderace|Pyro Ball|p1a: Iron Crown
|-supereffective|p1a: Iron Crown
|-damage|p1a: Iron Crown|0 fnt
|faint|p1a: Iron Crown
|-end|p1a: Iron Crown|Quark Drive|[silent]
|
|upkeep
|
|t:|1776125121
|switch|p1a: Landorus|Landorus-Therian, M|37/100
|-ability|p1a: Landorus|Intimidate|boost
|-unboost|p2a: Cinderace|atk|1
|turn|61
|
|t:|1776125123
|move|p1a: Landorus|Earthquake|p2a: Cinderace
|-supereffective|p2a: Cinderace
|-damage|p2a: Cinderace|0 fnt
|faint|p2a: Cinderace
|
|win|xrr and
|raw|xrr and's rating: 1382 &rarr; <strong>1407</strong><br />(+25 for winning)
|raw|ts kay's rating: 1463 &rarr; <strong>1438</strong><br />(-25 for losing)
|l|☆ts kay
|player|p2|
