|html|<div class="broadcast-blue"><strong>[Gen 9] OU is currently suspecting Tera Blast! For information on how to participate check out the <a href="https://www.smogon.com/tools/suspects/view/200">suspect thread</a>.</strong></div>
|j|☆Mouu'D
|j|☆P0pie
|t:|1776107499
|gametype|singles
|player|p1|Mouu'D|youngster-gen4dp|1281
|player|p2|P0pie|101|1332
|gen|9
|tier|[Gen 9] OU
|rated|
|rule|HP Percentage Mod: HP is shown in percentages
|rule|Endless Battle Clause: Forcing endless battles is banned
|rule|Species Clause: Limit one of each Pokémon
|rule|OHKO Clause: OHKO moves are banned
|rule|Evasion Items Clause: Evasion items are banned
|rule|Evasion Moves Clause: Evasion moves are banned
|rule|Evasion Abilities Clause: Evasion abilities are banned
|rule|Sleep Moves Clause: Sleep-inducing moves are banned
|clearpoke
|poke|p1|Deoxys-Defense|
|poke|p1|Diancie|
|poke|p1|Glastrier|
|poke|p1|Ursaluna, M|
|poke|p1|Exeggutor-Alola, F|
|poke|p1|Conkeldurr, M|
|poke|p2|Rillaboom, M|
|poke|p2|Hawlucha, F|
|poke|p2|Thundurus, M|
|poke|p2|Glimmora, M|
|poke|p2|Heatran, M|
|poke|p2|Great Tusk|
|teampreview
|l|☆Mouu'D
|player|p1|
|inactive|Battle timer is ON: inactive players will automatically lose when time's up. (requested by P0pie)
|j|☆Mouu'D
|inactive|Mouu'D reconnected and has 125 seconds left.
|player|p1|Mouu'D|youngster-gen4dp|
|inactive|Mouu'D has 120 seconds left.
|inactive|Mouu'D has 90 seconds left.
|
|t:|1776107562
|teamsize|p1|6
|teamsize|p2|6
|start
|switch|p1a: Joz|Diancie|100/100
|switch|p2a: Rillaboom|Rillaboom, M, shiny|100/100
|-fieldstart|move: Grassy Terrain|[from] ability: Grassy Surge|[of] p2a: Rillaboom
|turn|1
|
|t:|1776107588
|move|p2a: Rillaboom|Wood Hammer|p1a: Joz
|-supereffective|p1a: Joz
|-enditem|p1a: Joz|Focus Sash
|-damage|p1a: Joz|1/100
|-damage|p2a: Rillaboom|71/100|[from] Recoil
|move|p1a: Joz|Endeavor|p2a: Rillaboom
|-damage|p2a: Rillaboom|1/100
|
|-heal|p2a: Rillaboom|7/100|[from] Grassy Terrain
|-heal|p1a: Joz|7/100|[from] Grassy Terrain
|upkeep
|turn|2
|
|t:|1776107600
|switch|p2a: Glimmora|Glimmora, M|100/100
|move|p1a: Joz|Trick Room|p1a: Joz
|-fieldstart|move: Trick Room|[of] p1a: Joz
|
|-heal|p1a: Joz|13/100|[from] Grassy Terrain
|upkeep
|turn|3
|
|t:|1776107606
|move|p1a: Joz|Earth Power|p2a: Glimmora
|-supereffective|p2a: Glimmora
|-enditem|p2a: Glimmora|Focus Sash
|-damage|p2a: Glimmora|1/100
|move|p2a: Glimmora|Stealth Rock|p1a: Joz
|-sidestart|p1: Mouu'D|move: Stealth Rock
|
|-heal|p1a: Joz|20/100|[from] Grassy Terrain
|-heal|p2a: Glimmora|7/100|[from] Grassy Terrain
|upkeep
|turn|4
|
|t:|1776107618
|move|p1a: Joz|Moonblast|p2a: Glimmora
|-resisted|p2a: Glimmora
|-damage|p2a: Glimmora|0 fnt
|faint|p2a: Glimmora
|
|-heal|p1a: Joz|26/100|[from] Grassy Terrain
|upkeep
|
|t:|1776107633
|switch|p2a: Thundurus|Thundurus, M, shiny|100/100
|turn|5
|
|t:|1776107641
|move|p1a: Joz|Endeavor|p2a: Thundurus
|-damage|p2a: Thundurus|26/100
|move|p2a: Thundurus|Grass Knot|p1a: Joz
|-supereffective|p1a: Joz
|-damage|p1a: Joz|13/100
|
|-heal|p1a: Joz|20/100|[from] Grassy Terrain
|-fieldend|move: Grassy Terrain
|upkeep
|turn|6
|c|☆P0pie|;-;
|
|t:|1776107655
|move|p1a: Joz|Moonblast|p2a: Thundurus
|-damage|p2a: Thundurus|0 fnt
|faint|p2a: Thundurus
|
|-fieldend|move: Trick Room
|upkeep
|
|t:|1776107662
|switch|p2a: Rillaboom|Rillaboom, M, shiny|7/100
|-fieldstart|move: Grassy Terrain|[from] ability: Grassy Surge|[of] p2a: Rillaboom
|turn|7
|
|t:|1776107669
|move|p2a: Rillaboom|Grassy Glide|p1a: Joz
|-supereffective|p1a: Joz
|-damage|p1a: Joz|0 fnt
|faint|p1a: Joz
|
|-heal|p2a: Rillaboom|13/100|[from] Grassy Terrain
|upkeep
|
|t:|1776107679
|switch|p1a: Sodom|Exeggutor-Alola, F, shiny|100/100
|-damage|p1a: Sodom|88/100|[from] Stealth Rock
|turn|8
|
|t:|1776107691
|switch|p2a: Heatran|Heatran, M|100/100
|move|p1a: Sodom|Trick Room|p1a: Sodom
|-fieldstart|move: Trick Room|[of] p1a: Sodom
|
|-heal|p1a: Sodom|94/100|[from] Grassy Terrain
|upkeep
|turn|9
|
|t:|1776107702
|switch|p1a: Stronger|Glastrier|100/100
|-damage|p1a: Stronger|76/100|[from] Stealth Rock
|move|p2a: Heatran|Magma Storm|p1a: Stronger
|-supereffective|p1a: Stronger
|-damage|p1a: Stronger|33/100
|-activate|p1a: Stronger|move: Magma Storm|[of] p2a: Heatran
|
|-heal|p1a: Stronger|39/100|[from] Grassy Terrain
|-damage|p1a: Stronger|26/100|[from] move: Magma Storm|[partiallytrapped]
|upkeep
|turn|10
|
|t:|1776107714
|move|p1a: Stronger|Stomping Tantrum|p2a: Heatran
|-supereffective|p2a: Heatran
|-damage|p2a: Heatran|0 fnt
|faint|p2a: Heatran
|-ability|p1a: Stronger|Chilling Neigh|boost
|-boost|p1a: Stronger|atk|1
|
|-heal|p1a: Stronger|33/100|[from] Grassy Terrain
|-end|p1a: Stronger|Magma Storm|[partiallytrapped]|[silent]
|upkeep
|
|t:|1776107719
|switch|p2a: Great Tusk|Great Tusk|100/100
|-enditem|p2a: Great Tusk|Booster Energy
|-activate|p2a: Great Tusk|ability: Protosynthesis|[fromitem]
|-start|p2a: Great Tusk|protosynthesisspe
|turn|11
|
|t:|1776107727
|move|p1a: Stronger|Zen Headbutt|p2a: Great Tusk
|-supereffective|p2a: Great Tusk
|-damage|p2a: Great Tusk|43/100
|move|p2a: Great Tusk|Bulk Up|p2a: Great Tusk
|-boost|p2a: Great Tusk|atk|1
|-boost|p2a: Great Tusk|def|1
|
|-heal|p1a: Stronger|39/100|[from] Grassy Terrain
|-heal|p2a: Great Tusk|49/100|[from] Grassy Terrain
|-fieldend|move: Grassy Terrain
|upkeep
|turn|12
|-message|P0pie forfeited.
|
|win|Mouu'D
|raw|Mouu&apos;D's rating: 1281 &rarr; <strong>1310</strong><br />(+29 for winning)
|raw|P0pie's rating: 1332 &rarr; <strong>1309</strong><br />(-23 for losing)
|l|☆P0pie
|player|p2|
|l|☆Mouu'D
|player|p1|
