|html|<div class="broadcast-blue"><strong>[Gen 9] OU is currently suspecting Tera Blast! For information on how to participate check out the <a href="https://www.smogon.com/tools/suspects/view/200">suspect thread</a>.</strong></div>
|j|☆muskat-mix
|j|☆SlNGULARlTY
|t:|1776350888
|gametype|singles
|player|p1|muskat-mix|1|1405
|player|p2|SlNGULARlTY|koga|1460
|gen|9
|tier|[Gen 9] OU
|rated|
|rule|HP Percentage Mod: HP is shown in percentages
|rule|Endless Battle Clause: Forcing endless battles is banned
|rule|Species Clause: Limit one of each Pokémon
|rule|OHKO Clause: OHKO moves are banned
|rule|Evasion Items Clause: Evasion items are banned
|rule|Evasion Moves Clause: Evasion moves are banned
|rule|Evasion Abilities Clause: Evasion abilities are banned
|rule|Sleep Moves Clause: Sleep-inducing moves are banned
|clearpoke
|poke|p1|Alomomola, F|
|poke|p1|Sinistcha|
|poke|p1|Great Tusk|
|poke|p1|Lokix, M|
|poke|p1|Iron Crown|
|poke|p1|Enamorus, F|
|poke|p2|Ogerpon-Wellspring, F|
|poke|p2|Moltres|
|poke|p2|Gholdengo|
|poke|p2|Garganacl, F|
|poke|p2|Hatterene, F|
|poke|p2|Heatran, F|
|teampreview
|inactive|Battle timer is ON: inactive players will automatically lose when time's up. (requested by SlNGULARlTY)
|
|t:|1776350893
|teamsize|p1|6
|teamsize|p2|6
|start
|switch|p1a: Iron Crown|Iron Crown|100/100
|switch|p2a: Heatran|Heatran, F|100/100
|turn|1
|
|t:|1776350898
|move|p1a: Iron Crown|Volt Switch|p2a: Heatran
|-damage|p2a: Heatran|64/100
|
|t:|1776350901
|-end|p1a: Iron Crown|Quark Drive|[silent]
|switch|p1a: Alomomola|Alomomola, F|100/100|[from] Volt Switch
|move|p2a: Heatran|Magma Storm|p1a: Alomomola
|-resisted|p1a: Alomomola
|-damage|p1a: Alomomola|74/100
|-activate|p1a: Alomomola|move: Magma Storm|[of] p2a: Heatran
|
|-damage|p1a: Alomomola|61/100|[from] move: Magma Storm|[partiallytrapped]
|upkeep
|turn|2
|
|t:|1776350908
|switch|p2a: Hatterene|Hatterene, F|100/100
|move|p1a: Alomomola|Flip Turn|p2a: Hatterene
|-damage|p2a: Hatterene|87/100
|-damage|p1a: Alomomola|45/100|[from] item: Rocky Helmet|[of] p2a: Hatterene
|
|t:|1776350913
|switch|p1a: Iron Crown|Iron Crown|100/100|[from] Flip Turn
|
|upkeep
|turn|3
|
|t:|1776350918
|switch|p2a: Heatran|Heatran, F|64/100
|move|p1a: Iron Crown|Tachyon Cutter|p2a: Heatran
|-resisted|p2a: Heatran
|-damage|p2a: Heatran|54/100
|-resisted|p2a: Heatran
|-damage|p2a: Heatran|45/100
|-hitcount|p2a: Heatran|2
|
|upkeep
|turn|4
|
|t:|1776350927
|-end|p1a: Iron Crown|Quark Drive|[silent]
|switch|p1a: Alomomola|Alomomola, F|78/100
|move|p2a: Heatran|Magma Storm|p1a: Alomomola
|-resisted|p1a: Alomomola
|-damage|p1a: Alomomola|49/100
|-activate|p1a: Alomomola|move: Magma Storm|[of] p2a: Heatran
|
|-damage|p1a: Alomomola|37/100|[from] move: Magma Storm|[partiallytrapped]
|upkeep
|turn|5
|
|t:|1776350936
|switch|p2a: Ogerpon|Ogerpon-Wellspring, F|100/100
|move|p1a: Alomomola|Flip Turn|p2a: Ogerpon
|-immune|p2a: Ogerpon|[from] ability: Water Absorb
|
|-end|p1a: Alomomola|Magma Storm|[partiallytrapped]|[silent]
|upkeep
|turn|6
|
|t:|1776350940
|switch|p1a: Sinistcha|Sinistcha|100/100
|move|p2a: Ogerpon|Ivy Cudgel|p1a: Sinistcha|[anim] Ivy Cudgel Water
|-resisted|p1a: Sinistcha
|-damage|p1a: Sinistcha|81/100
|
|upkeep
|turn|7
|
|t:|1776350943
|switch|p2a: Gholdengo|Gholdengo|100/100
|-item|p2a: Gholdengo|Air Balloon
|move|p1a: Sinistcha|Strength Sap|p2a: Gholdengo
|-immune|p2a: Gholdengo|[from] ability: Good as Gold
|
|upkeep
|turn|8
|
|t:|1776350953
|switch|p1a: Alomomola|Alomomola, F|70/100
|move|p2a: Gholdengo|Shadow Ball|p1a: Alomomola
|-damage|p1a: Alomomola|42/100
|
|upkeep
|turn|9
|
|t:|1776350955
|move|p2a: Gholdengo|Nasty Plot|p2a: Gholdengo
|-boost|p2a: Gholdengo|spa|2
|move|p1a: Alomomola|Wish|p1a: Alomomola
|
|upkeep
|turn|10
|
|t:|1776350967
|move|p1a: Alomomola|Protect|p1a: Alomomola
|-singleturn|p1a: Alomomola|Protect
|move|p2a: Gholdengo|Make It Rain|p1a: Alomomola
|-activate|p1a: Alomomola|move: Protect
|
|-heal|p1a: Alomomola|92/100|[from] move: Wish|[wisher] Alomomola
|upkeep
|turn|11
|
|t:|1776350973
|move|p2a: Gholdengo|Shadow Ball|p1a: Alomomola
|-damage|p1a: Alomomola|29/100
|move|p1a: Alomomola|Flip Turn|p2a: Gholdengo
|-damage|p2a: Gholdengo|83/100
|-enditem|p2a: Gholdengo|Air Balloon
|
|t:|1776350983
|switch|p1a: Great Tusk|Great Tusk|100/100|[from] Flip Turn
|
|upkeep
|turn|12
|
|t:|1776350986
|switch|p2a: Moltres|Moltres|100/100
|move|p1a: Great Tusk|Headlong Rush|p2a: Moltres
|-immune|p2a: Moltres
|
|upkeep
|turn|13
|
|t:|1776350991
|move|p1a: Great Tusk|Stealth Rock|p2a: Moltres
|-sidestart|p2: SlNGULARlTY|move: Stealth Rock
|move|p2a: Moltres|Will-O-Wisp|p1a: Great Tusk
|-status|p1a: Great Tusk|brn
|
|-damage|p1a: Great Tusk|94/100 brn|[from] brn
|upkeep
|turn|14
|
|t:|1776350998
|-end|p1a: Great Tusk|Protosynthesis|[silent]
|switch|p1a: Alomomola|Alomomola, F|62/100
|move|p2a: Moltres|U-turn|p1a: Alomomola
|-damage|p1a: Alomomola|52/100
|
|t:|1776351000
|switch|p2a: Garganacl|Garganacl, F|100/100|[from] U-turn
|-damage|p2a: Garganacl|88/100|[from] Stealth Rock
|
|-heal|p2a: Garganacl|94/100|[from] item: Leftovers
|upkeep
|turn|15
|
|t:|1776351003
|move|p1a: Alomomola|Flip Turn|p2a: Garganacl
|-supereffective|p2a: Garganacl
|-damage|p2a: Garganacl|74/100
|
|t:|1776351010
|switch|p1a: Sinistcha|Sinistcha|81/100|[from] Flip Turn
|move|p2a: Garganacl|Stealth Rock|p1a: Sinistcha
|-sidestart|p1: muskat-mix|move: Stealth Rock
|
|-heal|p2a: Garganacl|80/100|[from] item: Leftovers
|upkeep
|turn|16
|
|t:|1776351014
|move|p1a: Sinistcha|Shadow Ball|p2a: Garganacl
|-damage|p2a: Garganacl|69/100
|-unboost|p2a: Garganacl|spd|1
|move|p2a: Garganacl|Salt Cure|p1a: Sinistcha
|-damage|p1a: Sinistcha|72/100
|-start|p1a: Sinistcha|Salt Cure
|
|-heal|p2a: Garganacl|75/100|[from] item: Leftovers
|-damage|p1a: Sinistcha|59/100|[from] Salt Cure
|upkeep
|turn|17
|
|t:|1776351018
|switch|p2a: Heatran|Heatran, F|45/100
|-damage|p2a: Heatran|32/100|[from] Stealth Rock
|move|p1a: Sinistcha|Calm Mind|p1a: Sinistcha
|-boost|p1a: Sinistcha|spa|1
|-boost|p1a: Sinistcha|spd|1
|
|-damage|p1a: Sinistcha|47/100|[from] Salt Cure
|upkeep
|turn|18
|
|t:|1776351026
|move|p2a: Heatran|Flash Cannon|p1a: Sinistcha
|-damage|p1a: Sinistcha|1/100
|move|p1a: Sinistcha|Shadow Ball|p2a: Heatran
|-damage|p2a: Heatran|0 fnt
|faint|p2a: Heatran
|
|-damage|p1a: Sinistcha|0 fnt|[from] Salt Cure
|faint|p1a: Sinistcha
|upkeep
|
|t:|1776351037
|switch|p2a: Garganacl|Garganacl, F|75/100
|switch|p1a: Enamorus|Enamorus, F|100/100
|-damage|p1a: Enamorus|76/100|[from] Stealth Rock
|-damage|p2a: Garganacl|62/100|[from] Stealth Rock
|turn|19
|
|t:|1776351043
|switch|p2a: Moltres|Moltres|100/100
|move|p1a: Enamorus|Earth Power|p2a: Moltres
|-immune|p2a: Moltres
|
|upkeep
|turn|20
|
|t:|1776351048
|switch|p1a: Alomomola|Alomomola, F|85/100
|move|p2a: Moltres|Will-O-Wisp|p1a: Alomomola
|-status|p1a: Alomomola|brn
|
|-damage|p1a: Alomomola|79/100 brn|[from] brn
|upkeep
|turn|21
|
|t:|1776351051
|move|p2a: Moltres|U-turn|p1a: Alomomola
|-damage|p1a: Alomomola|68/100 brn
|
|t:|1776351053
|switch|p2a: Ogerpon|Ogerpon-Wellspring, F|100/100|[from] U-turn
|-damage|p2a: Ogerpon|88/100|[from] Stealth Rock
|move|p1a: Alomomola|Wish|p1a: Alomomola
|
|-damage|p1a: Alomomola|62/100 brn|[from] brn
|upkeep
|turn|22
|
|t:|1776351077
|switch|p1a: Iron Crown|Iron Crown|100/100
|-damage|p1a: Iron Crown|94/100|[from] Stealth Rock
|-terastallize|p2a: Ogerpon|Water
|detailschange|p2a: Ogerpon|Ogerpon-Wellspring-Tera, F, tera:Water
|-ability|p2a: Ogerpon|Embody Aspect (Wellspring)|boost
|-boost|p2a: Ogerpon|spd|1
|move|p2a: Ogerpon|Ivy Cudgel|p1a: Iron Crown|[anim] Ivy Cudgel Water
|-damage|p1a: Iron Crown|7/100
|
|-heal|p1a: Iron Crown|90/100|[from] move: Wish|[wisher] Alomomola
|upkeep
|turn|23
|
|t:|1776351087
|-terastallize|p1a: Iron Crown|Steel
|move|p2a: Ogerpon|Ivy Cudgel|p1a: Iron Crown|[anim] Ivy Cudgel Water
|-crit|p1a: Iron Crown
|-damage|p1a: Iron Crown|0 fnt
|faint|p1a: Iron Crown
|-end|p1a: Iron Crown|Quark Drive|[silent]
|
|upkeep
|
|t:|1776351093
|switch|p1a: Enamorus|Enamorus, F|76/100
|-damage|p1a: Enamorus|51/100|[from] Stealth Rock
|turn|24
|
|t:|1776351097
|move|p1a: Enamorus|Moonblast|p2a: Ogerpon
|-damage|p2a: Ogerpon|45/100
|-unboost|p2a: Ogerpon|spa|1
|move|p2a: Ogerpon|Ivy Cudgel|p1a: Enamorus|[anim] Ivy Cudgel Water
|-damage|p1a: Enamorus|0 fnt
|faint|p1a: Enamorus
|
|upkeep
|
|t:|1776351100
|switch|p1a: Lokix|Lokix, M|100/100
|-damage|p1a: Lokix|75/100|[from] Stealth Rock
|turn|25
|
|t:|1776351101
|switch|p2a: Moltres|Moltres|100/100
|move|p1a: Lokix|First Impression|p2a: Moltres
|-resisted|p2a: Moltres
|-damage|p2a: Moltres|78/100
|-status|p1a: Lokix|brn|[from] ability: Flame Body|[of] p2a: Moltres
|
|-damage|p1a: Lokix|70/100 brn|[from] brn
|upkeep
|turn|26
|-message|muskat-mix forfeited.
|
|win|SlNGULARlTY
|raw|muskat-mix's rating: 1405 &rarr; <strong>1388</strong><br />(-17 for losing)
|raw|SlNGULARlTY's rating: 1460 &rarr; <strong>1477</strong><br />(+17 for winning)
|l|☆muskat-mix
|player|p1|
