|html|<div class="broadcast-blue"><strong>[Gen 9] OU is currently suspecting Tera Blast! For information on how to participate check out the <a href="https://www.smogon.com/tools/suspects/view/200">suspect thread</a>.</strong></div>
|j|☆NaCl fish
|j|☆Isabelldra
|t:|1776078892
|gametype|singles
|player|p1|NaCl fish|irida|1194
|player|p2|Isabelldra|gardenia|1300
|gen|9
|tier|[Gen 9] OU
|rated|
|rule|HP Percentage Mod: HP is shown in percentages
|rule|Endless Battle Clause: Forcing endless battles is banned
|rule|Species Clause: Limit one of each Pokémon
|rule|OHKO Clause: OHKO moves are banned
|rule|Evasion Items Clause: Evasion items are banned
|rule|Evasion Moves Clause: Evasion moves are banned
|rule|Evasion Abilities Clause: Evasion abilities are banned
|rule|Sleep Moves Clause: Sleep-inducing moves are banned
|clearpoke
|poke|p1|Torkoal, F|
|poke|p1|Ogerpon-Wellspring, F|
|poke|p1|Walking Wake|
|poke|p1|Gliscor, F|
|poke|p1|Raging Bolt|
|poke|p1|Toxapex, F|
|poke|p2|Farigiraf, M|
|poke|p2|Raging Bolt|
|poke|p2|Pecharunt|
|poke|p2|Great Tusk|
|poke|p2|Uxie|
|poke|p2|Dragapult, F|
|teampreview
|inactive|Battle timer is ON: inactive players will automatically lose when time's up. (requested by NaCl fish)
|
|t:|1776078899
|teamsize|p1|6
|teamsize|p2|6
|start
|switch|p1a: Gliscor|Gliscor, F|100/100
|switch|p2a: Uxie|Uxie|100/100
|turn|1
|
|t:|1776078927
|move|p1a: Gliscor|Protect|p1a: Gliscor
|-singleturn|p1a: Gliscor|Protect
|move|p2a: Uxie|Reflect|p2a: Uxie
|-sidestart|p2: Isabelldra|Reflect
|
|-status|p1a: Gliscor|tox|[from] item: Toxic Orb
|upkeep
|turn|2
|
|t:|1776078933
|move|p2a: Uxie|Future Sight|p1a: Gliscor
|-start|p2a: Uxie|move: Future Sight
|move|p1a: Gliscor|Knock Off|p2a: Uxie
|-supereffective|p2a: Uxie
|-damage|p2a: Uxie|84/100
|-enditem|p2a: Uxie|Light Clay|[from] move: Knock Off|[of] p1a: Gliscor
|
|upkeep
|turn|3
|
|t:|1776078937
|move|p2a: Uxie|Light Screen|p2a: Uxie
|-sidestart|p2: Isabelldra|move: Light Screen
|move|p1a: Gliscor|Knock Off|p2a: Uxie
|-supereffective|p2a: Uxie
|-damage|p2a: Uxie|73/100
|
|upkeep
|turn|4
|
|t:|1776078941
|move|p2a: Uxie|Magic Room|p2a: Uxie
|-fieldstart|move: Magic Room|[of] p2a: Uxie
|move|p1a: Gliscor|Knock Off|p2a: Uxie
|-supereffective|p2a: Uxie
|-damage|p2a: Uxie|61/100
|
|-end|p1a: Gliscor|move: Future Sight
|-damage|p1a: Gliscor|74/100 tox
|-heal|p1a: Gliscor|87/100 tox|[from] ability: Poison Heal
|upkeep
|turn|5
|
|t:|1776078957
|switch|p2a: Farigiraf|Farigiraf, M|100/100
|move|p1a: Gliscor|Protect||[still]
|-fail|p1a: Gliscor
|
|-heal|p1a: Gliscor|99/100 tox|[from] ability: Poison Heal
|upkeep
|turn|6
|
|t:|1776078974
|-terastallize|p2a: Farigiraf|Fighting
|move|p1a: Gliscor|Fling||[still]
|-fail|p1a: Gliscor
|move|p2a: Farigiraf|Nasty Plot|p2a: Farigiraf
|-boost|p2a: Farigiraf|spa|2
|
|-heal|p1a: Gliscor|100/100 tox|[from] ability: Poison Heal
|upkeep
|turn|7
|
|t:|1776078987
|move|p1a: Gliscor|Knock Off|p2a: Farigiraf
|-resisted|p2a: Farigiraf
|-damage|p2a: Farigiraf|95/100
|-enditem|p2a: Farigiraf|Leftovers|[from] move: Knock Off|[of] p1a: Gliscor
|move|p2a: Farigiraf|Nasty Plot|p2a: Farigiraf
|-boost|p2a: Farigiraf|spa|2
|
|-sideend|p2: Isabelldra|move: Light Screen
|upkeep
|turn|8
|
|t:|1776078994
|move|p1a: Gliscor|Acrobatics|p2a: Farigiraf
|-supereffective|p2a: Farigiraf
|-damage|p2a: Farigiraf|77/100
|move|p2a: Farigiraf|Trick Room|p2a: Farigiraf
|-fieldstart|move: Trick Room|[of] p2a: Farigiraf
|
|-sideend|p2: Isabelldra|Reflect
|-fieldend|move: Magic Room|[of] p2: Uxie
|upkeep
|turn|9
|
|t:|1776079000
|move|p2a: Farigiraf|Shadow Ball|p1a: Gliscor
|-damage|p1a: Gliscor|28/100 tox
|-unboost|p1a: Gliscor|spd|1
|move|p1a: Gliscor|Fling|p2a: Farigiraf
|-resisted|p2a: Farigiraf
|-damage|p2a: Farigiraf|74/100
|-status|p2a: Farigiraf|tox
|-enditem|p1a: Gliscor|Toxic Orb|[from] move: Fling
|
|-damage|p2a: Farigiraf|68/100 tox|[from] psn
|-heal|p1a: Gliscor|40/100 tox|[from] ability: Poison Heal
|upkeep
|turn|10
|
|t:|1776079006
|move|p1a: Gliscor|Protect|p1a: Gliscor
|-singleturn|p1a: Gliscor|Protect
|move|p2a: Farigiraf|Shadow Ball|p1a: Gliscor
|-activate|p1a: Gliscor|move: Protect
|
|-damage|p2a: Farigiraf|55/100 tox|[from] psn
|-heal|p1a: Gliscor|53/100 tox|[from] ability: Poison Heal
|upkeep
|turn|11
|
|t:|1776079023
|switch|p1a: Toxapex|Toxapex, F|100/100
|move|p2a: Farigiraf|Shadow Ball|p1a: Toxapex
|-damage|p1a: Toxapex|37/100
|
|-heal|p1a: Toxapex|43/100|[from] item: Black Sludge
|-damage|p2a: Farigiraf|36/100 tox|[from] psn
|upkeep
|turn|12
|
|t:|1776079052
|move|p1a: Toxapex|Baneful Bunker|p1a: Toxapex
|-singleturn|p1a: Toxapex|move: Protect
|move|p2a: Farigiraf|Shadow Ball|p1a: Toxapex
|-activate|p1a: Toxapex|move: Protect
|
|-heal|p1a: Toxapex|50/100|[from] item: Black Sludge
|-damage|p2a: Farigiraf|11/100 tox|[from] psn
|-fieldend|move: Trick Room
|upkeep
|turn|13
|
|t:|1776079073
|move|p1a: Toxapex|Baneful Bunker||[still]
|-fail|p1a: Toxapex
|move|p2a: Farigiraf|Shadow Ball|p1a: Toxapex
|-damage|p1a: Toxapex|0 fnt
|faint|p1a: Toxapex
|
|-damage|p2a: Farigiraf|0 fnt|[from] psn
|faint|p2a: Farigiraf
|upkeep
|
|t:|1776079076
|switch|p2a: Uxie|Uxie|61/100
|switch|p1a: Gliscor|Gliscor, F|53/100 tox
|turn|14
|
|t:|1776079082
|move|p2a: Uxie|Magic Room|p2a: Uxie
|-fieldstart|move: Magic Room|[of] p2a: Uxie
|move|p1a: Gliscor|Acrobatics|p2a: Uxie
|-damage|p2a: Uxie|34/100
|
|-heal|p1a: Gliscor|65/100 tox|[from] ability: Poison Heal
|upkeep
|turn|15
|
|t:|1776079087
|move|p2a: Uxie|Reflect|p2a: Uxie
|-sidestart|p2: Isabelldra|Reflect
|move|p1a: Gliscor|Knock Off|p2a: Uxie
|-supereffective|p2a: Uxie
|-damage|p2a: Uxie|23/100
|
|-heal|p1a: Gliscor|78/100 tox|[from] ability: Poison Heal
|upkeep
|turn|16
|
|t:|1776079092
|move|p2a: Uxie|Future Sight|p1a: Gliscor
|-start|p2a: Uxie|move: Future Sight
|move|p1a: Gliscor|Knock Off|p2a: Uxie
|-supereffective|p2a: Uxie
|-damage|p2a: Uxie|12/100
|
|-heal|p1a: Gliscor|90/100 tox|[from] ability: Poison Heal
|upkeep
|turn|17
|
|t:|1776079097
|move|p2a: Uxie|Light Screen|p2a: Uxie
|-sidestart|p2: Isabelldra|move: Light Screen
|move|p1a: Gliscor|Knock Off|p2a: Uxie
|-supereffective|p2a: Uxie
|-damage|p2a: Uxie|2/100
|
|-heal|p1a: Gliscor|100/100 tox|[from] ability: Poison Heal
|upkeep
|turn|18
|
|t:|1776079107
|switch|p2a: Great Tusk|Great Tusk|100/100
|move|p1a: Gliscor|Knock Off|p2a: Great Tusk
|-resisted|p2a: Great Tusk
|-damage|p2a: Great Tusk|98/100
|
|-end|p1a: Gliscor|move: Future Sight
|-damage|p1a: Gliscor|72/100 tox
|-heal|p1a: Gliscor|84/100 tox|[from] ability: Poison Heal
|-fieldend|move: Magic Room|[of] p2: Uxie
|upkeep
|turn|19
|
|t:|1776079113
|move|p2a: Great Tusk|Ice Spinner|p1a: Gliscor
|-supereffective|p1a: Gliscor
|-damage|p1a: Gliscor|10/100 tox
|move|p1a: Gliscor|Knock Off|p2a: Great Tusk
|-resisted|p2a: Great Tusk
|-damage|p2a: Great Tusk|96/100
|
|-heal|p1a: Gliscor|22/100 tox|[from] ability: Poison Heal
|-sideend|p2: Isabelldra|Reflect
|upkeep
|turn|20
|
|t:|1776079126
|move|p1a: Gliscor|Protect|p1a: Gliscor
|-singleturn|p1a: Gliscor|Protect
|move|p2a: Great Tusk|Stealth Rock|p1a: Gliscor
|-sidestart|p1: NaCl fish|move: Stealth Rock
|
|-heal|p1a: Gliscor|34/100 tox|[from] ability: Poison Heal
|upkeep
|turn|21
|
|t:|1776079129
|switch|p1a: Ogerpon|Ogerpon-Wellspring, F|100/100
|-damage|p1a: Ogerpon|88/100|[from] Stealth Rock
|move|p2a: Great Tusk|Ice Spinner|p1a: Ogerpon
|-damage|p1a: Ogerpon|56/100
|
|-sideend|p2: Isabelldra|move: Light Screen
|upkeep
|turn|22
|
|t:|1776079132
|move|p1a: Ogerpon|Horn Leech|p2a: Great Tusk
|-supereffective|p2a: Great Tusk
|-damage|p2a: Great Tusk|39/100
|-heal|p1a: Ogerpon|97/100|[from] drain|[of] p2a: Great Tusk
|move|p2a: Great Tusk|Ice Spinner|p1a: Ogerpon
|-damage|p1a: Ogerpon|67/100
|
|upkeep
|turn|23
|
|t:|1776079144
|move|p1a: Ogerpon|Horn Leech|p2a: Great Tusk
|-supereffective|p2a: Great Tusk
|-crit|p2a: Great Tusk
|-damage|p2a: Great Tusk|0 fnt
|-heal|p1a: Ogerpon|95/100|[from] drain|[of] p2a: Great Tusk
|faint|p2a: Great Tusk
|-end|p2a: Great Tusk|Protosynthesis|[silent]
|
|upkeep
|
|t:|1776079146
|switch|p2a: Uxie|Uxie|2/100
|turn|24
|
|t:|1776079152
|switch|p2a: Raging Bolt|Raging Bolt|100/100
|-enditem|p2a: Raging Bolt|Booster Energy
|-activate|p2a: Raging Bolt|ability: Protosynthesis|[fromitem]
|-start|p2a: Raging Bolt|protosynthesisspa
|move|p1a: Ogerpon|Horn Leech|p2a: Raging Bolt
|-resisted|p2a: Raging Bolt
|-damage|p2a: Raging Bolt|82/100
|-heal|p1a: Ogerpon|100/100|[from] drain|[of] p2a: Raging Bolt
|
|upkeep
|turn|25
|
|t:|1776079159
|move|p1a: Ogerpon|U-turn|p2a: Raging Bolt
|-damage|p2a: Raging Bolt|57/100
|
|t:|1776079161
|switch|p1a: Torkoal|Torkoal, F|100/100|[from] U-turn
|-damage|p1a: Torkoal|75/100|[from] Stealth Rock
|-weather|SunnyDay|[from] ability: Drought|[of] p1a: Torkoal
|move|p2a: Raging Bolt|Calm Mind|p2a: Raging Bolt
|-boost|p2a: Raging Bolt|spa|1
|-boost|p2a: Raging Bolt|spd|1
|
|-weather|SunnyDay|[upkeep]
|upkeep
|turn|26
|
|t:|1776079163
|move|p2a: Raging Bolt|Thunderbolt|p1a: Torkoal
|-damage|p1a: Torkoal|0 fnt
|faint|p1a: Torkoal
|
|-weather|SunnyDay|[upkeep]
|upkeep
|
|t:|1776079165
|switch|p1a: Raging Bolt|Raging Bolt|100/100
|-damage|p1a: Raging Bolt|88/100|[from] Stealth Rock
|-activate|p1a: Raging Bolt|ability: Protosynthesis
|-start|p1a: Raging Bolt|protosynthesisspa
|turn|27
|
|t:|1776079167
|-terastallize|p1a: Raging Bolt|Fairy
|move|p1a: Raging Bolt|Calm Mind|p1a: Raging Bolt
|-boost|p1a: Raging Bolt|spa|1
|-boost|p1a: Raging Bolt|spd|1
|move|p2a: Raging Bolt|Dragon Pulse|p1a: Raging Bolt
|-immune|p1a: Raging Bolt
|
|-weather|SunnyDay|[upkeep]
|-heal|p1a: Raging Bolt|94/100|[from] item: Leftovers
|upkeep
|turn|28
|
|t:|1776079171
|move|p1a: Raging Bolt|Calm Mind|p1a: Raging Bolt
|-boost|p1a: Raging Bolt|spa|1
|-boost|p1a: Raging Bolt|spd|1
|move|p2a: Raging Bolt|Thunderbolt|p1a: Raging Bolt
|-damage|p1a: Raging Bolt|44/100
|
|-weather|SunnyDay|[upkeep]
|-heal|p1a: Raging Bolt|50/100|[from] item: Leftovers
|upkeep
|turn|29
|
|t:|1776079177
|move|p1a: Raging Bolt|Thunderbolt|p2a: Raging Bolt
|-resisted|p2a: Raging Bolt
|-damage|p2a: Raging Bolt|39/100
|move|p2a: Raging Bolt|Thunderbolt|p1a: Raging Bolt
|-damage|p1a: Raging Bolt|1/100
|
|-weather|SunnyDay|[upkeep]
|-heal|p1a: Raging Bolt|7/100|[from] item: Leftovers
|upkeep
|turn|30
|
|t:|1776079182
|move|p2a: Raging Bolt|Thunderclap|p1a: Raging Bolt
|-damage|p1a: Raging Bolt|0 fnt
|faint|p1a: Raging Bolt
|-end|p1a: Raging Bolt|Protosynthesis|[silent]
|
|-weather|SunnyDay|[upkeep]
|upkeep
|-message|NaCl fish forfeited.
|
|win|Isabelldra
|raw|NaCl fish's rating: 1194 &rarr; <strong>1176</strong><br />(-18 for losing)
|raw|Isabelldra's rating: 1300 &rarr; <strong>1318</strong><br />(+18 for winning)
|l|☆NaCl fish
|player|p1|
|l|☆Isabelldra
|player|p2|
