|html|<div class="broadcast-blue"><strong>[Gen 9] OU is currently suspecting Tera Blast! For information on how to participate check out the <a href="https://www.smogon.com/tools/suspects/view/200">suspect thread</a>.</strong></div>
|j|☆Omega Principle
|j|☆shado123191
|t:|1776088848
|gametype|singles
|player|p1|Omega Principle|lucas|1253
|player|p2|shado123191|169|1311
|gen|9
|tier|[Gen 9] OU
|rated|
|rule|HP Percentage Mod: HP is shown in percentages
|rule|Endless Battle Clause: Forcing endless battles is banned
|rule|Species Clause: Limit one of each Pokémon
|rule|OHKO Clause: OHKO moves are banned
|rule|Evasion Items Clause: Evasion items are banned
|rule|Evasion Moves Clause: Evasion moves are banned
|rule|Evasion Abilities Clause: Evasion abilities are banned
|rule|Sleep Moves Clause: Sleep-inducing moves are banned
|clearpoke
|poke|p1|Ribombee, F|
|poke|p1|Gholdengo|
|poke|p1|Enamorus, F|
|poke|p1|Ogerpon-Wellspring, F|
|poke|p1|Dragapult, F|
|poke|p1|Inteleon, M|
|poke|p2|Skeledirge, M|
|poke|p2|Corviknight, F|
|poke|p2|Dragapult, F|
|poke|p2|Ting-Lu|
|poke|p2|Ogerpon-Wellspring, F|
|poke|p2|Kingambit, M|
|teampreview
|inactive|Battle timer is ON: inactive players will automatically lose when time's up. (requested by Omega Principle)
|c|☆shado123191|glhf
|c|☆Omega Principle|u2
|
|t:|1776088862
|teamsize|p1|6
|teamsize|p2|6
|start
|switch|p1a: Ribombee|Ribombee, F|100/100
|switch|p2a: Dragapult|Dragapult, F|100/100
|turn|1
|
|t:|1776088869
|move|p1a: Ribombee|Moonblast|p2a: Dragapult
|-supereffective|p2a: Dragapult
|-damage|p2a: Dragapult|0 fnt
|faint|p2a: Dragapult
|
|upkeep
|c|☆shado123191|choice scarf???
|
|t:|1776088888
|switch|p2a: Skeledirge|Skeledirge, M|100/100
|turn|2
|
|t:|1776088899
|switch|p1a: Inteleon|Inteleon, M|100/100
|move|p2a: Skeledirge|Will-O-Wisp|p1a: Inteleon
|-status|p1a: Inteleon|brn
|
|-damage|p1a: Inteleon|94/100 brn|[from] brn
|upkeep
|turn|3
|
|t:|1776088912
|switch|p2a: Ogerpon|Ogerpon-Wellspring, F|100/100
|-terastallize|p1a: Inteleon|Rock
|move|p1a: Inteleon|Tera Blast|p2a: Ogerpon|[anim] Tera Blast Rock
|-damage|p2a: Ogerpon|21/100
|
|-damage|p1a: Inteleon|88/100 brn|[from] brn
|upkeep
|turn|4
|
|t:|1776088925
|switch|p2a: Ting-Lu|Ting-Lu|100/100
|-ability|p2a: Ting-Lu|Vessel of Ruin
|switch|p1a: Ribombee|Ribombee, F|100/100
|
|upkeep
|turn|5
|
|t:|1776088933
|move|p1a: Ribombee|Switcheroo|p2a: Ting-Lu
|-activate|p1a: Ribombee|move: Trick|[of] p2a: Ting-Lu
|-item|p2a: Ting-Lu|Choice Scarf|[from] move: Switcheroo
|-item|p1a: Ribombee|Leftovers|[from] move: Switcheroo
|move|p2a: Ting-Lu|Whirlwind|p1a: Ribombee
|drag|p1a: Enamorus|Enamorus, F|100/100
|
|upkeep
|turn|6
|
|t:|1776088947
|switch|p2a: Skeledirge|Skeledirge, M|100/100
|move|p1a: Enamorus|Mystical Fire|p2a: Skeledirge
|-resisted|p2a: Skeledirge
|-damage|p2a: Skeledirge|90/100
|-unboost|p2a: Skeledirge|spa|1
|
|upkeep
|turn|7
|
|t:|1776088956
|move|p1a: Enamorus|Earth Power|p2a: Skeledirge
|-supereffective|p2a: Skeledirge
|-damage|p2a: Skeledirge|36/100
|move|p2a: Skeledirge|Torch Song|p1a: Enamorus
|-damage|p1a: Enamorus|70/100
|-boost|p2a: Skeledirge|spa|1
|
|upkeep
|turn|8
|
|t:|1776088965
|switch|p2a: Ogerpon|Ogerpon-Wellspring, F|21/100
|move|p1a: Enamorus|Moonblast|p2a: Ogerpon
|-damage|p2a: Ogerpon|0 fnt
|faint|p2a: Ogerpon
|
|upkeep
|
|t:|1776088978
|switch|p2a: Kingambit|Kingambit, M|100/100
|-activate|p2a: Kingambit|ability: Supreme Overlord
|-start|p2a: Kingambit|fallen2|[silent]
|turn|9
|
|t:|1776088986
|-terastallize|p2a: Kingambit|Ghost
|move|p1a: Enamorus|Superpower|p2a: Kingambit
|-immune|p2a: Kingambit
|move|p2a: Kingambit|Iron Head|p1a: Enamorus
|-supereffective|p1a: Enamorus
|-damage|p1a: Enamorus|0 fnt
|faint|p1a: Enamorus
|
|upkeep
|
|t:|1776088995
|switch|p1a: Dragapult|Dragapult, F|100/100
|turn|10
|
|t:|1776089003
|move|p1a: Dragapult|Sucker Punch|p2a: Kingambit
|-supereffective|p2a: Kingambit
|-damage|p2a: Kingambit|47/100
|move|p2a: Kingambit|Sucker Punch||[still]
|-fail|p2a: Kingambit
|
|-heal|p2a: Kingambit|53/100|[from] item: Leftovers
|upkeep
|turn|11
|
|t:|1776089020
|switch|p1a: Paul|Gholdengo|100/100
|-item|p1a: Paul|Air Balloon
|move|p2a: Kingambit|Swords Dance|p2a: Kingambit
|-boost|p2a: Kingambit|atk|2
|
|-heal|p2a: Kingambit|59/100|[from] item: Leftovers
|upkeep
|turn|12
|
|t:|1776089030
|switch|p1a: Ogerpon|Ogerpon-Wellspring, F|100/100
|move|p2a: Kingambit|Sucker Punch||[still]
|-fail|p2a: Kingambit
|
|-heal|p2a: Kingambit|65/100|[from] item: Leftovers
|upkeep
|turn|13
|
|t:|1776089036
|move|p1a: Ogerpon|Encore|p2a: Kingambit
|-start|p2a: Kingambit|Encore
|move|p2a: Kingambit|Sucker Punch||[still]
|-fail|p2a: Kingambit
|
|-heal|p2a: Kingambit|71/100|[from] item: Leftovers
|upkeep
|turn|14
|
|t:|1776089051
|-end|p2a: Kingambit|fallen2|[silent]
|switch|p2a: Corviknight|Corviknight, F|100/100
|-ability|p2a: Corviknight|Pressure
|move|p1a: Ogerpon|Swords Dance|p1a: Ogerpon
|-boost|p1a: Ogerpon|atk|2
|
|upkeep
|turn|15
|
|t:|1776089060
|move|p1a: Ogerpon|Ivy Cudgel|p2a: Corviknight|[anim] Ivy Cudgel Water
|-damage|p2a: Corviknight|29/100
|move|p2a: Corviknight|U-turn|p1a: Ogerpon
|-supereffective|p1a: Ogerpon
|-damage|p1a: Ogerpon|65/100
|
|t:|1776089066
|switch|p2a: Kingambit|Kingambit, M, tera:Ghost|71/100|[from] U-turn
|-activate|p2a: Kingambit|ability: Supreme Overlord
|-start|p2a: Kingambit|fallen2|[silent]
|
|-heal|p2a: Kingambit|77/100|[from] item: Leftovers
|upkeep
|turn|16
|
|t:|1776089073
|move|p1a: Ogerpon|Encore||[still]
|-fail|p1a: Ogerpon
|move|p2a: Kingambit|Kowtow Cleave|p1a: Ogerpon
|-damage|p1a: Ogerpon|0 fnt
|faint|p1a: Ogerpon
|
|-heal|p2a: Kingambit|83/100|[from] item: Leftovers
|upkeep
|
|t:|1776089084
|switch|p1a: Inteleon|Inteleon, M, tera:Rock|88/100 brn
|turn|17
|
|t:|1776089092
|-end|p2a: Kingambit|fallen2|[silent]
|switch|p2a: Ting-Lu|Ting-Lu|100/100
|-ability|p2a: Ting-Lu|Vessel of Ruin
|move|p1a: Inteleon|Hydro Pump|p2a: Ting-Lu
|-supereffective|p2a: Ting-Lu
|-damage|p2a: Ting-Lu|25/100
|
|-damage|p1a: Inteleon|82/100 brn|[from] brn
|upkeep
|turn|18
|
|t:|1776089106
|move|p1a: Inteleon|Hydro Pump|p2a: Ting-Lu
|-supereffective|p2a: Ting-Lu
|-damage|p2a: Ting-Lu|0 fnt
|faint|p2a: Ting-Lu
|
|-damage|p1a: Inteleon|76/100 brn|[from] brn
|upkeep
|
|t:|1776089112
|switch|p2a: Kingambit|Kingambit, M, tera:Ghost|83/100
|-activate|p2a: Kingambit|ability: Supreme Overlord
|-start|p2a: Kingambit|fallen3|[silent]
|turn|19
|
|t:|1776089121
|move|p1a: Inteleon|Hydro Pump|p2a: Kingambit
|-damage|p2a: Kingambit|0 fnt
|faint|p2a: Kingambit
|-end|p2a: Kingambit|fallen3|[silent]
|
|-damage|p1a: Inteleon|70/100 brn|[from] brn
|upkeep
|-message|shado123191 forfeited.
|
|win|Omega Principle
|raw|Omega Principle's rating: 1253 &rarr; <strong>1282</strong><br />(+29 for winning)
|raw|shado123191's rating: 1311 &rarr; <strong>1288</strong><br />(-23 for losing)
|l|☆shado123191
|player|p2|
|l|☆Omega Principle
|player|p1|
