|html|<div class="broadcast-blue"><strong>[Gen 9] OU is currently suspecting Tera Blast! For information on how to participate check out the <a href="https://www.smogon.com/tools/suspects/view/200">suspect thread</a>.</strong></div>
|badge|p2|silver|gen9ou|30-9
|uhtml|medal-msg|<div class="broadcast-blue">Curious what those medals under the avatar are? PS now has Ladder Seasons! For more information, check out the <a href="https://www.smogon.com/forums/threads/3740067/">thread on Smogon.</a></div>
|j|☆Bhloader
|j|☆sv gurt
|t:|1776034659
|gametype|singles
|player|p1|Bhloader|1|1774
|player|p2|sv gurt|bugsy-masters|1815
|gen|9
|tier|[Gen 9] OU
|rated|
|rule|HP Percentage Mod: HP is shown in percentages
|rule|Endless Battle Clause: Forcing endless battles is banned
|rule|Species Clause: Limit one of each Pokémon
|rule|OHKO Clause: OHKO moves are banned
|rule|Evasion Items Clause: Evasion items are banned
|rule|Evasion Moves Clause: Evasion moves are banned
|rule|Evasion Abilities Clause: Evasion abilities are banned
|rule|Sleep Moves Clause: Sleep-inducing moves are banned
|clearpoke
|poke|p1|Hydrapple, F|
|poke|p1|Alomomola, M|
|poke|p1|Gliscor, F|
|poke|p1|Heatran, M|
|poke|p1|Cinderace, M|
|poke|p1|Dondozo, F|
|poke|p2|Bellibolt, M|
|poke|p2|Rillaboom, F|
|poke|p2|Alomomola, M|
|poke|p2|Tinkaton, F|
|poke|p2|Great Tusk|
|poke|p2|Dragapult, M|
|teampreview
|
|t:|1776034680
|teamsize|p1|6
|teamsize|p2|6
|start
|switch|p1a: Gliscor|Gliscor, F|100/100
|switch|p2a: NIGHTWING|Dragapult, M|100/100
|turn|1
|
|t:|1776034687
|switch|p2a: RAGNAROK|Tinkaton, F|100/100
|-item|p2a: RAGNAROK|Air Balloon
|move|p1a: Gliscor|Protect||[still]
|-fail|p1a: Gliscor
|
|-status|p1a: Gliscor|tox|[from] item: Toxic Orb
|upkeep
|turn|2
|
|t:|1776034694
|switch|p1a: Heatran|Heatran, M|100/100
|move|p2a: RAGNAROK|Encore||[still]
|-fail|p2a: RAGNAROK
|
|upkeep
|turn|3
|
|t:|1776034732
|switch|p2a: SHAMONEAMOLA|Alomomola, M|100/100
|move|p1a: Heatran|Magma Storm|p2a: SHAMONEAMOLA
|-resisted|p2a: SHAMONEAMOLA
|-damage|p2a: SHAMONEAMOLA|82/100
|-activate|p2a: SHAMONEAMOLA|move: Magma Storm|[of] p1a: Heatran
|
|-damage|p2a: SHAMONEAMOLA|70/100|[from] move: Magma Storm|[partiallytrapped]
|upkeep
|turn|4
|
|t:|1776034736
|move|p1a: Heatran|Will-O-Wisp|p2a: SHAMONEAMOLA
|-status|p2a: SHAMONEAMOLA|brn
|move|p2a: SHAMONEAMOLA|Flip Turn|p1a: Heatran
|-supereffective|p1a: Heatran
|-damage|p1a: Heatran|90/100
|
|t:|1776034748
|switch|p2a: METRO BOOMER|Rillaboom, F|100/100|[from] Flip Turn
|-fieldstart|move: Grassy Terrain|[from] ability: Grassy Surge|[of] p2a: METRO BOOMER
|
|-heal|p1a: Heatran|96/100|[from] Grassy Terrain
|-heal|p1a: Heatran|100/100|[from] item: Leftovers
|upkeep
|turn|5
|
|t:|1776034752
|move|p2a: METRO BOOMER|High Horsepower|p1a: Heatran
|-supereffective|p1a: Heatran
|-damage|p1a: Heatran|0 fnt
|faint|p1a: Heatran
|
|upkeep
|
|t:|1776034760
|switch|p1a: Gliscor|Gliscor, F|100/100 tox
|turn|6
|
|t:|1776034773
|switch|p2a: SHAMONEAMOLA|Alomomola, M|100/100 brn
|move|p1a: Gliscor|Knock Off|p2a: SHAMONEAMOLA
|-damage|p2a: SHAMONEAMOLA|89/100 brn
|-enditem|p2a: SHAMONEAMOLA|Heavy-Duty Boots|[from] move: Knock Off|[of] p1a: Gliscor
|
|-heal|p2a: SHAMONEAMOLA|95/100 brn|[from] Grassy Terrain
|-damage|p2a: SHAMONEAMOLA|89/100 brn|[from] brn
|upkeep
|turn|7
|
|t:|1776034778
|move|p1a: Gliscor|Protect|p1a: Gliscor
|-singleturn|p1a: Gliscor|Protect
|move|p2a: SHAMONEAMOLA|Flip Turn|p1a: Gliscor
|-activate|p1a: Gliscor|move: Protect
|
|-heal|p2a: SHAMONEAMOLA|95/100 brn|[from] Grassy Terrain
|-damage|p2a: SHAMONEAMOLA|89/100 brn|[from] brn
|upkeep
|turn|8
|
|t:|1776034805
|move|p1a: Gliscor|Knock Off|p2a: SHAMONEAMOLA
|-damage|p2a: SHAMONEAMOLA|79/100 brn
|move|p2a: SHAMONEAMOLA|Flip Turn|p1a: Gliscor
|-supereffective|p1a: Gliscor
|-damage|p1a: Gliscor|88/100 tox
|
|t:|1776034807
|switch|p2a: RAGNAROK|Tinkaton, F|100/100|[from] Flip Turn
|-item|p2a: RAGNAROK|Air Balloon
|
|-heal|p1a: Gliscor|99/100 tox|[from] ability: Poison Heal
|-fieldend|move: Grassy Terrain
|upkeep
|turn|9
|
|t:|1776034811
|move|p2a: RAGNAROK|Stealth Rock|p1a: Gliscor
|-sidestart|p1: Bhloader|move: Stealth Rock
|move|p1a: Gliscor|Knock Off|p2a: RAGNAROK
|-resisted|p2a: RAGNAROK
|-damage|p2a: RAGNAROK|89/100
|-enditem|p2a: RAGNAROK|Air Balloon
|-enditem|p1a: Gliscor|Toxic Orb|[silent]|[from] ability: Pickpocket|[of] p1a: Gliscor
|-item|p2a: RAGNAROK|Toxic Orb|[from] ability: Pickpocket|[of] p1a: Gliscor
|
|-heal|p1a: Gliscor|100/100 tox|[from] ability: Poison Heal
|upkeep
|turn|10
|
|t:|1776034816
|switch|p2a: SHAMONEAMOLA|Alomomola, M|100/100 brn
|switch|p1a: Cinderace|Cinderace, M|100/100
|
|-damage|p2a: SHAMONEAMOLA|94/100 brn|[from] brn
|upkeep
|turn|11
|
|t:|1776034820
|move|p1a: Cinderace|Court Change|p1a: Cinderace
|-swapsideconditions
|-activate|p1a: Cinderace|move: Court Change
|move|p2a: SHAMONEAMOLA|Flip Turn|p1a: Cinderace
|-supereffective|p1a: Cinderace
|-damage|p1a: Cinderace|75/100
|
|t:|1776034822
|switch|p2a: NIGHTWING|Dragapult, M|100/100|[from] Flip Turn
|-damage|p2a: NIGHTWING|88/100|[from] Stealth Rock
|
|upkeep
|turn|12
|
|t:|1776034829
|switch|p1a: Gliscor|Gliscor, F|100/100 tox
|move|p2a: NIGHTWING|Draco Meteor|p1a: Gliscor
|-damage|p1a: Gliscor|28/100 tox
|-unboost|p2a: NIGHTWING|spa|2
|
|-heal|p1a: Gliscor|41/100 tox|[from] ability: Poison Heal
|upkeep
|turn|13
|
|t:|1776034832
|switch|p2a: SHAMONEAMOLA|Alomomola, M|100/100 brn
|-damage|p2a: SHAMONEAMOLA|88/100 brn|[from] Stealth Rock
|switch|p1a: Hydrapple|Hydrapple, F|100/100
|
|-damage|p2a: SHAMONEAMOLA|82/100 brn|[from] brn
|upkeep
|turn|14
|
|t:|1776034838
|switch|p2a: BOLTENHEIMER|Bellibolt, M, shiny|100/100
|-terastallize|p1a: Hydrapple|Steel
|move|p1a: Hydrapple|Fickle Beam|p2a: BOLTENHEIMER|[anim] Fickle Beam All Out
|-activate|p1a: Hydrapple|move: Fickle Beam
|-damage|p2a: BOLTENHEIMER|59/100
|-start|p2a: BOLTENHEIMER|Charge|Fickle Beam|[from] ability: Electromorphosis
|
|upkeep
|turn|15
|
|t:|1776034880
|move|p2a: BOLTENHEIMER|Slack Off|p2a: BOLTENHEIMER
|-heal|p2a: BOLTENHEIMER|100/100
|move|p1a: Hydrapple|Fickle Beam|p2a: BOLTENHEIMER|[anim] Fickle Beam All Out
|-activate|p1a: Hydrapple|move: Fickle Beam
|-damage|p2a: BOLTENHEIMER|55/100
|-start|p2a: BOLTENHEIMER|Charge|Fickle Beam|[from] ability: Electromorphosis
|
|upkeep
|turn|16
|
|t:|1776034887
|switch|p1a: Gliscor|Gliscor, F|41/100 tox
|move|p2a: BOLTENHEIMER|Slack Off|p2a: BOLTENHEIMER
|-heal|p2a: BOLTENHEIMER|100/100
|
|-heal|p1a: Gliscor|53/100 tox|[from] ability: Poison Heal
|upkeep
|turn|17
|
|t:|1776034897
|switch|p2a: SHAMONEAMOLA|Alomomola, M|100/100 brn
|-damage|p2a: SHAMONEAMOLA|88/100 brn|[from] Stealth Rock
|move|p1a: Gliscor|Toxic||[still]
|-fail|p1a: Gliscor
|
|-heal|p1a: Gliscor|65/100 tox|[from] ability: Poison Heal
|-damage|p2a: SHAMONEAMOLA|82/100 brn|[from] brn
|upkeep
|turn|18
|
|t:|1776034902
|move|p1a: Gliscor|Protect|p1a: Gliscor
|-singleturn|p1a: Gliscor|Protect
|move|p2a: SHAMONEAMOLA|Flip Turn|p1a: Gliscor
|-activate|p1a: Gliscor|move: Protect
|
|-heal|p1a: Gliscor|78/100 tox|[from] ability: Poison Heal
|-damage|p2a: SHAMONEAMOLA|76/100 brn|[from] brn
|upkeep
|turn|19
|
|t:|1776034905
|switch|p1a: Alomomola|Alomomola, M|100/100
|move|p2a: SHAMONEAMOLA|Flip Turn|p1a: Alomomola
|-resisted|p1a: Alomomola
|-damage|p1a: Alomomola|98/100
|
|t:|1776034910
|switch|p2a: RAGNAROK|Tinkaton, F|89/100|[from] Flip Turn
|-damage|p2a: RAGNAROK|83/100|[from] Stealth Rock
|
|-heal|p1a: Alomomola|100/100|[from] item: Leftovers
|upkeep
|turn|20
|
|t:|1776034917
|move|p2a: RAGNAROK|Stealth Rock|p1a: Alomomola
|-sidestart|p1: Bhloader|move: Stealth Rock
|move|p1a: Alomomola|Whirlpool|p2a: RAGNAROK
|-damage|p2a: RAGNAROK|79/100
|-activate|p2a: RAGNAROK|move: Whirlpool|[of] p1a: Alomomola
|
|-damage|p2a: RAGNAROK|66/100|[from] move: Whirlpool|[partiallytrapped]
|upkeep
|turn|21
|
|t:|1776034934
|move|p1a: Alomomola|Protect|p1a: Alomomola
|-singleturn|p1a: Alomomola|Protect
|move|p2a: RAGNAROK|Thunder Wave|p1a: Alomomola
|-activate|p1a: Alomomola|move: Protect
|
|-damage|p2a: RAGNAROK|54/100|[from] move: Whirlpool|[partiallytrapped]
|upkeep
|turn|22
|
|t:|1776034937
|switch|p1a: Gliscor|Gliscor, F|78/100 tox
|-damage|p1a: Gliscor|65/100 tox|[from] Stealth Rock
|move|p2a: RAGNAROK|Encore||[still]
|-fail|p2a: RAGNAROK
|
|-heal|p1a: Gliscor|78/100 tox|[from] ability: Poison Heal
|-end|p2a: RAGNAROK|Whirlpool|[partiallytrapped]|[silent]
|upkeep
|turn|23
|
|t:|1776034941
|switch|p2a: SHAMONEAMOLA|Alomomola, M|100/100 brn
|-damage|p2a: SHAMONEAMOLA|88/100 brn|[from] Stealth Rock
|move|p1a: Gliscor|Earthquake|p2a: SHAMONEAMOLA
|-damage|p2a: SHAMONEAMOLA|68/100 brn
|
|-heal|p1a: Gliscor|90/100 tox|[from] ability: Poison Heal
|-damage|p2a: SHAMONEAMOLA|61/100 brn|[from] brn
|upkeep
|turn|24
|
|t:|1776034945
|move|p1a: Gliscor|Protect|p1a: Gliscor
|-singleturn|p1a: Gliscor|Protect
|move|p2a: SHAMONEAMOLA|Wish|p2a: SHAMONEAMOLA
|
|-heal|p1a: Gliscor|100/100 tox|[from] ability: Poison Heal
|-damage|p2a: SHAMONEAMOLA|55/100 brn|[from] brn
|upkeep
|turn|25
|
|t:|1776034947
|move|p1a: Gliscor|Earthquake|p2a: SHAMONEAMOLA
|-damage|p2a: SHAMONEAMOLA|35/100 brn
|move|p2a: SHAMONEAMOLA|Tickle|p1a: Gliscor
|-unboost|p1a: Gliscor|atk|1
|-unboost|p1a: Gliscor|def|1
|
|-heal|p2a: SHAMONEAMOLA|85/100 brn|[from] move: Wish|[wisher] SHAMONEAMOLA
|-damage|p2a: SHAMONEAMOLA|79/100 brn|[from] brn
|upkeep
|turn|26
|
|t:|1776034958
|switch|p1a: Alomomola|Alomomola, M|100/100
|-damage|p1a: Alomomola|88/100|[from] Stealth Rock
|move|p2a: SHAMONEAMOLA|Flip Turn|p1a: Alomomola
|-resisted|p1a: Alomomola
|-damage|p1a: Alomomola|86/100
|
|t:|1776034968
|switch|p2a: METRO BOOMER|Rillaboom, F|100/100|[from] Flip Turn
|-damage|p2a: METRO BOOMER|88/100|[from] Stealth Rock
|-fieldstart|move: Grassy Terrain|[from] ability: Grassy Surge|[of] p2a: METRO BOOMER
|
|-heal|p2a: METRO BOOMER|94/100|[from] Grassy Terrain
|-heal|p1a: Alomomola|92/100|[from] Grassy Terrain
|-heal|p1a: Alomomola|98/100|[from] item: Leftovers
|upkeep
|turn|27
|
|t:|1776034974
|move|p1a: Alomomola|Protect|p1a: Alomomola
|-singleturn|p1a: Alomomola|Protect
|move|p2a: METRO BOOMER|Wood Hammer|p1a: Alomomola
|-activate|p1a: Alomomola|move: Protect
|
|-heal|p2a: METRO BOOMER|99/100|[from] Grassy Terrain
|-heal|p1a: Alomomola|100/100|[from] Grassy Terrain
|upkeep
|turn|28
|
|t:|1776035012
|switch|p1a: Hydrapple|Hydrapple, F, tera:Steel|100/100
|-damage|p1a: Hydrapple|94/100|[from] Stealth Rock
|move|p2a: METRO BOOMER|Wood Hammer|p1a: Hydrapple
|-resisted|p1a: Hydrapple
|-damage|p1a: Hydrapple|45/100
|-damage|p2a: METRO BOOMER|82/100|[from] Recoil
|
|-heal|p2a: METRO BOOMER|88/100|[from] Grassy Terrain
|-heal|p1a: Hydrapple|51/100|[from] Grassy Terrain
|upkeep
|turn|29
|
|t:|1776035018
|-terastallize|p2a: METRO BOOMER|Grass
|move|p2a: METRO BOOMER|Wood Hammer|p1a: Hydrapple
|-resisted|p1a: Hydrapple
|-crit|p1a: Hydrapple
|-damage|p1a: Hydrapple|0 fnt
|faint|p1a: Hydrapple
|-damage|p2a: METRO BOOMER|68/100|[from] Recoil
|
|-heal|p2a: METRO BOOMER|74/100|[from] Grassy Terrain
|upkeep
|
|t:|1776035022
|switch|p1a: Cinderace|Cinderace, M|75/100
|turn|30
|
|t:|1776035026
|switch|p1a: Dondozo|Dondozo, F|100/100
|-damage|p1a: Dondozo|88/100|[from] Stealth Rock
|switch|p2a: SHAMONEAMOLA|Alomomola, M|100/100 brn
|-damage|p2a: SHAMONEAMOLA|88/100 brn|[from] Stealth Rock
|
|-heal|p2a: SHAMONEAMOLA|94/100 brn|[from] Grassy Terrain
|-heal|p1a: Dondozo|94/100|[from] Grassy Terrain
|-heal|p1a: Dondozo|99/100|[from] item: Leftovers
|-damage|p2a: SHAMONEAMOLA|88/100 brn|[from] brn
|-fieldend|move: Grassy Terrain
|upkeep
|turn|31
|
|t:|1776035032
|move|p2a: SHAMONEAMOLA|Wish|p2a: SHAMONEAMOLA
|move|p1a: Dondozo|Curse|p1a: Dondozo
|-unboost|p1a: Dondozo|spe|1
|-boost|p1a: Dondozo|atk|1
|-boost|p1a: Dondozo|def|1
|
|-heal|p1a: Dondozo|100/100|[from] item: Leftovers
|-damage|p2a: SHAMONEAMOLA|82/100 brn|[from] brn
|upkeep
|turn|32
|
|t:|1776035036
|move|p2a: SHAMONEAMOLA|Tickle|p1a: Dondozo
|-unboost|p1a: Dondozo|atk|1
|-unboost|p1a: Dondozo|def|1
|move|p1a: Dondozo|Curse|p1a: Dondozo
|-unboost|p1a: Dondozo|spe|1
|-boost|p1a: Dondozo|atk|1
|-boost|p1a: Dondozo|def|1
|
|-heal|p2a: SHAMONEAMOLA|100/100 brn|[from] move: Wish|[wisher] SHAMONEAMOLA
|-damage|p2a: SHAMONEAMOLA|94/100 brn|[from] brn
|upkeep
|turn|33
|
|t:|1776035039
|move|p2a: SHAMONEAMOLA|Tickle|p1a: Dondozo
|-unboost|p1a: Dondozo|atk|1
|-unboost|p1a: Dondozo|def|1
|move|p1a: Dondozo|Curse|p1a: Dondozo
|-unboost|p1a: Dondozo|spe|1
|-boost|p1a: Dondozo|atk|1
|-boost|p1a: Dondozo|def|1
|
|-damage|p2a: SHAMONEAMOLA|88/100 brn|[from] brn
|upkeep
|turn|34
|-message|Bhloader forfeited.
|
|win|sv gurt
|raw|Bhloader's rating: 1774 &rarr; <strong>1756</strong><br />(-18 for losing)
|raw|sv gurt's rating: 1815 &rarr; <strong>1833</strong><br />(+18 for winning)
|l|☆Bhloader
|player|p1|
|l|☆sv gurt
|player|p2|
