|html|<div class="broadcast-blue"><strong>[Gen 9] OU is currently suspecting Tera Blast! For information on how to participate check out the <a href="https://www.smogon.com/tools/suspects/view/200">suspect thread</a>.</strong></div>
|j|☆Askanner
|j|☆Unhappybeams
|t:|1776099940
|gametype|singles
|player|p1|Askanner|101|1226
|player|p2|Unhappybeams|blackbelt-gen4dp|1244
|gen|9
|tier|[Gen 9] OU
|rated|
|rule|HP Percentage Mod: HP is shown in percentages
|rule|Endless Battle Clause: Forcing endless battles is banned
|rule|Species Clause: Limit one of each Pokémon
|rule|OHKO Clause: OHKO moves are banned
|rule|Evasion Items Clause: Evasion items are banned
|rule|Evasion Moves Clause: Evasion moves are banned
|rule|Evasion Abilities Clause: Evasion abilities are banned
|rule|Sleep Moves Clause: Sleep-inducing moves are banned
|clearpoke
|poke|p1|Gliscor, F|
|poke|p1|Slowking-Galar, M|
|poke|p1|Great Tusk|
|poke|p1|Skeledirge, F|
|poke|p1|Meowscarada, M|
|poke|p1|Kingambit, F|
|poke|p2|Dragalge, M|
|poke|p2|Porygon2|
|poke|p2|Salazzle, F|
|poke|p2|Great Tusk|
|poke|p2|Salamence, M|
|poke|p2|Arcanine, F|
|teampreview
|inactive|Battle timer is ON: inactive players will automatically lose when time's up. (requested by Unhappybeams)
|
|t:|1776099959
|teamsize|p1|6
|teamsize|p2|6
|start
|switch|p1a: Gliscor|Gliscor, F|100/100
|switch|p2a: Porygon2|Porygon2|100/100
|turn|1
|
|t:|1776099967
|move|p1a: Gliscor|Protect|p1a: Gliscor
|-singleturn|p1a: Gliscor|Protect
|move|p2a: Porygon2|Ice Beam|p1a: Gliscor
|-activate|p1a: Gliscor|move: Protect
|
|-status|p1a: Gliscor|tox|[from] item: Toxic Orb
|upkeep
|turn|2
|
|t:|1776099978
|switch|p1a: Slowking|Slowking-Galar, M|100/100
|move|p2a: Porygon2|Tri Attack|p1a: Slowking
|-damage|p1a: Slowking|74/100
|
|upkeep
|turn|3
|
|t:|1776099989
|move|p2a: Porygon2|Psyshock|p1a: Slowking
|-damage|p1a: Slowking|50/100
|move|p1a: Slowking|Future Sight|p2a: Porygon2
|-start|p1a: Slowking|move: Future Sight
|
|upkeep
|turn|4
|inactive|Askanner has 120 seconds left.
|
|t:|1776100021
|move|p2a: Porygon2|Tri Attack|p1a: Slowking
|-damage|p1a: Slowking|29/100
|-status|p1a: Slowking|par
|move|p1a: Slowking|Sludge Bomb|p2a: Porygon2
|-damage|p2a: Porygon2|73/100
|
|upkeep
|turn|5
|inactive|Askanner has 120 seconds left.
|
|t:|1776100042
|switch|p1a: Skeledirge|Skeledirge, F|100/100
|move|p2a: Porygon2|Tri Attack|p1a: Skeledirge
|-immune|p1a: Skeledirge
|
|-end|p2a: Porygon2|move: Future Sight
|-damage|p2a: Porygon2|37/100
|upkeep
|turn|6
|inactive|Askanner has 120 seconds left.
|
|t:|1776100055
|switch|p2a: Dragalge|Dragalge, M|100/100
|move|p1a: Skeledirge|Torch Song|p2a: Dragalge
|-resisted|p2a: Dragalge
|-damage|p2a: Dragalge|92/100
|-boost|p1a: Skeledirge|spa|1
|
|upkeep
|turn|7
|inactive|Askanner has 120 seconds left.
|
|t:|1776100073
|switch|p1a: Slowking|Slowking-Galar, M|62/100 par
|move|p2a: Dragalge|Scald|p1a: Slowking
|-damage|p1a: Slowking|49/100 par
|
|upkeep
|turn|8
|inactive|Askanner has 120 seconds left.
|
|t:|1776100084
|move|p2a: Dragalge|Dragon Pulse|p1a: Slowking
|-damage|p1a: Slowking|23/100 par
|move|p1a: Slowking|Future Sight|p2a: Dragalge
|-start|p1a: Slowking|move: Future Sight
|
|upkeep
|turn|9
|inactive|Askanner has 120 seconds left.
|
|t:|1776100106
|switch|p1a: Skeledirge|Skeledirge, F|100/100
|move|p2a: Dragalge|Scald|p1a: Skeledirge
|-supereffective|p1a: Skeledirge
|-damage|p1a: Skeledirge|48/100
|
|upkeep
|turn|10
|
|t:|1776100123
|-terastallize|p1a: Skeledirge|Fairy
|move|p1a: Skeledirge|Slack Off|p1a: Skeledirge
|-heal|p1a: Skeledirge|98/100
|move|p2a: Dragalge|Scald|p1a: Skeledirge
|-damage|p1a: Skeledirge|73/100
|
|-end|p2a: Dragalge|move: Future Sight
|-supereffective|p2a: Dragalge
|-damage|p2a: Dragalge|21/100
|upkeep
|turn|11
|
|t:|1776100135
|move|p1a: Skeledirge|Shadow Ball|p2a: Dragalge
|-damage|p2a: Dragalge|3/100
|move|p2a: Dragalge|Sludge Bomb|p1a: Skeledirge
|-supereffective|p1a: Skeledirge
|-damage|p1a: Skeledirge|0 fnt
|faint|p1a: Skeledirge
|
|upkeep
|
|t:|1776100142
|switch|p1a: Meowscarada|Meowscarada, M|100/100
|turn|12
|
|t:|1776100147
|move|p1a: Meowscarada|U-turn|p2a: Dragalge
|-start|p1a: Meowscarada|typechange|Bug|[from] ability: Protean
|-resisted|p2a: Dragalge
|-damage|p2a: Dragalge|0 fnt
|faint|p2a: Dragalge
|
|t:|1776100165
|switch|p1a: Great Tusk|Great Tusk|100/100|[from] U-turn
|
|upkeep
|
|t:|1776100169
|switch|p2a: Arcanine|Arcanine, F|100/100
|-ability|p2a: Arcanine|Intimidate|boost
|-unboost|p1a: Great Tusk|atk|1
|turn|13
|
|t:|1776100182
|move|p1a: Great Tusk|Headlong Rush|p2a: Arcanine
|-supereffective|p2a: Arcanine
|-crit|p2a: Arcanine
|-damage|p2a: Arcanine|0 fnt
|-unboost|p1a: Great Tusk|def|1
|-unboost|p1a: Great Tusk|spd|1
|-damage|p1a: Great Tusk|84/100|[from] item: Rocky Helmet|[of] p2a: Arcanine
|faint|p2a: Arcanine
|
|-heal|p1a: Great Tusk|90/100|[from] item: Leftovers
|upkeep
|
|t:|1776100201
|switch|p2a: Great Tusk|Great Tusk|100/100
|-enditem|p2a: Great Tusk|Booster Energy
|-activate|p2a: Great Tusk|ability: Protosynthesis|[fromitem]
|-start|p2a: Great Tusk|protosynthesisatk
|turn|14
|
|t:|1776100208
|-end|p1a: Great Tusk|Protosynthesis|[silent]
|switch|p1a: Gliscor|Gliscor, F|100/100 tox
|move|p2a: Great Tusk|Rapid Spin|p1a: Gliscor
|-damage|p1a: Gliscor|79/100 tox
|-boost|p2a: Great Tusk|spe|1
|
|-heal|p1a: Gliscor|92/100 tox|[from] ability: Poison Heal
|upkeep
|turn|15
|inactive|Askanner has 120 seconds left.
|
|t:|1776100218
|move|p2a: Great Tusk|Ice Spinner|p1a: Gliscor
|-supereffective|p1a: Gliscor
|-damage|p1a: Gliscor|0 fnt
|faint|p1a: Gliscor
|
|upkeep
|inactive|Askanner has 120 seconds left.
|
|t:|1776100239
|switch|p1a: Meowscarada|Meowscarada, M|100/100
|turn|16
|
|t:|1776100245
|move|p2a: Great Tusk|Ice Spinner|p1a: Meowscarada
|-supereffective|p1a: Meowscarada
|-damage|p1a: Meowscarada|0 fnt
|faint|p1a: Meowscarada
|
|upkeep
|
|t:|1776100262
|switch|p1a: Slowking|Slowking-Galar, M|56/100 par
|turn|17
|
|t:|1776100273
|move|p2a: Great Tusk|Headlong Rush|p1a: Slowking
|-supereffective|p1a: Slowking
|-damage|p1a: Slowking|0 fnt
|-unboost|p2a: Great Tusk|def|1
|-unboost|p2a: Great Tusk|spd|1
|faint|p1a: Slowking
|
|upkeep
|
|t:|1776100278
|switch|p1a: Kingambit|Kingambit, F|100/100
|-activate|p1a: Kingambit|ability: Supreme Overlord
|-start|p1a: Kingambit|fallen4|[silent]
|turn|18
|
|t:|1776100285
|move|p1a: Kingambit|Sucker Punch|p2a: Great Tusk
|-resisted|p2a: Great Tusk
|-damage|p2a: Great Tusk|64/100
|move|p2a: Great Tusk|Close Combat|p1a: Kingambit
|-supereffective|p1a: Kingambit
|-damage|p1a: Kingambit|0 fnt
|-unboost|p2a: Great Tusk|def|1
|-unboost|p2a: Great Tusk|spd|1
|faint|p1a: Kingambit
|-end|p1a: Kingambit|fallen4|[silent]
|
|upkeep
|
|t:|1776100288
|switch|p1a: Great Tusk|Great Tusk|90/100
|turn|19
|
|t:|1776100300
|move|p2a: Great Tusk|Ice Spinner|p1a: Great Tusk
|-supereffective|p1a: Great Tusk
|-damage|p1a: Great Tusk|45/100
|move|p1a: Great Tusk|Headlong Rush|p2a: Great Tusk
|-damage|p2a: Great Tusk|0 fnt
|-unboost|p1a: Great Tusk|def|1
|-unboost|p1a: Great Tusk|spd|1
|faint|p2a: Great Tusk
|-end|p2a: Great Tusk|Protosynthesis|[silent]
|
|-heal|p1a: Great Tusk|51/100|[from] item: Leftovers
|upkeep
|
|t:|1776100313
|switch|p2a: Salamence|Salamence, M|100/100
|turn|20
|
|t:|1776100328
|move|p2a: Salamence|Dual Wingbeat|p1a: Great Tusk
|-supereffective|p1a: Great Tusk
|-damage|p1a: Great Tusk|18/100
|-supereffective|p1a: Great Tusk
|-damage|p1a: Great Tusk|0 fnt
|faint|p1a: Great Tusk
|-end|p1a: Great Tusk|Protosynthesis|[silent]
|-hitcount|p1: Great Tusk|2
|
|win|Unhappybeams
|raw|Askanner's rating: 1226 &rarr; <strong>1202</strong><br />(-24 for losing)
|raw|Unhappybeams's rating: 1244 &rarr; <strong>1268</strong><br />(+24 for winning)
|l|☆Unhappybeams
|player|p2|
|l|☆Askanner
|player|p1|
