|j|☆Pokelover33199
|j|☆WrenTheBurb
|inactive|Battle timer is ON: inactive players will automatically lose when time's up.
|t:|1778499585
|gametype|singles
|player|p1|Pokelover33199|volo-ginkgo|
|player|p2|WrenTheBurb|boarder|
|gen|9
|tier|[Gen 9] OU
|rated|Tournament battle
|rule|HP Percentage Mod: HP is shown in percentages
|rule|Endless Battle Clause: Forcing endless battles is banned
|rule|Species Clause: Limit one of each Pokémon
|rule|OHKO Clause: OHKO moves are banned
|rule|Evasion Items Clause: Evasion items are banned
|rule|Evasion Moves Clause: Evasion moves are banned
|rule|Evasion Abilities Clause: Evasion abilities are banned
|rule|Sleep Moves Clause: Sleep-inducing moves are banned
|raw|<div class="infobox"><details class="readmore" open><summary><strong>1 custom rule:</strong></summary> -wobbuffet</details></div>
|clearpoke
|poke|p1|Gholdengo|
|poke|p1|Yanmega, M|
|poke|p1|Mienfoo, F|
|poke|p2|Magnezone|
|poke|p2|Rampardos, F|
|poke|p2|Hoothoot, F|
|teampreview
|inactive|WrenTheBurb also wants the timer to be on.
|j|*Lady Monita 
|c|☆WrenTheBurb|glhf
|c|☆Pokelover33199|Glhf
|
|t:|1778499593
|teamsize|p1|3
|teamsize|p2|3
|start
|switch|p1a: Mienfoo|Mienfoo, F, shiny|100/100
|switch|p2a: Hoothoot|Hoothoot, F, shiny|100/100
|turn|1
|
|t:|1778499601
|move|p2a: Hoothoot|Protect|p2a: Hoothoot
|-singleturn|p2a: Hoothoot|Protect
|move|p1a: Mienfoo|U-turn|p2a: Hoothoot
|-activate|p2a: Hoothoot|move: Protect
|
|upkeep
|turn|2
|j| Baddieprathikmon
|
|t:|1778499604
|move|p1a: Mienfoo|U-turn|p2a: Hoothoot
|-resisted|p2a: Hoothoot
|-damage|p2a: Hoothoot|73/100
|
|t:|1778499607
|switch|p1a: String Cheese|Gholdengo|100/100|[from] U-turn
|move|p2a: Hoothoot|Tailwind|p2a: Hoothoot
|-sidestart|p2: WrenTheBurb|move: Tailwind
|
|upkeep
|turn|3
|
|t:|1778499616
|switch|p2a: Rampardos|Rampardos, F, shiny|100/100
|move|p1a: String Cheese|Focus Blast|p2a: Rampardos
|-supereffective|p2a: Rampardos
|-damage|p2a: Rampardos|0 fnt
|faint|p2a: Rampardos
|
|upkeep
|
|t:|1778499624
|switch|p2a: Magnezone|Magnezone, shiny|100/100
|turn|4
|
|t:|1778499628
|-terastallize|p2a: Magnezone|Electric
|move|p2a: Magnezone|Thunderbolt|p1a: String Cheese
|-damage|p1a: String Cheese|0 fnt
|faint|p1a: String Cheese
|
|upkeep
|
|t:|1778499636
|switch|p1a: gotta go fast|Yanmega, M, shiny|100/100
|turn|5
|
|t:|1778499639
|move|p1a: gotta go fast|Protect|p1a: gotta go fast
|-singleturn|p1a: gotta go fast|Protect
|move|p2a: Magnezone|Thunderbolt|p1a: gotta go fast
|-activate|p1a: gotta go fast|move: Protect
|
|-sideend|p2: WrenTheBurb|move: Tailwind
|-ability|p1a: gotta go fast|Speed Boost|boost
|-boost|p1a: gotta go fast|spe|1
|upkeep
|turn|6
|
|t:|1778499651
|move|p1a: gotta go fast|Bug Buzz|p2a: Magnezone
|-damage|p2a: Magnezone|34/100
|move|p2a: Magnezone|Thunderbolt|p1a: gotta go fast
|-supereffective|p1a: gotta go fast
|-enditem|p1a: gotta go fast|Focus Sash
|-damage|p1a: gotta go fast|1/100
|
|-ability|p1a: gotta go fast|Speed Boost|boost
|-boost|p1a: gotta go fast|spe|1
|upkeep
|turn|7
|
|t:|1778499660
|move|p1a: gotta go fast|Bug Buzz|p2a: Magnezone
|-damage|p2a: Magnezone|0 fnt
|faint|p2a: Magnezone
|
|-ability|p1a: gotta go fast|Speed Boost|boost
|-boost|p1a: gotta go fast|spe|1
|upkeep
|
|t:|1778499662
|switch|p2a: Hoothoot|Hoothoot, F, shiny|73/100
|turn|8
|
|t:|1778499668
|move|p1a: gotta go fast|Air Slash|p2a: Hoothoot
|-damage|p2a: Hoothoot|28/100
|move|p2a: Hoothoot|Air Slash|p1a: gotta go fast
|-supereffective|p1a: gotta go fast
|-damage|p1a: gotta go fast|0 fnt
|faint|p1a: gotta go fast
|
|upkeep
|c|☆Pokelover33199|Gg
|
|t:|1778499673
|switch|p1a: Mienfoo|Mienfoo, F, shiny|100/100
|turn|9
|c|☆WrenTheBurb|gg
|
|t:|1778499683
|move|p2a: Hoothoot|Protect|p2a: Hoothoot
|-singleturn|p2a: Hoothoot|Protect
|move|p1a: Mienfoo|Knock Off|p2a: Hoothoot
|-activate|p2a: Hoothoot|move: Protect
|
|upkeep
|turn|10
|
|t:|1778499686
|move|p1a: Mienfoo|Knock Off|p2a: Hoothoot
|-damage|p2a: Hoothoot|0 fnt
|-enditem|p2a: Hoothoot|Focus Sash|[from] move: Knock Off|[of] p1a: Mienfoo
|faint|p2a: Hoothoot
|
|win|Pokelover33199
|n|☆Pokelover33199|pokelover33199
|n|☆WrenTheBurb|wrentheburb
|n|*Lady Monita |ladymonita
|n| Baddieprathikmon|baddieprathikmon
