|html|<div class="broadcast-blue"><strong>[Gen 9] OU is currently suspecting Tera Blast! For information on how to participate check out the <a href="https://www.smogon.com/tools/suspects/view/200">suspect thread</a>.</strong></div>
|j|☆rein-53
|j|☆EST Black
|t:|1776045786
|gametype|singles
|player|p1|rein-53|hilbert-wonderlauncher|1309
|player|p2|EST Black|red|1300
|gen|9
|tier|[Gen 9] OU
|rated|
|rule|HP Percentage Mod: HP is shown in percentages
|rule|Endless Battle Clause: Forcing endless battles is banned
|rule|Species Clause: Limit one of each Pokémon
|rule|OHKO Clause: OHKO moves are banned
|rule|Evasion Items Clause: Evasion items are banned
|rule|Evasion Moves Clause: Evasion moves are banned
|rule|Evasion Abilities Clause: Evasion abilities are banned
|rule|Sleep Moves Clause: Sleep-inducing moves are banned
|clearpoke
|poke|p1|Araquanid, M|
|poke|p1|Raging Bolt|
|poke|p1|Great Tusk|
|poke|p1|Meowscarada, M|
|poke|p1|Hoopa-Unbound|
|poke|p1|Heatran, F|
|poke|p2|Charizard, F|
|poke|p2|Venusaur, F|
|poke|p2|Blastoise, M|
|poke|p2|Snorlax, F|
|poke|p2|Lapras, M|
|poke|p2|Pikachu-Original, M|
|teampreview
|inactive|Battle timer is ON: inactive players will automatically lose when time's up. (requested by EST Black)
|
|t:|1776045795
|teamsize|p1|6
|teamsize|p2|6
|start
|switch|p1a: Araquanid|Araquanid, M, shiny|100/100
|switch|p2a: Pikachu|Pikachu-Original, M|100/100
|turn|1
|
|t:|1776045802
|switch|p1a: Great Tusk|Great Tusk|100/100
|move|p2a: Pikachu|Fake Out|p1a: Great Tusk
|-damage|p1a: Great Tusk|91/100
|-damage|p2a: Pikachu|84/100|[from] item: Rocky Helmet|[of] p1a: Great Tusk
|
|upkeep
|turn|2
|
|t:|1776045808
|move|p1a: Great Tusk|Bulk Up|p1a: Great Tusk
|-boost|p1a: Great Tusk|atk|1
|-boost|p1a: Great Tusk|def|1
|move|p2a: Pikachu|Knock Off|p1a: Great Tusk
|-resisted|p1a: Great Tusk
|-damage|p1a: Great Tusk|82/100
|-damage|p2a: Pikachu|67/100|[from] item: Rocky Helmet|[of] p1a: Great Tusk
|-enditem|p1a: Great Tusk|Rocky Helmet|[from] move: Knock Off|[of] p2a: Pikachu
|
|upkeep
|turn|3
|
|t:|1776045817
|move|p2a: Pikachu|Quick Attack|p1a: Great Tusk
|-damage|p1a: Great Tusk|75/100
|move|p1a: Great Tusk|Rapid Spin|p2a: Pikachu
|-damage|p2a: Pikachu|0 fnt
|-boost|p1a: Great Tusk|spe|1
|faint|p2a: Pikachu
|
|upkeep
|c|☆rein-53|ash teaam
|
|t:|1776045829
|switch|p2a: Charizard|Charizard, F|100/100
|turn|4
|
|t:|1776045836
|move|p1a: Great Tusk|Ice Spinner|p2a: Charizard
|-damage|p2a: Charizard|54/100
|move|p2a: Charizard|Hurricane|p1a: Great Tusk
|-supereffective|p1a: Great Tusk
|-damage|p1a: Great Tusk|0 fnt
|faint|p1a: Great Tusk
|-end|p1a: Great Tusk|Protosynthesis|[silent]
|
|upkeep
|
|t:|1776045843
|switch|p1a: Hoopa|Hoopa-Unbound|100/100
|turn|5
|c|☆EST Black|Yes lol
|c|☆EST Black|Supposed to be reds og team
|
|t:|1776045864
|move|p2a: Charizard|Will-O-Wisp|p1a: Hoopa
|-status|p1a: Hoopa|brn
|move|p1a: Hoopa|Knock Off|p2a: Charizard
|-damage|p2a: Charizard|16/100
|-enditem|p2a: Charizard|Heavy-Duty Boots|[from] move: Knock Off|[of] p1a: Hoopa
|
|-damage|p1a: Hoopa|94/100 brn|[from] brn
|upkeep
|turn|6
|inactive|rein-53 has 120 seconds left.
|
|t:|1776045899
|move|p2a: Charizard|Flamethrower|p1a: Hoopa
|-damage|p1a: Hoopa|57/100 brn
|move|p1a: Hoopa|Psychic Noise|p2a: Charizard
|-damage|p2a: Charizard|0 fnt
|faint|p2a: Charizard
|
|-damage|p1a: Hoopa|51/100 brn|[from] brn
|upkeep
|inactive|EST Black has 120 seconds left.
|
|t:|1776045914
|switch|p2a: Lapras|Lapras, M|100/100
|turn|7
|
|t:|1776045920
|move|p1a: Hoopa|Psychic Noise|p2a: Lapras
|-damage|p2a: Lapras|62/100
|-start|p2a: Lapras|move: Heal Block
|move|p2a: Lapras|Dragon Dance|p2a: Lapras
|-boost|p2a: Lapras|atk|1
|-boost|p2a: Lapras|spe|1
|
|-damage|p1a: Hoopa|45/100 brn|[from] brn
|upkeep
|turn|8
|
|t:|1776045930
|move|p2a: Lapras|Icicle Spear|p1a: Hoopa
|-damage|p1a: Hoopa|20/100 brn
|-damage|p1a: Hoopa|0 fnt
|faint|p1a: Hoopa
|-hitcount|p1: Hoopa|2
|
|-end|p2a: Lapras|move: Heal Block
|upkeep
|
|t:|1776045939
|switch|p1a: Araquanid|Araquanid, M, shiny|100/100
|turn|9
|
|t:|1776045948
|move|p2a: Lapras|Icicle Spear|p1a: Araquanid
|-resisted|p1a: Araquanid
|-damage|p1a: Araquanid|93/100
|-resisted|p1a: Araquanid
|-damage|p1a: Araquanid|86/100
|-resisted|p1a: Araquanid
|-damage|p1a: Araquanid|79/100
|-resisted|p1a: Araquanid
|-damage|p1a: Araquanid|73/100
|-resisted|p1a: Araquanid
|-damage|p1a: Araquanid|66/100
|-hitcount|p1a: Araquanid|5
|move|p1a: Araquanid|Sticky Web|p2a: Lapras
|-sidestart|p2: EST Black|move: Sticky Web
|
|upkeep
|turn|10
|
|t:|1776045960
|move|p2a: Lapras|Icicle Spear|p1a: Araquanid
|-resisted|p1a: Araquanid
|-damage|p1a: Araquanid|59/100
|-resisted|p1a: Araquanid
|-damage|p1a: Araquanid|52/100
|-resisted|p1a: Araquanid
|-damage|p1a: Araquanid|45/100
|-resisted|p1a: Araquanid
|-damage|p1a: Araquanid|39/100
|-resisted|p1a: Araquanid
|-damage|p1a: Araquanid|32/100
|-hitcount|p1a: Araquanid|5
|move|p1a: Araquanid|Endeavor|p2a: Lapras
|-damage|p2a: Lapras|27/100
|
|upkeep
|turn|11
|
|t:|1776045979
|switch|p1a: Heatran|Heatran, F|100/100
|-item|p1a: Heatran|Air Balloon
|move|p2a: Lapras|Icicle Spear|p1a: Heatran
|-resisted|p1a: Heatran
|-damage|p1a: Heatran|97/100
|-enditem|p1a: Heatran|Air Balloon
|-resisted|p1a: Heatran
|-damage|p1a: Heatran|94/100
|-resisted|p1a: Heatran
|-damage|p1a: Heatran|91/100
|-resisted|p1a: Heatran
|-damage|p1a: Heatran|88/100
|-hitcount|p1a: Heatran|4
|
|upkeep
|turn|12
|
|t:|1776045993
|-terastallize|p1a: Heatran|Grass
|move|p2a: Lapras|Earthquake|p1a: Heatran
|-resisted|p1a: Heatran
|-damage|p1a: Heatran|72/100
|move|p1a: Heatran|Flamethrower|p2a: Lapras
|-damage|p2a: Lapras|0 fnt
|faint|p2a: Lapras
|
|upkeep
|
|t:|1776046002
|switch|p2a: Snorlax|Snorlax, F|100/100
|-activate|p2a: Snorlax|move: Sticky Web
|-unboost|p2a: Snorlax|spe|1
|turn|13
|
|t:|1776046006
|move|p1a: Heatran|Will-O-Wisp|p2a: Snorlax|[miss]
|-miss|p1a: Heatran|p2a: Snorlax
|move|p2a: Snorlax|Curse|p2a: Snorlax
|-unboost|p2a: Snorlax|spe|1
|-boost|p2a: Snorlax|atk|1
|-boost|p2a: Snorlax|def|1
|
|upkeep
|turn|14
|
|t:|1776046012
|move|p1a: Heatran|Will-O-Wisp|p2a: Snorlax
|-status|p2a: Snorlax|brn
|move|p2a: Snorlax|Heat Crash|p1a: Heatran
|-start|p1a: Heatran|ability: Flash Fire
|
|-damage|p2a: Snorlax|94/100 brn|[from] brn
|upkeep
|turn|15
|
|t:|1776046021
|move|p1a: Heatran|Flamethrower|p2a: Snorlax
|-damage|p2a: Snorlax|76/100 brn
|move|p2a: Snorlax|Body Slam|p1a: Heatran
|-damage|p1a: Heatran|54/100
|-status|p1a: Heatran|par
|
|-heal|p2a: Snorlax|82/100 brn|[from] item: Leftovers
|-damage|p2a: Snorlax|76/100 brn|[from] brn
|upkeep
|turn|16
|
|t:|1776046031
|-end|p1a: Heatran|ability: Flash Fire|[silent]
|switch|p1a: Araquanid|Araquanid, M, shiny|32/100
|move|p2a: Snorlax|Curse|p2a: Snorlax
|-unboost|p2a: Snorlax|spe|1
|-boost|p2a: Snorlax|atk|1
|-boost|p2a: Snorlax|def|1
|
|-heal|p2a: Snorlax|82/100 brn|[from] item: Leftovers
|-damage|p2a: Snorlax|76/100 brn|[from] brn
|upkeep
|turn|17
|
|t:|1776046040
|move|p1a: Araquanid|Endeavor|p2a: Snorlax
|-damage|p2a: Snorlax|23/100 brn
|move|p2a: Snorlax|Body Slam|p1a: Araquanid
|-damage|p1a: Araquanid|2/100
|-status|p1a: Araquanid|par
|
|-heal|p2a: Snorlax|30/100 brn|[from] item: Leftovers
|-damage|p2a: Snorlax|23/100 brn|[from] brn
|upkeep
|turn|18
|-enditem|p1a: Araquanid|Custap Berry|[eat]
|-activate|p1a: Araquanid|item: Custap Berry|[consumed]
|
|t:|1776046052
|move|p1a: Araquanid|Lunge|p2a: Snorlax
|-damage|p2a: Snorlax|13/100 brn
|-unboost|p2a: Snorlax|atk|1
|move|p2a: Snorlax|Body Slam|p1a: Araquanid
|-damage|p1a: Araquanid|0 fnt
|faint|p1a: Araquanid
|
|-heal|p2a: Snorlax|20/100 brn|[from] item: Leftovers
|-damage|p2a: Snorlax|13/100 brn|[from] brn
|upkeep
|
|t:|1776046064
|switch|p1a: Meowscarada|Meowscarada, M, shiny|100/100
|turn|19
|
|t:|1776046067
|move|p1a: Meowscarada|Flower Trick|p2a: Snorlax
|-start|p1a: Meowscarada|typechange|Grass|[from] ability: Protean
|-crit|p2a: Snorlax
|-damage|p2a: Snorlax|0 fnt
|faint|p2a: Snorlax
|
|upkeep
|
|t:|1776046075
|switch|p2a: Venusaur|Venusaur, F|100/100
|-activate|p2a: Venusaur|move: Sticky Web
|-unboost|p2a: Venusaur|spe|1
|turn|20
|
|t:|1776046080
|switch|p1a: Heatran|Heatran, F, tera:Grass|54/100 par
|move|p2a: Venusaur|Sludge Bomb|p1a: Heatran
|-supereffective|p1a: Heatran
|-damage|p1a: Heatran|4/100 par
|
|upkeep
|turn|21
|
|t:|1776046088
|move|p2a: Venusaur|Knock Off|p1a: Heatran
|-damage|p1a: Heatran|0 fnt
|faint|p1a: Heatran
|
|upkeep
|
|t:|1776046093
|switch|p1a: Meowscarada|Meowscarada, M, shiny|100/100
|turn|22
|
|t:|1776046098
|move|p1a: Meowscarada|Triple Axel|p2a: Venusaur
|-start|p1a: Meowscarada|typechange|Ice|[from] ability: Protean
|-supereffective|p2a: Venusaur
|-damage|p2a: Venusaur|84/100
|-supereffective|p2a: Venusaur
|-damage|p2a: Venusaur|54/100
|-supereffective|p2a: Venusaur
|-damage|p2a: Venusaur|8/100
|-hitcount|p2a: Venusaur|3
|move|p2a: Venusaur|Sludge Bomb|p1a: Meowscarada
|-crit|p1a: Meowscarada
|-damage|p1a: Meowscarada|27/100
|
|-heal|p2a: Venusaur|14/100|[from] item: Leftovers
|upkeep
|turn|23
|
|t:|1776046114
|move|p1a: Meowscarada|Knock Off|p2a: Venusaur
|-damage|p2a: Venusaur|0 fnt
|-enditem|p2a: Venusaur|Leftovers|[from] move: Knock Off|[of] p1a: Meowscarada
|faint|p2a: Venusaur
|
|upkeep
|
|t:|1776046119
|switch|p2a: Blastoise|Blastoise, M|100/100
|-activate|p2a: Blastoise|move: Sticky Web
|-unboost|p2a: Blastoise|spe|1
|-enditem|p2a: Blastoise|White Herb
|-clearnegativeboost|p2a: Blastoise|[silent]
|turn|24
|
|t:|1776046126
|-terastallize|p2a: Blastoise|Electric
|move|p1a: Meowscarada|Flower Trick|p2a: Blastoise
|-crit|p2a: Blastoise
|-damage|p2a: Blastoise|63/100
|move|p2a: Blastoise|Shell Smash|p2a: Blastoise
|-unboost|p2a: Blastoise|def|1
|-unboost|p2a: Blastoise|spd|1
|-boost|p2a: Blastoise|atk|2
|-boost|p2a: Blastoise|spa|2
|-boost|p2a: Blastoise|spe|2
|
|upkeep
|turn|25
|
|t:|1776046151
|move|p2a: Blastoise|Surf|p1a: Meowscarada
|-damage|p1a: Meowscarada|0 fnt
|faint|p1a: Meowscarada
|
|upkeep
|
|t:|1776046156
|switch|p1a: Raging Bolt|Raging Bolt|100/100
|turn|26
|
|t:|1776046161
|move|p2a: Blastoise|Ice Beam|p1a: Raging Bolt
|-supereffective|p1a: Raging Bolt
|-damage|p1a: Raging Bolt|9/100
|move|p1a: Raging Bolt|Draco Meteor|p2a: Blastoise
|-damage|p2a: Blastoise|0 fnt
|-unboost|p1a: Raging Bolt|spa|2
|faint|p2a: Blastoise
|
|win|rein-53
|raw|rein-53's rating: 1309 &rarr; <strong>1328</strong><br />(+19 for winning)
|raw|EST Black's rating: 1300 &rarr; <strong>1276</strong><br />(-24 for losing)
|l|☆EST Black
|player|p2|
