|html|<div class="broadcast-blue"><strong>[Gen 9] OU is currently suspecting Tera Blast! For information on how to participate check out the <a href="https://www.smogon.com/tools/suspects/view/200">suspect thread</a>.</strong></div>
|j|☆AirYz
|j|☆owdof
|t:|1776065504
|gametype|singles
|player|p1|AirYz|1|1194
|player|p2|owdof|kris-gen2|1247
|gen|9
|tier|[Gen 9] OU
|rated|
|rule|HP Percentage Mod: HP is shown in percentages
|rule|Endless Battle Clause: Forcing endless battles is banned
|rule|Species Clause: Limit one of each Pokémon
|rule|OHKO Clause: OHKO moves are banned
|rule|Evasion Items Clause: Evasion items are banned
|rule|Evasion Moves Clause: Evasion moves are banned
|rule|Evasion Abilities Clause: Evasion abilities are banned
|rule|Sleep Moves Clause: Sleep-inducing moves are banned
|clearpoke
|poke|p1|Greninja-*, M|
|poke|p1|Iron Valiant|
|poke|p1|Kingambit, F|
|poke|p1|Iron Moth|
|poke|p1|Alomomola, M|
|poke|p1|Ribombee, F|
|poke|p2|Iron Valiant|
|poke|p2|Darkrai|
|poke|p2|Gengar, F|
|poke|p2|Zarude|
|poke|p2|Noivern, M|
|poke|p2|Necrozma|
|teampreview
|inactive|Battle timer is ON: inactive players will automatically lose when time's up. (requested by owdof)
|
|t:|1776065517
|teamsize|p1|6
|teamsize|p2|6
|start
|switch|p1a: Ribombee|Ribombee, F|100/100
|switch|p2a: Gengar|Gengar, F|100/100
|turn|1
|
|t:|1776065523
|move|p1a: Ribombee|Sticky Web|p2a: Gengar
|-sidestart|p2: owdof|move: Sticky Web
|move|p2a: Gengar|Encore|p1a: Ribombee
|-start|p1a: Ribombee|Encore
|
|upkeep
|turn|2
|
|t:|1776065530
|switch|p1a: Iron Moth|Iron Moth|100/100
|-enditem|p1a: Iron Moth|Booster Energy
|-activate|p1a: Iron Moth|ability: Quark Drive|[fromitem]
|-start|p1a: Iron Moth|quarkdrivespe
|move|p2a: Gengar|Will-O-Wisp|p1a: Iron Moth
|-immune|p1a: Iron Moth
|
|upkeep
|turn|3
|
|t:|1776065544
|move|p1a: Iron Moth|Fiery Dance|p2a: Gengar
|-damage|p2a: Gengar|46/100
|move|p2a: Gengar|Perish Song|p2a: Gengar
|-start|p1a: Iron Moth|perish3|[silent]
|-start|p2a: Gengar|perish3|[silent]
|-fieldactivate|move: Perish Song
|
|-heal|p2a: Gengar|53/100|[from] item: Leftovers
|-start|p1a: Iron Moth|perish3
|-start|p2a: Gengar|perish3
|upkeep
|turn|4
|
|t:|1776065556
|move|p1a: Iron Moth|Fiery Dance|p2a: Gengar
|-damage|p2a: Gengar|3/100
|move|p2a: Gengar|Hex|p1a: Iron Moth
|-crit|p1a: Iron Moth
|-damage|p1a: Iron Moth|60/100
|
|-heal|p2a: Gengar|9/100|[from] item: Leftovers
|-start|p1a: Iron Moth|perish2
|-start|p2a: Gengar|perish2
|upkeep
|turn|5
|
|t:|1776065567
|switch|p2a: Noivern|Noivern, M|100/100
|move|p1a: Iron Moth|Fiery Dance|p2a: Noivern
|-resisted|p2a: Noivern
|-damage|p2a: Noivern|74/100
|-boost|p1a: Iron Moth|spa|1
|
|-start|p1a: Iron Moth|perish1
|upkeep
|turn|6
|
|t:|1776065579
|move|p1a: Iron Moth|Dazzling Gleam|p2a: Noivern
|-supereffective|p2a: Noivern
|-damage|p2a: Noivern|0 fnt
|faint|p2a: Noivern
|
|-start|p1a: Iron Moth|perish0
|upkeep
|faint|p1a: Iron Moth
|-end|p1a: Iron Moth|Quark Drive|[silent]
|
|t:|1776065587
|switch|p2a: Zarude|Zarude|100/100
|switch|p1a: Ribombee|Ribombee, F|100/100
|-activate|p2a: Zarude|move: Sticky Web
|-unboost|p2a: Zarude|spe|1
|turn|7
|
|t:|1776065593
|move|p1a: Ribombee|Moonblast|p2a: Zarude
|-supereffective|p2a: Zarude
|-damage|p2a: Zarude|31/100
|move|p2a: Zarude|Trailblaze|p1a: Ribombee
|-resisted|p1a: Ribombee
|-damage|p1a: Ribombee|78/100
|-boost|p2a: Zarude|spe|1
|
|upkeep
|turn|8
|
|t:|1776065604
|move|p1a: Ribombee|Moonblast|p2a: Zarude
|-supereffective|p2a: Zarude
|-crit|p2a: Zarude
|-damage|p2a: Zarude|0 fnt
|faint|p2a: Zarude
|
|upkeep
|-message|owdof forfeited.
|
|win|AirYz
|raw|AirYz's rating: 1194 &rarr; <strong>1223</strong><br />(+29 for winning)
|raw|owdof's rating: 1247 &rarr; <strong>1218</strong><br />(-29 for losing)
|l|☆owdof
|player|p2|
|l|☆AirYz
|player|p1|
