|html|<div class="broadcast-blue"><strong>[Gen 9] OU is currently suspecting Volcarona! For information on how to participate check out the <a href="https://www.smogon.com/tools/suspects/view/208">suspect thread</a>.</strong></div>
|j|☆cafecr
|j|☆gulp1
|t:|1778501071
|gametype|singles
|player|p1|cafecr|265|1247
|player|p2|gulp1|2|1187
|gen|9
|tier|[Gen 9] OU
|rated|
|rule|HP Percentage Mod: HP is shown in percentages
|rule|Endless Battle Clause: Forcing endless battles is banned
|rule|Species Clause: Limit one of each Pokémon
|rule|OHKO Clause: OHKO moves are banned
|rule|Evasion Items Clause: Evasion items are banned
|rule|Evasion Moves Clause: Evasion moves are banned
|rule|Evasion Abilities Clause: Evasion abilities are banned
|rule|Sleep Moves Clause: Sleep-inducing moves are banned
|clearpoke
|poke|p1|Torkoal, F|
|poke|p1|Venusaur, F|
|poke|p1|Walking Wake|
|poke|p1|Hatterene, F|
|poke|p1|Great Tusk|
|poke|p1|Volcarona, M|
|poke|p2|Glimmora, M|
|poke|p2|Bronzong|
|poke|p2|Ceruledge, F|
|poke|p2|Clefable, M|
|poke|p2|Lapras, F|
|poke|p2|Pawmot, F|
|teampreview
|inactive|Battle timer is ON: inactive players will automatically lose when time's up. (requested by cafecr)
|
|t:|1778501101
|teamsize|p1|6
|teamsize|p2|6
|start
|switch|p1a: Don|Great Tusk, shiny|100/100
|switch|p2a: Glimmora|Glimmora, M, shiny|100/100
|turn|1
|
|t:|1778501110
|switch|p2a: Bronzong|Bronzong, shiny|100/100
|move|p1a: Don|Rapid Spin|p2a: Bronzong
|-resisted|p2a: Bronzong
|-damage|p2a: Bronzong|95/100
|-boost|p1a: Don|spe|1
|
|-damage|p2a: Bronzong|82/100|[from] item: Sticky Barb
|upkeep
|turn|2
|inactive|cafecr has 120 seconds left.
|
|t:|1778501156
|-end|p1a: Don|Protosynthesis|[silent]
|switch|p1a: Volcarona|Volcarona, M|100/100
|move|p2a: Bronzong|Trick|p1a: Volcarona
|-activate|p2a: Bronzong|move: Trick|[of] p1a: Volcarona
|-item|p1a: Volcarona|Sticky Barb|[from] move: Trick
|-item|p2a: Bronzong|Heavy-Duty Boots|[from] move: Trick
|
|-damage|p1a: Volcarona|88/100|[from] item: Sticky Barb
|upkeep
|turn|3
|inactive|gulp1 has 120 seconds left.
|inactive|gulp1 has 90 seconds left.
|
|t:|1778501229
|switch|p1a: Don|Great Tusk, shiny|100/100
|switch|p2a: Glimmora|Glimmora, M, shiny|100/100
|
|upkeep
|turn|4
|
|t:|1778501236
|move|p1a: Don|Rapid Spin|p2a: Glimmora
|-resisted|p2a: Glimmora
|-damage|p2a: Glimmora|92/100
|-boost|p1a: Don|spe|1
|-activate|p2a: Glimmora|ability: Toxic Debris
|-sidestart|p1: cafecr|move: Toxic Spikes
|-sideend|p1: cafecr|Toxic Spikes|[from] move: Rapid Spin|[of] p1a: Don
|move|p2a: Glimmora|Mortal Spin|p1a: Don
|-resisted|p1a: Don
|-damage|p1a: Don|98/100
|-status|p1a: Don|psn
|
|-damage|p1a: Don|86/100 psn|[from] psn
|upkeep
|turn|5
|inactive|cafecr has 120 seconds left.
|inactive|gulp1 has 90 seconds left.
|
|t:|1778501247
|move|p1a: Don|Headlong Rush|p2a: Glimmora
|-supereffective|p2a: Glimmora
|-crit|p2a: Glimmora
|-damage|p2a: Glimmora|0 fnt
|-unboost|p1a: Don|def|1
|-unboost|p1a: Don|spd|1
|-activate|p2a: Glimmora|ability: Toxic Debris
|-sidestart|p1: cafecr|move: Toxic Spikes
|faint|p2a: Glimmora
|
|-damage|p1a: Don|74/100 psn|[from] psn
|upkeep
|
|t:|1778501259
|switch|p2a: Ceruledge|Ceruledge, F|100/100
|turn|6
|
|t:|1778501264
|switch|p2a: Bronzong|Bronzong, shiny|82/100
|move|p1a: Don|Headlong Rush|p2a: Bronzong
|-immune|p2a: Bronzong|[from] ability: Levitate
|
|-damage|p1a: Don|61/100 psn|[from] psn
|upkeep
|turn|7
|
|t:|1778501273
|move|p1a: Don|Temper Flare|p2a: Bronzong
|-supereffective|p2a: Bronzong
|-damage|p2a: Bronzong|6/100
|move|p2a: Bronzong|Stealth Rock|p1a: Don
|-sidestart|p1: cafecr|move: Stealth Rock
|
|-damage|p1a: Don|49/100 psn|[from] psn
|upkeep
|turn|8
|
|t:|1778501280
|switch|p2a: Ceruledge|Ceruledge, F|100/100
|move|p1a: Don|Rapid Spin|p2a: Ceruledge
|-immune|p2a: Ceruledge
|
|-damage|p1a: Don|36/100 psn|[from] psn
|upkeep
|turn|9
|
|t:|1778501292
|move|p2a: Ceruledge|Shadow Sneak|p1a: Don
|-damage|p1a: Don|14/100 psn
|move|p1a: Don|Rapid Spin|p2a: Ceruledge
|-immune|p2a: Ceruledge
|
|-damage|p1a: Don|1/100 psn|[from] psn
|upkeep
|turn|10
|
|t:|1778501298
|move|p2a: Ceruledge|Shadow Sneak|p1a: Don
|-damage|p1a: Don|0 fnt
|faint|p1a: Don
|-end|p1a: Don|Protosynthesis|[silent]
|
|upkeep
|
|t:|1778501312
|switch|p1a: Walking Wake|Walking Wake|100/100
|-status|p1a: Walking Wake|psn
|-damage|p1a: Walking Wake|88/100 psn|[from] Stealth Rock
|turn|11
|
|t:|1778501319
|switch|p2a: Lapras|Lapras, F, shiny|100/100
|move|p1a: Walking Wake|Hydro Steam|p2a: Lapras
|-immune|p2a: Lapras|[from] ability: Water Absorb
|
|-damage|p1a: Walking Wake|76/100 psn|[from] psn
|upkeep
|turn|12
|inactive|gulp1 has 120 seconds left.
|
|t:|1778501342
|-end|p1a: Walking Wake|Protosynthesis|[silent]
|switch|p1a: Venusaur|Venusaur, F|100/100
|-sideend|p1: cafecr|move: Toxic Spikes|[of] p1a: Venusaur
|-damage|p1a: Venusaur|88/100|[from] Stealth Rock
|move|p2a: Lapras|Reflect|p2a: Lapras
|-sidestart|p2: gulp1|Reflect
|
|upkeep
|turn|13
|inactive|gulp1 has 120 seconds left.
|
|t:|1778501357
|switch|p1a: Torkoal|Torkoal, F|100/100
|-damage|p1a: Torkoal|76/100|[from] Stealth Rock
|-weather|SunnyDay|[from] ability: Drought|[of] p1a: Torkoal
|move|p2a: Lapras|Freeze-Dry|p1a: Torkoal
|-resisted|p1a: Torkoal
|-damage|p1a: Torkoal|64/100
|
|-weather|SunnyDay|[upkeep]
|upkeep
|turn|14
|
|t:|1778501366
|move|p2a: Lapras|Perish Song|p2a: Lapras
|-start|p1a: Torkoal|perish3|[silent]
|-start|p2a: Lapras|perish3|[silent]
|-fieldactivate|move: Perish Song
|move|p1a: Torkoal|Rapid Spin|p2a: Lapras
|-damage|p2a: Lapras|97/100
|-boost|p1a: Torkoal|spe|1
|-sideend|p1: cafecr|Stealth Rock|[from] move: Rapid Spin|[of] p1a: Torkoal
|
|-weather|SunnyDay|[upkeep]
|-heal|p2a: Lapras|100/100|[from] item: Leftovers
|-start|p2a: Lapras|perish3
|-start|p1a: Torkoal|perish3
|upkeep
|turn|15
|inactive|gulp1 has 120 seconds left.
|
|t:|1778501376
|switch|p1a: Venusaur|Venusaur, F|88/100
|move|p2a: Lapras|Freeze-Dry|p1a: Venusaur
|-supereffective|p1a: Venusaur
|-damage|p1a: Venusaur|40/100
|
|-weather|SunnyDay|[upkeep]
|-start|p2a: Lapras|perish2
|upkeep
|turn|16
|inactive|gulp1 has 120 seconds left.
|
|t:|1778501390
|switch|p2a: Bronzong|Bronzong, shiny|6/100
|move|p1a: Venusaur|Growth|p1a: Venusaur
|-boost|p1a: Venusaur|atk|2
|-boost|p1a: Venusaur|spa|2
|
|-weather|SunnyDay|[upkeep]
|-sideend|p2: gulp1|Reflect
|upkeep
|turn|17
|
|t:|1778501397
|move|p1a: Venusaur|Giga Drain|p2a: Bronzong
|-resisted|p2a: Bronzong
|-damage|p2a: Bronzong|0 fnt
|-heal|p1a: Venusaur|43/100|[from] drain|[of] p2a: Bronzong
|faint|p2a: Bronzong
|-damage|p1a: Venusaur|33/100|[from] item: Life Orb
|
|-weather|SunnyDay|[upkeep]
|upkeep
|inactive|gulp1 has 120 seconds left.
|
|t:|1778501408
|switch|p2a: Ceruledge|Ceruledge, F|100/100
|turn|18
|inactive|gulp1 has 120 seconds left.
|
|t:|1778501418
|-terastallize|p2a: Ceruledge|Ghost
|move|p2a: Ceruledge|Shadow Sneak|p1a: Venusaur
|-damage|p1a: Venusaur|0 fnt
|faint|p1a: Venusaur
|
|-weather|SunnyDay|[upkeep]
|upkeep
|
|t:|1778501434
|switch|p1a: Hatterene|Hatterene, F, shiny|100/100
|turn|19
|
|t:|1778501441
|move|p2a: Ceruledge|Shadow Sneak|p1a: Hatterene
|-supereffective|p1a: Hatterene
|-damage|p1a: Hatterene|54/100
|-enditem|p1a: Hatterene|Eject Button
|
|t:|1778501448
|switch|p1a: Walking Wake|Walking Wake|76/100 psn
|-activate|p1a: Walking Wake|ability: Protosynthesis
|-start|p1a: Walking Wake|protosynthesisspa
|
|-weather|SunnyDay|[upkeep]
|-damage|p1a: Walking Wake|63/100 psn|[from] psn
|upkeep
|turn|20
|
|t:|1778501458
|-terastallize|p1a: Walking Wake|Water
|move|p1a: Walking Wake|Hydro Steam|p2a: Ceruledge
|-damage|p2a: Ceruledge|0 fnt
|faint|p2a: Ceruledge
|
|-weather|none
|-end|p1a: Walking Wake|Protosynthesis
|-damage|p1a: Walking Wake|51/100 psn|[from] psn
|upkeep
|
|t:|1778501465
|switch|p2a: Lapras|Lapras, F, shiny|100/100
|turn|21
|
|t:|1778501469
|-end|p1a: Walking Wake|Protosynthesis|[silent]
|switch|p1a: Torkoal|Torkoal, F|64/100
|-weather|SunnyDay|[from] ability: Drought|[of] p1a: Torkoal
|move|p2a: Lapras|Freeze-Dry|p1a: Torkoal
|-resisted|p1a: Torkoal
|-damage|p1a: Torkoal|50/100
|
|-weather|SunnyDay|[upkeep]
|upkeep
|turn|22
|
|t:|1778501477
|switch|p1a: Hatterene|Hatterene, F, shiny|54/100
|move|p2a: Lapras|Freeze-Dry|p1a: Hatterene
|-damage|p1a: Hatterene|33/100
|
|-weather|SunnyDay|[upkeep]
|upkeep
|turn|23
|
|t:|1778501485
|move|p2a: Lapras|Liquidation|p1a: Hatterene
|-damage|p1a: Hatterene|23/100
|move|p1a: Hatterene|Healing Wish|p1a: Hatterene
|faint|p1a: Hatterene
|
|-weather|SunnyDay|[upkeep]
|upkeep
|
|t:|1778501493
|switch|p1a: Walking Wake|Walking Wake, tera:Water|51/100 psn
|-heal|p1a: Walking Wake|100/100|[from] move: Healing Wish
|-activate|p1a: Walking Wake|ability: Protosynthesis
|-start|p1a: Walking Wake|protosynthesisspa
|turn|24
|
|t:|1778501499
|move|p1a: Walking Wake|Flamethrower|p2a: Lapras
|-damage|p2a: Lapras|27/100
|move|p2a: Lapras|Freeze-Dry|p1a: Walking Wake
|-supereffective|p1a: Walking Wake
|-damage|p1a: Walking Wake|49/100
|
|-weather|SunnyDay|[upkeep]
|-heal|p2a: Lapras|33/100|[from] item: Leftovers
|upkeep
|turn|25
|
|t:|1778501512
|move|p1a: Walking Wake|Flamethrower|p2a: Lapras
|-damage|p2a: Lapras|0 fnt
|faint|p2a: Lapras
|
|-weather|SunnyDay|[upkeep]
|upkeep
|
|t:|1778501518
|switch|p2a: Clefable|Clefable, M, shiny|100/100
|turn|26
|
|t:|1778501522
|-end|p1a: Walking Wake|Protosynthesis|[silent]
|switch|p1a: Torkoal|Torkoal, F|50/100
|move|p2a: Clefable|Moonblast|p1a: Torkoal
|-resisted|p1a: Torkoal
|-damage|p1a: Torkoal|32/100
|
|-weather|SunnyDay|[upkeep]
|upkeep
|turn|27
|
|t:|1778501533
|switch|p1a: Walking Wake|Walking Wake, tera:Water|49/100
|-activate|p1a: Walking Wake|ability: Protosynthesis
|-start|p1a: Walking Wake|protosynthesisspa
|move|p2a: Clefable|Moonblast|p1a: Walking Wake
|-damage|p1a: Walking Wake|9/100
|
|-weather|SunnyDay|[upkeep]
|upkeep
|turn|28
|
|t:|1778501550
|move|p1a: Walking Wake|Hydro Steam|p2a: Clefable
|-damage|p2a: Clefable|0 fnt
|faint|p2a: Clefable
|
|-weather|none
|-end|p1a: Walking Wake|Protosynthesis
|upkeep
|
|t:|1778501555
|switch|p2a: Pawmot|Pawmot, F, shiny|100/100
|turn|29
|
|t:|1778501560
|-end|p1a: Walking Wake|Protosynthesis|[silent]
|switch|p1a: Torkoal|Torkoal, F|32/100
|-weather|SunnyDay|[from] ability: Drought|[of] p1a: Torkoal
|move|p2a: Pawmot|Thunder Punch|p1a: Torkoal
|-damage|p1a: Torkoal|2/100
|
|-weather|SunnyDay|[upkeep]
|upkeep
|turn|30
|
|t:|1778501568
|move|p2a: Pawmot|Revival Blessing|p2a: Pawmot
|-enditem|p2a: Pawmot|Leppa Berry|[eat]
|-activate|p2a: Pawmot|item: Leppa Berry|Revival Blessing|[consumed]
|
|t:|1778501572
|-heal|p2: Lapras|50/100|[from] move: Revival Blessing
|move|p1a: Torkoal|Flamethrower|p2a: Pawmot
|-damage|p2a: Pawmot|12/100
|
|-weather|SunnyDay|[upkeep]
|upkeep
|turn|31
|
|t:|1778501583
|move|p2a: Pawmot|Thunder Punch|p1a: Torkoal
|-damage|p1a: Torkoal|0 fnt
|faint|p1a: Torkoal
|
|-weather|SunnyDay|[upkeep]
|upkeep
|
|t:|1778501585
|switch|p1a: Volcarona|Volcarona, M|88/100
|turn|32
|
|t:|1778501598
|move|p2a: Pawmot|Thunder Punch|p1a: Volcarona
|-damage|p1a: Volcarona|45/100
|-status|p2a: Pawmot|brn|[from] ability: Flame Body|[of] p1a: Volcarona
|move|p1a: Volcarona|Quiver Dance|p1a: Volcarona
|-boost|p1a: Volcarona|spa|1
|-boost|p1a: Volcarona|spd|1
|-boost|p1a: Volcarona|spe|1
|
|-weather|SunnyDay|[upkeep]
|-damage|p2a: Pawmot|6/100 brn|[from] brn
|-damage|p2a: Pawmot|0 fnt|[from] item: Sticky Barb
|faint|p2a: Pawmot
|upkeep
|
|t:|1778501609
|switch|p2a: Lapras|Lapras, F, shiny|50/100
|turn|33
|inactive|gulp1 has 120 seconds left.
|inactive|gulp1 has 90 seconds left.
|
|t:|1778501682
|move|p1a: Volcarona|Flamethrower|p2a: Lapras
|-damage|p2a: Lapras|0 fnt
|faint|p2a: Lapras
|
|win|cafecr
|raw|cafecr's rating: 1247 &rarr; <strong>1268</strong><br />(+21 for winning)
|raw|gulp1's rating: 1187 &rarr; <strong>1166</strong><br />(-21 for losing)
|l|☆cafecr
|player|p1|
|l|☆gulp1
|player|p2|
