|j|☆cherryclona
|j|☆nasweer
|inactive|Battle timer is ON: inactive players will automatically lose when time's up.
|t:|1776170868
|gametype|singles
|player|p1|cherryclona|chili|
|player|p2|nasweer|101|
|gen|9
|tier|[Gen 9] OU
|rated|Tournament battle
|rule|HP Percentage Mod: HP is shown in percentages
|rule|Endless Battle Clause: Forcing endless battles is banned
|rule|Species Clause: Limit one of each Pokémon
|rule|OHKO Clause: OHKO moves are banned
|rule|Evasion Items Clause: Evasion items are banned
|rule|Evasion Moves Clause: Evasion moves are banned
|rule|Evasion Abilities Clause: Evasion abilities are banned
|rule|Sleep Moves Clause: Sleep-inducing moves are banned
|raw|<div class="infobox"><details class="readmore"><summary><strong>15 custom rules:</strong></summary> -burmy, -caterpie, -combee, -kricketot, -magikarp, -scatterbug, -sunkern, -tynamo, -typenull, -weedle, -wurmple, -cosmog, -blipbug, -snom, -wynaut</details></div>
|clearpoke
|poke|p1|Pawniard, F|
|poke|p1|Chansey, F|
|poke|p1|Dragonite, F|
|poke|p2|Breloom, M|
|poke|p2|Sneasel, M|
|poke|p2|Salamence, M|
|teampreview
|inactive|cherryclona also wants the timer to be on.
|j|*Lady Monita 
|c|☆cherryclona|gl hf!
|inactive|cherryclona has 120 seconds left.
|
|t:|1776170915
|teamsize|p1|3
|teamsize|p2|3
|start
|switch|p1a: Chansey|Chansey, F|100/100
|switch|p2a: Breloom|Breloom, M|100/100
|turn|1
|j| elitemasterjames
|
|t:|1776170929
|-terastallize|p1a: Chansey|Water
|move|p2a: Breloom|Swords Dance|p2a: Breloom
|-boost|p2a: Breloom|atk|2
|move|p1a: Chansey|Thunder Wave|p2a: Breloom
|-status|p2a: Breloom|par
|
|upkeep
|turn|2
|
|t:|1776170934
|move|p1a: Chansey|Stealth Rock|p2a: Breloom
|-sidestart|p2: nasweer|move: Stealth Rock
|move|p2a: Breloom|Seed Bomb|p1a: Chansey
|-supereffective|p1a: Chansey
|-damage|p1a: Chansey|0 fnt
|faint|p1a: Chansey
|
|upkeep
|
|t:|1776170943
|switch|p1a: Dragonite|Dragonite, F|100/100
|turn|3
|
|t:|1776170947
|move|p1a: Dragonite|Outrage|p2a: Breloom
|-enditem|p2a: Breloom|Focus Sash
|-damage|p2a: Breloom|1/100 par
|move|p2a: Breloom|Stone Edge|p1a: Dragonite|[miss]
|-miss|p2a: Breloom|p1a: Dragonite
|
|upkeep
|turn|4
|j| iamstupiditstrue
|
|t:|1776170956
|move|p2a: Breloom|Mach Punch|p1a: Dragonite
|-resisted|p1a: Dragonite
|-damage|p1a: Dragonite|81/100
|move|p1a: Dragonite|Outrage|p2a: Breloom|[from] lockedmove
|-damage|p2a: Breloom|0 fnt
|faint|p2a: Breloom
|
|upkeep
|
|t:|1776170962
|switch|p2a: Sneasel|Sneasel, M|100/100
|-damage|p2a: Sneasel|76/100|[from] Stealth Rock
|turn|5
|
|t:|1776170964
|move|p2a: Sneasel|Icicle Crash|p1a: Dragonite
|-supereffective|p1a: Dragonite
|-damage|p1a: Dragonite|0 fnt
|faint|p1a: Dragonite
|
|upkeep
|
|t:|1776170966
|switch|p1a: Pawniard|Pawniard, F|100/100
|turn|6
|
|t:|1776170970
|move|p2a: Sneasel|Knock Off|p1a: Pawniard
|-resisted|p1a: Pawniard
|-damage|p1a: Pawniard|78/100
|-enditem|p1a: Pawniard|Eviolite|[from] move: Knock Off|[of] p2a: Sneasel
|move|p1a: Pawniard|Iron Head|p2a: Sneasel
|-supereffective|p2a: Sneasel
|-damage|p2a: Sneasel|0 fnt
|faint|p2a: Sneasel
|
|upkeep
|j| Iexisttosuffer
|
|t:|1776170976
|switch|p2a: Salamence|Salamence, M|100/100
|-damage|p2a: Salamence|76/100|[from] Stealth Rock
|turn|7
|
|t:|1776170979
|move|p2a: Salamence|Earthquake|p1a: Pawniard
|-supereffective|p1a: Pawniard
|-damage|p1a: Pawniard|0 fnt
|faint|p1a: Pawniard
|-damage|p2a: Salamence|66/100|[from] item: Life Orb
|
|win|nasweer
|n|☆cherryclona|cherryclona
|n|☆nasweer|nasweer
|n|*Lady Monita |ladymonita
|n| elitemasterjames|elitemasterjames
|n| iamstupiditstrue|iamstupiditstrue
|n| Iexisttosuffer|iexisttosuffer
