|html|<div class="broadcast-blue"><strong>[Gen 9] OU is currently suspecting Tera Blast! For information on how to participate check out the <a href="https://www.smogon.com/tools/suspects/view/200">suspect thread</a>.</strong></div>
|j|☆angel silhouettes
|j|☆OP Earthquakes
|t:|1776212720
|gametype|singles
|player|p1|angel silhouettes|grimsley|1681
|player|p2|OP Earthquakes|giovanni-masters|1734
|gen|9
|tier|[Gen 9] OU
|rated|
|rule|HP Percentage Mod: HP is shown in percentages
|rule|Endless Battle Clause: Forcing endless battles is banned
|rule|Species Clause: Limit one of each Pokémon
|rule|OHKO Clause: OHKO moves are banned
|rule|Evasion Items Clause: Evasion items are banned
|rule|Evasion Moves Clause: Evasion moves are banned
|rule|Evasion Abilities Clause: Evasion abilities are banned
|rule|Sleep Moves Clause: Sleep-inducing moves are banned
|clearpoke
|poke|p1|Iron Treads|
|poke|p1|Ogerpon-Wellspring, F|
|poke|p1|Dragonite, F|
|poke|p1|Iron Moth|
|poke|p1|Iron Valiant|
|poke|p1|Gholdengo|
|poke|p2|Excadrill, F|
|poke|p2|Tyranitar, M|
|poke|p2|Kyurem|
|poke|p2|Hawlucha, F|
|poke|p2|Pawmot, F|
|poke|p2|Grimmsnarl, M|
|teampreview
|j| ohko_smeargle
|inactive|Battle timer is ON: inactive players will automatically lose when time's up. (requested by OP Earthquakes)
|
|t:|1776212731
|teamsize|p1|6
|teamsize|p2|6
|start
|switch|p1a: Iron Treads|Iron Treads|100/100
|switch|p2a: Grimmsnarl|Grimmsnarl, M|100/100
|-enditem|p1a: Iron Treads|Booster Energy
|-activate|p1a: Iron Treads|ability: Quark Drive|[fromitem]
|-start|p1a: Iron Treads|quarkdrivespe
|turn|1
|
|t:|1776212739
|move|p1a: Iron Treads|Stealth Rock|p2a: Grimmsnarl
|-sidestart|p2: OP Earthquakes|move: Stealth Rock
|move|p2a: Grimmsnarl|Drain Punch|p1a: Iron Treads
|-supereffective|p1a: Iron Treads
|-damage|p1a: Iron Treads|47/100
|
|upkeep
|turn|2
|
|t:|1776212764
|-end|p1a: Iron Treads|Quark Drive|[silent]
|switch|p1a: Ogerpon|Ogerpon-Wellspring, F|100/100
|move|p2a: Grimmsnarl|Reflect|p2a: Grimmsnarl
|-sidestart|p2: OP Earthquakes|Reflect
|
|upkeep
|turn|3
|
|t:|1776212768
|move|p2a: Grimmsnarl|Thunder Wave|p1a: Ogerpon
|-status|p1a: Ogerpon|par
|move|p1a: Ogerpon|Encore|p2a: Grimmsnarl
|-start|p2a: Grimmsnarl|Encore
|
|upkeep
|turn|4
|
|t:|1776212777
|switch|p2a: Itachi|Hawlucha, F, shiny|100/100
|-damage|p2a: Itachi|88/100|[from] Stealth Rock
|-ability|p2a: Itachi|Mold Breaker
|switch|p1a: Iron Treads|Iron Treads|47/100
|
|upkeep
|turn|5
|
|t:|1776212786
|-end|p1a: Iron Treads|Quark Drive|[silent]
|switch|p1a: Gholdengo|Gholdengo|100/100
|-item|p1a: Gholdengo|Air Balloon
|move|p2a: Itachi|Defog|p1a: Gholdengo
|-unboost|p1a: Gholdengo|evasion|1
|-sideend|p2: OP Earthquakes|Stealth Rock|[from] move: Defog|[of] p2a: Itachi
|
|upkeep
|turn|6
|
|t:|1776212794
|move|p2a: Itachi|Brave Bird|p1a: Gholdengo
|-resisted|p1a: Gholdengo
|-damage|p1a: Gholdengo|84/100
|-enditem|p1a: Gholdengo|Air Balloon
|-damage|p2a: Itachi|81/100|[from] Recoil
|move|p1a: Gholdengo|Nasty Plot|p1a: Gholdengo
|-boost|p1a: Gholdengo|spa|2
|
|upkeep
|turn|7
|
|t:|1776212800
|move|p2a: Itachi|Encore|p1a: Gholdengo
|-start|p1a: Gholdengo|Encore
|move|p1a: Gholdengo|Nasty Plot|p1a: Gholdengo
|-boost|p1a: Gholdengo|spa|2
|
|upkeep
|turn|8
|
|t:|1776212808
|switch|p1a: Iron Treads|Iron Treads|47/100
|move|p2a: Itachi|Brave Bird|p1a: Iron Treads
|-resisted|p1a: Iron Treads
|-damage|p1a: Iron Treads|26/100
|-damage|p2a: Itachi|74/100|[from] Recoil
|
|upkeep
|turn|9
|
|t:|1776212815
|-end|p1a: Iron Treads|Quark Drive|[silent]
|switch|p1a: Gholdengo|Gholdengo|84/100
|move|p2a: Itachi|Brave Bird|p1a: Gholdengo
|-resisted|p1a: Gholdengo
|-damage|p1a: Gholdengo|67/100
|-damage|p2a: Itachi|67/100|[from] Recoil
|
|-sideend|p2: OP Earthquakes|Reflect
|upkeep
|turn|10
|
|t:|1776212828
|move|p2a: Itachi|Swords Dance|p2a: Itachi
|-boost|p2a: Itachi|atk|2
|move|p1a: Gholdengo|Make It Rain|p2a: Itachi
|-damage|p2a: Itachi|0 fnt
|-unboost|p1a: Gholdengo|spa|1
|faint|p2a: Itachi
|
|upkeep
|
|t:|1776212834
|switch|p2a: Frieza|Kyurem, shiny|100/100
|-ability|p2a: Frieza|Pressure
|turn|11
|
|t:|1776212856
|switch|p1a: Ogerpon|Ogerpon-Wellspring, F|100/100 par
|-terastallize|p2a: Frieza|Ghost
|move|p2a: Frieza|Earth Power|p1a: Ogerpon
|-resisted|p1a: Ogerpon
|-damage|p1a: Ogerpon|79/100 par
|
|upkeep
|turn|12
|
|t:|1776212864
|move|p2a: Frieza|Freeze-Dry|p1a: Ogerpon
|-supereffective|p1a: Ogerpon
|-damage|p1a: Ogerpon|0 fnt
|faint|p1a: Ogerpon
|
|upkeep
|j| Supa Dupa Hoopa
|
|t:|1776212881
|switch|p1a: Iron Treads|Iron Treads|26/100
|turn|13
|
|t:|1776212884
|move|p1a: Iron Treads|Stealth Rock|p2a: Frieza
|-sidestart|p2: OP Earthquakes|move: Stealth Rock
|move|p2a: Frieza|Earth Power|p1a: Iron Treads
|-supereffective|p1a: Iron Treads
|-damage|p1a: Iron Treads|0 fnt
|faint|p1a: Iron Treads
|-end|p1a: Iron Treads|Quark Drive|[silent]
|
|upkeep
|inactive|angel silhouettes has 120 seconds left.
|c|☆OP Earthquakes|An attack was more valuable
|
|t:|1776212913
|switch|p1a: Iron Valiant|Iron Valiant|100/100
|-enditem|p1a: Iron Valiant|Booster Energy
|-activate|p1a: Iron Valiant|ability: Quark Drive|[fromitem]
|-start|p1a: Iron Valiant|quarkdrivespe
|turn|14
|inactive|angel silhouettes has 120 seconds left.
|
|t:|1776212926
|switch|p2a: The sandstorm|Tyranitar, M, shiny|100/100
|-damage|p2a: The sandstorm|88/100|[from] Stealth Rock
|-weather|Sandstorm|[from] ability: Sand Stream|[of] p2a: The sandstorm
|move|p1a: Iron Valiant|Knock Off|p2a: The sandstorm
|-resisted|p2a: The sandstorm
|-damage|p2a: The sandstorm|78/100
|-enditem|p2a: The sandstorm|Smooth Rock|[from] move: Knock Off|[of] p1a: Iron Valiant
|
|-weather|Sandstorm|[upkeep]
|-damage|p1a: Iron Valiant|94/100|[from] Sandstorm
|upkeep
|turn|15
|
|t:|1776212941
|switch|p2a: Grimmsnarl|Grimmsnarl, M|100/100
|-damage|p2a: Grimmsnarl|88/100|[from] Stealth Rock
|move|p1a: Iron Valiant|Close Combat|p2a: Grimmsnarl
|-damage|p2a: Grimmsnarl|19/100
|-unboost|p1a: Iron Valiant|def|1
|-unboost|p1a: Iron Valiant|spd|1
|
|-weather|Sandstorm|[upkeep]
|-damage|p1a: Iron Valiant|88/100|[from] Sandstorm
|-damage|p2a: Grimmsnarl|13/100|[from] Sandstorm
|upkeep
|turn|16
|
|t:|1776212959
|-end|p1a: Iron Valiant|Quark Drive|[silent]
|switch|p1a: Gholdengo|Gholdengo|67/100
|move|p2a: Grimmsnarl|Light Screen|p2a: Grimmsnarl
|-sidestart|p2: OP Earthquakes|move: Light Screen
|
|-weather|Sandstorm|[upkeep]
|-damage|p2a: Grimmsnarl|7/100|[from] Sandstorm
|upkeep
|turn|17
|
|t:|1776212967
|move|p2a: Grimmsnarl|Reflect|p2a: Grimmsnarl
|-sidestart|p2: OP Earthquakes|Reflect
|move|p1a: Gholdengo|Recover|p1a: Gholdengo
|-heal|p1a: Gholdengo|100/100
|
|-weather|Sandstorm|[upkeep]
|-damage|p2a: Grimmsnarl|1/100|[from] Sandstorm
|upkeep
|turn|18
|inactive|OP Earthquakes has 120 seconds left.
|
|t:|1776212994
|switch|p2a: Frieza|Kyurem, shiny, tera:Ghost|100/100
|-damage|p2a: Frieza|88/100|[from] Stealth Rock
|-ability|p2a: Frieza|Pressure
|move|p1a: Gholdengo|Nasty Plot|p1a: Gholdengo
|-boost|p1a: Gholdengo|spa|2
|
|-weather|Sandstorm|[upkeep]
|-damage|p2a: Frieza|82/100|[from] Sandstorm
|upkeep
|turn|19
|inactive|angel silhouettes has 120 seconds left.
|
|t:|1776213027
|move|p2a: Frieza|Shadow Ball|p1a: Gholdengo
|-supereffective|p1a: Gholdengo
|-damage|p1a: Gholdengo|0 fnt
|faint|p1a: Gholdengo
|
|-weather|Sandstorm|[upkeep]
|-damage|p2a: Frieza|76/100|[from] Sandstorm
|upkeep
|j| DJAwesome12
|l| DJAwesome12
|inactive|angel silhouettes has 120 seconds left.
|
|t:|1776213058
|switch|p1a: Iron Valiant|Iron Valiant|88/100
|turn|20
|
|t:|1776213062
|move|p1a: Iron Valiant|Knock Off|p2a: Frieza
|-supereffective|p2a: Frieza
|-damage|p2a: Frieza|49/100
|-enditem|p2a: Frieza|Expert Belt|[from] move: Knock Off|[of] p1a: Iron Valiant
|move|p2a: Frieza|Shadow Ball|p1a: Iron Valiant
|-damage|p1a: Iron Valiant|0 fnt
|faint|p1a: Iron Valiant
|-end|p1a: Iron Valiant|Quark Drive|[silent]
|
|-weather|Sandstorm|[upkeep]
|-damage|p2a: Frieza|43/100|[from] Sandstorm
|upkeep
|inactive|angel silhouettes has 90 seconds left.
|
|t:|1776213087
|switch|p1a: Iron Moth|Iron Moth|100/100
|-enditem|p1a: Iron Moth|Booster Energy
|-activate|p1a: Iron Moth|ability: Quark Drive|[fromitem]
|-start|p1a: Iron Moth|quarkdrivespe
|turn|21
|
|t:|1776213090
|move|p1a: Iron Moth|Fiery Dance|p2a: Frieza
|-damage|p2a: Frieza|26/100
|-boost|p1a: Iron Moth|spa|1
|move|p2a: Frieza|Earth Power|p1a: Iron Moth
|-supereffective|p1a: Iron Moth
|-damage|p1a: Iron Moth|0 fnt
|faint|p1a: Iron Moth
|-end|p1a: Iron Moth|Quark Drive|[silent]
|
|-weather|none
|upkeep
|
|t:|1776213094
|switch|p1a: Dragonite|Dragonite, F|100/100
|turn|22
|
|t:|1776213099
|-terastallize|p1a: Dragonite|Normal
|move|p2a: Frieza|Endeavor|p1a: Dragonite
|-damage|p1a: Dragonite|32/100
|move|p1a: Dragonite|Dragon Dance|p1a: Dragonite
|-boost|p1a: Dragonite|atk|1
|-boost|p1a: Dragonite|spe|1
|
|upkeep
|turn|23
|inactive|angel silhouettes has 120 seconds left.
|-message|angel silhouettes forfeited.
|
|win|OP Earthquakes
|raw|angel silhouettes's rating: 1681 &rarr; <strong>1664</strong><br />(-17 for losing)
|raw|OP Earthquakes's rating: 1734 &rarr; <strong>1751</strong><br />(+17 for winning)
|l|☆angel silhouettes
|player|p1|
|l| ohko_smeargle
|c|☆OP Earthquakes|Lol
