|html|<div class="broadcast-blue"><strong>[Gen 9] OU is currently suspecting Volcarona! For information on how to participate check out the <a href="https://www.smogon.com/tools/suspects/view/208">suspect thread</a>.</strong></div>
|j|☆chedeqing
|j|‽ayerbe
|t:|1778505793
|gametype|singles
|player|p1|chedeqing|riley|1596
|player|p2|ayerbe|blackbelt-gen4dp|1613
|gen|9
|tier|[Gen 9] OU
|rated|
|rule|HP Percentage Mod: HP is shown in percentages
|rule|Endless Battle Clause: Forcing endless battles is banned
|rule|Species Clause: Limit one of each Pokémon
|rule|OHKO Clause: OHKO moves are banned
|rule|Evasion Items Clause: Evasion items are banned
|rule|Evasion Moves Clause: Evasion moves are banned
|rule|Evasion Abilities Clause: Evasion abilities are banned
|rule|Sleep Moves Clause: Sleep-inducing moves are banned
|clearpoke
|poke|p1|Regidrago|
|poke|p1|Scizor, F|
|poke|p1|Dragapult, M|
|poke|p1|Quaquaval, M|
|poke|p1|Clodsire, M|
|poke|p1|Corviknight, F|
|poke|p2|Great Tusk|
|poke|p2|Scizor, M|
|poke|p2|Garganacl, M|
|poke|p2|Ting-Lu|
|poke|p2|Raging Bolt|
|poke|p2|Gholdengo|
|teampreview
|inactive|Battle timer is ON: inactive players will automatically lose when time's up. (requested by ayerbe)
|
|t:|1778505810
|teamsize|p1|6
|teamsize|p2|6
|start
|switch|p1a: Dragapult|Dragapult, M, shiny|100/100
|switch|p2a: Scizor|Scizor, M|100/100
|turn|1
|
|t:|1778505819
|switch|p2a: Ting-Lu|Ting-Lu|100/100
|-ability|p2a: Ting-Lu|Vessel of Ruin
|move|p1a: Dragapult|U-turn|p2a: Ting-Lu
|-supereffective|p2a: Ting-Lu
|-damage|p2a: Ting-Lu|81/100
|
|t:|1778505839
|switch|p1a: Quaquaval|Quaquaval, M, shiny|100/100|[from] U-turn
|
|-heal|p2a: Ting-Lu|87/100|[from] item: Leftovers
|upkeep
|turn|2
|
|t:|1778505844
|move|p1a: Quaquaval|Aqua Step|p2a: Ting-Lu
|-supereffective|p2a: Ting-Lu
|-damage|p2a: Ting-Lu|48/100
|-boost|p1a: Quaquaval|spe|1
|move|p2a: Ting-Lu|Stealth Rock|p1a: Quaquaval
|-sidestart|p1: chedeqing|move: Stealth Rock
|
|-heal|p2a: Ting-Lu|54/100|[from] item: Leftovers
|upkeep
|turn|3
|
|t:|1778505852
|switch|p2a: Garganacl|Garganacl, M|100/100
|move|p1a: Quaquaval|Aqua Step|p2a: Garganacl
|-supereffective|p2a: Garganacl
|-damage|p2a: Garganacl|66/100
|-boost|p1a: Quaquaval|spe|1
|
|-heal|p2a: Garganacl|73/100|[from] item: Leftovers
|upkeep
|turn|4
|inactive|chedeqing has 120 seconds left.
|
|t:|1778505887
|switch|p1a: Clodsire|Clodsire, M|100/100
|-terastallize|p2a: Garganacl|Ghost
|move|p2a: Garganacl|Salt Cure|p1a: Clodsire
|-resisted|p1a: Clodsire
|-damage|p1a: Clodsire|93/100
|-start|p1a: Clodsire|Salt Cure
|
|-heal|p2a: Garganacl|79/100|[from] item: Leftovers
|-damage|p1a: Clodsire|81/100|[from] Salt Cure
|upkeep
|turn|5
|inactive|chedeqing has 120 seconds left.
|
|t:|1778505899
|switch|p2a: Ting-Lu|Ting-Lu|54/100
|-ability|p2a: Ting-Lu|Vessel of Ruin
|move|p1a: Clodsire|Stealth Rock|p2a: Ting-Lu
|-sidestart|p2: ayerbe|move: Stealth Rock
|
|-heal|p2a: Ting-Lu|60/100|[from] item: Leftovers
|-damage|p1a: Clodsire|69/100|[from] Salt Cure
|upkeep
|turn|6
|inactive|chedeqing has 120 seconds left.
|
|t:|1778505910
|switch|p1a: Corviknight|Corviknight, F|100/100
|-damage|p1a: Corviknight|88/100|[from] Stealth Rock
|-ability|p1a: Corviknight|Pressure
|move|p2a: Ting-Lu|Spikes|p1a: Corviknight
|-sidestart|p1: chedeqing|Spikes
|
|-heal|p2a: Ting-Lu|67/100|[from] item: Leftovers
|upkeep
|turn|7
|
|t:|1778505918
|move|p1a: Corviknight|U-turn|p2a: Ting-Lu
|-supereffective|p2a: Ting-Lu
|-damage|p2a: Ting-Lu|50/100
|inactive|chedeqing has 120 seconds left.
|
|t:|1778505938
|switch|p1a: Quaquaval|Quaquaval, M, shiny|100/100|[from] U-turn
|move|p2a: Ting-Lu|Spikes|p1a: Quaquaval
|-sidestart|p1: chedeqing|Spikes
|
|-heal|p2a: Ting-Lu|56/100|[from] item: Leftovers
|upkeep
|turn|8
|inactive|chedeqing has 120 seconds left.
|
|t:|1778505946
|switch|p2a: Garganacl|Garganacl, M, tera:Ghost|79/100
|-damage|p2a: Garganacl|66/100|[from] Stealth Rock
|move|p1a: Quaquaval|Swords Dance|p1a: Quaquaval
|-boost|p1a: Quaquaval|atk|2
|
|-heal|p2a: Garganacl|73/100|[from] item: Leftovers
|upkeep
|turn|9
|inactive|chedeqing has 120 seconds left.
|
|t:|1778505968
|switch|p1a: Clodsire|Clodsire, M|69/100
|move|p2a: Garganacl|Salt Cure|p1a: Clodsire
|-resisted|p1a: Clodsire
|-damage|p1a: Clodsire|61/100
|-start|p1a: Clodsire|Salt Cure
|
|-heal|p2a: Garganacl|79/100|[from] item: Leftovers
|-damage|p1a: Clodsire|49/100|[from] Salt Cure
|upkeep
|turn|10
|
|t:|1778505978
|switch|p2a: Ting-Lu|Ting-Lu|56/100
|-damage|p2a: Ting-Lu|50/100|[from] Stealth Rock
|-ability|p2a: Ting-Lu|Vessel of Ruin
|move|p1a: Clodsire|Recover|p1a: Clodsire
|-heal|p1a: Clodsire|99/100
|
|-heal|p2a: Ting-Lu|56/100|[from] item: Leftovers
|-damage|p1a: Clodsire|86/100|[from] Salt Cure
|upkeep
|turn|11
|
|t:|1778505996
|switch|p1a: Quaquaval|Quaquaval, M, shiny|100/100
|move|p2a: Ting-Lu|Spikes|p1a: Quaquaval
|-sidestart|p1: chedeqing|Spikes
|
|-heal|p2a: Ting-Lu|62/100|[from] item: Leftovers
|upkeep
|turn|12
|
|t:|1778506006
|switch|p1a: Regidrago|Regidrago|100/100
|-damage|p1a: Regidrago|88/100|[from] Stealth Rock
|-damage|p1a: Regidrago|63/100|[from] Spikes
|switch|p2a: Garganacl|Garganacl, M, tera:Ghost|79/100
|-damage|p2a: Garganacl|66/100|[from] Stealth Rock
|
|-heal|p2a: Garganacl|73/100|[from] item: Leftovers
|upkeep
|turn|13
|
|t:|1778506020
|switch|p2a: Great Tusk|Great Tusk|100/100
|move|p1a: Regidrago|Draco Meteor|p2a: Great Tusk
|-damage|p2a: Great Tusk|0 fnt
|-unboost|p1a: Regidrago|spa|2
|faint|p2a: Great Tusk
|-end|p2a: Great Tusk|Protosynthesis|[silent]
|
|upkeep
|
|t:|1778506028
|switch|p2a: Raging Bolt|Raging Bolt|100/100
|-damage|p2a: Raging Bolt|88/100|[from] Stealth Rock
|turn|14
|
|t:|1778506033
|move|p1a: Regidrago|Draco Meteor|p2a: Raging Bolt
|-supereffective|p2a: Raging Bolt
|-damage|p2a: Raging Bolt|19/100
|-unboost|p1a: Regidrago|spa|2
|move|p2a: Raging Bolt|Dragon Pulse|p1a: Regidrago
|-supereffective|p1a: Regidrago
|-damage|p1a: Regidrago|0 fnt
|faint|p1a: Regidrago
|
|upkeep
|inactive|chedeqing has 120 seconds left.
|
|t:|1778506046
|switch|p1a: Clodsire|Clodsire, M|86/100
|turn|15
|
|t:|1778506052
|move|p2a: Raging Bolt|Dragon Pulse|p1a: Clodsire
|-damage|p1a: Clodsire|60/100
|move|p1a: Clodsire|Earthquake|p2a: Raging Bolt
|-supereffective|p2a: Raging Bolt
|-crit|p2a: Raging Bolt
|-damage|p2a: Raging Bolt|0 fnt
|faint|p2a: Raging Bolt
|-end|p2a: Raging Bolt|Protosynthesis|[silent]
|
|upkeep
|
|t:|1778506055
|switch|p2a: Garganacl|Garganacl, M, tera:Ghost|73/100
|-damage|p2a: Garganacl|60/100|[from] Stealth Rock
|turn|16
|
|t:|1778506067
|move|p2a: Garganacl|Recover|p2a: Garganacl
|-heal|p2a: Garganacl|100/100
|move|p1a: Clodsire|Earthquake|p2a: Garganacl
|-damage|p2a: Garganacl|88/100
|
|-heal|p2a: Garganacl|94/100|[from] item: Leftovers
|upkeep
|turn|17
|
|t:|1778506080
|move|p2a: Garganacl|Block|p1a: Clodsire
|-activate|p1a: Clodsire|trapped
|move|p1a: Clodsire|Earthquake|p2a: Garganacl
|-damage|p2a: Garganacl|81/100
|
|-heal|p2a: Garganacl|87/100|[from] item: Leftovers
|upkeep
|turn|18
|
|t:|1778506093
|move|p2a: Garganacl|Salt Cure|p1a: Clodsire
|-resisted|p1a: Clodsire
|-damage|p1a: Clodsire|53/100
|-start|p1a: Clodsire|Salt Cure
|move|p1a: Clodsire|Earthquake|p2a: Garganacl
|-damage|p2a: Garganacl|73/100
|
|-heal|p2a: Garganacl|79/100|[from] item: Leftovers
|-damage|p1a: Clodsire|41/100|[from] Salt Cure
|upkeep
|turn|19
|
|t:|1778506102
|move|p2a: Garganacl|Curse|p1a: Clodsire
|-start|p1a: Clodsire|Curse|[of] p2a: Garganacl
|-damage|p2a: Garganacl|29/100
|move|p1a: Clodsire|Recover|p1a: Clodsire
|-heal|p1a: Clodsire|91/100
|
|-heal|p2a: Garganacl|35/100|[from] item: Leftovers
|-damage|p1a: Clodsire|66/100|[from] Curse
|-damage|p1a: Clodsire|54/100|[from] Salt Cure
|upkeep
|turn|20
|
|t:|1778506113
|move|p2a: Garganacl|Recover|p2a: Garganacl
|-heal|p2a: Garganacl|85/100
|move|p1a: Clodsire|Earthquake|p2a: Garganacl
|-damage|p2a: Garganacl|71/100
|
|-heal|p2a: Garganacl|77/100|[from] item: Leftovers
|-damage|p1a: Clodsire|29/100|[from] Curse
|-damage|p1a: Clodsire|17/100|[from] Salt Cure
|upkeep
|turn|21
|
|t:|1778506123
|move|p2a: Garganacl|Salt Cure|p1a: Clodsire
|-resisted|p1a: Clodsire
|-damage|p1a: Clodsire|9/100
|move|p1a: Clodsire|Recover|p1a: Clodsire
|-heal|p1a: Clodsire|59/100
|
|-heal|p2a: Garganacl|83/100|[from] item: Leftovers
|-damage|p1a: Clodsire|34/100|[from] Curse
|-damage|p1a: Clodsire|22/100|[from] Salt Cure
|upkeep
|turn|22
|
|t:|1778506144
|move|p2a: Garganacl|Salt Cure|p1a: Clodsire
|-resisted|p1a: Clodsire
|-damage|p1a: Clodsire|15/100
|move|p1a: Clodsire|Recover|p1a: Clodsire
|-heal|p1a: Clodsire|65/100
|
|-heal|p2a: Garganacl|89/100|[from] item: Leftovers
|-damage|p1a: Clodsire|40/100|[from] Curse
|-damage|p1a: Clodsire|27/100|[from] Salt Cure
|upkeep
|turn|23
|
|t:|1778506154
|move|p2a: Garganacl|Salt Cure|p1a: Clodsire
|-resisted|p1a: Clodsire
|-damage|p1a: Clodsire|20/100
|move|p1a: Clodsire|Earthquake|p2a: Garganacl
|-damage|p2a: Garganacl|76/100
|
|-heal|p2a: Garganacl|82/100|[from] item: Leftovers
|-damage|p1a: Clodsire|0 fnt|[from] Curse
|faint|p1a: Clodsire
|upkeep
|
|t:|1778506165
|switch|p1a: Dragapult|Dragapult, M, shiny|100/100
|turn|24
|-message|ayerbe forfeited.
|
|win|chedeqing
|raw|chedeqing's rating: 1596 &rarr; <strong>1617</strong><br />(+21 for winning)
|raw|ayerbe's rating: 1613 &rarr; <strong>1592</strong><br />(-21 for losing)
|l|‽ayerbe
|player|p2|
|l|☆chedeqing
|player|p1|
