|html|<div class="broadcast-blue"><strong>[Gen 9] OU is currently suspecting Tera Blast! For information on how to participate check out the <a href="https://www.smogon.com/tools/suspects/view/200">suspect thread</a>.</strong></div>
|j|☆Agent Killua
|j|☆Blastoise_Choice
|t:|1776128889
|gametype|singles
|player|p1|Agent Killua|miku-ground|1535
|player|p2|Blastoise_Choice|101|1510
|gen|9
|tier|[Gen 9] OU
|rated|
|rule|HP Percentage Mod: HP is shown in percentages
|rule|Endless Battle Clause: Forcing endless battles is banned
|rule|Species Clause: Limit one of each Pokémon
|rule|OHKO Clause: OHKO moves are banned
|rule|Evasion Items Clause: Evasion items are banned
|rule|Evasion Moves Clause: Evasion moves are banned
|rule|Evasion Abilities Clause: Evasion abilities are banned
|rule|Sleep Moves Clause: Sleep-inducing moves are banned
|clearpoke
|poke|p1|Lokix, M|
|poke|p1|Cinderace, M|
|poke|p1|Pecharunt|
|poke|p1|Gholdengo|
|poke|p1|Enamorus, F|
|poke|p1|Samurott-Hisui, F|
|poke|p2|Hydrapple, M|
|poke|p2|Tyranitar, F|
|poke|p2|Moltres|
|poke|p2|Zamazenta-*|
|poke|p2|Slowking-Galar, M|
|poke|p2|Excadrill, F|
|teampreview
|c|☆Blastoise_Choice|hf
|inactive|Battle timer is ON: inactive players will automatically lose when time's up. (requested by Blastoise_Choice)
|
|t:|1776128907
|teamsize|p1|6
|teamsize|p2|6
|start
|switch|p1a: Samurott|Samurott-Hisui, F|100/100
|switch|p2a: Tyranitar|Tyranitar, F|100/100
|-weather|Sandstorm|[from] ability: Sand Stream|[of] p2a: Tyranitar
|turn|1
|
|t:|1776128913
|switch|p2a: Hydrapple|Hydrapple, M|100/100
|move|p1a: Samurott|Flip Turn|p2a: Hydrapple
|-resisted|p2a: Hydrapple
|-damage|p2a: Hydrapple|96/100
|
|t:|1776128919
|switch|p1a: Lokix|Lokix, M|100/100|[from] Flip Turn
|
|-weather|Sandstorm|[upkeep]
|-damage|p1a: Lokix|94/100|[from] Sandstorm
|-damage|p2a: Hydrapple|90/100|[from] Sandstorm
|upkeep
|turn|2
|
|t:|1776128925
|switch|p2a: Moltres|Moltres|100/100
|move|p1a: Lokix|Knock Off|p2a: Moltres
|-damage|p2a: Moltres|48/100
|-status|p1a: Lokix|brn|[from] ability: Flame Body|[of] p2a: Moltres
|-enditem|p2a: Moltres|Heavy-Duty Boots|[from] move: Knock Off|[of] p1a: Lokix
|
|-weather|Sandstorm|[upkeep]
|-damage|p1a: Lokix|88/100 brn|[from] Sandstorm
|-damage|p2a: Moltres|42/100|[from] Sandstorm
|-damage|p1a: Lokix|82/100 brn|[from] brn
|upkeep
|turn|3
|
|t:|1776128933
|switch|p1a: Samurott|Samurott-Hisui, F|100/100
|move|p2a: Moltres|Roost|p2a: Moltres
|-heal|p2a: Moltres|92/100
|-singleturn|p2a: Moltres|move: Roost
|
|-weather|Sandstorm|[upkeep]
|-damage|p2a: Moltres|86/100|[from] Sandstorm
|-damage|p1a: Samurott|94/100|[from] Sandstorm
|upkeep
|turn|4
|
|t:|1776128939
|move|p2a: Moltres|Flamethrower|p1a: Samurott
|-resisted|p1a: Samurott
|-damage|p1a: Samurott|81/100
|move|p1a: Samurott|Ceaseless Edge|p2a: Moltres
|-damage|p2a: Moltres|55/100
|-sidestart|p2: Blastoise_Choice|Spikes
|
|-weather|Sandstorm|[upkeep]
|-damage|p1a: Samurott|75/100|[from] Sandstorm
|-damage|p2a: Moltres|49/100|[from] Sandstorm
|upkeep
|turn|5
|
|t:|1776128947
|move|p2a: Moltres|Roost|p2a: Moltres
|-heal|p2a: Moltres|99/100
|-singleturn|p2a: Moltres|move: Roost
|move|p1a: Samurott|Razor Shell|p2a: Moltres
|-supereffective|p2a: Moltres
|-crit|p2a: Moltres
|-damage|p2a: Moltres|0 fnt
|faint|p2a: Moltres
|
|-weather|Sandstorm|[upkeep]
|-damage|p1a: Samurott|69/100|[from] Sandstorm
|upkeep
|
|t:|1776128950
|switch|p2a: Zamazenta|Zamazenta|100/100
|-damage|p2a: Zamazenta|88/100|[from] Spikes
|-ability|p2a: Zamazenta|Dauntless Shield|boost
|-boost|p2a: Zamazenta|def|1
|turn|6
|
|t:|1776128954
|switch|p2a: Excadrill|Excadrill, F|100/100
|-item|p2a: Excadrill|Air Balloon
|switch|p1a: Gholdengo|Gholdengo|100/100
|-item|p1a: Gholdengo|Air Balloon
|
|-weather|Sandstorm|[upkeep]
|upkeep
|turn|7
|
|t:|1776128961
|move|p2a: Excadrill|Iron Head|p1a: Gholdengo
|-resisted|p1a: Gholdengo
|-damage|p1a: Gholdengo|86/100
|-enditem|p1a: Gholdengo|Air Balloon
|move|p1a: Gholdengo|Make It Rain|p2a: Excadrill
|-resisted|p2a: Excadrill
|-damage|p2a: Excadrill|64/100
|-unboost|p1a: Gholdengo|spa|1
|-enditem|p2a: Excadrill|Air Balloon
|
|-weather|Sandstorm|[upkeep]
|upkeep
|turn|8
|
|t:|1776128969
|switch|p1a: Lokix|Lokix, M|82/100 brn
|move|p2a: Excadrill|Earthquake|p1a: Lokix
|-resisted|p1a: Lokix
|-damage|p1a: Lokix|42/100 brn
|
|-weather|none
|-damage|p1a: Lokix|36/100 brn|[from] brn
|upkeep
|turn|9
|
|t:|1776128976
|move|p2a: Excadrill|Rapid Spin|p1a: Lokix
|-damage|p1a: Lokix|11/100 brn
|-boost|p2a: Excadrill|spe|1
|-sideend|p2: Blastoise_Choice|Spikes|[from] move: Rapid Spin|[of] p2a: Excadrill
|move|p1a: Lokix|U-turn|p2a: Excadrill
|-resisted|p2a: Excadrill
|-damage|p2a: Excadrill|30/100
|
|t:|1776128980
|switch|p1a: Enamorus|Enamorus, F|100/100|[from] U-turn
|
|upkeep
|turn|10
|
|t:|1776128986
|switch|p2a: Slowking|Slowking-Galar, M|100/100
|move|p1a: Enamorus|Earth Power|p2a: Slowking
|-supereffective|p2a: Slowking
|-damage|p2a: Slowking|62/100
|
|upkeep
|turn|11
|
|t:|1776128994
|switch|p1a: Lokix|Lokix, M|11/100 brn
|move|p2a: Slowking|Flamethrower|p1a: Lokix
|-supereffective|p1a: Lokix
|-damage|p1a: Lokix|0 fnt
|faint|p1a: Lokix
|
|upkeep
|
|t:|1776128998
|switch|p1a: Samurott|Samurott-Hisui, F|69/100
|turn|12
|
|t:|1776129001
|switch|p2a: Zamazenta|Zamazenta|88/100
|move|p1a: Samurott|Ceaseless Edge|p2a: Zamazenta
|-resisted|p2a: Zamazenta
|-damage|p2a: Zamazenta|73/100
|-sidestart|p2: Blastoise_Choice|Spikes
|
|-heal|p2a: Zamazenta|80/100|[from] item: Leftovers
|upkeep
|turn|13
|
|t:|1776129005
|switch|p1a: Gholdengo|Gholdengo|86/100
|move|p2a: Zamazenta|Body Press|p1a: Gholdengo
|-immune|p1a: Gholdengo
|
|-heal|p2a: Zamazenta|86/100|[from] item: Leftovers
|upkeep
|turn|14
|
|t:|1776129012
|switch|p2a: Excadrill|Excadrill, F|30/100
|-damage|p2a: Excadrill|18/100|[from] Spikes
|move|p1a: Gholdengo|Make It Rain|p2a: Excadrill
|-resisted|p2a: Excadrill
|-damage|p2a: Excadrill|0 fnt
|-unboost|p1a: Gholdengo|spa|1
|faint|p2a: Excadrill
|
|upkeep
|
|t:|1776129018
|switch|p2a: Tyranitar|Tyranitar, F|100/100
|-damage|p2a: Tyranitar|88/100|[from] Spikes
|-weather|Sandstorm|[from] ability: Sand Stream|[of] p2a: Tyranitar
|turn|15
|
|t:|1776129025
|switch|p1a: Samurott|Samurott-Hisui, F|69/100
|move|p2a: Tyranitar|Knock Off|p1a: Samurott
|-resisted|p1a: Samurott
|-damage|p1a: Samurott|45/100
|-enditem|p1a: Samurott|Assault Vest|[from] move: Knock Off|[of] p2a: Tyranitar
|
|-weather|Sandstorm|[upkeep]
|-damage|p1a: Samurott|39/100|[from] Sandstorm
|upkeep
|turn|16
|
|t:|1776129029
|switch|p2a: Hydrapple|Hydrapple, M|100/100
|move|p1a: Samurott|Ceaseless Edge|p2a: Hydrapple
|-damage|p2a: Hydrapple|77/100
|-sidestart|p2: Blastoise_Choice|Spikes
|
|-weather|Sandstorm|[upkeep]
|-damage|p1a: Samurott|33/100|[from] Sandstorm
|-damage|p2a: Hydrapple|71/100|[from] Sandstorm
|upkeep
|turn|17
|
|t:|1776129032
|switch|p2a: Zamazenta|Zamazenta|86/100
|-damage|p2a: Zamazenta|69/100|[from] Spikes
|move|p1a: Samurott|Flip Turn|p2a: Zamazenta
|-damage|p2a: Zamazenta|49/100
|
|t:|1776129035
|switch|p1a: Enamorus|Enamorus, F|100/100|[from] Flip Turn
|
|-weather|Sandstorm|[upkeep]
|-damage|p1a: Enamorus|94/100|[from] Sandstorm
|-damage|p2a: Zamazenta|43/100|[from] Sandstorm
|-heal|p2a: Zamazenta|49/100|[from] item: Leftovers
|upkeep
|turn|18
|
|t:|1776129041
|switch|p2a: Slowking|Slowking-Galar, M|95/100
|-damage|p2a: Slowking|79/100|[from] Spikes
|move|p1a: Enamorus|Earth Power|p2a: Slowking
|-supereffective|p2a: Slowking
|-damage|p2a: Slowking|40/100
|
|-weather|Sandstorm|[upkeep]
|-damage|p1a: Enamorus|88/100|[from] Sandstorm
|-damage|p2a: Slowking|34/100|[from] Sandstorm
|upkeep
|turn|19
|
|t:|1776129051
|switch|p1a: Samurott|Samurott-Hisui, F|33/100
|move|p2a: Slowking|Flamethrower|p1a: Samurott
|-resisted|p1a: Samurott
|-damage|p1a: Samurott|22/100
|
|-weather|Sandstorm|[upkeep]
|-damage|p1a: Samurott|16/100|[from] Sandstorm
|-damage|p2a: Slowking|28/100|[from] Sandstorm
|upkeep
|turn|20
|
|t:|1776129055
|switch|p2a: Hydrapple|Hydrapple, M|100/100
|move|p1a: Samurott|Ceaseless Edge|p2a: Hydrapple
|-damage|p2a: Hydrapple|75/100
|-sidestart|p2: Blastoise_Choice|Spikes
|
|-weather|Sandstorm|[upkeep]
|-damage|p1a: Samurott|10/100|[from] Sandstorm
|-damage|p2a: Hydrapple|68/100|[from] Sandstorm
|upkeep
|turn|21
|
|t:|1776129061
|move|p1a: Samurott|Flip Turn|p2a: Hydrapple
|-resisted|p2a: Hydrapple
|-damage|p2a: Hydrapple|64/100
|
|t:|1776129063
|switch|p1a: Pecharunt|Pecharunt|100/100|[from] Flip Turn
|move|p2a: Hydrapple|Giga Drain|p1a: Pecharunt
|-resisted|p1a: Pecharunt
|-damage|p1a: Pecharunt|82/100
|-heal|p2a: Hydrapple|72/100|[from] drain|[of] p1a: Pecharunt
|
|-weather|Sandstorm|[upkeep]
|-damage|p1a: Pecharunt|76/100|[from] Sandstorm
|-damage|p2a: Hydrapple|66/100|[from] Sandstorm
|upkeep
|turn|22
|
|t:|1776129070
|move|p1a: Pecharunt|Malignant Chain|p2a: Hydrapple
|-supereffective|p2a: Hydrapple
|-damage|p2a: Hydrapple|0 fnt
|faint|p2a: Hydrapple
|
|-weather|none
|upkeep
|
|t:|1776129077
|switch|p2a: Tyranitar|Tyranitar, F|88/100
|-damage|p2a: Tyranitar|63/100|[from] Spikes
|-weather|Sandstorm|[from] ability: Sand Stream|[of] p2a: Tyranitar
|turn|23
|
|t:|1776129087
|switch|p1a: Samurott|Samurott-Hisui, F|10/100
|move|p2a: Tyranitar|Thunder Wave|p1a: Samurott
|-status|p1a: Samurott|par
|
|-weather|Sandstorm|[upkeep]
|-damage|p1a: Samurott|4/100 par|[from] Sandstorm
|upkeep
|turn|24
|
|t:|1776129091
|move|p2a: Tyranitar|Ice Beam|p1a: Samurott
|-resisted|p1a: Samurott
|-damage|p1a: Samurott|0 fnt
|faint|p1a: Samurott
|
|-weather|Sandstorm|[upkeep]
|upkeep
|
|t:|1776129095
|switch|p1a: Cinderace|Cinderace, M|100/100
|turn|25
|
|t:|1776129101
|-terastallize|p2a: Tyranitar|Flying
|move|p1a: Cinderace|U-turn|p2a: Tyranitar
|-start|p1a: Cinderace|typechange|Bug|[from] ability: Libero
|-resisted|p2a: Tyranitar
|-damage|p2a: Tyranitar|49/100
|
|t:|1776129115
|switch|p1a: Pecharunt|Pecharunt|76/100|[from] U-turn
|move|p2a: Tyranitar|Knock Off|p1a: Pecharunt
|-supereffective|p1a: Pecharunt
|-damage|p1a: Pecharunt|9/100
|-enditem|p1a: Pecharunt|Heavy-Duty Boots|[from] move: Knock Off|[of] p2a: Tyranitar
|
|-weather|Sandstorm|[upkeep]
|-damage|p1a: Pecharunt|3/100|[from] Sandstorm
|-damage|p2a: Tyranitar|43/100|[from] Sandstorm
|upkeep
|turn|26
|
|t:|1776129122
|move|p1a: Pecharunt|Recover|p1a: Pecharunt
|-heal|p1a: Pecharunt|53/100
|move|p2a: Tyranitar|Thunder Wave|p1a: Pecharunt
|-status|p1a: Pecharunt|par
|
|-weather|Sandstorm|[upkeep]
|-damage|p1a: Pecharunt|48/100 par|[from] Sandstorm
|-damage|p2a: Tyranitar|37/100|[from] Sandstorm
|upkeep
|turn|27
|
|t:|1776129128
|switch|p2a: Slowking|Slowking-Galar, M|61/100
|-damage|p2a: Slowking|36/100|[from] Spikes
|move|p1a: Pecharunt|Recover|p1a: Pecharunt
|-heal|p1a: Pecharunt|98/100 par
|
|-weather|Sandstorm|[upkeep]
|-damage|p1a: Pecharunt|92/100 par|[from] Sandstorm
|-damage|p2a: Slowking|30/100|[from] Sandstorm
|upkeep
|turn|28
|
|t:|1776129135
|switch|p2a: Tyranitar|Tyranitar, F, tera:Flying|37/100
|move|p1a: Pecharunt|Shadow Ball|p2a: Tyranitar
|-damage|p2a: Tyranitar|15/100
|
|-weather|Sandstorm|[upkeep]
|-damage|p1a: Pecharunt|86/100 par|[from] Sandstorm
|-damage|p2a: Tyranitar|9/100|[from] Sandstorm
|upkeep
|turn|29
|
|t:|1776129140
|move|p1a: Pecharunt|Recover|p1a: Pecharunt
|-heal|p1a: Pecharunt|100/100 par
|move|p2a: Tyranitar|Knock Off|p1a: Pecharunt
|-supereffective|p1a: Pecharunt
|-damage|p1a: Pecharunt|56/100 par
|
|-weather|Sandstorm|[upkeep]
|-damage|p1a: Pecharunt|50/100 par|[from] Sandstorm
|-damage|p2a: Tyranitar|3/100|[from] Sandstorm
|upkeep
|turn|30
|
|t:|1776129144
|move|p1a: Pecharunt|Recover|p1a: Pecharunt
|-heal|p1a: Pecharunt|100/100 par
|move|p2a: Tyranitar|Ice Beam|p1a: Pecharunt
|-damage|p1a: Pecharunt|74/100 par
|
|-weather|none
|upkeep
|turn|31
|
|t:|1776129149
|switch|p1a: Cinderace|Cinderace, M|100/100
|move|p2a: Tyranitar|Ice Beam|p1a: Cinderace
|-resisted|p1a: Cinderace
|-damage|p1a: Cinderace|85/100
|
|upkeep
|turn|32
|
|t:|1776129156
|move|p1a: Cinderace|U-turn|p2a: Tyranitar
|-start|p1a: Cinderace|typechange|Bug|[from] ability: Libero
|-resisted|p2a: Tyranitar
|-damage|p2a: Tyranitar|0 fnt
|faint|p2a: Tyranitar
|
|t:|1776129161
|switch|p1a: Gholdengo|Gholdengo|86/100|[from] U-turn
|
|upkeep
|
|t:|1776129167
|switch|p2a: Slowking|Slowking-Galar, M|63/100
|-damage|p2a: Slowking|38/100|[from] Spikes
|turn|33
|
|t:|1776129173
|move|p1a: Gholdengo|Thunder Wave|p2a: Slowking
|-status|p2a: Slowking|par
|move|p2a: Slowking|Ice Beam|p1a: Gholdengo
|-resisted|p1a: Gholdengo
|-damage|p1a: Gholdengo|75/100
|
|upkeep
|turn|34
|
|t:|1776129179
|move|p1a: Gholdengo|Hex|p2a: Slowking
|-supereffective|p2a: Slowking
|-damage|p2a: Slowking|0 fnt
|faint|p2a: Slowking
|
|upkeep
|
|t:|1776129182
|switch|p2a: Zamazenta|Zamazenta|49/100
|-damage|p2a: Zamazenta|24/100|[from] Spikes
|turn|35
|
|t:|1776129185
|move|p2a: Zamazenta|Iron Defense|p2a: Zamazenta
|-boost|p2a: Zamazenta|def|2
|move|p1a: Gholdengo|Thunder Wave|p2a: Zamazenta|[miss]
|-miss|p1a: Gholdengo|p2a: Zamazenta
|
|-heal|p2a: Zamazenta|31/100|[from] item: Leftovers
|upkeep
|turn|36
|
|t:|1776129188
|move|p2a: Zamazenta|Crunch|p1a: Gholdengo
|-supereffective|p1a: Gholdengo
|-damage|p1a: Gholdengo|43/100
|move|p1a: Gholdengo|Hex|p2a: Zamazenta
|-damage|p2a: Zamazenta|4/100
|
|-heal|p2a: Zamazenta|11/100|[from] item: Leftovers
|upkeep
|turn|37
|
|t:|1776129192
|move|p2a: Zamazenta|Body Press|p1a: Gholdengo
|-immune|p1a: Gholdengo
|move|p1a: Gholdengo|Hex|p2a: Zamazenta
|-damage|p2a: Zamazenta|0 fnt
|faint|p2a: Zamazenta
|
|win|Agent Killua
|raw|Agent Killua's rating: 1535 &rarr; <strong>1554</strong><br />(+19 for winning)
|raw|Blastoise_Choice's rating: 1510 &rarr; <strong>1491</strong><br />(-19 for losing)
|c|☆Blastoise_Choice|gg
