|html|<div class="broadcast-blue"><strong>[Gen 9] OU is currently suspecting Tera Blast! For information on how to participate check out the <a href="https://www.smogon.com/tools/suspects/view/200">suspect thread</a>.</strong></div>
|j|‽clorox man
|j|☆TroubleFindsMe
|t:|1776049397
|gametype|singles
|player|p1|clorox man|clown|1728
|player|p2|TroubleFindsMe|rika|1725
|gen|9
|tier|[Gen 9] OU
|rated|
|rule|HP Percentage Mod: HP is shown in percentages
|rule|Endless Battle Clause: Forcing endless battles is banned
|rule|Species Clause: Limit one of each Pokémon
|rule|OHKO Clause: OHKO moves are banned
|rule|Evasion Items Clause: Evasion items are banned
|rule|Evasion Moves Clause: Evasion moves are banned
|rule|Evasion Abilities Clause: Evasion abilities are banned
|rule|Sleep Moves Clause: Sleep-inducing moves are banned
|clearpoke
|poke|p1|Dragonite, F|
|poke|p1|Great Tusk|
|poke|p1|Gholdengo|
|poke|p1|Ting-Lu|
|poke|p1|Raging Bolt|
|poke|p1|Darkrai|
|poke|p2|Cloyster, M|
|poke|p2|Iron Valiant|
|poke|p2|Moltres|
|poke|p2|Dragonite, F|
|poke|p2|Zamazenta-*|
|poke|p2|Ogerpon-Cornerstone, F|
|teampreview
|inactive|Battle timer is ON: inactive players will automatically lose when time's up. (requested by clorox man)
|
|t:|1776049412
|teamsize|p1|6
|teamsize|p2|6
|start
|switch|p1a: Ting-Lu|Ting-Lu|100/100
|switch|p2a: o_o|Cloyster, M|100/100
|-ability|p1a: Ting-Lu|Vessel of Ruin
|turn|1
|
|t:|1776049414
|move|p2a: o_o|Icicle Spear|p1a: Ting-Lu
|-supereffective|p1a: Ting-Lu
|-damage|p1a: Ting-Lu|88/100
|-supereffective|p1a: Ting-Lu
|-damage|p1a: Ting-Lu|76/100
|-supereffective|p1a: Ting-Lu
|-damage|p1a: Ting-Lu|62/100
|-supereffective|p1a: Ting-Lu
|-damage|p1a: Ting-Lu|50/100
|-supereffective|p1a: Ting-Lu
|-damage|p1a: Ting-Lu|37/100
|-hitcount|p1a: Ting-Lu|5
|-enditem|p1a: Ting-Lu|Red Card|[of] p2a: o_o
|drag|p2a: Wokeness Unleashed|Iron Valiant|100/100
|-enditem|p2a: Wokeness Unleashed|Booster Energy
|-activate|p2a: Wokeness Unleashed|ability: Quark Drive|[fromitem]
|-start|p2a: Wokeness Unleashed|quarkdrivespe
|move|p1a: Ting-Lu|Stealth Rock|p2a: Wokeness Unleashed
|-sidestart|p2: TroubleFindsMe|move: Stealth Rock
|
|upkeep
|turn|2
|
|t:|1776049420
|move|p2a: Wokeness Unleashed|Moonblast|p1a: Ting-Lu
|-supereffective|p1a: Ting-Lu
|-damage|p1a: Ting-Lu|0 fnt
|faint|p1a: Ting-Lu
|
|upkeep
|
|t:|1776049425
|switch|p1a: Gholdengo|Gholdengo|100/100
|-item|p1a: Gholdengo|Air Balloon
|turn|3
|
|t:|1776049429
|-terastallize|p2a: Wokeness Unleashed|Electric
|move|p2a: Wokeness Unleashed|Calm Mind|p2a: Wokeness Unleashed
|-boost|p2a: Wokeness Unleashed|spa|1
|-boost|p2a: Wokeness Unleashed|spd|1
|move|p1a: Gholdengo|Dazzling Gleam|p2a: Wokeness Unleashed
|-damage|p2a: Wokeness Unleashed|67/100
|
|upkeep
|turn|4
|
|t:|1776049434
|move|p2a: Wokeness Unleashed|Thunderbolt|p1a: Gholdengo
|-damage|p1a: Gholdengo|29/100
|-enditem|p1a: Gholdengo|Air Balloon
|move|p1a: Gholdengo|Shadow Ball|p2a: Wokeness Unleashed
|-damage|p2a: Wokeness Unleashed|17/100
|-unboost|p2a: Wokeness Unleashed|spd|1
|
|upkeep
|turn|5
|
|t:|1776049442
|move|p2a: Wokeness Unleashed|Thunderbolt|p1a: Gholdengo
|-damage|p1a: Gholdengo|0 fnt
|faint|p1a: Gholdengo
|
|upkeep
|
|t:|1776049462
|switch|p1a: Dragonite|Dragonite, F|100/100
|turn|6
|
|t:|1776049469
|move|p2a: Wokeness Unleashed|Moonblast|p1a: Dragonite
|-supereffective|p1a: Dragonite
|-damage|p1a: Dragonite|22/100
|move|p1a: Dragonite|Earthquake|p2a: Wokeness Unleashed
|-supereffective|p2a: Wokeness Unleashed
|-damage|p2a: Wokeness Unleashed|0 fnt
|faint|p2a: Wokeness Unleashed
|-end|p2a: Wokeness Unleashed|Quark Drive|[silent]
|
|upkeep
|
|t:|1776049472
|switch|p2a: o_o|Cloyster, M|100/100
|-damage|p2a: o_o|76/100|[from] Stealth Rock
|turn|7
|
|t:|1776049479
|move|p1a: Dragonite|Dragon Dance|p1a: Dragonite
|-boost|p1a: Dragonite|atk|1
|-boost|p1a: Dragonite|spe|1
|move|p2a: o_o|Icicle Spear|p1a: Dragonite
|-supereffective|p1a: Dragonite
|-damage|p1a: Dragonite|0 fnt
|faint|p1a: Dragonite
|-hitcount|p1: Dragonite|1
|
|upkeep
|
|t:|1776049483
|switch|p1a: Darkrai|Darkrai|100/100
|turn|8
|
|t:|1776049486
|move|p1a: Darkrai|Dark Pulse|p2a: o_o
|-damage|p2a: o_o|0 fnt
|faint|p2a: o_o
|
|upkeep
|
|t:|1776049490
|switch|p2a: dogecoin !|Zamazenta|100/100
|-damage|p2a: dogecoin !|94/100|[from] Stealth Rock
|-ability|p2a: dogecoin !|Dauntless Shield|boost
|-boost|p2a: dogecoin !|def|1
|turn|9
|j| Shucklepilled
|
|t:|1776049500
|move|p2a: dogecoin !|Close Combat|p1a: Darkrai
|-supereffective|p1a: Darkrai
|-damage|p1a: Darkrai|0 fnt
|-unboost|p2a: dogecoin !|def|1
|-unboost|p2a: dogecoin !|spd|1
|faint|p1a: Darkrai
|
|upkeep
|j| Mslaganjaestranja
|
|t:|1776049506
|switch|p1a: Great Tusk|Great Tusk|100/100
|-enditem|p1a: Great Tusk|Booster Energy
|-activate|p1a: Great Tusk|ability: Protosynthesis|[fromitem]
|-start|p1a: Great Tusk|protosynthesisspe
|turn|10
|
|t:|1776049510
|switch|p2a: AHHHH IM ON FIRE|Moltres|100/100
|move|p1a: Great Tusk|Bulk Up|p1a: Great Tusk
|-boost|p1a: Great Tusk|atk|1
|-boost|p1a: Great Tusk|def|1
|
|upkeep
|turn|11
|
|t:|1776049512
|move|p1a: Great Tusk|Head Smash|p2a: AHHHH IM ON FIRE
|-supereffective|p2a: AHHHH IM ON FIRE
|-damage|p2a: AHHHH IM ON FIRE|0 fnt
|faint|p2a: AHHHH IM ON FIRE
|-damage|p1a: Great Tusk|63/100|[from] Recoil
|
|upkeep
|
|t:|1776049516
|switch|p2a: dogecoin !|Zamazenta|94/100
|-damage|p2a: dogecoin !|88/100|[from] Stealth Rock
|turn|12
|
|t:|1776049519
|move|p1a: Great Tusk|Bulk Up|p1a: Great Tusk
|-boost|p1a: Great Tusk|atk|1
|-boost|p1a: Great Tusk|def|1
|move|p2a: dogecoin !|Ice Fang|p1a: Great Tusk
|-supereffective|p1a: Great Tusk
|-damage|p1a: Great Tusk|45/100
|
|upkeep
|turn|13
|
|t:|1776049522
|move|p1a: Great Tusk|Bulk Up|p1a: Great Tusk
|-boost|p1a: Great Tusk|atk|1
|-boost|p1a: Great Tusk|def|1
|move|p2a: dogecoin !|Ice Fang|p1a: Great Tusk
|-supereffective|p1a: Great Tusk
|-damage|p1a: Great Tusk|27/100
|
|upkeep
|turn|14
|
|t:|1776049529
|move|p1a: Great Tusk|Headlong Rush|p2a: dogecoin !
|-damage|p2a: dogecoin !|0 fnt
|-unboost|p1a: Great Tusk|def|1
|-unboost|p1a: Great Tusk|spd|1
|faint|p2a: dogecoin !
|
|upkeep
|
|t:|1776049531
|switch|p2a: BarneyFromDinosaur|Dragonite, F|100/100
|turn|15
|
|t:|1776049541
|move|p1a: Great Tusk|Head Smash|p2a: BarneyFromDinosaur
|-supereffective|p2a: BarneyFromDinosaur
|-damage|p2a: BarneyFromDinosaur|0 fnt
|faint|p2a: BarneyFromDinosaur
|-damage|p1a: Great Tusk|0 fnt|[from] Recoil
|faint|p1a: Great Tusk
|-end|p1a: Great Tusk|Protosynthesis|[silent]
|
|upkeep
|
|t:|1776049544
|switch|p1a: Raging Bolt|Raging Bolt|100/100
|switch|p2a: #Girl|Ogerpon-Cornerstone, F|100/100
|-damage|p2a: #Girl|88/100|[from] Stealth Rock
|-enditem|p1a: Raging Bolt|Booster Energy
|-activate|p1a: Raging Bolt|ability: Protosynthesis|[fromitem]
|-start|p1a: Raging Bolt|protosynthesisspa
|turn|16
|
|t:|1776049548
|move|p2a: #Girl|Ivy Cudgel|p1a: Raging Bolt|[anim] Ivy Cudgel Rock
|-damage|p1a: Raging Bolt|45/100
|move|p1a: Raging Bolt|Dragon Pulse|p2a: #Girl
|-damage|p2a: #Girl|16/100
|
|upkeep
|turn|17
|
|t:|1776049552
|move|p1a: Raging Bolt|Thunderclap||[still]
|-fail|p1a: Raging Bolt
|move|p2a: #Girl|Swords Dance|p2a: #Girl
|-boost|p2a: #Girl|atk|2
|
|upkeep
|turn|18
|
|t:|1776049555
|move|p2a: #Girl|Swords Dance|p2a: #Girl
|-boost|p2a: #Girl|atk|2
|move|p1a: Raging Bolt|Dragon Pulse|p2a: #Girl
|-damage|p2a: #Girl|0 fnt
|faint|p2a: #Girl
|
|win|clorox man
|raw|clorox man's rating: 1728 &rarr; <strong>1748</strong><br />(+20 for winning)
|raw|TroubleFindsMe's rating: 1725 &rarr; <strong>1705</strong><br />(-20 for losing)
|l|☆TroubleFindsMe
|player|p2|
|l|‽clorox man
|player|p1|
|l| Shucklepilled
|l| Mslaganjaestranja
