|html|<div class="broadcast-blue"><strong>[Gen 9] OU is currently suspecting Tera Blast! For information on how to participate check out the <a href="https://www.smogon.com/tools/suspects/view/200">suspect thread</a>.</strong></div>
|j|☆mightzzz
|j|☆Baccshotz
|t:|1776137428
|gametype|singles
|player|p1|mightzzz|maid|1017
|player|p2|Baccshotz|2|1000
|gen|9
|tier|[Gen 9] OU
|rated|
|rule|HP Percentage Mod: HP is shown in percentages
|rule|Endless Battle Clause: Forcing endless battles is banned
|rule|Species Clause: Limit one of each Pokémon
|rule|OHKO Clause: OHKO moves are banned
|rule|Evasion Items Clause: Evasion items are banned
|rule|Evasion Moves Clause: Evasion moves are banned
|rule|Evasion Abilities Clause: Evasion abilities are banned
|rule|Sleep Moves Clause: Sleep-inducing moves are banned
|clearpoke
|poke|p1|Toxapex, F|
|poke|p1|Blissey, F|
|poke|p1|Scizor, F|
|poke|p1|Skeledirge, M|
|poke|p1|Serperior, M|
|poke|p1|Cresselia, F|
|poke|p2|Kingambit, M|
|poke|p2|Garchomp, F|
|poke|p2|Iron Valiant|
|poke|p2|Greninja-*, M|
|poke|p2|Weavile, M|
|poke|p2|Gholdengo|
|teampreview
|
|t:|1776137432
|teamsize|p1|6
|teamsize|p2|6
|start
|switch|p1a: Serperior|Serperior, M|100/100
|switch|p2a: Garchomp|Garchomp, F|100/100
|turn|1
|
|t:|1776137441
|move|p1a: Serperior|Leaf Storm|p2a: Garchomp|[miss]
|-miss|p1a: Serperior|p2a: Garchomp
|move|p2a: Garchomp|Stealth Rock|p1a: Serperior
|-sidestart|p1: mightzzz|move: Stealth Rock
|
|upkeep
|turn|2
|
|t:|1776137449
|move|p1a: Serperior|Leaf Storm|p2a: Garchomp
|-damage|p2a: Garchomp|46/100
|-boost|p1a: Serperior|spa|2
|move|p2a: Garchomp|Fire Blast|p1a: Serperior
|-supereffective|p1a: Serperior
|-damage|p1a: Serperior|29/100
|
|-heal|p1a: Serperior|35/100|[from] item: Leftovers
|upkeep
|turn|3
|
|t:|1776137463
|move|p1a: Serperior|Leaf Storm|p2a: Garchomp
|-damage|p2a: Garchomp|0 fnt
|-boost|p1a: Serperior|spa|2
|faint|p2a: Garchomp
|
|-heal|p1a: Serperior|42/100|[from] item: Leftovers
|upkeep
|
|t:|1776137476
|switch|p2a: Iron Valiant|Iron Valiant|100/100
|turn|4
|
|t:|1776137487
|move|p1a: Serperior|Giga Drain|p2a: Iron Valiant
|-damage|p2a: Iron Valiant|0 fnt
|-heal|p1a: Serperior|91/100|[from] drain|[of] p2a: Iron Valiant
|faint|p2a: Iron Valiant
|-end|p2a: Iron Valiant|Quark Drive|[silent]
|
|-heal|p1a: Serperior|97/100|[from] item: Leftovers
|upkeep
|
|t:|1776137495
|switch|p2a: Gholdengo|Gholdengo|100/100
|turn|5
|
|t:|1776137507
|move|p1a: Serperior|Leaf Storm|p2a: Gholdengo
|-resisted|p2a: Gholdengo
|-damage|p2a: Gholdengo|18/100
|-boost|p1a: Serperior|spa|2
|move|p2a: Gholdengo|Shadow Ball|p1a: Serperior
|-damage|p1a: Serperior|58/100
|-boost|p1a: Serperior|spd|1
|
|-heal|p1a: Serperior|64/100|[from] item: Leftovers
|upkeep
|turn|6
|
|t:|1776137519
|move|p1a: Serperior|Leaf Storm|p2a: Gholdengo
|-resisted|p2a: Gholdengo
|-damage|p2a: Gholdengo|0 fnt
|faint|p2a: Gholdengo
|
|-heal|p1a: Serperior|70/100|[from] item: Leftovers
|upkeep
|
|t:|1776137526
|switch|p2a: Greninja|Greninja, M|100/100
|turn|7
|
|t:|1776137534
|move|p1a: Serperior|Giga Drain|p2a: Greninja
|-supereffective|p2a: Greninja
|-enditem|p2a: Greninja|Focus Sash
|-damage|p2a: Greninja|1/100
|-heal|p1a: Serperior|100/100|[from] drain|[of] p2a: Greninja
|move|p2a: Greninja|Spikes|p1a: Serperior
|-sidestart|p1: mightzzz|Spikes
|
|upkeep
|turn|8
|
|t:|1776137543
|move|p1a: Serperior|Giga Drain|p2a: Greninja
|-supereffective|p2a: Greninja
|-damage|p2a: Greninja|0 fnt
|faint|p2a: Greninja
|
|upkeep
|
|t:|1776137549
|switch|p2a: Weavile|Weavile, M|100/100
|-ability|p2a: Weavile|Pressure
|turn|9
|
|t:|1776137556
|-terastallize|p1a: Serperior|Grass
|move|p1a: Serperior|Leaf Storm|p2a: Weavile
|-damage|p2a: Weavile|0 fnt
|faint|p2a: Weavile
|
|upkeep
|
|t:|1776137564
|switch|p2a: Kingambit|Kingambit, M|100/100
|-activate|p2a: Kingambit|ability: Supreme Overlord
|-start|p2a: Kingambit|fallen5|[silent]
|turn|10
|
|t:|1776137569
|move|p2a: Kingambit|Sucker Punch|p1a: Serperior
|-damage|p1a: Serperior|23/100
|move|p1a: Serperior|Leaf Storm|p2a: Kingambit
|-resisted|p2a: Kingambit
|-damage|p2a: Kingambit|0 fnt
|faint|p2a: Kingambit
|-end|p2a: Kingambit|fallen5|[silent]
|
|win|mightzzz
|raw|mightzzz's rating: 1017 &rarr; <strong>1053</strong><br />(+36 for winning)
|raw|Baccshotz's rating: 1000 &rarr; <strong>1000</strong><br />(+0 for losing)
|l|☆Baccshotz
|player|p2|
