|html|<div class="broadcast-blue"><strong>[Gen 9] OU is currently suspecting Volcarona! For information on how to participate check out the <a href="https://www.smogon.com/tools/suspects/view/208">suspect thread</a>.</strong></div>
|j|☆There bread
|j|☆ArionSerwind
|t:|1778496392
|gametype|singles
|player|p1|There bread|brycen|1111
|player|p2|ArionSerwind|hilbert-wonderlauncher|1135
|gen|9
|tier|[Gen 9] OU
|rated|
|rule|HP Percentage Mod: HP is shown in percentages
|rule|Endless Battle Clause: Forcing endless battles is banned
|rule|Species Clause: Limit one of each Pokémon
|rule|OHKO Clause: OHKO moves are banned
|rule|Evasion Items Clause: Evasion items are banned
|rule|Evasion Moves Clause: Evasion moves are banned
|rule|Evasion Abilities Clause: Evasion abilities are banned
|rule|Sleep Moves Clause: Sleep-inducing moves are banned
|clearpoke
|poke|p1|Regieleki|
|poke|p1|Deoxys-Speed|
|poke|p1|Donphan, L1, M|
|poke|p1|Yanmega, M|
|poke|p1|Azelf|
|poke|p1|Gliscor, M|
|poke|p2|Galvantula, M|
|poke|p2|Incineroar, F|
|poke|p2|Cinccino, M|
|poke|p2|Quaquaval, M|
|poke|p2|Mew|
|poke|p2|Typhlosion-Hisui, M|
|teampreview
|inactive|Battle timer is ON: inactive players will automatically lose when time's up. (requested by There bread)
|
|t:|1778496405
|teamsize|p1|6
|teamsize|p2|6
|start
|switch|p1a: Gliscor|Gliscor, M, shiny|100/100
|switch|p2a: Incineroar|Incineroar, F|100/100
|-ability|p2a: Incineroar|Intimidate|boost
|-unboost|p1a: Gliscor|atk|1
|turn|1
|
|t:|1778496415
|switch|p1a: Regieleki|Regieleki|100/100
|move|p2a: Incineroar|Will-O-Wisp|p1a: Regieleki
|-status|p1a: Regieleki|brn
|
|-damage|p1a: Regieleki|95/100 brn|[from] brn
|upkeep
|turn|2
|
|t:|1778496423
|move|p1a: Regieleki|Thunderbolt|p2a: Incineroar
|-damage|p2a: Incineroar|42/100
|move|p2a: Incineroar|Knock Off|p1a: Regieleki
|-damage|p1a: Regieleki|17/100 brn
|-enditem|p1a: Regieleki|Choice Specs|[from] move: Knock Off|[of] p2a: Incineroar
|
|-damage|p1a: Regieleki|11/100 brn|[from] brn
|upkeep
|turn|3
|
|t:|1778496430
|move|p1a: Regieleki|Thunderbolt|p2a: Incineroar
|-damage|p2a: Incineroar|5/100
|move|p2a: Incineroar|Parting Shot|p1a: Regieleki
|-unboost|p1a: Regieleki|atk|1
|-unboost|p1a: Regieleki|spa|1
|
|t:|1778496438
|switch|p2a: Galvantula|Galvantula, M, shiny|100/100|[from] Parting Shot
|
|-damage|p1a: Regieleki|5/100 brn|[from] brn
|upkeep
|turn|4
|
|t:|1778496441
|switch|p1a: Gliscor|Gliscor, M, shiny|100/100
|move|p2a: Galvantula|Sticky Web|p1a: Gliscor
|-sidestart|p1: There bread|move: Sticky Web
|
|-status|p1a: Gliscor|tox|[from] item: Toxic Orb
|upkeep
|turn|5
|
|t:|1778496446
|move|p2a: Galvantula|Bug Buzz|p1a: Gliscor
|-resisted|p1a: Gliscor
|-damage|p1a: Gliscor|77/100 tox
|move|p1a: Gliscor|Swords Dance|p1a: Gliscor
|-boost|p1a: Gliscor|atk|2
|
|-heal|p1a: Gliscor|89/100 tox|[from] ability: Poison Heal
|upkeep
|turn|6
|
|t:|1778496451
|move|p2a: Galvantula|Bug Buzz|p1a: Gliscor
|-resisted|p1a: Gliscor
|-damage|p1a: Gliscor|69/100 tox
|move|p1a: Gliscor|Earthquake|p2a: Galvantula
|-enditem|p2a: Galvantula|Focus Sash
|-damage|p2a: Galvantula|1/100
|
|-heal|p1a: Gliscor|81/100 tox|[from] ability: Poison Heal
|upkeep
|turn|7
|
|t:|1778496458
|move|p2a: Galvantula|Bug Buzz|p1a: Gliscor
|-resisted|p1a: Gliscor
|-damage|p1a: Gliscor|60/100 tox
|move|p1a: Gliscor|Earthquake|p2a: Galvantula
|-damage|p2a: Galvantula|0 fnt
|faint|p2a: Galvantula
|
|-heal|p1a: Gliscor|73/100 tox|[from] ability: Poison Heal
|upkeep
|
|t:|1778496467
|switch|p2a: Typhlosion|Typhlosion-Hisui, M|100/100
|turn|8
|
|t:|1778496472
|move|p2a: Typhlosion|Eruption|p1a: Gliscor
|-damage|p1a: Gliscor|0 fnt
|faint|p1a: Gliscor
|
|upkeep
|
|t:|1778496476
|switch|p1a: Regieleki|Regieleki|5/100 brn
|-activate|p1a: Regieleki|move: Sticky Web
|-unboost|p1a: Regieleki|spe|1
|turn|9
|
|t:|1778496486
|switch|p2a: Incineroar|Incineroar, F|5/100
|-ability|p2a: Incineroar|Intimidate|boost
|-unboost|p1a: Regieleki|atk|1
|move|p1a: Regieleki|Thunderbolt|p2a: Incineroar
|-crit|p2a: Incineroar
|-damage|p2a: Incineroar|0 fnt
|faint|p2a: Incineroar
|
|-damage|p1a: Regieleki|0 fnt|[from] brn
|faint|p1a: Regieleki
|upkeep
|
|t:|1778496492
|switch|p1a: Donphan|Donphan, L1, M, shiny|100/100
|switch|p2a: Mew|Mew, shiny|100/100
|-activate|p1a: Donphan|move: Sticky Web
|-unboost|p1a: Donphan|spe|1
|turn|10
|
|t:|1778496498
|move|p2a: Mew|Toxic|p1a: Donphan
|-status|p1a: Donphan|tox
|move|p1a: Donphan|Endeavor|p2a: Mew
|-damage|p2a: Mew|4/100
|
|-heal|p2a: Mew|10/100|[from] item: Leftovers
|-damage|p1a: Donphan|93/100 tox|[from] psn
|upkeep
|turn|11
|
|t:|1778496511
|move|p2a: Mew|Knock Off|p1a: Donphan
|-damage|p1a: Donphan|0 fnt
|-enditem|p1a: Donphan|Shell Bell|[from] move: Knock Off|[of] p2a: Mew
|faint|p1a: Donphan
|
|-heal|p2a: Mew|16/100|[from] item: Leftovers
|upkeep
|
|t:|1778496516
|switch|p1a: Yanmega|Yanmega, M, shiny|100/100
|turn|12
|
|t:|1778496523
|move|p2a: Mew|Taunt|p1a: Yanmega
|-start|p1a: Yanmega|move: Taunt
|move|p1a: Yanmega|Bug Buzz|p2a: Mew
|-supereffective|p2a: Mew
|-damage|p2a: Mew|0 fnt
|faint|p2a: Mew
|-enditem|p1a: Yanmega|Throat Spray
|-boost|p1a: Yanmega|spa|1|[from] item: Throat Spray
|
|-ability|p1a: Yanmega|Speed Boost|boost
|-boost|p1a: Yanmega|spe|1
|upkeep
|
|t:|1778496531
|switch|p2a: Cinccino|Cinccino, M, shiny|100/100
|turn|13
|
|t:|1778496547
|move|p1a: Yanmega|Air Slash|p2a: Cinccino
|-damage|p2a: Cinccino|0 fnt
|faint|p2a: Cinccino
|
|-ability|p1a: Yanmega|Speed Boost|boost
|-boost|p1a: Yanmega|spe|1
|upkeep
|
|t:|1778496554
|switch|p2a: Quaquaval|Quaquaval, M|100/100
|turn|14
|
|t:|1778496557
|-terastallize|p2a: Quaquaval|Steel
|move|p1a: Yanmega|Air Slash|p2a: Quaquaval
|-resisted|p2a: Quaquaval
|-damage|p2a: Quaquaval|61/100
|cant|p2a: Quaquaval|flinch
|
|-end|p1a: Yanmega|move: Taunt
|-ability|p1a: Yanmega|Speed Boost|boost
|-boost|p1a: Yanmega|spe|1
|upkeep
|turn|15
|
|t:|1778496567
|move|p1a: Yanmega|Bug Buzz|p2a: Quaquaval
|-resisted|p2a: Quaquaval
|-damage|p2a: Quaquaval|8/100
|move|p2a: Quaquaval|Triple Axel|p1a: Yanmega
|-supereffective|p1a: Yanmega
|-damage|p1a: Yanmega|84/100
|-supereffective|p1a: Yanmega
|-damage|p1a: Yanmega|52/100
|-supereffective|p1a: Yanmega
|-damage|p1a: Yanmega|4/100
|-hitcount|p1a: Yanmega|3
|
|-ability|p1a: Yanmega|Speed Boost|boost
|-boost|p1a: Yanmega|spe|1
|upkeep
|turn|16
|
|t:|1778496576
|move|p1a: Yanmega|Bug Buzz|p2a: Quaquaval
|-resisted|p2a: Quaquaval
|-damage|p2a: Quaquaval|0 fnt
|faint|p2a: Quaquaval
|
|-ability|p1a: Yanmega|Speed Boost|boost
|-boost|p1a: Yanmega|spe|1
|upkeep
|-message|ArionSerwind forfeited.
|
|win|There bread
|raw|There bread's rating: 1111 &rarr; <strong>1138</strong><br />(+27 for winning)
|raw|ArionSerwind's rating: 1135 &rarr; <strong>1108</strong><br />(-27 for losing)
|l|☆ArionSerwind
|player|p2|
|l|☆There bread
|player|p1|
