|html|<div class="broadcast-blue"><strong>[Gen 9] OU is currently suspecting Tera Blast! For information on how to participate check out the <a href="https://www.smogon.com/tools/suspects/view/200">suspect thread</a>.</strong></div>
|j|☆DcBaker
|j|☆Ketchupandrice
|t:|1776137556
|gametype|singles
|player|p1|DcBaker|pokemonrangerf|1286
|player|p2|Ketchupandrice|102|1245
|gen|9
|tier|[Gen 9] OU
|rated|
|rule|HP Percentage Mod: HP is shown in percentages
|rule|Endless Battle Clause: Forcing endless battles is banned
|rule|Species Clause: Limit one of each Pokémon
|rule|OHKO Clause: OHKO moves are banned
|rule|Evasion Items Clause: Evasion items are banned
|rule|Evasion Moves Clause: Evasion moves are banned
|rule|Evasion Abilities Clause: Evasion abilities are banned
|rule|Sleep Moves Clause: Sleep-inducing moves are banned
|clearpoke
|poke|p1|Deoxys-Speed|
|poke|p1|Ceruledge, F|
|poke|p1|Zamazenta-*|
|poke|p1|Ogerpon-Wellspring, F|
|poke|p1|Glimmora, M|
|poke|p1|Moltres-Galar|
|poke|p2|Garganacl, M|
|poke|p2|Glimmora, M|
|poke|p2|Ogerpon-Wellspring, F|
|poke|p2|Iron Valiant|
|poke|p2|Clefable, M|
|poke|p2|Okidogi, M|
|teampreview
|inactive|Battle timer is ON: inactive players will automatically lose when time's up. (requested by DcBaker)
|
|t:|1776137575
|teamsize|p1|6
|teamsize|p2|6
|start
|switch|p1a: gimmie|Glimmora, M|100/100
|switch|p2a: Glimmora|Glimmora, M, shiny|100/100
|-item|p2a: Glimmora|Air Balloon
|turn|1
|c|☆DcBaker|Boom Boom Boom
|
|t:|1776137594
|move|p1a: gimmie|Meteor Beam||[still]
|-prepare|p1a: gimmie|Meteor Beam
|-boost|p1a: gimmie|spa|1
|-enditem|p1a: gimmie|Power Herb
|-anim|p1a: gimmie|Meteor Beam|p2a: Glimmora|[miss]
|-miss|p1a: gimmie|p2a: Glimmora
|move|p2a: Glimmora|Mortal Spin|p1a: gimmie
|-resisted|p1a: gimmie
|-damage|p1a: gimmie|99/100
|-status|p1a: gimmie|psn
|-activate|p1a: gimmie|ability: Toxic Debris
|-sidestart|p2: Ketchupandrice|move: Toxic Spikes
|-sideend|p2: Ketchupandrice|Toxic Spikes|[from] move: Mortal Spin|[of] p2a: Glimmora
|
|-damage|p1a: gimmie|86/100 psn|[from] psn
|upkeep
|turn|2
|c|☆Ketchupandrice|yikes
|c|☆DcBaker|frick
|c|☆DcBaker|shoot
|c|☆DcBaker|man
|
|t:|1776137619
|switch|p2a: Okidogi|Okidogi, M|100/100
|move|p1a: gimmie|Meteor Beam||[still]
|-prepare|p1a: gimmie|Meteor Beam
|-boost|p1a: gimmie|spa|1
|
|-damage|p1a: gimmie|74/100 psn|[from] psn
|upkeep
|turn|3
|
|t:|1776137628
|move|p1a: gimmie|Meteor Beam|p2a: Okidogi|[from] lockedmove
|-resisted|p2a: Okidogi
|-damage|p2a: Okidogi|62/100
|move|p2a: Okidogi|High Horsepower|p1a: gimmie
|-supereffective|p1a: gimmie
|-damage|p1a: gimmie|0 fnt
|-activate|p1a: gimmie|ability: Toxic Debris
|-sidestart|p2: Ketchupandrice|move: Toxic Spikes
|faint|p1a: gimmie
|
|upkeep
|
|t:|1776137631
|switch|p1a: 1/151|Ogerpon-Wellspring, F|100/100
|turn|4
|
|t:|1776137644
|-terastallize|p1a: 1/151|Water
|detailschange|p1a: 1/151|Ogerpon-Wellspring-Tera, F, tera:Water
|-ability|p1a: 1/151|Embody Aspect (Wellspring)|boost
|-boost|p1a: 1/151|spd|1
|move|p1a: 1/151|Ivy Cudgel|p2a: Okidogi|[anim] Ivy Cudgel Water
|-damage|p2a: Okidogi|0 fnt
|faint|p2a: Okidogi
|
|upkeep
|
|t:|1776137654
|switch|p2a: Glimmora|Glimmora, M, shiny|100/100
|-item|p2a: Glimmora|Air Balloon
|turn|5
|
|t:|1776137671
|-terastallize|p2a: Glimmora|Flying
|move|p1a: 1/151|Ivy Cudgel|p2a: Glimmora|[anim] Ivy Cudgel Water
|-damage|p2a: Glimmora|35/100
|-enditem|p2a: Glimmora|Air Balloon
|move|p2a: Glimmora|Acid Armor|p2a: Glimmora
|-boost|p2a: Glimmora|def|2
|
|upkeep
|turn|6
|
|t:|1776137681
|move|p2a: Glimmora|Spiky Shield|p2a: Glimmora
|-singleturn|p2a: Glimmora|move: Protect
|move|p1a: 1/151|Ivy Cudgel|p2a: Glimmora|[anim] Ivy Cudgel Water
|-activate|p2a: Glimmora|move: Protect
|
|upkeep
|turn|7
|
|t:|1776137688
|move|p1a: 1/151|Ivy Cudgel|p2a: Glimmora|[anim] Ivy Cudgel Water
|-damage|p2a: Glimmora|3/100
|move|p2a: Glimmora|Mortal Spin|p1a: 1/151
|-damage|p1a: 1/151|93/100
|-status|p1a: 1/151|psn
|-sideend|p2: Ketchupandrice|Toxic Spikes|[from] move: Mortal Spin|[of] p2a: Glimmora
|
|-damage|p1a: 1/151|81/100 psn|[from] psn
|upkeep
|turn|8
|
|t:|1776137697
|move|p1a: 1/151|Swords Dance|p1a: 1/151
|-boost|p1a: 1/151|atk|2
|move|p2a: Glimmora|Memento|p1a: 1/151
|-unboost|p1a: 1/151|atk|2
|-unboost|p1a: 1/151|spa|2
|faint|p2a: Glimmora
|
|-damage|p1a: 1/151|69/100 psn|[from] psn
|upkeep
|
|t:|1776137714
|switch|p2a: Ogerpon|Ogerpon-Wellspring, F|100/100
|turn|9
|c|☆DcBaker|ohkogarchomp
|
|t:|1776137730
|move|p2a: Ogerpon|Horn Leech|p1a: 1/151
|-supereffective|p1a: 1/151
|-damage|p1a: 1/151|0 fnt
|faint|p1a: 1/151
|detailschange|p1: 1/151|Ogerpon-Wellspring, F|[silent]
|
|upkeep
|
|t:|1776137735
|switch|p1a: Sara|Ceruledge, F|100/100
|turn|10
|
|t:|1776137743
|move|p2a: Ogerpon|U-turn|p1a: Sara
|-resisted|p1a: Sara
|-damage|p1a: Sara|92/100
|-ability|p1a: Sara|Weak Armor|boost
|-unboost|p1a: Sara|def|1
|-boost|p1a: Sara|spe|2
|
|t:|1776137754
|switch|p2a: Garganacl|Garganacl, M|100/100|[from] U-turn
|move|p1a: Sara|Poltergeist|p2a: Garganacl
|-activate|p2a: Garganacl|move: Poltergeist|Leftovers
|-damage|p2a: Garganacl|71/100
|-damage|p1a: Sara|82/100|[from] item: Life Orb
|
|-heal|p2a: Garganacl|77/100|[from] item: Leftovers
|upkeep
|turn|11
|
|t:|1776137766
|switch|p1a: mo|Moltres-Galar|100/100
|move|p2a: Garganacl|Salt Cure|p1a: mo
|-supereffective|p1a: mo
|-damage|p1a: mo|71/100
|-start|p1a: mo|Salt Cure
|
|-heal|p2a: Garganacl|84/100|[from] item: Leftovers
|-damage|p1a: mo|59/100|[from] Salt Cure
|upkeep
|turn|12
|
|t:|1776137776
|move|p2a: Garganacl|Protect|p2a: Garganacl
|-singleturn|p2a: Garganacl|Protect
|move|p1a: mo|Nasty Plot|p1a: mo
|-boost|p1a: mo|spa|2
|
|-heal|p2a: Garganacl|90/100|[from] item: Leftovers
|-damage|p1a: mo|46/100|[from] Salt Cure
|upkeep
|-enditem|p1a: mo|Sitrus Berry|[eat]
|-heal|p1a: mo|71/100|[from] item: Sitrus Berry
|turn|13
|
|t:|1776137782
|move|p1a: mo|Fiery Wrath|p2a: Garganacl
|-damage|p2a: Garganacl|38/100
|move|p2a: Garganacl|Stealth Rock|p1a: mo
|-sidestart|p1: DcBaker|move: Stealth Rock
|
|-heal|p2a: Garganacl|44/100|[from] item: Leftovers
|-damage|p1a: mo|59/100|[from] Salt Cure
|upkeep
|turn|14
|
|t:|1776137790
|move|p2a: Garganacl|Protect|p2a: Garganacl
|-singleturn|p2a: Garganacl|Protect
|move|p1a: mo|Nasty Plot|p1a: mo
|-boost|p1a: mo|spa|2
|
|-heal|p2a: Garganacl|50/100|[from] item: Leftovers
|-damage|p1a: mo|46/100|[from] Salt Cure
|upkeep
|turn|15
|
|t:|1776137795
|move|p1a: mo|Fiery Wrath|p2a: Garganacl
|-damage|p2a: Garganacl|0 fnt
|faint|p2a: Garganacl
|
|-damage|p1a: mo|34/100|[from] Salt Cure
|upkeep
|
|t:|1776137803
|switch|p2a: Clefable|Clefable, M|100/100
|turn|16
|
|t:|1776137811
|move|p1a: mo|Tera Blast|p2a: Clefable
|-damage|p2a: Clefable|46/100
|move|p2a: Clefable|Calm Mind|p2a: Clefable
|-boost|p2a: Clefable|spa|1
|-boost|p2a: Clefable|spd|1
|
|-heal|p2a: Clefable|52/100|[from] item: Leftovers
|-damage|p1a: mo|22/100|[from] Salt Cure
|upkeep
|turn|17
|
|t:|1776137821
|move|p1a: mo|Tera Blast|p2a: Clefable
|-damage|p2a: Clefable|14/100
|move|p2a: Clefable|Wish|p2a: Clefable
|
|-heal|p2a: Clefable|20/100|[from] item: Leftovers
|-damage|p1a: mo|9/100|[from] Salt Cure
|upkeep
|turn|18
|
|t:|1776137835
|move|p2a: Clefable|Protect|p2a: Clefable
|-singleturn|p2a: Clefable|Protect
|move|p1a: mo|Nasty Plot|p1a: mo
|-boost|p1a: mo|spa|2
|
|-heal|p2a: Clefable|70/100|[from] move: Wish|[wisher] Clefable
|-heal|p2a: Clefable|76/100|[from] item: Leftovers
|-damage|p1a: mo|0 fnt|[from] Salt Cure
|faint|p1a: mo
|upkeep
|
|t:|1776137838
|switch|p1a: DEO|Deoxys-Speed|100/100
|-damage|p1a: DEO|88/100|[from] Stealth Rock
|-ability|p1a: DEO|Pressure
|turn|19
|
|t:|1776137850
|move|p1a: DEO|Taunt|p2a: Clefable
|-start|p2a: Clefable|move: Taunt
|cant|p2a: Clefable|move: Taunt|Calm Mind
|
|-heal|p2a: Clefable|82/100|[from] item: Leftovers
|upkeep
|turn|20
|
|t:|1776137854
|move|p1a: DEO|Reflect|p1a: DEO
|-sidestart|p1: DcBaker|Reflect
|move|p2a: Clefable|Stored Power|p1a: DEO
|-resisted|p1a: DEO
|-damage|p1a: DEO|77/100
|
|-heal|p2a: Clefable|88/100|[from] item: Leftovers
|upkeep
|turn|21
|
|t:|1776137863
|switch|p2a: Iron Valiant|Iron Valiant, shiny|100/100
|-enditem|p2a: Iron Valiant|Booster Energy
|-activate|p2a: Iron Valiant|ability: Quark Drive|[fromitem]
|-start|p2a: Iron Valiant|quarkdrivespa
|move|p1a: DEO|Light Screen|p1a: DEO
|-sidestart|p1: DcBaker|move: Light Screen
|
|upkeep
|turn|22
|
|t:|1776137871
|move|p1a: DEO|Psycho Boost|p2a: Iron Valiant
|-supereffective|p2a: Iron Valiant
|-damage|p2a: Iron Valiant|0 fnt
|-unboost|p1a: DEO|spa|2
|faint|p2a: Iron Valiant
|-end|p2a: Iron Valiant|Quark Drive|[silent]
|
|upkeep
|
|t:|1776137878
|switch|p2a: Ogerpon|Ogerpon-Wellspring, F|100/100
|turn|23
|
|t:|1776137887
|switch|p1a: ZAHM|Zamazenta|100/100
|-damage|p1a: ZAHM|94/100|[from] Stealth Rock
|-ability|p1a: ZAHM|Dauntless Shield|boost
|-boost|p1a: ZAHM|def|1
|move|p2a: Ogerpon|U-turn|p1a: ZAHM
|-resisted|p1a: ZAHM
|-damage|p1a: ZAHM|91/100
|
|t:|1776137894
|switch|p2a: Clefable|Clefable, M|88/100|[from] U-turn
|
|-heal|p1a: ZAHM|97/100|[from] item: Leftovers
|-heal|p2a: Clefable|94/100|[from] item: Leftovers
|upkeep
|turn|24
|
|t:|1776137901
|move|p1a: ZAHM|Iron Defense|p1a: ZAHM
|-boost|p1a: ZAHM|def|2
|move|p2a: Clefable|Calm Mind|p2a: Clefable
|-boost|p2a: Clefable|spa|1
|-boost|p2a: Clefable|spd|1
|
|-heal|p1a: ZAHM|100/100|[from] item: Leftovers
|-heal|p2a: Clefable|99/100|[from] item: Leftovers
|upkeep
|turn|25
|
|t:|1776137908
|move|p1a: ZAHM|Iron Defense|p1a: ZAHM
|-boost|p1a: ZAHM|def|2
|move|p2a: Clefable|Calm Mind|p2a: Clefable
|-boost|p2a: Clefable|spa|1
|-boost|p2a: Clefable|spd|1
|
|-heal|p2a: Clefable|100/100|[from] item: Leftovers
|upkeep
|turn|26
|
|t:|1776137916
|move|p2a: Clefable|Stored Power|p1a: ZAHM
|-supereffective|p1a: ZAHM
|-damage|p1a: ZAHM|62/100
|move|p1a: ZAHM|Roar|p2a: Clefable
|drag|p2a: Ogerpon|Ogerpon-Wellspring, F|100/100
|
|-heal|p1a: ZAHM|68/100|[from] item: Leftovers
|upkeep
|turn|27
|
|t:|1776137927
|move|p1a: ZAHM|Body Press|p2a: Ogerpon
|-damage|p2a: Ogerpon|0 fnt
|faint|p2a: Ogerpon
|
|-heal|p1a: ZAHM|74/100|[from] item: Leftovers
|-sideend|p1: DcBaker|Reflect
|upkeep
|-message|Ketchupandrice forfeited.
|
|win|DcBaker
|raw|DcBaker's rating: 1286 &rarr; <strong>1308</strong><br />(+22 for winning)
|raw|Ketchupandrice's rating: 1245 &rarr; <strong>1223</strong><br />(-22 for losing)
