|html|<div class="broadcast-blue"><strong>[Gen 9] OU is currently suspecting Tera Blast! For information on how to participate check out the <a href="https://www.smogon.com/tools/suspects/view/200">suspect thread</a>.</strong></div>
|j|☆ALT1 Lord Greed
|j|☆mr parasect alt
|t:|1776102330
|gametype|singles
|player|p1|ALT1 Lord Greed|101|1599
|player|p2|mr parasect alt|waitress|1683
|gen|9
|tier|[Gen 9] OU
|rated|
|rule|HP Percentage Mod: HP is shown in percentages
|rule|Endless Battle Clause: Forcing endless battles is banned
|rule|Species Clause: Limit one of each Pokémon
|rule|OHKO Clause: OHKO moves are banned
|rule|Evasion Items Clause: Evasion items are banned
|rule|Evasion Moves Clause: Evasion moves are banned
|rule|Evasion Abilities Clause: Evasion abilities are banned
|rule|Sleep Moves Clause: Sleep-inducing moves are banned
|clearpoke
|poke|p1|Glastrier|
|poke|p1|Slowking-Galar, M|
|poke|p1|Heatran, F|
|poke|p1|Tornadus-Therian, M|
|poke|p1|Enamorus, F|
|poke|p1|Great Tusk|
|poke|p2|Iron Valiant|
|poke|p2|Great Tusk|
|poke|p2|Dragonite, M|
|poke|p2|Deoxys-Speed|
|poke|p2|Glimmora, M|
|poke|p2|Ogerpon-Wellspring, F|
|teampreview
|inactive|Battle timer is ON: inactive players will automatically lose when time's up. (requested by ALT1 Lord Greed)
|
|t:|1776102357
|teamsize|p1|6
|teamsize|p2|6
|start
|switch|p1a: Slowking|Slowking-Galar, M|100/100
|switch|p2a: Iron Valiant|Iron Valiant|100/100
|-enditem|p2a: Iron Valiant|Booster Energy
|-activate|p2a: Iron Valiant|ability: Quark Drive|[fromitem]
|-start|p2a: Iron Valiant|quarkdrivespe
|turn|1
|
|t:|1776102386
|move|p2a: Iron Valiant|Knock Off|p1a: Slowking
|-supereffective|p1a: Slowking
|-damage|p1a: Slowking|43/100
|-enditem|p1a: Slowking|Heavy-Duty Boots|[from] move: Knock Off|[of] p2a: Iron Valiant
|move|p1a: Slowking|Sludge Bomb|p2a: Iron Valiant
|-supereffective|p2a: Iron Valiant
|-damage|p2a: Iron Valiant|0 fnt
|faint|p2a: Iron Valiant
|-end|p2a: Iron Valiant|Quark Drive|[silent]
|
|upkeep
|
|t:|1776102394
|switch|p2a: Ogerpon|Ogerpon-Wellspring, F|100/100
|turn|2
|
|t:|1776102400
|move|p2a: Ogerpon|Knock Off|p1a: Slowking
|-supereffective|p1a: Slowking
|-damage|p1a: Slowking|0 fnt
|faint|p1a: Slowking
|
|upkeep
|
|t:|1776102402
|switch|p1a: Tornadus|Tornadus-Therian, M|100/100
|turn|3
|
|t:|1776102404
|switch|p2a: Glimmora|Glimmora, M|100/100
|move|p1a: Tornadus|Bleakwind Storm|p2a: Glimmora|[miss]
|-miss|p1a: Tornadus|p2a: Glimmora
|
|upkeep
|turn|4
|
|t:|1776102412
|move|p1a: Tornadus|U-turn|p2a: Glimmora
|-resisted|p2a: Glimmora
|-damage|p2a: Glimmora|92/100
|-activate|p2a: Glimmora|ability: Toxic Debris
|-sidestart|p1: ALT1 Lord Greed|move: Toxic Spikes
|
|t:|1776102415
|switch|p1a: Heatran|Heatran, F|100/100|[from] U-turn
|move|p2a: Glimmora|Meteor Beam||[still]
|-prepare|p2a: Glimmora|Meteor Beam
|-boost|p2a: Glimmora|spa|1
|-enditem|p2a: Glimmora|Power Herb
|-anim|p2a: Glimmora|Meteor Beam|p1a: Heatran|[miss]
|-miss|p2a: Glimmora|p1a: Heatran
|
|upkeep
|turn|5
|
|t:|1776102420
|move|p2a: Glimmora|Earth Power|p1a: Heatran
|-supereffective|p1a: Heatran
|-damage|p1a: Heatran|0 fnt
|faint|p1a: Heatran
|
|upkeep
|
|t:|1776102422
|switch|p1a: Great Tusk|Great Tusk|100/100
|turn|6
|
|t:|1776102432
|move|p1a: Great Tusk|Headlong Rush|p2a: Glimmora
|-supereffective|p2a: Glimmora
|-damage|p2a: Glimmora|0 fnt
|-unboost|p1a: Great Tusk|def|1
|-unboost|p1a: Great Tusk|spd|1
|-activate|p2a: Glimmora|ability: Toxic Debris
|-sidestart|p1: ALT1 Lord Greed|move: Toxic Spikes
|faint|p2a: Glimmora
|
|upkeep
|
|t:|1776102435
|switch|p2a: Ogerpon|Ogerpon-Wellspring, F|100/100
|turn|7
|
|t:|1776102438
|-end|p1a: Great Tusk|Protosynthesis|[silent]
|switch|p1a: Tornadus|Tornadus-Therian, M|100/100
|move|p2a: Ogerpon|Ivy Cudgel|p1a: Tornadus|[anim] Ivy Cudgel Water
|-damage|p1a: Tornadus|36/100
|
|upkeep
|turn|8
|
|t:|1776102443
|switch|p2a: Deoxys|Deoxys-Speed|100/100
|-ability|p2a: Deoxys|Pressure
|move|p1a: Tornadus|Bleakwind Storm|p2a: Deoxys
|-damage|p2a: Deoxys|55/100
|
|upkeep
|turn|9
|
|t:|1776102450
|move|p2a: Deoxys|Light Screen|p2a: Deoxys
|-sidestart|p2: mr parasect alt|move: Light Screen
|move|p1a: Tornadus|U-turn|p2a: Deoxys
|-supereffective|p2a: Deoxys
|-damage|p2a: Deoxys|16/100
|
|t:|1776102452
|switch|p1a: Great Tusk|Great Tusk|100/100|[from] U-turn
|
|upkeep
|turn|10
|
|t:|1776102463
|switch|p2a: Ogerpon|Ogerpon-Wellspring, F|100/100
|-terastallize|p1a: Great Tusk|Steel
|move|p1a: Great Tusk|Rapid Spin|p2a: Ogerpon
|-damage|p2a: Ogerpon|78/100
|-boost|p1a: Great Tusk|spe|1
|-sideend|p1: ALT1 Lord Greed|Toxic Spikes|[from] move: Rapid Spin|[of] p1a: Great Tusk
|
|upkeep
|turn|11
|
|t:|1776102470
|move|p1a: Great Tusk|Close Combat|p2a: Ogerpon
|-damage|p2a: Ogerpon|0 fnt
|-unboost|p1a: Great Tusk|def|1
|-unboost|p1a: Great Tusk|spd|1
|faint|p2a: Ogerpon
|
|upkeep
|
|t:|1776102475
|switch|p2a: Great Tusk|Great Tusk|100/100
|-enditem|p2a: Great Tusk|Booster Energy
|-activate|p2a: Great Tusk|ability: Protosynthesis|[fromitem]
|-start|p2a: Great Tusk|protosynthesisspe
|turn|12
|
|t:|1776102481
|-end|p1a: Great Tusk|Protosynthesis|[silent]
|switch|p1a: Tornadus|Tornadus-Therian, M|69/100
|move|p2a: Great Tusk|Bulk Up|p2a: Great Tusk
|-boost|p2a: Great Tusk|atk|1
|-boost|p2a: Great Tusk|def|1
|
|upkeep
|turn|13
|
|t:|1776102485
|move|p2a: Great Tusk|Ice Spinner|p1a: Tornadus
|-supereffective|p1a: Tornadus
|-damage|p1a: Tornadus|0 fnt
|faint|p1a: Tornadus
|
|upkeep
|
|t:|1776102493
|switch|p1a: Enamorus|Enamorus, F|100/100
|turn|14
|
|t:|1776102499
|move|p1a: Enamorus|Moonblast|p2a: Great Tusk
|-supereffective|p2a: Great Tusk
|-damage|p2a: Great Tusk|32/100
|move|p2a: Great Tusk|Ice Spinner|p1a: Enamorus
|-supereffective|p1a: Enamorus
|-damage|p1a: Enamorus|0 fnt
|faint|p1a: Enamorus
|
|upkeep
|
|t:|1776102506
|switch|p1a: Glastrier|Glastrier|100/100
|turn|15
|
|t:|1776102521
|move|p2a: Great Tusk|Taunt|p1a: Glastrier
|-start|p1a: Glastrier|move: Taunt
|move|p1a: Glastrier|Icicle Crash|p2a: Great Tusk
|-supereffective|p2a: Great Tusk
|-damage|p2a: Great Tusk|0 fnt
|faint|p2a: Great Tusk
|-end|p2a: Great Tusk|Protosynthesis|[silent]
|-ability|p1a: Glastrier|Chilling Neigh|boost
|-boost|p1a: Glastrier|atk|1
|
|upkeep
|
|t:|1776102526
|switch|p2a: Deoxys|Deoxys-Speed|16/100
|-ability|p2a: Deoxys|Pressure
|turn|16
|
|t:|1776102548
|move|p2a: Deoxys|Psycho Boost|p1a: Glastrier|[miss]
|-miss|p2a: Deoxys|p1a: Glastrier
|move|p1a: Glastrier|High Horsepower|p2a: Deoxys
|-damage|p2a: Deoxys|0 fnt
|faint|p2a: Deoxys
|-ability|p1a: Glastrier|Chilling Neigh|boost
|-boost|p1a: Glastrier|atk|1
|
|-sideend|p2: mr parasect alt|move: Light Screen
|upkeep
|
|t:|1776102551
|switch|p2a: Dragonite|Dragonite, M|100/100
|turn|17
|
|t:|1776102553
|-terastallize|p2a: Dragonite|Flying
|move|p2a: Dragonite|Tera Blast|p1a: Glastrier|[anim] Tera Blast Flying
|-damage|p1a: Glastrier|58/100
|move|p1a: Glastrier|Icicle Crash|p2a: Dragonite|[miss]
|-miss|p1a: Glastrier|p2a: Dragonite
|
|-end|p1a: Glastrier|move: Taunt
|upkeep
|turn|18
|
|t:|1776102559
|move|p2a: Dragonite|Tera Blast|p1a: Glastrier|[anim] Tera Blast Flying
|-damage|p1a: Glastrier|18/100
|move|p1a: Glastrier|Icicle Crash|p2a: Dragonite
|-supereffective|p2a: Dragonite
|-damage|p2a: Dragonite|0 fnt
|faint|p2a: Dragonite
|
|win|ALT1 Lord Greed
|raw|ALT1 Lord Greed's rating: 1599 &rarr; <strong>1624</strong><br />(+25 for winning)
|raw|mr parasect alt's rating: 1683 &rarr; <strong>1658</strong><br />(-25 for losing)
|l|☆mr parasect alt
|player|p2|
|l|☆ALT1 Lord Greed
|player|p1|
