|html|<div class="broadcast-blue"><strong>[Gen 9] OU is currently suspecting Volcarona! For information on how to participate check out the <a href="https://www.smogon.com/tools/suspects/view/208">suspect thread</a>.</strong></div>
|j|☆Akifwaverley
|j|☆Huxz
|t:|1778511881
|gametype|singles
|player|p1|Akifwaverley|n|1231
|player|p2|Huxz|elesa|1216
|gen|9
|tier|[Gen 9] OU
|rated|
|rule|HP Percentage Mod: HP is shown in percentages
|rule|Endless Battle Clause: Forcing endless battles is banned
|rule|Species Clause: Limit one of each Pokémon
|rule|OHKO Clause: OHKO moves are banned
|rule|Evasion Items Clause: Evasion items are banned
|rule|Evasion Moves Clause: Evasion moves are banned
|rule|Evasion Abilities Clause: Evasion abilities are banned
|rule|Sleep Moves Clause: Sleep-inducing moves are banned
|clearpoke
|poke|p1|Garganacl, F|
|poke|p1|Darkrai|
|poke|p1|Great Tusk|
|poke|p1|Hatterene, F|
|poke|p1|Tornadus-Therian, M|
|poke|p1|Dragonite, M|
|poke|p2|Gumshoos, M|
|poke|p2|Tinkaton, F|
|poke|p2|Bisharp, F|
|poke|p2|Quaquaval, M|
|poke|p2|Raging Bolt|
|poke|p2|Skeledirge, F|
|teampreview
|
|t:|1778511888
|teamsize|p1|6
|teamsize|p2|6
|start
|switch|p1a: Great Tusk|Great Tusk|100/100
|switch|p2a: Tinkaton|Tinkaton, F|100/100
|-item|p2a: Tinkaton|Air Balloon
|-enditem|p1a: Great Tusk|Booster Energy
|-activate|p1a: Great Tusk|ability: Protosynthesis|[fromitem]
|-start|p1a: Great Tusk|protosynthesisatk
|turn|1
|
|t:|1778511901
|move|p1a: Great Tusk|Close Combat|p2a: Tinkaton
|-damage|p2a: Tinkaton|8/100
|-unboost|p1a: Great Tusk|def|1
|-unboost|p1a: Great Tusk|spd|1
|-enditem|p2a: Tinkaton|Air Balloon
|move|p2a: Tinkaton|Encore|p1a: Great Tusk
|-start|p1a: Great Tusk|Encore
|
|upkeep
|turn|2
|
|t:|1778511917
|switch|p2a: Skeledirge|Skeledirge, F|100/100
|move|p1a: Great Tusk|Close Combat|p2a: Skeledirge
|-immune|p2a: Skeledirge
|
|upkeep
|turn|3
|
|t:|1778511927
|-end|p1a: Great Tusk|Protosynthesis|[silent]
|switch|p1a: Hatterene|Hatterene, F|100/100
|move|p2a: Skeledirge|Will-O-Wisp|p1a: Hatterene
|move|p1a: Hatterene|Will-O-Wisp|p2a: Skeledirge|[from] ability: Magic Bounce|[miss]
|-miss|p1a: Hatterene|p2a: Skeledirge
|
|upkeep
|turn|4
|
|t:|1778511938
|move|p2a: Skeledirge|Torch Song|p1a: Hatterene
|-damage|p1a: Hatterene|70/100
|-boost|p2a: Skeledirge|spa|1
|move|p1a: Hatterene|Nuzzle|p2a: Skeledirge
|-damage|p2a: Skeledirge|98/100
|-status|p2a: Skeledirge|par
|
|upkeep
|turn|5
|
|t:|1778511950
|move|p2a: Skeledirge|Hex|p1a: Hatterene
|-supereffective|p1a: Hatterene
|-damage|p1a: Hatterene|0 fnt
|faint|p1a: Hatterene
|
|upkeep
|
|t:|1778511956
|switch|p1a: Darkrai|Darkrai|100/100
|turn|6
|
|t:|1778511965
|switch|p2a: Tinkaton|Tinkaton, F|8/100
|move|p1a: Darkrai|Dark Pulse|p2a: Tinkaton
|-resisted|p2a: Tinkaton
|-damage|p2a: Tinkaton|0 fnt
|faint|p2a: Tinkaton
|
|upkeep
|
|t:|1778511969
|switch|p2a: Quaquaval|Quaquaval, M|100/100
|turn|7
|
|t:|1778511980
|switch|p1a: Tornadus|Tornadus-Therian, M, shiny|100/100
|move|p2a: Quaquaval|Aqua Step|p1a: Tornadus
|-damage|p1a: Tornadus|36/100
|-boost|p2a: Quaquaval|spe|1
|-damage|p2a: Quaquaval|91/100|[from] item: Life Orb
|
|upkeep
|turn|8
|
|t:|1778511990
|move|p2a: Quaquaval|Aqua Step|p1a: Tornadus
|-damage|p1a: Tornadus|0 fnt
|-boost|p2a: Quaquaval|spe|1
|faint|p1a: Tornadus
|-ability|p2a: Quaquaval|Moxie|boost
|-boost|p2a: Quaquaval|atk|1
|-damage|p2a: Quaquaval|81/100|[from] item: Life Orb
|
|upkeep
|
|t:|1778511999
|switch|p1a: Great Tusk|Great Tusk|100/100
|turn|9
|
|t:|1778512010
|-terastallize|p1a: Great Tusk|Ice
|move|p2a: Quaquaval|Aqua Step|p1a: Great Tusk
|-damage|p1a: Great Tusk|45/100
|-boost|p2a: Quaquaval|spe|1
|-damage|p2a: Quaquaval|71/100|[from] item: Life Orb
|move|p1a: Great Tusk|Headlong Rush|p2a: Quaquaval
|-damage|p2a: Quaquaval|0 fnt
|-unboost|p1a: Great Tusk|def|1
|-unboost|p1a: Great Tusk|spd|1
|faint|p2a: Quaquaval
|
|upkeep
|
|t:|1778512027
|switch|p2a: Bisharp|Bisharp, F|100/100
|turn|10
|
|t:|1778512032
|move|p2a: Bisharp|Sucker Punch|p1a: Great Tusk
|-damage|p1a: Great Tusk|0 fnt
|faint|p1a: Great Tusk
|-end|p1a: Great Tusk|Protosynthesis|[silent]
|
|upkeep
|
|t:|1778512038
|switch|p1a: Darkrai|Darkrai|100/100
|turn|11
|
|t:|1778512044
|move|p1a: Darkrai|Focus Blast|p2a: Bisharp
|-supereffective|p2a: Bisharp
|-damage|p2a: Bisharp|0 fnt
|faint|p2a: Bisharp
|
|upkeep
|
|t:|1778512055
|switch|p2a: Raging Bolt|Raging Bolt|100/100
|-enditem|p2a: Raging Bolt|Booster Energy
|-activate|p2a: Raging Bolt|ability: Protosynthesis|[fromitem]
|-start|p2a: Raging Bolt|protosynthesisspa
|turn|12
|
|t:|1778512067
|switch|p1a: Garganacl|Garganacl, F|100/100
|move|p2a: Raging Bolt|Draco Meteor|p1a: Garganacl
|-damage|p1a: Garganacl|39/100
|-unboost|p2a: Raging Bolt|spa|2
|
|-heal|p1a: Garganacl|45/100|[from] item: Leftovers
|upkeep
|turn|13
|
|t:|1778512077
|move|p2a: Raging Bolt|Volt Switch|p1a: Garganacl
|-damage|p1a: Garganacl|28/100
|
|t:|1778512080
|-end|p2a: Raging Bolt|Protosynthesis|[silent]
|switch|p2a: Gumshoos|Gumshoos, M|100/100|[from] Volt Switch
|move|p1a: Garganacl|Salt Cure|p2a: Gumshoos
|-damage|p2a: Gumshoos|82/100
|-start|p2a: Gumshoos|Salt Cure
|
|-heal|p1a: Garganacl|34/100|[from] item: Leftovers
|-damage|p2a: Gumshoos|70/100|[from] Salt Cure
|upkeep
|turn|14
|
|t:|1778512095
|move|p2a: Gumshoos|Knock Off|p1a: Garganacl
|-damage|p1a: Garganacl|1/100
|-enditem|p1a: Garganacl|Leftovers|[from] move: Knock Off|[of] p2a: Gumshoos
|move|p1a: Garganacl|Recover|p1a: Garganacl
|-heal|p1a: Garganacl|51/100
|
|-damage|p2a: Gumshoos|57/100|[from] Salt Cure
|upkeep
|turn|15
|
|t:|1778512104
|switch|p2a: Raging Bolt|Raging Bolt|100/100
|move|p1a: Garganacl|Recover|p1a: Garganacl
|-heal|p1a: Garganacl|100/100
|
|upkeep
|turn|16
|
|t:|1778512110
|move|p2a: Raging Bolt|Calm Mind|p2a: Raging Bolt
|-boost|p2a: Raging Bolt|spa|1
|-boost|p2a: Raging Bolt|spd|1
|move|p1a: Garganacl|Salt Cure|p2a: Raging Bolt
|-damage|p2a: Raging Bolt|89/100
|-start|p2a: Raging Bolt|Salt Cure
|
|-damage|p2a: Raging Bolt|77/100|[from] Salt Cure
|upkeep
|turn|17
|
|t:|1778512122
|move|p2a: Raging Bolt|Calm Mind|p2a: Raging Bolt
|-boost|p2a: Raging Bolt|spa|1
|-boost|p2a: Raging Bolt|spd|1
|move|p1a: Garganacl|Salt Cure|p2a: Raging Bolt
|-damage|p2a: Raging Bolt|66/100
|
|-damage|p2a: Raging Bolt|54/100|[from] Salt Cure
|upkeep
|turn|18
|
|t:|1778512131
|move|p1a: Garganacl|Protect|p1a: Garganacl
|-singleturn|p1a: Garganacl|Protect
|move|p2a: Raging Bolt|Draco Meteor|p1a: Garganacl
|-activate|p1a: Garganacl|move: Protect
|
|-damage|p2a: Raging Bolt|41/100|[from] Salt Cure
|upkeep
|turn|19
|
|t:|1778512143
|move|p2a: Raging Bolt|Draco Meteor|p1a: Garganacl
|-crit|p1a: Garganacl
|-damage|p1a: Garganacl|0 fnt
|-unboost|p2a: Raging Bolt|spa|2
|faint|p1a: Garganacl
|
|-damage|p2a: Raging Bolt|29/100|[from] Salt Cure
|upkeep
|
|t:|1778512153
|switch|p1a: Dragonite|Dragonite, M|100/100
|turn|20
|
|t:|1778512164
|move|p2a: Raging Bolt|Thunderclap|p1a: Dragonite
|-damage|p1a: Dragonite|80/100
|move|p1a: Dragonite|Earthquake|p2a: Raging Bolt
|-supereffective|p2a: Raging Bolt
|-damage|p2a: Raging Bolt|0 fnt
|faint|p2a: Raging Bolt
|-end|p2a: Raging Bolt|Protosynthesis|[silent]
|
|upkeep
|
|t:|1778512172
|switch|p2a: Skeledirge|Skeledirge, F|98/100 par
|turn|21
|
|t:|1778512177
|move|p1a: Dragonite|Earthquake|p2a: Skeledirge
|-supereffective|p2a: Skeledirge
|-damage|p2a: Skeledirge|45/100 par
|move|p2a: Skeledirge|Will-O-Wisp|p1a: Dragonite
|-status|p1a: Dragonite|brn
|
|-damage|p1a: Dragonite|74/100 brn|[from] brn
|upkeep
|turn|22
|
|t:|1778512186
|move|p1a: Dragonite|Earthquake|p2a: Skeledirge
|-supereffective|p2a: Skeledirge
|-damage|p2a: Skeledirge|18/100 par
|move|p2a: Skeledirge|Slack Off|p2a: Skeledirge
|-heal|p2a: Skeledirge|68/100 par
|
|-damage|p1a: Dragonite|68/100 brn|[from] brn
|upkeep
|turn|23
|
|t:|1778512195
|move|p1a: Dragonite|Dragon Dance|p1a: Dragonite
|-boost|p1a: Dragonite|atk|1
|-boost|p1a: Dragonite|spe|1
|move|p2a: Skeledirge|Slack Off|p2a: Skeledirge
|-heal|p2a: Skeledirge|100/100 par
|
|-damage|p1a: Dragonite|62/100 brn|[from] brn
|upkeep
|turn|24
|
|t:|1778512203
|move|p1a: Dragonite|Roost|p1a: Dragonite
|-heal|p1a: Dragonite|100/100 brn
|-singleturn|p1a: Dragonite|move: Roost
|move|p2a: Skeledirge|Hex|p1a: Dragonite
|-damage|p1a: Dragonite|78/100 brn
|
|-damage|p1a: Dragonite|72/100 brn|[from] brn
|upkeep
|turn|25
|
|t:|1778512214
|move|p1a: Dragonite|Earthquake|p2a: Skeledirge
|-supereffective|p2a: Skeledirge
|-damage|p2a: Skeledirge|75/100 par
|move|p2a: Skeledirge|Torch Song|p1a: Dragonite
|-resisted|p1a: Dragonite
|-damage|p1a: Dragonite|58/100 brn
|-boost|p2a: Skeledirge|spa|1
|
|-damage|p1a: Dragonite|52/100 brn|[from] brn
|upkeep
|turn|26
|
|t:|1778512225
|move|p1a: Dragonite|Roost|p1a: Dragonite
|-heal|p1a: Dragonite|100/100 brn
|-singleturn|p1a: Dragonite|move: Roost
|move|p2a: Skeledirge|Hex|p1a: Dragonite
|-damage|p1a: Dragonite|65/100 brn
|
|-damage|p1a: Dragonite|59/100 brn|[from] brn
|upkeep
|turn|27
|
|t:|1778512234
|move|p1a: Dragonite|Dragon Dance|p1a: Dragonite
|-boost|p1a: Dragonite|atk|1
|-boost|p1a: Dragonite|spe|1
|move|p2a: Skeledirge|Torch Song|p1a: Dragonite
|-resisted|p1a: Dragonite
|-damage|p1a: Dragonite|36/100 brn
|-boost|p2a: Skeledirge|spa|1
|
|-damage|p1a: Dragonite|30/100 brn|[from] brn
|upkeep
|turn|28
|
|t:|1778512245
|move|p1a: Dragonite|Roost|p1a: Dragonite
|-heal|p1a: Dragonite|80/100 brn
|-singleturn|p1a: Dragonite|move: Roost
|move|p2a: Skeledirge|Hex|p1a: Dragonite
|-damage|p1a: Dragonite|0 fnt
|faint|p1a: Dragonite
|
|upkeep
|
|t:|1778512254
|switch|p1a: Darkrai|Darkrai|100/100
|turn|29
|
|t:|1778512278
|-terastallize|p2a: Skeledirge|Fire
|move|p1a: Darkrai|Dark Pulse|p2a: Skeledirge
|-damage|p2a: Skeledirge|10/100 par
|cant|p2a: Skeledirge|flinch
|
|upkeep
|turn|30
|
|t:|1778512286
|move|p1a: Darkrai|Dark Pulse|p2a: Skeledirge
|-damage|p2a: Skeledirge|0 fnt
|faint|p2a: Skeledirge
|
|upkeep
|
|t:|1778512288
|switch|p2a: Gumshoos|Gumshoos, M|57/100
|turn|31
|
|t:|1778512294
|move|p1a: Darkrai|Dark Pulse|p2a: Gumshoos
|-damage|p2a: Gumshoos|0 fnt
|faint|p2a: Gumshoos
|
|win|Akifwaverley
|raw|Akifwaverley's rating: 1231 &rarr; <strong>1255</strong><br />(+24 for winning)
|raw|Huxz's rating: 1216 &rarr; <strong>1192</strong><br />(-24 for losing)
|l|☆Huxz
|player|p2|
|l|☆Akifwaverley
|player|p1|
