|html|<div class="broadcast-blue"><strong>[Gen 9] OU is currently suspecting Tera Blast! For information on how to participate check out the <a href="https://www.smogon.com/tools/suspects/view/200">suspect thread</a>.</strong></div>
|j|☆uritugatita
|j|☆DcBaker
|t:|1776136040
|gametype|singles
|player|p1|uritugatita|harlequin|1218
|player|p2|DcBaker|pokemonrangerf|1205
|gen|9
|tier|[Gen 9] OU
|rated|
|rule|HP Percentage Mod: HP is shown in percentages
|rule|Endless Battle Clause: Forcing endless battles is banned
|rule|Species Clause: Limit one of each Pokémon
|rule|OHKO Clause: OHKO moves are banned
|rule|Evasion Items Clause: Evasion items are banned
|rule|Evasion Moves Clause: Evasion moves are banned
|rule|Evasion Abilities Clause: Evasion abilities are banned
|rule|Sleep Moves Clause: Sleep-inducing moves are banned
|clearpoke
|poke|p1|Great Tusk|
|poke|p1|Gholdengo|
|poke|p1|Serperior, M|
|poke|p1|Rillaboom, M|
|poke|p1|Pecharunt|
|poke|p1|Heatran, M|
|poke|p2|Deoxys-Speed|
|poke|p2|Ceruledge, M|
|poke|p2|Zamazenta-*|
|poke|p2|Ogerpon-Wellspring, F|
|poke|p2|Glimmora, M|
|poke|p2|Moltres-Galar|
|teampreview
|inactive|Battle timer is ON: inactive players will automatically lose when time's up. (requested by uritugatita)
|
|t:|1776136064
|teamsize|p1|6
|teamsize|p2|6
|start
|switch|p1a: Serperior|Serperior, M|100/100
|switch|p2a: gimmie|Glimmora, M|100/100
|turn|1
|
|t:|1776136073
|move|p1a: Serperior|Substitute|p1a: Serperior
|-start|p1a: Serperior|Substitute
|-damage|p1a: Serperior|76/100
|move|p2a: gimmie|Meteor Beam||[still]
|-prepare|p2a: gimmie|Meteor Beam
|-boost|p2a: gimmie|spa|1
|-enditem|p2a: gimmie|Power Herb
|-anim|p2a: gimmie|Meteor Beam|p1a: Serperior
|-end|p1a: Serperior|Substitute
|
|-heal|p1a: Serperior|82/100|[from] item: Leftovers
|upkeep
|turn|2
|
|t:|1776136080
|move|p1a: Serperior|Substitute|p1a: Serperior
|-start|p1a: Serperior|Substitute
|-damage|p1a: Serperior|57/100
|move|p2a: gimmie|Meteor Beam||[still]
|-prepare|p2a: gimmie|Meteor Beam
|-boost|p2a: gimmie|spa|1
|
|-heal|p1a: Serperior|63/100|[from] item: Leftovers
|upkeep
|turn|3
|
|t:|1776136086
|move|p1a: Serperior|Leaf Storm|p2a: gimmie
|-damage|p2a: gimmie|43/100
|-boost|p1a: Serperior|spa|2
|move|p2a: gimmie|Meteor Beam|p1a: Serperior|[from] lockedmove
|-end|p1a: Serperior|Substitute
|
|-heal|p1a: Serperior|70/100|[from] item: Leftovers
|upkeep
|turn|4
|
|t:|1776136093
|move|p1a: Serperior|Leaf Storm|p2a: gimmie
|-damage|p2a: gimmie|0 fnt
|-boost|p1a: Serperior|spa|2
|faint|p2a: gimmie
|
|-heal|p1a: Serperior|76/100|[from] item: Leftovers
|upkeep
|
|t:|1776136096
|switch|p2a: Sara|Ceruledge, M|100/100
|turn|5
|
|t:|1776136108
|-terastallize|p1a: Serperior|Stellar
|move|p1a: Serperior|Tera Blast|p2a: Sara|[anim] Tera Blast Stellar
|-damage|p2a: Sara|12/100
|-boost|p1a: Serperior|atk|1
|-boost|p1a: Serperior|spa|1
|move|p2a: Sara|Bitter Blade|p1a: Serperior
|-supereffective|p1a: Serperior
|-damage|p1a: Serperior|0 fnt
|-heal|p2a: Sara|48/100|[from] drain|[of] p1a: Serperior
|faint|p1a: Serperior
|-damage|p2a: Sara|38/100|[from] item: Life Orb
|
|upkeep
|
|t:|1776136114
|switch|p1a: Russel|Rillaboom, M|100/100
|-fieldstart|move: Grassy Terrain|[from] ability: Grassy Surge|[of] p1a: Russel
|turn|6
|
|t:|1776136127
|move|p2a: Sara|Bitter Blade|p1a: Russel
|-supereffective|p1a: Russel
|-damage|p1a: Russel|0 fnt
|-heal|p2a: Sara|97/100|[from] drain|[of] p1a: Russel
|faint|p1a: Russel
|-damage|p2a: Sara|87/100|[from] item: Life Orb
|
|-heal|p2a: Sara|93/100|[from] Grassy Terrain
|upkeep
|
|t:|1776136133
|switch|p1a: Heatran|Heatran, M|100/100
|turn|7
|
|t:|1776136141
|move|p2a: Sara|Swords Dance|p2a: Sara
|-boost|p2a: Sara|atk|2
|move|p1a: Heatran|Earth Power|p2a: Sara
|-supereffective|p2a: Sara
|-damage|p2a: Sara|40/100
|
|-heal|p2a: Sara|47/100|[from] Grassy Terrain
|upkeep
|turn|8
|
|t:|1776136153
|move|p2a: Sara|Poltergeist|p1a: Heatran
|-activate|p1a: Heatran|move: Poltergeist|Leftovers
|-damage|p1a: Heatran|0 fnt
|faint|p1a: Heatran
|-damage|p2a: Sara|37/100|[from] item: Life Orb
|
|-heal|p2a: Sara|43/100|[from] Grassy Terrain
|upkeep
|
|t:|1776136157
|switch|p1a: Blueberry|Pecharunt|100/100
|turn|9
|
|t:|1776136164
|move|p2a: Sara|Poltergeist|p1a: Blueberry
|-activate|p1a: Blueberry|move: Poltergeist|Heavy-Duty Boots
|-supereffective|p1a: Blueberry
|-damage|p1a: Blueberry|0 fnt
|faint|p1a: Blueberry
|-damage|p2a: Sara|33/100|[from] item: Life Orb
|
|-heal|p2a: Sara|39/100|[from] Grassy Terrain
|upkeep
|
|t:|1776136168
|switch|p1a: Bulkhead|Great Tusk|100/100
|turn|10
|
|t:|1776136173
|move|p1a: Bulkhead|Headlong Rush|p2a: Sara
|-supereffective|p2a: Sara
|-damage|p2a: Sara|0 fnt
|-unboost|p1a: Bulkhead|def|1
|-unboost|p1a: Bulkhead|spd|1
|faint|p2a: Sara
|
|-fieldend|move: Grassy Terrain
|upkeep
|
|t:|1776136177
|switch|p2a: 1/151|Ogerpon-Wellspring, F|100/100
|turn|11
|
|t:|1776136181
|-end|p1a: Bulkhead|Protosynthesis|[silent]
|switch|p1a: Sunstreaker|Gholdengo|100/100
|-item|p1a: Sunstreaker|Air Balloon
|move|p2a: 1/151|Horn Leech|p1a: Sunstreaker
|-resisted|p1a: Sunstreaker
|-damage|p1a: Sunstreaker|77/100
|-enditem|p1a: Sunstreaker|Air Balloon
|
|upkeep
|turn|12
|
|t:|1776136185
|move|p2a: 1/151|Ivy Cudgel|p1a: Sunstreaker|[anim] Ivy Cudgel Water
|-damage|p1a: Sunstreaker|11/100
|move|p1a: Sunstreaker|Nasty Plot|p1a: Sunstreaker
|-boost|p1a: Sunstreaker|spa|2
|
|upkeep
|turn|13
|
|t:|1776136193
|move|p2a: 1/151|Horn Leech|p1a: Sunstreaker
|-resisted|p1a: Sunstreaker
|-damage|p1a: Sunstreaker|0 fnt
|faint|p1a: Sunstreaker
|
|upkeep
|-message|uritugatita forfeited.
|
|win|DcBaker
|raw|uritugatita's rating: 1218 &rarr; <strong>1192</strong><br />(-26 for losing)
|raw|DcBaker's rating: 1205 &rarr; <strong>1231</strong><br />(+26 for winning)
