|html|<div class="broadcast-blue"><strong>[Gen 9] OU is currently suspecting Tera Blast! For information on how to participate check out the <a href="https://www.smogon.com/tools/suspects/view/200">suspect thread</a>.</strong></div>
|j|☆dihnite issues
|j|☆bahnmiking
|t:|1776076422
|gametype|singles
|player|p1|dihnite issues|hiker-gen4|1736
|player|p2|bahnmiking|bianca|1682
|gen|9
|tier|[Gen 9] OU
|rated|
|rule|HP Percentage Mod: HP is shown in percentages
|rule|Endless Battle Clause: Forcing endless battles is banned
|rule|Species Clause: Limit one of each Pokémon
|rule|OHKO Clause: OHKO moves are banned
|rule|Evasion Items Clause: Evasion items are banned
|rule|Evasion Moves Clause: Evasion moves are banned
|rule|Evasion Abilities Clause: Evasion abilities are banned
|rule|Sleep Moves Clause: Sleep-inducing moves are banned
|clearpoke
|poke|p1|Slowking-Galar, F|
|poke|p1|Ting-Lu|
|poke|p1|Hydrapple, M|
|poke|p1|Corviknight, M|
|poke|p1|Cinderace, M|
|poke|p1|Dondozo, M|
|poke|p2|Gholdengo|
|poke|p2|Raging Bolt|
|poke|p2|Ceruledge, M|
|poke|p2|Ribombee, F|
|poke|p2|Dragonite, F|
|poke|p2|Great Tusk|
|teampreview
|c|☆dihnite issues|banh mi
|inactive|Battle timer is ON: inactive players will automatically lose when time's up. (requested by bahnmiking)
|
|t:|1776076474
|teamsize|p1|6
|teamsize|p2|6
|start
|switch|p1a: Slowking|Slowking-Galar, F|100/100
|switch|p2a: Ribombee|Ribombee, F|100/100
|turn|1
|
|t:|1776076484
|move|p2a: Ribombee|Sticky Web|p1a: Slowking
|-sidestart|p1: dihnite issues|move: Sticky Web
|move|p1a: Slowking|Sludge Bomb|p2a: Ribombee
|-supereffective|p2a: Ribombee
|-enditem|p2a: Ribombee|Focus Sash
|-damage|p2a: Ribombee|1/100
|
|upkeep
|turn|2
|
|t:|1776076505
|move|p2a: Ribombee|Stun Spore|p1a: Slowking
|-status|p1a: Slowking|par
|move|p1a: Slowking|Sludge Bomb|p2a: Ribombee
|-supereffective|p2a: Ribombee
|-damage|p2a: Ribombee|0 fnt
|faint|p2a: Ribombee
|
|upkeep
|
|t:|1776076516
|switch|p2a: Ceruledge|Ceruledge, M|100/100
|turn|3
|
|t:|1776076535
|switch|p1a: Ting-Lu|Ting-Lu|100/100
|-activate|p1a: Ting-Lu|move: Sticky Web
|-unboost|p1a: Ting-Lu|spe|1
|-ability|p1a: Ting-Lu|Vessel of Ruin
|move|p2a: Ceruledge|Poltergeist|p1a: Ting-Lu
|-activate|p1a: Ting-Lu|move: Poltergeist|Leftovers
|-resisted|p1a: Ting-Lu
|-damage|p1a: Ting-Lu|84/100
|
|-heal|p1a: Ting-Lu|90/100|[from] item: Leftovers
|upkeep
|turn|4
|
|t:|1776076549
|switch|p2a: Dragonite|Dragonite, F|100/100
|move|p1a: Ting-Lu|Payback|p2a: Dragonite
|-damage|p2a: Dragonite|89/100
|
|-heal|p1a: Ting-Lu|96/100|[from] item: Leftovers
|upkeep
|turn|5
|
|t:|1776076567
|switch|p1a: Corviknight|Corviknight, M, shiny|100/100
|-ability|p1a: Corviknight|Pressure
|move|p2a: Dragonite|Encore||[still]
|-fail|p2a: Dragonite
|
|upkeep
|turn|6
|
|t:|1776076578
|switch|p2a: Gholdengo|Gholdengo|100/100
|-item|p2a: Gholdengo|Air Balloon
|switch|p1a: Cinderace|Cinderace, M|100/100
|
|upkeep
|turn|7
|inactive|dihnite issues has 120 seconds left.
|j| Dogedgr8
|
|t:|1776076627
|switch|p2a: Raging Bolt|Raging Bolt|100/100
|-enditem|p2a: Raging Bolt|Booster Energy
|-activate|p2a: Raging Bolt|ability: Protosynthesis|[fromitem]
|-start|p2a: Raging Bolt|protosynthesisspa
|move|p1a: Cinderace|Court Change|p1a: Cinderace
|-swapsideconditions
|-activate|p1a: Cinderace|move: Court Change
|
|upkeep
|turn|8
|
|t:|1776076652
|move|p1a: Cinderace|U-turn|p2a: Raging Bolt
|-damage|p2a: Raging Bolt|83/100
|
|t:|1776076659
|switch|p1a: Ting-Lu|Ting-Lu|96/100|[from] U-turn
|-ability|p1a: Ting-Lu|Vessel of Ruin
|move|p2a: Raging Bolt|Calm Mind|p2a: Raging Bolt
|-boost|p2a: Raging Bolt|spa|1
|-boost|p2a: Raging Bolt|spd|1
|
|-heal|p1a: Ting-Lu|100/100|[from] item: Leftovers
|upkeep
|turn|9
|
|t:|1776076664
|-terastallize|p2a: Raging Bolt|Fairy
|move|p2a: Raging Bolt|Dragon Pulse|p1a: Ting-Lu
|-damage|p1a: Ting-Lu|63/100
|move|p1a: Ting-Lu|Payback|p2a: Raging Bolt
|-resisted|p2a: Raging Bolt
|-damage|p2a: Raging Bolt|66/100
|
|-heal|p1a: Ting-Lu|69/100|[from] item: Leftovers
|upkeep
|turn|10
|
|t:|1776076670
|move|p2a: Raging Bolt|Dragon Pulse|p1a: Ting-Lu
|-damage|p1a: Ting-Lu|26/100
|move|p1a: Ting-Lu|Rest|p1a: Ting-Lu
|-status|p1a: Ting-Lu|slp|[from] move: Rest
|-heal|p1a: Ting-Lu|100/100 slp|[silent]
|
|upkeep
|turn|11
|
|t:|1776076683
|move|p2a: Raging Bolt|Calm Mind|p2a: Raging Bolt
|-boost|p2a: Raging Bolt|spa|1
|-boost|p2a: Raging Bolt|spd|1
|cant|p1a: Ting-Lu|slp
|move|p1a: Ting-Lu|Sleep Talk|p1a: Ting-Lu
|move|p1a: Ting-Lu|Rest||[from] move: Sleep Talk|[still]
|-fail|p1a: Ting-Lu
|
|upkeep
|turn|12
|
|t:|1776076688
|move|p2a: Raging Bolt|Dragon Pulse|p1a: Ting-Lu
|-damage|p1a: Ting-Lu|43/100 slp
|cant|p1a: Ting-Lu|slp
|move|p1a: Ting-Lu|Sleep Talk|p1a: Ting-Lu
|move|p1a: Ting-Lu|Earthquake|p2a: Raging Bolt|[from] move: Sleep Talk
|-damage|p2a: Raging Bolt|29/100
|
|-heal|p1a: Ting-Lu|49/100 slp|[from] item: Leftovers
|upkeep
|turn|13
|j| yua chan
|inactive|dihnite issues has 120 seconds left.
|inactive|dihnite issues has 90 seconds left.
|
|t:|1776076735
|switch|p1a: Corviknight|Corviknight, M, shiny|100/100
|-ability|p1a: Corviknight|Pressure
|move|p2a: Raging Bolt|Dragon Pulse|p1a: Corviknight
|-resisted|p1a: Corviknight
|-damage|p1a: Corviknight|35/100
|
|upkeep
|turn|14
|
|t:|1776076753
|move|p2a: Raging Bolt|Dragon Pulse|p1a: Corviknight
|-resisted|p1a: Corviknight
|-damage|p1a: Corviknight|0 fnt
|faint|p1a: Corviknight
|
|upkeep
|
|t:|1776076765
|switch|p1a: Slowking|Slowking-Galar, F|100/100 par
|turn|15
|
|t:|1776076769
|move|p2a: Raging Bolt|Dragon Pulse|p1a: Slowking
|-damage|p1a: Slowking|3/100 par
|move|p1a: Slowking|Sludge Bomb|p2a: Raging Bolt
|-supereffective|p2a: Raging Bolt
|-damage|p2a: Raging Bolt|0 fnt
|faint|p2a: Raging Bolt
|-end|p2a: Raging Bolt|Protosynthesis|[silent]
|
|-heal|p1a: Slowking|9/100 par|[from] item: Black Sludge
|upkeep
|
|t:|1776076778
|switch|p2a: Great Tusk|Great Tusk|100/100
|-activate|p2a: Great Tusk|move: Sticky Web
|-unboost|p2a: Great Tusk|spe|1
|-enditem|p2a: Great Tusk|Booster Energy
|-activate|p2a: Great Tusk|ability: Protosynthesis|[fromitem]
|-start|p2a: Great Tusk|protosynthesisatk
|turn|16
|inactive|dihnite issues has 90 seconds left.
|inactive|dihnite issues has 60 seconds left.
|inactive|dihnite issues has 30 seconds left.
|
|t:|1776076845
|move|p2a: Great Tusk|Rapid Spin|p1a: Slowking
|-damage|p1a: Slowking|0 fnt
|-boost|p2a: Great Tusk|spe|1
|-sideend|p2: bahnmiking|Sticky Web|[from] move: Rapid Spin|[of] p2a: Great Tusk
|faint|p1a: Slowking
|
|upkeep
|inactive|dihnite issues has 30 seconds left.
|c|☆bahnmiking|You take too long bruh, this game wins itself at this point
|inactive|dihnite issues has 20 seconds left.
|
|t:|1776076860
|switch|p1a: Dondozo|Dondozo, M|100/100
|turn|17
|inactive|dihnite issues has 30 seconds left this turn.
|
|t:|1776076866
|-end|p2a: Great Tusk|Protosynthesis|[silent]
|switch|p2a: Gholdengo|Gholdengo|100/100
|-item|p2a: Gholdengo|Air Balloon
|move|p1a: Dondozo|Curse|p1a: Dondozo
|-unboost|p1a: Dondozo|spe|1
|-boost|p1a: Dondozo|atk|1
|-boost|p1a: Dondozo|def|1
|
|upkeep
|turn|18
|c|☆dihnite issues|mbmb
|
|t:|1776076875
|move|p2a: Gholdengo|Shadow Ball|p1a: Dondozo
|-damage|p1a: Dondozo|68/100
|move|p1a: Dondozo|Curse|p1a: Dondozo
|-unboost|p1a: Dondozo|spe|1
|-boost|p1a: Dondozo|atk|1
|-boost|p1a: Dondozo|def|1
|
|-heal|p1a: Dondozo|74/100|[from] item: Leftovers
|upkeep
|turn|19
|c|☆dihnite issues|just thinking hard
|
|t:|1776076885
|move|p2a: Gholdengo|Shadow Ball|p1a: Dondozo
|-damage|p1a: Dondozo|43/100
|move|p1a: Dondozo|Liquidation|p2a: Gholdengo
|-damage|p2a: Gholdengo|33/100
|-enditem|p2a: Gholdengo|Air Balloon
|
|-heal|p1a: Dondozo|49/100|[from] item: Leftovers
|upkeep
|turn|20
|
|t:|1776076897
|move|p2a: Gholdengo|Shadow Ball|p1a: Dondozo
|-damage|p1a: Dondozo|19/100
|-unboost|p1a: Dondozo|spd|1
|move|p1a: Dondozo|Rest|p1a: Dondozo
|-status|p1a: Dondozo|slp|[from] move: Rest
|-heal|p1a: Dondozo|100/100 slp|[silent]
|
|upkeep
|turn|21
|
|t:|1776076921
|move|p2a: Gholdengo|Nasty Plot|p2a: Gholdengo
|-boost|p2a: Gholdengo|spa|2
|cant|p1a: Dondozo|slp
|move|p1a: Dondozo|Sleep Talk|p1a: Dondozo
|move|p1a: Dondozo|Liquidation|p2a: Gholdengo|[from] move: Sleep Talk
|-damage|p2a: Gholdengo|0 fnt
|faint|p2a: Gholdengo
|
|upkeep
|-message|bahnmiking forfeited.
|
|win|dihnite issues
|raw|dihnite issues's rating: 1736 &rarr; <strong>1753</strong><br />(+17 for winning)
|raw|bahnmiking's rating: 1682 &rarr; <strong>1665</strong><br />(-17 for losing)
|l| Dogedgr8
|c|☆dihnite issues|gg
|c|☆dihnite issues|banh mi du ma
