|html|<div class="broadcast-blue"><strong>[Gen 9] OU is currently suspecting Tera Blast! For information on how to participate check out the <a href="https://www.smogon.com/tools/suspects/view/200">suspect thread</a>.</strong></div>
|j|☆Fire_Phoenix_576
|j|☆DcBaker
|t:|1776221378
|gametype|singles
|player|p1|Fire_Phoenix_576|lance|1313
|player|p2|DcBaker|pokemonrangerf|1374
|gen|9
|tier|[Gen 9] OU
|rated|
|rule|HP Percentage Mod: HP is shown in percentages
|rule|Endless Battle Clause: Forcing endless battles is banned
|rule|Species Clause: Limit one of each Pokémon
|rule|OHKO Clause: OHKO moves are banned
|rule|Evasion Items Clause: Evasion items are banned
|rule|Evasion Moves Clause: Evasion moves are banned
|rule|Evasion Abilities Clause: Evasion abilities are banned
|rule|Sleep Moves Clause: Sleep-inducing moves are banned
|clearpoke
|poke|p1|Slowking-Galar, M|
|poke|p1|Tornadus-Therian, M|
|poke|p1|Cinderace, F|
|poke|p1|Lokix, M|
|poke|p1|Hydrapple, M|
|poke|p1|Great Tusk|
|poke|p2|Deoxys-Speed|
|poke|p2|Ceruledge, F|
|poke|p2|Zamazenta-*|
|poke|p2|Ogerpon-Wellspring, F|
|poke|p2|Glimmora, M|
|poke|p2|Moltres-Galar|
|teampreview
|inactive|Battle timer is ON: inactive players will automatically lose when time's up. (requested by Fire_Phoenix_576)
|
|t:|1776221396
|teamsize|p1|6
|teamsize|p2|6
|start
|switch|p1a: Lokix|Lokix, M|100/100
|switch|p2a: gimmie|Glimmora, M|100/100
|turn|1
|
|t:|1776221412
|switch|p2a: Sara|Ceruledge, F|100/100
|move|p1a: Lokix|U-turn|p2a: Sara
|-resisted|p2a: Sara
|-damage|p2a: Sara|67/100
|-ability|p2a: Sara|Weak Armor|boost
|-unboost|p2a: Sara|def|1
|-boost|p2a: Sara|spe|2
|
|t:|1776221423
|switch|p1a: Great Tusk|Great Tusk|100/100|[from] U-turn
|
|upkeep
|turn|2
|
|t:|1776221436
|move|p2a: Sara|Poltergeist|p1a: Great Tusk
|-activate|p1a: Great Tusk|move: Poltergeist|Rocky Helmet
|-damage|p1a: Great Tusk|46/100
|-damage|p2a: Sara|57/100|[from] item: Life Orb
|move|p1a: Great Tusk|Earthquake|p2a: Sara
|-supereffective|p2a: Sara
|-damage|p2a: Sara|0 fnt
|faint|p2a: Sara
|
|upkeep
|
|t:|1776221444
|switch|p2a: 1/151|Ogerpon-Wellspring, F|100/100
|turn|3
|
|t:|1776221451
|-end|p1a: Great Tusk|Protosynthesis|[silent]
|switch|p1a: Hydrapple|Hydrapple, M|100/100
|move|p2a: 1/151|Play Rough|p1a: Hydrapple
|-supereffective|p1a: Hydrapple
|-damage|p1a: Hydrapple|37/100
|
|upkeep
|turn|4
|
|t:|1776221461
|switch|p1a: Tornadus|Tornadus-Therian, M|100/100
|move|p2a: 1/151|Play Rough|p1a: Tornadus
|-damage|p1a: Tornadus|56/100
|
|upkeep
|turn|5
|
|t:|1776221477
|switch|p1a: Hydrapple|Hydrapple, M|70/100
|-terastallize|p2a: 1/151|Water
|detailschange|p2a: 1/151|Ogerpon-Wellspring-Tera, F, tera:Water
|-ability|p2a: 1/151|Embody Aspect (Wellspring)|boost
|-boost|p2a: 1/151|spd|1
|move|p2a: 1/151|Ivy Cudgel|p1a: Hydrapple|[anim] Ivy Cudgel Water
|-resisted|p1a: Hydrapple
|-damage|p1a: Hydrapple|54/100
|
|upkeep
|turn|6
|
|t:|1776221504
|-terastallize|p1a: Hydrapple|Steel
|move|p2a: 1/151|Swords Dance|p2a: 1/151
|-boost|p2a: 1/151|atk|2
|move|p1a: Hydrapple|Leaf Storm|p2a: 1/151
|-supereffective|p2a: 1/151
|-damage|p2a: 1/151|0 fnt
|-unboost|p1a: Hydrapple|spa|2
|faint|p2a: 1/151
|detailschange|p2: 1/151|Ogerpon-Wellspring, F|[silent]
|-damage|p1a: Hydrapple|44/100|[from] item: Life Orb
|
|upkeep
|
|t:|1776221517
|switch|p2a: mo|Moltres-Galar|100/100
|turn|7
|
|t:|1776221537
|switch|p1a: Tornadus|Tornadus-Therian, M|90/100
|move|p2a: mo|Nasty Plot|p2a: mo
|-boost|p2a: mo|spa|2
|
|upkeep
|turn|8
|
|t:|1776221544
|move|p1a: Tornadus|Bleakwind Storm|p2a: mo|[miss]
|-miss|p1a: Tornadus|p2a: mo
|move|p2a: mo|Agility|p2a: mo
|-boost|p2a: mo|spe|2
|
|upkeep
|turn|9
|
|t:|1776221548
|move|p2a: mo|Fiery Wrath|p1a: Tornadus
|-damage|p1a: Tornadus|47/100
|move|p1a: Tornadus|Bleakwind Storm|p2a: mo|[miss]
|-miss|p1a: Tornadus|p2a: mo
|
|upkeep
|turn|10
|
|t:|1776221566
|switch|p1a: Great Tusk|Great Tusk|46/100
|move|p2a: mo|Nasty Plot|p2a: mo
|-boost|p2a: mo|spa|2
|
|upkeep
|turn|11
|
|t:|1776221570
|move|p2a: mo|Tera Blast|p1a: Great Tusk
|-damage|p1a: Great Tusk|0 fnt
|faint|p1a: Great Tusk
|-end|p1a: Great Tusk|Protosynthesis|[silent]
|
|upkeep
|
|t:|1776221577
|switch|p1a: Tornadus|Tornadus-Therian, M|80/100
|turn|12
|
|t:|1776221584
|move|p2a: mo|Agility|p2a: mo
|-boost|p2a: mo|spe|2
|move|p1a: Tornadus|Bleakwind Storm|p2a: mo
|-damage|p2a: mo|66/100
|
|upkeep
|turn|13
|
|t:|1776221588
|move|p2a: mo|Fiery Wrath|p1a: Tornadus
|-damage|p1a: Tornadus|6/100
|move|p1a: Tornadus|Knock Off|p2a: mo
|-resisted|p2a: mo
|-damage|p2a: mo|55/100
|-enditem|p2a: mo|Sitrus Berry|[from] move: Knock Off|[of] p1a: Tornadus
|
|upkeep
|turn|14
|
|t:|1776221592
|move|p2a: mo|Nasty Plot|p2a: mo
|-boost|p2a: mo|spa|2
|move|p1a: Tornadus|Bleakwind Storm|p2a: mo
|-damage|p2a: mo|25/100
|-unboost|p2a: mo|spe|1
|
|upkeep
|turn|15
|
|t:|1776221596
|move|p2a: mo|Fiery Wrath|p1a: Tornadus
|-damage|p1a: Tornadus|0 fnt
|faint|p1a: Tornadus
|
|upkeep
|
|t:|1776221599
|switch|p1a: Lokix|Lokix, M|100/100
|turn|16
|
|t:|1776221606
|move|p1a: Lokix|First Impression|p2a: mo
|-damage|p2a: mo|0 fnt
|faint|p2a: mo
|
|upkeep
|
|t:|1776221610
|switch|p2a: DEO|Deoxys-Speed|100/100
|-ability|p2a: DEO|Pressure
|turn|17
|
|t:|1776221616
|switch|p2a: ZAHM|Zamazenta|100/100
|-ability|p2a: ZAHM|Dauntless Shield|boost
|-boost|p2a: ZAHM|def|1
|switch|p1a: Slowking|Slowking-Galar, M|100/100
|
|upkeep
|turn|18
|
|t:|1776221626
|move|p1a: Slowking|Psychic Noise|p2a: ZAHM
|-supereffective|p2a: ZAHM
|-damage|p2a: ZAHM|45/100
|-start|p2a: ZAHM|move: Heal Block
|move|p2a: ZAHM|Roar|p1a: Slowking
|drag|p1a: Hydrapple|Hydrapple, M, tera:Steel|77/100
|
|upkeep
|turn|19
|
|t:|1776221633
|move|p2a: ZAHM|Body Press|p1a: Hydrapple
|-supereffective|p1a: Hydrapple
|-damage|p1a: Hydrapple|0 fnt
|faint|p1a: Hydrapple
|
|-end|p2a: ZAHM|move: Heal Block
|upkeep
|
|t:|1776221639
|switch|p1a: Slowking|Slowking-Galar, M|100/100
|turn|20
|
|t:|1776221648
|move|p2a: ZAHM|Iron Defense|p2a: ZAHM
|-boost|p2a: ZAHM|def|2
|move|p1a: Slowking|Psychic Noise|p2a: ZAHM
|-supereffective|p2a: ZAHM
|-damage|p2a: ZAHM|0 fnt
|faint|p2a: ZAHM
|
|upkeep
|
|t:|1776221654
|switch|p2a: gimmie|Glimmora, M|100/100
|turn|21
|
|t:|1776221661
|move|p2a: gimmie|Stealth Rock|p1a: Slowking
|-sidestart|p1: Fire_Phoenix_576|move: Stealth Rock
|move|p1a: Slowking|Psychic Noise|p2a: gimmie
|-supereffective|p2a: gimmie
|-damage|p2a: gimmie|24/100
|-start|p2a: gimmie|move: Heal Block
|
|upkeep
|turn|22
|
|t:|1776221666
|move|p2a: gimmie|Meteor Beam||[still]
|-prepare|p2a: gimmie|Meteor Beam
|-boost|p2a: gimmie|spa|1
|-enditem|p2a: gimmie|Power Herb
|-anim|p2a: gimmie|Meteor Beam|p1a: Slowking
|-damage|p1a: Slowking|23/100
|move|p1a: Slowking|Psychic Noise|p2a: gimmie
|-supereffective|p2a: gimmie
|-damage|p2a: gimmie|0 fnt
|faint|p2a: gimmie
|
|upkeep
|
|t:|1776221671
|switch|p2a: DEO|Deoxys-Speed|100/100
|-ability|p2a: DEO|Pressure
|turn|23
|
|t:|1776221677
|move|p2a: DEO|Light Screen|p2a: DEO
|-sidestart|p2: DcBaker|move: Light Screen
|-prepare|p1a: Slowking|Chilly Reception|[premajor]
|move|p1a: Slowking|Chilly Reception|p1a: Slowking
|-weather|Snowscape
|
|t:|1776221679
|switch|p1a: Lokix|Lokix, M|100/100|[from] Chilly Reception
|-damage|p1a: Lokix|76/100|[from] Stealth Rock
|
|-weather|Snowscape|[upkeep]
|upkeep
|turn|24
|
|t:|1776221683
|move|p1a: Lokix|First Impression|p2a: DEO
|-supereffective|p2a: DEO
|-damage|p2a: DEO|0 fnt
|faint|p2a: DEO
|
|win|Fire_Phoenix_576
|raw|Fire_Phoenix_576's rating: 1313 &rarr; <strong>1336</strong><br />(+23 for winning)
|raw|DcBaker's rating: 1374 &rarr; <strong>1351</strong><br />(-23 for losing)
