|html|<div class="broadcast-blue"><strong>[Gen 9] OU is currently suspecting Tera Blast! For information on how to participate check out the <a href="https://www.smogon.com/tools/suspects/view/200">suspect thread</a>.</strong></div>
|j|☆Sz_dS
|j|☆A Welcome Guest
|t:|1776048167
|gametype|singles
|player|p1|Sz_dS|2|1787
|player|p2|A Welcome Guest|pokemaniac|1794
|gen|9
|tier|[Gen 9] OU
|rated|
|rule|HP Percentage Mod: HP is shown in percentages
|rule|Endless Battle Clause: Forcing endless battles is banned
|rule|Species Clause: Limit one of each Pokémon
|rule|OHKO Clause: OHKO moves are banned
|rule|Evasion Items Clause: Evasion items are banned
|rule|Evasion Moves Clause: Evasion moves are banned
|rule|Evasion Abilities Clause: Evasion abilities are banned
|rule|Sleep Moves Clause: Sleep-inducing moves are banned
|clearpoke
|poke|p1|Samurott-Hisui, M|
|poke|p1|Gliscor, M|
|poke|p1|Great Tusk|
|poke|p1|Tinkaton, F|
|poke|p1|Dragapult, M|
|poke|p1|Garganacl, M|
|poke|p2|Alomomola, F|
|poke|p2|Weezing-Galar, M|
|poke|p2|Gliscor, F|
|poke|p2|Corviknight, F|
|poke|p2|Ogerpon, F|
|poke|p2|Darkrai|
|teampreview
|c|☆A Welcome Guest|hf
|inactive|Battle timer is ON: inactive players will automatically lose when time's up. (requested by Sz_dS)
|c|☆Sz_dS|u2
|inactive|A Welcome Guest has 120 seconds left.
|
|t:|1776048240
|teamsize|p1|6
|teamsize|p2|6
|start
|switch|p1a: Gliscor|Gliscor, M|100/100
|switch|p2a: Weezing|Weezing-Galar, M|100/100
|-ability|p2a: Weezing|Neutralizing Gas
|turn|1
|
|t:|1776048245
|move|p1a: Gliscor|Earthquake|p2a: Weezing
|-supereffective|p2a: Weezing
|-damage|p2a: Weezing|57/100
|move|p2a: Weezing|Toxic Spikes|p1a: Gliscor
|-sidestart|p1: Sz_dS|move: Toxic Spikes
|
|-heal|p2a: Weezing|63/100|[from] item: Leftovers
|-status|p1a: Gliscor|tox|[from] item: Toxic Orb
|upkeep
|turn|2
|
|t:|1776048249
|-end|p2a: Weezing|ability: Neutralizing Gas
|switch|p2a: Corviknight|Corviknight, F|100/100
|-ability|p2a: Corviknight|Pressure
|move|p1a: Gliscor|U-turn|p2a: Corviknight
|-resisted|p2a: Corviknight
|-damage|p2a: Corviknight|97/100
|
|t:|1776048254
|switch|p1a: Dragapult|Dragapult, M|100/100|[from] U-turn
|
|-heal|p2a: Corviknight|100/100|[from] item: Leftovers
|upkeep
|turn|3
|
|t:|1776048263
|move|p1a: Dragapult|Will-O-Wisp|p2a: Corviknight
|-status|p2a: Corviknight|brn
|move|p2a: Corviknight|U-turn|p1a: Dragapult
|-resisted|p1a: Dragapult
|-damage|p1a: Dragapult|96/100
|
|t:|1776048265
|switch|p2a: Gliscor|Gliscor, F|100/100|[from] U-turn
|
|-status|p2a: Gliscor|tox|[from] item: Toxic Orb
|upkeep
|turn|4
|
|t:|1776048268
|move|p1a: Dragapult|U-turn|p2a: Gliscor
|-resisted|p2a: Gliscor
|-damage|p2a: Gliscor|93/100 tox
|
|t:|1776048269
|switch|p1a: Tinkaton|Tinkaton, F|100/100|[from] U-turn
|-item|p1a: Tinkaton|Air Balloon
|move|p2a: Gliscor|Stealth Rock|p1a: Tinkaton
|-sidestart|p1: Sz_dS|move: Stealth Rock
|
|-heal|p2a: Gliscor|100/100 tox|[from] ability: Poison Heal
|upkeep
|turn|5
|
|t:|1776048282
|switch|p2a: Alomomola|Alomomola, F|100/100
|move|p1a: Tinkaton|Stealth Rock|p2a: Alomomola
|-sidestart|p2: A Welcome Guest|move: Stealth Rock
|
|upkeep
|turn|6
|
|t:|1776048284
|move|p1a: Tinkaton|Knock Off|p2a: Alomomola
|-damage|p2a: Alomomola|91/100
|-damage|p1a: Tinkaton|84/100|[from] item: Rocky Helmet|[of] p2a: Alomomola
|-enditem|p2a: Alomomola|Rocky Helmet|[from] move: Knock Off|[of] p1a: Tinkaton
|move|p2a: Alomomola|Flip Turn|p1a: Tinkaton
|-damage|p1a: Tinkaton|67/100
|-enditem|p1a: Tinkaton|Air Balloon
|
|t:|1776048291
|switch|p2a: Gliscor|Gliscor, F|100/100 tox|[from] Flip Turn
|-damage|p2a: Gliscor|88/100 tox|[from] Stealth Rock
|
|-heal|p2a: Gliscor|100/100 tox|[from] ability: Poison Heal
|upkeep
|turn|7
|
|t:|1776048302
|switch|p1a: Gliscor|Gliscor, M|100/100 tox
|-damage|p1a: Gliscor|88/100 tox|[from] Stealth Rock
|switch|p2a: Weezing|Weezing-Galar, M|63/100
|-ability|p2a: Weezing|Neutralizing Gas
|-damage|p2a: Weezing|51/100|[from] Stealth Rock
|
|-heal|p2a: Weezing|57/100|[from] item: Leftovers
|-damage|p1a: Gliscor|82/100 tox|[from] psn
|upkeep
|turn|8
|
|t:|1776048330
|-end|p2a: Weezing|ability: Neutralizing Gas
|switch|p2a: Corviknight|Corviknight, F|100/100 brn
|-damage|p2a: Corviknight|88/100 brn|[from] Stealth Rock
|-ability|p2a: Corviknight|Pressure
|move|p1a: Gliscor|U-turn|p2a: Corviknight
|-resisted|p2a: Corviknight
|-damage|p2a: Corviknight|85/100 brn
|
|t:|1776048334
|switch|p1a: Dragapult|Dragapult, M|96/100|[from] U-turn
|
|-heal|p2a: Corviknight|91/100 brn|[from] item: Leftovers
|-damage|p2a: Corviknight|85/100 brn|[from] brn
|upkeep
|turn|9
|
|t:|1776048342
|move|p1a: Dragapult|Hex|p2a: Corviknight
|-damage|p2a: Corviknight|46/100 brn
|move|p2a: Corviknight|U-turn|p1a: Dragapult
|-resisted|p1a: Dragapult
|-damage|p1a: Dragapult|92/100
|j| Shucklepilled
|inactive|A Welcome Guest has 120 seconds left.
|
|t:|1776048377
|switch|p2a: Ogerpon|Ogerpon, F|100/100|[from] U-turn
|-damage|p2a: Ogerpon|88/100|[from] Stealth Rock
|
|upkeep
|turn|10
|
|t:|1776048385
|switch|p1a: Tinkaton|Tinkaton, F|67/100
|-damage|p1a: Tinkaton|61/100|[from] Stealth Rock
|move|p2a: Ogerpon|Swords Dance|p2a: Ogerpon
|-boost|p2a: Ogerpon|atk|2
|
|upkeep
|turn|11
|
|t:|1776048391
|-terastallize|p2a: Ogerpon|Grass
|detailschange|p2a: Ogerpon|Ogerpon-Teal-Tera, F, tera:Grass
|-ability|p2a: Ogerpon|Embody Aspect (Teal)|boost
|-boost|p2a: Ogerpon|spe|1
|move|p2a: Ogerpon|Ivy Cudgel|p1a: Tinkaton
|-resisted|p1a: Tinkaton
|-damage|p1a: Tinkaton|0 fnt
|faint|p1a: Tinkaton
|
|upkeep
|inactive|Sz_dS has 120 seconds left.
|
|t:|1776048425
|switch|p1a: Samurott|Samurott-Hisui, M|100/100
|turn|12
|
|t:|1776048431
|switch|p2a: Alomomola|Alomomola, F|100/100
|-damage|p2a: Alomomola|88/100|[from] Stealth Rock
|-terastallize|p1a: Samurott|Poison
|move|p1a: Samurott|Knock Off|p2a: Alomomola
|-damage|p2a: Alomomola|70/100
|
|upkeep
|turn|13
|
|t:|1776048434
|move|p1a: Samurott|Ceaseless Edge|p2a: Alomomola
|-damage|p2a: Alomomola|42/100
|-sidestart|p2: A Welcome Guest|Spikes
|move|p2a: Alomomola|Flip Turn|p1a: Samurott
|-damage|p1a: Samurott|80/100
|
|t:|1776048437
|switch|p2a: Weezing|Weezing-Galar, M|57/100|[from] Flip Turn
|-ability|p2a: Weezing|Neutralizing Gas
|-damage|p2a: Weezing|45/100|[from] Stealth Rock
|-damage|p2a: Weezing|32/100|[from] Spikes
|
|-heal|p2a: Weezing|38/100|[from] item: Leftovers
|upkeep
|turn|14
|j| tonyrby
|
|t:|1776048440
|move|p1a: Samurott|Aqua Cutter|p2a: Weezing
|-damage|p2a: Weezing|14/100
|move|p2a: Weezing|Defog|p1a: Samurott
|-unboost|p1a: Samurott|evasion|1
|-sideend|p1: Sz_dS|Toxic Spikes|[from] move: Defog|[of] p2a: Weezing
|-sideend|p1: Sz_dS|Stealth Rock|[from] move: Defog|[of] p2a: Weezing
|-sideend|p2: A Welcome Guest|Spikes|[from] move: Defog|[of] p2a: Weezing
|-sideend|p2: A Welcome Guest|Stealth Rock|[from] move: Defog|[of] p2a: Weezing
|
|-heal|p2a: Weezing|20/100|[from] item: Leftovers
|upkeep
|turn|15
|
|t:|1776048447
|move|p1a: Samurott|Ceaseless Edge|p2a: Weezing
|-resisted|p2a: Weezing
|-damage|p2a: Weezing|10/100
|-sidestart|p2: A Welcome Guest|Spikes
|move|p2a: Weezing|Will-O-Wisp|p1a: Samurott
|-status|p1a: Samurott|brn
|
|-heal|p2a: Weezing|16/100|[from] item: Leftovers
|-damage|p1a: Samurott|74/100 brn|[from] brn
|upkeep
|turn|16
|
|t:|1776048450
|move|p1a: Samurott|Aqua Cutter|p2a: Weezing
|-damage|p2a: Weezing|3/100
|move|p2a: Weezing|Defog|p1a: Samurott
|-unboost|p1a: Samurott|evasion|1
|-sideend|p2: A Welcome Guest|Spikes|[from] move: Defog|[of] p2a: Weezing
|
|-heal|p2a: Weezing|9/100|[from] item: Leftovers
|-damage|p1a: Samurott|68/100 brn|[from] brn
|upkeep
|turn|17
|
|t:|1776048457
|-end|p2a: Weezing|ability: Neutralizing Gas
|switch|p2a: Alomomola|Alomomola, F|75/100
|move|p1a: Samurott|Ceaseless Edge|p2a: Alomomola
|-damage|p2a: Alomomola|62/100
|-sidestart|p2: A Welcome Guest|Spikes
|
|-damage|p1a: Samurott|62/100 brn|[from] brn
|upkeep
|turn|18
|
|t:|1776048463
|switch|p1a: Gliscor|Gliscor, M|82/100 tox
|move|p2a: Alomomola|Wish|p2a: Alomomola
|
|-heal|p1a: Gliscor|94/100 tox|[from] ability: Poison Heal
|upkeep
|turn|19
|
|t:|1776048468
|move|p1a: Gliscor|U-turn|p2a: Alomomola
|-damage|p2a: Alomomola|54/100
|
|t:|1776048472
|switch|p1a: Dragapult|Dragapult, M|92/100|[from] U-turn
|move|p2a: Alomomola|Flip Turn|p1a: Dragapult
|-resisted|p1a: Dragapult
|-damage|p1a: Dragapult|82/100
|
|t:|1776048481
|switch|p2a: Gliscor|Gliscor, F|100/100 tox|[from] Flip Turn
|
|upkeep
|turn|20
|
|t:|1776048484
|move|p1a: Dragapult|Hex|p2a: Gliscor
|-damage|p2a: Gliscor|54/100 tox
|move|p2a: Gliscor|Toxic|p1a: Dragapult
|-status|p1a: Dragapult|tox
|
|-damage|p1a: Dragapult|76/100 tox|[from] psn
|-heal|p2a: Gliscor|67/100 tox|[from] ability: Poison Heal
|upkeep
|turn|21
|
|t:|1776048494
|switch|p1a: Garganacl|Garganacl, M|100/100
|move|p2a: Gliscor|Stealth Rock|p1a: Garganacl
|-sidestart|p1: Sz_dS|move: Stealth Rock
|
|-heal|p2a: Gliscor|79/100 tox|[from] ability: Poison Heal
|upkeep
|turn|22
|
|t:|1776048502
|switch|p2a: Darkrai|Darkrai|100/100
|-damage|p2a: Darkrai|88/100|[from] Spikes
|move|p1a: Garganacl|Curse|p1a: Garganacl
|-unboost|p1a: Garganacl|spe|1
|-boost|p1a: Garganacl|atk|1
|-boost|p1a: Garganacl|def|1
|
|upkeep
|turn|23
|
|t:|1776048505
|move|p2a: Darkrai|Dark Pulse|p1a: Garganacl
|-damage|p1a: Garganacl|57/100
|move|p1a: Garganacl|Salt Cure|p2a: Darkrai
|-damage|p2a: Darkrai|62/100
|-start|p2a: Darkrai|Salt Cure
|
|-heal|p1a: Garganacl|64/100|[from] item: Leftovers
|-damage|p2a: Darkrai|50/100|[from] Salt Cure
|upkeep
|turn|24
|
|t:|1776048511
|move|p2a: Darkrai|Dark Pulse|p1a: Garganacl
|-damage|p1a: Garganacl|23/100
|move|p1a: Garganacl|Recover|p1a: Garganacl
|-heal|p1a: Garganacl|73/100
|
|-heal|p1a: Garganacl|79/100|[from] item: Leftovers
|-damage|p2a: Darkrai|38/100|[from] Salt Cure
|upkeep
|turn|25
|
|t:|1776048515
|move|p2a: Darkrai|Dark Pulse|p1a: Garganacl
|-damage|p1a: Garganacl|38/100
|move|p1a: Garganacl|Recover|p1a: Garganacl
|-heal|p1a: Garganacl|88/100
|
|-heal|p1a: Garganacl|94/100|[from] item: Leftovers
|-damage|p2a: Darkrai|25/100|[from] Salt Cure
|upkeep
|turn|26
|
|t:|1776048520
|move|p2a: Darkrai|Dark Pulse|p1a: Garganacl
|-damage|p1a: Garganacl|53/100
|move|p1a: Garganacl|Recover|p1a: Garganacl
|-heal|p1a: Garganacl|100/100
|
|-damage|p2a: Darkrai|13/100|[from] Salt Cure
|upkeep
|turn|27
|
|t:|1776048530
|move|p2a: Darkrai|Dark Pulse|p1a: Garganacl
|-damage|p1a: Garganacl|54/100
|cant|p1a: Garganacl|flinch
|
|-heal|p1a: Garganacl|60/100|[from] item: Leftovers
|-damage|p2a: Darkrai|0 fnt|[from] Salt Cure
|faint|p2a: Darkrai
|upkeep
|
|t:|1776048533
|switch|p2a: Ogerpon|Ogerpon-Teal-Tera, F, tera:Grass|88/100
|-damage|p2a: Ogerpon|76/100|[from] Spikes
|-ability|p2a: Ogerpon|Embody Aspect (Teal)|boost
|-boost|p2a: Ogerpon|spe|1
|turn|28
|
|t:|1776048535
|move|p2a: Ogerpon|Ivy Cudgel|p1a: Garganacl
|-supereffective|p1a: Garganacl
|-crit|p1a: Garganacl
|-damage|p1a: Garganacl|0 fnt
|faint|p1a: Garganacl
|
|upkeep
|
|t:|1776048540
|switch|p1a: Great Tusk|Great Tusk|100/100
|-damage|p1a: Great Tusk|97/100|[from] Stealth Rock
|turn|29
|
|t:|1776048546
|switch|p2a: Alomomola|Alomomola, F|87/100
|-damage|p2a: Alomomola|75/100|[from] Spikes
|move|p1a: Great Tusk|Close Combat|p2a: Alomomola
|-damage|p2a: Alomomola|47/100
|-unboost|p1a: Great Tusk|def|1
|-unboost|p1a: Great Tusk|spd|1
|
|upkeep
|turn|30
|
|t:|1776048551
|-end|p1a: Great Tusk|Protosynthesis|[silent]
|switch|p1a: Dragapult|Dragapult, M|76/100 tox
|move|p2a: Alomomola|Wish|p2a: Alomomola
|
|-damage|p1a: Dragapult|70/100 tox|[from] psn
|upkeep
|turn|31
|
|t:|1776048556
|switch|p2a: Gliscor|Gliscor, F|79/100 tox
|move|p1a: Dragapult|Draco Meteor|p2a: Gliscor|[miss]
|-miss|p1a: Dragapult|p2a: Gliscor
|
|-heal|p2a: Gliscor|100/100 tox|[from] move: Wish|[wisher] Alomomola
|-damage|p1a: Dragapult|58/100 tox|[from] psn
|upkeep
|turn|32
|
|t:|1776048564
|switch|p1a: Samurott|Samurott-Hisui, M, tera:Poison|62/100 brn
|move|p2a: Gliscor|Toxic||[still]
|-fail|p2a: Gliscor
|
|-damage|p1a: Samurott|55/100 brn|[from] brn
|upkeep
|turn|33
|
|t:|1776048567
|move|p1a: Samurott|Aqua Cutter|p2a: Gliscor
|-supereffective|p2a: Gliscor
|-damage|p2a: Gliscor|60/100 tox
|move|p2a: Gliscor|Earthquake|p1a: Samurott
|-supereffective|p1a: Samurott
|-damage|p1a: Samurott|0 fnt
|faint|p1a: Samurott
|
|-heal|p2a: Gliscor|72/100 tox|[from] ability: Poison Heal
|upkeep
|
|t:|1776048570
|switch|p1a: Great Tusk|Great Tusk|97/100
|-damage|p1a: Great Tusk|94/100|[from] Stealth Rock
|turn|34
|
|t:|1776048573
|move|p2a: Gliscor|Protect|p2a: Gliscor
|-singleturn|p2a: Gliscor|Protect
|move|p1a: Great Tusk|Ice Spinner|p2a: Gliscor
|-activate|p2a: Gliscor|move: Protect
|
|-heal|p2a: Gliscor|85/100 tox|[from] ability: Poison Heal
|upkeep
|turn|35
|
|t:|1776048578
|switch|p2a: Weezing|Weezing-Galar, M|9/100
|-ability|p2a: Weezing|Neutralizing Gas
|-damage|p2a: Weezing|0 fnt|[from] Spikes
|faint|p2a: Weezing
|-end|p2a: Weezing|ability: Neutralizing Gas
|move|p1a: Great Tusk|Headlong Rush|p2: Weezing|[notarget]
|-fail|p1a: Great Tusk
|
|upkeep
|
|t:|1776048582
|switch|p2a: Alomomola|Alomomola, F|80/100
|-damage|p2a: Alomomola|68/100|[from] Spikes
|turn|36
|
|t:|1776048585
|-end|p1a: Great Tusk|Protosynthesis|[silent]
|switch|p1a: Dragapult|Dragapult, M|58/100 tox
|move|p2a: Alomomola|Wish|p2a: Alomomola
|
|-damage|p1a: Dragapult|52/100 tox|[from] psn
|upkeep
|turn|37
|
|t:|1776048588
|switch|p2a: Gliscor|Gliscor, F|85/100 tox
|move|p1a: Dragapult|Hex|p2a: Gliscor
|-damage|p2a: Gliscor|39/100 tox
|
|-heal|p2a: Gliscor|100/100 tox|[from] move: Wish|[wisher] Alomomola
|-damage|p1a: Dragapult|40/100 tox|[from] psn
|upkeep
|turn|38
|
|t:|1776048593
|move|p1a: Dragapult|Hex|p2a: Gliscor
|-damage|p2a: Gliscor|52/100 tox
|move|p2a: Gliscor|Toxic|p1a: Dragapult
|-fail|p1a: Dragapult|tox
|
|-damage|p1a: Dragapult|22/100 tox|[from] psn
|-heal|p2a: Gliscor|64/100 tox|[from] ability: Poison Heal
|upkeep
|turn|39
|
|t:|1776048598
|move|p2a: Gliscor|Protect|p2a: Gliscor
|-singleturn|p2a: Gliscor|Protect
|move|p1a: Dragapult|Hex|p2a: Gliscor
|-activate|p2a: Gliscor|move: Protect
|
|-damage|p1a: Dragapult|0 fnt|[from] psn
|faint|p1a: Dragapult
|-heal|p2a: Gliscor|77/100 tox|[from] ability: Poison Heal
|upkeep
|
|t:|1776048600
|switch|p1a: Great Tusk|Great Tusk|94/100
|-damage|p1a: Great Tusk|91/100|[from] Stealth Rock
|turn|40
|
|t:|1776048603
|move|p1a: Great Tusk|Ice Spinner|p2a: Gliscor
|-supereffective|p2a: Gliscor
|-damage|p2a: Gliscor|0 fnt
|faint|p2a: Gliscor
|
|upkeep
|
|t:|1776048610
|switch|p2a: Alomomola|Alomomola, F|100/100
|-damage|p2a: Alomomola|88/100|[from] Spikes
|turn|41
|
|t:|1776048612
|-end|p1a: Great Tusk|Protosynthesis|[silent]
|switch|p1a: Gliscor|Gliscor, M|94/100 tox
|-damage|p1a: Gliscor|82/100 tox|[from] Stealth Rock
|move|p2a: Alomomola|Flip Turn|p1a: Gliscor
|-supereffective|p1a: Gliscor
|-damage|p1a: Gliscor|58/100 tox
|
|t:|1776048615
|switch|p2a: Corviknight|Corviknight, F|46/100 brn|[from] Flip Turn
|-ability|p2a: Corviknight|Pressure
|
|-heal|p2a: Corviknight|52/100 brn|[from] item: Leftovers
|-heal|p1a: Gliscor|70/100 tox|[from] ability: Poison Heal
|-damage|p2a: Corviknight|46/100 brn|[from] brn
|upkeep
|turn|42
|
|t:|1776048620
|move|p1a: Gliscor|Protect|p1a: Gliscor
|-singleturn|p1a: Gliscor|Protect
|move|p2a: Corviknight|Roost|p2a: Corviknight
|-heal|p2a: Corviknight|96/100 brn
|-singleturn|p2a: Corviknight|move: Roost
|
|-heal|p2a: Corviknight|100/100 brn|[from] item: Leftovers
|-heal|p1a: Gliscor|83/100 tox|[from] ability: Poison Heal
|-damage|p2a: Corviknight|94/100 brn|[from] brn
|upkeep
|turn|43
|
|t:|1776048624
|move|p1a: Gliscor|Toxic||[still]
|-fail|p1a: Gliscor
|move|p2a: Corviknight|Defog|p1a: Gliscor
|-unboost|p1a: Gliscor|evasion|1
|-sideend|p1: Sz_dS|Stealth Rock|[from] move: Defog|[of] p2a: Corviknight
|-sideend|p2: A Welcome Guest|Spikes|[from] move: Defog|[of] p2a: Corviknight
|
|-heal|p2a: Corviknight|100/100 brn|[from] item: Leftovers
|-heal|p1a: Gliscor|95/100 tox|[from] ability: Poison Heal
|-damage|p2a: Corviknight|94/100 brn|[from] brn
|upkeep
|turn|44
|
|t:|1776048626
|move|p1a: Gliscor|Toxic||[still]
|-fail|p1a: Gliscor
|move|p2a: Corviknight|U-turn|p1a: Gliscor
|-resisted|p1a: Gliscor
|-damage|p1a: Gliscor|93/100 tox
|
|t:|1776048629
|switch|p2a: Alomomola|Alomomola, F|100/100|[from] U-turn
|
|-heal|p1a: Gliscor|100/100 tox|[from] ability: Poison Heal
|upkeep
|turn|45
|
|t:|1776048631
|switch|p2a: Corviknight|Corviknight, F|94/100 brn
|-ability|p2a: Corviknight|Pressure
|move|p1a: Gliscor|U-turn|p2a: Corviknight
|-resisted|p2a: Corviknight
|-damage|p2a: Corviknight|91/100 brn
|
|t:|1776048632
|switch|p1a: Great Tusk|Great Tusk|91/100|[from] U-turn
|
|-heal|p2a: Corviknight|97/100 brn|[from] item: Leftovers
|-damage|p2a: Corviknight|91/100 brn|[from] brn
|upkeep
|turn|46
|
|t:|1776048638
|move|p1a: Great Tusk|Close Combat|p2a: Corviknight
|-damage|p2a: Corviknight|50/100 brn
|-unboost|p1a: Great Tusk|def|1
|-unboost|p1a: Great Tusk|spd|1
|move|p2a: Corviknight|U-turn|p1a: Great Tusk
|-resisted|p1a: Great Tusk
|-damage|p1a: Great Tusk|88/100
|-damage|p2a: Corviknight|33/100 brn|[from] item: Rocky Helmet|[of] p1a: Great Tusk
|
|t:|1776048639
|switch|p2a: Ogerpon|Ogerpon-Teal-Tera, F, tera:Grass|76/100|[from] U-turn
|-ability|p2a: Ogerpon|Embody Aspect (Teal)|boost
|-boost|p2a: Ogerpon|spe|1
|
|upkeep
|turn|47
|
|t:|1776048645
|-end|p1a: Great Tusk|Protosynthesis|[silent]
|switch|p1a: Gliscor|Gliscor, M|100/100 tox
|move|p2a: Ogerpon|Ivy Cudgel|p1a: Gliscor
|-damage|p1a: Gliscor|47/100 tox
|
|-heal|p1a: Gliscor|60/100 tox|[from] ability: Poison Heal
|upkeep
|turn|48
|
|t:|1776048649
|switch|p2a: Corviknight|Corviknight, F|33/100 brn
|-ability|p2a: Corviknight|Pressure
|move|p1a: Gliscor|Toxic||[still]
|-fail|p1a: Gliscor
|
|-heal|p2a: Corviknight|39/100 brn|[from] item: Leftovers
|-heal|p1a: Gliscor|72/100 tox|[from] ability: Poison Heal
|-damage|p2a: Corviknight|33/100 brn|[from] brn
|upkeep
|turn|49
|
|t:|1776048651
|switch|p1a: Great Tusk|Great Tusk|88/100
|move|p2a: Corviknight|Roost|p2a: Corviknight
|-heal|p2a: Corviknight|83/100 brn
|-singleturn|p2a: Corviknight|move: Roost
|
|-heal|p2a: Corviknight|89/100 brn|[from] item: Leftovers
|-damage|p2a: Corviknight|83/100 brn|[from] brn
|upkeep
|turn|50
|
|t:|1776048654
|switch|p2a: Alomomola|Alomomola, F|100/100
|move|p1a: Great Tusk|Close Combat|p2a: Alomomola
|-damage|p2a: Alomomola|71/100
|-unboost|p1a: Great Tusk|def|1
|-unboost|p1a: Great Tusk|spd|1
|
|upkeep
|turn|51
|
|t:|1776048656
|move|p1a: Great Tusk|Headlong Rush|p2a: Alomomola
|-damage|p2a: Alomomola|39/100
|-unboost|p1a: Great Tusk|def|1
|-unboost|p1a: Great Tusk|spd|1
|move|p2a: Alomomola|Flip Turn|p1a: Great Tusk
|-supereffective|p1a: Great Tusk
|-damage|p1a: Great Tusk|46/100
|-damage|p2a: Alomomola|23/100|[from] item: Rocky Helmet|[of] p1a: Great Tusk
|
|t:|1776048659
|switch|p2a: Ogerpon|Ogerpon-Teal-Tera, F, tera:Grass|76/100|[from] Flip Turn
|-ability|p2a: Ogerpon|Embody Aspect (Teal)|boost
|-boost|p2a: Ogerpon|spe|1
|
|upkeep
|turn|52
|
|t:|1776048662
|move|p2a: Ogerpon|Ivy Cudgel|p1a: Great Tusk
|-supereffective|p1a: Great Tusk
|-damage|p1a: Great Tusk|0 fnt
|faint|p1a: Great Tusk
|-end|p1a: Great Tusk|Protosynthesis|[silent]
|
|upkeep
|
|t:|1776048663
|switch|p1a: Gliscor|Gliscor, M|72/100 tox
|turn|53
|c|☆A Welcome Guest|gg
|-message|Sz_dS forfeited.
|
|win|A Welcome Guest
|raw|Sz_dS's rating: 1787 &rarr; <strong>1767</strong><br />(-20 for losing)
|raw|A Welcome Guest's rating: 1794 &rarr; <strong>1814</strong><br />(+20 for winning)
|l|☆Sz_dS
|player|p1|
|l|☆A Welcome Guest
|player|p2|
