|html|<div class="broadcast-blue"><strong>[Gen 9] OU is currently suspecting Tera Blast! For information on how to participate check out the <a href="https://www.smogon.com/tools/suspects/view/200">suspect thread</a>.</strong></div>
|j|☆Banish Blanca
|j|☆falinks_testing
|t:|1776293255
|gametype|singles
|player|p1|Banish Blanca|pokemonbreederf-gen4|1070
|player|p2|falinks_testing|266|1106
|gen|9
|tier|[Gen 9] OU
|rated|
|rule|HP Percentage Mod: HP is shown in percentages
|rule|Endless Battle Clause: Forcing endless battles is banned
|rule|Species Clause: Limit one of each Pokémon
|rule|OHKO Clause: OHKO moves are banned
|rule|Evasion Items Clause: Evasion items are banned
|rule|Evasion Moves Clause: Evasion moves are banned
|rule|Evasion Abilities Clause: Evasion abilities are banned
|rule|Sleep Moves Clause: Sleep-inducing moves are banned
|clearpoke
|poke|p1|Hydrapple, F|
|poke|p1|Lilligant-Hisui, F|
|poke|p1|Tsareena, F|
|poke|p1|Chesnaught, M|
|poke|p1|Serperior, F|
|poke|p1|Ogerpon-Cornerstone, F|
|poke|p2|Falinks|
|poke|p2|Enamorus, F|
|poke|p2|Corviknight, M|
|poke|p2|Primarina, F|
|poke|p2|Landorus-Therian, M|
|poke|p2|Kingambit, F|
|teampreview
|inactive|Battle timer is ON: inactive players will automatically lose when time's up. (requested by falinks_testing)
|
|t:|1776293269
|teamsize|p1|6
|teamsize|p2|6
|start
|switch|p1a: Ogerpon|Ogerpon-Cornerstone, F|100/100
|switch|p2a: Landorus|Landorus-Therian, M|100/100
|-ability|p2a: Landorus|Intimidate|boost
|-unboost|p1a: Ogerpon|atk|1
|turn|1
|
|t:|1776293277
|move|p1a: Ogerpon|Knock Off|p2a: Landorus
|-damage|p2a: Landorus|68/100
|-enditem|p2a: Landorus|Choice Band|[from] move: Knock Off|[of] p1a: Ogerpon
|move|p2a: Landorus|U-turn|p1a: Ogerpon
|-supereffective|p1a: Ogerpon
|-damage|p1a: Ogerpon|37/100
|
|t:|1776293284
|switch|p2a: Enamorus|Enamorus, F|100/100|[from] U-turn
|
|upkeep
|turn|2
|
|t:|1776293288
|move|p2a: Enamorus|Moonblast|p1a: Ogerpon
|-damage|p1a: Ogerpon|0 fnt
|faint|p1a: Ogerpon
|
|upkeep
|
|t:|1776293298
|switch|p1a: Lilligant|Lilligant-Hisui, F, shiny|100/100
|turn|3
|
|t:|1776293302
|-terastallize|p1a: Lilligant|Ice
|move|p2a: Enamorus|Moonblast|p1a: Lilligant
|-damage|p1a: Lilligant|19/100
|move|p1a: Lilligant|Ice Spinner|p2a: Enamorus|[miss]
|-miss|p1a: Lilligant|p2a: Enamorus
|
|upkeep
|turn|4
|c|☆Banish Blanca|sad
|
|t:|1776293312
|move|p2a: Enamorus|Moonblast|p1a: Lilligant
|-damage|p1a: Lilligant|0 fnt
|faint|p1a: Lilligant
|
|upkeep
|c|☆falinks_testing|Real
|
|t:|1776293318
|switch|p1a: Tsareena|Tsareena, F|100/100
|turn|5
|
|t:|1776293322
|move|p2a: Enamorus|Moonblast|p1a: Tsareena
|-damage|p1a: Tsareena|37/100
|-unboost|p1a: Tsareena|spa|1
|move|p1a: Tsareena|Teeter Dance|p2a: Enamorus
|-start|p2a: Enamorus|confusion
|
|upkeep
|turn|6
|
|t:|1776293331
|-activate|p2a: Enamorus|confusion
|move|p2a: Enamorus|Moonblast|p1a: Tsareena
|-damage|p1a: Tsareena|0 fnt
|faint|p1a: Tsareena
|
|upkeep
|
|t:|1776293337
|switch|p1a: Serperior|Serperior, F|100/100
|turn|7
|
|t:|1776293342
|-terastallize|p2a: Enamorus|Fairy
|-activate|p2a: Enamorus|confusion
|-damage|p2a: Enamorus|88/100|[from] confusion
|move|p1a: Serperior|Leech Seed|p2a: Enamorus
|-start|p2a: Enamorus|move: Leech Seed
|
|-damage|p2a: Enamorus|76/100|[from] Leech Seed|[of] p1a: Serperior
|upkeep
|turn|8
|
|t:|1776293350
|switch|p1a: Chesnaught|Chesnaught, M|100/100
|-activate|p2a: Enamorus|confusion
|move|p2a: Enamorus|Moonblast|p1a: Chesnaught
|-supereffective|p1a: Chesnaught
|-damage|p1a: Chesnaught|0 fnt
|faint|p1a: Chesnaught
|
|upkeep
|
|t:|1776293357
|switch|p1a: Serperior|Serperior, F|100/100
|turn|9
|
|t:|1776293361
|-activate|p2a: Enamorus|confusion
|-damage|p2a: Enamorus|63/100|[from] confusion
|move|p1a: Serperior|Glare|p2a: Enamorus
|-status|p2a: Enamorus|par
|
|-damage|p2a: Enamorus|51/100 par|[from] Leech Seed|[of] p1a: Serperior
|upkeep
|turn|10
|
|t:|1776293367
|switch|p1a: Hydrapple|Hydrapple, F|100/100
|-end|p2a: Enamorus|confusion
|move|p2a: Enamorus|Moonblast|p1a: Hydrapple
|-supereffective|p1a: Hydrapple
|-damage|p1a: Hydrapple|0 fnt
|faint|p1a: Hydrapple
|
|upkeep
|
|t:|1776293375
|switch|p1a: Serperior|Serperior, F|100/100
|turn|11
|
|t:|1776293378
|move|p1a: Serperior|Leaf Storm|p2a: Enamorus
|-damage|p2a: Enamorus|0 fnt
|-boost|p1a: Serperior|spa|2
|faint|p2a: Enamorus
|
|upkeep
|
|t:|1776293384
|switch|p2a: The boy|Falinks|100/100
|turn|12
|
|t:|1776293386
|move|p1a: Serperior|Leaf Storm|p2a: The boy
|-enditem|p2a: The boy|Focus Sash
|-damage|p2a: The boy|1/100
|-boost|p1a: Serperior|spa|2
|move|p2a: The boy|No Retreat|p2a: The boy
|-boost|p2a: The boy|atk|1
|-boost|p2a: The boy|def|1
|-boost|p2a: The boy|spa|1
|-boost|p2a: The boy|spd|1
|-boost|p2a: The boy|spe|1
|-start|p2a: The boy|move: No Retreat
|
|upkeep
|turn|13
|
|t:|1776293395
|move|p2a: The boy|Close Combat|p1a: Serperior
|-damage|p1a: Serperior|9/100
|-unboost|p2a: The boy|def|1
|-unboost|p2a: The boy|spd|1
|move|p1a: Serperior|Leaf Storm|p2a: The boy
|-damage|p2a: The boy|0 fnt
|-boost|p1a: Serperior|spa|2
|faint|p2a: The boy
|
|upkeep
|
|t:|1776293402
|switch|p2a: Corviknight|Corviknight, M|100/100
|-ability|p2a: Corviknight|Pressure
|turn|14
|
|t:|1776293407
|move|p1a: Serperior|Leaf Storm|p2a: Corviknight
|-resisted|p2a: Corviknight
|-crit|p2a: Corviknight
|-damage|p2a: Corviknight|0 fnt
|faint|p2a: Corviknight
|
|upkeep
|
|t:|1776293411
|switch|p2a: Kingambit|Kingambit, F|100/100
|-activate|p2a: Kingambit|ability: Supreme Overlord
|-start|p2a: Kingambit|fallen3|[silent]
|turn|15
|
|t:|1776293415
|move|p1a: Serperior|Leaf Storm|p2a: Kingambit
|-resisted|p2a: Kingambit
|-damage|p2a: Kingambit|0 fnt
|faint|p2a: Kingambit
|-end|p2a: Kingambit|fallen3|[silent]
|
|upkeep
|c|☆falinks_testing|Oh geez
|c|☆falinks_testing|Ggs
|
|t:|1776293431
|switch|p2a: Landorus|Landorus-Therian, M|68/100
|-ability|p2a: Landorus|Intimidate|boost
|-boost|p1a: Serperior|atk|1
|turn|16
|c|☆Banish Blanca|no way no sucker punch??
|
|t:|1776293436
|move|p1a: Serperior|Leaf Storm|p2a: Landorus
|-damage|p2a: Landorus|0 fnt
|faint|p2a: Landorus
|
|upkeep
|
|t:|1776293439
|switch|p2a: Primarina|Primarina, F|100/100
|turn|17
|
|t:|1776293442
|move|p1a: Serperior|Leaf Storm|p2a: Primarina
|-supereffective|p2a: Primarina
|-damage|p2a: Primarina|0 fnt
|faint|p2a: Primarina
|
|win|Banish Blanca
|raw|Banish Blanca's rating: 1070 &rarr; <strong>1103</strong><br />(+33 for winning)
|raw|falinks_testing's rating: 1106 &rarr; <strong>1078</strong><br />(-28 for losing)
