|html|<div class="broadcast-blue"><strong>[Gen 9] OU is currently suspecting Tera Blast! For information on how to participate check out the <a href="https://www.smogon.com/tools/suspects/view/200">suspect thread</a>.</strong></div>
|j|☆Bastibastou
|j|☆gayspain
|t:|1776077402
|gametype|singles
|player|p1|Bastibastou|101|1124
|player|p2|gayspain|acetrainer-gen4dp|1129
|gen|9
|tier|[Gen 9] OU
|rated|
|rule|HP Percentage Mod: HP is shown in percentages
|rule|Endless Battle Clause: Forcing endless battles is banned
|rule|Species Clause: Limit one of each Pokémon
|rule|OHKO Clause: OHKO moves are banned
|rule|Evasion Items Clause: Evasion items are banned
|rule|Evasion Moves Clause: Evasion moves are banned
|rule|Evasion Abilities Clause: Evasion abilities are banned
|rule|Sleep Moves Clause: Sleep-inducing moves are banned
|clearpoke
|poke|p1|Zamazenta-*|
|poke|p1|Slowking-Galar, F|
|poke|p1|Great Tusk|
|poke|p1|Dragapult, M|
|poke|p1|Zapdos|
|poke|p1|Kingambit, M|
|poke|p2|Ninetales, M|
|poke|p2|Sunflora, M|
|poke|p2|Landorus-Therian, M|
|poke|p2|Gyarados, M|
|poke|p2|Dragonite, M|
|poke|p2|Noctowl, M|
|teampreview
|inactive|Battle timer is ON: inactive players will automatically lose when time's up. (requested by Bastibastou)
|
|t:|1776077425
|teamsize|p1|6
|teamsize|p2|6
|start
|switch|p1a: Great Tusk|Great Tusk|100/100
|switch|p2a: Ninetales|Ninetales, M|100/100
|-weather|SunnyDay|[from] ability: Drought|[of] p2a: Ninetales
|-activate|p1a: Great Tusk|ability: Protosynthesis
|-start|p1a: Great Tusk|protosynthesisdef
|turn|1
|
|t:|1776077439
|move|p2a: Ninetales|Solar Beam||[still]
|-prepare|p2a: Ninetales|Solar Beam
|-anim|p2a: Ninetales|Solar Beam|p1a: Great Tusk
|-supereffective|p1a: Great Tusk
|-damage|p1a: Great Tusk|19/100
|move|p1a: Great Tusk|Stealth Rock|p2a: Ninetales
|-sidestart|p2: gayspain|move: Stealth Rock
|
|-weather|SunnyDay|[upkeep]
|upkeep
|turn|2
|
|t:|1776077464
|-end|p1a: Great Tusk|Protosynthesis|[silent]
|switch|p1a: Zapdos|Zapdos|100/100
|move|p2a: Ninetales|Flamethrower|p1a: Zapdos
|-damage|p1a: Zapdos|55/100
|
|-weather|SunnyDay|[upkeep]
|upkeep
|turn|3
|inactive|Bastibastou has 120 seconds left.
|
|t:|1776077488
|move|p2a: Ninetales|Flamethrower|p1a: Zapdos
|-damage|p1a: Zapdos|7/100
|move|p1a: Zapdos|Discharge|p2a: Ninetales
|-damage|p2a: Ninetales|72/100
|
|-weather|SunnyDay|[upkeep]
|upkeep
|turn|4
|
|t:|1776077499
|move|p2a: Ninetales|Solar Beam||[still]
|-prepare|p2a: Ninetales|Solar Beam
|-anim|p2a: Ninetales|Solar Beam|p1a: Zapdos
|-resisted|p1a: Zapdos
|-damage|p1a: Zapdos|0 fnt
|faint|p1a: Zapdos
|
|-weather|SunnyDay|[upkeep]
|upkeep
|
|t:|1776077506
|switch|p1a: Dragapult|Dragapult, M|100/100
|turn|5
|
|t:|1776077515
|switch|p2a: Gyarados|Gyarados, M|100/100
|-damage|p2a: Gyarados|76/100|[from] Stealth Rock
|-ability|p2a: Gyarados|Intimidate|boost
|-unboost|p1a: Dragapult|atk|1
|move|p1a: Dragapult|Dragon Darts|p2a: Gyarados
|-damage|p2a: Gyarados|57/100
|-anim|p1a: Dragapult|Dragon Darts|p2a: Gyarados
|-damage|p2a: Gyarados|39/100
|
|-weather|none
|upkeep
|turn|6
|inactive|Bastibastou has 120 seconds left.
|
|t:|1776077537
|move|p1a: Dragapult|Hex|p2a: Gyarados
|-damage|p2a: Gyarados|12/100
|move|p2a: Gyarados|Iron Head|p1a: Dragapult
|-damage|p1a: Dragapult|63/100
|
|upkeep
|turn|7
|
|t:|1776077550
|move|p1a: Dragapult|Dragon Darts|p2a: Gyarados
|-damage|p2a: Gyarados|0 fnt
|faint|p2a: Gyarados
|
|upkeep
|
|t:|1776077556
|switch|p2a: Ninetales|Ninetales, M|72/100
|-damage|p2a: Ninetales|48/100|[from] Stealth Rock
|-weather|SunnyDay|[from] ability: Drought|[of] p2a: Ninetales
|turn|8
|
|t:|1776077574
|move|p1a: Dragapult|Dragon Darts|p2a: Ninetales
|-damage|p2a: Ninetales|26/100
|-anim|p1a: Dragapult|Dragon Darts|p2a: Ninetales
|-damage|p2a: Ninetales|3/100
|move|p2a: Ninetales|Scorching Sands|p1a: Dragapult
|-damage|p1a: Dragapult|37/100
|
|-weather|SunnyDay|[upkeep]
|upkeep
|turn|9
|
|t:|1776077585
|move|p1a: Dragapult|Dragon Darts|p2a: Ninetales
|-damage|p2a: Ninetales|0 fnt
|faint|p2a: Ninetales
|
|-weather|SunnyDay|[upkeep]
|upkeep
|
|t:|1776077604
|switch|p2a: Sunflora|Sunflora, M|100/100
|-damage|p2a: Sunflora|88/100|[from] Stealth Rock
|turn|10
|inactive|gayspain has 120 seconds left.
|inactive|gayspain has 90 seconds left.
|inactive|gayspain has 60 seconds left.
|
|t:|1776077692
|move|p1a: Dragapult|U-turn|p2a: Sunflora
|-supereffective|p2a: Sunflora
|-damage|p2a: Sunflora|37/100
|
|t:|1776077696
|switch|p1a: Slowking|Slowking-Galar, F|100/100|[from] U-turn
|move|p2a: Sunflora|Earth Power|p1a: Slowking
|-supereffective|p1a: Slowking
|-damage|p1a: Slowking|68/100
|-damage|p2a: Sunflora|27/100|[from] item: Life Orb
|
|-weather|SunnyDay|[upkeep]
|upkeep
|turn|11
|inactive|gayspain has 60 seconds left.
|
|t:|1776077716
|move|p2a: Sunflora|Earth Power|p1a: Slowking
|-supereffective|p1a: Slowking
|-damage|p1a: Slowking|32/100
|-damage|p2a: Sunflora|17/100|[from] item: Life Orb
|move|p1a: Slowking|Sludge Bomb|p2a: Sunflora
|-supereffective|p2a: Sunflora
|-damage|p2a: Sunflora|0 fnt
|faint|p2a: Sunflora
|
|-weather|SunnyDay|[upkeep]
|upkeep
|
|t:|1776077727
|switch|p2a: Noctowl|Noctowl, M|100/100
|-damage|p2a: Noctowl|75/100|[from] Stealth Rock
|turn|12
|
|t:|1776077744
|switch|p1a: Great Tusk|Great Tusk|19/100
|-activate|p1a: Great Tusk|ability: Protosynthesis
|-start|p1a: Great Tusk|protosynthesisdef
|-terastallize|p2a: Noctowl|Steel
|move|p2a: Noctowl|Defog|p1a: Great Tusk
|-unboost|p1a: Great Tusk|evasion|1
|-sideend|p2: gayspain|Stealth Rock|[from] move: Defog|[of] p2a: Noctowl
|
|-weather|none
|-end|p1a: Great Tusk|Protosynthesis
|-heal|p2a: Noctowl|82/100|[from] item: Leftovers
|upkeep
|turn|13
|
|t:|1776077757
|move|p1a: Great Tusk|Stealth Rock|p2a: Noctowl
|-sidestart|p2: gayspain|move: Stealth Rock
|move|p2a: Noctowl|Air Slash|p1a: Great Tusk
|-supereffective|p1a: Great Tusk
|-damage|p1a: Great Tusk|0 fnt
|faint|p1a: Great Tusk
|-end|p1a: Great Tusk|Protosynthesis|[silent]
|
|-heal|p2a: Noctowl|88/100|[from] item: Leftovers
|upkeep
|
|t:|1776077765
|switch|p1a: Zamazenta|Zamazenta|100/100
|-ability|p1a: Zamazenta|Dauntless Shield|boost
|-boost|p1a: Zamazenta|def|1
|turn|14
|
|t:|1776077772
|move|p1a: Zamazenta|Close Combat|p2a: Noctowl
|-supereffective|p2a: Noctowl
|-damage|p2a: Noctowl|0 fnt
|-unboost|p1a: Zamazenta|def|1
|-unboost|p1a: Zamazenta|spd|1
|faint|p2a: Noctowl
|
|upkeep
|
|t:|1776077783
|switch|p2a: Dragonite|Dragonite, M|100/100
|-damage|p2a: Dragonite|76/100|[from] Stealth Rock
|turn|15
|
|t:|1776077790
|move|p1a: Zamazenta|Stone Edge|p2a: Dragonite
|-supereffective|p2a: Dragonite
|-damage|p2a: Dragonite|16/100
|move|p2a: Dragonite|Dragon Claw|p1a: Zamazenta
|-damage|p1a: Zamazenta|57/100
|
|upkeep
|turn|16
|
|t:|1776077798
|move|p2a: Dragonite|Extreme Speed|p1a: Zamazenta
|-damage|p1a: Zamazenta|28/100
|move|p1a: Zamazenta|Stone Edge|p2a: Dragonite
|-supereffective|p2a: Dragonite
|-crit|p2a: Dragonite
|-damage|p2a: Dragonite|0 fnt
|faint|p2a: Dragonite
|
|upkeep
|
|t:|1776077806
|switch|p2a: Landorus|Landorus-Therian, M|100/100
|-damage|p2a: Landorus|88/100|[from] Stealth Rock
|-ability|p2a: Landorus|Intimidate|boost
|-unboost|p1a: Zamazenta|atk|1
|turn|17
|
|t:|1776077814
|move|p1a: Zamazenta|Stone Edge|p2a: Landorus
|-damage|p2a: Landorus|61/100
|move|p2a: Landorus|Earthquake|p1a: Zamazenta
|-damage|p1a: Zamazenta|0 fnt
|faint|p1a: Zamazenta
|
|upkeep
|
|t:|1776077827
|switch|p1a: Kingambit|Kingambit, M|100/100
|-activate|p1a: Kingambit|ability: Supreme Overlord
|-start|p1a: Kingambit|fallen3|[silent]
|turn|18
|
|t:|1776077835
|-terastallize|p1a: Kingambit|Ghost
|move|p2a: Landorus|Brick Break|p1a: Kingambit
|-immune|p1a: Kingambit
|move|p1a: Kingambit|Iron Head|p2a: Landorus
|-damage|p2a: Landorus|0 fnt
|faint|p2a: Landorus
|
|win|Bastibastou
|raw|Bastibastou's rating: 1124 &rarr; <strong>1149</strong><br />(+25 for winning)
|raw|gayspain's rating: 1129 &rarr; <strong>1104</strong><br />(-25 for losing)
|l|☆gayspain
|player|p2|
|l|☆Bastibastou
|player|p1|
