|html|<div class="broadcast-blue"><strong>[Gen 9] OU is currently suspecting Tera Blast! For information on how to participate check out the <a href="https://www.smogon.com/tools/suspects/view/200">suspect thread</a>.</strong></div>
|j|☆kingprobs
|j|☆vanllesco
|t:|1776090785
|gametype|singles
|player|p1|kingprobs|2|1306
|player|p2|vanllesco|hilbert|1259
|gen|9
|tier|[Gen 9] OU
|rated|
|rule|HP Percentage Mod: HP is shown in percentages
|rule|Endless Battle Clause: Forcing endless battles is banned
|rule|Species Clause: Limit one of each Pokémon
|rule|OHKO Clause: OHKO moves are banned
|rule|Evasion Items Clause: Evasion items are banned
|rule|Evasion Moves Clause: Evasion moves are banned
|rule|Evasion Abilities Clause: Evasion abilities are banned
|rule|Sleep Moves Clause: Sleep-inducing moves are banned
|clearpoke
|poke|p1|Skarmory, F|
|poke|p1|Garganacl, F|
|poke|p1|Gliscor, F|
|poke|p1|Slowking-Galar, F|
|poke|p1|Dragapult, F|
|poke|p1|Kingambit, M|
|poke|p2|Samurott-Hisui, M|
|poke|p2|Corviknight, M|
|poke|p2|Hatterene, F|
|poke|p2|Umbreon, F|
|poke|p2|Toxtricity-Low-Key, M|
|poke|p2|Garchomp, M|
|teampreview
|inactive|Battle timer is ON: inactive players will automatically lose when time's up. (requested by kingprobs)
|
|t:|1776090796
|teamsize|p1|6
|teamsize|p2|6
|start
|switch|p1a: Garganacl|Garganacl, F|100/100
|switch|p2a: BIRD|Corviknight, M|100/100
|turn|1
|
|t:|1776090801
|switch|p2a: Doe Deer|Hatterene, F|100/100
|move|p1a: Garganacl|Salt Cure|p2a: Doe Deer
|-damage|p2a: Doe Deer|87/100
|
|upkeep
|turn|2
|
|t:|1776090821
|switch|p1a: Slowking|Slowking-Galar, F|100/100
|move|p2a: Doe Deer|Calm Mind|p2a: Doe Deer
|-boost|p2a: Doe Deer|spa|1
|-boost|p2a: Doe Deer|spd|1
|
|upkeep
|turn|3
|
|t:|1776090828
|switch|p2a: MC Ride|Samurott-Hisui, M|100/100
|-prepare|p1a: Slowking|Chilly Reception|[premajor]
|move|p1a: Slowking|Chilly Reception|p1a: Slowking
|-weather|Snowscape
|
|t:|1776090833
|switch|p1a: Garganacl|Garganacl, F|100/100|[from] Chilly Reception
|
|-weather|Snowscape|[upkeep]
|upkeep
|turn|4
|
|t:|1776090837
|switch|p2a: Doe Deer|Hatterene, F|87/100
|move|p1a: Garganacl|Salt Cure|p2a: Doe Deer
|-damage|p2a: Doe Deer|76/100
|
|-weather|Snowscape|[upkeep]
|upkeep
|turn|5
|
|t:|1776090853
|move|p1a: Garganacl|Protect|p1a: Garganacl
|-singleturn|p1a: Garganacl|Protect
|move|p2a: Doe Deer|Giga Drain|p1a: Garganacl
|-activate|p1a: Garganacl|move: Protect
|
|-weather|Snowscape|[upkeep]
|upkeep
|turn|6
|
|t:|1776090860
|switch|p1a: Slowking|Slowking-Galar, F|100/100
|move|p2a: Doe Deer|Calm Mind|p2a: Doe Deer
|-boost|p2a: Doe Deer|spa|1
|-boost|p2a: Doe Deer|spd|1
|
|-weather|Snowscape|[upkeep]
|upkeep
|turn|7
|
|t:|1776090865
|switch|p2a: Morin|Umbreon, F, shiny|100/100
|move|p1a: Slowking|Sludge Bomb|p2a: Morin
|-damage|p2a: Morin|79/100
|
|-weather|none
|-heal|p2a: Morin|85/100|[from] item: Leftovers
|upkeep
|turn|8
|
|t:|1776090870
|move|p2a: Morin|Thunder Wave|p1a: Slowking|[miss]
|-miss|p2a: Morin|p1a: Slowking
|move|p1a: Slowking|Toxic|p2a: Morin
|-status|p2a: Morin|tox
|
|-heal|p2a: Morin|91/100 tox|[from] item: Leftovers
|-damage|p2a: Morin|85/100 tox|[from] psn
|upkeep
|turn|9
|
|t:|1776090873
|move|p2a: Morin|Thunder Wave|p1a: Slowking
|-status|p1a: Slowking|par
|-prepare|p1a: Slowking|Chilly Reception|[premajor]
|move|p1a: Slowking|Chilly Reception|p1a: Slowking
|-weather|Snowscape
|
|t:|1776090877
|switch|p1a: Skarmory|Skarmory, F|100/100|[from] Chilly Reception
|
|-weather|Snowscape|[upkeep]
|-heal|p2a: Morin|91/100 tox|[from] item: Leftovers
|-damage|p2a: Morin|79/100 tox|[from] psn
|upkeep
|turn|10
|
|t:|1776090882
|switch|p2a: Doe Deer|Hatterene, F|76/100
|move|p1a: Skarmory|Iron Defense|p1a: Skarmory
|-boost|p1a: Skarmory|def|2
|
|-weather|Snowscape|[upkeep]
|upkeep
|turn|11
|
|t:|1776090884
|move|p1a: Skarmory|Body Press|p2a: Doe Deer
|-resisted|p2a: Doe Deer
|-damage|p2a: Doe Deer|63/100
|move|p2a: Doe Deer|Mystical Fire|p1a: Skarmory
|-supereffective|p1a: Skarmory
|-crit|p1a: Skarmory
|-damage|p1a: Skarmory|11/100
|-unboost|p1a: Skarmory|spa|1
|
|-weather|Snowscape|[upkeep]
|upkeep
|turn|12
|
|t:|1776090895
|switch|p1a: Garganacl|Garganacl, F|100/100
|move|p2a: Doe Deer|Giga Drain|p1a: Garganacl
|-supereffective|p1a: Garganacl
|-damage|p1a: Garganacl|58/100
|-heal|p2a: Doe Deer|90/100|[from] drain|[of] p1a: Garganacl
|
|-weather|Snowscape|[upkeep]
|-heal|p1a: Garganacl|64/100|[from] item: Leftovers
|upkeep
|turn|13
|
|t:|1776090898
|move|p1a: Garganacl|Salt Cure|p2a: Doe Deer
|-damage|p2a: Doe Deer|78/100
|move|p2a: Doe Deer|Giga Drain|p1a: Garganacl
|-supereffective|p1a: Garganacl
|-damage|p1a: Garganacl|25/100
|-heal|p2a: Doe Deer|100/100|[from] drain|[of] p1a: Garganacl
|
|-weather|none
|-heal|p1a: Garganacl|31/100|[from] item: Leftovers
|upkeep
|turn|14
|
|t:|1776090904
|switch|p1a: Dragapult|Dragapult, F|100/100
|move|p2a: Doe Deer|Mystical Fire|p1a: Dragapult
|-resisted|p1a: Dragapult
|-damage|p1a: Dragapult|83/100
|-unboost|p1a: Dragapult|spa|1
|
|upkeep
|turn|15
|
|t:|1776090910
|move|p1a: Dragapult|Hex|p2a: Doe Deer
|-supereffective|p2a: Doe Deer
|-damage|p2a: Doe Deer|66/100
|move|p2a: Doe Deer|Draining Kiss|p1a: Dragapult
|-supereffective|p1a: Dragapult
|-damage|p1a: Dragapult|20/100
|-heal|p2a: Doe Deer|100/100|[from] drain|[of] p1a: Dragapult
|
|upkeep
|turn|16
|
|t:|1776090919
|switch|p1a: Kingambit|Kingambit, M|100/100
|move|p2a: Doe Deer|Mystical Fire|p1a: Kingambit
|-supereffective|p1a: Kingambit
|-damage|p1a: Kingambit|54/100
|-unboost|p1a: Kingambit|spa|1
|
|upkeep
|turn|17
|
|t:|1776090925
|switch|p2a: Zachill|Garchomp, M|100/100
|move|p1a: Kingambit|Iron Head|p2a: Zachill
|-damage|p2a: Zachill|58/100
|-damage|p1a: Kingambit|41/100|[from] ability: Rough Skin|[of] p2a: Zachill
|
|upkeep
|turn|18
|
|t:|1776090932
|-end|p1a: Kingambit|fallenundefined|[silent]
|switch|p1a: Gliscor|Gliscor, F|100/100
|move|p2a: Zachill|Earthquake|p1a: Gliscor
|-immune|p1a: Gliscor
|
|-status|p1a: Gliscor|tox|[from] item: Toxic Orb
|upkeep
|turn|19
|
|t:|1776090937
|move|p2a: Zachill|Swords Dance|p2a: Zachill
|-boost|p2a: Zachill|atk|2
|move|p1a: Gliscor|Knock Off|p2a: Zachill
|-damage|p2a: Zachill|39/100
|-damage|p1a: Gliscor|88/100 tox|[from] ability: Rough Skin|[of] p2a: Zachill
|-enditem|p2a: Zachill|Loaded Dice|[from] move: Knock Off|[of] p1a: Gliscor
|
|-heal|p1a: Gliscor|100/100 tox|[from] ability: Poison Heal
|upkeep
|turn|20
|
|t:|1776090943
|move|p2a: Zachill|Scale Shot|p1a: Gliscor
|-damage|p1a: Gliscor|80/100 tox
|-damage|p1a: Gliscor|58/100 tox
|-damage|p1a: Gliscor|38/100 tox
|-hitcount|p1a: Gliscor|3
|-unboost|p2a: Zachill|def|1
|-boost|p2a: Zachill|spe|1
|move|p1a: Gliscor|Swords Dance|p1a: Gliscor
|-boost|p1a: Gliscor|atk|2
|
|-heal|p1a: Gliscor|50/100 tox|[from] ability: Poison Heal
|upkeep
|turn|21
|
|t:|1776090950
|move|p2a: Zachill|Scale Shot|p1a: Gliscor
|-damage|p1a: Gliscor|30/100 tox
|-damage|p1a: Gliscor|9/100 tox
|-damage|p1a: Gliscor|0 fnt
|faint|p1a: Gliscor
|-hitcount|p1: Gliscor|3
|-unboost|p2a: Zachill|def|1
|-boost|p2a: Zachill|spe|1
|
|upkeep
|
|t:|1776090955
|switch|p1a: Kingambit|Kingambit, M|41/100
|-activate|p1a: Kingambit|ability: Supreme Overlord
|-start|p1a: Kingambit|fallen1|[silent]
|turn|22
|
|t:|1776090958
|switch|p2a: BIRD|Corviknight, M|100/100
|move|p1a: Kingambit|Sucker Punch||[still]
|-fail|p1a: Kingambit
|
|upkeep
|turn|23
|
|t:|1776090962
|-end|p1a: Kingambit|fallen1|[silent]
|switch|p1a: Skarmory|Skarmory, F|11/100
|move|p2a: BIRD|U-turn|p1a: Skarmory
|-resisted|p1a: Skarmory
|-damage|p1a: Skarmory|9/100
|-damage|p2a: BIRD|84/100|[from] item: Rocky Helmet|[of] p1a: Skarmory
|
|t:|1776090967
|switch|p2a: My name is mud|Toxtricity-Low-Key, M|100/100|[from] U-turn
|
|upkeep
|turn|24
|
|t:|1776090974
|move|p2a: My name is mud|Overdrive|p1a: Skarmory
|-supereffective|p1a: Skarmory
|-damage|p1a: Skarmory|0 fnt
|faint|p1a: Skarmory
|
|upkeep
|
|t:|1776090983
|switch|p1a: Garganacl|Garganacl, F|31/100
|turn|25
|
|t:|1776090987
|switch|p2a: Doe Deer|Hatterene, F|100/100
|move|p1a: Garganacl|Salt Cure|p2a: Doe Deer
|-damage|p2a: Doe Deer|87/100
|
|-heal|p1a: Garganacl|37/100|[from] item: Leftovers
|upkeep
|turn|26
|-message|kingprobs forfeited.
|
|win|vanllesco
|raw|kingprobs's rating: 1306 &rarr; <strong>1283</strong><br />(-23 for losing)
|raw|vanllesco's rating: 1259 &rarr; <strong>1287</strong><br />(+28 for winning)
|l|☆kingprobs
|player|p1|
|l|☆vanllesco
|player|p2|
