|html|<div class="broadcast-blue"><strong>[Gen 9] OU is currently suspecting Tera Blast! For information on how to participate check out the <a href="https://www.smogon.com/tools/suspects/view/200">suspect thread</a>.</strong></div>
|j|☆Lincen
|j|☆scooples
|t:|1776189226
|gametype|singles
|player|p1|Lincen|lucas|1106
|player|p2|scooples|hooligans|1083
|gen|9
|tier|[Gen 9] OU
|rated|
|rule|HP Percentage Mod: HP is shown in percentages
|rule|Endless Battle Clause: Forcing endless battles is banned
|rule|Species Clause: Limit one of each Pokémon
|rule|OHKO Clause: OHKO moves are banned
|rule|Evasion Items Clause: Evasion items are banned
|rule|Evasion Moves Clause: Evasion moves are banned
|rule|Evasion Abilities Clause: Evasion abilities are banned
|rule|Sleep Moves Clause: Sleep-inducing moves are banned
|clearpoke
|poke|p1|Tyranitar, M|
|poke|p1|Garchomp, F|
|poke|p1|Rotom-Wash|
|poke|p1|Bronzong|
|poke|p1|Infernape, F|
|poke|p1|Spiritomb, F|
|poke|p2|Rillaboom, M|
|poke|p2|Serperior, M|
|poke|p2|Heatran, M|
|poke|p2|Gholdengo|
|poke|p2|Zamazenta-*|
|poke|p2|Great Tusk|
|teampreview
|
|t:|1776189256
|teamsize|p1|6
|teamsize|p2|6
|start
|switch|p1a: Bronzong|Bronzong|100/100
|switch|p2a: Heatran|Heatran, M|100/100
|-item|p2a: Heatran|Air Balloon
|turn|1
|
|t:|1776189265
|move|p2a: Heatran|Magma Storm|p1a: Bronzong
|-supereffective|p1a: Bronzong
|-damage|p1a: Bronzong|67/100
|-activate|p1a: Bronzong|move: Magma Storm|[of] p2a: Heatran
|move|p1a: Bronzong|Light Screen|p1a: Bronzong
|-sidestart|p1: Lincen|move: Light Screen
|
|-heal|p1a: Bronzong|73/100|[from] item: Leftovers
|-damage|p1a: Bronzong|61/100|[from] move: Magma Storm|[partiallytrapped]
|upkeep
|turn|2
|
|t:|1776189272
|move|p2a: Heatran|Taunt|p1a: Bronzong
|-start|p1a: Bronzong|move: Taunt
|move|p1a: Bronzong|Flash Cannon|p2a: Heatran
|-resisted|p2a: Heatran
|-damage|p2a: Heatran|97/100
|-enditem|p2a: Heatran|Air Balloon
|
|-heal|p1a: Bronzong|67/100|[from] item: Leftovers
|-damage|p1a: Bronzong|55/100|[from] move: Magma Storm|[partiallytrapped]
|upkeep
|turn|3
|
|t:|1776189282
|move|p2a: Heatran|Stealth Rock|p1a: Bronzong
|-sidestart|p1: Lincen|move: Stealth Rock
|move|p1a: Bronzong|Earthquake|p2a: Heatran
|-supereffective|p2a: Heatran
|-damage|p2a: Heatran|21/100
|
|-heal|p1a: Bronzong|61/100|[from] item: Leftovers
|-damage|p1a: Bronzong|49/100|[from] move: Magma Storm|[partiallytrapped]
|upkeep
|turn|4
|
|t:|1776189295
|move|p2a: Heatran|Magma Storm|p1a: Bronzong
|-supereffective|p1a: Bronzong
|-damage|p1a: Bronzong|32/100
|move|p1a: Bronzong|Earthquake|p2a: Heatran
|-supereffective|p2a: Heatran
|-damage|p2a: Heatran|0 fnt
|faint|p2a: Heatran
|
|-heal|p1a: Bronzong|38/100|[from] item: Leftovers
|-end|p1a: Bronzong|Magma Storm|[partiallytrapped]|[silent]
|-end|p1a: Bronzong|move: Taunt
|upkeep
|
|t:|1776189305
|switch|p2a: Gholdengo|Gholdengo|100/100
|turn|5
|
|t:|1776189312
|move|p2a: Gholdengo|Shadow Ball|p1a: Bronzong
|-supereffective|p1a: Bronzong
|-damage|p1a: Bronzong|6/100
|-unboost|p1a: Bronzong|spd|1
|move|p1a: Bronzong|Earthquake|p2a: Gholdengo
|-supereffective|p2a: Gholdengo
|-damage|p2a: Gholdengo|59/100
|
|-heal|p1a: Bronzong|12/100|[from] item: Leftovers
|-sideend|p1: Lincen|move: Light Screen
|upkeep
|turn|6
|
|t:|1776189323
|switch|p1a: Tyranitar|Tyranitar, M|100/100
|-damage|p1a: Tyranitar|88/100|[from] Stealth Rock
|-weather|Sandstorm|[from] ability: Sand Stream|[of] p1a: Tyranitar
|move|p2a: Gholdengo|Shadow Ball|p1a: Tyranitar
|-resisted|p1a: Tyranitar
|-damage|p1a: Tyranitar|80/100
|-unboost|p1a: Tyranitar|spd|1
|
|-weather|Sandstorm|[upkeep]
|upkeep
|turn|7
|
|t:|1776189334
|move|p1a: Tyranitar|Knock Off|p2a: Gholdengo
|-supereffective|p2a: Gholdengo
|-damage|p2a: Gholdengo|0 fnt
|-enditem|p2a: Gholdengo|Grassy Seed|[from] move: Knock Off|[of] p1a: Tyranitar
|faint|p2a: Gholdengo
|
|-weather|Sandstorm|[upkeep]
|upkeep
|
|t:|1776189341
|switch|p2a: Rillaboom|Rillaboom, M|100/100
|-fieldstart|move: Grassy Terrain|[from] ability: Grassy Surge|[of] p2a: Rillaboom
|turn|8
|
|t:|1776189356
|move|p2a: Rillaboom|Knock Off|p1a: Tyranitar
|-resisted|p1a: Tyranitar
|-damage|p1a: Tyranitar|58/100
|-enditem|p1a: Tyranitar|Assault Vest|[from] move: Knock Off|[of] p2a: Rillaboom
|-damage|p2a: Rillaboom|91/100|[from] item: Life Orb
|move|p1a: Tyranitar|Knock Off|p2a: Rillaboom
|-damage|p2a: Rillaboom|38/100
|-enditem|p2a: Rillaboom|Life Orb|[from] move: Knock Off|[of] p1a: Tyranitar
|
|-weather|Sandstorm|[upkeep]
|-damage|p2a: Rillaboom|32/100|[from] Sandstorm
|-heal|p2a: Rillaboom|38/100|[from] Grassy Terrain
|-heal|p1a: Tyranitar|64/100|[from] Grassy Terrain
|upkeep
|turn|9
|
|t:|1776189373
|switch|p1a: Infernape|Infernape, F|100/100
|-damage|p1a: Infernape|88/100|[from] Stealth Rock
|move|p2a: Rillaboom|Grassy Glide|p1a: Infernape
|-resisted|p1a: Infernape
|-damage|p1a: Infernape|55/100
|
|-weather|Sandstorm|[upkeep]
|-damage|p1a: Infernape|49/100|[from] Sandstorm
|-damage|p2a: Rillaboom|32/100|[from] Sandstorm
|-heal|p1a: Infernape|55/100|[from] Grassy Terrain
|-heal|p2a: Rillaboom|38/100|[from] Grassy Terrain
|upkeep
|turn|10
|
|t:|1776189390
|switch|p2a: Zamazenta|Zamazenta|100/100
|-ability|p2a: Zamazenta|Dauntless Shield|boost
|-boost|p2a: Zamazenta|def|1
|move|p1a: Infernape|Heat Wave|p2a: Zamazenta
|-damage|p2a: Zamazenta|46/100
|-status|p2a: Zamazenta|brn
|
|-weather|none
|-heal|p2a: Zamazenta|52/100 brn|[from] Grassy Terrain
|-heal|p1a: Infernape|61/100|[from] Grassy Terrain
|-damage|p2a: Zamazenta|46/100 brn|[from] brn
|upkeep
|turn|11
|
|t:|1776189418
|move|p2a: Zamazenta|Psychic Fangs|p1a: Infernape
|-supereffective|p1a: Infernape
|-damage|p1a: Infernape|5/100
|-damage|p2a: Zamazenta|36/100 brn|[from] item: Life Orb
|move|p1a: Infernape|Heat Wave|p2a: Zamazenta
|-damage|p2a: Zamazenta|0 fnt
|faint|p2a: Zamazenta
|
|-heal|p1a: Infernape|11/100|[from] Grassy Terrain
|upkeep
|
|t:|1776189429
|switch|p2a: Serperior|Serperior, M|100/100
|turn|12
|
|t:|1776189449
|move|p2a: Serperior|Leaf Storm|p1a: Infernape
|-resisted|p1a: Infernape
|-damage|p1a: Infernape|0 fnt
|-boost|p2a: Serperior|spa|2
|faint|p1a: Infernape
|
|-fieldend|move: Grassy Terrain
|upkeep
|
|t:|1776189460
|switch|p1a: Bronzong|Bronzong|12/100
|-damage|p1a: Bronzong|6/100|[from] Stealth Rock
|turn|13
|
|t:|1776189465
|move|p2a: Serperior|Leaf Storm|p1a: Bronzong
|-resisted|p1a: Bronzong
|-damage|p1a: Bronzong|0 fnt
|-boost|p2a: Serperior|spa|2
|faint|p1a: Bronzong
|
|upkeep
|
|t:|1776189471
|switch|p1a: Spiritomb|Spiritomb, F|100/100
|-damage|p1a: Spiritomb|88/100|[from] Stealth Rock
|turn|14
|
|t:|1776189479
|-terastallize|p2a: Serperior|Grass
|move|p1a: Spiritomb|Sucker Punch|p2a: Serperior
|-damage|p2a: Serperior|62/100
|move|p2a: Serperior|Leaf Storm|p1a: Spiritomb
|-damage|p1a: Spiritomb|0 fnt
|-boost|p2a: Serperior|spa|2
|faint|p1a: Spiritomb
|
|upkeep
|
|t:|1776189493
|switch|p1a: Garchomp|Garchomp, F|100/100
|-damage|p1a: Garchomp|94/100|[from] Stealth Rock
|turn|15
|
|t:|1776189497
|move|p2a: Serperior|Leaf Storm|p1a: Garchomp
|-damage|p1a: Garchomp|0 fnt
|faint|p1a: Garchomp
|
|upkeep
|
|t:|1776189502
|switch|p1a: Tyranitar|Tyranitar, M|64/100
|-damage|p1a: Tyranitar|52/100|[from] Stealth Rock
|-weather|Sandstorm|[from] ability: Sand Stream|[of] p1a: Tyranitar
|turn|16
|
|t:|1776189507
|move|p2a: Serperior|Leaf Storm|p1a: Tyranitar
|-supereffective|p1a: Tyranitar
|-damage|p1a: Tyranitar|0 fnt
|faint|p1a: Tyranitar
|
|-weather|Sandstorm|[upkeep]
|-damage|p2a: Serperior|56/100|[from] Sandstorm
|upkeep
|
|t:|1776189513
|switch|p1a: Rotom|Rotom-Wash|100/100
|-damage|p1a: Rotom|88/100|[from] Stealth Rock
|turn|17
|
|t:|1776189517
|move|p2a: Serperior|Leaf Storm|p1a: Rotom
|-supereffective|p1a: Rotom
|-damage|p1a: Rotom|0 fnt
|faint|p1a: Rotom
|
|win|scooples
|raw|Lincen's rating: 1106 &rarr; <strong>1079</strong><br />(-27 for losing)
|raw|scooples's rating: 1083 &rarr; <strong>1112</strong><br />(+29 for winning)
|l|☆Lincen
|player|p1|
