|html|<div class="broadcast-blue"><strong>[Gen 9] OU is currently suspecting Tera Blast! For information on how to participate check out the <a href="https://www.smogon.com/tools/suspects/view/200">suspect thread</a>.</strong></div>
|j|☆Frozenight
|j|☆Bicyn
|t:|1776072425
|gametype|singles
|player|p1|Frozenight|170|1232
|player|p2|Bicyn|dancer|1250
|gen|9
|tier|[Gen 9] OU
|rated|
|rule|HP Percentage Mod: HP is shown in percentages
|rule|Endless Battle Clause: Forcing endless battles is banned
|rule|Species Clause: Limit one of each Pokémon
|rule|OHKO Clause: OHKO moves are banned
|rule|Evasion Items Clause: Evasion items are banned
|rule|Evasion Moves Clause: Evasion moves are banned
|rule|Evasion Abilities Clause: Evasion abilities are banned
|rule|Sleep Moves Clause: Sleep-inducing moves are banned
|clearpoke
|poke|p1|Tyranitar, M|
|poke|p1|Gliscor, M|
|poke|p1|Raging Bolt|
|poke|p1|Scizor, M|
|poke|p1|Rotom-Wash|
|poke|p1|Excadrill, M|
|poke|p2|Bronzong|
|poke|p2|Enamorus-Therian, F|
|poke|p2|Hippowdon, F|
|poke|p2|Chandelure, F|
|poke|p2|Diancie|
|poke|p2|Excadrill, F|
|teampreview
|
|t:|1776072435
|teamsize|p1|6
|teamsize|p2|6
|start
|switch|p1a: Scizor|Scizor, M|100/100
|switch|p2a: Hippowdon|Hippowdon, F|100/100
|-weather|Sandstorm|[from] ability: Sand Stream|[of] p2a: Hippowdon
|turn|1
|
|t:|1776072453
|move|p1a: Scizor|U-turn|p2a: Hippowdon
|-damage|p2a: Hippowdon|56/100
|
|t:|1776072455
|switch|p1a: Gliscor|Gliscor, M, shiny|100/100|[from] U-turn
|move|p2a: Hippowdon|Fire Fang|p1a: Gliscor
|-damage|p1a: Gliscor|74/100
|
|-weather|Sandstorm|[upkeep]
|-status|p1a: Gliscor|tox|[from] item: Toxic Orb
|upkeep
|turn|2
|
|t:|1776072466
|switch|p2a: Bronzong|Bronzong|100/100
|move|p1a: Gliscor|Swords Dance|p1a: Gliscor
|-boost|p1a: Gliscor|atk|2
|
|-weather|Sandstorm|[upkeep]
|-heal|p1a: Gliscor|86/100 tox|[from] ability: Poison Heal
|upkeep
|turn|3
|
|t:|1776072491
|move|p1a: Gliscor|Swords Dance|p1a: Gliscor
|-boost|p1a: Gliscor|atk|2
|move|p2a: Bronzong|Stealth Rock|p1a: Gliscor
|-sidestart|p1: Frozenight|move: Stealth Rock
|
|-weather|Sandstorm|[upkeep]
|-heal|p1a: Gliscor|99/100 tox|[from] ability: Poison Heal
|upkeep
|turn|4
|
|t:|1776072501
|move|p1a: Gliscor|Swords Dance|p1a: Gliscor
|-boost|p1a: Gliscor|atk|2
|move|p2a: Bronzong|Trick Room|p2a: Bronzong
|-fieldstart|move: Trick Room|[of] p2a: Bronzong
|
|-weather|Sandstorm|[upkeep]
|-heal|p1a: Gliscor|100/100 tox|[from] ability: Poison Heal
|upkeep
|turn|5
|
|t:|1776072510
|move|p2a: Bronzong|Gyro Ball|p1a: Gliscor
|-damage|p1a: Gliscor|72/100 tox
|move|p1a: Gliscor|Facade|p2a: Bronzong
|-resisted|p2a: Bronzong
|-damage|p2a: Bronzong|43/100
|
|-weather|none
|-heal|p1a: Gliscor|85/100 tox|[from] ability: Poison Heal
|upkeep
|turn|6
|
|t:|1776072520
|move|p2a: Bronzong|Gyro Ball|p1a: Gliscor
|-damage|p1a: Gliscor|57/100 tox
|move|p1a: Gliscor|Facade|p2a: Bronzong
|-resisted|p2a: Bronzong
|-damage|p2a: Bronzong|0 fnt
|faint|p2a: Bronzong
|
|-heal|p1a: Gliscor|70/100 tox|[from] ability: Poison Heal
|upkeep
|
|t:|1776072523
|switch|p2a: Hippowdon|Hippowdon, F|56/100
|-weather|Sandstorm|[from] ability: Sand Stream|[of] p2a: Hippowdon
|turn|7
|
|t:|1776072536
|move|p1a: Gliscor|Protect|p1a: Gliscor
|-singleturn|p1a: Gliscor|Protect
|move|p2a: Hippowdon|Ice Fang|p1a: Gliscor
|-activate|p1a: Gliscor|move: Protect
|
|-weather|Sandstorm|[upkeep]
|-heal|p1a: Gliscor|82/100 tox|[from] ability: Poison Heal
|upkeep
|turn|8
|
|t:|1776072551
|-terastallize|p1a: Gliscor|Normal
|move|p2a: Hippowdon|Ice Fang|p1a: Gliscor
|-damage|p1a: Gliscor|58/100 tox
|move|p1a: Gliscor|Facade|p2a: Hippowdon
|-damage|p2a: Hippowdon|0 fnt
|faint|p2a: Hippowdon
|
|-weather|Sandstorm|[upkeep]
|-damage|p1a: Gliscor|51/100 tox|[from] Sandstorm
|-heal|p1a: Gliscor|64/100 tox|[from] ability: Poison Heal
|-fieldend|move: Trick Room
|upkeep
|
|t:|1776072566
|switch|p2a: Excadrill|Excadrill, F|100/100
|turn|9
|
|t:|1776072574
|-terastallize|p2a: Excadrill|Ground
|move|p2a: Excadrill|Earthquake|p1a: Gliscor
|-damage|p1a: Gliscor|0 fnt
|faint|p1a: Gliscor
|-damage|p2a: Excadrill|91/100|[from] item: Life Orb
|
|-weather|Sandstorm|[upkeep]
|upkeep
|
|t:|1776072597
|switch|p1a: Rotom|Rotom-Wash|100/100
|-damage|p1a: Rotom|88/100|[from] Stealth Rock
|turn|10
|
|t:|1776072606
|switch|p2a: Enamorus|Enamorus-Therian, F|100/100
|move|p1a: Rotom|Hydro Pump|p2a: Enamorus|[miss]
|-miss|p1a: Rotom|p2a: Enamorus
|
|-weather|Sandstorm|[upkeep]
|-damage|p1a: Rotom|82/100|[from] Sandstorm
|-heal|p1a: Rotom|88/100|[from] item: Leftovers
|upkeep
|turn|11
|
|t:|1776072619
|move|p1a: Rotom|Will-O-Wisp|p2a: Enamorus
|-status|p2a: Enamorus|brn
|move|p2a: Enamorus|Calm Mind|p2a: Enamorus
|-boost|p2a: Enamorus|spa|1
|-boost|p2a: Enamorus|spd|1
|
|-weather|none
|-heal|p1a: Rotom|94/100|[from] item: Leftovers
|-damage|p2a: Enamorus|94/100 brn|[from] brn
|upkeep
|turn|12
|
|t:|1776072630
|move|p1a: Rotom|Volt Switch|p2a: Enamorus
|-supereffective|p2a: Enamorus
|-damage|p2a: Enamorus|58/100 brn
|
|t:|1776072633
|switch|p1a: Tyranitar|Tyranitar, M, shiny|100/100|[from] Volt Switch
|-damage|p1a: Tyranitar|88/100|[from] Stealth Rock
|-weather|Sandstorm|[from] ability: Sand Stream|[of] p1a: Tyranitar
|move|p2a: Enamorus|Moonblast|p1a: Tyranitar
|-supereffective|p1a: Tyranitar
|-damage|p1a: Tyranitar|43/100
|
|-weather|Sandstorm|[upkeep]
|-heal|p2a: Enamorus|65/100 brn|[from] item: Leftovers
|-damage|p2a: Enamorus|58/100 brn|[from] brn
|upkeep
|turn|13
|
|t:|1776072648
|move|p1a: Tyranitar|Knock Off|p2a: Enamorus
|-resisted|p2a: Enamorus
|-damage|p2a: Enamorus|38/100 brn
|-enditem|p2a: Enamorus|Leftovers|[from] move: Knock Off|[of] p1a: Tyranitar
|move|p2a: Enamorus|Mystical Fire|p1a: Tyranitar
|-resisted|p1a: Tyranitar
|-damage|p1a: Tyranitar|37/100
|-unboost|p1a: Tyranitar|spa|1
|
|-weather|Sandstorm|[upkeep]
|-damage|p2a: Enamorus|32/100 brn|[from] brn
|upkeep
|turn|14
|
|t:|1776072664
|move|p1a: Tyranitar|Fire Punch|p2a: Enamorus
|-damage|p2a: Enamorus|11/100 brn
|move|p2a: Enamorus|Moonblast|p1a: Tyranitar
|-supereffective|p1a: Tyranitar
|-damage|p1a: Tyranitar|0 fnt
|faint|p1a: Tyranitar
|
|-weather|Sandstorm|[upkeep]
|-damage|p2a: Enamorus|5/100 brn|[from] brn
|upkeep
|
|t:|1776072679
|switch|p1a: Rotom|Rotom-Wash|94/100
|-damage|p1a: Rotom|82/100|[from] Stealth Rock
|turn|15
|
|t:|1776072687
|move|p1a: Rotom|Volt Switch|p2a: Enamorus
|-supereffective|p2a: Enamorus
|-damage|p2a: Enamorus|0 fnt
|faint|p2a: Enamorus
|
|t:|1776072693
|switch|p1a: Scizor|Scizor, M|100/100|[from] Volt Switch
|-damage|p1a: Scizor|88/100|[from] Stealth Rock
|
|-weather|Sandstorm|[upkeep]
|upkeep
|
|t:|1776072697
|switch|p2a: Chandelure|Chandelure, F|100/100
|turn|16
|
|t:|1776072703
|move|p1a: Scizor|Bullet Punch|p2a: Chandelure
|-resisted|p2a: Chandelure
|-damage|p2a: Chandelure|71/100
|move|p2a: Chandelure|Trick Room|p2a: Chandelure
|-fieldstart|move: Trick Room|[of] p2a: Chandelure
|
|-weather|none
|upkeep
|turn|17
|
|t:|1776072714
|move|p1a: Scizor|Bullet Punch|p2a: Chandelure
|-resisted|p2a: Chandelure
|-damage|p2a: Chandelure|41/100
|move|p2a: Chandelure|Calm Mind|p2a: Chandelure
|-boost|p2a: Chandelure|spa|1
|-boost|p2a: Chandelure|spd|1
|
|upkeep
|turn|18
|
|t:|1776072721
|move|p1a: Scizor|Bullet Punch|p2a: Chandelure
|-resisted|p2a: Chandelure
|-damage|p2a: Chandelure|11/100
|move|p2a: Chandelure|Overheat|p1a: Scizor
|-supereffective|p1a: Scizor
|-damage|p1a: Scizor|0 fnt
|-unboost|p2a: Chandelure|spa|2
|faint|p1a: Scizor
|
|upkeep
|
|t:|1776072735
|switch|p1a: Raging Bolt|Raging Bolt|100/100
|-damage|p1a: Raging Bolt|88/100|[from] Stealth Rock
|-enditem|p1a: Raging Bolt|Booster Energy
|-activate|p1a: Raging Bolt|ability: Protosynthesis|[fromitem]
|-start|p1a: Raging Bolt|protosynthesisspa
|turn|19
|
|t:|1776072742
|move|p1a: Raging Bolt|Thunderclap||[still]
|-fail|p1a: Raging Bolt
|move|p2a: Chandelure|Calm Mind|p2a: Chandelure
|-boost|p2a: Chandelure|spa|1
|-boost|p2a: Chandelure|spd|1
|
|upkeep
|turn|20
|
|t:|1776072753
|move|p1a: Raging Bolt|Thunderclap||[still]
|-fail|p1a: Raging Bolt
|move|p2a: Chandelure|Calm Mind|p2a: Chandelure
|-boost|p2a: Chandelure|spa|1
|-boost|p2a: Chandelure|spd|1
|
|-fieldend|move: Trick Room
|upkeep
|turn|21
|
|t:|1776072763
|move|p1a: Raging Bolt|Dragon Pulse|p2a: Chandelure
|-damage|p2a: Chandelure|0 fnt
|faint|p2a: Chandelure
|
|upkeep
|
|t:|1776072766
|switch|p2a: Excadrill|Excadrill, F, tera:Ground|91/100
|turn|22
|
|t:|1776072778
|move|p2a: Excadrill|Swords Dance|p2a: Excadrill
|-boost|p2a: Excadrill|atk|2
|move|p1a: Raging Bolt|Dragon Pulse|p2a: Excadrill
|-damage|p2a: Excadrill|9/100
|
|upkeep
|turn|23
|
|t:|1776072784
|move|p2a: Excadrill|Earthquake|p1a: Raging Bolt
|-supereffective|p1a: Raging Bolt
|-damage|p1a: Raging Bolt|0 fnt
|faint|p1a: Raging Bolt
|-end|p1a: Raging Bolt|Protosynthesis|[silent]
|-damage|p2a: Excadrill|0 fnt|[from] item: Life Orb
|faint|p2a: Excadrill
|
|upkeep
|
|t:|1776072794
|switch|p2a: Diancie|Diancie|100/100
|switch|p1a: Excadrill|Excadrill, M|100/100
|-damage|p1a: Excadrill|97/100|[from] Stealth Rock
|-item|p1a: Excadrill|Air Balloon
|turn|24
|
|t:|1776072803
|move|p1a: Excadrill|Earthquake|p2a: Diancie
|-supereffective|p2a: Diancie
|-damage|p2a: Diancie|13/100
|move|p2a: Diancie|Body Press|p1a: Excadrill
|-supereffective|p1a: Excadrill
|-damage|p1a: Excadrill|22/100
|-enditem|p1a: Excadrill|Air Balloon
|
|upkeep
|turn|25
|
|t:|1776072811
|move|p1a: Excadrill|Earthquake|p2a: Diancie
|-supereffective|p2a: Diancie
|-crit|p2a: Diancie
|-damage|p2a: Diancie|0 fnt
|faint|p2a: Diancie
|
|win|Frozenight
|raw|Frozenight's rating: 1232 &rarr; <strong>1258</strong><br />(+26 for winning)
|raw|Bicyn's rating: 1250 &rarr; <strong>1224</strong><br />(-26 for losing)
|l|☆Bicyn
|player|p2|
|l|☆Frozenight
|player|p1|
