|html|<div class="broadcast-blue"><strong>[Gen 9] OU is currently suspecting Tera Blast! For information on how to participate check out the <a href="https://www.smogon.com/tools/suspects/view/200">suspect thread</a>.</strong></div>
|j|☆him duncan
|j|☆Dripple3000
|t:|1776038831
|gametype|singles
|player|p1|him duncan|265|1516
|player|p2|Dripple3000|ingo|1536
|gen|9
|tier|[Gen 9] OU
|rated|
|rule|HP Percentage Mod: HP is shown in percentages
|rule|Endless Battle Clause: Forcing endless battles is banned
|rule|Species Clause: Limit one of each Pokémon
|rule|OHKO Clause: OHKO moves are banned
|rule|Evasion Items Clause: Evasion items are banned
|rule|Evasion Moves Clause: Evasion moves are banned
|rule|Evasion Abilities Clause: Evasion abilities are banned
|rule|Sleep Moves Clause: Sleep-inducing moves are banned
|clearpoke
|poke|p1|Thundurus, M|
|poke|p1|Iron Treads|
|poke|p1|Primarina, F|
|poke|p1|Kyurem|
|poke|p1|Zamazenta-*|
|poke|p1|Iron Moth|
|poke|p2|Pelipper, F|
|poke|p2|Barraskewda, M|
|poke|p2|Iron Treads|
|poke|p2|Overqwil, M|
|poke|p2|Raging Bolt|
|poke|p2|Kingambit, M|
|teampreview
|inactive|Battle timer is ON: inactive players will automatically lose when time's up. (requested by Dripple3000)
|
|t:|1776038844
|teamsize|p1|6
|teamsize|p2|6
|start
|switch|p1a: Thundurus|Thundurus, M|100/100
|switch|p2a: Little Foot|Raging Bolt|100/100
|-enditem|p2a: Little Foot|Booster Energy
|-activate|p2a: Little Foot|ability: Protosynthesis|[fromitem]
|-start|p2a: Little Foot|protosynthesisspa
|turn|1
|
|t:|1776038850
|move|p1a: Thundurus|Volt Switch|p2a: Little Foot
|-resisted|p2a: Little Foot
|-damage|p2a: Little Foot|92/100
|
|t:|1776038855
|switch|p1a: Iron Treads|Iron Treads|100/100|[from] Volt Switch
|-enditem|p1a: Iron Treads|Booster Energy
|-activate|p1a: Iron Treads|ability: Quark Drive|[fromitem]
|-start|p1a: Iron Treads|quarkdrivespe
|move|p2a: Little Foot|Thunder|p1a: Iron Treads
|-immune|p1a: Iron Treads
|
|upkeep
|turn|2
|
|t:|1776038864
|move|p1a: Iron Treads|Stealth Rock|p2a: Little Foot
|-sidestart|p2: Dripple3000|move: Stealth Rock
|move|p2a: Little Foot|Draco Meteor|p1a: Iron Treads
|-resisted|p1a: Iron Treads
|-damage|p1a: Iron Treads|30/100
|-unboost|p2a: Little Foot|spa|2
|
|upkeep
|turn|3
|
|t:|1776038870
|move|p1a: Iron Treads|Earthquake|p2a: Little Foot
|-supereffective|p2a: Little Foot
|-damage|p2a: Little Foot|16/100
|move|p2a: Little Foot|Draco Meteor|p1a: Iron Treads
|-resisted|p1a: Iron Treads
|-damage|p1a: Iron Treads|0 fnt
|-unboost|p2a: Little Foot|spa|2
|faint|p1a: Iron Treads
|-end|p1a: Iron Treads|Quark Drive|[silent]
|
|upkeep
|
|t:|1776038887
|switch|p1a: Iron Moth|Iron Moth|100/100
|-enditem|p1a: Iron Moth|Booster Energy
|-activate|p1a: Iron Moth|ability: Quark Drive|[fromitem]
|-start|p1a: Iron Moth|quarkdrivespe
|turn|4
|
|t:|1776038894
|move|p1a: Iron Moth|Sludge Wave|p2a: Little Foot
|-damage|p2a: Little Foot|0 fnt
|faint|p2a: Little Foot
|-end|p2a: Little Foot|Protosynthesis|[silent]
|
|upkeep
|
|t:|1776038903
|switch|p2a: Nelly|Iron Treads|100/100
|-damage|p2a: Nelly|97/100|[from] Stealth Rock
|-enditem|p2a: Nelly|Booster Energy
|-activate|p2a: Nelly|ability: Quark Drive|[fromitem]
|-start|p2a: Nelly|quarkdrivespe
|turn|5
|
|t:|1776038907
|move|p1a: Iron Moth|Fiery Dance|p2a: Nelly
|-supereffective|p2a: Nelly
|-damage|p2a: Nelly|0 fnt
|-boost|p1a: Iron Moth|spa|1
|faint|p2a: Nelly
|-end|p2a: Nelly|Quark Drive|[silent]
|
|upkeep
|
|t:|1776038918
|switch|p2a: Nigel|Pelipper, F, shiny|100/100
|-damage|p2a: Nigel|76/100|[from] Stealth Rock
|-weather|RainDance|[from] ability: Drizzle|[of] p2a: Nigel
|turn|6
|
|t:|1776038928
|move|p1a: Iron Moth|Sludge Wave|p2a: Nigel
|-damage|p2a: Nigel|0 fnt
|faint|p2a: Nigel
|
|-weather|RainDance|[upkeep]
|upkeep
|
|t:|1776038933
|switch|p2a: Ghoti|Barraskewda, M|100/100
|-damage|p2a: Ghoti|88/100|[from] Stealth Rock
|turn|7
|
|t:|1776038939
|move|p2a: Ghoti|Liquidation|p1a: Iron Moth
|-supereffective|p1a: Iron Moth
|-damage|p1a: Iron Moth|0 fnt
|faint|p1a: Iron Moth
|-end|p1a: Iron Moth|Quark Drive|[silent]
|
|-weather|RainDance|[upkeep]
|upkeep
|
|t:|1776038948
|switch|p1a: Kyurem|Kyurem|100/100
|-ability|p1a: Kyurem|Pressure
|turn|8
|
|t:|1776038954
|-terastallize|p2a: Ghoti|Water
|move|p2a: Ghoti|Liquidation|p1a: Kyurem
|-resisted|p1a: Kyurem
|-crit|p1a: Kyurem
|-damage|p1a: Kyurem|1/100
|move|p1a: Kyurem|Freeze-Dry|p2a: Ghoti
|-supereffective|p2a: Ghoti
|-damage|p2a: Ghoti|0 fnt
|faint|p2a: Ghoti
|
|-weather|RainDance|[upkeep]
|upkeep
|
|t:|1776038960
|switch|p2a: Kinta|Overqwil, M|100/100
|-damage|p2a: Kinta|88/100|[from] Stealth Rock
|turn|9
|
|t:|1776038966
|move|p2a: Kinta|Crunch|p1a: Kyurem
|-damage|p1a: Kyurem|0 fnt
|faint|p1a: Kyurem
|-damage|p2a: Kinta|78/100|[from] item: Life Orb
|
|-weather|RainDance|[upkeep]
|upkeep
|
|t:|1776038969
|switch|p1a: Zamazenta|Zamazenta|100/100
|-ability|p1a: Zamazenta|Dauntless Shield|boost
|-boost|p1a: Zamazenta|def|1
|turn|10
|
|t:|1776038975
|move|p2a: Kinta|Swords Dance|p2a: Kinta
|-boost|p2a: Kinta|atk|2
|move|p1a: Zamazenta|Iron Defense|p1a: Zamazenta
|-boost|p1a: Zamazenta|def|2
|
|-weather|RainDance|[upkeep]
|upkeep
|turn|11
|
|t:|1776038980
|move|p2a: Kinta|Gunk Shot|p1a: Zamazenta
|-damage|p1a: Zamazenta|50/100
|-damage|p2a: Kinta|69/100|[from] item: Life Orb
|move|p1a: Zamazenta|Iron Defense|p1a: Zamazenta
|-boost|p1a: Zamazenta|def|2
|
|-weather|RainDance|[upkeep]
|-heal|p1a: Zamazenta|56/100|[from] item: Leftovers
|upkeep
|turn|12
|
|t:|1776038984
|move|p2a: Kinta|Gunk Shot|p1a: Zamazenta
|-damage|p1a: Zamazenta|21/100
|-status|p1a: Zamazenta|psn
|-damage|p2a: Kinta|59/100|[from] item: Life Orb
|move|p1a: Zamazenta|Body Press|p2a: Kinta
|-damage|p2a: Kinta|0 fnt
|faint|p2a: Kinta
|
|-weather|RainDance|[upkeep]
|-heal|p1a: Zamazenta|27/100 psn|[from] item: Leftovers
|-damage|p1a: Zamazenta|14/100 psn|[from] psn
|upkeep
|
|t:|1776038987
|switch|p2a: Nobunaga|Kingambit, M, shiny|100/100
|-damage|p2a: Nobunaga|94/100|[from] Stealth Rock
|-activate|p2a: Nobunaga|ability: Supreme Overlord
|-start|p2a: Nobunaga|fallen5|[silent]
|turn|13
|
|t:|1776038996
|move|p1a: Zamazenta|Body Press|p2a: Nobunaga
|-supereffective|p2a: Nobunaga
|-damage|p2a: Nobunaga|0 fnt
|faint|p2a: Nobunaga
|-end|p2a: Nobunaga|fallen5|[silent]
|
|win|him duncan
|raw|him duncan's rating: 1516 &rarr; <strong>1537</strong><br />(+21 for winning)
|raw|Dripple3000's rating: 1536 &rarr; <strong>1515</strong><br />(-21 for losing)
|l|☆Dripple3000
|player|p2|
|l|☆him duncan
|player|p1|
