|html|<div class="broadcast-blue"><strong>[Gen 9] OU is currently suspecting Tera Blast! For information on how to participate check out the <a href="https://www.smogon.com/tools/suspects/view/200">suspect thread</a>.</strong></div>
|j|☆KevDB
|j|☆aquavanilla
|t:|1776108947
|gametype|singles
|player|p1|KevDB|dawn|
|player|p2|aquavanilla|dawn-masters|
|gen|9
|tier|[Gen 9] OU
|rule|HP Percentage Mod: HP is shown in percentages
|rule|Endless Battle Clause: Forcing endless battles is banned
|rule|Species Clause: Limit one of each Pokémon
|rule|OHKO Clause: OHKO moves are banned
|rule|Evasion Items Clause: Evasion items are banned
|rule|Evasion Moves Clause: Evasion moves are banned
|rule|Evasion Abilities Clause: Evasion abilities are banned
|rule|Sleep Moves Clause: Sleep-inducing moves are banned
|clearpoke
|poke|p1|Cinderace, F|
|poke|p1|Hatterene, F|
|poke|p1|Tornadus-Therian, M|
|poke|p1|Iron Treads|
|poke|p1|Dragonite, F|
|poke|p1|Zamazenta-*|
|poke|p2|Dragonite, M|
|poke|p2|Great Tusk|
|poke|p2|Moltres|
|poke|p2|Gholdengo|
|poke|p2|Hydrapple, M|
|poke|p2|Kingambit, F|
|teampreview
|inactive|Battle timer is ON: inactive players will automatically lose when time's up. (requested by aquavanilla)
|
|t:|1776108968
|teamsize|p1|6
|teamsize|p2|6
|start
|switch|p1a: Tornadus|Tornadus-Therian, M|100/100
|switch|p2a: Great Tusk|Great Tusk|100/100
|turn|1
|
|t:|1776108988
|-end|p2a: Great Tusk|Protosynthesis|[silent]
|switch|p2a: Moltres|Moltres|100/100
|move|p1a: Tornadus|Bleakwind Storm|p2a: Moltres|[miss]
|-miss|p1a: Tornadus|p2a: Moltres
|
|upkeep
|turn|2
|c|☆KevDB|ofc
|
|t:|1776108993
|move|p1a: Tornadus|Knock Off|p2a: Moltres
|-damage|p2a: Moltres|80/100
|-enditem|p2a: Moltres|Heavy-Duty Boots|[from] move: Knock Off|[of] p1a: Tornadus
|move|p2a: Moltres|U-turn|p1a: Tornadus
|-resisted|p1a: Tornadus
|-damage|p1a: Tornadus|93/100
|c|☆KevDB|turn 1 the bs has began
|
|t:|1776109004
|switch|p2a: Great Tusk|Great Tusk|100/100|[from] U-turn
|
|upkeep
|turn|3
|
|t:|1776109006
|-end|p2a: Great Tusk|Protosynthesis|[silent]
|switch|p2a: Moltres|Moltres|80/100
|move|p1a: Tornadus|Bleakwind Storm|p2a: Moltres
|-damage|p2a: Moltres|54/100
|
|upkeep
|turn|4
|
|t:|1776109027
|switch|p1a: Hatterene|Hatterene, F|100/100
|move|p2a: Moltres|Roost|p2a: Moltres
|-heal|p2a: Moltres|100/100
|-singleturn|p2a: Moltres|move: Roost
|
|upkeep
|turn|5
|c|☆aquavanilla|this is a rlly bad mu
|c|☆KevDB|for me
|c|☆aquavanilla|hatt n torn 6-0 me
|c|☆KevDB|?
|c|☆KevDB|whole ass ghold
|inactive|aquavanilla has 270 seconds left.
|
|t:|1776109057
|move|p1a: Hatterene|Nuzzle|p2a: Moltres
|-supereffective|p2a: Moltres
|-damage|p2a: Moltres|93/100
|-status|p2a: Moltres|par
|-status|p1a: Hatterene|brn|[from] ability: Flame Body|[of] p2a: Moltres
|move|p2a: Moltres|Roar|p1a: Hatterene
|move|p1a: Hatterene|Roar|p2a: Moltres|[from] ability: Magic Bounce
|drag|p2a: Hydrapple|Hydrapple, M|100/100
|
|-damage|p1a: Hatterene|95/100 brn|[from] brn
|upkeep
|turn|6
|c|☆KevDB|but alr bro
|c|☆KevDB|wtv u sayyy
|c|☆KevDB|LMAO
|c|☆KevDB|nice flame body
|inactive|aquavanilla has 270 seconds left.
|c|☆KevDB|always haxing
|c|☆KevDB|stg
|
|t:|1776109082
|switch|p2a: Moltres|Moltres|93/100 par
|switch|p1a: Tornadus|Tornadus-Therian, M|100/100
|
|upkeep
|turn|7
|
|t:|1776109094
|move|p1a: Tornadus|Bleakwind Storm|p2a: Moltres|[miss]
|-miss|p1a: Tornadus|p2a: Moltres
|move|p2a: Moltres|Flamethrower|p1a: Tornadus
|-damage|p1a: Tornadus|77/100
|
|upkeep
|turn|8
|c|☆KevDB|yuppp
|
|t:|1776109104
|move|p1a: Tornadus|Bleakwind Storm|p2a: Moltres
|-damage|p2a: Moltres|68/100 par
|move|p2a: Moltres|U-turn|p1a: Tornadus
|-resisted|p1a: Tornadus
|-damage|p1a: Tornadus|69/100
|c|☆KevDB|are we surprised ?
|
|t:|1776109108
|switch|p2a: Great Tusk|Great Tusk|100/100|[from] U-turn
|
|upkeep
|turn|9
|
|t:|1776109112
|move|p1a: Tornadus|U-turn|p2a: Great Tusk
|-resisted|p2a: Great Tusk
|-damage|p2a: Great Tusk|95/100
|
|t:|1776109114
|switch|p1a: Hatterene|Hatterene, F|95/100 brn|[from] U-turn
|move|p2a: Great Tusk|Ice Spinner|p1a: Hatterene
|-damage|p1a: Hatterene|72/100 brn
|-damage|p2a: Great Tusk|78/100|[from] item: Rocky Helmet|[of] p1a: Hatterene
|
|-damage|p1a: Hatterene|66/100 brn|[from] brn
|upkeep
|turn|10
|
|t:|1776109119
|move|p2a: Great Tusk|Headlong Rush|p1a: Hatterene
|-damage|p1a: Hatterene|14/100 brn
|-unboost|p2a: Great Tusk|def|1
|-unboost|p2a: Great Tusk|spd|1
|-damage|p2a: Great Tusk|62/100|[from] item: Rocky Helmet|[of] p1a: Hatterene
|move|p1a: Hatterene|Draining Kiss|p2a: Great Tusk
|-supereffective|p2a: Great Tusk
|-damage|p2a: Great Tusk|9/100
|-heal|p1a: Hatterene|61/100 brn|[from] drain|[of] p2a: Great Tusk
|
|-damage|p1a: Hatterene|55/100 brn|[from] brn
|upkeep
|turn|11
|
|t:|1776109127
|move|p2a: Great Tusk|Head Smash|p1a: Hatterene|[miss]
|-miss|p2a: Great Tusk|p1a: Hatterene
|move|p1a: Hatterene|Psychic Noise|p2a: Great Tusk
|-supereffective|p2a: Great Tusk
|-damage|p2a: Great Tusk|0 fnt
|faint|p2a: Great Tusk
|-end|p2a: Great Tusk|Protosynthesis|[silent]
|
|-damage|p1a: Hatterene|49/100 brn|[from] brn
|upkeep
|c|☆KevDB|LMAO
|c|☆aquavanilla|LMFAO
|c|☆aquavanilla|OFC
|c|☆aquavanilla|OF
|c|☆aquavanilla|COF
|c|☆aquavanilla|COF
|c|☆KevDB|COLD
|c|☆aquavanilla|CO
|c|☆aquavanilla|FCO
|c|☆aquavanilla|FCO
|c|☆aquavanilla|OFC
|c|☆aquavanilla|UR SO BUNS
|c|☆KevDB|NICE CLICK BRO :COLD:
|
|t:|1776109137
|switch|p2a: Gholdengo|Gholdengo|100/100
|turn|12
|
|t:|1776109141
|switch|p1a: Tornadus|Tornadus-Therian, M|100/100
|move|p2a: Gholdengo|Shadow Ball|p1a: Tornadus
|-damage|p1a: Tornadus|70/100
|-unboost|p1a: Tornadus|spd|1
|
|upkeep
|turn|13
|
|t:|1776109145
|move|p2a: Gholdengo|Shadow Ball|p1a: Tornadus
|-damage|p1a: Tornadus|25/100
|move|p1a: Tornadus|U-turn|p2a: Gholdengo
|-resisted|p2a: Gholdengo
|-damage|p2a: Gholdengo|97/100
|c|☆KevDB|yupppp typical sped drop
|c|☆KevDB|spdef
|
|t:|1776109157
|switch|p1a: Iron Treads|Iron Treads|100/100|[from] U-turn
|
|upkeep
|turn|14
|
|t:|1776109169
|switch|p2a: Hydrapple|Hydrapple, M|100/100
|move|p1a: Iron Treads|Stealth Rock|p2a: Hydrapple
|-sidestart|p2: aquavanilla|move: Stealth Rock
|
|upkeep
|turn|15
|
|t:|1776109173
|move|p1a: Iron Treads|Volt Switch|p2a: Hydrapple
|-resisted|p2a: Hydrapple
|-damage|p2a: Hydrapple|98/100
|
|t:|1776109176
|-end|p1a: Iron Treads|Quark Drive|[silent]
|switch|p1a: Tornadus|Tornadus-Therian, M|58/100|[from] Volt Switch
|move|p2a: Hydrapple|Giga Drain|p1a: Tornadus
|-resisted|p1a: Tornadus
|-damage|p1a: Tornadus|48/100
|-heal|p2a: Hydrapple|100/100|[from] drain|[of] p1a: Tornadus
|
|upkeep
|turn|16
|
|t:|1776109179
|move|p1a: Tornadus|Knock Off|p2a: Hydrapple
|-damage|p2a: Hydrapple|89/100
|-enditem|p2a: Hydrapple|Heavy-Duty Boots|[from] move: Knock Off|[of] p1a: Tornadus
|move|p2a: Hydrapple|Fickle Beam|p1a: Tornadus
|-damage|p1a: Tornadus|25/100
|
|upkeep
|turn|17
|
|t:|1776109184
|move|p1a: Tornadus|U-turn|p2a: Hydrapple
|-supereffective|p2a: Hydrapple
|-damage|p2a: Hydrapple|73/100
|
|t:|1776109187
|switch|p1a: Hatterene|Hatterene, F|49/100 brn|[from] U-turn
|move|p2a: Hydrapple|Fickle Beam|p1a: Hatterene
|-immune|p1a: Hatterene
|
|-damage|p1a: Hatterene|43/100 brn|[from] brn
|upkeep
|turn|18
|
|t:|1776109191
|-terastallize|p2a: Hydrapple|Poison
|move|p2a: Hydrapple|Giga Drain|p1a: Hatterene
|-damage|p1a: Hatterene|11/100 brn
|-heal|p2a: Hydrapple|85/100|[from] drain|[of] p1a: Hatterene
|move|p1a: Hatterene|Pain Split|p2a: Hydrapple
|-sethp|p2a: Hydrapple|47/100|[from] move: Pain Split|[silent]
|-sethp|p1a: Hatterene|61/100 brn|[from] move: Pain Split
|
|-damage|p1a: Hatterene|55/100 brn|[from] brn
|upkeep
|turn|19
|c|☆KevDB|noob
|
|t:|1776109198
|move|p2a: Hydrapple|Nasty Plot|p2a: Hydrapple
|-boost|p2a: Hydrapple|spa|2
|move|p1a: Hatterene|Psychic Noise|p2a: Hydrapple
|-supereffective|p2a: Hydrapple
|-damage|p2a: Hydrapple|0 fnt
|faint|p2a: Hydrapple
|
|-damage|p1a: Hatterene|49/100 brn|[from] brn
|upkeep
|c|☆KevDB|LMFAO
|
|t:|1776109202
|switch|p2a: Kingambit|Kingambit, F|100/100
|-damage|p2a: Kingambit|94/100|[from] Stealth Rock
|-activate|p2a: Kingambit|ability: Supreme Overlord
|-start|p2a: Kingambit|fallen2|[silent]
|turn|20
|c|☆KevDB|NICE PLOT
|
|t:|1776109222
|switch|p1a: Zamazenta|Zamazenta|100/100
|-ability|p1a: Zamazenta|Dauntless Shield|boost
|-boost|p1a: Zamazenta|def|1
|move|p2a: Kingambit|Kowtow Cleave|p1a: Zamazenta
|-resisted|p1a: Zamazenta
|-damage|p1a: Zamazenta|87/100
|
|-heal|p1a: Zamazenta|93/100|[from] item: Leftovers
|upkeep
|turn|21
|
|t:|1776109231
|move|p1a: Zamazenta|Crunch|p2a: Kingambit
|-resisted|p2a: Kingambit
|-damage|p2a: Kingambit|85/100
|move|p2a: Kingambit|Kowtow Cleave|p1a: Zamazenta
|-resisted|p1a: Zamazenta
|-damage|p1a: Zamazenta|78/100
|
|-heal|p1a: Zamazenta|85/100|[from] item: Leftovers
|upkeep
|turn|22
|
|t:|1776109234
|-end|p2a: Kingambit|fallen2|[silent]
|switch|p2a: Gholdengo|Gholdengo|97/100
|-damage|p2a: Gholdengo|91/100|[from] Stealth Rock
|move|p1a: Zamazenta|Body Press|p2a: Gholdengo
|-immune|p2a: Gholdengo
|
|-heal|p1a: Zamazenta|91/100|[from] item: Leftovers
|upkeep
|turn|23
|
|t:|1776109240
|switch|p1a: Hatterene|Hatterene, F|49/100 brn
|move|p2a: Gholdengo|Make It Rain|p1a: Hatterene
|-supereffective|p1a: Hatterene
|-damage|p1a: Hatterene|0 fnt
|-unboost|p2a: Gholdengo|spa|1
|faint|p1a: Hatterene
|
|upkeep
|
|t:|1776109251
|switch|p1a: Cinderace|Cinderace, F|100/100
|turn|24
|
|t:|1776109255
|switch|p2a: Moltres|Moltres|68/100 par
|-damage|p2a: Moltres|18/100 par|[from] Stealth Rock
|move|p1a: Cinderace|Pyro Ball|p2a: Moltres
|-resisted|p2a: Moltres
|-damage|p2a: Moltres|0 fnt
|faint|p2a: Moltres
|
|upkeep
|
|t:|1776109257
|switch|p2a: Dragonite|Dragonite, M|100/100
|-damage|p2a: Dragonite|76/100|[from] Stealth Rock
|turn|25
|
|t:|1776109265
|move|p1a: Cinderace|Pyro Ball|p2a: Dragonite
|-resisted|p2a: Dragonite
|-damage|p2a: Dragonite|30/100
|move|p2a: Dragonite|Dragon Dance|p2a: Dragonite
|-boost|p2a: Dragonite|atk|1
|-boost|p2a: Dragonite|spe|1
|
|upkeep
|turn|26
|
|t:|1776109275
|move|p2a: Dragonite|Roost|p2a: Dragonite
|-heal|p2a: Dragonite|80/100
|-singleturn|p2a: Dragonite|move: Roost
|move|p1a: Cinderace|Pyro Ball|p2a: Dragonite
|-resisted|p2a: Dragonite
|-damage|p2a: Dragonite|40/100
|
|upkeep
|turn|27
|
|t:|1776109282
|switch|p1a: Zamazenta|Zamazenta|91/100
|move|p2a: Dragonite|Roost|p2a: Dragonite
|-heal|p2a: Dragonite|91/100
|-singleturn|p2a: Dragonite|move: Roost
|
|-heal|p1a: Zamazenta|97/100|[from] item: Leftovers
|upkeep
|turn|28
|
|t:|1776109298
|move|p2a: Dragonite|Tera Blast|p1a: Zamazenta
|-damage|p1a: Zamazenta|85/100
|move|p1a: Zamazenta|Roar|p2a: Dragonite
|drag|p2a: Gholdengo|Gholdengo|91/100
|-damage|p2a: Gholdengo|85/100|[from] Stealth Rock
|
|-heal|p1a: Zamazenta|91/100|[from] item: Leftovers
|upkeep
|turn|29
|c|☆KevDB|LMFAO
|c|☆aquavanilla|i forgot this dudes tera just 6-0ed ur ass once hatt died
|c|☆aquavanilla|sigh
|inactive|aquavanilla has 270 seconds left.
|c|☆KevDB|?
|c|☆KevDB|I have my own tera lul
|c|☆aquavanilla|ur tera normal bro
|
|t:|1776109339
|switch|p1a: Tornadus|Tornadus-Therian, M|58/100
|move|p2a: Gholdengo|Trick|p1a: Tornadus
|-activate|p2a: Gholdengo|move: Trick|[of] p1a: Tornadus
|-item|p1a: Tornadus|Choice Scarf|[from] move: Trick
|-item|p2a: Gholdengo|Assault Vest|[from] move: Trick
|
|upkeep
|turn|30
|
|t:|1776109352
|move|p1a: Tornadus|U-turn|p2a: Gholdengo
|-resisted|p2a: Gholdengo
|-damage|p2a: Gholdengo|80/100
|
|t:|1776109354
|switch|p1a: Iron Treads|Iron Treads|100/100|[from] U-turn
|move|p2a: Gholdengo|Shadow Ball|p1a: Iron Treads
|-damage|p1a: Iron Treads|44/100
|-unboost|p1a: Iron Treads|spd|1
|
|-heal|p1a: Iron Treads|50/100|[from] item: Leftovers
|upkeep
|turn|31
|
|t:|1776109360
|switch|p2a: Dragonite|Dragonite, M|91/100
|-damage|p2a: Dragonite|66/100|[from] Stealth Rock
|move|p1a: Iron Treads|Volt Switch|p2a: Dragonite
|-damage|p2a: Dragonite|56/100
|
|t:|1776109366
|-end|p1a: Iron Treads|Quark Drive|[silent]
|switch|p1a: Dragonite|Dragonite, F|100/100|[from] Volt Switch
|
|upkeep
|turn|32
|
|t:|1776109369
|move|p1a: Dragonite|Dragon Dance|p1a: Dragonite
|-boost|p1a: Dragonite|atk|1
|-boost|p1a: Dragonite|spe|1
|move|p2a: Dragonite|Roost|p2a: Dragonite
|-heal|p2a: Dragonite|100/100
|-singleturn|p2a: Dragonite|move: Roost
|
|upkeep
|turn|33
|
|t:|1776109374
|move|p1a: Dragonite|Encore|p2a: Dragonite
|-start|p2a: Dragonite|Encore
|move|p2a: Dragonite|Roost||[still]
|-fail|p2a: Dragonite|heal
|
|upkeep
|turn|34
|c|☆KevDB|noob
|
|t:|1776109379
|switch|p2a: Gholdengo|Gholdengo|80/100
|-damage|p2a: Gholdengo|74/100|[from] Stealth Rock
|move|p1a: Dragonite|Dragon Dance|p1a: Dragonite
|-boost|p1a: Dragonite|atk|1
|-boost|p1a: Dragonite|spe|1
|
|upkeep
|turn|35
|c|☆KevDB|gg
|
|t:|1776109382
|move|p1a: Dragonite|Earthquake|p2a: Gholdengo
|-supereffective|p2a: Gholdengo
|-damage|p2a: Gholdengo|0 fnt
|faint|p2a: Gholdengo
|
|upkeep
|c|☆aquavanilla|insane mu
|-message|aquavanilla forfeited.
|
|win|KevDB
|l|☆aquavanilla
|player|p2|
|c|☆KevDB|clapped
