|html|<div class="broadcast-blue"><strong>[Gen 9] OU is currently suspecting Tera Blast! For information on how to participate check out the <a href="https://www.smogon.com/tools/suspects/view/200">suspect thread</a>.</strong></div>
|j|☆kjojon
|j|☆anihilus23291
|t:|1776351708
|gametype|singles
|player|p1|kjojon|brock|1191
|player|p2|anihilus23291|skier|1142
|gen|9
|tier|[Gen 9] OU
|rated|
|rule|HP Percentage Mod: HP is shown in percentages
|rule|Endless Battle Clause: Forcing endless battles is banned
|rule|Species Clause: Limit one of each Pokémon
|rule|OHKO Clause: OHKO moves are banned
|rule|Evasion Items Clause: Evasion items are banned
|rule|Evasion Moves Clause: Evasion moves are banned
|rule|Evasion Abilities Clause: Evasion abilities are banned
|rule|Sleep Moves Clause: Sleep-inducing moves are banned
|clearpoke
|poke|p1|Gardevoir, F|
|poke|p1|Cinderace, F|
|poke|p1|Duraludon, M|
|poke|p1|Hitmontop, M|
|poke|p1|Necrozma|
|poke|p1|Porygon-Z|
|poke|p2|Gliscor, M|
|poke|p2|Garganacl, F|
|poke|p2|Toxapex, M|
|poke|p2|Corviknight, F|
|poke|p2|Grimmsnarl, M|
|poke|p2|Raging Bolt|
|teampreview
|
|t:|1776351715
|teamsize|p1|6
|teamsize|p2|6
|start
|switch|p1a: PoyPee|Porygon-Z, shiny|100/100
|switch|p2a: Gliscor|Gliscor, M|100/100
|turn|1
|
|t:|1776351721
|move|p1a: PoyPee|Tri Attack|p2a: Gliscor
|-damage|p2a: Gliscor|45/100
|move|p2a: Gliscor|Toxic|p1a: PoyPee|[miss]
|-miss|p2a: Gliscor|p1a: PoyPee
|
|-status|p2a: Gliscor|tox|[from] item: Toxic Orb
|upkeep
|turn|2
|
|t:|1776351730
|switch|p2a: Garganacl|Garganacl, F|100/100
|move|p1a: PoyPee|Tri Attack|p2a: Garganacl
|-resisted|p2a: Garganacl
|-damage|p2a: Garganacl|78/100
|
|-heal|p2a: Garganacl|85/100|[from] item: Leftovers
|upkeep
|turn|3
|
|t:|1776351737
|move|p1a: PoyPee|Tri Attack|p2a: Garganacl
|-resisted|p2a: Garganacl
|-damage|p2a: Garganacl|61/100
|move|p2a: Garganacl|Salt Cure|p1a: PoyPee
|-damage|p1a: PoyPee|81/100
|-start|p1a: PoyPee|Salt Cure
|
|-heal|p2a: Garganacl|68/100|[from] item: Leftovers
|-damage|p1a: PoyPee|69/100|[from] Salt Cure
|upkeep
|turn|4
|
|t:|1776351749
|move|p1a: PoyPee|Nasty Plot|p1a: PoyPee
|-boost|p1a: PoyPee|spa|2
|move|p2a: Garganacl|Body Press|p1a: PoyPee
|-supereffective|p1a: PoyPee
|-damage|p1a: PoyPee|6/100
|-enditem|p1a: PoyPee|Salac Berry|[eat]
|-boost|p1a: PoyPee|spe|1|[from] item: Salac Berry
|
|-heal|p2a: Garganacl|74/100|[from] item: Leftovers
|-damage|p1a: PoyPee|0 fnt|[from] Salt Cure
|faint|p1a: PoyPee
|upkeep
|
|t:|1776351779
|switch|p1a: Garfiel|Hitmontop, M|100/100
|turn|5
|
|t:|1776351784
|switch|p2a: Gliscor|Gliscor, M|45/100 tox
|move|p1a: Garfiel|Fake Out|p2a: Gliscor
|-damage|p2a: Gliscor|30/100 tox
|
|-heal|p2a: Gliscor|43/100 tox|[from] ability: Poison Heal
|upkeep
|turn|6
|
|t:|1776351794
|move|p2a: Gliscor|Toxic|p1a: Garfiel
|-status|p1a: Garfiel|tox
|move|p1a: Garfiel|Triple Axel|p2a: Gliscor
|-supereffective|p2a: Gliscor
|-damage|p2a: Gliscor|12/100 tox
|-supereffective|p2a: Gliscor
|-damage|p2a: Gliscor|0 fnt
|faint|p2a: Gliscor
|-hitcount|p2: Gliscor|2
|
|-damage|p1a: Garfiel|94/100 tox|[from] psn
|upkeep
|
|t:|1776351803
|switch|p2a: Grimmsnarl|Grimmsnarl, M|100/100
|turn|7
|
|t:|1776351807
|move|p2a: Grimmsnarl|Reflect|p2a: Grimmsnarl
|-sidestart|p2: anihilus23291|Reflect
|move|p1a: Garfiel|Triple Axel|p2a: Grimmsnarl
|-damage|p2a: Grimmsnarl|95/100
|-damage|p2a: Grimmsnarl|85/100
|-damage|p2a: Grimmsnarl|70/100
|-hitcount|p2a: Grimmsnarl|3
|
|-heal|p2a: Grimmsnarl|76/100|[from] item: Leftovers
|-damage|p1a: Garfiel|82/100 tox|[from] psn
|upkeep
|turn|8
|
|t:|1776351819
|switch|p1a: Joao|Cinderace, F, shiny|100/100
|move|p2a: Grimmsnarl|Draining Kiss|p1a: Joao
|-resisted|p1a: Joao
|-damage|p1a: Joao|89/100
|-heal|p2a: Grimmsnarl|84/100|[from] drain|[of] p1a: Joao
|
|-heal|p2a: Grimmsnarl|90/100|[from] item: Leftovers
|upkeep
|turn|9
|
|t:|1776351828
|switch|p2a: Toxapex|Toxapex, M|100/100
|move|p1a: Joao|Court Change|p1a: Joao
|-start|p1a: Joao|typechange|Normal|[from] ability: Libero
|-swapsideconditions
|-activate|p1a: Joao|move: Court Change
|
|upkeep
|turn|10
|
|t:|1776351842
|switch|p1a: Babylon|Duraludon, M, shiny|100/100
|move|p2a: Toxapex|Gunk Shot|p1a: Babylon
|-immune|p1a: Babylon
|
|upkeep
|turn|11
|
|t:|1776351847
|switch|p2a: Garganacl|Garganacl, F|74/100
|move|p1a: Babylon|Thunderbolt|p2a: Garganacl
|-damage|p2a: Garganacl|51/100
|
|-heal|p2a: Garganacl|57/100|[from] item: Leftovers
|-sideend|p1: kjojon|Reflect
|upkeep
|turn|12
|
|t:|1776351855
|move|p1a: Babylon|Flash Cannon|p2a: Garganacl
|-supereffective|p2a: Garganacl
|-damage|p2a: Garganacl|0 fnt
|faint|p2a: Garganacl
|
|upkeep
|
|t:|1776351860
|switch|p2a: Toxapex|Toxapex, M|100/100
|turn|13
|
|t:|1776351863
|move|p1a: Babylon|Thunderbolt|p2a: Toxapex
|-supereffective|p2a: Toxapex
|-damage|p2a: Toxapex|54/100
|move|p2a: Toxapex|Surf|p1a: Babylon
|-resisted|p1a: Babylon
|-damage|p1a: Babylon|91/100
|
|-heal|p2a: Toxapex|61/100|[from] item: Leftovers
|upkeep
|turn|14
|
|t:|1776351873
|switch|p2a: Raging Bolt|Raging Bolt|100/100
|-enditem|p2a: Raging Bolt|Booster Energy
|-activate|p2a: Raging Bolt|ability: Protosynthesis|[fromitem]
|-start|p2a: Raging Bolt|protosynthesisspa
|move|p1a: Babylon|Thunderbolt|p2a: Raging Bolt
|-resisted|p2a: Raging Bolt
|-damage|p2a: Raging Bolt|93/100
|
|upkeep
|turn|15
|
|t:|1776351881
|move|p1a: Babylon|Dragon Pulse|p2a: Raging Bolt
|-supereffective|p2a: Raging Bolt
|-damage|p2a: Raging Bolt|19/100
|move|p2a: Raging Bolt|Draco Meteor|p1a: Babylon
|-damage|p1a: Babylon|0 fnt
|-unboost|p2a: Raging Bolt|spa|2
|faint|p1a: Babylon
|
|upkeep
|
|t:|1776351888
|switch|p1a: Garfiel|Hitmontop, M|82/100 tox
|turn|16
|
|t:|1776351892
|-end|p2a: Raging Bolt|Protosynthesis|[silent]
|switch|p2a: Grimmsnarl|Grimmsnarl, M|90/100
|move|p1a: Garfiel|Fake Out|p2a: Grimmsnarl
|-damage|p2a: Grimmsnarl|69/100
|
|-heal|p2a: Grimmsnarl|75/100|[from] item: Leftovers
|-damage|p1a: Garfiel|76/100 tox|[from] psn
|upkeep
|turn|17
|
|t:|1776351898
|move|p1a: Garfiel|Rapid Spin|p2a: Grimmsnarl
|-damage|p2a: Grimmsnarl|50/100
|-boost|p1a: Garfiel|spe|1
|move|p2a: Grimmsnarl|Draining Kiss|p1a: Garfiel
|-supereffective|p1a: Garfiel
|-damage|p1a: Garfiel|39/100 tox
|-heal|p2a: Grimmsnarl|73/100|[from] drain|[of] p1a: Garfiel
|
|-heal|p2a: Grimmsnarl|79/100|[from] item: Leftovers
|-damage|p1a: Garfiel|27/100 tox|[from] psn
|upkeep
|turn|18
|
|t:|1776351910
|switch|p1a: R-Pyrite|Necrozma, shiny|100/100
|switch|p2a: Corviknight|Corviknight, F|100/100
|
|upkeep
|turn|19
|
|t:|1776351920
|switch|p2a: Grimmsnarl|Grimmsnarl, M|79/100
|move|p1a: R-Pyrite|Dragon Dance|p1a: R-Pyrite
|-boost|p1a: R-Pyrite|atk|1
|-boost|p1a: R-Pyrite|spe|1
|
|-heal|p2a: Grimmsnarl|85/100|[from] item: Leftovers
|upkeep
|turn|20
|
|t:|1776351927
|move|p1a: R-Pyrite|Dragon Dance|p1a: R-Pyrite
|-boost|p1a: R-Pyrite|atk|1
|-boost|p1a: R-Pyrite|spe|1
|move|p2a: Grimmsnarl|Foul Play|p1a: R-Pyrite
|-supereffective|p1a: R-Pyrite
|-damage|p1a: R-Pyrite|0 fnt
|faint|p1a: R-Pyrite
|
|-heal|p2a: Grimmsnarl|91/100|[from] item: Leftovers
|upkeep
|
|t:|1776351941
|switch|p1a: Garfiel|Hitmontop, M|27/100 tox
|turn|21
|
|t:|1776351947
|move|p1a: Garfiel|Fake Out|p2a: Grimmsnarl
|-damage|p2a: Grimmsnarl|67/100
|cant|p2a: Grimmsnarl|flinch
|
|-heal|p2a: Grimmsnarl|73/100|[from] item: Leftovers
|-damage|p1a: Garfiel|20/100 tox|[from] psn
|upkeep
|turn|22
|
|t:|1776351951
|move|p1a: Garfiel|Mach Punch|p2a: Grimmsnarl
|-damage|p2a: Grimmsnarl|42/100
|move|p2a: Grimmsnarl|Light Screen|p2a: Grimmsnarl
|-sidestart|p2: anihilus23291|move: Light Screen
|
|-heal|p2a: Grimmsnarl|48/100|[from] item: Leftovers
|-damage|p1a: Garfiel|8/100 tox|[from] psn
|upkeep
|turn|23
|
|t:|1776351959
|switch|p2a: Toxapex|Toxapex, M|94/100
|move|p1a: Garfiel|Mach Punch|p2a: Toxapex
|-resisted|p2a: Toxapex
|-damage|p2a: Toxapex|84/100
|
|-heal|p2a: Toxapex|90/100|[from] item: Leftovers
|-damage|p1a: Garfiel|0 fnt|[from] psn
|faint|p1a: Garfiel
|upkeep
|
|t:|1776351966
|switch|p1a: Xodium|Gardevoir, F, shiny|100/100
|-ability|p1a: Xodium|Regenerator|Trace|[from] ability: Trace|[of] p2a: Toxapex
|turn|24
|
|t:|1776351971
|switch|p2a: Grimmsnarl|Grimmsnarl, M|48/100
|-terastallize|p1a: Xodium|Normal
|move|p1a: Xodium|Mystical Fire|p2a: Grimmsnarl
|-damage|p2a: Grimmsnarl|35/100
|-unboost|p2a: Grimmsnarl|spa|1
|
|-heal|p2a: Grimmsnarl|41/100|[from] item: Leftovers
|upkeep
|turn|25
|
|t:|1776351986
|switch|p2a: Corviknight|Corviknight, F|100/100
|move|p1a: Xodium|Mystical Fire|p2a: Corviknight
|-supereffective|p2a: Corviknight
|-damage|p2a: Corviknight|78/100
|-ability|p2a: Corviknight|Mirror Armor
|-unboost|p1a: Xodium|spa|1
|
|upkeep
|turn|26
|
|t:|1776351994
|switch|p1a: Joao|Cinderace, F, shiny|89/100
|move|p2a: Corviknight|Body Press|p1a: Joao
|-damage|p1a: Joao|54/100
|
|-sideend|p2: anihilus23291|move: Light Screen
|upkeep
|turn|27
|
|t:|1776352002
|switch|p2a: Toxapex|Toxapex, M|100/100
|move|p1a: Joao|Pyro Ball|p2a: Toxapex|[miss]
|-miss|p1a: Joao|p2a: Toxapex
|
|upkeep
|turn|28
|
|t:|1776352009
|switch|p1a: Xodium|Gardevoir, F, shiny, tera:Normal|100/100
|-ability|p1a: Xodium|Regenerator|Trace|[from] ability: Trace|[of] p2a: Toxapex
|move|p2a: Toxapex|Gunk Shot|p1a: Xodium|[miss]
|-miss|p2a: Toxapex|p1a: Xodium
|
|upkeep
|turn|29
|
|t:|1776352017
|move|p2a: Toxapex|Baneful Bunker|p2a: Toxapex
|-singleturn|p2a: Toxapex|move: Protect
|move|p1a: Xodium|Moonblast|p2a: Toxapex
|-activate|p2a: Toxapex|move: Protect
|
|upkeep
|turn|30
|
|t:|1776352026
|switch|p2a: Corviknight|Corviknight, F|78/100
|move|p1a: Xodium|Moonblast|p2a: Corviknight
|-resisted|p2a: Corviknight
|-damage|p2a: Corviknight|59/100
|
|upkeep
|turn|31
|
|t:|1776352032
|switch|p1a: Joao|Cinderace, F, shiny|54/100
|move|p2a: Corviknight|Body Press|p1a: Joao
|-damage|p1a: Joao|19/100
|
|upkeep
|turn|32
|
|t:|1776352038
|switch|p2a: Toxapex|Toxapex, M|100/100
|move|p1a: Joao|Pyro Ball|p2a: Toxapex
|-resisted|p2a: Toxapex
|-damage|p2a: Toxapex|80/100
|
|-heal|p2a: Toxapex|86/100|[from] item: Leftovers
|upkeep
|turn|33
|
|t:|1776352047
|move|p1a: Joao|Sucker Punch|p2a: Toxapex
|-start|p1a: Joao|typechange|Dark|[from] ability: Libero
|-damage|p2a: Toxapex|57/100
|move|p2a: Toxapex|Gunk Shot|p1a: Joao
|-damage|p1a: Joao|0 fnt
|faint|p1a: Joao
|
|-heal|p2a: Toxapex|64/100|[from] item: Leftovers
|upkeep
|
|t:|1776352055
|switch|p1a: Xodium|Gardevoir, F, shiny, tera:Normal|100/100
|-ability|p1a: Xodium|Regenerator|Trace|[from] ability: Trace|[of] p2a: Toxapex
|turn|34
|
|t:|1776352061
|switch|p2a: Grimmsnarl|Grimmsnarl, M|41/100
|move|p1a: Xodium|Moonblast|p2a: Grimmsnarl
|-supereffective|p2a: Grimmsnarl
|-damage|p2a: Grimmsnarl|0 fnt
|faint|p2a: Grimmsnarl
|
|upkeep
|
|t:|1776352066
|switch|p2a: Toxapex|Toxapex, M|97/100
|turn|35
|
|t:|1776352070
|move|p1a: Xodium|Moonblast|p2a: Toxapex
|-resisted|p2a: Toxapex
|-damage|p2a: Toxapex|81/100
|move|p2a: Toxapex|Gunk Shot|p1a: Xodium
|-damage|p1a: Xodium|53/100
|
|-heal|p2a: Toxapex|87/100|[from] item: Leftovers
|upkeep
|turn|36
|c|☆kjojon|gg's
|
|t:|1776352079
|move|p1a: Xodium|Moonblast|p2a: Toxapex
|-resisted|p2a: Toxapex
|-damage|p2a: Toxapex|70/100
|-unboost|p2a: Toxapex|spa|1
|move|p2a: Toxapex|Gunk Shot|p1a: Xodium
|-damage|p1a: Xodium|10/100
|-status|p1a: Xodium|psn
|
|-heal|p2a: Toxapex|76/100|[from] item: Leftovers
|-damage|p1a: Xodium|0 fnt|[from] psn
|faint|p1a: Xodium
|
|win|anihilus23291
|raw|kjojon's rating: 1191 &rarr; <strong>1162</strong><br />(-29 for losing)
|raw|anihilus23291's rating: 1142 &rarr; <strong>1171</strong><br />(+29 for winning)
