|html|<div class="broadcast-blue"><strong>[Gen 9] OU is currently suspecting Tera Blast! For information on how to participate check out the <a href="https://www.smogon.com/tools/suspects/view/200">suspect thread</a>.</strong></div>
|j|☆SeasideWandering
|j|☆mandude476
|t:|1776084664
|gametype|singles
|player|p1|SeasideWandering|marnie-masters3|1371
|player|p2|mandude476|ghetsis|1345
|gen|9
|tier|[Gen 9] OU
|rated|
|rule|HP Percentage Mod: HP is shown in percentages
|rule|Endless Battle Clause: Forcing endless battles is banned
|rule|Species Clause: Limit one of each Pokémon
|rule|OHKO Clause: OHKO moves are banned
|rule|Evasion Items Clause: Evasion items are banned
|rule|Evasion Moves Clause: Evasion moves are banned
|rule|Evasion Abilities Clause: Evasion abilities are banned
|rule|Sleep Moves Clause: Sleep-inducing moves are banned
|clearpoke
|poke|p1|Tyranitar, F|
|poke|p1|Rillaboom, M|
|poke|p1|Toedscruel, M|
|poke|p1|Ceruledge, F|
|poke|p1|Pecharunt|
|poke|p1|Kyurem|
|poke|p2|Lokix, M|
|poke|p2|Gliscor, F|
|poke|p2|Slowking-Galar, F|
|poke|p2|Ogerpon-Wellspring, F|
|poke|p2|Great Tusk|
|poke|p2|Dragapult, M|
|teampreview
|j| ohko_smeargle
|
|t:|1776084688
|teamsize|p1|6
|teamsize|p2|6
|start
|switch|p1a: Toedscruel|Toedscruel, M|100/100
|switch|p2a: Gliscor|Gliscor, F|100/100
|turn|1
|l|☆SeasideWandering
|player|p1|
|inactive|Battle timer is ON: inactive players will automatically lose when time's up. (requested by mandude476)
|j|☆SeasideWandering
|inactive|SeasideWandering reconnected and has 140 seconds left.
|player|p1|SeasideWandering|marnie-masters3|
|
|t:|1776084742
|move|p2a: Gliscor|Protect|p2a: Gliscor
|-singleturn|p2a: Gliscor|Protect
|move|p1a: Toedscruel|Leech Seed|p2a: Gliscor
|-activate|p2a: Gliscor|move: Protect
|
|-status|p2a: Gliscor|tox|[from] item: Toxic Orb
|upkeep
|turn|2
|
|t:|1776084754
|move|p1a: Toedscruel|Rapid Spin|p2a: Gliscor
|-damage|p2a: Gliscor|96/100 tox
|-boost|p1a: Toedscruel|spe|1
|move|p2a: Gliscor|Stealth Rock|p1a: Toedscruel
|-sidestart|p1: SeasideWandering|move: Stealth Rock
|
|-heal|p2a: Gliscor|100/100 tox|[from] ability: Poison Heal
|upkeep
|turn|3
|
|t:|1776084766
|move|p2a: Gliscor|Knock Off|p1a: Toedscruel
|-damage|p1a: Toedscruel|68/100
|-enditem|p1a: Toedscruel|Heavy-Duty Boots|[from] move: Knock Off|[of] p2a: Gliscor
|move|p1a: Toedscruel|Leech Seed|p2a: Gliscor
|-start|p2a: Gliscor|move: Leech Seed
|
|-damage|p2a: Gliscor|88/100 tox|[from] Leech Seed|[of] p1a: Toedscruel
|-heal|p1a: Toedscruel|82/100|[silent]
|-heal|p2a: Gliscor|100/100 tox|[from] ability: Poison Heal
|upkeep
|turn|4
|
|t:|1776084775
|move|p1a: Toedscruel|Rapid Spin|p2a: Gliscor
|-damage|p2a: Gliscor|96/100 tox
|-boost|p1a: Toedscruel|spe|1
|-sideend|p1: SeasideWandering|Stealth Rock|[from] move: Rapid Spin|[of] p1a: Toedscruel
|move|p2a: Gliscor|U-turn|p1a: Toedscruel
|-supereffective|p1a: Toedscruel
|-damage|p1a: Toedscruel|29/100
|
|t:|1776084779
|switch|p2a: Lokix|Lokix, M|100/100|[from] U-turn
|
|upkeep
|turn|5
|
|t:|1776084798
|switch|p1a: Pecharunt|Pecharunt|100/100
|move|p2a: Lokix|First Impression|p1a: Pecharunt
|-resisted|p1a: Pecharunt
|-damage|p1a: Pecharunt|89/100
|
|upkeep
|turn|6
|
|t:|1776084809
|move|p2a: Lokix|Knock Off|p1a: Pecharunt
|-supereffective|p1a: Pecharunt
|-damage|p1a: Pecharunt|40/100
|-enditem|p1a: Pecharunt|Covert Cloak|[from] move: Knock Off|[of] p2a: Lokix
|move|p1a: Pecharunt|Malignant Chain|p2a: Lokix
|-damage|p2a: Lokix|37/100
|
|upkeep
|turn|7
|
|t:|1776084818
|move|p2a: Lokix|Knock Off|p1a: Pecharunt
|-supereffective|p1a: Pecharunt
|-damage|p1a: Pecharunt|8/100
|move|p1a: Pecharunt|Recover|p1a: Pecharunt
|-heal|p1a: Pecharunt|58/100
|
|upkeep
|turn|8
|
|t:|1776084825
|move|p2a: Lokix|U-turn|p1a: Pecharunt
|-resisted|p1a: Pecharunt
|-damage|p1a: Pecharunt|48/100
|
|t:|1776084826
|switch|p2a: Slowking|Slowking-Galar, F|100/100|[from] U-turn
|move|p1a: Pecharunt|Recover|p1a: Pecharunt
|-heal|p1a: Pecharunt|98/100
|
|upkeep
|turn|9
|
|t:|1776084837
|move|p1a: Pecharunt|Nasty Plot|p1a: Pecharunt
|-boost|p1a: Pecharunt|spa|2
|move|p2a: Slowking|Future Sight|p1a: Pecharunt
|-start|p2a: Slowking|move: Future Sight
|
|upkeep
|turn|10
|
|t:|1776084851
|move|p1a: Pecharunt|Nasty Plot|p1a: Pecharunt
|-boost|p1a: Pecharunt|spa|2
|-prepare|p2a: Slowking|Chilly Reception|[premajor]
|move|p2a: Slowking|Chilly Reception|p2a: Slowking
|-weather|Snowscape
|
|t:|1776084854
|switch|p2a: Dragapult|Dragapult, M|100/100|[from] Chilly Reception
|
|-weather|Snowscape|[upkeep]
|upkeep
|turn|11
|
|t:|1776084862
|-terastallize|p1a: Pecharunt|Dark
|move|p2a: Dragapult|Shadow Ball|p1a: Pecharunt
|-resisted|p1a: Pecharunt
|-damage|p1a: Pecharunt|72/100
|-unboost|p1a: Pecharunt|spd|1
|move|p1a: Pecharunt|Shadow Ball|p2a: Dragapult
|-supereffective|p2a: Dragapult
|-damage|p2a: Dragapult|0 fnt
|faint|p2a: Dragapult
|
|-weather|Snowscape|[upkeep]
|-end|p1a: Pecharunt|move: Future Sight
|-immune|p1a: Pecharunt
|upkeep
|
|t:|1776084872
|switch|p2a: Great Tusk|Great Tusk|100/100
|turn|12
|
|t:|1776084879
|move|p1a: Pecharunt|Shadow Ball|p2a: Great Tusk
|-damage|p2a: Great Tusk|0 fnt
|faint|p2a: Great Tusk
|-end|p2a: Great Tusk|Protosynthesis|[silent]
|
|-weather|Snowscape|[upkeep]
|upkeep
|
|t:|1776084884
|switch|p2a: Lokix|Lokix, M|37/100
|turn|13
|
|t:|1776084901
|switch|p1a: Toedscruel|Toedscruel, M|29/100
|-terastallize|p2a: Lokix|Bug
|move|p2a: Lokix|First Impression|p1a: Toedscruel
|-supereffective|p1a: Toedscruel
|-damage|p1a: Toedscruel|0 fnt
|faint|p1a: Toedscruel
|
|-weather|Snowscape|[upkeep]
|upkeep
|inactive|SeasideWandering has 120 seconds left.
|
|t:|1776084926
|switch|p1a: Tyranitar|Tyranitar, F|100/100
|-weather|Sandstorm|[from] ability: Sand Stream|[of] p1a: Tyranitar
|turn|14
|inactive|SeasideWandering has 120 seconds left.
|
|t:|1776084936
|switch|p1a: Ceruledge|Ceruledge, F|100/100
|move|p2a: Lokix|U-turn|p1a: Ceruledge
|-resisted|p1a: Ceruledge
|-damage|p1a: Ceruledge|72/100
|-ability|p1a: Ceruledge|Weak Armor|boost
|-unboost|p1a: Ceruledge|def|1
|-boost|p1a: Ceruledge|spe|2
|
|t:|1776084944
|switch|p2a: Gliscor|Gliscor, F|96/100 tox|[from] U-turn
|
|-weather|Sandstorm|[upkeep]
|-damage|p1a: Ceruledge|65/100|[from] Sandstorm
|-heal|p2a: Gliscor|100/100 tox|[from] ability: Poison Heal
|upkeep
|turn|15
|
|t:|1776084956
|move|p1a: Ceruledge|Destiny Bond|p1a: Ceruledge
|-singlemove|p1a: Ceruledge|Destiny Bond
|move|p2a: Gliscor|Knock Off|p1a: Ceruledge
|-supereffective|p1a: Ceruledge
|-damage|p1a: Ceruledge|0 fnt
|-enditem|p1a: Ceruledge|Focus Sash|[from] move: Knock Off|[of] p2a: Gliscor
|faint|p1a: Ceruledge
|-activate|p1a: Ceruledge|move: Destiny Bond
|faint|p2a: Gliscor
|
|-weather|Sandstorm|[upkeep]
|upkeep
|-message|mandude476 forfeited.
|
|win|SeasideWandering
|raw|SeasideWandering's rating: 1371 &rarr; <strong>1390</strong><br />(+19 for winning)
|raw|mandude476's rating: 1345 &rarr; <strong>1326</strong><br />(-19 for losing)
|l|☆mandude476
|player|p2|
|l| ohko_smeargle
|j|☆mandude476
|player|p2|mandude476|ghetsis|
|l|☆mandude476
|player|p2|
|l|☆SeasideWandering
|player|p1|
