|html|<div class="broadcast-blue"><strong>[Gen 9] OU is currently suspecting Tera Blast! For information on how to participate check out the <a href="https://www.smogon.com/tools/suspects/view/200">suspect thread</a>.</strong></div>
|j|☆lebronismygoatzs
|j|☆said wagwan
|t:|1776352463
|gametype|singles
|player|p1|lebronismygoatzs|crasherwake|
|player|p2|said wagwan|cynthia-gen4|
|gen|9
|tier|[Gen 9] OU
|rule|HP Percentage Mod: HP is shown in percentages
|rule|Endless Battle Clause: Forcing endless battles is banned
|rule|Species Clause: Limit one of each Pokémon
|rule|OHKO Clause: OHKO moves are banned
|rule|Evasion Items Clause: Evasion items are banned
|rule|Evasion Moves Clause: Evasion moves are banned
|rule|Evasion Abilities Clause: Evasion abilities are banned
|rule|Sleep Moves Clause: Sleep-inducing moves are banned
|clearpoke
|poke|p1|Ogerpon-Wellspring, F|
|poke|p1|Samurott-Hisui, F|
|poke|p1|Clefable, M|
|poke|p1|Gliscor, M|
|poke|p1|Gholdengo|
|poke|p1|Zamazenta-*|
|poke|p2|Deoxys-Speed|
|poke|p2|Ceruledge, F|
|poke|p2|Zamazenta-*|
|poke|p2|Ogerpon-Wellspring, F|
|poke|p2|Glimmora, F|
|poke|p2|Moltres-Galar|
|teampreview
|inactive|Battle timer is ON: inactive players will automatically lose when time's up. (requested by lebronismygoatzs)
|inactive|said wagwan also wants the timer to be on.
|c|☆said wagwan|glhf
|inactive|lebronismygoatzs has 270 seconds left.
|c|☆lebronismygoatzs|u2
|
|t:|1776352519
|teamsize|p1|6
|teamsize|p2|6
|start
|switch|p1a: Clefable|Clefable, M|100/100
|switch|p2a: Zamazenta|Zamazenta|100/100
|-ability|p2a: Zamazenta|Dauntless Shield|boost
|-boost|p2a: Zamazenta|def|1
|turn|1
|
|t:|1776352527
|switch|p2a: Deoxys|Deoxys-Speed|100/100
|-ability|p2a: Deoxys|Pressure
|move|p1a: Clefable|Moonblast|p2a: Deoxys
|-damage|p2a: Deoxys|64/100
|-unboost|p2a: Deoxys|spa|1
|
|upkeep
|turn|2
|inactive|lebronismygoatzs has 270 seconds left.
|inactive|lebronismygoatzs has 240 seconds left.
|
|t:|1776352587
|move|p2a: Deoxys|Light Screen|p2a: Deoxys
|-sidestart|p2: said wagwan|move: Light Screen
|move|p1a: Clefable|Stealth Rock|p2a: Deoxys
|-sidestart|p2: said wagwan|move: Stealth Rock
|
|upkeep
|turn|3
|
|t:|1776352593
|move|p2a: Deoxys|Reflect|p2a: Deoxys
|-sidestart|p2: said wagwan|Reflect
|move|p1a: Clefable|Knock Off|p2a: Deoxys
|-supereffective|p2a: Deoxys
|-damage|p2a: Deoxys|44/100
|-enditem|p2a: Deoxys|Light Clay|[from] move: Knock Off|[of] p1a: Clefable
|
|upkeep
|turn|4
|
|t:|1776352604
|move|p2a: Deoxys|Taunt|p1a: Clefable
|-start|p1a: Clefable|move: Taunt
|move|p1a: Clefable|Knock Off|p2a: Deoxys
|-supereffective|p2a: Deoxys
|-damage|p2a: Deoxys|31/100
|
|upkeep
|turn|5
|inactive|lebronismygoatzs has 240 seconds left.
|
|t:|1776352638
|move|p2a: Deoxys|Psycho Boost|p1a: Clefable
|-damage|p1a: Clefable|73/100
|-unboost|p2a: Deoxys|spa|2
|move|p1a: Clefable|Knock Off|p2a: Deoxys
|-supereffective|p2a: Deoxys
|-damage|p2a: Deoxys|20/100
|
|upkeep
|turn|6
|
|t:|1776352649
|switch|p2a: Zamazenta|Zamazenta|100/100
|-damage|p2a: Zamazenta|94/100|[from] Stealth Rock
|move|p1a: Clefable|Knock Off|p2a: Zamazenta
|-resisted|p2a: Zamazenta
|-damage|p2a: Zamazenta|91/100
|-enditem|p2a: Zamazenta|Leftovers|[from] move: Knock Off|[of] p1a: Clefable
|
|-end|p1a: Clefable|move: Taunt
|upkeep
|turn|7
|
|t:|1776352655
|move|p2a: Zamazenta|Heavy Slam|p1a: Clefable
|-supereffective|p1a: Clefable
|-damage|p1a: Clefable|20/100
|-damage|p2a: Zamazenta|75/100|[from] item: Rocky Helmet|[of] p1a: Clefable
|move|p1a: Clefable|Moonblast|p2a: Zamazenta
|-supereffective|p2a: Zamazenta
|-damage|p2a: Zamazenta|46/100
|-unboost|p2a: Zamazenta|spa|1
|
|upkeep
|turn|8
|
|t:|1776352662
|move|p2a: Zamazenta|Heavy Slam|p1a: Clefable
|-supereffective|p1a: Clefable
|-damage|p1a: Clefable|0 fnt
|-damage|p2a: Zamazenta|29/100|[from] item: Rocky Helmet|[of] p1a: Clefable
|faint|p1a: Clefable
|
|upkeep
|inactive|lebronismygoatzs has 240 seconds left.
|
|t:|1776352716
|switch|p1a: Zamazenta|Zamazenta|100/100
|-ability|p1a: Zamazenta|Dauntless Shield|boost
|-boost|p1a: Zamazenta|def|1
|turn|9
|
|t:|1776352721
|move|p1a: Zamazenta|Iron Defense|p1a: Zamazenta
|-boost|p1a: Zamazenta|def|2
|move|p2a: Zamazenta|Roar|p1a: Zamazenta
|drag|p1a: Gholdengo|Gholdengo|100/100
|-item|p1a: Gholdengo|Air Balloon
|
|-sideend|p2: said wagwan|move: Light Screen
|upkeep
|turn|10
|
|t:|1776352726
|move|p1a: Gholdengo|Shadow Ball|p2a: Zamazenta
|-damage|p2a: Zamazenta|0 fnt
|faint|p2a: Zamazenta
|
|-sideend|p2: said wagwan|Reflect
|upkeep
|
|t:|1776352753
|switch|p2a: Ogerpon|Ogerpon-Wellspring, F|100/100
|-damage|p2a: Ogerpon|88/100|[from] Stealth Rock
|turn|11
|inactive|lebronismygoatzs has 240 seconds left.
|
|t:|1776352764
|switch|p1a: Ogerpon|Ogerpon-Wellspring, F|100/100
|move|p2a: Ogerpon|Swords Dance|p2a: Ogerpon
|-boost|p2a: Ogerpon|atk|2
|
|upkeep
|turn|12
|
|t:|1776352771
|move|p1a: Ogerpon|Encore|p2a: Ogerpon
|-start|p2a: Ogerpon|Encore
|move|p2a: Ogerpon|Swords Dance|p2a: Ogerpon
|-boost|p2a: Ogerpon|atk|2
|
|upkeep
|turn|13
|
|t:|1776352778
|switch|p2a: Deoxys|Deoxys-Speed|20/100
|-damage|p2a: Deoxys|7/100|[from] Stealth Rock
|-ability|p2a: Deoxys|Pressure
|move|p1a: Ogerpon|U-turn|p2a: Deoxys
|-supereffective|p2a: Deoxys
|-damage|p2a: Deoxys|0 fnt
|faint|p2a: Deoxys
|
|t:|1776352781
|switch|p1a: Samurott|Samurott-Hisui, F|100/100|[from] U-turn
|
|upkeep
|
|t:|1776352798
|switch|p2a: Ogerpon|Ogerpon-Wellspring, F|88/100
|-damage|p2a: Ogerpon|76/100|[from] Stealth Rock
|turn|14
|
|t:|1776352802
|move|p2a: Ogerpon|Horn Leech|p1a: Samurott
|-supereffective|p1a: Samurott
|-enditem|p1a: Samurott|Focus Sash
|-damage|p1a: Samurott|1/100
|-heal|p2a: Ogerpon|100/100|[from] drain|[of] p1a: Samurott
|move|p1a: Samurott|Ceaseless Edge|p2a: Ogerpon
|-damage|p2a: Ogerpon|36/100
|-sidestart|p2: said wagwan|Spikes
|
|upkeep
|turn|15
|
|t:|1776352816
|move|p1a: Samurott|Sucker Punch|p2a: Ogerpon
|-damage|p2a: Ogerpon|0 fnt
|faint|p2a: Ogerpon
|
|upkeep
|
|t:|1776352824
|switch|p2a: Glimmora|Glimmora, F|100/100
|-damage|p2a: Glimmora|88/100|[from] Stealth Rock
|-damage|p2a: Glimmora|76/100|[from] Spikes
|turn|16
|inactive|lebronismygoatzs has 270 seconds left.
|
|t:|1776352857
|move|p2a: Glimmora|Mortal Spin|p1a: Samurott
|-damage|p1a: Samurott|0 fnt
|-sideend|p2: said wagwan|Spikes|[from] move: Mortal Spin|[of] p2a: Glimmora
|-sideend|p2: said wagwan|Stealth Rock|[from] move: Mortal Spin|[of] p2a: Glimmora
|faint|p1a: Samurott
|
|upkeep
|
|t:|1776352863
|switch|p1a: Ogerpon|Ogerpon-Wellspring, F|100/100
|turn|17
|
|t:|1776352870
|move|p1a: Ogerpon|Ivy Cudgel|p2a: Glimmora|[anim] Ivy Cudgel Water
|-supereffective|p2a: Glimmora
|-damage|p2a: Glimmora|0 fnt
|-activate|p2a: Glimmora|ability: Toxic Debris
|-sidestart|p1: lebronismygoatzs|move: Toxic Spikes
|faint|p2a: Glimmora
|
|upkeep
|
|t:|1776352878
|switch|p2a: Moltres|Moltres-Galar|100/100
|turn|18
|
|t:|1776352893
|move|p1a: Ogerpon|Ivy Cudgel|p2a: Moltres|[anim] Ivy Cudgel Water
|-damage|p2a: Moltres|37/100
|-ability|p2a: Moltres|Berserk|boost
|-boost|p2a: Moltres|spa|1
|-enditem|p2a: Moltres|Sitrus Berry|[eat]
|-heal|p2a: Moltres|62/100|[from] item: Sitrus Berry
|move|p2a: Moltres|Agility|p2a: Moltres
|-boost|p2a: Moltres|spe|2
|
|upkeep
|turn|19
|
|t:|1776352906
|move|p2a: Moltres|Fiery Wrath|p1a: Ogerpon
|-damage|p1a: Ogerpon|20/100
|move|p1a: Ogerpon|Encore|p2a: Moltres
|-start|p2a: Moltres|Encore
|
|upkeep
|turn|20
|
|t:|1776352918
|switch|p1a: Zamazenta|Zamazenta|100/100
|-status|p1a: Zamazenta|psn
|move|p2a: Moltres|Fiery Wrath|p1a: Zamazenta
|-resisted|p1a: Zamazenta
|-damage|p1a: Zamazenta|70/100 psn
|
|-heal|p1a: Zamazenta|76/100 psn|[from] item: Leftovers
|-damage|p1a: Zamazenta|64/100 psn|[from] psn
|upkeep
|turn|21
|
|t:|1776352931
|move|p2a: Moltres|Fiery Wrath|p1a: Zamazenta
|-resisted|p1a: Zamazenta
|-damage|p1a: Zamazenta|34/100 psn
|move|p1a: Zamazenta|Body Press|p2a: Moltres
|-damage|p2a: Moltres|19/100
|-ability|p2a: Moltres|Berserk|boost
|-boost|p2a: Moltres|spa|1
|
|-heal|p1a: Zamazenta|40/100 psn|[from] item: Leftovers
|-damage|p1a: Zamazenta|28/100 psn|[from] psn
|upkeep
|turn|22
|
|t:|1776352949
|move|p2a: Moltres|Fiery Wrath|p1a: Zamazenta
|-resisted|p1a: Zamazenta
|-damage|p1a: Zamazenta|0 fnt
|faint|p1a: Zamazenta
|
|-end|p2a: Moltres|Encore
|upkeep
|inactive|lebronismygoatzs has 270 seconds left.
|
|t:|1776352970
|switch|p1a: Gholdengo|Gholdengo|100/100
|-item|p1a: Gholdengo|Air Balloon
|turn|23
|
|t:|1776352976
|-terastallize|p1a: Gholdengo|Fairy
|move|p2a: Moltres|Fiery Wrath|p1a: Gholdengo
|-resisted|p1a: Gholdengo
|-damage|p1a: Gholdengo|51/100
|-enditem|p1a: Gholdengo|Air Balloon
|move|p1a: Gholdengo|Dazzling Gleam|p2a: Moltres
|-supereffective|p2a: Moltres
|-damage|p2a: Moltres|0 fnt
|faint|p2a: Moltres
|
|upkeep
|
|t:|1776352984
|switch|p2a: Ceruledge|Ceruledge, F|100/100
|turn|24
|inactive|lebronismygoatzs has 270 seconds left.
|inactive|lebronismygoatzs has 240 seconds left.
|c|☆said wagwan|i forgot to tera moltres
|c|☆lebronismygoatzs|what tera was it
|c|☆said wagwan|oh well
|
|t:|1776353051
|move|p1a: Gholdengo|Shadow Ball|p2a: Ceruledge
|-supereffective|p2a: Ceruledge
|-damage|p2a: Ceruledge|2/100
|move|p2a: Ceruledge|Bitter Blade|p1a: Gholdengo
|-damage|p1a: Gholdengo|0 fnt
|-heal|p2a: Ceruledge|27/100|[from] drain|[of] p1a: Gholdengo
|faint|p1a: Gholdengo
|-damage|p2a: Ceruledge|17/100|[from] item: Life Orb
|
|upkeep
|c|☆said wagwan|fairy
|inactive|lebronismygoatzs has 210 seconds left.
|
|t:|1776353065
|switch|p1a: Ogerpon|Ogerpon-Wellspring, F|20/100
|-status|p1a: Ogerpon|psn
|turn|25
|
|t:|1776353079
|-terastallize|p2a: Ceruledge|Ghost
|move|p2a: Ceruledge|Shadow Sneak|p1a: Ogerpon
|-damage|p1a: Ogerpon|0 fnt
|faint|p1a: Ogerpon
|-damage|p2a: Ceruledge|8/100|[from] item: Life Orb
|
|upkeep
|c|☆said wagwan|down to 1 move
|inactive|lebronismygoatzs has 210 seconds left.
|c|☆said wagwan|we pray for a crit
|
|t:|1776353117
|switch|p1a: Gliscor|Gliscor, M|100/100
|turn|26
|c|☆lebronismygoatzs|its funny if avoid
|
|t:|1776353133
|move|p1a: Gliscor|Earthquake|p2a: Ceruledge
|-damage|p2a: Ceruledge|0 fnt
|faint|p2a: Ceruledge
|
|win|lebronismygoatzs
|c|☆said wagwan|or not
|c|☆said wagwan|gg
|c|☆said wagwan|i was never killing anyways
|c|☆said wagwan|252+ Atk Life Orb Ceruledge Poltergeist (110 BP) vs. 244 HP / 36 Def Gliscor: 199-235 (56.5 - 66.7%) -- guaranteed 2HKO
