|html|<div class="broadcast-blue"><strong>[Gen 9] OU is currently suspecting Tera Blast! For information on how to participate check out the <a href="https://www.smogon.com/tools/suspects/view/200">suspect thread</a>.</strong></div>
|j|☆der grosse z
|j|☆miaoTV-青
|t:|1776073204
|gametype|singles
|player|p1|der grosse z|266|1695
|player|p2|miaoTV-青|elesa|1835
|gen|9
|tier|[Gen 9] OU
|rated|
|rule|HP Percentage Mod: HP is shown in percentages
|rule|Endless Battle Clause: Forcing endless battles is banned
|rule|Species Clause: Limit one of each Pokémon
|rule|OHKO Clause: OHKO moves are banned
|rule|Evasion Items Clause: Evasion items are banned
|rule|Evasion Moves Clause: Evasion moves are banned
|rule|Evasion Abilities Clause: Evasion abilities are banned
|rule|Sleep Moves Clause: Sleep-inducing moves are banned
|clearpoke
|poke|p1|Iron Crown|
|poke|p1|Samurott-Hisui, M|
|poke|p1|Garganacl, M|
|poke|p1|Great Tusk|
|poke|p1|Sinistcha|
|poke|p1|Dragonite, F|
|poke|p2|Ogerpon-Wellspring, F|
|poke|p2|Dondozo, M|
|poke|p2|Cinderace, M|
|poke|p2|Landorus-Therian, M|
|poke|p2|Slowking-Galar, L99, F|
|poke|p2|Tyranitar, M|
|teampreview
|j| ohko_smeargle
|
|t:|1776073221
|teamsize|p1|6
|teamsize|p2|6
|start
|switch|p1a: Samurott|Samurott-Hisui, M|100/100
|switch|p2a: 江母狗|Ogerpon-Wellspring, F|100/100
|turn|1
|inactive|Battle timer is ON: inactive players will automatically lose when time's up. (requested by miaoTV-青)
|
|t:|1776073226
|switch|p1a: Sinistcha|Sinistcha|100/100
|move|p2a: 江母狗|Horn Leech|p1a: Sinistcha
|-resisted|p1a: Sinistcha
|-damage|p1a: Sinistcha|86/100
|
|upkeep
|turn|2
|
|t:|1776073231
|move|p2a: 江母狗|Swords Dance|p2a: 江母狗
|-boost|p2a: 江母狗|atk|2
|move|p1a: Sinistcha|Strength Sap|p2a: 江母狗
|-unboost|p2a: 江母狗|atk|1
|-heal|p1a: Sinistcha|100/100
|
|upkeep
|turn|3
|
|t:|1776073244
|move|p2a: 江母狗|Swords Dance|p2a: 江母狗
|-boost|p2a: 江母狗|atk|2
|move|p1a: Sinistcha|Matcha Gotcha|p2a: 江母狗
|-damage|p2a: 江母狗|64/100
|
|upkeep
|turn|4
|
|t:|1776073256
|move|p2a: 江母狗|Swords Dance|p2a: 江母狗
|-boost|p2a: 江母狗|atk|2
|move|p1a: Sinistcha|Strength Sap|p2a: 江母狗
|-unboost|p2a: 江母狗|atk|1
|
|upkeep
|turn|5
|
|t:|1776073263
|move|p2a: 江母狗|Swords Dance|p2a: 江母狗
|-boost|p2a: 江母狗|atk|2
|move|p1a: Sinistcha|Strength Sap|p2a: 江母狗
|-unboost|p2a: 江母狗|atk|1
|
|upkeep
|turn|6
|
|t:|1776073266
|move|p2a: 江母狗|Ivy Cudgel|p1a: Sinistcha|[anim] Ivy Cudgel Water
|-resisted|p1a: Sinistcha
|-crit|p1a: Sinistcha
|-damage|p1a: Sinistcha|0 fnt
|faint|p1a: Sinistcha
|
|upkeep
|
|t:|1776073273
|switch|p1a: Dragonite|Dragonite, F|100/100
|turn|7
|
|t:|1776073276
|move|p2a: 江母狗|Horn Leech|p1a: Dragonite
|-resisted|p1a: Dragonite
|-damage|p1a: Dragonite|79/100
|-heal|p2a: 江母狗|76/100|[from] drain|[of] p1a: Dragonite
|move|p1a: Dragonite|Dragon Dance|p1a: Dragonite
|-boost|p1a: Dragonite|atk|1
|-boost|p1a: Dragonite|spe|1
|
|upkeep
|turn|8
|
|t:|1776073281
|move|p1a: Dragonite|Outrage|p2a: 江母狗
|-damage|p2a: 江母狗|0 fnt
|faint|p2a: 江母狗
|
|upkeep
|
|t:|1776073286
|switch|p2a: 毛腊肉|Tyranitar, M|100/100
|-weather|Sandstorm|[from] ability: Sand Stream|[of] p2a: 毛腊肉
|turn|9
|
|t:|1776073289
|move|p1a: Dragonite|Outrage|p2a: 毛腊肉|[from] lockedmove
|-damage|p2a: 毛腊肉|10/100
|-start|p1a: Dragonite|confusion|[fatigue]
|move|p2a: 毛腊肉|Ice Beam|p1a: Dragonite
|-supereffective|p1a: Dragonite
|-damage|p1a: Dragonite|0 fnt
|faint|p1a: Dragonite
|
|-weather|Sandstorm|[upkeep]
|upkeep
|
|t:|1776073292
|switch|p1a: Iron Crown|Iron Crown|100/100
|turn|10
|
|t:|1776073300
|move|p1a: Iron Crown|Tachyon Cutter|p2a: 毛腊肉
|-supereffective|p2a: 毛腊肉
|-damage|p2a: 毛腊肉|0 fnt
|faint|p2a: 毛腊肉
|-hitcount|p2: 毛腊肉|1
|
|-weather|Sandstorm|[upkeep]
|upkeep
|
|t:|1776073302
|switch|p2a: 红小将|Cinderace, M|100/100
|turn|11
|
|t:|1776073306
|-end|p1a: Iron Crown|Quark Drive|[silent]
|switch|p1a: Garganacl|Garganacl, M|100/100
|move|p2a: 红小将|U-turn|p1a: Garganacl
|-start|p2a: 红小将|typechange|Bug|[from] ability: Libero
|-damage|p1a: Garganacl|75/100
|
|t:|1776073313
|switch|p2a: 庆丰帝|Slowking-Galar, L99, F, shiny|100/100|[from] U-turn
|
|-weather|Sandstorm|[upkeep]
|-damage|p2a: 庆丰帝|94/100|[from] Sandstorm
|-heal|p1a: Garganacl|81/100|[from] item: Leftovers
|upkeep
|turn|12
|
|t:|1776073319
|move|p1a: Garganacl|Stealth Rock|p2a: 庆丰帝
|-sidestart|p2: miaoTV-青|move: Stealth Rock
|move|p2a: 庆丰帝|Focus Blast|p1a: Garganacl
|-supereffective|p1a: Garganacl
|-damage|p1a: Garganacl|53/100
|
|-weather|Sandstorm|[upkeep]
|-damage|p2a: 庆丰帝|88/100|[from] Sandstorm
|-heal|p1a: Garganacl|59/100|[from] item: Leftovers
|upkeep
|turn|13
|
|t:|1776073326
|move|p1a: Garganacl|Salt Cure|p2a: 庆丰帝
|-damage|p2a: 庆丰帝|78/100
|-start|p2a: 庆丰帝|Salt Cure
|move|p2a: 庆丰帝|Eerie Spell|p1a: Garganacl
|-damage|p1a: Garganacl|44/100
|-activate|p1a: Garganacl|move: Eerie Spell|Salt Cure|3
|
|-weather|none
|-heal|p1a: Garganacl|50/100|[from] item: Leftovers
|-damage|p2a: 庆丰帝|66/100|[from] Salt Cure
|upkeep
|turn|14
|
|t:|1776073341
|move|p1a: Garganacl|Recover|p1a: Garganacl
|-heal|p1a: Garganacl|99/100
|move|p2a: 庆丰帝|Eerie Spell|p1a: Garganacl
|-crit|p1a: Garganacl
|-damage|p1a: Garganacl|69/100
|-activate|p1a: Garganacl|move: Eerie Spell|Recover|3
|
|-heal|p1a: Garganacl|75/100|[from] item: Leftovers
|-damage|p2a: 庆丰帝|54/100|[from] Salt Cure
|upkeep
|turn|15
|
|t:|1776073345
|switch|p1a: Samurott|Samurott-Hisui, M|100/100
|-prepare|p2a: 庆丰帝|Chilly Reception|[premajor]
|move|p2a: 庆丰帝|Chilly Reception|p2a: 庆丰帝
|-weather|Snowscape
|
|t:|1776073347
|switch|p2a: 红小将|Cinderace, M|100/100|[from] Chilly Reception
|
|-weather|Snowscape|[upkeep]
|upkeep
|turn|16
|
|t:|1776073351
|move|p2a: 红小将|U-turn|p1a: Samurott
|-start|p2a: 红小将|typechange|Bug|[from] ability: Libero
|-supereffective|p1a: Samurott
|-damage|p1a: Samurott|27/100
|
|t:|1776073354
|switch|p2a: 水晶棺|Dondozo, M|100/100|[from] U-turn
|-damage|p2a: 水晶棺|88/100|[from] Stealth Rock
|move|p1a: Samurott|Razor Shell|p2a: 水晶棺
|-resisted|p2a: 水晶棺
|-damage|p2a: 水晶棺|77/100
|-unboost|p2a: 水晶棺|def|1
|
|-weather|Snowscape|[upkeep]
|upkeep
|turn|17
|
|t:|1776073358
|move|p1a: Samurott|Ceaseless Edge|p2a: 水晶棺|[miss]
|-miss|p1a: Samurott|p2a: 水晶棺
|move|p2a: 水晶棺|Body Press|p1a: Samurott
|-supereffective|p1a: Samurott
|-damage|p1a: Samurott|0 fnt
|faint|p1a: Samurott
|
|-weather|Snowscape|[upkeep]
|upkeep
|
|t:|1776073362
|switch|p1a: Iron Crown|Iron Crown|100/100
|turn|18
|
|t:|1776073371
|switch|p2a: 红小将|Cinderace, M|100/100
|move|p1a: Iron Crown|Psyshock|p2a: 红小将
|-damage|p2a: 红小将|13/100
|
|-weather|Snowscape|[upkeep]
|upkeep
|turn|19
|
|t:|1776073379
|-end|p1a: Iron Crown|Quark Drive|[silent]
|switch|p1a: Great Tusk|Great Tusk|100/100
|move|p2a: 红小将|Pyro Ball|p1a: Great Tusk
|-damage|p1a: Great Tusk|51/100
|-status|p1a: Great Tusk|brn
|
|-weather|none
|-damage|p1a: Great Tusk|45/100 brn|[from] brn
|upkeep
|turn|20
|j| samurajen
|
|t:|1776073387
|move|p1a: Great Tusk|Knock Off|p2a: 红小将
|-damage|p2a: 红小将|0 fnt
|-enditem|p2a: 红小将|Heavy-Duty Boots|[from] move: Knock Off|[of] p1a: Great Tusk
|faint|p2a: 红小将
|
|-damage|p1a: Great Tusk|39/100 brn|[from] brn
|upkeep
|
|t:|1776073392
|switch|p2a: 林统帅(未坠机版)|Landorus-Therian, M|100/100
|-damage|p2a: 林统帅(未坠机版)|88/100|[from] Stealth Rock
|-ability|p2a: 林统帅(未坠机版)|Intimidate|boost
|-unboost|p1a: Great Tusk|atk|1
|turn|21
|
|t:|1776073398
|-terastallize|p2a: 林统帅(未坠机版)|Ground
|move|p2a: 林统帅(未坠机版)|Earthquake|p1a: Great Tusk
|-damage|p1a: Great Tusk|0 fnt
|faint|p1a: Great Tusk
|-end|p1a: Great Tusk|Protosynthesis|[silent]
|
|upkeep
|
|t:|1776073402
|switch|p1a: Garganacl|Garganacl, M|75/100
|turn|22
|
|t:|1776073405
|switch|p2a: 庆丰帝|Slowking-Galar, L99, F, shiny|87/100
|-damage|p2a: 庆丰帝|75/100|[from] Stealth Rock
|move|p1a: Garganacl|Protect||[still]
|-fail|p1a: Garganacl
|
|-heal|p1a: Garganacl|81/100|[from] item: Leftovers
|upkeep
|turn|23
|
|t:|1776073411
|move|p1a: Garganacl|Salt Cure|p2a: 庆丰帝
|-damage|p2a: 庆丰帝|63/100
|-start|p2a: 庆丰帝|Salt Cure
|move|p2a: 庆丰帝|Focus Blast|p1a: Garganacl
|-supereffective|p1a: Garganacl
|-damage|p1a: Garganacl|43/100
|
|-heal|p1a: Garganacl|49/100|[from] item: Leftovers
|-damage|p2a: 庆丰帝|51/100|[from] Salt Cure
|upkeep
|turn|24
|
|t:|1776073414
|switch|p1a: Iron Crown|Iron Crown|100/100
|move|p2a: 庆丰帝|Eerie Spell|p1a: Iron Crown
|-resisted|p1a: Iron Crown
|-damage|p1a: Iron Crown|93/100
|
|-damage|p2a: 庆丰帝|38/100|[from] Salt Cure
|upkeep
|turn|25
|
|t:|1776073420
|move|p1a: Iron Crown|Tachyon Cutter|p2a: 庆丰帝
|-damage|p2a: 庆丰帝|10/100
|-damage|p2a: 庆丰帝|0 fnt
|faint|p2a: 庆丰帝
|-hitcount|p2: 庆丰帝|2
|
|upkeep
|
|t:|1776073422
|switch|p2a: 林统帅(未坠机版)|Landorus-Therian, M, tera:Ground|88/100
|-damage|p2a: 林统帅(未坠机版)|82/100|[from] Stealth Rock
|-ability|p2a: 林统帅(未坠机版)|Intimidate|boost
|-unboost|p1a: Iron Crown|atk|1
|turn|26
|j| gsdfgsfsfes
|
|t:|1776073428
|move|p2a: 林统帅(未坠机版)|Earthquake|p1a: Iron Crown
|-supereffective|p1a: Iron Crown
|-damage|p1a: Iron Crown|0 fnt
|faint|p1a: Iron Crown
|-end|p1a: Iron Crown|Quark Drive|[silent]
|
|upkeep
|
|t:|1776073429
|switch|p1a: Garganacl|Garganacl, M|49/100
|turn|27
|
|t:|1776073431
|move|p1a: Garganacl|Protect|p1a: Garganacl
|-singleturn|p1a: Garganacl|Protect
|move|p2a: 林统帅(未坠机版)|Earthquake|p1a: Garganacl
|-activate|p1a: Garganacl|move: Protect
|
|-heal|p1a: Garganacl|55/100|[from] item: Leftovers
|upkeep
|turn|28
|
|t:|1776073434
|-terastallize|p1a: Garganacl|Ghost
|move|p2a: 林统帅(未坠机版)|Earthquake|p1a: Garganacl
|-damage|p1a: Garganacl|7/100
|move|p1a: Garganacl|Recover|p1a: Garganacl
|-heal|p1a: Garganacl|57/100
|
|-heal|p1a: Garganacl|63/100|[from] item: Leftovers
|upkeep
|turn|29
|
|t:|1776073439
|switch|p2a: 水晶棺|Dondozo, M|77/100
|-damage|p2a: 水晶棺|64/100|[from] Stealth Rock
|move|p1a: Garganacl|Protect||[still]
|-fail|p1a: Garganacl
|
|-heal|p1a: Garganacl|69/100|[from] item: Leftovers
|upkeep
|turn|30
|
|t:|1776073442
|move|p1a: Garganacl|Salt Cure|p2a: 水晶棺
|-damage|p2a: 水晶棺|58/100
|-start|p2a: 水晶棺|Salt Cure
|move|p2a: 水晶棺|Wave Crash|p1a: Garganacl
|-damage|p1a: Garganacl|45/100
|-damage|p2a: 水晶棺|51/100|[from] Recoil
|
|-heal|p1a: Garganacl|51/100|[from] item: Leftovers
|-damage|p2a: 水晶棺|26/100|[from] Salt Cure
|upkeep
|turn|31
|
|t:|1776073446
|switch|p2a: 林统帅(未坠机版)|Landorus-Therian, M, tera:Ground|82/100
|-damage|p2a: 林统帅(未坠机版)|76/100|[from] Stealth Rock
|-ability|p2a: 林统帅(未坠机版)|Intimidate|boost
|-unboost|p1a: Garganacl|atk|1
|move|p1a: Garganacl|Recover|p1a: Garganacl
|-heal|p1a: Garganacl|100/100
|
|upkeep
|turn|32
|
|t:|1776073450
|move|p2a: 林统帅(未坠机版)|Fling|p1a: Garganacl
|-supereffective|p1a: Garganacl
|-damage|p1a: Garganacl|96/100
|-enditem|p2a: 林统帅(未坠机版)|Choice Scarf|[from] move: Fling
|move|p1a: Garganacl|Salt Cure|p2a: 林统帅(未坠机版)
|-resisted|p2a: 林统帅(未坠机版)
|-damage|p2a: 林统帅(未坠机版)|70/100
|-start|p2a: 林统帅(未坠机版)|Salt Cure
|
|-heal|p1a: Garganacl|100/100|[from] item: Leftovers
|-damage|p2a: 林统帅(未坠机版)|58/100|[from] Salt Cure
|upkeep
|turn|33
|
|t:|1776073458
|switch|p2a: 水晶棺|Dondozo, M|26/100
|-damage|p2a: 水晶棺|14/100|[from] Stealth Rock
|move|p1a: Garganacl|Salt Cure|p2a: 水晶棺
|-damage|p2a: 水晶棺|8/100
|-start|p2a: 水晶棺|Salt Cure
|
|-damage|p2a: 水晶棺|0 fnt|[from] Salt Cure
|faint|p2a: 水晶棺
|upkeep
|j| OP Earthquakes
|
|t:|1776073460
|switch|p2a: 林统帅(未坠机版)|Landorus-Therian, M, tera:Ground|58/100
|-damage|p2a: 林统帅(未坠机版)|52/100|[from] Stealth Rock
|-ability|p2a: 林统帅(未坠机版)|Intimidate|boost
|-unboost|p1a: Garganacl|atk|1
|turn|34
|
|t:|1776073462
|move|p2a: 林统帅(未坠机版)|Earthquake|p1a: Garganacl
|-damage|p1a: Garganacl|50/100
|move|p1a: Garganacl|Salt Cure|p2a: 林统帅(未坠机版)
|-resisted|p2a: 林统帅(未坠机版)
|-damage|p2a: 林统帅(未坠机版)|48/100
|-start|p2a: 林统帅(未坠机版)|Salt Cure
|
|-heal|p1a: Garganacl|56/100|[from] item: Leftovers
|-damage|p2a: 林统帅(未坠机版)|36/100|[from] Salt Cure
|upkeep
|turn|35
|
|t:|1776073466
|move|p1a: Garganacl|Protect|p1a: Garganacl
|-singleturn|p1a: Garganacl|Protect
|move|p2a: 林统帅(未坠机版)|Earthquake|p1a: Garganacl
|-activate|p1a: Garganacl|move: Protect
|
|-heal|p1a: Garganacl|62/100|[from] item: Leftovers
|-damage|p2a: 林统帅(未坠机版)|24/100|[from] Salt Cure
|upkeep
|turn|36
|
|t:|1776073467
|move|p2a: 林统帅(未坠机版)|Earthquake|p1a: Garganacl
|-damage|p1a: Garganacl|11/100
|move|p1a: Garganacl|Recover|p1a: Garganacl
|-heal|p1a: Garganacl|61/100
|
|-heal|p1a: Garganacl|67/100|[from] item: Leftovers
|-damage|p2a: 林统帅(未坠机版)|11/100|[from] Salt Cure
|upkeep
|turn|37
|
|t:|1776073470
|move|p2a: 林统帅(未坠机版)|Earthquake|p1a: Garganacl
|-damage|p1a: Garganacl|15/100
|move|p1a: Garganacl|Recover|p1a: Garganacl
|-heal|p1a: Garganacl|65/100
|
|-heal|p1a: Garganacl|71/100|[from] item: Leftovers
|-damage|p2a: 林统帅(未坠机版)|0 fnt|[from] Salt Cure
|faint|p2a: 林统帅(未坠机版)
|
|win|der grosse z
|raw|der grosse z's rating: 1695 &rarr; <strong>1723</strong><br />(+28 for winning)
|raw|miaoTV-青's rating: 1835 &rarr; <strong>1807</strong><br />(-28 for losing)
|l| ohko_smeargle
|l|☆miaoTV-青
|player|p2|
|c|☆der grosse z|Gg
|l|☆der grosse z
|player|p1|
