|html|<div class="broadcast-blue"><strong>[Gen 9] OU is currently suspecting Tera Blast! For information on how to participate check out the <a href="https://www.smogon.com/tools/suspects/view/200">suspect thread</a>.</strong></div>
|j|☆Sharpergamer
|j|☆Lyrick
|t:|1776057210
|gametype|singles
|player|p1|Sharpergamer|gentleman|1093
|player|p2|Lyrick|101|1075
|gen|9
|tier|[Gen 9] OU
|rated|
|rule|HP Percentage Mod: HP is shown in percentages
|rule|Endless Battle Clause: Forcing endless battles is banned
|rule|Species Clause: Limit one of each Pokémon
|rule|OHKO Clause: OHKO moves are banned
|rule|Evasion Items Clause: Evasion items are banned
|rule|Evasion Moves Clause: Evasion moves are banned
|rule|Evasion Abilities Clause: Evasion abilities are banned
|rule|Sleep Moves Clause: Sleep-inducing moves are banned
|clearpoke
|poke|p1|Conkeldurr, M|
|poke|p1|Kingambit, F|
|poke|p1|Spidops, M|
|poke|p1|Ursaluna, F|
|poke|p1|Cinderace, M|
|poke|p1|Gengar, M|
|poke|p2|Zoroark-Hisui, M|
|poke|p2|Hoopa|
|poke|p2|Sableye, F|
|poke|p2|Tinkaton, F|
|poke|p2|Hatterene, F|
|poke|p2|Swadloon, M|
|teampreview
|inactive|Battle timer is ON: inactive players will automatically lose when time's up. (requested by Lyrick)
|
|t:|1776057219
|teamsize|p1|6
|teamsize|p2|6
|start
|switch|p1a: Ursaluna|Ursaluna, F|100/100
|switch|p2a: Sableye|Sableye, F|100/100
|turn|1
|
|t:|1776057224
|move|p2a: Sableye|Reflect|p2a: Sableye
|-sidestart|p2: Lyrick|Reflect
|move|p1a: Ursaluna|Earthquake|p2a: Sableye
|-damage|p2a: Sableye|58/100
|-enditem|p2a: Sableye|Eject Button
|
|t:|1776057228
|switch|p2a: Hoopa|Hoopa|100/100
|
|-status|p1a: Ursaluna|brn|[from] item: Flame Orb
|upkeep
|turn|2
|
|t:|1776057233
|move|p2a: Hoopa|Nasty Plot|p2a: Hoopa
|-boost|p2a: Hoopa|spa|2
|move|p1a: Ursaluna|Earthquake|p2a: Hoopa
|-damage|p2a: Hoopa|27/100
|
|-damage|p1a: Ursaluna|94/100 brn|[from] brn
|upkeep
|turn|3
|
|t:|1776057244
|move|p2a: Hoopa|Grass Knot|p1a: Ursaluna
|-supereffective|p1a: Ursaluna
|-damage|p1a: Ursaluna|0 fnt
|faint|p1a: Ursaluna
|
|upkeep
|
|t:|1776057249
|switch|p1a: Spidops|Spidops, M|100/100
|turn|4
|
|t:|1776057263
|move|p1a: Spidops|First Impression|p2a: Hoopa
|-damage|p2a: Hoopa|2/100
|-enditem|p2a: Hoopa|Salac Berry|[eat]
|-boost|p2a: Hoopa|spe|1|[from] item: Salac Berry
|move|p2a: Hoopa|Hyperspace Hole|p1a: Spidops
|-damage|p1a: Spidops|3/100
|-item|p2a: Hoopa|Focus Sash|[from] ability: Magician|[of] p1a: Spidops
|
|upkeep
|turn|5
|
|t:|1776057272
|move|p2a: Hoopa|Hyperspace Hole|p1a: Spidops
|-damage|p1a: Spidops|0 fnt
|faint|p1a: Spidops
|
|-sideend|p2: Lyrick|Reflect
|upkeep
|
|t:|1776057284
|switch|p1a: Gengar|Gengar, M|100/100
|turn|6
|
|t:|1776057289
|move|p1a: Gengar|Shadow Ball|p2a: Hoopa
|-supereffective|p2a: Hoopa
|-damage|p2a: Hoopa|0 fnt
|faint|p2a: Hoopa
|
|upkeep
|
|t:|1776057298
|switch|p2a: Sableye|Sableye, F|100/100
|turn|7
|
|t:|1776057307
|switch|p1a: Conkeldurr|Conkeldurr, M|100/100
|move|p2a: Sableye|Bitter Malice|p1a: Conkeldurr
|-damage|p1a: Conkeldurr|38/100
|-unboost|p1a: Conkeldurr|atk|1
|-damage|p2a: Sableye|91/100|[from] item: Life Orb
|
|-status|p1a: Conkeldurr|brn|[from] item: Flame Orb
|upkeep
|turn|8
|
|t:|1776057318
|move|p2a: Sableye|Bitter Malice|p1a: Conkeldurr
|-damage|p1a: Conkeldurr|0 fnt
|faint|p1a: Conkeldurr
|-damage|p2a: Sableye|81/100|[from] item: Life Orb
|
|upkeep
|
|t:|1776057325
|switch|p1a: Gengar|Gengar, M|100/100
|turn|9
|
|t:|1776057327
|move|p1a: Gengar|Shadow Ball|p2a: Sableye
|-immune|p2a: Sableye
|move|p2a: Sableye|Bitter Malice|p1a: Gengar
|-supereffective|p1a: Gengar
|-damage|p1a: Gengar|0 fnt
|faint|p1a: Gengar
|-damage|p2a: Sableye|71/100|[from] item: Life Orb
|
|upkeep
|-message|Sharpergamer forfeited.
|
|win|Lyrick
|raw|Sharpergamer's rating: 1093 &rarr; <strong>1068</strong><br />(-25 for losing)
|raw|Lyrick's rating: 1075 &rarr; <strong>1105</strong><br />(+30 for winning)
|l|☆Sharpergamer
|player|p1|
|l|☆Lyrick
|player|p2|
