|html|<div class="broadcast-blue"><strong>[Gen 9] OU is currently suspecting Tera Blast! For information on how to participate check out the <a href="https://www.smogon.com/tools/suspects/view/200">suspect thread</a>.</strong></div>
|j|☆TapuTeao
|j|☆Aleph501!
|t:|1776111698
|gametype|singles
|player|p1|TapuTeao|102|1328
|player|p2|Aleph501!|266|1342
|gen|9
|tier|[Gen 9] OU
|rated|
|rule|HP Percentage Mod: HP is shown in percentages
|rule|Endless Battle Clause: Forcing endless battles is banned
|rule|Species Clause: Limit one of each Pokémon
|rule|OHKO Clause: OHKO moves are banned
|rule|Evasion Items Clause: Evasion items are banned
|rule|Evasion Moves Clause: Evasion moves are banned
|rule|Evasion Abilities Clause: Evasion abilities are banned
|rule|Sleep Moves Clause: Sleep-inducing moves are banned
|clearpoke
|poke|p1|Necrozma|
|poke|p1|Kingambit, M|
|poke|p1|Samurott-Hisui, M|
|poke|p1|Iron Treads|
|poke|p1|Pecharunt|
|poke|p1|Enamorus, F|
|poke|p2|Ceruledge, F|
|poke|p2|Volcanion|
|poke|p2|Landorus-Therian, M|
|poke|p2|Thundurus-Therian, M|
|poke|p2|Darkrai|
|poke|p2|Great Tusk|
|teampreview
|inactive|Battle timer is ON: inactive players will automatically lose when time's up. (requested by TapuTeao)
|
|t:|1776111709
|teamsize|p1|6
|teamsize|p2|6
|start
|switch|p1a: Enamorus|Enamorus, F|100/100
|switch|p2a: Thundurus|Thundurus-Therian, M|100/100
|turn|1
|
|t:|1776111716
|switch|p1a: Iron Treads|Iron Treads|100/100
|move|p2a: Thundurus|Thunderbolt|p1a: Iron Treads
|-immune|p1a: Iron Treads
|
|upkeep
|turn|2
|
|t:|1776111724
|-end|p1a: Iron Treads|Quark Drive|[silent]
|switch|p1a: Necrozma|Necrozma|100/100
|-terastallize|p2a: Thundurus|Water
|move|p2a: Thundurus|Tera Blast|p1a: Necrozma|[anim] Tera Blast Water
|-damage|p1a: Necrozma|60/100
|
|upkeep
|turn|3
|
|t:|1776111735
|move|p2a: Thundurus|Nasty Plot|p2a: Thundurus
|-boost|p2a: Thundurus|spa|2
|move|p1a: Necrozma|Trick Room|p1a: Necrozma
|-fieldstart|move: Trick Room|[of] p1a: Necrozma
|
|upkeep
|turn|4
|
|t:|1776111742
|move|p1a: Necrozma|Photon Geyser|p2a: Thundurus
|-damage|p2a: Thundurus|23/100
|move|p2a: Thundurus|Tera Blast|p1a: Necrozma|[anim] Tera Blast Water
|-damage|p1a: Necrozma|0 fnt
|faint|p1a: Necrozma
|
|upkeep
|
|t:|1776111757
|switch|p1a: Kingambit|Kingambit, M|100/100
|-activate|p1a: Kingambit|ability: Supreme Overlord
|-start|p1a: Kingambit|fallen1|[silent]
|turn|5
|
|t:|1776111762
|switch|p2a: Great Tusk|Great Tusk|100/100
|move|p1a: Kingambit|Kowtow Cleave|p2a: Great Tusk
|-resisted|p2a: Great Tusk
|-damage|p2a: Great Tusk|75/100
|
|-heal|p2a: Great Tusk|81/100|[from] item: Leftovers
|upkeep
|turn|6
|
|t:|1776111772
|-end|p1a: Kingambit|fallen1|[silent]
|switch|p1a: Pecharunt|Pecharunt|100/100
|-item|p1a: Pecharunt|Air Balloon
|move|p2a: Great Tusk|Ice Spinner|p1a: Pecharunt
|-damage|p1a: Pecharunt|88/100
|-enditem|p1a: Pecharunt|Air Balloon
|
|-heal|p2a: Great Tusk|87/100|[from] item: Leftovers
|upkeep
|turn|7
|
|t:|1776111784
|move|p1a: Pecharunt|Parting Shot|p2a: Great Tusk
|-unboost|p2a: Great Tusk|atk|1
|-unboost|p2a: Great Tusk|spa|1
|
|t:|1776111788
|switch|p1a: Enamorus|Enamorus, F|100/100|[from] Parting Shot
|move|p2a: Great Tusk|Earthquake|p1a: Enamorus
|-immune|p1a: Enamorus
|
|-heal|p2a: Great Tusk|93/100|[from] item: Leftovers
|-fieldend|move: Trick Room
|upkeep
|turn|8
|
|t:|1776111798
|-end|p2a: Great Tusk|Protosynthesis|[silent]
|switch|p2a: Volcanion|Volcanion|100/100
|-terastallize|p1a: Enamorus|Stellar
|move|p1a: Enamorus|Tera Blast|p2a: Volcanion|[anim] Tera Blast Stellar
|-damage|p2a: Volcanion|70/100
|-boost|p1a: Enamorus|atk|1
|-boost|p1a: Enamorus|spa|1
|
|upkeep
|turn|9
|
|t:|1776111811
|switch|p1a: Samurott|Samurott-Hisui, M|100/100
|move|p2a: Volcanion|Sludge Bomb|p1a: Samurott
|-damage|p1a: Samurott|54/100
|
|upkeep
|turn|10
|
|t:|1776111819
|switch|p2a: Landorus|Landorus-Therian, M|100/100
|-ability|p2a: Landorus|Intimidate|boost
|-unboost|p1a: Samurott|atk|1
|move|p1a: Samurott|Ceaseless Edge|p2a: Landorus
|-damage|p2a: Landorus|42/100
|-sidestart|p2: Aleph501!|Spikes
|
|upkeep
|turn|11
|
|t:|1776111829
|move|p2a: Landorus|U-turn|p1a: Samurott
|-supereffective|p1a: Samurott
|-damage|p1a: Samurott|0 fnt
|faint|p1a: Samurott
|
|t:|1776111843
|switch|p2a: Thundurus|Thundurus-Therian, M, tera:Water|23/100|[from] U-turn
|
|upkeep
|
|t:|1776111849
|switch|p1a: Iron Treads|Iron Treads|100/100
|turn|12
|
|t:|1776111855
|move|p1a: Iron Treads|Earthquake|p2a: Thundurus
|-damage|p2a: Thundurus|0 fnt
|faint|p2a: Thundurus
|
|upkeep
|
|t:|1776111868
|switch|p2a: Landorus|Landorus-Therian, M|42/100
|-ability|p2a: Landorus|Intimidate|boost
|-unboost|p1a: Iron Treads|atk|1
|turn|13
|
|t:|1776111875
|-end|p1a: Iron Treads|Quark Drive|[silent]
|switch|p1a: Enamorus|Enamorus, F, tera:Stellar|100/100
|move|p2a: Landorus|U-turn|p1a: Enamorus
|-resisted|p1a: Enamorus
|-damage|p1a: Enamorus|88/100
|
|t:|1776111882
|switch|p2a: Ceruledge|Ceruledge, F|100/100|[from] U-turn
|
|upkeep
|turn|14
|
|t:|1776111888
|move|p1a: Enamorus|Earth Power|p2a: Ceruledge
|-supereffective|p2a: Ceruledge
|-damage|p2a: Ceruledge|13/100
|move|p2a: Ceruledge|Bitter Blade|p1a: Enamorus
|-damage|p1a: Enamorus|7/100
|-heal|p2a: Ceruledge|46/100|[from] drain|[of] p1a: Enamorus
|
|upkeep
|turn|15
|
|t:|1776111897
|switch|p1a: Iron Treads|Iron Treads|100/100
|move|p2a: Ceruledge|Shadow Sneak|p1a: Iron Treads
|-damage|p1a: Iron Treads|81/100
|
|upkeep
|turn|16
|
|t:|1776111904
|switch|p2a: Landorus|Landorus-Therian, M|42/100
|-ability|p2a: Landorus|Intimidate|boost
|-unboost|p1a: Iron Treads|atk|1
|move|p1a: Iron Treads|Earthquake|p2a: Landorus
|-immune|p2a: Landorus
|
|upkeep
|turn|17
|
|t:|1776111913
|move|p2a: Landorus|Earthquake|p1a: Iron Treads
|-supereffective|p1a: Iron Treads
|-damage|p1a: Iron Treads|0 fnt
|faint|p1a: Iron Treads
|-end|p1a: Iron Treads|Quark Drive|[silent]
|
|upkeep
|
|t:|1776111918
|switch|p1a: Enamorus|Enamorus, F, tera:Stellar|7/100
|turn|18
|
|t:|1776111924
|switch|p2a: Ceruledge|Ceruledge, F|46/100
|move|p1a: Enamorus|Tera Blast|p2a: Ceruledge|[anim] Tera Blast Stellar
|-damage|p2a: Ceruledge|8/100
|-boost|p1a: Enamorus|atk|1
|-boost|p1a: Enamorus|spa|1
|
|upkeep
|turn|19
|
|t:|1776111932
|switch|p1a: Kingambit|Kingambit, M|100/100
|-activate|p1a: Kingambit|ability: Supreme Overlord
|-start|p1a: Kingambit|fallen3|[silent]
|move|p2a: Ceruledge|Shadow Sneak|p1a: Kingambit
|-resisted|p1a: Kingambit
|-damage|p1a: Kingambit|92/100
|
|upkeep
|turn|20
|
|t:|1776111940
|switch|p2a: Landorus|Landorus-Therian, M|42/100
|-ability|p2a: Landorus|Intimidate|boost
|-unboost|p1a: Kingambit|atk|1
|move|p1a: Kingambit|Kowtow Cleave|p2a: Landorus
|-damage|p2a: Landorus|0 fnt
|faint|p2a: Landorus
|
|upkeep
|
|t:|1776111954
|switch|p2a: Darkrai|Darkrai|100/100
|-damage|p2a: Darkrai|88/100|[from] Spikes
|turn|21
|
|t:|1776111959
|move|p2a: Darkrai|Calm Mind|p2a: Darkrai
|-boost|p2a: Darkrai|spa|1
|-boost|p2a: Darkrai|spd|1
|move|p1a: Kingambit|Iron Head|p2a: Darkrai
|-damage|p2a: Darkrai|32/100
|
|-heal|p2a: Darkrai|38/100|[from] item: Leftovers
|upkeep
|turn|22
|
|t:|1776111968
|move|p1a: Kingambit|Sucker Punch|p2a: Darkrai
|-resisted|p2a: Darkrai
|-damage|p2a: Darkrai|12/100
|move|p2a: Darkrai|Dark Pulse|p1a: Kingambit
|-resisted|p1a: Kingambit
|-damage|p1a: Kingambit|60/100
|
|-heal|p2a: Darkrai|18/100|[from] item: Leftovers
|upkeep
|turn|23
|
|t:|1776111978
|move|p2a: Darkrai|Ice Beam|p1a: Kingambit
|-resisted|p1a: Kingambit
|-damage|p1a: Kingambit|35/100
|move|p1a: Kingambit|Iron Head|p2a: Darkrai
|-damage|p2a: Darkrai|0 fnt
|faint|p2a: Darkrai
|
|upkeep
|
|t:|1776111987
|switch|p2a: Great Tusk|Great Tusk|93/100
|-damage|p2a: Great Tusk|81/100|[from] Spikes
|turn|24
|
|t:|1776111994
|-end|p1a: Kingambit|fallen3|[silent]
|switch|p1a: Pecharunt|Pecharunt|88/100
|move|p2a: Great Tusk|Close Combat|p1a: Pecharunt
|-immune|p1a: Pecharunt
|
|-heal|p2a: Great Tusk|87/100|[from] item: Leftovers
|upkeep
|turn|25
|
|t:|1776112003
|move|p2a: Great Tusk|Earthquake|p1a: Pecharunt
|-supereffective|p1a: Pecharunt
|-crit|p1a: Pecharunt
|-damage|p1a: Pecharunt|13/100
|move|p1a: Pecharunt|Parting Shot|p2a: Great Tusk
|-unboost|p2a: Great Tusk|atk|1
|-unboost|p2a: Great Tusk|spa|1
|
|t:|1776112010
|switch|p1a: Enamorus|Enamorus, F, tera:Stellar|7/100|[from] Parting Shot
|
|-heal|p2a: Great Tusk|93/100|[from] item: Leftovers
|upkeep
|turn|26
|
|t:|1776112019
|-end|p2a: Great Tusk|Protosynthesis|[silent]
|switch|p2a: Ceruledge|Ceruledge, F|8/100
|move|p1a: Enamorus|Moonblast|p2a: Ceruledge
|-resisted|p2a: Ceruledge
|-damage|p2a: Ceruledge|0 fnt
|faint|p2a: Ceruledge
|
|upkeep
|
|t:|1776112027
|switch|p2a: Volcanion|Volcanion|70/100
|-damage|p2a: Volcanion|58/100|[from] Spikes
|turn|27
|
|t:|1776112033
|switch|p1a: Pecharunt|Pecharunt|13/100
|move|p2a: Volcanion|Flamethrower|p1a: Pecharunt
|-damage|p1a: Pecharunt|0 fnt
|faint|p1a: Pecharunt
|
|upkeep
|
|t:|1776112042
|switch|p1a: Enamorus|Enamorus, F, tera:Stellar|7/100
|turn|28
|
|t:|1776112046
|move|p1a: Enamorus|Earth Power|p2a: Volcanion
|-supereffective|p2a: Volcanion
|-damage|p2a: Volcanion|15/100
|move|p2a: Volcanion|Flamethrower|p1a: Enamorus
|-crit|p1a: Enamorus
|-damage|p1a: Enamorus|0 fnt
|faint|p1a: Enamorus
|
|upkeep
|-message|TapuTeao forfeited.
|
|win|Aleph501!
|raw|TapuTeao's rating: 1328 &rarr; <strong>1309</strong><br />(-19 for losing)
|raw|Aleph501!'s rating: 1342 &rarr; <strong>1361</strong><br />(+19 for winning)
|l|☆TapuTeao
|player|p1|
|l|☆Aleph501!
|player|p2|
