|html|<div class="broadcast-blue"><strong>[Gen 9] OU is currently suspecting Tera Blast! For information on how to participate check out the <a href="https://www.smogon.com/tools/suspects/view/200">suspect thread</a>.</strong></div>
|j|☆vyzz
|j|☆su1tcase
|t:|1776102490
|gametype|singles
|player|p1|vyzz|169|1243
|player|p2|su1tcase|preschooler|1244
|gen|9
|tier|[Gen 9] OU
|rated|
|rule|HP Percentage Mod: HP is shown in percentages
|rule|Endless Battle Clause: Forcing endless battles is banned
|rule|Species Clause: Limit one of each Pokémon
|rule|OHKO Clause: OHKO moves are banned
|rule|Evasion Items Clause: Evasion items are banned
|rule|Evasion Moves Clause: Evasion moves are banned
|rule|Evasion Abilities Clause: Evasion abilities are banned
|rule|Sleep Moves Clause: Sleep-inducing moves are banned
|clearpoke
|poke|p1|Clefable, F|
|poke|p1|Raging Bolt|
|poke|p1|Ogerpon-Wellspring, F|
|poke|p1|Great Tusk|
|poke|p1|Corviknight, F|
|poke|p1|Chandelure, M|
|poke|p2|Great Tusk|
|poke|p2|Slowking-Galar, M|
|poke|p2|Corviknight, M|
|poke|p2|Dragapult, M|
|poke|p2|Lokix, F|
|poke|p2|Alomomola, F|
|teampreview
|inactive|Battle timer is ON: inactive players will automatically lose when time's up. (requested by su1tcase)
|
|t:|1776102517
|teamsize|p1|6
|teamsize|p2|6
|start
|switch|p1a: Clefable|Clefable, F|100/100
|switch|p2a: Dragapult|Dragapult, M|100/100
|turn|1
|
|t:|1776102524
|move|p2a: Dragapult|U-turn|p1a: Clefable
|-resisted|p1a: Clefable
|-damage|p1a: Clefable|90/100
|
|t:|1776102526
|switch|p2a: Corviknight|Corviknight, M|100/100|[from] U-turn
|-ability|p2a: Corviknight|Pressure
|move|p1a: Clefable|Stealth Rock|p2a: Corviknight
|-sidestart|p2: su1tcase|move: Stealth Rock
|
|-heal|p1a: Clefable|96/100|[from] item: Leftovers
|upkeep
|turn|2
|
|t:|1776102534
|switch|p1a: Raging Bolt|Raging Bolt|100/100
|move|p2a: Corviknight|Iron Defense|p2a: Corviknight
|-boost|p2a: Corviknight|def|2
|
|upkeep
|turn|3
|
|t:|1776102539
|switch|p2a: Great Tusk|Great Tusk|100/100
|move|p1a: Raging Bolt|Draco Meteor|p2a: Great Tusk|[miss]
|-miss|p1a: Raging Bolt|p2a: Great Tusk
|
|upkeep
|turn|4
|
|t:|1776102556
|-end|p1a: Raging Bolt|Protosynthesis|[silent]
|switch|p1a: Corviknight|Corviknight, F|100/100
|move|p2a: Great Tusk|Stealth Rock|p1a: Corviknight
|-sidestart|p1: vyzz|move: Stealth Rock
|
|upkeep
|turn|5
|
|t:|1776102563
|move|p2a: Great Tusk|Rapid Spin|p1a: Corviknight
|-resisted|p1a: Corviknight
|-damage|p1a: Corviknight|94/100
|-boost|p2a: Great Tusk|spe|1
|-damage|p2a: Great Tusk|84/100|[from] item: Rocky Helmet|[of] p1a: Corviknight
|-sideend|p2: su1tcase|Stealth Rock|[from] move: Rapid Spin|[of] p2a: Great Tusk
|move|p1a: Corviknight|Iron Defense|p1a: Corviknight
|-boost|p1a: Corviknight|def|2
|
|upkeep
|turn|6
|
|t:|1776102587
|-end|p2a: Great Tusk|Protosynthesis|[silent]
|switch|p2a: Corviknight|Corviknight, M|100/100
|-ability|p2a: Corviknight|Pressure
|move|p1a: Corviknight|Brave Bird|p2a: Corviknight
|-resisted|p2a: Corviknight
|-damage|p2a: Corviknight|89/100
|-damage|p1a: Corviknight|90/100|[from] Recoil
|
|-heal|p2a: Corviknight|95/100|[from] item: Leftovers
|upkeep
|turn|7
|
|t:|1776102598
|move|p1a: Corviknight|Iron Defense|p1a: Corviknight
|-boost|p1a: Corviknight|def|2
|move|p2a: Corviknight|Body Press|p1a: Corviknight
|-damage|p1a: Corviknight|83/100
|-damage|p2a: Corviknight|78/100|[from] item: Rocky Helmet|[of] p1a: Corviknight
|
|-heal|p2a: Corviknight|84/100|[from] item: Leftovers
|upkeep
|turn|8
|
|t:|1776102601
|move|p1a: Corviknight|Iron Defense|p1a: Corviknight
|-boost|p1a: Corviknight|def|2
|move|p2a: Corviknight|Iron Defense|p2a: Corviknight
|-boost|p2a: Corviknight|def|2
|
|-heal|p2a: Corviknight|90/100|[from] item: Leftovers
|upkeep
|turn|9
|
|t:|1776102604
|move|p2a: Corviknight|Iron Defense|p2a: Corviknight
|-boost|p2a: Corviknight|def|2
|move|p1a: Corviknight|Body Press|p2a: Corviknight
|-damage|p2a: Corviknight|75/100
|
|-heal|p2a: Corviknight|81/100|[from] item: Leftovers
|upkeep
|turn|10
|
|t:|1776102609
|move|p2a: Corviknight|Iron Defense|p2a: Corviknight
|-boost|p2a: Corviknight|def|2
|move|p1a: Corviknight|Body Press|p2a: Corviknight
|-damage|p2a: Corviknight|69/100
|
|-heal|p2a: Corviknight|75/100|[from] item: Leftovers
|upkeep
|turn|11
|
|t:|1776102612
|move|p2a: Corviknight|Body Press|p1a: Corviknight
|-damage|p1a: Corviknight|61/100
|-damage|p2a: Corviknight|59/100|[from] item: Rocky Helmet|[of] p1a: Corviknight
|move|p1a: Corviknight|Body Press|p2a: Corviknight
|-damage|p2a: Corviknight|48/100
|
|-heal|p2a: Corviknight|54/100|[from] item: Leftovers
|upkeep
|turn|12
|
|t:|1776102620
|move|p2a: Corviknight|Roost|p2a: Corviknight
|-heal|p2a: Corviknight|100/100
|-singleturn|p2a: Corviknight|move: Roost
|move|p1a: Corviknight|Body Press|p2a: Corviknight
|-supereffective|p2a: Corviknight
|-damage|p2a: Corviknight|75/100
|
|-heal|p2a: Corviknight|81/100|[from] item: Leftovers
|upkeep
|turn|13
|
|t:|1776102631
|move|p1a: Corviknight|Roost|p1a: Corviknight
|-heal|p1a: Corviknight|100/100
|-singleturn|p1a: Corviknight|move: Roost
|move|p2a: Corviknight|Body Press|p1a: Corviknight
|-supereffective|p1a: Corviknight
|-damage|p1a: Corviknight|59/100
|-damage|p2a: Corviknight|65/100|[from] item: Rocky Helmet|[of] p1a: Corviknight
|
|-heal|p2a: Corviknight|71/100|[from] item: Leftovers
|upkeep
|turn|14
|
|t:|1776102641
|switch|p1a: Chandelure|Chandelure, M|100/100
|-damage|p1a: Chandelure|76/100|[from] Stealth Rock
|move|p2a: Corviknight|Body Press|p1a: Chandelure
|-immune|p1a: Chandelure
|
|-heal|p2a: Corviknight|77/100|[from] item: Leftovers
|upkeep
|turn|15
|
|t:|1776102651
|switch|p2a: Alomomola|Alomomola, F|100/100
|move|p1a: Chandelure|Shadow Ball|p2a: Alomomola
|-damage|p2a: Alomomola|62/100
|
|upkeep
|turn|16
|
|t:|1776102660
|switch|p1a: Great Tusk|Great Tusk|100/100
|-damage|p1a: Great Tusk|98/100|[from] Stealth Rock
|move|p2a: Alomomola|Wish|p2a: Alomomola
|
|-heal|p1a: Great Tusk|100/100|[from] item: Leftovers
|upkeep
|turn|17
|
|t:|1776102667
|move|p1a: Great Tusk|Ice Spinner|p2a: Alomomola
|-resisted|p2a: Alomomola
|-damage|p2a: Alomomola|53/100
|move|p2a: Alomomola|Scald|p1a: Great Tusk
|-supereffective|p1a: Great Tusk
|-damage|p1a: Great Tusk|55/100
|
|-heal|p2a: Alomomola|100/100|[from] move: Wish|[wisher] Alomomola
|-heal|p1a: Great Tusk|61/100|[from] item: Leftovers
|upkeep
|turn|18
|
|t:|1776102681
|move|p1a: Great Tusk|Rapid Spin|p2a: Alomomola
|-damage|p2a: Alomomola|88/100
|-boost|p1a: Great Tusk|spe|1
|-sideend|p1: vyzz|Stealth Rock|[from] move: Rapid Spin|[of] p1a: Great Tusk
|move|p2a: Alomomola|Scald|p1a: Great Tusk
|-supereffective|p1a: Great Tusk
|-damage|p1a: Great Tusk|19/100
|-status|p1a: Great Tusk|brn
|
|-heal|p1a: Great Tusk|25/100 brn|[from] item: Leftovers
|-damage|p1a: Great Tusk|19/100 brn|[from] brn
|upkeep
|turn|19
|
|t:|1776102695
|move|p1a: Great Tusk|Headlong Rush|p2a: Alomomola
|-damage|p2a: Alomomola|68/100
|-unboost|p1a: Great Tusk|def|1
|-unboost|p1a: Great Tusk|spd|1
|move|p2a: Alomomola|Flip Turn|p1a: Great Tusk
|-supereffective|p1a: Great Tusk
|-damage|p1a: Great Tusk|0 fnt
|faint|p1a: Great Tusk
|-end|p1a: Great Tusk|Protosynthesis|[silent]
|
|t:|1776102701
|switch|p2a: Lokix|Lokix, F|100/100|[from] Flip Turn
|
|upkeep
|
|t:|1776102706
|switch|p1a: Chandelure|Chandelure, M|76/100
|turn|20
|
|t:|1776102719
|move|p2a: Lokix|Sucker Punch|p1a: Chandelure
|-supereffective|p1a: Chandelure
|-damage|p1a: Chandelure|0 fnt
|faint|p1a: Chandelure
|
|upkeep
|
|t:|1776102726
|switch|p1a: Ogerpon|Ogerpon-Wellspring, F|100/100
|turn|21
|
|t:|1776102735
|switch|p2a: Corviknight|Corviknight, M|77/100
|-ability|p2a: Corviknight|Pressure
|move|p1a: Ogerpon|Play Rough|p2a: Corviknight
|-resisted|p2a: Corviknight
|-damage|p2a: Corviknight|66/100
|
|-heal|p2a: Corviknight|72/100|[from] item: Leftovers
|upkeep
|turn|22
|
|t:|1776102740
|move|p1a: Ogerpon|Ivy Cudgel|p2a: Corviknight|[anim] Ivy Cudgel Water
|-damage|p2a: Corviknight|36/100
|move|p2a: Corviknight|U-turn|p1a: Ogerpon
|-supereffective|p1a: Ogerpon
|-damage|p1a: Ogerpon|65/100
|
|t:|1776102745
|switch|p2a: Lokix|Lokix, F|100/100|[from] U-turn
|
|upkeep
|turn|23
|
|t:|1776102751
|switch|p1a: Corviknight|Corviknight, F|59/100
|move|p2a: Lokix|U-turn|p1a: Corviknight
|-resisted|p1a: Corviknight
|-damage|p1a: Corviknight|40/100
|-damage|p2a: Lokix|84/100|[from] item: Rocky Helmet|[of] p1a: Corviknight
|
|t:|1776102764
|switch|p2a: Alomomola|Alomomola, F|100/100|[from] U-turn
|
|upkeep
|turn|24
|
|t:|1776102768
|move|p1a: Corviknight|Roost|p1a: Corviknight
|-heal|p1a: Corviknight|90/100
|-singleturn|p1a: Corviknight|move: Roost
|move|p2a: Alomomola|Wish|p2a: Alomomola
|
|upkeep
|turn|25
|
|t:|1776102771
|switch|p1a: Raging Bolt|Raging Bolt|100/100
|move|p2a: Alomomola|Flip Turn|p1a: Raging Bolt
|-resisted|p1a: Raging Bolt
|-damage|p1a: Raging Bolt|93/100
|
|t:|1776102792
|switch|p2a: Dragapult|Dragapult, M|100/100|[from] Flip Turn
|
|upkeep
|turn|26
|
|t:|1776102796
|-terastallize|p1a: Raging Bolt|Fairy
|move|p2a: Dragapult|Draco Meteor|p1a: Raging Bolt
|-immune|p1a: Raging Bolt
|move|p1a: Raging Bolt|Draco Meteor|p2a: Dragapult
|-supereffective|p2a: Dragapult
|-damage|p2a: Dragapult|0 fnt
|-unboost|p1a: Raging Bolt|spa|2
|faint|p2a: Dragapult
|
|upkeep
|
|t:|1776102815
|switch|p2a: Lokix|Lokix, F|84/100
|turn|27
|
|t:|1776102819
|-end|p1a: Raging Bolt|Protosynthesis|[silent]
|switch|p1a: Corviknight|Corviknight, F|90/100
|move|p2a: Lokix|Knock Off|p1a: Corviknight
|-damage|p1a: Corviknight|33/100
|-damage|p2a: Lokix|67/100|[from] item: Rocky Helmet|[of] p1a: Corviknight
|-enditem|p1a: Corviknight|Rocky Helmet|[from] move: Knock Off|[of] p2a: Lokix
|
|upkeep
|turn|28
|
|t:|1776102829
|switch|p2a: Slowking|Slowking-Galar, M|100/100
|move|p1a: Corviknight|Roost|p1a: Corviknight
|-heal|p1a: Corviknight|83/100
|-singleturn|p1a: Corviknight|move: Roost
|
|upkeep
|turn|29
|
|t:|1776102840
|move|p1a: Corviknight|Iron Defense|p1a: Corviknight
|-boost|p1a: Corviknight|def|2
|move|p2a: Slowking|Future Sight|p1a: Corviknight
|-start|p2a: Slowking|move: Future Sight
|
|upkeep
|turn|30
|
|t:|1776102844
|move|p1a: Corviknight|Iron Defense|p1a: Corviknight
|-boost|p1a: Corviknight|def|2
|-prepare|p2a: Slowking|Chilly Reception|[premajor]
|move|p2a: Slowking|Chilly Reception|p2a: Slowking
|-weather|Snowscape
|
|t:|1776102848
|switch|p2a: Alomomola|Alomomola, F|100/100|[from] Chilly Reception
|
|-weather|Snowscape|[upkeep]
|upkeep
|turn|31
|
|t:|1776102853
|move|p1a: Corviknight|Body Press|p2a: Alomomola
|-damage|p2a: Alomomola|60/100
|move|p2a: Alomomola|Wish|p2a: Alomomola
|
|-weather|Snowscape|[upkeep]
|-end|p1a: Corviknight|move: Future Sight
|-resisted|p1a: Corviknight
|-damage|p1a: Corviknight|66/100
|upkeep
|turn|32
|
|t:|1776102861
|move|p1a: Corviknight|Body Press|p2a: Alomomola
|-damage|p2a: Alomomola|25/100
|move|p2a: Alomomola|Flip Turn|p1a: Corviknight
|-damage|p1a: Corviknight|62/100
|
|t:|1776102864
|switch|p2a: Corviknight|Corviknight, M|36/100|[from] Flip Turn
|-ability|p2a: Corviknight|Pressure
|
|-weather|Snowscape|[upkeep]
|-heal|p2a: Corviknight|95/100|[from] move: Wish|[wisher] Alomomola
|-heal|p2a: Corviknight|100/100|[from] item: Leftovers
|upkeep
|turn|33
|
|t:|1776102868
|move|p1a: Corviknight|Body Press|p2a: Corviknight
|-damage|p2a: Corviknight|63/100
|move|p2a: Corviknight|Iron Defense|p2a: Corviknight
|-boost|p2a: Corviknight|def|2
|
|-weather|Snowscape|[upkeep]
|-heal|p2a: Corviknight|69/100|[from] item: Leftovers
|upkeep
|turn|34
|
|t:|1776102871
|switch|p1a: Raging Bolt|Raging Bolt, tera:Fairy|93/100
|move|p2a: Corviknight|Iron Defense|p2a: Corviknight
|-boost|p2a: Corviknight|def|2
|
|-weather|none
|-heal|p2a: Corviknight|75/100|[from] item: Leftovers
|upkeep
|turn|35
|
|t:|1776102881
|switch|p2a: Slowking|Slowking-Galar, M|100/100
|move|p1a: Raging Bolt|Volt Switch|p2a: Slowking
|-damage|p2a: Slowking|66/100
|
|t:|1776102885
|-end|p1a: Raging Bolt|Protosynthesis|[silent]
|switch|p1a: Ogerpon|Ogerpon-Wellspring, F|65/100|[from] Volt Switch
|
|upkeep
|turn|36
|
|t:|1776102894
|switch|p2a: Corviknight|Corviknight, M|75/100
|-ability|p2a: Corviknight|Pressure
|move|p1a: Ogerpon|Ivy Cudgel|p2a: Corviknight|[anim] Ivy Cudgel Water
|-damage|p2a: Corviknight|41/100
|
|-heal|p2a: Corviknight|47/100|[from] item: Leftovers
|upkeep
|turn|37
|
|t:|1776102900
|move|p1a: Ogerpon|Ivy Cudgel|p2a: Corviknight|[anim] Ivy Cudgel Water
|-damage|p2a: Corviknight|11/100
|move|p2a: Corviknight|Roost|p2a: Corviknight
|-heal|p2a: Corviknight|61/100
|-singleturn|p2a: Corviknight|move: Roost
|
|-heal|p2a: Corviknight|67/100|[from] item: Leftovers
|upkeep
|turn|38
|
|t:|1776102904
|switch|p1a: Corviknight|Corviknight, F|62/100
|move|p2a: Corviknight|Roost|p2a: Corviknight
|-heal|p2a: Corviknight|100/100
|-singleturn|p2a: Corviknight|move: Roost
|
|upkeep
|turn|39
|
|t:|1776102913
|switch|p1a: Raging Bolt|Raging Bolt, tera:Fairy|93/100
|move|p2a: Corviknight|Iron Defense|p2a: Corviknight
|-boost|p2a: Corviknight|def|2
|
|upkeep
|turn|40
|
|t:|1776102919
|switch|p2a: Great Tusk|Great Tusk|84/100
|move|p1a: Raging Bolt|Draco Meteor|p2a: Great Tusk
|-damage|p2a: Great Tusk|0 fnt
|-unboost|p1a: Raging Bolt|spa|2
|faint|p2a: Great Tusk
|-end|p2a: Great Tusk|Protosynthesis|[silent]
|
|upkeep
|
|t:|1776102929
|switch|p2a: Lokix|Lokix, F|67/100
|turn|41
|
|t:|1776102932
|-end|p1a: Raging Bolt|Protosynthesis|[silent]
|switch|p1a: Corviknight|Corviknight, F|62/100
|move|p2a: Lokix|U-turn|p1a: Corviknight
|-resisted|p1a: Corviknight
|-damage|p1a: Corviknight|40/100
|
|t:|1776102947
|switch|p2a: Corviknight|Corviknight, M|100/100|[from] U-turn
|-ability|p2a: Corviknight|Pressure
|
|upkeep
|turn|42
|
|t:|1776102955
|move|p2a: Corviknight|U-turn|p1a: Corviknight
|-resisted|p1a: Corviknight
|-damage|p1a: Corviknight|37/100
|
|t:|1776102973
|switch|p2a: Slowking|Slowking-Galar, M|99/100|[from] U-turn
|move|p1a: Corviknight|Roost|p1a: Corviknight
|-heal|p1a: Corviknight|87/100
|-singleturn|p1a: Corviknight|move: Roost
|
|upkeep
|turn|43
|
|t:|1776102988
|switch|p1a: Clefable|Clefable, F|96/100
|move|p2a: Slowking|Toxic|p1a: Clefable
|-status|p1a: Clefable|tox
|
|-heal|p1a: Clefable|100/100 tox|[from] item: Leftovers
|-damage|p1a: Clefable|94/100 tox|[from] psn
|upkeep
|turn|44
|
|t:|1776102996
|move|p1a: Clefable|Stealth Rock|p2a: Slowking
|-sidestart|p2: su1tcase|move: Stealth Rock
|move|p2a: Slowking|Future Sight|p1a: Clefable
|-start|p2a: Slowking|move: Future Sight
|
|-heal|p1a: Clefable|100/100 tox|[from] item: Leftovers
|-damage|p1a: Clefable|88/100 tox|[from] psn
|upkeep
|turn|45
|
|t:|1776103002
|move|p1a: Clefable|Wish|p1a: Clefable
|move|p2a: Slowking|Ice Beam|p1a: Clefable
|-damage|p1a: Clefable|72/100 tox
|
|-heal|p1a: Clefable|78/100 tox|[from] item: Leftovers
|-damage|p1a: Clefable|60/100 tox|[from] psn
|upkeep
|turn|46
|
|t:|1776103012
|move|p1a: Clefable|Moonlight|p1a: Clefable
|-heal|p1a: Clefable|100/100 tox
|-prepare|p2a: Slowking|Chilly Reception|[premajor]
|move|p2a: Slowking|Chilly Reception|p2a: Slowking
|-weather|Snowscape
|
|t:|1776103031
|switch|p2a: Alomomola|Alomomola, F|59/100|[from] Chilly Reception
|
|-weather|Snowscape|[upkeep]
|-end|p1a: Clefable|move: Future Sight
|-damage|p1a: Clefable|69/100 tox
|-heal|p1a: Clefable|100/100 tox|[from] move: Wish|[wisher] Clefable
|-damage|p1a: Clefable|76/100 tox|[from] psn
|upkeep
|turn|47
|
|t:|1776103035
|move|p1a: Clefable|Wish|p1a: Clefable
|move|p2a: Alomomola|Wish|p2a: Alomomola
|
|-weather|Snowscape|[upkeep]
|-heal|p1a: Clefable|82/100 tox|[from] item: Leftovers
|-damage|p1a: Clefable|52/100 tox|[from] psn
|upkeep
|turn|48
|
|t:|1776103046
|switch|p1a: Raging Bolt|Raging Bolt, tera:Fairy|93/100
|move|p2a: Alomomola|Flip Turn|p1a: Raging Bolt
|-damage|p1a: Raging Bolt|77/100
|
|t:|1776103048
|switch|p2a: Lokix|Lokix, F|67/100|[from] Flip Turn
|-damage|p2a: Lokix|43/100|[from] Stealth Rock
|
|-weather|Snowscape|[upkeep]
|-heal|p2a: Lokix|100/100|[from] move: Wish|[wisher] Alomomola
|-heal|p1a: Raging Bolt|100/100|[from] move: Wish|[wisher] Clefable
|upkeep
|turn|49
|
|t:|1776103064
|-end|p1a: Raging Bolt|Protosynthesis|[silent]
|switch|p1a: Corviknight|Corviknight, F|87/100
|move|p2a: Lokix|U-turn|p1a: Corviknight
|-resisted|p1a: Corviknight
|-damage|p1a: Corviknight|65/100
|
|t:|1776103078
|switch|p2a: Slowking|Slowking-Galar, M|100/100|[from] U-turn
|
|-weather|Snowscape|[upkeep]
|upkeep
|turn|50
|
|t:|1776103081
|switch|p1a: Clefable|Clefable, F|52/100 tox
|move|p2a: Slowking|Toxic|p1a: Clefable
|-fail|p1a: Clefable|tox
|
|-weather|none
|-heal|p1a: Clefable|58/100 tox|[from] item: Leftovers
|-damage|p1a: Clefable|52/100 tox|[from] psn
|upkeep
|turn|51
|
|t:|1776103088
|move|p1a: Clefable|Moonlight|p1a: Clefable
|-heal|p1a: Clefable|100/100 tox
|move|p2a: Slowking|Future Sight|p1a: Clefable
|-start|p2a: Slowking|move: Future Sight
|
|-damage|p1a: Clefable|88/100 tox|[from] psn
|upkeep
|turn|52
|
|t:|1776103092
|move|p1a: Clefable|Wish|p1a: Clefable
|-prepare|p2a: Slowking|Chilly Reception|[premajor]
|move|p2a: Slowking|Chilly Reception|p2a: Slowking
|-weather|Snowscape
|
|t:|1776103099
|switch|p2a: Lokix|Lokix, F|100/100|[from] Chilly Reception
|-damage|p2a: Lokix|76/100|[from] Stealth Rock
|
|-weather|Snowscape|[upkeep]
|-heal|p1a: Clefable|94/100 tox|[from] item: Leftovers
|-damage|p1a: Clefable|76/100 tox|[from] psn
|upkeep
|turn|53
|
|t:|1776103102
|move|p2a: Lokix|Knock Off|p1a: Clefable
|-resisted|p1a: Clefable
|-damage|p1a: Clefable|0 fnt
|-enditem|p1a: Clefable|Leftovers|[from] move: Knock Off|[of] p2a: Lokix
|faint|p1a: Clefable
|
|-weather|Snowscape|[upkeep]
|-hint|Future Sight did not hit because the target is fainted.
|upkeep
|
|t:|1776103108
|switch|p1a: Raging Bolt|Raging Bolt, tera:Fairy|100/100
|turn|54
|
|t:|1776103117
|move|p2a: Lokix|Knock Off|p1a: Raging Bolt
|-resisted|p1a: Raging Bolt
|-damage|p1a: Raging Bolt|36/100
|-enditem|p1a: Raging Bolt|Choice Specs|[from] move: Knock Off|[of] p2a: Lokix
|move|p1a: Raging Bolt|Thunderbolt|p2a: Lokix
|-damage|p2a: Lokix|0 fnt
|faint|p2a: Lokix
|
|-weather|Snowscape|[upkeep]
|upkeep
|inactive|su1tcase has 120 seconds left.
|
|t:|1776103162
|switch|p2a: Slowking|Slowking-Galar, M|100/100
|turn|55
|
|t:|1776103174
|move|p1a: Raging Bolt|Volt Switch|p2a: Slowking
|-damage|p2a: Slowking|75/100
|
|t:|1776103178
|-end|p1a: Raging Bolt|Protosynthesis|[silent]
|switch|p1a: Ogerpon|Ogerpon-Wellspring, F|65/100|[from] Volt Switch
|move|p2a: Slowking|Ice Beam|p1a: Ogerpon
|-damage|p1a: Ogerpon|40/100
|
|-weather|Snowscape|[upkeep]
|upkeep
|turn|56
|
|t:|1776103188
|switch|p2a: Corviknight|Corviknight, M|100/100
|-damage|p2a: Corviknight|88/100|[from] Stealth Rock
|-ability|p2a: Corviknight|Pressure
|move|p1a: Ogerpon|Swords Dance|p1a: Ogerpon
|-boost|p1a: Ogerpon|atk|2
|
|-weather|none
|-heal|p2a: Corviknight|94/100|[from] item: Leftovers
|upkeep
|turn|57
|
|t:|1776103195
|move|p1a: Ogerpon|Ivy Cudgel|p2a: Corviknight|[anim] Ivy Cudgel Water
|-crit|p2a: Corviknight
|-damage|p2a: Corviknight|0 fnt
|faint|p2a: Corviknight
|
|upkeep
|
|t:|1776103206
|switch|p2a: Slowking|Slowking-Galar, M|100/100
|turn|58
|
|t:|1776103214
|-terastallize|p2a: Slowking|Water
|move|p1a: Ogerpon|Ivy Cudgel|p2a: Slowking|[anim] Ivy Cudgel Water
|-resisted|p2a: Slowking
|-damage|p2a: Slowking|40/100
|move|p2a: Slowking|Ice Beam|p1a: Ogerpon
|-damage|p1a: Ogerpon|13/100
|
|upkeep
|turn|59
|inactive|su1tcase has 120 seconds left.
|
|t:|1776103220
|move|p1a: Ogerpon|Horn Leech|p2a: Slowking
|-supereffective|p2a: Slowking
|-damage|p2a: Slowking|0 fnt
|-heal|p1a: Ogerpon|40/100|[from] drain|[of] p2a: Slowking
|faint|p2a: Slowking
|
|upkeep
|
|t:|1776103224
|switch|p2a: Alomomola|Alomomola, F|92/100
|turn|60
|
|t:|1776103229
|move|p1a: Ogerpon|Horn Leech|p2a: Alomomola
|-supereffective|p2a: Alomomola
|-damage|p2a: Alomomola|0 fnt
|-heal|p1a: Ogerpon|100/100|[from] drain|[of] p2a: Alomomola
|faint|p2a: Alomomola
|
|win|vyzz
|raw|vyzz's rating: 1243 &rarr; <strong>1268</strong><br />(+25 for winning)
|raw|su1tcase's rating: 1244 &rarr; <strong>1219</strong><br />(-25 for losing)
|l|☆su1tcase
|player|p2|
|l|☆vyzz
|player|p1|
