|html|<div class="broadcast-blue"><strong>[Gen 9] OU is currently suspecting Volcarona! For information on how to participate check out the <a href="https://www.smogon.com/tools/suspects/view/208">suspect thread</a>.</strong></div>
|j|‽mrbungleberry
|j|☆ipla-tastico
|t:|1778503772
|gametype|singles
|player|p1|mrbungleberry|170|1113
|player|p2|ipla-tastico|scientist-gen4dp|1121
|gen|9
|tier|[Gen 9] OU
|rated|
|rule|HP Percentage Mod: HP is shown in percentages
|rule|Endless Battle Clause: Forcing endless battles is banned
|rule|Species Clause: Limit one of each Pokémon
|rule|OHKO Clause: OHKO moves are banned
|rule|Evasion Items Clause: Evasion items are banned
|rule|Evasion Moves Clause: Evasion moves are banned
|rule|Evasion Abilities Clause: Evasion abilities are banned
|rule|Sleep Moves Clause: Sleep-inducing moves are banned
|clearpoke
|poke|p1|Zapdos|
|poke|p1|Pelipper, F|
|poke|p1|Barraskewda, F|
|poke|p1|Glimmora, F|
|poke|p1|Raging Bolt|
|poke|p1|Kingambit, F|
|poke|p2|Samurott-Hisui, M|
|poke|p2|Dragonite, F|
|poke|p2|Kingambit, M|
|poke|p2|Iron Moth|
|poke|p2|Iron Valiant|
|poke|p2|Moltres-Galar|
|teampreview
|inactive|Battle timer is ON: inactive players will automatically lose when time's up. (requested by ipla-tastico)
|
|t:|1778503780
|teamsize|p1|6
|teamsize|p2|6
|start
|switch|p1a: Glimmora|Glimmora, F|100/100
|switch|p2a: Samurott|Samurott-Hisui, M|100/100
|turn|1
|
|t:|1778503786
|move|p1a: Glimmora|Stealth Rock|p2a: Samurott
|-sidestart|p2: ipla-tastico|move: Stealth Rock
|move|p2a: Samurott|Razor Shell|p1a: Glimmora
|-supereffective|p1a: Glimmora
|-enditem|p1a: Glimmora|Focus Sash
|-damage|p1a: Glimmora|1/100
|-activate|p1a: Glimmora|ability: Toxic Debris
|-sidestart|p2: ipla-tastico|move: Toxic Spikes
|
|upkeep
|turn|2
|
|t:|1778503794
|move|p1a: Glimmora|Power Gem|p2a: Samurott
|-damage|p2a: Samurott|41/100
|move|p2a: Samurott|Ceaseless Edge|p1a: Glimmora
|-damage|p1a: Glimmora|0 fnt
|-activate|p1a: Glimmora|ability: Toxic Debris
|-sidestart|p2: ipla-tastico|move: Toxic Spikes
|-sidestart|p1: mrbungleberry|Spikes
|faint|p1a: Glimmora
|
|upkeep
|
|t:|1778503804
|switch|p1a: Pelipper|Pelipper, F|100/100
|-weather|RainDance|[from] ability: Drizzle|[of] p1a: Pelipper
|turn|3
|
|t:|1778503815
|move|p2a: Samurott|Ceaseless Edge|p1a: Pelipper
|-damage|p1a: Pelipper|63/100
|-sidestart|p1: mrbungleberry|Spikes
|move|p1a: Pelipper|Hurricane|p2a: Samurott
|-damage|p2a: Samurott|0 fnt
|faint|p2a: Samurott
|
|-weather|RainDance|[upkeep]
|upkeep
|
|t:|1778503823
|switch|p2a: Iron Moth|Iron Moth|100/100
|-damage|p2a: Iron Moth|76/100|[from] Stealth Rock
|-sideend|p2: ipla-tastico|move: Toxic Spikes|[of] p2a: Iron Moth
|-enditem|p2a: Iron Moth|Booster Energy
|-activate|p2a: Iron Moth|ability: Quark Drive|[fromitem]
|-start|p2a: Iron Moth|quarkdrivespe
|turn|4
|
|t:|1778503832
|move|p2a: Iron Moth|Sludge Wave|p1a: Pelipper
|-damage|p1a: Pelipper|0 fnt
|faint|p1a: Pelipper
|
|-weather|RainDance|[upkeep]
|upkeep
|
|t:|1778503842
|switch|p1a: Barraskewda|Barraskewda, F|100/100
|-damage|p1a: Barraskewda|84/100|[from] Spikes
|turn|5
|
|t:|1778503849
|-terastallize|p1a: Barraskewda|Water
|move|p1a: Barraskewda|Liquidation|p2a: Iron Moth
|-supereffective|p2a: Iron Moth
|-damage|p2a: Iron Moth|0 fnt
|faint|p2a: Iron Moth
|-end|p2a: Iron Moth|Quark Drive|[silent]
|
|-weather|RainDance|[upkeep]
|upkeep
|
|t:|1778503867
|switch|p2a: Moltres|Moltres-Galar|100/100
|-damage|p2a: Moltres|76/100|[from] Stealth Rock
|turn|6
|
|t:|1778503872
|move|p1a: Barraskewda|Liquidation|p2a: Moltres
|-damage|p2a: Moltres|0 fnt
|faint|p2a: Moltres
|
|-weather|RainDance|[upkeep]
|upkeep
|
|t:|1778503877
|switch|p2a: Dragonite|Dragonite, F|100/100
|turn|7
|
|t:|1778503891
|switch|p1a: Zapdos|Zapdos|100/100
|move|p2a: Dragonite|Dragon Dance|p2a: Dragonite
|-boost|p2a: Dragonite|atk|1
|-boost|p2a: Dragonite|spe|1
|
|-weather|RainDance|[upkeep]
|upkeep
|turn|8
|
|t:|1778503902
|move|p2a: Dragonite|Dragon Dance|p2a: Dragonite
|-boost|p2a: Dragonite|atk|1
|-boost|p2a: Dragonite|spe|1
|move|p1a: Zapdos|Thunder|p2a: Dragonite
|-damage|p2a: Dragonite|69/100
|-status|p2a: Dragonite|par
|
|-weather|RainDance|[upkeep]
|upkeep
|turn|9
|
|t:|1778503912
|move|p1a: Zapdos|Thunder|p2a: Dragonite
|-damage|p2a: Dragonite|13/100 par
|move|p2a: Dragonite|Outrage|p1a: Zapdos
|-damage|p1a: Zapdos|0 fnt
|faint|p1a: Zapdos
|
|-weather|RainDance|[upkeep]
|upkeep
|
|t:|1778503919
|switch|p1a: Barraskewda|Barraskewda, F, tera:Water|84/100
|-damage|p1a: Barraskewda|68/100|[from] Spikes
|turn|10
|
|t:|1778503923
|move|p1a: Barraskewda|Liquidation|p2a: Dragonite
|-resisted|p2a: Dragonite
|-damage|p2a: Dragonite|0 fnt
|faint|p2a: Dragonite
|
|-weather|none
|upkeep
|
|t:|1778503929
|switch|p2a: Iron Valiant|Iron Valiant|100/100
|-damage|p2a: Iron Valiant|94/100|[from] Stealth Rock
|-enditem|p2a: Iron Valiant|Booster Energy
|-activate|p2a: Iron Valiant|ability: Quark Drive|[fromitem]
|-start|p2a: Iron Valiant|quarkdrivespe
|turn|11
|
|t:|1778503938
|move|p2a: Iron Valiant|Moonblast|p1a: Barraskewda
|-damage|p1a: Barraskewda|0 fnt
|faint|p1a: Barraskewda
|
|upkeep
|
|t:|1778503944
|switch|p1a: Kingambit|Kingambit, F|100/100
|-damage|p1a: Kingambit|84/100|[from] Spikes
|-activate|p1a: Kingambit|ability: Supreme Overlord
|-start|p1a: Kingambit|fallen4|[silent]
|turn|12
|
|t:|1778503953
|move|p2a: Iron Valiant|Close Combat|p1a: Kingambit
|-supereffective|p1a: Kingambit
|-damage|p1a: Kingambit|0 fnt
|-unboost|p2a: Iron Valiant|def|1
|-unboost|p2a: Iron Valiant|spd|1
|faint|p1a: Kingambit
|-end|p1a: Kingambit|fallen4|[silent]
|
|upkeep
|
|t:|1778503956
|switch|p1a: Raging Bolt|Raging Bolt|100/100
|-damage|p1a: Raging Bolt|84/100|[from] Spikes
|-enditem|p1a: Raging Bolt|Booster Energy
|-activate|p1a: Raging Bolt|ability: Protosynthesis|[fromitem]
|-start|p1a: Raging Bolt|protosynthesisspa
|turn|13
|
|t:|1778503981
|-terastallize|p2a: Iron Valiant|Steel
|move|p1a: Raging Bolt|Thunderclap|p2a: Iron Valiant
|-damage|p2a: Iron Valiant|0 fnt
|faint|p2a: Iron Valiant
|-end|p2a: Iron Valiant|Quark Drive|[silent]
|
|upkeep
|
|t:|1778503986
|switch|p2a: Kingambit|Kingambit, M|100/100
|-damage|p2a: Kingambit|94/100|[from] Stealth Rock
|-activate|p2a: Kingambit|ability: Supreme Overlord
|-start|p2a: Kingambit|fallen5|[silent]
|-item|p2a: Kingambit|Air Balloon
|turn|14
|
|t:|1778503995
|move|p1a: Raging Bolt|Thunderclap|p2a: Kingambit
|-damage|p2a: Kingambit|42/100
|-enditem|p2a: Kingambit|Air Balloon
|move|p2a: Kingambit|Low Kick|p1a: Raging Bolt
|-damage|p1a: Raging Bolt|13/100
|
|upkeep
|turn|15
|
|t:|1778504005
|move|p1a: Raging Bolt|Thunderclap|p2a: Kingambit
|-crit|p2a: Kingambit
|-damage|p2a: Kingambit|0 fnt
|faint|p2a: Kingambit
|-end|p2a: Kingambit|fallen5|[silent]
|
|win|mrbungleberry
|raw|mrbungleberry's rating: 1113 &rarr; <strong>1139</strong><br />(+26 for winning)
|raw|ipla-tastico's rating: 1121 &rarr; <strong>1095</strong><br />(-26 for losing)
