|html|<div class="broadcast-blue"><strong>[Gen 9] OU is currently suspecting Tera Blast! For information on how to participate check out the <a href="https://www.smogon.com/tools/suspects/view/200">suspect thread</a>.</strong></div>
|j|☆hunter clarkson
|j|☆GabrielaVitoria016
|t:|1776213766
|gametype|singles
|player|p1|hunter clarkson|hooligans|1292
|player|p2|GabrielaVitoria016|2|1318
|gen|9
|tier|[Gen 9] OU
|rated|
|rule|HP Percentage Mod: HP is shown in percentages
|rule|Endless Battle Clause: Forcing endless battles is banned
|rule|Species Clause: Limit one of each Pokémon
|rule|OHKO Clause: OHKO moves are banned
|rule|Evasion Items Clause: Evasion items are banned
|rule|Evasion Moves Clause: Evasion moves are banned
|rule|Evasion Abilities Clause: Evasion abilities are banned
|rule|Sleep Moves Clause: Sleep-inducing moves are banned
|clearpoke
|poke|p1|Ninetales-Alola, F|
|poke|p1|Hatterene, F|
|poke|p1|Great Tusk|
|poke|p1|Garchomp, F|
|poke|p1|Iron Crown|
|poke|p1|Ceruledge, M|
|poke|p2|Kingambit, M|
|poke|p2|Slowking-Galar, F|
|poke|p2|Ogerpon-Wellspring, F|
|poke|p2|Gholdengo|
|poke|p2|Great Tusk|
|poke|p2|Moltres-Galar|
|teampreview
|inactive|Battle timer is ON: inactive players will automatically lose when time's up. (requested by GabrielaVitoria016)
|
|t:|1776213787
|teamsize|p1|6
|teamsize|p2|6
|start
|switch|p1a: Garchomp|Garchomp, F|100/100
|switch|p2a: Slowking|Slowking-Galar, F|100/100
|turn|1
|
|t:|1776213809
|move|p1a: Garchomp|Swords Dance|p1a: Garchomp
|-boost|p1a: Garchomp|atk|2
|move|p2a: Slowking|Ice Beam|p1a: Garchomp
|-supereffective|p1a: Garchomp
|-damage|p1a: Garchomp|0 fnt
|faint|p1a: Garchomp
|
|upkeep
|
|t:|1776213819
|switch|p1a: Iron Crown|Iron Crown|100/100
|-enditem|p1a: Iron Crown|Booster Energy
|-activate|p1a: Iron Crown|ability: Quark Drive|[fromitem]
|-start|p1a: Iron Crown|quarkdrivespa
|turn|2
|
|t:|1776213829
|move|p1a: Iron Crown|Psychic Noise|p2a: Slowking
|-damage|p2a: Slowking|73/100
|-start|p2a: Slowking|move: Heal Block
|move|p2a: Slowking|Flamethrower|p1a: Iron Crown
|-supereffective|p1a: Iron Crown
|-damage|p1a: Iron Crown|36/100
|-status|p1a: Iron Crown|brn
|
|-damage|p1a: Iron Crown|29/100 brn|[from] brn
|upkeep
|turn|3
|
|t:|1776213834
|-end|p1a: Iron Crown|Quark Drive|[silent]
|switch|p1a: Ceruledge|Ceruledge, M|100/100
|move|p2a: Slowking|Future Sight|p1a: Ceruledge
|-start|p2a: Slowking|move: Future Sight
|
|-end|p2a: Slowking|move: Heal Block
|upkeep
|turn|4
|
|t:|1776213854
|move|p1a: Ceruledge|Poltergeist|p2a: Slowking
|-activate|p2a: Slowking|move: Poltergeist|Assault Vest
|-supereffective|p2a: Slowking
|-damage|p2a: Slowking|0 fnt
|faint|p2a: Slowking
|
|upkeep
|
|t:|1776213864
|switch|p2a: Great Tusk|Great Tusk, shiny|100/100
|turn|5
|
|t:|1776213884
|switch|p1a: Hatterene|Hatterene, F|100/100
|move|p2a: Great Tusk|Earthquake|p1a: Hatterene
|-damage|p1a: Hatterene|37/100
|
|-end|p1a: Hatterene|move: Future Sight
|-resisted|p1a: Hatterene
|-damage|p1a: Hatterene|4/100
|-heal|p1a: Hatterene|10/100|[from] item: Leftovers
|upkeep
|turn|6
|
|t:|1776213891
|move|p2a: Great Tusk|Rapid Spin|p1a: Hatterene
|-damage|p1a: Hatterene|0 fnt
|-boost|p2a: Great Tusk|spe|1
|faint|p1a: Hatterene
|
|upkeep
|
|t:|1776213898
|switch|p1a: Ninetales|Ninetales-Alola, F|100/100
|-weather|Snowscape|[from] ability: Snow Warning|[of] p1a: Ninetales
|turn|7
|
|t:|1776213901
|move|p2a: Great Tusk|Close Combat|p1a: Ninetales
|-damage|p1a: Ninetales|50/100
|-unboost|p2a: Great Tusk|def|1
|-unboost|p2a: Great Tusk|spd|1
|-enditem|p2a: Great Tusk|White Herb
|-clearnegativeboost|p2a: Great Tusk|[silent]
|move|p1a: Ninetales|Aurora Veil|p1a: Ninetales
|-sidestart|p1: hunter clarkson|move: Aurora Veil
|
|-weather|Snowscape|[upkeep]
|upkeep
|turn|8
|
|t:|1776213907
|move|p2a: Great Tusk|Close Combat|p1a: Ninetales
|-damage|p1a: Ninetales|23/100
|-unboost|p2a: Great Tusk|def|1
|-unboost|p2a: Great Tusk|spd|1
|move|p1a: Ninetales|Encore|p2a: Great Tusk
|-start|p2a: Great Tusk|Encore
|
|-weather|Snowscape|[upkeep]
|upkeep
|turn|9
|
|t:|1776213914
|-end|p2a: Great Tusk|Protosynthesis|[silent]
|switch|p2a: Quilates|Gholdengo|100/100
|switch|p1a: Ceruledge|Ceruledge, M|100/100
|
|-weather|Snowscape|[upkeep]
|upkeep
|turn|10
|
|t:|1776213923
|move|p1a: Ceruledge|Poltergeist|p2a: Quilates
|-activate|p2a: Quilates|move: Poltergeist|Choice Specs
|-supereffective|p2a: Quilates
|-damage|p2a: Quilates|0 fnt
|faint|p2a: Quilates
|
|-weather|Snowscape|[upkeep]
|upkeep
|
|t:|1776213930
|switch|p2a: Tomatoma|Ogerpon-Wellspring, F|100/100
|turn|11
|
|t:|1776213943
|move|p2a: Tomatoma|Knock Off|p1a: Ceruledge
|-supereffective|p1a: Ceruledge
|-damage|p1a: Ceruledge|42/100
|-ability|p1a: Ceruledge|Weak Armor|boost
|-unboost|p1a: Ceruledge|def|1
|-boost|p1a: Ceruledge|spe|2
|-enditem|p1a: Ceruledge|Focus Sash|[from] move: Knock Off|[of] p2a: Tomatoma
|move|p1a: Ceruledge|Swords Dance|p1a: Ceruledge
|-boost|p1a: Ceruledge|atk|2
|
|-weather|none
|upkeep
|turn|12
|
|t:|1776213952
|move|p1a: Ceruledge|Shadow Sneak|p2a: Tomatoma
|-damage|p2a: Tomatoma|46/100
|move|p2a: Tomatoma|Ivy Cudgel|p1a: Ceruledge|[anim] Ivy Cudgel Water
|-supereffective|p1a: Ceruledge
|-damage|p1a: Ceruledge|0 fnt
|faint|p1a: Ceruledge
|
|upkeep
|
|t:|1776213965
|switch|p1a: Ninetales|Ninetales-Alola, F|23/100
|-weather|Snowscape|[from] ability: Snow Warning|[of] p1a: Ninetales
|turn|13
|
|t:|1776213969
|move|p2a: Tomatoma|Ivy Cudgel|p1a: Ninetales|[anim] Ivy Cudgel Water
|-damage|p1a: Ninetales|0 fnt
|faint|p1a: Ninetales
|
|-weather|Snowscape|[upkeep]
|upkeep
|
|t:|1776213971
|switch|p1a: Great Tusk|Great Tusk|100/100
|-enditem|p1a: Great Tusk|Booster Energy
|-activate|p1a: Great Tusk|ability: Protosynthesis|[fromitem]
|-start|p1a: Great Tusk|protosynthesisspe
|turn|14
|
|t:|1776213975
|-terastallize|p1a: Great Tusk|Ghost
|move|p1a: Great Tusk|Bulk Up|p1a: Great Tusk
|-boost|p1a: Great Tusk|atk|1
|-boost|p1a: Great Tusk|def|1
|move|p2a: Tomatoma|Horn Leech|p1a: Great Tusk
|-damage|p1a: Great Tusk|92/100
|-heal|p2a: Tomatoma|52/100|[from] drain|[of] p1a: Great Tusk
|
|-weather|Snowscape|[upkeep]
|-sideend|p1: hunter clarkson|move: Aurora Veil
|upkeep
|turn|15
|
|t:|1776213977
|move|p1a: Great Tusk|Bulk Up|p1a: Great Tusk
|-boost|p1a: Great Tusk|atk|1
|-boost|p1a: Great Tusk|def|1
|move|p2a: Tomatoma|Knock Off|p1a: Great Tusk
|-supereffective|p1a: Great Tusk
|-crit|p1a: Great Tusk
|-damage|p1a: Great Tusk|43/100
|
|-weather|Snowscape|[upkeep]
|upkeep
|turn|16
|
|t:|1776213986
|move|p1a: Great Tusk|Ice Spinner|p2a: Tomatoma
|-damage|p2a: Tomatoma|0 fnt
|faint|p2a: Tomatoma
|
|-weather|Snowscape|[upkeep]
|upkeep
|
|t:|1776213992
|switch|p2a: Great Tusk|Great Tusk, shiny|100/100
|turn|17
|
|t:|1776213995
|move|p1a: Great Tusk|Ice Spinner|p2a: Great Tusk
|-supereffective|p2a: Great Tusk
|-damage|p2a: Great Tusk|28/100
|move|p2a: Great Tusk|Earthquake|p1a: Great Tusk
|-damage|p1a: Great Tusk|27/100
|
|-weather|none
|upkeep
|turn|18
|
|t:|1776214018
|move|p1a: Great Tusk|Ice Spinner|p2a: Great Tusk
|-supereffective|p2a: Great Tusk
|-damage|p2a: Great Tusk|0 fnt
|faint|p2a: Great Tusk
|-end|p2a: Great Tusk|Protosynthesis|[silent]
|
|upkeep
|
|t:|1776214022
|switch|p2a: THE GOAT|Kingambit, M, shiny|100/100
|-activate|p2a: THE GOAT|ability: Supreme Overlord
|-start|p2a: THE GOAT|fallen4|[silent]
|turn|19
|
|t:|1776214031
|move|p2a: THE GOAT|Sucker Punch||[still]
|-fail|p2a: THE GOAT
|move|p1a: Great Tusk|Bulk Up|p1a: Great Tusk
|-boost|p1a: Great Tusk|atk|1
|-boost|p1a: Great Tusk|def|1
|
|upkeep
|turn|20
|
|t:|1776214039
|move|p1a: Great Tusk|Headlong Rush|p2a: THE GOAT
|-supereffective|p2a: THE GOAT
|-damage|p2a: THE GOAT|0 fnt
|-unboost|p1a: Great Tusk|def|1
|-unboost|p1a: Great Tusk|spd|1
|faint|p2a: THE GOAT
|-end|p2a: THE GOAT|fallen4|[silent]
|
|upkeep
|-message|GabrielaVitoria016 forfeited.
|
|win|hunter clarkson
|raw|hunter clarkson's rating: 1292 &rarr; <strong>1319</strong><br />(+27 for winning)
|raw|GabrielaVitoria016's rating: 1318 &rarr; <strong>1297</strong><br />(-21 for losing)
|l|☆GabrielaVitoria016
|player|p2|
