|html|<div class="broadcast-blue"><strong>[Gen 9] OU is currently suspecting Volcarona! For information on how to participate check out the <a href="https://www.smogon.com/tools/suspects/view/208">suspect thread</a>.</strong></div>
|j|☆randosworld
|j|☆ODE84
|t:|1778503771
|gametype|singles
|player|p1|randosworld|veteran|1262
|player|p2|ODE84|lucas|1277
|gen|9
|tier|[Gen 9] OU
|rated|
|rule|HP Percentage Mod: HP is shown in percentages
|rule|Endless Battle Clause: Forcing endless battles is banned
|rule|Species Clause: Limit one of each Pokémon
|rule|OHKO Clause: OHKO moves are banned
|rule|Evasion Items Clause: Evasion items are banned
|rule|Evasion Moves Clause: Evasion moves are banned
|rule|Evasion Abilities Clause: Evasion abilities are banned
|rule|Sleep Moves Clause: Sleep-inducing moves are banned
|clearpoke
|poke|p1|Toxapex, F|
|poke|p1|Blissey, F|
|poke|p1|Gliscor, M|
|poke|p1|Dondozo, M|
|poke|p1|Corviknight, M|
|poke|p1|Gholdengo|
|poke|p2|Glimmora, M|
|poke|p2|Great Tusk|
|poke|p2|Ceruledge, F|
|poke|p2|Serperior, F|
|poke|p2|Deoxys-Speed|
|poke|p2|Kingambit, M|
|teampreview
|
|t:|1778503780
|teamsize|p1|6
|teamsize|p2|6
|start
|switch|p1a: Curry|Gliscor, M|100/100
|switch|p2a: Glimmora|Glimmora, M|100/100
|turn|1
|
|t:|1778503787
|move|p2a: Glimmora|Spikes|p1a: Curry
|-sidestart|p1: randosworld|Spikes
|move|p1a: Curry|Earthquake|p2a: Glimmora
|-supereffective|p2a: Glimmora
|-enditem|p2a: Glimmora|Focus Sash
|-damage|p2a: Glimmora|1/100
|-activate|p2a: Glimmora|ability: Toxic Debris
|-sidestart|p1: randosworld|move: Toxic Spikes
|
|-status|p1a: Curry|tox|[from] item: Toxic Orb
|upkeep
|turn|2
|
|t:|1778503795
|move|p2a: Glimmora|Stealth Rock|p1a: Curry
|-sidestart|p1: randosworld|move: Stealth Rock
|move|p1a: Curry|Knock Off|p2a: Glimmora
|-damage|p2a: Glimmora|0 fnt
|-activate|p2a: Glimmora|ability: Toxic Debris
|-sidestart|p1: randosworld|move: Toxic Spikes
|faint|p2a: Glimmora
|
|upkeep
|
|t:|1778503810
|switch|p2a: Great Tusk|Great Tusk|100/100
|turn|3
|
|t:|1778503813
|switch|p1a: Bird HEAVY|Corviknight, M|100/100
|-damage|p1a: Bird HEAVY|88/100|[from] Stealth Rock
|-ability|p1a: Bird HEAVY|Pressure
|move|p2a: Great Tusk|Ice Spinner|p1a: Bird HEAVY
|-damage|p1a: Bird HEAVY|63/100
|
|-heal|p1a: Bird HEAVY|70/100|[from] item: Leftovers
|upkeep
|turn|4
|inactive|Battle timer is ON: inactive players will automatically lose when time's up. (requested by randosworld)
|
|t:|1778503830
|-end|p2a: Great Tusk|Protosynthesis|[silent]
|switch|p2a: Ceruledge|Ceruledge, F|100/100
|move|p1a: Bird HEAVY|Roost|p1a: Bird HEAVY
|-heal|p1a: Bird HEAVY|100/100
|-singleturn|p1a: Bird HEAVY|move: Roost
|
|upkeep
|turn|5
|inactive|randosworld has 120 seconds left.
|c|☆ODE84|Stall? really
|
|t:|1778503879
|move|p2a: Ceruledge|Swords Dance|p2a: Ceruledge
|-boost|p2a: Ceruledge|atk|2
|move|p1a: Bird HEAVY|Defog|p2a: Ceruledge
|-unboost|p2a: Ceruledge|evasion|1
|-sideend|p1: randosworld|Spikes|[from] move: Defog|[of] p1a: Bird HEAVY
|-sideend|p1: randosworld|Toxic Spikes|[from] move: Defog|[of] p1a: Bird HEAVY
|-sideend|p1: randosworld|Stealth Rock|[from] move: Defog|[of] p1a: Bird HEAVY
|
|upkeep
|turn|6
|
|t:|1778503891
|switch|p1a: Messi|Toxapex, F|100/100
|move|p2a: Ceruledge|Poltergeist|p1a: Messi
|-activate|p1a: Messi|move: Poltergeist|Leftovers
|-damage|p1a: Messi|13/100
|-damage|p2a: Ceruledge|91/100|[from] item: Life Orb
|
|-heal|p1a: Messi|20/100|[from] item: Leftovers
|upkeep
|turn|7
|
|t:|1778503905
|switch|p1a: Lebron james|Dondozo, M|100/100
|move|p2a: Ceruledge|Poltergeist|p1a: Lebron james
|-activate|p1a: Lebron james|move: Poltergeist|Leftovers
|-damage|p1a: Lebron james|68/100
|-damage|p2a: Ceruledge|81/100|[from] item: Life Orb
|
|-heal|p1a: Lebron james|74/100|[from] item: Leftovers
|upkeep
|turn|8
|inactive|randosworld has 120 seconds left.
|
|t:|1778503915
|switch|p2a: Deoxys|Deoxys-Speed|100/100
|-ability|p2a: Deoxys|Pressure
|move|p1a: Lebron james|Avalanche|p2a: Deoxys
|-damage|p2a: Deoxys|83/100
|
|-heal|p1a: Lebron james|80/100|[from] item: Leftovers
|upkeep
|turn|9
|inactive|randosworld has 120 seconds left.
|
|t:|1778503929
|switch|p1a: Ronaldo|Blissey, F|100/100
|move|p2a: Deoxys|Spikes|p1a: Ronaldo
|-sidestart|p1: randosworld|Spikes
|
|upkeep
|turn|10
|
|t:|1778503938
|move|p2a: Deoxys|Taunt|p1a: Ronaldo
|-start|p1a: Ronaldo|move: Taunt
|move|p1a: Ronaldo|Seismic Toss|p2a: Deoxys
|-damage|p2a: Deoxys|50/100
|
|upkeep
|turn|11
|
|t:|1778503946
|move|p2a: Deoxys|Spikes|p1a: Ronaldo
|-sidestart|p1: randosworld|Spikes
|move|p1a: Ronaldo|Seismic Toss|p2a: Deoxys
|-damage|p2a: Deoxys|17/100
|
|upkeep
|turn|12
|
|t:|1778503951
|move|p2a: Deoxys|Psycho Boost|p1a: Ronaldo
|-damage|p1a: Ronaldo|82/100
|-unboost|p2a: Deoxys|spa|2
|-enditem|p2a: Deoxys|Eject Pack
|
|t:|1778503957
|switch|p2a: Serperior|Serperior, F|100/100
|move|p1a: Ronaldo|Seismic Toss|p2a: Serperior
|-damage|p2a: Serperior|66/100
|
|-heal|p2a: Serperior|72/100|[from] item: Leftovers
|-heal|p1a: Ronaldo|88/100|[from] item: Leftovers
|-end|p1a: Ronaldo|move: Taunt
|upkeep
|turn|13
|
|t:|1778503965
|move|p2a: Serperior|Leech Seed|p1a: Ronaldo
|-start|p1a: Ronaldo|move: Leech Seed
|move|p1a: Ronaldo|Flamethrower|p2a: Serperior
|-supereffective|p2a: Serperior
|-damage|p2a: Serperior|34/100
|
|-heal|p2a: Serperior|40/100|[from] item: Leftovers
|-heal|p1a: Ronaldo|94/100|[from] item: Leftovers
|-damage|p1a: Ronaldo|82/100|[from] Leech Seed|[of] p2a: Serperior
|-heal|p2a: Serperior|71/100|[silent]
|upkeep
|turn|14
|
|t:|1778503978
|switch|p1a: Bird HEAVY|Corviknight, M|100/100
|-ability|p1a: Bird HEAVY|Pressure
|move|p2a: Serperior|Substitute|p2a: Serperior
|-start|p2a: Serperior|Substitute
|-damage|p2a: Serperior|46/100
|
|-heal|p2a: Serperior|52/100|[from] item: Leftovers
|upkeep
|turn|15
|
|t:|1778503990
|move|p2a: Serperior|Leech Seed|p1a: Bird HEAVY|[miss]
|-miss|p2a: Serperior|p1a: Bird HEAVY
|move|p1a: Bird HEAVY|Body Press|p2a: Serperior
|-activate|p2a: Serperior|move: Substitute|[damage]
|
|-heal|p2a: Serperior|58/100|[from] item: Leftovers
|upkeep
|turn|16
|
|t:|1778504000
|move|p2a: Serperior|Leech Seed|p1a: Bird HEAVY
|-start|p1a: Bird HEAVY|move: Leech Seed
|move|p1a: Bird HEAVY|Iron Defense|p1a: Bird HEAVY
|-boost|p1a: Bird HEAVY|def|2
|
|-heal|p2a: Serperior|64/100|[from] item: Leftovers
|-damage|p1a: Bird HEAVY|88/100|[from] Leech Seed|[of] p2a: Serperior
|-heal|p2a: Serperior|81/100|[silent]
|upkeep
|turn|17
|
|t:|1778504007
|move|p2a: Serperior|Leaf Storm|p1a: Bird HEAVY
|-resisted|p1a: Bird HEAVY
|-damage|p1a: Bird HEAVY|80/100
|-boost|p2a: Serperior|spa|2
|move|p1a: Bird HEAVY|Body Press|p2a: Serperior
|-end|p2a: Serperior|Substitute
|
|-heal|p2a: Serperior|87/100|[from] item: Leftovers
|-heal|p1a: Bird HEAVY|86/100|[from] item: Leftovers
|-damage|p1a: Bird HEAVY|73/100|[from] Leech Seed|[of] p2a: Serperior
|-heal|p2a: Serperior|100/100|[silent]
|upkeep
|turn|18
|
|t:|1778504018
|move|p2a: Serperior|Substitute|p2a: Serperior
|-start|p2a: Serperior|Substitute
|-damage|p2a: Serperior|75/100
|move|p1a: Bird HEAVY|Defog|p2a: Serperior
|-sideend|p1: randosworld|Spikes|[from] move: Defog|[of] p1a: Bird HEAVY
|
|-heal|p2a: Serperior|82/100|[from] item: Leftovers
|-heal|p1a: Bird HEAVY|80/100|[from] item: Leftovers
|-damage|p1a: Bird HEAVY|67/100|[from] Leech Seed|[of] p2a: Serperior
|-heal|p2a: Serperior|99/100|[silent]
|upkeep
|turn|19
|
|t:|1778504026
|move|p2a: Serperior|Leaf Storm|p1a: Bird HEAVY
|-resisted|p1a: Bird HEAVY
|-damage|p1a: Bird HEAVY|52/100
|-boost|p2a: Serperior|spa|2
|move|p1a: Bird HEAVY|Roost|p1a: Bird HEAVY
|-heal|p1a: Bird HEAVY|100/100
|-singleturn|p1a: Bird HEAVY|move: Roost
|
|-heal|p2a: Serperior|100/100|[from] item: Leftovers
|-damage|p1a: Bird HEAVY|88/100|[from] Leech Seed|[of] p2a: Serperior
|upkeep
|turn|20
|
|t:|1778504034
|move|p2a: Serperior|Leaf Storm|p1a: Bird HEAVY
|-resisted|p1a: Bird HEAVY
|-damage|p1a: Bird HEAVY|66/100
|-boost|p2a: Serperior|spa|2
|move|p1a: Bird HEAVY|Body Press|p2a: Serperior
|-end|p2a: Serperior|Substitute
|
|-heal|p1a: Bird HEAVY|72/100|[from] item: Leftovers
|-damage|p1a: Bird HEAVY|59/100|[from] Leech Seed|[of] p2a: Serperior
|upkeep
|turn|21
|
|t:|1778504046
|move|p2a: Serperior|Substitute|p2a: Serperior
|-start|p2a: Serperior|Substitute
|-damage|p2a: Serperior|75/100
|move|p1a: Bird HEAVY|Roost|p1a: Bird HEAVY
|-heal|p1a: Bird HEAVY|100/100
|-singleturn|p1a: Bird HEAVY|move: Roost
|
|-heal|p2a: Serperior|82/100|[from] item: Leftovers
|-damage|p1a: Bird HEAVY|88/100|[from] Leech Seed|[of] p2a: Serperior
|-heal|p2a: Serperior|99/100|[silent]
|upkeep
|turn|22
|
|t:|1778504058
|-terastallize|p2a: Serperior|Dragon
|move|p2a: Serperior|Dragon Pulse|p1a: Bird HEAVY
|-resisted|p1a: Bird HEAVY
|-damage|p1a: Bird HEAVY|46/100
|move|p1a: Bird HEAVY|Body Press|p2a: Serperior
|-end|p2a: Serperior|Substitute
|
|-heal|p2a: Serperior|100/100|[from] item: Leftovers
|-heal|p1a: Bird HEAVY|52/100|[from] item: Leftovers
|-damage|p1a: Bird HEAVY|40/100|[from] Leech Seed|[of] p2a: Serperior
|upkeep
|turn|23
|
|t:|1778504069
|move|p2a: Serperior|Substitute|p2a: Serperior
|-start|p2a: Serperior|Substitute
|-damage|p2a: Serperior|75/100
|move|p1a: Bird HEAVY|Roost|p1a: Bird HEAVY
|-heal|p1a: Bird HEAVY|90/100
|-singleturn|p1a: Bird HEAVY|move: Roost
|
|-heal|p2a: Serperior|82/100|[from] item: Leftovers
|-heal|p1a: Bird HEAVY|96/100|[from] item: Leftovers
|-damage|p1a: Bird HEAVY|84/100|[from] Leech Seed|[of] p2a: Serperior
|-heal|p2a: Serperior|99/100|[silent]
|upkeep
|turn|24
|
|t:|1778504091
|switch|p1a: Ronaldo|Blissey, F|82/100
|move|p2a: Serperior|Dragon Pulse|p1a: Ronaldo
|-damage|p1a: Ronaldo|35/100
|
|-heal|p2a: Serperior|100/100|[from] item: Leftovers
|-heal|p1a: Ronaldo|41/100|[from] item: Leftovers
|upkeep
|turn|25
|
|t:|1778504101
|move|p2a: Serperior|Dragon Pulse|p1a: Ronaldo
|-damage|p1a: Ronaldo|0 fnt
|faint|p1a: Ronaldo
|
|upkeep
|-message|randosworld forfeited.
|
|win|ODE84
|raw|randosworld's rating: 1262 &rarr; <strong>1238</strong><br />(-24 for losing)
|raw|ODE84's rating: 1277 &rarr; <strong>1301</strong><br />(+24 for winning)
|l|☆randosworld
|player|p1|
|l|☆ODE84
|player|p2|
|j|☆ODE84
|player|p2|ODE84|lucas|
