|html|<div class="broadcast-blue"><strong>[Gen 9] OU is currently suspecting Tera Blast! For information on how to participate check out the <a href="https://www.smogon.com/tools/suspects/view/200">suspect thread</a>.</strong></div>
|j|☆SupotKa123
|j|☆Asa Nocturne
|t:|1776056637
|gametype|singles
|player|p1|SupotKa123|marlon|1126
|player|p2|Asa Nocturne|n|1119
|gen|9
|tier|[Gen 9] OU
|rated|
|rule|HP Percentage Mod: HP is shown in percentages
|rule|Endless Battle Clause: Forcing endless battles is banned
|rule|Species Clause: Limit one of each Pokémon
|rule|OHKO Clause: OHKO moves are banned
|rule|Evasion Items Clause: Evasion items are banned
|rule|Evasion Moves Clause: Evasion moves are banned
|rule|Evasion Abilities Clause: Evasion abilities are banned
|rule|Sleep Moves Clause: Sleep-inducing moves are banned
|clearpoke
|poke|p1|Great Tusk|
|poke|p1|Dragapult, M|
|poke|p1|Slowking-Galar, F|
|poke|p1|Kingambit, M|
|poke|p1|Walking Wake|
|poke|p1|Toxapex, M|
|poke|p2|Zoroark-Hisui, F|
|poke|p2|Darkrai|
|poke|p2|Garchomp, F|
|poke|p2|Ceruledge, F|
|poke|p2|Galvantula, M|
|poke|p2|Necrozma|
|teampreview
|
|t:|1776056643
|teamsize|p1|6
|teamsize|p2|6
|start
|switch|p1a: Great Tusk|Great Tusk|100/100
|switch|p2a: Galvantula|Galvantula, M|100/100
|turn|1
|j| MisfortuneSeven
|
|t:|1776056653
|-terastallize|p2a: Galvantula|Water
|move|p2a: Galvantula|Tera Blast|p1a: Great Tusk|[anim] Tera Blast Water
|-supereffective|p1a: Great Tusk
|-damage|p1a: Great Tusk|17/100
|move|p1a: Great Tusk|Stealth Rock|p2a: Galvantula
|-sidestart|p2: Asa Nocturne|move: Stealth Rock
|
|-heal|p1a: Great Tusk|23/100|[from] item: Leftovers
|upkeep
|turn|2
|
|t:|1776056673
|-end|p1a: Great Tusk|Protosynthesis|[silent]
|switch|p1a: Toxapex|Toxapex, M|100/100
|move|p2a: Galvantula|Tera Blast|p1a: Toxapex|[anim] Tera Blast Water
|-resisted|p1a: Toxapex
|-damage|p1a: Toxapex|87/100
|
|upkeep
|turn|3
|
|t:|1776056682
|move|p2a: Galvantula|Volt Switch|p1a: Toxapex
|-supereffective|p1a: Toxapex
|-damage|p1a: Toxapex|37/100
|
|t:|1776056687
|switch|p2a: Galvantula|Galvantula, M|100/100|[from] Volt Switch
|move|p1a: Toxapex|Toxic|p2a: Galvantula
|-status|p2a: Galvantula|tox
|
|-damage|p2a: Galvantula|95/100 tox|[from] psn
|upkeep
|-start|p2a: Galvantula|typechange|Water|[silent]
|turn|4
|
|t:|1776056710
|switch|p1a: Slowking|Slowking-Galar, F|100/100
|move|p2a: Galvantula|Shadow Ball|p1a: Slowking
|-supereffective|p1a: Slowking
|-damage|p1a: Slowking|71/100
|-unboost|p1a: Slowking|spd|1
|
|-damage|p2a: Galvantula|83/100 tox|[from] psn
|upkeep
|turn|5
|
|t:|1776056738
|move|p2a: Galvantula|Nasty Plot|p2a: Galvantula
|-boost|p2a: Galvantula|spa|2
|move|p1a: Slowking|Future Sight|p2a: Galvantula
|-start|p1a: Slowking|move: Future Sight
|
|-damage|p2a: Galvantula|65/100 tox|[from] psn
|upkeep
|turn|6
|
|t:|1776056756
|move|p2a: Galvantula|Shadow Ball|p1a: Slowking
|-supereffective|p1a: Slowking
|-damage|p1a: Slowking|0 fnt
|faint|p1a: Slowking
|
|-damage|p2a: Galvantula|41/100 tox|[from] psn
|upkeep
|
|t:|1776056763
|switch|p1a: Toxapex|Toxapex, M|70/100
|turn|7
|
|t:|1776056772
|switch|p1a: Great Tusk|Great Tusk|23/100
|move|p2a: Galvantula|Shadow Ball|p1a: Great Tusk
|-damage|p1a: Great Tusk|0 fnt
|faint|p1a: Great Tusk
|-end|p1a: Great Tusk|Protosynthesis|[silent]
|
|-end|p2a: Galvantula|move: Future Sight
|-damage|p2a: Galvantula|0 fnt
|replace|p2a: Zoroark|Zoroark-Hisui, F
|-end|p2a: Zoroark|Illusion
|faint|p2a: Zoroark
|upkeep
|
|t:|1776056785
|switch|p2a: Darkrai|Darkrai|100/100
|switch|p1a: Toxapex|Toxapex, M|100/100
|-damage|p2a: Darkrai|88/100|[from] Stealth Rock
|turn|8
|
|t:|1776056792
|move|p2a: Darkrai|Dark Pulse|p1a: Toxapex
|-damage|p1a: Toxapex|67/100
|move|p1a: Toxapex|Toxic|p2a: Darkrai
|-status|p2a: Darkrai|tox
|
|-heal|p2a: Darkrai|94/100 tox|[from] item: Leftovers
|-damage|p2a: Darkrai|88/100 tox|[from] psn
|upkeep
|turn|9
|
|t:|1776056806
|move|p2a: Darkrai|Dark Pulse|p1a: Toxapex
|-damage|p1a: Toxapex|30/100
|cant|p1a: Toxapex|flinch
|
|-heal|p2a: Darkrai|94/100 tox|[from] item: Leftovers
|-damage|p2a: Darkrai|82/100 tox|[from] psn
|upkeep
|turn|10
|
|t:|1776056824
|switch|p1a: Walking Wake|Walking Wake|100/100
|move|p2a: Darkrai|Dark Pulse|p1a: Walking Wake
|-damage|p1a: Walking Wake|46/100
|
|-heal|p2a: Darkrai|88/100 tox|[from] item: Leftovers
|-damage|p2a: Darkrai|70/100 tox|[from] psn
|upkeep
|turn|11
|
|t:|1776056843
|move|p1a: Walking Wake|Hydro Steam|p2a: Darkrai
|-damage|p2a: Darkrai|20/100 tox
|move|p2a: Darkrai|Dark Pulse|p1a: Walking Wake
|-crit|p1a: Walking Wake
|-damage|p1a: Walking Wake|0 fnt
|faint|p1a: Walking Wake
|-end|p1a: Walking Wake|Protosynthesis|[silent]
|
|-heal|p2a: Darkrai|26/100 tox|[from] item: Leftovers
|-damage|p2a: Darkrai|2/100 tox|[from] psn
|upkeep
|
|t:|1776056856
|switch|p1a: Toxapex|Toxapex, M|63/100
|turn|12
|
|t:|1776056860
|move|p2a: Darkrai|Dark Pulse|p1a: Toxapex
|-damage|p1a: Toxapex|27/100
|move|p1a: Toxapex|Recover|p1a: Toxapex
|-heal|p1a: Toxapex|77/100
|
|-heal|p2a: Darkrai|8/100 tox|[from] item: Leftovers
|-damage|p2a: Darkrai|0 fnt|[from] psn
|faint|p2a: Darkrai
|upkeep
|
|t:|1776056866
|switch|p2a: Galvantula|Galvantula, M, tera:Water|100/100
|turn|13
|
|t:|1776056874
|move|p2a: Galvantula|Volt Switch|p1a: Toxapex
|-supereffective|p1a: Toxapex
|-damage|p1a: Toxapex|31/100
|
|t:|1776056879
|switch|p2a: Necrozma|Necrozma|100/100|[from] Volt Switch
|-damage|p2a: Necrozma|88/100|[from] Stealth Rock
|move|p1a: Toxapex|Toxic|p2a: Necrozma
|-status|p2a: Necrozma|tox
|
|-damage|p2a: Necrozma|82/100 tox|[from] psn
|upkeep
|turn|14
|
|t:|1776056893
|move|p2a: Necrozma|Photon Geyser|p1a: Toxapex
|-supereffective|p1a: Toxapex
|-damage|p1a: Toxapex|0 fnt
|faint|p1a: Toxapex
|
|-damage|p2a: Necrozma|70/100 tox|[from] psn
|upkeep
|
|t:|1776056902
|switch|p1a: Dragapult|Dragapult, M|100/100
|turn|15
|
|t:|1776056917
|move|p1a: Dragapult|Shadow Ball|p2a: Necrozma
|-supereffective|p2a: Necrozma
|-crit|p2a: Necrozma
|-damage|p2a: Necrozma|0 fnt
|faint|p2a: Necrozma
|
|upkeep
|
|t:|1776056920
|switch|p2a: Ceruledge|Ceruledge, F|100/100
|-damage|p2a: Ceruledge|76/100|[from] Stealth Rock
|turn|16
|inactive|Battle timer is ON: inactive players will automatically lose when time's up. (requested by Asa Nocturne)
|
|t:|1776056932
|-terastallize|p1a: Dragapult|Ghost
|move|p2a: Ceruledge|Shadow Sneak|p1a: Dragapult
|-supereffective|p1a: Dragapult
|-damage|p1a: Dragapult|32/100
|-damage|p2a: Ceruledge|66/100|[from] item: Life Orb
|move|p1a: Dragapult|Shadow Ball|p2a: Ceruledge
|-supereffective|p2a: Ceruledge
|-damage|p2a: Ceruledge|0 fnt
|faint|p2a: Ceruledge
|
|upkeep
|
|t:|1776056940
|switch|p2a: Garchomp|Garchomp, F|100/100
|-damage|p2a: Garchomp|94/100|[from] Stealth Rock
|turn|17
|
|t:|1776056944
|move|p1a: Dragapult|Shadow Ball|p2a: Garchomp
|-damage|p2a: Garchomp|24/100
|move|p2a: Garchomp|Earthquake|p1a: Dragapult
|-damage|p1a: Dragapult|0 fnt
|faint|p1a: Dragapult
|
|upkeep
|
|t:|1776056951
|switch|p1a: Kingambit|Kingambit, M|100/100
|-activate|p1a: Kingambit|ability: Supreme Overlord
|-start|p1a: Kingambit|fallen5|[silent]
|turn|18
|
|t:|1776056962
|move|p1a: Kingambit|Sucker Punch|p2a: Garchomp
|-damage|p2a: Garchomp|0 fnt
|-damage|p1a: Kingambit|88/100|[from] ability: Rough Skin|[of] p2a: Garchomp
|faint|p2a: Garchomp
|
|upkeep
|
|t:|1776056964
|switch|p2a: Galvantula|Galvantula, M, tera:Water|100/100
|turn|19
|
|t:|1776056979
|move|p2a: Galvantula|Tera Blast|p1a: Kingambit|[anim] Tera Blast Water
|-damage|p1a: Kingambit|54/100
|move|p1a: Kingambit|Kowtow Cleave|p2a: Galvantula
|-damage|p2a: Galvantula|0 fnt
|faint|p2a: Galvantula
|
|win|SupotKa123
|raw|SupotKa123's rating: 1126 &rarr; <strong>1152</strong><br />(+26 for winning)
|raw|Asa Nocturne's rating: 1145 &rarr; <strong>1119</strong><br />(-26 for losing)
|l|☆Asa Nocturne
|player|p2|
|l| MisfortuneSeven
|l|☆SupotKa123
|player|p1|
