|html|<div class="broadcast-blue"><strong>[Gen 9] OU is currently suspecting Tera Blast! For information on how to participate check out the <a href="https://www.smogon.com/tools/suspects/view/200">suspect thread</a>.</strong></div>
|j|☆koreanbreakfast
|j|☆vryfast
|t:|1776047959
|gametype|singles
|player|p1|koreanbreakfast|wallace|1319
|player|p2|vryfast|266|1305
|gen|9
|tier|[Gen 9] OU
|rated|
|rule|HP Percentage Mod: HP is shown in percentages
|rule|Endless Battle Clause: Forcing endless battles is banned
|rule|Species Clause: Limit one of each Pokémon
|rule|OHKO Clause: OHKO moves are banned
|rule|Evasion Items Clause: Evasion items are banned
|rule|Evasion Moves Clause: Evasion moves are banned
|rule|Evasion Abilities Clause: Evasion abilities are banned
|rule|Sleep Moves Clause: Sleep-inducing moves are banned
|clearpoke
|poke|p1|Primarina, M|
|poke|p1|Great Tusk|
|poke|p1|Kingambit, M|
|poke|p1|Slowking-Galar, M|
|poke|p1|Ogerpon, F|
|poke|p1|Enamorus, F|
|poke|p2|Dragapult, F|
|poke|p2|Mudsdale, F|
|poke|p2|Corviknight, M|
|poke|p2|Primarina, M|
|poke|p2|Iron Moth|
|poke|p2|Goodra-Hisui, M|
|teampreview
|j| ohko_smeargle
|
|t:|1776047989
|teamsize|p1|6
|teamsize|p2|6
|start
|switch|p1a: Kingambit|Kingambit, M, shiny|100/100
|switch|p2a: Dragapult|Dragapult, F|100/100
|turn|1
|
|t:|1776047995
|move|p2a: Dragapult|Thunder Wave|p1a: Kingambit
|-status|p1a: Kingambit|par
|cant|p1a: Kingambit|par
|
|upkeep
|turn|2
|
|t:|1776048001
|switch|p2a: Corviknight|Corviknight, M|100/100
|-ability|p2a: Corviknight|Pressure
|move|p1a: Kingambit|Kowtow Cleave|p2a: Corviknight
|-damage|p2a: Corviknight|73/100
|-damage|p1a: Kingambit|84/100 par|[from] item: Rocky Helmet|[of] p2a: Corviknight
|
|-heal|p1a: Kingambit|90/100 par|[from] item: Leftovers
|upkeep
|turn|3
|
|t:|1776048011
|-end|p1a: Kingambit|fallenundefined|[silent]
|switch|p1a: Great Tusk|Great Tusk, shiny|100/100
|move|p2a: Corviknight|U-turn|p1a: Great Tusk
|-resisted|p1a: Great Tusk
|-damage|p1a: Great Tusk|95/100
|-damage|p2a: Corviknight|56/100|[from] item: Rocky Helmet|[of] p1a: Great Tusk
|
|t:|1776048015
|switch|p2a: Primarina|Primarina, M|100/100|[from] U-turn
|
|upkeep
|turn|4
|
|t:|1776048019
|-end|p1a: Great Tusk|Protosynthesis|[silent]
|switch|p1a: Slowking|Slowking-Galar, M, shiny|100/100
|move|p2a: Primarina|Moonblast|p1a: Slowking
|-resisted|p1a: Slowking
|-damage|p1a: Slowking|87/100
|
|upkeep
|turn|5
|
|t:|1776048026
|switch|p2a: Goodra|Goodra-Hisui, M|100/100
|move|p1a: Slowking|Psychic Noise|p2a: Goodra
|-resisted|p2a: Goodra
|-damage|p2a: Goodra|95/100
|-start|p2a: Goodra|move: Heal Block
|
|upkeep
|turn|6
|
|t:|1776048033
|switch|p1a: Great Tusk|Great Tusk, shiny|95/100
|move|p2a: Goodra|Knock Off|p1a: Great Tusk
|-resisted|p1a: Great Tusk
|-damage|p1a: Great Tusk|88/100
|-damage|p2a: Goodra|78/100|[from] item: Rocky Helmet|[of] p1a: Great Tusk
|-enditem|p1a: Great Tusk|Rocky Helmet|[from] move: Knock Off|[of] p2a: Goodra
|
|-end|p2a: Goodra|move: Heal Block
|upkeep
|turn|7
|
|t:|1776048041
|switch|p2a: Corviknight|Corviknight, M|56/100
|-ability|p2a: Corviknight|Pressure
|move|p1a: Great Tusk|Stealth Rock|p2a: Corviknight
|-sidestart|p2: vryfast|move: Stealth Rock
|
|upkeep
|turn|8
|inactive|Battle timer is ON: inactive players will automatically lose when time's up. (requested by vryfast)
|
|t:|1776048051
|-end|p1a: Great Tusk|Protosynthesis|[silent]
|switch|p1a: Enamorus|Enamorus, F, shiny|100/100
|move|p2a: Corviknight|Defog|p1a: Enamorus
|-boost|p1a: Enamorus|evasion|1
|-sideend|p2: vryfast|Stealth Rock|[from] move: Defog|[of] p2a: Corviknight
|
|upkeep
|turn|9
|
|t:|1776048056
|move|p1a: Enamorus|Mystical Fire|p2a: Corviknight
|-supereffective|p2a: Corviknight
|-damage|p2a: Corviknight|3/100
|-unboost|p2a: Corviknight|spa|1
|move|p2a: Corviknight|Roost|p2a: Corviknight
|-heal|p2a: Corviknight|53/100
|-singleturn|p2a: Corviknight|move: Roost
|
|upkeep
|turn|10
|
|t:|1776048062
|switch|p1a: Great Tusk|Great Tusk, shiny|88/100
|move|p2a: Corviknight|Roost|p2a: Corviknight
|-heal|p2a: Corviknight|100/100
|-singleturn|p2a: Corviknight|move: Roost
|
|upkeep
|turn|11
|
|t:|1776048071
|move|p1a: Great Tusk|Stealth Rock|p2a: Corviknight
|-sidestart|p2: vryfast|move: Stealth Rock
|move|p2a: Corviknight|U-turn|p1a: Great Tusk
|-resisted|p1a: Great Tusk
|-damage|p1a: Great Tusk|83/100
|
|t:|1776048075
|switch|p2a: Primarina|Primarina, M|100/100|[from] U-turn
|-damage|p2a: Primarina|88/100|[from] Stealth Rock
|
|upkeep
|turn|12
|
|t:|1776048079
|-end|p1a: Great Tusk|Protosynthesis|[silent]
|switch|p1a: Slowking|Slowking-Galar, M, shiny|100/100
|move|p2a: Primarina|Surf|p1a: Slowking
|-damage|p1a: Slowking|74/100
|
|upkeep
|turn|13
|
|t:|1776048094
|move|p2a: Primarina|Surf|p1a: Slowking
|-damage|p1a: Slowking|45/100
|move|p1a: Slowking|Psychic Noise|p2a: Primarina
|-damage|p2a: Primarina|61/100
|-start|p2a: Primarina|move: Heal Block
|
|upkeep
|turn|14
|
|t:|1776048100
|switch|p2a: Corviknight|Corviknight, M|100/100
|-damage|p2a: Corviknight|88/100|[from] Stealth Rock
|-ability|p2a: Corviknight|Pressure
|move|p1a: Slowking|Sludge Bomb|p2a: Corviknight
|-immune|p2a: Corviknight
|
|upkeep
|turn|15
|
|t:|1776048110
|move|p2a: Corviknight|Defog|p1a: Slowking
|-unboost|p1a: Slowking|evasion|1
|-sideend|p2: vryfast|Stealth Rock|[from] move: Defog|[of] p2a: Corviknight
|move|p1a: Slowking|Flamethrower|p2a: Corviknight
|-supereffective|p2a: Corviknight
|-damage|p2a: Corviknight|42/100
|-status|p2a: Corviknight|brn
|
|-damage|p2a: Corviknight|36/100 brn|[from] brn
|upkeep
|turn|16
|
|t:|1776048119
|switch|p2a: Mudsdale|Mudsdale, F|100/100
|move|p1a: Slowking|Flamethrower|p2a: Mudsdale
|-damage|p2a: Mudsdale|77/100
|-ability|p2a: Mudsdale|Stamina|boost
|-boost|p2a: Mudsdale|def|1
|
|upkeep
|turn|17
|
|t:|1776048131
|switch|p1a: Primarina|Primarina, M, shiny|100/100
|move|p2a: Mudsdale|Stealth Rock|p1a: Primarina
|-sidestart|p1: koreanbreakfast|move: Stealth Rock
|
|upkeep
|turn|18
|
|t:|1776048135
|switch|p2a: Corviknight|Corviknight, M|36/100 brn
|-ability|p2a: Corviknight|Pressure
|move|p1a: Primarina|Psychic Noise|p2a: Corviknight
|-damage|p2a: Corviknight|0 fnt
|faint|p2a: Corviknight
|
|upkeep
|
|t:|1776048152
|switch|p2a: Goodra|Goodra-Hisui, M|78/100
|turn|19
|
|t:|1776048156
|switch|p1a: Great Tusk|Great Tusk, shiny|83/100
|-damage|p1a: Great Tusk|80/100|[from] Stealth Rock
|move|p2a: Goodra|Knock Off|p1a: Great Tusk
|-resisted|p1a: Great Tusk
|-damage|p1a: Great Tusk|75/100
|
|upkeep
|turn|20
|
|t:|1776048161
|switch|p2a: Dragapult|Dragapult, F|100/100
|move|p1a: Great Tusk|Headlong Rush|p2a: Dragapult
|-damage|p2a: Dragapult|22/100
|-unboost|p1a: Great Tusk|def|1
|-unboost|p1a: Great Tusk|spd|1
|
|upkeep
|turn|21
|
|t:|1776048167
|-end|p1a: Great Tusk|Protosynthesis|[silent]
|switch|p1a: Primarina|Primarina, M, shiny|100/100
|-damage|p1a: Primarina|88/100|[from] Stealth Rock
|move|p2a: Dragapult|Dragon Darts|p1a: Primarina
|-immune|p1a: Primarina
|
|-heal|p1a: Primarina|94/100|[from] item: Leftovers
|upkeep
|turn|22
|
|t:|1776048173
|switch|p2a: Goodra|Goodra-Hisui, M|78/100
|move|p1a: Primarina|Moonblast|p2a: Goodra
|-damage|p2a: Goodra|58/100
|-unboost|p2a: Goodra|spa|1
|
|-heal|p1a: Primarina|99/100|[from] item: Leftovers
|upkeep
|turn|23
|
|t:|1776048181
|switch|p1a: Great Tusk|Great Tusk, shiny|75/100
|-damage|p1a: Great Tusk|72/100|[from] Stealth Rock
|move|p2a: Goodra|Dragon Tail|p1a: Great Tusk
|-damage|p1a: Great Tusk|58/100
|-end|p1a: Great Tusk|Protosynthesis|[silent]
|drag|p1a: Kingambit|Kingambit, M, shiny|90/100 par
|-damage|p1a: Kingambit|84/100 par|[from] Stealth Rock
|
|-heal|p1a: Kingambit|90/100 par|[from] item: Leftovers
|upkeep
|turn|24
|
|t:|1776048197
|move|p2a: Goodra|Knock Off|p1a: Kingambit
|-resisted|p1a: Kingambit
|-damage|p1a: Kingambit|83/100 par
|-enditem|p1a: Kingambit|Leftovers|[from] move: Knock Off|[of] p2a: Goodra
|move|p1a: Kingambit|Swords Dance|p1a: Kingambit
|-boost|p1a: Kingambit|atk|2
|
|upkeep
|turn|25
|
|t:|1776048203
|cant|p1a: Kingambit|par
|move|p2a: Goodra|Dragon Tail|p1a: Kingambit
|-resisted|p1a: Kingambit
|-damage|p1a: Kingambit|76/100 par
|-end|p1a: Kingambit|fallenundefined|[silent]
|drag|p1a: Great Tusk|Great Tusk, shiny|58/100
|-damage|p1a: Great Tusk|55/100|[from] Stealth Rock
|
|upkeep
|turn|26
|
|t:|1776048210
|switch|p2a: Dragapult|Dragapult, F|22/100
|move|p1a: Great Tusk|Rapid Spin|p2a: Dragapult
|-immune|p2a: Dragapult
|
|upkeep
|turn|27
|
|t:|1776048219
|-end|p1a: Great Tusk|Protosynthesis|[silent]
|switch|p1a: Primarina|Primarina, M, shiny|99/100
|-damage|p1a: Primarina|88/100|[from] Stealth Rock
|move|p2a: Dragapult|U-turn|p1a: Primarina
|-resisted|p1a: Primarina
|-crit|p1a: Primarina
|-damage|p1a: Primarina|62/100
|
|t:|1776048227
|switch|p2a: Iron Moth|Iron Moth|100/100|[from] U-turn
|-enditem|p2a: Iron Moth|Booster Energy
|-activate|p2a: Iron Moth|ability: Quark Drive|[fromitem]
|-start|p2a: Iron Moth|quarkdrivespa
|
|-heal|p1a: Primarina|68/100|[from] item: Leftovers
|upkeep
|turn|28
|
|t:|1776048240
|switch|p1a: Slowking|Slowking-Galar, M, shiny|79/100
|-damage|p1a: Slowking|66/100|[from] Stealth Rock
|move|p2a: Iron Moth|Agility|p2a: Iron Moth
|-boost|p2a: Iron Moth|spe|2
|
|upkeep
|turn|29
|
|t:|1776048251
|move|p2a: Iron Moth|Fiery Dance|p1a: Slowking
|-damage|p1a: Slowking|33/100
|-boost|p2a: Iron Moth|spa|1
|move|p1a: Slowking|Psychic Noise|p2a: Iron Moth
|-supereffective|p2a: Iron Moth
|-damage|p2a: Iron Moth|46/100
|-start|p2a: Iron Moth|move: Heal Block
|
|upkeep
|turn|30
|
|t:|1776048261
|move|p2a: Iron Moth|Fiery Dance|p1a: Slowking
|-damage|p1a: Slowking|0 fnt
|faint|p1a: Slowking
|
|-end|p2a: Iron Moth|move: Heal Block
|upkeep
|
|t:|1776048271
|switch|p1a: Kingambit|Kingambit, M, shiny|76/100 par
|-damage|p1a: Kingambit|70/100 par|[from] Stealth Rock
|-activate|p1a: Kingambit|ability: Supreme Overlord
|-start|p1a: Kingambit|fallen1|[silent]
|turn|31
|
|t:|1776048275
|move|p1a: Kingambit|Sucker Punch|p2a: Iron Moth
|-damage|p2a: Iron Moth|0 fnt
|faint|p2a: Iron Moth
|-end|p2a: Iron Moth|Quark Drive|[silent]
|
|upkeep
|
|t:|1776048283
|switch|p2a: Goodra|Goodra-Hisui, M|58/100
|turn|32
|
|t:|1776048288
|move|p1a: Kingambit|Kowtow Cleave|p2a: Goodra
|-damage|p2a: Goodra|8/100
|move|p2a: Goodra|Dragon Tail|p1a: Kingambit
|-resisted|p1a: Kingambit
|-damage|p1a: Kingambit|63/100 par
|-end|p1a: Kingambit|fallen1|[silent]
|drag|p1a: Primarina|Primarina, M, shiny|68/100
|-damage|p1a: Primarina|56/100|[from] Stealth Rock
|
|-heal|p1a: Primarina|62/100|[from] item: Leftovers
|upkeep
|turn|33
|
|t:|1776048298
|move|p1a: Primarina|Moonblast|p2a: Goodra
|-damage|p2a: Goodra|0 fnt
|faint|p2a: Goodra
|
|-heal|p1a: Primarina|68/100|[from] item: Leftovers
|upkeep
|
|t:|1776048313
|switch|p2a: Primarina|Primarina, M|61/100
|turn|34
|
|t:|1776048318
|move|p2a: Primarina|Energy Ball|p1a: Primarina
|-supereffective|p1a: Primarina
|-damage|p1a: Primarina|2/100
|move|p1a: Primarina|Moonblast|p2a: Primarina
|-crit|p2a: Primarina
|-damage|p2a: Primarina|0 fnt
|faint|p2a: Primarina
|
|-heal|p1a: Primarina|8/100|[from] item: Leftovers
|upkeep
|
|t:|1776048332
|switch|p2a: Dragapult|Dragapult, F|22/100
|turn|35
|
|t:|1776048334
|move|p2a: Dragapult|U-turn|p1a: Primarina
|-resisted|p1a: Primarina
|-damage|p1a: Primarina|0 fnt
|faint|p1a: Primarina
|
|t:|1776048338
|switch|p2a: Mudsdale|Mudsdale, F|77/100|[from] U-turn
|
|upkeep
|
|t:|1776048358
|switch|p1a: Enamorus|Enamorus, F, shiny|100/100
|-damage|p1a: Enamorus|76/100|[from] Stealth Rock
|turn|36
|
|t:|1776048375
|move|p1a: Enamorus|Moonblast|p2a: Mudsdale
|-damage|p2a: Mudsdale|21/100
|-unboost|p2a: Mudsdale|spa|1
|-ability|p2a: Mudsdale|Stamina|boost
|-boost|p2a: Mudsdale|def|1
|move|p2a: Mudsdale|Roar|p1a: Enamorus
|drag|p1a: Ogerpon|Ogerpon, F|100/100
|-damage|p1a: Ogerpon|88/100|[from] Stealth Rock
|
|upkeep
|turn|37
|
|t:|1776048385
|move|p1a: Ogerpon|Ivy Cudgel|p2a: Mudsdale
|-supereffective|p2a: Mudsdale
|-damage|p2a: Mudsdale|0 fnt
|faint|p2a: Mudsdale
|
|upkeep
|
|t:|1776048388
|switch|p2a: Dragapult|Dragapult, F|22/100
|turn|38
|
|t:|1776048391
|-terastallize|p1a: Ogerpon|Grass
|detailschange|p1a: Ogerpon|Ogerpon-Teal-Tera, F, tera:Grass
|-ability|p1a: Ogerpon|Embody Aspect (Teal)|boost
|-boost|p1a: Ogerpon|spe|1
|move|p2a: Dragapult|U-turn|p1a: Ogerpon
|-supereffective|p1a: Ogerpon
|-damage|p1a: Ogerpon|30/100
|move|p1a: Ogerpon|Ivy Cudgel|p2a: Dragapult
|-resisted|p2a: Dragapult
|-damage|p2a: Dragapult|0 fnt
|faint|p2a: Dragapult
|
|win|koreanbreakfast
|raw|koreanbreakfast's rating: 1319 &rarr; <strong>1338</strong><br />(+19 for winning)
|raw|vryfast's rating: 1305 &rarr; <strong>1286</strong><br />(-19 for losing)
|l| ohko_smeargle
