|html|<div class="broadcast-blue"><strong>[Gen 9] OU is currently suspecting Volcarona! For information on how to participate check out the <a href="https://www.smogon.com/tools/suspects/view/208">suspect thread</a>.</strong></div>
|j|☆karmasiren
|j|☆cesana
|t:|1778501227
|gametype|singles
|player|p1|karmasiren|skyla|1414
|player|p2|cesana|cynthia-gen4|1538
|gen|9
|tier|[Gen 9] OU
|rated|
|rule|HP Percentage Mod: HP is shown in percentages
|rule|Endless Battle Clause: Forcing endless battles is banned
|rule|Species Clause: Limit one of each Pokémon
|rule|OHKO Clause: OHKO moves are banned
|rule|Evasion Items Clause: Evasion items are banned
|rule|Evasion Moves Clause: Evasion moves are banned
|rule|Evasion Abilities Clause: Evasion abilities are banned
|rule|Sleep Moves Clause: Sleep-inducing moves are banned
|clearpoke
|poke|p1|Tinkaton, F|
|poke|p1|Ogerpon, F|
|poke|p1|Great Tusk|
|poke|p1|Pecharunt|
|poke|p1|Alomomola, M|
|poke|p1|Hydreigon, M|
|poke|p2|Ogerpon-Wellspring, F|
|poke|p2|Basculegion-F, F|
|poke|p2|Landorus-Therian, M|
|poke|p2|Pelipper, M|
|poke|p2|Kingdra, F|
|poke|p2|Raging Bolt|
|teampreview
|inactive|Battle timer is ON: inactive players will automatically lose when time's up. (requested by cesana)
|
|t:|1778501249
|teamsize|p1|6
|teamsize|p2|6
|start
|switch|p1a: Smile.exe|Tinkaton, F, shiny|100/100
|switch|p2a: Pelipper|Pelipper, M|100/100
|-item|p1a: Smile.exe|Air Balloon
|-weather|RainDance|[from] ability: Drizzle|[of] p2a: Pelipper
|turn|1
|
|t:|1778501258
|switch|p2a: Landorus|Landorus-Therian, M|100/100
|-ability|p2a: Landorus|Intimidate|boost
|-unboost|p1a: Smile.exe|atk|1
|move|p1a: Smile.exe|Stealth Rock|p2a: Landorus
|-sidestart|p2: cesana|move: Stealth Rock
|
|-weather|RainDance|[upkeep]
|upkeep
|turn|2
|
|t:|1778501270
|move|p1a: Smile.exe|Ice Hammer|p2a: Landorus
|-supereffective|p2a: Landorus
|-damage|p2a: Landorus|19/100
|-unboost|p1a: Smile.exe|spe|1
|move|p2a: Landorus|Nasty Plot|p2a: Landorus
|-boost|p2a: Landorus|spa|2
|
|-weather|RainDance|[upkeep]
|-heal|p2a: Landorus|25/100|[from] item: Leftovers
|upkeep
|turn|3
|
|t:|1778501276
|move|p2a: Landorus|Weather Ball|p1a: Smile.exe
|-damage|p1a: Smile.exe|9/100
|-enditem|p1a: Smile.exe|Air Balloon
|move|p1a: Smile.exe|Ice Hammer|p2a: Landorus
|-supereffective|p2a: Landorus
|-damage|p2a: Landorus|0 fnt
|-unboost|p1a: Smile.exe|spe|1
|faint|p2a: Landorus
|
|-weather|RainDance|[upkeep]
|upkeep
|
|t:|1778501294
|switch|p2a: Ogerpon|Ogerpon-Wellspring, F|100/100
|-damage|p2a: Ogerpon|88/100|[from] Stealth Rock
|turn|4
|
|t:|1778501303
|switch|p1a: Anonymous|Ogerpon, F|100/100
|move|p2a: Ogerpon|Swords Dance|p2a: Ogerpon
|-boost|p2a: Ogerpon|atk|2
|
|-weather|RainDance|[upkeep]
|upkeep
|turn|5
|inactive|cesana has 120 seconds left.
|
|t:|1778501334
|-terastallize|p1a: Anonymous|Grass
|detailschange|p1a: Anonymous|Ogerpon-Teal-Tera, F, tera:Grass
|-ability|p1a: Anonymous|Embody Aspect (Teal)|boost
|-boost|p1a: Anonymous|spe|1
|move|p1a: Anonymous|Ivy Cudgel|p2a: Ogerpon
|-damage|p2a: Ogerpon|0 fnt
|faint|p2a: Ogerpon
|
|-weather|RainDance|[upkeep]
|upkeep
|inactive|cesana has 120 seconds left.
|
|t:|1778501343
|switch|p2a: Kingdra|Kingdra, F|100/100
|-damage|p2a: Kingdra|88/100|[from] Stealth Rock
|turn|6
|
|t:|1778501349
|switch|p1a: Pisces|Alomomola, M, shiny|100/100
|move|p2a: Kingdra|Hurricane|p1a: Pisces
|-damage|p1a: Pisces|75/100
|
|-weather|RainDance|[upkeep]
|upkeep
|turn|7
|
|t:|1778501356
|switch|p2a: Raging Bolt|Raging Bolt|100/100
|-damage|p2a: Raging Bolt|88/100|[from] Stealth Rock
|-enditem|p2a: Raging Bolt|Booster Energy
|-activate|p2a: Raging Bolt|ability: Protosynthesis|[fromitem]
|-start|p2a: Raging Bolt|protosynthesisspa
|move|p1a: Pisces|Flip Turn|p2a: Raging Bolt
|-resisted|p2a: Raging Bolt
|-damage|p2a: Raging Bolt|77/100
|
|t:|1778501359
|switch|p1a: Behemoth|Great Tusk, shiny|100/100|[from] Flip Turn
|
|-weather|RainDance|[upkeep]
|upkeep
|turn|8
|
|t:|1778501369
|-end|p1a: Behemoth|Protosynthesis|[silent]
|switch|p1a: Smile.exe|Tinkaton, F, shiny|9/100
|-end|p2a: Raging Bolt|Protosynthesis|[silent]
|switch|p2a: Pelipper|Pelipper, M|100/100
|-damage|p2a: Pelipper|76/100|[from] Stealth Rock
|
|-weather|none
|upkeep
|turn|9
|inactive|karmasiren has 120 seconds left.
|
|t:|1778501406
|move|p1a: Smile.exe|Gigaton Hammer|p2a: Pelipper
|-resisted|p2a: Pelipper
|-damage|p2a: Pelipper|53/100
|move|p2a: Pelipper|U-turn|p1a: Smile.exe
|-resisted|p1a: Smile.exe
|-damage|p1a: Smile.exe|6/100
|-enditem|p2a: Pelipper|Damp Rock|[silent]|[from] ability: Pickpocket|[of] p2a: Pelipper
|-item|p1a: Smile.exe|Damp Rock|[from] ability: Pickpocket|[of] p2a: Pelipper
|
|t:|1778501410
|switch|p2a: Basculegion|Basculegion-F, F|100/100|[from] U-turn
|-damage|p2a: Basculegion|88/100|[from] Stealth Rock
|
|upkeep
|turn|10
|
|t:|1778501415
|switch|p2a: Pelipper|Pelipper, M|53/100
|-damage|p2a: Pelipper|28/100|[from] Stealth Rock
|-weather|RainDance|[from] ability: Drizzle|[of] p2a: Pelipper
|move|p1a: Smile.exe|Ice Hammer|p2a: Pelipper
|-damage|p2a: Pelipper|11/100
|-unboost|p1a: Smile.exe|spe|1
|
|-weather|RainDance|[upkeep]
|upkeep
|turn|11
|
|t:|1778501424
|move|p1a: Smile.exe|Gigaton Hammer|p2a: Pelipper
|-resisted|p2a: Pelipper
|-damage|p2a: Pelipper|0 fnt
|faint|p2a: Pelipper
|
|-weather|RainDance|[upkeep]
|upkeep
|
|t:|1778501433
|switch|p2a: Raging Bolt|Raging Bolt|77/100
|-damage|p2a: Raging Bolt|65/100|[from] Stealth Rock
|turn|12
|
|t:|1778501437
|move|p2a: Raging Bolt|Weather Ball|p1a: Smile.exe
|-damage|p1a: Smile.exe|0 fnt
|faint|p1a: Smile.exe
|
|-weather|RainDance|[upkeep]
|upkeep
|
|t:|1778501443
|switch|p1a: Anonymous|Ogerpon-Teal-Tera, F, tera:Grass|100/100
|-ability|p1a: Anonymous|Embody Aspect (Teal)|boost
|-boost|p1a: Anonymous|spe|1
|turn|13
|
|t:|1778501451
|move|p2a: Raging Bolt|Thunderclap|p1a: Anonymous
|-resisted|p1a: Anonymous
|-damage|p1a: Anonymous|75/100
|move|p1a: Anonymous|U-turn|p2a: Raging Bolt
|-damage|p2a: Raging Bolt|35/100
|
|t:|1778501455
|switch|p1a: Pisces|Alomomola, M, shiny|100/100|[from] U-turn
|
|-weather|RainDance|[upkeep]
|upkeep
|turn|14
|
|t:|1778501457
|move|p2a: Raging Bolt|Thunder|p1a: Pisces
|-supereffective|p1a: Pisces
|-damage|p1a: Pisces|40/100
|move|p1a: Pisces|Flip Turn|p2a: Raging Bolt
|-resisted|p2a: Raging Bolt
|-damage|p2a: Raging Bolt|24/100
|
|t:|1778501463
|switch|p1a: Behemoth|Great Tusk, shiny|100/100|[from] Flip Turn
|
|-weather|none
|upkeep
|turn|15
|
|t:|1778501466
|move|p1a: Behemoth|Headlong Rush|p2a: Raging Bolt
|-supereffective|p2a: Raging Bolt
|-damage|p2a: Raging Bolt|0 fnt
|-unboost|p1a: Behemoth|def|1
|-unboost|p1a: Behemoth|spd|1
|faint|p2a: Raging Bolt
|-end|p2a: Raging Bolt|Protosynthesis|[silent]
|
|upkeep
|
|t:|1778501470
|switch|p2a: Kingdra|Kingdra, F|88/100
|-damage|p2a: Kingdra|76/100|[from] Stealth Rock
|turn|16
|c|☆karmasiren|gg
|
|t:|1778501472
|move|p1a: Behemoth|Headlong Rush|p2a: Kingdra
|-damage|p2a: Kingdra|0 fnt
|-unboost|p1a: Behemoth|def|1
|-unboost|p1a: Behemoth|spd|1
|faint|p2a: Kingdra
|
|upkeep
|
|t:|1778501475
|switch|p2a: Basculegion|Basculegion-F, F|88/100
|-damage|p2a: Basculegion|76/100|[from] Stealth Rock
|turn|17
|
|t:|1778501477
|move|p1a: Behemoth|Headlong Rush|p2a: Basculegion
|-damage|p2a: Basculegion|0 fnt
|-unboost|p1a: Behemoth|def|1
|-unboost|p1a: Behemoth|spd|1
|faint|p2a: Basculegion
|
|win|karmasiren
|raw|karmasiren's rating: 1414 &rarr; <strong>1441</strong><br />(+27 for winning)
|raw|cesana's rating: 1538 &rarr; <strong>1511</strong><br />(-27 for losing)
|l|☆cesana
|player|p2|
|l|☆karmasiren
|player|p1|
