|html|<div class="broadcast-blue"><strong>[Gen 9] OU is currently suspecting Tera Blast! For information on how to participate check out the <a href="https://www.smogon.com/tools/suspects/view/200">suspect thread</a>.</strong></div>
|j|☆lokitheasgard
|j|☆sigmawolfwood
|t:|1776043581
|gametype|singles
|player|p1|lokitheasgard|265|1099
|player|p2|sigmawolfwood|battlegirl|1130
|gen|9
|tier|[Gen 9] OU
|rated|
|rule|HP Percentage Mod: HP is shown in percentages
|rule|Endless Battle Clause: Forcing endless battles is banned
|rule|Species Clause: Limit one of each Pokémon
|rule|OHKO Clause: OHKO moves are banned
|rule|Evasion Items Clause: Evasion items are banned
|rule|Evasion Moves Clause: Evasion moves are banned
|rule|Evasion Abilities Clause: Evasion abilities are banned
|rule|Sleep Moves Clause: Sleep-inducing moves are banned
|clearpoke
|poke|p1|Gliscor, M|
|poke|p1|Torkoal, M|
|poke|p1|Leavanny, F|
|poke|p1|Great Tusk|
|poke|p1|Slowking-Galar, F|
|poke|p1|Rampardos, F|
|poke|p2|Garchomp, M|
|poke|p2|Rotom-Mow|
|poke|p2|Quaquaval, F|
|poke|p2|Zoroark-Hisui, F|
|poke|p2|Mew|
|poke|p2|Tinkaton, F|
|teampreview
|
|t:|1776043588
|teamsize|p1|6
|teamsize|p2|6
|start
|switch|p1a: Torkoal|Torkoal, M|100/100
|switch|p2a: Mew|Mew, shiny|100/100
|-weather|SunnyDay|[from] ability: Drought|[of] p1a: Torkoal
|turn|1
|
|t:|1776043598
|move|p2a: Mew|Nasty Plot|p2a: Mew
|-boost|p2a: Mew|spa|2
|move|p1a: Torkoal|Flamethrower|p2a: Mew
|-enditem|p2a: Mew|Focus Sash
|-damage|p2a: Mew|1/100
|replace|p2a: Zoroark|Zoroark-Hisui, F
|-end|p2a: Zoroark|Illusion
|
|-weather|SunnyDay|[upkeep]
|upkeep
|turn|2
|
|t:|1776043609
|-terastallize|p2a: Zoroark|Normal
|move|p2a: Zoroark|Hyper Voice|p1a: Torkoal
|-damage|p1a: Torkoal|0 fnt
|faint|p1a: Torkoal
|
|-weather|SunnyDay|[upkeep]
|upkeep
|
|t:|1776043617
|switch|p1a: Leavanny|Leavanny, F|100/100
|turn|3
|
|t:|1776043621
|move|p1a: Leavanny|Leaf Blade|p2a: Zoroark
|-damage|p2a: Zoroark|0 fnt
|faint|p2a: Zoroark
|
|-weather|SunnyDay|[upkeep]
|upkeep
|
|t:|1776043631
|switch|p2a: Garchomp|Garchomp, M|100/100
|turn|4
|
|t:|1776043635
|move|p1a: Leavanny|Sticky Web|p2a: Garchomp
|-sidestart|p2: sigmawolfwood|move: Sticky Web
|move|p2a: Garchomp|Stealth Rock|p1a: Leavanny
|-sidestart|p1: lokitheasgard|move: Stealth Rock
|
|-weather|SunnyDay|[upkeep]
|upkeep
|turn|5
|
|t:|1776043641
|move|p1a: Leavanny|Triple Axel|p2a: Garchomp|[miss]
|-miss|p1a: Leavanny|p2a: Garchomp
|move|p2a: Garchomp|Dragon Tail|p1a: Leavanny
|-damage|p1a: Leavanny|55/100
|drag|p1a: Rampardos|Rampardos, F|100/100
|-damage|p1a: Rampardos|88/100|[from] Stealth Rock
|-ability|p1a: Rampardos|Mold Breaker
|
|-weather|none
|upkeep
|turn|6
|
|t:|1776043654
|move|p2a: Garchomp|Spikes|p1a: Rampardos
|-sidestart|p1: lokitheasgard|Spikes
|move|p1a: Rampardos|Trailblaze|p2a: Garchomp
|-damage|p2a: Garchomp|82/100
|-boost|p1a: Rampardos|spe|1
|-damage|p1a: Rampardos|76/100|[from] ability: Rough Skin|[of] p2a: Garchomp
|-damage|p1a: Rampardos|60/100|[from] item: Rocky Helmet|[of] p2a: Garchomp
|-damage|p1a: Rampardos|50/100|[from] item: Life Orb
|
|upkeep
|turn|7
|
|t:|1776043666
|move|p1a: Rampardos|Rock Slide|p2a: Garchomp
|-resisted|p2a: Garchomp
|-damage|p2a: Garchomp|62/100
|-damage|p1a: Rampardos|40/100|[from] item: Life Orb
|move|p2a: Garchomp|Earthquake|p1a: Rampardos
|-supereffective|p1a: Rampardos
|-damage|p1a: Rampardos|0 fnt
|faint|p1a: Rampardos
|
|upkeep
|
|t:|1776043676
|switch|p1a: Great Tusk|Great Tusk|100/100
|-damage|p1a: Great Tusk|98/100|[from] Stealth Rock
|-damage|p1a: Great Tusk|85/100|[from] Spikes
|-enditem|p1a: Great Tusk|Booster Energy
|-activate|p1a: Great Tusk|ability: Protosynthesis|[fromitem]
|-start|p1a: Great Tusk|protosynthesisdef
|turn|8
|
|t:|1776043685
|move|p1a: Great Tusk|Rapid Spin|p2a: Garchomp
|-damage|p2a: Garchomp|51/100
|-boost|p1a: Great Tusk|spe|1
|-damage|p1a: Great Tusk|73/100|[from] ability: Rough Skin|[of] p2a: Garchomp
|-damage|p1a: Great Tusk|56/100|[from] item: Rocky Helmet|[of] p2a: Garchomp
|-sideend|p1: lokitheasgard|Spikes|[from] move: Rapid Spin|[of] p1a: Great Tusk
|-sideend|p1: lokitheasgard|Stealth Rock|[from] move: Rapid Spin|[of] p1a: Great Tusk
|move|p2a: Garchomp|Dragon Tail|p1a: Great Tusk
|-damage|p1a: Great Tusk|44/100
|-end|p1a: Great Tusk|Protosynthesis|[silent]
|drag|p1a: Gliscor|Gliscor, M|100/100
|
|-status|p1a: Gliscor|tox|[from] item: Toxic Orb
|upkeep
|turn|9
|
|t:|1776043702
|switch|p2a: Quaquaval|Quaquaval, F|100/100
|-activate|p2a: Quaquaval|move: Sticky Web
|-unboost|p2a: Quaquaval|spe|1
|move|p1a: Gliscor|Swords Dance|p1a: Gliscor
|-boost|p1a: Gliscor|atk|2
|
|upkeep
|turn|10
|
|t:|1776043711
|move|p1a: Gliscor|Dual Wingbeat|p2a: Quaquaval
|-supereffective|p2a: Quaquaval
|-damage|p2a: Quaquaval|15/100
|-supereffective|p2a: Quaquaval
|-damage|p2a: Quaquaval|0 fnt
|faint|p2a: Quaquaval
|-hitcount|p2: Quaquaval|2
|
|upkeep
|
|t:|1776043718
|switch|p2a: Mew|Mew, shiny|100/100
|-activate|p2a: Mew|move: Sticky Web
|-unboost|p2a: Mew|spe|1
|turn|11
|
|t:|1776043730
|move|p1a: Gliscor|Facade|p2a: Mew
|-damage|p2a: Mew|35/100
|move|p2a: Mew|Fire Spin|p1a: Gliscor
|-damage|p1a: Gliscor|88/100 tox
|-activate|p1a: Gliscor|move: Fire Spin|[of] p2a: Mew
|
|-heal|p2a: Mew|42/100|[from] item: Leftovers
|-heal|p1a: Gliscor|100/100 tox|[from] ability: Poison Heal
|-damage|p1a: Gliscor|88/100 tox|[from] move: Fire Spin|[partiallytrapped]
|upkeep
|turn|12
|
|t:|1776043741
|move|p1a: Gliscor|Facade|p2a: Mew
|-damage|p2a: Mew|0 fnt
|faint|p2a: Mew
|
|-heal|p1a: Gliscor|100/100 tox|[from] ability: Poison Heal
|-end|p1a: Gliscor|Fire Spin|[partiallytrapped]|[silent]
|upkeep
|l|☆sigmawolfwood
|player|p2|
|inactive|Battle timer is ON: inactive players will automatically lose when time's up. (requested by lokitheasgard)
|inactive|sigmawolfwood has 30 seconds to reconnect!
|inactive|sigmawolfwood has 20 seconds to reconnect!
|inactive|sigmawolfwood has 15 seconds to reconnect!
|inactive|sigmawolfwood has 10 seconds to reconnect!
|inactive|sigmawolfwood has 5 seconds to reconnect!
|-message|sigmawolfwood lost due to inactivity.
|
|win|lokitheasgard
|raw|lokitheasgard's rating: 1099 &rarr; <strong>1126</strong><br />(+27 for winning)
|raw|sigmawolfwood's rating: 1130 &rarr; <strong>1103</strong><br />(-27 for losing)
