|html|<div class="broadcast-blue"><strong>[Gen 9] OU is currently suspecting Tera Blast! For information on how to participate check out the <a href="https://www.smogon.com/tools/suspects/view/200">suspect thread</a>.</strong></div>
|j|☆mansonabuluting
|j|☆Blastoise_Choice
|t:|1776072253
|gametype|singles
|player|p1|mansonabuluting|bellelba|1707
|player|p2|Blastoise_Choice|benga|1619
|gen|9
|tier|[Gen 9] OU
|rated|
|rule|HP Percentage Mod: HP is shown in percentages
|rule|Endless Battle Clause: Forcing endless battles is banned
|rule|Species Clause: Limit one of each Pokémon
|rule|OHKO Clause: OHKO moves are banned
|rule|Evasion Items Clause: Evasion items are banned
|rule|Evasion Moves Clause: Evasion moves are banned
|rule|Evasion Abilities Clause: Evasion abilities are banned
|rule|Sleep Moves Clause: Sleep-inducing moves are banned
|clearpoke
|poke|p1|Rillaboom, F|
|poke|p1|Hawlucha, M|
|poke|p1|Great Tusk|
|poke|p1|Volcanion|
|poke|p1|Goodra-Hisui, M|
|poke|p1|Thundurus-Therian, M|
|poke|p2|Hydrapple, M|
|poke|p2|Tyranitar, F|
|poke|p2|Moltres|
|poke|p2|Zamazenta-*|
|poke|p2|Slowking-Galar, M|
|poke|p2|Excadrill, F|
|teampreview
|c|☆Blastoise_Choice|hf
|inactive|Battle timer is ON: inactive players will automatically lose when time's up. (requested by Blastoise_Choice)
|
|t:|1776072283
|teamsize|p1|6
|teamsize|p2|6
|start
|switch|p1a: Rillaboom|Rillaboom, F|100/100
|switch|p2a: Slowking|Slowking-Galar, M|100/100
|-fieldstart|move: Grassy Terrain|[from] ability: Grassy Surge|[of] p1a: Rillaboom
|turn|1
|c|☆mansonabuluting|u2
|
|t:|1776072291
|move|p1a: Rillaboom|Knock Off|p2a: Slowking
|-supereffective|p2a: Slowking
|-damage|p2a: Slowking|18/100
|-enditem|p2a: Slowking|Assault Vest|[from] move: Knock Off|[of] p1a: Rillaboom
|move|p2a: Slowking|Sludge Bomb|p1a: Rillaboom
|-supereffective|p1a: Rillaboom
|-damage|p1a: Rillaboom|19/100
|
|-heal|p1a: Rillaboom|25/100|[from] Grassy Terrain
|-heal|p2a: Slowking|24/100|[from] Grassy Terrain
|upkeep
|turn|2
|
|t:|1776072299
|switch|p2a: Tyranitar|Tyranitar, F|100/100
|-weather|Sandstorm|[from] ability: Sand Stream|[of] p2a: Tyranitar
|move|p1a: Rillaboom|Knock Off|p2a: Tyranitar
|-resisted|p2a: Tyranitar
|-damage|p2a: Tyranitar|79/100
|-enditem|p2a: Tyranitar|Smooth Rock|[from] move: Knock Off|[of] p1a: Rillaboom
|
|-weather|Sandstorm|[upkeep]
|-damage|p1a: Rillaboom|19/100|[from] Sandstorm
|-heal|p1a: Rillaboom|25/100|[from] Grassy Terrain
|-heal|p2a: Tyranitar|86/100|[from] Grassy Terrain
|upkeep
|turn|3
|
|t:|1776072312
|switch|p1a: Volcanion|Volcanion|100/100
|move|p2a: Tyranitar|Knock Off|p1a: Volcanion
|-damage|p1a: Volcanion|68/100
|-enditem|p1a: Volcanion|Choice Specs|[from] move: Knock Off|[of] p2a: Tyranitar
|
|-weather|Sandstorm|[upkeep]
|-damage|p1a: Volcanion|62/100|[from] Sandstorm
|-heal|p1a: Volcanion|68/100|[from] Grassy Terrain
|-heal|p2a: Tyranitar|92/100|[from] Grassy Terrain
|upkeep
|turn|4
|
|t:|1776072329
|move|p1a: Volcanion|Steam Eruption|p2a: Tyranitar|[miss]
|-miss|p1a: Volcanion|p2a: Tyranitar
|move|p2a: Tyranitar|Thunder Wave|p1a: Volcanion
|-status|p1a: Volcanion|par
|
|-weather|Sandstorm|[upkeep]
|-damage|p1a: Volcanion|62/100 par|[from] Sandstorm
|-heal|p2a: Tyranitar|98/100|[from] Grassy Terrain
|-heal|p1a: Volcanion|68/100 par|[from] Grassy Terrain
|upkeep
|turn|5
|
|t:|1776072350
|move|p2a: Tyranitar|Stealth Rock|p1a: Volcanion
|-sidestart|p1: mansonabuluting|move: Stealth Rock
|move|p1a: Volcanion|Steam Eruption|p2a: Tyranitar
|-supereffective|p2a: Tyranitar
|-damage|p2a: Tyranitar|47/100
|
|-weather|Sandstorm|[upkeep]
|-damage|p1a: Volcanion|62/100 par|[from] Sandstorm
|-heal|p2a: Tyranitar|54/100|[from] Grassy Terrain
|-heal|p1a: Volcanion|68/100 par|[from] Grassy Terrain
|-fieldend|move: Grassy Terrain
|upkeep
|turn|6
|
|t:|1776072357
|switch|p1a: Great Tusk|Great Tusk|100/100
|-damage|p1a: Great Tusk|97/100|[from] Stealth Rock
|move|p2a: Tyranitar|Knock Off|p1a: Great Tusk
|-resisted|p1a: Great Tusk
|-damage|p1a: Great Tusk|88/100
|-damage|p2a: Tyranitar|37/100|[from] item: Rocky Helmet|[of] p1a: Great Tusk
|-enditem|p1a: Great Tusk|Rocky Helmet|[from] move: Knock Off|[of] p2a: Tyranitar
|
|-weather|Sandstorm|[upkeep]
|upkeep
|turn|7
|
|t:|1776072364
|move|p1a: Great Tusk|Stealth Rock|p2a: Tyranitar
|-sidestart|p2: Blastoise_Choice|move: Stealth Rock
|move|p2a: Tyranitar|Ice Beam|p1a: Great Tusk
|-supereffective|p1a: Great Tusk
|-damage|p1a: Great Tusk|39/100
|
|-weather|Sandstorm|[upkeep]
|upkeep
|turn|8
|
|t:|1776072371
|move|p1a: Great Tusk|Headlong Rush|p2a: Tyranitar
|-supereffective|p2a: Tyranitar
|-damage|p2a: Tyranitar|0 fnt
|-unboost|p1a: Great Tusk|def|1
|-unboost|p1a: Great Tusk|spd|1
|faint|p2a: Tyranitar
|
|-weather|Sandstorm|[upkeep]
|upkeep
|
|t:|1776072377
|switch|p2a: Zamazenta|Zamazenta|100/100
|-damage|p2a: Zamazenta|94/100|[from] Stealth Rock
|-ability|p2a: Zamazenta|Dauntless Shield|boost
|-boost|p2a: Zamazenta|def|1
|turn|9
|
|t:|1776072384
|move|p2a: Zamazenta|Body Press|p1a: Great Tusk
|-damage|p1a: Great Tusk|0 fnt
|faint|p1a: Great Tusk
|-end|p1a: Great Tusk|Protosynthesis|[silent]
|
|-weather|none
|-heal|p2a: Zamazenta|100/100|[from] item: Leftovers
|upkeep
|
|t:|1776072389
|switch|p1a: Thundurus|Thundurus-Therian, M|100/100
|-damage|p1a: Thundurus|76/100|[from] Stealth Rock
|turn|10
|
|t:|1776072395
|-terastallize|p1a: Thundurus|Flying
|-terastallize|p2a: Zamazenta|Fire
|move|p1a: Thundurus|Tera Blast|p2a: Zamazenta|[anim] Tera Blast Flying
|-damage|p2a: Zamazenta|44/100
|move|p2a: Zamazenta|Body Press|p1a: Thundurus
|-resisted|p1a: Thundurus
|-crit|p1a: Thundurus
|-damage|p1a: Thundurus|7/100
|
|-heal|p2a: Zamazenta|50/100|[from] item: Leftovers
|upkeep
|turn|11
|
|t:|1776072404
|switch|p2a: Excadrill|Excadrill, F|100/100
|-damage|p2a: Excadrill|97/100|[from] Stealth Rock
|-item|p2a: Excadrill|Air Balloon
|move|p1a: Thundurus|Tera Blast|p2a: Excadrill|[anim] Tera Blast Flying
|-resisted|p2a: Excadrill
|-damage|p2a: Excadrill|52/100
|-enditem|p2a: Excadrill|Air Balloon
|
|upkeep
|turn|12
|
|t:|1776072418
|switch|p1a: Goodra|Goodra-Hisui, M|100/100
|-damage|p1a: Goodra|94/100|[from] Stealth Rock
|move|p2a: Excadrill|Rapid Spin|p1a: Goodra
|-resisted|p1a: Goodra
|-damage|p1a: Goodra|86/100
|-boost|p2a: Excadrill|spe|1
|-ability|p1a: Goodra|Gooey
|-unboost|p2a: Excadrill|spe|1
|-sideend|p2: Blastoise_Choice|Stealth Rock|[from] move: Rapid Spin|[of] p2a: Excadrill
|
|upkeep
|turn|13
|
|t:|1776072437
|switch|p1a: Thundurus|Thundurus-Therian, M, tera:Flying|7/100
|-damage|p1a: Thundurus|0 fnt|[from] Stealth Rock
|faint|p1a: Thundurus
|move|p2a: Excadrill|Earthquake|p1: Thundurus|[notarget]
|-fail|p2a: Excadrill
|
|upkeep
|
|t:|1776072439
|switch|p1a: Rillaboom|Rillaboom, F|25/100
|-damage|p1a: Rillaboom|12/100|[from] Stealth Rock
|-fieldstart|move: Grassy Terrain|[from] ability: Grassy Surge|[of] p1a: Rillaboom
|turn|14
|
|t:|1776072446
|switch|p2a: Zamazenta|Zamazenta, tera:Fire|50/100
|move|p1a: Rillaboom|Grassy Glide|p2a: Zamazenta
|-resisted|p2a: Zamazenta
|-damage|p2a: Zamazenta|28/100
|
|-heal|p2a: Zamazenta|34/100|[from] Grassy Terrain
|-heal|p2a: Zamazenta|40/100|[from] item: Leftovers
|-heal|p1a: Rillaboom|19/100|[from] Grassy Terrain
|upkeep
|turn|15
|
|t:|1776072452
|switch|p1a: Volcanion|Volcanion|68/100 par
|-damage|p1a: Volcanion|43/100 par|[from] Stealth Rock
|move|p2a: Zamazenta|Iron Defense|p2a: Zamazenta
|-boost|p2a: Zamazenta|def|2
|
|-heal|p2a: Zamazenta|47/100|[from] Grassy Terrain
|-heal|p2a: Zamazenta|53/100|[from] item: Leftovers
|-heal|p1a: Volcanion|50/100 par|[from] Grassy Terrain
|upkeep
|turn|16
|
|t:|1776072459
|move|p2a: Zamazenta|Body Press|p1a: Volcanion
|-crit|p1a: Volcanion
|-damage|p1a: Volcanion|0 fnt
|faint|p1a: Volcanion
|
|-heal|p2a: Zamazenta|59/100|[from] Grassy Terrain
|-heal|p2a: Zamazenta|65/100|[from] item: Leftovers
|upkeep
|
|t:|1776072464
|switch|p1a: Hawlucha|Hawlucha, M|100/100
|-damage|p1a: Hawlucha|88/100|[from] Stealth Rock
|-enditem|p1a: Hawlucha|Grassy Seed
|-boost|p1a: Hawlucha|def|1|[from] item: Grassy Seed
|turn|17
|
|t:|1776072470
|move|p1a: Hawlucha|Swords Dance|p1a: Hawlucha
|-boost|p1a: Hawlucha|atk|2
|move|p2a: Zamazenta|Roar|p1a: Hawlucha
|drag|p1a: Rillaboom|Rillaboom, F|19/100
|-damage|p1a: Rillaboom|6/100|[from] Stealth Rock
|
|-heal|p2a: Zamazenta|71/100|[from] Grassy Terrain
|-heal|p2a: Zamazenta|77/100|[from] item: Leftovers
|-heal|p1a: Rillaboom|12/100|[from] Grassy Terrain
|upkeep
|turn|18
|-message|mansonabuluting forfeited.
|
|win|Blastoise_Choice
|raw|mansonabuluting's rating: 1707 &rarr; <strong>1682</strong><br />(-25 for losing)
|raw|Blastoise_Choice's rating: 1619 &rarr; <strong>1644</strong><br />(+25 for winning)
|c|☆Blastoise_Choice|gg
