|html|<div class="broadcast-blue"><strong>[Gen 9] OU is currently suspecting Tera Blast! For information on how to participate check out the <a href="https://www.smogon.com/tools/suspects/view/200">suspect thread</a>.</strong></div>
|j|☆afip.gob.ar
|j|☆kyroshero
|t:|1776082656
|gametype|singles
|player|p1|afip.gob.ar|biker-gen4|1061
|player|p2|kyroshero|waiter-gen4|1107
|gen|9
|tier|[Gen 9] OU
|rated|
|rule|HP Percentage Mod: HP is shown in percentages
|rule|Endless Battle Clause: Forcing endless battles is banned
|rule|Species Clause: Limit one of each Pokémon
|rule|OHKO Clause: OHKO moves are banned
|rule|Evasion Items Clause: Evasion items are banned
|rule|Evasion Moves Clause: Evasion moves are banned
|rule|Evasion Abilities Clause: Evasion abilities are banned
|rule|Sleep Moves Clause: Sleep-inducing moves are banned
|clearpoke
|poke|p1|Tyranitar, F|
|poke|p1|Skarmory, F|
|poke|p1|Forretress, M|
|poke|p1|Blissey, F|
|poke|p1|Milotic, F|
|poke|p1|Breloom, F|
|poke|p2|Noivern, F|
|poke|p2|Espeon, F|
|poke|p2|Raging Bolt|
|poke|p2|Electrode-Hisui|
|poke|p2|Tauros-Paldea-Blaze, M|
|poke|p2|Kingambit, F|
|teampreview
|inactive|Battle timer is ON: inactive players will automatically lose when time's up. (requested by kyroshero)
|
|t:|1776082662
|teamsize|p1|6
|teamsize|p2|6
|start
|switch|p1a: Tyranitar|Tyranitar, F|100/100
|switch|p2a: Electrode|Electrode-Hisui|100/100
|-weather|Sandstorm|[from] ability: Sand Stream|[of] p1a: Tyranitar
|turn|1
|
|t:|1776082673
|move|p2a: Electrode|Volt Switch|p1a: Tyranitar
|-damage|p1a: Tyranitar|85/100
|-damage|p2a: Electrode|91/100|[from] item: Life Orb
|
|t:|1776082678
|switch|p2a: Espeon|Espeon, F|100/100|[from] Volt Switch
|move|p1a: Tyranitar|Stealth Rock|p2a: Espeon
|move|p2a: Espeon|Stealth Rock|p1a: Tyranitar|[from] ability: Magic Bounce
|-sidestart|p1: afip.gob.ar|move: Stealth Rock
|
|-weather|Sandstorm|[upkeep]
|-damage|p2a: Espeon|95/100|[from] Sandstorm
|-heal|p2a: Espeon|100/100|[from] item: Leftovers
|upkeep
|turn|2
|
|t:|1776082690
|move|p2a: Espeon|Reflect|p2a: Espeon
|-sidestart|p2: kyroshero|Reflect
|move|p1a: Tyranitar|Knock Off|p2a: Espeon
|-supereffective|p2a: Espeon
|-damage|p2a: Espeon|17/100
|-enditem|p2a: Espeon|Leftovers|[from] move: Knock Off|[of] p1a: Tyranitar
|
|-weather|Sandstorm|[upkeep]
|-damage|p2a: Espeon|11/100|[from] Sandstorm
|upkeep
|turn|3
|
|t:|1776082699
|move|p2a: Espeon|Light Screen|p2a: Espeon
|-sidestart|p2: kyroshero|move: Light Screen
|move|p1a: Tyranitar|Stone Edge|p2a: Espeon
|-damage|p2a: Espeon|0 fnt
|faint|p2a: Espeon
|
|-weather|Sandstorm|[upkeep]
|upkeep
|
|t:|1776082701
|switch|p2a: Tauros|Tauros-Paldea-Blaze, M|100/100
|turn|4
|
|t:|1776082710
|move|p2a: Tauros|Bulk Up|p2a: Tauros
|-boost|p2a: Tauros|atk|1
|-boost|p2a: Tauros|def|1
|move|p1a: Tyranitar|Stealth Rock|p2a: Tauros
|-sidestart|p2: kyroshero|move: Stealth Rock
|
|-weather|Sandstorm|[upkeep]
|-damage|p2a: Tauros|94/100|[from] Sandstorm
|upkeep
|turn|5
|
|t:|1776082720
|-terastallize|p1a: Tyranitar|Ghost
|move|p2a: Tauros|Close Combat|p1a: Tyranitar
|-immune|p1a: Tyranitar
|move|p1a: Tyranitar|Stone Edge|p2a: Tauros|[miss]
|-miss|p1a: Tyranitar|p2a: Tauros
|
|-weather|Sandstorm|[upkeep]
|-damage|p2a: Tauros|88/100|[from] Sandstorm
|-damage|p1a: Tyranitar|79/100|[from] Sandstorm
|upkeep
|turn|6
|
|t:|1776082731
|move|p2a: Tauros|Flare Blitz|p1a: Tyranitar
|-damage|p1a: Tyranitar|0 fnt
|faint|p1a: Tyranitar
|-damage|p2a: Tauros|52/100|[from] Recoil
|-damage|p2a: Tauros|42/100|[from] item: Life Orb
|
|-weather|Sandstorm|[upkeep]
|-damage|p2a: Tauros|36/100|[from] Sandstorm
|-sideend|p2: kyroshero|Reflect
|upkeep
|
|t:|1776082742
|switch|p1a: Milotic|Milotic, F|100/100
|-damage|p1a: Milotic|88/100|[from] Stealth Rock
|turn|7
|
|t:|1776082747
|move|p2a: Tauros|Close Combat|p1a: Milotic
|-damage|p1a: Milotic|14/100
|-unboost|p2a: Tauros|def|1
|-unboost|p2a: Tauros|spd|1
|-damage|p2a: Tauros|26/100|[from] item: Life Orb
|move|p1a: Milotic|Scald|p2a: Tauros
|-supereffective|p2a: Tauros
|-damage|p2a: Tauros|0 fnt
|faint|p2a: Tauros
|
|-weather|Sandstorm|[upkeep]
|-damage|p1a: Milotic|8/100|[from] Sandstorm
|-heal|p1a: Milotic|14/100|[from] item: Leftovers
|-sideend|p2: kyroshero|move: Light Screen
|upkeep
|
|t:|1776082752
|switch|p2a: Electrode|Electrode-Hisui|91/100
|-damage|p2a: Electrode|78/100|[from] Stealth Rock
|turn|8
|
|t:|1776082765
|move|p2a: Electrode|Volt Switch|p1a: Milotic
|-supereffective|p1a: Milotic
|-damage|p1a: Milotic|0 fnt
|faint|p1a: Milotic
|-damage|p2a: Electrode|68/100|[from] item: Life Orb
|
|t:|1776082769
|switch|p2a: Noivern|Noivern, F|100/100|[from] Volt Switch
|-damage|p2a: Noivern|76/100|[from] Stealth Rock
|
|-weather|none
|upkeep
|
|t:|1776082777
|switch|p1a: Skarmory|Skarmory, F|100/100
|-damage|p1a: Skarmory|88/100|[from] Stealth Rock
|turn|9
|
|t:|1776082795
|switch|p2a: Raging Bolt|Raging Bolt|100/100
|-damage|p2a: Raging Bolt|88/100|[from] Stealth Rock
|move|p1a: Skarmory|Spikes|p2a: Raging Bolt
|-sidestart|p2: kyroshero|Spikes
|
|-heal|p2a: Raging Bolt|94/100|[from] item: Leftovers
|upkeep
|turn|10
|
|t:|1776082804
|switch|p1a: Blissey|Blissey, F|100/100
|move|p2a: Raging Bolt|Calm Mind|p2a: Raging Bolt
|-boost|p2a: Raging Bolt|spa|1
|-boost|p2a: Raging Bolt|spd|1
|
|-heal|p2a: Raging Bolt|100/100|[from] item: Leftovers
|upkeep
|turn|11
|
|t:|1776082813
|move|p2a: Raging Bolt|Calm Mind|p2a: Raging Bolt
|-boost|p2a: Raging Bolt|spa|1
|-boost|p2a: Raging Bolt|spd|1
|move|p1a: Blissey|Seismic Toss|p2a: Raging Bolt
|-damage|p2a: Raging Bolt|78/100
|
|-heal|p2a: Raging Bolt|85/100|[from] item: Leftovers
|upkeep
|turn|12
|
|t:|1776082822
|move|p2a: Raging Bolt|Calm Mind|p2a: Raging Bolt
|-boost|p2a: Raging Bolt|spa|1
|-boost|p2a: Raging Bolt|spd|1
|move|p1a: Blissey|Seismic Toss|p2a: Raging Bolt
|-damage|p2a: Raging Bolt|63/100
|
|-heal|p2a: Raging Bolt|69/100|[from] item: Leftovers
|upkeep
|turn|13
|
|t:|1776082831
|move|p2a: Raging Bolt|Calm Mind|p2a: Raging Bolt
|-boost|p2a: Raging Bolt|spa|1
|-boost|p2a: Raging Bolt|spd|1
|move|p1a: Blissey|Seismic Toss|p2a: Raging Bolt
|-damage|p2a: Raging Bolt|47/100
|
|-heal|p2a: Raging Bolt|53/100|[from] item: Leftovers
|upkeep
|turn|14
|
|t:|1776082840
|move|p2a: Raging Bolt|Thunderbolt|p1a: Blissey
|-damage|p1a: Blissey|46/100
|move|p1a: Blissey|Seismic Toss|p2a: Raging Bolt
|-damage|p2a: Raging Bolt|31/100
|
|-heal|p2a: Raging Bolt|37/100|[from] item: Leftovers
|upkeep
|turn|15
|
|t:|1776082849
|move|p2a: Raging Bolt|Thunderbolt|p1a: Blissey
|-damage|p1a: Blissey|0 fnt
|faint|p1a: Blissey
|
|-heal|p2a: Raging Bolt|43/100|[from] item: Leftovers
|upkeep
|
|t:|1776082856
|switch|p1a: Breloom|Breloom, F|100/100
|-damage|p1a: Breloom|94/100|[from] Stealth Rock
|turn|16
|
|t:|1776082865
|move|p2a: Raging Bolt|Thunderclap||[still]
|-fail|p2a: Raging Bolt
|move|p1a: Breloom|Leech Seed|p2a: Raging Bolt
|-start|p2a: Raging Bolt|move: Leech Seed
|
|-heal|p2a: Raging Bolt|49/100|[from] item: Leftovers
|-damage|p2a: Raging Bolt|37/100|[from] Leech Seed|[of] p1a: Breloom
|-heal|p1a: Breloom|100/100|[silent]
|-status|p1a: Breloom|tox|[from] item: Toxic Orb
|upkeep
|turn|17
|
|t:|1776082875
|move|p1a: Breloom|Protect|p1a: Breloom
|-singleturn|p1a: Breloom|Protect
|move|p2a: Raging Bolt|Thunderbolt|p1a: Breloom
|-activate|p1a: Breloom|move: Protect
|
|-heal|p2a: Raging Bolt|43/100|[from] item: Leftovers
|-damage|p2a: Raging Bolt|31/100|[from] Leech Seed|[of] p1a: Breloom
|upkeep
|turn|18
|
|t:|1776082884
|move|p1a: Breloom|Substitute|p1a: Breloom
|-start|p1a: Breloom|Substitute
|-damage|p1a: Breloom|75/100 tox
|move|p2a: Raging Bolt|Thunderbolt|p1a: Breloom
|-resisted|p1a: Breloom
|-end|p1a: Breloom|Substitute
|
|-heal|p2a: Raging Bolt|37/100|[from] item: Leftovers
|-damage|p2a: Raging Bolt|25/100|[from] Leech Seed|[of] p1a: Breloom
|-heal|p1a: Breloom|93/100 tox|[silent]
|-heal|p1a: Breloom|100/100 tox|[from] ability: Poison Heal
|upkeep
|turn|19
|
|t:|1776082896
|move|p1a: Breloom|Protect|p1a: Breloom
|-singleturn|p1a: Breloom|Protect
|move|p2a: Raging Bolt|Dragon Pulse|p1a: Breloom
|-activate|p1a: Breloom|move: Protect
|
|-heal|p2a: Raging Bolt|31/100|[from] item: Leftovers
|-damage|p2a: Raging Bolt|19/100|[from] Leech Seed|[of] p1a: Breloom
|upkeep
|turn|20
|
|t:|1776082906
|-end|p2a: Raging Bolt|Protosynthesis|[silent]
|switch|p2a: Noivern|Noivern, F|76/100
|-damage|p2a: Noivern|51/100|[from] Stealth Rock
|move|p1a: Breloom|Substitute|p1a: Breloom
|-start|p1a: Breloom|Substitute
|-damage|p1a: Breloom|75/100 tox
|
|-heal|p1a: Breloom|88/100 tox|[from] ability: Poison Heal
|upkeep
|turn|21
|
|t:|1776082915
|move|p2a: Noivern|Air Slash|p1a: Breloom
|-supereffective|p1a: Breloom
|-damage|p1a: Breloom|0 fnt
|faint|p1a: Breloom
|
|upkeep
|
|t:|1776082921
|switch|p1a: Skarmory|Skarmory, F|88/100
|-damage|p1a: Skarmory|76/100|[from] Stealth Rock
|turn|22
|
|t:|1776082929
|switch|p2a: Kingambit|Kingambit, F|100/100
|-damage|p2a: Kingambit|94/100|[from] Stealth Rock
|-damage|p2a: Kingambit|82/100|[from] Spikes
|-activate|p2a: Kingambit|ability: Supreme Overlord
|-start|p2a: Kingambit|fallen2|[silent]
|move|p1a: Skarmory|Whirlwind|p2a: Kingambit
|-end|p2a: Kingambit|fallen2|[silent]
|drag|p2a: Noivern|Noivern, F|51/100
|-damage|p2a: Noivern|26/100|[from] Stealth Rock
|
|upkeep
|turn|23
|
|t:|1776082940
|move|p2a: Noivern|Boomburst|p1a: Skarmory
|-resisted|p1a: Skarmory
|-damage|p1a: Skarmory|47/100
|-enditem|p2a: Noivern|Throat Spray
|-boost|p2a: Noivern|spa|1|[from] item: Throat Spray
|move|p1a: Skarmory|Whirlwind|p2a: Noivern
|drag|p2a: Kingambit|Kingambit, F|82/100
|-damage|p2a: Kingambit|76/100|[from] Stealth Rock
|-damage|p2a: Kingambit|63/100|[from] Spikes
|-activate|p2a: Kingambit|ability: Supreme Overlord
|-start|p2a: Kingambit|fallen2|[silent]
|
|upkeep
|turn|24
|
|t:|1776082952
|move|p1a: Skarmory|Roost|p1a: Skarmory
|-heal|p1a: Skarmory|97/100
|-singleturn|p1a: Skarmory|move: Roost
|move|p2a: Kingambit|Kowtow Cleave|p1a: Skarmory
|-damage|p1a: Skarmory|53/100
|-damage|p2a: Kingambit|47/100|[from] item: Rocky Helmet|[of] p1a: Skarmory
|
|upkeep
|turn|25
|
|t:|1776082964
|move|p1a: Skarmory|Roost|p1a: Skarmory
|-heal|p1a: Skarmory|100/100
|-singleturn|p1a: Skarmory|move: Roost
|move|p2a: Kingambit|Kowtow Cleave|p1a: Skarmory
|-damage|p1a: Skarmory|60/100
|-damage|p2a: Kingambit|30/100|[from] item: Rocky Helmet|[of] p1a: Skarmory
|
|upkeep
|turn|26
|
|t:|1776082974
|move|p1a: Skarmory|Spikes|p2a: Kingambit
|-sidestart|p2: kyroshero|Spikes
|move|p2a: Kingambit|Kowtow Cleave|p1a: Skarmory
|-damage|p1a: Skarmory|19/100
|-damage|p2a: Kingambit|14/100|[from] item: Rocky Helmet|[of] p1a: Skarmory
|
|upkeep
|turn|27
|
|t:|1776082982
|move|p1a: Skarmory|Roost|p1a: Skarmory
|-heal|p1a: Skarmory|69/100
|-singleturn|p1a: Skarmory|move: Roost
|move|p2a: Kingambit|Swords Dance|p2a: Kingambit
|-boost|p2a: Kingambit|atk|2
|
|upkeep
|turn|28
|
|t:|1776082990
|-terastallize|p2a: Kingambit|Dark
|move|p1a: Skarmory|Body Press|p2a: Kingambit
|-supereffective|p2a: Kingambit
|-damage|p2a: Kingambit|0 fnt
|faint|p2a: Kingambit
|-end|p2a: Kingambit|fallen2|[silent]
|
|upkeep
|
|t:|1776082994
|switch|p2a: Electrode|Electrode-Hisui|68/100
|-damage|p2a: Electrode|56/100|[from] Stealth Rock
|-damage|p2a: Electrode|40/100|[from] Spikes
|turn|29
|
|t:|1776083001
|move|p2a: Electrode|Thunderbolt|p1a: Skarmory
|-supereffective|p1a: Skarmory
|-damage|p1a: Skarmory|0 fnt
|faint|p1a: Skarmory
|-damage|p2a: Electrode|30/100|[from] item: Life Orb
|
|upkeep
|
|t:|1776083008
|switch|p1a: Forretress|Forretress, M|100/100
|-damage|p1a: Forretress|88/100|[from] Stealth Rock
|turn|30
|
|t:|1776083015
|move|p2a: Electrode|Thunderbolt|p1a: Forretress
|-damage|p1a: Forretress|28/100
|-damage|p2a: Electrode|20/100|[from] item: Life Orb
|move|p1a: Forretress|Body Press|p2a: Electrode
|-damage|p2a: Electrode|0 fnt
|faint|p2a: Electrode
|
|-heal|p1a: Forretress|34/100|[from] item: Leftovers
|upkeep
|
|t:|1776083019
|switch|p2a: Noivern|Noivern, F|26/100
|-damage|p2a: Noivern|1/100|[from] Stealth Rock
|turn|31
|l|☆afip.gob.ar
|inactive|afip.gob.ar disconnected and has a minute to reconnect!
|player|p1|
|j|☆afip.gob.ar
|inactive|afip.gob.ar reconnected and has 120 seconds left.
|player|p1|afip.gob.ar|biker-gen4|
|
|t:|1776083053
|move|p2a: Noivern|Air Slash|p1a: Forretress
|-damage|p1a: Forretress|0 fnt
|faint|p1a: Forretress
|
|win|kyroshero
|raw|afip.gob.ar's rating: 1061 &rarr; <strong>1044</strong><br />(-17 for losing)
|raw|kyroshero's rating: 1107 &rarr; <strong>1129</strong><br />(+22 for winning)
