|html|<div class="broadcast-blue"><strong>[Gen 9] OU is currently suspecting Tera Blast! For information on how to participate check out the <a href="https://www.smogon.com/tools/suspects/view/200">suspect thread</a>.</strong></div>
|j|☆Lordbulbus17
|j|☆mathismathin
|t:|1776220197
|gametype|singles
|player|p1|Lordbulbus17|266|1687
|player|p2|mathismathin|bugsy-masters|1727
|gen|9
|tier|[Gen 9] OU
|rated|
|rule|HP Percentage Mod: HP is shown in percentages
|rule|Endless Battle Clause: Forcing endless battles is banned
|rule|Species Clause: Limit one of each Pokémon
|rule|OHKO Clause: OHKO moves are banned
|rule|Evasion Items Clause: Evasion items are banned
|rule|Evasion Moves Clause: Evasion moves are banned
|rule|Evasion Abilities Clause: Evasion abilities are banned
|rule|Sleep Moves Clause: Sleep-inducing moves are banned
|clearpoke
|poke|p1|Cinderace, M|
|poke|p1|Hatterene, F|
|poke|p1|Cetitan, F|
|poke|p1|Ninetales-Alola, M|
|poke|p1|Raging Bolt|
|poke|p1|Hoopa-Unbound|
|poke|p2|Ribombee, M|
|poke|p2|Ogerpon-Wellspring, F|
|poke|p2|Lycanroc-Dusk, M|
|poke|p2|Basculegion-F, F|
|poke|p2|Cinderace, M|
|poke|p2|Glimmora, F|
|teampreview
|inactive|Battle timer is ON: inactive players will automatically lose when time's up. (requested by Lordbulbus17)
|
|t:|1776220205
|teamsize|p1|6
|teamsize|p2|6
|start
|switch|p1a: Cinderace|Cinderace, M|100/100
|switch|p2a: Ribombee|Ribombee, M|100/100
|turn|1
|
|t:|1776220211
|switch|p1a: Hatterene|Hatterene, F|100/100
|move|p2a: Ribombee|Sticky Web|p1a: Hatterene
|move|p1a: Hatterene|Sticky Web|p2a: Ribombee|[from] ability: Magic Bounce
|-sidestart|p2: mathismathin|move: Sticky Web
|
|upkeep
|turn|2
|j| HyperStallMIA 2
|
|t:|1776220224
|move|p2a: Ribombee|Moonblast|p1a: Hatterene
|-damage|p1a: Hatterene|70/100
|move|p1a: Hatterene|Calm Mind|p1a: Hatterene
|-boost|p1a: Hatterene|spa|1
|-boost|p1a: Hatterene|spd|1
|
|-heal|p1a: Hatterene|76/100|[from] item: Leftovers
|upkeep
|turn|3
|l| HyperStallMIA 2
|
|t:|1776220231
|move|p2a: Ribombee|Moonblast|p1a: Hatterene
|-damage|p1a: Hatterene|56/100
|-unboost|p1a: Hatterene|spa|1
|move|p1a: Hatterene|Psyshock|p2a: Ribombee
|-damage|p2a: Ribombee|34/100
|
|-heal|p1a: Hatterene|62/100|[from] item: Leftovers
|upkeep
|turn|4
|
|t:|1776220239
|move|p2a: Ribombee|Moonblast|p1a: Hatterene
|-damage|p1a: Hatterene|41/100
|move|p1a: Hatterene|Psyshock|p2a: Ribombee
|-damage|p2a: Ribombee|0 fnt
|faint|p2a: Ribombee
|
|-heal|p1a: Hatterene|47/100|[from] item: Leftovers
|upkeep
|
|t:|1776220242
|switch|p2a: Cinderace|Cinderace, M|100/100
|turn|5
|
|t:|1776220252
|switch|p1a: Cinderace|Cinderace, M|100/100
|move|p2a: Cinderace|Court Change|p2a: Cinderace
|-swapsideconditions
|-activate|p2a: Cinderace|move: Court Change
|
|upkeep
|turn|6
|
|t:|1776220257
|move|p1a: Cinderace|Pyro Ball|p2a: Cinderace
|-resisted|p2a: Cinderace
|-damage|p2a: Cinderace|58/100
|move|p2a: Cinderace|Swords Dance|p2a: Cinderace
|-boost|p2a: Cinderace|atk|2
|
|upkeep
|turn|7
|
|t:|1776220264
|move|p1a: Cinderace|Court Change|p1a: Cinderace
|-start|p1a: Cinderace|typechange|Normal|[from] ability: Libero
|-swapsideconditions
|-activate|p1a: Cinderace|move: Court Change
|move|p2a: Cinderace|Pyro Ball|p1a: Cinderace
|-damage|p1a: Cinderace|0 fnt
|faint|p1a: Cinderace
|
|upkeep
|
|t:|1776220281
|switch|p1a: Raging Bolt|Raging Bolt|100/100
|turn|8
|
|t:|1776220285
|move|p2a: Cinderace|Court Change|p2a: Cinderace
|-swapsideconditions
|-activate|p2a: Cinderace|move: Court Change
|move|p1a: Raging Bolt|Thunderbolt|p2a: Cinderace
|-damage|p2a: Cinderace|0 fnt
|faint|p2a: Cinderace
|
|upkeep
|
|t:|1776220289
|switch|p2a: Glimmora|Glimmora, F|100/100
|turn|9
|
|t:|1776220294
|move|p2a: Glimmora|Meteor Beam||[still]
|-prepare|p2a: Glimmora|Meteor Beam
|-boost|p2a: Glimmora|spa|1
|-enditem|p2a: Glimmora|Power Herb
|-anim|p2a: Glimmora|Meteor Beam|p1a: Raging Bolt
|-damage|p1a: Raging Bolt|17/100
|move|p1a: Raging Bolt|Calm Mind|p1a: Raging Bolt
|-boost|p1a: Raging Bolt|spa|1
|-boost|p1a: Raging Bolt|spd|1
|
|-heal|p1a: Raging Bolt|23/100|[from] item: Leftovers
|upkeep
|turn|10
|
|t:|1776220304
|move|p2a: Glimmora|Sludge Wave|p1a: Raging Bolt
|-damage|p1a: Raging Bolt|0 fnt
|faint|p1a: Raging Bolt
|-end|p1a: Raging Bolt|Protosynthesis|[silent]
|
|upkeep
|
|t:|1776220308
|switch|p1a: Hoopa|Hoopa-Unbound|100/100
|-activate|p1a: Hoopa|move: Sticky Web
|-unboost|p1a: Hoopa|spe|1
|turn|11
|
|t:|1776220313
|move|p2a: Glimmora|Sludge Wave|p1a: Hoopa
|-damage|p1a: Hoopa|32/100
|move|p1a: Hoopa|Drain Punch|p2a: Glimmora
|-damage|p2a: Glimmora|45/100
|-heal|p1a: Hoopa|60/100|[from] drain|[of] p2a: Glimmora
|-activate|p2a: Glimmora|ability: Toxic Debris
|-sidestart|p1: Lordbulbus17|move: Toxic Spikes
|-damage|p1a: Hoopa|50/100|[from] item: Life Orb
|
|upkeep
|turn|12
|
|t:|1776220323
|move|p2a: Glimmora|Sludge Wave|p1a: Hoopa
|-damage|p1a: Hoopa|0 fnt
|faint|p1a: Hoopa
|
|upkeep
|
|t:|1776220327
|switch|p1a: Ninetales|Ninetales-Alola, M|100/100
|-activate|p1a: Ninetales|move: Sticky Web
|-unboost|p1a: Ninetales|spe|1
|-status|p1a: Ninetales|psn
|-weather|Snowscape|[from] ability: Snow Warning|[of] p1a: Ninetales
|turn|13
|
|t:|1776220334
|move|p2a: Glimmora|Sludge Wave|p1a: Ninetales
|-supereffective|p1a: Ninetales
|-damage|p1a: Ninetales|0 fnt
|faint|p1a: Ninetales
|
|-weather|Snowscape|[upkeep]
|upkeep
|
|t:|1776220340
|switch|p1a: Cetitan|Cetitan, F|100/100
|-activate|p1a: Cetitan|move: Sticky Web
|-unboost|p1a: Cetitan|spe|1
|-status|p1a: Cetitan|psn
|turn|14
|
|t:|1776220348
|move|p1a: Cetitan|Earthquake|p2a: Glimmora
|-supereffective|p2a: Glimmora
|-damage|p2a: Glimmora|0 fnt
|-activate|p2a: Glimmora|ability: Toxic Debris
|-sidestart|p1: Lordbulbus17|move: Toxic Spikes
|faint|p2a: Glimmora
|
|-weather|Snowscape|[upkeep]
|-damage|p1a: Cetitan|88/100 psn|[from] psn
|upkeep
|
|t:|1776220356
|switch|p2a: Basculegion|Basculegion-F, F|100/100
|-item|p2a: Basculegion|Air Balloon
|turn|15
|
|t:|1776220362
|-terastallize|p1a: Cetitan|Ghost
|move|p1a: Cetitan|Belly Drum|p1a: Cetitan
|-damage|p1a: Cetitan|38/100 psn
|-setboost|p1a: Cetitan|atk|6|[from] move: Belly Drum
|move|p2a: Basculegion|Shadow Ball|p1a: Cetitan
|-supereffective|p1a: Cetitan
|-damage|p1a: Cetitan|0 fnt
|faint|p1a: Cetitan
|
|-weather|Snowscape|[upkeep]
|upkeep
|-message|Lordbulbus17 forfeited.
|
|win|mathismathin
|raw|Lordbulbus17's rating: 1687 &rarr; <strong>1669</strong><br />(-18 for losing)
|raw|mathismathin's rating: 1727 &rarr; <strong>1745</strong><br />(+18 for winning)
|l|☆Lordbulbus17
|player|p1|
