|html|<div class="broadcast-blue"><strong>[Gen 9] OU is currently suspecting Tera Blast! For information on how to participate check out the <a href="https://www.smogon.com/tools/suspects/view/200">suspect thread</a>.</strong></div>
|j|☆PabloGYT
|j|☆RealDwarfPlanet
|t:|1776261730
|gametype|singles
|player|p1|PabloGYT|n|1247
|player|p2|RealDwarfPlanet|fairytalegirl|1249
|gen|9
|tier|[Gen 9] OU
|rated|
|rule|HP Percentage Mod: HP is shown in percentages
|rule|Endless Battle Clause: Forcing endless battles is banned
|rule|Species Clause: Limit one of each Pokémon
|rule|OHKO Clause: OHKO moves are banned
|rule|Evasion Items Clause: Evasion items are banned
|rule|Evasion Moves Clause: Evasion moves are banned
|rule|Evasion Abilities Clause: Evasion abilities are banned
|rule|Sleep Moves Clause: Sleep-inducing moves are banned
|clearpoke
|poke|p1|Toxtricity-Low-Key, M|
|poke|p1|Kyurem|
|poke|p1|Grimmsnarl, M|
|poke|p1|Cinderace, F|
|poke|p1|Garchomp, F|
|poke|p1|Zapdos-Galar|
|poke|p2|Rillaboom, M|
|poke|p2|Serperior, F|
|poke|p2|Heatran, F|
|poke|p2|Gholdengo|
|poke|p2|Zamazenta-*|
|poke|p2|Great Tusk|
|teampreview
|inactive|Battle timer is ON: inactive players will automatically lose when time's up. (requested by PabloGYT)
|
|t:|1776261736
|teamsize|p1|6
|teamsize|p2|6
|start
|switch|p1a: A kird|Zapdos-Galar, shiny|100/100
|switch|p2a: Rillaboom|Rillaboom, M, shiny|100/100
|-fieldstart|move: Grassy Terrain|[from] ability: Grassy Surge|[of] p2a: Rillaboom
|turn|1
|
|t:|1776261743
|switch|p2a: Gholdengo|Gholdengo|100/100
|-enditem|p2a: Gholdengo|Grassy Seed
|-boost|p2a: Gholdengo|def|1|[from] item: Grassy Seed
|move|p1a: A kird|U-turn|p2a: Gholdengo
|-resisted|p2a: Gholdengo
|-damage|p2a: Gholdengo|96/100
|
|t:|1776261749
|switch|p1a: Kyurem|Kyurem|100/100|[from] U-turn
|-ability|p1a: Kyurem|Pressure
|
|-heal|p2a: Gholdengo|100/100|[from] Grassy Terrain
|upkeep
|turn|2
|
|t:|1776261758
|move|p1a: Kyurem|Earth Power|p2a: Gholdengo
|-supereffective|p2a: Gholdengo
|-damage|p2a: Gholdengo|40/100
|move|p2a: Gholdengo|Focus Blast|p1a: Kyurem
|-supereffective|p1a: Kyurem
|-damage|p1a: Kyurem|28/100
|
|-heal|p1a: Kyurem|34/100|[from] Grassy Terrain
|-heal|p2a: Gholdengo|46/100|[from] Grassy Terrain
|upkeep
|turn|3
|inactive|RealDwarfPlanet has 120 seconds left.
|
|t:|1776261789
|switch|p2a: Heatran|Heatran, F|100/100
|-item|p2a: Heatran|Air Balloon
|move|p1a: Kyurem|Earth Power|p2a: Heatran
|-immune|p2a: Heatran
|
|-heal|p1a: Kyurem|40/100|[from] Grassy Terrain
|upkeep
|turn|4
|
|t:|1776261800
|switch|p1a: Cinderace|Cinderace, F|100/100
|move|p2a: Heatran|Heavy Slam|p1a: Cinderace
|-resisted|p1a: Cinderace
|-damage|p1a: Cinderace|75/100
|
|-heal|p1a: Cinderace|81/100|[from] Grassy Terrain
|upkeep
|turn|5
|
|t:|1776261808
|switch|p2a: Gholdengo|Gholdengo|46/100
|move|p1a: Cinderace|Low Kick|p2a: Gholdengo
|-start|p1a: Cinderace|typechange|Fighting|[from] ability: Libero
|-immune|p2a: Gholdengo
|
|-heal|p1a: Cinderace|87/100|[from] Grassy Terrain
|-heal|p2a: Gholdengo|52/100|[from] Grassy Terrain
|-fieldend|move: Grassy Terrain
|upkeep
|turn|6
|
|t:|1776261816
|switch|p2a: Heatran|Heatran, F|100/100
|-item|p2a: Heatran|Air Balloon
|move|p1a: Cinderace|Pyro Ball|p2a: Heatran
|-start|p2a: Heatran|ability: Flash Fire
|
|upkeep
|turn|7
|
|t:|1776261826
|-end|p2a: Heatran|ability: Flash Fire|[silent]
|switch|p2a: Zamazenta|Zamazenta|100/100
|-ability|p2a: Zamazenta|Dauntless Shield|boost
|-boost|p2a: Zamazenta|def|1
|move|p1a: Cinderace|Low Kick|p2a: Zamazenta
|-damage|p2a: Zamazenta|64/100
|
|upkeep
|turn|8
|
|t:|1776261833
|move|p2a: Zamazenta|Psychic Fangs|p1a: Cinderace
|-supereffective|p1a: Cinderace
|-damage|p1a: Cinderace|0 fnt
|faint|p1a: Cinderace
|-damage|p2a: Zamazenta|55/100|[from] item: Life Orb
|
|upkeep
|
|t:|1776261836
|switch|p1a: A kird|Zapdos-Galar, shiny|100/100
|turn|9
|
|t:|1776261845
|move|p1a: A kird|Brave Bird|p2a: Zamazenta
|-supereffective|p2a: Zamazenta
|-damage|p2a: Zamazenta|0 fnt
|faint|p2a: Zamazenta
|-damage|p1a: A kird|82/100|[from] Recoil
|
|upkeep
|
|t:|1776261847
|switch|p2a: Gholdengo|Gholdengo|52/100
|turn|10
|
|t:|1776261859
|switch|p1a: Grimmsnarl|Grimmsnarl, M|100/100
|move|p2a: Gholdengo|Recover|p2a: Gholdengo
|-heal|p2a: Gholdengo|100/100
|
|upkeep
|turn|11
|
|t:|1776261866
|switch|p2a: Heatran|Heatran, F|100/100
|-item|p2a: Heatran|Air Balloon
|move|p1a: Grimmsnarl|Light Screen|p1a: Grimmsnarl
|-sidestart|p1: PabloGYT|move: Light Screen
|
|upkeep
|turn|12
|
|t:|1776261870
|move|p1a: Grimmsnarl|Reflect|p1a: Grimmsnarl
|-sidestart|p1: PabloGYT|Reflect
|move|p2a: Heatran|Stealth Rock|p1a: Grimmsnarl
|-sidestart|p1: PabloGYT|move: Stealth Rock
|
|upkeep
|turn|13
|
|t:|1776261874
|move|p1a: Grimmsnarl|Parting Shot|p2a: Heatran
|-unboost|p2a: Heatran|atk|1
|-unboost|p2a: Heatran|spa|1
|
|t:|1776261882
|switch|p1a: Toxtricity|Toxtricity-Low-Key, M, shiny|100/100|[from] Parting Shot
|-damage|p1a: Toxtricity|88/100|[from] Stealth Rock
|move|p2a: Heatran|Magma Storm|p1a: Toxtricity
|-damage|p1a: Toxtricity|65/100
|-activate|p1a: Toxtricity|move: Magma Storm|[of] p2a: Heatran
|
|-damage|p1a: Toxtricity|52/100|[from] move: Magma Storm|[partiallytrapped]
|upkeep
|turn|14
|
|t:|1776261890
|switch|p2a: Great Tusk|Great Tusk|100/100
|-enditem|p2a: Great Tusk|Booster Energy
|-activate|p2a: Great Tusk|ability: Protosynthesis|[fromitem]
|-start|p2a: Great Tusk|protosynthesisspe
|-terastallize|p1a: Toxtricity|Normal
|move|p1a: Toxtricity|Boomburst|p2a: Great Tusk
|-damage|p2a: Great Tusk|0 fnt
|faint|p2a: Great Tusk
|-end|p2a: Great Tusk|Protosynthesis|[silent]
|
|-end|p1a: Toxtricity|Magma Storm|[partiallytrapped]|[silent]
|upkeep
|
|t:|1776261895
|switch|p2a: Serperior|Serperior, F, shiny|100/100
|turn|15
|
|t:|1776261899
|move|p2a: Serperior|Leaf Storm|p1a: Toxtricity
|-damage|p1a: Toxtricity|13/100
|-boost|p2a: Serperior|spa|2
|move|p1a: Toxtricity|Boomburst|p2a: Serperior
|-damage|p2a: Serperior|0 fnt
|faint|p2a: Serperior
|
|-sideend|p1: PabloGYT|move: Light Screen
|upkeep
|
|t:|1776261906
|switch|p2a: Gholdengo|Gholdengo|100/100
|turn|16
|
|t:|1776261916
|switch|p1a: A kird|Zapdos-Galar, shiny|82/100
|-damage|p1a: A kird|70/100|[from] Stealth Rock
|move|p2a: Gholdengo|Nasty Plot|p2a: Gholdengo
|-boost|p2a: Gholdengo|spa|2
|
|-sideend|p1: PabloGYT|Reflect
|upkeep
|turn|17
|
|t:|1776261919
|move|p1a: A kird|U-turn|p2a: Gholdengo
|-resisted|p2a: Gholdengo
|-damage|p2a: Gholdengo|95/100
|
|t:|1776261926
|switch|p1a: Garchomp|Garchomp, F|100/100|[from] U-turn
|-damage|p1a: Garchomp|94/100|[from] Stealth Rock
|move|p2a: Gholdengo|Shadow Ball|p1a: Garchomp
|-damage|p1a: Garchomp|30/100
|
|upkeep
|turn|18
|
|t:|1776261935
|-terastallize|p2a: Gholdengo|Water
|move|p1a: Garchomp|Earthquake|p2a: Gholdengo
|-damage|p2a: Gholdengo|53/100
|move|p2a: Gholdengo|Shadow Ball|p1a: Garchomp
|-damage|p1a: Garchomp|0 fnt
|faint|p1a: Garchomp
|
|upkeep
|
|t:|1776261945
|switch|p1a: Grimmsnarl|Grimmsnarl, M|100/100
|-damage|p1a: Grimmsnarl|88/100|[from] Stealth Rock
|turn|19
|
|t:|1776261950
|move|p1a: Grimmsnarl|Light Screen|p1a: Grimmsnarl
|-sidestart|p1: PabloGYT|move: Light Screen
|move|p2a: Gholdengo|Recover|p2a: Gholdengo
|-heal|p2a: Gholdengo|100/100
|
|-heal|p1a: Grimmsnarl|94/100|[from] item: Leftovers
|upkeep
|turn|20
|
|t:|1776261953
|move|p2a: Gholdengo|Focus Blast|p1a: Grimmsnarl
|-damage|p1a: Grimmsnarl|64/100
|move|p1a: Grimmsnarl|Spirit Break|p2a: Gholdengo
|-damage|p2a: Gholdengo|73/100
|-unboost|p2a: Gholdengo|spa|1
|
|-heal|p1a: Grimmsnarl|70/100|[from] item: Leftovers
|upkeep
|turn|21
|
|t:|1776261959
|switch|p2a: Heatran|Heatran, F|100/100
|-item|p2a: Heatran|Air Balloon
|move|p1a: Grimmsnarl|Spirit Break|p2a: Heatran
|-resisted|p2a: Heatran
|-damage|p2a: Heatran|94/100
|-unboost|p2a: Heatran|spa|1
|-enditem|p2a: Heatran|Air Balloon
|
|-heal|p1a: Grimmsnarl|76/100|[from] item: Leftovers
|upkeep
|turn|22
|
|t:|1776261965
|move|p1a: Grimmsnarl|Parting Shot|p2a: Heatran
|-unboost|p2a: Heatran|atk|1
|-unboost|p2a: Heatran|spa|1
|
|t:|1776261974
|switch|p1a: A kird|Zapdos-Galar, shiny|70/100|[from] Parting Shot
|-damage|p1a: A kird|58/100|[from] Stealth Rock
|move|p2a: Heatran|Heavy Slam|p1a: A kird
|-damage|p1a: A kird|26/100
|
|upkeep
|turn|23
|
|t:|1776261985
|switch|p2a: Gholdengo|Gholdengo, tera:Water|73/100
|move|p1a: A kird|U-turn|p2a: Gholdengo
|-damage|p2a: Gholdengo|49/100
|
|t:|1776261987
|switch|p1a: Kyurem|Kyurem|40/100|[from] U-turn
|-damage|p1a: Kyurem|15/100|[from] Stealth Rock
|-ability|p1a: Kyurem|Pressure
|
|-sideend|p1: PabloGYT|move: Light Screen
|upkeep
|turn|24
|
|t:|1776261995
|move|p1a: Kyurem|Earth Power|p2a: Gholdengo
|-damage|p2a: Gholdengo|19/100
|-unboost|p2a: Gholdengo|spd|1
|move|p2a: Gholdengo|Shadow Ball|p1a: Kyurem
|-damage|p1a: Kyurem|0 fnt
|faint|p1a: Kyurem
|
|upkeep
|
|t:|1776262002
|switch|p1a: Toxtricity|Toxtricity-Low-Key, M, shiny, tera:Normal|13/100
|-damage|p1a: Toxtricity|1/100|[from] Stealth Rock
|turn|25
|
|t:|1776262010
|move|p1a: Toxtricity|Boomburst|p2a: Gholdengo
|-damage|p2a: Gholdengo|0 fnt
|faint|p2a: Gholdengo
|
|upkeep
|
|t:|1776262012
|switch|p2a: Rillaboom|Rillaboom, M, shiny|100/100
|-fieldstart|move: Grassy Terrain|[from] ability: Grassy Surge|[of] p2a: Rillaboom
|turn|26
|
|t:|1776262016
|switch|p1a: Grimmsnarl|Grimmsnarl, M|76/100
|-damage|p1a: Grimmsnarl|64/100|[from] Stealth Rock
|move|p2a: Rillaboom|Grassy Glide|p1a: Grimmsnarl
|-damage|p1a: Grimmsnarl|0 fnt
|faint|p1a: Grimmsnarl
|-damage|p2a: Rillaboom|91/100|[from] item: Life Orb
|
|-heal|p2a: Rillaboom|97/100|[from] Grassy Terrain
|upkeep
|-message|PabloGYT forfeited.
|
|win|RealDwarfPlanet
|raw|PabloGYT's rating: 1247 &rarr; <strong>1222</strong><br />(-25 for losing)
|raw|RealDwarfPlanet's rating: 1249 &rarr; <strong>1274</strong><br />(+25 for winning)
|l|☆PabloGYT
|player|p1|
