|html|<div class="broadcast-blue"><strong>[Gen 9] OU is currently suspecting Tera Blast! For information on how to participate check out the <a href="https://www.smogon.com/tools/suspects/view/200">suspect thread</a>.</strong></div>
|j|☆Hydraaaaa
|j|☆happyxklo
|t:|1776296296
|gametype|singles
|player|p1|Hydraaaaa|nurse|1281
|player|p2|happyxklo|2|1297
|gen|9
|tier|[Gen 9] OU
|rated|
|rule|HP Percentage Mod: HP is shown in percentages
|rule|Endless Battle Clause: Forcing endless battles is banned
|rule|Species Clause: Limit one of each Pokémon
|rule|OHKO Clause: OHKO moves are banned
|rule|Evasion Items Clause: Evasion items are banned
|rule|Evasion Moves Clause: Evasion moves are banned
|rule|Evasion Abilities Clause: Evasion abilities are banned
|rule|Sleep Moves Clause: Sleep-inducing moves are banned
|clearpoke
|poke|p1|Great Tusk|
|poke|p1|Pecharunt|
|poke|p1|Iron Valiant|
|poke|p1|Iron Crown|
|poke|p1|Samurott-Hisui, M|
|poke|p1|Dragonite, M|
|poke|p2|Metagross|
|poke|p2|Latias, F|
|poke|p2|Hippowdon, M|
|poke|p2|Blaziken, F|
|poke|p2|Moltres-Galar|
|poke|p2|Pawmot, F|
|teampreview
|inactive|Battle timer is ON: inactive players will automatically lose when time's up. (requested by Hydraaaaa)
|
|t:|1776296319
|teamsize|p1|6
|teamsize|p2|6
|start
|switch|p1a: Samurott|Samurott-Hisui, M, shiny|100/100
|switch|p2a: Latias|Latias, F|100/100
|turn|1
|
|t:|1776296327
|-terastallize|p2a: Latias|Fairy
|move|p2a: Latias|Calm Mind|p2a: Latias
|-boost|p2a: Latias|spa|1
|-boost|p2a: Latias|spd|1
|move|p1a: Samurott|Knock Off|p2a: Latias
|-resisted|p2a: Latias
|-damage|p2a: Latias|71/100
|-enditem|p2a: Latias|Soul Dew|[from] move: Knock Off|[of] p1a: Samurott
|
|upkeep
|turn|2
|
|t:|1776296338
|switch|p1a: Iron Crown|Iron Crown|100/100
|move|p2a: Latias|Draining Kiss|p1a: Iron Crown
|-resisted|p1a: Iron Crown
|-damage|p1a: Iron Crown|89/100
|-heal|p2a: Latias|79/100|[from] drain|[of] p1a: Iron Crown
|
|upkeep
|turn|3
|
|t:|1776296357
|switch|p2a: Hippowdon|Hippowdon, M|100/100
|-weather|Sandstorm|[from] ability: Sand Stream|[of] p2a: Hippowdon
|move|p1a: Iron Crown|Tachyon Cutter|p2a: Hippowdon
|-damage|p2a: Hippowdon|80/100
|-damage|p2a: Hippowdon|58/100
|-hitcount|p2a: Hippowdon|2
|
|-weather|Sandstorm|[upkeep]
|-heal|p2a: Hippowdon|64/100|[from] item: Leftovers
|upkeep
|turn|4
|
|t:|1776296375
|-end|p1a: Iron Crown|Quark Drive|[silent]
|switch|p1a: Great Tusk|Great Tusk, shiny|100/100
|move|p2a: Hippowdon|Whirlwind|p1a: Great Tusk
|-end|p1a: Great Tusk|Protosynthesis|[silent]
|drag|p1a: Pecharunt|Pecharunt|100/100
|
|-weather|Sandstorm|[upkeep]
|-damage|p1a: Pecharunt|94/100|[from] Sandstorm
|-heal|p2a: Hippowdon|70/100|[from] item: Leftovers
|upkeep
|turn|5
|
|t:|1776296394
|move|p1a: Pecharunt|Malignant Chain|p2a: Hippowdon
|-resisted|p2a: Hippowdon
|-damage|p2a: Hippowdon|55/100
|-status|p2a: Hippowdon|tox
|-start|p2a: Hippowdon|confusion|[from] ability: Poison Puppeteer|[of] p1a: Pecharunt
|-activate|p2a: Hippowdon|confusion
|move|p2a: Hippowdon|Earthquake|p1a: Pecharunt
|-supereffective|p1a: Pecharunt
|-damage|p1a: Pecharunt|57/100
|
|-weather|Sandstorm|[upkeep]
|-damage|p1a: Pecharunt|51/100|[from] Sandstorm
|-heal|p2a: Hippowdon|61/100 tox|[from] item: Leftovers
|-damage|p2a: Hippowdon|55/100 tox|[from] psn
|upkeep
|turn|6
|inactive|happyxklo has 120 seconds left.
|
|t:|1776296411
|switch|p2a: Metagross|Metagross|100/100
|move|p1a: Pecharunt|Recover|p1a: Pecharunt
|-heal|p1a: Pecharunt|100/100
|
|-weather|Sandstorm|[upkeep]
|-damage|p1a: Pecharunt|94/100|[from] Sandstorm
|upkeep
|turn|7
|
|t:|1776296419
|switch|p1a: Samurott|Samurott-Hisui, M, shiny|100/100
|move|p2a: Metagross|Knock Off|p1a: Samurott
|-resisted|p1a: Samurott
|-damage|p1a: Samurott|77/100
|-enditem|p1a: Samurott|Black Glasses|[from] move: Knock Off|[of] p2a: Metagross
|
|-weather|none
|upkeep
|turn|8
|
|t:|1776296434
|switch|p2a: Hippowdon|Hippowdon, M|55/100 tox
|-weather|Sandstorm|[from] ability: Sand Stream|[of] p2a: Hippowdon
|move|p1a: Samurott|Knock Off|p2a: Hippowdon
|-damage|p2a: Hippowdon|26/100 tox
|-enditem|p2a: Hippowdon|Leftovers|[from] move: Knock Off|[of] p1a: Samurott
|
|-weather|Sandstorm|[upkeep]
|-damage|p1a: Samurott|70/100|[from] Sandstorm
|-damage|p2a: Hippowdon|20/100 tox|[from] psn
|upkeep
|turn|9
|
|t:|1776296445
|move|p1a: Samurott|Ceaseless Edge|p2a: Hippowdon
|-damage|p2a: Hippowdon|0 fnt
|-sidestart|p2: happyxklo|Spikes
|faint|p2a: Hippowdon
|
|-weather|Sandstorm|[upkeep]
|-damage|p1a: Samurott|64/100|[from] Sandstorm
|upkeep
|inactive|happyxklo has 120 seconds left.
|
|t:|1776296462
|switch|p2a: Pawmot|Pawmot, F|100/100
|-damage|p2a: Pawmot|88/100|[from] Spikes
|turn|10
|inactive|happyxklo has 120 seconds left.
|
|t:|1776296477
|switch|p1a: Great Tusk|Great Tusk, shiny|100/100
|move|p2a: Pawmot|Volt Switch|p1a: Great Tusk
|-immune|p1a: Great Tusk
|
|-weather|Sandstorm|[upkeep]
|-damage|p2a: Pawmot|82/100|[from] Sandstorm
|upkeep
|turn|11
|inactive|happyxklo has 120 seconds left.
|
|t:|1776296490
|switch|p2a: Latias|Latias, F, tera:Fairy|79/100
|move|p1a: Great Tusk|Stealth Rock|p2a: Latias
|-sidestart|p2: happyxklo|move: Stealth Rock
|
|-weather|Sandstorm|[upkeep]
|-damage|p2a: Latias|72/100|[from] Sandstorm
|upkeep
|turn|12
|inactive|happyxklo has 120 seconds left.
|
|t:|1776296516
|switch|p2a: Pawmot|Pawmot, F|82/100
|-damage|p2a: Pawmot|70/100|[from] Spikes
|-damage|p2a: Pawmot|64/100|[from] Stealth Rock
|-end|p1a: Great Tusk|Protosynthesis|[silent]
|switch|p1a: Iron Crown|Iron Crown|89/100
|
|-weather|none
|upkeep
|turn|13
|inactive|happyxklo has 90 seconds left.
|
|t:|1776296547
|-end|p1a: Iron Crown|Quark Drive|[silent]
|switch|p1a: Pecharunt|Pecharunt|94/100
|move|p2a: Pawmot|Close Combat|p1a: Pecharunt
|-immune|p1a: Pecharunt
|
|upkeep
|turn|14
|
|t:|1776296557
|switch|p2a: Metagross|Metagross|100/100
|-damage|p2a: Metagross|88/100|[from] Spikes
|-damage|p2a: Metagross|82/100|[from] Stealth Rock
|move|p1a: Pecharunt|Malignant Chain|p2a: Metagross
|-immune|p2a: Metagross
|
|-heal|p2a: Metagross|88/100|[from] item: Leftovers
|upkeep
|turn|15
|
|t:|1776296580
|move|p1a: Pecharunt|Shadow Ball|p2a: Metagross
|-supereffective|p2a: Metagross
|-damage|p2a: Metagross|37/100
|move|p2a: Metagross|Meteor Mash|p1a: Pecharunt|[miss]
|-miss|p2a: Metagross|p1a: Pecharunt
|
|-heal|p2a: Metagross|43/100|[from] item: Leftovers
|upkeep
|turn|16
|
|t:|1776296593
|move|p2a: Metagross|Bullet Punch|p1a: Pecharunt
|-damage|p1a: Pecharunt|83/100
|-damage|p2a: Metagross|27/100|[from] item: Rocky Helmet|[of] p1a: Pecharunt
|move|p1a: Pecharunt|Shadow Ball|p2a: Metagross
|-supereffective|p2a: Metagross
|-damage|p2a: Metagross|0 fnt
|faint|p2a: Metagross
|
|upkeep
|inactive|happyxklo has 60 seconds left.
|
|t:|1776296610
|switch|p2a: Blaziken|Blaziken, F|100/100
|-damage|p2a: Blaziken|88/100|[from] Spikes
|-damage|p2a: Blaziken|76/100|[from] Stealth Rock
|turn|17
|
|t:|1776296615
|move|p2a: Blaziken|Swords Dance|p2a: Blaziken
|-boost|p2a: Blaziken|atk|2
|move|p1a: Pecharunt|Malignant Chain|p2a: Blaziken
|-damage|p2a: Blaziken|30/100
|-status|p2a: Blaziken|tox
|-start|p2a: Blaziken|confusion|[from] ability: Poison Puppeteer|[of] p1a: Pecharunt
|
|-damage|p2a: Blaziken|24/100 tox|[from] psn
|-ability|p2a: Blaziken|Speed Boost|boost
|-boost|p2a: Blaziken|spe|1
|upkeep
|turn|18
|
|t:|1776296629
|-activate|p2a: Blaziken|confusion
|move|p2a: Blaziken|Protect|p2a: Blaziken
|-singleturn|p2a: Blaziken|Protect
|move|p1a: Pecharunt|Recover|p1a: Pecharunt
|-heal|p1a: Pecharunt|100/100
|
|-damage|p2a: Blaziken|12/100 tox|[from] psn
|-ability|p2a: Blaziken|Speed Boost|boost
|-boost|p2a: Blaziken|spe|1
|upkeep
|turn|19
|
|t:|1776296638
|-activate|p2a: Blaziken|confusion
|move|p2a: Blaziken|Flare Blitz|p1a: Pecharunt
|-damage|p1a: Pecharunt|28/100
|-damage|p2a: Blaziken|0 fnt|[from] item: Rocky Helmet|[of] p1a: Pecharunt
|faint|p2a: Blaziken
|move|p1a: Pecharunt|Recover|p1a: Pecharunt
|-heal|p1a: Pecharunt|78/100
|
|upkeep
|-message|happyxklo forfeited.
|
|win|Hydraaaaa
|raw|Hydraaaaa's rating: 1281 &rarr; <strong>1307</strong><br />(+26 for winning)
|raw|happyxklo's rating: 1297 &rarr; <strong>1271</strong><br />(-26 for losing)
|l|☆happyxklo
|player|p2|
