|html|<div class="broadcast-blue"><strong>[Gen 9] OU is currently suspecting Tera Blast! For information on how to participate check out the <a href="https://www.smogon.com/tools/suspects/view/200">suspect thread</a>.</strong></div>
|j|☆BLK DG
|j|☆lazyhelios
|t:|1776303163
|gametype|singles
|player|p1|BLK DG|irida|1124
|player|p2|lazyhelios|dawn|1178
|gen|9
|tier|[Gen 9] OU
|rated|
|rule|HP Percentage Mod: HP is shown in percentages
|rule|Endless Battle Clause: Forcing endless battles is banned
|rule|Species Clause: Limit one of each Pokémon
|rule|OHKO Clause: OHKO moves are banned
|rule|Evasion Items Clause: Evasion items are banned
|rule|Evasion Moves Clause: Evasion moves are banned
|rule|Evasion Abilities Clause: Evasion abilities are banned
|rule|Sleep Moves Clause: Sleep-inducing moves are banned
|clearpoke
|poke|p1|Deoxys-Speed|
|poke|p1|Ceruledge, F|
|poke|p1|Zamazenta-*|
|poke|p1|Ogerpon-Wellspring, F|
|poke|p1|Glimmora, F|
|poke|p1|Moltres-Galar|
|poke|p2|Alomomola, F|
|poke|p2|Iron Crown|
|poke|p2|Rillaboom, M|
|poke|p2|Corviknight, M|
|poke|p2|Pecharunt|
|poke|p2|Dragapult, M|
|teampreview
|inactive|Battle timer is ON: inactive players will automatically lose when time's up. (requested by BLK DG)
|
|t:|1776303183
|teamsize|p1|6
|teamsize|p2|6
|start
|switch|p1a: Deoxys|Deoxys-Speed|100/100
|switch|p2a: Rillaboom|Rillaboom, M|100/100
|-ability|p1a: Deoxys|Pressure
|-fieldstart|move: Grassy Terrain|[from] ability: Grassy Surge|[of] p2a: Rillaboom
|turn|1
|
|t:|1776303190
|move|p1a: Deoxys|Reflect|p1a: Deoxys
|-sidestart|p1: BLK DG|Reflect
|move|p2a: Rillaboom|Wood Hammer|p1a: Deoxys
|-damage|p1a: Deoxys|18/100
|-damage|p2a: Rillaboom|76/100|[from] Recoil
|
|-heal|p1a: Deoxys|24/100|[from] Grassy Terrain
|-heal|p2a: Rillaboom|83/100|[from] Grassy Terrain
|upkeep
|turn|2
|
|t:|1776303195
|move|p1a: Deoxys|Light Screen|p1a: Deoxys
|-sidestart|p1: BLK DG|move: Light Screen
|move|p2a: Rillaboom|Wood Hammer|p1a: Deoxys
|-damage|p1a: Deoxys|0 fnt
|faint|p1a: Deoxys
|-damage|p2a: Rillaboom|76/100|[from] Recoil
|
|-heal|p2a: Rillaboom|82/100|[from] Grassy Terrain
|upkeep
|
|t:|1776303198
|switch|p1a: Moltres|Moltres-Galar|100/100
|turn|3
|
|t:|1776303212
|switch|p2a: Corviknight|Corviknight, M|100/100
|-ability|p2a: Corviknight|Pressure
|move|p1a: Moltres|Nasty Plot|p1a: Moltres
|-boost|p1a: Moltres|spa|2
|
|upkeep
|turn|4
|
|t:|1776303218
|move|p1a: Moltres|Agility|p1a: Moltres
|-boost|p1a: Moltres|spe|2
|move|p2a: Corviknight|Brave Bird|p1a: Moltres
|-damage|p1a: Moltres|78/100
|-damage|p2a: Corviknight|94/100|[from] Recoil
|
|upkeep
|turn|5
|
|t:|1776303233
|move|p1a: Moltres|Nasty Plot|p1a: Moltres
|-boost|p1a: Moltres|spa|2
|move|p2a: Corviknight|Brave Bird|p1a: Moltres
|-damage|p1a: Moltres|56/100
|-damage|p2a: Corviknight|88/100|[from] Recoil
|
|-fieldend|move: Grassy Terrain
|upkeep
|turn|6
|
|t:|1776303235
|move|p1a: Moltres|Fiery Wrath|p2a: Corviknight
|-damage|p2a: Corviknight|0 fnt
|faint|p2a: Corviknight
|
|upkeep
|
|t:|1776303253
|switch|p2a: Pecharunt|Pecharunt|100/100
|turn|7
|
|t:|1776303259
|-terastallize|p2a: Pecharunt|Dark
|move|p1a: Moltres|Fiery Wrath|p2a: Pecharunt
|-resisted|p2a: Pecharunt
|-damage|p2a: Pecharunt|35/100
|move|p2a: Pecharunt|Malignant Chain|p1a: Moltres
|-damage|p1a: Moltres|41/100
|-status|p1a: Moltres|tox
|-start|p1a: Moltres|confusion|[from] ability: Poison Puppeteer|[of] p2a: Pecharunt
|-ability|p1a: Moltres|Berserk|boost
|-boost|p1a: Moltres|spa|1
|-enditem|p1a: Moltres|Sitrus Berry|[eat]
|-heal|p1a: Moltres|66/100 tox|[from] item: Sitrus Berry
|
|-damage|p1a: Moltres|60/100 tox|[from] psn
|upkeep
|turn|8
|
|t:|1776303271
|switch|p2a: Rillaboom|Rillaboom, M|82/100
|-fieldstart|move: Grassy Terrain|[from] ability: Grassy Surge|[of] p2a: Rillaboom
|-activate|p1a: Moltres|confusion
|-damage|p1a: Moltres|51/100 tox|[from] confusion
|
|-heal|p2a: Rillaboom|88/100|[from] Grassy Terrain
|-damage|p1a: Moltres|38/100 tox|[from] psn
|-sideend|p1: BLK DG|Reflect
|upkeep
|turn|9
|
|t:|1776303278
|move|p2a: Rillaboom|Grassy Glide|p1a: Moltres
|-resisted|p1a: Moltres
|-damage|p1a: Moltres|3/100 tox
|-activate|p1a: Moltres|confusion
|move|p1a: Moltres|Fiery Wrath|p2a: Rillaboom
|-damage|p2a: Rillaboom|0 fnt
|faint|p2a: Rillaboom
|
|-damage|p1a: Moltres|0 fnt|[from] psn
|faint|p1a: Moltres
|-sideend|p1: BLK DG|move: Light Screen
|upkeep
|
|t:|1776303295
|switch|p1a: Glimmora|Glimmora, F|100/100
|switch|p2a: Iron Crown|Iron Crown|100/100
|turn|10
|
|t:|1776303300
|move|p2a: Iron Crown|Future Sight|p1a: Glimmora
|-start|p2a: Iron Crown|move: Future Sight
|move|p1a: Glimmora|Meteor Beam||[still]
|-prepare|p1a: Glimmora|Meteor Beam
|-boost|p1a: Glimmora|spa|1
|-enditem|p1a: Glimmora|Power Herb
|-anim|p1a: Glimmora|Meteor Beam|p2a: Iron Crown
|-resisted|p2a: Iron Crown
|-damage|p2a: Iron Crown|72/100
|
|-heal|p2a: Iron Crown|78/100|[from] Grassy Terrain
|upkeep
|turn|11
|
|t:|1776303309
|move|p2a: Iron Crown|Tachyon Cutter|p1a: Glimmora
|-supereffective|p1a: Glimmora
|-damage|p1a: Glimmora|40/100
|-supereffective|p1a: Glimmora
|-damage|p1a: Glimmora|0 fnt
|faint|p1a: Glimmora
|-hitcount|p1: Glimmora|2
|
|-heal|p2a: Iron Crown|84/100|[from] Grassy Terrain
|upkeep
|
|t:|1776303314
|switch|p1a: Ceruledge|Ceruledge, F|100/100
|turn|12
|
|t:|1776303320
|move|p2a: Iron Crown|Volt Switch|p1a: Ceruledge
|-damage|p1a: Ceruledge|77/100
|
|t:|1776303324
|-end|p2a: Iron Crown|Quark Drive|[silent]
|switch|p2a: Alomomola|Alomomola, F|100/100|[from] Volt Switch
|move|p1a: Ceruledge|Poltergeist|p2a: Alomomola
|-activate|p2a: Alomomola|move: Poltergeist|Heavy-Duty Boots
|-damage|p2a: Alomomola|56/100
|-damage|p1a: Ceruledge|67/100|[from] item: Life Orb
|
|-end|p1a: Ceruledge|move: Future Sight
|-damage|p1a: Ceruledge|0 fnt
|faint|p1a: Ceruledge
|-heal|p2a: Alomomola|62/100|[from] Grassy Terrain
|-fieldend|move: Grassy Terrain
|upkeep
|
|t:|1776303328
|switch|p1a: Ogerpon|Ogerpon-Wellspring, F|100/100
|turn|13
|
|t:|1776303337
|switch|p2a: Dragapult|Dragapult, M|100/100
|move|p1a: Ogerpon|Swords Dance|p1a: Ogerpon
|-boost|p1a: Ogerpon|atk|2
|
|upkeep
|turn|14
|
|t:|1776303342
|-terastallize|p1a: Ogerpon|Water
|detailschange|p1a: Ogerpon|Ogerpon-Wellspring-Tera, F, tera:Water
|-ability|p1a: Ogerpon|Embody Aspect (Wellspring)|boost
|-boost|p1a: Ogerpon|spd|1
|move|p2a: Dragapult|Draco Meteor|p1a: Ogerpon
|-damage|p1a: Ogerpon|34/100
|-unboost|p2a: Dragapult|spa|2
|move|p1a: Ogerpon|Play Rough|p2a: Dragapult
|-supereffective|p2a: Dragapult
|-damage|p2a: Dragapult|0 fnt
|faint|p2a: Dragapult
|
|upkeep
|
|t:|1776303364
|switch|p2a: Alomomola|Alomomola, F|95/100
|turn|15
|
|t:|1776303373
|move|p1a: Ogerpon|Horn Leech|p2a: Alomomola
|-supereffective|p2a: Alomomola
|-crit|p2a: Alomomola
|-damage|p2a: Alomomola|0 fnt
|-heal|p1a: Ogerpon|100/100|[from] drain|[of] p2a: Alomomola
|faint|p2a: Alomomola
|
|upkeep
|
|t:|1776303375
|switch|p2a: Pecharunt|Pecharunt, tera:Dark|35/100
|turn|16
|
|t:|1776303380
|move|p1a: Ogerpon|Ivy Cudgel|p2a: Pecharunt|[anim] Ivy Cudgel Water
|-damage|p2a: Pecharunt|0 fnt
|faint|p2a: Pecharunt
|
|upkeep
|
|t:|1776303382
|switch|p2a: Iron Crown|Iron Crown|84/100
|turn|17
|
|t:|1776303385
|move|p2a: Iron Crown|Future Sight|p1a: Ogerpon
|-start|p2a: Iron Crown|move: Future Sight
|move|p1a: Ogerpon|Ivy Cudgel|p2a: Iron Crown|[anim] Ivy Cudgel Water
|-damage|p2a: Iron Crown|0 fnt
|faint|p2a: Iron Crown
|-end|p2a: Iron Crown|Quark Drive|[silent]
|
|win|BLK DG
|raw|BLK DG's rating: 1124 &rarr; <strong>1153</strong><br />(+29 for winning)
|raw|lazyhelios's rating: 1178 &rarr; <strong>1149</strong><br />(-29 for losing)
|l|☆lazyhelios
|player|p2|
