|html|<div class="broadcast-blue"><strong>[Gen 9] OU is currently suspecting Tera Blast! For information on how to participate check out the <a href="https://www.smogon.com/tools/suspects/view/200">suspect thread</a>.</strong></div>
|j|☆Hunter_of_Keys
|j|☆Chorley Cakes
|t:|1776090481
|gametype|singles
|player|p1|Hunter_of_Keys|veteran|1545
|player|p2|Chorley Cakes|waiter-gen4|1531
|gen|9
|tier|[Gen 9] OU
|rated|
|rule|HP Percentage Mod: HP is shown in percentages
|rule|Endless Battle Clause: Forcing endless battles is banned
|rule|Species Clause: Limit one of each Pokémon
|rule|OHKO Clause: OHKO moves are banned
|rule|Evasion Items Clause: Evasion items are banned
|rule|Evasion Moves Clause: Evasion moves are banned
|rule|Evasion Abilities Clause: Evasion abilities are banned
|rule|Sleep Moves Clause: Sleep-inducing moves are banned
|clearpoke
|poke|p1|Gallade, M|
|poke|p1|Armarouge, F|
|poke|p1|Indeedee, M|
|poke|p1|Cresselia, F|
|poke|p1|Rabsca, F|
|poke|p1|Espeon, M|
|poke|p2|Ogerpon-Wellspring, F|
|poke|p2|Darkrai|
|poke|p2|Cinderace, F|
|poke|p2|Corviknight, M|
|poke|p2|Gliscor, F|
|poke|p2|Kingambit, M|
|teampreview
|inactive|Battle timer is ON: inactive players will automatically lose when time's up. (requested by Hunter_of_Keys)
|inactive|Chorley Cakes also wants the timer to be on.
|inactive|Chorley Cakes has 120 seconds left.
|
|t:|1776090515
|teamsize|p1|6
|teamsize|p2|6
|start
|switch|p1a: Indeedee|Indeedee, M|100/100
|switch|p2a: Darkrai|Darkrai|100/100
|-fieldstart|move: Psychic Terrain|[from] ability: Psychic Surge|[of] p1a: Indeedee
|turn|1
|
|t:|1776090524
|move|p2a: Darkrai|Substitute|p2a: Darkrai
|-start|p2a: Darkrai|Substitute
|-damage|p2a: Darkrai|76/100
|move|p1a: Indeedee|Healing Wish|p1a: Indeedee
|faint|p1a: Indeedee
|
|-heal|p2a: Darkrai|82/100|[from] item: Leftovers
|upkeep
|
|t:|1776090529
|switch|p1a: Gallade|Gallade, M|100/100
|turn|2
|
|t:|1776090538
|move|p2a: Darkrai|Nasty Plot|p2a: Darkrai
|-boost|p2a: Darkrai|spa|2
|move|p1a: Gallade|Sacred Sword|p2a: Darkrai
|-supereffective|p2a: Darkrai
|-end|p2a: Darkrai|Substitute
|
|-heal|p2a: Darkrai|88/100|[from] item: Leftovers
|upkeep
|turn|3
|
|t:|1776090565
|switch|p2a: Corviknight|Corviknight, M|100/100
|-ability|p2a: Corviknight|Pressure
|move|p1a: Gallade|Sacred Sword|p2a: Corviknight
|-damage|p2a: Corviknight|60/100
|-damage|p1a: Gallade|84/100|[from] item: Rocky Helmet|[of] p2a: Corviknight
|
|upkeep
|turn|4
|
|t:|1776090568
|move|p1a: Gallade|Sacred Sword|p2a: Corviknight
|-damage|p2a: Corviknight|20/100
|-damage|p1a: Gallade|67/100|[from] item: Rocky Helmet|[of] p2a: Corviknight
|move|p2a: Corviknight|U-turn|p1a: Gallade
|-damage|p1a: Gallade|43/100
|
|t:|1776090575
|switch|p2a: Ogerpon|Ogerpon-Wellspring, F|100/100|[from] U-turn
|
|upkeep
|turn|5
|
|t:|1776090580
|switch|p1a: Cresselia|Cresselia, F|100/100
|move|p2a: Ogerpon|Ivy Cudgel|p1a: Cresselia|[anim] Ivy Cudgel Water
|-damage|p1a: Cresselia|67/100
|
|upkeep
|turn|6
|
|t:|1776090585
|move|p2a: Ogerpon|Swords Dance|p2a: Ogerpon
|-boost|p2a: Ogerpon|atk|2
|move|p1a: Cresselia|Thunder Wave|p2a: Ogerpon
|-status|p2a: Ogerpon|par
|
|upkeep
|turn|7
|
|t:|1776090594
|switch|p1a: Gallade|Gallade, M|43/100
|-heal|p1a: Gallade|100/100|[from] move: Healing Wish
|move|p2a: Ogerpon|Ivy Cudgel|p1a: Gallade|[anim] Ivy Cudgel Water
|-enditem|p1a: Gallade|Focus Sash
|-damage|p1a: Gallade|1/100
|
|upkeep
|turn|8
|
|t:|1776090603
|switch|p2a: Corviknight|Corviknight, M|20/100
|-ability|p2a: Corviknight|Pressure
|move|p1a: Gallade|Sacred Sword|p2a: Corviknight
|-damage|p2a: Corviknight|0 fnt
|-damage|p1a: Gallade|0 fnt|[from] item: Rocky Helmet|[of] p2a: Corviknight
|faint|p2a: Corviknight
|faint|p1a: Gallade
|
|-fieldend|move: Psychic Terrain
|upkeep
|
|t:|1776090615
|switch|p1a: Cresselia|Cresselia, F|67/100
|switch|p2a: Darkrai|Darkrai|88/100
|turn|9
|
|t:|1776090618
|move|p2a: Darkrai|Dark Pulse|p1a: Cresselia
|-supereffective|p1a: Cresselia
|-damage|p1a: Cresselia|16/100
|move|p1a: Cresselia|Thunder Wave|p2a: Darkrai
|-status|p2a: Darkrai|par
|
|-heal|p2a: Darkrai|94/100 par|[from] item: Leftovers
|upkeep
|turn|10
|
|t:|1776090626
|move|p1a: Cresselia|Lunar Dance|p1a: Cresselia
|faint|p1a: Cresselia
|move|p2a: Darkrai|Dark Pulse|p1: Cresselia|[notarget]
|-fail|p2a: Darkrai
|
|-heal|p2a: Darkrai|99/100 par|[from] item: Leftovers
|upkeep
|c|☆Chorley Cakes|insane
|
|t:|1776090628
|switch|p1a: Rabsca|Rabsca, F|100/100
|turn|11
|
|t:|1776090634
|-terastallize|p1a: Rabsca|Water
|move|p2a: Darkrai|Substitute|p2a: Darkrai
|-start|p2a: Darkrai|Substitute
|-damage|p2a: Darkrai|75/100 par
|move|p1a: Rabsca|Speed Swap|p2a: Darkrai
|-activate|p1a: Rabsca|move: Speed Swap|[of] p2a: Darkrai
|
|-heal|p2a: Darkrai|81/100 par|[from] item: Leftovers
|upkeep
|turn|12
|
|t:|1776090643
|move|p1a: Rabsca|Bug Buzz|p2a: Darkrai
|-supereffective|p2a: Darkrai
|-damage|p2a: Darkrai|0 fnt
|faint|p2a: Darkrai
|
|upkeep
|
|t:|1776090651
|switch|p2a: Gliscor|Gliscor, F|100/100
|turn|13
|
|t:|1776090655
|move|p1a: Rabsca|Revival Blessing|p1a: Rabsca
|-enditem|p1a: Rabsca|Leppa Berry|[eat]
|-activate|p1a: Rabsca|item: Leppa Berry|Revival Blessing|[consumed]
|
|t:|1776090657
|-heal|p1: Indeedee|50/100|[from] move: Revival Blessing
|move|p2a: Gliscor|Toxic|p1a: Rabsca
|-status|p1a: Rabsca|tox
|-activate|p1a: Rabsca|ability: Synchronize
|-status|p2a: Gliscor|tox
|
|-damage|p1a: Rabsca|94/100 tox|[from] psn
|upkeep
|turn|14
|
|t:|1776090662
|move|p1a: Rabsca|Revival Blessing|p1a: Rabsca
|
|t:|1776090672
|-heal|p1: Cresselia|50/100|[from] move: Revival Blessing
|move|p2a: Gliscor|Knock Off|p1a: Rabsca
|-damage|p1a: Rabsca|83/100 tox
|
|-damage|p1a: Rabsca|71/100 tox|[from] psn
|upkeep
|turn|15
|
|t:|1776090679
|move|p1a: Rabsca|Psychic Noise|p2a: Gliscor
|-damage|p2a: Gliscor|74/100 tox
|-start|p2a: Gliscor|move: Heal Block
|move|p2a: Gliscor|Earthquake|p1a: Rabsca
|-damage|p1a: Rabsca|42/100 tox
|
|-damage|p1a: Rabsca|24/100 tox|[from] psn
|upkeep
|turn|16
|
|t:|1776090686
|move|p2a: Gliscor|Protect|p2a: Gliscor
|-singleturn|p2a: Gliscor|Protect
|move|p1a: Rabsca|Psychic Noise|p2a: Gliscor
|-activate|p2a: Gliscor|move: Protect
|
|-damage|p1a: Rabsca|0 fnt|[from] psn
|faint|p1a: Rabsca
|-end|p2a: Gliscor|move: Heal Block
|upkeep
|
|t:|1776090689
|switch|p1a: Indeedee|Indeedee, M|50/100
|-heal|p1a: Indeedee|100/100|[from] move: Lunar Dance
|-fieldstart|move: Psychic Terrain|[from] ability: Psychic Surge|[of] p1a: Indeedee
|turn|17
|
|t:|1776090695
|switch|p1a: Espeon|Espeon, M|100/100
|move|p2a: Gliscor|Knock Off|p1a: Espeon
|-supereffective|p1a: Espeon
|-damage|p1a: Espeon|54/100
|-enditem|p1a: Espeon|Ability Shield|[from] move: Knock Off|[of] p2a: Gliscor
|
|-heal|p2a: Gliscor|87/100 tox|[from] ability: Poison Heal
|upkeep
|turn|18
|
|t:|1776090699
|move|p2a: Gliscor|Protect|p2a: Gliscor
|-singleturn|p2a: Gliscor|Protect
|move|p1a: Espeon|Psychic Noise|p2a: Gliscor
|-activate|p2a: Gliscor|move: Protect
|
|-heal|p2a: Gliscor|99/100 tox|[from] ability: Poison Heal
|upkeep
|turn|19
|
|t:|1776090715
|move|p1a: Espeon|Thunder Wave|p2a: Gliscor
|-immune|p2a: Gliscor
|move|p2a: Gliscor|Earthquake|p1a: Espeon
|-damage|p1a: Espeon|19/100
|
|-heal|p2a: Gliscor|100/100 tox|[from] ability: Poison Heal
|upkeep
|turn|20
|
|t:|1776090721
|switch|p1a: Armarouge|Armarouge, F|100/100
|move|p2a: Gliscor|Knock Off|p1a: Armarouge
|-supereffective|p1a: Armarouge
|-damage|p1a: Armarouge|50/100
|-ability|p1a: Armarouge|Weak Armor|boost
|-unboost|p1a: Armarouge|def|1
|-boost|p1a: Armarouge|spe|2
|-enditem|p1a: Armarouge|Weakness Policy
|-boost|p1a: Armarouge|atk|2|[from] item: Weakness Policy
|-boost|p1a: Armarouge|spa|2|[from] item: Weakness Policy
|
|upkeep
|turn|21
|
|t:|1776090723
|move|p1a: Armarouge|Expanding Force|p2a: Gliscor
|-damage|p2a: Gliscor|0 fnt
|faint|p2a: Gliscor
|
|upkeep
|
|t:|1776090731
|switch|p2a: Cinderace|Cinderace, F|100/100
|turn|22
|c|☆Chorley Cakes|cheesey piece of s**t
|inactive|Chorley Cakes has 120 seconds left.
|
|t:|1776090765
|move|p1a: Armarouge|Expanding Force|p2a: Cinderace
|-damage|p2a: Cinderace|0 fnt
|faint|p2a: Cinderace
|
|upkeep
|inactive|Chorley Cakes has 120 seconds left.
|
|t:|1776090772
|switch|p2a: Ogerpon|Ogerpon-Wellspring, F|100/100 par
|turn|23
|-message|Chorley Cakes forfeited.
|
|win|Hunter_of_Keys
|raw|Hunter_of_Keys's rating: 1545 &rarr; <strong>1564</strong><br />(+19 for winning)
|raw|Chorley Cakes's rating: 1531 &rarr; <strong>1512</strong><br />(-19 for losing)
|l|☆Chorley Cakes
|player|p2|
|l|☆Hunter_of_Keys
|player|p1|
