|html|<div class="broadcast-blue"><strong>[Gen 9] OU is currently suspecting Tera Blast! For information on how to participate check out the <a href="https://www.smogon.com/tools/suspects/view/200">suspect thread</a>.</strong></div>
|j|☆V0ldy
|j|☆fat chuds inc.
|t:|1776108632
|gametype|singles
|player|p1|V0ldy|102|1720
|player|p2|fat chuds inc.|collector|1684
|gen|9
|tier|[Gen 9] OU
|rated|
|rule|HP Percentage Mod: HP is shown in percentages
|rule|Endless Battle Clause: Forcing endless battles is banned
|rule|Species Clause: Limit one of each Pokémon
|rule|OHKO Clause: OHKO moves are banned
|rule|Evasion Items Clause: Evasion items are banned
|rule|Evasion Moves Clause: Evasion moves are banned
|rule|Evasion Abilities Clause: Evasion abilities are banned
|rule|Sleep Moves Clause: Sleep-inducing moves are banned
|clearpoke
|poke|p1|Indeedee, M|
|poke|p1|Hawlucha, F|
|poke|p1|Gallade, M|
|poke|p1|Armarouge, M|
|poke|p1|Polteageist-Antique|
|poke|p1|Excadrill, M|
|poke|p2|Samurott-Hisui, M|
|poke|p2|Zapdos|
|poke|p2|Iron Treads|
|poke|p2|Ceruledge, M|
|poke|p2|Gholdengo|
|poke|p2|Kingambit, M|
|teampreview
|
|t:|1776108642
|teamsize|p1|6
|teamsize|p2|6
|start
|switch|p1a: Excadrill|Excadrill, M|100/100
|switch|p2a: Samurott|Samurott-Hisui, M|100/100
|-ability|p1a: Excadrill|Mold Breaker
|turn|1
|
|t:|1776108645
|move|p1a: Excadrill|Rapid Spin|p2a: Samurott
|-damage|p2a: Samurott|81/100
|-boost|p1a: Excadrill|spe|1
|move|p2a: Samurott|Ceaseless Edge|p1a: Excadrill
|-damage|p1a: Excadrill|41/100
|-sidestart|p1: V0ldy|Spikes
|
|upkeep
|turn|2
|
|t:|1776108649
|move|p2a: Samurott|Sucker Punch||[still]
|-fail|p2a: Samurott
|move|p1a: Excadrill|Stealth Rock|p2a: Samurott
|-sidestart|p2: fat chuds inc.|move: Stealth Rock
|
|upkeep
|turn|3
|
|t:|1776108653
|move|p2a: Samurott|Sucker Punch|p1a: Excadrill
|-damage|p1a: Excadrill|1/100
|move|p1a: Excadrill|Earthquake|p2a: Samurott
|-damage|p2a: Samurott|18/100
|
|upkeep
|turn|4
|
|t:|1776108658
|move|p2a: Samurott|Sucker Punch|p1a: Excadrill
|-damage|p1a: Excadrill|0 fnt
|faint|p1a: Excadrill
|
|upkeep
|
|t:|1776108660
|switch|p1a: Indeedee|Indeedee, M|100/100
|-damage|p1a: Indeedee|88/100|[from] Spikes
|-fieldstart|move: Psychic Terrain|[from] ability: Psychic Surge|[of] p1a: Indeedee
|turn|5
|
|t:|1776108665
|move|p1a: Indeedee|Dazzling Gleam|p2a: Samurott
|-supereffective|p2a: Samurott
|-damage|p2a: Samurott|0 fnt
|faint|p2a: Samurott
|
|upkeep
|
|t:|1776108668
|switch|p2a: Iron Treads|Iron Treads|100/100
|-damage|p2a: Iron Treads|97/100|[from] Stealth Rock
|turn|6
|
|t:|1776108671
|switch|p1a: Polteageist|Polteageist-Antique|100/100
|-damage|p1a: Polteageist|88/100|[from] Spikes
|move|p2a: Iron Treads|Rapid Spin|p1a: Polteageist
|-immune|p1a: Polteageist
|
|-heal|p2a: Iron Treads|100/100|[from] item: Leftovers
|upkeep
|turn|7
|
|t:|1776108677
|move|p2a: Iron Treads|Knock Off|p1a: Polteageist
|-supereffective|p1a: Polteageist
|-crit|p1a: Polteageist
|-damage|p1a: Polteageist|0 fnt
|-enditem|p1a: Polteageist|Focus Sash|[from] move: Knock Off|[of] p2a: Iron Treads
|faint|p1a: Polteageist
|
|upkeep
|
|t:|1776108680
|switch|p1a: Hawlucha|Hawlucha, F|100/100
|-enditem|p1a: Hawlucha|Psychic Seed
|-boost|p1a: Hawlucha|spd|1|[from] item: Psychic Seed
|turn|8
|
|t:|1776108685
|-end|p2a: Iron Treads|Quark Drive|[silent]
|switch|p2a: Gholdengo|Gholdengo|100/100
|-damage|p2a: Gholdengo|94/100|[from] Stealth Rock
|-item|p2a: Gholdengo|Air Balloon
|move|p1a: Hawlucha|Encore|p2a: Gholdengo
|-immune|p2a: Gholdengo|[from] ability: Good as Gold
|
|upkeep
|turn|9
|
|t:|1776108687
|move|p1a: Hawlucha|Swords Dance|p1a: Hawlucha
|-boost|p1a: Hawlucha|atk|2
|move|p2a: Gholdengo|Thunder Wave|p1a: Hawlucha
|-status|p1a: Hawlucha|par
|
|upkeep
|turn|10
|
|t:|1776108691
|move|p1a: Hawlucha|Acrobatics|p2a: Gholdengo
|-resisted|p2a: Gholdengo
|-damage|p2a: Gholdengo|63/100
|-enditem|p2a: Gholdengo|Air Balloon
|move|p2a: Gholdengo|Hex|p1a: Hawlucha
|-damage|p1a: Hawlucha|36/100 par
|
|upkeep
|turn|11
|
|t:|1776108699
|move|p1a: Hawlucha|Acrobatics|p2a: Gholdengo
|-resisted|p2a: Gholdengo
|-damage|p2a: Gholdengo|33/100
|move|p2a: Gholdengo|Hex|p1a: Hawlucha
|-damage|p1a: Hawlucha|0 fnt
|faint|p1a: Hawlucha
|
|upkeep
|
|t:|1776108704
|switch|p1a: Gallade|Gallade, M|100/100
|-damage|p1a: Gallade|88/100|[from] Spikes
|turn|12
|
|t:|1776108708
|move|p1a: Gallade|Night Slash|p2a: Gholdengo
|-supereffective|p2a: Gholdengo
|-crit|p2a: Gholdengo
|-damage|p2a: Gholdengo|0 fnt
|faint|p2a: Gholdengo
|
|-fieldend|move: Psychic Terrain
|upkeep
|
|t:|1776108712
|switch|p2a: Iron Treads|Iron Treads|100/100
|-damage|p2a: Iron Treads|97/100|[from] Stealth Rock
|turn|13
|
|t:|1776108715
|move|p2a: Iron Treads|Rapid Spin|p1a: Gallade
|-damage|p1a: Gallade|59/100
|-boost|p2a: Iron Treads|spe|1
|-sideend|p2: fat chuds inc.|Stealth Rock|[from] move: Rapid Spin|[of] p2a: Iron Treads
|move|p1a: Gallade|Sacred Sword|p2a: Iron Treads
|-supereffective|p2a: Iron Treads
|-damage|p2a: Iron Treads|0 fnt
|faint|p2a: Iron Treads
|-end|p2a: Iron Treads|Quark Drive|[silent]
|
|upkeep
|
|t:|1776108727
|switch|p2a: Ceruledge|Ceruledge, M|100/100
|turn|14
|
|t:|1776108729
|switch|p1a: Indeedee|Indeedee, M|88/100
|-damage|p1a: Indeedee|76/100|[from] Spikes
|-fieldstart|move: Psychic Terrain|[from] ability: Psychic Surge|[of] p1a: Indeedee
|move|p2a: Ceruledge|Swords Dance|p2a: Ceruledge
|-boost|p2a: Ceruledge|atk|2
|
|upkeep
|turn|15
|
|t:|1776108737
|move|p1a: Indeedee|Expanding Force|p2a: Ceruledge
|-damage|p2a: Ceruledge|32/100
|move|p2a: Ceruledge|Bitter Blade|p1a: Indeedee
|-crit|p1a: Indeedee
|-damage|p1a: Indeedee|0 fnt
|-heal|p2a: Ceruledge|60/100|[from] drain|[of] p1a: Indeedee
|faint|p1a: Indeedee
|
|upkeep
|
|t:|1776108743
|switch|p1a: Armarouge|Armarouge, M|100/100
|-damage|p1a: Armarouge|88/100|[from] Spikes
|turn|16
|
|t:|1776108745
|move|p1a: Armarouge|Endure|p1a: Armarouge
|-singleturn|p1a: Armarouge|move: Endure
|move|p2a: Ceruledge|Bitter Blade|p1a: Armarouge
|-resisted|p1a: Armarouge
|-damage|p1a: Armarouge|38/100
|-heal|p2a: Ceruledge|82/100|[from] drain|[of] p1a: Armarouge
|-ability|p1a: Armarouge|Weak Armor|boost
|-unboost|p1a: Armarouge|def|1
|-boost|p1a: Armarouge|spe|2
|
|upkeep
|turn|17
|
|t:|1776108749
|move|p1a: Armarouge|Expanding Force|p2a: Ceruledge
|-damage|p2a: Ceruledge|0 fnt
|faint|p2a: Ceruledge
|
|upkeep
|
|t:|1776108753
|switch|p2a: Zapdos|Zapdos|100/100
|turn|18
|
|t:|1776108757
|move|p1a: Armarouge|Expanding Force|p2a: Zapdos
|-damage|p2a: Zapdos|12/100
|move|p2a: Zapdos|Volt Switch|p1a: Armarouge
|-damage|p1a: Armarouge|2/100
|
|t:|1776108761
|switch|p2a: Kingambit|Kingambit, M|100/100|[from] Volt Switch
|-activate|p2a: Kingambit|ability: Supreme Overlord
|-start|p2a: Kingambit|fallen4|[silent]
|
|upkeep
|turn|19
|
|t:|1776108766
|-terastallize|p2a: Kingambit|Fighting
|move|p1a: Armarouge|Armor Cannon|p2a: Kingambit
|-damage|p2a: Kingambit|21/100
|-unboost|p1a: Armarouge|def|1
|-unboost|p1a: Armarouge|spd|1
|move|p2a: Kingambit|Iron Head|p1a: Armarouge
|-resisted|p1a: Armarouge
|-damage|p1a: Armarouge|0 fnt
|faint|p1a: Armarouge
|
|-heal|p2a: Kingambit|27/100|[from] item: Leftovers
|upkeep
|
|t:|1776108771
|switch|p1a: Gallade|Gallade, M|59/100
|-damage|p1a: Gallade|46/100|[from] Spikes
|turn|20
|
|t:|1776108775
|move|p1a: Gallade|Psycho Cut|p2a: Kingambit
|-supereffective|p2a: Kingambit
|-crit|p2a: Kingambit
|-damage|p2a: Kingambit|0 fnt
|faint|p2a: Kingambit
|-end|p2a: Kingambit|fallen4|[silent]
|
|upkeep
|
|t:|1776108777
|switch|p2a: Zapdos|Zapdos|12/100
|turn|21
|
|t:|1776108779
|-terastallize|p1a: Gallade|Steel
|move|p1a: Gallade|Psycho Cut|p2a: Zapdos
|-crit|p2a: Zapdos
|-damage|p2a: Zapdos|0 fnt
|faint|p2a: Zapdos
|
|win|V0ldy
|raw|V0ldy's rating: 1720 &rarr; <strong>1738</strong><br />(+18 for winning)
|raw|fat chuds inc.'s rating: 1684 &rarr; <strong>1666</strong><br />(-18 for losing)
|l|☆fat chuds inc.
|player|p2|
|l|☆V0ldy
|player|p1|
