|html|<div class="broadcast-blue"><strong>[Gen 9] OU is currently suspecting Tera Blast! For information on how to participate check out the <a href="https://www.smogon.com/tools/suspects/view/200">suspect thread</a>.</strong></div>
|j|☆breakway
|j|☆aiwe7886
|t:|1776332442
|gametype|singles
|player|p1|breakway|red|1074
|player|p2|aiwe7886|265|1102
|gen|9
|tier|[Gen 9] OU
|rated|
|rule|HP Percentage Mod: HP is shown in percentages
|rule|Endless Battle Clause: Forcing endless battles is banned
|rule|Species Clause: Limit one of each Pokémon
|rule|OHKO Clause: OHKO moves are banned
|rule|Evasion Items Clause: Evasion items are banned
|rule|Evasion Moves Clause: Evasion moves are banned
|rule|Evasion Abilities Clause: Evasion abilities are banned
|rule|Sleep Moves Clause: Sleep-inducing moves are banned
|clearpoke
|poke|p1|Noivern, F|
|poke|p1|Hitmontop, M|
|poke|p1|Arcanine-Hisui, F|
|poke|p1|Sceptile, F|
|poke|p1|Azumarill, M|
|poke|p1|Iron Treads|
|poke|p2|Dragonite, M|
|poke|p2|Glimmora, M|
|poke|p2|Gholdengo|
|poke|p2|Iron Moth|
|poke|p2|Garchomp, M|
|poke|p2|Grimmsnarl, M|
|teampreview
|
|t:|1776332466
|teamsize|p1|6
|teamsize|p2|6
|start
|switch|p1a: Azumarill|Azumarill, M|100/100
|switch|p2a: Glimmora|Glimmora, M|100/100
|turn|1
|
|t:|1776332500
|-terastallize|p2a: Glimmora|Grass
|move|p2a: Glimmora|Stealth Rock|p1a: Azumarill
|-sidestart|p1: breakway|move: Stealth Rock
|move|p1a: Azumarill|Belly Drum|p1a: Azumarill
|-damage|p1a: Azumarill|50/100
|-setboost|p1a: Azumarill|atk|6|[from] move: Belly Drum
|-enditem|p1a: Azumarill|Sitrus Berry|[eat]
|-heal|p1a: Azumarill|75/100|[from] item: Sitrus Berry
|
|upkeep
|turn|2
|
|t:|1776332516
|-terastallize|p1a: Azumarill|Water
|move|p1a: Azumarill|Aqua Jet|p2a: Glimmora
|-resisted|p2a: Glimmora
|-damage|p2a: Glimmora|44/100
|-activate|p2a: Glimmora|ability: Toxic Debris
|-sidestart|p1: breakway|move: Toxic Spikes
|move|p2a: Glimmora|Mortal Spin|p1a: Azumarill
|-damage|p1a: Azumarill|70/100
|-status|p1a: Azumarill|psn
|
|-heal|p2a: Glimmora|50/100|[from] item: Leftovers
|-damage|p1a: Azumarill|57/100 psn|[from] psn
|upkeep
|turn|3
|
|t:|1776332533
|move|p1a: Azumarill|Aqua Jet|p2a: Glimmora
|-resisted|p2a: Glimmora
|-damage|p2a: Glimmora|0 fnt
|-activate|p2a: Glimmora|ability: Toxic Debris
|-sidestart|p1: breakway|move: Toxic Spikes
|faint|p2a: Glimmora
|
|-damage|p1a: Azumarill|45/100 psn|[from] psn
|upkeep
|
|t:|1776332549
|switch|p2a: Grimmsnarl|Grimmsnarl, M|100/100
|turn|4
|
|t:|1776332559
|move|p2a: Grimmsnarl|Reflect|p2a: Grimmsnarl
|-sidestart|p2: aiwe7886|Reflect
|move|p1a: Azumarill|Aqua Jet|p2a: Grimmsnarl
|-damage|p2a: Grimmsnarl|12/100
|
|-damage|p1a: Azumarill|32/100 psn|[from] psn
|upkeep
|turn|5
|
|t:|1776332568
|move|p2a: Grimmsnarl|Light Screen|p2a: Grimmsnarl
|-sidestart|p2: aiwe7886|move: Light Screen
|move|p1a: Azumarill|Aqua Jet|p2a: Grimmsnarl
|-damage|p2a: Grimmsnarl|0 fnt
|faint|p2a: Grimmsnarl
|
|-damage|p1a: Azumarill|20/100 psn|[from] psn
|upkeep
|
|t:|1776332578
|switch|p2a: Gholdengo|Gholdengo|100/100
|turn|6
|
|t:|1776332584
|move|p1a: Azumarill|Aqua Jet|p2a: Gholdengo
|-damage|p2a: Gholdengo|25/100
|move|p2a: Gholdengo|Shadow Ball|p1a: Azumarill
|-damage|p1a: Azumarill|0 fnt
|faint|p1a: Azumarill
|
|-heal|p2a: Gholdengo|32/100|[from] item: Leftovers
|upkeep
|
|t:|1776332604
|switch|p1a: Noivern|Noivern, F|100/100
|-damage|p1a: Noivern|76/100|[from] Stealth Rock
|-item|p2a: Gholdengo|Leftovers|[from] ability: Frisk|[of] p1a: Noivern
|turn|7
|
|t:|1776332618
|move|p1a: Noivern|Flamethrower|p2a: Gholdengo
|-supereffective|p2a: Gholdengo
|-damage|p2a: Gholdengo|3/100
|move|p2a: Gholdengo|Recover|p2a: Gholdengo
|-heal|p2a: Gholdengo|53/100
|
|-heal|p2a: Gholdengo|59/100|[from] item: Leftovers
|upkeep
|turn|8
|
|t:|1776332642
|switch|p2a: Dragonite|Dragonite, M|100/100
|move|p1a: Noivern|Draco Meteor|p2a: Dragonite
|-supereffective|p2a: Dragonite
|-damage|p2a: Dragonite|70/100
|-unboost|p1a: Noivern|spa|2
|
|-heal|p2a: Dragonite|76/100|[from] item: Leftovers
|upkeep
|turn|9
|
|t:|1776332660
|switch|p1a: Hitmontop|Hitmontop, M|100/100
|-damage|p1a: Hitmontop|94/100|[from] Stealth Rock
|-status|p1a: Hitmontop|tox
|move|p2a: Dragonite|Extreme Speed|p1a: Hitmontop
|-damage|p1a: Hitmontop|47/100 tox
|
|-heal|p2a: Dragonite|82/100|[from] item: Leftovers
|-damage|p1a: Hitmontop|41/100 tox|[from] psn
|upkeep
|turn|10
|
|t:|1776332673
|move|p2a: Dragonite|Extreme Speed|p1a: Hitmontop
|-damage|p1a: Hitmontop|0 fnt
|faint|p1a: Hitmontop
|
|-heal|p2a: Dragonite|88/100|[from] item: Leftovers
|upkeep
|
|t:|1776332680
|switch|p1a: Iron Treads|Iron Treads|100/100
|-damage|p1a: Iron Treads|97/100|[from] Stealth Rock
|-enditem|p1a: Iron Treads|Booster Energy
|-activate|p1a: Iron Treads|ability: Quark Drive|[fromitem]
|-start|p1a: Iron Treads|quarkdriveatk
|turn|11
|
|t:|1776332693
|move|p1a: Iron Treads|Rapid Spin|p2a: Dragonite
|-damage|p2a: Dragonite|76/100
|-boost|p1a: Iron Treads|spe|1
|-sideend|p1: breakway|Toxic Spikes|[from] move: Rapid Spin|[of] p1a: Iron Treads
|-sideend|p1: breakway|Stealth Rock|[from] move: Rapid Spin|[of] p1a: Iron Treads
|move|p2a: Dragonite|Dragon Dance|p2a: Dragonite
|-boost|p2a: Dragonite|atk|1
|-boost|p2a: Dragonite|spe|1
|
|-heal|p2a: Dragonite|82/100|[from] item: Leftovers
|-sideend|p2: aiwe7886|Reflect
|upkeep
|turn|12
|
|t:|1776332719
|move|p1a: Iron Treads|Iron Head|p2a: Dragonite
|-damage|p2a: Dragonite|23/100
|cant|p2a: Dragonite|flinch
|
|-heal|p2a: Dragonite|30/100|[from] item: Leftovers
|-sideend|p2: aiwe7886|move: Light Screen
|upkeep
|turn|13
|
|t:|1776332732
|switch|p2a: Garchomp|Garchomp, M|100/100
|move|p1a: Iron Treads|Iron Head|p2a: Garchomp
|-damage|p2a: Garchomp|65/100
|-damage|p1a: Iron Treads|85/100|[from] ability: Rough Skin|[of] p2a: Garchomp
|-damage|p1a: Iron Treads|68/100|[from] item: Rocky Helmet|[of] p2a: Garchomp
|
|upkeep
|turn|14
|
|t:|1776332746
|move|p1a: Iron Treads|Earthquake|p2a: Garchomp
|-damage|p2a: Garchomp|19/100
|move|p2a: Garchomp|Earthquake|p1a: Iron Treads
|-supereffective|p1a: Iron Treads
|-damage|p1a: Iron Treads|0 fnt
|faint|p1a: Iron Treads
|-end|p1a: Iron Treads|Quark Drive|[silent]
|
|upkeep
|
|t:|1776332755
|switch|p1a: Noivern|Noivern, F|76/100
|-item|p2a: Garchomp|Rocky Helmet|[from] ability: Frisk|[of] p1a: Noivern
|turn|15
|
|t:|1776332770
|move|p1a: Noivern|Boomburst|p2a: Garchomp
|-damage|p2a: Garchomp|0 fnt
|faint|p2a: Garchomp
|-enditem|p1a: Noivern|Throat Spray
|-boost|p1a: Noivern|spa|1|[from] item: Throat Spray
|
|upkeep
|
|t:|1776332778
|switch|p2a: Iron Moth|Iron Moth|100/100
|-enditem|p2a: Iron Moth|Booster Energy
|-activate|p2a: Iron Moth|ability: Quark Drive|[fromitem]
|-start|p2a: Iron Moth|quarkdrivespa
|turn|16
|
|t:|1776332799
|move|p1a: Noivern|Air Slash|p2a: Iron Moth
|-damage|p2a: Iron Moth|53/100
|move|p2a: Iron Moth|Discharge|p1a: Noivern
|-damage|p1a: Noivern|26/100
|
|upkeep
|turn|17
|
|t:|1776332811
|move|p1a: Noivern|Draco Meteor|p2a: Iron Moth
|-damage|p2a: Iron Moth|0 fnt
|-unboost|p1a: Noivern|spa|2
|faint|p2a: Iron Moth
|-end|p2a: Iron Moth|Quark Drive|[silent]
|
|upkeep
|
|t:|1776332818
|switch|p2a: Dragonite|Dragonite, M|30/100
|turn|18
|
|t:|1776332830
|move|p2a: Dragonite|Extreme Speed|p1a: Noivern
|-damage|p1a: Noivern|0 fnt
|faint|p1a: Noivern
|
|-heal|p2a: Dragonite|36/100|[from] item: Leftovers
|upkeep
|
|t:|1776332842
|switch|p1a: Sceptile|Sceptile, F, shiny|100/100
|-item|p1a: Sceptile|Air Balloon
|turn|19
|
|t:|1776332858
|move|p1a: Sceptile|Dragon Claw|p2a: Dragonite
|-supereffective|p2a: Dragonite
|-damage|p2a: Dragonite|0 fnt
|faint|p2a: Dragonite
|
|upkeep
|
|t:|1776332864
|switch|p2a: Gholdengo|Gholdengo|59/100
|turn|20
|
|t:|1776332870
|move|p1a: Sceptile|Earthquake|p2a: Gholdengo
|-supereffective|p2a: Gholdengo
|-damage|p2a: Gholdengo|4/100
|move|p2a: Gholdengo|Nasty Plot|p2a: Gholdengo
|-boost|p2a: Gholdengo|spa|2
|
|-heal|p2a: Gholdengo|10/100|[from] item: Leftovers
|upkeep
|turn|21
|-message|aiwe7886 forfeited.
|
|win|breakway
|raw|breakway's rating: 1074 &rarr; <strong>1105</strong><br />(+31 for winning)
|raw|aiwe7886's rating: 1102 &rarr; <strong>1075</strong><br />(-27 for losing)
