|html|<div class="broadcast-blue"><strong>[Gen 9] OU is currently suspecting Volcarona! For information on how to participate check out the <a href="https://www.smogon.com/tools/suspects/view/208">suspect thread</a>.</strong></div>
|j|☆Gayskeletor
|j|☆sumofsquares
|t:|1778507318
|gametype|singles
|player|p1|Gayskeletor|101|1383
|player|p2|sumofsquares|steven|1415
|gen|9
|tier|[Gen 9] OU
|rated|
|rule|HP Percentage Mod: HP is shown in percentages
|rule|Endless Battle Clause: Forcing endless battles is banned
|rule|Species Clause: Limit one of each Pokémon
|rule|OHKO Clause: OHKO moves are banned
|rule|Evasion Items Clause: Evasion items are banned
|rule|Evasion Moves Clause: Evasion moves are banned
|rule|Evasion Abilities Clause: Evasion abilities are banned
|rule|Sleep Moves Clause: Sleep-inducing moves are banned
|clearpoke
|poke|p1|Hoopa-Unbound|
|poke|p1|Corviknight, F|
|poke|p1|Ting-Lu|
|poke|p1|Clefable, M|
|poke|p1|Toxapex, M|
|poke|p1|Dragapult, M|
|poke|p2|Raging Bolt|
|poke|p2|Regieleki|
|poke|p2|Iron Moth|
|poke|p2|Iron Valiant|
|poke|p2|Iron Leaves|
|poke|p2|Iron Treads|
|teampreview
|
|t:|1778507337
|teamsize|p1|6
|teamsize|p2|6
|start
|switch|p1a: Hoopa|Hoopa-Unbound|100/100
|switch|p2a: Regieleki|Regieleki|100/100
|turn|1
|
|t:|1778507345
|switch|p1a: Ting-Lu|Ting-Lu|100/100
|-ability|p1a: Ting-Lu|Vessel of Ruin
|move|p2a: Regieleki|Supercell Slam|p1a: Ting-Lu
|-immune|p1a: Ting-Lu
|-damage|p2a: Regieleki|51/100|[from] supercellslam
|
|upkeep
|turn|2
|
|t:|1778507353
|move|p2a: Regieleki|Electric Terrain|p2a: Regieleki
|-fieldstart|move: Electric Terrain
|move|p1a: Ting-Lu|Ruination|p2a: Regieleki
|-damage|p2a: Regieleki|26/100
|
|upkeep
|turn|3
|
|t:|1778507363
|switch|p2a: Iron Treads|Iron Treads|100/100
|-activate|p2a: Iron Treads|ability: Quark Drive
|-start|p2a: Iron Treads|quarkdrivespe
|move|p1a: Ting-Lu|Ruination|p2a: Iron Treads
|-damage|p2a: Iron Treads|51/100
|-enditem|p2a: Iron Treads|Eject Button
|
|t:|1778507376
|-end|p2a: Iron Treads|Quark Drive|[silent]
|switch|p2a: Iron Leaves|Iron Leaves|100/100
|-activate|p2a: Iron Leaves|ability: Quark Drive
|-start|p2a: Iron Leaves|quarkdriveatk
|
|upkeep
|turn|4
|
|t:|1778507385
|switch|p1a: Corviknight|Corviknight, F|100/100
|-ability|p1a: Corviknight|Pressure
|move|p2a: Iron Leaves|Agility|p2a: Iron Leaves
|-boost|p2a: Iron Leaves|spe|2
|
|upkeep
|turn|5
|
|t:|1778507394
|-terastallize|p2a: Iron Leaves|Fighting
|move|p2a: Iron Leaves|Swords Dance|p2a: Iron Leaves
|-boost|p2a: Iron Leaves|atk|2
|move|p1a: Corviknight|Brave Bird|p2a: Iron Leaves
|-supereffective|p2a: Iron Leaves
|-damage|p2a: Iron Leaves|12/100
|-damage|p1a: Corviknight|77/100|[from] Recoil
|
|-heal|p2a: Iron Leaves|18/100|[from] item: Leftovers
|upkeep
|turn|6
|
|t:|1778507404
|move|p2a: Iron Leaves|Close Combat|p1a: Corviknight
|-damage|p1a: Corviknight|0 fnt
|-unboost|p2a: Iron Leaves|def|1
|-unboost|p2a: Iron Leaves|spd|1
|-damage|p2a: Iron Leaves|2/100|[from] item: Rocky Helmet|[of] p1a: Corviknight
|faint|p1a: Corviknight
|
|-heal|p2a: Iron Leaves|8/100|[from] item: Leftovers
|upkeep
|
|t:|1778507423
|switch|p1a: Toxapex|Toxapex, M|100/100
|turn|7
|
|t:|1778507431
|-terastallize|p1a: Toxapex|Steel
|move|p2a: Iron Leaves|Psyblade|p1a: Toxapex
|-resisted|p1a: Toxapex
|-damage|p1a: Toxapex|38/100
|move|p1a: Toxapex|Haze|p1a: Toxapex
|-clearallboost
|
|-heal|p2a: Iron Leaves|14/100|[from] item: Leftovers
|upkeep
|turn|8
|
|t:|1778507441
|move|p2a: Iron Leaves|Close Combat|p1a: Toxapex
|-supereffective|p1a: Toxapex
|-damage|p1a: Toxapex|0 fnt
|-unboost|p2a: Iron Leaves|def|1
|-unboost|p2a: Iron Leaves|spd|1
|faint|p1a: Toxapex
|
|-heal|p2a: Iron Leaves|20/100|[from] item: Leftovers
|upkeep
|
|t:|1778507444
|switch|p1a: Dragapult|Dragapult, M|100/100
|turn|9
|
|t:|1778507448
|-end|p2a: Iron Leaves|Quark Drive|[silent]
|switch|p2a: Iron Treads|Iron Treads|51/100
|-activate|p2a: Iron Treads|ability: Quark Drive
|-start|p2a: Iron Treads|quarkdrivespe
|move|p1a: Dragapult|Hex|p2a: Iron Treads
|-damage|p2a: Iron Treads|18/100
|
|-fieldend|move: Electric Terrain
|-end|p2a: Iron Treads|Quark Drive
|upkeep
|turn|10
|
|t:|1778507454
|move|p1a: Dragapult|Hex|p2a: Iron Treads
|-damage|p2a: Iron Treads|0 fnt
|faint|p2a: Iron Treads
|-end|p2a: Iron Treads|Quark Drive|[silent]
|
|upkeep
|
|t:|1778507458
|switch|p2a: Regieleki|Regieleki|26/100
|turn|11
|
|t:|1778507476
|switch|p1a: Ting-Lu|Ting-Lu|100/100
|-ability|p1a: Ting-Lu|Vessel of Ruin
|move|p2a: Regieleki|Electric Terrain|p2a: Regieleki
|-fieldstart|move: Electric Terrain
|
|upkeep
|turn|12
|
|t:|1778507481
|move|p2a: Regieleki|Explosion|p1a: Ting-Lu
|-damage|p1a: Ting-Lu|63/100
|faint|p2a: Regieleki
|move|p1a: Ting-Lu|Earthquake|p2: Regieleki|[notarget]
|-fail|p1a: Ting-Lu
|
|-heal|p1a: Ting-Lu|69/100|[from] item: Leftovers
|upkeep
|
|t:|1778507500
|switch|p2a: Iron Valiant|Iron Valiant|100/100
|-activate|p2a: Iron Valiant|ability: Quark Drive
|-start|p2a: Iron Valiant|quarkdrivespe
|turn|13
|
|t:|1778507538
|switch|p1a: Clefable|Clefable, M|100/100
|move|p2a: Iron Valiant|Spirit Break|p1a: Clefable
|-damage|p1a: Clefable|68/100
|-unboost|p1a: Clefable|spa|1
|
|-heal|p1a: Clefable|74/100|[from] item: Leftovers
|upkeep
|turn|14
|
|t:|1778507545
|-end|p2a: Iron Valiant|Quark Drive|[silent]
|switch|p2a: Iron Moth|Iron Moth|100/100
|-activate|p2a: Iron Moth|ability: Quark Drive
|-start|p2a: Iron Moth|quarkdrivespe
|move|p1a: Clefable|Wish|p1a: Clefable
|
|-heal|p1a: Clefable|80/100|[from] item: Leftovers
|upkeep
|turn|15
|
|t:|1778507553
|switch|p1a: Ting-Lu|Ting-Lu|69/100
|-ability|p1a: Ting-Lu|Vessel of Ruin
|move|p2a: Iron Moth|Fiery Dance|p1a: Ting-Lu
|-damage|p1a: Ting-Lu|53/100
|
|-heal|p1a: Ting-Lu|91/100|[from] move: Wish|[wisher] Clefable
|-heal|p1a: Ting-Lu|98/100|[from] item: Leftovers
|upkeep
|turn|16
|
|t:|1778507558
|-end|p2a: Iron Moth|Quark Drive|[silent]
|switch|p2a: Iron Valiant|Iron Valiant|100/100
|-activate|p2a: Iron Valiant|ability: Quark Drive
|-start|p2a: Iron Valiant|quarkdrivespe
|move|p1a: Ting-Lu|Earthquake|p2a: Iron Valiant
|-damage|p2a: Iron Valiant|52/100
|
|-heal|p1a: Ting-Lu|100/100|[from] item: Leftovers
|upkeep
|turn|17
|
|t:|1778507561
|switch|p1a: Clefable|Clefable, M|80/100
|move|p2a: Iron Valiant|Close Combat|p1a: Clefable
|-resisted|p1a: Clefable
|-damage|p1a: Clefable|55/100
|-unboost|p2a: Iron Valiant|def|1
|-unboost|p2a: Iron Valiant|spd|1
|
|-heal|p1a: Clefable|61/100|[from] item: Leftovers
|upkeep
|turn|18
|
|t:|1778507568
|move|p2a: Iron Valiant|Knock Off|p1a: Clefable
|-resisted|p1a: Clefable
|-damage|p1a: Clefable|49/100
|-enditem|p1a: Clefable|Leftovers|[from] move: Knock Off|[of] p2a: Iron Valiant
|move|p1a: Clefable|Moonlight|p1a: Clefable
|-heal|p1a: Clefable|99/100
|
|-fieldend|move: Electric Terrain
|-end|p2a: Iron Valiant|Quark Drive
|upkeep
|turn|19
|
|t:|1778507576
|-end|p2a: Iron Valiant|Quark Drive|[silent]
|switch|p2a: Raging Bolt|Raging Bolt|100/100
|move|p1a: Clefable|Stealth Rock|p2a: Raging Bolt
|-sidestart|p2: sumofsquares|move: Stealth Rock
|
|upkeep
|turn|20
|
|t:|1778507582
|switch|p1a: Ting-Lu|Ting-Lu|100/100
|-ability|p1a: Ting-Lu|Vessel of Ruin
|move|p2a: Raging Bolt|Electric Terrain|p2a: Raging Bolt
|-fieldstart|move: Electric Terrain
|
|upkeep
|turn|21
|
|t:|1778507586
|-end|p2a: Raging Bolt|Protosynthesis|[silent]
|switch|p2a: Iron Valiant|Iron Valiant|52/100
|-damage|p2a: Iron Valiant|46/100|[from] Stealth Rock
|-activate|p2a: Iron Valiant|ability: Quark Drive
|-start|p2a: Iron Valiant|quarkdrivespe
|move|p1a: Ting-Lu|Earthquake|p2a: Iron Valiant
|-damage|p2a: Iron Valiant|0 fnt
|faint|p2a: Iron Valiant
|-end|p2a: Iron Valiant|Quark Drive|[silent]
|
|upkeep
|
|t:|1778507590
|switch|p2a: Iron Leaves|Iron Leaves, tera:Fighting|20/100
|-damage|p2a: Iron Leaves|14/100|[from] Stealth Rock
|-activate|p2a: Iron Leaves|ability: Quark Drive
|-start|p2a: Iron Leaves|quarkdriveatk
|turn|22
|
|t:|1778507598
|switch|p1a: Clefable|Clefable, M|99/100
|move|p2a: Iron Leaves|Close Combat|p1a: Clefable
|-resisted|p1a: Clefable
|-damage|p1a: Clefable|70/100
|-unboost|p2a: Iron Leaves|def|1
|-unboost|p2a: Iron Leaves|spd|1
|
|-heal|p2a: Iron Leaves|20/100|[from] item: Leftovers
|upkeep
|turn|23
|
|t:|1778507604
|move|p2a: Iron Leaves|Psyblade|p1a: Clefable
|-damage|p1a: Clefable|11/100
|move|p1a: Clefable|Moonblast|p2a: Iron Leaves
|-supereffective|p2a: Iron Leaves
|-damage|p2a: Iron Leaves|0 fnt
|faint|p2a: Iron Leaves
|-end|p2a: Iron Leaves|Quark Drive|[silent]
|
|upkeep
|
|t:|1778507610
|switch|p2a: Iron Moth|Iron Moth|100/100
|-damage|p2a: Iron Moth|76/100|[from] Stealth Rock
|-activate|p2a: Iron Moth|ability: Quark Drive
|-start|p2a: Iron Moth|quarkdrivespe
|turn|24
|
|t:|1778507627
|switch|p1a: Hoopa|Hoopa-Unbound|100/100
|move|p2a: Iron Moth|Meteor Beam||[still]
|-prepare|p2a: Iron Moth|Meteor Beam
|-boost|p2a: Iron Moth|spa|1
|-enditem|p2a: Iron Moth|Power Herb
|-anim|p2a: Iron Moth|Meteor Beam|p1a: Hoopa
|-damage|p1a: Hoopa|51/100
|
|upkeep
|turn|25
|
|t:|1778507633
|move|p2a: Iron Moth|Dazzling Gleam|p1a: Hoopa
|-supereffective|p1a: Hoopa
|-damage|p1a: Hoopa|0 fnt
|faint|p1a: Hoopa
|
|upkeep
|
|t:|1778507635
|switch|p1a: Ting-Lu|Ting-Lu|100/100
|-ability|p1a: Ting-Lu|Vessel of Ruin
|turn|26
|
|t:|1778507640
|move|p2a: Iron Moth|Dazzling Gleam|p1a: Ting-Lu
|-supereffective|p1a: Ting-Lu
|-damage|p1a: Ting-Lu|66/100
|move|p1a: Ting-Lu|Earthquake|p2a: Iron Moth
|-supereffective|p2a: Iron Moth
|-damage|p2a: Iron Moth|0 fnt
|faint|p2a: Iron Moth
|-end|p2a: Iron Moth|Quark Drive|[silent]
|
|-heal|p1a: Ting-Lu|72/100|[from] item: Leftovers
|upkeep
|
|t:|1778507644
|switch|p2a: Raging Bolt|Raging Bolt|100/100
|-damage|p2a: Raging Bolt|88/100|[from] Stealth Rock
|turn|27
|
|t:|1778507645
|move|p2a: Raging Bolt|Dragon Pulse|p1a: Ting-Lu
|-damage|p1a: Ting-Lu|54/100
|move|p1a: Ting-Lu|Earthquake|p2a: Raging Bolt
|-supereffective|p2a: Raging Bolt
|-damage|p2a: Raging Bolt|13/100
|
|-heal|p1a: Ting-Lu|61/100|[from] item: Leftovers
|-fieldend|move: Electric Terrain
|upkeep
|turn|28
|
|t:|1778507648
|move|p2a: Raging Bolt|Dragon Pulse|p1a: Ting-Lu
|-damage|p1a: Ting-Lu|41/100
|move|p1a: Ting-Lu|Earthquake|p2a: Raging Bolt
|-supereffective|p2a: Raging Bolt
|-damage|p2a: Raging Bolt|0 fnt
|faint|p2a: Raging Bolt
|-end|p2a: Raging Bolt|Protosynthesis|[silent]
|
|win|Gayskeletor
|raw|Gayskeletor's rating: 1383 &rarr; <strong>1405</strong><br />(+22 for winning)
|raw|sumofsquares's rating: 1415 &rarr; <strong>1393</strong><br />(-22 for losing)
|l|☆Gayskeletor
|player|p1|
|l|☆sumofsquares
|player|p2|
|j|☆sumofsquares
|player|p2|sumofsquares|steven|
|l|☆sumofsquares
|player|p2|
