|html|<div class="broadcast-blue"><strong>[Gen 9] OU is currently suspecting Tera Blast! For information on how to participate check out the <a href="https://www.smogon.com/tools/suspects/view/200">suspect thread</a>.</strong></div>
|j|☆Indigena09
|j|☆you win/lose some
|t:|1776054957
|gametype|singles
|player|p1|Indigena09|cyclist|1099
|player|p2|you win/lose some|1|1105
|gen|9
|tier|[Gen 9] OU
|rated|
|rule|HP Percentage Mod: HP is shown in percentages
|rule|Endless Battle Clause: Forcing endless battles is banned
|rule|Species Clause: Limit one of each Pokémon
|rule|OHKO Clause: OHKO moves are banned
|rule|Evasion Items Clause: Evasion items are banned
|rule|Evasion Moves Clause: Evasion moves are banned
|rule|Evasion Abilities Clause: Evasion abilities are banned
|rule|Sleep Moves Clause: Sleep-inducing moves are banned
|clearpoke
|poke|p1|Tyranitar, F|
|poke|p1|Excadrill, M|
|poke|p1|Corviknight, M|
|poke|p1|Rotom-Wash|
|poke|p1|Gholdengo|
|poke|p1|Ursaluna, M|
|poke|p2|Jolteon, F|
|poke|p2|Serperior, M|
|poke|p2|Maushold-Four|
|poke|p2|Grimmsnarl, M|
|poke|p2|Minior-Green|
|poke|p2|Skeledirge, F|
|teampreview
|inactive|Battle timer is ON: inactive players will automatically lose when time's up. (requested by you win/lose some)
|
|t:|1776054964
|teamsize|p1|6
|teamsize|p2|6
|start
|switch|p1a: Godzilla|Tyranitar, F|100/100
|switch|p2a: Jolteon|Jolteon, F|100/100
|-weather|Sandstorm|[from] ability: Sand Stream|[of] p1a: Godzilla
|turn|1
|
|t:|1776054973
|move|p2a: Jolteon|Rain Dance|p2a: Jolteon
|-weather|RainDance
|move|p1a: Godzilla|Earthquake|p2a: Jolteon
|-supereffective|p2a: Jolteon
|-damage|p2a: Jolteon|0 fnt
|faint|p2a: Jolteon
|
|-weather|RainDance|[upkeep]
|upkeep
|
|t:|1776054977
|switch|p2a: Serperior|Serperior, M|100/100
|turn|2
|
|t:|1776054990
|switch|p1a: Jubileu|Corviknight, M, shiny|100/100
|move|p2a: Serperior|Glare|p1a: Jubileu
|-status|p1a: Jubileu|par
|
|-weather|RainDance|[upkeep]
|upkeep
|turn|3
|
|t:|1776055000
|switch|p2a: Skeledirge|Skeledirge, F|100/100
|move|p1a: Jubileu|Brave Bird|p2a: Skeledirge
|-damage|p2a: Skeledirge|69/100
|-damage|p1a: Jubileu|90/100 par|[from] Recoil
|
|-weather|RainDance|[upkeep]
|upkeep
|turn|4
|
|t:|1776055008
|switch|p1a: Godzilla|Tyranitar, F|100/100
|-weather|Sandstorm|[from] ability: Sand Stream|[of] p1a: Godzilla
|move|p2a: Skeledirge|Torch Song|p1a: Godzilla
|-resisted|p1a: Godzilla
|-damage|p1a: Godzilla|95/100
|-boost|p2a: Skeledirge|spa|1
|
|-weather|Sandstorm|[upkeep]
|-damage|p2a: Skeledirge|63/100|[from] Sandstorm
|upkeep
|turn|5
|
|t:|1776055015
|move|p2a: Skeledirge|Scorching Sands|p1a: Godzilla
|-supereffective|p1a: Godzilla
|-damage|p1a: Godzilla|75/100
|-status|p1a: Godzilla|brn
|move|p1a: Godzilla|Knock Off|p2a: Skeledirge
|-supereffective|p2a: Skeledirge
|-damage|p2a: Skeledirge|29/100
|-enditem|p2a: Skeledirge|Quick Claw|[from] move: Knock Off|[of] p1a: Godzilla
|
|-weather|Sandstorm|[upkeep]
|-damage|p2a: Skeledirge|23/100|[from] Sandstorm
|-damage|p1a: Godzilla|69/100 brn|[from] brn
|upkeep
|turn|6
|
|t:|1776055027
|move|p2a: Skeledirge|Slack Off|p2a: Skeledirge
|-heal|p2a: Skeledirge|73/100
|move|p1a: Godzilla|Earthquake|p2a: Skeledirge
|-supereffective|p2a: Skeledirge
|-damage|p2a: Skeledirge|49/100
|
|-weather|Sandstorm|[upkeep]
|-damage|p2a: Skeledirge|43/100|[from] Sandstorm
|-damage|p1a: Godzilla|62/100 brn|[from] brn
|upkeep
|turn|7
|
|t:|1776055039
|switch|p1a: aúuu|Ursaluna, M, shiny|100/100
|move|p2a: Skeledirge|Torch Song|p1a: aúuu
|-damage|p1a: aúuu|47/100
|-boost|p2a: Skeledirge|spa|1
|
|-weather|Sandstorm|[upkeep]
|-damage|p2a: Skeledirge|37/100|[from] Sandstorm
|-status|p1a: aúuu|brn|[from] item: Flame Orb
|upkeep
|turn|8
|
|t:|1776055049
|-terastallize|p1a: aúuu|Normal
|move|p1a: aúuu|Headlong Rush|p2a: Skeledirge
|-supereffective|p2a: Skeledirge
|-damage|p2a: Skeledirge|0 fnt
|-unboost|p1a: aúuu|def|1
|-unboost|p1a: aúuu|spd|1
|faint|p2a: Skeledirge
|
|-weather|none
|-damage|p1a: aúuu|40/100 brn|[from] brn
|upkeep
|
|t:|1776055055
|switch|p2a: Grimmsnarl|Grimmsnarl, M|100/100
|turn|9
|
|t:|1776055061
|move|p2a: Grimmsnarl|Reflect|p2a: Grimmsnarl
|-sidestart|p2: you win/lose some|Reflect
|move|p1a: aúuu|Facade|p2a: Grimmsnarl
|-damage|p2a: Grimmsnarl|9/100
|
|-damage|p1a: aúuu|34/100 brn|[from] brn
|upkeep
|turn|10
|
|t:|1776055069
|switch|p1a: Godzilla|Tyranitar, F|62/100 brn
|-weather|Sandstorm|[from] ability: Sand Stream|[of] p1a: Godzilla
|move|p2a: Grimmsnarl|Light Screen|p2a: Grimmsnarl
|-sidestart|p2: you win/lose some|move: Light Screen
|
|-weather|Sandstorm|[upkeep]
|-damage|p2a: Grimmsnarl|3/100|[from] Sandstorm
|-damage|p1a: Godzilla|56/100 brn|[from] brn
|upkeep
|turn|11
|
|t:|1776055080
|switch|p1a: Brastemp|Rotom-Wash, shiny|100/100
|move|p2a: Grimmsnarl|Spirit Break|p1a: Brastemp
|-damage|p1a: Brastemp|75/100
|-unboost|p1a: Brastemp|spa|1
|
|-weather|Sandstorm|[upkeep]
|-damage|p1a: Brastemp|68/100|[from] Sandstorm
|-damage|p2a: Grimmsnarl|0 fnt|[from] Sandstorm
|faint|p2a: Grimmsnarl
|-heal|p1a: Brastemp|75/100|[from] item: Leftovers
|upkeep
|
|t:|1776055089
|switch|p2a: Minior|Minior-Green|100/100
|-formechange|p2a: Minior|Minior-Meteor||[from] ability: Shields Down
|turn|12
|j| Boss Arunka
|
|t:|1776055093
|move|p1a: Brastemp|Volt Switch|p2a: Minior
|-supereffective|p2a: Minior
|-damage|p2a: Minior|86/100
|l| Boss Arunka
|
|t:|1776055099
|switch|p1a: Jubileu|Corviknight, M, shiny|90/100 par|[from] Volt Switch
|move|p2a: Minior|Shell Smash|p2a: Minior
|-unboost|p2a: Minior|def|1
|-unboost|p2a: Minior|spd|1
|-boost|p2a: Minior|atk|2
|-boost|p2a: Minior|spa|2
|-boost|p2a: Minior|spe|2
|-enditem|p2a: Minior|White Herb
|-clearnegativeboost|p2a: Minior|[silent]
|
|-weather|Sandstorm|[upkeep]
|upkeep
|turn|13
|
|t:|1776055109
|move|p2a: Minior|Rock Blast|p1a: Jubileu
|-damage|p1a: Jubileu|79/100 par
|-damage|p1a: Jubileu|68/100 par
|-damage|p1a: Jubileu|58/100 par
|-hitcount|p1a: Jubileu|3
|cant|p1a: Jubileu|par
|
|-weather|Sandstorm|[upkeep]
|upkeep
|turn|14
|
|t:|1776055118
|switch|p1a: Brastemp|Rotom-Wash, shiny|75/100
|move|p2a: Minior|Rock Blast|p1a: Brastemp
|-damage|p1a: Brastemp|61/100
|-damage|p1a: Brastemp|48/100
|-damage|p1a: Brastemp|33/100
|-damage|p1a: Brastemp|18/100
|-damage|p1a: Brastemp|4/100
|-hitcount|p1a: Brastemp|5
|
|-weather|none
|-heal|p1a: Brastemp|11/100|[from] item: Leftovers
|upkeep
|turn|15
|
|t:|1776055124
|move|p1a: Brastemp|Protect|p1a: Brastemp
|-singleturn|p1a: Brastemp|Protect
|move|p2a: Minior|Acrobatics|p1a: Brastemp
|-activate|p1a: Brastemp|move: Protect
|
|-heal|p1a: Brastemp|17/100|[from] item: Leftovers
|upkeep
|turn|16
|
|t:|1776055133
|switch|p1a: Jubileu|Corviknight, M, shiny|58/100 par
|move|p2a: Minior|Rock Blast|p1a: Jubileu
|-damage|p1a: Jubileu|47/100 par
|-damage|p1a: Jubileu|35/100 par
|-damage|p1a: Jubileu|24/100 par
|-hitcount|p1a: Jubileu|3
|
|-sideend|p2: you win/lose some|Reflect
|upkeep
|turn|17
|
|t:|1776055143
|switch|p1a: Godzilla|Tyranitar, F|56/100 brn
|-weather|Sandstorm|[from] ability: Sand Stream|[of] p1a: Godzilla
|move|p2a: Minior|Rock Blast|p1a: Godzilla
|-damage|p1a: Godzilla|43/100 brn
|-damage|p1a: Godzilla|29/100 brn
|-damage|p1a: Godzilla|16/100 brn
|-hitcount|p1a: Godzilla|3
|
|-weather|Sandstorm|[upkeep]
|-damage|p1a: Godzilla|10/100 brn|[from] brn
|-sideend|p2: you win/lose some|move: Light Screen
|upkeep
|turn|18
|
|t:|1776055150
|move|p2a: Minior|Earthquake|p1a: Godzilla
|-supereffective|p1a: Godzilla
|-damage|p1a: Godzilla|0 fnt
|faint|p1a: Godzilla
|
|-weather|Sandstorm|[upkeep]
|upkeep
|
|t:|1776055157
|switch|p1a: Broquito|Excadrill, M|100/100
|-item|p1a: Broquito|Air Balloon
|turn|19
|
|t:|1776055165
|switch|p2a: Serperior|Serperior, M|100/100
|move|p1a: Broquito|Iron Head|p2a: Serperior
|-damage|p2a: Serperior|56/100
|
|-weather|Sandstorm|[upkeep]
|-damage|p2a: Serperior|49/100|[from] Sandstorm
|-heal|p2a: Serperior|56/100|[from] item: Leftovers
|upkeep
|turn|20
|
|t:|1776055174
|move|p1a: Broquito|Iron Head|p2a: Serperior
|-damage|p2a: Serperior|11/100
|cant|p2a: Serperior|flinch
|
|-weather|Sandstorm|[upkeep]
|-damage|p2a: Serperior|5/100|[from] Sandstorm
|-heal|p2a: Serperior|11/100|[from] item: Leftovers
|upkeep
|turn|21
|
|t:|1776055182
|move|p1a: Broquito|Rapid Spin|p2a: Serperior
|-damage|p2a: Serperior|0 fnt
|-boost|p1a: Broquito|spe|1
|faint|p2a: Serperior
|
|-weather|none
|upkeep
|
|t:|1776055184
|switch|p2a: Maushold|Maushold-Four|100/100
|turn|22
|
|t:|1776055191
|-terastallize|p2a: Maushold|Ghost
|move|p1a: Broquito|Iron Head|p2a: Maushold
|-damage|p2a: Maushold|27/100
|move|p2a: Maushold|Encore|p1a: Broquito
|-start|p1a: Broquito|Encore
|
|upkeep
|turn|23
|-message|you win/lose some forfeited.
|
|win|Indigena09
|raw|Indigena09's rating: 1099 &rarr; <strong>1125</strong><br />(+26 for winning)
|raw|you win&#x2f;lose some's rating: 1105 &rarr; <strong>1080</strong><br />(-25 for losing)
|l|☆you win/lose some
|player|p2|
|l|☆Indigena09
|player|p1|
