|html|<div class="broadcast-blue"><strong>[Gen 9] OU is currently suspecting Tera Blast! For information on how to participate check out the <a href="https://www.smogon.com/tools/suspects/view/200">suspect thread</a>.</strong></div>
|j|☆LiedGhostFox
|j|☆davidavelar
|t:|1776166424
|gametype|singles
|player|p1|LiedGhostFox|ethan|1325
|player|p2|davidavelar|pryce|1346
|gen|9
|tier|[Gen 9] OU
|rated|
|rule|HP Percentage Mod: HP is shown in percentages
|rule|Endless Battle Clause: Forcing endless battles is banned
|rule|Species Clause: Limit one of each Pokémon
|rule|OHKO Clause: OHKO moves are banned
|rule|Evasion Items Clause: Evasion items are banned
|rule|Evasion Moves Clause: Evasion moves are banned
|rule|Evasion Abilities Clause: Evasion abilities are banned
|rule|Sleep Moves Clause: Sleep-inducing moves are banned
|clearpoke
|poke|p1|Raging Bolt|
|poke|p1|Corviknight, M|
|poke|p1|Dragapult, M|
|poke|p1|Meowscarada, M|
|poke|p1|Latios, M|
|poke|p1|Iron Moth|
|poke|p2|Arbok, F|
|poke|p2|Seviper, M|
|poke|p2|Serperior, M|
|poke|p2|Sandaconda, M|
|poke|p2|Hydrapple, F|
|poke|p2|Gyarados, F|
|teampreview
|c|☆LiedGhostFox|the snake brigade wtf
|
|t:|1776166446
|teamsize|p1|6
|teamsize|p2|6
|start
|switch|p1a: Meowscarada|Meowscarada, M, shiny|100/100
|switch|p2a: Arbok|Arbok, F, shiny|100/100
|-ability|p2a: Arbok|Intimidate|boost
|-unboost|p1a: Meowscarada|atk|1
|turn|1
|
|t:|1776166453
|switch|p1a: Corviknight|Corviknight, M, shiny|100/100
|move|p2a: Arbok|Glare|p1a: Corviknight
|-status|p1a: Corviknight|par
|
|upkeep
|turn|2
|
|t:|1776166463
|move|p2a: Arbok|Coil|p2a: Arbok
|-boost|p2a: Arbok|atk|1
|-boost|p2a: Arbok|def|1
|-boost|p2a: Arbok|accuracy|1
|cant|p1a: Corviknight|par
|
|upkeep
|turn|3
|
|t:|1776166468
|move|p2a: Arbok|Coil|p2a: Arbok
|-boost|p2a: Arbok|atk|1
|-boost|p2a: Arbok|def|1
|-boost|p2a: Arbok|accuracy|1
|cant|p1a: Corviknight|par
|
|upkeep
|turn|4
|c|☆LiedGhostFox|bro
|
|t:|1776166477
|move|p2a: Arbok|Coil|p2a: Arbok
|-boost|p2a: Arbok|atk|1
|-boost|p2a: Arbok|def|1
|-boost|p2a: Arbok|accuracy|1
|move|p1a: Corviknight|Iron Defense|p1a: Corviknight
|-boost|p1a: Corviknight|def|2
|
|upkeep
|turn|5
|
|t:|1776166485
|move|p2a: Arbok|Coil|p2a: Arbok
|-boost|p2a: Arbok|atk|1
|-boost|p2a: Arbok|def|1
|-boost|p2a: Arbok|accuracy|1
|move|p1a: Corviknight|Iron Defense|p1a: Corviknight
|-boost|p1a: Corviknight|def|2
|
|upkeep
|turn|6
|
|t:|1776166492
|move|p2a: Arbok|Coil|p2a: Arbok
|-boost|p2a: Arbok|atk|1
|-boost|p2a: Arbok|def|1
|-boost|p2a: Arbok|accuracy|1
|move|p1a: Corviknight|Iron Defense|p1a: Corviknight
|-boost|p1a: Corviknight|def|2
|
|upkeep
|turn|7
|
|t:|1776166498
|move|p2a: Arbok|Coil|p2a: Arbok
|-boost|p2a: Arbok|atk|1
|-boost|p2a: Arbok|def|1
|-boost|p2a: Arbok|accuracy|1
|move|p1a: Corviknight|Body Press|p2a: Arbok
|-resisted|p2a: Arbok
|-damage|p2a: Arbok|78/100
|
|-heal|p2a: Arbok|84/100|[from] item: Leftovers
|upkeep
|turn|8
|
|t:|1776166507
|move|p2a: Arbok|Knock Off|p1a: Corviknight
|-crit|p1a: Corviknight
|-damage|p1a: Corviknight|0 fnt
|-damage|p2a: Arbok|68/100|[from] item: Rocky Helmet|[of] p1a: Corviknight
|-enditem|p1a: Corviknight|Rocky Helmet|[from] move: Knock Off|[of] p2a: Arbok
|faint|p1a: Corviknight
|
|-heal|p2a: Arbok|74/100|[from] item: Leftovers
|upkeep
|
|t:|1776166515
|switch|p1a: Latios|Latios, M, shiny|100/100
|turn|9
|c|☆davidavelar|Nem eu esperava essa sorte toda
|
|t:|1776166523
|-terastallize|p2a: Arbok|Dark
|move|p1a: Latios|Luster Purge|p2a: Arbok
|-immune|p2a: Arbok
|move|p2a: Arbok|Knock Off|p1a: Latios
|-supereffective|p1a: Latios
|-damage|p1a: Latios|0 fnt
|-enditem|p1a: Latios|Soul Dew|[from] move: Knock Off|[of] p2a: Arbok
|faint|p1a: Latios
|
|-heal|p2a: Arbok|80/100|[from] item: Leftovers
|upkeep
|c|☆LiedGhostFox|i dont speak that
|c|☆davidavelar|Google translate
|inactive|Battle timer is ON: inactive players will automatically lose when time's up. (requested by davidavelar)
|c|☆LiedGhostFox|based
|c|☆LiedGhostFox|and thats real
|inactive|LiedGhostFox has 120 seconds left.
|
|t:|1776166584
|switch|p1a: Raging Bolt|Raging Bolt|100/100
|-enditem|p1a: Raging Bolt|Booster Energy
|-activate|p1a: Raging Bolt|ability: Protosynthesis|[fromitem]
|-start|p1a: Raging Bolt|protosynthesisspa
|turn|10
|
|t:|1776166594
|move|p1a: Raging Bolt|Thunderclap|p2a: Arbok
|-damage|p2a: Arbok|1/100
|move|p2a: Arbok|Gunk Shot|p1a: Raging Bolt
|-damage|p1a: Raging Bolt|0 fnt
|faint|p1a: Raging Bolt
|-end|p1a: Raging Bolt|Protosynthesis|[silent]
|
|-heal|p2a: Arbok|7/100|[from] item: Leftovers
|upkeep
|c|☆LiedGhostFox|im gonna kms
|
|t:|1776166603
|switch|p1a: Dragapult|Dragapult, M|100/100
|turn|11
|
|t:|1776166606
|move|p1a: Dragapult|Sucker Punch||[still]
|-fail|p1a: Dragapult
|move|p2a: Arbok|Glare|p1a: Dragapult
|-status|p1a: Dragapult|par
|
|-heal|p2a: Arbok|14/100|[from] item: Leftovers
|upkeep
|turn|12
|-message|LiedGhostFox forfeited.
|
|win|davidavelar
|raw|LiedGhostFox's rating: 1325 &rarr; <strong>1306</strong><br />(-19 for losing)
|raw|davidavelar's rating: 1346 &rarr; <strong>1365</strong><br />(+19 for winning)
|l|☆LiedGhostFox
|player|p1|
