|inactive|Battle timer is ON: inactive players will automatically lose when time's up.
|t:|1776274355
|gametype|singles
|player|p1|proszz|policeman|
|player|p2|woodchucknorris24|169|
|gen|9
|tier|[Gen 9] OU
|rule|HP Percentage Mod: HP is shown in percentages
|rule|Endless Battle Clause: Forcing endless battles is banned
|rule|Species Clause: Limit one of each Pokémon
|rule|OHKO Clause: OHKO moves are banned
|rule|Evasion Items Clause: Evasion items are banned
|rule|Evasion Moves Clause: Evasion moves are banned
|rule|Evasion Abilities Clause: Evasion abilities are banned
|rule|Sleep Moves Clause: Sleep-inducing moves are banned
|clearpoke
|poke|p1|Enamorus, F|
|poke|p1|Ogerpon-Wellspring, F|
|poke|p1|Tinkaton, F|
|poke|p1|Zamazenta-*|
|poke|p1|Darkrai|
|poke|p1|Great Tusk|
|poke|p2|Primarina, M|
|poke|p2|Dragapult, F|
|poke|p2|Iron Valiant|
|poke|p2|Landorus-Therian, M|
|poke|p2|Glimmora, M|
|poke|p2|Kingambit, M|
|teampreview
|c|☆woodchucknorris24|glhf
|c|☆proszz|glhf
|inactive|proszz has 270 seconds left.
|inactive|woodchucknorris24 has 270 seconds left.
|inactive|proszz has 240 seconds left.
|inactive|woodchucknorris24 has 240 seconds left.
|
|t:|1776274439
|teamsize|p1|6
|teamsize|p2|6
|start
|switch|p1a: Ogerpon|Ogerpon-Wellspring, F|100/100
|switch|p2a: Dragapult|Dragapult, F|100/100
|turn|1
|inactive|woodchucknorris24 has 270 seconds left.
|
|t:|1776274461
|move|p2a: Dragapult|U-turn|p1a: Ogerpon
|-supereffective|p1a: Ogerpon
|-damage|p1a: Ogerpon|58/100
|
|t:|1776274463
|switch|p2a: Landorus|Landorus-Therian, M|100/100|[from] U-turn
|-ability|p2a: Landorus|Intimidate|boost
|-unboost|p1a: Ogerpon|atk|1
|move|p1a: Ogerpon|Play Rough|p2a: Landorus
|-damage|p2a: Landorus|75/100
|-damage|p1a: Ogerpon|41/100|[from] item: Rocky Helmet|[of] p2a: Landorus
|
|upkeep
|turn|2
|inactive|woodchucknorris24 has 270 seconds left.
|
|t:|1776274478
|switch|p2a: Dragapult|Dragapult, F|100/100
|move|p1a: Ogerpon|Ivy Cudgel|p2a: Dragapult|[anim] Ivy Cudgel Water
|-resisted|p2a: Dragapult
|-damage|p2a: Dragapult|71/100
|
|upkeep
|turn|3
|inactive|woodchucknorris24 has 270 seconds left.
|
|t:|1776274496
|switch|p1a: Enamorus|Enamorus, F|100/100
|move|p2a: Dragapult|U-turn|p1a: Enamorus
|-resisted|p1a: Enamorus
|-damage|p1a: Enamorus|94/100
|
|t:|1776274498
|switch|p2a: Big prim|Primarina, M|100/100|[from] U-turn
|
|-heal|p1a: Enamorus|99/100|[from] item: Leftovers
|upkeep
|turn|4
|inactive|woodchucknorris24 has 270 seconds left.
|
|t:|1776274522
|-terastallize|p1a: Enamorus|Steel
|move|p1a: Enamorus|Calm Mind|p1a: Enamorus
|-boost|p1a: Enamorus|spa|1
|-boost|p1a: Enamorus|spd|1
|move|p2a: Big prim|Surf|p1a: Enamorus
|-damage|p1a: Enamorus|53/100
|
|-heal|p1a: Enamorus|59/100|[from] item: Leftovers
|upkeep
|turn|5
|
|t:|1776274532
|move|p1a: Enamorus|Calm Mind|p1a: Enamorus
|-boost|p1a: Enamorus|spa|1
|-boost|p1a: Enamorus|spd|1
|move|p2a: Big prim|Flip Turn|p1a: Enamorus
|-damage|p1a: Enamorus|34/100
|
|t:|1776274543
|switch|p2a: Dragapult|Dragapult, F|71/100|[from] Flip Turn
|
|-heal|p1a: Enamorus|40/100|[from] item: Leftovers
|upkeep
|turn|6
|
|t:|1776274547
|move|p2a: Dragapult|Flamethrower|p1a: Enamorus
|-supereffective|p1a: Enamorus
|-damage|p1a: Enamorus|0 fnt
|faint|p1a: Enamorus
|
|upkeep
|
|t:|1776274555
|switch|p1a: Ogerpon|Ogerpon-Wellspring, F|41/100
|turn|7
|
|t:|1776274570
|switch|p2a: Glimmothy|Glimmora, M|100/100
|move|p1a: Ogerpon|Ivy Cudgel|p2a: Glimmothy|[anim] Ivy Cudgel Water
|-supereffective|p2a: Glimmothy
|-damage|p2a: Glimmothy|0 fnt
|-activate|p2a: Glimmothy|ability: Toxic Debris
|-sidestart|p1: proszz|move: Toxic Spikes
|faint|p2a: Glimmothy
|
|upkeep
|inactive|woodchucknorris24 has 270 seconds left.
|
|t:|1776274582
|switch|p2a: Dragapult|Dragapult, F|71/100
|turn|8
|inactive|woodchucknorris24 has 270 seconds left.
|
|t:|1776274598
|switch|p1a: Tinkaton|Tinkaton, F|100/100
|-item|p1a: Tinkaton|Air Balloon
|move|p2a: Dragapult|Shadow Ball|p1a: Tinkaton
|-damage|p1a: Tinkaton|56/100
|-enditem|p1a: Tinkaton|Air Balloon
|
|upkeep
|turn|9
|
|t:|1776274603
|switch|p2a: Landorus|Landorus-Therian, M|75/100
|-ability|p2a: Landorus|Intimidate|boost
|-unboost|p1a: Tinkaton|atk|1
|move|p1a: Tinkaton|Stealth Rock|p2a: Landorus
|-sidestart|p2: woodchucknorris24|move: Stealth Rock
|
|upkeep
|turn|10
|
|t:|1776274616
|move|p1a: Tinkaton|Knock Off|p2a: Landorus
|-damage|p2a: Landorus|63/100
|-damage|p1a: Tinkaton|39/100|[from] item: Rocky Helmet|[of] p2a: Landorus
|-enditem|p2a: Landorus|Rocky Helmet|[from] move: Knock Off|[of] p1a: Tinkaton
|move|p2a: Landorus|Stealth Rock|p1a: Tinkaton
|-sidestart|p1: proszz|move: Stealth Rock
|
|upkeep
|turn|11
|inactive|woodchucknorris24 has 270 seconds left.
|
|t:|1776274631
|switch|p2a: Kingambit|Kingambit, M|100/100
|-damage|p2a: Kingambit|94/100|[from] Stealth Rock
|-activate|p2a: Kingambit|ability: Supreme Overlord
|-start|p2a: Kingambit|fallen1|[silent]
|move|p1a: Tinkaton|Encore||[still]
|-fail|p1a: Tinkaton
|
|upkeep
|turn|12
|
|t:|1776274638
|move|p1a: Tinkaton|Knock Off|p2a: Kingambit
|-resisted|p2a: Kingambit
|-damage|p2a: Kingambit|90/100
|-enditem|p2a: Kingambit|Black Glasses|[from] move: Knock Off|[of] p1a: Tinkaton
|move|p2a: Kingambit|Iron Head|p1a: Tinkaton
|-damage|p1a: Tinkaton|0 fnt
|faint|p1a: Tinkaton
|
|upkeep
|
|t:|1776274640
|switch|p1a: Great Tusk|Great Tusk|100/100
|-status|p1a: Great Tusk|psn
|-damage|p1a: Great Tusk|98/100 psn|[from] Stealth Rock
|-enditem|p1a: Great Tusk|Booster Energy
|-activate|p1a: Great Tusk|ability: Protosynthesis|[fromitem]
|-start|p1a: Great Tusk|protosynthesisatk
|turn|13
|inactive|woodchucknorris24 has 270 seconds left.
|
|t:|1776274665
|-end|p2a: Kingambit|fallen1|[silent]
|switch|p2a: Landorus|Landorus-Therian, M|63/100
|-damage|p2a: Landorus|50/100|[from] Stealth Rock
|-ability|p2a: Landorus|Intimidate|boost
|-unboost|p1a: Great Tusk|atk|1
|move|p1a: Great Tusk|Rapid Spin|p2a: Landorus
|-damage|p2a: Landorus|36/100
|-boost|p1a: Great Tusk|spe|1
|-sideend|p1: proszz|Toxic Spikes|[from] move: Rapid Spin|[of] p1a: Great Tusk
|-sideend|p1: proszz|Stealth Rock|[from] move: Rapid Spin|[of] p1a: Great Tusk
|
|-damage|p1a: Great Tusk|85/100 psn|[from] psn
|upkeep
|turn|14
|
|t:|1776274670
|move|p1a: Great Tusk|Ice Spinner|p2a: Landorus
|-supereffective|p2a: Landorus
|-damage|p2a: Landorus|0 fnt
|faint|p2a: Landorus
|
|-damage|p1a: Great Tusk|73/100 psn|[from] psn
|upkeep
|
|t:|1776274677
|switch|p2a: Iron Valiant|Iron Valiant|100/100
|-damage|p2a: Iron Valiant|94/100|[from] Stealth Rock
|-enditem|p2a: Iron Valiant|Booster Energy
|-activate|p2a: Iron Valiant|ability: Quark Drive|[fromitem]
|-start|p2a: Iron Valiant|quarkdrivespe
|turn|15
|
|t:|1776274690
|move|p2a: Iron Valiant|Moonblast|p1a: Great Tusk
|-supereffective|p1a: Great Tusk
|-damage|p1a: Great Tusk|0 fnt
|faint|p1a: Great Tusk
|-end|p1a: Great Tusk|Protosynthesis|[silent]
|
|upkeep
|
|t:|1776274697
|switch|p1a: Darkrai|Darkrai|100/100
|turn|16
|
|t:|1776274719
|-terastallize|p2a: Iron Valiant|Steel
|move|p1a: Darkrai|Sludge Bomb|p2a: Iron Valiant
|-immune|p2a: Iron Valiant
|move|p2a: Iron Valiant|Moonblast|p1a: Darkrai
|-supereffective|p1a: Darkrai
|-damage|p1a: Darkrai|0 fnt
|faint|p1a: Darkrai
|
|upkeep
|
|t:|1776274721
|switch|p1a: Zamazenta|Zamazenta|100/100
|-ability|p1a: Zamazenta|Dauntless Shield|boost
|-boost|p1a: Zamazenta|def|1
|turn|17
|
|t:|1776274728
|move|p2a: Iron Valiant|Destiny Bond|p2a: Iron Valiant
|-singlemove|p2a: Iron Valiant|Destiny Bond
|move|p1a: Zamazenta|Body Press|p2a: Iron Valiant
|-supereffective|p2a: Iron Valiant
|-damage|p2a: Iron Valiant|0 fnt
|faint|p2a: Iron Valiant
|-activate|p2a: Iron Valiant|move: Destiny Bond
|-end|p2a: Iron Valiant|Quark Drive|[silent]
|faint|p1a: Zamazenta
|
|upkeep
|
|t:|1776274730
|switch|p1a: Ogerpon|Ogerpon-Wellspring, F|41/100
|switch|p2a: Dragapult|Dragapult, F|71/100
|-damage|p2a: Dragapult|58/100|[from] Stealth Rock
|turn|18
|
|t:|1776274734
|move|p2a: Dragapult|Shadow Ball|p1a: Ogerpon
|-damage|p1a: Ogerpon|0 fnt
|faint|p1a: Ogerpon
|
|win|woodchucknorris24
|c|☆woodchucknorris24|gg
|c|☆proszz|gg
|player|p1|
