|html|<div class="broadcast-blue"><strong>[Gen 9] OU is currently suspecting Tera Blast! For information on how to participate check out the <a href="https://www.smogon.com/tools/suspects/view/200">suspect thread</a>.</strong></div>
|j|☆wapos
|j|☆baxbaubciavd
|t:|1776086205
|gametype|singles
|player|p1|wapos|iris|1056
|player|p2|baxbaubciavd|265|1056
|gen|9
|tier|[Gen 9] OU
|rated|
|rule|HP Percentage Mod: HP is shown in percentages
|rule|Endless Battle Clause: Forcing endless battles is banned
|rule|Species Clause: Limit one of each Pokémon
|rule|OHKO Clause: OHKO moves are banned
|rule|Evasion Items Clause: Evasion items are banned
|rule|Evasion Moves Clause: Evasion moves are banned
|rule|Evasion Abilities Clause: Evasion abilities are banned
|rule|Sleep Moves Clause: Sleep-inducing moves are banned
|clearpoke
|poke|p1|Sandy Shocks|
|poke|p1|Blaziken, F|
|poke|p1|Dragapult, M|
|poke|p1|Ting-Lu|
|poke|p1|Corviknight, F|
|poke|p1|Ogerpon-Wellspring, F|
|poke|p2|Ceruledge, F|
|poke|p2|Corviknight, F|
|poke|p2|Garchomp, M|
|poke|p2|Lucario, M|
|poke|p2|Zoroark-Hisui, M|
|poke|p2|Greninja-*, M|
|teampreview
|
|t:|1776086227
|teamsize|p1|6
|teamsize|p2|6
|start
|switch|p1a: Ting-Lu|Ting-Lu|100/100
|switch|p2a: Ceruledge|Ceruledge, F|100/100
|-ability|p1a: Ting-Lu|Vessel of Ruin
|turn|1
|
|t:|1776086235
|move|p2a: Ceruledge|Swords Dance|p2a: Ceruledge
|-boost|p2a: Ceruledge|atk|2
|move|p1a: Ting-Lu|Stealth Rock|p2a: Ceruledge
|-sidestart|p2: baxbaubciavd|move: Stealth Rock
|
|upkeep
|turn|2
|
|t:|1776086240
|move|p2a: Ceruledge|Swords Dance|p2a: Ceruledge
|-boost|p2a: Ceruledge|atk|2
|move|p1a: Ting-Lu|Earth Power|p2a: Ceruledge
|-supereffective|p2a: Ceruledge
|-damage|p2a: Ceruledge|61/100
|
|upkeep
|turn|3
|
|t:|1776086249
|move|p2a: Ceruledge|Close Combat|p1a: Ting-Lu
|-supereffective|p1a: Ting-Lu
|-damage|p1a: Ting-Lu|0 fnt
|-unboost|p2a: Ceruledge|def|1
|-unboost|p2a: Ceruledge|spd|1
|-damage|p2a: Ceruledge|44/100|[from] item: Rocky Helmet|[of] p1a: Ting-Lu
|faint|p1a: Ting-Lu
|
|upkeep
|
|t:|1776086257
|switch|p1a: Dragapult|Dragapult, M|100/100
|turn|4
|
|t:|1776086269
|move|p2a: Ceruledge|Shadow Sneak|p1a: Dragapult
|-supereffective|p1a: Dragapult
|-damage|p1a: Dragapult|0 fnt
|faint|p1a: Dragapult
|
|upkeep
|
|t:|1776086293
|switch|p1a: Ogerpon|Ogerpon-Wellspring, F|100/100
|turn|5
|
|t:|1776086299
|move|p1a: Ogerpon|Ivy Cudgel|p2a: Ceruledge|[anim] Ivy Cudgel Water
|-supereffective|p2a: Ceruledge
|-damage|p2a: Ceruledge|0 fnt
|faint|p2a: Ceruledge
|
|upkeep
|
|t:|1776086304
|switch|p2a: Corviknight|Corviknight, F|100/100
|-damage|p2a: Corviknight|88/100|[from] Stealth Rock
|turn|6
|
|t:|1776086309
|move|p1a: Ogerpon|Knock Off|p2a: Corviknight
|-damage|p2a: Corviknight|58/100
|-enditem|p2a: Corviknight|Leftovers|[from] move: Knock Off|[of] p1a: Ogerpon
|move|p2a: Corviknight|Defog|p1a: Ogerpon
|-unboost|p1a: Ogerpon|evasion|1
|-sideend|p2: baxbaubciavd|Stealth Rock|[from] move: Defog|[of] p2a: Corviknight
|
|upkeep
|turn|7
|
|t:|1776086320
|switch|p1a: Sandy Shocks|Sandy Shocks|100/100
|-enditem|p1a: Sandy Shocks|Booster Energy
|-activate|p1a: Sandy Shocks|ability: Protosynthesis|[fromitem]
|-start|p1a: Sandy Shocks|protosynthesisspa
|move|p2a: Corviknight|Brave Bird|p1a: Sandy Shocks
|-resisted|p1a: Sandy Shocks
|-damage|p1a: Sandy Shocks|80/100
|-damage|p2a: Corviknight|51/100|[from] Recoil
|
|upkeep
|turn|8
|
|t:|1776086334
|-terastallize|p2a: Corviknight|Ground
|move|p1a: Sandy Shocks|Discharge|p2a: Corviknight
|-immune|p2a: Corviknight
|move|p2a: Corviknight|Roost|p2a: Corviknight
|-heal|p2a: Corviknight|100/100
|
|upkeep
|turn|9
|
|t:|1776086342
|move|p1a: Sandy Shocks|Earth Power|p2a: Corviknight
|-damage|p2a: Corviknight|50/100
|move|p2a: Corviknight|Body Press|p1a: Sandy Shocks
|-damage|p1a: Sandy Shocks|52/100
|
|upkeep
|turn|10
|
|t:|1776086350
|move|p1a: Sandy Shocks|Earth Power|p2a: Corviknight
|-damage|p2a: Corviknight|5/100
|move|p2a: Corviknight|Roost|p2a: Corviknight
|-heal|p2a: Corviknight|55/100
|
|upkeep
|turn|11
|
|t:|1776086362
|move|p1a: Sandy Shocks|Earth Power|p2a: Corviknight
|-damage|p2a: Corviknight|4/100
|move|p2a: Corviknight|Roost|p2a: Corviknight
|-heal|p2a: Corviknight|54/100
|
|upkeep
|turn|12
|
|t:|1776086376
|-end|p1a: Sandy Shocks|Protosynthesis|[silent]
|switch|p1a: Ogerpon|Ogerpon-Wellspring, F|100/100
|move|p2a: Corviknight|Roost|p2a: Corviknight
|-heal|p2a: Corviknight|100/100
|
|upkeep
|turn|13
|
|t:|1776086391
|switch|p2a: Greninja|Greninja, M|100/100
|move|p1a: Ogerpon|Trailblaze|p2a: Greninja
|-supereffective|p2a: Greninja
|-damage|p2a: Greninja|10/100
|-boost|p1a: Ogerpon|spe|1
|
|upkeep
|turn|14
|
|t:|1776086412
|move|p1a: Ogerpon|Trailblaze|p2a: Greninja
|-supereffective|p2a: Greninja
|-damage|p2a: Greninja|0 fnt
|-boost|p1a: Ogerpon|spe|1
|faint|p2a: Greninja
|
|upkeep
|
|t:|1776086419
|switch|p2a: Corviknight|Corviknight, F|100/100
|-start|p2a: Corviknight|typechange|Ground|[silent]
|turn|15
|
|t:|1776086440
|switch|p1a: Corviknight|Corviknight, F|100/100
|-ability|p1a: Corviknight|Pressure
|move|p2a: Corviknight|Trick|p1a: Corviknight
|-activate|p2a: Corviknight|move: Trick|[of] p1a: Corviknight
|-item|p1a: Corviknight|Lagging Tail|[from] move: Trick
|-item|p2a: Corviknight|Leftovers|[from] move: Trick
|
|upkeep
|turn|16
|
|t:|1776086458
|switch|p1a: Sandy Shocks|Sandy Shocks|52/100
|move|p2a: Corviknight|Will-O-Wisp|p1a: Sandy Shocks|[miss]
|-miss|p2a: Corviknight|p1a: Sandy Shocks
|
|upkeep
|turn|17
|
|t:|1776086471
|move|p2a: Corviknight|Protect|p2a: Corviknight
|-singleturn|p2a: Corviknight|Protect
|move|p1a: Sandy Shocks|Earth Power|p2a: Corviknight
|-activate|p2a: Corviknight|move: Protect
|
|upkeep
|turn|18
|
|t:|1776086477
|move|p1a: Sandy Shocks|Spikes|p2a: Corviknight
|-sidestart|p2: baxbaubciavd|Spikes
|move|p2a: Corviknight|Bitter Malice|p1a: Sandy Shocks
|-damage|p1a: Sandy Shocks|0 fnt
|faint|p1a: Sandy Shocks
|-end|p1a: Sandy Shocks|Protosynthesis|[silent]
|
|upkeep
|
|t:|1776086480
|switch|p1a: Blaziken|Blaziken, F|100/100
|turn|19
|
|t:|1776086489
|move|p2a: Corviknight|Bitter Malice|p1a: Blaziken
|-damage|p1a: Blaziken|37/100
|-unboost|p1a: Blaziken|atk|1
|move|p1a: Blaziken|Flare Blitz|p2a: Corviknight
|-damage|p2a: Corviknight|4/100
|replace|p2a: Zoroark|Zoroark-Hisui, M
|-end|p2a: Zoroark|Illusion
|-damage|p1a: Blaziken|11/100|[from] Recoil
|-damage|p1a: Blaziken|1/100|[from] item: Life Orb
|
|-heal|p2a: Zoroark|10/100|[from] item: Leftovers
|-ability|p1a: Blaziken|Speed Boost|boost
|-boost|p1a: Blaziken|spe|1
|upkeep
|turn|20
|
|t:|1776086507
|switch|p1a: Corviknight|Corviknight, F|100/100
|-ability|p1a: Corviknight|Pressure
|move|p2a: Zoroark|Protect||[still]
|-fail|p2a: Zoroark
|
|-heal|p2a: Zoroark|16/100|[from] item: Leftovers
|upkeep
|turn|21
|
|t:|1776086516
|move|p2a: Zoroark|Will-O-Wisp|p1a: Corviknight
|-status|p1a: Corviknight|brn
|move|p1a: Corviknight|Iron Defense|p1a: Corviknight
|-boost|p1a: Corviknight|def|2
|
|-heal|p2a: Zoroark|22/100|[from] item: Leftovers
|-damage|p1a: Corviknight|94/100 brn|[from] brn
|upkeep
|turn|22
|
|t:|1776086524
|switch|p1a: Ogerpon|Ogerpon-Wellspring, F|100/100
|move|p2a: Zoroark|Bitter Malice|p1a: Ogerpon
|-damage|p1a: Ogerpon|53/100
|-unboost|p1a: Ogerpon|atk|1
|
|-heal|p2a: Zoroark|28/100|[from] item: Leftovers
|upkeep
|turn|23
|
|t:|1776086534
|move|p1a: Ogerpon|Trailblaze|p2a: Zoroark
|-damage|p2a: Zoroark|0 fnt
|-boost|p1a: Ogerpon|spe|1
|faint|p2a: Zoroark
|
|upkeep
|
|t:|1776086541
|switch|p2a: Corviknight|Corviknight, F, tera:Ground|100/100
|-damage|p2a: Corviknight|88/100|[from] Spikes
|turn|24
|inactive|Battle timer is ON: inactive players will automatically lose when time's up. (requested by wapos)
|
|t:|1776086552
|move|p1a: Ogerpon|Ivy Cudgel|p2a: Corviknight|[anim] Ivy Cudgel Water
|-supereffective|p2a: Corviknight
|-crit|p2a: Corviknight
|-damage|p2a: Corviknight|0 fnt
|faint|p2a: Corviknight
|
|upkeep
|
|t:|1776086558
|switch|p2a: Lucario|Lucario, M|100/100
|-item|p2a: Lucario|Air Balloon
|turn|25
|
|t:|1776086574
|move|p1a: Ogerpon|Ivy Cudgel|p2a: Lucario|[anim] Ivy Cudgel Water
|-crit|p2a: Lucario
|-damage|p2a: Lucario|0 fnt
|-enditem|p2a: Lucario|Air Balloon
|faint|p2a: Lucario
|
|upkeep
|
|t:|1776086580
|switch|p2a: Garchomp|Garchomp, M|100/100
|-damage|p2a: Garchomp|88/100|[from] Spikes
|turn|26
|
|t:|1776086587
|move|p1a: Ogerpon|Ivy Cudgel|p2a: Garchomp|[anim] Ivy Cudgel Water
|-damage|p2a: Garchomp|49/100
|move|p2a: Garchomp|Outrage|p1a: Ogerpon
|-damage|p1a: Ogerpon|0 fnt
|faint|p1a: Ogerpon
|
|upkeep
|
|t:|1776086595
|switch|p1a: Corviknight|Corviknight, F|94/100 brn
|-ability|p1a: Corviknight|Pressure
|turn|27
|
|t:|1776086604
|move|p2a: Garchomp|Outrage|p1a: Corviknight|[from] lockedmove
|-resisted|p1a: Corviknight
|-damage|p1a: Corviknight|76/100 brn
|-start|p2a: Garchomp|confusion|[fatigue]
|move|p1a: Corviknight|Iron Defense|p1a: Corviknight
|-boost|p1a: Corviknight|def|2
|
|-damage|p1a: Corviknight|70/100 brn|[from] brn
|upkeep
|turn|28
|
|t:|1776086618
|-activate|p2a: Garchomp|confusion
|-damage|p2a: Garchomp|35/100|[from] confusion
|move|p1a: Corviknight|Body Press|p2a: Garchomp
|-damage|p2a: Garchomp|11/100
|-damage|p1a: Corviknight|57/100 brn|[from] ability: Rough Skin|[of] p2a: Garchomp
|-damage|p1a: Corviknight|41/100 brn|[from] item: Rocky Helmet|[of] p2a: Garchomp
|
|-damage|p1a: Corviknight|35/100 brn|[from] brn
|upkeep
|turn|29
|
|t:|1776086639
|-end|p2a: Garchomp|confusion
|move|p2a: Garchomp|Crunch|p1a: Corviknight
|-damage|p1a: Corviknight|25/100 brn
|move|p1a: Corviknight|Roost|p1a: Corviknight
|-heal|p1a: Corviknight|75/100 brn
|-singleturn|p1a: Corviknight|move: Roost
|
|-damage|p1a: Corviknight|69/100 brn|[from] brn
|upkeep
|turn|30
|
|t:|1776086651
|move|p2a: Garchomp|Crunch|p1a: Corviknight
|-damage|p1a: Corviknight|60/100 brn
|-unboost|p1a: Corviknight|def|1
|move|p1a: Corviknight|Body Press|p2a: Garchomp
|-damage|p2a: Garchomp|0 fnt
|-damage|p1a: Corviknight|48/100 brn|[from] ability: Rough Skin|[of] p2a: Garchomp
|-damage|p1a: Corviknight|31/100 brn|[from] item: Rocky Helmet|[of] p2a: Garchomp
|faint|p2a: Garchomp
|
|win|wapos
|raw|wapos's rating: 1056 &rarr; <strong>1088</strong><br />(+32 for winning)
|raw|baxbaubciavd's rating: 1056 &rarr; <strong>1038</strong><br />(-18 for losing)
|l|☆baxbaubciavd
|player|p2|
|c|☆wapos|gg ^_^
