|html|<div class="broadcast-blue"><strong>[Gen 9] OU is currently suspecting Tera Blast! For information on how to participate check out the <a href="https://www.smogon.com/tools/suspects/view/200">suspect thread</a>.</strong></div>
|j|☆DaBoffler
|j|☆OP Earthquakes
|t:|1776241251
|gametype|singles
|player|p1|DaBoffler|scientist|1632
|player|p2|OP Earthquakes|giovanni-masters|1763
|gen|9
|tier|[Gen 9] OU
|rated|
|rule|HP Percentage Mod: HP is shown in percentages
|rule|Endless Battle Clause: Forcing endless battles is banned
|rule|Species Clause: Limit one of each Pokémon
|rule|OHKO Clause: OHKO moves are banned
|rule|Evasion Items Clause: Evasion items are banned
|rule|Evasion Moves Clause: Evasion moves are banned
|rule|Evasion Abilities Clause: Evasion abilities are banned
|rule|Sleep Moves Clause: Sleep-inducing moves are banned
|clearpoke
|poke|p1|Landorus-Therian, M|
|poke|p1|Alomomola, M|
|poke|p1|Iron Treads|
|poke|p1|Kingambit, M|
|poke|p1|Enamorus, F|
|poke|p1|Pecharunt|
|poke|p2|Excadrill, F|
|poke|p2|Tyranitar, M|
|poke|p2|Kyurem|
|poke|p2|Hawlucha, M|
|poke|p2|Pawmot, F|
|poke|p2|Dragapult, F|
|teampreview
|inactive|Battle timer is ON: inactive players will automatically lose when time's up. (requested by OP Earthquakes)
|j| klopppool
|l| klopppool
|inactive|OP Earthquakes has 120 seconds left.
|l|☆OP Earthquakes
|inactive|OP Earthquakes disconnected and has a minute to reconnect!
|player|p2|
|j|☆OP Earthquakes
|inactive|OP Earthquakes reconnected and has 120 seconds left.
|player|p2|OP Earthquakes|giovanni-masters|
|c|☆OP Earthquakes|Oo net..
|c|☆OP Earthquakes|Ok net**
|inactive|OP Earthquakes has 90 seconds left.
|inactive|OP Earthquakes has 60 seconds left.
|
|t:|1776241345
|teamsize|p1|6
|teamsize|p2|6
|start
|switch|p1a: Iron Treads|Iron Treads|100/100
|switch|p2a: Dragapult|Dragapult, F|100/100
|turn|1
|inactive|OP Earthquakes has 120 seconds left.
|
|t:|1776241362
|switch|p2a: Itachi|Hawlucha, M, shiny|100/100
|-ability|p2a: Itachi|Mold Breaker
|move|p1a: Iron Treads|Stealth Rock|p2a: Itachi
|-sidestart|p2: OP Earthquakes|move: Stealth Rock
|
|upkeep
|turn|2
|
|t:|1776241370
|-end|p1a: Iron Treads|Quark Drive|[silent]
|switch|p1a: Landorus|Landorus-Therian, M|100/100
|-ability|p1a: Landorus|Intimidate|boost
|-unboost|p2a: Itachi|atk|1
|move|p2a: Itachi|Defog|p1a: Landorus
|-unboost|p1a: Landorus|evasion|1
|-sideend|p2: OP Earthquakes|Stealth Rock|[from] move: Defog|[of] p2a: Itachi
|
|upkeep
|turn|3
|
|t:|1776241379
|move|p2a: Itachi|Swords Dance|p2a: Itachi
|-boost|p2a: Itachi|atk|2
|move|p1a: Landorus|U-turn|p2a: Itachi
|-resisted|p2a: Itachi
|-damage|p2a: Itachi|87/100
|-enditem|p2a: Itachi|Red Card|[of] p1a: Landorus
|drag|p1a: Iron Treads|Iron Treads|100/100
|
|upkeep
|turn|4
|
|t:|1776241393
|-end|p1a: Iron Treads|Quark Drive|[silent]
|switch|p1a: Pecharunt|Pecharunt|100/100
|move|p2a: Itachi|Swords Dance|p2a: Itachi
|-boost|p2a: Itachi|atk|2
|
|upkeep
|turn|5
|
|t:|1776241400
|move|p2a: Itachi|Brave Bird|p1a: Pecharunt
|-damage|p1a: Pecharunt|39/100
|-damage|p2a: Itachi|71/100|[from] item: Rocky Helmet|[of] p1a: Pecharunt
|-damage|p2a: Itachi|45/100|[from] Recoil
|move|p1a: Pecharunt|Malignant Chain|p2a: Itachi
|-damage|p2a: Itachi|0 fnt
|faint|p2a: Itachi
|
|upkeep
|
|t:|1776241406
|switch|p2a: Frieza|Kyurem, shiny|100/100
|-ability|p2a: Frieza|Pressure
|turn|6
|
|t:|1776241410
|move|p2a: Frieza|Freeze-Dry|p1a: Pecharunt
|-damage|p1a: Pecharunt|0 fnt
|faint|p1a: Pecharunt
|
|upkeep
|
|t:|1776241423
|switch|p1a: Iron Treads|Iron Treads|100/100
|turn|7
|
|t:|1776241425
|move|p2a: Frieza|Earth Power|p1a: Iron Treads
|-supereffective|p1a: Iron Treads
|-damage|p1a: Iron Treads|40/100
|move|p1a: Iron Treads|Stealth Rock|p2a: Frieza
|-sidestart|p2: OP Earthquakes|move: Stealth Rock
|
|-heal|p1a: Iron Treads|46/100|[from] item: Leftovers
|upkeep
|turn|8
|
|t:|1776241436
|-end|p1a: Iron Treads|Quark Drive|[silent]
|switch|p1a: Enamorus|Enamorus, F|100/100
|move|p2a: Frieza|Freeze-Dry|p1a: Enamorus
|-supereffective|p1a: Enamorus
|-damage|p1a: Enamorus|0 fnt
|faint|p1a: Enamorus
|
|upkeep
|
|t:|1776241440
|switch|p1a: Kingambit|Kingambit, M|100/100
|-activate|p1a: Kingambit|ability: Supreme Overlord
|-start|p1a: Kingambit|fallen2|[silent]
|turn|9
|
|t:|1776241445
|move|p2a: Frieza|Earth Power|p1a: Kingambit
|-supereffective|p1a: Kingambit
|-damage|p1a: Kingambit|16/100
|move|p1a: Kingambit|Iron Head|p2a: Frieza
|-supereffective|p2a: Frieza
|-damage|p2a: Frieza|0 fnt
|faint|p2a: Frieza
|
|-heal|p1a: Kingambit|22/100|[from] item: Leftovers
|upkeep
|
|t:|1776241451
|switch|p2a: Porunga|Pawmot, F|100/100
|-damage|p2a: Porunga|95/100|[from] Stealth Rock
|turn|10
|
|t:|1776241456
|-end|p1a: Kingambit|fallen2|[silent]
|switch|p1a: Landorus|Landorus-Therian, M|100/100
|-ability|p1a: Landorus|Intimidate|boost
|-unboost|p2a: Porunga|atk|1
|move|p2a: Porunga|Revival Blessing|p2a: Porunga
|-enditem|p2a: Porunga|Leppa Berry|[eat]
|-activate|p2a: Porunga|item: Leppa Berry|Revival Blessing|[consumed]
|
|t:|1776241463
|-heal|p2: Itachi|50/100|[from] move: Revival Blessing
|
|upkeep
|turn|11
|
|t:|1776241467
|switch|p2a: Itachi|Hawlucha, M, shiny|50/100
|-damage|p2a: Itachi|38/100|[from] Stealth Rock
|-ability|p2a: Itachi|Mold Breaker
|move|p1a: Landorus|Earthquake|p2a: Itachi
|-immune|p2a: Itachi
|
|upkeep
|turn|12
|
|t:|1776241472
|switch|p1a: Iron Treads|Iron Treads|46/100
|move|p2a: Itachi|Defog|p1a: Iron Treads
|-unboost|p1a: Iron Treads|evasion|1
|-sideend|p2: OP Earthquakes|Stealth Rock|[from] move: Defog|[of] p2a: Itachi
|
|-heal|p1a: Iron Treads|52/100|[from] item: Leftovers
|upkeep
|turn|13
|c|☆OP Earthquakes|U just loovve hazards
|
|t:|1776241491
|-end|p1a: Iron Treads|Quark Drive|[silent]
|switch|p1a: Alomomola|Alomomola, M|100/100
|move|p2a: Itachi|Swords Dance|p2a: Itachi
|-boost|p2a: Itachi|atk|2
|
|upkeep
|turn|14
|j| TeraBlastGardevoir
|c|☆DaBoffler|This isnt even a hazard stack team..?
|
|t:|1776241519
|switch|p2a: Dragapult|Dragapult, F|100/100
|move|p1a: Alomomola|Flip Turn|p2a: Dragapult
|-resisted|p2a: Dragapult
|-damage|p2a: Dragapult|89/100
|inactive|DaBoffler has 120 seconds left.
|
|t:|1776241530
|switch|p1a: Iron Treads|Iron Treads|52/100|[from] Flip Turn
|
|-heal|p2a: Dragapult|95/100|[from] item: Leftovers
|-heal|p1a: Iron Treads|58/100|[from] item: Leftovers
|upkeep
|turn|15
|j| amimec
|
|t:|1776241545
|move|p2a: Dragapult|Dragon Dance|p2a: Dragapult
|-boost|p2a: Dragapult|atk|1
|-boost|p2a: Dragapult|spe|1
|move|p1a: Iron Treads|Knock Off|p2a: Dragapult
|-supereffective|p2a: Dragapult
|-damage|p2a: Dragapult|31/100
|-enditem|p2a: Dragapult|Leftovers|[from] move: Knock Off|[of] p1a: Iron Treads
|
|-heal|p1a: Iron Treads|64/100|[from] item: Leftovers
|upkeep
|turn|16
|
|t:|1776241557
|-terastallize|p2a: Dragapult|Ghost
|move|p2a: Dragapult|Phantom Force||[still]
|-prepare|p2a: Dragapult|Phantom Force
|move|p1a: Iron Treads|Knock Off|p2a: Dragapult|[miss]
|-miss|p1a: Iron Treads|p2a: Dragapult
|
|-heal|p1a: Iron Treads|70/100|[from] item: Leftovers
|upkeep
|turn|17
|
|t:|1776241568
|-end|p1a: Iron Treads|Quark Drive|[silent]
|switch|p1a: Kingambit|Kingambit, M|22/100
|-activate|p1a: Kingambit|ability: Supreme Overlord
|-start|p1a: Kingambit|fallen2|[silent]
|move|p2a: Dragapult|Phantom Force|p1a: Kingambit|[from] lockedmove
|-resisted|p1a: Kingambit
|-damage|p1a: Kingambit|0 fnt
|faint|p1a: Kingambit
|-end|p1a: Kingambit|fallen2|[silent]
|
|upkeep
|
|t:|1776241570
|switch|p1a: Landorus|Landorus-Therian, M|100/100
|-ability|p1a: Landorus|Intimidate|boost
|-fail|p2a: Dragapult|unboost|[from] ability: Clear Body|[of] p2a: Dragapult
|turn|18
|
|t:|1776241582
|move|p2a: Dragapult|Phantom Force||[still]
|-prepare|p2a: Dragapult|Phantom Force
|move|p1a: Landorus|Earthquake|p2a: Dragapult|[miss]
|-miss|p1a: Landorus|p2a: Dragapult
|
|upkeep
|turn|19
|
|t:|1776241586
|move|p2a: Dragapult|Phantom Force|p1a: Landorus|[from] lockedmove
|-damage|p1a: Landorus|0 fnt
|faint|p1a: Landorus
|
|upkeep
|
|t:|1776241593
|switch|p1a: Iron Treads|Iron Treads|70/100
|turn|20
|
|t:|1776241602
|move|p2a: Dragapult|Phantom Force||[still]
|-prepare|p2a: Dragapult|Phantom Force
|move|p1a: Iron Treads|Stealth Rock|p2a: Dragapult
|-sidestart|p2: OP Earthquakes|move: Stealth Rock
|
|-heal|p1a: Iron Treads|76/100|[from] item: Leftovers
|upkeep
|turn|21
|
|t:|1776241605
|move|p2a: Dragapult|Phantom Force|p1a: Iron Treads|[from] lockedmove
|-damage|p1a: Iron Treads|7/100
|move|p1a: Iron Treads|Knock Off|p2a: Dragapult
|-supereffective|p2a: Dragapult
|-damage|p2a: Dragapult|0 fnt
|faint|p2a: Dragapult
|
|-heal|p1a: Iron Treads|13/100|[from] item: Leftovers
|upkeep
|
|t:|1776241616
|switch|p2a: The sandstorm|Tyranitar, M, shiny|100/100
|-damage|p2a: The sandstorm|88/100|[from] Stealth Rock
|-weather|Sandstorm|[from] ability: Sand Stream|[of] p2a: The sandstorm
|turn|22
|
|t:|1776241622
|move|p1a: Iron Treads|Earthquake|p2a: The sandstorm
|-supereffective|p2a: The sandstorm
|-damage|p2a: The sandstorm|39/100
|move|p2a: The sandstorm|Ice Beam|p1a: Iron Treads
|-damage|p1a: Iron Treads|0 fnt
|faint|p1a: Iron Treads
|-end|p1a: Iron Treads|Quark Drive|[silent]
|
|-weather|Sandstorm|[upkeep]
|upkeep
|
|t:|1776241625
|switch|p1a: Alomomola|Alomomola, M|100/100
|turn|23
|c| TeraBlastGardevoir|really making me wish I had 317 speed lucha right about now
|c|☆OP Earthquakes|Gg
|c|☆DaBoffler|Gg
|
|t:|1776241635
|move|p2a: The sandstorm|Thunder Wave|p1a: Alomomola
|-status|p1a: Alomomola|par
|move|p1a: Alomomola|Flip Turn|p2a: The sandstorm
|-supereffective|p2a: The sandstorm
|-damage|p2a: The sandstorm|16/100
|
|-weather|Sandstorm|[upkeep]
|-damage|p1a: Alomomola|94/100 par|[from] Sandstorm
|upkeep
|turn|24
|
|t:|1776241642
|switch|p2a: Itachi|Hawlucha, M, shiny|38/100
|-damage|p2a: Itachi|26/100|[from] Stealth Rock
|-ability|p2a: Itachi|Mold Breaker
|cant|p1a: Alomomola|par
|
|-weather|Sandstorm|[upkeep]
|-damage|p2a: Itachi|20/100|[from] Sandstorm
|-damage|p1a: Alomomola|88/100 par|[from] Sandstorm
|upkeep
|turn|25
|c|☆OP Earthquakes|Btw
|
|t:|1776241654
|move|p2a: Itachi|Defog|p1a: Alomomola
|-unboost|p1a: Alomomola|evasion|1
|-sideend|p2: OP Earthquakes|Stealth Rock|[from] move: Defog|[of] p2a: Itachi
|move|p1a: Alomomola|Flip Turn|p2a: Itachi
|-damage|p2a: Itachi|0 fnt
|faint|p2a: Itachi
|
|-weather|Sandstorm|[upkeep]
|-damage|p1a: Alomomola|82/100 par|[from] Sandstorm
|upkeep
|
|t:|1776241661
|switch|p2a: Porunga|Pawmot, F|95/100
|turn|26
|
|t:|1776241667
|-terastallize|p1a: Alomomola|Fairy
|move|p2a: Porunga|Revival Blessing|p2a: Porunga
|
|t:|1776241680
|-heal|p2: Frieza|50/100|[from] move: Revival Blessing
|move|p1a: Alomomola|Flip Turn|p2a: Porunga
|-damage|p2a: Porunga|70/100
|
|-weather|Sandstorm|[upkeep]
|-damage|p2a: Porunga|64/100|[from] Sandstorm
|-damage|p1a: Alomomola|76/100 par|[from] Sandstorm
|upkeep
|turn|27
|
|t:|1776241687
|switch|p2a: Frieza|Kyurem, shiny|50/100
|-ability|p2a: Frieza|Pressure
|cant|p1a: Alomomola|par
|
|-weather|Sandstorm|[upkeep]
|-damage|p2a: Frieza|44/100|[from] Sandstorm
|-damage|p1a: Alomomola|70/100 par|[from] Sandstorm
|upkeep
|turn|28
|c| TeraBlastGardevoir|damn that's just insult to injury
|
|t:|1776241692
|move|p2a: Frieza|Endeavor|p1a: Alomomola
|-damage|p1a: Alomomola|34/100 par
|move|p1a: Alomomola|Body Slam|p2a: Frieza
|-damage|p2a: Frieza|30/100
|-status|p2a: Frieza|par
|
|-weather|Sandstorm|[upkeep]
|-damage|p2a: Frieza|23/100 par|[from] Sandstorm
|-damage|p1a: Alomomola|28/100 par|[from] Sandstorm
|upkeep
|turn|29
|
|t:|1776241703
|move|p2a: Frieza|Freeze-Dry|p1a: Alomomola
|-damage|p1a: Alomomola|10/100 par
|cant|p1a: Alomomola|par
|
|-weather|none
|upkeep
|turn|30
|
|t:|1776241707
|move|p2a: Frieza|Freeze-Dry|p1a: Alomomola
|-damage|p1a: Alomomola|0 fnt
|faint|p1a: Alomomola
|
|win|OP Earthquakes
|raw|DaBoffler's rating: 1632 &rarr; <strong>1619</strong><br />(-13 for losing)
|raw|OP Earthquakes's rating: 1763 &rarr; <strong>1776</strong><br />(+13 for winning)
