|html|<div class="broadcast-blue"><strong>[Gen 9] OU is currently suspecting Tera Blast! For information on how to participate check out the <a href="https://www.smogon.com/tools/suspects/view/200">suspect thread</a>.</strong></div>
|j|☆t7pu
|j|☆DatGroove
|t:|1776239643
|gametype|singles
|player|p1|t7pu|2|1290
|player|p2|DatGroove|265|1293
|gen|9
|tier|[Gen 9] OU
|rated|
|rule|HP Percentage Mod: HP is shown in percentages
|rule|Endless Battle Clause: Forcing endless battles is banned
|rule|Species Clause: Limit one of each Pokémon
|rule|OHKO Clause: OHKO moves are banned
|rule|Evasion Items Clause: Evasion items are banned
|rule|Evasion Moves Clause: Evasion moves are banned
|rule|Evasion Abilities Clause: Evasion abilities are banned
|rule|Sleep Moves Clause: Sleep-inducing moves are banned
|clearpoke
|poke|p1|Slowking-Galar, F|
|poke|p1|Ting-Lu|
|poke|p1|Hydrapple, M|
|poke|p1|Corviknight, F|
|poke|p1|Cinderace, F|
|poke|p1|Dondozo, F|
|poke|p2|Tyranitar, F|
|poke|p2|Excadrill, F|
|poke|p2|Garchomp, M|
|poke|p2|Darkrai|
|poke|p2|Raging Bolt|
|poke|p2|Corviknight, M|
|teampreview
|
|t:|1776239658
|teamsize|p1|6
|teamsize|p2|6
|start
|switch|p1a: Corviknight|Corviknight, F, shiny|100/100
|switch|p2a: Tyranitar|Tyranitar, F|100/100
|-ability|p1a: Corviknight|Pressure
|-weather|Sandstorm|[from] ability: Sand Stream|[of] p2a: Tyranitar
|turn|1
|
|t:|1776239674
|switch|p2a: Raging Bolt|Raging Bolt|100/100
|move|p1a: Corviknight|Iron Defense|p1a: Corviknight
|-boost|p1a: Corviknight|def|2
|
|-weather|Sandstorm|[upkeep]
|-damage|p2a: Raging Bolt|94/100|[from] Sandstorm
|upkeep
|turn|2
|
|t:|1776239685
|switch|p1a: Ting-Lu|Ting-Lu|100/100
|-ability|p1a: Ting-Lu|Vessel of Ruin
|move|p2a: Raging Bolt|Volt Switch|p1a: Ting-Lu
|-immune|p1a: Ting-Lu
|
|-weather|Sandstorm|[upkeep]
|-damage|p2a: Raging Bolt|88/100|[from] Sandstorm
|upkeep
|turn|3
|
|t:|1776239701
|-end|p2a: Raging Bolt|Protosynthesis|[silent]
|switch|p2a: Garchomp|Garchomp, M|100/100
|move|p1a: Ting-Lu|Payback|p2a: Garchomp
|-damage|p2a: Garchomp|87/100
|-damage|p1a: Ting-Lu|88/100|[from] ability: Rough Skin|[of] p2a: Garchomp
|-damage|p1a: Ting-Lu|72/100|[from] item: Rocky Helmet|[of] p2a: Garchomp
|
|-weather|Sandstorm|[upkeep]
|-heal|p1a: Ting-Lu|78/100|[from] item: Leftovers
|upkeep
|turn|4
|
|t:|1776239730
|switch|p1a: Corviknight|Corviknight, F, shiny|100/100
|-ability|p1a: Corviknight|Pressure
|move|p2a: Garchomp|Stealth Rock|p1a: Corviknight
|-sidestart|p1: t7pu|move: Stealth Rock
|
|-weather|Sandstorm|[upkeep]
|upkeep
|turn|5
|
|t:|1776239756
|move|p1a: Corviknight|Defog|p2a: Garchomp
|-unboost|p2a: Garchomp|evasion|1
|-sideend|p1: t7pu|Stealth Rock|[from] move: Defog|[of] p1a: Corviknight
|move|p2a: Garchomp|Dragon Tail|p1a: Corviknight
|-resisted|p1a: Corviknight
|-damage|p1a: Corviknight|92/100
|-damage|p2a: Garchomp|71/100|[from] item: Rocky Helmet|[of] p1a: Corviknight
|drag|p1a: Hydrapple|Hydrapple, M|100/100
|
|-weather|none
|upkeep
|turn|6
|
|t:|1776239773
|switch|p2a: Corviknight|Corviknight, M|100/100
|-ability|p2a: Corviknight|Pressure
|switch|p1a: Corviknight|Corviknight, F, shiny|92/100
|-ability|p1a: Corviknight|Pressure
|
|upkeep
|turn|7
|
|t:|1776239784
|move|p2a: Corviknight|U-turn|p1a: Corviknight
|-resisted|p1a: Corviknight
|-damage|p1a: Corviknight|90/100
|-damage|p2a: Corviknight|84/100|[from] item: Rocky Helmet|[of] p1a: Corviknight
|
|t:|1776239789
|switch|p2a: Raging Bolt|Raging Bolt|88/100|[from] U-turn
|move|p1a: Corviknight|Body Press|p2a: Raging Bolt
|-damage|p2a: Raging Bolt|66/100
|
|upkeep
|turn|8
|
|t:|1776239802
|switch|p1a: Ting-Lu|Ting-Lu|78/100
|-ability|p1a: Ting-Lu|Vessel of Ruin
|move|p2a: Raging Bolt|Draco Meteor|p1a: Ting-Lu
|-damage|p1a: Ting-Lu|50/100
|-unboost|p2a: Raging Bolt|spa|2
|
|-heal|p1a: Ting-Lu|57/100|[from] item: Leftovers
|upkeep
|turn|9
|
|t:|1776239818
|-end|p2a: Raging Bolt|Protosynthesis|[silent]
|switch|p2a: Corviknight|Corviknight, M|84/100
|-ability|p2a: Corviknight|Pressure
|move|p1a: Ting-Lu|Rest|p1a: Ting-Lu
|-status|p1a: Ting-Lu|slp|[from] move: Rest
|-heal|p1a: Ting-Lu|100/100 slp|[silent]
|
|upkeep
|turn|10
|
|t:|1776239832
|switch|p1a: Corviknight|Corviknight, F, shiny|90/100
|-ability|p1a: Corviknight|Pressure
|move|p2a: Corviknight|U-turn|p1a: Corviknight
|-resisted|p1a: Corviknight
|-damage|p1a: Corviknight|88/100
|-damage|p2a: Corviknight|67/100|[from] item: Rocky Helmet|[of] p1a: Corviknight
|
|t:|1776239844
|switch|p2a: Tyranitar|Tyranitar, F|100/100|[from] U-turn
|-weather|Sandstorm|[from] ability: Sand Stream|[of] p2a: Tyranitar
|
|-weather|Sandstorm|[upkeep]
|upkeep
|turn|11
|
|t:|1776239849
|move|p1a: Corviknight|Body Press|p2a: Tyranitar
|-supereffective|p2a: Tyranitar
|-damage|p2a: Tyranitar|1/100
|move|p2a: Tyranitar|Knock Off|p1a: Corviknight
|-damage|p1a: Corviknight|39/100
|-damage|p2a: Tyranitar|0 fnt|[from] item: Rocky Helmet|[of] p1a: Corviknight
|faint|p2a: Tyranitar
|
|-weather|Sandstorm|[upkeep]
|upkeep
|-message|DatGroove forfeited.
|
|win|t7pu
|raw|t7pu's rating: 1290 &rarr; <strong>1315</strong><br />(+25 for winning)
|raw|DatGroove's rating: 1293 &rarr; <strong>1268</strong><br />(-25 for losing)
|l|☆DatGroove
|player|p2|
