|html|<div class="broadcast-blue"><strong>[Gen 9] OU is currently suspecting Tera Blast! For information on how to participate check out the <a href="https://www.smogon.com/tools/suspects/view/200">suspect thread</a>.</strong></div>
|j|☆Toto2002
|j|☆PabloGYT
|t:|1776097391
|gametype|singles
|player|p1|Toto2002|rosa|1257
|player|p2|PabloGYT|n|1246
|gen|9
|tier|[Gen 9] OU
|rated|
|rule|HP Percentage Mod: HP is shown in percentages
|rule|Endless Battle Clause: Forcing endless battles is banned
|rule|Species Clause: Limit one of each Pokémon
|rule|OHKO Clause: OHKO moves are banned
|rule|Evasion Items Clause: Evasion items are banned
|rule|Evasion Moves Clause: Evasion moves are banned
|rule|Evasion Abilities Clause: Evasion abilities are banned
|rule|Sleep Moves Clause: Sleep-inducing moves are banned
|clearpoke
|poke|p1|Ogerpon-Wellspring, F|
|poke|p1|Kingambit, F|
|poke|p1|Landorus-Therian, M|
|poke|p1|Glimmora, F|
|poke|p1|Dragapult, M|
|poke|p1|Iron Valiant|
|poke|p2|Toxtricity-Low-Key, M|
|poke|p2|Kyurem|
|poke|p2|Grimmsnarl, M|
|poke|p2|Cinderace, M|
|poke|p2|Garchomp, F|
|poke|p2|Zapdos-Galar|
|teampreview
|inactive|Battle timer is ON: inactive players will automatically lose when time's up. (requested by PabloGYT)
|
|t:|1776097400
|teamsize|p1|6
|teamsize|p2|6
|start
|switch|p1a: Dragapult|Dragapult, M|100/100
|switch|p2a: Kyurem|Kyurem|100/100
|-ability|p2a: Kyurem|Pressure
|turn|1
|
|t:|1776097405
|move|p2a: Kyurem|Draco Meteor|p1a: Dragapult
|-supereffective|p1a: Dragapult
|-damage|p1a: Dragapult|0 fnt
|-unboost|p2a: Kyurem|spa|2
|faint|p1a: Dragapult
|
|upkeep
|
|t:|1776097410
|switch|p1a: Glimmora|Glimmora, F|100/100
|turn|2
|
|t:|1776097419
|switch|p2a: Garchomp|Garchomp, F|100/100
|move|p1a: Glimmora|Spikes|p2a: Garchomp
|-sidestart|p2: PabloGYT|Spikes
|
|upkeep
|turn|3
|
|t:|1776097423
|switch|p1a: Landorus|Landorus-Therian, M|100/100
|-ability|p1a: Landorus|Intimidate|boost
|-unboost|p2a: Garchomp|atk|1
|move|p2a: Garchomp|Earthquake|p1a: Landorus
|-immune|p1a: Landorus
|
|upkeep
|turn|4
|
|t:|1776097427
|move|p1a: Landorus|Taunt|p2a: Garchomp
|-start|p2a: Garchomp|move: Taunt
|cant|p2a: Garchomp|move: Taunt|Stealth Rock
|
|upkeep
|turn|5
|
|t:|1776097431
|move|p1a: Landorus|Stealth Rock|p2a: Garchomp
|-sidestart|p2: PabloGYT|move: Stealth Rock
|move|p2a: Garchomp|Dragon Tail|p1a: Landorus
|-damage|p1a: Landorus|83/100
|-damage|p2a: Garchomp|84/100|[from] item: Rocky Helmet|[of] p1a: Landorus
|drag|p1a: Iron Valiant|Iron Valiant|100/100
|-enditem|p1a: Iron Valiant|Booster Energy
|-activate|p1a: Iron Valiant|ability: Quark Drive|[fromitem]
|-start|p1a: Iron Valiant|quarkdrivespe
|
|upkeep
|turn|6
|
|t:|1776097435
|move|p1a: Iron Valiant|Swords Dance|p1a: Iron Valiant
|-boost|p1a: Iron Valiant|atk|2
|move|p2a: Garchomp|Dragon Tail|p1a: Iron Valiant
|-immune|p1a: Iron Valiant
|
|-end|p2a: Garchomp|move: Taunt
|upkeep
|turn|7
|
|t:|1776097442
|move|p1a: Iron Valiant|Spirit Break|p2a: Garchomp
|-supereffective|p2a: Garchomp
|-damage|p2a: Garchomp|0 fnt
|-damage|p1a: Iron Valiant|88/100|[from] ability: Rough Skin|[of] p2a: Garchomp
|-damage|p1a: Iron Valiant|71/100|[from] item: Rocky Helmet|[of] p2a: Garchomp
|faint|p2a: Garchomp
|
|upkeep
|
|t:|1776097449
|switch|p2a: Grimmsnarl|Grimmsnarl, M|100/100
|-damage|p2a: Grimmsnarl|88/100|[from] Spikes
|-damage|p2a: Grimmsnarl|76/100|[from] Stealth Rock
|turn|8
|
|t:|1776097456
|-end|p1a: Iron Valiant|Quark Drive|[silent]
|switch|p1a: Landorus|Landorus-Therian, M|83/100
|-ability|p1a: Landorus|Intimidate|boost
|-unboost|p2a: Grimmsnarl|atk|1
|move|p2a: Grimmsnarl|Reflect|p2a: Grimmsnarl
|-sidestart|p2: PabloGYT|Reflect
|
|upkeep
|turn|9
|
|t:|1776097462
|move|p2a: Grimmsnarl|Parting Shot|p1a: Landorus
|-unboost|p1a: Landorus|atk|1
|-unboost|p1a: Landorus|spa|1
|
|t:|1776097468
|switch|p2a: Kyurem|Kyurem|100/100|[from] Parting Shot
|-damage|p2a: Kyurem|88/100|[from] Spikes
|-damage|p2a: Kyurem|63/100|[from] Stealth Rock
|-ability|p2a: Kyurem|Pressure
|move|p1a: Landorus|Earth Power|p2a: Kyurem
|-damage|p2a: Kyurem|39/100
|
|upkeep
|turn|10
|
|t:|1776097476
|switch|p1a: Kingambit|Kingambit, F|100/100
|-activate|p1a: Kingambit|ability: Supreme Overlord
|-start|p1a: Kingambit|fallen1|[silent]
|move|p2a: Kyurem|Earth Power|p1a: Kingambit
|-supereffective|p1a: Kingambit
|-damage|p1a: Kingambit|37/100
|
|-heal|p1a: Kingambit|43/100|[from] item: Leftovers
|upkeep
|turn|11
|
|t:|1776097483
|-end|p1a: Kingambit|fallen1|[silent]
|switch|p1a: Landorus|Landorus-Therian, M|83/100
|-ability|p1a: Landorus|Intimidate|boost
|-unboost|p2a: Kyurem|atk|1
|move|p2a: Kyurem|Earth Power|p1a: Landorus
|-immune|p1a: Landorus
|
|upkeep
|turn|12
|
|t:|1776097491
|switch|p2a: A kird|Zapdos-Galar, shiny|100/100
|-damage|p2a: A kird|88/100|[from] Stealth Rock
|move|p1a: Landorus|U-turn|p2a: A kird
|-resisted|p2a: A kird
|-damage|p2a: A kird|86/100
|
|t:|1776097498
|switch|p1a: Glimmora|Glimmora, F|100/100|[from] U-turn
|
|-heal|p2a: A kird|92/100|[from] item: Leftovers
|upkeep
|turn|13
|
|t:|1776097503
|move|p2a: A kird|Thunderous Kick|p1a: Glimmora
|-damage|p1a: Glimmora|44/100
|-unboost|p1a: Glimmora|def|1
|-activate|p1a: Glimmora|ability: Toxic Debris
|-sidestart|p2: PabloGYT|move: Toxic Spikes
|move|p1a: Glimmora|Meteor Beam||[still]
|-prepare|p1a: Glimmora|Meteor Beam
|-boost|p1a: Glimmora|spa|1
|-enditem|p1a: Glimmora|Power Herb
|-anim|p1a: Glimmora|Meteor Beam|p2a: A kird
|-damage|p2a: A kird|0 fnt
|faint|p2a: A kird
|
|upkeep
|
|t:|1776097516
|switch|p2a: Toxtricity|Toxtricity-Low-Key, M, shiny|100/100
|-damage|p2a: Toxtricity|88/100|[from] Spikes
|-damage|p2a: Toxtricity|76/100|[from] Stealth Rock
|-sideend|p2: PabloGYT|move: Toxic Spikes|[of] p2a: Toxtricity
|turn|14
|
|t:|1776097521
|move|p2a: Toxtricity|Psychic Noise|p1a: Glimmora
|-supereffective|p1a: Glimmora
|-damage|p1a: Glimmora|0 fnt
|faint|p1a: Glimmora
|
|upkeep
|
|t:|1776097526
|switch|p1a: Landorus|Landorus-Therian, M|83/100
|-ability|p1a: Landorus|Intimidate|boost
|-unboost|p2a: Toxtricity|atk|1
|turn|15
|
|t:|1776097530
|switch|p2a: Grimmsnarl|Grimmsnarl, M|76/100
|-damage|p2a: Grimmsnarl|63/100|[from] Spikes
|-damage|p2a: Grimmsnarl|51/100|[from] Stealth Rock
|move|p1a: Landorus|Earth Power|p2a: Grimmsnarl
|-damage|p2a: Grimmsnarl|24/100
|
|-sideend|p2: PabloGYT|Reflect
|upkeep
|turn|16
|
|t:|1776097537
|move|p2a: Grimmsnarl|Parting Shot|p1a: Landorus
|-unboost|p1a: Landorus|atk|1
|-unboost|p1a: Landorus|spa|1
|
|t:|1776097539
|switch|p2a: Cinderace|Cinderace, M|100/100|[from] Parting Shot
|move|p1a: Landorus|Earth Power|p2a: Cinderace
|-supereffective|p2a: Cinderace
|-damage|p2a: Cinderace|34/100
|
|upkeep
|turn|17
|
|t:|1776097548
|move|p2a: Cinderace|Court Change|p2a: Cinderace
|-start|p2a: Cinderace|typechange|Normal|[from] ability: Libero
|-swapsideconditions
|-activate|p2a: Cinderace|move: Court Change
|move|p1a: Landorus|Earth Power|p2a: Cinderace
|-damage|p2a: Cinderace|3/100
|-unboost|p2a: Cinderace|spd|1
|
|upkeep
|turn|18
|
|t:|1776097553
|move|p2a: Cinderace|Pyro Ball|p1a: Landorus
|-damage|p1a: Landorus|44/100
|move|p1a: Landorus|Stealth Rock|p2a: Cinderace
|-sidestart|p2: PabloGYT|move: Stealth Rock
|
|upkeep
|turn|19
|
|t:|1776097557
|move|p2a: Cinderace|Pyro Ball|p1a: Landorus
|-damage|p1a: Landorus|5/100
|move|p1a: Landorus|Earth Power|p2a: Cinderace
|-damage|p2a: Cinderace|0 fnt
|faint|p2a: Cinderace
|
|upkeep
|
|t:|1776097563
|switch|p2a: Grimmsnarl|Grimmsnarl, M|24/100
|-damage|p2a: Grimmsnarl|11/100|[from] Stealth Rock
|turn|20
|
|t:|1776097568
|move|p2a: Grimmsnarl|Reflect|p2a: Grimmsnarl
|-sidestart|p2: PabloGYT|Reflect
|move|p1a: Landorus|U-turn|p2a: Grimmsnarl
|-damage|p2a: Grimmsnarl|4/100
|
|t:|1776097572
|switch|p1a: Ogerpon|Ogerpon-Wellspring, F|100/100|[from] U-turn
|-damage|p1a: Ogerpon|88/100|[from] Spikes
|-damage|p1a: Ogerpon|76/100|[from] Stealth Rock
|
|upkeep
|turn|21
|
|t:|1776097577
|move|p2a: Grimmsnarl|Parting Shot|p1a: Ogerpon
|-unboost|p1a: Ogerpon|atk|1
|-unboost|p1a: Ogerpon|spa|1
|
|t:|1776097582
|switch|p2a: Kyurem|Kyurem|39/100|[from] Parting Shot
|-damage|p2a: Kyurem|14/100|[from] Stealth Rock
|-ability|p2a: Kyurem|Pressure
|move|p1a: Ogerpon|Horn Leech|p2a: Kyurem
|-resisted|p2a: Kyurem
|-damage|p2a: Kyurem|8/100
|-heal|p1a: Ogerpon|80/100|[from] drain|[of] p2a: Kyurem
|
|upkeep
|turn|22
|
|t:|1776097589
|switch|p1a: Landorus|Landorus-Therian, M|5/100
|-damage|p1a: Landorus|0 fnt|[from] Stealth Rock
|faint|p1a: Landorus
|move|p2a: Kyurem|Ice Beam|p1: Landorus|[notarget]
|-fail|p2a: Kyurem
|
|upkeep
|
|t:|1776097594
|switch|p1a: Kingambit|Kingambit, F|43/100
|-damage|p1a: Kingambit|30/100|[from] Spikes
|-damage|p1a: Kingambit|24/100|[from] Stealth Rock
|-activate|p1a: Kingambit|ability: Supreme Overlord
|-start|p1a: Kingambit|fallen3|[silent]
|turn|23
|
|t:|1776097599
|switch|p2a: Grimmsnarl|Grimmsnarl, M|4/100
|-damage|p2a: Grimmsnarl|0 fnt|[from] Stealth Rock
|faint|p2a: Grimmsnarl
|move|p1a: Kingambit|Kowtow Cleave|p2: Grimmsnarl|[notarget]
|-fail|p1a: Kingambit
|
|-heal|p1a: Kingambit|30/100|[from] item: Leftovers
|upkeep
|
|t:|1776097605
|switch|p2a: Toxtricity|Toxtricity-Low-Key, M, shiny|76/100
|-damage|p2a: Toxtricity|63/100|[from] Stealth Rock
|turn|24
|
|t:|1776097610
|-terastallize|p2a: Toxtricity|Normal
|move|p1a: Kingambit|Sucker Punch|p2a: Toxtricity
|-crit|p2a: Toxtricity
|-damage|p2a: Toxtricity|0 fnt
|faint|p2a: Toxtricity
|
|-heal|p1a: Kingambit|37/100|[from] item: Leftovers
|upkeep
|
|t:|1776097614
|switch|p2a: Kyurem|Kyurem|8/100
|-damage|p2a: Kyurem|0 fnt|[from] Stealth Rock
|faint|p2a: Kyurem
|
|win|Toto2002
|raw|Toto2002's rating: 1257 &rarr; <strong>1281</strong><br />(+24 for winning)
|raw|PabloGYT's rating: 1246 &rarr; <strong>1222</strong><br />(-24 for losing)
|l|☆Toto2002
|player|p1|
|l|☆PabloGYT
|player|p2|
