|html|<div class="broadcast-blue"><strong>[Gen 9] OU is currently suspecting Tera Blast! For information on how to participate check out the <a href="https://www.smogon.com/tools/suspects/view/200">suspect thread</a>.</strong></div>
|j|☆skankkk
|j|☆vryfast
|t:|1776038784
|gametype|singles
|player|p1|skankkk|266|1266
|player|p2|vryfast|266|1271
|gen|9
|tier|[Gen 9] OU
|rated|
|rule|HP Percentage Mod: HP is shown in percentages
|rule|Endless Battle Clause: Forcing endless battles is banned
|rule|Species Clause: Limit one of each Pokémon
|rule|OHKO Clause: OHKO moves are banned
|rule|Evasion Items Clause: Evasion items are banned
|rule|Evasion Moves Clause: Evasion moves are banned
|rule|Evasion Abilities Clause: Evasion abilities are banned
|rule|Sleep Moves Clause: Sleep-inducing moves are banned
|clearpoke
|poke|p1|Hydrapple, M|
|poke|p1|Blissey, F|
|poke|p1|Dondozo, M|
|poke|p1|Clodsire, M|
|poke|p1|Alomomola, M|
|poke|p1|Gliscor, F|
|poke|p2|Dragapult, F|
|poke|p2|Mudsdale, M|
|poke|p2|Corviknight, M|
|poke|p2|Primarina, F|
|poke|p2|Iron Moth|
|poke|p2|Zoroark-Hisui, M|
|teampreview
|inactive|Battle timer is ON: inactive players will automatically lose when time's up. (requested by skankkk)
|
|t:|1776038802
|teamsize|p1|6
|teamsize|p2|6
|start
|switch|p1a: Gliscor|Gliscor, F|100/100
|switch|p2a: Primarina|Primarina, F|100/100
|turn|1
|
|t:|1776038817
|switch|p1a: Blissey|Blissey, F|100/100
|move|p2a: Primarina|Surf|p1a: Blissey
|-damage|p1a: Blissey|84/100
|
|upkeep
|turn|2
|
|t:|1776038824
|switch|p2a: Mudsdale|Mudsdale, M|100/100
|move|p1a: Blissey|Stealth Rock|p2a: Mudsdale
|-sidestart|p2: vryfast|move: Stealth Rock
|
|upkeep
|turn|3
|
|t:|1776038847
|switch|p1a: Dondozo|Dondozo, M|100/100
|move|p2a: Mudsdale|Knock Off|p1a: Dondozo
|-damage|p1a: Dondozo|87/100
|-enditem|p1a: Dondozo|Heavy-Duty Boots|[from] move: Knock Off|[of] p2a: Mudsdale
|
|upkeep
|turn|4
|
|t:|1776038855
|switch|p2a: Corviknight|Corviknight, M|100/100
|-damage|p2a: Corviknight|88/100|[from] Stealth Rock
|-ability|p2a: Corviknight|Pressure
|move|p1a: Dondozo|Waterfall|p2a: Corviknight
|-damage|p2a: Corviknight|73/100
|-damage|p1a: Dondozo|71/100|[from] item: Rocky Helmet|[of] p2a: Corviknight
|
|upkeep
|turn|5
|
|t:|1776038869
|move|p2a: Corviknight|Defog|p1a: Dondozo
|-unboost|p1a: Dondozo|evasion|1
|-sideend|p2: vryfast|Stealth Rock|[from] move: Defog|[of] p2a: Corviknight
|move|p1a: Dondozo|Curse|p1a: Dondozo
|-unboost|p1a: Dondozo|spe|1
|-boost|p1a: Dondozo|atk|1
|-boost|p1a: Dondozo|def|1
|
|upkeep
|turn|6
|
|t:|1776038878
|move|p2a: Corviknight|U-turn|p1a: Dondozo
|-damage|p1a: Dondozo|67/100
|
|t:|1776038885
|switch|p2a: Iron Moth|Iron Moth|100/100|[from] U-turn
|-enditem|p2a: Iron Moth|Booster Energy
|-activate|p2a: Iron Moth|ability: Quark Drive|[fromitem]
|-start|p2a: Iron Moth|quarkdrivespa
|move|p1a: Dondozo|Waterfall|p2a: Iron Moth
|-supereffective|p2a: Iron Moth
|-crit|p2a: Iron Moth
|-damage|p2a: Iron Moth|0 fnt
|faint|p2a: Iron Moth
|-end|p2a: Iron Moth|Quark Drive|[silent]
|
|upkeep
|
|t:|1776038899
|switch|p2a: Mudsdale|Mudsdale, M|100/100
|turn|7
|
|t:|1776038903
|move|p2a: Mudsdale|Stealth Rock|p1a: Dondozo
|-sidestart|p1: skankkk|move: Stealth Rock
|move|p1a: Dondozo|Waterfall|p2a: Mudsdale
|-supereffective|p2a: Mudsdale
|-damage|p2a: Mudsdale|48/100
|-damage|p1a: Dondozo|50/100|[from] item: Rocky Helmet|[of] p2a: Mudsdale
|-ability|p2a: Mudsdale|Stamina|boost
|-boost|p2a: Mudsdale|def|1
|
|upkeep
|turn|8
|
|t:|1776038909
|move|p2a: Mudsdale|Body Press|p1a: Dondozo
|-damage|p1a: Dondozo|43/100
|move|p1a: Dondozo|Rest|p1a: Dondozo
|-status|p1a: Dondozo|slp|[from] move: Rest
|-heal|p1a: Dondozo|100/100 slp|[silent]
|
|upkeep
|turn|9
|
|t:|1776038920
|cant|p1a: Dondozo|slp
|move|p1a: Dondozo|Sleep Talk|p1a: Dondozo
|move|p1a: Dondozo|Rest||[from] move: Sleep Talk|[still]
|-fail|p1a: Dondozo
|move|p2a: Mudsdale|Roar|p1a: Dondozo
|drag|p1a: Hydrapple|Hydrapple, M|100/100
|
|upkeep
|turn|10
|
|t:|1776038935
|switch|p2a: Corviknight|Corviknight, M|73/100
|-ability|p2a: Corviknight|Pressure
|move|p1a: Hydrapple|Giga Drain|p2a: Corviknight
|-resisted|p2a: Corviknight
|-damage|p2a: Corviknight|66/100
|
|upkeep
|turn|11
|
|t:|1776038943
|switch|p1a: Dondozo|Dondozo, M|100/100 slp
|-damage|p1a: Dondozo|88/100 slp|[from] Stealth Rock
|move|p2a: Corviknight|Roost|p2a: Corviknight
|-heal|p2a: Corviknight|100/100
|-singleturn|p2a: Corviknight|move: Roost
|
|upkeep
|turn|12
|
|t:|1776038950
|switch|p2a: Primarina|Primarina, F|100/100
|cant|p1a: Dondozo|slp
|move|p1a: Dondozo|Sleep Talk|p1a: Dondozo
|move|p1a: Dondozo|Curse|p1a: Dondozo|[from] move: Sleep Talk
|-unboost|p1a: Dondozo|spe|1
|-boost|p1a: Dondozo|atk|1
|-boost|p1a: Dondozo|def|1
|
|upkeep
|turn|13
|
|t:|1776038958
|switch|p1a: Blissey|Blissey, F|84/100
|move|p2a: Primarina|Psychic Noise|p1a: Blissey
|-damage|p1a: Blissey|75/100
|-start|p1a: Blissey|move: Heal Block
|
|upkeep
|turn|14
|
|t:|1776038967
|switch|p2a: Dragapult|Dragapult, F|100/100
|move|p1a: Blissey|Stealth Rock|p2a: Dragapult
|-sidestart|p2: vryfast|move: Stealth Rock
|
|-end|p1a: Blissey|move: Heal Block
|upkeep
|turn|15
|
|t:|1776038976
|switch|p1a: Dondozo|Dondozo, M|88/100 slp
|-damage|p1a: Dondozo|75/100 slp|[from] Stealth Rock
|move|p2a: Dragapult|Knock Off|p1a: Dondozo
|-damage|p1a: Dondozo|66/100 slp
|
|upkeep
|turn|16
|
|t:|1776038982
|switch|p2a: Corviknight|Corviknight, M|100/100
|-damage|p2a: Corviknight|88/100|[from] Stealth Rock
|-ability|p2a: Corviknight|Pressure
|-curestatus|p1a: Dondozo|slp|[msg]
|move|p1a: Dondozo|Rest|p1a: Dondozo
|-status|p1a: Dondozo|slp|[from] move: Rest
|-heal|p1a: Dondozo|100/100 slp|[silent]
|
|upkeep
|turn|17
|
|t:|1776038991
|move|p2a: Corviknight|Defog|p1a: Dondozo
|-unboost|p1a: Dondozo|evasion|1
|-sideend|p1: skankkk|Stealth Rock|[from] move: Defog|[of] p2a: Corviknight
|-sideend|p2: vryfast|Stealth Rock|[from] move: Defog|[of] p2a: Corviknight
|cant|p1a: Dondozo|slp
|move|p1a: Dondozo|Sleep Talk|p1a: Dondozo
|move|p1a: Dondozo|Waterfall|p2a: Corviknight|[from] move: Sleep Talk
|-damage|p2a: Corviknight|70/100
|-damage|p1a: Dondozo|84/100 slp|[from] item: Rocky Helmet|[of] p2a: Corviknight
|
|upkeep
|turn|18
|
|t:|1776038998
|move|p2a: Corviknight|U-turn|p1a: Dondozo
|-damage|p1a: Dondozo|78/100 slp
|
|t:|1776039001
|switch|p2a: Mudsdale|Mudsdale, M|48/100|[from] U-turn
|cant|p1a: Dondozo|slp
|move|p1a: Dondozo|Sleep Talk|p1a: Dondozo
|move|p1a: Dondozo|Rest||[from] move: Sleep Talk|[still]
|-fail|p1a: Dondozo
|
|upkeep
|turn|19
|
|t:|1776039005
|-curestatus|p1a: Dondozo|slp|[msg]
|move|p1a: Dondozo|Waterfall|p2a: Mudsdale
|-supereffective|p2a: Mudsdale
|-damage|p2a: Mudsdale|13/100
|-damage|p1a: Dondozo|61/100|[from] item: Rocky Helmet|[of] p2a: Mudsdale
|-ability|p2a: Mudsdale|Stamina|boost
|-boost|p2a: Mudsdale|def|1
|move|p2a: Mudsdale|Stealth Rock|p1a: Dondozo
|-sidestart|p1: skankkk|move: Stealth Rock
|
|upkeep
|turn|20
|
|t:|1776039015
|switch|p1a: Blissey|Blissey, F|75/100
|move|p2a: Mudsdale|Roar|p1a: Blissey
|drag|p1a: Gliscor|Gliscor, F|100/100
|-damage|p1a: Gliscor|88/100|[from] Stealth Rock
|
|-status|p1a: Gliscor|tox|[from] item: Toxic Orb
|upkeep
|turn|21
|
|t:|1776039025
|move|p1a: Gliscor|Spikes|p2a: Mudsdale
|-sidestart|p2: vryfast|Spikes
|move|p2a: Mudsdale|Roar|p1a: Gliscor
|drag|p1a: Blissey|Blissey, F|75/100
|
|upkeep
|turn|22
|
|t:|1776039034
|switch|p1a: Dondozo|Dondozo, M|61/100
|-damage|p1a: Dondozo|49/100|[from] Stealth Rock
|move|p2a: Mudsdale|Body Press|p1a: Dondozo
|-damage|p1a: Dondozo|37/100
|
|upkeep
|turn|23
|
|t:|1776039038
|move|p1a: Dondozo|Rest|p1a: Dondozo
|-status|p1a: Dondozo|slp|[from] move: Rest
|-heal|p1a: Dondozo|100/100 slp|[silent]
|move|p2a: Mudsdale|Roar|p1a: Dondozo
|drag|p1a: Blissey|Blissey, F|75/100
|
|upkeep
|turn|24
|
|t:|1776039043
|move|p1a: Blissey|Stealth Rock|p2a: Mudsdale
|-sidestart|p2: vryfast|move: Stealth Rock
|move|p2a: Mudsdale|Body Press|p1a: Blissey
|-supereffective|p1a: Blissey
|-damage|p1a: Blissey|0 fnt
|faint|p1a: Blissey
|
|upkeep
|
|t:|1776039052
|switch|p1a: Gliscor|Gliscor, F|88/100 tox
|-damage|p1a: Gliscor|75/100 tox|[from] Stealth Rock
|turn|25
|
|t:|1776039058
|move|p1a: Gliscor|Poison Jab|p2a: Mudsdale
|-resisted|p2a: Mudsdale
|-crit|p2a: Mudsdale
|-damage|p2a: Mudsdale|5/100
|-damage|p1a: Gliscor|59/100 tox|[from] item: Rocky Helmet|[of] p2a: Mudsdale
|-ability|p2a: Mudsdale|Stamina|boost
|-boost|p2a: Mudsdale|def|1
|move|p2a: Mudsdale|Roar|p1a: Gliscor
|drag|p1a: Clodsire|Clodsire, M|100/100
|
|upkeep
|turn|26
|
|t:|1776039069
|switch|p1a: Gliscor|Gliscor, F|59/100 tox
|-damage|p1a: Gliscor|47/100 tox|[from] Stealth Rock
|move|p2a: Mudsdale|Earthquake|p1a: Gliscor
|-immune|p1a: Gliscor
|
|-heal|p1a: Gliscor|59/100 tox|[from] ability: Poison Heal
|upkeep
|turn|27
|
|t:|1776039073
|move|p1a: Gliscor|Knock Off|p2a: Mudsdale
|-damage|p2a: Mudsdale|0 fnt
|-damage|p1a: Gliscor|43/100 tox|[from] item: Rocky Helmet|[of] p2a: Mudsdale
|-enditem|p2a: Mudsdale|Rocky Helmet|[from] move: Knock Off|[of] p1a: Gliscor
|faint|p2a: Mudsdale
|
|-heal|p1a: Gliscor|55/100 tox|[from] ability: Poison Heal
|upkeep
|
|t:|1776039076
|switch|p2a: Corviknight|Corviknight, M|70/100
|-damage|p2a: Corviknight|58/100|[from] Stealth Rock
|-ability|p2a: Corviknight|Pressure
|turn|28
|
|t:|1776039082
|move|p1a: Gliscor|Knock Off|p2a: Corviknight
|-damage|p2a: Corviknight|44/100
|-damage|p1a: Gliscor|39/100 tox|[from] item: Rocky Helmet|[of] p2a: Corviknight
|-enditem|p2a: Corviknight|Rocky Helmet|[from] move: Knock Off|[of] p1a: Gliscor
|move|p2a: Corviknight|Defog|p1a: Gliscor
|-unboost|p1a: Gliscor|evasion|1
|-sideend|p1: skankkk|Stealth Rock|[from] move: Defog|[of] p2a: Corviknight
|-sideend|p2: vryfast|Spikes|[from] move: Defog|[of] p2a: Corviknight
|-sideend|p2: vryfast|Stealth Rock|[from] move: Defog|[of] p2a: Corviknight
|
|-heal|p1a: Gliscor|51/100 tox|[from] ability: Poison Heal
|upkeep
|turn|29
|
|t:|1776039086
|move|p1a: Gliscor|Protect|p1a: Gliscor
|-singleturn|p1a: Gliscor|Protect
|move|p2a: Corviknight|Roost|p2a: Corviknight
|-heal|p2a: Corviknight|94/100
|-singleturn|p2a: Corviknight|move: Roost
|
|-heal|p1a: Gliscor|64/100 tox|[from] ability: Poison Heal
|upkeep
|turn|30
|
|t:|1776039097
|switch|p2a: Primarina|Primarina, F|100/100
|move|p1a: Gliscor|Spikes|p2a: Primarina
|-sidestart|p2: vryfast|Spikes
|
|-heal|p1a: Gliscor|76/100 tox|[from] ability: Poison Heal
|upkeep
|turn|31
|
|t:|1776039107
|-terastallize|p1a: Gliscor|Ghost
|move|p2a: Primarina|Moonblast|p1a: Gliscor
|-damage|p1a: Gliscor|15/100 tox
|move|p1a: Gliscor|Poison Jab|p2a: Primarina
|-supereffective|p2a: Primarina
|-damage|p2a: Primarina|49/100
|
|-heal|p1a: Gliscor|27/100 tox|[from] ability: Poison Heal
|upkeep
|turn|32
|
|t:|1776039114
|move|p1a: Gliscor|Protect|p1a: Gliscor
|-singleturn|p1a: Gliscor|Protect
|move|p2a: Primarina|Moonblast|p1a: Gliscor
|-activate|p1a: Gliscor|move: Protect
|
|-heal|p1a: Gliscor|40/100 tox|[from] ability: Poison Heal
|upkeep
|turn|33
|
|t:|1776039123
|switch|p1a: Alomomola|Alomomola, M|100/100
|move|p2a: Primarina|Moonblast|p1a: Alomomola
|-damage|p1a: Alomomola|49/100
|
|upkeep
|turn|34
|
|t:|1776039131
|move|p2a: Primarina|Moonblast|p1a: Alomomola
|-damage|p1a: Alomomola|2/100
|-unboost|p1a: Alomomola|spa|1
|move|p1a: Alomomola|Wish|p1a: Alomomola
|
|upkeep
|turn|35
|
|t:|1776039143
|move|p1a: Alomomola|Protect|p1a: Alomomola
|-singleturn|p1a: Alomomola|Protect
|move|p2a: Primarina|Moonblast|p1a: Alomomola
|-activate|p1a: Alomomola|move: Protect
|
|-heal|p1a: Alomomola|52/100|[from] move: Wish|[wisher] Alomomola
|upkeep
|turn|36
|
|t:|1776039148
|switch|p1a: Hydrapple|Hydrapple, M|100/100
|move|p2a: Primarina|Moonblast|p1a: Hydrapple
|-supereffective|p1a: Hydrapple
|-damage|p1a: Hydrapple|0 fnt
|faint|p1a: Hydrapple
|
|upkeep
|-message|skankkk forfeited.
|
|win|vryfast
|raw|skankkk's rating: 1266 &rarr; <strong>1241</strong><br />(-25 for losing)
|raw|vryfast's rating: 1271 &rarr; <strong>1296</strong><br />(+25 for winning)
|l|☆skankkk
|player|p1|
|l|☆vryfast
|player|p2|
