|html|<div class="broadcast-blue"><strong>[Gen 9] OU is currently suspecting Tera Blast! For information on how to participate check out the <a href="https://www.smogon.com/tools/suspects/view/200">suspect thread</a>.</strong></div>
|j|☆P1k7
|j|☆getreyal
|t:|1776112728
|gametype|singles
|player|p1|P1k7|266|1671
|player|p2|getreyal|pokemaniac-gen6|1751
|gen|9
|tier|[Gen 9] OU
|rated|
|rule|HP Percentage Mod: HP is shown in percentages
|rule|Endless Battle Clause: Forcing endless battles is banned
|rule|Species Clause: Limit one of each Pokémon
|rule|OHKO Clause: OHKO moves are banned
|rule|Evasion Items Clause: Evasion items are banned
|rule|Evasion Moves Clause: Evasion moves are banned
|rule|Evasion Abilities Clause: Evasion abilities are banned
|rule|Sleep Moves Clause: Sleep-inducing moves are banned
|clearpoke
|poke|p1|Darkrai|
|poke|p1|Raging Bolt|
|poke|p1|Great Tusk|
|poke|p1|Pecharunt|
|poke|p1|Moltres|
|poke|p1|Garganacl, F|
|poke|p2|Gallade, M|
|poke|p2|Garchomp, F|
|poke|p2|Meowscarada, M|
|poke|p2|Iron Hands|
|poke|p2|Corviknight, M|
|poke|p2|Cinderace, F|
|teampreview
|inactive|Battle timer is ON: inactive players will automatically lose when time's up. (requested by P1k7)
|inactive|P1k7 has 120 seconds left.
|
|t:|1776112771
|teamsize|p1|6
|teamsize|p2|6
|start
|switch|p1a: Darkrai|Darkrai|100/100
|switch|p2a: Meowscarada|Meowscarada, M|100/100
|turn|1
|
|t:|1776112774
|switch|p1a: Pecharunt|Pecharunt|100/100
|move|p2a: Meowscarada|U-turn|p1a: Pecharunt
|-start|p2a: Meowscarada|typechange|Bug|[from] ability: Protean
|-resisted|p1a: Pecharunt
|-damage|p1a: Pecharunt|95/100
|-damage|p2a: Meowscarada|84/100|[from] item: Rocky Helmet|[of] p1a: Pecharunt
|
|t:|1776112780
|switch|p2a: Garchomp|Garchomp, F, shiny|100/100|[from] U-turn
|
|upkeep
|turn|2
|
|t:|1776112784
|switch|p2a: Corviknight|Corviknight, M|100/100
|-ability|p2a: Corviknight|Pressure
|switch|p1a: Moltres|Moltres|100/100
|
|upkeep
|turn|3
|
|t:|1776112802
|switch|p2a: Garchomp|Garchomp, F, shiny|100/100
|move|p1a: Moltres|U-turn|p2a: Garchomp
|-damage|p2a: Garchomp|89/100
|-damage|p1a: Moltres|88/100|[from] ability: Rough Skin|[of] p2a: Garchomp
|
|t:|1776112804
|switch|p1a: Darkrai|Darkrai|100/100|[from] U-turn
|
|-heal|p2a: Garchomp|95/100|[from] item: Leftovers
|upkeep
|turn|4
|
|t:|1776112806
|move|p2a: Garchomp|Protect|p2a: Garchomp
|-singleturn|p2a: Garchomp|Protect
|move|p1a: Darkrai|Ice Beam|p2a: Garchomp
|-activate|p2a: Garchomp|move: Protect
|
|-heal|p2a: Garchomp|100/100|[from] item: Leftovers
|upkeep
|turn|5
|
|t:|1776112810
|switch|p2a: Iron Hands|Iron Hands|100/100
|move|p1a: Darkrai|Ice Beam|p2a: Iron Hands
|-damage|p2a: Iron Hands|71/100
|
|upkeep
|turn|6
|
|t:|1776112815
|switch|p1a: Pecharunt|Pecharunt|95/100
|move|p2a: Iron Hands|Ice Punch|p1a: Pecharunt
|-damage|p1a: Pecharunt|81/100
|-damage|p2a: Iron Hands|55/100|[from] item: Rocky Helmet|[of] p1a: Pecharunt
|
|upkeep
|turn|7
|
|t:|1776112839
|-end|p2a: Iron Hands|Quark Drive|[silent]
|switch|p2a: Corviknight|Corviknight, M|100/100
|-ability|p2a: Corviknight|Pressure
|move|p1a: Pecharunt|Parting Shot|p2a: Corviknight
|-unboost|p2a: Corviknight|atk|1
|-unboost|p2a: Corviknight|spa|1
|
|t:|1776112845
|switch|p1a: Darkrai|Darkrai|100/100|[from] Parting Shot
|
|upkeep
|turn|8
|
|t:|1776112848
|move|p1a: Darkrai|Dark Pulse|p2a: Corviknight
|-damage|p2a: Corviknight|33/100
|move|p2a: Corviknight|U-turn|p1a: Darkrai
|-supereffective|p1a: Darkrai
|-damage|p1a: Darkrai|76/100
|
|t:|1776112853
|switch|p2a: Meowscarada|Meowscarada, M|84/100|[from] U-turn
|
|upkeep
|turn|9
|
|t:|1776112856
|switch|p1a: Pecharunt|Pecharunt|81/100
|move|p2a: Meowscarada|Knock Off|p1a: Pecharunt
|-start|p2a: Meowscarada|typechange|Dark|[from] ability: Protean
|-supereffective|p1a: Pecharunt
|-damage|p1a: Pecharunt|20/100
|-damage|p2a: Meowscarada|68/100|[from] item: Rocky Helmet|[of] p1a: Pecharunt
|-enditem|p1a: Pecharunt|Rocky Helmet|[from] move: Knock Off|[of] p2a: Meowscarada
|
|upkeep
|turn|10
|
|t:|1776112861
|switch|p1a: Great Tusk|Great Tusk|100/100
|move|p2a: Meowscarada|Knock Off|p1a: Great Tusk
|-resisted|p1a: Great Tusk
|-damage|p1a: Great Tusk|77/100
|-enditem|p1a: Great Tusk|Heavy-Duty Boots|[from] move: Knock Off|[of] p2a: Meowscarada
|
|upkeep
|turn|11
|
|t:|1776112867
|switch|p2a: Garchomp|Garchomp, F, shiny|100/100
|move|p1a: Great Tusk|Close Combat|p2a: Garchomp
|-damage|p2a: Garchomp|60/100
|-unboost|p1a: Great Tusk|def|1
|-unboost|p1a: Great Tusk|spd|1
|-damage|p1a: Great Tusk|65/100|[from] ability: Rough Skin|[of] p2a: Garchomp
|
|-heal|p2a: Garchomp|67/100|[from] item: Leftovers
|upkeep
|turn|12
|j| bbrread
|
|t:|1776112872
|-end|p1a: Great Tusk|Protosynthesis|[silent]
|switch|p1a: Moltres|Moltres|88/100
|move|p2a: Garchomp|Protect||[still]
|-fail|p2a: Garchomp
|
|-heal|p2a: Garchomp|73/100|[from] item: Leftovers
|upkeep
|turn|13
|
|t:|1776112877
|move|p2a: Garchomp|Stealth Rock|p1a: Moltres
|-sidestart|p1: P1k7|move: Stealth Rock
|move|p1a: Moltres|U-turn|p2a: Garchomp
|-damage|p2a: Garchomp|62/100
|-damage|p1a: Moltres|76/100|[from] ability: Rough Skin|[of] p2a: Garchomp
|
|t:|1776112882
|switch|p1a: Darkrai|Darkrai|76/100|[from] U-turn
|-damage|p1a: Darkrai|63/100|[from] Stealth Rock
|
|-heal|p2a: Garchomp|68/100|[from] item: Leftovers
|upkeep
|turn|14
|
|t:|1776112884
|move|p2a: Garchomp|Protect|p2a: Garchomp
|-singleturn|p2a: Garchomp|Protect
|move|p1a: Darkrai|Ice Beam|p2a: Garchomp
|-activate|p2a: Garchomp|move: Protect
|
|-heal|p2a: Garchomp|74/100|[from] item: Leftovers
|upkeep
|turn|15
|
|t:|1776112889
|switch|p2a: Iron Hands|Iron Hands|55/100
|move|p1a: Darkrai|Ice Beam|p2a: Iron Hands
|-damage|p2a: Iron Hands|25/100
|
|upkeep
|turn|16
|
|t:|1776112898
|move|p1a: Darkrai|Ice Beam|p2a: Iron Hands
|-damage|p2a: Iron Hands|0 fnt
|faint|p2a: Iron Hands
|-end|p2a: Iron Hands|Quark Drive|[silent]
|
|upkeep
|
|t:|1776112902
|switch|p2a: Meowscarada|Meowscarada, M|68/100
|turn|17
|
|t:|1776112909
|move|p1a: Darkrai|Ice Beam|p2a: Meowscarada
|-supereffective|p2a: Meowscarada
|-damage|p2a: Meowscarada|0 fnt
|faint|p2a: Meowscarada
|
|upkeep
|
|t:|1776112914
|switch|p2a: Gallade|Gallade, M, shiny|100/100
|turn|18
|
|t:|1776112922
|switch|p1a: Pecharunt|Pecharunt|20/100
|-damage|p1a: Pecharunt|8/100|[from] Stealth Rock
|move|p2a: Gallade|Trick|p1a: Pecharunt
|-activate|p2a: Gallade|move: Trick|[of] p1a: Pecharunt
|-item|p1a: Pecharunt|Choice Scarf|[from] move: Trick
|-enditem|p2a: Gallade|Choice Scarf|[silent]|[from] move: Trick
|
|upkeep
|turn|19
|
|t:|1776112933
|switch|p2a: Corviknight|Corviknight, M|33/100
|-ability|p2a: Corviknight|Pressure
|move|p1a: Pecharunt|Shadow Ball|p2a: Corviknight
|-damage|p2a: Corviknight|7/100
|
|upkeep
|turn|20
|
|t:|1776112937
|switch|p2a: Garchomp|Garchomp, F, shiny|74/100
|move|p1a: Pecharunt|Shadow Ball|p2a: Garchomp
|-damage|p2a: Garchomp|53/100
|
|-heal|p2a: Garchomp|59/100|[from] item: Leftovers
|upkeep
|turn|21
|
|t:|1776112940
|move|p1a: Pecharunt|Shadow Ball|p2a: Garchomp
|-damage|p2a: Garchomp|34/100
|move|p2a: Garchomp|Dragon Tail|p1a: Pecharunt
|-damage|p1a: Pecharunt|0 fnt
|faint|p1a: Pecharunt
|
|-heal|p2a: Garchomp|40/100|[from] item: Leftovers
|upkeep
|
|t:|1776112948
|switch|p1a: Darkrai|Darkrai|63/100
|-damage|p1a: Darkrai|51/100|[from] Stealth Rock
|turn|22
|
|t:|1776112967
|-terastallize|p1a: Darkrai|Dark
|move|p2a: Garchomp|Protect|p2a: Garchomp
|-singleturn|p2a: Garchomp|Protect
|move|p1a: Darkrai|Dark Pulse|p2a: Garchomp
|-activate|p2a: Garchomp|move: Protect
|
|-heal|p2a: Garchomp|46/100|[from] item: Leftovers
|upkeep
|turn|23
|
|t:|1776112973
|switch|p2a: Corviknight|Corviknight, M|7/100
|-ability|p2a: Corviknight|Pressure
|move|p1a: Darkrai|Dark Pulse|p2a: Corviknight
|-damage|p2a: Corviknight|0 fnt
|faint|p2a: Corviknight
|
|upkeep
|
|t:|1776112974
|switch|p2a: Cinderace|Cinderace, F, shiny|100/100
|turn|24
|l|☆P1k7
|inactive|P1k7 disconnected and has a minute to reconnect!
|player|p1|
|j|☆P1k7
|inactive|P1k7 reconnected and has 125 seconds left.
|player|p1|P1k7|266|
|
|t:|1776113002
|switch|p1a: Garganacl|Garganacl, F|100/100
|-damage|p1a: Garganacl|88/100|[from] Stealth Rock
|move|p2a: Cinderace|U-turn|p1a: Garganacl
|-start|p2a: Cinderace|typechange|Bug|[from] ability: Libero
|-damage|p1a: Garganacl|71/100
|
|t:|1776113006
|switch|p2a: Gallade|Gallade, M, shiny|100/100|[from] U-turn
|
|-heal|p1a: Garganacl|77/100|[from] item: Leftovers
|upkeep
|turn|25
|
|t:|1776113017
|switch|p1a: Moltres|Moltres|76/100
|move|p2a: Gallade|Sacred Sword|p1a: Moltres
|-resisted|p1a: Moltres
|-damage|p1a: Moltres|38/100
|
|upkeep
|turn|26
|
|t:|1776113025
|move|p2a: Gallade|Psycho Cut|p1a: Moltres
|-damage|p1a: Moltres|0 fnt
|faint|p1a: Moltres
|
|upkeep
|j| Cardsten
|
|t:|1776113043
|switch|p1a: Raging Bolt|Raging Bolt|100/100
|-damage|p1a: Raging Bolt|88/100|[from] Stealth Rock
|turn|27
|j| i registered this
|inactive|getreyal has 120 seconds left.
|
|t:|1776113077
|move|p2a: Gallade|Sacred Sword|p1a: Raging Bolt
|-damage|p1a: Raging Bolt|24/100
|move|p1a: Raging Bolt|Dragon Pulse|p2a: Gallade
|-damage|p2a: Gallade|42/100
|
|upkeep
|turn|28
|
|t:|1776113083
|move|p1a: Raging Bolt|Thunderclap|p2a: Gallade
|-damage|p2a: Gallade|0 fnt
|faint|p2a: Gallade
|
|upkeep
|
|t:|1776113086
|switch|p2a: Garchomp|Garchomp, F, shiny|46/100
|turn|29
|
|t:|1776113100
|move|p2a: Garchomp|Earthquake|p1a: Raging Bolt
|-supereffective|p1a: Raging Bolt
|-damage|p1a: Raging Bolt|0 fnt
|faint|p1a: Raging Bolt
|-end|p1a: Raging Bolt|Protosynthesis|[silent]
|
|-heal|p2a: Garchomp|52/100|[from] item: Leftovers
|upkeep
|
|t:|1776113102
|switch|p1a: Darkrai|Darkrai, tera:Dark|51/100
|-damage|p1a: Darkrai|38/100|[from] Stealth Rock
|turn|30
|
|t:|1776113105
|move|p2a: Garchomp|Protect|p2a: Garchomp
|-singleturn|p2a: Garchomp|Protect
|move|p1a: Darkrai|Dark Pulse|p2a: Garchomp
|-activate|p2a: Garchomp|move: Protect
|
|-heal|p2a: Garchomp|59/100|[from] item: Leftovers
|upkeep
|turn|31
|
|t:|1776113109
|move|p1a: Darkrai|Dark Pulse|p2a: Garchomp
|-damage|p2a: Garchomp|0 fnt
|faint|p2a: Garchomp
|
|upkeep
|
|t:|1776113110
|switch|p2a: Cinderace|Cinderace, F, shiny|100/100
|turn|32
|l| bbrread
|
|t:|1776113112
|move|p1a: Darkrai|Dark Pulse|p2a: Cinderace
|-crit|p2a: Cinderace
|-damage|p2a: Cinderace|0 fnt
|faint|p2a: Cinderace
|
|win|P1k7
|raw|P1k7's rating: 1671 &rarr; <strong>1695</strong><br />(+24 for winning)
|raw|getreyal's rating: 1734 &rarr; <strong>1710</strong><br />(-24 for losing)
|l| i registered this
|c|☆P1k7|Gg
|l|☆P1k7
|player|p1|
|l|☆getreyal
|player|p2|
|j|☆P1k7
|player|p1|P1k7|266|
|l|☆P1k7
|player|p1|
|l| Cardsten
