|html|<div class="broadcast-blue"><strong>[Gen 9] OU is currently suspecting Tera Blast! For information on how to participate check out the <a href="https://www.smogon.com/tools/suspects/view/200">suspect thread</a>.</strong></div>
|j|‽Jom31
|j|☆Pig Perfect
|t:|1776092880
|gametype|singles
|player|p1|Jom31|steven|1641
|player|p2|Pig Perfect|workerice|1614
|gen|9
|tier|[Gen 9] OU
|rated|
|rule|HP Percentage Mod: HP is shown in percentages
|rule|Endless Battle Clause: Forcing endless battles is banned
|rule|Species Clause: Limit one of each Pokémon
|rule|OHKO Clause: OHKO moves are banned
|rule|Evasion Items Clause: Evasion items are banned
|rule|Evasion Moves Clause: Evasion moves are banned
|rule|Evasion Abilities Clause: Evasion abilities are banned
|rule|Sleep Moves Clause: Sleep-inducing moves are banned
|clearpoke
|poke|p1|Jolteon, M|
|poke|p1|Slowking-Galar, M|
|poke|p1|Great Tusk|
|poke|p1|Moltres|
|poke|p1|Kingambit, M|
|poke|p1|Hydrapple, F|
|poke|p2|Iron Leaves|
|poke|p2|Iron Treads|
|poke|p2|Kingambit, F|
|poke|p2|Pawmot, F|
|poke|p2|Pincurchin, F|
|poke|p2|Raging Bolt|
|teampreview
|
|t:|1776092902
|teamsize|p1|6
|teamsize|p2|6
|start
|switch|p1a: Moltres|Moltres|100/100
|switch|p2a: Sew What?|Pincurchin, F|100/100
|-fieldstart|move: Electric Terrain|[from] ability: Electric Surge|[of] p2a: Sew What?
|turn|1
|
|t:|1776092905
|move|p1a: Moltres|Scorching Sands|p2a: Sew What?
|-supereffective|p2a: Sew What?
|-damage|p2a: Sew What?|54/100
|move|p2a: Sew What?|Spikes|p1a: Moltres
|-sidestart|p1: Jom31|Spikes
|
|upkeep
|turn|2
|
|t:|1776092917
|move|p1a: Moltres|Scorching Sands|p2a: Sew What?
|-supereffective|p2a: Sew What?
|-damage|p2a: Sew What?|2/100
|move|p2a: Sew What?|Scald|p1a: Moltres
|-supereffective|p1a: Moltres
|-damage|p1a: Moltres|72/100
|
|upkeep
|turn|3
|
|t:|1776092938
|move|p1a: Moltres|Flamethrower|p2a: Sew What?
|-damage|p2a: Sew What?|0 fnt
|faint|p2a: Sew What?
|
|upkeep
|
|t:|1776092951
|switch|p2a: Necky's Nuts|Raging Bolt|100/100
|-enditem|p2a: Necky's Nuts|Booster Energy
|-activate|p2a: Necky's Nuts|ability: Protosynthesis|[fromitem]
|-start|p2a: Necky's Nuts|protosynthesisspa
|turn|4
|
|t:|1776092962
|switch|p1a: Slowking|Slowking-Galar, M|100/100
|-damage|p1a: Slowking|88/100|[from] Spikes
|move|p2a: Necky's Nuts|Dragon Pulse|p1a: Slowking
|-damage|p1a: Slowking|58/100
|
|upkeep
|turn|5
|
|t:|1776092974
|move|p2a: Necky's Nuts|Rising Voltage|p1a: Slowking
|-hint|Rising Voltage's BP doubled on grounded target.
|-damage|p1a: Slowking|0 fnt
|faint|p1a: Slowking
|
|upkeep
|
|t:|1776092978
|switch|p1a: Jolteon|Jolteon, M|100/100
|turn|6
|
|t:|1776092981
|-end|p2a: Necky's Nuts|Protosynthesis|[silent]
|switch|p2a: Iron Trunk|Iron Treads|100/100
|-item|p2a: Iron Trunk|Air Balloon
|-activate|p2a: Iron Trunk|ability: Quark Drive
|-start|p2a: Iron Trunk|quarkdrivespe
|-terastallize|p1a: Jolteon|Fairy
|move|p1a: Jolteon|Calm Mind|p1a: Jolteon
|-boost|p1a: Jolteon|spa|1
|-boost|p1a: Jolteon|spd|1
|
|upkeep
|turn|7
|
|t:|1776092986
|switch|p1a: Great Tusk|Great Tusk|100/100
|-damage|p1a: Great Tusk|88/100|[from] Spikes
|move|p2a: Iron Trunk|Steel Beam|p1a: Great Tusk
|-damage|p1a: Great Tusk|21/100
|-damage|p2a: Iron Trunk|50/100|[from] steelbeam
|
|upkeep
|turn|8
|
|t:|1776092997
|-end|p1a: Great Tusk|Protosynthesis|[silent]
|switch|p1a: Moltres|Moltres|72/100
|move|p2a: Iron Trunk|Earth Power|p1a: Moltres
|-immune|p1a: Moltres
|
|-fieldend|move: Electric Terrain
|-end|p2a: Iron Trunk|Quark Drive
|upkeep
|turn|9
|
|t:|1776093009
|-end|p2a: Iron Trunk|Quark Drive|[silent]
|switch|p2a: Peak-Chu|Pawmot, F|100/100
|move|p1a: Moltres|Will-O-Wisp|p2a: Peak-Chu|[miss]
|-miss|p1a: Moltres|p2a: Peak-Chu
|
|upkeep
|turn|10
|
|t:|1776093019
|move|p2a: Peak-Chu|Double Shock|p1a: Moltres
|-supereffective|p1a: Moltres
|-damage|p1a: Moltres|0 fnt
|-start|p2a: Peak-Chu|typechange|???/Fighting|[from] move: Double Shock
|-status|p2a: Peak-Chu|brn|[from] ability: Flame Body|[of] p1a: Moltres
|faint|p1a: Moltres
|
|-damage|p2a: Peak-Chu|94/100 brn|[from] brn
|upkeep
|
|t:|1776093026
|switch|p1a: Hydrapple|Hydrapple, F|100/100
|turn|11
|
|t:|1776093039
|move|p2a: Peak-Chu|Revival Blessing|p2a: Peak-Chu
|-enditem|p2a: Peak-Chu|Leppa Berry|[eat]
|-activate|p2a: Peak-Chu|item: Leppa Berry|Revival Blessing|[consumed]
|
|t:|1776093042
|-heal|p2: Sew What?|50/100|[from] move: Revival Blessing
|move|p1a: Hydrapple|Earth Power|p2a: Peak-Chu
|-damage|p2a: Peak-Chu|51/100 brn
|
|-damage|p2a: Peak-Chu|45/100 brn|[from] brn
|upkeep
|turn|12
|
|t:|1776093056
|switch|p2a: Sew What?|Pincurchin, F|50/100
|-fieldstart|move: Electric Terrain|[from] ability: Electric Surge|[of] p2a: Sew What?
|move|p1a: Hydrapple|Nasty Plot|p1a: Hydrapple
|-boost|p1a: Hydrapple|spa|2
|
|upkeep
|turn|13
|
|t:|1776093064
|move|p1a: Hydrapple|Earth Power|p2a: Sew What?
|-supereffective|p2a: Sew What?
|-damage|p2a: Sew What?|0 fnt
|faint|p2a: Sew What?
|
|upkeep
|
|t:|1776093077
|switch|p2a: Necky's Nuts|Raging Bolt|100/100
|turn|14
|
|t:|1776093081
|switch|p1a: Jolteon|Jolteon, M, tera:Fairy|100/100
|move|p2a: Necky's Nuts|Dragon Pulse|p1a: Jolteon
|-immune|p1a: Jolteon
|
|upkeep
|turn|15
|
|t:|1776093099
|-end|p2a: Necky's Nuts|Protosynthesis|[silent]
|switch|p2a: Peak-Chu|Pawmot, F|45/100 brn
|move|p1a: Jolteon|Alluring Voice|p2a: Peak-Chu
|-supereffective|p2a: Peak-Chu
|-damage|p2a: Peak-Chu|0 fnt
|faint|p2a: Peak-Chu
|
|upkeep
|
|t:|1776093103
|switch|p2a: *Leaves Game*|Iron Leaves|100/100
|-activate|p2a: *Leaves Game*|ability: Quark Drive
|-start|p2a: *Leaves Game*|quarkdrivespe
|turn|16
|
|t:|1776093121
|switch|p1a: Great Tusk|Great Tusk|21/100
|-damage|p1a: Great Tusk|9/100|[from] Spikes
|move|p2a: *Leaves Game*|Psyblade|p1a: Great Tusk
|-supereffective|p1a: Great Tusk
|-damage|p1a: Great Tusk|0 fnt
|-damage|p2a: *Leaves Game*|84/100|[from] item: Rocky Helmet|[of] p1a: Great Tusk
|faint|p1a: Great Tusk
|-end|p1a: Great Tusk|Protosynthesis|[silent]
|
|-heal|p2a: *Leaves Game*|90/100|[from] item: Leftovers
|upkeep
|
|t:|1776093137
|switch|p1a: Kingambit|Kingambit, M|100/100
|-damage|p1a: Kingambit|88/100|[from] Spikes
|-activate|p1a: Kingambit|ability: Supreme Overlord
|-start|p1a: Kingambit|fallen3|[silent]
|turn|17
|
|t:|1776093156
|move|p2a: *Leaves Game*|Substitute|p2a: *Leaves Game*
|-start|p2a: *Leaves Game*|Substitute
|-damage|p2a: *Leaves Game*|65/100
|move|p1a: Kingambit|Kowtow Cleave|p2a: *Leaves Game*
|-supereffective|p2a: *Leaves Game*
|-end|p2a: *Leaves Game*|Substitute
|
|-heal|p2a: *Leaves Game*|71/100|[from] item: Leftovers
|-heal|p1a: Kingambit|94/100|[from] item: Leftovers
|upkeep
|turn|18
|
|t:|1776093171
|-end|p2a: *Leaves Game*|Quark Drive|[silent]
|switch|p2a: So ein Mist!|Kingambit, F|100/100
|-activate|p2a: So ein Mist!|ability: Supreme Overlord
|-start|p2a: So ein Mist!|fallen3|[silent]
|move|p1a: Kingambit|Kowtow Cleave|p2a: So ein Mist!
|-resisted|p2a: So ein Mist!
|-damage|p2a: So ein Mist!|75/100
|
|-heal|p1a: Kingambit|100/100|[from] item: Leftovers
|-heal|p2a: So ein Mist!|81/100|[from] item: Leftovers
|upkeep
|turn|19
|
|t:|1776093183
|-end|p1a: Kingambit|fallen3|[silent]
|switch|p1a: Hydrapple|Hydrapple, F|100/100
|move|p2a: So ein Mist!|Low Kick|p1a: Hydrapple
|-damage|p1a: Hydrapple|77/100
|
|-heal|p2a: So ein Mist!|87/100|[from] item: Leftovers
|-fieldend|move: Electric Terrain
|upkeep
|turn|20
|
|t:|1776093192
|move|p2a: So ein Mist!|Iron Head|p1a: Hydrapple
|-damage|p1a: Hydrapple|46/100
|move|p1a: Hydrapple|Earth Power|p2a: So ein Mist!
|-supereffective|p2a: So ein Mist!
|-damage|p2a: So ein Mist!|34/100
|-unboost|p2a: So ein Mist!|spd|1
|
|-heal|p2a: So ein Mist!|40/100|[from] item: Leftovers
|upkeep
|turn|21
|
|t:|1776093202
|-end|p2a: So ein Mist!|fallen3|[silent]
|switch|p2a: Iron Trunk|Iron Treads|50/100
|-item|p2a: Iron Trunk|Air Balloon
|move|p1a: Hydrapple|Earth Power|p2a: Iron Trunk
|-immune|p2a: Iron Trunk
|
|upkeep
|turn|22
|
|t:|1776093236
|-end|p2a: Iron Trunk|Quark Drive|[silent]
|switch|p2a: Necky's Nuts|Raging Bolt|100/100
|switch|p1a: Kingambit|Kingambit, M|100/100
|-damage|p1a: Kingambit|88/100|[from] Spikes
|-activate|p1a: Kingambit|ability: Supreme Overlord
|-start|p1a: Kingambit|fallen3|[silent]
|
|-heal|p1a: Kingambit|94/100|[from] item: Leftovers
|upkeep
|turn|23
|
|t:|1776093243
|-end|p1a: Kingambit|fallen3|[silent]
|switch|p1a: Jolteon|Jolteon, M, tera:Fairy|100/100
|move|p2a: Necky's Nuts|Dragon Pulse|p1a: Jolteon
|-immune|p1a: Jolteon
|
|upkeep
|turn|24
|
|t:|1776093256
|move|p1a: Jolteon|Alluring Voice|p2a: Necky's Nuts
|-supereffective|p2a: Necky's Nuts
|-damage|p2a: Necky's Nuts|28/100
|move|p2a: Necky's Nuts|Dragon Pulse|p1a: Jolteon
|-immune|p1a: Jolteon
|
|upkeep
|turn|25
|
|t:|1776093263
|move|p1a: Jolteon|Calm Mind|p1a: Jolteon
|-boost|p1a: Jolteon|spa|1
|-boost|p1a: Jolteon|spd|1
|move|p2a: Necky's Nuts|Dragon Pulse|p1a: Jolteon
|-immune|p1a: Jolteon
|
|upkeep
|turn|26
|
|t:|1776093273
|-end|p2a: Necky's Nuts|Protosynthesis|[silent]
|switch|p2a: *Leaves Game*|Iron Leaves|71/100
|move|p1a: Jolteon|Calm Mind|p1a: Jolteon
|-boost|p1a: Jolteon|spa|1
|-boost|p1a: Jolteon|spd|1
|
|-heal|p2a: *Leaves Game*|78/100|[from] item: Leftovers
|upkeep
|turn|27
|
|t:|1776093278
|move|p1a: Jolteon|Alluring Voice|p2a: *Leaves Game*
|-damage|p2a: *Leaves Game*|14/100
|move|p2a: *Leaves Game*|Psyblade|p1a: Jolteon
|-damage|p1a: Jolteon|34/100
|
|-heal|p2a: *Leaves Game*|20/100|[from] item: Leftovers
|upkeep
|turn|28
|
|t:|1776093286
|move|p1a: Jolteon|Alluring Voice|p2a: *Leaves Game*
|-damage|p2a: *Leaves Game*|0 fnt
|faint|p2a: *Leaves Game*
|-end|p2a: *Leaves Game*|Quark Drive|[silent]
|
|upkeep
|
|t:|1776093298
|switch|p2a: So ein Mist!|Kingambit, F|40/100
|-activate|p2a: So ein Mist!|ability: Supreme Overlord
|-start|p2a: So ein Mist!|fallen4|[silent]
|turn|29
|
|t:|1776093304
|switch|p1a: Hydrapple|Hydrapple, F|79/100
|move|p2a: So ein Mist!|Sucker Punch||[still]
|-fail|p2a: So ein Mist!
|
|-heal|p2a: So ein Mist!|46/100|[from] item: Leftovers
|upkeep
|turn|30
|
|t:|1776093315
|-end|p2a: So ein Mist!|fallen4|[silent]
|switch|p2a: Iron Trunk|Iron Treads|50/100
|-item|p2a: Iron Trunk|Air Balloon
|move|p1a: Hydrapple|Giga Drain|p2a: Iron Trunk
|-damage|p2a: Iron Trunk|10/100
|-heal|p1a: Hydrapple|94/100|[from] drain|[of] p2a: Iron Trunk
|-enditem|p2a: Iron Trunk|Air Balloon
|
|upkeep
|turn|31
|
|t:|1776093324
|move|p2a: Iron Trunk|Steel Beam|p1a: Hydrapple
|-damage|p1a: Hydrapple|45/100
|-damage|p2a: Iron Trunk|0 fnt|[from] steelbeam
|faint|p2a: Iron Trunk
|-end|p2a: Iron Trunk|Quark Drive|[silent]
|move|p1a: Hydrapple|Giga Drain|p2: Iron Trunk|[notarget]
|-fail|p1a: Hydrapple
|
|upkeep
|
|t:|1776093328
|switch|p2a: So ein Mist!|Kingambit, F|46/100
|-activate|p2a: So ein Mist!|ability: Supreme Overlord
|-start|p2a: So ein Mist!|fallen5|[silent]
|turn|32
|
|t:|1776093346
|switch|p1a: Kingambit|Kingambit, M|94/100
|-damage|p1a: Kingambit|82/100|[from] Spikes
|-activate|p1a: Kingambit|ability: Supreme Overlord
|-start|p1a: Kingambit|fallen3|[silent]
|-terastallize|p2a: So ein Mist!|Ghost
|move|p2a: So ein Mist!|Swords Dance|p2a: So ein Mist!
|-boost|p2a: So ein Mist!|atk|2
|
|-heal|p1a: Kingambit|88/100|[from] item: Leftovers
|-heal|p2a: So ein Mist!|53/100|[from] item: Leftovers
|upkeep
|turn|33
|
|t:|1776093355
|move|p1a: Kingambit|Sucker Punch|p2a: So ein Mist!
|-supereffective|p2a: So ein Mist!
|-damage|p2a: So ein Mist!|0 fnt
|faint|p2a: So ein Mist!
|-end|p2a: So ein Mist!|fallen5|[silent]
|
|-heal|p1a: Kingambit|94/100|[from] item: Leftovers
|upkeep
|
|t:|1776093358
|switch|p2a: Necky's Nuts|Raging Bolt|28/100
|turn|34
|
|t:|1776093362
|-end|p1a: Kingambit|fallen3|[silent]
|switch|p1a: Jolteon|Jolteon, M, tera:Fairy|34/100
|move|p2a: Necky's Nuts|Thunderclap||[still]
|-fail|p2a: Necky's Nuts
|
|upkeep
|turn|35
|c|☆Pig Perfect|ggwp
|-message|Pig Perfect forfeited.
|
|win|Jom31
|raw|Jom31's rating: 1641 &rarr; <strong>1659</strong><br />(+18 for winning)
|raw|Pig Perfect's rating: 1614 &rarr; <strong>1596</strong><br />(-18 for losing)
|l|☆Pig Perfect
|player|p2|
