|html|<div class="broadcast-blue"><strong>[Gen 9] OU is currently suspecting Tera Blast! For information on how to participate check out the <a href="https://www.smogon.com/tools/suspects/view/200">suspect thread</a>.</strong></div>
|j|‽supremestarlord
|j|☆arpias
|t:|1776084214
|gametype|singles
|player|p1|supremestarlord|roxie|1224
|player|p2|arpias|silver|1231
|gen|9
|tier|[Gen 9] OU
|rated|
|rule|HP Percentage Mod: HP is shown in percentages
|rule|Endless Battle Clause: Forcing endless battles is banned
|rule|Species Clause: Limit one of each Pokémon
|rule|OHKO Clause: OHKO moves are banned
|rule|Evasion Items Clause: Evasion items are banned
|rule|Evasion Moves Clause: Evasion moves are banned
|rule|Evasion Abilities Clause: Evasion abilities are banned
|rule|Sleep Moves Clause: Sleep-inducing moves are banned
|clearpoke
|poke|p1|Iron Moth|
|poke|p1|Gliscor, M|
|poke|p1|Hatterene, F|
|poke|p1|Ogerpon-Wellspring, F|
|poke|p1|Raging Bolt|
|poke|p1|Zamazenta-*|
|poke|p2|Crawdaunt, M|
|poke|p2|Gholdengo|
|poke|p2|Great Tusk|
|poke|p2|Weezing-Galar, F|
|poke|p2|Rotom-Heat|
|poke|p2|Dragonite, M|
|teampreview
|inactive|Battle timer is ON: inactive players will automatically lose when time's up. (requested by supremestarlord)
|
|t:|1776084221
|teamsize|p1|6
|teamsize|p2|6
|start
|switch|p1a: Zamazenta|Zamazenta|100/100
|switch|p2a: Great Tusk|Great Tusk|100/100
|-ability|p1a: Zamazenta|Dauntless Shield|boost
|-boost|p1a: Zamazenta|def|1
|turn|1
|
|t:|1776084227
|move|p1a: Zamazenta|Reflect|p1a: Zamazenta
|-sidestart|p1: supremestarlord|Reflect
|move|p2a: Great Tusk|Stealth Rock|p1a: Zamazenta
|-sidestart|p1: supremestarlord|move: Stealth Rock
|
|upkeep
|turn|2
|
|t:|1776084238
|-end|p2a: Great Tusk|Protosynthesis|[silent]
|switch|p2a: Weezing|Weezing-Galar, F|100/100
|-ability|p2a: Weezing|Neutralizing Gas
|move|p1a: Zamazenta|Light Screen|p1a: Zamazenta
|-sidestart|p1: supremestarlord|move: Light Screen
|
|upkeep
|turn|3
|
|t:|1776084254
|switch|p1a: Iron Moth|Iron Moth|100/100
|-damage|p1a: Iron Moth|76/100|[from] Stealth Rock
|move|p2a: Weezing|Defog|p1a: Iron Moth
|-unboost|p1a: Iron Moth|evasion|1
|-sideend|p1: supremestarlord|Reflect
|-sideend|p1: supremestarlord|move: Light Screen
|-sideend|p1: supremestarlord|Stealth Rock|[from] move: Defog|[of] p2a: Weezing
|
|upkeep
|turn|4
|
|t:|1776084269
|-end|p2a: Weezing|ability: Neutralizing Gas
|switch|p2a: Rotom|Rotom-Heat|100/100
|-enditem|p1a: Iron Moth|Booster Energy
|-activate|p1a: Iron Moth|ability: Quark Drive|[fromitem]
|-start|p1a: Iron Moth|quarkdrivespe
|move|p1a: Iron Moth|Whirlwind|p2a: Rotom
|drag|p2a: Weezing|Weezing-Galar, F|100/100
|-ability|p2a: Weezing|Neutralizing Gas
|
|upkeep
|turn|5
|
|t:|1776084277
|-end|p2a: Weezing|ability: Neutralizing Gas
|switch|p2a: Rotom|Rotom-Heat|100/100
|move|p1a: Iron Moth|Fiery Dance|p2a: Rotom
|-resisted|p2a: Rotom
|-damage|p2a: Rotom|87/100
|-boost|p1a: Iron Moth|spa|1
|
|upkeep
|turn|6
|
|t:|1776084282
|move|p1a: Iron Moth|Sludge Wave|p2a: Rotom
|-damage|p2a: Rotom|39/100
|move|p2a: Rotom|Thunderbolt|p1a: Iron Moth
|-damage|p1a: Iron Moth|36/100
|
|upkeep
|turn|7
|
|t:|1776084297
|switch|p2a: Dragonite|Dragonite, M|100/100
|move|p1a: Iron Moth|Fiery Dance|p2a: Dragonite
|-resisted|p2a: Dragonite
|-damage|p2a: Dragonite|85/100
|
|upkeep
|turn|8
|
|t:|1776084309
|-terastallize|p1a: Iron Moth|Ghost
|move|p2a: Dragonite|Extreme Speed|p1a: Iron Moth
|-immune|p1a: Iron Moth
|move|p1a: Iron Moth|Sludge Wave|p2a: Dragonite
|-damage|p2a: Dragonite|3/100
|
|upkeep
|turn|9
|
|t:|1776084316
|switch|p2a: Gholdengo|Gholdengo|100/100
|move|p1a: Iron Moth|Fiery Dance|p2a: Gholdengo
|-supereffective|p2a: Gholdengo
|-crit|p2a: Gholdengo
|-damage|p2a: Gholdengo|0 fnt
|faint|p2a: Gholdengo
|
|upkeep
|
|t:|1776084319
|switch|p2a: Crawdaunt|Crawdaunt, M|100/100
|turn|10
|
|t:|1776084322
|move|p2a: Crawdaunt|Aqua Jet|p1a: Iron Moth
|-damage|p1a: Iron Moth|0 fnt
|faint|p1a: Iron Moth
|-end|p1a: Iron Moth|Quark Drive|[silent]
|-damage|p2a: Crawdaunt|90/100|[from] item: Life Orb
|
|upkeep
|
|t:|1776084329
|switch|p1a: Ogerpon|Ogerpon-Wellspring, F|100/100
|turn|11
|
|t:|1776084332
|switch|p2a: Weezing|Weezing-Galar, F|100/100
|-ability|p2a: Weezing|Neutralizing Gas
|move|p1a: Ogerpon|Trailblaze|p2a: Weezing
|-resisted|p2a: Weezing
|-damage|p2a: Weezing|89/100
|-boost|p1a: Ogerpon|spe|1
|
|-heal|p2a: Weezing|95/100|[from] item: Leftovers
|upkeep
|turn|12
|
|t:|1776084340
|switch|p1a: Zamazenta|Zamazenta|100/100
|move|p2a: Weezing|Sludge Bomb|p1a: Zamazenta
|-damage|p1a: Zamazenta|78/100
|
|-heal|p2a: Weezing|100/100|[from] item: Leftovers
|upkeep
|turn|13
|
|t:|1776084357
|move|p1a: Zamazenta|Light Screen|p1a: Zamazenta
|-sidestart|p1: supremestarlord|move: Light Screen
|move|p2a: Weezing|Strange Steam|p1a: Zamazenta
|-supereffective|p1a: Zamazenta
|-damage|p1a: Zamazenta|56/100
|
|upkeep
|turn|14
|
|t:|1776084365
|switch|p1a: Gliscor|Gliscor, M|100/100
|move|p2a: Weezing|Defog|p1a: Gliscor
|-unboost|p1a: Gliscor|evasion|1
|-sideend|p1: supremestarlord|move: Light Screen
|
|-status|p1a: Gliscor|tox|[from] item: Toxic Orb
|upkeep
|turn|15
|
|t:|1776084374
|switch|p1a: Hatterene|Hatterene, F|100/100
|move|p2a: Weezing|Strange Steam|p1a: Hatterene
|-damage|p1a: Hatterene|68/100
|
|-heal|p1a: Hatterene|74/100|[from] item: Leftovers
|upkeep
|turn|16
|l|‽supremestarlord
|inactive|supremestarlord disconnected and has a minute to reconnect!
|player|p1|
|inactive|supremestarlord has 30 seconds to reconnect!
|inactive|supremestarlord has 20 seconds to reconnect!
|inactive|supremestarlord has 15 seconds to reconnect!
|inactive|supremestarlord has 10 seconds to reconnect!
|inactive|supremestarlord has 5 seconds to reconnect!
|-message|supremestarlord lost due to inactivity.
|
|win|arpias
|raw|supremestarlord's rating: 1224 &rarr; <strong>1200</strong><br />(-24 for losing)
|raw|arpias's rating: 1231 &rarr; <strong>1255</strong><br />(+24 for winning)
|l|☆arpias
|player|p2|
