|html|<div class="broadcast-blue"><strong>[Gen 9] OU is currently suspecting Tera Blast! For information on how to participate check out the <a href="https://www.smogon.com/tools/suspects/view/200">suspect thread</a>.</strong></div>
|j|☆GreninjaMyFav
|j|☆smokey19
|t:|1776033783
|gametype|singles
|player|p1|GreninjaMyFav|169|1661
|player|p2|smokey19|265|1653
|gen|9
|tier|[Gen 9] OU
|rated|
|rule|HP Percentage Mod: HP is shown in percentages
|rule|Endless Battle Clause: Forcing endless battles is banned
|rule|Species Clause: Limit one of each Pokémon
|rule|OHKO Clause: OHKO moves are banned
|rule|Evasion Items Clause: Evasion items are banned
|rule|Evasion Moves Clause: Evasion moves are banned
|rule|Evasion Abilities Clause: Evasion abilities are banned
|rule|Sleep Moves Clause: Sleep-inducing moves are banned
|clearpoke
|poke|p1|Greninja-*, F|
|poke|p1|Hoopa-Unbound|
|poke|p1|Great Tusk|
|poke|p1|Corviknight, F|
|poke|p1|Pecharunt|
|poke|p1|Alomomola, M|
|poke|p2|Iron Moth|
|poke|p2|Landorus-Therian, M|
|poke|p2|Samurott-Hisui, M|
|poke|p2|Slowking-Galar, M|
|poke|p2|Ogerpon, F|
|poke|p2|Enamorus, F|
|teampreview
|inactive|Battle timer is ON: inactive players will automatically lose when time's up. (requested by GreninjaMyFav)
|
|t:|1776033800
|teamsize|p1|6
|teamsize|p2|6
|start
|switch|p1a: Corviknight|Corviknight, F|100/100
|switch|p2a: Slowking|Slowking-Galar, M, shiny|100/100
|-ability|p1a: Corviknight|Pressure
|turn|1
|
|t:|1776033806
|move|p1a: Corviknight|U-turn|p2a: Slowking
|-damage|p2a: Slowking|90/100
|
|t:|1776033809
|switch|p1a: Hoopa|Hoopa-Unbound|100/100|[from] U-turn
|move|p2a: Slowking|Flamethrower|p1a: Hoopa
|-damage|p1a: Hoopa|79/100
|
|upkeep
|turn|2
|
|t:|1776033812
|switch|p2a: Landorus|Landorus-Therian, M|100/100
|-ability|p2a: Landorus|Intimidate|boost
|-unboost|p1a: Hoopa|atk|1
|move|p1a: Hoopa|Knock Off|p2a: Landorus
|-damage|p2a: Landorus|44/100
|-damage|p1a: Hoopa|63/100|[from] item: Rocky Helmet|[of] p2a: Landorus
|-enditem|p2a: Landorus|Rocky Helmet|[from] move: Knock Off|[of] p1a: Hoopa
|
|upkeep
|turn|3
|
|t:|1776033816
|switch|p1a: Corviknight|Corviknight, F|100/100
|-ability|p1a: Corviknight|Pressure
|move|p2a: Landorus|U-turn|p1a: Corviknight
|-resisted|p1a: Corviknight
|-damage|p1a: Corviknight|97/100
|-damage|p2a: Landorus|28/100|[from] item: Rocky Helmet|[of] p1a: Corviknight
|inactive|smokey19 has 120 seconds left.
|
|t:|1776033866
|switch|p2a: Iron Moth|Iron Moth|100/100|[from] U-turn
|-enditem|p2a: Iron Moth|Booster Energy
|-activate|p2a: Iron Moth|ability: Quark Drive|[fromitem]
|-start|p2a: Iron Moth|quarkdrivespe
|
|upkeep
|turn|4
|
|t:|1776033872
|switch|p1a: Alomomola|Alomomola, M|100/100
|move|p2a: Iron Moth|Sludge Wave|p1a: Alomomola
|-crit|p1a: Alomomola
|-damage|p1a: Alomomola|68/100
|
|upkeep
|turn|5
|
|t:|1776033876
|move|p2a: Iron Moth|Sludge Wave|p1a: Alomomola
|-crit|p1a: Alomomola
|-damage|p1a: Alomomola|32/100
|move|p1a: Alomomola|Mirror Coat|p2a: Iron Moth
|-damage|p2a: Iron Moth|0 fnt
|faint|p2a: Iron Moth
|-end|p2a: Iron Moth|Quark Drive|[silent]
|
|upkeep
|inactive|smokey19 has 120 seconds left.
|
|t:|1776033888
|switch|p2a: Samurott|Samurott-Hisui, M|100/100
|turn|6
|
|t:|1776033891
|switch|p1a: Corviknight|Corviknight, F|97/100
|-ability|p1a: Corviknight|Pressure
|move|p2a: Samurott|Ceaseless Edge|p1a: Corviknight
|-damage|p1a: Corviknight|71/100
|-damage|p2a: Samurott|84/100|[from] item: Rocky Helmet|[of] p1a: Corviknight
|-sidestart|p1: GreninjaMyFav|Spikes
|
|upkeep
|turn|7
|inactive|smokey19 has 120 seconds left.
|
|t:|1776033910
|move|p2a: Samurott|Ceaseless Edge|p1a: Corviknight
|-damage|p1a: Corviknight|44/100
|-damage|p2a: Samurott|67/100|[from] item: Rocky Helmet|[of] p1a: Corviknight
|-sidestart|p1: GreninjaMyFav|Spikes
|move|p1a: Corviknight|Defog|p2a: Samurott
|-unboost|p2a: Samurott|evasion|1
|-sideend|p1: GreninjaMyFav|Spikes|[from] move: Defog|[of] p1a: Corviknight
|
|upkeep
|turn|8
|
|t:|1776033917
|move|p2a: Samurott|Ceaseless Edge|p1a: Corviknight
|-damage|p1a: Corviknight|21/100
|-damage|p2a: Samurott|51/100|[from] item: Rocky Helmet|[of] p1a: Corviknight
|-sidestart|p1: GreninjaMyFav|Spikes
|move|p1a: Corviknight|Roost|p1a: Corviknight
|-heal|p1a: Corviknight|71/100
|-singleturn|p1a: Corviknight|move: Roost
|
|upkeep
|turn|9
|inactive|smokey19 has 120 seconds left.
|
|t:|1776033936
|move|p2a: Samurott|Razor Shell|p1a: Corviknight
|-damage|p1a: Corviknight|45/100
|-damage|p2a: Samurott|34/100|[from] item: Rocky Helmet|[of] p1a: Corviknight
|move|p1a: Corviknight|Roost|p1a: Corviknight
|-heal|p1a: Corviknight|95/100
|-singleturn|p1a: Corviknight|move: Roost
|
|upkeep
|turn|10
|
|t:|1776033941
|move|p2a: Samurott|Razor Shell|p1a: Corviknight
|-damage|p1a: Corviknight|64/100
|-unboost|p1a: Corviknight|def|1
|-damage|p2a: Samurott|18/100|[from] item: Rocky Helmet|[of] p1a: Corviknight
|move|p1a: Corviknight|Defog|p2a: Samurott
|-unboost|p2a: Samurott|evasion|1
|-sideend|p1: GreninjaMyFav|Spikes|[from] move: Defog|[of] p1a: Corviknight
|
|upkeep
|turn|11
|
|t:|1776033946
|switch|p1a: Greninja|Greninja, F|100/100
|move|p2a: Samurott|Ceaseless Edge|p1a: Greninja
|-resisted|p1a: Greninja
|-damage|p1a: Greninja|66/100
|-sidestart|p1: GreninjaMyFav|Spikes
|
|upkeep
|turn|12
|
|t:|1776033951
|switch|p2a: Slowking|Slowking-Galar, M, shiny|100/100
|move|p1a: Greninja|Ice Beam|p2a: Slowking
|-start|p1a: Greninja|typechange|Ice|[from] ability: Protean
|-damage|p2a: Slowking|66/100
|
|upkeep
|turn|13
|
|t:|1776033961
|switch|p1a: Alomomola|Alomomola, M|65/100
|-damage|p1a: Alomomola|53/100|[from] Spikes
|move|p2a: Slowking|Sludge Bomb|p1a: Alomomola
|-damage|p1a: Alomomola|37/100
|-status|p1a: Alomomola|psn
|
|-damage|p1a: Alomomola|25/100 psn|[from] psn
|upkeep
|turn|14
|
|t:|1776033965
|switch|p1a: Corviknight|Corviknight, F|64/100
|-ability|p1a: Corviknight|Pressure
|move|p2a: Slowking|Psychic Noise|p1a: Corviknight
|-resisted|p1a: Corviknight
|-damage|p1a: Corviknight|51/100
|-start|p1a: Corviknight|move: Heal Block
|
|upkeep
|turn|15
|
|t:|1776033969
|move|p1a: Corviknight|U-turn|p2a: Slowking
|-damage|p2a: Slowking|55/100
|
|t:|1776033977
|switch|p1a: Hoopa|Hoopa-Unbound|63/100|[from] U-turn
|-damage|p1a: Hoopa|50/100|[from] Spikes
|move|p2a: Slowking|Sludge Bomb|p1a: Hoopa
|-damage|p1a: Hoopa|21/100
|
|upkeep
|turn|16
|
|t:|1776034001
|switch|p2a: Landorus|Landorus-Therian, M|28/100
|-ability|p2a: Landorus|Intimidate|boost
|-unboost|p1a: Hoopa|atk|1
|move|p1a: Hoopa|Hyperspace Fury|p2a: Landorus
|-damage|p2a: Landorus|0 fnt
|-unboost|p1a: Hoopa|def|1
|faint|p2a: Landorus
|
|upkeep
|
|t:|1776034004
|switch|p2a: Ogerpon|Ogerpon, F|100/100
|turn|17
|
|t:|1776034007
|switch|p1a: Pecharunt|Pecharunt|100/100
|move|p2a: Ogerpon|U-turn|p1a: Pecharunt
|-resisted|p1a: Pecharunt
|-damage|p1a: Pecharunt|97/100
|
|t:|1776034015
|switch|p2a: Samurott|Samurott-Hisui, M|18/100|[from] U-turn
|
|upkeep
|turn|18
|inactive|GreninjaMyFav has 120 seconds left.
|
|t:|1776034053
|move|p2a: Samurott|Ceaseless Edge|p1a: Pecharunt
|-supereffective|p1a: Pecharunt
|-damage|p1a: Pecharunt|57/100
|-sidestart|p1: GreninjaMyFav|Spikes
|move|p1a: Pecharunt|Malignant Chain|p2a: Samurott
|-damage|p2a: Samurott|0 fnt
|faint|p2a: Samurott
|
|upkeep
|
|t:|1776034081
|switch|p2a: Slowking|Slowking-Galar, M, shiny|89/100
|turn|19
|
|t:|1776034087
|move|p1a: Pecharunt|Parting Shot|p2a: Slowking
|-unboost|p2a: Slowking|atk|1
|-unboost|p2a: Slowking|spa|1
|
|t:|1776034091
|switch|p1a: Great Tusk|Great Tusk|100/100|[from] Parting Shot
|move|p2a: Slowking|Flamethrower|p1a: Great Tusk
|-damage|p1a: Great Tusk|79/100
|
|upkeep
|turn|20
|
|t:|1776034095
|switch|p2a: Ogerpon|Ogerpon, F|100/100
|-terastallize|p1a: Great Tusk|Steel
|move|p1a: Great Tusk|Rapid Spin|p2a: Ogerpon
|-damage|p2a: Ogerpon|76/100
|-boost|p1a: Great Tusk|spe|1
|-sideend|p1: GreninjaMyFav|Spikes|[from] move: Rapid Spin|[of] p1a: Great Tusk
|
|upkeep
|turn|21
|
|t:|1776034104
|-terastallize|p2a: Ogerpon|Grass
|detailschange|p2a: Ogerpon|Ogerpon-Teal-Tera, F, tera:Grass
|-ability|p2a: Ogerpon|Embody Aspect (Teal)|boost
|-boost|p2a: Ogerpon|spe|1
|move|p2a: Ogerpon|Low Kick|p1a: Great Tusk
|-supereffective|p1a: Great Tusk
|-damage|p1a: Great Tusk|0 fnt
|faint|p1a: Great Tusk
|-end|p1a: Great Tusk|Protosynthesis|[silent]
|
|upkeep
|
|t:|1776034109
|switch|p1a: Pecharunt|Pecharunt|57/100
|turn|22
|
|t:|1776034113
|switch|p2a: Slowking|Slowking-Galar, M, shiny|100/100
|move|p1a: Pecharunt|Parting Shot|p2a: Slowking
|-unboost|p2a: Slowking|atk|1
|-unboost|p2a: Slowking|spa|1
|
|t:|1776034115
|switch|p1a: Hoopa|Hoopa-Unbound|21/100|[from] Parting Shot
|
|upkeep
|turn|23
|
|t:|1776034134
|switch|p2a: Ogerpon|Ogerpon-Teal-Tera, F, tera:Grass|76/100
|-ability|p2a: Ogerpon|Embody Aspect (Teal)|boost
|-boost|p2a: Ogerpon|spe|1
|move|p1a: Hoopa|Knock Off|p2a: Ogerpon
|-damage|p2a: Ogerpon|0 fnt
|-enditem|p2a: Ogerpon|Choice Band|[from] move: Knock Off|[of] p1a: Hoopa
|faint|p2a: Ogerpon
|detailschange|p2: Ogerpon|Ogerpon, F|[silent]
|
|upkeep
|
|t:|1776034136
|switch|p2a: Enamorus|Enamorus, F, shiny|100/100
|turn|24
|
|t:|1776034139
|switch|p1a: Alomomola|Alomomola, M|58/100 psn
|move|p2a: Enamorus|Moonblast|p1a: Alomomola
|-damage|p1a: Alomomola|32/100 psn
|
|-damage|p1a: Alomomola|20/100 psn|[from] psn
|upkeep
|turn|25
|
|t:|1776034145
|move|p2a: Enamorus|Moonblast|p1a: Alomomola
|-damage|p1a: Alomomola|0 fnt
|faint|p1a: Alomomola
|
|upkeep
|
|t:|1776034146
|switch|p1a: Corviknight|Corviknight, F|51/100
|-ability|p1a: Corviknight|Pressure
|turn|26
|
|t:|1776034148
|move|p2a: Enamorus|Moonblast|p1a: Corviknight
|-resisted|p1a: Corviknight
|-damage|p1a: Corviknight|23/100
|-unboost|p1a: Corviknight|spa|1
|move|p1a: Corviknight|Roost|p1a: Corviknight
|-heal|p1a: Corviknight|73/100
|-singleturn|p1a: Corviknight|move: Roost
|
|upkeep
|turn|27
|
|t:|1776034152
|move|p2a: Enamorus|Moonblast|p1a: Corviknight
|-resisted|p1a: Corviknight
|-damage|p1a: Corviknight|48/100
|move|p1a: Corviknight|U-turn|p2a: Enamorus
|-resisted|p2a: Enamorus
|-damage|p2a: Enamorus|95/100
|
|t:|1776034154
|switch|p1a: Pecharunt|Pecharunt|57/100|[from] U-turn
|
|upkeep
|turn|28
|
|t:|1776034157
|switch|p2a: Slowking|Slowking-Galar, M, shiny|100/100
|move|p1a: Pecharunt|Malignant Chain|p2a: Slowking
|-resisted|p2a: Slowking
|-damage|p2a: Slowking|92/100
|
|upkeep
|turn|29
|
|t:|1776034164
|switch|p1a: Corviknight|Corviknight, F|48/100
|-ability|p1a: Corviknight|Pressure
|move|p2a: Slowking|Sludge Bomb|p1a: Corviknight
|-immune|p1a: Corviknight
|
|upkeep
|turn|30
|
|t:|1776034168
|move|p1a: Corviknight|Brave Bird|p2a: Slowking
|-damage|p2a: Slowking|65/100
|-damage|p1a: Corviknight|39/100|[from] Recoil
|move|p2a: Slowking|Sludge Bomb|p1a: Corviknight
|-immune|p1a: Corviknight
|
|upkeep
|turn|31
|
|t:|1776034172
|move|p1a: Corviknight|Brave Bird|p2a: Slowking
|-damage|p2a: Slowking|36/100
|-damage|p1a: Corviknight|30/100|[from] Recoil
|move|p2a: Slowking|Psychic Noise|p1a: Corviknight
|-resisted|p1a: Corviknight
|-damage|p1a: Corviknight|16/100
|-start|p1a: Corviknight|move: Heal Block
|
|upkeep
|turn|32
|
|t:|1776034188
|move|p1a: Corviknight|Brave Bird|p2a: Slowking
|-damage|p2a: Slowking|11/100
|-damage|p1a: Corviknight|8/100|[from] Recoil
|move|p2a: Slowking|Flamethrower|p1a: Corviknight
|-supereffective|p1a: Corviknight
|-damage|p1a: Corviknight|0 fnt
|faint|p1a: Corviknight
|
|upkeep
|
|t:|1776034192
|switch|p1a: Hoopa|Hoopa-Unbound|21/100
|turn|33
|
|t:|1776034195
|move|p1a: Hoopa|Knock Off|p2a: Slowking
|-supereffective|p2a: Slowking
|-damage|p2a: Slowking|0 fnt
|-enditem|p2a: Slowking|Assault Vest|[from] move: Knock Off|[of] p1a: Hoopa
|faint|p2a: Slowking
|
|upkeep
|
|t:|1776034197
|switch|p2a: Enamorus|Enamorus, F, shiny|95/100
|turn|34
|
|t:|1776034198
|move|p2a: Enamorus|Earth Power|p1a: Hoopa
|-damage|p1a: Hoopa|0 fnt
|faint|p1a: Hoopa
|
|upkeep
|
|t:|1776034201
|switch|p1a: Greninja|Greninja, F|66/100
|turn|35
|
|t:|1776034202
|move|p2a: Enamorus|Earth Power|p1a: Greninja
|-damage|p1a: Greninja|10/100
|move|p1a: Greninja|Ice Beam|p2a: Enamorus
|-start|p1a: Greninja|typechange|Ice|[from] ability: Protean
|-supereffective|p2a: Enamorus
|-damage|p2a: Enamorus|0 fnt
|faint|p2a: Enamorus
|
|win|GreninjaMyFav
|raw|GreninjaMyFav's rating: 1640 &rarr; <strong>1661</strong><br />(+21 for winning)
|raw|smokey19's rating: 1653 &rarr; <strong>1632</strong><br />(-21 for losing)
|l|☆GreninjaMyFav
|player|p1|
|l|☆smokey19
|player|p2|
