|html|<div class="broadcast-blue"><strong>[Gen 9] OU is currently suspecting Tera Blast! For information on how to participate check out the <a href="https://www.smogon.com/tools/suspects/view/200">suspect thread</a>.</strong></div>
|j|☆primar
|j|☆TheRegisAreCool
|t:|1776261444
|gametype|singles
|player|p1|primar|caitlin|1244
|player|p2|TheRegisAreCool|fisherman-gen4|1285
|gen|9
|tier|[Gen 9] OU
|rated|
|rule|HP Percentage Mod: HP is shown in percentages
|rule|Endless Battle Clause: Forcing endless battles is banned
|rule|Species Clause: Limit one of each Pokémon
|rule|OHKO Clause: OHKO moves are banned
|rule|Evasion Items Clause: Evasion items are banned
|rule|Evasion Moves Clause: Evasion moves are banned
|rule|Evasion Abilities Clause: Evasion abilities are banned
|rule|Sleep Moves Clause: Sleep-inducing moves are banned
|clearpoke
|poke|p1|Primarina, F|
|poke|p1|Dragapult, F|
|poke|p1|Slowking-Galar, F|
|poke|p1|Corviknight, M|
|poke|p1|Ting-Lu|
|poke|p1|Samurott-Hisui, F|
|poke|p2|Conkeldurr, F|
|poke|p2|Iron Moth|
|poke|p2|Glimmora, F|
|poke|p2|Kommo-o, F|
|poke|p2|Donphan, F|
|poke|p2|Ursaluna, M|
|teampreview
|inactive|Battle timer is ON: inactive players will automatically lose when time's up. (requested by primar)
|
|t:|1776261466
|teamsize|p1|6
|teamsize|p2|6
|start
|switch|p1a: Ting-Lu|Ting-Lu|100/100
|switch|p2a: Kommo-o|Kommo-o, F|100/100
|-ability|p1a: Ting-Lu|Vessel of Ruin
|turn|1
|
|t:|1776261473
|switch|p1a: Slowking|Slowking-Galar, F|100/100
|move|p2a: Kommo-o|Clangorous Soul|p2a: Kommo-o
|-boost|p2a: Kommo-o|atk|1
|-boost|p2a: Kommo-o|def|1
|-boost|p2a: Kommo-o|spa|1
|-boost|p2a: Kommo-o|spd|1
|-boost|p2a: Kommo-o|spe|1
|-damage|p2a: Kommo-o|68/100
|
|-heal|p2a: Kommo-o|74/100|[from] item: Leftovers
|upkeep
|turn|2
|
|t:|1776261476
|move|p2a: Kommo-o|Clanging Scales|p1a: Slowking
|-damage|p1a: Slowking|33/100
|-unboost|p2a: Kommo-o|def|1
|move|p1a: Slowking|Future Sight|p2a: Kommo-o
|-start|p1a: Slowking|move: Future Sight
|
|-heal|p2a: Kommo-o|80/100|[from] item: Leftovers
|upkeep
|turn|3
|
|t:|1776261481
|switch|p1a: Corviknight|Corviknight, M|100/100
|-ability|p1a: Corviknight|Pressure
|move|p2a: Kommo-o|Clanging Scales|p1a: Corviknight
|-resisted|p1a: Corviknight
|-damage|p1a: Corviknight|64/100
|-unboost|p2a: Kommo-o|def|1
|
|-heal|p2a: Kommo-o|86/100|[from] item: Leftovers
|upkeep
|turn|4
|
|t:|1776261484
|move|p2a: Kommo-o|Aura Sphere|p1a: Corviknight
|-damage|p1a: Corviknight|4/100
|move|p1a: Corviknight|Roost|p1a: Corviknight
|-heal|p1a: Corviknight|54/100
|-singleturn|p1a: Corviknight|move: Roost
|
|-end|p2a: Kommo-o|move: Future Sight
|-supereffective|p2a: Kommo-o
|-damage|p2a: Kommo-o|27/100
|-heal|p2a: Kommo-o|33/100|[from] item: Leftovers
|upkeep
|turn|5
|
|t:|1776261488
|move|p2a: Kommo-o|Aura Sphere|p1a: Corviknight
|-damage|p1a: Corviknight|0 fnt
|faint|p1a: Corviknight
|
|-heal|p2a: Kommo-o|39/100|[from] item: Leftovers
|upkeep
|
|t:|1776261494
|switch|p1a: Primarina|Primarina, F, shiny|100/100
|turn|6
|
|t:|1776261496
|move|p2a: Kommo-o|Boomburst|p1a: Primarina
|-damage|p1a: Primarina|55/100
|move|p1a: Primarina|Moonblast|p2a: Kommo-o
|-supereffective|p2a: Kommo-o
|-damage|p2a: Kommo-o|0 fnt
|faint|p2a: Kommo-o
|
|upkeep
|
|t:|1776261519
|switch|p2a: Donphan|Donphan, F|100/100
|turn|7
|
|t:|1776261529
|move|p1a: Primarina|Surf|p2a: Donphan
|-supereffective|p2a: Donphan
|-ability|p2a: Donphan|Sturdy
|-damage|p2a: Donphan|1/100
|move|p2a: Donphan|Earthquake|p1a: Primarina
|-damage|p1a: Primarina|0 fnt
|faint|p1a: Primarina
|
|upkeep
|
|t:|1776261540
|switch|p1a: Dragapult|Dragapult, F|100/100
|turn|8
|
|t:|1776261544
|move|p2a: Donphan|Ice Shard|p1a: Dragapult
|-supereffective|p1a: Dragapult
|-damage|p1a: Dragapult|59/100
|move|p1a: Dragapult|U-turn|p2a: Donphan
|-damage|p2a: Donphan|0 fnt
|faint|p2a: Donphan
|
|t:|1776261549
|switch|p1a: Samurott|Samurott-Hisui, F|100/100|[from] U-turn
|
|upkeep
|
|t:|1776261555
|switch|p2a: Conkeldurr|Conkeldurr, F|100/100
|turn|9
|
|t:|1776261577
|switch|p1a: Slowking|Slowking-Galar, F|66/100
|move|p2a: Conkeldurr|Close Combat|p1a: Slowking
|-resisted|p1a: Slowking
|-damage|p1a: Slowking|53/100
|-unboost|p2a: Conkeldurr|def|1
|-unboost|p2a: Conkeldurr|spd|1
|
|-status|p2a: Conkeldurr|brn|[from] item: Flame Orb
|upkeep
|turn|10
|
|t:|1776261582
|move|p2a: Conkeldurr|Knock Off|p1a: Slowking
|-supereffective|p1a: Slowking
|-damage|p1a: Slowking|0 fnt
|-enditem|p1a: Slowking|Heavy-Duty Boots|[from] move: Knock Off|[of] p2a: Conkeldurr
|faint|p1a: Slowking
|
|-damage|p2a: Conkeldurr|94/100 brn|[from] brn
|upkeep
|
|t:|1776261585
|switch|p1a: Dragapult|Dragapult, F|59/100
|turn|11
|
|t:|1776261592
|switch|p2a: Iron Moth|Iron Moth|100/100
|-enditem|p2a: Iron Moth|Booster Energy
|-activate|p2a: Iron Moth|ability: Quark Drive|[fromitem]
|-start|p2a: Iron Moth|quarkdrivespe
|move|p1a: Dragapult|Draco Meteor|p2a: Iron Moth
|-damage|p2a: Iron Moth|17/100
|-unboost|p1a: Dragapult|spa|2
|
|upkeep
|turn|12
|
|t:|1776261600
|switch|p1a: Ting-Lu|Ting-Lu|100/100
|-ability|p1a: Ting-Lu|Vessel of Ruin
|move|p2a: Iron Moth|Sludge Wave|p1a: Ting-Lu
|-resisted|p1a: Ting-Lu
|-damage|p1a: Ting-Lu|91/100
|-status|p1a: Ting-Lu|psn
|
|-heal|p1a: Ting-Lu|97/100 psn|[from] item: Leftovers
|-damage|p1a: Ting-Lu|84/100 psn|[from] psn
|upkeep
|turn|13
|
|t:|1776261603
|move|p2a: Iron Moth|Energy Ball|p1a: Ting-Lu
|-supereffective|p1a: Ting-Lu
|-crit|p1a: Ting-Lu
|-damage|p1a: Ting-Lu|44/100 psn
|-unboost|p1a: Ting-Lu|spd|1
|move|p1a: Ting-Lu|Earthquake|p2a: Iron Moth
|-supereffective|p2a: Iron Moth
|-damage|p2a: Iron Moth|0 fnt
|faint|p2a: Iron Moth
|-end|p2a: Iron Moth|Quark Drive|[silent]
|
|-heal|p1a: Ting-Lu|50/100 psn|[from] item: Leftovers
|-damage|p1a: Ting-Lu|38/100 psn|[from] psn
|upkeep
|
|t:|1776261613
|switch|p2a: Conkeldurr|Conkeldurr, F|94/100 brn
|turn|14
|
|t:|1776261618
|switch|p1a: Dragapult|Dragapult, F|59/100
|move|p2a: Conkeldurr|Mach Punch|p1a: Dragapult
|-immune|p1a: Dragapult
|
|-damage|p2a: Conkeldurr|88/100 brn|[from] brn
|upkeep
|turn|15
|
|t:|1776261623
|move|p1a: Dragapult|Draco Meteor|p2a: Conkeldurr
|-damage|p2a: Conkeldurr|0 fnt
|-unboost|p1a: Dragapult|spa|2
|faint|p2a: Conkeldurr
|
|upkeep
|
|t:|1776261627
|switch|p2a: Ursaluna|Ursaluna, M|100/100
|turn|16
|
|t:|1776261649
|switch|p1a: Ting-Lu|Ting-Lu|38/100 psn
|-ability|p1a: Ting-Lu|Vessel of Ruin
|move|p2a: Ursaluna|Protect||[still]
|-fail|p2a: Ursaluna
|
|-heal|p1a: Ting-Lu|44/100 psn|[from] item: Leftovers
|-damage|p1a: Ting-Lu|31/100 psn|[from] psn
|-status|p2a: Ursaluna|brn|[from] item: Flame Orb
|upkeep
|turn|17
|
|t:|1776261656
|move|p2a: Ursaluna|Facade|p1a: Ting-Lu
|-damage|p1a: Ting-Lu|0 fnt
|faint|p1a: Ting-Lu
|
|-damage|p2a: Ursaluna|94/100 brn|[from] brn
|upkeep
|
|t:|1776261665
|switch|p1a: Samurott|Samurott-Hisui, F|100/100
|turn|18
|
|t:|1776261670
|-terastallize|p2a: Ursaluna|Normal
|move|p1a: Samurott|Sacred Sword|p2a: Ursaluna
|-supereffective|p2a: Ursaluna
|-damage|p2a: Ursaluna|33/100 brn
|move|p2a: Ursaluna|Facade|p1a: Samurott
|-damage|p1a: Samurott|0 fnt
|faint|p1a: Samurott
|
|-damage|p2a: Ursaluna|27/100 brn|[from] brn
|upkeep
|
|t:|1776261687
|switch|p1a: Dragapult|Dragapult, F|59/100
|turn|19
|
|t:|1776261696
|move|p1a: Dragapult|Draco Meteor|p2a: Ursaluna
|-damage|p2a: Ursaluna|0 fnt
|-unboost|p1a: Dragapult|spa|2
|faint|p2a: Ursaluna
|
|upkeep
|
|t:|1776261700
|switch|p2a: Glimmora|Glimmora, F|100/100
|turn|20
|
|t:|1776261710
|move|p1a: Dragapult|Draco Meteor|p2a: Glimmora
|-damage|p2a: Glimmora|42/100
|-unboost|p1a: Dragapult|spa|2
|move|p2a: Glimmora|Power Gem|p1a: Dragapult
|-damage|p1a: Dragapult|4/100
|
|upkeep
|turn|21
|
|t:|1776261713
|move|p1a: Dragapult|Draco Meteor|p2a: Glimmora
|-crit|p2a: Glimmora
|-damage|p2a: Glimmora|0 fnt
|-unboost|p1a: Dragapult|spa|2
|faint|p2a: Glimmora
|
|win|primar
|raw|primar's rating: 1244 &rarr; <strong>1272</strong><br />(+28 for winning)
|raw|TheRegisAreCool's rating: 1285 &rarr; <strong>1257</strong><br />(-28 for losing)
|l|☆primar
|player|p1|
