|html|<div class="broadcast-blue"><strong>[Gen 9] OU is currently suspecting Tera Blast! For information on how to participate check out the <a href="https://www.smogon.com/tools/suspects/view/200">suspect thread</a>.</strong></div>
|j|☆koreanbreakfast
|j|☆Kettlegrapes
|t:|1776049755
|gametype|singles
|player|p1|koreanbreakfast|wallace|1376
|player|p2|Kettlegrapes|crasherwake|1283
|gen|9
|tier|[Gen 9] OU
|rated|
|rule|HP Percentage Mod: HP is shown in percentages
|rule|Endless Battle Clause: Forcing endless battles is banned
|rule|Species Clause: Limit one of each Pokémon
|rule|OHKO Clause: OHKO moves are banned
|rule|Evasion Items Clause: Evasion items are banned
|rule|Evasion Moves Clause: Evasion moves are banned
|rule|Evasion Abilities Clause: Evasion abilities are banned
|rule|Sleep Moves Clause: Sleep-inducing moves are banned
|clearpoke
|poke|p1|Primarina, M|
|poke|p1|Great Tusk|
|poke|p1|Kingambit, M|
|poke|p1|Slowking-Galar, M|
|poke|p1|Ogerpon, F|
|poke|p1|Enamorus, F|
|poke|p2|Great Tusk|
|poke|p2|Heatran, M|
|poke|p2|Gholdengo|
|poke|p2|Ogerpon-Wellspring, F|
|poke|p2|Iron Valiant|
|poke|p2|Dragapult, M|
|teampreview
|
|t:|1776049791
|teamsize|p1|6
|teamsize|p2|6
|start
|switch|p1a: Enamorus|Enamorus, F, shiny|100/100
|switch|p2a: Dragapult|Dragapult, M|100/100
|turn|1
|
|t:|1776049798
|switch|p2a: Heatran|Heatran, M|100/100
|move|p1a: Enamorus|Earth Power|p2a: Heatran
|-supereffective|p2a: Heatran
|-damage|p2a: Heatran|0 fnt
|faint|p2a: Heatran
|
|upkeep
|inactive|Battle timer is ON: inactive players will automatically lose when time's up. (requested by Kettlegrapes)
|
|t:|1776049808
|switch|p2a: Gholdengo|Gholdengo|100/100
|-item|p2a: Gholdengo|Air Balloon
|turn|2
|
|t:|1776049815
|switch|p1a: Kingambit|Kingambit, M, shiny|100/100
|move|p2a: Gholdengo|Nasty Plot|p2a: Gholdengo
|-boost|p2a: Gholdengo|spa|2
|
|upkeep
|turn|3
|
|t:|1776049822
|move|p2a: Gholdengo|Make It Rain|p1a: Kingambit
|-resisted|p1a: Kingambit
|-damage|p1a: Kingambit|44/100
|-unboost|p2a: Gholdengo|spa|1
|move|p1a: Kingambit|Kowtow Cleave|p2a: Gholdengo
|-supereffective|p2a: Gholdengo
|-damage|p2a: Gholdengo|17/100
|-enditem|p2a: Gholdengo|Air Balloon
|
|-heal|p1a: Kingambit|50/100|[from] item: Leftovers
|upkeep
|turn|4
|
|t:|1776049826
|move|p2a: Gholdengo|Make It Rain|p1a: Kingambit
|-resisted|p1a: Kingambit
|-damage|p1a: Kingambit|9/100
|-unboost|p2a: Gholdengo|spa|1
|move|p1a: Kingambit|Kowtow Cleave|p2a: Gholdengo
|-supereffective|p2a: Gholdengo
|-damage|p2a: Gholdengo|0 fnt
|faint|p2a: Gholdengo
|
|-heal|p1a: Kingambit|16/100|[from] item: Leftovers
|upkeep
|
|t:|1776049831
|switch|p2a: Iron Valiant|Iron Valiant|100/100
|-enditem|p2a: Iron Valiant|Booster Energy
|-activate|p2a: Iron Valiant|ability: Quark Drive|[fromitem]
|-start|p2a: Iron Valiant|quarkdrivespe
|turn|5
|
|t:|1776049836
|-end|p1a: Kingambit|fallenundefined|[silent]
|switch|p1a: Slowking|Slowking-Galar, M, shiny|100/100
|move|p2a: Iron Valiant|Encore||[still]
|-fail|p2a: Iron Valiant
|
|upkeep
|turn|6
|
|t:|1776049851
|move|p2a: Iron Valiant|Calm Mind|p2a: Iron Valiant
|-boost|p2a: Iron Valiant|spa|1
|-boost|p2a: Iron Valiant|spd|1
|move|p1a: Slowking|Psychic Noise|p2a: Iron Valiant
|-supereffective|p2a: Iron Valiant
|-damage|p2a: Iron Valiant|38/100
|-start|p2a: Iron Valiant|move: Heal Block
|
|upkeep
|turn|7
|
|t:|1776049858
|move|p2a: Iron Valiant|Shadow Ball|p1a: Slowking
|-supereffective|p1a: Slowking
|-damage|p1a: Slowking|62/100
|move|p1a: Slowking|Psychic Noise|p2a: Iron Valiant
|-supereffective|p2a: Iron Valiant
|-damage|p2a: Iron Valiant|0 fnt
|faint|p2a: Iron Valiant
|-end|p2a: Iron Valiant|Quark Drive|[silent]
|
|upkeep
|
|t:|1776049862
|switch|p2a: Dragapult|Dragapult, M|100/100
|turn|8
|
|t:|1776049870
|move|p2a: Dragapult|Shadow Ball|p1a: Slowking
|-supereffective|p1a: Slowking
|-damage|p1a: Slowking|4/100
|move|p1a: Slowking|Ice Beam|p2a: Dragapult
|-supereffective|p2a: Dragapult
|-damage|p2a: Dragapult|42/100
|
|upkeep
|turn|9
|
|t:|1776049877
|switch|p1a: Kingambit|Kingambit, M, shiny|16/100
|move|p2a: Dragapult|Shadow Ball|p1a: Kingambit
|-resisted|p1a: Kingambit
|-damage|p1a: Kingambit|0 fnt
|faint|p1a: Kingambit
|-end|p1a: Kingambit|fallenundefined|[silent]
|
|upkeep
|
|t:|1776049884
|switch|p1a: Enamorus|Enamorus, F, shiny|100/100
|turn|10
|
|t:|1776049891
|move|p1a: Enamorus|Moonblast|p2a: Dragapult
|-supereffective|p2a: Dragapult
|-damage|p2a: Dragapult|0 fnt
|faint|p2a: Dragapult
|
|upkeep
|
|t:|1776049893
|switch|p2a: Ogerpon|Ogerpon-Wellspring, F|100/100
|turn|11
|
|t:|1776049901
|-terastallize|p2a: Ogerpon|Water
|detailschange|p2a: Ogerpon|Ogerpon-Wellspring-Tera, F, tera:Water
|-ability|p2a: Ogerpon|Embody Aspect (Wellspring)|boost
|-boost|p2a: Ogerpon|spd|1
|move|p1a: Enamorus|Moonblast|p2a: Ogerpon
|-damage|p2a: Ogerpon|58/100
|move|p2a: Ogerpon|Ivy Cudgel|p1a: Enamorus|[anim] Ivy Cudgel Water
|-damage|p1a: Enamorus|0 fnt
|faint|p1a: Enamorus
|
|upkeep
|
|t:|1776049904
|switch|p1a: Ogerpon|Ogerpon, F|100/100
|turn|12
|
|t:|1776049911
|-terastallize|p1a: Ogerpon|Grass
|detailschange|p1a: Ogerpon|Ogerpon-Teal-Tera, F, tera:Grass
|-ability|p1a: Ogerpon|Embody Aspect (Teal)|boost
|-boost|p1a: Ogerpon|spe|1
|move|p1a: Ogerpon|Ivy Cudgel|p2a: Ogerpon
|-supereffective|p2a: Ogerpon
|-damage|p2a: Ogerpon|0 fnt
|faint|p2a: Ogerpon
|detailschange|p2: Ogerpon|Ogerpon-Wellspring, F|[silent]
|
|upkeep
|-message|Kettlegrapes forfeited.
|
|win|koreanbreakfast
|raw|koreanbreakfast's rating: 1376 &rarr; <strong>1391</strong><br />(+15 for winning)
|raw|Kettlegrapes's rating: 1283 &rarr; <strong>1265</strong><br />(-18 for losing)
|l|☆Kettlegrapes
|player|p2|
