|html|<div class="broadcast-blue"><strong>[Gen 9] OU is currently suspecting Tera Blast! For information on how to participate check out the <a href="https://www.smogon.com/tools/suspects/view/200">suspect thread</a>.</strong></div>
|j|☆Whole Lotta Doom
|j|☆codednt
|t:|1776204872
|gametype|singles
|player|p1|Whole Lotta Doom|colress|1099
|player|p2|codednt|steven|1083
|gen|9
|tier|[Gen 9] OU
|rated|
|rule|HP Percentage Mod: HP is shown in percentages
|rule|Endless Battle Clause: Forcing endless battles is banned
|rule|Species Clause: Limit one of each Pokémon
|rule|OHKO Clause: OHKO moves are banned
|rule|Evasion Items Clause: Evasion items are banned
|rule|Evasion Moves Clause: Evasion moves are banned
|rule|Evasion Abilities Clause: Evasion abilities are banned
|rule|Sleep Moves Clause: Sleep-inducing moves are banned
|clearpoke
|poke|p1|Pelipper, F|
|poke|p1|Barraskewda, F|
|poke|p1|Tyranitar, F|
|poke|p1|Excadrill, F|
|poke|p1|Torkoal, F|
|poke|p1|Lilligant-Hisui, F|
|poke|p2|Gengar, F|
|poke|p2|Swampert, F|
|poke|p2|Ceruledge, M|
|poke|p2|Gallade, M|
|poke|p2|Salamence, M|
|poke|p2|Rotom-Frost|
|teampreview
|inactive|Battle timer is ON: inactive players will automatically lose when time's up. (requested by Whole Lotta Doom)
|
|t:|1776204879
|teamsize|p1|6
|teamsize|p2|6
|start
|switch|p1a: Under The Sea|Pelipper, F, shiny|100/100
|switch|p2a: Salamence|Salamence, M, shiny|100/100
|-weather|RainDance|[from] ability: Drizzle|[of] p1a: Under The Sea
|turn|1
|
|t:|1776204886
|move|p2a: Salamence|Stone Edge|p1a: Under The Sea
|-supereffective|p1a: Under The Sea
|-damage|p1a: Under The Sea|0 fnt
|faint|p1a: Under The Sea
|-ability|p2a: Salamence|Moxie|boost
|-boost|p2a: Salamence|atk|1
|
|-weather|RainDance|[upkeep]
|upkeep
|
|t:|1776204900
|switch|p1a: Ash|Torkoal, F, shiny|100/100
|-weather|SunnyDay|[from] ability: Drought|[of] p1a: Ash
|turn|2
|
|t:|1776204905
|move|p2a: Salamence|Stone Edge|p1a: Ash
|-supereffective|p1a: Ash
|-damage|p1a: Ash|0 fnt
|faint|p1a: Ash
|-ability|p2a: Salamence|Moxie|boost
|-boost|p2a: Salamence|atk|1
|
|-weather|SunnyDay|[upkeep]
|upkeep
|
|t:|1776204908
|switch|p1a: Bluntly|Lilligant-Hisui, F, shiny|100/100
|turn|3
|
|t:|1776204915
|move|p1a: Bluntly|Ice Spinner|p2a: Salamence
|-supereffective|p2a: Salamence
|-damage|p2a: Salamence|0 fnt
|faint|p2a: Salamence
|
|-weather|SunnyDay|[upkeep]
|upkeep
|
|t:|1776204921
|switch|p2a: Ceruledge|Ceruledge, M|100/100
|turn|4
|c|☆Whole Lotta Doom|Fucking Salamanca just wrecked my entire team lmfao
|
|t:|1776204936
|switch|p1a: Osama Bin Ladin|Tyranitar, F, shiny|100/100
|-weather|Sandstorm|[from] ability: Sand Stream|[of] p1a: Osama Bin Ladin
|move|p2a: Ceruledge|Bitter Blade|p1a: Osama Bin Ladin
|-resisted|p1a: Osama Bin Ladin
|-damage|p1a: Osama Bin Ladin|72/100
|
|-weather|Sandstorm|[upkeep]
|-damage|p2a: Ceruledge|95/100|[from] Sandstorm
|-heal|p1a: Osama Bin Ladin|78/100|[from] item: Leftovers
|upkeep
|turn|5
|
|t:|1776204947
|switch|p2a: Ajolote|Swampert, F, shiny|100/100
|-terastallize|p1a: Osama Bin Ladin|Flying
|move|p1a: Osama Bin Ladin|Knock Off|p2a: Ajolote
|-damage|p2a: Ajolote|57/100
|-enditem|p2a: Ajolote|Expert Belt|[from] move: Knock Off|[of] p1a: Osama Bin Ladin
|
|-weather|Sandstorm|[upkeep]
|-damage|p1a: Osama Bin Ladin|72/100|[from] Sandstorm
|-heal|p1a: Osama Bin Ladin|78/100|[from] item: Leftovers
|upkeep
|turn|6
|
|t:|1776204951
|move|p2a: Ajolote|Ice Punch|p1a: Osama Bin Ladin
|-supereffective|p1a: Osama Bin Ladin
|-damage|p1a: Osama Bin Ladin|36/100
|move|p1a: Osama Bin Ladin|Stealth Rock|p2a: Ajolote
|-sidestart|p2: codednt|move: Stealth Rock
|
|-weather|Sandstorm|[upkeep]
|-damage|p1a: Osama Bin Ladin|30/100|[from] Sandstorm
|-heal|p1a: Osama Bin Ladin|36/100|[from] item: Leftovers
|upkeep
|turn|7
|
|t:|1776204963
|switch|p1a: Barbecue|Barraskewda, F, shiny|100/100
|move|p2a: Ajolote|Ice Punch|p1a: Barbecue
|-resisted|p1a: Barbecue
|-damage|p1a: Barbecue|76/100
|
|-weather|Sandstorm|[upkeep]
|-damage|p1a: Barbecue|70/100|[from] Sandstorm
|upkeep
|turn|8
|
|t:|1776204976
|switch|p2a: Rotom|Rotom-Frost|100/100
|-damage|p2a: Rotom|76/100|[from] Stealth Rock
|move|p1a: Barbecue|Liquidation|p2a: Rotom
|-damage|p2a: Rotom|0 fnt
|faint|p2a: Rotom
|
|-weather|none
|upkeep
|
|t:|1776204978
|switch|p2a: Gallade|Gallade, M|100/100
|-damage|p2a: Gallade|94/100|[from] Stealth Rock
|turn|9
|
|t:|1776204985
|move|p1a: Barbecue|Liquidation|p2a: Gallade
|-damage|p2a: Gallade|0 fnt
|faint|p2a: Gallade
|
|upkeep
|
|t:|1776204989
|switch|p2a: Ajolote|Swampert, F, shiny|57/100
|-damage|p2a: Ajolote|51/100|[from] Stealth Rock
|turn|10
|
|t:|1776204997
|move|p1a: Barbecue|Liquidation|p2a: Ajolote
|-damage|p2a: Ajolote|0 fnt
|faint|p2a: Ajolote
|
|upkeep
|
|t:|1776205000
|switch|p2a: Gengar|Gengar, F|100/100
|-damage|p2a: Gengar|88/100|[from] Stealth Rock
|turn|11
|
|t:|1776205004
|move|p1a: Barbecue|Liquidation|p2a: Gengar
|-damage|p2a: Gengar|0 fnt
|faint|p2a: Gengar
|
|upkeep
|
|t:|1776205005
|switch|p2a: Ceruledge|Ceruledge, M|95/100
|-damage|p2a: Ceruledge|70/100|[from] Stealth Rock
|turn|12
|
|t:|1776205007
|move|p1a: Barbecue|Liquidation|p2a: Ceruledge
|-supereffective|p2a: Ceruledge
|-crit|p2a: Ceruledge
|-damage|p2a: Ceruledge|0 fnt
|faint|p2a: Ceruledge
|
|win|Whole Lotta Doom
