|html|<div class="broadcast-blue"><strong>[Gen 9] OU is currently suspecting Tera Blast! For information on how to participate check out the <a href="https://www.smogon.com/tools/suspects/view/200">suspect thread</a>.</strong></div>
|j|☆Paul Harris
|j|☆koreanbreakfast
|t:|1776053075
|gametype|singles
|player|p1|Paul Harris|266|1309
|player|p2|koreanbreakfast|wallace|1354
|gen|9
|tier|[Gen 9] OU
|rated|
|rule|HP Percentage Mod: HP is shown in percentages
|rule|Endless Battle Clause: Forcing endless battles is banned
|rule|Species Clause: Limit one of each Pokémon
|rule|OHKO Clause: OHKO moves are banned
|rule|Evasion Items Clause: Evasion items are banned
|rule|Evasion Moves Clause: Evasion moves are banned
|rule|Evasion Abilities Clause: Evasion abilities are banned
|rule|Sleep Moves Clause: Sleep-inducing moves are banned
|clearpoke
|poke|p1|Glimmora, F|
|poke|p1|Landorus-Therian, M|
|poke|p1|Slowking-Galar, M|
|poke|p1|Slowbro, F|
|poke|p1|Dragapult, F|
|poke|p1|Ting-Lu|
|poke|p2|Primarina, M|
|poke|p2|Great Tusk|
|poke|p2|Kingambit, M|
|poke|p2|Slowking-Galar, M|
|poke|p2|Ogerpon, F|
|poke|p2|Enamorus, F|
|teampreview
|
|t:|1776053086
|teamsize|p1|6
|teamsize|p2|6
|start
|switch|p1a: Slowbro|Slowbro, F|100/100
|switch|p2a: Ogerpon|Ogerpon, F|100/100
|turn|1
|
|t:|1776053095
|switch|p1a: Landorus|Landorus-Therian, M|100/100
|-ability|p1a: Landorus|Intimidate|boost
|-unboost|p2a: Ogerpon|atk|1
|-ability|p2a: Ogerpon|Defiant|boost
|-boost|p2a: Ogerpon|atk|2
|move|p2a: Ogerpon|U-turn|p1a: Landorus
|-resisted|p1a: Landorus
|-damage|p1a: Landorus|70/100
|
|t:|1776053112
|switch|p2a: Enamorus|Enamorus, F, shiny|100/100|[from] U-turn
|
|upkeep
|turn|2
|
|t:|1776053117
|move|p2a: Enamorus|Moonblast|p1a: Landorus
|-damage|p1a: Landorus|0 fnt
|faint|p1a: Landorus
|
|upkeep
|
|t:|1776053132
|switch|p1a: Slowking|Slowking-Galar, M|100/100
|turn|3
|
|t:|1776053149
|switch|p2a: Kingambit|Kingambit, M, shiny|100/100
|move|p1a: Slowking|Nasty Plot|p1a: Slowking
|-boost|p1a: Slowking|spa|2
|
|upkeep
|turn|4
|
|t:|1776053156
|-terastallize|p1a: Slowking|Poison
|move|p2a: Kingambit|Kowtow Cleave|p1a: Slowking
|-damage|p1a: Slowking|47/100
|move|p1a: Slowking|Flamethrower|p2a: Kingambit
|-supereffective|p2a: Kingambit
|-damage|p2a: Kingambit|0 fnt
|faint|p2a: Kingambit
|-end|p2a: Kingambit|fallenundefined|[silent]
|
|-heal|p1a: Slowking|53/100|[from] item: Black Sludge
|upkeep
|
|t:|1776053164
|switch|p2a: Great Tusk|Great Tusk, shiny|100/100
|turn|5
|
|t:|1776053171
|switch|p1a: Slowbro|Slowbro, F|100/100
|move|p2a: Great Tusk|Headlong Rush|p1a: Slowbro
|-damage|p1a: Slowbro|67/100
|-unboost|p2a: Great Tusk|def|1
|-unboost|p2a: Great Tusk|spd|1
|
|-heal|p1a: Slowbro|73/100|[from] item: Leftovers
|upkeep
|turn|6
|
|t:|1776053179
|-end|p2a: Great Tusk|Protosynthesis|[silent]
|switch|p2a: Primarina|Primarina, M, shiny|100/100
|move|p1a: Slowbro|Future Sight|p2a: Primarina
|-start|p1a: Slowbro|move: Future Sight
|
|-heal|p1a: Slowbro|79/100|[from] item: Leftovers
|upkeep
|turn|7
|
|t:|1776053186
|switch|p1a: Slowking|Slowking-Galar, M, tera:Poison|87/100
|move|p2a: Primarina|Whirlpool|p1a: Slowking
|-damage|p1a: Slowking|71/100
|-activate|p1a: Slowking|move: Whirlpool|[of] p2a: Primarina
|
|-heal|p1a: Slowking|77/100|[from] item: Black Sludge
|-damage|p1a: Slowking|64/100|[from] move: Whirlpool|[partiallytrapped]
|upkeep
|turn|8
|
|t:|1776053194
|move|p2a: Primarina|Substitute|p2a: Primarina
|-start|p2a: Primarina|Substitute
|-damage|p2a: Primarina|76/100
|move|p1a: Slowking|Trick||[still]
|-fail|p1a: Slowking
|
|-end|p2a: Primarina|move: Future Sight
|-end|p2a: Primarina|Substitute
|-heal|p2a: Primarina|82/100|[from] item: Leftovers
|-heal|p1a: Slowking|70/100|[from] item: Black Sludge
|-damage|p1a: Slowking|58/100|[from] move: Whirlpool|[partiallytrapped]
|upkeep
|turn|9
|
|t:|1776053207
|move|p2a: Primarina|Substitute|p2a: Primarina
|-start|p2a: Primarina|Substitute
|-damage|p2a: Primarina|57/100
|move|p1a: Slowking|Future Sight|p2a: Primarina
|-start|p1a: Slowking|move: Future Sight
|
|-heal|p2a: Primarina|63/100|[from] item: Leftovers
|-heal|p1a: Slowking|64/100|[from] item: Black Sludge
|-damage|p1a: Slowking|52/100|[from] move: Whirlpool|[partiallytrapped]
|upkeep
|turn|10
|
|t:|1776053215
|move|p2a: Primarina|Psychic Noise|p1a: Slowking
|-damage|p1a: Slowking|16/100
|-start|p1a: Slowking|move: Heal Block
|move|p1a: Slowking|Nasty Plot|p1a: Slowking
|-boost|p1a: Slowking|spa|2
|
|-heal|p2a: Primarina|69/100|[from] item: Leftovers
|-damage|p1a: Slowking|4/100|[from] move: Whirlpool|[partiallytrapped]
|upkeep
|turn|11
|
|t:|1776053225
|move|p2a: Primarina|Moonblast|p1a: Slowking
|-resisted|p1a: Slowking
|-damage|p1a: Slowking|0 fnt
|faint|p1a: Slowking
|
|-end|p2a: Primarina|move: Future Sight
|-end|p2a: Primarina|Substitute
|-heal|p2a: Primarina|75/100|[from] item: Leftovers
|upkeep
|
|t:|1776053235
|switch|p1a: Glimmora|Glimmora, F|100/100
|-item|p1a: Glimmora|Air Balloon
|turn|12
|
|t:|1776053239
|move|p1a: Glimmora|Mortal Spin|p2a: Primarina
|-supereffective|p2a: Primarina
|-damage|p2a: Primarina|54/100
|-status|p2a: Primarina|psn
|move|p2a: Primarina|Psychic Noise|p1a: Glimmora
|-supereffective|p1a: Glimmora
|-damage|p1a: Glimmora|0 fnt
|-enditem|p1a: Glimmora|Air Balloon
|faint|p1a: Glimmora
|
|-heal|p2a: Primarina|60/100 psn|[from] item: Leftovers
|-damage|p2a: Primarina|48/100 psn|[from] psn
|upkeep
|
|t:|1776053255
|switch|p1a: Dragapult|Dragapult, F|100/100
|turn|13
|
|t:|1776053260
|move|p1a: Dragapult|Thunderbolt|p2a: Primarina
|-supereffective|p2a: Primarina
|-damage|p2a: Primarina|0 fnt
|faint|p2a: Primarina
|-damage|p1a: Dragapult|91/100|[from] item: Life Orb
|
|upkeep
|
|t:|1776053267
|switch|p2a: Enamorus|Enamorus, F, shiny|100/100
|turn|14
|
|t:|1776053276
|move|p2a: Enamorus|Moonblast|p1a: Dragapult
|-supereffective|p1a: Dragapult
|-damage|p1a: Dragapult|0 fnt
|faint|p1a: Dragapult
|
|upkeep
|
|t:|1776053281
|switch|p1a: Slowbro|Slowbro, F|100/100
|turn|15
|
|t:|1776053286
|move|p2a: Enamorus|Moonblast|p1a: Slowbro
|-damage|p1a: Slowbro|42/100
|move|p1a: Slowbro|Future Sight|p2a: Enamorus
|-start|p1a: Slowbro|move: Future Sight
|
|-heal|p1a: Slowbro|48/100|[from] item: Leftovers
|upkeep
|turn|16
|
|t:|1776053291
|move|p1a: Slowbro|Protect|p1a: Slowbro
|-singleturn|p1a: Slowbro|Protect
|move|p2a: Enamorus|Moonblast|p1a: Slowbro
|-activate|p1a: Slowbro|move: Protect
|
|-heal|p1a: Slowbro|54/100|[from] item: Leftovers
|upkeep
|turn|17
|
|t:|1776053298
|move|p2a: Enamorus|Moonblast|p1a: Slowbro
|-damage|p1a: Slowbro|0 fnt
|faint|p1a: Slowbro
|
|-end|p2a: Enamorus|move: Future Sight
|-damage|p2a: Enamorus|45/100
|upkeep
|
|t:|1776053304
|switch|p1a: Ting-Lu|Ting-Lu|100/100
|-ability|p1a: Ting-Lu|Vessel of Ruin
|turn|18
|
|t:|1776053308
|move|p2a: Enamorus|Moonblast|p1a: Ting-Lu
|-supereffective|p1a: Ting-Lu
|-damage|p1a: Ting-Lu|35/100
|-unboost|p1a: Ting-Lu|spa|1
|move|p1a: Ting-Lu|Heavy Slam|p2a: Enamorus
|-supereffective|p2a: Enamorus
|-damage|p2a: Enamorus|0 fnt
|faint|p2a: Enamorus
|
|-heal|p1a: Ting-Lu|41/100|[from] item: Leftovers
|upkeep
|
|t:|1776053312
|switch|p2a: Ogerpon|Ogerpon, F|100/100
|turn|19
|-message|Paul Harris forfeited.
|
|win|koreanbreakfast
|raw|Paul Harris's rating: 1309 &rarr; <strong>1292</strong><br />(-17 for losing)
|raw|koreanbreakfast's rating: 1354 &rarr; <strong>1371</strong><br />(+17 for winning)
|l|☆Paul Harris
|player|p1|
