|html|<div class="broadcast-blue"><strong>[Gen 9] OU is currently suspecting Tera Blast! For information on how to participate check out the <a href="https://www.smogon.com/tools/suspects/view/200">suspect thread</a>.</strong></div>
|j|☆bigbenjen
|j|☆diggory delvet
|t:|1776113759
|gametype|singles
|player|p1|bigbenjen|brycenman|1581
|player|p2|diggory delvet|1|1533
|gen|9
|tier|[Gen 9] OU
|rated|
|rule|HP Percentage Mod: HP is shown in percentages
|rule|Endless Battle Clause: Forcing endless battles is banned
|rule|Species Clause: Limit one of each Pokémon
|rule|OHKO Clause: OHKO moves are banned
|rule|Evasion Items Clause: Evasion items are banned
|rule|Evasion Moves Clause: Evasion moves are banned
|rule|Evasion Abilities Clause: Evasion abilities are banned
|rule|Sleep Moves Clause: Sleep-inducing moves are banned
|clearpoke
|poke|p1|Gallade, M|
|poke|p1|Thundurus-Therian, M|
|poke|p1|Weezing-Galar, M|
|poke|p1|Heatran, F|
|poke|p1|Kyurem|
|poke|p1|Cyclizar, M|
|poke|p2|Armarouge, F|
|poke|p2|Dragonite, F|
|poke|p2|Cinderace, F|
|poke|p2|Ceruledge, F|
|poke|p2|Kyurem|
|poke|p2|Gholdengo|
|teampreview
|inactive|Battle timer is ON: inactive players will automatically lose when time's up. (requested by bigbenjen)
|
|t:|1776113775
|teamsize|p1|6
|teamsize|p2|6
|start
|switch|p1a: Gallade|Gallade, M|100/100
|switch|p2a: Armarouge|Armarouge, F|100/100
|turn|1
|
|t:|1776113785
|move|p1a: Gallade|Night Slash|p2a: Armarouge
|-supereffective|p2a: Armarouge
|-damage|p2a: Armarouge|0 fnt
|faint|p2a: Armarouge
|
|upkeep
|
|t:|1776113800
|switch|p2a: Dragonite|Dragonite, F|100/100
|turn|2
|
|t:|1776113804
|switch|p1a: Kyurem|Kyurem|100/100
|-ability|p1a: Kyurem|Pressure
|move|p2a: Dragonite|Dragon Dance|p2a: Dragonite
|-boost|p2a: Dragonite|atk|1
|-boost|p2a: Dragonite|spe|1
|
|upkeep
|turn|3
|
|t:|1776113808
|move|p1a: Kyurem|Blizzard|p2a: Dragonite
|-supereffective|p2a: Dragonite
|-damage|p2a: Dragonite|0 fnt
|faint|p2a: Dragonite
|
|upkeep
|
|t:|1776113816
|switch|p2a: Kyurem|Kyurem|100/100
|-ability|p2a: Kyurem|Pressure
|turn|4
|
|t:|1776113825
|switch|p1a: Heatran|Heatran, F|100/100
|move|p2a: Kyurem|Scale Shot|p1a: Heatran
|-resisted|p1a: Heatran
|-crit|p1a: Heatran
|-damage|p1a: Heatran|92/100
|-resisted|p1a: Heatran
|-damage|p1a: Heatran|85/100
|-resisted|p1a: Heatran
|-damage|p1a: Heatran|80/100
|-resisted|p1a: Heatran
|-damage|p1a: Heatran|74/100
|-resisted|p1a: Heatran
|-damage|p1a: Heatran|67/100
|-hitcount|p1a: Heatran|5
|-unboost|p2a: Kyurem|def|1
|-boost|p2a: Kyurem|spe|1
|
|-heal|p1a: Heatran|73/100|[from] item: Leftovers
|upkeep
|turn|5
|
|t:|1776113829
|switch|p2a: Ceruledge|Ceruledge, F|100/100
|switch|p1a: Weezing|Weezing-Galar, M|100/100
|
|upkeep
|turn|6
|
|t:|1776113837
|switch|p1a: Kyurem|Kyurem|100/100
|-ability|p1a: Kyurem|Pressure
|move|p2a: Ceruledge|Swords Dance|p2a: Ceruledge
|-boost|p2a: Ceruledge|atk|2
|
|upkeep
|turn|7
|
|t:|1776113844
|move|p1a: Kyurem|Draco Meteor|p2a: Ceruledge
|-damage|p2a: Ceruledge|25/100
|-unboost|p1a: Kyurem|spa|2
|move|p2a: Ceruledge|Bitter Blade|p1a: Kyurem
|-damage|p1a: Kyurem|8/100
|-heal|p2a: Ceruledge|87/100|[from] drain|[of] p1a: Kyurem
|
|upkeep
|turn|8
|
|t:|1776113852
|move|p1a: Kyurem|Draco Meteor|p2a: Ceruledge
|-damage|p2a: Ceruledge|49/100
|-unboost|p1a: Kyurem|spa|2
|move|p2a: Ceruledge|Bitter Blade|p1a: Kyurem
|-damage|p1a: Kyurem|0 fnt
|-heal|p2a: Ceruledge|54/100|[from] drain|[of] p1a: Kyurem
|faint|p1a: Kyurem
|
|upkeep
|
|t:|1776113858
|switch|p1a: Gallade|Gallade, M|100/100
|turn|9
|
|t:|1776113863
|-terastallize|p2a: Ceruledge|Fighting
|move|p2a: Ceruledge|Bitter Blade|p1a: Gallade
|-damage|p1a: Gallade|0 fnt
|-heal|p2a: Ceruledge|100/100|[from] drain|[of] p1a: Gallade
|faint|p1a: Gallade
|
|upkeep
|
|t:|1776113868
|switch|p1a: Weezing|Weezing-Galar, M|100/100
|turn|10
|
|t:|1776113873
|move|p2a: Ceruledge|Poltergeist|p1a: Weezing
|-activate|p1a: Weezing|move: Poltergeist|Rocky Helmet
|-damage|p1a: Weezing|9/100
|move|p1a: Weezing|Will-O-Wisp|p2a: Ceruledge
|-status|p2a: Ceruledge|brn
|
|-damage|p2a: Ceruledge|94/100 brn|[from] brn
|upkeep
|turn|11
|
|t:|1776113878
|move|p2a: Ceruledge|Bitter Blade|p1a: Weezing
|-damage|p1a: Weezing|0 fnt
|-heal|p2a: Ceruledge|99/100 brn|[from] drain|[of] p1a: Weezing
|-damage|p2a: Ceruledge|83/100 brn|[from] item: Rocky Helmet|[of] p1a: Weezing
|faint|p1a: Weezing
|
|-damage|p2a: Ceruledge|77/100 brn|[from] brn
|upkeep
|
|t:|1776113894
|switch|p1a: Heatran|Heatran, F|73/100
|turn|12
|
|t:|1776113899
|move|p2a: Ceruledge|Close Combat|p1a: Heatran
|-supereffective|p1a: Heatran
|-damage|p1a: Heatran|0 fnt
|-unboost|p2a: Ceruledge|def|1
|-unboost|p2a: Ceruledge|spd|1
|faint|p1a: Heatran
|
|-damage|p2a: Ceruledge|71/100 brn|[from] brn
|upkeep
|
|t:|1776113903
|switch|p1a: Thundurus|Thundurus-Therian, M|100/100
|turn|13
|
|t:|1776113907
|move|p1a: Thundurus|Nasty Plot|p1a: Thundurus
|-boost|p1a: Thundurus|spa|2
|move|p2a: Ceruledge|Bitter Blade|p1a: Thundurus
|-damage|p1a: Thundurus|29/100
|-heal|p2a: Ceruledge|100/100 brn|[from] drain|[of] p1a: Thundurus
|
|-damage|p2a: Ceruledge|94/100 brn|[from] brn
|upkeep
|turn|14
|
|t:|1776113912
|-terastallize|p1a: Thundurus|Ice
|move|p1a: Thundurus|Tera Blast|p2a: Ceruledge|[anim] Tera Blast Ice
|-damage|p2a: Ceruledge|0 fnt
|faint|p2a: Ceruledge
|
|upkeep
|
|t:|1776113917
|switch|p2a: Cinderace|Cinderace, F|100/100
|turn|15
|
|t:|1776113919
|switch|p1a: Cyclizar|Cyclizar, M|100/100
|move|p2a: Cinderace|Pyro Ball|p1a: Cyclizar
|-resisted|p1a: Cyclizar
|-damage|p1a: Cyclizar|60/100
|
|upkeep
|turn|16
|
|t:|1776113923
|move|p1a: Cyclizar|Knock Off|p2a: Cinderace
|-damage|p2a: Cinderace|68/100
|-enditem|p2a: Cinderace|Heavy-Duty Boots|[from] move: Knock Off|[of] p1a: Cyclizar
|move|p2a: Cinderace|U-turn|p1a: Cyclizar
|-start|p2a: Cinderace|typechange|Bug|[from] ability: Libero
|-damage|p1a: Cyclizar|10/100
|
|t:|1776113928
|switch|p2a: Gholdengo|Gholdengo|100/100|[from] U-turn
|-item|p2a: Gholdengo|Air Balloon
|
|upkeep
|turn|17
|
|t:|1776113933
|move|p1a: Cyclizar|Knock Off|p2a: Gholdengo
|-supereffective|p2a: Gholdengo
|-damage|p2a: Gholdengo|44/100
|-enditem|p2a: Gholdengo|Air Balloon
|move|p2a: Gholdengo|Make It Rain|p1a: Cyclizar
|-damage|p1a: Cyclizar|0 fnt
|-unboost|p2a: Gholdengo|spa|1
|faint|p1a: Cyclizar
|
|upkeep
|
|t:|1776113935
|switch|p1a: Thundurus|Thundurus-Therian, M, tera:Ice|29/100
|turn|18
|
|t:|1776113938
|move|p1a: Thundurus|Volt Switch|p2a: Gholdengo
|-damage|p2a: Gholdengo|0 fnt
|faint|p2a: Gholdengo
|
|upkeep
|
|t:|1776113940
|switch|p2a: Kyurem|Kyurem|100/100
|-ability|p2a: Kyurem|Pressure
|turn|19
|
|t:|1776113943
|move|p1a: Thundurus|Tera Blast|p2a: Kyurem|[anim] Tera Blast Ice
|-damage|p2a: Kyurem|60/100
|move|p2a: Kyurem|Dragon Claw|p1a: Thundurus
|-damage|p1a: Thundurus|0 fnt
|faint|p1a: Thundurus
|
|win|diggory delvet
|raw|bigbenjen's rating: 1581 &rarr; <strong>1557</strong><br />(-24 for losing)
|raw|diggory delvet's rating: 1513 &rarr; <strong>1537</strong><br />(+24 for winning)
|l|☆bigbenjen
|player|p1|
|l|☆diggory delvet
|player|p2|
