|html|<div class="broadcast-blue"><strong>[Gen 9] OU is currently suspecting Tera Blast! For information on how to participate check out the <a href="https://www.smogon.com/tools/suspects/view/200">suspect thread</a>.</strong></div>
|j|☆Lawthier
|j|☆Soara-Kun
|t:|1776312437
|gametype|singles
|player|p1|Lawthier|2|1059
|player|p2|Soara-Kun|barry|1068
|gen|9
|tier|[Gen 9] OU
|rated|
|rule|HP Percentage Mod: HP is shown in percentages
|rule|Endless Battle Clause: Forcing endless battles is banned
|rule|Species Clause: Limit one of each Pokémon
|rule|OHKO Clause: OHKO moves are banned
|rule|Evasion Items Clause: Evasion items are banned
|rule|Evasion Moves Clause: Evasion moves are banned
|rule|Evasion Abilities Clause: Evasion abilities are banned
|rule|Sleep Moves Clause: Sleep-inducing moves are banned
|clearpoke
|poke|p1|Kricketot, F|
|poke|p1|Spoink, M|
|poke|p1|Dedenne, F|
|poke|p1|Ditto|
|poke|p1|Magneton|
|poke|p1|Politoed, M|
|poke|p2|Scizor, M|
|poke|p2|Hatterene, F|
|poke|p2|Garchomp, M|
|poke|p2|Porygon-Z|
|poke|p2|Feraligatr, F|
|poke|p2|Oricorio, F|
|teampreview
|
|t:|1776312449
|teamsize|p1|6
|teamsize|p2|6
|start
|switch|p1a: Magneton|Magneton|100/100
|switch|p2a: Garchomp|Garchomp, M|100/100
|turn|1
|
|t:|1776312455
|move|p1a: Magneton|Protect|p1a: Magneton
|-singleturn|p1a: Magneton|Protect
|move|p2a: Garchomp|Stealth Rock|p1a: Magneton
|-sidestart|p1: Lawthier|move: Stealth Rock
|
|upkeep
|turn|2
|
|t:|1776312460
|switch|p1a: Dedenne|Dedenne, F|100/100
|-damage|p1a: Dedenne|88/100|[from] Stealth Rock
|move|p2a: Garchomp|Spikes|p1a: Dedenne
|-sidestart|p1: Lawthier|Spikes
|
|upkeep
|turn|3
|
|t:|1776312467
|move|p1a: Dedenne|Dazzling Gleam|p2a: Garchomp
|-supereffective|p2a: Garchomp
|-damage|p2a: Garchomp|41/100
|move|p2a: Garchomp|Spikes|p1a: Dedenne
|-sidestart|p1: Lawthier|Spikes
|
|upkeep
|turn|4
|
|t:|1776312473
|switch|p2a: Hatterene|Hatterene, F|100/100
|move|p1a: Dedenne|Dazzling Gleam|p2a: Hatterene
|-damage|p2a: Hatterene|77/100
|
|-heal|p2a: Hatterene|83/100|[from] item: Leftovers
|upkeep
|turn|5
|
|t:|1776312482
|move|p1a: Dedenne|Thunder|p2a: Hatterene|[miss]
|-miss|p1a: Dedenne|p2a: Hatterene
|move|p2a: Hatterene|Calm Mind|p2a: Hatterene
|-boost|p2a: Hatterene|spa|1
|-boost|p2a: Hatterene|spd|1
|
|-heal|p2a: Hatterene|89/100|[from] item: Leftovers
|upkeep
|turn|6
|
|t:|1776312495
|switch|p1a: Magneton|Magneton|100/100
|-damage|p1a: Magneton|94/100|[from] Stealth Rock
|-damage|p1a: Magneton|78/100|[from] Spikes
|move|p2a: Hatterene|Psychic Noise|p1a: Magneton
|-resisted|p1a: Magneton
|-damage|p1a: Magneton|57/100
|-start|p1a: Magneton|move: Heal Block
|
|-heal|p2a: Hatterene|95/100|[from] item: Leftovers
|upkeep
|turn|7
|
|t:|1776312507
|switch|p2a: Garchomp|Garchomp, M|41/100
|move|p1a: Magneton|Flash Cannon|p2a: Garchomp
|-damage|p2a: Garchomp|2/100
|
|-end|p1a: Magneton|move: Heal Block
|upkeep
|turn|8
|
|t:|1776312516
|switch|p1a: Spoink|Spoink, M|100/100
|-damage|p1a: Spoink|88/100|[from] Stealth Rock
|-damage|p1a: Spoink|72/100|[from] Spikes
|move|p2a: Garchomp|Spikes|p1a: Spoink
|-sidestart|p1: Lawthier|Spikes
|
|upkeep
|turn|9
|
|t:|1776312524
|move|p1a: Spoink|Psychic|p2a: Garchomp
|-damage|p2a: Garchomp|0 fnt
|faint|p2a: Garchomp
|
|upkeep
|
|t:|1776312531
|switch|p2a: Scizor|Scizor, M|100/100
|turn|10
|
|t:|1776312539
|move|p1a: Spoink|Protect|p1a: Spoink
|-singleturn|p1a: Spoink|Protect
|move|p2a: Scizor|Knock Off|p1a: Spoink
|-activate|p1a: Spoink|move: Protect
|
|upkeep
|turn|11
|
|t:|1776312554
|move|p1a: Spoink|Encore|p2a: Scizor
|-start|p2a: Scizor|Encore
|move|p2a: Scizor|Knock Off|p1a: Spoink
|-supereffective|p1a: Spoink
|-damage|p1a: Spoink|0 fnt
|-enditem|p1a: Spoink|Eviolite|[from] move: Knock Off|[of] p2a: Scizor
|faint|p1a: Spoink
|
|upkeep
|
|t:|1776312562
|switch|p1a: Politoed|Politoed, M|100/100
|-damage|p1a: Politoed|88/100|[from] Stealth Rock
|-damage|p1a: Politoed|63/100|[from] Spikes
|-weather|RainDance|[from] ability: Drizzle|[of] p1a: Politoed
|turn|12
|
|t:|1776312572
|move|p1a: Politoed|Hydro Pump|p2a: Scizor
|-damage|p2a: Scizor|2/100
|move|p2a: Scizor|Knock Off|p1a: Politoed
|-damage|p1a: Politoed|21/100
|-enditem|p1a: Politoed|Choice Scarf|[from] move: Knock Off|[of] p2a: Scizor
|
|-weather|RainDance|[upkeep]
|upkeep
|turn|13
|
|t:|1776312581
|switch|p2a: Hatterene|Hatterene, F|95/100
|move|p1a: Politoed|Protect||[still]
|-fail|p1a: Politoed
|
|-weather|RainDance|[upkeep]
|-heal|p2a: Hatterene|100/100|[from] item: Leftovers
|upkeep
|turn|14
|
|t:|1776312593
|move|p1a: Politoed|Hydro Pump|p2a: Hatterene
|-damage|p2a: Hatterene|53/100
|move|p2a: Hatterene|Psychic Noise|p1a: Politoed
|-damage|p1a: Politoed|0 fnt
|faint|p1a: Politoed
|
|-weather|RainDance|[upkeep]
|-heal|p2a: Hatterene|59/100|[from] item: Leftovers
|upkeep
|
|t:|1776312602
|switch|p1a: Magneton|Magneton|57/100
|-damage|p1a: Magneton|51/100|[from] Stealth Rock
|-damage|p1a: Magneton|26/100|[from] Spikes
|turn|15
|
|t:|1776312610
|switch|p2a: Scizor|Scizor, M|2/100
|move|p1a: Magneton|Flash Cannon|p2a: Scizor
|-resisted|p2a: Scizor
|-damage|p2a: Scizor|0 fnt
|faint|p2a: Scizor
|
|-weather|RainDance|[upkeep]
|upkeep
|
|t:|1776312619
|switch|p2a: Porygon-Z|Porygon-Z|100/100
|turn|16
|
|t:|1776312626
|move|p2a: Porygon-Z|Tri Attack|p1a: Magneton
|-resisted|p1a: Magneton
|-damage|p1a: Magneton|0 fnt
|faint|p1a: Magneton
|
|-weather|none
|upkeep
|
|t:|1776312632
|switch|p1a: Dedenne|Dedenne, F|88/100
|-damage|p1a: Dedenne|76/100|[from] Stealth Rock
|-damage|p1a: Dedenne|51/100|[from] Spikes
|turn|17
|
|t:|1776312641
|move|p2a: Porygon-Z|Tri Attack|p1a: Dedenne
|-damage|p1a: Dedenne|0 fnt
|faint|p1a: Dedenne
|
|upkeep
|
|t:|1776312646
|switch|p1a: Kricketot|Kricketot, F|100/100
|-damage|p1a: Kricketot|75/100|[from] Stealth Rock
|-damage|p1a: Kricketot|50/100|[from] Spikes
|turn|18
|
|t:|1776312652
|move|p2a: Porygon-Z|Tri Attack|p1a: Kricketot
|-damage|p1a: Kricketot|0 fnt
|faint|p1a: Kricketot
|
|upkeep
|
|t:|1776312656
|switch|p1a: Ditto|Ditto|100/100
|-damage|p1a: Ditto|88/100|[from] Stealth Rock
|-damage|p1a: Ditto|63/100|[from] Spikes
|-transform|p1a: Ditto|p2a: Porygon-Z|[from] ability: Imposter
|turn|19
|
|t:|1776312671
|-terastallize|p1a: Ditto|Normal
|move|p2a: Porygon-Z|Tri Attack|p1a: Ditto
|-damage|p1a: Ditto|0 fnt
|faint|p1a: Ditto
|
|win|Soara-Kun
|raw|Lawthier's rating: 1059 &rarr; <strong>1041</strong><br />(-18 for losing)
|raw|Soara-Kun's rating: 1068 &rarr; <strong>1097</strong><br />(+29 for winning)
