|html|<div class="broadcast-blue"><strong>[Gen 9] OU is currently suspecting Volcarona! For information on how to participate check out the <a href="https://www.smogon.com/tools/suspects/view/208">suspect thread</a>.</strong></div>
|j|☆hithe0
|j|☆Aestivalis Kai
|t:|1778516678
|gametype|singles
|player|p1|hithe0|170|1254
|player|p2|Aestivalis Kai|wallace|1199
|gen|9
|tier|[Gen 9] OU
|rated|
|rule|HP Percentage Mod: HP is shown in percentages
|rule|Endless Battle Clause: Forcing endless battles is banned
|rule|Species Clause: Limit one of each Pokémon
|rule|OHKO Clause: OHKO moves are banned
|rule|Evasion Items Clause: Evasion items are banned
|rule|Evasion Moves Clause: Evasion moves are banned
|rule|Evasion Abilities Clause: Evasion abilities are banned
|rule|Sleep Moves Clause: Sleep-inducing moves are banned
|clearpoke
|poke|p1|Iron Boulder|
|poke|p1|Samurott-Hisui, M|
|poke|p1|Dragapult, M|
|poke|p1|Cinderace, F|
|poke|p1|Fezandipiti, M|
|poke|p1|Landorus-Therian, M|
|poke|p2|Hydreigon, M|
|poke|p2|Metagross|
|poke|p2|Skeledirge, M|
|poke|p2|Porygon2|
|poke|p2|Abomasnow, M|
|poke|p2|Azumarill, F|
|teampreview
|
|t:|1778516693
|teamsize|p1|6
|teamsize|p2|6
|start
|switch|p1a: Thanatos|Dragapult, M|100/100
|switch|p2a: Abomasnow|Abomasnow, M, shiny|100/100
|-weather|Snowscape|[from] ability: Snow Warning|[of] p2a: Abomasnow
|turn|1
|
|t:|1778516711
|move|p1a: Thanatos|Flamethrower|p2a: Abomasnow
|-supereffective|p2a: Abomasnow
|-damage|p2a: Abomasnow|0 fnt
|faint|p2a: Abomasnow
|
|-weather|Snowscape|[upkeep]
|upkeep
|
|t:|1778516718
|switch|p2a: Porygon2|Porygon2|100/100
|-ability|p2a: Porygon2|Download|boost
|-boost|p2a: Porygon2|spa|1
|turn|2
|
|t:|1778516750
|switch|p1a: Arsenic|Fezandipiti, M|100/100
|move|p2a: Porygon2|Trick Room|p2a: Porygon2
|-fieldstart|move: Trick Room|[of] p2a: Porygon2
|
|-weather|Snowscape|[upkeep]
|upkeep
|turn|3
|
|t:|1778516806
|move|p2a: Porygon2|Thunderbolt|p1a: Arsenic
|-damage|p1a: Arsenic|81/100
|move|p1a: Arsenic|Beat Up|p2a: Porygon2
|-damage|p2a: Porygon2|99/100
|-damage|p2a: Porygon2|97/100
|-damage|p2a: Porygon2|95/100
|-status|p2a: Porygon2|tox|[from] ability: Toxic Chain|[of] p1a: Arsenic
|-damage|p2a: Porygon2|93/100 tox
|-damage|p2a: Porygon2|91/100 tox
|-damage|p2a: Porygon2|89/100 tox
|-hitcount|p2a: Porygon2|6
|
|-weather|Snowscape|[upkeep]
|-damage|p2a: Porygon2|83/100 tox|[from] psn
|upkeep
|turn|4
|
|t:|1778516818
|switch|p2a: Metagross|Metagross, shiny|100/100
|move|p1a: Arsenic|Roost|p1a: Arsenic
|-heal|p1a: Arsenic|100/100
|-singleturn|p1a: Arsenic|move: Roost
|
|-weather|Snowscape|[upkeep]
|upkeep
|turn|5
|
|t:|1778516833
|switch|p1a: Dōjin|Landorus-Therian, M|100/100
|-ability|p1a: Dōjin|Intimidate|boost
|-fail|p2a: Metagross|unboost|[from] ability: Clear Body|[of] p2a: Metagross
|move|p2a: Metagross|Psychic|p1a: Dōjin
|-damage|p1a: Dōjin|54/100
|
|-weather|none
|upkeep
|turn|6
|
|t:|1778516842
|move|p2a: Metagross|Psychic|p1a: Dōjin
|-damage|p1a: Dōjin|9/100
|move|p1a: Dōjin|Stealth Rock|p2a: Metagross
|-sidestart|p2: Aestivalis Kai|move: Stealth Rock
|
|-fieldend|move: Trick Room
|upkeep
|turn|7
|
|t:|1778516851
|move|p1a: Dōjin|Earthquake|p2a: Metagross
|-supereffective|p2a: Metagross
|-damage|p2a: Metagross|36/100
|move|p2a: Metagross|Agility|p2a: Metagross
|-boost|p2a: Metagross|spe|2
|
|-heal|p2a: Metagross|42/100|[from] item: Leftovers
|upkeep
|turn|8
|
|t:|1778516860
|move|p2a: Metagross|Psychic|p1a: Dōjin
|-damage|p1a: Dōjin|0 fnt
|faint|p1a: Dōjin
|
|-heal|p2a: Metagross|48/100|[from] item: Leftovers
|upkeep
|
|t:|1778516869
|switch|p1a: Gaia|Iron Boulder|100/100
|-enditem|p1a: Gaia|Booster Energy
|-activate|p1a: Gaia|ability: Quark Drive|[fromitem]
|-start|p1a: Gaia|quarkdrivespe
|turn|9
|
|t:|1778516908
|switch|p2a: Porygon2|Porygon2|83/100 tox
|-damage|p2a: Porygon2|70/100 tox|[from] Stealth Rock
|-ability|p2a: Porygon2|Download|boost
|-boost|p2a: Porygon2|atk|1
|move|p1a: Gaia|Swords Dance|p1a: Gaia
|-boost|p1a: Gaia|atk|2
|
|-damage|p2a: Porygon2|64/100 tox|[from] psn
|upkeep
|turn|10
|
|t:|1778516922
|move|p1a: Gaia|Mighty Cleave|p2a: Porygon2
|-damage|p2a: Porygon2|17/100 tox
|move|p2a: Porygon2|Trick Room|p2a: Porygon2
|-fieldstart|move: Trick Room|[of] p2a: Porygon2
|
|-damage|p2a: Porygon2|4/100 tox|[from] psn
|upkeep
|turn|11
|
|t:|1778516957
|-end|p1a: Gaia|Quark Drive|[silent]
|switch|p1a: Arsenic|Fezandipiti, M|100/100
|move|p2a: Porygon2|Recover|p2a: Porygon2
|-heal|p2a: Porygon2|54/100 tox
|
|-damage|p2a: Porygon2|36/100 tox|[from] psn
|upkeep
|turn|12
|-message|Aestivalis Kai forfeited.
|
|win|hithe0
|raw|hithe0's rating: 1254 &rarr; <strong>1275</strong><br />(+21 for winning)
|raw|Aestivalis Kai's rating: 1199 &rarr; <strong>1178</strong><br />(-21 for losing)
|l|☆Aestivalis Kai
|player|p2|
|l|☆hithe0
|player|p1|
