|html|<div class="broadcast-blue"><strong>[Gen 9] OU is currently suspecting Tera Blast! For information on how to participate check out the <a href="https://www.smogon.com/tools/suspects/view/200">suspect thread</a>.</strong></div>
|j|☆tentacrool
|j|☆Dhoom Again
|t:|1776036109
|gametype|singles
|player|p1|tentacrool|giovanni|1556
|player|p2|Dhoom Again|argenta|1576
|gen|9
|tier|[Gen 9] OU
|rated|
|rule|HP Percentage Mod: HP is shown in percentages
|rule|Endless Battle Clause: Forcing endless battles is banned
|rule|Species Clause: Limit one of each Pokémon
|rule|OHKO Clause: OHKO moves are banned
|rule|Evasion Items Clause: Evasion items are banned
|rule|Evasion Moves Clause: Evasion moves are banned
|rule|Evasion Abilities Clause: Evasion abilities are banned
|rule|Sleep Moves Clause: Sleep-inducing moves are banned
|clearpoke
|poke|p1|Skarmory, M|
|poke|p1|Gliscor, M|
|poke|p1|Slowking-Galar, M|
|poke|p1|Primarina, M|
|poke|p1|Skeledirge, M|
|poke|p1|Iron Hands|
|poke|p2|Grimmsnarl, M|
|poke|p2|Gholdengo|
|poke|p2|Garchomp, F|
|poke|p2|Primarina, M|
|poke|p2|Ogerpon, F|
|poke|p2|Heatran, M|
|teampreview
|
|t:|1776036126
|teamsize|p1|6
|teamsize|p2|6
|start
|switch|p1a: Primarina|Primarina, M|100/100
|switch|p2a: The Brother Grimm|Grimmsnarl, M|100/100
|turn|1
|
|t:|1776036134
|move|p2a: The Brother Grimm|Parting Shot|p1a: Primarina
|-unboost|p1a: Primarina|atk|1
|-unboost|p1a: Primarina|spa|1
|
|t:|1776036141
|switch|p2a: Sound the Alarm|Primarina, M|100/100|[from] Parting Shot
|move|p1a: Primarina|Moonblast|p2a: Sound the Alarm
|-damage|p2a: Sound the Alarm|69/100
|
|-heal|p2a: Sound the Alarm|75/100|[from] item: Leftovers
|upkeep
|turn|2
|
|t:|1776036153
|move|p1a: Primarina|Flip Turn|p2a: Sound the Alarm
|-resisted|p2a: Sound the Alarm
|-damage|p2a: Sound the Alarm|71/100
|
|t:|1776036156
|switch|p1a: Slowking|Slowking-Galar, M|100/100|[from] Flip Turn
|move|p2a: Sound the Alarm|Calm Mind|p2a: Sound the Alarm
|-boost|p2a: Sound the Alarm|spa|1
|-boost|p2a: Sound the Alarm|spd|1
|
|-heal|p2a: Sound the Alarm|77/100|[from] item: Leftovers
|upkeep
|turn|3
|
|t:|1776036163
|move|p2a: Sound the Alarm|Calm Mind|p2a: Sound the Alarm
|-boost|p2a: Sound the Alarm|spa|1
|-boost|p2a: Sound the Alarm|spd|1
|move|p1a: Slowking|Sludge Bomb|p2a: Sound the Alarm
|-supereffective|p2a: Sound the Alarm
|-damage|p2a: Sound the Alarm|37/100
|
|-heal|p2a: Sound the Alarm|43/100|[from] item: Leftovers
|upkeep
|turn|4
|
|t:|1776036178
|move|p2a: Sound the Alarm|Psychic Noise|p1a: Slowking
|-damage|p1a: Slowking|64/100
|-start|p1a: Slowking|move: Heal Block
|move|p1a: Slowking|Sludge Bomb|p2a: Sound the Alarm
|-supereffective|p2a: Sound the Alarm
|-damage|p2a: Sound the Alarm|8/100
|
|-heal|p2a: Sound the Alarm|14/100|[from] item: Leftovers
|upkeep
|turn|5
|
|t:|1776036190
|switch|p2a: MF Doom|Heatran, M|100/100
|move|p1a: Slowking|Sludge Bomb|p2a: MF Doom
|-immune|p2a: MF Doom
|
|-end|p1a: Slowking|move: Heal Block
|upkeep
|turn|6
|
|t:|1776036200
|move|p2a: MF Doom|Magma Storm|p1a: Slowking|[miss]
|-miss|p2a: MF Doom|p1a: Slowking
|move|p1a: Slowking|Future Sight|p2a: MF Doom
|-start|p1a: Slowking|move: Future Sight
|
|upkeep
|turn|7
|
|t:|1776036206
|switch|p1a: Primarina|Primarina, M|100/100
|move|p2a: MF Doom|Magma Storm|p1a: Primarina
|-resisted|p1a: Primarina
|-damage|p1a: Primarina|83/100
|-activate|p1a: Primarina|move: Magma Storm|[of] p2a: MF Doom
|
|-damage|p1a: Primarina|71/100|[from] move: Magma Storm|[partiallytrapped]
|upkeep
|turn|8
|
|t:|1776036213
|switch|p2a: Sound the Alarm|Primarina, M|14/100
|move|p1a: Primarina|Psychic Noise|p2a: Sound the Alarm
|-resisted|p2a: Sound the Alarm
|-damage|p2a: Sound the Alarm|0 fnt
|faint|p2a: Sound the Alarm
|
|-hint|Future Sight did not hit because the target is fainted.
|-end|p1a: Primarina|Magma Storm|[partiallytrapped]|[silent]
|upkeep
|
|t:|1776036218
|switch|p2a: PataPataPatapon|Ogerpon, F|100/100
|turn|9
|
|t:|1776036223
|switch|p1a: Skarmory|Skarmory, M|100/100
|move|p2a: PataPataPatapon|Knock Off|p1a: Skarmory
|-damage|p1a: Skarmory|81/100
|-enditem|p1a: Skarmory|Leftovers|[from] move: Knock Off|[of] p2a: PataPataPatapon
|
|upkeep
|turn|10
|
|t:|1776036227
|switch|p2a: MF Doom|Heatran, M|100/100
|move|p1a: Skarmory|Spikes|p2a: MF Doom
|-sidestart|p2: Dhoom Again|Spikes
|
|upkeep
|turn|11
|j| Kyurem
|
|t:|1776036235
|switch|p1a: Gliscor|Gliscor, M|100/100
|move|p2a: MF Doom|Magma Storm|p1a: Gliscor
|-damage|p1a: Gliscor|66/100
|-activate|p1a: Gliscor|move: Magma Storm|[of] p2a: MF Doom
|
|-damage|p1a: Gliscor|53/100|[from] move: Magma Storm|[partiallytrapped]
|-status|p1a: Gliscor|tox|[from] item: Toxic Orb
|upkeep
|turn|12
|
|t:|1776036242
|move|p1a: Gliscor|Earthquake|p2a: MF Doom
|-supereffective|p2a: MF Doom
|-damage|p2a: MF Doom|0 fnt
|faint|p2a: MF Doom
|
|-heal|p1a: Gliscor|66/100 tox|[from] ability: Poison Heal
|-end|p1a: Gliscor|Magma Storm|[partiallytrapped]|[silent]
|upkeep
|
|t:|1776036246
|switch|p2a: Ouch|Garchomp, F|100/100
|-damage|p2a: Ouch|88/100|[from] Spikes
|turn|13
|
|t:|1776036249
|move|p2a: Ouch|Stealth Rock|p1a: Gliscor
|-sidestart|p1: tentacrool|move: Stealth Rock
|move|p1a: Gliscor|Toxic|p2a: Ouch
|-status|p2a: Ouch|tox
|
|-damage|p2a: Ouch|82/100 tox|[from] psn
|-heal|p1a: Gliscor|78/100 tox|[from] ability: Poison Heal
|upkeep
|turn|14
|
|t:|1776036252
|move|p2a: Ouch|Spikes|p1a: Gliscor
|-sidestart|p1: tentacrool|Spikes
|move|p1a: Gliscor|Earthquake|p2a: Ouch
|-damage|p2a: Ouch|60/100 tox
|
|-damage|p2a: Ouch|48/100 tox|[from] psn
|-heal|p1a: Gliscor|91/100 tox|[from] ability: Poison Heal
|upkeep
|turn|15
|
|t:|1776036254
|move|p2a: Ouch|Spikes|p1a: Gliscor
|-sidestart|p1: tentacrool|Spikes
|move|p1a: Gliscor|Earthquake|p2a: Ouch
|-damage|p2a: Ouch|29/100 tox
|
|-damage|p2a: Ouch|10/100 tox|[from] psn
|-heal|p1a: Gliscor|100/100 tox|[from] ability: Poison Heal
|upkeep
|turn|16
|
|t:|1776036257
|move|p1a: Gliscor|Protect|p1a: Gliscor
|-singleturn|p1a: Gliscor|Protect
|move|p2a: Ouch|Spikes|p1a: Gliscor
|-sidestart|p1: tentacrool|Spikes
|
|-damage|p2a: Ouch|0 fnt|[from] psn
|faint|p2a: Ouch
|upkeep
|
|t:|1776036263
|switch|p2a: PataPataPatapon|Ogerpon, F|100/100
|turn|17
|
|t:|1776036267
|move|p2a: PataPataPatapon|Encore|p1a: Gliscor
|-start|p1a: Gliscor|Encore
|move|p1a: Gliscor|Protect||[still]
|-fail|p1a: Gliscor
|
|upkeep
|turn|18
|
|t:|1776036271
|switch|p1a: Skeledirge|Skeledirge, M|100/100
|move|p2a: PataPataPatapon|Swords Dance|p2a: PataPataPatapon
|-boost|p2a: PataPataPatapon|atk|2
|
|upkeep
|turn|19
|
|t:|1776036275
|move|p2a: PataPataPatapon|Knock Off|p1a: Skeledirge
|-supereffective|p1a: Skeledirge
|-damage|p1a: Skeledirge|47/100
|-enditem|p1a: Skeledirge|Heavy-Duty Boots|[from] move: Knock Off|[of] p2a: PataPataPatapon
|move|p1a: Skeledirge|Will-O-Wisp|p2a: PataPataPatapon
|-status|p2a: PataPataPatapon|brn
|
|-damage|p2a: PataPataPatapon|95/100 brn|[from] brn
|upkeep
|turn|20
|
|t:|1776036278
|move|p2a: PataPataPatapon|Encore|p1a: Skeledirge
|-start|p1a: Skeledirge|Encore
|move|p1a: Skeledirge|Will-O-Wisp|p2a: PataPataPatapon
|-fail|p2a: PataPataPatapon|brn
|
|-damage|p2a: PataPataPatapon|89/100 brn|[from] brn
|upkeep
|turn|21
|
|t:|1776036296
|switch|p1a: Skarmory|Skarmory, M|81/100
|-damage|p1a: Skarmory|69/100|[from] Stealth Rock
|move|p2a: PataPataPatapon|Swords Dance|p2a: PataPataPatapon
|-boost|p2a: PataPataPatapon|atk|2
|
|-damage|p2a: PataPataPatapon|83/100 brn|[from] brn
|upkeep
|turn|22
|
|t:|1776036301
|-terastallize|p2a: PataPataPatapon|Grass
|detailschange|p2a: PataPataPatapon|Ogerpon-Teal-Tera, F, tera:Grass
|-ability|p2a: PataPataPatapon|Embody Aspect (Teal)|boost
|-boost|p2a: PataPataPatapon|spe|1
|move|p2a: PataPataPatapon|Ivy Cudgel|p1a: Skarmory
|-resisted|p1a: Skarmory
|-damage|p1a: Skarmory|55/100
|move|p1a: Skarmory|Whirlwind|p2a: PataPataPatapon
|drag|p2a: The Brother Grimm|Grimmsnarl, M|100/100
|-damage|p2a: The Brother Grimm|88/100|[from] Spikes
|
|upkeep
|turn|23
|
|t:|1776036308
|move|p2a: The Brother Grimm|Reflect|p2a: The Brother Grimm
|-sidestart|p2: Dhoom Again|Reflect
|move|p1a: Skarmory|Spikes|p2a: The Brother Grimm
|-sidestart|p2: Dhoom Again|Spikes
|
|upkeep
|turn|24
|
|t:|1776036312
|move|p2a: The Brother Grimm|Light Screen|p2a: The Brother Grimm
|-sidestart|p2: Dhoom Again|move: Light Screen
|move|p1a: Skarmory|Spikes|p2a: The Brother Grimm
|-sidestart|p2: Dhoom Again|Spikes
|
|upkeep
|turn|25
|
|t:|1776036315
|move|p2a: The Brother Grimm|Parting Shot|p1a: Skarmory
|-unboost|p1a: Skarmory|atk|1
|-unboost|p1a: Skarmory|spa|1
|
|t:|1776036317
|switch|p2a: Cielo|Gholdengo|100/100|[from] Parting Shot
|-damage|p2a: Cielo|76/100|[from] Spikes
|move|p1a: Skarmory|Whirlwind|p2a: Cielo
|-immune|p2a: Cielo|[from] ability: Good as Gold
|
|upkeep
|turn|26
|
|t:|1776036328
|switch|p1a: Gliscor|Gliscor, M|100/100 tox
|-damage|p1a: Gliscor|88/100 tox|[from] Stealth Rock
|move|p2a: Cielo|Shadow Ball|p1a: Gliscor
|-damage|p1a: Gliscor|32/100 tox
|
|-heal|p1a: Gliscor|44/100 tox|[from] ability: Poison Heal
|upkeep
|turn|27
|
|t:|1776036334
|move|p1a: Gliscor|Protect|p1a: Gliscor
|-singleturn|p1a: Gliscor|Protect
|move|p2a: Cielo|Shadow Ball|p1a: Gliscor
|-activate|p1a: Gliscor|move: Protect
|
|-heal|p1a: Gliscor|57/100 tox|[from] ability: Poison Heal
|upkeep
|turn|28
|
|t:|1776036338
|move|p2a: Cielo|Shadow Ball|p1a: Gliscor
|-damage|p1a: Gliscor|6/100 tox
|move|p1a: Gliscor|Earthquake|p2a: Cielo
|-supereffective|p2a: Cielo
|-damage|p2a: Cielo|38/100
|
|-heal|p1a: Gliscor|19/100 tox|[from] ability: Poison Heal
|upkeep
|turn|29
|
|t:|1776036343
|move|p2a: Cielo|Shadow Ball|p1a: Gliscor
|-damage|p1a: Gliscor|0 fnt
|faint|p1a: Gliscor
|
|upkeep
|-message|Dhoom Again forfeited.
|
|win|tentacrool
|raw|tentacrool's rating: 1556 &rarr; <strong>1577</strong><br />(+21 for winning)
|raw|Dhoom Again's rating: 1576 &rarr; <strong>1555</strong><br />(-21 for losing)
|l|☆Dhoom Again
|player|p2|
|l|☆tentacrool
|player|p1|
