|html|<div class="broadcast-blue"><strong>[Gen 9] OU is currently suspecting Tera Blast! For information on how to participate check out the <a href="https://www.smogon.com/tools/suspects/view/200">suspect thread</a>.</strong></div>
|j|☆Goodnight Yubi
|j|☆testingolem
|t:|1776061329
|gametype|singles
|player|p1|Goodnight Yubi|brycenman|1581
|player|p2|testingolem|hiker-gen4|1827
|gen|9
|tier|[Gen 9] OU
|rated|
|rule|HP Percentage Mod: HP is shown in percentages
|rule|Endless Battle Clause: Forcing endless battles is banned
|rule|Species Clause: Limit one of each Pokémon
|rule|OHKO Clause: OHKO moves are banned
|rule|Evasion Items Clause: Evasion items are banned
|rule|Evasion Moves Clause: Evasion moves are banned
|rule|Evasion Abilities Clause: Evasion abilities are banned
|rule|Sleep Moves Clause: Sleep-inducing moves are banned
|clearpoke
|poke|p1|Weavile, F|
|poke|p1|Raging Bolt|
|poke|p1|Hatterene, F|
|poke|p1|Zamazenta-*|
|poke|p1|Iron Treads|
|poke|p1|Moltres|
|poke|p2|Kingambit, F|
|poke|p2|Deoxys-Speed|
|poke|p2|Great Tusk|
|poke|p2|Primarina, M|
|poke|p2|Raging Bolt|
|poke|p2|Smeargle, M|
|teampreview
|j| ohko_smeargle
|inactive|Battle timer is ON: inactive players will automatically lose when time's up. (requested by Goodnight Yubi)
|
|t:|1776061343
|teamsize|p1|6
|teamsize|p2|6
|start
|switch|p1a: Weavile|Weavile, F|100/100
|switch|p2a: Deoxys|Deoxys-Speed|100/100
|-ability|p2a: Deoxys|Pressure
|-ability|p1a: Weavile|Pressure
|turn|1
|
|t:|1776061347
|switch|p1a: Hatterene|Hatterene, F|100/100
|move|p2a: Deoxys|Superpower|p1a: Hatterene
|-resisted|p1a: Hatterene
|-damage|p1a: Hatterene|93/100
|-unboost|p2a: Deoxys|atk|1
|-unboost|p2a: Deoxys|def|1
|-damage|p2a: Deoxys|91/100|[from] item: Life Orb
|
|upkeep
|turn|2
|
|t:|1776061355
|move|p2a: Deoxys|Knock Off|p1a: Hatterene
|-damage|p1a: Hatterene|78/100
|-enditem|p1a: Hatterene|Assault Vest|[from] move: Knock Off|[of] p2a: Deoxys
|-damage|p2a: Deoxys|81/100|[from] item: Life Orb
|move|p1a: Hatterene|Draining Kiss|p2a: Deoxys
|-damage|p2a: Deoxys|44/100
|-heal|p1a: Hatterene|99/100|[from] drain|[of] p2a: Deoxys
|
|upkeep
|turn|3
|
|t:|1776061361
|move|p2a: Deoxys|Recover|p2a: Deoxys
|-heal|p2a: Deoxys|94/100
|move|p1a: Hatterene|Draining Kiss|p2a: Deoxys
|-damage|p2a: Deoxys|54/100
|-heal|p1a: Hatterene|100/100|[from] drain|[of] p2a: Deoxys
|
|upkeep
|turn|4
|
|t:|1776061365
|move|p2a: Deoxys|Recover|p2a: Deoxys
|-heal|p2a: Deoxys|100/100
|move|p1a: Hatterene|Nuzzle|p2a: Deoxys
|-damage|p2a: Deoxys|91/100
|-status|p2a: Deoxys|par
|
|upkeep
|turn|5
|
|t:|1776061369
|switch|p2a: Kingambit|Kingambit, F|100/100
|-item|p2a: Kingambit|Air Balloon
|move|p1a: Hatterene|Draining Kiss|p2a: Kingambit
|-damage|p2a: Kingambit|76/100
|-enditem|p2a: Kingambit|Air Balloon
|
|upkeep
|turn|6
|
|t:|1776061373
|-end|p2a: Kingambit|fallenundefined|[silent]
|switch|p2a: Deoxys|Deoxys-Speed|91/100 par
|-ability|p2a: Deoxys|Pressure
|switch|p1a: Moltres|Moltres|100/100
|
|upkeep
|turn|7
|
|t:|1776061389
|switch|p1a: Hatterene|Hatterene, F|100/100
|move|p2a: Deoxys|Knock Off|p1a: Hatterene
|-damage|p1a: Hatterene|84/100
|-damage|p2a: Deoxys|81/100 par|[from] item: Life Orb
|
|upkeep
|turn|8
|
|t:|1776061394
|switch|p2a: Kingambit|Kingambit, F|76/100
|move|p1a: Hatterene|Draining Kiss|p2a: Kingambit
|-damage|p2a: Kingambit|52/100
|-heal|p1a: Hatterene|100/100|[from] drain|[of] p2a: Kingambit
|
|upkeep
|turn|9
|
|t:|1776061399
|-end|p2a: Kingambit|fallenundefined|[silent]
|switch|p2a: Smeargle|Smeargle, M|100/100
|switch|p1a: Moltres|Moltres|100/100
|
|upkeep
|turn|10
|
|t:|1776061403
|move|p1a: Moltres|Flamethrower|p2a: Smeargle
|-damage|p2a: Smeargle|10/100
|move|p2a: Smeargle|Stone Axe|p1a: Moltres
|-supereffective|p1a: Moltres
|-damage|p1a: Moltres|61/100
|-status|p2a: Smeargle|brn|[from] ability: Flame Body|[of] p1a: Moltres
|-sidestart|p1: Goodnight Yubi|move: Stealth Rock
|
|-damage|p2a: Smeargle|4/100 brn|[from] brn
|upkeep
|turn|11
|
|t:|1776061412
|move|p1a: Moltres|U-turn|p2a: Smeargle
|-damage|p2a: Smeargle|0 fnt
|faint|p2a: Smeargle
|
|t:|1776061419
|switch|p1a: Iron Treads|Iron Treads|100/100|[from] U-turn
|-damage|p1a: Iron Treads|97/100|[from] Stealth Rock
|
|upkeep
|
|t:|1776061422
|switch|p2a: Great Tusk|Great Tusk|100/100
|-enditem|p2a: Great Tusk|Booster Energy
|-activate|p2a: Great Tusk|ability: Protosynthesis|[fromitem]
|-start|p2a: Great Tusk|protosynthesisspe
|turn|12
|
|t:|1776061427
|-end|p1a: Iron Treads|Quark Drive|[silent]
|switch|p1a: Moltres|Moltres|61/100
|move|p2a: Great Tusk|Earthquake|p1a: Moltres
|-immune|p1a: Moltres
|
|upkeep
|turn|13
|
|t:|1776061436
|-end|p2a: Great Tusk|Protosynthesis|[silent]
|switch|p2a: Primarina|Primarina, M|100/100
|move|p1a: Moltres|Flamethrower|p2a: Primarina
|-resisted|p2a: Primarina
|-damage|p2a: Primarina|90/100
|
|upkeep
|turn|14
|
|t:|1776061440
|move|p1a: Moltres|U-turn|p2a: Primarina
|-resisted|p2a: Primarina
|-damage|p2a: Primarina|82/100
|
|t:|1776061444
|switch|p1a: Hatterene|Hatterene, F|100/100|[from] U-turn
|-damage|p1a: Hatterene|88/100|[from] Stealth Rock
|move|p2a: Primarina|Hyper Voice|p1a: Hatterene
|-damage|p1a: Hatterene|34/100
|
|upkeep
|turn|15
|
|t:|1776061452
|move|p2a: Primarina|Hyper Voice|p1a: Hatterene
|-damage|p1a: Hatterene|0 fnt
|faint|p1a: Hatterene
|
|upkeep
|
|t:|1776061464
|switch|p1a: Raging Bolt|Raging Bolt|100/100
|-damage|p1a: Raging Bolt|88/100|[from] Stealth Rock
|turn|16
|
|t:|1776061478
|-terastallize|p1a: Raging Bolt|Flying
|move|p1a: Raging Bolt|Thunderbolt|p2a: Primarina
|-supereffective|p2a: Primarina
|-damage|p2a: Primarina|0 fnt
|faint|p2a: Primarina
|
|upkeep
|
|t:|1776061487
|switch|p2a: Raging Bolt|Raging Bolt|100/100
|-enditem|p2a: Raging Bolt|Booster Energy
|-activate|p2a: Raging Bolt|ability: Protosynthesis|[fromitem]
|-start|p2a: Raging Bolt|protosynthesisspa
|turn|17
|
|t:|1776061491
|-end|p1a: Raging Bolt|Protosynthesis|[silent]
|switch|p1a: Iron Treads|Iron Treads|97/100
|-damage|p1a: Iron Treads|94/100|[from] Stealth Rock
|-terastallize|p2a: Raging Bolt|Flying
|move|p2a: Raging Bolt|Thunderbolt|p1a: Iron Treads
|-immune|p1a: Iron Treads
|
|upkeep
|turn|18
|
|t:|1776061501
|move|p1a: Iron Treads|Rapid Spin|p2a: Raging Bolt
|-damage|p2a: Raging Bolt|88/100
|-boost|p1a: Iron Treads|spe|1
|-sideend|p1: Goodnight Yubi|Stealth Rock|[from] move: Rapid Spin|[of] p1a: Iron Treads
|move|p2a: Raging Bolt|Dragon Pulse|p1a: Iron Treads
|-resisted|p1a: Iron Treads
|-damage|p1a: Iron Treads|51/100
|
|upkeep
|turn|19
|
|t:|1776061504
|move|p1a: Iron Treads|Ice Spinner|p2a: Raging Bolt
|-supereffective|p2a: Raging Bolt
|-damage|p2a: Raging Bolt|51/100
|move|p2a: Raging Bolt|Dragon Pulse|p1a: Iron Treads
|-resisted|p1a: Iron Treads
|-damage|p1a: Iron Treads|7/100
|
|upkeep
|turn|20
|
|t:|1776061509
|move|p1a: Iron Treads|Ice Spinner|p2a: Raging Bolt
|-supereffective|p2a: Raging Bolt
|-damage|p2a: Raging Bolt|12/100
|move|p2a: Raging Bolt|Dragon Pulse|p1a: Iron Treads
|-resisted|p1a: Iron Treads
|-damage|p1a: Iron Treads|0 fnt
|faint|p1a: Iron Treads
|-end|p1a: Iron Treads|Quark Drive|[silent]
|
|upkeep
|
|t:|1776061524
|switch|p1a: Weavile|Weavile, F|100/100
|-ability|p1a: Weavile|Pressure
|turn|21
|
|t:|1776061529
|-end|p2a: Raging Bolt|Protosynthesis|[silent]
|switch|p2a: Kingambit|Kingambit, F|52/100
|-activate|p2a: Kingambit|ability: Supreme Overlord
|-start|p2a: Kingambit|fallen2|[silent]
|move|p1a: Weavile|Ice Shard|p2a: Kingambit
|-resisted|p2a: Kingambit
|-damage|p2a: Kingambit|42/100
|-damage|p1a: Weavile|91/100|[from] item: Life Orb
|
|upkeep
|turn|22
|
|t:|1776061535
|switch|p1a: Moltres|Moltres|61/100
|move|p2a: Kingambit|Sucker Punch||[still]
|-fail|p2a: Kingambit
|
|upkeep
|turn|23
|
|t:|1776061540
|-end|p2a: Kingambit|fallen2|[silent]
|switch|p2a: Deoxys|Deoxys-Speed|81/100 par
|-ability|p2a: Deoxys|Pressure
|move|p1a: Moltres|Flamethrower|p2a: Deoxys
|-damage|p2a: Deoxys|19/100 par
|
|upkeep
|turn|24
|
|t:|1776061553
|switch|p1a: Weavile|Weavile, F|91/100
|-ability|p1a: Weavile|Pressure
|move|p2a: Deoxys|Psycho Boost|p1a: Weavile
|-immune|p1a: Weavile
|
|upkeep
|turn|25
|
|t:|1776061563
|move|p1a: Weavile|Knock Off|p2a: Deoxys
|-supereffective|p2a: Deoxys
|-damage|p2a: Deoxys|0 fnt
|-enditem|p2a: Deoxys|Life Orb|[from] move: Knock Off|[of] p1a: Weavile
|faint|p2a: Deoxys
|-damage|p1a: Weavile|81/100|[from] item: Life Orb
|
|upkeep
|
|t:|1776061567
|switch|p2a: Kingambit|Kingambit, F|42/100
|-activate|p2a: Kingambit|ability: Supreme Overlord
|-start|p2a: Kingambit|fallen3|[silent]
|turn|26
|
|t:|1776061570
|switch|p1a: Zamazenta|Zamazenta|100/100
|-ability|p1a: Zamazenta|Dauntless Shield|boost
|-boost|p1a: Zamazenta|def|1
|-end|p2a: Kingambit|fallen3|[silent]
|switch|p2a: Raging Bolt|Raging Bolt, tera:Flying|12/100
|
|upkeep
|turn|27
|
|t:|1776061575
|move|p2a: Raging Bolt|Thunderclap|p1a: Zamazenta
|-damage|p1a: Zamazenta|70/100
|move|p1a: Zamazenta|Body Press|p2a: Raging Bolt
|-resisted|p2a: Raging Bolt
|-damage|p2a: Raging Bolt|0 fnt
|faint|p2a: Raging Bolt
|-end|p2a: Raging Bolt|Protosynthesis|[silent]
|
|-heal|p1a: Zamazenta|76/100|[from] item: Leftovers
|upkeep
|
|t:|1776061577
|switch|p2a: Great Tusk|Great Tusk|100/100
|turn|28
|
|t:|1776061579
|move|p1a: Zamazenta|Iron Defense|p1a: Zamazenta
|-boost|p1a: Zamazenta|def|2
|move|p2a: Great Tusk|Bulk Up|p2a: Great Tusk
|-boost|p2a: Great Tusk|atk|1
|-boost|p2a: Great Tusk|def|1
|
|-heal|p1a: Zamazenta|82/100|[from] item: Leftovers
|upkeep
|turn|29
|
|t:|1776061590
|move|p2a: Great Tusk|Bulk Up|p2a: Great Tusk
|-boost|p2a: Great Tusk|atk|1
|-boost|p2a: Great Tusk|def|1
|move|p1a: Zamazenta|Roar|p2a: Great Tusk
|-end|p2a: Great Tusk|Protosynthesis|[silent]
|drag|p2a: Kingambit|Kingambit, F|42/100
|-activate|p2a: Kingambit|ability: Supreme Overlord
|-start|p2a: Kingambit|fallen4|[silent]
|
|-heal|p1a: Zamazenta|89/100|[from] item: Leftovers
|upkeep
|turn|30
|-message|testingolem forfeited.
|
|win|Goodnight Yubi
|raw|Goodnight Yubi's rating: 1581 &rarr; <strong>1613</strong><br />(+32 for winning)
|raw|testingolem's rating: 1827 &rarr; <strong>1795</strong><br />(-32 for losing)
|l|☆testingolem
|player|p2|
|l| ohko_smeargle
|l|☆Goodnight Yubi
|player|p1|
