|html|<div class="broadcast-blue"><strong>[Gen 9] OU is currently suspecting Tera Blast! For information on how to participate check out the <a href="https://www.smogon.com/tools/suspects/view/200">suspect thread</a>.</strong></div>
|j|☆Pumpkinsausage1
|j|☆Soul24125
|t:|1776114022
|gametype|singles
|player|p1|Pumpkinsausage1|bugcatcher-gen4dp|1102
|player|p2|Soul24125|dawn-gen4pt|1156
|gen|9
|tier|[Gen 9] OU
|rated|
|rule|HP Percentage Mod: HP is shown in percentages
|rule|Endless Battle Clause: Forcing endless battles is banned
|rule|Species Clause: Limit one of each Pokémon
|rule|OHKO Clause: OHKO moves are banned
|rule|Evasion Items Clause: Evasion items are banned
|rule|Evasion Moves Clause: Evasion moves are banned
|rule|Evasion Abilities Clause: Evasion abilities are banned
|rule|Sleep Moves Clause: Sleep-inducing moves are banned
|clearpoke
|poke|p1|Weavile, M|
|poke|p1|Volcanion|
|poke|p1|Great Tusk|
|poke|p1|Slowbro, M|
|poke|p1|Gholdengo|
|poke|p1|Garganacl, M|
|poke|p2|Cinderace, M|
|poke|p2|Kingambit, F|
|poke|p2|Slowking-Galar, F|
|poke|p2|Corviknight, M|
|poke|p2|Landorus-Therian, M|
|poke|p2|Enamorus, F|
|teampreview
|inactive|Battle timer is ON: inactive players will automatically lose when time's up. (requested by Pumpkinsausage1)
|
|t:|1776114033
|teamsize|p1|6
|teamsize|p2|6
|start
|switch|p1a: Grate Tusk|Slowbro, M|100/100
|switch|p2a: Cinderace|Cinderace, M, shiny|100/100
|turn|1
|
|t:|1776114042
|move|p2a: Cinderace|Sucker Punch|p1a: Grate Tusk
|-start|p2a: Cinderace|typechange|Dark|[from] ability: Libero
|-supereffective|p1a: Grate Tusk
|-damage|p1a: Grate Tusk|57/100
|move|p1a: Grate Tusk|Scald|p2a: Cinderace
|-crit|p2a: Cinderace
|-damage|p2a: Cinderace|39/100
|
|upkeep
|turn|2
|
|t:|1776114055
|move|p2a: Cinderace|U-turn|p1a: Grate Tusk
|-supereffective|p1a: Grate Tusk
|-damage|p1a: Grate Tusk|29/100
|
|t:|1776114063
|switch|p2a: Corviknight|Corviknight, M|100/100|[from] U-turn
|-ability|p2a: Corviknight|Pressure
|move|p1a: Grate Tusk|Scald|p2a: Corviknight
|-damage|p2a: Corviknight|75/100
|-status|p2a: Corviknight|brn
|
|-damage|p2a: Corviknight|69/100 brn|[from] brn
|upkeep
|turn|3
|c|☆Pumpkinsausage1|hah
|
|t:|1776114079
|switch|p1a: Slowbroh|Gholdengo|100/100
|move|p2a: Corviknight|Iron Defense|p2a: Corviknight
|-boost|p2a: Corviknight|def|2
|
|-damage|p2a: Corviknight|63/100 brn|[from] brn
|upkeep
|turn|4
|c|☆Pumpkinsausage1|nice twy
|
|t:|1776114097
|switch|p2a: Kingambit|Kingambit, F, shiny|100/100
|move|p1a: Slowbroh|Shadow Ball|p2a: Kingambit
|-resisted|p2a: Kingambit
|-damage|p2a: Kingambit|79/100
|
|upkeep
|turn|5
|
|t:|1776114113
|switch|p1a: Garganacal|Great Tusk|100/100
|move|p2a: Kingambit|Swords Dance|p2a: Kingambit
|-boost|p2a: Kingambit|atk|2
|
|upkeep
|turn|6
|
|t:|1776114128
|move|p1a: Garganacal|Headlong Rush|p2a: Kingambit
|-supereffective|p2a: Kingambit
|-damage|p2a: Kingambit|0 fnt
|-unboost|p1a: Garganacal|def|1
|-unboost|p1a: Garganacal|spd|1
|-damage|p1a: Garganacal|84/100|[from] item: Rocky Helmet|[of] p2a: Kingambit
|faint|p2a: Kingambit
|-end|p2a: Kingambit|fallenundefined|[silent]
|
|upkeep
|c|☆Pumpkinsausage1|stinkin' noob
|inactive|Soul24125 has 120 seconds left.
|
|t:|1776114145
|switch|p2a: Enamorus|Enamorus, F|100/100
|turn|7
|inactive|Soul24125 has 120 seconds left.
|
|t:|1776114156
|-end|p1a: Garganacal|Protosynthesis|[silent]
|switch|p1a: Slowbroh|Gholdengo|100/100
|move|p2a: Enamorus|Moonblast|p1a: Slowbroh
|-resisted|p1a: Slowbroh
|-damage|p1a: Slowbroh|69/100
|
|upkeep
|turn|8
|inactive|Soul24125 has 120 seconds left.
|
|t:|1776114167
|switch|p2a: Landorus|Landorus-Therian, M|100/100
|-ability|p2a: Landorus|Intimidate|boost
|-unboost|p1a: Slowbroh|atk|1
|move|p1a: Slowbroh|Make It Rain|p2a: Landorus
|-damage|p2a: Landorus|25/100
|-unboost|p1a: Slowbroh|spa|1
|
|upkeep
|turn|9
|inactive|Soul24125 has 120 seconds left.
|
|t:|1776114183
|move|p1a: Slowbroh|Make It Rain|p2a: Landorus
|-damage|p2a: Landorus|0 fnt
|-unboost|p1a: Slowbroh|spa|1
|faint|p2a: Landorus
|
|upkeep
|
|t:|1776114193
|switch|p2a: Enamorus|Enamorus, F|100/100
|turn|10
|
|t:|1776114216
|switch|p1a: Garganacal|Great Tusk|84/100
|move|p2a: Enamorus|Mystical Fire|p1a: Garganacal
|-damage|p1a: Garganacal|60/100
|-unboost|p1a: Garganacal|spa|1
|
|upkeep
|turn|11
|
|t:|1776114228
|switch|p2a: Slowking|Slowking-Galar, F|100/100
|move|p1a: Garganacal|Ice Spinner|p2a: Slowking
|-damage|p2a: Slowking|73/100
|
|upkeep
|turn|12
|
|t:|1776114240
|move|p1a: Garganacal|Knock Off|p2a: Slowking
|-supereffective|p2a: Slowking
|-damage|p2a: Slowking|8/100
|-enditem|p2a: Slowking|Assault Vest|[from] move: Knock Off|[of] p1a: Garganacal
|move|p2a: Slowking|Flamethrower|p1a: Garganacal
|-damage|p1a: Garganacal|37/100
|
|upkeep
|turn|13
|
|t:|1776114253
|move|p1a: Garganacal|Knock Off|p2a: Slowking
|-supereffective|p2a: Slowking
|-damage|p2a: Slowking|0 fnt
|faint|p2a: Slowking
|
|upkeep
|
|t:|1776114261
|switch|p2a: Enamorus|Enamorus, F|100/100
|turn|14
|inactive|Pumpkinsausage1 has 120 seconds left.
|inactive|Pumpkinsausage1 has 90 seconds left.
|
|t:|1776114333
|move|p2a: Enamorus|Mystical Fire|p1a: Garganacal
|-damage|p1a: Garganacal|17/100
|-unboost|p1a: Garganacal|spa|1
|move|p1a: Garganacal|Ice Spinner|p2a: Enamorus
|-supereffective|p2a: Enamorus
|-damage|p2a: Enamorus|22/100
|
|upkeep
|turn|15
|
|t:|1776114342
|move|p2a: Enamorus|Mystical Fire|p1a: Garganacal
|-damage|p1a: Garganacal|0 fnt
|faint|p1a: Garganacal
|-end|p1a: Garganacal|Protosynthesis|[silent]
|
|upkeep
|inactive|Pumpkinsausage1 has 90 seconds left.
|inactive|Pumpkinsausage1 has 60 seconds left.
|inactive|Pumpkinsausage1 has 30 seconds left.
|inactive|Pumpkinsausage1 has 20 seconds left.
|inactive|Pumpkinsausage1 has 15 seconds left.
|inactive|Pumpkinsausage1 has 10 seconds left.
|inactive|Pumpkinsausage1 has 5 seconds left.
|-message|Pumpkinsausage1 lost due to inactivity.
|
|win|Soul24125
|raw|Pumpkinsausage1's rating: 1147 &rarr; <strong>1123</strong><br />(-24 for losing)
|raw|Soul24125's rating: 1156 &rarr; <strong>1180</strong><br />(+24 for winning)
