|html|<div class="broadcast-blue"><strong>[Gen 9] OU is currently suspecting Tera Blast! For information on how to participate check out the <a href="https://www.smogon.com/tools/suspects/view/200">suspect thread</a>.</strong></div>
|j|☆H2vs
|j|☆Bring09
|t:|1776053891
|gametype|singles
|player|p1|H2vs|crasherwake|1082
|player|p2|Bring09|169|1130
|gen|9
|tier|[Gen 9] OU
|rated|
|rule|HP Percentage Mod: HP is shown in percentages
|rule|Endless Battle Clause: Forcing endless battles is banned
|rule|Species Clause: Limit one of each Pokémon
|rule|OHKO Clause: OHKO moves are banned
|rule|Evasion Items Clause: Evasion items are banned
|rule|Evasion Moves Clause: Evasion moves are banned
|rule|Evasion Abilities Clause: Evasion abilities are banned
|rule|Sleep Moves Clause: Sleep-inducing moves are banned
|clearpoke
|poke|p1|Blissey, F|
|poke|p1|Toxapex, M|
|poke|p1|Gliscor, M|
|poke|p1|Clodsire, F|
|poke|p1|Dondozo, F|
|poke|p1|Bisharp, M|
|poke|p2|Excadrill, F|
|poke|p2|Dragonite, M|
|poke|p2|Hippowdon, M|
|poke|p2|Whimsicott, M|
|poke|p2|Dragapult, M|
|poke|p2|Cinccino, F|
|teampreview
|
|t:|1776053900
|teamsize|p1|6
|teamsize|p2|6
|start
|switch|p1a: Clodsire|Clodsire, F|100/100
|switch|p2a: Whimsicott|Whimsicott, M, shiny|100/100
|turn|1
|
|t:|1776053914
|-terastallize|p1a: Clodsire|Steel
|move|p2a: Whimsicott|Light Screen|p2a: Whimsicott
|-sidestart|p2: Bring09|move: Light Screen
|move|p1a: Clodsire|Stealth Rock|p2a: Whimsicott
|-sidestart|p2: Bring09|move: Stealth Rock
|
|upkeep
|turn|2
|
|t:|1776053929
|switch|p2a: Dragapult|Dragapult, M|100/100
|-damage|p2a: Dragapult|88/100|[from] Stealth Rock
|move|p1a: Clodsire|Toxic|p2a: Dragapult
|-status|p2a: Dragapult|tox
|
|-damage|p2a: Dragapult|82/100 tox|[from] psn
|upkeep
|turn|3
|
|t:|1776053945
|move|p2a: Dragapult|Dragon Dance|p2a: Dragapult
|-boost|p2a: Dragapult|atk|1
|-boost|p2a: Dragapult|spe|1
|move|p1a: Clodsire|Earthquake|p2a: Dragapult
|-damage|p2a: Dragapult|42/100 tox
|
|-damage|p2a: Dragapult|30/100 tox|[from] psn
|upkeep
|turn|4
|
|t:|1776053963
|move|p2a: Dragapult|Flamethrower|p1a: Clodsire
|-supereffective|p1a: Clodsire
|-damage|p1a: Clodsire|74/100
|-damage|p2a: Dragapult|21/100 tox|[from] item: Life Orb
|move|p1a: Clodsire|Earthquake|p2a: Dragapult
|-damage|p2a: Dragapult|0 fnt
|faint|p2a: Dragapult
|
|upkeep
|
|t:|1776053973
|switch|p2a: Hippowdon|Hippowdon, M|100/100
|-damage|p2a: Hippowdon|94/100|[from] Stealth Rock
|-weather|Sandstorm|[from] ability: Sand Stream|[of] p2a: Hippowdon
|turn|5
|
|t:|1776054005
|move|p2a: Hippowdon|Earthquake|p1a: Clodsire
|-supereffective|p1a: Clodsire
|-crit|p1a: Clodsire
|-damage|p1a: Clodsire|0 fnt
|faint|p1a: Clodsire
|
|-weather|Sandstorm|[upkeep]
|-heal|p2a: Hippowdon|100/100|[from] item: Leftovers
|-sideend|p2: Bring09|move: Light Screen
|upkeep
|
|t:|1776054014
|switch|p1a: Dondozo|Dondozo, F|100/100
|turn|6
|
|t:|1776054055
|move|p2a: Hippowdon|Curse|p2a: Hippowdon
|-unboost|p2a: Hippowdon|spe|1
|-boost|p2a: Hippowdon|atk|1
|-boost|p2a: Hippowdon|def|1
|move|p1a: Dondozo|Curse|p1a: Dondozo
|-unboost|p1a: Dondozo|spe|1
|-boost|p1a: Dondozo|atk|1
|-boost|p1a: Dondozo|def|1
|
|-weather|Sandstorm|[upkeep]
|-damage|p1a: Dondozo|94/100|[from] Sandstorm
|-heal|p1a: Dondozo|100/100|[from] item: Leftovers
|upkeep
|turn|7
|inactive|Battle timer is ON: inactive players will automatically lose when time's up. (requested by H2vs)
|
|t:|1776054069
|move|p2a: Hippowdon|Earthquake|p1a: Dondozo
|-damage|p1a: Dondozo|89/100
|move|p1a: Dondozo|Avalanche|p2a: Hippowdon
|-supereffective|p2a: Hippowdon
|-damage|p2a: Hippowdon|59/100
|
|-weather|Sandstorm|[upkeep]
|-damage|p1a: Dondozo|83/100|[from] Sandstorm
|-heal|p2a: Hippowdon|65/100|[from] item: Leftovers
|-heal|p1a: Dondozo|89/100|[from] item: Leftovers
|upkeep
|turn|8
|
|t:|1776054098
|switch|p2a: Dragonite|Dragonite, M|100/100
|-damage|p2a: Dragonite|75/100|[from] Stealth Rock
|move|p1a: Dondozo|Curse|p1a: Dondozo
|-unboost|p1a: Dondozo|spe|1
|-boost|p1a: Dondozo|atk|1
|-boost|p1a: Dondozo|def|1
|
|-weather|Sandstorm|[upkeep]
|-damage|p2a: Dragonite|69/100|[from] Sandstorm
|-damage|p1a: Dondozo|83/100|[from] Sandstorm
|-heal|p1a: Dondozo|89/100|[from] item: Leftovers
|upkeep
|turn|9
|
|t:|1776054112
|move|p1a: Dondozo|Avalanche|p2a: Dragonite
|-supereffective|p2a: Dragonite
|-damage|p2a: Dragonite|0 fnt
|faint|p2a: Dragonite
|
|-weather|none
|-heal|p1a: Dondozo|95/100|[from] item: Leftovers
|upkeep
|inactive|Bring09 has 120 seconds left.
|
|t:|1776054135
|switch|p2a: Cinccino|Cinccino, F|100/100
|-damage|p2a: Cinccino|88/100|[from] Stealth Rock
|turn|10
|
|t:|1776054146
|move|p2a: Cinccino|Bullet Seed|p1a: Dondozo
|-supereffective|p1a: Dondozo
|-damage|p1a: Dondozo|90/100
|-supereffective|p1a: Dondozo
|-damage|p1a: Dondozo|85/100
|-supereffective|p1a: Dondozo
|-damage|p1a: Dondozo|79/100
|-supereffective|p1a: Dondozo
|-damage|p1a: Dondozo|74/100
|-supereffective|p1a: Dondozo
|-damage|p1a: Dondozo|68/100
|-hitcount|p1a: Dondozo|5
|move|p1a: Dondozo|Waterfall|p2a: Cinccino
|-damage|p2a: Cinccino|0 fnt
|faint|p2a: Cinccino
|
|-heal|p1a: Dondozo|74/100|[from] item: Leftovers
|upkeep
|
|t:|1776054172
|switch|p2a: Hippowdon|Hippowdon, M|65/100
|-damage|p2a: Hippowdon|59/100|[from] Stealth Rock
|-weather|Sandstorm|[from] ability: Sand Stream|[of] p2a: Hippowdon
|turn|11
|
|t:|1776054187
|move|p2a: Hippowdon|Stealth Rock|p1a: Dondozo
|-sidestart|p1: H2vs|move: Stealth Rock
|move|p1a: Dondozo|Waterfall|p2a: Hippowdon
|-supereffective|p2a: Hippowdon
|-crit|p2a: Hippowdon
|-damage|p2a: Hippowdon|0 fnt
|faint|p2a: Hippowdon
|
|-weather|Sandstorm|[upkeep]
|-damage|p1a: Dondozo|68/100|[from] Sandstorm
|-heal|p1a: Dondozo|74/100|[from] item: Leftovers
|upkeep
|inactive|Bring09 has 90 seconds left.
|
|t:|1776054202
|switch|p2a: Whimsicott|Whimsicott, M, shiny|100/100
|-damage|p2a: Whimsicott|88/100|[from] Stealth Rock
|turn|12
|
|t:|1776054207
|move|p2a: Whimsicott|Sunny Day|p2a: Whimsicott
|-weather|SunnyDay
|move|p1a: Dondozo|Avalanche|p2a: Whimsicott
|-supereffective|p2a: Whimsicott
|-damage|p2a: Whimsicott|29/100
|
|-weather|SunnyDay|[upkeep]
|-heal|p1a: Dondozo|80/100|[from] item: Leftovers
|upkeep
|turn|13
|
|t:|1776054215
|move|p2a: Whimsicott|Moonblast|p1a: Dondozo
|-damage|p1a: Dondozo|47/100
|-unboost|p1a: Dondozo|spa|1
|move|p1a: Dondozo|Avalanche|p2a: Whimsicott
|-supereffective|p2a: Whimsicott
|-damage|p2a: Whimsicott|0 fnt
|faint|p2a: Whimsicott
|
|-weather|SunnyDay|[upkeep]
|-heal|p1a: Dondozo|53/100|[from] item: Leftovers
|upkeep
|
|t:|1776054225
|switch|p2a: Excadrill|Excadrill, F|100/100
|-damage|p2a: Excadrill|97/100|[from] Stealth Rock
|turn|14
|
|t:|1776054231
|-terastallize|p2a: Excadrill|Ground
|move|p2a: Excadrill|Earthquake|p1a: Dondozo
|-damage|p1a: Dondozo|30/100
|-damage|p2a: Excadrill|88/100|[from] item: Life Orb
|move|p1a: Dondozo|Waterfall|p2a: Excadrill
|-supereffective|p2a: Excadrill
|-damage|p2a: Excadrill|15/100
|
|-weather|SunnyDay|[upkeep]
|-heal|p1a: Dondozo|36/100|[from] item: Leftovers
|upkeep
|turn|15
|
|t:|1776054241
|move|p2a: Excadrill|Earthquake|p1a: Dondozo
|-damage|p1a: Dondozo|13/100
|-damage|p2a: Excadrill|5/100|[from] item: Life Orb
|move|p1a: Dondozo|Waterfall|p2a: Excadrill
|-supereffective|p2a: Excadrill
|-damage|p2a: Excadrill|0 fnt
|faint|p2a: Excadrill
|
|win|H2vs
|raw|H2vs's rating: 1082 &rarr; <strong>1114</strong><br />(+32 for winning)
|raw|Bring09's rating: 1130 &rarr; <strong>1102</strong><br />(-28 for losing)
|l|☆Bring09
|player|p2|
|l|☆H2vs
|player|p1|
