|html|<div class="broadcast-blue"><strong>[Gen 9] OU is currently suspecting Tera Blast! For information on how to participate check out the <a href="https://www.smogon.com/tools/suspects/view/200">suspect thread</a>.</strong></div>
|j|☆HyperStallMIA
|j|☆dedic
|t:|1776121460
|gametype|singles
|player|p1|HyperStallMIA|1|1524
|player|p2|dedic|ash|1506
|gen|9
|tier|[Gen 9] OU
|rated|
|rule|HP Percentage Mod: HP is shown in percentages
|rule|Endless Battle Clause: Forcing endless battles is banned
|rule|Species Clause: Limit one of each Pokémon
|rule|OHKO Clause: OHKO moves are banned
|rule|Evasion Items Clause: Evasion items are banned
|rule|Evasion Moves Clause: Evasion moves are banned
|rule|Evasion Abilities Clause: Evasion abilities are banned
|rule|Sleep Moves Clause: Sleep-inducing moves are banned
|clearpoke
|poke|p1|Corviknight, F|
|poke|p1|Gliscor, F|
|poke|p1|Alomomola, F|
|poke|p1|Blissey, F|
|poke|p1|Clodsire, F|
|poke|p1|Dondozo, F|
|poke|p2|Glimmora, F|
|poke|p2|Gholdengo|
|poke|p2|Ogerpon-Wellspring, F|
|poke|p2|Kingambit, F|
|poke|p2|Dragonite, F|
|poke|p2|Iron Valiant|
|teampreview
|inactive|Battle timer is ON: inactive players will automatically lose when time's up. (requested by HyperStallMIA)
|
|t:|1776121477
|teamsize|p1|6
|teamsize|p2|6
|start
|switch|p1a: Let's Try.|Gliscor, F, shiny|100/100
|switch|p2a: Glimmora|Glimmora, F|100/100
|turn|1
|
|t:|1776121483
|move|p1a: Let's Try.|Protect|p1a: Let's Try.
|-singleturn|p1a: Let's Try.|Protect
|move|p2a: Glimmora|Stealth Rock|p1a: Let's Try.
|-sidestart|p1: HyperStallMIA|move: Stealth Rock
|
|-status|p1a: Let's Try.|tox|[from] item: Toxic Orb
|upkeep
|turn|2
|
|t:|1776121496
|switch|p1a: Worth Trying.|Clodsire, F, shiny|100/100
|move|p2a: Glimmora|Spikes|p1a: Worth Trying.
|-sidestart|p1: HyperStallMIA|Spikes
|
|upkeep
|turn|3
|
|t:|1776121518
|switch|p2a: Gholdengo|Gholdengo|100/100
|-item|p2a: Gholdengo|Air Balloon
|move|p1a: Worth Trying.|Bulldoze|p2a: Gholdengo
|-immune|p2a: Gholdengo
|
|upkeep
|turn|4
|j| Mega Polteageist
|c| Mega Polteageist|hello HyperStallMIA
|c| Mega Polteageist|very interesting team
|inactive|HyperStallMIA has 120 seconds left.
|
|t:|1776121568
|switch|p2a: Glimmora|Glimmora, F|100/100
|switch|p1a: Try Harder.|Alomomola, F, shiny|100/100
|
|upkeep
|turn|5
|
|t:|1776121580
|switch|p1a: Still Trying?|Blissey, F, shiny|100/100
|move|p2a: Glimmora|Spikes|p1a: Still Trying?
|-sidestart|p1: HyperStallMIA|Spikes
|
|upkeep
|turn|6
|
|t:|1776121586
|switch|p2a: Gholdengo|Gholdengo|100/100
|-item|p2a: Gholdengo|Air Balloon
|move|p1a: Still Trying?|Seismic Toss|p2a: Gholdengo
|-immune|p2a: Gholdengo
|
|upkeep
|turn|7
|j| pingas machine
|
|t:|1776121595
|switch|p2a: Kingambit|Kingambit, F|100/100
|move|p1a: Still Trying?|Stealth Rock|p2a: Kingambit
|-sidestart|p2: dedic|move: Stealth Rock
|
|upkeep
|turn|8
|c| pingas machine|pringas
|inactive|HyperStallMIA has 120 seconds left.
|
|t:|1776121608
|-end|p2a: Kingambit|fallenundefined|[silent]
|switch|p2a: Gholdengo|Gholdengo|100/100
|-damage|p2a: Gholdengo|94/100|[from] Stealth Rock
|-item|p2a: Gholdengo|Air Balloon
|switch|p1a: Let's Try.|Gliscor, F, shiny|100/100 tox
|-damage|p1a: Let's Try.|88/100 tox|[from] Stealth Rock
|
|-heal|p1a: Let's Try.|100/100 tox|[from] ability: Poison Heal
|upkeep
|turn|9
|inactive|HyperStallMIA has 120 seconds left.
|
|t:|1776121644
|switch|p2a: Kingambit|Kingambit, F|100/100
|-damage|p2a: Kingambit|94/100|[from] Stealth Rock
|switch|p1a: Still Trying?|Blissey, F, shiny|100/100
|
|upkeep
|turn|10
|
|t:|1776121651
|switch|p1a: Let's Try.|Gliscor, F, shiny|100/100 tox
|-damage|p1a: Let's Try.|88/100 tox|[from] Stealth Rock
|move|p2a: Kingambit|Swords Dance|p2a: Kingambit
|-boost|p2a: Kingambit|atk|2
|
|-heal|p1a: Let's Try.|100/100 tox|[from] ability: Poison Heal
|upkeep
|turn|11
|inactive|HyperStallMIA has 120 seconds left.
|
|t:|1776121667
|move|p1a: Let's Try.|Knock Off|p2a: Kingambit
|-resisted|p2a: Kingambit
|-damage|p2a: Kingambit|86/100
|-enditem|p2a: Kingambit|Lum Berry|[from] move: Knock Off|[of] p1a: Let's Try.
|move|p2a: Kingambit|Kowtow Cleave|p1a: Let's Try.
|-damage|p1a: Let's Try.|40/100 tox
|
|-heal|p1a: Let's Try.|52/100 tox|[from] ability: Poison Heal
|upkeep
|turn|12
|
|t:|1776121676
|move|p1a: Let's Try.|Protect|p1a: Let's Try.
|-singleturn|p1a: Let's Try.|Protect
|move|p2a: Kingambit|Swords Dance|p2a: Kingambit
|-boost|p2a: Kingambit|atk|2
|
|-heal|p1a: Let's Try.|65/100 tox|[from] ability: Poison Heal
|upkeep
|turn|13
|
|t:|1776121680
|switch|p1a: You Tried.|Dondozo, F, shiny|100/100
|move|p2a: Kingambit|Kowtow Cleave|p1a: You Tried.
|-damage|p1a: You Tried.|76/100
|
|upkeep
|turn|14
|
|t:|1776121691
|-end|p2a: Kingambit|fallenundefined|[silent]
|switch|p2a: Glimmora|Glimmora, F|100/100
|-damage|p2a: Glimmora|88/100|[from] Stealth Rock
|move|p1a: You Tried.|Body Press|p2a: Glimmora
|-damage|p2a: Glimmora|53/100
|-activate|p2a: Glimmora|ability: Toxic Debris
|-sidestart|p1: HyperStallMIA|move: Toxic Spikes
|
|upkeep
|turn|15
|
|t:|1776121706
|switch|p1a: Worth Trying.|Clodsire, F, shiny|100/100
|-sideend|p1: HyperStallMIA|move: Toxic Spikes|[of] p1a: Worth Trying.
|move|p2a: Glimmora|Mortal Spin|p1a: Worth Trying.
|-resisted|p1a: Worth Trying.
|-damage|p1a: Worth Trying.|99/100
|-sideend|p2: dedic|Stealth Rock|[from] move: Mortal Spin|[of] p2a: Glimmora
|
|upkeep
|turn|16
|
|t:|1776121719
|switch|p2a: Gholdengo|Gholdengo|94/100
|-item|p2a: Gholdengo|Air Balloon
|switch|p1a: Still Trying?|Blissey, F, shiny|100/100
|
|upkeep
|turn|17
|
|t:|1776121727
|move|p2a: Gholdengo|Nasty Plot|p2a: Gholdengo
|-boost|p2a: Gholdengo|spa|2
|move|p1a: Still Trying?|Stealth Rock|p2a: Gholdengo
|-sidestart|p2: dedic|move: Stealth Rock
|
|upkeep
|turn|18
|
|t:|1776121738
|move|p2a: Gholdengo|Focus Blast|p1a: Still Trying?|[miss]
|-miss|p2a: Gholdengo|p1a: Still Trying?
|move|p1a: Still Trying?|Calm Mind|p1a: Still Trying?
|-boost|p1a: Still Trying?|spa|1
|-boost|p1a: Still Trying?|spd|1
|
|upkeep
|turn|19
|
|t:|1776121750
|switch|p2a: Glimmora|Glimmora, F|53/100
|-damage|p2a: Glimmora|40/100|[from] Stealth Rock
|move|p1a: Still Trying?|Calm Mind|p1a: Still Trying?
|-boost|p1a: Still Trying?|spa|1
|-boost|p1a: Still Trying?|spd|1
|
|upkeep
|turn|20
|
|t:|1776121754
|move|p2a: Glimmora|Mortal Spin|p1a: Still Trying?
|-damage|p1a: Still Trying?|96/100
|-status|p1a: Still Trying?|psn
|-sideend|p2: dedic|Stealth Rock|[from] move: Mortal Spin|[of] p2a: Glimmora
|move|p1a: Still Trying?|Seismic Toss|p2a: Glimmora
|-damage|p2a: Glimmora|8/100
|-activate|p2a: Glimmora|ability: Toxic Debris
|-sidestart|p1: HyperStallMIA|move: Toxic Spikes
|
|-damage|p1a: Still Trying?|83/100 psn|[from] psn
|upkeep
|turn|21
|
|t:|1776121758
|switch|p2a: Gholdengo|Gholdengo|94/100
|-item|p2a: Gholdengo|Air Balloon
|move|p1a: Still Trying?|Stealth Rock|p2a: Gholdengo
|-sidestart|p2: dedic|move: Stealth Rock
|
|-damage|p1a: Still Trying?|71/100 psn|[from] psn
|upkeep
|turn|22
|inactive|HyperStallMIA has 120 seconds left.
|
|t:|1776121789
|-curestatus|p1a: Still Trying?|psn|[from] ability: Natural Cure
|switch|p1a: Worth Trying.|Clodsire, F, shiny|99/100
|-sideend|p1: HyperStallMIA|move: Toxic Spikes|[of] p1a: Worth Trying.
|move|p2a: Gholdengo|Nasty Plot|p2a: Gholdengo
|-boost|p2a: Gholdengo|spa|2
|
|upkeep
|turn|23
|
|t:|1776121798
|move|p2a: Gholdengo|Focus Blast|p1a: Worth Trying.
|-resisted|p1a: Worth Trying.
|-damage|p1a: Worth Trying.|89/100
|move|p1a: Worth Trying.|Amnesia|p1a: Worth Trying.
|-boost|p1a: Worth Trying.|spd|2
|
|upkeep
|turn|24
|
|t:|1776121805
|switch|p2a: Iron Valiant|Iron Valiant|100/100
|-damage|p2a: Iron Valiant|94/100|[from] Stealth Rock
|-enditem|p2a: Iron Valiant|Booster Energy
|-activate|p2a: Iron Valiant|ability: Quark Drive|[fromitem]
|-start|p2a: Iron Valiant|quarkdrivespe
|move|p1a: Worth Trying.|Toxic|p2a: Iron Valiant
|-status|p2a: Iron Valiant|tox
|
|-damage|p2a: Iron Valiant|88/100 tox|[from] psn
|upkeep
|turn|25
|l| Mega Polteageist
|inactive|HyperStallMIA has 120 seconds left.
|inactive|HyperStallMIA has 90 seconds left.
|j| EpicMealTime69
|
|t:|1776121876
|switch|p1a: Try Harder.|Alomomola, F, shiny|100/100
|move|p2a: Iron Valiant|Knock Off|p1a: Try Harder.
|-damage|p1a: Try Harder.|83/100
|-enditem|p1a: Try Harder.|Heavy-Duty Boots|[from] move: Knock Off|[of] p2a: Iron Valiant
|
|-damage|p2a: Iron Valiant|76/100 tox|[from] psn
|upkeep
|turn|26
|
|t:|1776121892
|move|p2a: Iron Valiant|Moonblast|p1a: Try Harder.
|-damage|p1a: Try Harder.|41/100
|move|p1a: Try Harder.|Wish|p1a: Try Harder.
|
|-damage|p2a: Iron Valiant|57/100 tox|[from] psn
|upkeep
|turn|27
|
|t:|1776121900
|move|p1a: Try Harder.|Protect|p1a: Try Harder.
|-singleturn|p1a: Try Harder.|Protect
|move|p2a: Iron Valiant|Knock Off|p1a: Try Harder.
|-activate|p1a: Try Harder.|move: Protect
|
|-heal|p1a: Try Harder.|91/100|[from] move: Wish|[wisher] Try Harder.
|-damage|p2a: Iron Valiant|32/100 tox|[from] psn
|upkeep
|turn|28
|
|t:|1776121909
|move|p2a: Iron Valiant|Encore|p1a: Try Harder.
|-start|p1a: Try Harder.|Encore
|move|p1a: Try Harder.|Protect||[still]
|-fail|p1a: Try Harder.
|
|-damage|p2a: Iron Valiant|1/100 tox|[from] psn
|upkeep
|turn|29
|
|t:|1776121914
|move|p1a: Try Harder.|Protect|p1a: Try Harder.
|-singleturn|p1a: Try Harder.|Protect
|move|p2a: Iron Valiant|Knock Off|p1a: Try Harder.
|-activate|p1a: Try Harder.|move: Protect
|
|-damage|p2a: Iron Valiant|0 fnt|[from] psn
|faint|p2a: Iron Valiant
|-end|p2a: Iron Valiant|Quark Drive|[silent]
|upkeep
|
|t:|1776121916
|switch|p2a: Ogerpon|Ogerpon-Wellspring, F|100/100
|-damage|p2a: Ogerpon|88/100|[from] Stealth Rock
|turn|30
|
|t:|1776121922
|switch|p1a: Keep Trying.|Corviknight, F, shiny|100/100
|-ability|p1a: Keep Trying.|Pressure
|move|p2a: Ogerpon|Swords Dance|p2a: Ogerpon
|-boost|p2a: Ogerpon|atk|2
|
|upkeep
|turn|31
|
|t:|1776121931
|-terastallize|p2a: Ogerpon|Water
|detailschange|p2a: Ogerpon|Ogerpon-Wellspring-Tera, F, tera:Water
|-ability|p2a: Ogerpon|Embody Aspect (Wellspring)|boost
|-boost|p2a: Ogerpon|spd|1
|-terastallize|p1a: Keep Trying.|Dragon
|move|p2a: Ogerpon|Ivy Cudgel|p1a: Keep Trying.|[anim] Ivy Cudgel Water
|-resisted|p1a: Keep Trying.
|-damage|p1a: Keep Trying.|48/100
|move|p1a: Keep Trying.|Iron Defense|p1a: Keep Trying.
|-boost|p1a: Keep Trying.|def|2
|
|upkeep
|turn|32
|
|t:|1776121942
|move|p2a: Ogerpon|Swords Dance|p2a: Ogerpon
|-boost|p2a: Ogerpon|atk|2
|move|p1a: Keep Trying.|Roost|p1a: Keep Trying.
|-heal|p1a: Keep Trying.|98/100
|
|upkeep
|turn|33
|
|t:|1776121947
|move|p2a: Ogerpon|Play Rough|p1a: Keep Trying.
|-supereffective|p1a: Keep Trying.
|-damage|p1a: Keep Trying.|30/100
|move|p1a: Keep Trying.|Body Press|p2a: Ogerpon
|-damage|p2a: Ogerpon|24/100
|
|upkeep
|turn|34
|
|t:|1776121963
|move|p2a: Ogerpon|Play Rough|p1a: Keep Trying.
|-supereffective|p1a: Keep Trying.
|-damage|p1a: Keep Trying.|0 fnt
|faint|p1a: Keep Trying.
|
|upkeep
|j| Hypnotoad
|
|t:|1776121968
|switch|p1a: You Tried.|Dondozo, F, shiny|76/100
|turn|35
|
|t:|1776121972
|move|p2a: Ogerpon|Power Whip|p1a: You Tried.|[miss]
|-miss|p2a: Ogerpon|p1a: You Tried.
|move|p1a: You Tried.|Body Press|p2a: Ogerpon
|-damage|p2a: Ogerpon|0 fnt
|faint|p2a: Ogerpon
|detailschange|p2: Ogerpon|Ogerpon-Wellspring, F|[silent]
|
|upkeep
|c| pingas machine|lel
|c| EpicMealTime69|oof
|c| EpicMealTime69|that didn't kill anyways
|c| pingas machine|its not aware
|
|t:|1776121989
|switch|p2a: Gholdengo|Gholdengo|94/100
|-damage|p2a: Gholdengo|88/100|[from] Stealth Rock
|-item|p2a: Gholdengo|Air Balloon
|turn|36
|c|☆dedic|yea but it opened everything up with a hit
|
|t:|1776122012
|switch|p1a: Worth Trying.|Clodsire, F, shiny|89/100
|move|p2a: Gholdengo|Focus Blast|p1a: Worth Trying.|[miss]
|-miss|p2a: Gholdengo|p1a: Worth Trying.
|
|upkeep
|turn|37
|inactive|HyperStallMIA has 120 seconds left.
|
|t:|1776122036
|switch|p1a: Try Harder.|Alomomola, F, shiny|100/100
|-damage|p1a: Try Harder.|88/100|[from] Stealth Rock
|-damage|p1a: Try Harder.|72/100|[from] Spikes
|move|p2a: Gholdengo|Nasty Plot|p2a: Gholdengo
|-boost|p2a: Gholdengo|spa|2
|
|upkeep
|turn|38
|
|t:|1776122048
|switch|p1a: Worth Trying.|Clodsire, F, shiny|89/100
|move|p2a: Gholdengo|Nasty Plot|p2a: Gholdengo
|-boost|p2a: Gholdengo|spa|2
|
|upkeep
|turn|39
|
|t:|1776122056
|move|p2a: Gholdengo|Shadow Ball|p1a: Worth Trying.
|-damage|p1a: Worth Trying.|66/100
|move|p1a: Worth Trying.|Amnesia|p1a: Worth Trying.
|-boost|p1a: Worth Trying.|spd|2
|
|upkeep
|turn|40
|-message|dedic forfeited.
|
|win|HyperStallMIA
|raw|HyperStallMIA's rating: 1524 &rarr; <strong>1543</strong><br />(+19 for winning)
|raw|dedic's rating: 1506 &rarr; <strong>1487</strong><br />(-19 for losing)
|l|☆dedic
|player|p2|
|l| EpicMealTime69
|l| Hypnotoad
