|html|<div class="broadcast-blue"><strong>[Gen 9] OU is currently suspecting Volcarona! For information on how to participate check out the <a href="https://www.smogon.com/tools/suspects/view/208">suspect thread</a>.</strong></div>
|j|☆KebZ420
|j|☆Bass778
|t:|1778502094
|gametype|singles
|player|p1|KebZ420|102|1245
|player|p2|Bass778|jupiter|1190
|gen|9
|tier|[Gen 9] OU
|rated|
|rule|HP Percentage Mod: HP is shown in percentages
|rule|Endless Battle Clause: Forcing endless battles is banned
|rule|Species Clause: Limit one of each Pokémon
|rule|OHKO Clause: OHKO moves are banned
|rule|Evasion Items Clause: Evasion items are banned
|rule|Evasion Moves Clause: Evasion moves are banned
|rule|Evasion Abilities Clause: Evasion abilities are banned
|rule|Sleep Moves Clause: Sleep-inducing moves are banned
|clearpoke
|poke|p1|Dondozo, F|
|poke|p1|Blissey, F|
|poke|p1|Gliscor, F|
|poke|p1|Gholdengo|
|poke|p1|Slowking-Galar, F|
|poke|p1|Skarmory, F|
|poke|p2|Cinderace, M|
|poke|p2|Drifblim, M|
|poke|p2|Greninja-*, M|
|poke|p2|Clodsire, M|
|poke|p2|Whimsicott, F|
|poke|p2|Bronzong|
|teampreview
|
|t:|1778502100
|teamsize|p1|6
|teamsize|p2|6
|start
|switch|p1a: Gliscor|Gliscor, F|100/100
|switch|p2a: Whimsicott|Whimsicott, F, shiny|100/100
|turn|1
|
|t:|1778502110
|move|p2a: Whimsicott|Substitute|p2a: Whimsicott
|-start|p2a: Whimsicott|Substitute
|-damage|p2a: Whimsicott|75/100
|move|p1a: Gliscor|Toxic|p2a: Whimsicott|[miss]
|-miss|p1a: Gliscor|p2a: Whimsicott
|
|-heal|p2a: Whimsicott|82/100|[from] item: Leftovers
|-status|p1a: Gliscor|tox|[from] item: Toxic Orb
|upkeep
|turn|2
|
|t:|1778502120
|switch|p1a: Blissey|Blissey, F|100/100
|move|p2a: Whimsicott|Leech Seed|p1a: Blissey
|-start|p1a: Blissey|move: Leech Seed
|
|-heal|p2a: Whimsicott|88/100|[from] item: Leftovers
|-damage|p1a: Blissey|88/100|[from] Leech Seed|[of] p2a: Whimsicott
|-heal|p2a: Whimsicott|100/100|[silent]
|upkeep
|turn|3
|
|t:|1778502131
|switch|p1a: Gliscor|Gliscor, F|100/100 tox
|move|p2a: Whimsicott|Charm|p1a: Gliscor
|-unboost|p1a: Gliscor|atk|2
|
|upkeep
|turn|4
|
|t:|1778502138
|move|p2a: Whimsicott|Leech Seed|p1a: Gliscor
|-start|p1a: Gliscor|move: Leech Seed
|move|p1a: Gliscor|Swords Dance|p1a: Gliscor
|-boost|p1a: Gliscor|atk|2
|
|-damage|p1a: Gliscor|88/100 tox|[from] Leech Seed|[of] p2a: Whimsicott
|-heal|p1a: Gliscor|100/100 tox|[from] ability: Poison Heal
|upkeep
|turn|5
|
|t:|1778502148
|switch|p1a: Blissey|Blissey, F|88/100
|move|p2a: Whimsicott|Charm|p1a: Blissey
|-unboost|p1a: Blissey|atk|2
|
|upkeep
|turn|6
|
|t:|1778502158
|move|p2a: Whimsicott|Leech Seed|p1a: Blissey
|-start|p1a: Blissey|move: Leech Seed
|move|p1a: Blissey|Shadow Ball|p2a: Whimsicott
|-activate|p2a: Whimsicott|move: Substitute|[damage]
|
|-damage|p1a: Blissey|76/100|[from] Leech Seed|[of] p2a: Whimsicott
|upkeep
|turn|7
|inactive|Battle timer is ON: inactive players will automatically lose when time's up. (requested by KebZ420)
|
|t:|1778502167
|switch|p1a: Gliscor|Gliscor, F|100/100 tox
|move|p2a: Whimsicott|Leech Seed|p1a: Gliscor
|-start|p1a: Gliscor|move: Leech Seed
|
|-damage|p1a: Gliscor|88/100 tox|[from] Leech Seed|[of] p2a: Whimsicott
|-heal|p1a: Gliscor|100/100 tox|[from] ability: Poison Heal
|upkeep
|turn|8
|
|t:|1778502180
|move|p2a: Whimsicott|Leech Seed||[still]
|-fail|p2a: Whimsicott
|move|p1a: Gliscor|Knock Off|p2a: Whimsicott
|-resisted|p2a: Whimsicott
|-end|p2a: Whimsicott|Substitute
|
|-damage|p1a: Gliscor|88/100 tox|[from] Leech Seed|[of] p2a: Whimsicott
|-heal|p1a: Gliscor|100/100 tox|[from] ability: Poison Heal
|upkeep
|turn|9
|
|t:|1778502190
|move|p2a: Whimsicott|Substitute|p2a: Whimsicott
|-start|p2a: Whimsicott|Substitute
|-damage|p2a: Whimsicott|75/100
|move|p1a: Gliscor|Knock Off|p2a: Whimsicott
|-resisted|p2a: Whimsicott
|-activate|p2a: Whimsicott|move: Substitute|[damage]
|
|-heal|p2a: Whimsicott|82/100|[from] item: Leftovers
|-damage|p1a: Gliscor|88/100 tox|[from] Leech Seed|[of] p2a: Whimsicott
|-heal|p2a: Whimsicott|95/100|[silent]
|-heal|p1a: Gliscor|100/100 tox|[from] ability: Poison Heal
|upkeep
|turn|10
|
|t:|1778502203
|move|p2a: Whimsicott|Charm|p1a: Gliscor
|-unboost|p1a: Gliscor|atk|2
|move|p1a: Gliscor|Knock Off|p2a: Whimsicott
|-resisted|p2a: Whimsicott
|-activate|p2a: Whimsicott|move: Substitute|[damage]
|
|-heal|p2a: Whimsicott|100/100|[from] item: Leftovers
|-damage|p1a: Gliscor|88/100 tox|[from] Leech Seed|[of] p2a: Whimsicott
|-heal|p1a: Gliscor|100/100 tox|[from] ability: Poison Heal
|upkeep
|turn|11
|
|t:|1778502216
|switch|p1a: Slowking|Slowking-Galar, F|100/100
|move|p2a: Whimsicott|Charm|p1a: Slowking
|-unboost|p1a: Slowking|atk|2
|
|upkeep
|turn|12
|
|t:|1778502225
|move|p2a: Whimsicott|Leech Seed|p1a: Slowking
|-start|p1a: Slowking|move: Leech Seed
|move|p1a: Slowking|Future Sight|p2a: Whimsicott
|-start|p1a: Slowking|move: Future Sight
|
|-damage|p1a: Slowking|88/100|[from] Leech Seed|[of] p2a: Whimsicott
|upkeep
|turn|13
|
|t:|1778502234
|move|p2a: Whimsicott|Leech Seed||[still]
|-fail|p2a: Whimsicott
|-prepare|p1a: Slowking|Chilly Reception|[premajor]
|move|p1a: Slowking|Chilly Reception|p1a: Slowking
|-weather|Snowscape
|
|t:|1778502240
|switch|p1a: Gliscor|Gliscor, F|100/100 tox|[from] Chilly Reception
|
|-weather|Snowscape|[upkeep]
|upkeep
|turn|14
|
|t:|1778502251
|move|p2a: Whimsicott|Charm|p1a: Gliscor
|-unboost|p1a: Gliscor|atk|2
|move|p1a: Gliscor|Knock Off|p2a: Whimsicott
|-resisted|p2a: Whimsicott
|-end|p2a: Whimsicott|Substitute
|
|-weather|Snowscape|[upkeep]
|-end|p2a: Whimsicott|move: Future Sight
|-damage|p2a: Whimsicott|54/100
|-heal|p2a: Whimsicott|60/100|[from] item: Leftovers
|upkeep
|turn|15
|
|t:|1778502264
|move|p2a: Whimsicott|Substitute|p2a: Whimsicott
|-start|p2a: Whimsicott|Substitute
|-damage|p2a: Whimsicott|35/100
|move|p1a: Gliscor|Knock Off|p2a: Whimsicott
|-resisted|p2a: Whimsicott
|-activate|p2a: Whimsicott|move: Substitute|[damage]
|
|-weather|Snowscape|[upkeep]
|-heal|p2a: Whimsicott|42/100|[from] item: Leftovers
|upkeep
|turn|16
|
|t:|1778502275
|move|p2a: Whimsicott|Leech Seed|p1a: Gliscor
|-start|p1a: Gliscor|move: Leech Seed
|move|p1a: Gliscor|Swords Dance|p1a: Gliscor
|-boost|p1a: Gliscor|atk|2
|
|-weather|Snowscape|[upkeep]
|-heal|p2a: Whimsicott|48/100|[from] item: Leftovers
|-damage|p1a: Gliscor|88/100 tox|[from] Leech Seed|[of] p2a: Whimsicott
|-heal|p2a: Whimsicott|61/100|[silent]
|-heal|p1a: Gliscor|100/100 tox|[from] ability: Poison Heal
|upkeep
|turn|17
|
|t:|1778502287
|move|p2a: Whimsicott|Tailwind|p2a: Whimsicott
|-sidestart|p2: Bass778|move: Tailwind
|move|p1a: Gliscor|Knock Off|p2a: Whimsicott
|-resisted|p2a: Whimsicott
|-activate|p2a: Whimsicott|move: Substitute|[damage]
|
|-weather|none
|-heal|p2a: Whimsicott|67/100|[from] item: Leftovers
|-damage|p1a: Gliscor|88/100 tox|[from] Leech Seed|[of] p2a: Whimsicott
|-heal|p2a: Whimsicott|81/100|[silent]
|-heal|p1a: Gliscor|100/100 tox|[from] ability: Poison Heal
|upkeep
|turn|18
|
|t:|1778502301
|switch|p2a: Bronzong|Bronzong, shiny|100/100
|move|p1a: Gliscor|Swords Dance|p1a: Gliscor
|-boost|p1a: Gliscor|atk|2
|
|-damage|p1a: Gliscor|88/100 tox|[from] Leech Seed|[of] p2a: Bronzong
|-heal|p1a: Gliscor|100/100 tox|[from] ability: Poison Heal
|upkeep
|turn|19
|
|t:|1778502312
|move|p1a: Gliscor|Knock Off|p2a: Bronzong
|-supereffective|p2a: Bronzong
|-damage|p2a: Bronzong|38/100
|-enditem|p2a: Bronzong|Leftovers|[from] move: Knock Off|[of] p1a: Gliscor
|move|p2a: Bronzong|Iron Defense|p2a: Bronzong
|-boost|p2a: Bronzong|def|2
|
|-damage|p1a: Gliscor|88/100 tox|[from] Leech Seed|[of] p2a: Bronzong
|-heal|p2a: Bronzong|51/100|[silent]
|-heal|p1a: Gliscor|100/100 tox|[from] ability: Poison Heal
|upkeep
|turn|20
|
|t:|1778502332
|switch|p1a: Dondozo|Dondozo, F|100/100
|move|p2a: Bronzong|Iron Defense|p2a: Bronzong
|-boost|p2a: Bronzong|def|2
|
|-sideend|p2: Bass778|move: Tailwind
|upkeep
|turn|21
|
|t:|1778502339
|move|p1a: Dondozo|Curse|p1a: Dondozo
|-unboost|p1a: Dondozo|spe|1
|-boost|p1a: Dondozo|atk|1
|-boost|p1a: Dondozo|def|1
|move|p2a: Bronzong|Body Press|p1a: Dondozo
|-damage|p1a: Dondozo|93/100
|
|upkeep
|turn|22
|
|t:|1778502348
|move|p2a: Bronzong|Iron Defense|p2a: Bronzong
|-boost|p2a: Bronzong|def|2
|move|p1a: Dondozo|Curse|p1a: Dondozo
|-unboost|p1a: Dondozo|spe|1
|-boost|p1a: Dondozo|atk|1
|-boost|p1a: Dondozo|def|1
|
|upkeep
|turn|23
|
|t:|1778502355
|move|p2a: Bronzong|Body Press|p1a: Dondozo
|-damage|p1a: Dondozo|87/100
|move|p1a: Dondozo|Curse|p1a: Dondozo
|-unboost|p1a: Dondozo|spe|1
|-boost|p1a: Dondozo|atk|1
|-boost|p1a: Dondozo|def|1
|
|upkeep
|turn|24
|
|t:|1778502357
|move|p2a: Bronzong|Stealth Rock|p1a: Dondozo
|-sidestart|p1: KebZ420|move: Stealth Rock
|move|p1a: Dondozo|Curse|p1a: Dondozo
|-unboost|p1a: Dondozo|spe|1
|-boost|p1a: Dondozo|atk|1
|-boost|p1a: Dondozo|def|1
|
|upkeep
|turn|25
|
|t:|1778502363
|switch|p2a: Clodsire|Clodsire, M, shiny|100/100
|move|p1a: Dondozo|Curse|p1a: Dondozo
|-unboost|p1a: Dondozo|spe|1
|-boost|p1a: Dondozo|atk|1
|-boost|p1a: Dondozo|def|1
|
|upkeep
|turn|26
|
|t:|1778502373
|move|p2a: Clodsire|Haze|p2a: Clodsire
|-clearallboost
|move|p1a: Dondozo|Avalanche|p2a: Clodsire
|-supereffective|p2a: Clodsire
|-damage|p2a: Clodsire|79/100
|
|-heal|p2a: Clodsire|86/100|[from] item: Black Sludge
|upkeep
|turn|27
|
|t:|1778502380
|switch|p1a: Skarmory|Skarmory, F|100/100
|-damage|p1a: Skarmory|88/100|[from] Stealth Rock
|move|p2a: Clodsire|Counter||[still]
|-fail|p2a: Clodsire
|
|-heal|p2a: Clodsire|92/100|[from] item: Black Sludge
|upkeep
|turn|28
|
|t:|1778502401
|switch|p2a: Drifblim|Drifblim, M, shiny|100/100
|move|p1a: Skarmory|Stealth Rock|p2a: Drifblim
|-sidestart|p2: Bass778|move: Stealth Rock
|
|upkeep
|turn|29
|
|t:|1778502410
|move|p2a: Drifblim|Calm Mind|p2a: Drifblim
|-boost|p2a: Drifblim|spa|1
|-boost|p2a: Drifblim|spd|1
|move|p1a: Skarmory|Spikes|p2a: Drifblim
|-sidestart|p2: Bass778|Spikes
|
|upkeep
|turn|30
|
|t:|1778502416
|move|p2a: Drifblim|Calm Mind|p2a: Drifblim
|-boost|p2a: Drifblim|spa|1
|-boost|p2a: Drifblim|spd|1
|move|p1a: Skarmory|Whirlwind|p2a: Drifblim
|drag|p2a: Whimsicott|Whimsicott, F, shiny|81/100
|-damage|p2a: Whimsicott|69/100|[from] Stealth Rock
|-damage|p2a: Whimsicott|56/100|[from] Spikes
|
|-heal|p2a: Whimsicott|63/100|[from] item: Leftovers
|upkeep
|turn|31
|
|t:|1778502434
|move|p2a: Whimsicott|Leech Seed|p1a: Skarmory
|-start|p1a: Skarmory|move: Leech Seed
|move|p1a: Skarmory|Spikes|p2a: Whimsicott
|-sidestart|p2: Bass778|Spikes
|
|-heal|p2a: Whimsicott|69/100|[from] item: Leftovers
|-damage|p1a: Skarmory|76/100|[from] Leech Seed|[of] p2a: Whimsicott
|-heal|p2a: Whimsicott|81/100|[silent]
|upkeep
|turn|32
|
|t:|1778502444
|switch|p2a: Bronzong|Bronzong, shiny|51/100
|-damage|p2a: Bronzong|45/100|[from] Stealth Rock
|switch|p1a: Slowking|Slowking-Galar, F|100/100
|
|upkeep
|turn|33
|
|t:|1778502451
|switch|p1a: Skarmory|Skarmory, F|76/100
|-damage|p1a: Skarmory|64/100|[from] Stealth Rock
|move|p2a: Bronzong|Gyro Ball|p1a: Skarmory
|-resisted|p1a: Skarmory
|-damage|p1a: Skarmory|58/100
|
|upkeep
|turn|34
|
|t:|1778502457
|move|p1a: Skarmory|Roost|p1a: Skarmory
|-heal|p1a: Skarmory|100/100
|-singleturn|p1a: Skarmory|move: Roost
|move|p2a: Bronzong|Body Press|p1a: Skarmory
|-supereffective|p1a: Skarmory
|-damage|p1a: Skarmory|72/100
|
|upkeep
|turn|35
|
|t:|1778502464
|move|p2a: Bronzong|Iron Defense|p2a: Bronzong
|-boost|p2a: Bronzong|def|2
|move|p1a: Skarmory|Whirlwind|p2a: Bronzong
|drag|p2a: Cinderace|Cinderace, M, shiny|100/100
|-damage|p2a: Cinderace|76/100|[from] Stealth Rock
|-damage|p2a: Cinderace|59/100|[from] Spikes
|
|upkeep
|turn|36
|
|t:|1778502470
|switch|p1a: Gliscor|Gliscor, F|100/100 tox
|-damage|p1a: Gliscor|88/100 tox|[from] Stealth Rock
|move|p2a: Cinderace|Pyro Ball|p1a: Gliscor
|-damage|p1a: Gliscor|45/100 tox
|
|-heal|p1a: Gliscor|58/100 tox|[from] ability: Poison Heal
|upkeep
|turn|37
|
|t:|1778502480
|move|p1a: Gliscor|Protect|p1a: Gliscor
|-singleturn|p1a: Gliscor|Protect
|move|p2a: Cinderace|Iron Head|p1a: Gliscor
|-start|p2a: Cinderace|typechange|Steel|[from] ability: Libero
|-activate|p1a: Gliscor|move: Protect
|
|-heal|p1a: Gliscor|70/100 tox|[from] ability: Poison Heal
|upkeep
|turn|38
|
|t:|1778502490
|move|p2a: Cinderace|Pyro Ball|p1a: Gliscor
|-damage|p1a: Gliscor|39/100 tox
|move|p1a: Gliscor|Knock Off|p2a: Cinderace
|-damage|p2a: Cinderace|29/100
|-enditem|p2a: Cinderace|Wide Lens|[from] move: Knock Off|[of] p1a: Gliscor
|
|-heal|p1a: Gliscor|52/100 tox|[from] ability: Poison Heal
|upkeep
|turn|39
|
|t:|1778502498
|move|p1a: Gliscor|Protect|p1a: Gliscor
|-singleturn|p1a: Gliscor|Protect
|move|p2a: Cinderace|Pyro Ball|p1a: Gliscor
|-activate|p1a: Gliscor|move: Protect
|
|-heal|p1a: Gliscor|64/100 tox|[from] ability: Poison Heal
|upkeep
|turn|40
|
|t:|1778502505
|move|p2a: Cinderace|Pyro Ball|p1a: Gliscor|[miss]
|-miss|p2a: Cinderace|p1a: Gliscor
|move|p1a: Gliscor|Swords Dance|p1a: Gliscor
|-boost|p1a: Gliscor|atk|2
|
|-heal|p1a: Gliscor|76/100 tox|[from] ability: Poison Heal
|upkeep
|turn|41
|
|t:|1778502511
|move|p1a: Gliscor|Protect|p1a: Gliscor
|-singleturn|p1a: Gliscor|Protect
|move|p2a: Cinderace|High Jump Kick|p1a: Gliscor
|-activate|p1a: Gliscor|move: Protect
|-damage|p2a: Cinderace|0 fnt|[from] highjumpkick
|faint|p2a: Cinderace
|
|-heal|p1a: Gliscor|89/100 tox|[from] ability: Poison Heal
|upkeep
|
|t:|1778502518
|switch|p2a: Whimsicott|Whimsicott, F, shiny|81/100
|-damage|p2a: Whimsicott|69/100|[from] Stealth Rock
|-damage|p2a: Whimsicott|52/100|[from] Spikes
|turn|42
|
|t:|1778502522
|move|p2a: Whimsicott|Charm|p1a: Gliscor
|-unboost|p1a: Gliscor|atk|2
|move|p1a: Gliscor|Knock Off|p2a: Whimsicott
|-resisted|p2a: Whimsicott
|-damage|p2a: Whimsicott|41/100
|-enditem|p2a: Whimsicott|Leftovers|[from] move: Knock Off|[of] p1a: Gliscor
|
|-heal|p1a: Gliscor|100/100 tox|[from] ability: Poison Heal
|upkeep
|turn|43
|
|t:|1778502527
|switch|p1a: Skarmory|Skarmory, F|72/100
|-damage|p1a: Skarmory|60/100|[from] Stealth Rock
|move|p2a: Whimsicott|Leech Seed|p1a: Skarmory
|-start|p1a: Skarmory|move: Leech Seed
|
|-damage|p1a: Skarmory|48/100|[from] Leech Seed|[of] p2a: Whimsicott
|-heal|p2a: Whimsicott|53/100|[silent]
|upkeep
|turn|44
|
|t:|1778502537
|move|p2a: Whimsicott|Charm|p1a: Skarmory
|-unboost|p1a: Skarmory|atk|2
|move|p1a: Skarmory|Roost|p1a: Skarmory
|-heal|p1a: Skarmory|98/100
|-singleturn|p1a: Skarmory|move: Roost
|
|-damage|p1a: Skarmory|86/100|[from] Leech Seed|[of] p2a: Whimsicott
|-heal|p2a: Whimsicott|66/100|[silent]
|upkeep
|turn|45
|
|t:|1778502547
|switch|p1a: Gliscor|Gliscor, F|100/100 tox
|-damage|p1a: Gliscor|88/100 tox|[from] Stealth Rock
|move|p2a: Whimsicott|Leech Seed|p1a: Gliscor
|-start|p1a: Gliscor|move: Leech Seed
|
|-damage|p1a: Gliscor|76/100 tox|[from] Leech Seed|[of] p2a: Whimsicott
|-heal|p2a: Whimsicott|80/100|[silent]
|-heal|p1a: Gliscor|88/100 tox|[from] ability: Poison Heal
|upkeep
|turn|46
|
|t:|1778502564
|switch|p1a: Slowking|Slowking-Galar, F|100/100
|move|p2a: Whimsicott|Charm|p1a: Slowking
|-unboost|p1a: Slowking|atk|2
|
|upkeep
|turn|47
|
|t:|1778502570
|move|p2a: Whimsicott|Leech Seed|p1a: Slowking
|-start|p1a: Slowking|move: Leech Seed
|move|p1a: Slowking|Future Sight|p2a: Whimsicott
|-start|p1a: Slowking|move: Future Sight
|
|-damage|p1a: Slowking|88/100|[from] Leech Seed|[of] p2a: Whimsicott
|-heal|p2a: Whimsicott|95/100|[silent]
|upkeep
|turn|48
|
|t:|1778502578
|move|p2a: Whimsicott|Leech Seed||[still]
|-fail|p2a: Whimsicott
|-prepare|p1a: Slowking|Chilly Reception|[premajor]
|move|p1a: Slowking|Chilly Reception|p1a: Slowking
|-weather|Snowscape
|
|t:|1778502584
|switch|p1a: Gliscor|Gliscor, F|88/100 tox|[from] Chilly Reception
|-damage|p1a: Gliscor|76/100 tox|[from] Stealth Rock
|
|-weather|Snowscape|[upkeep]
|-heal|p1a: Gliscor|88/100 tox|[from] ability: Poison Heal
|upkeep
|turn|49
|
|t:|1778502592
|move|p2a: Whimsicott|Leech Seed|p1a: Gliscor
|-start|p1a: Gliscor|move: Leech Seed
|move|p1a: Gliscor|Toxic|p2a: Whimsicott
|-status|p2a: Whimsicott|tox
|
|-weather|Snowscape|[upkeep]
|-end|p2a: Whimsicott|move: Future Sight
|-damage|p2a: Whimsicott|46/100 tox
|-damage|p1a: Gliscor|76/100 tox|[from] Leech Seed|[of] p2a: Whimsicott
|-heal|p2a: Whimsicott|60/100 tox|[silent]
|-damage|p2a: Whimsicott|54/100 tox|[from] psn
|-heal|p1a: Gliscor|88/100 tox|[from] ability: Poison Heal
|upkeep
|turn|50
|
|t:|1778502598
|switch|p1a: Slowking|Slowking-Galar, F|100/100
|move|p2a: Whimsicott|Charm|p1a: Slowking
|-unboost|p1a: Slowking|atk|2
|
|-weather|Snowscape|[upkeep]
|-damage|p2a: Whimsicott|42/100 tox|[from] psn
|upkeep
|turn|51
|
|t:|1778502608
|move|p2a: Whimsicott|Leech Seed|p1a: Slowking|[miss]
|-miss|p2a: Whimsicott|p1a: Slowking
|move|p1a: Slowking|Future Sight|p2a: Whimsicott
|-start|p1a: Slowking|move: Future Sight
|
|-weather|Snowscape|[upkeep]
|-damage|p2a: Whimsicott|23/100 tox|[from] psn
|upkeep
|turn|52
|
|t:|1778502620
|switch|p2a: Greninja|Greninja, M|100/100
|-damage|p2a: Greninja|88/100|[from] Stealth Rock
|-damage|p2a: Greninja|72/100|[from] Spikes
|-prepare|p1a: Slowking|Chilly Reception|[premajor]
|move|p1a: Slowking|Chilly Reception|p1a: Slowking
|
|t:|1778502627
|switch|p1a: Blissey|Blissey, F|76/100|[from] Chilly Reception
|
|-weather|none
|upkeep
|turn|53
|
|t:|1778502633
|move|p2a: Greninja|Dark Pulse|p1a: Blissey
|-damage|p1a: Blissey|66/100
|move|p1a: Blissey|Thunder|p2a: Greninja
|-supereffective|p2a: Greninja
|-damage|p2a: Greninja|9/100
|
|-end|p2a: Greninja|move: Future Sight
|-immune|p2a: Greninja
|upkeep
|turn|54
|
|t:|1778502641
|move|p2a: Greninja|Water Shuriken|p1a: Blissey
|-damage|p1a: Blissey|65/100
|-damage|p1a: Blissey|63/100
|-damage|p1a: Blissey|61/100
|-damage|p1a: Blissey|58/100
|-hitcount|p1a: Blissey|4
|move|p1a: Blissey|Soft-Boiled|p1a: Blissey
|-heal|p1a: Blissey|100/100
|
|upkeep
|turn|55
|
|t:|1778502646
|move|p2a: Greninja|Dark Pulse|p1a: Blissey
|-damage|p1a: Blissey|90/100
|move|p1a: Blissey|Shadow Ball|p2a: Greninja
|-resisted|p2a: Greninja
|-damage|p2a: Greninja|0 fnt
|faint|p2a: Greninja
|
|upkeep
|
|t:|1778502651
|switch|p2a: Drifblim|Drifblim, M, shiny|100/100
|-damage|p2a: Drifblim|76/100|[from] Stealth Rock
|turn|56
|
|t:|1778502655
|move|p2a: Drifblim|Strength Sap|p1a: Blissey
|-unboost|p1a: Blissey|atk|1
|-heal|p2a: Drifblim|81/100
|move|p1a: Blissey|Thunder|p2a: Drifblim|[miss]
|-miss|p1a: Blissey|p2a: Drifblim
|
|upkeep
|turn|57
|
|t:|1778502663
|move|p2a: Drifblim|Strength Sap|p1a: Blissey
|-unboost|p1a: Blissey|atk|1
|-heal|p2a: Drifblim|84/100
|move|p1a: Blissey|Thunder|p2a: Drifblim|[miss]
|-miss|p1a: Blissey|p2a: Drifblim
|
|upkeep
|turn|58
|
|t:|1778502668
|move|p2a: Drifblim|Calm Mind|p2a: Drifblim
|-boost|p2a: Drifblim|spa|1
|-boost|p2a: Drifblim|spd|1
|move|p1a: Blissey|Thunder|p2a: Drifblim
|-supereffective|p2a: Drifblim
|-damage|p2a: Drifblim|53/100
|-status|p2a: Drifblim|par
|-enditem|p2a: Drifblim|Weakness Policy
|-boost|p2a: Drifblim|atk|2|[from] item: Weakness Policy
|-boost|p2a: Drifblim|spa|2|[from] item: Weakness Policy
|
|upkeep
|turn|59
|
|t:|1778502680
|move|p2a: Drifblim|Stored Power|p1a: Blissey
|-damage|p1a: Blissey|65/100
|move|p1a: Blissey|Calm Mind|p1a: Blissey
|-boost|p1a: Blissey|spa|1
|-boost|p1a: Blissey|spd|1
|
|upkeep
|turn|60
|
|t:|1778502685
|move|p2a: Drifblim|Calm Mind|p2a: Drifblim
|-boost|p2a: Drifblim|spa|1
|-boost|p2a: Drifblim|spd|1
|move|p1a: Blissey|Calm Mind|p1a: Blissey
|-boost|p1a: Blissey|spa|1
|-boost|p1a: Blissey|spd|1
|
|upkeep
|turn|61
|
|t:|1778502689
|move|p2a: Drifblim|Calm Mind|p2a: Drifblim
|-boost|p2a: Drifblim|spa|1
|-boost|p2a: Drifblim|spd|1
|move|p1a: Blissey|Shadow Ball|p2a: Drifblim
|-supereffective|p2a: Drifblim
|-damage|p2a: Drifblim|24/100 par
|
|upkeep
|turn|62
|
|t:|1778502694
|cant|p2a: Drifblim|par
|move|p1a: Blissey|Shadow Ball|p2a: Drifblim
|-supereffective|p2a: Drifblim
|-damage|p2a: Drifblim|0 fnt
|faint|p2a: Drifblim
|
|upkeep
|-message|Bass778 forfeited.
|
|win|KebZ420
|raw|KebZ420's rating: 1245 &rarr; <strong>1266</strong><br />(+21 for winning)
|raw|Bass778's rating: 1190 &rarr; <strong>1169</strong><br />(-21 for losing)
|l|☆Bass778
|player|p2|
|l|☆KebZ420
|player|p1|
