|html|<div class="broadcast-blue"><strong>[Gen 9] OU is currently suspecting Tera Blast! For information on how to participate check out the <a href="https://www.smogon.com/tools/suspects/view/200">suspect thread</a>.</strong></div>
|j|☆NT_Vex
|j|☆CCent
|t:|1776153374
|gametype|singles
|player|p1|NT_Vex|ghetsis|1099
|player|p2|CCent|169|1154
|gen|9
|tier|[Gen 9] OU
|rated|
|rule|HP Percentage Mod: HP is shown in percentages
|rule|Endless Battle Clause: Forcing endless battles is banned
|rule|Species Clause: Limit one of each Pokémon
|rule|OHKO Clause: OHKO moves are banned
|rule|Evasion Items Clause: Evasion items are banned
|rule|Evasion Moves Clause: Evasion moves are banned
|rule|Evasion Abilities Clause: Evasion abilities are banned
|rule|Sleep Moves Clause: Sleep-inducing moves are banned
|clearpoke
|poke|p1|Dragapult, F|
|poke|p1|Tyranitar, M|
|poke|p1|Primarina, F|
|poke|p1|Gliscor, M|
|poke|p1|Metagross|
|poke|p1|Eelektross, F|
|poke|p2|Samurott-Hisui, F|
|poke|p2|Garchomp, F|
|poke|p2|Thundurus-Therian, M|
|poke|p2|Hawlucha, M|
|poke|p2|Gallade, M|
|poke|p2|Hydreigon, F|
|teampreview
|
|t:|1776153408
|teamsize|p1|6
|teamsize|p2|6
|start
|switch|p1a: Tyranitar|Tyranitar, M, shiny|100/100
|switch|p2a: Samurott|Samurott-Hisui, F|100/100
|-weather|Sandstorm|[from] ability: Sand Stream|[of] p1a: Tyranitar
|turn|1
|
|t:|1776153427
|move|p2a: Samurott|Taunt|p1a: Tyranitar
|-start|p1a: Tyranitar|move: Taunt
|cant|p1a: Tyranitar|move: Taunt|Stealth Rock
|
|-weather|Sandstorm|[upkeep]
|-damage|p2a: Samurott|94/100|[from] Sandstorm
|upkeep
|turn|2
|
|t:|1776153450
|move|p2a: Samurott|Ceaseless Edge|p1a: Tyranitar|[miss]
|-miss|p2a: Samurott|p1a: Tyranitar
|move|p1a: Tyranitar|Earthquake|p2a: Samurott
|-damage|p2a: Samurott|59/100
|
|-weather|Sandstorm|[upkeep]
|-damage|p2a: Samurott|53/100|[from] Sandstorm
|upkeep
|turn|3
|
|t:|1776153460
|switch|p1a: Eelektross|Eelektross, F|100/100
|move|p2a: Samurott|Ceaseless Edge|p1a: Eelektross
|-damage|p1a: Eelektross|54/100
|-sidestart|p1: NT_Vex|Spikes
|
|-weather|Sandstorm|[upkeep]
|-damage|p2a: Samurott|47/100|[from] Sandstorm
|-damage|p1a: Eelektross|48/100|[from] Sandstorm
|-heal|p1a: Eelektross|54/100|[from] item: Leftovers
|upkeep
|turn|4
|
|t:|1776153472
|move|p2a: Samurott|Ceaseless Edge|p1a: Eelektross
|-damage|p1a: Eelektross|4/100
|-sidestart|p1: NT_Vex|Spikes
|move|p1a: Eelektross|Volt Switch|p2a: Samurott
|-supereffective|p2a: Samurott
|-damage|p2a: Samurott|0 fnt
|faint|p2a: Samurott
|
|t:|1776153485
|switch|p1a: Tyranitar|Tyranitar, M, shiny|100/100|[from] Volt Switch
|-damage|p1a: Tyranitar|84/100|[from] Spikes
|
|-weather|Sandstorm|[upkeep]
|-heal|p1a: Tyranitar|90/100|[from] item: Leftovers
|upkeep
|
|t:|1776153492
|switch|p2a: Hawlucha|Hawlucha, M|100/100
|turn|5
|
|t:|1776153507
|move|p2a: Hawlucha|Taunt|p1a: Tyranitar
|-start|p1a: Tyranitar|move: Taunt
|cant|p1a: Tyranitar|move: Taunt|Stealth Rock
|
|-weather|none
|-heal|p1a: Tyranitar|96/100|[from] item: Leftovers
|upkeep
|turn|6
|
|t:|1776153518
|move|p2a: Hawlucha|Swords Dance|p2a: Hawlucha
|-boost|p2a: Hawlucha|atk|2
|move|p1a: Tyranitar|Knock Off|p2a: Hawlucha
|-resisted|p2a: Hawlucha
|-damage|p2a: Hawlucha|67/100
|-enditem|p2a: Hawlucha|White Herb|[from] move: Knock Off|[of] p1a: Tyranitar
|
|-heal|p1a: Tyranitar|100/100|[from] item: Leftovers
|upkeep
|turn|7
|
|t:|1776153562
|switch|p1a: Dragapult|Dragapult, F, shiny|100/100
|-damage|p1a: Dragapult|84/100|[from] Spikes
|move|p2a: Hawlucha|Close Combat|p1a: Dragapult
|-immune|p1a: Dragapult
|
|upkeep
|turn|8
|
|t:|1776153587
|move|p2a: Hawlucha|Acrobatics|p1a: Dragapult
|-damage|p1a: Dragapult|0 fnt
|faint|p1a: Dragapult
|
|upkeep
|
|t:|1776153605
|switch|p1a: Metagross|Metagross|100/100
|-damage|p1a: Metagross|84/100|[from] Spikes
|turn|9
|
|t:|1776153613
|move|p2a: Hawlucha|Close Combat|p1a: Metagross
|-crit|p1a: Metagross
|-damage|p1a: Metagross|0 fnt
|-unboost|p2a: Hawlucha|def|1
|-unboost|p2a: Hawlucha|spd|1
|-damage|p2a: Hawlucha|51/100|[from] item: Rocky Helmet|[of] p1a: Metagross
|faint|p1a: Metagross
|
|upkeep
|
|t:|1776153623
|switch|p1a: Gliscor|Gliscor, M|100/100
|turn|10
|
|t:|1776153634
|move|p2a: Hawlucha|Acrobatics|p1a: Gliscor
|-damage|p1a: Gliscor|23/100
|move|p1a: Gliscor|Spikes|p2a: Hawlucha
|-sidestart|p2: CCent|Spikes
|
|-status|p1a: Gliscor|tox|[from] item: Toxic Orb
|upkeep
|turn|11
|
|t:|1776153648
|move|p1a: Gliscor|Protect|p1a: Gliscor
|-singleturn|p1a: Gliscor|Protect
|move|p2a: Hawlucha|Acrobatics|p1a: Gliscor
|-activate|p1a: Gliscor|move: Protect
|
|-heal|p1a: Gliscor|35/100 tox|[from] ability: Poison Heal
|upkeep
|turn|12
|
|t:|1776153682
|move|p2a: Hawlucha|Acrobatics|p1a: Gliscor
|-damage|p1a: Gliscor|0 fnt
|faint|p1a: Gliscor
|
|upkeep
|
|t:|1776153688
|switch|p1a: Primarina|Primarina, F|100/100
|-damage|p1a: Primarina|84/100|[from] Spikes
|turn|13
|
|t:|1776153700
|move|p2a: Hawlucha|Acrobatics|p1a: Primarina
|-damage|p1a: Primarina|0 fnt
|faint|p1a: Primarina
|
|upkeep
|-message|NT_Vex forfeited.
|
|win|CCent
|raw|NT_Vex's rating: 1099 &rarr; <strong>1078</strong><br />(-21 for losing)
|raw|CCent's rating: 1154 &rarr; <strong>1175</strong><br />(+21 for winning)
|l|☆NT_Vex
|player|p1|
