|j|☆Vortex-invisible
|j|☆Moongirlll
|inactive|Battle timer is ON: inactive players will automatically lose when time's up.
|t:|1778517702
|gametype|singles
|player|p1|Vortex-invisible|marnie-masters3|
|player|p2|Moongirlll|lisia|
|gen|9
|tier|[Gen 9] OU
|rated|Tournament battle
|rule|HP Percentage Mod: HP is shown in percentages
|rule|Endless Battle Clause: Forcing endless battles is banned
|rule|OHKO Clause: OHKO moves are banned
|rule|Evasion Items Clause: Evasion items are banned
|rule|Evasion Moves Clause: Evasion moves are banned
|rule|Evasion Abilities Clause: Evasion abilities are banned
|rule|Sleep Moves Clause: Sleep-inducing moves are banned
|raw|<div class="infobox"><details class="readmore" open><summary><strong>3 custom rules:</strong></summary> !Species Clause, -All Pokemon, +Rotom</details></div>
|clearpoke
|poke|p1|Rotom-Wash|
|poke|p1|Rotom|
|poke|p1|Rotom-Heat|
|poke|p1|Rotom-Mow|
|poke|p1|Rotom-Frost|
|poke|p1|Rotom-Fan|
|poke|p2|Rotom|
|poke|p2|Rotom-Heat|
|poke|p2|Rotom-Mow|
|poke|p2|Rotom-Wash|
|poke|p2|Rotom-Heat|
|poke|p2|Rotom|
|teampreview
|j|*Lady Monita 
|inactive|Vortex-invisible also wants the timer to be on.
|
|t:|1778517707
|teamsize|p1|6
|teamsize|p2|6
|start
|switch|p1a: Rotom|Rotom|100/100
|switch|p2a: Rotom|Rotom|100/100
|turn|1
|
|t:|1778517714
|move|p1a: Rotom|Shadow Ball|p2a: Rotom
|-supereffective|p2a: Rotom
|-crit|p2a: Rotom
|-damage|p2a: Rotom|0 fnt
|faint|p2a: Rotom
|
|upkeep
|
|t:|1778517720
|switch|p2a: Rotom|Rotom-Heat|100/100
|turn|2
|
|t:|1778517725
|move|p1a: Rotom|Shadow Ball|p2a: Rotom
|-damage|p2a: Rotom|56/100
|-unboost|p2a: Rotom|spd|1
|-enditem|p2a: Rotom|Eject Pack
|c|☆Vortex-invisible|Skul
|
|t:|1778517746
|switch|p2a: Rotom|Rotom-Mow|100/100
|
|upkeep
|turn|3
|
|t:|1778517750
|move|p1a: Rotom|Shadow Ball|p2a: Rotom
|-damage|p2a: Rotom|58/100
|move|p2a: Rotom|Light Screen|p2a: Rotom
|-sidestart|p2: Moongirlll|move: Light Screen
|
|upkeep
|turn|4
|
|t:|1778517759
|move|p1a: Rotom|Shadow Ball|p2a: Rotom
|-crit|p2a: Rotom
|-damage|p2a: Rotom|0 fnt
|faint|p2a: Rotom
|
|upkeep
|
|t:|1778517765
|switch|p2a: Rotom|Rotom-Heat|100/100
|turn|5
|
|t:|1778517771
|move|p1a: Rotom|Shadow Ball|p2a: Rotom
|-damage|p2a: Rotom|77/100
|move|p2a: Rotom|Nasty Plot|p2a: Rotom
|-boost|p2a: Rotom|spa|2
|
|-heal|p2a: Rotom|83/100|[from] item: Leftovers
|upkeep
|turn|6
|
|t:|1778517779
|move|p1a: Rotom|Shadow Ball|p2a: Rotom
|-damage|p2a: Rotom|61/100
|move|p2a: Rotom|Nasty Plot|p2a: Rotom
|-boost|p2a: Rotom|spa|2
|
|-heal|p2a: Rotom|67/100|[from] item: Leftovers
|upkeep
|turn|7
|
|t:|1778517785
|move|p1a: Rotom|Shadow Ball|p2a: Rotom
|-damage|p2a: Rotom|45/100
|-unboost|p2a: Rotom|spd|1
|move|p2a: Rotom|Stored Power|p1a: Rotom
|-damage|p1a: Rotom|0 fnt
|faint|p1a: Rotom
|
|-heal|p2a: Rotom|52/100|[from] item: Leftovers
|upkeep
|
|t:|1778517788
|switch|p1a: Rotom|Rotom-Wash|100/100
|turn|8
|
|t:|1778517795
|move|p2a: Rotom|Stored Power|p1a: Rotom
|-damage|p1a: Rotom|37/100
|move|p1a: Rotom|Pain Split|p2a: Rotom
|-sethp|p2a: Rotom|49/100|[from] move: Pain Split|[silent]
|-sethp|p1a: Rotom|39/100|[from] move: Pain Split
|
|-heal|p2a: Rotom|55/100|[from] item: Leftovers
|-heal|p1a: Rotom|45/100|[from] item: Leftovers
|upkeep
|turn|9
|
|t:|1778517801
|move|p2a: Rotom|Thunderbolt|p1a: Rotom
|-damage|p1a: Rotom|0 fnt
|faint|p1a: Rotom
|
|-heal|p2a: Rotom|61/100|[from] item: Leftovers
|upkeep
|
|t:|1778517806
|switch|p1a: Rotom|Rotom-Heat|100/100
|turn|10
|
|t:|1778517809
|move|p1a: Rotom|Overheat|p2a: Rotom
|-resisted|p2a: Rotom
|-damage|p2a: Rotom|15/100
|-unboost|p1a: Rotom|spa|2
|move|p2a: Rotom|Stored Power|p1a: Rotom
|-damage|p1a: Rotom|0 fnt
|faint|p1a: Rotom
|
|-heal|p2a: Rotom|22/100|[from] item: Leftovers
|-sideend|p2: Moongirlll|move: Light Screen
|upkeep
|
|t:|1778517813
|switch|p1a: Rotom|Rotom-Fan|100/100
|turn|11
|
|t:|1778517819
|move|p2a: Rotom|Thunderbolt|p1a: Rotom
|-damage|p1a: Rotom|0 fnt
|faint|p1a: Rotom
|
|-heal|p2a: Rotom|28/100|[from] item: Leftovers
|upkeep
|
|t:|1778517822
|switch|p1a: Rotom|Rotom-Mow|100/100
|turn|12
|
|t:|1778517827
|move|p2a: Rotom|Stored Power|p1a: Rotom
|-damage|p1a: Rotom|0 fnt
|faint|p1a: Rotom
|
|-heal|p2a: Rotom|34/100|[from] item: Leftovers
|upkeep
|
|t:|1778517830
|switch|p1a: Rotom|Rotom-Frost|100/100
|turn|13
|
|t:|1778517834
|move|p2a: Rotom|Stored Power|p1a: Rotom
|-damage|p1a: Rotom|0 fnt
|faint|p1a: Rotom
|
|win|Moongirlll
|n|☆Vortex-invisible|vortexinvisible
|n|☆Moongirlll|moongirlll
|n|*Lady Monita |ladymonita
|l|*Lady Monita 
|l|☆Vortex-invisible
|player|p1|
|c|☆Moongirlll|gg
