|html|<div class="broadcast-blue"><strong>[Gen 9] OU is currently suspecting Tera Blast! For information on how to participate check out the <a href="https://www.smogon.com/tools/suspects/view/200">suspect thread</a>.</strong></div>
|badge|p2|bronze|gen9nu|100-9
|uhtml|medal-msg|<div class="broadcast-blue">Curious what those medals under the avatar are? PS now has Ladder Seasons! For more information, check out the <a href="https://www.smogon.com/forums/threads/3740067/">thread on Smogon.</a></div>
|j|☆flex fm
|j|☆key114514
|t:|1776156176
|gametype|singles
|player|p1|flex fm|roxie|1550
|player|p2|key114514|265|1634
|gen|9
|tier|[Gen 9] OU
|rated|
|rule|HP Percentage Mod: HP is shown in percentages
|rule|Endless Battle Clause: Forcing endless battles is banned
|rule|Species Clause: Limit one of each Pokémon
|rule|OHKO Clause: OHKO moves are banned
|rule|Evasion Items Clause: Evasion items are banned
|rule|Evasion Moves Clause: Evasion moves are banned
|rule|Evasion Abilities Clause: Evasion abilities are banned
|rule|Sleep Moves Clause: Sleep-inducing moves are banned
|clearpoke
|poke|p1|Dragonite, M|
|poke|p1|Samurott-Hisui, F|
|poke|p1|Pecharunt|
|poke|p1|Gholdengo|
|poke|p1|Great Tusk|
|poke|p1|Iron Valiant|
|poke|p2|Metagross|
|poke|p2|Alomomola, F|
|poke|p2|Goodra-Hisui, F|
|poke|p2|Enamorus, F|
|poke|p2|Great Tusk|
|poke|p2|Greninja-*, M|
|teampreview
|inactive|Battle timer is ON: inactive players will automatically lose when time's up. (requested by flex fm)
|inactive|flex fm has 120 seconds left.
|
|t:|1776156214
|teamsize|p1|6
|teamsize|p2|6
|start
|switch|p1a: Samurott|Samurott-Hisui, F|100/100
|switch|p2a: Great Tusk|Great Tusk|100/100
|turn|1
|
|t:|1776156218
|switch|p1a: Pecharunt|Pecharunt|100/100
|-item|p1a: Pecharunt|Air Balloon
|move|p2a: Great Tusk|Close Combat|p1a: Pecharunt
|-immune|p1a: Pecharunt
|
|upkeep
|turn|2
|
|t:|1776156225
|-end|p2a: Great Tusk|Protosynthesis|[silent]
|switch|p2a: Goodra|Goodra-Hisui, F|100/100
|move|p1a: Pecharunt|Parting Shot|p2a: Goodra
|-unboost|p2a: Goodra|atk|1
|-unboost|p2a: Goodra|spa|1
|
|t:|1776156235
|switch|p1a: Samurott|Samurott-Hisui, F|100/100|[from] Parting Shot
|
|upkeep
|turn|3
|
|t:|1776156238
|switch|p2a: Great Tusk|Great Tusk|100/100
|move|p1a: Samurott|Knock Off|p2a: Great Tusk
|-resisted|p2a: Great Tusk
|-damage|p2a: Great Tusk|88/100
|-enditem|p2a: Great Tusk|Leftovers|[from] move: Knock Off|[of] p1a: Samurott
|
|upkeep
|turn|4
|
|t:|1776156248
|switch|p1a: Great Tusk|Great Tusk|100/100
|move|p2a: Great Tusk|Close Combat|p1a: Great Tusk
|-damage|p1a: Great Tusk|62/100
|-unboost|p2a: Great Tusk|def|1
|-unboost|p2a: Great Tusk|spd|1
|-damage|p2a: Great Tusk|71/100|[from] item: Rocky Helmet|[of] p1a: Great Tusk
|
|upkeep
|turn|5
|
|t:|1776156256
|-end|p2a: Great Tusk|Protosynthesis|[silent]
|switch|p2a: Alomomola|Alomomola, F, shiny|100/100
|move|p1a: Great Tusk|Stealth Rock|p2a: Alomomola
|-sidestart|p2: key114514|move: Stealth Rock
|
|upkeep
|turn|6
|
|t:|1776156263
|-end|p1a: Great Tusk|Protosynthesis|[silent]
|switch|p1a: Samurott|Samurott-Hisui, F|100/100
|move|p2a: Alomomola|Flip Turn|p1a: Samurott
|-resisted|p1a: Samurott
|-damage|p1a: Samurott|93/100
|
|t:|1776156268
|switch|p2a: Great Tusk|Great Tusk|71/100|[from] Flip Turn
|-damage|p2a: Great Tusk|68/100|[from] Stealth Rock
|
|upkeep
|turn|7
|
|t:|1776156271
|switch|p1a: Pecharunt|Pecharunt|100/100
|-item|p1a: Pecharunt|Air Balloon
|move|p2a: Great Tusk|Close Combat|p1a: Pecharunt
|-immune|p1a: Pecharunt
|
|upkeep
|turn|8
|
|t:|1776156276
|move|p2a: Great Tusk|Stealth Rock|p1a: Pecharunt
|-sidestart|p1: flex fm|move: Stealth Rock
|move|p1a: Pecharunt|Parting Shot|p2a: Great Tusk
|-unboost|p2a: Great Tusk|atk|1
|-unboost|p2a: Great Tusk|spa|1
|
|t:|1776156283
|switch|p1a: Great Tusk|Great Tusk|62/100|[from] Parting Shot
|-damage|p1a: Great Tusk|59/100|[from] Stealth Rock
|
|upkeep
|turn|9
|
|t:|1776156291
|move|p1a: Great Tusk|Rapid Spin|p2a: Great Tusk
|-damage|p2a: Great Tusk|58/100
|-boost|p1a: Great Tusk|spe|1
|-sideend|p1: flex fm|Stealth Rock|[from] move: Rapid Spin|[of] p1a: Great Tusk
|move|p2a: Great Tusk|Rapid Spin|p1a: Great Tusk
|-damage|p1a: Great Tusk|51/100
|-boost|p2a: Great Tusk|spe|1
|-damage|p2a: Great Tusk|42/100|[from] item: Rocky Helmet|[of] p1a: Great Tusk
|-sideend|p2: key114514|Stealth Rock|[from] move: Rapid Spin|[of] p2a: Great Tusk
|
|upkeep
|turn|10
|
|t:|1776156296
|-end|p2a: Great Tusk|Protosynthesis|[silent]
|switch|p2a: Alomomola|Alomomola, F, shiny|100/100
|move|p1a: Great Tusk|Stealth Rock|p2a: Alomomola
|-sidestart|p2: key114514|move: Stealth Rock
|
|upkeep
|turn|11
|
|t:|1776156303
|-end|p1a: Great Tusk|Protosynthesis|[silent]
|switch|p1a: Samurott|Samurott-Hisui, F|93/100
|move|p2a: Alomomola|Flip Turn|p1a: Samurott
|-resisted|p1a: Samurott
|-damage|p1a: Samurott|85/100
|
|t:|1776156306
|switch|p2a: Great Tusk|Great Tusk|42/100|[from] Flip Turn
|-damage|p2a: Great Tusk|39/100|[from] Stealth Rock
|
|upkeep
|turn|12
|
|t:|1776156311
|switch|p1a: Pecharunt|Pecharunt|100/100
|-item|p1a: Pecharunt|Air Balloon
|move|p2a: Great Tusk|Close Combat|p1a: Pecharunt
|-immune|p1a: Pecharunt
|
|upkeep
|turn|13
|
|t:|1776156314
|move|p2a: Great Tusk|Stealth Rock|p1a: Pecharunt
|-sidestart|p1: flex fm|move: Stealth Rock
|move|p1a: Pecharunt|Malignant Chain|p2a: Great Tusk
|-resisted|p2a: Great Tusk
|-damage|p2a: Great Tusk|13/100
|
|upkeep
|turn|14
|
|t:|1776156326
|-end|p2a: Great Tusk|Protosynthesis|[silent]
|switch|p2a: Goodra|Goodra-Hisui, F|100/100
|-damage|p2a: Goodra|94/100|[from] Stealth Rock
|move|p1a: Pecharunt|Parting Shot|p2a: Goodra
|-unboost|p2a: Goodra|atk|1
|-unboost|p2a: Goodra|spa|1
|
|t:|1776156330
|switch|p1a: Samurott|Samurott-Hisui, F|85/100|[from] Parting Shot
|-damage|p1a: Samurott|73/100|[from] Stealth Rock
|
|upkeep
|turn|15
|c|☆key114514|...
|j| lord shiddenfards
|
|t:|1776156341
|move|p1a: Samurott|Ceaseless Edge|p2a: Goodra
|-damage|p2a: Goodra|61/100
|-sidestart|p2: key114514|Spikes
|move|p2a: Goodra|Thunderbolt|p1a: Samurott
|-supereffective|p1a: Samurott
|-damage|p1a: Samurott|27/100
|
|upkeep
|turn|16
|
|t:|1776156347
|move|p1a: Samurott|Knock Off|p2a: Goodra
|-damage|p2a: Goodra|28/100
|-enditem|p2a: Goodra|Choice Specs|[from] move: Knock Off|[of] p1a: Samurott
|move|p2a: Goodra|Thunderbolt|p1a: Samurott
|-supereffective|p1a: Samurott
|-damage|p1a: Samurott|0 fnt
|faint|p1a: Samurott
|
|upkeep
|
|t:|1776156361
|switch|p1a: Great Tusk|Great Tusk|51/100
|-damage|p1a: Great Tusk|48/100|[from] Stealth Rock
|turn|17
|
|t:|1776156366
|move|p1a: Great Tusk|Headlong Rush|p2a: Goodra
|-supereffective|p2a: Goodra
|-damage|p2a: Goodra|0 fnt
|-unboost|p1a: Great Tusk|def|1
|-unboost|p1a: Great Tusk|spd|1
|faint|p2a: Goodra
|
|upkeep
|
|t:|1776156370
|switch|p2a: Greninja|Greninja, M|100/100
|-damage|p2a: Greninja|88/100|[from] Stealth Rock
|-damage|p2a: Greninja|76/100|[from] Spikes
|turn|18
|
|t:|1776156384
|-end|p1a: Great Tusk|Protosynthesis|[silent]
|switch|p1a: Dragonite|Dragonite, M|100/100
|move|p2a: Greninja|Surf|p1a: Dragonite
|-resisted|p1a: Dragonite
|-damage|p1a: Dragonite|87/100
|-damage|p2a: Greninja|66/100|[from] item: Life Orb
|
|upkeep
|turn|19
|
|t:|1776156399
|switch|p1a: Gholdengo|Gholdengo|100/100
|-damage|p1a: Gholdengo|94/100|[from] Stealth Rock
|move|p2a: Greninja|Ice Beam|p1a: Gholdengo
|-resisted|p1a: Gholdengo
|-damage|p1a: Gholdengo|76/100
|-status|p1a: Gholdengo|frz
|-damage|p2a: Greninja|56/100|[from] item: Life Orb
|
|upkeep
|turn|20
|
|t:|1776156403
|switch|p1a: Dragonite|Dragonite, M|87/100
|move|p2a: Greninja|Dark Pulse|p1a: Dragonite
|-damage|p1a: Dragonite|41/100
|-damage|p2a: Greninja|46/100|[from] item: Life Orb
|
|upkeep
|turn|21
|
|t:|1776156408
|move|p1a: Dragonite|Extreme Speed|p2a: Greninja
|-damage|p2a: Greninja|1/100
|move|p2a: Greninja|Dark Pulse|p1a: Dragonite
|-damage|p1a: Dragonite|0 fnt
|faint|p1a: Dragonite
|-ability|p2a: Greninja|Battle Bond|boost
|-boost|p2a: Greninja|atk|1
|-boost|p2a: Greninja|spa|1
|-boost|p2a: Greninja|spe|1
|-activate|p2a: Greninja|ability: Battle Bond
|-damage|p2a: Greninja|0 fnt|[from] item: Life Orb
|faint|p2a: Greninja
|
|upkeep
|
|t:|1776156421
|switch|p2a: Great Tusk|Great Tusk|13/100
|switch|p1a: Pecharunt|Pecharunt|100/100
|-damage|p2a: Great Tusk|10/100|[from] Stealth Rock
|-damage|p2a: Great Tusk|0 fnt|[from] Spikes
|faint|p2a: Great Tusk
|-end|p2a: Great Tusk|Protosynthesis|[silent]
|-damage|p1a: Pecharunt|88/100|[from] Stealth Rock
|-item|p1a: Pecharunt|Air Balloon
|
|t:|1776156429
|switch|p2a: Metagross|Metagross|100/100
|-damage|p2a: Metagross|94/100|[from] Stealth Rock
|-damage|p2a: Metagross|82/100|[from] Spikes
|turn|22
|
|t:|1776156446
|-terastallize|p2a: Metagross|Steel
|move|p1a: Pecharunt|Foul Play|p2a: Metagross
|-damage|p2a: Metagross|53/100
|move|p2a: Metagross|Psychic Fangs|p1a: Pecharunt
|-supereffective|p1a: Pecharunt
|-damage|p1a: Pecharunt|43/100
|-enditem|p1a: Pecharunt|Air Balloon
|
|upkeep
|turn|23
|
|t:|1776156455
|move|p1a: Pecharunt|Foul Play|p2a: Metagross
|-damage|p2a: Metagross|24/100
|move|p2a: Metagross|Psychic Fangs|p1a: Pecharunt
|-supereffective|p1a: Pecharunt
|-damage|p1a: Pecharunt|0 fnt
|faint|p1a: Pecharunt
|
|upkeep
|
|t:|1776156470
|switch|p1a: Great Tusk|Great Tusk|48/100
|-damage|p1a: Great Tusk|45/100|[from] Stealth Rock
|turn|24
|
|t:|1776156475
|switch|p2a: Alomomola|Alomomola, F, shiny|100/100
|-damage|p2a: Alomomola|88/100|[from] Stealth Rock
|-damage|p2a: Alomomola|76/100|[from] Spikes
|move|p1a: Great Tusk|Headlong Rush|p2a: Alomomola
|-damage|p2a: Alomomola|47/100
|-unboost|p1a: Great Tusk|def|1
|-unboost|p1a: Great Tusk|spd|1
|-damage|p1a: Great Tusk|29/100|[from] item: Rocky Helmet|[of] p2a: Alomomola
|
|upkeep
|turn|25
|
|t:|1776156486
|move|p1a: Great Tusk|Rapid Spin|p2a: Alomomola
|-damage|p2a: Alomomola|39/100
|-boost|p1a: Great Tusk|spe|1
|-damage|p1a: Great Tusk|12/100|[from] item: Rocky Helmet|[of] p2a: Alomomola
|-sideend|p1: flex fm|Stealth Rock|[from] move: Rapid Spin|[of] p1a: Great Tusk
|move|p2a: Alomomola|Flip Turn|p1a: Great Tusk
|-supereffective|p1a: Great Tusk
|-damage|p1a: Great Tusk|0 fnt
|-damage|p2a: Alomomola|22/100|[from] item: Rocky Helmet|[of] p1a: Great Tusk
|faint|p1a: Great Tusk
|-end|p1a: Great Tusk|Protosynthesis|[silent]
|
|t:|1776156497
|switch|p2a: Enamorus|Enamorus, F|100/100|[from] Flip Turn
|-damage|p2a: Enamorus|76/100|[from] Stealth Rock
|
|upkeep
|
|t:|1776156505
|switch|p1a: Iron Valiant|Iron Valiant|100/100
|-enditem|p1a: Iron Valiant|Booster Energy
|-activate|p1a: Iron Valiant|ability: Quark Drive|[fromitem]
|-start|p1a: Iron Valiant|quarkdrivespe
|turn|26
|
|t:|1776156509
|move|p1a: Iron Valiant|Thunderbolt|p2a: Enamorus
|-supereffective|p2a: Enamorus
|-damage|p2a: Enamorus|23/100
|move|p2a: Enamorus|Moonblast|p1a: Iron Valiant
|-supereffective|p1a: Iron Valiant
|-damage|p1a: Iron Valiant|0 fnt
|faint|p1a: Iron Valiant
|-end|p1a: Iron Valiant|Quark Drive|[silent]
|
|upkeep
|
|t:|1776156516
|switch|p1a: Gholdengo|Gholdengo|76/100 frz
|turn|27
|
|t:|1776156518
|move|p2a: Enamorus|Earth Power|p1a: Gholdengo
|-supereffective|p1a: Gholdengo
|-damage|p1a: Gholdengo|7/100 frz
|cant|p1a: Gholdengo|frz
|
|upkeep
|turn|28
|-message|flex fm forfeited.
|
|win|key114514
|raw|flex fm's rating: 1550 &rarr; <strong>1535</strong><br />(-15 for losing)
|raw|key114514's rating: 1634 &rarr; <strong>1649</strong><br />(+15 for winning)
|l|☆flex fm
|player|p1|
|c|☆key114514|Gg
|l| lord shiddenfards
