|html|<div class="broadcast-blue"><strong>[Gen 9] OU is currently suspecting Tera Blast! For information on how to participate check out the <a href="https://www.smogon.com/tools/suspects/view/200">suspect thread</a>.</strong></div>
|j|☆dialethetica
|j|☆TheRegisAreCool
|t:|1776047795
|gametype|singles
|player|p1|dialethetica|101|1172
|player|p2|TheRegisAreCool|fisherman-gen4|1174
|gen|9
|tier|[Gen 9] OU
|rated|
|rule|HP Percentage Mod: HP is shown in percentages
|rule|Endless Battle Clause: Forcing endless battles is banned
|rule|Species Clause: Limit one of each Pokémon
|rule|OHKO Clause: OHKO moves are banned
|rule|Evasion Items Clause: Evasion items are banned
|rule|Evasion Moves Clause: Evasion moves are banned
|rule|Evasion Abilities Clause: Evasion abilities are banned
|rule|Sleep Moves Clause: Sleep-inducing moves are banned
|clearpoke
|poke|p1|Darkrai|
|poke|p1|Mimikyu, F|
|poke|p1|Zoroark-Hisui, F|
|poke|p1|Arcanine-Hisui, M|
|poke|p1|Great Tusk|
|poke|p1|Kingambit, M|
|poke|p2|Iron Moth|
|poke|p2|Donphan, M|
|poke|p2|Ogerpon-Wellspring, F|
|poke|p2|Glimmora, M|
|poke|p2|Dragapult, M|
|poke|p2|Iron Valiant|
|teampreview
|
|t:|1776047810
|teamsize|p1|6
|teamsize|p2|6
|start
|switch|p1a: Darkrai|Darkrai|100/100
|switch|p2a: Glimmora|Glimmora, M|100/100
|turn|1
|inactive|Battle timer is ON: inactive players will automatically lose when time's up. (requested by TheRegisAreCool)
|
|t:|1776047823
|move|p1a: Darkrai|Nasty Plot|p1a: Darkrai
|-boost|p1a: Darkrai|spa|2
|move|p2a: Glimmora|Power Gem|p1a: Darkrai
|-damage|p1a: Darkrai|48/100
|
|upkeep
|turn|2
|
|t:|1776047830
|move|p1a: Darkrai|Dark Pulse|p2a: Glimmora
|-enditem|p2a: Glimmora|Focus Sash
|-damage|p2a: Glimmora|1/100
|move|p2a: Glimmora|Power Gem|p1a: Darkrai
|-damage|p1a: Darkrai|0 fnt
|faint|p1a: Darkrai
|
|upkeep
|
|t:|1776047839
|switch|p1a: Arcanine|Arcanine-Hisui, M, shiny|100/100
|turn|3
|
|t:|1776047844
|move|p1a: Arcanine|Extreme Speed|p2a: Glimmora
|-resisted|p2a: Glimmora
|-damage|p2a: Glimmora|0 fnt
|-activate|p2a: Glimmora|ability: Toxic Debris
|-sidestart|p1: dialethetica|move: Toxic Spikes
|faint|p2a: Glimmora
|
|upkeep
|
|t:|1776047850
|switch|p2a: Ogerpon|Ogerpon-Wellspring, F|100/100
|turn|4
|
|t:|1776047863
|switch|p1a: Kingambit|Kingambit, M|100/100
|-status|p1a: Kingambit|psn
|-terastallize|p2a: Ogerpon|Water
|detailschange|p2a: Ogerpon|Ogerpon-Wellspring-Tera, F, tera:Water
|-ability|p2a: Ogerpon|Embody Aspect (Wellspring)|boost
|-boost|p2a: Ogerpon|spd|1
|move|p2a: Ogerpon|Ivy Cudgel|p1a: Kingambit|[anim] Ivy Cudgel Water
|-damage|p1a: Kingambit|0 fnt
|replace|p1a: Zoroark|Zoroark-Hisui, F, shiny
|-end|p1a: Zoroark|Illusion
|faint|p1a: Zoroark
|
|upkeep
|
|t:|1776047876
|switch|p1a: Mimikyu|Mimikyu, F, shiny|100/100
|-status|p1a: Mimikyu|psn
|turn|5
|
|t:|1776047883
|move|p2a: Ogerpon|U-turn|p1a: Mimikyu
|-activate|p1a: Mimikyu|ability: Disguise
|-damage|p1a: Mimikyu|100/100 psn
|detailschange|p1a: Mimikyu|Mimikyu-Busted, F, shiny
|-damage|p1a: Mimikyu|88/100 psn|[from] pokemon: Mimikyu-Busted
|
|t:|1776047899
|switch|p2a: Donphan|Donphan, M|100/100|[from] U-turn
|move|p1a: Mimikyu|Swords Dance|p1a: Mimikyu
|-boost|p1a: Mimikyu|atk|2
|
|-damage|p1a: Mimikyu|76/100 psn|[from] psn
|upkeep
|turn|6
|
|t:|1776047913
|move|p1a: Mimikyu|Drain Punch|p2a: Donphan
|-damage|p2a: Donphan|52/100
|-heal|p1a: Mimikyu|100/100 psn|[from] drain|[of] p2a: Donphan
|-damage|p1a: Mimikyu|91/100 psn|[from] item: Life Orb
|move|p2a: Donphan|Earthquake|p1a: Mimikyu
|-damage|p1a: Mimikyu|0 fnt
|faint|p1a: Mimikyu
|
|upkeep
|
|t:|1776047928
|switch|p1a: Kingambit|Kingambit, M|100/100
|-activate|p1a: Kingambit|ability: Supreme Overlord
|-start|p1a: Kingambit|fallen3|[silent]
|turn|7
|inactive|dialethetica has 120 seconds left.
|
|t:|1776047951
|move|p1a: Kingambit|Sucker Punch|p2a: Donphan
|-damage|p2a: Donphan|0 fnt
|faint|p2a: Donphan
|
|upkeep
|
|t:|1776047957
|switch|p2a: Iron Valiant|Iron Valiant|100/100
|-enditem|p2a: Iron Valiant|Booster Energy
|-activate|p2a: Iron Valiant|ability: Quark Drive|[fromitem]
|-start|p2a: Iron Valiant|quarkdrivespe
|turn|8
|
|t:|1776047971
|-terastallize|p1a: Kingambit|Ghost
|move|p2a: Iron Valiant|Close Combat|p1a: Kingambit
|-immune|p1a: Kingambit
|move|p1a: Kingambit|Iron Head|p2a: Iron Valiant
|-supereffective|p2a: Iron Valiant
|-damage|p2a: Iron Valiant|0 fnt
|faint|p2a: Iron Valiant
|-end|p2a: Iron Valiant|Quark Drive|[silent]
|
|upkeep
|
|t:|1776047987
|switch|p2a: Dragapult|Dragapult, M, shiny|100/100
|turn|9
|
|t:|1776047994
|move|p1a: Kingambit|Sucker Punch|p2a: Dragapult
|-supereffective|p2a: Dragapult
|-damage|p2a: Dragapult|0 fnt
|faint|p2a: Dragapult
|
|upkeep
|
|t:|1776048001
|switch|p2a: Ogerpon|Ogerpon-Wellspring-Tera, F, tera:Water|100/100
|-ability|p2a: Ogerpon|Embody Aspect (Wellspring)|boost
|-boost|p2a: Ogerpon|spd|1
|turn|10
|
|t:|1776048007
|move|p2a: Ogerpon|Ivy Cudgel|p1a: Kingambit|[anim] Ivy Cudgel Water
|-damage|p1a: Kingambit|45/100
|move|p1a: Kingambit|Kowtow Cleave|p2a: Ogerpon
|-damage|p2a: Ogerpon|4/100
|
|upkeep
|turn|11
|
|t:|1776048013
|switch|p2a: Iron Moth|Iron Moth|100/100
|-enditem|p2a: Iron Moth|Booster Energy
|-activate|p2a: Iron Moth|ability: Quark Drive|[fromitem]
|-start|p2a: Iron Moth|quarkdrivespe
|move|p1a: Kingambit|Sucker Punch||[still]
|-fail|p1a: Kingambit
|
|upkeep
|turn|12
|
|t:|1776048025
|move|p1a: Kingambit|Sucker Punch|p2a: Iron Moth
|-damage|p2a: Iron Moth|9/100
|move|p2a: Iron Moth|Fiery Dance|p1a: Kingambit
|-damage|p1a: Kingambit|6/100
|-boost|p2a: Iron Moth|spa|1
|
|upkeep
|turn|13
|
|t:|1776048036
|move|p1a: Kingambit|Sucker Punch||[still]
|-fail|p1a: Kingambit
|move|p2a: Iron Moth|Whirlwind|p1a: Kingambit
|-end|p1a: Kingambit|fallen3|[silent]
|drag|p1a: Great Tusk|Great Tusk|100/100
|
|upkeep
|turn|14
|
|t:|1776048047
|move|p2a: Iron Moth|Energy Ball|p1a: Great Tusk
|-supereffective|p1a: Great Tusk
|-damage|p1a: Great Tusk|0 fnt
|faint|p1a: Great Tusk
|-end|p1a: Great Tusk|Protosynthesis|[silent]
|
|upkeep
|
|t:|1776048053
|switch|p1a: Arcanine|Arcanine-Hisui, M, shiny|100/100
|-status|p1a: Arcanine|psn
|turn|15
|
|t:|1776048060
|move|p1a: Arcanine|Extreme Speed|p2a: Iron Moth
|-damage|p2a: Iron Moth|0 fnt
|faint|p2a: Iron Moth
|-end|p2a: Iron Moth|Quark Drive|[silent]
|
|-damage|p1a: Arcanine|88/100 psn|[from] psn
|upkeep
|
|t:|1776048063
|switch|p2a: Ogerpon|Ogerpon-Wellspring-Tera, F, tera:Water|4/100
|-ability|p2a: Ogerpon|Embody Aspect (Wellspring)|boost
|-boost|p2a: Ogerpon|spd|1
|turn|16
|-message|TheRegisAreCool forfeited.
|
|win|dialethetica
|raw|dialethetica's rating: 1172 &rarr; <strong>1197</strong><br />(+25 for winning)
|raw|TheRegisAreCool's rating: 1174 &rarr; <strong>1149</strong><br />(-25 for losing)
