|html|<div class="broadcast-blue"><strong>[Gen 9] OU is currently suspecting Tera Blast! For information on how to participate check out the <a href="https://www.smogon.com/tools/suspects/view/200">suspect thread</a>.</strong></div>
|j|☆Team BBIO 38
|j|☆fabinho92i
|t:|1776049521
|gametype|singles
|player|p1|Team BBIO 38|janitor|1344
|player|p2|fabinho92i|marshal|1340
|gen|9
|tier|[Gen 9] OU
|rated|
|rule|HP Percentage Mod: HP is shown in percentages
|rule|Endless Battle Clause: Forcing endless battles is banned
|rule|Species Clause: Limit one of each Pokémon
|rule|OHKO Clause: OHKO moves are banned
|rule|Evasion Items Clause: Evasion items are banned
|rule|Evasion Moves Clause: Evasion moves are banned
|rule|Evasion Abilities Clause: Evasion abilities are banned
|rule|Sleep Moves Clause: Sleep-inducing moves are banned
|clearpoke
|poke|p1|Dusclops, M|
|poke|p1|Blissey, F|
|poke|p1|Flamigo, M|
|poke|p1|Latias, F|
|poke|p1|Darkrai|
|poke|p1|Porygon2|
|poke|p2|Kyurem|
|poke|p2|Rotom-Wash|
|poke|p2|Clodsire, M|
|poke|p2|Enamorus, F|
|poke|p2|Iron Crown|
|poke|p2|Cinderace, M|
|teampreview
|inactive|Battle timer is ON: inactive players will automatically lose when time's up. (requested by Team BBIO 38)
|inactive|fabinho92i has 120 seconds left.
|
|t:|1776049551
|teamsize|p1|6
|teamsize|p2|6
|start
|switch|p1a: Darkrai|Darkrai|100/100
|switch|p2a: Rotom|Rotom-Wash|100/100
|turn|1
|
|t:|1776049560
|move|p1a: Darkrai|Dark Pulse|p2a: Rotom
|-damage|p2a: Rotom|46/100
|move|p2a: Rotom|Volt Switch|p1a: Darkrai
|-damage|p1a: Darkrai|67/100
|
|t:|1776049566
|switch|p2a: Enamorus|Enamorus, F|100/100|[from] Volt Switch
|
|upkeep
|turn|2
|
|t:|1776049572
|switch|p1a: Blissey|Blissey, F|100/100
|move|p2a: Enamorus|Moonblast|p1a: Blissey
|-damage|p1a: Blissey|79/100
|-unboost|p1a: Blissey|spa|1
|
|-heal|p1a: Blissey|85/100|[from] item: Leftovers
|upkeep
|turn|3
|
|t:|1776049586
|switch|p2a: Clodsire|Clodsire, M|100/100
|move|p1a: Blissey|Seismic Toss|p2a: Clodsire
|-damage|p2a: Clodsire|79/100
|
|-heal|p1a: Blissey|91/100|[from] item: Leftovers
|-heal|p2a: Clodsire|85/100|[from] item: Leftovers
|upkeep
|turn|4
|
|t:|1776049595
|move|p1a: Blissey|Seismic Toss|p2a: Clodsire
|-damage|p2a: Clodsire|64/100
|move|p2a: Clodsire|Stealth Rock|p1a: Blissey
|-sidestart|p1: Team BBIO 38|move: Stealth Rock
|
|-heal|p1a: Blissey|97/100|[from] item: Leftovers
|-heal|p2a: Clodsire|70/100|[from] item: Leftovers
|upkeep
|turn|5
|
|t:|1776049604
|move|p1a: Blissey|Stealth Rock|p2a: Clodsire
|-sidestart|p2: fabinho92i|move: Stealth Rock
|move|p2a: Clodsire|Toxic|p1a: Blissey
|-status|p1a: Blissey|tox
|
|-heal|p1a: Blissey|100/100 tox|[from] item: Leftovers
|-heal|p2a: Clodsire|76/100|[from] item: Leftovers
|-damage|p1a: Blissey|94/100 tox|[from] psn
|upkeep
|turn|6
|
|t:|1776049615
|switch|p2a: Cinderace|Cinderace, M|100/100
|move|p1a: Blissey|Seismic Toss|p2a: Cinderace
|-damage|p2a: Cinderace|67/100
|
|-heal|p1a: Blissey|100/100 tox|[from] item: Leftovers
|-damage|p1a: Blissey|88/100 tox|[from] psn
|upkeep
|turn|7
|
|t:|1776049627
|-curestatus|p1a: Blissey|tox|[from] ability: Natural Cure
|switch|p1a: Dusclops|Dusclops, M|100/100
|-damage|p1a: Dusclops|88/100|[from] Stealth Rock
|-item|p2a: Cinderace|Heavy-Duty Boots|[from] ability: Frisk|[of] p1a: Dusclops
|move|p2a: Cinderace|Pyro Ball|p1a: Dusclops
|-damage|p1a: Dusclops|60/100
|
|upkeep
|turn|8
|
|t:|1776049646
|move|p2a: Cinderace|Sucker Punch||[still]
|-fail|p2a: Cinderace
|move|p1a: Dusclops|Pain Split|p2a: Cinderace
|-sethp|p2a: Cinderace|62/100|[from] move: Pain Split|[silent]
|-sethp|p1a: Dusclops|65/100|[from] move: Pain Split
|
|upkeep
|turn|9
|
|t:|1776049653
|move|p2a: Cinderace|U-turn|p1a: Dusclops
|-start|p2a: Cinderace|typechange|Bug|[from] ability: Libero
|-resisted|p1a: Dusclops
|-damage|p1a: Dusclops|57/100
|
|t:|1776049666
|switch|p2a: Rotom|Rotom-Wash|46/100|[from] U-turn
|-damage|p2a: Rotom|34/100|[from] Stealth Rock
|move|p1a: Dusclops|Night Shade|p2a: Rotom
|-damage|p2a: Rotom|1/100
|
|-heal|p2a: Rotom|7/100|[from] item: Leftovers
|upkeep
|turn|10
|
|t:|1776049683
|move|p2a: Rotom|Will-O-Wisp|p1a: Dusclops
|-status|p1a: Dusclops|brn
|move|p1a: Dusclops|Night Shade|p2a: Rotom
|-damage|p2a: Rotom|0 fnt
|faint|p2a: Rotom
|
|-damage|p1a: Dusclops|51/100 brn|[from] brn
|upkeep
|inactive|fabinho92i has 120 seconds left.
|
|t:|1776049701
|switch|p2a: Kyurem|Kyurem|100/100
|-damage|p2a: Kyurem|76/100|[from] Stealth Rock
|-ability|p2a: Kyurem|Pressure
|turn|11
|
|t:|1776049709
|move|p2a: Kyurem|Dragon Dance|p2a: Kyurem
|-boost|p2a: Kyurem|atk|1
|-boost|p2a: Kyurem|spe|1
|move|p1a: Dusclops|Pain Split|p2a: Kyurem
|-sethp|p2a: Kyurem|57/100|[from] move: Pain Split|[silent]
|-sethp|p1a: Dusclops|78/100 brn|[from] move: Pain Split
|
|-damage|p1a: Dusclops|72/100 brn|[from] brn
|upkeep
|turn|12
|
|t:|1776049720
|move|p2a: Kyurem|Scale Shot|p1a: Dusclops
|-damage|p1a: Dusclops|61/100 brn
|-damage|p1a: Dusclops|50/100 brn
|-crit|p1a: Dusclops
|-damage|p1a: Dusclops|34/100 brn
|-damage|p1a: Dusclops|24/100 brn
|-damage|p1a: Dusclops|14/100 brn
|-hitcount|p1a: Dusclops|5
|-unboost|p2a: Kyurem|def|1
|-boost|p2a: Kyurem|spe|1
|move|p1a: Dusclops|Haze|p1a: Dusclops
|-clearallboost
|
|-damage|p1a: Dusclops|8/100 brn|[from] brn
|upkeep
|turn|13
|inactive|fabinho92i has 120 seconds left.
|
|t:|1776049743
|move|p2a: Kyurem|Icicle Spear|p1a: Dusclops
|-damage|p1a: Dusclops|2/100 brn
|-damage|p1a: Dusclops|0 fnt
|faint|p1a: Dusclops
|-hitcount|p1: Dusclops|2
|
|upkeep
|
|t:|1776049749
|switch|p1a: Flamigo|Flamigo, M|100/100
|-damage|p1a: Flamigo|88/100|[from] Stealth Rock
|turn|14
|
|t:|1776049757
|switch|p2a: Clodsire|Clodsire, M|76/100
|-damage|p2a: Clodsire|70/100|[from] Stealth Rock
|move|p1a: Flamigo|Close Combat|p2a: Clodsire
|-resisted|p2a: Clodsire
|-damage|p2a: Clodsire|36/100
|-unboost|p1a: Flamigo|def|1
|-unboost|p1a: Flamigo|spd|1
|
|-heal|p2a: Clodsire|43/100|[from] item: Leftovers
|upkeep
|turn|15
|
|t:|1776049768
|switch|p1a: Darkrai|Darkrai|67/100
|-damage|p1a: Darkrai|55/100|[from] Stealth Rock
|move|p2a: Clodsire|Recover|p2a: Clodsire
|-heal|p2a: Clodsire|93/100
|
|-heal|p2a: Clodsire|99/100|[from] item: Leftovers
|upkeep
|turn|16
|
|t:|1776049778
|move|p1a: Darkrai|Trick|p2a: Clodsire
|-activate|p1a: Darkrai|move: Trick|[of] p2a: Clodsire
|-item|p2a: Clodsire|Choice Specs|[from] move: Trick
|-item|p1a: Darkrai|Leftovers|[from] move: Trick
|move|p2a: Clodsire|Toxic|p1a: Darkrai
|-status|p1a: Darkrai|tox
|
|-heal|p1a: Darkrai|61/100 tox|[from] item: Leftovers
|-damage|p1a: Darkrai|55/100 tox|[from] psn
|upkeep
|turn|17
|
|t:|1776049795
|move|p1a: Darkrai|Ice Beam|p2a: Clodsire
|-supereffective|p2a: Clodsire
|-damage|p2a: Clodsire|67/100
|move|p2a: Clodsire|Toxic|p1a: Darkrai
|-fail|p1a: Darkrai|tox
|
|-heal|p1a: Darkrai|61/100 tox|[from] item: Leftovers
|-damage|p1a: Darkrai|49/100 tox|[from] psn
|upkeep
|turn|18
|
|t:|1776049810
|move|p1a: Darkrai|Psychic|p2a: Clodsire
|-supereffective|p2a: Clodsire
|-damage|p2a: Clodsire|32/100
|move|p2a: Clodsire|Toxic|p1a: Darkrai
|-fail|p1a: Darkrai|tox
|
|-heal|p1a: Darkrai|55/100 tox|[from] item: Leftovers
|-damage|p1a: Darkrai|36/100 tox|[from] psn
|upkeep
|turn|19
|
|t:|1776049819
|move|p1a: Darkrai|Ice Beam|p2a: Clodsire
|-supereffective|p2a: Clodsire
|-crit|p2a: Clodsire
|-damage|p2a: Clodsire|0 fnt
|faint|p2a: Clodsire
|
|-heal|p1a: Darkrai|42/100 tox|[from] item: Leftovers
|-damage|p1a: Darkrai|18/100 tox|[from] psn
|upkeep
|inactive|fabinho92i has 120 seconds left.
|
|t:|1776049841
|switch|p2a: Enamorus|Enamorus, F|100/100
|-damage|p2a: Enamorus|76/100|[from] Stealth Rock
|turn|20
|inactive|fabinho92i has 120 seconds left.
|
|t:|1776049857
|move|p2a: Enamorus|Moonblast|p1a: Darkrai
|-supereffective|p1a: Darkrai
|-damage|p1a: Darkrai|0 fnt
|faint|p1a: Darkrai
|
|upkeep
|
|t:|1776049870
|switch|p1a: Blissey|Blissey, F|88/100
|-damage|p1a: Blissey|76/100|[from] Stealth Rock
|turn|21
|inactive|fabinho92i has 120 seconds left.
|
|t:|1776049883
|switch|p2a: Cinderace|Cinderace, M|62/100
|move|p1a: Blissey|Seismic Toss|p2a: Cinderace
|-damage|p2a: Cinderace|28/100
|
|-heal|p1a: Blissey|82/100|[from] item: Leftovers
|upkeep
|turn|22
|inactive|fabinho92i has 120 seconds left.
|
|t:|1776049892
|move|p2a: Cinderace|Pyro Ball|p1a: Blissey
|-damage|p1a: Blissey|34/100
|-status|p1a: Blissey|brn
|move|p1a: Blissey|Seismic Toss|p2a: Cinderace
|-damage|p2a: Cinderace|0 fnt
|faint|p2a: Cinderace
|
|-heal|p1a: Blissey|40/100 brn|[from] item: Leftovers
|-damage|p1a: Blissey|34/100 brn|[from] brn
|upkeep
|inactive|fabinho92i has 120 seconds left.
|
|t:|1776049906
|switch|p2a: Enamorus|Enamorus, F|76/100
|-damage|p2a: Enamorus|51/100|[from] Stealth Rock
|turn|23
|
|t:|1776049911
|move|p2a: Enamorus|Healing Wish|p2a: Enamorus
|faint|p2a: Enamorus
|move|p1a: Blissey|Seismic Toss|p2: Enamorus|[notarget]
|-fail|p1a: Blissey
|
|-heal|p1a: Blissey|40/100 brn|[from] item: Leftovers
|-damage|p1a: Blissey|34/100 brn|[from] brn
|upkeep
|
|t:|1776049919
|switch|p2a: Kyurem|Kyurem|57/100
|-heal|p2a: Kyurem|100/100|[from] move: Healing Wish
|-damage|p2a: Kyurem|76/100|[from] Stealth Rock
|-ability|p2a: Kyurem|Pressure
|turn|24
|
|t:|1776049930
|move|p2a: Kyurem|Dragon Dance|p2a: Kyurem
|-boost|p2a: Kyurem|atk|1
|-boost|p2a: Kyurem|spe|1
|move|p1a: Blissey|Seismic Toss|p2a: Kyurem
|-damage|p2a: Kyurem|50/100
|
|-heal|p1a: Blissey|40/100 brn|[from] item: Leftovers
|-damage|p1a: Blissey|34/100 brn|[from] brn
|upkeep
|turn|25
|
|t:|1776049945
|-curestatus|p1a: Blissey|brn|[from] ability: Natural Cure
|switch|p1a: Porygon2|Porygon2|100/100
|-damage|p1a: Porygon2|88/100|[from] Stealth Rock
|-ability|p1a: Porygon2|Download|boost
|-boost|p1a: Porygon2|spa|1
|move|p2a: Kyurem|Scale Shot|p1a: Porygon2
|-damage|p1a: Porygon2|76/100
|-damage|p1a: Porygon2|64/100
|-damage|p1a: Porygon2|52/100
|-damage|p1a: Porygon2|38/100
|-damage|p1a: Porygon2|24/100
|-hitcount|p1a: Porygon2|5
|-unboost|p2a: Kyurem|def|1
|-boost|p2a: Kyurem|spe|1
|
|upkeep
|turn|26
|inactive|fabinho92i has 120 seconds left.
|
|t:|1776049961
|move|p2a: Kyurem|Scale Shot|p1a: Porygon2
|-damage|p1a: Porygon2|10/100
|-damage|p1a: Porygon2|0 fnt
|faint|p1a: Porygon2
|-hitcount|p1: Porygon2|2
|-unboost|p2a: Kyurem|def|1
|-boost|p2a: Kyurem|spe|1
|
|upkeep
|
|t:|1776049969
|switch|p1a: Alaric|Latias, F|100/100
|-damage|p1a: Alaric|88/100|[from] Stealth Rock
|turn|27
|
|t:|1776049974
|-terastallize|p1a: Alaric|Steel
|move|p2a: Kyurem|Icicle Spear|p1a: Alaric
|-resisted|p1a: Alaric
|-damage|p1a: Alaric|75/100
|-resisted|p1a: Alaric
|-damage|p1a: Alaric|63/100
|-resisted|p1a: Alaric
|-damage|p1a: Alaric|50/100
|-resisted|p1a: Alaric
|-damage|p1a: Alaric|39/100
|-hitcount|p1a: Alaric|4
|move|p1a: Alaric|Aura Sphere|p2a: Kyurem
|-supereffective|p2a: Kyurem
|-damage|p2a: Kyurem|2/100
|
|upkeep
|turn|28
|
|t:|1776049995
|-terastallize|p2a: Kyurem|Fire
|move|p2a: Kyurem|Tera Blast|p1a: Alaric|[anim] Tera Blast Fire
|-supereffective|p1a: Alaric
|-damage|p1a: Alaric|0 fnt
|faint|p1a: Alaric
|
|upkeep
|
|t:|1776050002
|switch|p1a: Flamigo|Flamigo, M|88/100
|-damage|p1a: Flamigo|76/100|[from] Stealth Rock
|turn|29
|
|t:|1776050012
|move|p2a: Kyurem|Scale Shot|p1a: Flamigo
|-damage|p1a: Flamigo|50/100
|-damage|p1a: Flamigo|20/100
|-damage|p1a: Flamigo|0 fnt
|faint|p1a: Flamigo
|-hitcount|p1: Flamigo|3
|-unboost|p2a: Kyurem|def|1
|-boost|p2a: Kyurem|spe|1
|
|upkeep
|
|t:|1776050021
|switch|p1a: Blissey|Blissey, F|34/100
|-damage|p1a: Blissey|21/100|[from] Stealth Rock
|turn|30
|
|t:|1776050026
|move|p2a: Kyurem|Icicle Spear|p1a: Blissey
|-crit|p1a: Blissey
|-damage|p1a: Blissey|0 fnt
|faint|p1a: Blissey
|-hitcount|p1: Blissey|1
|
|win|fabinho92i
|raw|Team BBIO 38's rating: 1344 &rarr; <strong>1324</strong><br />(-20 for losing)
|raw|fabinho92i's rating: 1340 &rarr; <strong>1360</strong><br />(+20 for winning)
|l|☆Team BBIO 38
|player|p1|
|l|☆fabinho92i
|player|p2|
