|html|<div class="broadcast-blue"><strong>[Gen 9] OU is currently suspecting Volcarona! For information on how to participate check out the <a href="https://www.smogon.com/tools/suspects/view/208">suspect thread</a>.</strong></div>
|j|☆parkiay
|j|☆Dreadblaze
|t:|1778509956
|gametype|singles
|player|p1|parkiay|juan|1529
|player|p2|Dreadblaze|burglar|1517
|gen|9
|tier|[Gen 9] OU
|rated|
|rule|HP Percentage Mod: HP is shown in percentages
|rule|Endless Battle Clause: Forcing endless battles is banned
|rule|Species Clause: Limit one of each Pokémon
|rule|OHKO Clause: OHKO moves are banned
|rule|Evasion Items Clause: Evasion items are banned
|rule|Evasion Moves Clause: Evasion moves are banned
|rule|Evasion Abilities Clause: Evasion abilities are banned
|rule|Sleep Moves Clause: Sleep-inducing moves are banned
|clearpoke
|poke|p1|Cinderace, M|
|poke|p1|Rotom-Wash|
|poke|p1|Darkrai|
|poke|p1|Ogerpon-Cornerstone, F|
|poke|p1|Iron Moth|
|poke|p1|Raging Bolt|
|poke|p2|Zamazenta-*|
|poke|p2|Meowscarada, M|
|poke|p2|Cinderace, M|
|poke|p2|Garganacl, M|
|poke|p2|Regieleki|
|poke|p2|Toxapex, M|
|teampreview
|inactive|Battle timer is ON: inactive players will automatically lose when time's up. (requested by parkiay)
|c|☆parkiay|gl
|c|☆parkiay|hf
|
|t:|1778509967
|teamsize|p1|6
|teamsize|p2|6
|start
|switch|p1a: Cinderace|Cinderace, M|100/100
|switch|p2a: Meowscarada|Meowscarada, M|100/100
|turn|1
|
|t:|1778509971
|move|p2a: Meowscarada|U-turn|p1a: Cinderace
|-start|p2a: Meowscarada|typechange|Bug|[from] ability: Protean
|-resisted|p1a: Cinderace
|-damage|p1a: Cinderace|77/100
|
|t:|1778509977
|switch|p2a: Garganacl|Garganacl, M|100/100|[from] U-turn
|move|p1a: Cinderace|Pyro Ball|p2a: Garganacl
|-resisted|p2a: Garganacl
|-damage|p2a: Garganacl|86/100
|
|upkeep
|turn|2
|
|t:|1778509984
|move|p1a: Cinderace|U-turn|p2a: Garganacl
|-start|p1a: Cinderace|typechange|Bug|[from] ability: Libero
|-damage|p2a: Garganacl|67/100
|-damage|p1a: Cinderace|60/100|[from] item: Rocky Helmet|[of] p2a: Garganacl
|
|t:|1778510000
|switch|p1a: Rotom|Rotom-Wash|100/100|[from] U-turn
|move|p2a: Garganacl|Salt Cure|p1a: Rotom
|-damage|p1a: Rotom|88/100
|-start|p1a: Rotom|Salt Cure
|
|-heal|p1a: Rotom|95/100|[from] item: Leftovers
|-damage|p1a: Rotom|70/100|[from] Salt Cure
|upkeep
|turn|3
|
|t:|1778510010
|move|p2a: Garganacl|Protect|p2a: Garganacl
|-singleturn|p2a: Garganacl|Protect
|move|p1a: Rotom|Hydro Pump|p2a: Garganacl
|-activate|p2a: Garganacl|move: Protect
|
|-heal|p1a: Rotom|76/100|[from] item: Leftovers
|-damage|p1a: Rotom|51/100|[from] Salt Cure
|upkeep
|turn|4
|
|t:|1778510020
|switch|p2a: Toxapex|Toxapex, M|100/100
|move|p1a: Rotom|Discharge|p2a: Toxapex
|-supereffective|p2a: Toxapex
|-damage|p2a: Toxapex|71/100
|
|-heal|p1a: Rotom|57/100|[from] item: Leftovers
|-damage|p1a: Rotom|32/100|[from] Salt Cure
|upkeep
|turn|5
|
|t:|1778510037
|move|p1a: Rotom|Pain Split|p2a: Toxapex
|-sethp|p2a: Toxapex|51/100|[from] move: Pain Split|[silent]
|-sethp|p1a: Rotom|51/100|[from] move: Pain Split
|move|p2a: Toxapex|Mud Shot|p1a: Rotom
|-immune|p1a: Rotom|[from] ability: Levitate
|
|-heal|p1a: Rotom|57/100|[from] item: Leftovers
|-damage|p1a: Rotom|32/100|[from] Salt Cure
|upkeep
|turn|6
|
|t:|1778510053
|move|p1a: Rotom|Discharge|p2a: Toxapex
|-supereffective|p2a: Toxapex
|-damage|p2a: Toxapex|16/100
|-status|p2a: Toxapex|par
|move|p2a: Toxapex|Ice Beam|p1a: Rotom
|-resisted|p1a: Rotom
|-damage|p1a: Rotom|23/100
|
|-heal|p1a: Rotom|29/100|[from] item: Leftovers
|-damage|p1a: Rotom|4/100|[from] Salt Cure
|upkeep
|turn|7
|inactive|Dreadblaze has 120 seconds left.
|
|t:|1778510079
|switch|p2a: Meowscarada|Meowscarada, M|100/100
|move|p1a: Rotom|Discharge|p2a: Meowscarada
|-resisted|p2a: Meowscarada
|-damage|p2a: Meowscarada|78/100
|
|-heal|p1a: Rotom|10/100|[from] item: Leftovers
|-damage|p1a: Rotom|0 fnt|[from] Salt Cure
|faint|p1a: Rotom
|upkeep
|
|t:|1778510106
|switch|p1a: Darkrai|Darkrai|100/100
|turn|8
|
|t:|1778510109
|move|p2a: Meowscarada|U-turn|p1a: Darkrai
|-start|p2a: Meowscarada|typechange|Bug|[from] ability: Protean
|-supereffective|p1a: Darkrai
|-damage|p1a: Darkrai|17/100
|
|t:|1778510122
|switch|p2a: Toxapex|Toxapex, M|49/100 par|[from] U-turn
|move|p1a: Darkrai|Nasty Plot|p1a: Darkrai
|-boost|p1a: Darkrai|spa|2
|
|-heal|p1a: Darkrai|23/100|[from] item: Leftovers
|upkeep
|turn|9
|inactive|Dreadblaze has 120 seconds left.
|
|t:|1778510148
|move|p1a: Darkrai|Dark Pulse|p2a: Toxapex
|-damage|p2a: Toxapex|5/100 par
|move|p2a: Toxapex|Sludge Bomb|p1a: Darkrai
|-damage|p1a: Darkrai|0 fnt
|faint|p1a: Darkrai
|
|upkeep
|
|t:|1778510163
|switch|p1a: Raging Bolt|Raging Bolt|100/100
|-enditem|p1a: Raging Bolt|Booster Energy
|-activate|p1a: Raging Bolt|ability: Protosynthesis|[fromitem]
|-start|p1a: Raging Bolt|protosynthesisspa
|turn|10
|inactive|Dreadblaze has 120 seconds left.
|
|t:|1778510180
|move|p1a: Raging Bolt|Calm Mind|p1a: Raging Bolt
|-boost|p1a: Raging Bolt|spa|1
|-boost|p1a: Raging Bolt|spd|1
|cant|p2a: Toxapex|par
|
|upkeep
|turn|11
|inactive|Dreadblaze has 120 seconds left.
|
|t:|1778510188
|move|p1a: Raging Bolt|Dragon Pulse|p2a: Toxapex
|-damage|p2a: Toxapex|0 fnt
|faint|p2a: Toxapex
|
|upkeep
|inactive|Dreadblaze has 120 seconds left.
|
|t:|1778510193
|switch|p2a: Meowscarada|Meowscarada, M|78/100
|turn|12
|
|t:|1778510219
|-terastallize|p1a: Raging Bolt|Bug
|move|p2a: Meowscarada|Triple Axel|p1a: Raging Bolt
|-start|p2a: Meowscarada|typechange|Ice|[from] ability: Protean
|-damage|p1a: Raging Bolt|92/100
|-damage|p1a: Raging Bolt|73/100
|-damage|p1a: Raging Bolt|45/100
|-hitcount|p1a: Raging Bolt|3
|move|p1a: Raging Bolt|Thunderbolt|p2a: Meowscarada
|-damage|p2a: Meowscarada|0 fnt
|faint|p2a: Meowscarada
|
|upkeep
|
|t:|1778510232
|switch|p2a: Regieleki|Regieleki|100/100
|turn|13
|
|t:|1778510236
|move|p2a: Regieleki|Supercell Slam|p1a: Raging Bolt
|-damage|p1a: Raging Bolt|0 fnt
|faint|p1a: Raging Bolt
|-end|p1a: Raging Bolt|Protosynthesis|[silent]
|
|upkeep
|
|t:|1778510240
|switch|p1a: Ogerpon|Ogerpon-Cornerstone, F|100/100
|turn|14
|
|t:|1778510246
|move|p2a: Regieleki|Volt Switch|p1a: Ogerpon
|-resisted|p1a: Ogerpon
|-damage|p1a: Ogerpon|79/100
|
|t:|1778510251
|switch|p2a: Zamazenta|Zamazenta|100/100|[from] Volt Switch
|-ability|p2a: Zamazenta|Dauntless Shield|boost
|-boost|p2a: Zamazenta|def|1
|move|p1a: Ogerpon|Swords Dance|p1a: Ogerpon
|-boost|p1a: Ogerpon|atk|2
|
|upkeep
|turn|15
|
|t:|1778510260
|move|p2a: Zamazenta|Close Combat|p1a: Ogerpon
|-supereffective|p1a: Ogerpon
|-damage|p1a: Ogerpon|0 fnt
|-unboost|p2a: Zamazenta|def|1
|-unboost|p2a: Zamazenta|spd|1
|faint|p1a: Ogerpon
|-damage|p2a: Zamazenta|91/100|[from] item: Life Orb
|
|upkeep
|
|t:|1778510262
|switch|p1a: Iron Moth|Iron Moth|100/100
|-enditem|p1a: Iron Moth|Booster Energy
|-activate|p1a: Iron Moth|ability: Quark Drive|[fromitem]
|-start|p1a: Iron Moth|quarkdrivespe
|turn|16
|
|t:|1778510278
|move|p1a: Iron Moth|Fiery Dance|p2a: Zamazenta
|-damage|p2a: Zamazenta|37/100
|-boost|p1a: Iron Moth|spa|1
|move|p2a: Zamazenta|Crunch|p1a: Iron Moth
|-damage|p1a: Iron Moth|50/100
|-unboost|p1a: Iron Moth|def|1
|-damage|p2a: Zamazenta|27/100|[from] item: Life Orb
|
|upkeep
|turn|17
|
|t:|1778510307
|move|p2a: Zamazenta|Quick Attack|p1a: Iron Moth
|-damage|p1a: Iron Moth|11/100
|-damage|p2a: Zamazenta|17/100|[from] item: Life Orb
|move|p1a: Iron Moth|Fiery Dance|p2a: Zamazenta
|-damage|p2a: Zamazenta|0 fnt
|-boost|p1a: Iron Moth|spa|1
|faint|p2a: Zamazenta
|
|upkeep
|-message|parkiay forfeited.
|
|win|Dreadblaze
|raw|parkiay's rating: 1529 &rarr; <strong>1508</strong><br />(-21 for losing)
|raw|Dreadblaze's rating: 1517 &rarr; <strong>1538</strong><br />(+21 for winning)
|l|☆parkiay
|player|p1|
|l|☆Dreadblaze
|player|p2|
