|html|<div class="broadcast-blue"><strong>[Gen 9] OU is currently suspecting Volcarona! For information on how to participate check out the <a href="https://www.smogon.com/tools/suspects/view/208">suspect thread</a>.</strong></div>
|j|☆Old Sam - RPlayer
|j|☆duli2010
|t:|1778508482
|gametype|singles
|player|p1|Old Sam - RPlayer|drayden|1227
|player|p2|duli2010|bugcatcher-gen4dp|1260
|gen|9
|tier|[Gen 9] OU
|rated|
|rule|HP Percentage Mod: HP is shown in percentages
|rule|Endless Battle Clause: Forcing endless battles is banned
|rule|Species Clause: Limit one of each Pokémon
|rule|OHKO Clause: OHKO moves are banned
|rule|Evasion Items Clause: Evasion items are banned
|rule|Evasion Moves Clause: Evasion moves are banned
|rule|Evasion Abilities Clause: Evasion abilities are banned
|rule|Sleep Moves Clause: Sleep-inducing moves are banned
|clearpoke
|poke|p1|Alomomola, F|
|poke|p1|Dragapult, M|
|poke|p1|Iron Crown|
|poke|p1|Great Tusk|
|poke|p1|Landorus-Therian, M|
|poke|p1|Ogerpon-Wellspring, F|
|poke|p2|Spiritomb, F|
|poke|p2|Toxapex, M|
|poke|p2|Hydrapple, M|
|poke|p2|Quagsire, F|
|poke|p2|Milotic, M|
|poke|p2|Quaquaval, M|
|teampreview
|inactive|Battle timer is ON: inactive players will automatically lose when time's up. (requested by duli2010)
|
|t:|1778508494
|teamsize|p1|6
|teamsize|p2|6
|start
|switch|p1a: Landorus|Landorus-Therian, M|100/100
|switch|p2a: Milotic|Milotic, M|100/100
|-ability|p1a: Landorus|Intimidate|boost
|-unboost|p2a: Milotic|atk|1
|-ability|p2a: Milotic|Competitive|boost
|-boost|p2a: Milotic|spa|2
|turn|1
|
|t:|1778508504
|move|p1a: Landorus|U-turn|p2a: Milotic
|-damage|p2a: Milotic|79/100
|
|t:|1778508509
|switch|p1a: Alomomola|Alomomola, F|100/100|[from] U-turn
|move|p2a: Milotic|Alluring Voice|p1a: Alomomola
|-damage|p1a: Alomomola|65/100
|
|-heal|p1a: Alomomola|71/100|[from] item: Leftovers
|upkeep
|turn|2
|
|t:|1778508518
|switch|p2a: Spiritomb|Spiritomb, F|100/100
|move|p1a: Alomomola|Flip Turn|p2a: Spiritomb
|-damage|p2a: Spiritomb|88/100
|
|t:|1778508526
|switch|p1a: Ogerpon|Ogerpon-Wellspring, F|100/100|[from] Flip Turn
|
|upkeep
|turn|3
|
|t:|1778508531
|move|p1a: Ogerpon|Ivy Cudgel|p2a: Spiritomb|[anim] Ivy Cudgel Water
|-damage|p2a: Spiritomb|43/100
|move|p2a: Spiritomb|Trick||[still]
|-fail|p2a: Spiritomb
|
|upkeep
|turn|4
|
|t:|1778508538
|switch|p2a: Hydrapple|Hydrapple, M, shiny|100/100
|move|p1a: Ogerpon|Ivy Cudgel|p2a: Hydrapple|[anim] Ivy Cudgel Water
|-resisted|p2a: Hydrapple
|-damage|p2a: Hydrapple|90/100
|
|-heal|p2a: Hydrapple|96/100|[from] item: Leftovers
|upkeep
|turn|5
|
|t:|1778508548
|switch|p1a: Iron Crown|Iron Crown|100/100
|-terastallize|p2a: Hydrapple|Grass
|move|p2a: Hydrapple|Nasty Plot|p2a: Hydrapple
|-boost|p2a: Hydrapple|spa|2
|
|-heal|p2a: Hydrapple|100/100|[from] item: Leftovers
|upkeep
|turn|6
|
|t:|1778508557
|move|p1a: Iron Crown|Tachyon Cutter|p2a: Hydrapple
|-damage|p2a: Hydrapple|75/100
|-damage|p2a: Hydrapple|49/100
|-hitcount|p2a: Hydrapple|2
|move|p2a: Hydrapple|Earth Power|p1a: Iron Crown
|-supereffective|p1a: Iron Crown
|-damage|p1a: Iron Crown|20/100
|
|-heal|p2a: Hydrapple|56/100|[from] item: Leftovers
|upkeep
|turn|7
|
|t:|1778508574
|switch|p2a: Toxapex|Toxapex, M|100/100
|move|p1a: Iron Crown|Tachyon Cutter|p2a: Toxapex
|-resisted|p2a: Toxapex
|-damage|p2a: Toxapex|92/100
|-resisted|p2a: Toxapex
|-damage|p2a: Toxapex|83/100
|-hitcount|p2a: Toxapex|2
|
|-heal|p2a: Toxapex|89/100|[from] item: Black Sludge
|upkeep
|turn|8
|
|t:|1778508583
|move|p1a: Iron Crown|Volt Switch|p2a: Toxapex
|-supereffective|p2a: Toxapex
|-damage|p2a: Toxapex|53/100
|
|t:|1778508586
|-end|p1a: Iron Crown|Quark Drive|[silent]
|switch|p1a: Alomomola|Alomomola, F|100/100|[from] Volt Switch
|move|p2a: Toxapex|Infestation|p1a: Alomomola
|-damage|p1a: Alomomola|98/100
|-activate|p1a: Alomomola|move: Infestation|[of] p2a: Toxapex
|
|-heal|p1a: Alomomola|100/100|[from] item: Leftovers
|-heal|p2a: Toxapex|59/100|[from] item: Black Sludge
|-damage|p1a: Alomomola|88/100|[from] move: Infestation|[partiallytrapped]
|upkeep
|turn|9
|
|t:|1778508595
|move|p1a: Alomomola|Wish|p1a: Alomomola
|move|p2a: Toxapex|Toxic|p1a: Alomomola
|-status|p1a: Alomomola|tox
|
|-heal|p1a: Alomomola|94/100 tox|[from] item: Leftovers
|-heal|p2a: Toxapex|66/100|[from] item: Black Sludge
|-damage|p1a: Alomomola|88/100 tox|[from] psn
|-damage|p1a: Alomomola|76/100 tox|[from] move: Infestation|[partiallytrapped]
|upkeep
|turn|10
|
|t:|1778508603
|move|p2a: Toxapex|Baneful Bunker|p2a: Toxapex
|-singleturn|p2a: Toxapex|move: Protect
|move|p1a: Alomomola|Flip Turn|p2a: Toxapex
|-activate|p2a: Toxapex|move: Protect
|
|-heal|p1a: Alomomola|100/100 tox|[from] move: Wish|[wisher] Alomomola
|-heal|p2a: Toxapex|72/100|[from] item: Black Sludge
|-damage|p1a: Alomomola|88/100 tox|[from] psn
|-damage|p1a: Alomomola|76/100 tox|[from] move: Infestation|[partiallytrapped]
|upkeep
|turn|11
|
|t:|1778508614
|move|p1a: Alomomola|Wish|p1a: Alomomola
|move|p2a: Toxapex|Infestation|p1a: Alomomola
|-damage|p1a: Alomomola|74/100 tox
|
|-heal|p1a: Alomomola|80/100 tox|[from] item: Leftovers
|-heal|p2a: Toxapex|78/100|[from] item: Black Sludge
|-damage|p1a: Alomomola|61/100 tox|[from] psn
|-damage|p1a: Alomomola|49/100 tox|[from] move: Infestation|[partiallytrapped]
|upkeep
|turn|12
|
|t:|1778508624
|move|p2a: Toxapex|Baneful Bunker|p2a: Toxapex
|-singleturn|p2a: Toxapex|move: Protect
|move|p1a: Alomomola|Flip Turn|p2a: Toxapex
|-activate|p2a: Toxapex|move: Protect
|
|-heal|p1a: Alomomola|99/100 tox|[from] move: Wish|[wisher] Alomomola
|-heal|p1a: Alomomola|100/100 tox|[from] item: Leftovers
|-heal|p2a: Toxapex|84/100|[from] item: Black Sludge
|-damage|p1a: Alomomola|76/100 tox|[from] psn
|-end|p1a: Alomomola|Infestation|[partiallytrapped]
|upkeep
|turn|13
|
|t:|1778508635
|switch|p1a: Landorus|Landorus-Therian, M|100/100
|-ability|p1a: Landorus|Intimidate|boost
|-unboost|p2a: Toxapex|atk|1
|move|p2a: Toxapex|Infestation|p1a: Landorus
|-resisted|p1a: Landorus
|-crit|p1a: Landorus
|-damage|p1a: Landorus|98/100
|-activate|p1a: Landorus|move: Infestation|[of] p2a: Toxapex
|
|-heal|p2a: Toxapex|91/100|[from] item: Black Sludge
|-damage|p1a: Landorus|85/100|[from] move: Infestation|[partiallytrapped]
|upkeep
|turn|14
|
|t:|1778508645
|move|p1a: Landorus|U-turn|p2a: Toxapex
|-resisted|p2a: Toxapex
|-damage|p2a: Toxapex|83/100
|
|t:|1778508648
|switch|p1a: Iron Crown|Iron Crown|20/100|[from] U-turn
|move|p2a: Toxapex|Toxic|p1a: Iron Crown
|-immune|p1a: Iron Crown
|
|-heal|p2a: Toxapex|89/100|[from] item: Black Sludge
|upkeep
|turn|15
|
|t:|1778508661
|move|p1a: Iron Crown|Psychic|p2a: Toxapex
|-supereffective|p2a: Toxapex
|-damage|p2a: Toxapex|25/100
|move|p2a: Toxapex|Infestation|p1a: Iron Crown
|-damage|p1a: Iron Crown|18/100
|-activate|p1a: Iron Crown|move: Infestation|[of] p2a: Toxapex
|
|-heal|p2a: Toxapex|32/100|[from] item: Black Sludge
|-damage|p1a: Iron Crown|6/100|[from] move: Infestation|[partiallytrapped]
|upkeep
|turn|16
|
|t:|1778508669
|move|p2a: Toxapex|Baneful Bunker|p2a: Toxapex
|-singleturn|p2a: Toxapex|move: Protect
|move|p1a: Iron Crown|Volt Switch|p2a: Toxapex
|-activate|p2a: Toxapex|move: Protect
|
|-heal|p2a: Toxapex|38/100|[from] item: Black Sludge
|-damage|p1a: Iron Crown|0 fnt|[from] move: Infestation|[partiallytrapped]
|faint|p1a: Iron Crown
|-end|p1a: Iron Crown|Quark Drive|[silent]
|upkeep
|
|t:|1778508677
|switch|p1a: Great Tusk|Great Tusk|100/100
|turn|17
|
|t:|1778508688
|switch|p2a: Hydrapple|Hydrapple, M, shiny, tera:Grass|89/100
|move|p1a: Great Tusk|Stealth Rock|p2a: Hydrapple
|-sidestart|p2: duli2010|move: Stealth Rock
|
|-heal|p2a: Hydrapple|95/100|[from] item: Leftovers
|upkeep
|turn|18
|
|t:|1778508700
|-end|p1a: Great Tusk|Protosynthesis|[silent]
|switch|p1a: Landorus|Landorus-Therian, M|85/100
|-ability|p1a: Landorus|Intimidate|boost
|-unboost|p2a: Hydrapple|atk|1
|move|p2a: Hydrapple|Giga Drain|p1a: Landorus
|-damage|p1a: Landorus|19/100
|-heal|p2a: Hydrapple|100/100|[from] drain|[of] p1a: Landorus
|
|upkeep
|turn|19
|
|t:|1778508708
|move|p1a: Landorus|Sludge Bomb|p2a: Hydrapple
|-supereffective|p2a: Hydrapple
|-damage|p2a: Hydrapple|8/100
|move|p2a: Hydrapple|Giga Drain|p1a: Landorus
|-damage|p1a: Landorus|0 fnt
|-heal|p2a: Hydrapple|16/100|[from] drain|[of] p1a: Landorus
|faint|p1a: Landorus
|
|-heal|p2a: Hydrapple|22/100|[from] item: Leftovers
|upkeep
|
|t:|1778508715
|switch|p1a: Great Tusk|Great Tusk|100/100
|turn|20
|
|t:|1778508721
|switch|p2a: Spiritomb|Spiritomb, F|43/100
|-damage|p2a: Spiritomb|30/100|[from] Stealth Rock
|move|p1a: Great Tusk|Ice Spinner|p2a: Spiritomb
|-damage|p2a: Spiritomb|11/100
|
|upkeep
|turn|21
|
|t:|1778508728
|move|p1a: Great Tusk|Ice Spinner|p2a: Spiritomb
|-damage|p2a: Spiritomb|0 fnt
|faint|p2a: Spiritomb
|
|upkeep
|
|t:|1778508734
|switch|p2a: Quaquaval|Quaquaval, M|100/100
|-damage|p2a: Quaquaval|94/100|[from] Stealth Rock
|turn|22
|
|t:|1778508744
|-end|p1a: Great Tusk|Protosynthesis|[silent]
|switch|p1a: Ogerpon|Ogerpon-Wellspring, F|100/100
|move|p2a: Quaquaval|Triple Axel|p1a: Ogerpon
|-damage|p1a: Ogerpon|91/100
|-damage|p1a: Ogerpon|71/100
|-damage|p1a: Ogerpon|42/100
|-hitcount|p1a: Ogerpon|3
|
|upkeep
|turn|23
|
|t:|1778508770
|switch|p2a: Hydrapple|Hydrapple, M, shiny, tera:Grass|55/100
|-damage|p2a: Hydrapple|43/100|[from] Stealth Rock
|move|p1a: Ogerpon|Horn Leech|p2a: Hydrapple
|-resisted|p2a: Hydrapple
|-damage|p2a: Hydrapple|27/100
|-heal|p1a: Ogerpon|52/100|[from] drain|[of] p2a: Hydrapple
|
|-heal|p2a: Hydrapple|34/100|[from] item: Leftovers
|upkeep
|turn|24
|
|t:|1778508781
|move|p1a: Ogerpon|Swords Dance|p1a: Ogerpon
|-boost|p1a: Ogerpon|atk|2
|move|p2a: Hydrapple|Giga Drain|p1a: Ogerpon
|-damage|p1a: Ogerpon|0 fnt
|-heal|p2a: Hydrapple|54/100|[from] drain|[of] p1a: Ogerpon
|faint|p1a: Ogerpon
|
|-heal|p2a: Hydrapple|60/100|[from] item: Leftovers
|upkeep
|
|t:|1778508787
|switch|p1a: Dragapult|Dragapult, M|100/100
|turn|25
|
|t:|1778508802
|switch|p2a: Toxapex|Toxapex, M|71/100
|-damage|p2a: Toxapex|59/100|[from] Stealth Rock
|-terastallize|p1a: Dragapult|Fire
|move|p1a: Dragapult|Flamethrower|p2a: Toxapex
|-resisted|p2a: Toxapex
|-damage|p2a: Toxapex|37/100
|
|-heal|p2a: Toxapex|43/100|[from] item: Black Sludge
|upkeep
|turn|26
|
|t:|1778508812
|switch|p1a: Alomomola|Alomomola, F|100/100 tox
|move|p2a: Toxapex|Recover|p2a: Toxapex
|-heal|p2a: Toxapex|93/100
|
|-heal|p2a: Toxapex|99/100|[from] item: Black Sludge
|-damage|p1a: Alomomola|94/100 tox|[from] psn
|upkeep
|turn|27
|
|t:|1778508820
|move|p1a: Alomomola|Scald|p2a: Toxapex
|-resisted|p2a: Toxapex
|-crit|p2a: Toxapex
|-damage|p2a: Toxapex|92/100
|move|p2a: Toxapex|Infestation|p1a: Alomomola
|-damage|p1a: Alomomola|92/100 tox
|-activate|p1a: Alomomola|move: Infestation|[of] p2a: Toxapex
|
|-heal|p1a: Alomomola|98/100 tox|[from] item: Leftovers
|-heal|p2a: Toxapex|98/100|[from] item: Black Sludge
|-damage|p1a: Alomomola|86/100 tox|[from] psn
|-damage|p1a: Alomomola|74/100 tox|[from] move: Infestation|[partiallytrapped]
|upkeep
|turn|28
|
|t:|1778508832
|switch|p2a: Hydrapple|Hydrapple, M, shiny, tera:Grass|93/100
|-damage|p2a: Hydrapple|81/100|[from] Stealth Rock
|move|p1a: Alomomola|Wish|p1a: Alomomola
|
|-heal|p1a: Alomomola|80/100 tox|[from] item: Leftovers
|-heal|p2a: Hydrapple|87/100|[from] item: Leftovers
|-damage|p1a: Alomomola|61/100 tox|[from] psn
|-end|p1a: Alomomola|Infestation|[partiallytrapped]|[silent]
|upkeep
|turn|29
|
|t:|1778508840
|move|p2a: Hydrapple|Giga Drain|p1a: Alomomola
|-supereffective|p1a: Alomomola
|-damage|p1a: Alomomola|0 fnt
|-heal|p2a: Hydrapple|100/100|[from] drain|[of] p1a: Alomomola
|faint|p1a: Alomomola
|
|upkeep
|
|t:|1778508845
|switch|p1a: Dragapult|Dragapult, M, tera:Fire|100/100
|turn|30
|
|t:|1778508848
|switch|p2a: Milotic|Milotic, M|79/100
|-damage|p2a: Milotic|66/100|[from] Stealth Rock
|move|p1a: Dragapult|U-turn|p2a: Milotic
|-crit|p2a: Milotic
|-damage|p2a: Milotic|38/100
|
|t:|1778508849
|switch|p1a: Great Tusk|Great Tusk|100/100|[from] U-turn
|
|upkeep
|turn|31
|
|t:|1778508858
|move|p1a: Great Tusk|Headlong Rush|p2a: Milotic
|-damage|p2a: Milotic|0 fnt
|-unboost|p1a: Great Tusk|def|1
|-unboost|p1a: Great Tusk|spd|1
|faint|p2a: Milotic
|
|upkeep
|
|t:|1778508864
|switch|p2a: Hydrapple|Hydrapple, M, shiny, tera:Grass|100/100
|-damage|p2a: Hydrapple|88/100|[from] Stealth Rock
|turn|32
|
|t:|1778508868
|move|p1a: Great Tusk|Ice Spinner|p2a: Hydrapple
|-supereffective|p2a: Hydrapple
|-damage|p2a: Hydrapple|56/100
|move|p2a: Hydrapple|Giga Drain|p1a: Great Tusk
|-supereffective|p1a: Great Tusk
|-damage|p1a: Great Tusk|0 fnt
|-heal|p2a: Hydrapple|100/100|[from] drain|[of] p1a: Great Tusk
|faint|p1a: Great Tusk
|-end|p1a: Great Tusk|Protosynthesis|[silent]
|
|upkeep
|
|t:|1778508870
|switch|p1a: Dragapult|Dragapult, M, tera:Fire|100/100
|turn|33
|
|t:|1778508877
|move|p1a: Dragapult|Shadow Ball|p2a: Hydrapple
|-damage|p2a: Hydrapple|45/100
|-unboost|p2a: Hydrapple|spd|1
|move|p2a: Hydrapple|Earth Power|p1a: Dragapult
|-supereffective|p1a: Dragapult
|-damage|p1a: Dragapult|16/100
|-unboost|p1a: Dragapult|spd|1
|
|-heal|p2a: Hydrapple|51/100|[from] item: Leftovers
|upkeep
|turn|34
|
|t:|1778508888
|move|p1a: Dragapult|Shadow Ball|p2a: Hydrapple
|-damage|p2a: Hydrapple|0 fnt
|faint|p2a: Hydrapple
|
|upkeep
|
|t:|1778508893
|switch|p2a: Quaquaval|Quaquaval, M|94/100
|-damage|p2a: Quaquaval|88/100|[from] Stealth Rock
|turn|35
|
|t:|1778508897
|move|p1a: Dragapult|Shadow Ball|p2a: Quaquaval
|-damage|p2a: Quaquaval|49/100
|move|p2a: Quaquaval|Aqua Step|p1a: Dragapult
|-supereffective|p1a: Dragapult
|-damage|p1a: Dragapult|0 fnt
|-boost|p2a: Quaquaval|spe|1
|faint|p1a: Dragapult
|
|win|duli2010
|raw|Old Sam - RPlayer's rating: 1227 &rarr; <strong>1204</strong><br />(-23 for losing)
|raw|duli2010's rating: 1260 &rarr; <strong>1283</strong><br />(+23 for winning)
|c|☆Old Sam - RPlayer|Gg
|c|☆duli2010|gg
|l|☆Old Sam - RPlayer
|player|p1|
|l|☆duli2010
|player|p2|
