|html|<div class="broadcast-blue"><strong>[Gen 9] OU is currently suspecting Tera Blast! For information on how to participate check out the <a href="https://www.smogon.com/tools/suspects/view/200">suspect thread</a>.</strong></div>
|badge|p1|silver|gen9ou|30-9
|badge|p1|silver|gen9ubers|30-9
|uhtml|medal-msg|<div class="broadcast-blue">Curious what those medals under the avatar are? PS now has Ladder Seasons! For more information, check out the <a href="https://www.smogon.com/forums/threads/3740067/">thread on Smogon.</a></div>
|badge|p2|silver|gen9ou|30-9
|uhtml|medal-msg|<div class="broadcast-blue">Curious what those medals under the avatar are? PS now has Ladder Seasons! For more information, check out the <a href="https://www.smogon.com/forums/threads/3740067/">thread on Smogon.</a></div>
|raw|<div class="broadcast-blue"><strong>This battle is required to be public due to a player having a name starting with 'ulthz25'.</div>
|j|☆ULTHZ25 LASERS
|j|☆qways
|t:|1776092114
|gametype|singles
|player|p1|ULTHZ25 LASERS|169|1990
|player|p2|qways|169|1938
|gen|9
|tier|[Gen 9] OU
|rated|
|rule|HP Percentage Mod: HP is shown in percentages
|rule|Endless Battle Clause: Forcing endless battles is banned
|rule|Species Clause: Limit one of each Pokémon
|rule|OHKO Clause: OHKO moves are banned
|rule|Evasion Items Clause: Evasion items are banned
|rule|Evasion Moves Clause: Evasion moves are banned
|rule|Evasion Abilities Clause: Evasion abilities are banned
|rule|Sleep Moves Clause: Sleep-inducing moves are banned
|clearpoke
|poke|p1|Kingambit, M|
|poke|p1|Landorus-Therian, M|
|poke|p1|Slowking-Galar, F|
|poke|p1|Kyurem|
|poke|p1|Slither Wing|
|poke|p1|Cinderace, F|
|poke|p2|Kyurem|
|poke|p2|Slowking-Galar, F|
|poke|p2|Great Tusk|
|poke|p2|Cinderace, M|
|poke|p2|Kingambit, F|
|poke|p2|Zapdos|
|teampreview
|
|t:|1776092129
|teamsize|p1|6
|teamsize|p2|6
|start
|switch|p1a: Slowking|Slowking-Galar, F|100/100
|switch|p2a: Slowking|Slowking-Galar, F|100/100
|turn|1
|
|t:|1776092132
|move|p2a: Slowking|Future Sight|p1a: Slowking
|-start|p2a: Slowking|move: Future Sight
|move|p1a: Slowking|Future Sight|p2a: Slowking
|-start|p1a: Slowking|move: Future Sight
|
|upkeep
|turn|2
|
|t:|1776092135
|-prepare|p2a: Slowking|Chilly Reception|[premajor]
|move|p2a: Slowking|Chilly Reception|p2a: Slowking
|-weather|Snowscape
|j| Pulkatz
|
|t:|1776092149
|switch|p2a: Kyurem|Kyurem|100/100|[from] Chilly Reception
|-ability|p2a: Kyurem|Pressure
|-prepare|p1a: Slowking|Chilly Reception|[premajor]
|move|p1a: Slowking|Chilly Reception|p1a: Slowking
|
|t:|1776092164
|switch|p1a: Kyurem|Kyurem|100/100|[from] Chilly Reception
|-ability|p1a: Kyurem|Pressure
|
|-weather|Snowscape|[upkeep]
|upkeep
|turn|3
|
|t:|1776092170
|switch|p1a: Kingambit|Kingambit, M|100/100
|switch|p2a: Slowking|Slowking-Galar, F|100/100
|
|-weather|Snowscape|[upkeep]
|-end|p1a: Kingambit|move: Future Sight
|-immune|p1a: Kingambit
|-end|p2a: Slowking|move: Future Sight
|-damage|p2a: Slowking|77/100
|upkeep
|turn|4
|
|t:|1776092176
|-end|p1a: Kingambit|fallenundefined|[silent]
|switch|p1a: Kyurem|Kyurem|100/100
|-ability|p1a: Kyurem|Pressure
|-prepare|p2a: Slowking|Chilly Reception|[premajor]
|move|p2a: Slowking|Chilly Reception|p2a: Slowking
|
|t:|1776092189
|switch|p2a: Cinderace|Cinderace, M|100/100|[from] Chilly Reception
|
|-weather|Snowscape|[upkeep]
|upkeep
|turn|5
|
|t:|1776092198
|move|p2a: Cinderace|U-turn|p1a: Kyurem
|-start|p2a: Cinderace|typechange|Bug|[from] ability: Libero
|-damage|p1a: Kyurem|78/100
|
|t:|1776092205
|switch|p2a: Slowking|Slowking-Galar, F|100/100|[from] U-turn
|move|p1a: Kyurem|Earth Power|p2a: Slowking
|-supereffective|p2a: Slowking
|-damage|p2a: Slowking|45/100
|
|-weather|Snowscape|[upkeep]
|upkeep
|turn|6
|
|t:|1776092213
|switch|p1a: Slowking|Slowking-Galar, F|100/100
|switch|p2a: Zapdos|Zapdos|100/100
|
|-weather|none
|upkeep
|turn|7
|
|t:|1776092217
|move|p2a: Zapdos|Thunder Wave|p1a: Slowking
|-status|p1a: Slowking|par
|-prepare|p1a: Slowking|Chilly Reception|[premajor]
|move|p1a: Slowking|Chilly Reception|p1a: Slowking
|-weather|Snowscape
|
|t:|1776092219
|switch|p1a: Kyurem|Kyurem|78/100|[from] Chilly Reception
|-ability|p1a: Kyurem|Pressure
|
|-weather|Snowscape|[upkeep]
|upkeep
|turn|8
|
|t:|1776092229
|switch|p2a: Slowking|Slowking-Galar, F|78/100
|move|p1a: Kyurem|Blizzard|p2a: Slowking
|-damage|p2a: Slowking|25/100
|
|-weather|Snowscape|[upkeep]
|upkeep
|turn|9
|
|t:|1776092238
|switch|p2a: Kingambit|Kingambit, F|100/100
|move|p1a: Kyurem|Blizzard|p2a: Kingambit
|-resisted|p2a: Kingambit
|-crit|p2a: Kingambit
|-damage|p2a: Kingambit|33/100
|
|-weather|Snowscape|[upkeep]
|-heal|p2a: Kingambit|39/100|[from] item: Leftovers
|upkeep
|turn|10
|j| Puyu paz
|
|t:|1776092256
|-end|p2a: Kingambit|fallenundefined|[silent]
|switch|p2a: Slowking|Slowking-Galar, F|58/100
|move|p1a: Kyurem|Blizzard|p2a: Slowking
|-damage|p2a: Slowking|7/100
|
|-weather|Snowscape|[upkeep]
|upkeep
|turn|11
|
|t:|1776092259
|switch|p2a: Cinderace|Cinderace, M|100/100
|move|p1a: Kyurem|Blizzard|p2a: Cinderace
|-resisted|p2a: Cinderace
|-damage|p2a: Cinderace|44/100
|
|-weather|none
|upkeep
|turn|12
|
|t:|1776092266
|switch|p1a: Cinderace|Cinderace, F|100/100
|move|p2a: Cinderace|Pyro Ball|p1a: Cinderace
|-resisted|p1a: Cinderace
|-damage|p1a: Cinderace|58/100
|
|upkeep
|turn|13
|
|t:|1776092269
|move|p2a: Cinderace|Gunk Shot|p1a: Cinderace|[miss]
|-start|p2a: Cinderace|typechange|Poison|[from] ability: Libero
|-miss|p2a: Cinderace|p1a: Cinderace
|move|p1a: Cinderace|Pyro Ball|p2a: Cinderace
|-damage|p2a: Cinderace|0 fnt
|faint|p2a: Cinderace
|
|upkeep
|
|t:|1776092278
|switch|p2a: Slowking|Slowking-Galar, F|40/100
|turn|14
|
|t:|1776092281
|switch|p2a: Zapdos|Zapdos|100/100
|move|p1a: Cinderace|Pyro Ball|p2a: Zapdos
|-damage|p2a: Zapdos|56/100
|
|upkeep
|turn|15
|
|t:|1776092287
|switch|p1a: Slowking|Slowking-Galar, F|100/100 par
|move|p2a: Zapdos|Roost|p2a: Zapdos
|-heal|p2a: Zapdos|100/100
|-singleturn|p2a: Zapdos|move: Roost
|
|upkeep
|turn|16
|
|t:|1776092291
|move|p2a: Zapdos|Volt Switch|p1a: Slowking
|-damage|p1a: Slowking|83/100 par
|
|t:|1776092295
|switch|p2a: Slowking|Slowking-Galar, F|74/100|[from] Volt Switch
|move|p1a: Slowking|Future Sight|p2a: Slowking
|-start|p1a: Slowking|move: Future Sight
|
|upkeep
|turn|17
|
|t:|1776092298
|move|p2a: Slowking|Future Sight|p1a: Slowking
|-start|p2a: Slowking|move: Future Sight
|-prepare|p1a: Slowking|Chilly Reception|[premajor]
|move|p1a: Slowking|Chilly Reception|p1a: Slowking
|-weather|Snowscape
|j| loen_64
|
|t:|1776092304
|switch|p1a: Kingambit|Kingambit, M|100/100|[from] Chilly Reception
|
|-weather|Snowscape|[upkeep]
|upkeep
|turn|18
|
|t:|1776092310
|move|p1a: Kingambit|Swords Dance|p1a: Kingambit
|-boost|p1a: Kingambit|atk|2
|-prepare|p2a: Slowking|Chilly Reception|[premajor]
|move|p2a: Slowking|Chilly Reception|p2a: Slowking
|
|t:|1776092315
|switch|p2a: Kingambit|Kingambit, F|39/100|[from] Chilly Reception
|-activate|p2a: Kingambit|ability: Supreme Overlord
|-start|p2a: Kingambit|fallen1|[silent]
|
|-weather|Snowscape|[upkeep]
|-end|p2a: Kingambit|move: Future Sight
|-immune|p2a: Kingambit
|-heal|p2a: Kingambit|46/100|[from] item: Leftovers
|upkeep
|turn|19
|
|t:|1776092322
|-end|p2a: Kingambit|fallen1|[silent]
|switch|p2a: Zapdos|Zapdos|100/100
|move|p1a: Kingambit|Kowtow Cleave|p2a: Zapdos
|-damage|p2a: Zapdos|35/100
|-damage|p1a: Kingambit|84/100|[from] item: Rocky Helmet|[of] p2a: Zapdos
|
|-weather|Snowscape|[upkeep]
|-end|p1a: Kingambit|move: Future Sight
|-immune|p1a: Kingambit
|-heal|p1a: Kingambit|90/100|[from] item: Leftovers
|upkeep
|turn|20
|
|t:|1776092331
|-end|p1a: Kingambit|fallenundefined|[silent]
|switch|p1a: Kyurem|Kyurem|78/100
|-ability|p1a: Kyurem|Pressure
|move|p2a: Zapdos|Roost|p2a: Zapdos
|-heal|p2a: Zapdos|85/100
|-singleturn|p2a: Zapdos|move: Roost
|
|-weather|Snowscape|[upkeep]
|upkeep
|turn|21
|
|t:|1776092338
|switch|p2a: Slowking|Slowking-Galar, F|100/100
|move|p1a: Kyurem|Ice Beam|p2a: Slowking
|-damage|p2a: Slowking|58/100
|-status|p2a: Slowking|frz
|
|-weather|none
|upkeep
|turn|22
|
|t:|1776092345
|move|p1a: Kyurem|Ice Beam|p2a: Slowking
|-damage|p2a: Slowking|20/100 frz
|-prepare|p2a: Slowking|Chilly Reception|[premajor]
|-curestatus|p2a: Slowking|frz|[msg]
|move|p2a: Slowking|Chilly Reception|p2a: Slowking
|-weather|Snowscape
|j| Metallic Symphony
|
|t:|1776092363
|switch|p2a: Kyurem|Kyurem|100/100|[from] Chilly Reception
|-ability|p2a: Kyurem|Pressure
|
|-weather|Snowscape|[upkeep]
|upkeep
|turn|23
|
|t:|1776092376
|switch|p1a: Slowking|Slowking-Galar, F|100/100 par
|move|p2a: Kyurem|Substitute|p2a: Kyurem
|-start|p2a: Kyurem|Substitute
|-damage|p2a: Kyurem|76/100
|
|-weather|Snowscape|[upkeep]
|-heal|p2a: Kyurem|82/100|[from] item: Leftovers
|upkeep
|turn|24
|
|t:|1776092381
|move|p2a: Kyurem|Earth Power|p1a: Slowking
|-supereffective|p1a: Slowking
|-damage|p1a: Slowking|62/100 par
|cant|p1a: Slowking|par
|
|-weather|Snowscape|[upkeep]
|-heal|p2a: Kyurem|88/100|[from] item: Leftovers
|upkeep
|turn|25
|
|t:|1776092389
|move|p2a: Kyurem|Earth Power|p1a: Slowking
|-supereffective|p1a: Slowking
|-damage|p1a: Slowking|28/100 par
|-unboost|p1a: Slowking|spd|1
|move|p1a: Slowking|Sludge Bomb|p2a: Kyurem
|-end|p2a: Kyurem|Substitute
|
|-weather|Snowscape|[upkeep]
|-heal|p2a: Kyurem|94/100|[from] item: Leftovers
|upkeep
|turn|26
|
|t:|1776092398
|switch|p1a: Kyurem|Kyurem|78/100
|-ability|p1a: Kyurem|Pressure
|move|p2a: Kyurem|Substitute|p2a: Kyurem
|-start|p2a: Kyurem|Substitute
|-damage|p2a: Kyurem|69/100
|
|-weather|none
|-heal|p2a: Kyurem|75/100|[from] item: Leftovers
|upkeep
|turn|27
|
|t:|1776092401
|move|p1a: Kyurem|Ice Beam|p2a: Kyurem
|-end|p2a: Kyurem|Substitute
|move|p2a: Kyurem|Flash Cannon|p1a: Kyurem
|-supereffective|p1a: Kyurem
|-damage|p1a: Kyurem|27/100
|
|-heal|p2a: Kyurem|81/100|[from] item: Leftovers
|upkeep
|turn|28
|l| Pulkatz
|
|t:|1776092422
|-terastallize|p2a: Kyurem|Steel
|move|p1a: Kyurem|Ice Beam|p2a: Kyurem
|-resisted|p2a: Kyurem
|-damage|p2a: Kyurem|50/100
|-status|p2a: Kyurem|frz
|cant|p2a: Kyurem|frz
|
|-heal|p2a: Kyurem|56/100 frz|[from] item: Leftovers
|upkeep
|turn|29
|
|t:|1776092436
|move|p1a: Kyurem|Ice Beam|p2a: Kyurem
|-resisted|p2a: Kyurem
|-damage|p2a: Kyurem|23/100 frz
|cant|p2a: Kyurem|frz
|
|-heal|p2a: Kyurem|29/100 frz|[from] item: Leftovers
|upkeep
|turn|30
|
|t:|1776092443
|move|p1a: Kyurem|Ice Beam|p2a: Kyurem
|-resisted|p2a: Kyurem
|-damage|p2a: Kyurem|0 fnt
|faint|p2a: Kyurem
|
|upkeep
|-message|qways forfeited.
|
|win|ULTHZ25 LASERS
|raw|ULTHZ25 LASERS's rating: 1990 &rarr; <strong>2007</strong><br />(+17 for winning)
|raw|qways's rating: 1938 &rarr; <strong>1921</strong><br />(-17 for losing)
|l|☆qways
|player|p2|
|l|☆ULTHZ25 LASERS
|player|p1|
|l| Puyu paz
|l| Metallic Symphony
