|html|<div class="broadcast-blue"><strong>[Gen 9] OU is currently suspecting Tera Blast! For information on how to participate check out the <a href="https://www.smogon.com/tools/suspects/view/200">suspect thread</a>.</strong></div>
|j|☆RYUDRAH
|j|☆normalpersonxd
|t:|1776224186
|gametype|singles
|player|p1|RYUDRAH|rocketgrunt|1232
|player|p2|normalpersonxd|clair|1249
|gen|9
|tier|[Gen 9] OU
|rated|
|rule|HP Percentage Mod: HP is shown in percentages
|rule|Endless Battle Clause: Forcing endless battles is banned
|rule|Species Clause: Limit one of each Pokémon
|rule|OHKO Clause: OHKO moves are banned
|rule|Evasion Items Clause: Evasion items are banned
|rule|Evasion Moves Clause: Evasion moves are banned
|rule|Evasion Abilities Clause: Evasion abilities are banned
|rule|Sleep Moves Clause: Sleep-inducing moves are banned
|clearpoke
|poke|p1|Haxorus, M|
|poke|p1|Iron Moth|
|poke|p1|Zoroark-Hisui, F|
|poke|p1|Pecharunt|
|poke|p1|Raging Bolt|
|poke|p1|Iron Valiant|
|poke|p2|Grimmsnarl, M|
|poke|p2|Gliscor, M|
|poke|p2|Rillaboom, M|
|poke|p2|Iron Moth|
|poke|p2|Walking Wake|
|poke|p2|Kingambit, M|
|teampreview
|inactive|Battle timer is ON: inactive players will automatically lose when time's up. (requested by normalpersonxd)
|j| ohko_smeargle
|
|t:|1776224204
|teamsize|p1|6
|teamsize|p2|6
|start
|switch|p1a: testicle|Pecharunt|100/100
|switch|p2a: Grimmsnarl|Grimmsnarl, M, shiny|100/100
|turn|1
|
|t:|1776224212
|move|p2a: Grimmsnarl|Light Screen|p2a: Grimmsnarl
|-sidestart|p2: normalpersonxd|move: Light Screen
|move|p1a: testicle|Trick|p2a: Grimmsnarl
|-activate|p1a: testicle|move: Trick|[of] p2a: Grimmsnarl
|-item|p2a: Grimmsnarl|Choice Specs|[from] move: Trick
|-item|p1a: testicle|Light Clay|[from] move: Trick
|
|upkeep
|turn|2
|
|t:|1776224222
|move|p2a: Grimmsnarl|Parting Shot|p1a: testicle
|-unboost|p1a: testicle|atk|1
|-unboost|p1a: testicle|spa|1
|
|t:|1776224224
|switch|p2a: Satan|Gliscor, M|100/100|[from] Parting Shot
|move|p1a: testicle|Taunt|p2a: Satan
|-start|p2a: Satan|move: Taunt
|
|-status|p2a: Satan|tox|[from] item: Toxic Orb
|upkeep
|turn|3
|
|t:|1776224245
|switch|p1a: raging Dih|Raging Bolt|100/100
|-enditem|p1a: raging Dih|Booster Energy
|-activate|p1a: raging Dih|ability: Protosynthesis|[fromitem]
|-start|p1a: raging Dih|protosynthesisspa
|move|p2a: Satan|Earthquake|p1a: raging Dih
|-supereffective|p1a: raging Dih
|-damage|p1a: raging Dih|40/100
|
|upkeep
|turn|4
|inactive|RYUDRAH has 120 seconds left.
|c|☆normalpersonxd|raging dih lol
|
|t:|1776224274
|-terastallize|p1a: raging Dih|Flying
|move|p2a: Satan|Earthquake|p1a: raging Dih
|-immune|p1a: raging Dih
|move|p1a: raging Dih|Tera Blast|p2a: Satan|[anim] Tera Blast Flying
|-damage|p2a: Satan|51/100 tox
|
|-heal|p2a: Satan|64/100 tox|[from] ability: Poison Heal
|-end|p2a: Satan|move: Taunt
|upkeep
|turn|5
|inactive|RYUDRAH has 120 seconds left.
|
|t:|1776224284
|move|p2a: Satan|Facade|p1a: raging Dih
|-damage|p1a: raging Dih|11/100
|move|p1a: raging Dih|Tera Blast|p2a: Satan|[anim] Tera Blast Flying
|-damage|p2a: Satan|17/100 tox
|
|-heal|p2a: Satan|29/100 tox|[from] ability: Poison Heal
|upkeep
|turn|6
|inactive|RYUDRAH has 120 seconds left.
|
|t:|1776224297
|move|p2a: Satan|Facade|p1a: raging Dih
|-damage|p1a: raging Dih|0 fnt
|faint|p1a: raging Dih
|-end|p1a: raging Dih|Protosynthesis|[silent]
|
|-heal|p2a: Satan|41/100 tox|[from] ability: Poison Heal
|upkeep
|
|t:|1776224308
|switch|p1a: Sayryu|Haxorus, M, shiny|100/100
|-ability|p1a: Sayryu|Mold Breaker
|turn|7
|-activate|p1a: Sayryu|item: Quick Claw
|
|t:|1776224314
|move|p1a: Sayryu|Dragon Dance|p1a: Sayryu
|-boost|p1a: Sayryu|atk|1
|-boost|p1a: Sayryu|spe|1
|move|p2a: Satan|Ice Fang|p1a: Sayryu
|-supereffective|p1a: Sayryu
|-damage|p1a: Sayryu|52/100
|
|-heal|p2a: Satan|54/100 tox|[from] ability: Poison Heal
|upkeep
|turn|8
|inactive|RYUDRAH has 120 seconds left.
|inactive|RYUDRAH has 90 seconds left.
|
|t:|1776224355
|move|p1a: Sayryu|Dragon Dance|p1a: Sayryu
|-boost|p1a: Sayryu|atk|1
|-boost|p1a: Sayryu|spe|1
|move|p2a: Satan|Facade|p1a: Sayryu
|-damage|p1a: Sayryu|4/100
|
|-heal|p2a: Satan|66/100 tox|[from] ability: Poison Heal
|-sideend|p2: normalpersonxd|move: Light Screen
|upkeep
|turn|9
|
|t:|1776224363
|move|p1a: Sayryu|Iron Head|p2a: Satan
|-damage|p2a: Satan|3/100 tox
|cant|p2a: Satan|flinch
|
|-heal|p2a: Satan|15/100 tox|[from] ability: Poison Heal
|upkeep
|turn|10
|
|t:|1776224369
|move|p1a: Sayryu|Iron Head|p2a: Satan
|-damage|p2a: Satan|0 fnt
|faint|p2a: Satan
|
|upkeep
|c|☆RYUDRAH|i cum
|
|t:|1776224376
|switch|p2a: Rillaboom|Rillaboom, M|100/100
|-fieldstart|move: Grassy Terrain|[from] ability: Grassy Surge|[of] p2a: Rillaboom
|turn|11
|
|t:|1776224385
|move|p2a: Rillaboom|Grassy Glide|p1a: Sayryu
|-resisted|p1a: Sayryu
|-damage|p1a: Sayryu|0 fnt
|faint|p1a: Sayryu
|
|upkeep
|
|t:|1776224390
|switch|p1a: Iron Mothra|Iron Moth, shiny|100/100
|-enditem|p1a: Iron Mothra|Booster Energy
|-activate|p1a: Iron Mothra|ability: Quark Drive|[fromitem]
|-start|p1a: Iron Mothra|quarkdrivespa
|turn|12
|
|t:|1776224401
|switch|p2a: Walking Wake|Walking Wake|100/100
|-enditem|p2a: Walking Wake|Booster Energy
|-activate|p2a: Walking Wake|ability: Protosynthesis|[fromitem]
|-start|p2a: Walking Wake|protosynthesisspe
|move|p1a: Iron Mothra|Fiery Dance|p2a: Walking Wake
|-resisted|p2a: Walking Wake
|-damage|p2a: Walking Wake|84/100
|
|-heal|p2a: Walking Wake|90/100|[from] Grassy Terrain
|upkeep
|turn|13
|inactive|RYUDRAH has 120 seconds left.
|
|t:|1776224412
|move|p2a: Walking Wake|Hydro Steam|p1a: Iron Mothra
|-supereffective|p1a: Iron Mothra
|-damage|p1a: Iron Mothra|12/100
|move|p1a: Iron Mothra|Dazzling Gleam|p2a: Walking Wake
|-supereffective|p2a: Walking Wake
|-damage|p2a: Walking Wake|3/100
|
|-heal|p2a: Walking Wake|9/100|[from] Grassy Terrain
|-heal|p1a: Iron Mothra|18/100|[from] Grassy Terrain
|upkeep
|turn|14
|inactive|RYUDRAH has 120 seconds left.
|
|t:|1776224428
|-end|p1a: Iron Mothra|Quark Drive|[silent]
|switch|p1a: testicle|Pecharunt|100/100
|move|p2a: Walking Wake|Hydro Steam|p1a: testicle
|-damage|p1a: testicle|62/100
|
|-heal|p2a: Walking Wake|15/100|[from] Grassy Terrain
|-heal|p1a: testicle|68/100|[from] Grassy Terrain
|-heal|p1a: testicle|74/100|[from] item: Black Sludge
|upkeep
|turn|15
|inactive|RYUDRAH has 120 seconds left.
|inactive|RYUDRAH has 90 seconds left.
|
|t:|1776224476
|move|p2a: Walking Wake|Hydro Steam|p1a: testicle
|-damage|p1a: testicle|35/100
|move|p1a: testicle|Foul Play|p2a: Walking Wake
|-damage|p2a: Walking Wake|1/100
|
|-heal|p2a: Walking Wake|8/100|[from] Grassy Terrain
|-heal|p1a: testicle|42/100|[from] Grassy Terrain
|-heal|p1a: testicle|48/100|[from] item: Black Sludge
|-fieldend|move: Grassy Terrain
|upkeep
|turn|16
|
|t:|1776224486
|move|p2a: Walking Wake|Hydro Steam|p1a: testicle
|-damage|p1a: testicle|8/100
|move|p1a: testicle|Malignant Chain|p2a: Walking Wake
|-damage|p2a: Walking Wake|0 fnt
|faint|p2a: Walking Wake
|-end|p2a: Walking Wake|Protosynthesis|[silent]
|
|-heal|p1a: testicle|14/100|[from] item: Black Sludge
|upkeep
|
|t:|1776224504
|switch|p2a: Rillaboom|Rillaboom, M|100/100
|-fieldstart|move: Grassy Terrain|[from] ability: Grassy Surge|[of] p2a: Rillaboom
|turn|17
|inactive|RYUDRAH has 90 seconds left.
|
|t:|1776224515
|move|p2a: Rillaboom|Grassy Glide|p1a: testicle
|-resisted|p1a: testicle
|-damage|p1a: testicle|1/100
|move|p1a: testicle|Recover|p1a: testicle
|-heal|p1a: testicle|51/100
|
|-heal|p1a: testicle|57/100|[from] Grassy Terrain
|-heal|p1a: testicle|63/100|[from] item: Black Sludge
|upkeep
|turn|18
|inactive|RYUDRAH has 90 seconds left.
|inactive|normalpersonxd has 120 seconds left.
|
|t:|1776224550
|switch|p2a: Kingambit|Kingambit, M|100/100
|-activate|p2a: Kingambit|ability: Supreme Overlord
|-start|p2a: Kingambit|fallen2|[silent]
|-item|p2a: Kingambit|Air Balloon
|move|p1a: testicle|Recover|p1a: testicle
|-heal|p1a: testicle|100/100
|
|upkeep
|turn|19
|inactive|RYUDRAH has 90 seconds left.
|
|t:|1776224565
|move|p1a: testicle|Parting Shot|p2a: Kingambit
|-unboost|p2a: Kingambit|atk|1
|-unboost|p2a: Kingambit|spa|1
|inactive|RYUDRAH has 90 seconds left.
|
|t:|1776224574
|switch|p1a: Iron Valiant|Iron Valiant|100/100|[from] Parting Shot
|-enditem|p1a: Iron Valiant|Booster Energy
|-activate|p1a: Iron Valiant|ability: Quark Drive|[fromitem]
|-start|p1a: Iron Valiant|quarkdrivespe
|move|p2a: Kingambit|Kowtow Cleave|p1a: Iron Valiant
|-resisted|p1a: Iron Valiant
|-damage|p1a: Iron Valiant|88/100
|
|-heal|p1a: Iron Valiant|95/100|[from] Grassy Terrain
|upkeep
|turn|20
|c|☆RYUDRAH|x4
|inactive|normalpersonxd has 120 seconds left.
|
|t:|1776224600
|-end|p2a: Kingambit|fallen2|[silent]
|switch|p2a: Grimmsnarl|Grimmsnarl, M, shiny|100/100
|move|p1a: Iron Valiant|Knock Off|p2a: Grimmsnarl
|-resisted|p2a: Grimmsnarl
|-damage|p2a: Grimmsnarl|90/100
|-enditem|p2a: Grimmsnarl|Choice Specs|[from] move: Knock Off|[of] p1a: Iron Valiant
|
|-heal|p1a: Iron Valiant|100/100|[from] Grassy Terrain
|-heal|p2a: Grimmsnarl|96/100|[from] Grassy Terrain
|upkeep
|turn|21
|inactive|normalpersonxd has 120 seconds left.
|inactive|RYUDRAH has 90 seconds left.
|
|t:|1776224627
|move|p2a: Grimmsnarl|Light Screen|p2a: Grimmsnarl
|-sidestart|p2: normalpersonxd|move: Light Screen
|move|p1a: Iron Valiant|Spirit Break|p2a: Grimmsnarl
|-supereffective|p2a: Grimmsnarl
|-damage|p2a: Grimmsnarl|4/100
|-unboost|p2a: Grimmsnarl|spa|1
|
|-heal|p2a: Grimmsnarl|10/100|[from] Grassy Terrain
|-fieldend|move: Grassy Terrain
|upkeep
|turn|22
|
|t:|1776224636
|move|p2a: Grimmsnarl|Thunder Wave|p1a: Iron Valiant|[miss]
|-miss|p2a: Grimmsnarl|p1a: Iron Valiant
|move|p1a: Iron Valiant|Spirit Break|p2a: Grimmsnarl
|-supereffective|p2a: Grimmsnarl
|-damage|p2a: Grimmsnarl|0 fnt
|faint|p2a: Grimmsnarl
|
|upkeep
|
|t:|1776224643
|switch|p2a: Iron Moth|Iron Moth|100/100
|-enditem|p2a: Iron Moth|Booster Energy
|-activate|p2a: Iron Moth|ability: Quark Drive|[fromitem]
|-start|p2a: Iron Moth|quarkdrivespa
|turn|23
|
|t:|1776224652
|move|p1a: Iron Valiant|Liquidation|p2a: Iron Moth
|-supereffective|p2a: Iron Moth
|-damage|p2a: Iron Moth|0 fnt
|faint|p2a: Iron Moth
|-end|p2a: Iron Moth|Quark Drive|[silent]
|
|upkeep
|
|t:|1776224656
|switch|p2a: Rillaboom|Rillaboom, M|100/100
|-fieldstart|move: Grassy Terrain|[from] ability: Grassy Surge|[of] p2a: Rillaboom
|turn|24
|
|t:|1776224667
|move|p1a: Iron Valiant|Knock Off|p2a: Rillaboom
|-damage|p2a: Rillaboom|67/100
|-enditem|p2a: Rillaboom|Choice Band|[from] move: Knock Off|[of] p1a: Iron Valiant
|move|p2a: Rillaboom|Wood Hammer|p1a: Iron Valiant
|-damage|p1a: Iron Valiant|0 fnt
|faint|p1a: Iron Valiant
|-end|p1a: Iron Valiant|Quark Drive|[silent]
|-damage|p2a: Rillaboom|39/100|[from] Recoil
|
|-heal|p2a: Rillaboom|45/100|[from] Grassy Terrain
|upkeep
|
|t:|1776224678
|switch|p1a: Iron Mothra|Iron Moth, shiny|18/100
|turn|25
|
|t:|1776224682
|move|p1a: Iron Mothra|Fiery Dance|p2a: Rillaboom
|-supereffective|p2a: Rillaboom
|-damage|p2a: Rillaboom|0 fnt
|-boost|p1a: Iron Mothra|spa|1
|faint|p2a: Rillaboom
|
|-heal|p1a: Iron Mothra|24/100|[from] Grassy Terrain
|-sideend|p2: normalpersonxd|move: Light Screen
|upkeep
|
|t:|1776224686
|switch|p2a: Kingambit|Kingambit, M|100/100
|-activate|p2a: Kingambit|ability: Supreme Overlord
|-start|p2a: Kingambit|fallen5|[silent]
|-item|p2a: Kingambit|Air Balloon
|turn|26
|inactive|RYUDRAH has 120 seconds left.
|
|t:|1776224695
|-terastallize|p2a: Kingambit|Dark
|move|p2a: Kingambit|Sucker Punch||[still]
|-fail|p2a: Kingambit
|move|p1a: Iron Mothra|Morning Sun|p1a: Iron Mothra
|-heal|p1a: Iron Mothra|74/100
|
|-heal|p1a: Iron Mothra|80/100|[from] Grassy Terrain
|upkeep
|turn|27
|inactive|RYUDRAH has 120 seconds left.
|
|t:|1776224708
|-end|p1a: Iron Mothra|Quark Drive|[silent]
|switch|p1a: testicle|Pecharunt|100/100
|move|p2a: Kingambit|Swords Dance|p2a: Kingambit
|-boost|p2a: Kingambit|atk|2
|
|upkeep
|turn|28
|
|t:|1776224714
|move|p2a: Kingambit|Sucker Punch||[still]
|-fail|p2a: Kingambit
|move|p1a: testicle|Will-O-Wisp|p2a: Kingambit
|-status|p2a: Kingambit|brn
|
|-damage|p2a: Kingambit|94/100 brn|[from] brn
|-fieldend|move: Grassy Terrain
|upkeep
|turn|29
|
|t:|1776224722
|move|p2a: Kingambit|Sucker Punch||[still]
|-fail|p2a: Kingambit
|move|p1a: testicle|Taunt|p2a: Kingambit
|-start|p2a: Kingambit|move: Taunt
|
|-damage|p2a: Kingambit|88/100 brn|[from] brn
|upkeep
|turn|30
|
|t:|1776224733
|move|p1a: testicle|Trick|p2a: Kingambit
|-activate|p1a: testicle|move: Trick|[of] p2a: Kingambit
|-item|p2a: Kingambit|Light Clay|[from] move: Trick
|-item|p1a: testicle|Air Balloon
|-item|p1a: testicle|Air Balloon|[from] move: Trick
|move|p2a: Kingambit|Kowtow Cleave|p1a: testicle
|-supereffective|p1a: testicle
|-damage|p1a: testicle|0 fnt
|replace|p1a: trick man|Zoroark-Hisui, F, shiny
|-end|p1a: trick man|Illusion
|-enditem|p1a: trick man|Air Balloon
|faint|p1a: trick man
|
|-damage|p2a: Kingambit|82/100 brn|[from] brn
|upkeep
|
|t:|1776224745
|switch|p1a: testicle|Pecharunt|100/100
|turn|31
|
|t:|1776224750
|move|p2a: Kingambit|Sucker Punch||[still]
|-fail|p2a: Kingambit
|move|p1a: testicle|Parting Shot|p2a: Kingambit
|-unboost|p2a: Kingambit|atk|1
|-unboost|p2a: Kingambit|spa|1
|
|t:|1776224756
|switch|p1a: Iron Mothra|Iron Moth, shiny|80/100|[from] Parting Shot
|
|-damage|p2a: Kingambit|76/100 brn|[from] brn
|upkeep
|turn|32
|
|t:|1776224762
|-end|p1a: Iron Mothra|Quark Drive|[silent]
|switch|p1a: testicle|Pecharunt|100/100
|move|p2a: Kingambit|Kowtow Cleave|p1a: testicle
|-supereffective|p1a: testicle
|-damage|p1a: testicle|25/100
|
|-heal|p1a: testicle|31/100|[from] item: Black Sludge
|-damage|p2a: Kingambit|70/100 brn|[from] brn
|-end|p2a: Kingambit|move: Taunt
|upkeep
|turn|33
|
|t:|1776224774
|move|p1a: testicle|Parting Shot|p2a: Kingambit
|-unboost|p2a: Kingambit|atk|1
|-unboost|p2a: Kingambit|spa|1
|
|t:|1776224779
|switch|p1a: Iron Mothra|Iron Moth, shiny|80/100|[from] Parting Shot
|move|p2a: Kingambit|Swords Dance|p2a: Kingambit
|-boost|p2a: Kingambit|atk|2
|
|-damage|p2a: Kingambit|63/100 brn|[from] brn
|upkeep
|turn|34
|
|t:|1776224788
|move|p1a: Iron Mothra|Fiery Dance|p2a: Kingambit
|-damage|p2a: Kingambit|22/100 brn
|move|p2a: Kingambit|Kowtow Cleave|p1a: Iron Mothra
|-damage|p1a: Iron Mothra|0 fnt
|faint|p1a: Iron Mothra
|-end|p1a: Iron Mothra|Quark Drive|[silent]
|
|-damage|p2a: Kingambit|16/100 brn|[from] brn
|upkeep
|
|t:|1776224796
|switch|p1a: testicle|Pecharunt|31/100
|turn|35
|
|t:|1776224801
|move|p2a: Kingambit|Sucker Punch||[still]
|-fail|p2a: Kingambit
|move|p1a: testicle|Recover|p1a: testicle
|-heal|p1a: testicle|81/100
|
|-heal|p1a: testicle|87/100|[from] item: Black Sludge
|-damage|p2a: Kingambit|9/100 brn|[from] brn
|upkeep
|turn|36
|
|t:|1776224810
|move|p1a: testicle|Recover|p1a: testicle
|-heal|p1a: testicle|100/100
|move|p2a: Kingambit|Kowtow Cleave|p1a: testicle
|-supereffective|p1a: testicle
|-crit|p1a: testicle
|-damage|p1a: testicle|0 fnt
|faint|p1a: testicle
|
|win|normalpersonxd
|raw|RYUDRAH's rating: 1232 &rarr; <strong>1208</strong><br />(-24 for losing)
|raw|normalpersonxd's rating: 1249 &rarr; <strong>1273</strong><br />(+24 for winning)
|l| ohko_smeargle
|c|☆RYUDRAH|GGS
|c|☆normalpersonxd|ggs
|l|☆RYUDRAH
|player|p1|
