|html|<div class="broadcast-blue"><strong>[Gen 9] OU is currently suspecting Tera Blast! For information on how to participate check out the <a href="https://www.smogon.com/tools/suspects/view/200">suspect thread</a>.</strong></div>
|j|☆LLCDoubleOG
|j|☆Harthmann
|t:|1776211523
|gametype|singles
|player|p1|LLCDoubleOG|dancer|1342
|player|p2|Harthmann|morty|1365
|gen|9
|tier|[Gen 9] OU
|rated|
|rule|HP Percentage Mod: HP is shown in percentages
|rule|Endless Battle Clause: Forcing endless battles is banned
|rule|Species Clause: Limit one of each Pokémon
|rule|OHKO Clause: OHKO moves are banned
|rule|Evasion Items Clause: Evasion items are banned
|rule|Evasion Moves Clause: Evasion moves are banned
|rule|Evasion Abilities Clause: Evasion abilities are banned
|rule|Sleep Moves Clause: Sleep-inducing moves are banned
|clearpoke
|poke|p1|Cinderace, F|
|poke|p1|Meowscarada, M|
|poke|p1|Alomomola, F|
|poke|p1|Garganacl, M|
|poke|p1|Dragapult, F|
|poke|p1|Weezing-Galar, F|
|poke|p2|Tyranitar, M|
|poke|p2|Excadrill, F|
|poke|p2|Hatterene, F|
|poke|p2|Landorus-Therian, M|
|poke|p2|Rillaboom, F|
|poke|p2|Thundurus-Therian, M|
|teampreview
|inactive|Battle timer is ON: inactive players will automatically lose when time's up. (requested by LLCDoubleOG)
|
|t:|1776211544
|teamsize|p1|6
|teamsize|p2|6
|start
|switch|p1a: Dragapult|Dragapult, F|100/100
|switch|p2a: Thundurus|Thundurus-Therian, M|100/100
|-item|p1a: Dragapult|Air Balloon
|turn|1
|
|t:|1776211551
|switch|p1a: Meowscarada|Meowscarada, M|100/100
|move|p2a: Thundurus|Volt Switch|p1a: Meowscarada
|-resisted|p1a: Meowscarada
|-crit|p1a: Meowscarada
|-damage|p1a: Meowscarada|29/100
|
|t:|1776211557
|switch|p2a: Rillaboom|Rillaboom, F|100/100|[from] Volt Switch
|-fieldstart|move: Grassy Terrain|[from] ability: Grassy Surge|[of] p2a: Rillaboom
|
|-heal|p1a: Meowscarada|36/100|[from] Grassy Terrain
|upkeep
|turn|2
|
|t:|1776211562
|switch|p1a: Dragapult|Dragapult, F|100/100
|-item|p1a: Dragapult|Air Balloon
|move|p2a: Rillaboom|Grassy Glide|p1a: Dragapult
|-resisted|p1a: Dragapult
|-damage|p1a: Dragapult|60/100
|-start|p2a: Rillaboom|Disable|Grassy Glide|[from] ability: Cursed Body|[of] p1a: Dragapult
|-enditem|p1a: Dragapult|Air Balloon
|
|-heal|p1a: Dragapult|66/100|[from] Grassy Terrain
|upkeep
|turn|3
|
|t:|1776211570
|switch|p2a: Landorus|Landorus-Therian, M|100/100
|-ability|p2a: Landorus|Intimidate|boost
|-unboost|p1a: Dragapult|atk|1
|move|p1a: Dragapult|Will-O-Wisp|p2a: Landorus
|-status|p2a: Landorus|brn
|
|-heal|p1a: Dragapult|72/100|[from] Grassy Terrain
|-damage|p2a: Landorus|95/100 brn|[from] brn
|upkeep
|turn|4
|
|t:|1776211580
|move|p1a: Dragapult|Hex|p2a: Landorus
|-damage|p2a: Landorus|25/100 brn
|move|p2a: Landorus|Stealth Rock|p1a: Dragapult
|-sidestart|p1: LLCDoubleOG|move: Stealth Rock
|
|-heal|p1a: Dragapult|78/100|[from] Grassy Terrain
|-damage|p2a: Landorus|19/100 brn|[from] brn
|upkeep
|turn|5
|
|t:|1776211585
|move|p1a: Dragapult|Will-O-Wisp|p2a: Landorus|[miss]
|-miss|p1a: Dragapult|p2a: Landorus
|move|p2a: Landorus|U-turn|p1a: Dragapult
|-resisted|p1a: Dragapult
|-crit|p1a: Dragapult
|-damage|p1a: Dragapult|65/100
|
|t:|1776211597
|switch|p2a: Hatterene|Hatterene, F|100/100|[from] U-turn
|
|-heal|p1a: Dragapult|71/100|[from] Grassy Terrain
|-fieldend|move: Grassy Terrain
|upkeep
|turn|6
|
|t:|1776211606
|switch|p1a: Weezing|Weezing-Galar, F|100/100
|-damage|p1a: Weezing|88/100|[from] Stealth Rock
|move|p2a: Hatterene|Draining Kiss|p1a: Weezing
|-resisted|p1a: Weezing
|-damage|p1a: Weezing|76/100
|
|-heal|p1a: Weezing|82/100|[from] item: Black Sludge
|upkeep
|turn|7
|
|t:|1776211613
|move|p1a: Weezing|Defog|p2a: Hatterene
|move|p2a: Hatterene|Defog|p1a: Weezing|[from] ability: Magic Bounce
|-unboost|p1a: Weezing|evasion|1
|-sideend|p1: LLCDoubleOG|Stealth Rock|[from] move: Defog|[of] p2a: Hatterene
|move|p2a: Hatterene|Psychic Noise|p1a: Weezing
|-supereffective|p1a: Weezing
|-damage|p1a: Weezing|8/100
|-start|p1a: Weezing|move: Heal Block
|
|upkeep
|turn|8
|
|t:|1776211624
|switch|p1a: Alomomola|Alomomola, F|100/100
|move|p2a: Hatterene|Draining Kiss|p1a: Alomomola
|-damage|p1a: Alomomola|83/100
|
|upkeep
|turn|9
|
|t:|1776211629
|move|p1a: Alomomola|Wish|p1a: Alomomola
|move|p2a: Hatterene|Psychic Noise|p1a: Alomomola
|-damage|p1a: Alomomola|60/100
|-start|p1a: Alomomola|move: Heal Block
|
|upkeep
|turn|10
|
|t:|1776211635
|move|p1a: Alomomola|Flip Turn|p2a: Hatterene
|-damage|p2a: Hatterene|87/100
|
|t:|1776211636
|switch|p1a: Meowscarada|Meowscarada, M|36/100|[from] Flip Turn
|move|p2a: Hatterene|Psychic Noise|p1a: Meowscarada
|-immune|p1a: Meowscarada
|
|-heal|p1a: Meowscarada|100/100|[from] move: Wish|[wisher] Alomomola
|-heal|p2a: Hatterene|93/100|[from] item: Leftovers
|upkeep
|turn|11
|
|t:|1776211646
|switch|p2a: Landorus|Landorus-Therian, M|19/100 brn
|-ability|p2a: Landorus|Intimidate|boost
|-unboost|p1a: Meowscarada|atk|1
|move|p1a: Meowscarada|U-turn|p2a: Landorus
|-start|p1a: Meowscarada|typechange|Bug|[from] ability: Protean
|-resisted|p2a: Landorus
|-crit|p2a: Landorus
|-damage|p2a: Landorus|0 fnt
|-damage|p1a: Meowscarada|84/100|[from] item: Rocky Helmet|[of] p2a: Landorus
|faint|p2a: Landorus
|
|t:|1776211651
|switch|p1a: Weezing|Weezing-Galar, F|8/100|[from] U-turn
|
|-heal|p1a: Weezing|14/100|[from] item: Black Sludge
|upkeep
|
|t:|1776211654
|switch|p2a: Rillaboom|Rillaboom, F|100/100
|-fieldstart|move: Grassy Terrain|[from] ability: Grassy Surge|[of] p2a: Rillaboom
|turn|12
|
|t:|1776211662
|move|p2a: Rillaboom|U-turn|p1a: Weezing
|-resisted|p1a: Weezing
|-damage|p1a: Weezing|5/100
|l|☆Harthmann
|inactive|Harthmann disconnected and has a minute to reconnect!
|player|p2|
|j|☆Harthmann
|inactive|Harthmann reconnected and has 130 seconds left.
|player|p2|Harthmann|morty|
|inactive|Harthmann has 120 seconds left.
|
|t:|1776211693
|switch|p2a: Hatterene|Hatterene, F|93/100|[from] U-turn
|move|p1a: Weezing|Pain Split|p2a: Hatterene
|-sethp|p2a: Hatterene|49/100|[from] move: Pain Split|[silent]
|-sethp|p1a: Weezing|50/100|[from] move: Pain Split
|
|-heal|p1a: Weezing|56/100|[from] item: Black Sludge
|-heal|p2a: Hatterene|55/100|[from] Grassy Terrain
|-heal|p2a: Hatterene|61/100|[from] item: Leftovers
|upkeep
|turn|13
|inactive|Harthmann has 120 seconds left.
|
|t:|1776211705
|switch|p1a: Meowscarada|Meowscarada, M|84/100
|move|p2a: Hatterene|Psychic Noise|p1a: Meowscarada
|-immune|p1a: Meowscarada
|
|-heal|p1a: Meowscarada|90/100|[from] Grassy Terrain
|-heal|p2a: Hatterene|67/100|[from] Grassy Terrain
|-heal|p2a: Hatterene|73/100|[from] item: Leftovers
|upkeep
|turn|14
|
|t:|1776211715
|move|p1a: Meowscarada|Flower Trick|p2a: Hatterene
|-start|p1a: Meowscarada|typechange|Grass|[from] ability: Protean
|-crit|p2a: Hatterene
|-damage|p2a: Hatterene|16/100
|move|p2a: Hatterene|Draining Kiss|p1a: Meowscarada
|-damage|p1a: Meowscarada|56/100
|-heal|p2a: Hatterene|39/100|[from] drain|[of] p1a: Meowscarada
|
|-heal|p1a: Meowscarada|62/100|[from] Grassy Terrain
|-heal|p2a: Hatterene|45/100|[from] Grassy Terrain
|-heal|p2a: Hatterene|51/100|[from] item: Leftovers
|upkeep
|turn|15
|
|t:|1776211727
|switch|p1a: Alomomola|Alomomola, F|93/100
|switch|p2a: Thundurus|Thundurus-Therian, M|100/100
|
|-heal|p1a: Alomomola|99/100|[from] Grassy Terrain
|upkeep
|turn|16
|
|t:|1776211733
|move|p2a: Thundurus|Volt Switch|p1a: Alomomola
|-supereffective|p1a: Alomomola
|-damage|p1a: Alomomola|14/100
|
|t:|1776211738
|switch|p2a: Hatterene|Hatterene, F|51/100|[from] Volt Switch
|move|p1a: Alomomola|Mirror Coat|p2a: Hatterene
|-damage|p2a: Hatterene|0 fnt
|faint|p2a: Hatterene
|
|-heal|p1a: Alomomola|20/100|[from] Grassy Terrain
|-fieldend|move: Grassy Terrain
|upkeep
|
|t:|1776211749
|switch|p2a: Excadrill|Excadrill, F|100/100
|turn|17
|
|t:|1776211756
|switch|p1a: Dragapult|Dragapult, F|71/100
|move|p2a: Excadrill|Rapid Spin|p1a: Dragapult
|-immune|p1a: Dragapult
|
|upkeep
|turn|18
|
|t:|1776211765
|switch|p2a: Tyranitar|Tyranitar, M|100/100
|-weather|Sandstorm|[from] ability: Sand Stream|[of] p2a: Tyranitar
|move|p1a: Dragapult|Will-O-Wisp|p2a: Tyranitar
|-status|p2a: Tyranitar|brn
|
|-weather|Sandstorm|[upkeep]
|-damage|p1a: Dragapult|65/100|[from] Sandstorm
|-damage|p2a: Tyranitar|94/100 brn|[from] brn
|upkeep
|turn|19
|
|t:|1776211775
|switch|p1a: Garganacl|Garganacl, M|100/100
|move|p2a: Tyranitar|Stone Edge|p1a: Garganacl
|-damage|p1a: Garganacl|87/100
|
|-weather|Sandstorm|[upkeep]
|-heal|p1a: Garganacl|93/100|[from] item: Leftovers
|-damage|p2a: Tyranitar|88/100 brn|[from] brn
|upkeep
|turn|20
|
|t:|1776211782
|switch|p2a: Rillaboom|Rillaboom, F|100/100
|-fieldstart|move: Grassy Terrain|[from] ability: Grassy Surge|[of] p2a: Rillaboom
|move|p1a: Garganacl|Stealth Rock|p2a: Rillaboom
|-sidestart|p2: Harthmann|move: Stealth Rock
|
|-weather|Sandstorm|[upkeep]
|-damage|p2a: Rillaboom|94/100|[from] Sandstorm
|-heal|p2a: Rillaboom|100/100|[from] Grassy Terrain
|-heal|p1a: Garganacl|99/100|[from] Grassy Terrain
|-heal|p1a: Garganacl|100/100|[from] item: Leftovers
|upkeep
|turn|21
|
|t:|1776211789
|move|p1a: Garganacl|Protect|p1a: Garganacl
|-singleturn|p1a: Garganacl|Protect
|move|p2a: Rillaboom|Wood Hammer|p1a: Garganacl
|-activate|p1a: Garganacl|move: Protect
|
|-weather|Sandstorm|[upkeep]
|-damage|p2a: Rillaboom|94/100|[from] Sandstorm
|-heal|p2a: Rillaboom|100/100|[from] Grassy Terrain
|upkeep
|turn|22
|
|t:|1776211795
|switch|p1a: Weezing|Weezing-Galar, F|56/100
|move|p2a: Rillaboom|Wood Hammer|p1a: Weezing
|-resisted|p1a: Weezing
|-crit|p1a: Weezing
|-damage|p1a: Weezing|0 fnt
|faint|p1a: Weezing
|-damage|p2a: Rillaboom|84/100|[from] Recoil
|
|-weather|none
|-heal|p2a: Rillaboom|90/100|[from] Grassy Terrain
|upkeep
|
|t:|1776211798
|switch|p1a: Cinderace|Cinderace, F|100/100
|turn|23
|
|t:|1776211803
|switch|p2a: Tyranitar|Tyranitar, M|88/100 brn
|-damage|p2a: Tyranitar|76/100 brn|[from] Stealth Rock
|-weather|Sandstorm|[from] ability: Sand Stream|[of] p2a: Tyranitar
|move|p1a: Cinderace|U-turn|p2a: Tyranitar
|-start|p1a: Cinderace|typechange|Bug|[from] ability: Libero
|-supereffective|p2a: Tyranitar
|-damage|p2a: Tyranitar|0 fnt
|faint|p2a: Tyranitar
|
|t:|1776211824
|switch|p1a: Meowscarada|Meowscarada, M|62/100|[from] U-turn
|
|-weather|Sandstorm|[upkeep]
|-damage|p1a: Meowscarada|56/100|[from] Sandstorm
|-heal|p1a: Meowscarada|62/100|[from] Grassy Terrain
|upkeep
|
|t:|1776211833
|switch|p2a: Excadrill|Excadrill, F|100/100
|-damage|p2a: Excadrill|97/100|[from] Stealth Rock
|turn|24
|
|t:|1776211836
|switch|p1a: Dragapult|Dragapult, F|65/100
|move|p2a: Excadrill|Iron Head|p1a: Dragapult
|-damage|p1a: Dragapult|0 fnt
|faint|p1a: Dragapult
|-damage|p2a: Excadrill|87/100|[from] item: Life Orb
|
|-weather|Sandstorm|[upkeep]
|-heal|p2a: Excadrill|94/100|[from] Grassy Terrain
|-fieldend|move: Grassy Terrain
|upkeep
|
|t:|1776211842
|switch|p1a: Garganacl|Garganacl, M|100/100
|turn|25
|
|t:|1776211847
|-terastallize|p1a: Garganacl|Ghost
|move|p2a: Excadrill|Earthquake|p1a: Garganacl
|-damage|p1a: Garganacl|60/100
|-damage|p2a: Excadrill|84/100|[from] item: Life Orb
|move|p1a: Garganacl|Salt Cure|p2a: Excadrill
|-resisted|p2a: Excadrill
|-damage|p2a: Excadrill|78/100
|-start|p2a: Excadrill|Salt Cure
|
|-weather|Sandstorm|[upkeep]
|-damage|p1a: Garganacl|53/100|[from] Sandstorm
|-heal|p1a: Garganacl|60/100|[from] item: Leftovers
|-damage|p2a: Excadrill|53/100|[from] Salt Cure
|upkeep
|turn|26
|
|t:|1776211853
|switch|p2a: Thundurus|Thundurus-Therian, M|100/100
|-damage|p2a: Thundurus|76/100|[from] Stealth Rock
|move|p1a: Garganacl|Salt Cure|p2a: Thundurus
|-supereffective|p2a: Thundurus
|-damage|p2a: Thundurus|32/100
|-start|p2a: Thundurus|Salt Cure
|
|-weather|Sandstorm|[upkeep]
|-damage|p2a: Thundurus|26/100|[from] Sandstorm
|-damage|p1a: Garganacl|53/100|[from] Sandstorm
|-heal|p1a: Garganacl|60/100|[from] item: Leftovers
|-damage|p2a: Thundurus|13/100|[from] Salt Cure
|upkeep
|turn|27
|
|t:|1776211861
|switch|p2a: Rillaboom|Rillaboom, F|90/100
|-damage|p2a: Rillaboom|78/100|[from] Stealth Rock
|-fieldstart|move: Grassy Terrain|[from] ability: Grassy Surge|[of] p2a: Rillaboom
|move|p1a: Garganacl|Protect||[still]
|-fail|p1a: Garganacl
|
|-weather|none
|-heal|p2a: Rillaboom|84/100|[from] Grassy Terrain
|-heal|p1a: Garganacl|66/100|[from] Grassy Terrain
|-heal|p1a: Garganacl|72/100|[from] item: Leftovers
|upkeep
|turn|28
|
|t:|1776211876
|move|p2a: Rillaboom|Knock Off|p1a: Garganacl
|-supereffective|p1a: Garganacl
|-damage|p1a: Garganacl|17/100
|-enditem|p1a: Garganacl|Leftovers|[from] move: Knock Off|[of] p2a: Rillaboom
|move|p1a: Garganacl|Salt Cure|p2a: Rillaboom
|-damage|p2a: Rillaboom|69/100
|-start|p2a: Rillaboom|Salt Cure
|
|-heal|p2a: Rillaboom|75/100|[from] Grassy Terrain
|-heal|p1a: Garganacl|23/100|[from] Grassy Terrain
|-damage|p2a: Rillaboom|62/100|[from] Salt Cure
|upkeep
|turn|29
|
|t:|1776211881
|move|p2a: Rillaboom|Knock Off|p1a: Garganacl
|-supereffective|p1a: Garganacl
|-damage|p1a: Garganacl|0 fnt
|faint|p1a: Garganacl
|
|-heal|p2a: Rillaboom|69/100|[from] Grassy Terrain
|-damage|p2a: Rillaboom|56/100|[from] Salt Cure
|upkeep
|
|t:|1776211884
|switch|p1a: Meowscarada|Meowscarada, M|62/100
|turn|30
|
|t:|1776211891
|switch|p2a: Excadrill|Excadrill, F|53/100
|-damage|p2a: Excadrill|50/100|[from] Stealth Rock
|move|p1a: Meowscarada|Triple Axel|p2a: Excadrill
|-start|p1a: Meowscarada|typechange|Ice|[from] ability: Protean
|-damage|p2a: Excadrill|37/100
|-damage|p2a: Excadrill|11/100
|-hitcount|p2a: Excadrill|2
|
|-heal|p1a: Meowscarada|69/100|[from] Grassy Terrain
|-heal|p2a: Excadrill|17/100|[from] Grassy Terrain
|upkeep
|turn|31
|
|t:|1776211895
|move|p1a: Meowscarada|Triple Axel|p2a: Excadrill
|-damage|p2a: Excadrill|3/100
|-crit|p2a: Excadrill
|-damage|p2a: Excadrill|0 fnt
|faint|p2a: Excadrill
|-hitcount|p2: Excadrill|2
|
|-heal|p1a: Meowscarada|75/100|[from] Grassy Terrain
|-fieldend|move: Grassy Terrain
|upkeep
|
|t:|1776211898
|switch|p2a: Rillaboom|Rillaboom, F|56/100
|-damage|p2a: Rillaboom|44/100|[from] Stealth Rock
|-fieldstart|move: Grassy Terrain|[from] ability: Grassy Surge|[of] p2a: Rillaboom
|turn|32
|
|t:|1776211903
|switch|p1a: Cinderace|Cinderace, F|100/100
|move|p2a: Rillaboom|Grassy Glide|p1a: Cinderace
|-resisted|p1a: Cinderace
|-damage|p1a: Cinderace|59/100
|
|-heal|p1a: Cinderace|65/100|[from] Grassy Terrain
|-heal|p2a: Rillaboom|50/100|[from] Grassy Terrain
|upkeep
|turn|33
|
|t:|1776211909
|-terastallize|p2a: Rillaboom|Grass
|move|p2a: Rillaboom|Grassy Glide|p1a: Cinderace
|-resisted|p1a: Cinderace
|-damage|p1a: Cinderace|10/100
|move|p1a: Cinderace|U-turn|p2a: Rillaboom
|-start|p1a: Cinderace|typechange|Bug|[from] ability: Libero
|-supereffective|p2a: Rillaboom
|-damage|p2a: Rillaboom|0 fnt
|faint|p2a: Rillaboom
|
|t:|1776211914
|switch|p1a: Alomomola|Alomomola, F|53/100|[from] U-turn
|
|-heal|p1a: Alomomola|59/100|[from] Grassy Terrain
|upkeep
|
|t:|1776211916
|switch|p2a: Thundurus|Thundurus-Therian, M|13/100
|-damage|p2a: Thundurus|0 fnt|[from] Stealth Rock
|faint|p2a: Thundurus
|
|win|LLCDoubleOG
|raw|LLCDoubleOG's rating: 1342 &rarr; <strong>1363</strong><br />(+21 for winning)
|raw|Harthmann's rating: 1365 &rarr; <strong>1344</strong><br />(-21 for losing)
