|html|<div class="broadcast-blue"><strong>[Gen 9] OU is currently suspecting Tera Blast! For information on how to participate check out the <a href="https://www.smogon.com/tools/suspects/view/200">suspect thread</a>.</strong></div>
|j|☆momofup
|j|☆InkyDarkPenguin
|t:|1776222853
|gametype|singles
|player|p1|momofup|169|1429
|player|p2|InkyDarkPenguin|allister-masters|1411
|gen|9
|tier|[Gen 9] OU
|rated|
|rule|HP Percentage Mod: HP is shown in percentages
|rule|Endless Battle Clause: Forcing endless battles is banned
|rule|Species Clause: Limit one of each Pokémon
|rule|OHKO Clause: OHKO moves are banned
|rule|Evasion Items Clause: Evasion items are banned
|rule|Evasion Moves Clause: Evasion moves are banned
|rule|Evasion Abilities Clause: Evasion abilities are banned
|rule|Sleep Moves Clause: Sleep-inducing moves are banned
|clearpoke
|poke|p1|Corviknight, M|
|poke|p1|Great Tusk|
|poke|p1|Dondozo, F|
|poke|p1|Zapdos|
|poke|p1|Dragapult, F|
|poke|p1|Ogerpon-Wellspring, F|
|poke|p2|Corviknight, F|
|poke|p2|Pecharunt|
|poke|p2|Ogerpon-Wellspring, F|
|poke|p2|Iron Valiant|
|poke|p2|Ting-Lu|
|poke|p2|Dragapult, M|
|teampreview
|inactive|Battle timer is ON: inactive players will automatically lose when time's up. (requested by InkyDarkPenguin)
|
|t:|1776222873
|teamsize|p1|6
|teamsize|p2|6
|start
|switch|p1a: Corviknight|Corviknight, M|100/100
|switch|p2a: Iron Valiant|Iron Valiant|100/100
|turn|1
|
|t:|1776222888
|move|p2a: Iron Valiant|Thunderbolt|p1a: Corviknight
|-supereffective|p1a: Corviknight
|-damage|p1a: Corviknight|20/100
|move|p1a: Corviknight|U-turn|p2a: Iron Valiant
|-resisted|p2a: Iron Valiant
|-damage|p2a: Iron Valiant|97/100
|
|t:|1776222900
|switch|p1a: Dragapult|Dragapult, F|100/100|[from] U-turn
|
|upkeep
|turn|2
|
|t:|1776222913
|-end|p2a: Iron Valiant|Quark Drive|[silent]
|switch|p2a: Ting-Lu|Ting-Lu|100/100
|-ability|p2a: Ting-Lu|Vessel of Ruin
|-terastallize|p1a: Dragapult|Fairy
|move|p1a: Dragapult|Shadow Ball|p2a: Ting-Lu
|-resisted|p2a: Ting-Lu
|-damage|p2a: Ting-Lu|89/100
|
|-heal|p2a: Ting-Lu|95/100|[from] item: Leftovers
|upkeep
|turn|3
|
|t:|1776222926
|switch|p1a: Ogerpon|Ogerpon-Wellspring, F|100/100
|move|p2a: Ting-Lu|Whirlwind|p1a: Ogerpon
|drag|p1a: Dondozo|Dondozo, F|100/100
|
|-heal|p2a: Ting-Lu|100/100|[from] item: Leftovers
|upkeep
|turn|4
|
|t:|1776222942
|move|p2a: Ting-Lu|Stealth Rock|p1a: Dondozo
|-sidestart|p1: momofup|move: Stealth Rock
|move|p1a: Dondozo|Curse|p1a: Dondozo
|-unboost|p1a: Dondozo|spe|1
|-boost|p1a: Dondozo|atk|1
|-boost|p1a: Dondozo|def|1
|
|upkeep
|turn|5
|inactive|momofup has 120 seconds left.
|
|t:|1776222962
|switch|p2a: Ogerpon|Ogerpon-Wellspring, F|100/100
|move|p1a: Dondozo|Wave Crash|p2a: Ogerpon
|-immune|p2a: Ogerpon|[from] ability: Water Absorb
|
|upkeep
|turn|6
|inactive|momofup has 120 seconds left.
|
|t:|1776222970
|move|p2a: Ogerpon|Encore|p1a: Dondozo
|-start|p1a: Dondozo|Encore
|move|p1a: Dondozo|Wave Crash|p2a: Ogerpon
|-immune|p2a: Ogerpon|[from] ability: Water Absorb
|
|upkeep
|turn|7
|
|t:|1776222977
|move|p2a: Ogerpon|Swords Dance|p2a: Ogerpon
|-boost|p2a: Ogerpon|atk|2
|move|p1a: Dondozo|Wave Crash|p2a: Ogerpon
|-immune|p2a: Ogerpon|[from] ability: Water Absorb
|
|upkeep
|turn|8
|
|t:|1776222984
|move|p2a: Ogerpon|Horn Leech|p1a: Dondozo
|-supereffective|p1a: Dondozo
|-damage|p1a: Dondozo|72/100
|move|p1a: Dondozo|Wave Crash|p2a: Ogerpon
|-immune|p2a: Ogerpon|[from] ability: Water Absorb
|
|-heal|p1a: Dondozo|78/100|[from] item: Leftovers
|-end|p1a: Dondozo|Encore
|upkeep
|turn|9
|
|t:|1776222995
|move|p1a: Dondozo|Protect|p1a: Dondozo
|-singleturn|p1a: Dondozo|Protect
|move|p2a: Ogerpon|Encore|p1a: Dondozo
|-activate|p1a: Dondozo|move: Protect
|
|-heal|p1a: Dondozo|84/100|[from] item: Leftovers
|upkeep
|turn|10
|inactive|momofup has 120 seconds left.
|
|t:|1776223016
|move|p2a: Ogerpon|Encore|p1a: Dondozo
|-start|p1a: Dondozo|Encore
|move|p1a: Dondozo|Protect||[still]
|-fail|p1a: Dondozo
|
|-heal|p1a: Dondozo|90/100|[from] item: Leftovers
|upkeep
|turn|11
|
|t:|1776223024
|move|p1a: Dondozo|Protect|p1a: Dondozo
|-singleturn|p1a: Dondozo|Protect
|move|p2a: Ogerpon|Swords Dance|p2a: Ogerpon
|-boost|p2a: Ogerpon|atk|2
|
|-heal|p1a: Dondozo|97/100|[from] item: Leftovers
|upkeep
|turn|12
|
|t:|1776223034
|move|p1a: Dondozo|Protect|p1a: Dondozo
|-singleturn|p1a: Dondozo|Protect
|move|p2a: Ogerpon|Horn Leech|p1a: Dondozo
|-activate|p1a: Dondozo|move: Protect
|
|-heal|p1a: Dondozo|100/100|[from] item: Leftovers
|-end|p1a: Dondozo|Encore
|upkeep
|turn|13
|
|t:|1776223047
|move|p2a: Ogerpon|Horn Leech|p1a: Dondozo
|-supereffective|p1a: Dondozo
|-damage|p1a: Dondozo|73/100
|move|p1a: Dondozo|Curse|p1a: Dondozo
|-unboost|p1a: Dondozo|spe|1
|-boost|p1a: Dondozo|atk|1
|-boost|p1a: Dondozo|def|1
|
|-heal|p1a: Dondozo|79/100|[from] item: Leftovers
|upkeep
|turn|14
|
|t:|1776223057
|move|p1a: Dondozo|Protect|p1a: Dondozo
|-singleturn|p1a: Dondozo|Protect
|move|p2a: Ogerpon|Horn Leech|p1a: Dondozo
|-activate|p1a: Dondozo|move: Protect
|
|-heal|p1a: Dondozo|85/100|[from] item: Leftovers
|upkeep
|turn|15
|
|t:|1776223067
|move|p2a: Ogerpon|Horn Leech|p1a: Dondozo
|-supereffective|p1a: Dondozo
|-damage|p1a: Dondozo|65/100
|move|p1a: Dondozo|Body Press|p2a: Ogerpon
|-damage|p2a: Ogerpon|30/100
|
|-heal|p1a: Dondozo|71/100|[from] item: Leftovers
|upkeep
|turn|16
|
|t:|1776223079
|move|p2a: Ogerpon|Encore|p1a: Dondozo
|-start|p1a: Dondozo|Encore
|move|p1a: Dondozo|Body Press|p2a: Ogerpon
|-damage|p2a: Ogerpon|0 fnt
|faint|p2a: Ogerpon
|
|-heal|p1a: Dondozo|77/100|[from] item: Leftovers
|upkeep
|
|t:|1776223086
|switch|p2a: Iron Valiant|Iron Valiant|97/100
|turn|17
|
|t:|1776223090
|-terastallize|p2a: Iron Valiant|Fairy
|move|p2a: Iron Valiant|Moonblast|p1a: Dondozo
|-damage|p1a: Dondozo|0 fnt
|faint|p1a: Dondozo
|
|upkeep
|
|t:|1776223101
|switch|p1a: Dragapult|Dragapult, F, tera:Fairy|100/100
|-damage|p1a: Dragapult|88/100|[from] Stealth Rock
|turn|18
|
|t:|1776223117
|-end|p2a: Iron Valiant|Quark Drive|[silent]
|switch|p2a: Ting-Lu|Ting-Lu|100/100
|-ability|p2a: Ting-Lu|Vessel of Ruin
|move|p1a: Dragapult|Shadow Ball|p2a: Ting-Lu
|-resisted|p2a: Ting-Lu
|-damage|p2a: Ting-Lu|90/100
|
|-heal|p2a: Ting-Lu|96/100|[from] item: Leftovers
|upkeep
|turn|19
|
|t:|1776223124
|move|p1a: Dragapult|Shadow Ball|p2a: Ting-Lu
|-resisted|p2a: Ting-Lu
|-damage|p2a: Ting-Lu|85/100
|move|p2a: Ting-Lu|Ruination|p1a: Dragapult
|-damage|p1a: Dragapult|44/100
|
|-heal|p2a: Ting-Lu|92/100|[from] item: Leftovers
|upkeep
|turn|20
|
|t:|1776223133
|switch|p1a: Great Tusk|Great Tusk|100/100
|-damage|p1a: Great Tusk|98/100|[from] Stealth Rock
|move|p2a: Ting-Lu|Ruination|p1a: Great Tusk|[miss]
|-miss|p2a: Ting-Lu|p1a: Great Tusk
|
|-heal|p2a: Ting-Lu|98/100|[from] item: Leftovers
|upkeep
|turn|21
|
|t:|1776223141
|move|p1a: Great Tusk|Rapid Spin|p2a: Ting-Lu
|-damage|p2a: Ting-Lu|88/100
|-boost|p1a: Great Tusk|spe|1
|-sideend|p1: momofup|Stealth Rock|[from] move: Rapid Spin|[of] p1a: Great Tusk
|move|p2a: Ting-Lu|Ruination|p1a: Great Tusk
|-damage|p1a: Great Tusk|49/100
|
|-heal|p2a: Ting-Lu|94/100|[from] item: Leftovers
|upkeep
|turn|22
|
|t:|1776223156
|move|p1a: Great Tusk|Close Combat|p2a: Ting-Lu
|-supereffective|p2a: Ting-Lu
|-damage|p2a: Ting-Lu|13/100
|-unboost|p1a: Great Tusk|def|1
|-unboost|p1a: Great Tusk|spd|1
|move|p2a: Ting-Lu|Whirlwind|p1a: Great Tusk
|-end|p1a: Great Tusk|Protosynthesis|[silent]
|drag|p1a: Corviknight|Corviknight, M|20/100
|
|-heal|p2a: Ting-Lu|19/100|[from] item: Leftovers
|upkeep
|turn|23
|
|t:|1776223171
|move|p1a: Corviknight|Roost|p1a: Corviknight
|-heal|p1a: Corviknight|70/100
|-singleturn|p1a: Corviknight|move: Roost
|move|p2a: Ting-Lu|Earthquake|p1a: Corviknight
|-supereffective|p1a: Corviknight
|-damage|p1a: Corviknight|29/100
|
|-heal|p2a: Ting-Lu|25/100|[from] item: Leftovers
|upkeep
|turn|24
|
|t:|1776223183
|move|p1a: Corviknight|Iron Defense|p1a: Corviknight
|-boost|p1a: Corviknight|def|2
|move|p2a: Ting-Lu|Stealth Rock|p1a: Corviknight
|-sidestart|p1: momofup|move: Stealth Rock
|
|-heal|p2a: Ting-Lu|32/100|[from] item: Leftovers
|upkeep
|turn|25
|
|t:|1776223191
|switch|p2a: Pecharunt|Pecharunt|100/100
|move|p1a: Corviknight|Roost|p1a: Corviknight
|-heal|p1a: Corviknight|79/100
|-singleturn|p1a: Corviknight|move: Roost
|
|upkeep
|turn|26
|
|t:|1776223200
|move|p1a: Corviknight|U-turn|p2a: Pecharunt
|-resisted|p2a: Pecharunt
|-damage|p2a: Pecharunt|99/100
|
|t:|1776223212
|switch|p1a: Dragapult|Dragapult, F, tera:Fairy|44/100|[from] U-turn
|-damage|p1a: Dragapult|32/100|[from] Stealth Rock
|move|p2a: Pecharunt|Foul Play|p1a: Dragapult
|-resisted|p1a: Dragapult
|-damage|p1a: Dragapult|19/100
|
|upkeep
|turn|27
|
|t:|1776223222
|switch|p2a: Ting-Lu|Ting-Lu|32/100
|-ability|p2a: Ting-Lu|Vessel of Ruin
|move|p1a: Dragapult|Shadow Ball|p2a: Ting-Lu
|-resisted|p2a: Ting-Lu
|-damage|p2a: Ting-Lu|21/100
|
|-heal|p2a: Ting-Lu|27/100|[from] item: Leftovers
|upkeep
|turn|28
|
|t:|1776223234
|switch|p1a: Great Tusk|Great Tusk|49/100
|-damage|p1a: Great Tusk|46/100|[from] Stealth Rock
|move|p2a: Ting-Lu|Ruination|p1a: Great Tusk
|-damage|p1a: Great Tusk|23/100
|
|-heal|p2a: Ting-Lu|34/100|[from] item: Leftovers
|upkeep
|turn|29
|
|t:|1776223240
|switch|p2a: Pecharunt|Pecharunt|99/100
|move|p1a: Great Tusk|Rapid Spin|p2a: Pecharunt
|-immune|p2a: Pecharunt
|
|upkeep
|turn|30
|
|t:|1776223248
|move|p1a: Great Tusk|Headlong Rush|p2a: Pecharunt
|-supereffective|p2a: Pecharunt
|-damage|p2a: Pecharunt|34/100
|-unboost|p1a: Great Tusk|def|1
|-unboost|p1a: Great Tusk|spd|1
|move|p2a: Pecharunt|Parting Shot|p1a: Great Tusk
|-unboost|p1a: Great Tusk|atk|1
|-unboost|p1a: Great Tusk|spa|1
|
|t:|1776223257
|switch|p2a: Iron Valiant|Iron Valiant, tera:Fairy|97/100|[from] Parting Shot
|
|upkeep
|turn|31
|
|t:|1776223264
|-end|p1a: Great Tusk|Protosynthesis|[silent]
|switch|p1a: Corviknight|Corviknight, M|79/100
|-damage|p1a: Corviknight|66/100|[from] Stealth Rock
|move|p2a: Iron Valiant|Moonblast|p1a: Corviknight
|-resisted|p1a: Corviknight
|-damage|p1a: Corviknight|21/100
|
|upkeep
|turn|32
|
|t:|1776223275
|move|p2a: Iron Valiant|Moonblast|p1a: Corviknight
|-resisted|p1a: Corviknight
|-crit|p1a: Corviknight
|-damage|p1a: Corviknight|0 fnt
|faint|p1a: Corviknight
|
|upkeep
|
|t:|1776223295
|switch|p1a: Dragapult|Dragapult, F, tera:Fairy|19/100
|-damage|p1a: Dragapult|7/100|[from] Stealth Rock
|turn|33
|
|t:|1776223302
|switch|p1a: Great Tusk|Great Tusk|23/100
|-damage|p1a: Great Tusk|20/100|[from] Stealth Rock
|-end|p2a: Iron Valiant|Quark Drive|[silent]
|switch|p2a: Ting-Lu|Ting-Lu|34/100
|-ability|p2a: Ting-Lu|Vessel of Ruin
|
|-heal|p2a: Ting-Lu|40/100|[from] item: Leftovers
|upkeep
|turn|34
|
|t:|1776223313
|switch|p2a: Pecharunt|Pecharunt|34/100
|move|p1a: Great Tusk|Headlong Rush|p2a: Pecharunt
|-supereffective|p2a: Pecharunt
|-damage|p2a: Pecharunt|0 fnt
|-unboost|p1a: Great Tusk|def|1
|-unboost|p1a: Great Tusk|spd|1
|faint|p2a: Pecharunt
|
|upkeep
|
|t:|1776223322
|switch|p2a: Dragapult|Dragapult, M|100/100
|turn|35
|l|☆momofup
|inactive|momofup disconnected and has a minute to reconnect!
|player|p1|
|j|☆momofup
|inactive|momofup reconnected and has 130 seconds left.
|player|p1|momofup|169|
|inactive|momofup has 120 seconds left.
|
|t:|1776223363
|-end|p1a: Great Tusk|Protosynthesis|[silent]
|switch|p1a: Zapdos|Zapdos|100/100
|move|p2a: Dragapult|Dragon Darts|p1a: Zapdos
|-damage|p1a: Zapdos|79/100
|-anim|p2a: Dragapult|Dragon Darts|p1a: Zapdos
|-damage|p1a: Zapdos|57/100
|
|upkeep
|turn|36
|
|t:|1776223379
|move|p2a: Dragapult|Will-O-Wisp|p1a: Zapdos
|-status|p1a: Zapdos|brn
|move|p1a: Zapdos|Tailwind|p1a: Zapdos
|-sidestart|p1: momofup|move: Tailwind
|
|-damage|p1a: Zapdos|51/100 brn|[from] brn
|upkeep
|turn|37
|
|t:|1776223388
|move|p1a: Zapdos|Light Screen|p1a: Zapdos
|-sidestart|p1: momofup|move: Light Screen
|move|p2a: Dragapult|Hex|p1a: Zapdos
|-damage|p1a: Zapdos|12/100 brn
|
|-damage|p1a: Zapdos|5/100 brn|[from] brn
|upkeep
|turn|38
|inactive|momofup has 120 seconds left.
|
|t:|1776223398
|move|p1a: Zapdos|Volt Switch|p2a: Dragapult
|-resisted|p2a: Dragapult
|-crit|p2a: Dragapult
|-damage|p2a: Dragapult|69/100
|inactive|momofup has 120 seconds left.
|
|t:|1776223405
|switch|p1a: Ogerpon|Ogerpon-Wellspring, F|100/100|[from] Volt Switch
|-damage|p1a: Ogerpon|88/100|[from] Stealth Rock
|move|p2a: Dragapult|U-turn|p1a: Ogerpon
|-supereffective|p1a: Ogerpon
|-damage|p1a: Ogerpon|34/100
|
|t:|1776223412
|switch|p2a: Corviknight|Corviknight, F, shiny|100/100|[from] U-turn
|-ability|p2a: Corviknight|Pressure
|
|upkeep
|turn|39
|inactive|momofup has 120 seconds left.
|
|t:|1776223427
|move|p1a: Ogerpon|Ivy Cudgel|p2a: Corviknight|[anim] Ivy Cudgel Water
|-damage|p2a: Corviknight|62/100
|move|p2a: Corviknight|U-turn|p1a: Ogerpon
|-supereffective|p1a: Ogerpon
|-damage|p1a: Ogerpon|0 fnt
|faint|p1a: Ogerpon
|
|t:|1776223433
|switch|p2a: Dragapult|Dragapult, M|69/100|[from] U-turn
|
|-sideend|p1: momofup|move: Tailwind
|upkeep
|
|t:|1776223440
|switch|p1a: Zapdos|Zapdos|5/100 brn
|turn|40
|
|t:|1776223444
|move|p2a: Dragapult|Dragon Darts|p1a: Zapdos
|-damage|p1a: Zapdos|0 fnt
|faint|p1a: Zapdos
|
|upkeep
|
|t:|1776223451
|switch|p1a: Great Tusk|Great Tusk|20/100
|-damage|p1a: Great Tusk|17/100|[from] Stealth Rock
|turn|41
|
|t:|1776223456
|move|p2a: Dragapult|Dragon Darts|p1a: Great Tusk
|-damage|p1a: Great Tusk|5/100
|-anim|p2a: Dragapult|Dragon Darts|p1a: Great Tusk
|-damage|p1a: Great Tusk|0 fnt
|faint|p1a: Great Tusk
|-end|p1a: Great Tusk|Protosynthesis|[silent]
|
|-sideend|p1: momofup|move: Light Screen
|upkeep
|
|t:|1776223464
|switch|p1a: Dragapult|Dragapult, F, tera:Fairy|7/100
|-damage|p1a: Dragapult|0 fnt|[from] Stealth Rock
|faint|p1a: Dragapult
|
|win|InkyDarkPenguin
|raw|momofup's rating: 1429 &rarr; <strong>1408</strong><br />(-21 for losing)
|raw|InkyDarkPenguin's rating: 1411 &rarr; <strong>1432</strong><br />(+21 for winning)
|l|☆momofup
|player|p1|
