|html|<div class="broadcast-blue"><strong>[Gen 9] OU is currently suspecting Volcarona! For information on how to participate check out the <a href="https://www.smogon.com/tools/suspects/view/208">suspect thread</a>.</strong></div>
|j|☆MADMANWHO
|j|☆soulsil
|t:|1778505002
|gametype|singles
|player|p1|MADMANWHO|hiker-gen4|1264
|player|p2|soulsil|lucas-gen4pt|1210
|gen|9
|tier|[Gen 9] OU
|rated|
|rule|HP Percentage Mod: HP is shown in percentages
|rule|Endless Battle Clause: Forcing endless battles is banned
|rule|Species Clause: Limit one of each Pokémon
|rule|OHKO Clause: OHKO moves are banned
|rule|Evasion Items Clause: Evasion items are banned
|rule|Evasion Moves Clause: Evasion moves are banned
|rule|Evasion Abilities Clause: Evasion abilities are banned
|rule|Sleep Moves Clause: Sleep-inducing moves are banned
|clearpoke
|poke|p1|Torterra, F|
|poke|p1|Tyranitar, F|
|poke|p1|Drednaw, M|
|poke|p1|Pelipper, M|
|poke|p1|Clodsire, F|
|poke|p1|Goodra-Hisui, M|
|poke|p2|Deoxys-Speed|
|poke|p2|Garchomp, F|
|poke|p2|Arcanine, F|
|poke|p2|Suicune|
|poke|p2|Weavile, F|
|poke|p2|Great Tusk|
|teampreview
|inactive|Battle timer is ON: inactive players will automatically lose when time's up. (requested by MADMANWHO)
|
|t:|1778505015
|teamsize|p1|6
|teamsize|p2|6
|start
|switch|p1a: Goodra|Goodra-Hisui, M|100/100
|switch|p2a: Deoxys|Deoxys-Speed|100/100
|-ability|p2a: Deoxys|Pressure
|turn|1
|
|t:|1778505024
|move|p2a: Deoxys|Taunt|p1a: Goodra
|-start|p1a: Goodra|move: Taunt
|move|p1a: Goodra|Draco Meteor|p2a: Deoxys
|-damage|p2a: Deoxys|1/100
|-unboost|p1a: Goodra|spa|2
|
|upkeep
|turn|2
|
|t:|1778505037
|switch|p1a: Tyranitar|Tyranitar, F|100/100
|-weather|Sandstorm|[from] ability: Sand Stream|[of] p1a: Tyranitar
|move|p2a: Deoxys|Focus Blast|p1a: Tyranitar
|-supereffective|p1a: Tyranitar
|-damage|p1a: Tyranitar|37/100
|
|-weather|Sandstorm|[upkeep]
|-damage|p2a: Deoxys|0 fnt|[from] Sandstorm
|faint|p2a: Deoxys
|upkeep
|
|t:|1778505047
|switch|p2a: Great Tusk|Great Tusk|100/100
|-enditem|p2a: Great Tusk|Booster Energy
|-activate|p2a: Great Tusk|ability: Protosynthesis|[fromitem]
|-start|p2a: Great Tusk|protosynthesisatk
|turn|3
|
|t:|1778505056
|switch|p1a: Pelipper|Pelipper, M|100/100
|-weather|RainDance|[from] ability: Drizzle|[of] p1a: Pelipper
|move|p2a: Great Tusk|Headlong Rush|p1a: Pelipper
|-immune|p1a: Pelipper
|
|-weather|RainDance|[upkeep]
|upkeep
|turn|4
|
|t:|1778505071
|move|p2a: Great Tusk|Ice Spinner|p1a: Pelipper
|-damage|p1a: Pelipper|71/100
|move|p1a: Pelipper|U-turn|p2a: Great Tusk
|-resisted|p2a: Great Tusk
|-damage|p2a: Great Tusk|97/100
|
|t:|1778505077
|switch|p1a: Drednaw|Drednaw, M|100/100|[from] U-turn
|
|-weather|RainDance|[upkeep]
|upkeep
|turn|5
|
|t:|1778505086
|-end|p2a: Great Tusk|Protosynthesis|[silent]
|switch|p2a: Suicune|Suicune|100/100
|move|p1a: Drednaw|Liquidation|p2a: Suicune
|-resisted|p2a: Suicune
|-damage|p2a: Suicune|77/100
|-damage|p1a: Drednaw|91/100|[from] item: Life Orb
|
|-weather|RainDance|[upkeep]
|-heal|p2a: Suicune|83/100|[from] item: Leftovers
|upkeep
|turn|6
|
|t:|1778505096
|move|p1a: Drednaw|Head Smash|p2a: Suicune
|-damage|p2a: Suicune|27/100
|-damage|p1a: Drednaw|55/100|[from] Recoil
|-damage|p1a: Drednaw|45/100|[from] item: Life Orb
|move|p2a: Suicune|Scald|p1a: Drednaw
|-damage|p1a: Drednaw|0 fnt
|faint|p1a: Drednaw
|
|-weather|RainDance|[upkeep]
|-heal|p2a: Suicune|33/100|[from] item: Leftovers
|upkeep
|
|t:|1778505115
|switch|p1a: Goodra|Goodra-Hisui, M|100/100
|turn|7
|
|t:|1778505120
|move|p2a: Suicune|Scald|p1a: Goodra
|-resisted|p1a: Goodra
|-damage|p1a: Goodra|87/100
|move|p1a: Goodra|Draco Meteor|p2a: Suicune
|-damage|p2a: Suicune|0 fnt
|-unboost|p1a: Goodra|spa|2
|faint|p2a: Suicune
|
|-weather|RainDance|[upkeep]
|-heal|p1a: Goodra|93/100|[from] item: Leftovers
|upkeep
|
|t:|1778505132
|switch|p2a: Great Tusk|Great Tusk|97/100
|turn|8
|
|t:|1778505138
|-terastallize|p1a: Goodra|Fairy
|move|p2a: Great Tusk|Headlong Rush|p1a: Goodra
|-damage|p1a: Goodra|26/100
|-unboost|p2a: Great Tusk|def|1
|-unboost|p2a: Great Tusk|spd|1
|-ability|p1a: Goodra|Gooey
|-unboost|p2a: Great Tusk|spe|1
|move|p1a: Goodra|Acid Armor|p1a: Goodra
|-boost|p1a: Goodra|def|2
|
|-weather|RainDance|[upkeep]
|-heal|p1a: Goodra|32/100|[from] item: Leftovers
|upkeep
|turn|9
|
|t:|1778505153
|move|p2a: Great Tusk|Headlong Rush|p1a: Goodra
|-damage|p1a: Goodra|2/100
|-unboost|p2a: Great Tusk|def|1
|-unboost|p2a: Great Tusk|spd|1
|-ability|p1a: Goodra|Gooey
|-unboost|p2a: Great Tusk|spe|1
|move|p1a: Goodra|Weather Ball|p2a: Great Tusk
|-supereffective|p2a: Great Tusk
|-damage|p2a: Great Tusk|0 fnt
|faint|p2a: Great Tusk
|-end|p2a: Great Tusk|Protosynthesis|[silent]
|
|-weather|RainDance|[upkeep]
|-heal|p1a: Goodra|8/100|[from] item: Leftovers
|upkeep
|
|t:|1778505168
|switch|p2a: Weavile|Weavile, F|100/100
|turn|10
|
|t:|1778505172
|move|p2a: Weavile|Swords Dance|p2a: Weavile
|-boost|p2a: Weavile|atk|2
|move|p1a: Goodra|Body Press|p2a: Weavile
|-supereffective|p2a: Weavile
|-enditem|p2a: Weavile|Focus Sash
|-damage|p2a: Weavile|1/100
|-enditem|p1a: Goodra|Leftovers|[silent]|[from] ability: Pickpocket|[of] p1a: Goodra
|-item|p2a: Weavile|Leftovers|[from] ability: Pickpocket|[of] p1a: Goodra
|
|-weather|none
|-heal|p2a: Weavile|7/100|[from] item: Leftovers
|upkeep
|turn|11
|
|t:|1778505184
|move|p2a: Weavile|Knock Off|p1a: Goodra
|-resisted|p1a: Goodra
|-damage|p1a: Goodra|0 fnt
|-ability|p1a: Goodra|Gooey
|-unboost|p2a: Weavile|spe|1
|faint|p1a: Goodra
|
|-heal|p2a: Weavile|13/100|[from] item: Leftovers
|upkeep
|
|t:|1778505199
|switch|p1a: Torterra|Torterra, F|100/100
|turn|12
|
|t:|1778505209
|-terastallize|p2a: Weavile|Ice
|move|p2a: Weavile|Ice Shard|p1a: Torterra
|-supereffective|p1a: Torterra
|-enditem|p1a: Torterra|Focus Sash
|-damage|p1a: Torterra|1/100
|move|p1a: Torterra|Headlong Rush|p2a: Weavile
|-damage|p2a: Weavile|0 fnt
|-unboost|p1a: Torterra|def|1
|-unboost|p1a: Torterra|spd|1
|faint|p2a: Weavile
|
|upkeep
|
|t:|1778505221
|switch|p2a: Garchomp|Garchomp, F|100/100
|turn|13
|
|t:|1778505227
|move|p2a: Garchomp|Outrage|p1a: Torterra
|-damage|p1a: Torterra|0 fnt
|faint|p1a: Torterra
|
|upkeep
|
|t:|1778505232
|switch|p1a: Pelipper|Pelipper, M|71/100
|-weather|RainDance|[from] ability: Drizzle|[of] p1a: Pelipper
|turn|14
|
|t:|1778505240
|move|p2a: Garchomp|Outrage|p1a: Pelipper|[from] lockedmove
|-damage|p1a: Pelipper|17/100
|-start|p2a: Garchomp|confusion|[fatigue]
|move|p1a: Pelipper|Weather Ball|p2a: Garchomp
|-damage|p2a: Garchomp|48/100
|
|-weather|RainDance|[upkeep]
|upkeep
|turn|15
|
|t:|1778505250
|-activate|p2a: Garchomp|confusion
|move|p2a: Garchomp|Outrage|p1a: Pelipper
|-damage|p1a: Pelipper|0 fnt
|faint|p1a: Pelipper
|
|-weather|RainDance|[upkeep]
|upkeep
|
|t:|1778505257
|switch|p1a: Tyranitar|Tyranitar, F|37/100
|-weather|Sandstorm|[from] ability: Sand Stream|[of] p1a: Tyranitar
|turn|16
|
|t:|1778505262
|-activate|p2a: Garchomp|confusion
|-damage|p2a: Garchomp|33/100|[from] confusion
|move|p1a: Tyranitar|Knock Off|p2a: Garchomp
|-damage|p2a: Garchomp|0 fnt
|-damage|p1a: Tyranitar|25/100|[from] ability: Rough Skin|[of] p2a: Garchomp
|-enditem|p2a: Garchomp|Choice Scarf|[from] move: Knock Off|[of] p1a: Tyranitar
|faint|p2a: Garchomp
|
|-weather|Sandstorm|[upkeep]
|upkeep
|
|t:|1778505272
|switch|p2a: Arcanine|Arcanine, F|100/100
|-ability|p2a: Arcanine|Intimidate|boost
|-unboost|p1a: Tyranitar|atk|1
|turn|17
|
|t:|1778505277
|move|p2a: Arcanine|Flare Blitz|p1a: Tyranitar
|-resisted|p1a: Tyranitar
|-damage|p1a: Tyranitar|0 fnt
|faint|p1a: Tyranitar
|-damage|p2a: Arcanine|93/100|[from] Recoil
|
|-weather|Sandstorm|[upkeep]
|-damage|p2a: Arcanine|87/100|[from] Sandstorm
|upkeep
|
|t:|1778505284
|switch|p1a: Clodsire|Clodsire, F|100/100
|turn|18
|
|t:|1778505291
|move|p2a: Arcanine|Flare Blitz|p1a: Clodsire
|-damage|p1a: Clodsire|30/100
|-damage|p2a: Arcanine|59/100|[from] Recoil
|move|p1a: Clodsire|High Horsepower|p2a: Arcanine
|-supereffective|p2a: Arcanine
|-damage|p2a: Arcanine|6/100
|
|-weather|Sandstorm|[upkeep]
|-damage|p2a: Arcanine|0 fnt|[from] Sandstorm
|faint|p2a: Arcanine
|
|win|MADMANWHO
|raw|MADMANWHO's rating: 1264 &rarr; <strong>1285</strong><br />(+21 for winning)
|raw|soulsil's rating: 1210 &rarr; <strong>1189</strong><br />(-21 for losing)
|l|☆soulsil
|player|p2|
|l|☆MADMANWHO
|player|p1|
