|html|<div class="broadcast-blue"><strong>[Gen 9] OU is currently suspecting Tera Blast! For information on how to participate check out the <a href="https://www.smogon.com/tools/suspects/view/200">suspect thread</a>.</strong></div>
|j|☆pincurchinisgod
|j|☆jtrainer22
|t:|1776171781
|gametype|singles
|player|p1|pincurchinisgod|102|1455
|player|p2|jtrainer22|marshal|1385
|gen|9
|tier|[Gen 9] OU
|rated|
|rule|HP Percentage Mod: HP is shown in percentages
|rule|Endless Battle Clause: Forcing endless battles is banned
|rule|Species Clause: Limit one of each Pokémon
|rule|OHKO Clause: OHKO moves are banned
|rule|Evasion Items Clause: Evasion items are banned
|rule|Evasion Moves Clause: Evasion moves are banned
|rule|Evasion Abilities Clause: Evasion abilities are banned
|rule|Sleep Moves Clause: Sleep-inducing moves are banned
|clearpoke
|poke|p1|Ninetales, F|
|poke|p1|Zarude-Dada|
|poke|p1|Walking Wake|
|poke|p1|Weezing-Galar, F|
|poke|p1|Slither Wing|
|poke|p1|Sandy Shocks|
|poke|p2|Pelipper, M|
|poke|p2|Thundurus-Therian, M|
|poke|p2|Raging Bolt|
|poke|p2|Iron Treads|
|poke|p2|Ogerpon-Wellspring, F|
|poke|p2|Kyurem|
|teampreview
|c|☆jtrainer22|glhf
|inactive|Battle timer is ON: inactive players will automatically lose when time's up. (requested by jtrainer22)
|
|t:|1776171799
|teamsize|p1|6
|teamsize|p2|6
|start
|switch|p1a: Ninetales|Ninetales, F|100/100
|switch|p2a: Kyurem|Kyurem|100/100
|-weather|SunnyDay|[from] ability: Drought|[of] p1a: Ninetales
|-ability|p2a: Kyurem|Pressure
|turn|1
|
|t:|1776171807
|switch|p2a: Pelipper|Pelipper, M, shiny|100/100
|-weather|RainDance|[from] ability: Drizzle|[of] p2a: Pelipper
|move|p1a: Ninetales|Overheat|p2a: Pelipper
|-resisted|p2a: Pelipper
|-damage|p2a: Pelipper|85/100
|-unboost|p1a: Ninetales|spa|2
|
|-weather|RainDance|[upkeep]
|upkeep
|turn|2
|
|t:|1776171813
|move|p1a: Ninetales|Sunny Day|p1a: Ninetales
|-weather|SunnyDay
|move|p2a: Pelipper|U-turn|p1a: Ninetales
|-resisted|p1a: Ninetales
|-damage|p1a: Ninetales|94/100
|
|t:|1776171831
|switch|p2a: Kyurem|Kyurem|100/100|[from] U-turn
|-ability|p2a: Kyurem|Pressure
|
|-weather|SunnyDay|[upkeep]
|upkeep
|turn|3
|
|t:|1776171839
|move|p1a: Ninetales|Will-O-Wisp|p2a: Kyurem
|-status|p2a: Kyurem|brn
|move|p2a: Kyurem|Earth Power|p1a: Ninetales
|-supereffective|p1a: Ninetales
|-damage|p1a: Ninetales|27/100
|
|-weather|SunnyDay|[upkeep]
|-damage|p2a: Kyurem|94/100 brn|[from] brn
|upkeep
|turn|4
|
|t:|1776171846
|switch|p1a: Slither Wing|Slither Wing|100/100
|-activate|p1a: Slither Wing|ability: Protosynthesis
|-start|p1a: Slither Wing|protosynthesisatk
|move|p2a: Kyurem|Earth Power|p1a: Slither Wing
|-resisted|p1a: Slither Wing
|-damage|p1a: Slither Wing|85/100
|
|-weather|SunnyDay|[upkeep]
|-damage|p2a: Kyurem|88/100 brn|[from] brn
|upkeep
|turn|5
|
|t:|1776171856
|move|p2a: Kyurem|Freeze-Dry|p1a: Slither Wing
|-damage|p1a: Slither Wing|47/100
|move|p1a: Slither Wing|Close Combat|p2a: Kyurem
|-supereffective|p2a: Kyurem
|-damage|p2a: Kyurem|0 fnt
|-unboost|p1a: Slither Wing|def|1
|-unboost|p1a: Slither Wing|spd|1
|faint|p2a: Kyurem
|
|-weather|SunnyDay|[upkeep]
|upkeep
|
|t:|1776171865
|switch|p2a: Thundurus|Thundurus-Therian, M, shiny|100/100
|turn|6
|
|t:|1776171869
|-end|p1a: Slither Wing|Protosynthesis|[silent]
|switch|p1a: Sandy Shocks|Sandy Shocks|100/100
|-item|p1a: Sandy Shocks|Air Balloon
|-activate|p1a: Sandy Shocks|ability: Protosynthesis
|-start|p1a: Sandy Shocks|protosynthesisspe
|move|p2a: Thundurus|Weather Ball|p1a: Sandy Shocks
|-damage|p1a: Sandy Shocks|26/100
|-enditem|p1a: Sandy Shocks|Air Balloon
|
|-weather|SunnyDay|[upkeep]
|upkeep
|turn|7
|
|t:|1776171884
|switch|p2a: Treadmill|Iron Treads, shiny|100/100
|-enditem|p2a: Treadmill|Booster Energy
|-activate|p2a: Treadmill|ability: Quark Drive|[fromitem]
|-start|p2a: Treadmill|quarkdrivespe
|move|p1a: Sandy Shocks|Spikes|p2a: Treadmill
|-sidestart|p2: jtrainer22|Spikes
|
|-weather|SunnyDay|[upkeep]
|upkeep
|turn|8
|
|t:|1776171890
|move|p2a: Treadmill|Earthquake|p1a: Sandy Shocks
|-supereffective|p1a: Sandy Shocks
|-damage|p1a: Sandy Shocks|0 fnt
|faint|p1a: Sandy Shocks
|-end|p1a: Sandy Shocks|Protosynthesis|[silent]
|
|-weather|SunnyDay|[upkeep]
|upkeep
|
|t:|1776171894
|switch|p1a: Walking Wake|Walking Wake|100/100
|-activate|p1a: Walking Wake|ability: Protosynthesis
|-start|p1a: Walking Wake|protosynthesisspe
|turn|9
|
|t:|1776171901
|move|p1a: Walking Wake|Flamethrower|p2a: Treadmill
|-supereffective|p2a: Treadmill
|-damage|p2a: Treadmill|0 fnt
|faint|p2a: Treadmill
|-end|p2a: Treadmill|Quark Drive|[silent]
|
|-weather|none
|-end|p1a: Walking Wake|Protosynthesis
|upkeep
|
|t:|1776171905
|switch|p2a: Pelipper|Pelipper, M, shiny|85/100
|-weather|RainDance|[from] ability: Drizzle|[of] p2a: Pelipper
|turn|10
|
|t:|1776171909
|-end|p1a: Walking Wake|Protosynthesis|[silent]
|switch|p1a: Slither Wing|Slither Wing|47/100
|move|p2a: Pelipper|Surf|p1a: Slither Wing
|-damage|p1a: Slither Wing|4/100
|
|-weather|RainDance|[upkeep]
|upkeep
|turn|11
|
|t:|1776171915
|move|p1a: Slither Wing|U-turn|p2a: Pelipper
|-resisted|p2a: Pelipper
|-damage|p2a: Pelipper|70/100
|
|t:|1776171919
|-end|p1a: Slither Wing|Protosynthesis|[silent]
|switch|p1a: Zarude|Zarude-Dada|100/100|[from] U-turn
|move|p2a: Pelipper|Surf|p1a: Zarude
|-resisted|p1a: Zarude
|-damage|p1a: Zarude|77/100
|
|-weather|RainDance|[upkeep]
|-heal|p1a: Zarude|83/100|[from] item: Leftovers
|upkeep
|turn|12
|
|t:|1776171924
|move|p1a: Zarude|Knock Off|p2a: Pelipper
|-damage|p2a: Pelipper|34/100
|-enditem|p2a: Pelipper|Damp Rock|[from] move: Knock Off|[of] p1a: Zarude
|move|p2a: Pelipper|U-turn|p1a: Zarude
|-supereffective|p1a: Zarude
|-damage|p1a: Zarude|46/100
|
|t:|1776171933
|switch|p2a: Thundurus|Thundurus-Therian, M, shiny|100/100|[from] U-turn
|
|-weather|RainDance|[upkeep]
|-heal|p1a: Zarude|52/100|[from] item: Leftovers
|upkeep
|turn|13
|
|t:|1776171945
|switch|p1a: Weezing|Weezing-Galar, F|100/100
|move|p2a: Thundurus|Agility|p2a: Thundurus
|-boost|p2a: Thundurus|spe|2
|
|-weather|RainDance|[upkeep]
|upkeep
|turn|14
|
|t:|1776171956
|move|p2a: Thundurus|Nasty Plot|p2a: Thundurus
|-boost|p2a: Thundurus|spa|2
|move|p1a: Weezing|Strange Steam|p2a: Thundurus
|-crit|p2a: Thundurus
|-damage|p2a: Thundurus|36/100
|-start|p2a: Thundurus|confusion
|
|-weather|RainDance|[upkeep]
|upkeep
|turn|15
|
|t:|1776171961
|-activate|p2a: Thundurus|confusion
|move|p2a: Thundurus|Thunder|p1a: Weezing
|-damage|p1a: Weezing|0 fnt
|faint|p1a: Weezing
|
|-weather|RainDance|[upkeep]
|upkeep
|
|t:|1776171964
|switch|p1a: Slither Wing|Slither Wing|4/100
|turn|16
|inactive|jtrainer22 has 120 seconds left.
|
|t:|1776171997
|move|p1a: Slither Wing|First Impression|p2a: Thundurus
|-resisted|p2a: Thundurus
|-damage|p2a: Thundurus|0 fnt
|faint|p2a: Thundurus
|
|-weather|RainDance|[upkeep]
|upkeep
|inactive|jtrainer22 has 120 seconds left.
|
|t:|1776172002
|switch|p2a: Ogerpon|Ogerpon-Wellspring, F|100/100
|-damage|p2a: Ogerpon|88/100|[from] Spikes
|turn|17
|
|t:|1776172009
|-end|p1a: Slither Wing|Protosynthesis|[silent]
|switch|p1a: Walking Wake|Walking Wake|100/100
|move|p2a: Ogerpon|Ivy Cudgel|p1a: Walking Wake|[anim] Ivy Cudgel Water
|-resisted|p1a: Walking Wake
|-damage|p1a: Walking Wake|76/100
|
|-weather|none
|upkeep
|turn|18
|
|t:|1776172019
|-terastallize|p2a: Ogerpon|Water
|detailschange|p2a: Ogerpon|Ogerpon-Wellspring-Tera, F, tera:Water
|-ability|p2a: Ogerpon|Embody Aspect (Wellspring)|boost
|-boost|p2a: Ogerpon|spd|1
|move|p2a: Ogerpon|Knock Off|p1a: Walking Wake
|-damage|p1a: Walking Wake|35/100
|-enditem|p1a: Walking Wake|Choice Specs|[from] move: Knock Off|[of] p2a: Ogerpon
|move|p1a: Walking Wake|Draco Meteor|p2a: Ogerpon
|-damage|p2a: Ogerpon|34/100
|-unboost|p1a: Walking Wake|spa|2
|
|upkeep
|turn|19
|
|t:|1776172035
|move|p2a: Ogerpon|Power Whip|p1a: Walking Wake
|-damage|p1a: Walking Wake|0 fnt
|faint|p1a: Walking Wake
|-end|p1a: Walking Wake|Protosynthesis|[silent]
|
|upkeep
|
|t:|1776172038
|switch|p1a: Slither Wing|Slither Wing|4/100
|turn|20
|
|t:|1776172041
|switch|p2a: Raging Bolt|Raging Bolt|100/100
|-damage|p2a: Raging Bolt|88/100|[from] Spikes
|-enditem|p2a: Raging Bolt|Booster Energy
|-activate|p2a: Raging Bolt|ability: Protosynthesis|[fromitem]
|-start|p2a: Raging Bolt|protosynthesisspa
|move|p1a: Slither Wing|First Impression|p2a: Raging Bolt
|-damage|p2a: Raging Bolt|39/100
|
|upkeep
|turn|21
|
|t:|1776172057
|-end|p1a: Slither Wing|Protosynthesis|[silent]
|switch|p1a: Ninetales|Ninetales, F|27/100
|-weather|SunnyDay|[from] ability: Drought|[of] p1a: Ninetales
|move|p2a: Raging Bolt|Dragon Pulse|p1a: Ninetales
|-damage|p1a: Ninetales|0 fnt
|faint|p1a: Ninetales
|
|-weather|SunnyDay|[upkeep]
|upkeep
|
|t:|1776172059
|switch|p1a: Slither Wing|Slither Wing|4/100
|-activate|p1a: Slither Wing|ability: Protosynthesis
|-start|p1a: Slither Wing|protosynthesisatk
|turn|22
|
|t:|1776172066
|move|p1a: Slither Wing|First Impression|p2a: Raging Bolt
|-damage|p2a: Raging Bolt|0 fnt
|faint|p2a: Raging Bolt
|-end|p2a: Raging Bolt|Protosynthesis|[silent]
|
|-weather|SunnyDay|[upkeep]
|upkeep
|
|t:|1776172069
|switch|p2a: Pelipper|Pelipper, M, shiny|34/100
|-weather|RainDance|[from] ability: Drizzle|[of] p2a: Pelipper
|-end|p1a: Slither Wing|Protosynthesis
|turn|23
|
|t:|1776172079
|move|p1a: Slither Wing|U-turn|p2a: Pelipper
|-resisted|p2a: Pelipper
|-damage|p2a: Pelipper|19/100
|
|t:|1776172083
|-end|p1a: Slither Wing|Protosynthesis|[silent]
|switch|p1a: Zarude|Zarude-Dada|52/100|[from] U-turn
|move|p2a: Pelipper|Hurricane|p1a: Zarude
|-supereffective|p1a: Zarude
|-damage|p1a: Zarude|0 fnt
|faint|p1a: Zarude
|
|-weather|RainDance|[upkeep]
|upkeep
|c|☆pincurchinisgod|i just threw
|
|t:|1776172091
|switch|p1a: Slither Wing|Slither Wing|4/100
|turn|24
|c|☆jtrainer22|holyyy
|c|☆jtrainer22|gg!
|
|t:|1776172107
|move|p1a: Slither Wing|First Impression|p2a: Pelipper
|-resisted|p2a: Pelipper
|-damage|p2a: Pelipper|0 fnt
|faint|p2a: Pelipper
|
|-weather|RainDance|[upkeep]
|upkeep
|
|t:|1776172109
|switch|p2a: Ogerpon|Ogerpon-Wellspring-Tera, F, tera:Water|34/100
|-damage|p2a: Ogerpon|22/100|[from] Spikes
|-ability|p2a: Ogerpon|Embody Aspect (Wellspring)|boost
|-boost|p2a: Ogerpon|spd|1
|turn|25
|c|☆pincurchinisgod|nah
|
|t:|1776172119
|move|p2a: Ogerpon|Ivy Cudgel|p1a: Slither Wing|[anim] Ivy Cudgel Water
|-damage|p1a: Slither Wing|0 fnt
|faint|p1a: Slither Wing
|-end|p1a: Slither Wing|Protosynthesis|[silent]
|
|win|jtrainer22
|raw|pincurchinisgod's rating: 1455 &rarr; <strong>1431</strong><br />(-24 for losing)
|raw|jtrainer22's rating: 1385 &rarr; <strong>1409</strong><br />(+24 for winning)
