|html|<div class="broadcast-blue"><strong>[Gen 9] OU is currently suspecting Tera Blast! For information on how to participate check out the <a href="https://www.smogon.com/tools/suspects/view/200">suspect thread</a>.</strong></div>
|j|☆Chillbra13
|j|☆fishyhorse
|t:|1776096859
|gametype|singles
|player|p1|Chillbra13|170|1151
|player|p2|fishyhorse|dawn|1211
|gen|9
|tier|[Gen 9] OU
|rated|
|rule|HP Percentage Mod: HP is shown in percentages
|rule|Endless Battle Clause: Forcing endless battles is banned
|rule|Species Clause: Limit one of each Pokémon
|rule|OHKO Clause: OHKO moves are banned
|rule|Evasion Items Clause: Evasion items are banned
|rule|Evasion Moves Clause: Evasion moves are banned
|rule|Evasion Abilities Clause: Evasion abilities are banned
|rule|Sleep Moves Clause: Sleep-inducing moves are banned
|clearpoke
|poke|p1|Decidueye-Hisui, M|
|poke|p1|Galvantula, M|
|poke|p1|Skeledirge, M|
|poke|p1|Slowbro, F|
|poke|p1|Grimmsnarl, M|
|poke|p1|Scizor, M|
|poke|p2|Great Tusk|
|poke|p2|Pecharunt|
|poke|p2|Cinderace, F|
|poke|p2|Kingambit, M|
|poke|p2|Glimmora, M|
|poke|p2|Deoxys-Speed|
|teampreview
|
|t:|1776096888
|teamsize|p1|6
|teamsize|p2|6
|start
|switch|p1a: Grimmsnarl|Grimmsnarl, M|100/100
|switch|p2a: Glimmora|Glimmora, M|100/100
|-item|p2a: Glimmora|Air Balloon
|turn|1
|
|t:|1776096899
|move|p1a: Grimmsnarl|Thunder Wave|p2a: Glimmora
|-status|p2a: Glimmora|par
|cant|p2a: Glimmora|par
|
|upkeep
|turn|2
|
|t:|1776096904
|move|p1a: Grimmsnarl|Parting Shot|p2a: Glimmora
|-unboost|p2a: Glimmora|atk|1
|-unboost|p2a: Glimmora|spa|1
|
|t:|1776096908
|switch|p1a: Slowbro|Slowbro, F|100/100|[from] Parting Shot
|cant|p2a: Glimmora|par
|
|upkeep
|turn|3
|
|t:|1776096914
|move|p2a: Glimmora|Toxic|p1a: Slowbro
|-status|p1a: Slowbro|tox
|move|p1a: Slowbro|Calm Mind|p1a: Slowbro
|-boost|p1a: Slowbro|spa|1
|-boost|p1a: Slowbro|spd|1
|
|-damage|p1a: Slowbro|94/100 tox|[from] psn
|upkeep
|turn|4
|inactive|Battle timer is ON: inactive players will automatically lose when time's up. (requested by Chillbra13)
|
|t:|1776096941
|move|p2a: Glimmora|Stealth Rock|p1a: Slowbro
|-sidestart|p1: Chillbra13|move: Stealth Rock
|move|p1a: Slowbro|Future Sight|p2a: Glimmora
|-start|p1a: Slowbro|move: Future Sight
|
|-heal|p1a: Slowbro|100/100 tox|[from] item: Leftovers
|-damage|p1a: Slowbro|88/100 tox|[from] psn
|upkeep
|turn|5
|
|t:|1776096950
|cant|p2a: Glimmora|par
|move|p1a: Slowbro|Scald|p2a: Glimmora
|-supereffective|p2a: Glimmora
|-damage|p2a: Glimmora|0 fnt
|-enditem|p2a: Glimmora|Air Balloon
|faint|p2a: Glimmora
|
|-heal|p1a: Slowbro|94/100 tox|[from] item: Leftovers
|-damage|p1a: Slowbro|76/100 tox|[from] psn
|upkeep
|
|t:|1776096962
|switch|p2a: Kingambit|Kingambit, M|100/100
|-activate|p2a: Kingambit|ability: Supreme Overlord
|-start|p2a: Kingambit|fallen1|[silent]
|turn|6
|l|☆Chillbra13
|inactive|Chillbra13 disconnected and has a minute to reconnect!
|player|p1|
|j|☆Chillbra13
|inactive|Chillbra13 reconnected and has 130 seconds left.
|player|p1|Chillbra13|170|
|inactive|Chillbra13 has 120 seconds left.
|
|t:|1776097003
|move|p2a: Kingambit|Kowtow Cleave|p1a: Slowbro
|-supereffective|p1a: Slowbro
|-damage|p1a: Slowbro|0 fnt
|faint|p1a: Slowbro
|
|-end|p2a: Kingambit|move: Future Sight
|-immune|p2a: Kingambit
|upkeep
|
|t:|1776097007
|switch|p1a: Decidueye|Decidueye-Hisui, M|100/100
|-damage|p1a: Decidueye|95/100|[from] Stealth Rock
|turn|7
|
|t:|1776097015
|-end|p2a: Kingambit|fallen1|[silent]
|switch|p2a: Pecharunt|Pecharunt|100/100
|move|p1a: Decidueye|Nasty Plot|p1a: Decidueye
|-boost|p1a: Decidueye|spa|2
|
|upkeep
|turn|8
|
|t:|1776097021
|-terastallize|p1a: Decidueye|Dark
|move|p1a: Decidueye|Air Slash|p2a: Pecharunt
|-damage|p2a: Pecharunt|44/100
|-damage|p1a: Decidueye|85/100|[from] item: Life Orb
|move|p2a: Pecharunt|Nasty Plot|p2a: Pecharunt
|-boost|p2a: Pecharunt|spa|2
|
|-heal|p2a: Pecharunt|50/100|[from] item: Leftovers
|upkeep
|turn|9
|
|t:|1776097034
|move|p1a: Decidueye|Air Slash|p2a: Pecharunt
|-damage|p2a: Pecharunt|0 fnt
|faint|p2a: Pecharunt
|-damage|p1a: Decidueye|75/100|[from] item: Life Orb
|
|upkeep
|
|t:|1776097039
|switch|p2a: Great Tusk|Great Tusk|100/100
|-enditem|p2a: Great Tusk|Booster Energy
|-activate|p2a: Great Tusk|ability: Protosynthesis|[fromitem]
|-start|p2a: Great Tusk|protosynthesisatk
|turn|10
|
|t:|1776097047
|move|p2a: Great Tusk|Body Press|p1a: Decidueye
|-supereffective|p1a: Decidueye
|-damage|p1a: Decidueye|0 fnt
|faint|p1a: Decidueye
|
|upkeep
|
|t:|1776097055
|switch|p1a: Grimmsnarl|Grimmsnarl, M|100/100
|turn|11
|
|t:|1776097062
|move|p2a: Great Tusk|Headlong Rush|p1a: Grimmsnarl
|-damage|p1a: Grimmsnarl|0 fnt
|-unboost|p2a: Great Tusk|def|1
|-unboost|p2a: Great Tusk|spd|1
|faint|p1a: Grimmsnarl
|
|upkeep
|
|t:|1776097092
|switch|p1a: Scizor|Scizor, M|100/100
|-damage|p1a: Scizor|88/100|[from] Stealth Rock
|turn|12
|-message|Chillbra13 forfeited.
|
|win|fishyhorse
|raw|Chillbra13's rating: 1151 &rarr; <strong>1130</strong><br />(-21 for losing)
|raw|fishyhorse's rating: 1211 &rarr; <strong>1232</strong><br />(+21 for winning)
|l|☆Chillbra13
|player|p1|
|l|☆fishyhorse
|player|p2|
