|html|<div class="broadcast-blue"><strong>[Gen 9] OU is currently suspecting Tera Blast! For information on how to participate check out the <a href="https://www.smogon.com/tools/suspects/view/200">suspect thread</a>.</strong></div>
|j|☆fee3h
|j|☆sumant855
|t:|1776249499
|gametype|singles
|player|p1|fee3h|266|1371
|player|p2|sumant855|bruno|1337
|gen|9
|tier|[Gen 9] OU
|rated|
|rule|HP Percentage Mod: HP is shown in percentages
|rule|Endless Battle Clause: Forcing endless battles is banned
|rule|Species Clause: Limit one of each Pokémon
|rule|OHKO Clause: OHKO moves are banned
|rule|Evasion Items Clause: Evasion items are banned
|rule|Evasion Moves Clause: Evasion moves are banned
|rule|Evasion Abilities Clause: Evasion abilities are banned
|rule|Sleep Moves Clause: Sleep-inducing moves are banned
|clearpoke
|poke|p1|Deoxys-Speed|
|poke|p1|Glimmora, F|
|poke|p1|Dragonite, F|
|poke|p1|Ceruledge, F|
|poke|p1|Zamazenta-*|
|poke|p1|Darkrai|
|poke|p2|Gliscor, F|
|poke|p2|Dragapult, F|
|poke|p2|Kingambit, M|
|poke|p2|Slowking-Galar, M|
|poke|p2|Great Tusk|
|poke|p2|Kleavor, M|
|teampreview
|
|t:|1776249511
|teamsize|p1|6
|teamsize|p2|6
|start
|switch|p1a: Deoxys|Deoxys-Speed|100/100
|switch|p2a: Vampy|Gliscor, F|100/100
|-ability|p1a: Deoxys|Pressure
|turn|1
|
|t:|1776249519
|move|p2a: Vampy|Protect|p2a: Vampy
|-singleturn|p2a: Vampy|Protect
|move|p1a: Deoxys|Reflect|p1a: Deoxys
|-sidestart|p1: fee3h|Reflect
|
|-status|p2a: Vampy|tox|[from] item: Toxic Orb
|upkeep
|turn|2
|
|t:|1776249526
|move|p1a: Deoxys|Taunt|p2a: Vampy
|-start|p2a: Vampy|move: Taunt
|cant|p2a: Vampy|move: Taunt|Toxic
|
|upkeep
|turn|3
|
|t:|1776249532
|switch|p1a: Darkrai|Darkrai|100/100
|switch|p2a: Klythe|Kleavor, M|100/100
|
|upkeep
|turn|4
|
|t:|1776249542
|move|p1a: Darkrai|Will-O-Wisp|p2a: Klythe
|-status|p2a: Klythe|brn
|move|p2a: Klythe|X-Scissor|p1a: Darkrai
|-supereffective|p1a: Darkrai
|-crit|p1a: Darkrai
|-damage|p1a: Darkrai|0 fnt
|faint|p1a: Darkrai
|
|-damage|p2a: Klythe|94/100 brn|[from] brn
|upkeep
|
|t:|1776249549
|switch|p1a: Dragonite|Dragonite, F|100/100
|turn|5
|l|☆sumant855
|player|p2|
|inactive|Battle timer is ON: inactive players will automatically lose when time's up. (requested by fee3h)
|j|☆sumant855
|inactive|sumant855 reconnected and has 150 seconds left.
|player|p2|sumant855|bruno|
|
|t:|1776249585
|move|p2a: Klythe|Stone Axe|p1a: Dragonite
|-supereffective|p1a: Dragonite
|-damage|p1a: Dragonite|87/100
|-enditem|p1a: Dragonite|Weakness Policy
|-boost|p1a: Dragonite|atk|2|[from] item: Weakness Policy
|-boost|p1a: Dragonite|spa|2|[from] item: Weakness Policy
|-sidestart|p1: fee3h|move: Stealth Rock
|move|p1a: Dragonite|Dragon Dance|p1a: Dragonite
|-boost|p1a: Dragonite|atk|1
|-boost|p1a: Dragonite|spe|1
|
|-damage|p2a: Klythe|88/100 brn|[from] brn
|upkeep
|turn|6
|
|t:|1776249605
|move|p1a: Dragonite|Dragon Dance|p1a: Dragonite
|-boost|p1a: Dragonite|atk|1
|-boost|p1a: Dragonite|spe|1
|move|p2a: Klythe|Stone Axe|p1a: Dragonite
|-supereffective|p1a: Dragonite
|-damage|p1a: Dragonite|60/100
|
|-damage|p2a: Klythe|82/100 brn|[from] brn
|upkeep
|turn|7
|
|t:|1776249629
|switch|p2a: Vampy|Gliscor, F|100/100 tox
|-terastallize|p1a: Dragonite|Electric
|move|p1a: Dragonite|Roost|p1a: Dragonite
|-heal|p1a: Dragonite|100/100
|
|upkeep
|turn|8
|
|t:|1776249640
|move|p1a: Dragonite|Ice Spinner|p2a: Vampy
|-supereffective|p2a: Vampy
|-damage|p2a: Vampy|0 fnt
|faint|p2a: Vampy
|
|-sideend|p1: fee3h|Reflect
|upkeep
|
|t:|1776249650
|switch|p2a: Toothless|Dragapult, F|100/100
|turn|9
|
|t:|1776249658
|move|p1a: Dragonite|Ice Spinner|p2a: Toothless
|-supereffective|p2a: Toothless
|-damage|p2a: Toothless|0 fnt
|faint|p2a: Toothless
|
|upkeep
|
|t:|1776249667
|switch|p2a: Donphan dad|Great Tusk|100/100
|-enditem|p2a: Donphan dad|Booster Energy
|-activate|p2a: Donphan dad|ability: Protosynthesis|[fromitem]
|-start|p2a: Donphan dad|protosynthesisdef
|turn|10
|
|t:|1776249672
|move|p1a: Dragonite|Ice Spinner|p2a: Donphan dad
|-supereffective|p2a: Donphan dad
|-damage|p2a: Donphan dad|8/100
|move|p2a: Donphan dad|Headlong Rush|p1a: Dragonite
|-supereffective|p1a: Dragonite
|-damage|p1a: Dragonite|35/100
|-unboost|p2a: Donphan dad|def|1
|-unboost|p2a: Donphan dad|spd|1
|
|upkeep
|turn|11
|
|t:|1776249686
|move|p1a: Dragonite|Ice Spinner|p2a: Donphan dad
|-supereffective|p2a: Donphan dad
|-damage|p2a: Donphan dad|0 fnt
|faint|p2a: Donphan dad
|-end|p2a: Donphan dad|Protosynthesis|[silent]
|
|upkeep
|
|t:|1776249693
|switch|p2a: Klythe|Kleavor, M|82/100 brn
|turn|12
|inactive|fee3h has 120 seconds left.
|l|☆fee3h
|inactive|fee3h disconnected and has a minute to reconnect!
|player|p1|
|-message|sumant855 forfeited.
|
|win|fee3h
|raw|fee3h's rating: 1371 &rarr; <strong>1389</strong><br />(+18 for winning)
|raw|sumant855's rating: 1337 &rarr; <strong>1319</strong><br />(-18 for losing)
|l|☆sumant855
|player|p2|
|j|☆fee3h
|player|p1|fee3h|266|
|l|☆fee3h
|player|p1|
|j|☆fee3h
|player|p1|fee3h|266|
