|html|<div class="broadcast-blue"><strong>[Gen 9] OU is currently suspecting Tera Blast! For information on how to participate check out the <a href="https://www.smogon.com/tools/suspects/view/200">suspect thread</a>.</strong></div>
|j|☆Qbreezy
|j|☆skillauraryt
|t:|1776300462
|gametype|singles
|player|p1|Qbreezy|cilan|1205
|player|p2|skillauraryt|n|1262
|gen|9
|tier|[Gen 9] OU
|rated|
|rule|HP Percentage Mod: HP is shown in percentages
|rule|Endless Battle Clause: Forcing endless battles is banned
|rule|Species Clause: Limit one of each Pokémon
|rule|OHKO Clause: OHKO moves are banned
|rule|Evasion Items Clause: Evasion items are banned
|rule|Evasion Moves Clause: Evasion moves are banned
|rule|Evasion Abilities Clause: Evasion abilities are banned
|rule|Sleep Moves Clause: Sleep-inducing moves are banned
|clearpoke
|poke|p1|Sinistcha|
|poke|p1|Rotom-Wash|
|poke|p1|Kyurem|
|poke|p1|Iron Valiant|
|poke|p1|Arcanine-Hisui, F|
|poke|p1|Mandibuzz, F|
|poke|p2|Tornadus-Therian, M|
|poke|p2|Slowking-Galar, F|
|poke|p2|Alomomola, F|
|poke|p2|Hydrapple, M|
|poke|p2|Kyurem|
|poke|p2|Kingambit, F|
|teampreview
|inactive|Battle timer is ON: inactive players will automatically lose when time's up. (requested by skillauraryt)
|
|t:|1776300485
|teamsize|p1|6
|teamsize|p2|6
|start
|switch|p1a: FAHHHH|Kyurem|100/100
|switch|p2a: Tornadus|Tornadus-Therian, M, shiny|100/100
|-ability|p1a: FAHHHH|Pressure
|turn|1
|
|t:|1776300499
|move|p1a: FAHHHH|Freeze-Dry|p2a: Tornadus
|-supereffective|p2a: Tornadus
|-damage|p2a: Tornadus|47/100
|move|p2a: Tornadus|U-turn|p1a: FAHHHH
|-damage|p1a: FAHHHH|87/100
|
|t:|1776300514
|switch|p2a: Kyurem|Kyurem|100/100|[from] U-turn
|-ability|p2a: Kyurem|Pressure
|
|upkeep
|turn|2
|
|t:|1776300525
|switch|p1a: Spin Cycle|Rotom-Wash|100/100
|move|p2a: Kyurem|Draco Meteor|p1a: Spin Cycle
|-damage|p1a: Spin Cycle|26/100
|-unboost|p2a: Kyurem|spa|2
|
|upkeep
|turn|3
|
|t:|1776300544
|switch|p1a: Arcanine|Arcanine-Hisui, F|100/100
|move|p2a: Kyurem|Draco Meteor|p1a: Arcanine|[miss]
|-miss|p2a: Kyurem|p1a: Arcanine
|
|upkeep
|turn|4
|
|t:|1776300555
|switch|p2a: Alomomola|Alomomola, F|100/100
|switch|p1a: FAHHHH|Kyurem|87/100
|-ability|p1a: FAHHHH|Pressure
|
|upkeep
|turn|5
|
|t:|1776300568
|move|p1a: FAHHHH|Freeze-Dry|p2a: Alomomola
|-supereffective|p2a: Alomomola
|-damage|p2a: Alomomola|16/100
|move|p2a: Alomomola|Mirror Coat|p1a: FAHHHH
|-damage|p1a: FAHHHH|0 fnt
|faint|p1a: FAHHHH
|
|upkeep
|
|t:|1776300576
|switch|p1a: Spin Cycle|Rotom-Wash|26/100
|turn|6
|
|t:|1776300581
|move|p2a: Alomomola|Protect|p2a: Alomomola
|-singleturn|p2a: Alomomola|Protect
|move|p1a: Spin Cycle|Volt Switch|p2a: Alomomola
|-activate|p2a: Alomomola|move: Protect
|
|upkeep
|turn|7
|
|t:|1776300590
|switch|p2a: Hydrapple|Hydrapple, M|100/100
|move|p1a: Spin Cycle|Volt Switch|p2a: Hydrapple
|-resisted|p2a: Hydrapple
|-crit|p2a: Hydrapple
|-damage|p2a: Hydrapple|92/100
|
|t:|1776300599
|switch|p1a: Arcanine|Arcanine-Hisui, F|100/100|[from] Volt Switch
|
|upkeep
|turn|8
|
|t:|1776300610
|move|p1a: Arcanine|Flare Blitz|p2a: Hydrapple
|-damage|p2a: Hydrapple|39/100
|move|p2a: Hydrapple|Earth Power|p1a: Arcanine
|-supereffective|p1a: Arcanine
|-damage|p1a: Arcanine|0 fnt
|faint|p1a: Arcanine
|
|upkeep
|
|t:|1776300619
|switch|p1a: Iron Valiant|Iron Valiant|100/100
|-enditem|p1a: Iron Valiant|Booster Energy
|-activate|p1a: Iron Valiant|ability: Quark Drive|[fromitem]
|-start|p1a: Iron Valiant|quarkdrivespe
|turn|9
|
|t:|1776300625
|switch|p2a: Slowking|Slowking-Galar, F|100/100
|move|p1a: Iron Valiant|Moonblast|p2a: Slowking
|-resisted|p2a: Slowking
|-damage|p2a: Slowking|82/100
|
|upkeep
|turn|10
|
|t:|1776300635
|move|p1a: Iron Valiant|Knock Off|p2a: Slowking
|-supereffective|p2a: Slowking
|-damage|p2a: Slowking|42/100
|-enditem|p2a: Slowking|Heavy-Duty Boots|[from] move: Knock Off|[of] p1a: Iron Valiant
|move|p2a: Slowking|Future Sight|p1a: Iron Valiant
|-start|p2a: Slowking|move: Future Sight
|
|upkeep
|turn|11
|
|t:|1776300645
|move|p1a: Iron Valiant|Knock Off|p2a: Slowking
|-supereffective|p2a: Slowking
|-damage|p2a: Slowking|11/100
|-prepare|p2a: Slowking|Chilly Reception|[premajor]
|move|p2a: Slowking|Chilly Reception|p2a: Slowking
|-weather|Snowscape
|
|t:|1776300670
|switch|p2a: Alomomola|Alomomola, F|50/100|[from] Chilly Reception
|
|-weather|Snowscape|[upkeep]
|upkeep
|turn|12
|
|t:|1776300681
|-end|p1a: Iron Valiant|Quark Drive|[silent]
|switch|p1a: Mandibuzz|Mandibuzz, F|100/100
|switch|p2a: Slowking|Slowking-Galar, F|45/100
|
|-weather|Snowscape|[upkeep]
|-end|p1a: Mandibuzz|move: Future Sight
|-immune|p1a: Mandibuzz
|upkeep
|turn|13
|
|t:|1776300693
|move|p1a: Mandibuzz|Foul Play|p2a: Slowking
|-supereffective|p2a: Slowking
|-damage|p2a: Slowking|15/100
|-prepare|p2a: Slowking|Chilly Reception|[premajor]
|move|p2a: Slowking|Chilly Reception|p2a: Slowking
|
|t:|1776300699
|switch|p2a: Kyurem|Kyurem|100/100|[from] Chilly Reception
|-ability|p2a: Kyurem|Pressure
|
|-weather|Snowscape|[upkeep]
|upkeep
|turn|14
|
|t:|1776300709
|-terastallize|p2a: Kyurem|Ice
|-terastallize|p1a: Mandibuzz|Water
|move|p2a: Kyurem|Blizzard|p1a: Mandibuzz
|-resisted|p1a: Mandibuzz
|-damage|p1a: Mandibuzz|64/100
|move|p1a: Mandibuzz|Toxic|p2a: Kyurem
|-status|p2a: Kyurem|tox
|
|-weather|Snowscape|[upkeep]
|-damage|p2a: Kyurem|94/100 tox|[from] psn
|upkeep
|turn|15
|
|t:|1776300727
|switch|p2a: Slowking|Slowking-Galar, F|48/100
|move|p1a: Mandibuzz|Foul Play|p2a: Slowking
|-supereffective|p2a: Slowking
|-damage|p2a: Slowking|22/100
|
|-weather|none
|upkeep
|turn|16
|inactive|skillauraryt has 120 seconds left.
|
|t:|1776300747
|switch|p2a: Alomomola|Alomomola, F|83/100
|move|p1a: Mandibuzz|Foul Play|p2a: Alomomola
|-damage|p2a: Alomomola|62/100
|
|upkeep
|turn|17
|inactive|Qbreezy has 120 seconds left.
|
|t:|1776300798
|move|p1a: Mandibuzz|Toxic|p2a: Alomomola
|-status|p2a: Alomomola|tox
|move|p2a: Alomomola|Wish|p2a: Alomomola
|
|-damage|p2a: Alomomola|56/100 tox|[from] psn
|upkeep
|turn|18
|
|t:|1776300809
|switch|p1a: Spin Cycle|Rotom-Wash|26/100
|move|p2a: Alomomola|Flip Turn|p1a: Spin Cycle
|-resisted|p1a: Spin Cycle
|-damage|p1a: Spin Cycle|20/100
|-damage|p2a: Alomomola|40/100 tox|[from] item: Rocky Helmet|[of] p1a: Spin Cycle
|inactive|skillauraryt has 120 seconds left.
|
|t:|1776300824
|switch|p2a: Slowking|Slowking-Galar, F|55/100|[from] Flip Turn
|
|-heal|p2a: Slowking|100/100|[from] move: Wish|[wisher] Alomomola
|upkeep
|turn|19
|inactive|skillauraryt has 120 seconds left.
|
|t:|1776300834
|move|p1a: Spin Cycle|Pain Split|p2a: Slowking
|-sethp|p2a: Slowking|58/100|[from] move: Pain Split|[silent]
|-sethp|p1a: Spin Cycle|75/100|[from] move: Pain Split
|-prepare|p2a: Slowking|Chilly Reception|[premajor]
|move|p2a: Slowking|Chilly Reception|p2a: Slowking
|-weather|Snowscape
|inactive|skillauraryt has 120 seconds left.
|
|t:|1776300841
|switch|p2a: Kyurem|Kyurem, tera:Ice|94/100 tox|[from] Chilly Reception
|-ability|p2a: Kyurem|Pressure
|
|-weather|Snowscape|[upkeep]
|-damage|p2a: Kyurem|88/100 tox|[from] psn
|upkeep
|turn|20
|inactive|Qbreezy has 120 seconds left.
|inactive|skillauraryt has 120 seconds left.
|
|t:|1776300853
|move|p2a: Kyurem|Freeze-Dry|p1a: Spin Cycle
|-supereffective|p1a: Spin Cycle
|-damage|p1a: Spin Cycle|0 fnt
|faint|p1a: Spin Cycle
|
|-weather|Snowscape|[upkeep]
|-damage|p2a: Kyurem|76/100 tox|[from] psn
|upkeep
|inactive|Qbreezy has 120 seconds left.
|
|t:|1776300859
|switch|p1a: Iron Valiant|Iron Valiant|100/100
|turn|21
|
|t:|1776300863
|switch|p2a: Slowking|Slowking-Galar, F|91/100
|move|p1a: Iron Valiant|Close Combat|p2a: Slowking
|-resisted|p2a: Slowking
|-damage|p2a: Slowking|81/100
|-unboost|p1a: Iron Valiant|def|1
|-unboost|p1a: Iron Valiant|spd|1
|
|-weather|Snowscape|[upkeep]
|upkeep
|turn|22
|inactive|Qbreezy has 120 seconds left.
|inactive|Qbreezy has 90 seconds left.
|l|☆Qbreezy
|inactive|Qbreezy disconnected and has a minute to reconnect!
|player|p1|
|inactive|Qbreezy has 30 seconds to reconnect!
|inactive|Qbreezy has 20 seconds to reconnect!
|inactive|Qbreezy has 15 seconds to reconnect!
|inactive|Qbreezy has 10 seconds to reconnect!
|inactive|Qbreezy has 5 seconds to reconnect!
|-message|Qbreezy lost due to inactivity.
|
|win|skillauraryt
|raw|Qbreezy's rating: 1205 &rarr; <strong>1184</strong><br />(-21 for losing)
|raw|skillauraryt's rating: 1262 &rarr; <strong>1283</strong><br />(+21 for winning)
