|html|<div class="broadcast-blue"><strong>[Gen 9] OU is currently suspecting Tera Blast! For information on how to participate check out the <a href="https://www.smogon.com/tools/suspects/view/200">suspect thread</a>.</strong></div>
|j|☆12723 Dong
|j|☆rekka auto
|t:|1776104489
|gametype|singles
|player|p1|12723 Dong|170|1565
|player|p2|rekka auto|drayden|1603
|gen|9
|tier|[Gen 9] OU
|rated|
|rule|HP Percentage Mod: HP is shown in percentages
|rule|Endless Battle Clause: Forcing endless battles is banned
|rule|Species Clause: Limit one of each Pokémon
|rule|OHKO Clause: OHKO moves are banned
|rule|Evasion Items Clause: Evasion items are banned
|rule|Evasion Moves Clause: Evasion moves are banned
|rule|Evasion Abilities Clause: Evasion abilities are banned
|rule|Sleep Moves Clause: Sleep-inducing moves are banned
|clearpoke
|poke|p1|Lycanroc-Dusk, F|
|poke|p1|Ninetales-Alola, F|
|poke|p1|Dragonite, F|
|poke|p1|Iron Valiant|
|poke|p1|Ting-Lu|
|poke|p1|Gholdengo|
|poke|p2|Okidogi, M|
|poke|p2|Gholdengo|
|poke|p2|Meowscarada, F|
|poke|p2|Dragonite, M|
|poke|p2|Comfey, F|
|poke|p2|Ting-Lu|
|teampreview
|inactive|Battle timer is ON: inactive players will automatically lose when time's up. (requested by rekka auto)
|
|t:|1776104507
|teamsize|p1|6
|teamsize|p2|6
|start
|switch|p1a: Ting-Lu|Ting-Lu|100/100
|switch|p2a: Meowscarada|Meowscarada, F|100/100
|-ability|p1a: Ting-Lu|Vessel of Ruin
|turn|1
|
|t:|1776104515
|move|p2a: Meowscarada|U-turn|p1a: Ting-Lu
|-start|p2a: Meowscarada|typechange|Bug|[from] ability: Protean
|-supereffective|p1a: Ting-Lu
|-damage|p1a: Ting-Lu|65/100
|-enditem|p1a: Ting-Lu|Red Card|[of] p2a: Meowscarada
|drag|p2a: Comfey|Comfey, F|100/100
|move|p1a: Ting-Lu|Stealth Rock|p2a: Comfey
|-sidestart|p2: rekka auto|move: Stealth Rock
|
|upkeep
|turn|2
|
|t:|1776104529
|move|p2a: Comfey|Calm Mind|p2a: Comfey
|-boost|p2a: Comfey|spa|1
|-boost|p2a: Comfey|spd|1
|move|p1a: Ting-Lu|Whirlwind|p2a: Comfey
|drag|p2a: Meowscarada|Meowscarada, F|100/100
|-damage|p2a: Meowscarada|88/100|[from] Stealth Rock
|
|upkeep
|turn|3
|
|t:|1776104540
|move|p2a: Meowscarada|U-turn|p1a: Ting-Lu
|-start|p2a: Meowscarada|typechange|Bug|[from] ability: Protean
|-supereffective|p1a: Ting-Lu
|-damage|p1a: Ting-Lu|28/100
|
|t:|1776104549
|switch|p2a: Ting-Lu|Ting-Lu|100/100|[from] U-turn
|-damage|p2a: Ting-Lu|94/100|[from] Stealth Rock
|-ability|p2a: Ting-Lu|Vessel of Ruin
|move|p1a: Ting-Lu|Ruination|p2a: Ting-Lu
|-damage|p2a: Ting-Lu|47/100
|
|-heal|p2a: Ting-Lu|54/100|[from] item: Leftovers
|upkeep
|turn|4
|
|t:|1776104563
|switch|p1a: Dragonite|Dragonite, F|100/100
|move|p2a: Ting-Lu|Stealth Rock|p1a: Dragonite
|-sidestart|p1: 12723 Dong|move: Stealth Rock
|
|-heal|p2a: Ting-Lu|60/100|[from] item: Leftovers
|upkeep
|turn|5
|
|t:|1776104570
|move|p1a: Dragonite|Encore|p2a: Ting-Lu
|-start|p2a: Ting-Lu|Encore
|move|p2a: Ting-Lu|Stealth Rock||[still]
|-fail|p2a: Ting-Lu
|
|-heal|p2a: Ting-Lu|66/100|[from] item: Leftovers
|upkeep
|turn|6
|
|t:|1776104577
|switch|p2a: Meowscarada|Meowscarada, F|88/100
|-damage|p2a: Meowscarada|76/100|[from] Stealth Rock
|move|p1a: Dragonite|Dragon Dance|p1a: Dragonite
|-boost|p1a: Dragonite|atk|1
|-boost|p1a: Dragonite|spe|1
|
|upkeep
|turn|7
|
|t:|1776104584
|-terastallize|p1a: Dragonite|Fire
|move|p2a: Meowscarada|Triple Axel|p1a: Dragonite
|-start|p2a: Meowscarada|typechange|Ice|[from] ability: Protean
|-resisted|p1a: Dragonite
|-damage|p1a: Dragonite|98/100
|-resisted|p1a: Dragonite
|-damage|p1a: Dragonite|88/100
|-hitcount|p1a: Dragonite|2
|move|p1a: Dragonite|Fire Punch|p2a: Meowscarada
|-supereffective|p2a: Meowscarada
|-damage|p2a: Meowscarada|0 fnt
|faint|p2a: Meowscarada
|
|upkeep
|
|t:|1776104592
|switch|p2a: Ting-Lu|Ting-Lu|66/100
|-damage|p2a: Ting-Lu|60/100|[from] Stealth Rock
|-ability|p2a: Ting-Lu|Vessel of Ruin
|turn|8
|
|t:|1776104598
|move|p1a: Dragonite|Scale Shot|p2a: Ting-Lu
|-damage|p2a: Ting-Lu|49/100
|-damage|p2a: Ting-Lu|37/100
|-damage|p2a: Ting-Lu|27/100
|-damage|p2a: Ting-Lu|17/100
|-damage|p2a: Ting-Lu|6/100
|-hitcount|p2a: Ting-Lu|5
|-unboost|p1a: Dragonite|def|1
|-boost|p1a: Dragonite|spe|1
|move|p2a: Ting-Lu|Earthquake|p1a: Dragonite
|-supereffective|p1a: Dragonite
|-damage|p1a: Dragonite|0 fnt
|faint|p1a: Dragonite
|
|-heal|p2a: Ting-Lu|12/100|[from] item: Leftovers
|upkeep
|
|t:|1776104602
|switch|p1a: Ninetales|Ninetales-Alola, F|100/100
|-damage|p1a: Ninetales|76/100|[from] Stealth Rock
|-weather|Snowscape|[from] ability: Snow Warning|[of] p1a: Ninetales
|turn|9
|
|t:|1776104607
|move|p1a: Ninetales|Aurora Veil|p1a: Ninetales
|-sidestart|p1: 12723 Dong|move: Aurora Veil
|move|p2a: Ting-Lu|Spikes|p1a: Ninetales
|-sidestart|p1: 12723 Dong|Spikes
|
|-weather|Snowscape|[upkeep]
|-heal|p2a: Ting-Lu|19/100|[from] item: Leftovers
|upkeep
|turn|10
|
|t:|1776104613
|switch|p1a: Gholdengo|Gholdengo|100/100
|-damage|p1a: Gholdengo|94/100|[from] Stealth Rock
|-item|p1a: Gholdengo|Air Balloon
|move|p2a: Ting-Lu|Whirlwind|p1a: Gholdengo
|-immune|p1a: Gholdengo|[from] ability: Good as Gold
|
|-weather|Snowscape|[upkeep]
|-heal|p2a: Ting-Lu|25/100|[from] item: Leftovers
|upkeep
|turn|11
|
|t:|1776104628
|switch|p2a: Okidogi|Okidogi, M|100/100
|-damage|p2a: Okidogi|94/100|[from] Stealth Rock
|move|p1a: Gholdengo|Nasty Plot|p1a: Gholdengo
|-boost|p1a: Gholdengo|spa|2
|
|-weather|Snowscape|[upkeep]
|-heal|p2a: Okidogi|100/100|[from] item: Leftovers
|upkeep
|turn|12
|
|t:|1776104633
|move|p1a: Gholdengo|Shadow Ball|p2a: Okidogi
|-damage|p2a: Okidogi|39/100
|move|p2a: Okidogi|Knock Off|p1a: Gholdengo
|-supereffective|p1a: Gholdengo
|-damage|p1a: Gholdengo|63/100
|-enditem|p1a: Gholdengo|Air Balloon
|
|-weather|Snowscape|[upkeep]
|-heal|p2a: Okidogi|45/100|[from] item: Leftovers
|upkeep
|turn|13
|
|t:|1776104638
|move|p1a: Gholdengo|Shadow Ball|p2a: Okidogi
|-damage|p2a: Okidogi|0 fnt
|faint|p2a: Okidogi
|
|-weather|none
|upkeep
|
|t:|1776104650
|switch|p2a: Dragonite|Dragonite, M|100/100
|-damage|p2a: Dragonite|76/100|[from] Stealth Rock
|turn|14
|
|t:|1776104654
|move|p1a: Gholdengo|Make It Rain|p2a: Dragonite
|-damage|p2a: Dragonite|0 fnt
|-unboost|p1a: Gholdengo|spa|1
|faint|p2a: Dragonite
|
|upkeep
|
|t:|1776104659
|switch|p2a: Ting-Lu|Ting-Lu|25/100
|-damage|p2a: Ting-Lu|19/100|[from] Stealth Rock
|-ability|p2a: Ting-Lu|Vessel of Ruin
|turn|15
|
|t:|1776104666
|move|p1a: Gholdengo|Make It Rain|p2a: Ting-Lu
|-damage|p2a: Ting-Lu|0 fnt
|-unboost|p1a: Gholdengo|spa|1
|faint|p2a: Ting-Lu
|
|upkeep
|
|t:|1776104669
|switch|p2a: Comfey|Comfey, F|100/100
|-damage|p2a: Comfey|88/100|[from] Stealth Rock
|turn|16
|
|t:|1776104671
|-terastallize|p2a: Comfey|Ground
|move|p1a: Gholdengo|Shadow Ball|p2a: Comfey
|-damage|p2a: Comfey|43/100
|move|p2a: Comfey|Calm Mind|p2a: Comfey
|-boost|p2a: Comfey|spa|1
|-boost|p2a: Comfey|spd|1
|
|-sideend|p1: 12723 Dong|move: Aurora Veil
|upkeep
|turn|17
|
|t:|1776104686
|switch|p1a: Ting-Lu|Ting-Lu|28/100
|-damage|p1a: Ting-Lu|22/100|[from] Stealth Rock
|-damage|p1a: Ting-Lu|9/100|[from] Spikes
|-ability|p1a: Ting-Lu|Vessel of Ruin
|move|p2a: Comfey|Synthesis|p2a: Comfey
|-heal|p2a: Comfey|93/100
|
|upkeep
|turn|18
|
|t:|1776104691
|move|p2a: Comfey|Draining Kiss|p1a: Ting-Lu
|-supereffective|p1a: Ting-Lu
|-damage|p1a: Ting-Lu|0 fnt
|-heal|p2a: Comfey|100/100|[from] drain|[of] p1a: Ting-Lu
|faint|p1a: Ting-Lu
|-damage|p2a: Comfey|91/100|[from] item: Life Orb
|
|upkeep
|
|t:|1776104695
|switch|p1a: Ninetales|Ninetales-Alola, F|76/100
|-damage|p1a: Ninetales|51/100|[from] Stealth Rock
|-damage|p1a: Ninetales|38/100|[from] Spikes
|-weather|Snowscape|[from] ability: Snow Warning|[of] p1a: Ninetales
|turn|19
|
|t:|1776104700
|move|p2a: Comfey|Draining Kiss|p1a: Ninetales
|-damage|p1a: Ninetales|1/100
|-heal|p2a: Comfey|100/100|[from] drain|[of] p1a: Ninetales
|-damage|p2a: Comfey|91/100|[from] item: Life Orb
|move|p1a: Ninetales|Aurora Veil|p1a: Ninetales
|-sidestart|p1: 12723 Dong|move: Aurora Veil
|
|-weather|Snowscape|[upkeep]
|upkeep
|turn|20
|
|t:|1776104703
|move|p1a: Ninetales|Encore|p2a: Comfey
|-start|p2a: Comfey|Encore
|move|p2a: Comfey|Draining Kiss|p1a: Ninetales
|-damage|p1a: Ninetales|0 fnt
|-heal|p2a: Comfey|91/100|[from] drain|[of] p1a: Ninetales
|faint|p1a: Ninetales
|-damage|p2a: Comfey|82/100|[from] item: Life Orb
|
|-weather|Snowscape|[upkeep]
|upkeep
|
|t:|1776104718
|switch|p1a: Lycanroc|Lycanroc-Dusk, F|100/100
|-damage|p1a: Lycanroc|88/100|[from] Stealth Rock
|-damage|p1a: Lycanroc|76/100|[from] Spikes
|turn|21
|
|t:|1776104729
|move|p2a: Comfey|Draining Kiss|p1a: Lycanroc
|-damage|p1a: Lycanroc|45/100
|-heal|p2a: Comfey|100/100|[from] drain|[of] p1a: Lycanroc
|-damage|p2a: Comfey|91/100|[from] item: Life Orb
|move|p1a: Lycanroc|Close Combat|p2a: Comfey
|-damage|p2a: Comfey|16/100
|-unboost|p1a: Lycanroc|def|1
|-unboost|p1a: Lycanroc|spd|1
|-damage|p1a: Lycanroc|35/100|[from] item: Life Orb
|
|-weather|Snowscape|[upkeep]
|upkeep
|turn|22
|
|t:|1776104731
|move|p2a: Comfey|Draining Kiss|p1a: Lycanroc
|-damage|p1a: Lycanroc|0 fnt
|-heal|p2a: Comfey|40/100|[from] drain|[of] p1a: Lycanroc
|faint|p1a: Lycanroc
|-damage|p2a: Comfey|31/100|[from] item: Life Orb
|
|-weather|Snowscape|[upkeep]
|-end|p2a: Comfey|Encore
|upkeep
|
|t:|1776104736
|switch|p1a: Gholdengo|Gholdengo|63/100
|-damage|p1a: Gholdengo|57/100|[from] Stealth Rock
|-damage|p1a: Gholdengo|45/100|[from] Spikes
|turn|23
|
|t:|1776104741
|move|p2a: Comfey|Synthesis|p2a: Comfey
|-heal|p2a: Comfey|55/100
|move|p1a: Gholdengo|Make It Rain|p2a: Comfey
|-damage|p2a: Comfey|12/100
|-unboost|p1a: Gholdengo|spa|1
|
|-weather|none
|upkeep
|turn|24
|
|t:|1776104746
|move|p2a: Comfey|Synthesis|p2a: Comfey
|-heal|p2a: Comfey|62/100
|move|p1a: Gholdengo|Nasty Plot|p1a: Gholdengo
|-boost|p1a: Gholdengo|spa|2
|
|upkeep
|turn|25
|
|t:|1776104750
|move|p1a: Gholdengo|Make It Rain|p2a: Comfey
|-damage|p2a: Comfey|0 fnt
|-unboost|p1a: Gholdengo|spa|1
|faint|p2a: Comfey
|
|upkeep
|
|t:|1776104753
|switch|p2a: Gholdengo|Gholdengo|100/100
|-damage|p2a: Gholdengo|94/100|[from] Stealth Rock
|turn|26
|
|t:|1776104756
|move|p1a: Gholdengo|Shadow Ball|p2a: Gholdengo
|-supereffective|p2a: Gholdengo
|-damage|p2a: Gholdengo|10/100
|move|p2a: Gholdengo|Shadow Ball|p1a: Gholdengo
|-supereffective|p1a: Gholdengo
|-damage|p1a: Gholdengo|5/100
|-unboost|p1a: Gholdengo|spd|1
|
|-heal|p2a: Gholdengo|16/100|[from] item: Leftovers
|-sideend|p1: 12723 Dong|move: Aurora Veil
|upkeep
|turn|27
|-message|rekka auto forfeited.
|
|win|12723 Dong
|raw|12723 Dong's rating: 1565 &rarr; <strong>1587</strong><br />(+22 for winning)
|raw|rekka auto's rating: 1603 &rarr; <strong>1581</strong><br />(-22 for losing)
|l|☆rekka auto
|player|p2|
|l|☆12723 Dong
|player|p1|
