|html|<div class="broadcast-blue"><strong>[Gen 9] OU is currently suspecting Volcarona! For information on how to participate check out the <a href="https://www.smogon.com/tools/suspects/view/208">suspect thread</a>.</strong></div>
|j|☆9624q
|j|☆cedyas
|t:|1778507481
|gametype|singles
|player|p1|9624q|clair|1335
|player|p2|cedyas|101|1297
|gen|9
|tier|[Gen 9] OU
|rated|
|rule|HP Percentage Mod: HP is shown in percentages
|rule|Endless Battle Clause: Forcing endless battles is banned
|rule|Species Clause: Limit one of each Pokémon
|rule|OHKO Clause: OHKO moves are banned
|rule|Evasion Items Clause: Evasion items are banned
|rule|Evasion Moves Clause: Evasion moves are banned
|rule|Evasion Abilities Clause: Evasion abilities are banned
|rule|Sleep Moves Clause: Sleep-inducing moves are banned
|clearpoke
|poke|p1|Great Tusk|
|poke|p1|Zamazenta-*|
|poke|p1|Dragapult, F|
|poke|p1|Garchomp, F|
|poke|p1|Zapdos|
|poke|p1|Iron Valiant|
|poke|p2|Volcarona, F|
|poke|p2|Araquanid, M|
|poke|p2|Scizor, F|
|poke|p2|Galvantula, M|
|poke|p2|Kleavor, F|
|poke|p2|Lokix, F|
|teampreview
|inactive|Battle timer is ON: inactive players will automatically lose when time's up. (requested by 9624q)
|
|t:|1778507509
|teamsize|p1|6
|teamsize|p2|6
|start
|switch|p1a: Great Tusk|Great Tusk|100/100
|switch|p2a: Galvantula|Galvantula, M|100/100
|turn|1
|
|t:|1778507517
|move|p1a: Great Tusk|Stone Edge|p2a: Galvantula
|-supereffective|p2a: Galvantula
|-enditem|p2a: Galvantula|Focus Sash
|-damage|p2a: Galvantula|1/100
|move|p2a: Galvantula|Sticky Web|p1a: Great Tusk
|-sidestart|p1: 9624q|move: Sticky Web
|
|upkeep
|turn|2
|
|t:|1778507526
|move|p1a: Great Tusk|Stone Edge|p2a: Galvantula
|-supereffective|p2a: Galvantula
|-damage|p2a: Galvantula|0 fnt
|faint|p2a: Galvantula
|
|upkeep
|
|t:|1778507532
|switch|p2a: Araquanid|Araquanid, M|100/100
|turn|3
|
|t:|1778507542
|-terastallize|p2a: Araquanid|Water
|move|p1a: Great Tusk|Stone Edge|p2a: Araquanid
|-damage|p2a: Araquanid|75/100
|move|p2a: Araquanid|Liquidation|p1a: Great Tusk
|-supereffective|p1a: Great Tusk
|-crit|p1a: Great Tusk
|-damage|p1a: Great Tusk|0 fnt
|faint|p1a: Great Tusk
|-end|p1a: Great Tusk|Protosynthesis|[silent]
|
|-heal|p2a: Araquanid|81/100|[from] item: Leftovers
|upkeep
|
|t:|1778507546
|switch|p1a: Zapdos|Zapdos|100/100
|turn|4
|
|t:|1778507558
|switch|p2a: Kleavor|Kleavor, F|100/100
|move|p1a: Zapdos|Discharge|p2a: Kleavor
|-damage|p2a: Kleavor|23/100
|-enditem|p2a: Kleavor|Salac Berry|[eat]
|-boost|p2a: Kleavor|spe|1|[from] item: Salac Berry
|
|upkeep
|turn|5
|
|t:|1778507567
|move|p2a: Kleavor|Stone Axe|p1a: Zapdos
|-supereffective|p1a: Zapdos
|-damage|p1a: Zapdos|0 fnt
|-status|p2a: Kleavor|par|[from] ability: Static|[of] p1a: Zapdos
|-sidestart|p1: 9624q|move: Stealth Rock
|faint|p1a: Zapdos
|
|upkeep
|
|t:|1778507570
|switch|p1a: Garchomp|Garchomp, F|100/100
|-activate|p1a: Garchomp|move: Sticky Web
|-unboost|p1a: Garchomp|spe|1
|-damage|p1a: Garchomp|94/100|[from] Stealth Rock
|turn|6
|
|t:|1778507581
|move|p1a: Garchomp|Substitute|p1a: Garchomp
|-start|p1a: Garchomp|Substitute
|-damage|p1a: Garchomp|69/100
|move|p2a: Kleavor|Close Combat|p1a: Garchomp
|-end|p1a: Garchomp|Substitute
|-unboost|p2a: Kleavor|def|1
|-unboost|p2a: Kleavor|spd|1
|
|upkeep
|turn|7
|
|t:|1778507587
|move|p1a: Garchomp|Scale Shot|p2a: Kleavor
|-damage|p2a: Kleavor|0 fnt
|faint|p2a: Kleavor
|-hitcount|p2: Kleavor|1
|-unboost|p1a: Garchomp|def|1
|-boost|p1a: Garchomp|spe|1
|
|upkeep
|
|t:|1778507597
|switch|p2a: Lokix|Lokix, F|100/100
|turn|8
|
|t:|1778507602
|move|p2a: Lokix|First Impression|p1a: Garchomp
|-crit|p1a: Garchomp
|-damage|p1a: Garchomp|0 fnt
|-damage|p2a: Lokix|88/100|[from] ability: Rough Skin|[of] p1a: Garchomp
|faint|p1a: Garchomp
|-damage|p2a: Lokix|78/100|[from] item: Life Orb
|
|upkeep
|
|t:|1778507609
|switch|p1a: Zamazenta|Zamazenta|100/100
|-activate|p1a: Zamazenta|move: Sticky Web
|-unboost|p1a: Zamazenta|spe|1
|-damage|p1a: Zamazenta|94/100|[from] Stealth Rock
|-ability|p1a: Zamazenta|Dauntless Shield|boost
|-boost|p1a: Zamazenta|def|1
|turn|9
|
|t:|1778507620
|move|p2a: Lokix|U-turn|p1a: Zamazenta
|-resisted|p1a: Zamazenta
|-damage|p1a: Zamazenta|65/100
|-damage|p2a: Lokix|68/100|[from] item: Life Orb
|
|t:|1778507623
|switch|p2a: Araquanid|Araquanid, M, tera:Water|81/100|[from] U-turn
|move|p1a: Zamazenta|Stone Edge|p2a: Araquanid
|-damage|p2a: Araquanid|42/100
|
|-heal|p2a: Araquanid|48/100|[from] item: Leftovers
|upkeep
|turn|10
|
|t:|1778507629
|switch|p1a: Dragapult|Dragapult, F|100/100
|-activate|p1a: Dragapult|move: Sticky Web
|-unboost|p1a: Dragapult|spe|1
|-damage|p1a: Dragapult|88/100|[from] Stealth Rock
|move|p2a: Araquanid|Reflect|p2a: Araquanid
|-sidestart|p2: cedyas|Reflect
|
|-heal|p2a: Araquanid|54/100|[from] item: Leftovers
|upkeep
|turn|11
|
|t:|1778507635
|move|p1a: Dragapult|Thunderbolt|p2a: Araquanid
|-supereffective|p2a: Araquanid
|-damage|p2a: Araquanid|0 fnt
|faint|p2a: Araquanid
|
|upkeep
|
|t:|1778507639
|switch|p2a: Volcarona|Volcarona, F|100/100
|turn|12
|
|t:|1778507642
|move|p2a: Volcarona|Quiver Dance|p2a: Volcarona
|-boost|p2a: Volcarona|spa|1
|-boost|p2a: Volcarona|spd|1
|-boost|p2a: Volcarona|spe|1
|move|p1a: Dragapult|Thunderbolt|p2a: Volcarona
|-damage|p2a: Volcarona|73/100
|
|upkeep
|turn|13
|
|t:|1778507648
|move|p2a: Volcarona|Quiver Dance|p2a: Volcarona
|-boost|p2a: Volcarona|spa|1
|-boost|p2a: Volcarona|spd|1
|-boost|p2a: Volcarona|spe|1
|move|p1a: Dragapult|Thunderbolt|p2a: Volcarona
|-damage|p2a: Volcarona|50/100
|
|upkeep
|turn|14
|
|t:|1778507654
|move|p2a: Volcarona|Psychic|p1a: Dragapult
|-damage|p1a: Dragapult|0 fnt
|faint|p1a: Dragapult
|
|-sideend|p2: cedyas|Reflect
|upkeep
|
|t:|1778507661
|switch|p1a: Iron Valiant|Iron Valiant, shiny|100/100
|-activate|p1a: Iron Valiant|move: Sticky Web
|-unboost|p1a: Iron Valiant|spe|1
|-damage|p1a: Iron Valiant|95/100|[from] Stealth Rock
|turn|15
|
|t:|1778507669
|move|p2a: Volcarona|Psychic|p1a: Iron Valiant
|-supereffective|p1a: Iron Valiant
|-damage|p1a: Iron Valiant|0 fnt
|faint|p1a: Iron Valiant
|-end|p1a: Iron Valiant|Quark Drive|[silent]
|
|upkeep
|-message|9624q forfeited.
|
|win|cedyas
|raw|9624q's rating: 1335 &rarr; <strong>1313</strong><br />(-22 for losing)
|raw|cedyas's rating: 1297 &rarr; <strong>1325</strong><br />(+28 for winning)
|l|☆9624q
|player|p1|
|l|☆cedyas
|player|p2|
