|html|<div class="broadcast-blue"><strong>[Gen 9] OU is currently suspecting Tera Blast! For information on how to participate check out the <a href="https://www.smogon.com/tools/suspects/view/200">suspect thread</a>.</strong></div>
|j|☆dwiqs
|j|☆Luceo
|t:|1776040778
|gametype|singles
|player|p1|dwiqs|hilda|1324
|player|p2|Luceo|cynthia-masters4|1361
|gen|9
|tier|[Gen 9] OU
|rated|
|rule|HP Percentage Mod: HP is shown in percentages
|rule|Endless Battle Clause: Forcing endless battles is banned
|rule|Species Clause: Limit one of each Pokémon
|rule|OHKO Clause: OHKO moves are banned
|rule|Evasion Items Clause: Evasion items are banned
|rule|Evasion Moves Clause: Evasion moves are banned
|rule|Evasion Abilities Clause: Evasion abilities are banned
|rule|Sleep Moves Clause: Sleep-inducing moves are banned
|clearpoke
|poke|p1|Ninetales-Alola, F|
|poke|p1|Great Tusk|
|poke|p1|Gholdengo|
|poke|p1|Dragonite, F|
|poke|p1|Ogerpon-Wellspring, F|
|poke|p1|Iron Valiant|
|poke|p2|Sandy Shocks|
|poke|p2|Scizor, M|
|poke|p2|Manaphy|
|poke|p2|Latios, M|
|poke|p2|Ogerpon, F|
|poke|p2|Iron Jugulis|
|teampreview
|inactive|Battle timer is ON: inactive players will automatically lose when time's up. (requested by Luceo)
|inactive|dwiqs also wants the timer to be on.
|
|t:|1776040782
|teamsize|p1|6
|teamsize|p2|6
|start
|switch|p1a: Barnes|Great Tusk|100/100
|switch|p2a: Sandy Shocks|Sandy Shocks|100/100
|-enditem|p2a: Sandy Shocks|Booster Energy
|-activate|p2a: Sandy Shocks|ability: Protosynthesis|[fromitem]
|-start|p2a: Sandy Shocks|protosynthesisspe
|turn|1
|
|t:|1776040787
|move|p2a: Sandy Shocks|Stealth Rock|p1a: Barnes
|-sidestart|p1: dwiqs|move: Stealth Rock
|move|p1a: Barnes|Rapid Spin|p2a: Sandy Shocks
|-damage|p2a: Sandy Shocks|82/100
|-boost|p1a: Barnes|spe|1
|-sideend|p1: dwiqs|Stealth Rock|[from] move: Rapid Spin|[of] p1a: Barnes
|
|upkeep
|turn|2
|
|t:|1776040796
|move|p2a: Sandy Shocks|Stealth Rock|p1a: Barnes
|-sidestart|p1: dwiqs|move: Stealth Rock
|move|p1a: Barnes|Headlong Rush|p2a: Sandy Shocks
|-supereffective|p2a: Sandy Shocks
|-damage|p2a: Sandy Shocks|0 fnt
|-unboost|p1a: Barnes|def|1
|-unboost|p1a: Barnes|spd|1
|faint|p2a: Sandy Shocks
|-end|p2a: Sandy Shocks|Protosynthesis|[silent]
|
|upkeep
|
|t:|1776040803
|switch|p2a: Ogerpon|Ogerpon, F|100/100
|turn|3
|
|t:|1776040811
|-end|p1a: Barnes|Protosynthesis|[silent]
|switch|p1a: Castel|Gholdengo|100/100
|-damage|p1a: Castel|94/100|[from] Stealth Rock
|move|p2a: Ogerpon|Swords Dance|p2a: Ogerpon
|-boost|p2a: Ogerpon|atk|2
|
|-heal|p1a: Castel|100/100|[from] item: Leftovers
|upkeep
|turn|4
|
|t:|1776040839
|move|p2a: Ogerpon|Ivy Cudgel|p1a: Castel
|-resisted|p1a: Castel
|-damage|p1a: Castel|57/100
|move|p1a: Castel|Shadow Ball|p2a: Ogerpon
|-damage|p2a: Ogerpon|45/100
|-unboost|p2a: Ogerpon|spd|1
|-ability|p2a: Ogerpon|Defiant|boost
|-boost|p2a: Ogerpon|atk|2
|
|-heal|p1a: Castel|63/100|[from] item: Leftovers
|upkeep
|turn|5
|
|t:|1776040856
|move|p2a: Ogerpon|Ivy Cudgel|p1a: Castel
|-resisted|p1a: Castel
|-damage|p1a: Castel|0 fnt
|faint|p1a: Castel
|
|upkeep
|
|t:|1776040869
|switch|p1a: Ogerpon|Ogerpon-Wellspring, F|100/100
|-damage|p1a: Ogerpon|88/100|[from] Stealth Rock
|turn|6
|
|t:|1776040880
|move|p1a: Ogerpon|Ivy Cudgel|p2a: Ogerpon|[anim] Ivy Cudgel Water
|-resisted|p2a: Ogerpon
|-damage|p2a: Ogerpon|4/100
|move|p2a: Ogerpon|Ivy Cudgel|p1a: Ogerpon
|-damage|p1a: Ogerpon|0 fnt
|faint|p1a: Ogerpon
|
|upkeep
|
|t:|1776040890
|switch|p1a: Wembanyama|Iron Valiant|100/100
|-damage|p1a: Wembanyama|94/100|[from] Stealth Rock
|-enditem|p1a: Wembanyama|Booster Energy
|-activate|p1a: Wembanyama|ability: Quark Drive|[fromitem]
|-start|p1a: Wembanyama|quarkdrivespe
|turn|7
|
|t:|1776040898
|move|p1a: Wembanyama|Vacuum Wave|p2a: Ogerpon
|-damage|p2a: Ogerpon|0 fnt
|faint|p2a: Ogerpon
|
|upkeep
|
|t:|1776040904
|switch|p2a: Scizor|Scizor, M|100/100
|turn|8
|
|t:|1776040911
|-end|p1a: Wembanyama|Quark Drive|[silent]
|switch|p1a: Barnes|Great Tusk|100/100
|move|p2a: Scizor|Swords Dance|p2a: Scizor
|-boost|p2a: Scizor|atk|2
|
|upkeep
|turn|9
|
|t:|1776040920
|switch|p2a: Latios|Latios, M|100/100
|move|p1a: Barnes|Rapid Spin|p2a: Latios
|-damage|p2a: Latios|85/100
|-boost|p1a: Barnes|spe|1
|-sideend|p1: dwiqs|Stealth Rock|[from] move: Rapid Spin|[of] p1a: Barnes
|
|upkeep
|turn|10
|
|t:|1776040935
|-terastallize|p1a: Barnes|Ice
|move|p1a: Barnes|Ice Spinner|p2a: Latios
|-supereffective|p2a: Latios
|-damage|p2a: Latios|6/100
|-enditem|p2a: Latios|Weakness Policy
|-boost|p2a: Latios|atk|2|[from] item: Weakness Policy
|-boost|p2a: Latios|spa|2|[from] item: Weakness Policy
|move|p2a: Latios|Agility|p2a: Latios
|-boost|p2a: Latios|spe|2
|
|upkeep
|turn|11
|
|t:|1776040953
|move|p2a: Latios|Aura Sphere|p1a: Barnes
|-supereffective|p1a: Barnes
|-damage|p1a: Barnes|0 fnt
|faint|p1a: Barnes
|-end|p1a: Barnes|Protosynthesis|[silent]
|
|upkeep
|
|t:|1776040957
|switch|p1a: Vassell|Dragonite, F|100/100
|turn|12
|
|t:|1776040961
|move|p1a: Vassell|Extreme Speed|p2a: Latios
|-damage|p2a: Latios|0 fnt
|faint|p2a: Latios
|
|upkeep
|
|t:|1776040969
|switch|p2a: Manaphy|Manaphy|100/100
|turn|13
|
|t:|1776040986
|switch|p1a: Fox|Ninetales-Alola, F|100/100
|-weather|Snowscape|[from] ability: Snow Warning|[of] p1a: Fox
|move|p2a: Manaphy|Ice Beam|p1a: Fox
|-resisted|p1a: Fox
|-damage|p1a: Fox|88/100
|
|-weather|Snowscape|[upkeep]
|upkeep
|turn|14
|
|t:|1776041002
|switch|p2a: Scizor|Scizor, M|100/100
|move|p1a: Fox|Aurora Veil|p1a: Fox
|-sidestart|p1: dwiqs|move: Aurora Veil
|
|-weather|Snowscape|[upkeep]
|upkeep
|turn|15
|
|t:|1776041006
|move|p1a: Fox|Freeze-Dry|p2a: Scizor
|-resisted|p2a: Scizor
|-damage|p2a: Scizor|87/100
|move|p2a: Scizor|Swords Dance|p2a: Scizor
|-boost|p2a: Scizor|atk|2
|
|-weather|Snowscape|[upkeep]
|upkeep
|turn|16
|
|t:|1776041011
|move|p2a: Scizor|Bullet Punch|p1a: Fox
|-supereffective|p1a: Fox
|-damage|p1a: Fox|0 fnt
|faint|p1a: Fox
|
|-weather|Snowscape|[upkeep]
|upkeep
|
|t:|1776041016
|switch|p1a: Vassell|Dragonite, F|100/100
|turn|17
|
|t:|1776041029
|move|p2a: Scizor|Bullet Punch|p1a: Vassell
|-damage|p1a: Vassell|80/100
|move|p1a: Vassell|Dragon Dance|p1a: Vassell
|-boost|p1a: Vassell|atk|1
|-boost|p1a: Vassell|spe|1
|
|-weather|none
|upkeep
|turn|18
|
|t:|1776041032
|move|p1a: Vassell|Earthquake|p2a: Scizor
|-damage|p2a: Scizor|34/100
|-enditem|p2a: Scizor|Sitrus Berry|[eat]
|-heal|p2a: Scizor|59/100|[from] item: Sitrus Berry
|move|p2a: Scizor|Knock Off|p1a: Vassell
|-damage|p1a: Vassell|39/100
|-enditem|p1a: Vassell|Weakness Policy|[from] move: Knock Off|[of] p2a: Scizor
|
|upkeep
|turn|19
|
|t:|1776041035
|move|p2a: Scizor|Bullet Punch|p1a: Vassell
|-damage|p1a: Vassell|1/100
|move|p1a: Vassell|Earthquake|p2a: Scizor
|-damage|p2a: Scizor|2/100
|
|upkeep
|turn|20
|
|t:|1776041042
|move|p1a: Vassell|Extreme Speed|p2a: Scizor
|-resisted|p2a: Scizor
|-damage|p2a: Scizor|0 fnt
|faint|p2a: Scizor
|
|upkeep
|
|t:|1776041044
|switch|p2a: Iron Jugulis|Iron Jugulis|100/100
|-enditem|p2a: Iron Jugulis|Booster Energy
|-activate|p2a: Iron Jugulis|ability: Quark Drive|[fromitem]
|-start|p2a: Iron Jugulis|quarkdrivespe
|turn|21
|
|t:|1776041048
|move|p1a: Vassell|Extreme Speed|p2a: Iron Jugulis
|-damage|p2a: Iron Jugulis|49/100
|move|p2a: Iron Jugulis|Dark Pulse|p1a: Vassell
|-damage|p1a: Vassell|0 fnt
|faint|p1a: Vassell
|
|-sideend|p1: dwiqs|move: Aurora Veil
|upkeep
|
|t:|1776041054
|switch|p1a: Wembanyama|Iron Valiant|94/100
|turn|22
|inactive|Luceo has 120 seconds left.
|
|t:|1776041085
|move|p1a: Wembanyama|Vacuum Wave|p2a: Iron Jugulis
|-damage|p2a: Iron Jugulis|23/100
|move|p2a: Iron Jugulis|Hurricane|p1a: Wembanyama
|-supereffective|p1a: Wembanyama
|-damage|p1a: Wembanyama|0 fnt
|faint|p1a: Wembanyama
|-end|p1a: Wembanyama|Quark Drive|[silent]
|
|win|Luceo
|raw|dwiqs's rating: 1324 &rarr; <strong>1305</strong><br />(-19 for losing)
|raw|Luceo's rating: 1338 &rarr; <strong>1357</strong><br />(+19 for winning)
|l|☆Luceo
|player|p2|
|l|☆dwiqs
|player|p1|
