|html|<div class="broadcast-blue"><strong>[Gen 9] OU is currently suspecting Tera Blast! For information on how to participate check out the <a href="https://www.smogon.com/tools/suspects/view/200">suspect thread</a>.</strong></div>
|j|☆Kokist
|j|☆MaGiKiZEvErYtHiNg
|t:|1776034460
|gametype|singles
|player|p1|Kokist|dancer|1262
|player|p2|MaGiKiZEvErYtHiNg|1|1268
|gen|9
|tier|[Gen 9] OU
|rated|
|rule|HP Percentage Mod: HP is shown in percentages
|rule|Endless Battle Clause: Forcing endless battles is banned
|rule|Species Clause: Limit one of each Pokémon
|rule|OHKO Clause: OHKO moves are banned
|rule|Evasion Items Clause: Evasion items are banned
|rule|Evasion Moves Clause: Evasion moves are banned
|rule|Evasion Abilities Clause: Evasion abilities are banned
|rule|Sleep Moves Clause: Sleep-inducing moves are banned
|clearpoke
|poke|p1|Landorus-Therian, M|
|poke|p1|Cinderace, M|
|poke|p1|Latios, M|
|poke|p1|Rillaboom, M|
|poke|p1|Jirachi|
|poke|p1|Greninja-*, F|
|poke|p2|Rillaboom, M|
|poke|p2|Empoleon, M|
|poke|p2|Kyurem|
|poke|p2|Pawmot, F|
|poke|p2|Pelipper, F|
|poke|p2|Kingdra, F|
|teampreview
|j| RetiredIron
|
|t:|1776034478
|teamsize|p1|6
|teamsize|p2|6
|start
|switch|p1a: Landorus|Landorus-Therian, M|100/100
|switch|p2a: Curve|Pelipper, F|100/100
|-ability|p1a: Landorus|Intimidate|boost
|-unboost|p2a: Curve|atk|1
|-weather|RainDance|[from] ability: Drizzle|[of] p2a: Curve
|turn|1
|
|t:|1776034488
|move|p1a: Landorus|U-turn|p2a: Curve
|-resisted|p2a: Curve
|-damage|p2a: Curve|92/100
|
|t:|1776034491
|switch|p1a: Latios|Latios, M|100/100|[from] U-turn
|move|p2a: Curve|U-turn|p1a: Latios
|-supereffective|p1a: Latios
|-damage|p1a: Latios|84/100
|
|t:|1776034496
|switch|p2a: Slider|Kingdra, F|100/100|[from] U-turn
|
|-weather|RainDance|[upkeep]
|-heal|p1a: Latios|90/100|[from] item: Leftovers
|upkeep
|turn|2
|n| RetiredIron|retirediron
|
|t:|1776034514
|-terastallize|p1a: Latios|Fairy
|move|p2a: Slider|Draco Meteor|p1a: Latios
|-immune|p1a: Latios
|move|p1a: Latios|Draco Meteor|p2a: Slider
|-supereffective|p2a: Slider
|-damage|p2a: Slider|0 fnt
|-unboost|p1a: Latios|spa|2
|faint|p2a: Slider
|
|-weather|RainDance|[upkeep]
|-heal|p1a: Latios|96/100|[from] item: Leftovers
|upkeep
|c| RetiredIron|the plays
|
|t:|1776034536
|switch|p2a: Fast|Rillaboom, M|100/100
|-fieldstart|move: Grassy Terrain|[from] ability: Grassy Surge|[of] p2a: Fast
|turn|3
|
|t:|1776034550
|switch|p1a: Landorus|Landorus-Therian, M|100/100
|-ability|p1a: Landorus|Intimidate|boost
|-unboost|p2a: Fast|atk|1
|-terastallize|p2a: Fast|Grass
|move|p2a: Fast|Grassy Glide|p1a: Landorus
|-damage|p1a: Landorus|52/100
|-damage|p2a: Fast|84/100|[from] item: Rocky Helmet|[of] p1a: Landorus
|
|-weather|RainDance|[upkeep]
|-heal|p2a: Fast|90/100|[from] Grassy Terrain
|upkeep
|turn|4
|
|t:|1776034571
|move|p2a: Fast|Grassy Glide|p1a: Landorus
|-damage|p1a: Landorus|0 fnt
|-damage|p2a: Fast|74/100|[from] item: Rocky Helmet|[of] p1a: Landorus
|faint|p1a: Landorus
|
|-weather|RainDance|[upkeep]
|-heal|p2a: Fast|80/100|[from] Grassy Terrain
|upkeep
|
|t:|1776034587
|switch|p1a: Cinderace|Cinderace, M|100/100
|turn|5
|
|t:|1776034596
|move|p2a: Fast|Grassy Glide|p1a: Cinderace
|-resisted|p1a: Cinderace
|-damage|p1a: Cinderace|61/100
|move|p1a: Cinderace|U-turn|p2a: Fast
|-start|p1a: Cinderace|typechange|Bug|[from] ability: Libero
|-supereffective|p2a: Fast
|-damage|p2a: Fast|0 fnt
|faint|p2a: Fast
|
|t:|1776034608
|switch|p1a: Latios|Latios, M, tera:Fairy|96/100|[from] U-turn
|
|-weather|RainDance|[upkeep]
|-heal|p1a: Latios|100/100|[from] item: Leftovers
|upkeep
|
|t:|1776034616
|switch|p2a: Empoleon|Empoleon, M, shiny|100/100
|turn|6
|
|t:|1776034621
|move|p1a: Latios|Tailwind|p1a: Latios
|-sidestart|p1: Kokist|move: Tailwind
|move|p2a: Empoleon|Flash Cannon|p1a: Latios
|-supereffective|p1a: Latios
|-damage|p1a: Latios|50/100
|
|-weather|RainDance|[upkeep]
|-heal|p1a: Latios|56/100|[from] item: Leftovers
|upkeep
|turn|7
|
|t:|1776034631
|switch|p1a: Rillaboom|Rillaboom, M|100/100
|move|p2a: Empoleon|Flash Cannon|p1a: Rillaboom
|-damage|p1a: Rillaboom|54/100
|
|-weather|RainDance|[upkeep]
|-heal|p1a: Rillaboom|61/100|[from] Grassy Terrain
|-fieldend|move: Grassy Terrain
|upkeep
|turn|8
|
|t:|1776034654
|move|p1a: Rillaboom|Knock Off|p2a: Empoleon
|-damage|p2a: Empoleon|38/100
|-enditem|p2a: Empoleon|Focus Sash|[from] move: Knock Off|[of] p1a: Rillaboom
|-damage|p1a: Rillaboom|51/100|[from] item: Life Orb
|move|p2a: Empoleon|Flash Cannon|p1a: Rillaboom
|-damage|p1a: Rillaboom|0 fnt
|faint|p1a: Rillaboom
|
|-weather|none
|upkeep
|
|t:|1776034667
|switch|p1a: Cinderace|Cinderace, M|61/100
|turn|9
|
|t:|1776034670
|move|p2a: Empoleon|Aqua Jet|p1a: Cinderace
|-supereffective|p1a: Cinderace
|-damage|p1a: Cinderace|31/100
|move|p1a: Cinderace|Pyro Ball|p2a: Empoleon
|-damage|p2a: Empoleon|0 fnt
|faint|p2a: Empoleon
|
|-sideend|p1: Kokist|move: Tailwind
|upkeep
|
|t:|1776034677
|switch|p2a: Sinker|Pawmot, F|100/100
|turn|10
|
|t:|1776034683
|move|p2a: Sinker|Mach Punch|p1a: Cinderace
|-damage|p1a: Cinderace|3/100
|move|p1a: Cinderace|Pyro Ball|p2a: Sinker
|-damage|p2a: Sinker|9/100
|
|upkeep
|turn|11
|
|t:|1776034691
|switch|p1a: Latios|Latios, M, tera:Fairy|56/100
|move|p2a: Sinker|Mach Punch|p1a: Latios
|-resisted|p1a: Latios
|-damage|p1a: Latios|45/100
|
|-heal|p1a: Latios|50/100|[from] item: Leftovers
|upkeep
|turn|12
|
|t:|1776034703
|move|p2a: Sinker|Revival Blessing|p2a: Sinker
|-enditem|p2a: Sinker|Leppa Berry|[eat]
|-activate|p2a: Sinker|item: Leppa Berry|Revival Blessing|[consumed]
|
|t:|1776034706
|-heal|p2: Slider|50/100|[from] move: Revival Blessing
|move|p1a: Latios|Recover|p1a: Latios
|-heal|p1a: Latios|100/100
|
|upkeep
|turn|13
|
|t:|1776034712
|move|p2a: Sinker|Revival Blessing|p2a: Sinker
|
|t:|1776034718
|-heal|p2: Fast|50/100|[from] move: Revival Blessing
|move|p1a: Latios|Tailwind|p1a: Latios
|-sidestart|p1: Kokist|move: Tailwind
|
|upkeep
|turn|14
|
|t:|1776034726
|move|p1a: Latios|Luster Purge|p2a: Sinker
|-supereffective|p2a: Sinker
|-damage|p2a: Sinker|0 fnt
|faint|p2a: Sinker
|
|upkeep
|
|t:|1776034735
|switch|p2a: Kyurem|Kyurem|100/100
|-ability|p2a: Kyurem|Pressure
|turn|15
|
|t:|1776034741
|move|p2a: Kyurem|Protect|p2a: Kyurem
|-singleturn|p2a: Kyurem|Protect
|move|p1a: Latios|Draco Meteor|p2a: Kyurem
|-activate|p2a: Kyurem|move: Protect
|
|upkeep
|turn|16
|
|t:|1776034747
|move|p1a: Latios|Draco Meteor|p2a: Kyurem
|-supereffective|p2a: Kyurem
|-damage|p2a: Kyurem|0 fnt
|-unboost|p1a: Latios|spa|2
|faint|p2a: Kyurem
|
|-sideend|p1: Kokist|move: Tailwind
|upkeep
|
|t:|1776034756
|switch|p2a: Slider|Kingdra, F|50/100
|turn|17
|
|t:|1776034775
|move|p2a: Slider|Hydro Pump|p1a: Latios|[miss]
|-miss|p2a: Slider|p1a: Latios
|move|p1a: Latios|Tailwind|p1a: Latios
|-sidestart|p1: Kokist|move: Tailwind
|
|upkeep
|turn|18
|
|t:|1776034785
|switch|p2a: Curve|Pelipper, F|92/100
|-weather|RainDance|[from] ability: Drizzle|[of] p2a: Curve
|move|p1a: Latios|Draco Meteor|p2a: Curve
|-damage|p2a: Curve|51/100
|-unboost|p1a: Latios|spa|2
|
|-weather|RainDance|[upkeep]
|upkeep
|turn|19
|
|t:|1776034794
|switch|p1a: Jirachi|Jirachi|100/100
|move|p2a: Curve|Roost|p2a: Curve
|-heal|p2a: Curve|100/100
|-singleturn|p2a: Curve|move: Roost
|
|-weather|RainDance|[upkeep]
|upkeep
|turn|20
|
|t:|1776034810
|move|p1a: Jirachi|Iron Head|p2a: Curve
|-resisted|p2a: Curve
|-damage|p2a: Curve|87/100
|cant|p2a: Curve|flinch
|
|-weather|RainDance|[upkeep]
|-sideend|p1: Kokist|move: Tailwind
|upkeep
|turn|21
|
|t:|1776034818
|move|p1a: Jirachi|Iron Head|p2a: Curve
|-resisted|p2a: Curve
|-damage|p2a: Curve|72/100
|cant|p2a: Curve|flinch
|
|-weather|RainDance|[upkeep]
|upkeep
|turn|22
|
|t:|1776034824
|switch|p2a: Slider|Kingdra, F|50/100
|move|p1a: Jirachi|Iron Head|p2a: Slider
|-resisted|p2a: Slider
|-damage|p2a: Slider|31/100
|
|-weather|RainDance|[upkeep]
|upkeep
|turn|23
|
|t:|1776034842
|move|p2a: Slider|Surf|p1a: Jirachi
|-damage|p1a: Jirachi|6/100
|move|p1a: Jirachi|Iron Head|p2a: Slider
|-resisted|p2a: Slider
|-damage|p2a: Slider|9/100
|
|-weather|RainDance|[upkeep]
|upkeep
|turn|24
|
|t:|1776034848
|switch|p1a: Latios|Latios, M, tera:Fairy|100/100
|move|p2a: Slider|Surf|p1a: Latios
|-damage|p1a: Latios|41/100
|
|-weather|RainDance|[upkeep]
|-heal|p1a: Latios|47/100|[from] item: Leftovers
|upkeep
|turn|25
|
|t:|1776034856
|move|p2a: Slider|Surf|p1a: Latios
|-damage|p1a: Latios|0 fnt
|faint|p1a: Latios
|
|-weather|none
|upkeep
|
|t:|1776034868
|switch|p1a: Jirachi|Jirachi|6/100
|turn|26
|
|t:|1776034872
|switch|p2a: Curve|Pelipper, F|72/100
|-weather|RainDance|[from] ability: Drizzle|[of] p2a: Curve
|move|p1a: Jirachi|Healing Wish|p1a: Jirachi
|faint|p1a: Jirachi
|
|-weather|RainDance|[upkeep]
|upkeep
|
|t:|1776034876
|switch|p1a: Cinderace|Cinderace, M|3/100
|-heal|p1a: Cinderace|100/100|[from] move: Healing Wish
|turn|27
|
|t:|1776034884
|move|p1a: Cinderace|U-turn|p2a: Curve
|-start|p1a: Cinderace|typechange|Bug|[from] ability: Libero
|-resisted|p2a: Curve
|-damage|p2a: Curve|59/100
|
|t:|1776034887
|switch|p1a: Greninja|Greninja, F|100/100|[from] U-turn
|move|p2a: Curve|Roost|p2a: Curve
|-heal|p2a: Curve|100/100
|-singleturn|p2a: Curve|move: Roost
|
|-weather|RainDance|[upkeep]
|upkeep
|turn|28
|
|t:|1776034897
|move|p1a: Greninja|Ice Beam|p2a: Curve
|-start|p1a: Greninja|typechange|Ice|[from] ability: Protean
|-damage|p2a: Curve|21/100
|move|p2a: Curve|U-turn|p1a: Greninja
|-damage|p1a: Greninja|86/100
|
|t:|1776034904
|switch|p2a: Fast|Rillaboom, M|50/100|[from] U-turn
|-fieldstart|move: Grassy Terrain|[from] ability: Grassy Surge|[of] p2a: Fast
|
|-weather|RainDance|[upkeep]
|-heal|p1a: Greninja|92/100|[from] Grassy Terrain
|-heal|p2a: Fast|57/100|[from] Grassy Terrain
|upkeep
|turn|29
|
|t:|1776034914
|move|p2a: Fast|Grassy Glide|p1a: Greninja
|-damage|p1a: Greninja|0 fnt
|faint|p1a: Greninja
|
|-weather|RainDance|[upkeep]
|-heal|p2a: Fast|63/100|[from] Grassy Terrain
|upkeep
|
|t:|1776034917
|switch|p1a: Cinderace|Cinderace, M|100/100
|turn|30
|
|t:|1776034924
|move|p2a: Fast|Grassy Glide|p1a: Cinderace
|-resisted|p1a: Cinderace
|-damage|p1a: Cinderace|58/100
|move|p1a: Cinderace|Pyro Ball|p2a: Fast
|-supereffective|p2a: Fast
|-damage|p2a: Fast|3/100
|
|-weather|RainDance|[upkeep]
|-heal|p1a: Cinderace|64/100|[from] Grassy Terrain
|-heal|p2a: Fast|9/100|[from] Grassy Terrain
|upkeep
|turn|31
|
|t:|1776034933
|move|p1a: Cinderace|Sucker Punch|p2a: Fast
|-start|p1a: Cinderace|typechange|Dark|[from] ability: Libero
|-damage|p2a: Fast|0 fnt
|faint|p2a: Fast
|
|-weather|RainDance|[upkeep]
|-heal|p1a: Cinderace|70/100|[from] Grassy Terrain
|upkeep
|
|t:|1776034944
|switch|p2a: Curve|Pelipper, F|21/100
|turn|32
|
|t:|1776034950
|move|p1a: Cinderace|Pyro Ball|p2a: Curve
|-resisted|p2a: Curve
|-crit|p2a: Curve
|-damage|p2a: Curve|9/100
|move|p2a: Curve|Roost|p2a: Curve
|-heal|p2a: Curve|59/100
|-singleturn|p2a: Curve|move: Roost
|
|-weather|RainDance|[upkeep]
|-heal|p1a: Cinderace|76/100|[from] Grassy Terrain
|-heal|p2a: Curve|65/100|[from] Grassy Terrain
|-fieldend|move: Grassy Terrain
|upkeep
|turn|33
|
|t:|1776034965
|move|p1a: Cinderace|Sucker Punch||[still]
|-fail|p1a: Cinderace
|move|p2a: Curve|Roost|p2a: Curve
|-heal|p2a: Curve|100/100
|-singleturn|p2a: Curve|move: Roost
|
|-weather|none
|upkeep
|turn|34
|
|t:|1776034979
|move|p1a: Cinderace|Sucker Punch|p2a: Curve
|-damage|p2a: Curve|74/100
|move|p2a: Curve|U-turn|p1a: Cinderace
|-supereffective|p1a: Cinderace
|-damage|p1a: Cinderace|50/100
|
|t:|1776034984
|switch|p2a: Slider|Kingdra, F|9/100|[from] U-turn
|
|upkeep
|turn|35
|
|t:|1776034989
|switch|p2a: Curve|Pelipper, F|74/100
|-weather|RainDance|[from] ability: Drizzle|[of] p2a: Curve
|move|p1a: Cinderace|Sucker Punch||[still]
|-fail|p1a: Cinderace
|
|-weather|RainDance|[upkeep]
|upkeep
|turn|36
|
|t:|1776034996
|move|p1a: Cinderace|Pyro Ball|p2a: Curve
|-resisted|p2a: Curve
|-damage|p2a: Curve|67/100
|move|p2a: Curve|Roost|p2a: Curve
|-heal|p2a: Curve|100/100
|-singleturn|p2a: Curve|move: Roost
|
|-weather|RainDance|[upkeep]
|upkeep
|turn|37
|l| RetiredIron
|-message|Kokist forfeited.
|
|win|MaGiKiZEvErYtHiNg
|raw|Kokist's rating: 1262 &rarr; <strong>1237</strong><br />(-25 for losing)
|raw|MaGiKiZEvErYtHiNg's rating: 1268 &rarr; <strong>1293</strong><br />(+25 for winning)
|l|☆Kokist
|player|p1|
|l|☆MaGiKiZEvErYtHiNg
|player|p2|
