|html|<div class="broadcast-blue"><strong>[Gen 9] OU is currently suspecting Tera Blast! For information on how to participate check out the <a href="https://www.smogon.com/tools/suspects/view/200">suspect thread</a>.</strong></div>
|j|‽Jonthan Ringo
|j|☆GreninjaMyFav
|t:|1776101463
|gametype|singles
|player|p1|Jonthan Ringo|lucas|1306
|player|p2|GreninjaMyFav|101|1349
|gen|9
|tier|[Gen 9] OU
|rated|
|rule|HP Percentage Mod: HP is shown in percentages
|rule|Endless Battle Clause: Forcing endless battles is banned
|rule|Species Clause: Limit one of each Pokémon
|rule|OHKO Clause: OHKO moves are banned
|rule|Evasion Items Clause: Evasion items are banned
|rule|Evasion Moves Clause: Evasion moves are banned
|rule|Evasion Abilities Clause: Evasion abilities are banned
|rule|Sleep Moves Clause: Sleep-inducing moves are banned
|clearpoke
|poke|p1|Garchomp, M|
|poke|p1|Gholdengo|
|poke|p1|Greninja-*, M|
|poke|p1|Infernape, M|
|poke|p1|Great Tusk|
|poke|p1|Ambipom, F|
|poke|p2|Greninja-*, M|
|poke|p2|Great Tusk|
|poke|p2|Alomomola, F|
|poke|p2|Dragapult, M|
|poke|p2|Zamazenta-*|
|poke|p2|Zapdos|
|teampreview
|inactive|Battle timer is ON: inactive players will automatically lose when time's up. (requested by Jonthan Ringo)
|j| ohko_smeargle
|
|t:|1776101477
|teamsize|p1|6
|teamsize|p2|6
|start
|switch|p1a: Garchomp|Garchomp, M|100/100
|switch|p2a: Dragapult|Dragapult, M|100/100
|turn|1
|
|t:|1776101484
|move|p2a: Dragapult|Will-O-Wisp|p1a: Garchomp
|-status|p1a: Garchomp|brn
|move|p1a: Garchomp|Stealth Rock|p2a: Dragapult
|-sidestart|p2: GreninjaMyFav|move: Stealth Rock
|
|-damage|p1a: Garchomp|94/100 brn|[from] brn
|upkeep
|turn|2
|
|t:|1776101488
|move|p2a: Dragapult|Hex|p1a: Garchomp
|-damage|p1a: Garchomp|51/100 brn
|move|p1a: Garchomp|Dragon Tail|p2a: Dragapult|[miss]
|-miss|p1a: Garchomp|p2a: Dragapult
|
|-damage|p1a: Garchomp|45/100 brn|[from] brn
|upkeep
|turn|3
|
|t:|1776101492
|move|p2a: Dragapult|Hex|p1a: Garchomp
|-damage|p1a: Garchomp|5/100 brn
|move|p1a: Garchomp|Spikes|p2a: Dragapult
|-sidestart|p2: GreninjaMyFav|Spikes
|
|-damage|p1a: Garchomp|0 fnt|[from] brn
|faint|p1a: Garchomp
|upkeep
|
|t:|1776101501
|switch|p1a: Greninja|Greninja, M|100/100
|turn|4
|
|t:|1776101503
|move|p2a: Dragapult|U-turn|p1a: Greninja
|-supereffective|p1a: Greninja
|-damage|p1a: Greninja|34/100
|
|t:|1776101505
|switch|p2a: Alomomola|Alomomola, F|100/100|[from] U-turn
|-damage|p2a: Alomomola|88/100|[from] Stealth Rock
|-damage|p2a: Alomomola|76/100|[from] Spikes
|move|p1a: Greninja|Dark Pulse|p2a: Alomomola
|-damage|p2a: Alomomola|58/100
|
|upkeep
|turn|5
|
|t:|1776101518
|switch|p1a: Ambipom|Ambipom, F|100/100
|move|p2a: Alomomola|Flip Turn|p1a: Ambipom
|-damage|p1a: Ambipom|73/100
|
|t:|1776101522
|switch|p2a: Dragapult|Dragapult, M|100/100|[from] Flip Turn
|
|upkeep
|turn|6
|
|t:|1776101526
|switch|p1a: Infernape|Infernape, M|100/100
|move|p2a: Dragapult|Will-O-Wisp|p1a: Infernape
|-immune|p1a: Infernape
|
|upkeep
|turn|7
|
|t:|1776101530
|move|p2a: Dragapult|Thunder Wave|p1a: Infernape
|-status|p1a: Infernape|par
|move|p1a: Infernape|U-turn|p2a: Dragapult
|-resisted|p2a: Dragapult
|-damage|p2a: Dragapult|91/100
|
|t:|1776101541
|switch|p1a: Great Tusk|Great Tusk|100/100|[from] U-turn
|-enditem|p1a: Great Tusk|Booster Energy
|-activate|p1a: Great Tusk|ability: Protosynthesis|[fromitem]
|-start|p1a: Great Tusk|protosynthesisspe
|
|upkeep
|turn|8
|
|t:|1776101546
|switch|p2a: Zapdos|Zapdos|100/100
|-terastallize|p1a: Great Tusk|Dark
|move|p1a: Great Tusk|Knock Off|p2a: Zapdos
|-crit|p2a: Zapdos
|-damage|p2a: Zapdos|54/100
|-enditem|p2a: Zapdos|Heavy-Duty Boots|[from] move: Knock Off|[of] p1a: Great Tusk
|
|upkeep
|turn|9
|
|t:|1776101551
|move|p1a: Great Tusk|Bulk Up|p1a: Great Tusk
|-boost|p1a: Great Tusk|atk|1
|-boost|p1a: Great Tusk|def|1
|move|p2a: Zapdos|Thunder Wave|p1a: Great Tusk
|-status|p1a: Great Tusk|par
|
|upkeep
|turn|10
|
|t:|1776101554
|move|p2a: Zapdos|Hurricane|p1a: Great Tusk
|-damage|p1a: Great Tusk|35/100 par
|-start|p1a: Great Tusk|confusion
|-activate|p1a: Great Tusk|confusion
|move|p1a: Great Tusk|Bulk Up|p1a: Great Tusk
|-boost|p1a: Great Tusk|atk|1
|-boost|p1a: Great Tusk|def|1
|
|upkeep
|turn|11
|
|t:|1776101557
|move|p2a: Zapdos|Hurricane|p1a: Great Tusk
|-damage|p1a: Great Tusk|0 fnt
|faint|p1a: Great Tusk
|-end|p1a: Great Tusk|Protosynthesis|[silent]
|
|upkeep
|
|t:|1776101560
|switch|p1a: Greninja|Greninja, M|34/100
|turn|12
|
|t:|1776101563
|switch|p2a: Alomomola|Alomomola, F|91/100
|-damage|p2a: Alomomola|79/100|[from] Stealth Rock
|-damage|p2a: Alomomola|66/100|[from] Spikes
|move|p1a: Greninja|Grass Knot|p2a: Alomomola
|-supereffective|p2a: Alomomola
|-damage|p2a: Alomomola|50/100
|
|upkeep
|turn|13
|
|t:|1776101569
|move|p1a: Greninja|Dark Pulse|p2a: Alomomola
|-damage|p2a: Alomomola|33/100
|move|p2a: Alomomola|Flip Turn|p1a: Greninja
|-resisted|p1a: Greninja
|-damage|p1a: Greninja|21/100
|
|t:|1776101571
|switch|p2a: Great Tusk|Great Tusk|100/100|[from] Flip Turn
|
|upkeep
|turn|14
|
|t:|1776101578
|-terastallize|p2a: Great Tusk|Steel
|move|p1a: Greninja|Water Shuriken|p2a: Great Tusk
|-damage|p2a: Great Tusk|91/100
|-damage|p2a: Great Tusk|79/100
|-damage|p2a: Great Tusk|68/100
|-crit|p2a: Great Tusk
|-damage|p2a: Great Tusk|53/100
|-hitcount|p2a: Great Tusk|4
|move|p2a: Great Tusk|Rapid Spin|p1a: Greninja
|-damage|p1a: Greninja|0 fnt
|-boost|p2a: Great Tusk|spe|1
|-sideend|p2: GreninjaMyFav|Spikes|[from] move: Rapid Spin|[of] p2a: Great Tusk
|-sideend|p2: GreninjaMyFav|Stealth Rock|[from] move: Rapid Spin|[of] p2a: Great Tusk
|faint|p1a: Greninja
|
|upkeep
|
|t:|1776101588
|switch|p1a: Infernape|Infernape, M|100/100 par
|turn|15
|
|t:|1776101589
|move|p2a: Great Tusk|Headlong Rush|p1a: Infernape
|-supereffective|p1a: Infernape
|-enditem|p1a: Infernape|Focus Sash
|-damage|p1a: Infernape|1/100 par
|-unboost|p2a: Great Tusk|def|1
|-unboost|p2a: Great Tusk|spd|1
|move|p1a: Infernape|Fire Blast|p2a: Great Tusk
|-supereffective|p2a: Great Tusk
|-damage|p2a: Great Tusk|0 fnt
|faint|p2a: Great Tusk
|-end|p2a: Great Tusk|Protosynthesis|[silent]
|
|upkeep
|
|t:|1776101592
|switch|p2a: Dragapult|Dragapult, M|91/100
|turn|16
|
|t:|1776101599
|move|p2a: Dragapult|Hex|p1a: Infernape
|-damage|p1a: Infernape|0 fnt
|faint|p1a: Infernape
|
|upkeep
|
|t:|1776101602
|switch|p1a: Gholdengo|Gholdengo|100/100
|-item|p1a: Gholdengo|Air Balloon
|turn|17
|
|t:|1776101609
|move|p2a: Dragapult|Hex|p1a: Gholdengo
|-supereffective|p1a: Gholdengo
|-damage|p1a: Gholdengo|36/100
|-enditem|p1a: Gholdengo|Air Balloon
|move|p1a: Gholdengo|Thunder Wave|p2a: Dragapult
|-status|p2a: Dragapult|par
|
|upkeep
|turn|18
|
|t:|1776101615
|move|p1a: Gholdengo|Shadow Ball|p2a: Dragapult
|-supereffective|p2a: Dragapult
|-crit|p2a: Dragapult
|-damage|p2a: Dragapult|0 fnt
|faint|p2a: Dragapult
|
|upkeep
|
|t:|1776101617
|switch|p2a: Greninja|Greninja, M|100/100
|turn|19
|
|t:|1776101621
|move|p2a: Greninja|Dark Pulse|p1a: Gholdengo
|-start|p2a: Greninja|typechange|Dark|[from] ability: Protean
|-supereffective|p1a: Gholdengo
|-damage|p1a: Gholdengo|0 fnt
|faint|p1a: Gholdengo
|
|upkeep
|
|t:|1776101623
|switch|p1a: Ambipom|Ambipom, F|73/100
|turn|20
|
|t:|1776101625
|move|p1a: Ambipom|Fake Out|p2a: Greninja
|-damage|p2a: Greninja|53/100
|cant|p2a: Greninja|flinch
|
|upkeep
|turn|21
|
|t:|1776101627
|move|p2a: Greninja|Dark Pulse|p1a: Ambipom
|-damage|p1a: Ambipom|0 fnt
|faint|p1a: Ambipom
|
|win|GreninjaMyFav
|raw|Jonthan Ringo's rating: 1306 &rarr; <strong>1288</strong><br />(-18 for losing)
|raw|GreninjaMyFav's rating: 1349 &rarr; <strong>1367</strong><br />(+18 for winning)
|l| ohko_smeargle
|l|‽Jonthan Ringo
|player|p1|
|l|☆GreninjaMyFav
|player|p2|
