|html|<div class="broadcast-blue"><strong>[Gen 9] OU is currently suspecting Tera Blast! For information on how to participate check out the <a href="https://www.smogon.com/tools/suspects/view/200">suspect thread</a>.</strong></div>
|j|☆zhtgjy99
|j|☆Lyrick
|t:|1776062045
|gametype|singles
|player|p1|zhtgjy99|hugh|1155
|player|p2|Lyrick|101|1127
|gen|9
|tier|[Gen 9] OU
|rated|
|rule|HP Percentage Mod: HP is shown in percentages
|rule|Endless Battle Clause: Forcing endless battles is banned
|rule|Species Clause: Limit one of each Pokémon
|rule|OHKO Clause: OHKO moves are banned
|rule|Evasion Items Clause: Evasion items are banned
|rule|Evasion Moves Clause: Evasion moves are banned
|rule|Evasion Abilities Clause: Evasion abilities are banned
|rule|Sleep Moves Clause: Sleep-inducing moves are banned
|clearpoke
|poke|p1|Tyranitar, F|
|poke|p1|Excadrill, M|
|poke|p1|Gliscor, F|
|poke|p1|Sinistcha-Masterpiece|
|poke|p1|Rotom-Wash|
|poke|p1|Scizor, M|
|poke|p2|Misdreavus, M|
|poke|p2|Zoroark-Hisui, F|
|poke|p2|Grimmsnarl, M|
|poke|p2|Ursaring, M|
|poke|p2|Haxorus, M|
|poke|p2|Hydrapple, M|
|teampreview
|inactive|Battle timer is ON: inactive players will automatically lose when time's up. (requested by Lyrick)
|
|t:|1776062059
|teamsize|p1|6
|teamsize|p2|6
|start
|switch|p1a: Sinistcha|Sinistcha-Masterpiece, shiny|100/100
|switch|p2a: Eren|Grimmsnarl, M|100/100
|turn|1
|
|t:|1776062067
|move|p2a: Eren|Reflect|p2a: Eren
|-sidestart|p2: Lyrick|Reflect
|move|p1a: Sinistcha|Calm Mind|p1a: Sinistcha
|-boost|p1a: Sinistcha|spa|1
|-boost|p1a: Sinistcha|spd|1
|
|upkeep
|turn|2
|
|t:|1776062079
|move|p2a: Eren|Light Screen|p2a: Eren
|-sidestart|p2: Lyrick|move: Light Screen
|move|p1a: Sinistcha|Calm Mind|p1a: Sinistcha
|-boost|p1a: Sinistcha|spa|1
|-boost|p1a: Sinistcha|spd|1
|
|upkeep
|turn|3
|
|t:|1776062092
|move|p1a: Sinistcha|Calm Mind|p1a: Sinistcha
|-boost|p1a: Sinistcha|spa|1
|-boost|p1a: Sinistcha|spd|1
|move|p2a: Eren|Spirit Break|p1a: Sinistcha
|-damage|p1a: Sinistcha|81/100
|-unboost|p1a: Sinistcha|spa|1
|
|-heal|p1a: Sinistcha|87/100|[from] item: Leftovers
|upkeep
|turn|4
|
|t:|1776062103
|move|p1a: Sinistcha|Matcha Gotcha|p2a: Eren
|-damage|p2a: Eren|69/100
|-heal|p1a: Sinistcha|100/100|[from] drain|[of] p2a: Eren
|-enditem|p2a: Eren|Eject Button
|
|t:|1776062116
|switch|p2a: Misdreavus|Misdreavus, M|100/100
|
|upkeep
|turn|5
|
|t:|1776062121
|-terastallize|p1a: Sinistcha|Poison
|move|p2a: Misdreavus|Perish Song|p2a: Misdreavus
|-start|p1a: Sinistcha|perish3|[silent]
|-start|p2a: Misdreavus|perish3|[silent]
|-fieldactivate|move: Perish Song
|move|p1a: Sinistcha|Shadow Ball|p2a: Misdreavus
|-supereffective|p2a: Misdreavus
|-damage|p2a: Misdreavus|66/100
|
|-start|p2a: Misdreavus|perish3
|-start|p1a: Sinistcha|perish3
|-sideend|p2: Lyrick|Reflect
|upkeep
|turn|6
|
|t:|1776062133
|move|p2a: Misdreavus|Protect|p2a: Misdreavus
|-singleturn|p2a: Misdreavus|Protect
|move|p1a: Sinistcha|Shadow Ball|p2a: Misdreavus
|-activate|p2a: Misdreavus|move: Protect
|
|-start|p2a: Misdreavus|perish2
|-start|p1a: Sinistcha|perish2
|-sideend|p2: Lyrick|move: Light Screen
|upkeep
|turn|7
|
|t:|1776062143
|move|p2a: Misdreavus|Destiny Bond|p2a: Misdreavus
|-singlemove|p2a: Misdreavus|Destiny Bond
|move|p1a: Sinistcha|Shadow Ball|p2a: Misdreavus
|-supereffective|p2a: Misdreavus
|-damage|p2a: Misdreavus|0 fnt
|faint|p2a: Misdreavus
|-activate|p2a: Misdreavus|move: Destiny Bond
|faint|p1a: Sinistcha
|
|upkeep
|
|t:|1776062159
|switch|p2a: Ajaw|Hydrapple, M|100/100
|switch|p1a: Tyranitar|Tyranitar, F, shiny|100/100
|-weather|Sandstorm|[from] ability: Sand Stream|[of] p1a: Tyranitar
|turn|8
|
|t:|1776062166
|move|p1a: Tyranitar|Ice Punch|p2a: Ajaw
|-supereffective|p2a: Ajaw
|-damage|p2a: Ajaw|13/100
|move|p2a: Ajaw|Hydro Pump|p1a: Tyranitar
|-supereffective|p1a: Tyranitar
|-damage|p1a: Tyranitar|58/100
|
|-weather|Sandstorm|[upkeep]
|-damage|p2a: Ajaw|7/100|[from] Sandstorm
|upkeep
|turn|9
|
|t:|1776062175
|switch|p2a: Eren|Grimmsnarl, M|69/100
|move|p1a: Tyranitar|Ice Punch|p2a: Eren
|-damage|p2a: Eren|44/100
|
|-weather|Sandstorm|[upkeep]
|-damage|p2a: Eren|38/100|[from] Sandstorm
|upkeep
|turn|10
|
|t:|1776062184
|move|p2a: Eren|Reflect|p2a: Eren
|-sidestart|p2: Lyrick|Reflect
|move|p1a: Tyranitar|Stone Edge|p2a: Eren
|-damage|p2a: Eren|9/100
|
|-weather|Sandstorm|[upkeep]
|-damage|p2a: Eren|3/100|[from] Sandstorm
|upkeep
|turn|11
|
|t:|1776062196
|switch|p1a: Excadrill|Excadrill, M, shiny|100/100
|switch|p2a: Ajaw|Hydrapple, M|40/100
|
|-weather|Sandstorm|[upkeep]
|-damage|p2a: Ajaw|34/100|[from] Sandstorm
|upkeep
|turn|12
|
|t:|1776062208
|switch|p2a: Eren|Grimmsnarl, M|3/100
|move|p1a: Excadrill|Swords Dance|p1a: Excadrill
|-boost|p1a: Excadrill|atk|2
|
|-weather|Sandstorm|[upkeep]
|-damage|p2a: Eren|0 fnt|[from] Sandstorm
|faint|p2a: Eren
|upkeep
|
|t:|1776062222
|switch|p2a: Shrek|Ursaring, M, shiny|100/100
|turn|13
|
|t:|1776062229
|move|p1a: Excadrill|Earthquake|p2a: Shrek
|-damage|p2a: Shrek|36/100
|move|p2a: Shrek|Earthquake|p1a: Excadrill
|-supereffective|p1a: Excadrill
|-enditem|p1a: Excadrill|Focus Sash
|-damage|p1a: Excadrill|1/100
|
|-weather|Sandstorm|[upkeep]
|-damage|p2a: Shrek|30/100|[from] Sandstorm
|-status|p2a: Shrek|brn|[from] item: Flame Orb
|upkeep
|turn|14
|-message|Lyrick forfeited.
|
|win|zhtgjy99
|raw|zhtgjy99's rating: 1155 &rarr; <strong>1178</strong><br />(+23 for winning)
|raw|Lyrick's rating: 1127 &rarr; <strong>1104</strong><br />(-23 for losing)
|l|☆Lyrick
|player|p2|
|l|☆zhtgjy99
|player|p1|
