|html|<div class="broadcast-blue"><strong>[Gen 9] OU is currently suspecting Tera Blast! For information on how to participate check out the <a href="https://www.smogon.com/tools/suspects/view/200">suspect thread</a>.</strong></div>
|j|☆DeathMelMetal
|j|☆Meio_pOTATO
|t:|1776045108
|gametype|singles
|player|p1|DeathMelMetal|roxie|1547
|player|p2|Meio_pOTATO|rosa|1508
|gen|9
|tier|[Gen 9] OU
|rated|
|rule|HP Percentage Mod: HP is shown in percentages
|rule|Endless Battle Clause: Forcing endless battles is banned
|rule|Species Clause: Limit one of each Pokémon
|rule|OHKO Clause: OHKO moves are banned
|rule|Evasion Items Clause: Evasion items are banned
|rule|Evasion Moves Clause: Evasion moves are banned
|rule|Evasion Abilities Clause: Evasion abilities are banned
|rule|Sleep Moves Clause: Sleep-inducing moves are banned
|clearpoke
|poke|p1|Mamoswine, F|
|poke|p1|Primarina, M|
|poke|p1|Cinderace, F|
|poke|p1|Empoleon, F|
|poke|p1|Landorus-Therian, M|
|poke|p1|Muk-Alola, F|
|poke|p2|Latias, F|
|poke|p2|Iron Moth|
|poke|p2|Polteageist|
|poke|p2|Ogerpon-Wellspring, F|
|poke|p2|Kingambit, M|
|poke|p2|Zamazenta-*|
|teampreview
|inactive|Battle timer is ON: inactive players will automatically lose when time's up. (requested by Meio_pOTATO)
|inactive|DeathMelMetal has 120 seconds left.
|
|t:|1776045154
|teamsize|p1|6
|teamsize|p2|6
|start
|switch|p1a: Race warrior|Cinderace, F|100/100
|switch|p2a: Clearsight|Latias, F|100/100
|turn|1
|
|t:|1776045157
|move|p1a: Race warrior|U-turn|p2a: Clearsight
|-supereffective|p2a: Clearsight
|-crit|p2a: Clearsight
|-damage|p2a: Clearsight|43/100
|-enditem|p2a: Clearsight|Weakness Policy
|-boost|p2a: Clearsight|atk|2|[from] item: Weakness Policy
|-boost|p2a: Clearsight|spa|2|[from] item: Weakness Policy
|
|t:|1776045163
|switch|p1a: dropthatshit|Muk-Alola, F|100/100|[from] U-turn
|move|p2a: Clearsight|Agility|p2a: Clearsight
|-boost|p2a: Clearsight|spe|2
|
|upkeep
|turn|2
|
|t:|1776045184
|move|p2a: Clearsight|Draining Kiss|p1a: dropthatshit
|-damage|p1a: dropthatshit|90/100
|-heal|p2a: Clearsight|54/100|[from] drain|[of] p1a: dropthatshit
|move|p1a: dropthatshit|Knock Off|p2a: Clearsight
|-supereffective|p2a: Clearsight
|-damage|p2a: Clearsight|16/100
|
|upkeep
|turn|3
|
|t:|1776045189
|move|p2a: Clearsight|Draining Kiss|p1a: dropthatshit
|-damage|p1a: dropthatshit|78/100
|-heal|p2a: Clearsight|28/100|[from] drain|[of] p1a: dropthatshit
|move|p1a: dropthatshit|Poison Fang|p2a: Clearsight
|-damage|p2a: Clearsight|12/100
|-status|p2a: Clearsight|tox
|
|-damage|p2a: Clearsight|6/100 tox|[from] psn
|upkeep
|turn|4
|
|t:|1776045193
|move|p1a: dropthatshit|Shadow Sneak|p2a: Clearsight
|-supereffective|p2a: Clearsight
|-damage|p2a: Clearsight|0 fnt
|faint|p2a: Clearsight
|
|upkeep
|
|t:|1776045199
|switch|p2a: Darkstalker|Kingambit, M|100/100
|turn|5
|
|t:|1776045202
|-terastallize|p2a: Darkstalker|Ghost
|move|p2a: Darkstalker|Swords Dance|p2a: Darkstalker
|-boost|p2a: Darkstalker|atk|2
|move|p1a: dropthatshit|Drain Punch|p2a: Darkstalker
|-immune|p2a: Darkstalker
|
|upkeep
|turn|6
|
|t:|1776045204
|move|p2a: Darkstalker|Iron Head|p1a: dropthatshit
|-damage|p1a: dropthatshit|0 fnt
|faint|p1a: dropthatshit
|
|upkeep
|
|t:|1776045226
|switch|p1a: Actual therian lol|Landorus-Therian, M|100/100
|-ability|p1a: Actual therian lol|Intimidate|boost
|-unboost|p2a: Darkstalker|atk|1
|-ability|p2a: Darkstalker|Defiant|boost
|-boost|p2a: Darkstalker|atk|2
|turn|7
|
|t:|1776045243
|move|p2a: Darkstalker|Sucker Punch||[still]
|-fail|p2a: Darkstalker
|move|p1a: Actual therian lol|Stealth Rock|p2a: Darkstalker
|-sidestart|p2: Meio_pOTATO|move: Stealth Rock
|
|upkeep
|turn|8
|
|t:|1776045249
|move|p2a: Darkstalker|Sucker Punch|p1a: Actual therian lol
|-damage|p1a: Actual therian lol|6/100
|-damage|p2a: Darkstalker|84/100|[from] item: Rocky Helmet|[of] p1a: Actual therian lol
|move|p1a: Actual therian lol|Scorching Sands|p2a: Darkstalker
|-crit|p2a: Darkstalker
|-damage|p2a: Darkstalker|39/100
|-status|p2a: Darkstalker|brn
|
|-heal|p2a: Darkstalker|45/100 brn|[from] item: Leftovers
|-damage|p2a: Darkstalker|39/100 brn|[from] brn
|upkeep
|turn|9
|
|t:|1776045278
|move|p2a: Darkstalker|Sucker Punch||[still]
|-fail|p2a: Darkstalker
|move|p1a: Actual therian lol|Taunt|p2a: Darkstalker
|-start|p2a: Darkstalker|move: Taunt
|
|-heal|p2a: Darkstalker|45/100 brn|[from] item: Leftovers
|-damage|p2a: Darkstalker|39/100 brn|[from] brn
|upkeep
|turn|10
|
|t:|1776045286
|move|p2a: Darkstalker|Sucker Punch|p1a: Actual therian lol
|-damage|p1a: Actual therian lol|0 fnt
|-damage|p2a: Darkstalker|23/100 brn|[from] item: Rocky Helmet|[of] p1a: Actual therian lol
|faint|p1a: Actual therian lol
|
|-heal|p2a: Darkstalker|29/100 brn|[from] item: Leftovers
|-damage|p2a: Darkstalker|23/100 brn|[from] brn
|upkeep
|
|t:|1776045293
|switch|p1a: Mamowebo|Mamoswine, F|100/100
|turn|11
|
|t:|1776045297
|move|p1a: Mamowebo|Ice Shard|p2a: Darkstalker
|-damage|p2a: Darkstalker|0 fnt
|faint|p2a: Darkstalker
|
|upkeep
|
|t:|1776045302
|switch|p2a: Kinkajou|Ogerpon-Wellspring, F|100/100
|-damage|p2a: Kinkajou|88/100|[from] Stealth Rock
|turn|12
|
|t:|1776045324
|-terastallize|p1a: Mamowebo|Ice
|move|p1a: Mamowebo|Ice Shard|p2a: Kinkajou
|-damage|p2a: Kinkajou|26/100
|move|p2a: Kinkajou|Swords Dance|p2a: Kinkajou
|-boost|p2a: Kinkajou|atk|2
|
|upkeep
|turn|13
|
|t:|1776045347
|move|p1a: Mamowebo|Ice Shard|p2a: Kinkajou
|-damage|p2a: Kinkajou|0 fnt
|faint|p2a: Kinkajou
|
|upkeep
|
|t:|1776045350
|switch|p2a: Peril|Zamazenta|100/100
|-damage|p2a: Peril|94/100|[from] Stealth Rock
|-ability|p2a: Peril|Dauntless Shield|boost
|-boost|p2a: Peril|def|1
|turn|14
|
|t:|1776045353
|switch|p1a: alaprimaselearrima|Primarina, M|100/100
|move|p2a: Peril|Iron Defense|p2a: Peril
|-boost|p2a: Peril|def|2
|
|-heal|p2a: Peril|100/100|[from] item: Leftovers
|upkeep
|turn|15
|
|t:|1776045355
|move|p2a: Peril|Body Press|p1a: alaprimaselearrima
|-resisted|p1a: alaprimaselearrima
|-damage|p1a: alaprimaselearrima|47/100
|move|p1a: alaprimaselearrima|Moonblast|p2a: Peril
|-supereffective|p2a: Peril
|-damage|p2a: Peril|0 fnt
|faint|p2a: Peril
|
|upkeep
|
|t:|1776045360
|switch|p2a: Boa|Polteageist|100/100
|-damage|p2a: Boa|88/100|[from] Stealth Rock
|turn|16
|c|☆DeathMelMetal|you are so ba
|c|☆DeathMelMetal|bad
|
|t:|1776045365
|move|p2a: Boa|Giga Drain|p1a: alaprimaselearrima
|-supereffective|p1a: alaprimaselearrima
|-damage|p1a: alaprimaselearrima|0 fnt
|-heal|p2a: Boa|100/100|[from] drain|[of] p1a: alaprimaselearrima
|faint|p1a: alaprimaselearrima
|
|upkeep
|
|t:|1776045372
|switch|p1a: Meteor?|Empoleon, F|100/100
|turn|17
|
|t:|1776045375
|move|p2a: Boa|Shell Smash|p2a: Boa
|-unboost|p2a: Boa|def|1
|-unboost|p2a: Boa|spd|1
|-boost|p2a: Boa|atk|2
|-boost|p2a: Boa|spa|2
|-boost|p2a: Boa|spe|2
|move|p1a: Meteor?|Knock Off|p2a: Boa
|-supereffective|p2a: Boa
|-damage|p2a: Boa|10/100
|-ability|p2a: Boa|Weak Armor|boost
|-unboost|p2a: Boa|def|1
|-boost|p2a: Boa|spe|2
|-enditem|p2a: Boa|Focus Sash|[from] move: Knock Off|[of] p1a: Meteor?
|
|upkeep
|turn|18
|
|t:|1776045378
|move|p2a: Boa|Shadow Ball|p1a: Meteor?
|-damage|p1a: Meteor?|35/100
|move|p1a: Meteor?|Flip Turn|p2a: Boa
|-damage|p2a: Boa|0 fnt
|faint|p2a: Boa
|-message|Meio_pOTATO forfeited.
|
|win|DeathMelMetal
|raw|DeathMelMetal's rating: 1547 &rarr; <strong>1564</strong><br />(+17 for winning)
|raw|Meio_pOTATO's rating: 1491 &rarr; <strong>1474</strong><br />(-17 for losing)
|l|☆Meio_pOTATO
|player|p2|
