|html|<div class="broadcast-blue"><strong>[Gen 9] OU is currently suspecting Tera Blast! For information on how to participate check out the <a href="https://www.smogon.com/tools/suspects/view/200">suspect thread</a>.</strong></div>
|j|‽KAHALL
|j|☆dorjaropashey
|t:|1776084190
|gametype|singles
|player|p1|KAHALL|265|1141
|player|p2|dorjaropashey|bellelba|1147
|gen|9
|tier|[Gen 9] OU
|rated|
|rule|HP Percentage Mod: HP is shown in percentages
|rule|Endless Battle Clause: Forcing endless battles is banned
|rule|Species Clause: Limit one of each Pokémon
|rule|OHKO Clause: OHKO moves are banned
|rule|Evasion Items Clause: Evasion items are banned
|rule|Evasion Moves Clause: Evasion moves are banned
|rule|Evasion Abilities Clause: Evasion abilities are banned
|rule|Sleep Moves Clause: Sleep-inducing moves are banned
|clearpoke
|poke|p1|Bisharp, F|
|poke|p1|Swampert, F|
|poke|p1|Ribombee, M|
|poke|p1|Cryogonal|
|poke|p1|Dachsbun, F|
|poke|p1|Weezing, M|
|poke|p2|Great Tusk|
|poke|p2|Kingambit, M|
|poke|p2|Dragapult, M|
|poke|p2|Iron Valiant|
|poke|p2|Gholdengo|
|poke|p2|Ting-Lu|
|teampreview
|inactive|Battle timer is ON: inactive players will automatically lose when time's up. (requested by dorjaropashey)
|j| ohko_smeargle
|
|t:|1776084195
|teamsize|p1|6
|teamsize|p2|6
|start
|switch|p1a: Swampert|Swampert, F|100/100
|switch|p2a: Ting-Lu|Ting-Lu|100/100
|-ability|p2a: Ting-Lu|Vessel of Ruin
|turn|1
|
|t:|1776084208
|-terastallize|p2a: Ting-Lu|Poison
|move|p1a: Swampert|Knock Off|p2a: Ting-Lu
|-damage|p2a: Ting-Lu|83/100
|-enditem|p2a: Ting-Lu|Leftovers|[from] move: Knock Off|[of] p1a: Swampert
|move|p2a: Ting-Lu|Stealth Rock|p1a: Swampert
|-sidestart|p1: KAHALL|move: Stealth Rock
|
|upkeep
|turn|2
|
|t:|1776084218
|move|p1a: Swampert|Earthquake|p2a: Ting-Lu
|-supereffective|p2a: Ting-Lu
|-damage|p2a: Ting-Lu|26/100
|move|p2a: Ting-Lu|Earthquake|p1a: Swampert
|-damage|p1a: Swampert|69/100
|
|-heal|p1a: Swampert|75/100|[from] item: Leftovers
|upkeep
|turn|3
|
|t:|1776084230
|move|p1a: Swampert|Stealth Rock|p2a: Ting-Lu
|-sidestart|p2: dorjaropashey|move: Stealth Rock
|move|p2a: Ting-Lu|Ruination|p1a: Swampert
|-damage|p1a: Swampert|38/100
|
|-heal|p1a: Swampert|44/100|[from] item: Leftovers
|upkeep
|turn|4
|
|t:|1776084240
|move|p1a: Swampert|Earthquake|p2a: Ting-Lu
|-supereffective|p2a: Ting-Lu
|-crit|p2a: Ting-Lu
|-damage|p2a: Ting-Lu|0 fnt
|faint|p2a: Ting-Lu
|
|-heal|p1a: Swampert|50/100|[from] item: Leftovers
|upkeep
|
|t:|1776084248
|switch|p2a: Great Tusk|Great Tusk|100/100
|-damage|p2a: Great Tusk|98/100|[from] Stealth Rock
|turn|5
|
|t:|1776084257
|move|p2a: Great Tusk|Headlong Rush|p1a: Swampert
|-damage|p1a: Swampert|0 fnt
|-unboost|p2a: Great Tusk|def|1
|-unboost|p2a: Great Tusk|spd|1
|faint|p1a: Swampert
|
|-heal|p2a: Great Tusk|100/100|[from] item: Leftovers
|upkeep
|
|t:|1776084272
|switch|p1a: Cryogonal|Cryogonal|100/100
|-damage|p1a: Cryogonal|76/100|[from] Stealth Rock
|turn|6
|
|t:|1776084280
|move|p1a: Cryogonal|Rapid Spin|p2a: Great Tusk
|-damage|p2a: Great Tusk|95/100
|-boost|p1a: Cryogonal|spe|1
|-sideend|p1: KAHALL|Stealth Rock|[from] move: Rapid Spin|[of] p1a: Cryogonal
|-damage|p1a: Cryogonal|66/100|[from] item: Life Orb
|move|p2a: Great Tusk|Close Combat|p1a: Cryogonal
|-supereffective|p1a: Cryogonal
|-crit|p1a: Cryogonal
|-damage|p1a: Cryogonal|0 fnt
|-unboost|p2a: Great Tusk|def|1
|-unboost|p2a: Great Tusk|spd|1
|faint|p1a: Cryogonal
|
|-heal|p2a: Great Tusk|100/100|[from] item: Leftovers
|upkeep
|
|t:|1776084288
|switch|p1a: Ribombee|Ribombee, M|100/100
|turn|7
|
|t:|1776084300
|move|p1a: Ribombee|Quiver Dance|p1a: Ribombee
|-boost|p1a: Ribombee|spa|1
|-boost|p1a: Ribombee|spd|1
|-boost|p1a: Ribombee|spe|1
|move|p2a: Great Tusk|Rapid Spin|p1a: Ribombee
|-damage|p1a: Ribombee|74/100
|-boost|p2a: Great Tusk|spe|1
|-sideend|p2: dorjaropashey|Stealth Rock|[from] move: Rapid Spin|[of] p2a: Great Tusk
|
|upkeep
|turn|8
|
|t:|1776084316
|-end|p2a: Great Tusk|Protosynthesis|[silent]
|switch|p2a: Gholdengo|Gholdengo|100/100
|move|p1a: Ribombee|Moonblast|p2a: Gholdengo
|-resisted|p2a: Gholdengo
|-damage|p2a: Gholdengo|66/100
|-unboost|p2a: Gholdengo|spa|1
|
|upkeep
|turn|9
|
|t:|1776084329
|-terastallize|p1a: Ribombee|Ground
|move|p1a: Ribombee|Tera Blast|p2a: Gholdengo|[anim] Tera Blast Ground
|-supereffective|p2a: Gholdengo
|-damage|p2a: Gholdengo|0 fnt
|faint|p2a: Gholdengo
|
|upkeep
|
|t:|1776084337
|switch|p2a: Dragapult|Dragapult, M|100/100
|turn|10
|
|t:|1776084344
|move|p1a: Ribombee|Moonblast|p2a: Dragapult
|-supereffective|p2a: Dragapult
|-damage|p2a: Dragapult|0 fnt
|faint|p2a: Dragapult
|
|upkeep
|
|t:|1776084351
|switch|p2a: Iron Valiant|Iron Valiant|100/100
|-enditem|p2a: Iron Valiant|Booster Energy
|-activate|p2a: Iron Valiant|ability: Quark Drive|[fromitem]
|-start|p2a: Iron Valiant|quarkdrivespe
|turn|11
|
|t:|1776084359
|move|p1a: Ribombee|Moonblast|p2a: Iron Valiant
|-supereffective|p2a: Iron Valiant
|-damage|p2a: Iron Valiant|0 fnt
|faint|p2a: Iron Valiant
|-end|p2a: Iron Valiant|Quark Drive|[silent]
|
|upkeep
|
|t:|1776084368
|switch|p2a: Great Tusk|Great Tusk|100/100
|turn|12
|
|t:|1776084373
|move|p1a: Ribombee|Moonblast|p2a: Great Tusk
|-supereffective|p2a: Great Tusk
|-damage|p2a: Great Tusk|0 fnt
|faint|p2a: Great Tusk
|-end|p2a: Great Tusk|Protosynthesis|[silent]
|
|upkeep
|
|t:|1776084378
|switch|p2a: Kingambit|Kingambit, M|100/100
|-activate|p2a: Kingambit|ability: Supreme Overlord
|-start|p2a: Kingambit|fallen5|[silent]
|turn|13
|
|t:|1776084399
|move|p2a: Kingambit|Sucker Punch|p1a: Ribombee
|-damage|p1a: Ribombee|0 fnt
|faint|p1a: Ribombee
|
|upkeep
|
|t:|1776084403
|switch|p1a: Dachsbun|Dachsbun, F|100/100
|turn|14
|
|t:|1776084410
|move|p1a: Dachsbun|Body Press|p2a: Kingambit
|-supereffective|p2a: Kingambit
|-damage|p2a: Kingambit|37/100
|move|p2a: Kingambit|Iron Head|p1a: Dachsbun
|-supereffective|p1a: Dachsbun
|-damage|p1a: Dachsbun|0 fnt
|faint|p1a: Dachsbun
|
|upkeep
|
|t:|1776084415
|switch|p1a: Weezing|Weezing, M, shiny|100/100
|turn|15
|
|t:|1776084423
|move|p2a: Kingambit|Sucker Punch|p1a: Weezing
|-damage|p1a: Weezing|33/100
|move|p1a: Weezing|Fire Blast|p2a: Kingambit
|-supereffective|p2a: Kingambit
|-damage|p2a: Kingambit|0 fnt
|faint|p2a: Kingambit
|-end|p2a: Kingambit|fallen5|[silent]
|
|win|KAHALL
|raw|KAHALL's rating: 1141 &rarr; <strong>1166</strong><br />(+25 for winning)
|raw|dorjaropashey's rating: 1147 &rarr; <strong>1122</strong><br />(-25 for losing)
|l|‽KAHALL
|player|p1|
|l| ohko_smeargle
|l|☆dorjaropashey
|player|p2|
