|html|<div class="broadcast-blue"><strong>[Gen 9] OU is currently suspecting Tera Blast! For information on how to participate check out the <a href="https://www.smogon.com/tools/suspects/view/200">suspect thread</a>.</strong></div>
|j|☆Chris789001
|j|☆Milky Toner
|t:|1776077420
|gametype|singles
|player|p1|Chris789001|266|1225
|player|p2|Milky Toner|beauty-gen4dp|1230
|gen|9
|tier|[Gen 9] OU
|rated|
|rule|HP Percentage Mod: HP is shown in percentages
|rule|Endless Battle Clause: Forcing endless battles is banned
|rule|Species Clause: Limit one of each Pokémon
|rule|OHKO Clause: OHKO moves are banned
|rule|Evasion Items Clause: Evasion items are banned
|rule|Evasion Moves Clause: Evasion moves are banned
|rule|Evasion Abilities Clause: Evasion abilities are banned
|rule|Sleep Moves Clause: Sleep-inducing moves are banned
|clearpoke
|poke|p1|Cloyster, F|
|poke|p1|Hydreigon, F|
|poke|p1|Froslass, F|
|poke|p1|Lurantis, F|
|poke|p1|Manaphy|
|poke|p1|Blaziken, F|
|poke|p2|Thundurus, M|
|poke|p2|Great Tusk|
|poke|p2|Hatterene, F|
|poke|p2|Primarina, F|
|poke|p2|Kingambit, F|
|poke|p2|Slowking-Galar, F|
|teampreview
|inactive|Battle timer is ON: inactive players will automatically lose when time's up. (requested by Milky Toner)
|
|t:|1776077431
|teamsize|p1|6
|teamsize|p2|6
|start
|switch|p1a: Hydreigon|Hydreigon, F|100/100
|switch|p2a: Thundurus|Thundurus, M|100/100
|turn|1
|
|t:|1776077436
|move|p2a: Thundurus|Swagger|p1a: Hydreigon|[miss]
|-miss|p2a: Thundurus|p1a: Hydreigon
|move|p1a: Hydreigon|Dragon Dance|p1a: Hydreigon
|-boost|p1a: Hydreigon|atk|1
|-boost|p1a: Hydreigon|spe|1
|-enditem|p2a: Thundurus|Mirror Herb
|-boost|p2a: Thundurus|atk|1|[from] item: Mirror Herb
|-boost|p2a: Thundurus|spe|1|[from] item: Mirror Herb
|
|upkeep
|turn|2
|
|t:|1776077457
|move|p2a: Thundurus|Acrobatics|p1a: Hydreigon
|-damage|p1a: Hydreigon|17/100
|move|p1a: Hydreigon|Dragon Dance|p1a: Hydreigon
|-boost|p1a: Hydreigon|atk|1
|-boost|p1a: Hydreigon|spe|1
|
|upkeep
|turn|3
|inactive|Milky Toner has 120 seconds left.
|inactive|Milky Toner has 90 seconds left.
|inactive|Milky Toner has 60 seconds left.
|
|t:|1776077571
|move|p1a: Hydreigon|Crunch|p2a: Thundurus
|-damage|p2a: Thundurus|0 fnt
|faint|p2a: Thundurus
|
|upkeep
|
|t:|1776077576
|switch|p2a: Great Tusk|Great Tusk|100/100
|turn|4
|
|t:|1776077583
|move|p1a: Hydreigon|Earthquake|p2a: Great Tusk
|-damage|p2a: Great Tusk|62/100
|move|p2a: Great Tusk|Ice Spinner|p1a: Hydreigon
|-supereffective|p1a: Hydreigon
|-damage|p1a: Hydreigon|0 fnt
|faint|p1a: Hydreigon
|
|upkeep
|
|t:|1776077601
|switch|p1a: Froslass|Froslass, F|100/100
|turn|5
|inactive|Milky Toner has 60 seconds left.
|
|t:|1776077612
|-end|p2a: Great Tusk|Protosynthesis|[silent]
|switch|p2a: Primarina|Primarina, F|100/100
|move|p1a: Froslass|Snowscape|p1a: Froslass
|-weather|Snowscape
|
|-weather|Snowscape|[upkeep]
|upkeep
|turn|6
|inactive|Milky Toner has 60 seconds left.
|
|t:|1776077621
|move|p1a: Froslass|Aurora Veil|p1a: Froslass
|-sidestart|p1: Chris789001|move: Aurora Veil
|move|p2a: Primarina|Surf|p1a: Froslass
|-crit|p1a: Froslass
|-damage|p1a: Froslass|0 fnt
|-start|p2a: Primarina|Disable|Surf|[from] ability: Cursed Body|[of] p1a: Froslass
|faint|p1a: Froslass
|
|-weather|Snowscape|[upkeep]
|upkeep
|
|t:|1776077646
|switch|p1a: Lurantis|Lurantis, F|100/100
|turn|7
|
|t:|1776077656
|switch|p2a: Slowking|Slowking-Galar, F|100/100
|move|p1a: Lurantis|Superpower|p2a: Slowking
|-resisted|p2a: Slowking
|-damage|p2a: Slowking|92/100
|-boost|p1a: Lurantis|atk|1
|-boost|p1a: Lurantis|def|1
|
|-weather|Snowscape|[upkeep]
|upkeep
|turn|8
|
|t:|1776077667
|move|p1a: Lurantis|Knock Off|p2a: Slowking
|-supereffective|p2a: Slowking
|-damage|p2a: Slowking|9/100
|-enditem|p2a: Slowking|Heavy-Duty Boots|[from] move: Knock Off|[of] p1a: Lurantis
|move|p2a: Slowking|Sludge Bomb|p1a: Lurantis
|-supereffective|p1a: Lurantis
|-damage|p1a: Lurantis|77/100
|
|-weather|Snowscape|[upkeep]
|upkeep
|turn|9
|
|t:|1776077675
|move|p1a: Lurantis|Superpower|p2a: Slowking
|-resisted|p2a: Slowking
|-damage|p2a: Slowking|0 fnt
|-boost|p1a: Lurantis|atk|1
|-boost|p1a: Lurantis|def|1
|faint|p2a: Slowking
|
|-weather|none
|upkeep
|
|t:|1776077695
|switch|p2a: Hatterene|Hatterene, F|100/100
|turn|10
|
|t:|1776077706
|move|p1a: Lurantis|Leech Life|p2a: Hatterene
|-damage|p2a: Hatterene|58/100
|-heal|p1a: Lurantis|100/100|[from] drain|[of] p2a: Hatterene
|-damage|p1a: Lurantis|84/100|[from] item: Rocky Helmet|[of] p2a: Hatterene
|move|p2a: Hatterene|Nuzzle|p1a: Lurantis
|-resisted|p1a: Lurantis
|-damage|p1a: Lurantis|83/100
|-status|p1a: Lurantis|par
|
|-sideend|p1: Chris789001|move: Aurora Veil
|upkeep
|turn|11
|
|t:|1776077722
|move|p2a: Hatterene|Draining Kiss|p1a: Lurantis
|-damage|p1a: Lurantis|67/100 par
|-heal|p2a: Hatterene|68/100|[from] drain|[of] p1a: Lurantis
|move|p1a: Lurantis|Knock Off|p2a: Hatterene
|-damage|p2a: Hatterene|23/100
|-damage|p1a: Lurantis|51/100 par|[from] item: Rocky Helmet|[of] p2a: Hatterene
|-enditem|p2a: Hatterene|Rocky Helmet|[from] move: Knock Off|[of] p1a: Lurantis
|
|upkeep
|turn|12
|
|t:|1776077742
|move|p2a: Hatterene|Pain Split|p1a: Lurantis
|-sethp|p1a: Lurantis|38/100 par|[from] move: Pain Split|[silent]
|-sethp|p2a: Hatterene|34/100|[from] move: Pain Split
|move|p1a: Lurantis|Leech Life|p2a: Hatterene
|-crit|p2a: Hatterene
|-damage|p2a: Hatterene|0 fnt
|-heal|p1a: Lurantis|57/100 par|[from] drain|[of] p2a: Hatterene
|faint|p2a: Hatterene
|
|upkeep
|
|t:|1776077749
|switch|p2a: Primarina|Primarina, F|100/100
|turn|13
|
|t:|1776077759
|move|p2a: Primarina|Moonblast|p1a: Lurantis
|-damage|p1a: Lurantis|18/100 par
|-boost|p1a: Lurantis|spa|1
|move|p1a: Lurantis|Leech Life|p2a: Primarina
|-resisted|p2a: Primarina
|-damage|p2a: Primarina|68/100
|-heal|p1a: Lurantis|37/100 par|[from] drain|[of] p2a: Primarina
|
|upkeep
|turn|14
|
|t:|1776077768
|move|p2a: Primarina|Moonblast|p1a: Lurantis
|-damage|p1a: Lurantis|2/100 par
|move|p1a: Lurantis|Leaf Storm|p2a: Primarina
|-supereffective|p2a: Primarina
|-damage|p2a: Primarina|4/100
|-boost|p1a: Lurantis|spa|2
|
|upkeep
|turn|15
|
|t:|1776077775
|move|p2a: Primarina|Moonblast|p1a: Lurantis
|-damage|p1a: Lurantis|0 fnt
|faint|p1a: Lurantis
|
|upkeep
|
|t:|1776077790
|switch|p1a: Manaphy|Manaphy|100/100
|turn|16
|
|t:|1776077800
|move|p1a: Manaphy|Take Heart|p1a: Manaphy
|-boost|p1a: Manaphy|spa|1
|-boost|p1a: Manaphy|spd|1
|move|p2a: Primarina|Moonblast|p1a: Manaphy
|-damage|p1a: Manaphy|75/100
|
|-heal|p1a: Manaphy|81/100|[from] item: Leftovers
|upkeep
|turn|17
|
|t:|1776077811
|move|p1a: Manaphy|Acid Armor|p1a: Manaphy
|-boost|p1a: Manaphy|def|2
|move|p2a: Primarina|Psychic Noise|p1a: Manaphy
|-damage|p1a: Manaphy|67/100
|-start|p1a: Manaphy|move: Heal Block
|
|upkeep
|turn|18
|
|t:|1776077819
|move|p1a: Manaphy|Alluring Voice|p2a: Primarina
|-damage|p2a: Primarina|0 fnt
|faint|p2a: Primarina
|
|-end|p1a: Manaphy|move: Heal Block
|upkeep
|
|t:|1776077826
|switch|p2a: Kingambit|Kingambit, F|100/100
|-activate|p2a: Kingambit|ability: Supreme Overlord
|-start|p2a: Kingambit|fallen4|[silent]
|turn|19
|
|t:|1776077832
|move|p1a: Manaphy|Scald|p2a: Kingambit
|-damage|p2a: Kingambit|53/100
|-status|p2a: Kingambit|brn
|move|p2a: Kingambit|Kowtow Cleave|p1a: Manaphy
|-crit|p1a: Manaphy
|-damage|p1a: Manaphy|25/100
|
|-heal|p1a: Manaphy|31/100|[from] item: Leftovers
|-heal|p2a: Kingambit|59/100 brn|[from] item: Leftovers
|-damage|p2a: Kingambit|53/100 brn|[from] brn
|upkeep
|turn|20
|
|t:|1776077842
|move|p1a: Manaphy|Scald|p2a: Kingambit
|-damage|p2a: Kingambit|9/100 brn
|move|p2a: Kingambit|Kowtow Cleave|p1a: Manaphy
|-damage|p1a: Manaphy|16/100
|
|-heal|p1a: Manaphy|22/100|[from] item: Leftovers
|-heal|p2a: Kingambit|15/100 brn|[from] item: Leftovers
|-damage|p2a: Kingambit|9/100 brn|[from] brn
|upkeep
|turn|21
|
|t:|1776077851
|move|p1a: Manaphy|Scald|p2a: Kingambit
|-damage|p2a: Kingambit|0 fnt
|faint|p2a: Kingambit
|-end|p2a: Kingambit|fallen4|[silent]
|
|-heal|p1a: Manaphy|28/100|[from] item: Leftovers
|upkeep
|-message|Milky Toner forfeited.
|
|win|Chris789001
|raw|Chris789001's rating: 1225 &rarr; <strong>1250</strong><br />(+25 for winning)
|raw|Milky Toner's rating: 1230 &rarr; <strong>1205</strong><br />(-25 for losing)
|l|☆Milky Toner
|player|p2|
|l|☆Chris789001
|player|p1|
