|html|<div class="broadcast-blue"><strong>[Gen 9] OU is currently suspecting Tera Blast! For information on how to participate check out the <a href="https://www.smogon.com/tools/suspects/view/200">suspect thread</a>.</strong></div>
|j|☆Minalan
|j|☆enmin
|t:|1776324104
|gametype|singles
|player|p1|Minalan|hiker-gen4|1421
|player|p2|enmin|red|1387
|gen|9
|tier|[Gen 9] OU
|rated|
|rule|HP Percentage Mod: HP is shown in percentages
|rule|Endless Battle Clause: Forcing endless battles is banned
|rule|Species Clause: Limit one of each Pokémon
|rule|OHKO Clause: OHKO moves are banned
|rule|Evasion Items Clause: Evasion items are banned
|rule|Evasion Moves Clause: Evasion moves are banned
|rule|Evasion Abilities Clause: Evasion abilities are banned
|rule|Sleep Moves Clause: Sleep-inducing moves are banned
|clearpoke
|poke|p1|Raging Bolt|
|poke|p1|Ribombee, F|
|poke|p1|Gholdengo|
|poke|p1|Great Tusk|
|poke|p1|Ogerpon-Cornerstone, F|
|poke|p1|Ceruledge, M|
|poke|p2|Garchomp, F|
|poke|p2|Iron Moth|
|poke|p2|Hoopa-Unbound|
|poke|p2|Rotom-Wash|
|poke|p2|Corviknight, F|
|poke|p2|Clodsire, F|
|teampreview
|inactive|Battle timer is ON: inactive players will automatically lose when time's up. (requested by enmin)
|
|t:|1776324112
|teamsize|p1|6
|teamsize|p2|6
|start
|switch|p1a: Ribombee|Ribombee, F, shiny|100/100
|switch|p2a: Clodsire|Clodsire, F|100/100
|turn|1
|inactive|Minalan has 120 seconds left.
|inactive|Minalan has 90 seconds left.
|inactive|Minalan has 60 seconds left.
|
|t:|1776324214
|move|p1a: Ribombee|Stun Spore|p2a: Clodsire
|-status|p2a: Clodsire|par
|move|p2a: Clodsire|Toxic|p1a: Ribombee
|-status|p1a: Ribombee|tox
|
|-damage|p1a: Ribombee|94/100 tox|[from] psn
|upkeep
|turn|2
|
|t:|1776324226
|move|p1a: Ribombee|Sticky Web|p2a: Clodsire
|-sidestart|p2: enmin|move: Sticky Web
|move|p2a: Clodsire|Stealth Rock|p1a: Ribombee
|-sidestart|p1: Minalan|move: Stealth Rock
|
|-damage|p1a: Ribombee|82/100 tox|[from] psn
|upkeep
|turn|3
|
|t:|1776324231
|move|p1a: Ribombee|Skill Swap|p2a: Clodsire
|-activate|p1a: Ribombee|Skill Swap|Unaware|Shield Dust|[of] p2a: Clodsire
|move|p2a: Clodsire|Toxic|p1a: Ribombee
|-fail|p1a: Ribombee|tox
|
|-damage|p1a: Ribombee|64/100 tox|[from] psn
|upkeep
|turn|4
|
|t:|1776324237
|move|p1a: Ribombee|Moonblast|p2a: Clodsire
|-resisted|p2a: Clodsire
|-damage|p2a: Clodsire|89/100 par
|move|p2a: Clodsire|Toxic|p1a: Ribombee
|-fail|p1a: Ribombee|tox
|
|-heal|p2a: Clodsire|95/100 par|[from] item: Leftovers
|-damage|p1a: Ribombee|39/100 tox|[from] psn
|upkeep
|turn|5
|
|t:|1776324244
|move|p1a: Ribombee|Moonblast|p2a: Clodsire
|-resisted|p2a: Clodsire
|-damage|p2a: Clodsire|85/100 par
|move|p2a: Clodsire|Toxic|p1a: Ribombee
|-fail|p1a: Ribombee|tox
|
|-heal|p2a: Clodsire|91/100 par|[from] item: Leftovers
|-damage|p1a: Ribombee|9/100 tox|[from] psn
|upkeep
|turn|6
|
|t:|1776324247
|move|p1a: Ribombee|Moonblast|p2a: Clodsire
|-resisted|p2a: Clodsire
|-damage|p2a: Clodsire|81/100 par
|move|p2a: Clodsire|Recover|p2a: Clodsire
|-heal|p2a: Clodsire|100/100 par
|
|-damage|p1a: Ribombee|0 fnt|[from] psn
|faint|p1a: Ribombee
|upkeep
|
|t:|1776324249
|switch|p1a: Great Tusk|Great Tusk, shiny|100/100
|-damage|p1a: Great Tusk|98/100|[from] Stealth Rock
|-enditem|p1a: Great Tusk|Booster Energy
|-activate|p1a: Great Tusk|ability: Protosynthesis|[fromitem]
|-start|p1a: Great Tusk|protosynthesisatk
|turn|7
|
|t:|1776324252
|move|p1a: Great Tusk|Rapid Spin|p2a: Clodsire
|-damage|p2a: Clodsire|75/100 par
|-boost|p1a: Great Tusk|spe|1
|-sideend|p1: Minalan|Stealth Rock|[from] move: Rapid Spin|[of] p1a: Great Tusk
|move|p2a: Clodsire|Toxic|p1a: Great Tusk
|-status|p1a: Great Tusk|tox
|
|-heal|p2a: Clodsire|82/100 par|[from] item: Leftovers
|-damage|p1a: Great Tusk|91/100 tox|[from] psn
|upkeep
|turn|8
|
|t:|1776324256
|switch|p2a: Corviknight|Corviknight, F|100/100
|-ability|p2a: Corviknight|Pressure
|move|p1a: Great Tusk|Headlong Rush|p2a: Corviknight
|-immune|p2a: Corviknight
|
|-damage|p1a: Great Tusk|79/100 tox|[from] psn
|upkeep
|turn|9
|
|t:|1776324268
|switch|p2a: Hoopa|Hoopa-Unbound|100/100
|-activate|p2a: Hoopa|move: Sticky Web
|-unboost|p2a: Hoopa|spe|1
|move|p1a: Great Tusk|Close Combat|p2a: Hoopa
|-damage|p2a: Hoopa|0 fnt
|-unboost|p1a: Great Tusk|def|1
|-unboost|p1a: Great Tusk|spd|1
|faint|p2a: Hoopa
|
|-damage|p1a: Great Tusk|60/100 tox|[from] psn
|upkeep
|
|t:|1776324276
|switch|p2a: Corviknight|Corviknight, F|100/100
|-ability|p2a: Corviknight|Pressure
|turn|10
|
|t:|1776324279
|move|p1a: Great Tusk|Close Combat|p2a: Corviknight
|-crit|p2a: Corviknight
|-damage|p2a: Corviknight|32/100
|-unboost|p1a: Great Tusk|def|1
|-unboost|p1a: Great Tusk|spd|1
|move|p2a: Corviknight|Defog|p1a: Great Tusk
|-unboost|p1a: Great Tusk|evasion|1
|-sideend|p2: enmin|Sticky Web|[from] move: Defog|[of] p2a: Corviknight
|
|-heal|p2a: Corviknight|38/100|[from] item: Leftovers
|-damage|p1a: Great Tusk|36/100 tox|[from] psn
|upkeep
|turn|11
|
|t:|1776324289
|switch|p2a: Clodsire|Clodsire, F|82/100 par
|move|p1a: Great Tusk|Close Combat|p2a: Clodsire
|-resisted|p2a: Clodsire
|-damage|p2a: Clodsire|35/100 par
|-unboost|p1a: Great Tusk|def|1
|-unboost|p1a: Great Tusk|spd|1
|
|-heal|p2a: Clodsire|42/100 par|[from] item: Leftovers
|-damage|p1a: Great Tusk|5/100 tox|[from] psn
|upkeep
|turn|12
|
|t:|1776324295
|switch|p2a: Corviknight|Corviknight, F|38/100
|-ability|p2a: Corviknight|Pressure
|move|p1a: Great Tusk|Headlong Rush|p2a: Corviknight
|-immune|p2a: Corviknight
|
|-heal|p2a: Corviknight|44/100|[from] item: Leftovers
|-damage|p1a: Great Tusk|0 fnt|[from] psn
|faint|p1a: Great Tusk
|-end|p1a: Great Tusk|Protosynthesis|[silent]
|upkeep
|
|t:|1776324307
|switch|p1a: Raging Bolt|Raging Bolt|100/100
|-enditem|p1a: Raging Bolt|Booster Energy
|-activate|p1a: Raging Bolt|ability: Protosynthesis|[fromitem]
|-start|p1a: Raging Bolt|protosynthesisspa
|turn|13
|
|t:|1776324314
|switch|p2a: Clodsire|Clodsire, F|42/100 par
|move|p1a: Raging Bolt|Calm Mind|p1a: Raging Bolt
|-boost|p1a: Raging Bolt|spa|1
|-boost|p1a: Raging Bolt|spd|1
|
|-heal|p2a: Clodsire|48/100 par|[from] item: Leftovers
|upkeep
|turn|14
|
|t:|1776324317
|move|p1a: Raging Bolt|Dragon Pulse|p2a: Clodsire
|-damage|p2a: Clodsire|13/100 par
|move|p2a: Clodsire|Recover|p2a: Clodsire
|-heal|p2a: Clodsire|63/100 par
|
|-heal|p2a: Clodsire|70/100 par|[from] item: Leftovers
|upkeep
|turn|15
|
|t:|1776324323
|-terastallize|p1a: Raging Bolt|Ghost
|move|p1a: Raging Bolt|Dragon Pulse|p2a: Clodsire
|-damage|p2a: Clodsire|35/100 par
|move|p2a: Clodsire|Recover|p2a: Clodsire
|-heal|p2a: Clodsire|85/100 par
|
|-heal|p2a: Clodsire|91/100 par|[from] item: Leftovers
|upkeep
|turn|16
|
|t:|1776324327
|move|p1a: Raging Bolt|Dragon Pulse|p2a: Clodsire
|-damage|p2a: Clodsire|53/100 par
|move|p2a: Clodsire|Toxic|p1a: Raging Bolt
|-status|p1a: Raging Bolt|tox
|
|-heal|p2a: Clodsire|59/100 par|[from] item: Leftovers
|-damage|p1a: Raging Bolt|94/100 tox|[from] psn
|upkeep
|turn|17
|
|t:|1776324329
|move|p1a: Raging Bolt|Dragon Pulse|p2a: Clodsire
|-damage|p2a: Clodsire|25/100 par
|cant|p2a: Clodsire|par
|
|-heal|p2a: Clodsire|31/100 par|[from] item: Leftovers
|-damage|p1a: Raging Bolt|82/100 tox|[from] psn
|upkeep
|turn|18
|
|t:|1776324343
|switch|p2a: Corviknight|Corviknight, F|44/100
|-ability|p2a: Corviknight|Pressure
|move|p1a: Raging Bolt|Dragon Pulse|p2a: Corviknight
|-resisted|p2a: Corviknight
|-damage|p2a: Corviknight|0 fnt
|faint|p2a: Corviknight
|
|-damage|p1a: Raging Bolt|64/100 tox|[from] psn
|upkeep
|inactive|enmin has 120 seconds left.
|
|t:|1776324370
|switch|p2a: Rotom|Rotom-Wash|100/100
|turn|19
|
|t:|1776324375
|switch|p2a: Clodsire|Clodsire, F|31/100 par
|move|p1a: Raging Bolt|Thunderbolt|p2a: Clodsire
|-immune|p2a: Clodsire
|
|-heal|p2a: Clodsire|38/100 par|[from] item: Leftovers
|-damage|p1a: Raging Bolt|39/100 tox|[from] psn
|upkeep
|turn|20
|
|t:|1776324380
|move|p1a: Raging Bolt|Dragon Pulse|p2a: Clodsire
|-damage|p2a: Clodsire|4/100 par
|cant|p2a: Clodsire|par
|
|-heal|p2a: Clodsire|10/100 par|[from] item: Leftovers
|-damage|p1a: Raging Bolt|8/100 tox|[from] psn
|upkeep
|turn|21
|
|t:|1776324385
|move|p1a: Raging Bolt|Dragon Pulse|p2a: Clodsire
|-damage|p2a: Clodsire|0 fnt
|faint|p2a: Clodsire
|
|-damage|p1a: Raging Bolt|0 fnt|[from] psn
|faint|p1a: Raging Bolt
|-end|p1a: Raging Bolt|Protosynthesis|[silent]
|upkeep
|inactive|Minalan has 120 seconds left.
|
|t:|1776324440
|switch|p1a: Ogerpon|Ogerpon-Cornerstone, F|100/100
|switch|p2a: Rotom|Rotom-Wash|100/100
|turn|22
|
|t:|1776324455
|-terastallize|p2a: Rotom|Steel
|move|p1a: Ogerpon|Power Whip|p2a: Rotom
|-resisted|p2a: Rotom
|-damage|p2a: Rotom|68/100
|move|p2a: Rotom|Will-O-Wisp|p1a: Ogerpon
|-status|p1a: Ogerpon|brn
|
|-heal|p2a: Rotom|74/100|[from] item: Leftovers
|-damage|p1a: Ogerpon|95/100 brn|[from] brn
|upkeep
|turn|23
|inactive|Minalan has 90 seconds left.
|inactive|Minalan has 60 seconds left.
|
|t:|1776324517
|move|p1a: Ogerpon|Low Kick|p2a: Rotom
|-supereffective|p2a: Rotom
|-damage|p2a: Rotom|67/100
|move|p2a: Rotom|Pain Split|p1a: Ogerpon
|-sethp|p1a: Ogerpon|81/100 brn|[from] move: Pain Split|[silent]
|-sethp|p2a: Rotom|80/100|[from] move: Pain Split
|
|-heal|p2a: Rotom|87/100|[from] item: Leftovers
|-damage|p1a: Ogerpon|75/100 brn|[from] brn
|upkeep
|turn|24
|
|t:|1776324520
|move|p1a: Ogerpon|Knock Off|p2a: Rotom
|-damage|p2a: Rotom|71/100
|-enditem|p2a: Rotom|Leftovers|[from] move: Knock Off|[of] p1a: Ogerpon
|move|p2a: Rotom|Volt Switch|p1a: Ogerpon
|-resisted|p1a: Ogerpon
|-damage|p1a: Ogerpon|61/100 brn
|
|t:|1776324525
|switch|p2a: Garchomp|Garchomp, F|100/100|[from] Volt Switch
|
|-damage|p1a: Ogerpon|55/100 brn|[from] brn
|upkeep
|turn|25
|
|t:|1776324536
|move|p2a: Garchomp|Earthquake|p1a: Ogerpon
|-damage|p1a: Ogerpon|0 fnt
|faint|p1a: Ogerpon
|
|upkeep
|
|t:|1776324541
|switch|p1a: Gholdengo|Gholdengo, shiny|100/100
|-item|p1a: Gholdengo|Air Balloon
|turn|26
|inactive|Minalan has 90 seconds left.
|
|t:|1776324547
|move|p2a: Garchomp|Fire Fang|p1a: Gholdengo
|-supereffective|p1a: Gholdengo
|-damage|p1a: Gholdengo|50/100
|-enditem|p1a: Gholdengo|Air Balloon
|move|p1a: Gholdengo|Shadow Ball|p2a: Garchomp
|-crit|p2a: Garchomp
|-damage|p2a: Garchomp|17/100
|-unboost|p2a: Garchomp|spd|1
|
|upkeep
|turn|27
|
|t:|1776324555
|move|p2a: Garchomp|Earthquake|p1a: Gholdengo
|-supereffective|p1a: Gholdengo
|-damage|p1a: Gholdengo|0 fnt
|faint|p1a: Gholdengo
|
|upkeep
|
|t:|1776324557
|switch|p1a: Ceruledge|Ceruledge, M, shiny|100/100
|turn|28
|
|t:|1776324561
|move|p2a: Garchomp|Scale Shot|p1a: Ceruledge
|-damage|p1a: Ceruledge|83/100
|-ability|p1a: Ceruledge|Weak Armor|boost
|-unboost|p1a: Ceruledge|def|1
|-boost|p1a: Ceruledge|spe|2
|-damage|p1a: Ceruledge|57/100
|-ability|p1a: Ceruledge|Weak Armor|boost
|-unboost|p1a: Ceruledge|def|1
|-boost|p1a: Ceruledge|spe|2
|-damage|p1a: Ceruledge|21/100
|-ability|p1a: Ceruledge|Weak Armor|boost
|-unboost|p1a: Ceruledge|def|1
|-boost|p1a: Ceruledge|spe|2
|-damage|p1a: Ceruledge|0 fnt
|faint|p1a: Ceruledge
|-hitcount|p1: Ceruledge|4
|
|win|enmin
|raw|Minalan's rating: 1421 &rarr; <strong>1399</strong><br />(-22 for losing)
|raw|enmin's rating: 1387 &rarr; <strong>1409</strong><br />(+22 for winning)
|l|☆Minalan
|player|p1|
