|html|<div class="broadcast-blue"><strong>[Gen 9] OU is currently suspecting Tera Blast! For information on how to participate check out the <a href="https://www.smogon.com/tools/suspects/view/200">suspect thread</a>.</strong></div>
|j|☆kedwin007
|j|☆georgrdro02
|t:|1776107045
|gametype|singles
|player|p1|kedwin007|veteran|1337
|player|p2|georgrdro02|cynthia-gen4|1365
|gen|9
|tier|[Gen 9] OU
|rated|
|rule|HP Percentage Mod: HP is shown in percentages
|rule|Endless Battle Clause: Forcing endless battles is banned
|rule|Species Clause: Limit one of each Pokémon
|rule|OHKO Clause: OHKO moves are banned
|rule|Evasion Items Clause: Evasion items are banned
|rule|Evasion Moves Clause: Evasion moves are banned
|rule|Evasion Abilities Clause: Evasion abilities are banned
|rule|Sleep Moves Clause: Sleep-inducing moves are banned
|clearpoke
|poke|p1|Okidogi, M|
|poke|p1|Grimmsnarl, M|
|poke|p1|Glimmora, M|
|poke|p1|Iron Valiant|
|poke|p1|Raging Bolt|
|poke|p1|Gholdengo|
|poke|p2|Salamence, M|
|poke|p2|Hoopa-Unbound|
|poke|p2|Iron Treads|
|poke|p2|Zamazenta-*|
|poke|p2|Hatterene, F|
|poke|p2|Iron Moth|
|teampreview
|inactive|Battle timer is ON: inactive players will automatically lose when time's up. (requested by kedwin007)
|
|t:|1776107054
|teamsize|p1|6
|teamsize|p2|6
|start
|switch|p1a: Grimmsnarl|Grimmsnarl, M|100/100
|switch|p2a: Iron Treads|Iron Treads|100/100
|turn|1
|
|t:|1776107061
|move|p1a: Grimmsnarl|Reflect|p1a: Grimmsnarl
|-sidestart|p1: kedwin007|Reflect
|move|p2a: Iron Treads|Stealth Rock|p1a: Grimmsnarl
|-sidestart|p1: kedwin007|move: Stealth Rock
|
|upkeep
|turn|2
|
|t:|1776107066
|move|p1a: Grimmsnarl|Light Screen|p1a: Grimmsnarl
|-sidestart|p1: kedwin007|move: Light Screen
|move|p2a: Iron Treads|Knock Off|p1a: Grimmsnarl
|-resisted|p1a: Grimmsnarl
|-damage|p1a: Grimmsnarl|98/100
|-enditem|p1a: Grimmsnarl|Light Clay|[from] move: Knock Off|[of] p2a: Iron Treads
|
|upkeep
|turn|3
|
|t:|1776107072
|switch|p1a: Glimmora|Glimmora, M|100/100
|-damage|p1a: Glimmora|88/100|[from] Stealth Rock
|move|p2a: Iron Treads|Earthquake|p1a: Glimmora
|-supereffective|p1a: Glimmora
|-damage|p1a: Glimmora|0 fnt
|-activate|p1a: Glimmora|ability: Toxic Debris
|-sidestart|p2: georgrdro02|move: Toxic Spikes
|faint|p1a: Glimmora
|
|upkeep
|
|t:|1776107083
|switch|p1a: Gholdengo|Gholdengo|100/100
|-damage|p1a: Gholdengo|94/100|[from] Stealth Rock
|turn|4
|
|t:|1776107087
|move|p1a: Gholdengo|Shadow Ball|p2a: Iron Treads
|-damage|p2a: Iron Treads|49/100
|-unboost|p2a: Iron Treads|spd|1
|move|p2a: Iron Treads|Knock Off|p1a: Gholdengo
|-supereffective|p1a: Gholdengo
|-damage|p1a: Gholdengo|63/100
|-enditem|p1a: Gholdengo|Choice Scarf|[from] move: Knock Off|[of] p2a: Iron Treads
|
|-heal|p2a: Iron Treads|55/100|[from] item: Leftovers
|upkeep
|turn|5
|
|t:|1776107098
|-end|p2a: Iron Treads|Quark Drive|[silent]
|switch|p2a: Iron Moth|Iron Moth|100/100
|-sideend|p2: georgrdro02|move: Toxic Spikes|[of] p2a: Iron Moth
|-enditem|p2a: Iron Moth|Booster Energy
|-activate|p2a: Iron Moth|ability: Quark Drive|[fromitem]
|-start|p2a: Iron Moth|quarkdrivespe
|move|p1a: Gholdengo|Shadow Ball|p2a: Iron Moth
|-crit|p2a: Iron Moth
|-damage|p2a: Iron Moth|30/100
|
|upkeep
|turn|6
|
|t:|1776107113
|switch|p1a: Grimmsnarl|Grimmsnarl, M|98/100
|-damage|p1a: Grimmsnarl|85/100|[from] Stealth Rock
|move|p2a: Iron Moth|Substitute|p2a: Iron Moth
|-start|p2a: Iron Moth|Substitute
|-damage|p2a: Iron Moth|5/100
|
|upkeep
|turn|7
|
|t:|1776107121
|move|p2a: Iron Moth|Fiery Dance|p1a: Grimmsnarl
|-damage|p1a: Grimmsnarl|63/100
|move|p1a: Grimmsnarl|Spirit Break|p2a: Iron Moth
|-resisted|p2a: Iron Moth
|-crit|p2a: Iron Moth
|-activate|p2a: Iron Moth|move: Substitute|[damage]
|
|upkeep
|turn|8
|
|t:|1776107129
|move|p2a: Iron Moth|Sludge Wave|p1a: Grimmsnarl
|-supereffective|p1a: Grimmsnarl
|-damage|p1a: Grimmsnarl|8/100
|move|p1a: Grimmsnarl|Spirit Break|p2a: Iron Moth
|-resisted|p2a: Iron Moth
|-end|p2a: Iron Moth|Substitute
|
|-sideend|p1: kedwin007|Reflect
|upkeep
|turn|9
|
|t:|1776107139
|move|p1a: Grimmsnarl|Reflect|p1a: Grimmsnarl
|-sidestart|p1: kedwin007|Reflect
|move|p2a: Iron Moth|Fiery Dance|p1a: Grimmsnarl
|-damage|p1a: Grimmsnarl|0 fnt
|-boost|p2a: Iron Moth|spa|1
|faint|p1a: Grimmsnarl
|
|-sideend|p1: kedwin007|move: Light Screen
|upkeep
|
|t:|1776107148
|switch|p1a: Raging Bolt|Raging Bolt|100/100
|-damage|p1a: Raging Bolt|88/100|[from] Stealth Rock
|turn|10
|
|t:|1776107152
|move|p1a: Raging Bolt|Thunderclap||[still]
|-fail|p1a: Raging Bolt
|move|p2a: Iron Moth|Substitute|p2a: Iron Moth
|-fail|p2a: Iron Moth|move: Substitute|[weak]
|
|-heal|p1a: Raging Bolt|94/100|[from] item: Leftovers
|upkeep
|turn|11
|
|t:|1776107160
|-end|p2a: Iron Moth|Quark Drive|[silent]
|switch|p2a: Iron Treads|Iron Treads|55/100
|move|p1a: Raging Bolt|Thunderclap||[still]
|-fail|p1a: Raging Bolt
|
|-heal|p2a: Iron Treads|61/100|[from] item: Leftovers
|-heal|p1a: Raging Bolt|100/100|[from] item: Leftovers
|upkeep
|turn|12
|
|t:|1776107173
|-end|p1a: Raging Bolt|Protosynthesis|[silent]
|switch|p1a: Iron Valiant|Iron Valiant|100/100
|-damage|p1a: Iron Valiant|94/100|[from] Stealth Rock
|-enditem|p1a: Iron Valiant|Booster Energy
|-activate|p1a: Iron Valiant|ability: Quark Drive|[fromitem]
|-start|p1a: Iron Valiant|quarkdrivespe
|move|p2a: Iron Treads|Earthquake|p1a: Iron Valiant
|-damage|p1a: Iron Valiant|69/100
|
|-heal|p2a: Iron Treads|67/100|[from] item: Leftovers
|upkeep
|turn|13
|
|t:|1776107185
|-end|p2a: Iron Treads|Quark Drive|[silent]
|switch|p2a: Salamence|Salamence, M|100/100
|-ability|p2a: Salamence|Intimidate|boost
|-unboost|p1a: Iron Valiant|atk|1
|move|p1a: Iron Valiant|Moonblast|p2a: Salamence
|-supereffective|p2a: Salamence
|-damage|p2a: Salamence|0 fnt
|faint|p2a: Salamence
|
|-sideend|p1: kedwin007|Reflect
|upkeep
|
|t:|1776107192
|switch|p2a: Zamazenta|Zamazenta|100/100
|-ability|p2a: Zamazenta|Dauntless Shield|boost
|-boost|p2a: Zamazenta|def|1
|turn|14
|
|t:|1776107200
|-terastallize|p1a: Iron Valiant|Fairy
|move|p1a: Iron Valiant|Moonblast|p2a: Zamazenta
|-supereffective|p2a: Zamazenta
|-damage|p2a: Zamazenta|0 fnt
|faint|p2a: Zamazenta
|
|upkeep
|
|t:|1776107206
|switch|p2a: Hoopa|Hoopa-Unbound|100/100
|turn|15
|
|t:|1776107213
|-terastallize|p2a: Hoopa|Poison
|move|p1a: Iron Valiant|Moonblast|p2a: Hoopa
|-resisted|p2a: Hoopa
|-damage|p2a: Hoopa|83/100
|move|p2a: Hoopa|Psychic Noise|p1a: Iron Valiant
|-damage|p1a: Iron Valiant|0 fnt
|faint|p1a: Iron Valiant
|-end|p1a: Iron Valiant|Quark Drive|[silent]
|
|upkeep
|
|t:|1776107230
|switch|p1a: Raging Bolt|Raging Bolt|100/100
|-damage|p1a: Raging Bolt|88/100|[from] Stealth Rock
|turn|16
|
|t:|1776107239
|move|p1a: Raging Bolt|Calm Mind|p1a: Raging Bolt
|-boost|p1a: Raging Bolt|spa|1
|-boost|p1a: Raging Bolt|spd|1
|move|p2a: Hoopa|Knock Off|p1a: Raging Bolt
|-damage|p1a: Raging Bolt|46/100
|-enditem|p1a: Raging Bolt|Leftovers|[from] move: Knock Off|[of] p2a: Hoopa
|
|upkeep
|turn|17
|
|t:|1776107248
|move|p1a: Raging Bolt|Dragon Pulse|p2a: Hoopa
|-damage|p2a: Hoopa|44/100
|move|p2a: Hoopa|Drain Punch|p1a: Raging Bolt
|-damage|p1a: Raging Bolt|25/100
|-heal|p2a: Hoopa|56/100|[from] drain|[of] p1a: Raging Bolt
|
|upkeep
|turn|18
|
|t:|1776107257
|switch|p2a: Iron Treads|Iron Treads|67/100
|move|p1a: Raging Bolt|Dragon Pulse|p2a: Iron Treads
|-resisted|p2a: Iron Treads
|-damage|p2a: Iron Treads|22/100
|
|-heal|p2a: Iron Treads|28/100|[from] item: Leftovers
|upkeep
|turn|19
|
|t:|1776107266
|move|p2a: Iron Treads|Earthquake|p1a: Raging Bolt
|-supereffective|p1a: Raging Bolt
|-damage|p1a: Raging Bolt|0 fnt
|faint|p1a: Raging Bolt
|-end|p1a: Raging Bolt|Protosynthesis|[silent]
|
|-heal|p2a: Iron Treads|34/100|[from] item: Leftovers
|upkeep
|
|t:|1776107274
|switch|p1a: Okidogi|Okidogi, M|100/100
|-damage|p1a: Okidogi|94/100|[from] Stealth Rock
|turn|20
|
|t:|1776107301
|move|p2a: Iron Treads|Earthquake|p1a: Okidogi
|-supereffective|p1a: Okidogi
|-damage|p1a: Okidogi|32/100
|move|p1a: Okidogi|Bulk Up|p1a: Okidogi
|-boost|p1a: Okidogi|atk|1
|-boost|p1a: Okidogi|def|1
|
|-heal|p2a: Iron Treads|40/100|[from] item: Leftovers
|-heal|p1a: Okidogi|38/100|[from] item: Leftovers
|upkeep
|turn|21
|
|t:|1776107311
|move|p2a: Iron Treads|Earthquake|p1a: Okidogi
|-supereffective|p1a: Okidogi
|-damage|p1a: Okidogi|0 fnt
|faint|p1a: Okidogi
|
|-heal|p2a: Iron Treads|47/100|[from] item: Leftovers
|upkeep
|-message|kedwin007 forfeited.
|
|win|georgrdro02
|raw|kedwin007's rating: 1337 &rarr; <strong>1319</strong><br />(-18 for losing)
|raw|georgrdro02's rating: 1365 &rarr; <strong>1383</strong><br />(+18 for winning)
|l|☆kedwin007
|player|p1|
|l|☆georgrdro02
|player|p2|
