|html|<div class="broadcast-blue"><strong>[Gen 9] OU is currently suspecting Tera Blast! For information on how to participate check out the <a href="https://www.smogon.com/tools/suspects/view/200">suspect thread</a>.</strong></div>
|badge|p2|bronze|gen9ou|100-9
|uhtml|medal-msg|<div class="broadcast-blue">Curious what those medals under the avatar are? PS now has Ladder Seasons! For more information, check out the <a href="https://www.smogon.com/forums/threads/3740067/">thread on Smogon.</a></div>
|j|☆OP Earthquakes
|j|☆LT123VB 87
|t:|1776339004
|gametype|singles
|player|p1|OP Earthquakes|giovanni-masters|1651
|player|p2|LT123VB 87|lucas|1860
|gen|9
|tier|[Gen 9] OU
|rated|
|rule|HP Percentage Mod: HP is shown in percentages
|rule|Endless Battle Clause: Forcing endless battles is banned
|rule|Species Clause: Limit one of each Pokémon
|rule|OHKO Clause: OHKO moves are banned
|rule|Evasion Items Clause: Evasion items are banned
|rule|Evasion Moves Clause: Evasion moves are banned
|rule|Evasion Abilities Clause: Evasion abilities are banned
|rule|Sleep Moves Clause: Sleep-inducing moves are banned
|clearpoke
|poke|p1|Excadrill, F|
|poke|p1|Tyranitar, F|
|poke|p1|Kyurem|
|poke|p1|Hawlucha, M|
|poke|p1|Pawmot, F|
|poke|p1|Flamigo, F|
|poke|p2|Araquanid, M|
|poke|p2|Iron Valiant|
|poke|p2|Kingambit, F|
|poke|p2|Ceruledge, F|
|poke|p2|Raging Bolt|
|poke|p2|Moltres-Galar|
|teampreview
|inactive|Battle timer is ON: inactive players will automatically lose when time's up. (requested by OP Earthquakes)
|inactive|LT123VB 87 also wants the timer to be on.
|j| jantelov1
|j| Light SV
|c|☆OP Earthquakes|GLHF
|inactive|OP Earthquakes has 120 seconds left.
|j| uncle brown
|inactive|OP Earthquakes has 90 seconds left.
|
|t:|1776339076
|teamsize|p1|6
|teamsize|p2|6
|start
|switch|p1a: Itachi|Hawlucha, M, shiny|100/100
|switch|p2a: Araquanid|Araquanid, M, shiny|100/100
|-ability|p1a: Itachi|Mold Breaker
|turn|1
|
|t:|1776339086
|move|p1a: Itachi|Brave Bird|p2a: Araquanid
|-supereffective|p2a: Araquanid
|-damage|p2a: Araquanid|2/100
|-damage|p1a: Itachi|63/100|[from] Recoil
|-enditem|p2a: Araquanid|Red Card|[of] p1a: Itachi
|drag|p1a: Porunga|Pawmot, F|100/100
|move|p2a: Araquanid|Surf|p1a: Porunga
|-damage|p1a: Porunga|48/100
|
|upkeep
|turn|2
|
|t:|1776339107
|switch|p1a: The sandstorm|Tyranitar, F, shiny|100/100
|-weather|Sandstorm|[from] ability: Sand Stream|[of] p1a: The sandstorm
|move|p2a: Araquanid|Sticky Web|p1a: The sandstorm
|-sidestart|p1: OP Earthquakes|move: Sticky Web
|
|-weather|Sandstorm|[upkeep]
|-damage|p2a: Araquanid|0 fnt|[from] Sandstorm
|faint|p2a: Araquanid
|upkeep
|
|t:|1776339115
|switch|p2a: Iron Valiant|Iron Valiant, shiny|100/100
|-enditem|p2a: Iron Valiant|Booster Energy
|-activate|p2a: Iron Valiant|ability: Quark Drive|[fromitem]
|-start|p2a: Iron Valiant|quarkdriveatk
|turn|3
|inactive|OP Earthquakes has 120 seconds left.
|c|☆OP Earthquakes|First time in my life
|c|☆OP Earthquakes|Ive seen booster atk
|inactive|OP Earthquakes has 90 seconds left.
|
|t:|1776339175
|switch|p1a: Yuji|Flamigo, F|100/100
|move|p2a: Iron Valiant|Close Combat|p1a: Yuji
|-resisted|p1a: Yuji
|-damage|p1a: Yuji|33/100
|-unboost|p2a: Iron Valiant|def|1
|-unboost|p2a: Iron Valiant|spd|1
|
|-weather|Sandstorm|[upkeep]
|-damage|p1a: Yuji|26/100|[from] Sandstorm
|-damage|p2a: Iron Valiant|94/100|[from] Sandstorm
|upkeep
|turn|4
|inactive|OP Earthquakes has 90 seconds left.
|
|t:|1776339186
|move|p1a: Yuji|Brave Bird|p2a: Iron Valiant
|-supereffective|p2a: Iron Valiant
|-damage|p2a: Iron Valiant|0 fnt
|faint|p2a: Iron Valiant
|-end|p2a: Iron Valiant|Quark Drive|[silent]
|-damage|p1a: Yuji|0 fnt|[from] Recoil
|faint|p1a: Yuji
|
|-weather|Sandstorm|[upkeep]
|upkeep
|inactive|OP Earthquakes has 90 seconds left.
|j| Shucklepilled
|
|t:|1776339209
|switch|p2a: Ceruledge|Ceruledge, F, shiny|100/100
|switch|p1a: Itachi|Hawlucha, M, shiny|63/100
|-ability|p1a: Itachi|Mold Breaker
|-item|p2a: Ceruledge|Air Balloon
|turn|5
|l| Shucklepilled
|
|t:|1776339218
|move|p1a: Itachi|Defog|p2a: Ceruledge
|-unboost|p2a: Ceruledge|evasion|1
|-sideend|p1: OP Earthquakes|Sticky Web|[from] move: Defog|[of] p1a: Itachi
|move|p2a: Ceruledge|Bitter Blade|p1a: Itachi
|-crit|p1a: Itachi
|-damage|p1a: Itachi|0 fnt
|faint|p1a: Itachi
|
|-weather|Sandstorm|[upkeep]
|-damage|p2a: Ceruledge|95/100|[from] Sandstorm
|upkeep
|
|t:|1776339222
|switch|p1a: Frieza|Kyurem, shiny|100/100
|-ability|p1a: Frieza|Pressure
|turn|6
|
|t:|1776339235
|switch|p2a: Moltres|Moltres-Galar, shiny|100/100
|-terastallize|p1a: Frieza|Ghost
|move|p1a: Frieza|Shadow Ball|p2a: Moltres
|-resisted|p2a: Moltres
|-damage|p2a: Moltres|82/100
|
|-weather|Sandstorm|[upkeep]
|-damage|p1a: Frieza|94/100|[from] Sandstorm
|-damage|p2a: Moltres|76/100|[from] Sandstorm
|upkeep
|turn|7
|
|t:|1776339244
|move|p1a: Frieza|Freeze-Dry|p2a: Moltres
|-supereffective|p2a: Moltres
|-damage|p2a: Moltres|0 fnt
|faint|p2a: Moltres
|
|-weather|Sandstorm|[upkeep]
|-damage|p1a: Frieza|88/100|[from] Sandstorm
|upkeep
|inactive|LT123VB 87 has 120 seconds left.
|
|t:|1776339282
|switch|p2a: Kingambit|Kingambit, F, shiny|100/100
|-activate|p2a: Kingambit|ability: Supreme Overlord
|-start|p2a: Kingambit|fallen3|[silent]
|turn|8
|j| Shucklepilled
|l| Shucklepilled
|inactive|OP Earthquakes has 120 seconds left.
|
|t:|1776339313
|move|p2a: Kingambit|Sucker Punch|p1a: Frieza
|-supereffective|p1a: Frieza
|-damage|p1a: Frieza|0 fnt
|faint|p1a: Frieza
|-damage|p2a: Kingambit|91/100|[from] item: Life Orb
|
|-weather|Sandstorm|[upkeep]
|upkeep
|l| uncle brown
|
|t:|1776339317
|switch|p1a: Porunga|Pawmot, F|48/100
|turn|9
|
|t:|1776339324
|-end|p2a: Kingambit|fallen3|[silent]
|switch|p2a: Raging Bolt|Raging Bolt|100/100
|-enditem|p2a: Raging Bolt|Booster Energy
|-activate|p2a: Raging Bolt|ability: Protosynthesis|[fromitem]
|-start|p2a: Raging Bolt|protosynthesisspa
|move|p1a: Porunga|Revival Blessing|p1a: Porunga
|-enditem|p1a: Porunga|Leppa Berry|[eat]
|-activate|p1a: Porunga|item: Leppa Berry|Revival Blessing|[consumed]
|j| uncle brown
|
|t:|1776339332
|-heal|p1: Yuji|50/100|[from] move: Revival Blessing
|
|-weather|none
|upkeep
|turn|10
|
|t:|1776339335
|move|p1a: Porunga|Revival Blessing|p1a: Porunga
|inactive|OP Earthquakes has 120 seconds left.
|
|t:|1776339350
|-heal|p1: Frieza|50/100|[from] move: Revival Blessing
|move|p2a: Raging Bolt|Dragon Pulse|p1a: Porunga
|-damage|p1a: Porunga|0 fnt
|faint|p1a: Porunga
|
|upkeep
|
|t:|1776339360
|switch|p1a: The sandstorm|Tyranitar, F, shiny|100/100
|-weather|Sandstorm|[from] ability: Sand Stream|[of] p1a: The sandstorm
|turn|11
|inactive|OP Earthquakes has 120 seconds left.
|
|t:|1776339367
|move|p2a: Raging Bolt|Dragon Pulse|p1a: The sandstorm
|-damage|p1a: The sandstorm|60/100
|move|p1a: The sandstorm|Stealth Rock|p2a: Raging Bolt
|-sidestart|p2: LT123VB 87|move: Stealth Rock
|
|-weather|Sandstorm|[upkeep]
|-damage|p2a: Raging Bolt|94/100|[from] Sandstorm
|upkeep
|turn|12
|
|t:|1776339374
|move|p2a: Raging Bolt|Dragon Pulse|p1a: The sandstorm
|-damage|p1a: The sandstorm|14/100
|move|p1a: The sandstorm|Ice Beam|p2a: Raging Bolt
|-supereffective|p2a: Raging Bolt
|-damage|p2a: Raging Bolt|54/100
|
|-weather|Sandstorm|[upkeep]
|-damage|p2a: Raging Bolt|48/100|[from] Sandstorm
|upkeep
|turn|13
|
|t:|1776339381
|switch|p1a: OP|Excadrill, F|100/100
|move|p2a: Raging Bolt|Dragon Pulse|p1a: OP
|-resisted|p1a: OP
|-damage|p1a: OP|60/100
|
|-weather|Sandstorm|[upkeep]
|-damage|p2a: Raging Bolt|42/100|[from] Sandstorm
|upkeep
|turn|14
|
|t:|1776339385
|move|p1a: OP|Iron Head|p2a: Raging Bolt
|-resisted|p2a: Raging Bolt
|-damage|p2a: Raging Bolt|12/100
|move|p2a: Raging Bolt|Dragon Pulse|p1a: OP
|-resisted|p1a: OP
|-damage|p1a: OP|19/100
|
|-weather|Sandstorm|[upkeep]
|-damage|p2a: Raging Bolt|5/100|[from] Sandstorm
|upkeep
|turn|15
|
|t:|1776339390
|move|p1a: OP|Iron Head|p2a: Raging Bolt
|-resisted|p2a: Raging Bolt
|-damage|p2a: Raging Bolt|0 fnt
|faint|p2a: Raging Bolt
|-end|p2a: Raging Bolt|Protosynthesis|[silent]
|
|-weather|Sandstorm|[upkeep]
|upkeep
|inactive|LT123VB 87 has 120 seconds left.
|j| VollWP
|inactive|LT123VB 87 has 90 seconds left.
|
|t:|1776339460
|switch|p2a: Ceruledge|Ceruledge, F, shiny|95/100
|-damage|p2a: Ceruledge|70/100|[from] Stealth Rock
|-item|p2a: Ceruledge|Air Balloon
|turn|16
|
|t:|1776339487
|switch|p1a: The sandstorm|Tyranitar, F, shiny|14/100
|move|p2a: Ceruledge|Bitter Blade|p1a: The sandstorm
|-resisted|p1a: The sandstorm
|-crit|p1a: The sandstorm
|-damage|p1a: The sandstorm|0 fnt
|-heal|p2a: Ceruledge|77/100|[from] drain|[of] p1a: The sandstorm
|faint|p1a: The sandstorm
|
|-weather|Sandstorm|[upkeep]
|-damage|p2a: Ceruledge|71/100|[from] Sandstorm
|upkeep
|inactive|OP Earthquakes has 120 seconds left.
|j| Sprakenheit
|
|t:|1776339506
|switch|p1a: Yuji|Flamigo, F|50/100
|turn|17
|inactive|OP Earthquakes has 120 seconds left.
|
|t:|1776339525
|move|p1a: Yuji|Brave Bird|p2a: Ceruledge
|-damage|p2a: Ceruledge|3/100
|-ability|p2a: Ceruledge|Weak Armor|boost
|-unboost|p2a: Ceruledge|def|1
|-boost|p2a: Ceruledge|spe|2
|-enditem|p2a: Ceruledge|Air Balloon
|-damage|p1a: Yuji|26/100|[from] Recoil
|move|p2a: Ceruledge|Bitter Blade|p1a: Yuji
|-damage|p1a: Yuji|0 fnt
|-heal|p2a: Ceruledge|15/100|[from] drain|[of] p1a: Yuji
|faint|p1a: Yuji
|
|-weather|Sandstorm|[upkeep]
|-damage|p2a: Ceruledge|9/100|[from] Sandstorm
|upkeep
|c|☆OP Earthquakes|Gg
|-message|OP Earthquakes forfeited.
|
|win|LT123VB 87
|raw|OP Earthquakes's rating: 1651 &rarr; <strong>1642</strong><br />(-9 for losing)
|raw|LT123VB 87's rating: 1860 &rarr; <strong>1869</strong><br />(+9 for winning)
|l|☆OP Earthquakes
|player|p1|
|l|☆LT123VB 87
|player|p2|
|l| jantelov1
|j| paternozzo
|l| VollWP
|l| Light SV
|l| paternozzo
