|html|<div class="broadcast-blue"><strong>[Gen 9] OU is currently suspecting Tera Blast! For information on how to participate check out the <a href="https://www.smogon.com/tools/suspects/view/200">suspect thread</a>.</strong></div>
|j|☆IC1
|j|☆FairyManiac0108
|t:|1776256256
|gametype|singles
|player|p1|IC1|lucas|1280
|player|p2|FairyManiac0108|richboy-gen4|1342
|gen|9
|tier|[Gen 9] OU
|rated|
|rule|HP Percentage Mod: HP is shown in percentages
|rule|Endless Battle Clause: Forcing endless battles is banned
|rule|Species Clause: Limit one of each Pokémon
|rule|OHKO Clause: OHKO moves are banned
|rule|Evasion Items Clause: Evasion items are banned
|rule|Evasion Moves Clause: Evasion moves are banned
|rule|Evasion Abilities Clause: Evasion abilities are banned
|rule|Sleep Moves Clause: Sleep-inducing moves are banned
|clearpoke
|poke|p1|Ogerpon-Wellspring, F|
|poke|p1|Kingambit, F|
|poke|p1|Landorus-Therian, M|
|poke|p1|Glimmora, F|
|poke|p1|Dragapult, M|
|poke|p1|Iron Valiant|
|poke|p2|Weezing-Galar, F|
|poke|p2|Vileplume, M|
|poke|p2|Grafaiai, L28, M|
|poke|p2|Glimmora, M|
|poke|p2|Gengar, F|
|poke|p2|Muk-Alola, F|
|teampreview
|
|t:|1776256265
|teamsize|p1|6
|teamsize|p2|6
|start
|switch|p1a: Landorus|Landorus-Therian, M|100/100
|switch|p2a: Grafaiai|Grafaiai, L28, M|100/100
|-ability|p1a: Landorus|Intimidate|boost
|-unboost|p2a: Grafaiai|atk|1
|turn|1
|
|t:|1776256274
|move|p1a: Landorus|Stealth Rock|p2a: Grafaiai
|-sidestart|p2: FairyManiac0108|move: Stealth Rock
|move|p2a: Grafaiai|Endeavor|p1a: Landorus
|-damage|p1a: Landorus|20/100
|-damage|p2a: Grafaiai|84/100|[from] item: Rocky Helmet|[of] p1a: Landorus
|
|upkeep
|turn|2
|
|t:|1776256282
|move|p2a: Grafaiai|Toxic|p1a: Landorus
|-status|p1a: Landorus|tox
|move|p1a: Landorus|Earthquake|p2a: Grafaiai
|-supereffective|p2a: Grafaiai
|-damage|p2a: Grafaiai|0 fnt
|faint|p2a: Grafaiai
|
|-damage|p1a: Landorus|14/100 tox|[from] psn
|upkeep
|
|t:|1776256295
|switch|p2a: Gengar|Gengar, F|100/100
|-damage|p2a: Gengar|88/100|[from] Stealth Rock
|turn|3
|
|t:|1776256305
|move|p2a: Gengar|Shadow Ball|p1a: Landorus
|-damage|p1a: Landorus|0 fnt
|faint|p1a: Landorus
|
|upkeep
|
|t:|1776256317
|switch|p1a: Iron Valiant|Iron Valiant|100/100
|-enditem|p1a: Iron Valiant|Booster Energy
|-activate|p1a: Iron Valiant|ability: Quark Drive|[fromitem]
|-start|p1a: Iron Valiant|quarkdrivespe
|turn|4
|
|t:|1776256323
|switch|p2a: Muk|Muk-Alola, F|100/100
|-damage|p2a: Muk|88/100|[from] Stealth Rock
|move|p1a: Iron Valiant|Knock Off|p2a: Muk
|-resisted|p2a: Muk
|-damage|p2a: Muk|70/100
|-enditem|p2a: Muk|Assault Vest|[from] move: Knock Off|[of] p1a: Iron Valiant
|
|upkeep
|turn|5
|
|t:|1776256329
|-end|p1a: Iron Valiant|Quark Drive|[silent]
|switch|p1a: Glimmora|Glimmora, F|100/100
|move|p2a: Muk|Poison Jab|p1a: Glimmora
|-resisted|p1a: Glimmora
|-crit|p1a: Glimmora
|-damage|p1a: Glimmora|83/100
|-activate|p1a: Glimmora|ability: Toxic Debris
|-sidestart|p2: FairyManiac0108|move: Toxic Spikes
|
|upkeep
|turn|6
|
|t:|1776256340
|move|p1a: Glimmora|Meteor Beam||[still]
|-prepare|p1a: Glimmora|Meteor Beam
|-boost|p1a: Glimmora|spa|1
|-enditem|p1a: Glimmora|Power Herb
|-anim|p1a: Glimmora|Meteor Beam|p2a: Muk
|-damage|p2a: Muk|0 fnt
|faint|p2a: Muk
|
|upkeep
|
|t:|1776256346
|switch|p2a: Glimmora|Glimmora, M|100/100
|-damage|p2a: Glimmora|88/100|[from] Stealth Rock
|-item|p2a: Glimmora|Air Balloon
|turn|7
|
|t:|1776256363
|move|p2a: Glimmora|Earth Power|p1a: Glimmora
|-supereffective|p1a: Glimmora
|-damage|p1a: Glimmora|0 fnt
|faint|p1a: Glimmora
|
|upkeep
|
|t:|1776256385
|switch|p1a: Dragapult|Dragapult, M|100/100
|turn|8
|
|t:|1776256401
|move|p1a: Dragapult|Shadow Ball|p2a: Glimmora
|-damage|p2a: Glimmora|21/100
|-enditem|p2a: Glimmora|Air Balloon
|move|p2a: Glimmora|Mortal Spin|p1a: Dragapult
|-resisted|p1a: Dragapult
|-damage|p1a: Dragapult|96/100
|-status|p1a: Dragapult|psn
|-sideend|p2: FairyManiac0108|Toxic Spikes|[from] move: Mortal Spin|[of] p2a: Glimmora
|-sideend|p2: FairyManiac0108|Stealth Rock|[from] move: Mortal Spin|[of] p2a: Glimmora
|
|-damage|p1a: Dragapult|84/100 psn|[from] psn
|upkeep
|turn|9
|
|t:|1776256410
|move|p1a: Dragapult|Shadow Ball|p2a: Glimmora
|-damage|p2a: Glimmora|0 fnt
|faint|p2a: Glimmora
|
|-damage|p1a: Dragapult|72/100 psn|[from] psn
|upkeep
|
|t:|1776256412
|switch|p2a: Gengar|Gengar, F|88/100
|turn|10
|
|t:|1776256423
|move|p2a: Gengar|Shadow Ball|p1a: Dragapult
|-supereffective|p1a: Dragapult
|-damage|p1a: Dragapult|0 fnt
|faint|p1a: Dragapult
|
|upkeep
|
|t:|1776256429
|switch|p1a: Kingambit|Kingambit, F|100/100
|-activate|p1a: Kingambit|ability: Supreme Overlord
|-start|p1a: Kingambit|fallen3|[silent]
|turn|11
|
|t:|1776256443
|switch|p2a: Weezing|Weezing-Galar, F|100/100
|move|p1a: Kingambit|Kowtow Cleave|p2a: Weezing
|-resisted|p2a: Weezing
|-damage|p2a: Weezing|77/100
|-damage|p1a: Kingambit|84/100|[from] item: Rocky Helmet|[of] p2a: Weezing
|
|-heal|p1a: Kingambit|90/100|[from] item: Leftovers
|upkeep
|turn|12
|
|t:|1776256452
|move|p2a: Weezing|Will-O-Wisp|p1a: Kingambit
|-status|p1a: Kingambit|brn
|move|p1a: Kingambit|Iron Head|p2a: Weezing
|-supereffective|p2a: Weezing
|-damage|p2a: Weezing|35/100
|-damage|p1a: Kingambit|74/100 brn|[from] item: Rocky Helmet|[of] p2a: Weezing
|
|-heal|p1a: Kingambit|80/100 brn|[from] item: Leftovers
|-damage|p1a: Kingambit|74/100 brn|[from] brn
|upkeep
|turn|13
|
|t:|1776256459
|move|p2a: Weezing|Flamethrower|p1a: Kingambit
|-supereffective|p1a: Kingambit
|-damage|p1a: Kingambit|37/100 brn
|move|p1a: Kingambit|Swords Dance|p1a: Kingambit
|-boost|p1a: Kingambit|atk|2
|
|-heal|p1a: Kingambit|43/100 brn|[from] item: Leftovers
|-damage|p1a: Kingambit|37/100 brn|[from] brn
|upkeep
|turn|14
|
|t:|1776256462
|move|p2a: Weezing|Flamethrower|p1a: Kingambit
|-supereffective|p1a: Kingambit
|-damage|p1a: Kingambit|1/100 brn
|move|p1a: Kingambit|Iron Head|p2a: Weezing
|-supereffective|p2a: Weezing
|-damage|p2a: Weezing|0 fnt
|-damage|p1a: Kingambit|0 fnt|[from] item: Rocky Helmet|[of] p2a: Weezing
|faint|p2a: Weezing
|faint|p1a: Kingambit
|-end|p1a: Kingambit|fallen3|[silent]
|
|upkeep
|
|t:|1776256478
|switch|p2a: Gengar|Gengar, F|88/100
|switch|p1a: Ogerpon|Ogerpon-Wellspring, F|100/100
|turn|15
|
|t:|1776256483
|move|p2a: Gengar|Sludge Wave|p1a: Ogerpon
|-supereffective|p1a: Ogerpon
|-damage|p1a: Ogerpon|0 fnt
|faint|p1a: Ogerpon
|
|upkeep
|
|t:|1776256485
|switch|p1a: Iron Valiant|Iron Valiant|100/100
|turn|16
|
|t:|1776256488
|-terastallize|p1a: Iron Valiant|Steel
|move|p2a: Gengar|Sludge Wave|p1a: Iron Valiant
|-immune|p1a: Iron Valiant
|move|p1a: Iron Valiant|Knock Off|p2a: Gengar
|-supereffective|p2a: Gengar
|-damage|p2a: Gengar|0 fnt
|-enditem|p2a: Gengar|Choice Scarf|[from] move: Knock Off|[of] p1a: Iron Valiant
|faint|p2a: Gengar
|
|upkeep
|
|t:|1776256491
|switch|p2a: Vileplume|Vileplume, M|100/100
|turn|17
|
|t:|1776256498
|move|p1a: Iron Valiant|Knock Off|p2a: Vileplume
|-damage|p2a: Vileplume|74/100
|-enditem|p2a: Vileplume|Leftovers|[from] move: Knock Off|[of] p1a: Iron Valiant
|move|p2a: Vileplume|Strength Sap|p1a: Iron Valiant
|-unboost|p1a: Iron Valiant|atk|1
|-heal|p2a: Vileplume|100/100
|
|upkeep
|turn|18
|
|t:|1776256503
|move|p1a: Iron Valiant|Swords Dance|p1a: Iron Valiant
|-boost|p1a: Iron Valiant|atk|2
|move|p2a: Vileplume|Leech Seed|p1a: Iron Valiant
|-start|p1a: Iron Valiant|move: Leech Seed
|
|-damage|p1a: Iron Valiant|88/100|[from] Leech Seed|[of] p2a: Vileplume
|upkeep
|turn|19
|
|t:|1776256507
|move|p1a: Iron Valiant|Swords Dance|p1a: Iron Valiant
|-boost|p1a: Iron Valiant|atk|2
|move|p2a: Vileplume|Strength Sap|p1a: Iron Valiant
|-unboost|p1a: Iron Valiant|atk|1
|
|-damage|p1a: Iron Valiant|76/100|[from] Leech Seed|[of] p2a: Vileplume
|upkeep
|turn|20
|
|t:|1776256512
|move|p1a: Iron Valiant|Swords Dance|p1a: Iron Valiant
|-boost|p1a: Iron Valiant|atk|2
|move|p2a: Vileplume|Strength Sap|p1a: Iron Valiant
|-unboost|p1a: Iron Valiant|atk|1
|
|-damage|p1a: Iron Valiant|63/100|[from] Leech Seed|[of] p2a: Vileplume
|upkeep
|turn|21
|
|t:|1776256516
|move|p1a: Iron Valiant|Knock Off|p2a: Vileplume
|-damage|p2a: Vileplume|56/100
|move|p2a: Vileplume|Strength Sap|p1a: Iron Valiant
|-unboost|p1a: Iron Valiant|atk|1
|-heal|p2a: Vileplume|100/100
|
|-damage|p1a: Iron Valiant|51/100|[from] Leech Seed|[of] p2a: Vileplume
|upkeep
|turn|22
|
|t:|1776256520
|move|p1a: Iron Valiant|Swords Dance|p1a: Iron Valiant
|-boost|p1a: Iron Valiant|atk|2
|move|p2a: Vileplume|Strength Sap|p1a: Iron Valiant
|-unboost|p1a: Iron Valiant|atk|1
|
|-damage|p1a: Iron Valiant|38/100|[from] Leech Seed|[of] p2a: Vileplume
|upkeep
|turn|23
|
|t:|1776256525
|move|p1a: Iron Valiant|Knock Off|p2a: Vileplume
|-damage|p2a: Vileplume|59/100
|move|p2a: Vileplume|Strength Sap|p1a: Iron Valiant
|-unboost|p1a: Iron Valiant|atk|1
|-heal|p2a: Vileplume|100/100
|
|-damage|p1a: Iron Valiant|26/100|[from] Leech Seed|[of] p2a: Vileplume
|upkeep
|turn|24
|
|t:|1776256530
|move|p1a: Iron Valiant|Swords Dance|p1a: Iron Valiant
|-boost|p1a: Iron Valiant|atk|2
|move|p2a: Vileplume|Strength Sap|p1a: Iron Valiant
|-unboost|p1a: Iron Valiant|atk|1
|
|-damage|p1a: Iron Valiant|13/100|[from] Leech Seed|[of] p2a: Vileplume
|upkeep
|turn|25
|
|t:|1776256532
|move|p1a: Iron Valiant|Spirit Break|p2a: Vileplume
|-resisted|p2a: Vileplume
|-damage|p2a: Vileplume|61/100
|-unboost|p2a: Vileplume|spa|1
|move|p2a: Vileplume|Strength Sap|p1a: Iron Valiant
|-unboost|p1a: Iron Valiant|atk|1
|-heal|p2a: Vileplume|100/100
|
|-damage|p1a: Iron Valiant|1/100|[from] Leech Seed|[of] p2a: Vileplume
|upkeep
|turn|26
|
|t:|1776256536
|move|p1a: Iron Valiant|Knock Off|p2a: Vileplume
|-damage|p2a: Vileplume|66/100
|-status|p1a: Iron Valiant|slp|[from] ability: Effect Spore|[of] p2a: Vileplume
|move|p2a: Vileplume|Strength Sap|p1a: Iron Valiant
|-unboost|p1a: Iron Valiant|atk|1
|-heal|p2a: Vileplume|100/100
|
|-damage|p1a: Iron Valiant|0 fnt|[from] Leech Seed|[of] p2a: Vileplume
|faint|p1a: Iron Valiant
|-end|p1a: Iron Valiant|Quark Drive|[silent]
|
|win|FairyManiac0108
|raw|IC1's rating: 1280 &rarr; <strong>1259</strong><br />(-21 for losing)
|raw|FairyManiac0108's rating: 1342 &rarr; <strong>1358</strong><br />(+16 for winning)
