|html|<div class="broadcast-blue"><strong>[Gen 9] OU is currently suspecting Tera Blast! For information on how to participate check out the <a href="https://www.smogon.com/tools/suspects/view/200">suspect thread</a>.</strong></div>
|j|☆MuNcHi3
|j|☆Deptz
|t:|1776295856
|gametype|singles
|player|p1|MuNcHi3|n|1356
|player|p2|Deptz|miku-ghost|1383
|gen|9
|tier|[Gen 9] OU
|rated|
|rule|HP Percentage Mod: HP is shown in percentages
|rule|Endless Battle Clause: Forcing endless battles is banned
|rule|Species Clause: Limit one of each Pokémon
|rule|OHKO Clause: OHKO moves are banned
|rule|Evasion Items Clause: Evasion items are banned
|rule|Evasion Moves Clause: Evasion moves are banned
|rule|Evasion Abilities Clause: Evasion abilities are banned
|rule|Sleep Moves Clause: Sleep-inducing moves are banned
|clearpoke
|poke|p1|Darkrai|
|poke|p1|Heatran, M|
|poke|p1|Dondozo, F|
|poke|p1|Rillaboom, M|
|poke|p1|Quaquaval, M|
|poke|p1|Grimmsnarl, M|
|poke|p2|Darkrai|
|poke|p2|Iron Treads|
|poke|p2|Pecharunt|
|poke|p2|Iron Valiant|
|poke|p2|Iron Crown|
|poke|p2|Araquanid, M|
|teampreview
|inactive|Battle timer is ON: inactive players will automatically lose when time's up. (requested by MuNcHi3)
|
|t:|1776295888
|teamsize|p1|6
|teamsize|p2|6
|start
|switch|p1a: Quaquaval|Quaquaval, M|100/100
|switch|p2a: Araquanid|Araquanid, M|100/100
|turn|1
|
|t:|1776295906
|switch|p1a: Darkrai|Darkrai|100/100
|move|p2a: Araquanid|Sticky Web|p1a: Darkrai
|-sidestart|p1: MuNcHi3|move: Sticky Web
|
|upkeep
|turn|2
|
|t:|1776295919
|move|p1a: Darkrai|Sludge Bomb|p2a: Araquanid
|-damage|p2a: Araquanid|63/100
|-damage|p1a: Darkrai|91/100|[from] item: Life Orb
|move|p2a: Araquanid|Liquidation|p1a: Darkrai
|-damage|p1a: Darkrai|0 fnt
|faint|p1a: Darkrai
|-damage|p2a: Araquanid|53/100|[from] item: Life Orb
|
|upkeep
|
|t:|1776295926
|switch|p1a: Grimmsnarl|Grimmsnarl, M|100/100
|turn|3
|
|t:|1776295929
|move|p1a: Grimmsnarl|Fake Out|p2a: Araquanid
|-damage|p2a: Araquanid|39/100
|cant|p2a: Araquanid|flinch
|
|upkeep
|turn|4
|
|t:|1776295935
|move|p1a: Grimmsnarl|Thunder Wave|p2a: Araquanid
|-status|p2a: Araquanid|par
|move|p2a: Araquanid|Infestation|p1a: Grimmsnarl
|-damage|p1a: Grimmsnarl|95/100
|-activate|p1a: Grimmsnarl|move: Infestation|[of] p2a: Araquanid
|-damage|p2a: Araquanid|29/100 par|[from] item: Life Orb
|
|-damage|p1a: Grimmsnarl|83/100|[from] move: Infestation|[partiallytrapped]
|upkeep
|turn|5
|
|t:|1776295938
|move|p1a: Grimmsnarl|Parting Shot|p2a: Araquanid
|-unboost|p2a: Araquanid|atk|1
|-unboost|p2a: Araquanid|spa|1
|
|t:|1776295941
|switch|p1a: Quaquaval|Quaquaval, M|100/100|[from] Parting Shot
|move|p2a: Araquanid|Liquidation|p1a: Quaquaval
|-resisted|p1a: Quaquaval
|-damage|p1a: Quaquaval|66/100
|-damage|p2a: Araquanid|20/100 par|[from] item: Life Orb
|
|upkeep
|turn|6
|
|t:|1776295946
|move|p1a: Quaquaval|Rapid Spin|p2a: Araquanid
|-crit|p2a: Araquanid
|-damage|p2a: Araquanid|0 fnt
|-boost|p1a: Quaquaval|spe|1
|-sideend|p1: MuNcHi3|Sticky Web|[from] move: Rapid Spin|[of] p1a: Quaquaval
|faint|p2a: Araquanid
|-ability|p1a: Quaquaval|Moxie|boost
|-boost|p1a: Quaquaval|atk|1
|
|upkeep
|
|t:|1776295952
|switch|p2a: Pecharunt|Pecharunt|100/100
|turn|7
|
|t:|1776295959
|-terastallize|p1a: Quaquaval|Water
|move|p1a: Quaquaval|Aqua Step|p2a: Pecharunt
|-damage|p2a: Pecharunt|41/100
|-boost|p1a: Quaquaval|spe|1
|move|p2a: Pecharunt|Malignant Chain|p1a: Quaquaval
|-damage|p1a: Quaquaval|19/100
|-status|p1a: Quaquaval|tox
|-start|p1a: Quaquaval|confusion|[from] ability: Poison Puppeteer|[of] p2a: Pecharunt
|
|-heal|p2a: Pecharunt|47/100|[from] item: Black Sludge
|-damage|p1a: Quaquaval|13/100 tox|[from] psn
|upkeep
|turn|8
|
|t:|1776295971
|-activate|p1a: Quaquaval|confusion
|move|p1a: Quaquaval|Aqua Step|p2a: Pecharunt
|-damage|p2a: Pecharunt|0 fnt
|-boost|p1a: Quaquaval|spe|1
|faint|p2a: Pecharunt
|-ability|p1a: Quaquaval|Moxie|boost
|-boost|p1a: Quaquaval|atk|1
|
|-damage|p1a: Quaquaval|1/100 tox|[from] psn
|upkeep
|c|☆MuNcHi3|CONFUSION GAMBLE
|
|t:|1776295985
|switch|p2a: Iron Crown|Iron Crown|100/100
|turn|9
|c|☆MuNcHi3|LETS GET EXCITED
|
|t:|1776295992
|-end|p1a: Quaquaval|confusion
|move|p1a: Quaquaval|Close Combat|p2a: Iron Crown
|-damage|p2a: Iron Crown|0 fnt
|-unboost|p1a: Quaquaval|def|1
|-unboost|p1a: Quaquaval|spd|1
|faint|p2a: Iron Crown
|-end|p2a: Iron Crown|Quark Drive|[silent]
|-ability|p1a: Quaquaval|Moxie|boost
|-boost|p1a: Quaquaval|atk|1
|
|-damage|p1a: Quaquaval|0 fnt|[from] psn
|faint|p1a: Quaquaval
|upkeep
|c|☆MuNcHi3|FAHHHH
|inactive|MuNcHi3 has 120 seconds left.
|
|t:|1776296025
|switch|p2a: Darkrai|Darkrai|100/100
|switch|p1a: Rillaboom|Rillaboom, M|100/100
|-fieldstart|move: Grassy Terrain|[from] ability: Grassy Surge|[of] p1a: Rillaboom
|turn|10
|
|t:|1776296035
|move|p1a: Rillaboom|Fake Out|p2a: Darkrai
|-damage|p2a: Darkrai|73/100
|-damage|p1a: Rillaboom|91/100|[from] item: Life Orb
|cant|p2a: Darkrai|flinch
|
|-heal|p2a: Darkrai|79/100|[from] Grassy Terrain
|-heal|p1a: Rillaboom|97/100|[from] Grassy Terrain
|upkeep
|turn|11
|c|☆MuNcHi3|DIE DIE DIE DIE DIE
|
|t:|1776296060
|move|p1a: Rillaboom|Grassy Glide|p2a: Darkrai
|-damage|p2a: Darkrai|11/100
|-damage|p1a: Rillaboom|87/100|[from] item: Life Orb
|move|p2a: Darkrai|Sludge Bomb|p1a: Rillaboom
|-supereffective|p1a: Rillaboom
|-damage|p1a: Rillaboom|0 fnt
|faint|p1a: Rillaboom
|
|-heal|p2a: Darkrai|17/100|[from] Grassy Terrain
|upkeep
|
|t:|1776296066
|switch|p1a: Grimmsnarl|Grimmsnarl, M|83/100
|turn|12
|
|t:|1776296071
|switch|p2a: Iron Treads|Iron Treads|100/100
|move|p1a: Grimmsnarl|Fake Out|p2a: Iron Treads
|-resisted|p2a: Iron Treads
|-damage|p2a: Iron Treads|95/100
|
|-heal|p2a: Iron Treads|100/100|[from] Grassy Terrain
|-heal|p1a: Grimmsnarl|89/100|[from] Grassy Terrain
|upkeep
|turn|13
|
|t:|1776296081
|move|p1a: Grimmsnarl|Parting Shot|p2a: Iron Treads
|-unboost|p2a: Iron Treads|atk|1
|-unboost|p2a: Iron Treads|spa|1
|
|t:|1776296083
|switch|p1a: Dondozo|Dondozo, F|100/100|[from] Parting Shot
|move|p2a: Iron Treads|Iron Head|p1a: Dondozo
|-resisted|p1a: Dondozo
|-damage|p1a: Dondozo|93/100
|
|-heal|p1a: Dondozo|99/100|[from] Grassy Terrain
|-heal|p1a: Dondozo|100/100|[from] item: Leftovers
|upkeep
|turn|14
|
|t:|1776296102
|move|p2a: Iron Treads|Earthquake|p1a: Dondozo
|-damage|p1a: Dondozo|89/100
|move|p1a: Dondozo|Curse|p1a: Dondozo
|-unboost|p1a: Dondozo|spe|1
|-boost|p1a: Dondozo|atk|1
|-boost|p1a: Dondozo|def|1
|
|-heal|p1a: Dondozo|95/100|[from] Grassy Terrain
|-heal|p1a: Dondozo|100/100|[from] item: Leftovers
|-fieldend|move: Grassy Terrain
|upkeep
|turn|15
|
|t:|1776296115
|-end|p2a: Iron Treads|Quark Drive|[silent]
|switch|p2a: Darkrai|Darkrai|17/100
|move|p1a: Dondozo|Wave Crash|p2a: Darkrai
|-damage|p2a: Darkrai|0 fnt
|faint|p2a: Darkrai
|-damage|p1a: Dondozo|97/100|[from] Recoil
|
|-heal|p1a: Dondozo|100/100|[from] item: Leftovers
|upkeep
|
|t:|1776296120
|switch|p2a: Iron Valiant|Iron Valiant|100/100
|-enditem|p2a: Iron Valiant|Booster Energy
|-activate|p2a: Iron Valiant|ability: Quark Drive|[fromitem]
|-start|p2a: Iron Valiant|quarkdrivespe
|turn|16
|c|☆MuNcHi3|tbolt?
|c|☆MuNcHi3|lets find out
|c|☆Deptz|nah I'm cooked it's fully physical
|inactive|Deptz has 120 seconds left.
|-message|Deptz forfeited.
|
|win|MuNcHi3
