|html|<div class="broadcast-blue"><strong>[Gen 9] OU is currently suspecting Tera Blast! For information on how to participate check out the <a href="https://www.smogon.com/tools/suspects/view/200">suspect thread</a>.</strong></div>
|j|☆bearfirst4
|j|☆Dragonmaster5020
|t:|1776336860
|gametype|singles
|player|p1|bearfirst4|rosa|1215
|player|p2|Dragonmaster5020|unknown|1165
|gen|9
|tier|[Gen 9] OU
|rated|
|rule|HP Percentage Mod: HP is shown in percentages
|rule|Endless Battle Clause: Forcing endless battles is banned
|rule|Species Clause: Limit one of each Pokémon
|rule|OHKO Clause: OHKO moves are banned
|rule|Evasion Items Clause: Evasion items are banned
|rule|Evasion Moves Clause: Evasion moves are banned
|rule|Evasion Abilities Clause: Evasion abilities are banned
|rule|Sleep Moves Clause: Sleep-inducing moves are banned
|clearpoke
|poke|p1|Pincurchin, F|
|poke|p1|Raging Bolt|
|poke|p1|Iron Valiant|
|poke|p1|Sinistcha|
|poke|p1|Great Tusk|
|poke|p1|Ogerpon-Wellspring, F|
|poke|p2|Gholdengo|
|poke|p2|Ceruledge, F|
|poke|p2|Iron Valiant|
|poke|p2|Glimmora, M|
|poke|p2|Landorus-Therian, M|
|poke|p2|Ogerpon-Wellspring, F|
|teampreview
|inactive|Battle timer is ON: inactive players will automatically lose when time's up. (requested by Dragonmaster5020)
|inactive|bearfirst4 also wants the timer to be on.
|
|t:|1776336870
|teamsize|p1|6
|teamsize|p2|6
|start
|switch|p1a: Ogerpon|Ogerpon-Wellspring, F|100/100
|switch|p2a: Glimmora|Glimmora, M|100/100
|-item|p2a: Glimmora|Air Balloon
|turn|1
|
|t:|1776336881
|move|p1a: Ogerpon|Spikes|p2a: Glimmora
|-sidestart|p2: Dragonmaster5020|Spikes
|move|p2a: Glimmora|Stealth Rock|p1a: Ogerpon
|-sidestart|p1: bearfirst4|move: Stealth Rock
|
|upkeep
|turn|2
|
|t:|1776336888
|move|p1a: Ogerpon|Ivy Cudgel|p2a: Glimmora|[anim] Ivy Cudgel Water
|-supereffective|p2a: Glimmora
|-damage|p2a: Glimmora|0 fnt
|-activate|p2a: Glimmora|ability: Toxic Debris
|-sidestart|p1: bearfirst4|move: Toxic Spikes
|-enditem|p2a: Glimmora|Air Balloon
|faint|p2a: Glimmora
|
|upkeep
|
|t:|1776336906
|switch|p2a: Iron Valiant|Iron Valiant|100/100
|-damage|p2a: Iron Valiant|88/100|[from] Spikes
|-enditem|p2a: Iron Valiant|Booster Energy
|-activate|p2a: Iron Valiant|ability: Quark Drive|[fromitem]
|-start|p2a: Iron Valiant|quarkdrivespe
|turn|3
|
|t:|1776336915
|-terastallize|p1a: Ogerpon|Water
|detailschange|p1a: Ogerpon|Ogerpon-Wellspring-Tera, F, tera:Water
|-ability|p1a: Ogerpon|Embody Aspect (Wellspring)|boost
|-boost|p1a: Ogerpon|spd|1
|move|p2a: Iron Valiant|Drain Punch|p1a: Ogerpon
|-damage|p1a: Ogerpon|48/100
|-heal|p2a: Iron Valiant|100/100|[from] drain|[of] p1a: Ogerpon
|move|p1a: Ogerpon|Ivy Cudgel|p2a: Iron Valiant|[anim] Ivy Cudgel Water
|-damage|p2a: Iron Valiant|0 fnt
|faint|p2a: Iron Valiant
|-end|p2a: Iron Valiant|Quark Drive|[silent]
|
|upkeep
|
|t:|1776336929
|switch|p2a: Ogerpon|Ogerpon-Wellspring, F|100/100
|-damage|p2a: Ogerpon|88/100|[from] Spikes
|turn|4
|
|t:|1776336936
|switch|p1a: Charlie Kirsch|Sinistcha|100/100
|move|p2a: Ogerpon|Horn Leech|p1a: Charlie Kirsch
|-resisted|p1a: Charlie Kirsch
|-damage|p1a: Charlie Kirsch|85/100
|-heal|p2a: Ogerpon|97/100|[from] drain|[of] p1a: Charlie Kirsch
|
|upkeep
|turn|5
|
|t:|1776336943
|move|p2a: Ogerpon|Knock Off|p1a: Charlie Kirsch
|-supereffective|p1a: Charlie Kirsch
|-damage|p1a: Charlie Kirsch|24/100
|-enditem|p1a: Charlie Kirsch|Heavy-Duty Boots|[from] move: Knock Off|[of] p2a: Ogerpon
|move|p1a: Charlie Kirsch|Matcha Gotcha|p2a: Ogerpon
|-damage|p2a: Ogerpon|56/100
|-heal|p1a: Charlie Kirsch|42/100|[from] drain|[of] p2a: Ogerpon
|
|upkeep
|turn|6
|
|t:|1776336953
|move|p2a: Ogerpon|Swords Dance|p2a: Ogerpon
|-boost|p2a: Ogerpon|atk|2
|move|p1a: Charlie Kirsch|Strength Sap|p2a: Ogerpon
|-unboost|p2a: Ogerpon|atk|1
|-heal|p1a: Charlie Kirsch|100/100
|
|upkeep
|turn|7
|
|t:|1776336963
|move|p2a: Ogerpon|Horn Leech|p1a: Charlie Kirsch
|-resisted|p1a: Charlie Kirsch
|-damage|p1a: Charlie Kirsch|76/100
|-heal|p2a: Ogerpon|70/100|[from] drain|[of] p1a: Charlie Kirsch
|move|p1a: Charlie Kirsch|Matcha Gotcha|p2a: Ogerpon
|-damage|p2a: Ogerpon|31/100
|-heal|p1a: Charlie Kirsch|93/100|[from] drain|[of] p2a: Ogerpon
|
|upkeep
|turn|8
|
|t:|1776336975
|move|p2a: Ogerpon|Knock Off|p1a: Charlie Kirsch
|-supereffective|p1a: Charlie Kirsch
|-damage|p1a: Charlie Kirsch|38/100
|move|p1a: Charlie Kirsch|Strength Sap|p2a: Ogerpon
|-unboost|p2a: Ogerpon|atk|1
|-heal|p1a: Charlie Kirsch|100/100
|
|upkeep
|turn|9
|
|t:|1776336985
|move|p2a: Ogerpon|Swords Dance|p2a: Ogerpon
|-boost|p2a: Ogerpon|atk|2
|move|p1a: Charlie Kirsch|Shadow Ball|p2a: Ogerpon
|-damage|p2a: Ogerpon|0 fnt
|faint|p2a: Ogerpon
|
|upkeep
|
|t:|1776336994
|switch|p2a: Landorus|Landorus-Therian, M|100/100
|-ability|p2a: Landorus|Intimidate|boost
|-unboost|p1a: Charlie Kirsch|atk|1
|turn|10
|
|t:|1776337007
|switch|p1a: Pincurchin|Pincurchin, F|100/100
|-damage|p1a: Pincurchin|88/100|[from] Stealth Rock
|-status|p1a: Pincurchin|psn
|-fieldstart|move: Electric Terrain|[from] ability: Electric Surge|[of] p1a: Pincurchin
|move|p2a: Landorus|Stone Edge|p1a: Pincurchin
|-damage|p1a: Pincurchin|43/100 psn
|
|-damage|p1a: Pincurchin|31/100 psn|[from] psn
|upkeep
|turn|11
|
|t:|1776337017
|move|p2a: Landorus|Stone Edge|p1a: Pincurchin
|-damage|p1a: Pincurchin|0 fnt
|faint|p1a: Pincurchin
|
|upkeep
|
|t:|1776337022
|switch|p1a: Great Tusk|Great Tusk|100/100
|turn|12
|
|t:|1776337032
|switch|p2a: Gholdengo|Gholdengo|100/100
|move|p1a: Great Tusk|Headlong Rush|p2a: Gholdengo
|-supereffective|p2a: Gholdengo
|-damage|p2a: Gholdengo|0 fnt
|-unboost|p1a: Great Tusk|def|1
|-unboost|p1a: Great Tusk|spd|1
|faint|p2a: Gholdengo
|
|upkeep
|
|t:|1776337040
|switch|p2a: Landorus|Landorus-Therian, M|100/100
|-ability|p2a: Landorus|Intimidate|boost
|-unboost|p1a: Great Tusk|atk|1
|turn|13
|
|t:|1776337058
|-end|p1a: Great Tusk|Protosynthesis|[silent]
|switch|p1a: Ogerpon|Ogerpon-Wellspring-Tera, F, tera:Water|48/100
|-damage|p1a: Ogerpon|36/100|[from] Stealth Rock
|-status|p1a: Ogerpon|psn
|-ability|p1a: Ogerpon|Embody Aspect (Wellspring)|boost
|-boost|p1a: Ogerpon|spd|1
|move|p2a: Landorus|Earthquake|p1a: Ogerpon
|-damage|p1a: Ogerpon|0 fnt
|faint|p1a: Ogerpon
|detailschange|p1: Ogerpon|Ogerpon-Wellspring, F|[silent]
|
|upkeep
|
|t:|1776337085
|switch|p1a: Charlie Kirsch|Sinistcha|100/100
|-damage|p1a: Charlie Kirsch|88/100|[from] Stealth Rock
|-status|p1a: Charlie Kirsch|psn
|turn|14
|
|t:|1776337093
|move|p2a: Landorus|Earthquake|p1a: Charlie Kirsch
|-resisted|p1a: Charlie Kirsch
|-damage|p1a: Charlie Kirsch|55/100 psn
|move|p1a: Charlie Kirsch|Calm Mind|p1a: Charlie Kirsch
|-boost|p1a: Charlie Kirsch|spa|1
|-boost|p1a: Charlie Kirsch|spd|1
|
|-damage|p1a: Charlie Kirsch|42/100 psn|[from] psn
|upkeep
|turn|15
|
|t:|1776337099
|move|p2a: Landorus|Earthquake|p1a: Charlie Kirsch
|-resisted|p1a: Charlie Kirsch
|-damage|p1a: Charlie Kirsch|13/100 psn
|move|p1a: Charlie Kirsch|Strength Sap|p2a: Landorus
|-unboost|p2a: Landorus|atk|1
|-heal|p1a: Charlie Kirsch|100/100 psn
|
|-damage|p1a: Charlie Kirsch|88/100 psn|[from] psn
|upkeep
|turn|16
|
|t:|1776337107
|switch|p2a: Ceruledge|Ceruledge, F|100/100
|-damage|p2a: Ceruledge|88/100|[from] Spikes
|move|p1a: Charlie Kirsch|Matcha Gotcha|p2a: Ceruledge
|-resisted|p2a: Ceruledge
|-damage|p2a: Ceruledge|60/100
|-heal|p1a: Charlie Kirsch|99/100 psn|[from] drain|[of] p2a: Ceruledge
|
|-damage|p1a: Charlie Kirsch|87/100 psn|[from] psn
|upkeep
|turn|17
|
|t:|1776337117
|move|p2a: Ceruledge|Bitter Blade|p1a: Charlie Kirsch
|-supereffective|p1a: Charlie Kirsch
|-damage|p1a: Charlie Kirsch|55/100 psn
|-heal|p2a: Ceruledge|80/100|[from] drain|[of] p1a: Charlie Kirsch
|move|p1a: Charlie Kirsch|Shadow Ball|p2a: Ceruledge
|-supereffective|p2a: Ceruledge
|-damage|p2a: Ceruledge|0 fnt
|faint|p2a: Ceruledge
|
|-damage|p1a: Charlie Kirsch|42/100 psn|[from] psn
|-fieldend|move: Electric Terrain
|upkeep
|-message|Dragonmaster5020 forfeited.
|
|win|bearfirst4
|raw|bearfirst4's rating: 1215 &rarr; <strong>1236</strong><br />(+21 for winning)
|raw|Dragonmaster5020's rating: 1165 &rarr; <strong>1144</strong><br />(-21 for losing)
|l|☆Dragonmaster5020
|player|p2|
