|html|<div class="broadcast-blue"><strong>[Gen 9] OU is currently suspecting Tera Blast! For information on how to participate check out the <a href="https://www.smogon.com/tools/suspects/view/200">suspect thread</a>.</strong></div>
|j|☆alone of life
|j|☆SuperSpicyRamen
|t:|1776252249
|gametype|singles
|player|p1|alone of life|102|1262
|player|p2|SuperSpicyRamen|170|1274
|gen|9
|tier|[Gen 9] OU
|rated|
|rule|HP Percentage Mod: HP is shown in percentages
|rule|Endless Battle Clause: Forcing endless battles is banned
|rule|Species Clause: Limit one of each Pokémon
|rule|OHKO Clause: OHKO moves are banned
|rule|Evasion Items Clause: Evasion items are banned
|rule|Evasion Moves Clause: Evasion moves are banned
|rule|Evasion Abilities Clause: Evasion abilities are banned
|rule|Sleep Moves Clause: Sleep-inducing moves are banned
|clearpoke
|poke|p1|Incineroar, F|
|poke|p1|Greninja-*, M|
|poke|p1|Iron Valiant|
|poke|p1|Rillaboom, M|
|poke|p1|Great Tusk|
|poke|p1|Iron Moth|
|poke|p2|Meloetta|
|poke|p2|Araquanid, F|
|poke|p2|Kleavor, M|
|poke|p2|Greninja-*, M|
|poke|p2|Tsareena, F|
|poke|p2|Latias, F|
|teampreview
|inactive|Battle timer is ON: inactive players will automatically lose when time's up. (requested by SuperSpicyRamen)
|inactive|alone of life has 120 seconds left.
|inactive|SuperSpicyRamen has 120 seconds left.
|
|t:|1776252287
|teamsize|p1|6
|teamsize|p2|6
|start
|switch|p1a: Incineroar|Incineroar, F|100/100
|switch|p2a: Kleavor|Kleavor, M|100/100
|-ability|p1a: Incineroar|Intimidate|boost
|-unboost|p2a: Kleavor|atk|1
|turn|1
|
|t:|1776252294
|move|p2a: Kleavor|Stone Axe|p1a: Incineroar
|-supereffective|p1a: Incineroar
|-damage|p1a: Incineroar|29/100
|-sidestart|p1: alone of life|move: Stealth Rock
|move|p1a: Incineroar|Will-O-Wisp|p2a: Kleavor
|-status|p2a: Kleavor|brn
|
|-heal|p1a: Incineroar|35/100|[from] item: Leftovers
|-damage|p2a: Kleavor|94/100 brn|[from] brn
|upkeep
|turn|2
|
|t:|1776252302
|switch|p2a: Araquanid|Araquanid, F, shiny|100/100
|switch|p1a: Great Tusk|Great Tusk|100/100
|-damage|p1a: Great Tusk|98/100|[from] Stealth Rock
|
|upkeep
|turn|3
|
|t:|1776252321
|move|p1a: Great Tusk|Rapid Spin|p2a: Araquanid
|-damage|p2a: Araquanid|83/100
|-boost|p1a: Great Tusk|spe|1
|-sideend|p1: alone of life|Stealth Rock|[from] move: Rapid Spin|[of] p1a: Great Tusk
|move|p2a: Araquanid|Surf|p1a: Great Tusk
|-supereffective|p1a: Great Tusk
|-damage|p1a: Great Tusk|0 fnt
|faint|p1a: Great Tusk
|-end|p1a: Great Tusk|Protosynthesis|[silent]
|
|upkeep
|
|t:|1776252331
|switch|p1a: Iron Moth|Iron Moth|100/100
|turn|4
|
|t:|1776252337
|move|p1a: Iron Moth|Discharge|p2a: Araquanid
|-supereffective|p2a: Araquanid
|-damage|p2a: Araquanid|29/100
|move|p2a: Araquanid|Sticky Web|p1a: Iron Moth
|-sidestart|p1: alone of life|move: Sticky Web
|
|upkeep
|turn|5
|
|t:|1776252342
|move|p2a: Araquanid|Endure|p2a: Araquanid
|-singleturn|p2a: Araquanid|move: Endure
|move|p1a: Iron Moth|Discharge|p2a: Araquanid
|-supereffective|p2a: Araquanid
|-activate|p2a: Araquanid|move: Endure
|-damage|p2a: Araquanid|1/100
|
|upkeep
|turn|6
|-enditem|p2a: Araquanid|Custap Berry|[eat]
|-activate|p2a: Araquanid|item: Custap Berry|[consumed]
|
|t:|1776252345
|move|p2a: Araquanid|Surf|p1a: Iron Moth
|-supereffective|p1a: Iron Moth
|-damage|p1a: Iron Moth|0 fnt
|faint|p1a: Iron Moth
|-end|p1a: Iron Moth|Quark Drive|[silent]
|
|upkeep
|
|t:|1776252353
|switch|p1a: Greninja|Greninja, M|100/100
|-activate|p1a: Greninja|move: Sticky Web
|-unboost|p1a: Greninja|spe|1
|turn|7
|
|t:|1776252358
|switch|p2a: Tsareena|Tsareena, F|100/100
|move|p1a: Greninja|Water Shuriken||[still]
|cant|p2a: Tsareena|ability: Queenly Majesty|Water Shuriken|[of] p1a: Greninja
|
|upkeep
|turn|8
|
|t:|1776252368
|switch|p1a: Incineroar|Incineroar, F|35/100
|-activate|p1a: Incineroar|move: Sticky Web
|-unboost|p1a: Incineroar|spe|1
|-ability|p1a: Incineroar|Intimidate|boost
|-unboost|p2a: Tsareena|atk|1
|move|p2a: Tsareena|Knock Off|p1a: Incineroar
|-resisted|p1a: Incineroar
|-damage|p1a: Incineroar|26/100
|-enditem|p1a: Incineroar|Leftovers|[from] move: Knock Off|[of] p2a: Tsareena
|
|upkeep
|turn|9
|
|t:|1776252377
|move|p2a: Tsareena|U-turn|p1a: Incineroar
|-damage|p1a: Incineroar|14/100
|
|t:|1776252379
|switch|p2a: Kleavor|Kleavor, M|94/100 brn|[from] U-turn
|move|p1a: Incineroar|Will-O-Wisp|p2a: Kleavor
|-fail|p2a: Kleavor|brn
|
|-damage|p2a: Kleavor|88/100 brn|[from] brn
|upkeep
|turn|10
|
|t:|1776252390
|move|p2a: Kleavor|U-turn|p1a: Incineroar
|-damage|p1a: Incineroar|0 fnt
|faint|p1a: Incineroar
|
|t:|1776252398
|switch|p2a: Araquanid|Araquanid, F, shiny|1/100|[from] U-turn
|
|upkeep
|
|t:|1776252404
|switch|p1a: Rillaboom|Rillaboom, M|100/100
|-activate|p1a: Rillaboom|move: Sticky Web
|-unboost|p1a: Rillaboom|spe|1
|-fieldstart|move: Grassy Terrain|[from] ability: Grassy Surge|[of] p1a: Rillaboom
|turn|11
|
|t:|1776252414
|move|p1a: Rillaboom|U-turn|p2a: Araquanid
|-damage|p2a: Araquanid|0 fnt
|faint|p2a: Araquanid
|-damage|p1a: Rillaboom|91/100|[from] item: Life Orb
|
|t:|1776252428
|switch|p1a: Greninja|Greninja, M|100/100|[from] U-turn
|-activate|p1a: Greninja|move: Sticky Web
|-unboost|p1a: Greninja|spe|1
|
|upkeep
|
|t:|1776252447
|switch|p2a: Latias|Latias, F|100/100
|turn|12
|
|t:|1776252476
|move|p2a: Latias|Calm Mind|p2a: Latias
|-boost|p2a: Latias|spa|1
|-boost|p2a: Latias|spd|1
|move|p1a: Greninja|Ice Beam|p2a: Latias
|-supereffective|p2a: Latias
|-damage|p2a: Latias|74/100
|-enditem|p2a: Latias|Weakness Policy
|-boost|p2a: Latias|atk|2|[from] item: Weakness Policy
|-boost|p2a: Latias|spa|2|[from] item: Weakness Policy
|
|upkeep
|turn|13
|
|t:|1776252485
|move|p2a: Latias|Aura Sphere|p1a: Greninja
|-supereffective|p1a: Greninja
|-damage|p1a: Greninja|0 fnt
|faint|p1a: Greninja
|
|upkeep
|
|t:|1776252496
|switch|p1a: Iron Valiant|Iron Valiant|100/100
|-activate|p1a: Iron Valiant|move: Sticky Web
|-unboost|p1a: Iron Valiant|spe|1
|-enditem|p1a: Iron Valiant|Booster Energy
|-activate|p1a: Iron Valiant|ability: Quark Drive|[fromitem]
|-start|p1a: Iron Valiant|quarkdriveatk
|turn|14
|
|t:|1776252503
|move|p2a: Latias|Stored Power|p1a: Iron Valiant
|-supereffective|p1a: Iron Valiant
|-damage|p1a: Iron Valiant|0 fnt
|faint|p1a: Iron Valiant
|-end|p1a: Iron Valiant|Quark Drive|[silent]
|
|upkeep
|
|t:|1776252512
|switch|p1a: Rillaboom|Rillaboom, M|91/100
|-activate|p1a: Rillaboom|move: Sticky Web
|-unboost|p1a: Rillaboom|spe|1
|turn|15
|
|t:|1776252519
|move|p2a: Latias|Stored Power|p1a: Rillaboom
|-crit|p1a: Rillaboom
|-damage|p1a: Rillaboom|0 fnt
|faint|p1a: Rillaboom
|
|win|SuperSpicyRamen
|raw|alone of life's rating: 1262 &rarr; <strong>1238</strong><br />(-24 for losing)
|raw|SuperSpicyRamen's rating: 1274 &rarr; <strong>1298</strong><br />(+24 for winning)
|c|☆SuperSpicyRamen|gg
|c|☆SuperSpicyRamen|um
|c|☆SuperSpicyRamen|you still here?
