|html|<div class="broadcast-blue"><strong>[Gen 9] OU is currently suspecting Tera Blast! For information on how to participate check out the <a href="https://www.smogon.com/tools/suspects/view/200">suspect thread</a>.</strong></div>
|j|☆greatestwarriors
|j|☆p8tience
|t:|1776066452
|gametype|singles
|player|p1|greatestwarriors|265|1376
|player|p2|p8tience|li|1420
|gen|9
|tier|[Gen 9] OU
|rated|
|rule|HP Percentage Mod: HP is shown in percentages
|rule|Endless Battle Clause: Forcing endless battles is banned
|rule|Species Clause: Limit one of each Pokémon
|rule|OHKO Clause: OHKO moves are banned
|rule|Evasion Items Clause: Evasion items are banned
|rule|Evasion Moves Clause: Evasion moves are banned
|rule|Evasion Abilities Clause: Evasion abilities are banned
|rule|Sleep Moves Clause: Sleep-inducing moves are banned
|clearpoke
|poke|p1|Hydrapple, M|
|poke|p1|Tyranitar, F|
|poke|p1|Moltres|
|poke|p1|Zamazenta-*|
|poke|p1|Slowking-Galar, F|
|poke|p1|Excadrill, F|
|poke|p2|Hydrapple, M|
|poke|p2|Tyranitar, F|
|poke|p2|Moltres|
|poke|p2|Zamazenta-*|
|poke|p2|Slowking-Galar, F|
|poke|p2|Excadrill, F|
|teampreview
|inactive|Battle timer is ON: inactive players will automatically lose when time's up. (requested by greatestwarriors)
|c|☆p8tience|nice team
|c|☆greatestwarriors|τςιν
|c|☆greatestwarriors|twin
|
|t:|1776066467
|teamsize|p1|6
|teamsize|p2|6
|start
|switch|p1a: Slowking|Slowking-Galar, F|100/100
|switch|p2a: Tyranitar|Tyranitar, F|100/100
|-weather|Sandstorm|[from] ability: Sand Stream|[of] p2a: Tyranitar
|turn|1
|
|t:|1776066471
|switch|p1a: Zamazenta|Zamazenta|100/100
|-ability|p1a: Zamazenta|Dauntless Shield|boost
|-boost|p1a: Zamazenta|def|1
|move|p2a: Tyranitar|Knock Off|p1a: Zamazenta
|-resisted|p1a: Zamazenta
|-damage|p1a: Zamazenta|89/100
|-enditem|p1a: Zamazenta|Leftovers|[from] move: Knock Off|[of] p2a: Tyranitar
|
|-weather|Sandstorm|[upkeep]
|-damage|p1a: Zamazenta|83/100|[from] Sandstorm
|upkeep
|turn|2
|
|t:|1776066481
|switch|p1a: Tyranitar|Tyranitar, F|100/100
|switch|p2a: Slowking|Slowking-Galar, F|100/100
|
|-weather|Sandstorm|[upkeep]
|-damage|p2a: Slowking|94/100|[from] Sandstorm
|upkeep
|turn|3
|
|t:|1776066485
|switch|p2a: Tyranitar|Tyranitar, F|100/100
|move|p1a: Tyranitar|Stealth Rock|p2a: Tyranitar
|-sidestart|p2: p8tience|move: Stealth Rock
|
|-weather|Sandstorm|[upkeep]
|upkeep
|turn|4
|
|t:|1776066489
|move|p2a: Tyranitar|Stealth Rock|p1a: Tyranitar
|-sidestart|p1: greatestwarriors|move: Stealth Rock
|move|p1a: Tyranitar|Knock Off|p2a: Tyranitar
|-resisted|p2a: Tyranitar
|-damage|p2a: Tyranitar|83/100
|-enditem|p2a: Tyranitar|Smooth Rock|[from] move: Knock Off|[of] p1a: Tyranitar
|
|-weather|Sandstorm|[upkeep]
|upkeep
|turn|5
|
|t:|1776066495
|move|p2a: Tyranitar|Thunder Wave|p1a: Tyranitar
|-status|p1a: Tyranitar|par
|move|p1a: Tyranitar|Ice Beam|p2a: Tyranitar
|-damage|p2a: Tyranitar|74/100
|
|-weather|Sandstorm|[upkeep]
|upkeep
|turn|6
|
|t:|1776066500
|move|p2a: Tyranitar|Knock Off|p1a: Tyranitar
|-resisted|p1a: Tyranitar
|-damage|p1a: Tyranitar|85/100 par
|-enditem|p1a: Tyranitar|Smooth Rock|[from] move: Knock Off|[of] p2a: Tyranitar
|move|p1a: Tyranitar|Thunder Wave|p2a: Tyranitar
|-status|p2a: Tyranitar|par
|
|-weather|Sandstorm|[upkeep]
|upkeep
|turn|7
|
|t:|1776066509
|switch|p2a: Excadrill|Excadrill, F|100/100
|-damage|p2a: Excadrill|97/100|[from] Stealth Rock
|-item|p2a: Excadrill|Air Balloon
|move|p1a: Tyranitar|Ice Beam|p2a: Excadrill
|-damage|p2a: Excadrill|71/100
|-enditem|p2a: Excadrill|Air Balloon
|
|-weather|Sandstorm|[upkeep]
|upkeep
|turn|8
|
|t:|1776066526
|switch|p1a: Moltres|Moltres|100/100
|move|p2a: Excadrill|Earthquake|p1a: Moltres
|-immune|p1a: Moltres
|
|-weather|none
|upkeep
|turn|9
|
|t:|1776066541
|switch|p2a: Slowking|Slowking-Galar, F|100/100
|-damage|p2a: Slowking|88/100|[from] Stealth Rock
|move|p1a: Moltres|U-turn|p2a: Slowking
|-damage|p2a: Slowking|77/100
|inactive|greatestwarriors has 120 seconds left.
|
|t:|1776066577
|switch|p1a: Tyranitar|Tyranitar, F|85/100 par|[from] U-turn
|-damage|p1a: Tyranitar|72/100 par|[from] Stealth Rock
|-weather|Sandstorm|[from] ability: Sand Stream|[of] p1a: Tyranitar
|
|-weather|Sandstorm|[upkeep]
|-damage|p2a: Slowking|71/100|[from] Sandstorm
|upkeep
|turn|10
|
|t:|1776066601
|switch|p2a: Tyranitar|Tyranitar, F|74/100 par
|-damage|p2a: Tyranitar|61/100 par|[from] Stealth Rock
|switch|p1a: Excadrill|Excadrill, F|100/100
|-damage|p1a: Excadrill|97/100|[from] Stealth Rock
|-item|p1a: Excadrill|Air Balloon
|
|-weather|Sandstorm|[upkeep]
|upkeep
|turn|11
|inactive|greatestwarriors has 120 seconds left.
|
|t:|1776066610
|switch|p2a: Moltres|Moltres|100/100
|move|p1a: Excadrill|Swords Dance|p1a: Excadrill
|-boost|p1a: Excadrill|atk|2
|
|-weather|Sandstorm|[upkeep]
|-damage|p2a: Moltres|94/100|[from] Sandstorm
|upkeep
|turn|12
|
|t:|1776066615
|move|p1a: Excadrill|Rock Slide|p2a: Moltres
|-supereffective|p2a: Moltres
|-damage|p2a: Moltres|0 fnt
|faint|p2a: Moltres
|
|-weather|Sandstorm|[upkeep]
|upkeep
|
|t:|1776066627
|switch|p2a: Zamazenta|Zamazenta|100/100
|-damage|p2a: Zamazenta|94/100|[from] Stealth Rock
|-ability|p2a: Zamazenta|Dauntless Shield|boost
|-boost|p2a: Zamazenta|def|1
|turn|13
|
|t:|1776066630
|switch|p1a: Moltres|Moltres|100/100
|move|p2a: Zamazenta|Iron Defense|p2a: Zamazenta
|-boost|p2a: Zamazenta|def|2
|
|-weather|none
|-heal|p2a: Zamazenta|100/100|[from] item: Leftovers
|upkeep
|turn|14
|
|t:|1776066642
|switch|p2a: Tyranitar|Tyranitar, F|61/100 par
|-damage|p2a: Tyranitar|49/100 par|[from] Stealth Rock
|-weather|Sandstorm|[from] ability: Sand Stream|[of] p2a: Tyranitar
|move|p1a: Moltres|Roar|p2a: Tyranitar
|drag|p2a: Slowking|Slowking-Galar, F|100/100
|-damage|p2a: Slowking|88/100|[from] Stealth Rock
|
|-weather|Sandstorm|[upkeep]
|-damage|p1a: Moltres|94/100|[from] Sandstorm
|-damage|p2a: Slowking|82/100|[from] Sandstorm
|upkeep
|turn|15
|
|t:|1776066654
|move|p1a: Moltres|Flamethrower|p2a: Slowking
|-damage|p2a: Slowking|63/100
|move|p2a: Slowking|Flamethrower|p1a: Moltres
|-resisted|p1a: Moltres
|-damage|p1a: Moltres|83/100
|
|-weather|Sandstorm|[upkeep]
|-damage|p1a: Moltres|77/100|[from] Sandstorm
|-damage|p2a: Slowking|57/100|[from] Sandstorm
|upkeep
|turn|16
|
|t:|1776066666
|switch|p1a: Tyranitar|Tyranitar, F|72/100 par
|-damage|p1a: Tyranitar|60/100 par|[from] Stealth Rock
|move|p2a: Slowking|Flamethrower|p1a: Tyranitar
|-resisted|p1a: Tyranitar
|-damage|p1a: Tyranitar|55/100 par
|
|-weather|Sandstorm|[upkeep]
|-damage|p2a: Slowking|51/100|[from] Sandstorm
|upkeep
|turn|17
|
|t:|1776066677
|switch|p2a: Hydrapple|Hydrapple, M|100/100
|cant|p1a: Tyranitar|par
|
|-weather|Sandstorm|[upkeep]
|-damage|p2a: Hydrapple|94/100|[from] Sandstorm
|upkeep
|turn|18
|
|t:|1776066681
|move|p2a: Hydrapple|Giga Drain|p1a: Tyranitar
|-supereffective|p1a: Tyranitar
|-damage|p1a: Tyranitar|25/100 par
|-heal|p2a: Hydrapple|100/100|[from] drain|[of] p1a: Tyranitar
|move|p1a: Tyranitar|Ice Beam|p2a: Hydrapple
|-supereffective|p2a: Hydrapple
|-damage|p2a: Hydrapple|11/100
|
|-weather|none
|upkeep
|turn|19
|
|t:|1776066690
|switch|p1a: Moltres|Moltres|77/100
|move|p2a: Hydrapple|Giga Drain|p1a: Moltres
|-resisted|p1a: Moltres
|-damage|p1a: Moltres|69/100
|-heal|p2a: Hydrapple|14/100|[from] drain|[of] p1a: Moltres
|
|upkeep
|turn|20
|
|t:|1776066696
|switch|p2a: Slowking|Slowking-Galar, F|84/100
|-damage|p2a: Slowking|72/100|[from] Stealth Rock
|move|p1a: Moltres|U-turn|p2a: Slowking
|-crit|p2a: Slowking
|-damage|p2a: Slowking|56/100
|
|t:|1776066703
|switch|p1a: Excadrill|Excadrill, F|97/100|[from] U-turn
|-damage|p1a: Excadrill|94/100|[from] Stealth Rock
|-item|p1a: Excadrill|Air Balloon
|
|upkeep
|turn|21
|
|t:|1776066715
|switch|p2a: Zamazenta|Zamazenta|100/100
|-damage|p2a: Zamazenta|94/100|[from] Stealth Rock
|move|p1a: Excadrill|Rapid Spin|p2a: Zamazenta
|-damage|p2a: Zamazenta|80/100
|-boost|p1a: Excadrill|spe|1
|-sideend|p1: greatestwarriors|Stealth Rock|[from] move: Rapid Spin|[of] p1a: Excadrill
|
|-heal|p2a: Zamazenta|86/100|[from] item: Leftovers
|upkeep
|turn|22
|
|t:|1776066724
|switch|p1a: Moltres|Moltres|69/100
|switch|p2a: Hydrapple|Hydrapple, M|48/100
|
|upkeep
|turn|23
|
|t:|1776066743
|switch|p2a: Slowking|Slowking-Galar, F|89/100
|-damage|p2a: Slowking|77/100|[from] Stealth Rock
|move|p1a: Moltres|Flamethrower|p2a: Slowking
|-damage|p2a: Slowking|56/100
|
|upkeep
|turn|24
|
|t:|1776066754
|move|p1a: Moltres|U-turn|p2a: Slowking
|-damage|p2a: Slowking|44/100
|
|t:|1776066760
|switch|p1a: Excadrill|Excadrill, F|94/100|[from] U-turn
|-item|p1a: Excadrill|Air Balloon
|move|p2a: Slowking|Flamethrower|p1a: Excadrill
|-supereffective|p1a: Excadrill
|-damage|p1a: Excadrill|27/100
|-enditem|p1a: Excadrill|Air Balloon
|
|upkeep
|turn|25
|inactive|greatestwarriors has 120 seconds left.
|
|t:|1776066806
|switch|p2a: Hydrapple|Hydrapple, M|81/100
|move|p1a: Excadrill|Earthquake|p2a: Hydrapple
|-resisted|p2a: Hydrapple
|-damage|p2a: Hydrapple|66/100
|
|upkeep
|turn|26
|
|t:|1776066813
|switch|p1a: Tyranitar|Tyranitar, F|25/100 par
|-weather|Sandstorm|[from] ability: Sand Stream|[of] p1a: Tyranitar
|move|p2a: Hydrapple|Giga Drain|p1a: Tyranitar
|-supereffective|p1a: Tyranitar
|-damage|p1a: Tyranitar|0 fnt
|-heal|p2a: Hydrapple|79/100|[from] drain|[of] p1a: Tyranitar
|faint|p1a: Tyranitar
|
|-weather|Sandstorm|[upkeep]
|-damage|p2a: Hydrapple|72/100|[from] Sandstorm
|upkeep
|
|t:|1776066821
|switch|p1a: Slowking|Slowking-Galar, F|100/100
|turn|27
|
|t:|1776066837
|switch|p2a: Tyranitar|Tyranitar, F|49/100 par
|-damage|p2a: Tyranitar|36/100 par|[from] Stealth Rock
|move|p1a: Slowking|Psyshock|p2a: Tyranitar
|-immune|p2a: Tyranitar
|
|-weather|Sandstorm|[upkeep]
|-damage|p1a: Slowking|94/100|[from] Sandstorm
|upkeep
|turn|28
|
|t:|1776066846
|switch|p1a: Moltres|Moltres|69/100
|move|p2a: Tyranitar|Stealth Rock|p1a: Moltres
|-sidestart|p1: greatestwarriors|move: Stealth Rock
|
|-weather|Sandstorm|[upkeep]
|-damage|p1a: Moltres|63/100|[from] Sandstorm
|upkeep
|turn|29
|
|t:|1776066858
|switch|p2a: Hydrapple|Hydrapple, M|100/100
|move|p1a: Moltres|U-turn|p2a: Hydrapple
|-supereffective|p2a: Hydrapple
|-damage|p2a: Hydrapple|82/100
|
|t:|1776066870
|switch|p1a: Slowking|Slowking-Galar, F|100/100|[from] U-turn
|-damage|p1a: Slowking|88/100|[from] Stealth Rock
|
|-weather|Sandstorm|[upkeep]
|-damage|p2a: Hydrapple|76/100|[from] Sandstorm
|-damage|p1a: Slowking|82/100|[from] Sandstorm
|upkeep
|turn|30
|inactive|p8tience has 120 seconds left.
|
|t:|1776066905
|switch|p2a: Excadrill|Excadrill, F|71/100
|-damage|p2a: Excadrill|68/100|[from] Stealth Rock
|move|p1a: Slowking|Ice Beam|p2a: Excadrill
|-damage|p2a: Excadrill|38/100
|
|-weather|none
|upkeep
|turn|31
|inactive|p8tience has 120 seconds left.
|
|t:|1776066916
|switch|p1a: Moltres|Moltres|63/100
|move|p2a: Excadrill|Rapid Spin|p1a: Moltres
|-damage|p1a: Moltres|52/100
|-boost|p2a: Excadrill|spe|1
|-status|p2a: Excadrill|brn|[from] ability: Flame Body|[of] p1a: Moltres
|-sideend|p2: p8tience|Stealth Rock|[from] move: Rapid Spin|[of] p2a: Excadrill
|
|-damage|p2a: Excadrill|32/100 brn|[from] brn
|upkeep
|turn|32
|inactive|p8tience has 120 seconds left.
|inactive|greatestwarriors has 120 seconds left.
|
|t:|1776066942
|switch|p2a: Hydrapple|Hydrapple, M|100/100
|move|p1a: Moltres|Roost|p1a: Moltres
|-heal|p1a: Moltres|100/100
|-singleturn|p1a: Moltres|move: Roost
|
|upkeep
|turn|33
|inactive|greatestwarriors has 120 seconds left.
|
|t:|1776066952
|move|p1a: Moltres|Flamethrower|p2a: Hydrapple
|-damage|p2a: Hydrapple|62/100
|move|p2a: Hydrapple|Nasty Plot|p2a: Hydrapple
|-boost|p2a: Hydrapple|spa|2
|
|upkeep
|turn|34
|inactive|greatestwarriors has 120 seconds left.
|
|t:|1776066983
|move|p2a: Hydrapple|Fickle Beam|p1a: Moltres
|-damage|p1a: Moltres|28/100
|move|p1a: Moltres|Roar|p2a: Hydrapple
|drag|p2a: Tyranitar|Tyranitar, F|36/100 par
|-weather|Sandstorm|[from] ability: Sand Stream|[of] p2a: Tyranitar
|
|-weather|Sandstorm|[upkeep]
|-damage|p1a: Moltres|22/100|[from] Sandstorm
|upkeep
|turn|35
|inactive|p8tience has 120 seconds left.
|
|t:|1776066998
|switch|p2a: Hydrapple|Hydrapple, M|95/100
|move|p1a: Moltres|U-turn|p2a: Hydrapple
|-supereffective|p2a: Hydrapple
|-damage|p2a: Hydrapple|76/100
|
|t:|1776067018
|switch|p1a: Slowking|Slowking-Galar, F|100/100|[from] U-turn
|-damage|p1a: Slowking|88/100|[from] Stealth Rock
|
|-weather|Sandstorm|[upkeep]
|-damage|p2a: Hydrapple|70/100|[from] Sandstorm
|-damage|p1a: Slowking|82/100|[from] Sandstorm
|upkeep
|turn|36
|inactive|p8tience has 120 seconds left.
|
|t:|1776067034
|switch|p2a: Slowking|Slowking-Galar, F|77/100
|move|p1a: Slowking|Sludge Bomb|p2a: Slowking
|-resisted|p2a: Slowking
|-damage|p2a: Slowking|67/100
|
|-weather|Sandstorm|[upkeep]
|-damage|p1a: Slowking|76/100|[from] Sandstorm
|-damage|p2a: Slowking|61/100|[from] Sandstorm
|upkeep
|turn|37
|inactive|greatestwarriors has 90 seconds left.
|
|t:|1776067076
|move|p2a: Slowking|Psyshock|p1a: Slowking
|-damage|p1a: Slowking|51/100
|move|p1a: Slowking|Psyshock|p2a: Slowking
|-damage|p2a: Slowking|39/100
|
|-weather|Sandstorm|[upkeep]
|-damage|p1a: Slowking|45/100|[from] Sandstorm
|-damage|p2a: Slowking|33/100|[from] Sandstorm
|upkeep
|turn|38
|
|t:|1776067087
|switch|p2a: Excadrill|Excadrill, F|32/100 brn
|switch|p1a: Excadrill|Excadrill, F|27/100
|-damage|p1a: Excadrill|24/100|[from] Stealth Rock
|
|-weather|none
|-damage|p2a: Excadrill|26/100 brn|[from] brn
|upkeep
|turn|39
|
|t:|1776067100
|move|p2a: Excadrill|Earthquake|p1a: Excadrill
|-supereffective|p1a: Excadrill
|-damage|p1a: Excadrill|0 fnt
|faint|p1a: Excadrill
|
|-damage|p2a: Excadrill|20/100 brn|[from] brn
|upkeep
|
|t:|1776067102
|switch|p1a: Zamazenta|Zamazenta|83/100
|-damage|p1a: Zamazenta|77/100|[from] Stealth Rock
|turn|40
|
|t:|1776067118
|switch|p2a: Slowking|Slowking-Galar, F|67/100
|move|p1a: Zamazenta|Iron Defense|p1a: Zamazenta
|-boost|p1a: Zamazenta|def|2
|
|upkeep
|turn|41
|inactive|greatestwarriors has 90 seconds left.
|inactive|greatestwarriors has 60 seconds left.
|
|t:|1776067165
|switch|p2a: Hydrapple|Hydrapple, M|100/100
|move|p1a: Zamazenta|Crunch|p2a: Hydrapple
|-damage|p2a: Hydrapple|88/100
|-unboost|p2a: Hydrapple|def|1
|
|upkeep
|turn|42
|
|t:|1776067178
|-terastallize|p2a: Hydrapple|Poison
|move|p1a: Zamazenta|Iron Defense|p1a: Zamazenta
|-boost|p1a: Zamazenta|def|2
|move|p2a: Hydrapple|Giga Drain|p1a: Zamazenta
|-damage|p1a: Zamazenta|46/100
|-heal|p2a: Hydrapple|100/100|[from] drain|[of] p1a: Zamazenta
|
|upkeep
|turn|43
|
|t:|1776067190
|switch|p2a: Slowking|Slowking-Galar, F|99/100
|move|p1a: Zamazenta|Body Press|p2a: Slowking
|-resisted|p2a: Slowking
|-damage|p2a: Slowking|80/100
|
|upkeep
|turn|44
|-message|greatestwarriors forfeited.
|
|win|p8tience
|raw|greatestwarriors's rating: 1376 &rarr; <strong>1359</strong><br />(-17 for losing)
|raw|p8tience's rating: 1420 &rarr; <strong>1437</strong><br />(+17 for winning)
|l|☆greatestwarriors
|player|p1|
|c|☆p8tience|gg
