|html|<div class="broadcast-blue"><strong>[Gen 9] OU is currently suspecting Tera Blast! For information on how to participate check out the <a href="https://www.smogon.com/tools/suspects/view/200">suspect thread</a>.</strong></div>
|j|☆Skull2323
|j|☆Chrisfeb1992
|t:|1776091422
|gametype|singles
|player|p1|Skull2323|caitlin|1509
|player|p2|Chrisfeb1992|2|1530
|gen|9
|tier|[Gen 9] OU
|rated|
|rule|HP Percentage Mod: HP is shown in percentages
|rule|Endless Battle Clause: Forcing endless battles is banned
|rule|Species Clause: Limit one of each Pokémon
|rule|OHKO Clause: OHKO moves are banned
|rule|Evasion Items Clause: Evasion items are banned
|rule|Evasion Moves Clause: Evasion moves are banned
|rule|Evasion Abilities Clause: Evasion abilities are banned
|rule|Sleep Moves Clause: Sleep-inducing moves are banned
|clearpoke
|poke|p1|Dragonite, M|
|poke|p1|Garganacl, F|
|poke|p1|Ogerpon-Wellspring, F|
|poke|p1|Gholdengo|
|poke|p1|Great Tusk|
|poke|p1|Gliscor, F|
|poke|p2|Landorus-Therian, M|
|poke|p2|Glimmora, M|
|poke|p2|Zapdos|
|poke|p2|Ting-Lu|
|poke|p2|Zamazenta-*|
|poke|p2|Darkrai|
|teampreview
|j| Monkey D MinMin
|l| Monkey D MinMin
|inactive|Battle timer is ON: inactive players will automatically lose when time's up. (requested by Skull2323)
|
|t:|1776091436
|teamsize|p1|6
|teamsize|p2|6
|start
|switch|p1a: Ogerpon|Ogerpon-Wellspring, F|100/100
|switch|p2a: Zapdos|Zapdos|100/100
|turn|1
|
|t:|1776091443
|move|p1a: Ogerpon|Ivy Cudgel|p2a: Zapdos|[anim] Ivy Cudgel Water
|-crit|p2a: Zapdos
|-damage|p2a: Zapdos|0 fnt
|faint|p2a: Zapdos
|
|upkeep
|
|t:|1776091451
|switch|p2a: Landorus|Landorus-Therian, M|100/100
|-ability|p2a: Landorus|Intimidate|boost
|-unboost|p1a: Ogerpon|atk|1
|turn|2
|
|t:|1776091459
|move|p1a: Ogerpon|U-turn|p2a: Landorus
|-resisted|p2a: Landorus
|-damage|p2a: Landorus|90/100
|-damage|p1a: Ogerpon|84/100|[from] item: Rocky Helmet|[of] p2a: Landorus
|
|t:|1776091462
|switch|p1a: Gliscor|Gliscor, F|100/100|[from] U-turn
|move|p2a: Landorus|U-turn|p1a: Gliscor
|-resisted|p1a: Gliscor
|-damage|p1a: Gliscor|90/100
|
|t:|1776091469
|switch|p2a: Darkrai|Darkrai|100/100|[from] U-turn
|
|-status|p1a: Gliscor|tox|[from] item: Toxic Orb
|upkeep
|turn|3
|
|t:|1776091476
|switch|p1a: Garganacl|Garganacl, F|100/100
|move|p2a: Darkrai|Ice Beam|p1a: Garganacl
|-damage|p1a: Garganacl|80/100
|
|-heal|p1a: Garganacl|86/100|[from] item: Leftovers
|upkeep
|turn|4
|
|t:|1776091484
|move|p2a: Darkrai|Nasty Plot|p2a: Darkrai
|-boost|p2a: Darkrai|spa|2
|move|p1a: Garganacl|Salt Cure|p2a: Darkrai
|-damage|p2a: Darkrai|83/100
|-start|p2a: Darkrai|Salt Cure
|
|-heal|p1a: Garganacl|93/100|[from] item: Leftovers
|-damage|p2a: Darkrai|71/100|[from] Salt Cure
|upkeep
|turn|5
|
|t:|1776091494
|move|p2a: Darkrai|Nasty Plot|p2a: Darkrai
|-boost|p2a: Darkrai|spa|2
|move|p1a: Garganacl|Salt Cure|p2a: Darkrai
|-damage|p2a: Darkrai|54/100
|
|-heal|p1a: Garganacl|99/100|[from] item: Leftovers
|-damage|p2a: Darkrai|41/100|[from] Salt Cure
|upkeep
|turn|6
|
|t:|1776091503
|move|p1a: Garganacl|Protect|p1a: Garganacl
|-singleturn|p1a: Garganacl|Protect
|move|p2a: Darkrai|Dark Pulse|p1a: Garganacl
|-activate|p1a: Garganacl|move: Protect
|
|-heal|p1a: Garganacl|100/100|[from] item: Leftovers
|-damage|p2a: Darkrai|29/100|[from] Salt Cure
|upkeep
|turn|7
|
|t:|1776091513
|move|p2a: Darkrai|Dark Pulse|p1a: Garganacl
|-crit|p1a: Garganacl
|-damage|p1a: Garganacl|0 fnt
|faint|p1a: Garganacl
|
|-damage|p2a: Darkrai|16/100|[from] Salt Cure
|upkeep
|
|t:|1776091519
|switch|p1a: Jimmy|Dragonite, M, shiny|100/100
|turn|8
|
|t:|1776091524
|switch|p2a: Glimmora|Glimmora, M|100/100
|move|p1a: Jimmy|Extreme Speed|p2a: Glimmora
|-resisted|p2a: Glimmora
|-damage|p2a: Glimmora|82/100
|-activate|p2a: Glimmora|ability: Toxic Debris
|-sidestart|p1: Skull2323|move: Toxic Spikes
|
|upkeep
|turn|9
|
|t:|1776091533
|move|p2a: Glimmora|Sludge Wave|p1a: Jimmy
|-damage|p1a: Jimmy|74/100
|move|p1a: Jimmy|Dragon Dance|p1a: Jimmy
|-boost|p1a: Jimmy|atk|1
|-boost|p1a: Jimmy|spe|1
|
|upkeep
|turn|10
|
|t:|1776091541
|-terastallize|p2a: Glimmora|Flying
|move|p1a: Jimmy|Earthquake|p2a: Glimmora
|-immune|p2a: Glimmora
|move|p2a: Glimmora|Power Gem|p1a: Jimmy
|-supereffective|p1a: Jimmy
|-damage|p1a: Jimmy|0 fnt
|faint|p1a: Jimmy
|
|upkeep
|
|t:|1776091549
|switch|p1a: Great Tusk|Great Tusk|100/100
|-status|p1a: Great Tusk|psn
|turn|11
|
|t:|1776091555
|move|p1a: Great Tusk|Ice Spinner|p2a: Glimmora
|-supereffective|p2a: Glimmora
|-damage|p2a: Glimmora|24/100
|-activate|p2a: Glimmora|ability: Toxic Debris
|-sidestart|p1: Skull2323|move: Toxic Spikes
|move|p2a: Glimmora|Earth Power|p1a: Great Tusk
|-damage|p1a: Great Tusk|57/100 psn
|-unboost|p1a: Great Tusk|spd|1
|
|-damage|p1a: Great Tusk|45/100 psn|[from] psn
|upkeep
|turn|12
|
|t:|1776091566
|move|p1a: Great Tusk|Rapid Spin|p2a: Glimmora
|-damage|p2a: Glimmora|7/100
|-boost|p1a: Great Tusk|spe|1
|-sideend|p1: Skull2323|Toxic Spikes|[from] move: Rapid Spin|[of] p1a: Great Tusk
|move|p2a: Glimmora|Earth Power|p1a: Great Tusk
|-damage|p1a: Great Tusk|0 fnt
|faint|p1a: Great Tusk
|-end|p1a: Great Tusk|Protosynthesis|[silent]
|
|upkeep
|
|t:|1776091577
|switch|p1a: Gliscor|Gliscor, F|90/100 tox
|turn|13
|
|t:|1776091581
|move|p2a: Glimmora|Power Gem|p1a: Gliscor
|-damage|p1a: Gliscor|51/100 tox
|move|p1a: Gliscor|Swords Dance|p1a: Gliscor
|-boost|p1a: Gliscor|atk|2
|
|-heal|p1a: Gliscor|64/100 tox|[from] ability: Poison Heal
|upkeep
|turn|14
|
|t:|1776091590
|move|p1a: Gliscor|Protect|p1a: Gliscor
|-singleturn|p1a: Gliscor|Protect
|move|p2a: Glimmora|Power Gem|p1a: Gliscor
|-activate|p1a: Gliscor|move: Protect
|
|-heal|p1a: Gliscor|76/100 tox|[from] ability: Poison Heal
|upkeep
|turn|15
|
|t:|1776091598
|move|p2a: Glimmora|Power Gem|p1a: Gliscor
|-damage|p1a: Gliscor|38/100 tox
|move|p1a: Gliscor|Knock Off|p2a: Glimmora
|-damage|p2a: Glimmora|0 fnt
|-activate|p2a: Glimmora|ability: Toxic Debris
|-sidestart|p1: Skull2323|move: Toxic Spikes
|-enditem|p2a: Glimmora|Heavy-Duty Boots|[from] move: Knock Off|[of] p1a: Gliscor
|faint|p2a: Glimmora
|
|-heal|p1a: Gliscor|50/100 tox|[from] ability: Poison Heal
|upkeep
|
|t:|1776091612
|switch|p2a: Zamazenta|Zamazenta|100/100
|-ability|p2a: Zamazenta|Dauntless Shield|boost
|-boost|p2a: Zamazenta|def|1
|turn|16
|j| Foxi4
|
|t:|1776091619
|switch|p1a: Gholdengo|Gholdengo|100/100
|-item|p1a: Gholdengo|Air Balloon
|move|p2a: Zamazenta|Iron Defense|p2a: Zamazenta
|-boost|p2a: Zamazenta|def|2
|
|upkeep
|turn|17
|
|t:|1776091626
|switch|p1a: Ogerpon|Ogerpon-Wellspring, F|84/100
|-status|p1a: Ogerpon|psn
|move|p2a: Zamazenta|Crunch|p1a: Ogerpon
|-crit|p1a: Ogerpon
|-damage|p1a: Ogerpon|42/100 psn
|
|-damage|p1a: Ogerpon|30/100 psn|[from] psn
|upkeep
|turn|18
|
|t:|1776091636
|switch|p1a: Gholdengo|Gholdengo|100/100
|-item|p1a: Gholdengo|Air Balloon
|move|p2a: Zamazenta|Crunch|p1a: Gholdengo
|-supereffective|p1a: Gholdengo
|-damage|p1a: Gholdengo|71/100
|-enditem|p1a: Gholdengo|Air Balloon
|
|upkeep
|turn|19
|
|t:|1776091647
|move|p2a: Zamazenta|Crunch|p1a: Gholdengo
|-supereffective|p1a: Gholdengo
|-damage|p1a: Gholdengo|43/100
|-unboost|p1a: Gholdengo|def|1
|move|p1a: Gholdengo|Thunder Wave|p2a: Zamazenta
|-status|p2a: Zamazenta|par
|
|upkeep
|turn|20
|
|t:|1776091655
|move|p1a: Gholdengo|Recover|p1a: Gholdengo
|-heal|p1a: Gholdengo|93/100
|move|p2a: Zamazenta|Crunch|p1a: Gholdengo
|-supereffective|p1a: Gholdengo
|-damage|p1a: Gholdengo|50/100
|
|upkeep
|turn|21
|
|t:|1776091662
|move|p1a: Gholdengo|Hex|p2a: Zamazenta
|-damage|p2a: Zamazenta|55/100 par
|move|p2a: Zamazenta|Crunch|p1a: Gholdengo
|-supereffective|p1a: Gholdengo
|-damage|p1a: Gholdengo|7/100
|
|upkeep
|turn|22
|
|t:|1776091673
|switch|p1a: Ogerpon|Ogerpon-Wellspring, F|30/100 psn
|move|p2a: Zamazenta|Crunch|p1a: Ogerpon
|-damage|p1a: Ogerpon|4/100 psn
|
|-damage|p1a: Ogerpon|0 fnt|[from] psn
|faint|p1a: Ogerpon
|upkeep
|
|t:|1776091674
|switch|p1a: Gholdengo|Gholdengo|7/100
|turn|23
|
|t:|1776091685
|switch|p2a: Landorus|Landorus-Therian, M|90/100
|-ability|p2a: Landorus|Intimidate|boost
|-unboost|p1a: Gholdengo|atk|1
|move|p1a: Gholdengo|Recover|p1a: Gholdengo
|-heal|p1a: Gholdengo|57/100
|
|upkeep
|turn|24
|
|t:|1776091694
|switch|p1a: Gliscor|Gliscor, F|50/100 tox
|move|p2a: Landorus|Earthquake|p1a: Gliscor
|-immune|p1a: Gliscor
|
|-heal|p1a: Gliscor|63/100 tox|[from] ability: Poison Heal
|upkeep
|turn|25
|
|t:|1776091703
|move|p2a: Landorus|Stealth Rock|p1a: Gliscor
|-sidestart|p1: Skull2323|move: Stealth Rock
|move|p1a: Gliscor|Knock Off|p2a: Landorus
|-damage|p2a: Landorus|65/100
|-damage|p1a: Gliscor|47/100 tox|[from] item: Rocky Helmet|[of] p2a: Landorus
|-enditem|p2a: Landorus|Rocky Helmet|[from] move: Knock Off|[of] p1a: Gliscor
|
|-heal|p1a: Gliscor|59/100 tox|[from] ability: Poison Heal
|upkeep
|turn|26
|
|t:|1776091714
|switch|p2a: Darkrai|Darkrai|16/100
|move|p1a: Gliscor|Protect||[still]
|-fail|p1a: Gliscor
|
|-heal|p1a: Gliscor|72/100 tox|[from] ability: Poison Heal
|upkeep
|turn|27
|
|t:|1776091722
|-terastallize|p1a: Gliscor|Normal
|move|p2a: Darkrai|Ice Beam|p1a: Gliscor
|-damage|p1a: Gliscor|41/100 tox
|move|p1a: Gliscor|Facade|p2a: Darkrai
|-damage|p2a: Darkrai|0 fnt
|faint|p2a: Darkrai
|
|-heal|p1a: Gliscor|54/100 tox|[from] ability: Poison Heal
|upkeep
|
|t:|1776091734
|switch|p2a: Zamazenta|Zamazenta|55/100 par
|turn|28
|
|t:|1776091738
|switch|p1a: Gholdengo|Gholdengo|57/100
|-damage|p1a: Gholdengo|51/100|[from] Stealth Rock
|move|p2a: Zamazenta|Crunch|p1a: Gholdengo
|-supereffective|p1a: Gholdengo
|-damage|p1a: Gholdengo|22/100
|-unboost|p1a: Gholdengo|def|1
|
|upkeep
|turn|29
|
|t:|1776091747
|move|p1a: Gholdengo|Hex|p2a: Zamazenta
|-damage|p2a: Zamazenta|8/100 par
|cant|p2a: Zamazenta|par
|
|upkeep
|turn|30
|
|t:|1776091753
|move|p1a: Gholdengo|Hex|p2a: Zamazenta
|-damage|p2a: Zamazenta|0 fnt
|faint|p2a: Zamazenta
|
|upkeep
|
|t:|1776091758
|switch|p2a: Landorus|Landorus-Therian, M|65/100
|-ability|p2a: Landorus|Intimidate|boost
|-unboost|p1a: Gholdengo|atk|1
|turn|31
|
|t:|1776091762
|move|p2a: Landorus|Earthquake|p1a: Gholdengo
|-supereffective|p1a: Gholdengo
|-damage|p1a: Gholdengo|0 fnt
|faint|p1a: Gholdengo
|
|upkeep
|
|t:|1776091763
|switch|p1a: Gliscor|Gliscor, F, tera:Normal|54/100 tox
|-damage|p1a: Gliscor|41/100 tox|[from] Stealth Rock
|turn|32
|
|t:|1776091771
|move|p1a: Gliscor|Protect|p1a: Gliscor
|-singleturn|p1a: Gliscor|Protect
|move|p2a: Landorus|Earthquake|p1a: Gliscor
|-activate|p1a: Gliscor|move: Protect
|
|-heal|p1a: Gliscor|54/100 tox|[from] ability: Poison Heal
|upkeep
|turn|33
|
|t:|1776091780
|move|p2a: Landorus|Earthquake|p1a: Gliscor
|-damage|p1a: Gliscor|10/100 tox
|move|p1a: Gliscor|Swords Dance|p1a: Gliscor
|-boost|p1a: Gliscor|atk|2
|
|-heal|p1a: Gliscor|23/100 tox|[from] ability: Poison Heal
|upkeep
|turn|34
|
|t:|1776091789
|move|p1a: Gliscor|Protect|p1a: Gliscor
|-singleturn|p1a: Gliscor|Protect
|move|p2a: Landorus|Earthquake|p1a: Gliscor
|-activate|p1a: Gliscor|move: Protect
|
|-heal|p1a: Gliscor|35/100 tox|[from] ability: Poison Heal
|upkeep
|turn|35
|
|t:|1776091797
|move|p1a: Gliscor|Protect||[still]
|-fail|p1a: Gliscor
|move|p2a: Landorus|Earthquake|p1a: Gliscor
|-damage|p1a: Gliscor|0 fnt
|faint|p1a: Gliscor
|
|win|Chrisfeb1992
|raw|Skull2323's rating: 1509 &rarr; <strong>1490</strong><br />(-19 for losing)
|raw|Chrisfeb1992's rating: 1530 &rarr; <strong>1549</strong><br />(+19 for winning)
|l|☆Skull2323
|player|p1|
