|html|<div class="broadcast-blue"><strong>[Gen 9] OU is currently suspecting Tera Blast! For information on how to participate check out the <a href="https://www.smogon.com/tools/suspects/view/200">suspect thread</a>.</strong></div>
|j|☆blisteringbigfoot
|j|☆okbomber
|t:|1776054781
|gametype|singles
|player|p1|blisteringbigfoot|roxie-masters|1430
|player|p2|okbomber|1|1574
|gen|9
|tier|[Gen 9] OU
|rated|
|rule|HP Percentage Mod: HP is shown in percentages
|rule|Endless Battle Clause: Forcing endless battles is banned
|rule|Species Clause: Limit one of each Pokémon
|rule|OHKO Clause: OHKO moves are banned
|rule|Evasion Items Clause: Evasion items are banned
|rule|Evasion Moves Clause: Evasion moves are banned
|rule|Evasion Abilities Clause: Evasion abilities are banned
|rule|Sleep Moves Clause: Sleep-inducing moves are banned
|clearpoke
|poke|p1|Deoxys-Speed|
|poke|p1|Ceruledge, M|
|poke|p1|Zamazenta-*|
|poke|p1|Ogerpon-Wellspring, F|
|poke|p1|Glimmora, M|
|poke|p1|Moltres-Galar|
|poke|p2|Iron Moth|
|poke|p2|Gliscor, M|
|poke|p2|Hatterene, F|
|poke|p2|Ogerpon-Wellspring, F|
|poke|p2|Raging Bolt|
|poke|p2|Zamazenta-*|
|teampreview
|
|t:|1776054793
|teamsize|p1|6
|teamsize|p2|6
|start
|switch|p1a: Deoxys|Deoxys-Speed|100/100
|switch|p2a: Ogerpon|Ogerpon-Wellspring, F|100/100
|-ability|p1a: Deoxys|Pressure
|turn|1
|inactive|Battle timer is ON: inactive players will automatically lose when time's up. (requested by blisteringbigfoot)
|
|t:|1776054799
|move|p1a: Deoxys|Reflect|p1a: Deoxys
|-sidestart|p1: blisteringbigfoot|Reflect
|move|p2a: Ogerpon|Trailblaze|p1a: Deoxys
|-damage|p1a: Deoxys|82/100
|-boost|p2a: Ogerpon|spe|1
|
|upkeep
|turn|2
|
|t:|1776054805
|move|p1a: Deoxys|Light Screen|p1a: Deoxys
|-sidestart|p1: blisteringbigfoot|move: Light Screen
|move|p2a: Ogerpon|Trailblaze|p1a: Deoxys
|-damage|p1a: Deoxys|62/100
|-boost|p2a: Ogerpon|spe|1
|
|upkeep
|turn|3
|
|t:|1776054807
|move|p2a: Ogerpon|Encore|p1a: Deoxys
|-start|p1a: Deoxys|Encore
|move|p1a: Deoxys|Light Screen||[still]
|-fail|p1a: Deoxys
|
|upkeep
|turn|4
|
|t:|1776054813
|switch|p1a: Ogerpon|Ogerpon-Wellspring, F|100/100
|move|p2a: Ogerpon|Swords Dance|p2a: Ogerpon
|-boost|p2a: Ogerpon|atk|2
|
|upkeep
|turn|5
|
|t:|1776054823
|move|p2a: Ogerpon|Trailblaze|p1a: Ogerpon
|-damage|p1a: Ogerpon|57/100
|-boost|p2a: Ogerpon|spe|1
|move|p1a: Ogerpon|Horn Leech|p2a: Ogerpon
|-damage|p2a: Ogerpon|36/100
|-heal|p1a: Ogerpon|89/100|[from] drain|[of] p2a: Ogerpon
|
|upkeep
|turn|6
|
|t:|1776054837
|switch|p2a: Zamazenta|Zamazenta|100/100
|-ability|p2a: Zamazenta|Dauntless Shield|boost
|-boost|p2a: Zamazenta|def|1
|move|p1a: Ogerpon|Horn Leech|p2a: Zamazenta
|-damage|p2a: Zamazenta|74/100
|-heal|p1a: Ogerpon|100/100|[from] drain|[of] p2a: Zamazenta
|
|upkeep
|turn|7
|
|t:|1776054844
|move|p2a: Zamazenta|Reflect|p2a: Zamazenta
|-sidestart|p2: okbomber|Reflect
|move|p1a: Ogerpon|Ivy Cudgel|p2a: Zamazenta|[anim] Ivy Cudgel Water
|-damage|p2a: Zamazenta|56/100
|
|upkeep
|turn|8
|
|t:|1776054849
|move|p2a: Zamazenta|Light Screen|p2a: Zamazenta
|-sidestart|p2: okbomber|move: Light Screen
|move|p1a: Ogerpon|Swords Dance|p1a: Ogerpon
|-boost|p1a: Ogerpon|atk|2
|
|-sideend|p1: blisteringbigfoot|Reflect
|upkeep
|turn|9
|
|t:|1776054853
|switch|p2a: Ogerpon|Ogerpon-Wellspring, F|36/100
|move|p1a: Ogerpon|Play Rough|p2a: Ogerpon
|-damage|p2a: Ogerpon|0 fnt
|faint|p2a: Ogerpon
|
|-sideend|p1: blisteringbigfoot|move: Light Screen
|upkeep
|
|t:|1776054859
|switch|p2a: Iron Moth|Iron Moth|100/100
|-enditem|p2a: Iron Moth|Booster Energy
|-activate|p2a: Iron Moth|ability: Quark Drive|[fromitem]
|-start|p2a: Iron Moth|quarkdrivespe
|turn|10
|
|t:|1776054863
|move|p2a: Iron Moth|Sludge Wave|p1a: Ogerpon
|-supereffective|p1a: Ogerpon
|-damage|p1a: Ogerpon|0 fnt
|faint|p1a: Ogerpon
|
|upkeep
|
|t:|1776054868
|switch|p1a: Glimmora|Glimmora, M|100/100
|turn|11
|
|t:|1776054873
|move|p2a: Iron Moth|Toxic Spikes|p1a: Glimmora
|-sidestart|p1: blisteringbigfoot|move: Toxic Spikes
|move|p1a: Glimmora|Meteor Beam||[still]
|-prepare|p1a: Glimmora|Meteor Beam
|-boost|p1a: Glimmora|spa|1
|-enditem|p1a: Glimmora|Power Herb
|-anim|p1a: Glimmora|Meteor Beam|p2a: Iron Moth
|-supereffective|p2a: Iron Moth
|-damage|p2a: Iron Moth|5/100
|
|upkeep
|turn|12
|
|t:|1776054886
|-end|p2a: Iron Moth|Quark Drive|[silent]
|switch|p2a: Gliscor|Gliscor, M|100/100
|move|p1a: Glimmora|Mortal Spin|p2a: Gliscor
|-resisted|p2a: Gliscor
|-damage|p2a: Gliscor|99/100
|-status|p2a: Gliscor|psn
|-sideend|p1: blisteringbigfoot|Toxic Spikes|[from] move: Mortal Spin|[of] p1a: Glimmora
|
|-heal|p2a: Gliscor|100/100 psn|[from] ability: Poison Heal
|upkeep
|turn|13
|
|t:|1776054891
|move|p1a: Glimmora|Stealth Rock|p2a: Gliscor
|-sidestart|p2: okbomber|move: Stealth Rock
|move|p2a: Gliscor|Earthquake|p1a: Glimmora
|-supereffective|p1a: Glimmora
|-crit|p1a: Glimmora
|-damage|p1a: Glimmora|0 fnt
|-activate|p1a: Glimmora|ability: Toxic Debris
|-sidestart|p2: okbomber|move: Toxic Spikes
|faint|p1a: Glimmora
|
|upkeep
|
|t:|1776054899
|switch|p1a: Deoxys|Deoxys-Speed|62/100
|-ability|p1a: Deoxys|Pressure
|turn|14
|
|t:|1776054904
|move|p1a: Deoxys|Reflect|p1a: Deoxys
|-sidestart|p1: blisteringbigfoot|Reflect
|move|p2a: Gliscor|Swords Dance|p2a: Gliscor
|-boost|p2a: Gliscor|atk|2
|
|-sideend|p2: okbomber|Reflect
|upkeep
|turn|15
|
|t:|1776054907
|move|p1a: Deoxys|Light Screen|p1a: Deoxys
|-sidestart|p1: blisteringbigfoot|move: Light Screen
|move|p2a: Gliscor|Agility|p2a: Gliscor
|-boost|p2a: Gliscor|spe|2
|
|-sideend|p2: okbomber|move: Light Screen
|upkeep
|turn|16
|
|t:|1776054915
|move|p2a: Gliscor|Earthquake|p1a: Deoxys
|-damage|p1a: Deoxys|9/100
|move|p1a: Deoxys|Taunt|p2a: Gliscor
|-start|p2a: Gliscor|move: Taunt
|
|upkeep
|turn|17
|
|t:|1776054920
|move|p2a: Gliscor|Earthquake|p1a: Deoxys
|-damage|p1a: Deoxys|0 fnt
|faint|p1a: Deoxys
|
|upkeep
|
|t:|1776054922
|switch|p1a: Zamazenta|Zamazenta|100/100
|-ability|p1a: Zamazenta|Dauntless Shield|boost
|-boost|p1a: Zamazenta|def|1
|turn|18
|
|t:|1776054925
|move|p2a: Gliscor|Facade|p1a: Zamazenta
|-damage|p1a: Zamazenta|81/100
|move|p1a: Zamazenta|Roar|p2a: Gliscor
|drag|p2a: Raging Bolt|Raging Bolt|100/100
|-damage|p2a: Raging Bolt|88/100|[from] Stealth Rock
|-status|p2a: Raging Bolt|psn
|-enditem|p2a: Raging Bolt|Booster Energy
|-activate|p2a: Raging Bolt|ability: Protosynthesis|[fromitem]
|-start|p2a: Raging Bolt|protosynthesisspa
|
|-heal|p1a: Zamazenta|87/100|[from] item: Leftovers
|-damage|p2a: Raging Bolt|76/100 psn|[from] psn
|upkeep
|turn|19
|
|t:|1776054930
|-terastallize|p1a: Zamazenta|Electric
|move|p1a: Zamazenta|Iron Defense|p1a: Zamazenta
|-boost|p1a: Zamazenta|def|2
|move|p2a: Raging Bolt|Dragon Pulse|p1a: Zamazenta
|-damage|p1a: Zamazenta|55/100
|
|-heal|p1a: Zamazenta|61/100|[from] item: Leftovers
|-damage|p2a: Raging Bolt|64/100 psn|[from] psn
|upkeep
|turn|20
|
|t:|1776054937
|move|p1a: Zamazenta|Body Press|p2a: Raging Bolt
|-damage|p2a: Raging Bolt|0 fnt
|faint|p2a: Raging Bolt
|-end|p2a: Raging Bolt|Protosynthesis|[silent]
|
|-heal|p1a: Zamazenta|67/100|[from] item: Leftovers
|upkeep
|
|t:|1776054942
|switch|p2a: Iron Moth|Iron Moth|5/100
|-damage|p2a: Iron Moth|0 fnt|[from] Stealth Rock
|faint|p2a: Iron Moth
|-end|p2a: Iron Moth|Quark Drive|[silent]
|
|t:|1776054949
|switch|p2a: Zamazenta|Zamazenta|56/100
|-damage|p2a: Zamazenta|50/100|[from] Stealth Rock
|-status|p2a: Zamazenta|psn
|turn|21
|
|t:|1776054951
|move|p2a: Zamazenta|Reflect|p2a: Zamazenta
|-sidestart|p2: okbomber|Reflect
|move|p1a: Zamazenta|Body Press|p2a: Zamazenta
|-damage|p2a: Zamazenta|14/100 psn
|
|-heal|p1a: Zamazenta|73/100|[from] item: Leftovers
|-damage|p2a: Zamazenta|2/100 psn|[from] psn
|-sideend|p1: blisteringbigfoot|Reflect
|upkeep
|turn|22
|
|t:|1776054955
|move|p2a: Zamazenta|Light Screen|p2a: Zamazenta
|-sidestart|p2: okbomber|move: Light Screen
|move|p1a: Zamazenta|Body Press|p2a: Zamazenta
|-damage|p2a: Zamazenta|0 fnt
|faint|p2a: Zamazenta
|
|-heal|p1a: Zamazenta|79/100|[from] item: Leftovers
|-sideend|p1: blisteringbigfoot|move: Light Screen
|upkeep
|
|t:|1776054958
|switch|p2a: Hatterene|Hatterene, F|100/100
|-damage|p2a: Hatterene|88/100|[from] Stealth Rock
|-status|p2a: Hatterene|psn
|turn|23
|
|t:|1776054960
|move|p1a: Zamazenta|Heavy Slam|p2a: Hatterene
|-supereffective|p2a: Hatterene
|-damage|p2a: Hatterene|62/100 psn
|move|p2a: Hatterene|Calm Mind|p2a: Hatterene
|-boost|p2a: Hatterene|spa|1
|-boost|p2a: Hatterene|spd|1
|
|-heal|p1a: Zamazenta|85/100|[from] item: Leftovers
|-heal|p2a: Hatterene|68/100 psn|[from] item: Leftovers
|-damage|p2a: Hatterene|55/100 psn|[from] psn
|upkeep
|turn|24
|
|t:|1776054967
|move|p1a: Zamazenta|Heavy Slam|p2a: Hatterene
|-supereffective|p2a: Hatterene
|-damage|p2a: Hatterene|27/100 psn
|move|p2a: Hatterene|Draining Kiss|p1a: Zamazenta
|-crit|p1a: Zamazenta
|-damage|p1a: Zamazenta|42/100
|-heal|p2a: Hatterene|61/100 psn|[from] drain|[of] p1a: Zamazenta
|
|-heal|p1a: Zamazenta|48/100|[from] item: Leftovers
|-heal|p2a: Hatterene|67/100 psn|[from] item: Leftovers
|-damage|p2a: Hatterene|54/100 psn|[from] psn
|upkeep
|turn|25
|
|t:|1776054974
|move|p1a: Zamazenta|Heavy Slam|p2a: Hatterene
|-supereffective|p2a: Hatterene
|-damage|p2a: Hatterene|30/100 psn
|move|p2a: Hatterene|Draining Kiss|p1a: Zamazenta
|-damage|p1a: Zamazenta|17/100
|-heal|p2a: Hatterene|54/100 psn|[from] drain|[of] p1a: Zamazenta
|
|-heal|p1a: Zamazenta|23/100|[from] item: Leftovers
|-heal|p2a: Hatterene|60/100 psn|[from] item: Leftovers
|-damage|p2a: Hatterene|48/100 psn|[from] psn
|upkeep
|turn|26
|
|t:|1776054979
|move|p1a: Zamazenta|Heavy Slam|p2a: Hatterene
|-supereffective|p2a: Hatterene
|-damage|p2a: Hatterene|21/100 psn
|move|p2a: Hatterene|Draining Kiss|p1a: Zamazenta
|-damage|p1a: Zamazenta|0 fnt
|-heal|p2a: Hatterene|39/100 psn|[from] drain|[of] p1a: Zamazenta
|faint|p1a: Zamazenta
|
|-heal|p2a: Hatterene|45/100 psn|[from] item: Leftovers
|-damage|p2a: Hatterene|32/100 psn|[from] psn
|upkeep
|
|t:|1776054982
|switch|p1a: Ceruledge|Ceruledge, M|100/100
|turn|27
|
|t:|1776054987
|move|p1a: Ceruledge|Poltergeist|p2a: Hatterene
|-activate|p2a: Hatterene|move: Poltergeist|Leftovers
|-supereffective|p2a: Hatterene
|-damage|p2a: Hatterene|0 fnt
|faint|p2a: Hatterene
|-damage|p1a: Ceruledge|91/100|[from] item: Life Orb
|
|upkeep
|
|t:|1776054992
|switch|p2a: Gliscor|Gliscor, M|100/100 psn
|-damage|p2a: Gliscor|88/100 psn|[from] Stealth Rock
|turn|28
|
|t:|1776055012
|move|p2a: Gliscor|Swords Dance|p2a: Gliscor
|-boost|p2a: Gliscor|atk|2
|move|p1a: Ceruledge|Poltergeist|p2a: Gliscor
|-activate|p2a: Gliscor|move: Poltergeist|Toxic Orb
|-damage|p2a: Gliscor|53/100 psn
|-damage|p1a: Ceruledge|81/100|[from] item: Life Orb
|
|-heal|p2a: Gliscor|65/100 psn|[from] ability: Poison Heal
|-sideend|p2: okbomber|Reflect
|upkeep
|turn|29
|
|t:|1776055025
|-terastallize|p2a: Gliscor|Normal
|move|p2a: Gliscor|Agility|p2a: Gliscor
|-boost|p2a: Gliscor|spe|2
|move|p1a: Ceruledge|Swords Dance|p1a: Ceruledge
|-boost|p1a: Ceruledge|atk|2
|
|-heal|p2a: Gliscor|77/100 psn|[from] ability: Poison Heal
|-sideend|p2: okbomber|move: Light Screen
|upkeep
|turn|30
|
|t:|1776055031
|move|p2a: Gliscor|Earthquake|p1a: Ceruledge
|-supereffective|p1a: Ceruledge
|-damage|p1a: Ceruledge|0 fnt
|faint|p1a: Ceruledge
|
|-heal|p2a: Gliscor|90/100 psn|[from] ability: Poison Heal
|upkeep
|
|t:|1776055033
|switch|p1a: Moltres|Moltres-Galar|100/100
|turn|31
|
|t:|1776055046
|move|p2a: Gliscor|Facade|p1a: Moltres
|-damage|p1a: Moltres|0 fnt
|faint|p1a: Moltres
|
|win|okbomber
|raw|blisteringbigfoot's rating: 1430 &rarr; <strong>1418</strong><br />(-12 for losing)
|raw|okbomber's rating: 1574 &rarr; <strong>1586</strong><br />(+12 for winning)
|l|☆blisteringbigfoot
|player|p1|
