|html|<div class="broadcast-blue"><strong>[Gen 9] OU is currently suspecting Tera Blast! For information on how to participate check out the <a href="https://www.smogon.com/tools/suspects/view/200">suspect thread</a>.</strong></div>
|j|☆Garg749494
|j|☆Avery Lv.100
|t:|1776055372
|gametype|singles
|player|p1|Garg749494|lucas|1218
|player|p2|Avery Lv.100|janitor|1280
|gen|9
|tier|[Gen 9] OU
|rated|
|rule|HP Percentage Mod: HP is shown in percentages
|rule|Endless Battle Clause: Forcing endless battles is banned
|rule|Species Clause: Limit one of each Pokémon
|rule|OHKO Clause: OHKO moves are banned
|rule|Evasion Items Clause: Evasion items are banned
|rule|Evasion Moves Clause: Evasion moves are banned
|rule|Evasion Abilities Clause: Evasion abilities are banned
|rule|Sleep Moves Clause: Sleep-inducing moves are banned
|clearpoke
|poke|p1|Araquanid, M|
|poke|p1|Hitmontop, M|
|poke|p1|Ting-Lu|
|poke|p1|Zapdos|
|poke|p1|Rillaboom, F|
|poke|p1|Incineroar, F|
|poke|p2|Volcanion|
|poke|p2|Dragonite, M|
|poke|p2|Tyranitar, M|
|poke|p2|Landorus-Therian, M|
|poke|p2|Iron Moth|
|poke|p2|Hoopa-Unbound|
|teampreview
|
|t:|1776055387
|teamsize|p1|6
|teamsize|p2|6
|start
|switch|p1a: Hitmontop|Hitmontop, M|100/100
|switch|p2a: Volcaronot|Iron Moth|100/100
|-enditem|p2a: Volcaronot|Booster Energy
|-activate|p2a: Volcaronot|ability: Quark Drive|[fromitem]
|-start|p2a: Volcaronot|quarkdrivespa
|turn|1
|
|t:|1776055400
|move|p1a: Hitmontop|Fake Out|p2a: Volcaronot
|-damage|p2a: Volcaronot|70/100
|cant|p2a: Volcaronot|flinch
|
|upkeep
|turn|2
|
|t:|1776055406
|switch|p1a: Ting-Lu|Ting-Lu|100/100
|-ability|p1a: Ting-Lu|Vessel of Ruin
|move|p2a: Volcaronot|Fiery Dance|p1a: Ting-Lu
|-damage|p1a: Ting-Lu|68/100
|-boost|p2a: Volcaronot|spa|1
|
|-heal|p1a: Ting-Lu|74/100|[from] item: Leftovers
|upkeep
|turn|3
|
|t:|1776055417
|move|p2a: Volcaronot|Energy Ball|p1a: Ting-Lu
|-supereffective|p1a: Ting-Lu
|-damage|p1a: Ting-Lu|0 fnt
|faint|p1a: Ting-Lu
|
|upkeep
|
|t:|1776055425
|switch|p1a: Incineroar|Incineroar, F|100/100
|-ability|p1a: Incineroar|Intimidate|boost
|-unboost|p2a: Volcaronot|atk|1
|turn|4
|
|t:|1776055447
|-end|p2a: Volcaronot|Quark Drive|[silent]
|switch|p2a: Landorus|Landorus-Therian, M|100/100
|-ability|p2a: Landorus|Intimidate|boost
|-unboost|p1a: Incineroar|atk|1
|move|p1a: Incineroar|Fake Out|p2a: Landorus
|-damage|p2a: Landorus|89/100
|
|upkeep
|turn|5
|
|t:|1776055457
|switch|p1a: Zapdos|Zapdos|100/100
|move|p2a: Landorus|Rock Slide|p1a: Zapdos
|-supereffective|p1a: Zapdos
|-damage|p1a: Zapdos|40/100
|
|upkeep
|turn|6
|
|t:|1776055469
|move|p2a: Landorus|Rock Slide|p1a: Zapdos
|-supereffective|p1a: Zapdos
|-damage|p1a: Zapdos|0 fnt
|faint|p1a: Zapdos
|
|upkeep
|
|t:|1776055476
|switch|p1a: Araquanid|Araquanid, M|100/100
|turn|7
|
|t:|1776055493
|switch|p2a: Bojack-Unbound|Hoopa-Unbound|100/100
|move|p1a: Araquanid|Sticky Web|p2a: Bojack-Unbound
|-sidestart|p2: Avery Lv.100|move: Sticky Web
|
|upkeep
|turn|8
|
|t:|1776055499
|move|p2a: Bojack-Unbound|Calm Mind|p2a: Bojack-Unbound
|-boost|p2a: Bojack-Unbound|spa|1
|-boost|p2a: Bojack-Unbound|spd|1
|move|p1a: Araquanid|Leech Life|p2a: Bojack-Unbound
|-supereffective|p2a: Bojack-Unbound
|-damage|p2a: Bojack-Unbound|0 fnt
|faint|p2a: Bojack-Unbound
|
|upkeep
|
|t:|1776055527
|switch|p2a: Landorus|Landorus-Therian, M|89/100
|-ability|p2a: Landorus|Intimidate|boost
|-unboost|p1a: Araquanid|atk|1
|turn|9
|
|t:|1776055531
|move|p2a: Landorus|Fly||[still]
|-prepare|p2a: Landorus|Fly
|move|p1a: Araquanid|Liquidation|p2a: Landorus|[miss]
|-miss|p1a: Araquanid|p2a: Landorus
|
|upkeep
|turn|10
|
|t:|1776055537
|switch|p1a: Incineroar|Incineroar, F|100/100
|-ability|p1a: Incineroar|Intimidate|boost
|-unboost|p2a: Landorus|atk|1
|move|p2a: Landorus|Fly|p1a: Incineroar|[from] lockedmove
|-damage|p1a: Incineroar|65/100
|
|-heal|p1a: Incineroar|71/100|[from] item: Leftovers
|upkeep
|turn|11
|
|t:|1776055552
|switch|p2a: The Gate|Volcanion|100/100
|-activate|p2a: The Gate|move: Sticky Web
|-unboost|p2a: The Gate|spe|1
|move|p1a: Incineroar|Parting Shot|p2a: The Gate
|-unboost|p2a: The Gate|atk|1
|-unboost|p2a: The Gate|spa|1
|
|t:|1776055562
|switch|p1a: Rillaboom|Rillaboom, F|100/100|[from] Parting Shot
|-fieldstart|move: Grassy Terrain|[from] ability: Grassy Surge|[of] p1a: Rillaboom
|-enditem|p1a: Rillaboom|Grassy Seed
|-boost|p1a: Rillaboom|def|1|[from] item: Grassy Seed
|
|upkeep
|turn|12
|
|t:|1776055575
|-terastallize|p2a: The Gate|Grass
|move|p1a: Rillaboom|Swords Dance|p1a: Rillaboom
|-boost|p1a: Rillaboom|atk|2
|move|p2a: The Gate|Flamethrower|p1a: Rillaboom
|-supereffective|p1a: Rillaboom
|-damage|p1a: Rillaboom|12/100
|
|-heal|p1a: Rillaboom|18/100|[from] Grassy Terrain
|upkeep
|turn|13
|
|t:|1776055583
|move|p1a: Rillaboom|Acrobatics|p2a: The Gate
|-supereffective|p2a: The Gate
|-damage|p2a: The Gate|0 fnt
|faint|p2a: The Gate
|
|-heal|p1a: Rillaboom|24/100|[from] Grassy Terrain
|upkeep
|
|t:|1776055589
|switch|p2a: Sherman|Dragonite, M|100/100
|turn|14
|
|t:|1776055594
|move|p2a: Sherman|Extreme Speed|p1a: Rillaboom
|-damage|p1a: Rillaboom|0 fnt
|faint|p1a: Rillaboom
|
|upkeep
|
|t:|1776055597
|switch|p1a: Hitmontop|Hitmontop, M|100/100
|turn|15
|
|t:|1776055606
|move|p1a: Hitmontop|Fake Out|p2a: Sherman
|-damage|p2a: Sherman|90/100
|cant|p2a: Sherman|flinch
|
|-fieldend|move: Grassy Terrain
|upkeep
|turn|16
|
|t:|1776055612
|move|p2a: Sherman|Extreme Speed|p1a: Hitmontop
|-damage|p1a: Hitmontop|46/100
|move|p1a: Hitmontop|Triple Axel|p2a: Sherman
|-supereffective|p2a: Sherman
|-damage|p2a: Sherman|52/100
|-supereffective|p2a: Sherman
|-damage|p2a: Sherman|0 fnt
|faint|p2a: Sherman
|-hitcount|p2: Sherman|2
|
|-heal|p1a: Hitmontop|52/100|[from] item: Leftovers
|upkeep
|
|t:|1776055630
|switch|p2a: Volcaronot|Iron Moth|70/100
|-activate|p2a: Volcaronot|move: Sticky Web
|-unboost|p2a: Volcaronot|spe|1
|turn|17
|
|t:|1776055641
|switch|p1a: Araquanid|Araquanid, M|100/100
|move|p2a: Volcaronot|Sludge Wave|p1a: Araquanid
|-damage|p1a: Araquanid|57/100
|
|upkeep
|turn|18
|
|t:|1776055650
|move|p2a: Volcaronot|Fiery Dance|p1a: Araquanid
|-damage|p1a: Araquanid|40/100
|move|p1a: Araquanid|Liquidation|p2a: Volcaronot
|-supereffective|p2a: Volcaronot
|-damage|p2a: Volcaronot|0 fnt
|faint|p2a: Volcaronot
|-end|p2a: Volcaronot|Quark Drive|[silent]
|
|upkeep
|
|t:|1776055660
|switch|p2a: Landorus|Landorus-Therian, M|89/100
|-ability|p2a: Landorus|Intimidate|boost
|-unboost|p1a: Araquanid|atk|1
|turn|19
|
|t:|1776055666
|move|p2a: Landorus|Rock Slide|p1a: Araquanid
|-supereffective|p1a: Araquanid
|-damage|p1a: Araquanid|0 fnt
|faint|p1a: Araquanid
|
|upkeep
|
|t:|1776055669
|switch|p1a: Hitmontop|Hitmontop, M|52/100
|turn|20
|
|t:|1776055682
|switch|p2a: Reptar|Tyranitar, M|100/100
|-activate|p2a: Reptar|move: Sticky Web
|-unboost|p2a: Reptar|spe|1
|-weather|Sandstorm|[from] ability: Sand Stream|[of] p2a: Reptar
|move|p1a: Hitmontop|Fake Out|p2a: Reptar
|-resisted|p2a: Reptar
|-damage|p2a: Reptar|94/100
|
|-weather|Sandstorm|[upkeep]
|-damage|p1a: Hitmontop|46/100|[from] Sandstorm
|-heal|p1a: Hitmontop|52/100|[from] item: Leftovers
|upkeep
|turn|21
|
|t:|1776055695
|switch|p2a: Landorus|Landorus-Therian, M|89/100
|-ability|p2a: Landorus|Intimidate|boost
|-unboost|p1a: Hitmontop|atk|1
|move|p1a: Hitmontop|Mach Punch|p2a: Landorus
|-resisted|p2a: Landorus
|-damage|p2a: Landorus|78/100
|
|-weather|Sandstorm|[upkeep]
|-damage|p1a: Hitmontop|46/100|[from] Sandstorm
|-heal|p1a: Hitmontop|52/100|[from] item: Leftovers
|upkeep
|turn|22
|
|t:|1776055710
|switch|p1a: Incineroar|Incineroar, F|71/100
|-ability|p1a: Incineroar|Intimidate|boost
|-unboost|p2a: Landorus|atk|1
|move|p2a: Landorus|Earthquake|p1a: Incineroar
|-supereffective|p1a: Incineroar
|-damage|p1a: Incineroar|0 fnt
|faint|p1a: Incineroar
|
|-weather|Sandstorm|[upkeep]
|upkeep
|
|t:|1776055716
|switch|p1a: Hitmontop|Hitmontop, M|52/100
|turn|23
|
|t:|1776055721
|switch|p2a: Reptar|Tyranitar, M|94/100
|-activate|p2a: Reptar|move: Sticky Web
|-unboost|p2a: Reptar|spe|1
|move|p1a: Hitmontop|Rapid Spin|p2a: Reptar
|-resisted|p2a: Reptar
|-damage|p2a: Reptar|84/100
|-boost|p1a: Hitmontop|spe|1
|
|-weather|Sandstorm|[upkeep]
|-damage|p1a: Hitmontop|46/100|[from] Sandstorm
|-heal|p1a: Hitmontop|52/100|[from] item: Leftovers
|upkeep
|turn|24
|
|t:|1776055735
|move|p1a: Hitmontop|Rapid Spin|p2a: Reptar
|-resisted|p2a: Reptar
|-damage|p2a: Reptar|75/100
|-boost|p1a: Hitmontop|spe|1
|move|p2a: Reptar|Knock Off|p1a: Hitmontop
|-resisted|p1a: Hitmontop
|-damage|p1a: Hitmontop|22/100
|-enditem|p1a: Hitmontop|Leftovers|[from] move: Knock Off|[of] p2a: Reptar
|
|-weather|Sandstorm|[upkeep]
|-damage|p1a: Hitmontop|15/100|[from] Sandstorm
|upkeep
|turn|25
|
|t:|1776055748
|switch|p2a: Landorus|Landorus-Therian, M|78/100
|-ability|p2a: Landorus|Intimidate|boost
|-unboost|p1a: Hitmontop|atk|1
|move|p1a: Hitmontop|Mach Punch|p2a: Landorus
|-resisted|p2a: Landorus
|-damage|p2a: Landorus|68/100
|
|-weather|Sandstorm|[upkeep]
|-damage|p1a: Hitmontop|9/100|[from] Sandstorm
|upkeep
|turn|26
|
|t:|1776055757
|move|p2a: Landorus|Earthquake|p1a: Hitmontop
|-damage|p1a: Hitmontop|0 fnt
|faint|p1a: Hitmontop
|
|win|Avery Lv.100
|raw|Garg749494's rating: 1218 &rarr; <strong>1197</strong><br />(-21 for losing)
|raw|Avery Lv.100's rating: 1280 &rarr; <strong>1301</strong><br />(+21 for winning)
|l|☆Garg749494
|player|p1|
|c|☆Avery Lv.100|gg
|l|☆Avery Lv.100
|player|p2|
