|html|<div class="broadcast-blue"><strong>[Gen 9] OU is currently suspecting Tera Blast! For information on how to participate check out the <a href="https://www.smogon.com/tools/suspects/view/200">suspect thread</a>.</strong></div>
|j|☆adrien.chaichai
|j|☆luxrayblunt
|t:|1776092258
|gametype|singles
|player|p1|adrien.chaichai|elesa|1227
|player|p2|luxrayblunt|player-go|1228
|gen|9
|tier|[Gen 9] OU
|rated|
|rule|HP Percentage Mod: HP is shown in percentages
|rule|Endless Battle Clause: Forcing endless battles is banned
|rule|Species Clause: Limit one of each Pokémon
|rule|OHKO Clause: OHKO moves are banned
|rule|Evasion Items Clause: Evasion items are banned
|rule|Evasion Moves Clause: Evasion moves are banned
|rule|Evasion Abilities Clause: Evasion abilities are banned
|rule|Sleep Moves Clause: Sleep-inducing moves are banned
|clearpoke
|poke|p1|Pelipper, M|
|poke|p1|Iron Treads|
|poke|p1|Barraskewda, M|
|poke|p1|Raging Bolt|
|poke|p1|Talonflame, F|
|poke|p1|Keldeo-Resolute|
|poke|p2|Cinderace, M|
|poke|p2|Necrozma|
|poke|p2|Dondozo, F|
|poke|p2|Zapdos|
|poke|p2|Goodra-Hisui, F|
|poke|p2|Zamazenta-*|
|teampreview
|inactive|Battle timer is ON: inactive players will automatically lose when time's up. (requested by adrien.chaichai)
|
|t:|1776092282
|teamsize|p1|6
|teamsize|p2|6
|start
|switch|p1a: Pelipper|Pelipper, M|100/100
|switch|p2a: Doritos|Zapdos|100/100
|-weather|RainDance|[from] ability: Drizzle|[of] p1a: Pelipper
|turn|1
|
|t:|1776092294
|switch|p1a: Iron Treads|Iron Treads|100/100
|-enditem|p1a: Iron Treads|Booster Energy
|-activate|p1a: Iron Treads|ability: Quark Drive|[fromitem]
|-start|p1a: Iron Treads|quarkdrivespe
|move|p2a: Doritos|Heat Wave|p1a: Iron Treads
|-supereffective|p1a: Iron Treads
|-damage|p1a: Iron Treads|60/100
|
|-weather|RainDance|[upkeep]
|upkeep
|turn|2
|
|t:|1776092305
|move|p1a: Iron Treads|Stealth Rock|p2a: Doritos
|-sidestart|p2: luxrayblunt|move: Stealth Rock
|move|p2a: Doritos|Heat Wave|p1a: Iron Treads
|-supereffective|p1a: Iron Treads
|-damage|p1a: Iron Treads|25/100
|
|-weather|RainDance|[upkeep]
|upkeep
|turn|3
|
|t:|1776092316
|-end|p1a: Iron Treads|Quark Drive|[silent]
|switch|p1a: Raging Bolt|Raging Bolt|100/100
|-enditem|p1a: Raging Bolt|Booster Energy
|-activate|p1a: Raging Bolt|ability: Protosynthesis|[fromitem]
|-start|p1a: Raging Bolt|protosynthesisspa
|move|p2a: Doritos|Heat Wave|p1a: Raging Bolt
|-resisted|p1a: Raging Bolt
|-damage|p1a: Raging Bolt|94/100
|
|-weather|RainDance|[upkeep]
|upkeep
|turn|4
|
|t:|1776092325
|switch|p2a: Shell emporium|Goodra-Hisui, F|100/100
|-damage|p2a: Shell emporium|94/100|[from] Stealth Rock
|move|p1a: Raging Bolt|Thunder|p2a: Shell emporium
|-resisted|p2a: Shell emporium
|-damage|p2a: Shell emporium|76/100
|-status|p2a: Shell emporium|par
|
|-weather|RainDance|[upkeep]
|upkeep
|turn|5
|
|t:|1776092340
|-end|p1a: Raging Bolt|Protosynthesis|[silent]
|switch|p1a: Iron Treads|Iron Treads|25/100
|move|p2a: Shell emporium|Draco Meteor|p1a: Iron Treads
|-resisted|p1a: Iron Treads
|-damage|p1a: Iron Treads|0 fnt
|-unboost|p2a: Shell emporium|spa|2
|faint|p1a: Iron Treads
|-end|p1a: Iron Treads|Quark Drive|[silent]
|
|-weather|RainDance|[upkeep]
|upkeep
|
|t:|1776092350
|switch|p1a: Keldeo|Keldeo-Resolute|100/100
|turn|6
|
|t:|1776092356
|switch|p2a: Chromastone|Necrozma, shiny|100/100
|-damage|p2a: Chromastone|88/100|[from] Stealth Rock
|move|p1a: Keldeo|Surf|p2a: Chromastone
|-damage|p2a: Chromastone|6/100
|
|-weather|RainDance|[upkeep]
|upkeep
|turn|7
|
|t:|1776092363
|move|p1a: Keldeo|Vacuum Wave|p2a: Chromastone
|-resisted|p2a: Chromastone
|-damage|p2a: Chromastone|0 fnt
|faint|p2a: Chromastone
|
|-weather|RainDance|[upkeep]
|upkeep
|
|t:|1776092373
|switch|p2a: Doritos|Zapdos|100/100
|turn|8
|
|t:|1776092377
|switch|p1a: Raging Bolt|Raging Bolt|94/100
|move|p2a: Doritos|Thunderbolt|p1a: Raging Bolt
|-resisted|p1a: Raging Bolt
|-damage|p1a: Raging Bolt|85/100
|
|-weather|none
|upkeep
|turn|9
|
|t:|1776092386
|switch|p2a: Shell emporium|Goodra-Hisui, F|76/100 par
|-damage|p2a: Shell emporium|70/100 par|[from] Stealth Rock
|move|p1a: Raging Bolt|Dragon Pulse|p2a: Shell emporium
|-damage|p2a: Shell emporium|46/100 par
|
|upkeep
|turn|10
|
|t:|1776092401
|-end|p1a: Raging Bolt|Protosynthesis|[silent]
|switch|p1a: Keldeo|Keldeo-Resolute|100/100
|move|p2a: Shell emporium|Draco Meteor|p1a: Keldeo|[miss]
|-miss|p2a: Shell emporium|p1a: Keldeo
|
|upkeep
|turn|11
|
|t:|1776092418
|move|p1a: Keldeo|Secret Sword|p2a: Shell emporium
|-supereffective|p2a: Shell emporium
|-damage|p2a: Shell emporium|0 fnt
|faint|p2a: Shell emporium
|
|upkeep
|
|t:|1776092423
|switch|p2a: Doritos|Zapdos|100/100
|turn|12
|
|t:|1776092430
|switch|p1a: Raging Bolt|Raging Bolt|85/100
|move|p2a: Doritos|Volt Switch|p1a: Raging Bolt
|-resisted|p1a: Raging Bolt
|-damage|p1a: Raging Bolt|78/100
|
|t:|1776092433
|switch|p2a: Rex Splode|Cinderace, M|100/100|[from] Volt Switch
|
|upkeep
|turn|13
|
|t:|1776092439
|-end|p1a: Raging Bolt|Protosynthesis|[silent]
|switch|p1a: Pelipper|Pelipper, M|100/100
|-weather|RainDance|[from] ability: Drizzle|[of] p1a: Pelipper
|move|p2a: Rex Splode|High Jump Kick|p1a: Pelipper
|-start|p2a: Rex Splode|typechange|Fighting|[from] ability: Libero
|-resisted|p1a: Pelipper
|-damage|p1a: Pelipper|77/100
|
|-weather|RainDance|[upkeep]
|upkeep
|turn|14
|
|t:|1776092449
|move|p2a: Rex Splode|Court Change|p2a: Rex Splode
|-swapsideconditions
|-activate|p2a: Rex Splode|move: Court Change
|move|p1a: Pelipper|U-turn|p2a: Rex Splode
|-resisted|p2a: Rex Splode
|-damage|p2a: Rex Splode|95/100
|
|t:|1776092468
|switch|p1a: Keldeo|Keldeo-Resolute|100/100|[from] U-turn
|
|-weather|RainDance|[upkeep]
|upkeep
|turn|15
|
|t:|1776092479
|move|p2a: Rex Splode|High Jump Kick|p1a: Keldeo
|-damage|p1a: Keldeo|31/100
|move|p1a: Keldeo|Surf|p2a: Rex Splode
|-damage|p2a: Rex Splode|0 fnt
|faint|p2a: Rex Splode
|
|-weather|RainDance|[upkeep]
|upkeep
|
|t:|1776092491
|switch|p2a: Courage|Zamazenta, shiny|100/100
|-ability|p2a: Courage|Dauntless Shield|boost
|-boost|p2a: Courage|def|1
|turn|16
|
|t:|1776092495
|move|p2a: Courage|Close Combat|p1a: Keldeo
|-damage|p1a: Keldeo|0 fnt
|-unboost|p2a: Courage|def|1
|-unboost|p2a: Courage|spd|1
|faint|p1a: Keldeo
|
|-weather|RainDance|[upkeep]
|upkeep
|
|t:|1776092502
|switch|p1a: Pelipper|Pelipper, M|77/100
|-damage|p1a: Pelipper|52/100|[from] Stealth Rock
|turn|17
|
|t:|1776092507
|switch|p2a: Doritos|Zapdos|100/100
|move|p1a: Pelipper|Hurricane|p2a: Doritos
|-resisted|p2a: Doritos
|-damage|p2a: Doritos|80/100
|
|-weather|RainDance|[upkeep]
|upkeep
|turn|18
|
|t:|1776092515
|switch|p1a: Raging Bolt|Raging Bolt|78/100
|-damage|p1a: Raging Bolt|66/100|[from] Stealth Rock
|move|p2a: Doritos|Volt Switch|p1a: Raging Bolt
|-resisted|p1a: Raging Bolt
|-damage|p1a: Raging Bolt|58/100
|
|t:|1776092517
|switch|p2a: Courage|Zamazenta, shiny|100/100|[from] Volt Switch
|
|-weather|RainDance|[upkeep]
|upkeep
|turn|19
|
|t:|1776092523
|move|p2a: Courage|Stone Edge|p1a: Raging Bolt
|-damage|p1a: Raging Bolt|8/100
|move|p1a: Raging Bolt|Thunder|p2a: Courage
|-damage|p2a: Courage|39/100
|
|-weather|RainDance|[upkeep]
|upkeep
|turn|20
|
|t:|1776092536
|switch|p2a: Doritos|Zapdos|80/100
|move|p1a: Raging Bolt|Thunderclap||[still]
|-fail|p1a: Raging Bolt
|
|-weather|none
|upkeep
|turn|21
|
|t:|1776092543
|move|p2a: Doritos|Thunderbolt|p1a: Raging Bolt
|-resisted|p1a: Raging Bolt
|-damage|p1a: Raging Bolt|0 fnt
|faint|p1a: Raging Bolt
|-end|p1a: Raging Bolt|Protosynthesis|[silent]
|
|upkeep
|
|t:|1776092551
|switch|p1a: Pelipper|Pelipper, M|52/100
|-damage|p1a: Pelipper|27/100|[from] Stealth Rock
|-weather|RainDance|[from] ability: Drizzle|[of] p1a: Pelipper
|turn|22
|l|☆luxrayblunt
|inactive|luxrayblunt disconnected and has a minute to reconnect!
|player|p2|
|inactive|luxrayblunt has 30 seconds to reconnect!
|inactive|luxrayblunt has 20 seconds to reconnect!
|inactive|luxrayblunt has 15 seconds to reconnect!
|inactive|luxrayblunt has 10 seconds to reconnect!
|j|☆luxrayblunt
|inactive|luxrayblunt reconnected and has 100 seconds left.
|player|p2|luxrayblunt|player-go|
|
|t:|1776092605
|move|p2a: Doritos|Thunderbolt|p1a: Pelipper
|-supereffective|p1a: Pelipper
|-damage|p1a: Pelipper|0 fnt
|faint|p1a: Pelipper
|
|-weather|RainDance|[upkeep]
|upkeep
|
|t:|1776092612
|switch|p1a: Barraskewda|Barraskewda, M|100/100
|-damage|p1a: Barraskewda|88/100|[from] Stealth Rock
|turn|23
|
|t:|1776092616
|switch|p2a: DB|Dondozo, F|100/100
|move|p1a: Barraskewda|Liquidation|p2a: DB
|-resisted|p2a: DB
|-damage|p2a: DB|75/100
|-damage|p1a: Barraskewda|72/100|[from] item: Rocky Helmet|[of] p2a: DB
|
|-weather|RainDance|[upkeep]
|upkeep
|turn|24
|-message|adrien.chaichai forfeited.
|
|win|luxrayblunt
|raw|adrien.chaichai's rating: 1227 &rarr; <strong>1202</strong><br />(-25 for losing)
|raw|luxrayblunt's rating: 1228 &rarr; <strong>1253</strong><br />(+25 for winning)
|l|☆adrien.chaichai
|player|p1|
|l|☆luxrayblunt
|player|p2|
