|html|<div class="broadcast-blue"><strong>[Gen 9] OU is currently suspecting Tera Blast! For information on how to participate check out the <a href="https://www.smogon.com/tools/suspects/view/200">suspect thread</a>.</strong></div>
|j|☆magistermilitum420
|j|☆yeahimgoinghome
|t:|1776310434
|gametype|singles
|player|p1|magistermilitum420|blue|1376
|player|p2|yeahimgoinghome|2|1334
|gen|9
|tier|[Gen 9] OU
|rated|
|rule|HP Percentage Mod: HP is shown in percentages
|rule|Endless Battle Clause: Forcing endless battles is banned
|rule|Species Clause: Limit one of each Pokémon
|rule|OHKO Clause: OHKO moves are banned
|rule|Evasion Items Clause: Evasion items are banned
|rule|Evasion Moves Clause: Evasion moves are banned
|rule|Evasion Abilities Clause: Evasion abilities are banned
|rule|Sleep Moves Clause: Sleep-inducing moves are banned
|clearpoke
|poke|p1|Meowscarada, F|
|poke|p1|Great Tusk|
|poke|p1|Alomomola, M|
|poke|p1|Slowking-Galar, F|
|poke|p1|Iron Valiant|
|poke|p1|Heatran, M|
|poke|p2|Hydrapple, M|
|poke|p2|Goodra-Hisui, M|
|poke|p2|Great Tusk|
|poke|p2|Slowking-Galar, F|
|poke|p2|Zapdos|
|poke|p2|Tyranitar, M|
|teampreview
|inactive|Battle timer is ON: inactive players will automatically lose when time's up. (requested by yeahimgoinghome)
|
|t:|1776310443
|teamsize|p1|6
|teamsize|p2|6
|start
|switch|p1a: Mahad|Meowscarada, F, shiny|100/100
|switch|p2a: Tyranitar|Tyranitar, M|100/100
|-weather|Sandstorm|[from] ability: Sand Stream|[of] p2a: Tyranitar
|turn|1
|
|t:|1776310449
|switch|p2a: Zapdos|Zapdos|100/100
|move|p1a: Mahad|U-turn|p2a: Zapdos
|-start|p1a: Mahad|typechange|Bug|[from] ability: Protean
|-resisted|p2a: Zapdos
|-damage|p2a: Zapdos|88/100
|
|t:|1776310460
|switch|p1a: Mithridates|Slowking-Galar, F|100/100|[from] U-turn
|
|-weather|Sandstorm|[upkeep]
|-damage|p2a: Zapdos|82/100|[from] Sandstorm
|-damage|p1a: Mithridates|94/100|[from] Sandstorm
|upkeep
|turn|2
|
|t:|1776310469
|move|p2a: Zapdos|Volt Switch|p1a: Mithridates
|-damage|p1a: Mithridates|79/100
|
|t:|1776310471
|switch|p2a: Goodra|Goodra-Hisui, M|100/100|[from] Volt Switch
|move|p1a: Mithridates|Future Sight|p2a: Goodra
|-start|p1a: Mithridates|move: Future Sight
|
|-weather|Sandstorm|[upkeep]
|-damage|p1a: Mithridates|73/100|[from] Sandstorm
|upkeep
|turn|3
|
|t:|1776310478
|switch|p1a: Pallas|Iron Valiant, shiny|100/100
|-enditem|p1a: Pallas|Booster Energy
|-activate|p1a: Pallas|ability: Quark Drive|[fromitem]
|-start|p1a: Pallas|quarkdrivespe
|move|p2a: Goodra|Knock Off|p1a: Pallas
|-resisted|p1a: Pallas
|-damage|p1a: Pallas|96/100
|
|-weather|Sandstorm|[upkeep]
|-damage|p1a: Pallas|90/100|[from] Sandstorm
|upkeep
|turn|4
|
|t:|1776310488
|move|p1a: Pallas|Knock Off|p2a: Goodra
|-damage|p2a: Goodra|76/100
|-ability|p2a: Goodra|Gooey
|-unboost|p1a: Pallas|spe|1
|-enditem|p2a: Goodra|Leftovers|[from] move: Knock Off|[of] p1a: Pallas
|move|p2a: Goodra|Flash Cannon|p1a: Pallas
|-supereffective|p1a: Pallas
|-damage|p1a: Pallas|0 fnt
|faint|p1a: Pallas
|-end|p1a: Pallas|Quark Drive|[silent]
|
|-weather|Sandstorm|[upkeep]
|-end|p2a: Goodra|move: Future Sight
|-resisted|p2a: Goodra
|-damage|p2a: Goodra|60/100
|upkeep
|
|t:|1776310500
|switch|p1a: Vulcanus|Heatran, M, shiny|100/100
|turn|5
|
|t:|1776310512
|move|p2a: Goodra|Protect|p2a: Goodra
|-singleturn|p2a: Goodra|Protect
|move|p1a: Vulcanus|Earth Power|p2a: Goodra
|-activate|p2a: Goodra|move: Protect
|
|-weather|none
|upkeep
|turn|6
|
|t:|1776310524
|switch|p2a: Hydrapple|Hydrapple, M|100/100
|move|p1a: Vulcanus|Earth Power|p2a: Hydrapple
|-resisted|p2a: Hydrapple
|-damage|p2a: Hydrapple|78/100
|
|-heal|p2a: Hydrapple|84/100|[from] item: Leftovers
|upkeep
|turn|7
|
|t:|1776310534
|switch|p1a: Mithridates|Slowking-Galar, F|100/100
|move|p2a: Hydrapple|Earth Power|p1a: Mithridates
|-supereffective|p1a: Mithridates
|-damage|p1a: Mithridates|77/100
|
|-heal|p2a: Hydrapple|90/100|[from] item: Leftovers
|upkeep
|turn|8
|
|t:|1776310542
|switch|p2a: Tyranitar|Tyranitar, M|100/100
|-weather|Sandstorm|[from] ability: Sand Stream|[of] p2a: Tyranitar
|move|p1a: Mithridates|Sludge Bomb|p2a: Tyranitar
|-resisted|p2a: Tyranitar
|-damage|p2a: Tyranitar|92/100
|-status|p2a: Tyranitar|psn
|
|-weather|Sandstorm|[upkeep]
|-damage|p1a: Mithridates|71/100|[from] Sandstorm
|-heal|p2a: Tyranitar|98/100 psn|[from] item: Leftovers
|-damage|p2a: Tyranitar|85/100 psn|[from] psn
|upkeep
|turn|9
|
|t:|1776310554
|switch|p1a: Charybdis|Alomomola, M, shiny|100/100
|move|p2a: Tyranitar|Stealth Rock|p1a: Charybdis
|-sidestart|p1: magistermilitum420|move: Stealth Rock
|
|-weather|Sandstorm|[upkeep]
|-damage|p1a: Charybdis|94/100|[from] Sandstorm
|-heal|p2a: Tyranitar|92/100 psn|[from] item: Leftovers
|-damage|p2a: Tyranitar|79/100 psn|[from] psn
|upkeep
|turn|10
|
|t:|1776310571
|switch|p2a: Goodra|Goodra-Hisui, M|60/100
|move|p1a: Charybdis|Scald|p2a: Goodra
|-resisted|p2a: Goodra
|-damage|p2a: Goodra|56/100
|
|-weather|Sandstorm|[upkeep]
|-damage|p1a: Charybdis|88/100|[from] Sandstorm
|upkeep
|turn|11
|
|t:|1776310584
|switch|p1a: Vulcanus|Heatran, M, shiny|100/100
|-damage|p1a: Vulcanus|88/100|[from] Stealth Rock
|move|p2a: Goodra|Knock Off|p1a: Vulcanus
|-damage|p1a: Vulcanus|67/100
|-enditem|p1a: Vulcanus|Choice Specs|[from] move: Knock Off|[of] p2a: Goodra
|
|-weather|Sandstorm|[upkeep]
|upkeep
|turn|12
|
|t:|1776310594
|switch|p2a: Hydrapple|Hydrapple, M|100/100
|move|p1a: Vulcanus|Earth Power|p2a: Hydrapple
|-resisted|p2a: Hydrapple
|-damage|p2a: Hydrapple|84/100
|
|-weather|none
|-heal|p2a: Hydrapple|90/100|[from] item: Leftovers
|upkeep
|turn|13
|
|t:|1776310605
|switch|p1a: Mahad|Meowscarada, F, shiny|100/100
|-damage|p1a: Mahad|88/100|[from] Stealth Rock
|move|p2a: Hydrapple|Earth Power|p1a: Mahad
|-resisted|p1a: Mahad
|-damage|p1a: Mahad|70/100
|
|-heal|p2a: Hydrapple|96/100|[from] item: Leftovers
|upkeep
|turn|14
|
|t:|1776310616
|move|p1a: Mahad|Triple Axel|p2a: Hydrapple
|-start|p1a: Mahad|typechange|Ice|[from] ability: Protean
|-supereffective|p2a: Hydrapple
|-damage|p2a: Hydrapple|73/100
|-supereffective|p2a: Hydrapple
|-damage|p2a: Hydrapple|30/100
|-supereffective|p2a: Hydrapple
|-damage|p2a: Hydrapple|0 fnt
|faint|p2a: Hydrapple
|-hitcount|p2: Hydrapple|3
|
|upkeep
|
|t:|1776310625
|switch|p2a: Goodra|Goodra-Hisui, M|56/100
|turn|15
|
|t:|1776310629
|switch|p1a: Vulcanus|Heatran, M, shiny|67/100
|-damage|p1a: Vulcanus|55/100|[from] Stealth Rock
|move|p2a: Goodra|Dragon Tail|p1a: Vulcanus|[miss]
|-miss|p2a: Goodra|p1a: Vulcanus
|
|upkeep
|turn|16
|
|t:|1776310640
|switch|p2a: Great Tusk|Great Tusk|100/100
|move|p1a: Vulcanus|Overheat|p2a: Great Tusk
|-damage|p2a: Great Tusk|4/100
|-unboost|p1a: Vulcanus|spa|2
|
|-heal|p2a: Great Tusk|11/100|[from] item: Leftovers
|upkeep
|turn|17
|l|☆yeahimgoinghome
|inactive|yeahimgoinghome disconnected and has a minute to reconnect!
|player|p2|
|
|t:|1776310660
|switch|p1a: Charybdis|Alomomola, M, shiny|100/100
|-damage|p1a: Charybdis|88/100|[from] Stealth Rock
|move|p2a: Great Tusk|Close Combat|p1a: Charybdis
|-damage|p1a: Charybdis|54/100
|-unboost|p2a: Great Tusk|def|1
|-unboost|p2a: Great Tusk|spd|1
|-damage|p2a: Great Tusk|0 fnt|[from] item: Rocky Helmet|[of] p1a: Charybdis
|faint|p2a: Great Tusk
|-end|p2a: Great Tusk|Protosynthesis|[silent]
|
|upkeep
|inactive|yeahimgoinghome has 30 seconds to reconnect!
|inactive|yeahimgoinghome has 20 seconds to reconnect!
|inactive|yeahimgoinghome has 15 seconds to reconnect!
|inactive|yeahimgoinghome has 10 seconds to reconnect!
|inactive|yeahimgoinghome has 5 seconds to reconnect!
|-message|yeahimgoinghome lost due to inactivity.
|
|win|magistermilitum420
|raw|magistermilitum420's rating: 1376 &rarr; <strong>1394</strong><br />(+18 for winning)
|raw|yeahimgoinghome's rating: 1334 &rarr; <strong>1316</strong><br />(-18 for losing)
