|html|<div class="broadcast-blue"><strong>[Gen 9] OU is currently suspecting Tera Blast! For information on how to participate check out the <a href="https://www.smogon.com/tools/suspects/view/200">suspect thread</a>.</strong></div>
|j|☆CrackSquad
|j|☆brogre35
|t:|1776035976
|gametype|singles
|player|p1|CrackSquad|ballguy|1742
|player|p2|brogre35|swimmer-gen4dp|1651
|gen|9
|tier|[Gen 9] OU
|rated|
|rule|HP Percentage Mod: HP is shown in percentages
|rule|Endless Battle Clause: Forcing endless battles is banned
|rule|Species Clause: Limit one of each Pokémon
|rule|OHKO Clause: OHKO moves are banned
|rule|Evasion Items Clause: Evasion items are banned
|rule|Evasion Moves Clause: Evasion moves are banned
|rule|Evasion Abilities Clause: Evasion abilities are banned
|rule|Sleep Moves Clause: Sleep-inducing moves are banned
|clearpoke
|poke|p1|Comfey, F|
|poke|p1|Dragonite, M|
|poke|p1|Ogerpon-Wellspring, F|
|poke|p1|Deoxys-Speed|
|poke|p1|Gholdengo|
|poke|p1|Kingambit, F|
|poke|p2|Ninetales-Alola, F|
|poke|p2|Kyurem|
|poke|p2|Ursaluna, M|
|poke|p2|Farigiraf, M|
|poke|p2|Hatterene, F|
|poke|p2|Cresselia, F|
|teampreview
|inactive|Battle timer is ON: inactive players will automatically lose when time's up. (requested by brogre35)
|
|t:|1776035986
|teamsize|p1|6
|teamsize|p2|6
|start
|switch|p1a: Deoxys|Deoxys-Speed|100/100
|switch|p2a: Pink Triangle|Hatterene, F|100/100
|-ability|p1a: Deoxys|Pressure
|turn|1
|
|t:|1776036001
|switch|p1a: Daenerys|Kingambit, F|100/100
|move|p2a: Pink Triangle|Psychic Noise|p1a: Daenerys
|-immune|p1a: Daenerys
|
|upkeep
|turn|2
|
|t:|1776036008
|move|p1a: Daenerys|Iron Head|p2a: Pink Triangle
|-supereffective|p2a: Pink Triangle
|-enditem|p2a: Pink Triangle|Focus Sash
|-damage|p2a: Pink Triangle|1/100
|move|p2a: Pink Triangle|Trick Room|p2a: Pink Triangle
|-fieldstart|move: Trick Room|[of] p2a: Pink Triangle
|
|upkeep
|turn|3
|
|t:|1776036019
|move|p2a: Pink Triangle|Misty Explosion|p1a: Daenerys
|-damage|p1a: Daenerys|39/100
|faint|p2a: Pink Triangle
|move|p1a: Daenerys|Iron Head|p2: Pink Triangle|[notarget]
|-fail|p1a: Daenerys
|
|-heal|p1a: Daenerys|45/100|[from] item: Leftovers
|upkeep
|
|t:|1776036030
|switch|p2a: Across The Sea|Farigiraf, M|100/100
|turn|4
|
|t:|1776036049
|move|p2a: Across The Sea|Nasty Plot|p2a: Across The Sea
|-boost|p2a: Across The Sea|spa|2
|move|p1a: Daenerys|Iron Head|p2a: Across The Sea
|-damage|p2a: Across The Sea|49/100
|
|-heal|p2a: Across The Sea|55/100|[from] item: Leftovers
|-heal|p1a: Daenerys|51/100|[from] item: Leftovers
|upkeep
|turn|5
|
|t:|1776036058
|-terastallize|p2a: Across The Sea|Fighting
|move|p1a: Daenerys|Sucker Punch||[still]
|cant|p2a: Across The Sea|ability: Armor Tail|Sucker Punch|[of] p1a: Daenerys
|move|p2a: Across The Sea|Tera Blast|p1a: Daenerys|[anim] Tera Blast Fighting
|-supereffective|p1a: Daenerys
|-damage|p1a: Daenerys|0 fnt
|faint|p1a: Daenerys
|-end|p1a: Daenerys|fallenundefined|[silent]
|
|-heal|p2a: Across The Sea|61/100|[from] item: Leftovers
|upkeep
|
|t:|1776036066
|switch|p1a: Deoxys|Deoxys-Speed|100/100
|-ability|p1a: Deoxys|Pressure
|turn|6
|
|t:|1776036071
|move|p2a: Across The Sea|Shadow Ball|p1a: Deoxys
|-supereffective|p1a: Deoxys
|-enditem|p1a: Deoxys|Focus Sash
|-damage|p1a: Deoxys|1/100
|move|p1a: Deoxys|Psycho Boost|p2a: Across The Sea
|-supereffective|p2a: Across The Sea
|-damage|p2a: Across The Sea|0 fnt
|-unboost|p1a: Deoxys|spa|2
|faint|p2a: Across The Sea
|
|-fieldend|move: Trick Room
|upkeep
|
|t:|1776036079
|switch|p2a: The Good Life|Ninetales-Alola, F|100/100
|-weather|Snowscape|[from] ability: Snow Warning|[of] p2a: The Good Life
|turn|7
|
|t:|1776036083
|move|p1a: Deoxys|Stealth Rock|p2a: The Good Life
|-sidestart|p2: brogre35|move: Stealth Rock
|move|p2a: The Good Life|Freeze-Dry|p1a: Deoxys
|-damage|p1a: Deoxys|0 fnt
|faint|p1a: Deoxys
|
|-weather|Snowscape|[upkeep]
|upkeep
|
|t:|1776036090
|switch|p1a: Gholdengo|Gholdengo|100/100
|-item|p1a: Gholdengo|Air Balloon
|turn|8
|
|t:|1776036093
|move|p2a: The Good Life|Aurora Veil|p2a: The Good Life
|-sidestart|p2: brogre35|move: Aurora Veil
|move|p1a: Gholdengo|Make It Rain|p2a: The Good Life
|-supereffective|p2a: The Good Life
|-damage|p2a: The Good Life|0 fnt
|-unboost|p1a: Gholdengo|spa|1
|faint|p2a: The Good Life
|
|-weather|Snowscape|[upkeep]
|upkeep
|
|t:|1776036097
|switch|p2a: Getchoo|Kyurem|100/100
|-damage|p2a: Getchoo|76/100|[from] Stealth Rock
|-ability|p2a: Getchoo|Pressure
|turn|9
|
|t:|1776036101
|move|p1a: Gholdengo|Make It Rain|p2a: Getchoo
|-supereffective|p2a: Getchoo
|-damage|p2a: Getchoo|35/100
|-unboost|p1a: Gholdengo|spa|1
|move|p2a: Getchoo|Dragon Dance|p2a: Getchoo
|-boost|p2a: Getchoo|atk|1
|-boost|p2a: Getchoo|spe|1
|
|-weather|Snowscape|[upkeep]
|upkeep
|turn|10
|
|t:|1776036109
|move|p2a: Getchoo|Dragon Dance|p2a: Getchoo
|-boost|p2a: Getchoo|atk|1
|-boost|p2a: Getchoo|spe|1
|move|p1a: Gholdengo|Make It Rain|p2a: Getchoo
|-supereffective|p2a: Getchoo
|-damage|p2a: Getchoo|6/100
|-unboost|p1a: Gholdengo|spa|1
|
|-weather|Snowscape|[upkeep]
|upkeep
|turn|11
|inactive|CrackSquad has 120 seconds left.
|
|t:|1776036146
|switch|p1a: Dragonite|Dragonite, M|100/100
|move|p2a: Getchoo|Icicle Spear|p1a: Dragonite
|-supereffective|p1a: Dragonite
|-damage|p1a: Dragonite|37/100
|-supereffective|p1a: Dragonite
|-damage|p1a: Dragonite|0 fnt
|faint|p1a: Dragonite
|-hitcount|p1: Dragonite|2
|
|-weather|none
|upkeep
|
|t:|1776036150
|switch|p1a: Comfey|Comfey, F|100/100
|turn|12
|
|t:|1776036156
|switch|p2a: El Scorcho|Ursaluna, M|100/100
|-damage|p2a: El Scorcho|94/100|[from] Stealth Rock
|move|p1a: Comfey|Draining Kiss|p2a: El Scorcho
|-damage|p2a: El Scorcho|82/100
|-damage|p1a: Comfey|91/100|[from] item: Life Orb
|
|-status|p2a: El Scorcho|brn|[from] item: Flame Orb
|upkeep
|turn|13
|
|t:|1776036166
|switch|p1a: Gholdengo|Gholdengo|100/100
|-item|p1a: Gholdengo|Air Balloon
|move|p2a: El Scorcho|Fire Punch|p1a: Gholdengo
|-supereffective|p1a: Gholdengo
|-damage|p1a: Gholdengo|0 fnt
|-enditem|p1a: Gholdengo|Air Balloon
|faint|p1a: Gholdengo
|
|-damage|p2a: El Scorcho|76/100 brn|[from] brn
|upkeep
|
|t:|1776036179
|switch|p1a: Ogerpon|Ogerpon-Wellspring, F|100/100
|turn|14
|
|t:|1776036191
|move|p1a: Ogerpon|Horn Leech|p2a: El Scorcho
|-supereffective|p2a: El Scorcho
|-damage|p2a: El Scorcho|46/100 brn
|move|p2a: El Scorcho|Facade|p1a: Ogerpon
|-damage|p1a: Ogerpon|0 fnt
|faint|p1a: Ogerpon
|
|-damage|p2a: El Scorcho|40/100 brn|[from] brn
|upkeep
|
|t:|1776036197
|switch|p1a: Comfey|Comfey, F|91/100
|turn|15
|
|t:|1776036199
|move|p1a: Comfey|Calm Mind|p1a: Comfey
|-boost|p1a: Comfey|spa|1
|-boost|p1a: Comfey|spd|1
|move|p2a: El Scorcho|Facade|p1a: Comfey
|-damage|p1a: Comfey|0 fnt
|faint|p1a: Comfey
|
|win|brogre35
|raw|CrackSquad's rating: 1742 &rarr; <strong>1717</strong><br />(-25 for losing)
|raw|brogre35's rating: 1651 &rarr; <strong>1676</strong><br />(+25 for winning)
|l|☆CrackSquad
|player|p1|
|l|☆brogre35
|player|p2|
