|html|<div class="broadcast-blue"><strong>[Gen 9] OU is currently suspecting Tera Blast! For information on how to participate check out the <a href="https://www.smogon.com/tools/suspects/view/200">suspect thread</a>.</strong></div>
|j|☆Reostato
|j|☆Koko497
|t:|1776251587
|gametype|singles
|player|p1|Reostato|102|1159
|player|p2|Koko497|ghetsis-gen5bw|1181
|gen|9
|tier|[Gen 9] OU
|rated|
|rule|HP Percentage Mod: HP is shown in percentages
|rule|Endless Battle Clause: Forcing endless battles is banned
|rule|Species Clause: Limit one of each Pokémon
|rule|OHKO Clause: OHKO moves are banned
|rule|Evasion Items Clause: Evasion items are banned
|rule|Evasion Moves Clause: Evasion moves are banned
|rule|Evasion Abilities Clause: Evasion abilities are banned
|rule|Sleep Moves Clause: Sleep-inducing moves are banned
|clearpoke
|poke|p1|Torkoal, M|
|poke|p1|Walking Wake|
|poke|p1|Gallade, M|
|poke|p1|Raging Bolt|
|poke|p1|Enamorus, F|
|poke|p1|Great Tusk|
|poke|p2|Garchomp, F|
|poke|p2|Samurott-Hisui, F|
|poke|p2|Iron Valiant|
|poke|p2|Slowking-Galar, M|
|poke|p2|Kyurem|
|poke|p2|Corviknight, F|
|teampreview
|inactive|Battle timer is ON: inactive players will automatically lose when time's up. (requested by Reostato)
|inactive|Koko497 has 120 seconds left.
|
|t:|1776251629
|teamsize|p1|6
|teamsize|p2|6
|start
|switch|p1a: Torkoal|Torkoal, M, shiny|100/100
|switch|p2a: Slowking|Slowking-Galar, M|100/100
|-weather|SunnyDay|[from] ability: Drought|[of] p1a: Torkoal
|turn|1
|
|t:|1776251639
|move|p1a: Torkoal|Stealth Rock|p2a: Slowking
|-sidestart|p2: Koko497|move: Stealth Rock
|-prepare|p2a: Slowking|Chilly Reception|[premajor]
|move|p2a: Slowking|Chilly Reception|p2a: Slowking
|-weather|Snowscape
|
|t:|1776251645
|switch|p2a: Samurott|Samurott-Hisui, F|100/100|[from] Chilly Reception
|-damage|p2a: Samurott|88/100|[from] Stealth Rock
|
|-weather|Snowscape|[upkeep]
|upkeep
|turn|2
|
|t:|1776251653
|switch|p1a: Enamorus|Enamorus, F|100/100
|move|p2a: Samurott|Knock Off|p1a: Enamorus
|-resisted|p1a: Enamorus
|-damage|p1a: Enamorus|68/100
|-enditem|p1a: Enamorus|Choice Scarf|[from] move: Knock Off|[of] p2a: Samurott
|
|-weather|Snowscape|[upkeep]
|upkeep
|turn|3
|
|t:|1776251665
|switch|p2a: Corviknight|Corviknight, F|100/100
|-damage|p2a: Corviknight|88/100|[from] Stealth Rock
|-ability|p2a: Corviknight|Pressure
|move|p1a: Enamorus|Springtide Storm|p2a: Corviknight
|-resisted|p2a: Corviknight
|-damage|p2a: Corviknight|61/100
|
|-weather|Snowscape|[upkeep]
|upkeep
|turn|4
|j| Apex Vanquisher
|c| Apex Vanquisher|加油
|
|t:|1776251677
|move|p1a: Enamorus|Mystical Fire|p2a: Corviknight
|-supereffective|p2a: Corviknight
|-damage|p2a: Corviknight|8/100
|-unboost|p2a: Corviknight|spa|1
|move|p2a: Corviknight|Roost|p2a: Corviknight
|-heal|p2a: Corviknight|58/100
|-singleturn|p2a: Corviknight|move: Roost
|
|-weather|Snowscape|[upkeep]
|upkeep
|turn|5
|
|t:|1776251689
|switch|p2a: Slowking|Slowking-Galar, M|100/100
|move|p1a: Enamorus|Mystical Fire|p2a: Slowking
|-damage|p2a: Slowking|85/100
|-unboost|p2a: Slowking|spa|1
|
|-weather|none
|upkeep
|turn|6
|
|t:|1776251699
|move|p1a: Enamorus|Earth Power|p2a: Slowking
|-supereffective|p2a: Slowking
|-damage|p2a: Slowking|47/100
|-unboost|p2a: Slowking|spd|1
|move|p2a: Slowking|Future Sight|p1a: Enamorus
|-start|p2a: Slowking|move: Future Sight
|
|upkeep
|turn|7
|
|t:|1776251723
|switch|p2a: Corviknight|Corviknight, F|58/100
|-damage|p2a: Corviknight|46/100|[from] Stealth Rock
|-ability|p2a: Corviknight|Pressure
|move|p1a: Enamorus|Earth Power|p2a: Corviknight
|-immune|p2a: Corviknight
|
|upkeep
|turn|8
|
|t:|1776251732
|switch|p2a: Slowking|Slowking-Galar, M|81/100
|move|p1a: Enamorus|Mystical Fire|p2a: Slowking
|-damage|p2a: Slowking|65/100
|-unboost|p2a: Slowking|spa|1
|
|-end|p1a: Enamorus|move: Future Sight
|-damage|p1a: Enamorus|26/100
|upkeep
|turn|9
|
|t:|1776251743
|move|p1a: Enamorus|Earth Power|p2a: Slowking
|-supereffective|p2a: Slowking
|-damage|p2a: Slowking|31/100
|move|p2a: Slowking|Sludge Bomb|p1a: Enamorus
|-supereffective|p1a: Enamorus
|-damage|p1a: Enamorus|0 fnt
|faint|p1a: Enamorus
|
|upkeep
|
|t:|1776251751
|switch|p1a: Great Tusk|Great Tusk|100/100
|turn|10
|
|t:|1776251762
|switch|p2a: Corviknight|Corviknight, F|46/100
|-damage|p2a: Corviknight|33/100|[from] Stealth Rock
|-ability|p2a: Corviknight|Pressure
|move|p1a: Great Tusk|Close Combat|p2a: Corviknight
|-damage|p2a: Corviknight|0 fnt
|-unboost|p1a: Great Tusk|def|1
|-unboost|p1a: Great Tusk|spd|1
|-damage|p1a: Great Tusk|84/100|[from] item: Rocky Helmet|[of] p2a: Corviknight
|faint|p2a: Corviknight
|
|upkeep
|l| Apex Vanquisher
|
|t:|1776251786
|switch|p2a: Samurott|Samurott-Hisui, F|88/100
|-damage|p2a: Samurott|76/100|[from] Stealth Rock
|turn|11
|
|t:|1776251800
|move|p1a: Great Tusk|Close Combat|p2a: Samurott
|-supereffective|p2a: Samurott
|-damage|p2a: Samurott|0 fnt
|-unboost|p1a: Great Tusk|def|1
|-unboost|p1a: Great Tusk|spd|1
|faint|p2a: Samurott
|
|upkeep
|
|t:|1776251809
|switch|p2a: Iron Valiant|Iron Valiant|100/100
|-damage|p2a: Iron Valiant|94/100|[from] Stealth Rock
|-enditem|p2a: Iron Valiant|Booster Energy
|-activate|p2a: Iron Valiant|ability: Quark Drive|[fromitem]
|-start|p2a: Iron Valiant|quarkdrivespe
|turn|12
|j| Apex Vanquisher
|
|t:|1776251828
|-terastallize|p1a: Great Tusk|Ground
|move|p2a: Iron Valiant|Close Combat|p1a: Great Tusk
|-damage|p1a: Great Tusk|9/100
|-unboost|p2a: Iron Valiant|def|1
|-unboost|p2a: Iron Valiant|spd|1
|move|p1a: Great Tusk|Play Rough|p2a: Iron Valiant
|-supereffective|p2a: Iron Valiant
|-damage|p2a: Iron Valiant|0 fnt
|faint|p2a: Iron Valiant
|-end|p2a: Iron Valiant|Quark Drive|[silent]
|
|upkeep
|c| Apex Vanquisher|？？？
|
|t:|1776251841
|switch|p2a: Kyurem|Kyurem|100/100
|-damage|p2a: Kyurem|76/100|[from] Stealth Rock
|-ability|p2a: Kyurem|Pressure
|turn|13
|c| Apex Vanquisher|嬉闹？？？
|
|t:|1776251850
|move|p2a: Kyurem|Earth Power|p1a: Great Tusk
|-damage|p1a: Great Tusk|0 fnt
|faint|p1a: Great Tusk
|-end|p1a: Great Tusk|Protosynthesis|[silent]
|
|upkeep
|
|t:|1776251854
|switch|p1a: Torkoal|Torkoal, M, shiny|100/100
|-weather|SunnyDay|[from] ability: Drought|[of] p1a: Torkoal
|turn|14
|c| Apex Vanquisher|地力！？
|
|t:|1776251867
|switch|p2a: Slowking|Slowking-Galar, M|64/100
|move|p1a: Torkoal|Will-O-Wisp|p2a: Slowking|[miss]
|-miss|p1a: Torkoal|p2a: Slowking
|
|-weather|SunnyDay|[upkeep]
|upkeep
|turn|15
|
|t:|1776251878
|switch|p1a: Gallade|Gallade, M|100/100
|-prepare|p2a: Slowking|Chilly Reception|[premajor]
|move|p2a: Slowking|Chilly Reception|p2a: Slowking
|-weather|Snowscape
|c| Apex Vanquisher|good luck
|
|t:|1776251884
|switch|p2a: Garchomp|Garchomp, F|100/100|[from] Chilly Reception
|-damage|p2a: Garchomp|94/100|[from] Stealth Rock
|
|-weather|Snowscape|[upkeep]
|upkeep
|turn|16
|c| Apex Vanquisher|估计又要上龟了
|
|t:|1776251907
|move|p1a: Gallade|Aqua Cutter|p2a: Garchomp
|-damage|p2a: Garchomp|71/100
|move|p2a: Garchomp|Stealth Rock|p1a: Gallade
|-sidestart|p1: Reostato|move: Stealth Rock
|
|-weather|Snowscape|[upkeep]
|upkeep
|turn|17
|c| Apex Vanquisher|剑舞？
|c| Apex Vanquisher|6
|
|t:|1776251929
|move|p1a: Gallade|Sacred Sword|p2a: Garchomp
|-damage|p2a: Garchomp|23/100
|-damage|p1a: Gallade|88/100|[from] ability: Rough Skin|[of] p2a: Garchomp
|-damage|p1a: Gallade|72/100|[from] item: Rocky Helmet|[of] p2a: Garchomp
|move|p2a: Garchomp|Earthquake|p1a: Gallade
|-damage|p1a: Gallade|0 fnt
|faint|p1a: Gallade
|
|-weather|Snowscape|[upkeep]
|upkeep
|
|t:|1776251937
|switch|p1a: Torkoal|Torkoal, M, shiny|100/100
|-damage|p1a: Torkoal|76/100|[from] Stealth Rock
|-weather|SunnyDay|[from] ability: Drought|[of] p1a: Torkoal
|turn|18
|c|☆Koko497|最近好烦
|c| Apex Vanquisher|震
|c| Apex Vanquisher|？
|c|☆Koko497|心不在焉
|c|☆Koko497|玩起来
|c| Apex Vanquisher|掉分？
|c|☆Koko497|是的
|c| Apex Vanquisher|嗯
|c| Apex Vanquisher|建议心情不好时心情不好时。
|
|t:|1776251966
|move|p2a: Garchomp|Earthquake|p1a: Torkoal
|-supereffective|p1a: Torkoal
|-damage|p1a: Torkoal|24/100
|move|p1a: Torkoal|Will-O-Wisp|p2a: Garchomp
|-status|p2a: Garchomp|brn
|
|-weather|SunnyDay|[upkeep]
|-damage|p2a: Garchomp|16/100 brn|[from] brn
|upkeep
|turn|19
|c| Apex Vanquisher|别玩平衡
|c| Apex Vanquisher|因为你需要思路
|
|t:|1776251977
|move|p2a: Garchomp|Earthquake|p1a: Torkoal
|-supereffective|p1a: Torkoal
|-damage|p1a: Torkoal|0 fnt
|faint|p1a: Torkoal
|
|-weather|SunnyDay|[upkeep]
|-damage|p2a: Garchomp|10/100 brn|[from] brn
|upkeep
|
|t:|1776251985
|switch|p1a: Walking Wake|Walking Wake|100/100
|-damage|p1a: Walking Wake|88/100|[from] Stealth Rock
|-activate|p1a: Walking Wake|ability: Protosynthesis
|-start|p1a: Walking Wake|protosynthesisspa
|turn|20
|
|t:|1776251997
|move|p1a: Walking Wake|Hydro Pump|p2a: Garchomp
|-damage|p2a: Garchomp|0 fnt
|faint|p2a: Garchomp
|-damage|p1a: Walking Wake|78/100|[from] item: Life Orb
|
|-weather|SunnyDay|[upkeep]
|upkeep
|c| Apex Vanquisher|拖
|c| Apex Vanquisher|吧
|
|t:|1776252010
|switch|p2a: Slowking|Slowking-Galar, M|97/100
|turn|21
|
|t:|1776252021
|move|p1a: Walking Wake|Weather Ball|p2a: Slowking
|-damage|p2a: Slowking|50/100
|-damage|p1a: Walking Wake|69/100|[from] item: Life Orb
|-prepare|p2a: Slowking|Chilly Reception|[premajor]
|move|p2a: Slowking|Chilly Reception|p2a: Slowking
|-weather|Snowscape
|-end|p1a: Walking Wake|Protosynthesis
|
|t:|1776252031
|switch|p2a: Kyurem|Kyurem|76/100|[from] Chilly Reception
|-damage|p2a: Kyurem|51/100|[from] Stealth Rock
|-ability|p2a: Kyurem|Pressure
|
|-weather|Snowscape|[upkeep]
|upkeep
|turn|22
|
|t:|1776252050
|-terastallize|p2a: Kyurem|Ice
|move|p2a: Kyurem|Blizzard|p1a: Walking Wake
|-damage|p1a: Walking Wake|0 fnt
|faint|p1a: Walking Wake
|-end|p1a: Walking Wake|Protosynthesis|[silent]
|
|-weather|Snowscape|[upkeep]
|upkeep
|
|t:|1776252055
|switch|p1a: Raging Bolt|Raging Bolt|100/100
|-damage|p1a: Raging Bolt|88/100|[from] Stealth Rock
|turn|23
|c| Apex Vanquisher|好
|c| Apex Vanquisher|可以
|
|t:|1776252062
|move|p2a: Kyurem|Blizzard|p1a: Raging Bolt
|-supereffective|p1a: Raging Bolt
|-damage|p1a: Raging Bolt|0 fnt
|faint|p1a: Raging Bolt
|-end|p1a: Raging Bolt|Protosynthesis|[silent]
|
|win|Koko497
|raw|Reostato's rating: 1159 &rarr; <strong>1136</strong><br />(-23 for losing)
|raw|Koko497's rating: 1181 &rarr; <strong>1204</strong><br />(+23 for winning)
|l|☆Reostato
|player|p1|
|c| Apex Vanquisher|好！
|c|☆Koko497|算到了
