|html|<div class="broadcast-blue"><strong>[Gen 9] OU is currently suspecting Tera Blast! For information on how to participate check out the <a href="https://www.smogon.com/tools/suspects/view/200">suspect thread</a>.</strong></div>
|j|☆reed beano
|j|☆Stboq
|t:|1776268419
|gametype|singles
|player|p1|reed beano|dahlia|1130
|player|p2|Stboq|265|1107
|gen|9
|tier|[Gen 9] OU
|rated|
|rule|HP Percentage Mod: HP is shown in percentages
|rule|Endless Battle Clause: Forcing endless battles is banned
|rule|Species Clause: Limit one of each Pokémon
|rule|OHKO Clause: OHKO moves are banned
|rule|Evasion Items Clause: Evasion items are banned
|rule|Evasion Moves Clause: Evasion moves are banned
|rule|Evasion Abilities Clause: Evasion abilities are banned
|rule|Sleep Moves Clause: Sleep-inducing moves are banned
|clearpoke
|poke|p1|Great Tusk|
|poke|p1|Slowking-Galar, M|
|poke|p1|Zamazenta-*|
|poke|p1|Gholdengo|
|poke|p1|Dragonite, F|
|poke|p1|Munkidori, M|
|poke|p2|Arcanine-Hisui, M|
|poke|p2|Pelipper, M|
|poke|p2|Araquanid, F|
|poke|p2|Espeon, F|
|poke|p2|Dragapult, M|
|poke|p2|Polteageist|
|teampreview
|inactive|Battle timer is ON: inactive players will automatically lose when time's up. (requested by Stboq)
|
|t:|1776268449
|teamsize|p1|6
|teamsize|p2|6
|start
|switch|p1a: Zamazenta|Zamazenta|100/100
|switch|p2a: Araquanid|Araquanid, F|100/100
|-ability|p1a: Zamazenta|Dauntless Shield|boost
|-boost|p1a: Zamazenta|def|1
|turn|1
|
|t:|1776268474
|move|p1a: Zamazenta|Substitute|p1a: Zamazenta
|-start|p1a: Zamazenta|Substitute
|-damage|p1a: Zamazenta|76/100
|move|p2a: Araquanid|Surf|p1a: Zamazenta
|-end|p1a: Zamazenta|Substitute
|
|upkeep
|turn|2
|
|t:|1776268480
|switch|p1a: Slowking|Slowking-Galar, M, shiny|100/100
|move|p2a: Araquanid|Surf|p1a: Slowking
|-damage|p1a: Slowking|57/100
|
|upkeep
|turn|3
|
|t:|1776268487
|move|p2a: Araquanid|Surf|p1a: Slowking
|-damage|p1a: Slowking|15/100
|move|p1a: Slowking|Slack Off|p1a: Slowking
|-heal|p1a: Slowking|65/100
|
|upkeep
|turn|4
|
|t:|1776268498
|move|p2a: Araquanid|Sticky Web|p1a: Slowking
|-sidestart|p1: reed beano|move: Sticky Web
|move|p1a: Slowking|Sludge Bomb|p2a: Araquanid
|-damage|p2a: Araquanid|74/100
|-status|p2a: Araquanid|psn
|
|-damage|p2a: Araquanid|62/100 psn|[from] psn
|upkeep
|turn|5
|
|t:|1776268503
|move|p2a: Araquanid|Surf|p1a: Slowking
|-damage|p1a: Slowking|24/100
|move|p1a: Slowking|Slack Off|p1a: Slowking
|-heal|p1a: Slowking|74/100
|
|-damage|p2a: Araquanid|49/100 psn|[from] psn
|upkeep
|turn|6
|
|t:|1776268511
|switch|p2a: Polteageist|Polteageist, shiny|100/100
|move|p1a: Slowking|Sludge Bomb|p2a: Polteageist
|-resisted|p2a: Polteageist
|-damage|p2a: Polteageist|82/100
|
|upkeep
|turn|7
|
|t:|1776268516
|switch|p1a: Zamazenta|Zamazenta|76/100
|-activate|p1a: Zamazenta|move: Sticky Web
|-unboost|p1a: Zamazenta|spe|1
|move|p2a: Polteageist|Shell Smash|p2a: Polteageist
|-unboost|p2a: Polteageist|def|1
|-unboost|p2a: Polteageist|spd|1
|-boost|p2a: Polteageist|atk|2
|-boost|p2a: Polteageist|spa|2
|-boost|p2a: Polteageist|spe|2
|-enditem|p1a: Zamazenta|Mirror Herb
|-boost|p1a: Zamazenta|atk|2|[from] item: Mirror Herb
|-boost|p1a: Zamazenta|spa|2|[from] item: Mirror Herb
|-boost|p1a: Zamazenta|spe|2|[from] item: Mirror Herb
|-enditem|p2a: Polteageist|White Herb
|-clearnegativeboost|p2a: Polteageist|[silent]
|
|upkeep
|turn|8
|
|t:|1776268528
|move|p1a: Zamazenta|Crunch|p2a: Polteageist
|-supereffective|p2a: Polteageist
|-damage|p2a: Polteageist|0 fnt
|faint|p2a: Polteageist
|
|upkeep
|inactive|Stboq has 120 seconds left.
|inactive|Stboq has 90 seconds left.
|l|☆Stboq
|inactive|Stboq disconnected and has a minute to reconnect!
|player|p2|
|inactive|Stboq has 30 seconds to reconnect!
|inactive|Stboq has 20 seconds to reconnect!
|inactive|Stboq has 15 seconds to reconnect!
|inactive|Stboq has 10 seconds to reconnect!
|inactive|Stboq has 5 seconds to reconnect!
|-message|Stboq lost due to inactivity.
|
|win|reed beano
|raw|reed beano's rating: 1130 &rarr; <strong>1153</strong><br />(+23 for winning)
|raw|Stboq's rating: 1107 &rarr; <strong>1084</strong><br />(-23 for losing)
