|j|☆encore21768768
|j|☆Abyssal Bot
|t:|1776103935
|gametype|singles
|player|p1|encore21768768|265|
|player|p2|Abyssal Bot|supernerd|
|teamsize|p1|6
|teamsize|p2|6
|gen|9
|tier|[Gen 9] OU
|rule|Species Clause: Limit one of each Pokémon
|rule|OHKO Clause: OHKO moves are banned
|rule|Evasion Items Clause: Evasion items are banned
|rule|Evasion Moves Clause: Evasion moves are banned
|rule|Endless Battle Clause: Forcing endless battles is banned
|rule|HP Percentage Mod: HP is shown in percentages
|rule|Sleep Moves Clause: Sleep-inducing moves are banned
|clearpoke
|poke|p1|Bombirdier, M|
|poke|p1|Toedscruel, M|
|poke|p1|Appletun, M|
|poke|p1|Morpeko, M|
|poke|p1|Dondozo, M|
|poke|p1|Dragonite, F|
|poke|p2|Skarmory, M|
|poke|p2|Ting-Lu|
|poke|p2|Zamazenta-*|
|poke|p2|Weavile, M|
|poke|p2|Kyurem|
|poke|p2|Slowking-Galar, M|
|teampreview
|c|☆Abyssal Bot|Good Luck and Have Fun my Friend!
|inactive|Battle timer is ON: inactive players will automatically lose when time's up. (requested by Abyssal Bot)
|j|*Turbo Bottttt
|
|t:|1776103938
|start
|switch|p1a: Bombirdier|Bombirdier, M|100/100
|switch|p2a: Zamazenta|Zamazenta|100/100
|-ability|p2a: Zamazenta|Dauntless Shield|boost
|-boost|p2a: Zamazenta|def|1
|turn|1
|
|t:|1776103940
|move|p2a: Zamazenta|Close Combat|p1a: Bombirdier
|-damage|p1a: Bombirdier|8/100
|-unboost|p2a: Zamazenta|def|1
|-unboost|p2a: Zamazenta|spd|1
|move|p1a: Bombirdier|Brave Bird|p2a: Zamazenta
|-supereffective|p2a: Zamazenta
|-damage|p2a: Zamazenta|0
|faint|p2a: Zamazenta
|-damage|p1a: Bombirdier|0|[from] Recoil
|faint|p1a: Bombirdier
|
|upkeep
|
|t:|1776103945
|switch|p2a: Ting-Lu|Ting-Lu|100/100
|switch|p1a: Toedscruel|Toedscruel, M|100/100
|-ability|p2a: Ting-Lu|Vessel of Ruin
|turn|2
|
|t:|1776103947
|switch|p2a: Skarmory|Skarmory, M|100/100
|move|p1a: Toedscruel|Trick Room|p1a: Toedscruel
|-fieldstart|move: Trick Room|[of] p1a: Toedscruel
|
|upkeep
|turn|3
|
|t:|1776103951
|switch|p1a: Morpeko|Morpeko, M|100/100
|move|p2a: Skarmory|Brave Bird|p1a: Morpeko
|-resisted|p1a: Morpeko
|-damage|p1a: Morpeko|64/100
|-damage|p2a: Skarmory|91/100|[from] Recoil
|
|-formechange|p1a: Morpeko|Morpeko-Hangry||[from] ability: Hunger Switch
|upkeep
|turn|4
|
|t:|1776103953
|switch|p2a: Ting-Lu|Ting-Lu|100/100
|-ability|p2a: Ting-Lu|Vessel of Ruin
|move|p1a: Morpeko|Aura Wheel|p2a: Ting-Lu
|-resisted|p2a: Ting-Lu
|-damage|p2a: Ting-Lu|84/100
|-boost|p1a: Morpeko|spe|1
|-damage|p1a: Morpeko|55/100|[from] item: Life Orb
|
|-formechange|p1a: Morpeko|Morpeko||[from] ability: Hunger Switch
|upkeep
|turn|5
|
|t:|1776103957
|switch|p1a: Dragonite|Dragonite, F|100/100
|move|p2a: Ting-Lu|Earthquake|p1a: Dragonite
|-immune|p1a: Dragonite
|
|upkeep
|turn|6
|
|t:|1776103959
|switch|p2a: Skarmory|Skarmory, M|91/100
|move|p1a: Dragonite|Dragon Dance|p1a: Dragonite
|-boost|p1a: Dragonite|atk|1
|-boost|p1a: Dragonite|spe|1
|
|-fieldend|move: Trick Room
|upkeep
|turn|7
|
|t:|1776103964
|move|p1a: Dragonite|Dragon Dance|p1a: Dragonite
|-boost|p1a: Dragonite|atk|1
|-boost|p1a: Dragonite|spe|1
|move|p2a: Skarmory|Stealth Rock|p1a: Dragonite
|-sidestart|p1: encore21768768|move: Stealth Rock
|
|upkeep
|turn|8
|
|t:|1776103966
|move|p1a: Dragonite|Encore|p2a: Skarmory
|-start|p2a: Skarmory|Encore
|move|p2a: Skarmory|Stealth Rock||[still]
|-fail|p2a: Skarmory
|
|upkeep
|turn|9
|
|t:|1776103968
|switch|p2a: Weavile|Weavile, M|100/100
|move|p1a: Dragonite|Dragon Dance|p1a: Dragonite
|-boost|p1a: Dragonite|atk|1
|-boost|p1a: Dragonite|spe|1
|
|upkeep
|turn|10
|
|t:|1776103970
|move|p2a: Weavile|Ice Shard|p1a: Dragonite
|-supereffective|p1a: Dragonite
|-damage|p1a: Dragonite|55/100
|move|p1a: Dragonite|Fire Punch|p2a: Weavile
|-supereffective|p2a: Weavile
|-damage|p2a: Weavile|0
|faint|p2a: Weavile
|
|upkeep
|
|t:|1776103970
|switch|p2a: Skarmory|Skarmory, M|91/100
|turn|11
|
|t:|1776103973
|move|p1a: Dragonite|Fire Punch|p2a: Skarmory
|-supereffective|p2a: Skarmory
|-damage|p2a: Skarmory|0
|-damage|p1a: Dragonite|39/100|[from] item: Rocky Helmet|[of] p2a: Skarmory
|faint|p2a: Skarmory
|
|upkeep
|
|t:|1776103973
|switch|p2a: Slowking|Slowking-Galar, M|100/100
|turn|12
|
|t:|1776103977
|move|p1a: Dragonite|Scale Shot|p2a: Slowking
|-damage|p2a: Slowking|64/100
|-damage|p2a: Slowking|27/100
|-damage|p2a: Slowking|0
|faint|p2a: Slowking
|-hitcount|p2: Slowking|3
|-unboost|p1a: Dragonite|def|1
|-boost|p1a: Dragonite|spe|1
|
|upkeep
|
|t:|1776103977
|switch|p2a: Kyurem|Kyurem|100/100
|-ability|p2a: Kyurem|Pressure
|turn|13
|
|t:|1776103980
|move|p1a: Dragonite|Scale Shot|p2a: Kyurem
|-supereffective|p2a: Kyurem
|-damage|p2a: Kyurem|37/100
|-supereffective|p2a: Kyurem
|-damage|p2a: Kyurem|0
|faint|p2a: Kyurem
|-hitcount|p2: Kyurem|2
|-unboost|p1a: Dragonite|def|1
|-boost|p1a: Dragonite|spe|1
|
|upkeep
|
|t:|1776103980
|switch|p2a: Ting-Lu|Ting-Lu|84/100
|-ability|p2a: Ting-Lu|Vessel of Ruin
|turn|14
|
|t:|1776103983
|move|p1a: Dragonite|Scale Shot|p2a: Ting-Lu
|-damage|p2a: Ting-Lu|65/100
|-damage|p2a: Ting-Lu|45/100
|-damage|p2a: Ting-Lu|26/100
|-damage|p2a: Ting-Lu|7/100
|-crit|p2a: Ting-Lu
|-damage|p2a: Ting-Lu|0
|faint|p2a: Ting-Lu
|-hitcount|p2: Ting-Lu|5
|
|win|encore21768768
|c|☆Abyssal Bot|Oh crap, that crit...
|c|☆Abyssal Bot|Well Played.
|l|☆Abyssal Bot
|player|p2|
|l|*Turbo Bottttt
