|html|<div class="broadcast-blue"><strong>[Gen 9] OU is currently suspecting Tera Blast! For information on how to participate check out the <a href="https://www.smogon.com/tools/suspects/view/200">suspect thread</a>.</strong></div>
|j|☆Red_Hood2889
|j|☆ripstrait
|t:|1776088703
|gametype|singles
|player|p1|Red_Hood2889|gambler|1409
|player|p2|ripstrait|acetrainer-gen1|1441
|gen|9
|tier|[Gen 9] OU
|rated|
|rule|HP Percentage Mod: HP is shown in percentages
|rule|Endless Battle Clause: Forcing endless battles is banned
|rule|Species Clause: Limit one of each Pokémon
|rule|OHKO Clause: OHKO moves are banned
|rule|Evasion Items Clause: Evasion items are banned
|rule|Evasion Moves Clause: Evasion moves are banned
|rule|Evasion Abilities Clause: Evasion abilities are banned
|rule|Sleep Moves Clause: Sleep-inducing moves are banned
|clearpoke
|poke|p1|Latias, F|
|poke|p1|Grimmsnarl, M|
|poke|p1|Iron Treads|
|poke|p1|Ceruledge, M|
|poke|p1|Ogerpon-Wellspring, F|
|poke|p1|Kommo-o, M|
|poke|p2|Primarina, M|
|poke|p2|Heatran, M|
|poke|p2|Pecharunt|
|poke|p2|Ogerpon, F|
|poke|p2|Great Tusk|
|poke|p2|Weavile, M|
|teampreview
|inactive|Battle timer is ON: inactive players will automatically lose when time's up. (requested by ripstrait)
|
|t:|1776088717
|teamsize|p1|6
|teamsize|p2|6
|start
|switch|p1a: Grimmsnarl|Grimmsnarl, M, shiny|100/100
|switch|p2a: Heatran|Heatran, M|100/100
|-item|p2a: Heatran|Air Balloon
|turn|1
|j| Noirstar
|l| Noirstar
|
|t:|1776088731
|move|p1a: Grimmsnarl|Taunt|p2a: Heatran
|-start|p2a: Heatran|move: Taunt
|cant|p2a: Heatran|move: Taunt|Taunt
|
|upkeep
|turn|2
|
|t:|1776088748
|move|p1a: Grimmsnarl|Light Screen|p1a: Grimmsnarl
|-sidestart|p1: Red_Hood2889|move: Light Screen
|move|p2a: Heatran|Magma Storm|p1a: Grimmsnarl|[miss]
|-miss|p2a: Heatran|p1a: Grimmsnarl
|
|upkeep
|turn|3
|
|t:|1776088758
|move|p2a: Heatran|Magma Storm|p1a: Grimmsnarl
|-damage|p1a: Grimmsnarl|69/100
|-activate|p1a: Grimmsnarl|move: Magma Storm|[of] p2a: Heatran
|move|p1a: Grimmsnarl|Low Kick|p2a: Heatran
|-supereffective|p2a: Heatran
|-damage|p2a: Heatran|7/100
|-enditem|p2a: Heatran|Air Balloon
|
|-damage|p1a: Grimmsnarl|57/100|[from] move: Magma Storm|[partiallytrapped]
|-end|p2a: Heatran|move: Taunt
|upkeep
|turn|4
|
|t:|1776088766
|move|p2a: Heatran|Stealth Rock|p1a: Grimmsnarl
|-sidestart|p1: Red_Hood2889|move: Stealth Rock
|move|p1a: Grimmsnarl|Low Kick|p2a: Heatran
|-supereffective|p2a: Heatran
|-damage|p2a: Heatran|0 fnt
|faint|p2a: Heatran
|
|-end|p1a: Grimmsnarl|Magma Storm|[partiallytrapped]|[silent]
|upkeep
|
|t:|1776088773
|switch|p2a: theycallhimlebron|Ogerpon, F|100/100
|turn|5
|
|t:|1776088782
|move|p1a: Grimmsnarl|Taunt|p2a: theycallhimlebron
|-start|p2a: theycallhimlebron|move: Taunt
|move|p2a: theycallhimlebron|Ivy Cudgel|p1a: Grimmsnarl
|-damage|p1a: Grimmsnarl|0 fnt
|faint|p1a: Grimmsnarl
|
|upkeep
|
|t:|1776088793
|switch|p1a: Iron Treads|Iron Treads|100/100
|-damage|p1a: Iron Treads|97/100|[from] Stealth Rock
|-enditem|p1a: Iron Treads|Booster Energy
|-activate|p1a: Iron Treads|ability: Quark Drive|[fromitem]
|-start|p1a: Iron Treads|quarkdrivespe
|turn|6
|
|t:|1776088800
|switch|p2a: Behemoth|Great Tusk, shiny|100/100
|move|p1a: Iron Treads|Rapid Spin|p2a: Behemoth
|-damage|p2a: Behemoth|93/100
|-boost|p1a: Iron Treads|spe|1
|-sideend|p1: Red_Hood2889|Stealth Rock|[from] move: Rapid Spin|[of] p1a: Iron Treads
|
|upkeep
|turn|7
|
|t:|1776088808
|-end|p1a: Iron Treads|Quark Drive|[silent]
|switch|p1a: Latias|Latias, F|100/100
|move|p2a: Behemoth|Close Combat|p1a: Latias
|-resisted|p1a: Latias
|-damage|p1a: Latias|69/100
|-unboost|p2a: Behemoth|def|1
|-unboost|p2a: Behemoth|spd|1
|
|upkeep
|turn|8
|
|t:|1776088815
|-end|p2a: Behemoth|Protosynthesis|[silent]
|switch|p2a: Primarina|Primarina, M, shiny|100/100
|move|p1a: Latias|Agility|p1a: Latias
|-boost|p1a: Latias|spe|2
|
|upkeep
|turn|9
|
|t:|1776088830
|move|p1a: Latias|Calm Mind|p1a: Latias
|-boost|p1a: Latias|spa|1
|-boost|p1a: Latias|spd|1
|move|p2a: Primarina|Moonblast|p1a: Latias
|-supereffective|p1a: Latias
|-damage|p1a: Latias|42/100
|-unboost|p1a: Latias|spa|1
|-enditem|p1a: Latias|Weakness Policy
|-boost|p1a: Latias|atk|2|[from] item: Weakness Policy
|-boost|p1a: Latias|spa|2|[from] item: Weakness Policy
|
|-sideend|p1: Red_Hood2889|move: Light Screen
|upkeep
|turn|10
|
|t:|1776088840
|move|p1a: Latias|Stored Power|p2a: Primarina
|-damage|p2a: Primarina|15/100
|move|p2a: Primarina|Psychic Noise|p1a: Latias
|-resisted|p1a: Latias
|-damage|p1a: Latias|36/100
|-start|p1a: Latias|move: Heal Block
|
|upkeep
|turn|11
|
|t:|1776088847
|move|p1a: Latias|Stored Power|p2a: Primarina
|-damage|p2a: Primarina|0 fnt
|faint|p2a: Primarina
|
|-end|p1a: Latias|move: Heal Block
|upkeep
|
|t:|1776088849
|switch|p2a: theycallhimbum|Weavile, M|100/100
|-ability|p2a: theycallhimbum|Pressure
|turn|12
|
|t:|1776088858
|-terastallize|p1a: Latias|Fairy
|-terastallize|p2a: theycallhimbum|Ice
|move|p2a: theycallhimbum|Ice Shard|p1a: Latias
|-damage|p1a: Latias|0 fnt
|faint|p1a: Latias
|
|upkeep
|
|t:|1776088869
|switch|p1a: Ogerpon|Ogerpon-Wellspring, F|100/100
|turn|13
|
|t:|1776088886
|switch|p2a: Pecharunt|Pecharunt|100/100
|move|p1a: Ogerpon|Trailblaze|p2a: Pecharunt
|-resisted|p2a: Pecharunt
|-damage|p2a: Pecharunt|93/100
|-boost|p1a: Ogerpon|spe|1
|-damage|p1a: Ogerpon|84/100|[from] item: Rocky Helmet|[of] p2a: Pecharunt
|
|upkeep
|turn|14
|
|t:|1776088902
|move|p1a: Ogerpon|Swords Dance|p1a: Ogerpon
|-boost|p1a: Ogerpon|atk|2
|move|p2a: Pecharunt|Parting Shot|p1a: Ogerpon
|-unboost|p1a: Ogerpon|atk|1
|-unboost|p1a: Ogerpon|spa|1
|
|t:|1776088905
|switch|p2a: theycallhimlebron|Ogerpon, F|100/100|[from] Parting Shot
|
|upkeep
|turn|15
|
|t:|1776088923
|move|p1a: Ogerpon|Play Rough|p2a: theycallhimlebron
|-damage|p2a: theycallhimlebron|26/100
|move|p2a: theycallhimlebron|U-turn|p1a: Ogerpon
|-supereffective|p1a: Ogerpon
|-damage|p1a: Ogerpon|0 fnt
|faint|p1a: Ogerpon
|
|t:|1776088933
|switch|p2a: Behemoth|Great Tusk, shiny|93/100|[from] U-turn
|
|upkeep
|
|t:|1776088940
|switch|p1a: Kommo-o|Kommo-o, M|100/100
|turn|16
|
|t:|1776088947
|move|p2a: Behemoth|Ice Spinner|p1a: Kommo-o
|-supereffective|p1a: Kommo-o
|-damage|p1a: Kommo-o|48/100
|move|p1a: Kommo-o|Clangorous Soul|p1a: Kommo-o
|-boost|p1a: Kommo-o|atk|1
|-boost|p1a: Kommo-o|def|1
|-boost|p1a: Kommo-o|spa|1
|-boost|p1a: Kommo-o|spd|1
|-boost|p1a: Kommo-o|spe|1
|-damage|p1a: Kommo-o|15/100
|-enditem|p1a: Kommo-o|Throat Spray
|-boost|p1a: Kommo-o|spa|1|[from] item: Throat Spray
|
|upkeep
|turn|17
|
|t:|1776088950
|move|p1a: Kommo-o|Boomburst|p2a: Behemoth
|-damage|p2a: Behemoth|0 fnt
|faint|p2a: Behemoth
|-end|p2a: Behemoth|Protosynthesis|[silent]
|
|upkeep
|
|t:|1776088952
|switch|p2a: theycallhimbum|Weavile, M, tera:Ice|100/100
|-ability|p2a: theycallhimbum|Pressure
|turn|18
|
|t:|1776088956
|move|p2a: theycallhimbum|Ice Shard|p1a: Kommo-o
|-supereffective|p1a: Kommo-o
|-damage|p1a: Kommo-o|0 fnt
|faint|p1a: Kommo-o
|
|upkeep
|
|t:|1776088958
|switch|p1a: Iron Treads|Iron Treads|97/100
|turn|19
|j| onclemondrop
|
|t:|1776088964
|switch|p2a: Pecharunt|Pecharunt|93/100
|move|p1a: Iron Treads|Stealth Rock|p2a: Pecharunt
|-sidestart|p2: ripstrait|move: Stealth Rock
|
|upkeep
|turn|20
|
|t:|1776088975
|move|p1a: Iron Treads|Earth Power|p2a: Pecharunt
|-supereffective|p2a: Pecharunt
|-damage|p2a: Pecharunt|34/100
|move|p2a: Pecharunt|Parting Shot|p1a: Iron Treads
|-unboost|p1a: Iron Treads|atk|1
|-unboost|p1a: Iron Treads|spa|1
|
|t:|1776088982
|switch|p2a: theycallhimbum|Weavile, M, tera:Ice|100/100|[from] Parting Shot
|-damage|p2a: theycallhimbum|76/100|[from] Stealth Rock
|-ability|p2a: theycallhimbum|Pressure
|
|upkeep
|turn|21
|
|t:|1776088988
|move|p2a: theycallhimbum|Triple Axel|p1a: Iron Treads
|-damage|p1a: Iron Treads|80/100
|-damage|p1a: Iron Treads|45/100
|-damage|p1a: Iron Treads|0 fnt
|faint|p1a: Iron Treads
|-end|p1a: Iron Treads|Quark Drive|[silent]
|-hitcount|p1: Iron Treads|3
|
|upkeep
|
|t:|1776088993
|switch|p1a: Ceruledge|Ceruledge, M, shiny|100/100
|turn|22
|
|t:|1776088997
|move|p2a: theycallhimbum|Triple Axel|p1a: Ceruledge
|-resisted|p1a: Ceruledge
|-damage|p1a: Ceruledge|87/100
|-ability|p1a: Ceruledge|Weak Armor|boost
|-unboost|p1a: Ceruledge|def|1
|-boost|p1a: Ceruledge|spe|2
|-resisted|p1a: Ceruledge
|-damage|p1a: Ceruledge|46/100
|-ability|p1a: Ceruledge|Weak Armor|boost
|-unboost|p1a: Ceruledge|def|1
|-boost|p1a: Ceruledge|spe|2
|-resisted|p1a: Ceruledge
|-crit|p1a: Ceruledge
|-damage|p1a: Ceruledge|0 fnt
|faint|p1a: Ceruledge
|-hitcount|p1: Ceruledge|3
|
|win|ripstrait
|raw|Red_Hood2889's rating: 1409 &rarr; <strong>1391</strong><br />(-18 for losing)
|raw|ripstrait's rating: 1441 &rarr; <strong>1459</strong><br />(+18 for winning)
|l|☆ripstrait
|player|p2|
|l| onclemondrop
|l|☆Red_Hood2889
|player|p1|
