|html|<div class="broadcast-blue"><strong>[Gen 9] OU is currently suspecting Tera Blast! For information on how to participate check out the <a href="https://www.smogon.com/tools/suspects/view/200">suspect thread</a>.</strong></div>
|j|☆nhmoula
|j|☆zednedz
|t:|1776039626
|gametype|singles
|player|p1|nhmoula|lyra|1128
|player|p2|zednedz|rosa|1153
|gen|9
|tier|[Gen 9] OU
|rated|
|rule|HP Percentage Mod: HP is shown in percentages
|rule|Endless Battle Clause: Forcing endless battles is banned
|rule|Species Clause: Limit one of each Pokémon
|rule|OHKO Clause: OHKO moves are banned
|rule|Evasion Items Clause: Evasion items are banned
|rule|Evasion Moves Clause: Evasion moves are banned
|rule|Evasion Abilities Clause: Evasion abilities are banned
|rule|Sleep Moves Clause: Sleep-inducing moves are banned
|clearpoke
|poke|p1|Pikachu, M|
|poke|p1|Gliscor, M|
|poke|p1|Azumarill, M|
|poke|p1|Ceruledge, F|
|poke|p1|Excadrill, F|
|poke|p1|Tyranitar, F|
|poke|p2|Weezing-Galar, F|
|poke|p2|Glimmora, M|
|poke|p2|Ceruledge, M|
|poke|p2|Iron Moth|
|poke|p2|Samurott-Hisui, M|
|poke|p2|Walking Wake|
|teampreview
|
|t:|1776039645
|teamsize|p1|6
|teamsize|p2|6
|start
|switch|p1a: gozila|Tyranitar, F|100/100
|switch|p2a: Glimmora|Glimmora, M|100/100
|-weather|Sandstorm|[from] ability: Sand Stream|[of] p1a: gozila
|turn|1
|
|t:|1776039653
|move|p2a: Glimmora|Earth Power|p1a: gozila
|-supereffective|p1a: gozila
|-damage|p1a: gozila|57/100
|move|p1a: gozila|Earthquake|p2a: Glimmora
|-supereffective|p2a: Glimmora
|-enditem|p2a: Glimmora|Focus Sash
|-damage|p2a: Glimmora|1/100
|-activate|p2a: Glimmora|ability: Toxic Debris
|-sidestart|p1: nhmoula|move: Toxic Spikes
|
|-weather|Sandstorm|[upkeep]
|upkeep
|turn|2
|
|t:|1776039663
|move|p2a: Glimmora|Earth Power|p1a: gozila
|-supereffective|p1a: gozila
|-damage|p1a: gozila|14/100
|move|p1a: gozila|Earthquake|p2a: Glimmora
|-supereffective|p2a: Glimmora
|-damage|p2a: Glimmora|0 fnt
|-activate|p2a: Glimmora|ability: Toxic Debris
|-sidestart|p1: nhmoula|move: Toxic Spikes
|faint|p2a: Glimmora
|
|-weather|Sandstorm|[upkeep]
|upkeep
|
|t:|1776039668
|switch|p2a: Ceruledge|Ceruledge, M|100/100
|turn|3
|
|t:|1776039675
|move|p2a: Ceruledge|Swords Dance|p2a: Ceruledge
|-boost|p2a: Ceruledge|atk|2
|move|p1a: gozila|Knock Off|p2a: Ceruledge
|-supereffective|p2a: Ceruledge
|-enditem|p2a: Ceruledge|Focus Sash
|-damage|p2a: Ceruledge|1/100
|-ability|p2a: Ceruledge|Weak Armor|boost
|-unboost|p2a: Ceruledge|def|1
|-boost|p2a: Ceruledge|spe|2
|
|-weather|Sandstorm|[upkeep]
|-damage|p2a: Ceruledge|0 fnt|[from] Sandstorm
|faint|p2a: Ceruledge
|upkeep
|
|t:|1776039688
|switch|p2a: Iron Moth|Iron Moth|100/100
|-enditem|p2a: Iron Moth|Booster Energy
|-activate|p2a: Iron Moth|ability: Quark Drive|[fromitem]
|-start|p2a: Iron Moth|quarkdrivespe
|turn|4
|
|t:|1776039693
|move|p2a: Iron Moth|Fiery Dance|p1a: gozila
|-resisted|p1a: gozila
|-damage|p1a: gozila|1/100
|move|p1a: gozila|Knock Off|p2a: Iron Moth
|-crit|p2a: Iron Moth
|-damage|p2a: Iron Moth|24/100
|
|-weather|Sandstorm|[upkeep]
|-damage|p2a: Iron Moth|18/100|[from] Sandstorm
|upkeep
|turn|5
|
|t:|1776039702
|move|p2a: Iron Moth|Fiery Dance|p1a: gozila
|-resisted|p1a: gozila
|-damage|p1a: gozila|0 fnt
|faint|p1a: gozila
|
|-weather|Sandstorm|[upkeep]
|-damage|p2a: Iron Moth|12/100|[from] Sandstorm
|upkeep
|
|t:|1776039708
|switch|p1a: Hermano juan|Excadrill, F|100/100
|turn|6
|
|t:|1776039711
|move|p1a: Hermano juan|Rapid Spin|p2a: Iron Moth
|-damage|p2a: Iron Moth|0 fnt
|-boost|p1a: Hermano juan|spe|1
|-sideend|p1: nhmoula|Toxic Spikes|[from] move: Rapid Spin|[of] p1a: Hermano juan
|faint|p2a: Iron Moth
|-end|p2a: Iron Moth|Quark Drive|[silent]
|
|-weather|Sandstorm|[upkeep]
|upkeep
|
|t:|1776039715
|switch|p2a: Samurott|Samurott-Hisui, M|100/100
|turn|7
|
|t:|1776039720
|move|p1a: Hermano juan|Earthquake|p2a: Samurott
|-damage|p2a: Samurott|31/100
|move|p2a: Samurott|Razor Shell|p1a: Hermano juan
|-supereffective|p1a: Hermano juan
|-damage|p1a: Hermano juan|0 fnt
|faint|p1a: Hermano juan
|
|-weather|Sandstorm|[upkeep]
|-damage|p2a: Samurott|25/100|[from] Sandstorm
|upkeep
|
|t:|1776039729
|switch|p1a: THE HONORED ONE|Pikachu, M|100/100
|turn|8
|
|t:|1776039735
|move|p1a: THE HONORED ONE|Fake Out|p2a: Samurott
|-damage|p2a: Samurott|3/100
|cant|p2a: Samurott|flinch
|
|-weather|none
|upkeep
|turn|9
|
|t:|1776039743
|move|p1a: THE HONORED ONE|Electro Ball|p2a: Samurott
|-supereffective|p2a: Samurott
|-damage|p2a: Samurott|0 fnt
|faint|p2a: Samurott
|
|upkeep
|
|t:|1776039747
|switch|p2a: Walking Wake|Walking Wake|100/100
|turn|10
|
|t:|1776039752
|move|p2a: Walking Wake|Draco Meteor|p1a: THE HONORED ONE
|-damage|p1a: THE HONORED ONE|0 fnt
|-unboost|p2a: Walking Wake|spa|2
|faint|p1a: THE HONORED ONE
|
|upkeep
|
|t:|1776039758
|switch|p1a: Big burger|Azumarill, M|100/100
|turn|11
|
|t:|1776039761
|-end|p2a: Walking Wake|Protosynthesis|[silent]
|switch|p2a: Weezing|Weezing-Galar, F|100/100
|-ability|p2a: Weezing|Neutralizing Gas
|move|p1a: Big burger|Play Rough|p2a: Weezing
|-resisted|p2a: Weezing
|-damage|p2a: Weezing|91/100
|
|upkeep
|turn|12
|
|t:|1776039769
|switch|p1a: Lil bro|Gliscor, M|100/100
|move|p2a: Weezing|Sludge Bomb|p1a: Lil bro
|-resisted|p1a: Lil bro
|-damage|p1a: Lil bro|83/100
|
|-status|p1a: Lil bro|tox|[from] item: Toxic Orb
|upkeep
|turn|13
|
|t:|1776039778
|move|p1a: Lil bro|Knock Off|p2a: Weezing
|-resisted|p2a: Weezing
|-damage|p2a: Weezing|84/100
|-enditem|p2a: Weezing|Heavy-Duty Boots|[from] move: Knock Off|[of] p1a: Lil bro
|move|p2a: Weezing|Sludge Bomb|p1a: Lil bro
|-resisted|p1a: Lil bro
|-damage|p1a: Lil bro|67/100 tox
|
|-damage|p1a: Lil bro|60/100 tox|[from] psn
|upkeep
|turn|14
|
|t:|1776039788
|switch|p1a: useless boy|Ceruledge, F|100/100
|-end|p2a: Weezing|ability: Neutralizing Gas
|switch|p2a: Walking Wake|Walking Wake|100/100
|
|upkeep
|turn|15
|
|t:|1776039797
|move|p2a: Walking Wake|Knock Off|p1a: useless boy
|-supereffective|p1a: useless boy
|-damage|p1a: useless boy|54/100
|-ability|p1a: useless boy|Weak Armor|boost
|-unboost|p1a: useless boy|def|1
|-boost|p1a: useless boy|spe|2
|-enditem|p1a: useless boy|Focus Sash|[from] move: Knock Off|[of] p2a: Walking Wake
|move|p1a: useless boy|Swords Dance|p1a: useless boy
|-boost|p1a: useless boy|atk|2
|
|upkeep
|turn|16
|
|t:|1776039806
|move|p1a: useless boy|Poltergeist|p2a: Walking Wake
|-activate|p2a: Walking Wake|move: Poltergeist|Heavy-Duty Boots
|-damage|p2a: Walking Wake|0 fnt
|faint|p2a: Walking Wake
|-end|p2a: Walking Wake|Protosynthesis|[silent]
|
|upkeep
|-message|zednedz forfeited.
|
|win|nhmoula
|raw|nhmoula's rating: 1128 &rarr; <strong>1155</strong><br />(+27 for winning)
|raw|zednedz's rating: 1153 &rarr; <strong>1126</strong><br />(-27 for losing)
|l|☆zednedz
|player|p2|
|l|☆nhmoula
|player|p1|
