|html|<div class="broadcast-blue"><strong>[Gen 9] OU is currently suspecting Tera Blast! For information on how to participate check out the <a href="https://www.smogon.com/tools/suspects/view/200">suspect thread</a>.</strong></div>
|badge|p2|bronze|gen9randombattle|100-9
|uhtml|medal-msg|<div class="broadcast-blue">Curious what those medals under the avatar are? PS now has Ladder Seasons! For more information, check out the <a href="https://www.smogon.com/forums/threads/3740067/">thread on Smogon.</a></div>
|j|☆horseatrainer
|j|☆M4teo010101
|t:|1776319911
|gametype|singles
|player|p1|horseatrainer|giovanni|1332
|player|p2|M4teo010101|brendan-gen3rs|1436
|gen|9
|tier|[Gen 9] OU
|rated|
|rule|HP Percentage Mod: HP is shown in percentages
|rule|Endless Battle Clause: Forcing endless battles is banned
|rule|Species Clause: Limit one of each Pokémon
|rule|OHKO Clause: OHKO moves are banned
|rule|Evasion Items Clause: Evasion items are banned
|rule|Evasion Moves Clause: Evasion moves are banned
|rule|Evasion Abilities Clause: Evasion abilities are banned
|rule|Sleep Moves Clause: Sleep-inducing moves are banned
|clearpoke
|poke|p1|Darkrai|
|poke|p1|Clefable, F|
|poke|p1|Corviknight, F|
|poke|p1|Landorus-Therian, M|
|poke|p1|Gholdengo|
|poke|p1|Thundurus-Therian, M|
|poke|p2|Great Tusk|
|poke|p2|Walking Wake|
|poke|p2|Kingambit, F|
|poke|p2|Venusaur, M|
|poke|p2|Ninetales, M|
|poke|p2|Raging Bolt|
|teampreview
|inactive|Battle timer is ON: inactive players will automatically lose when time's up. (requested by horseatrainer)
|
|t:|1776319922
|teamsize|p1|6
|teamsize|p2|6
|start
|switch|p1a: Landorus|Landorus-Therian, M|100/100
|switch|p2a: Kingambit|Kingambit, F|100/100
|-ability|p1a: Landorus|Intimidate|boost
|-unboost|p2a: Kingambit|atk|1
|-item|p2a: Kingambit|Air Balloon
|turn|1
|inactive|M4teo010101 also wants the timer to be on.
|
|t:|1776319936
|move|p1a: Landorus|Earthquake|p2a: Kingambit
|-immune|p2a: Kingambit
|move|p2a: Kingambit|Swords Dance|p2a: Kingambit
|-boost|p2a: Kingambit|atk|2
|
|upkeep
|turn|2
|
|t:|1776319947
|switch|p1a: Corviknight|Corviknight, F|100/100
|move|p2a: Kingambit|Kowtow Cleave|p1a: Corviknight
|-damage|p1a: Corviknight|55/100
|
|-heal|p1a: Corviknight|61/100|[from] item: Leftovers
|upkeep
|turn|3
|
|t:|1776319958
|-end|p2a: Kingambit|fallenundefined|[silent]
|switch|p2a: Ninetales|Ninetales, M|100/100
|-weather|SunnyDay|[from] ability: Drought|[of] p2a: Ninetales
|move|p1a: Corviknight|Body Press|p2a: Ninetales
|-damage|p2a: Ninetales|70/100
|
|-weather|SunnyDay|[upkeep]
|-heal|p1a: Corviknight|67/100|[from] item: Leftovers
|upkeep
|turn|4
|
|t:|1776319975
|switch|p1a: Clefable|Clefable, F|100/100
|move|p2a: Ninetales|Weather Ball|p1a: Clefable
|-damage|p1a: Clefable|71/100
|
|-weather|SunnyDay|[upkeep]
|-heal|p1a: Clefable|77/100|[from] item: Leftovers
|upkeep
|turn|5
|
|t:|1776319986
|switch|p2a: Venusaur|Venusaur, M|100/100
|move|p1a: Clefable|Cosmic Power|p1a: Clefable
|-boost|p1a: Clefable|def|1
|-boost|p1a: Clefable|spd|1
|
|-weather|SunnyDay|[upkeep]
|-heal|p1a: Clefable|83/100|[from] item: Leftovers
|upkeep
|turn|6
|
|t:|1776319997
|-terastallize|p1a: Clefable|Electric
|move|p2a: Venusaur|Growth|p2a: Venusaur
|-boost|p2a: Venusaur|atk|2
|-boost|p2a: Venusaur|spa|2
|move|p1a: Clefable|Cosmic Power|p1a: Clefable
|-boost|p1a: Clefable|def|1
|-boost|p1a: Clefable|spd|1
|
|-weather|SunnyDay|[upkeep]
|-heal|p1a: Clefable|89/100|[from] item: Leftovers
|upkeep
|turn|7
|
|t:|1776320008
|move|p2a: Venusaur|Growth|p2a: Venusaur
|-boost|p2a: Venusaur|atk|2
|-boost|p2a: Venusaur|spa|2
|move|p1a: Clefable|Cosmic Power|p1a: Clefable
|-boost|p1a: Clefable|def|1
|-boost|p1a: Clefable|spd|1
|
|-weather|SunnyDay|[upkeep]
|-heal|p1a: Clefable|95/100|[from] item: Leftovers
|upkeep
|turn|8
|
|t:|1776320019
|move|p2a: Venusaur|Sludge Bomb|p1a: Clefable
|-damage|p1a: Clefable|81/100
|-damage|p2a: Venusaur|91/100|[from] item: Life Orb
|move|p1a: Clefable|Cosmic Power|p1a: Clefable
|-boost|p1a: Clefable|def|1
|-boost|p1a: Clefable|spd|1
|
|-weather|SunnyDay|[upkeep]
|-heal|p1a: Clefable|87/100|[from] item: Leftovers
|upkeep
|turn|9
|
|t:|1776320030
|move|p2a: Venusaur|Sludge Bomb|p1a: Clefable
|-damage|p1a: Clefable|75/100
|-status|p1a: Clefable|psn
|-damage|p2a: Venusaur|81/100|[from] item: Life Orb
|move|p1a: Clefable|Stored Power|p2a: Venusaur
|-supereffective|p2a: Venusaur
|-damage|p2a: Venusaur|0 fnt
|faint|p2a: Venusaur
|
|-weather|SunnyDay|[upkeep]
|-heal|p1a: Clefable|81/100 psn|[from] item: Leftovers
|-damage|p1a: Clefable|69/100 psn|[from] psn
|upkeep
|
|t:|1776320041
|switch|p2a: Great Tusk|Great Tusk|100/100
|-activate|p2a: Great Tusk|ability: Protosynthesis
|-start|p2a: Great Tusk|protosynthesisatk
|turn|10
|
|t:|1776320051
|move|p2a: Great Tusk|Headlong Rush|p1a: Clefable
|-supereffective|p1a: Clefable
|-damage|p1a: Clefable|7/100 psn
|-unboost|p2a: Great Tusk|def|1
|-unboost|p2a: Great Tusk|spd|1
|move|p1a: Clefable|Stored Power|p2a: Great Tusk
|-supereffective|p2a: Great Tusk
|-damage|p2a: Great Tusk|34/100
|
|-weather|none
|-end|p2a: Great Tusk|Protosynthesis
|-heal|p1a: Clefable|13/100 psn|[from] item: Leftovers
|-damage|p1a: Clefable|1/100 psn|[from] psn
|upkeep
|turn|11
|
|t:|1776320064
|move|p2a: Great Tusk|Close Combat|p1a: Clefable
|-damage|p1a: Clefable|0 fnt
|-unboost|p2a: Great Tusk|def|1
|-unboost|p2a: Great Tusk|spd|1
|faint|p1a: Clefable
|
|upkeep
|
|t:|1776320072
|switch|p1a: Landorus|Landorus-Therian, M|100/100
|-ability|p1a: Landorus|Intimidate|boost
|-unboost|p2a: Great Tusk|atk|1
|turn|12
|
|t:|1776320085
|move|p1a: Landorus|U-turn|p2a: Great Tusk
|-resisted|p2a: Great Tusk
|-damage|p2a: Great Tusk|16/100
|
|t:|1776320089
|switch|p1a: Corviknight|Corviknight, F|67/100|[from] U-turn
|move|p2a: Great Tusk|Ice Spinner|p1a: Corviknight
|-damage|p1a: Corviknight|55/100
|
|-heal|p1a: Corviknight|61/100|[from] item: Leftovers
|upkeep
|turn|13
|
|t:|1776320100
|-end|p2a: Great Tusk|Protosynthesis|[silent]
|switch|p2a: Ninetales|Ninetales, M|70/100
|-weather|SunnyDay|[from] ability: Drought|[of] p2a: Ninetales
|move|p1a: Corviknight|Body Press|p2a: Ninetales
|-damage|p2a: Ninetales|42/100
|
|-weather|SunnyDay|[upkeep]
|-heal|p1a: Corviknight|68/100|[from] item: Leftovers
|upkeep
|turn|14
|l|☆horseatrainer
|inactive|horseatrainer disconnected and has a minute to reconnect!
|player|p1|
|j|☆horseatrainer
|inactive|horseatrainer reconnected and has 130 seconds left.
|player|p1|horseatrainer|giovanni|
|inactive|horseatrainer has 120 seconds left.
|
|t:|1776320132
|switch|p1a: Landorus|Landorus-Therian, M|100/100
|-ability|p1a: Landorus|Intimidate|boost
|-unboost|p2a: Ninetales|atk|1
|move|p2a: Ninetales|Weather Ball|p1a: Landorus
|-damage|p1a: Landorus|49/100
|
|-weather|SunnyDay|[upkeep]
|upkeep
|turn|15
|inactive|horseatrainer has 120 seconds left.
|
|t:|1776320144
|move|p1a: Landorus|Rock Slide|p2a: Ninetales
|-supereffective|p2a: Ninetales
|-damage|p2a: Ninetales|0 fnt
|faint|p2a: Ninetales
|
|-weather|SunnyDay|[upkeep]
|upkeep
|
|t:|1776320150
|switch|p2a: Walking Wake|Walking Wake|100/100
|-activate|p2a: Walking Wake|ability: Protosynthesis
|-start|p2a: Walking Wake|protosynthesisspe
|turn|16
|
|t:|1776320157
|move|p2a: Walking Wake|Flamethrower|p1a: Landorus
|-damage|p1a: Landorus|0 fnt
|faint|p1a: Landorus
|
|-weather|SunnyDay|[upkeep]
|upkeep
|
|t:|1776320167
|switch|p1a: Thundurus|Thundurus-Therian, M|100/100
|turn|17
|
|t:|1776320178
|move|p2a: Walking Wake|Hydro Steam|p1a: Thundurus
|-damage|p1a: Thundurus|11/100
|move|p1a: Thundurus|Thunderbolt|p2a: Walking Wake
|-damage|p2a: Walking Wake|23/100
|
|-weather|SunnyDay|[upkeep]
|upkeep
|turn|18
|
|t:|1776320189
|move|p2a: Walking Wake|Flamethrower|p1a: Thundurus
|-damage|p1a: Thundurus|0 fnt
|faint|p1a: Thundurus
|
|-weather|SunnyDay|[upkeep]
|upkeep
|
|t:|1776320198
|switch|p1a: Darkrai|Darkrai|100/100
|turn|19
|
|t:|1776320209
|move|p2a: Walking Wake|Hydro Steam|p1a: Darkrai
|-damage|p1a: Darkrai|12/100
|move|p1a: Darkrai|Dark Pulse|p2a: Walking Wake
|-damage|p2a: Walking Wake|0 fnt
|faint|p2a: Walking Wake
|-end|p2a: Walking Wake|Protosynthesis|[silent]
|
|-weather|SunnyDay|[upkeep]
|upkeep
|
|t:|1776320220
|switch|p2a: Raging Bolt|Raging Bolt|100/100
|-item|p2a: Raging Bolt|Air Balloon
|-activate|p2a: Raging Bolt|ability: Protosynthesis
|-start|p2a: Raging Bolt|protosynthesisspa
|turn|20
|
|t:|1776320230
|move|p2a: Raging Bolt|Thunderclap|p1a: Darkrai
|-damage|p1a: Darkrai|0 fnt
|faint|p1a: Darkrai
|
|-weather|none
|-end|p2a: Raging Bolt|Protosynthesis
|upkeep
|
|t:|1776320237
|switch|p1a: Gholdengo|Gholdengo|100/100
|turn|21
|
|t:|1776320247
|move|p1a: Gholdengo|Nasty Plot|p1a: Gholdengo
|-boost|p1a: Gholdengo|spa|2
|move|p2a: Raging Bolt|Thunderbolt|p1a: Gholdengo
|-crit|p1a: Gholdengo
|-damage|p1a: Gholdengo|19/100
|
|-heal|p1a: Gholdengo|25/100|[from] item: Leftovers
|upkeep
|turn|22
|
|t:|1776320258
|move|p1a: Gholdengo|Shadow Ball|p2a: Raging Bolt
|-damage|p2a: Raging Bolt|31/100
|-unboost|p2a: Raging Bolt|spd|1
|-enditem|p2a: Raging Bolt|Air Balloon
|move|p2a: Raging Bolt|Thunderbolt|p1a: Gholdengo
|-damage|p1a: Gholdengo|0 fnt
|faint|p1a: Gholdengo
|
|upkeep
|-message|horseatrainer forfeited.
|
|win|M4teo010101
|raw|horseatrainer's rating: 1332 &rarr; <strong>1318</strong><br />(-14 for losing)
|raw|M4teo010101's rating: 1436 &rarr; <strong>1450</strong><br />(+14 for winning)
