|html|<div class="broadcast-blue"><strong>[Gen 9] OU is currently suspecting Tera Blast! For information on how to participate check out the <a href="https://www.smogon.com/tools/suspects/view/200">suspect thread</a>.</strong></div>
|j|☆Meio_pOTATO
|j|☆treeshhhh
|t:|1776205028
|gametype|singles
|player|p1|Meio_pOTATO|rosa|1563
|player|p2|treeshhhh|102|1516
|gen|9
|tier|[Gen 9] OU
|rated|
|rule|HP Percentage Mod: HP is shown in percentages
|rule|Endless Battle Clause: Forcing endless battles is banned
|rule|Species Clause: Limit one of each Pokémon
|rule|OHKO Clause: OHKO moves are banned
|rule|Evasion Items Clause: Evasion items are banned
|rule|Evasion Moves Clause: Evasion moves are banned
|rule|Evasion Abilities Clause: Evasion abilities are banned
|rule|Sleep Moves Clause: Sleep-inducing moves are banned
|clearpoke
|poke|p1|Latias, F|
|poke|p1|Polteageist|
|poke|p1|Zamazenta-*|
|poke|p1|Kingambit, M|
|poke|p1|Ogerpon-Wellspring, F|
|poke|p1|Iron Moth|
|poke|p2|Slowking-Galar, M|
|poke|p2|Tornadus-Therian, M|
|poke|p2|Cinderace, M|
|poke|p2|Lokix, F|
|poke|p2|Hydrapple, F|
|poke|p2|Great Tusk|
|teampreview
|inactive|Battle timer is ON: inactive players will automatically lose when time's up. (requested by Meio_pOTATO)
|
|t:|1776205034
|teamsize|p1|6
|teamsize|p2|6
|start
|switch|p1a: Latias|Latias, F|100/100
|switch|p2a: Tornadus|Tornadus-Therian, M|100/100
|turn|1
|
|t:|1776205045
|move|p2a: Tornadus|Bleakwind Storm|p1a: Latias
|-damage|p1a: Latias|69/100
|move|p1a: Latias|Agility|p1a: Latias
|-boost|p1a: Latias|spe|2
|
|upkeep
|turn|2
|j| momoku
|
|t:|1776205061
|move|p1a: Latias|Calm Mind|p1a: Latias
|-boost|p1a: Latias|spa|1
|-boost|p1a: Latias|spd|1
|move|p2a: Tornadus|U-turn|p1a: Latias
|-supereffective|p1a: Latias
|-damage|p1a: Latias|42/100
|-enditem|p1a: Latias|Weakness Policy
|-boost|p1a: Latias|atk|2|[from] item: Weakness Policy
|-boost|p1a: Latias|spa|2|[from] item: Weakness Policy
|
|t:|1776205065
|switch|p2a: Lokix|Lokix, F|100/100|[from] U-turn
|
|upkeep
|turn|3
|
|t:|1776205074
|move|p2a: Lokix|First Impression|p1a: Latias
|-supereffective|p1a: Latias
|-damage|p1a: Latias|0 fnt
|faint|p1a: Latias
|
|upkeep
|
|t:|1776205079
|switch|p1a: Zamazenta|Zamazenta|100/100
|-ability|p1a: Zamazenta|Dauntless Shield|boost
|-boost|p1a: Zamazenta|def|1
|turn|4
|
|t:|1776205086
|switch|p2a: Slowking|Slowking-Galar, M|100/100
|move|p1a: Zamazenta|Iron Defense|p1a: Zamazenta
|-boost|p1a: Zamazenta|def|2
|
|upkeep
|turn|5
|
|t:|1776205097
|move|p1a: Zamazenta|Crunch|p2a: Slowking
|-supereffective|p2a: Slowking
|-enditem|p2a: Slowking|Colbur Berry|[eat]
|-enditem|p2a: Slowking|Colbur Berry|[weaken]
|-damage|p2a: Slowking|82/100
|move|p2a: Slowking|Toxic|p1a: Zamazenta
|-status|p1a: Zamazenta|tox
|
|-damage|p1a: Zamazenta|94/100 tox|[from] psn
|upkeep
|turn|6
|
|t:|1776205101
|move|p1a: Zamazenta|Crunch|p2a: Slowking
|-supereffective|p2a: Slowking
|-damage|p2a: Slowking|46/100
|-unboost|p2a: Slowking|def|1
|move|p2a: Slowking|Psychic Noise|p1a: Zamazenta
|-supereffective|p1a: Zamazenta
|-damage|p1a: Zamazenta|46/100 tox
|-start|p1a: Zamazenta|move: Heal Block
|
|-damage|p1a: Zamazenta|33/100 tox|[from] psn
|upkeep
|turn|7
|
|t:|1776205104
|switch|p2a: Great Tusk|Great Tusk|100/100
|move|p1a: Zamazenta|Crunch|p2a: Great Tusk
|-resisted|p2a: Great Tusk
|-damage|p2a: Great Tusk|93/100
|-damage|p1a: Zamazenta|17/100 tox|[from] item: Rocky Helmet|[of] p2a: Great Tusk
|
|-damage|p1a: Zamazenta|0 fnt|[from] psn
|faint|p1a: Zamazenta
|upkeep
|
|t:|1776205124
|switch|p1a: Iron Moth|Iron Moth|100/100
|turn|8
|
|t:|1776205130
|move|p1a: Iron Moth|Energy Ball|p2a: Great Tusk
|-supereffective|p2a: Great Tusk
|-damage|p2a: Great Tusk|12/100
|move|p2a: Great Tusk|Earthquake|p1a: Iron Moth
|-supereffective|p1a: Iron Moth
|-enditem|p1a: Iron Moth|Focus Sash
|-damage|p1a: Iron Moth|1/100
|
|upkeep
|turn|9
|
|t:|1776205142
|-end|p2a: Great Tusk|Protosynthesis|[silent]
|switch|p2a: Slowking|Slowking-Galar, M|79/100
|move|p1a: Iron Moth|Fiery Dance|p2a: Slowking
|-damage|p2a: Slowking|41/100
|
|upkeep
|turn|10
|
|t:|1776205150
|move|p1a: Iron Moth|Fiery Dance|p2a: Slowking
|-damage|p2a: Slowking|4/100
|-boost|p1a: Iron Moth|spa|1
|move|p2a: Slowking|Psychic Noise|p1a: Iron Moth
|-supereffective|p1a: Iron Moth
|-damage|p1a: Iron Moth|0 fnt
|faint|p1a: Iron Moth
|-end|p1a: Iron Moth|Quark Drive|[silent]
|
|upkeep
|
|t:|1776205155
|switch|p1a: Kingambit|Kingambit, M|100/100
|turn|11
|
|t:|1776205160
|switch|p2a: Great Tusk|Great Tusk|12/100
|move|p1a: Kingambit|Swords Dance|p1a: Kingambit
|-boost|p1a: Kingambit|atk|2
|
|upkeep
|turn|12
|
|t:|1776205163
|move|p1a: Kingambit|Sucker Punch|p2a: Great Tusk
|-resisted|p2a: Great Tusk
|-damage|p2a: Great Tusk|0 fnt
|-damage|p1a: Kingambit|84/100|[from] item: Rocky Helmet|[of] p2a: Great Tusk
|faint|p2a: Great Tusk
|-end|p2a: Great Tusk|Protosynthesis|[silent]
|
|-heal|p1a: Kingambit|90/100|[from] item: Leftovers
|upkeep
|
|t:|1776205165
|switch|p2a: Cinderace|Cinderace, M|100/100
|turn|13
|c|☆treeshhhh|defiant gambit?
|
|t:|1776205187
|move|p1a: Kingambit|Sucker Punch||[still]
|-fail|p1a: Kingambit
|move|p2a: Cinderace|Will-O-Wisp|p1a: Kingambit|[miss]
|-miss|p2a: Cinderace|p1a: Kingambit
|
|-heal|p1a: Kingambit|96/100|[from] item: Leftovers
|upkeep
|turn|14
|
|t:|1776205199
|move|p2a: Cinderace|Will-O-Wisp|p1a: Kingambit
|-status|p1a: Kingambit|brn
|move|p1a: Kingambit|Swords Dance|p1a: Kingambit
|-boost|p1a: Kingambit|atk|2
|
|-heal|p1a: Kingambit|100/100 brn|[from] item: Leftovers
|-damage|p1a: Kingambit|94/100 brn|[from] brn
|upkeep
|turn|15
|
|t:|1776205214
|move|p1a: Kingambit|Sucker Punch|p2a: Cinderace
|-damage|p2a: Cinderace|32/100
|move|p2a: Cinderace|Pyro Ball|p1a: Kingambit|[miss]
|-miss|p2a: Cinderace|p1a: Kingambit
|
|-heal|p1a: Kingambit|100/100 brn|[from] item: Leftovers
|-damage|p1a: Kingambit|94/100 brn|[from] brn
|upkeep
|turn|16
|
|t:|1776205220
|move|p1a: Kingambit|Sucker Punch|p2a: Cinderace
|-damage|p2a: Cinderace|0 fnt
|faint|p2a: Cinderace
|
|-heal|p1a: Kingambit|100/100 brn|[from] item: Leftovers
|-damage|p1a: Kingambit|94/100 brn|[from] brn
|upkeep
|
|t:|1776205224
|switch|p2a: Lokix|Lokix, F|100/100
|turn|17
|
|t:|1776205235
|move|p2a: Lokix|U-turn|p1a: Kingambit
|-damage|p1a: Kingambit|50/100 brn
|
|t:|1776205238
|switch|p2a: Slowking|Slowking-Galar, M|37/100|[from] U-turn
|move|p1a: Kingambit|Iron Head|p2a: Slowking
|-damage|p2a: Slowking|0 fnt
|faint|p2a: Slowking
|
|-heal|p1a: Kingambit|57/100 brn|[from] item: Leftovers
|-damage|p1a: Kingambit|50/100 brn|[from] brn
|upkeep
|
|t:|1776205241
|switch|p2a: Lokix|Lokix, F|100/100
|turn|18
|
|t:|1776205245
|move|p2a: Lokix|First Impression|p1a: Kingambit
|-damage|p1a: Kingambit|0 fnt
|faint|p1a: Kingambit
|
|upkeep
|
|t:|1776205250
|switch|p1a: Polteageist|Polteageist|100/100
|turn|19
|
|t:|1776205252
|switch|p2a: Tornadus|Tornadus-Therian, M|100/100
|move|p1a: Polteageist|Shell Smash|p1a: Polteageist
|-unboost|p1a: Polteageist|def|1
|-unboost|p1a: Polteageist|spd|1
|-boost|p1a: Polteageist|atk|2
|-boost|p1a: Polteageist|spa|2
|-boost|p1a: Polteageist|spe|2
|
|upkeep
|turn|20
|
|t:|1776205256
|move|p1a: Polteageist|Stored Power|p2a: Tornadus
|-crit|p2a: Tornadus
|-damage|p2a: Tornadus|7/100
|move|p2a: Tornadus|Knock Off|p1a: Polteageist
|-supereffective|p1a: Polteageist
|-enditem|p1a: Polteageist|Focus Sash
|-damage|p1a: Polteageist|1/100
|-ability|p1a: Polteageist|Weak Armor|boost
|-unboost|p1a: Polteageist|def|1
|-boost|p1a: Polteageist|spe|2
|
|upkeep
|turn|21
|
|t:|1776205263
|switch|p2a: Lokix|Lokix, F|100/100
|move|p1a: Polteageist|Giga Drain|p2a: Lokix
|-resisted|p2a: Lokix
|-damage|p2a: Lokix|48/100
|-heal|p1a: Polteageist|30/100|[from] drain|[of] p2a: Lokix
|
|upkeep
|turn|22
|
|t:|1776205271
|move|p2a: Lokix|First Impression|p1a: Polteageist
|-resisted|p1a: Polteageist
|-damage|p1a: Polteageist|0 fnt
|faint|p1a: Polteageist
|
|upkeep
|
|t:|1776205273
|switch|p1a: Ogerpon|Ogerpon-Wellspring, F|100/100
|turn|23
|
|t:|1776205277
|switch|p2a: Hydrapple|Hydrapple, F|100/100
|move|p1a: Ogerpon|Swords Dance|p1a: Ogerpon
|-boost|p1a: Ogerpon|atk|2
|
|upkeep
|turn|24
|
|t:|1776205280
|move|p1a: Ogerpon|Knock Off|p2a: Hydrapple
|-damage|p2a: Hydrapple|33/100
|-enditem|p2a: Hydrapple|Life Orb|[from] move: Knock Off|[of] p1a: Ogerpon
|move|p2a: Hydrapple|Leaf Storm|p1a: Ogerpon
|-damage|p1a: Ogerpon|11/100
|-unboost|p2a: Hydrapple|spa|2
|
|upkeep
|turn|25
|
|t:|1776205285
|move|p1a: Ogerpon|Knock Off|p2a: Hydrapple
|-damage|p2a: Hydrapple|0 fnt
|faint|p2a: Hydrapple
|
|upkeep
|
|t:|1776205288
|switch|p2a: Lokix|Lokix, F|48/100
|turn|26
|
|t:|1776205291
|move|p2a: Lokix|First Impression|p1a: Ogerpon
|-supereffective|p1a: Ogerpon
|-damage|p1a: Ogerpon|0 fnt
|faint|p1a: Ogerpon
|
|win|treeshhhh
|raw|Meio_pOTATO's rating: 1563 &rarr; <strong>1540</strong><br />(-23 for losing)
|raw|treeshhhh's rating: 1516 &rarr; <strong>1539</strong><br />(+23 for winning)
|l|☆Meio_pOTATO
|player|p1|
