|html|<div class="broadcast-blue"><strong>[Gen 9] OU is currently suspecting Tera Blast! For information on how to participate check out the <a href="https://www.smogon.com/tools/suspects/view/200">suspect thread</a>.</strong></div>
|j|☆ajjosh92
|j|☆bwaii
|t:|1776044215
|gametype|singles
|player|p1|ajjosh92|101|1341
|player|p2|bwaii|acetrainer-gen4dp|1290
|gen|9
|tier|[Gen 9] OU
|rated|
|rule|HP Percentage Mod: HP is shown in percentages
|rule|Endless Battle Clause: Forcing endless battles is banned
|rule|Species Clause: Limit one of each Pokémon
|rule|OHKO Clause: OHKO moves are banned
|rule|Evasion Items Clause: Evasion items are banned
|rule|Evasion Moves Clause: Evasion moves are banned
|rule|Evasion Abilities Clause: Evasion abilities are banned
|rule|Sleep Moves Clause: Sleep-inducing moves are banned
|clearpoke
|poke|p1|Darkrai|
|poke|p1|Dragonite, M|
|poke|p1|Kingambit, M|
|poke|p1|Zamazenta-*|
|poke|p1|Iron Valiant|
|poke|p1|Ceruledge, F|
|poke|p2|Dragapult, F|
|poke|p2|Iron Moth|
|poke|p2|Iron Valiant|
|poke|p2|Landorus-Therian, M|
|poke|p2|Ogerpon-Wellspring, F|
|poke|p2|Tentacruel, F|
|teampreview
|inactive|Battle timer is ON: inactive players will automatically lose when time's up. (requested by bwaii)
|
|t:|1776044245
|teamsize|p1|6
|teamsize|p2|6
|start
|switch|p1a: Dave|Darkrai|100/100
|switch|p2a: Dragapult|Dragapult, F, shiny|100/100
|turn|1
|
|t:|1776044253
|switch|p1a: Melvin|Ceruledge, F|100/100
|move|p2a: Dragapult|Thunder Wave|p1a: Melvin
|-status|p1a: Melvin|par
|
|upkeep
|turn|2
|inactive|bwaii has 120 seconds left.
|
|t:|1776044295
|switch|p2a: Landorus|Landorus-Therian, M, shiny|100/100
|-ability|p2a: Landorus|Intimidate|boost
|-unboost|p1a: Melvin|atk|1
|move|p1a: Melvin|Poltergeist|p2a: Landorus
|-activate|p2a: Landorus|move: Poltergeist|Leftovers
|-crit|p2a: Landorus
|-damage|p2a: Landorus|7/100
|
|-heal|p2a: Landorus|13/100|[from] item: Leftovers
|upkeep
|turn|3
|
|t:|1776044307
|move|p2a: Landorus|Stealth Rock|p1a: Melvin
|-sidestart|p1: ajjosh92|move: Stealth Rock
|cant|p1a: Melvin|par
|
|-heal|p2a: Landorus|19/100|[from] item: Leftovers
|upkeep
|turn|4
|
|t:|1776044315
|move|p2a: Landorus|Earthquake|p1a: Melvin
|-supereffective|p1a: Melvin
|-enditem|p1a: Melvin|Focus Sash
|-damage|p1a: Melvin|1/100 par
|-ability|p1a: Melvin|Weak Armor|boost
|-unboost|p1a: Melvin|def|1
|-boost|p1a: Melvin|spe|2
|move|p1a: Melvin|Close Combat|p2a: Landorus
|-resisted|p2a: Landorus
|-damage|p2a: Landorus|5/100
|-unboost|p1a: Melvin|def|1
|-unboost|p1a: Melvin|spd|1
|
|-heal|p2a: Landorus|11/100|[from] item: Leftovers
|upkeep
|turn|5
|inactive|bwaii has 120 seconds left.
|
|t:|1776044342
|move|p2a: Landorus|U-turn|p1a: Melvin
|-resisted|p1a: Melvin
|-damage|p1a: Melvin|0 fnt
|faint|p1a: Melvin
|
|t:|1776044349
|switch|p2a: Dragapult|Dragapult, F, shiny|100/100|[from] U-turn
|
|upkeep
|
|t:|1776044353
|switch|p1a: Fem|Iron Valiant|100/100
|-damage|p1a: Fem|94/100|[from] Stealth Rock
|turn|6
|inactive|bwaii has 120 seconds left.
|
|t:|1776044359
|move|p1a: Fem|Moonblast|p2a: Dragapult
|-supereffective|p2a: Dragapult
|-enditem|p2a: Dragapult|Focus Sash
|-damage|p2a: Dragapult|1/100
|-unboost|p2a: Dragapult|spa|1
|move|p2a: Dragapult|Thunder Wave|p1a: Fem
|-status|p1a: Fem|par
|
|upkeep
|turn|7
|inactive|bwaii has 120 seconds left.
|
|t:|1776044392
|switch|p2a: Iron Moth|Iron Moth, shiny|100/100
|-enditem|p2a: Iron Moth|Booster Energy
|-activate|p2a: Iron Moth|ability: Quark Drive|[fromitem]
|-start|p2a: Iron Moth|quarkdrivespa
|move|p1a: Fem|Moonblast|p2a: Iron Moth
|-resisted|p2a: Iron Moth
|-damage|p2a: Iron Moth|89/100
|-unboost|p2a: Iron Moth|spa|1
|
|upkeep
|turn|8
|
|t:|1776044412
|-end|p1a: Fem|Quark Drive|[silent]
|switch|p1a: Bobby|Dragonite, M|100/100
|-damage|p1a: Bobby|76/100|[from] Stealth Rock
|move|p2a: Iron Moth|Sludge Wave|p1a: Bobby
|-damage|p1a: Bobby|34/100
|
|upkeep
|turn|9
|
|t:|1776044421
|move|p1a: Bobby|Extreme Speed|p2a: Iron Moth
|-damage|p2a: Iron Moth|39/100
|move|p2a: Iron Moth|Dazzling Gleam|p1a: Bobby
|-supereffective|p1a: Bobby
|-damage|p1a: Bobby|0 fnt
|faint|p1a: Bobby
|
|upkeep
|
|t:|1776044432
|switch|p1a: Dave|Darkrai|100/100
|-damage|p1a: Dave|88/100|[from] Stealth Rock
|turn|10
|
|t:|1776044439
|-end|p2a: Iron Moth|Quark Drive|[silent]
|switch|p2a: Landorus|Landorus-Therian, M, shiny|11/100
|-ability|p2a: Landorus|Intimidate|boost
|-unboost|p1a: Dave|atk|1
|move|p1a: Dave|Psychic|p2a: Landorus
|-damage|p2a: Landorus|0 fnt
|faint|p2a: Landorus
|
|upkeep
|
|t:|1776044446
|switch|p2a: Dragapult|Dragapult, F, shiny|1/100
|turn|11
|inactive|bwaii has 120 seconds left.
|
|t:|1776044471
|-terastallize|p1a: Dave|Psychic
|move|p2a: Dragapult|Thunder Wave|p1a: Dave
|-status|p1a: Dave|par
|move|p1a: Dave|Psychic|p2a: Dragapult
|-damage|p2a: Dragapult|0 fnt
|faint|p2a: Dragapult
|
|upkeep
|inactive|bwaii has 120 seconds left.
|inactive|bwaii has 90 seconds left.
|
|t:|1776044511
|switch|p2a: Iron Moth|Iron Moth, shiny|39/100
|turn|12
|
|t:|1776044518
|move|p2a: Iron Moth|Fiery Dance|p1a: Dave
|-damage|p1a: Dave|26/100 par
|cant|p1a: Dave|par
|
|upkeep
|turn|13
|
|t:|1776044526
|switch|p1a: Jimmy|Zamazenta|100/100
|-damage|p1a: Jimmy|94/100|[from] Stealth Rock
|-ability|p1a: Jimmy|Dauntless Shield|boost
|-boost|p1a: Jimmy|def|1
|move|p2a: Iron Moth|Fiery Dance|p1a: Jimmy
|-damage|p1a: Jimmy|53/100
|-boost|p2a: Iron Moth|spa|1
|
|upkeep
|turn|14
|
|t:|1776044541
|move|p1a: Jimmy|Close Combat|p2a: Iron Moth
|-resisted|p2a: Iron Moth
|-damage|p2a: Iron Moth|0 fnt
|-unboost|p1a: Jimmy|def|1
|-unboost|p1a: Jimmy|spd|1
|faint|p2a: Iron Moth
|-end|p2a: Iron Moth|Quark Drive|[silent]
|
|upkeep
|
|t:|1776044546
|switch|p2a: Tentacruel|Tentacruel, F, shiny|100/100
|turn|15
|
|t:|1776044557
|move|p2a: Tentacruel|Toxic|p1a: Jimmy
|-status|p1a: Jimmy|tox
|-enditem|p1a: Jimmy|Lum Berry|[eat]
|-curestatus|p1a: Jimmy|tox|[msg]
|move|p1a: Jimmy|Roar|p2a: Tentacruel
|drag|p2a: Ogerpon|Ogerpon-Wellspring, F|100/100
|
|upkeep
|turn|16
|inactive|bwaii has 120 seconds left.
|
|t:|1776044565
|-terastallize|p2a: Ogerpon|Water
|detailschange|p2a: Ogerpon|Ogerpon-Wellspring-Tera, F, tera:Water
|-ability|p2a: Ogerpon|Embody Aspect (Wellspring)|boost
|-boost|p2a: Ogerpon|spd|1
|move|p1a: Jimmy|Close Combat|p2a: Ogerpon
|-damage|p2a: Ogerpon|31/100
|-unboost|p1a: Jimmy|def|1
|-unboost|p1a: Jimmy|spd|1
|move|p2a: Ogerpon|Ivy Cudgel|p1a: Jimmy|[anim] Ivy Cudgel Water
|-damage|p1a: Jimmy|0 fnt
|faint|p1a: Jimmy
|
|upkeep
|
|t:|1776044581
|switch|p1a: Freddy|Kingambit, M|100/100
|-damage|p1a: Freddy|94/100|[from] Stealth Rock
|-activate|p1a: Freddy|ability: Supreme Overlord
|-start|p1a: Freddy|fallen3|[silent]
|turn|17
|-activate|p1a: Freddy|item: Quick Claw
|
|t:|1776044591
|switch|p2a: Tentacruel|Tentacruel, F, shiny|100/100
|move|p1a: Freddy|Sucker Punch||[still]
|-fail|p1a: Freddy
|
|upkeep
|turn|18
|
|t:|1776044599
|move|p2a: Tentacruel|Giga Drain|p1a: Freddy
|-resisted|p1a: Freddy
|-damage|p1a: Freddy|88/100
|move|p1a: Freddy|Iron Head|p2a: Tentacruel
|-resisted|p2a: Tentacruel
|-damage|p2a: Tentacruel|58/100
|
|upkeep
|turn|19
|-activate|p1a: Freddy|item: Quick Claw
|
|t:|1776044610
|move|p1a: Freddy|Swords Dance|p1a: Freddy
|-boost|p1a: Freddy|atk|2
|move|p2a: Tentacruel|Haze|p2a: Tentacruel
|-clearallboost
|
|upkeep
|turn|20
|
|t:|1776044621
|move|p2a: Tentacruel|Giga Drain|p1a: Freddy
|-resisted|p1a: Freddy
|-damage|p1a: Freddy|80/100
|-heal|p2a: Tentacruel|64/100|[from] drain|[of] p1a: Freddy
|move|p1a: Freddy|Swords Dance|p1a: Freddy
|-boost|p1a: Freddy|atk|2
|
|upkeep
|turn|21
|
|t:|1776044629
|move|p2a: Tentacruel|Haze|p2a: Tentacruel
|-clearallboost
|move|p1a: Freddy|Iron Head|p2a: Tentacruel
|-resisted|p2a: Tentacruel
|-damage|p2a: Tentacruel|20/100
|
|upkeep
|turn|22
|inactive|bwaii has 120 seconds left.
|
|t:|1776044660
|move|p2a: Tentacruel|Giga Drain|p1a: Freddy
|-resisted|p1a: Freddy
|-damage|p1a: Freddy|73/100
|-heal|p2a: Tentacruel|25/100|[from] drain|[of] p1a: Freddy
|move|p1a: Freddy|Iron Head|p2a: Tentacruel
|-resisted|p2a: Tentacruel
|-damage|p2a: Tentacruel|0 fnt
|faint|p2a: Tentacruel
|
|upkeep
|inactive|bwaii has 120 seconds left.
|
|t:|1776044666
|switch|p2a: Iron Valiant|Iron Valiant, shiny|100/100
|-enditem|p2a: Iron Valiant|Booster Energy
|-activate|p2a: Iron Valiant|ability: Quark Drive|[fromitem]
|-start|p2a: Iron Valiant|quarkdrivespe
|turn|23
|
|t:|1776044677
|move|p2a: Iron Valiant|Aura Sphere|p1a: Freddy
|-supereffective|p1a: Freddy
|-damage|p1a: Freddy|0 fnt
|faint|p1a: Freddy
|-end|p1a: Freddy|fallen3|[silent]
|
|upkeep
|
|t:|1776044686
|switch|p1a: Dave|Darkrai, tera:Psychic|26/100 par
|-damage|p1a: Dave|14/100 par|[from] Stealth Rock
|turn|24
|
|t:|1776044693
|move|p2a: Iron Valiant|Moonblast|p1a: Dave
|-damage|p1a: Dave|0 fnt
|faint|p1a: Dave
|
|upkeep
|-message|ajjosh92 forfeited.
|
|win|bwaii
|raw|ajjosh92's rating: 1341 &rarr; <strong>1318</strong><br />(-23 for losing)
|raw|bwaii's rating: 1290 &rarr; <strong>1319</strong><br />(+29 for winning)
|l|☆ajjosh92
|player|p1|
|l|☆bwaii
|player|p2|
