|html|<div class="broadcast-blue"><strong>[Gen 9] OU is currently suspecting Tera Blast! For information on how to participate check out the <a href="https://www.smogon.com/tools/suspects/view/200">suspect thread</a>.</strong></div>
|j|☆106abd
|j|☆b0nboii
|t:|1776108213
|gametype|singles
|player|p1|106abd|hilbert-wonderlauncher|1241
|player|p2|b0nboii|iris-gen5bw2|1185
|gen|9
|tier|[Gen 9] OU
|rated|
|rule|HP Percentage Mod: HP is shown in percentages
|rule|Endless Battle Clause: Forcing endless battles is banned
|rule|Species Clause: Limit one of each Pokémon
|rule|OHKO Clause: OHKO moves are banned
|rule|Evasion Items Clause: Evasion items are banned
|rule|Evasion Moves Clause: Evasion moves are banned
|rule|Evasion Abilities Clause: Evasion abilities are banned
|rule|Sleep Moves Clause: Sleep-inducing moves are banned
|clearpoke
|poke|p1|Whimsicott, M|
|poke|p1|Garganacl, M|
|poke|p1|Dragapult, M|
|poke|p1|Talonflame, M|
|poke|p1|Kingambit, M|
|poke|p1|Greninja-*, M|
|poke|p2|Scrafty, M|
|poke|p2|Great Tusk|
|poke|p2|Greninja-*, M|
|poke|p2|Gholdengo|
|poke|p2|Toxtricity-Low-Key, F|
|poke|p2|Iron Moth|
|teampreview
|
|t:|1776108219
|teamsize|p1|6
|teamsize|p2|6
|start
|switch|p1a: Whimsicott|Whimsicott, M|100/100
|switch|p2a: hoodlum|Scrafty, M|100/100
|turn|1
|
|t:|1776108227
|-terastallize|p2a: hoodlum|Fairy
|move|p1a: Whimsicott|Moonblast|p2a: hoodlum
|-damage|p2a: hoodlum|56/100
|move|p2a: hoodlum|Bulk Up|p2a: hoodlum
|-boost|p2a: hoodlum|atk|1
|-boost|p2a: hoodlum|def|1
|
|-heal|p2a: hoodlum|62/100|[from] item: Leftovers
|upkeep
|turn|2
|
|t:|1776108237
|move|p1a: Whimsicott|Moonblast|p2a: hoodlum
|-damage|p2a: hoodlum|15/100
|move|p2a: hoodlum|Ice Punch|p1a: Whimsicott
|-supereffective|p1a: Whimsicott
|-damage|p1a: Whimsicott|6/100
|
|-heal|p2a: hoodlum|21/100|[from] item: Leftovers
|upkeep
|turn|3
|
|t:|1776108251
|switch|p2a: da moth|Iron Moth|100/100
|-enditem|p2a: da moth|Booster Energy
|-activate|p2a: da moth|ability: Quark Drive|[fromitem]
|-start|p2a: da moth|quarkdrivespa
|move|p1a: Whimsicott|Moonblast|p2a: da moth
|-resisted|p2a: da moth
|-damage|p2a: da moth|89/100
|
|upkeep
|turn|4
|
|t:|1776108258
|switch|p1a: Garganacl|Garganacl, M|100/100
|move|p2a: da moth|Fiery Dance|p1a: Garganacl
|-resisted|p1a: Garganacl
|-damage|p1a: Garganacl|80/100
|
|-heal|p1a: Garganacl|86/100|[from] item: Leftovers
|upkeep
|turn|5
|
|t:|1776108264
|move|p2a: da moth|Energy Ball|p1a: Garganacl
|-supereffective|p1a: Garganacl
|-damage|p1a: Garganacl|24/100
|move|p1a: Garganacl|Salt Cure|p2a: da moth
|-supereffective|p2a: da moth
|-damage|p2a: da moth|41/100
|-start|p2a: da moth|Salt Cure
|
|-heal|p1a: Garganacl|30/100|[from] item: Leftovers
|-damage|p2a: da moth|28/100|[from] Salt Cure
|upkeep
|turn|6
|
|t:|1776108270
|move|p1a: Garganacl|Protect|p1a: Garganacl
|-singleturn|p1a: Garganacl|Protect
|move|p2a: da moth|Energy Ball|p1a: Garganacl
|-activate|p1a: Garganacl|move: Protect
|
|-heal|p1a: Garganacl|36/100|[from] item: Leftovers
|-damage|p2a: da moth|16/100|[from] Salt Cure
|upkeep
|turn|7
|
|t:|1776108273
|move|p2a: da moth|Energy Ball|p1a: Garganacl
|-supereffective|p1a: Garganacl
|-damage|p1a: Garganacl|0 fnt
|faint|p1a: Garganacl
|
|-damage|p2a: da moth|4/100|[from] Salt Cure
|upkeep
|
|t:|1776108276
|switch|p1a: Kingambit|Kingambit, M|100/100
|-activate|p1a: Kingambit|ability: Supreme Overlord
|-start|p1a: Kingambit|fallen1|[silent]
|turn|8
|
|t:|1776108282
|move|p1a: Kingambit|Sucker Punch|p2a: da moth
|-damage|p2a: da moth|0 fnt
|faint|p2a: da moth
|-end|p2a: da moth|Quark Drive|[silent]
|
|upkeep
|
|t:|1776108286
|switch|p2a: gerb|Great Tusk|100/100
|-enditem|p2a: gerb|Booster Energy
|-activate|p2a: gerb|ability: Protosynthesis|[fromitem]
|-start|p2a: gerb|protosynthesisatk
|turn|9
|
|t:|1776108289
|-end|p1a: Kingambit|fallen1|[silent]
|switch|p1a: Talonflame|Talonflame, M|100/100
|move|p2a: gerb|Headlong Rush|p1a: Talonflame
|-immune|p1a: Talonflame
|
|upkeep
|turn|10
|
|t:|1776108297
|-end|p2a: gerb|Protosynthesis|[silent]
|switch|p2a: grigga|Greninja, M|100/100
|move|p1a: Talonflame|Fire Spin|p2a: grigga|[miss]
|-miss|p1a: Talonflame|p2a: grigga
|
|upkeep
|turn|11
|
|t:|1776108302
|switch|p1a: Greninja|Greninja, M, shiny|100/100
|move|p2a: grigga|Water Shuriken|p1a: Greninja
|-resisted|p1a: Greninja
|-damage|p1a: Greninja|95/100
|-resisted|p1a: Greninja
|-damage|p1a: Greninja|90/100
|-resisted|p1a: Greninja
|-damage|p1a: Greninja|85/100
|-resisted|p1a: Greninja
|-damage|p1a: Greninja|80/100
|-resisted|p1a: Greninja
|-damage|p1a: Greninja|75/100
|-hitcount|p1a: Greninja|5
|
|upkeep
|turn|12
|
|t:|1776108306
|move|p2a: grigga|U-turn|p1a: Greninja
|-supereffective|p1a: Greninja
|-damage|p1a: Greninja|29/100
|
|t:|1776108311
|switch|p2a: frobert|Toxtricity-Low-Key, F|100/100|[from] U-turn
|-item|p2a: frobert|Air Balloon
|move|p1a: Greninja|Sludge Wave|p2a: frobert
|-start|p1a: Greninja|typechange|Poison|[from] ability: Protean
|-resisted|p2a: frobert
|-damage|p2a: frobert|76/100
|-enditem|p2a: frobert|Air Balloon
|-damage|p1a: Greninja|20/100|[from] item: Life Orb
|
|upkeep
|turn|13
|-message|106abd forfeited.
|
|win|b0nboii
|raw|106abd's rating: 1241 &rarr; <strong>1212</strong><br />(-29 for losing)
|raw|b0nboii's rating: 1185 &rarr; <strong>1214</strong><br />(+29 for winning)
|l|☆106abd
|player|p1|
|l|☆b0nboii
|player|p2|
