|html|<div class="broadcast-blue"><strong>[Gen 9] OU is currently suspecting Tera Blast! For information on how to participate check out the <a href="https://www.smogon.com/tools/suspects/view/200">suspect thread</a>.</strong></div>
|j|☆Monikaaaaa
|j|☆wael45
|t:|1776292701
|gametype|singles
|player|p1|Monikaaaaa|1|1087
|player|p2|wael45|lucas|1114
|gen|9
|tier|[Gen 9] OU
|rated|
|rule|HP Percentage Mod: HP is shown in percentages
|rule|Endless Battle Clause: Forcing endless battles is banned
|rule|Species Clause: Limit one of each Pokémon
|rule|OHKO Clause: OHKO moves are banned
|rule|Evasion Items Clause: Evasion items are banned
|rule|Evasion Moves Clause: Evasion moves are banned
|rule|Evasion Abilities Clause: Evasion abilities are banned
|rule|Sleep Moves Clause: Sleep-inducing moves are banned
|clearpoke
|poke|p1|Raging Bolt|
|poke|p1|Kingambit, F|
|poke|p1|Serperior, M|
|poke|p1|Cresselia, F|
|poke|p1|Primarina, F|
|poke|p1|Iron Treads|
|poke|p2|Greninja-*, M|
|poke|p2|Infernape, F|
|poke|p2|Munkidori, M|
|poke|p2|Rotom-Mow|
|poke|p2|Iron Boulder|
|poke|p2|Zarude|
|teampreview
|inactive|Battle timer is ON: inactive players will automatically lose when time's up. (requested by wael45)
|
|t:|1776292711
|teamsize|p1|6
|teamsize|p2|6
|start
|switch|p1a: Iron Treads|Iron Treads|100/100
|switch|p2a: Zarude|Zarude|100/100
|-enditem|p1a: Iron Treads|Booster Energy
|-activate|p1a: Iron Treads|ability: Quark Drive|[fromitem]
|-start|p1a: Iron Treads|quarkdrivespe
|turn|1
|
|t:|1776292729
|move|p1a: Iron Treads|Stealth Rock|p2a: Zarude
|-sidestart|p2: wael45|move: Stealth Rock
|move|p2a: Zarude|Power Whip|p1a: Iron Treads|[miss]
|-miss|p2a: Zarude|p1a: Iron Treads
|
|upkeep
|turn|2
|
|t:|1776292746
|move|p1a: Iron Treads|Ice Spinner|p2a: Zarude
|-supereffective|p2a: Zarude
|-damage|p2a: Zarude|65/100
|-damage|p1a: Iron Treads|84/100|[from] item: Rocky Helmet|[of] p2a: Zarude
|move|p2a: Zarude|Power Whip|p1a: Iron Treads
|-damage|p1a: Iron Treads|29/100
|
|upkeep
|turn|3
|
|t:|1776292757
|move|p1a: Iron Treads|Ice Spinner|p2a: Zarude
|-supereffective|p2a: Zarude
|-damage|p2a: Zarude|28/100
|-damage|p1a: Iron Treads|12/100|[from] item: Rocky Helmet|[of] p2a: Zarude
|move|p2a: Zarude|Power Whip|p1a: Iron Treads
|-damage|p1a: Iron Treads|0 fnt
|faint|p1a: Iron Treads
|-end|p1a: Iron Treads|Quark Drive|[silent]
|
|upkeep
|inactive|Monikaaaaa has 120 seconds left.
|
|t:|1776292786
|switch|p1a: Raging Bolt|Raging Bolt|100/100
|turn|4
|inactive|Monikaaaaa has 120 seconds left.
|
|t:|1776292793
|move|p1a: Raging Bolt|Draco Meteor|p2a: Zarude
|-damage|p2a: Zarude|0 fnt
|-unboost|p1a: Raging Bolt|spa|2
|faint|p2a: Zarude
|
|upkeep
|
|t:|1776292803
|switch|p2a: Iron Boulder|Iron Boulder|100/100
|-damage|p2a: Iron Boulder|88/100|[from] Stealth Rock
|-enditem|p2a: Iron Boulder|Booster Energy
|-activate|p2a: Iron Boulder|ability: Quark Drive|[fromitem]
|-start|p2a: Iron Boulder|quarkdrivespe
|turn|5
|inactive|Monikaaaaa has 120 seconds left.
|
|t:|1776292830
|-end|p1a: Raging Bolt|Protosynthesis|[silent]
|switch|p1a: Serperior|Serperior, M, shiny|100/100
|move|p2a: Iron Boulder|Earthquake|p1a: Serperior
|-resisted|p1a: Serperior
|-damage|p1a: Serperior|85/100
|
|upkeep
|turn|6
|
|t:|1776292846
|-end|p2a: Iron Boulder|Quark Drive|[silent]
|switch|p2a: Infernape|Infernape, F|100/100
|-damage|p2a: Infernape|88/100|[from] Stealth Rock
|move|p1a: Serperior|Glare|p2a: Infernape
|-status|p2a: Infernape|par
|
|upkeep
|turn|7
|inactive|Monikaaaaa has 120 seconds left.
|
|t:|1776292862
|switch|p1a: Primarina|Primarina, F|100/100
|move|p2a: Infernape|Flare Blitz|p1a: Primarina
|-resisted|p1a: Primarina
|-damage|p1a: Primarina|78/100
|-damage|p2a: Infernape|79/100 par|[from] Recoil
|
|-heal|p1a: Primarina|84/100|[from] item: Leftovers
|upkeep
|turn|8
|
|t:|1776292880
|switch|p2a: Rotom|Rotom-Mow|100/100
|-damage|p2a: Rotom|88/100|[from] Stealth Rock
|move|p1a: Primarina|Calm Mind|p1a: Primarina
|-boost|p1a: Primarina|spa|1
|-boost|p1a: Primarina|spd|1
|
|-heal|p1a: Primarina|90/100|[from] item: Leftovers
|upkeep
|turn|9
|inactive|Monikaaaaa has 90 seconds left.
|inactive|wael45 has 120 seconds left.
|
|t:|1776292916
|switch|p1a: Serperior|Serperior, M, shiny|85/100
|move|p2a: Rotom|Discharge|p1a: Serperior
|-resisted|p1a: Serperior
|-damage|p1a: Serperior|66/100
|
|upkeep
|turn|10
|inactive|wael45 has 120 seconds left.
|inactive|wael45 has 90 seconds left.
|
|t:|1776292957
|move|p1a: Serperior|Reflect|p1a: Serperior
|-sidestart|p1: Monikaaaaa|Reflect
|move|p2a: Rotom|Thunder Wave|p1a: Serperior|[miss]
|-miss|p2a: Rotom|p1a: Serperior
|
|upkeep
|turn|11
|inactive|wael45 has 90 seconds left.
|
|t:|1776292972
|move|p1a: Serperior|Light Screen|p1a: Serperior
|-sidestart|p1: Monikaaaaa|move: Light Screen
|move|p2a: Rotom|Thunder Wave|p1a: Serperior
|-status|p1a: Serperior|par
|
|upkeep
|turn|12
|inactive|wael45 has 90 seconds left.
|
|t:|1776293000
|switch|p2a: Munkidori|Munkidori, M|100/100
|switch|p1a: Raging Bolt|Raging Bolt|100/100
|
|upkeep
|turn|13
|inactive|wael45 has 90 seconds left.
|
|t:|1776293014
|switch|p2a: Iron Boulder|Iron Boulder|88/100
|-damage|p2a: Iron Boulder|76/100|[from] Stealth Rock
|move|p1a: Raging Bolt|Draco Meteor|p2a: Iron Boulder|[miss]
|-miss|p1a: Raging Bolt|p2a: Iron Boulder
|
|upkeep
|turn|14
|inactive|Monikaaaaa has 60 seconds left.
|
|t:|1776293029
|-end|p1a: Raging Bolt|Protosynthesis|[silent]
|switch|p1a: Cresselia|Cresselia, F, shiny|100/100
|move|p2a: Iron Boulder|Earthquake|p1a: Cresselia
|-immune|p1a: Cresselia|[from] ability: Levitate
|
|upkeep
|turn|15
|inactive|Monikaaaaa has 60 seconds left.
|
|t:|1776293039
|-end|p2a: Iron Boulder|Quark Drive|[silent]
|switch|p2a: Greninja|Greninja, M|100/100
|-damage|p2a: Greninja|88/100|[from] Stealth Rock
|move|p1a: Cresselia|Trick|p2a: Greninja
|-activate|p1a: Cresselia|move: Trick|[of] p2a: Greninja
|-item|p2a: Greninja|Choice Scarf|[from] move: Trick
|-item|p1a: Cresselia|Life Orb|[from] move: Trick
|
|upkeep
|turn|16
|inactive|Monikaaaaa has 60 seconds left.
|inactive|Monikaaaaa has 30 seconds left.
|
|t:|1776293083
|switch|p1a: Primarina|Primarina, F|90/100
|move|p2a: Greninja|Dark Pulse|p1a: Primarina
|-resisted|p1a: Primarina
|-damage|p1a: Primarina|83/100
|
|-heal|p1a: Primarina|89/100|[from] item: Leftovers
|upkeep
|turn|17
|inactive|Monikaaaaa has 30 seconds left.
|inactive|Monikaaaaa has 20 seconds left.
|
|t:|1776293103
|switch|p2a: Munkidori|Munkidori, M|100/100
|move|p1a: Primarina|Substitute|p1a: Primarina
|-start|p1a: Primarina|Substitute
|-damage|p1a: Primarina|64/100
|
|-heal|p1a: Primarina|70/100|[from] item: Leftovers
|-sideend|p1: Monikaaaaa|Reflect
|upkeep
|turn|18
|inactive|Monikaaaaa has 30 seconds left this turn.
|inactive|Monikaaaaa has 20 seconds left.
|inactive|Monikaaaaa has 15 seconds left.
|inactive|wael45 has 90 seconds left.
|
|t:|1776293131
|move|p2a: Munkidori|Sludge Bomb|p1a: Primarina
|-supereffective|p1a: Primarina
|-end|p1a: Primarina|Substitute
|move|p1a: Primarina|Psychic Noise|p2a: Munkidori
|-damage|p2a: Munkidori|66/100
|-start|p2a: Munkidori|move: Heal Block
|
|-heal|p1a: Primarina|76/100|[from] item: Leftovers
|-sideend|p1: Monikaaaaa|move: Light Screen
|upkeep
|turn|19
|inactive|Monikaaaaa has 25 seconds left this turn.
|inactive|Monikaaaaa has 20 seconds left.
|inactive|Monikaaaaa has 15 seconds left.
|inactive|Monikaaaaa has 10 seconds left.
|
|t:|1776293149
|switch|p1a: Kingambit|Kingambit, F|100/100
|-activate|p1a: Kingambit|ability: Supreme Overlord
|-start|p1a: Kingambit|fallen1|[silent]
|move|p2a: Munkidori|Sludge Bomb|p1a: Kingambit
|-immune|p1a: Kingambit
|
|-end|p2a: Munkidori|move: Heal Block
|upkeep
|turn|20
|inactive|Monikaaaaa has 20 seconds left this turn.
|inactive|Monikaaaaa has 15 seconds left.
|inactive|Monikaaaaa has 10 seconds left.
|
|t:|1776293164
|-terastallize|p2a: Munkidori|Steel
|move|p1a: Kingambit|Sucker Punch|p2a: Munkidori
|-damage|p2a: Munkidori|0 fnt
|faint|p2a: Munkidori
|
|upkeep
|inactive|wael45 has 90 seconds left.
|
|t:|1776293177
|switch|p2a: Infernape|Infernape, F|79/100 par
|-damage|p2a: Infernape|67/100 par|[from] Stealth Rock
|turn|21
|inactive|Monikaaaaa has 25 seconds left this turn.
|inactive|Monikaaaaa has 20 seconds left.
|inactive|Monikaaaaa has 15 seconds left.
|inactive|Monikaaaaa has 10 seconds left.
|
|t:|1776293193
|-end|p1a: Kingambit|fallen1|[silent]
|switch|p1a: Cresselia|Cresselia, F, shiny|100/100
|move|p2a: Infernape|Close Combat|p1a: Cresselia
|-resisted|p1a: Cresselia
|-damage|p1a: Cresselia|82/100
|-unboost|p2a: Infernape|def|1
|-unboost|p2a: Infernape|spd|1
|
|upkeep
|turn|22
|inactive|Monikaaaaa has 20 seconds left this turn.
|inactive|Monikaaaaa has 15 seconds left.
|inactive|Monikaaaaa has 10 seconds left.
|
|t:|1776293211
|switch|p2a: Greninja|Greninja, M|88/100
|-damage|p2a: Greninja|76/100|[from] Stealth Rock
|move|p1a: Cresselia|Moonlight|p1a: Cresselia
|-heal|p1a: Cresselia|100/100
|
|upkeep
|turn|23
|inactive|Monikaaaaa has 20 seconds left this turn.
|inactive|Monikaaaaa has 15 seconds left.
|inactive|Monikaaaaa has 10 seconds left.
|
|t:|1776293225
|switch|p1a: Primarina|Primarina, F|76/100
|move|p2a: Greninja|Dark Pulse|p1a: Primarina
|-resisted|p1a: Primarina
|-damage|p1a: Primarina|61/100
|
|-heal|p1a: Primarina|67/100|[from] item: Leftovers
|upkeep
|turn|24
|inactive|Monikaaaaa has 20 seconds left this turn.
|inactive|Monikaaaaa has 15 seconds left.
|
|t:|1776293245
|switch|p2a: Rotom|Rotom-Mow|88/100
|-damage|p2a: Rotom|76/100|[from] Stealth Rock
|move|p1a: Primarina|Calm Mind|p1a: Primarina
|-boost|p1a: Primarina|spa|1
|-boost|p1a: Primarina|spd|1
|
|-heal|p1a: Primarina|73/100|[from] item: Leftovers
|upkeep
|turn|25
|inactive|Monikaaaaa has 25 seconds left this turn.
|inactive|Monikaaaaa has 20 seconds left.
|inactive|Monikaaaaa has 15 seconds left.
|inactive|wael45 has 90 seconds left.
|
|t:|1776293272
|-terastallize|p1a: Primarina|Steel
|move|p2a: Rotom|Leaf Storm|p1a: Primarina
|-resisted|p1a: Primarina
|-damage|p1a: Primarina|56/100
|-unboost|p2a: Rotom|spa|2
|move|p1a: Primarina|Draining Kiss|p2a: Rotom
|-damage|p2a: Rotom|46/100
|-heal|p1a: Primarina|71/100|[from] drain|[of] p2a: Rotom
|
|-heal|p1a: Primarina|77/100|[from] item: Leftovers
|upkeep
|turn|26
|inactive|Monikaaaaa has 25 seconds left this turn.
|inactive|Monikaaaaa has 20 seconds left.
|inactive|Monikaaaaa has 15 seconds left.
|inactive|Monikaaaaa has 10 seconds left.
|
|t:|1776293290
|move|p2a: Rotom|Thunder Wave|p1a: Primarina
|-status|p1a: Primarina|par
|move|p1a: Primarina|Draining Kiss|p2a: Rotom
|-damage|p2a: Rotom|15/100
|-heal|p1a: Primarina|93/100 par|[from] drain|[of] p2a: Rotom
|
|-heal|p1a: Primarina|99/100 par|[from] item: Leftovers
|upkeep
|turn|27
|inactive|Monikaaaaa has 20 seconds left this turn.
|inactive|Monikaaaaa has 15 seconds left.
|inactive|wael45 has 90 seconds left.
|inactive|Monikaaaaa has 10 seconds left.
|
|t:|1776293311
|move|p2a: Rotom|Discharge|p1a: Primarina
|-damage|p1a: Primarina|90/100 par
|cant|p1a: Primarina|par
|
|-heal|p1a: Primarina|96/100 par|[from] item: Leftovers
|upkeep
|turn|28
|inactive|Monikaaaaa has 20 seconds left this turn.
|inactive|Monikaaaaa has 15 seconds left.
|
|t:|1776293323
|move|p2a: Rotom|Volt Switch|p1a: Primarina
|-damage|p1a: Primarina|86/100 par
|
|t:|1776293327
|switch|p2a: Infernape|Infernape, F|67/100 par|[from] Volt Switch
|-damage|p2a: Infernape|55/100 par|[from] Stealth Rock
|move|p1a: Primarina|Substitute|p1a: Primarina
|-start|p1a: Primarina|Substitute
|-damage|p1a: Primarina|61/100 par
|
|-heal|p1a: Primarina|68/100 par|[from] item: Leftovers
|upkeep
|turn|29
|inactive|Monikaaaaa has 30 seconds left this turn.
|inactive|Monikaaaaa has 20 seconds left.
|
|t:|1776293337
|move|p2a: Infernape|Close Combat|p1a: Primarina
|-supereffective|p1a: Primarina
|-end|p1a: Primarina|Substitute
|-unboost|p2a: Infernape|def|1
|-unboost|p2a: Infernape|spd|1
|move|p1a: Primarina|Draining Kiss|p2a: Infernape
|-damage|p2a: Infernape|0 fnt
|-heal|p1a: Primarina|99/100 par|[from] drain|[of] p2a: Infernape
|faint|p2a: Infernape
|
|-heal|p1a: Primarina|100/100 par|[from] item: Leftovers
|upkeep
|
|t:|1776293361
|switch|p2a: Iron Boulder|Iron Boulder|76/100
|-damage|p2a: Iron Boulder|63/100|[from] Stealth Rock
|turn|30
|inactive|Monikaaaaa has 30 seconds left.
|
|t:|1776293372
|switch|p1a: Cresselia|Cresselia, F, shiny|100/100
|move|p2a: Iron Boulder|Earthquake|p1a: Cresselia
|-immune|p1a: Cresselia|[from] ability: Levitate
|
|upkeep
|turn|31
|inactive|Monikaaaaa has 30 seconds left.
|
|t:|1776293386
|-end|p2a: Iron Boulder|Quark Drive|[silent]
|switch|p2a: Greninja|Greninja, M|76/100
|-damage|p2a: Greninja|64/100|[from] Stealth Rock
|move|p1a: Cresselia|Ice Beam|p2a: Greninja
|-resisted|p2a: Greninja
|-damage|p2a: Greninja|48/100
|-damage|p1a: Cresselia|91/100|[from] item: Life Orb
|
|upkeep
|turn|32
|inactive|Monikaaaaa has 30 seconds left.
|inactive|Monikaaaaa has 20 seconds left.
|
|t:|1776293407
|move|p2a: Greninja|Dark Pulse|p1a: Cresselia
|-supereffective|p1a: Cresselia
|-damage|p1a: Cresselia|44/100
|move|p1a: Cresselia|Moonlight|p1a: Cresselia
|-heal|p1a: Cresselia|94/100
|
|upkeep
|turn|33
|inactive|Monikaaaaa has 30 seconds left this turn.
|inactive|Monikaaaaa has 20 seconds left.
|inactive|Monikaaaaa has 15 seconds left.
|
|t:|1776293427
|move|p2a: Greninja|Dark Pulse|p1a: Cresselia
|-supereffective|p1a: Cresselia
|-damage|p1a: Cresselia|48/100
|move|p1a: Cresselia|Ice Beam|p2a: Greninja
|-resisted|p2a: Greninja
|-damage|p2a: Greninja|31/100
|-damage|p1a: Cresselia|38/100|[from] item: Life Orb
|
|upkeep
|turn|34
|inactive|Monikaaaaa has 25 seconds left this turn.
|inactive|Monikaaaaa has 20 seconds left.
|inactive|wael45 has 60 seconds left.
|
|t:|1776293452
|move|p2a: Greninja|Dark Pulse|p1a: Cresselia
|-supereffective|p1a: Cresselia
|-damage|p1a: Cresselia|0 fnt
|faint|p1a: Cresselia
|-ability|p2a: Greninja|Battle Bond|boost
|-boost|p2a: Greninja|atk|1
|-boost|p2a: Greninja|spa|1
|-boost|p2a: Greninja|spe|1
|-activate|p2a: Greninja|ability: Battle Bond
|
|upkeep
|inactive|Monikaaaaa has 25 seconds left this turn.
|inactive|Monikaaaaa has 20 seconds left.
|
|t:|1776293461
|switch|p1a: Kingambit|Kingambit, F|100/100
|-activate|p1a: Kingambit|ability: Supreme Overlord
|-start|p1a: Kingambit|fallen2|[silent]
|turn|35
|inactive|Monikaaaaa has 30 seconds left this turn.
|inactive|Monikaaaaa has 20 seconds left.
|inactive|Monikaaaaa has 15 seconds left.
|inactive|Monikaaaaa has 10 seconds left.
|
|t:|1776293485
|switch|p2a: Rotom|Rotom-Mow|15/100
|-damage|p2a: Rotom|2/100|[from] Stealth Rock
|move|p1a: Kingambit|Sucker Punch||[still]
|-fail|p1a: Kingambit
|
|upkeep
|turn|36
|inactive|Monikaaaaa has 20 seconds left this turn.
|inactive|Monikaaaaa has 15 seconds left.
|inactive|Monikaaaaa has 10 seconds left.
|
|t:|1776293495
|-end|p1a: Kingambit|fallen2|[silent]
|switch|p1a: Serperior|Serperior, M, shiny|66/100 par
|move|p2a: Rotom|Thunder Wave|p1a: Serperior
|-fail|p1a: Serperior|par
|
|upkeep
|turn|37
|inactive|Monikaaaaa has 20 seconds left this turn.
|inactive|Monikaaaaa has 15 seconds left.
|inactive|Monikaaaaa has 10 seconds left.
|
|t:|1776293506
|move|p2a: Rotom|Volt Switch|p1a: Serperior
|-resisted|p1a: Serperior
|-damage|p1a: Serperior|50/100 par
|
|t:|1776293508
|switch|p2a: Greninja|Greninja, M|31/100|[from] Volt Switch
|-damage|p2a: Greninja|19/100|[from] Stealth Rock
|cant|p1a: Serperior|par
|
|upkeep
|turn|38
|inactive|Monikaaaaa has 25 seconds left this turn.
|inactive|Monikaaaaa has 20 seconds left.
|inactive|Monikaaaaa has 15 seconds left.
|
|t:|1776293521
|switch|p1a: Raging Bolt|Raging Bolt|100/100
|move|p2a: Greninja|Ice Beam|p1a: Raging Bolt
|-supereffective|p1a: Raging Bolt
|-damage|p1a: Raging Bolt|50/100
|
|-heal|p1a: Raging Bolt|56/100|[from] item: Leftovers
|upkeep
|turn|39
|inactive|Monikaaaaa has 25 seconds left this turn.
|inactive|Monikaaaaa has 20 seconds left.
|inactive|Monikaaaaa has 15 seconds left.
|inactive|wael45 has 90 seconds left.
|inactive|Monikaaaaa has 10 seconds left.
|
|t:|1776293543
|-end|p1a: Raging Bolt|Protosynthesis|[silent]
|switch|p1a: Kingambit|Kingambit, F|100/100
|-activate|p1a: Kingambit|ability: Supreme Overlord
|-start|p1a: Kingambit|fallen2|[silent]
|move|p2a: Greninja|Ice Beam|p1a: Kingambit
|-resisted|p1a: Kingambit
|-damage|p1a: Kingambit|87/100
|
|-heal|p1a: Kingambit|93/100|[from] item: Leftovers
|upkeep
|turn|40
|inactive|Monikaaaaa has 20 seconds left this turn.
|inactive|Monikaaaaa has 15 seconds left.
|inactive|Monikaaaaa has 10 seconds left.
|inactive|Monikaaaaa has 5 seconds left.
|
|t:|1776293558
|switch|p2a: Rotom|Rotom-Mow|2/100
|-damage|p2a: Rotom|0 fnt|[from] Stealth Rock
|faint|p2a: Rotom
|move|p1a: Kingambit|Low Kick|p2: Rotom|[notarget]
|-fail|p1a: Kingambit
|
|-heal|p1a: Kingambit|99/100|[from] item: Leftovers
|upkeep
|
|t:|1776293567
|switch|p2a: Iron Boulder|Iron Boulder|63/100
|-damage|p2a: Iron Boulder|51/100|[from] Stealth Rock
|turn|41
|inactive|Monikaaaaa has 20 seconds left this turn.
|inactive|Monikaaaaa has 15 seconds left.
|
|t:|1776293576
|move|p1a: Kingambit|Sucker Punch|p2a: Iron Boulder
|-supereffective|p2a: Iron Boulder
|-damage|p2a: Iron Boulder|0 fnt
|faint|p2a: Iron Boulder
|-end|p2a: Iron Boulder|Quark Drive|[silent]
|
|-heal|p1a: Kingambit|100/100|[from] item: Leftovers
|upkeep
|inactive|wael45 has 90 seconds left.
|
|t:|1776293587
|switch|p2a: Greninja|Greninja, M|19/100
|-damage|p2a: Greninja|7/100|[from] Stealth Rock
|turn|42
|inactive|Monikaaaaa has 30 seconds left this turn.
|
|t:|1776293593
|move|p1a: Kingambit|Sucker Punch|p2a: Greninja
|-resisted|p2a: Greninja
|-damage|p2a: Greninja|0 fnt
|faint|p2a: Greninja
|
|win|Monikaaaaa
|raw|Monikaaaaa's rating: 1087 &rarr; <strong>1114</strong><br />(+27 for winning)
|raw|wael45's rating: 1091 &rarr; <strong>1067</strong><br />(-24 for losing)
|c|☆Monikaaaaa|gg
