|html|<div class="broadcast-blue"><strong>[Gen 9] OU is currently suspecting Tera Blast! For information on how to participate check out the <a href="https://www.smogon.com/tools/suspects/view/200">suspect thread</a>.</strong></div>
|j|☆enzonied
|j|☆khetsis
|t:|1776091738
|gametype|singles
|player|p1|enzonied|pokekid|1233
|player|p2|khetsis|zinzolin|1181
|gen|9
|tier|[Gen 9] OU
|rated|
|rule|HP Percentage Mod: HP is shown in percentages
|rule|Endless Battle Clause: Forcing endless battles is banned
|rule|Species Clause: Limit one of each Pokémon
|rule|OHKO Clause: OHKO moves are banned
|rule|Evasion Items Clause: Evasion items are banned
|rule|Evasion Moves Clause: Evasion moves are banned
|rule|Evasion Abilities Clause: Evasion abilities are banned
|rule|Sleep Moves Clause: Sleep-inducing moves are banned
|clearpoke
|poke|p1|Ting-Lu|
|poke|p1|Toxapex, F|
|poke|p1|Gholdengo|
|poke|p1|Primarina, F|
|poke|p1|Corviknight, M|
|poke|p1|Enamorus, F|
|poke|p2|Ninetales-Alola, M|
|poke|p2|Dondozo, M|
|poke|p2|Garganacl, M|
|poke|p2|Kingambit, M|
|poke|p2|Ursaluna, M|
|poke|p2|Munkidori, M|
|teampreview
|
|t:|1776091747
|teamsize|p1|6
|teamsize|p2|6
|start
|switch|p1a: Gholdengo|Gholdengo, shiny|100/100
|switch|p2a: Corazon|Ninetales-Alola, M, shiny|100/100
|-weather|Snowscape|[from] ability: Snow Warning|[of] p2a: Corazon
|turn|1
|
|t:|1776091755
|move|p1a: Gholdengo|Make It Rain|p2a: Corazon
|-supereffective|p2a: Corazon
|-damage|p2a: Corazon|0 fnt
|-unboost|p1a: Gholdengo|spa|1
|faint|p2a: Corazon
|
|-weather|Snowscape|[upkeep]
|upkeep
|
|t:|1776091776
|switch|p2a: Ursaluna|Ursaluna, M|100/100
|turn|2
|
|t:|1776091783
|switch|p1a: Corviknight|Corviknight, M, shiny|100/100
|-ability|p1a: Corviknight|Pressure
|move|p2a: Ursaluna|Headlong Rush|p1a: Corviknight
|-immune|p1a: Corviknight
|
|-weather|Snowscape|[upkeep]
|-status|p2a: Ursaluna|brn|[from] item: Flame Orb
|upkeep
|turn|3
|inactive|Battle timer is ON: inactive players will automatically lose when time's up. (requested by enzonied)
|
|t:|1776091803
|move|p1a: Corviknight|Roost||[still]
|-fail|p1a: Corviknight|heal
|move|p2a: Ursaluna|Bulk Up|p2a: Ursaluna
|-boost|p2a: Ursaluna|atk|1
|-boost|p2a: Ursaluna|def|1
|
|-weather|Snowscape|[upkeep]
|-damage|p2a: Ursaluna|94/100 brn|[from] brn
|upkeep
|turn|4
|
|t:|1776091817
|move|p1a: Corviknight|Defog|p2a: Ursaluna
|-unboost|p2a: Ursaluna|evasion|1
|move|p2a: Ursaluna|Thunder Punch|p1a: Corviknight
|-supereffective|p1a: Corviknight
|-damage|p1a: Corviknight|21/100
|-damage|p2a: Ursaluna|78/100 brn|[from] item: Rocky Helmet|[of] p1a: Corviknight
|
|-weather|Snowscape|[upkeep]
|-damage|p2a: Ursaluna|72/100 brn|[from] brn
|upkeep
|turn|5
|
|t:|1776091828
|switch|p1a: Ting-Lu|Ting-Lu, shiny|100/100
|-ability|p1a: Ting-Lu|Vessel of Ruin
|move|p2a: Ursaluna|Thunder Punch|p1a: Ting-Lu
|-immune|p1a: Ting-Lu
|
|-weather|none
|-damage|p2a: Ursaluna|66/100 brn|[from] brn
|upkeep
|turn|6
|
|t:|1776091841
|move|p2a: Ursaluna|Giga Impact|p1a: Ting-Lu
|-damage|p1a: Ting-Lu|0 fnt
|-mustrecharge|p2a: Ursaluna
|faint|p1a: Ting-Lu
|
|-damage|p2a: Ursaluna|60/100 brn|[from] brn
|upkeep
|
|t:|1776091848
|switch|p1a: Enamorus|Enamorus, F, shiny|100/100
|turn|7
|
|t:|1776091852
|-terastallize|p1a: Enamorus|Stellar
|move|p1a: Enamorus|Superpower|p2a: Ursaluna
|-supereffective|p2a: Ursaluna
|-damage|p2a: Ursaluna|28/100 brn
|-boost|p1a: Enamorus|atk|1
|-boost|p1a: Enamorus|def|1
|cant|p2a: Ursaluna|recharge
|
|-damage|p2a: Ursaluna|22/100 brn|[from] brn
|upkeep
|turn|8
|
|t:|1776091864
|move|p1a: Enamorus|Superpower|p2a: Ursaluna
|-supereffective|p2a: Ursaluna
|-damage|p2a: Ursaluna|0 fnt
|-boost|p1a: Enamorus|atk|1
|-boost|p1a: Enamorus|def|1
|faint|p2a: Ursaluna
|
|upkeep
|
|t:|1776091881
|switch|p2a: #THECODFATHER|Dondozo, M, shiny|100/100
|turn|9
|
|t:|1776091885
|move|p1a: Enamorus|Superpower|p2a: #THECODFATHER
|-crit|p2a: #THECODFATHER
|-damage|p2a: #THECODFATHER|81/100
|-boost|p1a: Enamorus|atk|1
|-boost|p1a: Enamorus|def|1
|move|p2a: #THECODFATHER|Avalanche|p1a: Enamorus
|-supereffective|p1a: Enamorus
|-damage|p1a: Enamorus|20/100
|
|-heal|p2a: #THECODFATHER|87/100|[from] item: Leftovers
|upkeep
|turn|10
|
|t:|1776091898
|switch|p1a: Toxapex|Toxapex, F, shiny|100/100
|move|p2a: #THECODFATHER|Avalanche|p1a: Toxapex
|-resisted|p1a: Toxapex
|-damage|p1a: Toxapex|96/100
|
|-heal|p1a: Toxapex|100/100|[from] item: Black Sludge
|-heal|p2a: #THECODFATHER|94/100|[from] item: Leftovers
|upkeep
|turn|11
|
|t:|1776091916
|switch|p2a: Kogan|Kingambit, M|100/100
|-activate|p2a: Kogan|ability: Supreme Overlord
|-start|p2a: Kogan|fallen2|[silent]
|move|p1a: Toxapex|Toxic|p2a: Kogan
|-immune|p2a: Kogan
|
|upkeep
|turn|12
|
|t:|1776091929
|move|p2a: Kogan|Sucker Punch|p1a: Toxapex
|-damage|p1a: Toxapex|71/100
|move|p1a: Toxapex|Chilling Water|p2a: Kogan
|-crit|p2a: Kogan
|-damage|p2a: Kogan|90/100
|-unboost|p2a: Kogan|atk|1
|
|-heal|p1a: Toxapex|77/100|[from] item: Black Sludge
|upkeep
|turn|13
|
|t:|1776091939
|move|p2a: Kogan|Iron Head|p1a: Toxapex
|-resisted|p1a: Toxapex
|-damage|p1a: Toxapex|66/100
|move|p1a: Toxapex|Chilling Water|p2a: Kogan
|-damage|p2a: Kogan|82/100
|-unboost|p2a: Kogan|atk|1
|
|-heal|p1a: Toxapex|71/100|[from] item: Black Sludge
|upkeep
|turn|14
|
|t:|1776091948
|move|p2a: Kogan|Sucker Punch|p1a: Toxapex
|-damage|p1a: Toxapex|57/100
|move|p1a: Toxapex|Chilling Water|p2a: Kogan
|-damage|p2a: Kogan|74/100
|-unboost|p2a: Kogan|atk|1
|
|-heal|p1a: Toxapex|63/100|[from] item: Black Sludge
|upkeep
|turn|15
|
|t:|1776091964
|-end|p2a: Kogan|fallen2|[silent]
|switch|p2a: Magellan|Munkidori, M|100/100
|move|p1a: Toxapex|Chilling Water|p2a: Magellan
|-damage|p2a: Magellan|88/100
|-unboost|p2a: Magellan|atk|1
|
|-heal|p1a: Toxapex|68/100|[from] item: Black Sludge
|upkeep
|turn|16
|
|t:|1776091976
|switch|p1a: Primarina|Primarina, F, shiny|100/100
|move|p2a: Magellan|Psychic|p1a: Primarina
|-damage|p1a: Primarina|75/100
|
|upkeep
|turn|17
|
|t:|1776091987
|move|p2a: Magellan|Gunk Shot|p1a: Primarina
|-supereffective|p1a: Primarina
|-damage|p1a: Primarina|28/100
|-status|p1a: Primarina|psn
|move|p1a: Primarina|Sparkling Aria|p2a: Magellan
|-damage|p2a: Magellan|0 fnt
|faint|p2a: Magellan
|
|-damage|p1a: Primarina|15/100 psn|[from] psn
|upkeep
|
|t:|1776092002
|switch|p2a: Kogan|Kingambit, M|74/100
|-activate|p2a: Kogan|ability: Supreme Overlord
|-start|p2a: Kogan|fallen3|[silent]
|turn|18
|
|t:|1776092010
|move|p2a: Kogan|Sucker Punch|p1a: Primarina
|-resisted|p1a: Primarina
|-damage|p1a: Primarina|0 fnt
|faint|p1a: Primarina
|
|upkeep
|
|t:|1776092015
|switch|p1a: Toxapex|Toxapex, F, shiny|100/100
|turn|19
|
|t:|1776092021
|move|p2a: Kogan|Stone Edge|p1a: Toxapex|[miss]
|-miss|p2a: Kogan|p1a: Toxapex
|move|p1a: Toxapex|Chilling Water|p2a: Kogan
|-damage|p2a: Kogan|67/100
|-unboost|p2a: Kogan|atk|1
|
|upkeep
|turn|20
|
|t:|1776092038
|move|p2a: Kogan|Stone Edge|p1a: Toxapex
|-damage|p1a: Toxapex|80/100
|move|p1a: Toxapex|Chilling Water|p2a: Kogan
|-damage|p2a: Kogan|60/100
|-unboost|p2a: Kogan|atk|1
|
|-heal|p1a: Toxapex|86/100|[from] item: Black Sludge
|upkeep
|turn|21
|
|t:|1776092053
|-end|p2a: Kogan|fallen3|[silent]
|switch|p2a: Pika|Garganacl, M, shiny|100/100
|move|p1a: Toxapex|Chilling Water|p2a: Pika
|-supereffective|p2a: Pika
|-damage|p2a: Pika|83/100
|-unboost|p2a: Pika|atk|1
|
|-heal|p2a: Pika|90/100|[from] item: Leftovers
|-heal|p1a: Toxapex|92/100|[from] item: Black Sludge
|upkeep
|turn|22
|
|t:|1776092067
|-terastallize|p2a: Pika|Fighting
|move|p1a: Toxapex|Chilling Water|p2a: Pika
|-damage|p2a: Pika|81/100
|-unboost|p2a: Pika|atk|1
|move|p2a: Pika|Salt Cure|p1a: Toxapex
|-damage|p1a: Toxapex|87/100
|-start|p1a: Toxapex|Salt Cure
|
|-heal|p2a: Pika|87/100|[from] item: Leftovers
|-heal|p1a: Toxapex|93/100|[from] item: Black Sludge
|-damage|p1a: Toxapex|68/100|[from] Salt Cure
|upkeep
|turn|23
|
|t:|1776092082
|switch|p1a: Gholdengo|Gholdengo, shiny|100/100
|move|p2a: Pika|Rock Slide|p1a: Gholdengo|[miss]
|-miss|p2a: Pika|p1a: Gholdengo
|
|-heal|p2a: Pika|94/100|[from] item: Leftovers
|upkeep
|turn|24
|
|t:|1776092098
|move|p1a: Gholdengo|Make It Rain|p2a: Pika
|-damage|p2a: Pika|37/100
|-unboost|p1a: Gholdengo|spa|1
|move|p2a: Pika|Salt Cure|p1a: Gholdengo
|-resisted|p1a: Gholdengo
|-crit|p1a: Gholdengo
|-damage|p1a: Gholdengo|87/100
|-start|p1a: Gholdengo|Salt Cure
|
|-heal|p2a: Pika|43/100|[from] item: Leftovers
|-damage|p1a: Gholdengo|62/100|[from] Salt Cure
|upkeep
|turn|25
|
|t:|1776092110
|move|p1a: Gholdengo|Make It Rain|p2a: Pika
|-damage|p2a: Pika|7/100
|-unboost|p1a: Gholdengo|spa|1
|move|p2a: Pika|Recover|p2a: Pika
|-heal|p2a: Pika|57/100
|
|-heal|p2a: Pika|63/100|[from] item: Leftovers
|-damage|p1a: Gholdengo|38/100|[from] Salt Cure
|upkeep
|turn|26
|
|t:|1776092122
|switch|p1a: Toxapex|Toxapex, F, shiny|100/100
|move|p2a: Pika|Recover|p2a: Pika
|-heal|p2a: Pika|100/100
|
|upkeep
|turn|27
|
|t:|1776092129
|move|p2a: Pika|Salt Cure|p1a: Toxapex
|-damage|p1a: Toxapex|96/100
|-start|p1a: Toxapex|Salt Cure
|move|p1a: Toxapex|Chilling Water|p2a: Pika
|-damage|p2a: Pika|90/100
|-unboost|p2a: Pika|atk|1
|
|-heal|p2a: Pika|97/100|[from] item: Leftovers
|-heal|p1a: Toxapex|100/100|[from] item: Black Sludge
|-damage|p1a: Toxapex|76/100|[from] Salt Cure
|upkeep
|turn|28
|
|t:|1776092143
|switch|p1a: Enamorus|Enamorus, F, shiny, tera:Stellar|20/100
|move|p2a: Pika|Body Press|p1a: Enamorus
|-resisted|p1a: Enamorus
|-damage|p1a: Enamorus|5/100
|
|-heal|p2a: Pika|100/100|[from] item: Leftovers
|upkeep
|turn|29
|
|t:|1776092158
|switch|p2a: Kogan|Kingambit, M|60/100
|-activate|p2a: Kogan|ability: Supreme Overlord
|-start|p2a: Kogan|fallen3|[silent]
|move|p1a: Enamorus|Moonblast|p2a: Kogan
|-damage|p2a: Kogan|16/100
|
|upkeep
|turn|30
|
|t:|1776092166
|switch|p1a: Toxapex|Toxapex, F, shiny|100/100
|move|p2a: Kogan|Sucker Punch||[still]
|-fail|p2a: Kogan
|
|upkeep
|turn|31
|
|t:|1776092176
|move|p2a: Kogan|Stone Edge|p1a: Toxapex
|-damage|p1a: Toxapex|67/100
|move|p1a: Toxapex|Chilling Water|p2a: Kogan
|-damage|p2a: Kogan|9/100
|-unboost|p2a: Kogan|atk|1
|
|-heal|p1a: Toxapex|73/100|[from] item: Black Sludge
|upkeep
|turn|32
|
|t:|1776092185
|-end|p2a: Kogan|fallen3|[silent]
|switch|p2a: Pika|Garganacl, M, shiny, tera:Fighting|100/100
|move|p1a: Toxapex|Chilling Water|p2a: Pika
|-damage|p2a: Pika|92/100
|-unboost|p2a: Pika|atk|1
|
|-heal|p1a: Toxapex|79/100|[from] item: Black Sludge
|-heal|p2a: Pika|98/100|[from] item: Leftovers
|upkeep
|turn|33
|
|t:|1776092196
|move|p2a: Pika|Salt Cure|p1a: Toxapex
|-damage|p1a: Toxapex|72/100
|-start|p1a: Toxapex|Salt Cure
|move|p1a: Toxapex|Recover|p1a: Toxapex
|-heal|p1a: Toxapex|100/100
|
|-heal|p2a: Pika|100/100|[from] item: Leftovers
|-damage|p1a: Toxapex|76/100|[from] Salt Cure
|upkeep
|turn|34
|
|t:|1776092220
|switch|p1a: Corviknight|Corviknight, M, shiny|21/100
|-ability|p1a: Corviknight|Pressure
|move|p2a: Pika|Body Press|p1a: Corviknight
|-damage|p1a: Corviknight|0 fnt
|-damage|p2a: Pika|84/100|[from] item: Rocky Helmet|[of] p1a: Corviknight
|faint|p1a: Corviknight
|
|-heal|p2a: Pika|90/100|[from] item: Leftovers
|upkeep
|
|t:|1776092231
|switch|p1a: Enamorus|Enamorus, F, shiny, tera:Stellar|5/100
|turn|35
|
|t:|1776092237
|move|p1a: Enamorus|Moonblast|p2a: Pika
|-supereffective|p2a: Pika
|-damage|p2a: Pika|0 fnt
|faint|p2a: Pika
|
|upkeep
|
|t:|1776092243
|switch|p2a: #THECODFATHER|Dondozo, M, shiny|94/100
|turn|36
|
|t:|1776092248
|switch|p1a: Toxapex|Toxapex, F, shiny|100/100
|move|p2a: #THECODFATHER|Body Press|p1a: Toxapex
|-resisted|p1a: Toxapex
|-damage|p1a: Toxapex|92/100
|
|-heal|p1a: Toxapex|98/100|[from] item: Black Sludge
|-heal|p2a: #THECODFATHER|99/100|[from] item: Leftovers
|upkeep
|turn|37
|
|t:|1776092259
|move|p1a: Toxapex|Toxic|p2a: #THECODFATHER
|-status|p2a: #THECODFATHER|tox
|move|p2a: #THECODFATHER|Avalanche|p1a: Toxapex
|-resisted|p1a: Toxapex
|-damage|p1a: Toxapex|94/100
|
|-heal|p1a: Toxapex|99/100|[from] item: Black Sludge
|-heal|p2a: #THECODFATHER|100/100 tox|[from] item: Leftovers
|-damage|p2a: #THECODFATHER|94/100 tox|[from] psn
|upkeep
|turn|38
|
|t:|1776092270
|move|p1a: Toxapex|Chilling Water|p2a: #THECODFATHER
|-resisted|p2a: #THECODFATHER
|-damage|p2a: #THECODFATHER|89/100 tox
|-unboost|p2a: #THECODFATHER|atk|1
|move|p2a: #THECODFATHER|Avalanche|p1a: Toxapex
|-resisted|p1a: Toxapex
|-damage|p1a: Toxapex|95/100
|
|-heal|p1a: Toxapex|100/100|[from] item: Black Sludge
|-heal|p2a: #THECODFATHER|95/100 tox|[from] item: Leftovers
|-damage|p2a: #THECODFATHER|83/100 tox|[from] psn
|upkeep
|turn|39
|
|t:|1776092283
|move|p1a: Toxapex|Chilling Water|p2a: #THECODFATHER
|-resisted|p2a: #THECODFATHER
|-damage|p2a: #THECODFATHER|78/100 tox
|-unboost|p2a: #THECODFATHER|atk|1
|move|p2a: #THECODFATHER|Body Press|p1a: Toxapex
|-resisted|p1a: Toxapex
|-damage|p1a: Toxapex|91/100
|
|-heal|p1a: Toxapex|97/100|[from] item: Black Sludge
|-heal|p2a: #THECODFATHER|84/100 tox|[from] item: Leftovers
|-damage|p2a: #THECODFATHER|66/100 tox|[from] psn
|upkeep
|turn|40
|
|t:|1776092295
|move|p1a: Toxapex|Chilling Water|p2a: #THECODFATHER
|-resisted|p2a: #THECODFATHER
|-damage|p2a: #THECODFATHER|61/100 tox
|-unboost|p2a: #THECODFATHER|atk|1
|move|p2a: #THECODFATHER|Body Press|p1a: Toxapex
|-resisted|p1a: Toxapex
|-damage|p1a: Toxapex|89/100
|
|-heal|p1a: Toxapex|95/100|[from] item: Black Sludge
|-heal|p2a: #THECODFATHER|67/100 tox|[from] item: Leftovers
|-damage|p2a: #THECODFATHER|42/100 tox|[from] psn
|upkeep
|turn|41
|
|t:|1776092308
|move|p1a: Toxapex|Chilling Water|p2a: #THECODFATHER
|-resisted|p2a: #THECODFATHER
|-damage|p2a: #THECODFATHER|37/100 tox
|-unboost|p2a: #THECODFATHER|atk|1
|move|p2a: #THECODFATHER|Rest|p2a: #THECODFATHER
|-status|p2a: #THECODFATHER|slp|[from] move: Rest
|-heal|p2a: #THECODFATHER|100/100 slp|[silent]
|
|-heal|p1a: Toxapex|100/100|[from] item: Black Sludge
|upkeep
|turn|42
|
|t:|1776092320
|move|p1a: Toxapex|Chilling Water|p2a: #THECODFATHER
|-resisted|p2a: #THECODFATHER
|-damage|p2a: #THECODFATHER|96/100 slp
|-unboost|p2a: #THECODFATHER|atk|1
|cant|p2a: #THECODFATHER|slp
|move|p2a: #THECODFATHER|Sleep Talk|p2a: #THECODFATHER
|move|p2a: #THECODFATHER|Body Press|p1a: Toxapex|[from] move: Sleep Talk
|-resisted|p1a: Toxapex
|-damage|p1a: Toxapex|92/100
|
|-heal|p1a: Toxapex|98/100|[from] item: Black Sludge
|-heal|p2a: #THECODFATHER|100/100 slp|[from] item: Leftovers
|upkeep
|turn|43
|
|t:|1776092335
|move|p1a: Toxapex|Chilling Water|p2a: #THECODFATHER
|-resisted|p2a: #THECODFATHER
|-damage|p2a: #THECODFATHER|96/100 slp
|-unboost|p2a: #THECODFATHER|atk|1
|cant|p2a: #THECODFATHER|slp
|move|p2a: #THECODFATHER|Sleep Talk|p2a: #THECODFATHER
|move|p2a: #THECODFATHER|Body Press|p1a: Toxapex|[from] move: Sleep Talk
|-resisted|p1a: Toxapex
|-damage|p1a: Toxapex|88/100
|
|-heal|p1a: Toxapex|94/100|[from] item: Black Sludge
|-heal|p2a: #THECODFATHER|100/100 slp|[from] item: Leftovers
|upkeep
|turn|44
|
|t:|1776092354
|move|p1a: Toxapex|Toxic||[still]
|-fail|p1a: Toxapex
|-curestatus|p2a: #THECODFATHER|slp|[msg]
|move|p2a: #THECODFATHER|Avalanche|p1a: Toxapex
|-resisted|p1a: Toxapex
|-crit|p1a: Toxapex
|-damage|p1a: Toxapex|88/100
|
|-heal|p1a: Toxapex|94/100|[from] item: Black Sludge
|upkeep
|turn|45
|
|t:|1776092365
|move|p1a: Toxapex|Toxic|p2a: #THECODFATHER
|-status|p2a: #THECODFATHER|tox
|move|p2a: #THECODFATHER|Body Press|p1a: Toxapex
|-resisted|p1a: Toxapex
|-damage|p1a: Toxapex|85/100
|
|-heal|p1a: Toxapex|91/100|[from] item: Black Sludge
|-damage|p2a: #THECODFATHER|94/100 tox|[from] psn
|upkeep
|turn|46
|
|t:|1776092377
|move|p1a: Toxapex|Chilling Water|p2a: #THECODFATHER
|-resisted|p2a: #THECODFATHER
|-damage|p2a: #THECODFATHER|89/100 tox
|move|p2a: #THECODFATHER|Body Press|p1a: Toxapex
|-resisted|p1a: Toxapex
|-damage|p1a: Toxapex|82/100
|
|-heal|p1a: Toxapex|88/100|[from] item: Black Sludge
|-heal|p2a: #THECODFATHER|96/100 tox|[from] item: Leftovers
|-damage|p2a: #THECODFATHER|83/100 tox|[from] psn
|upkeep
|turn|47
|
|t:|1776092396
|move|p1a: Toxapex|Toxic|p2a: #THECODFATHER
|-fail|p2a: #THECODFATHER|tox
|move|p2a: #THECODFATHER|Body Press|p1a: Toxapex
|-resisted|p1a: Toxapex
|-damage|p1a: Toxapex|79/100
|
|-heal|p1a: Toxapex|85/100|[from] item: Black Sludge
|-heal|p2a: #THECODFATHER|89/100 tox|[from] item: Leftovers
|-damage|p2a: #THECODFATHER|71/100 tox|[from] psn
|upkeep
|turn|48
|
|t:|1776092409
|move|p1a: Toxapex|Chilling Water|p2a: #THECODFATHER
|-resisted|p2a: #THECODFATHER
|-damage|p2a: #THECODFATHER|66/100 tox
|move|p2a: #THECODFATHER|Body Press|p1a: Toxapex
|-resisted|p1a: Toxapex
|-damage|p1a: Toxapex|77/100
|
|-heal|p1a: Toxapex|83/100|[from] item: Black Sludge
|-heal|p2a: #THECODFATHER|72/100 tox|[from] item: Leftovers
|-damage|p2a: #THECODFATHER|47/100 tox|[from] psn
|upkeep
|turn|49
|
|t:|1776092421
|move|p1a: Toxapex|Recover|p1a: Toxapex
|-heal|p1a: Toxapex|100/100
|move|p2a: #THECODFATHER|Body Press|p1a: Toxapex
|-resisted|p1a: Toxapex
|-damage|p1a: Toxapex|92/100
|
|-heal|p1a: Toxapex|98/100|[from] item: Black Sludge
|-heal|p2a: #THECODFATHER|53/100 tox|[from] item: Leftovers
|-damage|p2a: #THECODFATHER|23/100 tox|[from] psn
|upkeep
|turn|50
|
|t:|1776092437
|move|p1a: Toxapex|Toxic|p2a: #THECODFATHER
|-fail|p2a: #THECODFATHER|tox
|move|p2a: #THECODFATHER|Rest|p2a: #THECODFATHER
|-status|p2a: #THECODFATHER|slp|[from] move: Rest
|-heal|p2a: #THECODFATHER|100/100 slp|[silent]
|
|-heal|p1a: Toxapex|100/100|[from] item: Black Sludge
|upkeep
|turn|51
|inactive|enzonied has 120 seconds left.
|
|t:|1776092458
|move|p1a: Toxapex|Toxic||[still]
|-fail|p1a: Toxapex
|cant|p2a: #THECODFATHER|slp
|move|p2a: #THECODFATHER|Sleep Talk|p2a: #THECODFATHER
|move|p2a: #THECODFATHER|Rest||[from] move: Sleep Talk|[still]
|-fail|p2a: #THECODFATHER
|
|upkeep
|turn|52
|inactive|enzonied has 120 seconds left.
|
|t:|1776092475
|move|p1a: Toxapex|Chilling Water|p2a: #THECODFATHER
|-resisted|p2a: #THECODFATHER
|-damage|p2a: #THECODFATHER|96/100 slp
|cant|p2a: #THECODFATHER|slp
|move|p2a: #THECODFATHER|Sleep Talk|p2a: #THECODFATHER
|move|p2a: #THECODFATHER|Body Press|p1a: Toxapex|[from] move: Sleep Talk
|-resisted|p1a: Toxapex
|-damage|p1a: Toxapex|92/100
|
|-heal|p1a: Toxapex|98/100|[from] item: Black Sludge
|-heal|p2a: #THECODFATHER|100/100 slp|[from] item: Leftovers
|upkeep
|turn|53
|inactive|enzonied has 120 seconds left.
|
|t:|1776092493
|switch|p1a: Gholdengo|Gholdengo, shiny|38/100
|-curestatus|p2a: #THECODFATHER|slp|[msg]
|move|p2a: #THECODFATHER|Sleep Talk||[still]
|-fail|p2a: #THECODFATHER
|
|upkeep
|turn|54
|inactive|enzonied has 120 seconds left.
|
|t:|1776092503
|move|p1a: Gholdengo|Shadow Ball|p2a: #THECODFATHER
|-damage|p2a: #THECODFATHER|60/100
|-unboost|p2a: #THECODFATHER|spd|1
|move|p2a: #THECODFATHER|Avalanche|p1a: Gholdengo
|-resisted|p1a: Gholdengo
|-damage|p1a: Gholdengo|34/100
|
|-heal|p2a: #THECODFATHER|66/100|[from] item: Leftovers
|upkeep
|turn|55
|inactive|enzonied has 120 seconds left.
|
|t:|1776092514
|move|p1a: Gholdengo|Shadow Ball|p2a: #THECODFATHER
|-damage|p2a: #THECODFATHER|7/100
|move|p2a: #THECODFATHER|Rest|p2a: #THECODFATHER
|-status|p2a: #THECODFATHER|slp|[from] move: Rest
|-heal|p2a: #THECODFATHER|100/100 slp|[silent]
|
|upkeep
|turn|56
|
|t:|1776092529
|move|p1a: Gholdengo|Shadow Ball|p2a: #THECODFATHER
|-damage|p2a: #THECODFATHER|35/100 slp
|-unboost|p2a: #THECODFATHER|spd|1
|cant|p2a: #THECODFATHER|slp
|move|p2a: #THECODFATHER|Sleep Talk|p2a: #THECODFATHER
|move|p2a: #THECODFATHER|Body Press|p1a: Gholdengo|[from] move: Sleep Talk
|-immune|p1a: Gholdengo
|
|-heal|p2a: #THECODFATHER|42/100 slp|[from] item: Leftovers
|upkeep
|turn|57
|-message|khetsis forfeited.
|
|win|enzonied
|raw|enzonied's rating: 1233 &rarr; <strong>1254</strong><br />(+21 for winning)
|raw|khetsis's rating: 1181 &rarr; <strong>1160</strong><br />(-21 for losing)
|l|☆khetsis
|player|p2|
|l|☆enzonied
|player|p1|
