|html|<div class="broadcast-blue"><strong>[Gen 9] OU is currently suspecting Tera Blast! For information on how to participate check out the <a href="https://www.smogon.com/tools/suspects/view/200">suspect thread</a>.</strong></div>
|j|☆luketheidiot
|j|☆P0TenS
|t:|1776085733
|gametype|singles
|player|p1|luketheidiot|iris-gen5bw2|1134
|player|p2|P0TenS|1|1125
|gen|9
|tier|[Gen 9] OU
|rated|
|rule|HP Percentage Mod: HP is shown in percentages
|rule|Endless Battle Clause: Forcing endless battles is banned
|rule|Species Clause: Limit one of each Pokémon
|rule|OHKO Clause: OHKO moves are banned
|rule|Evasion Items Clause: Evasion items are banned
|rule|Evasion Moves Clause: Evasion moves are banned
|rule|Evasion Abilities Clause: Evasion abilities are banned
|rule|Sleep Moves Clause: Sleep-inducing moves are banned
|clearpoke
|poke|p1|Pikachu-Original, M|
|poke|p1|Furret, F|
|poke|p1|Wartortle, M|
|poke|p1|Vivillon-Archipelago, F|
|poke|p1|Cyndaquil, M|
|poke|p1|Hitmontop, M|
|poke|p2|Blaziken, M|
|poke|p2|Weavile, F|
|poke|p2|Zapdos|
|poke|p2|Dragapult, F|
|poke|p2|Clodsire, M|
|poke|p2|Primarina, M|
|teampreview
|j| ohko_smeargle
|inactive|Battle timer is ON: inactive players will automatically lose when time's up. (requested by luketheidiot)
|inactive|P0TenS has 120 seconds left.
|
|t:|1776085768
|teamsize|p1|6
|teamsize|p2|6
|start
|switch|p1a: Wartortle|Wartortle, M|100/100
|switch|p2a: Clodsire|Clodsire, M|100/100
|turn|1
|
|t:|1776085779
|switch|p2a: Zapdos|Zapdos|100/100
|move|p1a: Wartortle|Shell Smash|p1a: Wartortle
|-unboost|p1a: Wartortle|def|1
|-unboost|p1a: Wartortle|spd|1
|-boost|p1a: Wartortle|atk|2
|-boost|p1a: Wartortle|spa|2
|-boost|p1a: Wartortle|spe|2
|
|upkeep
|turn|2
|
|t:|1776085796
|move|p1a: Wartortle|Blizzard|p2a: Zapdos|[miss]
|-miss|p1a: Wartortle|p2a: Zapdos
|move|p2a: Zapdos|Discharge|p1a: Wartortle
|-supereffective|p1a: Wartortle
|-enditem|p1a: Wartortle|Focus Sash
|-damage|p1a: Wartortle|1/100
|-status|p1a: Wartortle|par
|
|upkeep
|turn|3
|
|t:|1776085805
|move|p2a: Zapdos|Volt Switch|p1a: Wartortle
|-supereffective|p1a: Wartortle
|-damage|p1a: Wartortle|0 fnt
|faint|p1a: Wartortle
|c|☆P0TenS|:D
|
|t:|1776085816
|switch|p2a: Blaziken|Blaziken, M|100/100|[from] Volt Switch
|
|upkeep
|
|t:|1776085822
|switch|p1a: Furret|Furret, F|100/100
|-item|p2a: Blaziken|Punching Glove|[from] ability: Frisk|[of] p1a: Furret
|turn|4
|
|t:|1776085839
|switch|p2a: Primarina|Primarina, M|100/100
|move|p1a: Furret|Tidy Up|p1a: Furret
|-boost|p1a: Furret|atk|1
|-boost|p1a: Furret|spe|1
|
|upkeep
|turn|5
|
|t:|1776085848
|move|p1a: Furret|Last Resort|p2a: Primarina
|-damage|p2a: Primarina|0 fnt
|faint|p2a: Primarina
|-damage|p1a: Furret|91/100|[from] item: Life Orb
|
|upkeep
|c|☆P0TenS|lmao
|
|t:|1776085856
|switch|p2a: Dragapult|Dragapult, F|100/100
|turn|6
|c|☆luketheidiot|:D
|
|t:|1776085864
|switch|p1a: Hitmontop|Hitmontop, M, shiny|100/100
|-ability|p1a: Hitmontop|Intimidate|boost
|-unboost|p2a: Dragapult|atk|1
|move|p2a: Dragapult|Will-O-Wisp|p1a: Hitmontop|[miss]
|-miss|p2a: Dragapult|p1a: Hitmontop
|
|upkeep
|turn|7
|
|t:|1776085872
|move|p2a: Dragapult|U-turn|p1a: Hitmontop
|-resisted|p1a: Hitmontop
|-damage|p1a: Hitmontop|91/100
|
|t:|1776085880
|switch|p2a: Zapdos|Zapdos|100/100|[from] U-turn
|move|p1a: Hitmontop|Bulk Up|p1a: Hitmontop
|-boost|p1a: Hitmontop|atk|1
|-boost|p1a: Hitmontop|def|1
|
|upkeep
|turn|8
|
|t:|1776085889
|move|p2a: Zapdos|Hurricane|p1a: Hitmontop
|-supereffective|p1a: Hitmontop
|-damage|p1a: Hitmontop|0 fnt
|faint|p1a: Hitmontop
|
|upkeep
|
|t:|1776085895
|switch|p1a: Pikachu|Pikachu-Original, M|100/100
|turn|9
|
|t:|1776085908
|switch|p2a: Clodsire|Clodsire, M|100/100
|move|p1a: Pikachu|Fake Out|p2a: Clodsire
|-damage|p2a: Clodsire|87/100
|
|upkeep
|turn|10
|
|t:|1776085917
|move|p1a: Pikachu|Grass Knot|p2a: Clodsire
|-damage|p2a: Clodsire|61/100
|move|p2a: Clodsire|Toxic|p1a: Pikachu
|-status|p1a: Pikachu|tox
|
|-damage|p1a: Pikachu|94/100 tox|[from] psn
|upkeep
|turn|11
|
|t:|1776085923
|move|p1a: Pikachu|Surf|p2a: Clodsire
|-supereffective|p2a: Clodsire
|-damage|p2a: Clodsire|27/100
|move|p2a: Clodsire|Recover|p2a: Clodsire
|-heal|p2a: Clodsire|77/100
|
|-damage|p1a: Pikachu|82/100 tox|[from] psn
|upkeep
|turn|12
|
|t:|1776085930
|switch|p1a: Cyndaquil|Cyndaquil, M|100/100
|move|p2a: Clodsire|Recover|p2a: Clodsire
|-heal|p2a: Clodsire|100/100
|
|upkeep
|turn|13
|
|t:|1776085936
|move|p1a: Cyndaquil|Smokescreen|p2a: Clodsire
|-unboost|p2a: Clodsire|accuracy|1
|move|p2a: Clodsire|Earthquake|p1a: Cyndaquil
|-supereffective|p1a: Cyndaquil
|-enditem|p1a: Cyndaquil|Focus Sash
|-damage|p1a: Cyndaquil|1/100
|
|upkeep
|turn|14
|
|t:|1776085944
|move|p1a: Cyndaquil|Will-O-Wisp|p2a: Clodsire
|-status|p2a: Clodsire|brn
|move|p2a: Clodsire|Stealth Rock|p1a: Cyndaquil
|-sidestart|p1: luketheidiot|move: Stealth Rock
|
|-damage|p2a: Clodsire|94/100 brn|[from] brn
|upkeep
|turn|15
|
|t:|1776085952
|move|p1a: Cyndaquil|Smokescreen|p2a: Clodsire
|-unboost|p2a: Clodsire|accuracy|1
|move|p2a: Clodsire|Toxic|p1a: Cyndaquil
|-status|p1a: Cyndaquil|tox
|
|-damage|p1a: Cyndaquil|0 fnt|[from] psn
|faint|p1a: Cyndaquil
|-damage|p2a: Clodsire|88/100 brn|[from] brn
|upkeep
|
|t:|1776085958
|switch|p1a: Furret|Furret, F|91/100
|-damage|p1a: Furret|78/100|[from] Stealth Rock
|-item|p2a: Clodsire|Heavy-Duty Boots|[from] ability: Frisk|[of] p1a: Furret
|turn|16
|
|t:|1776085980
|move|p1a: Furret|Tidy Up|p1a: Furret
|-sideend|p1: luketheidiot|Stealth Rock
|-activate|p1a: Furret|move: Tidy Up
|-boost|p1a: Furret|atk|1
|-boost|p1a: Furret|spe|1
|move|p2a: Clodsire|Toxic|p1a: Furret
|-status|p1a: Furret|tox
|
|-damage|p1a: Furret|72/100 tox|[from] psn
|-damage|p2a: Clodsire|82/100 brn|[from] brn
|upkeep
|turn|17
|
|t:|1776085990
|switch|p2a: Dragapult|Dragapult, F|100/100
|move|p1a: Furret|Last Resort|p2a: Dragapult
|-immune|p2a: Dragapult
|
|-damage|p1a: Furret|60/100 tox|[from] psn
|upkeep
|turn|18
|
|t:|1776086001
|move|p1a: Furret|Last Resort|p2a: Dragapult
|-immune|p2a: Dragapult
|move|p2a: Dragapult|Will-O-Wisp||[still]
|-fail|p2a: Dragapult
|
|-damage|p1a: Furret|42/100 tox|[from] psn
|upkeep
|turn|19
|
|t:|1776086008
|move|p1a: Furret|Last Resort|p2a: Dragapult
|-immune|p2a: Dragapult
|move|p2a: Dragapult|Will-O-Wisp||[still]
|-fail|p2a: Dragapult
|
|-damage|p1a: Furret|17/100 tox|[from] psn
|upkeep
|turn|20
|
|t:|1776086015
|move|p1a: Furret|Last Resort|p2a: Dragapult
|-immune|p2a: Dragapult
|move|p2a: Dragapult|Will-O-Wisp||[still]
|-fail|p2a: Dragapult
|
|-damage|p1a: Furret|0 fnt|[from] psn
|faint|p1a: Furret
|upkeep
|
|t:|1776086017
|switch|p1a: Vivillon|Vivillon-Archipelago, F|100/100
|turn|21
|c|☆P0TenS|:D
|
|t:|1776086025
|move|p2a: Dragapult|Will-O-Wisp|p1a: Vivillon|[miss]
|-miss|p2a: Dragapult|p1a: Vivillon
|move|p1a: Vivillon|Quiver Dance|p1a: Vivillon
|-boost|p1a: Vivillon|spa|1
|-boost|p1a: Vivillon|spd|1
|-boost|p1a: Vivillon|spe|1
|
|upkeep
|turn|22
|
|t:|1776086034
|move|p1a: Vivillon|Quiver Dance|p1a: Vivillon
|-boost|p1a: Vivillon|spa|1
|-boost|p1a: Vivillon|spd|1
|-boost|p1a: Vivillon|spe|1
|move|p2a: Dragapult|Will-O-Wisp|p1a: Vivillon
|-status|p1a: Vivillon|brn
|
|-damage|p1a: Vivillon|95/100 brn|[from] brn
|upkeep
|turn|23
|
|t:|1776086059
|switch|p2a: Zapdos|Zapdos|100/100
|move|p1a: Vivillon|Hurricane|p2a: Zapdos
|-resisted|p2a: Zapdos
|-damage|p2a: Zapdos|60/100
|
|-damage|p1a: Vivillon|89/100 brn|[from] brn
|upkeep
|turn|24
|c|☆P0TenS|this may be an issue ngl
|
|t:|1776086074
|-terastallize|p1a: Vivillon|Ground
|move|p1a: Vivillon|Quiver Dance|p1a: Vivillon
|-boost|p1a: Vivillon|spa|1
|-boost|p1a: Vivillon|spd|1
|-boost|p1a: Vivillon|spe|1
|move|p2a: Zapdos|Roost|p2a: Zapdos
|-heal|p2a: Zapdos|100/100
|-singleturn|p2a: Zapdos|move: Roost
|
|-damage|p1a: Vivillon|83/100 brn|[from] brn
|upkeep
|turn|25
|
|t:|1776086086
|move|p1a: Vivillon|Hurricane|p2a: Zapdos
|-resisted|p2a: Zapdos
|-damage|p2a: Zapdos|47/100
|move|p2a: Zapdos|Hurricane|p1a: Vivillon
|-damage|p1a: Vivillon|44/100 brn
|
|-damage|p1a: Vivillon|38/100 brn|[from] brn
|upkeep
|turn|26
|
|t:|1776086097
|move|p1a: Vivillon|Hurricane|p2a: Zapdos
|-resisted|p2a: Zapdos
|-damage|p2a: Zapdos|0 fnt
|faint|p2a: Zapdos
|
|-damage|p1a: Vivillon|32/100 brn|[from] brn
|upkeep
|
|t:|1776086104
|switch|p2a: Weavile|Weavile, F|100/100
|-ability|p2a: Weavile|Pressure
|turn|27
|
|t:|1776086108
|move|p2a: Weavile|Ice Shard|p1a: Vivillon
|-supereffective|p1a: Vivillon
|-damage|p1a: Vivillon|0 fnt
|faint|p1a: Vivillon
|
|upkeep
|c|☆P0TenS|chillin
|-message|luketheidiot forfeited.
|
|win|P0TenS
|raw|luketheidiot's rating: 1134 &rarr; <strong>1108</strong><br />(-26 for losing)
|raw|P0TenS's rating: 1125 &rarr; <strong>1151</strong><br />(+26 for winning)
|l|☆luketheidiot
|player|p1|
|l| ohko_smeargle
|c|☆P0TenS|ggs bro
|c|☆P0TenS|fun match
|l|☆P0TenS
|player|p2|
