|html|<div class="broadcast-blue"><strong>[Gen 9] OU is currently suspecting Tera Blast! For information on how to participate check out the <a href="https://www.smogon.com/tools/suspects/view/200">suspect thread</a>.</strong></div>
|j|☆tbw114514
|j|☆dengo dollars
|t:|1776078125
|gametype|singles
|player|p1|tbw114514|266|1550
|player|p2|dengo dollars|sage|1539
|gen|9
|tier|[Gen 9] OU
|rated|
|rule|HP Percentage Mod: HP is shown in percentages
|rule|Endless Battle Clause: Forcing endless battles is banned
|rule|Species Clause: Limit one of each Pokémon
|rule|OHKO Clause: OHKO moves are banned
|rule|Evasion Items Clause: Evasion items are banned
|rule|Evasion Moves Clause: Evasion moves are banned
|rule|Evasion Abilities Clause: Evasion abilities are banned
|rule|Sleep Moves Clause: Sleep-inducing moves are banned
|clearpoke
|poke|p1|Tyranitar, F|
|poke|p1|Keldeo-Resolute|
|poke|p1|Heatran, F|
|poke|p1|Excadrill, M|
|poke|p1|Vileplume, F|
|poke|p1|Moltres|
|poke|p2|Rillaboom, F|
|poke|p2|Serperior, F|
|poke|p2|Heatran, F|
|poke|p2|Raging Bolt|
|poke|p2|Ogerpon-Wellspring, F|
|poke|p2|Great Tusk|
|teampreview
|
|t:|1776078174
|teamsize|p1|6
|teamsize|p2|6
|start
|switch|p1a: 大烧鸡罢|Moltres|100/100
|switch|p2a: Rillaboom|Rillaboom, F|100/100
|-fieldstart|move: Grassy Terrain|[from] ability: Grassy Surge|[of] p2a: Rillaboom
|turn|1
|inactive|Battle timer is ON: inactive players will automatically lose when time's up. (requested by tbw114514)
|
|t:|1776078182
|move|p2a: Rillaboom|Knock Off|p1a: 大烧鸡罢
|-damage|p1a: 大烧鸡罢|75/100
|-enditem|p1a: 大烧鸡罢|Heavy-Duty Boots|[from] move: Knock Off|[of] p2a: Rillaboom
|move|p1a: 大烧鸡罢|U-turn|p2a: Rillaboom
|-supereffective|p2a: Rillaboom
|-damage|p2a: Rillaboom|68/100
|
|t:|1776078200
|switch|p1a: 肛炎巨受|Heatran, F|100/100|[from] U-turn
|
|-heal|p2a: Rillaboom|75/100|[from] Grassy Terrain
|upkeep
|turn|2
|
|t:|1776078208
|switch|p2a: Ogerpon|Ogerpon-Wellspring, F|100/100
|move|p1a: 肛炎巨受|Stealth Rock|p2a: Ogerpon
|-sidestart|p2: dengo dollars|move: Stealth Rock
|
|upkeep
|turn|3
|
|t:|1776078213
|switch|p2a: Heatran|Heatran, F|100/100
|-damage|p2a: Heatran|88/100|[from] Stealth Rock
|switch|p1a: 外翻玫瑰|Vileplume, F|100/100
|
|-heal|p2a: Heatran|94/100|[from] Grassy Terrain
|-heal|p2a: Heatran|100/100|[from] item: Leftovers
|upkeep
|turn|4
|
|t:|1776078219
|switch|p1a: 云宝我要进来了哦|Keldeo-Resolute|100/100
|move|p2a: Heatran|Stealth Rock|p1a: 云宝我要进来了哦
|-sidestart|p1: tbw114514|move: Stealth Rock
|
|upkeep
|turn|5
|
|t:|1776078231
|switch|p2a: Serperior|Serperior, F|100/100
|-damage|p2a: Serperior|88/100|[from] Stealth Rock
|move|p1a: 云宝我要进来了哦|Secret Sword|p2a: Serperior
|-damage|p2a: Serperior|14/100
|
|-heal|p2a: Serperior|20/100|[from] Grassy Terrain
|upkeep
|turn|6
|
|t:|1776078245
|switch|p1a: 外翻玫瑰|Vileplume, F|100/100
|move|p2a: Serperior|Glare|p1a: 外翻玫瑰
|-status|p1a: 外翻玫瑰|par
|
|-heal|p2a: Serperior|26/100|[from] Grassy Terrain
|upkeep
|turn|7
|
|t:|1776078251
|switch|p2a: Heatran|Heatran, F|100/100
|-damage|p2a: Heatran|88/100|[from] Stealth Rock
|cant|p1a: 外翻玫瑰|par
|
|-heal|p2a: Heatran|94/100|[from] Grassy Terrain
|-heal|p2a: Heatran|100/100|[from] item: Leftovers
|upkeep
|turn|8
|
|t:|1776078259
|switch|p1a: 肛炎巨受|Heatran, F|100/100
|-damage|p1a: 肛炎巨受|88/100|[from] Stealth Rock
|move|p2a: Heatran|Earth Power|p1a: 肛炎巨受
|-supereffective|p1a: 肛炎巨受
|-damage|p1a: 肛炎巨受|17/100
|-unboost|p1a: 肛炎巨受|spd|1
|
|-heal|p1a: 肛炎巨受|23/100|[from] Grassy Terrain
|-heal|p1a: 肛炎巨受|29/100|[from] item: Leftovers
|-fieldend|move: Grassy Terrain
|upkeep
|turn|9
|
|t:|1776078267
|move|p2a: Heatran|Earth Power|p1a: 肛炎巨受
|-supereffective|p1a: 肛炎巨受
|-damage|p1a: 肛炎巨受|0 fnt
|faint|p1a: 肛炎巨受
|
|upkeep
|
|t:|1776078270
|switch|p1a: 听话，让我看看|Tyranitar, F|100/100
|-damage|p1a: 听话，让我看看|88/100|[from] Stealth Rock
|-weather|Sandstorm|[from] ability: Sand Stream|[of] p1a: 听话，让我看看
|turn|10
|
|t:|1776078274
|switch|p2a: Great Tusk|Great Tusk|100/100
|move|p1a: 听话，让我看看|Low Kick|p2a: Great Tusk
|-damage|p2a: Great Tusk|48/100
|
|-weather|Sandstorm|[upkeep]
|upkeep
|turn|11
|
|t:|1776078282
|switch|p1a: 外翻玫瑰|Vileplume, F|100/100 par
|move|p2a: Great Tusk|Headlong Rush|p1a: 外翻玫瑰
|-damage|p1a: 外翻玫瑰|45/100 par
|-unboost|p2a: Great Tusk|def|1
|-unboost|p2a: Great Tusk|spd|1
|-status|p2a: Great Tusk|par|[from] ability: Effect Spore|[of] p1a: 外翻玫瑰
|
|-weather|Sandstorm|[upkeep]
|-damage|p1a: 外翻玫瑰|38/100 par|[from] Sandstorm
|upkeep
|turn|12
|
|t:|1776078290
|move|p2a: Great Tusk|Headlong Rush|p1a: 外翻玫瑰
|-damage|p1a: 外翻玫瑰|0 fnt
|-unboost|p2a: Great Tusk|def|1
|-unboost|p2a: Great Tusk|spd|1
|faint|p1a: 外翻玫瑰
|
|-weather|Sandstorm|[upkeep]
|upkeep
|
|t:|1776078295
|switch|p1a: 云宝我要进来了哦|Keldeo-Resolute|100/100
|-damage|p1a: 云宝我要进来了哦|94/100|[from] Stealth Rock
|turn|13
|
|t:|1776078301
|move|p1a: 云宝我要进来了哦|Secret Sword|p2a: Great Tusk
|-damage|p2a: Great Tusk|0 fnt
|faint|p2a: Great Tusk
|-end|p2a: Great Tusk|Protosynthesis|[silent]
|
|-weather|Sandstorm|[upkeep]
|-damage|p1a: 云宝我要进来了哦|88/100|[from] Sandstorm
|upkeep
|
|t:|1776078303
|switch|p2a: Rillaboom|Rillaboom, F|75/100
|-damage|p2a: Rillaboom|62/100|[from] Stealth Rock
|-fieldstart|move: Grassy Terrain|[from] ability: Grassy Surge|[of] p2a: Rillaboom
|turn|14
|
|t:|1776078313
|switch|p1a: 大烧鸡罢|Moltres|75/100
|-damage|p1a: 大烧鸡罢|25/100|[from] Stealth Rock
|move|p2a: Rillaboom|Grassy Glide|p1a: 大烧鸡罢
|-resisted|p1a: 大烧鸡罢
|-damage|p1a: 大烧鸡罢|18/100
|
|-weather|none
|-heal|p2a: Rillaboom|68/100|[from] Grassy Terrain
|upkeep
|turn|15
|
|t:|1776078321
|switch|p2a: Heatran|Heatran, F|100/100
|-damage|p2a: Heatran|88/100|[from] Stealth Rock
|move|p1a: 大烧鸡罢|Roost|p1a: 大烧鸡罢
|-heal|p1a: 大烧鸡罢|68/100
|-singleturn|p1a: 大烧鸡罢|move: Roost
|
|-heal|p2a: Heatran|94/100|[from] Grassy Terrain
|-heal|p2a: Heatran|100/100|[from] item: Leftovers
|-heal|p1a: 大烧鸡罢|75/100|[from] Grassy Terrain
|upkeep
|turn|16
|
|t:|1776078325
|move|p2a: Heatran|Magma Storm|p1a: 大烧鸡罢
|-resisted|p1a: 大烧鸡罢
|-damage|p1a: 大烧鸡罢|53/100
|-activate|p1a: 大烧鸡罢|move: Magma Storm|[of] p2a: Heatran
|move|p1a: 大烧鸡罢|U-turn|p2a: Heatran
|-resisted|p2a: Heatran
|-damage|p2a: Heatran|97/100
|
|t:|1776078332
|switch|p1a: 云宝我要进来了哦|Keldeo-Resolute|88/100|[from] U-turn
|-damage|p1a: 云宝我要进来了哦|82/100|[from] Stealth Rock
|
|-heal|p1a: 云宝我要进来了哦|88/100|[from] Grassy Terrain
|-heal|p2a: Heatran|100/100|[from] Grassy Terrain
|upkeep
|turn|17
|
|t:|1776078345
|switch|p2a: Serperior|Serperior, F|26/100
|-damage|p2a: Serperior|14/100|[from] Stealth Rock
|move|p1a: 云宝我要进来了哦|Secret Sword|p2a: Serperior
|-damage|p2a: Serperior|0 fnt
|faint|p2a: Serperior
|
|-heal|p1a: 云宝我要进来了哦|94/100|[from] Grassy Terrain
|upkeep
|
|t:|1776078349
|switch|p2a: Ogerpon|Ogerpon-Wellspring, F|100/100
|-damage|p2a: Ogerpon|88/100|[from] Stealth Rock
|turn|18
|
|t:|1776078355
|switch|p1a: 听话，让我看看|Tyranitar, F|88/100
|-damage|p1a: 听话，让我看看|76/100|[from] Stealth Rock
|-weather|Sandstorm|[from] ability: Sand Stream|[of] p1a: 听话，让我看看
|move|p2a: Ogerpon|Power Whip|p1a: 听话，让我看看
|-supereffective|p1a: 听话，让我看看
|-damage|p1a: 听话，让我看看|0 fnt
|faint|p1a: 听话，让我看看
|
|-weather|Sandstorm|[upkeep]
|-damage|p2a: Ogerpon|82/100|[from] Sandstorm
|-heal|p2a: Ogerpon|88/100|[from] Grassy Terrain
|upkeep
|
|t:|1776078373
|switch|p1a: moleman|Excadrill, M|100/100
|-damage|p1a: moleman|97/100|[from] Stealth Rock
|turn|19
|
|t:|1776078377
|move|p1a: moleman|Rock Slide|p2a: Ogerpon
|-damage|p2a: Ogerpon|49/100
|move|p2a: Ogerpon|Ivy Cudgel|p1a: moleman|[anim] Ivy Cudgel Water
|-supereffective|p1a: moleman
|-damage|p1a: moleman|0 fnt
|faint|p1a: moleman
|
|-weather|Sandstorm|[upkeep]
|-damage|p2a: Ogerpon|43/100|[from] Sandstorm
|-heal|p2a: Ogerpon|49/100|[from] Grassy Terrain
|upkeep
|-message|tbw114514 forfeited.
|
|win|dengo dollars
|raw|tbw114514's rating: 1550 &rarr; <strong>1529</strong><br />(-21 for losing)
|raw|dengo dollars's rating: 1539 &rarr; <strong>1560</strong><br />(+21 for winning)
|l|☆tbw114514
|player|p1|
|l|☆dengo dollars
|player|p2|
