|html|<div class="broadcast-blue"><strong>[Gen 9] OU is currently suspecting Tera Blast! For information on how to participate check out the <a href="https://www.smogon.com/tools/suspects/view/200">suspect thread</a>.</strong></div>
|j|☆nhmoula
|j|☆diosleon
|t:|1776040107
|gametype|singles
|player|p1|nhmoula|lyra|1183
|player|p2|diosleon|hiker-gen4|1228
|gen|9
|tier|[Gen 9] OU
|rated|
|rule|HP Percentage Mod: HP is shown in percentages
|rule|Endless Battle Clause: Forcing endless battles is banned
|rule|Species Clause: Limit one of each Pokémon
|rule|OHKO Clause: OHKO moves are banned
|rule|Evasion Items Clause: Evasion items are banned
|rule|Evasion Moves Clause: Evasion moves are banned
|rule|Evasion Abilities Clause: Evasion abilities are banned
|rule|Sleep Moves Clause: Sleep-inducing moves are banned
|clearpoke
|poke|p1|Pikachu, M|
|poke|p1|Gliscor, M|
|poke|p1|Azumarill, F|
|poke|p1|Ceruledge, F|
|poke|p1|Excadrill, M|
|poke|p1|Tyranitar, M|
|poke|p2|Kyurem|
|poke|p2|Landorus-Therian, M|
|poke|p2|Ogerpon-Wellspring, F|
|poke|p2|Darkrai|
|poke|p2|Raging Bolt|
|poke|p2|Iron Treads|
|teampreview
|j| ohko_smeargle
|
|t:|1776040115
|teamsize|p1|6
|teamsize|p2|6
|start
|switch|p1a: gozila|Tyranitar, M|100/100
|switch|p2a: VICENTE|Darkrai|100/100
|-weather|Sandstorm|[from] ability: Sand Stream|[of] p1a: gozila
|turn|1
|
|t:|1776040123
|move|p2a: VICENTE|Trick|p1a: gozila
|-activate|p2a: VICENTE|move: Trick|[of] p1a: gozila
|-item|p1a: gozila|Choice Specs|[from] move: Trick
|-item|p2a: VICENTE|Smooth Rock|[from] move: Trick
|move|p1a: gozila|Knock Off|p2a: VICENTE
|-resisted|p2a: VICENTE
|-damage|p2a: VICENTE|61/100
|-enditem|p2a: VICENTE|Smooth Rock|[from] move: Knock Off|[of] p1a: gozila
|
|-weather|Sandstorm|[upkeep]
|-damage|p2a: VICENTE|55/100|[from] Sandstorm
|upkeep
|turn|2
|
|t:|1776040133
|move|p2a: VICENTE|Sludge Bomb|p1a: gozila
|-resisted|p1a: gozila
|-damage|p1a: gozila|89/100
|-status|p1a: gozila|psn
|move|p1a: gozila|Knock Off|p2a: VICENTE
|-resisted|p2a: VICENTE
|-damage|p2a: VICENTE|31/100
|
|-weather|Sandstorm|[upkeep]
|-damage|p2a: VICENTE|25/100|[from] Sandstorm
|-damage|p1a: gozila|76/100 psn|[from] psn
|upkeep
|turn|3
|
|t:|1776040144
|switch|p2a: MARIANA|Ogerpon-Wellspring, F|100/100
|move|p1a: gozila|Knock Off|p2a: MARIANA
|-damage|p2a: MARIANA|55/100
|
|-weather|Sandstorm|[upkeep]
|-damage|p2a: MARIANA|49/100|[from] Sandstorm
|-damage|p1a: gozila|64/100 psn|[from] psn
|upkeep
|turn|4
|
|t:|1776040152
|move|p2a: MARIANA|Ivy Cudgel|p1a: gozila|[anim] Ivy Cudgel Water
|-supereffective|p1a: gozila
|-damage|p1a: gozila|0 fnt
|faint|p1a: gozila
|
|-weather|Sandstorm|[upkeep]
|-damage|p2a: MARIANA|43/100|[from] Sandstorm
|upkeep
|
|t:|1776040159
|switch|p1a: Hermano juan|Excadrill, M|100/100
|turn|5
|
|t:|1776040165
|move|p1a: Hermano juan|Earthquake|p2a: MARIANA
|-resisted|p2a: MARIANA
|-damage|p2a: MARIANA|6/100
|move|p2a: MARIANA|Ivy Cudgel|p1a: Hermano juan|[anim] Ivy Cudgel Water
|-supereffective|p1a: Hermano juan
|-damage|p1a: Hermano juan|0 fnt
|faint|p1a: Hermano juan
|
|-weather|Sandstorm|[upkeep]
|-damage|p2a: MARIANA|0 fnt|[from] Sandstorm
|faint|p2a: MARIANA
|upkeep
|
|t:|1776040179
|switch|p2a: GUINDOLA|Raging Bolt|100/100
|switch|p1a: Lil bro|Gliscor, M|100/100
|-enditem|p2a: GUINDOLA|Booster Energy
|-activate|p2a: GUINDOLA|ability: Protosynthesis|[fromitem]
|-start|p2a: GUINDOLA|protosynthesisspa
|turn|6
|
|t:|1776040185
|move|p1a: Lil bro|Knock Off|p2a: GUINDOLA
|-damage|p2a: GUINDOLA|88/100
|move|p2a: GUINDOLA|Dragon Pulse|p1a: Lil bro
|-damage|p1a: Lil bro|25/100
|
|-weather|Sandstorm|[upkeep]
|-damage|p2a: GUINDOLA|82/100|[from] Sandstorm
|-status|p1a: Lil bro|tox|[from] item: Toxic Orb
|upkeep
|turn|7
|
|t:|1776040193
|move|p1a: Lil bro|Protect|p1a: Lil bro
|-singleturn|p1a: Lil bro|Protect
|move|p2a: GUINDOLA|Calm Mind|p2a: GUINDOLA
|-boost|p2a: GUINDOLA|spa|1
|-boost|p2a: GUINDOLA|spd|1
|
|-weather|Sandstorm|[upkeep]
|-damage|p2a: GUINDOLA|75/100|[from] Sandstorm
|-heal|p1a: Lil bro|38/100 tox|[from] ability: Poison Heal
|upkeep
|turn|8
|
|t:|1776040202
|move|p1a: Lil bro|Toxic|p2a: GUINDOLA
|-status|p2a: GUINDOLA|tox
|move|p2a: GUINDOLA|Dragon Pulse|p1a: Lil bro
|-damage|p1a: Lil bro|0 fnt
|faint|p1a: Lil bro
|
|-weather|none
|-damage|p2a: GUINDOLA|69/100 tox|[from] psn
|upkeep
|
|t:|1776040209
|switch|p1a: useless boy|Ceruledge, F|100/100
|turn|9
|
|t:|1776040213
|move|p1a: useless boy|Swords Dance|p1a: useless boy
|-boost|p1a: useless boy|atk|2
|move|p2a: GUINDOLA|Thunderbolt|p1a: useless boy
|-enditem|p1a: useless boy|Focus Sash
|-damage|p1a: useless boy|1/100
|
|-damage|p2a: GUINDOLA|57/100 tox|[from] psn
|upkeep
|turn|10
|
|t:|1776040227
|move|p2a: GUINDOLA|Thunderclap|p1a: useless boy
|-damage|p1a: useless boy|0 fnt
|faint|p1a: useless boy
|
|-damage|p2a: GUINDOLA|38/100 tox|[from] psn
|upkeep
|
|t:|1776040232
|switch|p1a: Big burger|Azumarill, F|100/100
|turn|11
|
|t:|1776040235
|move|p1a: Big burger|Aqua Jet|p2a: GUINDOLA
|-resisted|p2a: GUINDOLA
|-damage|p2a: GUINDOLA|28/100 tox
|move|p2a: GUINDOLA|Thunderbolt|p1a: Big burger
|-supereffective|p1a: Big burger
|-damage|p1a: Big burger|0 fnt
|faint|p1a: Big burger
|
|-damage|p2a: GUINDOLA|3/100 tox|[from] psn
|upkeep
|
|t:|1776040243
|switch|p1a: THE HONORED ONE|Pikachu, M|100/100
|turn|12
|-message|nhmoula forfeited.
|
|win|diosleon
|raw|nhmoula's rating: 1183 &rarr; <strong>1161</strong><br />(-22 for losing)
|raw|diosleon's rating: 1228 &rarr; <strong>1250</strong><br />(+22 for winning)
|l|☆nhmoula
|player|p1|
|l| ohko_smeargle
|l|☆diosleon
|player|p2|
