|j|☆encore21768768
|j|☆Abyssal Bot
|t:|1776245289
|gametype|singles
|player|p1|encore21768768|265|
|player|p2|Abyssal Bot|supernerd|
|teamsize|p1|6
|teamsize|p2|6
|gen|9
|tier|[Gen 9] OU
|rule|Species Clause: Limit one of each Pokémon
|rule|OHKO Clause: OHKO moves are banned
|rule|Evasion Items Clause: Evasion items are banned
|rule|Evasion Moves Clause: Evasion moves are banned
|rule|Endless Battle Clause: Forcing endless battles is banned
|rule|HP Percentage Mod: HP is shown in percentages
|rule|Sleep Moves Clause: Sleep-inducing moves are banned
|clearpoke
|poke|p1|Volcanion|
|poke|p1|Polteageist|
|poke|p1|Kingdra, M|
|poke|p1|Scrafty, F|
|poke|p1|Raging Bolt|
|poke|p1|Great Tusk|
|poke|p2|Gliscor, M|
|poke|p2|Alomomola, F|
|poke|p2|Gholdengo|
|poke|p2|Hoopa-Unbound|
|poke|p2|Cinderace, M|
|poke|p2|Zamazenta-*|
|teampreview
|c|☆Abyssal Bot|Good Luck and Have Fun my Friend!
|inactive|Battle timer is ON: inactive players will automatically lose when time's up. (requested by Abyssal Bot)
|j|*Turbo Bottttt
|
|t:|1776245298
|start
|switch|p1a: Polteageist|Polteageist|100/100
|switch|p2a: Zamazenta|Zamazenta|100/100
|-ability|p2a: Zamazenta|Dauntless Shield|boost
|-boost|p2a: Zamazenta|def|1
|turn|1
|
|t:|1776245301
|switch|p2a: Hoopa|Hoopa-Unbound|100/100
|move|p1a: Polteageist|Shell Smash|p1a: Polteageist
|-unboost|p1a: Polteageist|def|1
|-unboost|p1a: Polteageist|spd|1
|-boost|p1a: Polteageist|atk|2
|-boost|p1a: Polteageist|spa|2
|-boost|p1a: Polteageist|spe|2
|
|upkeep
|turn|2
|
|t:|1776245308
|move|p1a: Polteageist|Hyper Beam|p2a: Hoopa
|-damage|p2a: Hoopa|53/100
|-mustrecharge|p1a: Polteageist
|move|p2a: Hoopa|Knock Off|p1a: Polteageist
|-supereffective|p1a: Polteageist
|-damage|p1a: Polteageist|0
|-enditem|p1a: Polteageist|Heavy-Duty Boots|[from] move: Knock Off|[of] p2a: Hoopa
|faint|p1a: Polteageist
|
|upkeep
|inactive|encore21768768 has 270 seconds left.
|
|t:|1776245341
|switch|p1a: Scrafty|Scrafty, F|100/100
|turn|3
|
|t:|1776245343
|move|p2a: Hoopa|Gunk Shot|p1a: Scrafty|[miss]
|-miss|p2a: Hoopa|p1a: Scrafty
|move|p1a: Scrafty|Rain Dance|p1a: Scrafty
|-weather|Rain Dance
|
|-weather|Rain Dance|[upkeep]
|upkeep
|turn|4
|c|☆Abyssal Bot|;-;
|
|t:|1776245346
|move|p2a: Hoopa|Gunk Shot|p1a: Scrafty
|-damage|p1a: Scrafty|65/100
|move|p1a: Scrafty|Bulk Up|p1a: Scrafty
|-boost|p1a: Scrafty|atk|1
|-boost|p1a: Scrafty|def|1
|
|-weather|Rain Dance|[upkeep]
|upkeep
|turn|5
|
|t:|1776245347
|move|p2a: Hoopa|Thunderbolt|p1a: Scrafty
|-damage|p1a: Scrafty|42/100
|move|p1a: Scrafty|Drain Punch|p2a: Hoopa
|-crit|p2a: Hoopa
|-damage|p2a: Hoopa|0
|-heal|p1a: Scrafty|71/100|[from] drain|[of] p2a: Hoopa
|faint|p2a: Hoopa
|
|-weather|Rain Dance|[upkeep]
|upkeep
|c|☆Abyssal Bot|Oh crap, that crit...
|
|t:|1776245347
|switch|p2a: Zamazenta|Zamazenta|100/100
|turn|6
|
|t:|1776245351
|switch|p1a: Volcanion|Volcanion|100/100
|move|p2a: Zamazenta|Body Press|p1a: Volcanion
|-damage|p1a: Volcanion|77/100
|
|-weather|Rain Dance|[upkeep]
|upkeep
|turn|7
|
|t:|1776245353
|switch|p2a: Alomomola|Alomomola, F|100/100
|move|p1a: Volcanion|Will-O-Wisp|p2a: Alomomola
|-status|p2a: Alomomola|brn
|
|-weather|Rain Dance|[upkeep]
|-damage|p2a: Alomomola|94/100 brn|[from] brn|[of] p1a: Volcanion
|upkeep
|turn|8
|
|t:|1776245360
|switch|p1a: Raging Bolt|Raging Bolt|100/100
|move|p2a: Alomomola|Protect||[still]
|-fail|p2a: Alomomola
|
|-weather|Rain Dance|[upkeep]
|-damage|p2a: Alomomola|88/100 brn|[from] brn|[of] p1: Volcanion
|upkeep
|turn|9
|
|t:|1776245362
|switch|p2a: Gliscor|Gliscor, M|100/100
|move|p1a: Raging Bolt|Weather Ball|p2a: Gliscor
|-supereffective|p2a: Gliscor
|-damage|p2a: Gliscor|0
|faint|p2a: Gliscor
|
|-weather|Rain Dance|[upkeep]
|upkeep
|
|t:|1776245362
|switch|p2a: Gholdengo|Gholdengo|100/100
|turn|10
|
|t:|1776245367
|move|p2a: Gholdengo|Shadow Ball|p1a: Raging Bolt
|-damage|p1a: Raging Bolt|65/100
|move|p1a: Raging Bolt|Weather Ball|p2a: Gholdengo
|-damage|p2a: Gholdengo|16/100
|
|-weather|none
|upkeep
|turn|11
|
|t:|1776245376
|-end|p1a: Raging Bolt|Protosynthesis|[silent]
|switch|p1a: Scrafty|Scrafty, F|71/100
|move|p2a: Gholdengo|Shadow Ball|p1a: Scrafty
|-resisted|p1a: Scrafty
|-damage|p1a: Scrafty|56/100
|
|upkeep
|turn|12
|
|t:|1776245378
|move|p2a: Gholdengo|Shadow Ball|p1a: Scrafty
|-resisted|p1a: Scrafty
|-damage|p1a: Scrafty|43/100
|-unboost|p1a: Scrafty|spd|1
|move|p1a: Scrafty|Rain Dance|p1a: Scrafty
|-weather|Rain Dance
|
|-weather|Rain Dance|[upkeep]
|upkeep
|turn|13
|
|t:|1776245386
|move|p2a: Gholdengo|Shadow Ball|p1a: Scrafty
|-resisted|p1a: Scrafty
|-damage|p1a: Scrafty|22/100
|move|p1a: Scrafty|Crunch|p2a: Gholdengo
|-supereffective|p2a: Gholdengo
|-damage|p2a: Gholdengo|0
|faint|p2a: Gholdengo
|
|-weather|Rain Dance|[upkeep]
|upkeep
|
|t:|1776245386
|switch|p2a: Zamazenta|Zamazenta|100/100
|turn|14
|
|t:|1776245389
|move|p2a: Zamazenta|Body Press|p1a: Scrafty
|-supereffective|p1a: Scrafty
|-crit|p1a: Scrafty
|-damage|p1a: Scrafty|0
|faint|p1a: Scrafty
|
|-weather|Rain Dance|[upkeep]
|upkeep
|c|☆Abyssal Bot|I had warned you about hax!! HAHAHA
|
|t:|1776245396
|switch|p1a: Raging Bolt|Raging Bolt|65/100
|turn|15
|
|t:|1776245398
|switch|p2a: Cinderace|Cinderace, M|100/100
|move|p1a: Raging Bolt|Thunder|p2a: Cinderace
|-damage|p2a: Cinderace|2/100
|
|-weather|Rain Dance|[upkeep]
|upkeep
|turn|16
|
|t:|1776245400
|move|p2a: Cinderace|Will-O-Wisp|p1a: Raging Bolt
|-status|p1a: Raging Bolt|brn
|move|p1a: Raging Bolt|Thunder|p2a: Cinderace
|-damage|p2a: Cinderace|0
|faint|p2a: Cinderace
|
|-weather|Rain Dance|[upkeep]
|-damage|p1a: Raging Bolt|59/100 brn|[from] brn|[of] p2: Cinderace
|upkeep
|
|t:|1776245400
|switch|p2a: Zamazenta|Zamazenta|100/100
|turn|17
|
|t:|1776245402
|move|p2a: Zamazenta|Body Press|p1a: Raging Bolt
|-damage|p1a: Raging Bolt|38/100 brn
|move|p1a: Raging Bolt|Thunder|p2a: Zamazenta
|-damage|p2a: Zamazenta|42/100
|-status|p2a: Zamazenta|par
|
|-weather|Rain Dance|[upkeep]
|-heal|p2a: Zamazenta|48/100 par|[from] item: Leftovers
|-damage|p1a: Raging Bolt|32/100 brn|[from] brn|[of] p2: Cinderace
|upkeep
|turn|18
|c|☆encore21768768|have some of THAT to be fair
|
|t:|1776245416
|move|p2a: Zamazenta|Body Press|p1a: Raging Bolt
|-damage|p1a: Raging Bolt|12/100 brn
|move|p1a: Raging Bolt|Thunder|p2a: Zamazenta
|-damage|p2a: Zamazenta|0 par
|faint|p2a: Zamazenta
|
|-weather|Rain Dance|[upkeep]
|-damage|p1a: Raging Bolt|6/100 brn|[from] brn|[of] p2: Cinderace
|upkeep
|
|t:|1776245416
|switch|p2a: Alomomola|Alomomola, F|100/100 brn
|turn|19
|c|☆encore21768768|mic drop
|
|t:|1776245436
|move|p1a: Raging Bolt|Thunder|p2a: Alomomola
|-supereffective|p2a: Alomomola
|-damage|p2a: Alomomola|0 brn
|faint|p2a: Alomomola
|
|win|encore21768768
|c|☆Abyssal Bot|Well Played.
|l|☆Abyssal Bot
|player|p2|
|l|*Turbo Bottttt
