|html|<div class="broadcast-blue"><strong>[Gen 9] OU is currently suspecting Tera Blast! For information on how to participate check out the <a href="https://www.smogon.com/tools/suspects/view/200">suspect thread</a>.</strong></div>
|j|☆ilabchknnuggets
|j|☆AssortedGoods
|t:|1776137308
|gametype|singles
|player|p1|ilabchknnuggets|hooligans|1296
|player|p2|AssortedGoods|fisherman-gen4|1306
|gen|9
|tier|[Gen 9] OU
|rated|
|rule|HP Percentage Mod: HP is shown in percentages
|rule|Endless Battle Clause: Forcing endless battles is banned
|rule|Species Clause: Limit one of each Pokémon
|rule|OHKO Clause: OHKO moves are banned
|rule|Evasion Items Clause: Evasion items are banned
|rule|Evasion Moves Clause: Evasion moves are banned
|rule|Evasion Abilities Clause: Evasion abilities are banned
|rule|Sleep Moves Clause: Sleep-inducing moves are banned
|clearpoke
|poke|p1|Deoxys-Speed|
|poke|p1|Ceruledge, M|
|poke|p1|Zamazenta-*|
|poke|p1|Ogerpon-Wellspring, F|
|poke|p1|Glimmora, F|
|poke|p1|Moltres-Galar|
|poke|p2|Primarina, M|
|poke|p2|Great Tusk|
|poke|p2|Enamorus, F|
|poke|p2|Slowking-Galar, M|
|poke|p2|Ogerpon, F|
|poke|p2|Kingambit, M|
|teampreview
|inactive|Battle timer is ON: inactive players will automatically lose when time's up. (requested by AssortedGoods)
|inactive|ilabchknnuggets also wants the timer to be on.
|
|t:|1776137329
|teamsize|p1|6
|teamsize|p2|6
|start
|switch|p1a: Deoxys|Deoxys-Speed, shiny|100/100
|switch|p2a: Ogerpon|Ogerpon, F|100/100
|-ability|p1a: Deoxys|Pressure
|turn|1
|
|t:|1776137349
|move|p1a: Deoxys|Reflect|p1a: Deoxys
|-sidestart|p1: ilabchknnuggets|Reflect
|move|p2a: Ogerpon|U-turn|p1a: Deoxys
|-supereffective|p1a: Deoxys
|-damage|p1a: Deoxys|62/100
|
|t:|1776137363
|switch|p2a: Primarina|Primarina, M, shiny|100/100|[from] U-turn
|
|upkeep
|turn|2
|
|t:|1776137370
|move|p1a: Deoxys|Taunt|p2a: Primarina
|-start|p2a: Primarina|move: Taunt
|cant|p2a: Primarina|move: Taunt|Substitute
|
|upkeep
|turn|3
|
|t:|1776137376
|move|p1a: Deoxys|Light Screen|p1a: Deoxys
|-sidestart|p1: ilabchknnuggets|move: Light Screen
|move|p2a: Primarina|Psychic Noise|p1a: Deoxys
|-crit|p1a: Deoxys
|-damage|p1a: Deoxys|0 fnt
|faint|p1a: Deoxys
|
|upkeep
|
|t:|1776137385
|switch|p1a: Ogerpon|Ogerpon-Wellspring, F|100/100
|turn|4
|
|t:|1776137397
|switch|p2a: Slowking|Slowking-Galar, M, shiny|100/100
|move|p1a: Ogerpon|Swords Dance|p1a: Ogerpon
|-boost|p1a: Ogerpon|atk|2
|
|upkeep
|turn|5
|
|t:|1776137403
|-terastallize|p1a: Ogerpon|Water
|detailschange|p1a: Ogerpon|Ogerpon-Wellspring-Tera, F, tera:Water
|-ability|p1a: Ogerpon|Embody Aspect (Wellspring)|boost
|-boost|p1a: Ogerpon|spd|1
|move|p1a: Ogerpon|Ivy Cudgel|p2a: Slowking|[anim] Ivy Cudgel Water
|-damage|p2a: Slowking|0 fnt
|faint|p2a: Slowking
|
|upkeep
|
|t:|1776137411
|switch|p2a: Ogerpon|Ogerpon, F|100/100
|turn|6
|
|t:|1776137419
|move|p2a: Ogerpon|Ivy Cudgel|p1a: Ogerpon
|-supereffective|p1a: Ogerpon
|-damage|p1a: Ogerpon|4/100
|move|p1a: Ogerpon|Play Rough|p2a: Ogerpon
|-damage|p2a: Ogerpon|0 fnt
|faint|p2a: Ogerpon
|
|upkeep
|
|t:|1776137425
|switch|p2a: Enamorus|Enamorus, F, shiny|100/100
|turn|7
|
|t:|1776137433
|move|p2a: Enamorus|Moonblast|p1a: Ogerpon
|-damage|p1a: Ogerpon|0 fnt
|faint|p1a: Ogerpon
|detailschange|p1: Ogerpon|Ogerpon-Wellspring, F|[silent]
|
|upkeep
|
|t:|1776137436
|switch|p1a: Moltres|Moltres-Galar, shiny|100/100
|turn|8
|
|t:|1776137441
|switch|p1a: Glimmora|Glimmora, F, shiny|100/100
|move|p2a: Enamorus|Moonblast|p1a: Glimmora
|-resisted|p1a: Glimmora
|-damage|p1a: Glimmora|83/100
|
|-sideend|p1: ilabchknnuggets|Reflect
|upkeep
|turn|9
|
|t:|1776137450
|switch|p2a: Kingambit|Kingambit, M, shiny|100/100
|-activate|p2a: Kingambit|ability: Supreme Overlord
|-start|p2a: Kingambit|fallen2|[silent]
|move|p1a: Glimmora|Meteor Beam||[still]
|-prepare|p1a: Glimmora|Meteor Beam
|-boost|p1a: Glimmora|spa|1
|-enditem|p1a: Glimmora|Power Herb
|-anim|p1a: Glimmora|Meteor Beam|p2a: Kingambit
|-resisted|p2a: Kingambit
|-damage|p2a: Kingambit|56/100
|
|-heal|p2a: Kingambit|62/100|[from] item: Leftovers
|upkeep
|turn|10
|
|t:|1776137461
|move|p1a: Glimmora|Earth Power|p2a: Kingambit
|-supereffective|p2a: Kingambit
|-damage|p2a: Kingambit|0 fnt
|faint|p2a: Kingambit
|-end|p2a: Kingambit|fallen2|[silent]
|
|-sideend|p1: ilabchknnuggets|move: Light Screen
|upkeep
|
|t:|1776137466
|switch|p2a: Great Tusk|Great Tusk, shiny|100/100
|turn|11
|
|t:|1776137474
|move|p2a: Great Tusk|Headlong Rush|p1a: Glimmora
|-supereffective|p1a: Glimmora
|-damage|p1a: Glimmora|0 fnt
|-unboost|p2a: Great Tusk|def|1
|-unboost|p2a: Great Tusk|spd|1
|-activate|p1a: Glimmora|ability: Toxic Debris
|-sidestart|p2: AssortedGoods|move: Toxic Spikes
|faint|p1a: Glimmora
|
|upkeep
|
|t:|1776137479
|switch|p1a: Zamazenta|Zamazenta|100/100
|-ability|p1a: Zamazenta|Dauntless Shield|boost
|-boost|p1a: Zamazenta|def|1
|turn|12
|
|t:|1776137482
|-end|p2a: Great Tusk|Protosynthesis|[silent]
|switch|p2a: Enamorus|Enamorus, F, shiny|100/100
|move|p1a: Zamazenta|Iron Defense|p1a: Zamazenta
|-boost|p1a: Zamazenta|def|2
|
|upkeep
|turn|13
|
|t:|1776137485
|move|p2a: Enamorus|Moonblast|p1a: Zamazenta
|-supereffective|p1a: Zamazenta
|-damage|p1a: Zamazenta|15/100
|move|p1a: Zamazenta|Heavy Slam|p2a: Enamorus
|-supereffective|p2a: Enamorus
|-damage|p2a: Enamorus|12/100
|
|-heal|p1a: Zamazenta|21/100|[from] item: Leftovers
|upkeep
|turn|14
|
|t:|1776137496
|move|p2a: Enamorus|Moonblast|p1a: Zamazenta
|-supereffective|p1a: Zamazenta
|-damage|p1a: Zamazenta|0 fnt
|faint|p1a: Zamazenta
|
|upkeep
|
|t:|1776137500
|switch|p1a: Ceruledge|Ceruledge, M, shiny|100/100
|turn|15
|
|t:|1776137502
|move|p1a: Ceruledge|Shadow Sneak|p2a: Enamorus
|-damage|p2a: Enamorus|0 fnt
|faint|p2a: Enamorus
|-damage|p1a: Ceruledge|91/100|[from] item: Life Orb
|
|upkeep
|
|t:|1776137506
|switch|p2a: Primarina|Primarina, M, shiny|100/100
|-status|p2a: Primarina|psn
|turn|16
|
|t:|1776137510
|move|p1a: Ceruledge|Swords Dance|p1a: Ceruledge
|-boost|p1a: Ceruledge|atk|2
|move|p2a: Primarina|Psychic Noise|p1a: Ceruledge
|-supereffective|p1a: Ceruledge
|-damage|p1a: Ceruledge|6/100
|-start|p1a: Ceruledge|move: Heal Block
|
|-damage|p2a: Primarina|88/100 psn|[from] psn
|upkeep
|turn|17
|
|t:|1776137515
|move|p1a: Ceruledge|Poltergeist|p2a: Primarina
|-activate|p2a: Primarina|move: Poltergeist|Leftovers
|-damage|p2a: Primarina|0 fnt
|faint|p2a: Primarina
|-damage|p1a: Ceruledge|0 fnt|[from] item: Life Orb
|faint|p1a: Ceruledge
|
|upkeep
|
|t:|1776137521
|switch|p1a: Moltres|Moltres-Galar, shiny|100/100
|switch|p2a: Great Tusk|Great Tusk, shiny|100/100
|-status|p2a: Great Tusk|psn
|turn|18
|
|t:|1776137527
|-terastallize|p2a: Great Tusk|Fire
|move|p2a: Great Tusk|Ice Spinner|p1a: Moltres
|-supereffective|p1a: Moltres
|-damage|p1a: Moltres|37/100
|-ability|p1a: Moltres|Berserk|boost
|-boost|p1a: Moltres|spa|1
|-enditem|p1a: Moltres|Sitrus Berry|[eat]
|-heal|p1a: Moltres|62/100|[from] item: Sitrus Berry
|move|p1a: Moltres|Agility|p1a: Moltres
|-boost|p1a: Moltres|spe|2
|
|-damage|p2a: Great Tusk|88/100 psn|[from] psn
|upkeep
|turn|19
|
|t:|1776137534
|move|p1a: Moltres|Fiery Wrath|p2a: Great Tusk
|-damage|p2a: Great Tusk|0 fnt
|faint|p2a: Great Tusk
|-end|p2a: Great Tusk|Protosynthesis|[silent]
|
|win|ilabchknnuggets
|raw|ilabchknnuggets's rating: 1296 &rarr; <strong>1322</strong><br />(+26 for winning)
|raw|AssortedGoods's rating: 1306 &rarr; <strong>1285</strong><br />(-21 for losing)
|l|☆AssortedGoods
|player|p2|
