|html|<div class="broadcast-blue"><strong>[Gen 9] OU is currently suspecting Tera Blast! For information on how to participate check out the <a href="https://www.smogon.com/tools/suspects/view/200">suspect thread</a>.</strong></div>
|j|☆Dreadheadjefe
|j|☆TOMBDADDY
|t:|1776088221
|gametype|singles
|player|p1|Dreadheadjefe|dancer|1503
|player|p2|TOMBDADDY|unknown|1506
|gen|9
|tier|[Gen 9] OU
|rated|
|rule|HP Percentage Mod: HP is shown in percentages
|rule|Endless Battle Clause: Forcing endless battles is banned
|rule|Species Clause: Limit one of each Pokémon
|rule|OHKO Clause: OHKO moves are banned
|rule|Evasion Items Clause: Evasion items are banned
|rule|Evasion Moves Clause: Evasion moves are banned
|rule|Evasion Abilities Clause: Evasion abilities are banned
|rule|Sleep Moves Clause: Sleep-inducing moves are banned
|clearpoke
|poke|p1|Great Tusk|
|poke|p1|Gholdengo|
|poke|p1|Landorus-Therian, M|
|poke|p1|Samurott-Hisui, M|
|poke|p1|Raging Bolt|
|poke|p1|Scizor, M|
|poke|p2|Dragapult, F|
|poke|p2|Alomomola, F|
|poke|p2|Ting-Lu|
|poke|p2|Kyurem|
|poke|p2|Weezing-Galar, M|
|poke|p2|Corviknight, M|
|teampreview
|inactive|Battle timer is ON: inactive players will automatically lose when time's up. (requested by Dreadheadjefe)
|j| ohko_smeargle
|
|t:|1776088239
|teamsize|p1|6
|teamsize|p2|6
|start
|switch|p1a: Zabuza|Samurott-Hisui, M, shiny|100/100
|switch|p2a: Kyurem|Kyurem|100/100
|-ability|p2a: Kyurem|Pressure
|turn|1
|
|t:|1776088252
|move|p2a: Kyurem|Freeze-Dry|p1a: Zabuza
|-supereffective|p1a: Zabuza
|-damage|p1a: Zabuza|37/100
|move|p1a: Zabuza|Ceaseless Edge|p2a: Kyurem
|-damage|p2a: Kyurem|63/100
|-sidestart|p2: TOMBDADDY|Spikes
|
|-heal|p2a: Kyurem|69/100|[from] item: Leftovers
|upkeep
|turn|2
|
|t:|1776088263
|switch|p1a: Metabee|Scizor, M, shiny|100/100
|move|p2a: Kyurem|Freeze-Dry|p1a: Metabee
|-resisted|p1a: Metabee
|-damage|p1a: Metabee|84/100
|
|-heal|p2a: Kyurem|75/100|[from] item: Leftovers
|-heal|p1a: Metabee|90/100|[from] item: Leftovers
|upkeep
|turn|3
|
|t:|1776088275
|switch|p2a: Alomomola|Alomomola, F|100/100
|-damage|p2a: Alomomola|88/100|[from] Spikes
|move|p1a: Metabee|Swords Dance|p1a: Metabee
|-boost|p1a: Metabee|atk|2
|
|-heal|p1a: Metabee|96/100|[from] item: Leftovers
|upkeep
|turn|4
|
|t:|1776088285
|move|p1a: Metabee|U-turn|p2a: Alomomola
|-damage|p2a: Alomomola|51/100
|-damage|p1a: Metabee|80/100|[from] item: Rocky Helmet|[of] p2a: Alomomola
|
|t:|1776088300
|switch|p1a: Zabuza|Samurott-Hisui, M, shiny|37/100|[from] U-turn
|move|p2a: Alomomola|Tickle|p1a: Zabuza
|-unboost|p1a: Zabuza|atk|1
|-unboost|p1a: Zabuza|def|1
|
|upkeep
|turn|5
|
|t:|1776088310
|move|p1a: Zabuza|Ceaseless Edge|p2a: Alomomola
|-damage|p2a: Alomomola|38/100
|-damage|p1a: Zabuza|21/100|[from] item: Rocky Helmet|[of] p2a: Alomomola
|-sidestart|p2: TOMBDADDY|Spikes
|move|p2a: Alomomola|Flip Turn|p1a: Zabuza
|-resisted|p1a: Zabuza
|-damage|p1a: Zabuza|7/100
|
|t:|1776088317
|switch|p2a: Weezing|Weezing-Galar, M|100/100|[from] Flip Turn
|-ability|p2a: Weezing|Neutralizing Gas
|-damage|p2a: Weezing|84/100|[from] Spikes
|
|-heal|p2a: Weezing|90/100|[from] item: Leftovers
|upkeep
|turn|6
|
|t:|1776088335
|switch|p1a: LaGoat James|Landorus-Therian, M, shiny|100/100
|move|p2a: Weezing|Defog|p1a: LaGoat James
|-unboost|p1a: LaGoat James|evasion|1
|-sideend|p2: TOMBDADDY|Spikes|[from] move: Defog|[of] p2a: Weezing
|
|-heal|p2a: Weezing|96/100|[from] item: Leftovers
|upkeep
|turn|7
|
|t:|1776088345
|move|p1a: LaGoat James|U-turn|p2a: Weezing
|-resisted|p2a: Weezing
|-damage|p2a: Weezing|91/100
|
|t:|1776088356
|switch|p1a: Metabee|Scizor, M, shiny|80/100|[from] U-turn
|move|p2a: Weezing|Will-O-Wisp|p1a: Metabee
|-status|p1a: Metabee|brn
|
|-heal|p2a: Weezing|97/100|[from] item: Leftovers
|-heal|p1a: Metabee|86/100 brn|[from] item: Leftovers
|-damage|p1a: Metabee|80/100 brn|[from] brn
|upkeep
|turn|8
|
|t:|1776088369
|move|p2a: Weezing|Protect|p2a: Weezing
|-singleturn|p2a: Weezing|Protect
|move|p1a: Metabee|Knock Off|p2a: Weezing
|-activate|p2a: Weezing|move: Protect
|
|-heal|p2a: Weezing|100/100|[from] item: Leftovers
|-heal|p1a: Metabee|86/100 brn|[from] item: Leftovers
|-damage|p1a: Metabee|80/100 brn|[from] brn
|upkeep
|turn|9
|
|t:|1776088380
|-end|p2a: Weezing|ability: Neutralizing Gas
|switch|p2a: Alomomola|Alomomola, F|71/100
|move|p1a: Metabee|Knock Off|p2a: Alomomola
|-damage|p2a: Alomomola|62/100
|-damage|p1a: Metabee|64/100 brn|[from] item: Rocky Helmet|[of] p2a: Alomomola
|-enditem|p2a: Alomomola|Rocky Helmet|[from] move: Knock Off|[of] p1a: Metabee
|
|-heal|p1a: Metabee|70/100 brn|[from] item: Leftovers
|-damage|p1a: Metabee|64/100 brn|[from] brn
|upkeep
|turn|10
|
|t:|1776088392
|move|p1a: Metabee|U-turn|p2a: Alomomola
|-damage|p2a: Alomomola|53/100
|
|t:|1776088400
|switch|p1a: Great Neck|Raging Bolt|100/100|[from] U-turn
|move|p2a: Alomomola|Flip Turn|p1a: Great Neck
|-resisted|p1a: Great Neck
|-damage|p1a: Great Neck|93/100
|
|t:|1776088404
|switch|p2a: Ting-Lu|Ting-Lu|100/100|[from] Flip Turn
|-ability|p2a: Ting-Lu|Vessel of Ruin
|
|upkeep
|turn|11
|
|t:|1776088420
|-end|p1a: Great Neck|Protosynthesis|[silent]
|switch|p1a: Metabee|Scizor, M, shiny|64/100 brn
|move|p2a: Ting-Lu|Earthquake|p1a: Metabee
|-damage|p1a: Metabee|24/100 brn
|
|-heal|p1a: Metabee|30/100 brn|[from] item: Leftovers
|-damage|p1a: Metabee|24/100 brn|[from] brn
|upkeep
|turn|12
|
|t:|1776088431
|move|p1a: Metabee|U-turn|p2a: Ting-Lu
|-supereffective|p2a: Ting-Lu
|-damage|p2a: Ting-Lu|81/100
|
|t:|1776088436
|switch|p1a: Zabuza|Samurott-Hisui, M, shiny|7/100|[from] U-turn
|move|p2a: Ting-Lu|Stealth Rock|p1a: Zabuza
|-sidestart|p1: Dreadheadjefe|move: Stealth Rock
|
|-heal|p2a: Ting-Lu|87/100|[from] item: Leftovers
|upkeep
|turn|13
|inactive|TOMBDADDY has 120 seconds left.
|
|t:|1776088473
|switch|p2a: Alomomola|Alomomola, F|86/100
|move|p1a: Zabuza|Ceaseless Edge|p2a: Alomomola
|-damage|p2a: Alomomola|63/100
|-sidestart|p2: TOMBDADDY|Spikes
|
|upkeep
|turn|14
|
|t:|1776088491
|switch|p1a: Travis Porter|Gholdengo, shiny|100/100
|-damage|p1a: Travis Porter|94/100|[from] Stealth Rock
|-item|p1a: Travis Porter|Air Balloon
|move|p2a: Alomomola|Flip Turn|p1a: Travis Porter
|-damage|p1a: Travis Porter|79/100
|-enditem|p1a: Travis Porter|Air Balloon
|inactive|TOMBDADDY has 120 seconds left.
|
|t:|1776088515
|switch|p2a: Weezing|Weezing-Galar, M|100/100|[from] Flip Turn
|-ability|p2a: Weezing|Neutralizing Gas
|-damage|p2a: Weezing|88/100|[from] Spikes
|
|-heal|p2a: Weezing|94/100|[from] item: Leftovers
|upkeep
|turn|15
|
|t:|1776088528
|move|p1a: Travis Porter|Make It Rain|p2a: Weezing
|-supereffective|p2a: Weezing
|-damage|p2a: Weezing|0 fnt
|-unboost|p1a: Travis Porter|spa|1
|faint|p2a: Weezing
|-end|p2a: Weezing|ability: Neutralizing Gas
|
|upkeep
|
|t:|1776088538
|switch|p2a: Ting-Lu|Ting-Lu|87/100
|-damage|p2a: Ting-Lu|74/100|[from] Spikes
|-ability|p2a: Ting-Lu|Vessel of Ruin
|turn|16
|
|t:|1776088547
|switch|p1a: Mop|Great Tusk, shiny|100/100
|-damage|p1a: Mop|97/100|[from] Stealth Rock
|move|p2a: Ting-Lu|Ruination|p1a: Mop
|-damage|p1a: Mop|49/100
|
|-heal|p2a: Ting-Lu|81/100|[from] item: Leftovers
|upkeep
|turn|17
|
|t:|1776088559
|switch|p2a: Alomomola|Alomomola, F|96/100
|-damage|p2a: Alomomola|84/100|[from] Spikes
|move|p1a: Mop|Knock Off|p2a: Alomomola
|-damage|p2a: Alomomola|74/100
|
|upkeep
|turn|18
|
|t:|1776088567
|switch|p2a: Dragapult|Dragapult, F|100/100
|-damage|p2a: Dragapult|88/100|[from] Spikes
|move|p1a: Mop|Rapid Spin|p2a: Dragapult
|-immune|p2a: Dragapult
|
|upkeep
|turn|19
|
|t:|1776088581
|-terastallize|p2a: Dragapult|Ghost
|move|p2a: Dragapult|Tera Blast|p1a: Mop|[anim] Tera Blast Ghost
|-damage|p1a: Mop|0 fnt
|faint|p1a: Mop
|-end|p1a: Mop|Protosynthesis|[silent]
|
|upkeep
|
|t:|1776088599
|switch|p1a: Metabee|Scizor, M, shiny|24/100 brn
|-damage|p1a: Metabee|11/100 brn|[from] Stealth Rock
|turn|20
|
|t:|1776088608
|move|p1a: Metabee|Bullet Punch|p2a: Dragapult
|-damage|p2a: Dragapult|69/100
|move|p2a: Dragapult|Tera Blast|p1a: Metabee|[anim] Tera Blast Ghost
|-damage|p1a: Metabee|0 fnt
|faint|p1a: Metabee
|
|upkeep
|
|t:|1776088626
|switch|p1a: LaGoat James|Landorus-Therian, M, shiny|100/100
|-damage|p1a: LaGoat James|88/100|[from] Stealth Rock
|-ability|p1a: LaGoat James|Intimidate|boost
|-unboost|p2a: Dragapult|atk|1
|turn|21
|
|t:|1776088644
|switch|p2a: Corviknight|Corviknight, M|100/100
|-ability|p2a: Corviknight|Pressure
|move|p1a: LaGoat James|Earthquake|p2a: Corviknight
|-immune|p2a: Corviknight
|
|upkeep
|turn|22
|
|t:|1776088653
|switch|p1a: Travis Porter|Gholdengo, shiny|79/100
|-damage|p1a: Travis Porter|72/100|[from] Stealth Rock
|move|p2a: Corviknight|U-turn|p1a: Travis Porter
|-resisted|p1a: Travis Porter
|-damage|p1a: Travis Porter|69/100
|
|t:|1776088667
|switch|p2a: Alomomola|Alomomola, F|100/100|[from] U-turn
|-damage|p2a: Alomomola|88/100|[from] Spikes
|
|upkeep
|turn|23
|
|t:|1776088674
|move|p1a: Travis Porter|Recover|p1a: Travis Porter
|-heal|p1a: Travis Porter|100/100
|move|p2a: Alomomola|Flip Turn|p1a: Travis Porter
|-damage|p1a: Travis Porter|86/100
|
|t:|1776088679
|switch|p2a: Ting-Lu|Ting-Lu|81/100|[from] Flip Turn
|-damage|p2a: Ting-Lu|68/100|[from] Spikes
|-ability|p2a: Ting-Lu|Vessel of Ruin
|
|-heal|p2a: Ting-Lu|74/100|[from] item: Leftovers
|upkeep
|turn|24
|
|t:|1776088695
|switch|p1a: LaGoat James|Landorus-Therian, M, shiny|88/100
|-damage|p1a: LaGoat James|76/100|[from] Stealth Rock
|-ability|p1a: LaGoat James|Intimidate|boost
|-unboost|p2a: Ting-Lu|atk|1
|move|p2a: Ting-Lu|Ruination|p1a: LaGoat James
|-damage|p1a: LaGoat James|38/100
|
|-heal|p2a: Ting-Lu|81/100|[from] item: Leftovers
|upkeep
|turn|25
|
|t:|1776088709
|switch|p2a: Kyurem|Kyurem|75/100
|-damage|p2a: Kyurem|63/100|[from] Spikes
|-ability|p2a: Kyurem|Pressure
|move|p1a: LaGoat James|Stealth Rock|p2a: Kyurem
|-sidestart|p2: TOMBDADDY|move: Stealth Rock
|
|-heal|p2a: Kyurem|69/100|[from] item: Leftovers
|upkeep
|turn|26
|
|t:|1776088720
|switch|p1a: Zabuza|Samurott-Hisui, M, shiny|7/100
|-damage|p1a: Zabuza|0 fnt|[from] Stealth Rock
|faint|p1a: Zabuza
|move|p2a: Kyurem|Substitute|p2a: Kyurem
|-start|p2a: Kyurem|Substitute
|-damage|p2a: Kyurem|44/100
|
|-heal|p2a: Kyurem|50/100|[from] item: Leftovers
|upkeep
|
|t:|1776088730
|switch|p1a: Travis Porter|Gholdengo, shiny|86/100
|-damage|p1a: Travis Porter|80/100|[from] Stealth Rock
|turn|27
|
|t:|1776088742
|move|p2a: Kyurem|Earth Power|p1a: Travis Porter
|-supereffective|p1a: Travis Porter
|-damage|p1a: Travis Porter|24/100
|move|p1a: Travis Porter|Shadow Ball|p2a: Kyurem
|-end|p2a: Kyurem|Substitute
|
|-heal|p2a: Kyurem|56/100|[from] item: Leftovers
|upkeep
|turn|28
|
|t:|1776088754
|-terastallize|p1a: Travis Porter|Flying
|move|p2a: Kyurem|Earth Power|p1a: Travis Porter
|-immune|p1a: Travis Porter
|move|p1a: Travis Porter|Make It Rain|p2a: Kyurem
|-supereffective|p2a: Kyurem
|-damage|p2a: Kyurem|0 fnt
|-unboost|p1a: Travis Porter|spa|1
|faint|p2a: Kyurem
|
|upkeep
|
|t:|1776088764
|switch|p2a: Dragapult|Dragapult, F, tera:Ghost|69/100
|-damage|p2a: Dragapult|57/100|[from] Spikes
|-damage|p2a: Dragapult|45/100|[from] Stealth Rock
|turn|29
|
|t:|1776088778
|move|p2a: Dragapult|Tera Blast|p1a: Travis Porter|[anim] Tera Blast Ghost
|-damage|p1a: Travis Porter|0 fnt
|faint|p1a: Travis Porter
|
|upkeep
|inactive|Dreadheadjefe has 120 seconds left.
|
|t:|1776088799
|switch|p1a: LaGoat James|Landorus-Therian, M, shiny|38/100
|-damage|p1a: LaGoat James|26/100|[from] Stealth Rock
|-ability|p1a: LaGoat James|Intimidate|boost
|-unboost|p2a: Dragapult|atk|1
|turn|30
|inactive|Dreadheadjefe has 120 seconds left.
|
|t:|1776088810
|move|p1a: LaGoat James|Stone Edge|p2a: Dragapult
|-damage|p2a: Dragapult|0 fnt
|faint|p2a: Dragapult
|
|upkeep
|
|t:|1776088816
|switch|p2a: Corviknight|Corviknight, M|100/100
|-damage|p2a: Corviknight|88/100|[from] Stealth Rock
|-ability|p2a: Corviknight|Pressure
|turn|31
|
|t:|1776088822
|move|p1a: LaGoat James|Stone Edge|p2a: Corviknight
|-damage|p2a: Corviknight|57/100
|move|p2a: Corviknight|Defog|p1a: LaGoat James
|-unboost|p1a: LaGoat James|evasion|1
|-sideend|p1: Dreadheadjefe|Stealth Rock|[from] move: Defog|[of] p2a: Corviknight
|-sideend|p2: TOMBDADDY|Spikes|[from] move: Defog|[of] p2a: Corviknight
|-sideend|p2: TOMBDADDY|Stealth Rock|[from] move: Defog|[of] p2a: Corviknight
|
|-heal|p2a: Corviknight|63/100|[from] item: Leftovers
|upkeep
|turn|32
|
|t:|1776088831
|switch|p1a: Great Neck|Raging Bolt|93/100
|move|p2a: Corviknight|U-turn|p1a: Great Neck
|-damage|p1a: Great Neck|82/100
|
|t:|1776088835
|switch|p2a: Ting-Lu|Ting-Lu|81/100|[from] U-turn
|-ability|p2a: Ting-Lu|Vessel of Ruin
|
|-heal|p2a: Ting-Lu|87/100|[from] item: Leftovers
|upkeep
|turn|33
|
|t:|1776088850
|-end|p1a: Great Neck|Protosynthesis|[silent]
|switch|p1a: LaGoat James|Landorus-Therian, M, shiny|26/100
|-ability|p1a: LaGoat James|Intimidate|boost
|-unboost|p2a: Ting-Lu|atk|1
|move|p2a: Ting-Lu|Earthquake|p1a: LaGoat James
|-immune|p1a: LaGoat James
|
|-heal|p2a: Ting-Lu|93/100|[from] item: Leftovers
|upkeep
|turn|34
|
|t:|1776088860
|move|p1a: LaGoat James|U-turn|p2a: Ting-Lu
|-supereffective|p2a: Ting-Lu
|-damage|p2a: Ting-Lu|63/100
|
|t:|1776088863
|switch|p1a: Great Neck|Raging Bolt|82/100|[from] U-turn
|move|p2a: Ting-Lu|Stealth Rock|p1a: Great Neck
|-sidestart|p1: Dreadheadjefe|move: Stealth Rock
|
|-heal|p2a: Ting-Lu|69/100|[from] item: Leftovers
|upkeep
|turn|35
|
|t:|1776088874
|switch|p2a: Alomomola|Alomomola, F|100/100
|move|p1a: Great Neck|Draco Meteor|p2a: Alomomola
|-damage|p2a: Alomomola|0 fnt
|-unboost|p1a: Great Neck|spa|2
|faint|p2a: Alomomola
|
|upkeep
|
|t:|1776088879
|switch|p2a: Ting-Lu|Ting-Lu|69/100
|-ability|p2a: Ting-Lu|Vessel of Ruin
|turn|36
|
|t:|1776088892
|-end|p1a: Great Neck|Protosynthesis|[silent]
|switch|p1a: LaGoat James|Landorus-Therian, M, shiny|26/100
|-damage|p1a: LaGoat James|14/100|[from] Stealth Rock
|-ability|p1a: LaGoat James|Intimidate|boost
|-unboost|p2a: Ting-Lu|atk|1
|switch|p2a: Corviknight|Corviknight, M|63/100
|-ability|p2a: Corviknight|Pressure
|
|-heal|p2a: Corviknight|70/100|[from] item: Leftovers
|upkeep
|turn|37
|
|t:|1776088915
|move|p1a: LaGoat James|U-turn|p2a: Corviknight
|-resisted|p2a: Corviknight
|-damage|p2a: Corviknight|64/100
|
|t:|1776088920
|switch|p1a: Great Neck|Raging Bolt|82/100|[from] U-turn
|-damage|p1a: Great Neck|70/100|[from] Stealth Rock
|move|p2a: Corviknight|Brave Bird|p1a: Great Neck
|-resisted|p1a: Great Neck
|-damage|p1a: Great Neck|54/100
|-damage|p2a: Corviknight|58/100|[from] Recoil
|
|-heal|p2a: Corviknight|65/100|[from] item: Leftovers
|upkeep
|turn|38
|
|t:|1776088933
|move|p1a: Great Neck|Draco Meteor|p2a: Corviknight
|-resisted|p2a: Corviknight
|-damage|p2a: Corviknight|28/100
|-unboost|p1a: Great Neck|spa|2
|move|p2a: Corviknight|Roost|p2a: Corviknight
|-heal|p2a: Corviknight|78/100
|-singleturn|p2a: Corviknight|move: Roost
|
|-heal|p2a: Corviknight|84/100|[from] item: Leftovers
|upkeep
|turn|39
|
|t:|1776088945
|-end|p1a: Great Neck|Protosynthesis|[silent]
|switch|p1a: LaGoat James|Landorus-Therian, M, shiny|14/100
|-damage|p1a: LaGoat James|2/100|[from] Stealth Rock
|-ability|p1a: LaGoat James|Intimidate|boost
|-unboost|p2a: Corviknight|atk|1
|move|p2a: Corviknight|U-turn|p1a: LaGoat James
|-resisted|p1a: LaGoat James
|-damage|p1a: LaGoat James|0 fnt
|faint|p1a: LaGoat James
|
|t:|1776088947
|switch|p2a: Ting-Lu|Ting-Lu|69/100|[from] U-turn
|-ability|p2a: Ting-Lu|Vessel of Ruin
|
|-heal|p2a: Ting-Lu|76/100|[from] item: Leftovers
|upkeep
|c|☆Dreadheadjefe|Gg
|c|☆TOMBDADDY|Ggwp
|inactive|Dreadheadjefe has 120 seconds left.
|-message|Dreadheadjefe forfeited.
|
|win|TOMBDADDY
|raw|Dreadheadjefe's rating: 1503 &rarr; <strong>1483</strong><br />(-20 for losing)
|raw|TOMBDADDY's rating: 1506 &rarr; <strong>1526</strong><br />(+20 for winning)
|l|☆Dreadheadjefe
|player|p1|
|c|☆TOMBDADDY|Specs Bolt?
|l| ohko_smeargle
