|html|<div class="broadcast-blue"><strong>[Gen 9] OU is currently suspecting Tera Blast! For information on how to participate check out the <a href="https://www.smogon.com/tools/suspects/view/200">suspect thread</a>.</strong></div>
|j|☆testteambill2
|j|☆yyuyuu
|t:|1776076474
|gametype|singles
|player|p1|testteambill2|170|1273
|player|p2|yyuyuu|169|1296
|gen|9
|tier|[Gen 9] OU
|rated|
|rule|HP Percentage Mod: HP is shown in percentages
|rule|Endless Battle Clause: Forcing endless battles is banned
|rule|Species Clause: Limit one of each Pokémon
|rule|OHKO Clause: OHKO moves are banned
|rule|Evasion Items Clause: Evasion items are banned
|rule|Evasion Moves Clause: Evasion moves are banned
|rule|Evasion Abilities Clause: Evasion abilities are banned
|rule|Sleep Moves Clause: Sleep-inducing moves are banned
|clearpoke
|poke|p1|Cresselia, F|
|poke|p1|Torkoal, M|
|poke|p1|Indeedee, M|
|poke|p1|Hatterene, F|
|poke|p1|Ceruledge, F|
|poke|p1|Latias, F|
|poke|p2|Honchkrow, M|
|poke|p2|Hatterene, F|
|poke|p2|Arboliva, F|
|poke|p2|Torkoal, F|
|poke|p2|Walking Wake|
|poke|p2|Glimmora, F|
|teampreview
|j| ohko_smeargle
|
|t:|1776076488
|teamsize|p1|6
|teamsize|p2|6
|start
|switch|p1a: Indeedee|Indeedee, M|100/100
|switch|p2a: Glimmora|Glimmora, F|100/100
|-fieldstart|move: Psychic Terrain|[from] ability: Psychic Surge|[of] p1a: Indeedee
|turn|1
|inactive|Battle timer is ON: inactive players will automatically lose when time's up. (requested by yyuyuu)
|
|t:|1776076504
|move|p2a: Glimmora|Sludge Wave|p1a: Indeedee
|-damage|p1a: Indeedee|50/100
|move|p1a: Indeedee|Expanding Force|p2a: Glimmora
|-supereffective|p2a: Glimmora
|-enditem|p2a: Glimmora|Focus Sash
|-damage|p2a: Glimmora|1/100
|
|upkeep
|turn|2
|inactive|testteambill2 has 120 seconds left.
|
|t:|1776076539
|switch|p1a: Cresselia|Cresselia, F|100/100
|move|p2a: Glimmora|Stealth Rock|p1a: Cresselia
|-sidestart|p1: testteambill2|move: Stealth Rock
|
|upkeep
|turn|3
|
|t:|1776076563
|switch|p2a: Honchkrow|Honchkrow, M|100/100
|move|p1a: Cresselia|Trick Room|p1a: Cresselia
|-fieldstart|move: Trick Room|[of] p1a: Cresselia
|-enditem|p2a: Honchkrow|Room Service
|-unboost|p2a: Honchkrow|spe|1|[from] item: Room Service
|
|upkeep
|turn|4
|
|t:|1776076574
|switch|p1a: Hatterene|Hatterene, F|100/100
|-damage|p1a: Hatterene|88/100|[from] Stealth Rock
|move|p2a: Honchkrow|Night Slash|p1a: Hatterene
|-damage|p1a: Hatterene|45/100
|
|upkeep
|turn|5
|
|t:|1776076586
|move|p1a: Hatterene|Misty Explosion|p2a: Honchkrow
|-supereffective|p2a: Honchkrow
|-damage|p2a: Honchkrow|0 fnt
|faint|p1a: Hatterene
|faint|p2a: Honchkrow
|
|upkeep
|inactive|yyuyuu has 120 seconds left.
|
|t:|1776076607
|switch|p1a: Torkoal|Torkoal, M|100/100
|switch|p2a: Walking Wake|Walking Wake|100/100
|-damage|p1a: Torkoal|76/100|[from] Stealth Rock
|-weather|SunnyDay|[from] ability: Drought|[of] p1a: Torkoal
|-activate|p2a: Walking Wake|ability: Protosynthesis
|-start|p2a: Walking Wake|protosynthesisspa
|turn|6
|
|t:|1776076616
|switch|p1a: Indeedee|Indeedee, M|50/100
|-damage|p1a: Indeedee|37/100|[from] Stealth Rock
|move|p2a: Walking Wake|Hydro Steam|p1a: Indeedee
|-damage|p1a: Indeedee|0 fnt
|faint|p1a: Indeedee
|
|-weather|SunnyDay|[upkeep]
|upkeep
|
|t:|1776076634
|switch|p1a: Latias|Latias, F|100/100
|-damage|p1a: Latias|88/100|[from] Stealth Rock
|turn|7
|
|t:|1776076639
|move|p1a: Latias|Agility|p1a: Latias
|-boost|p1a: Latias|spe|2
|move|p2a: Walking Wake|Draco Meteor|p1a: Latias
|-supereffective|p1a: Latias
|-damage|p1a: Latias|0 fnt
|-unboost|p2a: Walking Wake|spa|2
|faint|p1a: Latias
|
|-weather|SunnyDay|[upkeep]
|-fieldend|move: Trick Room
|upkeep
|
|t:|1776076645
|switch|p1a: Ceruledge|Ceruledge, F|100/100
|-damage|p1a: Ceruledge|76/100|[from] Stealth Rock
|turn|8
|
|t:|1776076652
|move|p1a: Ceruledge|Endure|p1a: Ceruledge
|-singleturn|p1a: Ceruledge|move: Endure
|move|p2a: Walking Wake|Hydro Steam|p1a: Ceruledge
|-supereffective|p1a: Ceruledge
|-activate|p1a: Ceruledge|move: Endure
|-damage|p1a: Ceruledge|1/100
|-enditem|p1a: Ceruledge|Weakness Policy
|-boost|p1a: Ceruledge|atk|2|[from] item: Weakness Policy
|-boost|p1a: Ceruledge|spa|2|[from] item: Weakness Policy
|
|-weather|SunnyDay|[upkeep]
|-fieldend|move: Psychic Terrain
|upkeep
|turn|9
|
|t:|1776076671
|-end|p2a: Walking Wake|Protosynthesis|[silent]
|switch|p2a: Glimmora|Glimmora, F|1/100
|move|p1a: Ceruledge|Poltergeist||[still]
|-fail|p1a: Ceruledge
|
|-weather|SunnyDay|[upkeep]
|upkeep
|turn|10
|
|t:|1776076679
|move|p2a: Glimmora|Earth Power|p1a: Ceruledge
|-supereffective|p1a: Ceruledge
|-damage|p1a: Ceruledge|0 fnt
|faint|p1a: Ceruledge
|
|-weather|none
|upkeep
|
|t:|1776076684
|switch|p1a: Torkoal|Torkoal, M|76/100
|-damage|p1a: Torkoal|51/100|[from] Stealth Rock
|-weather|SunnyDay|[from] ability: Drought|[of] p1a: Torkoal
|turn|11
|
|t:|1776076689
|move|p2a: Glimmora|Earth Power|p1a: Torkoal
|-supereffective|p1a: Torkoal
|-damage|p1a: Torkoal|0 fnt
|faint|p1a: Torkoal
|
|-weather|SunnyDay|[upkeep]
|upkeep
|-message|testteambill2 forfeited.
|
|win|yyuyuu
|raw|testteambill2's rating: 1273 &rarr; <strong>1250</strong><br />(-23 for losing)
|raw|yyuyuu's rating: 1296 &rarr; <strong>1319</strong><br />(+23 for winning)
|l|☆testteambill2
|player|p1|
|l| ohko_smeargle
