|html|<div class="broadcast-blue"><strong>[Gen 9] OU is currently suspecting Tera Blast! For information on how to participate check out the <a href="https://www.smogon.com/tools/suspects/view/200">suspect thread</a>.</strong></div>
|j|☆Carlos132
|j|☆kkkuroi
|t:|1776351619
|gametype|singles
|player|p1|Carlos132|byron|1194
|player|p2|kkkuroi|clerk|1162
|gen|9
|tier|[Gen 9] OU
|rated|
|rule|HP Percentage Mod: HP is shown in percentages
|rule|Endless Battle Clause: Forcing endless battles is banned
|rule|Species Clause: Limit one of each Pokémon
|rule|OHKO Clause: OHKO moves are banned
|rule|Evasion Items Clause: Evasion items are banned
|rule|Evasion Moves Clause: Evasion moves are banned
|rule|Evasion Abilities Clause: Evasion abilities are banned
|rule|Sleep Moves Clause: Sleep-inducing moves are banned
|clearpoke
|poke|p1|Ambipom, M|
|poke|p1|Froslass, F|
|poke|p1|Gardevoir, F|
|poke|p1|Donphan, M|
|poke|p1|Milotic, F|
|poke|p1|Gliscor, M|
|poke|p2|Iron Moth|
|poke|p2|Gliscor, F|
|poke|p2|Hatterene, F|
|poke|p2|Ogerpon-Wellspring, F|
|poke|p2|Raging Bolt|
|poke|p2|Zamazenta-*|
|teampreview
|inactive|Battle timer is ON: inactive players will automatically lose when time's up. (requested by Carlos132)
|
|t:|1776351648
|teamsize|p1|6
|teamsize|p2|6
|start
|switch|p1a: Ambipom|Ambipom, M|100/100
|switch|p2a: Zamazenta|Zamazenta|100/100
|-ability|p2a: Zamazenta|Dauntless Shield|boost
|-boost|p2a: Zamazenta|def|1
|turn|1
|
|t:|1776351658
|switch|p1a: Gardevoir|Gardevoir, F|100/100
|-ability|p1a: Gardevoir|Dauntless Shield|Trace|[from] ability: Trace|[of] p2a: Zamazenta
|-ability|p1a: Gardevoir|Dauntless Shield|boost
|-boost|p1a: Gardevoir|def|1
|move|p2a: Zamazenta|Reflect|p2a: Zamazenta
|-sidestart|p2: kkkuroi|Reflect
|
|upkeep
|turn|2
|
|t:|1776351667
|move|p1a: Gardevoir|Moonblast|p2a: Zamazenta
|-supereffective|p2a: Zamazenta
|-damage|p2a: Zamazenta|19/100
|-unboost|p2a: Zamazenta|spa|1
|move|p2a: Zamazenta|Light Screen|p2a: Zamazenta
|-sidestart|p2: kkkuroi|move: Light Screen
|
|upkeep
|turn|3
|
|t:|1776351686
|switch|p2a: Iron Moth|Iron Moth|100/100
|-enditem|p2a: Iron Moth|Booster Energy
|-activate|p2a: Iron Moth|ability: Quark Drive|[fromitem]
|-start|p2a: Iron Moth|quarkdrivespe
|move|p1a: Gardevoir|Moonblast|p2a: Iron Moth
|-resisted|p2a: Iron Moth
|-damage|p2a: Iron Moth|95/100
|
|upkeep
|turn|4
|
|t:|1776351698
|switch|p1a: Milotic|Milotic, F|100/100
|move|p2a: Iron Moth|Toxic Spikes|p1a: Milotic
|-sidestart|p1: Carlos132|move: Toxic Spikes
|
|upkeep
|turn|5
|
|t:|1776351714
|move|p1a: Milotic|Scald|p2a: Iron Moth
|-supereffective|p2a: Iron Moth
|-damage|p2a: Iron Moth|68/100
|move|p2a: Iron Moth|Whirlwind|p1a: Milotic
|drag|p1a: Gardevoir|Gardevoir, F|100/100
|-status|p1a: Gardevoir|psn
|
|-damage|p1a: Gardevoir|88/100 psn|[from] psn
|upkeep
|turn|6
|
|t:|1776351737
|move|p2a: Iron Moth|Sludge Wave|p1a: Gardevoir
|-supereffective|p1a: Gardevoir
|-damage|p1a: Gardevoir|0 fnt
|faint|p1a: Gardevoir
|
|upkeep
|
|t:|1776351748
|switch|p1a: Donphan|Donphan, M|100/100
|-status|p1a: Donphan|psn
|turn|7
|
|t:|1776351759
|move|p2a: Iron Moth|Sludge Wave|p1a: Donphan
|-resisted|p1a: Donphan
|-damage|p1a: Donphan|70/100 psn
|move|p1a: Donphan|Rapid Spin|p2a: Iron Moth
|-damage|p2a: Iron Moth|57/100
|-boost|p1a: Donphan|spe|1
|-sideend|p1: Carlos132|Toxic Spikes|[from] move: Rapid Spin|[of] p1a: Donphan
|
|-heal|p1a: Donphan|76/100 psn|[from] item: Leftovers
|-damage|p1a: Donphan|63/100 psn|[from] psn
|upkeep
|turn|8
|
|t:|1776351781
|-end|p2a: Iron Moth|Quark Drive|[silent]
|switch|p2a: Gliscor|Gliscor, F|100/100
|move|p1a: Donphan|Stealth Rock|p2a: Gliscor
|-sidestart|p2: kkkuroi|move: Stealth Rock
|
|-heal|p1a: Donphan|70/100 psn|[from] item: Leftovers
|-damage|p1a: Donphan|57/100 psn|[from] psn
|-sideend|p2: kkkuroi|Reflect
|-status|p2a: Gliscor|tox|[from] item: Toxic Orb
|upkeep
|turn|9
|inactive|kkkuroi has 120 seconds left.
|inactive|Carlos132 has 120 seconds left.
|
|t:|1776351826
|move|p2a: Gliscor|Swords Dance|p2a: Gliscor
|-boost|p2a: Gliscor|atk|2
|move|p1a: Donphan|Ice Spinner|p2a: Gliscor
|-supereffective|p2a: Gliscor
|-damage|p2a: Gliscor|20/100 tox
|
|-heal|p1a: Donphan|63/100 psn|[from] item: Leftovers
|-heal|p2a: Gliscor|33/100 tox|[from] ability: Poison Heal
|-damage|p1a: Donphan|51/100 psn|[from] psn
|-sideend|p2: kkkuroi|move: Light Screen
|upkeep
|turn|10
|inactive|kkkuroi has 120 seconds left.
|
|t:|1776351853
|move|p2a: Gliscor|Facade|p1a: Donphan
|-damage|p1a: Donphan|0 fnt
|faint|p1a: Donphan
|
|-heal|p2a: Gliscor|45/100 tox|[from] ability: Poison Heal
|upkeep
|
|t:|1776351867
|switch|p1a: Froslass|Froslass, F, shiny|100/100
|turn|11
|
|t:|1776351877
|move|p1a: Froslass|Shadow Ball|p2a: Gliscor
|-damage|p2a: Gliscor|2/100 tox
|move|p2a: Gliscor|Earthquake|p1a: Froslass
|-enditem|p1a: Froslass|Focus Sash
|-damage|p1a: Froslass|1/100
|-start|p2a: Gliscor|Disable|Earthquake|[from] ability: Cursed Body|[of] p1a: Froslass
|
|-heal|p2a: Gliscor|15/100 tox|[from] ability: Poison Heal
|upkeep
|turn|12
|inactive|Carlos132 has 120 seconds left.
|
|t:|1776351899
|move|p1a: Froslass|Shadow Ball|p2a: Gliscor
|-damage|p2a: Gliscor|0 fnt
|faint|p2a: Gliscor
|
|upkeep
|inactive|kkkuroi has 90 seconds left.
|
|t:|1776351921
|switch|p2a: Zamazenta|Zamazenta|19/100
|-damage|p2a: Zamazenta|13/100|[from] Stealth Rock
|turn|13
|inactive|kkkuroi has 90 seconds left.
|inactive|Carlos132 has 120 seconds left.
|
|t:|1776351952
|move|p2a: Zamazenta|Light Screen|p2a: Zamazenta
|-sidestart|p2: kkkuroi|move: Light Screen
|move|p1a: Froslass|Destiny Bond|p1a: Froslass
|-singlemove|p1a: Froslass|Destiny Bond
|
|upkeep
|turn|14
|
|t:|1776351959
|move|p2a: Zamazenta|Reflect|p2a: Zamazenta
|-sidestart|p2: kkkuroi|Reflect
|move|p1a: Froslass|Ice Beam|p2a: Zamazenta
|-damage|p2a: Zamazenta|0 fnt
|faint|p2a: Zamazenta
|
|upkeep
|inactive|kkkuroi has 60 seconds left.
|
|t:|1776351976
|switch|p2a: Ogerpon|Ogerpon-Wellspring, F|100/100
|-damage|p2a: Ogerpon|88/100|[from] Stealth Rock
|turn|15
|inactive|kkkuroi has 60 seconds left.
|inactive|Carlos132 has 120 seconds left.
|
|t:|1776351999
|-terastallize|p2a: Ogerpon|Water
|detailschange|p2a: Ogerpon|Ogerpon-Wellspring-Tera, F, tera:Water
|-ability|p2a: Ogerpon|Embody Aspect (Wellspring)|boost
|-boost|p2a: Ogerpon|spd|1
|move|p1a: Froslass|Destiny Bond|p1a: Froslass
|-singlemove|p1a: Froslass|Destiny Bond
|move|p2a: Ogerpon|Swords Dance|p2a: Ogerpon
|-boost|p2a: Ogerpon|atk|2
|
|upkeep
|turn|16
|inactive|kkkuroi has 60 seconds left.
|
|t:|1776352013
|move|p1a: Froslass|Thunderbolt|p2a: Ogerpon
|-supereffective|p2a: Ogerpon
|-damage|p2a: Ogerpon|69/100
|move|p2a: Ogerpon|Encore|p1a: Froslass
|-start|p1a: Froslass|Encore
|
|upkeep
|turn|17
|inactive|kkkuroi has 60 seconds left.
|
|t:|1776352025
|switch|p1a: Milotic|Milotic, F|100/100
|move|p2a: Ogerpon|Ivy Cudgel|p1a: Milotic|[anim] Ivy Cudgel Water
|-resisted|p1a: Milotic
|-damage|p1a: Milotic|14/100
|
|-heal|p1a: Milotic|20/100|[from] item: Leftovers
|upkeep
|turn|18
|inactive|kkkuroi has 60 seconds left.
|
|t:|1776352036
|move|p2a: Ogerpon|Ivy Cudgel|p1a: Milotic|[anim] Ivy Cudgel Water
|-resisted|p1a: Milotic
|-damage|p1a: Milotic|0 fnt
|faint|p1a: Milotic
|
|upkeep
|
|t:|1776352040
|switch|p1a: Froslass|Froslass, F, shiny|1/100
|turn|19
|inactive|kkkuroi has 60 seconds left.
|
|t:|1776352058
|move|p1a: Froslass|Destiny Bond|p1a: Froslass
|-singlemove|p1a: Froslass|Destiny Bond
|move|p2a: Ogerpon|Encore|p1a: Froslass
|-start|p1a: Froslass|Encore
|
|upkeep
|turn|20
|
|t:|1776352070
|move|p1a: Froslass|Destiny Bond||[still]
|-fail|p1a: Froslass
|move|p2a: Ogerpon|Ivy Cudgel|p1a: Froslass|[anim] Ivy Cudgel Water
|-damage|p1a: Froslass|0 fnt
|faint|p1a: Froslass
|
|-sideend|p2: kkkuroi|move: Light Screen
|upkeep
|
|t:|1776352073
|switch|p1a: Ambipom|Ambipom, M|100/100
|turn|21
|
|t:|1776352084
|move|p1a: Ambipom|Fake Out|p2a: Ogerpon
|-damage|p2a: Ogerpon|47/100
|-damage|p1a: Ambipom|91/100|[from] item: Life Orb
|cant|p2a: Ogerpon|flinch
|
|-sideend|p2: kkkuroi|Reflect
|upkeep
|turn|22
|
|t:|1776352095
|move|p1a: Ambipom|Seed Bomb|p2a: Ogerpon
|-supereffective|p2a: Ogerpon
|-damage|p2a: Ogerpon|0 fnt
|faint|p2a: Ogerpon
|detailschange|p2: Ogerpon|Ogerpon-Wellspring, F|[silent]
|-damage|p1a: Ambipom|81/100|[from] item: Life Orb
|
|upkeep
|
|t:|1776352106
|switch|p2a: Raging Bolt|Raging Bolt|100/100
|-damage|p2a: Raging Bolt|88/100|[from] Stealth Rock
|-enditem|p2a: Raging Bolt|Booster Energy
|-activate|p2a: Raging Bolt|ability: Protosynthesis|[fromitem]
|-start|p2a: Raging Bolt|protosynthesisspa
|turn|23
|
|t:|1776352121
|move|p1a: Ambipom|Low Kick|p2a: Raging Bolt
|-damage|p2a: Raging Bolt|46/100
|-damage|p1a: Ambipom|71/100|[from] item: Life Orb
|move|p2a: Raging Bolt|Dragon Pulse|p1a: Ambipom
|-damage|p1a: Ambipom|0 fnt
|faint|p1a: Ambipom
|
|upkeep
|
|t:|1776352134
|switch|p1a: Gliscor|Gliscor, M|100/100
|turn|24
|
|t:|1776352141
|move|p1a: Gliscor|Protect|p1a: Gliscor
|-singleturn|p1a: Gliscor|Protect
|move|p2a: Raging Bolt|Dragon Pulse|p1a: Gliscor
|-activate|p1a: Gliscor|move: Protect
|
|-status|p1a: Gliscor|tox|[from] item: Toxic Orb
|upkeep
|turn|25
|
|t:|1776352150
|move|p2a: Raging Bolt|Dragon Pulse|p1a: Gliscor
|-damage|p1a: Gliscor|18/100 tox
|move|p1a: Gliscor|Earthquake|p2a: Raging Bolt
|-supereffective|p2a: Raging Bolt
|-damage|p2a: Raging Bolt|0 fnt
|faint|p2a: Raging Bolt
|-end|p2a: Raging Bolt|Protosynthesis|[silent]
|
|-heal|p1a: Gliscor|30/100 tox|[from] ability: Poison Heal
|upkeep
|
|t:|1776352169
|switch|p2a: Iron Moth|Iron Moth|57/100
|-damage|p2a: Iron Moth|32/100|[from] Stealth Rock
|turn|26
|
|t:|1776352179
|move|p1a: Gliscor|Protect|p1a: Gliscor
|-singleturn|p1a: Gliscor|Protect
|move|p2a: Iron Moth|Fiery Dance|p1a: Gliscor
|-activate|p1a: Gliscor|move: Protect
|
|-heal|p1a: Gliscor|43/100 tox|[from] ability: Poison Heal
|upkeep
|turn|27
|
|t:|1776352188
|-terastallize|p1a: Gliscor|Water
|move|p2a: Iron Moth|Fiery Dance|p1a: Gliscor
|-resisted|p1a: Gliscor
|-damage|p1a: Gliscor|20/100 tox
|-boost|p2a: Iron Moth|spa|1
|move|p1a: Gliscor|Earthquake|p2a: Iron Moth
|-supereffective|p2a: Iron Moth
|-damage|p2a: Iron Moth|0 fnt
|faint|p2a: Iron Moth
|-end|p2a: Iron Moth|Quark Drive|[silent]
|
|-heal|p1a: Gliscor|32/100 tox|[from] ability: Poison Heal
|upkeep
|
|t:|1776352203
|switch|p2a: Hatterene|Hatterene, F|100/100
|-damage|p2a: Hatterene|88/100|[from] Stealth Rock
|turn|28
|
|t:|1776352210
|move|p1a: Gliscor|Protect|p1a: Gliscor
|-singleturn|p1a: Gliscor|Protect
|move|p2a: Hatterene|Calm Mind|p2a: Hatterene
|-boost|p2a: Hatterene|spa|1
|-boost|p2a: Hatterene|spd|1
|
|-heal|p2a: Hatterene|94/100|[from] item: Leftovers
|-heal|p1a: Gliscor|45/100 tox|[from] ability: Poison Heal
|upkeep
|turn|29
|
|t:|1776352226
|move|p1a: Gliscor|Knock Off|p2a: Hatterene
|-damage|p2a: Hatterene|75/100
|-enditem|p2a: Hatterene|Leftovers|[from] move: Knock Off|[of] p1a: Gliscor
|move|p2a: Hatterene|Draining Kiss|p1a: Gliscor
|-damage|p1a: Gliscor|2/100 tox
|-heal|p2a: Hatterene|100/100|[from] drain|[of] p1a: Gliscor
|
|-heal|p1a: Gliscor|15/100 tox|[from] ability: Poison Heal
|upkeep
|turn|30
|
|t:|1776352246
|move|p1a: Gliscor|Protect|p1a: Gliscor
|-singleturn|p1a: Gliscor|Protect
|move|p2a: Hatterene|Calm Mind|p2a: Hatterene
|-boost|p2a: Hatterene|spa|1
|-boost|p2a: Hatterene|spd|1
|
|-heal|p1a: Gliscor|27/100 tox|[from] ability: Poison Heal
|upkeep
|turn|31
|c|☆kkkuroi|gg
|
|t:|1776352259
|move|p1a: Gliscor|Earthquake|p2a: Hatterene
|-damage|p2a: Hatterene|72/100
|move|p2a: Hatterene|Draining Kiss|p1a: Gliscor
|-damage|p1a: Gliscor|0 fnt
|-heal|p2a: Hatterene|95/100|[from] drain|[of] p1a: Gliscor
|faint|p1a: Gliscor
|
|win|kkkuroi
|raw|Carlos132's rating: 1194 &rarr; <strong>1167</strong><br />(-27 for losing)
|raw|kkkuroi's rating: 1162 &rarr; <strong>1189</strong><br />(+27 for winning)
|l|☆Carlos132
|player|p1|
|c|☆kkkuroi|:)))
