|html|<div class="broadcast-blue"><strong>[Gen 9] OU is currently suspecting Tera Blast! For information on how to participate check out the <a href="https://www.smogon.com/tools/suspects/view/200">suspect thread</a>.</strong></div>
|j|☆Soo8613
|j|☆leguilleretsmogogo
|t:|1776081565
|gametype|singles
|player|p1|Soo8613|170|1159
|player|p2|leguilleretsmogogo|brendan-gen3|1199
|gen|9
|tier|[Gen 9] OU
|rated|
|rule|HP Percentage Mod: HP is shown in percentages
|rule|Endless Battle Clause: Forcing endless battles is banned
|rule|Species Clause: Limit one of each Pokémon
|rule|OHKO Clause: OHKO moves are banned
|rule|Evasion Items Clause: Evasion items are banned
|rule|Evasion Moves Clause: Evasion moves are banned
|rule|Evasion Abilities Clause: Evasion abilities are banned
|rule|Sleep Moves Clause: Sleep-inducing moves are banned
|clearpoke
|poke|p1|Kingambit, M|
|poke|p1|Glimmora, M|
|poke|p1|Samurott-Hisui, M|
|poke|p1|Gliscor, F|
|poke|p1|Raging Bolt|
|poke|p1|Ceruledge, F|
|poke|p2|Sableye, M|
|poke|p2|Clodsire, F|
|poke|p2|Metagross|
|poke|p2|Weezing-Galar, M|
|poke|p2|Garganacl, M|
|poke|p2|Iron Moth|
|teampreview
|inactive|Battle timer is ON: inactive players will automatically lose when time's up. (requested by leguilleretsmogogo)
|
|t:|1776081578
|teamsize|p1|6
|teamsize|p2|6
|start
|switch|p1a: Glimmora|Glimmora, M|100/100
|switch|p2a: Bulldozer|Metagross, shiny|100/100
|turn|1
|
|t:|1776081608
|move|p1a: Glimmora|Stealth Rock|p2a: Bulldozer
|-sidestart|p2: leguilleretsmogogo|move: Stealth Rock
|move|p2a: Bulldozer|Heavy Slam|p1a: Glimmora
|-supereffective|p1a: Glimmora
|-enditem|p1a: Glimmora|Focus Sash
|-damage|p1a: Glimmora|1/100
|-activate|p1a: Glimmora|ability: Toxic Debris
|-sidestart|p2: leguilleretsmogogo|move: Toxic Spikes
|-damage|p2a: Bulldozer|91/100|[from] item: Life Orb
|
|upkeep
|turn|2
|inactive|Soo8613 has 120 seconds left.
|
|t:|1776081624
|move|p2a: Bulldozer|Bullet Punch|p1a: Glimmora
|-supereffective|p1a: Glimmora
|-damage|p1a: Glimmora|0 fnt
|-activate|p1a: Glimmora|ability: Toxic Debris
|-sidestart|p2: leguilleretsmogogo|move: Toxic Spikes
|faint|p1a: Glimmora
|-damage|p2a: Bulldozer|81/100|[from] item: Life Orb
|
|upkeep
|inactive|Soo8613 has 120 seconds left.
|inactive|Soo8613 has 90 seconds left.
|
|t:|1776081663
|switch|p1a: Gliscor|Gliscor, F|100/100
|turn|3
|
|t:|1776081676
|switch|p2a: Pierre|Garganacl, M|100/100
|-damage|p2a: Pierre|88/100|[from] Stealth Rock
|move|p1a: Gliscor|Knock Off|p2a: Pierre
|-damage|p2a: Pierre|76/100
|-enditem|p2a: Pierre|Leftovers|[from] move: Knock Off|[of] p1a: Gliscor
|
|-status|p1a: Gliscor|tox|[from] item: Toxic Orb
|upkeep
|turn|4
|
|t:|1776081691
|move|p1a: Gliscor|Earthquake|p2a: Pierre
|-supereffective|p2a: Pierre
|-damage|p2a: Pierre|41/100
|move|p2a: Pierre|Curse|p2a: Pierre
|-unboost|p2a: Pierre|spe|1
|-boost|p2a: Pierre|atk|1
|-boost|p2a: Pierre|def|1
|
|upkeep
|turn|5
|
|t:|1776081706
|-terastallize|p2a: Pierre|Grass
|move|p1a: Gliscor|Toxic|p2a: Pierre
|-immune|p2a: Pierre|[from] ability: Purifying Salt
|move|p2a: Pierre|Recover|p2a: Pierre
|-heal|p2a: Pierre|91/100
|
|upkeep
|turn|6
|inactive|Soo8613 has 90 seconds left.
|
|t:|1776081729
|switch|p1a: Raging Bolt|Raging Bolt|100/100
|-enditem|p1a: Raging Bolt|Booster Energy
|-activate|p1a: Raging Bolt|ability: Protosynthesis|[fromitem]
|-start|p1a: Raging Bolt|protosynthesisspa
|move|p2a: Pierre|Salt Cure|p1a: Raging Bolt
|-damage|p1a: Raging Bolt|85/100
|-start|p1a: Raging Bolt|Salt Cure
|
|-damage|p1a: Raging Bolt|72/100|[from] Salt Cure
|upkeep
|turn|7
|
|t:|1776081739
|move|p2a: Pierre|Protect|p2a: Pierre
|-singleturn|p2a: Pierre|Protect
|move|p1a: Raging Bolt|Dragon Pulse|p2a: Pierre
|-activate|p2a: Pierre|move: Protect
|
|-damage|p1a: Raging Bolt|60/100|[from] Salt Cure
|upkeep
|turn|8
|
|t:|1776081748
|switch|p2a: Thérèse|Clodsire, F|100/100
|-damage|p2a: Thérèse|94/100|[from] Stealth Rock
|-sideend|p2: leguilleretsmogogo|move: Toxic Spikes|[of] p2a: Thérèse
|move|p1a: Raging Bolt|Dragon Pulse|p2a: Thérèse
|-damage|p2a: Thérèse|59/100
|
|-heal|p2a: Thérèse|66/100|[from] item: Black Sludge
|-damage|p1a: Raging Bolt|48/100|[from] Salt Cure
|upkeep
|turn|9
|
|t:|1776081760
|move|p1a: Raging Bolt|Calm Mind|p1a: Raging Bolt
|-boost|p1a: Raging Bolt|spa|1
|-boost|p1a: Raging Bolt|spd|1
|move|p2a: Thérèse|Toxic|p1a: Raging Bolt
|-status|p1a: Raging Bolt|tox
|
|-heal|p2a: Thérèse|72/100|[from] item: Black Sludge
|-damage|p1a: Raging Bolt|41/100 tox|[from] psn
|-damage|p1a: Raging Bolt|29/100 tox|[from] Salt Cure
|upkeep
|turn|10
|
|t:|1776081772
|switch|p2a: Mr.Monopoly|Weezing-Galar, M|100/100
|-damage|p2a: Mr.Monopoly|88/100|[from] Stealth Rock
|move|p1a: Raging Bolt|Dragon Pulse|p2a: Mr.Monopoly
|-immune|p2a: Mr.Monopoly
|
|-damage|p1a: Raging Bolt|17/100 tox|[from] psn
|-damage|p1a: Raging Bolt|4/100 tox|[from] Salt Cure
|upkeep
|turn|11
|
|t:|1776081785
|switch|p2a: Thérèse|Clodsire, F|72/100
|-damage|p2a: Thérèse|66/100|[from] Stealth Rock
|move|p1a: Raging Bolt|Dragon Pulse|p2a: Thérèse
|-damage|p2a: Thérèse|9/100
|
|-heal|p2a: Thérèse|15/100|[from] item: Black Sludge
|-damage|p1a: Raging Bolt|0 fnt|[from] psn
|faint|p1a: Raging Bolt
|-end|p1a: Raging Bolt|Protosynthesis|[silent]
|upkeep
|
|t:|1776081796
|switch|p1a: Gliscor|Gliscor, F|100/100 tox
|turn|12
|
|t:|1776081804
|move|p1a: Gliscor|Knock Off|p2a: Thérèse
|-damage|p2a: Thérèse|0 fnt
|-enditem|p2a: Thérèse|Black Sludge|[from] move: Knock Off|[of] p1a: Gliscor
|faint|p2a: Thérèse
|
|upkeep
|
|t:|1776081813
|switch|p2a: Mr.Monopoly|Weezing-Galar, M|88/100
|-damage|p2a: Mr.Monopoly|76/100|[from] Stealth Rock
|turn|13
|
|t:|1776081820
|move|p1a: Gliscor|Knock Off|p2a: Mr.Monopoly
|-resisted|p2a: Mr.Monopoly
|-damage|p2a: Mr.Monopoly|69/100
|-damage|p1a: Gliscor|84/100 tox|[from] item: Rocky Helmet|[of] p2a: Mr.Monopoly
|-enditem|p2a: Mr.Monopoly|Rocky Helmet|[from] move: Knock Off|[of] p1a: Gliscor
|move|p2a: Mr.Monopoly|Defog|p1a: Gliscor
|-unboost|p1a: Gliscor|evasion|1
|-sideend|p2: leguilleretsmogogo|Stealth Rock|[from] move: Defog|[of] p2a: Mr.Monopoly
|
|-heal|p1a: Gliscor|96/100 tox|[from] ability: Poison Heal
|upkeep
|turn|14
|inactive|Soo8613 has 120 seconds left.
|
|t:|1776081839
|move|p1a: Gliscor|Knock Off|p2a: Mr.Monopoly
|-resisted|p2a: Mr.Monopoly
|-damage|p2a: Mr.Monopoly|64/100
|move|p2a: Mr.Monopoly|Flamethrower|p1a: Gliscor
|-damage|p1a: Gliscor|75/100 tox
|
|-heal|p1a: Gliscor|87/100 tox|[from] ability: Poison Heal
|upkeep
|turn|15
|
|t:|1776081847
|move|p1a: Gliscor|Earthquake|p2a: Mr.Monopoly
|-immune|p2a: Mr.Monopoly|[from] ability: Levitate
|move|p2a: Mr.Monopoly|Flamethrower|p1a: Gliscor
|-damage|p1a: Gliscor|67/100 tox
|
|-heal|p1a: Gliscor|79/100 tox|[from] ability: Poison Heal
|upkeep
|turn|16
|inactive|Soo8613 has 120 seconds left.
|
|t:|1776081860
|move|p1a: Gliscor|Knock Off|p2a: Mr.Monopoly
|-resisted|p2a: Mr.Monopoly
|-damage|p2a: Mr.Monopoly|59/100
|move|p2a: Mr.Monopoly|Flamethrower|p1a: Gliscor
|-damage|p1a: Gliscor|58/100 tox
|
|-heal|p1a: Gliscor|71/100 tox|[from] ability: Poison Heal
|upkeep
|turn|17
|inactive|Soo8613 has 120 seconds left.
|
|t:|1776081869
|move|p1a: Gliscor|Protect|p1a: Gliscor
|-singleturn|p1a: Gliscor|Protect
|move|p2a: Mr.Monopoly|Flamethrower|p1a: Gliscor
|-activate|p1a: Gliscor|move: Protect
|
|-heal|p1a: Gliscor|83/100 tox|[from] ability: Poison Heal
|upkeep
|turn|18
|
|t:|1776081879
|move|p1a: Gliscor|Knock Off|p2a: Mr.Monopoly
|-resisted|p2a: Mr.Monopoly
|-crit|p2a: Mr.Monopoly
|-damage|p2a: Mr.Monopoly|53/100
|move|p2a: Mr.Monopoly|Pain Split|p1a: Gliscor
|-sethp|p1a: Gliscor|67/100 tox|[from] move: Pain Split|[silent]
|-sethp|p2a: Mr.Monopoly|71/100|[from] move: Pain Split
|
|-heal|p1a: Gliscor|79/100 tox|[from] ability: Poison Heal
|upkeep
|turn|19
|c|☆Soo8613|youuu
|inactive|Soo8613 has 120 seconds left.
|
|t:|1776081899
|move|p1a: Gliscor|Knock Off|p2a: Mr.Monopoly
|-resisted|p2a: Mr.Monopoly
|-damage|p2a: Mr.Monopoly|66/100
|move|p2a: Mr.Monopoly|Flamethrower|p1a: Gliscor
|-damage|p1a: Gliscor|59/100 tox
|
|-heal|p1a: Gliscor|71/100 tox|[from] ability: Poison Heal
|upkeep
|turn|20
|inactive|Soo8613 has 120 seconds left.
|
|t:|1776081908
|move|p1a: Gliscor|Knock Off|p2a: Mr.Monopoly
|-resisted|p2a: Mr.Monopoly
|-damage|p2a: Mr.Monopoly|61/100
|move|p2a: Mr.Monopoly|Flamethrower|p1a: Gliscor
|-damage|p1a: Gliscor|47/100 tox
|
|-heal|p1a: Gliscor|60/100 tox|[from] ability: Poison Heal
|upkeep
|turn|21
|
|t:|1776081917
|move|p1a: Gliscor|Knock Off|p2a: Mr.Monopoly
|-resisted|p2a: Mr.Monopoly
|-damage|p2a: Mr.Monopoly|57/100
|move|p2a: Mr.Monopoly|Flamethrower|p1a: Gliscor
|-damage|p1a: Gliscor|39/100 tox
|
|-heal|p1a: Gliscor|52/100 tox|[from] ability: Poison Heal
|upkeep
|turn|22
|
|t:|1776081929
|move|p1a: Gliscor|Knock Off|p2a: Mr.Monopoly
|-resisted|p2a: Mr.Monopoly
|-damage|p2a: Mr.Monopoly|52/100
|move|p2a: Mr.Monopoly|Will-O-Wisp||[still]
|-fail|p2a: Mr.Monopoly
|
|-heal|p1a: Gliscor|64/100 tox|[from] ability: Poison Heal
|upkeep
|turn|23
|
|t:|1776081939
|move|p1a: Gliscor|Protect|p1a: Gliscor
|-singleturn|p1a: Gliscor|Protect
|move|p2a: Mr.Monopoly|Flamethrower|p1a: Gliscor
|-activate|p1a: Gliscor|move: Protect
|
|-heal|p1a: Gliscor|77/100 tox|[from] ability: Poison Heal
|upkeep
|turn|24
|
|t:|1776081947
|move|p1a: Gliscor|Protect||[still]
|-fail|p1a: Gliscor
|move|p2a: Mr.Monopoly|Flamethrower|p1a: Gliscor
|-damage|p1a: Gliscor|54/100 tox
|
|-heal|p1a: Gliscor|67/100 tox|[from] ability: Poison Heal
|upkeep
|turn|25
|
|t:|1776081955
|move|p1a: Gliscor|Knock Off|p2a: Mr.Monopoly
|-resisted|p2a: Mr.Monopoly
|-damage|p2a: Mr.Monopoly|48/100
|move|p2a: Mr.Monopoly|Flamethrower|p1a: Gliscor
|-damage|p1a: Gliscor|43/100 tox
|
|-heal|p1a: Gliscor|56/100 tox|[from] ability: Poison Heal
|upkeep
|turn|26
|
|t:|1776081964
|move|p1a: Gliscor|Knock Off|p2a: Mr.Monopoly
|-resisted|p2a: Mr.Monopoly
|-damage|p2a: Mr.Monopoly|42/100
|move|p2a: Mr.Monopoly|Flamethrower|p1a: Gliscor
|-damage|p1a: Gliscor|35/100 tox
|
|-heal|p1a: Gliscor|48/100 tox|[from] ability: Poison Heal
|upkeep
|turn|27
|
|t:|1776081974
|move|p1a: Gliscor|Knock Off|p2a: Mr.Monopoly
|-resisted|p2a: Mr.Monopoly
|-damage|p2a: Mr.Monopoly|38/100
|move|p2a: Mr.Monopoly|Flamethrower|p1a: Gliscor
|-damage|p1a: Gliscor|26/100 tox
|
|-heal|p1a: Gliscor|38/100 tox|[from] ability: Poison Heal
|upkeep
|turn|28
|
|t:|1776081985
|move|p1a: Gliscor|Protect|p1a: Gliscor
|-singleturn|p1a: Gliscor|Protect
|move|p2a: Mr.Monopoly|Flamethrower|p1a: Gliscor
|-activate|p1a: Gliscor|move: Protect
|
|-heal|p1a: Gliscor|51/100 tox|[from] ability: Poison Heal
|upkeep
|turn|29
|
|t:|1776081993
|move|p1a: Gliscor|Knock Off|p2a: Mr.Monopoly
|-resisted|p2a: Mr.Monopoly
|-damage|p2a: Mr.Monopoly|33/100
|move|p2a: Mr.Monopoly|Flamethrower|p1a: Gliscor
|-crit|p1a: Gliscor
|-damage|p1a: Gliscor|19/100 tox
|
|-heal|p1a: Gliscor|31/100 tox|[from] ability: Poison Heal
|upkeep
|turn|30
|
|t:|1776082003
|move|p1a: Gliscor|Knock Off|p2a: Mr.Monopoly
|-resisted|p2a: Mr.Monopoly
|-damage|p2a: Mr.Monopoly|29/100
|move|p2a: Mr.Monopoly|Flamethrower|p1a: Gliscor
|-damage|p1a: Gliscor|7/100 tox
|
|-heal|p1a: Gliscor|19/100 tox|[from] ability: Poison Heal
|upkeep
|turn|31
|
|t:|1776082013
|move|p1a: Gliscor|Protect|p1a: Gliscor
|-singleturn|p1a: Gliscor|Protect
|move|p2a: Mr.Monopoly|Flamethrower|p1a: Gliscor
|-activate|p1a: Gliscor|move: Protect
|
|-heal|p1a: Gliscor|32/100 tox|[from] ability: Poison Heal
|upkeep
|turn|32
|
|t:|1776082022
|move|p1a: Gliscor|Knock Off|p2a: Mr.Monopoly
|-resisted|p2a: Mr.Monopoly
|-damage|p2a: Mr.Monopoly|24/100
|move|p2a: Mr.Monopoly|Flamethrower|p1a: Gliscor
|-damage|p1a: Gliscor|9/100 tox
|
|-heal|p1a: Gliscor|21/100 tox|[from] ability: Poison Heal
|upkeep
|turn|33
|
|t:|1776082032
|move|p1a: Gliscor|Protect|p1a: Gliscor
|-singleturn|p1a: Gliscor|Protect
|move|p2a: Mr.Monopoly|Flamethrower|p1a: Gliscor
|-activate|p1a: Gliscor|move: Protect
|
|-heal|p1a: Gliscor|34/100 tox|[from] ability: Poison Heal
|upkeep
|turn|34
|
|t:|1776082041
|move|p1a: Gliscor|Knock Off|p2a: Mr.Monopoly
|-resisted|p2a: Mr.Monopoly
|-damage|p2a: Mr.Monopoly|19/100
|move|p2a: Mr.Monopoly|Flamethrower|p1a: Gliscor
|-damage|p1a: Gliscor|10/100 tox
|
|-heal|p1a: Gliscor|22/100 tox|[from] ability: Poison Heal
|upkeep
|turn|35
|
|t:|1776082050
|move|p1a: Gliscor|Protect|p1a: Gliscor
|-singleturn|p1a: Gliscor|Protect
|move|p2a: Mr.Monopoly|Will-O-Wisp|p1a: Gliscor
|-activate|p1a: Gliscor|move: Protect
|
|-heal|p1a: Gliscor|35/100 tox|[from] ability: Poison Heal
|upkeep
|turn|36
|
|t:|1776082059
|move|p1a: Gliscor|Knock Off|p2a: Mr.Monopoly
|-resisted|p2a: Mr.Monopoly
|-crit|p2a: Mr.Monopoly
|-damage|p2a: Mr.Monopoly|12/100
|move|p2a: Mr.Monopoly|Pain Split|p1a: Gliscor
|-sethp|p1a: Gliscor|23/100 tox|[from] move: Pain Split|[silent]
|-sethp|p2a: Mr.Monopoly|24/100|[from] move: Pain Split
|
|-heal|p1a: Gliscor|35/100 tox|[from] ability: Poison Heal
|upkeep
|turn|37
|
|t:|1776082070
|switch|p1a: Samurott|Samurott-Hisui, M|100/100
|move|p2a: Mr.Monopoly|Pain Split|p1a: Samurott
|-sethp|p1a: Samurott|63/100|[from] move: Pain Split|[silent]
|-sethp|p2a: Mr.Monopoly|60/100|[from] move: Pain Split
|
|upkeep
|turn|38
|
|t:|1776082079
|-terastallize|p1a: Samurott|Water
|move|p1a: Samurott|Aqua Cutter|p2a: Mr.Monopoly
|-damage|p2a: Mr.Monopoly|9/100
|-damage|p1a: Samurott|53/100|[from] item: Life Orb
|move|p2a: Mr.Monopoly|Will-O-Wisp|p1a: Samurott
|-status|p1a: Samurott|brn
|
|-damage|p1a: Samurott|47/100 brn|[from] brn
|upkeep
|turn|39
|
|t:|1776082092
|switch|p2a: Le Petit Gobelin|Sableye, M|100/100
|move|p1a: Samurott|Aqua Jet|p2a: Le Petit Gobelin
|-damage|p2a: Le Petit Gobelin|84/100
|-damage|p1a: Samurott|30/100 brn|[from] item: Rocky Helmet|[of] p2a: Le Petit Gobelin
|-damage|p1a: Samurott|20/100 brn|[from] item: Life Orb
|
|-damage|p1a: Samurott|14/100 brn|[from] brn
|upkeep
|turn|40
|
|t:|1776082103
|move|p2a: Le Petit Gobelin|Encore|p1a: Samurott
|-start|p1a: Samurott|Encore
|move|p1a: Samurott|Aqua Jet|p2a: Le Petit Gobelin
|-damage|p2a: Le Petit Gobelin|68/100
|-damage|p1a: Samurott|0 fnt|[from] item: Rocky Helmet|[of] p2a: Le Petit Gobelin
|faint|p1a: Samurott
|
|upkeep
|c|☆Soo8613|youuuuu
|
|t:|1776082120
|switch|p1a: Ceruledge|Ceruledge, F|100/100
|turn|41
|c|☆leguilleretsmogogo|Hehehe
|
|t:|1776082125
|move|p1a: Ceruledge|Bitter Blade|p2a: Le Petit Gobelin
|-damage|p2a: Le Petit Gobelin|28/100
|-damage|p1a: Ceruledge|84/100|[from] item: Rocky Helmet|[of] p2a: Le Petit Gobelin
|move|p2a: Le Petit Gobelin|Knock Off|p1a: Ceruledge
|-supereffective|p1a: Ceruledge
|-damage|p1a: Ceruledge|28/100
|-ability|p1a: Ceruledge|Weak Armor|boost
|-unboost|p1a: Ceruledge|def|1
|-boost|p1a: Ceruledge|spe|2
|-enditem|p1a: Ceruledge|Weakness Policy
|-boost|p1a: Ceruledge|atk|2|[from] item: Weakness Policy
|-boost|p1a: Ceruledge|spa|2|[from] item: Weakness Policy
|
|upkeep
|turn|42
|
|t:|1776082145
|move|p1a: Ceruledge|Bitter Blade|p2a: Le Petit Gobelin
|-damage|p2a: Le Petit Gobelin|0 fnt
|-heal|p1a: Ceruledge|42/100|[from] drain|[of] p2a: Le Petit Gobelin
|-damage|p1a: Ceruledge|26/100|[from] item: Rocky Helmet|[of] p2a: Le Petit Gobelin
|faint|p2a: Le Petit Gobelin
|
|upkeep
|
|t:|1776082153
|switch|p2a: Bulldozer|Metagross, shiny|81/100
|turn|43
|
|t:|1776082158
|move|p2a: Bulldozer|Bullet Punch|p1a: Ceruledge
|-resisted|p1a: Ceruledge
|-damage|p1a: Ceruledge|0 fnt
|faint|p1a: Ceruledge
|-damage|p2a: Bulldozer|71/100|[from] item: Life Orb
|
|upkeep
|
|t:|1776082166
|switch|p1a: Gliscor|Gliscor, F|35/100 tox
|turn|44
|
|t:|1776082173
|move|p1a: Gliscor|Knock Off|p2a: Bulldozer
|-supereffective|p2a: Bulldozer
|-damage|p2a: Bulldozer|36/100
|-enditem|p2a: Bulldozer|Life Orb|[from] move: Knock Off|[of] p1a: Gliscor
|move|p2a: Bulldozer|Heavy Slam|p1a: Gliscor
|-damage|p1a: Gliscor|0 fnt
|faint|p1a: Gliscor
|
|upkeep
|
|t:|1776082180
|switch|p1a: Kingambit|Kingambit, M|100/100
|-activate|p1a: Kingambit|ability: Supreme Overlord
|-start|p1a: Kingambit|fallen5|[silent]
|turn|45
|
|t:|1776082187
|move|p2a: Bulldozer|Earthquake|p1a: Kingambit
|-supereffective|p1a: Kingambit
|-damage|p1a: Kingambit|40/100
|move|p1a: Kingambit|Lash Out|p2a: Bulldozer
|-supereffective|p2a: Bulldozer
|-crit|p2a: Bulldozer
|-damage|p2a: Bulldozer|0 fnt
|faint|p2a: Bulldozer
|-damage|p1a: Kingambit|30/100|[from] item: Life Orb
|
|upkeep
|
|t:|1776082197
|switch|p2a: Iron Moth|Iron Moth|100/100
|turn|46
|
|t:|1776082207
|move|p1a: Kingambit|Sucker Punch|p2a: Iron Moth
|-damage|p2a: Iron Moth|0 fnt
|faint|p2a: Iron Moth
|-end|p2a: Iron Moth|Quark Drive|[silent]
|-damage|p1a: Kingambit|20/100|[from] item: Life Orb
|
|upkeep
|
|t:|1776082214
|switch|p2a: Mr.Monopoly|Weezing-Galar, M|9/100
|turn|47
|
|t:|1776082225
|move|p2a: Mr.Monopoly|Flamethrower|p1a: Kingambit
|-supereffective|p1a: Kingambit
|-damage|p1a: Kingambit|0 fnt
|faint|p1a: Kingambit
|-end|p1a: Kingambit|fallen5|[silent]
|
|win|leguilleretsmogogo
|raw|Soo8613's rating: 1159 &rarr; <strong>1137</strong><br />(-22 for losing)
|raw|leguilleretsmogogo's rating: 1199 &rarr; <strong>1221</strong><br />(+22 for winning)
|l|☆leguilleretsmogogo
|player|p2|
