|html|<div class="broadcast-blue"><strong>[Gen 9] OU is currently suspecting Tera Blast! For information on how to participate check out the <a href="https://www.smogon.com/tools/suspects/view/200">suspect thread</a>.</strong></div>
|j|☆Bridgealudon
|j|☆Goofy Greg
|t:|1776098981
|gametype|singles
|player|p1|Bridgealudon|youngster-gen4dp|1182
|player|p2|Goofy Greg|hoopster|1147
|gen|9
|tier|[Gen 9] OU
|rated|
|rule|HP Percentage Mod: HP is shown in percentages
|rule|Endless Battle Clause: Forcing endless battles is banned
|rule|Species Clause: Limit one of each Pokémon
|rule|OHKO Clause: OHKO moves are banned
|rule|Evasion Items Clause: Evasion items are banned
|rule|Evasion Moves Clause: Evasion moves are banned
|rule|Evasion Abilities Clause: Evasion abilities are banned
|rule|Sleep Moves Clause: Sleep-inducing moves are banned
|clearpoke
|poke|p1|Garganacl, M|
|poke|p1|Darkrai|
|poke|p1|Serperior, M|
|poke|p1|Armarouge, F|
|poke|p1|Scizor, F|
|poke|p1|Iron Treads|
|poke|p2|Tauros, M|
|poke|p2|Snorlax, M|
|poke|p2|Chansey, F|
|poke|p2|Gengar, F|
|poke|p2|Zapdos|
|poke|p2|Hitmonlee, M|
|teampreview
|inactive|Battle timer is ON: inactive players will automatically lose when time's up. (requested by Bridgealudon)
|
|t:|1776098990
|teamsize|p1|6
|teamsize|p2|6
|start
|switch|p1a: Garganacl|Garganacl, M, shiny|100/100
|switch|p2a: Frank|Snorlax, M|100/100
|turn|1
|c|☆Bridgealudon|Full kanto?
|
|t:|1776099004
|move|p1a: Garganacl|Salt Cure|p2a: Frank
|-damage|p2a: Frank|87/100
|-start|p2a: Frank|Salt Cure
|move|p2a: Frank|Earthquake|p1a: Garganacl
|-supereffective|p1a: Garganacl
|-crit|p1a: Garganacl
|-damage|p1a: Garganacl|47/100
|
|-damage|p2a: Frank|75/100|[from] Salt Cure
|upkeep
|turn|2
|
|t:|1776099025
|switch|p2a: The Horns|Tauros, M|100/100
|-ability|p2a: The Horns|Intimidate|boost
|-unboost|p1a: Garganacl|atk|1
|move|p1a: Garganacl|Recover|p1a: Garganacl
|-heal|p1a: Garganacl|97/100
|
|upkeep
|turn|3
|
|t:|1776099040
|switch|p1a: Serperior|Serperior, M, shiny|100/100
|move|p2a: The Horns|Close Combat|p1a: Serperior
|-damage|p1a: Serperior|41/100
|-unboost|p2a: The Horns|def|1
|-unboost|p2a: The Horns|spd|1
|-damage|p2a: The Horns|91/100|[from] item: Life Orb
|
|upkeep
|turn|4
|
|t:|1776099052
|move|p1a: Serperior|Leaf Storm|p2a: The Horns
|-damage|p2a: The Horns|0 fnt
|-boost|p1a: Serperior|spa|2
|faint|p2a: The Horns
|-damage|p1a: Serperior|31/100|[from] item: Life Orb
|
|upkeep
|
|t:|1776099060
|switch|p2a: Goofgar|Gengar, F, shiny|100/100
|turn|5
|
|t:|1776099066
|switch|p1a: Iron Treads|Iron Treads|100/100
|move|p2a: Goofgar|Sludge Wave|p1a: Iron Treads
|-immune|p1a: Iron Treads
|
|upkeep
|turn|6
|
|t:|1776099078
|switch|p2a: Frank|Snorlax, M|75/100
|move|p1a: Iron Treads|Stealth Rock|p2a: Frank
|-sidestart|p2: Goofy Greg|move: Stealth Rock
|
|upkeep
|turn|7
|
|t:|1776099085
|move|p1a: Iron Treads|Knock Off|p2a: Frank
|-damage|p2a: Frank|49/100
|-enditem|p2a: Frank|Assault Vest|[from] move: Knock Off|[of] p1a: Iron Treads
|move|p2a: Frank|Earthquake|p1a: Iron Treads
|-supereffective|p1a: Iron Treads
|-damage|p1a: Iron Treads|36/100
|
|upkeep
|turn|8
|
|t:|1776099107
|move|p1a: Iron Treads|Earthquake|p2a: Frank
|-damage|p2a: Frank|6/100
|move|p2a: Frank|Earthquake|p1a: Iron Treads
|-supereffective|p1a: Iron Treads
|-damage|p1a: Iron Treads|0 fnt
|faint|p1a: Iron Treads
|-end|p1a: Iron Treads|Quark Drive|[silent]
|
|upkeep
|
|t:|1776099110
|switch|p1a: Scizor|Scizor, F|100/100
|turn|9
|
|t:|1776099116
|move|p1a: Scizor|Bullet Punch|p2a: Frank
|-damage|p2a: Frank|0 fnt
|faint|p2a: Frank
|
|upkeep
|
|t:|1776099121
|switch|p2a: Zaptres|Zapdos|100/100
|turn|10
|
|t:|1776099132
|move|p2a: Zaptres|Thunderbolt|p1a: Scizor
|-damage|p1a: Scizor|42/100
|move|p1a: Scizor|U-turn|p2a: Zaptres
|-resisted|p2a: Zaptres
|-damage|p2a: Zaptres|75/100
|-status|p1a: Scizor|par|[from] ability: Static|[of] p2a: Zaptres
|
|t:|1776099142
|switch|p1a: Darkrai|Darkrai|100/100|[from] U-turn
|
|upkeep
|turn|11
|
|t:|1776099146
|switch|p2a: Sportsbook|Chansey, F|100/100
|-damage|p2a: Sportsbook|88/100|[from] Stealth Rock
|move|p1a: Darkrai|Ice Beam|p2a: Sportsbook
|-damage|p2a: Sportsbook|78/100
|
|upkeep
|turn|12
|
|t:|1776099152
|switch|p1a: Garganacl|Garganacl, M, shiny|97/100
|move|p2a: Sportsbook|Thunder Wave|p1a: Garganacl
|-immune|p1a: Garganacl|[from] ability: Purifying Salt
|
|upkeep
|turn|13
|
|t:|1776099160
|switch|p2a: Stompers|Hitmonlee, M|100/100
|-damage|p2a: Stompers|94/100|[from] Stealth Rock
|move|p1a: Garganacl|Salt Cure|p2a: Stompers
|-resisted|p2a: Stompers
|-damage|p2a: Stompers|81/100
|-start|p2a: Stompers|Salt Cure
|
|-damage|p2a: Stompers|69/100|[from] Salt Cure
|upkeep
|turn|14
|
|t:|1776099169
|move|p2a: Stompers|High Jump Kick|p1a: Garganacl
|-supereffective|p1a: Garganacl
|-damage|p1a: Garganacl|0 fnt
|-damage|p2a: Stompers|52/100|[from] item: Rocky Helmet|[of] p1a: Garganacl
|faint|p1a: Garganacl
|
|-damage|p2a: Stompers|40/100|[from] Salt Cure
|upkeep
|
|t:|1776099179
|switch|p1a: Armarouge|Armarouge, F|100/100
|turn|15
|
|t:|1776099190
|move|p1a: Armarouge|Flame Charge|p2a: Stompers
|-damage|p2a: Stompers|20/100
|-boost|p1a: Armarouge|spe|1
|move|p2a: Stompers|Knock Off|p1a: Armarouge
|-supereffective|p1a: Armarouge
|-damage|p1a: Armarouge|28/100
|-ability|p1a: Armarouge|Weak Armor|boost
|-unboost|p1a: Armarouge|def|1
|-boost|p1a: Armarouge|spe|2
|-enditem|p1a: Armarouge|Weakness Policy
|-boost|p1a: Armarouge|atk|2|[from] item: Weakness Policy
|-boost|p1a: Armarouge|spa|2|[from] item: Weakness Policy
|
|-damage|p2a: Stompers|7/100|[from] Salt Cure
|upkeep
|turn|16
|
|t:|1776099205
|move|p2a: Stompers|Mach Punch|p1a: Armarouge
|-resisted|p1a: Armarouge
|-damage|p1a: Armarouge|9/100
|-ability|p1a: Armarouge|Weak Armor|boost
|-unboost|p1a: Armarouge|def|1
|-boost|p1a: Armarouge|spe|2
|move|p1a: Armarouge|Stored Power|p2a: Stompers
|-supereffective|p2a: Stompers
|-damage|p2a: Stompers|0 fnt
|faint|p2a: Stompers
|
|upkeep
|inactive|Goofy Greg has 120 seconds left.
|
|t:|1776099235
|switch|p2a: Zaptres|Zapdos|75/100
|turn|17
|
|t:|1776099246
|move|p1a: Armarouge|Stored Power|p2a: Zaptres
|-damage|p2a: Zaptres|0 fnt
|faint|p2a: Zaptres
|
|upkeep
|
|t:|1776099250
|switch|p2a: Sportsbook|Chansey, F|78/100
|-damage|p2a: Sportsbook|65/100|[from] Stealth Rock
|turn|18
|
|t:|1776099253
|move|p1a: Armarouge|Stored Power|p2a: Sportsbook
|-damage|p2a: Sportsbook|15/100
|move|p2a: Sportsbook|Seismic Toss|p1a: Armarouge
|-damage|p1a: Armarouge|0 fnt
|faint|p1a: Armarouge
|
|upkeep
|
|t:|1776099263
|switch|p1a: Scizor|Scizor, F|42/100 par
|turn|19
|
|t:|1776099265
|move|p1a: Scizor|Bullet Punch|p2a: Sportsbook
|-damage|p2a: Sportsbook|0 fnt
|faint|p2a: Sportsbook
|
|-heal|p1a: Scizor|49/100 par|[from] item: Leftovers
|upkeep
|
|t:|1776099270
|switch|p2a: Goofgar|Gengar, F, shiny|100/100
|-damage|p2a: Goofgar|88/100|[from] Stealth Rock
|turn|20
|
|t:|1776099276
|move|p2a: Goofgar|Shadow Ball|p1a: Scizor
|-damage|p1a: Scizor|0 fnt
|faint|p1a: Scizor
|
|upkeep
|
|t:|1776099280
|switch|p1a: Darkrai|Darkrai|100/100
|turn|21
|
|t:|1776099290
|-terastallize|p2a: Goofgar|Grass
|move|p1a: Darkrai|Trick|p2a: Goofgar
|-activate|p1a: Darkrai|move: Trick|[of] p2a: Goofgar
|-item|p2a: Goofgar|Choice Specs|[from] move: Trick
|-item|p1a: Darkrai|Focus Sash|[from] move: Trick
|move|p2a: Goofgar|Giga Drain|p1a: Darkrai
|-damage|p1a: Darkrai|18/100
|-heal|p2a: Goofgar|100/100|[from] drain|[of] p1a: Darkrai
|
|upkeep
|turn|22
|
|t:|1776099298
|move|p1a: Darkrai|Ice Beam|p2a: Goofgar
|-supereffective|p2a: Goofgar
|-damage|p2a: Goofgar|2/100
|move|p2a: Goofgar|Giga Drain|p1a: Darkrai
|-damage|p1a: Darkrai|0 fnt
|-heal|p2a: Goofgar|12/100|[from] drain|[of] p1a: Darkrai
|faint|p1a: Darkrai
|
|upkeep
|
|t:|1776099300
|switch|p1a: Serperior|Serperior, M, shiny|31/100
|turn|23
|
|t:|1776099307
|-terastallize|p1a: Serperior|Water
|move|p1a: Serperior|Dragon Pulse|p2a: Goofgar
|-damage|p2a: Goofgar|0 fnt
|faint|p2a: Goofgar
|-damage|p1a: Serperior|21/100|[from] item: Life Orb
|
|win|Bridgealudon
|raw|Bridgealudon's rating: 1182 &rarr; <strong>1204</strong><br />(+22 for winning)
|raw|Goofy Greg's rating: 1147 &rarr; <strong>1125</strong><br />(-22 for losing)
|l|☆Goofy Greg
|player|p2|
|l|☆Bridgealudon
|player|p1|
