|html|<div class="broadcast-blue"><strong>[Gen 9] OU is currently suspecting Tera Blast! For information on how to participate check out the <a href="https://www.smogon.com/tools/suspects/view/200">suspect thread</a>.</strong></div>
|j|☆huguit0
|j|☆Marowakked
|t:|1776075862
|gametype|singles
|player|p1|huguit0|steven|1090
|player|p2|Marowakked|170|1084
|gen|9
|tier|[Gen 9] OU
|rated|
|rule|HP Percentage Mod: HP is shown in percentages
|rule|Endless Battle Clause: Forcing endless battles is banned
|rule|Species Clause: Limit one of each Pokémon
|rule|OHKO Clause: OHKO moves are banned
|rule|Evasion Items Clause: Evasion items are banned
|rule|Evasion Moves Clause: Evasion moves are banned
|rule|Evasion Abilities Clause: Evasion abilities are banned
|rule|Sleep Moves Clause: Sleep-inducing moves are banned
|clearpoke
|poke|p1|Slaking, M|
|poke|p1|Pikachu-Kalos, M|
|poke|p1|Naclstack, F|
|poke|p1|Umbreon, F|
|poke|p1|Salamence, M|
|poke|p1|Florges-White, F|
|poke|p2|Ceruledge, M|
|poke|p2|Garchomp, M|
|poke|p2|Hatterene, F|
|poke|p2|Ogerpon-Wellspring, F|
|poke|p2|Garganacl, F|
|poke|p2|Heatran, M|
|teampreview
|inactive|Battle timer is ON: inactive players will automatically lose when time's up. (requested by huguit0)
|
|t:|1776075886
|teamsize|p1|6
|teamsize|p2|6
|start
|switch|p1a: Enebro|Naclstack, F|100/100
|switch|p2a: Hatterene|Hatterene, F|100/100
|turn|1
|
|t:|1776075892
|move|p1a: Enebro|Salt Cure|p2a: Hatterene
|-damage|p2a: Hatterene|88/100
|-start|p2a: Hatterene|Salt Cure
|move|p2a: Hatterene|Trick Room|p2a: Hatterene
|-fieldstart|move: Trick Room|[of] p2a: Hatterene
|
|-heal|p2a: Hatterene|93/100|[from] item: Leftovers
|-damage|p2a: Hatterene|81/100|[from] Salt Cure
|upkeep
|turn|2
|
|t:|1776075900
|move|p2a: Hatterene|Psychic Terrain|p2a: Hatterene
|-fieldstart|move: Psychic Terrain
|move|p1a: Enebro|Iron Defense|p1a: Enebro
|-boost|p1a: Enebro|def|2
|
|-heal|p2a: Hatterene|87/100|[from] item: Leftovers
|-damage|p2a: Hatterene|75/100|[from] Salt Cure
|upkeep
|turn|3
|
|t:|1776075908
|switch|p1a: Iris|Umbreon, F, shiny|100/100
|move|p2a: Hatterene|Expanding Force|p1a: Iris
|-immune|p1a: Iris
|
|-heal|p2a: Hatterene|81/100|[from] item: Leftovers
|-damage|p2a: Hatterene|69/100|[from] Salt Cure
|upkeep
|turn|4
|
|t:|1776075917
|move|p1a: Iris|Protect|p1a: Iris
|-singleturn|p1a: Iris|Protect
|move|p2a: Hatterene|Dazzling Gleam|p1a: Iris
|-activate|p1a: Iris|move: Protect
|
|-heal|p2a: Hatterene|75/100|[from] item: Leftovers
|-damage|p2a: Hatterene|62/100|[from] Salt Cure
|upkeep
|turn|5
|
|t:|1776075926
|switch|p1a: Camelia|Florges-White, F|100/100
|move|p2a: Hatterene|Dazzling Gleam|p1a: Camelia
|-damage|p1a: Camelia|78/100
|
|-heal|p2a: Hatterene|68/100|[from] item: Leftovers
|-heal|p1a: Camelia|84/100|[from] item: Leftovers
|-damage|p2a: Hatterene|56/100|[from] Salt Cure
|-fieldend|move: Trick Room
|upkeep
|turn|6
|
|t:|1776075942
|move|p1a: Camelia|Protect|p1a: Camelia
|-singleturn|p1a: Camelia|Protect
|move|p2a: Hatterene|Expanding Force|p1a: Camelia
|-activate|p1a: Camelia|move: Protect
|
|-heal|p1a: Camelia|90/100|[from] item: Leftovers
|-heal|p2a: Hatterene|62/100|[from] item: Leftovers
|-damage|p2a: Hatterene|50/100|[from] Salt Cure
|-fieldend|move: Psychic Terrain
|upkeep
|turn|7
|
|t:|1776075958
|move|p1a: Camelia|Calm Mind|p1a: Camelia
|-boost|p1a: Camelia|spa|1
|-boost|p1a: Camelia|spd|1
|move|p2a: Hatterene|Dazzling Gleam|p1a: Camelia
|-damage|p1a: Camelia|76/100
|
|-heal|p1a: Camelia|82/100|[from] item: Leftovers
|-heal|p2a: Hatterene|56/100|[from] item: Leftovers
|-damage|p2a: Hatterene|44/100|[from] Salt Cure
|upkeep
|turn|8
|
|t:|1776075966
|move|p1a: Camelia|Calm Mind|p1a: Camelia
|-boost|p1a: Camelia|spa|1
|-boost|p1a: Camelia|spd|1
|move|p2a: Hatterene|Expanding Force|p1a: Camelia
|-damage|p1a: Camelia|70/100
|
|-heal|p1a: Camelia|77/100|[from] item: Leftovers
|-heal|p2a: Hatterene|50/100|[from] item: Leftovers
|-damage|p2a: Hatterene|37/100|[from] Salt Cure
|upkeep
|turn|9
|
|t:|1776075975
|switch|p2a: Ogerpon|Ogerpon-Wellspring, F|100/100
|move|p1a: Camelia|Calm Mind|p1a: Camelia
|-boost|p1a: Camelia|spa|1
|-boost|p1a: Camelia|spd|1
|
|-heal|p1a: Camelia|83/100|[from] item: Leftovers
|upkeep
|turn|10
|
|t:|1776075983
|move|p1a: Camelia|Protect|p1a: Camelia
|-singleturn|p1a: Camelia|Protect
|move|p2a: Ogerpon|Swords Dance|p2a: Ogerpon
|-boost|p2a: Ogerpon|atk|2
|
|-heal|p1a: Camelia|89/100|[from] item: Leftovers
|upkeep
|turn|11
|
|t:|1776075992
|switch|p1a: Enebro|Naclstack, F|100/100
|move|p2a: Ogerpon|Swords Dance|p2a: Ogerpon
|-boost|p2a: Ogerpon|atk|2
|
|upkeep
|turn|12
|
|t:|1776075998
|move|p2a: Ogerpon|Ivy Cudgel|p1a: Enebro|[anim] Ivy Cudgel Water
|-supereffective|p1a: Enebro
|-damage|p1a: Enebro|0 fnt
|faint|p1a: Enebro
|
|upkeep
|
|t:|1776076004
|switch|p1a: Iris|Umbreon, F, shiny|100/100
|turn|13
|c|☆Marowakked|what was the plan
|
|t:|1776076007
|move|p2a: Ogerpon|Ivy Cudgel|p1a: Iris|[anim] Ivy Cudgel Water
|-damage|p1a: Iris|0 fnt
|faint|p1a: Iris
|
|upkeep
|-message|huguit0 forfeited.
|
|win|Marowakked
|raw|huguit0's rating: 1090 &rarr; <strong>1066</strong><br />(-24 for losing)
|raw|Marowakked's rating: 1084 &rarr; <strong>1112</strong><br />(+28 for winning)
|l|☆huguit0
|player|p1|
|c|☆Marowakked|dummy
|l|☆Marowakked
|player|p2|
