|html|<div class="broadcast-blue"><strong>[Gen 9] OU is currently suspecting Tera Blast! For information on how to participate check out the <a href="https://www.smogon.com/tools/suspects/view/200">suspect thread</a>.</strong></div>
|j|☆trvtah
|j|☆snurke
|t:|1776069444
|gametype|singles
|player|p1|trvtah|steven|1480
|player|p2|snurke|sisandbro|1586
|gen|9
|tier|[Gen 9] OU
|rated|
|rule|HP Percentage Mod: HP is shown in percentages
|rule|Endless Battle Clause: Forcing endless battles is banned
|rule|Species Clause: Limit one of each Pokémon
|rule|OHKO Clause: OHKO moves are banned
|rule|Evasion Items Clause: Evasion items are banned
|rule|Evasion Moves Clause: Evasion moves are banned
|rule|Evasion Abilities Clause: Evasion abilities are banned
|rule|Sleep Moves Clause: Sleep-inducing moves are banned
|clearpoke
|poke|p1|Tyranitar, M|
|poke|p1|Excadrill, M|
|poke|p1|Tornadus-Therian, M|
|poke|p1|Tinkaton, F|
|poke|p1|Sinistcha|
|poke|p1|Toxapex, M|
|poke|p2|Mew|
|poke|p2|Great Tusk|
|poke|p2|Kingambit, M|
|poke|p2|Ceruledge, F|
|poke|p2|Slowking, F|
|poke|p2|Gliscor, M|
|teampreview
|
|t:|1776069462
|teamsize|p1|6
|teamsize|p2|6
|start
|switch|p1a: Tinkaton|Tinkaton, F, shiny|100/100
|switch|p2a: Mew|Mew, shiny|100/100
|-item|p1a: Tinkaton|Air Balloon
|turn|1
|inactive|Battle timer is ON: inactive players will automatically lose when time's up. (requested by snurke)
|
|t:|1776069487
|move|p2a: Mew|Imprison|p2a: Mew
|-start|p2a: Mew|move: Imprison
|move|p1a: Tinkaton|Encore|p2a: Mew
|-start|p2a: Mew|Encore
|
|upkeep
|turn|2
|
|t:|1776069507
|switch|p2a: Slowking|Slowking, F, shiny|100/100
|move|p1a: Tinkaton|Gigaton Hammer|p2a: Slowking
|-resisted|p2a: Slowking
|-damage|p2a: Slowking|70/100
|
|upkeep
|turn|3
|
|t:|1776069518
|move|p1a: Tinkaton|Stealth Rock|p2a: Slowking
|-sidestart|p2: snurke|move: Stealth Rock
|move|p2a: Slowking|Scald|p1a: Tinkaton
|-damage|p1a: Tinkaton|69/100
|-enditem|p1a: Tinkaton|Air Balloon
|
|upkeep
|turn|4
|
|t:|1776069540
|switch|p1a: Toxapex|Toxapex, M, shiny|100/100
|move|p2a: Slowking|Reflect|p2a: Slowking
|-sidestart|p2: snurke|Reflect
|
|upkeep
|turn|5
|
|t:|1776069548
|switch|p2a: Gliscor|Gliscor, M, shiny|100/100
|-damage|p2a: Gliscor|88/100|[from] Stealth Rock
|move|p1a: Toxapex|Liquidation|p2a: Gliscor
|-supereffective|p2a: Gliscor
|-damage|p2a: Gliscor|73/100
|
|-status|p2a: Gliscor|tox|[from] item: Toxic Orb
|upkeep
|turn|6
|
|t:|1776069568
|move|p2a: Gliscor|Swords Dance|p2a: Gliscor
|-boost|p2a: Gliscor|atk|2
|move|p1a: Toxapex|Liquidation|p2a: Gliscor
|-supereffective|p2a: Gliscor
|-damage|p2a: Gliscor|56/100 tox
|
|-heal|p2a: Gliscor|68/100 tox|[from] ability: Poison Heal
|upkeep
|turn|7
|
|t:|1776069581
|switch|p1a: Tornadus|Tornadus-Therian, M, shiny|100/100
|move|p2a: Gliscor|Agility|p2a: Gliscor
|-boost|p2a: Gliscor|spe|2
|
|-heal|p2a: Gliscor|81/100 tox|[from] ability: Poison Heal
|upkeep
|turn|8
|inactive|trvtah has 120 seconds left.
|inactive|trvtah has 90 seconds left.
|
|t:|1776069653
|switch|p1a: Sinistcha|Sinistcha, shiny|100/100
|move|p2a: Gliscor|Facade|p1a: Sinistcha
|-immune|p1a: Sinistcha
|
|-heal|p2a: Gliscor|93/100 tox|[from] ability: Poison Heal
|upkeep
|turn|9
|
|t:|1776069667
|move|p2a: Gliscor|Swords Dance|p2a: Gliscor
|-boost|p2a: Gliscor|atk|2
|move|p1a: Sinistcha|Strength Sap|p2a: Gliscor
|-unboost|p2a: Gliscor|atk|1
|
|-heal|p2a: Gliscor|100/100 tox|[from] ability: Poison Heal
|upkeep
|turn|10
|inactive|trvtah has 60 seconds left.
|
|t:|1776069684
|move|p2a: Gliscor|Swords Dance|p2a: Gliscor
|-boost|p2a: Gliscor|atk|2
|move|p1a: Sinistcha|Strength Sap|p2a: Gliscor
|-unboost|p2a: Gliscor|atk|1
|
|upkeep
|turn|11
|
|t:|1776069690
|switch|p1a: Toxapex|Toxapex, M, shiny|100/100
|move|p2a: Gliscor|Knock Off|p1a: Toxapex
|-damage|p1a: Toxapex|48/100
|-enditem|p1a: Toxapex|Eject Button|[from] move: Knock Off|[of] p2a: Gliscor
|
|-sideend|p2: snurke|Reflect
|upkeep
|turn|12
|inactive|trvtah has 60 seconds left.
|
|t:|1776069714
|switch|p1a: Sinistcha|Sinistcha, shiny|100/100
|move|p2a: Gliscor|Swords Dance|p2a: Gliscor
|-boost|p2a: Gliscor|atk|2
|
|upkeep
|turn|13
|
|t:|1776069723
|move|p2a: Gliscor|Knock Off|p1a: Sinistcha
|-supereffective|p1a: Sinistcha
|-damage|p1a: Sinistcha|0 fnt
|-enditem|p1a: Sinistcha|Leftovers|[from] move: Knock Off|[of] p2a: Gliscor
|faint|p1a: Sinistcha
|
|upkeep
|inactive|trvtah has 60 seconds left.
|
|t:|1776069739
|switch|p1a: Toxapex|Toxapex, M, shiny|82/100
|turn|14
|inactive|trvtah has 60 seconds left.
|
|t:|1776069744
|switch|p1a: Tinkaton|Tinkaton, F, shiny|69/100
|move|p2a: Gliscor|Facade|p1a: Tinkaton
|-resisted|p1a: Tinkaton
|-damage|p1a: Tinkaton|0 fnt
|faint|p1a: Tinkaton
|
|upkeep
|
|t:|1776069748
|switch|p1a: Toxapex|Toxapex, M, shiny|100/100
|turn|15
|
|t:|1776069753
|move|p2a: Gliscor|Facade|p1a: Toxapex
|-damage|p1a: Toxapex|0 fnt
|faint|p1a: Toxapex
|
|upkeep
|-message|trvtah forfeited.
|
|win|snurke
|raw|trvtah's rating: 1480 &rarr; <strong>1466</strong><br />(-14 for losing)
|raw|snurke's rating: 1586 &rarr; <strong>1600</strong><br />(+14 for winning)
|l|☆trvtah
|player|p1|
