|html|<div class="broadcast-blue"><strong>[Gen 9] OU is currently suspecting Tera Blast! For information on how to participate check out the <a href="https://www.smogon.com/tools/suspects/view/200">suspect thread</a>.</strong></div>
|j|☆Isabel Schmitt
|j|☆AbilioBrunini
|inactive|Battle timer is ON: inactive players will automatically lose when time's up.
|t:|1776298461
|gametype|singles
|player|p1|Isabel Schmitt|cynthia-masters4|
|player|p2|AbilioBrunini|preschooler|
|gen|9
|tier|[Gen 9] OU
|rated|Tournament battle
|rule|HP Percentage Mod: HP is shown in percentages
|rule|Endless Battle Clause: Forcing endless battles is banned
|rule|Species Clause: Limit one of each Pokémon
|rule|OHKO Clause: OHKO moves are banned
|rule|Evasion Items Clause: Evasion items are banned
|rule|Evasion Moves Clause: Evasion moves are banned
|rule|Evasion Abilities Clause: Evasion abilities are banned
|rule|Sleep Moves Clause: Sleep-inducing moves are banned
|clearpoke
|poke|p1|Zamazenta-*|
|poke|p1|Iron Valiant|
|poke|p1|Iron Treads|
|poke|p1|Tornadus-Therian, M|
|poke|p1|Samurott-Hisui, F|
|poke|p1|Slowking-Galar, M|
|poke|p2|Kingambit, M|
|poke|p2|Great Tusk|
|poke|p2|Gholdengo|
|poke|p2|Dragapult, F|
|poke|p2|Ogerpon-Wellspring, F|
|poke|p2|Zapdos|
|teampreview
|inactive|Isabel Schmitt also wants the timer to be on.
|j| toscanosan
|j| kloard
|c|☆Isabel Schmitt|hf
|j|+on the heart
|inactive|Isabel Schmitt has 120 seconds left.
|
|t:|1776298492
|teamsize|p1|6
|teamsize|p2|6
|start
|switch|p1a: Iron Valiant|Iron Valiant|100/100
|switch|p2a: jeba grande|Great Tusk|100/100
|turn|1
|
|t:|1776298500
|move|p1a: Iron Valiant|Moonblast|p2a: jeba grande
|-supereffective|p2a: jeba grande
|-damage|p2a: jeba grande|0 fnt
|faint|p2a: jeba grande
|-end|p2a: jeba grande|Protosynthesis|[silent]
|
|upkeep
|
|t:|1776298507
|switch|p2a: jeba dourada|Gholdengo|100/100
|turn|2
|
|t:|1776298513
|-end|p1a: Iron Valiant|Quark Drive|[silent]
|switch|p1a: Iron Treads|Iron Treads|100/100
|move|p2a: jeba dourada|Trick|p1a: Iron Treads
|-activate|p2a: jeba dourada|move: Trick|[of] p1a: Iron Treads
|-item|p1a: Iron Treads|Choice Scarf|[from] move: Trick
|-item|p2a: jeba dourada|Leftovers|[from] move: Trick
|
|upkeep
|turn|3
|j| SonicObeso
|
|t:|1776298540
|-terastallize|p2a: jeba dourada|Fighting
|move|p1a: Iron Treads|Stealth Rock|p2a: jeba dourada
|-sidestart|p2: AbilioBrunini|move: Stealth Rock
|move|p2a: jeba dourada|Make It Rain|p1a: Iron Treads
|-resisted|p1a: Iron Treads
|-damage|p1a: Iron Treads|76/100
|-unboost|p2a: jeba dourada|spa|1
|
|upkeep
|turn|4
|
|t:|1776298560
|-end|p1a: Iron Treads|Quark Drive|[silent]
|switch|p1a: Tornadus|Tornadus-Therian, M|100/100
|move|p2a: jeba dourada|Shadow Ball|p1a: Tornadus
|-damage|p1a: Tornadus|71/100
|
|upkeep
|turn|5
|j| Arcanine火De犬Botina
|
|t:|1776298573
|move|p1a: Tornadus|Bleakwind Storm|p2a: jeba dourada
|-supereffective|p2a: jeba dourada
|-damage|p2a: jeba dourada|15/100
|move|p2a: jeba dourada|Trick|p1a: Tornadus
|-activate|p2a: jeba dourada|move: Trick|[of] p1a: Tornadus
|-item|p1a: Tornadus|Leftovers|[from] move: Trick
|-item|p2a: jeba dourada|Heavy-Duty Boots|[from] move: Trick
|
|-heal|p1a: Tornadus|77/100|[from] item: Leftovers
|upkeep
|turn|6
|
|t:|1776298587
|switch|p2a: jebinha perfurante|Zapdos|100/100
|move|p1a: Tornadus|Knock Off|p2a: jebinha perfurante
|-damage|p2a: jebinha perfurante|87/100
|-status|p1a: Tornadus|par|[from] ability: Static|[of] p2a: jebinha perfurante
|-enditem|p2a: jebinha perfurante|Heavy-Duty Boots|[from] move: Knock Off|[of] p1a: Tornadus
|
|-heal|p1a: Tornadus|83/100 par|[from] item: Leftovers
|upkeep
|turn|7
|j| enzoo1600
|
|t:|1776298601
|switch|p1a: Slowking|Slowking-Galar, M|100/100
|move|p2a: jebinha perfurante|Light Screen|p2a: jebinha perfurante
|-sidestart|p2: AbilioBrunini|move: Light Screen
|
|upkeep
|turn|8
|
|t:|1776298619
|move|p2a: jebinha perfurante|Thunderbolt|p1a: Slowking
|-damage|p1a: Slowking|71/100
|-prepare|p1a: Slowking|Chilly Reception|[premajor]
|move|p1a: Slowking|Chilly Reception|p1a: Slowking
|-weather|Snowscape
|
|t:|1776298637
|switch|p1a: Iron Treads|Iron Treads|76/100|[from] Chilly Reception
|
|-weather|Snowscape|[upkeep]
|upkeep
|turn|9
|j| inakunana
|n| Arcanine de Botina|arcaninedebotina
|inactive|AbilioBrunini has 120 seconds left.
|
|t:|1776298672
|-end|p1a: Iron Treads|Quark Drive|[silent]
|switch|p1a: Slowking|Slowking-Galar, M|100/100
|switch|p2a: jebinha do bem|Dragapult, F|100/100
|-damage|p2a: jebinha do bem|88/100|[from] Stealth Rock
|
|-weather|Snowscape|[upkeep]
|upkeep
|turn|10
|l| inakunana
|
|t:|1776298692
|move|p2a: jebinha do bem|Shadow Ball|p1a: Slowking
|-supereffective|p1a: Slowking
|-damage|p1a: Slowking|22/100
|move|p1a: Slowking|Avalanche|p2a: jebinha do bem
|-supereffective|p2a: jebinha do bem
|-damage|p2a: jebinha do bem|34/100
|
|-weather|Snowscape|[upkeep]
|upkeep
|turn|11
|
|t:|1776298700
|switch|p1a: Samurott|Samurott-Hisui, F|100/100
|move|p2a: jebinha do bem|Shadow Ball|p1a: Samurott
|-resisted|p1a: Samurott
|-damage|p1a: Samurott|59/100
|
|-weather|Snowscape|[upkeep]
|-sideend|p2: AbilioBrunini|move: Light Screen
|upkeep
|turn|12
|j| inakunana
|
|t:|1776298706
|switch|p2a: jebinha perfurante|Zapdos|87/100
|-damage|p2a: jebinha perfurante|62/100|[from] Stealth Rock
|move|p1a: Samurott|Ceaseless Edge|p2a: jebinha perfurante
|-damage|p2a: jebinha perfurante|28/100
|-sidestart|p2: AbilioBrunini|Spikes
|
|-weather|none
|upkeep
|turn|13
|
|t:|1776298718
|switch|p1a: Tornadus|Tornadus-Therian, M|100/100 par
|move|p2a: jebinha perfurante|Thunderbolt|p1a: Tornadus
|-supereffective|p1a: Tornadus
|-damage|p1a: Tornadus|23/100 par
|
|-heal|p1a: Tornadus|29/100 par|[from] item: Leftovers
|upkeep
|turn|14
|
|t:|1776298725
|move|p2a: jebinha perfurante|Volt Switch|p1a: Tornadus
|-supereffective|p1a: Tornadus
|-damage|p1a: Tornadus|0 fnt
|faint|p1a: Tornadus
|
|t:|1776298728
|switch|p2a: jebinha do bem|Dragapult, F|34/100|[from] Volt Switch
|-damage|p2a: jebinha do bem|22/100|[from] Stealth Rock
|-damage|p2a: jebinha do bem|9/100|[from] Spikes
|
|upkeep
|
|t:|1776298731
|switch|p1a: Samurott|Samurott-Hisui, F|59/100
|turn|15
|
|t:|1776298736
|move|p1a: Samurott|Knock Off|p2a: jebinha do bem
|-supereffective|p2a: jebinha do bem
|-crit|p2a: jebinha do bem
|-damage|p2a: jebinha do bem|0 fnt
|-enditem|p2a: jebinha do bem|Choice Specs|[from] move: Knock Off|[of] p1a: Samurott
|faint|p2a: jebinha do bem
|
|upkeep
|
|t:|1776298745
|switch|p2a: jebinha emo.|Ogerpon-Wellspring, F|100/100
|-damage|p2a: jebinha emo.|88/100|[from] Stealth Rock
|-damage|p2a: jebinha emo.|76/100|[from] Spikes
|turn|16
|
|t:|1776298751
|switch|p1a: Zamazenta|Zamazenta|100/100
|-ability|p1a: Zamazenta|Dauntless Shield|boost
|-boost|p1a: Zamazenta|def|1
|move|p2a: jebinha emo.|Horn Leech|p1a: Zamazenta
|-damage|p1a: Zamazenta|77/100
|-heal|p2a: jebinha emo.|91/100|[from] drain|[of] p1a: Zamazenta
|
|-heal|p1a: Zamazenta|83/100|[from] item: Leftovers
|upkeep
|turn|17
|l| inakunana
|j| inakunana
|l|+on the heart
|
|t:|1776298764
|move|p1a: Zamazenta|Iron Defense|p1a: Zamazenta
|-boost|p1a: Zamazenta|def|2
|move|p2a: jebinha emo.|Swords Dance|p2a: jebinha emo.
|-boost|p2a: jebinha emo.|atk|2
|
|-heal|p1a: Zamazenta|90/100|[from] item: Leftovers
|upkeep
|turn|18
|j|+on the heart
|
|t:|1776298774
|move|p1a: Zamazenta|Body Press|p2a: jebinha emo.
|-damage|p2a: jebinha emo.|0 fnt
|faint|p2a: jebinha emo.
|
|-heal|p1a: Zamazenta|96/100|[from] item: Leftovers
|upkeep
|
|t:|1776298786
|switch|p2a: jebinha perfurante|Zapdos|28/100
|-damage|p2a: jebinha perfurante|4/100|[from] Stealth Rock
|turn|19
|
|t:|1776298796
|move|p1a: Zamazenta|Body Press|p2a: jebinha perfurante
|-resisted|p2a: jebinha perfurante
|-damage|p2a: jebinha perfurante|0 fnt
|-status|p1a: Zamazenta|par|[from] ability: Static|[of] p2a: jebinha perfurante
|faint|p2a: jebinha perfurante
|
|-heal|p1a: Zamazenta|100/100 par|[from] item: Leftovers
|upkeep
|
|t:|1776298801
|switch|p2a: jeba dourada|Gholdengo, tera:Fighting|15/100
|turn|20
|
|t:|1776298810
|move|p2a: jeba dourada|Recover|p2a: jeba dourada
|-heal|p2a: jeba dourada|65/100
|move|p1a: Zamazenta|Body Press|p2a: jeba dourada
|-crit|p2a: jeba dourada
|-damage|p2a: jeba dourada|0 fnt
|faint|p2a: jeba dourada
|
|upkeep
|
|t:|1776298813
|switch|p2a: jebinha do mal|Kingambit, M|100/100
|-damage|p2a: jebinha do mal|94/100|[from] Stealth Rock
|-damage|p2a: jebinha do mal|82/100|[from] Spikes
|-activate|p2a: jebinha do mal|ability: Supreme Overlord
|-start|p2a: jebinha do mal|fallen5|[silent]
|turn|21
|l| inakunana
|
|t:|1776298821
|move|p1a: Zamazenta|Body Press|p2a: jebinha do mal
|-supereffective|p2a: jebinha do mal
|-damage|p2a: jebinha do mal|0 fnt
|faint|p2a: jebinha do mal
|-end|p2a: jebinha do mal|fallen5|[silent]
|
|win|Isabel Schmitt
|n|☆Isabel Schmitt|isabelschmitt
|n|☆AbilioBrunini|abiliobrunini
|n| toscanosan|toscanosan
|n| kloard|kloard
|n| SonicObeso|sonicobeso
|n| Arcanine de Botina|arcaninedebotina
|n| enzoo1600|enzoo1600
|n| on the heart|ontheheart
