|html|<div class="broadcast-blue"><strong>[Gen 9] OU is currently suspecting Tera Blast! For information on how to participate check out the <a href="https://www.smogon.com/tools/suspects/view/200">suspect thread</a>.</strong></div>
|j|☆Dr. Drake6782
|j|☆bobbybobby123
|t:|1776035089
|gametype|singles
|player|p1|Dr. Drake6782|hilbert-masters|1649
|player|p2|bobbybobby123|101|1582
|gen|9
|tier|[Gen 9] OU
|rated|
|rule|HP Percentage Mod: HP is shown in percentages
|rule|Endless Battle Clause: Forcing endless battles is banned
|rule|Species Clause: Limit one of each Pokémon
|rule|OHKO Clause: OHKO moves are banned
|rule|Evasion Items Clause: Evasion items are banned
|rule|Evasion Moves Clause: Evasion moves are banned
|rule|Evasion Abilities Clause: Evasion abilities are banned
|rule|Sleep Moves Clause: Sleep-inducing moves are banned
|clearpoke
|poke|p1|Slowking-Galar, M|
|poke|p1|Ting-Lu|
|poke|p1|Hydrapple, M|
|poke|p1|Corviknight, F|
|poke|p1|Cinderace, M|
|poke|p1|Dondozo, M|
|poke|p2|Great Tusk|
|poke|p2|Rillaboom, M|
|poke|p2|Slowking-Galar, M|
|poke|p2|Frosmoth, M|
|poke|p2|Deoxys-Speed|
|poke|p2|Kyurem|
|teampreview
|inactive|Battle timer is ON: inactive players will automatically lose when time's up. (requested by Dr. Drake6782)
|
|t:|1776035096
|teamsize|p1|6
|teamsize|p2|6
|start
|switch|p1a: Ting-Lu|Ting-Lu|100/100
|switch|p2a: Deoxys|Deoxys-Speed|100/100
|-ability|p2a: Deoxys|Pressure
|-ability|p1a: Ting-Lu|Vessel of Ruin
|turn|1
|
|t:|1776035099
|move|p2a: Deoxys|Taunt|p1a: Ting-Lu
|-start|p1a: Ting-Lu|move: Taunt
|move|p1a: Ting-Lu|Payback|p2a: Deoxys
|-supereffective|p2a: Deoxys
|-damage|p2a: Deoxys|8/100
|
|upkeep
|turn|2
|
|t:|1776035106
|move|p2a: Deoxys|Reflect|p2a: Deoxys
|-sidestart|p2: bobbybobby123|Reflect
|move|p1a: Ting-Lu|Payback|p2a: Deoxys
|-supereffective|p2a: Deoxys
|-damage|p2a: Deoxys|0 fnt
|faint|p2a: Deoxys
|
|upkeep
|
|t:|1776035111
|switch|p2a: Rillaboom|Rillaboom, M, shiny|100/100
|-fieldstart|move: Grassy Terrain|[from] ability: Grassy Surge|[of] p2a: Rillaboom
|turn|3
|
|t:|1776035117
|switch|p2a: Slowking|Slowking-Galar, M, shiny|100/100
|switch|p1a: Hydrapple|Hydrapple, M, shiny|100/100
|
|upkeep
|turn|4
|
|t:|1776035122
|switch|p1a: Slowking|Slowking-Galar, M, shiny|100/100
|-prepare|p2a: Slowking|Chilly Reception|[premajor]
|move|p2a: Slowking|Chilly Reception|p2a: Slowking
|-weather|Snowscape
|
|t:|1776035128
|switch|p2a: Frosmoth|Frosmoth, M, shiny|100/100|[from] Chilly Reception
|-enditem|p2a: Frosmoth|Grassy Seed
|-boost|p2a: Frosmoth|def|1|[from] item: Grassy Seed
|
|-weather|Snowscape|[upkeep]
|upkeep
|turn|5
|
|t:|1776035143
|switch|p1a: Cinderace|Cinderace, M|100/100
|move|p2a: Frosmoth|Substitute|p2a: Frosmoth
|-start|p2a: Frosmoth|Substitute
|-damage|p2a: Frosmoth|75/100
|
|-weather|Snowscape|[upkeep]
|-heal|p2a: Frosmoth|82/100|[from] Grassy Terrain
|upkeep
|turn|6
|
|t:|1776035154
|-terastallize|p2a: Frosmoth|Electric
|move|p1a: Cinderace|Court Change|p1a: Cinderace
|-swapsideconditions
|-activate|p1a: Cinderace|move: Court Change
|move|p2a: Frosmoth|Quiver Dance|p2a: Frosmoth
|-boost|p2a: Frosmoth|spa|1
|-boost|p2a: Frosmoth|spd|1
|-boost|p2a: Frosmoth|spe|1
|
|-weather|Snowscape|[upkeep]
|-heal|p2a: Frosmoth|88/100|[from] Grassy Terrain
|upkeep
|turn|7
|
|t:|1776035158
|move|p1a: Cinderace|Pyro Ball|p2a: Frosmoth
|-end|p2a: Frosmoth|Substitute
|move|p2a: Frosmoth|Quiver Dance|p2a: Frosmoth
|-boost|p2a: Frosmoth|spa|1
|-boost|p2a: Frosmoth|spd|1
|-boost|p2a: Frosmoth|spe|1
|
|-weather|Snowscape|[upkeep]
|-heal|p2a: Frosmoth|94/100|[from] Grassy Terrain
|upkeep
|turn|8
|
|t:|1776035164
|move|p1a: Cinderace|Pyro Ball|p2a: Frosmoth
|-damage|p2a: Frosmoth|61/100
|-status|p2a: Frosmoth|brn
|move|p2a: Frosmoth|Quiver Dance|p2a: Frosmoth
|-boost|p2a: Frosmoth|spa|1
|-boost|p2a: Frosmoth|spd|1
|-boost|p2a: Frosmoth|spe|1
|
|-weather|Snowscape|[upkeep]
|-heal|p2a: Frosmoth|67/100 brn|[from] Grassy Terrain
|-damage|p2a: Frosmoth|61/100 brn|[from] brn
|upkeep
|turn|9
|
|t:|1776035187
|move|p2a: Frosmoth|Tera Blast|p1a: Cinderace|[anim] Tera Blast Electric
|-damage|p1a: Cinderace|0 fnt
|faint|p1a: Cinderace
|
|-weather|Snowscape|[upkeep]
|-heal|p2a: Frosmoth|67/100 brn|[from] Grassy Terrain
|-damage|p2a: Frosmoth|61/100 brn|[from] brn
|-sideend|p1: Dr. Drake6782|Reflect
|upkeep
|
|t:|1776035197
|switch|p1a: Dondozo|Dondozo, M|100/100
|turn|10
|
|t:|1776035200
|-terastallize|p1a: Dondozo|Dark
|move|p2a: Frosmoth|Tera Blast|p1a: Dondozo|[anim] Tera Blast Electric
|-damage|p1a: Dondozo|79/100
|move|p1a: Dondozo|Liquidation|p2a: Frosmoth
|-damage|p2a: Frosmoth|31/100 brn
|
|-weather|Snowscape|[upkeep]
|-heal|p2a: Frosmoth|37/100 brn|[from] Grassy Terrain
|-heal|p1a: Dondozo|85/100|[from] Grassy Terrain
|-heal|p1a: Dondozo|91/100|[from] item: Leftovers
|-damage|p2a: Frosmoth|31/100 brn|[from] brn
|-fieldend|move: Grassy Terrain
|upkeep
|turn|11
|
|t:|1776035215
|switch|p2a: Rillaboom|Rillaboom, M, shiny|100/100
|-fieldstart|move: Grassy Terrain|[from] ability: Grassy Surge|[of] p2a: Rillaboom
|move|p1a: Dondozo|Liquidation|p2a: Rillaboom
|-resisted|p2a: Rillaboom
|-damage|p2a: Rillaboom|84/100
|
|-weather|none
|-heal|p2a: Rillaboom|90/100|[from] Grassy Terrain
|-heal|p1a: Dondozo|98/100|[from] Grassy Terrain
|-heal|p1a: Dondozo|100/100|[from] item: Leftovers
|upkeep
|turn|12
|
|t:|1776035229
|switch|p1a: Hydrapple|Hydrapple, M, shiny|100/100
|move|p2a: Rillaboom|Low Kick|p1a: Hydrapple
|-damage|p1a: Hydrapple|84/100
|
|-heal|p2a: Rillaboom|96/100|[from] Grassy Terrain
|-heal|p1a: Hydrapple|90/100|[from] Grassy Terrain
|-heal|p1a: Hydrapple|96/100|[from] item: Leftovers
|upkeep
|turn|13
|
|t:|1776035233
|switch|p2a: Frosmoth|Frosmoth, M, shiny, tera:Electric|31/100 brn
|move|p1a: Hydrapple|Fickle Beam|p2a: Frosmoth|[anim] Fickle Beam All Out
|-activate|p1a: Hydrapple|move: Fickle Beam
|-damage|p2a: Frosmoth|0 fnt
|faint|p2a: Frosmoth
|
|-heal|p1a: Hydrapple|100/100|[from] Grassy Terrain
|upkeep
|-message|bobbybobby123 forfeited.
|
|win|Dr. Drake6782
|raw|Dr. Drake6782's rating: 1649 &rarr; <strong>1665</strong><br />(+16 for winning)
|raw|bobbybobby123's rating: 1582 &rarr; <strong>1566</strong><br />(-16 for losing)
