|html|<div class="broadcast-blue"><strong>[Gen 9] OU is currently suspecting Volcarona! For information on how to participate check out the <a href="https://www.smogon.com/tools/suspects/view/208">suspect thread</a>.</strong></div>
|j|☆soulsil
|j|☆madermen
|t:|1778507471
|gametype|singles
|player|p1|soulsil|lucas-gen4pt|1323
|player|p2|madermen|jasmine|1308
|gen|9
|tier|[Gen 9] OU
|rated|
|rule|HP Percentage Mod: HP is shown in percentages
|rule|Endless Battle Clause: Forcing endless battles is banned
|rule|Species Clause: Limit one of each Pokémon
|rule|OHKO Clause: OHKO moves are banned
|rule|Evasion Items Clause: Evasion items are banned
|rule|Evasion Moves Clause: Evasion moves are banned
|rule|Evasion Abilities Clause: Evasion abilities are banned
|rule|Sleep Moves Clause: Sleep-inducing moves are banned
|clearpoke
|poke|p1|Deoxys-Speed|
|poke|p1|Garchomp, M|
|poke|p1|Arcanine, F|
|poke|p1|Suicune|
|poke|p1|Weavile, F|
|poke|p1|Great Tusk|
|poke|p2|Volcarona, F|
|poke|p2|Samurott-Hisui, F|
|poke|p2|Garchomp, M|
|poke|p2|Alomomola, F|
|poke|p2|Zamazenta-*|
|poke|p2|Great Tusk|
|teampreview
|inactive|Battle timer is ON: inactive players will automatically lose when time's up. (requested by madermen)
|
|t:|1778507488
|teamsize|p1|6
|teamsize|p2|6
|start
|switch|p1a: Arcanine|Arcanine, F|100/100
|switch|p2a: Samurott|Samurott-Hisui, F|100/100
|-ability|p1a: Arcanine|Intimidate|boost
|-unboost|p2a: Samurott|atk|1
|turn|1
|
|t:|1778507495
|move|p1a: Arcanine|Close Combat|p2a: Samurott
|-supereffective|p2a: Samurott
|-damage|p2a: Samurott|0 fnt
|-unboost|p1a: Arcanine|def|1
|-unboost|p1a: Arcanine|spd|1
|faint|p2a: Samurott
|
|upkeep
|
|t:|1778507500
|switch|p2a: Volcarona|Volcarona, F|100/100
|turn|2
|
|t:|1778507505
|switch|p1a: Great Tusk|Great Tusk|100/100
|-enditem|p1a: Great Tusk|Booster Energy
|-activate|p1a: Great Tusk|ability: Protosynthesis|[fromitem]
|-start|p1a: Great Tusk|protosynthesisatk
|move|p2a: Volcarona|Quiver Dance|p2a: Volcarona
|-boost|p2a: Volcarona|spa|1
|-boost|p2a: Volcarona|spd|1
|-boost|p2a: Volcarona|spe|1
|
|upkeep
|turn|3
|
|t:|1778507514
|move|p2a: Volcarona|Psychic|p1a: Great Tusk
|-supereffective|p1a: Great Tusk
|-damage|p1a: Great Tusk|0 fnt
|faint|p1a: Great Tusk
|-end|p1a: Great Tusk|Protosynthesis|[silent]
|
|upkeep
|
|t:|1778507520
|switch|p1a: Arcanine|Arcanine, F|100/100
|-ability|p1a: Arcanine|Intimidate|boost
|-unboost|p2a: Volcarona|atk|1
|turn|4
|
|t:|1778507526
|switch|p2a: Garchomp|Garchomp, M|100/100
|move|p1a: Arcanine|Flare Blitz|p2a: Garchomp
|-resisted|p2a: Garchomp
|-damage|p2a: Garchomp|73/100
|-status|p2a: Garchomp|brn
|-damage|p1a: Arcanine|88/100|[from] ability: Rough Skin|[of] p2a: Garchomp
|-damage|p1a: Arcanine|71/100|[from] item: Rocky Helmet|[of] p2a: Garchomp
|-damage|p1a: Arcanine|61/100|[from] Recoil
|
|-damage|p2a: Garchomp|66/100 brn|[from] brn
|upkeep
|turn|5
|
|t:|1778507540
|switch|p1a: Deoxys|Deoxys-Speed|100/100
|-ability|p1a: Deoxys|Pressure
|move|p2a: Garchomp|Stealth Rock|p1a: Deoxys
|-sidestart|p1: soulsil|move: Stealth Rock
|
|-damage|p2a: Garchomp|60/100 brn|[from] brn
|upkeep
|turn|6
|
|t:|1778507550
|move|p1a: Deoxys|Stealth Rock|p2a: Garchomp
|-sidestart|p2: madermen|move: Stealth Rock
|move|p2a: Garchomp|Dragon Tail|p1a: Deoxys
|-damage|p1a: Deoxys|80/100
|drag|p1a: Suicune|Suicune|100/100
|-damage|p1a: Suicune|88/100|[from] Stealth Rock
|
|-heal|p1a: Suicune|94/100|[from] item: Leftovers
|-damage|p2a: Garchomp|54/100 brn|[from] brn
|upkeep
|turn|7
|
|t:|1778507560
|switch|p2a: Alomomola|Alomomola, F|100/100
|move|p1a: Suicune|Ice Beam|p2a: Alomomola
|-resisted|p2a: Alomomola
|-damage|p2a: Alomomola|93/100
|
|-heal|p1a: Suicune|100/100|[from] item: Leftovers
|upkeep
|turn|8
|
|t:|1778507569
|move|p1a: Suicune|Scald|p2a: Alomomola
|-resisted|p2a: Alomomola
|-damage|p2a: Alomomola|80/100
|-status|p2a: Alomomola|brn
|move|p2a: Alomomola|Body Slam|p1a: Suicune
|-damage|p1a: Suicune|96/100
|
|-heal|p1a: Suicune|100/100|[from] item: Leftovers
|-damage|p2a: Alomomola|74/100 brn|[from] brn
|upkeep
|turn|9
|
|t:|1778507580
|move|p1a: Suicune|Calm Mind|p1a: Suicune
|-boost|p1a: Suicune|spa|1
|-boost|p1a: Suicune|spd|1
|move|p2a: Alomomola|Body Slam|p1a: Suicune
|-damage|p1a: Suicune|96/100
|
|-heal|p1a: Suicune|100/100|[from] item: Leftovers
|-damage|p2a: Alomomola|68/100 brn|[from] brn
|upkeep
|turn|10
|
|t:|1778507590
|move|p1a: Suicune|Calm Mind|p1a: Suicune
|-boost|p1a: Suicune|spa|1
|-boost|p1a: Suicune|spd|1
|move|p2a: Alomomola|Body Slam|p1a: Suicune
|-damage|p1a: Suicune|96/100
|
|-heal|p1a: Suicune|100/100|[from] item: Leftovers
|-damage|p2a: Alomomola|62/100 brn|[from] brn
|upkeep
|turn|11
|
|t:|1778507599
|move|p1a: Suicune|Calm Mind|p1a: Suicune
|-boost|p1a: Suicune|spa|1
|-boost|p1a: Suicune|spd|1
|move|p2a: Alomomola|Body Slam|p1a: Suicune
|-damage|p1a: Suicune|96/100
|
|-heal|p1a: Suicune|100/100|[from] item: Leftovers
|-damage|p2a: Alomomola|56/100 brn|[from] brn
|upkeep
|turn|12
|
|t:|1778507609
|move|p1a: Suicune|Scald|p2a: Alomomola
|-resisted|p2a: Alomomola
|-damage|p2a: Alomomola|25/100 brn
|move|p2a: Alomomola|Body Slam|p1a: Suicune
|-damage|p1a: Suicune|96/100
|
|-heal|p1a: Suicune|100/100|[from] item: Leftovers
|-damage|p2a: Alomomola|19/100 brn|[from] brn
|upkeep
|turn|13
|
|t:|1778507619
|move|p1a: Suicune|Scald|p2a: Alomomola
|-resisted|p2a: Alomomola
|-damage|p2a: Alomomola|0 fnt
|faint|p2a: Alomomola
|
|upkeep
|
|t:|1778507622
|switch|p2a: Great Tusk|Great Tusk|100/100
|turn|14
|
|t:|1778507629
|-terastallize|p1a: Suicune|Water
|move|p2a: Great Tusk|Knock Off|p1a: Suicune
|-damage|p1a: Suicune|86/100
|-enditem|p1a: Suicune|Leftovers|[from] move: Knock Off|[of] p2a: Great Tusk
|move|p1a: Suicune|Scald|p2a: Great Tusk
|-supereffective|p2a: Great Tusk
|-damage|p2a: Great Tusk|0 fnt
|faint|p2a: Great Tusk
|-end|p2a: Great Tusk|Protosynthesis|[silent]
|
|upkeep
|
|t:|1778507638
|switch|p2a: Garchomp|Garchomp, M|54/100 brn
|-damage|p2a: Garchomp|48/100 brn|[from] Stealth Rock
|turn|15
|
|t:|1778507643
|move|p1a: Suicune|Scald|p2a: Garchomp
|-damage|p2a: Garchomp|0 fnt
|faint|p2a: Garchomp
|
|upkeep
|-message|madermen forfeited.
|
|win|soulsil
|raw|soulsil's rating: 1323 &rarr; <strong>1342</strong><br />(+19 for winning)
|raw|madermen's rating: 1308 &rarr; <strong>1289</strong><br />(-19 for losing)
|l|☆madermen
|player|p2|
|l|☆soulsil
|player|p1|
