|html|<div class="broadcast-blue"><strong>[Gen 9] OU is currently suspecting Tera Blast! For information on how to participate check out the <a href="https://www.smogon.com/tools/suspects/view/200">suspect thread</a>.</strong></div>
|j|☆Hecty96
|j|☆Kampasaurus
|t:|1776049156
|gametype|singles
|player|p1|Hecty96|n|1361
|player|p2|Kampasaurus|1|1436
|gen|9
|tier|[Gen 9] OU
|rated|
|rule|HP Percentage Mod: HP is shown in percentages
|rule|Endless Battle Clause: Forcing endless battles is banned
|rule|Species Clause: Limit one of each Pokémon
|rule|OHKO Clause: OHKO moves are banned
|rule|Evasion Items Clause: Evasion items are banned
|rule|Evasion Moves Clause: Evasion moves are banned
|rule|Evasion Abilities Clause: Evasion abilities are banned
|rule|Sleep Moves Clause: Sleep-inducing moves are banned
|clearpoke
|poke|p1|Basculegion, M|
|poke|p1|Regidrago|
|poke|p1|Muk-Alola, M|
|poke|p1|Sylveon, F|
|poke|p1|Donphan, F|
|poke|p1|Reuniclus, M|
|poke|p2|Amoonguss, F|
|poke|p2|Goodra-Hisui, F|
|poke|p2|Latias, F|
|poke|p2|Alomomola, F|
|poke|p2|Cinderace, F|
|poke|p2|Great Tusk|
|teampreview
|
|t:|1776049163
|teamsize|p1|6
|teamsize|p2|6
|start
|switch|p1a: Basculegion|Basculegion, M|100/100
|switch|p2a: Cinderace|Cinderace, F|100/100
|turn|1
|
|t:|1776049170
|move|p2a: Cinderace|U-turn|p1a: Basculegion
|-start|p2a: Cinderace|typechange|Bug|[from] ability: Libero
|-resisted|p1a: Basculegion
|-crit|p1a: Basculegion
|-damage|p1a: Basculegion|73/100
|
|t:|1776049173
|switch|p2a: Goodra|Goodra-Hisui, F|100/100|[from] U-turn
|move|p1a: Basculegion|Flip Turn|p2a: Goodra
|-resisted|p2a: Goodra
|-damage|p2a: Goodra|72/100
|
|t:|1776049189
|switch|p1a: Donphan|Donphan, F|100/100|[from] Flip Turn
|
|upkeep
|turn|2
|
|t:|1776049199
|switch|p2a: Alomomola|Alomomola, F|100/100
|move|p1a: Donphan|Knock Off|p2a: Alomomola
|-damage|p2a: Alomomola|82/100
|-enditem|p2a: Alomomola|Heavy-Duty Boots|[from] move: Knock Off|[of] p1a: Donphan
|
|upkeep
|turn|3
|
|t:|1776049208
|switch|p1a: Regidrago|Regidrago|100/100
|move|p2a: Alomomola|Flip Turn|p1a: Regidrago
|-resisted|p1a: Regidrago
|-crit|p1a: Regidrago
|-damage|p1a: Regidrago|89/100
|
|t:|1776049217
|switch|p2a: Goodra|Goodra-Hisui, F|72/100|[from] Flip Turn
|
|upkeep
|turn|4
|
|t:|1776049222
|move|p1a: Regidrago|Dragon Energy|p2a: Goodra
|-damage|p2a: Goodra|19/100
|move|p2a: Goodra|Flash Cannon|p1a: Regidrago
|-damage|p1a: Regidrago|51/100
|
|upkeep
|turn|5
|
|t:|1776049228
|switch|p2a: Amoonguss|Amoonguss, F|100/100
|move|p1a: Regidrago|Earth Power|p2a: Amoonguss
|-damage|p2a: Amoonguss|75/100
|-enditem|p2a: Amoonguss|Eject Button
|
|t:|1776049236
|switch|p2a: Great Tusk|Great Tusk|100/100
|
|upkeep
|turn|6
|
|t:|1776049244
|move|p2a: Great Tusk|Headlong Rush|p1a: Regidrago
|-damage|p1a: Regidrago|0 fnt
|-unboost|p2a: Great Tusk|def|1
|-unboost|p2a: Great Tusk|spd|1
|faint|p1a: Regidrago
|
|upkeep
|
|t:|1776049252
|switch|p1a: Basculegion|Basculegion, M|73/100
|turn|7
|
|t:|1776049258
|-end|p2a: Great Tusk|Protosynthesis|[silent]
|switch|p2a: Amoonguss|Amoonguss, F|100/100
|move|p1a: Basculegion|Flip Turn|p2a: Amoonguss
|-resisted|p2a: Amoonguss
|-damage|p2a: Amoonguss|78/100
|
|t:|1776049271
|switch|p1a: Muk|Muk-Alola, M|100/100|[from] Flip Turn
|-item|p1a: Muk|Air Balloon
|
|upkeep
|turn|8
|
|t:|1776049287
|switch|p2a: Alomomola|Alomomola, F|100/100
|move|p1a: Muk|Ice Punch|p2a: Alomomola
|-resisted|p2a: Alomomola
|-damage|p2a: Alomomola|94/100
|
|upkeep
|turn|9
|
|t:|1776049295
|move|p1a: Muk|Poison Jab|p2a: Alomomola
|-damage|p2a: Alomomola|73/100
|-status|p2a: Alomomola|psn
|move|p2a: Alomomola|Flip Turn|p1a: Muk
|-damage|p1a: Muk|84/100
|-enditem|p1a: Muk|Air Balloon
|
|t:|1776049301
|switch|p2a: Great Tusk|Great Tusk|100/100|[from] Flip Turn
|
|upkeep
|turn|10
|
|t:|1776049319
|-end|p2a: Great Tusk|Protosynthesis|[silent]
|switch|p2a: Alomomola|Alomomola, F|100/100 psn
|move|p1a: Muk|Ice Punch|p2a: Alomomola
|-resisted|p2a: Alomomola
|-damage|p2a: Alomomola|95/100 psn
|
|-damage|p2a: Alomomola|82/100 psn|[from] psn
|upkeep
|turn|11
|l|☆Kampasaurus
|player|p2|
|j|☆Kampasaurus
|player|p2|Kampasaurus|1|
|
|t:|1776049364
|move|p1a: Muk|Knock Off|p2a: Alomomola
|-damage|p2a: Alomomola|64/100 psn
|move|p2a: Alomomola|Flip Turn|p1a: Muk
|-damage|p1a: Muk|68/100
|
|t:|1776049366
|switch|p2a: Great Tusk|Great Tusk|100/100|[from] Flip Turn
|
|upkeep
|turn|12
|
|t:|1776049392
|move|p2a: Great Tusk|Headlong Rush|p1a: Muk
|-supereffective|p1a: Muk
|-damage|p1a: Muk|0 fnt
|-unboost|p2a: Great Tusk|def|1
|-unboost|p2a: Great Tusk|spd|1
|faint|p1a: Muk
|
|upkeep
|
|t:|1776049408
|switch|p1a: Sylveon|Sylveon, F|100/100
|turn|13
|
|t:|1776049416
|-end|p2a: Great Tusk|Protosynthesis|[silent]
|switch|p2a: Amoonguss|Amoonguss, F|100/100
|move|p1a: Sylveon|Calm Mind|p1a: Sylveon
|-boost|p1a: Sylveon|spa|1
|-boost|p1a: Sylveon|spd|1
|
|upkeep
|turn|14
|
|t:|1776049428
|move|p1a: Sylveon|Shadow Ball|p2a: Amoonguss
|-damage|p2a: Amoonguss|76/100
|-unboost|p2a: Amoonguss|spd|1
|move|p2a: Amoonguss|Clear Smog|p1a: Sylveon
|-supereffective|p1a: Sylveon
|-damage|p1a: Sylveon|87/100
|-clearboost|p1a: Sylveon
|
|-heal|p1a: Sylveon|93/100|[from] item: Leftovers
|upkeep
|turn|15
|
|t:|1776049442
|move|p1a: Sylveon|Shadow Ball|p2a: Amoonguss
|-damage|p2a: Amoonguss|50/100
|move|p2a: Amoonguss|Toxic|p1a: Sylveon
|-status|p1a: Sylveon|tox
|
|-heal|p1a: Sylveon|99/100 tox|[from] item: Leftovers
|-damage|p1a: Sylveon|93/100 tox|[from] psn
|upkeep
|turn|16
|
|t:|1776049454
|switch|p1a: Reuniclus|Reuniclus, M|100/100
|switch|p2a: Alomomola|Alomomola, F|97/100 psn
|
|-damage|p2a: Alomomola|85/100 psn|[from] psn
|upkeep
|turn|17
|
|t:|1776049463
|move|p2a: Alomomola|Wish|p2a: Alomomola
|move|p1a: Reuniclus|Psychic Noise|p2a: Alomomola
|-damage|p2a: Alomomola|39/100 psn
|-start|p2a: Alomomola|move: Heal Block
|
|-damage|p2a: Alomomola|27/100 psn|[from] psn
|upkeep
|turn|18
|
|t:|1776049472
|switch|p2a: Goodra|Goodra-Hisui, F|19/100
|move|p1a: Reuniclus|Psychic Noise|p2a: Goodra
|-resisted|p2a: Goodra
|-damage|p2a: Goodra|11/100
|-start|p2a: Goodra|move: Heal Block
|
|upkeep
|turn|19
|
|t:|1776049484
|switch|p1a: Basculegion|Basculegion, M|73/100
|move|p2a: Goodra|Draco Meteor|p1a: Basculegion
|-damage|p1a: Basculegion|2/100
|-unboost|p2a: Goodra|spa|2
|
|-end|p2a: Goodra|move: Heal Block
|upkeep
|turn|20
|
|t:|1776049497
|switch|p2a: Amoonguss|Amoonguss, F|83/100
|move|p1a: Basculegion|Flip Turn|p2a: Amoonguss
|-resisted|p2a: Amoonguss
|-damage|p2a: Amoonguss|59/100
|
|t:|1776049505
|switch|p1a: Reuniclus|Reuniclus, M|100/100|[from] Flip Turn
|
|upkeep
|turn|21
|
|t:|1776049516
|switch|p2a: Cinderace|Cinderace, F|100/100
|move|p1a: Reuniclus|Psychic Noise|p2a: Cinderace
|-damage|p2a: Cinderace|35/100
|-start|p2a: Cinderace|move: Heal Block
|
|upkeep
|turn|22
|
|t:|1776049525
|switch|p1a: Sylveon|Sylveon, F|93/100 tox
|move|p2a: Cinderace|U-turn|p1a: Sylveon
|-start|p2a: Cinderace|typechange|Bug|[from] ability: Libero
|-resisted|p1a: Sylveon
|-damage|p1a: Sylveon|79/100 tox
|
|t:|1776049534
|switch|p2a: Latias|Latias, F|100/100|[from] U-turn
|
|-heal|p1a: Sylveon|86/100 tox|[from] item: Leftovers
|-damage|p1a: Sylveon|79/100 tox|[from] psn
|upkeep
|turn|23
|
|t:|1776049543
|move|p2a: Latias|Calm Mind|p2a: Latias
|-boost|p2a: Latias|spa|1
|-boost|p2a: Latias|spd|1
|move|p1a: Sylveon|Calm Mind|p1a: Sylveon
|-boost|p1a: Sylveon|spa|1
|-boost|p1a: Sylveon|spd|1
|
|-heal|p1a: Sylveon|86/100 tox|[from] item: Leftovers
|-damage|p1a: Sylveon|73/100 tox|[from] psn
|upkeep
|turn|24
|
|t:|1776049553
|-terastallize|p2a: Latias|Poison
|move|p2a: Latias|Calm Mind|p2a: Latias
|-boost|p2a: Latias|spa|1
|-boost|p2a: Latias|spd|1
|move|p1a: Sylveon|Hyper Voice|p2a: Latias
|-resisted|p2a: Latias
|-damage|p2a: Latias|89/100
|
|-heal|p1a: Sylveon|79/100 tox|[from] item: Leftovers
|-damage|p1a: Sylveon|61/100 tox|[from] psn
|upkeep
|turn|25
|
|t:|1776049565
|move|p2a: Latias|Calm Mind|p2a: Latias
|-boost|p2a: Latias|spa|1
|-boost|p2a: Latias|spd|1
|move|p1a: Sylveon|Shadow Ball|p2a: Latias
|-damage|p2a: Latias|81/100
|
|-heal|p1a: Sylveon|67/100 tox|[from] item: Leftovers
|-damage|p1a: Sylveon|43/100 tox|[from] psn
|upkeep
|turn|26
|
|t:|1776049584
|move|p2a: Latias|Calm Mind|p2a: Latias
|-boost|p2a: Latias|spa|1
|-boost|p2a: Latias|spd|1
|move|p1a: Sylveon|Shadow Ball|p2a: Latias
|-crit|p2a: Latias
|-damage|p2a: Latias|46/100
|
|-heal|p1a: Sylveon|49/100 tox|[from] item: Leftovers
|-damage|p1a: Sylveon|19/100 tox|[from] psn
|upkeep
|turn|27
|
|t:|1776049594
|move|p2a: Latias|Recover|p2a: Latias
|-heal|p2a: Latias|96/100
|move|p1a: Sylveon|Shadow Ball|p2a: Latias
|-damage|p2a: Latias|89/100
|
|-heal|p1a: Sylveon|25/100 tox|[from] item: Leftovers
|-damage|p1a: Sylveon|0 fnt|[from] psn
|faint|p1a: Sylveon
|upkeep
|
|t:|1776049608
|switch|p1a: Reuniclus|Reuniclus, M|100/100
|turn|28
|
|t:|1776049613
|move|p2a: Latias|Stored Power|p1a: Reuniclus
|-resisted|p1a: Reuniclus
|-damage|p1a: Reuniclus|12/100
|move|p1a: Reuniclus|Trick Room|p1a: Reuniclus
|-fieldstart|move: Trick Room|[of] p1a: Reuniclus
|
|upkeep
|turn|29
|
|t:|1776049619
|move|p1a: Reuniclus|Psychic Noise|p2a: Latias
|-supereffective|p2a: Latias
|-damage|p2a: Latias|67/100
|-start|p2a: Latias|move: Heal Block
|-enditem|p2a: Latias|Weakness Policy
|-boost|p2a: Latias|atk|2|[from] item: Weakness Policy
|-boost|p2a: Latias|spa|2|[from] item: Weakness Policy
|move|p2a: Latias|Stored Power|p1a: Reuniclus
|-resisted|p1a: Reuniclus
|-damage|p1a: Reuniclus|0 fnt
|faint|p1a: Reuniclus
|
|upkeep
|
|t:|1776049631
|switch|p1a: Basculegion|Basculegion, M|2/100
|turn|30
|
|t:|1776049635
|move|p1a: Basculegion|Wave Crash|p2a: Latias
|-damage|p2a: Latias|0 fnt
|faint|p2a: Latias
|-damage|p1a: Basculegion|0 fnt|[from] Recoil
|faint|p1a: Basculegion
|
|upkeep
|
|t:|1776049643
|switch|p1a: Donphan|Donphan, F|100/100
|switch|p2a: Amoonguss|Amoonguss, F|92/100
|turn|31
|
|t:|1776049652
|-terastallize|p1a: Donphan|Ice
|move|p2a: Amoonguss|Giga Drain|p1a: Donphan
|-damage|p1a: Donphan|70/100
|-heal|p2a: Amoonguss|100/100|[from] drain|[of] p1a: Donphan
|move|p1a: Donphan|Earthquake|p2a: Amoonguss
|-damage|p2a: Amoonguss|60/100
|
|upkeep
|turn|32
|
|t:|1776049663
|move|p1a: Donphan|Ice Shard|p2a: Amoonguss
|-supereffective|p2a: Amoonguss
|-damage|p2a: Amoonguss|26/100
|move|p2a: Amoonguss|Sludge Bomb|p1a: Donphan
|-damage|p1a: Donphan|33/100
|-status|p1a: Donphan|psn
|
|-damage|p1a: Donphan|20/100 psn|[from] psn
|-fieldend|move: Trick Room
|upkeep
|turn|33
|
|t:|1776049673
|move|p1a: Donphan|Ice Shard|p2a: Amoonguss
|-supereffective|p2a: Amoonguss
|-damage|p2a: Amoonguss|0 fnt
|faint|p2a: Amoonguss
|
|-damage|p1a: Donphan|8/100 psn|[from] psn
|upkeep
|
|t:|1776049675
|switch|p2a: Cinderace|Cinderace, F|35/100
|turn|34
|
|t:|1776049682
|move|p1a: Donphan|Ice Shard|p2a: Cinderace
|-resisted|p2a: Cinderace
|-damage|p2a: Cinderace|20/100
|move|p2a: Cinderace|U-turn|p1a: Donphan
|-start|p2a: Cinderace|typechange|Bug|[from] ability: Libero
|-crit|p1a: Donphan
|-damage|p1a: Donphan|0 fnt
|faint|p1a: Donphan
|
|win|Kampasaurus
|raw|Hecty96's rating: 1361 &rarr; <strong>1345</strong><br />(-16 for losing)
|raw|Kampasaurus's rating: 1436 &rarr; <strong>1452</strong><br />(+16 for winning)
|l|☆Hecty96
|player|p1|
