|html|<div class="broadcast-blue"><strong>[Gen 9] OU is currently suspecting Volcarona! For information on how to participate check out the <a href="https://www.smogon.com/tools/suspects/view/208">suspect thread</a>.</strong></div>
|j|☆Old Sam - RPlayer
|j|☆matys 333
|t:|1778509973
|gametype|singles
|player|p1|Old Sam - RPlayer|drayden|1223
|player|p2|matys 333|101|1283
|gen|9
|tier|[Gen 9] OU
|rated|
|rule|HP Percentage Mod: HP is shown in percentages
|rule|Endless Battle Clause: Forcing endless battles is banned
|rule|Species Clause: Limit one of each Pokémon
|rule|OHKO Clause: OHKO moves are banned
|rule|Evasion Items Clause: Evasion items are banned
|rule|Evasion Moves Clause: Evasion moves are banned
|rule|Evasion Abilities Clause: Evasion abilities are banned
|rule|Sleep Moves Clause: Sleep-inducing moves are banned
|clearpoke
|poke|p1|Grafaiai, M|
|poke|p1|Great Tusk|
|poke|p1|Dragapult, F|
|poke|p1|Zapdos|
|poke|p1|Moltres|
|poke|p1|Iron Crown|
|poke|p2|Glimmora, M|
|poke|p2|Kingambit, F|
|poke|p2|Darkrai|
|poke|p2|Zamazenta-*|
|poke|p2|Dragonite, M|
|poke|p2|Iron Valiant|
|teampreview
|
|t:|1778509979
|teamsize|p1|6
|teamsize|p2|6
|start
|switch|p1a: Iron Crown|Iron Crown|100/100
|switch|p2a: Glimmora|Glimmora, M|100/100
|turn|1
|inactive|Battle timer is ON: inactive players will automatically lose when time's up. (requested by Old Sam - RPlayer)
|l|☆matys 333
|inactive|matys 333 disconnected and has a minute to reconnect!
|player|p2|
|j|☆matys 333
|inactive|matys 333 reconnected and has 105 seconds left.
|player|p2|matys 333|101|
|
|t:|1778510030
|switch|p2a: Dragonite|Dragonite, M|100/100
|move|p1a: Iron Crown|Tachyon Cutter|p2a: Dragonite
|-damage|p2a: Dragonite|88/100
|-damage|p2a: Dragonite|61/100
|-hitcount|p2a: Dragonite|2
|
|upkeep
|turn|2
|
|t:|1778510038
|move|p1a: Iron Crown|Volt Switch|p2a: Dragonite
|-damage|p2a: Dragonite|37/100
|
|t:|1778510043
|-end|p1a: Iron Crown|Quark Drive|[silent]
|switch|p1a: Great Tusk|Great Tusk|100/100|[from] Volt Switch
|move|p2a: Dragonite|Dragon Dance|p2a: Dragonite
|-boost|p2a: Dragonite|atk|1
|-boost|p2a: Dragonite|spe|1
|
|upkeep
|turn|3
|
|t:|1778510057
|move|p2a: Dragonite|Ice Spinner|p1a: Great Tusk
|-supereffective|p1a: Great Tusk
|-damage|p1a: Great Tusk|38/100
|move|p1a: Great Tusk|Ice Spinner|p2a: Dragonite
|-supereffective|p2a: Dragonite
|-damage|p2a: Dragonite|0 fnt
|faint|p2a: Dragonite
|
|upkeep
|
|t:|1778510065
|switch|p2a: Darkrai|Darkrai|100/100
|turn|4
|
|t:|1778510072
|-end|p1a: Great Tusk|Protosynthesis|[silent]
|switch|p1a: Iron Crown|Iron Crown|100/100
|move|p2a: Darkrai|Focus Blast|p1a: Iron Crown
|-damage|p1a: Iron Crown|70/100
|
|upkeep
|turn|5
|
|t:|1778510080
|switch|p2a: Kingambit|Kingambit, F, shiny|100/100
|-activate|p2a: Kingambit|ability: Supreme Overlord
|-start|p2a: Kingambit|fallen1|[silent]
|move|p1a: Iron Crown|Volt Switch|p2a: Kingambit
|-damage|p2a: Kingambit|71/100
|inactive|Old Sam - RPlayer has 120 seconds left.
|
|t:|1778510114
|-end|p1a: Iron Crown|Quark Drive|[silent]
|switch|p1a: Moltres|Moltres|100/100|[from] Volt Switch
|
|upkeep
|turn|6
|
|t:|1778510123
|move|p1a: Moltres|Will-O-Wisp|p2a: Kingambit
|-status|p2a: Kingambit|brn
|move|p2a: Kingambit|Swords Dance|p2a: Kingambit
|-boost|p2a: Kingambit|atk|2
|
|-damage|p2a: Kingambit|65/100 brn|[from] brn
|upkeep
|turn|7
|
|t:|1778510136
|move|p2a: Kingambit|Sucker Punch|p1a: Moltres
|-damage|p1a: Moltres|64/100
|move|p1a: Moltres|Hurricane|p2a: Kingambit
|-resisted|p2a: Kingambit
|-damage|p2a: Kingambit|37/100 brn
|-start|p2a: Kingambit|confusion
|
|-damage|p2a: Kingambit|31/100 brn|[from] brn
|upkeep
|turn|8
|
|t:|1778510147
|move|p1a: Moltres|Roost|p1a: Moltres
|-heal|p1a: Moltres|100/100
|-singleturn|p1a: Moltres|move: Roost
|-activate|p2a: Kingambit|confusion
|move|p2a: Kingambit|Kowtow Cleave|p1a: Moltres
|-damage|p1a: Moltres|54/100
|
|-damage|p2a: Kingambit|25/100 brn|[from] brn
|upkeep
|turn|9
|
|t:|1778510156
|move|p1a: Moltres|Roost|p1a: Moltres
|-heal|p1a: Moltres|100/100
|-singleturn|p1a: Moltres|move: Roost
|-end|p2a: Kingambit|confusion
|move|p2a: Kingambit|Swords Dance|p2a: Kingambit
|-boost|p2a: Kingambit|atk|2
|
|-damage|p2a: Kingambit|19/100 brn|[from] brn
|upkeep
|turn|10
|
|t:|1778510167
|move|p2a: Kingambit|Sucker Punch|p1a: Moltres
|-damage|p1a: Moltres|43/100
|move|p1a: Moltres|U-turn|p2a: Kingambit
|-damage|p2a: Kingambit|5/100 brn
|
|t:|1778510176
|switch|p1a: Great Tusk|Great Tusk|38/100|[from] U-turn
|
|-damage|p2a: Kingambit|0 fnt|[from] brn
|faint|p2a: Kingambit
|-end|p2a: Kingambit|fallen1|[silent]
|upkeep
|
|t:|1778510183
|switch|p2a: Iron Valiant|Iron Valiant|100/100
|-enditem|p2a: Iron Valiant|Booster Energy
|-activate|p2a: Iron Valiant|ability: Quark Drive|[fromitem]
|-start|p2a: Iron Valiant|quarkdrivespe
|turn|11
|
|t:|1778510192
|-end|p1a: Great Tusk|Protosynthesis|[silent]
|switch|p1a: Zapdos|Zapdos|100/100
|move|p2a: Iron Valiant|Moonblast|p1a: Zapdos
|-damage|p1a: Zapdos|70/100
|-unboost|p1a: Zapdos|spa|1
|
|upkeep
|turn|12
|
|t:|1778510207
|move|p2a: Iron Valiant|Moonblast|p1a: Zapdos
|-damage|p1a: Zapdos|37/100
|move|p1a: Zapdos|Thunder Wave|p2a: Iron Valiant
|-status|p2a: Iron Valiant|par
|
|upkeep
|turn|13
|
|t:|1778510214
|move|p2a: Iron Valiant|Calm Mind|p2a: Iron Valiant
|-boost|p2a: Iron Valiant|spa|1
|-boost|p2a: Iron Valiant|spd|1
|move|p1a: Zapdos|Roost|p1a: Zapdos
|-heal|p1a: Zapdos|87/100
|-singleturn|p1a: Zapdos|move: Roost
|
|upkeep
|turn|14
|
|t:|1778510224
|move|p2a: Iron Valiant|Calm Mind|p2a: Iron Valiant
|-boost|p2a: Iron Valiant|spa|1
|-boost|p2a: Iron Valiant|spd|1
|move|p1a: Zapdos|Hurricane|p2a: Iron Valiant|[miss]
|-miss|p1a: Zapdos|p2a: Iron Valiant
|
|upkeep
|turn|15
|
|t:|1778510231
|move|p2a: Iron Valiant|Moonblast|p1a: Zapdos
|-damage|p1a: Zapdos|24/100
|-unboost|p1a: Zapdos|spa|1
|move|p1a: Zapdos|Hurricane|p2a: Iron Valiant
|-supereffective|p2a: Iron Valiant
|-damage|p2a: Iron Valiant|62/100 par
|-start|p2a: Iron Valiant|confusion
|
|upkeep
|turn|16
|
|t:|1778510240
|-activate|p2a: Iron Valiant|confusion
|move|p2a: Iron Valiant|Moonblast|p1a: Zapdos
|-damage|p1a: Zapdos|0 fnt
|faint|p1a: Zapdos
|
|upkeep
|
|t:|1778510266
|switch|p1a: Great Tusk|Great Tusk|38/100
|turn|17
|
|t:|1778510272
|move|p1a: Great Tusk|Dig||[still]
|-prepare|p1a: Great Tusk|Dig
|-enditem|p1a: Great Tusk|Power Herb
|-anim|p1a: Great Tusk|Dig|p2a: Iron Valiant
|-damage|p2a: Iron Valiant|12/100 par
|-end|p2a: Iron Valiant|confusion
|cant|p2a: Iron Valiant|par
|
|upkeep
|turn|18
|
|t:|1778510280
|move|p1a: Great Tusk|Dig||[still]
|-prepare|p1a: Great Tusk|Dig
|cant|p2a: Iron Valiant|par
|
|upkeep
|turn|19
|
|t:|1778510285
|move|p1a: Great Tusk|Dig|p2a: Iron Valiant|[from] lockedmove
|-damage|p2a: Iron Valiant|0 fnt
|faint|p2a: Iron Valiant
|-end|p2a: Iron Valiant|Quark Drive|[silent]
|
|upkeep
|
|t:|1778510290
|switch|p2a: Glimmora|Glimmora, M|100/100
|turn|20
|
|t:|1778510295
|move|p2a: Glimmora|Earth Power|p1a: Great Tusk
|-damage|p1a: Great Tusk|0 fnt
|faint|p1a: Great Tusk
|-end|p1a: Great Tusk|Protosynthesis|[silent]
|
|upkeep
|
|t:|1778510301
|switch|p1a: Grafaiai|Grafaiai, M|100/100
|turn|21
|inactive|matys 333 has 120 seconds left.
|
|t:|1778510336
|move|p1a: Grafaiai|Copycat|p1a: Grafaiai
|move|p1a: Grafaiai|Earth Power|p2a: Glimmora|[from] move: Copycat
|-supereffective|p2a: Glimmora
|-damage|p2a: Glimmora|20/100
|move|p2a: Glimmora|Earth Power|p1a: Grafaiai
|-supereffective|p1a: Grafaiai
|-damage|p1a: Grafaiai|17/100
|
|upkeep
|turn|22
|inactive|matys 333 has 120 seconds left.
|
|t:|1778510348
|move|p1a: Grafaiai|Copycat|p1a: Grafaiai
|move|p1a: Grafaiai|Earth Power|p2a: Glimmora|[from] move: Copycat
|-supereffective|p2a: Glimmora
|-damage|p2a: Glimmora|0 fnt
|faint|p2a: Glimmora
|
|upkeep
|inactive|matys 333 has 120 seconds left.
|
|t:|1778510356
|switch|p2a: Darkrai|Darkrai|100/100
|turn|23
|inactive|matys 333 has 120 seconds left.
|
|t:|1778510367
|move|p1a: Grafaiai|Parting Shot|p2a: Darkrai
|-hint|Since gen 7, Dark is immune to Prankster moves.
|-immune|p2a: Darkrai
|move|p2a: Darkrai|Dark Pulse|p1a: Grafaiai
|-damage|p1a: Grafaiai|0 fnt
|faint|p1a: Grafaiai
|
|upkeep
|
|t:|1778510374
|switch|p1a: Iron Crown|Iron Crown|70/100
|turn|24
|
|t:|1778510383
|-terastallize|p1a: Iron Crown|Fighting
|move|p2a: Darkrai|Dark Pulse|p1a: Iron Crown
|-resisted|p1a: Iron Crown
|-damage|p1a: Iron Crown|57/100
|move|p1a: Iron Crown|Focus Blast|p2a: Darkrai
|-supereffective|p2a: Darkrai
|-damage|p2a: Darkrai|0 fnt
|faint|p2a: Darkrai
|
|upkeep
|
|t:|1778510394
|switch|p2a: Zamazenta|Zamazenta|100/100
|-ability|p2a: Zamazenta|Dauntless Shield|boost
|-boost|p2a: Zamazenta|def|1
|turn|25
|
|t:|1778510415
|move|p2a: Zamazenta|Body Press|p1a: Iron Crown
|-damage|p1a: Iron Crown|7/100
|move|p1a: Iron Crown|Psychic|p2a: Zamazenta
|-supereffective|p2a: Zamazenta
|-damage|p2a: Zamazenta|25/100
|
|-heal|p2a: Zamazenta|31/100|[from] item: Leftovers
|upkeep
|turn|26
|
|t:|1778510424
|move|p2a: Zamazenta|Body Press|p1a: Iron Crown
|-damage|p1a: Iron Crown|0 fnt
|faint|p1a: Iron Crown
|-end|p1a: Iron Crown|Quark Drive|[silent]
|
|-heal|p2a: Zamazenta|37/100|[from] item: Leftovers
|upkeep
|
|t:|1778510427
|switch|p1a: Dragapult|Dragapult, F|100/100
|turn|27
|c|☆Old Sam - RPlayer|Gg bro
|
|t:|1778510439
|-terastallize|p2a: Zamazenta|Fire
|move|p1a: Dragapult|Draco Meteor|p2a: Zamazenta
|-damage|p2a: Zamazenta|0 fnt
|-unboost|p1a: Dragapult|spa|2
|faint|p2a: Zamazenta
|
|win|Old Sam - RPlayer
|raw|Old Sam - RPlayer's rating: 1223 &rarr; <strong>1252</strong><br />(+29 for winning)
|raw|matys 333's rating: 1283 &rarr; <strong>1254</strong><br />(-29 for losing)
|l|☆Old Sam - RPlayer
|player|p1|
|l|☆matys 333
|player|p2|
