|inactive|Battle timer is ON: inactive players will automatically lose when time's up.
|t:|1776294393
|gametype|singles
|player|p1|electraineheart|#solomodspliii|
|player|p2|xurkiyee|waiter|
|gen|9
|tier|[Gen 9] OU
|rule|HP Percentage Mod: HP is shown in percentages
|rule|Endless Battle Clause: Forcing endless battles is banned
|rule|Species Clause: Limit one of each Pokémon
|rule|OHKO Clause: OHKO moves are banned
|rule|Evasion Items Clause: Evasion items are banned
|rule|Evasion Moves Clause: Evasion moves are banned
|rule|Evasion Abilities Clause: Evasion abilities are banned
|rule|Sleep Moves Clause: Sleep-inducing moves are banned
|clearpoke
|poke|p1|Iron Valiant|
|poke|p1|Gholdengo|
|poke|p1|Ting-Lu|
|poke|p1|Dragonite, F|
|poke|p1|Kingambit, M|
|poke|p1|Raging Bolt|
|poke|p2|Deoxys-Speed|
|poke|p2|Raging Bolt|
|poke|p2|Landorus-Therian, M|
|poke|p2|Cinderace, M|
|poke|p2|Primarina, F|
|poke|p2|Kingambit, M|
|teampreview
|c|☆electraineheart|hf
|c|☆xurkiyee|hf
|inactive|electraineheart has 270 seconds left.
|inactive|xurkiyee has 270 seconds left.
|inactive|electraineheart has 240 seconds left.
|
|t:|1776294475
|teamsize|p1|6
|teamsize|p2|6
|start
|switch|p1a: Ting-Lu|Ting-Lu|100/100
|switch|p2a: Landorus|Landorus-Therian, M|100/100
|-ability|p2a: Landorus|Intimidate|boost
|-unboost|p1a: Ting-Lu|atk|1
|-ability|p1a: Ting-Lu|Vessel of Ruin
|turn|1
|
|t:|1776294496
|move|p2a: Landorus|Taunt|p1a: Ting-Lu
|-start|p1a: Ting-Lu|move: Taunt
|move|p1a: Ting-Lu|Ruination|p2a: Landorus
|-damage|p2a: Landorus|51/100
|
|upkeep
|turn|2
|
|t:|1776294509
|move|p2a: Landorus|Stealth Rock|p1a: Ting-Lu
|-sidestart|p1: electraineheart|move: Stealth Rock
|move|p1a: Ting-Lu|Ruination|p2a: Landorus
|-damage|p2a: Landorus|26/100
|
|upkeep
|turn|3
|
|t:|1776294516
|move|p2a: Landorus|Earth Power|p1a: Ting-Lu
|-damage|p1a: Ting-Lu|85/100
|-enditem|p1a: Ting-Lu|Red Card|[of] p2a: Landorus
|drag|p2a: Primarina|Primarina, F|100/100
|move|p1a: Ting-Lu|Ruination|p2a: Primarina
|-damage|p2a: Primarina|51/100
|
|-end|p1a: Ting-Lu|move: Taunt
|upkeep
|turn|4
|
|t:|1776294529
|move|p2a: Primarina|Moonblast|p1a: Ting-Lu
|-supereffective|p1a: Ting-Lu
|-damage|p1a: Ting-Lu|39/100
|move|p1a: Ting-Lu|Stealth Rock|p2a: Primarina
|-sidestart|p2: xurkiyee|move: Stealth Rock
|
|upkeep
|turn|5
|inactive|electraineheart has 270 seconds left.
|
|t:|1776294576
|move|p2a: Primarina|Surf|p1a: Ting-Lu
|-supereffective|p1a: Ting-Lu
|-damage|p1a: Ting-Lu|0 fnt
|faint|p1a: Ting-Lu
|
|upkeep
|inactive|electraineheart has 240 seconds left.
|inactive|electraineheart has 210 seconds left.
|inactive|electraineheart has 180 seconds left.
|inactive|electraineheart has 150 seconds left.
|
|t:|1776294689
|switch|p1a: Kingambit|Kingambit, M|100/100
|-damage|p1a: Kingambit|94/100|[from] Stealth Rock
|-activate|p1a: Kingambit|ability: Supreme Overlord
|-start|p1a: Kingambit|fallen1|[silent]
|turn|6
|inactive|electraineheart has 150 seconds left.
|inactive|xurkiyee has 270 seconds left.
|
|t:|1776294752
|switch|p2a: Kingambit|Kingambit, M|100/100
|-damage|p2a: Kingambit|94/100|[from] Stealth Rock
|move|p1a: Kingambit|Iron Head|p2a: Kingambit
|-resisted|p2a: Kingambit
|-damage|p2a: Kingambit|75/100
|
|-heal|p2a: Kingambit|81/100|[from] item: Leftovers
|upkeep
|turn|7
|inactive|electraineheart has 120 seconds left.
|inactive|electraineheart has 90 seconds left.
|
|t:|1776294804
|-end|p1a: Kingambit|fallen1|[silent]
|switch|p1a: Raging Bolt|Raging Bolt|100/100
|-damage|p1a: Raging Bolt|88/100|[from] Stealth Rock
|-enditem|p1a: Raging Bolt|Booster Energy
|-activate|p1a: Raging Bolt|ability: Protosynthesis|[fromitem]
|-start|p1a: Raging Bolt|protosynthesisspa
|-end|p2a: Kingambit|fallenundefined|[silent]
|switch|p2a: Landorus|Landorus-Therian, M|26/100
|-damage|p2a: Landorus|13/100|[from] Stealth Rock
|-ability|p2a: Landorus|Intimidate|boost
|-unboost|p1a: Raging Bolt|atk|1
|
|upkeep
|turn|8
|
|t:|1776294819
|move|p2a: Landorus|Earth Power|p1a: Raging Bolt
|-supereffective|p1a: Raging Bolt
|-damage|p1a: Raging Bolt|32/100
|move|p1a: Raging Bolt|Dragon Pulse|p2a: Landorus
|-damage|p2a: Landorus|0 fnt
|faint|p2a: Landorus
|
|upkeep
|inactive|xurkiyee has 240 seconds left.
|
|t:|1776294852
|switch|p2a: Deoxys|Deoxys-Speed|100/100
|-damage|p2a: Deoxys|88/100|[from] Stealth Rock
|-ability|p2a: Deoxys|Pressure
|turn|9
|
|t:|1776294857
|move|p1a: Raging Bolt|Thunderclap|p2a: Deoxys
|-damage|p2a: Deoxys|15/100
|move|p2a: Deoxys|Meteor Beam||[still]
|-prepare|p2a: Deoxys|Meteor Beam
|-boost|p2a: Deoxys|spa|1
|-enditem|p2a: Deoxys|Power Herb
|-anim|p2a: Deoxys|Meteor Beam|p1a: Raging Bolt
|-damage|p1a: Raging Bolt|0 fnt
|faint|p1a: Raging Bolt
|-end|p1a: Raging Bolt|Protosynthesis|[silent]
|
|upkeep
|
|t:|1776294878
|switch|p1a: Dragonite|Dragonite, F|100/100
|turn|10
|
|t:|1776294892
|move|p1a: Dragonite|Extreme Speed|p2a: Deoxys
|-damage|p2a: Deoxys|0 fnt
|faint|p2a: Deoxys
|
|upkeep
|inactive|xurkiyee has 240 seconds left.
|inactive|xurkiyee has 210 seconds left.
|
|t:|1776294961
|switch|p2a: Cinderace|Cinderace, M|100/100
|turn|11
|
|t:|1776294974
|move|p2a: Cinderace|U-turn|p1a: Dragonite
|-start|p2a: Cinderace|typechange|Bug|[from] ability: Libero
|-resisted|p1a: Dragonite
|-damage|p1a: Dragonite|92/100
|
|t:|1776294978
|switch|p2a: Primarina|Primarina, F|51/100|[from] U-turn
|-damage|p2a: Primarina|38/100|[from] Stealth Rock
|move|p1a: Dragonite|Dragon Dance|p1a: Dragonite
|-boost|p1a: Dragonite|atk|1
|-boost|p1a: Dragonite|spe|1
|
|upkeep
|turn|12
|
|t:|1776294981
|move|p1a: Dragonite|Earthquake|p2a: Primarina
|-damage|p2a: Primarina|0 fnt
|faint|p2a: Primarina
|
|upkeep
|
|t:|1776294991
|switch|p2a: Kingambit|Kingambit, M|81/100
|-damage|p2a: Kingambit|75/100|[from] Stealth Rock
|-activate|p2a: Kingambit|ability: Supreme Overlord
|-start|p2a: Kingambit|fallen3|[silent]
|turn|13
|inactive|xurkiyee has 180 seconds left.
|inactive|xurkiyee has 150 seconds left.
|inactive|xurkiyee has 120 seconds left.
|inactive|electraineheart has 120 seconds left.
|
|t:|1776295108
|-terastallize|p2a: Kingambit|Fairy
|move|p1a: Dragonite|Earthquake|p2a: Kingambit
|-damage|p2a: Kingambit|29/100
|move|p2a: Kingambit|Kowtow Cleave|p1a: Dragonite
|-damage|p1a: Dragonite|24/100
|
|-heal|p2a: Kingambit|35/100|[from] item: Leftovers
|upkeep
|turn|14
|
|t:|1776295118
|move|p1a: Dragonite|Extreme Speed|p2a: Kingambit
|-damage|p2a: Kingambit|3/100
|move|p2a: Kingambit|Kowtow Cleave|p1a: Dragonite
|-damage|p1a: Dragonite|0 fnt
|faint|p1a: Dragonite
|
|-heal|p2a: Kingambit|9/100|[from] item: Leftovers
|upkeep
|inactive|electraineheart has 120 seconds left.
|inactive|electraineheart has 90 seconds left.
|
|t:|1776295172
|switch|p1a: Iron Valiant|Iron Valiant|100/100
|-damage|p1a: Iron Valiant|94/100|[from] Stealth Rock
|-enditem|p1a: Iron Valiant|Booster Energy
|-activate|p1a: Iron Valiant|ability: Quark Drive|[fromitem]
|-start|p1a: Iron Valiant|quarkdrivespe
|turn|15
|
|t:|1776295182
|move|p1a: Iron Valiant|Spirit Break|p2a: Kingambit
|-damage|p2a: Kingambit|0 fnt
|faint|p2a: Kingambit
|-end|p2a: Kingambit|fallen3|[silent]
|
|upkeep
|
|t:|1776295196
|switch|p2a: Cinderace|Cinderace, M|100/100
|turn|16
|inactive|electraineheart has 90 seconds left.
|inactive|xurkiyee has 90 seconds left.
|inactive|electraineheart has 60 seconds left.
|inactive|xurkiyee has 60 seconds left.
|
|t:|1776295276
|move|p1a: Iron Valiant|Knock Off|p2a: Cinderace
|-damage|p2a: Cinderace|53/100
|-enditem|p2a: Cinderace|Heavy-Duty Boots|[from] move: Knock Off|[of] p1a: Iron Valiant
|move|p2a: Cinderace|Gunk Shot|p1a: Iron Valiant
|-start|p2a: Cinderace|typechange|Poison|[from] ability: Libero
|-supereffective|p1a: Iron Valiant
|-damage|p1a: Iron Valiant|0 fnt
|faint|p1a: Iron Valiant
|-end|p1a: Iron Valiant|Quark Drive|[silent]
|
|upkeep
|inactive|electraineheart has 30 seconds left.
|inactive|electraineheart has 20 seconds left.
|
|t:|1776295309
|switch|p1a: Gholdengo|Gholdengo|100/100
|-damage|p1a: Gholdengo|94/100|[from] Stealth Rock
|turn|17
|inactive|electraineheart has 30 seconds left this turn.
|
|t:|1776295316
|-terastallize|p1a: Gholdengo|Electric
|move|p2a: Cinderace|Pyro Ball|p1a: Gholdengo
|-damage|p1a: Gholdengo|51/100
|move|p1a: Gholdengo|Thunderbolt|p2a: Cinderace
|-damage|p2a: Cinderace|0 fnt
|faint|p2a: Cinderace
|
|upkeep
|
|t:|1776295321
|switch|p2a: Raging Bolt|Raging Bolt|100/100
|turn|18
|
|t:|1776295329
|move|p1a: Gholdengo|Focus Blast|p2a: Raging Bolt
|-damage|p2a: Raging Bolt|55/100
|move|p2a: Raging Bolt|Calm Mind|p2a: Raging Bolt
|-boost|p2a: Raging Bolt|spa|1
|-boost|p2a: Raging Bolt|spd|1
|
|upkeep
|turn|19
|
|t:|1776295339
|move|p1a: Gholdengo|Focus Blast|p2a: Raging Bolt|[miss]
|-miss|p1a: Gholdengo|p2a: Raging Bolt
|move|p2a: Raging Bolt|Calm Mind|p2a: Raging Bolt
|-boost|p2a: Raging Bolt|spa|1
|-boost|p2a: Raging Bolt|spd|1
|
|upkeep
|turn|20
|inactive|xurkiyee has 60 seconds left.
|
|t:|1776295383
|move|p1a: Gholdengo|Focus Blast|p2a: Raging Bolt
|-damage|p2a: Raging Bolt|32/100
|move|p2a: Raging Bolt|Calm Mind|p2a: Raging Bolt
|-boost|p2a: Raging Bolt|spa|1
|-boost|p2a: Raging Bolt|spd|1
|
|upkeep
|turn|21
|
|t:|1776295389
|move|p2a: Raging Bolt|Thunderclap|p1a: Gholdengo
|-resisted|p1a: Gholdengo
|-damage|p1a: Gholdengo|0 fnt
|faint|p1a: Gholdengo
|
|upkeep
|
|t:|1776295390
|switch|p1a: Kingambit|Kingambit, M|94/100
|-damage|p1a: Kingambit|88/100|[from] Stealth Rock
|-activate|p1a: Kingambit|ability: Supreme Overlord
|-start|p1a: Kingambit|fallen5|[silent]
|turn|22
|
|t:|1776295395
|move|p2a: Raging Bolt|Thunderclap|p1a: Kingambit
|-damage|p1a: Kingambit|0 fnt
|faint|p1a: Kingambit
|-end|p1a: Kingambit|fallen5|[silent]
|
|win|xurkiyee
|c|☆electraineheart|gg
|c|☆xurkiyee|gg
