|html|<div class="broadcast-blue"><strong>[Gen 9] OU is currently suspecting Tera Blast! For information on how to participate check out the <a href="https://www.smogon.com/tools/suspects/view/200">suspect thread</a>.</strong></div>
|badge|p1|bronze|gen9randombattle|100-9
|uhtml|medal-msg|<div class="broadcast-blue">Curious what those medals under the avatar are? PS now has Ladder Seasons! For more information, check out the <a href="https://www.smogon.com/forums/threads/3740067/">thread on Smogon.</a></div>
|j|☆kindnessalwayswins
|j|☆Ricefinger4
|t:|1776097623
|gametype|singles
|player|p1|kindnessalwayswins|iris-gen5bw2|1558
|player|p2|Ricefinger4|palmer|1525
|gen|9
|tier|[Gen 9] OU
|rated|
|rule|HP Percentage Mod: HP is shown in percentages
|rule|Endless Battle Clause: Forcing endless battles is banned
|rule|Species Clause: Limit one of each Pokémon
|rule|OHKO Clause: OHKO moves are banned
|rule|Evasion Items Clause: Evasion items are banned
|rule|Evasion Moves Clause: Evasion moves are banned
|rule|Evasion Abilities Clause: Evasion abilities are banned
|rule|Sleep Moves Clause: Sleep-inducing moves are banned
|clearpoke
|poke|p1|Hatterene, F|
|poke|p1|Iron Valiant|
|poke|p1|Cinderace, M|
|poke|p1|Alomomola, M|
|poke|p1|Kingambit, F|
|poke|p1|Flygon, M|
|poke|p2|Gholdengo|
|poke|p2|Excadrill, F|
|poke|p2|Moltres|
|poke|p2|Chesnaught, M|
|poke|p2|Tyranitar, M|
|poke|p2|Slowking-Galar, M|
|teampreview
|c|☆kindnessalwayswins|hf
|
|t:|1776097650
|teamsize|p1|6
|teamsize|p2|6
|start
|switch|p1a: Cinderace|Cinderace, M|100/100
|switch|p2a: Tyranitar|Tyranitar, M|100/100
|-weather|Sandstorm|[from] ability: Sand Stream|[of] p2a: Tyranitar
|turn|1
|
|t:|1776097652
|move|p1a: Cinderace|Will-O-Wisp|p2a: Tyranitar
|-status|p2a: Tyranitar|brn
|move|p2a: Tyranitar|Stealth Rock|p1a: Cinderace
|-sidestart|p1: kindnessalwayswins|move: Stealth Rock
|
|-weather|Sandstorm|[upkeep]
|-damage|p1a: Cinderace|94/100|[from] Sandstorm
|-damage|p2a: Tyranitar|94/100 brn|[from] brn
|upkeep
|turn|2
|
|t:|1776097661
|switch|p1a: Alomomola|Alomomola, M|100/100
|move|p2a: Tyranitar|Knock Off|p1a: Alomomola
|-damage|p1a: Alomomola|88/100
|-enditem|p1a: Alomomola|Heavy-Duty Boots|[from] move: Knock Off|[of] p2a: Tyranitar
|
|-weather|Sandstorm|[upkeep]
|-damage|p1a: Alomomola|82/100|[from] Sandstorm
|-damage|p2a: Tyranitar|88/100 brn|[from] brn
|upkeep
|turn|3
|
|t:|1776097669
|switch|p2a: Gholdengo|Gholdengo|100/100
|-item|p2a: Gholdengo|Air Balloon
|move|p1a: Alomomola|Flip Turn|p2a: Gholdengo
|-damage|p2a: Gholdengo|89/100
|-enditem|p2a: Gholdengo|Air Balloon
|
|t:|1776097690
|switch|p1a: Cinderace|Cinderace, M|94/100|[from] Flip Turn
|
|-weather|Sandstorm|[upkeep]
|-damage|p1a: Cinderace|88/100|[from] Sandstorm
|upkeep
|turn|4
|
|t:|1776097695
|switch|p2a: Tyranitar|Tyranitar, M|88/100 brn
|move|p1a: Cinderace|Court Change|p1a: Cinderace
|-swapsideconditions
|-activate|p1a: Cinderace|move: Court Change
|
|-weather|Sandstorm|[upkeep]
|-damage|p1a: Cinderace|82/100|[from] Sandstorm
|-damage|p2a: Tyranitar|82/100 brn|[from] brn
|upkeep
|turn|5
|
|t:|1776097710
|switch|p1a: Hatterene|Hatterene, F|100/100
|move|p2a: Tyranitar|Stealth Rock|p1a: Hatterene
|move|p1a: Hatterene|Stealth Rock||[from] ability: Magic Bounce|[still]
|-fail|p1a: Hatterene
|
|-weather|Sandstorm|[upkeep]
|-damage|p1a: Hatterene|95/100|[from] Sandstorm
|-damage|p2a: Tyranitar|76/100 brn|[from] brn
|upkeep
|turn|6
|
|t:|1776097715
|switch|p1a: Flygon|Flygon, M|100/100
|move|p2a: Tyranitar|Knock Off|p1a: Flygon
|-damage|p1a: Flygon|75/100
|-enditem|p1a: Flygon|Assault Vest|[from] move: Knock Off|[of] p2a: Tyranitar
|
|-weather|Sandstorm|[upkeep]
|-damage|p2a: Tyranitar|70/100 brn|[from] brn
|upkeep
|turn|7
|
|t:|1776097719
|move|p1a: Flygon|Earthquake|p2a: Tyranitar
|-supereffective|p2a: Tyranitar
|-damage|p2a: Tyranitar|2/100 brn
|move|p2a: Tyranitar|Ice Punch|p1a: Flygon
|-supereffective|p1a: Flygon
|-damage|p1a: Flygon|23/100
|
|-weather|Sandstorm|[upkeep]
|-damage|p2a: Tyranitar|0 fnt|[from] brn
|faint|p2a: Tyranitar
|upkeep
|
|t:|1776097723
|switch|p2a: Excadrill|Excadrill, F|100/100
|-damage|p2a: Excadrill|97/100|[from] Stealth Rock
|turn|8
|
|t:|1776097728
|switch|p1a: Alomomola|Alomomola, M|100/100
|move|p2a: Excadrill|Earthquake|p1a: Alomomola
|-damage|p1a: Alomomola|50/100
|
|-weather|none
|upkeep
|turn|9
|
|t:|1776097737
|switch|p1a: Flygon|Flygon, M|23/100
|move|p2a: Excadrill|Earthquake|p1a: Flygon
|-immune|p1a: Flygon|[from] ability: Levitate
|
|upkeep
|turn|10
|
|t:|1776097744
|switch|p2a: Chesnaught|Chesnaught, M|100/100
|-damage|p2a: Chesnaught|94/100|[from] Stealth Rock
|move|p1a: Flygon|U-turn|p2a: Chesnaught
|-damage|p2a: Chesnaught|82/100
|
|t:|1776097763
|switch|p1a: Hatterene|Hatterene, F|95/100|[from] U-turn
|
|-heal|p2a: Chesnaught|88/100|[from] item: Leftovers
|upkeep
|turn|11
|
|t:|1776097773
|switch|p2a: Moltres|Moltres|100/100
|move|p1a: Hatterene|Psychic Noise|p2a: Moltres
|-damage|p2a: Moltres|54/100
|-start|p2a: Moltres|move: Heal Block
|
|upkeep
|turn|12
|
|t:|1776097781
|move|p2a: Moltres|U-turn|p1a: Hatterene
|-damage|p1a: Hatterene|77/100
|
|t:|1776097784
|switch|p2a: Slowking|Slowking-Galar, M|100/100|[from] U-turn
|-damage|p2a: Slowking|88/100|[from] Stealth Rock
|move|p1a: Hatterene|Psychic Noise|p2a: Slowking
|-damage|p2a: Slowking|68/100
|-start|p2a: Slowking|move: Heal Block
|
|upkeep
|turn|13
|
|t:|1776097794
|switch|p1a: Kingambit|Kingambit, F|100/100
|move|p2a: Slowking|Flamethrower|p1a: Kingambit
|-supereffective|p1a: Kingambit
|-damage|p1a: Kingambit|46/100
|
|-end|p2a: Slowking|move: Heal Block
|upkeep
|turn|14
|
|t:|1776097802
|-end|p1a: Kingambit|fallenundefined|[silent]
|switch|p1a: Alomomola|Alomomola, M|83/100
|switch|p2a: Moltres|Moltres|54/100
|
|upkeep
|turn|15
|
|t:|1776097804
|move|p2a: Moltres|Will-O-Wisp|p1a: Alomomola
|-status|p1a: Alomomola|brn
|move|p1a: Alomomola|Wish|p1a: Alomomola
|
|-damage|p1a: Alomomola|77/100 brn|[from] brn
|upkeep
|turn|16
|
|t:|1776097806
|move|p2a: Moltres|Will-O-Wisp|p1a: Alomomola
|-fail|p1a: Alomomola|brn
|move|p1a: Alomomola|Flip Turn|p2a: Moltres
|-supereffective|p2a: Moltres
|-damage|p2a: Moltres|42/100
|
|t:|1776097810
|switch|p1a: Kingambit|Kingambit, F|46/100|[from] Flip Turn
|
|-heal|p1a: Kingambit|100/100|[from] move: Wish|[wisher] Alomomola
|upkeep
|turn|17
|
|t:|1776097813
|-end|p1a: Kingambit|fallenundefined|[silent]
|switch|p1a: Hatterene|Hatterene, F|77/100
|move|p2a: Moltres|Will-O-Wisp|p1a: Hatterene
|move|p1a: Hatterene|Will-O-Wisp|p2a: Moltres|[from] ability: Magic Bounce|[miss]
|-miss|p1a: Hatterene|p2a: Moltres
|
|upkeep
|turn|18
|
|t:|1776097816
|move|p2a: Moltres|Roost|p2a: Moltres
|-heal|p2a: Moltres|92/100
|-singleturn|p2a: Moltres|move: Roost
|move|p1a: Hatterene|Psychic Noise|p2a: Moltres
|-damage|p2a: Moltres|48/100
|-start|p2a: Moltres|move: Heal Block
|
|upkeep
|turn|19
|
|t:|1776097821
|move|p2a: Moltres|U-turn|p1a: Hatterene
|-damage|p1a: Hatterene|59/100
|
|t:|1776097824
|switch|p2a: Slowking|Slowking-Galar, M|100/100|[from] U-turn
|-damage|p2a: Slowking|88/100|[from] Stealth Rock
|move|p1a: Hatterene|Psychic Noise|p2a: Slowking
|-damage|p2a: Slowking|67/100
|-start|p2a: Slowking|move: Heal Block
|
|upkeep
|turn|20
|
|t:|1776097848
|switch|p1a: Alomomola|Alomomola, M|100/100 brn
|move|p2a: Slowking|Flamethrower|p1a: Alomomola
|-resisted|p1a: Alomomola
|-damage|p1a: Alomomola|84/100 brn
|
|-damage|p1a: Alomomola|78/100 brn|[from] brn
|-end|p2a: Slowking|move: Heal Block
|upkeep
|turn|21
|
|t:|1776097851
|move|p1a: Alomomola|Flip Turn|p2a: Slowking
|-damage|p2a: Slowking|59/100
|
|t:|1776097853
|switch|p1a: Kingambit|Kingambit, F|100/100|[from] Flip Turn
|move|p2a: Slowking|Psychic Noise|p1a: Kingambit
|-immune|p1a: Kingambit
|
|upkeep
|turn|22
|
|t:|1776097856
|-end|p1a: Kingambit|fallenundefined|[silent]
|switch|p1a: Hatterene|Hatterene, F|59/100
|move|p2a: Slowking|Flamethrower|p1a: Hatterene
|-damage|p1a: Hatterene|38/100
|
|upkeep
|turn|23
|
|t:|1776097861
|switch|p1a: Alomomola|Alomomola, M|100/100 brn
|move|p2a: Slowking|Sludge Bomb|p1a: Alomomola
|-damage|p1a: Alomomola|50/100 brn
|
|-damage|p1a: Alomomola|44/100 brn|[from] brn
|upkeep
|turn|24
|
|t:|1776097866
|move|p1a: Alomomola|Flip Turn|p2a: Slowking
|-damage|p2a: Slowking|51/100
|
|t:|1776097872
|switch|p1a: Cinderace|Cinderace, M|82/100|[from] Flip Turn
|move|p2a: Slowking|Sludge Bomb|p1a: Cinderace
|-crit|p1a: Cinderace
|-damage|p1a: Cinderace|9/100
|
|upkeep
|turn|25
|
|t:|1776097877
|switch|p2a: Moltres|Moltres|48/100
|move|p1a: Cinderace|Pyro Ball|p2a: Moltres
|-resisted|p2a: Moltres
|-damage|p2a: Moltres|23/100
|
|upkeep
|turn|26
|
|t:|1776097880
|move|p1a: Cinderace|Pyro Ball|p2a: Moltres
|-resisted|p2a: Moltres
|-crit|p2a: Moltres
|-damage|p2a: Moltres|0 fnt
|faint|p2a: Moltres
|
|upkeep
|
|t:|1776097885
|switch|p2a: Chesnaught|Chesnaught, M|88/100
|-damage|p2a: Chesnaught|82/100|[from] Stealth Rock
|turn|27
|
|t:|1776097899
|switch|p1a: Alomomola|Alomomola, M|78/100 brn
|move|p2a: Chesnaught|Knock Off|p1a: Alomomola
|-damage|p1a: Alomomola|69/100 brn
|
|-heal|p2a: Chesnaught|88/100|[from] item: Leftovers
|-damage|p1a: Alomomola|62/100 brn|[from] brn
|upkeep
|turn|28
|
|t:|1776097902
|move|p2a: Chesnaught|Leech Seed|p1a: Alomomola
|-start|p1a: Alomomola|move: Leech Seed
|move|p1a: Alomomola|Wish|p1a: Alomomola
|
|-heal|p2a: Chesnaught|94/100|[from] item: Leftovers
|-damage|p1a: Alomomola|50/100 brn|[from] Leech Seed|[of] p2a: Chesnaught
|-heal|p2a: Chesnaught|100/100|[silent]
|-damage|p1a: Alomomola|44/100 brn|[from] brn
|upkeep
|turn|29
|
|t:|1776097910
|switch|p1a: Hatterene|Hatterene, F|38/100
|move|p2a: Chesnaught|Body Press|p1a: Hatterene
|-resisted|p1a: Hatterene
|-damage|p1a: Hatterene|26/100
|
|-heal|p1a: Hatterene|100/100|[from] move: Wish|[wisher] Alomomola
|upkeep
|turn|30
|
|t:|1776097918
|switch|p2a: Slowking|Slowking-Galar, M|84/100
|-damage|p2a: Slowking|72/100|[from] Stealth Rock
|move|p1a: Hatterene|Psychic Noise|p2a: Slowking
|-damage|p2a: Slowking|51/100
|-start|p2a: Slowking|move: Heal Block
|
|upkeep
|turn|31
|
|t:|1776097922
|switch|p1a: Kingambit|Kingambit, F|100/100
|move|p2a: Slowking|Flamethrower|p1a: Kingambit
|-supereffective|p1a: Kingambit
|-damage|p1a: Kingambit|41/100
|-status|p1a: Kingambit|brn
|
|-damage|p1a: Kingambit|35/100 brn|[from] brn
|-end|p2a: Slowking|move: Heal Block
|upkeep
|turn|32
|j| Monkey D MinMin
|
|t:|1776097933
|-end|p1a: Kingambit|fallenundefined|[silent]
|switch|p1a: Hatterene|Hatterene, F|100/100
|move|p2a: Slowking|Flamethrower|p1a: Hatterene
|-damage|p1a: Hatterene|80/100
|
|upkeep
|turn|33
|
|t:|1776097937
|switch|p1a: Kingambit|Kingambit, F|35/100 brn
|move|p2a: Slowking|Sludge Bomb|p1a: Kingambit
|-immune|p1a: Kingambit
|
|-damage|p1a: Kingambit|29/100 brn|[from] brn
|upkeep
|turn|34
|
|t:|1776097940
|move|p1a: Kingambit|Kowtow Cleave|p2a: Slowking
|-supereffective|p2a: Slowking
|-damage|p2a: Slowking|0 fnt
|faint|p2a: Slowking
|
|-damage|p1a: Kingambit|23/100 brn|[from] brn
|upkeep
|l| Monkey D MinMin
|
|t:|1776097946
|switch|p2a: Gholdengo|Gholdengo|89/100
|-damage|p2a: Gholdengo|83/100|[from] Stealth Rock
|turn|35
|
|t:|1776097952
|move|p2a: Gholdengo|Hex|p1a: Kingambit
|-resisted|p1a: Kingambit
|-damage|p1a: Kingambit|0 fnt
|faint|p1a: Kingambit
|-end|p1a: Kingambit|fallenundefined|[silent]
|
|upkeep
|
|t:|1776097967
|switch|p1a: Cinderace|Cinderace, M|9/100
|turn|36
|
|t:|1776097974
|switch|p2a: Chesnaught|Chesnaught, M|100/100
|-damage|p2a: Chesnaught|94/100|[from] Stealth Rock
|move|p1a: Cinderace|Pyro Ball|p2a: Chesnaught
|-immune|p2a: Chesnaught|[from] ability: Bulletproof
|
|-heal|p2a: Chesnaught|100/100|[from] item: Leftovers
|upkeep
|turn|37
|
|t:|1776097977
|switch|p1a: Hatterene|Hatterene, F|80/100
|move|p2a: Chesnaught|Body Press|p1a: Hatterene
|-resisted|p1a: Hatterene
|-damage|p1a: Hatterene|66/100
|
|upkeep
|turn|38
|
|t:|1776097980
|move|p2a: Chesnaught|Knock Off|p1a: Hatterene
|-damage|p1a: Hatterene|38/100
|-enditem|p1a: Hatterene|Assault Vest|[from] move: Knock Off|[of] p2a: Chesnaught
|move|p1a: Hatterene|Mystical Fire|p2a: Chesnaught
|-supereffective|p2a: Chesnaught
|-damage|p2a: Chesnaught|32/100
|-unboost|p2a: Chesnaught|spa|1
|
|-heal|p2a: Chesnaught|38/100|[from] item: Leftovers
|upkeep
|turn|39
|
|t:|1776097984
|move|p2a: Chesnaught|Spiky Shield|p2a: Chesnaught
|-singleturn|p2a: Chesnaught|move: Protect
|move|p1a: Hatterene|Mystical Fire|p2a: Chesnaught
|-activate|p2a: Chesnaught|move: Protect
|
|-heal|p2a: Chesnaught|44/100|[from] item: Leftovers
|upkeep
|turn|40
|
|t:|1776097996
|switch|p2a: Excadrill|Excadrill, F|97/100
|-damage|p2a: Excadrill|94/100|[from] Stealth Rock
|move|p1a: Hatterene|Draining Kiss|p2a: Excadrill
|-resisted|p2a: Excadrill
|-damage|p2a: Excadrill|74/100
|-heal|p1a: Hatterene|57/100|[from] drain|[of] p2a: Excadrill
|
|upkeep
|turn|41
|
|t:|1776098004
|switch|p1a: Alomomola|Alomomola, M|77/100 brn
|-terastallize|p2a: Excadrill|Steel
|move|p2a: Excadrill|Iron Head|p1a: Alomomola
|-resisted|p1a: Alomomola
|-damage|p1a: Alomomola|50/100 brn
|
|-damage|p1a: Alomomola|44/100 brn|[from] brn
|upkeep
|turn|42
|
|t:|1776098009
|move|p2a: Excadrill|Iron Head|p1a: Alomomola
|-resisted|p1a: Alomomola
|-damage|p1a: Alomomola|20/100 brn
|move|p1a: Alomomola|Flip Turn|p2a: Excadrill
|-damage|p2a: Excadrill|63/100
|
|t:|1776098019
|switch|p1a: Cinderace|Cinderace, M|9/100|[from] Flip Turn
|
|upkeep
|turn|43
|
|t:|1776098026
|switch|p2a: Chesnaught|Chesnaught, M|44/100
|-damage|p2a: Chesnaught|38/100|[from] Stealth Rock
|move|p1a: Cinderace|Pyro Ball|p2a: Chesnaught
|-immune|p2a: Chesnaught|[from] ability: Bulletproof
|
|-heal|p2a: Chesnaught|44/100|[from] item: Leftovers
|upkeep
|turn|44
|
|t:|1776098032
|switch|p1a: Hatterene|Hatterene, F|57/100
|move|p2a: Chesnaught|Knock Off|p1a: Hatterene
|-crit|p1a: Hatterene
|-damage|p1a: Hatterene|26/100
|
|-heal|p2a: Chesnaught|50/100|[from] item: Leftovers
|upkeep
|turn|45
|
|t:|1776098036
|move|p2a: Chesnaught|Spiky Shield|p2a: Chesnaught
|-singleturn|p2a: Chesnaught|move: Protect
|move|p1a: Hatterene|Draining Kiss|p2a: Chesnaught
|-activate|p2a: Chesnaught|move: Protect
|-damage|p1a: Hatterene|14/100|[from] Spiky Shield|[of] p2a: Chesnaught
|
|-heal|p2a: Chesnaught|56/100|[from] item: Leftovers
|upkeep
|turn|46
|
|t:|1776098038
|switch|p1a: Alomomola|Alomomola, M|53/100 brn
|move|p2a: Chesnaught|Knock Off|p1a: Alomomola
|-damage|p1a: Alomomola|45/100 brn
|
|-heal|p2a: Chesnaught|62/100|[from] item: Leftovers
|-damage|p1a: Alomomola|38/100 brn|[from] brn
|upkeep
|turn|47
|
|t:|1776098040
|move|p2a: Chesnaught|Leech Seed|p1a: Alomomola
|-start|p1a: Alomomola|move: Leech Seed
|move|p1a: Alomomola|Wish|p1a: Alomomola
|
|-heal|p2a: Chesnaught|68/100|[from] item: Leftovers
|-damage|p1a: Alomomola|26/100 brn|[from] Leech Seed|[of] p2a: Chesnaught
|-heal|p2a: Chesnaught|86/100|[silent]
|-damage|p1a: Alomomola|20/100 brn|[from] brn
|upkeep
|turn|48
|
|t:|1776098052
|move|p1a: Alomomola|Protect|p1a: Alomomola
|-singleturn|p1a: Alomomola|Protect
|move|p2a: Chesnaught|Knock Off|p1a: Alomomola
|-activate|p1a: Alomomola|move: Protect
|
|-heal|p1a: Alomomola|70/100 brn|[from] move: Wish|[wisher] Alomomola
|-heal|p2a: Chesnaught|92/100|[from] item: Leftovers
|-damage|p1a: Alomomola|57/100 brn|[from] Leech Seed|[of] p2a: Chesnaught
|-heal|p2a: Chesnaught|100/100|[silent]
|-damage|p1a: Alomomola|51/100 brn|[from] brn
|upkeep
|turn|49
|
|t:|1776098055
|move|p2a: Chesnaught|Body Press|p1a: Alomomola
|-damage|p1a: Alomomola|28/100 brn
|move|p1a: Alomomola|Wish|p1a: Alomomola
|
|-damage|p1a: Alomomola|16/100 brn|[from] Leech Seed|[of] p2a: Chesnaught
|-damage|p1a: Alomomola|9/100 brn|[from] brn
|upkeep
|turn|50
|
|t:|1776098060
|switch|p1a: Iron Valiant|Iron Valiant|100/100
|-enditem|p1a: Iron Valiant|Booster Energy
|-activate|p1a: Iron Valiant|ability: Quark Drive|[fromitem]
|-start|p1a: Iron Valiant|quarkdrivespe
|move|p2a: Chesnaught|Knock Off|p1a: Iron Valiant
|-resisted|p1a: Iron Valiant
|-damage|p1a: Iron Valiant|96/100
|
|-heal|p1a: Iron Valiant|100/100|[from] move: Wish|[wisher] Alomomola
|upkeep
|turn|51
|
|t:|1776098083
|switch|p2a: Gholdengo|Gholdengo|83/100
|-damage|p2a: Gholdengo|77/100|[from] Stealth Rock
|move|p1a: Iron Valiant|Calm Mind|p1a: Iron Valiant
|-boost|p1a: Iron Valiant|spa|1
|-boost|p1a: Iron Valiant|spd|1
|
|upkeep
|turn|52
|
|t:|1776098108
|-terastallize|p1a: Iron Valiant|Electric
|move|p1a: Iron Valiant|Calm Mind|p1a: Iron Valiant
|-boost|p1a: Iron Valiant|spa|1
|-boost|p1a: Iron Valiant|spd|1
|move|p2a: Gholdengo|Thunder Wave|p1a: Iron Valiant
|-immune|p1a: Iron Valiant
|
|upkeep
|turn|53
|
|t:|1776098111
|move|p1a: Iron Valiant|Thunderbolt|p2a: Gholdengo
|-damage|p2a: Gholdengo|0 fnt
|faint|p2a: Gholdengo
|
|upkeep
|
|t:|1776098114
|switch|p2a: Excadrill|Excadrill, F, tera:Steel|63/100
|-damage|p2a: Excadrill|56/100|[from] Stealth Rock
|turn|54
|
|t:|1776098118
|move|p1a: Iron Valiant|Thunderbolt|p2a: Excadrill
|-damage|p2a: Excadrill|0 fnt
|faint|p2a: Excadrill
|
|upkeep
|
|t:|1776098120
|switch|p2a: Chesnaught|Chesnaught, M|100/100
|-damage|p2a: Chesnaught|94/100|[from] Stealth Rock
|turn|55
|
|t:|1776098123
|move|p1a: Iron Valiant|Moonblast|p2a: Chesnaught
|-supereffective|p2a: Chesnaught
|-damage|p2a: Chesnaught|0 fnt
|faint|p2a: Chesnaught
|
|win|kindnessalwayswins
|raw|kindnessalwayswins's rating: 1558 &rarr; <strong>1576</strong><br />(+18 for winning)
|raw|Ricefinger4's rating: 1525 &rarr; <strong>1507</strong><br />(-18 for losing)
|l|☆Ricefinger4
|player|p2|
|l|☆kindnessalwayswins
|player|p1|
