|html|<div class="broadcast-blue"><strong>[Gen 9] OU is currently suspecting Tera Blast! For information on how to participate check out the <a href="https://www.smogon.com/tools/suspects/view/200">suspect thread</a>.</strong></div>
|j|☆TeraBlastGardevoir
|j|☆Yespoleon
|t:|1776096737
|gametype|singles
|player|p1|TeraBlastGardevoir|giovanni|1454
|player|p2|Yespoleon|brock|1446
|gen|9
|tier|[Gen 9] OU
|rated|
|rule|HP Percentage Mod: HP is shown in percentages
|rule|Endless Battle Clause: Forcing endless battles is banned
|rule|Species Clause: Limit one of each Pokémon
|rule|OHKO Clause: OHKO moves are banned
|rule|Evasion Items Clause: Evasion items are banned
|rule|Evasion Moves Clause: Evasion moves are banned
|rule|Evasion Abilities Clause: Evasion abilities are banned
|rule|Sleep Moves Clause: Sleep-inducing moves are banned
|clearpoke
|poke|p1|Gardevoir, F|
|poke|p1|Rillaboom, F|
|poke|p1|Hawlucha, F|
|poke|p1|Iron Moth|
|poke|p1|Landorus-Therian, M|
|poke|p1|Kingambit, F|
|poke|p2|Kyurem|
|poke|p2|Slowking-Galar, M|
|poke|p2|Iron Treads|
|poke|p2|Cinderace, F|
|poke|p2|Dragonite, M|
|poke|p2|Darkrai|
|teampreview
|inactive|Battle timer is ON: inactive players will automatically lose when time's up. (requested by Yespoleon)
|j| ohko_smeargle
|
|t:|1776096754
|teamsize|p1|6
|teamsize|p2|6
|start
|switch|p1a: Kingambitch|Kingambit, F|100/100
|switch|p2a: Infection|Slowking-Galar, M, shiny|100/100
|turn|1
|
|t:|1776096782
|switch|p2a: Rolling Stones|Iron Treads, shiny|100/100
|-item|p2a: Rolling Stones|Air Balloon
|move|p1a: Kingambitch|Kowtow Cleave|p2a: Rolling Stones
|-damage|p2a: Rolling Stones|49/100
|-enditem|p2a: Rolling Stones|Air Balloon
|
|upkeep
|turn|2
|inactive|TeraBlastGardevoir has 120 seconds left.
|
|t:|1776096809
|-end|p1a: Kingambitch|fallenundefined|[silent]
|switch|p1a: Landorus|Landorus-Therian, M|100/100
|-ability|p1a: Landorus|Intimidate|boost
|-unboost|p2a: Rolling Stones|atk|1
|move|p2a: Rolling Stones|Knock Off|p1a: Landorus
|-damage|p1a: Landorus|81/100
|-damage|p2a: Rolling Stones|32/100|[from] item: Rocky Helmet|[of] p1a: Landorus
|-enditem|p1a: Landorus|Rocky Helmet|[from] move: Knock Off|[of] p2a: Rolling Stones
|
|upkeep
|turn|3
|inactive|TeraBlastGardevoir has 120 seconds left.
|
|t:|1776096824
|move|p1a: Landorus|Earth Power|p2a: Rolling Stones
|-supereffective|p2a: Rolling Stones
|-damage|p2a: Rolling Stones|0 fnt
|faint|p2a: Rolling Stones
|-end|p2a: Rolling Stones|Quark Drive|[silent]
|
|upkeep
|
|t:|1776096828
|switch|p2a: Infection|Slowking-Galar, M, shiny|100/100
|turn|4
|
|t:|1776096835
|move|p1a: Landorus|U-turn|p2a: Infection
|-damage|p2a: Infection|78/100
|
|t:|1776096839
|switch|p1a: Kingambitch|Kingambit, F|100/100|[from] U-turn
|-prepare|p2a: Infection|Chilly Reception|[premajor]
|move|p2a: Infection|Chilly Reception|p2a: Infection
|-weather|Snowscape
|
|t:|1776096844
|switch|p2a: Cryo Kaiser|Kyurem, shiny|100/100|[from] Chilly Reception
|-ability|p2a: Cryo Kaiser|Pressure
|
|-weather|Snowscape|[upkeep]
|upkeep
|turn|5
|
|t:|1776096849
|-end|p1a: Kingambitch|fallenundefined|[silent]
|switch|p1a: Landorus|Landorus-Therian, M|81/100
|-ability|p1a: Landorus|Intimidate|boost
|-unboost|p2a: Cryo Kaiser|atk|1
|move|p2a: Cryo Kaiser|Earth Power|p1a: Landorus
|-immune|p1a: Landorus
|
|-weather|Snowscape|[upkeep]
|upkeep
|turn|6
|
|t:|1776096857
|switch|p2a: Infection|Slowking-Galar, M, shiny|100/100
|move|p1a: Landorus|Stealth Rock|p2a: Infection
|-sidestart|p2: Yespoleon|move: Stealth Rock
|
|-weather|Snowscape|[upkeep]
|upkeep
|turn|7
|
|t:|1776096867
|move|p1a: Landorus|Earth Power|p2a: Infection
|-supereffective|p2a: Infection
|-damage|p2a: Infection|63/100
|-prepare|p2a: Infection|Chilly Reception|[premajor]
|move|p2a: Infection|Chilly Reception|p2a: Infection
|
|t:|1776096869
|switch|p2a: Cryo Kaiser|Kyurem, shiny|100/100|[from] Chilly Reception
|-damage|p2a: Cryo Kaiser|75/100|[from] Stealth Rock
|-ability|p2a: Cryo Kaiser|Pressure
|
|-weather|Snowscape|[upkeep]
|upkeep
|turn|8
|
|t:|1776096887
|move|p2a: Cryo Kaiser|Earth Power|p1a: Landorus
|-immune|p1a: Landorus
|move|p1a: Landorus|Stone Edge|p2a: Cryo Kaiser
|-supereffective|p2a: Cryo Kaiser
|-damage|p2a: Cryo Kaiser|35/100
|
|-weather|none
|upkeep
|turn|9
|-message|Yespoleon forfeited.
|
|win|TeraBlastGardevoir
|raw|TeraBlastGardevoir's rating: 1454 &rarr; <strong>1474</strong><br />(+20 for winning)
|raw|Yespoleon's rating: 1446 &rarr; <strong>1426</strong><br />(-20 for losing)
|l|☆Yespoleon
|player|p2|
|l| ohko_smeargle
|l|☆TeraBlastGardevoir
|player|p1|
