|html|<div class="broadcast-blue"><strong>[Gen 9] OU is currently suspecting Tera Blast! For information on how to participate check out the <a href="https://www.smogon.com/tools/suspects/view/200">suspect thread</a>.</strong></div>
|j|☆sub5ragebaiter
|j|☆ImAceISwear
|t:|1776294892
|gametype|singles
|player|p1|sub5ragebaiter|drayden|1045
|player|p2|ImAceISwear|265|1082
|gen|9
|tier|[Gen 9] OU
|rated|
|rule|HP Percentage Mod: HP is shown in percentages
|rule|Endless Battle Clause: Forcing endless battles is banned
|rule|Species Clause: Limit one of each Pokémon
|rule|OHKO Clause: OHKO moves are banned
|rule|Evasion Items Clause: Evasion items are banned
|rule|Evasion Moves Clause: Evasion moves are banned
|rule|Evasion Abilities Clause: Evasion abilities are banned
|rule|Sleep Moves Clause: Sleep-inducing moves are banned
|clearpoke
|poke|p1|Clodsire, F|
|poke|p1|Toxapex, M|
|poke|p1|Corviknight, M|
|poke|p1|Blissey, F|
|poke|p1|Dondozo, F|
|poke|p1|Skeledirge, F|
|poke|p2|Tinkaton, F|
|poke|p2|Samurott-Hisui, F|
|poke|p2|Blaziken, M|
|poke|p2|Gliscor, F|
|poke|p2|Conkeldurr, M|
|poke|p2|Deoxys-Speed|
|teampreview
|
|t:|1776294898
|teamsize|p1|6
|teamsize|p2|6
|start
|switch|p1a: Dondozo|Dondozo, F, shiny|100/100
|switch|p2a: Conkeldurr|Conkeldurr, M|100/100
|turn|1
|
|t:|1776294929
|move|p2a: Conkeldurr|Knock Off|p1a: Dondozo
|-damage|p1a: Dondozo|82/100
|-enditem|p1a: Dondozo|Leftovers|[from] move: Knock Off|[of] p2a: Conkeldurr
|move|p1a: Dondozo|Curse|p1a: Dondozo
|-unboost|p1a: Dondozo|spe|1
|-boost|p1a: Dondozo|atk|1
|-boost|p1a: Dondozo|def|1
|
|-status|p2a: Conkeldurr|brn|[from] item: Flame Orb
|upkeep
|turn|2
|
|t:|1776294941
|move|p2a: Conkeldurr|Facade|p1a: Dondozo
|-damage|p1a: Dondozo|56/100
|move|p1a: Dondozo|Curse|p1a: Dondozo
|-unboost|p1a: Dondozo|spe|1
|-boost|p1a: Dondozo|atk|1
|-boost|p1a: Dondozo|def|1
|
|-damage|p2a: Conkeldurr|94/100 brn|[from] brn
|upkeep
|turn|3
|
|t:|1776294975
|move|p2a: Conkeldurr|Facade|p1a: Dondozo
|-damage|p1a: Dondozo|37/100
|move|p1a: Dondozo|Wave Crash|p2a: Conkeldurr
|-damage|p2a: Conkeldurr|20/100 brn
|-damage|p1a: Dondozo|17/100|[from] Recoil
|
|-damage|p2a: Conkeldurr|14/100 brn|[from] brn
|upkeep
|turn|4
|
|t:|1776294986
|move|p2a: Conkeldurr|Facade|p1a: Dondozo
|-damage|p1a: Dondozo|0 fnt
|faint|p1a: Dondozo
|
|-damage|p2a: Conkeldurr|8/100 brn|[from] brn
|upkeep
|
|t:|1776294999
|switch|p1a: Blissey|Blissey, F, shiny|100/100
|turn|5
|
|t:|1776295006
|move|p1a: Blissey|Thunder Wave||[still]
|-fail|p1a: Blissey
|move|p2a: Conkeldurr|Knock Off|p1a: Blissey
|-damage|p1a: Blissey|54/100
|-enditem|p1a: Blissey|Heavy-Duty Boots|[from] move: Knock Off|[of] p2a: Conkeldurr
|
|-damage|p2a: Conkeldurr|1/100 brn|[from] brn
|upkeep
|turn|6
|
|t:|1776295015
|move|p1a: Blissey|Soft-Boiled|p1a: Blissey
|-heal|p1a: Blissey|100/100
|move|p2a: Conkeldurr|Facade|p1a: Blissey
|-damage|p1a: Blissey|21/100
|
|-damage|p2a: Conkeldurr|0 fnt|[from] brn
|faint|p2a: Conkeldurr
|upkeep
|inactive|Battle timer is ON: inactive players will automatically lose when time's up. (requested by sub5ragebaiter)
|l|☆ImAceISwear
|inactive|ImAceISwear disconnected and has a minute to reconnect!
|player|p2|
|j|☆ImAceISwear
|inactive|ImAceISwear reconnected and has 125 seconds left.
|player|p2|ImAceISwear|265|
|inactive|ImAceISwear has 120 seconds left.
|
|t:|1776295066
|switch|p2a: Samurott|Samurott-Hisui, F|100/100
|turn|7
|
|t:|1776295079
|switch|p1a: Toxapex|Toxapex, M|100/100
|move|p2a: Samurott|Ceaseless Edge|p1a: Toxapex
|-damage|p1a: Toxapex|73/100
|-sidestart|p1: sub5ragebaiter|Spikes
|
|-heal|p1a: Toxapex|79/100|[from] item: Black Sludge
|upkeep
|turn|8
|
|t:|1776295093
|move|p2a: Samurott|Fling|p1a: Toxapex
|-damage|p1a: Toxapex|61/100
|-enditem|p2a: Samurott|Poison Barb|[from] move: Fling
|move|p1a: Toxapex|Toxic|p2a: Samurott
|-status|p2a: Samurott|tox
|
|-heal|p1a: Toxapex|67/100|[from] item: Black Sludge
|-damage|p2a: Samurott|94/100 tox|[from] psn
|upkeep
|turn|9
|
|t:|1776295106
|switch|p1a: Blissey|Blissey, F, shiny|21/100
|-damage|p1a: Blissey|9/100|[from] Spikes
|move|p2a: Samurott|Air Slash|p1a: Blissey
|-damage|p1a: Blissey|0 fnt
|faint|p1a: Blissey
|
|-damage|p2a: Samurott|82/100 tox|[from] psn
|upkeep
|
|t:|1776295108
|switch|p1a: Corviknight|Corviknight, M, shiny|100/100
|-ability|p1a: Corviknight|Pressure
|turn|10
|
|t:|1776295121
|move|p2a: Samurott|Ceaseless Edge|p1a: Corviknight
|-damage|p1a: Corviknight|73/100
|-sidestart|p1: sub5ragebaiter|Spikes
|move|p1a: Corviknight|Defog|p2a: Samurott
|-unboost|p2a: Samurott|evasion|1
|-sideend|p1: sub5ragebaiter|Spikes|[from] move: Defog|[of] p1a: Corviknight
|
|-heal|p1a: Corviknight|79/100|[from] item: Leftovers
|-damage|p2a: Samurott|63/100 tox|[from] psn
|upkeep
|turn|11
|
|t:|1776295138
|move|p2a: Samurott|Ceaseless Edge|p1a: Corviknight
|-damage|p1a: Corviknight|53/100
|-sidestart|p1: sub5ragebaiter|Spikes
|move|p1a: Corviknight|U-turn|p2a: Samurott
|-supereffective|p2a: Samurott
|-damage|p2a: Samurott|23/100 tox
|
|t:|1776295143
|switch|p1a: Clodsire|Clodsire, F, shiny|100/100|[from] U-turn
|-damage|p1a: Clodsire|88/100|[from] Spikes
|
|-heal|p1a: Clodsire|94/100|[from] item: Leftovers
|-damage|p2a: Samurott|0 fnt|[from] psn
|faint|p2a: Samurott
|upkeep
|inactive|ImAceISwear has 120 seconds left.
|
|t:|1776295200
|switch|p2a: Gliscor|Gliscor, F|100/100
|turn|12
|
|t:|1776295207
|switch|p1a: Skeledirge|Skeledirge, F, shiny|100/100
|move|p2a: Gliscor|Swords Dance|p2a: Gliscor
|-boost|p2a: Gliscor|atk|2
|
|-status|p2a: Gliscor|tox|[from] item: Toxic Orb
|upkeep
|turn|13
|
|t:|1776295219
|move|p2a: Gliscor|Earthquake|p1a: Skeledirge
|-supereffective|p1a: Skeledirge
|-damage|p1a: Skeledirge|48/100
|move|p1a: Skeledirge|Will-O-Wisp||[still]
|-fail|p1a: Skeledirge
|
|upkeep
|turn|14
|
|t:|1776295230
|switch|p1a: Corviknight|Corviknight, M, shiny|53/100
|-ability|p1a: Corviknight|Pressure
|move|p2a: Gliscor|Earthquake|p1a: Corviknight
|-immune|p1a: Corviknight
|
|-heal|p1a: Corviknight|59/100|[from] item: Leftovers
|upkeep
|turn|15
|inactive|ImAceISwear has 120 seconds left.
|
|t:|1776295236
|move|p2a: Gliscor|Crabhammer|p1a: Corviknight
|-damage|p1a: Corviknight|21/100
|move|p1a: Corviknight|Roost|p1a: Corviknight
|-heal|p1a: Corviknight|71/100
|-singleturn|p1a: Corviknight|move: Roost
|
|-heal|p1a: Corviknight|78/100|[from] item: Leftovers
|upkeep
|turn|16
|inactive|ImAceISwear has 120 seconds left.
|
|t:|1776295256
|move|p2a: Gliscor|Crabhammer|p1a: Corviknight
|-damage|p1a: Corviknight|42/100
|move|p1a: Corviknight|Brave Bird|p2a: Gliscor
|-damage|p2a: Gliscor|66/100 tox
|-damage|p1a: Corviknight|34/100|[from] Recoil
|
|-heal|p1a: Corviknight|40/100|[from] item: Leftovers
|-heal|p2a: Gliscor|79/100 tox|[from] ability: Poison Heal
|upkeep
|turn|17
|
|t:|1776295269
|move|p2a: Gliscor|Swords Dance|p2a: Gliscor
|-boost|p2a: Gliscor|atk|2
|move|p1a: Corviknight|Brave Bird|p2a: Gliscor
|-damage|p2a: Gliscor|45/100 tox
|-damage|p1a: Corviknight|32/100|[from] Recoil
|
|-heal|p1a: Corviknight|39/100|[from] item: Leftovers
|-heal|p2a: Gliscor|58/100 tox|[from] ability: Poison Heal
|upkeep
|turn|18
|
|t:|1776295273
|move|p2a: Gliscor|Crabhammer|p1a: Corviknight
|-damage|p1a: Corviknight|0 fnt
|faint|p1a: Corviknight
|
|-heal|p2a: Gliscor|70/100 tox|[from] ability: Poison Heal
|upkeep
|
|t:|1776295281
|switch|p1a: Toxapex|Toxapex, M|100/100
|-damage|p1a: Toxapex|88/100|[from] Spikes
|turn|19
|
|t:|1776295286
|move|p2a: Gliscor|Earthquake|p1a: Toxapex
|-supereffective|p1a: Toxapex
|-damage|p1a: Toxapex|0 fnt
|faint|p1a: Toxapex
|
|-heal|p2a: Gliscor|82/100 tox|[from] ability: Poison Heal
|upkeep
|
|t:|1776295292
|switch|p1a: Clodsire|Clodsire, F, shiny|94/100
|-damage|p1a: Clodsire|82/100|[from] Spikes
|turn|20
|
|t:|1776295297
|move|p2a: Gliscor|Crabhammer|p1a: Clodsire
|-supereffective|p1a: Clodsire
|-damage|p1a: Clodsire|24/100
|move|p1a: Clodsire|Stealth Rock|p2a: Gliscor
|-sidestart|p2: ImAceISwear|move: Stealth Rock
|
|-heal|p1a: Clodsire|30/100|[from] item: Leftovers
|-heal|p2a: Gliscor|95/100 tox|[from] ability: Poison Heal
|upkeep
|turn|21
|
|t:|1776295309
|move|p2a: Gliscor|Crabhammer|p1a: Clodsire|[miss]
|-miss|p2a: Gliscor|p1a: Clodsire
|move|p1a: Clodsire|Recover|p1a: Clodsire
|-heal|p1a: Clodsire|80/100
|
|-heal|p1a: Clodsire|86/100|[from] item: Leftovers
|-heal|p2a: Gliscor|100/100 tox|[from] ability: Poison Heal
|upkeep
|turn|22
|
|t:|1776295315
|switch|p1a: Skeledirge|Skeledirge, F, shiny|48/100
|move|p2a: Gliscor|Crabhammer|p1a: Skeledirge
|-supereffective|p1a: Skeledirge
|-crit|p1a: Skeledirge
|-damage|p1a: Skeledirge|0 fnt
|faint|p1a: Skeledirge
|
|upkeep
|
|t:|1776295319
|switch|p1a: Clodsire|Clodsire, F, shiny|86/100
|-damage|p1a: Clodsire|74/100|[from] Spikes
|turn|23
|
|t:|1776295333
|move|p2a: Gliscor|Swords Dance|p2a: Gliscor
|-boost|p2a: Gliscor|atk|2
|move|p1a: Clodsire|Recover|p1a: Clodsire
|-heal|p1a: Clodsire|100/100
|
|upkeep
|turn|24
|
|t:|1776295340
|move|p2a: Gliscor|Crabhammer|p1a: Clodsire
|-supereffective|p1a: Clodsire
|-damage|p1a: Clodsire|34/100
|move|p1a: Clodsire|Stealth Rock||[still]
|-fail|p1a: Clodsire
|
|-heal|p1a: Clodsire|40/100|[from] item: Leftovers
|upkeep
|turn|25
|-message|sub5ragebaiter forfeited.
|
|win|ImAceISwear
|raw|sub5ragebaiter's rating: 1045 &rarr; <strong>1030</strong><br />(-15 for losing)
|raw|ImAceISwear's rating: 1082 &rarr; <strong>1107</strong><br />(+25 for winning)
|l|☆sub5ragebaiter
|player|p1|
