|html|<div class="broadcast-blue"><strong>[Gen 9] OU is currently suspecting Tera Blast! For information on how to participate check out the <a href="https://www.smogon.com/tools/suspects/view/200">suspect thread</a>.</strong></div>
|j|☆Blastoise_Choice
|j|☆sminey
|t:|1776058541
|gametype|singles
|player|p1|Blastoise_Choice|benga|1598
|player|p2|sminey|palmer|1720
|gen|9
|tier|[Gen 9] OU
|rated|
|rule|HP Percentage Mod: HP is shown in percentages
|rule|Endless Battle Clause: Forcing endless battles is banned
|rule|Species Clause: Limit one of each Pokémon
|rule|OHKO Clause: OHKO moves are banned
|rule|Evasion Items Clause: Evasion items are banned
|rule|Evasion Moves Clause: Evasion moves are banned
|rule|Evasion Abilities Clause: Evasion abilities are banned
|rule|Sleep Moves Clause: Sleep-inducing moves are banned
|clearpoke
|poke|p1|Garganacl, M|
|poke|p1|Darkrai|
|poke|p1|Great Tusk|
|poke|p1|Hatterene, F|
|poke|p1|Tornadus-Therian, M|
|poke|p1|Dragonite, M|
|poke|p2|Cinderace, F|
|poke|p2|Zapdos|
|poke|p2|Latios, M|
|poke|p2|Weavile, F|
|poke|p2|Clefable, M|
|poke|p2|Slowking-Galar, F|
|teampreview
|c|☆Blastoise_Choice|hf
|inactive|Battle timer is ON: inactive players will automatically lose when time's up. (requested by Blastoise_Choice)
|c|☆sminey|hf
|
|t:|1776058557
|teamsize|p1|6
|teamsize|p2|6
|start
|switch|p1a: Dragonite|Dragonite, M|100/100
|switch|p2a: Zapdos|Zapdos|100/100
|turn|1
|
|t:|1776058563
|move|p2a: Zapdos|Thunder Wave|p1a: Dragonite
|-status|p1a: Dragonite|par
|move|p1a: Dragonite|Dragon Dance|p1a: Dragonite
|-boost|p1a: Dragonite|atk|1
|-boost|p1a: Dragonite|spe|1
|
|upkeep
|turn|2
|
|t:|1776058569
|-terastallize|p1a: Dragonite|Normal
|move|p1a: Dragonite|Extreme Speed|p2a: Zapdos
|-damage|p2a: Zapdos|38/100
|move|p2a: Zapdos|Volt Switch|p1a: Dragonite
|-damage|p1a: Dragonite|86/100 par
|
|t:|1776058575
|switch|p2a: Clefable|Clefable, M|100/100|[from] Volt Switch
|
|upkeep
|turn|3
|
|t:|1776058581
|move|p1a: Dragonite|Extreme Speed|p2a: Clefable
|-damage|p2a: Clefable|60/100
|move|p2a: Clefable|Knock Off|p1a: Dragonite
|-damage|p1a: Dragonite|71/100 par
|-enditem|p1a: Dragonite|Silk Scarf|[from] move: Knock Off|[of] p2a: Clefable
|
|upkeep
|turn|4
|
|t:|1776058589
|move|p1a: Dragonite|Extreme Speed|p2a: Clefable
|-damage|p2a: Clefable|23/100
|move|p2a: Clefable|Moonlight|p2a: Clefable
|-heal|p2a: Clefable|73/100
|
|upkeep
|turn|5
|
|t:|1776058595
|move|p1a: Dragonite|Roost|p1a: Dragonite
|-heal|p1a: Dragonite|100/100 par
|move|p2a: Clefable|Moonlight|p2a: Clefable
|-heal|p2a: Clefable|100/100
|
|upkeep
|turn|6
|
|t:|1776058601
|cant|p1a: Dragonite|par
|move|p2a: Clefable|Moonblast|p1a: Dragonite
|-damage|p1a: Dragonite|86/100 par
|
|upkeep
|turn|7
|
|t:|1776058605
|move|p1a: Dragonite|Dragon Dance|p1a: Dragonite
|-boost|p1a: Dragonite|atk|1
|-boost|p1a: Dragonite|spe|1
|move|p2a: Clefable|Moonblast|p1a: Dragonite
|-damage|p1a: Dragonite|54/100 par
|
|upkeep
|turn|8
|
|t:|1776058608
|cant|p1a: Dragonite|par
|move|p2a: Clefable|Moonblast|p1a: Dragonite
|-damage|p1a: Dragonite|26/100 par
|
|upkeep
|turn|9
|
|t:|1776058612
|move|p1a: Dragonite|Roost|p1a: Dragonite
|-heal|p1a: Dragonite|76/100 par
|move|p2a: Clefable|Moonblast|p1a: Dragonite
|-crit|p1a: Dragonite
|-damage|p1a: Dragonite|30/100 par
|
|upkeep
|turn|10
|
|t:|1776058615
|move|p1a: Dragonite|Roost|p1a: Dragonite
|-heal|p1a: Dragonite|80/100 par
|move|p2a: Clefable|Calm Mind|p2a: Clefable
|-boost|p2a: Clefable|spa|1
|-boost|p2a: Clefable|spd|1
|
|upkeep
|turn|11
|
|t:|1776058619
|move|p1a: Dragonite|Extreme Speed|p2a: Clefable
|-damage|p2a: Clefable|66/100
|move|p2a: Clefable|Moonblast|p1a: Dragonite
|-damage|p1a: Dragonite|36/100 par
|
|upkeep
|turn|12
|
|t:|1776058624
|move|p1a: Dragonite|Roost|p1a: Dragonite
|-heal|p1a: Dragonite|86/100 par
|move|p2a: Clefable|Moonlight|p2a: Clefable
|-heal|p2a: Clefable|100/100
|
|upkeep
|turn|13
|
|t:|1776058627
|cant|p1a: Dragonite|par
|move|p2a: Clefable|Moonblast|p1a: Dragonite
|-damage|p1a: Dragonite|43/100 par
|
|upkeep
|turn|14
|
|t:|1776058631
|move|p1a: Dragonite|Roost|p1a: Dragonite
|-heal|p1a: Dragonite|94/100 par
|move|p2a: Clefable|Moonblast|p1a: Dragonite
|-damage|p1a: Dragonite|48/100 par
|
|upkeep
|turn|15
|
|t:|1776058636
|cant|p1a: Dragonite|par
|move|p2a: Clefable|Moonblast|p1a: Dragonite
|-damage|p1a: Dragonite|4/100 par
|
|upkeep
|turn|16
|
|t:|1776058640
|move|p1a: Dragonite|Extreme Speed|p2a: Clefable
|-damage|p2a: Clefable|64/100
|move|p2a: Clefable|Moonblast|p1a: Dragonite
|-damage|p1a: Dragonite|0 fnt
|faint|p1a: Dragonite
|
|upkeep
|
|t:|1776058643
|switch|p1a: Great Tusk|Great Tusk|100/100
|-enditem|p1a: Great Tusk|Booster Energy
|-activate|p1a: Great Tusk|ability: Protosynthesis|[fromitem]
|-start|p1a: Great Tusk|protosynthesisatk
|turn|17
|
|t:|1776058649
|switch|p2a: Latios|Latios, M|100/100
|move|p1a: Great Tusk|Headlong Rush|p2a: Latios
|-immune|p2a: Latios|[from] ability: Levitate
|
|upkeep
|turn|18
|
|t:|1776058655
|-end|p1a: Great Tusk|Protosynthesis|[silent]
|switch|p1a: Hatterene|Hatterene, F|100/100
|move|p2a: Latios|Luster Purge|p1a: Hatterene
|-resisted|p1a: Hatterene
|-damage|p1a: Hatterene|76/100
|-unboost|p1a: Hatterene|spd|1
|
|upkeep
|turn|19
|
|t:|1776058662
|switch|p2a: Zapdos|Zapdos|38/100
|switch|p1a: Darkrai|Darkrai|100/100
|
|upkeep
|turn|20
|
|t:|1776058668
|switch|p2a: Slowking|Slowking-Galar, F|100/100
|move|p1a: Darkrai|Dark Pulse|p2a: Slowking
|-supereffective|p2a: Slowking
|-damage|p2a: Slowking|50/100
|
|upkeep
|turn|21
|j| samurajen
|
|t:|1776058694
|switch|p2a: Clefable|Clefable, M|64/100
|move|p1a: Darkrai|Dark Pulse|p2a: Clefable
|-resisted|p2a: Clefable
|-damage|p2a: Clefable|34/100
|
|upkeep
|turn|22
|
|t:|1776058697
|move|p1a: Darkrai|Dark Pulse|p2a: Clefable
|-resisted|p2a: Clefable
|-damage|p2a: Clefable|3/100
|move|p2a: Clefable|Moonlight|p2a: Clefable
|-heal|p2a: Clefable|53/100
|
|upkeep
|turn|23
|
|t:|1776058701
|move|p1a: Darkrai|Dark Pulse|p2a: Clefable
|-resisted|p2a: Clefable
|-damage|p2a: Clefable|23/100
|move|p2a: Clefable|Moonlight|p2a: Clefable
|-heal|p2a: Clefable|73/100
|
|upkeep
|turn|24
|
|t:|1776058706
|move|p1a: Darkrai|Dark Pulse|p2a: Clefable
|-resisted|p2a: Clefable
|-damage|p2a: Clefable|40/100
|move|p2a: Clefable|Moonlight|p2a: Clefable
|-heal|p2a: Clefable|90/100
|
|upkeep
|turn|25
|
|t:|1776058709
|switch|p1a: Garganacl|Garganacl, M|100/100
|move|p2a: Clefable|Moonblast|p1a: Garganacl
|-damage|p1a: Garganacl|80/100
|-unboost|p1a: Garganacl|spa|1
|
|-heal|p1a: Garganacl|86/100|[from] item: Leftovers
|upkeep
|turn|26
|
|t:|1776058716
|move|p2a: Clefable|Knock Off|p1a: Garganacl
|-damage|p1a: Garganacl|77/100
|-enditem|p1a: Garganacl|Leftovers|[from] move: Knock Off|[of] p2a: Clefable
|move|p1a: Garganacl|Salt Cure|p2a: Clefable
|-damage|p2a: Clefable|78/100
|-start|p2a: Clefable|Salt Cure
|
|-damage|p2a: Clefable|66/100|[from] Salt Cure
|upkeep
|turn|27
|
|t:|1776058721
|switch|p2a: Slowking|Slowking-Galar, F|83/100
|move|p1a: Garganacl|Stealth Rock|p2a: Slowking
|-sidestart|p2: sminey|move: Stealth Rock
|
|upkeep
|turn|28
|
|t:|1776058727
|move|p1a: Garganacl|Salt Cure|p2a: Slowking
|-damage|p2a: Slowking|69/100
|-start|p2a: Slowking|Salt Cure
|move|p2a: Slowking|Psyshock|p1a: Garganacl
|-damage|p1a: Garganacl|57/100
|
|-damage|p2a: Slowking|57/100|[from] Salt Cure
|upkeep
|turn|29
|
|t:|1776058742
|switch|p2a: Clefable|Clefable, M|66/100
|move|p1a: Garganacl|Salt Cure|p2a: Clefable
|-damage|p2a: Clefable|56/100
|-start|p2a: Clefable|Salt Cure
|
|-damage|p2a: Clefable|43/100|[from] Salt Cure
|upkeep
|turn|30
|
|t:|1776058746
|move|p2a: Clefable|Moonlight|p2a: Clefable
|-heal|p2a: Clefable|93/100
|move|p1a: Garganacl|Recover|p1a: Garganacl
|-heal|p1a: Garganacl|100/100
|
|-damage|p2a: Clefable|81/100|[from] Salt Cure
|upkeep
|turn|31
|
|t:|1776058749
|switch|p2a: Slowking|Slowking-Galar, F|90/100
|-damage|p2a: Slowking|78/100|[from] Stealth Rock
|move|p1a: Garganacl|Salt Cure|p2a: Slowking
|-damage|p2a: Slowking|63/100
|-start|p2a: Slowking|Salt Cure
|
|-damage|p2a: Slowking|50/100|[from] Salt Cure
|upkeep
|turn|32
|
|t:|1776058755
|move|p1a: Garganacl|Salt Cure|p2a: Slowking
|-damage|p2a: Slowking|35/100
|move|p2a: Slowking|Psyshock|p1a: Garganacl
|-damage|p1a: Garganacl|79/100
|
|-damage|p2a: Slowking|23/100|[from] Salt Cure
|upkeep
|turn|33
|
|t:|1776058762
|switch|p2a: Zapdos|Zapdos|38/100
|move|p1a: Garganacl|Salt Cure|p2a: Zapdos
|-supereffective|p2a: Zapdos
|-damage|p2a: Zapdos|16/100
|-start|p2a: Zapdos|Salt Cure
|
|-damage|p2a: Zapdos|4/100|[from] Salt Cure
|upkeep
|turn|34
|
|t:|1776058769
|switch|p1a: Darkrai|Darkrai|100/100
|move|p2a: Zapdos|Roost|p2a: Zapdos
|-heal|p2a: Zapdos|54/100
|-singleturn|p2a: Zapdos|move: Roost
|
|-damage|p2a: Zapdos|42/100|[from] Salt Cure
|upkeep
|turn|35
|
|t:|1776058773
|switch|p2a: Clefable|Clefable, M|81/100
|move|p1a: Darkrai|Dark Pulse|p2a: Clefable
|-resisted|p2a: Clefable
|-damage|p2a: Clefable|50/100
|
|upkeep
|turn|36
|
|t:|1776058777
|move|p1a: Darkrai|Dark Pulse|p2a: Clefable
|-resisted|p2a: Clefable
|-damage|p2a: Clefable|18/100
|move|p2a: Clefable|Moonblast|p1a: Darkrai
|-supereffective|p1a: Darkrai
|-damage|p1a: Darkrai|11/100
|
|upkeep
|turn|37
|
|t:|1776058784
|move|p1a: Darkrai|Dark Pulse|p2a: Clefable
|-resisted|p2a: Clefable
|-damage|p2a: Clefable|0 fnt
|faint|p2a: Clefable
|
|upkeep
|
|t:|1776058788
|switch|p2a: Weavile|Weavile, F|100/100
|-ability|p2a: Weavile|Pressure
|turn|38
|
|t:|1776058794
|move|p2a: Weavile|Swords Dance|p2a: Weavile
|-boost|p2a: Weavile|atk|2
|move|p1a: Darkrai|Dark Pulse|p2a: Weavile
|-resisted|p2a: Weavile
|-damage|p2a: Weavile|54/100
|
|upkeep
|turn|39
|
|t:|1776058802
|switch|p1a: Hatterene|Hatterene, F|76/100
|move|p2a: Weavile|Ice Shard|p1a: Hatterene
|-damage|p1a: Hatterene|46/100
|
|upkeep
|turn|40
|
|t:|1776058812
|move|p2a: Weavile|Knock Off|p1a: Hatterene
|-damage|p1a: Hatterene|0 fnt
|-damage|p2a: Weavile|37/100|[from] item: Rocky Helmet|[of] p1a: Hatterene
|-enditem|p1a: Hatterene|Rocky Helmet|[from] move: Knock Off|[of] p2a: Weavile
|faint|p1a: Hatterene
|
|upkeep
|
|t:|1776058816
|switch|p1a: Darkrai|Darkrai|11/100
|turn|41
|
|t:|1776058819
|switch|p1a: Garganacl|Garganacl, M|79/100
|move|p2a: Weavile|Ice Shard|p1a: Garganacl
|-damage|p1a: Garganacl|54/100
|
|upkeep
|turn|42
|
|t:|1776058837
|move|p1a: Garganacl|Protect|p1a: Garganacl
|-singleturn|p1a: Garganacl|Protect
|move|p2a: Weavile|Triple Axel|p1a: Garganacl
|-activate|p1a: Garganacl|move: Protect
|
|upkeep
|turn|43
|
|t:|1776058840
|move|p1a: Garganacl|Protect||[still]
|-fail|p1a: Garganacl
|move|p2a: Weavile|Triple Axel|p1a: Garganacl
|-damage|p1a: Garganacl|40/100
|-damage|p1a: Garganacl|13/100
|-damage|p1a: Garganacl|0 fnt
|faint|p1a: Garganacl
|-hitcount|p1: Garganacl|3
|
|upkeep
|
|t:|1776058844
|switch|p1a: Tornadus|Tornadus-Therian, M, shiny|100/100
|turn|44
|
|t:|1776058857
|-terastallize|p2a: Weavile|Ice
|move|p2a: Weavile|Ice Shard|p1a: Tornadus
|-supereffective|p1a: Tornadus
|-damage|p1a: Tornadus|0 fnt
|faint|p1a: Tornadus
|
|upkeep
|
|t:|1776058861
|switch|p1a: Great Tusk|Great Tusk|100/100
|turn|45
|
|t:|1776058867
|move|p2a: Weavile|Triple Axel|p1a: Great Tusk
|-supereffective|p1a: Great Tusk
|-damage|p1a: Great Tusk|62/100
|-supereffective|p1a: Great Tusk
|-damage|p1a: Great Tusk|0 fnt
|faint|p1a: Great Tusk
|-end|p1a: Great Tusk|Protosynthesis|[silent]
|-hitcount|p1: Great Tusk|2
|
|upkeep
|
|t:|1776058870
|switch|p1a: Darkrai|Darkrai|11/100
|turn|46
|
|t:|1776058873
|move|p2a: Weavile|Ice Shard|p1a: Darkrai
|-damage|p1a: Darkrai|0 fnt
|faint|p1a: Darkrai
|
|win|sminey
|raw|Blastoise_Choice's rating: 1598 &rarr; <strong>1585</strong><br />(-13 for losing)
|raw|sminey's rating: 1720 &rarr; <strong>1733</strong><br />(+13 for winning)
|c|☆Blastoise_Choice|gg
