|html|<div class="broadcast-blue"><strong>[Gen 9] OU is currently suspecting Tera Blast! For information on how to participate check out the <a href="https://www.smogon.com/tools/suspects/view/200">suspect thread</a>.</strong></div>
|badge|p1|bronze|gen9ou|100-9
|uhtml|medal-msg|<div class="broadcast-blue">Curious what those medals under the avatar are? PS now has Ladder Seasons! For more information, check out the <a href="https://www.smogon.com/forums/threads/3740067/">thread on Smogon.</a></div>
|badge|p2|silver|gen9ou|30-9
|badge|p2|silver|gen9ubers|30-9
|uhtml|medal-msg|<div class="broadcast-blue">Curious what those medals under the avatar are? PS now has Ladder Seasons! For more information, check out the <a href="https://www.smogon.com/forums/threads/3740067/">thread on Smogon.</a></div>
|raw|<div class="broadcast-blue"><strong>This battle is required to be public due to a player having a name starting with 'ulthz25'.</div>
|j|‽Drippy T V
|j|☆ULTHZ25 LASERS
|t:|1776088758
|gametype|singles
|player|p1|Drippy T V|hero-conquest|1938
|player|p2|ULTHZ25 LASERS|169|2006
|gen|9
|tier|[Gen 9] OU
|rated|
|rule|HP Percentage Mod: HP is shown in percentages
|rule|Endless Battle Clause: Forcing endless battles is banned
|rule|Species Clause: Limit one of each Pokémon
|rule|OHKO Clause: OHKO moves are banned
|rule|Evasion Items Clause: Evasion items are banned
|rule|Evasion Moves Clause: Evasion moves are banned
|rule|Evasion Abilities Clause: Evasion abilities are banned
|rule|Sleep Moves Clause: Sleep-inducing moves are banned
|clearpoke
|poke|p1|Ribombee, M|
|poke|p1|Manaphy|
|poke|p1|Dragonite, F|
|poke|p1|Great Tusk|
|poke|p1|Ceruledge, M|
|poke|p1|Raging Bolt|
|poke|p2|Landorus-Therian, M|
|poke|p2|Kyurem|
|poke|p2|Ceruledge, M|
|poke|p2|Hatterene, F|
|poke|p2|Kingambit, M|
|poke|p2|Zamazenta-*|
|teampreview
|j| ohko_smeargle
|j| aka ibara
|l| aka ibara
|inactive|Battle timer is ON: inactive players will automatically lose when time's up. (requested by ULTHZ25 LASERS)
|
|t:|1776088789
|teamsize|p1|6
|teamsize|p2|6
|start
|switch|p1a: Ribombee|Ribombee, M|100/100
|switch|p2a: Kyurem|Kyurem|100/100
|-ability|p2a: Kyurem|Pressure
|turn|1
|
|t:|1776088796
|move|p1a: Ribombee|Moonblast|p2a: Kyurem
|-supereffective|p2a: Kyurem
|-damage|p2a: Kyurem|28/100
|move|p2a: Kyurem|Dragon Dance|p2a: Kyurem
|-boost|p2a: Kyurem|atk|1
|-boost|p2a: Kyurem|spe|1
|
|upkeep
|turn|2
|
|t:|1776088811
|move|p2a: Kyurem|Icicle Spear|p1a: Ribombee
|-damage|p1a: Ribombee|59/100
|-damage|p1a: Ribombee|21/100
|-damage|p1a: Ribombee|0 fnt
|faint|p1a: Ribombee
|-hitcount|p1: Ribombee|3
|
|upkeep
|inactive|Drippy T V has 120 seconds left.
|j| Dripakuma
|
|t:|1776088857
|switch|p1a: Raging Bolt|Raging Bolt|100/100
|-enditem|p1a: Raging Bolt|Booster Energy
|-activate|p1a: Raging Bolt|ability: Protosynthesis|[fromitem]
|-start|p1a: Raging Bolt|protosynthesisspa
|turn|3
|
|t:|1776088861
|move|p1a: Raging Bolt|Thunderclap||[still]
|-fail|p1a: Raging Bolt
|move|p2a: Kyurem|Dragon Dance|p2a: Kyurem
|-boost|p2a: Kyurem|atk|1
|-boost|p2a: Kyurem|spe|1
|
|upkeep
|turn|4
|
|t:|1776088870
|move|p1a: Raging Bolt|Thunderclap||[still]
|-fail|p1a: Raging Bolt
|move|p2a: Kyurem|Dragon Dance|p2a: Kyurem
|-boost|p2a: Kyurem|atk|1
|-boost|p2a: Kyurem|spe|1
|
|upkeep
|turn|5
|
|t:|1776088872
|move|p1a: Raging Bolt|Thunderclap|p2a: Kyurem
|-resisted|p2a: Kyurem
|-damage|p2a: Kyurem|3/100
|move|p2a: Kyurem|Icicle Spear|p1a: Raging Bolt
|-supereffective|p1a: Raging Bolt
|-damage|p1a: Raging Bolt|39/100
|-supereffective|p1a: Raging Bolt
|-damage|p1a: Raging Bolt|0 fnt
|faint|p1a: Raging Bolt
|-end|p1a: Raging Bolt|Protosynthesis|[silent]
|-hitcount|p1: Raging Bolt|2
|
|upkeep
|
|t:|1776088878
|switch|p1a: Ceruledge|Ceruledge, M|100/100
|turn|6
|
|t:|1776088880
|switch|p2a: Landorus|Landorus-Therian, M|100/100
|-ability|p2a: Landorus|Intimidate|boost
|-unboost|p1a: Ceruledge|atk|1
|move|p1a: Ceruledge|Shadow Sneak|p2a: Landorus
|-damage|p2a: Landorus|86/100
|-damage|p1a: Ceruledge|84/100|[from] item: Rocky Helmet|[of] p2a: Landorus
|
|upkeep
|turn|7
|j| Ordnance_T17
|l| Ordnance_T17
|
|t:|1776088897
|move|p2a: Landorus|Earth Power|p1a: Ceruledge
|-supereffective|p1a: Ceruledge
|-damage|p1a: Ceruledge|5/100
|move|p1a: Ceruledge|Bitter Blade|p2a: Landorus
|-damage|p2a: Landorus|55/100
|-heal|p1a: Ceruledge|25/100|[from] drain|[of] p2a: Landorus
|-damage|p1a: Ceruledge|9/100|[from] item: Rocky Helmet|[of] p2a: Landorus
|
|upkeep
|turn|8
|
|t:|1776088904
|move|p1a: Ceruledge|Shadow Sneak|p2a: Landorus
|-damage|p2a: Landorus|41/100
|-damage|p1a: Ceruledge|0 fnt|[from] item: Rocky Helmet|[of] p2a: Landorus
|faint|p1a: Ceruledge
|move|p2a: Landorus|Stealth Rock|p1: Ceruledge
|-sidestart|p1: Drippy T V|move: Stealth Rock
|
|upkeep
|
|t:|1776088921
|switch|p1a: Manaphy|Manaphy|100/100
|-damage|p1a: Manaphy|88/100|[from] Stealth Rock
|turn|9
|
|t:|1776088928
|move|p1a: Manaphy|Tail Glow|p1a: Manaphy
|-boost|p1a: Manaphy|spa|3
|move|p2a: Landorus|Taunt|p1a: Manaphy
|-start|p1a: Manaphy|move: Taunt
|
|-heal|p1a: Manaphy|94/100|[from] item: Leftovers
|upkeep
|turn|10
|
|t:|1776088932
|switch|p2a: Kyurem|Kyurem|3/100
|-ability|p2a: Kyurem|Pressure
|move|p1a: Manaphy|Surf|p2a: Kyurem
|-resisted|p2a: Kyurem
|-damage|p2a: Kyurem|0 fnt
|faint|p2a: Kyurem
|
|-heal|p1a: Manaphy|100/100|[from] item: Leftovers
|upkeep
|
|t:|1776088933
|switch|p2a: Hatterene|Hatterene, F|100/100
|turn|11
|
|t:|1776088938
|move|p1a: Manaphy|Surf|p2a: Hatterene
|-damage|p2a: Hatterene|41/100
|move|p2a: Hatterene|Nuzzle|p1a: Manaphy
|-supereffective|p1a: Manaphy
|-damage|p1a: Manaphy|92/100
|-status|p1a: Manaphy|par
|
|-heal|p1a: Manaphy|98/100 par|[from] item: Leftovers
|upkeep
|turn|12
|
|t:|1776088943
|cant|p1a: Manaphy|par
|move|p2a: Hatterene|Psyshock|p1a: Manaphy
|-damage|p1a: Manaphy|55/100 par
|
|-heal|p1a: Manaphy|61/100 par|[from] item: Leftovers
|-end|p1a: Manaphy|move: Taunt
|upkeep
|turn|13
|
|t:|1776088946
|move|p1a: Manaphy|Surf|p2a: Hatterene
|-damage|p2a: Hatterene|0 fnt
|faint|p2a: Hatterene
|
|-heal|p1a: Manaphy|67/100 par|[from] item: Leftovers
|upkeep
|l| Dripakuma
|
|t:|1776088950
|switch|p2a: Ceruledge|Ceruledge, M|100/100
|turn|14
|
|t:|1776088953
|move|p2a: Ceruledge|Poltergeist|p1a: Manaphy|[miss]
|-miss|p2a: Ceruledge|p1a: Manaphy
|move|p1a: Manaphy|Surf|p2a: Ceruledge
|-supereffective|p2a: Ceruledge
|-damage|p2a: Ceruledge|0 fnt
|faint|p2a: Ceruledge
|
|-heal|p1a: Manaphy|74/100 par|[from] item: Leftovers
|upkeep
|
|t:|1776088959
|switch|p2a: Landorus|Landorus-Therian, M|41/100
|-ability|p2a: Landorus|Intimidate|boost
|-unboost|p1a: Manaphy|atk|1
|turn|15
|
|t:|1776088961
|move|p2a: Landorus|Earth Power|p1a: Manaphy
|-damage|p1a: Manaphy|40/100 par
|move|p1a: Manaphy|Surf|p2a: Landorus
|-supereffective|p2a: Landorus
|-damage|p2a: Landorus|0 fnt
|faint|p2a: Landorus
|
|-heal|p1a: Manaphy|46/100 par|[from] item: Leftovers
|upkeep
|
|t:|1776088964
|switch|p2a: Kingambit|Kingambit, M|100/100
|-activate|p2a: Kingambit|ability: Supreme Overlord
|-start|p2a: Kingambit|fallen4|[silent]
|turn|16
|
|t:|1776088973
|move|p2a: Kingambit|Kowtow Cleave|p1a: Manaphy
|-damage|p1a: Manaphy|0 fnt
|faint|p1a: Manaphy
|
|upkeep
|
|t:|1776088988
|switch|p1a: Great Tusk|Great Tusk|100/100
|-damage|p1a: Great Tusk|98/100|[from] Stealth Rock
|-enditem|p1a: Great Tusk|Booster Energy
|-activate|p1a: Great Tusk|ability: Protosynthesis|[fromitem]
|-start|p1a: Great Tusk|protosynthesisatk
|turn|17
|
|t:|1776088993
|-end|p2a: Kingambit|fallen4|[silent]
|switch|p2a: Zamazenta|Zamazenta|100/100
|-ability|p2a: Zamazenta|Dauntless Shield|boost
|-boost|p2a: Zamazenta|def|1
|move|p1a: Great Tusk|Headlong Rush|p2a: Zamazenta
|-damage|p2a: Zamazenta|58/100
|-unboost|p1a: Great Tusk|def|1
|-unboost|p1a: Great Tusk|spd|1
|
|-heal|p2a: Zamazenta|64/100|[from] item: Leftovers
|upkeep
|turn|18
|
|t:|1776089000
|move|p2a: Zamazenta|Iron Defense|p2a: Zamazenta
|-boost|p2a: Zamazenta|def|2
|move|p1a: Great Tusk|Rapid Spin|p2a: Zamazenta
|-damage|p2a: Zamazenta|58/100
|-boost|p1a: Great Tusk|spe|1
|-sideend|p1: Drippy T V|Stealth Rock|[from] move: Rapid Spin|[of] p1a: Great Tusk
|
|-heal|p2a: Zamazenta|64/100|[from] item: Leftovers
|upkeep
|turn|19
|
|t:|1776089009
|move|p1a: Great Tusk|Headlong Rush|p2a: Zamazenta
|-damage|p2a: Zamazenta|39/100
|-unboost|p1a: Great Tusk|def|1
|-unboost|p1a: Great Tusk|spd|1
|move|p2a: Zamazenta|Iron Defense|p2a: Zamazenta
|-boost|p2a: Zamazenta|def|2
|
|-heal|p2a: Zamazenta|45/100|[from] item: Leftovers
|upkeep
|turn|20
|
|t:|1776089012
|move|p1a: Great Tusk|Headlong Rush|p2a: Zamazenta
|-damage|p2a: Zamazenta|29/100
|-unboost|p1a: Great Tusk|def|1
|-unboost|p1a: Great Tusk|spd|1
|move|p2a: Zamazenta|Body Press|p1a: Great Tusk
|-damage|p1a: Great Tusk|0 fnt
|faint|p1a: Great Tusk
|-end|p1a: Great Tusk|Protosynthesis|[silent]
|
|-heal|p2a: Zamazenta|35/100|[from] item: Leftovers
|upkeep
|
|t:|1776089016
|switch|p1a: Dragonite|Dragonite, F|100/100
|turn|21
|
|t:|1776089022
|-terastallize|p1a: Dragonite|Flying
|move|p2a: Zamazenta|Body Press|p1a: Dragonite
|-resisted|p1a: Dragonite
|-damage|p1a: Dragonite|71/100
|move|p1a: Dragonite|Tera Blast|p2a: Zamazenta|[anim] Tera Blast Flying
|-supereffective|p2a: Zamazenta
|-damage|p2a: Zamazenta|11/100
|
|-heal|p2a: Zamazenta|18/100|[from] item: Leftovers
|upkeep
|turn|22
|
|t:|1776089030
|move|p2a: Zamazenta|Body Press|p1a: Dragonite
|-resisted|p1a: Dragonite
|-damage|p1a: Dragonite|8/100
|move|p1a: Dragonite|Dragon Dance|p1a: Dragonite
|-boost|p1a: Dragonite|atk|1
|-boost|p1a: Dragonite|spe|1
|
|-heal|p2a: Zamazenta|24/100|[from] item: Leftovers
|upkeep
|turn|23
|
|t:|1776089036
|move|p1a: Dragonite|Tera Blast|p2a: Zamazenta|[anim] Tera Blast Flying
|-supereffective|p2a: Zamazenta
|-damage|p2a: Zamazenta|0 fnt
|faint|p2a: Zamazenta
|
|upkeep
|
|t:|1776089039
|switch|p2a: Kingambit|Kingambit, M|100/100
|-activate|p2a: Kingambit|ability: Supreme Overlord
|-start|p2a: Kingambit|fallen5|[silent]
|turn|24
|
|t:|1776089046
|-terastallize|p2a: Kingambit|Ghost
|move|p1a: Dragonite|Earthquake|p2a: Kingambit
|-damage|p2a: Kingambit|57/100
|move|p2a: Kingambit|Kowtow Cleave|p1a: Dragonite
|-damage|p1a: Dragonite|0 fnt
|faint|p1a: Dragonite
|
|win|ULTHZ25 LASERS
|raw|Drippy T V's rating: 1938 &rarr; <strong>1922</strong><br />(-16 for losing)
|raw|ULTHZ25 LASERS's rating: 2006 &rarr; <strong>2022</strong><br />(+16 for winning)
|l| ohko_smeargle
|l|☆ULTHZ25 LASERS
|player|p2|
|l|‽Drippy T V
|player|p1|
