|html|<div class="broadcast-blue"><strong>[Gen 9] OU is currently suspecting Volcarona! For information on how to participate check out the <a href="https://www.smogon.com/tools/suspects/view/208">suspect thread</a>.</strong></div>
|j|☆soulsil
|j|‽Howling Hayes
|t:|1778507652
|gametype|singles
|player|p1|soulsil|lucas-gen4pt|1342
|player|p2|Howling Hayes|benga|1345
|gen|9
|tier|[Gen 9] OU
|rated|
|rule|HP Percentage Mod: HP is shown in percentages
|rule|Endless Battle Clause: Forcing endless battles is banned
|rule|Species Clause: Limit one of each Pokémon
|rule|OHKO Clause: OHKO moves are banned
|rule|Evasion Items Clause: Evasion items are banned
|rule|Evasion Moves Clause: Evasion moves are banned
|rule|Evasion Abilities Clause: Evasion abilities are banned
|rule|Sleep Moves Clause: Sleep-inducing moves are banned
|clearpoke
|poke|p1|Deoxys-Speed|
|poke|p1|Garchomp, F|
|poke|p1|Arcanine, F|
|poke|p1|Suicune|
|poke|p1|Weavile, M|
|poke|p1|Great Tusk|
|poke|p2|Volcarona, M|
|poke|p2|Raging Bolt|
|poke|p2|Corviknight, M|
|poke|p2|Dragapult, M|
|poke|p2|Meowscarada, M|
|poke|p2|Slowking-Galar, F|
|teampreview
|
|t:|1778507670
|teamsize|p1|6
|teamsize|p2|6
|start
|switch|p1a: Great Tusk|Great Tusk|100/100
|switch|p2a: Dragapult|Dragapult, M, shiny|100/100
|-enditem|p1a: Great Tusk|Booster Energy
|-activate|p1a: Great Tusk|ability: Protosynthesis|[fromitem]
|-start|p1a: Great Tusk|protosynthesisatk
|turn|1
|
|t:|1778507681
|move|p2a: Dragapult|Will-O-Wisp|p1a: Great Tusk
|-status|p1a: Great Tusk|brn
|move|p1a: Great Tusk|Ice Spinner|p2a: Dragapult
|-supereffective|p2a: Dragapult
|-damage|p2a: Dragapult|37/100
|
|-damage|p1a: Great Tusk|94/100 brn|[from] brn
|upkeep
|turn|2
|
|t:|1778507692
|-terastallize|p2a: Dragapult|Ghost
|move|p2a: Dragapult|Hex|p1a: Great Tusk
|-damage|p1a: Great Tusk|0 fnt
|faint|p1a: Great Tusk
|-end|p1a: Great Tusk|Protosynthesis|[silent]
|
|upkeep
|
|t:|1778507701
|switch|p1a: Garchomp|Garchomp, F|100/100
|turn|3
|
|t:|1778507708
|switch|p2a: Corviknight|Corviknight, M, shiny|100/100
|-ability|p2a: Corviknight|Pressure
|move|p1a: Garchomp|Stone Edge|p2a: Corviknight|[miss]
|-miss|p1a: Garchomp|p2a: Corviknight
|
|upkeep
|turn|4
|
|t:|1778507718
|switch|p1a: Arcanine|Arcanine, F|100/100
|-ability|p1a: Arcanine|Intimidate|boost
|-unboost|p2a: Corviknight|atk|1
|move|p2a: Corviknight|U-turn|p1a: Arcanine
|-resisted|p1a: Arcanine
|-damage|p1a: Arcanine|96/100
|
|t:|1778507729
|switch|p2a: Raging Bolt|Raging Bolt|100/100|[from] U-turn
|
|upkeep
|turn|5
|
|t:|1778507735
|move|p1a: Arcanine|Play Rough|p2a: Raging Bolt
|-supereffective|p2a: Raging Bolt
|-damage|p2a: Raging Bolt|29/100
|move|p2a: Raging Bolt|Draco Meteor|p1a: Arcanine
|-damage|p1a: Arcanine|0 fnt
|-unboost|p2a: Raging Bolt|spa|2
|faint|p1a: Arcanine
|
|upkeep
|
|t:|1778507744
|switch|p1a: Weavile|Weavile, M|100/100
|turn|6
|
|t:|1778507749
|-end|p2a: Raging Bolt|Protosynthesis|[silent]
|switch|p2a: Volcarona|Volcarona, M, shiny|100/100
|move|p1a: Weavile|Swords Dance|p1a: Weavile
|-boost|p1a: Weavile|atk|2
|
|upkeep
|turn|7
|
|t:|1778507756
|move|p1a: Weavile|Swords Dance|p1a: Weavile
|-boost|p1a: Weavile|atk|2
|move|p2a: Volcarona|Flamethrower|p1a: Weavile
|-supereffective|p1a: Weavile
|-enditem|p1a: Weavile|Focus Sash
|-damage|p1a: Weavile|1/100
|
|upkeep
|turn|8
|
|t:|1778507769
|switch|p2a: Corviknight|Corviknight, M, shiny|100/100
|-ability|p2a: Corviknight|Pressure
|move|p1a: Weavile|Knock Off|p2a: Corviknight
|-damage|p2a: Corviknight|0 fnt
|-damage|p1a: Weavile|0 fnt|[from] item: Rocky Helmet|[of] p2a: Corviknight
|faint|p2a: Corviknight
|faint|p1a: Weavile
|
|upkeep
|
|t:|1778507779
|switch|p1a: Garchomp|Garchomp, F|100/100
|switch|p2a: Dragapult|Dragapult, M, shiny, tera:Ghost|37/100
|turn|9
|
|t:|1778507785
|-terastallize|p1a: Garchomp|Ground
|move|p1a: Garchomp|Earthquake|p2a: Dragapult
|-damage|p2a: Dragapult|0 fnt
|faint|p2a: Dragapult
|
|upkeep
|
|t:|1778507792
|switch|p2a: Meowscarada|Meowscarada, M|100/100
|turn|10
|
|t:|1778507798
|switch|p1a: Suicune|Suicune|100/100
|move|p2a: Meowscarada|Knock Off|p1a: Suicune
|-start|p2a: Meowscarada|typechange|Dark|[from] ability: Protean
|-damage|p1a: Suicune|75/100
|-enditem|p1a: Suicune|Leftovers|[from] move: Knock Off|[of] p2a: Meowscarada
|
|upkeep
|turn|11
|
|t:|1778507809
|move|p2a: Meowscarada|U-turn|p1a: Suicune
|-damage|p1a: Suicune|64/100
|
|t:|1778507812
|switch|p2a: Slowking|Slowking-Galar, F|100/100|[from] U-turn
|move|p1a: Suicune|Scald|p2a: Slowking
|-damage|p2a: Slowking|89/100
|
|upkeep
|turn|12
|
|t:|1778507821
|switch|p1a: Garchomp|Garchomp, F, tera:Ground|100/100
|move|p2a: Slowking|Chilling Water|p1a: Garchomp
|-supereffective|p1a: Garchomp
|-damage|p1a: Garchomp|69/100
|-unboost|p1a: Garchomp|atk|1
|
|upkeep
|turn|13
|
|t:|1778507831
|switch|p1a: Deoxys|Deoxys-Speed|100/100
|-ability|p1a: Deoxys|Pressure
|switch|p2a: Meowscarada|Meowscarada, M|100/100
|
|upkeep
|turn|14
|
|t:|1778507839
|move|p1a: Deoxys|Focus Blast|p2a: Meowscarada
|-supereffective|p2a: Meowscarada
|-damage|p2a: Meowscarada|0 fnt
|faint|p2a: Meowscarada
|
|upkeep
|
|t:|1778507844
|switch|p2a: Volcarona|Volcarona, M, shiny|100/100
|turn|15
|
|t:|1778507847
|move|p1a: Deoxys|Taunt|p2a: Volcarona
|-start|p2a: Volcarona|move: Taunt
|cant|p2a: Volcarona|move: Taunt|Quiver Dance
|
|upkeep
|turn|16
|
|t:|1778507854
|switch|p1a: Garchomp|Garchomp, F, tera:Ground|69/100
|move|p2a: Volcarona|Flamethrower|p1a: Garchomp
|-damage|p1a: Garchomp|8/100
|
|upkeep
|turn|17
|
|t:|1778507866
|switch|p2a: Raging Bolt|Raging Bolt|29/100
|move|p1a: Garchomp|Earthquake|p2a: Raging Bolt
|-supereffective|p2a: Raging Bolt
|-damage|p2a: Raging Bolt|0 fnt
|faint|p2a: Raging Bolt
|-end|p2a: Raging Bolt|Protosynthesis|[silent]
|
|upkeep
|
|t:|1778507873
|switch|p2a: Volcarona|Volcarona, M, shiny|100/100
|turn|18
|
|t:|1778507877
|move|p1a: Garchomp|Earthquake|p2a: Volcarona
|-damage|p2a: Volcarona|0 fnt
|faint|p2a: Volcarona
|
|upkeep
|
|t:|1778507882
|switch|p2a: Slowking|Slowking-Galar, F|100/100
|turn|19
|
|t:|1778507889
|move|p1a: Garchomp|Earthquake|p2a: Slowking
|-supereffective|p2a: Slowking
|-damage|p2a: Slowking|0 fnt
|faint|p2a: Slowking
|
|win|soulsil
|raw|soulsil's rating: 1342 &rarr; <strong>1362</strong><br />(+20 for winning)
|raw|Howling Hayes's rating: 1345 &rarr; <strong>1325</strong><br />(-20 for losing)
|l|‽Howling Hayes
|player|p2|
|l|☆soulsil
|player|p1|
