|html|<div class="broadcast-blue"><strong>[Gen 9] OU is currently suspecting Tera Blast! For information on how to participate check out the <a href="https://www.smogon.com/tools/suspects/view/200">suspect thread</a>.</strong></div>
|j|☆summerise
|j|☆Tekapkmn
|t:|1776235989
|gametype|singles
|player|p1|summerise|bugcatcher-gen4dp|1365
|player|p2|Tekapkmn|170|1414
|gen|9
|tier|[Gen 9] OU
|rated|
|rule|HP Percentage Mod: HP is shown in percentages
|rule|Endless Battle Clause: Forcing endless battles is banned
|rule|Species Clause: Limit one of each Pokémon
|rule|OHKO Clause: OHKO moves are banned
|rule|Evasion Items Clause: Evasion items are banned
|rule|Evasion Moves Clause: Evasion moves are banned
|rule|Evasion Abilities Clause: Evasion abilities are banned
|rule|Sleep Moves Clause: Sleep-inducing moves are banned
|clearpoke
|poke|p1|Thundurus-Therian, M|
|poke|p1|Chandelure, M|
|poke|p1|Ogerpon-Wellspring, F|
|poke|p1|Zamazenta-*|
|poke|p1|Kingambit, M|
|poke|p1|Deoxys-Speed|
|poke|p2|Scizor, F|
|poke|p2|Gliscor, M|
|poke|p2|Corviknight, F|
|poke|p2|Slowking-Galar, M|
|poke|p2|Meowscarada, F|
|poke|p2|Garganacl, M|
|teampreview
|inactive|Battle timer is ON: inactive players will automatically lose when time's up. (requested by summerise)
|
|t:|1776236001
|teamsize|p1|6
|teamsize|p2|6
|start
|switch|p1a: Deoxys|Deoxys-Speed|100/100
|switch|p2a: Slowking|Slowking-Galar, M|100/100
|-ability|p1a: Deoxys|Pressure
|turn|1
|
|t:|1776236014
|switch|p2a: Meowscarada|Meowscarada, F|100/100
|move|p1a: Deoxys|Psycho Boost|p2a: Meowscarada
|-immune|p2a: Meowscarada
|
|upkeep
|turn|2
|
|t:|1776236024
|move|p1a: Deoxys|Superpower|p2a: Meowscarada
|-supereffective|p2a: Meowscarada
|-damage|p2a: Meowscarada|0 fnt
|-unboost|p1a: Deoxys|atk|1
|-unboost|p1a: Deoxys|def|1
|faint|p2a: Meowscarada
|-enditem|p1a: Deoxys|Eject Pack
|
|t:|1776236030
|switch|p1a: Ogerpon|Ogerpon-Wellspring, F|100/100
|
|upkeep
|
|t:|1776236043
|switch|p2a: Gliscor|Gliscor, M|100/100
|turn|3
|
|t:|1776236051
|-terastallize|p2a: Gliscor|Water
|move|p1a: Ogerpon|Knock Off|p2a: Gliscor
|-damage|p2a: Gliscor|76/100
|-enditem|p2a: Gliscor|Toxic Orb|[from] move: Knock Off|[of] p1a: Ogerpon
|move|p2a: Gliscor|Toxic|p1a: Ogerpon
|-status|p1a: Ogerpon|tox
|
|-damage|p1a: Ogerpon|94/100 tox|[from] psn
|upkeep
|turn|4
|
|t:|1776236064
|move|p2a: Gliscor|Protect|p2a: Gliscor
|-singleturn|p2a: Gliscor|Protect
|move|p1a: Ogerpon|U-turn|p2a: Gliscor
|-activate|p2a: Gliscor|move: Protect
|
|-damage|p1a: Ogerpon|82/100 tox|[from] psn
|upkeep
|turn|5
|
|t:|1776236075
|switch|p2a: Garganacl|Garganacl, M|100/100
|move|p1a: Ogerpon|Horn Leech|p2a: Garganacl
|-supereffective|p2a: Garganacl
|-damage|p2a: Garganacl|46/100
|-heal|p1a: Ogerpon|100/100 tox|[from] drain|[of] p2a: Garganacl
|
|-heal|p2a: Garganacl|52/100|[from] item: Leftovers
|-damage|p1a: Ogerpon|82/100 tox|[from] psn
|upkeep
|turn|6
|
|t:|1776236084
|move|p2a: Garganacl|Protect|p2a: Garganacl
|-singleturn|p2a: Garganacl|Protect
|move|p1a: Ogerpon|Horn Leech|p2a: Garganacl
|-activate|p2a: Garganacl|move: Protect
|
|-heal|p2a: Garganacl|58/100|[from] item: Leftovers
|-damage|p1a: Ogerpon|58/100 tox|[from] psn
|upkeep
|turn|7
|
|t:|1776236094
|move|p1a: Ogerpon|Ivy Cudgel|p2a: Garganacl|[anim] Ivy Cudgel Water
|-supereffective|p2a: Garganacl
|-damage|p2a: Garganacl|0 fnt
|faint|p2a: Garganacl
|
|-damage|p1a: Ogerpon|28/100 tox|[from] psn
|upkeep
|
|t:|1776236102
|switch|p2a: Gliscor|Gliscor, M, tera:Water|76/100
|turn|8
|
|t:|1776236108
|switch|p1a: Thundurus|Thundurus-Therian, M|100/100
|move|p2a: Gliscor|Toxic|p1a: Thundurus
|-status|p1a: Thundurus|tox
|
|-damage|p1a: Thundurus|94/100 tox|[from] psn
|upkeep
|turn|9
|
|t:|1776236115
|move|p2a: Gliscor|Protect|p2a: Gliscor
|-singleturn|p2a: Gliscor|Protect
|move|p1a: Thundurus|Nasty Plot|p1a: Thundurus
|-boost|p1a: Thundurus|spa|2
|
|-damage|p1a: Thundurus|82/100 tox|[from] psn
|upkeep
|turn|10
|
|t:|1776236123
|switch|p2a: Slowking|Slowking-Galar, M|100/100
|move|p1a: Thundurus|Volt Switch|p2a: Slowking
|-damage|p2a: Slowking|62/100
|
|t:|1776236129
|switch|p1a: Kingambit|Kingambit, M|100/100|[from] Volt Switch
|
|upkeep
|turn|11
|
|t:|1776236133
|switch|p2a: Corviknight|Corviknight, F|100/100
|-ability|p2a: Corviknight|Pressure
|move|p1a: Kingambit|Swords Dance|p1a: Kingambit
|-boost|p1a: Kingambit|atk|2
|
|upkeep
|turn|12
|
|t:|1776236140
|move|p1a: Kingambit|Kowtow Cleave|p2a: Corviknight
|-damage|p2a: Corviknight|38/100
|-damage|p1a: Kingambit|84/100|[from] item: Rocky Helmet|[of] p2a: Corviknight
|move|p2a: Corviknight|Iron Defense|p2a: Corviknight
|-boost|p2a: Corviknight|def|2
|
|-heal|p1a: Kingambit|90/100|[from] item: Leftovers
|upkeep
|turn|13
|
|t:|1776236150
|-terastallize|p1a: Kingambit|Dark
|move|p1a: Kingambit|Kowtow Cleave|p2a: Corviknight
|-damage|p2a: Corviknight|0 fnt
|-damage|p1a: Kingambit|74/100|[from] item: Rocky Helmet|[of] p2a: Corviknight
|faint|p2a: Corviknight
|
|-heal|p1a: Kingambit|80/100|[from] item: Leftovers
|upkeep
|
|t:|1776236161
|switch|p2a: Scizor|Scizor, F|100/100
|turn|14
|
|t:|1776236167
|-end|p1a: Kingambit|fallenundefined|[silent]
|switch|p1a: Ogerpon|Ogerpon-Wellspring, F|28/100 tox
|move|p2a: Scizor|Close Combat|p1a: Ogerpon
|-damage|p1a: Ogerpon|0 fnt
|-unboost|p2a: Scizor|def|1
|-unboost|p2a: Scizor|spd|1
|faint|p1a: Ogerpon
|
|upkeep
|
|t:|1776236172
|switch|p1a: Chandelure|Chandelure, M|100/100
|-item|p1a: Chandelure|Air Balloon
|turn|15
|
|t:|1776236179
|switch|p2a: Slowking|Slowking-Galar, M|95/100
|move|p1a: Chandelure|Substitute|p1a: Chandelure
|-start|p1a: Chandelure|Substitute
|-damage|p1a: Chandelure|76/100
|
|upkeep
|turn|16
|
|t:|1776236185
|move|p1a: Chandelure|Shadow Ball|p2a: Slowking
|-supereffective|p2a: Slowking
|-damage|p2a: Slowking|48/100
|move|p2a: Slowking|Psychic|p1a: Chandelure
|-end|p1a: Chandelure|Substitute
|-enditem|p1a: Chandelure|Air Balloon
|
|upkeep
|turn|17
|
|t:|1776236193
|move|p1a: Chandelure|Shadow Ball|p2a: Slowking
|-supereffective|p2a: Slowking
|-damage|p2a: Slowking|0 fnt
|faint|p2a: Slowking
|
|upkeep
|
|t:|1776236199
|switch|p2a: Scizor|Scizor, F|100/100
|turn|18
|
|t:|1776236207
|switch|p1a: Zamazenta|Zamazenta|100/100
|-ability|p1a: Zamazenta|Dauntless Shield|boost
|-boost|p1a: Zamazenta|def|1
|move|p2a: Scizor|Knock Off|p1a: Zamazenta
|-resisted|p1a: Zamazenta
|-damage|p1a: Zamazenta|85/100
|-enditem|p1a: Zamazenta|Choice Band|[from] move: Knock Off|[of] p2a: Scizor
|
|upkeep
|turn|19
|
|t:|1776236215
|switch|p2a: Gliscor|Gliscor, M, tera:Water|76/100
|move|p1a: Zamazenta|Close Combat|p2a: Gliscor
|-damage|p2a: Gliscor|35/100
|-unboost|p1a: Zamazenta|def|1
|-unboost|p1a: Zamazenta|spd|1
|
|upkeep
|turn|20
|
|t:|1776236223
|move|p1a: Zamazenta|Close Combat|p2a: Gliscor
|-damage|p2a: Gliscor|0 fnt
|-unboost|p1a: Zamazenta|def|1
|-unboost|p1a: Zamazenta|spd|1
|faint|p2a: Gliscor
|
|upkeep
|
|t:|1776236230
|switch|p2a: Scizor|Scizor, F|100/100
|turn|21
|
|t:|1776236240
|switch|p1a: Chandelure|Chandelure, M|76/100
|move|p2a: Scizor|Bullet Punch|p1a: Chandelure
|-resisted|p1a: Chandelure
|-damage|p1a: Chandelure|48/100
|
|upkeep
|turn|22
|
|t:|1776236246
|move|p2a: Scizor|Bullet Punch|p1a: Chandelure
|-resisted|p1a: Chandelure
|-damage|p1a: Chandelure|16/100
|move|p1a: Chandelure|Fire Blast|p2a: Scizor
|-supereffective|p2a: Scizor
|-damage|p2a: Scizor|0 fnt
|faint|p2a: Scizor
|
|win|summerise
|raw|summerise's rating: 1365 &rarr; <strong>1388</strong><br />(+23 for winning)
|raw|Tekapkmn's rating: 1414 &rarr; <strong>1391</strong><br />(-23 for losing)
