|html|<div class="broadcast-blue"><strong>[Gen 9] OU is currently suspecting Tera Blast! For information on how to participate check out the <a href="https://www.smogon.com/tools/suspects/view/200">suspect thread</a>.</strong></div>
|j|☆LiamUtp
|j|☆blooaxolotl
|t:|1776187593
|gametype|singles
|player|p1|LiamUtp|lucas|
|player|p2|blooaxolotl|gambler|
|gen|9
|tier|[Gen 9] OU
|rule|HP Percentage Mod: HP is shown in percentages
|rule|Endless Battle Clause: Forcing endless battles is banned
|rule|Species Clause: Limit one of each Pokémon
|rule|OHKO Clause: OHKO moves are banned
|rule|Evasion Items Clause: Evasion items are banned
|rule|Evasion Moves Clause: Evasion moves are banned
|rule|Evasion Abilities Clause: Evasion abilities are banned
|rule|Sleep Moves Clause: Sleep-inducing moves are banned
|clearpoke
|poke|p1|Ribombee, F|
|poke|p1|Rabsca, M|
|poke|p1|Kleavor, F|
|poke|p1|Lokix, M|
|poke|p1|Vikavolt, M|
|poke|p1|Yanmega, M|
|poke|p2|Slowking-Galar, F|
|poke|p2|Articuno-Galar|
|poke|p2|Blastoise, M|
|poke|p2|Garchomp, F|
|poke|p2|Infernape, F|
|poke|p2|Exeggutor-Alola, M|
|teampreview
|
|t:|1776187599
|teamsize|p1|6
|teamsize|p2|6
|start
|switch|p1a: Lokix|Lokix, M|100/100
|switch|p2a: Slowking|Slowking-Galar, F|100/100
|turn|1
|
|t:|1776187608
|move|p1a: Lokix|First Impression|p2a: Slowking
|-damage|p2a: Slowking|60/100
|-prepare|p2a: Slowking|Chilly Reception|[premajor]
|move|p2a: Slowking|Chilly Reception|p2a: Slowking
|-weather|Snowscape
|
|t:|1776187615
|switch|p2a: Blastoise|Blastoise, M|100/100|[from] Chilly Reception
|
|-weather|Snowscape|[upkeep]
|upkeep
|turn|2
|
|t:|1776187621
|switch|p2a: Slowking|Slowking-Galar, F|93/100
|move|p1a: Lokix|U-turn|p2a: Slowking
|-damage|p2a: Slowking|61/100
|
|t:|1776187626
|switch|p1a: Kleavor|Kleavor, F|100/100|[from] U-turn
|
|-weather|Snowscape|[upkeep]
|-heal|p2a: Slowking|67/100|[from] item: Black Sludge
|upkeep
|turn|3
|
|t:|1776187633
|move|p1a: Kleavor|Swords Dance|p1a: Kleavor
|-boost|p1a: Kleavor|atk|2
|move|p2a: Slowking|Chilling Water|p1a: Kleavor
|-supereffective|p1a: Kleavor
|-damage|p1a: Kleavor|41/100
|-unboost|p1a: Kleavor|atk|1
|
|-weather|Snowscape|[upkeep]
|-heal|p2a: Slowking|73/100|[from] item: Black Sludge
|upkeep
|turn|4
|
|t:|1776187643
|move|p1a: Kleavor|Stone Axe|p2a: Slowking
|-damage|p2a: Slowking|0 fnt
|-sidestart|p2: blooaxolotl|move: Stealth Rock
|faint|p2a: Slowking
|
|-weather|Snowscape|[upkeep]
|upkeep
|
|t:|1776187649
|switch|p2a: Blastoise|Blastoise, M|100/100
|-damage|p2a: Blastoise|88/100|[from] Stealth Rock
|turn|5
|
|t:|1776187653
|move|p1a: Kleavor|Trailblaze|p2a: Blastoise
|-supereffective|p2a: Blastoise
|-damage|p2a: Blastoise|21/100
|-boost|p1a: Kleavor|spe|1
|move|p2a: Blastoise|Surf|p1a: Kleavor
|-supereffective|p1a: Kleavor
|-damage|p1a: Kleavor|0 fnt
|faint|p1a: Kleavor
|-heal|p2a: Blastoise|25/100|[from] item: Shell Bell|[of] p1: Kleavor
|
|-weather|none
|upkeep
|
|t:|1776187665
|switch|p1a: Lokix|Lokix, M|100/100
|turn|6
|
|t:|1776187672
|switch|p2a: Infernape|Infernape, F|100/100
|-damage|p2a: Infernape|88/100|[from] Stealth Rock
|move|p1a: Lokix|First Impression|p2a: Infernape
|-resisted|p2a: Infernape
|-damage|p2a: Infernape|58/100
|
|upkeep
|turn|7
|
|t:|1776187682
|move|p2a: Infernape|Fire Punch|p1a: Lokix
|-supereffective|p1a: Lokix
|-enditem|p1a: Lokix|Focus Sash
|-damage|p1a: Lokix|1/100
|-status|p1a: Lokix|brn
|move|p1a: Lokix|U-turn|p2a: Infernape
|-resisted|p2a: Infernape
|-damage|p2a: Infernape|47/100
|
|t:|1776187690
|switch|p1a: Ribombee|Ribombee, F|100/100|[from] U-turn
|
|upkeep
|turn|8
|
|t:|1776187695
|move|p1a: Ribombee|Alluring Voice|p2a: Infernape
|-damage|p2a: Infernape|9/100
|move|p2a: Infernape|Fire Punch|p1a: Ribombee
|-supereffective|p1a: Ribombee
|-enditem|p1a: Ribombee|Focus Sash
|-damage|p1a: Ribombee|1/100
|
|upkeep
|turn|9
|
|t:|1776187702
|move|p2a: Infernape|Mach Punch|p1a: Ribombee
|-resisted|p1a: Ribombee
|-damage|p1a: Ribombee|0 fnt
|faint|p1a: Ribombee
|
|upkeep
|
|t:|1776187706
|switch|p1a: Yanmega|Yanmega, M|100/100
|turn|10
|
|t:|1776187710
|move|p1a: Yanmega|Detect|p1a: Yanmega
|-singleturn|p1a: Yanmega|Protect
|move|p2a: Infernape|Fire Punch|p1a: Yanmega
|-activate|p1a: Yanmega|move: Protect
|
|-ability|p1a: Yanmega|Speed Boost|boost
|-boost|p1a: Yanmega|spe|1
|upkeep
|turn|11
|
|t:|1776187719
|move|p1a: Yanmega|Psychic|p2a: Infernape
|-supereffective|p2a: Infernape
|-damage|p2a: Infernape|0 fnt
|faint|p2a: Infernape
|
|-ability|p1a: Yanmega|Speed Boost|boost
|-boost|p1a: Yanmega|spe|1
|upkeep
|
|t:|1776187726
|switch|p2a: Articuno|Articuno-Galar|100/100
|-damage|p2a: Articuno|76/100|[from] Stealth Rock
|turn|12
|
|t:|1776187730
|move|p1a: Yanmega|Bug Buzz|p2a: Articuno
|-damage|p2a: Articuno|26/100
|move|p2a: Articuno|Brave Bird|p1a: Yanmega
|-supereffective|p1a: Yanmega
|-damage|p1a: Yanmega|23/100
|-damage|p2a: Articuno|1/100|[from] Recoil
|
|-ability|p1a: Yanmega|Speed Boost|boost
|-boost|p1a: Yanmega|spe|1
|upkeep
|turn|13
|
|t:|1776187740
|move|p1a: Yanmega|Bug Buzz|p2a: Articuno
|-damage|p2a: Articuno|0 fnt
|faint|p2a: Articuno
|
|-ability|p1a: Yanmega|Speed Boost|boost
|-boost|p1a: Yanmega|spe|1
|upkeep
|
|t:|1776187744
|switch|p2a: Garchomp|Garchomp, F|100/100
|-damage|p2a: Garchomp|94/100|[from] Stealth Rock
|turn|14
|
|t:|1776187749
|-terastallize|p2a: Garchomp|Ghost
|move|p1a: Yanmega|Bug Buzz|p2a: Garchomp
|-resisted|p2a: Garchomp
|-damage|p2a: Garchomp|69/100
|move|p2a: Garchomp|Scale Shot|p1a: Yanmega
|-damage|p1a: Yanmega|8/100
|-damage|p1a: Yanmega|0 fnt
|faint|p1a: Yanmega
|-hitcount|p1: Yanmega|2
|-unboost|p2a: Garchomp|def|1
|-boost|p2a: Garchomp|spe|1
|
|upkeep
|
|t:|1776187761
|switch|p1a: Lokix|Lokix, M|1/100 brn
|turn|15
|
|t:|1776187766
|move|p1a: Lokix|First Impression|p2a: Garchomp
|-resisted|p2a: Garchomp
|-damage|p2a: Garchomp|41/100
|-damage|p1a: Lokix|0 fnt|[from] ability: Rough Skin|[of] p2a: Garchomp
|faint|p1a: Lokix
|move|p2a: Garchomp|Scale Shot|p1: Lokix|[notarget]
|-fail|p2a: Garchomp
|
|upkeep
|
|t:|1776187777
|switch|p1a: Rabsca|Rabsca, M|100/100
|turn|16
|
|t:|1776187781
|move|p2a: Garchomp|Swords Dance|p2a: Garchomp
|-boost|p2a: Garchomp|atk|2
|move|p1a: Rabsca|Future Sight|p2a: Garchomp
|-start|p1a: Rabsca|move: Future Sight
|
|upkeep
|turn|17
|
|t:|1776187787
|move|p2a: Garchomp|Scale Shot|p1a: Rabsca
|-damage|p1a: Rabsca|69/100
|-damage|p1a: Rabsca|39/100
|-damage|p1a: Rabsca|12/100
|-hitcount|p1a: Rabsca|3
|-unboost|p2a: Garchomp|def|1
|-boost|p2a: Garchomp|spe|1
|move|p1a: Rabsca|Revival Blessing|p1a: Rabsca
|
|t:|1776187796
|-heal|p1: Yanmega|50/100|[from] move: Revival Blessing
|
|upkeep
|turn|18
|
|t:|1776187802
|move|p2a: Garchomp|Scale Shot|p1a: Rabsca
|-damage|p1a: Rabsca|0 fnt
|faint|p1a: Rabsca
|-hitcount|p1: Rabsca|1
|-unboost|p2a: Garchomp|def|1
|-boost|p2a: Garchomp|spe|1
|
|-end|p2a: Garchomp|move: Future Sight
|-damage|p2a: Garchomp|0 fnt
|faint|p2a: Garchomp
|upkeep
|
|t:|1776187813
|switch|p2a: Exeggutor|Exeggutor-Alola, M|100/100
|switch|p1a: Vikavolt|Vikavolt, M|100/100
|-damage|p2a: Exeggutor|88/100|[from] Stealth Rock
|turn|19
|
|t:|1776187818
|move|p1a: Vikavolt|Bug Buzz|p2a: Exeggutor
|-supereffective|p2a: Exeggutor
|-damage|p2a: Exeggutor|0 fnt
|faint|p2a: Exeggutor
|
|upkeep
|
|t:|1776187821
|switch|p2a: Blastoise|Blastoise, M|25/100
|-damage|p2a: Blastoise|13/100|[from] Stealth Rock
|turn|20
|
|t:|1776187825
|move|p2a: Blastoise|Surf|p1a: Vikavolt
|-damage|p1a: Vikavolt|51/100
|-heal|p2a: Blastoise|20/100|[from] item: Shell Bell|[of] p1a: Vikavolt
|move|p1a: Vikavolt|Thunderbolt|p2a: Blastoise
|-supereffective|p2a: Blastoise
|-damage|p2a: Blastoise|0 fnt
|faint|p2a: Blastoise
|
|win|LiamUtp
