|html|<div class="broadcast-blue"><strong>[Gen 9] OU is currently suspecting Tera Blast! For information on how to participate check out the <a href="https://www.smogon.com/tools/suspects/view/200">suspect thread</a>.</strong></div>
|j|☆vryfast
|j|☆Kaaspioent
|t:|1776084672
|gametype|singles
|player|p1|vryfast|2|1329
|player|p2|Kaaspioent|102|1357
|gen|9
|tier|[Gen 9] OU
|rated|
|rule|HP Percentage Mod: HP is shown in percentages
|rule|Endless Battle Clause: Forcing endless battles is banned
|rule|Species Clause: Limit one of each Pokémon
|rule|OHKO Clause: OHKO moves are banned
|rule|Evasion Items Clause: Evasion items are banned
|rule|Evasion Moves Clause: Evasion moves are banned
|rule|Evasion Abilities Clause: Evasion abilities are banned
|rule|Sleep Moves Clause: Sleep-inducing moves are banned
|clearpoke
|poke|p1|Dragapult, F|
|poke|p1|Mudsdale, M|
|poke|p1|Corviknight, M|
|poke|p1|Primarina, M|
|poke|p1|Iron Moth|
|poke|p1|Goodra-Hisui, M|
|poke|p2|Rillaboom, F|
|poke|p2|Serperior, M|
|poke|p2|Heatran, M|
|poke|p2|Gholdengo|
|poke|p2|Zamazenta-*|
|poke|p2|Great Tusk|
|teampreview
|inactive|Battle timer is ON: inactive players will automatically lose when time's up. (requested by Kaaspioent)
|
|t:|1776084701
|teamsize|p1|6
|teamsize|p2|6
|start
|switch|p1a: Mudsdale|Mudsdale, M|100/100
|switch|p2a: Rillaboom|Rillaboom, F|100/100
|-fieldstart|move: Grassy Terrain|[from] ability: Grassy Surge|[of] p2a: Rillaboom
|turn|1
|
|t:|1776084706
|switch|p1a: Goodra|Goodra-Hisui, M|100/100
|move|p2a: Rillaboom|Swords Dance|p2a: Rillaboom
|-boost|p2a: Rillaboom|atk|2
|
|upkeep
|turn|2
|
|t:|1776084711
|move|p2a: Rillaboom|Knock Off|p1a: Goodra
|-damage|p1a: Goodra|11/100
|-enditem|p1a: Goodra|Assault Vest|[from] move: Knock Off|[of] p2a: Rillaboom
|-damage|p2a: Rillaboom|91/100|[from] item: Life Orb
|move|p1a: Goodra|Knock Off|p2a: Rillaboom
|-damage|p2a: Rillaboom|72/100
|-enditem|p2a: Rillaboom|Life Orb|[from] move: Knock Off|[of] p1a: Goodra
|
|-heal|p2a: Rillaboom|78/100|[from] Grassy Terrain
|-heal|p1a: Goodra|17/100|[from] Grassy Terrain
|upkeep
|turn|3
|
|t:|1776084722
|switch|p1a: Corviknight|Corviknight, M|100/100
|-ability|p1a: Corviknight|Pressure
|move|p2a: Rillaboom|Knock Off|p1a: Corviknight
|-damage|p1a: Corviknight|55/100
|-damage|p2a: Rillaboom|61/100|[from] item: Rocky Helmet|[of] p1a: Corviknight
|-enditem|p1a: Corviknight|Rocky Helmet|[from] move: Knock Off|[of] p2a: Rillaboom
|
|-heal|p2a: Rillaboom|67/100|[from] Grassy Terrain
|upkeep
|turn|4
|
|t:|1776084734
|switch|p2a: Heatran|Heatran, M|100/100
|move|p1a: Corviknight|Roost|p1a: Corviknight
|-heal|p1a: Corviknight|100/100
|-singleturn|p1a: Corviknight|move: Roost
|
|upkeep
|turn|5
|
|t:|1776084741
|switch|p1a: Goodra|Goodra-Hisui, M|17/100
|move|p2a: Heatran|Stealth Rock|p1a: Goodra
|-sidestart|p1: vryfast|move: Stealth Rock
|
|-heal|p1a: Goodra|23/100|[from] Grassy Terrain
|-fieldend|move: Grassy Terrain
|upkeep
|turn|6
|
|t:|1776084749
|switch|p2a: Rillaboom|Rillaboom, F|67/100
|-fieldstart|move: Grassy Terrain|[from] ability: Grassy Surge|[of] p2a: Rillaboom
|move|p1a: Goodra|Knock Off|p2a: Rillaboom
|-damage|p2a: Rillaboom|52/100
|
|-heal|p2a: Rillaboom|58/100|[from] Grassy Terrain
|-heal|p1a: Goodra|29/100|[from] Grassy Terrain
|upkeep
|turn|7
|
|t:|1776084754
|switch|p1a: Corviknight|Corviknight, M|100/100
|-damage|p1a: Corviknight|88/100|[from] Stealth Rock
|-ability|p1a: Corviknight|Pressure
|move|p2a: Rillaboom|Knock Off|p1a: Corviknight
|-damage|p1a: Corviknight|74/100
|
|-heal|p2a: Rillaboom|64/100|[from] Grassy Terrain
|upkeep
|turn|8
|
|t:|1776084763
|switch|p2a: Gholdengo|Gholdengo|100/100
|-enditem|p2a: Gholdengo|Grassy Seed
|-boost|p2a: Gholdengo|def|1|[from] item: Grassy Seed
|move|p1a: Corviknight|Defog|p2a: Gholdengo
|-immune|p2a: Gholdengo|[from] ability: Good as Gold
|
|upkeep
|turn|9
|
|t:|1776084768
|move|p2a: Gholdengo|Shadow Ball|p1a: Corviknight
|-damage|p1a: Corviknight|33/100
|move|p1a: Corviknight|Roost|p1a: Corviknight
|-heal|p1a: Corviknight|83/100
|-singleturn|p1a: Corviknight|move: Roost
|
|-heal|p1a: Corviknight|89/100|[from] Grassy Terrain
|upkeep
|turn|10
|
|t:|1776084773
|switch|p1a: Goodra|Goodra-Hisui, M|29/100
|-damage|p1a: Goodra|23/100|[from] Stealth Rock
|move|p2a: Gholdengo|Nasty Plot|p2a: Gholdengo
|-boost|p2a: Gholdengo|spa|2
|
|-heal|p1a: Goodra|29/100|[from] Grassy Terrain
|-fieldend|move: Grassy Terrain
|upkeep
|turn|11
|
|t:|1776084779
|move|p2a: Gholdengo|Shadow Ball|p1a: Goodra
|-damage|p1a: Goodra|0 fnt
|faint|p1a: Goodra
|
|upkeep
|
|t:|1776084793
|switch|p1a: Mudsdale|Mudsdale, M|100/100
|-damage|p1a: Mudsdale|94/100|[from] Stealth Rock
|turn|12
|
|t:|1776084798
|move|p2a: Gholdengo|Shadow Ball|p1a: Mudsdale
|-damage|p1a: Mudsdale|13/100
|-unboost|p1a: Mudsdale|spd|1
|-ability|p1a: Mudsdale|Stamina|boost
|-boost|p1a: Mudsdale|def|1
|move|p1a: Mudsdale|Earthquake|p2a: Gholdengo
|-supereffective|p2a: Gholdengo
|-damage|p2a: Gholdengo|46/100
|
|upkeep
|turn|13
|
|t:|1776084806
|move|p2a: Gholdengo|Shadow Ball|p1a: Mudsdale
|-damage|p1a: Mudsdale|0 fnt
|faint|p1a: Mudsdale
|
|upkeep
|
|t:|1776084811
|switch|p1a: Iron Moth|Iron Moth|100/100
|-damage|p1a: Iron Moth|76/100|[from] Stealth Rock
|-enditem|p1a: Iron Moth|Booster Energy
|-activate|p1a: Iron Moth|ability: Quark Drive|[fromitem]
|-start|p1a: Iron Moth|quarkdrivespa
|turn|14
|
|t:|1776084818
|switch|p2a: Heatran|Heatran, M|100/100
|move|p1a: Iron Moth|Agility|p1a: Iron Moth
|-boost|p1a: Iron Moth|spe|2
|
|upkeep
|turn|15
|
|t:|1776084827
|-end|p1a: Iron Moth|Quark Drive|[silent]
|switch|p1a: Corviknight|Corviknight, M|89/100
|-damage|p1a: Corviknight|77/100|[from] Stealth Rock
|-ability|p1a: Corviknight|Pressure
|move|p2a: Heatran|Magma Storm|p1a: Corviknight
|-supereffective|p1a: Corviknight
|-damage|p1a: Corviknight|0 fnt
|faint|p1a: Corviknight
|
|upkeep
|
|t:|1776084836
|switch|p1a: Primarina|Primarina, M|100/100
|-damage|p1a: Primarina|88/100|[from] Stealth Rock
|turn|16
|
|t:|1776084842
|switch|p2a: Rillaboom|Rillaboom, F|64/100
|-fieldstart|move: Grassy Terrain|[from] ability: Grassy Surge|[of] p2a: Rillaboom
|move|p1a: Primarina|Moonblast|p2a: Rillaboom
|-damage|p2a: Rillaboom|0 fnt
|faint|p2a: Rillaboom
|
|-heal|p1a: Primarina|94/100|[from] Grassy Terrain
|upkeep
|
|t:|1776084848
|switch|p2a: Serperior|Serperior, M|100/100
|turn|17
|
|t:|1776084850
|move|p2a: Serperior|Leaf Storm|p1a: Primarina
|-supereffective|p1a: Primarina
|-damage|p1a: Primarina|0 fnt
|-boost|p2a: Serperior|spa|2
|faint|p1a: Primarina
|
|upkeep
|
|t:|1776084854
|switch|p1a: Iron Moth|Iron Moth|76/100
|-damage|p1a: Iron Moth|51/100|[from] Stealth Rock
|turn|18
|
|t:|1776084860
|switch|p2a: Heatran|Heatran, M|100/100
|move|p1a: Iron Moth|Fiery Dance|p2a: Heatran
|-start|p2a: Heatran|ability: Flash Fire
|
|-heal|p1a: Iron Moth|57/100|[from] Grassy Terrain
|upkeep
|turn|19
|-message|vryfast forfeited.
|
|win|Kaaspioent
|raw|vryfast's rating: 1329 &rarr; <strong>1311</strong><br />(-18 for losing)
|raw|Kaaspioent's rating: 1357 &rarr; <strong>1375</strong><br />(+18 for winning)
|l|☆vryfast
|player|p1|
|l|☆Kaaspioent
|player|p2|
