|html|<div class="broadcast-blue"><strong>[Gen 9] OU is currently suspecting Tera Blast! For information on how to participate check out the <a href="https://www.smogon.com/tools/suspects/view/200">suspect thread</a>.</strong></div>
|j|☆swangzy
|j|☆rubenhublu67
|t:|1776062368
|gametype|singles
|player|p1|swangzy|swimmer-gen4|1090
|player|p2|rubenhublu67|265|1079
|gen|9
|tier|[Gen 9] OU
|rated|
|rule|HP Percentage Mod: HP is shown in percentages
|rule|Endless Battle Clause: Forcing endless battles is banned
|rule|Species Clause: Limit one of each Pokémon
|rule|OHKO Clause: OHKO moves are banned
|rule|Evasion Items Clause: Evasion items are banned
|rule|Evasion Moves Clause: Evasion moves are banned
|rule|Evasion Abilities Clause: Evasion abilities are banned
|rule|Sleep Moves Clause: Sleep-inducing moves are banned
|clearpoke
|poke|p1|Pelipper, M|
|poke|p1|Maushold-Four|
|poke|p1|Scizor, M|
|poke|p1|Ludicolo, F|
|poke|p1|Metagross|
|poke|p1|Latios, M|
|poke|p2|Gengar, M|
|poke|p2|Jolteon, M|
|poke|p2|Drifblim, M|
|poke|p2|Snorlax, M|
|poke|p2|Grimmsnarl, M|
|poke|p2|Garchomp, F|
|teampreview
|inactive|Battle timer is ON: inactive players will automatically lose when time's up. (requested by swangzy)
|
|t:|1776062373
|teamsize|p1|6
|teamsize|p2|6
|start
|switch|p1a: Pelipper|Pelipper, M|100/100
|switch|p2a: Garchomp|Garchomp, F|100/100
|-weather|RainDance|[from] ability: Drizzle|[of] p1a: Pelipper
|turn|1
|
|t:|1776062383
|move|p2a: Garchomp|Stealth Rock|p1a: Pelipper
|-sidestart|p1: swangzy|move: Stealth Rock
|move|p1a: Pelipper|Ice Beam|p2a: Garchomp
|-supereffective|p2a: Garchomp
|-damage|p2a: Garchomp|14/100
|
|-weather|RainDance|[upkeep]
|upkeep
|turn|2
|
|t:|1776062393
|move|p2a: Garchomp|Spikes|p1a: Pelipper
|-sidestart|p1: swangzy|Spikes
|move|p1a: Pelipper|U-turn|p2a: Garchomp
|-damage|p2a: Garchomp|6/100
|-damage|p1a: Pelipper|88/100|[from] ability: Rough Skin|[of] p2a: Garchomp
|-damage|p1a: Pelipper|71/100|[from] item: Rocky Helmet|[of] p2a: Garchomp
|
|t:|1776062411
|switch|p1a: Ludicolo|Ludicolo, F|100/100|[from] U-turn
|-damage|p1a: Ludicolo|88/100|[from] Stealth Rock
|-damage|p1a: Ludicolo|76/100|[from] Spikes
|
|-weather|RainDance|[upkeep]
|upkeep
|turn|3
|
|t:|1776062428
|move|p1a: Ludicolo|Surf|p2a: Garchomp
|-damage|p2a: Garchomp|0 fnt
|faint|p2a: Garchomp
|
|-weather|RainDance|[upkeep]
|upkeep
|
|t:|1776062442
|switch|p2a: Gengar|Gengar, M|100/100
|turn|4
|
|t:|1776062451
|move|p1a: Ludicolo|Surf|p2a: Gengar
|-damage|p2a: Gengar|16/100
|move|p2a: Gengar|Sludge Wave|p1a: Ludicolo
|-supereffective|p1a: Ludicolo
|-crit|p1a: Ludicolo
|-damage|p1a: Ludicolo|0 fnt
|faint|p1a: Ludicolo
|
|-weather|RainDance|[upkeep]
|upkeep
|
|t:|1776062461
|switch|p1a: Scizor|Scizor, M|100/100
|-damage|p1a: Scizor|88/100|[from] Stealth Rock
|-damage|p1a: Scizor|76/100|[from] Spikes
|turn|5
|
|t:|1776062471
|move|p1a: Scizor|Bullet Punch|p2a: Gengar
|-damage|p2a: Gengar|0 fnt
|faint|p2a: Gengar
|
|-weather|RainDance|[upkeep]
|upkeep
|
|t:|1776062478
|switch|p2a: Grimmsnarl|Grimmsnarl, M, shiny|100/100
|turn|6
|
|t:|1776062493
|switch|p1a: Pelipper|Pelipper, M|71/100
|-damage|p1a: Pelipper|46/100|[from] Stealth Rock
|move|p2a: Grimmsnarl|Parting Shot|p1a: Pelipper
|-unboost|p1a: Pelipper|atk|1
|-unboost|p1a: Pelipper|spa|1
|
|t:|1776062500
|switch|p2a: Jolteon|Jolteon, M|100/100|[from] Parting Shot
|
|-weather|RainDance|[upkeep]
|upkeep
|turn|7
|
|t:|1776062513
|move|p2a: Jolteon|Volt Switch|p1a: Pelipper
|-supereffective|p1a: Pelipper
|-damage|p1a: Pelipper|0 fnt
|faint|p1a: Pelipper
|
|t:|1776062518
|switch|p2a: Grimmsnarl|Grimmsnarl, M, shiny|100/100|[from] Volt Switch
|
|-weather|RainDance|[upkeep]
|upkeep
|
|t:|1776062523
|switch|p1a: Maushold|Maushold-Four|100/100
|-damage|p1a: Maushold|88/100|[from] Stealth Rock
|-damage|p1a: Maushold|76/100|[from] Spikes
|turn|8
|
|t:|1776062530
|move|p2a: Grimmsnarl|Thunder Wave|p1a: Maushold
|-status|p1a: Maushold|par
|move|p1a: Maushold|Tidy Up|p1a: Maushold
|-sideend|p1: swangzy|Spikes
|-sideend|p1: swangzy|Stealth Rock
|-activate|p1a: Maushold|move: Tidy Up
|-boost|p1a: Maushold|atk|1
|-boost|p1a: Maushold|spe|1
|
|-weather|none
|upkeep
|turn|9
|
|t:|1776062546
|move|p2a: Grimmsnarl|Parting Shot|p1a: Maushold
|-unboost|p1a: Maushold|atk|1
|-unboost|p1a: Maushold|spa|1
|
|t:|1776062556
|switch|p2a: Snorlax|Snorlax, M|100/100|[from] Parting Shot
|move|p1a: Maushold|Population Bomb|p2a: Snorlax
|-damage|p2a: Snorlax|93/100
|-damage|p2a: Snorlax|86/100
|-damage|p2a: Snorlax|79/100
|-damage|p2a: Snorlax|71/100
|-damage|p2a: Snorlax|64/100
|-damage|p2a: Snorlax|57/100
|-damage|p2a: Snorlax|49/100
|-damage|p2a: Snorlax|42/100
|-crit|p2a: Snorlax
|-damage|p2a: Snorlax|30/100
|-damage|p2a: Snorlax|23/100
|-hitcount|p2a: Snorlax|10
|
|-heal|p2a: Snorlax|29/100|[from] item: Leftovers
|upkeep
|turn|10
|
|t:|1776062580
|move|p1a: Maushold|Bite|p2a: Snorlax
|-damage|p2a: Snorlax|12/100
|cant|p2a: Snorlax|flinch
|
|-heal|p2a: Snorlax|18/100|[from] item: Leftovers
|upkeep
|turn|11
|
|t:|1776062592
|cant|p1a: Maushold|par
|move|p2a: Snorlax|Rest|p2a: Snorlax
|-status|p2a: Snorlax|slp|[from] move: Rest
|-heal|p2a: Snorlax|100/100 slp|[silent]
|
|upkeep
|turn|12
|
|t:|1776062599
|-terastallize|p2a: Snorlax|Ghost
|move|p1a: Maushold|Tidy Up|p1a: Maushold
|-boost|p1a: Maushold|atk|1
|-boost|p1a: Maushold|spe|1
|cant|p2a: Snorlax|slp
|move|p2a: Snorlax|Sleep Talk|p2a: Snorlax
|move|p2a: Snorlax|Heavy Slam|p1a: Maushold|[from] move: Sleep Talk
|-damage|p1a: Maushold|16/100 par
|
|upkeep
|turn|13
|
|t:|1776062614
|cant|p1a: Maushold|par
|cant|p2a: Snorlax|slp
|move|p2a: Snorlax|Sleep Talk|p2a: Snorlax
|move|p2a: Snorlax|Giga Impact|p1a: Maushold|[from] move: Sleep Talk|[miss]
|-miss|p2a: Snorlax|p1a: Maushold
|
|upkeep
|turn|14
|
|t:|1776062628
|cant|p1a: Maushold|par
|-curestatus|p2a: Snorlax|slp|[msg]
|move|p2a: Snorlax|Sleep Talk||[still]
|-fail|p2a: Snorlax
|
|upkeep
|turn|15
|
|t:|1776062633
|move|p1a: Maushold|Bite|p2a: Snorlax
|-supereffective|p2a: Snorlax
|-damage|p2a: Snorlax|59/100
|move|p2a: Snorlax|Giga Impact|p1a: Maushold
|-damage|p1a: Maushold|0 fnt
|-mustrecharge|p2a: Snorlax
|faint|p1a: Maushold
|
|-heal|p2a: Snorlax|65/100|[from] item: Leftovers
|upkeep
|
|t:|1776062644
|switch|p1a: Latios|Latios, M|100/100
|turn|16
|
|t:|1776062664
|move|p1a: Latios|Calm Mind|p1a: Latios
|-boost|p1a: Latios|spa|1
|-boost|p1a: Latios|spd|1
|cant|p2a: Snorlax|recharge
|
|-heal|p2a: Snorlax|71/100|[from] item: Leftovers
|upkeep
|turn|17
|
|t:|1776062680
|switch|p2a: Drifblim|Drifblim, M|100/100
|move|p1a: Latios|Luster Purge|p2a: Drifblim
|-damage|p2a: Drifblim|41/100
|-unboost|p2a: Drifblim|spd|1
|
|-heal|p2a: Drifblim|47/100|[from] item: Leftovers
|upkeep
|turn|18
|inactive|swangzy has 120 seconds left.
|
|t:|1776062702
|move|p1a: Latios|Luster Purge|p2a: Drifblim
|-damage|p2a: Drifblim|0 fnt
|faint|p2a: Drifblim
|
|upkeep
|
|t:|1776062710
|switch|p2a: Grimmsnarl|Grimmsnarl, M, shiny|100/100
|turn|19
|inactive|swangzy has 120 seconds left.
|
|t:|1776062732
|-terastallize|p1a: Latios|Fairy
|move|p2a: Grimmsnarl|Thunder Wave|p1a: Latios
|-status|p1a: Latios|par
|move|p1a: Latios|Calm Mind|p1a: Latios
|-boost|p1a: Latios|spa|1
|-boost|p1a: Latios|spd|1
|
|upkeep
|turn|20
|inactive|swangzy has 120 seconds left.
|
|t:|1776062750
|move|p2a: Grimmsnarl|Parting Shot|p1a: Latios
|-unboost|p1a: Latios|atk|1
|-unboost|p1a: Latios|spa|1
|inactive|rubenhublu67 has 120 seconds left.
|
|t:|1776062765
|switch|p2a: Snorlax|Snorlax, M, tera:Ghost|71/100|[from] Parting Shot
|cant|p1a: Latios|par
|
|-heal|p2a: Snorlax|77/100|[from] item: Leftovers
|upkeep
|turn|21
|inactive|swangzy has 120 seconds left.
|inactive|rubenhublu67 has 120 seconds left.
|
|t:|1776062778
|move|p1a: Latios|Luster Purge|p2a: Snorlax
|-damage|p2a: Snorlax|29/100
|move|p2a: Snorlax|Heavy Slam|p1a: Latios
|-supereffective|p1a: Latios
|-damage|p1a: Latios|3/100 par
|
|-heal|p1a: Latios|9/100 par|[from] item: Leftovers
|-heal|p2a: Snorlax|35/100|[from] item: Leftovers
|upkeep
|turn|22
|inactive|rubenhublu67 has 120 seconds left.
|
|t:|1776062791
|switch|p2a: Jolteon|Jolteon, M|100/100
|move|p1a: Latios|Thunder|p2a: Jolteon
|-resisted|p2a: Jolteon
|-damage|p2a: Jolteon|66/100
|
|-heal|p1a: Latios|15/100 par|[from] item: Leftovers
|upkeep
|turn|23
|inactive|rubenhublu67 has 120 seconds left.
|
|t:|1776062802
|move|p2a: Jolteon|Volt Switch|p1a: Latios
|-damage|p1a: Latios|0 fnt
|faint|p1a: Latios
|
|t:|1776062806
|switch|p2a: Grimmsnarl|Grimmsnarl, M, shiny|100/100|[from] Volt Switch
|
|upkeep
|
|t:|1776062810
|switch|p1a: Scizor|Scizor, M|76/100
|turn|24
|
|t:|1776062818
|move|p1a: Scizor|Bullet Punch|p2a: Grimmsnarl
|-supereffective|p2a: Grimmsnarl
|-damage|p2a: Grimmsnarl|30/100
|move|p2a: Grimmsnarl|Parting Shot|p1a: Scizor
|-unboost|p1a: Scizor|atk|1
|-unboost|p1a: Scizor|spa|1
|
|t:|1776062824
|switch|p2a: Jolteon|Jolteon, M|66/100|[from] Parting Shot
|
|upkeep
|turn|25
|
|t:|1776062834
|switch|p1a: Metagross|Metagross|100/100
|move|p2a: Jolteon|Volt Switch|p1a: Metagross
|-damage|p1a: Metagross|43/100
|
|t:|1776062839
|switch|p2a: Grimmsnarl|Grimmsnarl, M, shiny|30/100|[from] Volt Switch
|
|upkeep
|turn|26
|
|t:|1776062845
|move|p1a: Metagross|Bullet Punch|p2a: Grimmsnarl
|-supereffective|p2a: Grimmsnarl
|-damage|p2a: Grimmsnarl|0 fnt
|faint|p2a: Grimmsnarl
|
|upkeep
|
|t:|1776062849
|switch|p2a: Jolteon|Jolteon, M|66/100
|turn|27
|
|t:|1776062858
|move|p2a: Jolteon|Volt Switch|p1a: Metagross
|-damage|p1a: Metagross|0 fnt
|faint|p1a: Metagross
|
|t:|1776062860
|switch|p2a: Snorlax|Snorlax, M, tera:Ghost|35/100|[from] Volt Switch
|
|-heal|p2a: Snorlax|41/100|[from] item: Leftovers
|upkeep
|
|t:|1776062865
|switch|p1a: Scizor|Scizor, M|76/100
|turn|28
|
|t:|1776062882
|move|p1a: Scizor|Bullet Punch|p2a: Snorlax
|-damage|p2a: Snorlax|16/100
|move|p2a: Snorlax|Rest|p2a: Snorlax
|-status|p2a: Snorlax|slp|[from] move: Rest
|-heal|p2a: Snorlax|100/100 slp|[silent]
|
|upkeep
|turn|29
|
|t:|1776062896
|move|p1a: Scizor|Bullet Punch|p2a: Snorlax
|-damage|p2a: Snorlax|77/100 slp
|cant|p2a: Snorlax|slp
|move|p2a: Snorlax|Sleep Talk|p2a: Snorlax
|move|p2a: Snorlax|Rest||[from] move: Sleep Talk|[still]
|-fail|p2a: Snorlax
|
|-heal|p2a: Snorlax|83/100 slp|[from] item: Leftovers
|upkeep
|turn|30
|
|t:|1776062905
|move|p1a: Scizor|Bullet Punch|p2a: Snorlax
|-damage|p2a: Snorlax|60/100 slp
|cant|p2a: Snorlax|slp
|move|p2a: Snorlax|Sleep Talk|p2a: Snorlax
|move|p2a: Snorlax|Rest||[from] move: Sleep Talk|[still]
|-fail|p2a: Snorlax
|
|-heal|p2a: Snorlax|66/100 slp|[from] item: Leftovers
|upkeep
|turn|31
|
|t:|1776062913
|move|p1a: Scizor|Bullet Punch|p2a: Snorlax
|-damage|p2a: Snorlax|43/100 slp
|-curestatus|p2a: Snorlax|slp|[msg]
|move|p2a: Snorlax|Sleep Talk||[still]
|-fail|p2a: Snorlax
|
|-heal|p2a: Snorlax|49/100|[from] item: Leftovers
|upkeep
|turn|32
|
|t:|1776062920
|move|p1a: Scizor|Bullet Punch|p2a: Snorlax
|-damage|p2a: Snorlax|24/100
|move|p2a: Snorlax|Heavy Slam|p1a: Scizor
|-resisted|p1a: Scizor
|-damage|p1a: Scizor|61/100
|
|-heal|p2a: Snorlax|30/100|[from] item: Leftovers
|upkeep
|turn|33
|
|t:|1776062928
|move|p1a: Scizor|Bullet Punch|p2a: Snorlax
|-damage|p2a: Snorlax|5/100
|move|p2a: Snorlax|Rest|p2a: Snorlax
|-status|p2a: Snorlax|slp|[from] move: Rest
|-heal|p2a: Snorlax|100/100 slp|[silent]
|
|upkeep
|turn|34
|
|t:|1776062936
|move|p1a: Scizor|Bullet Punch|p2a: Snorlax
|-damage|p2a: Snorlax|76/100 slp
|cant|p2a: Snorlax|slp
|move|p2a: Snorlax|Sleep Talk|p2a: Snorlax
|move|p2a: Snorlax|Rest||[from] move: Sleep Talk|[still]
|-fail|p2a: Snorlax
|
|-heal|p2a: Snorlax|82/100 slp|[from] item: Leftovers
|upkeep
|turn|35
|
|t:|1776062943
|move|p1a: Scizor|Bullet Punch|p2a: Snorlax
|-damage|p2a: Snorlax|56/100 slp
|cant|p2a: Snorlax|slp
|move|p2a: Snorlax|Sleep Talk|p2a: Snorlax
|move|p2a: Snorlax|Heavy Slam|p1a: Scizor|[from] move: Sleep Talk
|-resisted|p1a: Scizor
|-damage|p1a: Scizor|47/100
|
|-heal|p2a: Snorlax|62/100 slp|[from] item: Leftovers
|upkeep
|turn|36
|
|t:|1776062953
|move|p1a: Scizor|Bullet Punch|p2a: Snorlax
|-damage|p2a: Snorlax|38/100 slp
|-curestatus|p2a: Snorlax|slp|[msg]
|move|p2a: Snorlax|Sleep Talk||[still]
|-fail|p2a: Snorlax
|
|-heal|p2a: Snorlax|44/100|[from] item: Leftovers
|upkeep
|turn|37
|
|t:|1776062962
|move|p1a: Scizor|Bullet Punch|p2a: Snorlax
|-damage|p2a: Snorlax|17/100
|move|p2a: Snorlax|Heavy Slam|p1a: Scizor
|-resisted|p1a: Scizor
|-damage|p1a: Scizor|32/100
|
|-heal|p2a: Snorlax|23/100|[from] item: Leftovers
|upkeep
|turn|38
|
|t:|1776062970
|move|p1a: Scizor|Bullet Punch|p2a: Snorlax
|-damage|p2a: Snorlax|1/100
|move|p2a: Snorlax|Rest|p2a: Snorlax
|-status|p2a: Snorlax|slp|[from] move: Rest
|-heal|p2a: Snorlax|100/100 slp|[silent]
|
|upkeep
|turn|39
|-message|swangzy forfeited.
|
|win|rubenhublu67
|raw|swangzy's rating: 1090 &rarr; <strong>1066</strong><br />(-24 for losing)
|raw|rubenhublu67's rating: 1079 &rarr; <strong>1108</strong><br />(+29 for winning)
|l|☆swangzy
|player|p1|
|l|☆rubenhublu67
|player|p2|
