|html|<div class="broadcast-blue"><strong>[Gen 9] OU is currently suspecting Tera Blast! For information on how to participate check out the <a href="https://www.smogon.com/tools/suspects/view/200">suspect thread</a>.</strong></div>
|j|☆kjojon
|j|☆felixthinking
|t:|1776053191
|gametype|singles
|player|p1|kjojon|brock|1062
|player|p2|felixthinking|drayden|1047
|gen|9
|tier|[Gen 9] OU
|rated|
|rule|HP Percentage Mod: HP is shown in percentages
|rule|Endless Battle Clause: Forcing endless battles is banned
|rule|Species Clause: Limit one of each Pokémon
|rule|OHKO Clause: OHKO moves are banned
|rule|Evasion Items Clause: Evasion items are banned
|rule|Evasion Moves Clause: Evasion moves are banned
|rule|Evasion Abilities Clause: Evasion abilities are banned
|rule|Sleep Moves Clause: Sleep-inducing moves are banned
|clearpoke
|poke|p1|Gardevoir, F|
|poke|p1|Decidueye-Hisui, F|
|poke|p1|Necrozma|
|poke|p1|Duraludon, M|
|poke|p1|Hitmontop, M|
|poke|p1|Porygon-Z|
|poke|p2|Kyurem|
|poke|p2|Great Tusk|
|poke|p2|Hatterene, F|
|poke|p2|Dragonite, F|
|poke|p2|Gholdengo|
|poke|p2|Kingambit, M|
|teampreview
|
|t:|1776053210
|teamsize|p1|6
|teamsize|p2|6
|start
|switch|p1a: PoyPee|Porygon-Z, shiny|100/100
|switch|p2a: NMIXX|Dragonite, F|100/100
|turn|1
|
|t:|1776053217
|move|p2a: NMIXX|Dragon Dance|p2a: NMIXX
|-boost|p2a: NMIXX|atk|1
|-boost|p2a: NMIXX|spe|1
|move|p1a: PoyPee|Ice Beam|p2a: NMIXX
|-supereffective|p2a: NMIXX
|-damage|p2a: NMIXX|24/100
|
|upkeep
|turn|2
|j| m4debyjoak0
|
|t:|1776053230
|move|p2a: NMIXX|Earthquake|p1a: PoyPee
|-damage|p1a: PoyPee|28/100
|move|p1a: PoyPee|Tri Attack|p2a: NMIXX
|-damage|p2a: NMIXX|0 fnt
|faint|p2a: NMIXX
|
|upkeep
|
|t:|1776053243
|switch|p2a: KiiiKiii|Kyurem|100/100
|-ability|p2a: KiiiKiii|Pressure
|turn|3
|
|t:|1776053259
|switch|p2a: TWICE|Hatterene, F|100/100
|move|p1a: PoyPee|Tri Attack|p2a: TWICE
|-damage|p2a: TWICE|71/100
|
|upkeep
|turn|4
|
|t:|1776053266
|move|p1a: PoyPee|Tri Attack|p2a: TWICE
|-damage|p2a: TWICE|38/100
|move|p2a: TWICE|Draining Kiss|p1a: PoyPee
|-damage|p1a: PoyPee|0 fnt
|-heal|p2a: TWICE|59/100|[from] drain|[of] p1a: PoyPee
|faint|p1a: PoyPee
|
|upkeep
|
|t:|1776053291
|switch|p1a: R-Pyrite|Necrozma, shiny|100/100
|turn|5
|
|t:|1776053303
|move|p1a: R-Pyrite|Dragon Dance|p1a: R-Pyrite
|-boost|p1a: R-Pyrite|atk|1
|-boost|p1a: R-Pyrite|spe|1
|move|p2a: TWICE|Nuzzle|p1a: R-Pyrite
|-damage|p1a: R-Pyrite|97/100
|-status|p1a: R-Pyrite|par
|
|upkeep
|turn|6
|
|t:|1776053315
|cant|p1a: R-Pyrite|par
|move|p2a: TWICE|Mystical Fire|p1a: R-Pyrite
|-damage|p1a: R-Pyrite|72/100 par
|-unboost|p1a: R-Pyrite|spa|1
|
|upkeep
|turn|7
|
|t:|1776053325
|move|p1a: R-Pyrite|Shadow Claw|p2a: TWICE
|-supereffective|p2a: TWICE
|-damage|p2a: TWICE|0 fnt
|faint|p2a: TWICE
|
|upkeep
|
|t:|1776053339
|switch|p2a: KiiiKiii|Kyurem|100/100
|-ability|p2a: KiiiKiii|Pressure
|turn|8
|
|t:|1776053345
|move|p2a: KiiiKiii|Dragon Dance|p2a: KiiiKiii
|-boost|p2a: KiiiKiii|atk|1
|-boost|p2a: KiiiKiii|spe|1
|move|p1a: R-Pyrite|Brick Break|p2a: KiiiKiii
|-supereffective|p2a: KiiiKiii
|-damage|p2a: KiiiKiii|31/100
|
|upkeep
|turn|9
|
|t:|1776053352
|move|p2a: KiiiKiii|Scale Shot|p1a: R-Pyrite
|-damage|p1a: R-Pyrite|50/100 par
|-damage|p1a: R-Pyrite|29/100 par
|-damage|p1a: R-Pyrite|5/100 par
|-damage|p1a: R-Pyrite|0 fnt
|faint|p1a: R-Pyrite
|-hitcount|p1: R-Pyrite|4
|-unboost|p2a: KiiiKiii|def|1
|-boost|p2a: KiiiKiii|spe|1
|
|upkeep
|
|t:|1776053358
|switch|p1a: Garfiel|Hitmontop, M|100/100
|turn|10
|
|t:|1776053370
|move|p1a: Garfiel|Fake Out|p2a: KiiiKiii
|-damage|p2a: KiiiKiii|4/100
|cant|p2a: KiiiKiii|flinch
|
|upkeep
|turn|11
|
|t:|1776053376
|move|p1a: Garfiel|Mach Punch|p2a: KiiiKiii
|-supereffective|p2a: KiiiKiii
|-damage|p2a: KiiiKiii|0 fnt
|faint|p2a: KiiiKiii
|
|upkeep
|
|t:|1776053382
|switch|p2a: LOOΠ∆|Gholdengo|100/100
|-item|p2a: LOOΠ∆|Air Balloon
|turn|12
|
|t:|1776053397
|switch|p1a: Sagittarius|Decidueye-Hisui, F|100/100
|move|p2a: LOOΠ∆|Thunder Wave|p1a: Sagittarius
|-status|p1a: Sagittarius|par
|
|upkeep
|turn|13
|
|t:|1776053412
|move|p2a: LOOΠ∆|Hex|p1a: Sagittarius
|-damage|p1a: Sagittarius|36/100 par
|cant|p1a: Sagittarius|par
|
|upkeep
|turn|14
|-activate|p1a: Sagittarius|item: Quick Claw
|
|t:|1776053418
|move|p1a: Sagittarius|Sucker Punch|p2a: LOOΠ∆
|-supereffective|p2a: LOOΠ∆
|-damage|p2a: LOOΠ∆|71/100
|-enditem|p2a: LOOΠ∆|Air Balloon
|move|p2a: LOOΠ∆|Make It Rain|p1a: Sagittarius
|-damage|p1a: Sagittarius|0 fnt
|-unboost|p2a: LOOΠ∆|spa|1
|faint|p1a: Sagittarius
|
|upkeep
|
|t:|1776053432
|switch|p1a: Xodium|Gardevoir, F, shiny|100/100
|-ability|p1a: Xodium|Good as Gold|Trace|[from] ability: Trace|[of] p2a: LOOΠ∆
|turn|15
|
|t:|1776053446
|move|p1a: Xodium|Mystical Fire|p2a: LOOΠ∆
|-supereffective|p2a: LOOΠ∆
|-damage|p2a: LOOΠ∆|23/100
|-unboost|p2a: LOOΠ∆|spa|1
|move|p2a: LOOΠ∆|Make It Rain|p1a: Xodium
|-supereffective|p1a: Xodium
|-damage|p1a: Xodium|42/100
|-unboost|p2a: LOOΠ∆|spa|1
|
|upkeep
|turn|16
|
|t:|1776053462
|move|p1a: Xodium|Mystical Fire|p2a: LOOΠ∆
|-supereffective|p2a: LOOΠ∆
|-damage|p2a: LOOΠ∆|0 fnt
|faint|p2a: LOOΠ∆
|
|upkeep
|
|t:|1776053467
|switch|p2a: Hearts2Hearts|Great Tusk|100/100
|turn|17
|
|t:|1776053480
|switch|p1a: Babylon|Duraludon, M, shiny|100/100
|move|p2a: Hearts2Hearts|Headlong Rush|p1a: Babylon
|-supereffective|p1a: Babylon
|-damage|p1a: Babylon|16/100
|-unboost|p2a: Hearts2Hearts|def|1
|-unboost|p2a: Hearts2Hearts|spd|1
|
|upkeep
|turn|18
|
|t:|1776053490
|move|p2a: Hearts2Hearts|Ice Spinner|p1a: Babylon
|-damage|p1a: Babylon|0 fnt
|faint|p1a: Babylon
|
|upkeep
|
|t:|1776053493
|switch|p1a: Garfiel|Hitmontop, M|100/100
|turn|19
|
|t:|1776053505
|move|p1a: Garfiel|Fake Out|p2a: Hearts2Hearts
|-damage|p2a: Hearts2Hearts|78/100
|cant|p2a: Hearts2Hearts|flinch
|
|upkeep
|turn|20
|
|t:|1776053510
|move|p2a: Hearts2Hearts|Close Combat|p1a: Garfiel
|-damage|p1a: Garfiel|27/100
|-unboost|p2a: Hearts2Hearts|def|1
|-unboost|p2a: Hearts2Hearts|spd|1
|move|p1a: Garfiel|Triple Axel|p2a: Hearts2Hearts
|-supereffective|p2a: Hearts2Hearts
|-damage|p2a: Hearts2Hearts|47/100
|-supereffective|p2a: Hearts2Hearts
|-damage|p2a: Hearts2Hearts|0 fnt
|faint|p2a: Hearts2Hearts
|-end|p2a: Hearts2Hearts|Protosynthesis|[silent]
|-hitcount|p2: Hearts2Hearts|2
|
|upkeep
|c| m4debyjoak0|Chru
|c| m4debyjoak0|Cheu
|
|t:|1776053522
|switch|p2a: NewJeans|Kingambit, M|100/100
|-activate|p2a: NewJeans|ability: Supreme Overlord
|-start|p2a: NewJeans|fallen5|[silent]
|turn|21
|
|t:|1776053529
|-terastallize|p2a: NewJeans|Ghost
|move|p1a: Garfiel|Mach Punch|p2a: NewJeans
|-immune|p2a: NewJeans
|move|p2a: NewJeans|Swords Dance|p2a: NewJeans
|-boost|p2a: NewJeans|atk|2
|
|upkeep
|turn|22
|
|t:|1776053541
|-terastallize|p1a: Garfiel|Stellar
|move|p2a: NewJeans|Sucker Punch|p1a: Garfiel
|-resisted|p1a: Garfiel
|-damage|p1a: Garfiel|0 fnt
|faint|p1a: Garfiel
|
|upkeep
|
|t:|1776053546
|switch|p1a: Xodium|Gardevoir, F, shiny|42/100
|-ability|p1a: Xodium|Supreme Overlord|Trace|[from] ability: Trace|[of] p2a: NewJeans
|-activate|p1a: Xodium|ability: Supreme Overlord
|-start|p1a: Xodium|fallen5|[silent]
|turn|23
|c|☆kjojon|gg's
|
|t:|1776053557
|move|p1a: Xodium|Mystical Fire|p2a: NewJeans
|-damage|p2a: NewJeans|63/100
|-unboost|p2a: NewJeans|spa|1
|move|p2a: NewJeans|Iron Head|p1a: Xodium
|-supereffective|p1a: Xodium
|-damage|p1a: Xodium|0 fnt
|faint|p1a: Xodium
|-end|p1a: Xodium|fallen5|[silent]
|
|win|felixthinking
|raw|kjojon's rating: 1062 &rarr; <strong>1042</strong><br />(-20 for losing)
|raw|felixthinking's rating: 1047 &rarr; <strong>1081</strong><br />(+34 for winning)
