|j|☆theironpikachu
|j|☆humptydumptyeater
|inactive|Battle timer is ON: inactive players will automatically lose when time's up.
|t:|1776319061
|gametype|singles
|player|p1|theironpikachu|#lcbcsummerdeerling|
|player|p2|humptydumptyeater|colress|
|gen|9
|tier|[Gen 9] OU
|rated|Tournament battle
|rule|HP Percentage Mod: HP is shown in percentages
|rule|Endless Battle Clause: Forcing endless battles is banned
|rule|Species Clause: Limit one of each Pokémon
|rule|OHKO Clause: OHKO moves are banned
|rule|Evasion Items Clause: Evasion items are banned
|rule|Evasion Moves Clause: Evasion moves are banned
|rule|Evasion Abilities Clause: Evasion abilities are banned
|rule|Sleep Moves Clause: Sleep-inducing moves are banned
|raw|<div class="infobox"><details class="readmore" open><summary><strong>3 custom rules:</strong></summary> -Dragon Rage, -Sonic Boom, adjustlevel=5</details></div>
|clearpoke
|poke|p1|Ribombee, L5, M|
|poke|p1|Hoopa-Unbound, L5|
|poke|p1|Dragonite, L5, M|
|poke|p1|Landorus-Therian, L5, M|
|poke|p1|Iron Crown, L5|
|poke|p1|Dragapult, L5, M|
|poke|p2|Zamazenta-*, L5|
|poke|p2|Kyurem, L5|
|poke|p2|Great Tusk, L5|
|poke|p2|Slowking-Galar, L5, M|
|poke|p2|Tornadus-Therian, L5, M|
|poke|p2|Darkrai, L5|
|teampreview
|inactive|theironpikachu also wants the timer to be on.
|inactive|humptydumptyeater also wants the timer to be on.
|j| Moongirlll
|c|☆humptydumptyeater|glhf
|j|*Lady Monita 
|j|^RUMYMOME
|c| Moongirlll|why is no one using lc  mons
|c| Moongirlll|are they that bad ;-;
|inactive|theironpikachu has 120 seconds left.
|c|☆humptydumptyeater|compared to ou mons
|c|☆humptydumptyeater|yes
|c|^RUMYMOME|Yes
|c|☆theironpikachu|glhf
|c| Moongirlll|but they get eviolite
|
|t:|1776319103
|teamsize|p1|6
|teamsize|p2|6
|start
|switch|p1a: Ribombee|Ribombee, L5, M|100/100
|switch|p2a: Tornadus|Tornadus-Therian, L5, M|100/100
|turn|1
|c|☆humptydumptyeater|atp just run pory2 or smth
|
|t:|1776319114
|move|p1a: Ribombee|Stun Spore|p2a: Tornadus
|-status|p2a: Tornadus|par
|move|p2a: Tornadus|Bleakwind Storm|p1a: Ribombee|[miss]
|-miss|p2a: Tornadus|p1a: Ribombee
|
|upkeep
|turn|2
|c|☆theironpikachu|lowk it might be meta
|
|t:|1776319120
|move|p1a: Ribombee|Sticky Web|p2a: Tornadus
|-sidestart|p2: humptydumptyeater|move: Sticky Web
|cant|p2a: Tornadus|par
|
|upkeep
|turn|3
|
|t:|1776319123
|move|p1a: Ribombee|Moonblast|p2a: Tornadus
|-damage|p2a: Tornadus|46/100 par
|move|p2a: Tornadus|Bleakwind Storm|p1a: Ribombee|[miss]
|-miss|p2a: Tornadus|p1a: Ribombee
|
|upkeep
|turn|4
|c|☆theironpikachu|my b
|c|☆humptydumptyeater|nws
|c| Moongirlll|i thought of running that
|
|t:|1776319138
|switch|p2a: Slowking|Slowking-Galar, L5, M|100/100
|move|p1a: Ribombee|Moonblast|p2a: Slowking
|-resisted|p2a: Slowking
|-crit|p2a: Slowking
|-damage|p2a: Slowking|73/100
|
|upkeep
|turn|5
|c| Moongirlll|but then i bought mudbray idk
|
|t:|1776319148
|move|p1a: Ribombee|Stun Spore|p2a: Slowking
|-status|p2a: Slowking|par
|move|p2a: Slowking|Future Sight|p1a: Ribombee
|-start|p2a: Slowking|move: Future Sight
|
|upkeep
|turn|6
|j|+Etjx
|
|t:|1776319156
|switch|p1a: Landorus|Landorus-Therian, L5, M|100/100
|-ability|p1a: Landorus|Intimidate|boost
|-unboost|p2a: Slowking|atk|1
|move|p2a: Slowking|Sludge Bomb|p1a: Landorus
|-resisted|p1a: Landorus
|-damage|p1a: Landorus|77/100
|
|upkeep
|turn|7
|j| umbreon1177
|
|t:|1776319167
|switch|p2a: Great Tusk|Great Tusk, L5|100/100
|move|p1a: Landorus|Stealth Rock|p2a: Great Tusk
|-sidestart|p2: humptydumptyeater|move: Stealth Rock
|
|-end|p1a: Landorus|move: Future Sight
|-damage|p1a: Landorus|20/100
|upkeep
|turn|8
|
|t:|1776319176
|switch|p1a: Dragapult|Dragapult, L5, M|100/100
|move|p2a: Great Tusk|Earthquake|p1a: Dragapult
|-damage|p1a: Dragapult|27/100
|
|upkeep
|turn|9
|
|t:|1776319188
|-end|p2a: Great Tusk|Protosynthesis|[silent]
|switch|p2a: Darkrai|Darkrai, L5|100/100
|-activate|p2a: Darkrai|move: Sticky Web
|-unboost|p2a: Darkrai|spe|1
|-damage|p2a: Darkrai|92/100|[from] Stealth Rock
|move|p1a: Dragapult|Shadow Ball|p2a: Darkrai
|-resisted|p2a: Darkrai
|-damage|p2a: Darkrai|53/100
|
|upkeep
|turn|10
|
|t:|1776319204
|switch|p1a: Ribombee|Ribombee, L5, M|100/100
|move|p2a: Darkrai|Dark Pulse|p1a: Ribombee
|-resisted|p1a: Ribombee
|-damage|p1a: Ribombee|64/100
|
|upkeep
|turn|11
|l| umbreon1177
|j| umbreon1177
|
|t:|1776319212
|switch|p1a: Landorus|Landorus-Therian, L5, M|20/100
|-ability|p1a: Landorus|Intimidate|boost
|-unboost|p2a: Darkrai|atk|1
|switch|p2a: Slowking|Slowking-Galar, L5, M|100/100 par
|
|upkeep
|turn|12
|
|t:|1776319224
|switch|p2a: Great Tusk|Great Tusk, L5|100/100
|move|p1a: Landorus|Earthquake|p2a: Great Tusk
|-damage|p2a: Great Tusk|49/100
|
|upkeep
|turn|13
|
|t:|1776319232
|switch|p1a: Dragapult|Dragapult, L5, M|27/100
|move|p2a: Great Tusk|Rapid Spin|p1a: Dragapult
|-immune|p1a: Dragapult
|
|upkeep
|turn|14
|
|t:|1776319240
|-end|p2a: Great Tusk|Protosynthesis|[silent]
|switch|p2a: Tornadus|Tornadus-Therian, L5, M|80/100 par
|-damage|p2a: Tornadus|55/100 par|[from] Stealth Rock
|move|p1a: Dragapult|Shadow Ball|p2a: Tornadus
|-damage|p2a: Tornadus|0 fnt
|faint|p2a: Tornadus
|
|upkeep
|
|t:|1776319254
|switch|p2a: Kyurem|Kyurem, L5|100/100
|-activate|p2a: Kyurem|move: Sticky Web
|-unboost|p2a: Kyurem|spe|1
|-damage|p2a: Kyurem|76/100|[from] Stealth Rock
|-ability|p2a: Kyurem|Pressure
|turn|15
|
|t:|1776319267
|switch|p1a: Ribombee|Ribombee, L5, M|64/100
|move|p2a: Kyurem|Earth Power|p1a: Ribombee
|-resisted|p1a: Ribombee
|-damage|p1a: Ribombee|40/100
|
|upkeep
|turn|16
|
|t:|1776319282
|switch|p2a: Great Tusk|Great Tusk, L5|49/100
|move|p1a: Ribombee|Moonblast|p2a: Great Tusk
|-supereffective|p2a: Great Tusk
|-damage|p2a: Great Tusk|0 fnt
|faint|p2a: Great Tusk
|-end|p2a: Great Tusk|Protosynthesis|[silent]
|
|upkeep
|inactive|humptydumptyeater has 120 seconds left.
|
|t:|1776319326
|switch|p2a: Slowking|Slowking-Galar, L5, M|100/100 par
|turn|17
|
|t:|1776319338
|switch|p1a: Landorus|Landorus-Therian, L5, M|20/100
|-ability|p1a: Landorus|Intimidate|boost
|-unboost|p2a: Slowking|atk|1
|cant|p2a: Slowking|par
|
|upkeep
|turn|18
|
|t:|1776319346
|move|p1a: Landorus|Earthquake|p2a: Slowking
|-supereffective|p2a: Slowking
|-damage|p2a: Slowking|0 fnt
|faint|p2a: Slowking
|
|upkeep
|
|t:|1776319353
|switch|p2a: Zamazenta|Zamazenta, L5|100/100
|-activate|p2a: Zamazenta|move: Sticky Web
|-unboost|p2a: Zamazenta|spe|1
|-damage|p2a: Zamazenta|97/100|[from] Stealth Rock
|-ability|p2a: Zamazenta|Dauntless Shield|boost
|-boost|p2a: Zamazenta|def|1
|turn|19
|
|t:|1776319365
|move|p1a: Landorus|Earthquake|p2a: Zamazenta
|-damage|p2a: Zamazenta|65/100
|move|p2a: Zamazenta|Iron Defense|p2a: Zamazenta
|-boost|p2a: Zamazenta|def|2
|
|-heal|p2a: Zamazenta|68/100|[from] item: Leftovers
|upkeep
|turn|20
|inactive|humptydumptyeater has 120 seconds left.
|
|t:|1776319411
|move|p1a: Landorus|Earthquake|p2a: Zamazenta
|-damage|p2a: Zamazenta|43/100
|move|p2a: Zamazenta|Iron Defense|p2a: Zamazenta
|-boost|p2a: Zamazenta|def|2
|
|-heal|p2a: Zamazenta|47/100|[from] item: Leftovers
|upkeep
|turn|21
|j| Nucl3ar2
|
|t:|1776319430
|move|p1a: Landorus|Earthquake|p2a: Zamazenta
|-damage|p2a: Zamazenta|33/100
|move|p2a: Zamazenta|Heavy Slam|p1a: Landorus
|-damage|p1a: Landorus|0 fnt
|-damage|p2a: Zamazenta|18/100|[from] item: Rocky Helmet|[of] p1a: Landorus
|faint|p1a: Landorus
|
|-heal|p2a: Zamazenta|22/100|[from] item: Leftovers
|upkeep
|
|t:|1776319432
|switch|p1a: Ribombee|Ribombee, L5, M|40/100
|turn|22
|
|t:|1776319437
|-terastallize|p2a: Zamazenta|Steel
|move|p1a: Ribombee|Moonblast|p2a: Zamazenta
|-resisted|p2a: Zamazenta
|-damage|p2a: Zamazenta|4/100
|move|p2a: Zamazenta|Heavy Slam|p1a: Ribombee
|-supereffective|p1a: Ribombee
|-damage|p1a: Ribombee|0 fnt
|faint|p1a: Ribombee
|
|-heal|p2a: Zamazenta|8/100|[from] item: Leftovers
|upkeep
|c| Nucl3ar2|gg
|c|☆humptydumptyeater|yea i lose
|
|t:|1776319450
|switch|p1a: Dragapult|Dragapult, L5, M|27/100
|turn|23
|
|t:|1776319453
|move|p1a: Dragapult|Shadow Ball|p2a: Zamazenta
|-damage|p2a: Zamazenta|0 fnt
|faint|p2a: Zamazenta
|
|upkeep
|
|t:|1776319461
|switch|p2a: Darkrai|Darkrai, L5|53/100
|-activate|p2a: Darkrai|move: Sticky Web
|-unboost|p2a: Darkrai|spe|1
|-damage|p2a: Darkrai|44/100|[from] Stealth Rock
|turn|24
|c| Nucl3ar2|aw i wanted to see ribombee clean
|
|t:|1776319475
|move|p1a: Dragapult|Shadow Ball|p2a: Darkrai
|-resisted|p2a: Darkrai
|-damage|p2a: Darkrai|9/100
|move|p2a: Darkrai|Dark Pulse|p1a: Dragapult
|-supereffective|p1a: Dragapult
|-crit|p1a: Dragapult
|-damage|p1a: Dragapult|0 fnt
|faint|p1a: Dragapult
|
|upkeep
|
|t:|1776319477
|switch|p1a: Iron Crown|Iron Crown, L5|100/100
|-enditem|p1a: Iron Crown|Booster Energy
|-activate|p1a: Iron Crown|ability: Quark Drive|[fromitem]
|-start|p1a: Iron Crown|quarkdrivespe
|turn|25
|c| Nucl3ar2|ironpikachu ur avatar is incredible
|
|t:|1776319481
|move|p1a: Iron Crown|Tachyon Cutter|p2a: Darkrai
|-damage|p2a: Darkrai|0 fnt
|faint|p2a: Darkrai
|-hitcount|p2: Darkrai|1
|
|upkeep
|c|☆theironpikachu|tyy
|
|t:|1776319483
|switch|p2a: Kyurem|Kyurem, L5|76/100
|-activate|p2a: Kyurem|move: Sticky Web
|-unboost|p2a: Kyurem|spe|1
|-damage|p2a: Kyurem|52/100|[from] Stealth Rock
|-ability|p2a: Kyurem|Pressure
|turn|26
|c|☆humptydumptyeater|ggwp
|c|☆theironpikachu|gg
|
|t:|1776319489
|move|p1a: Iron Crown|Tachyon Cutter|p2a: Kyurem
|-supereffective|p2a: Kyurem
|-damage|p2a: Kyurem|0 fnt
|faint|p2a: Kyurem
|-hitcount|p2: Kyurem|1
|
|win|theironpikachu
|n|☆theironpikachu|theironpikachu
|n|☆humptydumptyeater|humptydumptyeater
|n| Moongirlll|moongirlll
|n|*Lady Monita |ladymonita
|n| RUMYMOME|rumymome
|n| Etjx|etjx
|n| umbreon1177|umbreon1177
|n| Nucl3ar2|nucl3ar2
