|html|<div class="broadcast-blue"><strong>[Gen 9] OU is currently suspecting Volcarona! For information on how to participate check out the <a href="https://www.smogon.com/tools/suspects/view/208">suspect thread</a>.</strong></div>
|j|☆Billythekid95
|j|☆bigene
|t:|1778508592
|gametype|singles
|player|p1|Billythekid95|1|1509
|player|p2|bigene|101|1544
|gen|9
|tier|[Gen 9] OU
|rated|
|rule|HP Percentage Mod: HP is shown in percentages
|rule|Endless Battle Clause: Forcing endless battles is banned
|rule|Species Clause: Limit one of each Pokémon
|rule|OHKO Clause: OHKO moves are banned
|rule|Evasion Items Clause: Evasion items are banned
|rule|Evasion Moves Clause: Evasion moves are banned
|rule|Evasion Abilities Clause: Evasion abilities are banned
|rule|Sleep Moves Clause: Sleep-inducing moves are banned
|clearpoke
|poke|p1|Cinderace, M|
|poke|p1|Enamorus, F|
|poke|p1|Serperior, M|
|poke|p1|Empoleon, M|
|poke|p1|Kingambit, F|
|poke|p1|Ribombee, F|
|poke|p2|Zamazenta-*|
|poke|p2|Dragonite, M|
|poke|p2|Ting-Lu|
|poke|p2|Ogerpon-Wellspring, F|
|poke|p2|Gholdengo|
|poke|p2|Conkeldurr, M|
|teampreview
|inactive|Battle timer is ON: inactive players will automatically lose when time's up. (requested by Billythekid95)
|
|t:|1778508601
|teamsize|p1|6
|teamsize|p2|6
|start
|switch|p1a: Ribombee|Ribombee, F|100/100
|switch|p2a: Gholdengo|Gholdengo|100/100
|turn|1
|
|t:|1778508612
|move|p2a: Gholdengo|Make It Rain|p1a: Ribombee
|-supereffective|p1a: Ribombee
|-crit|p1a: Ribombee
|-damage|p1a: Ribombee|0 fnt
|-unboost|p2a: Gholdengo|spa|1
|faint|p1a: Ribombee
|
|upkeep
|
|t:|1778508619
|switch|p1a: Cinderace|Cinderace, M|100/100
|turn|2
|
|t:|1778508624
|switch|p2a: Conkeldurr|Conkeldurr, M|100/100
|move|p1a: Cinderace|U-turn|p2a: Conkeldurr
|-resisted|p2a: Conkeldurr
|-damage|p2a: Conkeldurr|93/100
|
|t:|1778508629
|switch|p1a: Enamorus|Enamorus, F|100/100|[from] U-turn
|
|-status|p2a: Conkeldurr|brn|[from] item: Flame Orb
|upkeep
|turn|3
|
|t:|1778508636
|switch|p1a: Cinderace|Cinderace, M|100/100
|switch|p2a: Gholdengo|Gholdengo|100/100
|
|upkeep
|turn|4
|
|t:|1778508644
|switch|p2a: Conkeldurr|Conkeldurr, M|93/100 brn
|move|p1a: Cinderace|Pyro Ball|p2a: Conkeldurr
|-damage|p2a: Conkeldurr|50/100 brn
|
|-damage|p2a: Conkeldurr|44/100 brn|[from] brn
|upkeep
|turn|5
|
|t:|1778508651
|move|p2a: Conkeldurr|Mach Punch|p1a: Cinderace
|-damage|p1a: Cinderace|55/100
|move|p1a: Cinderace|Pyro Ball|p2a: Conkeldurr|[miss]
|-miss|p1a: Cinderace|p2a: Conkeldurr
|
|-damage|p2a: Conkeldurr|38/100 brn|[from] brn
|upkeep
|turn|6
|
|t:|1778508658
|move|p2a: Conkeldurr|Mach Punch|p1a: Cinderace
|-crit|p1a: Cinderace
|-damage|p1a: Cinderace|0 fnt
|faint|p1a: Cinderace
|
|-damage|p2a: Conkeldurr|32/100 brn|[from] brn
|upkeep
|c|☆Billythekid95|ajahahahaha
|c|☆Billythekid95|miss and crit
|c|☆Billythekid95|ok
|
|t:|1778508668
|switch|p1a: Serperior|Serperior, M|100/100
|turn|7
|
|t:|1778508673
|move|p2a: Conkeldurr|Mach Punch|p1a: Serperior
|-damage|p1a: Serperior|58/100
|move|p1a: Serperior|Leaf Storm|p2a: Conkeldurr
|-damage|p2a: Conkeldurr|0 fnt
|-boost|p1a: Serperior|spa|2
|faint|p2a: Conkeldurr
|
|-heal|p1a: Serperior|64/100|[from] item: Leftovers
|upkeep
|
|t:|1778508682
|switch|p2a: Gholdengo|Gholdengo|100/100
|turn|8
|
|t:|1778508685
|switch|p1a: Kingambit|Kingambit, F|100/100
|move|p2a: Gholdengo|Make It Rain|p1a: Kingambit
|-resisted|p1a: Kingambit
|-damage|p1a: Kingambit|81/100
|-unboost|p2a: Gholdengo|spa|1
|
|upkeep
|turn|9
|
|t:|1778508700
|switch|p2a: Ting-Lu|Ting-Lu|100/100
|-ability|p2a: Ting-Lu|Vessel of Ruin
|move|p1a: Kingambit|Iron Head|p2a: Ting-Lu
|-damage|p2a: Ting-Lu|80/100
|-enditem|p2a: Ting-Lu|Red Card|[of] p1a: Kingambit
|drag|p1a: Serperior|Serperior, M|64/100
|
|-heal|p1a: Serperior|70/100|[from] item: Leftovers
|upkeep
|turn|10
|
|t:|1778508711
|move|p1a: Serperior|Glare|p2a: Ting-Lu
|-status|p2a: Ting-Lu|par
|cant|p2a: Ting-Lu|par
|
|-heal|p1a: Serperior|76/100|[from] item: Leftovers
|upkeep
|turn|11
|
|t:|1778508720
|move|p1a: Serperior|Leaf Storm|p2a: Ting-Lu
|-supereffective|p2a: Ting-Lu
|-damage|p2a: Ting-Lu|28/100 par
|-boost|p1a: Serperior|spa|2
|move|p2a: Ting-Lu|Whirlwind|p1a: Serperior
|drag|p1a: Enamorus|Enamorus, F|100/100
|
|upkeep
|turn|12
|
|t:|1778508729
|move|p1a: Enamorus|Superpower|p2a: Ting-Lu
|-supereffective|p2a: Ting-Lu
|-damage|p2a: Ting-Lu|0 fnt
|-boost|p1a: Enamorus|atk|1
|-boost|p1a: Enamorus|def|1
|faint|p2a: Ting-Lu
|
|upkeep
|
|t:|1778508735
|switch|p2a: Gholdengo|Gholdengo|100/100
|turn|13
|
|t:|1778508738
|switch|p1a: Kingambit|Kingambit, F|81/100
|move|p2a: Gholdengo|Make It Rain|p1a: Kingambit
|-resisted|p1a: Kingambit
|-damage|p1a: Kingambit|61/100
|-unboost|p2a: Gholdengo|spa|1
|
|upkeep
|turn|14
|
|t:|1778508752
|switch|p2a: Ogerpon|Ogerpon-Wellspring, F|100/100
|move|p1a: Kingambit|Iron Head|p2a: Ogerpon
|-resisted|p2a: Ogerpon
|-damage|p2a: Ogerpon|68/100
|
|upkeep
|turn|15
|
|t:|1778508758
|move|p2a: Ogerpon|Ivy Cudgel|p1a: Kingambit|[anim] Ivy Cudgel Water
|-damage|p1a: Kingambit|16/100
|move|p1a: Kingambit|Kowtow Cleave|p2a: Ogerpon
|-damage|p2a: Ogerpon|7/100
|
|upkeep
|turn|16
|
|t:|1778508764
|move|p2a: Ogerpon|Encore|p1a: Kingambit
|-start|p1a: Kingambit|Encore
|move|p1a: Kingambit|Kowtow Cleave|p2a: Ogerpon
|-damage|p2a: Ogerpon|0 fnt
|faint|p2a: Ogerpon
|
|upkeep
|
|t:|1778508774
|switch|p2a: Dragonite|Dragonite, M|100/100
|turn|17
|
|t:|1778508777
|move|p2a: Dragonite|Dragon Dance|p2a: Dragonite
|-boost|p2a: Dragonite|atk|1
|-boost|p2a: Dragonite|spe|1
|move|p1a: Kingambit|Kowtow Cleave|p2a: Dragonite
|-damage|p2a: Dragonite|72/100
|
|upkeep
|turn|18
|
|t:|1778508788
|move|p2a: Dragonite|Extreme Speed|p1a: Kingambit
|-resisted|p1a: Kingambit
|-damage|p1a: Kingambit|0 fnt
|faint|p1a: Kingambit
|
|upkeep
|
|t:|1778508793
|switch|p1a: Empoleon|Empoleon, M|100/100
|turn|19
|
|t:|1778508796
|move|p2a: Dragonite|Earthquake|p1a: Empoleon
|-supereffective|p1a: Empoleon
|-damage|p1a: Empoleon|0 fnt
|faint|p1a: Empoleon
|
|upkeep
|
|t:|1778508800
|switch|p1a: Serperior|Serperior, M|76/100
|turn|20
|
|t:|1778508804
|-terastallize|p2a: Dragonite|Normal
|move|p2a: Dragonite|Extreme Speed|p1a: Serperior
|-crit|p1a: Serperior
|-damage|p1a: Serperior|0 fnt
|faint|p1a: Serperior
|
|upkeep
|c|☆Billythekid95|crit again
|
|t:|1778508813
|switch|p1a: Enamorus|Enamorus, F|100/100
|turn|21
|
|t:|1778508816
|move|p2a: Dragonite|Extreme Speed|p1a: Enamorus
|-damage|p1a: Enamorus|0 fnt
|faint|p1a: Enamorus
|
|win|bigene
|raw|Billythekid95's rating: 1509 &rarr; <strong>1491</strong><br />(-18 for losing)
|raw|bigene's rating: 1544 &rarr; <strong>1562</strong><br />(+18 for winning)
|l|☆Billythekid95
|player|p1|
