|html|<div class="broadcast-blue"><strong>[Gen 9] OU is currently suspecting Tera Blast! For information on how to participate check out the <a href="https://www.smogon.com/tools/suspects/view/200">suspect thread</a>.</strong></div>
|j|☆KenjiShiguma
|j|☆MASTEROFALLCREATE
|t:|1776060810
|gametype|singles
|player|p1|KenjiShiguma|pokemonbreeder-gen4|1167
|player|p2|MASTEROFALLCREATE|pokefan-gen4|1126
|gen|9
|tier|[Gen 9] OU
|rated|
|rule|HP Percentage Mod: HP is shown in percentages
|rule|Endless Battle Clause: Forcing endless battles is banned
|rule|Species Clause: Limit one of each Pokémon
|rule|OHKO Clause: OHKO moves are banned
|rule|Evasion Items Clause: Evasion items are banned
|rule|Evasion Moves Clause: Evasion moves are banned
|rule|Evasion Abilities Clause: Evasion abilities are banned
|rule|Sleep Moves Clause: Sleep-inducing moves are banned
|clearpoke
|poke|p1|Zangoose, M|
|poke|p1|Squawkabilly, M|
|poke|p1|Dedenne, F|
|poke|p1|Masquerain, F|
|poke|p1|Breloom, M|
|poke|p1|Flareon, F|
|poke|p2|Rillaboom, M|
|poke|p2|Ambipom, F|
|poke|p2|Carbink|
|poke|p2|Bronzong|
|poke|p2|Eelektross, M|
|poke|p2|Tentacruel, F|
|teampreview
|
|t:|1776060817
|teamsize|p1|6
|teamsize|p2|6
|start
|switch|p1a: Masquerain|Masquerain, F|100/100
|switch|p2a: Ambipom|Ambipom, F|100/100
|-ability|p1a: Masquerain|Intimidate|boost
|-unboost|p2a: Ambipom|atk|1
|turn|1
|
|t:|1776060824
|switch|p1a: Breloom|Breloom, M|100/100
|move|p2a: Ambipom|Fake Out|p1a: Breloom
|-damage|p1a: Breloom|79/100
|-damage|p2a: Ambipom|91/100|[from] item: Life Orb
|
|upkeep
|turn|2
|
|t:|1776060842
|switch|p2a: Rillaboom|Rillaboom, M|100/100
|-fieldstart|move: Grassy Terrain|[from] ability: Grassy Surge|[of] p2a: Rillaboom
|move|p1a: Breloom|Leech Seed|p2a: Rillaboom
|-immune|p2a: Rillaboom
|
|-heal|p1a: Breloom|85/100|[from] Grassy Terrain
|upkeep
|turn|3
|
|t:|1776060868
|move|p2a: Rillaboom|U-turn|p1a: Breloom
|-damage|p1a: Breloom|53/100
|
|t:|1776060876
|switch|p2a: Tentacruel|Tentacruel, F|100/100|[from] U-turn
|move|p1a: Breloom|Poison Jab|p2a: Tentacruel
|-resisted|p2a: Tentacruel
|-damage|p2a: Tentacruel|85/100
|
|-heal|p2a: Tentacruel|91/100|[from] Grassy Terrain
|-heal|p2a: Tentacruel|97/100|[from] item: Black Sludge
|-heal|p1a: Breloom|59/100|[from] Grassy Terrain
|upkeep
|turn|4
|
|t:|1776060899
|switch|p1a: Flareon|Flareon, F|100/100
|move|p2a: Tentacruel|Sludge Wave|p1a: Flareon
|-damage|p1a: Flareon|74/100
|
|-heal|p2a: Tentacruel|100/100|[from] Grassy Terrain
|-heal|p1a: Flareon|80/100|[from] Grassy Terrain
|upkeep
|turn|5
|l|☆MASTEROFALLCREATE
|player|p2|
|j|☆MASTEROFALLCREATE
|player|p2|MASTEROFALLCREATE|pokefan-gen4|
|
|t:|1776060925
|move|p2a: Tentacruel|Surf|p1a: Flareon
|-supereffective|p1a: Flareon
|-damage|p1a: Flareon|33/100
|move|p1a: Flareon|Wish|p1a: Flareon
|
|-heal|p1a: Flareon|39/100|[from] Grassy Terrain
|upkeep
|turn|6
|
|t:|1776060933
|switch|p1a: Breloom|Breloom, M|59/100
|move|p2a: Tentacruel|Surf|p1a: Breloom
|-resisted|p1a: Breloom
|-damage|p1a: Breloom|30/100
|
|-heal|p1a: Breloom|82/100|[from] move: Wish|[wisher] Flareon
|-heal|p1a: Breloom|88/100|[from] Grassy Terrain
|-fieldend|move: Grassy Terrain
|upkeep
|turn|7
|
|t:|1776060950
|switch|p2a: Eelektross|Eelektross, M|100/100
|move|p1a: Breloom|Leech Seed|p2a: Eelektross
|-start|p2a: Eelektross|move: Leech Seed
|
|-damage|p2a: Eelektross|88/100|[from] Leech Seed|[of] p1a: Breloom
|-heal|p1a: Breloom|100/100|[silent]
|upkeep
|turn|8
|
|t:|1776060958
|move|p1a: Breloom|Substitute|p1a: Breloom
|-start|p1a: Breloom|Substitute
|-damage|p1a: Breloom|76/100
|move|p2a: Eelektross|U-turn|p1a: Breloom
|-activate|p1a: Breloom|move: Substitute|[damage]
|
|t:|1776060963
|switch|p2a: Ambipom|Ambipom, F|91/100|[from] U-turn
|
|upkeep
|turn|9
|
|t:|1776060968
|move|p2a: Ambipom|Triple Axel|p1a: Breloom
|-supereffective|p1a: Breloom
|-end|p1a: Breloom|Substitute
|-supereffective|p1a: Breloom
|-damage|p1a: Breloom|31/100
|-supereffective|p1a: Breloom
|-damage|p1a: Breloom|0 fnt
|faint|p1a: Breloom
|-hitcount|p1: Breloom|3
|-damage|p2a: Ambipom|81/100|[from] item: Life Orb
|
|upkeep
|
|t:|1776060981
|switch|p1a: Squawkabilly|Squawkabilly, M|100/100
|turn|10
|
|t:|1776060986
|move|p1a: Squawkabilly|Quick Attack|p2a: Ambipom
|-damage|p2a: Ambipom|53/100
|move|p2a: Ambipom|Triple Axel|p1a: Squawkabilly
|-supereffective|p1a: Squawkabilly
|-damage|p1a: Squawkabilly|55/100
|-supereffective|p1a: Squawkabilly
|-damage|p1a: Squawkabilly|0 fnt
|faint|p1a: Squawkabilly
|-hitcount|p1: Squawkabilly|2
|-damage|p2a: Ambipom|43/100|[from] item: Life Orb
|
|upkeep
|
|t:|1776060997
|switch|p1a: Zangoose|Zangoose, M|100/100
|turn|11
|
|t:|1776061001
|move|p1a: Zangoose|Quick Attack|p2a: Ambipom
|-damage|p2a: Ambipom|13/100
|move|p2a: Ambipom|Triple Axel|p1a: Zangoose
|-damage|p1a: Zangoose|80/100
|-damage|p1a: Zangoose|38/100
|-damage|p1a: Zangoose|0 fnt
|faint|p1a: Zangoose
|-hitcount|p1: Zangoose|3
|-damage|p2a: Ambipom|3/100|[from] item: Life Orb
|
|upkeep
|
|t:|1776061012
|switch|p1a: Dedenne|Dedenne, F|100/100
|turn|12
|
|t:|1776061024
|switch|p2a: Eelektross|Eelektross, M|88/100
|move|p1a: Dedenne|Nuzzle|p2a: Eelektross
|-resisted|p2a: Eelektross
|-damage|p2a: Eelektross|86/100
|
|upkeep
|turn|13
|
|t:|1776061034
|move|p1a: Dedenne|Super Fang|p2a: Eelektross
|-damage|p2a: Eelektross|43/100
|move|p2a: Eelektross|Flamethrower|p1a: Dedenne
|-damage|p1a: Dedenne|71/100
|
|upkeep
|turn|14
|
|t:|1776061040
|move|p1a: Dedenne|Draining Kiss|p2a: Eelektross
|-damage|p2a: Eelektross|28/100
|-heal|p1a: Dedenne|81/100|[from] drain|[of] p2a: Eelektross
|move|p2a: Eelektross|U-turn|p1a: Dedenne
|-resisted|p1a: Dedenne
|-damage|p1a: Dedenne|65/100
|
|t:|1776061048
|switch|p2a: Tentacruel|Tentacruel, F|100/100|[from] U-turn
|
|upkeep
|turn|15
|
|t:|1776061052
|move|p2a: Tentacruel|Sludge Wave|p1a: Dedenne
|-supereffective|p1a: Dedenne
|-damage|p1a: Dedenne|0 fnt
|faint|p1a: Dedenne
|
|upkeep
|
|t:|1776061057
|switch|p1a: Masquerain|Masquerain, F|100/100
|-ability|p1a: Masquerain|Intimidate|boost
|-unboost|p2a: Tentacruel|atk|1
|turn|16
|
|t:|1776061061
|move|p1a: Masquerain|Quiver Dance|p1a: Masquerain
|-boost|p1a: Masquerain|spa|1
|-boost|p1a: Masquerain|spd|1
|-boost|p1a: Masquerain|spe|1
|move|p2a: Tentacruel|Ice Beam|p1a: Masquerain
|-supereffective|p1a: Masquerain
|-damage|p1a: Masquerain|55/100
|
|upkeep
|turn|17
|
|t:|1776061071
|-terastallize|p1a: Masquerain|Ice
|move|p1a: Masquerain|Quiver Dance|p1a: Masquerain
|-boost|p1a: Masquerain|spa|1
|-boost|p1a: Masquerain|spd|1
|-boost|p1a: Masquerain|spe|1
|move|p2a: Tentacruel|Ice Beam|p1a: Masquerain
|-resisted|p1a: Masquerain
|-damage|p1a: Masquerain|46/100
|
|upkeep
|turn|18
|
|t:|1776061081
|move|p1a: Masquerain|Bug Buzz|p2a: Tentacruel
|-resisted|p2a: Tentacruel
|-damage|p2a: Tentacruel|66/100
|move|p2a: Tentacruel|Sludge Wave|p1a: Masquerain
|-damage|p1a: Masquerain|20/100
|
|-heal|p2a: Tentacruel|72/100|[from] item: Black Sludge
|upkeep
|turn|19
|
|t:|1776061089
|move|p1a: Masquerain|Bug Buzz|p2a: Tentacruel
|-resisted|p2a: Tentacruel
|-damage|p2a: Tentacruel|37/100
|move|p2a: Tentacruel|Sludge Wave|p1a: Masquerain
|-damage|p1a: Masquerain|0 fnt
|faint|p1a: Masquerain
|
|-heal|p2a: Tentacruel|43/100|[from] item: Black Sludge
|upkeep
|
|t:|1776061099
|switch|p1a: Flareon|Flareon, F|39/100
|turn|20
|
|t:|1776061102
|move|p2a: Tentacruel|Surf|p1a: Flareon
|-supereffective|p1a: Flareon
|-damage|p1a: Flareon|0 fnt
|faint|p1a: Flareon
|
|win|MASTEROFALLCREATE
|raw|KenjiShiguma's rating: 1167 &rarr; <strong>1139</strong><br />(-28 for losing)
|raw|MASTEROFALLCREATE's rating: 1126 &rarr; <strong>1154</strong><br />(+28 for winning)
|l|☆MASTEROFALLCREATE
|player|p2|
|l|☆KenjiShiguma
|player|p1|
