|html|<div class="broadcast-blue"><strong>[Gen 9] OU is currently suspecting Tera Blast! For information on how to participate check out the <a href="https://www.smogon.com/tools/suspects/view/200">suspect thread</a>.</strong></div>
|j|☆chijk
|j|‽Rosedark_twt
|t:|1776215878
|gametype|singles
|player|p1|chijk|1|1449
|player|p2|Rosedark_twt|corbeau|1437
|gen|9
|tier|[Gen 9] OU
|rated|
|rule|HP Percentage Mod: HP is shown in percentages
|rule|Endless Battle Clause: Forcing endless battles is banned
|rule|Species Clause: Limit one of each Pokémon
|rule|OHKO Clause: OHKO moves are banned
|rule|Evasion Items Clause: Evasion items are banned
|rule|Evasion Moves Clause: Evasion moves are banned
|rule|Evasion Abilities Clause: Evasion abilities are banned
|rule|Sleep Moves Clause: Sleep-inducing moves are banned
|clearpoke
|poke|p1|Hatterene, F|
|poke|p1|Ursaluna, M|
|poke|p1|Porygon2|
|poke|p1|Cresselia, F|
|poke|p1|Iron Hands|
|poke|p1|Volcanion|
|poke|p2|Gholdengo|
|poke|p2|Darkrai|
|poke|p2|Clefable, F|
|poke|p2|Ting-Lu|
|poke|p2|Dragonite, F|
|poke|p2|Pecharunt|
|teampreview
|
|t:|1776215899
|teamsize|p1|6
|teamsize|p2|6
|start
|switch|p1a: Saturn|Volcanion|100/100
|switch|p2a: Ting-Lu|Ting-Lu|100/100
|-ability|p2a: Ting-Lu|Vessel of Ruin
|turn|1
|
|t:|1776215917
|-terastallize|p1a: Saturn|Water
|move|p1a: Saturn|Steam Eruption|p2a: Ting-Lu
|-supereffective|p2a: Ting-Lu
|-damage|p2a: Ting-Lu|0 fnt
|faint|p2a: Ting-Lu
|
|upkeep
|
|t:|1776215932
|switch|p2a: Clefable|Clefable, F|100/100
|turn|2
|
|t:|1776215941
|move|p2a: Clefable|Calm Mind|p2a: Clefable
|-boost|p2a: Clefable|spa|1
|-boost|p2a: Clefable|spd|1
|move|p1a: Saturn|Steam Eruption|p2a: Clefable|[miss]
|-miss|p1a: Saturn|p2a: Clefable
|
|upkeep
|turn|3
|inactive|Battle timer is ON: inactive players will automatically lose when time's up. (requested by Rosedark_twt)
|
|t:|1776215948
|move|p2a: Clefable|Calm Mind|p2a: Clefable
|-boost|p2a: Clefable|spa|1
|-boost|p2a: Clefable|spd|1
|move|p1a: Saturn|Steam Eruption|p2a: Clefable
|-damage|p2a: Clefable|38/100
|-status|p2a: Clefable|brn
|
|upkeep
|turn|4
|
|t:|1776215971
|switch|p1a: Miller|Cresselia, F, shiny|100/100
|move|p2a: Clefable|Moonblast|p1a: Miller
|-damage|p1a: Miller|44/100
|-unboost|p1a: Miller|spa|1
|
|upkeep
|turn|5
|
|t:|1776215978
|move|p2a: Clefable|Moonlight|p2a: Clefable
|-heal|p2a: Clefable|88/100 brn
|move|p1a: Miller|Trick Room|p1a: Miller
|-fieldstart|move: Trick Room|[of] p1a: Miller
|
|upkeep
|turn|6
|
|t:|1776215990
|move|p1a: Miller|Lunar Dance|p1a: Miller
|faint|p1a: Miller
|move|p2a: Clefable|Moonblast|p1: Miller|[notarget]
|-fail|p2a: Clefable
|
|upkeep
|
|t:|1776215999
|switch|p1a: Mann|Ursaluna, M|100/100
|turn|7
|
|t:|1776216012
|move|p1a: Mann|Protect|p1a: Mann
|-singleturn|p1a: Mann|Protect
|move|p2a: Clefable|Moonblast|p1a: Mann
|-activate|p1a: Mann|move: Protect
|
|-status|p1a: Mann|brn|[from] item: Flame Orb
|upkeep
|turn|8
|
|t:|1776216021
|move|p1a: Mann|Facade|p2a: Clefable
|-damage|p2a: Clefable|0 fnt
|faint|p2a: Clefable
|
|-damage|p1a: Mann|94/100 brn|[from] brn
|upkeep
|
|t:|1776216026
|switch|p2a: Pecharunt|Pecharunt|100/100
|turn|9
|
|t:|1776216046
|switch|p2a: Dragonite|Dragonite, F, shiny|100/100
|move|p1a: Mann|Headlong Rush|p2a: Dragonite
|-immune|p2a: Dragonite
|
|-damage|p1a: Mann|88/100 brn|[from] brn
|-fieldend|move: Trick Room
|upkeep
|turn|10
|
|t:|1776216062
|move|p2a: Dragonite|Dragon Dance|p2a: Dragonite
|-boost|p2a: Dragonite|atk|1
|-boost|p2a: Dragonite|spe|1
|move|p1a: Mann|Facade|p2a: Dragonite
|-damage|p2a: Dragonite|31/100
|
|-damage|p1a: Mann|82/100 brn|[from] brn
|upkeep
|turn|11
|
|t:|1776216075
|move|p2a: Dragonite|Extreme Speed|p1a: Mann
|-damage|p1a: Mann|50/100 brn
|move|p1a: Mann|Fire Punch|p2a: Dragonite
|-resisted|p2a: Dragonite
|-damage|p2a: Dragonite|8/100
|-status|p2a: Dragonite|brn
|
|-damage|p2a: Dragonite|1/100 brn|[from] brn
|-damage|p1a: Mann|44/100 brn|[from] brn
|upkeep
|turn|12
|
|t:|1776216085
|switch|p1a: Brand|Hatterene, F, shiny|100/100
|move|p2a: Dragonite|Extreme Speed|p1a: Brand
|-damage|p1a: Brand|73/100
|
|-damage|p2a: Dragonite|0 fnt|[from] brn
|faint|p2a: Dragonite
|upkeep
|
|t:|1776216093
|switch|p2a: Gholdengo|Gholdengo|100/100
|turn|13
|
|t:|1776216107
|switch|p1a: Saturn|Volcanion, tera:Water|100/100
|-heal|p1a: Saturn|100/100|[from] move: Lunar Dance
|move|p2a: Gholdengo|Make It Rain|p1a: Saturn
|-resisted|p1a: Saturn
|-damage|p1a: Saturn|70/100
|-unboost|p2a: Gholdengo|spa|1
|
|upkeep
|turn|14
|
|t:|1776216121
|switch|p2a: Pecharunt|Pecharunt|100/100
|move|p1a: Saturn|Steam Eruption|p2a: Pecharunt|[miss]
|-miss|p1a: Saturn|p2a: Pecharunt
|
|upkeep
|turn|15
|
|t:|1776216129
|move|p2a: Pecharunt|Malignant Chain|p1a: Saturn
|-damage|p1a: Saturn|36/100
|-status|p1a: Saturn|tox
|-start|p1a: Saturn|confusion|[from] ability: Poison Puppeteer|[of] p2a: Pecharunt
|-activate|p1a: Saturn|confusion
|-damage|p1a: Saturn|30/100 tox|[from] confusion
|
|-damage|p1a: Saturn|24/100 tox|[from] psn
|upkeep
|turn|16
|
|t:|1776216155
|switch|p1a: TARS|Porygon2|100/100
|-ability|p1a: TARS|Download|boost
|-boost|p1a: TARS|spa|1
|move|p2a: Pecharunt|Nasty Plot|p2a: Pecharunt
|-boost|p2a: Pecharunt|spa|2
|
|upkeep
|turn|17
|
|t:|1776216167
|move|p2a: Pecharunt|Malignant Chain|p1a: TARS
|-damage|p1a: TARS|63/100
|-status|p1a: TARS|tox
|-start|p1a: TARS|confusion|[from] ability: Poison Puppeteer|[of] p2a: Pecharunt
|-activate|p1a: TARS|confusion
|-damage|p1a: TARS|55/100 tox|[from] confusion
|
|-damage|p1a: TARS|49/100 tox|[from] psn
|upkeep
|turn|18
|
|t:|1776216177
|move|p2a: Pecharunt|Malignant Chain|p1a: TARS
|-damage|p1a: TARS|8/100 tox
|-activate|p1a: TARS|confusion
|-damage|p1a: TARS|0 fnt|[from] confusion
|faint|p1a: TARS
|
|upkeep
|
|t:|1776216188
|switch|p1a: Mann|Ursaluna, M|44/100 brn
|turn|19
|
|t:|1776216196
|-terastallize|p2a: Pecharunt|Ghost
|move|p2a: Pecharunt|Malignant Chain|p1a: Mann
|-resisted|p1a: Mann
|-damage|p1a: Mann|16/100 brn
|move|p1a: Mann|Headlong Rush|p2a: Pecharunt
|-damage|p2a: Pecharunt|31/100
|-unboost|p1a: Mann|def|1
|-unboost|p1a: Mann|spd|1
|
|-damage|p1a: Mann|10/100 brn|[from] brn
|upkeep
|turn|20
|
|t:|1776216208
|move|p2a: Pecharunt|Malignant Chain|p1a: Mann
|-resisted|p1a: Mann
|-damage|p1a: Mann|0 fnt
|faint|p1a: Mann
|
|upkeep
|
|t:|1776216214
|switch|p1a: CASE|Iron Hands|100/100
|-enditem|p1a: CASE|Booster Energy
|-activate|p1a: CASE|ability: Quark Drive|[fromitem]
|-start|p1a: CASE|quarkdriveatk
|turn|21
|
|t:|1776216219
|move|p2a: Pecharunt|Malignant Chain|p1a: CASE
|-damage|p1a: CASE|42/100
|-status|p1a: CASE|tox
|-start|p1a: CASE|confusion|[from] ability: Poison Puppeteer|[of] p2a: Pecharunt
|-activate|p1a: CASE|confusion
|-damage|p1a: CASE|31/100 tox|[from] confusion
|
|-damage|p1a: CASE|25/100 tox|[from] psn
|upkeep
|turn|22
|
|t:|1776216231
|move|p2a: Pecharunt|Shadow Ball|p1a: CASE
|-damage|p1a: CASE|0 fnt
|faint|p1a: CASE
|-end|p1a: CASE|Quark Drive|[silent]
|
|upkeep
|-message|chijk forfeited.
|
|win|Rosedark_twt
|raw|chijk's rating: 1449 &rarr; <strong>1428</strong><br />(-21 for losing)
|raw|Rosedark_twt's rating: 1437 &rarr; <strong>1458</strong><br />(+21 for winning)
|l|☆chijk
|player|p1|
