|html|<div class="broadcast-blue"><strong>[Gen 9] OU is currently suspecting Tera Blast! For information on how to participate check out the <a href="https://www.smogon.com/tools/suspects/view/200">suspect thread</a>.</strong></div>
|j|☆TheRegisAreCool
|j|☆ensyde
|t:|1776218550
|gametype|singles
|player|p1|TheRegisAreCool|fisherman-gen4|1188
|player|p2|ensyde|burglar|1256
|gen|9
|tier|[Gen 9] OU
|rated|
|rule|HP Percentage Mod: HP is shown in percentages
|rule|Endless Battle Clause: Forcing endless battles is banned
|rule|Species Clause: Limit one of each Pokémon
|rule|OHKO Clause: OHKO moves are banned
|rule|Evasion Items Clause: Evasion items are banned
|rule|Evasion Moves Clause: Evasion moves are banned
|rule|Evasion Abilities Clause: Evasion abilities are banned
|rule|Sleep Moves Clause: Sleep-inducing moves are banned
|clearpoke
|poke|p1|Conkeldurr, M|
|poke|p1|Iron Moth|
|poke|p1|Glimmora, M|
|poke|p1|Kommo-o, M|
|poke|p1|Samurott-Hisui, M|
|poke|p1|Donphan, F|
|poke|p2|Blaziken, M|
|poke|p2|Ninetales, F|
|poke|p2|Weezing-Galar, F|
|poke|p2|Cinderace, F|
|poke|p2|Ceruledge, M|
|poke|p2|Raging Bolt|
|teampreview
|inactive|Battle timer is ON: inactive players will automatically lose when time's up. (requested by ensyde)
|inactive|TheRegisAreCool has 120 seconds left.
|
|t:|1776218595
|teamsize|p1|6
|teamsize|p2|6
|start
|switch|p1a: Samurott|Samurott-Hisui, M|100/100
|switch|p2a: sukuna|Raging Bolt|100/100
|-enditem|p2a: sukuna|Booster Energy
|-activate|p2a: sukuna|ability: Protosynthesis|[fromitem]
|-start|p2a: sukuna|protosynthesisspa
|turn|1
|
|t:|1776218602
|switch|p1a: Donphan|Donphan, F|100/100
|move|p2a: sukuna|Calm Mind|p2a: sukuna
|-boost|p2a: sukuna|spa|1
|-boost|p2a: sukuna|spd|1
|
|upkeep
|turn|2
|
|t:|1776218605
|-terastallize|p2a: sukuna|Flying
|move|p2a: sukuna|Calm Mind|p2a: sukuna
|-boost|p2a: sukuna|spa|1
|-boost|p2a: sukuna|spd|1
|move|p1a: Donphan|Earthquake|p2a: sukuna
|-immune|p2a: sukuna
|
|upkeep
|turn|3
|c|☆ensyde|who knows really...
|
|t:|1776218613
|move|p1a: Donphan|Ice Shard|p2a: sukuna
|-supereffective|p2a: sukuna
|-damage|p2a: sukuna|76/100
|move|p2a: sukuna|Tera Blast|p1a: Donphan|[anim] Tera Blast Flying
|-ability|p1a: Donphan|Sturdy
|-damage|p1a: Donphan|1/100
|
|upkeep
|turn|4
|
|t:|1776218617
|move|p1a: Donphan|Ice Shard|p2a: sukuna
|-supereffective|p2a: sukuna
|-damage|p2a: sukuna|54/100
|move|p2a: sukuna|Tera Blast|p1a: Donphan|[anim] Tera Blast Flying
|-damage|p1a: Donphan|0 fnt
|faint|p1a: Donphan
|
|upkeep
|
|t:|1776218627
|switch|p1a: Glimmora|Glimmora, M|100/100
|turn|5
|
|t:|1776218632
|move|p2a: sukuna|Thunderclap|p1a: Glimmora
|-enditem|p1a: Glimmora|Focus Sash
|-damage|p1a: Glimmora|1/100
|move|p1a: Glimmora|Power Gem|p2a: sukuna
|-supereffective|p2a: sukuna
|-damage|p2a: sukuna|22/100
|
|upkeep
|turn|6
|
|t:|1776218646
|move|p2a: sukuna|Thunderclap|p1a: Glimmora
|-damage|p1a: Glimmora|0 fnt
|faint|p1a: Glimmora
|
|upkeep
|
|t:|1776218649
|switch|p1a: Iron Moth|Iron Moth|100/100
|-enditem|p1a: Iron Moth|Booster Energy
|-activate|p1a: Iron Moth|ability: Quark Drive|[fromitem]
|-start|p1a: Iron Moth|quarkdrivespe
|turn|7
|
|t:|1776218654
|move|p1a: Iron Moth|Fiery Dance|p2a: sukuna
|-damage|p2a: sukuna|4/100
|-boost|p1a: Iron Moth|spa|1
|move|p2a: sukuna|Dragon Pulse|p1a: Iron Moth
|-damage|p1a: Iron Moth|0 fnt
|faint|p1a: Iron Moth
|-end|p1a: Iron Moth|Quark Drive|[silent]
|
|upkeep
|-message|TheRegisAreCool forfeited.
|
|win|ensyde
|raw|TheRegisAreCool's rating: 1188 &rarr; <strong>1168</strong><br />(-20 for losing)
|raw|ensyde's rating: 1256 &rarr; <strong>1276</strong><br />(+20 for winning)
