|html|<div class="broadcast-blue"><strong>[Gen 9] OU is currently suspecting Tera Blast! For information on how to participate check out the <a href="https://www.smogon.com/tools/suspects/view/200">suspect thread</a>.</strong></div>
|j|☆saitama_kebab
|j|☆Luleser
|t:|1776197919
|gametype|singles
|player|p1|saitama_kebab|colress|1338
|player|p2|Luleser|265|1334
|gen|9
|tier|[Gen 9] OU
|rated|
|rule|HP Percentage Mod: HP is shown in percentages
|rule|Endless Battle Clause: Forcing endless battles is banned
|rule|Species Clause: Limit one of each Pokémon
|rule|OHKO Clause: OHKO moves are banned
|rule|Evasion Items Clause: Evasion items are banned
|rule|Evasion Moves Clause: Evasion moves are banned
|rule|Evasion Abilities Clause: Evasion abilities are banned
|rule|Sleep Moves Clause: Sleep-inducing moves are banned
|clearpoke
|poke|p1|Iron Moth|
|poke|p1|Kingambit, M|
|poke|p1|Dragonite, F|
|poke|p1|Ogerpon-Cornerstone, F|
|poke|p1|Iron Valiant|
|poke|p1|Raging Bolt|
|poke|p2|Moltres|
|poke|p2|Scizor, F|
|poke|p2|Walking Wake|
|poke|p2|Great Tusk|
|poke|p2|Chansey, F|
|poke|p2|Rotom-Wash|
|teampreview
|
|t:|1776197937
|teamsize|p1|6
|teamsize|p2|6
|start
|switch|p1a: Ogerpon|Ogerpon-Cornerstone, F|100/100
|switch|p2a: Rotom|Rotom-Wash|100/100
|turn|1
|
|t:|1776197964
|switch|p1a: Raging Bolt|Raging Bolt|100/100
|-enditem|p1a: Raging Bolt|Booster Energy
|-activate|p1a: Raging Bolt|ability: Protosynthesis|[fromitem]
|-start|p1a: Raging Bolt|protosynthesisspa
|-terastallize|p2a: Rotom|Electric
|move|p2a: Rotom|Reflect|p2a: Rotom
|-sidestart|p2: Luleser|Reflect
|
|upkeep
|turn|2
|inactive|Battle timer is ON: inactive players will automatically lose when time's up. (requested by Luleser)
|
|t:|1776197984
|move|p1a: Raging Bolt|Calm Mind|p1a: Raging Bolt
|-boost|p1a: Raging Bolt|spa|1
|-boost|p1a: Raging Bolt|spd|1
|move|p2a: Rotom|Light Screen|p2a: Rotom
|-sidestart|p2: Luleser|move: Light Screen
|
|upkeep
|turn|3
|
|t:|1776197990
|move|p1a: Raging Bolt|Calm Mind|p1a: Raging Bolt
|-boost|p1a: Raging Bolt|spa|1
|-boost|p1a: Raging Bolt|spd|1
|move|p2a: Rotom|Volt Switch|p1a: Raging Bolt
|-resisted|p1a: Raging Bolt
|-damage|p1a: Raging Bolt|96/100
|
|t:|1776198006
|switch|p2a: Chansey|Chansey, F|100/100|[from] Volt Switch
|
|upkeep
|turn|4
|
|t:|1776198024
|move|p1a: Raging Bolt|Thunderbolt|p2a: Chansey
|-damage|p2a: Chansey|78/100
|move|p2a: Chansey|Seismic Toss|p1a: Raging Bolt
|-damage|p1a: Raging Bolt|71/100
|
|upkeep
|turn|5
|
|t:|1776198048
|-end|p1a: Raging Bolt|Protosynthesis|[silent]
|switch|p1a: Iron Valiant|Iron Valiant|100/100
|-enditem|p1a: Iron Valiant|Booster Energy
|-activate|p1a: Iron Valiant|ability: Quark Drive|[fromitem]
|-start|p1a: Iron Valiant|quarkdrivespe
|move|p2a: Chansey|Seismic Toss|p1a: Iron Valiant
|-damage|p1a: Iron Valiant|66/100
|
|upkeep
|turn|6
|inactive|saitama_kebab has 120 seconds left.
|
|t:|1776198076
|switch|p2a: Scizor|Scizor, F|100/100
|move|p1a: Iron Valiant|Close Combat|p2a: Scizor
|-damage|p2a: Scizor|69/100
|-unboost|p1a: Iron Valiant|def|1
|-unboost|p1a: Iron Valiant|spd|1
|
|upkeep
|turn|7
|
|t:|1776198091
|move|p1a: Iron Valiant|Close Combat|p2a: Scizor
|-crit|p2a: Scizor
|-damage|p2a: Scizor|0 fnt
|-unboost|p1a: Iron Valiant|def|1
|-unboost|p1a: Iron Valiant|spd|1
|faint|p2a: Scizor
|
|upkeep
|c|☆Luleser|cool
|
|t:|1776198112
|switch|p2a: Great Tusk|Great Tusk|100/100
|turn|8
|inactive|saitama_kebab has 120 seconds left.
|
|t:|1776198121
|move|p1a: Iron Valiant|Destiny Bond|p1a: Iron Valiant
|-singlemove|p1a: Iron Valiant|Destiny Bond
|move|p2a: Great Tusk|Close Combat|p1a: Iron Valiant
|-resisted|p1a: Iron Valiant
|-damage|p1a: Iron Valiant|0 fnt
|-unboost|p2a: Great Tusk|def|1
|-unboost|p2a: Great Tusk|spd|1
|faint|p1a: Iron Valiant
|-activate|p1a: Iron Valiant|move: Destiny Bond
|-end|p1a: Iron Valiant|Quark Drive|[silent]
|faint|p2a: Great Tusk
|-end|p2a: Great Tusk|Protosynthesis|[silent]
|
|-sideend|p2: Luleser|Reflect
|upkeep
|inactive|saitama_kebab has 120 seconds left.
|c|☆Luleser|yaaaaaaaay
|inactive|saitama_kebab has 90 seconds left.
|
|t:|1776198158
|switch|p1a: Dragonite|Dragonite, F|100/100
|switch|p2a: Rotom|Rotom-Wash, tera:Electric|100/100
|turn|9
|inactive|saitama_kebab has 90 seconds left.
|
|t:|1776198178
|switch|p1a: Iron Moth|Iron Moth|100/100
|-enditem|p1a: Iron Moth|Booster Energy
|-activate|p1a: Iron Moth|ability: Quark Drive|[fromitem]
|-start|p1a: Iron Moth|quarkdrivespe
|move|p2a: Rotom|Reflect|p2a: Rotom
|-sidestart|p2: Luleser|Reflect
|
|-sideend|p2: Luleser|move: Light Screen
|upkeep
|turn|10
|inactive|saitama_kebab has 90 seconds left.
|
|t:|1776198192
|move|p1a: Iron Moth|Fiery Dance|p2a: Rotom
|-damage|p2a: Rotom|54/100
|move|p2a: Rotom|Light Screen|p2a: Rotom
|-sidestart|p2: Luleser|move: Light Screen
|
|upkeep
|turn|11
|inactive|saitama_kebab has 90 seconds left.
|
|t:|1776198203
|move|p1a: Iron Moth|Fiery Dance|p2a: Rotom
|-damage|p2a: Rotom|31/100
|move|p2a: Rotom|Volt Switch|p1a: Iron Moth
|-damage|p1a: Iron Moth|61/100
|
|t:|1776198211
|switch|p2a: Walking Wake|Walking Wake|100/100|[from] Volt Switch
|
|upkeep
|turn|12
|inactive|saitama_kebab has 90 seconds left.
|
|t:|1776198241
|-end|p1a: Iron Moth|Quark Drive|[silent]
|switch|p1a: Raging Bolt|Raging Bolt|71/100
|move|p2a: Walking Wake|Scald|p1a: Raging Bolt
|-resisted|p1a: Raging Bolt
|-damage|p1a: Raging Bolt|54/100
|
|upkeep
|turn|13
|
|t:|1776198265
|move|p2a: Walking Wake|Dragon Pulse|p1a: Raging Bolt
|-supereffective|p1a: Raging Bolt
|-damage|p1a: Raging Bolt|0 fnt
|faint|p1a: Raging Bolt
|-end|p1a: Raging Bolt|Protosynthesis|[silent]
|
|upkeep
|inactive|saitama_kebab has 60 seconds left.
|
|t:|1776198295
|switch|p1a: Ogerpon|Ogerpon-Cornerstone, F|100/100
|turn|14
|
|t:|1776198304
|move|p1a: Ogerpon|Power Whip|p2a: Walking Wake
|-damage|p2a: Walking Wake|60/100
|move|p2a: Walking Wake|Scald|p1a: Ogerpon
|-damage|p1a: Ogerpon|55/100
|
|upkeep
|turn|15
|inactive|saitama_kebab has 60 seconds left.
|
|t:|1776198319
|move|p1a: Ogerpon|Power Whip|p2a: Walking Wake
|-damage|p2a: Walking Wake|24/100
|move|p2a: Walking Wake|Scald|p1a: Ogerpon
|-damage|p1a: Ogerpon|8/100
|
|upkeep
|turn|16
|
|t:|1776198335
|move|p1a: Ogerpon|Power Whip|p2a: Walking Wake
|-damage|p2a: Walking Wake|0 fnt
|faint|p2a: Walking Wake
|-end|p2a: Walking Wake|Protosynthesis|[silent]
|
|-sideend|p2: Luleser|Reflect
|upkeep
|
|t:|1776198341
|switch|p2a: Rotom|Rotom-Wash, tera:Electric|31/100
|turn|17
|
|t:|1776198353
|move|p1a: Ogerpon|Ivy Cudgel|p2a: Rotom|[anim] Ivy Cudgel Rock
|-damage|p2a: Rotom|0 fnt
|faint|p2a: Rotom
|
|-sideend|p2: Luleser|move: Light Screen
|upkeep
|
|t:|1776198359
|switch|p2a: Chansey|Chansey, F|78/100
|turn|18
|
|t:|1776198366
|move|p1a: Ogerpon|Ivy Cudgel|p2a: Chansey|[anim] Ivy Cudgel Rock
|-damage|p2a: Chansey|42/100
|move|p2a: Chansey|Seismic Toss|p1a: Ogerpon
|-damage|p1a: Ogerpon|0 fnt
|faint|p1a: Ogerpon
|
|upkeep
|inactive|saitama_kebab has 90 seconds left.
|
|t:|1776198388
|switch|p1a: Iron Moth|Iron Moth|61/100
|turn|19
|
|t:|1776198395
|move|p1a: Iron Moth|Fiery Dance|p2a: Chansey
|-damage|p2a: Chansey|29/100
|-boost|p1a: Iron Moth|spa|1
|move|p2a: Chansey|Seismic Toss|p1a: Iron Moth
|-damage|p1a: Iron Moth|28/100
|
|upkeep
|turn|20
|inactive|saitama_kebab has 90 seconds left.
|
|t:|1776198404
|move|p1a: Iron Moth|Fiery Dance|p2a: Chansey
|-damage|p2a: Chansey|9/100
|-boost|p1a: Iron Moth|spa|1
|move|p2a: Chansey|Soft-Boiled|p2a: Chansey
|-heal|p2a: Chansey|59/100
|
|upkeep
|turn|21
|inactive|saitama_kebab has 90 seconds left.
|
|t:|1776198419
|move|p1a: Iron Moth|Fiery Dance|p2a: Chansey
|-damage|p2a: Chansey|33/100
|move|p2a: Chansey|Thunder Wave|p1a: Iron Moth
|-status|p1a: Iron Moth|par
|
|upkeep
|turn|22
|inactive|saitama_kebab has 90 seconds left.
|
|t:|1776198425
|move|p1a: Iron Moth|Fiery Dance|p2a: Chansey
|-damage|p2a: Chansey|7/100
|-boost|p1a: Iron Moth|spa|1
|move|p2a: Chansey|Soft-Boiled|p2a: Chansey
|-heal|p2a: Chansey|57/100
|
|upkeep
|turn|23
|
|t:|1776198434
|move|p1a: Iron Moth|Fiery Dance|p2a: Chansey
|-damage|p2a: Chansey|25/100
|-boost|p1a: Iron Moth|spa|1
|move|p2a: Chansey|Soft-Boiled|p2a: Chansey
|-heal|p2a: Chansey|75/100
|
|upkeep
|turn|24
|
|t:|1776198444
|move|p1a: Iron Moth|Sludge Wave|p2a: Chansey
|-damage|p2a: Chansey|28/100
|move|p2a: Chansey|Seismic Toss|p1a: Iron Moth
|-damage|p1a: Iron Moth|0 fnt
|faint|p1a: Iron Moth
|-end|p1a: Iron Moth|Quark Drive|[silent]
|
|upkeep
|c|☆Luleser|dam
|c|☆Luleser|para don't exist anymore
|
|t:|1776198456
|switch|p1a: Dragonite|Dragonite, F|100/100
|turn|25
|inactive|saitama_kebab has 90 seconds left.
|
|t:|1776198484
|move|p1a: Dragonite|Dragon Dance|p1a: Dragonite
|-boost|p1a: Dragonite|atk|1
|-boost|p1a: Dragonite|spe|1
|move|p2a: Chansey|Thunder Wave|p1a: Dragonite
|-status|p1a: Dragonite|par
|
|upkeep
|turn|26
|
|t:|1776198493
|move|p1a: Dragonite|Dragon Dance|p1a: Dragonite
|-boost|p1a: Dragonite|atk|1
|-boost|p1a: Dragonite|spe|1
|move|p2a: Chansey|Chilling Water|p1a: Dragonite
|-resisted|p1a: Dragonite
|-damage|p1a: Dragonite|99/100 par
|-unboost|p1a: Dragonite|atk|1
|
|upkeep
|turn|27
|inactive|saitama_kebab has 90 seconds left.
|
|t:|1776198501
|-terastallize|p1a: Dragonite|Flying
|move|p1a: Dragonite|Tera Blast|p2a: Chansey|[anim] Tera Blast Flying
|-damage|p2a: Chansey|0 fnt
|faint|p2a: Chansey
|
|upkeep
|
|t:|1776198507
|switch|p2a: Moltres|Moltres|100/100
|turn|28
|
|t:|1776198513
|move|p1a: Dragonite|Tera Blast|p2a: Moltres|[anim] Tera Blast Flying
|-damage|p2a: Moltres|12/100
|move|p2a: Moltres|Flamethrower|p1a: Dragonite
|-damage|p1a: Dragonite|15/100 par
|
|upkeep
|turn|29
|c|☆Luleser|dam
|
|t:|1776198522
|move|p1a: Dragonite|Extreme Speed|p2a: Moltres
|-damage|p2a: Moltres|0 fnt
|faint|p2a: Moltres
|
|win|saitama_kebab
|raw|saitama_kebab's rating: 1338 &rarr; <strong>1358</strong><br />(+20 for winning)
|raw|Luleser's rating: 1334 &rarr; <strong>1314</strong><br />(-20 for losing)
|c|☆Luleser|gg wp
