|html|<div class="broadcast-blue"><strong>[Gen 9] OU is currently suspecting Tera Blast! For information on how to participate check out the <a href="https://www.smogon.com/tools/suspects/view/200">suspect thread</a>.</strong></div>
|j|☆raxu99
|j|☆Icoss31
|t:|1776081799
|gametype|singles
|player|p1|raxu99|266|1336
|player|p2|Icoss31|dragontamer|1332
|gen|9
|tier|[Gen 9] OU
|rated|
|rule|HP Percentage Mod: HP is shown in percentages
|rule|Endless Battle Clause: Forcing endless battles is banned
|rule|Species Clause: Limit one of each Pokémon
|rule|OHKO Clause: OHKO moves are banned
|rule|Evasion Items Clause: Evasion items are banned
|rule|Evasion Moves Clause: Evasion moves are banned
|rule|Evasion Abilities Clause: Evasion abilities are banned
|rule|Sleep Moves Clause: Sleep-inducing moves are banned
|clearpoke
|poke|p1|Great Tusk|
|poke|p1|Dragapult, M|
|poke|p1|Ceruledge, M|
|poke|p1|Scyther, M|
|poke|p1|Kleavor, F|
|poke|p1|Rotom-Wash|
|poke|p2|Great Tusk|
|poke|p2|Slowking-Galar, M|
|poke|p2|Greninja-*, M|
|poke|p2|Dragapult, M|
|poke|p2|Enamorus, F|
|poke|p2|Scizor, M|
|teampreview
|inactive|Battle timer is ON: inactive players will automatically lose when time's up. (requested by Icoss31)
|
|t:|1776081811
|teamsize|p1|6
|teamsize|p2|6
|start
|switch|p1a: Kleavor|Kleavor, F|100/100
|switch|p2a: Greninja|Greninja, M|100/100
|turn|1
|
|t:|1776081818
|move|p2a: Greninja|U-turn|p1a: Kleavor
|-start|p2a: Greninja|typechange|Bug|[from] ability: Protean
|-damage|p1a: Kleavor|66/100
|
|t:|1776081823
|switch|p2a: Great Tusk|Great Tusk|100/100|[from] U-turn
|move|p1a: Kleavor|U-turn|p2a: Great Tusk
|-resisted|p2a: Great Tusk
|-damage|p2a: Great Tusk|89/100
|-damage|p1a: Kleavor|50/100|[from] item: Rocky Helmet|[of] p2a: Great Tusk
|
|t:|1776081842
|switch|p1a: Scyther|Scyther, M|100/100|[from] U-turn
|
|upkeep
|turn|2
|
|t:|1776081870
|move|p1a: Scyther|Swords Dance|p1a: Scyther
|-boost|p1a: Scyther|atk|2
|move|p2a: Great Tusk|Stealth Rock|p1a: Scyther
|-sidestart|p1: raxu99|move: Stealth Rock
|
|upkeep
|turn|3
|
|t:|1776081876
|-end|p2a: Great Tusk|Protosynthesis|[silent]
|switch|p2a: Scizor|Scizor, M|100/100
|move|p1a: Scyther|Trailblaze|p2a: Scizor
|-resisted|p2a: Scizor
|-damage|p2a: Scizor|89/100
|-boost|p1a: Scyther|spe|1
|
|-heal|p2a: Scizor|95/100|[from] item: Leftovers
|upkeep
|turn|4
|
|t:|1776081885
|move|p1a: Scyther|Dual Wingbeat|p2a: Scizor
|-damage|p2a: Scizor|31/100
|-damage|p2a: Scizor|0 fnt
|faint|p2a: Scizor
|-hitcount|p2: Scizor|2
|
|upkeep
|
|t:|1776081896
|switch|p2a: Enamorus|Enamorus, F|100/100
|turn|5
|
|t:|1776081903
|move|p2a: Enamorus|Mystical Fire|p1a: Scyther
|-supereffective|p1a: Scyther
|-damage|p1a: Scyther|48/100
|-unboost|p1a: Scyther|spa|1
|move|p1a: Scyther|Dual Wingbeat|p2a: Enamorus
|-damage|p2a: Enamorus|7/100
|-damage|p2a: Enamorus|0 fnt
|faint|p2a: Enamorus
|-hitcount|p2: Enamorus|2
|
|upkeep
|
|t:|1776081914
|switch|p2a: Greninja|Greninja, M|100/100
|turn|6
|
|t:|1776081929
|move|p2a: Greninja|Ice Beam|p1a: Scyther
|-start|p2a: Greninja|typechange|Ice|[from] ability: Protean
|-supereffective|p1a: Scyther
|-damage|p1a: Scyther|0 fnt
|faint|p1a: Scyther
|
|upkeep
|
|t:|1776081943
|switch|p1a: Ceruledge|Ceruledge, M|100/100
|-damage|p1a: Ceruledge|76/100|[from] Stealth Rock
|turn|7
|
|t:|1776081949
|switch|p2a: Great Tusk|Great Tusk|89/100
|move|p1a: Ceruledge|Swords Dance|p1a: Ceruledge
|-boost|p1a: Ceruledge|atk|2
|
|upkeep
|turn|8
|
|t:|1776081956
|move|p2a: Great Tusk|Headlong Rush|p1a: Ceruledge
|-supereffective|p1a: Ceruledge
|-damage|p1a: Ceruledge|0 fnt
|-unboost|p2a: Great Tusk|def|1
|-unboost|p2a: Great Tusk|spd|1
|faint|p1a: Ceruledge
|
|upkeep
|
|t:|1776081964
|switch|p1a: Great Tusk|Great Tusk|100/100
|-damage|p1a: Great Tusk|98/100|[from] Stealth Rock
|turn|9
|
|t:|1776081972
|-end|p2a: Great Tusk|Protosynthesis|[silent]
|switch|p2a: Dragapult|Dragapult, M|100/100
|move|p1a: Great Tusk|Bulk Up|p1a: Great Tusk
|-boost|p1a: Great Tusk|atk|1
|-boost|p1a: Great Tusk|def|1
|
|-heal|p1a: Great Tusk|100/100|[from] item: Leftovers
|upkeep
|turn|10
|
|t:|1776081981
|move|p2a: Dragapult|Will-O-Wisp|p1a: Great Tusk|[miss]
|-miss|p2a: Dragapult|p1a: Great Tusk
|move|p1a: Great Tusk|Ice Spinner|p2a: Dragapult
|-supereffective|p2a: Dragapult
|-damage|p2a: Dragapult|0 fnt
|faint|p2a: Dragapult
|
|upkeep
|
|t:|1776081988
|switch|p2a: Greninja|Greninja, M|100/100
|turn|11
|
|t:|1776081996
|-end|p1a: Great Tusk|Protosynthesis|[silent]
|switch|p1a: Rotom|Rotom-Wash|100/100
|-damage|p1a: Rotom|88/100|[from] Stealth Rock
|move|p2a: Greninja|Ice Beam|p1a: Rotom
|-start|p2a: Greninja|typechange|Ice|[from] ability: Protean
|-resisted|p1a: Rotom
|-damage|p1a: Rotom|68/100
|-status|p1a: Rotom|frz
|
|-heal|p1a: Rotom|74/100 frz|[from] item: Leftovers
|upkeep
|turn|12
|
|t:|1776082008
|switch|p2a: Slowking|Slowking-Galar, M|100/100
|cant|p1a: Rotom|frz
|
|-heal|p1a: Rotom|80/100 frz|[from] item: Leftovers
|upkeep
|turn|13
|
|t:|1776082015
|cant|p1a: Rotom|frz
|move|p2a: Slowking|Psychic Noise|p1a: Rotom
|-damage|p1a: Rotom|51/100 frz
|-start|p1a: Rotom|move: Heal Block
|
|upkeep
|turn|14
|
|t:|1776082022
|cant|p1a: Rotom|frz
|move|p2a: Slowking|Psychic Noise|p1a: Rotom
|-damage|p1a: Rotom|22/100 frz
|
|-end|p1a: Rotom|move: Heal Block
|upkeep
|turn|15
|
|t:|1776082028
|-curestatus|p1a: Rotom|frz|[msg]
|move|p1a: Rotom|Pain Split|p2a: Slowking
|-sethp|p2a: Slowking|59/100|[from] move: Pain Split|[silent]
|-sethp|p1a: Rotom|76/100|[from] move: Pain Split
|move|p2a: Slowking|Psychic Noise|p1a: Rotom
|-damage|p1a: Rotom|48/100
|-start|p1a: Rotom|move: Heal Block
|
|upkeep
|turn|16
|
|t:|1776082040
|move|p1a: Rotom|Hydro Pump|p2a: Slowking
|-damage|p2a: Slowking|37/100
|-prepare|p2a: Slowking|Chilly Reception|[premajor]
|move|p2a: Slowking|Chilly Reception|p2a: Slowking
|-weather|Snowscape
|
|t:|1776082046
|switch|p2a: Greninja|Greninja, M|100/100|[from] Chilly Reception
|
|-weather|Snowscape|[upkeep]
|-end|p1a: Rotom|move: Heal Block
|upkeep
|turn|17
|
|t:|1776082053
|move|p2a: Greninja|Gunk Shot|p1a: Rotom|[miss]
|-start|p2a: Greninja|typechange|Poison|[from] ability: Protean
|-miss|p2a: Greninja|p1a: Rotom
|move|p1a: Rotom|Pain Split|p2a: Greninja
|-sethp|p2a: Greninja|76/100|[from] move: Pain Split|[silent]
|-sethp|p1a: Rotom|71/100|[from] move: Pain Split
|
|-weather|Snowscape|[upkeep]
|-heal|p1a: Rotom|77/100|[from] item: Leftovers
|upkeep
|turn|18
|
|t:|1776082064
|switch|p2a: Great Tusk|Great Tusk|89/100
|move|p1a: Rotom|Thunder Wave|p2a: Great Tusk
|-immune|p2a: Great Tusk
|
|-weather|Snowscape|[upkeep]
|-heal|p1a: Rotom|84/100|[from] item: Leftovers
|upkeep
|turn|19
|
|t:|1776082075
|-end|p2a: Great Tusk|Protosynthesis|[silent]
|switch|p2a: Slowking|Slowking-Galar, M|70/100
|move|p1a: Rotom|Hydro Pump|p2a: Slowking
|-damage|p2a: Slowking|46/100
|
|-weather|Snowscape|[upkeep]
|-heal|p1a: Rotom|90/100|[from] item: Leftovers
|upkeep
|turn|20
|
|t:|1776082082
|move|p1a: Rotom|Thunder Wave|p2a: Slowking|[miss]
|-miss|p1a: Rotom|p2a: Slowking
|-prepare|p2a: Slowking|Chilly Reception|[premajor]
|move|p2a: Slowking|Chilly Reception|p2a: Slowking
|
|t:|1776082087
|switch|p2a: Greninja|Greninja, M|76/100|[from] Chilly Reception
|
|-weather|none
|-heal|p1a: Rotom|96/100|[from] item: Leftovers
|upkeep
|turn|21
|
|t:|1776082093
|move|p2a: Greninja|U-turn|p1a: Rotom
|-start|p2a: Greninja|typechange|Bug|[from] ability: Protean
|-damage|p1a: Rotom|75/100
|
|t:|1776082099
|switch|p2a: Slowking|Slowking-Galar, M|79/100|[from] U-turn
|move|p1a: Rotom|Thunder Wave|p2a: Slowking
|-status|p2a: Slowking|par
|
|-heal|p1a: Rotom|82/100|[from] item: Leftovers
|upkeep
|turn|22
|
|t:|1776082110
|move|p1a: Rotom|Hydro Pump|p2a: Slowking|[miss]
|-miss|p1a: Rotom|p2a: Slowking
|move|p2a: Slowking|Psychic Noise|p1a: Rotom
|-damage|p1a: Rotom|49/100
|-start|p1a: Rotom|move: Heal Block
|
|upkeep
|turn|23
|inactive|Icoss31 has 120 seconds left.
|
|t:|1776082165
|move|p1a: Rotom|Pain Split|p2a: Slowking
|-sethp|p2a: Slowking|59/100 par|[from] move: Pain Split|[silent]
|-sethp|p1a: Rotom|76/100|[from] move: Pain Split
|cant|p2a: Slowking|par
|
|-end|p1a: Rotom|move: Heal Block
|upkeep
|turn|24
|inactive|Icoss31 has 90 seconds left.
|
|t:|1776082209
|move|p1a: Rotom|Hydro Pump|p2a: Slowking
|-damage|p2a: Slowking|36/100 par
|cant|p2a: Slowking|par
|
|-heal|p1a: Rotom|82/100|[from] item: Leftovers
|upkeep
|turn|25
|inactive|Icoss31 has 60 seconds left.
|inactive|Icoss31 has 30 seconds left.
|inactive|Icoss31 has 20 seconds left.
|inactive|Icoss31 has 15 seconds left.
|inactive|Icoss31 has 10 seconds left.
|inactive|Icoss31 has 5 seconds left.
|-message|Icoss31 lost due to inactivity.
|
|win|raxu99
|raw|raxu99's rating: 1336 &rarr; <strong>1356</strong><br />(+20 for winning)
|raw|Icoss31's rating: 1332 &rarr; <strong>1312</strong><br />(-20 for losing)
