|html|<div class="broadcast-blue"><strong>[Gen 9] OU is currently suspecting Tera Blast! For information on how to participate check out the <a href="https://www.smogon.com/tools/suspects/view/200">suspect thread</a>.</strong></div>
|j|☆Briavery
|j|☆GeorgiaEternatuss
|t:|1776220186
|gametype|singles
|player|p1|Briavery|169|
|player|p2|GeorgiaEternatuss|steven|
|gen|9
|tier|[Gen 9] OU
|rule|HP Percentage Mod: HP is shown in percentages
|rule|Endless Battle Clause: Forcing endless battles is banned
|rule|Species Clause: Limit one of each Pokémon
|rule|OHKO Clause: OHKO moves are banned
|rule|Evasion Items Clause: Evasion items are banned
|rule|Evasion Moves Clause: Evasion moves are banned
|rule|Evasion Abilities Clause: Evasion abilities are banned
|rule|Sleep Moves Clause: Sleep-inducing moves are banned
|clearpoke
|poke|p1|Meowscarada, M|
|poke|p1|Pecharunt|
|poke|p1|Enamorus, F|
|poke|p1|Iron Treads|
|poke|p1|Skarmory, M|
|poke|p1|Slowking, F|
|poke|p2|Cinderace, F|
|poke|p2|Zapdos|
|poke|p2|Slowking-Galar, M|
|poke|p2|Iron Valiant|
|poke|p2|Tornadus-Therian, M|
|poke|p2|Alomomola, F|
|teampreview
|
|t:|1776220202
|teamsize|p1|6
|teamsize|p2|6
|start
|switch|p1a: Skarmory|Skarmory, M|100/100
|switch|p2a: Zapdos|Zapdos|100/100
|turn|1
|
|t:|1776220212
|move|p2a: Zapdos|Heat Wave|p1a: Skarmory
|-supereffective|p1a: Skarmory
|-crit|p1a: Skarmory
|-ability|p1a: Skarmory|Sturdy
|-damage|p1a: Skarmory|1/100
|move|p1a: Skarmory|Spikes|p2a: Zapdos
|-sidestart|p2: GeorgiaEternatuss|Spikes
|
|upkeep
|turn|2
|
|t:|1776220226
|switch|p1a: Meowscarada|Meowscarada, M|100/100
|move|p2a: Zapdos|Volt Switch|p1a: Meowscarada
|-resisted|p1a: Meowscarada
|-damage|p1a: Meowscarada|80/100
|
|t:|1776220249
|switch|p2a: Iron Valiant|Iron Valiant|100/100|[from] Volt Switch
|-damage|p2a: Iron Valiant|88/100|[from] Spikes
|-enditem|p2a: Iron Valiant|Booster Energy
|-activate|p2a: Iron Valiant|ability: Quark Drive|[fromitem]
|-start|p2a: Iron Valiant|quarkdrivespe
|
|upkeep
|turn|3
|
|t:|1776220267
|switch|p1a: Pecharunt|Pecharunt|100/100
|move|p2a: Iron Valiant|Moonblast|p1a: Pecharunt
|-resisted|p1a: Pecharunt
|-damage|p1a: Pecharunt|76/100
|-unboost|p1a: Pecharunt|spa|1
|
|-heal|p1a: Pecharunt|82/100|[from] item: Leftovers
|upkeep
|turn|4
|
|t:|1776220291
|-end|p2a: Iron Valiant|Quark Drive|[silent]
|switch|p2a: Slowking|Slowking-Galar, M|100/100
|move|p1a: Pecharunt|Malignant Chain|p2a: Slowking
|-resisted|p2a: Slowking
|-crit|p2a: Slowking
|-damage|p2a: Slowking|88/100
|
|-heal|p1a: Pecharunt|88/100|[from] item: Leftovers
|upkeep
|turn|5
|
|t:|1776220308
|move|p1a: Pecharunt|Parting Shot|p2a: Slowking
|-unboost|p2a: Slowking|atk|1
|-unboost|p2a: Slowking|spa|1
|
|t:|1776220316
|switch|p1a: Iron Treads|Iron Treads|100/100|[from] Parting Shot
|-prepare|p2a: Slowking|Chilly Reception|[premajor]
|move|p2a: Slowking|Chilly Reception|p2a: Slowking
|-weather|Snowscape
|
|t:|1776220331
|switch|p2a: Zapdos|Zapdos|100/100|[from] Chilly Reception
|
|-weather|Snowscape|[upkeep]
|upkeep
|turn|6
|
|t:|1776220339
|move|p1a: Iron Treads|Stealth Rock|p2a: Zapdos
|-sidestart|p2: GeorgiaEternatuss|move: Stealth Rock
|move|p2a: Zapdos|Heat Wave|p1a: Iron Treads|[miss]
|-miss|p2a: Zapdos|p1a: Iron Treads
|
|-weather|Snowscape|[upkeep]
|upkeep
|turn|7
|
|t:|1776220352
|move|p1a: Iron Treads|Knock Off|p2a: Zapdos
|-damage|p2a: Zapdos|84/100
|-enditem|p2a: Zapdos|Heavy-Duty Boots|[from] move: Knock Off|[of] p1a: Iron Treads
|move|p2a: Zapdos|Heat Wave|p1a: Iron Treads
|-supereffective|p1a: Iron Treads
|-damage|p1a: Iron Treads|55/100
|
|-weather|Snowscape|[upkeep]
|-heal|p1a: Iron Treads|61/100|[from] item: Leftovers
|upkeep
|turn|8
|
|t:|1776220368
|-end|p1a: Iron Treads|Quark Drive|[silent]
|switch|p1a: Slowking|Slowking, F|100/100
|move|p2a: Zapdos|Heat Wave|p1a: Slowking
|-resisted|p1a: Slowking
|-damage|p1a: Slowking|94/100
|
|-weather|Snowscape|[upkeep]
|upkeep
|turn|9
|
|t:|1776220376
|move|p2a: Zapdos|Volt Switch|p1a: Slowking
|-supereffective|p1a: Slowking
|-damage|p1a: Slowking|66/100
|
|t:|1776220381
|switch|p2a: Slowking|Slowking-Galar, M|100/100|[from] Volt Switch
|move|p1a: Slowking|Future Sight|p2a: Slowking
|-start|p1a: Slowking|move: Future Sight
|
|-weather|none
|upkeep
|turn|10
|
|t:|1776220392
|-prepare|p2a: Slowking|Chilly Reception|[premajor]
|move|p2a: Slowking|Chilly Reception|p2a: Slowking
|-weather|Snowscape
|
|t:|1776220401
|switch|p2a: Tornadus|Tornadus-Therian, M|100/100|[from] Chilly Reception
|move|p1a: Slowking|Psyshock|p2a: Tornadus
|-damage|p2a: Tornadus|54/100
|
|-weather|Snowscape|[upkeep]
|upkeep
|turn|11
|
|t:|1776220419
|switch|p1a: Pecharunt|Pecharunt|88/100
|move|p2a: Tornadus|U-turn|p1a: Pecharunt
|-resisted|p1a: Pecharunt
|-damage|p1a: Pecharunt|86/100
|
|t:|1776220427
|switch|p2a: Slowking|Slowking-Galar, M|100/100|[from] U-turn
|
|-weather|Snowscape|[upkeep]
|-end|p2a: Slowking|move: Future Sight
|-damage|p2a: Slowking|72/100
|-heal|p1a: Pecharunt|92/100|[from] item: Leftovers
|upkeep
|turn|12
|
|t:|1776220437
|move|p1a: Pecharunt|Foul Play|p2a: Slowking
|-supereffective|p2a: Slowking
|-damage|p2a: Slowking|49/100
|move|p2a: Slowking|Thunder Wave|p1a: Pecharunt
|-status|p1a: Pecharunt|par
|
|-weather|Snowscape|[upkeep]
|-heal|p1a: Pecharunt|98/100 par|[from] item: Leftovers
|upkeep
|turn|13
|
|t:|1776220454
|move|p1a: Pecharunt|Foul Play|p2a: Slowking
|-supereffective|p2a: Slowking
|-damage|p2a: Slowking|27/100
|-prepare|p2a: Slowking|Chilly Reception|[premajor]
|move|p2a: Slowking|Chilly Reception|p2a: Slowking
|
|t:|1776220468
|switch|p2a: Cinderace|Cinderace, F|100/100|[from] Chilly Reception
|
|-weather|Snowscape|[upkeep]
|-heal|p1a: Pecharunt|100/100 par|[from] item: Leftovers
|upkeep
|turn|14
|
|t:|1776220480
|switch|p1a: Enamorus|Enamorus, F|100/100
|move|p2a: Cinderace|Court Change|p2a: Cinderace
|-start|p2a: Cinderace|typechange|Normal|[from] ability: Libero
|-swapsideconditions
|-activate|p2a: Cinderace|move: Court Change
|
|-weather|none
|upkeep
|turn|15
|
|t:|1776220497
|switch|p2a: Slowking|Slowking-Galar, M|60/100
|move|p1a: Enamorus|Moonblast|p2a: Slowking
|-resisted|p2a: Slowking
|-damage|p2a: Slowking|44/100
|-unboost|p2a: Slowking|spa|1
|
|upkeep
|turn|16
|
|t:|1776220507
|switch|p1a: Slowking|Slowking, F|99/100
|-damage|p1a: Slowking|87/100|[from] Spikes
|-damage|p1a: Slowking|75/100|[from] Stealth Rock
|-prepare|p2a: Slowking|Chilly Reception|[premajor]
|move|p2a: Slowking|Chilly Reception|p2a: Slowking
|-weather|Snowscape
|
|t:|1776220522
|switch|p2a: Cinderace|Cinderace, F|100/100|[from] Chilly Reception
|
|-weather|Snowscape|[upkeep]
|upkeep
|turn|17
|
|t:|1776220530
|move|p2a: Cinderace|U-turn|p1a: Slowking
|-start|p2a: Cinderace|typechange|Bug|[from] ability: Libero
|-supereffective|p1a: Slowking
|-damage|p1a: Slowking|13/100
|
|t:|1776220535
|switch|p2a: Slowking|Slowking-Galar, M|77/100|[from] U-turn
|move|p1a: Slowking|Scald|p2a: Slowking
|-damage|p2a: Slowking|58/100
|
|-weather|Snowscape|[upkeep]
|upkeep
|turn|18
|
|t:|1776220545
|move|p2a: Slowking|Thunder Wave|p1a: Slowking|[miss]
|-miss|p2a: Slowking|p1a: Slowking
|move|p1a: Slowking|Psyshock|p2a: Slowking
|-damage|p2a: Slowking|28/100
|
|-weather|Snowscape|[upkeep]
|upkeep
|turn|19
|
|t:|1776220563
|switch|p2a: Alomomola|Alomomola, F|100/100
|move|p1a: Slowking|Psyshock|p2a: Alomomola
|-damage|p2a: Alomomola|83/100
|
|-weather|Snowscape|[upkeep]
|upkeep
|turn|20
|
|t:|1776220573
|switch|p1a: Iron Treads|Iron Treads|61/100
|-damage|p1a: Iron Treads|49/100|[from] Spikes
|-damage|p1a: Iron Treads|46/100|[from] Stealth Rock
|move|p2a: Alomomola|Scald|p1a: Iron Treads
|-supereffective|p1a: Iron Treads
|-damage|p1a: Iron Treads|22/100
|
|-weather|none
|-heal|p1a: Iron Treads|28/100|[from] item: Leftovers
|upkeep
|turn|21
|
|t:|1776220586
|move|p1a: Iron Treads|Rapid Spin|p2a: Alomomola
|-damage|p2a: Alomomola|76/100
|-boost|p1a: Iron Treads|spe|1
|-sideend|p1: Briavery|Spikes|[from] move: Rapid Spin|[of] p1a: Iron Treads
|-sideend|p1: Briavery|Stealth Rock|[from] move: Rapid Spin|[of] p1a: Iron Treads
|move|p2a: Alomomola|Scald|p1a: Iron Treads
|-supereffective|p1a: Iron Treads
|-damage|p1a: Iron Treads|8/100
|
|-heal|p1a: Iron Treads|14/100|[from] item: Leftovers
|upkeep
|turn|22
|
|t:|1776220597
|move|p1a: Iron Treads|Stealth Rock|p2a: Alomomola
|-sidestart|p2: GeorgiaEternatuss|move: Stealth Rock
|move|p2a: Alomomola|Flip Turn|p1a: Iron Treads
|-supereffective|p1a: Iron Treads
|-damage|p1a: Iron Treads|0 fnt
|faint|p1a: Iron Treads
|-end|p1a: Iron Treads|Quark Drive|[silent]
|
|t:|1776220619
|switch|p2a: Slowking|Slowking-Galar, M|61/100|[from] Flip Turn
|
|upkeep
|
|t:|1776220627
|switch|p1a: Meowscarada|Meowscarada, M|80/100
|turn|23
|
|t:|1776220646
|switch|p2a: Alomomola|Alomomola, F|100/100
|move|p1a: Meowscarada|Knock Off|p2a: Alomomola
|-start|p1a: Meowscarada|typechange|Dark|[from] ability: Protean
|-damage|p2a: Alomomola|64/100
|-enditem|p2a: Alomomola|Heavy-Duty Boots|[from] move: Knock Off|[of] p1a: Meowscarada
|
|upkeep
|turn|24
|
|t:|1776220659
|move|p1a: Meowscarada|Knock Off|p2a: Alomomola
|-damage|p2a: Alomomola|42/100
|move|p2a: Alomomola|Scald|p1a: Meowscarada
|-damage|p1a: Meowscarada|58/100
|
|upkeep
|turn|25
|
|t:|1776220668
|move|p1a: Meowscarada|Knock Off|p2a: Alomomola
|-damage|p2a: Alomomola|19/100
|move|p2a: Alomomola|Flip Turn|p1a: Meowscarada
|-damage|p1a: Meowscarada|33/100
|
|t:|1776220675
|switch|p2a: Zapdos|Zapdos|84/100|[from] Flip Turn
|-damage|p2a: Zapdos|59/100|[from] Stealth Rock
|
|upkeep
|turn|26
|
|t:|1776220683
|switch|p1a: Skarmory|Skarmory, M|1/100
|move|p2a: Zapdos|Roost|p2a: Zapdos
|-heal|p2a: Zapdos|100/100
|-singleturn|p2a: Zapdos|move: Roost
|
|upkeep
|turn|27
|
|t:|1776220693
|move|p2a: Zapdos|Volt Switch|p1a: Skarmory
|-supereffective|p1a: Skarmory
|-damage|p1a: Skarmory|0 fnt
|faint|p1a: Skarmory
|
|t:|1776220703
|switch|p2a: Alomomola|Alomomola, F|52/100|[from] Volt Switch
|-damage|p2a: Alomomola|40/100|[from] Stealth Rock
|
|upkeep
|
|t:|1776220710
|switch|p1a: Meowscarada|Meowscarada, M|33/100
|turn|28
|
|t:|1776220715
|switch|p2a: Zapdos|Zapdos|100/100
|-damage|p2a: Zapdos|76/100|[from] Stealth Rock
|move|p1a: Meowscarada|Flower Trick|p2a: Zapdos
|-start|p1a: Meowscarada|typechange|Grass|[from] ability: Protean
|-resisted|p2a: Zapdos
|-crit|p2a: Zapdos
|-damage|p2a: Zapdos|48/100
|
|upkeep
|turn|29
|
|t:|1776220727
|switch|p1a: Pecharunt|Pecharunt|100/100 par
|move|p2a: Zapdos|Roost|p2a: Zapdos
|-heal|p2a: Zapdos|98/100
|-singleturn|p2a: Zapdos|move: Roost
|
|upkeep
|turn|30
|
|t:|1776220738
|move|p2a: Zapdos|Hurricane|p1a: Pecharunt
|-damage|p1a: Pecharunt|56/100 par
|move|p1a: Pecharunt|Parting Shot|p2a: Zapdos
|-unboost|p2a: Zapdos|atk|1
|-unboost|p2a: Zapdos|spa|1
|
|t:|1776220745
|switch|p1a: Meowscarada|Meowscarada, M|33/100|[from] Parting Shot
|
|upkeep
|turn|31
|
|t:|1776220754
|move|p1a: Meowscarada|Triple Axel|p2a: Zapdos
|-start|p1a: Meowscarada|typechange|Ice|[from] ability: Protean
|-supereffective|p2a: Zapdos
|-damage|p2a: Zapdos|76/100
|-status|p1a: Meowscarada|par|[from] ability: Static|[of] p2a: Zapdos
|-supereffective|p2a: Zapdos
|-damage|p2a: Zapdos|35/100
|-supereffective|p2a: Zapdos
|-damage|p2a: Zapdos|0 fnt
|faint|p2a: Zapdos
|-hitcount|p2: Zapdos|3
|
|upkeep
|
|t:|1776220767
|switch|p2a: Cinderace|Cinderace, F|100/100
|turn|32
|
|t:|1776220773
|switch|p1a: Enamorus|Enamorus, F|100/100
|move|p2a: Cinderace|Pyro Ball|p1a: Enamorus
|-damage|p1a: Enamorus|3/100
|
|upkeep
|turn|33
|
|t:|1776220781
|switch|p2a: Slowking|Slowking-Galar, M|94/100
|move|p1a: Enamorus|Earth Power|p2a: Slowking
|-supereffective|p2a: Slowking
|-crit|p2a: Slowking
|-damage|p2a: Slowking|35/100
|-unboost|p2a: Slowking|spd|1
|
|upkeep
|turn|34
|
|t:|1776220797
|switch|p2a: Tornadus|Tornadus-Therian, M|87/100
|move|p1a: Enamorus|Earth Power|p2a: Tornadus
|-immune|p2a: Tornadus
|
|upkeep
|turn|35
|
|t:|1776220811
|switch|p1a: Slowking|Slowking, F|46/100
|move|p2a: Tornadus|Bleakwind Storm|p1a: Slowking
|-damage|p1a: Slowking|24/100
|
|upkeep
|turn|36
|
|t:|1776220822
|move|p2a: Tornadus|Knock Off|p1a: Slowking
|-supereffective|p1a: Slowking
|-damage|p1a: Slowking|0 fnt
|-enditem|p1a: Slowking|Assault Vest|[from] move: Knock Off|[of] p2a: Tornadus
|faint|p1a: Slowking
|
|upkeep
|
|t:|1776220831
|switch|p1a: Enamorus|Enamorus, F|3/100
|turn|37
|
|t:|1776220840
|switch|p2a: Slowking|Slowking-Galar, M|68/100
|move|p1a: Enamorus|Healing Wish|p1a: Enamorus
|faint|p1a: Enamorus
|
|upkeep
|
|t:|1776220852
|switch|p1a: Meowscarada|Meowscarada, M|33/100 par
|-heal|p1a: Meowscarada|100/100|[from] move: Healing Wish
|turn|38
|
|t:|1776220889
|switch|p2a: Alomomola|Alomomola, F|73/100
|-damage|p2a: Alomomola|61/100|[from] Stealth Rock
|move|p1a: Meowscarada|Knock Off|p2a: Alomomola
|-start|p1a: Meowscarada|typechange|Dark|[from] ability: Protean
|-damage|p2a: Alomomola|35/100
|
|upkeep
|turn|39
|
|t:|1776220902
|switch|p1a: Pecharunt|Pecharunt|56/100 par
|move|p2a: Alomomola|Flip Turn|p1a: Pecharunt
|-damage|p1a: Pecharunt|49/100 par
|
|t:|1776220913
|switch|p2a: Tornadus|Tornadus-Therian, M|100/100|[from] Flip Turn
|
|-heal|p1a: Pecharunt|55/100 par|[from] item: Leftovers
|upkeep
|turn|40
|
|t:|1776220923
|move|p2a: Tornadus|Knock Off|p1a: Pecharunt
|-supereffective|p1a: Pecharunt
|-damage|p1a: Pecharunt|33/100 par
|-enditem|p1a: Pecharunt|Leftovers|[from] move: Knock Off|[of] p2a: Tornadus
|move|p1a: Pecharunt|Malignant Chain|p2a: Tornadus
|-damage|p2a: Tornadus|61/100
|
|upkeep
|turn|41
|
|t:|1776220934
|move|p2a: Tornadus|Bleakwind Storm|p1a: Pecharunt
|-damage|p1a: Pecharunt|0 fnt
|faint|p1a: Pecharunt
|
|upkeep
|
|t:|1776220940
|switch|p1a: Meowscarada|Meowscarada, M|100/100
|turn|42
|
|t:|1776220952
|switch|p2a: Alomomola|Alomomola, F|69/100
|-damage|p2a: Alomomola|56/100|[from] Stealth Rock
|move|p1a: Meowscarada|Triple Axel|p2a: Alomomola
|-start|p1a: Meowscarada|typechange|Ice|[from] ability: Protean
|-resisted|p2a: Alomomola
|-damage|p2a: Alomomola|52/100
|-resisted|p2a: Alomomola
|-damage|p2a: Alomomola|45/100
|-resisted|p2a: Alomomola
|-damage|p2a: Alomomola|34/100
|-hitcount|p2a: Alomomola|3
|
|upkeep
|turn|43
|
|t:|1776220968
|move|p1a: Meowscarada|Triple Axel|p2a: Alomomola
|-resisted|p2a: Alomomola
|-damage|p2a: Alomomola|31/100
|-resisted|p2a: Alomomola
|-damage|p2a: Alomomola|23/100
|-resisted|p2a: Alomomola
|-damage|p2a: Alomomola|12/100
|-hitcount|p2a: Alomomola|3
|move|p2a: Alomomola|Scald|p1a: Meowscarada
|-damage|p1a: Meowscarada|77/100
|
|upkeep
|turn|44
|
|t:|1776220992
|switch|p2a: Cinderace|Cinderace, F|100/100
|move|p1a: Meowscarada|Triple Axel|p2a: Cinderace
|-resisted|p2a: Cinderace
|-damage|p2a: Cinderace|91/100
|-resisted|p2a: Cinderace
|-damage|p2a: Cinderace|73/100
|-resisted|p2a: Cinderace
|-damage|p2a: Cinderace|41/100
|-hitcount|p2a: Cinderace|3
|
|upkeep
|turn|45
|
|t:|1776221004
|move|p1a: Meowscarada|Triple Axel|p2a: Cinderace
|-resisted|p2a: Cinderace
|-damage|p2a: Cinderace|31/100
|-resisted|p2a: Cinderace
|-damage|p2a: Cinderace|11/100
|-resisted|p2a: Cinderace
|-damage|p2a: Cinderace|0 fnt
|faint|p2a: Cinderace
|-hitcount|p2: Cinderace|3
|
|upkeep
|
|t:|1776221018
|switch|p2a: Slowking|Slowking-Galar, M|100/100
|turn|46
|
|t:|1776221024
|move|p1a: Meowscarada|Triple Axel|p2a: Slowking
|-damage|p2a: Slowking|87/100
|-damage|p2a: Slowking|59/100
|-damage|p2a: Slowking|17/100
|-hitcount|p2a: Slowking|3
|move|p2a: Slowking|Sludge Bomb|p1a: Meowscarada
|-damage|p1a: Meowscarada|28/100
|-status|p1a: Meowscarada|psn
|
|-damage|p1a: Meowscarada|16/100 psn|[from] psn
|upkeep
|turn|47
|
|t:|1776221046
|move|p1a: Meowscarada|Triple Axel|p2a: Slowking|[miss]
|-miss|p1a: Meowscarada|p2a: Slowking
|move|p2a: Slowking|Future Sight|p1a: Meowscarada
|-start|p2a: Slowking|move: Future Sight
|
|-damage|p1a: Meowscarada|4/100 psn|[from] psn
|upkeep
|turn|48
|
|t:|1776221056
|switch|p2a: Alomomola|Alomomola, F|45/100
|-damage|p2a: Alomomola|33/100|[from] Stealth Rock
|move|p1a: Meowscarada|Triple Axel|p2a: Alomomola
|-resisted|p2a: Alomomola
|-damage|p2a: Alomomola|29/100
|-resisted|p2a: Alomomola
|-damage|p2a: Alomomola|22/100
|-resisted|p2a: Alomomola
|-damage|p2a: Alomomola|11/100
|-hitcount|p2a: Alomomola|3
|
|-damage|p1a: Meowscarada|0 fnt|[from] psn
|faint|p1a: Meowscarada
|
|win|GeorgiaEternatuss
