|html|<div class="broadcast-blue"><strong>[Gen 9] OU is currently suspecting Tera Blast! For information on how to participate check out the <a href="https://www.smogon.com/tools/suspects/view/200">suspect thread</a>.</strong></div>
|j|☆Itadori_san
|j|☆magistermilitum420
|t:|1776303056
|gametype|singles
|player|p1|Itadori_san|2|1200
|player|p2|magistermilitum420|blue|1251
|gen|9
|tier|[Gen 9] OU
|rated|
|rule|HP Percentage Mod: HP is shown in percentages
|rule|Endless Battle Clause: Forcing endless battles is banned
|rule|Species Clause: Limit one of each Pokémon
|rule|OHKO Clause: OHKO moves are banned
|rule|Evasion Items Clause: Evasion items are banned
|rule|Evasion Moves Clause: Evasion moves are banned
|rule|Evasion Abilities Clause: Evasion abilities are banned
|rule|Sleep Moves Clause: Sleep-inducing moves are banned
|clearpoke
|poke|p1|Overqwil, M|
|poke|p1|Ogerpon-Wellspring, F|
|poke|p1|Pelipper, F|
|poke|p1|Blissey, F|
|poke|p1|Pecharunt|
|poke|p1|Necrozma|
|poke|p2|Meowscarada, M|
|poke|p2|Great Tusk|
|poke|p2|Alomomola, M|
|poke|p2|Slowking-Galar, F|
|poke|p2|Iron Valiant|
|poke|p2|Heatran, M|
|teampreview
|inactive|Battle timer is ON: inactive players will automatically lose when time's up. (requested by Itadori_san)
|
|t:|1776303066
|teamsize|p1|6
|teamsize|p2|6
|start
|switch|p1a: Pelipper|Pelipper, F|100/100
|switch|p2a: Mithridates|Slowking-Galar, F|100/100
|-weather|RainDance|[from] ability: Drizzle|[of] p1a: Pelipper
|turn|1
|
|t:|1776303089
|move|p1a: Pelipper|Knock Off|p2a: Mithridates
|-supereffective|p2a: Mithridates
|-damage|p2a: Mithridates|72/100
|-enditem|p2a: Mithridates|Assault Vest|[from] move: Knock Off|[of] p1a: Pelipper
|move|p2a: Mithridates|Sludge Bomb|p1a: Pelipper
|-damage|p1a: Pelipper|39/100
|-status|p1a: Pelipper|psn
|
|-weather|RainDance|[upkeep]
|-damage|p1a: Pelipper|27/100 psn|[from] psn
|upkeep
|turn|2
|
|t:|1776303100
|switch|p1a: Overqwil|Overqwil, M|100/100
|switch|p2a: Charybdis|Alomomola, M, shiny|100/100
|
|-weather|RainDance|[upkeep]
|upkeep
|turn|3
|
|t:|1776303106
|switch|p1a: Ogerpon|Ogerpon-Wellspring, F|100/100
|move|p2a: Charybdis|Scald|p1a: Ogerpon
|-immune|p1a: Ogerpon|[from] ability: Water Absorb
|
|-weather|RainDance|[upkeep]
|upkeep
|turn|4
|
|t:|1776303112
|switch|p2a: Mahad|Meowscarada, M, shiny|100/100
|move|p1a: Ogerpon|Power Whip|p2a: Mahad
|-resisted|p2a: Mahad
|-damage|p2a: Mahad|46/100
|
|-weather|RainDance|[upkeep]
|upkeep
|turn|5
|
|t:|1776303120
|switch|p1a: Pecharunt|Pecharunt|100/100
|move|p2a: Mahad|U-turn|p1a: Pecharunt
|-start|p2a: Mahad|typechange|Bug|[from] ability: Protean
|-resisted|p1a: Pecharunt
|-damage|p1a: Pecharunt|97/100
|
|t:|1776303134
|switch|p2a: Vulcanus|Heatran, M, shiny|100/100|[from] U-turn
|
|-weather|RainDance|[upkeep]
|upkeep
|turn|6
|
|t:|1776303141
|move|p2a: Vulcanus|Earth Power|p1a: Pecharunt
|-supereffective|p1a: Pecharunt
|-damage|p1a: Pecharunt|0 fnt
|faint|p1a: Pecharunt
|
|-weather|RainDance|[upkeep]
|upkeep
|
|t:|1776303146
|switch|p1a: Overqwil|Overqwil, M|100/100
|turn|7
|
|t:|1776303149
|move|p1a: Overqwil|Liquidation|p2a: Vulcanus
|-supereffective|p2a: Vulcanus
|-damage|p2a: Vulcanus|0 fnt
|faint|p2a: Vulcanus
|-damage|p1a: Overqwil|91/100|[from] item: Life Orb
|
|-weather|RainDance|[upkeep]
|upkeep
|
|t:|1776303156
|switch|p2a: Barca|Great Tusk|100/100
|turn|8
|
|t:|1776303159
|-terastallize|p2a: Barca|Steel
|move|p1a: Overqwil|Liquidation|p2a: Barca
|-damage|p2a: Barca|77/100
|-damage|p1a: Overqwil|81/100|[from] item: Life Orb
|move|p2a: Barca|Earthquake|p1a: Overqwil
|-supereffective|p1a: Overqwil
|-damage|p1a: Overqwil|0 fnt
|faint|p1a: Overqwil
|
|-weather|none
|-heal|p2a: Barca|83/100|[from] item: Leftovers
|upkeep
|
|t:|1776303161
|switch|p1a: Pelipper|Pelipper, F|27/100 psn
|-weather|RainDance|[from] ability: Drizzle|[of] p1a: Pelipper
|turn|9
|
|t:|1776303174
|switch|p1a: Necrozma|Necrozma|100/100
|move|p2a: Barca|Stealth Rock|p1a: Necrozma
|-sidestart|p1: Itadori_san|move: Stealth Rock
|
|-weather|RainDance|[upkeep]
|-heal|p2a: Barca|90/100|[from] item: Leftovers
|upkeep
|turn|10
|
|t:|1776303182
|move|p1a: Necrozma|Dragon Dance|p1a: Necrozma
|-boost|p1a: Necrozma|atk|1
|-boost|p1a: Necrozma|spe|1
|move|p2a: Barca|Knock Off|p1a: Necrozma
|-supereffective|p1a: Necrozma
|-damage|p1a: Necrozma|56/100
|-enditem|p1a: Necrozma|Weakness Policy
|-boost|p1a: Necrozma|atk|2|[from] item: Weakness Policy
|-boost|p1a: Necrozma|spa|2|[from] item: Weakness Policy
|
|-weather|RainDance|[upkeep]
|-heal|p2a: Barca|96/100|[from] item: Leftovers
|upkeep
|turn|11
|
|t:|1776303198
|move|p1a: Necrozma|Earthquake|p2a: Barca
|-supereffective|p2a: Barca
|-damage|p2a: Barca|19/100
|move|p2a: Barca|Earthquake|p1a: Necrozma
|-damage|p1a: Necrozma|12/100
|
|-weather|RainDance|[upkeep]
|-heal|p2a: Barca|25/100|[from] item: Leftovers
|upkeep
|turn|12
|
|t:|1776303212
|-end|p2a: Barca|Protosynthesis|[silent]
|switch|p2a: Charybdis|Alomomola, M, shiny|100/100
|move|p1a: Necrozma|Earthquake|p2a: Charybdis
|-damage|p2a: Charybdis|60/100
|
|-weather|RainDance|[upkeep]
|upkeep
|turn|13
|
|t:|1776303218
|move|p1a: Necrozma|Photon Geyser|p2a: Charybdis
|-damage|p2a: Charybdis|0 fnt
|faint|p2a: Charybdis
|
|-weather|RainDance|[upkeep]
|upkeep
|
|t:|1776303230
|switch|p2a: Mahad|Meowscarada, M, shiny|46/100
|turn|14
|
|t:|1776303241
|move|p2a: Mahad|Knock Off|p1a: Necrozma
|-start|p2a: Mahad|typechange|Dark|[from] ability: Protean
|-supereffective|p1a: Necrozma
|-damage|p1a: Necrozma|0 fnt
|faint|p1a: Necrozma
|
|-weather|RainDance|[upkeep]
|upkeep
|
|t:|1776303249
|switch|p1a: Ogerpon|Ogerpon-Wellspring, F|100/100
|-damage|p1a: Ogerpon|88/100|[from] Stealth Rock
|turn|15
|
|t:|1776303256
|switch|p2a: Mithridates|Slowking-Galar, F|100/100
|move|p1a: Ogerpon|Swords Dance|p1a: Ogerpon
|-boost|p1a: Ogerpon|atk|2
|
|-weather|RainDance|[upkeep]
|upkeep
|turn|16
|
|t:|1776303262
|-terastallize|p1a: Ogerpon|Water
|detailschange|p1a: Ogerpon|Ogerpon-Wellspring-Tera, F, tera:Water
|-ability|p1a: Ogerpon|Embody Aspect (Wellspring)|boost
|-boost|p1a: Ogerpon|spd|1
|move|p1a: Ogerpon|Ivy Cudgel|p2a: Mithridates|[anim] Ivy Cudgel Water
|-damage|p2a: Mithridates|0 fnt
|faint|p2a: Mithridates
|
|-weather|none
|upkeep
|
|t:|1776303272
|switch|p2a: Mahad|Meowscarada, M, shiny|46/100
|turn|17
|
|t:|1776303276
|switch|p1a: Pelipper|Pelipper, F|27/100 psn
|-damage|p1a: Pelipper|2/100 psn|[from] Stealth Rock
|-weather|RainDance|[from] ability: Drizzle|[of] p1a: Pelipper
|move|p2a: Mahad|Flower Trick|p1a: Pelipper
|-start|p2a: Mahad|typechange|Grass|[from] ability: Protean
|-crit|p1a: Pelipper
|-damage|p1a: Pelipper|0 fnt
|faint|p1a: Pelipper
|
|-weather|RainDance|[upkeep]
|upkeep
|
|t:|1776303282
|switch|p1a: Ogerpon|Ogerpon-Wellspring-Tera, F, tera:Water|88/100
|-damage|p1a: Ogerpon|76/100|[from] Stealth Rock
|-ability|p1a: Ogerpon|Embody Aspect (Wellspring)|boost
|-boost|p1a: Ogerpon|spd|1
|turn|18
|
|t:|1776303293
|move|p2a: Mahad|Flower Trick|p1a: Ogerpon
|-supereffective|p1a: Ogerpon
|-crit|p1a: Ogerpon
|-damage|p1a: Ogerpon|0 fnt
|faint|p1a: Ogerpon
|detailschange|p1: Ogerpon|Ogerpon-Wellspring, F|[silent]
|
|-weather|RainDance|[upkeep]
|upkeep
|-message|Itadori_san forfeited.
|
|win|magistermilitum420
|raw|Itadori_san's rating: 1200 &rarr; <strong>1179</strong><br />(-21 for losing)
|raw|magistermilitum420's rating: 1251 &rarr; <strong>1272</strong><br />(+21 for winning)
|l|☆Itadori_san
|player|p1|
