|html|<div class="broadcast-blue"><strong>[Gen 9] OU is currently suspecting Tera Blast! For information on how to participate check out the <a href="https://www.smogon.com/tools/suspects/view/200">suspect thread</a>.</strong></div>
|j|☆vryfast
|j|☆Yuri Downham
|t:|1776046296
|gametype|singles
|player|p1|vryfast|266|1315
|player|p2|Yuri Downham|palmer|1359
|gen|9
|tier|[Gen 9] OU
|rated|
|rule|HP Percentage Mod: HP is shown in percentages
|rule|Endless Battle Clause: Forcing endless battles is banned
|rule|Species Clause: Limit one of each Pokémon
|rule|OHKO Clause: OHKO moves are banned
|rule|Evasion Items Clause: Evasion items are banned
|rule|Evasion Moves Clause: Evasion moves are banned
|rule|Evasion Abilities Clause: Evasion abilities are banned
|rule|Sleep Moves Clause: Sleep-inducing moves are banned
|clearpoke
|poke|p1|Dragapult, F|
|poke|p1|Mudsdale, M|
|poke|p1|Corviknight, M|
|poke|p1|Primarina, F|
|poke|p1|Iron Moth|
|poke|p1|Goodra-Hisui, M|
|poke|p2|Samurott-Hisui, F|
|poke|p2|Ceruledge, M|
|poke|p2|Rillaboom, M|
|poke|p2|Moltres|
|poke|p2|Darkrai|
|poke|p2|Great Tusk|
|teampreview
|inactive|Battle timer is ON: inactive players will automatically lose when time's up. (requested by vryfast)
|
|t:|1776046308
|teamsize|p1|6
|teamsize|p2|6
|start
|switch|p1a: Mudsdale|Mudsdale, M|100/100
|switch|p2a: Samurott|Samurott-Hisui, F|100/100
|turn|1
|
|t:|1776046313
|move|p2a: Samurott|Ceaseless Edge|p1a: Mudsdale
|-damage|p1a: Mudsdale|72/100
|-damage|p2a: Samurott|84/100|[from] item: Rocky Helmet|[of] p1a: Mudsdale
|-ability|p1a: Mudsdale|Stamina|boost
|-boost|p1a: Mudsdale|def|1
|-sidestart|p1: vryfast|Spikes
|move|p1a: Mudsdale|Body Press|p2a: Samurott
|-supereffective|p2a: Samurott
|-damage|p2a: Samurott|0 fnt
|faint|p2a: Samurott
|
|upkeep
|
|t:|1776046318
|switch|p2a: Rillaboom|Rillaboom, M|100/100
|-fieldstart|move: Grassy Terrain|[from] ability: Grassy Surge|[of] p2a: Rillaboom
|turn|2
|
|t:|1776046321
|switch|p1a: Goodra|Goodra-Hisui, M|100/100
|-damage|p1a: Goodra|88/100|[from] Spikes
|move|p2a: Rillaboom|Knock Off|p1a: Goodra
|-damage|p1a: Goodra|56/100
|-enditem|p1a: Goodra|Assault Vest|[from] move: Knock Off|[of] p2a: Rillaboom
|
|-heal|p1a: Goodra|62/100|[from] Grassy Terrain
|upkeep
|turn|3
|
|t:|1776046329
|move|p2a: Rillaboom|U-turn|p1a: Goodra
|-resisted|p1a: Goodra
|-damage|p1a: Goodra|49/100
|
|t:|1776046333
|switch|p2a: Great Tusk|Great Tusk|100/100|[from] U-turn
|move|p1a: Goodra|Knock Off|p2a: Great Tusk
|-resisted|p2a: Great Tusk
|-damage|p2a: Great Tusk|94/100
|-enditem|p2a: Great Tusk|Assault Vest|[from] move: Knock Off|[of] p1a: Goodra
|
|-heal|p2a: Great Tusk|99/100|[from] Grassy Terrain
|-heal|p1a: Goodra|55/100|[from] Grassy Terrain
|upkeep
|turn|4
|
|t:|1776046343
|switch|p1a: Corviknight|Corviknight, M|100/100
|-ability|p1a: Corviknight|Pressure
|move|p2a: Great Tusk|Close Combat|p1a: Corviknight
|-damage|p1a: Corviknight|68/100
|-unboost|p2a: Great Tusk|def|1
|-unboost|p2a: Great Tusk|spd|1
|-damage|p2a: Great Tusk|84/100|[from] item: Rocky Helmet|[of] p1a: Corviknight
|
|-heal|p2a: Great Tusk|90/100|[from] Grassy Terrain
|upkeep
|turn|5
|
|t:|1776046351
|-end|p2a: Great Tusk|Protosynthesis|[silent]
|switch|p2a: Moltres|Moltres|100/100
|move|p1a: Corviknight|Defog|p2a: Moltres
|-unboost|p2a: Moltres|evasion|1
|-sideend|p1: vryfast|Spikes|[from] move: Defog|[of] p1a: Corviknight
|-fieldend|move: Grassy Terrain
|
|upkeep
|turn|6
|
|t:|1776046357
|switch|p1a: Goodra|Goodra-Hisui, M|55/100
|move|p2a: Moltres|Will-O-Wisp|p1a: Goodra
|-status|p1a: Goodra|brn
|
|-damage|p1a: Goodra|49/100 brn|[from] brn
|upkeep
|turn|7
|
|t:|1776046365
|switch|p2a: Great Tusk|Great Tusk|90/100
|move|p1a: Goodra|Knock Off|p2a: Great Tusk
|-resisted|p2a: Great Tusk
|-damage|p2a: Great Tusk|88/100
|
|-damage|p1a: Goodra|43/100 brn|[from] brn
|upkeep
|turn|8
|
|t:|1776046369
|move|p2a: Great Tusk|Close Combat|p1a: Goodra
|-supereffective|p1a: Goodra
|-damage|p1a: Goodra|0 fnt
|-unboost|p2a: Great Tusk|def|1
|-unboost|p2a: Great Tusk|spd|1
|faint|p1a: Goodra
|
|upkeep
|
|t:|1776046376
|switch|p1a: Primarina|Primarina, F|100/100
|turn|9
|
|t:|1776046383
|-end|p2a: Great Tusk|Protosynthesis|[silent]
|switch|p2a: Rillaboom|Rillaboom, M|100/100
|-fieldstart|move: Grassy Terrain|[from] ability: Grassy Surge|[of] p2a: Rillaboom
|move|p1a: Primarina|Psychic Noise|p2a: Rillaboom
|-damage|p2a: Rillaboom|81/100
|-start|p2a: Rillaboom|move: Heal Block
|
|upkeep
|turn|10
|
|t:|1776046394
|switch|p1a: Corviknight|Corviknight, M|68/100
|-ability|p1a: Corviknight|Pressure
|move|p2a: Rillaboom|Knock Off|p1a: Corviknight
|-damage|p1a: Corviknight|47/100
|-damage|p2a: Rillaboom|64/100|[from] item: Rocky Helmet|[of] p1a: Corviknight
|-enditem|p1a: Corviknight|Rocky Helmet|[from] move: Knock Off|[of] p2a: Rillaboom
|
|-end|p2a: Rillaboom|move: Heal Block
|upkeep
|turn|11
|
|t:|1776046401
|move|p2a: Rillaboom|U-turn|p1a: Corviknight
|-resisted|p1a: Corviknight
|-damage|p1a: Corviknight|43/100
|
|t:|1776046410
|switch|p2a: Ceruledge|Ceruledge, M|100/100|[from] U-turn
|move|p1a: Corviknight|Roost|p1a: Corviknight
|-heal|p1a: Corviknight|93/100
|-singleturn|p1a: Corviknight|move: Roost
|
|-heal|p1a: Corviknight|99/100|[from] Grassy Terrain
|upkeep
|turn|12
|
|t:|1776046416
|move|p2a: Ceruledge|Swords Dance|p2a: Ceruledge
|-boost|p2a: Ceruledge|atk|2
|move|p1a: Corviknight|U-turn|p2a: Ceruledge
|-resisted|p2a: Ceruledge
|-damage|p2a: Ceruledge|97/100
|-ability|p2a: Ceruledge|Weak Armor|boost
|-unboost|p2a: Ceruledge|def|1
|-boost|p2a: Ceruledge|spe|2
|
|t:|1776046419
|switch|p1a: Dragapult|Dragapult, F|100/100|[from] U-turn
|
|-heal|p2a: Ceruledge|100/100|[from] Grassy Terrain
|upkeep
|turn|13
|
|t:|1776046429
|-terastallize|p1a: Dragapult|Fire
|move|p2a: Ceruledge|Shadow Sneak|p1a: Dragapult
|-damage|p1a: Dragapult|26/100
|-damage|p2a: Ceruledge|90/100|[from] item: Life Orb
|move|p1a: Dragapult|Dragon Darts|p2a: Ceruledge
|-damage|p2a: Ceruledge|52/100
|-ability|p2a: Ceruledge|Weak Armor|boost
|-unboost|p2a: Ceruledge|def|1
|-boost|p2a: Ceruledge|spe|2
|-anim|p1a: Dragapult|Dragon Darts|p2a: Ceruledge
|-damage|p2a: Ceruledge|0 fnt
|faint|p2a: Ceruledge
|
|-heal|p1a: Dragapult|32/100|[from] Grassy Terrain
|-fieldend|move: Grassy Terrain
|upkeep
|
|t:|1776046441
|switch|p2a: Great Tusk|Great Tusk|88/100
|turn|14
|
|t:|1776046445
|switch|p1a: Corviknight|Corviknight, M|99/100
|-ability|p1a: Corviknight|Pressure
|move|p2a: Great Tusk|Close Combat|p1a: Corviknight
|-crit|p1a: Corviknight
|-damage|p1a: Corviknight|51/100
|-unboost|p2a: Great Tusk|def|1
|-unboost|p2a: Great Tusk|spd|1
|
|upkeep
|turn|15
|
|t:|1776046452
|-end|p2a: Great Tusk|Protosynthesis|[silent]
|switch|p2a: Moltres|Moltres|100/100
|move|p1a: Corviknight|Roost|p1a: Corviknight
|-heal|p1a: Corviknight|100/100
|-singleturn|p1a: Corviknight|move: Roost
|
|upkeep
|turn|16
|
|t:|1776046456
|switch|p1a: Iron Moth|Iron Moth|100/100
|-enditem|p1a: Iron Moth|Booster Energy
|-activate|p1a: Iron Moth|ability: Quark Drive|[fromitem]
|-start|p1a: Iron Moth|quarkdrivespa
|move|p2a: Moltres|U-turn|p1a: Iron Moth
|-resisted|p1a: Iron Moth
|-damage|p1a: Iron Moth|95/100
|
|t:|1776046463
|switch|p2a: Great Tusk|Great Tusk|88/100|[from] U-turn
|
|upkeep
|turn|17
|
|t:|1776046468
|-end|p1a: Iron Moth|Quark Drive|[silent]
|switch|p1a: Corviknight|Corviknight, M|100/100
|-ability|p1a: Corviknight|Pressure
|-terastallize|p2a: Great Tusk|Water
|move|p2a: Great Tusk|Headlong Rush|p1a: Corviknight
|-immune|p1a: Corviknight
|
|upkeep
|turn|18
|
|t:|1776046478
|-end|p2a: Great Tusk|Protosynthesis|[silent]
|switch|p2a: Moltres|Moltres|100/100
|move|p1a: Corviknight|Body Press|p2a: Moltres
|-resisted|p2a: Moltres
|-damage|p2a: Moltres|91/100
|-status|p1a: Corviknight|brn|[from] ability: Flame Body|[of] p2a: Moltres
|
|-damage|p1a: Corviknight|94/100 brn|[from] brn
|upkeep
|turn|19
|
|t:|1776046484
|move|p2a: Moltres|Flamethrower|p1a: Corviknight
|-supereffective|p1a: Corviknight
|-damage|p1a: Corviknight|18/100 brn
|move|p1a: Corviknight|U-turn|p2a: Moltres
|-resisted|p2a: Moltres
|-damage|p2a: Moltres|90/100
|
|t:|1776046487
|switch|p1a: Iron Moth|Iron Moth|95/100|[from] U-turn
|
|upkeep
|turn|20
|
|t:|1776046492
|move|p1a: Iron Moth|Fiery Dance|p2a: Moltres
|-resisted|p2a: Moltres
|-damage|p2a: Moltres|67/100
|-boost|p1a: Iron Moth|spa|1
|move|p2a: Moltres|U-turn|p1a: Iron Moth
|-resisted|p1a: Iron Moth
|-damage|p1a: Iron Moth|89/100
|
|t:|1776046495
|switch|p2a: Darkrai|Darkrai|100/100|[from] U-turn
|
|upkeep
|turn|21
|
|t:|1776046506
|move|p2a: Darkrai|Dark Pulse|p1a: Iron Moth
|-damage|p1a: Iron Moth|44/100
|move|p1a: Iron Moth|Fiery Dance|p2a: Darkrai
|-damage|p2a: Darkrai|0 fnt
|-boost|p1a: Iron Moth|spa|1
|faint|p2a: Darkrai
|
|upkeep
|
|t:|1776046513
|switch|p2a: Great Tusk|Great Tusk, tera:Water|88/100
|turn|22
|
|t:|1776046518
|move|p1a: Iron Moth|Energy Ball|p2a: Great Tusk
|-supereffective|p2a: Great Tusk
|-damage|p2a: Great Tusk|0 fnt
|faint|p2a: Great Tusk
|-end|p2a: Great Tusk|Protosynthesis|[silent]
|
|upkeep
|
|t:|1776046521
|switch|p2a: Rillaboom|Rillaboom, M|64/100
|-fieldstart|move: Grassy Terrain|[from] ability: Grassy Surge|[of] p2a: Rillaboom
|turn|23
|
|t:|1776046523
|move|p2a: Rillaboom|Grassy Glide|p1a: Iron Moth
|-resisted|p1a: Iron Moth
|-damage|p1a: Iron Moth|28/100
|move|p1a: Iron Moth|Sludge Wave|p2a: Rillaboom
|-supereffective|p2a: Rillaboom
|-damage|p2a: Rillaboom|0 fnt
|faint|p2a: Rillaboom
|
|-heal|p1a: Iron Moth|34/100|[from] Grassy Terrain
|upkeep
|
|t:|1776046527
|switch|p2a: Moltres|Moltres|67/100
|turn|24
|-message|Yuri Downham forfeited.
|
|win|vryfast
|raw|vryfast's rating: 1315 &rarr; <strong>1338</strong><br />(+23 for winning)
|raw|Yuri Downham's rating: 1359 &rarr; <strong>1336</strong><br />(-23 for losing)
|l|☆Yuri Downham
|player|p2|
|l|☆vryfast
|player|p1|
