|html|<div class="broadcast-blue"><strong>[Gen 9] OU is currently suspecting Tera Blast! For information on how to participate check out the <a href="https://www.smogon.com/tools/suspects/view/200">suspect thread</a>.</strong></div>
|j|☆carcol
|j|☆jonjonbap
|t:|1776121531
|gametype|singles
|player|p1|carcol|lady|1238
|player|p2|jonjonbap|2|1250
|gen|9
|tier|[Gen 9] OU
|rated|
|rule|HP Percentage Mod: HP is shown in percentages
|rule|Endless Battle Clause: Forcing endless battles is banned
|rule|Species Clause: Limit one of each Pokémon
|rule|OHKO Clause: OHKO moves are banned
|rule|Evasion Items Clause: Evasion items are banned
|rule|Evasion Moves Clause: Evasion moves are banned
|rule|Evasion Abilities Clause: Evasion abilities are banned
|rule|Sleep Moves Clause: Sleep-inducing moves are banned
|clearpoke
|poke|p1|Chesnaught, M|
|poke|p1|Oricorio-Pom-Pom, F|
|poke|p1|Mienshao, M|
|poke|p1|Alomomola, M|
|poke|p1|Glimmora, F|
|poke|p1|Porygon-Z|
|poke|p2|Volcanion|
|poke|p2|Pelipper, M|
|poke|p2|Iron Treads|
|poke|p2|Dragapult, M|
|poke|p2|Overqwil, M|
|poke|p2|Iron Valiant|
|teampreview
|inactive|Battle timer is ON: inactive players will automatically lose when time's up. (requested by jonjonbap)
|c|☆carcol|glhf
|
|t:|1776121542
|teamsize|p1|6
|teamsize|p2|6
|start
|switch|p1a: Oricorio|Oricorio-Pom-Pom, F|100/100
|switch|p2a: Pelipper|Pelipper, M, shiny|100/100
|-weather|RainDance|[from] ability: Drizzle|[of] p2a: Pelipper
|turn|1
|
|t:|1776121558
|switch|p2a: Iron Treads|Iron Treads, shiny|100/100
|-enditem|p2a: Iron Treads|Booster Energy
|-activate|p2a: Iron Treads|ability: Quark Drive|[fromitem]
|-start|p2a: Iron Treads|quarkdrivespe
|move|p1a: Oricorio|Quiver Dance|p1a: Oricorio
|-boost|p1a: Oricorio|spa|1
|-boost|p1a: Oricorio|spd|1
|-boost|p1a: Oricorio|spe|1
|
|-weather|RainDance|[upkeep]
|upkeep
|turn|2
|inactive|jonjonbap has 120 seconds left.
|c|☆carcol|i was hoping for that uturn
|
|t:|1776121586
|move|p2a: Iron Treads|Stealth Rock|p1a: Oricorio
|-sidestart|p1: carcol|move: Stealth Rock
|move|p1a: Oricorio|Quiver Dance|p1a: Oricorio
|-boost|p1a: Oricorio|spa|1
|-boost|p1a: Oricorio|spd|1
|-boost|p1a: Oricorio|spe|1
|
|-weather|RainDance|[upkeep]
|upkeep
|turn|3
|c|☆carcol|but you go girl
|inactive|jonjonbap has 120 seconds left.
|
|t:|1776121606
|move|p1a: Oricorio|Quiver Dance|p1a: Oricorio
|-boost|p1a: Oricorio|spa|1
|-boost|p1a: Oricorio|spd|1
|-boost|p1a: Oricorio|spe|1
|move|p2a: Iron Treads|Rapid Spin|p1a: Oricorio
|-damage|p1a: Oricorio|85/100
|-boost|p2a: Iron Treads|spe|1
|-enditem|p1a: Oricorio|Kee Berry|[eat]
|-boost|p1a: Oricorio|def|1|[from] item: Kee Berry
|
|-weather|RainDance|[upkeep]
|upkeep
|turn|4
|
|t:|1776121615
|move|p2a: Iron Treads|Thunder|p1a: Oricorio
|-damage|p1a: Oricorio|72/100
|move|p1a: Oricorio|Quiver Dance|p1a: Oricorio
|-boost|p1a: Oricorio|spa|1
|-boost|p1a: Oricorio|spd|1
|-boost|p1a: Oricorio|spe|1
|
|-weather|RainDance|[upkeep]
|upkeep
|turn|5
|inactive|jonjonbap has 120 seconds left.
|inactive|jonjonbap has 90 seconds left.
|
|t:|1776121659
|move|p1a: Oricorio|Quiver Dance|p1a: Oricorio
|-boost|p1a: Oricorio|spa|1
|-boost|p1a: Oricorio|spd|1
|-boost|p1a: Oricorio|spe|1
|move|p2a: Iron Treads|Rapid Spin|p1a: Oricorio
|-damage|p1a: Oricorio|62/100
|-boost|p2a: Iron Treads|spe|1
|
|-weather|RainDance|[upkeep]
|upkeep
|turn|6
|
|t:|1776121667
|move|p2a: Iron Treads|Rapid Spin|p1a: Oricorio
|-damage|p1a: Oricorio|51/100
|-boost|p2a: Iron Treads|spe|1
|move|p1a: Oricorio|Air Slash|p2a: Iron Treads
|-resisted|p2a: Iron Treads
|-damage|p2a: Iron Treads|29/100
|
|-weather|RainDance|[upkeep]
|upkeep
|turn|7
|
|t:|1776121680
|move|p2a: Iron Treads|Rapid Spin|p1a: Oricorio
|-damage|p1a: Oricorio|41/100
|-boost|p2a: Iron Treads|spe|1
|move|p1a: Oricorio|Air Slash|p2a: Iron Treads|[miss]
|-miss|p1a: Oricorio|p2a: Iron Treads
|
|-weather|RainDance|[upkeep]
|upkeep
|turn|8
|
|t:|1776121689
|move|p2a: Iron Treads|Rapid Spin|p1a: Oricorio
|-crit|p1a: Oricorio
|-damage|p1a: Oricorio|21/100
|-boost|p2a: Iron Treads|spe|1
|move|p1a: Oricorio|Air Slash|p2a: Iron Treads
|-resisted|p2a: Iron Treads
|-damage|p2a: Iron Treads|0 fnt
|faint|p2a: Iron Treads
|-end|p2a: Iron Treads|Quark Drive|[silent]
|
|-weather|none
|upkeep
|inactive|jonjonbap has 90 seconds left.
|
|t:|1776121723
|switch|p2a: Pelipper|Pelipper, M, shiny|100/100
|-weather|RainDance|[from] ability: Drizzle|[of] p2a: Pelipper
|turn|9
|inactive|jonjonbap has 60 seconds left.
|inactive|jonjonbap has 30 seconds left.
|inactive|jonjonbap has 20 seconds left.
|inactive|jonjonbap has 15 seconds left.
|inactive|jonjonbap has 10 seconds left.
|
|t:|1776121807
|switch|p2a: Dragapult|Dragapult, M, shiny|100/100
|move|p1a: Oricorio|Roost|p1a: Oricorio
|-heal|p1a: Oricorio|71/100
|-singleturn|p1a: Oricorio|move: Roost
|
|-weather|RainDance|[upkeep]
|upkeep
|turn|10
|inactive|jonjonbap has 20 seconds left this turn.
|inactive|jonjonbap has 15 seconds left.
|
|t:|1776121830
|move|p1a: Oricorio|Air Slash|p2a: Dragapult
|-damage|p2a: Dragapult|0 fnt
|faint|p2a: Dragapult
|
|-weather|RainDance|[upkeep]
|upkeep
|inactive|jonjonbap has 20 seconds left this turn.
|inactive|jonjonbap has 15 seconds left.
|inactive|jonjonbap has 10 seconds left.
|
|t:|1776121841
|switch|p2a: Overqwil|Overqwil, M, shiny|100/100
|turn|11
|inactive|jonjonbap has 20 seconds left this turn.
|
|t:|1776121847
|move|p1a: Oricorio|Revelation Dance|p2a: Overqwil
|-damage|p2a: Overqwil|0 fnt
|faint|p2a: Overqwil
|
|-weather|RainDance|[upkeep]
|upkeep
|inactive|jonjonbap has 25 seconds left this turn.
|inactive|jonjonbap has 20 seconds left.
|-message|jonjonbap forfeited.
|
|win|carcol
|raw|carcol's rating: 1238 &rarr; <strong>1264</strong><br />(+26 for winning)
|raw|jonjonbap's rating: 1250 &rarr; <strong>1224</strong><br />(-26 for losing)
|l|☆carcol
|player|p1|
|j|☆carcol
|player|p1|carcol|lady|
