|html|<div class="broadcast-blue"><strong>[Gen 9] OU is currently suspecting Tera Blast! For information on how to participate check out the <a href="https://www.smogon.com/tools/suspects/view/200">suspect thread</a>.</strong></div>
|j|‽jiaweihoho
|j|☆CrYMoDzZ
|t:|1776340583
|gametype|singles
|player|p1|jiaweihoho|pokefan-gen4|1176
|player|p2|CrYMoDzZ|102|1193
|gen|9
|tier|[Gen 9] OU
|rated|
|rule|HP Percentage Mod: HP is shown in percentages
|rule|Endless Battle Clause: Forcing endless battles is banned
|rule|Species Clause: Limit one of each Pokémon
|rule|OHKO Clause: OHKO moves are banned
|rule|Evasion Items Clause: Evasion items are banned
|rule|Evasion Moves Clause: Evasion moves are banned
|rule|Evasion Abilities Clause: Evasion abilities are banned
|rule|Sleep Moves Clause: Sleep-inducing moves are banned
|clearpoke
|poke|p1|Politoed, M|
|poke|p1|Zapdos|
|poke|p1|Scizor, M|
|poke|p1|Poliwrath, M|
|poke|p1|Swampert, F|
|poke|p1|Corviknight, F|
|poke|p2|Heatran, M|
|poke|p2|Ogerpon-Wellspring, F|
|poke|p2|Goodra-Hisui, M|
|poke|p2|Rotom-Wash|
|poke|p2|Glimmora, F|
|poke|p2|Iron Treads|
|teampreview
|
|t:|1776340586
|teamsize|p1|6
|teamsize|p2|6
|start
|switch|p1a: Politoed|Politoed, M|100/100
|switch|p2a: Glimmora|Glimmora, F|100/100
|-weather|RainDance|[from] ability: Drizzle|[of] p1a: Politoed
|turn|1
|inactive|Battle timer is ON: inactive players will automatically lose when time's up. (requested by CrYMoDzZ)
|
|t:|1776340595
|move|p2a: Glimmora|Mortal Spin|p1a: Politoed
|-damage|p1a: Politoed|94/100
|-status|p1a: Politoed|psn
|move|p1a: Politoed|Surf|p2a: Glimmora
|-supereffective|p2a: Glimmora
|-enditem|p2a: Glimmora|Focus Sash
|-damage|p2a: Glimmora|1/100
|
|-weather|RainDance|[upkeep]
|-damage|p1a: Politoed|82/100 psn|[from] psn
|upkeep
|turn|2
|
|t:|1776340607
|move|p2a: Glimmora|Stealth Rock|p1a: Politoed
|-sidestart|p1: jiaweihoho|move: Stealth Rock
|move|p1a: Politoed|Surf|p2a: Glimmora
|-supereffective|p2a: Glimmora
|-damage|p2a: Glimmora|0 fnt
|faint|p2a: Glimmora
|
|-weather|RainDance|[upkeep]
|-damage|p1a: Politoed|69/100 psn|[from] psn
|upkeep
|
|t:|1776340620
|switch|p2a: Ogerpon|Ogerpon-Wellspring, F|100/100
|turn|3
|
|t:|1776340630
|switch|p1a: Zapdos|Zapdos|100/100
|move|p2a: Ogerpon|Horn Leech|p1a: Zapdos
|-resisted|p1a: Zapdos
|-damage|p1a: Zapdos|68/100
|
|-weather|RainDance|[upkeep]
|upkeep
|turn|4
|
|t:|1776340642
|-terastallize|p2a: Ogerpon|Water
|detailschange|p2a: Ogerpon|Ogerpon-Wellspring-Tera, F, tera:Water
|-ability|p2a: Ogerpon|Embody Aspect (Wellspring)|boost
|-boost|p2a: Ogerpon|spd|1
|move|p1a: Zapdos|Hurricane|p2a: Ogerpon
|-damage|p2a: Ogerpon|54/100
|move|p2a: Ogerpon|Ivy Cudgel|p1a: Zapdos|[anim] Ivy Cudgel Water
|-crit|p1a: Zapdos
|-damage|p1a: Zapdos|0 fnt
|faint|p1a: Zapdos
|
|-weather|RainDance|[upkeep]
|upkeep
|
|t:|1776340660
|switch|p1a: Scizor|Scizor, M|100/100
|-damage|p1a: Scizor|88/100|[from] Stealth Rock
|turn|5
|
|t:|1776340675
|-terastallize|p1a: Scizor|Steel
|move|p1a: Scizor|Bullet Punch|p2a: Ogerpon
|-resisted|p2a: Ogerpon
|-damage|p2a: Ogerpon|13/100
|-damage|p1a: Scizor|78/100|[from] item: Life Orb
|move|p2a: Ogerpon|Ivy Cudgel|p1a: Scizor|[anim] Ivy Cudgel Water
|-damage|p1a: Scizor|0 fnt
|faint|p1a: Scizor
|
|-weather|RainDance|[upkeep]
|upkeep
|
|t:|1776340688
|switch|p1a: Poliwrath|Poliwrath, M|100/100
|-damage|p1a: Poliwrath|94/100|[from] Stealth Rock
|turn|6
|
|t:|1776340696
|switch|p2a: Rotom|Rotom-Wash|100/100
|move|p1a: Poliwrath|Poison Jab|p2a: Rotom
|-damage|p2a: Rotom|74/100
|-status|p2a: Rotom|psn
|-damage|p1a: Poliwrath|78/100|[from] item: Rocky Helmet|[of] p2a: Rotom
|-damage|p1a: Poliwrath|68/100|[from] item: Life Orb
|
|-weather|RainDance|[upkeep]
|-damage|p2a: Rotom|61/100 psn|[from] psn
|upkeep
|turn|7
|
|t:|1776340710
|switch|p1a: Swampert|Swampert, F|100/100
|-damage|p1a: Swampert|94/100|[from] Stealth Rock
|move|p2a: Rotom|Will-O-Wisp|p1a: Swampert
|-status|p1a: Swampert|brn
|
|-weather|RainDance|[upkeep]
|-heal|p1a: Swampert|100/100 brn|[from] item: Leftovers
|-damage|p2a: Rotom|49/100 psn|[from] psn
|-damage|p1a: Swampert|94/100 brn|[from] brn
|upkeep
|turn|8
|
|t:|1776340725
|move|p2a: Rotom|Hydro Pump|p1a: Swampert
|-damage|p1a: Swampert|37/100 brn
|move|p1a: Swampert|Stealth Rock|p2a: Rotom
|-sidestart|p2: CrYMoDzZ|move: Stealth Rock
|
|-weather|none
|-heal|p1a: Swampert|43/100 brn|[from] item: Leftovers
|-damage|p2a: Rotom|36/100 psn|[from] psn
|-damage|p1a: Swampert|37/100 brn|[from] brn
|upkeep
|turn|9
|
|t:|1776340737
|move|p2a: Rotom|Hydro Pump|p1a: Swampert
|-damage|p1a: Swampert|2/100 brn
|move|p1a: Swampert|Flip Turn|p2a: Rotom
|-resisted|p2a: Rotom
|-damage|p2a: Rotom|28/100 psn
|-damage|p1a: Swampert|0 fnt|[from] item: Rocky Helmet|[of] p2a: Rotom
|faint|p1a: Swampert
|
|-damage|p2a: Rotom|15/100 psn|[from] psn
|upkeep
|
|t:|1776340752
|switch|p1a: Politoed|Politoed, M|69/100 psn
|-damage|p1a: Politoed|57/100 psn|[from] Stealth Rock
|-weather|RainDance|[from] ability: Drizzle|[of] p1a: Politoed
|turn|10
|
|t:|1776340759
|move|p1a: Politoed|Surf|p2a: Rotom
|-resisted|p2a: Rotom
|-damage|p2a: Rotom|0 fnt
|faint|p2a: Rotom
|
|-weather|RainDance|[upkeep]
|-damage|p1a: Politoed|45/100 psn|[from] psn
|upkeep
|
|t:|1776340762
|switch|p2a: Ogerpon|Ogerpon-Wellspring-Tera, F, tera:Water|13/100
|-damage|p2a: Ogerpon|1/100|[from] Stealth Rock
|-ability|p2a: Ogerpon|Embody Aspect (Wellspring)|boost
|-boost|p2a: Ogerpon|spd|1
|turn|11
|
|t:|1776340772
|move|p2a: Ogerpon|Horn Leech|p1a: Politoed
|-supereffective|p1a: Politoed
|-damage|p1a: Politoed|0 fnt
|-heal|p2a: Ogerpon|29/100|[from] drain|[of] p1a: Politoed
|faint|p1a: Politoed
|
|-weather|RainDance|[upkeep]
|upkeep
|
|t:|1776340780
|switch|p1a: Poliwrath|Poliwrath, M|68/100
|-damage|p1a: Poliwrath|62/100|[from] Stealth Rock
|turn|12
|inactive|CrYMoDzZ has 120 seconds left.
|
|t:|1776340820
|switch|p2a: Goodra|Goodra-Hisui, M|100/100
|-damage|p2a: Goodra|94/100|[from] Stealth Rock
|move|p1a: Poliwrath|Drain Punch|p2a: Goodra
|-supereffective|p2a: Goodra
|-damage|p2a: Goodra|10/100
|-heal|p1a: Poliwrath|100/100|[from] drain|[of] p2a: Goodra
|-damage|p1a: Poliwrath|91/100|[from] item: Life Orb
|
|-weather|RainDance|[upkeep]
|upkeep
|turn|13
|
|t:|1776340834
|move|p1a: Poliwrath|Drain Punch|p2a: Goodra
|-supereffective|p2a: Goodra
|-damage|p2a: Goodra|0 fnt
|-heal|p1a: Poliwrath|96/100|[from] drain|[of] p2a: Goodra
|faint|p2a: Goodra
|-damage|p1a: Poliwrath|86/100|[from] item: Life Orb
|
|-weather|RainDance|[upkeep]
|upkeep
|inactive|CrYMoDzZ has 120 seconds left.
|
|t:|1776340845
|switch|p2a: Iron Treads|Iron Treads|100/100
|-damage|p2a: Iron Treads|97/100|[from] Stealth Rock
|turn|14
|inactive|CrYMoDzZ has 120 seconds left.
|
|t:|1776340855
|move|p1a: Poliwrath|Liquidation|p2a: Iron Treads
|-supereffective|p2a: Iron Treads
|-damage|p2a: Iron Treads|0 fnt
|faint|p2a: Iron Treads
|-end|p2a: Iron Treads|Quark Drive|[silent]
|-damage|p1a: Poliwrath|76/100|[from] item: Life Orb
|
|-weather|RainDance|[upkeep]
|upkeep
|
|t:|1776340858
|switch|p2a: Heatran|Heatran, M|100/100
|-damage|p2a: Heatran|88/100|[from] Stealth Rock
|-item|p2a: Heatran|Air Balloon
|turn|15
|
|t:|1776340868
|move|p2a: Heatran|Protect|p2a: Heatran
|-singleturn|p2a: Heatran|Protect
|move|p1a: Poliwrath|Liquidation|p2a: Heatran
|-activate|p2a: Heatran|move: Protect
|
|-weather|RainDance|[upkeep]
|upkeep
|turn|16
|
|t:|1776340879
|move|p1a: Poliwrath|Liquidation|p2a: Heatran
|-supereffective|p2a: Heatran
|-damage|p2a: Heatran|0 fnt
|-enditem|p2a: Heatran|Air Balloon
|faint|p2a: Heatran
|-damage|p1a: Poliwrath|66/100|[from] item: Life Orb
|
|-weather|RainDance|[upkeep]
|upkeep
|
|t:|1776340884
|switch|p2a: Ogerpon|Ogerpon-Wellspring-Tera, F, tera:Water|29/100
|-damage|p2a: Ogerpon|17/100|[from] Stealth Rock
|-ability|p2a: Ogerpon|Embody Aspect (Wellspring)|boost
|-boost|p2a: Ogerpon|spd|1
|turn|17
|
|t:|1776340907
|move|p1a: Poliwrath|Drain Punch|p2a: Ogerpon
|-damage|p2a: Ogerpon|0 fnt
|-heal|p1a: Poliwrath|74/100|[from] drain|[of] p2a: Ogerpon
|faint|p2a: Ogerpon
|detailschange|p2: Ogerpon|Ogerpon-Wellspring, F|[silent]
|-damage|p1a: Poliwrath|64/100|[from] item: Life Orb
|
|win|jiaweihoho
|raw|jiaweihoho's rating: 1176 &rarr; <strong>1202</strong><br />(+26 for winning)
|raw|CrYMoDzZ's rating: 1193 &rarr; <strong>1167</strong><br />(-26 for losing)
|l|☆CrYMoDzZ
|player|p2|
