|html|<div class="broadcast-blue"><strong>[Gen 9] OU is currently suspecting Volcarona! For information on how to participate check out the <a href="https://www.smogon.com/tools/suspects/view/208">suspect thread</a>.</strong></div>
|j|☆Alfredo_Arbuz
|j|‽TheBlackestRaven
|t:|1778506996
|gametype|singles
|player|p1|Alfredo_Arbuz|ethan|1182
|player|p2|TheBlackestRaven|burglar|1203
|gen|9
|tier|[Gen 9] OU
|rated|
|rule|HP Percentage Mod: HP is shown in percentages
|rule|Endless Battle Clause: Forcing endless battles is banned
|rule|Species Clause: Limit one of each Pokémon
|rule|OHKO Clause: OHKO moves are banned
|rule|Evasion Items Clause: Evasion items are banned
|rule|Evasion Moves Clause: Evasion moves are banned
|rule|Evasion Abilities Clause: Evasion abilities are banned
|rule|Sleep Moves Clause: Sleep-inducing moves are banned
|clearpoke
|poke|p1|Garchomp, M|
|poke|p1|Heracross, M|
|poke|p1|Zoroark-Hisui, M|
|poke|p1|Armarouge, M|
|poke|p1|Kilowattrel, F|
|poke|p1|Lucario, M|
|poke|p2|Blaziken, M|
|poke|p2|Gardevoir, F|
|poke|p2|Corviknight, M|
|poke|p2|Garchomp, M|
|poke|p2|Samurott-Hisui, F|
|poke|p2|Pecharunt|
|teampreview
|inactive|Battle timer is ON: inactive players will automatically lose when time's up. (requested by TheBlackestRaven)
|inactive|Alfredo_Arbuz also wants the timer to be on.
|
|t:|1778507019
|teamsize|p1|6
|teamsize|p2|6
|start
|switch|p1a: Monarch|Kilowattrel, F|100/100
|switch|p2a: Gardevoir|Gardevoir, F, shiny|100/100
|-ability|p2a: Gardevoir|Competitive|Trace|[from] ability: Trace|[of] p1a: Monarch
|turn|1
|inactive|TheBlackestRaven has 120 seconds left.
|c|☆Alfredo_Arbuz|Glhf
|
|t:|1778507051
|switch|p2a: Garchomp|Garchomp, M, shiny|100/100
|move|p1a: Monarch|Discharge|p2a: Garchomp
|-immune|p2a: Garchomp
|
|upkeep
|turn|2
|
|t:|1778507058
|move|p1a: Monarch|Tailwind|p1a: Monarch
|-sidestart|p1: Alfredo_Arbuz|move: Tailwind
|move|p2a: Garchomp|Stealth Rock|p1a: Monarch
|-sidestart|p1: Alfredo_Arbuz|move: Stealth Rock
|
|upkeep
|turn|3
|
|t:|1778507065
|switch|p1a: Anihilator|Garchomp, M|100/100
|-damage|p1a: Anihilator|94/100|[from] Stealth Rock
|move|p2a: Garchomp|Dragon Tail|p1a: Anihilator|[miss]
|-miss|p2a: Garchomp|p1a: Anihilator
|
|upkeep
|turn|4
|
|t:|1778507076
|move|p1a: Anihilator|Dragon Claw|p2a: Garchomp
|-supereffective|p2a: Garchomp
|-damage|p2a: Garchomp|40/100
|-damage|p1a: Anihilator|82/100|[from] ability: Rough Skin|[of] p2a: Garchomp
|move|p2a: Garchomp|Dragon Tail|p1a: Anihilator
|-supereffective|p1a: Anihilator
|-damage|p1a: Anihilator|32/100
|-damage|p2a: Garchomp|28/100|[from] ability: Rough Skin|[of] p1a: Anihilator
|drag|p1a: Gambit|Lucario, M|100/100
|-damage|p1a: Gambit|98/100|[from] Stealth Rock
|-item|p1a: Gambit|Air Balloon
|
|-heal|p2a: Garchomp|34/100|[from] item: Leftovers
|upkeep
|turn|5
|inactive|TheBlackestRaven has 120 seconds left.
|
|t:|1778507105
|switch|p2a: Corviknight|Corviknight, M, shiny|100/100
|-ability|p2a: Corviknight|Pressure
|move|p1a: Gambit|Swords Dance|p1a: Gambit
|-boost|p1a: Gambit|atk|2
|
|-sideend|p1: Alfredo_Arbuz|move: Tailwind
|upkeep
|turn|6
|inactive|TheBlackestRaven has 120 seconds left.
|
|t:|1778507131
|move|p1a: Gambit|Close Combat|p2a: Corviknight
|-damage|p2a: Corviknight|26/100
|-unboost|p1a: Gambit|def|1
|-unboost|p1a: Gambit|spd|1
|move|p2a: Corviknight|Body Press|p1a: Gambit
|-supereffective|p1a: Gambit
|-damage|p1a: Gambit|0 fnt
|-enditem|p1a: Gambit|Air Balloon
|faint|p1a: Gambit
|
|-heal|p2a: Corviknight|32/100|[from] item: Leftovers
|upkeep
|inactive|Alfredo_Arbuz has 120 seconds left.
|
|t:|1778507144
|switch|p1a: Monarch|Kilowattrel, F|100/100
|-damage|p1a: Monarch|76/100|[from] Stealth Rock
|turn|7
|inactive|TheBlackestRaven has 120 seconds left.
|inactive|Alfredo_Arbuz has 120 seconds left.
|
|t:|1778507174
|switch|p1a: Anihilator|Garchomp, M|100/100
|switch|p2a: Garchomp|Garchomp, M, shiny|34/100
|
|-heal|p2a: Garchomp|40/100|[from] item: Leftovers
|upkeep
|turn|8
|inactive|Alfredo_Arbuz has 120 seconds left.
|inactive|TheBlackestRaven has 90 seconds left.
|
|t:|1778507219
|move|p1a: Anihilator|Nasty Plot|p1a: Anihilator
|-boost|p1a: Anihilator|spa|2
|move|p2a: Garchomp|Dragon Tail|p1a: Anihilator
|-damage|p1a: Anihilator|47/100
|replace|p1a: Mario|Zoroark-Hisui, M
|-end|p1a: Mario|Illusion
|drag|p1a: L.Martin|Heracross, M|100/100
|-damage|p1a: L.Martin|88/100|[from] Stealth Rock
|
|-heal|p2a: Garchomp|46/100|[from] item: Leftovers
|-status|p1a: L.Martin|brn|[from] item: Flame Orb
|upkeep
|turn|9
|
|t:|1778507240
|switch|p2a: Pecharunt|Pecharunt|100/100
|move|p1a: L.Martin|Knock Off|p2a: Pecharunt
|-supereffective|p2a: Pecharunt
|-damage|p2a: Pecharunt|43/100
|-enditem|p2a: Pecharunt|Heavy-Duty Boots|[from] move: Knock Off|[of] p1a: L.Martin
|
|-damage|p1a: L.Martin|82/100 brn|[from] brn
|upkeep
|turn|10
|inactive|TheBlackestRaven has 60 seconds left.
|
|t:|1778507255
|switch|p2a: Gardevoir|Gardevoir, F, shiny|100/100
|-ability|p2a: Gardevoir|Guts|Trace|[from] ability: Trace|[of] p1a: L.Martin
|move|p1a: L.Martin|Knock Off|p2a: Gardevoir
|-damage|p2a: Gardevoir|7/100
|-enditem|p2a: Gardevoir|Choice Scarf|[from] move: Knock Off|[of] p1a: L.Martin
|
|-damage|p1a: L.Martin|76/100 brn|[from] brn
|upkeep
|turn|11
|inactive|TheBlackestRaven has 60 seconds left.
|
|t:|1778507274
|move|p2a: Gardevoir|Moonblast|p1a: L.Martin
|-supereffective|p1a: L.Martin
|-damage|p1a: L.Martin|0 fnt
|faint|p1a: L.Martin
|
|upkeep
|
|t:|1778507283
|switch|p1a: Anihilator|Garchomp, M|47/100
|turn|12
|
|t:|1778507286
|move|p1a: Anihilator|Hyper Voice|p2a: Gardevoir
|-damage|p2a: Gardevoir|0 fnt
|faint|p2a: Gardevoir
|
|upkeep
|
|t:|1778507292
|switch|p2a: Samurott|Samurott-Hisui, F, shiny|100/100
|turn|13
|
|t:|1778507299
|switch|p1a: Monarch|Kilowattrel, F|76/100
|-damage|p1a: Monarch|51/100|[from] Stealth Rock
|move|p2a: Samurott|Aqua Jet|p1a: Monarch
|-damage|p1a: Monarch|16/100
|
|upkeep
|turn|14
|
|t:|1778507314
|move|p2a: Samurott|Aqua Jet|p1a: Monarch
|-damage|p1a: Monarch|0 fnt
|faint|p1a: Monarch
|
|upkeep
|
|t:|1778507321
|switch|p1a: Anihilator|Garchomp, M|47/100
|turn|15
|inactive|TheBlackestRaven has 90 seconds left.
|
|t:|1778507351
|move|p2a: Samurott|Aqua Jet|p1a: Anihilator
|-damage|p1a: Anihilator|12/100
|replace|p1a: Mario|Zoroark-Hisui, M
|-end|p1a: Mario|Illusion
|move|p1a: Mario|Hyper Voice|p2a: Samurott
|-damage|p2a: Samurott|70/100
|
|upkeep
|turn|16
|
|t:|1778507360
|move|p2a: Samurott|Aqua Jet|p1a: Mario
|-damage|p1a: Mario|0 fnt
|faint|p1a: Mario
|
|upkeep
|
|t:|1778507363
|switch|p1a: Deimos|Armarouge, M|100/100
|-damage|p1a: Deimos|75/100|[from] Stealth Rock
|turn|17
|
|t:|1778507390
|-terastallize|p1a: Deimos|Dark
|move|p1a: Deimos|Energy Ball|p2a: Samurott
|-supereffective|p2a: Samurott
|-damage|p2a: Samurott|2/100
|move|p2a: Samurott|Ceaseless Edge|p1a: Deimos
|-resisted|p1a: Deimos
|-damage|p1a: Deimos|51/100
|-ability|p1a: Deimos|Weak Armor|boost
|-unboost|p1a: Deimos|def|1
|-boost|p1a: Deimos|spe|2
|-sidestart|p1: Alfredo_Arbuz|Spikes
|
|upkeep
|turn|18
|
|t:|1778507402
|move|p2a: Samurott|Aqua Jet|p1a: Deimos
|-damage|p1a: Deimos|24/100
|-ability|p1a: Deimos|Weak Armor|boost
|-unboost|p1a: Deimos|def|1
|-boost|p1a: Deimos|spe|2
|move|p1a: Deimos|Energy Ball|p2a: Samurott
|-supereffective|p2a: Samurott
|-damage|p2a: Samurott|0 fnt
|faint|p2a: Samurott
|
|upkeep
|inactive|TheBlackestRaven has 60 seconds left.
|
|t:|1778507412
|switch|p2a: Corviknight|Corviknight, M, shiny|32/100
|-ability|p2a: Corviknight|Pressure
|turn|19
|inactive|TheBlackestRaven has 60 seconds left.
|
|t:|1778507424
|switch|p1a: Anihilator|Garchomp, M|32/100
|-damage|p1a: Anihilator|26/100|[from] Stealth Rock
|-damage|p1a: Anihilator|14/100|[from] Spikes
|move|p2a: Corviknight|Body Press|p1a: Anihilator
|-damage|p1a: Anihilator|0 fnt
|-damage|p2a: Corviknight|20/100|[from] ability: Rough Skin|[of] p1a: Anihilator
|faint|p1a: Anihilator
|
|-heal|p2a: Corviknight|26/100|[from] item: Leftovers
|upkeep
|
|t:|1778507433
|switch|p1a: Deimos|Armarouge, M, tera:Dark|24/100
|-damage|p1a: Deimos|12/100|[from] Stealth Rock
|-damage|p1a: Deimos|0 fnt|[from] Spikes
|faint|p1a: Deimos
|
|win|TheBlackestRaven
|raw|Alfredo_Arbuz's rating: 1182 &rarr; <strong>1159</strong><br />(-23 for losing)
|raw|TheBlackestRaven's rating: 1203 &rarr; <strong>1226</strong><br />(+23 for winning)
|c|☆Alfredo_Arbuz|GG
|l|☆Alfredo_Arbuz
|player|p1|
|n|☆TheBlackestRaven|theblackestraven
