|html|<div class="broadcast-blue"><strong>[Gen 9] OU is currently suspecting Tera Blast! For information on how to participate check out the <a href="https://www.smogon.com/tools/suspects/view/200">suspect thread</a>.</strong></div>
|j|☆emeraldspottie
|j|☆aeSpark
|t:|1776043980
|gametype|singles
|player|p1|emeraldspottie|volo-ginkgo|
|player|p2|aeSpark|miku-ghost|
|gen|9
|tier|[Gen 9] OU
|rule|HP Percentage Mod: HP is shown in percentages
|rule|Endless Battle Clause: Forcing endless battles is banned
|rule|Species Clause: Limit one of each Pokémon
|rule|OHKO Clause: OHKO moves are banned
|rule|Evasion Items Clause: Evasion items are banned
|rule|Evasion Moves Clause: Evasion moves are banned
|rule|Evasion Abilities Clause: Evasion abilities are banned
|rule|Sleep Moves Clause: Sleep-inducing moves are banned
|clearpoke
|poke|p1|Slowking-Galar, F|
|poke|p1|Zamazenta-*|
|poke|p1|Landorus-Therian, M|
|poke|p1|Kingambit, F|
|poke|p1|Dragapult, F|
|poke|p1|Ogerpon-Wellspring, F|
|poke|p2|Zamazenta-*|
|poke|p2|Tornadus-Therian, M|
|poke|p2|Dragonite, M|
|poke|p2|Gholdengo|
|poke|p2|Ogerpon-Wellspring, F|
|poke|p2|Great Tusk|
|teampreview
|c|☆aeSpark|I randomly chose I team
|c|☆emeraldspottie|stop suspecting tera blast
|c|☆emeraldspottie|tera blast is so good for the metagame
|c|☆emeraldspottie|tera fairy tera blast gam bit
|
|t:|1776044007
|teamsize|p1|6
|teamsize|p2|6
|start
|switch|p1a: Zamazenta|Zamazenta|100/100
|switch|p2a: Tornadus|Tornadus-Therian, M|100/100
|-ability|p1a: Zamazenta|Dauntless Shield|boost
|-boost|p1a: Zamazenta|def|1
|turn|1
|
|t:|1776044019
|move|p1a: Zamazenta|Stone Edge|p2a: Tornadus
|-supereffective|p2a: Tornadus
|-damage|p2a: Tornadus|24/100
|move|p2a: Tornadus|Bleakwind Storm|p1a: Zamazenta
|-supereffective|p1a: Zamazenta
|-damage|p1a: Zamazenta|37/100
|
|upkeep
|turn|2
|
|t:|1776044033
|switch|p2a: Great Tusk|Great Tusk|100/100
|-enditem|p2a: Great Tusk|Booster Energy
|-activate|p2a: Great Tusk|ability: Protosynthesis|[fromitem]
|-start|p2a: Great Tusk|protosynthesisatk
|move|p1a: Zamazenta|Crunch|p2a: Great Tusk
|-resisted|p2a: Great Tusk
|-damage|p2a: Great Tusk|90/100
|
|upkeep
|turn|3
|
|t:|1776044048
|switch|p1a: Landorus|Landorus-Therian, M|100/100
|-ability|p1a: Landorus|Intimidate|boost
|-unboost|p2a: Great Tusk|atk|1
|move|p2a: Great Tusk|Ice Spinner|p1a: Landorus
|-supereffective|p1a: Landorus
|-damage|p1a: Landorus|22/100
|-damage|p2a: Great Tusk|74/100|[from] item: Rocky Helmet|[of] p1a: Landorus
|
|upkeep
|turn|4
|c|☆aeSpark|lol
|
|t:|1776044064
|move|p2a: Great Tusk|Ice Spinner|p1a: Landorus
|-supereffective|p1a: Landorus
|-damage|p1a: Landorus|0 fnt
|-damage|p2a: Great Tusk|57/100|[from] item: Rocky Helmet|[of] p1a: Landorus
|faint|p1a: Landorus
|
|upkeep
|
|t:|1776044069
|switch|p1a: Ogerpon|Ogerpon-Wellspring, F|100/100
|turn|5
|
|t:|1776044088
|-end|p2a: Great Tusk|Protosynthesis|[silent]
|switch|p2a: Ogerpon|Ogerpon-Wellspring, F|100/100
|move|p1a: Ogerpon|Horn Leech|p2a: Ogerpon
|-damage|p2a: Ogerpon|37/100
|
|upkeep
|turn|6
|c|☆emeraldspottie|i love tera fairy tera blast
|c|☆aeSpark|wanna bet
|c|☆emeraldspottie|k
|
|t:|1776044113
|switch|p1a: Dragapult|Dragapult, F|100/100
|move|p2a: Ogerpon|Horn Leech|p1a: Dragapult
|-resisted|p1a: Dragapult
|-damage|p1a: Dragapult|72/100
|-heal|p2a: Ogerpon|52/100|[from] drain|[of] p1a: Dragapult
|
|upkeep
|turn|7
|c|☆aeSpark|bruh
|c|☆aeSpark|at least I get HP
|
|t:|1776044128
|switch|p2a: Gholdengo|Gholdengo|100/100
|move|p1a: Dragapult|Dragon Darts|p2a: Gholdengo
|-resisted|p2a: Gholdengo
|-damage|p2a: Gholdengo|89/100
|-anim|p1a: Dragapult|Dragon Darts|p2a: Gholdengo
|-resisted|p2a: Gholdengo
|-damage|p2a: Gholdengo|76/100
|
|upkeep
|turn|8
|
|t:|1776044141
|move|p1a: Dragapult|U-turn|p2a: Gholdengo
|-resisted|p2a: Gholdengo
|-damage|p2a: Gholdengo|70/100
|
|t:|1776044145
|switch|p1a: Little Timmy|Kingambit, F|100/100|[from] U-turn
|-activate|p1a: Little Timmy|ability: Supreme Overlord
|-start|p1a: Little Timmy|fallen1|[silent]
|move|p2a: Gholdengo|Make It Rain|p1a: Little Timmy
|-resisted|p1a: Little Timmy
|-damage|p1a: Little Timmy|69/100
|-unboost|p2a: Gholdengo|spa|1
|
|-heal|p1a: Little Timmy|75/100|[from] item: Leftovers
|upkeep
|turn|9
|
|t:|1776044159
|switch|p2a: Great Tusk|Great Tusk|57/100
|move|p1a: Little Timmy|Kowtow Cleave|p2a: Great Tusk
|-resisted|p2a: Great Tusk
|-damage|p2a: Great Tusk|38/100
|
|-heal|p1a: Little Timmy|81/100|[from] item: Leftovers
|upkeep
|turn|10
|
|t:|1776044170
|-terastallize|p1a: Little Timmy|Fairy
|move|p2a: Great Tusk|Headlong Rush|p1a: Little Timmy
|-damage|p1a: Little Timmy|31/100
|-unboost|p2a: Great Tusk|def|1
|-unboost|p2a: Great Tusk|spd|1
|move|p1a: Little Timmy|Tera Blast|p2a: Great Tusk|[anim] Tera Blast Fairy
|-supereffective|p2a: Great Tusk
|-damage|p2a: Great Tusk|0 fnt
|faint|p2a: Great Tusk
|-end|p2a: Great Tusk|Protosynthesis|[silent]
|
|-heal|p1a: Little Timmy|37/100|[from] item: Leftovers
|upkeep
|c|☆emeraldspottie|pew pew
|c|☆emeraldspottie|i love this move
|
|t:|1776044184
|switch|p2a: Ogerpon|Ogerpon-Wellspring, F|52/100
|turn|11
|
|t:|1776044192
|move|p1a: Little Timmy|Sucker Punch||[still]
|-fail|p1a: Little Timmy
|move|p2a: Ogerpon|Encore|p1a: Little Timmy
|-start|p1a: Little Timmy|Encore
|
|-heal|p1a: Little Timmy|43/100|[from] item: Leftovers
|upkeep
|turn|12
|
|t:|1776044201
|switch|p2a: Dragonite|Dragonite, M|100/100
|-end|p1a: Little Timmy|fallen1|[silent]
|switch|p1a: Dragapult|Dragapult, F|72/100
|
|upkeep
|turn|13
|
|t:|1776044231
|move|p1a: Dragapult|Will-O-Wisp|p2a: Dragonite
|-status|p2a: Dragonite|brn
|-enditem|p2a: Dragonite|Rawst Berry|[eat]
|-curestatus|p2a: Dragonite|brn|[msg]
|move|p2a: Dragonite|Dragon Claw|p1a: Dragapult
|-supereffective|p1a: Dragapult
|-damage|p1a: Dragapult|0 fnt
|faint|p1a: Dragapult
|
|upkeep
|c|☆aeSpark|haha
|
|t:|1776044254
|switch|p1a: Little Timmy|Kingambit, F, tera:Fairy|43/100
|-activate|p1a: Little Timmy|ability: Supreme Overlord
|-start|p1a: Little Timmy|fallen2|[silent]
|turn|14
|
|t:|1776044281
|-terastallize|p2a: Dragonite|Fairy
|move|p2a: Dragonite|Dragon Dance|p2a: Dragonite
|-boost|p2a: Dragonite|atk|1
|-boost|p2a: Dragonite|spe|1
|move|p1a: Little Timmy|Tera Blast|p2a: Dragonite|[anim] Tera Blast Fairy
|-damage|p2a: Dragonite|68/100
|
|-heal|p1a: Little Timmy|49/100|[from] item: Leftovers
|upkeep
|turn|15
|
|t:|1776044295
|move|p2a: Dragonite|Extreme Speed|p1a: Little Timmy
|-damage|p1a: Little Timmy|14/100
|move|p1a: Little Timmy|Tera Blast|p2a: Dragonite|[anim] Tera Blast Fairy
|-damage|p2a: Dragonite|1/100
|
|-heal|p1a: Little Timmy|21/100|[from] item: Leftovers
|upkeep
|turn|16
|c|☆aeSpark|its 6.3% bruh
|c|☆aeSpark|what do you expect
|c|☆emeraldspottie|NOOOOOO 1%
|
|t:|1776044329
|-end|p1a: Little Timmy|fallen2|[silent]
|switch|p1a: Slowking|Slowking-Galar, F|100/100
|move|p2a: Dragonite|Extreme Speed|p1a: Slowking
|-damage|p1a: Slowking|52/100
|
|upkeep
|turn|17
|
|t:|1776044336
|move|p2a: Dragonite|Dragon Claw|p1a: Slowking
|-damage|p1a: Slowking|0 fnt
|faint|p1a: Slowking
|
|upkeep
|
|t:|1776044341
|switch|p1a: Ogerpon|Ogerpon-Wellspring, F|100/100
|turn|18
|c|☆emeraldspottie|schtupid stuff
|
|t:|1776044348
|move|p2a: Dragonite|Dragon Claw|p1a: Ogerpon
|-damage|p1a: Ogerpon|13/100
|move|p1a: Ogerpon|Horn Leech|p2a: Dragonite
|-damage|p2a: Dragonite|0 fnt
|-heal|p1a: Ogerpon|14/100|[from] drain|[of] p2a: Dragonite
|faint|p2a: Dragonite
|
|upkeep
|c|☆aeSpark|garbage
|c|☆aeSpark|doesnt die
|
|t:|1776044360
|switch|p2a: Tornadus|Tornadus-Therian, M|57/100
|turn|19
|c|☆emeraldspottie|3-4 and all mons are chipped
|c|☆emeraldspottie|this is hopeless lol
|
|t:|1776044367
|move|p2a: Tornadus|Knock Off|p1a: Ogerpon
|-damage|p1a: Ogerpon|0 fnt
|faint|p1a: Ogerpon
|
|upkeep
|
|t:|1776044371
|switch|p1a: Zamazenta|Zamazenta|37/100
|turn|20
|
|t:|1776044377
|switch|p2a: Zamazenta|Zamazenta|100/100
|-ability|p2a: Zamazenta|Dauntless Shield|boost
|-boost|p2a: Zamazenta|def|1
|move|p1a: Zamazenta|Stone Edge|p2a: Zamazenta
|-resisted|p2a: Zamazenta
|-damage|p2a: Zamazenta|89/100
|
|-heal|p2a: Zamazenta|96/100|[from] item: Leftovers
|upkeep
|turn|21
|c|☆emeraldspottie|i need everything to happen in my favour
|c|☆aeSpark|I hv the dauntless shield lol
|c|☆emeraldspottie|which is never gonna happen
|
|t:|1776044392
|move|p2a: Zamazenta|Iron Defense|p2a: Zamazenta
|-boost|p2a: Zamazenta|def|2
|move|p1a: Zamazenta|Close Combat|p2a: Zamazenta
|-damage|p2a: Zamazenta|72/100
|-unboost|p1a: Zamazenta|def|1
|-unboost|p1a: Zamazenta|spd|1
|
|-heal|p2a: Zamazenta|78/100|[from] item: Leftovers
|upkeep
|turn|22
|c|☆emeraldspottie|sor lor
|
|t:|1776044400
|move|p2a: Zamazenta|Body Press|p1a: Zamazenta
|-damage|p1a: Zamazenta|0 fnt
|faint|p1a: Zamazenta
|
|-heal|p2a: Zamazenta|84/100|[from] item: Leftovers
|upkeep
|
|t:|1776044403
|switch|p1a: Little Timmy|Kingambit, F, tera:Fairy|21/100
|-activate|p1a: Little Timmy|ability: Supreme Overlord
|-start|p1a: Little Timmy|fallen5|[silent]
|turn|23
|c|☆aeSpark|ba
|c|☆aeSpark|bai
|
|t:|1776044410
|move|p1a: Little Timmy|Sucker Punch|p2a: Zamazenta
|-resisted|p2a: Zamazenta
|-damage|p2a: Zamazenta|73/100
|move|p2a: Zamazenta|Heavy Slam|p1a: Little Timmy
|-supereffective|p1a: Little Timmy
|-damage|p1a: Little Timmy|0 fnt
|faint|p1a: Little Timmy
|-end|p1a: Little Timmy|fallen5|[silent]
|
|win|aeSpark
|c|☆aeSpark|even 40 dmg heavy slam dies
|l|☆aeSpark
|player|p2|
|j|☆aeSpark
|player|p2|aeSpark|miku-ghost|
