|html|<div class="broadcast-blue"><strong>[Gen 9] OU is currently suspecting Tera Blast! For information on how to participate check out the <a href="https://www.smogon.com/tools/suspects/view/200">suspect thread</a>.</strong></div>
|j|☆shortsleeveamerica
|j|☆ImGonnaGiveYouUp
|t:|1776133718
|gametype|singles
|player|p1|shortsleeveamerica|dancer|1099
|player|p2|ImGonnaGiveYouUp|pokemaniac|1089
|gen|9
|tier|[Gen 9] OU
|rated|
|rule|HP Percentage Mod: HP is shown in percentages
|rule|Endless Battle Clause: Forcing endless battles is banned
|rule|Species Clause: Limit one of each Pokémon
|rule|OHKO Clause: OHKO moves are banned
|rule|Evasion Items Clause: Evasion items are banned
|rule|Evasion Moves Clause: Evasion moves are banned
|rule|Evasion Abilities Clause: Evasion abilities are banned
|rule|Sleep Moves Clause: Sleep-inducing moves are banned
|clearpoke
|poke|p1|Slowking-Galar, F|
|poke|p1|Tornadus-Therian, M|
|poke|p1|Cinderace, F|
|poke|p1|Lokix, M|
|poke|p1|Hydrapple, M|
|poke|p1|Great Tusk|
|poke|p2|Garganacl, F|
|poke|p2|Rillaboom, M|
|poke|p2|Ogerpon-Wellspring, F|
|poke|p2|Slowking-Galar, F|
|poke|p2|Iron Crown|
|poke|p2|Walking Wake|
|teampreview
|inactive|Battle timer is ON: inactive players will automatically lose when time's up. (requested by shortsleeveamerica)
|j| ohko_smeargle
|inactive|ImGonnaGiveYouUp also wants the timer to be on.
|c|☆shortsleeveamerica|i have a bomb in my ass
|c|☆shortsleeveamerica|who are these ohko guys
|c|☆shortsleeveamerica|ive seen an ohko absol as well
|c|☆shortsleeveamerica|watching me
|c|☆shortsleeveamerica|spying on me
|inactive|shortsleeveamerica has 120 seconds left.
|c|☆shortsleeveamerica|spy
|n|!shortsleeveamerica|shortsleeveamerica
|c|☆ImGonnaGiveYouUp|Huh
|
|t:|1776133757
|teamsize|p1|6
|teamsize|p2|6
|start
|switch|p1a: Lokix|Lokix, M|100/100
|switch|p2a: Sodium Chloride|Garganacl, F|100/100
|turn|1
|
|t:|1776133771
|move|p1a: Lokix|Knock Off|p2a: Sodium Chloride
|-damage|p2a: Sodium Chloride|67/100
|-enditem|p2a: Sodium Chloride|Leftovers|[from] move: Knock Off|[of] p1a: Lokix
|move|p2a: Sodium Chloride|Iron Defense|p2a: Sodium Chloride
|-boost|p2a: Sodium Chloride|def|2
|
|upkeep
|turn|2
|
|t:|1776133778
|switch|p1a: Hydrapple|Hydrapple, M|100/100
|move|p2a: Sodium Chloride|Salt Cure|p1a: Hydrapple
|-damage|p1a: Hydrapple|89/100
|-start|p1a: Hydrapple|Salt Cure
|
|-damage|p1a: Hydrapple|76/100|[from] Salt Cure
|upkeep
|turn|3
|
|t:|1776133783
|move|p2a: Sodium Chloride|Protect|p2a: Sodium Chloride
|-singleturn|p2a: Sodium Chloride|Protect
|move|p1a: Hydrapple|Leaf Storm|p2a: Sodium Chloride
|-activate|p2a: Sodium Chloride|move: Protect
|
|-damage|p1a: Hydrapple|64/100|[from] Salt Cure
|upkeep
|turn|4
|inactive|ImGonnaGiveYouUp has 120 seconds left.
|
|t:|1776133833
|move|p2a: Sodium Chloride|Protect||[still]
|-fail|p2a: Sodium Chloride
|move|p1a: Hydrapple|Leaf Storm|p2a: Sodium Chloride
|-supereffective|p2a: Sodium Chloride
|-damage|p2a: Sodium Chloride|0 fnt
|-unboost|p1a: Hydrapple|spa|2
|faint|p2a: Sodium Chloride
|-damage|p1a: Hydrapple|54/100|[from] item: Life Orb
|
|-damage|p1a: Hydrapple|42/100|[from] Salt Cure
|upkeep
|
|t:|1776133850
|switch|p2a: Pluh|Iron Crown|100/100
|turn|5
|
|t:|1776133859
|switch|p1a: Great Tusk|Great Tusk|100/100
|move|p2a: Pluh|Tachyon Cutter|p1a: Great Tusk
|-damage|p1a: Great Tusk|70/100
|-damage|p1a: Great Tusk|39/100
|-hitcount|p1a: Great Tusk|2
|
|upkeep
|turn|6
|
|t:|1776133873
|-terastallize|p1a: Great Tusk|Steel
|move|p2a: Pluh|Psychic|p1a: Great Tusk
|-resisted|p1a: Great Tusk
|-damage|p1a: Great Tusk|11/100
|move|p1a: Great Tusk|Earthquake|p2a: Pluh
|-supereffective|p2a: Pluh
|-damage|p2a: Pluh|11/100
|
|upkeep
|turn|7
|
|t:|1776133884
|move|p2a: Pluh|Volt Switch|p1a: Great Tusk
|-damage|p1a: Great Tusk|0 fnt
|faint|p1a: Great Tusk
|-end|p1a: Great Tusk|Protosynthesis|[silent]
|
|t:|1776133892
|-end|p2a: Pluh|Quark Drive|[silent]
|switch|p2a: Netenyahu|Slowking-Galar, F|100/100|[from] Volt Switch
|
|upkeep
|
|t:|1776133902
|switch|p1a: Lokix|Lokix, M|100/100
|turn|8
|
|t:|1776133920
|move|p1a: Lokix|First Impression|p2a: Netenyahu
|-damage|p2a: Netenyahu|31/100
|move|p2a: Netenyahu|Thunder Wave|p1a: Lokix
|-status|p1a: Lokix|par
|
|upkeep
|turn|9
|
|t:|1776133926
|switch|p1a: Cinderace|Cinderace, F|100/100
|-prepare|p2a: Netenyahu|Chilly Reception|[premajor]
|move|p2a: Netenyahu|Chilly Reception|p2a: Netenyahu
|-weather|Snowscape
|
|t:|1776133940
|switch|p2a: Son😭🙏|Walking Wake|100/100|[from] Chilly Reception
|
|-weather|Snowscape|[upkeep]
|upkeep
|turn|10
|
|t:|1776133947
|move|p1a: Cinderace|U-turn|p2a: Son😭🙏
|-damage|p2a: Son😭🙏|81/100
|
|t:|1776133951
|switch|p1a: Hydrapple|Hydrapple, M|75/100|[from] U-turn
|move|p2a: Son😭🙏|Dragon Pulse|p1a: Hydrapple
|-supereffective|p1a: Hydrapple
|-damage|p1a: Hydrapple|0 fnt
|faint|p1a: Hydrapple
|
|-weather|Snowscape|[upkeep]
|upkeep
|
|t:|1776133957
|switch|p1a: Slowking|Slowking-Galar, F|100/100
|turn|11
|inactive|ImGonnaGiveYouUp has 120 seconds left.
|
|t:|1776133964
|-end|p2a: Son😭🙏|Protosynthesis|[silent]
|switch|p2a: Netenyahu|Slowking-Galar, F|64/100
|move|p1a: Slowking|Toxic|p2a: Netenyahu
|-immune|p2a: Netenyahu
|
|-weather|Snowscape|[upkeep]
|upkeep
|turn|12
|
|t:|1776133974
|move|p2a: Netenyahu|Eerie Spell|p1a: Slowking
|-damage|p1a: Slowking|76/100
|-activate|p1a: Slowking|move: Eerie Spell|Toxic|3
|move|p1a: Slowking|Psychic Noise|p2a: Netenyahu
|-damage|p2a: Netenyahu|46/100
|-start|p2a: Netenyahu|move: Heal Block
|
|-weather|Snowscape|[upkeep]
|upkeep
|turn|13
|
|t:|1776133982
|move|p1a: Slowking|Psychic Noise|p2a: Netenyahu
|-damage|p2a: Netenyahu|29/100
|move|p2a: Netenyahu|Thunder Wave|p1a: Slowking
|-status|p1a: Slowking|par
|
|-weather|none
|-end|p2a: Netenyahu|move: Heal Block
|upkeep
|turn|14
|
|t:|1776133986
|-prepare|p2a: Netenyahu|Chilly Reception|[premajor]
|move|p2a: Netenyahu|Chilly Reception|p2a: Netenyahu
|-weather|Snowscape
|
|t:|1776133991
|switch|p2a: Pluh|Iron Crown|11/100|[from] Chilly Reception
|cant|p1a: Slowking|par
|
|-weather|Snowscape|[upkeep]
|upkeep
|turn|15
|
|t:|1776134004
|move|p2a: Pluh|Tachyon Cutter|p1a: Slowking
|-damage|p1a: Slowking|55/100 par
|-damage|p1a: Slowking|35/100 par
|-hitcount|p1a: Slowking|2
|move|p1a: Slowking|Psychic Noise|p2a: Pluh
|-resisted|p2a: Pluh
|-damage|p2a: Pluh|6/100
|-start|p2a: Pluh|move: Heal Block
|
|-weather|Snowscape|[upkeep]
|upkeep
|turn|16
|
|t:|1776134018
|move|p2a: Pluh|Psychic|p1a: Slowking
|-damage|p1a: Slowking|0 fnt
|faint|p1a: Slowking
|
|-weather|Snowscape|[upkeep]
|-end|p2a: Pluh|move: Heal Block
|upkeep
|
|t:|1776134044
|switch|p1a: Cinderace|Cinderace, F|100/100
|turn|17
|
|t:|1776134055
|-end|p2a: Pluh|Quark Drive|[silent]
|switch|p2a: Netenyahu|Slowking-Galar, F|63/100
|move|p1a: Cinderace|Pyro Ball|p2a: Netenyahu
|-damage|p2a: Netenyahu|11/100
|-status|p2a: Netenyahu|brn
|
|-weather|Snowscape|[upkeep]
|-damage|p2a: Netenyahu|5/100 brn|[from] brn
|upkeep
|turn|18
|inactive|shortsleeveamerica has 120 seconds left.
|inactive|shortsleeveamerica has 90 seconds left.
|
|t:|1776134136
|switch|p2a: Son😭🙏|Walking Wake|81/100
|move|p1a: Cinderace|Pyro Ball|p2a: Son😭🙏
|-resisted|p2a: Son😭🙏
|-damage|p2a: Son😭🙏|69/100
|
|-weather|none
|upkeep
|turn|19
|
|t:|1776134154
|move|p1a: Cinderace|U-turn|p2a: Son😭🙏
|-crit|p2a: Son😭🙏
|-damage|p2a: Son😭🙏|38/100
|
|t:|1776134157
|switch|p1a: Tornadus|Tornadus-Therian, M|100/100|[from] U-turn
|move|p2a: Son😭🙏|Draco Meteor|p1a: Tornadus
|-damage|p1a: Tornadus|52/100
|-unboost|p2a: Son😭🙏|spa|2
|
|upkeep
|turn|20
|
|t:|1776134167
|-end|p2a: Son😭🙏|Protosynthesis|[silent]
|switch|p2a: Netenyahu|Slowking-Galar, F|38/100 brn
|move|p1a: Tornadus|Bleakwind Storm|p2a: Netenyahu
|-crit|p2a: Netenyahu
|-damage|p2a: Netenyahu|7/100 brn
|
|-damage|p2a: Netenyahu|0 fnt|[from] brn
|faint|p2a: Netenyahu
|upkeep
|n|☆shortsleeveamerica|shortsleeveamerica
|c|☆shortsleeveamerica|hey im not muted anymore
|c|☆shortsleeveamerica|thats cool
|
|t:|1776134187
|switch|p2a: Son😭🙏|Walking Wake|38/100
|turn|21
|
|t:|1776134195
|move|p2a: Son😭🙏|Draco Meteor|p1a: Tornadus
|-damage|p1a: Tornadus|2/100
|-unboost|p2a: Son😭🙏|spa|2
|move|p1a: Tornadus|Knock Off|p2a: Son😭🙏
|-damage|p2a: Son😭🙏|18/100
|-enditem|p2a: Son😭🙏|Choice Specs|[from] move: Knock Off|[of] p1a: Tornadus
|
|upkeep
|turn|22
|
|t:|1776134209
|move|p2a: Son😭🙏|Flamethrower|p1a: Tornadus
|-damage|p1a: Tornadus|0 fnt
|faint|p1a: Tornadus
|
|upkeep
|
|t:|1776134219
|switch|p1a: Cinderace|Cinderace, F|100/100
|turn|23
|
|t:|1776134229
|move|p1a: Cinderace|U-turn|p2a: Son😭🙏
|-damage|p2a: Son😭🙏|0 fnt
|faint|p2a: Son😭🙏
|-end|p2a: Son😭🙏|Protosynthesis|[silent]
|
|t:|1776134231
|switch|p1a: Lokix|Lokix, M|100/100 par|[from] U-turn
|
|upkeep
|
|t:|1776134236
|switch|p2a: Bazooka|Ogerpon-Wellspring, F|100/100
|turn|24
|
|t:|1776134241
|-terastallize|p2a: Bazooka|Water
|detailschange|p2a: Bazooka|Ogerpon-Wellspring-Tera, F, tera:Water
|-ability|p2a: Bazooka|Embody Aspect (Wellspring)|boost
|-boost|p2a: Bazooka|spd|1
|move|p1a: Lokix|First Impression|p2a: Bazooka
|-damage|p2a: Bazooka|14/100
|move|p2a: Bazooka|Ivy Cudgel|p1a: Lokix|[anim] Ivy Cudgel Water
|-damage|p1a: Lokix|0 fnt
|faint|p1a: Lokix
|
|upkeep
|
|t:|1776134243
|switch|p1a: Cinderace|Cinderace, F|100/100
|turn|25
|
|t:|1776134252
|switch|p2a: Pluh|Iron Crown|6/100
|move|p1a: Cinderace|Pyro Ball|p2a: Pluh
|-supereffective|p2a: Pluh
|-damage|p2a: Pluh|0 fnt
|faint|p2a: Pluh
|-end|p2a: Pluh|Quark Drive|[silent]
|
|upkeep
|
|t:|1776134256
|switch|p2a: Touch Grass|Rillaboom, M|100/100
|-fieldstart|move: Grassy Terrain|[from] ability: Grassy Surge|[of] p2a: Touch Grass
|turn|26
|
|t:|1776134263
|move|p1a: Cinderace|Pyro Ball|p2a: Touch Grass
|-supereffective|p2a: Touch Grass
|-damage|p2a: Touch Grass|4/100
|move|p2a: Touch Grass|Knock Off|p1a: Cinderace
|-damage|p1a: Cinderace|55/100
|-enditem|p1a: Cinderace|Heavy-Duty Boots|[from] move: Knock Off|[of] p2a: Touch Grass
|
|-heal|p1a: Cinderace|61/100|[from] Grassy Terrain
|-heal|p2a: Touch Grass|10/100|[from] Grassy Terrain
|upkeep
|turn|27
|
|t:|1776134266
|move|p2a: Touch Grass|Grassy Glide|p1a: Cinderace
|-resisted|p1a: Cinderace
|-damage|p1a: Cinderace|39/100
|move|p1a: Cinderace|Pyro Ball|p2a: Touch Grass|[miss]
|-miss|p1a: Cinderace|p2a: Touch Grass
|
|-heal|p1a: Cinderace|45/100|[from] Grassy Terrain
|-heal|p2a: Touch Grass|16/100|[from] Grassy Terrain
|upkeep
|turn|28
|c|☆shortsleeveamerica|no way bro
|
|t:|1776134273
|move|p2a: Touch Grass|Grassy Glide|p1a: Cinderace
|-resisted|p1a: Cinderace
|-damage|p1a: Cinderace|22/100
|move|p1a: Cinderace|Pyro Ball|p2a: Touch Grass
|-supereffective|p2a: Touch Grass
|-damage|p2a: Touch Grass|0 fnt
|faint|p2a: Touch Grass
|
|-heal|p1a: Cinderace|29/100|[from] Grassy Terrain
|upkeep
|c|☆shortsleeveamerica|no no no no
|
|t:|1776134276
|switch|p2a: Bazooka|Ogerpon-Wellspring-Tera, F, tera:Water|14/100
|-ability|p2a: Bazooka|Embody Aspect (Wellspring)|boost
|-boost|p2a: Bazooka|spd|1
|turn|29
|
|t:|1776134280
|move|p1a: Cinderace|Pyro Ball|p2a: Bazooka
|-resisted|p2a: Bazooka
|-damage|p2a: Bazooka|0 fnt
|faint|p2a: Bazooka
|detailschange|p2: Bazooka|Ogerpon-Wellspring, F|[silent]
|
|win|shortsleeveamerica
|raw|shortsleeveamerica's rating: 1099 &rarr; <strong>1123</strong><br />(+24 for winning)
|raw|ImGonnaGiveYouUp's rating: 1089 &rarr; <strong>1066</strong><br />(-23 for losing)
