|html|<div class="broadcast-blue"><strong>[Gen 9] OU is currently suspecting Tera Blast! For information on how to participate check out the <a href="https://www.smogon.com/tools/suspects/view/200">suspect thread</a>.</strong></div>
|j|☆Amboss
|j|☆Calad Lux
|t:|1776236616
|gametype|singles
|player|p1|Amboss|giovanni|1140
|player|p2|Calad Lux|red|1169
|gen|9
|tier|[Gen 9] OU
|rated|
|rule|HP Percentage Mod: HP is shown in percentages
|rule|Endless Battle Clause: Forcing endless battles is banned
|rule|Species Clause: Limit one of each Pokémon
|rule|OHKO Clause: OHKO moves are banned
|rule|Evasion Items Clause: Evasion items are banned
|rule|Evasion Moves Clause: Evasion moves are banned
|rule|Evasion Abilities Clause: Evasion abilities are banned
|rule|Sleep Moves Clause: Sleep-inducing moves are banned
|clearpoke
|poke|p1|Garganacl, M|
|poke|p1|Darkrai|
|poke|p1|Great Tusk|
|poke|p1|Hatterene, F|
|poke|p1|Tornadus-Therian, M|
|poke|p1|Dragonite, M|
|poke|p2|Great Tusk|
|poke|p2|Iron Moth|
|poke|p2|Gyarados, F|
|poke|p2|Scizor, F|
|poke|p2|Dragapult, M|
|poke|p2|Cloyster, F|
|teampreview
|
|t:|1776236628
|teamsize|p1|6
|teamsize|p2|6
|start
|switch|p1a: Hatterene|Hatterene, F|100/100
|switch|p2a: Dragapult|Dragapult, M|100/100
|turn|1
|
|t:|1776236639
|move|p2a: Dragapult|U-turn|p1a: Hatterene
|-damage|p1a: Hatterene|77/100
|-damage|p2a: Dragapult|84/100|[from] item: Rocky Helmet|[of] p1a: Hatterene
|-damage|p2a: Dragapult|74/100|[from] item: Life Orb
|
|t:|1776236645
|switch|p2a: Scizor|Scizor, F|100/100|[from] U-turn
|move|p1a: Hatterene|Nuzzle|p2a: Scizor
|-damage|p2a: Scizor|96/100
|-status|p2a: Scizor|par
|
|-heal|p2a: Scizor|100/100 par|[from] item: Leftovers
|upkeep
|turn|2
|
|t:|1776236669
|switch|p1a: Garganacl|Garganacl, M|100/100
|move|p2a: Scizor|Swords Dance|p2a: Scizor
|-boost|p2a: Scizor|atk|2
|
|upkeep
|turn|3
|
|t:|1776236679
|move|p2a: Scizor|Bullet Punch|p1a: Garganacl
|-supereffective|p1a: Garganacl
|-damage|p1a: Garganacl|11/100
|move|p1a: Garganacl|Salt Cure|p2a: Scizor
|-damage|p2a: Scizor|86/100 par
|-start|p2a: Scizor|Salt Cure
|
|-heal|p1a: Garganacl|18/100|[from] item: Leftovers
|-heal|p2a: Scizor|92/100 par|[from] item: Leftovers
|-damage|p2a: Scizor|67/100 par|[from] Salt Cure
|upkeep
|turn|4
|
|t:|1776236690
|move|p1a: Garganacl|Protect|p1a: Garganacl
|-singleturn|p1a: Garganacl|Protect
|cant|p2a: Scizor|par
|
|-heal|p1a: Garganacl|24/100|[from] item: Leftovers
|-heal|p2a: Scizor|73/100 par|[from] item: Leftovers
|-damage|p2a: Scizor|48/100 par|[from] Salt Cure
|upkeep
|turn|5
|inactive|Battle timer is ON: inactive players will automatically lose when time's up. (requested by Amboss)
|inactive|Amboss has 120 seconds left.
|
|t:|1776236727
|switch|p1a: Tornadus|Tornadus-Therian, M, shiny|100/100
|move|p2a: Scizor|Bullet Punch|p1a: Tornadus
|-damage|p1a: Tornadus|21/100
|
|-heal|p2a: Scizor|54/100 par|[from] item: Leftovers
|-damage|p2a: Scizor|29/100 par|[from] Salt Cure
|upkeep
|turn|6
|
|t:|1776236744
|switch|p1a: Garganacl|Garganacl, M|24/100
|cant|p2a: Scizor|par
|
|-heal|p1a: Garganacl|30/100|[from] item: Leftovers
|-heal|p2a: Scizor|35/100 par|[from] item: Leftovers
|-damage|p2a: Scizor|10/100 par|[from] Salt Cure
|upkeep
|turn|7
|
|t:|1776236753
|move|p1a: Garganacl|Protect|p1a: Garganacl
|-singleturn|p1a: Garganacl|Protect
|move|p2a: Scizor|Bullet Punch|p1a: Garganacl
|-activate|p1a: Garganacl|move: Protect
|
|-heal|p1a: Garganacl|36/100|[from] item: Leftovers
|-heal|p2a: Scizor|16/100 par|[from] item: Leftovers
|-damage|p2a: Scizor|0 fnt|[from] Salt Cure
|faint|p2a: Scizor
|upkeep
|
|t:|1776236764
|switch|p2a: Dragapult|Dragapult, M|74/100
|turn|8
|
|t:|1776236770
|switch|p1a: Hatterene|Hatterene, F|77/100
|move|p2a: Dragapult|Dragon Darts|p1a: Hatterene
|-immune|p1a: Hatterene
|
|upkeep
|turn|9
|
|t:|1776236781
|move|p2a: Dragapult|U-turn|p1a: Hatterene
|-damage|p1a: Hatterene|53/100
|-damage|p2a: Dragapult|58/100|[from] item: Rocky Helmet|[of] p1a: Hatterene
|-damage|p2a: Dragapult|48/100|[from] item: Life Orb
|
|t:|1776236791
|switch|p2a: Iron Moth|Iron Moth|100/100|[from] U-turn
|move|p1a: Hatterene|Nuzzle|p2a: Iron Moth
|-damage|p2a: Iron Moth|93/100
|-status|p2a: Iron Moth|par
|
|upkeep
|turn|10
|
|t:|1776236804
|switch|p1a: Garganacl|Garganacl, M|36/100
|cant|p2a: Iron Moth|par
|
|-heal|p1a: Garganacl|42/100|[from] item: Leftovers
|upkeep
|turn|11
|
|t:|1776236819
|move|p2a: Iron Moth|Overheat|p1a: Garganacl
|-resisted|p1a: Garganacl
|-damage|p1a: Garganacl|10/100
|-unboost|p2a: Iron Moth|spa|2
|-damage|p2a: Iron Moth|83/100 par|[from] item: Life Orb
|move|p1a: Garganacl|Recover|p1a: Garganacl
|-heal|p1a: Garganacl|60/100
|
|-heal|p1a: Garganacl|66/100|[from] item: Leftovers
|upkeep
|turn|12
|
|t:|1776236832
|-end|p2a: Iron Moth|Quark Drive|[silent]
|switch|p2a: Gyarados|Gyarados, F|100/100
|-ability|p2a: Gyarados|Intimidate|boost
|-unboost|p1a: Garganacl|atk|1
|move|p1a: Garganacl|Stealth Rock|p2a: Gyarados
|-sidestart|p2: Calad Lux|move: Stealth Rock
|
|-heal|p1a: Garganacl|72/100|[from] item: Leftovers
|upkeep
|turn|13
|
|t:|1776236858
|-terastallize|p1a: Garganacl|Water
|move|p2a: Gyarados|Waterfall|p1a: Garganacl
|-resisted|p1a: Garganacl
|-damage|p1a: Garganacl|59/100
|move|p1a: Garganacl|Salt Cure|p2a: Gyarados
|-supereffective|p2a: Gyarados
|-damage|p2a: Gyarados|80/100
|-start|p2a: Gyarados|Salt Cure
|
|-heal|p1a: Garganacl|65/100|[from] item: Leftovers
|-damage|p2a: Gyarados|56/100|[from] Salt Cure
|upkeep
|turn|14
|
|t:|1776236872
|-terastallize|p2a: Gyarados|Ground
|move|p2a: Gyarados|Earthquake|p1a: Garganacl
|-damage|p1a: Garganacl|26/100
|move|p1a: Garganacl|Recover|p1a: Garganacl
|-heal|p1a: Garganacl|76/100
|
|-heal|p1a: Garganacl|82/100|[from] item: Leftovers
|-damage|p2a: Gyarados|43/100|[from] Salt Cure
|upkeep
|turn|15
|
|t:|1776236885
|move|p1a: Garganacl|Protect|p1a: Garganacl
|-singleturn|p1a: Garganacl|Protect
|move|p2a: Gyarados|Endeavor|p1a: Garganacl
|-activate|p1a: Garganacl|move: Protect
|
|-heal|p1a: Garganacl|88/100|[from] item: Leftovers
|-damage|p2a: Gyarados|31/100|[from] Salt Cure
|upkeep
|turn|16
|
|t:|1776236899
|move|p2a: Gyarados|Endeavor|p1a: Garganacl
|-damage|p1a: Garganacl|28/100
|move|p1a: Garganacl|Salt Cure|p2a: Gyarados
|-resisted|p2a: Gyarados
|-damage|p2a: Gyarados|26/100
|
|-heal|p1a: Garganacl|34/100|[from] item: Leftovers
|-damage|p2a: Gyarados|14/100|[from] Salt Cure
|upkeep
|turn|17
|
|t:|1776236911
|move|p1a: Garganacl|Protect|p1a: Garganacl
|-singleturn|p1a: Garganacl|Protect
|move|p2a: Gyarados|Earthquake|p1a: Garganacl
|-activate|p1a: Garganacl|move: Protect
|
|-heal|p1a: Garganacl|41/100|[from] item: Leftovers
|-damage|p2a: Gyarados|2/100|[from] Salt Cure
|upkeep
|turn|18
|inactive|Amboss has 120 seconds left.
|
|t:|1776236943
|switch|p1a: Tornadus|Tornadus-Therian, M, shiny|55/100
|move|p2a: Gyarados|Endeavor|p1a: Tornadus
|-damage|p1a: Tornadus|2/100
|
|-damage|p2a: Gyarados|0 fnt|[from] Salt Cure
|faint|p2a: Gyarados
|upkeep
|
|t:|1776236948
|switch|p2a: Great Tusk|Great Tusk|100/100
|-damage|p2a: Great Tusk|98/100|[from] Stealth Rock
|turn|19
|
|t:|1776236954
|move|p1a: Tornadus|U-turn|p2a: Great Tusk
|-resisted|p2a: Great Tusk
|-damage|p2a: Great Tusk|92/100
|
|t:|1776236959
|switch|p1a: Dragonite|Dragonite, M|100/100|[from] U-turn
|move|p2a: Great Tusk|Rapid Spin|p1a: Dragonite
|-damage|p1a: Dragonite|92/100
|-boost|p2a: Great Tusk|spe|1
|-sideend|p2: Calad Lux|Stealth Rock|[from] move: Rapid Spin|[of] p2a: Great Tusk
|
|upkeep
|turn|20
|
|t:|1776236979
|switch|p1a: Garganacl|Garganacl, M, tera:Water|41/100
|move|p2a: Great Tusk|Ice Spinner|p1a: Garganacl
|-resisted|p1a: Garganacl
|-damage|p1a: Garganacl|32/100
|
|-heal|p1a: Garganacl|38/100|[from] item: Leftovers
|upkeep
|turn|21
|
|t:|1776236992
|move|p2a: Great Tusk|Close Combat|p1a: Garganacl
|-damage|p1a: Garganacl|0 fnt
|-unboost|p2a: Great Tusk|def|1
|-unboost|p2a: Great Tusk|spd|1
|faint|p1a: Garganacl
|
|upkeep
|
|t:|1776237008
|switch|p1a: Hatterene|Hatterene, F|53/100
|turn|22
|
|t:|1776237018
|-end|p2a: Great Tusk|Protosynthesis|[silent]
|switch|p2a: Iron Moth|Iron Moth|83/100 par
|move|p1a: Hatterene|Dazzling Gleam|p2a: Iron Moth
|-resisted|p2a: Iron Moth
|-damage|p2a: Iron Moth|74/100 par
|
|upkeep
|turn|23
|
|t:|1776237030
|switch|p1a: Dragonite|Dragonite, M|92/100
|move|p2a: Iron Moth|Sludge Wave|p1a: Dragonite
|-crit|p1a: Dragonite
|-damage|p1a: Dragonite|0 fnt
|faint|p1a: Dragonite
|-damage|p2a: Iron Moth|64/100 par|[from] item: Life Orb
|
|upkeep
|
|t:|1776237042
|switch|p1a: Great Tusk|Great Tusk|100/100
|-enditem|p1a: Great Tusk|Booster Energy
|-activate|p1a: Great Tusk|ability: Protosynthesis|[fromitem]
|-start|p1a: Great Tusk|protosynthesisatk
|turn|24
|
|t:|1776237059
|-end|p2a: Iron Moth|Quark Drive|[silent]
|switch|p2a: Great Tusk|Great Tusk|92/100
|move|p1a: Great Tusk|Headlong Rush|p2a: Great Tusk
|-damage|p2a: Great Tusk|35/100
|-unboost|p1a: Great Tusk|def|1
|-unboost|p1a: Great Tusk|spd|1
|
|upkeep
|turn|25
|inactive|Amboss has 120 seconds left.
|
|t:|1776237075
|-end|p1a: Great Tusk|Protosynthesis|[silent]
|switch|p1a: Tornadus|Tornadus-Therian, M, shiny|35/100
|move|p2a: Great Tusk|Close Combat|p1a: Tornadus
|-resisted|p1a: Tornadus
|-damage|p1a: Tornadus|0 fnt
|-unboost|p2a: Great Tusk|def|1
|-unboost|p2a: Great Tusk|spd|1
|faint|p1a: Tornadus
|
|upkeep
|inactive|Amboss has 120 seconds left.
|
|t:|1776237083
|switch|p1a: Hatterene|Hatterene, F|53/100
|turn|26
|
|t:|1776237090
|move|p2a: Great Tusk|Ice Spinner|p1a: Hatterene
|-damage|p1a: Hatterene|32/100
|-damage|p2a: Great Tusk|19/100|[from] item: Rocky Helmet|[of] p1a: Hatterene
|move|p1a: Hatterene|Future Sight|p2a: Great Tusk
|-start|p1a: Hatterene|move: Future Sight
|
|upkeep
|turn|27
|
|t:|1776237105
|move|p2a: Great Tusk|Earthquake|p1a: Hatterene
|-damage|p1a: Hatterene|0 fnt
|faint|p1a: Hatterene
|
|upkeep
|
|t:|1776237116
|switch|p1a: Darkrai|Darkrai|100/100
|turn|28
|
|t:|1776237120
|move|p1a: Darkrai|Dark Pulse|p2a: Great Tusk
|-resisted|p2a: Great Tusk
|-damage|p2a: Great Tusk|0 fnt
|faint|p2a: Great Tusk
|-end|p2a: Great Tusk|Protosynthesis|[silent]
|
|-hint|Future Sight did not hit because the target is fainted.
|upkeep
|
|t:|1776237123
|switch|p2a: Cloyster|Cloyster, F|100/100
|turn|29
|
|t:|1776237129
|switch|p1a: Great Tusk|Great Tusk|100/100
|move|p2a: Cloyster|Shell Smash|p2a: Cloyster
|-unboost|p2a: Cloyster|def|1
|-unboost|p2a: Cloyster|spd|1
|-boost|p2a: Cloyster|atk|2
|-boost|p2a: Cloyster|spa|2
|-boost|p2a: Cloyster|spe|2
|
|upkeep
|turn|30
|
|t:|1776237135
|move|p2a: Cloyster|Icicle Spear|p1a: Great Tusk
|-supereffective|p1a: Great Tusk
|-damage|p1a: Great Tusk|71/100
|-supereffective|p1a: Great Tusk
|-damage|p1a: Great Tusk|38/100
|-supereffective|p1a: Great Tusk
|-damage|p1a: Great Tusk|7/100
|-supereffective|p1a: Great Tusk
|-damage|p1a: Great Tusk|0 fnt
|faint|p1a: Great Tusk
|-end|p1a: Great Tusk|Protosynthesis|[silent]
|-hitcount|p1: Great Tusk|4
|
|upkeep
|
|t:|1776237138
|switch|p1a: Darkrai|Darkrai|100/100
|turn|31
|
|t:|1776237146
|move|p2a: Cloyster|Shell Smash|p2a: Cloyster
|-unboost|p2a: Cloyster|def|1
|-unboost|p2a: Cloyster|spd|1
|-boost|p2a: Cloyster|atk|2
|-boost|p2a: Cloyster|spa|2
|-boost|p2a: Cloyster|spe|2
|move|p1a: Darkrai|Dark Pulse|p2a: Cloyster
|-crit|p2a: Cloyster
|-enditem|p2a: Cloyster|Focus Sash
|-damage|p2a: Cloyster|1/100
|
|upkeep
|turn|32
|
|t:|1776237152
|move|p2a: Cloyster|Icicle Spear|p1a: Darkrai
|-crit|p1a: Darkrai
|-damage|p1a: Darkrai|42/100
|-damage|p1a: Darkrai|2/100
|-damage|p1a: Darkrai|0 fnt
|faint|p1a: Darkrai
|-hitcount|p1: Darkrai|3
|
|win|Calad Lux
|raw|Amboss's rating: 1140 &rarr; <strong>1117</strong><br />(-23 for losing)
|raw|Calad Lux's rating: 1169 &rarr; <strong>1192</strong><br />(+23 for winning)
|l|☆Amboss
|player|p1|
