|html|<div class="broadcast-blue"><strong>[Gen 9] OU is currently suspecting Tera Blast! For information on how to participate check out the <a href="https://www.smogon.com/tools/suspects/view/200">suspect thread</a>.</strong></div>
|j|☆CyborgParrot127
|j|☆HIAFH
|t:|1776128767
|gametype|singles
|player|p1|CyborgParrot127|169|1634
|player|p2|HIAFH|ingo|1704
|gen|9
|tier|[Gen 9] OU
|rated|
|rule|HP Percentage Mod: HP is shown in percentages
|rule|Endless Battle Clause: Forcing endless battles is banned
|rule|Species Clause: Limit one of each Pokémon
|rule|OHKO Clause: OHKO moves are banned
|rule|Evasion Items Clause: Evasion items are banned
|rule|Evasion Moves Clause: Evasion moves are banned
|rule|Evasion Abilities Clause: Evasion abilities are banned
|rule|Sleep Moves Clause: Sleep-inducing moves are banned
|clearpoke
|poke|p1|Weavile, F|
|poke|p1|Raging Bolt|
|poke|p1|Landorus-Therian, M|
|poke|p1|Great Tusk|
|poke|p1|Pecharunt|
|poke|p1|Moltres|
|poke|p2|Excadrill, F|
|poke|p2|Tyranitar, F|
|poke|p2|Hydrapple, F|
|poke|p2|Alomomola, F|
|poke|p2|Hatterene, F|
|poke|p2|Zapdos|
|teampreview
|inactive|Battle timer is ON: inactive players will automatically lose when time's up. (requested by HIAFH)
|
|t:|1776128784
|teamsize|p1|6
|teamsize|p2|6
|start
|switch|p1a: Landorus|Landorus-Therian, M|100/100
|switch|p2a: Zapdos|Zapdos|100/100
|-ability|p1a: Landorus|Intimidate|boost
|-unboost|p2a: Zapdos|atk|1
|-ability|p2a: Zapdos|Pressure
|turn|1
|
|t:|1776128795
|-terastallize|p2a: Zapdos|Flying
|move|p1a: Landorus|Stone Edge|p2a: Zapdos
|-supereffective|p2a: Zapdos
|-damage|p2a: Zapdos|9/100
|move|p2a: Zapdos|Hurricane|p1a: Landorus
|-damage|p1a: Landorus|0 fnt
|faint|p1a: Landorus
|
|upkeep
|
|t:|1776128804
|switch|p1a: Weavile|Weavile, F|100/100
|-ability|p1a: Weavile|Pressure
|turn|2
|
|t:|1776128811
|switch|p2a: Alomomola|Alomomola, F|100/100
|move|p1a: Weavile|Ice Shard|p2a: Alomomola
|-resisted|p2a: Alomomola
|-damage|p2a: Alomomola|95/100
|
|upkeep
|turn|3
|
|t:|1776128820
|move|p1a: Weavile|Swords Dance|p1a: Weavile
|-boost|p1a: Weavile|atk|2
|move|p2a: Alomomola|Wish|p2a: Alomomola
|
|upkeep
|turn|4
|
|t:|1776128832
|move|p1a: Weavile|Swords Dance|p1a: Weavile
|-boost|p1a: Weavile|atk|2
|move|p2a: Alomomola|Play Rough|p1a: Weavile
|-supereffective|p1a: Weavile
|-damage|p1a: Weavile|45/100
|-unboost|p1a: Weavile|atk|1
|
|-heal|p2a: Alomomola|100/100|[from] move: Wish|[wisher] Alomomola
|upkeep
|turn|5
|
|t:|1776128842
|move|p1a: Weavile|Knock Off|p2a: Alomomola
|-damage|p2a: Alomomola|39/100
|-enditem|p2a: Alomomola|Heavy-Duty Boots|[from] move: Knock Off|[of] p1a: Weavile
|move|p2a: Alomomola|Flip Turn|p1a: Weavile
|-damage|p1a: Weavile|17/100
|
|t:|1776128850
|switch|p2a: Tyranitar|Tyranitar, F|100/100|[from] Flip Turn
|-weather|Sandstorm|[from] ability: Sand Stream|[of] p2a: Tyranitar
|
|-weather|Sandstorm|[upkeep]
|-damage|p1a: Weavile|11/100|[from] Sandstorm
|upkeep
|turn|6
|
|t:|1776128859
|switch|p2a: Alomomola|Alomomola, F|73/100
|move|p1a: Weavile|Triple Axel|p2a: Alomomola
|-resisted|p2a: Alomomola
|-damage|p2a: Alomomola|66/100
|-resisted|p2a: Alomomola
|-crit|p2a: Alomomola
|-damage|p2a: Alomomola|47/100
|-resisted|p2a: Alomomola
|-damage|p2a: Alomomola|26/100
|-hitcount|p2a: Alomomola|3
|
|-weather|Sandstorm|[upkeep]
|-damage|p1a: Weavile|5/100|[from] Sandstorm
|-damage|p2a: Alomomola|20/100|[from] Sandstorm
|upkeep
|turn|7
|
|t:|1776128887
|switch|p2a: Hydrapple|Hydrapple, F|100/100
|move|p1a: Weavile|Triple Axel|p2a: Hydrapple
|-supereffective|p2a: Hydrapple
|-damage|p2a: Hydrapple|45/100
|-supereffective|p2a: Hydrapple
|-damage|p2a: Hydrapple|0 fnt
|faint|p2a: Hydrapple
|-hitcount|p2: Hydrapple|2
|
|-weather|Sandstorm|[upkeep]
|-damage|p1a: Weavile|0 fnt|[from] Sandstorm
|faint|p1a: Weavile
|upkeep
|inactive|HIAFH has 120 seconds left.
|
|t:|1776128900
|switch|p1a: Raging Bolt|Raging Bolt|100/100
|switch|p2a: Excadrill|Excadrill, F|100/100
|turn|8
|
|t:|1776128906
|-end|p1a: Raging Bolt|Protosynthesis|[silent]
|switch|p1a: Moltres|Moltres|100/100
|move|p2a: Excadrill|Rock Slide|p1a: Moltres
|-supereffective|p1a: Moltres
|-damage|p1a: Moltres|0 fnt
|faint|p1a: Moltres
|
|-weather|Sandstorm|[upkeep]
|upkeep
|
|t:|1776128909
|switch|p1a: Great Tusk|Great Tusk|100/100
|turn|9
|
|t:|1776128915
|switch|p2a: Hatterene|Hatterene, F|100/100
|move|p1a: Great Tusk|Close Combat|p2a: Hatterene
|-resisted|p2a: Hatterene
|-damage|p2a: Hatterene|86/100
|-unboost|p1a: Great Tusk|def|1
|-unboost|p1a: Great Tusk|spd|1
|
|-weather|none
|upkeep
|turn|10
|
|t:|1776128926
|-end|p1a: Great Tusk|Protosynthesis|[silent]
|switch|p1a: Pecharunt|Pecharunt|100/100
|move|p2a: Hatterene|Nuzzle|p1a: Pecharunt
|-crit|p1a: Pecharunt
|-damage|p1a: Pecharunt|98/100
|-status|p1a: Pecharunt|par
|
|upkeep
|turn|11
|
|t:|1776128939
|switch|p2a: Excadrill|Excadrill, F|100/100
|move|p1a: Pecharunt|Malignant Chain|p2a: Excadrill
|-immune|p2a: Excadrill
|
|upkeep
|turn|12
|
|t:|1776128947
|move|p2a: Excadrill|Earthquake|p1a: Pecharunt
|-supereffective|p1a: Pecharunt
|-damage|p1a: Pecharunt|15/100 par
|move|p1a: Pecharunt|Parting Shot|p2a: Excadrill
|-unboost|p2a: Excadrill|atk|1
|-unboost|p2a: Excadrill|spa|1
|
|t:|1776128951
|switch|p1a: Great Tusk|Great Tusk|100/100|[from] Parting Shot
|
|upkeep
|turn|13
|
|t:|1776128963
|switch|p2a: Alomomola|Alomomola, F|53/100
|move|p1a: Great Tusk|Headlong Rush|p2a: Alomomola
|-damage|p2a: Alomomola|20/100
|-unboost|p1a: Great Tusk|def|1
|-unboost|p1a: Great Tusk|spd|1
|
|upkeep
|turn|14
|
|t:|1776128974
|switch|p2a: Hatterene|Hatterene, F|86/100
|move|p1a: Great Tusk|Stealth Rock|p2a: Hatterene
|move|p2a: Hatterene|Stealth Rock|p1a: Great Tusk|[from] ability: Magic Bounce
|-sidestart|p1: CyborgParrot127|move: Stealth Rock
|
|upkeep
|turn|15
|
|t:|1776128982
|move|p1a: Great Tusk|Headlong Rush|p2a: Hatterene
|-damage|p2a: Hatterene|28/100
|-unboost|p1a: Great Tusk|def|1
|-unboost|p1a: Great Tusk|spd|1
|move|p2a: Hatterene|Draining Kiss|p1a: Great Tusk
|-supereffective|p1a: Great Tusk
|-damage|p1a: Great Tusk|0 fnt
|-heal|p2a: Hatterene|100/100|[from] drain|[of] p1a: Great Tusk
|faint|p1a: Great Tusk
|-end|p1a: Great Tusk|Protosynthesis|[silent]
|
|upkeep
|-message|CyborgParrot127 forfeited.
|
|win|HIAFH
|raw|CyborgParrot127's rating: 1634 &rarr; <strong>1618</strong><br />(-16 for losing)
|raw|HIAFH's rating: 1704 &rarr; <strong>1720</strong><br />(+16 for winning)
|l|☆CyborgParrot127
|player|p1|
