|html|<div class="broadcast-blue"><strong>[Gen 9] OU is currently suspecting Tera Blast! For information on how to participate check out the <a href="https://www.smogon.com/tools/suspects/view/200">suspect thread</a>.</strong></div>
|j|☆Umibozu1
|j|☆bigmanbigmanpants
|t:|1776114996
|gametype|singles
|player|p1|Umibozu1|li|1371
|player|p2|bigmanbigmanpants|koga-lgpe|1269
|gen|9
|tier|[Gen 9] OU
|rated|
|rule|HP Percentage Mod: HP is shown in percentages
|rule|Endless Battle Clause: Forcing endless battles is banned
|rule|Species Clause: Limit one of each Pokémon
|rule|OHKO Clause: OHKO moves are banned
|rule|Evasion Items Clause: Evasion items are banned
|rule|Evasion Moves Clause: Evasion moves are banned
|rule|Evasion Abilities Clause: Evasion abilities are banned
|rule|Sleep Moves Clause: Sleep-inducing moves are banned
|clearpoke
|poke|p1|Dragapult, M|
|poke|p1|Iron Treads|
|poke|p1|Hoopa-Unbound|
|poke|p1|Indeedee, M|
|poke|p1|Deoxys-Speed|
|poke|p1|Moltres|
|poke|p2|Porygon2|
|poke|p2|Reuniclus, M|
|poke|p2|Rampardos, M|
|poke|p2|Ting-Lu|
|poke|p2|Bronzong|
|poke|p2|Glastrier|
|teampreview
|
|t:|1776115026
|teamsize|p1|6
|teamsize|p2|6
|start
|switch|p1a: Indeedee|Indeedee, M|100/100
|switch|p2a: Glastrier|Glastrier|100/100
|-fieldstart|move: Psychic Terrain|[from] ability: Psychic Surge|[of] p1a: Indeedee
|turn|1
|
|t:|1776115035
|switch|p1a: Moltres|Moltres|100/100
|-ability|p1a: Moltres|Pressure
|move|p2a: Glastrier|Icicle Crash|p1a: Moltres
|-damage|p1a: Moltres|65/100
|
|upkeep
|turn|2
|
|t:|1776115045
|switch|p2a: Porygon2|Porygon2|100/100
|-ability|p2a: Porygon2|Download|boost
|-boost|p2a: Porygon2|spa|1
|move|p1a: Moltres|U-turn|p2a: Porygon2
|-crit|p2a: Porygon2
|-damage|p2a: Porygon2|84/100
|
|t:|1776115052
|switch|p1a: Hoopa|Hoopa-Unbound|100/100|[from] U-turn
|
|upkeep
|turn|3
|
|t:|1776115059
|move|p1a: Hoopa|Expanding Force|p2a: Porygon2
|-damage|p2a: Porygon2|22/100
|-damage|p1a: Hoopa|91/100|[from] item: Life Orb
|move|p2a: Porygon2|Trick Room|p2a: Porygon2
|-fieldstart|move: Trick Room|[of] p2a: Porygon2
|
|upkeep
|turn|4
|
|t:|1776115066
|switch|p1a: Iron Treads|Iron Treads|100/100
|move|p2a: Porygon2|Tri Attack|p1a: Iron Treads
|-resisted|p1a: Iron Treads
|-damage|p1a: Iron Treads|85/100
|
|upkeep
|turn|5
|
|t:|1776115085
|switch|p2a: Rampardos|Rampardos, M|100/100
|move|p1a: Iron Treads|Iron Head|p2a: Rampardos
|-supereffective|p2a: Rampardos
|-damage|p2a: Rampardos|0 fnt
|faint|p2a: Rampardos
|
|upkeep
|
|t:|1776115093
|switch|p2a: Ting-Lu|Ting-Lu|100/100
|-ability|p2a: Ting-Lu|Vessel of Ruin
|turn|6
|
|t:|1776115099
|-end|p1a: Iron Treads|Quark Drive|[silent]
|switch|p1a: Moltres|Moltres|65/100
|-ability|p1a: Moltres|Pressure
|move|p2a: Ting-Lu|Stone Edge|p1a: Moltres
|-supereffective|p1a: Moltres
|-damage|p1a: Moltres|0 fnt
|faint|p1a: Moltres
|
|upkeep
|c|☆Umibozu1|I respect the ramapardos he cool
|c|☆bigmanbigmanpants|was really prayin u were goin for rocks lolol
|
|t:|1776115128
|switch|p1a: Dragapult|Dragapult, M|100/100
|turn|7
|c|☆bigmanbigmanpants|he hits like a truck in trick room
|
|t:|1776115140
|switch|p2a: Porygon2|Porygon2|22/100
|-ability|p2a: Porygon2|Download|boost
|-boost|p2a: Porygon2|spa|1
|move|p1a: Dragapult|Will-O-Wisp|p2a: Porygon2
|-status|p2a: Porygon2|brn
|
|-damage|p2a: Porygon2|16/100 brn|[from] brn
|-fieldend|move: Trick Room
|upkeep
|turn|8
|
|t:|1776115151
|move|p1a: Dragapult|Draco Meteor|p2a: Porygon2
|-damage|p2a: Porygon2|0 fnt
|-unboost|p1a: Dragapult|spa|2
|faint|p2a: Porygon2
|
|-fieldend|move: Psychic Terrain
|upkeep
|
|t:|1776115155
|switch|p2a: Bronzong|Bronzong|100/100
|turn|9
|
|t:|1776115175
|switch|p1a: Indeedee|Indeedee, M|100/100
|-fieldstart|move: Psychic Terrain|[from] ability: Psychic Surge|[of] p1a: Indeedee
|move|p2a: Bronzong|Trick Room|p2a: Bronzong
|-fieldstart|move: Trick Room|[of] p2a: Bronzong
|
|upkeep
|turn|10
|
|t:|1776115195
|switch|p2a: Ting-Lu|Ting-Lu|100/100
|-ability|p2a: Ting-Lu|Vessel of Ruin
|switch|p1a: Iron Treads|Iron Treads|85/100
|
|upkeep
|turn|11
|
|t:|1776115214
|-end|p1a: Iron Treads|Quark Drive|[silent]
|switch|p1a: Dragapult|Dragapult, M|100/100
|move|p2a: Ting-Lu|Earthquake|p1a: Dragapult
|-damage|p1a: Dragapult|0 fnt
|faint|p1a: Dragapult
|
|upkeep
|c|☆Umibozu1|dang this offensive Lu is smoking me
|c|☆Umibozu1|nice set
|c|☆bigmanbigmanpants|calm luh banded ting lu
|
|t:|1776115241
|switch|p1a: Deoxys|Deoxys-Speed|100/100
|-ability|p1a: Deoxys|Pressure
|turn|12
|
|t:|1776115253
|move|p2a: Ting-Lu|Earthquake|p1a: Deoxys
|-enditem|p1a: Deoxys|Focus Sash
|-damage|p1a: Deoxys|1/100
|move|p1a: Deoxys|Focus Blast|p2a: Ting-Lu|[miss]
|-miss|p1a: Deoxys|p2a: Ting-Lu
|
|upkeep
|turn|13
|
|t:|1776115275
|switch|p1a: Iron Treads|Iron Treads|85/100
|move|p2a: Ting-Lu|Earthquake|p1a: Iron Treads
|-supereffective|p1a: Iron Treads
|-damage|p1a: Iron Treads|0 fnt
|faint|p1a: Iron Treads
|-end|p1a: Iron Treads|Quark Drive|[silent]
|
|-fieldend|move: Trick Room
|upkeep
|
|t:|1776115297
|switch|p1a: Hoopa|Hoopa-Unbound|91/100
|turn|14
|
|t:|1776115300
|move|p1a: Hoopa|Focus Blast|p2a: Ting-Lu|[miss]
|-miss|p1a: Hoopa|p2a: Ting-Lu
|move|p2a: Ting-Lu|Earthquake|p1a: Hoopa
|-damage|p1a: Hoopa|0 fnt
|faint|p1a: Hoopa
|
|upkeep
|
|t:|1776115313
|switch|p1a: Deoxys|Deoxys-Speed|1/100
|-ability|p1a: Deoxys|Pressure
|turn|15
|
|t:|1776115318
|move|p1a: Deoxys|Focus Blast|p2a: Ting-Lu|[miss]
|-miss|p1a: Deoxys|p2a: Ting-Lu
|move|p2a: Ting-Lu|Earthquake|p1a: Deoxys
|-damage|p1a: Deoxys|0 fnt
|faint|p1a: Deoxys
|
|upkeep
|c|☆bigmanbigmanpants|this is insane
|c|☆bigmanbigmanpants|focus blast gods are not with us today
|c|☆Umibozu1|hahaha that's focus blast for you
|
|t:|1776115336
|switch|p1a: Indeedee|Indeedee, M|100/100
|turn|16
|
|t:|1776115341
|move|p1a: Indeedee|Dazzling Gleam|p2a: Ting-Lu
|-supereffective|p2a: Ting-Lu
|-damage|p2a: Ting-Lu|76/100
|move|p2a: Ting-Lu|Earthquake|p1a: Indeedee
|-damage|p1a: Indeedee|0 fnt
|faint|p1a: Indeedee
|
|win|bigmanbigmanpants
|raw|Umibozu1's rating: 1371 &rarr; <strong>1345</strong><br />(-26 for losing)
|raw|bigmanbigmanpants's rating: 1269 &rarr; <strong>1301</strong><br />(+32 for winning)
|c|☆bigmanbigmanpants|ggs
|c|☆bigmanbigmanpants|https://pastebin.com/w6CaNE4n try out the squad
|l|☆bigmanbigmanpants
|player|p2|
|c|☆Umibozu1|GG, really cool team
|l|☆Umibozu1
|player|p1|
