|html|<div class="broadcast-blue"><strong>[Gen 9] OU is currently suspecting Tera Blast! For information on how to participate check out the <a href="https://www.smogon.com/tools/suspects/view/200">suspect thread</a>.</strong></div>
|j|☆Video Games Master
|j|☆magistermilitum420
|t:|1776193340
|gametype|singles
|player|p1|Video Games Master|ltsurge|1308
|player|p2|magistermilitum420|blue|1365
|gen|9
|tier|[Gen 9] OU
|rated|
|rule|HP Percentage Mod: HP is shown in percentages
|rule|Endless Battle Clause: Forcing endless battles is banned
|rule|Species Clause: Limit one of each Pokémon
|rule|OHKO Clause: OHKO moves are banned
|rule|Evasion Items Clause: Evasion items are banned
|rule|Evasion Moves Clause: Evasion moves are banned
|rule|Evasion Abilities Clause: Evasion abilities are banned
|rule|Sleep Moves Clause: Sleep-inducing moves are banned
|clearpoke
|poke|p1|Pelipper, M|
|poke|p1|Zapdos|
|poke|p1|Ogerpon, F|
|poke|p1|Walking Wake|
|poke|p1|Magnezone|
|poke|p1|Barraskewda, M|
|poke|p2|Meowscarada, M|
|poke|p2|Great Tusk|
|poke|p2|Alomomola, F|
|poke|p2|Slowking-Galar, F|
|poke|p2|Iron Valiant|
|poke|p2|Heatran, M|
|teampreview
|
|t:|1776193347
|teamsize|p1|6
|teamsize|p2|6
|start
|switch|p1a: Pelipper|Pelipper, M|100/100
|switch|p2a: Mithridates|Slowking-Galar, F|100/100
|-weather|RainDance|[from] ability: Drizzle|[of] p1a: Pelipper
|turn|1
|
|t:|1776193360
|move|p1a: Pelipper|Knock Off|p2a: Mithridates
|-supereffective|p2a: Mithridates
|-damage|p2a: Mithridates|73/100
|-enditem|p2a: Mithridates|Assault Vest|[from] move: Knock Off|[of] p1a: Pelipper
|move|p2a: Mithridates|Future Sight|p1a: Pelipper
|-start|p2a: Mithridates|move: Future Sight
|
|-weather|RainDance|[upkeep]
|upkeep
|turn|2
|
|t:|1776193373
|move|p1a: Pelipper|U-turn|p2a: Mithridates
|-damage|p2a: Mithridates|64/100
|
|t:|1776193375
|switch|p1a: Magnezone|Magnezone|100/100|[from] U-turn
|-item|p1a: Magnezone|Air Balloon
|move|p2a: Mithridates|Psychic Noise|p1a: Magnezone
|-resisted|p1a: Magnezone
|-damage|p1a: Magnezone|80/100
|-start|p1a: Magnezone|move: Heal Block
|-enditem|p1a: Magnezone|Air Balloon
|
|-weather|RainDance|[upkeep]
|upkeep
|turn|3
|
|t:|1776193389
|switch|p2a: Barca|Great Tusk|100/100
|move|p1a: Magnezone|Magnet Rise|p1a: Magnezone
|-start|p1a: Magnezone|Magnet Rise
|
|-weather|RainDance|[upkeep]
|-end|p1a: Magnezone|move: Future Sight
|-resisted|p1a: Magnezone
|-damage|p1a: Magnezone|50/100
|-end|p1a: Magnezone|move: Heal Block
|upkeep
|turn|4
|
|t:|1776193407
|switch|p1a: Zapdos|Zapdos|100/100
|move|p2a: Barca|Stealth Rock|p1a: Zapdos
|-sidestart|p1: Video Games Master|move: Stealth Rock
|
|-weather|RainDance|[upkeep]
|upkeep
|turn|5
|
|t:|1776193419
|-terastallize|p2a: Barca|Steel
|move|p1a: Zapdos|Hurricane|p2a: Barca
|-resisted|p2a: Barca
|-damage|p2a: Barca|61/100
|move|p2a: Barca|Knock Off|p1a: Zapdos
|-damage|p1a: Zapdos|69/100
|-enditem|p1a: Zapdos|Heavy-Duty Boots|[from] move: Knock Off|[of] p2a: Barca
|
|-weather|RainDance|[upkeep]
|-heal|p2a: Barca|67/100|[from] item: Leftovers
|upkeep
|turn|6
|
|t:|1776193433
|-end|p2a: Barca|Protosynthesis|[silent]
|switch|p2a: Mithridates|Slowking-Galar, F|97/100
|move|p1a: Zapdos|Thunderbolt|p2a: Mithridates
|-damage|p2a: Mithridates|64/100
|
|-weather|RainDance|[upkeep]
|upkeep
|turn|7
|
|t:|1776193450
|move|p1a: Zapdos|Hurricane|p2a: Mithridates
|-damage|p2a: Mithridates|24/100
|-start|p2a: Mithridates|confusion
|-activate|p2a: Mithridates|confusion
|-damage|p2a: Mithridates|19/100|[from] confusion
|
|-weather|RainDance|[upkeep]
|upkeep
|turn|8
|
|t:|1776193467
|switch|p2a: Mahad|Meowscarada, M, shiny|100/100
|move|p1a: Zapdos|Thunderbolt|p2a: Mahad
|-resisted|p2a: Mahad
|-damage|p2a: Mahad|62/100
|
|-weather|none
|upkeep
|turn|9
|
|t:|1776193479
|move|p2a: Mahad|Triple Axel|p1a: Zapdos
|-start|p2a: Mahad|typechange|Ice|[from] ability: Protean
|-supereffective|p1a: Zapdos
|-damage|p1a: Zapdos|46/100
|-supereffective|p1a: Zapdos
|-damage|p1a: Zapdos|1/100
|-supereffective|p1a: Zapdos
|-damage|p1a: Zapdos|0 fnt
|faint|p1a: Zapdos
|-hitcount|p1: Zapdos|3
|
|upkeep
|
|t:|1776193497
|switch|p1a: Ogerpon|Ogerpon, F|100/100
|-damage|p1a: Ogerpon|88/100|[from] Stealth Rock
|turn|10
|
|t:|1776193510
|switch|p2a: Vulcanus|Heatran, M, shiny|100/100
|move|p1a: Ogerpon|Ivy Cudgel|p2a: Vulcanus
|-resisted|p2a: Vulcanus
|-damage|p2a: Vulcanus|87/100
|
|upkeep
|turn|11
|
|t:|1776193532
|switch|p1a: Pelipper|Pelipper, M|100/100
|-damage|p1a: Pelipper|76/100|[from] Stealth Rock
|-weather|RainDance|[from] ability: Drizzle|[of] p1a: Pelipper
|move|p2a: Vulcanus|Flash Cannon|p1a: Pelipper
|-resisted|p1a: Pelipper
|-damage|p1a: Pelipper|30/100
|
|-weather|RainDance|[upkeep]
|upkeep
|turn|12
|
|t:|1776193543
|move|p2a: Vulcanus|Flash Cannon|p1a: Pelipper
|-resisted|p1a: Pelipper
|-damage|p1a: Pelipper|0 fnt
|faint|p1a: Pelipper
|
|-weather|RainDance|[upkeep]
|upkeep
|
|t:|1776193548
|switch|p1a: Walking Wake|Walking Wake|100/100
|-damage|p1a: Walking Wake|88/100|[from] Stealth Rock
|turn|13
|
|t:|1776193569
|switch|p2a: Charybdis|Alomomola, F, shiny|100/100
|move|p1a: Walking Wake|Hydro Steam|p2a: Charybdis
|-resisted|p2a: Charybdis
|-damage|p2a: Charybdis|50/100
|
|-weather|RainDance|[upkeep]
|upkeep
|turn|14
|
|t:|1776193589
|move|p1a: Walking Wake|Hydro Steam|p2a: Charybdis
|-resisted|p2a: Charybdis
|-damage|p2a: Charybdis|0 fnt
|faint|p2a: Charybdis
|
|-weather|RainDance|[upkeep]
|upkeep
|
|t:|1776193594
|switch|p2a: Mahad|Meowscarada, M, shiny|62/100
|turn|15
|
|t:|1776193603
|-end|p1a: Walking Wake|Protosynthesis|[silent]
|switch|p1a: Magnezone|Magnezone|50/100
|-damage|p1a: Magnezone|44/100|[from] Stealth Rock
|move|p2a: Mahad|Flower Trick|p1a: Magnezone
|-start|p2a: Mahad|typechange|Grass|[from] ability: Protean
|-resisted|p1a: Magnezone
|-crit|p1a: Magnezone
|-damage|p1a: Magnezone|22/100
|
|-weather|RainDance|[upkeep]
|upkeep
|turn|16
|
|t:|1776193612
|move|p2a: Mahad|Flower Trick|p1a: Magnezone
|-resisted|p1a: Magnezone
|-crit|p1a: Magnezone
|-damage|p1a: Magnezone|2/100
|move|p1a: Magnezone|Flash Cannon|p2a: Mahad
|-damage|p2a: Mahad|0 fnt
|faint|p2a: Mahad
|
|-weather|RainDance|[upkeep]
|upkeep
|
|t:|1776193637
|switch|p2a: Barca|Great Tusk, tera:Steel|67/100
|turn|17
|
|t:|1776193643
|move|p2a: Barca|Knock Off|p1a: Magnezone
|-damage|p1a: Magnezone|0 fnt
|faint|p1a: Magnezone
|
|-weather|RainDance|[upkeep]
|-heal|p2a: Barca|74/100|[from] item: Leftovers
|upkeep
|
|t:|1776193655
|switch|p1a: Walking Wake|Walking Wake|88/100
|-damage|p1a: Walking Wake|76/100|[from] Stealth Rock
|turn|18
|
|t:|1776193663
|-end|p2a: Barca|Protosynthesis|[silent]
|switch|p2a: Mithridates|Slowking-Galar, F|52/100
|move|p1a: Walking Wake|Hydro Steam|p2a: Mithridates
|-damage|p2a: Mithridates|0 fnt
|faint|p2a: Mithridates
|
|-weather|none
|upkeep
|
|t:|1776193672
|switch|p2a: Pallas|Iron Valiant, shiny|100/100
|-enditem|p2a: Pallas|Booster Energy
|-activate|p2a: Pallas|ability: Quark Drive|[fromitem]
|-start|p2a: Pallas|quarkdrivespe
|turn|19
|
|t:|1776193679
|-terastallize|p1a: Walking Wake|Fairy
|move|p2a: Pallas|Moonblast|p1a: Walking Wake
|-damage|p1a: Walking Wake|22/100
|-unboost|p1a: Walking Wake|spa|1
|move|p1a: Walking Wake|Hydro Steam|p2a: Pallas
|-damage|p2a: Pallas|26/100
|
|upkeep
|turn|20
|
|t:|1776193687
|move|p2a: Pallas|Moonblast|p1a: Walking Wake
|-damage|p1a: Walking Wake|0 fnt
|faint|p1a: Walking Wake
|-end|p1a: Walking Wake|Protosynthesis|[silent]
|
|upkeep
|
|t:|1776193692
|switch|p1a: Barraskewda|Barraskewda, M|100/100
|-damage|p1a: Barraskewda|88/100|[from] Stealth Rock
|turn|21
|
|t:|1776193703
|move|p1a: Barraskewda|Aqua Jet|p2a: Pallas
|-damage|p2a: Pallas|0 fnt
|faint|p2a: Pallas
|-end|p2a: Pallas|Quark Drive|[silent]
|
|upkeep
|
|t:|1776193711
|switch|p2a: Barca|Great Tusk, tera:Steel|74/100
|turn|22
|
|t:|1776193716
|switch|p1a: Ogerpon|Ogerpon, F|88/100
|-damage|p1a: Ogerpon|76/100|[from] Stealth Rock
|move|p2a: Barca|Knock Off|p1a: Ogerpon
|-damage|p1a: Ogerpon|40/100
|-enditem|p1a: Ogerpon|Choice Scarf|[from] move: Knock Off|[of] p2a: Barca
|
|-heal|p2a: Barca|80/100|[from] item: Leftovers
|upkeep
|turn|23
|
|t:|1776193734
|move|p1a: Ogerpon|Knock Off|p2a: Barca
|-damage|p2a: Barca|66/100
|-enditem|p2a: Barca|Leftovers|[from] move: Knock Off|[of] p1a: Ogerpon
|move|p2a: Barca|Rapid Spin|p1a: Ogerpon
|-damage|p1a: Ogerpon|22/100
|-boost|p2a: Barca|spe|1
|
|upkeep
|turn|24
|
|t:|1776193744
|move|p1a: Ogerpon|Ivy Cudgel|p2a: Barca
|-resisted|p2a: Barca
|-damage|p2a: Barca|54/100
|move|p2a: Barca|Rapid Spin|p1a: Ogerpon
|-damage|p1a: Ogerpon|4/100
|-boost|p2a: Barca|spe|1
|
|upkeep
|turn|25
|-message|Video Games Master forfeited.
|
|win|magistermilitum420
|raw|Video Games Master's rating: 1308 &rarr; <strong>1291</strong><br />(-17 for losing)
|raw|magistermilitum420's rating: 1365 &rarr; <strong>1382</strong><br />(+17 for winning)
|l|☆Video Games Master
|player|p1|
