|html|<div class="broadcast-blue"><strong>[Gen 9] OU is currently suspecting Volcarona! For information on how to participate check out the <a href="https://www.smogon.com/tools/suspects/view/208">suspect thread</a>.</strong></div>
|j|☆Outrage258
|j|☆icewizardlair☃
|t:|1778503457
|gametype|singles
|player|p1|Outrage258|steven|1152
|player|p2|icewizardlair☃|lorelei-lgpe|1105
|gen|9
|tier|[Gen 9] OU
|rated|
|rule|HP Percentage Mod: HP is shown in percentages
|rule|Endless Battle Clause: Forcing endless battles is banned
|rule|Species Clause: Limit one of each Pokémon
|rule|OHKO Clause: OHKO moves are banned
|rule|Evasion Items Clause: Evasion items are banned
|rule|Evasion Moves Clause: Evasion moves are banned
|rule|Evasion Abilities Clause: Evasion abilities are banned
|rule|Sleep Moves Clause: Sleep-inducing moves are banned
|clearpoke
|poke|p1|Haxorus, M|
|poke|p1|Alomomola, F|
|poke|p1|Gholdengo|
|poke|p1|Cinderace, M|
|poke|p1|Garganacl, M|
|poke|p1|Kingambit, F|
|poke|p2|Froslass, F|
|poke|p2|Arcanine-Hisui, M|
|poke|p2|Yanmega, F|
|poke|p2|Cetitan, M|
|poke|p2|Azumarill, M|
|poke|p2|Kilowattrel, F|
|teampreview
|inactive|Battle timer is ON: inactive players will automatically lose when time's up. (requested by icewizardlair☃)
|
|t:|1778503469
|teamsize|p1|6
|teamsize|p2|6
|start
|switch|p1a: Garganacl|Garganacl, M|100/100
|switch|p2a: Arcannon|Arcanine-Hisui, M, shiny|100/100
|-item|p2a: Arcannon|Air Balloon
|turn|1
|
|t:|1778503478
|move|p2a: Arcannon|Close Combat|p1a: Garganacl
|-supereffective|p1a: Garganacl
|-damage|p1a: Garganacl|51/100
|-unboost|p2a: Arcannon|def|1
|-unboost|p2a: Arcannon|spd|1
|move|p1a: Garganacl|Salt Cure|p2a: Arcannon
|-supereffective|p2a: Arcannon
|-damage|p2a: Arcannon|44/100
|-start|p2a: Arcannon|Salt Cure
|-enditem|p2a: Arcannon|Air Balloon
|
|-heal|p1a: Garganacl|57/100|[from] item: Leftovers
|-damage|p2a: Arcannon|32/100|[from] Salt Cure
|upkeep
|turn|2
|
|t:|1778503492
|switch|p2a: Snowcrow|Froslass, F|100/100
|move|p1a: Garganacl|Recover|p1a: Garganacl
|-heal|p1a: Garganacl|100/100
|
|upkeep
|turn|3
|
|t:|1778503500
|move|p2a: Snowcrow|Blizzard|p1a: Garganacl
|-damage|p1a: Garganacl|69/100
|move|p1a: Garganacl|Salt Cure|p2a: Snowcrow
|-supereffective|p2a: Snowcrow
|-damage|p2a: Snowcrow|53/100
|-start|p2a: Snowcrow|Salt Cure
|
|-heal|p1a: Garganacl|75/100|[from] item: Leftovers
|-damage|p2a: Snowcrow|40/100|[from] Salt Cure
|upkeep
|turn|4
|
|t:|1778503510
|move|p2a: Snowcrow|Destiny Bond|p2a: Snowcrow
|-singlemove|p2a: Snowcrow|Destiny Bond
|move|p1a: Garganacl|Salt Cure|p2a: Snowcrow
|-supereffective|p2a: Snowcrow
|-damage|p2a: Snowcrow|0 fnt
|faint|p2a: Snowcrow
|-activate|p2a: Snowcrow|move: Destiny Bond
|faint|p1a: Garganacl
|
|upkeep
|
|t:|1778503522
|switch|p2a: Arcannon|Arcanine-Hisui, M, shiny|32/100
|switch|p1a: Haxorus|Haxorus, M|100/100
|-ability|p1a: Haxorus|Mold Breaker
|turn|5
|
|t:|1778503531
|move|p2a: Arcannon|Extreme Speed|p1a: Haxorus
|-damage|p1a: Haxorus|70/100
|move|p1a: Haxorus|Earthquake|p2a: Arcannon
|-supereffective|p2a: Arcannon
|-damage|p2a: Arcannon|0 fnt
|faint|p2a: Arcannon
|
|upkeep
|
|t:|1778503534
|switch|p2a: BMO|Azumarill, M|100/100
|turn|6
|
|t:|1778503555
|-terastallize|p1a: Haxorus|Steel
|move|p1a: Haxorus|Earthquake|p2a: BMO
|-damage|p2a: BMO|60/100
|move|p2a: BMO|Play Rough|p1a: Haxorus|[miss]
|-miss|p2a: BMO|p1a: Haxorus
|
|upkeep
|turn|7
|
|t:|1778503563
|move|p1a: Haxorus|Earthquake|p2a: BMO
|-damage|p2a: BMO|24/100
|move|p2a: BMO|Brick Break|p1a: Haxorus
|-supereffective|p1a: Haxorus
|-damage|p1a: Haxorus|0 fnt
|faint|p1a: Haxorus
|
|upkeep
|
|t:|1778503576
|switch|p1a: Gholdengo|Gholdengo|100/100
|turn|8
|
|t:|1778503584
|move|p2a: BMO|Aqua Jet|p1a: Gholdengo
|-damage|p1a: Gholdengo|70/100
|move|p1a: Gholdengo|Make It Rain|p2a: BMO
|-damage|p2a: BMO|0 fnt
|-unboost|p1a: Gholdengo|spa|1
|faint|p2a: BMO
|
|upkeep
|
|t:|1778503587
|switch|p2a: Kixxarth|Yanmega, F|100/100
|turn|9
|
|t:|1778503596
|switch|p1a: Cinderace|Cinderace, M|100/100
|move|p2a: Kixxarth|Detect||[still]
|-fail|p2a: Kixxarth
|
|-ability|p2a: Kixxarth|Speed Boost|boost
|-boost|p2a: Kixxarth|spe|1
|upkeep
|turn|10
|
|t:|1778503606
|-terastallize|p2a: Kixxarth|Ghost
|move|p2a: Kixxarth|Air Slash|p1a: Cinderace
|-damage|p1a: Cinderace|52/100
|move|p1a: Cinderace|Pyro Ball|p2a: Kixxarth
|-damage|p2a: Kixxarth|0 fnt
|faint|p2a: Kixxarth
|-damage|p1a: Cinderace|42/100|[from] item: Life Orb
|
|upkeep
|
|t:|1778503617
|switch|p2a: Thunder Child|Kilowattrel, F|100/100
|turn|11
|
|t:|1778503633
|switch|p1a: Gholdengo|Gholdengo|70/100
|move|p2a: Thunder Child|Air Slash|p1a: Gholdengo
|-resisted|p1a: Gholdengo
|-damage|p1a: Gholdengo|51/100
|
|upkeep
|turn|12
|
|t:|1778503653
|move|p2a: Thunder Child|Electro Ball|p1a: Gholdengo
|-damage|p1a: Gholdengo|19/100
|move|p1a: Gholdengo|Shadow Ball|p2a: Thunder Child
|-damage|p2a: Thunder Child|0 fnt
|faint|p2a: Thunder Child
|
|upkeep
|
|t:|1778503658
|switch|p2a: Dr. Cool|Cetitan, M|100/100
|turn|13
|
|t:|1778503667
|move|p2a: Dr. Cool|Ice Shard|p1a: Gholdengo
|-resisted|p1a: Gholdengo
|-damage|p1a: Gholdengo|8/100
|move|p1a: Gholdengo|Shadow Ball|p2a: Dr. Cool
|-damage|p2a: Dr. Cool|40/100
|
|upkeep
|turn|14
|
|t:|1778503673
|move|p2a: Dr. Cool|Ice Shard|p1a: Gholdengo
|-resisted|p1a: Gholdengo
|-damage|p1a: Gholdengo|0 fnt
|faint|p1a: Gholdengo
|
|upkeep
|-message|icewizardlair☃ forfeited.
|
|win|Outrage258
|raw|Outrage258's rating: 1152 &rarr; <strong>1174</strong><br />(+22 for winning)
|raw|icewizardlair☃'s rating: 1105 &rarr; <strong>1083</strong><br />(-22 for losing)
|l|☆icewizardlair☃
|player|p2|
|l|☆Outrage258
|player|p1|
