|html|<div class="broadcast-blue"><strong>[Gen 9] OU is currently suspecting Tera Blast! For information on how to participate check out the <a href="https://www.smogon.com/tools/suspects/view/200">suspect thread</a>.</strong></div>
|j|☆conwynaut
|j|☆guesbragg2000
|t:|1776053118
|gametype|singles
|player|p1|conwynaut|170|1129
|player|p2|guesbragg2000|102|1080
|gen|9
|tier|[Gen 9] OU
|rated|
|rule|HP Percentage Mod: HP is shown in percentages
|rule|Endless Battle Clause: Forcing endless battles is banned
|rule|Species Clause: Limit one of each Pokémon
|rule|OHKO Clause: OHKO moves are banned
|rule|Evasion Items Clause: Evasion items are banned
|rule|Evasion Moves Clause: Evasion moves are banned
|rule|Evasion Abilities Clause: Evasion abilities are banned
|rule|Sleep Moves Clause: Sleep-inducing moves are banned
|clearpoke
|poke|p1|Latios, M|
|poke|p1|Alomomola, M|
|poke|p1|Iron Crown|
|poke|p1|Ting-Lu|
|poke|p1|Enamorus, F|
|poke|p1|Great Tusk|
|poke|p2|Zamazenta-*|
|poke|p2|Corviknight, M|
|poke|p2|Gholdengo|
|poke|p2|Glimmora, F|
|poke|p2|Tyranitar, M|
|poke|p2|Kyurem|
|teampreview
|inactive|Battle timer is ON: inactive players will automatically lose when time's up. (requested by guesbragg2000)
|
|t:|1776053141
|teamsize|p1|6
|teamsize|p2|6
|start
|switch|p1a: Iron Crown|Iron Crown|100/100
|switch|p2a: Glimmora|Glimmora, F|100/100
|turn|1
|
|t:|1776053147
|move|p1a: Iron Crown|Tachyon Cutter|p2a: Glimmora
|-supereffective|p2a: Glimmora
|-damage|p2a: Glimmora|50/100
|-supereffective|p2a: Glimmora
|-damage|p2a: Glimmora|0 fnt
|faint|p2a: Glimmora
|-hitcount|p2: Glimmora|2
|
|upkeep
|inactive|guesbragg2000 has 120 seconds left.
|
|t:|1776053180
|switch|p2a: Corviknight|Corviknight, M|100/100
|turn|2
|
|t:|1776053186
|move|p1a: Iron Crown|Future Sight|p2a: Corviknight
|-start|p1a: Iron Crown|move: Future Sight
|move|p2a: Corviknight|Bulk Up|p2a: Corviknight
|-boost|p2a: Corviknight|atk|1
|-boost|p2a: Corviknight|def|1
|
|upkeep
|turn|3
|
|t:|1776053201
|move|p1a: Iron Crown|Volt Switch|p2a: Corviknight
|-supereffective|p2a: Corviknight
|-damage|p2a: Corviknight|63/100
|
|t:|1776053223
|-end|p1a: Iron Crown|Quark Drive|[silent]
|switch|p1a: Latios|Latios, M|100/100|[from] Volt Switch
|move|p2a: Corviknight|Iron Head|p1a: Latios
|-damage|p1a: Latios|48/100
|
|upkeep
|turn|4
|
|t:|1776053230
|switch|p2a: Tyranitar|Tyranitar, M|100/100
|-weather|Sandstorm|[from] ability: Sand Stream|[of] p2a: Tyranitar
|move|p1a: Latios|Draco Meteor|p2a: Tyranitar
|-damage|p2a: Tyranitar|42/100
|-unboost|p1a: Latios|spa|2
|
|-weather|Sandstorm|[upkeep]
|-damage|p1a: Latios|42/100|[from] Sandstorm
|-end|p2a: Tyranitar|move: Future Sight
|-immune|p2a: Tyranitar
|upkeep
|turn|5
|
|t:|1776053254
|switch|p1a: Ting-Lu|Ting-Lu|100/100
|-ability|p1a: Ting-Lu|Vessel of Ruin
|move|p2a: Tyranitar|Stone Edge|p1a: Ting-Lu|[miss]
|-miss|p2a: Tyranitar|p1a: Ting-Lu
|
|-weather|Sandstorm|[upkeep]
|upkeep
|turn|6
|
|t:|1776053262
|switch|p2a: Corviknight|Corviknight, M|63/100
|move|p1a: Ting-Lu|Earthquake|p2a: Corviknight
|-immune|p2a: Corviknight
|
|-weather|Sandstorm|[upkeep]
|upkeep
|turn|7
|
|t:|1776053270
|move|p2a: Corviknight|Bulk Up|p2a: Corviknight
|-boost|p2a: Corviknight|atk|1
|-boost|p2a: Corviknight|def|1
|move|p1a: Ting-Lu|Ruination|p2a: Corviknight
|-damage|p2a: Corviknight|32/100
|
|-weather|Sandstorm|[upkeep]
|upkeep
|turn|8
|
|t:|1776053278
|move|p2a: Corviknight|Iron Head|p1a: Ting-Lu
|-damage|p1a: Ting-Lu|81/100
|move|p1a: Ting-Lu|Stealth Rock|p2a: Corviknight
|-sidestart|p2: guesbragg2000|move: Stealth Rock
|
|-weather|none
|-heal|p1a: Ting-Lu|87/100|[from] item: Leftovers
|upkeep
|turn|9
|
|t:|1776053286
|move|p2a: Corviknight|Defog|p1a: Ting-Lu
|-unboost|p1a: Ting-Lu|evasion|1
|-sideend|p2: guesbragg2000|Stealth Rock|[from] move: Defog|[of] p2a: Corviknight
|move|p1a: Ting-Lu|Ruination|p2a: Corviknight
|-damage|p2a: Corviknight|16/100
|
|-heal|p1a: Ting-Lu|93/100|[from] item: Leftovers
|upkeep
|turn|10
|
|t:|1776053294
|switch|p1a: Iron Crown|Iron Crown|100/100
|move|p2a: Corviknight|Drill Peck|p1a: Iron Crown
|-resisted|p1a: Iron Crown
|-damage|p1a: Iron Crown|80/100
|
|-heal|p1a: Iron Crown|86/100|[from] item: Leftovers
|upkeep
|turn|11
|
|t:|1776053305
|move|p1a: Iron Crown|Volt Switch|p2a: Corviknight
|-supereffective|p2a: Corviknight
|-damage|p2a: Corviknight|0 fnt
|faint|p2a: Corviknight
|
|t:|1776053314
|-end|p1a: Iron Crown|Quark Drive|[silent]
|switch|p1a: Enamorus|Enamorus, F|100/100|[from] Volt Switch
|
|upkeep
|
|t:|1776053327
|switch|p2a: Gholdengo|Gholdengo|100/100
|-item|p2a: Gholdengo|Air Balloon
|turn|12
|
|t:|1776053336
|switch|p1a: Ting-Lu|Ting-Lu|93/100
|-ability|p1a: Ting-Lu|Vessel of Ruin
|move|p2a: Gholdengo|Make It Rain|p1a: Ting-Lu
|-damage|p1a: Ting-Lu|65/100
|-unboost|p2a: Gholdengo|spa|1
|
|-heal|p1a: Ting-Lu|71/100|[from] item: Leftovers
|upkeep
|turn|13
|
|t:|1776053354
|switch|p2a: Tyranitar|Tyranitar, M|42/100
|-weather|Sandstorm|[from] ability: Sand Stream|[of] p2a: Tyranitar
|move|p1a: Ting-Lu|Ruination|p2a: Tyranitar
|-damage|p2a: Tyranitar|21/100
|
|-weather|Sandstorm|[upkeep]
|-heal|p1a: Ting-Lu|77/100|[from] item: Leftovers
|upkeep
|turn|14
|
|t:|1776053366
|move|p2a: Tyranitar|Earthquake|p1a: Ting-Lu
|-damage|p1a: Ting-Lu|57/100
|move|p1a: Ting-Lu|Earthquake|p2a: Tyranitar
|-supereffective|p2a: Tyranitar
|-damage|p2a: Tyranitar|0 fnt
|faint|p2a: Tyranitar
|
|-weather|Sandstorm|[upkeep]
|-heal|p1a: Ting-Lu|63/100|[from] item: Leftovers
|upkeep
|inactive|guesbragg2000 has 120 seconds left.
|
|t:|1776053388
|switch|p2a: Gholdengo|Gholdengo|100/100
|-item|p2a: Gholdengo|Air Balloon
|turn|15
|
|t:|1776053394
|-terastallize|p2a: Gholdengo|Fairy
|move|p2a: Gholdengo|Dazzling Gleam|p1a: Ting-Lu
|-supereffective|p1a: Ting-Lu
|-crit|p1a: Ting-Lu
|-damage|p1a: Ting-Lu|6/100
|move|p1a: Ting-Lu|Ruination|p2a: Gholdengo
|-damage|p2a: Gholdengo|51/100
|-enditem|p2a: Gholdengo|Air Balloon
|
|-weather|Sandstorm|[upkeep]
|-damage|p2a: Gholdengo|45/100|[from] Sandstorm
|-heal|p1a: Ting-Lu|12/100|[from] item: Leftovers
|upkeep
|turn|16
|
|t:|1776053405
|move|p2a: Gholdengo|Dazzling Gleam|p1a: Ting-Lu
|-supereffective|p1a: Ting-Lu
|-damage|p1a: Ting-Lu|0 fnt
|faint|p1a: Ting-Lu
|
|-weather|Sandstorm|[upkeep]
|-damage|p2a: Gholdengo|38/100|[from] Sandstorm
|upkeep
|
|t:|1776053408
|switch|p1a: Iron Crown|Iron Crown|86/100
|turn|17
|
|t:|1776053415
|move|p1a: Iron Crown|Tachyon Cutter|p2a: Gholdengo
|-supereffective|p2a: Gholdengo
|-crit|p2a: Gholdengo
|-damage|p2a: Gholdengo|0 fnt
|faint|p2a: Gholdengo
|-hitcount|p2: Gholdengo|1
|
|-weather|none
|-heal|p1a: Iron Crown|93/100|[from] item: Leftovers
|upkeep
|
|t:|1776053423
|switch|p2a: Kyurem|Kyurem|100/100
|-ability|p2a: Kyurem|Pressure
|turn|18
|
|t:|1776053431
|move|p1a: Iron Crown|Tachyon Cutter|p2a: Kyurem
|-supereffective|p2a: Kyurem
|-damage|p2a: Kyurem|68/100
|-supereffective|p2a: Kyurem
|-damage|p2a: Kyurem|33/100
|-hitcount|p2a: Kyurem|2
|move|p2a: Kyurem|Dragon Tail|p1a: Iron Crown
|-resisted|p1a: Iron Crown
|-damage|p1a: Iron Crown|80/100
|-end|p1a: Iron Crown|Quark Drive|[silent]
|drag|p1a: Alomomola|Alomomola, M|100/100
|
|upkeep
|turn|19
|
|t:|1776053441
|move|p2a: Kyurem|Freeze-Dry|p1a: Alomomola
|-supereffective|p1a: Alomomola
|-damage|p1a: Alomomola|16/100
|move|p1a: Alomomola|Flip Turn|p2a: Kyurem
|-resisted|p2a: Kyurem
|-crit|p2a: Kyurem
|-damage|p2a: Kyurem|24/100
|
|t:|1776053454
|switch|p1a: Enamorus|Enamorus, F|100/100|[from] Flip Turn
|
|upkeep
|turn|20
|
|t:|1776053460
|-terastallize|p1a: Enamorus|Fairy
|move|p1a: Enamorus|Moonblast|p2a: Kyurem
|-supereffective|p2a: Kyurem
|-damage|p2a: Kyurem|0 fnt
|faint|p2a: Kyurem
|
|upkeep
|
|t:|1776053466
|switch|p2a: Zamazenta|Zamazenta|100/100
|-ability|p2a: Zamazenta|Dauntless Shield|boost
|-boost|p2a: Zamazenta|def|1
|turn|21
|
|t:|1776053475
|move|p2a: Zamazenta|Protect|p2a: Zamazenta
|-singleturn|p2a: Zamazenta|Protect
|move|p1a: Enamorus|Moonblast|p2a: Zamazenta
|-activate|p2a: Zamazenta|move: Protect
|
|upkeep
|turn|22
|
|t:|1776053485
|move|p1a: Enamorus|Moonblast|p2a: Zamazenta
|-supereffective|p2a: Zamazenta
|-damage|p2a: Zamazenta|0 fnt
|faint|p2a: Zamazenta
|
|win|conwynaut
|raw|conwynaut's rating: 1129 &rarr; <strong>1150</strong><br />(+21 for winning)
|raw|guesbragg2000's rating: 1080 &rarr; <strong>1061</strong><br />(-19 for losing)
|l|☆guesbragg2000
|player|p2|
|l|☆conwynaut
|player|p1|
