|html|<div class="broadcast-blue"><strong>[Gen 9] OU is currently suspecting Tera Blast! For information on how to participate check out the <a href="https://www.smogon.com/tools/suspects/view/200">suspect thread</a>.</strong></div>
|j|☆alex12381723898
|j|☆kopv18
|t:|1776186075
|gametype|singles
|player|p1|alex12381723898|169|1567
|player|p2|kopv18|bugcatcher-gen4dp|1537
|gen|9
|tier|[Gen 9] OU
|rated|
|rule|HP Percentage Mod: HP is shown in percentages
|rule|Endless Battle Clause: Forcing endless battles is banned
|rule|Species Clause: Limit one of each Pokémon
|rule|OHKO Clause: OHKO moves are banned
|rule|Evasion Items Clause: Evasion items are banned
|rule|Evasion Moves Clause: Evasion moves are banned
|rule|Evasion Abilities Clause: Evasion abilities are banned
|rule|Sleep Moves Clause: Sleep-inducing moves are banned
|clearpoke
|poke|p1|Landorus-Therian, M|
|poke|p1|Sinistcha|
|poke|p1|Tinkaton, F|
|poke|p1|Moltres|
|poke|p1|Samurott-Hisui, M|
|poke|p1|Hydreigon, M|
|poke|p2|Tyranitar, F|
|poke|p2|Kingambit, F|
|poke|p2|Excadrill, F|
|poke|p2|Chimecho, M|
|poke|p2|Cinderace, M|
|poke|p2|Hydrapple, F|
|teampreview
|inactive|Battle timer is ON: inactive players will automatically lose when time's up. (requested by alex12381723898)
|
|t:|1776186080
|teamsize|p1|6
|teamsize|p2|6
|start
|switch|p1a: Smile.exe|Tinkaton, F, shiny|100/100
|switch|p2a: Cinderace|Cinderace, M|100/100
|-item|p1a: Smile.exe|Air Balloon
|turn|1
|
|t:|1776186083
|move|p2a: Cinderace|Pyro Ball|p1a: Smile.exe
|-supereffective|p1a: Smile.exe
|-crit|p1a: Smile.exe
|-damage|p1a: Smile.exe|0 fnt
|-enditem|p1a: Smile.exe|Air Balloon
|faint|p1a: Smile.exe
|
|upkeep
|
|t:|1776186085
|switch|p1a: Enten|Landorus-Therian, M, shiny|100/100
|-ability|p1a: Enten|Intimidate|boost
|-unboost|p2a: Cinderace|atk|1
|turn|2
|
|t:|1776186088
|move|p1a: Enten|Earthquake|p2a: Cinderace
|-supereffective|p2a: Cinderace
|-damage|p2a: Cinderace|0 fnt
|faint|p2a: Cinderace
|
|upkeep
|
|t:|1776186098
|switch|p2a: Hydrapple|Hydrapple, F|100/100
|turn|3
|
|t:|1776186101
|switch|p1a: Jack Sparrow|Samurott-Hisui, M, shiny|100/100
|move|p2a: Hydrapple|Fickle Beam|p1a: Jack Sparrow
|-damage|p1a: Jack Sparrow|11/100
|-damage|p2a: Hydrapple|91/100|[from] item: Life Orb
|
|upkeep
|turn|4
|
|t:|1776186110
|move|p1a: Jack Sparrow|Ceaseless Edge|p2a: Hydrapple
|-damage|p2a: Hydrapple|54/100
|-sidestart|p2: kopv18|Spikes
|move|p2a: Hydrapple|Giga Drain|p1a: Jack Sparrow
|-supereffective|p1a: Jack Sparrow
|-damage|p1a: Jack Sparrow|0 fnt
|-heal|p2a: Hydrapple|59/100|[from] drain|[of] p1a: Jack Sparrow
|faint|p1a: Jack Sparrow
|-damage|p2a: Hydrapple|49/100|[from] item: Life Orb
|
|upkeep
|
|t:|1776186111
|switch|p1a: Hybrid|Hydreigon, M, shiny|100/100
|turn|5
|
|t:|1776186123
|switch|p2a: Kingambit|Kingambit, F|100/100
|-damage|p2a: Kingambit|88/100|[from] Spikes
|-activate|p2a: Kingambit|ability: Supreme Overlord
|-start|p2a: Kingambit|fallen1|[silent]
|-terastallize|p1a: Hybrid|Steel
|move|p1a: Hybrid|Earth Power|p2a: Kingambit
|-supereffective|p2a: Kingambit
|-damage|p2a: Kingambit|0 fnt
|faint|p2a: Kingambit
|-end|p2a: Kingambit|fallen1|[silent]
|
|upkeep
|
|t:|1776186129
|switch|p2a: Tyranitar|Tyranitar, F|100/100
|-damage|p2a: Tyranitar|88/100|[from] Spikes
|-weather|Sandstorm|[from] ability: Sand Stream|[of] p2a: Tyranitar
|turn|6
|
|t:|1776186134
|move|p1a: Hybrid|Earth Power|p2a: Tyranitar
|-supereffective|p2a: Tyranitar
|-damage|p2a: Tyranitar|31/100
|-unboost|p2a: Tyranitar|spd|1
|move|p2a: Tyranitar|Low Kick|p1a: Hybrid
|-supereffective|p1a: Hybrid
|-damage|p1a: Hybrid|0 fnt
|faint|p1a: Hybrid
|
|-weather|Sandstorm|[upkeep]
|upkeep
|
|t:|1776186138
|switch|p1a: Enten|Landorus-Therian, M, shiny|100/100
|-ability|p1a: Enten|Intimidate|boost
|-unboost|p2a: Tyranitar|atk|1
|turn|7
|
|t:|1776186143
|switch|p2a: Excadrill|Excadrill, F|100/100
|-damage|p2a: Excadrill|88/100|[from] Spikes
|move|p1a: Enten|U-turn|p2a: Excadrill
|-resisted|p2a: Excadrill
|-damage|p2a: Excadrill|71/100
|
|t:|1776186145
|switch|p1a: Phoenix|Moltres, shiny|100/100|[from] U-turn
|
|-weather|Sandstorm|[upkeep]
|-damage|p1a: Phoenix|94/100|[from] Sandstorm
|-heal|p2a: Excadrill|77/100|[from] item: Leftovers
|upkeep
|turn|8
|
|t:|1776186150
|switch|p2a: Chimecho|Chimecho, M|100/100
|move|p1a: Phoenix|Flamethrower|p2a: Chimecho
|-damage|p2a: Chimecho|65/100
|-status|p2a: Chimecho|brn
|
|-weather|Sandstorm|[upkeep]
|-damage|p1a: Phoenix|88/100|[from] Sandstorm
|-damage|p2a: Chimecho|58/100 brn|[from] Sandstorm
|-heal|p2a: Chimecho|65/100 brn|[from] item: Leftovers
|-damage|p2a: Chimecho|58/100 brn|[from] brn
|upkeep
|turn|9
|
|t:|1776186156
|move|p1a: Phoenix|U-turn|p2a: Chimecho
|-supereffective|p2a: Chimecho
|-damage|p2a: Chimecho|35/100 brn
|
|t:|1776186157
|switch|p1a: Sagittarius|Sinistcha, shiny|100/100|[from] U-turn
|move|p2a: Chimecho|Future Sight|p1a: Sagittarius
|-start|p2a: Chimecho|move: Future Sight
|
|-weather|Sandstorm|[upkeep]
|-damage|p1a: Sagittarius|94/100|[from] Sandstorm
|-damage|p2a: Chimecho|28/100 brn|[from] Sandstorm
|-heal|p2a: Chimecho|35/100 brn|[from] item: Leftovers
|-damage|p2a: Chimecho|28/100 brn|[from] brn
|upkeep
|turn|10
|
|t:|1776186163
|switch|p2a: Tyranitar|Tyranitar, F|31/100
|-damage|p2a: Tyranitar|19/100|[from] Spikes
|move|p1a: Sagittarius|Shadow Ball|p2a: Tyranitar
|-resisted|p2a: Tyranitar
|-damage|p2a: Tyranitar|9/100
|
|-weather|none
|upkeep
|turn|11
|
|t:|1776186167
|move|p2a: Tyranitar|Knock Off|p1a: Sagittarius
|-supereffective|p1a: Sagittarius
|-damage|p1a: Sagittarius|0 fnt
|-enditem|p1a: Sagittarius|Heavy-Duty Boots|[from] move: Knock Off|[of] p2a: Tyranitar
|faint|p1a: Sagittarius
|
|-hint|Future Sight did not hit because the target is fainted.
|upkeep
|
|t:|1776186169
|switch|p1a: Enten|Landorus-Therian, M, shiny|100/100
|-ability|p1a: Enten|Intimidate|boost
|-unboost|p2a: Tyranitar|atk|1
|turn|12
|
|t:|1776186175
|move|p1a: Enten|U-turn|p2a: Tyranitar
|-supereffective|p2a: Tyranitar
|-damage|p2a: Tyranitar|0 fnt
|faint|p2a: Tyranitar
|
|t:|1776186180
|switch|p1a: Phoenix|Moltres, shiny|88/100|[from] U-turn
|
|upkeep
|
|t:|1776186185
|switch|p2a: Chimecho|Chimecho, M|28/100 brn
|turn|13
|
|t:|1776186188
|switch|p1a: Enten|Landorus-Therian, M, shiny|100/100
|-ability|p1a: Enten|Intimidate|boost
|-unboost|p2a: Chimecho|atk|1
|move|p2a: Chimecho|Recover|p2a: Chimecho
|-heal|p2a: Chimecho|78/100 brn
|
|-heal|p2a: Chimecho|85/100 brn|[from] item: Leftovers
|-damage|p2a: Chimecho|78/100 brn|[from] brn
|upkeep
|turn|14
|
|t:|1776186192
|move|p1a: Enten|U-turn|p2a: Chimecho
|-supereffective|p2a: Chimecho
|-damage|p2a: Chimecho|32/100 brn
|
|t:|1776186194
|switch|p1a: Phoenix|Moltres, shiny|88/100|[from] U-turn
|move|p2a: Chimecho|Heal Bell|p2a: Chimecho
|-activate|p2a: Chimecho|move: Heal Bell
|-curestatus|p2a: Chimecho|brn|[msg]
|
|-heal|p2a: Chimecho|38/100|[from] item: Leftovers
|upkeep
|turn|15
|
|t:|1776186198
|move|p1a: Phoenix|U-turn|p2a: Chimecho
|-supereffective|p2a: Chimecho
|-damage|p2a: Chimecho|12/100
|
|t:|1776186199
|switch|p1a: Enten|Landorus-Therian, M, shiny|100/100|[from] U-turn
|-ability|p1a: Enten|Intimidate|boost
|-unboost|p2a: Chimecho|atk|1
|move|p2a: Chimecho|Recover|p2a: Chimecho
|-heal|p2a: Chimecho|62/100
|
|-heal|p2a: Chimecho|69/100|[from] item: Leftovers
|upkeep
|turn|16
|
|t:|1776186202
|move|p1a: Enten|U-turn|p2a: Chimecho
|-supereffective|p2a: Chimecho
|-damage|p2a: Chimecho|24/100
|
|t:|1776186204
|switch|p1a: Phoenix|Moltres, shiny|88/100|[from] U-turn
|move|p2a: Chimecho|Future Sight|p1a: Phoenix
|-start|p2a: Chimecho|move: Future Sight
|
|-heal|p2a: Chimecho|30/100|[from] item: Leftovers
|upkeep
|turn|17
|
|t:|1776186208
|move|p1a: Phoenix|U-turn|p2a: Chimecho
|-supereffective|p2a: Chimecho
|-damage|p2a: Chimecho|7/100
|
|t:|1776186210
|switch|p1a: Enten|Landorus-Therian, M, shiny|100/100|[from] U-turn
|-ability|p1a: Enten|Intimidate|boost
|-unboost|p2a: Chimecho|atk|1
|move|p2a: Chimecho|Recover|p2a: Chimecho
|-heal|p2a: Chimecho|57/100
|
|-heal|p2a: Chimecho|63/100|[from] item: Leftovers
|upkeep
|turn|18
|
|t:|1776186213
|move|p1a: Enten|U-turn|p2a: Chimecho
|-supereffective|p2a: Chimecho
|-damage|p2a: Chimecho|20/100
|
|t:|1776186215
|switch|p1a: Phoenix|Moltres, shiny|88/100|[from] U-turn
|move|p2a: Chimecho|Thunder Wave|p1a: Phoenix
|-status|p1a: Phoenix|par
|
|-end|p1a: Phoenix|move: Future Sight
|-damage|p1a: Phoenix|56/100 par
|-heal|p2a: Chimecho|26/100|[from] item: Leftovers
|upkeep
|turn|19
|
|t:|1776186217
|move|p2a: Chimecho|Recover|p2a: Chimecho
|-heal|p2a: Chimecho|76/100
|move|p1a: Phoenix|U-turn|p2a: Chimecho
|-supereffective|p2a: Chimecho
|-damage|p2a: Chimecho|50/100
|
|t:|1776186219
|switch|p1a: Enten|Landorus-Therian, M, shiny|100/100|[from] U-turn
|-ability|p1a: Enten|Intimidate|boost
|-unboost|p2a: Chimecho|atk|1
|
|-heal|p2a: Chimecho|56/100|[from] item: Leftovers
|upkeep
|turn|20
|
|t:|1776186226
|move|p1a: Enten|U-turn|p2a: Chimecho
|-supereffective|p2a: Chimecho
|-damage|p2a: Chimecho|8/100
|
|t:|1776186227
|switch|p1a: Phoenix|Moltres, shiny|56/100 par|[from] U-turn
|move|p2a: Chimecho|Future Sight|p1a: Phoenix
|-start|p2a: Chimecho|move: Future Sight
|
|-heal|p2a: Chimecho|14/100|[from] item: Leftovers
|upkeep
|turn|21
|
|t:|1776186249
|switch|p2a: Hydrapple|Hydrapple, F|82/100
|-damage|p2a: Hydrapple|70/100|[from] Spikes
|move|p1a: Phoenix|U-turn|p2a: Hydrapple
|-supereffective|p2a: Hydrapple
|-damage|p2a: Hydrapple|49/100
|
|t:|1776186250
|switch|p1a: Enten|Landorus-Therian, M, shiny|100/100|[from] U-turn
|-ability|p1a: Enten|Intimidate|boost
|-unboost|p2a: Hydrapple|atk|1
|
|upkeep
|turn|22
|
|t:|1776186260
|move|p1a: Enten|U-turn|p2a: Hydrapple
|-supereffective|p2a: Hydrapple
|-damage|p2a: Hydrapple|10/100
|
|t:|1776186262
|switch|p1a: Phoenix|Moltres, shiny|56/100 par|[from] U-turn
|move|p2a: Hydrapple|Fickle Beam|p1a: Phoenix
|-damage|p1a: Phoenix|6/100 par
|-damage|p2a: Hydrapple|0 fnt|[from] item: Life Orb
|faint|p2a: Hydrapple
|
|-end|p1a: Phoenix|move: Future Sight
|-damage|p1a: Phoenix|0 fnt
|faint|p1a: Phoenix
|upkeep
|
|t:|1776186267
|switch|p1a: Enten|Landorus-Therian, M, shiny|100/100
|switch|p2a: Excadrill|Excadrill, F|77/100
|-ability|p1a: Enten|Intimidate|boost
|-unboost|p2a: Excadrill|atk|1
|-damage|p2a: Excadrill|64/100|[from] Spikes
|turn|23
|
|t:|1776186278
|move|p1a: Enten|U-turn|p2a: Excadrill
|-resisted|p2a: Excadrill
|-damage|p2a: Excadrill|44/100
|move|p2a: Excadrill|Iron Head|p1a: Enten
|-damage|p1a: Enten|62/100
|
|-heal|p2a: Excadrill|50/100|[from] item: Leftovers
|upkeep
|turn|24
|
|t:|1776186289
|-terastallize|p2a: Excadrill|Ghost
|move|p1a: Enten|U-turn|p2a: Excadrill
|-resisted|p2a: Excadrill
|-damage|p2a: Excadrill|30/100
|move|p2a: Excadrill|Swords Dance|p2a: Excadrill
|-boost|p2a: Excadrill|atk|2
|
|-heal|p2a: Excadrill|36/100|[from] item: Leftovers
|upkeep
|turn|25
|
|t:|1776186294
|move|p1a: Enten|U-turn|p2a: Excadrill
|-resisted|p2a: Excadrill
|-damage|p2a: Excadrill|19/100
|move|p2a: Excadrill|Iron Head|p1a: Enten
|-damage|p1a: Enten|0 fnt
|faint|p1a: Enten
|
|win|kopv18
|raw|alex12381723898's rating: 1567 &rarr; <strong>1545</strong><br />(-22 for losing)
|raw|kopv18's rating: 1537 &rarr; <strong>1559</strong><br />(+22 for winning)
