|html|<div class="broadcast-blue"><strong>[Gen 9] OU is currently suspecting Tera Blast! For information on how to participate check out the <a href="https://www.smogon.com/tools/suspects/view/200">suspect thread</a>.</strong></div>
|j|☆Afrojolote
|j|☆C2icyy
|t:|1776045431
|gametype|singles
|player|p1|Afrojolote|102|1105
|player|p2|C2icyy|hilbert-wonderlauncher|1125
|gen|9
|tier|[Gen 9] OU
|rated|
|rule|HP Percentage Mod: HP is shown in percentages
|rule|Endless Battle Clause: Forcing endless battles is banned
|rule|Species Clause: Limit one of each Pokémon
|rule|OHKO Clause: OHKO moves are banned
|rule|Evasion Items Clause: Evasion items are banned
|rule|Evasion Moves Clause: Evasion moves are banned
|rule|Evasion Abilities Clause: Evasion abilities are banned
|rule|Sleep Moves Clause: Sleep-inducing moves are banned
|clearpoke
|poke|p1|Yanmega, F|
|poke|p1|Pelipper, M|
|poke|p1|Sandy Shocks|
|poke|p1|Floatzel, M|
|poke|p1|Ogerpon-Wellspring, F|
|poke|p1|Iron Treads|
|poke|p2|Maushold-Four|
|poke|p2|Zamazenta-*|
|poke|p2|Oricorio-Pom-Pom, M|
|poke|p2|Chandelure, M|
|poke|p2|Iron Leaves|
|poke|p2|Pincurchin, M|
|teampreview
|inactive|Battle timer is ON: inactive players will automatically lose when time's up. (requested by C2icyy)
|
|t:|1776045473
|teamsize|p1|6
|teamsize|p2|6
|start
|switch|p1a: Iron Treads|Iron Treads|100/100
|switch|p2a: Pincurchin|Pincurchin, M|100/100
|-fieldstart|move: Electric Terrain|[from] ability: Electric Surge|[of] p2a: Pincurchin
|-activate|p1a: Iron Treads|ability: Quark Drive
|-start|p1a: Iron Treads|quarkdrivespe
|turn|1
|inactive|C2icyy has 120 seconds left.
|
|t:|1776045505
|switch|p2a: Iron Leaves|Iron Leaves|100/100
|-activate|p2a: Iron Leaves|ability: Quark Drive
|-start|p2a: Iron Leaves|quarkdriveatk
|move|p1a: Iron Treads|Stealth Rock|p2a: Iron Leaves
|-sidestart|p2: C2icyy|move: Stealth Rock
|
|upkeep
|turn|2
|inactive|C2icyy has 120 seconds left.
|
|t:|1776045517
|move|p1a: Iron Treads|Knock Off|p2a: Iron Leaves
|-supereffective|p2a: Iron Leaves
|-damage|p2a: Iron Leaves|48/100
|move|p2a: Iron Leaves|Sacred Sword|p1a: Iron Treads
|-supereffective|p1a: Iron Treads
|-damage|p1a: Iron Treads|20/100
|
|-heal|p1a: Iron Treads|26/100|[from] item: Leftovers
|upkeep
|turn|3
|inactive|C2icyy has 120 seconds left.
|
|t:|1776045532
|-end|p1a: Iron Treads|Quark Drive|[silent]
|switch|p1a: Yanmega|Yanmega, F, shiny|100/100
|-end|p2a: Iron Leaves|Quark Drive|[silent]
|switch|p2a: Zamazenta|Zamazenta|100/100
|-damage|p2a: Zamazenta|94/100|[from] Stealth Rock
|-ability|p2a: Zamazenta|Dauntless Shield|boost
|-boost|p2a: Zamazenta|def|1
|
|upkeep
|turn|4
|inactive|C2icyy has 120 seconds left.
|
|t:|1776045542
|switch|p2a: Oricorio|Oricorio-Pom-Pom, M|100/100
|move|p1a: Yanmega|Protect||[still]
|-fail|p1a: Yanmega
|
|-ability|p1a: Yanmega|Speed Boost|boost
|-boost|p1a: Yanmega|spe|1
|upkeep
|turn|5
|inactive|Afrojolote has 120 seconds left.
|
|t:|1776045576
|switch|p1a: Sandy Shocks|Sandy Shocks|100/100
|move|p2a: Oricorio|Quiver Dance|p2a: Oricorio
|-boost|p2a: Oricorio|spa|1
|-boost|p2a: Oricorio|spd|1
|-boost|p2a: Oricorio|spe|1
|
|-fieldend|move: Electric Terrain
|upkeep
|turn|6
|inactive|C2icyy has 120 seconds left.
|
|t:|1776045597
|switch|p2a: Maushold|Maushold-Four|100/100
|-damage|p2a: Maushold|88/100|[from] Stealth Rock
|move|p1a: Sandy Shocks|Volt Switch|p2a: Maushold
|-damage|p2a: Maushold|35/100
|inactive|Afrojolote has 120 seconds left.
|
|t:|1776045607
|-end|p1a: Sandy Shocks|Protosynthesis|[silent]
|switch|p1a: Yanmega|Yanmega, F, shiny|100/100|[from] Volt Switch
|
|upkeep
|turn|7
|
|t:|1776045614
|move|p1a: Yanmega|Protect|p1a: Yanmega
|-singleturn|p1a: Yanmega|Protect
|move|p2a: Maushold|Population Bomb|p1a: Yanmega
|-activate|p1a: Yanmega|move: Protect
|
|-ability|p1a: Yanmega|Speed Boost|boost
|-boost|p1a: Yanmega|spe|1
|upkeep
|turn|8
|
|t:|1776045622
|move|p1a: Yanmega|Bug Buzz|p2a: Maushold
|-damage|p2a: Maushold|0 fnt
|faint|p2a: Maushold
|
|-ability|p1a: Yanmega|Speed Boost|boost
|-boost|p1a: Yanmega|spe|1
|upkeep
|
|t:|1776045625
|switch|p2a: Chandelure|Chandelure, M|100/100
|-damage|p2a: Chandelure|76/100|[from] Stealth Rock
|turn|9
|
|t:|1776045639
|switch|p1a: Pelipper|Pelipper, M|100/100
|-weather|RainDance|[from] ability: Drizzle|[of] p1a: Pelipper
|move|p2a: Chandelure|Will-O-Wisp|p1a: Pelipper
|-status|p1a: Pelipper|brn
|
|-weather|RainDance|[upkeep]
|-heal|p2a: Chandelure|82/100|[from] item: Leftovers
|-damage|p1a: Pelipper|94/100 brn|[from] brn
|upkeep
|turn|10
|
|t:|1776045651
|-terastallize|p2a: Chandelure|Flying
|move|p2a: Chandelure|Hex|p1a: Pelipper
|-damage|p1a: Pelipper|5/100 brn
|move|p1a: Pelipper|Knock Off|p2a: Chandelure
|-damage|p2a: Chandelure|74/100
|-enditem|p2a: Chandelure|Leftovers|[from] move: Knock Off|[of] p1a: Pelipper
|
|-weather|RainDance|[upkeep]
|-damage|p1a: Pelipper|0 fnt|[from] brn
|faint|p1a: Pelipper
|upkeep
|
|t:|1776045660
|switch|p1a: Floatzel|Floatzel, M|100/100
|turn|11
|
|t:|1776045678
|-terastallize|p1a: Floatzel|Water
|move|p1a: Floatzel|Wave Crash|p2a: Chandelure
|-damage|p2a: Chandelure|0 fnt
|faint|p2a: Chandelure
|-damage|p1a: Floatzel|79/100|[from] Recoil
|
|-weather|RainDance|[upkeep]
|upkeep
|
|t:|1776045685
|switch|p2a: Pincurchin|Pincurchin, M|100/100
|-damage|p2a: Pincurchin|88/100|[from] Stealth Rock
|-fieldstart|move: Electric Terrain|[from] ability: Electric Surge|[of] p2a: Pincurchin
|turn|12
|-activate|p2a: Pincurchin|item: Quick Claw
|
|t:|1776045689
|move|p2a: Pincurchin|Toxic Spikes|p1a: Floatzel
|-sidestart|p1: Afrojolote|move: Toxic Spikes
|move|p1a: Floatzel|Wave Crash|p2a: Pincurchin
|-damage|p2a: Pincurchin|0 fnt
|faint|p2a: Pincurchin
|-damage|p1a: Floatzel|51/100|[from] Recoil
|
|-weather|RainDance|[upkeep]
|upkeep
|
|t:|1776045694
|switch|p2a: Oricorio|Oricorio-Pom-Pom, M|100/100
|turn|13
|
|t:|1776045699
|move|p1a: Floatzel|Wave Crash|p2a: Oricorio
|-damage|p2a: Oricorio|0 fnt
|faint|p2a: Oricorio
|-damage|p1a: Floatzel|14/100|[from] Recoil
|
|-weather|RainDance|[upkeep]
|upkeep
|
|t:|1776045707
|switch|p2a: Zamazenta|Zamazenta|94/100
|-damage|p2a: Zamazenta|88/100|[from] Stealth Rock
|turn|14
|
|t:|1776045711
|move|p1a: Floatzel|Wave Crash|p2a: Zamazenta
|-crit|p2a: Zamazenta
|-damage|p2a: Zamazenta|0 fnt
|faint|p2a: Zamazenta
|-damage|p1a: Floatzel|0 fnt|[from] Recoil
|faint|p1a: Floatzel
|
|-weather|RainDance|[upkeep]
|upkeep
|
|t:|1776045715
|switch|p2a: Iron Leaves|Iron Leaves|48/100
|switch|p1a: Yanmega|Yanmega, F, shiny|100/100
|-damage|p2a: Iron Leaves|35/100|[from] Stealth Rock
|-activate|p2a: Iron Leaves|ability: Quark Drive
|-start|p2a: Iron Leaves|quarkdriveatk
|turn|15
|
|t:|1776045726
|move|p1a: Yanmega|Protect|p1a: Yanmega
|-singleturn|p1a: Yanmega|Protect
|move|p2a: Iron Leaves|Psyblade|p1a: Yanmega
|-activate|p1a: Yanmega|move: Protect
|
|-weather|RainDance|[upkeep]
|-ability|p1a: Yanmega|Speed Boost|boost
|-boost|p1a: Yanmega|spe|1
|upkeep
|turn|16
|c|☆C2icyy|gg
|
|t:|1776045733
|move|p1a: Yanmega|Bug Buzz|p2a: Iron Leaves
|-supereffective|p2a: Iron Leaves
|-damage|p2a: Iron Leaves|0 fnt
|faint|p2a: Iron Leaves
|-end|p2a: Iron Leaves|Quark Drive|[silent]
|
|win|Afrojolote
|raw|Afrojolote's rating: 1105 &rarr; <strong>1131</strong><br />(+26 for winning)
|raw|C2icyy's rating: 1125 &rarr; <strong>1099</strong><br />(-26 for losing)
|l|☆C2icyy
|player|p2|
|l|☆Afrojolote
|player|p1|
