|html|<div class="broadcast-blue"><strong>[Gen 9] OU is currently suspecting Tera Blast! For information on how to participate check out the <a href="https://www.smogon.com/tools/suspects/view/200">suspect thread</a>.</strong></div>
|j|☆maxezzz
|j|☆Docter_Peng99
|t:|1776118781
|gametype|singles
|player|p1|maxezzz|waitress|1393
|player|p2|Docter_Peng99|corbeau|1409
|gen|9
|tier|[Gen 9] OU
|rated|
|rule|HP Percentage Mod: HP is shown in percentages
|rule|Endless Battle Clause: Forcing endless battles is banned
|rule|Species Clause: Limit one of each Pokémon
|rule|OHKO Clause: OHKO moves are banned
|rule|Evasion Items Clause: Evasion items are banned
|rule|Evasion Moves Clause: Evasion moves are banned
|rule|Evasion Abilities Clause: Evasion abilities are banned
|rule|Sleep Moves Clause: Sleep-inducing moves are banned
|clearpoke
|poke|p1|Ninetales-Alola, F|
|poke|p1|Kyurem|
|poke|p1|Manaphy|
|poke|p1|Hatterene, F|
|poke|p1|Rillaboom, M|
|poke|p1|Dragonite, F|
|poke|p2|Samurott-Hisui, M|
|poke|p2|Great Tusk|
|poke|p2|Gholdengo|
|poke|p2|Zapdos|
|poke|p2|Iron Valiant|
|poke|p2|Kingambit, M|
|teampreview
|
|t:|1776118783
|teamsize|p1|6
|teamsize|p2|6
|start
|switch|p1a: Ninetales|Ninetales-Alola, F|100/100
|switch|p2a: Mr. Moneybags|Gholdengo|100/100
|-weather|Snowscape|[from] ability: Snow Warning|[of] p1a: Ninetales
|turn|1
|inactive|Battle timer is ON: inactive players will automatically lose when time's up. (requested by maxezzz)
|
|t:|1776118791
|move|p2a: Mr. Moneybags|Make It Rain|p1a: Ninetales
|-supereffective|p1a: Ninetales
|-enditem|p1a: Ninetales|Focus Sash
|-damage|p1a: Ninetales|1/100
|-unboost|p2a: Mr. Moneybags|spa|1
|move|p1a: Ninetales|Aurora Veil|p1a: Ninetales
|-sidestart|p1: maxezzz|move: Aurora Veil
|
|-weather|Snowscape|[upkeep]
|upkeep
|turn|2
|
|t:|1776118795
|move|p2a: Mr. Moneybags|Make It Rain|p1a: Ninetales
|-supereffective|p1a: Ninetales
|-damage|p1a: Ninetales|0 fnt
|-unboost|p2a: Mr. Moneybags|spa|1
|faint|p1a: Ninetales
|
|-weather|Snowscape|[upkeep]
|upkeep
|
|t:|1776118808
|switch|p1a: Manaphy|Manaphy|100/100
|turn|3
|
|t:|1776118811
|switch|p2a: Mihawk|Samurott-Hisui, M, shiny|100/100
|move|p1a: Manaphy|Take Heart|p1a: Manaphy
|-boost|p1a: Manaphy|spa|1
|-boost|p1a: Manaphy|spd|1
|
|-weather|Snowscape|[upkeep]
|upkeep
|turn|4
|
|t:|1776118814
|move|p1a: Manaphy|Acid Armor|p1a: Manaphy
|-boost|p1a: Manaphy|def|2
|move|p2a: Mihawk|Ceaseless Edge|p1a: Manaphy|[miss]
|-miss|p2a: Mihawk|p1a: Manaphy
|
|-weather|Snowscape|[upkeep]
|upkeep
|turn|5
|
|t:|1776118819
|move|p1a: Manaphy|Take Heart|p1a: Manaphy
|-boost|p1a: Manaphy|spa|1
|-boost|p1a: Manaphy|spd|1
|move|p2a: Mihawk|Ceaseless Edge|p1a: Manaphy
|-damage|p1a: Manaphy|91/100
|-sidestart|p1: maxezzz|Spikes
|
|-weather|none
|-heal|p1a: Manaphy|97/100|[from] item: Leftovers
|-sideend|p1: maxezzz|move: Aurora Veil
|upkeep
|turn|6
|
|t:|1776118825
|switch|p2a: Iron Knight|Iron Valiant|100/100
|-enditem|p2a: Iron Knight|Booster Energy
|-activate|p2a: Iron Knight|ability: Quark Drive|[fromitem]
|-start|p2a: Iron Knight|quarkdrivespe
|move|p1a: Manaphy|Take Heart|p1a: Manaphy
|-boost|p1a: Manaphy|spa|1
|-boost|p1a: Manaphy|spd|1
|
|-heal|p1a: Manaphy|100/100|[from] item: Leftovers
|upkeep
|turn|7
|
|t:|1776118836
|switch|p1a: Hatterene|Hatterene, F|100/100
|-damage|p1a: Hatterene|88/100|[from] Spikes
|move|p2a: Iron Knight|Destiny Bond|p2a: Iron Knight
|-singlemove|p2a: Iron Knight|Destiny Bond
|
|upkeep
|turn|8
|
|t:|1776118846
|switch|p1a: Rillaboom|Rillaboom, M|100/100
|-damage|p1a: Rillaboom|88/100|[from] Spikes
|-fieldstart|move: Grassy Terrain|[from] ability: Grassy Surge|[of] p1a: Rillaboom
|move|p2a: Iron Knight|Moonblast|p1a: Rillaboom
|-damage|p1a: Rillaboom|25/100
|
|-heal|p1a: Rillaboom|31/100|[from] Grassy Terrain
|upkeep
|turn|9
|
|t:|1776118857
|move|p2a: Iron Knight|Moonblast|p1a: Rillaboom
|-damage|p1a: Rillaboom|0 fnt
|faint|p1a: Rillaboom
|
|upkeep
|
|t:|1776118865
|switch|p1a: Manaphy|Manaphy|100/100
|-damage|p1a: Manaphy|88/100|[from] Spikes
|turn|10
|
|t:|1776118871
|-terastallize|p1a: Manaphy|Steel
|move|p2a: Iron Knight|Knock Off|p1a: Manaphy
|-damage|p1a: Manaphy|64/100
|-enditem|p1a: Manaphy|Leftovers|[from] move: Knock Off|[of] p2a: Iron Knight
|move|p1a: Manaphy|Acid Armor|p1a: Manaphy
|-boost|p1a: Manaphy|def|2
|
|-heal|p1a: Manaphy|71/100|[from] Grassy Terrain
|upkeep
|turn|11
|
|t:|1776118876
|move|p2a: Iron Knight|Close Combat|p1a: Manaphy
|-supereffective|p1a: Manaphy
|-damage|p1a: Manaphy|30/100
|-unboost|p2a: Iron Knight|def|1
|-unboost|p2a: Iron Knight|spd|1
|move|p1a: Manaphy|Take Heart|p1a: Manaphy
|-boost|p1a: Manaphy|spa|1
|-boost|p1a: Manaphy|spd|1
|
|-heal|p1a: Manaphy|36/100|[from] Grassy Terrain
|upkeep
|turn|12
|
|t:|1776118879
|move|p2a: Iron Knight|Destiny Bond|p2a: Iron Knight
|-singlemove|p2a: Iron Knight|Destiny Bond
|move|p1a: Manaphy|Acid Armor|p1a: Manaphy
|-boost|p1a: Manaphy|def|2
|
|-heal|p1a: Manaphy|42/100|[from] Grassy Terrain
|upkeep
|turn|13
|
|t:|1776118884
|move|p2a: Iron Knight|Close Combat|p1a: Manaphy
|-supereffective|p1a: Manaphy
|-damage|p1a: Manaphy|14/100
|-unboost|p2a: Iron Knight|def|1
|-unboost|p2a: Iron Knight|spd|1
|move|p1a: Manaphy|Acid Armor|p1a: Manaphy
|-boost|p1a: Manaphy|def|2
|
|-heal|p1a: Manaphy|20/100|[from] Grassy Terrain
|upkeep
|turn|14
|
|t:|1776118892
|move|p2a: Iron Knight|Close Combat|p1a: Manaphy
|-supereffective|p1a: Manaphy
|-damage|p1a: Manaphy|0 fnt
|-unboost|p2a: Iron Knight|def|1
|-unboost|p2a: Iron Knight|spd|1
|faint|p1a: Manaphy
|
|upkeep
|
|t:|1776118903
|switch|p1a: Dragonite|Dragonite, F|100/100
|turn|15
|
|t:|1776118907
|move|p2a: Iron Knight|Moonblast|p1a: Dragonite
|-supereffective|p1a: Dragonite
|-damage|p1a: Dragonite|49/100
|-unboost|p1a: Dragonite|spa|1
|move|p1a: Dragonite|Dragon Dance|p1a: Dragonite
|-boost|p1a: Dragonite|atk|1
|-boost|p1a: Dragonite|spe|1
|
|-fieldend|move: Grassy Terrain
|upkeep
|turn|16
|
|t:|1776118913
|-end|p2a: Iron Knight|Quark Drive|[silent]
|switch|p2a: ICastParalysis|Zapdos|100/100
|move|p1a: Dragonite|Earthquake|p2a: ICastParalysis
|-immune|p2a: ICastParalysis
|
|upkeep
|turn|17
|
|t:|1776118928
|move|p1a: Dragonite|Fire Punch|p2a: ICastParalysis
|-damage|p2a: ICastParalysis|69/100
|move|p2a: ICastParalysis|Volt Switch|p1a: Dragonite
|-damage|p1a: Dragonite|20/100
|
|t:|1776118930
|switch|p2a: Iron Knight|Iron Valiant|100/100|[from] Volt Switch
|
|upkeep
|turn|18
|
|t:|1776118935
|move|p1a: Dragonite|Extreme Speed|p2a: Iron Knight
|-damage|p2a: Iron Knight|43/100
|move|p2a: Iron Knight|Destiny Bond|p2a: Iron Knight
|-singlemove|p2a: Iron Knight|Destiny Bond
|
|upkeep
|turn|19
|
|t:|1776118944
|move|p1a: Dragonite|Extreme Speed|p2a: Iron Knight
|-damage|p2a: Iron Knight|0 fnt
|faint|p2a: Iron Knight
|-activate|p2a: Iron Knight|move: Destiny Bond
|-end|p2a: Iron Knight|Quark Drive|[silent]
|faint|p1a: Dragonite
|
|upkeep
|
|t:|1776118949
|switch|p2a: Mr. Moneybags|Gholdengo|100/100
|switch|p1a: Kyurem|Kyurem|100/100
|-damage|p1a: Kyurem|88/100|[from] Spikes
|-ability|p1a: Kyurem|Pressure
|turn|20
|
|t:|1776118958
|move|p2a: Mr. Moneybags|Make It Rain|p1a: Kyurem
|-supereffective|p1a: Kyurem
|-damage|p1a: Kyurem|0 fnt
|-unboost|p2a: Mr. Moneybags|spa|1
|faint|p1a: Kyurem
|
|upkeep
|
|t:|1776118960
|switch|p1a: Hatterene|Hatterene, F|88/100
|-damage|p1a: Hatterene|76/100|[from] Spikes
|turn|21
|
|t:|1776118963
|move|p2a: Mr. Moneybags|Make It Rain|p1a: Hatterene
|-supereffective|p1a: Hatterene
|-damage|p1a: Hatterene|0 fnt
|-unboost|p2a: Mr. Moneybags|spa|1
|faint|p1a: Hatterene
|
|win|Docter_Peng99
|raw|maxezzz's rating: 1393 &rarr; <strong>1374</strong><br />(-19 for losing)
|raw|Docter_Peng99's rating: 1409 &rarr; <strong>1428</strong><br />(+19 for winning)
|l|☆maxezzz
|player|p1|
|c|☆Docter_Peng99|gg
