|html|<div class="broadcast-blue"><strong>[Gen 9] OU is currently suspecting Volcarona! For information on how to participate check out the <a href="https://www.smogon.com/tools/suspects/view/208">suspect thread</a>.</strong></div>
|j|☆Alexis-steel100
|j|☆dc1ldn
|t:|1778506476
|gametype|singles
|player|p1|Alexis-steel100|hilbert|1167
|player|p2|dc1ldn|ethan|1177
|gen|9
|tier|[Gen 9] OU
|rated|
|rule|HP Percentage Mod: HP is shown in percentages
|rule|Endless Battle Clause: Forcing endless battles is banned
|rule|Species Clause: Limit one of each Pokémon
|rule|OHKO Clause: OHKO moves are banned
|rule|Evasion Items Clause: Evasion items are banned
|rule|Evasion Moves Clause: Evasion moves are banned
|rule|Evasion Abilities Clause: Evasion abilities are banned
|rule|Sleep Moves Clause: Sleep-inducing moves are banned
|clearpoke
|poke|p1|Espeon, M|
|poke|p1|Umbreon, F|
|poke|p1|Leafeon, M|
|poke|p1|Sylveon, F|
|poke|p1|Jolteon, M|
|poke|p1|Vaporeon, M|
|poke|p2|Infernape, F|
|poke|p2|Swampert, M|
|poke|p2|Meowscarada, F|
|poke|p2|Honchkrow, F|
|poke|p2|Pecharunt|
|poke|p2|Garchomp, M|
|teampreview
|inactive|Battle timer is ON: inactive players will automatically lose when time's up. (requested by Alexis-steel100)
|inactive|dc1ldn also wants the timer to be on.
|c|☆dc1ldn|eeveelutions
|c|☆dc1ldn|nice
|inactive|Alexis-steel100 has 120 seconds left.
|
|t:|1778506527
|teamsize|p1|6
|teamsize|p2|6
|start
|switch|p1a: Sylveon|Sylveon, F|100/100
|switch|p2a: Swampert|Swampert, M|100/100
|turn|1
|
|t:|1778506536
|move|p1a: Sylveon|Hyper Voice|p2a: Swampert
|-damage|p2a: Swampert|64/100
|move|p2a: Swampert|Knock Off|p1a: Sylveon
|-resisted|p1a: Sylveon
|-damage|p1a: Sylveon|87/100
|-enditem|p1a: Sylveon|Assault Vest|[from] move: Knock Off|[of] p2a: Swampert
|
|-heal|p2a: Swampert|70/100|[from] item: Leftovers
|upkeep
|turn|2
|
|t:|1778506560
|switch|p1a: Vaporeon|Vaporeon, M|100/100
|move|p2a: Swampert|Stealth Rock|p1a: Vaporeon
|-sidestart|p1: Alexis-steel100|move: Stealth Rock
|
|-heal|p2a: Swampert|76/100|[from] item: Leftovers
|upkeep
|turn|3
|
|t:|1778506578
|move|p1a: Vaporeon|Scald|p2a: Swampert
|-damage|p2a: Swampert|58/100
|move|p2a: Swampert|Knock Off|p1a: Vaporeon
|-damage|p1a: Vaporeon|83/100
|-enditem|p1a: Vaporeon|Leftovers|[from] move: Knock Off|[of] p2a: Swampert
|
|-heal|p2a: Swampert|65/100|[from] item: Leftovers
|upkeep
|turn|4
|
|t:|1778506590
|move|p1a: Vaporeon|Scald|p2a: Swampert
|-crit|p2a: Swampert
|-damage|p2a: Swampert|34/100
|-status|p2a: Swampert|brn
|move|p2a: Swampert|Flip Turn|p1a: Vaporeon
|-heal|p1a: Vaporeon|100/100|[from] ability: Water Absorb|[of] p2a: Swampert
|
|-heal|p2a: Swampert|40/100 brn|[from] item: Leftovers
|-damage|p2a: Swampert|34/100 brn|[from] brn
|upkeep
|turn|5
|
|t:|1778506609
|switch|p2a: Meowscarada|Meowscarada, F|100/100
|move|p1a: Vaporeon|Scald|p2a: Meowscarada
|-resisted|p2a: Meowscarada
|-damage|p2a: Meowscarada|78/100
|
|upkeep
|turn|6
|
|t:|1778506624
|move|p2a: Meowscarada|Flower Trick|p1a: Vaporeon
|-start|p2a: Meowscarada|typechange|Grass|[from] ability: Protean
|-supereffective|p1a: Vaporeon
|-crit|p1a: Vaporeon
|-damage|p1a: Vaporeon|0 fnt
|faint|p1a: Vaporeon
|
|upkeep
|
|t:|1778506634
|switch|p1a: Leafeon|Leafeon, M|100/100
|-damage|p1a: Leafeon|88/100|[from] Stealth Rock
|turn|7
|
|t:|1778506639
|switch|p2a: Pecharunt|Pecharunt|100/100
|move|p1a: Leafeon|X-Scissor|p2a: Pecharunt
|-resisted|p2a: Pecharunt
|-damage|p2a: Pecharunt|95/100
|-damage|p1a: Leafeon|78/100|[from] item: Life Orb
|
|upkeep
|turn|8
|
|t:|1778506648
|move|p1a: Leafeon|Knock Off|p2a: Pecharunt
|-supereffective|p2a: Pecharunt
|-damage|p2a: Pecharunt|41/100
|-enditem|p2a: Pecharunt|Heavy-Duty Boots|[from] move: Knock Off|[of] p1a: Leafeon
|-damage|p1a: Leafeon|68/100|[from] item: Life Orb
|move|p2a: Pecharunt|Malignant Chain|p1a: Leafeon
|-supereffective|p1a: Leafeon
|-damage|p1a: Leafeon|0 fnt
|faint|p1a: Leafeon
|
|upkeep
|
|t:|1778506658
|switch|p1a: Espeon|Espeon, M|100/100
|-damage|p1a: Espeon|88/100|[from] Stealth Rock
|turn|9
|
|t:|1778506671
|switch|p2a: Honchkrow|Honchkrow, F|100/100
|move|p1a: Espeon|Shadow Ball|p2a: Honchkrow
|-resisted|p2a: Honchkrow
|-damage|p2a: Honchkrow|66/100
|
|upkeep
|turn|10
|
|t:|1778506680
|switch|p1a: Umbreon|Umbreon, F|100/100
|-damage|p1a: Umbreon|88/100|[from] Stealth Rock
|move|p2a: Honchkrow|Night Slash|p1a: Umbreon
|-resisted|p1a: Umbreon
|-damage|p1a: Umbreon|77/100
|
|-heal|p1a: Umbreon|83/100|[from] item: Leftovers
|upkeep
|turn|11
|
|t:|1778506690
|move|p2a: Honchkrow|U-turn|p1a: Umbreon
|-supereffective|p1a: Umbreon
|-damage|p1a: Umbreon|52/100
|
|t:|1778506695
|switch|p2a: Garchomp|Garchomp, M|100/100|[from] U-turn
|move|p1a: Umbreon|Toxic|p2a: Garchomp
|-status|p2a: Garchomp|tox
|
|-heal|p1a: Umbreon|58/100|[from] item: Leftovers
|-damage|p2a: Garchomp|94/100 tox|[from] psn
|upkeep
|turn|12
|
|t:|1778506704
|move|p2a: Garchomp|Swords Dance|p2a: Garchomp
|-boost|p2a: Garchomp|atk|2
|move|p1a: Umbreon|Foul Play|p2a: Garchomp
|-damage|p2a: Garchomp|4/100 tox
|-damage|p1a: Umbreon|46/100|[from] ability: Rough Skin|[of] p2a: Garchomp
|
|-heal|p1a: Umbreon|52/100|[from] item: Leftovers
|-damage|p2a: Garchomp|0 fnt|[from] psn
|faint|p2a: Garchomp
|upkeep
|
|t:|1778506716
|switch|p2a: Infernape|Infernape, F|100/100
|turn|13
|
|t:|1778506726
|-terastallize|p1a: Umbreon|Poison
|move|p2a: Infernape|Switcheroo|p1a: Umbreon
|-activate|p2a: Infernape|move: Trick|[of] p1a: Umbreon
|-item|p1a: Umbreon|Choice Scarf|[from] move: Switcheroo
|-item|p2a: Infernape|Leftovers|[from] move: Switcheroo
|move|p1a: Umbreon|Toxic|p2a: Infernape
|-status|p2a: Infernape|tox
|
|-damage|p2a: Infernape|94/100 tox|[from] psn
|upkeep
|turn|14
|
|t:|1778506746
|switch|p1a: Espeon|Espeon, M|88/100
|-damage|p1a: Espeon|76/100|[from] Stealth Rock
|move|p2a: Infernape|Flare Blitz|p1a: Espeon
|-damage|p1a: Espeon|0 fnt
|faint|p1a: Espeon
|-damage|p2a: Infernape|71/100 tox|[from] Recoil
|
|-heal|p2a: Infernape|77/100 tox|[from] item: Leftovers
|-damage|p2a: Infernape|65/100 tox|[from] psn
|upkeep
|
|t:|1778506759
|switch|p1a: Sylveon|Sylveon, F|87/100
|-damage|p1a: Sylveon|74/100|[from] Stealth Rock
|turn|15
|
|t:|1778506768
|switch|p2a: Swampert|Swampert, M|34/100 brn
|move|p1a: Sylveon|Shadow Ball|p2a: Swampert
|-damage|p2a: Swampert|18/100 brn
|
|-heal|p2a: Swampert|24/100 brn|[from] item: Leftovers
|-damage|p2a: Swampert|18/100 brn|[from] brn
|upkeep
|turn|16
|
|t:|1778506781
|move|p2a: Swampert|Earthquake|p1a: Sylveon
|-damage|p1a: Sylveon|56/100
|move|p1a: Sylveon|Hyper Voice|p2a: Swampert
|-damage|p2a: Swampert|0 fnt
|faint|p2a: Swampert
|
|upkeep
|
|t:|1778506788
|switch|p2a: Pecharunt|Pecharunt|41/100
|turn|17
|
|t:|1778506792
|move|p2a: Pecharunt|Recover|p2a: Pecharunt
|-heal|p2a: Pecharunt|91/100
|move|p1a: Sylveon|Psyshock|p2a: Pecharunt
|-supereffective|p2a: Pecharunt
|-damage|p2a: Pecharunt|50/100
|
|upkeep
|turn|18
|
|t:|1778506798
|move|p2a: Pecharunt|Recover|p2a: Pecharunt
|-heal|p2a: Pecharunt|99/100
|move|p1a: Sylveon|Psyshock|p2a: Pecharunt
|-supereffective|p2a: Pecharunt
|-damage|p2a: Pecharunt|63/100
|
|upkeep
|turn|19
|
|t:|1778506806
|move|p2a: Pecharunt|Malignant Chain|p1a: Sylveon
|-supereffective|p1a: Sylveon
|-damage|p1a: Sylveon|0 fnt
|faint|p1a: Sylveon
|
|upkeep
|
|t:|1778506813
|switch|p1a: Jolteon|Jolteon, M|100/100
|-damage|p1a: Jolteon|88/100|[from] Stealth Rock
|turn|20
|
|t:|1778506841
|move|p1a: Jolteon|Shadow Ball|p2a: Pecharunt
|-supereffective|p2a: Pecharunt
|-damage|p2a: Pecharunt|0 fnt
|faint|p2a: Pecharunt
|-damage|p1a: Jolteon|78/100|[from] item: Life Orb
|
|upkeep
|
|t:|1778506849
|switch|p2a: Meowscarada|Meowscarada, F|78/100
|turn|21
|
|t:|1778506855
|-terastallize|p2a: Meowscarada|Grass
|move|p1a: Jolteon|Alluring Voice|p2a: Meowscarada
|-damage|p2a: Meowscarada|28/100
|-damage|p1a: Jolteon|68/100|[from] item: Life Orb
|move|p2a: Meowscarada|Flower Trick|p1a: Jolteon
|-crit|p1a: Jolteon
|-damage|p1a: Jolteon|0 fnt
|faint|p1a: Jolteon
|
|upkeep
|
|t:|1778506864
|switch|p1a: Umbreon|Umbreon, F, tera:Poison|52/100
|-damage|p1a: Umbreon|39/100|[from] Stealth Rock
|turn|22
|
|t:|1778506867
|move|p2a: Meowscarada|Flower Trick|p1a: Umbreon
|-resisted|p1a: Umbreon
|-crit|p1a: Umbreon
|-damage|p1a: Umbreon|5/100
|move|p1a: Umbreon|Foul Play|p2a: Meowscarada
|-damage|p2a: Meowscarada|0 fnt
|faint|p2a: Meowscarada
|
|upkeep
|
|t:|1778506876
|switch|p2a: Honchkrow|Honchkrow, F|66/100
|turn|23
|
|t:|1778506878
|move|p2a: Honchkrow|Sucker Punch|p1a: Umbreon
|-damage|p1a: Umbreon|0 fnt
|faint|p1a: Umbreon
|
|win|dc1ldn
|raw|Alexis-steel100's rating: 1167 &rarr; <strong>1143</strong><br />(-24 for losing)
|raw|dc1ldn's rating: 1177 &rarr; <strong>1201</strong><br />(+24 for winning)
|c|☆Alexis-steel100|gg
|c|☆dc1ldn|gg
|l|☆Alexis-steel100
|player|p1|
|l|☆dc1ldn
|player|p2|
