|html|<div class="broadcast-blue"><strong>[Gen 9] OU is currently suspecting Tera Blast! For information on how to participate check out the <a href="https://www.smogon.com/tools/suspects/view/200">suspect thread</a>.</strong></div>
|j|☆firmamentbobert
|j|☆Versato
|t:|1776098216
|gametype|singles
|player|p1|firmamentbobert|li|1398
|player|p2|Versato|lucas|1380
|gen|9
|tier|[Gen 9] OU
|rated|
|rule|HP Percentage Mod: HP is shown in percentages
|rule|Endless Battle Clause: Forcing endless battles is banned
|rule|Species Clause: Limit one of each Pokémon
|rule|OHKO Clause: OHKO moves are banned
|rule|Evasion Items Clause: Evasion items are banned
|rule|Evasion Moves Clause: Evasion moves are banned
|rule|Evasion Abilities Clause: Evasion abilities are banned
|rule|Sleep Moves Clause: Sleep-inducing moves are banned
|clearpoke
|poke|p1|Dragapult, F|
|poke|p1|Dragonite, F|
|poke|p1|Alomomola, F|
|poke|p1|Iron Treads|
|poke|p1|Moltres|
|poke|p1|Kyurem|
|poke|p2|Weavile, M|
|poke|p2|Landorus-Therian, M|
|poke|p2|Hoopa-Unbound|
|poke|p2|Haxorus, M|
|poke|p2|Scizor, F|
|poke|p2|Slaking, M|
|teampreview
|inactive|Battle timer is ON: inactive players will automatically lose when time's up. (requested by Versato)
|
|t:|1776098222
|teamsize|p1|6
|teamsize|p2|6
|start
|switch|p1a: Dragapult|Dragapult, F|100/100
|switch|p2a: Weavile|Weavile, M|100/100
|-ability|p2a: Weavile|Pressure
|turn|1
|
|t:|1776098230
|switch|p2a: Landorus|Landorus-Therian, M|100/100
|-ability|p2a: Landorus|Intimidate|boost
|-unboost|p1a: Dragapult|atk|1
|move|p1a: Dragapult|Flamethrower|p2a: Landorus
|-damage|p2a: Landorus|53/100
|
|upkeep
|turn|2
|
|t:|1776098240
|switch|p1a: Moltres|Moltres|100/100
|move|p2a: Landorus|U-turn|p1a: Moltres
|-resisted|p1a: Moltres
|-damage|p1a: Moltres|97/100
|-status|p2a: Landorus|brn|[from] ability: Flame Body|[of] p1a: Moltres
|
|t:|1776098247
|switch|p2a: Weavile|Weavile, M|100/100|[from] U-turn
|-ability|p2a: Weavile|Pressure
|
|upkeep
|turn|3
|
|t:|1776098252
|-terastallize|p2a: Weavile|Dark
|move|p2a: Weavile|Beat Up|p1a: Moltres
|-damage|p1a: Moltres|85/100
|-crit|p1a: Moltres
|-damage|p1a: Moltres|63/100
|-damage|p1a: Moltres|50/100
|-damage|p1a: Moltres|37/100
|-damage|p1a: Moltres|23/100
|-hitcount|p1a: Moltres|5
|move|p1a: Moltres|Will-O-Wisp|p2a: Weavile
|-status|p2a: Weavile|brn
|
|-damage|p2a: Weavile|94/100 brn|[from] brn
|upkeep
|turn|4
|
|t:|1776098265
|switch|p1a: Alomomola|Alomomola, F|100/100
|move|p2a: Weavile|Beat Up|p1a: Alomomola
|-damage|p1a: Alomomola|94/100
|-damage|p1a: Alomomola|86/100
|-crit|p1a: Alomomola
|-damage|p1a: Alomomola|75/100
|-damage|p1a: Alomomola|68/100
|-damage|p1a: Alomomola|59/100
|-hitcount|p1a: Alomomola|5
|
|-damage|p2a: Weavile|88/100 brn|[from] brn
|upkeep
|turn|5
|
|t:|1776098276
|move|p2a: Weavile|Beat Up|p1a: Alomomola
|-damage|p1a: Alomomola|53/100
|-damage|p1a: Alomomola|45/100
|-damage|p1a: Alomomola|38/100
|-damage|p1a: Alomomola|31/100
|-damage|p1a: Alomomola|24/100
|-hitcount|p1a: Alomomola|5
|move|p1a: Alomomola|Flip Turn|p2a: Weavile
|-damage|p2a: Weavile|59/100 brn
|
|t:|1776098299
|switch|p1a: Dragapult|Dragapult, F|100/100|[from] Flip Turn
|
|-damage|p2a: Weavile|53/100 brn|[from] brn
|upkeep
|turn|6
|
|t:|1776098304
|move|p1a: Dragapult|U-turn|p2a: Weavile
|-supereffective|p2a: Weavile
|-damage|p2a: Weavile|0 fnt
|faint|p2a: Weavile
|
|t:|1776098308
|switch|p1a: Kyurem|Kyurem|100/100|[from] U-turn
|-ability|p1a: Kyurem|Pressure
|
|upkeep
|
|t:|1776098320
|switch|p2a: Hoopa|Hoopa-Unbound|100/100
|turn|7
|
|t:|1776098329
|move|p1a: Kyurem|Icicle Spear|p2a: Hoopa
|-damage|p2a: Hoopa|83/100
|-damage|p2a: Hoopa|67/100
|-damage|p2a: Hoopa|49/100
|-damage|p2a: Hoopa|31/100
|-damage|p2a: Hoopa|15/100
|-hitcount|p2a: Hoopa|5
|move|p2a: Hoopa|Dark Pulse|p1a: Kyurem
|-damage|p1a: Kyurem|49/100
|
|upkeep
|turn|8
|
|t:|1776098340
|switch|p2a: Slaking|Slaking, M|100/100
|move|p1a: Kyurem|Scale Shot|p2a: Slaking
|-damage|p2a: Slaking|93/100
|-damage|p2a: Slaking|84/100
|-damage|p2a: Slaking|76/100
|-damage|p2a: Slaking|67/100
|-hitcount|p2a: Slaking|4
|-unboost|p1a: Kyurem|def|1
|-boost|p1a: Kyurem|spe|1
|
|upkeep
|turn|9
|
|t:|1776098354
|switch|p1a: Moltres|Moltres|23/100
|move|p2a: Slaking|Sucker Punch||[still]
|-fail|p2a: Slaking
|
|upkeep
|turn|10
|
|t:|1776098359
|switch|p2a: Landorus|Landorus-Therian, M|53/100 brn
|-ability|p2a: Landorus|Intimidate|boost
|-unboost|p1a: Moltres|atk|1
|move|p1a: Moltres|Roost|p1a: Moltres
|-heal|p1a: Moltres|73/100
|-singleturn|p1a: Moltres|move: Roost
|
|-damage|p2a: Landorus|47/100 brn|[from] brn
|upkeep
|turn|11
|
|t:|1776098370
|switch|p1a: Iron Treads|Iron Treads|100/100
|move|p2a: Landorus|Sludge Bomb|p1a: Iron Treads
|-immune|p1a: Iron Treads
|
|-damage|p2a: Landorus|41/100 brn|[from] brn
|upkeep
|turn|12
|
|t:|1776098377
|move|p1a: Iron Treads|Stealth Rock|p2a: Landorus
|-sidestart|p2: Versato|move: Stealth Rock
|move|p2a: Landorus|Earth Power|p1a: Iron Treads
|-supereffective|p1a: Iron Treads
|-damage|p1a: Iron Treads|0 fnt
|faint|p1a: Iron Treads
|-end|p1a: Iron Treads|Quark Drive|[silent]
|
|-damage|p2a: Landorus|35/100 brn|[from] brn
|upkeep
|
|t:|1776098387
|switch|p1a: Kyurem|Kyurem|49/100
|-ability|p1a: Kyurem|Pressure
|turn|13
|
|t:|1776098392
|move|p1a: Kyurem|Icicle Spear|p2a: Landorus
|-supereffective|p2a: Landorus
|-crit|p2a: Landorus
|-damage|p2a: Landorus|0 fnt
|faint|p2a: Landorus
|-hitcount|p2: Landorus|1
|
|upkeep
|
|t:|1776098401
|switch|p2a: Slaking|Slaking, M|67/100
|-damage|p2a: Slaking|55/100|[from] Stealth Rock
|turn|14
|
|t:|1776098409
|switch|p1a: Moltres|Moltres|73/100
|move|p2a: Slaking|Double-Edge|p1a: Moltres
|-damage|p1a: Moltres|0 fnt
|faint|p1a: Moltres
|-damage|p2a: Slaking|35/100|[from] Recoil
|
|upkeep
|
|t:|1776098412
|switch|p1a: Kyurem|Kyurem|49/100
|-ability|p1a: Kyurem|Pressure
|turn|15
|
|t:|1776098419
|switch|p2a: Hoopa|Hoopa-Unbound|15/100
|-damage|p2a: Hoopa|3/100|[from] Stealth Rock
|move|p1a: Kyurem|Dragon Dance|p1a: Kyurem
|-boost|p1a: Kyurem|atk|1
|-boost|p1a: Kyurem|spe|1
|
|upkeep
|turn|16
|
|t:|1776098425
|move|p1a: Kyurem|Icicle Spear|p2a: Hoopa
|-damage|p2a: Hoopa|0 fnt
|faint|p2a: Hoopa
|-hitcount|p2: Hoopa|1
|
|upkeep
|
|t:|1776098429
|switch|p2a: Slaking|Slaking, M|35/100
|-damage|p2a: Slaking|23/100|[from] Stealth Rock
|turn|17
|
|t:|1776098435
|move|p2a: Slaking|Sucker Punch|p1a: Kyurem
|-damage|p1a: Kyurem|1/100
|move|p1a: Kyurem|Icicle Spear|p2a: Slaking
|-damage|p2a: Slaking|10/100
|-damage|p2a: Slaking|0 fnt
|faint|p2a: Slaking
|-hitcount|p2: Slaking|2
|
|upkeep
|
|t:|1776098442
|switch|p2a: Scizor|Scizor, F|100/100
|-damage|p2a: Scizor|88/100|[from] Stealth Rock
|turn|18
|
|t:|1776098446
|move|p2a: Scizor|Bullet Punch|p1a: Kyurem
|-supereffective|p1a: Kyurem
|-damage|p1a: Kyurem|0 fnt
|faint|p1a: Kyurem
|
|upkeep
|
|t:|1776098449
|switch|p1a: Dragapult|Dragapult, F|100/100
|turn|19
|
|t:|1776098455
|move|p2a: Scizor|Bullet Punch|p1a: Dragapult
|-damage|p1a: Dragapult|25/100
|move|p1a: Dragapult|Flamethrower|p2a: Scizor
|-supereffective|p2a: Scizor
|-damage|p2a: Scizor|0 fnt
|faint|p2a: Scizor
|
|upkeep
|
|t:|1776098461
|switch|p2a: Haxorus|Haxorus, M|100/100
|-damage|p2a: Haxorus|88/100|[from] Stealth Rock
|-ability|p2a: Haxorus|Mold Breaker
|turn|20
|
|t:|1776098467
|switch|p1a: Alomomola|Alomomola, F|57/100
|move|p2a: Haxorus|Dragon Dance|p2a: Haxorus
|-boost|p2a: Haxorus|atk|1
|-boost|p2a: Haxorus|spe|1
|
|upkeep
|turn|21
|
|t:|1776098475
|switch|p1a: Dragapult|Dragapult, F|25/100
|move|p2a: Haxorus|Dragon Dance|p2a: Haxorus
|-boost|p2a: Haxorus|atk|1
|-boost|p2a: Haxorus|spe|1
|
|upkeep
|turn|22
|
|t:|1776098483
|move|p2a: Haxorus|Dragon Claw|p1a: Dragapult
|-supereffective|p1a: Dragapult
|-damage|p1a: Dragapult|0 fnt
|faint|p1a: Dragapult
|-damage|p2a: Haxorus|78/100|[from] item: Life Orb
|
|upkeep
|
|t:|1776098485
|switch|p1a: Alomomola|Alomomola, F|91/100
|turn|23
|
|t:|1776098493
|move|p2a: Haxorus|Dragon Dance|p2a: Haxorus
|-boost|p2a: Haxorus|atk|1
|-boost|p2a: Haxorus|spe|1
|move|p1a: Alomomola|Play Rough|p2a: Haxorus
|-supereffective|p2a: Haxorus
|-damage|p2a: Haxorus|33/100
|
|upkeep
|turn|24
|
|t:|1776098500
|move|p2a: Haxorus|Dragon Claw|p1a: Alomomola
|-damage|p1a: Alomomola|0 fnt
|faint|p1a: Alomomola
|-damage|p2a: Haxorus|23/100|[from] item: Life Orb
|
|upkeep
|
|t:|1776098502
|switch|p1a: Dragonite|Dragonite, F|100/100
|turn|25
|
|t:|1776098506
|-terastallize|p1a: Dragonite|Dragon
|move|p1a: Dragonite|Extreme Speed|p2a: Haxorus
|-damage|p2a: Haxorus|0 fnt
|faint|p2a: Haxorus
|
|win|firmamentbobert
|raw|firmamentbobert's rating: 1398 &rarr; <strong>1417</strong><br />(+19 for winning)
|raw|Versato's rating: 1380 &rarr; <strong>1361</strong><br />(-19 for losing)
|l|☆Versato
|player|p2|
