|html|<div class="broadcast-blue"><strong>[Gen 9] OU is currently suspecting Tera Blast! For information on how to participate check out the <a href="https://www.smogon.com/tools/suspects/view/200">suspect thread</a>.</strong></div>
|j|☆pikachu12200
|j|☆yes yes boys
|t:|1776188716
|gametype|singles
|player|p1|pikachu12200|gentleman-gen4dp|1247
|player|p2|yes yes boys|2|1186
|gen|9
|tier|[Gen 9] OU
|rated|
|rule|HP Percentage Mod: HP is shown in percentages
|rule|Endless Battle Clause: Forcing endless battles is banned
|rule|Species Clause: Limit one of each Pokémon
|rule|OHKO Clause: OHKO moves are banned
|rule|Evasion Items Clause: Evasion items are banned
|rule|Evasion Moves Clause: Evasion moves are banned
|rule|Evasion Abilities Clause: Evasion abilities are banned
|rule|Sleep Moves Clause: Sleep-inducing moves are banned
|clearpoke
|poke|p1|Dragonite, M|
|poke|p1|Gholdengo|
|poke|p1|Gliscor, M|
|poke|p1|Garganacl, M|
|poke|p1|Ogerpon-Wellspring, F|
|poke|p1|Cinderace, M|
|poke|p2|Hatterene, F|
|poke|p2|Pelipper, M|
|poke|p2|Hariyama, M|
|poke|p2|Cresselia, F|
|poke|p2|Ursaluna, M|
|poke|p2|Porygon2|
|teampreview
|inactive|Battle timer is ON: inactive players will automatically lose when time's up. (requested by yes yes boys)
|inactive|pikachu12200 also wants the timer to be on.
|inactive|pikachu12200 has 120 seconds left.
|inactive|yes yes boys has 120 seconds left.
|
|t:|1776188762
|teamsize|p1|6
|teamsize|p2|6
|start
|switch|p1a: Garganacl|Garganacl, M, shiny|100/100
|switch|p2a: Lindsay Throwhandz|Hariyama, M|100/100
|turn|1
|
|t:|1776188774
|move|p1a: Garganacl|Iron Defense|p1a: Garganacl
|-boost|p1a: Garganacl|def|2
|move|p2a: Lindsay Throwhandz|Drain Punch|p1a: Garganacl
|-supereffective|p1a: Garganacl
|-damage|p1a: Garganacl|75/100
|-damage|p2a: Lindsay Throwhandz|84/100|[from] item: Rocky Helmet|[of] p1a: Garganacl
|
|upkeep
|turn|2
|
|t:|1776188793
|switch|p2a: Duck Duck Goobs|Porygon2|100/100
|-ability|p2a: Duck Duck Goobs|Download|boost
|-boost|p2a: Duck Duck Goobs|spa|1
|move|p1a: Garganacl|Salt Cure|p2a: Duck Duck Goobs
|-damage|p2a: Duck Duck Goobs|92/100
|-start|p2a: Duck Duck Goobs|Salt Cure
|
|-damage|p2a: Duck Duck Goobs|79/100|[from] Salt Cure
|upkeep
|turn|3
|
|t:|1776188804
|-terastallize|p2a: Duck Duck Goobs|Ground
|move|p2a: Duck Duck Goobs|Tera Blast|p1a: Garganacl|[anim] Tera Blast Ground
|-supereffective|p1a: Garganacl
|-damage|p1a: Garganacl|0 fnt
|faint|p1a: Garganacl
|
|-damage|p2a: Duck Duck Goobs|67/100|[from] Salt Cure
|upkeep
|
|t:|1776188815
|switch|p1a: Ogerpon|Ogerpon-Wellspring, F|100/100
|turn|4
|
|t:|1776188825
|switch|p2a: Sydney Sipme|Hatterene, F|100/100
|move|p1a: Ogerpon|Ivy Cudgel|p2a: Sydney Sipme|[anim] Ivy Cudgel Water
|-crit|p2a: Sydney Sipme
|-damage|p2a: Sydney Sipme|5/100
|
|upkeep
|turn|5
|
|t:|1776188832
|move|p1a: Ogerpon|Ivy Cudgel|p2a: Sydney Sipme|[anim] Ivy Cudgel Water
|-crit|p2a: Sydney Sipme
|-damage|p2a: Sydney Sipme|0 fnt
|faint|p2a: Sydney Sipme
|
|upkeep
|
|t:|1776188835
|switch|p2a: Better Call Stall|Cresselia, F|100/100
|turn|6
|
|t:|1776188853
|move|p1a: Ogerpon|Ivy Cudgel|p2a: Better Call Stall|[anim] Ivy Cudgel Water
|-damage|p2a: Better Call Stall|71/100
|move|p2a: Better Call Stall|Trick Room|p2a: Better Call Stall
|-fieldstart|move: Trick Room|[of] p2a: Better Call Stall
|
|upkeep
|turn|7
|
|t:|1776188868
|switch|p2a: JD Dance|Pelipper, M|100/100
|-weather|RainDance|[from] ability: Drizzle|[of] p2a: JD Dance
|move|p1a: Ogerpon|Ivy Cudgel|p2a: JD Dance|[anim] Ivy Cudgel Water
|-resisted|p2a: JD Dance
|-damage|p2a: JD Dance|51/100
|
|-weather|RainDance|[upkeep]
|upkeep
|turn|8
|
|t:|1776188878
|-terastallize|p1a: Ogerpon|Water
|detailschange|p1a: Ogerpon|Ogerpon-Wellspring-Tera, F, tera:Water
|-ability|p1a: Ogerpon|Embody Aspect (Wellspring)|boost
|-boost|p1a: Ogerpon|spd|1
|move|p2a: JD Dance|Hurricane|p1a: Ogerpon
|-damage|p1a: Ogerpon|39/100
|-start|p1a: Ogerpon|confusion
|-activate|p1a: Ogerpon|confusion
|-damage|p1a: Ogerpon|23/100|[from] confusion
|
|-weather|RainDance|[upkeep]
|upkeep
|turn|9
|c|☆yes yes boys|gg
|
|t:|1776188894
|move|p2a: JD Dance|Hurricane|p1a: Ogerpon
|-damage|p1a: Ogerpon|0 fnt
|faint|p1a: Ogerpon
|detailschange|p1: Ogerpon|Ogerpon-Wellspring, F|[silent]
|
|-weather|RainDance|[upkeep]
|upkeep
|
|t:|1776188910
|switch|p1a: Dragonite|Dragonite, M, shiny|100/100
|turn|10
|
|t:|1776188918
|move|p2a: JD Dance|Hurricane|p1a: Dragonite
|-damage|p1a: Dragonite|58/100
|move|p1a: Dragonite|Dragon Dance|p1a: Dragonite
|-boost|p1a: Dragonite|atk|1
|-boost|p1a: Dragonite|spe|1
|
|-weather|RainDance|[upkeep]
|-fieldend|move: Trick Room
|upkeep
|turn|11
|c|☆pikachu12200|You think you won ?
|c|☆yes yes boys|yuh
|inactive|pikachu12200 has 120 seconds left.
|
|t:|1776188951
|move|p1a: Dragonite|Extreme Speed|p2a: JD Dance
|-damage|p2a: JD Dance|0 fnt
|faint|p2a: JD Dance
|
|-weather|none
|upkeep
|c|☆yes yes boys|cus imma get a crit
|
|t:|1776188957
|switch|p2a: Better Call Stall|Cresselia, F|71/100
|turn|12
|
|t:|1776188962
|move|p1a: Dragonite|Extreme Speed|p2a: Better Call Stall
|-damage|p2a: Better Call Stall|46/100
|move|p2a: Better Call Stall|Trick Room|p2a: Better Call Stall
|-fieldstart|move: Trick Room|[of] p2a: Better Call Stall
|
|upkeep
|turn|13
|
|t:|1776188969
|move|p2a: Better Call Stall|Moonblast|p1a: Dragonite
|-supereffective|p1a: Dragonite
|-damage|p1a: Dragonite|23/100
|move|p1a: Dragonite|Roost|p1a: Dragonite
|-heal|p1a: Dragonite|74/100
|-singleturn|p1a: Dragonite|move: Roost
|
|upkeep
|turn|14
|c|☆yes yes boys|i do think i have
|
|t:|1776188981
|move|p2a: Better Call Stall|Moonblast|p1a: Dragonite
|-supereffective|p1a: Dragonite
|-damage|p1a: Dragonite|36/100
|-unboost|p1a: Dragonite|spa|1
|move|p1a: Dragonite|Roost|p1a: Dragonite
|-heal|p1a: Dragonite|87/100
|-singleturn|p1a: Dragonite|move: Roost
|
|upkeep
|turn|15
|
|t:|1776188995
|move|p2a: Better Call Stall|Moonblast|p1a: Dragonite
|-supereffective|p1a: Dragonite
|-damage|p1a: Dragonite|53/100
|move|p1a: Dragonite|Dragon Dance|p1a: Dragonite
|-boost|p1a: Dragonite|atk|1
|-boost|p1a: Dragonite|spe|1
|
|upkeep
|turn|16
|
|t:|1776189013
|move|p2a: Better Call Stall|Moonblast|p1a: Dragonite
|-supereffective|p1a: Dragonite
|-damage|p1a: Dragonite|18/100
|move|p1a: Dragonite|Roost|p1a: Dragonite
|-heal|p1a: Dragonite|68/100
|-singleturn|p1a: Dragonite|move: Roost
|
|-fieldend|move: Trick Room
|upkeep
|turn|17
|
|t:|1776189032
|move|p1a: Dragonite|Roost|p1a: Dragonite
|-heal|p1a: Dragonite|100/100
|-singleturn|p1a: Dragonite|move: Roost
|move|p2a: Better Call Stall|Trick Room|p2a: Better Call Stall
|-fieldstart|move: Trick Room|[of] p2a: Better Call Stall
|
|upkeep
|turn|18
|
|t:|1776189040
|move|p2a: Better Call Stall|Moonblast|p1a: Dragonite
|-supereffective|p1a: Dragonite
|-damage|p1a: Dragonite|84/100
|move|p1a: Dragonite|Dragon Dance|p1a: Dragonite
|-boost|p1a: Dragonite|atk|1
|-boost|p1a: Dragonite|spe|1
|
|upkeep
|turn|19
|
|t:|1776189059
|move|p2a: Better Call Stall|Lunar Dance|p2a: Better Call Stall
|faint|p2a: Better Call Stall
|move|p1a: Dragonite|Dragon Dance|p1a: Dragonite
|-boost|p1a: Dragonite|atk|1
|-boost|p1a: Dragonite|spe|1
|
|upkeep
|
|t:|1776189062
|switch|p2a: Lindsay Throwhandz|Hariyama, M|84/100
|-heal|p2a: Lindsay Throwhandz|100/100|[from] move: Lunar Dance
|turn|20
|
|t:|1776189070
|move|p1a: Dragonite|Extreme Speed|p2a: Lindsay Throwhandz
|-damage|p2a: Lindsay Throwhandz|8/100
|-enditem|p2a: Lindsay Throwhandz|Sitrus Berry|[eat]
|-heal|p2a: Lindsay Throwhandz|33/100|[from] item: Sitrus Berry
|move|p2a: Lindsay Throwhandz|Belly Drum||[still]
|-fail|p2a: Lindsay Throwhandz
|
|upkeep
|turn|21
|
|t:|1776189078
|move|p1a: Dragonite|Extreme Speed|p2a: Lindsay Throwhandz
|-damage|p2a: Lindsay Throwhandz|0 fnt
|faint|p2a: Lindsay Throwhandz
|
|-fieldend|move: Trick Room
|upkeep
|
|t:|1776189083
|switch|p2a: Duck Duck Goobs|Porygon2, tera:Ground|67/100
|-ability|p2a: Duck Duck Goobs|Download|boost
|-boost|p2a: Duck Duck Goobs|atk|1
|turn|22
|
|t:|1776189093
|move|p1a: Dragonite|Extreme Speed|p2a: Duck Duck Goobs
|-damage|p2a: Duck Duck Goobs|1/100
|move|p2a: Duck Duck Goobs|Ice Beam|p1a: Dragonite
|-supereffective|p1a: Dragonite
|-damage|p1a: Dragonite|0 fnt
|faint|p1a: Dragonite
|
|upkeep
|
|t:|1776189102
|switch|p1a: Gliscor|Gliscor, M, shiny|100/100
|turn|23
|
|t:|1776189107
|move|p1a: Gliscor|Protect|p1a: Gliscor
|-singleturn|p1a: Gliscor|Protect
|move|p2a: Duck Duck Goobs|Ice Beam|p1a: Gliscor
|-activate|p1a: Gliscor|move: Protect
|
|-status|p1a: Gliscor|tox|[from] item: Toxic Orb
|upkeep
|turn|24
|
|t:|1776189117
|move|p1a: Gliscor|Earthquake|p2a: Duck Duck Goobs
|-damage|p2a: Duck Duck Goobs|0 fnt
|faint|p2a: Duck Duck Goobs
|
|upkeep
|
|t:|1776189119
|switch|p2a: Late Hibernation|Ursaluna, M|100/100
|turn|25
|c|☆pikachu12200|You said ?
|
|t:|1776189138
|move|p1a: Gliscor|Knock Off|p2a: Late Hibernation
|-damage|p2a: Late Hibernation|82/100
|-enditem|p2a: Late Hibernation|Flame Orb|[from] move: Knock Off|[of] p1a: Gliscor
|move|p2a: Late Hibernation|Swords Dance|p2a: Late Hibernation
|-boost|p2a: Late Hibernation|atk|2
|
|upkeep
|turn|26
|c|☆yes yes boys|ur name is pikachu
|c|☆yes yes boys|chill out
|
|t:|1776189151
|move|p1a: Gliscor|Earthquake|p2a: Late Hibernation
|-damage|p2a: Late Hibernation|52/100
|move|p2a: Late Hibernation|Swords Dance|p2a: Late Hibernation
|-boost|p2a: Late Hibernation|atk|2
|
|upkeep
|turn|27
|c|☆pikachu12200|You agress me first xD
|
|t:|1776189164
|move|p1a: Gliscor|Earthquake|p2a: Late Hibernation
|-damage|p2a: Late Hibernation|20/100
|move|p2a: Late Hibernation|Fire Punch|p1a: Gliscor
|-damage|p1a: Gliscor|17/100 tox
|
|-heal|p1a: Gliscor|30/100 tox|[from] ability: Poison Heal
|upkeep
|turn|28
|
|t:|1776189172
|move|p1a: Gliscor|Protect|p1a: Gliscor
|-singleturn|p1a: Gliscor|Protect
|move|p2a: Late Hibernation|Fire Punch|p1a: Gliscor
|-activate|p1a: Gliscor|move: Protect
|
|-heal|p1a: Gliscor|42/100 tox|[from] ability: Poison Heal
|upkeep
|turn|29
|c|☆yes yes boys|its clm bro
|c|☆yes yes boys|i made 1.2k this week
|inactive|pikachu12200 has 120 seconds left.
|c|☆yes yes boys|month
|c|☆pikachu12200|Go fortnite xD
|c|☆yes yes boys|i worked 4 9 hour shifts
|c|☆yes yes boys|last week
|inactive|pikachu12200 has 90 seconds left.
|c|☆pikachu12200|Next time don t say gg earlier xD
|c|☆yes yes boys|get ur money up not ur funny up
|c|☆yes yes boys|its pokemon
|c|☆yes yes boys|who cares
|-message|yes yes boys forfeited.
|l|☆yes yes boys
|inactive|yes yes boys disconnected and has a minute to reconnect!
|player|p2|
|
|win|pikachu12200
|raw|pikachu12200's rating: 1247 &rarr; <strong>1268</strong><br />(+21 for winning)
|raw|yes yes boys's rating: 1186 &rarr; <strong>1165</strong><br />(-21 for losing)
|c|☆pikachu12200|Me maybe xD
