|html|<div class="broadcast-blue"><strong>[Gen 9] OU is currently suspecting Tera Blast! For information on how to participate check out the <a href="https://www.smogon.com/tools/suspects/view/200">suspect thread</a>.</strong></div>
|j|☆BuffCacture
|j|☆HildaBeast23
|t:|1776057971
|gametype|singles
|player|p1|BuffCacture|2|1054
|player|p2|HildaBeast23|1|1112
|gen|9
|tier|[Gen 9] OU
|rated|
|rule|HP Percentage Mod: HP is shown in percentages
|rule|Endless Battle Clause: Forcing endless battles is banned
|rule|Species Clause: Limit one of each Pokémon
|rule|OHKO Clause: OHKO moves are banned
|rule|Evasion Items Clause: Evasion items are banned
|rule|Evasion Moves Clause: Evasion moves are banned
|rule|Evasion Abilities Clause: Evasion abilities are banned
|rule|Sleep Moves Clause: Sleep-inducing moves are banned
|clearpoke
|poke|p1|Tinkaton, F|
|poke|p1|Cacturne, F|
|poke|p1|Slowbro, M|
|poke|p1|Porygon-Z|
|poke|p1|Emboar, F|
|poke|p1|Noivern, F|
|poke|p2|Zoroark, M|
|poke|p2|Flygon, M|
|poke|p2|Galvantula, M|
|poke|p2|Lapras, M|
|poke|p2|Tsareena, F|
|poke|p2|Grafaiai, M|
|teampreview
|inactive|Battle timer is ON: inactive players will automatically lose when time's up. (requested by HildaBeast23)
|
|t:|1776057986
|teamsize|p1|6
|teamsize|p2|6
|start
|switch|p1a: Emboar|Emboar, F|100/100
|switch|p2a: Grafaiai|Grafaiai, M|100/100
|turn|1
|
|t:|1776058003
|move|p2a: Grafaiai|Switcheroo|p1a: Emboar
|-activate|p2a: Grafaiai|move: Trick|[of] p1a: Emboar
|-item|p1a: Emboar|Toxic Orb|[from] move: Switcheroo
|-item|p2a: Grafaiai|Choice Scarf|[from] move: Switcheroo
|move|p1a: Emboar|Flare Blitz|p2a: Grafaiai
|-damage|p2a: Grafaiai|0 fnt
|faint|p2a: Grafaiai
|-damage|p1a: Emboar|76/100|[from] Recoil
|
|-status|p1a: Emboar|tox|[from] item: Toxic Orb
|upkeep
|inactive|HildaBeast23 has 120 seconds left.
|
|t:|1776058026
|switch|p2a: Flygon|Flygon, M|100/100
|turn|2
|
|t:|1776058034
|switch|p1a: Noivern|Noivern, F|100/100
|move|p2a: Flygon|Dragon Dance|p2a: Flygon
|-boost|p2a: Flygon|atk|1
|-boost|p2a: Flygon|spe|1
|
|upkeep
|turn|3
|
|t:|1776058042
|move|p2a: Flygon|Dragon Claw|p1a: Noivern
|-supereffective|p1a: Noivern
|-damage|p1a: Noivern|0 fnt
|faint|p1a: Noivern
|
|upkeep
|
|t:|1776058063
|switch|p1a: Cacturne|Cacturne, F|100/100
|turn|4
|
|t:|1776058069
|move|p2a: Flygon|Dragon Dance|p2a: Flygon
|-boost|p2a: Flygon|atk|1
|-boost|p2a: Flygon|spe|1
|move|p1a: Cacturne|Counter||[still]
|-fail|p1a: Cacturne
|
|upkeep
|turn|5
|
|t:|1776058074
|move|p2a: Flygon|Dragon Dance|p2a: Flygon
|-boost|p2a: Flygon|atk|1
|-boost|p2a: Flygon|spe|1
|move|p1a: Cacturne|Counter||[still]
|-fail|p1a: Cacturne
|
|upkeep
|turn|6
|
|t:|1776058081
|move|p2a: Flygon|Dragon Dance|p2a: Flygon
|-boost|p2a: Flygon|atk|1
|-boost|p2a: Flygon|spe|1
|move|p1a: Cacturne|Counter||[still]
|-fail|p1a: Cacturne
|
|upkeep
|turn|7
|
|t:|1776058086
|move|p2a: Flygon|Dragon Dance|p2a: Flygon
|-boost|p2a: Flygon|atk|1
|-boost|p2a: Flygon|spe|1
|move|p1a: Cacturne|Counter||[still]
|-fail|p1a: Cacturne
|
|upkeep
|turn|8
|
|t:|1776058091
|move|p2a: Flygon|Dragon Dance|p2a: Flygon
|-boost|p2a: Flygon|atk|1
|-boost|p2a: Flygon|spe|1
|move|p1a: Cacturne|Counter||[still]
|-fail|p1a: Cacturne
|
|upkeep
|turn|9
|inactive|HildaBeast23 has 120 seconds left.
|inactive|HildaBeast23 has 90 seconds left.
|
|t:|1776058160
|move|p2a: Flygon|Dragon Claw|p1a: Cacturne
|-enditem|p1a: Cacturne|Focus Sash
|-damage|p1a: Cacturne|1/100
|move|p1a: Cacturne|Counter|p2a: Flygon
|-damage|p2a: Flygon|0 fnt
|faint|p2a: Flygon
|
|upkeep
|c|☆BuffCacture|;)
|
|t:|1776058174
|switch|p2a: Galvantula|Galvantula, M|100/100
|turn|10
|
|t:|1776058183
|move|p1a: Cacturne|Sucker Punch|p2a: Galvantula
|-resisted|p2a: Galvantula
|-damage|p2a: Galvantula|57/100
|replace|p2a: Zoroark|Zoroark, M
|-end|p2a: Zoroark|Illusion
|move|p2a: Zoroark|Flamethrower|p1a: Cacturne
|-supereffective|p1a: Cacturne
|-crit|p1a: Cacturne
|-damage|p1a: Cacturne|0 fnt
|faint|p1a: Cacturne
|
|upkeep
|
|t:|1776058198
|switch|p1a: Tinkaton|Tinkaton, F|100/100
|-ability|p1a: Tinkaton|Mold Breaker
|turn|11
|
|t:|1776058204
|-terastallize|p2a: Zoroark|Fire
|move|p2a: Zoroark|Flamethrower|p1a: Tinkaton
|-supereffective|p1a: Tinkaton
|-damage|p1a: Tinkaton|28/100
|move|p1a: Tinkaton|Gigaton Hammer|p2a: Zoroark
|-resisted|p2a: Zoroark
|-damage|p2a: Zoroark|0 fnt
|faint|p2a: Zoroark
|
|-heal|p1a: Tinkaton|34/100|[from] item: Leftovers
|upkeep
|inactive|HildaBeast23 has 90 seconds left.
|
|t:|1776058224
|switch|p2a: Lapras|Lapras, M|100/100
|turn|12
|
|t:|1776058228
|move|p1a: Tinkaton|Thunder Wave|p2a: Lapras
|-status|p2a: Lapras|par
|move|p2a: Lapras|Chilling Water|p1a: Tinkaton
|-crit|p1a: Tinkaton
|-damage|p1a: Tinkaton|7/100
|-unboost|p1a: Tinkaton|atk|1
|
|-heal|p1a: Tinkaton|13/100|[from] item: Leftovers
|upkeep
|turn|13
|
|t:|1776058237
|move|p1a: Tinkaton|Gigaton Hammer|p2a: Lapras
|-damage|p2a: Lapras|62/100 par
|move|p2a: Lapras|Chilling Water|p1a: Tinkaton
|-damage|p1a: Tinkaton|0 fnt
|faint|p1a: Tinkaton
|
|upkeep
|
|t:|1776058250
|switch|p1a: Slowbro|Slowbro, M, shiny|100/100
|turn|14
|inactive|HildaBeast23 has 120 seconds left.
|
|t:|1776058256
|move|p1a: Slowbro|Calm Mind|p1a: Slowbro
|-boost|p1a: Slowbro|spa|1
|-boost|p1a: Slowbro|spd|1
|move|p2a: Lapras|Icy Wind|p1a: Slowbro
|-resisted|p1a: Slowbro
|-damage|p1a: Slowbro|94/100
|-unboost|p1a: Slowbro|spe|1
|
|upkeep
|turn|15
|
|t:|1776058263
|switch|p2a: Tsareena|Tsareena, F|100/100
|move|p1a: Slowbro|Calm Mind|p1a: Slowbro
|-boost|p1a: Slowbro|spa|1
|-boost|p1a: Slowbro|spd|1
|
|upkeep
|turn|16
|
|t:|1776058272
|-terastallize|p1a: Slowbro|Steel
|move|p2a: Tsareena|Trop Kick|p1a: Slowbro
|-resisted|p1a: Slowbro
|-damage|p1a: Slowbro|78/100
|-unboost|p1a: Slowbro|atk|1
|move|p1a: Slowbro|Calm Mind|p1a: Slowbro
|-boost|p1a: Slowbro|spa|1
|-boost|p1a: Slowbro|spd|1
|
|upkeep
|turn|17
|-message|HildaBeast23 forfeited.
|
|win|BuffCacture
|raw|BuffCacture's rating: 1054 &rarr; <strong>1091</strong><br />(+37 for winning)
|raw|HildaBeast23's rating: 1112 &rarr; <strong>1083</strong><br />(-29 for losing)
|l|☆HildaBeast23
|player|p2|
|l|☆BuffCacture
|player|p1|
