|html|<div class="broadcast-blue"><strong>[Gen 9] OU is currently suspecting Tera Blast! For information on how to participate check out the <a href="https://www.smogon.com/tools/suspects/view/200">suspect thread</a>.</strong></div>
|j|☆r0s13z
|j|☆Spgdd
|t:|1776220759
|gametype|singles
|player|p1|r0s13z|n|1052
|player|p2|Spgdd|miku-water|1000
|gen|9
|tier|[Gen 9] OU
|rated|
|rule|HP Percentage Mod: HP is shown in percentages
|rule|Endless Battle Clause: Forcing endless battles is banned
|rule|Species Clause: Limit one of each Pokémon
|rule|OHKO Clause: OHKO moves are banned
|rule|Evasion Items Clause: Evasion items are banned
|rule|Evasion Moves Clause: Evasion moves are banned
|rule|Evasion Abilities Clause: Evasion abilities are banned
|rule|Sleep Moves Clause: Sleep-inducing moves are banned
|clearpoke
|poke|p1|Espeon, M|
|poke|p1|Tinkaton, F|
|poke|p1|Great Tusk|
|poke|p1|Pecharunt|
|poke|p1|Frosmoth, M|
|poke|p1|Arboliva, F|
|poke|p2|Blaziken, M|
|poke|p2|Latias, F|
|poke|p2|Rotom-Mow|
|poke|p2|Mamoswine, M|
|poke|p2|Corviknight, M|
|poke|p2|Lokix, M|
|teampreview
|inactive|Battle timer is ON: inactive players will automatically lose when time's up. (requested by Spgdd)
|j| BLK DG
|
|t:|1776220773
|teamsize|p1|6
|teamsize|p2|6
|start
|switch|p1a: Espeon|Espeon, M|100/100
|switch|p2a: Mamoswine|Mamoswine, M, shiny|100/100
|turn|1
|
|t:|1776220785
|move|p1a: Espeon|Psychic Noise|p2a: Mamoswine
|-damage|p2a: Mamoswine|42/100
|-start|p2a: Mamoswine|move: Heal Block
|-enditem|p1a: Espeon|Throat Spray
|-boost|p1a: Espeon|spa|1|[from] item: Throat Spray
|move|p2a: Mamoswine|Trailblaze|p1a: Espeon
|-damage|p1a: Espeon|66/100
|-boost|p2a: Mamoswine|spe|1
|
|upkeep
|turn|2
|
|t:|1776220800
|move|p2a: Mamoswine|Earthquake|p1a: Espeon
|-damage|p1a: Espeon|0 fnt
|faint|p1a: Espeon
|
|-end|p2a: Mamoswine|move: Heal Block
|upkeep
|
|t:|1776220809
|switch|p1a: Frosmoth|Frosmoth, M|100/100
|turn|3
|
|t:|1776220819
|-terastallize|p1a: Frosmoth|Ground
|move|p2a: Mamoswine|Stealth Rock|p1a: Frosmoth
|-sidestart|p1: r0s13z|move: Stealth Rock
|move|p1a: Frosmoth|Tera Blast|p2a: Mamoswine|[anim] Tera Blast Ground
|-damage|p2a: Mamoswine|0 fnt
|faint|p2a: Mamoswine
|
|upkeep
|
|t:|1776220837
|switch|p2a: Blaziken|Blaziken, M, shiny|100/100
|turn|4
|
|t:|1776220843
|-terastallize|p2a: Blaziken|Flying
|move|p2a: Blaziken|Swords Dance|p2a: Blaziken
|-boost|p2a: Blaziken|atk|2
|move|p1a: Frosmoth|Tera Blast|p2a: Blaziken|[anim] Tera Blast Ground
|-immune|p2a: Blaziken
|
|-ability|p2a: Blaziken|Speed Boost|boost
|-boost|p2a: Blaziken|spe|1
|upkeep
|turn|5
|
|t:|1776220858
|move|p2a: Blaziken|Swords Dance|p2a: Blaziken
|-boost|p2a: Blaziken|atk|2
|move|p1a: Frosmoth|Ice Beam|p2a: Blaziken
|-supereffective|p2a: Blaziken
|-enditem|p2a: Blaziken|Focus Sash
|-damage|p2a: Blaziken|1/100
|
|-ability|p2a: Blaziken|Speed Boost|boost
|-boost|p2a: Blaziken|spe|1
|upkeep
|turn|6
|
|t:|1776220868
|move|p2a: Blaziken|Fire Punch|p1a: Frosmoth
|-damage|p1a: Frosmoth|0 fnt
|faint|p1a: Frosmoth
|
|-ability|p2a: Blaziken|Speed Boost|boost
|-boost|p2a: Blaziken|spe|1
|upkeep
|
|t:|1776220878
|switch|p1a: Great Tusk|Great Tusk|100/100
|-damage|p1a: Great Tusk|98/100|[from] Stealth Rock
|-enditem|p1a: Great Tusk|Booster Energy
|-activate|p1a: Great Tusk|ability: Protosynthesis|[fromitem]
|-start|p1a: Great Tusk|protosynthesisdef
|turn|7
|
|t:|1776220885
|move|p2a: Blaziken|Reversal|p1a: Great Tusk
|-damage|p1a: Great Tusk|0 fnt
|faint|p1a: Great Tusk
|-end|p1a: Great Tusk|Protosynthesis|[silent]
|
|-ability|p2a: Blaziken|Speed Boost|boost
|-boost|p2a: Blaziken|spe|1
|upkeep
|-message|r0s13z forfeited.
|
|win|Spgdd
|raw|r0s13z's rating: 1052 &rarr; <strong>1032</strong><br />(-20 for losing)
|raw|Spgdd's rating: 1000 &rarr; <strong>1046</strong><br />(+46 for winning)
|l|☆r0s13z
|player|p1|
