|html|<div class="broadcast-blue"><strong>[Gen 9] OU is currently suspecting Tera Blast! For information on how to participate check out the <a href="https://www.smogon.com/tools/suspects/view/200">suspect thread</a>.</strong></div>
|j|☆Gonffull
|j|☆NEON FLUXUS
|t:|1776033696
|gametype|singles
|player|p1|Gonffull|170|1089
|player|p2|NEON FLUXUS|shadowtriad|1101
|gen|9
|tier|[Gen 9] OU
|rated|
|rule|HP Percentage Mod: HP is shown in percentages
|rule|Endless Battle Clause: Forcing endless battles is banned
|rule|Species Clause: Limit one of each Pokémon
|rule|OHKO Clause: OHKO moves are banned
|rule|Evasion Items Clause: Evasion items are banned
|rule|Evasion Moves Clause: Evasion moves are banned
|rule|Evasion Abilities Clause: Evasion abilities are banned
|rule|Sleep Moves Clause: Sleep-inducing moves are banned
|clearpoke
|poke|p1|Forretress, F|
|poke|p1|Hydreigon, M|
|poke|p1|Pecharunt|
|poke|p1|Feraligatr, F|
|poke|p1|Typhlosion, F|
|poke|p1|Sylveon, M|
|poke|p2|Tyranitar, M|
|poke|p2|Grimmsnarl, M|
|poke|p2|Ursaluna, M|
|poke|p2|Charizard, M|
|poke|p2|Arcanine-Hisui, M|
|poke|p2|Dragonite, M|
|teampreview
|inactive|Battle timer is ON: inactive players will automatically lose when time's up. (requested by NEON FLUXUS)
|
|t:|1776033704
|teamsize|p1|6
|teamsize|p2|6
|start
|switch|p1a: Forretress|Forretress, F|100/100
|switch|p2a: C-2 Dragon|Charizard, M, shiny|100/100
|turn|1
|
|t:|1776033712
|-terastallize|p1a: Forretress|Bug
|move|p2a: C-2 Dragon|Ancient Power|p1a: Forretress
|-supereffective|p1a: Forretress
|-damage|p1a: Forretress|41/100
|move|p1a: Forretress|Volt Switch|p2a: C-2 Dragon
|-supereffective|p2a: C-2 Dragon
|-damage|p2a: C-2 Dragon|74/100
|
|t:|1776033724
|switch|p1a: Typhlosion|Typhlosion, F|100/100|[from] Volt Switch
|
|upkeep
|turn|2
|
|t:|1776033731
|move|p1a: Typhlosion|Shadow Ball|p2a: C-2 Dragon
|-damage|p2a: C-2 Dragon|43/100
|move|p2a: C-2 Dragon|Hurricane|p1a: Typhlosion
|-damage|p1a: Typhlosion|25/100
|
|upkeep
|turn|3
|
|t:|1776033738
|switch|p1a: Sylveon|Sylveon, M|100/100
|move|p2a: C-2 Dragon|Ancient Power|p1a: Sylveon
|-damage|p1a: Sylveon|87/100
|
|-heal|p1a: Sylveon|93/100|[from] item: Leftovers
|upkeep
|turn|4
|
|t:|1776033751
|switch|p2a: Kakuzu|Grimmsnarl, M, shiny|100/100
|-item|p1a: Sylveon|Leftovers|[from] ability: Frisk|[of] p2a: Kakuzu
|move|p1a: Sylveon|Hyper Beam|p2a: Kakuzu
|-supereffective|p2a: Kakuzu
|-damage|p2a: Kakuzu|0 fnt
|-mustrecharge|p1a: Sylveon
|faint|p2a: Kakuzu
|
|-heal|p1a: Sylveon|99/100|[from] item: Leftovers
|upkeep
|
|t:|1776033762
|switch|p2a: C-2 Dragon|Charizard, M, shiny|43/100
|turn|5
|
|t:|1776033765
|move|p2a: C-2 Dragon|Fire Blast|p1a: Sylveon
|-damage|p1a: Sylveon|63/100
|cant|p1a: Sylveon|recharge
|
|-heal|p1a: Sylveon|69/100|[from] item: Leftovers
|upkeep
|turn|6
|
|t:|1776033772
|move|p2a: C-2 Dragon|Fire Blast|p1a: Sylveon
|-damage|p1a: Sylveon|34/100
|move|p1a: Sylveon|Draining Kiss|p2a: C-2 Dragon
|-resisted|p2a: C-2 Dragon
|-damage|p2a: C-2 Dragon|28/100
|-heal|p1a: Sylveon|44/100|[from] drain|[of] p2a: C-2 Dragon
|
|-heal|p1a: Sylveon|50/100|[from] item: Leftovers
|upkeep
|turn|7
|
|t:|1776033780
|move|p2a: C-2 Dragon|Fire Blast|p1a: Sylveon
|-damage|p1a: Sylveon|0 fnt
|faint|p1a: Sylveon
|
|upkeep
|
|t:|1776033785
|switch|p1a: Feraligatr|Feraligatr, F|100/100
|turn|8
|
|t:|1776033788
|move|p2a: C-2 Dragon|Will-O-Wisp|p1a: Feraligatr
|-status|p1a: Feraligatr|brn
|move|p1a: Feraligatr|Waterfall|p2a: C-2 Dragon
|-supereffective|p2a: C-2 Dragon
|-damage|p2a: C-2 Dragon|0 fnt
|faint|p2a: C-2 Dragon
|
|-damage|p1a: Feraligatr|94/100 brn|[from] brn
|upkeep
|
|t:|1776033791
|switch|p2a: Deidara|Dragonite, M|100/100
|turn|9
|
|t:|1776033800
|move|p2a: Deidara|Low Kick|p1a: Feraligatr
|-damage|p1a: Feraligatr|74/100 brn
|move|p1a: Feraligatr|Ice Punch|p2a: Deidara
|-supereffective|p2a: Deidara
|-damage|p2a: Deidara|73/100
|-enditem|p2a: Deidara|Weakness Policy
|-boost|p2a: Deidara|atk|2|[from] item: Weakness Policy
|-boost|p2a: Deidara|spa|2|[from] item: Weakness Policy
|
|-damage|p1a: Feraligatr|68/100 brn|[from] brn
|upkeep
|turn|10
|
|t:|1776033812
|move|p2a: Deidara|Earthquake|p1a: Feraligatr
|-damage|p1a: Feraligatr|17/100 brn
|move|p1a: Feraligatr|Ice Punch|p2a: Deidara
|-supereffective|p2a: Deidara
|-damage|p2a: Deidara|6/100
|
|-damage|p1a: Feraligatr|11/100 brn|[from] brn
|upkeep
|turn|11
|
|t:|1776033820
|switch|p1a: Hydreigon|Hydreigon, M|100/100
|move|p2a: Deidara|Earthquake|p1a: Hydreigon
|-immune|p1a: Hydreigon|[from] ability: Levitate
|
|upkeep
|turn|12
|
|t:|1776033839
|move|p1a: Hydreigon|Hydro Pump|p2a: Deidara
|-resisted|p2a: Deidara
|-damage|p2a: Deidara|0 fnt
|faint|p2a: Deidara
|-damage|p1a: Hydreigon|91/100|[from] item: Life Orb
|
|upkeep
|
|t:|1776033843
|switch|p2a: C-4 Karura|Tyranitar, M, shiny|100/100
|-weather|Sandstorm|[from] ability: Sand Stream|[of] p2a: C-4 Karura
|turn|13
|
|t:|1776033848
|move|p1a: Hydreigon|Hydro Pump|p2a: C-4 Karura
|-supereffective|p2a: C-4 Karura
|-damage|p2a: C-4 Karura|40/100
|-enditem|p2a: C-4 Karura|Weakness Policy
|-boost|p2a: C-4 Karura|atk|2|[from] item: Weakness Policy
|-boost|p2a: C-4 Karura|spa|2|[from] item: Weakness Policy
|-damage|p1a: Hydreigon|81/100|[from] item: Life Orb
|move|p2a: C-4 Karura|Dragon Dance|p2a: C-4 Karura
|-boost|p2a: C-4 Karura|atk|1
|-boost|p2a: C-4 Karura|spe|1
|
|-weather|Sandstorm|[upkeep]
|-damage|p1a: Hydreigon|75/100|[from] Sandstorm
|upkeep
|turn|14
|
|t:|1776033859
|move|p1a: Hydreigon|Hydro Pump|p2a: C-4 Karura
|-supereffective|p2a: C-4 Karura
|-damage|p2a: C-4 Karura|0 fnt
|faint|p2a: C-4 Karura
|-damage|p1a: Hydreigon|65/100|[from] item: Life Orb
|
|-weather|Sandstorm|[upkeep]
|-damage|p1a: Hydreigon|59/100|[from] Sandstorm
|upkeep
|
|t:|1776033861
|switch|p2a: Hiruko|Ursaluna, M, shiny|100/100
|turn|15
|
|t:|1776033870
|move|p1a: Hydreigon|Hydro Pump|p2a: Hiruko
|-supereffective|p2a: Hiruko
|-damage|p2a: Hiruko|16/100
|-damage|p1a: Hydreigon|49/100|[from] item: Life Orb
|move|p2a: Hiruko|Drain Punch|p1a: Hydreigon
|-supereffective|p1a: Hydreigon
|-damage|p1a: Hydreigon|0 fnt
|-heal|p2a: Hiruko|33/100|[from] drain|[of] p1a: Hydreigon
|faint|p1a: Hydreigon
|
|-weather|Sandstorm|[upkeep]
|-heal|p2a: Hiruko|39/100|[from] item: Leftovers
|upkeep
|
|t:|1776033881
|switch|p1a: Feraligatr|Feraligatr, F|11/100 brn
|turn|16
|
|t:|1776033886
|move|p1a: Feraligatr|Waterfall|p2a: Hiruko
|-supereffective|p2a: Hiruko
|-damage|p2a: Hiruko|0 fnt
|faint|p2a: Hiruko
|
|-weather|Sandstorm|[upkeep]
|-damage|p1a: Feraligatr|5/100 brn|[from] Sandstorm
|-damage|p1a: Feraligatr|0 fnt|[from] brn
|faint|p1a: Feraligatr
|upkeep
|
|t:|1776033896
|switch|p1a: Pecharunt|Pecharunt|100/100
|switch|p2a: C-0|Arcanine-Hisui, M, shiny|100/100
|turn|17
|
|t:|1776033901
|-terastallize|p2a: C-0|Dragon
|move|p2a: C-0|Head Smash|p1a: Pecharunt
|-damage|p1a: Pecharunt|48/100
|move|p1a: Pecharunt|Toxic|p2a: C-0
|-status|p2a: C-0|tox
|-start|p2a: C-0|confusion|[from] ability: Poison Puppeteer|[of] p1a: Pecharunt
|
|-weather|none
|-heal|p1a: Pecharunt|54/100|[from] item: Black Sludge
|-damage|p2a: C-0|94/100 tox|[from] psn
|upkeep
|turn|18
|
|t:|1776033912
|move|p1a: Pecharunt|Protect|p1a: Pecharunt
|-singleturn|p1a: Pecharunt|Protect
|-activate|p2a: C-0|confusion
|-damage|p2a: C-0|79/100 tox|[from] confusion
|
|-heal|p1a: Pecharunt|60/100|[from] item: Black Sludge
|-damage|p2a: C-0|67/100 tox|[from] psn
|upkeep
|turn|19
|-message|NEON FLUXUS forfeited.
|
|win|Gonffull
|raw|Gonffull's rating: 1089 &rarr; <strong>1117</strong><br />(+28 for winning)
|raw|NEON FLUXUS's rating: 1101 &rarr; <strong>1075</strong><br />(-26 for losing)
|l|☆NEON FLUXUS
|player|p2|
|l|☆Gonffull
|player|p1|
