|html|<div class="broadcast-blue"><strong>[Gen 9] OU is currently suspecting Tera Blast! For information on how to participate check out the <a href="https://www.smogon.com/tools/suspects/view/200">suspect thread</a>.</strong></div>
|j|☆PESCIOLINO
|j|‽iandc2008
|t:|1776071087
|gametype|singles
|player|p1|PESCIOLINO|170|1502
|player|p2|iandc2008|2|1352
|gen|9
|tier|[Gen 9] OU
|rated|
|rule|HP Percentage Mod: HP is shown in percentages
|rule|Endless Battle Clause: Forcing endless battles is banned
|rule|Species Clause: Limit one of each Pokémon
|rule|OHKO Clause: OHKO moves are banned
|rule|Evasion Items Clause: Evasion items are banned
|rule|Evasion Moves Clause: Evasion moves are banned
|rule|Evasion Abilities Clause: Evasion abilities are banned
|rule|Sleep Moves Clause: Sleep-inducing moves are banned
|clearpoke
|poke|p1|Pecharunt|
|poke|p1|Clefable, M|
|poke|p1|Slowking-Galar, F|
|poke|p1|Cinderace, F|
|poke|p1|Scizor, F|
|poke|p1|Walking Wake|
|poke|p2|Okidogi, M|
|poke|p2|Hydrapple, F|
|poke|p2|Slowking-Galar, M|
|poke|p2|Scizor, F|
|poke|p2|Gliscor, F|
|poke|p2|Cinderace, M|
|teampreview
|inactive|Battle timer is ON: inactive players will automatically lose when time's up. (requested by PESCIOLINO)
|
|t:|1776071110
|teamsize|p1|6
|teamsize|p2|6
|start
|switch|p1a: Walking Wake|Walking Wake|100/100
|switch|p2a: Gliscor|Gliscor, F|100/100
|turn|1
|
|t:|1776071116
|switch|p2a: Slowking|Slowking-Galar, M|100/100
|move|p1a: Walking Wake|Knock Off|p2a: Slowking
|-supereffective|p2a: Slowking
|-damage|p2a: Slowking|68/100
|-enditem|p2a: Slowking|Assault Vest|[from] move: Knock Off|[of] p1a: Walking Wake
|
|upkeep
|turn|2
|
|t:|1776071129
|move|p1a: Walking Wake|Flip Turn|p2a: Slowking
|-damage|p2a: Slowking|50/100
|
|t:|1776071145
|-end|p1a: Walking Wake|Protosynthesis|[silent]
|switch|p1a: Clefable|Clefable, M|100/100|[from] Flip Turn
|move|p2a: Slowking|Sludge Bomb|p1a: Clefable
|-supereffective|p1a: Clefable
|-damage|p1a: Clefable|25/100
|
|-heal|p1a: Clefable|31/100|[from] item: Leftovers
|upkeep
|turn|3
|
|t:|1776071158
|switch|p1a: Scizor|Scizor, F|100/100
|move|p2a: Slowking|Psyshock|p1a: Scizor
|-resisted|p1a: Scizor
|-damage|p1a: Scizor|81/100
|
|upkeep
|turn|4
|
|t:|1776071171
|switch|p2a: Okidogi|Okidogi, M|100/100
|move|p1a: Scizor|Knock Off|p2a: Okidogi
|-resisted|p2a: Okidogi
|-damage|p2a: Okidogi|81/100
|-enditem|p2a: Okidogi|Leftovers|[from] move: Knock Off|[of] p1a: Scizor
|-damage|p1a: Scizor|71/100|[from] item: Life Orb
|
|upkeep
|turn|5
|
|t:|1776071186
|switch|p1a: Slowking|Slowking-Galar, F|100/100
|move|p2a: Okidogi|Drain Punch|p1a: Slowking
|-resisted|p1a: Slowking
|-damage|p1a: Slowking|92/100
|-heal|p2a: Okidogi|86/100|[from] drain|[of] p1a: Slowking
|
|upkeep
|turn|6
|
|t:|1776071194
|move|p2a: Okidogi|Knock Off|p1a: Slowking
|-supereffective|p1a: Slowking
|-damage|p1a: Slowking|37/100
|-enditem|p1a: Slowking|Heavy-Duty Boots|[from] move: Knock Off|[of] p2a: Okidogi
|move|p1a: Slowking|Future Sight|p2a: Okidogi
|-start|p1a: Slowking|move: Future Sight
|
|upkeep
|turn|7
|
|t:|1776071204
|switch|p1a: Clefable|Clefable, M|31/100
|move|p2a: Okidogi|Knock Off|p1a: Clefable
|-resisted|p1a: Clefable
|-damage|p1a: Clefable|21/100
|-enditem|p1a: Clefable|Leftovers|[from] move: Knock Off|[of] p2a: Okidogi
|
|upkeep
|turn|8
|
|t:|1776071211
|switch|p2a: Scizor|Scizor, F|100/100
|move|p1a: Clefable|Stealth Rock|p2a: Scizor
|-sidestart|p2: iandc2008|move: Stealth Rock
|
|-end|p2a: Scizor|move: Future Sight
|-resisted|p2a: Scizor
|-damage|p2a: Scizor|74/100
|upkeep
|turn|9
|
|t:|1776071218
|move|p2a: Scizor|U-turn|p1a: Clefable
|-resisted|p1a: Clefable
|-damage|p1a: Clefable|5/100
|
|t:|1776071224
|switch|p2a: Slowking|Slowking-Galar, M|84/100|[from] U-turn
|-damage|p2a: Slowking|71/100|[from] Stealth Rock
|move|p1a: Clefable|Thunder Wave|p2a: Slowking
|-status|p2a: Slowking|par
|
|upkeep
|turn|10
|
|t:|1776071231
|move|p1a: Clefable|Moonlight|p1a: Clefable
|-heal|p1a: Clefable|55/100
|move|p2a: Slowking|Psyshock|p1a: Clefable
|-damage|p1a: Clefable|27/100
|
|upkeep
|turn|11
|
|t:|1776071235
|move|p1a: Clefable|Moonblast|p2a: Slowking
|-resisted|p2a: Slowking
|-damage|p2a: Slowking|60/100 par
|move|p2a: Slowking|Sludge Bomb|p1a: Clefable
|-supereffective|p1a: Clefable
|-damage|p1a: Clefable|0 fnt
|faint|p1a: Clefable
|
|upkeep
|
|t:|1776071242
|switch|p1a: Scizor|Scizor, F|71/100
|turn|12
|
|t:|1776071245
|switch|p2a: Cinderace|Cinderace, M|100/100
|move|p1a: Scizor|Swords Dance|p1a: Scizor
|-boost|p1a: Scizor|atk|2
|
|upkeep
|turn|13
|
|t:|1776071252
|move|p1a: Scizor|Bullet Punch|p2a: Cinderace
|-resisted|p2a: Cinderace
|-damage|p2a: Cinderace|48/100
|-damage|p1a: Scizor|61/100|[from] item: Life Orb
|move|p2a: Cinderace|Pyro Ball|p1a: Scizor
|-supereffective|p1a: Scizor
|-damage|p1a: Scizor|0 fnt
|faint|p1a: Scizor
|
|upkeep
|
|t:|1776071256
|switch|p1a: Cinderace|Cinderace, F|100/100
|turn|14
|
|t:|1776071263
|move|p1a: Cinderace|U-turn|p2a: Cinderace
|-start|p1a: Cinderace|typechange|Bug|[from] ability: Libero
|-resisted|p2a: Cinderace
|-damage|p2a: Cinderace|27/100
|
|t:|1776071272
|switch|p1a: Pecharunt|Pecharunt|100/100|[from] U-turn
|move|p2a: Cinderace|Court Change|p2a: Cinderace
|-swapsideconditions
|-activate|p2a: Cinderace|move: Court Change
|
|upkeep
|turn|15
|
|t:|1776071281
|move|p2a: Cinderace|U-turn|p1a: Pecharunt
|-resisted|p1a: Pecharunt
|-damage|p1a: Pecharunt|98/100
|
|t:|1776071289
|switch|p2a: Gliscor|Gliscor, F|100/100|[from] U-turn
|move|p1a: Pecharunt|Parting Shot|p2a: Gliscor
|-unboost|p2a: Gliscor|atk|1
|-unboost|p2a: Gliscor|spa|1
|
|t:|1776071295
|switch|p1a: Walking Wake|Walking Wake|100/100|[from] Parting Shot
|
|-status|p2a: Gliscor|tox|[from] item: Toxic Orb
|upkeep
|turn|16
|
|t:|1776071300
|switch|p2a: Slowking|Slowking-Galar, M|93/100 par
|move|p1a: Walking Wake|Surf|p2a: Slowking
|-damage|p2a: Slowking|58/100 par
|
|upkeep
|turn|17
|
|t:|1776071309
|move|p1a: Walking Wake|Draco Meteor|p2a: Slowking
|-damage|p2a: Slowking|10/100 par
|-unboost|p1a: Walking Wake|spa|2
|move|p2a: Slowking|Sludge Bomb|p1a: Walking Wake
|-damage|p1a: Walking Wake|48/100
|
|upkeep
|turn|18
|
|t:|1776071320
|switch|p2a: Scizor|Scizor, F|74/100
|move|p1a: Walking Wake|Surf|p2a: Scizor
|-damage|p2a: Scizor|49/100
|
|upkeep
|turn|19
|
|t:|1776071330
|move|p1a: Walking Wake|Flip Turn|p2a: Scizor
|-damage|p2a: Scizor|32/100
|
|t:|1776071334
|-end|p1a: Walking Wake|Protosynthesis|[silent]
|switch|p1a: Slowking|Slowking-Galar, F|70/100|[from] Flip Turn
|-damage|p1a: Slowking|58/100|[from] Stealth Rock
|move|p2a: Scizor|U-turn|p1a: Slowking
|-damage|p1a: Slowking|16/100
|-message|PESCIOLINO forfeited.
|
|win|iandc2008
|raw|PESCIOLINO's rating: 1502 &rarr; <strong>1474</strong><br />(-28 for losing)
|raw|iandc2008's rating: 1352 &rarr; <strong>1380</strong><br />(+28 for winning)
|l|☆PESCIOLINO
|player|p1|
|l|‽iandc2008
|player|p2|
