|html|<div class="broadcast-blue"><strong>[Gen 9] OU is currently suspecting Volcarona! For information on how to participate check out the <a href="https://www.smogon.com/tools/suspects/view/208">suspect thread</a>.</strong></div>
|j|☆Spikenard
|j|☆bayonettaFan
|t:|1778510108
|gametype|singles
|player|p1|Spikenard|erika-masters|1448
|player|p2|bayonettaFan|n|1447
|gen|9
|tier|[Gen 9] OU
|rated|
|rule|HP Percentage Mod: HP is shown in percentages
|rule|Endless Battle Clause: Forcing endless battles is banned
|rule|Species Clause: Limit one of each Pokémon
|rule|OHKO Clause: OHKO moves are banned
|rule|Evasion Items Clause: Evasion items are banned
|rule|Evasion Moves Clause: Evasion moves are banned
|rule|Evasion Abilities Clause: Evasion abilities are banned
|rule|Sleep Moves Clause: Sleep-inducing moves are banned
|clearpoke
|poke|p1|Clefable, F|
|poke|p1|Kingambit, M|
|poke|p1|Tsareena, F|
|poke|p1|Tauros, M|
|poke|p1|Dusclops, M|
|poke|p1|Mandibuzz, F|
|poke|p2|Pelipper, F|
|poke|p2|Barraskewda, F|
|poke|p2|Kingdra, M|
|poke|p2|Toxicroak, M|
|poke|p2|Iron Treads|
|poke|p2|Goodra-Hisui, F|
|teampreview
|inactive|Battle timer is ON: inactive players will automatically lose when time's up. (requested by bayonettaFan)
|inactive|bayonettaFan has 120 seconds left.
|inactive|bayonettaFan has 90 seconds left.
|
|t:|1778510188
|teamsize|p1|6
|teamsize|p2|6
|start
|switch|p1a: Tauros|Tauros, M|100/100
|switch|p2a: Pelipper|Pelipper, F|100/100
|-weather|RainDance|[from] ability: Drizzle|[of] p2a: Pelipper
|turn|1
|
|t:|1778510202
|move|p1a: Tauros|Body Slam|p2a: Pelipper
|-damage|p2a: Pelipper|53/100
|move|p2a: Pelipper|U-turn|p1a: Tauros
|-damage|p1a: Tauros|90/100
|
|t:|1778510223
|switch|p2a: Kingdra|Kingdra, M|100/100|[from] U-turn
|
|-weather|RainDance|[upkeep]
|upkeep
|turn|2
|
|t:|1778510231
|switch|p1a: Dusclops|Dusclops, M|100/100
|-ability|p1a: Dusclops|Pressure
|move|p2a: Kingdra|Weather Ball|p1a: Dusclops
|-damage|p1a: Dusclops|49/100
|
|-weather|RainDance|[upkeep]
|upkeep
|turn|3
|
|t:|1778510239
|move|p2a: Kingdra|Weather Ball|p1a: Dusclops
|-damage|p1a: Dusclops|3/100
|move|p1a: Dusclops|Trick Room|p1a: Dusclops
|-fieldstart|move: Trick Room|[of] p1a: Dusclops
|
|-weather|RainDance|[upkeep]
|upkeep
|turn|4
|
|t:|1778510245
|switch|p2a: Toxicroak|Toxicroak, M|100/100
|move|p1a: Dusclops|Pain Split|p2a: Toxicroak
|-sethp|p2a: Toxicroak|51/100|[from] move: Pain Split|[silent]
|-sethp|p1a: Dusclops|67/100|[from] move: Pain Split
|
|-weather|RainDance|[upkeep]
|-heal|p2a: Toxicroak|64/100|[from] ability: Dry Skin
|upkeep
|turn|5
|
|t:|1778510251
|move|p1a: Dusclops|Will-O-Wisp|p2a: Toxicroak|[miss]
|-miss|p1a: Dusclops|p2a: Toxicroak
|move|p2a: Toxicroak|Toxic|p1a: Dusclops
|-status|p1a: Dusclops|tox
|
|-weather|RainDance|[upkeep]
|-heal|p2a: Toxicroak|76/100|[from] ability: Dry Skin
|-damage|p1a: Dusclops|61/100 tox|[from] psn
|upkeep
|turn|6
|
|t:|1778510256
|move|p2a: Toxicroak|Protect|p2a: Toxicroak
|-singleturn|p2a: Toxicroak|Protect
|move|p1a: Dusclops|Pain Split|p2a: Toxicroak
|-activate|p2a: Toxicroak|move: Protect
|
|-weather|RainDance|[upkeep]
|-heal|p2a: Toxicroak|89/100|[from] ability: Dry Skin
|-damage|p1a: Dusclops|49/100 tox|[from] psn
|upkeep
|turn|7
|
|t:|1778510280
|move|p1a: Dusclops|Pain Split|p2a: Toxicroak
|-sethp|p2a: Toxicroak|63/100|[from] move: Pain Split|[silent]
|-sethp|p1a: Dusclops|82/100 tox|[from] move: Pain Split
|move|p2a: Toxicroak|Knock Off|p1a: Dusclops
|-supereffective|p1a: Dusclops
|-damage|p1a: Dusclops|49/100 tox
|-enditem|p1a: Dusclops|Eviolite|[from] move: Knock Off|[of] p2a: Toxicroak
|
|-weather|RainDance|[upkeep]
|-heal|p2a: Toxicroak|75/100|[from] ability: Dry Skin
|-damage|p1a: Dusclops|31/100 tox|[from] psn
|-fieldend|move: Trick Room
|upkeep
|turn|8
|
|t:|1778510286
|move|p2a: Toxicroak|Knock Off|p1a: Dusclops
|-supereffective|p1a: Dusclops
|-damage|p1a: Dusclops|0 fnt
|faint|p1a: Dusclops
|
|-weather|none
|upkeep
|
|t:|1778510290
|switch|p1a: Tauros|Tauros, M|90/100
|turn|9
|
|t:|1778510307
|move|p1a: Tauros|Body Slam|p2a: Toxicroak
|-damage|p2a: Toxicroak|19/100
|-damage|p1a: Tauros|73/100|[from] item: Rocky Helmet|[of] p2a: Toxicroak
|move|p2a: Toxicroak|Drain Punch|p1a: Tauros
|-supereffective|p1a: Tauros
|-damage|p1a: Tauros|9/100
|-heal|p2a: Toxicroak|45/100|[from] drain|[of] p1a: Tauros
|
|upkeep
|turn|10
|
|t:|1778510317
|move|p2a: Toxicroak|Protect|p2a: Toxicroak
|-singleturn|p2a: Toxicroak|Protect
|move|p1a: Tauros|Body Slam|p2a: Toxicroak
|-activate|p2a: Toxicroak|move: Protect
|
|upkeep
|turn|11
|
|t:|1778510321
|switch|p2a: Pelipper|Pelipper, F|53/100
|-weather|RainDance|[from] ability: Drizzle|[of] p2a: Pelipper
|move|p1a: Tauros|Body Slam|p2a: Pelipper
|-damage|p2a: Pelipper|2/100
|
|-weather|RainDance|[upkeep]
|upkeep
|turn|12
|
|t:|1778510328
|switch|p2a: Iron Treads|Iron Treads|100/100
|move|p1a: Tauros|Body Slam|p2a: Iron Treads
|-resisted|p2a: Iron Treads
|-damage|p2a: Iron Treads|74/100
|
|-weather|RainDance|[upkeep]
|-heal|p2a: Iron Treads|80/100|[from] item: Leftovers
|upkeep
|turn|13
|
|t:|1778510333
|move|p1a: Tauros|Close Combat|p2a: Iron Treads
|-supereffective|p2a: Iron Treads
|-damage|p2a: Iron Treads|0 fnt
|-unboost|p1a: Tauros|def|1
|-unboost|p1a: Tauros|spd|1
|faint|p2a: Iron Treads
|-end|p2a: Iron Treads|Quark Drive|[silent]
|-damage|p1a: Tauros|0 fnt|[from] item: Life Orb
|faint|p1a: Tauros
|
|-weather|RainDance|[upkeep]
|upkeep
|
|t:|1778510344
|switch|p1a: Clefable|Clefable, F|100/100
|switch|p2a: Kingdra|Kingdra, M|100/100
|turn|14
|
|t:|1778510350
|-terastallize|p2a: Kingdra|Water
|move|p2a: Kingdra|Weather Ball|p1a: Clefable
|-damage|p1a: Clefable|0 fnt
|faint|p1a: Clefable
|
|-weather|RainDance|[upkeep]
|upkeep
|
|t:|1778510358
|switch|p1a: Tsareena|Tsareena, F|100/100
|turn|15
|
|t:|1778510364
|switch|p2a: Goodra|Goodra-Hisui, F|100/100
|move|p1a: Tsareena|Power Whip|p2a: Goodra
|-ability|p2a: Goodra|Sap Sipper|boost
|-boost|p2a: Goodra|atk|1
|
|-weather|RainDance|[upkeep]
|upkeep
|turn|16
|-message|Spikenard forfeited.
|
|win|bayonettaFan
|raw|Spikenard's rating: 1448 &rarr; <strong>1428</strong><br />(-20 for losing)
|raw|bayonettaFan's rating: 1447 &rarr; <strong>1467</strong><br />(+20 for winning)
|l|☆Spikenard
|player|p1|
|l|☆bayonettaFan
|player|p2|
