|html|<div class="broadcast-blue"><strong>[Gen 9] OU is currently suspecting Tera Blast! For information on how to participate check out the <a href="https://www.smogon.com/tools/suspects/view/200">suspect thread</a>.</strong></div>
|j|☆Joarez
|j|☆gym locker smells
|t:|1776100740
|gametype|singles
|player|p1|Joarez|bellelba|1158
|player|p2|gym locker smells|fisherman|1149
|gen|9
|tier|[Gen 9] OU
|rated|
|rule|HP Percentage Mod: HP is shown in percentages
|rule|Endless Battle Clause: Forcing endless battles is banned
|rule|Species Clause: Limit one of each Pokémon
|rule|OHKO Clause: OHKO moves are banned
|rule|Evasion Items Clause: Evasion items are banned
|rule|Evasion Moves Clause: Evasion moves are banned
|rule|Evasion Abilities Clause: Evasion abilities are banned
|rule|Sleep Moves Clause: Sleep-inducing moves are banned
|clearpoke
|poke|p1|Arboliva, M|
|poke|p1|Torkoal, F|
|poke|p1|Corviknight, M|
|poke|p1|Ceruledge, F|
|poke|p1|Iron Valiant|
|poke|p1|Toxapex, F|
|poke|p2|Serperior, M|
|poke|p2|Cinderace, M|
|poke|p2|Kingambit, F|
|poke|p2|Passimian, F|
|poke|p2|Milotic, M|
|poke|p2|Ribombee, M|
|teampreview
|
|t:|1776100769
|teamsize|p1|6
|teamsize|p2|6
|start
|switch|p1a: Toxapex|Toxapex, F|100/100
|switch|p2a: Cinderace|Cinderace, M|100/100
|turn|1
|
|t:|1776100781
|switch|p2a: Kingambit|Kingambit, F|100/100
|move|p1a: Toxapex|Toxic|p2a: Kingambit
|-immune|p2a: Kingambit
|
|upkeep
|turn|2
|
|t:|1776100795
|switch|p1a: Iron Valiant|Iron Valiant|100/100
|-enditem|p1a: Iron Valiant|Booster Energy
|-activate|p1a: Iron Valiant|ability: Quark Drive|[fromitem]
|-start|p1a: Iron Valiant|quarkdrivespe
|move|p2a: Kingambit|Swords Dance|p2a: Kingambit
|-boost|p2a: Kingambit|atk|2
|
|upkeep
|turn|3
|
|t:|1776100805
|switch|p2a: Cinderace|Cinderace, M|100/100
|move|p1a: Iron Valiant|Drain Punch|p2a: Cinderace
|-damage|p2a: Cinderace|46/100
|
|upkeep
|turn|4
|
|t:|1776100816
|switch|p2a: Ribombee|Ribombee, M|100/100
|move|p1a: Iron Valiant|Drain Punch|p2a: Ribombee
|-resisted|p2a: Ribombee
|-damage|p2a: Ribombee|83/100
|
|upkeep
|turn|5
|
|t:|1776100823
|move|p1a: Iron Valiant|Moonblast|p2a: Ribombee
|-damage|p2a: Ribombee|8/100
|move|p2a: Ribombee|Sticky Web|p1a: Iron Valiant
|-sidestart|p1: Joarez|move: Sticky Web
|
|upkeep
|turn|6
|
|t:|1776100831
|move|p1a: Iron Valiant|Liquidation|p2a: Ribombee
|-damage|p2a: Ribombee|0 fnt
|faint|p2a: Ribombee
|
|upkeep
|
|t:|1776100841
|switch|p2a: Milotic|Milotic, M|100/100
|turn|7
|
|t:|1776100848
|-terastallize|p2a: Milotic|Fairy
|move|p1a: Iron Valiant|Drain Punch|p2a: Milotic
|-resisted|p2a: Milotic
|-damage|p2a: Milotic|84/100
|move|p2a: Milotic|Draining Kiss|p1a: Iron Valiant
|-supereffective|p1a: Iron Valiant
|-damage|p1a: Iron Valiant|7/100
|-heal|p2a: Milotic|100/100|[from] drain|[of] p1a: Iron Valiant
|
|upkeep
|turn|8
|
|t:|1776100856
|move|p1a: Iron Valiant|Liquidation|p2a: Milotic
|-damage|p2a: Milotic|75/100
|move|p2a: Milotic|Draining Kiss|p1a: Iron Valiant
|-supereffective|p1a: Iron Valiant
|-damage|p1a: Iron Valiant|0 fnt
|-heal|p2a: Milotic|78/100|[from] drain|[of] p1a: Iron Valiant
|faint|p1a: Iron Valiant
|-end|p1a: Iron Valiant|Quark Drive|[silent]
|
|upkeep
|
|t:|1776100869
|switch|p1a: Toxapex|Toxapex, F|100/100
|turn|9
|
|t:|1776100873
|switch|p2a: Cinderace|Cinderace, M|46/100
|move|p1a: Toxapex|Toxic|p2a: Cinderace
|-status|p2a: Cinderace|tox
|
|-damage|p2a: Cinderace|40/100 tox|[from] psn
|upkeep
|turn|10
|
|t:|1776100880
|move|p1a: Toxapex|Protect|p1a: Toxapex
|-singleturn|p1a: Toxapex|Protect
|move|p2a: Cinderace|Court Change|p2a: Cinderace
|-start|p2a: Cinderace|typechange|Normal|[from] ability: Libero
|-swapsideconditions
|-activate|p2a: Cinderace|move: Court Change
|
|-damage|p2a: Cinderace|28/100 tox|[from] psn
|upkeep
|turn|11
|
|t:|1776100888
|move|p2a: Cinderace|Pyro Ball|p1a: Toxapex
|-resisted|p1a: Toxapex
|-damage|p1a: Toxapex|84/100
|move|p1a: Toxapex|Infestation|p2a: Cinderace
|-damage|p2a: Cinderace|24/100 tox
|-activate|p2a: Cinderace|move: Infestation|[of] p1a: Toxapex
|
|-damage|p2a: Cinderace|6/100 tox|[from] psn
|-damage|p2a: Cinderace|0 fnt|[from] move: Infestation|[partiallytrapped]
|faint|p2a: Cinderace
|upkeep
|
|t:|1776100896
|switch|p2a: Kingambit|Kingambit, F|100/100
|-activate|p2a: Kingambit|move: Sticky Web
|-unboost|p2a: Kingambit|spe|1
|-ability|p2a: Kingambit|Defiant|boost
|-boost|p2a: Kingambit|atk|2
|turn|12
|
|t:|1776100916
|move|p2a: Kingambit|Kowtow Cleave|p1a: Toxapex
|-damage|p1a: Toxapex|0 fnt
|faint|p1a: Toxapex
|
|upkeep
|
|t:|1776100928
|switch|p1a: Corviknight|Corviknight, M|100/100
|turn|13
|
|t:|1776100935
|switch|p2a: Milotic|Milotic, M, tera:Fairy|78/100
|-activate|p2a: Milotic|move: Sticky Web
|-unboost|p2a: Milotic|spe|1
|-ability|p2a: Milotic|Competitive|boost
|-boost|p2a: Milotic|spa|2
|move|p1a: Corviknight|Body Press|p2a: Milotic
|-resisted|p2a: Milotic
|-damage|p2a: Milotic|65/100
|
|upkeep
|turn|14
|
|t:|1776100955
|move|p1a: Corviknight|Iron Defense|p1a: Corviknight
|-boost|p1a: Corviknight|def|2
|move|p2a: Milotic|Recover|p2a: Milotic
|-heal|p2a: Milotic|100/100
|
|upkeep
|turn|15
|
|t:|1776100959
|move|p1a: Corviknight|Body Press|p2a: Milotic
|-resisted|p2a: Milotic
|-damage|p2a: Milotic|73/100
|move|p2a: Milotic|Surf|p1a: Corviknight
|-damage|p1a: Corviknight|16/100
|
|-heal|p1a: Corviknight|23/100|[from] item: Leftovers
|upkeep
|turn|16
|
|t:|1776100964
|move|p1a: Corviknight|Roost|p1a: Corviknight
|-heal|p1a: Corviknight|73/100
|-singleturn|p1a: Corviknight|move: Roost
|move|p2a: Milotic|Surf|p1a: Corviknight
|-crit|p1a: Corviknight
|-damage|p1a: Corviknight|0 fnt
|faint|p1a: Corviknight
|
|upkeep
|
|t:|1776100975
|switch|p1a: Torkoal|Torkoal, F|100/100
|-weather|SunnyDay|[from] ability: Drought|[of] p1a: Torkoal
|turn|17
|
|t:|1776100985
|move|p2a: Milotic|Surf|p1a: Torkoal
|-supereffective|p1a: Torkoal
|-damage|p1a: Torkoal|29/100
|move|p1a: Torkoal|Lava Plume|p2a: Milotic
|-damage|p2a: Milotic|47/100
|
|-weather|SunnyDay|[upkeep]
|upkeep
|turn|18
|
|t:|1776100994
|move|p2a: Milotic|Surf|p1a: Torkoal
|-supereffective|p1a: Torkoal
|-damage|p1a: Torkoal|0 fnt
|faint|p1a: Torkoal
|
|-weather|SunnyDay|[upkeep]
|upkeep
|
|t:|1776101002
|switch|p1a: Ceruledge|Ceruledge, F|100/100
|turn|19
|
|t:|1776101005
|move|p1a: Ceruledge|Swords Dance|p1a: Ceruledge
|-boost|p1a: Ceruledge|atk|2
|move|p2a: Milotic|Surf|p1a: Ceruledge
|-supereffective|p1a: Ceruledge
|-enditem|p1a: Ceruledge|Focus Sash
|-damage|p1a: Ceruledge|1/100
|
|-weather|SunnyDay|[upkeep]
|upkeep
|turn|20
|
|t:|1776101012
|move|p1a: Ceruledge|Bitter Blade|p2a: Milotic
|-damage|p2a: Milotic|0 fnt
|-heal|p1a: Ceruledge|32/100|[from] drain|[of] p2a: Milotic
|faint|p2a: Milotic
|
|-weather|SunnyDay|[upkeep]
|upkeep
|
|t:|1776101022
|switch|p2a: Passimian|Passimian, F|100/100
|-activate|p2a: Passimian|move: Sticky Web
|-unboost|p2a: Passimian|spe|1
|-ability|p2a: Passimian|Defiant|boost
|-boost|p2a: Passimian|atk|2
|-enditem|p2a: Passimian|White Herb
|-clearnegativeboost|p2a: Passimian|[silent]
|turn|21
|
|t:|1776101040
|move|p1a: Ceruledge|Shadow Sneak|p2a: Passimian
|-damage|p2a: Passimian|53/100
|move|p2a: Passimian|Trailblaze|p1a: Ceruledge
|-resisted|p1a: Ceruledge
|-damage|p1a: Ceruledge|9/100
|-boost|p2a: Passimian|spe|1
|-ability|p1a: Ceruledge|Weak Armor|boost
|-unboost|p1a: Ceruledge|def|1
|-boost|p1a: Ceruledge|spe|2
|
|-weather|SunnyDay|[upkeep]
|upkeep
|turn|22
|
|t:|1776101050
|-terastallize|p1a: Ceruledge|Ghost
|move|p1a: Ceruledge|Shadow Sneak|p2a: Passimian
|-damage|p2a: Passimian|0 fnt
|faint|p2a: Passimian
|
|-weather|SunnyDay|[upkeep]
|upkeep
|
|t:|1776101057
|switch|p2a: Serperior|Serperior, M|100/100
|-activate|p2a: Serperior|move: Sticky Web
|-boost|p2a: Serperior|spe|1
|turn|23
|
|t:|1776101076
|move|p1a: Ceruledge|Bitter Blade|p2a: Serperior
|-supereffective|p2a: Serperior
|-damage|p2a: Serperior|0 fnt
|-heal|p1a: Ceruledge|67/100|[from] drain|[of] p2a: Serperior
|faint|p2a: Serperior
|
|-weather|SunnyDay|[upkeep]
|upkeep
|
|t:|1776101079
|switch|p2a: Kingambit|Kingambit, F|100/100
|-activate|p2a: Kingambit|move: Sticky Web
|-unboost|p2a: Kingambit|spe|1
|-ability|p2a: Kingambit|Defiant|boost
|-boost|p2a: Kingambit|atk|2
|turn|24
|
|t:|1776101091
|move|p2a: Kingambit|Sucker Punch||[still]
|-fail|p2a: Kingambit
|move|p1a: Ceruledge|Swords Dance|p1a: Ceruledge
|-boost|p1a: Ceruledge|atk|2
|
|-weather|none
|upkeep
|turn|25
|
|t:|1776101118
|move|p1a: Ceruledge|Shadow Sneak|p2a: Kingambit
|-resisted|p2a: Kingambit
|-damage|p2a: Kingambit|69/100
|move|p2a: Kingambit|Sucker Punch||[still]
|-fail|p2a: Kingambit
|
|upkeep
|turn|26
|
|t:|1776101126
|move|p1a: Ceruledge|Shadow Sneak|p2a: Kingambit
|-resisted|p2a: Kingambit
|-damage|p2a: Kingambit|35/100
|move|p2a: Kingambit|Sucker Punch||[still]
|-fail|p2a: Kingambit
|
|upkeep
|turn|27
|
|t:|1776101132
|move|p1a: Ceruledge|Shadow Sneak|p2a: Kingambit
|-resisted|p2a: Kingambit
|-crit|p2a: Kingambit
|-damage|p2a: Kingambit|0 fnt
|faint|p2a: Kingambit
|
|win|Joarez
|raw|Joarez's rating: 1158 &rarr; <strong>1182</strong><br />(+24 for winning)
|raw|gym locker smells's rating: 1149 &rarr; <strong>1125</strong><br />(-24 for losing)
|l|☆Joarez
|player|p1|
|l|☆gym locker smells
|player|p2|
