|html|<div class="broadcast-blue"><strong>[Gen 9] OU is currently suspecting Tera Blast! For information on how to participate check out the <a href="https://www.smogon.com/tools/suspects/view/200">suspect thread</a>.</strong></div>
|j|☆CinDq
|j|☆vrrbrbr1
|t:|1776040653
|gametype|singles
|player|p1|CinDq|miku-ice|1090
|player|p2|vrrbrbr1|2|1077
|gen|9
|tier|[Gen 9] OU
|rated|
|rule|HP Percentage Mod: HP is shown in percentages
|rule|Endless Battle Clause: Forcing endless battles is banned
|rule|Species Clause: Limit one of each Pokémon
|rule|OHKO Clause: OHKO moves are banned
|rule|Evasion Items Clause: Evasion items are banned
|rule|Evasion Moves Clause: Evasion moves are banned
|rule|Evasion Abilities Clause: Evasion abilities are banned
|rule|Sleep Moves Clause: Sleep-inducing moves are banned
|clearpoke
|poke|p1|Gliscor, M|
|poke|p1|Lokix, M|
|poke|p1|Clefable, M|
|poke|p1|Ogerpon-Wellspring, F|
|poke|p1|Incineroar, M|
|poke|p1|Raichu-Alola, M|
|poke|p2|Sandslash-Alola, F|
|poke|p2|Slowking-Galar, F|
|poke|p2|Ninetales-Alola, M|
|poke|p2|Rotom-Wash|
|poke|p2|Hitmontop, M|
|poke|p2|Gliscor, M|
|teampreview
|inactive|Battle timer is ON: inactive players will automatically lose when time's up. (requested by vrrbrbr1)
|
|t:|1776040663
|teamsize|p1|6
|teamsize|p2|6
|start
|switch|p1a: Lokix|Lokix, M|100/100
|switch|p2a: Gliscor|Gliscor, M|100/100
|turn|1
|
|t:|1776040671
|-terastallize|p1a: Lokix|Bug
|move|p1a: Lokix|First Impression|p2a: Gliscor
|-resisted|p2a: Gliscor
|-damage|p2a: Gliscor|37/100
|move|p2a: Gliscor|Stealth Rock|p1a: Lokix
|-sidestart|p1: CinDq|move: Stealth Rock
|
|-status|p2a: Gliscor|tox|[from] item: Toxic Orb
|upkeep
|turn|2
|
|t:|1776040677
|switch|p1a: Clefable|Clefable, M|100/100
|move|p2a: Gliscor|Toxic|p1a: Clefable|[miss]
|-miss|p2a: Gliscor|p1a: Clefable
|
|-heal|p2a: Gliscor|49/100 tox|[from] ability: Poison Heal
|-status|p1a: Clefable|brn|[from] item: Flame Orb
|upkeep
|turn|3
|
|t:|1776040685
|move|p2a: Gliscor|Earthquake|p1a: Clefable
|-damage|p1a: Clefable|73/100 brn
|move|p1a: Clefable|Moonblast|p2a: Gliscor
|-damage|p2a: Gliscor|22/100 tox
|
|-heal|p2a: Gliscor|34/100 tox|[from] ability: Poison Heal
|upkeep
|turn|4
|
|t:|1776040692
|move|p2a: Gliscor|Earthquake|p1a: Clefable
|-damage|p1a: Clefable|49/100 brn
|move|p1a: Clefable|Moonblast|p2a: Gliscor
|-damage|p2a: Gliscor|4/100 tox
|-unboost|p2a: Gliscor|spa|1
|
|-heal|p2a: Gliscor|17/100 tox|[from] ability: Poison Heal
|upkeep
|turn|5
|
|t:|1776040696
|move|p2a: Gliscor|U-turn|p1a: Clefable
|-resisted|p1a: Clefable
|-damage|p1a: Clefable|44/100 brn
|
|t:|1776040699
|switch|p2a: Slowking|Slowking-Galar, F, shiny|100/100|[from] U-turn
|move|p1a: Clefable|Moonblast|p2a: Slowking
|-resisted|p2a: Slowking
|-damage|p2a: Slowking|89/100
|
|-heal|p2a: Slowking|95/100|[from] item: Black Sludge
|upkeep
|turn|6
|
|t:|1776040710
|move|p1a: Clefable|Trick|p2a: Slowking
|-activate|p1a: Clefable|move: Trick|[of] p2a: Slowking
|-item|p2a: Slowking|Flame Orb|[from] move: Trick
|-item|p1a: Clefable|Black Sludge|[from] move: Trick
|move|p2a: Slowking|Sludge Bomb|p1a: Clefable
|-supereffective|p1a: Clefable
|-damage|p1a: Clefable|0 fnt
|faint|p1a: Clefable
|
|-status|p2a: Slowking|brn|[from] item: Flame Orb
|upkeep
|
|t:|1776040719
|switch|p1a: Lokix|Lokix, M, tera:Bug|100/100
|-damage|p1a: Lokix|76/100|[from] Stealth Rock
|turn|7
|
|t:|1776040730
|switch|p2a: Gliscor|Gliscor, M|17/100 tox
|move|p1a: Lokix|First Impression|p2a: Gliscor
|-resisted|p2a: Gliscor
|-crit|p2a: Gliscor
|-damage|p2a: Gliscor|0 fnt
|faint|p2a: Gliscor
|
|upkeep
|
|t:|1776040738
|switch|p2a: Hitmontop|Hitmontop, M, shiny|100/100
|turn|8
|
|t:|1776040747
|switch|p1a: Incineroar|Incineroar, M|100/100
|-damage|p1a: Incineroar|76/100|[from] Stealth Rock
|-ability|p1a: Incineroar|Intimidate|boost
|-unboost|p2a: Hitmontop|atk|1
|-terastallize|p2a: Hitmontop|Steel
|move|p2a: Hitmontop|Bullet Punch|p1a: Incineroar
|-resisted|p1a: Incineroar
|-damage|p1a: Incineroar|64/100
|-damage|p2a: Hitmontop|91/100|[from] item: Life Orb
|
|-heal|p1a: Incineroar|71/100|[from] item: Leftovers
|upkeep
|turn|9
|
|t:|1776040752
|switch|p2a: Slowking|Slowking-Galar, F, shiny|100/100 brn
|move|p1a: Incineroar|Fake Out|p2a: Slowking
|-damage|p2a: Slowking|92/100 brn
|
|-heal|p1a: Incineroar|77/100|[from] item: Leftovers
|-damage|p2a: Slowking|86/100 brn|[from] brn
|upkeep
|turn|10
|
|t:|1776040761
|switch|p2a: Rotom|Rotom-Wash|100/100
|move|p1a: Incineroar|Knock Off|p2a: Rotom
|-damage|p2a: Rotom|66/100
|-enditem|p2a: Rotom|Sitrus Berry|[from] move: Knock Off|[of] p1a: Incineroar
|
|-heal|p1a: Incineroar|83/100|[from] item: Leftovers
|upkeep
|turn|11
|
|t:|1776040769
|move|p2a: Rotom|Volt Switch|p1a: Incineroar
|-damage|p1a: Incineroar|67/100
|
|t:|1776040773
|switch|p2a: Ninetales|Ninetales-Alola, M|100/100|[from] Volt Switch
|-weather|Snowscape|[from] ability: Snow Warning|[of] p2a: Ninetales
|move|p1a: Incineroar|Parting Shot|p2a: Ninetales
|-unboost|p2a: Ninetales|atk|1
|-unboost|p2a: Ninetales|spa|1
|
|t:|1776040778
|switch|p1a: Lokix|Lokix, M, tera:Bug|76/100|[from] Parting Shot
|-damage|p1a: Lokix|51/100|[from] Stealth Rock
|
|-weather|Snowscape|[upkeep]
|upkeep
|turn|12
|
|t:|1776040785
|move|p1a: Lokix|First Impression|p2a: Ninetales
|-resisted|p2a: Ninetales
|-damage|p2a: Ninetales|19/100
|move|p2a: Ninetales|Aurora Veil|p2a: Ninetales
|-sidestart|p2: vrrbrbr1|move: Aurora Veil
|
|-weather|Snowscape|[upkeep]
|upkeep
|turn|13
|
|t:|1776040791
|switch|p2a: Sandslash|Sandslash-Alola, F|100/100
|switch|p1a: Raichu|Raichu-Alola, M, shiny|100/100
|-damage|p1a: Raichu|88/100|[from] Stealth Rock
|
|-weather|Snowscape|[upkeep]
|upkeep
|turn|14
|
|t:|1776040805
|move|p2a: Sandslash|Swords Dance|p2a: Sandslash
|-boost|p2a: Sandslash|atk|2
|move|p1a: Raichu|Thunderbolt|p2a: Sandslash
|-damage|p2a: Sandslash|73/100
|-status|p2a: Sandslash|par
|
|-weather|Snowscape|[upkeep]
|upkeep
|turn|15
|
|t:|1776040810
|move|p1a: Raichu|Nasty Plot|p1a: Raichu
|-boost|p1a: Raichu|spa|2
|move|p2a: Sandslash|Icicle Spear|p1a: Raichu
|-damage|p1a: Raichu|34/100
|-damage|p1a: Raichu|0 fnt
|faint|p1a: Raichu
|-hitcount|p1: Raichu|2
|
|-weather|Snowscape|[upkeep]
|upkeep
|
|t:|1776040813
|switch|p1a: Incineroar|Incineroar, M|67/100
|-damage|p1a: Incineroar|42/100|[from] Stealth Rock
|-ability|p1a: Incineroar|Intimidate|boost
|-unboost|p2a: Sandslash|atk|1
|turn|16
|
|t:|1776040819
|move|p2a: Sandslash|Earthquake|p1a: Incineroar
|-supereffective|p1a: Incineroar
|-damage|p1a: Incineroar|0 fnt
|faint|p1a: Incineroar
|
|-weather|Snowscape|[upkeep]
|-sideend|p2: vrrbrbr1|move: Aurora Veil
|upkeep
|
|t:|1776040825
|switch|p1a: Lokix|Lokix, M, tera:Bug|51/100
|-damage|p1a: Lokix|26/100|[from] Stealth Rock
|turn|17
|
|t:|1776040828
|move|p1a: Lokix|First Impression|p2a: Sandslash
|-resisted|p2a: Sandslash
|-damage|p2a: Sandslash|20/100 par
|move|p2a: Sandslash|Icicle Spear|p1a: Lokix
|-damage|p1a: Lokix|0 fnt
|faint|p1a: Lokix
|-hitcount|p1: Lokix|1
|
|-weather|Snowscape|[upkeep]
|upkeep
|
|t:|1776040831
|switch|p1a: Ogerpon|Ogerpon-Wellspring, F|100/100
|-damage|p1a: Ogerpon|88/100|[from] Stealth Rock
|turn|18
|
|t:|1776040836
|move|p1a: Ogerpon|Ivy Cudgel|p2a: Sandslash|[anim] Ivy Cudgel Water
|-damage|p2a: Sandslash|0 fnt
|faint|p2a: Sandslash
|
|-weather|none
|upkeep
|
|t:|1776040840
|switch|p2a: Rotom|Rotom-Wash|66/100
|turn|19
|
|t:|1776040848
|move|p1a: Ogerpon|Horn Leech|p2a: Rotom
|-supereffective|p2a: Rotom
|-damage|p2a: Rotom|0 fnt
|-heal|p1a: Ogerpon|100/100|[from] drain|[of] p2a: Rotom
|faint|p2a: Rotom
|
|upkeep
|
|t:|1776040850
|switch|p2a: Hitmontop|Hitmontop, M, shiny, tera:Steel|91/100
|turn|20
|
|t:|1776040854
|move|p1a: Ogerpon|Ivy Cudgel|p2a: Hitmontop|[anim] Ivy Cudgel Water
|-damage|p2a: Hitmontop|0 fnt
|faint|p2a: Hitmontop
|
|upkeep
|
|t:|1776040857
|switch|p2a: Slowking|Slowking-Galar, F, shiny|100/100 brn
|turn|21
|
|t:|1776040860
|move|p1a: Ogerpon|Ivy Cudgel|p2a: Slowking|[anim] Ivy Cudgel Water
|-damage|p2a: Slowking|59/100 brn
|move|p2a: Slowking|Sludge Bomb|p1a: Ogerpon
|-supereffective|p1a: Ogerpon
|-damage|p1a: Ogerpon|28/100
|-status|p1a: Ogerpon|psn
|
|-damage|p1a: Ogerpon|16/100 psn|[from] psn
|-damage|p2a: Slowking|53/100 brn|[from] brn
|upkeep
|turn|22
|
|t:|1776040869
|move|p1a: Ogerpon|Ivy Cudgel|p2a: Slowking|[anim] Ivy Cudgel Water
|-damage|p2a: Slowking|4/100 brn
|move|p2a: Slowking|Sludge Bomb|p1a: Ogerpon
|-supereffective|p1a: Ogerpon
|-damage|p1a: Ogerpon|0 fnt
|faint|p1a: Ogerpon
|
|-damage|p2a: Slowking|0 fnt|[from] brn
|faint|p2a: Slowking
|upkeep
|
|t:|1776040872
|switch|p1a: Gliscor|Gliscor, M, shiny|100/100
|switch|p2a: Ninetales|Ninetales-Alola, M|19/100
|-weather|Snowscape|[from] ability: Snow Warning|[of] p2a: Ninetales
|-damage|p1a: Gliscor|88/100|[from] Stealth Rock
|turn|23
|
|t:|1776040877
|move|p2a: Ninetales|Freeze-Dry|p1a: Gliscor
|-supereffective|p1a: Gliscor
|-damage|p1a: Gliscor|0 fnt
|faint|p1a: Gliscor
|
|win|vrrbrbr1
|raw|CinDq's rating: 1090 &rarr; <strong>1066</strong><br />(-24 for losing)
|raw|vrrbrbr1's rating: 1077 &rarr; <strong>1107</strong><br />(+30 for winning)
|l|☆vrrbrbr1
|player|p2|
|c|☆CinDq|gg
|l|☆CinDq
|player|p1|
