|html|<div class="broadcast-blue"><strong>[Gen 9] OU is currently suspecting Tera Blast! For information on how to participate check out the <a href="https://www.smogon.com/tools/suspects/view/200">suspect thread</a>.</strong></div>
|j|☆catmane
|j|☆terablastdontbanit
|t:|1776329202
|gametype|singles
|player|p1|catmane|2|1328
|player|p2|terablastdontbanit|169|1354
|gen|9
|tier|[Gen 9] OU
|rated|
|rule|HP Percentage Mod: HP is shown in percentages
|rule|Endless Battle Clause: Forcing endless battles is banned
|rule|Species Clause: Limit one of each Pokémon
|rule|OHKO Clause: OHKO moves are banned
|rule|Evasion Items Clause: Evasion items are banned
|rule|Evasion Moves Clause: Evasion moves are banned
|rule|Evasion Abilities Clause: Evasion abilities are banned
|rule|Sleep Moves Clause: Sleep-inducing moves are banned
|clearpoke
|poke|p1|Ogerpon-Wellspring, F|
|poke|p1|Gholdengo|
|poke|p1|Blissey, F|
|poke|p1|Darkrai|
|poke|p1|Terrakion|
|poke|p1|Decidueye-Hisui, M|
|poke|p2|Darkrai|
|poke|p2|Zamazenta-*|
|poke|p2|Iron Treads|
|poke|p2|Ting-Lu|
|poke|p2|Gholdengo|
|poke|p2|Dragonite, F|
|teampreview
|inactive|Battle timer is ON: inactive players will automatically lose when time's up. (requested by terablastdontbanit)
|
|t:|1776329216
|teamsize|p1|6
|teamsize|p2|6
|start
|switch|p1a: Decidueye|Decidueye-Hisui, M|100/100
|switch|p2a: Ting-Lu|Ting-Lu|100/100
|-ability|p2a: Ting-Lu|Vessel of Ruin
|turn|1
|
|t:|1776329227
|move|p1a: Decidueye|Leaf Blade|p2a: Ting-Lu
|-supereffective|p2a: Ting-Lu
|-damage|p2a: Ting-Lu|38/100
|-enditem|p2a: Ting-Lu|Red Card|[of] p1a: Decidueye
|drag|p1a: Terrakion|Terrakion|100/100
|move|p2a: Ting-Lu|Stealth Rock|p1a: Terrakion
|-sidestart|p1: catmane|move: Stealth Rock
|
|upkeep
|turn|2
|
|t:|1776329235
|move|p1a: Terrakion|Close Combat|p2a: Ting-Lu
|-supereffective|p2a: Ting-Lu
|-damage|p2a: Ting-Lu|0 fnt
|-unboost|p1a: Terrakion|def|1
|-unboost|p1a: Terrakion|spd|1
|faint|p2a: Ting-Lu
|
|upkeep
|
|t:|1776329248
|switch|p2a: Zamazenta|Zamazenta|100/100
|-ability|p2a: Zamazenta|Dauntless Shield|boost
|-boost|p2a: Zamazenta|def|1
|turn|3
|
|t:|1776329257
|move|p2a: Zamazenta|Iron Defense|p2a: Zamazenta
|-boost|p2a: Zamazenta|def|2
|move|p1a: Terrakion|Stealth Rock|p2a: Zamazenta
|-sidestart|p2: terablastdontbanit|move: Stealth Rock
|
|upkeep
|turn|4
|
|t:|1776329271
|switch|p1a: Decidueye|Decidueye-Hisui, M|100/100
|-damage|p1a: Decidueye|94/100|[from] Stealth Rock
|move|p2a: Zamazenta|Iron Defense|p2a: Zamazenta
|-boost|p2a: Zamazenta|def|2
|
|upkeep
|turn|5
|
|t:|1776329278
|move|p2a: Zamazenta|Body Press|p1a: Decidueye
|-crit|p1a: Decidueye
|-damage|p1a: Decidueye|0 fnt
|faint|p1a: Decidueye
|
|upkeep
|c|☆catmane|I always forget this isnt the ghost one
|c|☆catmane|damn champions
|
|t:|1776329298
|switch|p1a: Gholdengo|Gholdengo|100/100
|-damage|p1a: Gholdengo|94/100|[from] Stealth Rock
|turn|6
|n|☆terablastdontbanit|terablastdontbanit
|c|☆terablastdontbanit|I thought so too
|inactive|terablastdontbanit has 120 seconds left.
|
|t:|1776329331
|move|p2a: Zamazenta|Crunch|p1a: Gholdengo
|-supereffective|p1a: Gholdengo
|-damage|p1a: Gholdengo|57/100
|-unboost|p1a: Gholdengo|def|1
|move|p1a: Gholdengo|Psychic|p2a: Zamazenta
|-supereffective|p2a: Zamazenta
|-damage|p2a: Zamazenta|25/100
|-unboost|p2a: Zamazenta|spd|1
|
|-heal|p2a: Zamazenta|31/100|[from] item: Leftovers
|upkeep
|turn|7
|inactive|terablastdontbanit has 120 seconds left.
|c|☆catmane|the def drop :(
|c|☆terablastdontbanit|Hm psychic dengo
|c|☆terablastdontbanit|lowk shoulda tera fired
|c|☆terablastdontbanit|kinda sold my win con
|inactive|terablastdontbanit has 90 seconds left.
|
|t:|1776329383
|switch|p1a: Terrakion|Terrakion|100/100
|-damage|p1a: Terrakion|94/100|[from] Stealth Rock
|move|p2a: Zamazenta|Crunch|p1a: Terrakion
|-resisted|p1a: Terrakion
|-damage|p1a: Terrakion|82/100
|-ability|p1a: Terrakion|Justified|boost
|-boost|p1a: Terrakion|atk|1
|
|-heal|p2a: Zamazenta|37/100|[from] item: Leftovers
|upkeep
|turn|8
|c|☆catmane|its for zamzenta, its how i stop it from sweeping
|
|t:|1776329392
|switch|p1a: Gholdengo|Gholdengo|57/100
|-damage|p1a: Gholdengo|50/100|[from] Stealth Rock
|move|p2a: Zamazenta|Body Press|p1a: Gholdengo
|-immune|p1a: Gholdengo
|
|-heal|p2a: Zamazenta|43/100|[from] item: Leftovers
|upkeep
|turn|9
|inactive|terablastdontbanit has 90 seconds left.
|c|☆terablastdontbanit|spdef drop kinda hurting me her
|c|☆catmane|yup
|inactive|terablastdontbanit has 60 seconds left.
|
|t:|1776329443
|-terastallize|p2a: Zamazenta|Fire
|move|p2a: Zamazenta|Crunch|p1a: Gholdengo
|-supereffective|p1a: Gholdengo
|-damage|p1a: Gholdengo|18/100
|-unboost|p1a: Gholdengo|def|1
|move|p1a: Gholdengo|Shadow Ball|p2a: Zamazenta
|-damage|p2a: Zamazenta|0 fnt
|faint|p2a: Zamazenta
|
|upkeep
|inactive|terablastdontbanit has 30 seconds left.
|inactive|terablastdontbanit has 20 seconds left.
|
|t:|1776329477
|switch|p2a: Dragonite|Dragonite, F|100/100
|turn|10
|inactive|terablastdontbanit has 30 seconds left this turn.
|
|t:|1776329482
|move|p2a: Dragonite|Dragon Dance|p2a: Dragonite
|-boost|p2a: Dragonite|atk|1
|-boost|p2a: Dragonite|spe|1
|move|p1a: Gholdengo|Shadow Ball|p2a: Dragonite
|-damage|p2a: Dragonite|72/100
|
|upkeep
|turn|11
|inactive|terablastdontbanit has 30 seconds left.
|inactive|terablastdontbanit has 20 seconds left.
|
|t:|1776329497
|move|p2a: Dragonite|Earthquake|p1a: Gholdengo
|-supereffective|p1a: Gholdengo
|-damage|p1a: Gholdengo|0 fnt
|faint|p1a: Gholdengo
|
|upkeep
|
|t:|1776329504
|switch|p1a: Ogerpon|Ogerpon-Wellspring, F|100/100
|-damage|p1a: Ogerpon|88/100|[from] Stealth Rock
|turn|12
|inactive|terablastdontbanit has 30 seconds left.
|
|t:|1776329514
|-terastallize|p1a: Ogerpon|Water
|detailschange|p1a: Ogerpon|Ogerpon-Wellspring-Tera, F, tera:Water
|-ability|p1a: Ogerpon|Embody Aspect (Wellspring)|boost
|-boost|p1a: Ogerpon|spd|1
|move|p2a: Dragonite|Earthquake|p1a: Ogerpon
|-damage|p1a: Ogerpon|21/100
|move|p1a: Ogerpon|Knock Off|p2a: Dragonite
|-damage|p2a: Dragonite|31/100
|-enditem|p2a: Dragonite|Heavy-Duty Boots|[from] move: Knock Off|[of] p1a: Ogerpon
|
|upkeep
|turn|13
|
|t:|1776329526
|move|p2a: Dragonite|Earthquake|p1a: Ogerpon
|-damage|p1a: Ogerpon|0 fnt
|faint|p1a: Ogerpon
|detailschange|p1: Ogerpon|Ogerpon-Wellspring, F|[silent]
|
|upkeep
|
|t:|1776329529
|switch|p1a: Darkrai|Darkrai|100/100
|-damage|p1a: Darkrai|88/100|[from] Stealth Rock
|turn|14
|
|t:|1776329540
|move|p1a: Darkrai|Sucker Punch|p2a: Dragonite
|-damage|p2a: Dragonite|0 fnt
|faint|p2a: Dragonite
|
|upkeep
|c|☆terablastdontbanit|Oh spunch
|
|t:|1776329558
|switch|p2a: Iron Treads|Iron Treads|100/100
|-damage|p2a: Iron Treads|97/100|[from] Stealth Rock
|turn|15
|
|t:|1776329569
|move|p2a: Iron Treads|Rapid Spin|p1a: Darkrai
|-damage|p1a: Darkrai|69/100
|-boost|p2a: Iron Treads|spe|1
|-sideend|p2: terablastdontbanit|Stealth Rock|[from] move: Rapid Spin|[of] p2a: Iron Treads
|move|p1a: Darkrai|Will-O-Wisp|p2a: Iron Treads
|-status|p2a: Iron Treads|brn
|
|-heal|p2a: Iron Treads|100/100 brn|[from] item: Leftovers
|-damage|p2a: Iron Treads|94/100 brn|[from] brn
|upkeep
|turn|16
|
|t:|1776329579
|move|p2a: Iron Treads|Earthquake|p1a: Darkrai
|-damage|p1a: Darkrai|39/100
|move|p1a: Darkrai|Swords Dance|p1a: Darkrai
|-boost|p1a: Darkrai|atk|2
|
|-heal|p2a: Iron Treads|100/100 brn|[from] item: Leftovers
|-damage|p2a: Iron Treads|94/100 brn|[from] brn
|upkeep
|turn|17
|
|t:|1776329587
|move|p2a: Iron Treads|Earthquake|p1a: Darkrai
|-crit|p1a: Darkrai
|-damage|p1a: Darkrai|0 fnt
|faint|p1a: Darkrai
|
|-heal|p2a: Iron Treads|100/100 brn|[from] item: Leftovers
|-damage|p2a: Iron Treads|94/100 brn|[from] brn
|upkeep
|c|☆catmane|damn
|
|t:|1776329599
|switch|p1a: Terrakion|Terrakion|82/100
|-damage|p1a: Terrakion|76/100|[from] Stealth Rock
|turn|18
|inactive|terablastdontbanit has 60 seconds left.
|
|t:|1776329608
|move|p2a: Iron Treads|Earthquake|p1a: Terrakion
|-supereffective|p1a: Terrakion
|-damage|p1a: Terrakion|19/100
|move|p1a: Terrakion|Close Combat|p2a: Iron Treads
|-supereffective|p2a: Iron Treads
|-crit|p2a: Iron Treads
|-damage|p2a: Iron Treads|0 fnt
|-unboost|p1a: Terrakion|def|1
|-unboost|p1a: Terrakion|spd|1
|faint|p2a: Iron Treads
|-end|p2a: Iron Treads|Quark Drive|[silent]
|
|upkeep
|inactive|terablastdontbanit has 60 seconds left.
|
|t:|1776329620
|switch|p2a: Darkrai|Darkrai|100/100
|turn|19
|inactive|terablastdontbanit has 60 seconds left.
|
|t:|1776329645
|move|p2a: Darkrai|Ice Beam|p1a: Terrakion
|-damage|p1a: Terrakion|0 fnt
|faint|p1a: Terrakion
|
|upkeep
|
|t:|1776329649
|switch|p1a: Blissey|Blissey, F|100/100
|-damage|p1a: Blissey|88/100|[from] Stealth Rock
|turn|20
|
|t:|1776329652
|switch|p2a: Gholdengo|Gholdengo|100/100
|-item|p2a: Gholdengo|Air Balloon
|move|p1a: Blissey|Thunder|p2a: Gholdengo
|-damage|p2a: Gholdengo|72/100
|-status|p2a: Gholdengo|par
|-enditem|p2a: Gholdengo|Air Balloon
|
|upkeep
|turn|21
|
|t:|1776329661
|move|p1a: Blissey|Flamethrower|p2a: Gholdengo
|-supereffective|p2a: Gholdengo
|-damage|p2a: Gholdengo|18/100 par
|move|p2a: Gholdengo|Thunder Wave|p1a: Blissey
|-status|p1a: Blissey|par
|
|upkeep
|turn|22
|
|t:|1776329668
|cant|p2a: Gholdengo|par
|move|p1a: Blissey|Flamethrower|p2a: Gholdengo
|-supereffective|p2a: Gholdengo
|-damage|p2a: Gholdengo|0 fnt
|faint|p2a: Gholdengo
|
|upkeep
|c|☆terablastdontbanit|a
|c|☆terablastdontbanit|rip
|inactive|terablastdontbanit has 60 seconds left.
|
|t:|1776329683
|switch|p2a: Darkrai|Darkrai|100/100
|turn|23
|
|t:|1776329691
|move|p2a: Darkrai|Dark Pulse|p1a: Blissey
|-damage|p1a: Blissey|62/100 par
|cant|p1a: Blissey|par
|
|upkeep
|turn|24
|
|t:|1776329696
|move|p2a: Darkrai|Dark Pulse|p1a: Blissey
|-damage|p1a: Blissey|39/100 par
|cant|p1a: Blissey|flinch
|
|upkeep
|turn|25
|
|t:|1776329700
|move|p2a: Darkrai|Dark Pulse|p1a: Blissey
|-damage|p1a: Blissey|16/100 par
|cant|p1a: Blissey|par
|
|upkeep
|turn|26
|c|☆catmane|yup
|c|☆catmane|gg
|c|☆terablastdontbanit|oh
|
|t:|1776329709
|move|p2a: Darkrai|Dark Pulse|p1a: Blissey
|-damage|p1a: Blissey|0 fnt
|faint|p1a: Blissey
|
|win|terablastdontbanit
|raw|catmane's rating: 1328 &rarr; <strong>1309</strong><br />(-19 for losing)
|raw|terablastdontbanit's rating: 1354 &rarr; <strong>1373</strong><br />(+19 for winning)
|c|☆terablastdontbanit|gg
|c|☆terablastdontbanit|wp
|c|☆terablastdontbanit|that was unfortunate
