|html|<div class="broadcast-blue"><strong>[Gen 9] OU is currently suspecting Tera Blast! For information on how to participate check out the <a href="https://www.smogon.com/tools/suspects/view/200">suspect thread</a>.</strong></div>
|j|☆Noodlezzzzzzzz
|j|☆Alvarogomgomez
|t:|1776069494
|gametype|singles
|player|p1|Noodlezzzzzzzz|pokekid|1239
|player|p2|Alvarogomgomez|2|1192
|gen|9
|tier|[Gen 9] OU
|rated|
|rule|HP Percentage Mod: HP is shown in percentages
|rule|Endless Battle Clause: Forcing endless battles is banned
|rule|Species Clause: Limit one of each Pokémon
|rule|OHKO Clause: OHKO moves are banned
|rule|Evasion Items Clause: Evasion items are banned
|rule|Evasion Moves Clause: Evasion moves are banned
|rule|Evasion Abilities Clause: Evasion abilities are banned
|rule|Sleep Moves Clause: Sleep-inducing moves are banned
|clearpoke
|poke|p1|Dondozo, F|
|poke|p1|Ting-Lu|
|poke|p1|Moltres|
|poke|p1|Kleavor, F|
|poke|p1|Gholdengo|
|poke|p1|Darkrai|
|poke|p2|Jolteon, M|
|poke|p2|Corviknight, F|
|poke|p2|Empoleon, M|
|poke|p2|Rillaboom, F|
|poke|p2|Great Tusk|
|poke|p2|Iron Moth|
|teampreview
|
|t:|1776069503
|teamsize|p1|6
|teamsize|p2|6
|start
|switch|p1a: Moltres|Moltres|100/100
|switch|p2a: Empoleon|Empoleon, M|100/100
|turn|1
|
|t:|1776069514
|move|p1a: Moltres|U-turn|p2a: Empoleon
|-resisted|p2a: Empoleon
|-damage|p2a: Empoleon|93/100
|
|t:|1776069517
|switch|p1a: Dondozo|Dondozo, F|100/100|[from] U-turn
|move|p2a: Empoleon|Surf|p1a: Dondozo
|-resisted|p1a: Dondozo
|-damage|p1a: Dondozo|88/100
|
|-heal|p2a: Empoleon|99/100|[from] item: Leftovers
|-heal|p1a: Dondozo|94/100|[from] item: Leftovers
|upkeep
|turn|2
|
|t:|1776069527
|move|p2a: Empoleon|Stealth Rock|p1a: Dondozo
|-sidestart|p1: Noodlezzzzzzzz|move: Stealth Rock
|move|p1a: Dondozo|Wave Crash|p2a: Empoleon
|-resisted|p2a: Empoleon
|-damage|p2a: Empoleon|79/100
|-damage|p1a: Dondozo|89/100|[from] Recoil
|
|-heal|p2a: Empoleon|85/100|[from] item: Leftovers
|-heal|p1a: Dondozo|95/100|[from] item: Leftovers
|upkeep
|turn|3
|
|t:|1776069539
|switch|p2a: Rillaboom|Rillaboom, F|100/100
|-fieldstart|move: Grassy Terrain|[from] ability: Grassy Surge|[of] p2a: Rillaboom
|move|p1a: Dondozo|Wave Crash|p2a: Rillaboom
|-resisted|p2a: Rillaboom
|-damage|p2a: Rillaboom|80/100
|-damage|p1a: Dondozo|89/100|[from] Recoil
|
|-heal|p2a: Rillaboom|86/100|[from] Grassy Terrain
|-heal|p1a: Dondozo|95/100|[from] Grassy Terrain
|-heal|p1a: Dondozo|100/100|[from] item: Leftovers
|upkeep
|turn|4
|
|t:|1776069552
|switch|p1a: Moltres|Moltres|100/100
|move|p2a: Rillaboom|Wood Hammer|p1a: Moltres
|-resisted|p1a: Moltres
|-damage|p1a: Moltres|77/100
|-damage|p2a: Rillaboom|80/100|[from] Recoil
|-damage|p2a: Rillaboom|70/100|[from] item: Life Orb
|
|-heal|p2a: Rillaboom|76/100|[from] Grassy Terrain
|upkeep
|turn|5
|
|t:|1776069568
|switch|p2a: Empoleon|Empoleon, M|85/100
|move|p1a: Moltres|Flamethrower|p2a: Empoleon
|-damage|p2a: Empoleon|55/100
|-status|p2a: Empoleon|brn
|
|-heal|p2a: Empoleon|61/100 brn|[from] Grassy Terrain
|-heal|p2a: Empoleon|67/100 brn|[from] item: Leftovers
|-damage|p2a: Empoleon|61/100 brn|[from] brn
|upkeep
|turn|6
|
|t:|1776069590
|move|p1a: Moltres|U-turn|p2a: Empoleon
|-resisted|p2a: Empoleon
|-damage|p2a: Empoleon|55/100 brn
|
|t:|1776069592
|switch|p1a: Dondozo|Dondozo, F|100/100|[from] U-turn
|-damage|p1a: Dondozo|88/100|[from] Stealth Rock
|move|p2a: Empoleon|Roost|p2a: Empoleon
|-heal|p2a: Empoleon|100/100 brn
|-singleturn|p2a: Empoleon|move: Roost
|
|-heal|p1a: Dondozo|94/100|[from] Grassy Terrain
|-heal|p1a: Dondozo|99/100|[from] item: Leftovers
|-damage|p2a: Empoleon|94/100 brn|[from] brn
|upkeep
|turn|7
|
|t:|1776069614
|move|p2a: Empoleon|Ice Beam|p1a: Dondozo
|-resisted|p1a: Dondozo
|-damage|p1a: Dondozo|91/100
|move|p1a: Dondozo|Wave Crash|p2a: Empoleon
|-resisted|p2a: Empoleon
|-damage|p2a: Empoleon|73/100 brn
|-damage|p1a: Dondozo|86/100|[from] Recoil
|
|-heal|p2a: Empoleon|79/100 brn|[from] Grassy Terrain
|-heal|p2a: Empoleon|85/100 brn|[from] item: Leftovers
|-heal|p1a: Dondozo|93/100|[from] Grassy Terrain
|-heal|p1a: Dondozo|99/100|[from] item: Leftovers
|-damage|p2a: Empoleon|79/100 brn|[from] brn
|-fieldend|move: Grassy Terrain
|upkeep
|turn|8
|
|t:|1776069644
|switch|p2a: Jolteon|Jolteon, M|100/100
|move|p1a: Dondozo|Wave Crash|p2a: Jolteon
|-damage|p2a: Jolteon|6/100
|-damage|p1a: Dondozo|79/100|[from] Recoil
|
|-heal|p1a: Dondozo|86/100|[from] item: Leftovers
|upkeep
|turn|9
|
|t:|1776069657
|switch|p1a: Ting-Lu|Ting-Lu|100/100
|-damage|p1a: Ting-Lu|94/100|[from] Stealth Rock
|-ability|p1a: Ting-Lu|Vessel of Ruin
|move|p2a: Jolteon|Volt Switch|p1a: Ting-Lu
|-immune|p1a: Ting-Lu
|
|upkeep
|turn|10
|
|t:|1776069669
|switch|p2a: Corviknight|Corviknight, F|100/100
|move|p1a: Ting-Lu|Stealth Rock|p2a: Corviknight
|-sidestart|p2: Alvarogomgomez|move: Stealth Rock
|
|upkeep
|turn|11
|
|t:|1776069681
|switch|p1a: Moltres|Moltres|77/100
|move|p2a: Corviknight|Iron Head|p1a: Moltres
|-resisted|p1a: Moltres
|-damage|p1a: Moltres|65/100
|
|upkeep
|turn|12
|
|t:|1776069700
|-terastallize|p2a: Corviknight|Flying
|move|p1a: Moltres|Roost|p1a: Moltres
|-heal|p1a: Moltres|100/100
|-singleturn|p1a: Moltres|move: Roost
|move|p2a: Corviknight|Brave Bird|p1a: Moltres
|-damage|p1a: Moltres|54/100
|-damage|p2a: Corviknight|88/100|[from] Recoil
|
|upkeep
|turn|13
|
|t:|1776069714
|move|p1a: Moltres|Will-O-Wisp|p2a: Corviknight
|-status|p2a: Corviknight|brn
|move|p2a: Corviknight|Brave Bird|p1a: Moltres
|-damage|p1a: Moltres|31/100
|-damage|p2a: Corviknight|82/100 brn|[from] Recoil
|
|-damage|p2a: Corviknight|76/100 brn|[from] brn
|upkeep
|turn|14
|
|t:|1776069726
|move|p1a: Moltres|Roost|p1a: Moltres
|-heal|p1a: Moltres|81/100
|-singleturn|p1a: Moltres|move: Roost
|move|p2a: Corviknight|Brave Bird|p1a: Moltres
|-damage|p1a: Moltres|61/100
|-damage|p2a: Corviknight|70/100 brn|[from] Recoil
|
|-damage|p2a: Corviknight|64/100 brn|[from] brn
|upkeep
|turn|15
|
|t:|1776069737
|move|p1a: Moltres|Flamethrower|p2a: Corviknight
|-damage|p2a: Corviknight|27/100 brn
|move|p2a: Corviknight|Defog|p1a: Moltres
|-unboost|p1a: Moltres|evasion|1
|-sideend|p1: Noodlezzzzzzzz|Stealth Rock|[from] move: Defog|[of] p2a: Corviknight
|-sideend|p2: Alvarogomgomez|Stealth Rock|[from] move: Defog|[of] p2a: Corviknight
|
|-damage|p2a: Corviknight|21/100 brn|[from] brn
|upkeep
|turn|16
|
|t:|1776069752
|move|p1a: Moltres|Roost|p1a: Moltres
|-heal|p1a: Moltres|100/100
|-singleturn|p1a: Moltres|move: Roost
|move|p2a: Corviknight|Brave Bird|p1a: Moltres
|-damage|p1a: Moltres|79/100
|-damage|p2a: Corviknight|15/100 brn|[from] Recoil
|
|-damage|p2a: Corviknight|9/100 brn|[from] brn
|upkeep
|turn|17
|
|t:|1776069763
|move|p1a: Moltres|Flamethrower|p2a: Corviknight
|-damage|p2a: Corviknight|0 fnt
|faint|p2a: Corviknight
|
|upkeep
|
|t:|1776069776
|switch|p2a: Jolteon|Jolteon, M|6/100
|turn|18
|
|t:|1776069798
|switch|p2a: Empoleon|Empoleon, M|79/100 brn
|switch|p1a: Ting-Lu|Ting-Lu|94/100
|-ability|p1a: Ting-Lu|Vessel of Ruin
|
|-heal|p2a: Empoleon|85/100 brn|[from] item: Leftovers
|-damage|p2a: Empoleon|79/100 brn|[from] brn
|upkeep
|turn|19
|
|t:|1776069810
|move|p2a: Empoleon|Surf|p1a: Ting-Lu
|-supereffective|p1a: Ting-Lu
|-damage|p1a: Ting-Lu|53/100
|-enditem|p1a: Ting-Lu|Weakness Policy
|-boost|p1a: Ting-Lu|atk|2|[from] item: Weakness Policy
|-boost|p1a: Ting-Lu|spa|2|[from] item: Weakness Policy
|move|p1a: Ting-Lu|Earthquake|p2a: Empoleon
|-supereffective|p2a: Empoleon
|-damage|p2a: Empoleon|0 fnt
|faint|p2a: Empoleon
|
|upkeep
|
|t:|1776069820
|switch|p2a: Rillaboom|Rillaboom, F|76/100
|-fieldstart|move: Grassy Terrain|[from] ability: Grassy Surge|[of] p2a: Rillaboom
|turn|20
|
|t:|1776069827
|switch|p1a: Moltres|Moltres|79/100
|move|p2a: Rillaboom|Wood Hammer|p1a: Moltres
|-resisted|p1a: Moltres
|-crit|p1a: Moltres
|-damage|p1a: Moltres|45/100
|-damage|p2a: Rillaboom|67/100|[from] Recoil
|-damage|p2a: Rillaboom|57/100|[from] item: Life Orb
|
|-heal|p2a: Rillaboom|63/100|[from] Grassy Terrain
|upkeep
|turn|21
|
|t:|1776069839
|switch|p2a: Great Tusk|Great Tusk|100/100
|-enditem|p2a: Great Tusk|Booster Energy
|-activate|p2a: Great Tusk|ability: Protosynthesis|[fromitem]
|-start|p2a: Great Tusk|protosynthesisatk
|move|p1a: Moltres|Will-O-Wisp|p2a: Great Tusk
|-status|p2a: Great Tusk|brn
|
|-damage|p2a: Great Tusk|94/100 brn|[from] brn
|upkeep
|turn|22
|
|t:|1776069861
|move|p1a: Moltres|Flamethrower|p2a: Great Tusk
|-damage|p2a: Great Tusk|34/100 brn
|move|p2a: Great Tusk|Ice Spinner|p1a: Moltres
|-damage|p1a: Moltres|29/100
|-fieldend|move: Grassy Terrain
|
|-damage|p2a: Great Tusk|28/100 brn|[from] brn
|upkeep
|turn|23
|
|t:|1776069871
|move|p1a: Moltres|Roost|p1a: Moltres
|-heal|p1a: Moltres|79/100
|-singleturn|p1a: Moltres|move: Roost
|move|p2a: Great Tusk|Ice Spinner|p1a: Moltres
|-resisted|p1a: Moltres
|-damage|p1a: Moltres|71/100
|
|-damage|p2a: Great Tusk|21/100 brn|[from] brn
|upkeep
|turn|24
|
|t:|1776069888
|move|p1a: Moltres|Flamethrower|p2a: Great Tusk
|-damage|p2a: Great Tusk|0 fnt
|faint|p2a: Great Tusk
|-end|p2a: Great Tusk|Protosynthesis|[silent]
|
|upkeep
|
|t:|1776069897
|switch|p2a: Jolteon|Jolteon, M|6/100
|turn|25
|
|t:|1776069901
|switch|p1a: Ting-Lu|Ting-Lu|53/100
|-ability|p1a: Ting-Lu|Vessel of Ruin
|move|p2a: Jolteon|Shadow Ball|p1a: Ting-Lu
|-resisted|p1a: Ting-Lu
|-damage|p1a: Ting-Lu|46/100
|
|upkeep
|turn|26
|
|t:|1776069911
|move|p2a: Jolteon|Alluring Voice|p1a: Ting-Lu
|-supereffective|p1a: Ting-Lu
|-damage|p1a: Ting-Lu|11/100
|move|p1a: Ting-Lu|Stealth Rock|p2a: Jolteon
|-sidestart|p2: Alvarogomgomez|move: Stealth Rock
|
|upkeep
|turn|27
|
|t:|1776069934
|move|p2a: Jolteon|Shadow Ball|p1a: Ting-Lu
|-resisted|p1a: Ting-Lu
|-damage|p1a: Ting-Lu|3/100
|-unboost|p1a: Ting-Lu|spd|1
|move|p1a: Ting-Lu|Earthquake|p2a: Jolteon
|-supereffective|p2a: Jolteon
|-damage|p2a: Jolteon|0 fnt
|faint|p2a: Jolteon
|
|upkeep
|
|t:|1776069944
|switch|p2a: Rillaboom|Rillaboom, F|63/100
|-damage|p2a: Rillaboom|51/100|[from] Stealth Rock
|-fieldstart|move: Grassy Terrain|[from] ability: Grassy Surge|[of] p2a: Rillaboom
|turn|28
|
|t:|1776069950
|switch|p1a: Moltres|Moltres|71/100
|move|p2a: Rillaboom|Grassy Glide|p1a: Moltres
|-resisted|p1a: Moltres
|-crit|p1a: Moltres
|-damage|p1a: Moltres|54/100
|-damage|p2a: Rillaboom|41/100|[from] item: Life Orb
|
|-heal|p2a: Rillaboom|47/100|[from] Grassy Terrain
|upkeep
|turn|29
|
|t:|1776069969
|move|p1a: Moltres|U-turn|p2a: Rillaboom
|-supereffective|p2a: Rillaboom
|-damage|p2a: Rillaboom|21/100
|
|t:|1776069974
|switch|p1a: Ting-Lu|Ting-Lu|3/100|[from] U-turn
|-ability|p1a: Ting-Lu|Vessel of Ruin
|move|p2a: Rillaboom|Swords Dance|p2a: Rillaboom
|-boost|p2a: Rillaboom|atk|2
|
|-heal|p2a: Rillaboom|27/100|[from] Grassy Terrain
|-heal|p1a: Ting-Lu|9/100|[from] Grassy Terrain
|upkeep
|turn|30
|
|t:|1776069984
|move|p2a: Rillaboom|Grassy Glide|p1a: Ting-Lu
|-supereffective|p1a: Ting-Lu
|-damage|p1a: Ting-Lu|0 fnt
|faint|p1a: Ting-Lu
|-damage|p2a: Rillaboom|17/100|[from] item: Life Orb
|
|-heal|p2a: Rillaboom|23/100|[from] Grassy Terrain
|upkeep
|
|t:|1776069986
|switch|p1a: Moltres|Moltres|54/100
|turn|31
|
|t:|1776069995
|move|p2a: Rillaboom|Grassy Glide|p1a: Moltres
|-resisted|p1a: Moltres
|-damage|p1a: Moltres|32/100
|-damage|p2a: Rillaboom|13/100|[from] item: Life Orb
|move|p1a: Moltres|Roost|p1a: Moltres
|-heal|p1a: Moltres|82/100
|-singleturn|p1a: Moltres|move: Roost
|
|-heal|p1a: Moltres|88/100|[from] Grassy Terrain
|-heal|p2a: Rillaboom|19/100|[from] Grassy Terrain
|upkeep
|turn|32
|
|t:|1776070007
|move|p1a: Moltres|Flamethrower|p2a: Rillaboom
|-supereffective|p2a: Rillaboom
|-damage|p2a: Rillaboom|0 fnt
|faint|p2a: Rillaboom
|
|-fieldend|move: Grassy Terrain
|upkeep
|
|t:|1776070013
|switch|p2a: Iron Moth|Iron Moth|100/100
|-damage|p2a: Iron Moth|76/100|[from] Stealth Rock
|-enditem|p2a: Iron Moth|Booster Energy
|-activate|p2a: Iron Moth|ability: Quark Drive|[fromitem]
|-start|p2a: Iron Moth|quarkdrivespa
|turn|33
|
|t:|1776070024
|move|p2a: Iron Moth|Sludge Wave|p1a: Moltres
|-damage|p1a: Moltres|0 fnt
|faint|p1a: Moltres
|
|upkeep
|
|t:|1776070030
|switch|p1a: Kleavor|Kleavor, F|100/100
|turn|34
|
|t:|1776070040
|move|p2a: Iron Moth|Flamethrower|p1a: Kleavor
|-damage|p1a: Kleavor|2/100
|-status|p1a: Kleavor|brn
|move|p1a: Kleavor|Stone Axe|p2a: Iron Moth
|-supereffective|p2a: Iron Moth
|-damage|p2a: Iron Moth|0 fnt
|faint|p2a: Iron Moth
|-end|p2a: Iron Moth|Quark Drive|[silent]
|-damage|p1a: Kleavor|0 fnt|[from] item: Life Orb
|faint|p1a: Kleavor
|
|win|Noodlezzzzzzzz
|raw|Noodlezzzzzzzz's rating: 1239 &rarr; <strong>1261</strong><br />(+22 for winning)
|raw|Alvarogomgomez's rating: 1192 &rarr; <strong>1170</strong><br />(-22 for losing)
|l|☆Alvarogomgomez
|player|p2|
|l|☆Noodlezzzzzzzz
|player|p1|
