|html|<div class="broadcast-blue"><strong>[Gen 9] OU is currently suspecting Tera Blast! For information on how to participate check out the <a href="https://www.smogon.com/tools/suspects/view/200">suspect thread</a>.</strong></div>
|j|☆m4debyjoak0
|j|☆Malexrocks
|t:|1776061455
|gametype|singles
|player|p1|m4debyjoak0|roxie|1351
|player|p2|Malexrocks|1|1343
|gen|9
|tier|[Gen 9] OU
|rated|
|rule|HP Percentage Mod: HP is shown in percentages
|rule|Endless Battle Clause: Forcing endless battles is banned
|rule|Species Clause: Limit one of each Pokémon
|rule|OHKO Clause: OHKO moves are banned
|rule|Evasion Items Clause: Evasion items are banned
|rule|Evasion Moves Clause: Evasion moves are banned
|rule|Evasion Abilities Clause: Evasion abilities are banned
|rule|Sleep Moves Clause: Sleep-inducing moves are banned
|clearpoke
|poke|p1|Samurott-Hisui, F|
|poke|p1|Rillaboom, F|
|poke|p1|Heatran, M|
|poke|p1|Great Tusk|
|poke|p1|Gholdengo|
|poke|p1|Ogerpon-Wellspring, F|
|poke|p2|Raging Bolt|
|poke|p2|Rillaboom, F|
|poke|p2|Gogoat, F|
|poke|p2|Hatterene, F|
|poke|p2|Great Tusk|
|poke|p2|Heatran, M|
|teampreview
|inactive|Battle timer is ON: inactive players will automatically lose when time's up. (requested by m4debyjoak0)
|
|t:|1776061462
|teamsize|p1|6
|teamsize|p2|6
|start
|switch|p1a: Rillaboom|Rillaboom, F|100/100
|switch|p2a: Rillaboom|Rillaboom, F|100/100
|-fieldstart|move: Grassy Terrain|[from] ability: Grassy Surge|[of] p1a: Rillaboom
|turn|1
|
|t:|1776061464
|move|p1a: Rillaboom|U-turn|p2a: Rillaboom
|-supereffective|p2a: Rillaboom
|-damage|p2a: Rillaboom|58/100
|
|t:|1776061466
|switch|p1a: Gholdengo|Gholdengo|100/100|[from] U-turn
|move|p2a: Rillaboom|U-turn|p1a: Gholdengo
|-resisted|p1a: Gholdengo
|-damage|p1a: Gholdengo|96/100
|
|t:|1776061476
|switch|p2a: Heatran|Heatran, M|100/100|[from] U-turn
|-item|p2a: Heatran|Air Balloon
|
|-heal|p1a: Gholdengo|100/100|[from] Grassy Terrain
|upkeep
|turn|2
|
|t:|1776061479
|switch|p1a: Samurott|Samurott-Hisui, F|100/100
|move|p2a: Heatran|Magma Storm|p1a: Samurott
|-resisted|p1a: Samurott
|-damage|p1a: Samurott|86/100
|-activate|p1a: Samurott|move: Magma Storm|[of] p2a: Heatran
|
|-heal|p1a: Samurott|92/100|[from] Grassy Terrain
|-damage|p1a: Samurott|80/100|[from] move: Magma Storm|[partiallytrapped]
|upkeep
|turn|3
|
|t:|1776061487
|switch|p2a: Gogoat|Gogoat, F|100/100
|-enditem|p2a: Gogoat|Grassy Seed
|-boost|p2a: Gogoat|def|1|[from] item: Grassy Seed
|move|p1a: Samurott|Flip Turn|p2a: Gogoat
|-resisted|p2a: Gogoat
|-damage|p2a: Gogoat|96/100
|
|t:|1776061491
|switch|p1a: Heatran|Heatran, M|100/100|[from] Flip Turn
|
|-heal|p2a: Gogoat|100/100|[from] Grassy Terrain
|upkeep
|turn|4
|
|t:|1776061501
|-terastallize|p1a: Heatran|Grass
|move|p1a: Heatran|Magma Storm|p2a: Gogoat|[miss]
|-miss|p1a: Heatran|p2a: Gogoat
|move|p2a: Gogoat|High Horsepower|p1a: Heatran
|-resisted|p1a: Heatran
|-damage|p1a: Heatran|92/100
|
|-heal|p1a: Heatran|98/100|[from] Grassy Terrain
|-heal|p1a: Heatran|100/100|[from] item: Leftovers
|upkeep
|turn|5
|
|t:|1776061521
|switch|p2a: Heatran|Heatran, M|100/100
|-item|p2a: Heatran|Air Balloon
|move|p1a: Heatran|Magma Storm|p2a: Heatran
|-start|p2a: Heatran|ability: Flash Fire
|
|-fieldend|move: Grassy Terrain
|upkeep
|turn|6
|
|t:|1776061527
|switch|p1a: Samurott|Samurott-Hisui, F|80/100
|move|p2a: Heatran|Taunt|p1a: Samurott
|-start|p1a: Samurott|move: Taunt
|
|upkeep
|turn|7
|
|t:|1776061532
|-end|p2a: Heatran|ability: Flash Fire|[silent]
|switch|p2a: Gogoat|Gogoat, F|100/100
|move|p1a: Samurott|Flip Turn|p2a: Gogoat
|-resisted|p2a: Gogoat
|-damage|p2a: Gogoat|92/100
|
|t:|1776061535
|switch|p1a: Heatran|Heatran, M, tera:Grass|100/100|[from] Flip Turn
|
|upkeep
|turn|8
|
|t:|1776061543
|switch|p1a: Great Tusk|Great Tusk|100/100
|switch|p2a: Raging Bolt|Raging Bolt|100/100
|
|upkeep
|turn|9
|
|t:|1776061547
|-end|p2a: Raging Bolt|Protosynthesis|[silent]
|switch|p2a: Rillaboom|Rillaboom, F|58/100
|-fieldstart|move: Grassy Terrain|[from] ability: Grassy Surge|[of] p2a: Rillaboom
|move|p1a: Great Tusk|Stealth Rock|p2a: Rillaboom
|-sidestart|p2: Malexrocks|move: Stealth Rock
|
|-heal|p2a: Rillaboom|64/100|[from] Grassy Terrain
|upkeep
|turn|10
|
|t:|1776061551
|-end|p1a: Great Tusk|Protosynthesis|[silent]
|switch|p1a: Heatran|Heatran, M, tera:Grass|100/100
|move|p2a: Rillaboom|U-turn|p1a: Heatran
|-supereffective|p1a: Heatran
|-damage|p1a: Heatran|60/100
|
|t:|1776061575
|switch|p2a: Hatterene|Hatterene, F|100/100|[from] U-turn
|-damage|p2a: Hatterene|88/100|[from] Stealth Rock
|-enditem|p2a: Hatterene|Grassy Seed
|-boost|p2a: Hatterene|def|1|[from] item: Grassy Seed
|
|-heal|p1a: Heatran|66/100|[from] Grassy Terrain
|-heal|p1a: Heatran|73/100|[from] item: Leftovers
|-heal|p2a: Hatterene|94/100|[from] Grassy Terrain
|upkeep
|turn|11
|
|t:|1776061579
|move|p1a: Heatran|Taunt|p2a: Hatterene
|move|p2a: Hatterene|Taunt|p1a: Heatran|[from] ability: Magic Bounce
|-start|p1a: Heatran|move: Taunt
|move|p2a: Hatterene|Calm Mind|p2a: Hatterene
|-boost|p2a: Hatterene|spa|1
|-boost|p2a: Hatterene|spd|1
|
|-heal|p1a: Heatran|79/100|[from] Grassy Terrain
|-heal|p1a: Heatran|85/100|[from] item: Leftovers
|-heal|p2a: Hatterene|99/100|[from] Grassy Terrain
|upkeep
|turn|12
|
|t:|1776061587
|move|p1a: Heatran|Magma Storm|p2a: Hatterene
|-damage|p2a: Hatterene|69/100
|-activate|p2a: Hatterene|move: Magma Storm|[of] p1a: Heatran
|move|p2a: Hatterene|Psyshock|p1a: Heatran
|-damage|p1a: Heatran|38/100
|
|-heal|p1a: Heatran|45/100|[from] Grassy Terrain
|-heal|p1a: Heatran|51/100|[from] item: Leftovers
|-heal|p2a: Hatterene|75/100|[from] Grassy Terrain
|-damage|p2a: Hatterene|62/100|[from] move: Magma Storm|[partiallytrapped]
|upkeep
|turn|13
|
|t:|1776061591
|move|p1a: Heatran|Earth Power|p2a: Hatterene
|-damage|p2a: Hatterene|45/100
|move|p2a: Hatterene|Draining Kiss|p1a: Heatran
|-damage|p1a: Heatran|28/100
|-heal|p2a: Hatterene|66/100|[from] drain|[of] p1a: Heatran
|
|-heal|p1a: Heatran|34/100|[from] Grassy Terrain
|-heal|p1a: Heatran|41/100|[from] item: Leftovers
|-heal|p2a: Hatterene|72/100|[from] Grassy Terrain
|-damage|p2a: Hatterene|60/100|[from] move: Magma Storm|[partiallytrapped]
|upkeep
|turn|14
|
|t:|1776061594
|move|p1a: Heatran|Earth Power|p2a: Hatterene
|-damage|p2a: Hatterene|43/100
|move|p2a: Hatterene|Draining Kiss|p1a: Heatran
|-damage|p1a: Heatran|18/100
|-heal|p2a: Hatterene|64/100|[from] drain|[of] p1a: Heatran
|
|-heal|p1a: Heatran|24/100|[from] Grassy Terrain
|-heal|p1a: Heatran|30/100|[from] item: Leftovers
|-heal|p2a: Hatterene|70/100|[from] Grassy Terrain
|-damage|p2a: Hatterene|57/100|[from] move: Magma Storm|[partiallytrapped]
|-end|p1a: Heatran|move: Taunt
|upkeep
|turn|15
|
|t:|1776061596
|move|p1a: Heatran|Protect|p1a: Heatran
|-singleturn|p1a: Heatran|Protect
|move|p2a: Hatterene|Draining Kiss|p1a: Heatran
|-activate|p1a: Heatran|move: Protect
|
|-heal|p1a: Heatran|37/100|[from] Grassy Terrain
|-heal|p1a: Heatran|43/100|[from] item: Leftovers
|-heal|p2a: Hatterene|63/100|[from] Grassy Terrain
|-damage|p2a: Hatterene|51/100|[from] move: Magma Storm|[partiallytrapped]
|upkeep
|turn|16
|
|t:|1776061600
|move|p1a: Heatran|Magma Storm|p2a: Hatterene
|-damage|p2a: Hatterene|21/100
|move|p2a: Hatterene|Draining Kiss|p1a: Heatran
|-damage|p1a: Heatran|22/100
|-heal|p2a: Hatterene|40/100|[from] drain|[of] p1a: Heatran
|
|-heal|p1a: Heatran|28/100|[from] Grassy Terrain
|-heal|p1a: Heatran|34/100|[from] item: Leftovers
|-heal|p2a: Hatterene|46/100|[from] Grassy Terrain
|-end|p2a: Hatterene|Magma Storm|[partiallytrapped]
|-fieldend|move: Grassy Terrain
|upkeep
|turn|17
|
|t:|1776061604
|move|p1a: Heatran|Protect|p1a: Heatran
|-singleturn|p1a: Heatran|Protect
|move|p2a: Hatterene|Draining Kiss|p1a: Heatran
|-activate|p1a: Heatran|move: Protect
|
|-heal|p1a: Heatran|40/100|[from] item: Leftovers
|upkeep
|turn|18
|
|t:|1776061609
|move|p1a: Heatran|Magma Storm|p2a: Hatterene
|-damage|p2a: Hatterene|16/100
|-activate|p2a: Hatterene|move: Magma Storm|[of] p1a: Heatran
|move|p2a: Hatterene|Draining Kiss|p1a: Heatran
|-damage|p1a: Heatran|19/100
|-heal|p2a: Hatterene|35/100|[from] drain|[of] p1a: Heatran
|
|-heal|p1a: Heatran|26/100|[from] item: Leftovers
|-damage|p2a: Hatterene|23/100|[from] move: Magma Storm|[partiallytrapped]
|upkeep
|turn|19
|
|t:|1776061612
|move|p1a: Heatran|Protect|p1a: Heatran
|-singleturn|p1a: Heatran|Protect
|move|p2a: Hatterene|Draining Kiss|p1a: Heatran
|-activate|p1a: Heatran|move: Protect
|
|-heal|p1a: Heatran|32/100|[from] item: Leftovers
|-damage|p2a: Hatterene|11/100|[from] move: Magma Storm|[partiallytrapped]
|upkeep
|turn|20
|
|t:|1776061614
|move|p1a: Heatran|Earth Power|p2a: Hatterene
|-damage|p2a: Hatterene|0 fnt
|faint|p2a: Hatterene
|
|-heal|p1a: Heatran|38/100|[from] item: Leftovers
|upkeep
|
|t:|1776061625
|switch|p2a: Great Tusk|Great Tusk|100/100
|-damage|p2a: Great Tusk|98/100|[from] Stealth Rock
|-enditem|p2a: Great Tusk|Booster Energy
|-activate|p2a: Great Tusk|ability: Protosynthesis|[fromitem]
|-start|p2a: Great Tusk|protosynthesisspe
|turn|21
|
|t:|1776061628
|switch|p1a: Gholdengo|Gholdengo|100/100
|move|p2a: Great Tusk|Ice Spinner|p1a: Gholdengo
|-resisted|p1a: Gholdengo
|-damage|p1a: Gholdengo|92/100
|
|upkeep
|turn|22
|
|t:|1776061631
|move|p2a: Great Tusk|Headlong Rush|p1a: Gholdengo
|-supereffective|p1a: Gholdengo
|-damage|p1a: Gholdengo|16/100
|-unboost|p2a: Great Tusk|def|1
|-unboost|p2a: Great Tusk|spd|1
|move|p1a: Gholdengo|Make It Rain|p2a: Great Tusk
|-damage|p2a: Great Tusk|0 fnt
|-unboost|p1a: Gholdengo|spa|1
|faint|p2a: Great Tusk
|-end|p2a: Great Tusk|Protosynthesis|[silent]
|
|upkeep
|
|t:|1776061636
|switch|p2a: Rillaboom|Rillaboom, F|64/100
|-damage|p2a: Rillaboom|52/100|[from] Stealth Rock
|-fieldstart|move: Grassy Terrain|[from] ability: Grassy Surge|[of] p2a: Rillaboom
|turn|23
|
|t:|1776061641
|switch|p1a: Great Tusk|Great Tusk|100/100
|move|p2a: Rillaboom|Grassy Glide|p1a: Great Tusk
|-supereffective|p1a: Great Tusk
|-damage|p1a: Great Tusk|39/100
|
|-heal|p1a: Great Tusk|45/100|[from] Grassy Terrain
|-heal|p2a: Rillaboom|58/100|[from] Grassy Terrain
|upkeep
|turn|24
|
|t:|1776061646
|move|p2a: Rillaboom|Grassy Glide|p1a: Great Tusk
|-supereffective|p1a: Great Tusk
|-damage|p1a: Great Tusk|0 fnt
|faint|p1a: Great Tusk
|-end|p1a: Great Tusk|Protosynthesis|[silent]
|
|-heal|p2a: Rillaboom|64/100|[from] Grassy Terrain
|upkeep
|
|t:|1776061648
|switch|p1a: Rillaboom|Rillaboom, F|100/100
|turn|25
|
|t:|1776061652
|move|p1a: Rillaboom|U-turn|p2a: Rillaboom
|-supereffective|p2a: Rillaboom
|-damage|p2a: Rillaboom|19/100
|
|t:|1776061655
|switch|p1a: Ogerpon|Ogerpon-Wellspring, F|100/100|[from] U-turn
|move|p2a: Rillaboom|U-turn|p1a: Ogerpon
|-supereffective|p1a: Ogerpon
|-damage|p1a: Ogerpon|31/100
|
|t:|1776061661
|switch|p2a: Gogoat|Gogoat, F|92/100|[from] U-turn
|-damage|p2a: Gogoat|79/100|[from] Stealth Rock
|
|-heal|p1a: Ogerpon|37/100|[from] Grassy Terrain
|-heal|p2a: Gogoat|86/100|[from] Grassy Terrain
|upkeep
|turn|26
|
|t:|1776061667
|move|p1a: Ogerpon|Ivy Cudgel|p2a: Gogoat|[anim] Ivy Cudgel Water
|-resisted|p2a: Gogoat
|-damage|p2a: Gogoat|72/100
|move|p2a: Gogoat|Substitute|p2a: Gogoat
|-start|p2a: Gogoat|Substitute
|-damage|p2a: Gogoat|47/100
|
|-heal|p1a: Ogerpon|43/100|[from] Grassy Terrain
|-heal|p2a: Gogoat|53/100|[from] Grassy Terrain
|upkeep
|turn|27
|
|t:|1776061672
|move|p1a: Ogerpon|Encore|p2a: Gogoat
|-start|p2a: Gogoat|Encore
|move|p2a: Gogoat|Substitute|p2a: Gogoat
|-fail|p2a: Gogoat|move: Substitute
|
|-heal|p1a: Ogerpon|49/100|[from] Grassy Terrain
|-heal|p2a: Gogoat|59/100|[from] Grassy Terrain
|upkeep
|turn|28
|
|t:|1776061674
|move|p1a: Ogerpon|Swords Dance|p1a: Ogerpon
|-boost|p1a: Ogerpon|atk|2
|move|p2a: Gogoat|Substitute|p2a: Gogoat
|-fail|p2a: Gogoat|move: Substitute
|
|-heal|p1a: Ogerpon|55/100|[from] Grassy Terrain
|-heal|p2a: Gogoat|65/100|[from] Grassy Terrain
|upkeep
|turn|29
|
|t:|1776061675
|move|p1a: Ogerpon|Swords Dance|p1a: Ogerpon
|-boost|p1a: Ogerpon|atk|2
|move|p2a: Gogoat|Substitute|p2a: Gogoat
|-fail|p2a: Gogoat|move: Substitute
|
|-heal|p1a: Ogerpon|61/100|[from] Grassy Terrain
|-heal|p2a: Gogoat|72/100|[from] Grassy Terrain
|-end|p2a: Gogoat|Encore
|upkeep
|turn|30
|
|t:|1776061677
|move|p1a: Ogerpon|Encore|p2a: Gogoat
|-start|p2a: Gogoat|Encore
|move|p2a: Gogoat|Substitute|p2a: Gogoat
|-fail|p2a: Gogoat|move: Substitute
|
|-heal|p1a: Ogerpon|67/100|[from] Grassy Terrain
|-heal|p2a: Gogoat|78/100|[from] Grassy Terrain
|-fieldend|move: Grassy Terrain
|upkeep
|turn|31
|
|t:|1776061689
|move|p1a: Ogerpon|Ivy Cudgel|p2a: Gogoat|[anim] Ivy Cudgel Water
|-resisted|p2a: Gogoat
|-crit|p2a: Gogoat
|-end|p2a: Gogoat|Substitute
|move|p2a: Gogoat|Substitute|p2a: Gogoat
|-start|p2a: Gogoat|Substitute
|-damage|p2a: Gogoat|53/100
|
|upkeep
|turn|32
|
|t:|1776061692
|move|p1a: Ogerpon|Ivy Cudgel|p2a: Gogoat|[anim] Ivy Cudgel Water
|-resisted|p2a: Gogoat
|-end|p2a: Gogoat|Substitute
|move|p2a: Gogoat|Substitute|p2a: Gogoat
|-start|p2a: Gogoat|Substitute
|-damage|p2a: Gogoat|28/100
|
|-end|p2a: Gogoat|Encore
|upkeep
|turn|33
|
|t:|1776061696
|move|p1a: Ogerpon|Encore|p2a: Gogoat
|-start|p2a: Gogoat|Encore
|move|p2a: Gogoat|Substitute|p2a: Gogoat
|-fail|p2a: Gogoat|move: Substitute
|
|upkeep
|turn|34
|
|t:|1776061697
|move|p1a: Ogerpon|Ivy Cudgel|p2a: Gogoat|[anim] Ivy Cudgel Water
|-resisted|p2a: Gogoat
|-end|p2a: Gogoat|Substitute
|move|p2a: Gogoat|Substitute|p2a: Gogoat
|-start|p2a: Gogoat|Substitute
|-damage|p2a: Gogoat|3/100
|
|upkeep
|turn|35
|
|t:|1776061700
|move|p1a: Ogerpon|Ivy Cudgel|p2a: Gogoat|[anim] Ivy Cudgel Water
|-resisted|p2a: Gogoat
|-end|p2a: Gogoat|Substitute
|move|p2a: Gogoat|Substitute|p2a: Gogoat
|-fail|p2a: Gogoat|move: Substitute|[weak]
|
|-end|p2a: Gogoat|Encore
|upkeep
|turn|36
|
|t:|1776061702
|move|p1a: Ogerpon|Trailblaze|p2a: Gogoat
|-resisted|p2a: Gogoat
|-damage|p2a: Gogoat|0 fnt
|-boost|p1a: Ogerpon|spe|1
|faint|p2a: Gogoat
|
|upkeep
|
|t:|1776061704
|switch|p2a: Rillaboom|Rillaboom, F|19/100
|-damage|p2a: Rillaboom|7/100|[from] Stealth Rock
|-fieldstart|move: Grassy Terrain|[from] ability: Grassy Surge|[of] p2a: Rillaboom
|turn|37
|
|t:|1776061707
|move|p2a: Rillaboom|Grassy Glide|p1a: Ogerpon
|-damage|p1a: Ogerpon|11/100
|move|p1a: Ogerpon|Trailblaze|p2a: Rillaboom
|-resisted|p2a: Rillaboom
|-damage|p2a: Rillaboom|0 fnt
|-boost|p1a: Ogerpon|spe|1
|faint|p2a: Rillaboom
|
|-heal|p1a: Ogerpon|17/100|[from] Grassy Terrain
|upkeep
|
|t:|1776061712
|switch|p2a: Raging Bolt|Raging Bolt|100/100
|-damage|p2a: Raging Bolt|88/100|[from] Stealth Rock
|turn|38
|
|t:|1776061713
|move|p2a: Raging Bolt|Thunderclap||[still]
|-fail|p2a: Raging Bolt
|move|p1a: Ogerpon|Encore|p2a: Raging Bolt
|-start|p2a: Raging Bolt|Encore
|
|-heal|p1a: Ogerpon|23/100|[from] Grassy Terrain
|-heal|p2a: Raging Bolt|94/100|[from] Grassy Terrain
|-heal|p2a: Raging Bolt|100/100|[from] item: Leftovers
|upkeep
|turn|39
|-message|Malexrocks forfeited.
|
|win|m4debyjoak0
|raw|m4debyjoak0's rating: 1351 &rarr; <strong>1371</strong><br />(+20 for winning)
|raw|Malexrocks's rating: 1343 &rarr; <strong>1323</strong><br />(-20 for losing)
|l|☆Malexrocks
|player|p2|
|l|☆m4debyjoak0
|player|p1|
|j|☆m4debyjoak0
|player|p1|m4debyjoak0|roxie|
|l|☆m4debyjoak0
|player|p1|
