|html|<div class="broadcast-blue"><strong>[Gen 9] OU is currently suspecting Tera Blast! For information on how to participate check out the <a href="https://www.smogon.com/tools/suspects/view/200">suspect thread</a>.</strong></div>
|j|☆tentacrool
|j|☆YapYapYapYapYapYap
|t:|1776033696
|gametype|singles
|player|p1|tentacrool|giovanni|1577
|player|p2|YapYapYapYapYapYap|caitlin|1566
|gen|9
|tier|[Gen 9] OU
|rated|
|rule|HP Percentage Mod: HP is shown in percentages
|rule|Endless Battle Clause: Forcing endless battles is banned
|rule|Species Clause: Limit one of each Pokémon
|rule|OHKO Clause: OHKO moves are banned
|rule|Evasion Items Clause: Evasion items are banned
|rule|Evasion Moves Clause: Evasion moves are banned
|rule|Evasion Abilities Clause: Evasion abilities are banned
|rule|Sleep Moves Clause: Sleep-inducing moves are banned
|clearpoke
|poke|p1|Skarmory, F|
|poke|p1|Gliscor, M|
|poke|p1|Slowking-Galar, M|
|poke|p1|Primarina, F|
|poke|p1|Skeledirge, F|
|poke|p1|Iron Hands|
|poke|p2|Iron Moth|
|poke|p2|Gliscor, F|
|poke|p2|Hatterene, F|
|poke|p2|Ogerpon-Wellspring, F|
|poke|p2|Raging Bolt|
|poke|p2|Zamazenta-*|
|teampreview
|
|t:|1776033743
|teamsize|p1|6
|teamsize|p2|6
|start
|switch|p1a: Slowking|Slowking-Galar, M|100/100
|switch|p2a: Zamazenta|Zamazenta|100/100
|-ability|p2a: Zamazenta|Dauntless Shield|boost
|-boost|p2a: Zamazenta|def|1
|turn|1
|
|t:|1776033755
|move|p2a: Zamazenta|Light Screen|p2a: Zamazenta
|-sidestart|p2: YapYapYapYapYapYap|move: Light Screen
|move|p1a: Slowking|Future Sight|p2a: Zamazenta
|-start|p1a: Slowking|move: Future Sight
|
|upkeep
|turn|2
|
|t:|1776033764
|move|p2a: Zamazenta|Reflect|p2a: Zamazenta
|-sidestart|p2: YapYapYapYapYapYap|Reflect
|move|p1a: Slowking|Sludge Bomb|p2a: Zamazenta
|-damage|p2a: Zamazenta|83/100
|
|upkeep
|turn|3
|
|t:|1776033771
|switch|p2a: Hatterene|Hatterene, F|100/100
|move|p1a: Slowking|Sludge Bomb|p2a: Hatterene
|-supereffective|p2a: Hatterene
|-damage|p2a: Hatterene|56/100
|
|-end|p2a: Hatterene|move: Future Sight
|-resisted|p2a: Hatterene
|-damage|p2a: Hatterene|40/100
|-heal|p2a: Hatterene|46/100|[from] item: Leftovers
|upkeep
|turn|4
|
|t:|1776033781
|move|p1a: Slowking|Sludge Bomb|p2a: Hatterene
|-supereffective|p2a: Hatterene
|-damage|p2a: Hatterene|0 fnt
|faint|p2a: Hatterene
|
|upkeep
|
|t:|1776033785
|switch|p2a: Ogerpon|Ogerpon-Wellspring, F|100/100
|turn|5
|
|t:|1776033790
|move|p2a: Ogerpon|Swords Dance|p2a: Ogerpon
|-boost|p2a: Ogerpon|atk|2
|move|p1a: Slowking|Sludge Bomb|p2a: Ogerpon
|-supereffective|p2a: Ogerpon
|-damage|p2a: Ogerpon|46/100
|
|upkeep
|turn|6
|
|t:|1776033799
|move|p2a: Ogerpon|Ivy Cudgel|p1a: Slowking|[anim] Ivy Cudgel Water
|-damage|p1a: Slowking|0 fnt
|faint|p1a: Slowking
|
|upkeep
|
|t:|1776033811
|switch|p1a: Iron Hands|Iron Hands|100/100
|turn|7
|
|t:|1776033819
|-terastallize|p2a: Ogerpon|Water
|detailschange|p2a: Ogerpon|Ogerpon-Wellspring-Tera, F, tera:Water
|-ability|p2a: Ogerpon|Embody Aspect (Wellspring)|boost
|-boost|p2a: Ogerpon|spd|1
|move|p1a: Iron Hands|Fake Out|p2a: Ogerpon
|-damage|p2a: Ogerpon|36/100
|cant|p2a: Ogerpon|flinch
|
|upkeep
|turn|8
|
|t:|1776033828
|move|p2a: Ogerpon|Ivy Cudgel|p1a: Iron Hands|[anim] Ivy Cudgel Water
|-damage|p1a: Iron Hands|0 fnt
|faint|p1a: Iron Hands
|-end|p1a: Iron Hands|Quark Drive|[silent]
|
|-sideend|p2: YapYapYapYapYapYap|move: Light Screen
|upkeep
|
|t:|1776033833
|switch|p1a: Skarmory|Skarmory, F|100/100
|turn|9
|
|t:|1776033839
|move|p2a: Ogerpon|Ivy Cudgel|p1a: Skarmory|[anim] Ivy Cudgel Water
|-damage|p1a: Skarmory|8/100
|move|p1a: Skarmory|Whirlwind|p2a: Ogerpon
|drag|p2a: Iron Moth|Iron Moth|100/100
|-enditem|p2a: Iron Moth|Booster Energy
|-activate|p2a: Iron Moth|ability: Quark Drive|[fromitem]
|-start|p2a: Iron Moth|quarkdrivespe
|
|-heal|p1a: Skarmory|14/100|[from] item: Leftovers
|-sideend|p2: YapYapYapYapYapYap|Reflect
|upkeep
|turn|10
|
|t:|1776033846
|move|p2a: Iron Moth|Fiery Dance|p1a: Skarmory
|-supereffective|p1a: Skarmory
|-damage|p1a: Skarmory|0 fnt
|-boost|p2a: Iron Moth|spa|1
|faint|p1a: Skarmory
|
|upkeep
|
|t:|1776033849
|switch|p1a: Gliscor|Gliscor, M|100/100
|turn|11
|
|t:|1776033855
|move|p2a: Iron Moth|Toxic Spikes|p1a: Gliscor
|-sidestart|p1: tentacrool|move: Toxic Spikes
|move|p1a: Gliscor|Knock Off|p2a: Iron Moth
|-damage|p2a: Iron Moth|79/100
|
|-status|p1a: Gliscor|tox|[from] item: Toxic Orb
|upkeep
|turn|12
|
|t:|1776033859
|move|p2a: Iron Moth|Fiery Dance|p1a: Gliscor
|-damage|p1a: Gliscor|52/100 tox
|-boost|p2a: Iron Moth|spa|1
|move|p1a: Gliscor|Earthquake|p2a: Iron Moth
|-supereffective|p2a: Iron Moth
|-damage|p2a: Iron Moth|0 fnt
|faint|p2a: Iron Moth
|-end|p2a: Iron Moth|Quark Drive|[silent]
|
|-heal|p1a: Gliscor|64/100 tox|[from] ability: Poison Heal
|upkeep
|
|t:|1776033866
|switch|p2a: Zamazenta|Zamazenta|83/100
|turn|13
|
|t:|1776033870
|move|p2a: Zamazenta|Ice Fang|p1a: Gliscor
|-supereffective|p1a: Gliscor
|-damage|p1a: Gliscor|2/100 tox
|move|p1a: Gliscor|Toxic|p2a: Zamazenta|[miss]
|-miss|p1a: Gliscor|p2a: Zamazenta
|
|-heal|p1a: Gliscor|14/100 tox|[from] ability: Poison Heal
|upkeep
|turn|14
|
|t:|1776033877
|move|p2a: Zamazenta|Light Screen|p2a: Zamazenta
|-sidestart|p2: YapYapYapYapYapYap|move: Light Screen
|move|p1a: Gliscor|Toxic|p2a: Zamazenta
|-status|p2a: Zamazenta|tox
|
|-damage|p2a: Zamazenta|77/100 tox|[from] psn
|-heal|p1a: Gliscor|27/100 tox|[from] ability: Poison Heal
|upkeep
|turn|15
|
|t:|1776033882
|move|p1a: Gliscor|Protect|p1a: Gliscor
|-singleturn|p1a: Gliscor|Protect
|move|p2a: Zamazenta|Reflect|p2a: Zamazenta
|-sidestart|p2: YapYapYapYapYapYap|Reflect
|
|-damage|p2a: Zamazenta|65/100 tox|[from] psn
|-heal|p1a: Gliscor|39/100 tox|[from] ability: Poison Heal
|upkeep
|turn|16
|
|t:|1776033885
|move|p1a: Gliscor|Protect|p1a: Gliscor
|-singleturn|p1a: Gliscor|Protect
|move|p2a: Zamazenta|Ice Fang|p1a: Gliscor
|-activate|p1a: Gliscor|move: Protect
|
|-damage|p2a: Zamazenta|46/100 tox|[from] psn
|-heal|p1a: Gliscor|52/100 tox|[from] ability: Poison Heal
|upkeep
|turn|17
|
|t:|1776033889
|switch|p2a: Gliscor|Gliscor, F|100/100
|switch|p1a: Primarina|Primarina, F|100/100
|
|-status|p2a: Gliscor|tox|[from] item: Toxic Orb
|upkeep
|turn|18
|
|t:|1776033897
|move|p2a: Gliscor|Swords Dance|p2a: Gliscor
|-boost|p2a: Gliscor|atk|2
|move|p1a: Primarina|Moonblast|p2a: Gliscor
|-damage|p2a: Gliscor|68/100 tox
|
|-heal|p2a: Gliscor|80/100 tox|[from] ability: Poison Heal
|upkeep
|turn|19
|
|t:|1776033902
|move|p2a: Gliscor|Facade|p1a: Primarina
|-damage|p1a: Primarina|0 fnt
|faint|p1a: Primarina
|
|-heal|p2a: Gliscor|93/100 tox|[from] ability: Poison Heal
|upkeep
|
|t:|1776033906
|switch|p1a: Skeledirge|Skeledirge, F|100/100
|turn|20
|
|t:|1776033910
|-terastallize|p1a: Skeledirge|Fairy
|move|p2a: Gliscor|Earthquake|p1a: Skeledirge
|-damage|p1a: Skeledirge|64/100
|move|p1a: Skeledirge|Torch Song|p2a: Gliscor
|-damage|p2a: Gliscor|73/100 tox
|-boost|p1a: Skeledirge|spa|1
|
|-heal|p2a: Gliscor|85/100 tox|[from] ability: Poison Heal
|upkeep
|turn|21
|
|t:|1776033927
|move|p2a: Gliscor|Earthquake|p1a: Skeledirge
|-damage|p1a: Skeledirge|28/100
|move|p1a: Skeledirge|Slack Off|p1a: Skeledirge
|-heal|p1a: Skeledirge|78/100
|
|-heal|p2a: Gliscor|98/100 tox|[from] ability: Poison Heal
|-sideend|p2: YapYapYapYapYapYap|move: Light Screen
|upkeep
|turn|22
|
|t:|1776033936
|switch|p2a: Raging Bolt|Raging Bolt|100/100
|-enditem|p2a: Raging Bolt|Booster Energy
|-activate|p2a: Raging Bolt|ability: Protosynthesis|[fromitem]
|-start|p2a: Raging Bolt|protosynthesisspa
|move|p1a: Skeledirge|Torch Song|p2a: Raging Bolt
|-resisted|p2a: Raging Bolt
|-crit|p2a: Raging Bolt
|-damage|p2a: Raging Bolt|67/100
|-boost|p1a: Skeledirge|spa|1
|
|-sideend|p2: YapYapYapYapYapYap|Reflect
|upkeep
|turn|23
|
|t:|1776033946
|move|p2a: Raging Bolt|Calm Mind|p2a: Raging Bolt
|-boost|p2a: Raging Bolt|spa|1
|-boost|p2a: Raging Bolt|spd|1
|move|p1a: Skeledirge|Slack Off|p1a: Skeledirge
|-heal|p1a: Skeledirge|100/100
|
|upkeep
|turn|24
|
|t:|1776033951
|move|p2a: Raging Bolt|Thunderbolt|p1a: Skeledirge
|-damage|p1a: Skeledirge|54/100
|move|p1a: Skeledirge|Torch Song|p2a: Raging Bolt
|-resisted|p2a: Raging Bolt
|-damage|p2a: Raging Bolt|36/100
|-boost|p1a: Skeledirge|spa|1
|
|upkeep
|turn|25
|
|t:|1776033965
|move|p2a: Raging Bolt|Thunderbolt|p1a: Skeledirge
|-damage|p1a: Skeledirge|0 fnt
|faint|p1a: Skeledirge
|
|upkeep
|
|t:|1776033970
|switch|p1a: Gliscor|Gliscor, M|52/100 tox
|turn|26
|c|☆tentacrool|thats so dumb lol
|-message|tentacrool forfeited.
|
|win|YapYapYapYapYapYap
|raw|tentacrool's rating: 1577 &rarr; <strong>1556</strong><br />(-21 for losing)
|raw|YapYapYapYapYapYap's rating: 1566 &rarr; <strong>1587</strong><br />(+21 for winning)
|l|☆tentacrool
|player|p1|
|c|☆YapYapYapYapYapYap|it was a super low rol
|c|☆YapYapYapYapYapYap|and then high
|l|☆YapYapYapYapYapYap
|player|p2|
