|html|<div class="broadcast-blue"><strong>[Gen 9] OU is currently suspecting Tera Blast! For information on how to participate check out the <a href="https://www.smogon.com/tools/suspects/view/200">suspect thread</a>.</strong></div>
|j|☆la5495
|j|☆KIngcrasher06
|t:|1776046716
|gametype|singles
|player|p1|la5495|ghetsis|1215
|player|p2|KIngcrasher06|steven|1261
|gen|9
|tier|[Gen 9] OU
|rated|
|rule|HP Percentage Mod: HP is shown in percentages
|rule|Endless Battle Clause: Forcing endless battles is banned
|rule|Species Clause: Limit one of each Pokémon
|rule|OHKO Clause: OHKO moves are banned
|rule|Evasion Items Clause: Evasion items are banned
|rule|Evasion Moves Clause: Evasion moves are banned
|rule|Evasion Abilities Clause: Evasion abilities are banned
|rule|Sleep Moves Clause: Sleep-inducing moves are banned
|clearpoke
|poke|p1|Darkrai|
|poke|p1|Enamorus, F|
|poke|p1|Pecharunt|
|poke|p1|Tyranitar, F|
|poke|p1|Minior-Violet|
|poke|p1|Excadrill, M|
|poke|p2|Iron Valiant|
|poke|p2|Great Tusk|
|poke|p2|Dragonite, M|
|poke|p2|Deoxys-Speed|
|poke|p2|Glimmora, F|
|poke|p2|Kingambit, F|
|teampreview
|inactive|Battle timer is ON: inactive players will automatically lose when time's up. (requested by KIngcrasher06)
|inactive|la5495 also wants the timer to be on.
|inactive|la5495 has 120 seconds left.
|inactive|KIngcrasher06 has 120 seconds left.
|
|t:|1776046747
|teamsize|p1|6
|teamsize|p2|6
|start
|switch|p1a: Pecharunt|Pecharunt|100/100
|switch|p2a: Glimmora|Glimmora, F|100/100
|turn|1
|
|t:|1776046758
|move|p2a: Glimmora|Meteor Beam||[still]
|-prepare|p2a: Glimmora|Meteor Beam
|-boost|p2a: Glimmora|spa|1
|-enditem|p2a: Glimmora|Power Herb
|-anim|p2a: Glimmora|Meteor Beam|p1a: Pecharunt
|-damage|p1a: Pecharunt|7/100
|move|p1a: Pecharunt|Parting Shot|p2a: Glimmora
|-unboost|p2a: Glimmora|atk|1
|-unboost|p2a: Glimmora|spa|1
|inactive|la5495 has 120 seconds left.
|
|t:|1776046789
|switch|p1a: Tyranitar|Tyranitar, F|100/100|[from] Parting Shot
|-weather|Sandstorm|[from] ability: Sand Stream|[of] p1a: Tyranitar
|
|-weather|Sandstorm|[upkeep]
|upkeep
|turn|2
|inactive|la5495 has 120 seconds left.
|
|t:|1776046797
|move|p2a: Glimmora|Stealth Rock|p1a: Tyranitar
|-sidestart|p1: la5495|move: Stealth Rock
|move|p1a: Tyranitar|Stealth Rock|p2a: Glimmora
|-sidestart|p2: KIngcrasher06|move: Stealth Rock
|
|-weather|Sandstorm|[upkeep]
|upkeep
|turn|3
|
|t:|1776046801
|switch|p1a: Excadrill|Excadrill, M|100/100
|-damage|p1a: Excadrill|97/100|[from] Stealth Rock
|-item|p1a: Excadrill|Air Balloon
|move|p2a: Glimmora|Mortal Spin|p1a: Excadrill
|-immune|p1a: Excadrill
|
|-weather|Sandstorm|[upkeep]
|upkeep
|turn|4
|
|t:|1776046817
|switch|p2a: Iron Valiant|Iron Valiant|100/100
|-damage|p2a: Iron Valiant|94/100|[from] Stealth Rock
|-enditem|p2a: Iron Valiant|Booster Energy
|-activate|p2a: Iron Valiant|ability: Quark Drive|[fromitem]
|-start|p2a: Iron Valiant|quarkdrivespe
|move|p1a: Excadrill|Rapid Spin|p2a: Iron Valiant
|-damage|p2a: Iron Valiant|69/100
|-boost|p1a: Excadrill|spe|1
|-sideend|p1: la5495|Stealth Rock|[from] move: Rapid Spin|[of] p1a: Excadrill
|
|-weather|Sandstorm|[upkeep]
|-damage|p2a: Iron Valiant|63/100|[from] Sandstorm
|upkeep
|turn|5
|
|t:|1776046823
|move|p1a: Excadrill|Iron Head|p2a: Iron Valiant
|-supereffective|p2a: Iron Valiant
|-damage|p2a: Iron Valiant|0 fnt
|faint|p2a: Iron Valiant
|-end|p2a: Iron Valiant|Quark Drive|[silent]
|
|-weather|none
|upkeep
|
|t:|1776046831
|switch|p2a: Deoxys|Deoxys-Speed|100/100
|-damage|p2a: Deoxys|88/100|[from] Stealth Rock
|-ability|p2a: Deoxys|Pressure
|turn|6
|
|t:|1776046845
|switch|p2a: Great Tusk|Great Tusk|100/100
|-damage|p2a: Great Tusk|97/100|[from] Stealth Rock
|-enditem|p2a: Great Tusk|Booster Energy
|-activate|p2a: Great Tusk|ability: Protosynthesis|[fromitem]
|-start|p2a: Great Tusk|protosynthesisspe
|switch|p1a: Pecharunt|Pecharunt|7/100
|
|upkeep
|turn|7
|
|t:|1776046863
|switch|p1a: Enamorus|Enamorus, F|100/100
|move|p2a: Great Tusk|Head Smash|p1a: Enamorus
|-supereffective|p1a: Enamorus
|-damage|p1a: Enamorus|0 fnt
|faint|p1a: Enamorus
|-damage|p2a: Great Tusk|64/100|[from] Recoil
|
|upkeep
|inactive|la5495 has 120 seconds left.
|
|t:|1776046890
|switch|p1a: Tyranitar|Tyranitar, F|100/100
|-weather|Sandstorm|[from] ability: Sand Stream|[of] p1a: Tyranitar
|turn|8
|
|t:|1776046897
|switch|p1a: Pecharunt|Pecharunt|7/100
|move|p2a: Great Tusk|Head Smash|p1a: Pecharunt
|-damage|p1a: Pecharunt|0 fnt
|-damage|p2a: Great Tusk|47/100|[from] item: Rocky Helmet|[of] p1a: Pecharunt
|faint|p1a: Pecharunt
|-damage|p2a: Great Tusk|45/100|[from] Recoil
|
|-weather|Sandstorm|[upkeep]
|upkeep
|inactive|la5495 has 120 seconds left.
|
|t:|1776046911
|switch|p1a: Excadrill|Excadrill, M|97/100
|-item|p1a: Excadrill|Air Balloon
|turn|9
|
|t:|1776046935
|-end|p2a: Great Tusk|Protosynthesis|[silent]
|switch|p2a: Deoxys|Deoxys-Speed|88/100
|-damage|p2a: Deoxys|76/100|[from] Stealth Rock
|-ability|p2a: Deoxys|Pressure
|move|p1a: Excadrill|Earthquake|p2a: Deoxys
|-damage|p2a: Deoxys|12/100
|
|-weather|Sandstorm|[upkeep]
|-damage|p2a: Deoxys|6/100|[from] Sandstorm
|upkeep
|turn|10
|
|t:|1776046942
|move|p1a: Excadrill|Rapid Spin|p2a: Deoxys
|-damage|p2a: Deoxys|0 fnt
|-boost|p1a: Excadrill|spe|1
|faint|p2a: Deoxys
|
|-weather|Sandstorm|[upkeep]
|upkeep
|
|t:|1776046948
|switch|p2a: Kingambit|Kingambit, F|100/100
|-damage|p2a: Kingambit|94/100|[from] Stealth Rock
|-activate|p2a: Kingambit|ability: Supreme Overlord
|-start|p2a: Kingambit|fallen2|[silent]
|turn|11
|
|t:|1776046955
|-end|p2a: Kingambit|fallen2|[silent]
|switch|p2a: Dragonite|Dragonite, M|100/100
|-damage|p2a: Dragonite|76/100|[from] Stealth Rock
|move|p1a: Excadrill|Earthquake|p2a: Dragonite
|-immune|p2a: Dragonite
|
|-weather|Sandstorm|[upkeep]
|-damage|p2a: Dragonite|70/100|[from] Sandstorm
|-heal|p2a: Dragonite|76/100|[from] item: Leftovers
|upkeep
|turn|12
|
|t:|1776046972
|-terastallize|p2a: Dragonite|Flying
|move|p1a: Excadrill|Iron Head|p2a: Dragonite
|-damage|p2a: Dragonite|29/100
|move|p2a: Dragonite|Tera Blast|p1a: Excadrill|[anim] Tera Blast Flying
|-resisted|p1a: Excadrill
|-damage|p1a: Excadrill|58/100
|-enditem|p1a: Excadrill|Air Balloon
|
|-weather|none
|-heal|p2a: Dragonite|35/100|[from] item: Leftovers
|upkeep
|turn|13
|
|t:|1776046987
|move|p1a: Excadrill|Iron Head|p2a: Dragonite
|-damage|p2a: Dragonite|0 fnt
|faint|p2a: Dragonite
|
|upkeep
|
|t:|1776046991
|switch|p2a: Great Tusk|Great Tusk|45/100
|-damage|p2a: Great Tusk|42/100|[from] Stealth Rock
|turn|14
|
|t:|1776046997
|move|p1a: Excadrill|Earthquake|p2a: Great Tusk
|-damage|p2a: Great Tusk|6/100
|move|p2a: Great Tusk|Headlong Rush|p1a: Excadrill
|-supereffective|p1a: Excadrill
|-damage|p1a: Excadrill|0 fnt
|-unboost|p2a: Great Tusk|def|1
|-unboost|p2a: Great Tusk|spd|1
|faint|p1a: Excadrill
|
|upkeep
|
|t:|1776047021
|switch|p1a: Darkrai|Darkrai|100/100
|turn|15
|
|t:|1776047029
|move|p1a: Darkrai|Sucker Punch|p2a: Great Tusk
|-resisted|p2a: Great Tusk
|-damage|p2a: Great Tusk|0 fnt
|faint|p2a: Great Tusk
|-end|p2a: Great Tusk|Protosynthesis|[silent]
|
|upkeep
|
|t:|1776047034
|switch|p2a: Glimmora|Glimmora, F|100/100
|-damage|p2a: Glimmora|88/100|[from] Stealth Rock
|turn|16
|
|t:|1776047043
|switch|p1a: Tyranitar|Tyranitar, F|100/100
|-weather|Sandstorm|[from] ability: Sand Stream|[of] p1a: Tyranitar
|move|p2a: Glimmora|Mortal Spin|p1a: Tyranitar
|-resisted|p1a: Tyranitar
|-damage|p1a: Tyranitar|98/100
|-status|p1a: Tyranitar|psn
|-sideend|p2: KIngcrasher06|Stealth Rock|[from] move: Mortal Spin|[of] p2a: Glimmora
|
|-weather|Sandstorm|[upkeep]
|-heal|p1a: Tyranitar|100/100 psn|[from] item: Leftovers
|-damage|p1a: Tyranitar|88/100 psn|[from] psn
|upkeep
|turn|17
|
|t:|1776047063
|move|p2a: Glimmora|Earth Power|p1a: Tyranitar
|-supereffective|p1a: Tyranitar
|-damage|p1a: Tyranitar|57/100 psn
|move|p1a: Tyranitar|Stealth Rock|p2a: Glimmora
|-sidestart|p2: KIngcrasher06|move: Stealth Rock
|
|-weather|Sandstorm|[upkeep]
|-heal|p1a: Tyranitar|63/100 psn|[from] item: Leftovers
|-damage|p1a: Tyranitar|51/100 psn|[from] psn
|upkeep
|turn|18
|
|t:|1776047074
|switch|p1a: 紫色有韵味|Minior-Violet|100/100
|-formechange|p1a: 紫色有韵味|Minior-Meteor||[from] ability: Shields Down
|move|p2a: Glimmora|Earth Power|p1a: 紫色有韵味
|-immune|p1a: 紫色有韵味
|
|-weather|Sandstorm|[upkeep]
|upkeep
|turn|19
|
|t:|1776047080
|move|p2a: Glimmora|Meteor Beam||[still]
|-prepare|p2a: Glimmora|Meteor Beam
|-boost|p2a: Glimmora|spa|1
|move|p1a: 紫色有韵味|Shell Smash|p1a: 紫色有韵味
|-unboost|p1a: 紫色有韵味|def|1
|-unboost|p1a: 紫色有韵味|spd|1
|-boost|p1a: 紫色有韵味|atk|2
|-boost|p1a: 紫色有韵味|spa|2
|-boost|p1a: 紫色有韵味|spe|2
|-enditem|p1a: 紫色有韵味|White Herb
|-clearnegativeboost|p1a: 紫色有韵味|[silent]
|
|-weather|Sandstorm|[upkeep]
|upkeep
|turn|20
|
|t:|1776047091
|move|p1a: 紫色有韵味|Earth Power|p2a: Glimmora
|-supereffective|p2a: Glimmora
|-damage|p2a: Glimmora|0 fnt
|faint|p2a: Glimmora
|
|-weather|none
|upkeep
|
|t:|1776047094
|switch|p2a: Kingambit|Kingambit, F|94/100
|-damage|p2a: Kingambit|88/100|[from] Stealth Rock
|-activate|p2a: Kingambit|ability: Supreme Overlord
|-start|p2a: Kingambit|fallen5|[silent]
|turn|21
|
|t:|1776047121
|-terastallize|p1a: 紫色有韵味|Fairy
|move|p2a: Kingambit|Sucker Punch|p1a: 紫色有韵味
|-resisted|p1a: 紫色有韵味
|-damage|p1a: 紫色有韵味|60/100
|move|p1a: 紫色有韵味|Earth Power|p2a: Kingambit
|-supereffective|p2a: Kingambit
|-damage|p2a: Kingambit|0 fnt
|faint|p2a: Kingambit
|-end|p2a: Kingambit|fallen5|[silent]
|
|win|la5495
|raw|la5495's rating: 1215 &rarr; <strong>1243</strong><br />(+28 for winning)
|raw|KIngcrasher06's rating: 1261 &rarr; <strong>1233</strong><br />(-28 for losing)
|l|☆KIngcrasher06
|player|p2|
