|html|<div class="broadcast-blue"><strong>[Gen 9] OU is currently suspecting Tera Blast! For information on how to participate check out the <a href="https://www.smogon.com/tools/suspects/view/200">suspect thread</a>.</strong></div>
|j|☆ImZones
|j|☆seastnan
|t:|1776296104
|gametype|singles
|player|p1|ImZones|red|1160
|player|p2|seastnan|iris-gen5bw2|1127
|gen|9
|tier|[Gen 9] OU
|rated|
|rule|HP Percentage Mod: HP is shown in percentages
|rule|Endless Battle Clause: Forcing endless battles is banned
|rule|Species Clause: Limit one of each Pokémon
|rule|OHKO Clause: OHKO moves are banned
|rule|Evasion Items Clause: Evasion items are banned
|rule|Evasion Moves Clause: Evasion moves are banned
|rule|Evasion Abilities Clause: Evasion abilities are banned
|rule|Sleep Moves Clause: Sleep-inducing moves are banned
|clearpoke
|poke|p1|Dragapult, F|
|poke|p1|Alomomola, F|
|poke|p1|Ting-Lu|
|poke|p1|Kyurem|
|poke|p1|Weezing-Galar, F|
|poke|p1|Corviknight, F|
|poke|p2|Meloetta|
|poke|p2|Grimmsnarl, M|
|poke|p2|Iron Valiant|
|poke|p2|Gholdengo|
|poke|p2|Kingambit, M|
|poke|p2|Iron Boulder|
|teampreview
|
|t:|1776296115
|teamsize|p1|6
|teamsize|p2|6
|start
|switch|p1a: Ting-Lu|Ting-Lu|100/100
|switch|p2a: Grimmsnarl|Grimmsnarl, M|100/100
|-ability|p1a: Ting-Lu|Vessel of Ruin
|turn|1
|
|t:|1776296142
|move|p2a: Grimmsnarl|Taunt|p1a: Ting-Lu
|-hint|Since gen 7, Dark is immune to Prankster moves.
|-immune|p1a: Ting-Lu
|move|p1a: Ting-Lu|Stealth Rock|p2a: Grimmsnarl
|-sidestart|p2: seastnan|move: Stealth Rock
|
|upkeep
|turn|2
|
|t:|1776296148
|move|p2a: Grimmsnarl|Reflect|p2a: Grimmsnarl
|-sidestart|p2: seastnan|Reflect
|move|p1a: Ting-Lu|Ruination|p2a: Grimmsnarl
|-damage|p2a: Grimmsnarl|50/100
|
|upkeep
|turn|3
|
|t:|1776296155
|switch|p1a: Corviknight|Corviknight, F|100/100
|-ability|p1a: Corviknight|Pressure
|move|p2a: Grimmsnarl|Light Screen|p2a: Grimmsnarl
|-sidestart|p2: seastnan|move: Light Screen
|
|upkeep
|turn|4
|
|t:|1776296163
|-terastallize|p1a: Corviknight|Ice
|move|p2a: Grimmsnarl|Taunt|p1a: Corviknight
|-start|p1a: Corviknight|move: Taunt
|move|p1a: Corviknight|Brave Bird|p2a: Grimmsnarl
|-damage|p2a: Grimmsnarl|28/100
|-damage|p1a: Corviknight|93/100|[from] Recoil
|
|-heal|p1a: Corviknight|99/100|[from] item: Leftovers
|upkeep
|turn|5
|
|t:|1776296173
|move|p2a: Grimmsnarl|Parting Shot|p1a: Corviknight
|-unboost|p1a: Corviknight|atk|1
|-unboost|p1a: Corviknight|spa|1
|
|t:|1776296183
|switch|p2a: Meloetta|Meloetta, shiny|100/100|[from] Parting Shot
|-damage|p2a: Meloetta|88/100|[from] Stealth Rock
|move|p1a: Corviknight|Brave Bird|p2a: Meloetta
|-damage|p2a: Meloetta|73/100
|-damage|p1a: Corviknight|95/100|[from] Recoil
|
|-heal|p1a: Corviknight|100/100|[from] item: Leftovers
|upkeep
|turn|6
|
|t:|1776296193
|move|p2a: Meloetta|Relic Song|p1a: Corviknight
|-damage|p1a: Corviknight|66/100
|-formechange|p2a: Meloetta|Meloetta-Pirouette|[msg]
|-damage|p2a: Meloetta|63/100|[from] item: Life Orb
|move|p1a: Corviknight|U-turn|p2a: Meloetta
|-resisted|p2a: Meloetta
|-damage|p2a: Meloetta|61/100
|
|t:|1776296201
|switch|p1a: Weezing|Weezing-Galar, F|100/100|[from] U-turn
|-ability|p1a: Weezing|Neutralizing Gas
|
|upkeep
|turn|7
|
|t:|1776296209
|move|p2a: Meloetta|Psyshock|p1a: Weezing
|-supereffective|p1a: Weezing
|-damage|p1a: Weezing|64/100
|-damage|p2a: Meloetta|51/100|[from] item: Life Orb
|move|p1a: Weezing|Toxic|p2a: Meloetta
|-status|p2a: Meloetta|tox
|
|-heal|p1a: Weezing|70/100|[from] item: Leftovers
|-damage|p2a: Meloetta|45/100 tox|[from] psn
|upkeep
|turn|8
|
|t:|1776296219
|move|p2a: Meloetta|Knock Off|p1a: Weezing
|-resisted|p1a: Weezing
|-damage|p1a: Weezing|57/100
|-enditem|p1a: Weezing|Leftovers|[from] move: Knock Off|[of] p2a: Meloetta
|-damage|p2a: Meloetta|35/100 tox|[from] item: Life Orb
|move|p1a: Weezing|Will-O-Wisp|p2a: Meloetta|[miss]
|-miss|p1a: Weezing|p2a: Meloetta
|
|-damage|p2a: Meloetta|22/100 tox|[from] psn
|upkeep
|turn|9
|
|t:|1776296232
|move|p1a: Weezing|Protect|p1a: Weezing
|-singleturn|p1a: Weezing|Protect
|move|p2a: Meloetta|Psyshock|p1a: Weezing
|-activate|p1a: Weezing|move: Protect
|
|-damage|p2a: Meloetta|4/100 tox|[from] psn
|-sideend|p2: seastnan|Reflect
|upkeep
|turn|10
|
|t:|1776296243
|move|p1a: Weezing|Protect||[still]
|-fail|p1a: Weezing
|move|p2a: Meloetta|Relic Song|p1a: Weezing
|-damage|p1a: Weezing|7/100
|-formechange|p2a: Meloetta|Meloetta|[msg]
|-damage|p2a: Meloetta|0 fnt|[from] item: Life Orb
|faint|p2a: Meloetta
|
|-sideend|p2: seastnan|move: Light Screen
|upkeep
|
|t:|1776296251
|switch|p2a: Grimmsnarl|Grimmsnarl, M|28/100
|-damage|p2a: Grimmsnarl|16/100|[from] Stealth Rock
|turn|11
|
|t:|1776296266
|move|p1a: Weezing|Toxic|p2a: Grimmsnarl
|-status|p2a: Grimmsnarl|tox
|move|p2a: Grimmsnarl|Light Screen|p2a: Grimmsnarl
|-sidestart|p2: seastnan|move: Light Screen
|
|-damage|p2a: Grimmsnarl|10/100 tox|[from] psn
|upkeep
|turn|12
|
|t:|1776296272
|move|p1a: Weezing|Will-O-Wisp|p2a: Grimmsnarl|[miss]
|-miss|p1a: Weezing|p2a: Grimmsnarl
|move|p2a: Grimmsnarl|Reflect|p2a: Grimmsnarl
|-sidestart|p2: seastnan|Reflect
|
|-damage|p2a: Grimmsnarl|0 fnt|[from] psn
|faint|p2a: Grimmsnarl
|upkeep
|
|t:|1776296283
|switch|p2a: Iron Boulder|Iron Boulder|100/100
|-damage|p2a: Iron Boulder|88/100|[from] Stealth Rock
|turn|13
|
|t:|1776296297
|move|p2a: Iron Boulder|Mighty Cleave|p1a: Weezing
|-damage|p1a: Weezing|0 fnt
|faint|p1a: Weezing
|-end|p1a: Weezing|ability: Neutralizing Gas
|-enditem|p2a: Iron Boulder|Booster Energy
|-activate|p2a: Iron Boulder|ability: Quark Drive|[fromitem]
|-start|p2a: Iron Boulder|quarkdrivespe
|
|upkeep
|
|t:|1776296304
|switch|p1a: Ting-Lu|Ting-Lu|100/100
|-ability|p1a: Ting-Lu|Vessel of Ruin
|turn|14
|
|t:|1776296308
|move|p2a: Iron Boulder|Swords Dance|p2a: Iron Boulder
|-boost|p2a: Iron Boulder|atk|2
|move|p1a: Ting-Lu|Earthquake|p2a: Iron Boulder
|-supereffective|p2a: Iron Boulder
|-crit|p2a: Iron Boulder
|-damage|p2a: Iron Boulder|0 fnt
|faint|p2a: Iron Boulder
|-end|p2a: Iron Boulder|Quark Drive|[silent]
|
|upkeep
|
|t:|1776296324
|switch|p2a: Iron Valiant|Iron Valiant|100/100
|-damage|p2a: Iron Valiant|94/100|[from] Stealth Rock
|-enditem|p2a: Iron Valiant|Booster Energy
|-activate|p2a: Iron Valiant|ability: Quark Drive|[fromitem]
|-start|p2a: Iron Valiant|quarkdrivespe
|turn|15
|
|t:|1776296340
|move|p2a: Iron Valiant|Calm Mind|p2a: Iron Valiant
|-boost|p2a: Iron Valiant|spa|1
|-boost|p2a: Iron Valiant|spd|1
|move|p1a: Ting-Lu|Ruination|p2a: Iron Valiant
|-damage|p2a: Iron Valiant|48/100
|
|upkeep
|turn|16
|
|t:|1776296348
|-terastallize|p2a: Iron Valiant|Fairy
|move|p2a: Iron Valiant|Moonblast|p1a: Ting-Lu
|-supereffective|p1a: Ting-Lu
|-damage|p1a: Ting-Lu|29/100
|move|p1a: Ting-Lu|Earthquake|p2a: Iron Valiant
|-damage|p2a: Iron Valiant|25/100
|
|-heal|p1a: Ting-Lu|35/100|[from] item: Leftovers
|upkeep
|turn|17
|
|t:|1776296356
|move|p2a: Iron Valiant|Moonblast|p1a: Ting-Lu
|-supereffective|p1a: Ting-Lu
|-damage|p1a: Ting-Lu|0 fnt
|faint|p1a: Ting-Lu
|
|upkeep
|
|t:|1776296360
|switch|p1a: Kyurem|Kyurem, shiny|100/100
|-ability|p1a: Kyurem|Pressure
|turn|18
|
|t:|1776296365
|move|p2a: Iron Valiant|Moonblast|p1a: Kyurem
|-supereffective|p1a: Kyurem
|-damage|p1a: Kyurem|0 fnt
|faint|p1a: Kyurem
|
|-sideend|p2: seastnan|move: Light Screen
|upkeep
|
|t:|1776296369
|switch|p1a: Corviknight|Corviknight, F, tera:Ice|66/100
|-ability|p1a: Corviknight|Pressure
|turn|19
|
|t:|1776296377
|move|p2a: Iron Valiant|Moonblast|p1a: Corviknight
|-damage|p1a: Corviknight|6/100
|move|p1a: Corviknight|Brave Bird|p2a: Iron Valiant
|-damage|p2a: Iron Valiant|2/100
|-damage|p1a: Corviknight|0 fnt|[from] Recoil
|faint|p1a: Corviknight
|
|-sideend|p2: seastnan|Reflect
|upkeep
|
|t:|1776296388
|switch|p1a: Dragapult|Dragapult, F|100/100
|turn|20
|
|t:|1776296394
|move|p2a: Iron Valiant|Moonblast|p1a: Dragapult
|-supereffective|p1a: Dragapult
|-damage|p1a: Dragapult|0 fnt
|faint|p1a: Dragapult
|
|upkeep
|
|t:|1776296396
|switch|p1a: Alomomola|Alomomola, F|100/100
|turn|21
|
|t:|1776296401
|move|p2a: Iron Valiant|Thunderbolt|p1a: Alomomola
|-supereffective|p1a: Alomomola
|-damage|p1a: Alomomola|0 fnt
|faint|p1a: Alomomola
|
|win|seastnan
|raw|ImZones's rating: 1160 &rarr; <strong>1133</strong><br />(-27 for losing)
|raw|seastnan's rating: 1127 &rarr; <strong>1154</strong><br />(+27 for winning)
|c|☆seastnan|gg
