|html|<div class="broadcast-blue"><strong>[Gen 9] OU is currently suspecting Tera Blast! For information on how to participate check out the <a href="https://www.smogon.com/tools/suspects/view/200">suspect thread</a>.</strong></div>
|j|☆vzn.exe
|j|☆SAIHARKESH2011
|t:|1776070386
|gametype|singles
|player|p1|vzn.exe|lusamine-nihilego|1070
|player|p2|SAIHARKESH2011|silver|1060
|gen|9
|tier|[Gen 9] OU
|rated|
|rule|HP Percentage Mod: HP is shown in percentages
|rule|Endless Battle Clause: Forcing endless battles is banned
|rule|Species Clause: Limit one of each Pokémon
|rule|OHKO Clause: OHKO moves are banned
|rule|Evasion Items Clause: Evasion items are banned
|rule|Evasion Moves Clause: Evasion moves are banned
|rule|Evasion Abilities Clause: Evasion abilities are banned
|rule|Sleep Moves Clause: Sleep-inducing moves are banned
|clearpoke
|poke|p1|Garganacl, M|
|poke|p1|Darkrai|
|poke|p1|Great Tusk|
|poke|p1|Hatterene, F|
|poke|p1|Tornadus-Therian, M|
|poke|p1|Dragonite, M|
|poke|p2|Tyranitar, F|
|poke|p2|Corviknight, F|
|poke|p2|Excadrill, F|
|poke|p2|Gastrodon, F|
|poke|p2|Gholdengo|
|poke|p2|Iron Valiant|
|teampreview
|inactive|Battle timer is ON: inactive players will automatically lose when time's up. (requested by SAIHARKESH2011)
|inactive|vzn.exe also wants the timer to be on.
|
|t:|1776070413
|teamsize|p1|6
|teamsize|p2|6
|start
|switch|p1a: Tornadus|Tornadus-Therian, M, shiny|100/100
|switch|p2a: Tyranitar|Tyranitar, F|100/100
|-weather|Sandstorm|[from] ability: Sand Stream|[of] p2a: Tyranitar
|turn|1
|
|t:|1776070430
|move|p1a: Tornadus|U-turn|p2a: Tyranitar
|-supereffective|p2a: Tyranitar
|-damage|p2a: Tyranitar|82/100
|
|t:|1776070448
|switch|p1a: Great Tusk|Great Tusk|100/100|[from] U-turn
|-enditem|p1a: Great Tusk|Booster Energy
|-activate|p1a: Great Tusk|ability: Protosynthesis|[fromitem]
|-start|p1a: Great Tusk|protosynthesisatk
|move|p2a: Tyranitar|Knock Off|p1a: Great Tusk
|-resisted|p1a: Great Tusk
|-damage|p1a: Great Tusk|91/100
|
|-weather|Sandstorm|[upkeep]
|upkeep
|turn|2
|inactive|vzn.exe has 120 seconds left.
|
|t:|1776070465
|switch|p2a: Gastrodon|Gastrodon, F|100/100
|move|p1a: Great Tusk|Close Combat|p2a: Gastrodon
|-damage|p2a: Gastrodon|14/100
|-unboost|p1a: Great Tusk|def|1
|-unboost|p1a: Great Tusk|spd|1
|
|-weather|Sandstorm|[upkeep]
|-heal|p2a: Gastrodon|20/100|[from] item: Leftovers
|upkeep
|turn|3
|inactive|vzn.exe has 120 seconds left.
|
|t:|1776070483
|move|p1a: Great Tusk|Close Combat|p2a: Gastrodon
|-damage|p2a: Gastrodon|0 fnt
|-unboost|p1a: Great Tusk|def|1
|-unboost|p1a: Great Tusk|spd|1
|faint|p2a: Gastrodon
|
|-weather|Sandstorm|[upkeep]
|upkeep
|
|t:|1776070490
|switch|p2a: Corviknight|Corviknight, F|100/100
|turn|4
|inactive|vzn.exe has 120 seconds left.
|
|t:|1776070506
|move|p1a: Great Tusk|Close Combat|p2a: Corviknight
|-damage|p2a: Corviknight|47/100
|-unboost|p1a: Great Tusk|def|1
|-unboost|p1a: Great Tusk|spd|1
|-damage|p1a: Great Tusk|74/100|[from] item: Rocky Helmet|[of] p2a: Corviknight
|move|p2a: Corviknight|Tailwind|p2a: Corviknight
|-sidestart|p2: SAIHARKESH2011|move: Tailwind
|
|-weather|Sandstorm|[upkeep]
|upkeep
|turn|5
|inactive|vzn.exe has 120 seconds left.
|
|t:|1776070524
|-end|p1a: Great Tusk|Protosynthesis|[silent]
|switch|p1a: Garganacl|Garganacl, M|100/100
|move|p2a: Corviknight|Brave Bird|p1a: Garganacl
|-resisted|p1a: Garganacl
|-damage|p1a: Garganacl|89/100
|-damage|p2a: Corviknight|43/100|[from] Recoil
|
|-weather|none
|-heal|p1a: Garganacl|95/100|[from] item: Leftovers
|upkeep
|turn|6
|
|t:|1776070542
|switch|p2a: Iron Valiant|Iron Valiant|100/100
|move|p1a: Garganacl|Stealth Rock|p2a: Iron Valiant
|-sidestart|p2: SAIHARKESH2011|move: Stealth Rock
|
|-heal|p1a: Garganacl|100/100|[from] item: Leftovers
|upkeep
|turn|7
|
|t:|1776070559
|move|p2a: Iron Valiant|Aura Sphere|p1a: Garganacl
|-supereffective|p1a: Garganacl
|-damage|p1a: Garganacl|26/100
|-damage|p2a: Iron Valiant|91/100|[from] item: Life Orb
|move|p1a: Garganacl|Salt Cure|p2a: Iron Valiant
|-resisted|p2a: Iron Valiant
|-damage|p2a: Iron Valiant|83/100
|-start|p2a: Iron Valiant|Salt Cure
|
|-heal|p1a: Garganacl|33/100|[from] item: Leftovers
|-damage|p2a: Iron Valiant|70/100|[from] Salt Cure
|-sideend|p2: SAIHARKESH2011|move: Tailwind
|upkeep
|turn|8
|
|t:|1776070576
|-end|p2a: Iron Valiant|Quark Drive|[silent]
|switch|p2a: Tyranitar|Tyranitar, F|82/100
|-damage|p2a: Tyranitar|70/100|[from] Stealth Rock
|-weather|Sandstorm|[from] ability: Sand Stream|[of] p2a: Tyranitar
|switch|p1a: Tornadus|Tornadus-Therian, M, shiny|100/100
|
|-weather|Sandstorm|[upkeep]
|-damage|p1a: Tornadus|94/100|[from] Sandstorm
|upkeep
|turn|9
|inactive|vzn.exe has 90 seconds left.
|
|t:|1776070593
|move|p1a: Tornadus|U-turn|p2a: Tyranitar
|-supereffective|p2a: Tyranitar
|-damage|p2a: Tyranitar|52/100
|inactive|vzn.exe has 90 seconds left.
|
|t:|1776070610
|switch|p1a: Great Tusk|Great Tusk|74/100|[from] U-turn
|move|p2a: Tyranitar|Knock Off|p1a: Great Tusk
|-resisted|p1a: Great Tusk
|-damage|p1a: Great Tusk|63/100
|
|-weather|Sandstorm|[upkeep]
|upkeep
|turn|10
|
|t:|1776070627
|switch|p2a: Gholdengo|Gholdengo|100/100
|-damage|p2a: Gholdengo|94/100|[from] Stealth Rock
|move|p1a: Great Tusk|Headlong Rush|p2a: Gholdengo
|-supereffective|p2a: Gholdengo
|-damage|p2a: Gholdengo|0 fnt
|-unboost|p1a: Great Tusk|def|1
|-unboost|p1a: Great Tusk|spd|1
|faint|p2a: Gholdengo
|
|-weather|Sandstorm|[upkeep]
|upkeep
|
|t:|1776070635
|switch|p2a: Excadrill|Excadrill, F|100/100
|-damage|p2a: Excadrill|97/100|[from] Stealth Rock
|turn|11
|
|t:|1776070652
|move|p2a: Excadrill|Earthquake|p1a: Great Tusk
|-damage|p1a: Great Tusk|0 fnt
|faint|p1a: Great Tusk
|-end|p1a: Great Tusk|Protosynthesis|[silent]
|
|-weather|Sandstorm|[upkeep]
|upkeep
|
|t:|1776070670
|switch|p1a: Darkrai|Darkrai|100/100
|turn|12
|inactive|vzn.exe has 60 seconds left.
|
|t:|1776070687
|-terastallize|p2a: Excadrill|Ground
|move|p2a: Excadrill|Earthquake|p1a: Darkrai
|-damage|p1a: Darkrai|0 fnt
|faint|p1a: Darkrai
|
|-weather|none
|upkeep
|inactive|vzn.exe has 60 seconds left.
|
|t:|1776070705
|switch|p1a: Dragonite|Dragonite, M|100/100
|turn|13
|inactive|SAIHARKESH2011 has 120 seconds left.
|inactive|SAIHARKESH2011 has 90 seconds left.
|inactive|SAIHARKESH2011 has 60 seconds left.
|inactive|SAIHARKESH2011 has 30 seconds left.
|inactive|SAIHARKESH2011 has 20 seconds left.
|inactive|SAIHARKESH2011 has 15 seconds left.
|inactive|SAIHARKESH2011 has 10 seconds left.
|inactive|SAIHARKESH2011 has 5 seconds left.
|-message|SAIHARKESH2011 lost due to inactivity.
|
|win|vzn.exe
|raw|vzn.exe's rating: 1070 &rarr; <strong>1099</strong><br />(+29 for winning)
|raw|SAIHARKESH2011's rating: 1060 &rarr; <strong>1042</strong><br />(-18 for losing)
