|html|<div class="broadcast-blue"><strong>[Gen 9] OU is currently suspecting Tera Blast! For information on how to participate check out the <a href="https://www.smogon.com/tools/suspects/view/200">suspect thread</a>.</strong></div>
|j|☆Latoni_Monki
|j|☆Sae No Kami
|t:|1776268473
|gametype|singles
|player|p1|Latoni_Monki|265|1300
|player|p2|Sae No Kami|ghetsis-gen5bw|1283
|gen|9
|tier|[Gen 9] OU
|rated|
|rule|HP Percentage Mod: HP is shown in percentages
|rule|Endless Battle Clause: Forcing endless battles is banned
|rule|Species Clause: Limit one of each Pokémon
|rule|OHKO Clause: OHKO moves are banned
|rule|Evasion Items Clause: Evasion items are banned
|rule|Evasion Moves Clause: Evasion moves are banned
|rule|Evasion Abilities Clause: Evasion abilities are banned
|rule|Sleep Moves Clause: Sleep-inducing moves are banned
|clearpoke
|poke|p1|Iron Treads|
|poke|p1|Iron Crown|
|poke|p1|Kingambit, F|
|poke|p1|Gholdengo|
|poke|p1|Heatran, F|
|poke|p1|Corviknight, M|
|poke|p2|Pelipper, M|
|poke|p2|Gardevoir, F|
|poke|p2|Cramorant, M|
|poke|p2|Polteageist-Antique|
|poke|p2|Blaziken, M|
|poke|p2|Ditto|
|teampreview
|inactive|Battle timer is ON: inactive players will automatically lose when time's up. (requested by Sae No Kami)
|
|t:|1776268487
|teamsize|p1|6
|teamsize|p2|6
|start
|switch|p1a: Golden Titeuf|Gholdengo|100/100
|switch|p2a: Polteageist|Polteageist-Antique|100/100
|turn|1
|c|☆Sae No Kami|t'es francaise ?
|
|t:|1776268504
|move|p1a: Golden Titeuf|Thunderbolt|p2a: Polteageist
|-damage|p2a: Polteageist|61/100
|move|p2a: Polteageist|Shell Smash|p2a: Polteageist
|-unboost|p2a: Polteageist|def|1
|-unboost|p2a: Polteageist|spd|1
|-boost|p2a: Polteageist|atk|2
|-boost|p2a: Polteageist|spa|2
|-boost|p2a: Polteageist|spe|2
|
|upkeep
|turn|2
|
|t:|1776268521
|switch|p1a: Akainu|Heatran, F, shiny|100/100
|move|p2a: Polteageist|Shadow Ball|p1a: Akainu
|-damage|p1a: Akainu|42/100
|
|-heal|p1a: Akainu|48/100|[from] item: Leftovers
|upkeep
|turn|3
|
|t:|1776268531
|move|p2a: Polteageist|Shadow Ball|p1a: Akainu
|-damage|p1a: Akainu|0 fnt
|faint|p1a: Akainu
|
|upkeep
|
|t:|1776268535
|switch|p1a: CROOOOAA|Corviknight, M|100/100
|-ability|p1a: CROOOOAA|Pressure
|turn|4
|c|☆Latoni_Monki|totalement
|c|☆Sae No Kami|akainu l'enculé
|c|☆Latoni_Monki|l'erreur de pas avoir betement shadow ball
|inactive|Latoni_Monki has 120 seconds left.
|
|t:|1776268570
|move|p2a: Polteageist|Shadow Ball|p1a: CROOOOAA
|-damage|p1a: CROOOOAA|8/100
|move|p1a: CROOOOAA|Brave Bird|p2a: Polteageist
|-damage|p2a: Polteageist|0 fnt
|faint|p2a: Polteageist
|-damage|p1a: CROOOOAA|0 fnt|[from] Recoil
|faint|p1a: CROOOOAA
|
|upkeep
|inactive|Latoni_Monki has 120 seconds left.
|inactive|Latoni_Monki has 90 seconds left.
|
|t:|1776268610
|switch|p2a: Pelipper|Pelipper, M|100/100
|switch|p1a: Golden Titeuf|Gholdengo|100/100
|-weather|RainDance|[from] ability: Drizzle|[of] p2a: Pelipper
|turn|5
|inactive|Latoni_Monki has 90 seconds left.
|
|t:|1776268618
|move|p1a: Golden Titeuf|Thunderbolt|p2a: Pelipper
|-supereffective|p2a: Pelipper
|-damage|p2a: Pelipper|0 fnt
|faint|p2a: Pelipper
|
|-weather|RainDance|[upkeep]
|upkeep
|
|t:|1776268623
|switch|p2a: Gardevoir|Gardevoir, F, shiny|100/100
|turn|6
|
|t:|1776268631
|move|p1a: Golden Titeuf|Shadow Ball|p2a: Gardevoir
|-supereffective|p2a: Gardevoir
|-damage|p2a: Gardevoir|15/100
|move|p2a: Gardevoir|Memento|p1a: Golden Titeuf
|-immune|p1a: Golden Titeuf|[from] ability: Good as Gold
|
|-weather|RainDance|[upkeep]
|upkeep
|turn|7
|
|t:|1776268640
|move|p1a: Golden Titeuf|Shadow Ball|p2a: Gardevoir
|-supereffective|p2a: Gardevoir
|-damage|p2a: Gardevoir|0 fnt
|faint|p2a: Gardevoir
|
|-weather|RainDance|[upkeep]
|upkeep
|
|t:|1776268645
|switch|p2a: Cramorant|Cramorant, M|100/100
|turn|8
|
|t:|1776268651
|-terastallize|p2a: Cramorant|Water
|move|p1a: Golden Titeuf|Thunderbolt|p2a: Cramorant
|-supereffective|p2a: Cramorant
|-damage|p2a: Cramorant|26/100
|-enditem|p2a: Cramorant|Weakness Policy
|-boost|p2a: Cramorant|atk|2|[from] item: Weakness Policy
|-boost|p2a: Cramorant|spa|2|[from] item: Weakness Policy
|move|p2a: Cramorant|Agility|p2a: Cramorant
|-boost|p2a: Cramorant|spe|2
|
|-weather|RainDance|[upkeep]
|upkeep
|turn|9
|inactive|Latoni_Monki has 120 seconds left.
|
|t:|1776268664
|move|p2a: Cramorant|Surf|p1a: Golden Titeuf
|-formechange|p2a: Cramorant|Cramorant-Gorging|
|-damage|p1a: Golden Titeuf|0 fnt
|faint|p1a: Golden Titeuf
|
|-weather|RainDance|[upkeep]
|upkeep
|inactive|Latoni_Monki has 120 seconds left.
|
|t:|1776268670
|switch|p1a: Megazord|Kingambit, F, shiny|100/100
|-activate|p1a: Megazord|ability: Supreme Overlord
|-start|p1a: Megazord|fallen3|[silent]
|turn|10
|
|t:|1776268686
|move|p1a: Megazord|Sucker Punch||[still]
|-fail|p1a: Megazord
|move|p2a: Cramorant|Agility|p2a: Cramorant
|-boost|p2a: Cramorant|spe|2
|
|-weather|RainDance|[upkeep]
|upkeep
|turn|11
|c|☆Sae No Kami|sucker punch comme d'ab
|
|t:|1776268699
|move|p2a: Cramorant|Endure|p2a: Cramorant
|-singleturn|p2a: Cramorant|move: Endure
|move|p1a: Megazord|Sucker Punch||[still]
|-fail|p1a: Megazord
|
|-weather|RainDance|[upkeep]
|upkeep
|turn|12
|c|☆Latoni_Monki|ba oui en meme temps
|c|☆Sae No Kami|encore une fois
|
|t:|1776268715
|move|p1a: Megazord|Sucker Punch|p2a: Cramorant
|-damage|p2a: Cramorant|0 fnt
|-damage|p1a: Megazord|76/100|[from] ability: Gulp Missile|[of] p2a: Cramorant
|-status|p1a: Megazord|par
|-formechange|p2a: Cramorant|Cramorant|
|faint|p2a: Cramorant
|
|-weather|none
|-heal|p1a: Megazord|82/100 par|[from] item: Leftovers
|upkeep
|
|t:|1776268725
|switch|p2a: KFC|Blaziken, M|100/100
|turn|13
|c|☆Latoni_Monki|c'est la seule chose à faire dans ce cas
|c|☆Sae No Kami|c vrai
|
|t:|1776268747
|move|p2a: KFC|Swords Dance|p2a: KFC
|-boost|p2a: KFC|atk|2
|cant|p1a: Megazord|par
|
|-heal|p1a: Megazord|88/100 par|[from] item: Leftovers
|-ability|p2a: KFC|Speed Boost|boost
|-boost|p2a: KFC|spe|1
|upkeep
|turn|14
|c|☆Latoni_Monki|gg
|
|t:|1776268759
|move|p2a: KFC|Swords Dance|p2a: KFC
|-boost|p2a: KFC|atk|2
|move|p1a: Megazord|Kowtow Cleave|p2a: KFC
|-resisted|p2a: KFC
|-damage|p2a: KFC|52/100
|
|-heal|p2a: KFC|58/100|[from] item: Leftovers
|-heal|p1a: Megazord|94/100 par|[from] item: Leftovers
|-ability|p2a: KFC|Speed Boost|boost
|-boost|p2a: KFC|spe|1
|upkeep
|turn|15
|c|☆Latoni_Monki|cette paralisie fait mal
|
|t:|1776268772
|move|p2a: KFC|Blaze Kick|p1a: Megazord
|-supereffective|p1a: Megazord
|-damage|p1a: Megazord|0 fnt
|faint|p1a: Megazord
|-end|p1a: Megazord|fallen3|[silent]
|
|-heal|p2a: KFC|64/100|[from] item: Leftovers
|-ability|p2a: KFC|Speed Boost|boost
|-boost|p2a: KFC|spe|1
|upkeep
|c|☆Sae No Kami|lol
|
|t:|1776268780
|switch|p1a: La grosse roue|Iron Treads|100/100
|-enditem|p1a: La grosse roue|Booster Energy
|-activate|p1a: La grosse roue|ability: Quark Drive|[fromitem]
|-start|p1a: La grosse roue|quarkdrivespe
|turn|16
|
|t:|1776268785
|move|p2a: KFC|Close Combat|p1a: La grosse roue
|-supereffective|p1a: La grosse roue
|-damage|p1a: La grosse roue|0 fnt
|-unboost|p2a: KFC|def|1
|-unboost|p2a: KFC|spd|1
|faint|p1a: La grosse roue
|-end|p1a: La grosse roue|Quark Drive|[silent]
|
|-heal|p2a: KFC|70/100|[from] item: Leftovers
|-ability|p2a: KFC|Speed Boost|boost
|-boost|p2a: KFC|spe|1
|upkeep
|
|t:|1776268794
|switch|p1a: Cerf en fer blanc|Iron Crown|100/100
|turn|17
|c|☆Sae No Kami|g
|c|☆Sae No Kami|gg
|
|t:|1776268803
|-terastallize|p1a: Cerf en fer blanc|Fighting
|move|p2a: KFC|Blaze Kick|p1a: Cerf en fer blanc
|-crit|p1a: Cerf en fer blanc
|-damage|p1a: Cerf en fer blanc|0 fnt
|faint|p1a: Cerf en fer blanc
|-end|p1a: Cerf en fer blanc|Quark Drive|[silent]
|
|win|Sae No Kami
