|html|<div class="broadcast-blue"><strong>[Gen 9] OU is currently suspecting Tera Blast! For information on how to participate check out the <a href="https://www.smogon.com/tools/suspects/view/200">suspect thread</a>.</strong></div>
|j|☆GreninjaMyFav
|j|☆okbomber
|t:|1776053266
|gametype|singles
|player|p1|GreninjaMyFav|skyla|1560
|player|p2|okbomber|1|1553
|gen|9
|tier|[Gen 9] OU
|rated|
|rule|HP Percentage Mod: HP is shown in percentages
|rule|Endless Battle Clause: Forcing endless battles is banned
|rule|Species Clause: Limit one of each Pokémon
|rule|OHKO Clause: OHKO moves are banned
|rule|Evasion Items Clause: Evasion items are banned
|rule|Evasion Moves Clause: Evasion moves are banned
|rule|Evasion Abilities Clause: Evasion abilities are banned
|rule|Sleep Moves Clause: Sleep-inducing moves are banned
|clearpoke
|poke|p1|Ninetales-Alola, F|
|poke|p1|Darkrai|
|poke|p1|Zamazenta-*|
|poke|p1|Gliscor, F|
|poke|p1|Ceruledge, F|
|poke|p1|Hatterene, F|
|poke|p2|Iron Moth|
|poke|p2|Gliscor, F|
|poke|p2|Hatterene, F|
|poke|p2|Ogerpon-Wellspring, F|
|poke|p2|Raging Bolt|
|poke|p2|Zamazenta-*|
|teampreview
|inactive|Battle timer is ON: inactive players will automatically lose when time's up. (requested by okbomber)
|
|t:|1776053294
|teamsize|p1|6
|teamsize|p2|6
|start
|switch|p1a: Ninetales|Ninetales-Alola, F|100/100
|switch|p2a: Iron Moth|Iron Moth|100/100
|-weather|Snowscape|[from] ability: Snow Warning|[of] p1a: Ninetales
|-enditem|p2a: Iron Moth|Booster Energy
|-activate|p2a: Iron Moth|ability: Quark Drive|[fromitem]
|-start|p2a: Iron Moth|quarkdrivespe
|turn|1
|
|t:|1776053305
|switch|p1a: Ceruledge|Ceruledge, F|100/100
|move|p2a: Iron Moth|Toxic Spikes|p1a: Ceruledge
|-sidestart|p1: GreninjaMyFav|move: Toxic Spikes
|
|-weather|Snowscape|[upkeep]
|upkeep
|turn|2
|
|t:|1776053316
|move|p2a: Iron Moth|Sludge Wave|p1a: Ceruledge
|-resisted|p1a: Ceruledge
|-damage|p1a: Ceruledge|82/100
|move|p1a: Ceruledge|Taunt|p2a: Iron Moth
|-start|p2a: Iron Moth|move: Taunt
|
|-weather|Snowscape|[upkeep]
|upkeep
|turn|3
|j| peneplain
|j| Afrojolote
|
|t:|1776053334
|move|p1a: Ceruledge|Shadow Sneak|p2a: Iron Moth
|-damage|p2a: Iron Moth|75/100
|move|p2a: Iron Moth|Sludge Wave|p1a: Ceruledge
|-resisted|p1a: Ceruledge
|-crit|p1a: Ceruledge
|-damage|p1a: Ceruledge|57/100
|
|-weather|Snowscape|[upkeep]
|upkeep
|turn|4
|
|t:|1776053337
|-end|p2a: Iron Moth|Quark Drive|[silent]
|switch|p2a: Gliscor|Gliscor, F|100/100
|move|p1a: Ceruledge|Bulk Up|p1a: Ceruledge
|-boost|p1a: Ceruledge|atk|1
|-boost|p1a: Ceruledge|def|1
|
|-weather|Snowscape|[upkeep]
|-status|p2a: Gliscor|tox|[from] item: Toxic Orb
|upkeep
|turn|5
|
|t:|1776053345
|move|p2a: Gliscor|Earthquake|p1a: Ceruledge
|-supereffective|p1a: Ceruledge
|-damage|p1a: Ceruledge|0 fnt
|faint|p1a: Ceruledge
|
|-weather|none
|upkeep
|
|t:|1776053347
|switch|p1a: Ninetales|Ninetales-Alola, F|100/100
|-status|p1a: Ninetales|psn
|-weather|Snowscape|[from] ability: Snow Warning|[of] p1a: Ninetales
|turn|6
|
|t:|1776053354
|switch|p2a: Iron Moth|Iron Moth|75/100
|move|p1a: Ninetales|Aurora Veil|p1a: Ninetales
|-sidestart|p1: GreninjaMyFav|move: Aurora Veil
|
|-weather|Snowscape|[upkeep]
|-damage|p1a: Ninetales|88/100 psn|[from] psn
|upkeep
|turn|7
|
|t:|1776053358
|switch|p1a: Gliscor|Gliscor, F|100/100
|move|p2a: Iron Moth|Toxic Spikes|p1a: Gliscor
|-sidestart|p1: GreninjaMyFav|move: Toxic Spikes
|
|-weather|Snowscape|[upkeep]
|-status|p1a: Gliscor|tox|[from] item: Toxic Orb
|upkeep
|turn|8
|
|t:|1776053362
|move|p1a: Gliscor|Earthquake|p2a: Iron Moth
|-supereffective|p2a: Iron Moth
|-damage|p2a: Iron Moth|0 fnt
|faint|p2a: Iron Moth
|-end|p2a: Iron Moth|Quark Drive|[silent]
|
|-weather|Snowscape|[upkeep]
|upkeep
|j| darkman64
|
|t:|1776053366
|switch|p2a: Ogerpon|Ogerpon-Wellspring, F|100/100
|turn|9
|l| darkman64
|
|t:|1776053370
|-terastallize|p1a: Gliscor|Normal
|move|p2a: Ogerpon|Encore|p1a: Gliscor
|-start|p1a: Gliscor|Encore
|move|p1a: Gliscor|Earthquake|p2a: Ogerpon
|-resisted|p2a: Ogerpon
|-damage|p2a: Ogerpon|74/100
|
|-weather|Snowscape|[upkeep]
|upkeep
|turn|10
|
|t:|1776053379
|switch|p1a: Zamazenta|Zamazenta|100/100
|-status|p1a: Zamazenta|tox
|-ability|p1a: Zamazenta|Dauntless Shield|boost
|-boost|p1a: Zamazenta|def|1
|move|p2a: Ogerpon|Trailblaze|p1a: Zamazenta
|-damage|p1a: Zamazenta|92/100 tox
|-boost|p2a: Ogerpon|spe|1
|
|-weather|none
|-heal|p1a: Zamazenta|98/100 tox|[from] item: Leftovers
|-damage|p1a: Zamazenta|92/100 tox|[from] psn
|upkeep
|turn|11
|
|t:|1776053384
|switch|p2a: Hatterene|Hatterene, F|100/100
|switch|p1a: Gliscor|Gliscor, F, tera:Normal|100/100 tox
|
|upkeep
|turn|12
|
|t:|1776053387
|switch|p2a: Ogerpon|Ogerpon-Wellspring, F|74/100
|move|p1a: Gliscor|Agility|p1a: Gliscor
|-boost|p1a: Gliscor|spe|2
|
|upkeep
|turn|13
|
|t:|1776053391
|move|p1a: Gliscor|Facade|p2a: Ogerpon
|-damage|p2a: Ogerpon|4/100
|move|p2a: Ogerpon|Encore|p1a: Gliscor
|-start|p1a: Gliscor|Encore
|
|-sideend|p1: GreninjaMyFav|move: Aurora Veil
|upkeep
|turn|14
|
|t:|1776053401
|switch|p2a: Zamazenta|Zamazenta|100/100
|-ability|p2a: Zamazenta|Dauntless Shield|boost
|-boost|p2a: Zamazenta|def|1
|move|p1a: Gliscor|Facade|p2a: Zamazenta
|-damage|p2a: Zamazenta|72/100
|
|upkeep
|turn|15
|
|t:|1776053405
|switch|p1a: Hatterene|Hatterene, F|100/100
|-status|p1a: Hatterene|tox
|move|p2a: Zamazenta|Reflect|p2a: Zamazenta
|-sidestart|p2: okbomber|Reflect
|
|-damage|p1a: Hatterene|95/100 tox|[from] psn
|upkeep
|turn|16
|
|t:|1776053409
|move|p2a: Zamazenta|Light Screen|p2a: Zamazenta
|-sidestart|p2: okbomber|move: Light Screen
|move|p1a: Hatterene|Nuzzle|p2a: Zamazenta
|-damage|p2a: Zamazenta|71/100
|-status|p2a: Zamazenta|par
|
|-heal|p1a: Hatterene|100/100 tox|[from] item: Leftovers
|-damage|p1a: Hatterene|89/100 tox|[from] psn
|upkeep
|turn|17
|
|t:|1776053414
|switch|p2a: Gliscor|Gliscor, F|100/100 tox
|switch|p1a: Ninetales|Ninetales-Alola, F|88/100 psn
|-weather|Snowscape|[from] ability: Snow Warning|[of] p1a: Ninetales
|
|-weather|Snowscape|[upkeep]
|-damage|p1a: Ninetales|76/100 psn|[from] psn
|upkeep
|turn|18
|
|t:|1776053423
|switch|p2a: Ogerpon|Ogerpon-Wellspring, F|4/100
|move|p1a: Ninetales|Aurora Veil|p1a: Ninetales
|-sidestart|p1: GreninjaMyFav|move: Aurora Veil
|
|-weather|Snowscape|[upkeep]
|-damage|p1a: Ninetales|64/100 psn|[from] psn
|upkeep
|turn|19
|
|t:|1776053434
|switch|p1a: Gliscor|Gliscor, F, tera:Normal|100/100 tox
|move|p2a: Ogerpon|Ivy Cudgel|p1a: Gliscor|[anim] Ivy Cudgel Water
|-damage|p1a: Gliscor|74/100 tox
|
|-weather|Snowscape|[upkeep]
|-heal|p1a: Gliscor|86/100 tox|[from] ability: Poison Heal
|upkeep
|turn|20
|
|t:|1776053441
|move|p2a: Ogerpon|Ivy Cudgel|p1a: Gliscor|[anim] Ivy Cudgel Water
|-damage|p1a: Gliscor|60/100 tox
|move|p1a: Gliscor|Agility|p1a: Gliscor
|-boost|p1a: Gliscor|spe|2
|
|-weather|Snowscape|[upkeep]
|-heal|p1a: Gliscor|73/100 tox|[from] ability: Poison Heal
|upkeep
|turn|21
|
|t:|1776053445
|move|p1a: Gliscor|Facade|p2a: Ogerpon
|-damage|p2a: Ogerpon|0 fnt
|faint|p2a: Ogerpon
|
|-weather|none
|-heal|p1a: Gliscor|85/100 tox|[from] ability: Poison Heal
|upkeep
|
|t:|1776053464
|switch|p2a: Zamazenta|Zamazenta|71/100 par
|turn|22
|
|t:|1776053467
|move|p1a: Gliscor|Swords Dance|p1a: Gliscor
|-boost|p1a: Gliscor|atk|2
|move|p2a: Zamazenta|Close Combat|p1a: Gliscor
|-supereffective|p1a: Gliscor
|-damage|p1a: Gliscor|43/100 tox
|-unboost|p2a: Zamazenta|def|1
|-unboost|p2a: Zamazenta|spd|1
|
|-heal|p1a: Gliscor|56/100 tox|[from] ability: Poison Heal
|-sideend|p2: okbomber|Reflect
|upkeep
|turn|23
|
|t:|1776053472
|move|p1a: Gliscor|Facade|p2a: Zamazenta
|-damage|p2a: Zamazenta|0 fnt
|faint|p2a: Zamazenta
|
|-heal|p1a: Gliscor|68/100 tox|[from] ability: Poison Heal
|-sideend|p2: okbomber|move: Light Screen
|upkeep
|
|t:|1776053478
|switch|p2a: Raging Bolt|Raging Bolt|100/100
|-enditem|p2a: Raging Bolt|Booster Energy
|-activate|p2a: Raging Bolt|ability: Protosynthesis|[fromitem]
|-start|p2a: Raging Bolt|protosynthesisspa
|turn|24
|
|t:|1776053485
|-terastallize|p2a: Raging Bolt|Ghost
|move|p1a: Gliscor|Facade|p2a: Raging Bolt
|-immune|p2a: Raging Bolt
|move|p2a: Raging Bolt|Calm Mind|p2a: Raging Bolt
|-boost|p2a: Raging Bolt|spa|1
|-boost|p2a: Raging Bolt|spd|1
|
|-heal|p1a: Gliscor|81/100 tox|[from] ability: Poison Heal
|upkeep
|turn|25
|
|t:|1776053488
|move|p1a: Gliscor|Earthquake|p2a: Raging Bolt
|-damage|p2a: Raging Bolt|25/100
|move|p2a: Raging Bolt|Dragon Pulse|p1a: Gliscor
|-damage|p1a: Gliscor|22/100 tox
|
|-heal|p1a: Gliscor|35/100 tox|[from] ability: Poison Heal
|-sideend|p1: GreninjaMyFav|move: Aurora Veil
|upkeep
|turn|26
|
|t:|1776053495
|switch|p1a: Ninetales|Ninetales-Alola, F|64/100 psn
|-weather|Snowscape|[from] ability: Snow Warning|[of] p1a: Ninetales
|move|p2a: Raging Bolt|Thunderclap||[still]
|-fail|p2a: Raging Bolt
|
|-weather|Snowscape|[upkeep]
|-damage|p1a: Ninetales|51/100 psn|[from] psn
|upkeep
|turn|27
|
|t:|1776053501
|move|p1a: Ninetales|Encore|p2a: Raging Bolt
|-start|p2a: Raging Bolt|Encore
|move|p2a: Raging Bolt|Thunderclap||[still]
|-fail|p2a: Raging Bolt
|
|-weather|Snowscape|[upkeep]
|-damage|p1a: Ninetales|39/100 psn|[from] psn
|upkeep
|turn|28
|
|t:|1776053506
|-end|p2a: Raging Bolt|Protosynthesis|[silent]
|switch|p2a: Gliscor|Gliscor, F|100/100 tox
|move|p1a: Ninetales|Aurora Veil|p1a: Ninetales
|-sidestart|p1: GreninjaMyFav|move: Aurora Veil
|
|-weather|Snowscape|[upkeep]
|-damage|p1a: Ninetales|27/100 psn|[from] psn
|upkeep
|turn|29
|
|t:|1776053511
|move|p1a: Ninetales|Moonblast|p2a: Gliscor
|-damage|p2a: Gliscor|67/100 tox
|-unboost|p2a: Gliscor|spa|1
|move|p2a: Gliscor|Swords Dance|p2a: Gliscor
|-boost|p2a: Gliscor|atk|2
|
|-weather|Snowscape|[upkeep]
|-damage|p1a: Ninetales|14/100 psn|[from] psn
|-heal|p2a: Gliscor|80/100 tox|[from] ability: Poison Heal
|upkeep
|turn|30
|
|t:|1776053514
|move|p1a: Ninetales|Encore|p2a: Gliscor
|-start|p2a: Gliscor|Encore
|move|p2a: Gliscor|Swords Dance|p2a: Gliscor
|-boost|p2a: Gliscor|atk|2
|
|-weather|none
|-damage|p1a: Ninetales|2/100 psn|[from] psn
|-heal|p2a: Gliscor|92/100 tox|[from] ability: Poison Heal
|upkeep
|turn|31
|
|t:|1776053518
|switch|p1a: Gliscor|Gliscor, F, tera:Normal|35/100 tox
|switch|p2a: Hatterene|Hatterene, F|100/100
|
|-heal|p1a: Gliscor|47/100 tox|[from] ability: Poison Heal
|upkeep
|turn|32
|
|t:|1776053521
|move|p1a: Gliscor|Swords Dance|p1a: Gliscor
|-boost|p1a: Gliscor|atk|2
|move|p2a: Hatterene|Calm Mind|p2a: Hatterene
|-boost|p2a: Hatterene|spa|1
|-boost|p2a: Hatterene|spd|1
|
|-heal|p1a: Gliscor|60/100 tox|[from] ability: Poison Heal
|upkeep
|turn|33
|
|t:|1776053526
|move|p1a: Gliscor|Facade|p2a: Hatterene
|-damage|p2a: Hatterene|4/100
|move|p2a: Hatterene|Calm Mind|p2a: Hatterene
|-boost|p2a: Hatterene|spa|1
|-boost|p2a: Hatterene|spd|1
|
|-heal|p2a: Hatterene|10/100|[from] item: Leftovers
|-heal|p1a: Gliscor|72/100 tox|[from] ability: Poison Heal
|upkeep
|turn|34
|
|t:|1776053529
|move|p1a: Gliscor|Earthquake|p2a: Hatterene
|-damage|p2a: Hatterene|0 fnt
|faint|p2a: Hatterene
|
|-heal|p1a: Gliscor|85/100 tox|[from] ability: Poison Heal
|upkeep
|l| peneplain
|-message|okbomber forfeited.
|
|win|GreninjaMyFav
|raw|GreninjaMyFav's rating: 1560 &rarr; <strong>1580</strong><br />(+20 for winning)
|raw|okbomber's rating: 1553 &rarr; <strong>1533</strong><br />(-20 for losing)
|l|☆okbomber
|player|p2|
|l|☆GreninjaMyFav
|player|p1|
|l| Afrojolote
