|html|<div class="broadcast-blue"><strong>[Gen 9] OU is currently suspecting Tera Blast! For information on how to participate check out the <a href="https://www.smogon.com/tools/suspects/view/200">suspect thread</a>.</strong></div>
|j|☆Lesteria
|j|☆LossCulture
|t:|1776053696
|gametype|singles
|player|p1|Lesteria|ghetsis|1266
|player|p2|LossCulture|pilot|1208
|gen|9
|tier|[Gen 9] OU
|rated|
|rule|HP Percentage Mod: HP is shown in percentages
|rule|Endless Battle Clause: Forcing endless battles is banned
|rule|Species Clause: Limit one of each Pokémon
|rule|OHKO Clause: OHKO moves are banned
|rule|Evasion Items Clause: Evasion items are banned
|rule|Evasion Moves Clause: Evasion moves are banned
|rule|Evasion Abilities Clause: Evasion abilities are banned
|rule|Sleep Moves Clause: Sleep-inducing moves are banned
|clearpoke
|poke|p1|Cyclizar, F|
|poke|p1|Garchomp, F|
|poke|p1|Gholdengo|
|poke|p1|Hatterene, F|
|poke|p1|Dragonite, F|
|poke|p1|Chandelure, F|
|poke|p2|Samurott-Hisui, M|
|poke|p2|Walking Wake|
|poke|p2|Zapdos|
|poke|p2|Iron Crown|
|poke|p2|Great Tusk|
|poke|p2|Iron Valiant|
|teampreview
|inactive|Battle timer is ON: inactive players will automatically lose when time's up. (requested by Lesteria)
|
|t:|1776053729
|teamsize|p1|6
|teamsize|p2|6
|start
|switch|p1a: Bouncing Prude|Hatterene, F|100/100
|switch|p2a: INNATE|Samurott-Hisui, M, shiny|100/100
|turn|1
|
|t:|1776053736
|switch|p2a: LETS GO X3|Zapdos, shiny|100/100
|move|p1a: Bouncing Prude|Calm Mind|p1a: Bouncing Prude
|-boost|p1a: Bouncing Prude|spa|1
|-boost|p1a: Bouncing Prude|spd|1
|
|upkeep
|turn|2
|
|t:|1776053748
|move|p2a: LETS GO X3|Volt Switch|p1a: Bouncing Prude
|-damage|p1a: Bouncing Prude|80/100
|
|t:|1776053751
|switch|p2a: BRB|Iron Crown|100/100|[from] Volt Switch
|move|p1a: Bouncing Prude|Psyshock|p2a: BRB
|-resisted|p2a: BRB
|-damage|p2a: BRB|87/100
|
|-heal|p1a: Bouncing Prude|86/100|[from] item: Leftovers
|upkeep
|turn|3
|
|t:|1776053761
|move|p2a: BRB|Tachyon Cutter|p1a: Bouncing Prude
|-supereffective|p1a: Bouncing Prude
|-damage|p1a: Bouncing Prude|52/100
|-supereffective|p1a: Bouncing Prude
|-crit|p1a: Bouncing Prude
|-damage|p1a: Bouncing Prude|0 fnt
|faint|p1a: Bouncing Prude
|-hitcount|p1: Bouncing Prude|2
|
|upkeep
|
|t:|1776053769
|switch|p1a: See U Soon|Dragonite, F|100/100
|turn|4
|c|☆LossCulture|FAAHHH
|
|t:|1776053789
|move|p2a: BRB|Volt Switch|p1a: See U Soon
|-damage|p1a: See U Soon|89/100
|
|t:|1776053792
|-end|p2a: BRB|Quark Drive|[silent]
|switch|p2a: STUCK|Iron Valiant, shiny|100/100|[from] Volt Switch
|move|p1a: See U Soon|Fire Punch|p2a: STUCK
|-damage|p2a: STUCK|48/100
|
|upkeep
|turn|5
|
|t:|1776053803
|switch|p1a: Surfing Bafoon|Gholdengo|100/100
|-terastallize|p2a: STUCK|Ghost
|move|p2a: STUCK|Drain Punch|p1a: Surfing Bafoon
|-immune|p1a: Surfing Bafoon
|
|upkeep
|turn|6
|
|t:|1776053812
|move|p1a: Surfing Bafoon|Shadow Ball|p2a: STUCK
|-supereffective|p2a: STUCK
|-damage|p2a: STUCK|0 fnt
|faint|p2a: STUCK
|-end|p2a: STUCK|Quark Drive|[silent]
|
|upkeep
|
|t:|1776053815
|switch|p2a: INNATE|Samurott-Hisui, M, shiny|100/100
|turn|7
|
|t:|1776053826
|switch|p1a: Chomping Goon|Garchomp, F|100/100
|move|p2a: INNATE|Ceaseless Edge|p1a: Chomping Goon
|-damage|p1a: Chomping Goon|53/100
|-damage|p2a: INNATE|88/100|[from] ability: Rough Skin|[of] p1a: Chomping Goon
|-damage|p2a: INNATE|71/100|[from] item: Rocky Helmet|[of] p1a: Chomping Goon
|-sidestart|p1: Lesteria|Spikes
|-damage|p2a: INNATE|61/100|[from] item: Life Orb
|
|upkeep
|turn|8
|
|t:|1776053840
|move|p2a: INNATE|Ceaseless Edge|p1a: Chomping Goon
|-damage|p1a: Chomping Goon|7/100
|-damage|p2a: INNATE|49/100|[from] ability: Rough Skin|[of] p1a: Chomping Goon
|-damage|p2a: INNATE|32/100|[from] item: Rocky Helmet|[of] p1a: Chomping Goon
|-sidestart|p1: Lesteria|Spikes
|-damage|p2a: INNATE|22/100|[from] item: Life Orb
|move|p1a: Chomping Goon|Dragon Tail|p2a: INNATE
|-damage|p2a: INNATE|0 fnt
|faint|p2a: INNATE
|
|upkeep
|
|t:|1776053853
|switch|p2a: PEP STEP|Walking Wake|100/100
|turn|9
|
|t:|1776053872
|-terastallize|p1a: Chomping Goon|Fairy
|move|p2a: PEP STEP|Hydro Steam|p1a: Chomping Goon
|-damage|p1a: Chomping Goon|0 fnt
|faint|p1a: Chomping Goon
|
|upkeep
|
|t:|1776053885
|switch|p1a: See U Soon|Dragonite, F|89/100
|turn|10
|
|t:|1776053888
|move|p2a: PEP STEP|Knock Off|p1a: See U Soon
|-damage|p1a: See U Soon|71/100
|-enditem|p1a: See U Soon|Choice Band|[from] move: Knock Off|[of] p2a: PEP STEP
|move|p1a: See U Soon|Outrage|p2a: PEP STEP
|-supereffective|p2a: PEP STEP
|-damage|p2a: PEP STEP|0 fnt
|faint|p2a: PEP STEP
|-end|p2a: PEP STEP|Protosynthesis|[silent]
|
|upkeep
|
|t:|1776053895
|switch|p2a: BRB|Iron Crown|87/100
|turn|11
|
|t:|1776053902
|move|p2a: BRB|Psyshock|p1a: See U Soon
|-damage|p1a: See U Soon|28/100
|move|p1a: See U Soon|Outrage|p2a: BRB|[from] lockedmove
|-resisted|p2a: BRB
|-damage|p2a: BRB|54/100
|
|upkeep
|turn|12
|
|t:|1776053909
|move|p2a: BRB|Psyshock|p1a: See U Soon
|-damage|p1a: See U Soon|0 fnt
|faint|p1a: See U Soon
|
|upkeep
|
|t:|1776053915
|switch|p1a: Dance 2 Tune|Chandelure, F|100/100
|-damage|p1a: Dance 2 Tune|84/100|[from] Spikes
|turn|13
|
|t:|1776053926
|move|p2a: BRB|Volt Switch|p1a: Dance 2 Tune
|-damage|p1a: Dance 2 Tune|50/100
|
|t:|1776053928
|-end|p2a: BRB|Quark Drive|[silent]
|switch|p2a: LETS GO X3|Zapdos, shiny|100/100|[from] Volt Switch
|move|p1a: Dance 2 Tune|Shadow Ball|p2a: LETS GO X3
|-damage|p2a: LETS GO X3|26/100
|
|upkeep
|turn|14
|
|t:|1776053938
|move|p2a: LETS GO X3|Hurricane|p1a: Dance 2 Tune
|-damage|p1a: Dance 2 Tune|0 fnt
|faint|p1a: Dance 2 Tune
|
|upkeep
|
|t:|1776053949
|switch|p1a: Surfing Bafoon|Gholdengo|100/100
|-damage|p1a: Surfing Bafoon|84/100|[from] Spikes
|turn|15
|
|t:|1776053965
|move|p1a: Surfing Bafoon|Shadow Ball|p2a: LETS GO X3
|-damage|p2a: LETS GO X3|0 fnt
|faint|p2a: LETS GO X3
|
|upkeep
|
|t:|1776053969
|switch|p2a: BRB|Iron Crown|54/100
|turn|16
|
|t:|1776053973
|move|p1a: Surfing Bafoon|Shadow Ball|p2a: BRB
|-supereffective|p2a: BRB
|-damage|p2a: BRB|2/100
|move|p2a: BRB|Volt Switch|p1a: Surfing Bafoon
|-damage|p1a: Surfing Bafoon|56/100
|
|t:|1776053978
|-end|p2a: BRB|Quark Drive|[silent]
|switch|p2a: ADDRESS ME|Great Tusk|100/100|[from] Volt Switch
|
|upkeep
|turn|17
|
|t:|1776053985
|switch|p1a: Biking Moon|Cyclizar, F|100/100
|-damage|p1a: Biking Moon|84/100|[from] Spikes
|move|p2a: ADDRESS ME|Headlong Rush|p1a: Biking Moon
|-crit|p1a: Biking Moon
|-damage|p1a: Biking Moon|0 fnt
|-unboost|p2a: ADDRESS ME|def|1
|-unboost|p2a: ADDRESS ME|spd|1
|faint|p1a: Biking Moon
|
|upkeep
|c|☆Lesteria|ofc
|
|t:|1776053995
|switch|p1a: Surfing Bafoon|Gholdengo|56/100
|-damage|p1a: Surfing Bafoon|40/100|[from] Spikes
|turn|18
|
|t:|1776054008
|-end|p2a: ADDRESS ME|Protosynthesis|[silent]
|switch|p2a: BRB|Iron Crown|2/100
|move|p1a: Surfing Bafoon|Shadow Ball|p2a: BRB
|-supereffective|p2a: BRB
|-damage|p2a: BRB|0 fnt
|faint|p2a: BRB
|-end|p2a: BRB|Quark Drive|[silent]
|
|upkeep
|
|t:|1776054011
|switch|p2a: ADDRESS ME|Great Tusk|100/100
|turn|19
|
|t:|1776054017
|move|p1a: Surfing Bafoon|Shadow Ball|p2a: ADDRESS ME
|-damage|p2a: ADDRESS ME|36/100
|-unboost|p2a: ADDRESS ME|spd|1
|move|p2a: ADDRESS ME|Headlong Rush|p1a: Surfing Bafoon
|-supereffective|p1a: Surfing Bafoon
|-damage|p1a: Surfing Bafoon|0 fnt
|-unboost|p2a: ADDRESS ME|def|1
|-unboost|p2a: ADDRESS ME|spd|1
|faint|p1a: Surfing Bafoon
|
|win|LossCulture
|raw|Lesteria's rating: 1266 &rarr; <strong>1237</strong><br />(-29 for losing)
|raw|LossCulture's rating: 1208 &rarr; <strong>1237</strong><br />(+29 for winning)
|l|☆Lesteria
|player|p1|
|c|☆LossCulture|OH YEA CALL ME A GOOD BOY
|l|☆LossCulture
|player|p2|
