|html|<div class="broadcast-blue"><strong>[Gen 9] OU is currently suspecting Tera Blast! For information on how to participate check out the <a href="https://www.smogon.com/tools/suspects/view/200">suspect thread</a>.</strong></div>
|j|☆buibuububib
|j|☆elementalbalance
|t:|1776204134
|gametype|singles
|player|p1|buibuububib|gambler|1049
|player|p2|elementalbalance|ghetsis|1006
|gen|9
|tier|[Gen 9] OU
|rated|
|rule|HP Percentage Mod: HP is shown in percentages
|rule|Endless Battle Clause: Forcing endless battles is banned
|rule|Species Clause: Limit one of each Pokémon
|rule|OHKO Clause: OHKO moves are banned
|rule|Evasion Items Clause: Evasion items are banned
|rule|Evasion Moves Clause: Evasion moves are banned
|rule|Evasion Abilities Clause: Evasion abilities are banned
|rule|Sleep Moves Clause: Sleep-inducing moves are banned
|clearpoke
|poke|p1|Haxorus, M|
|poke|p1|Lycanroc, M|
|poke|p1|Dragapult, F|
|poke|p1|Tornadus-Therian, M|
|poke|p1|Primeape, M|
|poke|p1|Revavroom, M|
|poke|p2|Rillaboom, M|
|poke|p2|Serperior, F|
|poke|p2|Heatran, F|
|poke|p2|Gholdengo|
|poke|p2|Zamazenta-*|
|poke|p2|Great Tusk|
|teampreview
|j| ohko_smeargle
|inactive|Battle timer is ON: inactive players will automatically lose when time's up. (requested by buibuububib)
|
|t:|1776204155
|teamsize|p1|6
|teamsize|p2|6
|start
|switch|p1a: vroooom|Revavroom, M, shiny|100/100
|switch|p2a: Rillaboom|Rillaboom, M|100/100
|-fieldstart|move: Grassy Terrain|[from] ability: Grassy Surge|[of] p2a: Rillaboom
|turn|1
|
|t:|1776204168
|switch|p2a: Heatran|Heatran, F|100/100
|-item|p2a: Heatran|Air Balloon
|move|p1a: vroooom|Shift Gear|p1a: vroooom
|-boost|p1a: vroooom|spe|2
|-boost|p1a: vroooom|atk|1
|
|upkeep
|turn|2
|
|t:|1776204181
|-terastallize|p1a: vroooom|Flying
|move|p1a: vroooom|Zen Headbutt|p2a: Heatran
|-resisted|p2a: Heatran
|-damage|p2a: Heatran|79/100
|-enditem|p2a: Heatran|Air Balloon
|-damage|p1a: vroooom|91/100|[from] item: Life Orb
|move|p2a: Heatran|Magma Storm|p1a: vroooom
|-crit|p1a: vroooom
|-damage|p1a: vroooom|0 fnt
|faint|p1a: vroooom
|
|-heal|p2a: Heatran|85/100|[from] Grassy Terrain
|upkeep
|
|t:|1776204196
|switch|p1a: the GOAT|Haxorus, M, shiny|100/100
|-ability|p1a: the GOAT|Mold Breaker
|turn|3
|
|t:|1776204206
|switch|p2a: Serperior|Serperior, F|100/100
|move|p1a: the GOAT|Earthquake|p2a: Serperior
|-resisted|p2a: Serperior
|-damage|p2a: Serperior|88/100
|
|-heal|p2a: Serperior|94/100|[from] Grassy Terrain
|upkeep
|turn|4
|
|t:|1776204215
|move|p2a: Serperior|Leaf Storm|p1a: the GOAT
|-resisted|p1a: the GOAT
|-damage|p1a: the GOAT|51/100
|-boost|p2a: Serperior|spa|2
|move|p1a: the GOAT|Swords Dance|p1a: the GOAT
|-boost|p1a: the GOAT|atk|2
|
|-heal|p2a: Serperior|99/100|[from] Grassy Terrain
|-heal|p1a: the GOAT|57/100|[from] Grassy Terrain
|upkeep
|turn|5
|
|t:|1776204225
|move|p2a: Serperior|Leaf Storm|p1a: the GOAT|[miss]
|-miss|p2a: Serperior|p1a: the GOAT
|move|p1a: the GOAT|Scale Shot|p2a: Serperior
|-damage|p2a: Serperior|64/100
|-damage|p2a: Serperior|28/100
|-damage|p2a: Serperior|0 fnt
|faint|p2a: Serperior
|-hitcount|p2: Serperior|3
|-unboost|p1a: the GOAT|def|1
|-boost|p1a: the GOAT|spe|1
|
|-heal|p1a: the GOAT|64/100|[from] Grassy Terrain
|upkeep
|
|t:|1776204237
|switch|p2a: Zamazenta|Zamazenta|100/100
|-ability|p2a: Zamazenta|Dauntless Shield|boost
|-boost|p2a: Zamazenta|def|1
|turn|6
|
|t:|1776204246
|move|p1a: the GOAT|Scale Shot|p2a: Zamazenta
|-damage|p2a: Zamazenta|81/100
|-damage|p2a: Zamazenta|63/100
|-crit|p2a: Zamazenta
|-damage|p2a: Zamazenta|22/100
|-damage|p2a: Zamazenta|4/100
|-hitcount|p2a: Zamazenta|4
|-unboost|p1a: the GOAT|def|1
|-boost|p1a: the GOAT|spe|1
|move|p2a: Zamazenta|Ice Fang|p1a: the GOAT
|-supereffective|p1a: the GOAT
|-crit|p1a: the GOAT
|-damage|p1a: the GOAT|0 fnt
|faint|p1a: the GOAT
|-damage|p2a: Zamazenta|0 fnt|[from] item: Life Orb
|faint|p2a: Zamazenta
|
|upkeep
|
|t:|1776204267
|switch|p2a: Gholdengo|Gholdengo|100/100
|switch|p1a: flyin furry|Tornadus-Therian, M|100/100
|-enditem|p2a: Gholdengo|Grassy Seed
|-boost|p2a: Gholdengo|def|1|[from] item: Grassy Seed
|turn|7
|
|t:|1776204273
|move|p1a: flyin furry|Heat Wave|p2a: Gholdengo
|-supereffective|p2a: Gholdengo
|-damage|p2a: Gholdengo|40/100
|-status|p2a: Gholdengo|brn
|-damage|p1a: flyin furry|91/100|[from] item: Life Orb
|move|p2a: Gholdengo|Shadow Ball|p1a: flyin furry
|-crit|p1a: flyin furry
|-damage|p1a: flyin furry|21/100
|-unboost|p1a: flyin furry|spd|1
|
|-heal|p2a: Gholdengo|46/100 brn|[from] Grassy Terrain
|-damage|p2a: Gholdengo|40/100 brn|[from] brn
|upkeep
|turn|8
|
|t:|1776204290
|-terastallize|p2a: Gholdengo|Water
|move|p1a: flyin furry|Dark Pulse|p2a: Gholdengo
|-damage|p2a: Gholdengo|11/100 brn
|-damage|p1a: flyin furry|11/100|[from] item: Life Orb
|cant|p2a: Gholdengo|flinch
|
|-heal|p2a: Gholdengo|17/100 brn|[from] Grassy Terrain
|-damage|p2a: Gholdengo|11/100 brn|[from] brn
|-fieldend|move: Grassy Terrain
|upkeep
|turn|9
|
|t:|1776204305
|move|p1a: flyin furry|U-turn|p2a: Gholdengo
|-crit|p2a: Gholdengo
|-damage|p2a: Gholdengo|0 fnt
|faint|p2a: Gholdengo
|-damage|p1a: flyin furry|1/100|[from] item: Life Orb
|
|t:|1776204313
|switch|p1a: monk ey|Primeape, M, shiny|100/100|[from] U-turn
|
|upkeep
|
|t:|1776204331
|switch|p2a: Rillaboom|Rillaboom, M|100/100
|-fieldstart|move: Grassy Terrain|[from] ability: Grassy Surge|[of] p2a: Rillaboom
|turn|10
|
|t:|1776204339
|move|p2a: Rillaboom|Grassy Glide|p1a: monk ey
|-damage|p1a: monk ey|45/100
|move|p1a: monk ey|Fire Punch|p2a: Rillaboom
|-supereffective|p2a: Rillaboom
|-crit|p2a: Rillaboom
|-damage|p2a: Rillaboom|34/100
|
|-heal|p1a: monk ey|51/100|[from] Grassy Terrain
|-heal|p2a: Rillaboom|40/100|[from] Grassy Terrain
|upkeep
|turn|11
|
|t:|1776204354
|move|p2a: Rillaboom|Grassy Glide|p1a: monk ey
|-damage|p1a: monk ey|2/100
|move|p1a: monk ey|Drain Punch|p2a: Rillaboom
|-damage|p2a: Rillaboom|5/100
|-heal|p1a: monk ey|25/100|[from] drain|[of] p2a: Rillaboom
|
|-heal|p1a: monk ey|31/100|[from] Grassy Terrain
|-heal|p2a: Rillaboom|11/100|[from] Grassy Terrain
|upkeep
|turn|12
|
|t:|1776204363
|switch|p1a: pulter|Dragapult, F|100/100
|move|p2a: Rillaboom|Grassy Glide|p1a: pulter
|-resisted|p1a: pulter
|-damage|p1a: pulter|75/100
|
|-heal|p1a: pulter|81/100|[from] Grassy Terrain
|-heal|p2a: Rillaboom|17/100|[from] Grassy Terrain
|upkeep
|turn|13
|
|t:|1776204372
|switch|p2a: Great Tusk|Great Tusk|100/100
|-enditem|p2a: Great Tusk|Booster Energy
|-activate|p2a: Great Tusk|ability: Protosynthesis|[fromitem]
|-start|p2a: Great Tusk|protosynthesisspe
|move|p1a: pulter|U-turn|p2a: Great Tusk
|-resisted|p2a: Great Tusk
|-damage|p2a: Great Tusk|93/100
|
|t:|1776204383
|switch|p1a: flyin furry|Tornadus-Therian, M|34/100|[from] U-turn
|
|-heal|p2a: Great Tusk|99/100|[from] Grassy Terrain
|upkeep
|turn|14
|inactive|elementalbalance has 120 seconds left.
|
|t:|1776204421
|move|p2a: Great Tusk|Head Smash|p1a: flyin furry
|-supereffective|p1a: flyin furry
|-damage|p1a: flyin furry|0 fnt
|faint|p1a: flyin furry
|-damage|p2a: Great Tusk|88/100|[from] Recoil
|
|-heal|p2a: Great Tusk|94/100|[from] Grassy Terrain
|upkeep
|
|t:|1776204429
|switch|p1a: pulter|Dragapult, F|81/100
|turn|15
|inactive|elementalbalance has 120 seconds left.
|
|t:|1776204442
|move|p2a: Great Tusk|Head Smash|p1a: pulter
|-damage|p1a: pulter|25/100
|-damage|p2a: Great Tusk|73/100|[from] Recoil
|move|p1a: pulter|Psychic Fangs|p2a: Great Tusk
|-supereffective|p2a: Great Tusk
|-damage|p2a: Great Tusk|40/100
|
|-heal|p2a: Great Tusk|46/100|[from] Grassy Terrain
|-heal|p1a: pulter|31/100|[from] Grassy Terrain
|upkeep
|turn|16
|
|t:|1776204464
|move|p2a: Great Tusk|Head Smash|p1a: pulter
|-damage|p1a: pulter|0 fnt
|faint|p1a: pulter
|-damage|p2a: Great Tusk|35/100|[from] Recoil
|
|-heal|p2a: Great Tusk|41/100|[from] Grassy Terrain
|upkeep
|
|t:|1776204470
|switch|p1a: monk ey|Primeape, M, shiny|31/100
|turn|17
|
|t:|1776204478
|move|p2a: Great Tusk|Headlong Rush|p1a: monk ey
|-damage|p1a: monk ey|0 fnt
|-unboost|p2a: Great Tusk|def|1
|-unboost|p2a: Great Tusk|spd|1
|faint|p1a: monk ey
|
|-heal|p2a: Great Tusk|48/100|[from] Grassy Terrain
|-fieldend|move: Grassy Terrain
|upkeep
|
|t:|1776204485
|switch|p1a: furry|Lycanroc, M, shiny|100/100
|turn|18
|inactive|elementalbalance has 120 seconds left.
|
|t:|1776204515
|move|p2a: Great Tusk|Headlong Rush|p1a: furry
|-supereffective|p1a: furry
|-damage|p1a: furry|0 fnt
|-unboost|p2a: Great Tusk|def|1
|-unboost|p2a: Great Tusk|spd|1
|faint|p1a: furry
|
|win|elementalbalance
|raw|buibuububib's rating: 1049 &rarr; <strong>1030</strong><br />(-19 for losing)
|raw|elementalbalance's rating: 1006 &rarr; <strong>1050</strong><br />(+44 for winning)
|l| ohko_smeargle
|l|☆buibuububib
|player|p1|
