|html|<div class="broadcast-blue"><strong>[Gen 9] OU is currently suspecting Tera Blast! For information on how to participate check out the <a href="https://www.smogon.com/tools/suspects/view/200">suspect thread</a>.</strong></div>
|j|☆kenkori
|j|☆Geyserg
|t:|1776094164
|gametype|singles
|player|p1|kenkori|veteran|1177
|player|p2|Geyserg|170|1190
|gen|9
|tier|[Gen 9] OU
|rated|
|rule|HP Percentage Mod: HP is shown in percentages
|rule|Endless Battle Clause: Forcing endless battles is banned
|rule|Species Clause: Limit one of each Pokémon
|rule|OHKO Clause: OHKO moves are banned
|rule|Evasion Items Clause: Evasion items are banned
|rule|Evasion Moves Clause: Evasion moves are banned
|rule|Evasion Abilities Clause: Evasion abilities are banned
|rule|Sleep Moves Clause: Sleep-inducing moves are banned
|clearpoke
|poke|p1|Tyranitar, M|
|poke|p1|Excadrill, F|
|poke|p1|Garchomp, M|
|poke|p1|Swampert, F|
|poke|p1|Golem-Alola, F|
|poke|p1|Orthworm, M|
|poke|p2|Blaziken, M|
|poke|p2|Greninja-*, M|
|poke|p2|Garganacl, F|
|poke|p2|Noivern, M|
|poke|p2|Scizor, M|
|poke|p2|Dusclops, F|
|teampreview
|
|t:|1776094185
|teamsize|p1|6
|teamsize|p2|6
|start
|switch|p1a: Tyranitar|Tyranitar, M|100/100
|switch|p2a: Dusclops|Dusclops, F|100/100
|-weather|Sandstorm|[from] ability: Sand Stream|[of] p1a: Tyranitar
|-item|p1a: Tyranitar|Assault Vest|[from] ability: Frisk|[of] p2a: Dusclops
|turn|1
|
|t:|1776094190
|move|p1a: Tyranitar|Knock Off|p2a: Dusclops
|-supereffective|p2a: Dusclops
|-crit|p2a: Dusclops
|-damage|p2a: Dusclops|0 fnt
|-enditem|p2a: Dusclops|Eviolite|[from] move: Knock Off|[of] p1a: Tyranitar
|faint|p2a: Dusclops
|
|-weather|Sandstorm|[upkeep]
|upkeep
|
|t:|1776094198
|switch|p2a: Blaziken|Blaziken, M|100/100
|turn|2
|
|t:|1776094204
|move|p2a: Blaziken|Swords Dance|p2a: Blaziken
|-boost|p2a: Blaziken|atk|2
|move|p1a: Tyranitar|Earthquake|p2a: Blaziken
|-supereffective|p2a: Blaziken
|-damage|p2a: Blaziken|0 fnt
|faint|p2a: Blaziken
|
|-weather|Sandstorm|[upkeep]
|upkeep
|
|t:|1776094213
|switch|p2a: Scizor|Scizor, M|100/100
|turn|3
|
|t:|1776094223
|move|p2a: Scizor|Close Combat|p1a: Tyranitar
|-supereffective|p1a: Tyranitar
|-damage|p1a: Tyranitar|0 fnt
|-unboost|p2a: Scizor|def|1
|-unboost|p2a: Scizor|spd|1
|faint|p1a: Tyranitar
|-damage|p2a: Scizor|91/100|[from] item: Life Orb
|
|-weather|Sandstorm|[upkeep]
|upkeep
|
|t:|1776094226
|switch|p1a: Excadrill|Excadrill, F|100/100
|turn|4
|
|t:|1776094243
|switch|p2a: Garganacl|Garganacl, F|100/100
|move|p1a: Excadrill|Earthquake|p2a: Garganacl
|-supereffective|p2a: Garganacl
|-damage|p2a: Garganacl|35/100
|
|-weather|Sandstorm|[upkeep]
|-heal|p2a: Garganacl|41/100|[from] item: Leftovers
|upkeep
|turn|5
|
|t:|1776094262
|-terastallize|p2a: Garganacl|Ground
|move|p1a: Excadrill|Iron Head|p2a: Garganacl
|-damage|p2a: Garganacl|18/100
|cant|p2a: Garganacl|flinch
|
|-weather|none
|-heal|p2a: Garganacl|24/100|[from] item: Leftovers
|upkeep
|turn|6
|
|t:|1776094271
|move|p1a: Excadrill|Iron Head|p2a: Garganacl
|-damage|p2a: Garganacl|0 fnt
|faint|p2a: Garganacl
|
|upkeep
|
|t:|1776094275
|switch|p2a: Greniggá|Greninja, M, shiny|100/100
|turn|7
|
|t:|1776094281
|move|p2a: Greniggá|Water Shuriken|p1a: Excadrill
|-start|p2a: Greniggá|typechange|Water|[from] ability: Protean
|-supereffective|p1a: Excadrill
|-damage|p1a: Excadrill|82/100
|-supereffective|p1a: Excadrill
|-damage|p1a: Excadrill|64/100
|-supereffective|p1a: Excadrill
|-damage|p1a: Excadrill|47/100
|-supereffective|p1a: Excadrill
|-damage|p1a: Excadrill|27/100
|-supereffective|p1a: Excadrill
|-damage|p1a: Excadrill|7/100
|-hitcount|p1a: Excadrill|5
|move|p1a: Excadrill|Earthquake|p2a: Greniggá
|-damage|p2a: Greniggá|2/100
|
|-heal|p1a: Excadrill|14/100|[from] item: Leftovers
|upkeep
|turn|8
|
|t:|1776094295
|move|p2a: Greniggá|Water Shuriken|p1a: Excadrill
|-supereffective|p1a: Excadrill
|-damage|p1a: Excadrill|0 fnt
|faint|p1a: Excadrill
|-hitcount|p1: Excadrill|1
|
|upkeep
|
|t:|1776094302
|switch|p1a: Garchomp|Garchomp, M|100/100
|turn|9
|
|t:|1776094306
|move|p2a: Greniggá|Ice Beam|p1a: Garchomp
|-supereffective|p1a: Garchomp
|-crit|p1a: Garchomp
|-damage|p1a: Garchomp|0 fnt
|faint|p1a: Garchomp
|
|upkeep
|
|t:|1776094315
|switch|p1a: Orthworm|Orthworm, M|100/100
|turn|10
|
|t:|1776094325
|move|p2a: Greniggá|Water Shuriken|p1a: Orthworm
|-damage|p1a: Orthworm|86/100
|-damage|p1a: Orthworm|73/100
|-damage|p1a: Orthworm|60/100
|-damage|p1a: Orthworm|46/100
|-damage|p1a: Orthworm|32/100
|-hitcount|p1a: Orthworm|5
|move|p1a: Orthworm|Heavy Slam|p2a: Greniggá
|-resisted|p2a: Greniggá
|-damage|p2a: Greniggá|0 fnt
|faint|p2a: Greniggá
|-damage|p1a: Orthworm|22/100|[from] item: Life Orb
|
|upkeep
|
|t:|1776094345
|switch|p2a: Scizor|Scizor, M|91/100
|turn|11
|
|t:|1776094358
|move|p2a: Scizor|Swords Dance|p2a: Scizor
|-boost|p2a: Scizor|atk|2
|move|p1a: Orthworm|Body Press|p2a: Scizor
|-damage|p2a: Scizor|50/100
|-damage|p1a: Orthworm|12/100|[from] item: Life Orb
|
|upkeep
|turn|12
|
|t:|1776094364
|move|p2a: Scizor|Bullet Punch|p1a: Orthworm
|-resisted|p1a: Orthworm
|-damage|p1a: Orthworm|0 fnt
|faint|p1a: Orthworm
|-damage|p2a: Scizor|40/100|[from] item: Life Orb
|
|upkeep
|
|t:|1776094366
|switch|p1a: Golem|Golem-Alola, F|100/100
|-item|p1a: Golem|Air Balloon
|turn|13
|
|t:|1776094376
|-terastallize|p1a: Golem|Flying
|move|p2a: Scizor|Bullet Punch|p1a: Golem
|-damage|p1a: Golem|35/100
|-enditem|p1a: Golem|Air Balloon
|-damage|p2a: Scizor|30/100|[from] item: Life Orb
|move|p1a: Golem|Double-Edge|p2a: Scizor
|-damage|p2a: Scizor|0 fnt
|faint|p2a: Scizor
|-damage|p1a: Golem|25/100|[from] Recoil
|
|upkeep
|
|t:|1776094390
|switch|p2a: Noivern|Noivern, M|100/100
|turn|14
|inactive|Battle timer is ON: inactive players will automatically lose when time's up. (requested by Geyserg)
|
|t:|1776094432
|move|p2a: Noivern|Boomburst|p1a: Golem
|-damage|p1a: Golem|0 fnt
|faint|p1a: Golem
|
|upkeep
|
|t:|1776094437
|switch|p1a: Swampert|Swampert, F|100/100
|turn|15
|
|t:|1776094443
|move|p2a: Noivern|Boomburst|p1a: Swampert
|-crit|p1a: Swampert
|-damage|p1a: Swampert|5/100
|move|p1a: Swampert|Sludge Wave|p2a: Noivern
|-damage|p2a: Noivern|63/100
|
|upkeep
|turn|16
|
|t:|1776094450
|move|p2a: Noivern|Boomburst|p1a: Swampert
|-damage|p1a: Swampert|0 fnt
|faint|p1a: Swampert
|
|win|Geyserg
|raw|kenkori's rating: 1177 &rarr; <strong>1153</strong><br />(-24 for losing)
|raw|Geyserg's rating: 1190 &rarr; <strong>1214</strong><br />(+24 for winning)
|l|☆Geyserg
|player|p2|
|l|☆kenkori
|player|p1|
