|html|<div class="broadcast-blue"><strong>[Gen 9] OU is currently suspecting Tera Blast! For information on how to participate check out the <a href="https://www.smogon.com/tools/suspects/view/200">suspect thread</a>.</strong></div>
|j|☆Blackbelt59
|j|☆Kalaphant
|t:|1776102834
|gametype|singles
|player|p1|Blackbelt59|palmer|1250
|player|p2|Kalaphant|1|1281
|gen|9
|tier|[Gen 9] OU
|rated|
|rule|HP Percentage Mod: HP is shown in percentages
|rule|Endless Battle Clause: Forcing endless battles is banned
|rule|Species Clause: Limit one of each Pokémon
|rule|OHKO Clause: OHKO moves are banned
|rule|Evasion Items Clause: Evasion items are banned
|rule|Evasion Moves Clause: Evasion moves are banned
|rule|Evasion Abilities Clause: Evasion abilities are banned
|rule|Sleep Moves Clause: Sleep-inducing moves are banned
|clearpoke
|poke|p1|Gholdengo|
|poke|p1|Raging Bolt|
|poke|p1|Pelipper, M|
|poke|p1|Dragonite, F|
|poke|p1|Slowking-Galar, M|
|poke|p1|Great Tusk|
|poke|p2|Great Tusk|
|poke|p2|Iron Moth|
|poke|p2|Gliscor, M|
|poke|p2|Kyurem|
|poke|p2|Kingambit, F|
|poke|p2|Moltres|
|teampreview
|inactive|Battle timer is ON: inactive players will automatically lose when time's up. (requested by Kalaphant)
|c|☆Kalaphant|glhf
|c|☆Blackbelt59|same 2 u
|inactive|Blackbelt59 has 120 seconds left.
|
|t:|1776102872
|teamsize|p1|6
|teamsize|p2|6
|start
|switch|p1a: Avon|Pelipper, M|100/100
|switch|p2a: Kyurem|Kyurem|100/100
|-ability|p2a: Kyurem|Pressure
|-weather|RainDance|[from] ability: Drizzle|[of] p1a: Avon
|turn|1
|
|t:|1776102884
|switch|p1a: Onion Rings|Slowking-Galar, M|100/100
|move|p2a: Kyurem|Freeze-Dry|p1a: Onion Rings
|-damage|p1a: Onion Rings|80/100
|
|-weather|RainDance|[upkeep]
|-heal|p1a: Onion Rings|87/100|[from] item: Black Sludge
|upkeep
|turn|2
|
|t:|1776102897
|move|p2a: Kyurem|Substitute|p2a: Kyurem
|-start|p2a: Kyurem|Substitute
|-damage|p2a: Kyurem|76/100
|move|p1a: Onion Rings|Psychic|p2a: Kyurem
|-end|p2a: Kyurem|Substitute
|
|-weather|RainDance|[upkeep]
|-heal|p2a: Kyurem|82/100|[from] item: Leftovers
|-heal|p1a: Onion Rings|93/100|[from] item: Black Sludge
|upkeep
|turn|3
|
|t:|1776102918
|move|p2a: Kyurem|Earth Power|p1a: Onion Rings
|-supereffective|p1a: Onion Rings
|-damage|p1a: Onion Rings|57/100
|move|p1a: Onion Rings|Psychic|p2a: Kyurem
|-damage|p2a: Kyurem|47/100
|
|-weather|RainDance|[upkeep]
|-heal|p2a: Kyurem|53/100|[from] item: Leftovers
|-heal|p1a: Onion Rings|63/100|[from] item: Black Sludge
|upkeep
|turn|4
|
|t:|1776102935
|switch|p2a: Kingambit|Kingambit, F|100/100
|move|p1a: Onion Rings|Psychic|p2a: Kingambit
|-immune|p2a: Kingambit
|
|-weather|RainDance|[upkeep]
|-heal|p1a: Onion Rings|69/100|[from] item: Black Sludge
|upkeep
|turn|5
|
|t:|1776102950
|move|p1a: Onion Rings|Protect|p1a: Onion Rings
|-singleturn|p1a: Onion Rings|Protect
|move|p2a: Kingambit|Kowtow Cleave|p1a: Onion Rings
|-activate|p1a: Onion Rings|move: Protect
|
|-weather|none
|-heal|p1a: Onion Rings|75/100|[from] item: Black Sludge
|upkeep
|turn|6
|
|t:|1776102963
|switch|p1a: Snuffleupagus|Great Tusk|100/100
|move|p2a: Kingambit|Kowtow Cleave|p1a: Snuffleupagus
|-resisted|p1a: Snuffleupagus
|-damage|p1a: Snuffleupagus|85/100
|
|upkeep
|turn|7
|inactive|Kalaphant has 120 seconds left.
|
|t:|1776102986
|-end|p2a: Kingambit|fallenundefined|[silent]
|switch|p2a: Gliscor|Gliscor, M|100/100
|move|p1a: Snuffleupagus|Knock Off|p2a: Gliscor
|-damage|p2a: Gliscor|75/100
|-enditem|p2a: Gliscor|Toxic Orb|[from] move: Knock Off|[of] p1a: Snuffleupagus
|
|upkeep
|turn|8
|inactive|Kalaphant has 120 seconds left.
|
|t:|1776102998
|-end|p1a: Snuffleupagus|Protosynthesis|[silent]
|switch|p1a: Avon|Pelipper, M|100/100
|-weather|RainDance|[from] ability: Drizzle|[of] p1a: Avon
|move|p2a: Gliscor|Earthquake|p1a: Avon
|-immune|p1a: Avon
|
|-weather|RainDance|[upkeep]
|upkeep
|turn|9
|
|t:|1776103009
|move|p2a: Gliscor|Knock Off|p1a: Avon
|-damage|p1a: Avon|84/100
|-enditem|p1a: Avon|Leftovers|[from] move: Knock Off|[of] p2a: Gliscor
|move|p1a: Avon|Weather Ball|p2a: Gliscor
|-supereffective|p2a: Gliscor
|-damage|p2a: Gliscor|0 fnt
|faint|p2a: Gliscor
|
|-weather|RainDance|[upkeep]
|upkeep
|inactive|Kalaphant has 120 seconds left.
|
|t:|1776103035
|switch|p2a: Iron Moth|Iron Moth|100/100
|-enditem|p2a: Iron Moth|Booster Energy
|-activate|p2a: Iron Moth|ability: Quark Drive|[fromitem]
|-start|p2a: Iron Moth|quarkdrivespe
|turn|10
|
|t:|1776103049
|move|p1a: Avon|Protect|p1a: Avon
|-singleturn|p1a: Avon|Protect
|move|p2a: Iron Moth|Sludge Wave|p1a: Avon
|-activate|p1a: Avon|move: Protect
|
|-weather|RainDance|[upkeep]
|upkeep
|turn|11
|
|t:|1776103062
|switch|p1a: Onion Rings|Slowking-Galar, M|100/100
|move|p2a: Iron Moth|Sludge Wave|p1a: Onion Rings
|-resisted|p1a: Onion Rings
|-damage|p1a: Onion Rings|86/100
|
|-weather|RainDance|[upkeep]
|-heal|p1a: Onion Rings|92/100|[from] item: Black Sludge
|upkeep
|turn|12
|inactive|Kalaphant has 120 seconds left.
|
|t:|1776103077
|switch|p1a: Snuffleupagus|Great Tusk|85/100
|move|p2a: Iron Moth|Fiery Dance|p1a: Snuffleupagus
|-damage|p1a: Snuffleupagus|53/100
|
|-weather|none
|upkeep
|turn|13
|inactive|Kalaphant has 120 seconds left.
|c|☆Blackbelt59|?
|c|☆Blackbelt59|u no switch
|c|☆Blackbelt59|intresting
|
|t:|1776103102
|-end|p2a: Iron Moth|Quark Drive|[silent]
|switch|p2a: Moltres|Moltres|100/100
|-end|p1a: Snuffleupagus|Protosynthesis|[silent]
|switch|p1a: Onion Rings|Slowking-Galar, M|100/100
|
|upkeep
|turn|14
|
|t:|1776103113
|move|p2a: Moltres|Flamethrower|p1a: Onion Rings
|-damage|p1a: Onion Rings|79/100
|move|p1a: Onion Rings|Psychic|p2a: Moltres
|-damage|p2a: Moltres|71/100
|
|-heal|p1a: Onion Rings|85/100|[from] item: Black Sludge
|upkeep
|turn|15
|
|t:|1776103122
|move|p2a: Moltres|U-turn|p1a: Onion Rings
|-damage|p1a: Onion Rings|71/100
|
|t:|1776103125
|switch|p2a: Kingambit|Kingambit, F|100/100|[from] U-turn
|-activate|p2a: Kingambit|ability: Supreme Overlord
|-start|p2a: Kingambit|fallen1|[silent]
|move|p1a: Onion Rings|Toxic Spikes|p2a: Kingambit
|-sidestart|p2: Kalaphant|move: Toxic Spikes
|
|-heal|p1a: Onion Rings|77/100|[from] item: Black Sludge
|upkeep
|turn|16
|inactive|Kalaphant has 120 seconds left.
|
|t:|1776103135
|switch|p1a: Snuffleupagus|Great Tusk|53/100
|move|p2a: Kingambit|Kowtow Cleave|p1a: Snuffleupagus
|-resisted|p1a: Snuffleupagus
|-damage|p1a: Snuffleupagus|36/100
|
|upkeep
|turn|17
|inactive|Kalaphant has 120 seconds left.
|
|t:|1776103154
|-terastallize|p2a: Kingambit|Ghost
|move|p1a: Snuffleupagus|Earthquake|p2a: Kingambit
|-damage|p2a: Kingambit|52/100
|move|p2a: Kingambit|Swords Dance|p2a: Kingambit
|-boost|p2a: Kingambit|atk|2
|
|-heal|p2a: Kingambit|58/100|[from] item: Leftovers
|upkeep
|turn|18
|
|t:|1776103163
|move|p2a: Kingambit|Sucker Punch|p1a: Snuffleupagus
|-resisted|p1a: Snuffleupagus
|-damage|p1a: Snuffleupagus|7/100
|move|p1a: Snuffleupagus|Knock Off|p2a: Kingambit
|-supereffective|p2a: Kingambit
|-damage|p2a: Kingambit|0 fnt
|-enditem|p2a: Kingambit|Leftovers|[from] move: Knock Off|[of] p1a: Snuffleupagus
|faint|p2a: Kingambit
|-end|p2a: Kingambit|fallen1|[silent]
|
|upkeep
|
|t:|1776103178
|switch|p2a: Iron Moth|Iron Moth|100/100
|-sideend|p2: Kalaphant|move: Toxic Spikes|[of] p2a: Iron Moth
|turn|19
|
|t:|1776103200
|move|p2a: Iron Moth|Fiery Dance|p1a: Snuffleupagus
|-damage|p1a: Snuffleupagus|0 fnt
|-boost|p2a: Iron Moth|spa|1
|faint|p1a: Snuffleupagus
|-end|p1a: Snuffleupagus|Protosynthesis|[silent]
|
|upkeep
|
|t:|1776103208
|switch|p1a: Onion Rings|Slowking-Galar, M|100/100
|turn|20
|
|t:|1776103216
|move|p2a: Iron Moth|Fiery Dance|p1a: Onion Rings
|-damage|p1a: Onion Rings|62/100
|-boost|p2a: Iron Moth|spa|1
|move|p1a: Onion Rings|Psychic|p2a: Iron Moth
|-supereffective|p2a: Iron Moth
|-damage|p2a: Iron Moth|34/100
|
|-heal|p1a: Onion Rings|68/100|[from] item: Black Sludge
|upkeep
|turn|21
|
|t:|1776103225
|move|p1a: Onion Rings|Protect|p1a: Onion Rings
|-singleturn|p1a: Onion Rings|Protect
|move|p2a: Iron Moth|Fiery Dance|p1a: Onion Rings
|-activate|p1a: Onion Rings|move: Protect
|
|-heal|p1a: Onion Rings|74/100|[from] item: Black Sludge
|upkeep
|turn|22
|
|t:|1776103228
|move|p2a: Iron Moth|Fiery Dance|p1a: Onion Rings
|-damage|p1a: Onion Rings|27/100
|move|p1a: Onion Rings|Psychic|p2a: Iron Moth
|-supereffective|p2a: Iron Moth
|-damage|p2a: Iron Moth|0 fnt
|faint|p2a: Iron Moth
|-end|p2a: Iron Moth|Quark Drive|[silent]
|
|-heal|p1a: Onion Rings|33/100|[from] item: Black Sludge
|upkeep
|inactive|Kalaphant has 120 seconds left.
|
|t:|1776103240
|switch|p2a: Great Tusk|Great Tusk|100/100
|-enditem|p2a: Great Tusk|Booster Energy
|-activate|p2a: Great Tusk|ability: Protosynthesis|[fromitem]
|-start|p2a: Great Tusk|protosynthesisatk
|turn|23
|inactive|Kalaphant has 120 seconds left.
|
|t:|1776103250
|switch|p1a: Avon|Pelipper, M|84/100
|-weather|RainDance|[from] ability: Drizzle|[of] p1a: Avon
|move|p2a: Great Tusk|Headlong Rush|p1a: Avon
|-immune|p1a: Avon
|
|-weather|RainDance|[upkeep]
|upkeep
|turn|24
|inactive|Kalaphant has 120 seconds left.
|
|t:|1776103262
|move|p2a: Great Tusk|Stealth Rock|p1a: Avon
|-sidestart|p1: Blackbelt59|move: Stealth Rock
|move|p1a: Avon|Weather Ball|p2a: Great Tusk
|-supereffective|p2a: Great Tusk
|-damage|p2a: Great Tusk|0 fnt
|faint|p2a: Great Tusk
|-end|p2a: Great Tusk|Protosynthesis|[silent]
|
|-weather|RainDance|[upkeep]
|upkeep
|inactive|Kalaphant has 120 seconds left.
|
|t:|1776103281
|switch|p2a: Kyurem|Kyurem|53/100
|-ability|p2a: Kyurem|Pressure
|turn|25
|
|t:|1776103294
|switch|p1a: Onion Rings|Slowking-Galar, M|67/100
|-damage|p1a: Onion Rings|54/100|[from] Stealth Rock
|move|p2a: Kyurem|Freeze-Dry|p1a: Onion Rings
|-damage|p1a: Onion Rings|33/100
|
|-weather|RainDance|[upkeep]
|-heal|p2a: Kyurem|60/100|[from] item: Leftovers
|-heal|p1a: Onion Rings|39/100|[from] item: Black Sludge
|upkeep
|turn|26
|
|t:|1776103307
|move|p2a: Kyurem|Earth Power|p1a: Onion Rings
|-supereffective|p1a: Onion Rings
|-damage|p1a: Onion Rings|4/100
|move|p1a: Onion Rings|Psychic|p2a: Kyurem
|-damage|p2a: Kyurem|28/100
|-unboost|p2a: Kyurem|spd|1
|
|-weather|RainDance|[upkeep]
|-heal|p2a: Kyurem|34/100|[from] item: Leftovers
|-heal|p1a: Onion Rings|10/100|[from] item: Black Sludge
|upkeep
|turn|27
|
|t:|1776103318
|move|p2a: Kyurem|Earth Power|p1a: Onion Rings
|-supereffective|p1a: Onion Rings
|-damage|p1a: Onion Rings|0 fnt
|faint|p1a: Onion Rings
|
|-weather|none
|-heal|p2a: Kyurem|40/100|[from] item: Leftovers
|upkeep
|
|t:|1776103334
|switch|p1a: Draft Kings|Dragonite, F|100/100
|turn|28
|
|t:|1776103338
|-terastallize|p1a: Draft Kings|Dragon
|move|p2a: Kyurem|Ice Beam|p1a: Draft Kings
|-supereffective|p1a: Draft Kings
|-damage|p1a: Draft Kings|52/100
|move|p1a: Draft Kings|Dragon Dance|p1a: Draft Kings
|-boost|p1a: Draft Kings|atk|1
|-boost|p1a: Draft Kings|spe|1
|
|-heal|p2a: Kyurem|46/100|[from] item: Leftovers
|upkeep
|turn|29
|
|t:|1776103349
|switch|p2a: Moltres|Moltres|71/100
|move|p1a: Draft Kings|Dragon Claw|p2a: Moltres
|-damage|p2a: Moltres|2/100
|-status|p1a: Draft Kings|brn|[from] ability: Flame Body|[of] p2a: Moltres
|
|-damage|p1a: Draft Kings|46/100 brn|[from] brn
|upkeep
|turn|30
|
|t:|1776103361
|move|p1a: Draft Kings|Dragon Claw|p2a: Moltres
|-damage|p2a: Moltres|0 fnt
|faint|p2a: Moltres
|
|-damage|p1a: Draft Kings|40/100 brn|[from] brn
|upkeep
|
|t:|1776103363
|switch|p2a: Kyurem|Kyurem|46/100
|-ability|p2a: Kyurem|Pressure
|turn|31
|
|t:|1776103376
|move|p1a: Draft Kings|Dragon Claw|p2a: Kyurem
|-supereffective|p2a: Kyurem
|-damage|p2a: Kyurem|0 fnt
|faint|p2a: Kyurem
|
|win|Blackbelt59
|raw|Blackbelt59's rating: 1250 &rarr; <strong>1277</strong><br />(+27 for winning)
|raw|Kalaphant's rating: 1281 &rarr; <strong>1254</strong><br />(-27 for losing)
