|html|<div class="broadcast-blue"><strong>[Gen 9] OU is currently suspecting Tera Blast! For information on how to participate check out the <a href="https://www.smogon.com/tools/suspects/view/200">suspect thread</a>.</strong></div>
|j|☆blabala
|j|☆digisoul4
|inactive|Battle timer is ON: inactive players will automatically lose when time's up.
|t:|1776046246
|gametype|singles
|player|p1|blabala|miku-psychic|
|player|p2|digisoul4|volkner|
|gen|9
|tier|[Gen 9] OU
|rated|Tournament battle
|rule|HP Percentage Mod: HP is shown in percentages
|rule|Endless Battle Clause: Forcing endless battles is banned
|rule|Species Clause: Limit one of each Pokémon
|rule|OHKO Clause: OHKO moves are banned
|rule|Evasion Items Clause: Evasion items are banned
|rule|Evasion Moves Clause: Evasion moves are banned
|rule|Evasion Abilities Clause: Evasion abilities are banned
|rule|Sleep Moves Clause: Sleep-inducing moves are banned
|clearpoke
|poke|p1|Tyranitar, F|
|poke|p1|Excadrill, F|
|poke|p1|Keldeo-Resolute|
|poke|p1|Tornadus-Therian, M|
|poke|p1|Heatran, F|
|poke|p1|Hydrapple, F|
|poke|p2|Iron Valiant|
|poke|p2|Great Tusk|
|poke|p2|Dragonite, F|
|poke|p2|Deoxys-Speed|
|poke|p2|Glimmora, M|
|poke|p2|Kingambit, F|
|teampreview
|j|*Lady Monita 
|c|☆digisoul4|glhf
|c|☆blabala|Hf
|
|t:|1776046259
|teamsize|p1|6
|teamsize|p2|6
|start
|switch|p1a: Icarus plummet v4|Tornadus-Therian, M|100/100
|switch|p2a: Deoxys|Deoxys-Speed|100/100
|-ability|p2a: Deoxys|Pressure
|turn|1
|
|t:|1776046265
|move|p2a: Deoxys|Light Screen|p2a: Deoxys
|-sidestart|p2: digisoul4|move: Light Screen
|move|p1a: Icarus plummet v4|Taunt|p2a: Deoxys
|-start|p2a: Deoxys|move: Taunt
|
|upkeep
|turn|2
|
|t:|1776046280
|switch|p2a: Glimmora|Glimmora, M|100/100
|move|p1a: Icarus plummet v4|U-turn|p2a: Glimmora
|-resisted|p2a: Glimmora
|-damage|p2a: Glimmora|92/100
|-activate|p2a: Glimmora|ability: Toxic Debris
|-sidestart|p1: blabala|move: Toxic Spikes
|
|t:|1776046283
|switch|p1a: Torpe|Excadrill, F|100/100|[from] U-turn
|-item|p1a: Torpe|Air Balloon
|
|upkeep
|turn|3
|
|t:|1776046290
|move|p1a: Torpe|Earthquake|p2a: Glimmora
|-supereffective|p2a: Glimmora
|-damage|p2a: Glimmora|0 fnt
|-activate|p2a: Glimmora|ability: Toxic Debris
|-sidestart|p1: blabala|move: Toxic Spikes
|faint|p2a: Glimmora
|
|upkeep
|
|t:|1776046297
|switch|p2a: Deoxys|Deoxys-Speed|100/100
|-ability|p2a: Deoxys|Pressure
|turn|4
|
|t:|1776046299
|move|p2a: Deoxys|Reflect|p2a: Deoxys
|-sidestart|p2: digisoul4|Reflect
|move|p1a: Torpe|Rapid Spin|p2a: Deoxys
|-damage|p2a: Deoxys|88/100
|-boost|p1a: Torpe|spe|1
|-sideend|p1: blabala|Toxic Spikes|[from] move: Rapid Spin|[of] p1a: Torpe
|
|upkeep
|turn|5
|
|t:|1776046326
|move|p2a: Deoxys|Psycho Boost|p1a: Torpe|[miss]
|-miss|p2a: Deoxys|p1a: Torpe
|move|p1a: Torpe|Swords Dance|p1a: Torpe
|-boost|p1a: Torpe|atk|2
|
|upkeep
|turn|6
|c|☆digisoul4|ohno
|
|t:|1776046334
|switch|p1a: Gojura|Tyranitar, F|100/100
|-weather|Sandstorm|[from] ability: Sand Stream|[of] p1a: Gojura
|move|p2a: Deoxys|Taunt|p1a: Gojura
|-start|p1a: Gojura|move: Taunt
|
|-weather|Sandstorm|[upkeep]
|-damage|p2a: Deoxys|82/100|[from] Sandstorm
|upkeep
|turn|7
|
|t:|1776046346
|switch|p2a: Great Tusk|Great Tusk|100/100
|-enditem|p2a: Great Tusk|Booster Energy
|-activate|p2a: Great Tusk|ability: Protosynthesis|[fromitem]
|-start|p2a: Great Tusk|protosynthesisspe
|move|p1a: Gojura|Knock Off|p2a: Great Tusk
|-resisted|p2a: Great Tusk
|-damage|p2a: Great Tusk|92/100
|
|-weather|Sandstorm|[upkeep]
|upkeep
|turn|8
|inactive|blabala has 120 seconds left.
|inactive|blabala has 90 seconds left.
|
|t:|1776046407
|switch|p1a: Icarus plummet v4|Tornadus-Therian, M|100/100
|move|p2a: Great Tusk|Bulk Up|p2a: Great Tusk
|-boost|p2a: Great Tusk|atk|1
|-boost|p2a: Great Tusk|def|1
|
|-weather|Sandstorm|[upkeep]
|-damage|p1a: Icarus plummet v4|94/100|[from] Sandstorm
|-sideend|p2: digisoul4|move: Light Screen
|upkeep
|turn|9
|
|t:|1776046417
|move|p2a: Great Tusk|Head Smash|p1a: Icarus plummet v4
|-supereffective|p1a: Icarus plummet v4
|-damage|p1a: Icarus plummet v4|0 fnt
|faint|p1a: Icarus plummet v4
|-damage|p2a: Great Tusk|53/100|[from] Recoil
|
|-weather|Sandstorm|[upkeep]
|upkeep
|
|t:|1776046430
|switch|p1a: Fickled fate|Hydrapple, F|100/100
|turn|10
|
|t:|1776046435
|move|p2a: Great Tusk|Taunt|p1a: Fickled fate
|-start|p1a: Fickled fate|move: Taunt
|move|p1a: Fickled fate|Giga Drain|p2a: Great Tusk
|-supereffective|p2a: Great Tusk
|-damage|p2a: Great Tusk|0 fnt
|faint|p2a: Great Tusk
|-end|p2a: Great Tusk|Protosynthesis|[silent]
|
|-weather|none
|upkeep
|
|t:|1776046443
|switch|p2a: Deoxys|Deoxys-Speed|82/100
|-ability|p2a: Deoxys|Pressure
|turn|11
|
|t:|1776046447
|move|p2a: Deoxys|Light Screen|p2a: Deoxys
|-sidestart|p2: digisoul4|move: Light Screen
|move|p1a: Fickled fate|Fickle Beam|p2a: Deoxys|[anim] Fickle Beam All Out
|-activate|p1a: Fickled fate|move: Fickle Beam
|-damage|p2a: Deoxys|40/100
|
|-sideend|p2: digisoul4|Reflect
|upkeep
|turn|12
|inactive|digisoul4 has 120 seconds left.
|
|t:|1776046481
|switch|p1a: Cast of clowns|Heatran, F|100/100
|move|p2a: Deoxys|Psycho Boost|p1a: Cast of clowns
|-resisted|p1a: Cast of clowns
|-damage|p1a: Cast of clowns|84/100
|-unboost|p2a: Deoxys|spa|2
|
|-heal|p1a: Cast of clowns|90/100|[from] item: Leftovers
|upkeep
|turn|13
|
|t:|1776046487
|move|p2a: Deoxys|Taunt|p1a: Cast of clowns
|-start|p1a: Cast of clowns|move: Taunt
|cant|p1a: Cast of clowns|move: Taunt|Stealth Rock
|
|-heal|p1a: Cast of clowns|97/100|[from] item: Leftovers
|upkeep
|turn|14
|
|t:|1776046494
|switch|p2a: Dragonite|Dragonite, F|100/100
|move|p1a: Cast of clowns|Magma Storm|p2a: Dragonite
|-resisted|p2a: Dragonite
|-damage|p2a: Dragonite|95/100
|-activate|p2a: Dragonite|move: Magma Storm|[of] p1a: Cast of clowns
|
|-heal|p2a: Dragonite|100/100|[from] item: Leftovers
|-heal|p1a: Cast of clowns|100/100|[from] item: Leftovers
|-damage|p2a: Dragonite|88/100|[from] move: Magma Storm|[partiallytrapped]
|upkeep
|turn|15
|
|t:|1776046504
|switch|p1a: Fickled fate|Hydrapple, F|100/100
|-terastallize|p2a: Dragonite|Flying
|move|p2a: Dragonite|Dragon Dance|p2a: Dragonite
|-boost|p2a: Dragonite|atk|1
|-boost|p2a: Dragonite|spe|1
|
|-heal|p2a: Dragonite|94/100|[from] item: Leftovers
|-end|p2a: Dragonite|Magma Storm|[partiallytrapped]|[silent]
|upkeep
|turn|16
|
|t:|1776046514
|-terastallize|p1a: Fickled fate|Fairy
|move|p2a: Dragonite|Tera Blast|p1a: Fickled fate|[anim] Tera Blast Flying
|-damage|p1a: Fickled fate|57/100
|move|p1a: Fickled fate|Fickle Beam|p2a: Dragonite|[anim] Fickle Beam All Out
|-activate|p1a: Fickled fate|move: Fickle Beam
|-damage|p2a: Dragonite|61/100
|
|-heal|p2a: Dragonite|67/100|[from] item: Leftovers
|upkeep
|turn|17
|
|t:|1776046523
|switch|p1a: Gojura|Tyranitar, F|100/100
|-weather|Sandstorm|[from] ability: Sand Stream|[of] p1a: Gojura
|move|p2a: Dragonite|Dragon Dance|p2a: Dragonite
|-boost|p2a: Dragonite|atk|1
|-boost|p2a: Dragonite|spe|1
|
|-weather|Sandstorm|[upkeep]
|-damage|p2a: Dragonite|61/100|[from] Sandstorm
|-heal|p2a: Dragonite|67/100|[from] item: Leftovers
|upkeep
|turn|18
|
|t:|1776046532
|move|p2a: Dragonite|Earthquake|p1a: Gojura
|-supereffective|p1a: Gojura
|-damage|p1a: Gojura|0 fnt
|faint|p1a: Gojura
|
|-weather|Sandstorm|[upkeep]
|-damage|p2a: Dragonite|61/100|[from] Sandstorm
|-heal|p2a: Dragonite|67/100|[from] item: Leftovers
|-sideend|p2: digisoul4|move: Light Screen
|upkeep
|
|t:|1776046538
|switch|p1a: Torpe|Excadrill, F|100/100
|-item|p1a: Torpe|Air Balloon
|turn|19
|
|t:|1776046543
|move|p2a: Dragonite|Tera Blast|p1a: Torpe|[anim] Tera Blast Flying
|-resisted|p1a: Torpe
|-damage|p1a: Torpe|16/100
|-enditem|p1a: Torpe|Air Balloon
|move|p1a: Torpe|Iron Head|p2a: Dragonite
|-damage|p2a: Dragonite|12/100
|
|-weather|Sandstorm|[upkeep]
|-damage|p2a: Dragonite|6/100|[from] Sandstorm
|-heal|p2a: Dragonite|12/100|[from] item: Leftovers
|upkeep
|turn|20
|
|t:|1776046557
|move|p2a: Dragonite|Earthquake|p1a: Torpe
|-supereffective|p1a: Torpe
|-damage|p1a: Torpe|0 fnt
|faint|p1a: Torpe
|
|-weather|Sandstorm|[upkeep]
|-damage|p2a: Dragonite|6/100|[from] Sandstorm
|-heal|p2a: Dragonite|12/100|[from] item: Leftovers
|upkeep
|
|t:|1776046561
|switch|p1a: Kagayake|Keldeo-Resolute|100/100
|turn|21
|
|t:|1776046568
|move|p1a: Kagayake|Vacuum Wave|p2a: Dragonite
|-resisted|p2a: Dragonite
|-damage|p2a: Dragonite|0 fnt
|faint|p2a: Dragonite
|
|-weather|none
|upkeep
|
|t:|1776046575
|switch|p2a: Deoxys|Deoxys-Speed|40/100
|-ability|p2a: Deoxys|Pressure
|turn|22
|
|t:|1776046579
|switch|p1a: Cast of clowns|Heatran, F|100/100
|move|p2a: Deoxys|Light Screen|p2a: Deoxys
|-sidestart|p2: digisoul4|move: Light Screen
|
|upkeep
|turn|23
|
|t:|1776046584
|move|p2a: Deoxys|Taunt|p1a: Cast of clowns
|-start|p1a: Cast of clowns|move: Taunt
|move|p1a: Cast of clowns|Magma Storm|p2a: Deoxys|[miss]
|-miss|p1a: Cast of clowns|p2a: Deoxys
|
|upkeep
|turn|24
|
|t:|1776046595
|switch|p2a: Iron Valiant|Iron Valiant|100/100
|-enditem|p2a: Iron Valiant|Booster Energy
|-activate|p2a: Iron Valiant|ability: Quark Drive|[fromitem]
|-start|p2a: Iron Valiant|quarkdrivespe
|move|p1a: Cast of clowns|Magma Storm|p2a: Iron Valiant
|-damage|p2a: Iron Valiant|61/100
|-activate|p2a: Iron Valiant|move: Magma Storm|[of] p1a: Cast of clowns
|
|-damage|p2a: Iron Valiant|49/100|[from] move: Magma Storm|[partiallytrapped]
|upkeep
|turn|25
|
|t:|1776046604
|move|p2a: Iron Valiant|Close Combat|p1a: Cast of clowns
|-supereffective|p1a: Cast of clowns
|-damage|p1a: Cast of clowns|5/100
|-unboost|p2a: Iron Valiant|def|1
|-unboost|p2a: Iron Valiant|spd|1
|move|p1a: Cast of clowns|Magma Storm|p2a: Iron Valiant
|-damage|p2a: Iron Valiant|0 fnt
|faint|p2a: Iron Valiant
|-end|p2a: Iron Valiant|Quark Drive|[silent]
|
|-heal|p1a: Cast of clowns|11/100|[from] item: Leftovers
|-end|p1a: Cast of clowns|move: Taunt
|upkeep
|
|t:|1776046612
|switch|p2a: Deoxys|Deoxys-Speed|40/100
|-ability|p2a: Deoxys|Pressure
|turn|26
|
|t:|1776046615
|move|p2a: Deoxys|Psycho Boost|p1a: Cast of clowns
|-resisted|p1a: Cast of clowns
|-damage|p1a: Cast of clowns|0 fnt
|-unboost|p2a: Deoxys|spa|2
|faint|p1a: Cast of clowns
|
|upkeep
|
|t:|1776046617
|switch|p1a: Fickled fate|Hydrapple, F, tera:Fairy|90/100
|turn|27
|
|t:|1776046623
|move|p2a: Deoxys|Reflect|p2a: Deoxys
|-sidestart|p2: digisoul4|Reflect
|move|p1a: Fickled fate|Earth Power|p2a: Deoxys
|-damage|p2a: Deoxys|25/100
|
|upkeep
|turn|28
|
|t:|1776046627
|move|p2a: Deoxys|Taunt|p1a: Fickled fate
|-start|p1a: Fickled fate|move: Taunt
|cant|p1a: Fickled fate|move: Taunt|Nasty Plot
|
|upkeep
|turn|29
|
|t:|1776046636
|move|p2a: Deoxys|Psycho Boost|p1a: Fickled fate
|-damage|p1a: Fickled fate|66/100
|-unboost|p2a: Deoxys|spa|2
|move|p1a: Fickled fate|Fickle Beam|p2a: Deoxys|[anim] Fickle Beam All Out
|-activate|p1a: Fickled fate|move: Fickle Beam
|-damage|p2a: Deoxys|0 fnt
|faint|p2a: Deoxys
|
|-sideend|p2: digisoul4|move: Light Screen
|upkeep
|
|t:|1776046642
|switch|p2a: Kingambit|Kingambit, F|100/100
|-activate|p2a: Kingambit|ability: Supreme Overlord
|-start|p2a: Kingambit|fallen5|[silent]
|turn|30
|
|t:|1776046646
|move|p2a: Kingambit|Swords Dance|p2a: Kingambit
|-boost|p2a: Kingambit|atk|2
|move|p1a: Fickled fate|Earth Power|p2a: Kingambit
|-supereffective|p2a: Kingambit
|-damage|p2a: Kingambit|42/100
|
|-end|p1a: Fickled fate|move: Taunt
|upkeep
|turn|31
|
|t:|1776046654
|move|p2a: Kingambit|Sucker Punch|p1a: Fickled fate
|-resisted|p1a: Fickled fate
|-damage|p1a: Fickled fate|33/100
|-damage|p2a: Kingambit|25/100|[from] item: Rocky Helmet|[of] p1a: Fickled fate
|move|p1a: Fickled fate|Earth Power|p2a: Kingambit
|-supereffective|p2a: Kingambit
|-damage|p2a: Kingambit|0 fnt
|faint|p2a: Kingambit
|-end|p2a: Kingambit|fallen5|[silent]
|
|win|blabala
|n|☆blabala|blabala
|n|☆digisoul4|digisoul4
|n|*Lady Monita |ladymonita
|l|*Lady Monita 
|c|☆digisoul4|ggs
|c|☆blabala|Gg
