|html|<div class="broadcast-blue"><strong>[Gen 9] OU is currently suspecting Tera Blast! For information on how to participate check out the <a href="https://www.smogon.com/tools/suspects/view/200">suspect thread</a>.</strong></div>
|j|☆Astrals7k
|j|☆mrzed03
|t:|1776093702
|gametype|singles
|player|p1|Astrals7k|red|1274
|player|p2|mrzed03|265|1312
|gen|9
|tier|[Gen 9] OU
|rated|
|rule|HP Percentage Mod: HP is shown in percentages
|rule|Endless Battle Clause: Forcing endless battles is banned
|rule|Species Clause: Limit one of each Pokémon
|rule|OHKO Clause: OHKO moves are banned
|rule|Evasion Items Clause: Evasion items are banned
|rule|Evasion Moves Clause: Evasion moves are banned
|rule|Evasion Abilities Clause: Evasion abilities are banned
|rule|Sleep Moves Clause: Sleep-inducing moves are banned
|clearpoke
|poke|p1|Great Tusk|
|poke|p1|Heatran, M|
|poke|p1|Gholdengo|
|poke|p1|Ogerpon-Wellspring, F|
|poke|p1|Iron Valiant|
|poke|p1|Dragapult, M|
|poke|p2|Gliscor, M|
|poke|p2|Corviknight, F|
|poke|p2|Toxapex, F|
|poke|p2|Blissey, F|
|poke|p2|Skeledirge, F|
|poke|p2|Clodsire, F|
|teampreview
|inactive|Battle timer is ON: inactive players will automatically lose when time's up. (requested by Astrals7k)
|inactive|mrzed03 also wants the timer to be on.
|
|t:|1776093714
|teamsize|p1|6
|teamsize|p2|6
|start
|switch|p1a: Ogerpon|Ogerpon-Wellspring, F|100/100
|switch|p2a: XxDark_SasukexX|Corviknight, F|100/100
|-ability|p2a: XxDark_SasukexX|Pressure
|turn|1
|
|t:|1776093730
|switch|p1a: Heatran|Heatran, M|100/100
|move|p2a: XxDark_SasukexX|Iron Defense|p2a: XxDark_SasukexX
|-boost|p2a: XxDark_SasukexX|def|2
|
|upkeep
|turn|2
|
|t:|1776093741
|switch|p2a: gremlin >:)|Gliscor, M|100/100
|move|p1a: Heatran|Stealth Rock|p2a: gremlin >:)
|-sidestart|p2: mrzed03|move: Stealth Rock
|
|-status|p2a: gremlin >:)|tox|[from] item: Toxic Orb
|upkeep
|turn|3
|
|t:|1776093747
|switch|p1a: Gholdengo|Gholdengo|100/100
|-item|p1a: Gholdengo|Air Balloon
|move|p2a: gremlin >:)|Knock Off|p1a: Gholdengo
|-supereffective|p1a: Gholdengo
|-damage|p1a: Gholdengo|69/100
|-enditem|p1a: Gholdengo|Air Balloon
|
|upkeep
|turn|4
|
|t:|1776093766
|switch|p1a: Ogerpon|Ogerpon-Wellspring, F|100/100
|move|p2a: gremlin >:)|Earthquake|p1a: Ogerpon
|-resisted|p1a: Ogerpon
|-damage|p1a: Ogerpon|78/100
|
|upkeep
|turn|5
|
|t:|1776093773
|switch|p2a: XxDark_SasukexX|Corviknight, F|100/100
|-damage|p2a: XxDark_SasukexX|88/100|[from] Stealth Rock
|-ability|p2a: XxDark_SasukexX|Pressure
|move|p1a: Ogerpon|Spikes|p2a: XxDark_SasukexX
|-sidestart|p2: mrzed03|Spikes
|
|upkeep
|turn|6
|
|t:|1776093781
|switch|p1a: Gholdengo|Gholdengo|69/100
|move|p2a: XxDark_SasukexX|Defog|p1a: Gholdengo
|-immune|p1a: Gholdengo|[from] ability: Good as Gold
|
|upkeep
|turn|7
|
|t:|1776093795
|switch|p2a: gremlin >:)|Gliscor, M|100/100 tox
|-damage|p2a: gremlin >:)|88/100 tox|[from] Stealth Rock
|move|p1a: Gholdengo|Make It Rain|p2a: gremlin >:)
|-damage|p2a: gremlin >:)|37/100 tox
|-unboost|p1a: Gholdengo|spa|1
|
|-heal|p2a: gremlin >:)|50/100 tox|[from] ability: Poison Heal
|upkeep
|turn|8
|
|t:|1776093806
|switch|p1a: Great Tusk|Great Tusk|100/100
|move|p2a: gremlin >:)|Earthquake|p1a: Great Tusk
|-damage|p1a: Great Tusk|80/100
|
|-heal|p2a: gremlin >:)|62/100 tox|[from] ability: Poison Heal
|upkeep
|turn|9
|
|t:|1776093813
|move|p2a: gremlin >:)|Protect|p2a: gremlin >:)
|-singleturn|p2a: gremlin >:)|Protect
|move|p1a: Great Tusk|Knock Off|p2a: gremlin >:)
|-activate|p2a: gremlin >:)|move: Protect
|
|-heal|p2a: gremlin >:)|75/100 tox|[from] ability: Poison Heal
|upkeep
|turn|10
|
|t:|1776093826
|switch|p2a: XxDark_SasukexX|Corviknight, F|88/100
|-damage|p2a: XxDark_SasukexX|75/100|[from] Stealth Rock
|-ability|p2a: XxDark_SasukexX|Pressure
|move|p1a: Great Tusk|Ice Spinner|p2a: XxDark_SasukexX
|-damage|p2a: XxDark_SasukexX|60/100
|-damage|p1a: Great Tusk|63/100|[from] item: Rocky Helmet|[of] p2a: XxDark_SasukexX
|
|upkeep
|turn|11
|
|t:|1776093836
|-end|p1a: Great Tusk|Protosynthesis|[silent]
|switch|p1a: Gholdengo|Gholdengo|69/100
|move|p2a: XxDark_SasukexX|Roost|p2a: XxDark_SasukexX
|-heal|p2a: XxDark_SasukexX|100/100
|-singleturn|p2a: XxDark_SasukexX|move: Roost
|
|upkeep
|turn|12
|
|t:|1776093847
|switch|p2a: gremlin >:)|Gliscor, M|75/100 tox
|-damage|p2a: gremlin >:)|62/100 tox|[from] Stealth Rock
|move|p1a: Gholdengo|Nasty Plot|p1a: Gholdengo
|-boost|p1a: Gholdengo|spa|2
|
|-heal|p2a: gremlin >:)|75/100 tox|[from] ability: Poison Heal
|upkeep
|turn|13
|
|t:|1776093857
|-terastallize|p1a: Gholdengo|Fairy
|move|p2a: gremlin >:)|Protect|p2a: gremlin >:)
|-singleturn|p2a: gremlin >:)|Protect
|move|p1a: Gholdengo|Make It Rain|p2a: gremlin >:)
|-activate|p2a: gremlin >:)|move: Protect
|
|-heal|p2a: gremlin >:)|87/100 tox|[from] ability: Poison Heal
|upkeep
|turn|14
|
|t:|1776093869
|move|p2a: gremlin >:)|Earthquake|p1a: Gholdengo
|-damage|p1a: Gholdengo|45/100
|move|p1a: Gholdengo|Shadow Ball|p2a: gremlin >:)
|-damage|p2a: gremlin >:)|24/100 tox
|
|-heal|p2a: gremlin >:)|37/100 tox|[from] ability: Poison Heal
|upkeep
|turn|15
|
|t:|1776093880
|switch|p2a: E G G|Blissey, F|100/100
|move|p1a: Gholdengo|Recover|p1a: Gholdengo
|-heal|p1a: Gholdengo|95/100
|
|upkeep
|turn|16
|
|t:|1776093890
|switch|p1a: Great Tusk|Great Tusk|63/100
|move|p2a: E G G|Seismic Toss|p1a: Great Tusk
|-damage|p1a: Great Tusk|40/100
|-damage|p2a: E G G|84/100|[from] item: Rocky Helmet|[of] p1a: Great Tusk
|
|upkeep
|turn|17
|
|t:|1776093897
|switch|p2a: XxDark_SasukexX|Corviknight, F|100/100
|-damage|p2a: XxDark_SasukexX|88/100|[from] Stealth Rock
|-ability|p2a: XxDark_SasukexX|Pressure
|move|p1a: Great Tusk|Knock Off|p2a: XxDark_SasukexX
|-damage|p2a: XxDark_SasukexX|72/100
|-damage|p1a: Great Tusk|24/100|[from] item: Rocky Helmet|[of] p2a: XxDark_SasukexX
|-enditem|p2a: XxDark_SasukexX|Rocky Helmet|[from] move: Knock Off|[of] p1a: Great Tusk
|
|upkeep
|turn|18
|
|t:|1776093910
|-end|p1a: Great Tusk|Protosynthesis|[silent]
|switch|p1a: Gholdengo|Gholdengo, tera:Fairy|95/100
|move|p2a: XxDark_SasukexX|Iron Defense|p2a: XxDark_SasukexX
|-boost|p2a: XxDark_SasukexX|def|2
|
|upkeep
|turn|19
|
|t:|1776093916
|move|p1a: Gholdengo|Shadow Ball|p2a: XxDark_SasukexX
|-damage|p2a: XxDark_SasukexX|34/100
|-unboost|p2a: XxDark_SasukexX|spd|1
|move|p2a: XxDark_SasukexX|Iron Defense|p2a: XxDark_SasukexX
|-boost|p2a: XxDark_SasukexX|def|2
|
|upkeep
|turn|20
|
|t:|1776093924
|switch|p2a: E G G|Blissey, F|84/100
|move|p1a: Gholdengo|Shadow Ball|p2a: E G G
|-immune|p2a: E G G
|
|upkeep
|turn|21
|
|t:|1776093933
|switch|p1a: Dragapult|Dragapult, M|100/100
|move|p2a: E G G|Seismic Toss|p1a: Dragapult
|-immune|p1a: Dragapult
|
|upkeep
|turn|22
|
|t:|1776093938
|move|p1a: Dragapult|U-turn|p2a: E G G
|-damage|p2a: E G G|49/100
|
|t:|1776093943
|switch|p1a: Great Tusk|Great Tusk|24/100|[from] U-turn
|move|p2a: E G G|Shadow Ball|p1a: Great Tusk
|-damage|p1a: Great Tusk|6/100
|
|upkeep
|turn|23
|
|t:|1776093958
|switch|p2a: gremlin >:)|Gliscor, M|37/100 tox
|-damage|p2a: gremlin >:)|24/100 tox|[from] Stealth Rock
|move|p1a: Great Tusk|Knock Off|p2a: gremlin >:)
|-damage|p2a: gremlin >:)|3/100 tox
|-enditem|p2a: gremlin >:)|Toxic Orb|[from] move: Knock Off|[of] p1a: Great Tusk
|
|-heal|p2a: gremlin >:)|15/100 tox|[from] ability: Poison Heal
|upkeep
|turn|24
|
|t:|1776093967
|move|p2a: gremlin >:)|Protect|p2a: gremlin >:)
|-singleturn|p2a: gremlin >:)|Protect
|move|p1a: Great Tusk|Ice Spinner|p2a: gremlin >:)
|-activate|p2a: gremlin >:)|move: Protect
|
|-heal|p2a: gremlin >:)|28/100 tox|[from] ability: Poison Heal
|upkeep
|turn|25
|
|t:|1776093975
|switch|p2a: XxDark_SasukexX|Corviknight, F|34/100
|-damage|p2a: XxDark_SasukexX|22/100|[from] Stealth Rock
|-ability|p2a: XxDark_SasukexX|Pressure
|move|p1a: Great Tusk|Ice Spinner|p2a: XxDark_SasukexX
|-damage|p2a: XxDark_SasukexX|8/100
|
|upkeep
|turn|26
|
|t:|1776093988
|switch|p2a: gremlin >:)|Gliscor, M|28/100 tox
|-damage|p2a: gremlin >:)|15/100 tox|[from] Stealth Rock
|move|p1a: Great Tusk|Knock Off|p2a: gremlin >:)
|-damage|p2a: gremlin >:)|0 fnt
|faint|p2a: gremlin >:)
|
|upkeep
|
|t:|1776094008
|switch|p2a: spiky <3|Toxapex, F|100/100
|-damage|p2a: spiky <3|88/100|[from] Stealth Rock
|-damage|p2a: spiky <3|75/100|[from] Spikes
|turn|27
|
|t:|1776094015
|move|p1a: Great Tusk|Headlong Rush|p2a: spiky <3
|-supereffective|p2a: spiky <3
|-damage|p2a: spiky <3|10/100
|-unboost|p1a: Great Tusk|def|1
|-unboost|p1a: Great Tusk|spd|1
|move|p2a: spiky <3|Toxic|p1a: Great Tusk
|-status|p1a: Great Tusk|tox
|
|-heal|p2a: spiky <3|16/100|[from] item: Black Sludge
|-damage|p1a: Great Tusk|0 fnt|[from] psn
|faint|p1a: Great Tusk
|-end|p1a: Great Tusk|Protosynthesis|[silent]
|upkeep
|
|t:|1776094025
|switch|p1a: Dragapult|Dragapult, M|100/100
|turn|28
|
|t:|1776094030
|switch|p2a: E G G|Blissey, F|49/100
|move|p1a: Dragapult|Draco Meteor|p2a: E G G
|-damage|p2a: E G G|25/100
|-unboost|p1a: Dragapult|spa|2
|
|upkeep
|turn|29
|
|t:|1776094038
|switch|p1a: Iron Valiant|Iron Valiant|100/100
|-enditem|p1a: Iron Valiant|Booster Energy
|-activate|p1a: Iron Valiant|ability: Quark Drive|[fromitem]
|-start|p1a: Iron Valiant|quarkdrivespe
|move|p2a: E G G|Soft-Boiled|p2a: E G G
|-heal|p2a: E G G|75/100
|
|upkeep
|turn|30
|
|t:|1776094047
|move|p1a: Iron Valiant|Encore|p2a: E G G
|-start|p2a: E G G|Encore
|move|p2a: E G G|Soft-Boiled|p2a: E G G
|-heal|p2a: E G G|100/100
|
|upkeep
|turn|31
|
|t:|1776094053
|switch|p2a: bald lmao|Skeledirge, F|100/100
|move|p1a: Iron Valiant|Calm Mind|p1a: Iron Valiant
|-boost|p1a: Iron Valiant|spa|1
|-boost|p1a: Iron Valiant|spd|1
|
|upkeep
|turn|32
|
|t:|1776094059
|move|p1a: Iron Valiant|Shadow Ball|p2a: bald lmao
|-supereffective|p2a: bald lmao
|-damage|p2a: bald lmao|42/100
|move|p2a: bald lmao|Substitute|p2a: bald lmao
|-start|p2a: bald lmao|Substitute
|-damage|p2a: bald lmao|17/100
|
|upkeep
|turn|33
|
|t:|1776094066
|-terastallize|p2a: bald lmao|Dark
|move|p1a: Iron Valiant|Encore|p2a: bald lmao
|-start|p2a: bald lmao|Encore
|move|p2a: bald lmao|Substitute|p2a: bald lmao
|-fail|p2a: bald lmao|move: Substitute
|
|upkeep
|turn|34
|-message|mrzed03 forfeited.
|
|win|Astrals7k
|raw|Astrals7k's rating: 1274 &rarr; <strong>1302</strong><br />(+28 for winning)
|raw|mrzed03's rating: 1312 &rarr; <strong>1290</strong><br />(-22 for losing)
