|html|<div class="broadcast-blue"><strong>[Gen 9] OU is currently suspecting Tera Blast! For information on how to participate check out the <a href="https://www.smogon.com/tools/suspects/view/200">suspect thread</a>.</strong></div>
|j|☆Pokemilomon
|j|☆m16h25
|t:|1776343580
|gametype|singles
|player|p1|Pokemilomon|170|1314
|player|p2|m16h25|cilan|1350
|gen|9
|tier|[Gen 9] OU
|rated|
|rule|HP Percentage Mod: HP is shown in percentages
|rule|Endless Battle Clause: Forcing endless battles is banned
|rule|Species Clause: Limit one of each Pokémon
|rule|OHKO Clause: OHKO moves are banned
|rule|Evasion Items Clause: Evasion items are banned
|rule|Evasion Moves Clause: Evasion moves are banned
|rule|Evasion Abilities Clause: Evasion abilities are banned
|rule|Sleep Moves Clause: Sleep-inducing moves are banned
|clearpoke
|poke|p1|Deoxys-Speed|
|poke|p1|Ogerpon-Wellspring, F|
|poke|p1|Iron Moth|
|poke|p1|Gholdengo|
|poke|p1|Great Tusk|
|poke|p1|Dragonite, F|
|poke|p2|Tyranitar, M|
|poke|p2|Iron Crown|
|poke|p2|Great Tusk|
|poke|p2|Enamorus-Therian, F|
|poke|p2|Lokix, F|
|poke|p2|Gliscor, F|
|teampreview
|inactive|Battle timer is ON: inactive players will automatically lose when time's up. (requested by Pokemilomon)
|
|t:|1776343586
|teamsize|p1|6
|teamsize|p2|6
|start
|switch|p1a: Deoxys|Deoxys-Speed|100/100
|switch|p2a: Lokix|Lokix, F|100/100
|-ability|p1a: Deoxys|Pressure
|turn|1
|
|t:|1776343599
|move|p2a: Lokix|First Impression|p1a: Deoxys
|-supereffective|p1a: Deoxys
|-enditem|p1a: Deoxys|Focus Sash
|-damage|p1a: Deoxys|1/100
|move|p1a: Deoxys|Stealth Rock|p2a: Lokix
|-sidestart|p2: m16h25|move: Stealth Rock
|
|upkeep
|turn|2
|
|t:|1776343608
|move|p2a: Lokix|Sucker Punch|p1a: Deoxys
|-supereffective|p1a: Deoxys
|-damage|p1a: Deoxys|0 fnt
|faint|p1a: Deoxys
|
|upkeep
|
|t:|1776343616
|switch|p1a: Iron Moth|Iron Moth|100/100
|-enditem|p1a: Iron Moth|Booster Energy
|-activate|p1a: Iron Moth|ability: Quark Drive|[fromitem]
|-start|p1a: Iron Moth|quarkdrivespe
|turn|3
|
|t:|1776343622
|switch|p2a: Tyranitar|Tyranitar, M|100/100
|-damage|p2a: Tyranitar|88/100|[from] Stealth Rock
|-weather|Sandstorm|[from] ability: Sand Stream|[of] p2a: Tyranitar
|move|p1a: Iron Moth|Fiery Dance|p2a: Tyranitar
|-resisted|p2a: Tyranitar
|-damage|p2a: Tyranitar|81/100
|
|-weather|Sandstorm|[upkeep]
|-damage|p1a: Iron Moth|94/100|[from] Sandstorm
|upkeep
|turn|4
|
|t:|1776343635
|-end|p1a: Iron Moth|Quark Drive|[silent]
|switch|p1a: Great Tusk|Great Tusk|100/100
|-enditem|p1a: Great Tusk|Booster Energy
|-activate|p1a: Great Tusk|ability: Protosynthesis|[fromitem]
|-start|p1a: Great Tusk|protosynthesisatk
|move|p2a: Tyranitar|Earthquake|p1a: Great Tusk
|-damage|p1a: Great Tusk|71/100
|
|-weather|Sandstorm|[upkeep]
|upkeep
|turn|5
|
|t:|1776343645
|switch|p2a: Gliscor|Gliscor, F|100/100
|-damage|p2a: Gliscor|88/100|[from] Stealth Rock
|move|p1a: Great Tusk|Ice Spinner|p2a: Gliscor
|-supereffective|p2a: Gliscor
|-damage|p2a: Gliscor|0 fnt
|faint|p2a: Gliscor
|
|-weather|Sandstorm|[upkeep]
|upkeep
|c|☆Pokemilomon|ice is super effective against gliscor
|
|t:|1776343656
|switch|p2a: Great Tusk|Great Tusk|100/100
|turn|6
|
|t:|1776343662
|-end|p1a: Great Tusk|Protosynthesis|[silent]
|switch|p1a: Gholdengo|Gholdengo|100/100
|move|p2a: Great Tusk|Rapid Spin|p1a: Gholdengo
|-immune|p1a: Gholdengo
|
|-weather|Sandstorm|[upkeep]
|upkeep
|turn|7
|c|☆Pokemilomon|normal doesnt effect gholdengo
|
|t:|1776343674
|-end|p2a: Great Tusk|Protosynthesis|[silent]
|switch|p2a: Tyranitar|Tyranitar, M|81/100
|-damage|p2a: Tyranitar|69/100|[from] Stealth Rock
|move|p1a: Gholdengo|Dazzling Gleam|p2a: Tyranitar
|-supereffective|p2a: Tyranitar
|-damage|p2a: Tyranitar|46/100
|
|-weather|none
|upkeep
|turn|8
|
|t:|1776343687
|move|p1a: Gholdengo|Dazzling Gleam|p2a: Tyranitar
|-supereffective|p2a: Tyranitar
|-damage|p2a: Tyranitar|11/100
|move|p2a: Tyranitar|Knock Off|p1a: Gholdengo
|-supereffective|p1a: Gholdengo
|-damage|p1a: Gholdengo|0 fnt
|-enditem|p1a: Gholdengo|Choice Scarf|[from] move: Knock Off|[of] p2a: Tyranitar
|faint|p1a: Gholdengo
|
|upkeep
|
|t:|1776343691
|switch|p1a: Ogerpon|Ogerpon-Wellspring, F|100/100
|turn|9
|
|t:|1776343699
|move|p1a: Ogerpon|Ivy Cudgel|p2a: Tyranitar|[anim] Ivy Cudgel Water
|-supereffective|p2a: Tyranitar
|-damage|p2a: Tyranitar|0 fnt
|faint|p2a: Tyranitar
|
|upkeep
|
|t:|1776343705
|switch|p2a: Lokix|Lokix, F|100/100
|turn|10
|
|t:|1776343710
|switch|p1a: Iron Moth|Iron Moth|94/100
|move|p2a: Lokix|First Impression|p1a: Iron Moth
|-resisted|p1a: Iron Moth
|-damage|p1a: Iron Moth|59/100
|
|upkeep
|turn|11
|
|t:|1776343719
|switch|p2a: Enamorus|Enamorus-Therian, F|100/100
|-damage|p2a: Enamorus|76/100|[from] Stealth Rock
|move|p1a: Iron Moth|Fiery Dance|p2a: Enamorus
|-damage|p2a: Enamorus|37/100
|
|-heal|p2a: Enamorus|43/100|[from] item: Leftovers
|upkeep
|turn|12
|
|t:|1776343731
|-terastallize|p2a: Enamorus|Poison
|move|p1a: Iron Moth|Sludge Wave|p2a: Enamorus
|-resisted|p2a: Enamorus
|-damage|p2a: Enamorus|21/100
|move|p2a: Enamorus|Earth Power|p1a: Iron Moth
|-supereffective|p1a: Iron Moth
|-damage|p1a: Iron Moth|0 fnt
|faint|p1a: Iron Moth
|-end|p1a: Iron Moth|Quark Drive|[silent]
|
|-heal|p2a: Enamorus|27/100|[from] item: Leftovers
|upkeep
|
|t:|1776343738
|switch|p1a: Ogerpon|Ogerpon-Wellspring, F|100/100
|turn|13
|
|t:|1776343750
|move|p1a: Ogerpon|Knock Off|p2a: Enamorus
|-damage|p2a: Enamorus|0 fnt
|-enditem|p2a: Enamorus|Leftovers|[from] move: Knock Off|[of] p1a: Ogerpon
|faint|p2a: Enamorus
|
|upkeep
|
|t:|1776343757
|switch|p2a: Lokix|Lokix, F|100/100
|turn|14
|
|t:|1776343760
|switch|p1a: Great Tusk|Great Tusk|71/100
|move|p2a: Lokix|First Impression|p1a: Great Tusk
|-resisted|p1a: Great Tusk
|-damage|p1a: Great Tusk|41/100
|
|upkeep
|turn|15
|
|t:|1776343769
|switch|p2a: Great Tusk|Great Tusk|100/100
|move|p1a: Great Tusk|Temper Flare|p2a: Great Tusk
|-damage|p2a: Great Tusk|85/100
|
|upkeep
|turn|16
|
|t:|1776343777
|move|p1a: Great Tusk|Headlong Rush|p2a: Great Tusk
|-damage|p2a: Great Tusk|45/100
|-unboost|p1a: Great Tusk|def|1
|-unboost|p1a: Great Tusk|spd|1
|move|p2a: Great Tusk|Rapid Spin|p1a: Great Tusk
|-damage|p1a: Great Tusk|25/100
|-boost|p2a: Great Tusk|spe|1
|-sideend|p2: m16h25|Stealth Rock|[from] move: Rapid Spin|[of] p2a: Great Tusk
|
|upkeep
|turn|17
|
|t:|1776343788
|move|p2a: Great Tusk|Ice Spinner|p1a: Great Tusk
|-supereffective|p1a: Great Tusk
|-damage|p1a: Great Tusk|0 fnt
|faint|p1a: Great Tusk
|-end|p1a: Great Tusk|Protosynthesis|[silent]
|
|upkeep
|
|t:|1776343792
|switch|p1a: Dragonite|Dragonite, F|100/100
|turn|18
|
|t:|1776343796
|-terastallize|p1a: Dragonite|Normal
|move|p1a: Dragonite|Extreme Speed|p2a: Great Tusk
|-damage|p2a: Great Tusk|0 fnt
|faint|p2a: Great Tusk
|-end|p2a: Great Tusk|Protosynthesis|[silent]
|
|upkeep
|
|t:|1776343803
|switch|p2a: Iron Crown|Iron Crown|100/100
|turn|19
|
|t:|1776343807
|switch|p1a: Ogerpon|Ogerpon-Wellspring, F|100/100
|move|p2a: Iron Crown|Focus Blast|p1a: Ogerpon
|-damage|p1a: Ogerpon|46/100
|-unboost|p1a: Ogerpon|spd|1
|
|upkeep
|turn|20
|
|t:|1776343815
|move|p2a: Iron Crown|Focus Blast|p1a: Ogerpon
|-damage|p1a: Ogerpon|0 fnt
|faint|p1a: Ogerpon
|
|upkeep
|
|t:|1776343818
|switch|p1a: Dragonite|Dragonite, F, tera:Normal|100/100
|turn|21
|c|☆Pokemilomon|gg
|
|t:|1776343824
|move|p2a: Iron Crown|Focus Blast|p1a: Dragonite|[miss]
|-miss|p2a: Iron Crown|p1a: Dragonite
|move|p1a: Dragonite|Fire Punch|p2a: Iron Crown
|-supereffective|p2a: Iron Crown
|-damage|p2a: Iron Crown|0 fnt
|faint|p2a: Iron Crown
|-end|p2a: Iron Crown|Quark Drive|[silent]
|
|upkeep
|c|☆Pokemilomon|unlucky
|c|☆m16h25|ggwp
|
|t:|1776343839
|switch|p2a: Lokix|Lokix, F|100/100
|turn|22
|
|t:|1776343843
|move|p2a: Lokix|First Impression|p1a: Dragonite
|-damage|p1a: Dragonite|77/100
|move|p1a: Dragonite|Fire Punch|p2a: Lokix
|-supereffective|p2a: Lokix
|-damage|p2a: Lokix|0 fnt
|faint|p2a: Lokix
|
|win|Pokemilomon
|raw|Pokemilomon's rating: 1314 &rarr; <strong>1336</strong><br />(+22 for winning)
|raw|m16h25's rating: 1350 &rarr; <strong>1328</strong><br />(-22 for losing)
|l|☆Pokemilomon
|player|p1|
