|html|<div class="broadcast-blue"><strong>[Gen 9] OU is currently suspecting Tera Blast! For information on how to participate check out the <a href="https://www.smogon.com/tools/suspects/view/200">suspect thread</a>.</strong></div>
|j|☆ramsbyy
|j|☆Trainee Sword
|t:|1776113419
|gametype|singles
|player|p1|ramsbyy|266|1358
|player|p2|Trainee Sword|169|1309
|gen|9
|tier|[Gen 9] OU
|rated|
|rule|HP Percentage Mod: HP is shown in percentages
|rule|Endless Battle Clause: Forcing endless battles is banned
|rule|Species Clause: Limit one of each Pokémon
|rule|OHKO Clause: OHKO moves are banned
|rule|Evasion Items Clause: Evasion items are banned
|rule|Evasion Moves Clause: Evasion moves are banned
|rule|Evasion Abilities Clause: Evasion abilities are banned
|rule|Sleep Moves Clause: Sleep-inducing moves are banned
|clearpoke
|poke|p1|Heatran, F|
|poke|p1|Great Tusk|
|poke|p1|Slowking-Galar, M|
|poke|p1|Dondozo, M|
|poke|p1|Dragapult, F|
|poke|p1|Scrafty, M|
|poke|p2|Bronzong|
|poke|p2|Tyranitar, M|
|poke|p2|Houndstone, M|
|poke|p2|Clefable, F|
|poke|p2|Great Tusk|
|poke|p2|Dragonite, F|
|teampreview
|inactive|Battle timer is ON: inactive players will automatically lose when time's up. (requested by Trainee Sword)
|inactive|ramsbyy also wants the timer to be on.
|
|t:|1776113432
|teamsize|p1|6
|teamsize|p2|6
|start
|switch|p1a: Great Tusk|Great Tusk|100/100
|switch|p2a: Tyranitar|Tyranitar, M|100/100
|-weather|Sandstorm|[from] ability: Sand Stream|[of] p2a: Tyranitar
|turn|1
|
|t:|1776113438
|move|p1a: Great Tusk|Knock Off|p2a: Tyranitar
|-resisted|p2a: Tyranitar
|-damage|p2a: Tyranitar|85/100
|-enditem|p2a: Tyranitar|Choice Band|[from] move: Knock Off|[of] p1a: Great Tusk
|move|p2a: Tyranitar|Ice Punch|p1a: Great Tusk
|-supereffective|p1a: Great Tusk
|-damage|p1a: Great Tusk|61/100
|
|-weather|Sandstorm|[upkeep]
|upkeep
|turn|2
|
|t:|1776113445
|-end|p1a: Great Tusk|Protosynthesis|[silent]
|switch|p1a: Dondozo|Dondozo, M|100/100
|switch|p2a: Dragonite|Dragonite, F|100/100
|
|-weather|Sandstorm|[upkeep]
|-damage|p2a: Dragonite|94/100|[from] Sandstorm
|-damage|p1a: Dondozo|94/100|[from] Sandstorm
|-heal|p2a: Dragonite|100/100|[from] item: Leftovers
|-heal|p1a: Dondozo|100/100|[from] item: Leftovers
|upkeep
|turn|3
|
|t:|1776113454
|switch|p2a: Clefable|Clefable, F|100/100
|move|p1a: Dondozo|Curse|p1a: Dondozo
|-unboost|p1a: Dondozo|spe|1
|-boost|p1a: Dondozo|atk|1
|-boost|p1a: Dondozo|def|1
|
|-weather|Sandstorm|[upkeep]
|-damage|p1a: Dondozo|94/100|[from] Sandstorm
|-heal|p1a: Dondozo|100/100|[from] item: Leftovers
|upkeep
|turn|4
|
|t:|1776113470
|move|p2a: Clefable|Thunderbolt|p1a: Dondozo
|-supereffective|p1a: Dondozo
|-damage|p1a: Dondozo|51/100
|move|p1a: Dondozo|Wave Crash|p2a: Clefable
|-damage|p2a: Clefable|51/100
|-damage|p1a: Dondozo|38/100|[from] Recoil
|
|-weather|Sandstorm|[upkeep]
|-damage|p1a: Dondozo|32/100|[from] Sandstorm
|-heal|p1a: Dondozo|38/100|[from] item: Leftovers
|upkeep
|turn|5
|
|t:|1776113477
|switch|p1a: Slowking|Slowking-Galar, M|100/100
|move|p2a: Clefable|Moonblast|p1a: Slowking
|-resisted|p1a: Slowking
|-damage|p1a: Slowking|89/100
|-unboost|p1a: Slowking|spa|1
|
|-weather|none
|upkeep
|turn|6
|
|t:|1776113488
|switch|p2a: Great Tusk|Great Tusk|100/100
|move|p1a: Slowking|Sludge Bomb|p2a: Great Tusk
|-resisted|p2a: Great Tusk
|-damage|p2a: Great Tusk|84/100
|
|upkeep
|turn|7
|
|t:|1776113499
|move|p2a: Great Tusk|Headlong Rush|p1a: Slowking
|-supereffective|p1a: Slowking
|-crit|p1a: Slowking
|-damage|p1a: Slowking|0 fnt
|-unboost|p2a: Great Tusk|def|1
|-unboost|p2a: Great Tusk|spd|1
|faint|p1a: Slowking
|
|upkeep
|
|t:|1776113518
|switch|p1a: Dondozo|Dondozo, M|38/100
|turn|8
|
|t:|1776113524
|move|p2a: Great Tusk|Headlong Rush|p1a: Dondozo
|-damage|p1a: Dondozo|10/100
|-unboost|p2a: Great Tusk|def|1
|-unboost|p2a: Great Tusk|spd|1
|move|p1a: Dondozo|Rest|p1a: Dondozo
|-status|p1a: Dondozo|slp|[from] move: Rest
|-heal|p1a: Dondozo|100/100 slp|[silent]
|
|upkeep
|turn|9
|
|t:|1776113527
|-end|p2a: Great Tusk|Protosynthesis|[silent]
|switch|p2a: Clefable|Clefable, F|51/100
|cant|p1a: Dondozo|slp
|move|p1a: Dondozo|Sleep Talk|p1a: Dondozo
|move|p1a: Dondozo|Wave Crash|p2a: Clefable|[from] move: Sleep Talk
|-damage|p2a: Clefable|16/100
|-damage|p1a: Dondozo|91/100 slp|[from] Recoil
|
|-heal|p1a: Dondozo|98/100 slp|[from] item: Leftovers
|upkeep
|turn|10
|
|t:|1776113537
|move|p2a: Clefable|Moonlight|p2a: Clefable
|-heal|p2a: Clefable|66/100
|cant|p1a: Dondozo|slp
|move|p1a: Dondozo|Sleep Talk|p1a: Dondozo
|move|p1a: Dondozo|Wave Crash|p2a: Clefable|[from] move: Sleep Talk
|-damage|p2a: Clefable|30/100
|-damage|p1a: Dondozo|88/100 slp|[from] Recoil
|
|-heal|p1a: Dondozo|94/100 slp|[from] item: Leftovers
|upkeep
|turn|11
|
|t:|1776113547
|move|p2a: Clefable|Thunderbolt|p1a: Dondozo
|-supereffective|p1a: Dondozo
|-damage|p1a: Dondozo|43/100 slp
|-curestatus|p1a: Dondozo|slp|[msg]
|move|p1a: Dondozo|Sleep Talk||[still]
|-fail|p1a: Dondozo
|
|-heal|p1a: Dondozo|49/100|[from] item: Leftovers
|upkeep
|turn|12
|
|t:|1776113553
|-terastallize|p1a: Dondozo|Dragon
|move|p2a: Clefable|Thunderbolt|p1a: Dondozo
|-resisted|p1a: Dondozo
|-damage|p1a: Dondozo|35/100
|move|p1a: Dondozo|Wave Crash|p2a: Clefable
|-damage|p2a: Clefable|0 fnt
|faint|p2a: Clefable
|-damage|p1a: Dondozo|28/100|[from] Recoil
|
|-heal|p1a: Dondozo|34/100|[from] item: Leftovers
|upkeep
|
|t:|1776113557
|switch|p2a: Tyranitar|Tyranitar, M|85/100
|-weather|Sandstorm|[from] ability: Sand Stream|[of] p2a: Tyranitar
|turn|13
|
|t:|1776113569
|switch|p2a: Houndstone|Houndstone, M|100/100
|switch|p1a: Heatran|Heatran, F|100/100
|
|-weather|Sandstorm|[upkeep]
|upkeep
|turn|14
|
|t:|1776113587
|move|p2a: Houndstone|Poltergeist|p1a: Heatran|[miss]
|-miss|p2a: Houndstone|p1a: Heatran
|move|p1a: Heatran|Magma Storm|p2a: Houndstone|[miss]
|-miss|p1a: Heatran|p2a: Houndstone
|
|-weather|Sandstorm|[upkeep]
|upkeep
|turn|15
|
|t:|1776113596
|move|p2a: Houndstone|Poltergeist|p1a: Heatran
|-activate|p1a: Heatran|move: Poltergeist|Leftovers
|-damage|p1a: Heatran|33/100
|move|p1a: Heatran|Magma Storm|p2a: Houndstone
|-damage|p2a: Houndstone|45/100
|-activate|p2a: Houndstone|move: Magma Storm|[of] p1a: Heatran
|
|-weather|Sandstorm|[upkeep]
|-heal|p1a: Heatran|39/100|[from] item: Leftovers
|-damage|p2a: Houndstone|33/100|[from] move: Magma Storm|[partiallytrapped]
|upkeep
|turn|16
|
|t:|1776113613
|move|p2a: Houndstone|Poltergeist|p1a: Heatran
|-activate|p1a: Heatran|move: Poltergeist|Leftovers
|-damage|p1a: Heatran|0 fnt
|faint|p1a: Heatran
|
|-weather|Sandstorm|[upkeep]
|-end|p2a: Houndstone|Magma Storm|[partiallytrapped]|[silent]
|upkeep
|
|t:|1776113621
|switch|p1a: Scrafty|Scrafty, M|100/100
|turn|17
|
|t:|1776113625
|switch|p2a: Great Tusk|Great Tusk|84/100
|move|p1a: Scrafty|Dragon Dance|p1a: Scrafty
|-boost|p1a: Scrafty|atk|1
|-boost|p1a: Scrafty|spe|1
|
|-weather|none
|upkeep
|turn|18
|
|t:|1776113634
|move|p1a: Scrafty|Ice Punch|p2a: Great Tusk
|-supereffective|p2a: Great Tusk
|-damage|p2a: Great Tusk|40/100
|move|p2a: Great Tusk|Close Combat|p1a: Scrafty
|-supereffective|p1a: Scrafty
|-damage|p1a: Scrafty|0 fnt
|-unboost|p2a: Great Tusk|def|1
|-unboost|p2a: Great Tusk|spd|1
|faint|p1a: Scrafty
|
|upkeep
|
|t:|1776113647
|switch|p1a: Dragapult|Dragapult, F|100/100
|turn|19
|
|t:|1776113651
|move|p1a: Dragapult|Draco Meteor|p2a: Great Tusk
|-damage|p2a: Great Tusk|0 fnt
|-unboost|p1a: Dragapult|spa|2
|faint|p2a: Great Tusk
|-end|p2a: Great Tusk|Protosynthesis|[silent]
|
|upkeep
|
|t:|1776113659
|switch|p2a: Tyranitar|Tyranitar, M|85/100
|-weather|Sandstorm|[from] ability: Sand Stream|[of] p2a: Tyranitar
|turn|20
|
|t:|1776113663
|switch|p1a: Great Tusk|Great Tusk|61/100
|move|p2a: Tyranitar|Knock Off|p1a: Great Tusk
|-resisted|p1a: Great Tusk
|-damage|p1a: Great Tusk|39/100
|-enditem|p1a: Great Tusk|Heavy-Duty Boots|[from] move: Knock Off|[of] p2a: Tyranitar
|
|-weather|Sandstorm|[upkeep]
|upkeep
|turn|21
|
|t:|1776113673
|switch|p2a: Bronzong|Bronzong|100/100
|move|p1a: Great Tusk|Earthquake|p2a: Bronzong
|-immune|p2a: Bronzong|[from] ability: Levitate
|
|-weather|Sandstorm|[upkeep]
|upkeep
|turn|22
|
|t:|1776113678
|move|p1a: Great Tusk|Knock Off|p2a: Bronzong
|-supereffective|p2a: Bronzong
|-damage|p2a: Bronzong|44/100
|-enditem|p2a: Bronzong|Leftovers|[from] move: Knock Off|[of] p1a: Great Tusk
|move|p2a: Bronzong|Psychic Noise|p1a: Great Tusk
|-supereffective|p1a: Great Tusk
|-damage|p1a: Great Tusk|0 fnt
|faint|p1a: Great Tusk
|-end|p1a: Great Tusk|Protosynthesis|[silent]
|
|-weather|Sandstorm|[upkeep]
|upkeep
|
|t:|1776113686
|switch|p1a: Dondozo|Dondozo, M, tera:Dragon|34/100
|turn|23
|
|t:|1776113690
|move|p1a: Dondozo|Rest|p1a: Dondozo
|-status|p1a: Dondozo|slp|[from] move: Rest
|-heal|p1a: Dondozo|100/100 slp|[silent]
|move|p2a: Bronzong|Psychic Noise|p1a: Dondozo
|-damage|p1a: Dondozo|79/100 slp
|-start|p1a: Dondozo|move: Heal Block
|
|-weather|Sandstorm|[upkeep]
|-damage|p1a: Dondozo|73/100 slp|[from] Sandstorm
|upkeep
|turn|24
|
|t:|1776113702
|cant|p1a: Dondozo|slp
|move|p1a: Dondozo|Sleep Talk|p1a: Dondozo
|cant|p1a: Dondozo|move: Heal Block|Rest
|move|p2a: Bronzong|Psychic Noise|p1a: Dondozo
|-damage|p1a: Dondozo|53/100 slp
|
|-weather|none
|-end|p1a: Dondozo|move: Heal Block
|upkeep
|turn|25
|
|t:|1776113715
|cant|p1a: Dondozo|slp
|move|p2a: Bronzong|Psychic Noise|p1a: Dondozo
|-damage|p1a: Dondozo|34/100 slp
|-start|p1a: Dondozo|move: Heal Block
|
|upkeep
|turn|26
|
|t:|1776113730
|-curestatus|p1a: Dondozo|slp|[msg]
|move|p1a: Dondozo|Wave Crash|p2a: Bronzong
|-damage|p2a: Bronzong|10/100
|-damage|p1a: Dondozo|26/100|[from] Recoil
|move|p2a: Bronzong|Gyro Ball|p1a: Dondozo
|-damage|p1a: Dondozo|20/100
|
|-end|p1a: Dondozo|move: Heal Block
|upkeep
|turn|27
|
|t:|1776113738
|move|p1a: Dondozo|Rest|p1a: Dondozo
|-status|p1a: Dondozo|slp|[from] move: Rest
|-heal|p1a: Dondozo|100/100 slp|[silent]
|move|p2a: Bronzong|Psychic Noise|p1a: Dondozo
|-crit|p1a: Dondozo
|-damage|p1a: Dondozo|72/100 slp
|-start|p1a: Dondozo|move: Heal Block
|
|upkeep
|turn|28
|
|t:|1776113744
|switch|p2a: Houndstone|Houndstone, M|33/100
|cant|p1a: Dondozo|slp
|move|p1a: Dondozo|Sleep Talk|p1a: Dondozo
|cant|p1a: Dondozo|move: Heal Block|Rest
|
|-end|p1a: Dondozo|move: Heal Block
|upkeep
|turn|29
|
|t:|1776113752
|move|p2a: Houndstone|Play Rough|p1a: Dondozo
|-supereffective|p1a: Dondozo
|-damage|p1a: Dondozo|34/100 slp
|-unboost|p1a: Dondozo|atk|1
|cant|p1a: Dondozo|slp
|move|p1a: Dondozo|Sleep Talk|p1a: Dondozo
|move|p1a: Dondozo|Wave Crash|p2a: Houndstone|[from] move: Sleep Talk
|-damage|p2a: Houndstone|2/100
|-damage|p1a: Dondozo|28/100 slp|[from] Recoil
|
|-heal|p1a: Dondozo|34/100 slp|[from] item: Leftovers
|upkeep
|turn|30
|
|t:|1776113767
|move|p2a: Houndstone|Play Rough|p1a: Dondozo
|-supereffective|p1a: Dondozo
|-damage|p1a: Dondozo|0 fnt
|faint|p1a: Dondozo
|
|upkeep
|
|t:|1776113771
|switch|p1a: Dragapult|Dragapult, F|100/100
|turn|31
|-message|ramsbyy forfeited.
|
|win|Trainee Sword
|raw|ramsbyy's rating: 1358 &rarr; <strong>1335</strong><br />(-23 for losing)
|raw|Trainee Sword's rating: 1309 &rarr; <strong>1332</strong><br />(+23 for winning)
|l|☆ramsbyy
|player|p1|
|l|☆Trainee Sword
|player|p2|
