|html|<div class="broadcast-blue"><strong>[Gen 9] OU is currently suspecting Volcarona! For information on how to participate check out the <a href="https://www.smogon.com/tools/suspects/view/208">suspect thread</a>.</strong></div>
|j|☆lbdrinkingpower
|j|☆thiccdug
|t:|1778498100
|gametype|singles
|player|p1|lbdrinkingpower|backpacker|1415
|player|p2|thiccdug|101|1397
|gen|9
|tier|[Gen 9] OU
|rated|
|rule|HP Percentage Mod: HP is shown in percentages
|rule|Endless Battle Clause: Forcing endless battles is banned
|rule|Species Clause: Limit one of each Pokémon
|rule|OHKO Clause: OHKO moves are banned
|rule|Evasion Items Clause: Evasion items are banned
|rule|Evasion Moves Clause: Evasion moves are banned
|rule|Evasion Abilities Clause: Evasion abilities are banned
|rule|Sleep Moves Clause: Sleep-inducing moves are banned
|clearpoke
|poke|p1|Toxapex, M|
|poke|p1|Ogerpon-Cornerstone, F|
|poke|p1|Tornadus-Therian, M|
|poke|p1|Tyranitar, M|
|poke|p1|Excadrill, M|
|poke|p1|Iron Valiant|
|poke|p2|Arcanine-Hisui, F|
|poke|p2|Tyranitar, M|
|poke|p2|Ogerpon-Cornerstone, F|
|poke|p2|Rotom-Wash|
|poke|p2|Sandy Shocks|
|poke|p2|Corviknight, F|
|teampreview
|inactive|Battle timer is ON: inactive players will automatically lose when time's up. (requested by thiccdug)
|inactive|lbdrinkingpower has 120 seconds left.
|
|t:|1778498148
|teamsize|p1|6
|teamsize|p2|6
|start
|switch|p1a: Tyranitar|Tyranitar, M|100/100
|switch|p2a: Arcanine|Arcanine-Hisui, F|100/100
|-weather|Sandstorm|[from] ability: Sand Stream|[of] p1a: Tyranitar
|turn|1
|
|t:|1778498154
|move|p2a: Arcanine|Close Combat|p1a: Tyranitar
|-supereffective|p1a: Tyranitar
|-damage|p1a: Tyranitar|0 fnt
|-unboost|p2a: Arcanine|def|1
|-unboost|p2a: Arcanine|spd|1
|faint|p1a: Tyranitar
|
|-weather|Sandstorm|[upkeep]
|upkeep
|
|t:|1778498161
|switch|p1a: Tornadus|Tornadus-Therian, M|100/100
|turn|2
|
|t:|1778498165
|switch|p2a: Rotom|Rotom-Wash|100/100
|move|p1a: Tornadus|Weather Ball|p2a: Rotom
|-damage|p2a: Rotom|62/100
|
|-weather|Sandstorm|[upkeep]
|-damage|p1a: Tornadus|94/100|[from] Sandstorm
|-damage|p2a: Rotom|56/100|[from] Sandstorm
|-heal|p2a: Rotom|62/100|[from] item: Leftovers
|upkeep
|turn|3
|
|t:|1778498180
|switch|p1a: Ogerpon|Ogerpon-Cornerstone, F|100/100
|move|p2a: Rotom|Volt Switch|p1a: Ogerpon
|-resisted|p1a: Ogerpon
|-damage|p1a: Ogerpon|90/100
|
|t:|1778498196
|switch|p2a: Corviknight|Corviknight, F|100/100|[from] Volt Switch
|-ability|p2a: Corviknight|Pressure
|
|-weather|Sandstorm|[upkeep]
|upkeep
|turn|4
|inactive|thiccdug has 120 seconds left.
|
|t:|1778498223
|switch|p1a: Tornadus|Tornadus-Therian, M|100/100
|move|p2a: Corviknight|Body Press|p1a: Tornadus
|-resisted|p1a: Tornadus
|-damage|p1a: Tornadus|83/100
|
|-weather|Sandstorm|[upkeep]
|-damage|p1a: Tornadus|77/100|[from] Sandstorm
|upkeep
|turn|5
|inactive|thiccdug has 120 seconds left.
|
|t:|1778498229
|switch|p2a: Rotom|Rotom-Wash|62/100
|move|p1a: Tornadus|Weather Ball|p2a: Rotom
|-damage|p2a: Rotom|23/100
|
|-weather|Sandstorm|[upkeep]
|-damage|p1a: Tornadus|71/100|[from] Sandstorm
|-damage|p2a: Rotom|17/100|[from] Sandstorm
|-heal|p2a: Rotom|23/100|[from] item: Leftovers
|upkeep
|turn|6
|
|t:|1778498234
|switch|p2a: Tyranitar|Tyranitar, M|100/100
|move|p1a: Tornadus|Weather Ball|p2a: Tyranitar
|-damage|p2a: Tyranitar|79/100
|
|-weather|Sandstorm|[upkeep]
|-damage|p1a: Tornadus|65/100|[from] Sandstorm
|upkeep
|turn|7
|
|t:|1778498242
|switch|p1a: Ogerpon|Ogerpon-Cornerstone, F|90/100
|move|p2a: Tyranitar|Knock Off|p1a: Ogerpon
|-damage|p1a: Ogerpon|44/100
|
|-weather|Sandstorm|[upkeep]
|upkeep
|turn|8
|
|t:|1778498251
|switch|p2a: Corviknight|Corviknight, F|100/100
|-ability|p2a: Corviknight|Pressure
|move|p1a: Ogerpon|Low Kick|p2a: Corviknight
|-damage|p2a: Corviknight|82/100
|
|-weather|none
|-heal|p2a: Corviknight|88/100|[from] item: Leftovers
|upkeep
|turn|9
|
|t:|1778498260
|move|p1a: Ogerpon|Knock Off|p2a: Corviknight
|-damage|p2a: Corviknight|67/100
|-enditem|p2a: Corviknight|Leftovers|[from] move: Knock Off|[of] p1a: Ogerpon
|move|p2a: Corviknight|U-turn|p1a: Ogerpon
|-supereffective|p1a: Ogerpon
|-damage|p1a: Ogerpon|9/100
|
|t:|1778498268
|switch|p2a: Tyranitar|Tyranitar, M|79/100|[from] U-turn
|-weather|Sandstorm|[from] ability: Sand Stream|[of] p2a: Tyranitar
|
|-weather|Sandstorm|[upkeep]
|upkeep
|turn|10
|inactive|lbdrinkingpower has 120 seconds left.
|
|t:|1778498298
|switch|p2a: Corviknight|Corviknight, F|67/100
|-ability|p2a: Corviknight|Pressure
|move|p1a: Ogerpon|Low Kick|p2a: Corviknight
|-damage|p2a: Corviknight|47/100
|
|-weather|Sandstorm|[upkeep]
|upkeep
|turn|11
|inactive|lbdrinkingpower has 120 seconds left.
|
|t:|1778498312
|move|p1a: Ogerpon|Ivy Cudgel|p2a: Corviknight|[anim] Ivy Cudgel Rock
|-damage|p2a: Corviknight|13/100
|move|p2a: Corviknight|U-turn|p1a: Ogerpon
|-supereffective|p1a: Ogerpon
|-damage|p1a: Ogerpon|0 fnt
|faint|p1a: Ogerpon
|
|t:|1778498332
|switch|p2a: Sandy Shocks|Sandy Shocks|100/100|[from] U-turn
|-enditem|p2a: Sandy Shocks|Booster Energy
|-activate|p2a: Sandy Shocks|ability: Protosynthesis|[fromitem]
|-start|p2a: Sandy Shocks|protosynthesisspe
|
|-weather|Sandstorm|[upkeep]
|upkeep
|inactive|lbdrinkingpower has 120 seconds left.
|
|t:|1778498351
|switch|p1a: Excadrill|Excadrill, M|100/100
|turn|12
|
|t:|1778498355
|move|p1a: Excadrill|Substitute|p1a: Excadrill
|-start|p1a: Excadrill|Substitute
|-damage|p1a: Excadrill|76/100
|move|p2a: Sandy Shocks|Earth Power|p1a: Excadrill
|-supereffective|p1a: Excadrill
|-end|p1a: Excadrill|Substitute
|
|-weather|Sandstorm|[upkeep]
|-heal|p1a: Excadrill|82/100|[from] item: Leftovers
|upkeep
|turn|13
|
|t:|1778498360
|move|p1a: Excadrill|Earthquake|p2a: Sandy Shocks
|-supereffective|p2a: Sandy Shocks
|-damage|p2a: Sandy Shocks|0 fnt
|faint|p2a: Sandy Shocks
|-end|p2a: Sandy Shocks|Protosynthesis|[silent]
|
|-weather|Sandstorm|[upkeep]
|-heal|p1a: Excadrill|88/100|[from] item: Leftovers
|upkeep
|
|t:|1778498386
|switch|p2a: Ogerpon|Ogerpon-Cornerstone, F|100/100
|turn|14
|inactive|thiccdug has 120 seconds left.
|
|t:|1778498409
|switch|p1a: Toxapex|Toxapex, M|100/100
|move|p2a: Ogerpon|Superpower|p1a: Toxapex
|-resisted|p1a: Toxapex
|-damage|p1a: Toxapex|83/100
|-unboost|p2a: Ogerpon|atk|1
|-unboost|p2a: Ogerpon|def|1
|-enditem|p1a: Toxapex|Eject Button
|
|t:|1778498416
|switch|p1a: Tornadus|Tornadus-Therian, M|98/100
|
|-weather|Sandstorm|[upkeep]
|-damage|p1a: Tornadus|92/100|[from] Sandstorm
|upkeep
|turn|15
|
|t:|1778498428
|switch|p1a: Excadrill|Excadrill, M|88/100
|switch|p2a: Tyranitar|Tyranitar, M|79/100
|
|-weather|Sandstorm|[upkeep]
|-heal|p1a: Excadrill|94/100|[from] item: Leftovers
|upkeep
|turn|16
|
|t:|1778498439
|move|p1a: Excadrill|Substitute|p1a: Excadrill
|-start|p1a: Excadrill|Substitute
|-damage|p1a: Excadrill|69/100
|move|p2a: Tyranitar|Knock Off|p1a: Excadrill
|-end|p1a: Excadrill|Substitute
|
|-weather|none
|-heal|p1a: Excadrill|75/100|[from] item: Leftovers
|upkeep
|turn|17
|
|t:|1778498447
|move|p1a: Excadrill|Earthquake|p2a: Tyranitar
|-supereffective|p2a: Tyranitar
|-damage|p2a: Tyranitar|0 fnt
|faint|p2a: Tyranitar
|
|-heal|p1a: Excadrill|81/100|[from] item: Leftovers
|upkeep
|
|t:|1778498453
|switch|p2a: Ogerpon|Ogerpon-Cornerstone, F|100/100
|turn|18
|
|t:|1778498466
|move|p2a: Ogerpon|Swords Dance|p2a: Ogerpon
|-boost|p2a: Ogerpon|atk|2
|move|p1a: Excadrill|Earthquake|p2a: Ogerpon
|-damage|p2a: Ogerpon|17/100
|
|-heal|p1a: Excadrill|87/100|[from] item: Leftovers
|upkeep
|turn|19
|
|t:|1778498470
|move|p2a: Ogerpon|Horn Leech|p1a: Excadrill
|-damage|p1a: Excadrill|0 fnt
|-heal|p2a: Ogerpon|69/100|[from] drain|[of] p1a: Excadrill
|faint|p1a: Excadrill
|
|upkeep
|
|t:|1778498473
|switch|p1a: Iron Valiant|Iron Valiant|100/100
|turn|20
|
|t:|1778498476
|move|p1a: Iron Valiant|Vacuum Wave|p2a: Ogerpon
|-supereffective|p2a: Ogerpon
|-damage|p2a: Ogerpon|0 fnt
|faint|p2a: Ogerpon
|
|upkeep
|
|t:|1778498479
|switch|p2a: Rotom|Rotom-Wash|23/100
|turn|21
|
|t:|1778498482
|move|p1a: Iron Valiant|Vacuum Wave|p2a: Rotom
|-damage|p2a: Rotom|0 fnt
|faint|p2a: Rotom
|
|upkeep
|
|t:|1778498484
|switch|p2a: Arcanine|Arcanine-Hisui, F|100/100
|turn|22
|
|t:|1778498489
|-end|p1a: Iron Valiant|Quark Drive|[silent]
|switch|p1a: Toxapex|Toxapex, M|100/100
|-terastallize|p2a: Arcanine|Fire
|move|p2a: Arcanine|Head Smash|p1a: Toxapex
|-damage|p1a: Toxapex|54/100
|
|upkeep
|turn|23
|
|t:|1778498499
|move|p2a: Arcanine|Head Smash|p1a: Toxapex|[miss]
|-miss|p2a: Arcanine|p1a: Toxapex
|move|p1a: Toxapex|Toxic|p2a: Arcanine
|-status|p2a: Arcanine|tox
|
|-damage|p2a: Arcanine|94/100 tox|[from] psn
|upkeep
|turn|24
|
|t:|1778498504
|move|p2a: Arcanine|Head Smash|p1a: Toxapex
|-damage|p1a: Toxapex|4/100
|move|p1a: Toxapex|Recover|p1a: Toxapex
|-heal|p1a: Toxapex|54/100
|
|-damage|p2a: Arcanine|82/100 tox|[from] psn
|upkeep
|turn|25
|
|t:|1778498506
|move|p2a: Arcanine|Head Smash|p1a: Toxapex|[miss]
|-miss|p2a: Arcanine|p1a: Toxapex
|move|p1a: Toxapex|Recover|p1a: Toxapex
|-heal|p1a: Toxapex|100/100
|
|-damage|p2a: Arcanine|64/100 tox|[from] psn
|upkeep
|turn|26
|
|t:|1778498508
|switch|p2a: Corviknight|Corviknight, F|13/100
|-ability|p2a: Corviknight|Pressure
|move|p1a: Toxapex|Recover||[still]
|-fail|p1a: Toxapex|heal
|
|upkeep
|turn|27
|
|t:|1778498513
|switch|p1a: Iron Valiant|Iron Valiant|100/100
|move|p2a: Corviknight|Roost|p2a: Corviknight
|-heal|p2a: Corviknight|63/100
|-singleturn|p2a: Corviknight|move: Roost
|
|upkeep
|turn|28
|
|t:|1778498518
|move|p1a: Iron Valiant|Thunderbolt|p2a: Corviknight
|-supereffective|p2a: Corviknight
|-damage|p2a: Corviknight|0 fnt
|faint|p2a: Corviknight
|
|upkeep
|
|t:|1778498519
|switch|p2a: Arcanine|Arcanine-Hisui, F, tera:Fire|64/100 tox
|turn|29
|c|☆lbdrinkingpower|gg
|
|t:|1778498524
|move|p2a: Arcanine|Head Smash|p1a: Iron Valiant
|-resisted|p1a: Iron Valiant
|-damage|p1a: Iron Valiant|58/100
|move|p1a: Iron Valiant|Thunderbolt|p2a: Arcanine
|-damage|p2a: Arcanine|7/100 tox
|
|-damage|p2a: Arcanine|1/100 tox|[from] psn
|upkeep
|turn|30
|-message|thiccdug forfeited.
|
|win|lbdrinkingpower
|raw|lbdrinkingpower's rating: 1415 &rarr; <strong>1434</strong><br />(+19 for winning)
|raw|thiccdug's rating: 1397 &rarr; <strong>1378</strong><br />(-19 for losing)
|l|☆thiccdug
|player|p2|
|l|☆lbdrinkingpower
|player|p1|
