|html|<div class="broadcast-blue"><strong>[Gen 9] OU is currently suspecting Tera Blast! For information on how to participate check out the <a href="https://www.smogon.com/tools/suspects/view/200">suspect thread</a>.</strong></div>
|j|☆snorlaxated
|j|☆Sniper20657
|t:|1776285123
|gametype|singles
|player|p1|snorlaxated|elesa|1324
|player|p2|Sniper20657|2|1366
|gen|9
|tier|[Gen 9] OU
|rated|
|rule|HP Percentage Mod: HP is shown in percentages
|rule|Endless Battle Clause: Forcing endless battles is banned
|rule|Species Clause: Limit one of each Pokémon
|rule|OHKO Clause: OHKO moves are banned
|rule|Evasion Items Clause: Evasion items are banned
|rule|Evasion Moves Clause: Evasion moves are banned
|rule|Evasion Abilities Clause: Evasion abilities are banned
|rule|Sleep Moves Clause: Sleep-inducing moves are banned
|clearpoke
|poke|p1|Volcanion|
|poke|p1|Pelipper, M|
|poke|p1|Iron Treads|
|poke|p1|Dragapult, M|
|poke|p1|Overqwil, M|
|poke|p1|Iron Valiant|
|poke|p2|Darkrai|
|poke|p2|Indeedee, M|
|poke|p2|Hoopa-Unbound|
|poke|p2|Heatran, F|
|poke|p2|Zamazenta-*|
|poke|p2|Iron Hands|
|teampreview
|inactive|Battle timer is ON: inactive players will automatically lose when time's up. (requested by snorlaxated)
|inactive|snorlaxated has 120 seconds left.
|
|t:|1776285154
|teamsize|p1|6
|teamsize|p2|6
|start
|switch|p1a: Dragapult|Dragapult, M|100/100
|switch|p2a: Indeedee|Indeedee, M|100/100
|-fieldstart|move: Psychic Terrain|[from] ability: Psychic Surge|[of] p2a: Indeedee
|turn|1
|
|t:|1776285172
|switch|p2a: Iron Hands|Iron Hands|100/100
|-enditem|p2a: Iron Hands|Booster Energy
|-activate|p2a: Iron Hands|ability: Quark Drive|[fromitem]
|-start|p2a: Iron Hands|quarkdriveatk
|move|p1a: Dragapult|U-turn|p2a: Iron Hands
|-resisted|p2a: Iron Hands
|-damage|p2a: Iron Hands|88/100
|
|t:|1776285179
|switch|p1a: Iron Valiant|Iron Valiant|100/100|[from] U-turn
|
|upkeep
|turn|2
|
|t:|1776285191
|-terastallize|p2a: Iron Hands|Flying
|move|p1a: Iron Valiant|Psyshock|p2a: Iron Hands
|-damage|p2a: Iron Hands|52/100
|move|p2a: Iron Hands|Thunder Punch|p1a: Iron Valiant
|-damage|p1a: Iron Valiant|29/100
|
|upkeep
|turn|3
|
|t:|1776285199
|-end|p1a: Iron Valiant|Quark Drive|[silent]
|switch|p1a: Iron Treads|Iron Treads|100/100
|-enditem|p1a: Iron Treads|Booster Energy
|-activate|p1a: Iron Treads|ability: Quark Drive|[fromitem]
|-start|p1a: Iron Treads|quarkdrivespe
|move|p2a: Iron Hands|Thunder Punch|p1a: Iron Treads
|-immune|p1a: Iron Treads
|
|upkeep
|turn|4
|
|t:|1776285211
|-end|p1a: Iron Treads|Quark Drive|[silent]
|switch|p1a: Pelipper|Pelipper, M, shiny|100/100
|-weather|RainDance|[from] ability: Drizzle|[of] p1a: Pelipper
|-end|p2a: Iron Hands|Quark Drive|[silent]
|switch|p2a: Heatran|Heatran, F|100/100
|-item|p2a: Heatran|Air Balloon
|
|-weather|RainDance|[upkeep]
|upkeep
|turn|5
|
|t:|1776285219
|switch|p2a: Hoopa|Hoopa-Unbound|100/100
|-enditem|p2a: Hoopa|Psychic Seed
|-boost|p2a: Hoopa|spd|1|[from] item: Psychic Seed
|move|p1a: Pelipper|Surf|p2a: Hoopa
|-damage|p2a: Hoopa|70/100
|
|-weather|RainDance|[upkeep]
|upkeep
|turn|6
|
|t:|1776285235
|move|p1a: Pelipper|U-turn|p2a: Hoopa
|-supereffective|p2a: Hoopa
|-damage|p2a: Hoopa|35/100
|
|t:|1776285238
|switch|p1a: Iron Treads|Iron Treads|100/100|[from] U-turn
|move|p2a: Hoopa|Expanding Force|p1a: Iron Treads
|-resisted|p1a: Iron Treads
|-damage|p1a: Iron Treads|26/100
|
|-weather|RainDance|[upkeep]
|upkeep
|turn|7
|
|t:|1776285251
|switch|p2a: Zamazenta|Zamazenta|100/100
|-ability|p2a: Zamazenta|Dauntless Shield|boost
|-boost|p2a: Zamazenta|def|1
|move|p1a: Iron Treads|Steel Beam|p2a: Zamazenta
|-damage|p2a: Zamazenta|65/100
|-damage|p1a: Iron Treads|0 fnt|[from] steelbeam
|faint|p1a: Iron Treads
|-end|p1a: Iron Treads|Quark Drive|[silent]
|
|-weather|RainDance|[upkeep]
|-heal|p2a: Zamazenta|71/100|[from] item: Leftovers
|upkeep
|
|t:|1776285260
|switch|p1a: Pelipper|Pelipper, M, shiny|100/100
|turn|8
|
|t:|1776285270
|move|p1a: Pelipper|Hurricane|p2a: Zamazenta
|-supereffective|p2a: Zamazenta
|-crit|p2a: Zamazenta
|-damage|p2a: Zamazenta|0 fnt
|faint|p2a: Zamazenta
|
|-weather|RainDance|[upkeep]
|-fieldend|move: Psychic Terrain
|upkeep
|
|t:|1776285275
|switch|p2a: Indeedee|Indeedee, M|100/100
|-fieldstart|move: Psychic Terrain|[from] ability: Psychic Surge|[of] p2a: Indeedee
|turn|9
|
|t:|1776285285
|move|p1a: Pelipper|Knock Off|p2a: Indeedee
|-supereffective|p2a: Indeedee
|-damage|p2a: Indeedee|76/100
|-enditem|p2a: Indeedee|Terrain Extender|[from] move: Knock Off|[of] p1a: Pelipper
|move|p2a: Indeedee|Trick Room|p2a: Indeedee
|-fieldstart|move: Trick Room|[of] p2a: Indeedee
|
|-weather|RainDance|[upkeep]
|upkeep
|turn|10
|
|t:|1776285292
|switch|p2a: Iron Hands|Iron Hands, tera:Flying|52/100
|move|p1a: Pelipper|U-turn|p2a: Iron Hands
|-resisted|p2a: Iron Hands
|-damage|p2a: Iron Hands|49/100
|
|t:|1776285299
|switch|p1a: Dragapult|Dragapult, M|100/100|[from] U-turn
|
|-weather|RainDance|[upkeep]
|upkeep
|turn|11
|
|t:|1776285304
|move|p2a: Iron Hands|Ice Punch|p1a: Dragapult
|-supereffective|p1a: Dragapult
|-damage|p1a: Dragapult|17/100
|move|p1a: Dragapult|Dragon Darts|p2a: Iron Hands
|-damage|p2a: Iron Hands|22/100
|-anim|p1a: Dragapult|Dragon Darts|p2a: Iron Hands
|-damage|p2a: Iron Hands|0 fnt
|faint|p2a: Iron Hands
|-end|p2a: Iron Hands|Quark Drive|[silent]
|
|-weather|none
|upkeep
|
|t:|1776285321
|switch|p2a: Indeedee|Indeedee, M|76/100
|turn|12
|
|t:|1776285327
|switch|p1a: Overqwil|Overqwil, M|100/100
|move|p2a: Indeedee|Dazzling Gleam|p1a: Overqwil
|-damage|p1a: Overqwil|70/100
|
|upkeep
|turn|13
|
|t:|1776285335
|move|p2a: Indeedee|Dazzling Gleam|p1a: Overqwil
|-damage|p1a: Overqwil|39/100
|move|p1a: Overqwil|Gunk Shot|p2a: Indeedee|[miss]
|-miss|p1a: Overqwil|p2a: Indeedee
|
|-fieldend|move: Trick Room
|upkeep
|turn|14
|
|t:|1776285343
|move|p1a: Overqwil|Crunch|p2a: Indeedee
|-supereffective|p2a: Indeedee
|-damage|p2a: Indeedee|0 fnt
|faint|p2a: Indeedee
|-damage|p1a: Overqwil|29/100|[from] item: Life Orb
|
|upkeep
|
|t:|1776285366
|switch|p2a: Heatran|Heatran, F|100/100
|-item|p2a: Heatran|Air Balloon
|turn|15
|
|t:|1776285373
|move|p1a: Overqwil|Liquidation|p2a: Heatran
|-supereffective|p2a: Heatran
|-damage|p2a: Heatran|45/100
|-unboost|p2a: Heatran|def|1
|-enditem|p2a: Heatran|Air Balloon
|-damage|p1a: Overqwil|19/100|[from] item: Life Orb
|move|p2a: Heatran|Flamethrower|p1a: Overqwil
|-damage|p1a: Overqwil|0 fnt
|faint|p1a: Overqwil
|
|upkeep
|
|t:|1776285380
|switch|p1a: Pelipper|Pelipper, M, shiny|100/100
|-weather|RainDance|[from] ability: Drizzle|[of] p1a: Pelipper
|turn|16
|
|t:|1776285389
|switch|p2a: Hoopa|Hoopa-Unbound|35/100
|move|p1a: Pelipper|Surf|p2a: Hoopa
|-damage|p2a: Hoopa|0 fnt
|faint|p2a: Hoopa
|
|-weather|RainDance|[upkeep]
|-fieldend|move: Psychic Terrain
|upkeep
|
|t:|1776285392
|switch|p2a: Darkrai|Darkrai|100/100
|turn|17
|
|t:|1776285405
|move|p2a: Darkrai|Dark Pulse|p1a: Pelipper
|-crit|p1a: Pelipper
|-damage|p1a: Pelipper|0 fnt
|faint|p1a: Pelipper
|
|-weather|RainDance|[upkeep]
|upkeep
|
|t:|1776285412
|switch|p1a: Volcanion|Volcanion|100/100
|turn|18
|
|t:|1776285417
|move|p2a: Darkrai|Dark Pulse|p1a: Volcanion
|-damage|p1a: Volcanion|57/100
|move|p1a: Volcanion|Scald|p2a: Darkrai
|-damage|p2a: Darkrai|0 fnt
|faint|p2a: Darkrai
|
|-weather|RainDance|[upkeep]
|upkeep
|-message|Sniper20657 forfeited.
|
|win|snorlaxated
|raw|snorlaxated's rating: 1324 &rarr; <strong>1346</strong><br />(+22 for winning)
|raw|Sniper20657's rating: 1366 &rarr; <strong>1344</strong><br />(-22 for losing)
|l|☆Sniper20657
|player|p2|
