|html|<div class="broadcast-blue"><strong>[Gen 9] OU is currently suspecting Tera Blast! For information on how to participate check out the <a href="https://www.smogon.com/tools/suspects/view/200">suspect thread</a>.</strong></div>
|j|☆abGodc
|j|☆Kochu_shak
|t:|1776134344
|gametype|singles
|player|p1|abGodc|iris-gen5bw2|1750
|player|p2|Kochu_shak|morty-masters2|1740
|gen|9
|tier|[Gen 9] OU
|rated|
|rule|HP Percentage Mod: HP is shown in percentages
|rule|Endless Battle Clause: Forcing endless battles is banned
|rule|Species Clause: Limit one of each Pokémon
|rule|OHKO Clause: OHKO moves are banned
|rule|Evasion Items Clause: Evasion items are banned
|rule|Evasion Moves Clause: Evasion moves are banned
|rule|Evasion Abilities Clause: Evasion abilities are banned
|rule|Sleep Moves Clause: Sleep-inducing moves are banned
|clearpoke
|poke|p1|Ting-Lu|
|poke|p1|Slowking-Galar, M|
|poke|p1|Corviknight, M|
|poke|p1|Cinderace, M|
|poke|p1|Ogerpon-Wellspring, F|
|poke|p1|Raging Bolt|
|poke|p2|Araquanid, F|
|poke|p2|Gholdengo|
|poke|p2|Iron Moth|
|poke|p2|Iron Valiant|
|poke|p2|Raging Bolt|
|poke|p2|Kingambit, F|
|teampreview
|inactive|Battle timer is ON: inactive players will automatically lose when time's up. (requested by abGodc)
|inactive|Kochu_shak also wants the timer to be on.
|
|t:|1776134349
|teamsize|p1|6
|teamsize|p2|6
|start
|switch|p1a: Raging Bolt|Raging Bolt|100/100
|switch|p2a: QUIL|Araquanid, F|100/100
|turn|1
|
|t:|1776134352
|move|p1a: Raging Bolt|Thunderclap||[still]
|-fail|p1a: Raging Bolt
|move|p2a: QUIL|Sticky Web|p1a: Raging Bolt
|-sidestart|p1: abGodc|move: Sticky Web
|
|upkeep
|turn|2
|
|t:|1776134366
|-end|p1a: Raging Bolt|Protosynthesis|[silent]
|switch|p1a: Corviknight|Corviknight, M|100/100
|-ability|p1a: Corviknight|Pressure
|switch|p2a: DELI|Raging Bolt|100/100
|-enditem|p2a: DELI|Booster Energy
|-activate|p2a: DELI|ability: Protosynthesis|[fromitem]
|-start|p2a: DELI|protosynthesisspa
|
|upkeep
|turn|3
|
|t:|1776134378
|move|p2a: DELI|Dragon Pulse|p1a: Corviknight
|-resisted|p1a: Corviknight
|-damage|p1a: Corviknight|67/100
|move|p1a: Corviknight|Defog|p2a: DELI
|-unboost|p2a: DELI|evasion|1
|-sideend|p1: abGodc|Sticky Web|[from] move: Defog|[of] p1a: Corviknight
|
|upkeep
|turn|4
|j| thepokemonuploads
|inactive|Kochu_shak has 120 seconds left.
|j| Prof dankness
|l|☆Kochu_shak
|inactive|Kochu_shak disconnected and has a minute to reconnect!
|player|p2|
|j|☆Kochu_shak
|inactive|Kochu_shak reconnected and has 100 seconds left.
|player|p2|Kochu_shak|morty-masters2|
|
|t:|1776134437
|switch|p1a: Ting-Lu|Ting-Lu|100/100
|-ability|p1a: Ting-Lu|Vessel of Ruin
|move|p2a: DELI|Calm Mind|p2a: DELI
|-boost|p2a: DELI|spa|1
|-boost|p2a: DELI|spd|1
|
|upkeep
|turn|5
|c|☆abGodc|Yo I’m ass
|c|☆abGodc|please beat me rq
|
|t:|1776134443
|move|p2a: DELI|Dragon Pulse|p1a: Ting-Lu
|-damage|p1a: Ting-Lu|61/100
|move|p1a: Ting-Lu|Earthquake|p2a: DELI
|-supereffective|p2a: DELI
|-damage|p2a: DELI|36/100
|
|-heal|p1a: Ting-Lu|67/100|[from] item: Leftovers
|upkeep
|turn|6
|
|t:|1776134451
|-end|p2a: DELI|Protosynthesis|[silent]
|switch|p2a: QUIL|Araquanid, F|100/100
|move|p1a: Ting-Lu|Earthquake|p2a: QUIL
|-resisted|p2a: QUIL
|-damage|p2a: QUIL|83/100
|
|-heal|p1a: Ting-Lu|74/100|[from] item: Leftovers
|upkeep
|turn|7
|
|t:|1776134454
|switch|p1a: Raging Bolt|Raging Bolt|100/100
|move|p2a: QUIL|Sticky Web|p1a: Raging Bolt
|-sidestart|p1: abGodc|move: Sticky Web
|
|upkeep
|turn|8
|
|t:|1776134458
|switch|p2a: DELI|Raging Bolt|36/100
|move|p1a: Raging Bolt|Volt Switch|p2a: DELI
|-resisted|p2a: DELI
|-damage|p2a: DELI|20/100
|
|t:|1776134464
|-end|p1a: Raging Bolt|Protosynthesis|[silent]
|switch|p1a: Ting-Lu|Ting-Lu|74/100|[from] Volt Switch
|-activate|p1a: Ting-Lu|move: Sticky Web
|-unboost|p1a: Ting-Lu|spe|1
|-ability|p1a: Ting-Lu|Vessel of Ruin
|
|-heal|p1a: Ting-Lu|80/100|[from] item: Leftovers
|upkeep
|turn|9
|
|t:|1776134467
|move|p2a: DELI|Dragon Pulse|p1a: Ting-Lu
|-damage|p1a: Ting-Lu|60/100
|move|p1a: Ting-Lu|Earthquake|p2a: DELI
|-supereffective|p2a: DELI
|-damage|p2a: DELI|0 fnt
|faint|p2a: DELI
|-end|p2a: DELI|Protosynthesis|[silent]
|
|-heal|p1a: Ting-Lu|67/100|[from] item: Leftovers
|upkeep
|l| thepokemonuploads
|inactive|Kochu_shak has 120 seconds left.
|
|t:|1776134510
|switch|p2a: CALA|Iron Moth|100/100
|-enditem|p2a: CALA|Booster Energy
|-activate|p2a: CALA|ability: Quark Drive|[fromitem]
|-start|p2a: CALA|quarkdrivespa
|turn|10
|
|t:|1776134516
|-terastallize|p2a: CALA|Grass
|move|p2a: CALA|Fiery Dance|p1a: Ting-Lu
|-damage|p1a: Ting-Lu|41/100
|move|p1a: Ting-Lu|Earthquake|p2a: CALA
|-resisted|p2a: CALA
|-damage|p2a: CALA|69/100
|
|-heal|p1a: Ting-Lu|47/100|[from] item: Leftovers
|upkeep
|turn|11
|inactive|Kochu_shak has 120 seconds left.
|
|t:|1776134533
|switch|p1a: Slowking|Slowking-Galar, M|100/100
|move|p2a: CALA|Energy Ball|p1a: Slowking
|-resisted|p1a: Slowking
|-damage|p1a: Slowking|76/100
|
|upkeep
|turn|12
|
|t:|1776134539
|move|p2a: CALA|Fiery Dance|p1a: Slowking
|-damage|p1a: Slowking|27/100
|-boost|p2a: CALA|spa|1
|move|p1a: Slowking|Sludge Bomb|p2a: CALA
|-supereffective|p2a: CALA
|-damage|p2a: CALA|2/100
|
|upkeep
|turn|13
|
|t:|1776134549
|switch|p1a: Ting-Lu|Ting-Lu|47/100
|-activate|p1a: Ting-Lu|move: Sticky Web
|-unboost|p1a: Ting-Lu|spe|1
|-ability|p1a: Ting-Lu|Vessel of Ruin
|move|p2a: CALA|Fiery Dance|p1a: Ting-Lu
|-damage|p1a: Ting-Lu|13/100
|
|-heal|p1a: Ting-Lu|19/100|[from] item: Leftovers
|upkeep
|turn|14
|
|t:|1776134554
|move|p2a: CALA|Fiery Dance|p1a: Ting-Lu
|-damage|p1a: Ting-Lu|0 fnt
|faint|p1a: Ting-Lu
|
|upkeep
|
|t:|1776134556
|switch|p1a: Cinderace|Cinderace, M|100/100
|turn|15
|j| qklingying
|
|t:|1776134566
|move|p1a: Cinderace|U-turn|p2a: CALA
|-start|p1a: Cinderace|typechange|Bug|[from] ability: Libero
|-supereffective|p2a: CALA
|-damage|p2a: CALA|0 fnt
|faint|p2a: CALA
|-end|p2a: CALA|Quark Drive|[silent]
|
|t:|1776134568
|switch|p1a: Raging Bolt|Raging Bolt|100/100|[from] U-turn
|-activate|p1a: Raging Bolt|move: Sticky Web
|-unboost|p1a: Raging Bolt|spe|1
|
|upkeep
|
|t:|1776134581
|switch|p2a: QUZZ|Iron Valiant|100/100
|-enditem|p2a: QUZZ|Booster Energy
|-activate|p2a: QUZZ|ability: Quark Drive|[fromitem]
|-start|p2a: QUZZ|quarkdrivespa
|turn|16
|
|t:|1776134592
|move|p2a: QUZZ|Calm Mind|p2a: QUZZ
|-boost|p2a: QUZZ|spa|1
|-boost|p2a: QUZZ|spd|1
|move|p1a: Raging Bolt|Volt Switch|p2a: QUZZ
|-damage|p2a: QUZZ|21/100
|
|t:|1776134594
|-end|p1a: Raging Bolt|Protosynthesis|[silent]
|switch|p1a: Cinderace|Cinderace, M|100/100|[from] Volt Switch
|
|upkeep
|turn|17
|
|t:|1776134598
|move|p2a: QUZZ|Vacuum Wave|p1a: Cinderace
|-damage|p1a: Cinderace|41/100
|move|p1a: Cinderace|Pyro Ball|p2a: QUZZ
|-damage|p2a: QUZZ|0 fnt
|faint|p2a: QUZZ
|-end|p2a: QUZZ|Quark Drive|[silent]
|
|upkeep
|
|t:|1776134622
|switch|p2a: QUIL|Araquanid, F|83/100
|turn|18
|
|t:|1776134625
|move|p1a: Cinderace|U-turn|p2a: QUIL
|-start|p1a: Cinderace|typechange|Bug|[from] ability: Libero
|-damage|p2a: QUIL|53/100
|
|t:|1776134628
|switch|p1a: Slowking|Slowking-Galar, M|61/100|[from] U-turn
|move|p2a: QUIL|Lunge|p1a: Slowking
|-damage|p1a: Slowking|47/100
|-unboost|p1a: Slowking|atk|1
|
|upkeep
|turn|19
|
|t:|1776134634
|switch|p2a: TREE?|Gholdengo|100/100
|-item|p2a: TREE?|Air Balloon
|-prepare|p1a: Slowking|Chilly Reception|[premajor]
|move|p1a: Slowking|Chilly Reception|p1a: Slowking
|-weather|Snowscape
|
|t:|1776134637
|switch|p1a: Cinderace|Cinderace, M|41/100|[from] Chilly Reception
|
|-weather|Snowscape|[upkeep]
|upkeep
|turn|20
|
|t:|1776134642
|switch|p2a: QUIL|Araquanid, F|53/100
|-terastallize|p1a: Cinderace|Fire
|move|p1a: Cinderace|Pyro Ball|p2a: QUIL
|-damage|p2a: QUIL|16/100
|
|-weather|Snowscape|[upkeep]
|upkeep
|turn|21
|-enditem|p2a: QUIL|Custap Berry|[eat]
|-activate|p2a: QUIL|item: Custap Berry|[consumed]
|
|t:|1776134654
|move|p1a: Cinderace|Sucker Punch|p2a: QUIL
|-damage|p2a: QUIL|0 fnt
|faint|p2a: QUIL
|
|-weather|Snowscape|[upkeep]
|upkeep
|
|t:|1776134662
|switch|p2a: SUPA|Kingambit, F|100/100
|-activate|p2a: SUPA|ability: Supreme Overlord
|-start|p2a: SUPA|fallen4|[silent]
|-item|p2a: SUPA|Air Balloon
|turn|22
|
|t:|1776134667
|move|p1a: Cinderace|U-turn|p2a: SUPA
|-damage|p2a: SUPA|79/100
|-enditem|p2a: SUPA|Air Balloon
|
|t:|1776134668
|switch|p1a: Ogerpon|Ogerpon-Wellspring, F|100/100|[from] U-turn
|-activate|p1a: Ogerpon|move: Sticky Web
|-unboost|p1a: Ogerpon|spe|1
|move|p2a: SUPA|Kowtow Cleave|p1a: Ogerpon
|-crit|p1a: Ogerpon
|-damage|p1a: Ogerpon|0 fnt
|faint|p1a: Ogerpon
|
|-weather|Snowscape|[upkeep]
|upkeep
|
|t:|1776134672
|switch|p1a: Corviknight|Corviknight, M|67/100
|-ability|p1a: Corviknight|Pressure
|turn|23
|j| volbeatluvr
|
|t:|1776134681
|-end|p2a: SUPA|fallen4|[silent]
|switch|p2a: TREE?|Gholdengo|100/100
|-item|p2a: TREE?|Air Balloon
|move|p1a: Corviknight|U-turn|p2a: TREE?
|-resisted|p2a: TREE?
|-crit|p2a: TREE?
|-damage|p2a: TREE?|94/100
|-enditem|p2a: TREE?|Air Balloon
|l| volbeatluvr
|
|t:|1776134696
|switch|p1a: Cinderace|Cinderace, M, tera:Fire|41/100|[from] U-turn
|
|-weather|none
|upkeep
|turn|24
|
|t:|1776134700
|move|p1a: Cinderace|Pyro Ball|p2a: TREE?
|-supereffective|p2a: TREE?
|-damage|p2a: TREE?|0 fnt
|faint|p2a: TREE?
|
|upkeep
|
|t:|1776134702
|switch|p2a: SUPA|Kingambit, F|79/100
|-activate|p2a: SUPA|ability: Supreme Overlord
|-start|p2a: SUPA|fallen5|[silent]
|turn|25
|
|t:|1776134705
|move|p2a: SUPA|Sucker Punch|p1a: Cinderace
|-damage|p1a: Cinderace|0 fnt
|faint|p1a: Cinderace
|
|upkeep
|
|t:|1776134708
|switch|p1a: Raging Bolt|Raging Bolt|100/100
|-activate|p1a: Raging Bolt|move: Sticky Web
|-unboost|p1a: Raging Bolt|spe|1
|turn|26
|
|t:|1776134712
|move|p2a: SUPA|Swords Dance|p2a: SUPA
|-boost|p2a: SUPA|atk|2
|move|p1a: Raging Bolt|Thunderbolt|p2a: SUPA
|-damage|p2a: SUPA|0 fnt
|faint|p2a: SUPA
|-end|p2a: SUPA|fallen5|[silent]
|
|win|abGodc
|raw|abGodc's rating: 1750 &rarr; <strong>1769</strong><br />(+19 for winning)
|raw|Kochu_shak's rating: 1740 &rarr; <strong>1721</strong><br />(-19 for losing)
