|html|<div class="broadcast-blue"><strong>[Gen 9] OU is currently suspecting Tera Blast! For information on how to participate check out the <a href="https://www.smogon.com/tools/suspects/view/200">suspect thread</a>.</strong></div>
|j|☆swiggler
|j|☆DaBoffler
|t:|1776082738
|gametype|singles
|player|p1|swiggler|bugcatcher-gen4dp|1718
|player|p2|DaBoffler|hiker-gen4|1695
|gen|9
|tier|[Gen 9] OU
|rated|
|rule|HP Percentage Mod: HP is shown in percentages
|rule|Endless Battle Clause: Forcing endless battles is banned
|rule|Species Clause: Limit one of each Pokémon
|rule|OHKO Clause: OHKO moves are banned
|rule|Evasion Items Clause: Evasion items are banned
|rule|Evasion Moves Clause: Evasion moves are banned
|rule|Evasion Abilities Clause: Evasion abilities are banned
|rule|Sleep Moves Clause: Sleep-inducing moves are banned
|clearpoke
|poke|p1|Ninetales, M|
|poke|p1|Cresselia, F|
|poke|p1|Raging Bolt|
|poke|p1|Iron Moth|
|poke|p1|Great Tusk|
|poke|p1|Walking Wake|
|poke|p2|Landorus-Therian, M|
|poke|p2|Alomomola, M|
|poke|p2|Iron Treads|
|poke|p2|Kingambit, M|
|poke|p2|Enamorus, F|
|poke|p2|Pecharunt|
|teampreview
|inactive|Battle timer is ON: inactive players will automatically lose when time's up. (requested by swiggler)
|inactive|DaBoffler has 120 seconds left.
|
|t:|1776082781
|teamsize|p1|6
|teamsize|p2|6
|start
|switch|p1a: Ninetales|Ninetales, M|100/100
|switch|p2a: Pecharunt|Pecharunt|100/100
|-weather|SunnyDay|[from] ability: Drought|[of] p1a: Ninetales
|turn|1
|
|t:|1776082785
|move|p1a: Ninetales|Overheat|p2a: Pecharunt|[miss]
|-miss|p1a: Ninetales|p2a: Pecharunt
|move|p2a: Pecharunt|Malignant Chain|p1a: Ninetales
|-damage|p1a: Ninetales|69/100
|-status|p1a: Ninetales|tox
|-start|p1a: Ninetales|confusion|[from] ability: Poison Puppeteer|[of] p2a: Pecharunt
|
|-weather|SunnyDay|[upkeep]
|-damage|p1a: Ninetales|63/100 tox|[from] psn
|upkeep
|turn|2
|
|t:|1776082797
|switch|p1a: Iron Moth|Iron Moth|100/100
|-enditem|p1a: Iron Moth|Booster Energy
|-activate|p1a: Iron Moth|ability: Quark Drive|[fromitem]
|-start|p1a: Iron Moth|quarkdrivespe
|move|p2a: Pecharunt|Malignant Chain|p1a: Iron Moth
|-resisted|p1a: Iron Moth
|-damage|p1a: Iron Moth|84/100
|
|-weather|SunnyDay|[upkeep]
|upkeep
|turn|3
|
|t:|1776082806
|switch|p2a: Alomomola|Alomomola, M|100/100
|move|p1a: Iron Moth|Fiery Dance|p2a: Alomomola
|-resisted|p2a: Alomomola
|-damage|p2a: Alomomola|85/100
|-boost|p1a: Iron Moth|spa|1
|
|-weather|SunnyDay|[upkeep]
|upkeep
|turn|4
|
|t:|1776082820
|-end|p1a: Iron Moth|Quark Drive|[silent]
|switch|p1a: Great Tusk|Great Tusk|100/100
|-activate|p1a: Great Tusk|ability: Protosynthesis
|-start|p1a: Great Tusk|protosynthesisspe
|move|p2a: Alomomola|Flip Turn|p1a: Great Tusk
|-supereffective|p1a: Great Tusk
|-damage|p1a: Great Tusk|91/100
|-damage|p2a: Alomomola|69/100|[from] item: Rocky Helmet|[of] p1a: Great Tusk
|
|t:|1776082826
|switch|p2a: Enamorus|Enamorus, F|100/100|[from] Flip Turn
|
|-weather|SunnyDay|[upkeep]
|upkeep
|turn|5
|j| scarry.exe
|
|t:|1776082829
|-end|p1a: Great Tusk|Protosynthesis|[silent]
|switch|p1a: Cresselia|Cresselia, F|100/100
|move|p2a: Enamorus|Moonblast|p1a: Cresselia
|-damage|p1a: Cresselia|62/100
|-enditem|p1a: Cresselia|Eject Button
|l| scarry.exe
|
|t:|1776082834
|switch|p1a: Iron Moth|Iron Moth|84/100
|
|-weather|SunnyDay|[upkeep]
|upkeep
|turn|6
|
|t:|1776082845
|switch|p2a: Alomomola|Alomomola, M|100/100
|move|p1a: Iron Moth|Fiery Dance|p2a: Alomomola
|-resisted|p2a: Alomomola
|-damage|p2a: Alomomola|86/100
|
|-weather|SunnyDay|[upkeep]
|upkeep
|turn|7
|
|t:|1776082853
|-end|p1a: Iron Moth|Quark Drive|[silent]
|switch|p1a: Great Tusk|Great Tusk|91/100
|-activate|p1a: Great Tusk|ability: Protosynthesis
|-start|p1a: Great Tusk|protosynthesisspe
|move|p2a: Alomomola|Flip Turn|p1a: Great Tusk
|-supereffective|p1a: Great Tusk
|-damage|p1a: Great Tusk|80/100
|-damage|p2a: Alomomola|70/100|[from] item: Rocky Helmet|[of] p1a: Great Tusk
|
|t:|1776082856
|switch|p2a: Enamorus|Enamorus, F|100/100|[from] Flip Turn
|
|-weather|SunnyDay|[upkeep]
|upkeep
|turn|8
|
|t:|1776082869
|-end|p1a: Great Tusk|Protosynthesis|[silent]
|switch|p1a: Cresselia|Cresselia, F|62/100
|move|p2a: Enamorus|Moonblast|p1a: Cresselia
|-damage|p1a: Cresselia|27/100
|
|-weather|none
|upkeep
|turn|9
|
|t:|1776082872
|switch|p1a: Iron Moth|Iron Moth|84/100
|move|p2a: Enamorus|Moonblast|p1a: Iron Moth
|-resisted|p1a: Iron Moth
|-damage|p1a: Iron Moth|70/100
|-unboost|p1a: Iron Moth|spa|1
|
|upkeep
|turn|10
|
|t:|1776082887
|switch|p2a: Landorus|Landorus-Therian, M|100/100
|-ability|p2a: Landorus|Intimidate|boost
|-unboost|p1a: Iron Moth|atk|1
|move|p1a: Iron Moth|Sludge Wave|p2a: Landorus
|-resisted|p2a: Landorus
|-damage|p2a: Landorus|80/100
|
|upkeep
|turn|11
|
|t:|1776082893
|-end|p1a: Iron Moth|Quark Drive|[silent]
|switch|p1a: Cresselia|Cresselia, F|27/100
|move|p2a: Landorus|Earthquake|p1a: Cresselia
|-immune|p1a: Cresselia|[from] ability: Levitate
|
|upkeep
|turn|12
|
|t:|1776082898
|switch|p2a: Iron Treads|Iron Treads|100/100
|move|p1a: Cresselia|Moonlight|p1a: Cresselia
|-heal|p1a: Cresselia|77/100
|
|upkeep
|turn|13
|
|t:|1776082901
|switch|p1a: Great Tusk|Great Tusk|80/100
|move|p2a: Iron Treads|Stealth Rock|p1a: Great Tusk
|-sidestart|p1: swiggler|move: Stealth Rock
|
|upkeep
|turn|14
|
|t:|1776082907
|-end|p2a: Iron Treads|Quark Drive|[silent]
|switch|p2a: Pecharunt|Pecharunt|100/100
|move|p1a: Great Tusk|Stealth Rock|p2a: Pecharunt
|-sidestart|p2: DaBoffler|move: Stealth Rock
|
|upkeep
|turn|15
|
|t:|1776082916
|move|p1a: Great Tusk|Headlong Rush|p2a: Pecharunt
|-supereffective|p2a: Pecharunt
|-damage|p2a: Pecharunt|55/100
|-unboost|p1a: Great Tusk|def|1
|-unboost|p1a: Great Tusk|spd|1
|-damage|p1a: Great Tusk|63/100|[from] item: Rocky Helmet|[of] p2a: Pecharunt
|move|p2a: Pecharunt|Shadow Ball|p1a: Great Tusk
|-damage|p1a: Great Tusk|17/100
|
|upkeep
|turn|16
|
|t:|1776082922
|-end|p1a: Great Tusk|Protosynthesis|[silent]
|switch|p1a: Iron Moth|Iron Moth|70/100
|-damage|p1a: Iron Moth|45/100|[from] Stealth Rock
|move|p2a: Pecharunt|Shadow Ball|p1a: Iron Moth
|-damage|p1a: Iron Moth|19/100
|-unboost|p1a: Iron Moth|spd|1
|
|upkeep
|turn|17
|j| Yupisaurus
|
|t:|1776082929
|switch|p2a: Alomomola|Alomomola, M|100/100
|-damage|p2a: Alomomola|88/100|[from] Stealth Rock
|move|p1a: Iron Moth|Morning Sun|p1a: Iron Moth
|-heal|p1a: Iron Moth|68/100
|
|upkeep
|turn|18
|
|t:|1776082933
|-end|p1a: Iron Moth|Quark Drive|[silent]
|switch|p1a: Ninetales|Ninetales, M|63/100 tox
|-damage|p1a: Ninetales|38/100 tox|[from] Stealth Rock
|-weather|SunnyDay|[from] ability: Drought|[of] p1a: Ninetales
|move|p2a: Alomomola|Flip Turn|p1a: Ninetales
|-supereffective|p1a: Ninetales
|-damage|p1a: Ninetales|19/100 tox
|
|t:|1776082942
|switch|p2a: Kingambit|Kingambit, M|100/100|[from] Flip Turn
|-damage|p2a: Kingambit|94/100|[from] Stealth Rock
|
|-weather|SunnyDay|[upkeep]
|-heal|p2a: Kingambit|100/100|[from] item: Leftovers
|-damage|p1a: Ninetales|13/100 tox|[from] psn
|upkeep
|turn|19
|
|t:|1776082949
|-end|p2a: Kingambit|fallenundefined|[silent]
|switch|p2a: Alomomola|Alomomola, M|100/100
|-damage|p2a: Alomomola|88/100|[from] Stealth Rock
|move|p1a: Ninetales|Will-O-Wisp|p2a: Alomomola|[miss]
|-miss|p1a: Ninetales|p2a: Alomomola
|
|-weather|SunnyDay|[upkeep]
|-damage|p1a: Ninetales|1/100 tox|[from] psn
|upkeep
|turn|20
|
|t:|1776082958
|move|p1a: Ninetales|Healing Wish|p1a: Ninetales
|faint|p1a: Ninetales
|move|p2a: Alomomola|Flip Turn|p1: Ninetales|[notarget]
|-fail|p2a: Alomomola
|
|-weather|SunnyDay|[upkeep]
|upkeep
|
|t:|1776082960
|switch|p1a: Great Tusk|Great Tusk|17/100
|-heal|p1a: Great Tusk|100/100|[from] move: Healing Wish
|-damage|p1a: Great Tusk|97/100|[from] Stealth Rock
|-activate|p1a: Great Tusk|ability: Protosynthesis
|-start|p1a: Great Tusk|protosynthesisspe
|turn|21
|
|t:|1776082967
|move|p1a: Great Tusk|Headlong Rush|p2a: Alomomola
|-damage|p2a: Alomomola|47/100
|-unboost|p1a: Great Tusk|def|1
|-unboost|p1a: Great Tusk|spd|1
|move|p2a: Alomomola|Scald|p1a: Great Tusk
|-supereffective|p1a: Great Tusk
|-damage|p1a: Great Tusk|74/100
|-status|p1a: Great Tusk|brn
|
|-weather|SunnyDay|[upkeep]
|-damage|p1a: Great Tusk|68/100 brn|[from] brn
|upkeep
|turn|22
|
|t:|1776082976
|switch|p2a: Landorus|Landorus-Therian, M|80/100
|-damage|p2a: Landorus|67/100|[from] Stealth Rock
|-ability|p2a: Landorus|Intimidate|boost
|-unboost|p1a: Great Tusk|atk|1
|move|p1a: Great Tusk|Rapid Spin|p2a: Landorus
|-damage|p2a: Landorus|61/100
|-boost|p1a: Great Tusk|spe|1
|-sideend|p1: swiggler|Stealth Rock|[from] move: Rapid Spin|[of] p1a: Great Tusk
|
|-weather|SunnyDay|[upkeep]
|-damage|p1a: Great Tusk|62/100 brn|[from] brn
|upkeep
|turn|23
|
|t:|1776082982
|-end|p1a: Great Tusk|Protosynthesis|[silent]
|switch|p1a: Walking Wake|Walking Wake|100/100
|-activate|p1a: Walking Wake|ability: Protosynthesis
|-start|p1a: Walking Wake|protosynthesisspa
|switch|p2a: Pecharunt|Pecharunt|55/100
|-damage|p2a: Pecharunt|42/100|[from] Stealth Rock
|
|-weather|SunnyDay|[upkeep]
|upkeep
|turn|24
|
|t:|1776082998
|move|p1a: Walking Wake|Hydro Steam|p2a: Pecharunt
|-damage|p2a: Pecharunt|0 fnt
|faint|p2a: Pecharunt
|
|-weather|SunnyDay|[upkeep]
|upkeep
|
|t:|1776083006
|switch|p2a: Alomomola|Alomomola, M|81/100
|-damage|p2a: Alomomola|68/100|[from] Stealth Rock
|turn|25
|
|t:|1776083019
|-end|p1a: Walking Wake|Protosynthesis|[silent]
|switch|p1a: Cresselia|Cresselia, F|77/100
|move|p2a: Alomomola|Mirror Coat||[still]
|-fail|p2a: Alomomola
|
|-weather|none
|upkeep
|turn|26
|
|t:|1776083023
|move|p1a: Cresselia|Thunder Wave|p2a: Alomomola
|-status|p2a: Alomomola|par
|cant|p2a: Alomomola|par
|
|upkeep
|turn|27
|
|t:|1776083032
|switch|p1a: Raging Bolt|Raging Bolt|100/100
|move|p2a: Alomomola|Flip Turn|p1a: Raging Bolt
|-resisted|p1a: Raging Bolt
|-damage|p1a: Raging Bolt|93/100
|
|t:|1776083035
|switch|p2a: Iron Treads|Iron Treads|100/100|[from] Flip Turn
|-damage|p2a: Iron Treads|98/100|[from] Stealth Rock
|
|-heal|p2a: Iron Treads|100/100|[from] item: Leftovers
|upkeep
|turn|28
|
|t:|1776083043
|-end|p1a: Raging Bolt|Protosynthesis|[silent]
|switch|p1a: Great Tusk|Great Tusk|62/100 brn
|move|p2a: Iron Treads|Rapid Spin|p1a: Great Tusk
|-damage|p1a: Great Tusk|54/100 brn
|-boost|p2a: Iron Treads|spe|1
|-damage|p2a: Iron Treads|84/100|[from] item: Rocky Helmet|[of] p1a: Great Tusk
|-sideend|p2: DaBoffler|Stealth Rock|[from] move: Rapid Spin|[of] p2a: Iron Treads
|
|-heal|p2a: Iron Treads|90/100|[from] item: Leftovers
|-damage|p1a: Great Tusk|48/100 brn|[from] brn
|upkeep
|turn|29
|
|t:|1776083065
|move|p2a: Iron Treads|Stealth Rock|p1a: Great Tusk
|-sidestart|p1: swiggler|move: Stealth Rock
|move|p1a: Great Tusk|Stealth Rock|p2a: Iron Treads
|-sidestart|p2: DaBoffler|move: Stealth Rock
|
|-heal|p2a: Iron Treads|96/100|[from] item: Leftovers
|-damage|p1a: Great Tusk|41/100 brn|[from] brn
|upkeep
|turn|30
|
|t:|1776083072
|move|p2a: Iron Treads|Earthquake|p1a: Great Tusk
|-damage|p1a: Great Tusk|16/100 brn
|move|p1a: Great Tusk|Headlong Rush|p2a: Iron Treads
|-supereffective|p2a: Iron Treads
|-damage|p2a: Iron Treads|59/100
|-unboost|p1a: Great Tusk|def|1
|-unboost|p1a: Great Tusk|spd|1
|
|-heal|p2a: Iron Treads|65/100|[from] item: Leftovers
|-damage|p1a: Great Tusk|10/100 brn|[from] brn
|upkeep
|turn|31
|
|t:|1776083079
|move|p2a: Iron Treads|Rapid Spin|p1a: Great Tusk
|-damage|p1a: Great Tusk|0 fnt
|-boost|p2a: Iron Treads|spe|1
|-damage|p2a: Iron Treads|49/100|[from] item: Rocky Helmet|[of] p1a: Great Tusk
|-sideend|p2: DaBoffler|Stealth Rock|[from] move: Rapid Spin|[of] p2a: Iron Treads
|faint|p1a: Great Tusk
|-end|p1a: Great Tusk|Protosynthesis|[silent]
|
|-heal|p2a: Iron Treads|55/100|[from] item: Leftovers
|upkeep
|
|t:|1776083093
|switch|p1a: Walking Wake|Walking Wake|100/100
|-damage|p1a: Walking Wake|88/100|[from] Stealth Rock
|turn|32
|
|t:|1776083118
|move|p2a: Iron Treads|Knock Off|p1a: Walking Wake
|-damage|p1a: Walking Wake|61/100
|-enditem|p1a: Walking Wake|Choice Specs|[from] move: Knock Off|[of] p2a: Iron Treads
|move|p1a: Walking Wake|Draco Meteor|p2a: Iron Treads
|-resisted|p2a: Iron Treads
|-damage|p2a: Iron Treads|25/100
|-unboost|p1a: Walking Wake|spa|2
|
|-heal|p2a: Iron Treads|31/100|[from] item: Leftovers
|upkeep
|turn|33
|c|☆swiggler|maybe the lottery would be a better game for you
|-message|swiggler forfeited.
|
|win|DaBoffler
|raw|swiggler's rating: 1718 &rarr; <strong>1697</strong><br />(-21 for losing)
|raw|DaBoffler's rating: 1695 &rarr; <strong>1716</strong><br />(+21 for winning)
|l|☆swiggler
|player|p1|
|l| Yupisaurus
|j| Yupisaurus
