|html|<div class="broadcast-blue"><strong>[Gen 9] OU is currently suspecting Tera Blast! For information on how to participate check out the <a href="https://www.smogon.com/tools/suspects/view/200">suspect thread</a>.</strong></div>
|j|☆big bod3
|j|☆NeonCanTrain
|t:|1776293807
|gametype|singles
|player|p1|big bod3|marshal|1083
|player|p2|NeonCanTrain|unknown|1107
|gen|9
|tier|[Gen 9] OU
|rated|
|rule|HP Percentage Mod: HP is shown in percentages
|rule|Endless Battle Clause: Forcing endless battles is banned
|rule|Species Clause: Limit one of each Pokémon
|rule|OHKO Clause: OHKO moves are banned
|rule|Evasion Items Clause: Evasion items are banned
|rule|Evasion Moves Clause: Evasion moves are banned
|rule|Evasion Abilities Clause: Evasion abilities are banned
|rule|Sleep Moves Clause: Sleep-inducing moves are banned
|clearpoke
|poke|p1|Pelipper, F|
|poke|p1|Ludicolo, M|
|poke|p1|Dragonite, F|
|poke|p1|Gholdengo|
|poke|p1|Great Tusk|
|poke|p1|Drifblim, F|
|poke|p2|Ceruledge, M|
|poke|p2|Kyurem|
|poke|p2|Iron Valiant|
|poke|p2|Rillaboom, M|
|poke|p2|Gholdengo|
|poke|p2|Primarina, F|
|teampreview
|
|t:|1776293818
|teamsize|p1|6
|teamsize|p2|6
|start
|switch|p1a: aydrift|Drifblim, F|100/100
|switch|p2a: Helios|Ceruledge, M, shiny|100/100
|turn|1
|
|t:|1776293836
|move|p2a: Helios|Poltergeist|p1a: aydrift
|-activate|p1a: aydrift|move: Poltergeist|Flame Orb
|-supereffective|p1a: aydrift
|-damage|p1a: aydrift|0 fnt
|faint|p1a: aydrift
|-damage|p2a: Helios|91/100|[from] item: Life Orb
|
|upkeep
|
|t:|1776293843
|switch|p1a: herald|Pelipper, F|100/100
|-weather|RainDance|[from] ability: Drizzle|[of] p1a: herald
|turn|2
|
|t:|1776293857
|-terastallize|p2a: Helios|Ghost
|move|p2a: Helios|Poltergeist|p1a: herald
|-activate|p1a: herald|move: Poltergeist|Damp Rock
|-damage|p1a: herald|21/100
|-damage|p2a: Helios|81/100|[from] item: Life Orb
|move|p1a: herald|Tailwind|p1a: herald
|-sidestart|p1: big bod3|move: Tailwind
|
|-weather|RainDance|[upkeep]
|upkeep
|turn|3
|
|t:|1776293869
|move|p2a: Helios|Shadow Sneak|p1a: herald
|-damage|p1a: herald|0 fnt
|faint|p1a: herald
|-damage|p2a: Helios|71/100|[from] item: Life Orb
|
|-weather|RainDance|[upkeep]
|upkeep
|
|t:|1776293883
|switch|p1a: crown|Dragonite, F, shiny|100/100
|turn|4
|
|t:|1776293897
|-terastallize|p1a: crown|Dragon
|move|p1a: crown|Aqua Tail|p2a: Helios
|-damage|p2a: Helios|0 fnt
|faint|p2a: Helios
|
|-weather|RainDance|[upkeep]
|upkeep
|
|t:|1776293908
|switch|p2a: Aibell|Iron Valiant|100/100
|-enditem|p2a: Aibell|Booster Energy
|-activate|p2a: Aibell|ability: Quark Drive|[fromitem]
|-start|p2a: Aibell|quarkdrivespe
|turn|5
|
|t:|1776293916
|move|p2a: Aibell|Moonblast|p1a: crown
|-supereffective|p1a: crown
|-damage|p1a: crown|54/100
|move|p1a: crown|Aqua Tail|p2a: Aibell
|-damage|p2a: Aibell|38/100
|
|-weather|RainDance|[upkeep]
|-heal|p1a: crown|60/100|[from] item: Leftovers
|-sideend|p1: big bod3|move: Tailwind
|upkeep
|turn|6
|
|t:|1776293926
|move|p2a: Aibell|Moonblast|p1a: crown
|-supereffective|p1a: crown
|-damage|p1a: crown|0 fnt
|faint|p1a: crown
|
|-weather|RainDance|[upkeep]
|upkeep
|
|t:|1776293933
|switch|p1a: colola|Ludicolo, M|100/100
|turn|7
|
|t:|1776293955
|move|p2a: Aibell|Moonblast|p1a: colola
|-damage|p1a: colola|43/100
|move|p1a: colola|Giga Drain|p2a: Aibell
|-damage|p2a: Aibell|0 fnt
|-heal|p1a: colola|61/100|[from] drain|[of] p2a: Aibell
|faint|p2a: Aibell
|-end|p2a: Aibell|Quark Drive|[silent]
|-damage|p1a: colola|51/100|[from] item: Life Orb
|
|-weather|RainDance|[upkeep]
|upkeep
|inactive|Battle timer is ON: inactive players will automatically lose when time's up. (requested by big bod3)
|
|t:|1776293992
|switch|p2a: Aurelius|Gholdengo, shiny|100/100
|-item|p2a: Aurelius|Air Balloon
|turn|8
|
|t:|1776294000
|move|p1a: colola|Hydro Pump|p2a: Aurelius
|-damage|p2a: Aurelius|0 fnt
|-enditem|p2a: Aurelius|Air Balloon
|faint|p2a: Aurelius
|-damage|p1a: colola|41/100|[from] item: Life Orb
|
|-weather|RainDance|[upkeep]
|upkeep
|
|t:|1776294013
|switch|p2a: Alaska|Kyurem, shiny|100/100
|-ability|p2a: Alaska|Pressure
|turn|9
|
|t:|1776294019
|move|p1a: colola|Synthesis|p1a: colola
|-heal|p1a: colola|66/100
|move|p2a: Alaska|Freeze-Dry|p1a: colola
|-supereffective|p1a: colola
|-damage|p1a: colola|0 fnt
|faint|p1a: colola
|
|-weather|none
|upkeep
|
|t:|1776294026
|switch|p1a: Gimmie|Gholdengo|100/100
|turn|10
|
|t:|1776294051
|switch|p2a: Lyra|Primarina, F, shiny|100/100
|move|p1a: Gimmie|Nasty Plot|p1a: Gimmie
|-boost|p1a: Gimmie|spa|2
|
|upkeep
|turn|11
|
|t:|1776294060
|move|p1a: Gimmie|Make It Rain|p2a: Lyra
|-crit|p2a: Lyra
|-damage|p2a: Lyra|0 fnt
|-unboost|p1a: Gimmie|spa|1
|faint|p2a: Lyra
|
|upkeep
|
|t:|1776294067
|switch|p2a: Alaska|Kyurem, shiny|100/100
|-ability|p2a: Alaska|Pressure
|turn|12
|
|t:|1776294072
|move|p2a: Alaska|Earth Power|p1a: Gimmie
|-supereffective|p1a: Gimmie
|-damage|p1a: Gimmie|3/100
|move|p1a: Gimmie|Nasty Plot|p1a: Gimmie
|-boost|p1a: Gimmie|spa|2
|
|-heal|p1a: Gimmie|9/100|[from] item: Leftovers
|upkeep
|turn|13
|
|t:|1776294080
|switch|p1a: Grundr|Great Tusk|100/100
|-enditem|p1a: Grundr|Booster Energy
|-activate|p1a: Grundr|ability: Protosynthesis|[fromitem]
|-start|p1a: Grundr|protosynthesisatk
|move|p2a: Alaska|Earth Power|p1a: Grundr
|-damage|p1a: Grundr|34/100
|-unboost|p1a: Grundr|spd|1
|
|upkeep
|turn|14
|
|t:|1776294096
|move|p2a: Alaska|Earth Power|p1a: Grundr
|-damage|p1a: Grundr|0 fnt
|faint|p1a: Grundr
|-end|p1a: Grundr|Protosynthesis|[silent]
|
|upkeep
|
|t:|1776294102
|switch|p1a: Gimmie|Gholdengo|9/100
|turn|15
|
|t:|1776294120
|move|p2a: Alaska|Earth Power|p1a: Gimmie
|-supereffective|p1a: Gimmie
|-damage|p1a: Gimmie|0 fnt
|faint|p1a: Gimmie
|
|win|NeonCanTrain
|raw|big bod3's rating: 1083 &rarr; <strong>1062</strong><br />(-21 for losing)
|raw|NeonCanTrain's rating: 1107 &rarr; <strong>1130</strong><br />(+23 for winning)
|c|☆big bod3|Gg
|c|☆big bod3|No rly
|c|☆big bod3|So gud
