|html|<div class="broadcast-blue"><strong>[Gen 9] OU is currently suspecting Tera Blast! For information on how to participate check out the <a href="https://www.smogon.com/tools/suspects/view/200">suspect thread</a>.</strong></div>
|j|☆t44 (the one)
|j|☆Luceo
|t:|1776034142
|gametype|singles
|player|p1|t44 (the one)|170|1429
|player|p2|Luceo|cynthia-masters4|1485
|gen|9
|tier|[Gen 9] OU
|rated|
|rule|HP Percentage Mod: HP is shown in percentages
|rule|Endless Battle Clause: Forcing endless battles is banned
|rule|Species Clause: Limit one of each Pokémon
|rule|OHKO Clause: OHKO moves are banned
|rule|Evasion Items Clause: Evasion items are banned
|rule|Evasion Moves Clause: Evasion moves are banned
|rule|Evasion Abilities Clause: Evasion abilities are banned
|rule|Sleep Moves Clause: Sleep-inducing moves are banned
|clearpoke
|poke|p1|Deoxys-Speed|
|poke|p1|Moltres-Galar|
|poke|p1|Blaziken, M|
|poke|p1|Ursaluna, F|
|poke|p1|Kingambit, F|
|poke|p1|Latias, F|
|poke|p2|Iron Moth|
|poke|p2|Enamorus, F|
|poke|p2|Samurott-Hisui, M|
|poke|p2|Scizor, F|
|poke|p2|Dragonite, M|
|poke|p2|Ceruledge, M|
|teampreview
|inactive|Battle timer is ON: inactive players will automatically lose when time's up. (requested by Luceo)
|inactive|t44 (the one) also wants the timer to be on.
|
|t:|1776034150
|teamsize|p1|6
|teamsize|p2|6
|start
|switch|p1a: Deoxys|Deoxys-Speed|100/100
|switch|p2a: Samurott|Samurott-Hisui, M|100/100
|-ability|p1a: Deoxys|Pressure
|turn|1
|
|t:|1776034154
|move|p1a: Deoxys|Reflect|p1a: Deoxys
|-sidestart|p1: t44 (the one)|Reflect
|move|p2a: Samurott|Ceaseless Edge|p1a: Deoxys|[miss]
|-miss|p2a: Samurott|p1a: Deoxys
|
|upkeep
|turn|2
|
|t:|1776034157
|move|p1a: Deoxys|Light Screen|p1a: Deoxys
|-sidestart|p1: t44 (the one)|move: Light Screen
|move|p2a: Samurott|Ceaseless Edge|p1a: Deoxys
|-supereffective|p1a: Deoxys
|-damage|p1a: Deoxys|45/100
|-sidestart|p1: t44 (the one)|Spikes
|
|upkeep
|turn|3
|
|t:|1776034170
|move|p1a: Deoxys|Stealth Rock|p2a: Samurott
|-sidestart|p2: Luceo|move: Stealth Rock
|move|p2a: Samurott|Ceaseless Edge|p1a: Deoxys
|-supereffective|p1a: Deoxys
|-damage|p1a: Deoxys|0 fnt
|-sidestart|p1: t44 (the one)|Spikes
|faint|p1a: Deoxys
|
|upkeep
|
|t:|1776034173
|switch|p1a: Latias|Latias, F|100/100
|turn|4
|
|t:|1776034180
|move|p1a: Latias|Agility|p1a: Latias
|-boost|p1a: Latias|spe|2
|move|p2a: Samurott|Ceaseless Edge|p1a: Latias
|-supereffective|p1a: Latias
|-damage|p1a: Latias|51/100
|-enditem|p1a: Latias|Weakness Policy
|-boost|p1a: Latias|atk|2|[from] item: Weakness Policy
|-boost|p1a: Latias|spa|2|[from] item: Weakness Policy
|-sidestart|p1: t44 (the one)|Spikes
|
|upkeep
|turn|5
|
|t:|1776034188
|move|p2a: Samurott|Sucker Punch|p1a: Latias
|-supereffective|p1a: Latias
|-damage|p1a: Latias|18/100
|move|p1a: Latias|Draining Kiss|p2a: Samurott
|-supereffective|p2a: Samurott
|-damage|p2a: Samurott|24/100
|-heal|p1a: Latias|69/100|[from] drain|[of] p2a: Samurott
|
|upkeep
|turn|6
|
|t:|1776034194
|move|p2a: Samurott|Sucker Punch|p1a: Latias
|-supereffective|p1a: Latias
|-damage|p1a: Latias|33/100
|move|p1a: Latias|Draining Kiss|p2a: Samurott
|-supereffective|p2a: Samurott
|-damage|p2a: Samurott|0 fnt
|-heal|p1a: Latias|49/100|[from] drain|[of] p2a: Samurott
|faint|p2a: Samurott
|
|upkeep
|inactive|Luceo has 120 seconds left.
|inactive|Luceo has 90 seconds left.
|
|t:|1776034268
|switch|p2a: Scizor|Scizor, F|100/100
|-damage|p2a: Scizor|88/100|[from] Stealth Rock
|turn|7
|
|t:|1776034272
|move|p1a: Latias|Stored Power|p2a: Scizor
|-resisted|p2a: Scizor
|-damage|p2a: Scizor|25/100
|-enditem|p2a: Scizor|Sitrus Berry|[eat]
|-heal|p2a: Scizor|50/100|[from] item: Sitrus Berry
|move|p2a: Scizor|Knock Off|p1a: Latias
|-supereffective|p1a: Latias
|-damage|p1a: Latias|22/100
|
|upkeep
|turn|8
|
|t:|1776034278
|move|p2a: Scizor|Bullet Punch|p1a: Latias
|-damage|p1a: Latias|4/100
|move|p1a: Latias|Stored Power|p2a: Scizor
|-resisted|p2a: Scizor
|-damage|p2a: Scizor|0 fnt
|faint|p2a: Scizor
|
|-sideend|p1: t44 (the one)|Reflect
|upkeep
|
|t:|1776034281
|switch|p2a: DIDDIBOP|Ceruledge, M, shiny|100/100
|turn|9
|
|t:|1776034283
|move|p2a: DIDDIBOP|Shadow Sneak|p1a: Latias
|-supereffective|p1a: Latias
|-damage|p1a: Latias|0 fnt
|faint|p1a: Latias
|
|-sideend|p1: t44 (the one)|move: Light Screen
|upkeep
|
|t:|1776034291
|switch|p1a: Moltres|Moltres-Galar|100/100
|turn|10
|inactive|Luceo has 120 seconds left.
|
|t:|1776034316
|move|p1a: Moltres|Agility|p1a: Moltres
|-boost|p1a: Moltres|spe|2
|move|p2a: DIDDIBOP|Bitter Blade|p1a: Moltres
|-damage|p1a: Moltres|42/100
|-ability|p1a: Moltres|Berserk|boost
|-boost|p1a: Moltres|spa|1
|-enditem|p1a: Moltres|Sitrus Berry|[eat]
|-heal|p1a: Moltres|67/100|[from] item: Sitrus Berry
|
|upkeep
|turn|11
|
|t:|1776034328
|move|p2a: DIDDIBOP|Shadow Sneak|p1a: Moltres
|-resisted|p1a: Moltres
|-damage|p1a: Moltres|53/100
|move|p1a: Moltres|Fiery Wrath|p2a: DIDDIBOP
|-supereffective|p2a: DIDDIBOP
|-damage|p2a: DIDDIBOP|0 fnt
|faint|p2a: DIDDIBOP
|
|upkeep
|
|t:|1776034333
|switch|p2a: Enamorus|Enamorus, F|100/100
|-damage|p2a: Enamorus|76/100|[from] Stealth Rock
|turn|12
|
|t:|1776034338
|-terastallize|p1a: Moltres|Fairy
|move|p2a: Enamorus|Endure|p2a: Enamorus
|-singleturn|p2a: Enamorus|move: Endure
|move|p1a: Moltres|Tera Blast|p2a: Enamorus|[anim] Tera Blast Fairy
|-activate|p2a: Enamorus|move: Endure
|-damage|p2a: Enamorus|1/100
|
|upkeep
|turn|13
|-enditem|p2a: Enamorus|Custap Berry|[eat]
|-activate|p2a: Enamorus|item: Custap Berry|[consumed]
|
|t:|1776034345
|move|p2a: Enamorus|Play Rough|p1a: Moltres
|-damage|p1a: Moltres|4/100
|-ability|p1a: Moltres|Berserk|boost
|-boost|p1a: Moltres|spa|1
|move|p1a: Moltres|Tera Blast|p2a: Enamorus|[anim] Tera Blast Fairy
|-damage|p2a: Enamorus|0 fnt
|faint|p2a: Enamorus
|
|upkeep
|
|t:|1776034351
|switch|p2a: Iron Moth|Iron Moth|100/100
|-damage|p2a: Iron Moth|76/100|[from] Stealth Rock
|-enditem|p2a: Iron Moth|Booster Energy
|-activate|p2a: Iron Moth|ability: Quark Drive|[fromitem]
|-start|p2a: Iron Moth|quarkdrivespe
|turn|14
|
|t:|1776034355
|move|p1a: Moltres|Fiery Wrath|p2a: Iron Moth
|-damage|p2a: Iron Moth|0 fnt
|faint|p2a: Iron Moth
|-end|p2a: Iron Moth|Quark Drive|[silent]
|
|upkeep
|
|t:|1776034357
|switch|p2a: Dragonite|Dragonite, M|100/100
|-damage|p2a: Dragonite|76/100|[from] Stealth Rock
|turn|15
|
|t:|1776034359
|move|p1a: Moltres|Tera Blast|p2a: Dragonite|[anim] Tera Blast Fairy
|-supereffective|p2a: Dragonite
|-crit|p2a: Dragonite
|-damage|p2a: Dragonite|0 fnt
|faint|p2a: Dragonite
|
|win|t44 (the one)
|raw|t44 (the one)'s rating: 1429 &rarr; <strong>1452</strong><br />(+23 for winning)
|raw|Luceo's rating: 1485 &rarr; <strong>1462</strong><br />(-23 for losing)
