|html|<div class="broadcast-blue"><strong>[Gen 9] OU is currently suspecting Tera Blast! For information on how to participate check out the <a href="https://www.smogon.com/tools/suspects/view/200">suspect thread</a>.</strong></div>
|j|☆phreshoatmeal
|j|☆kemdpw
|t:|1776113983
|gametype|singles
|player|p1|phreshoatmeal|266|1499
|player|p2|kemdpw|2|1496
|gen|9
|tier|[Gen 9] OU
|rated|
|rule|HP Percentage Mod: HP is shown in percentages
|rule|Endless Battle Clause: Forcing endless battles is banned
|rule|Species Clause: Limit one of each Pokémon
|rule|OHKO Clause: OHKO moves are banned
|rule|Evasion Items Clause: Evasion items are banned
|rule|Evasion Moves Clause: Evasion moves are banned
|rule|Evasion Abilities Clause: Evasion abilities are banned
|rule|Sleep Moves Clause: Sleep-inducing moves are banned
|clearpoke
|poke|p1|Donphan, L1, F|
|poke|p1|Hawlucha, F|
|poke|p1|Vileplume, M|
|poke|p1|Kingambit, F|
|poke|p1|Hatterene, F|
|poke|p1|Dragapult, F|
|poke|p2|Kyurem|
|poke|p2|Cinderace, M|
|poke|p2|Tornadus-Therian, M|
|poke|p2|Hatterene, F|
|poke|p2|Great Tusk|
|poke|p2|Kingambit, F|
|teampreview
|
|t:|1776113991
|teamsize|p1|6
|teamsize|p2|6
|start
|switch|p1a: Don Phuan|Donphan, L1, F|100/100
|switch|p2a: Great Tusk|Great Tusk|100/100
|turn|1
|
|t:|1776113996
|move|p2a: Great Tusk|Stealth Rock|p1a: Don Phuan
|-sidestart|p1: phreshoatmeal|move: Stealth Rock
|move|p1a: Don Phuan|Endeavor|p2a: Great Tusk
|-damage|p2a: Great Tusk|3/100
|-damage|p1a: Don Phuan|84/100|[from] item: Rocky Helmet|[of] p2a: Great Tusk
|-heal|p1a: Don Phuan|100/100|[from] item: Shell Bell|[of] p2a: Great Tusk
|
|upkeep
|turn|2
|
|t:|1776114012
|switch|p1a: Hawlucha|Hawlucha, F|100/100
|-damage|p1a: Hawlucha|88/100|[from] Stealth Rock
|-ability|p1a: Hawlucha|Mold Breaker
|move|p2a: Great Tusk|Ice Spinner|p1a: Hawlucha
|-supereffective|p1a: Hawlucha
|-damage|p1a: Hawlucha|45/100
|-damage|p2a: Great Tusk|0 fnt|[from] item: Rocky Helmet|[of] p1a: Hawlucha
|faint|p2a: Great Tusk
|-end|p2a: Great Tusk|Protosynthesis|[silent]
|
|upkeep
|
|t:|1776114017
|switch|p2a: Kyurem|Kyurem|100/100
|-ability|p2a: Kyurem|Pressure
|turn|3
|
|t:|1776114024
|switch|p1a: Kingambit|Kingambit, F|100/100
|-damage|p1a: Kingambit|94/100|[from] Stealth Rock
|move|p2a: Kyurem|Ice Beam|p1a: Kingambit
|-resisted|p1a: Kingambit
|-damage|p1a: Kingambit|79/100
|
|upkeep
|turn|4
|inactive|Battle timer is ON: inactive players will automatically lose when time's up. (requested by kemdpw)
|
|t:|1776114047
|switch|p2a: Cinderace|Cinderace, M|100/100
|move|p1a: Kingambit|Low Kick|p2a: Cinderace
|-damage|p2a: Cinderace|74/100
|
|upkeep
|turn|5
|
|t:|1776114057
|move|p2a: Cinderace|Will-O-Wisp|p1a: Kingambit
|-status|p1a: Kingambit|brn
|move|p1a: Kingambit|Kowtow Cleave|p2a: Cinderace
|-damage|p2a: Cinderace|45/100
|
|-damage|p1a: Kingambit|73/100 brn|[from] brn
|upkeep
|turn|6
|
|t:|1776114065
|move|p1a: Kingambit|Sucker Punch|p2a: Cinderace
|-damage|p2a: Cinderace|22/100
|move|p2a: Cinderace|U-turn|p1a: Kingambit
|-start|p2a: Cinderace|typechange|Bug|[from] ability: Libero
|-damage|p1a: Kingambit|49/100 brn
|
|t:|1776114084
|switch|p2a: Kyurem|Kyurem|100/100|[from] U-turn
|-ability|p2a: Kyurem|Pressure
|
|-damage|p1a: Kingambit|42/100 brn|[from] brn
|upkeep
|turn|7
|
|t:|1776114100
|move|p2a: Kyurem|Earth Power|p1a: Kingambit
|-supereffective|p1a: Kingambit
|-damage|p1a: Kingambit|0 fnt
|faint|p1a: Kingambit
|
|upkeep
|
|t:|1776114108
|switch|p1a: Dragapult|Dragapult, F|100/100
|-damage|p1a: Dragapult|88/100|[from] Stealth Rock
|turn|8
|
|t:|1776114116
|switch|p2a: Hatterene|Hatterene, F|100/100
|move|p1a: Dragapult|U-turn|p2a: Hatterene
|-damage|p2a: Hatterene|72/100
|
|t:|1776114123
|switch|p1a: Vileplume|Vileplume, M|100/100|[from] U-turn
|-damage|p1a: Vileplume|88/100|[from] Stealth Rock
|
|-heal|p2a: Hatterene|78/100|[from] item: Leftovers
|upkeep
|turn|9
|
|t:|1776114135
|switch|p1a: Hawlucha|Hawlucha, F|45/100
|-damage|p1a: Hawlucha|33/100|[from] Stealth Rock
|-ability|p1a: Hawlucha|Mold Breaker
|move|p2a: Hatterene|Psychic Noise|p1a: Hawlucha
|-supereffective|p1a: Hawlucha
|-damage|p1a: Hawlucha|0 fnt
|faint|p1a: Hawlucha
|
|-heal|p2a: Hatterene|84/100|[from] item: Leftovers
|upkeep
|
|t:|1776114143
|switch|p1a: Dragapult|Dragapult, F|88/100
|-damage|p1a: Dragapult|76/100|[from] Stealth Rock
|turn|10
|
|t:|1776114152
|-terastallize|p1a: Dragapult|Ghost
|move|p1a: Dragapult|Tera Blast|p2a: Hatterene|[anim] Tera Blast Ghost
|-supereffective|p2a: Hatterene
|-damage|p2a: Hatterene|0 fnt
|faint|p2a: Hatterene
|
|upkeep
|
|t:|1776114174
|switch|p2a: Kingambit|Kingambit, F|100/100
|-activate|p2a: Kingambit|ability: Supreme Overlord
|-start|p2a: Kingambit|fallen2|[silent]
|turn|11
|
|t:|1776114182
|switch|p1a: Vileplume|Vileplume, M|88/100
|-damage|p1a: Vileplume|76/100|[from] Stealth Rock
|move|p2a: Kingambit|Swords Dance|p2a: Kingambit
|-boost|p2a: Kingambit|atk|2
|
|upkeep
|turn|12
|
|t:|1776114189
|move|p2a: Kingambit|Kowtow Cleave|p1a: Vileplume
|-damage|p1a: Vileplume|0 fnt
|-damage|p2a: Kingambit|84/100|[from] item: Rocky Helmet|[of] p1a: Vileplume
|faint|p1a: Vileplume
|
|-heal|p2a: Kingambit|90/100|[from] item: Leftovers
|upkeep
|-message|phreshoatmeal forfeited.
|
|win|kemdpw
|raw|phreshoatmeal's rating: 1499 &rarr; <strong>1479</strong><br />(-20 for losing)
|raw|kemdpw's rating: 1496 &rarr; <strong>1516</strong><br />(+20 for winning)
|l|☆phreshoatmeal
|player|p1|
|l|☆kemdpw
|player|p2|
