|html|<div class="broadcast-blue"><strong>[Gen 9] OU is currently suspecting Tera Blast! For information on how to participate check out the <a href="https://www.smogon.com/tools/suspects/view/200">suspect thread</a>.</strong></div>
|j|☆xail44
|j|☆nico229
|t:|1776036248
|gametype|singles
|player|p1|xail44|101|1123
|player|p2|nico229|ninjaboy|1144
|gen|9
|tier|[Gen 9] OU
|rated|
|rule|HP Percentage Mod: HP is shown in percentages
|rule|Endless Battle Clause: Forcing endless battles is banned
|rule|Species Clause: Limit one of each Pokémon
|rule|OHKO Clause: OHKO moves are banned
|rule|Evasion Items Clause: Evasion items are banned
|rule|Evasion Moves Clause: Evasion moves are banned
|rule|Evasion Abilities Clause: Evasion abilities are banned
|rule|Sleep Moves Clause: Sleep-inducing moves are banned
|clearpoke
|poke|p1|Spidops, M|
|poke|p1|Cacturne, M|
|poke|p1|Scyther, M|
|poke|p1|Komala, F|
|poke|p1|Ceruledge, M|
|poke|p1|Regidrago|
|poke|p2|Hydrapple, M|
|poke|p2|Tyranitar, F|
|poke|p2|Moltres|
|poke|p2|Zamazenta-*|
|poke|p2|Slowking-Galar, F|
|poke|p2|Excadrill, M|
|teampreview
|inactive|Battle timer is ON: inactive players will automatically lose when time's up. (requested by xail44)
|
|t:|1776036266
|teamsize|p1|6
|teamsize|p2|6
|start
|switch|p1a: Spidops|Spidops, M|100/100
|switch|p2a: Tyranitar|Tyranitar, F|100/100
|-weather|Sandstorm|[from] ability: Sand Stream|[of] p2a: Tyranitar
|turn|1
|
|t:|1776036275
|move|p2a: Tyranitar|Ice Beam|p1a: Spidops
|-damage|p1a: Spidops|78/100
|move|p1a: Spidops|Knock Off|p2a: Tyranitar
|-resisted|p2a: Tyranitar
|-damage|p2a: Tyranitar|92/100
|-enditem|p2a: Tyranitar|Smooth Rock|[from] move: Knock Off|[of] p1a: Spidops
|
|-weather|Sandstorm|[upkeep]
|-damage|p1a: Spidops|72/100|[from] Sandstorm
|upkeep
|turn|2
|
|t:|1776036284
|move|p2a: Tyranitar|Stealth Rock|p1a: Spidops
|-sidestart|p1: xail44|move: Stealth Rock
|move|p1a: Spidops|Sticky Web|p2a: Tyranitar
|-sidestart|p2: nico229|move: Sticky Web
|
|-weather|Sandstorm|[upkeep]
|-damage|p1a: Spidops|66/100|[from] Sandstorm
|upkeep
|turn|3
|
|t:|1776036290
|move|p2a: Tyranitar|Knock Off|p1a: Spidops
|-damage|p1a: Spidops|29/100
|-damage|p2a: Tyranitar|75/100|[from] item: Rocky Helmet|[of] p1a: Spidops
|-enditem|p1a: Spidops|Rocky Helmet|[from] move: Knock Off|[of] p2a: Tyranitar
|move|p1a: Spidops|Leech Life|p2a: Tyranitar
|-supereffective|p2a: Tyranitar
|-damage|p2a: Tyranitar|34/100
|-heal|p1a: Spidops|55/100|[from] drain|[of] p2a: Tyranitar
|
|-weather|Sandstorm|[upkeep]
|-damage|p1a: Spidops|48/100|[from] Sandstorm
|upkeep
|turn|4
|
|t:|1776036302
|move|p2a: Tyranitar|Thunder Wave|p1a: Spidops
|-status|p1a: Spidops|par
|cant|p1a: Spidops|par
|
|-weather|Sandstorm|[upkeep]
|-damage|p1a: Spidops|42/100 par|[from] Sandstorm
|upkeep
|turn|5
|
|t:|1776036314
|switch|p2a: Excadrill|Excadrill, M|100/100
|-item|p2a: Excadrill|Air Balloon
|move|p1a: Spidops|Leech Life|p2a: Excadrill
|-resisted|p2a: Excadrill
|-damage|p2a: Excadrill|67/100
|-heal|p1a: Spidops|61/100 par|[from] drain|[of] p2a: Excadrill
|-enditem|p2a: Excadrill|Air Balloon
|
|-weather|Sandstorm|[upkeep]
|-damage|p1a: Spidops|55/100 par|[from] Sandstorm
|upkeep
|turn|6
|
|t:|1776036325
|move|p2a: Excadrill|Swords Dance|p2a: Excadrill
|-boost|p2a: Excadrill|atk|2
|move|p1a: Spidops|Knock Off|p2a: Excadrill
|-damage|p2a: Excadrill|46/100
|
|-weather|Sandstorm|[upkeep]
|-damage|p1a: Spidops|49/100 par|[from] Sandstorm
|upkeep
|turn|7
|
|t:|1776036335
|move|p1a: Spidops|Silk Trap|p1a: Spidops
|-singleturn|p1a: Spidops|Protect
|move|p2a: Excadrill|Rapid Spin|p1a: Spidops
|-activate|p1a: Spidops|move: Protect
|-unboost|p2a: Excadrill|spe|1
|
|-weather|Sandstorm|[upkeep]
|-damage|p1a: Spidops|42/100 par|[from] Sandstorm
|upkeep
|turn|8
|
|t:|1776036348
|switch|p1a: Ceruledge|Ceruledge, M|100/100
|-damage|p1a: Ceruledge|76/100|[from] Stealth Rock
|move|p2a: Excadrill|Rapid Spin|p1a: Ceruledge
|-immune|p1a: Ceruledge
|
|-weather|none
|upkeep
|turn|9
|
|t:|1776036356
|move|p1a: Ceruledge|Bitter Blade|p2a: Excadrill
|-supereffective|p2a: Excadrill
|-damage|p2a: Excadrill|0 fnt
|-heal|p1a: Ceruledge|100/100|[from] drain|[of] p2a: Excadrill
|faint|p2a: Excadrill
|
|upkeep
|
|t:|1776036375
|switch|p2a: Moltres|Moltres|100/100
|turn|10
|
|t:|1776036381
|move|p1a: Ceruledge|Shadow Claw|p2a: Moltres
|-crit|p2a: Moltres
|-damage|p2a: Moltres|60/100
|move|p2a: Moltres|Roar|p1a: Ceruledge
|drag|p1a: Scyther|Scyther, M|100/100
|
|upkeep
|turn|11
|
|t:|1776036393
|switch|p1a: Spidops|Spidops, M|42/100 par
|-damage|p1a: Spidops|17/100 par|[from] Stealth Rock
|move|p2a: Moltres|Flamethrower|p1a: Spidops
|-supereffective|p1a: Spidops
|-damage|p1a: Spidops|0 fnt
|faint|p1a: Spidops
|
|upkeep
|
|t:|1776036401
|switch|p1a: Komala|Komala, F|100/100
|-damage|p1a: Komala|88/100|[from] Stealth Rock
|-ability|p1a: Komala|Comatose
|turn|12
|
|t:|1776036413
|move|p1a: Komala|Rapid Spin|p2a: Moltres
|-damage|p2a: Moltres|41/100
|-boost|p1a: Komala|spe|1
|-sideend|p1: xail44|Stealth Rock|[from] move: Rapid Spin|[of] p1a: Komala
|move|p2a: Moltres|Roost|p2a: Moltres
|-heal|p2a: Moltres|91/100
|-singleturn|p2a: Moltres|move: Roost
|
|-heal|p1a: Komala|94/100|[from] item: Leftovers
|upkeep
|turn|13
|
|t:|1776036425
|move|p1a: Komala|Swords Dance|p1a: Komala
|-boost|p1a: Komala|atk|2
|move|p2a: Moltres|Flamethrower|p1a: Komala
|-damage|p1a: Komala|47/100
|
|-heal|p1a: Komala|53/100|[from] item: Leftovers
|upkeep
|turn|14
|
|t:|1776036432
|move|p1a: Komala|Body Slam|p2a: Moltres
|-damage|p2a: Moltres|34/100
|move|p2a: Moltres|Flamethrower|p1a: Komala
|-damage|p1a: Komala|0 fnt
|faint|p1a: Komala
|
|upkeep
|
|t:|1776036441
|switch|p1a: Regidrago|Regidrago|100/100
|turn|15
|
|t:|1776036453
|move|p1a: Regidrago|Dragon Energy|p2a: Moltres
|-damage|p2a: Moltres|0 fnt
|faint|p2a: Moltres
|
|upkeep
|
|t:|1776036464
|switch|p2a: Tyranitar|Tyranitar, F|34/100
|-activate|p2a: Tyranitar|move: Sticky Web
|-unboost|p2a: Tyranitar|spe|1
|-weather|Sandstorm|[from] ability: Sand Stream|[of] p2a: Tyranitar
|turn|16
|
|t:|1776036471
|move|p1a: Regidrago|Dragon Energy|p2a: Tyranitar
|-damage|p2a: Tyranitar|0 fnt
|faint|p2a: Tyranitar
|
|-weather|Sandstorm|[upkeep]
|-damage|p1a: Regidrago|94/100|[from] Sandstorm
|upkeep
|
|t:|1776036479
|switch|p2a: Hydrapple|Hydrapple, M|100/100
|turn|17
|
|t:|1776036484
|move|p1a: Regidrago|Dragon Energy|p2a: Hydrapple
|-supereffective|p2a: Hydrapple
|-damage|p2a: Hydrapple|0 fnt
|faint|p2a: Hydrapple
|
|-weather|Sandstorm|[upkeep]
|-damage|p1a: Regidrago|88/100|[from] Sandstorm
|upkeep
|-message|nico229 forfeited.
|
|win|xail44
|raw|xail44's rating: 1123 &rarr; <strong>1150</strong><br />(+27 for winning)
|raw|nico229's rating: 1144 &rarr; <strong>1117</strong><br />(-27 for losing)
|l|☆nico229
|player|p2|
|l|☆xail44
|player|p1|
