|html|<div class="broadcast-blue"><strong>[Gen 9] OU is currently suspecting Tera Blast! For information on how to participate check out the <a href="https://www.smogon.com/tools/suspects/view/200">suspect thread</a>.</strong></div>
|j|☆Luceo
|j|☆whisperingcloth
|t:|1776058480
|gametype|singles
|player|p1|Luceo|cynthia-masters4|1570
|player|p2|whisperingcloth|266|1642
|gen|9
|tier|[Gen 9] OU
|rated|
|rule|HP Percentage Mod: HP is shown in percentages
|rule|Endless Battle Clause: Forcing endless battles is banned
|rule|Species Clause: Limit one of each Pokémon
|rule|OHKO Clause: OHKO moves are banned
|rule|Evasion Items Clause: Evasion items are banned
|rule|Evasion Moves Clause: Evasion moves are banned
|rule|Evasion Abilities Clause: Evasion abilities are banned
|rule|Sleep Moves Clause: Sleep-inducing moves are banned
|clearpoke
|poke|p1|Weavile, M|
|poke|p1|Zamazenta-*|
|poke|p1|Ting-Lu|
|poke|p1|Sinistcha|
|poke|p1|Slowking-Galar, F|
|poke|p1|Skarmory, F|
|poke|p2|Kingambit, M|
|poke|p2|Hatterene, F|
|poke|p2|Kyurem|
|poke|p2|Corviknight, F|
|poke|p2|Ting-Lu|
|poke|p2|Iron Moth|
|teampreview
|inactive|Battle timer is ON: inactive players will automatically lose when time's up. (requested by whisperingcloth)
|inactive|Luceo also wants the timer to be on.
|
|t:|1776058490
|teamsize|p1|6
|teamsize|p2|6
|start
|switch|p1a: Slowking|Slowking-Galar, F|100/100
|switch|p2a: Kyurem|Kyurem|100/100
|-ability|p2a: Kyurem|Pressure
|turn|1
|
|t:|1776058503
|switch|p2a: Ting-Lu|Ting-Lu|100/100
|-ability|p2a: Ting-Lu|Vessel of Ruin
|move|p1a: Slowking|Future Sight|p2a: Ting-Lu
|-start|p1a: Slowking|move: Future Sight
|
|upkeep
|turn|2
|
|t:|1776058532
|move|p2a: Ting-Lu|Stealth Rock|p1a: Slowking
|-sidestart|p1: Luceo|move: Stealth Rock
|-prepare|p1a: Slowking|Chilly Reception|[premajor]
|move|p1a: Slowking|Chilly Reception|p1a: Slowking
|-weather|Snowscape
|
|t:|1776058539
|switch|p1a: Weavile|Weavile, M|100/100|[from] Chilly Reception
|-ability|p1a: Weavile|Pressure
|
|-weather|Snowscape|[upkeep]
|upkeep
|turn|3
|inactive|Luceo has 120 seconds left.
|
|t:|1776058556
|move|p1a: Weavile|Knock Off|p2a: Ting-Lu
|-resisted|p2a: Ting-Lu
|-damage|p2a: Ting-Lu|88/100
|-enditem|p2a: Ting-Lu|Leftovers|[from] move: Knock Off|[of] p1a: Weavile
|move|p2a: Ting-Lu|Earthquake|p1a: Weavile
|-damage|p1a: Weavile|60/100
|
|-weather|Snowscape|[upkeep]
|-end|p2a: Ting-Lu|move: Future Sight
|-immune|p2a: Ting-Lu
|upkeep
|turn|4
|
|t:|1776058563
|switch|p2a: Corviknight|Corviknight, F|100/100
|-ability|p2a: Corviknight|Pressure
|move|p1a: Weavile|Triple Axel|p2a: Corviknight
|-crit|p2a: Corviknight
|-damage|p2a: Corviknight|91/100
|-damage|p1a: Weavile|43/100|[from] item: Rocky Helmet|[of] p2a: Corviknight
|-damage|p2a: Corviknight|79/100
|-damage|p1a: Weavile|27/100|[from] item: Rocky Helmet|[of] p2a: Corviknight
|-damage|p2a: Corviknight|60/100
|-damage|p1a: Weavile|10/100|[from] item: Rocky Helmet|[of] p2a: Corviknight
|-hitcount|p2a: Corviknight|3
|
|-weather|Snowscape|[upkeep]
|upkeep
|turn|5
|inactive|Luceo has 120 seconds left.
|
|t:|1776058594
|switch|p1a: Sinistcha|Sinistcha|100/100
|move|p2a: Corviknight|U-turn|p1a: Sinistcha
|-damage|p1a: Sinistcha|90/100
|
|t:|1776058597
|switch|p2a: Kyurem|Kyurem|100/100|[from] U-turn
|-ability|p2a: Kyurem|Pressure
|
|-weather|Snowscape|[upkeep]
|upkeep
|turn|6
|
|t:|1776058603
|switch|p1a: Slowking|Slowking-Galar, F|100/100
|move|p2a: Kyurem|Ice Beam|p1a: Slowking
|-damage|p1a: Slowking|73/100
|
|-weather|none
|upkeep
|turn|7
|inactive|Luceo has 120 seconds left.
|
|t:|1776058609
|switch|p2a: Ting-Lu|Ting-Lu|88/100
|-ability|p2a: Ting-Lu|Vessel of Ruin
|move|p1a: Slowking|Future Sight|p2a: Ting-Lu
|-start|p1a: Slowking|move: Future Sight
|
|upkeep
|turn|8
|
|t:|1776058613
|move|p2a: Ting-Lu|Earthquake|p1a: Slowking
|-supereffective|p1a: Slowking
|-damage|p1a: Slowking|0 fnt
|faint|p1a: Slowking
|
|upkeep
|
|t:|1776058623
|switch|p1a: Zamazenta|Zamazenta|100/100
|-ability|p1a: Zamazenta|Dauntless Shield|boost
|-boost|p1a: Zamazenta|def|1
|turn|9
|
|t:|1776058629
|move|p1a: Zamazenta|Close Combat|p2a: Ting-Lu
|-supereffective|p2a: Ting-Lu
|-damage|p2a: Ting-Lu|19/100
|-unboost|p1a: Zamazenta|def|1
|-unboost|p1a: Zamazenta|spd|1
|move|p2a: Ting-Lu|Ruination|p1a: Zamazenta
|-damage|p1a: Zamazenta|51/100
|
|-end|p2a: Ting-Lu|move: Future Sight
|-immune|p2a: Ting-Lu
|upkeep
|turn|10
|
|t:|1776058634
|move|p1a: Zamazenta|Close Combat|p2a: Ting-Lu
|-supereffective|p2a: Ting-Lu
|-damage|p2a: Ting-Lu|0 fnt
|-unboost|p1a: Zamazenta|def|1
|-unboost|p1a: Zamazenta|spd|1
|faint|p2a: Ting-Lu
|
|upkeep
|
|t:|1776058653
|switch|p2a: Corviknight|Corviknight, F|60/100
|-ability|p2a: Corviknight|Pressure
|turn|11
|
|t:|1776058662
|switch|p1a: Skarmory|Skarmory, F|100/100
|-damage|p1a: Skarmory|88/100|[from] Stealth Rock
|move|p2a: Corviknight|U-turn|p1a: Skarmory
|-resisted|p1a: Skarmory
|-damage|p1a: Skarmory|86/100
|-damage|p2a: Corviknight|44/100|[from] item: Rocky Helmet|[of] p1a: Skarmory
|
|t:|1776058664
|switch|p2a: Iron Moth|Iron Moth|100/100|[from] U-turn
|-enditem|p2a: Iron Moth|Booster Energy
|-activate|p2a: Iron Moth|ability: Quark Drive|[fromitem]
|-start|p2a: Iron Moth|quarkdrivespe
|
|upkeep
|turn|12
|
|t:|1776058669
|switch|p1a: Ting-Lu|Ting-Lu|100/100
|-damage|p1a: Ting-Lu|94/100|[from] Stealth Rock
|-ability|p1a: Ting-Lu|Vessel of Ruin
|move|p2a: Iron Moth|Fiery Dance|p1a: Ting-Lu
|-damage|p1a: Ting-Lu|79/100
|
|-heal|p1a: Ting-Lu|85/100|[from] item: Leftovers
|upkeep
|turn|13
|
|t:|1776058683
|-end|p2a: Iron Moth|Quark Drive|[silent]
|switch|p2a: Corviknight|Corviknight, F|44/100
|-ability|p2a: Corviknight|Pressure
|move|p1a: Ting-Lu|Stealth Rock|p2a: Corviknight
|-sidestart|p2: whisperingcloth|move: Stealth Rock
|
|-heal|p1a: Ting-Lu|91/100|[from] item: Leftovers
|upkeep
|turn|14
|
|t:|1776058693
|move|p2a: Corviknight|Roost|p2a: Corviknight
|-heal|p2a: Corviknight|94/100
|-singleturn|p2a: Corviknight|move: Roost
|move|p1a: Ting-Lu|Ruination|p2a: Corviknight|[miss]
|-miss|p1a: Ting-Lu|p2a: Corviknight
|
|-heal|p1a: Ting-Lu|97/100|[from] item: Leftovers
|upkeep
|turn|15
|j| samurajen
|
|t:|1776058699
|move|p2a: Corviknight|Defog|p1a: Ting-Lu
|-unboost|p1a: Ting-Lu|evasion|1
|-sideend|p1: Luceo|Stealth Rock|[from] move: Defog|[of] p2a: Corviknight
|-sideend|p2: whisperingcloth|Stealth Rock|[from] move: Defog|[of] p2a: Corviknight
|move|p1a: Ting-Lu|Ruination|p2a: Corviknight
|-damage|p2a: Corviknight|47/100
|
|-heal|p1a: Ting-Lu|100/100|[from] item: Leftovers
|upkeep
|turn|16
|
|t:|1776058717
|move|p2a: Corviknight|Brave Bird|p1a: Ting-Lu
|-crit|p1a: Ting-Lu
|-damage|p1a: Ting-Lu|68/100
|-damage|p2a: Corviknight|34/100|[from] Recoil
|move|p1a: Ting-Lu|Stealth Rock|p2a: Corviknight
|-sidestart|p2: whisperingcloth|move: Stealth Rock
|
|-heal|p1a: Ting-Lu|75/100|[from] item: Leftovers
|upkeep
|turn|17
|
|t:|1776058739
|switch|p1a: Sinistcha|Sinistcha|90/100
|move|p2a: Corviknight|Defog|p1a: Sinistcha
|-unboost|p1a: Sinistcha|evasion|1
|-sideend|p2: whisperingcloth|Stealth Rock|[from] move: Defog|[of] p2a: Corviknight
|
|upkeep
|turn|18
|
|t:|1776058747
|move|p1a: Sinistcha|Calm Mind|p1a: Sinistcha
|-boost|p1a: Sinistcha|spa|1
|-boost|p1a: Sinistcha|spd|1
|move|p2a: Corviknight|Brave Bird|p1a: Sinistcha
|-supereffective|p1a: Sinistcha
|-crit|p1a: Sinistcha
|-damage|p1a: Sinistcha|20/100
|-damage|p2a: Corviknight|14/100|[from] Recoil
|
|upkeep
|turn|19
|
|t:|1776058753
|switch|p2a: Kyurem|Kyurem|100/100
|-ability|p2a: Kyurem|Pressure
|move|p1a: Sinistcha|Shadow Ball|p2a: Kyurem
|-damage|p2a: Kyurem|76/100
|
|upkeep
|turn|20
|
|t:|1776058773
|switch|p1a: Zamazenta|Zamazenta|51/100
|move|p2a: Kyurem|Ice Beam|p1a: Zamazenta
|-damage|p1a: Zamazenta|3/100
|-status|p1a: Zamazenta|frz
|
|upkeep
|turn|21
|
|t:|1776058797
|switch|p2a: Corviknight|Corviknight, F|14/100
|-ability|p2a: Corviknight|Pressure
|-curestatus|p1a: Zamazenta|frz|[msg]
|move|p1a: Zamazenta|Close Combat|p2a: Corviknight
|-damage|p2a: Corviknight|0 fnt
|-unboost|p1a: Zamazenta|def|1
|-unboost|p1a: Zamazenta|spd|1
|-damage|p1a: Zamazenta|0 fnt|[from] item: Rocky Helmet|[of] p2a: Corviknight
|faint|p2a: Corviknight
|faint|p1a: Zamazenta
|
|upkeep
|
|t:|1776058816
|switch|p1a: Weavile|Weavile, M|10/100
|switch|p2a: Kyurem|Kyurem|76/100
|-ability|p1a: Weavile|Pressure
|-ability|p2a: Kyurem|Pressure
|turn|22
|inactive|Luceo has 120 seconds left.
|
|t:|1776058840
|-terastallize|p1a: Weavile|Ice
|move|p1a: Weavile|Triple Axel|p2a: Kyurem
|-damage|p2a: Kyurem|64/100
|-crit|p2a: Kyurem
|-damage|p2a: Kyurem|29/100
|-damage|p2a: Kyurem|0 fnt
|faint|p2a: Kyurem
|-hitcount|p2: Kyurem|3
|
|upkeep
|
|t:|1776058844
|switch|p2a: Kingambit|Kingambit, M|100/100
|-activate|p2a: Kingambit|ability: Supreme Overlord
|-start|p2a: Kingambit|fallen3|[silent]
|turn|23
|
|t:|1776058848
|switch|p1a: Skarmory|Skarmory, F|86/100
|move|p2a: Kingambit|Sucker Punch||[still]
|-fail|p2a: Kingambit
|
|upkeep
|turn|24
|inactive|Luceo has 120 seconds left.
|
|t:|1776058877
|-end|p2a: Kingambit|fallen3|[silent]
|switch|p2a: Hatterene|Hatterene, F|100/100
|move|p1a: Skarmory|Body Press|p2a: Hatterene
|-resisted|p2a: Hatterene
|-damage|p2a: Hatterene|94/100
|
|-heal|p2a: Hatterene|99/100|[from] item: Leftovers
|upkeep
|turn|25
|inactive|Luceo has 120 seconds left.
|
|t:|1776058892
|switch|p1a: Sinistcha|Sinistcha|20/100
|move|p2a: Hatterene|Calm Mind|p2a: Hatterene
|-boost|p2a: Hatterene|spa|1
|-boost|p2a: Hatterene|spd|1
|
|-heal|p2a: Hatterene|100/100|[from] item: Leftovers
|upkeep
|turn|26
|
|t:|1776058897
|move|p1a: Sinistcha|Shadow Ball|p2a: Hatterene
|-supereffective|p2a: Hatterene
|-damage|p2a: Hatterene|55/100
|move|p2a: Hatterene|Calm Mind|p2a: Hatterene
|-boost|p2a: Hatterene|spa|1
|-boost|p2a: Hatterene|spd|1
|
|-heal|p2a: Hatterene|61/100|[from] item: Leftovers
|upkeep
|turn|27
|
|t:|1776058900
|move|p1a: Sinistcha|Shadow Ball|p2a: Hatterene
|-supereffective|p2a: Hatterene
|-damage|p2a: Hatterene|29/100
|move|p2a: Hatterene|Draining Kiss|p1a: Sinistcha
|-damage|p1a: Sinistcha|0 fnt
|-heal|p2a: Hatterene|45/100|[from] drain|[of] p1a: Sinistcha
|faint|p1a: Sinistcha
|
|-heal|p2a: Hatterene|51/100|[from] item: Leftovers
|upkeep
|
|t:|1776058904
|switch|p1a: Weavile|Weavile, M, tera:Ice|10/100
|-ability|p1a: Weavile|Pressure
|turn|28
|inactive|whisperingcloth has 120 seconds left.
|
|t:|1776058943
|-terastallize|p2a: Hatterene|Water
|move|p1a: Weavile|Triple Axel|p2a: Hatterene
|-resisted|p2a: Hatterene
|-crit|p2a: Hatterene
|-damage|p2a: Hatterene|42/100
|-resisted|p2a: Hatterene
|-damage|p2a: Hatterene|31/100
|-resisted|p2a: Hatterene
|-damage|p2a: Hatterene|13/100
|-hitcount|p2a: Hatterene|3
|move|p2a: Hatterene|Psyshock|p1a: Weavile
|-damage|p1a: Weavile|0 fnt
|faint|p1a: Weavile
|
|-heal|p2a: Hatterene|19/100|[from] item: Leftovers
|upkeep
|
|t:|1776058965
|switch|p1a: Ting-Lu|Ting-Lu|75/100
|-ability|p1a: Ting-Lu|Vessel of Ruin
|turn|29
|
|t:|1776058967
|move|p1a: Ting-Lu|Earthquake|p2a: Hatterene
|-damage|p2a: Hatterene|0 fnt
|faint|p2a: Hatterene
|
|-heal|p1a: Ting-Lu|81/100|[from] item: Leftovers
|upkeep
|
|t:|1776058969
|switch|p2a: Kingambit|Kingambit, M|100/100
|-activate|p2a: Kingambit|ability: Supreme Overlord
|-start|p2a: Kingambit|fallen4|[silent]
|turn|30
|
|t:|1776058979
|switch|p1a: Skarmory|Skarmory, F|86/100
|move|p2a: Kingambit|Swords Dance|p2a: Kingambit
|-boost|p2a: Kingambit|atk|2
|
|upkeep
|turn|31
|
|t:|1776058989
|move|p1a: Skarmory|Body Press|p2a: Kingambit
|-supereffective|p2a: Kingambit
|-damage|p2a: Kingambit|17/100
|move|p2a: Kingambit|Kowtow Cleave|p1a: Skarmory
|-damage|p1a: Skarmory|0 fnt
|-damage|p2a: Kingambit|1/100|[from] item: Rocky Helmet|[of] p1a: Skarmory
|faint|p1a: Skarmory
|
|-heal|p2a: Kingambit|7/100|[from] item: Leftovers
|upkeep
|
|t:|1776058991
|switch|p1a: Ting-Lu|Ting-Lu|81/100
|-ability|p1a: Ting-Lu|Vessel of Ruin
|turn|32
|
|t:|1776058995
|move|p2a: Kingambit|Iron Head|p1a: Ting-Lu
|-damage|p1a: Ting-Lu|8/100
|move|p1a: Ting-Lu|Earthquake|p2a: Kingambit
|-supereffective|p2a: Kingambit
|-damage|p2a: Kingambit|0 fnt
|faint|p2a: Kingambit
|-end|p2a: Kingambit|fallen4|[silent]
|
|-heal|p1a: Ting-Lu|14/100|[from] item: Leftovers
|upkeep
|
|t:|1776058998
|switch|p2a: Iron Moth|Iron Moth|100/100
|turn|33
|
|t:|1776059016
|move|p2a: Iron Moth|Fiery Dance|p1a: Ting-Lu
|-damage|p1a: Ting-Lu|0 fnt
|-boost|p2a: Iron Moth|spa|1
|faint|p1a: Ting-Lu
|
|win|whisperingcloth
|raw|Luceo's rating: 1570 &rarr; <strong>1554</strong><br />(-16 for losing)
|raw|whisperingcloth's rating: 1642 &rarr; <strong>1658</strong><br />(+16 for winning)
|l|☆Luceo
|player|p1|
|l|☆whisperingcloth
|player|p2|
