|html|<div class="broadcast-blue"><strong>[Gen 9] OU is currently suspecting Tera Blast! For information on how to participate check out the <a href="https://www.smogon.com/tools/suspects/view/200">suspect thread</a>.</strong></div>
|j|‽songgea
|j|☆swiggler
|t:|1776085843
|gametype|singles
|player|p1|songgea|aromalady|1722
|player|p2|swiggler|bugcatcher-gen4dp|1730
|gen|9
|tier|[Gen 9] OU
|rated|
|rule|HP Percentage Mod: HP is shown in percentages
|rule|Endless Battle Clause: Forcing endless battles is banned
|rule|Species Clause: Limit one of each Pokémon
|rule|OHKO Clause: OHKO moves are banned
|rule|Evasion Items Clause: Evasion items are banned
|rule|Evasion Moves Clause: Evasion moves are banned
|rule|Evasion Abilities Clause: Evasion abilities are banned
|rule|Sleep Moves Clause: Sleep-inducing moves are banned
|clearpoke
|poke|p1|Deoxys-Speed|
|poke|p1|Iron Treads|
|poke|p1|Pecharunt|
|poke|p1|Kingambit, M|
|poke|p1|Iron Valiant|
|poke|p1|Dragonite, M|
|poke|p2|Ninetales, F|
|poke|p2|Cresselia, F|
|poke|p2|Raging Bolt|
|poke|p2|Iron Moth|
|poke|p2|Great Tusk|
|poke|p2|Walking Wake|
|teampreview
|inactive|Battle timer is ON: inactive players will automatically lose when time's up. (requested by swiggler)
|inactive|swiggler has 120 seconds left.
|
|t:|1776085881
|teamsize|p1|6
|teamsize|p2|6
|start
|switch|p1a: Deoxys|Deoxys-Speed|100/100
|switch|p2a: Walking Wake|Walking Wake|100/100
|-ability|p1a: Deoxys|Pressure
|turn|1
|
|t:|1776085889
|move|p1a: Deoxys|Psycho Boost|p2a: Walking Wake
|-damage|p2a: Walking Wake|11/100
|-unboost|p1a: Deoxys|spa|2
|-damage|p1a: Deoxys|91/100|[from] item: Life Orb
|move|p2a: Walking Wake|Hydro Steam|p1a: Deoxys
|-damage|p1a: Deoxys|0 fnt
|faint|p1a: Deoxys
|
|upkeep
|j| amimec
|
|t:|1776085901
|switch|p1a: Iron Treads|Iron Treads|100/100
|-enditem|p1a: Iron Treads|Booster Energy
|-activate|p1a: Iron Treads|ability: Quark Drive|[fromitem]
|-start|p1a: Iron Treads|quarkdrivespe
|turn|2
|
|t:|1776085907
|move|p1a: Iron Treads|Earth Power|p2a: Walking Wake
|-damage|p2a: Walking Wake|0 fnt
|faint|p2a: Walking Wake
|-end|p2a: Walking Wake|Protosynthesis|[silent]
|
|upkeep
|
|t:|1776085915
|switch|p2a: Iron Moth|Iron Moth|100/100
|-enditem|p2a: Iron Moth|Booster Energy
|-activate|p2a: Iron Moth|ability: Quark Drive|[fromitem]
|-start|p2a: Iron Moth|quarkdrivespe
|turn|3
|
|t:|1776085929
|move|p2a: Iron Moth|Fiery Dance|p1a: Iron Treads
|-supereffective|p1a: Iron Treads
|-damage|p1a: Iron Treads|0 fnt
|faint|p1a: Iron Treads
|-end|p1a: Iron Treads|Quark Drive|[silent]
|
|upkeep
|
|t:|1776085934
|switch|p1a: Dragonite|Dragonite, M|100/100
|turn|4
|
|t:|1776085938
|-end|p2a: Iron Moth|Quark Drive|[silent]
|switch|p2a: Cresselia|Cresselia, F|100/100
|move|p1a: Dragonite|Outrage|p2a: Cresselia
|-damage|p2a: Cresselia|43/100
|-enditem|p2a: Cresselia|Eject Button
|
|t:|1776085943
|switch|p2a: Great Tusk|Great Tusk|100/100
|
|upkeep
|turn|5
|
|t:|1776085951
|move|p2a: Great Tusk|Stealth Rock|p1a: Dragonite
|-sidestart|p1: songgea|move: Stealth Rock
|move|p1a: Dragonite|Outrage|p2a: Great Tusk|[from] lockedmove
|-damage|p2a: Great Tusk|35/100
|-damage|p1a: Dragonite|84/100|[from] item: Rocky Helmet|[of] p2a: Great Tusk
|-start|p1a: Dragonite|confusion|[fatigue]
|
|upkeep
|turn|6
|
|t:|1776085960
|switch|p1a: Pecharunt|Pecharunt|100/100
|-damage|p1a: Pecharunt|88/100|[from] Stealth Rock
|move|p2a: Great Tusk|Head Smash|p1a: Pecharunt
|-damage|p1a: Pecharunt|67/100
|-damage|p2a: Great Tusk|25/100|[from] Recoil
|
|upkeep
|turn|7
|j| loen_64
|
|t:|1776085982
|-end|p2a: Great Tusk|Protosynthesis|[silent]
|switch|p2a: Iron Moth|Iron Moth|100/100
|move|p1a: Pecharunt|Shadow Ball|p2a: Iron Moth
|-damage|p2a: Iron Moth|77/100
|-unboost|p2a: Iron Moth|spd|1
|
|upkeep
|turn|8
|
|t:|1776085990
|move|p2a: Iron Moth|Fiery Dance|p1a: Pecharunt
|-damage|p1a: Pecharunt|29/100
|move|p1a: Pecharunt|Shadow Ball|p2a: Iron Moth
|-damage|p2a: Iron Moth|37/100
|
|upkeep
|turn|9
|
|t:|1776085997
|move|p2a: Iron Moth|Fiery Dance|p1a: Pecharunt
|-crit|p1a: Pecharunt
|-damage|p1a: Pecharunt|0 fnt
|faint|p1a: Pecharunt
|
|upkeep
|
|t:|1776086008
|switch|p1a: Dragonite|Dragonite, M|84/100
|-damage|p1a: Dragonite|59/100|[from] Stealth Rock
|turn|10
|
|t:|1776086019
|-end|p2a: Iron Moth|Quark Drive|[silent]
|switch|p2a: Great Tusk|Great Tusk|25/100
|move|p1a: Dragonite|Extreme Speed|p2a: Great Tusk
|-damage|p2a: Great Tusk|0 fnt
|-damage|p1a: Dragonite|43/100|[from] item: Rocky Helmet|[of] p2a: Great Tusk
|faint|p2a: Great Tusk
|-end|p2a: Great Tusk|Protosynthesis|[silent]
|
|upkeep
|
|t:|1776086043
|switch|p2a: Cresselia|Cresselia, F|43/100
|turn|11
|
|t:|1776086049
|switch|p1a: Kingambit|Kingambit, M|100/100
|-damage|p1a: Kingambit|94/100|[from] Stealth Rock
|-activate|p1a: Kingambit|ability: Supreme Overlord
|-start|p1a: Kingambit|fallen3|[silent]
|move|p2a: Cresselia|Moonlight|p2a: Cresselia
|-heal|p2a: Cresselia|93/100
|
|-heal|p1a: Kingambit|100/100|[from] item: Leftovers
|upkeep
|turn|12
|inactive|swiggler has 120 seconds left.
|
|t:|1776086070
|move|p2a: Cresselia|Thunder Wave|p1a: Kingambit
|-status|p1a: Kingambit|par
|cant|p1a: Kingambit|par
|
|upkeep
|turn|13
|
|t:|1776086075
|move|p2a: Cresselia|Lunar Dance|p2a: Cresselia
|faint|p2a: Cresselia
|move|p1a: Kingambit|Kowtow Cleave|p2: Cresselia|[notarget]
|-fail|p1a: Kingambit
|
|upkeep
|
|t:|1776086077
|switch|p2a: Iron Moth|Iron Moth|37/100
|-heal|p2a: Iron Moth|100/100|[from] move: Lunar Dance
|turn|14
|
|t:|1776086084
|move|p2a: Iron Moth|Fiery Dance|p1a: Kingambit
|-supereffective|p1a: Kingambit
|-damage|p1a: Kingambit|5/100 par
|-boost|p2a: Iron Moth|spa|1
|move|p1a: Kingambit|Kowtow Cleave|p2a: Iron Moth
|-damage|p2a: Iron Moth|0 fnt
|faint|p2a: Iron Moth
|-end|p2a: Iron Moth|Quark Drive|[silent]
|
|-heal|p1a: Kingambit|12/100 par|[from] item: Leftovers
|upkeep
|
|t:|1776086104
|switch|p2a: Ninetales|Ninetales, F|100/100
|-weather|SunnyDay|[from] ability: Drought|[of] p2a: Ninetales
|turn|15
|
|t:|1776086111
|move|p2a: Ninetales|Overheat|p1a: Kingambit
|-supereffective|p1a: Kingambit
|-damage|p1a: Kingambit|0 fnt
|-unboost|p2a: Ninetales|spa|2
|faint|p1a: Kingambit
|-end|p1a: Kingambit|fallen3|[silent]
|
|-weather|SunnyDay|[upkeep]
|upkeep
|
|t:|1776086130
|switch|p1a: Iron Valiant|Iron Valiant|100/100
|-damage|p1a: Iron Valiant|94/100|[from] Stealth Rock
|-enditem|p1a: Iron Valiant|Booster Energy
|-activate|p1a: Iron Valiant|ability: Quark Drive|[fromitem]
|-start|p1a: Iron Valiant|quarkdrivespe
|turn|16
|
|t:|1776086137
|move|p1a: Iron Valiant|Calm Mind|p1a: Iron Valiant
|-boost|p1a: Iron Valiant|spa|1
|-boost|p1a: Iron Valiant|spd|1
|move|p2a: Ninetales|Encore|p1a: Iron Valiant
|-start|p1a: Iron Valiant|Encore
|
|-weather|SunnyDay|[upkeep]
|upkeep
|turn|17
|
|t:|1776086145
|switch|p2a: Raging Bolt|Raging Bolt|100/100
|-activate|p2a: Raging Bolt|ability: Protosynthesis
|-start|p2a: Raging Bolt|protosynthesisspa
|move|p1a: Iron Valiant|Calm Mind|p1a: Iron Valiant
|-boost|p1a: Iron Valiant|spa|1
|-boost|p1a: Iron Valiant|spd|1
|
|-weather|SunnyDay|[upkeep]
|upkeep
|turn|18
|-message|songgea forfeited.
|
|win|swiggler
|raw|songgea's rating: 1722 &rarr; <strong>1702</strong><br />(-20 for losing)
|raw|swiggler's rating: 1730 &rarr; <strong>1750</strong><br />(+20 for winning)
|l|‽songgea
|player|p1|
|l|☆swiggler
|player|p2|
|l| loen_64
