|html|<div class="broadcast-blue"><strong>[Gen 9] OU is currently suspecting Tera Blast! For information on how to participate check out the <a href="https://www.smogon.com/tools/suspects/view/200">suspect thread</a>.</strong></div>
|j|☆Peccavisti
|j|☆Luceo
|t:|1776043731
|gametype|singles
|player|p1|Peccavisti|cheren-gen5bw2|1306
|player|p2|Luceo|cynthia-masters4|1356
|gen|9
|tier|[Gen 9] OU
|rated|
|rule|HP Percentage Mod: HP is shown in percentages
|rule|Endless Battle Clause: Forcing endless battles is banned
|rule|Species Clause: Limit one of each Pokémon
|rule|OHKO Clause: OHKO moves are banned
|rule|Evasion Items Clause: Evasion items are banned
|rule|Evasion Moves Clause: Evasion moves are banned
|rule|Evasion Abilities Clause: Evasion abilities are banned
|rule|Sleep Moves Clause: Sleep-inducing moves are banned
|clearpoke
|poke|p1|Clodsire, M|
|poke|p1|Corviknight, F|
|poke|p1|Iron Moth|
|poke|p1|Quaquaval, M|
|poke|p1|Garchomp, F|
|poke|p1|Zarude|
|poke|p2|Slither Wing|
|poke|p2|Ninetales, M|
|poke|p2|Walking Wake|
|poke|p2|Iron Moth|
|poke|p2|Hatterene, F|
|poke|p2|Blaziken, M|
|teampreview
|inactive|Battle timer is ON: inactive players will automatically lose when time's up. (requested by Luceo)
|inactive|Peccavisti also wants the timer to be on.
|
|t:|1776043741
|teamsize|p1|6
|teamsize|p2|6
|start
|switch|p1a: Clodsire|Clodsire, M|100/100
|switch|p2a: Aruarian|Ninetales, M, shiny|100/100
|-weather|SunnyDay|[from] ability: Drought|[of] p2a: Aruarian
|turn|1
|
|t:|1776043754
|switch|p2a: Covet&Lust|Hatterene, F, shiny|100/100
|move|p1a: Clodsire|Stockpile|p1a: Clodsire
|-start|p1a: Clodsire|stockpile1
|-boost|p1a: Clodsire|def|1
|-boost|p1a: Clodsire|spd|1
|
|-weather|SunnyDay|[upkeep]
|upkeep
|turn|2
|
|t:|1776043758
|move|p2a: Covet&Lust|Psychic Noise|p1a: Clodsire
|-supereffective|p1a: Clodsire
|-damage|p1a: Clodsire|74/100
|-start|p1a: Clodsire|move: Heal Block
|move|p1a: Clodsire|Stockpile|p1a: Clodsire
|-start|p1a: Clodsire|stockpile2
|-boost|p1a: Clodsire|def|1
|-boost|p1a: Clodsire|spd|1
|
|-weather|SunnyDay|[upkeep]
|upkeep
|turn|3
|
|t:|1776043775
|switch|p2a: Beru|Slither Wing, shiny|100/100
|-activate|p2a: Beru|ability: Protosynthesis
|-start|p2a: Beru|protosynthesisatk
|move|p1a: Clodsire|Stockpile|p1a: Clodsire
|-start|p1a: Clodsire|stockpile3
|-boost|p1a: Clodsire|def|1
|-boost|p1a: Clodsire|spd|1
|
|-weather|SunnyDay|[upkeep]
|-end|p1a: Clodsire|move: Heal Block
|upkeep
|turn|4
|
|t:|1776043789
|move|p2a: Beru|Earthquake|p1a: Clodsire
|-supereffective|p1a: Clodsire
|-damage|p1a: Clodsire|8/100
|move|p1a: Clodsire|Spit Up|p2a: Beru
|-damage|p2a: Beru|69/100
|-unboost|p1a: Clodsire|def|3
|-unboost|p1a: Clodsire|spd|3
|-end|p1a: Clodsire|Stockpile
|
|-weather|SunnyDay|[upkeep]
|-heal|p1a: Clodsire|15/100|[from] item: Black Sludge
|upkeep
|turn|5
|
|t:|1776043809
|move|p2a: Beru|Earthquake|p1a: Clodsire
|-supereffective|p1a: Clodsire
|-damage|p1a: Clodsire|0 fnt
|faint|p1a: Clodsire
|
|-weather|SunnyDay|[upkeep]
|upkeep
|
|t:|1776043815
|switch|p1a: Iron Moth|Iron Moth|100/100
|-enditem|p1a: Iron Moth|Booster Energy
|-activate|p1a: Iron Moth|ability: Quark Drive|[fromitem]
|-start|p1a: Iron Moth|quarkdrivespe
|turn|6
|
|t:|1776043823
|-end|p2a: Beru|Protosynthesis|[silent]
|switch|p2a: Renewal|Walking Wake|100/100
|-activate|p2a: Renewal|ability: Protosynthesis
|-start|p2a: Renewal|protosynthesisspe
|move|p1a: Iron Moth|Fiery Dance|p2a: Renewal
|-resisted|p2a: Renewal
|-damage|p2a: Renewal|84/100
|-boost|p1a: Iron Moth|spa|1
|
|-weather|SunnyDay|[upkeep]
|upkeep
|turn|7
|
|t:|1776043851
|-terastallize|p1a: Iron Moth|Flying
|-terastallize|p2a: Renewal|Water
|move|p1a: Iron Moth|Fiery Dance|p2a: Renewal
|-resisted|p2a: Renewal
|-damage|p2a: Renewal|29/100
|-boost|p1a: Iron Moth|spa|1
|move|p2a: Renewal|Hydro Steam|p1a: Iron Moth
|-damage|p1a: Iron Moth|0 fnt
|faint|p1a: Iron Moth
|-end|p1a: Iron Moth|Quark Drive|[silent]
|
|-weather|SunnyDay|[upkeep]
|upkeep
|inactive|Peccavisti has 120 seconds left.
|
|t:|1776043872
|switch|p1a: Quaquaval|Quaquaval, M|100/100
|turn|8
|inactive|Luceo has 120 seconds left.
|inactive|Luceo has 90 seconds left.
|
|t:|1776043941
|-end|p2a: Renewal|Protosynthesis|[silent]
|switch|p2a: Covet&Lust|Hatterene, F, shiny|100/100
|move|p1a: Quaquaval|Aqua Step|p2a: Covet&Lust
|-damage|p2a: Covet&Lust|86/100
|-boost|p1a: Quaquaval|spe|1
|-enditem|p2a: Covet&Lust|Eject Button
|
|t:|1776043950
|switch|p2a: The better one?|Iron Moth|100/100
|-enditem|p2a: The better one?|Booster Energy
|-activate|p2a: The better one?|ability: Quark Drive|[fromitem]
|-start|p2a: The better one?|quarkdrivespe
|
|-weather|none
|upkeep
|turn|9
|
|t:|1776043958
|move|p1a: Quaquaval|Aqua Jet|p2a: The better one?
|-supereffective|p2a: The better one?
|-damage|p2a: The better one?|47/100
|move|p2a: The better one?|Psychic|p1a: Quaquaval
|-supereffective|p1a: Quaquaval
|-damage|p1a: Quaquaval|18/100
|
|upkeep
|turn|10
|
|t:|1776043964
|-end|p2a: The better one?|Quark Drive|[silent]
|switch|p2a: Aruarian|Ninetales, M, shiny|100/100
|-weather|SunnyDay|[from] ability: Drought|[of] p2a: Aruarian
|move|p1a: Quaquaval|Aqua Jet|p2a: Aruarian
|-supereffective|p2a: Aruarian
|-damage|p2a: Aruarian|79/100
|
|-weather|SunnyDay|[upkeep]
|upkeep
|turn|11
|inactive|Luceo has 90 seconds left.
|
|t:|1776043978
|switch|p2a: Covet&Lust|Hatterene, F, shiny|86/100
|move|p1a: Quaquaval|Aqua Step|p2a: Covet&Lust
|-damage|p2a: Covet&Lust|72/100
|-boost|p1a: Quaquaval|spe|1
|
|-weather|SunnyDay|[upkeep]
|upkeep
|turn|12
|
|t:|1776043988
|switch|p1a: Corviknight|Corviknight, F|100/100
|-ability|p1a: Corviknight|Pressure
|move|p2a: Covet&Lust|Draining Kiss|p1a: Corviknight
|-resisted|p1a: Corviknight
|-damage|p1a: Corviknight|91/100
|-heal|p2a: Covet&Lust|81/100|[from] drain|[of] p1a: Corviknight
|
|-weather|SunnyDay|[upkeep]
|upkeep
|turn|13
|
|t:|1776043992
|move|p1a: Corviknight|Light Screen|p1a: Corviknight
|-sidestart|p1: Peccavisti|move: Light Screen
|move|p2a: Covet&Lust|Mystical Fire|p1a: Corviknight
|-supereffective|p1a: Corviknight
|-damage|p1a: Corviknight|66/100
|-unboost|p1a: Corviknight|spa|1
|
|-weather|SunnyDay|[upkeep]
|upkeep
|turn|14
|
|t:|1776044010
|switch|p2a: The better one?|Iron Moth|47/100
|move|p1a: Corviknight|Reflect|p1a: Corviknight
|-sidestart|p1: Peccavisti|Reflect
|
|-weather|SunnyDay|[upkeep]
|upkeep
|turn|15
|
|t:|1776044023
|move|p2a: The better one?|Fiery Dance|p1a: Corviknight
|-supereffective|p1a: Corviknight
|-damage|p1a: Corviknight|18/100
|move|p1a: Corviknight|U-turn|p2a: The better one?
|-resisted|p2a: The better one?
|-damage|p2a: The better one?|42/100
|
|t:|1776044026
|switch|p1a: Quaquaval|Quaquaval, M|18/100|[from] U-turn
|
|-weather|SunnyDay|[upkeep]
|upkeep
|turn|16
|
|t:|1776044031
|move|p2a: The better one?|Psychic|p1a: Quaquaval
|-supereffective|p1a: Quaquaval
|-damage|p1a: Quaquaval|0 fnt
|faint|p1a: Quaquaval
|
|-weather|SunnyDay|[upkeep]
|upkeep
|
|t:|1776044038
|switch|p1a: Garchomp|Garchomp, F|100/100
|turn|17
|inactive|Luceo has 120 seconds left.
|inactive|Luceo has 90 seconds left.
|
|t:|1776044113
|move|p2a: The better one?|Dazzling Gleam|p1a: Garchomp
|-supereffective|p1a: Garchomp
|-damage|p1a: Garchomp|70/100
|move|p1a: Garchomp|Earthquake|p2a: The better one?
|-supereffective|p2a: The better one?
|-damage|p2a: The better one?|0 fnt
|faint|p2a: The better one?
|-end|p2a: The better one?|Quark Drive|[silent]
|
|-weather|none
|upkeep
|inactive|Luceo has 60 seconds left.
|
|t:|1776044136
|switch|p2a: Renewal|Walking Wake, tera:Water|29/100
|turn|18
|
|t:|1776044148
|switch|p1a: Corviknight|Corviknight, F|18/100
|-ability|p1a: Corviknight|Pressure
|move|p2a: Renewal|Draco Meteor|p1a: Corviknight
|-resisted|p1a: Corviknight
|-damage|p1a: Corviknight|0 fnt
|-unboost|p2a: Renewal|spa|2
|faint|p1a: Corviknight
|
|upkeep
|
|t:|1776044156
|switch|p1a: Zarude|Zarude|100/100
|turn|19
|
|t:|1776044159
|-end|p2a: Renewal|Protosynthesis|[silent]
|switch|p2a: Aruarian|Ninetales, M, shiny|79/100
|-weather|SunnyDay|[from] ability: Drought|[of] p2a: Aruarian
|move|p1a: Zarude|Swords Dance|p1a: Zarude
|-boost|p1a: Zarude|atk|2
|
|-weather|SunnyDay|[upkeep]
|upkeep
|turn|20
|inactive|Luceo has 90 seconds left.
|
|t:|1776044179
|move|p1a: Zarude|Knock Off|p2a: Aruarian
|-damage|p2a: Aruarian|0 fnt
|-enditem|p2a: Aruarian|Heat Rock|[from] move: Knock Off|[of] p1a: Zarude
|faint|p2a: Aruarian
|
|-weather|SunnyDay|[upkeep]
|-sideend|p1: Peccavisti|move: Light Screen
|upkeep
|
|t:|1776044187
|switch|p2a: Beru|Slither Wing, shiny|69/100
|-activate|p2a: Beru|ability: Protosynthesis
|-start|p2a: Beru|protosynthesisatk
|turn|21
|
|t:|1776044193
|move|p2a: Beru|First Impression|p1a: Zarude
|-supereffective|p1a: Zarude
|-damage|p1a: Zarude|0 fnt
|faint|p1a: Zarude
|
|-weather|SunnyDay|[upkeep]
|-sideend|p1: Peccavisti|Reflect
|upkeep
|
|t:|1776044195
|switch|p1a: Garchomp|Garchomp, F|70/100
|turn|22
|
|t:|1776044213
|-end|p2a: Beru|Protosynthesis|[silent]
|switch|p2a: Covet&Lust|Hatterene, F, shiny|81/100
|move|p1a: Garchomp|Stone Edge|p2a: Covet&Lust
|-damage|p2a: Covet&Lust|34/100
|
|-weather|SunnyDay|[upkeep]
|upkeep
|turn|23
|
|t:|1776044219
|move|p1a: Garchomp|Stone Edge|p2a: Covet&Lust
|-crit|p2a: Covet&Lust
|-damage|p2a: Covet&Lust|0 fnt
|faint|p2a: Covet&Lust
|
|-weather|SunnyDay|[upkeep]
|upkeep
|
|t:|1776044221
|switch|p2a: Renewal|Walking Wake, tera:Water|29/100
|-activate|p2a: Renewal|ability: Protosynthesis
|-start|p2a: Renewal|protosynthesisspe
|turn|24
|
|t:|1776044226
|move|p2a: Renewal|Hydro Steam|p1a: Garchomp
|-damage|p1a: Garchomp|0 fnt
|faint|p1a: Garchomp
|
|win|Luceo
|raw|Peccavisti's rating: 1306 &rarr; <strong>1289</strong><br />(-17 for losing)
|raw|Luceo's rating: 1356 &rarr; <strong>1373</strong><br />(+17 for winning)
|l|☆Luceo
|player|p2|
|l|☆Peccavisti
|player|p1|
