|html|<div class="broadcast-blue"><strong>[Gen 9] OU is currently suspecting Tera Blast! For information on how to participate check out the <a href="https://www.smogon.com/tools/suspects/view/200">suspect thread</a>.</strong></div>
|j|☆Yahyasux
|j|☆JayJayWasTaken
|t:|1776067806
|gametype|singles
|player|p1|Yahyasux|169|1000
|player|p2|JayJayWasTaken|ethan|1000
|gen|9
|tier|[Gen 9] OU
|rated|
|rule|HP Percentage Mod: HP is shown in percentages
|rule|Endless Battle Clause: Forcing endless battles is banned
|rule|Species Clause: Limit one of each Pokémon
|rule|OHKO Clause: OHKO moves are banned
|rule|Evasion Items Clause: Evasion items are banned
|rule|Evasion Moves Clause: Evasion moves are banned
|rule|Evasion Abilities Clause: Evasion abilities are banned
|rule|Sleep Moves Clause: Sleep-inducing moves are banned
|clearpoke
|poke|p1|Gliscor, M|
|poke|p1|Scizor, F|
|poke|p1|Maushold-Four|
|poke|p1|Talonflame, M|
|poke|p1|Haunter, M|
|poke|p1|Mienshao, F|
|poke|p2|Hydrapple, M|
|poke|p2|Slowking, M|
|poke|p2|Great Tusk|
|poke|p2|Moltres|
|poke|p2|Zamazenta-*|
|poke|p2|Kingambit, F|
|teampreview
|j| ohko_smeargle
|
|t:|1776067815
|teamsize|p1|6
|teamsize|p2|6
|start
|switch|p1a: Birdy|Talonflame, M|100/100
|switch|p2a: Great Tusk|Great Tusk|100/100
|turn|1
|
|t:|1776067823
|move|p1a: Birdy|Tailwind|p1a: Birdy
|-sidestart|p1: Yahyasux|move: Tailwind
|move|p2a: Great Tusk|Stealth Rock|p1a: Birdy
|-sidestart|p1: Yahyasux|move: Stealth Rock
|
|upkeep
|turn|2
|
|t:|1776067834
|move|p1a: Birdy|U-turn|p2a: Great Tusk
|-resisted|p2a: Great Tusk
|-crit|p2a: Great Tusk
|-damage|p2a: Great Tusk|92/100
|
|t:|1776067860
|switch|p1a: Household|Maushold-Four|100/100|[from] U-turn
|-damage|p1a: Household|88/100|[from] Stealth Rock
|move|p2a: Great Tusk|Ice Spinner|p1a: Household
|-damage|p1a: Household|49/100
|
|upkeep
|turn|3
|
|t:|1776067889
|move|p1a: Household|Tidy Up|p1a: Household
|-sideend|p1: Yahyasux|Stealth Rock
|-activate|p1a: Household|move: Tidy Up
|-boost|p1a: Household|atk|1
|-boost|p1a: Household|spe|1
|move|p2a: Great Tusk|Rapid Spin|p1a: Household
|-damage|p1a: Household|24/100
|-boost|p2a: Great Tusk|spe|1
|
|upkeep
|turn|4
|
|t:|1776067907
|move|p1a: Household|Aerial Ace|p2a: Great Tusk
|-supereffective|p2a: Great Tusk
|-damage|p2a: Great Tusk|48/100
|move|p2a: Great Tusk|Headlong Rush|p1a: Household
|-damage|p1a: Household|0 fnt
|-unboost|p2a: Great Tusk|def|1
|-unboost|p2a: Great Tusk|spd|1
|faint|p1a: Household
|
|-sideend|p1: Yahyasux|move: Tailwind
|upkeep
|
|t:|1776067923
|switch|p1a: Mr Toucher|Haunter, M|100/100
|turn|5
|
|t:|1776067935
|-end|p2a: Great Tusk|Protosynthesis|[silent]
|switch|p2a: Moltres|Moltres|100/100
|move|p1a: Mr Toucher|Foul Play|p2a: Moltres
|-damage|p2a: Moltres|86/100
|
|upkeep
|turn|6
|
|t:|1776067944
|move|p1a: Mr Toucher|Toxic Spikes|p2a: Moltres
|-sidestart|p2: JayJayWasTaken|move: Toxic Spikes
|move|p2a: Moltres|U-turn|p1a: Mr Toucher
|-resisted|p1a: Mr Toucher
|-damage|p1a: Mr Toucher|95/100
|
|t:|1776067953
|switch|p2a: Great Tusk|Great Tusk|48/100|[from] U-turn
|
|upkeep
|turn|7
|
|t:|1776067961
|move|p2a: Great Tusk|Stealth Rock|p1a: Mr Toucher
|-sidestart|p1: Yahyasux|move: Stealth Rock
|move|p1a: Mr Toucher|Foul Play|p2a: Great Tusk
|-resisted|p2a: Great Tusk
|-damage|p2a: Great Tusk|38/100
|
|upkeep
|turn|8
|
|t:|1776067973
|move|p2a: Great Tusk|Ice Spinner|p1a: Mr Toucher
|-damage|p1a: Mr Toucher|52/100
|move|p1a: Mr Toucher|Toxic Spikes|p2a: Great Tusk
|-sidestart|p2: JayJayWasTaken|move: Toxic Spikes
|
|upkeep
|turn|9
|
|t:|1776067988
|move|p2a: Great Tusk|Ice Spinner|p1a: Mr Toucher
|-damage|p1a: Mr Toucher|9/100
|move|p1a: Mr Toucher|Encore|p2a: Great Tusk
|-start|p2a: Great Tusk|Encore
|
|upkeep
|turn|10
|
|t:|1776067995
|move|p2a: Great Tusk|Ice Spinner|p1a: Mr Toucher
|-damage|p1a: Mr Toucher|0 fnt
|faint|p1a: Mr Toucher
|
|upkeep
|
|t:|1776068004
|switch|p1a: Batman|Gliscor, M|100/100
|-damage|p1a: Batman|88/100|[from] Stealth Rock
|turn|11
|
|t:|1776068020
|switch|p1a: Grace|Mienshao, F, shiny|100/100
|-damage|p1a: Grace|94/100|[from] Stealth Rock
|move|p2a: Great Tusk|Ice Spinner|p1a: Grace
|-damage|p1a: Grace|50/100
|
|upkeep
|turn|12
|
|t:|1776068030
|move|p1a: Grace|Fake Out|p2a: Great Tusk
|-crit|p2a: Great Tusk
|-damage|p2a: Great Tusk|23/100
|-heal|p1a: Grace|52/100|[from] item: Shell Bell|[of] p2a: Great Tusk
|cant|p2a: Great Tusk|flinch
|
|-end|p2a: Great Tusk|Encore
|upkeep
|turn|13
|
|t:|1776068041
|move|p1a: Grace|Drain Punch|p2a: Great Tusk
|-damage|p2a: Great Tusk|0 fnt
|-heal|p1a: Grace|68/100|[from] drain|[of] p2a: Great Tusk
|faint|p2a: Great Tusk
|-end|p2a: Great Tusk|Protosynthesis|[silent]
|-heal|p1a: Grace|72/100|[from] item: Shell Bell|[of] p2: Great Tusk
|
|upkeep
|
|t:|1776068054
|switch|p2a: Slowking|Slowking, M|100/100
|turn|14
|
|t:|1776068063
|move|p1a: Grace|Taunt|p2a: Slowking
|-start|p2a: Slowking|move: Taunt
|cant|p2a: Slowking|move: Taunt|Thunder Wave
|
|upkeep
|turn|15
|
|t:|1776068078
|switch|p1a: Finna Cut myself|Scizor, F|100/100
|-damage|p1a: Finna Cut myself|88/100|[from] Stealth Rock
|move|p2a: Slowking|Scald|p1a: Finna Cut myself
|-damage|p1a: Finna Cut myself|62/100
|
|upkeep
|turn|16
|
|t:|1776068095
|move|p1a: Finna Cut myself|Trailblaze|p2a: Slowking
|-supereffective|p2a: Slowking
|-damage|p2a: Slowking|44/100
|-boost|p1a: Finna Cut myself|spe|1
|move|p2a: Slowking|Future Sight|p1a: Finna Cut myself
|-start|p2a: Slowking|move: Future Sight
|
|-end|p2a: Slowking|move: Taunt
|upkeep
|turn|17
|
|t:|1776068106
|move|p1a: Finna Cut myself|Trailblaze|p2a: Slowking
|-supereffective|p2a: Slowking
|-damage|p2a: Slowking|0 fnt
|-boost|p1a: Finna Cut myself|spe|1
|faint|p2a: Slowking
|
|upkeep
|
|t:|1776068115
|switch|p2a: Moltres|Moltres|86/100
|turn|18
|
|t:|1776068128
|move|p1a: Finna Cut myself|Dual Wingbeat|p2a: Moltres
|-damage|p2a: Moltres|72/100
|-status|p1a: Finna Cut myself|brn|[from] ability: Flame Body|[of] p2a: Moltres
|-damage|p2a: Moltres|65/100
|-hitcount|p2a: Moltres|2
|move|p2a: Moltres|Flamethrower|p1a: Finna Cut myself
|-supereffective|p1a: Finna Cut myself
|-damage|p1a: Finna Cut myself|0 fnt
|faint|p1a: Finna Cut myself
|
|-hint|Future Sight did not hit because the target is fainted.
|upkeep
|
|t:|1776068141
|switch|p1a: Birdy|Talonflame, M|100/100
|-damage|p1a: Birdy|51/100|[from] Stealth Rock
|turn|19
|
|t:|1776068149
|move|p1a: Birdy|Tailwind|p1a: Birdy
|-sidestart|p1: Yahyasux|move: Tailwind
|move|p2a: Moltres|U-turn|p1a: Birdy
|-resisted|p1a: Birdy
|-damage|p1a: Birdy|46/100
|
|t:|1776068163
|switch|p2a: Zamazenta|Zamazenta|100/100|[from] U-turn
|-status|p2a: Zamazenta|tox
|-ability|p2a: Zamazenta|Dauntless Shield|boost
|-boost|p2a: Zamazenta|def|1
|
|-damage|p2a: Zamazenta|94/100 tox|[from] psn
|upkeep
|turn|20
|
|t:|1776068173
|move|p1a: Birdy|Protect|p1a: Birdy
|-singleturn|p1a: Birdy|Protect
|move|p2a: Zamazenta|Stone Edge|p1a: Birdy
|-activate|p1a: Birdy|move: Protect
|
|-damage|p2a: Zamazenta|82/100 tox|[from] psn
|upkeep
|turn|21
|
|t:|1776068188
|move|p1a: Birdy|Protect||[still]
|-fail|p1a: Birdy
|move|p2a: Zamazenta|Stone Edge|p1a: Birdy|[miss]
|-miss|p2a: Zamazenta|p1a: Birdy
|
|-damage|p2a: Zamazenta|64/100 tox|[from] psn
|upkeep
|turn|22
|
|t:|1776068197
|move|p1a: Birdy|Protect|p1a: Birdy
|-singleturn|p1a: Birdy|Protect
|move|p2a: Zamazenta|Stone Edge|p1a: Birdy
|-activate|p1a: Birdy|move: Protect
|
|-damage|p2a: Zamazenta|39/100 tox|[from] psn
|-sideend|p1: Yahyasux|move: Tailwind
|upkeep
|turn|23
|
|t:|1776068205
|move|p2a: Zamazenta|Stone Edge|p1a: Birdy|[miss]
|-miss|p2a: Zamazenta|p1a: Birdy
|move|p1a: Birdy|Tailwind|p1a: Birdy
|-sidestart|p1: Yahyasux|move: Tailwind
|
|-damage|p2a: Zamazenta|8/100 tox|[from] psn
|upkeep
|turn|24
|c|☆Yahyasux|nahhh
|
|t:|1776068218
|move|p1a: Birdy|Protect|p1a: Birdy
|-singleturn|p1a: Birdy|Protect
|move|p2a: Zamazenta|Stone Edge|p1a: Birdy
|-activate|p1a: Birdy|move: Protect
|
|-damage|p2a: Zamazenta|0 fnt|[from] psn
|faint|p2a: Zamazenta
|upkeep
|
|t:|1776068230
|switch|p2a: Moltres|Moltres|65/100
|turn|25
|
|t:|1776068239
|move|p1a: Birdy|U-turn|p2a: Moltres
|-resisted|p2a: Moltres
|-damage|p2a: Moltres|62/100
|
|t:|1776068242
|switch|p1a: Batman|Gliscor, M|88/100|[from] U-turn
|-damage|p1a: Batman|75/100|[from] Stealth Rock
|move|p2a: Moltres|Roar|p1a: Batman
|drag|p1a: Grace|Mienshao, F, shiny|100/100
|-damage|p1a: Grace|94/100|[from] Stealth Rock
|
|upkeep
|turn|26
|
|t:|1776068263
|move|p1a: Grace|Fake Out|p2a: Moltres
|-damage|p2a: Moltres|53/100
|-heal|p1a: Grace|96/100|[from] item: Shell Bell|[of] p2a: Moltres
|cant|p2a: Moltres|flinch
|
|-sideend|p1: Yahyasux|move: Tailwind
|upkeep
|turn|27
|
|t:|1776068274
|switch|p1a: Batman|Gliscor, M|75/100
|-damage|p1a: Batman|63/100|[from] Stealth Rock
|move|p2a: Moltres|Flamethrower|p1a: Batman
|-damage|p1a: Batman|9/100
|
|-status|p1a: Batman|tox|[from] item: Toxic Orb
|upkeep
|turn|28
|
|t:|1776068286
|move|p1a: Batman|Protect|p1a: Batman
|-singleturn|p1a: Batman|Protect
|move|p2a: Moltres|U-turn|p1a: Batman
|-activate|p1a: Batman|move: Protect
|
|-heal|p1a: Batman|21/100 tox|[from] ability: Poison Heal
|upkeep
|turn|29
|
|t:|1776068304
|-terastallize|p1a: Batman|Normal
|move|p1a: Batman|Facade|p2a: Moltres
|-damage|p2a: Moltres|14/100
|move|p2a: Moltres|U-turn|p1a: Batman
|-damage|p1a: Batman|9/100 tox
|
|t:|1776068316
|switch|p2a: Hydrapple|Hydrapple, M|100/100|[from] U-turn
|-status|p2a: Hydrapple|tox
|
|-heal|p1a: Batman|21/100 tox|[from] ability: Poison Heal
|-damage|p2a: Hydrapple|94/100 tox|[from] psn
|upkeep
|turn|30
|
|t:|1776068327
|move|p1a: Batman|Protect|p1a: Batman
|-singleturn|p1a: Batman|Protect
|move|p2a: Hydrapple|Nasty Plot|p2a: Hydrapple
|-boost|p2a: Hydrapple|spa|2
|
|-heal|p1a: Batman|34/100 tox|[from] ability: Poison Heal
|-damage|p2a: Hydrapple|82/100 tox|[from] psn
|upkeep
|turn|31
|
|t:|1776068344
|move|p1a: Batman|Substitute|p1a: Batman
|-start|p1a: Batman|Substitute
|-damage|p1a: Batman|9/100 tox
|move|p2a: Hydrapple|Fickle Beam|p1a: Batman
|-end|p1a: Batman|Substitute
|-damage|p2a: Hydrapple|73/100 tox|[from] item: Life Orb
|
|-heal|p1a: Batman|21/100 tox|[from] ability: Poison Heal
|-damage|p2a: Hydrapple|54/100 tox|[from] psn
|upkeep
|turn|32
|
|t:|1776068355
|move|p1a: Batman|Protect|p1a: Batman
|-singleturn|p1a: Batman|Protect
|move|p2a: Hydrapple|Nasty Plot|p2a: Hydrapple
|-boost|p2a: Hydrapple|spa|2
|
|-heal|p1a: Batman|34/100 tox|[from] ability: Poison Heal
|-damage|p2a: Hydrapple|30/100 tox|[from] psn
|upkeep
|turn|33
|
|t:|1776068365
|move|p1a: Batman|Facade|p2a: Hydrapple
|-crit|p2a: Hydrapple
|-damage|p2a: Hydrapple|0 fnt
|faint|p2a: Hydrapple
|
|-heal|p1a: Batman|46/100 tox|[from] ability: Poison Heal
|upkeep
|
|t:|1776068374
|switch|p2a: Moltres|Moltres|14/100
|turn|34
|
|t:|1776068380
|move|p1a: Batman|Substitute|p1a: Batman
|-start|p1a: Batman|Substitute
|-damage|p1a: Batman|21/100 tox
|move|p2a: Moltres|Roar|p1a: Batman
|drag|p1a: Birdy|Talonflame, M|46/100
|-damage|p1a: Birdy|0 fnt|[from] Stealth Rock
|faint|p1a: Birdy
|
|upkeep
|
|t:|1776068388
|switch|p1a: Batman|Gliscor, M, tera:Normal|21/100 tox
|-damage|p1a: Batman|9/100 tox|[from] Stealth Rock
|turn|35
|
|t:|1776068393
|move|p1a: Batman|Protect|p1a: Batman
|-singleturn|p1a: Batman|Protect
|move|p2a: Moltres|Roar|p1a: Batman
|drag|p1a: Grace|Mienshao, F, shiny|100/100
|-damage|p1a: Grace|94/100|[from] Stealth Rock
|
|upkeep
|turn|36
|
|t:|1776068404
|move|p1a: Grace|Close Combat|p2a: Moltres
|-resisted|p2a: Moltres
|-damage|p2a: Moltres|0 fnt
|-unboost|p1a: Grace|def|1
|-unboost|p1a: Grace|spd|1
|-status|p1a: Grace|brn|[from] ability: Flame Body|[of] p2a: Moltres
|faint|p2a: Moltres
|-heal|p1a: Grace|96/100 brn|[from] item: Shell Bell|[of] p2: Moltres
|
|-damage|p1a: Grace|90/100 brn|[from] brn
|upkeep
|
|t:|1776068415
|switch|p2a: Kingambit|Kingambit, F|100/100
|-activate|p2a: Kingambit|ability: Supreme Overlord
|-start|p2a: Kingambit|fallen5|[silent]
|turn|37
|
|t:|1776068423
|move|p1a: Grace|Fake Out||[still]
|-hint|Fake Out only works on your first turn out.
|-fail|p1a: Grace
|move|p2a: Kingambit|Sucker Punch||[still]
|-fail|p2a: Kingambit
|
|-damage|p1a: Grace|84/100 brn|[from] brn
|upkeep
|turn|38
|
|t:|1776068433
|move|p1a: Grace|Taunt|p2a: Kingambit
|-start|p2a: Kingambit|move: Taunt
|cant|p2a: Kingambit|move: Taunt|Swords Dance
|
|-damage|p1a: Grace|78/100 brn|[from] brn
|upkeep
|turn|39
|
|t:|1776068445
|move|p1a: Grace|Close Combat|p2a: Kingambit
|-supereffective|p2a: Kingambit
|-damage|p2a: Kingambit|6/100
|-unboost|p1a: Grace|def|1
|-unboost|p1a: Grace|spd|1
|-heal|p1a: Grace|94/100 brn|[from] item: Shell Bell|[of] p2a: Kingambit
|move|p2a: Kingambit|Iron Head|p1a: Grace
|-damage|p1a: Grace|0 fnt
|faint|p1a: Grace
|
|-heal|p2a: Kingambit|12/100|[from] item: Leftovers
|upkeep
|
|t:|1776068458
|switch|p1a: Batman|Gliscor, M, tera:Normal|9/100 tox
|-damage|p1a: Batman|0 fnt|[from] Stealth Rock
|faint|p1a: Batman
|
|win|JayJayWasTaken
|raw|Yahyasux's rating: 1000 &rarr; <strong>1000</strong><br />(+0 for losing)
|raw|JayJayWasTaken's rating: 1000 &rarr; <strong>1040</strong><br />(+40 for winning)
|l| ohko_smeargle
|l|☆Yahyasux
|player|p1|
