|html|<div class="broadcast-blue"><strong>[Gen 9] OU is currently suspecting Tera Blast! For information on how to participate check out the <a href="https://www.smogon.com/tools/suspects/view/200">suspect thread</a>.</strong></div>
|j|☆chungus mcchungus
|j|☆GreninjaMyFav
|t:|1776034872
|gametype|singles
|player|p1|chungus mcchungus|sage|1663
|player|p2|GreninjaMyFav|169|1615
|gen|9
|tier|[Gen 9] OU
|rated|
|rule|HP Percentage Mod: HP is shown in percentages
|rule|Endless Battle Clause: Forcing endless battles is banned
|rule|Species Clause: Limit one of each Pokémon
|rule|OHKO Clause: OHKO moves are banned
|rule|Evasion Items Clause: Evasion items are banned
|rule|Evasion Moves Clause: Evasion moves are banned
|rule|Evasion Abilities Clause: Evasion abilities are banned
|rule|Sleep Moves Clause: Sleep-inducing moves are banned
|clearpoke
|poke|p1|Skarmory, F|
|poke|p1|Ting-Lu|
|poke|p1|Zamazenta-*|
|poke|p1|Pecharunt|
|poke|p1|Clefable, M|
|poke|p1|Walking Wake|
|poke|p2|Greninja-*, F|
|poke|p2|Hoopa-Unbound|
|poke|p2|Great Tusk|
|poke|p2|Pecharunt|
|poke|p2|Alomomola, F|
|poke|p2|Ogerpon, F|
|teampreview
|inactive|Battle timer is ON: inactive players will automatically lose when time's up. (requested by chungus mcchungus)
|
|t:|1776034878
|teamsize|p1|6
|teamsize|p2|6
|start
|switch|p1a: Clefable|Clefable, M|100/100
|switch|p2a: Greninja|Greninja, F|100/100
|turn|1
|
|t:|1776034885
|move|p2a: Greninja|Sludge Wave|p1a: Clefable
|-start|p2a: Greninja|typechange|Poison|[from] ability: Protean
|-supereffective|p1a: Clefable
|-damage|p1a: Clefable|0 fnt
|faint|p1a: Clefable
|
|upkeep
|
|t:|1776034889
|switch|p1a: Ting-Lu|Ting-Lu|100/100
|-ability|p1a: Ting-Lu|Vessel of Ruin
|turn|2
|
|t:|1776034894
|switch|p2a: Ogerpon|Ogerpon, F|100/100
|move|p1a: Ting-Lu|Stealth Rock|p2a: Ogerpon
|-sidestart|p2: GreninjaMyFav|move: Stealth Rock
|
|upkeep
|turn|3
|
|t:|1776034898
|switch|p1a: Pecharunt|Pecharunt|100/100
|move|p2a: Ogerpon|Knock Off|p1a: Pecharunt
|-supereffective|p1a: Pecharunt
|-damage|p1a: Pecharunt|58/100
|-enditem|p1a: Pecharunt|Heavy-Duty Boots|[from] move: Knock Off|[of] p2a: Ogerpon
|
|upkeep
|turn|4
|
|t:|1776034902
|switch|p2a: Hoopa|Hoopa-Unbound|100/100
|-damage|p2a: Hoopa|88/100|[from] Stealth Rock
|move|p1a: Pecharunt|Malignant Chain|p2a: Hoopa
|-damage|p2a: Hoopa|58/100
|
|upkeep
|turn|5
|
|t:|1776034906
|move|p2a: Hoopa|Knock Off|p1a: Pecharunt
|-supereffective|p1a: Pecharunt
|-damage|p1a: Pecharunt|2/100
|move|p1a: Pecharunt|Malignant Chain|p2a: Hoopa
|-damage|p2a: Hoopa|28/100
|-status|p2a: Hoopa|tox
|-start|p2a: Hoopa|confusion|[from] ability: Poison Puppeteer|[of] p1a: Pecharunt
|
|-damage|p2a: Hoopa|22/100 tox|[from] psn
|upkeep
|turn|6
|
|t:|1776034910
|-activate|p2a: Hoopa|confusion
|move|p2a: Hoopa|Knock Off|p1a: Pecharunt
|-supereffective|p1a: Pecharunt
|-damage|p1a: Pecharunt|0 fnt
|faint|p1a: Pecharunt
|
|-damage|p2a: Hoopa|10/100 tox|[from] psn
|upkeep
|
|t:|1776034915
|switch|p1a: Walking Wake|Walking Wake|100/100
|turn|7
|
|t:|1776034918
|move|p1a: Walking Wake|Surf|p2a: Hoopa
|-damage|p2a: Hoopa|0 fnt
|faint|p2a: Hoopa
|
|upkeep
|
|t:|1776034925
|switch|p2a: Ogerpon|Ogerpon, F|100/100
|-damage|p2a: Ogerpon|88/100|[from] Stealth Rock
|turn|8
|
|t:|1776034930
|-end|p1a: Walking Wake|Protosynthesis|[silent]
|switch|p1a: Skarmory|Skarmory, F|100/100
|move|p2a: Ogerpon|U-turn|p1a: Skarmory
|-resisted|p1a: Skarmory
|-damage|p1a: Skarmory|96/100
|-damage|p2a: Ogerpon|72/100|[from] item: Rocky Helmet|[of] p1a: Skarmory
|
|t:|1776034933
|switch|p2a: Greninja|Greninja, F|100/100|[from] U-turn
|-damage|p2a: Greninja|88/100|[from] Stealth Rock
|
|upkeep
|turn|9
|
|t:|1776034941
|move|p2a: Greninja|Ice Beam|p1a: Skarmory
|-start|p2a: Greninja|typechange|Ice|[from] ability: Protean
|-crit|p1a: Skarmory
|-damage|p1a: Skarmory|0 fnt
|faint|p1a: Skarmory
|
|upkeep
|
|t:|1776034946
|switch|p1a: Zamazenta|Zamazenta|100/100
|-ability|p1a: Zamazenta|Dauntless Shield|boost
|-boost|p1a: Zamazenta|def|1
|turn|10
|
|t:|1776034950
|switch|p2a: Pecharunt|Pecharunt|100/100
|move|p1a: Zamazenta|Crunch|p2a: Pecharunt
|-supereffective|p2a: Pecharunt
|-crit|p2a: Pecharunt
|-damage|p2a: Pecharunt|64/100
|
|upkeep
|turn|11
|
|t:|1776034953
|switch|p1a: Ting-Lu|Ting-Lu|100/100
|-ability|p1a: Ting-Lu|Vessel of Ruin
|move|p2a: Pecharunt|Malignant Chain|p1a: Ting-Lu
|-resisted|p1a: Ting-Lu
|-damage|p1a: Ting-Lu|93/100
|
|-heal|p1a: Ting-Lu|99/100|[from] item: Leftovers
|upkeep
|turn|12
|
|t:|1776034959
|move|p2a: Pecharunt|Parting Shot|p1a: Ting-Lu
|-unboost|p1a: Ting-Lu|atk|1
|-unboost|p1a: Ting-Lu|spa|1
|
|t:|1776034960
|switch|p2a: Ogerpon|Ogerpon, F|72/100|[from] Parting Shot
|-damage|p2a: Ogerpon|59/100|[from] Stealth Rock
|move|p1a: Ting-Lu|Ruination|p2a: Ogerpon
|-damage|p2a: Ogerpon|30/100
|
|-heal|p1a: Ting-Lu|100/100|[from] item: Leftovers
|upkeep
|turn|13
|
|t:|1776034966
|switch|p1a: Zamazenta|Zamazenta|100/100
|-terastallize|p2a: Ogerpon|Grass
|detailschange|p2a: Ogerpon|Ogerpon-Teal-Tera, F, tera:Grass
|-ability|p2a: Ogerpon|Embody Aspect (Teal)|boost
|-boost|p2a: Ogerpon|spe|1
|move|p2a: Ogerpon|Ivy Cudgel|p1a: Zamazenta
|-damage|p1a: Zamazenta|14/100
|
|upkeep
|turn|14
|
|t:|1776034974
|move|p2a: Ogerpon|Ivy Cudgel|p1a: Zamazenta
|-damage|p1a: Zamazenta|0 fnt
|faint|p1a: Zamazenta
|
|upkeep
|-message|chungus mcchungus forfeited.
|
|win|GreninjaMyFav
|raw|chungus mcchungus's rating: 1663 &rarr; <strong>1640</strong><br />(-23 for losing)
|raw|GreninjaMyFav's rating: 1615 &rarr; <strong>1638</strong><br />(+23 for winning)
|l|☆chungus mcchungus
|player|p1|
|l|☆GreninjaMyFav
|player|p2|
