|html|<div class="broadcast-blue"><strong>[Gen 9] OU is currently suspecting Tera Blast! For information on how to participate check out the <a href="https://www.smogon.com/tools/suspects/view/200">suspect thread</a>.</strong></div>
|j|☆Gercio
|j|☆The Quaggie Boys
|t:|1776140343
|gametype|singles
|player|p1|Gercio|170|1110
|player|p2|The Quaggie Boys|ingo|1131
|gen|9
|tier|[Gen 9] OU
|rated|
|rule|HP Percentage Mod: HP is shown in percentages
|rule|Endless Battle Clause: Forcing endless battles is banned
|rule|Species Clause: Limit one of each Pokémon
|rule|OHKO Clause: OHKO moves are banned
|rule|Evasion Items Clause: Evasion items are banned
|rule|Evasion Moves Clause: Evasion moves are banned
|rule|Evasion Abilities Clause: Evasion abilities are banned
|rule|Sleep Moves Clause: Sleep-inducing moves are banned
|clearpoke
|poke|p1|Hydrapple, M|
|poke|p1|Gliscor, M|
|poke|p1|Slowking-Galar, M|
|poke|p1|Cinderace, M|
|poke|p1|Kingambit, M|
|poke|p1|Iron Valiant|
|poke|p2|Quagsire, F|
|poke|p2|Camerupt, M|
|poke|p2|Hatterene, F|
|poke|p2|Hoopa-Unbound|
|poke|p2|Diancie|
|poke|p2|Necrozma|
|teampreview
|inactive|Battle timer is ON: inactive players will automatically lose when time's up. (requested by The Quaggie Boys)
|inactive|Gercio has 120 seconds left.
|
|t:|1776140392
|teamsize|p1|6
|teamsize|p2|6
|start
|switch|p1a: Slowking|Slowking-Galar, M, shiny|100/100
|switch|p2a: Necrozma|Necrozma|100/100
|turn|1
|
|t:|1776140399
|move|p2a: Necrozma|Meteor Beam||[still]
|-prepare|p2a: Necrozma|Meteor Beam
|-boost|p2a: Necrozma|spa|1
|-enditem|p2a: Necrozma|Power Herb
|-anim|p2a: Necrozma|Meteor Beam|p1a: Slowking
|-damage|p1a: Slowking|64/100
|move|p1a: Slowking|Whirlpool|p2a: Necrozma
|-damage|p2a: Necrozma|92/100
|-activate|p2a: Necrozma|move: Whirlpool|[of] p1a: Slowking
|
|-damage|p2a: Necrozma|80/100|[from] move: Whirlpool|[partiallytrapped]
|upkeep
|turn|2
|
|t:|1776140411
|move|p2a: Necrozma|Photon Geyser|p1a: Slowking
|-damage|p1a: Slowking|20/100
|move|p1a: Slowking|Sludge Bomb|p2a: Necrozma
|-damage|p2a: Necrozma|49/100
|-status|p2a: Necrozma|psn
|
|-damage|p2a: Necrozma|37/100 psn|[from] psn
|-damage|p2a: Necrozma|24/100 psn|[from] move: Whirlpool|[partiallytrapped]
|upkeep
|turn|3
|
|t:|1776140425
|switch|p1a: Gliscor|Gliscor, M, shiny|100/100
|move|p2a: Necrozma|Heat Wave|p1a: Gliscor
|-damage|p1a: Gliscor|27/100
|
|-damage|p2a: Necrozma|12/100 psn|[from] psn
|-end|p2a: Necrozma|Whirlpool|[partiallytrapped]|[silent]
|-status|p1a: Gliscor|tox|[from] item: Toxic Orb
|upkeep
|turn|4
|
|t:|1776140439
|move|p1a: Gliscor|Protect|p1a: Gliscor
|-singleturn|p1a: Gliscor|Protect
|move|p2a: Necrozma|Trick Room|p2a: Necrozma
|-fieldstart|move: Trick Room|[of] p2a: Necrozma
|
|-damage|p2a: Necrozma|0 fnt|[from] psn
|faint|p2a: Necrozma
|-heal|p1a: Gliscor|40/100 tox|[from] ability: Poison Heal
|upkeep
|
|t:|1776140447
|switch|p2a: Hoopa|Hoopa-Unbound|100/100
|turn|5
|
|t:|1776140456
|-terastallize|p1a: Gliscor|Fairy
|move|p2a: Hoopa|Hyperspace Fury|p1a: Gliscor
|-resisted|p1a: Gliscor
|-damage|p1a: Gliscor|2/100 tox
|-unboost|p2a: Hoopa|def|1
|-damage|p2a: Hoopa|91/100|[from] item: Life Orb
|move|p1a: Gliscor|Substitute|p1a: Gliscor
|-fail|p1a: Gliscor|move: Substitute|[weak]
|
|-heal|p1a: Gliscor|15/100 tox|[from] ability: Poison Heal
|upkeep
|turn|6
|
|t:|1776140467
|move|p1a: Gliscor|Protect|p1a: Gliscor
|-singleturn|p1a: Gliscor|Protect
|move|p2a: Hoopa|Hyperspace Fury|p1a: Gliscor
|-activate|p1a: Gliscor|move: Hyperspace Fury|[broken]
|-resisted|p1a: Gliscor
|-damage|p1a: Gliscor|0 fnt
|-unboost|p2a: Hoopa|def|1
|faint|p1a: Gliscor
|-damage|p2a: Hoopa|81/100|[from] item: Life Orb
|
|upkeep
|
|t:|1776140488
|switch|p1a: Iron Valiant|Iron Valiant, shiny|100/100
|-enditem|p1a: Iron Valiant|Booster Energy
|-activate|p1a: Iron Valiant|ability: Quark Drive|[fromitem]
|-start|p1a: Iron Valiant|quarkdrivespe
|turn|7
|
|t:|1776140493
|-end|p1a: Iron Valiant|Quark Drive|[silent]
|switch|p1a: Slowking|Slowking-Galar, M, shiny|53/100
|move|p2a: Hoopa|Psychic|p1a: Slowking
|-damage|p1a: Slowking|14/100
|-damage|p2a: Hoopa|71/100|[from] item: Life Orb
|
|upkeep
|turn|8
|
|t:|1776140514
|switch|p1a: Hydrapple|Hydrapple, M, shiny|100/100
|move|p2a: Hoopa|Hyperspace Fury|p1a: Hydrapple
|-damage|p1a: Hydrapple|47/100
|-unboost|p2a: Hoopa|def|1
|-damage|p2a: Hoopa|61/100|[from] item: Life Orb
|
|-fieldend|move: Trick Room
|upkeep
|turn|9
|inactive|Gercio has 120 seconds left.
|inactive|Gercio has 90 seconds left.
|
|t:|1776140582
|move|p2a: Hoopa|Drain Punch|p1a: Hydrapple
|-damage|p1a: Hydrapple|19/100
|-heal|p2a: Hoopa|78/100|[from] drain|[of] p1a: Hydrapple
|-damage|p2a: Hoopa|68/100|[from] item: Life Orb
|move|p1a: Hydrapple|Giga Drain|p2a: Hoopa
|-damage|p2a: Hoopa|16/100
|-heal|p1a: Hydrapple|40/100|[from] drain|[of] p2a: Hoopa
|-damage|p1a: Hydrapple|30/100|[from] item: Life Orb
|
|upkeep
|turn|10
|inactive|Gercio has 90 seconds left.
|
|t:|1776140598
|move|p2a: Hoopa|Drain Punch|p1a: Hydrapple
|-damage|p1a: Hydrapple|2/100
|-heal|p2a: Hoopa|33/100|[from] drain|[of] p1a: Hydrapple
|-damage|p2a: Hoopa|23/100|[from] item: Life Orb
|move|p1a: Hydrapple|Giga Drain|p2a: Hoopa
|-damage|p2a: Hoopa|0 fnt
|-heal|p1a: Hydrapple|12/100|[from] drain|[of] p2a: Hoopa
|faint|p2a: Hoopa
|-damage|p1a: Hydrapple|2/100|[from] item: Life Orb
|
|upkeep
|inactive|The Quaggie Boys has 120 seconds left.
|
|t:|1776140625
|switch|p2a: Camerupt|Camerupt, M, shiny|100/100
|turn|11
|
|t:|1776140637
|move|p1a: Hydrapple|Earth Power|p2a: Camerupt
|-supereffective|p2a: Camerupt
|-damage|p2a: Camerupt|22/100
|-damage|p1a: Hydrapple|0 fnt|[from] item: Life Orb
|faint|p1a: Hydrapple
|move|p2a: Camerupt|Overheat|p1: Hydrapple|[notarget]
|-fail|p2a: Camerupt
|
|upkeep
|
|t:|1776140644
|switch|p1a: Slowking|Slowking-Galar, M, shiny|47/100
|turn|12
|inactive|The Quaggie Boys has 120 seconds left.
|
|t:|1776140649
|move|p1a: Slowking|Whirlpool|p2a: Camerupt
|-supereffective|p2a: Camerupt
|-damage|p2a: Camerupt|0 fnt
|faint|p2a: Camerupt
|
|upkeep
|inactive|The Quaggie Boys has 120 seconds left.
|
|t:|1776140656
|switch|p2a: Quagsire|Quagsire, F, shiny|100/100
|turn|13
|inactive|Gercio has 120 seconds left.
|
|t:|1776140667
|move|p1a: Slowking|Sludge Bomb|p2a: Quagsire
|-resisted|p2a: Quagsire
|-damage|p2a: Quagsire|80/100
|move|p2a: Quagsire|Earthquake|p1a: Slowking
|-supereffective|p1a: Slowking
|-damage|p1a: Slowking|0 fnt
|faint|p1a: Slowking
|
|upkeep
|
|t:|1776140681
|switch|p1a: Iron Valiant|Iron Valiant, shiny|100/100
|turn|14
|
|t:|1776140684
|move|p1a: Iron Valiant|Knock Off|p2a: Quagsire
|-damage|p2a: Quagsire|53/100
|-enditem|p2a: Quagsire|Choice Band|[from] move: Knock Off|[of] p1a: Iron Valiant
|move|p2a: Quagsire|Earthquake|p1a: Iron Valiant
|-damage|p1a: Iron Valiant|49/100
|
|upkeep
|turn|15
|inactive|Gercio has 120 seconds left.
|
|t:|1776140697
|move|p1a: Iron Valiant|Aura Sphere|p2a: Quagsire
|-damage|p2a: Quagsire|5/100
|move|p2a: Quagsire|Earthquake|p1a: Iron Valiant
|-damage|p1a: Iron Valiant|0 fnt
|faint|p1a: Iron Valiant
|-end|p1a: Iron Valiant|Quark Drive|[silent]
|
|upkeep
|inactive|Gercio has 120 seconds left.
|
|t:|1776140703
|switch|p1a: Kingambit|Kingambit, M, shiny|100/100
|-activate|p1a: Kingambit|ability: Supreme Overlord
|-start|p1a: Kingambit|fallen4|[silent]
|-item|p1a: Kingambit|Air Balloon
|turn|16
|
|t:|1776140709
|move|p1a: Kingambit|Sucker Punch|p2a: Quagsire
|-damage|p2a: Quagsire|0 fnt
|faint|p2a: Quagsire
|
|upkeep
|
|t:|1776140714
|switch|p2a: Diancie|Diancie, shiny|100/100
|turn|17
|
|t:|1776140720
|-terastallize|p2a: Diancie|Grass
|move|p1a: Kingambit|Low Kick|p2a: Diancie
|-damage|p2a: Diancie|92/100
|move|p2a: Diancie|Trick Room|p2a: Diancie
|-fieldstart|move: Trick Room|[of] p2a: Diancie
|
|upkeep
|turn|18
|
|t:|1776140732
|-end|p1a: Kingambit|fallen4|[silent]
|switch|p1a: Cinderace|Cinderace, M, shiny|100/100
|move|p2a: Diancie|Meteor Beam||[still]
|-prepare|p2a: Diancie|Meteor Beam
|-boost|p2a: Diancie|spa|1
|-enditem|p2a: Diancie|Power Herb
|-anim|p2a: Diancie|Meteor Beam|p1a: Cinderace
|-supereffective|p1a: Cinderace
|-damage|p1a: Cinderace|0 fnt
|faint|p1a: Cinderace
|
|upkeep
|
|t:|1776140734
|switch|p1a: Kingambit|Kingambit, M, shiny|100/100
|-activate|p1a: Kingambit|ability: Supreme Overlord
|-start|p1a: Kingambit|fallen5|[silent]
|-item|p1a: Kingambit|Air Balloon
|turn|19
|
|t:|1776140745
|move|p1a: Kingambit|Sucker Punch|p2a: Diancie
|-damage|p2a: Diancie|50/100
|move|p2a: Diancie|Moonblast|p1a: Kingambit
|-damage|p1a: Kingambit|30/100
|-enditem|p1a: Kingambit|Air Balloon
|
|upkeep
|turn|20
|
|t:|1776140754
|move|p1a: Kingambit|Sucker Punch|p2a: Diancie
|-damage|p2a: Diancie|6/100
|move|p2a: Diancie|Earth Power|p1a: Kingambit
|-supereffective|p1a: Kingambit
|-damage|p1a: Kingambit|0 fnt
|faint|p1a: Kingambit
|-end|p1a: Kingambit|fallen5|[silent]
|
|win|The Quaggie Boys
|raw|Gercio's rating: 1110 &rarr; <strong>1087</strong><br />(-23 for losing)
|raw|The Quaggie Boys's rating: 1131 &rarr; <strong>1154</strong><br />(+23 for winning)
|l|☆Gercio
|player|p1|
