|html|<div class="broadcast-blue"><strong>[Gen 9] OU is currently suspecting Volcarona! For information on how to participate check out the <a href="https://www.smogon.com/tools/suspects/view/208">suspect thread</a>.</strong></div>
|j|☆Klaimme
|j|☆yandexit
|t:|1778516541
|gametype|singles
|player|p1|Klaimme|brycen|1245
|player|p2|yandexit|swimmer-gen4dp|1215
|gen|9
|tier|[Gen 9] OU
|rated|
|rule|HP Percentage Mod: HP is shown in percentages
|rule|Endless Battle Clause: Forcing endless battles is banned
|rule|Species Clause: Limit one of each Pokémon
|rule|OHKO Clause: OHKO moves are banned
|rule|Evasion Items Clause: Evasion items are banned
|rule|Evasion Moves Clause: Evasion moves are banned
|rule|Evasion Abilities Clause: Evasion abilities are banned
|rule|Sleep Moves Clause: Sleep-inducing moves are banned
|clearpoke
|poke|p1|Walking Wake|
|poke|p1|Torkoal, F|
|poke|p1|Venusaur, F|
|poke|p1|Great Tusk|
|poke|p1|Ceruledge, F|
|poke|p1|Weavile, F|
|poke|p2|Volcarona, M|
|poke|p2|Samurott-Hisui, F|
|poke|p2|Hydrapple, M|
|poke|p2|Landorus-Therian, M|
|poke|p2|Great Tusk|
|poke|p2|Gholdengo|
|teampreview
|inactive|Battle timer is ON: inactive players will automatically lose when time's up. (requested by yandexit)
|
|t:|1778516551
|teamsize|p1|6
|teamsize|p2|6
|start
|switch|p1a: Weavile|Weavile, F|100/100
|switch|p2a: Landorus|Landorus-Therian, M|100/100
|-ability|p2a: Landorus|Intimidate|boost
|-unboost|p1a: Weavile|atk|1
|-ability|p1a: Weavile|Pressure
|turn|1
|
|t:|1778516565
|move|p1a: Weavile|Ice Shard|p2a: Landorus
|-supereffective|p2a: Landorus
|-damage|p2a: Landorus|44/100
|move|p2a: Landorus|Earthquake|p1a: Weavile
|-damage|p1a: Weavile|9/100
|
|upkeep
|turn|2
|
|t:|1778516580
|switch|p2a: Samurott|Samurott-Hisui, F|100/100
|move|p1a: Weavile|Ice Shard|p2a: Samurott
|-resisted|p2a: Samurott
|-damage|p2a: Samurott|93/100
|
|upkeep
|turn|3
|inactive|Klaimme has 120 seconds left.
|
|t:|1778516632
|switch|p1a: Ceruledge|Ceruledge, F, shiny|100/100
|move|p2a: Samurott|Ceaseless Edge|p1a: Ceruledge
|-supereffective|p1a: Ceruledge
|-enditem|p1a: Ceruledge|Focus Sash
|-damage|p1a: Ceruledge|1/100
|-ability|p1a: Ceruledge|Weak Armor|boost
|-unboost|p1a: Ceruledge|def|1
|-boost|p1a: Ceruledge|spe|2
|-sidestart|p1: Klaimme|Spikes
|
|upkeep
|turn|4
|
|t:|1778516645
|move|p2a: Samurott|Sucker Punch|p1a: Ceruledge
|-supereffective|p1a: Ceruledge
|-damage|p1a: Ceruledge|0 fnt
|faint|p1a: Ceruledge
|
|upkeep
|
|t:|1778516650
|switch|p1a: Torkoal|Torkoal, F, shiny|100/100
|-damage|p1a: Torkoal|88/100|[from] Spikes
|-weather|SunnyDay|[from] ability: Drought|[of] p1a: Torkoal
|turn|5
|
|t:|1778516663
|move|p2a: Samurott|Knock Off|p1a: Torkoal
|-crit|p1a: Torkoal
|-damage|p1a: Torkoal|41/100
|-enditem|p1a: Torkoal|Heat Rock|[from] move: Knock Off|[of] p2a: Samurott
|move|p1a: Torkoal|Body Press|p2a: Samurott
|-supereffective|p2a: Samurott
|-damage|p2a: Samurott|22/100
|
|-weather|SunnyDay|[upkeep]
|upkeep
|turn|6
|
|t:|1778516682
|move|p2a: Samurott|Ceaseless Edge|p1a: Torkoal
|-crit|p1a: Torkoal
|-damage|p1a: Torkoal|0 fnt
|-sidestart|p1: Klaimme|Spikes
|faint|p1a: Torkoal
|
|-weather|SunnyDay|[upkeep]
|upkeep
|
|t:|1778516689
|switch|p1a: Venusaur|Venusaur, F, shiny|100/100
|-damage|p1a: Venusaur|84/100|[from] Spikes
|turn|7
|
|t:|1778516702
|move|p2a: Samurott|Sucker Punch|p1a: Venusaur
|-damage|p1a: Venusaur|40/100
|move|p1a: Venusaur|Giga Drain|p2a: Samurott
|-supereffective|p2a: Samurott
|-damage|p2a: Samurott|0 fnt
|-heal|p1a: Venusaur|54/100|[from] drain|[of] p2a: Samurott
|faint|p2a: Samurott
|
|-weather|SunnyDay|[upkeep]
|-heal|p1a: Venusaur|60/100|[from] item: Leftovers
|upkeep
|
|t:|1778516721
|switch|p2a: Volcarona|Volcarona, M|100/100
|turn|8
|
|t:|1778516732
|-terastallize|p1a: Venusaur|Fire
|move|p1a: Venusaur|Weather Ball|p2a: Volcarona
|-damage|p2a: Volcarona|39/100
|move|p2a: Volcarona|Fiery Dance|p1a: Venusaur
|-resisted|p1a: Venusaur
|-damage|p1a: Venusaur|29/100
|-boost|p2a: Volcarona|spa|1
|
|-weather|SunnyDay|[upkeep]
|-heal|p1a: Venusaur|35/100|[from] item: Leftovers
|upkeep
|turn|9
|
|t:|1778516752
|move|p1a: Venusaur|Weather Ball|p2a: Volcarona
|-damage|p2a: Volcarona|0 fnt
|faint|p2a: Volcarona
|
|-weather|SunnyDay|[upkeep]
|-heal|p1a: Venusaur|41/100|[from] item: Leftovers
|upkeep
|inactive|yandexit has 120 seconds left.
|
|t:|1778516768
|switch|p2a: Landorus|Landorus-Therian, M|44/100
|-ability|p2a: Landorus|Intimidate|boost
|-unboost|p1a: Venusaur|atk|1
|turn|10
|inactive|Klaimme has 120 seconds left.
|
|t:|1778516773
|switch|p2a: Hydrapple|Hydrapple, M|100/100
|move|p1a: Venusaur|Giga Drain|p2a: Hydrapple
|-resisted|p2a: Hydrapple
|-damage|p2a: Hydrapple|92/100
|-heal|p1a: Venusaur|46/100|[from] drain|[of] p2a: Hydrapple
|
|-weather|SunnyDay|[upkeep]
|-heal|p1a: Venusaur|52/100|[from] item: Leftovers
|upkeep
|turn|11
|inactive|Klaimme has 120 seconds left.
|
|t:|1778516784
|move|p1a: Venusaur|Sludge Bomb|p2a: Hydrapple
|-supereffective|p2a: Hydrapple
|-damage|p2a: Hydrapple|4/100
|move|p2a: Hydrapple|Earth Power|p1a: Venusaur
|-supereffective|p1a: Venusaur
|-damage|p1a: Venusaur|0 fnt
|faint|p1a: Venusaur
|
|-weather|SunnyDay|[upkeep]
|upkeep
|inactive|Klaimme has 120 seconds left.
|
|t:|1778516794
|switch|p1a: Weavile|Weavile, F|9/100
|-damage|p1a: Weavile|0 fnt|[from] Spikes
|faint|p1a: Weavile
|
|t:|1778516803
|switch|p1a: Great Tusk|Great Tusk, shiny|100/100
|-damage|p1a: Great Tusk|84/100|[from] Spikes
|-activate|p1a: Great Tusk|ability: Protosynthesis
|-start|p1a: Great Tusk|protosynthesisatk
|turn|12
|inactive|Klaimme has 120 seconds left.
|
|t:|1778516817
|switch|p2a: Gholdengo|Gholdengo|100/100
|move|p1a: Great Tusk|Knock Off|p2a: Gholdengo
|-supereffective|p2a: Gholdengo
|-damage|p2a: Gholdengo|11/100
|-enditem|p2a: Gholdengo|Metal Coat|[from] move: Knock Off|[of] p1a: Great Tusk
|
|-weather|none
|-end|p1a: Great Tusk|Protosynthesis
|upkeep
|turn|13
|inactive|Klaimme has 120 seconds left.
|
|t:|1778516827
|move|p1a: Great Tusk|Knock Off|p2a: Gholdengo
|-supereffective|p2a: Gholdengo
|-damage|p2a: Gholdengo|0 fnt
|faint|p2a: Gholdengo
|
|upkeep
|
|t:|1778516831
|switch|p2a: Landorus|Landorus-Therian, M|44/100
|-ability|p2a: Landorus|Intimidate|boost
|-unboost|p1a: Great Tusk|atk|1
|turn|14
|
|t:|1778516845
|move|p2a: Landorus|Earthquake|p1a: Great Tusk
|-damage|p1a: Great Tusk|48/100
|move|p1a: Great Tusk|Ice Spinner|p2a: Landorus
|-supereffective|p2a: Landorus
|-damage|p2a: Landorus|0 fnt
|faint|p2a: Landorus
|
|upkeep
|
|t:|1778516847
|switch|p2a: Hydrapple|Hydrapple, M|37/100
|turn|15
|
|t:|1778516855
|-terastallize|p2a: Hydrapple|Steel
|move|p1a: Great Tusk|Ice Spinner|p2a: Hydrapple
|-resisted|p2a: Hydrapple
|-crit|p2a: Hydrapple
|-damage|p2a: Hydrapple|25/100
|-damage|p1a: Great Tusk|31/100|[from] item: Rocky Helmet|[of] p2a: Hydrapple
|move|p2a: Hydrapple|Giga Drain|p1a: Great Tusk
|-supereffective|p1a: Great Tusk
|-damage|p1a: Great Tusk|0 fnt
|-heal|p2a: Hydrapple|40/100|[from] drain|[of] p1a: Great Tusk
|faint|p1a: Great Tusk
|-end|p1a: Great Tusk|Protosynthesis|[silent]
|
|upkeep
|
|t:|1778516867
|switch|p1a: Walking Wake|Walking Wake|100/100
|-damage|p1a: Walking Wake|84/100|[from] Spikes
|turn|16
|
|t:|1778516877
|move|p1a: Walking Wake|Hydro Steam|p2a: Hydrapple
|-damage|p2a: Hydrapple|0 fnt
|faint|p2a: Hydrapple
|
|upkeep
|
|t:|1778516880
|switch|p2a: Great Tusk|Great Tusk|100/100
|turn|17
|
|t:|1778516889
|move|p1a: Walking Wake|Hydro Steam|p2a: Great Tusk
|-supereffective|p2a: Great Tusk
|-damage|p2a: Great Tusk|0 fnt
|faint|p2a: Great Tusk
|-end|p2a: Great Tusk|Protosynthesis|[silent]
|
|win|Klaimme
|raw|Klaimme's rating: 1245 &rarr; <strong>1268</strong><br />(+23 for winning)
|raw|yandexit's rating: 1215 &rarr; <strong>1192</strong><br />(-23 for losing)
