|html|<div class="broadcast-blue"><strong>[Gen 9] OU is currently suspecting Tera Blast! For information on how to participate check out the <a href="https://www.smogon.com/tools/suspects/view/200">suspect thread</a>.</strong></div>
|j|☆CrackSquad
|j|☆sorry4usingstall
|t:|1776220871
|gametype|singles
|player|p1|CrackSquad|ballguy|1682
|player|p2|sorry4usingstall|colress|1613
|gen|9
|tier|[Gen 9] OU
|rated|
|rule|HP Percentage Mod: HP is shown in percentages
|rule|Endless Battle Clause: Forcing endless battles is banned
|rule|Species Clause: Limit one of each Pokémon
|rule|OHKO Clause: OHKO moves are banned
|rule|Evasion Items Clause: Evasion items are banned
|rule|Evasion Moves Clause: Evasion moves are banned
|rule|Evasion Abilities Clause: Evasion abilities are banned
|rule|Sleep Moves Clause: Sleep-inducing moves are banned
|clearpoke
|poke|p1|Comfey, M|
|poke|p1|Dragonite, F|
|poke|p1|Ogerpon-Wellspring, F|
|poke|p1|Deoxys-Speed|
|poke|p1|Gholdengo|
|poke|p1|Kingambit, F|
|poke|p2|Clodsire, F|
|poke|p2|Dondozo, M|
|poke|p2|Alomomola, M|
|poke|p2|Talonflame, M|
|poke|p2|Toxapex, M|
|poke|p2|Blissey, F|
|teampreview
|inactive|Battle timer is ON: inactive players will automatically lose when time's up. (requested by CrackSquad)
|
|t:|1776220913
|teamsize|p1|6
|teamsize|p2|6
|start
|switch|p1a: Ogerpon|Ogerpon-Wellspring, F|100/100
|switch|p2a: Blissey|Blissey, F|100/100
|turn|1
|
|t:|1776220922
|switch|p2a: Toxapex|Toxapex, M|100/100
|move|p1a: Ogerpon|Knock Off|p2a: Toxapex
|-damage|p2a: Toxapex|76/100
|-enditem|p2a: Toxapex|Heavy-Duty Boots|[from] move: Knock Off|[of] p1a: Ogerpon
|
|upkeep
|turn|2
|j| HyperStallMIA 2
|
|t:|1776220932
|switch|p1a: Deoxys|Deoxys-Speed|100/100
|-ability|p1a: Deoxys|Pressure
|move|p2a: Toxapex|Infestation|p1a: Deoxys
|-supereffective|p1a: Deoxys
|-damage|p1a: Deoxys|91/100
|-activate|p1a: Deoxys|move: Infestation|[of] p2a: Toxapex
|
|-damage|p1a: Deoxys|79/100|[from] move: Infestation|[partiallytrapped]
|upkeep
|turn|3
|
|t:|1776220937
|switch|p2a: Blissey|Blissey, F|100/100
|move|p1a: Deoxys|Psycho Boost|p2a: Blissey
|-damage|p2a: Blissey|85/100
|-unboost|p1a: Deoxys|spa|2
|
|-end|p1a: Deoxys|Infestation|[partiallytrapped]|[silent]
|upkeep
|turn|4
|
|t:|1776220942
|switch|p2a: Alomomola|Alomomola, M|100/100
|move|p1a: Deoxys|Taunt|p2a: Alomomola
|-start|p2a: Alomomola|move: Taunt
|
|upkeep
|turn|5
|
|t:|1776220945
|switch|p2a: Blissey|Blissey, F|85/100
|move|p1a: Deoxys|Stealth Rock|p2a: Blissey
|-sidestart|p2: sorry4usingstall|move: Stealth Rock
|
|upkeep
|turn|6
|
|t:|1776220950
|switch|p1a: Daenerys|Kingambit, F|100/100
|move|p2a: Blissey|Seismic Toss|p1a: Daenerys
|-damage|p1a: Daenerys|75/100
|
|-heal|p1a: Daenerys|81/100|[from] item: Leftovers
|upkeep
|turn|7
|
|t:|1776220960
|-end|p1a: Daenerys|fallenundefined|[silent]
|switch|p1a: Deoxys|Deoxys-Speed|79/100
|-ability|p1a: Deoxys|Pressure
|switch|p2a: Talonflame|Talonflame, M|100/100
|
|upkeep
|turn|8
|
|t:|1776220965
|switch|p2a: Blissey|Blissey, F|85/100
|move|p1a: Deoxys|Psycho Boost|p2a: Blissey
|-damage|p2a: Blissey|70/100
|-unboost|p1a: Deoxys|spa|2
|
|upkeep
|turn|9
|
|t:|1776220970
|switch|p1a: Ogerpon|Ogerpon-Wellspring, F|100/100
|move|p2a: Blissey|Shadow Ball|p1a: Ogerpon
|-damage|p1a: Ogerpon|83/100
|
|upkeep
|turn|10
|
|t:|1776220978
|switch|p2a: Toxapex|Toxapex, M|100/100
|-damage|p2a: Toxapex|88/100|[from] Stealth Rock
|move|p1a: Ogerpon|Swords Dance|p1a: Ogerpon
|-boost|p1a: Ogerpon|atk|2
|
|upkeep
|turn|11
|
|t:|1776220985
|move|p1a: Ogerpon|Horn Leech|p2a: Toxapex
|-damage|p2a: Toxapex|35/100
|-heal|p1a: Ogerpon|100/100|[from] drain|[of] p2a: Toxapex
|move|p2a: Toxapex|Toxic|p1a: Ogerpon
|-status|p1a: Ogerpon|tox
|
|-damage|p1a: Ogerpon|95/100 tox|[from] psn
|upkeep
|turn|12
|
|t:|1776220992
|switch|p2a: Dondozo|Dondozo, M|100/100
|move|p1a: Ogerpon|Horn Leech|p2a: Dondozo
|-supereffective|p2a: Dondozo
|-damage|p2a: Dondozo|60/100
|-heal|p1a: Ogerpon|100/100 tox|[from] drain|[of] p2a: Dondozo
|
|-damage|p1a: Ogerpon|89/100 tox|[from] psn
|upkeep
|turn|13
|
|t:|1776221000
|move|p1a: Ogerpon|Horn Leech|p2a: Dondozo
|-supereffective|p2a: Dondozo
|-damage|p2a: Dondozo|21/100
|-heal|p1a: Ogerpon|100/100 tox|[from] drain|[of] p2a: Dondozo
|move|p2a: Dondozo|Rest|p2a: Dondozo
|-status|p2a: Dondozo|slp|[from] move: Rest
|-heal|p2a: Dondozo|100/100 slp|[silent]
|
|-damage|p1a: Ogerpon|83/100 tox|[from] psn
|upkeep
|turn|14
|
|t:|1776221013
|move|p1a: Ogerpon|Horn Leech|p2a: Dondozo
|-supereffective|p2a: Dondozo
|-damage|p2a: Dondozo|61/100 slp
|-heal|p1a: Ogerpon|100/100 tox|[from] drain|[of] p2a: Dondozo
|cant|p2a: Dondozo|slp
|move|p2a: Dondozo|Sleep Talk|p2a: Dondozo
|move|p2a: Dondozo|Rest||[from] move: Sleep Talk|[still]
|-fail|p2a: Dondozo
|
|-damage|p1a: Ogerpon|77/100 tox|[from] psn
|upkeep
|turn|15
|
|t:|1776221021
|-terastallize|p2a: Dondozo|Dragon
|move|p1a: Ogerpon|Ivy Cudgel|p2a: Dondozo|[anim] Ivy Cudgel Water
|-resisted|p2a: Dondozo
|-damage|p2a: Dondozo|49/100 slp
|cant|p2a: Dondozo|slp
|
|-damage|p1a: Ogerpon|47/100 tox|[from] psn
|upkeep
|turn|16
|
|t:|1776221033
|switch|p1a: Comfey|Comfey, M|100/100
|-curestatus|p2a: Dondozo|slp|[msg]
|move|p2a: Dondozo|Rest|p2a: Dondozo
|-status|p2a: Dondozo|slp|[from] move: Rest
|-heal|p2a: Dondozo|100/100 slp|[silent]
|
|upkeep
|turn|17
|
|t:|1776221049
|switch|p1a: Daenerys|Kingambit, F|81/100
|switch|p2a: Clodsire|Clodsire, F|100/100
|
|-heal|p1a: Daenerys|87/100|[from] item: Leftovers
|upkeep
|turn|18
|
|t:|1776221056
|-end|p1a: Daenerys|fallenundefined|[silent]
|switch|p1a: Deoxys|Deoxys-Speed|79/100
|-ability|p1a: Deoxys|Pressure
|switch|p2a: Talonflame|Talonflame, M|100/100
|
|upkeep
|turn|19
|
|t:|1776221061
|switch|p2a: Blissey|Blissey, F|70/100
|move|p1a: Deoxys|Psycho Boost|p2a: Blissey
|-damage|p2a: Blissey|54/100
|-unboost|p1a: Deoxys|spa|2
|
|upkeep
|turn|20
|
|t:|1776221067
|move|p1a: Deoxys|Taunt|p2a: Blissey
|-start|p2a: Blissey|move: Taunt
|move|p2a: Blissey|Shadow Ball|p1a: Deoxys
|-supereffective|p1a: Deoxys
|-damage|p1a: Deoxys|37/100
|
|upkeep
|turn|21
|
|t:|1776221077
|switch|p1a: Daenerys|Kingambit, F|87/100
|move|p2a: Blissey|Seismic Toss|p1a: Daenerys
|-damage|p1a: Daenerys|62/100
|
|-heal|p1a: Daenerys|68/100|[from] item: Leftovers
|upkeep
|turn|22
|c| HyperStallMIA 2|what does tflame do
|c|☆sorry4usingstall|he just wants to vibe
|
|t:|1776221103
|-end|p1a: Daenerys|fallenundefined|[silent]
|switch|p1a: Deoxys|Deoxys-Speed|37/100
|-ability|p1a: Deoxys|Pressure
|switch|p2a: Talonflame|Talonflame, M|100/100
|
|upkeep
|turn|23
|c|☆sorry4usingstall|let him be
|
|t:|1776221110
|switch|p2a: Blissey|Blissey, F|54/100
|move|p1a: Deoxys|Psycho Boost|p2a: Blissey
|-damage|p2a: Blissey|38/100
|-unboost|p1a: Deoxys|spa|2
|
|upkeep
|turn|24
|c| HyperStallMIA 2|lol
|
|t:|1776221116
|switch|p1a: Daenerys|Kingambit, F|68/100
|move|p2a: Blissey|Seismic Toss|p1a: Daenerys
|-damage|p1a: Daenerys|43/100
|
|-heal|p1a: Daenerys|49/100|[from] item: Leftovers
|upkeep
|turn|25
|
|t:|1776221122
|switch|p2a: Alomomola|Alomomola, M|100/100
|move|p1a: Daenerys|Iron Head|p2a: Alomomola
|-resisted|p2a: Alomomola
|-damage|p2a: Alomomola|89/100
|
|-heal|p1a: Daenerys|55/100|[from] item: Leftovers
|upkeep
|turn|26
|
|t:|1776221130
|-end|p1a: Daenerys|fallenundefined|[silent]
|switch|p1a: Gholdengo|Gholdengo|100/100
|-item|p1a: Gholdengo|Air Balloon
|move|p2a: Alomomola|Wish|p2a: Alomomola
|
|upkeep
|turn|27
|
|t:|1776221135
|switch|p2a: Blissey|Blissey, F|38/100
|move|p1a: Gholdengo|Nasty Plot|p1a: Gholdengo
|-boost|p1a: Gholdengo|spa|2
|
|-heal|p2a: Blissey|76/100|[from] move: Wish|[wisher] Alomomola
|upkeep
|turn|28
|
|t:|1776221140
|move|p1a: Gholdengo|Psyshock|p2a: Blissey
|-crit|p2a: Blissey
|-damage|p2a: Blissey|0 fnt
|faint|p2a: Blissey
|
|upkeep
|c|☆sorry4usingstall|fa
|c|☆sorry4usingstall|FAH
|c|☆CrackSquad|the lord looketh upon me
|inactive|sorry4usingstall has 120 seconds left.
|c|☆sorry4usingstall|https://www.youtube.com/shorts/FTNrCQPxDHs
|
|t:|1776221183
|switch|p2a: Dondozo|Dondozo, M, tera:Dragon|100/100 slp
|turn|29
|
|t:|1776221193
|switch|p1a: Comfey|Comfey, M|100/100
|cant|p2a: Dondozo|slp
|move|p2a: Dondozo|Sleep Talk|p2a: Dondozo
|move|p2a: Dondozo|Liquidation|p1a: Comfey|[from] move: Sleep Talk
|-damage|p1a: Comfey|66/100
|
|upkeep
|turn|30
|
|t:|1776221201
|switch|p2a: Toxapex|Toxapex, M|68/100
|-damage|p2a: Toxapex|55/100|[from] Stealth Rock
|move|p1a: Comfey|Draining Kiss|p2a: Toxapex
|-resisted|p2a: Toxapex
|-damage|p2a: Toxapex|45/100
|-heal|p1a: Comfey|74/100|[from] drain|[of] p2a: Toxapex
|-damage|p1a: Comfey|64/100|[from] item: Life Orb
|
|upkeep
|turn|31
|
|t:|1776221209
|switch|p1a: Deoxys|Deoxys-Speed|37/100
|-ability|p1a: Deoxys|Pressure
|move|p2a: Toxapex|Infestation|p1a: Deoxys
|-supereffective|p1a: Deoxys
|-damage|p1a: Deoxys|28/100
|-activate|p1a: Deoxys|move: Infestation|[of] p2a: Toxapex
|
|-damage|p1a: Deoxys|16/100|[from] move: Infestation|[partiallytrapped]
|upkeep
|turn|32
|
|t:|1776221217
|switch|p2a: Alomomola|Alomomola, M|100/100
|move|p1a: Deoxys|Psycho Boost|p2a: Alomomola
|-damage|p2a: Alomomola|31/100
|-unboost|p1a: Deoxys|spa|2
|
|-end|p1a: Deoxys|Infestation|[partiallytrapped]|[silent]
|upkeep
|turn|33
|
|t:|1776221224
|switch|p2a: Talonflame|Talonflame, M|100/100
|move|p1a: Deoxys|Psycho Boost|p2a: Talonflame
|-damage|p2a: Talonflame|64/100
|-unboost|p1a: Deoxys|spa|2
|
|upkeep
|turn|34
|
|t:|1776221234
|switch|p1a: Gholdengo|Gholdengo|100/100
|-item|p1a: Gholdengo|Air Balloon
|move|p2a: Talonflame|Flamethrower|p1a: Gholdengo
|-supereffective|p1a: Gholdengo
|-damage|p1a: Gholdengo|41/100
|-enditem|p1a: Gholdengo|Air Balloon
|
|upkeep
|turn|35
|
|t:|1776221256
|switch|p1a: Ogerpon|Ogerpon-Wellspring, F|47/100 tox
|move|p2a: Talonflame|Roost|p2a: Talonflame
|-heal|p2a: Talonflame|100/100
|-singleturn|p2a: Talonflame|move: Roost
|
|-damage|p1a: Ogerpon|41/100 tox|[from] psn
|upkeep
|turn|36
|
|t:|1776221264
|switch|p2a: Toxapex|Toxapex, M|78/100
|-damage|p2a: Toxapex|66/100|[from] Stealth Rock
|move|p1a: Ogerpon|Ivy Cudgel|p2a: Toxapex|[anim] Ivy Cudgel Water
|-resisted|p2a: Toxapex
|-damage|p2a: Toxapex|49/100
|
|-damage|p1a: Ogerpon|29/100 tox|[from] psn
|upkeep
|turn|37
|
|t:|1776221270
|move|p1a: Ogerpon|Swords Dance|p1a: Ogerpon
|-boost|p1a: Ogerpon|atk|2
|move|p2a: Toxapex|Recover|p2a: Toxapex
|-heal|p2a: Toxapex|99/100
|
|-damage|p1a: Ogerpon|11/100 tox|[from] psn
|upkeep
|turn|38
|
|t:|1776221273
|move|p1a: Ogerpon|Horn Leech|p2a: Toxapex
|-damage|p2a: Toxapex|48/100
|-heal|p1a: Ogerpon|37/100 tox|[from] drain|[of] p2a: Toxapex
|move|p2a: Toxapex|Recover|p2a: Toxapex
|-heal|p2a: Toxapex|98/100
|
|-damage|p1a: Ogerpon|13/100 tox|[from] psn
|upkeep
|turn|39
|j| kanaete onegai
|
|t:|1776221277
|move|p1a: Ogerpon|Horn Leech|p2a: Toxapex
|-damage|p2a: Toxapex|47/100
|-heal|p1a: Ogerpon|39/100 tox|[from] drain|[of] p2a: Toxapex
|move|p2a: Toxapex|Recover|p2a: Toxapex
|-heal|p2a: Toxapex|97/100
|
|-damage|p1a: Ogerpon|9/100 tox|[from] psn
|upkeep
|turn|40
|
|t:|1776221285
|switch|p1a: Deoxys|Deoxys-Speed|16/100
|-ability|p1a: Deoxys|Pressure
|move|p2a: Toxapex|Recover|p2a: Toxapex
|-heal|p2a: Toxapex|100/100
|
|upkeep
|turn|41
|c|☆sorry4usingstall|again: https://www.youtube.com/shorts/FTNrCQPxDHs
|inactive|sorry4usingstall has 120 seconds left.
|
|t:|1776221322
|switch|p2a: Dondozo|Dondozo, M, tera:Dragon|100/100 slp
|move|p1a: Deoxys|Psycho Boost|p2a: Dondozo
|-damage|p2a: Dondozo|41/100 slp
|-unboost|p1a: Deoxys|spa|2
|
|upkeep
|turn|42
|c|☆CrackSquad|yea not clicking a link from a random online lol
|inactive|sorry4usingstall has 120 seconds left.
|c|☆sorry4usingstall|fair
|c|☆sorry4usingstall|it's the fah effect tho
|c|☆sorry4usingstall|but smart choice
|
|t:|1776221353
|switch|p2a: Talonflame|Talonflame, M|100/100
|move|p1a: Deoxys|Psycho Boost|p2a: Talonflame|[miss]
|-miss|p1a: Deoxys|p2a: Talonflame
|
|upkeep
|turn|43
|c|☆CrackSquad|fah
|
|t:|1776221364
|switch|p1a: Ogerpon|Ogerpon-Wellspring, F|9/100 tox
|switch|p2a: Alomomola|Alomomola, M|64/100
|
|-damage|p1a: Ogerpon|3/100 tox|[from] psn
|upkeep
|turn|44
|
|t:|1776221375
|move|p2a: Alomomola|Protect|p2a: Alomomola
|-singleturn|p2a: Alomomola|Protect
|move|p1a: Ogerpon|Ivy Cudgel|p2a: Alomomola|[anim] Ivy Cudgel Water
|-activate|p2a: Alomomola|move: Protect
|
|-damage|p1a: Ogerpon|0 fnt|[from] psn
|faint|p1a: Ogerpon
|upkeep
|
|t:|1776221380
|switch|p1a: Deoxys|Deoxys-Speed|16/100
|-ability|p1a: Deoxys|Pressure
|turn|45
|
|t:|1776221392
|move|p1a: Deoxys|Taunt|p2a: Alomomola
|-start|p2a: Alomomola|move: Taunt
|move|p2a: Alomomola|Flip Turn|p1a: Deoxys
|-damage|p1a: Deoxys|0 fnt
|faint|p1a: Deoxys
|
|t:|1776221397
|switch|p2a: Talonflame|Talonflame, M|100/100|[from] Flip Turn
|
|upkeep
|
|t:|1776221405
|switch|p1a: Comfey|Comfey, M|64/100
|turn|46
|inactive|sorry4usingstall has 120 seconds left.
|
|t:|1776221421
|switch|p2a: Clodsire|Clodsire, F|100/100
|move|p1a: Comfey|Calm Mind|p1a: Comfey
|-boost|p1a: Comfey|spa|1
|-boost|p1a: Comfey|spd|1
|
|upkeep
|turn|47
|
|t:|1776221431
|-terastallize|p1a: Comfey|Ground
|move|p1a: Comfey|Tera Blast|p2a: Clodsire|[anim] Tera Blast Ground
|-supereffective|p2a: Clodsire
|-damage|p2a: Clodsire|50/100
|-damage|p1a: Comfey|54/100|[from] item: Life Orb
|move|p2a: Clodsire|Gunk Shot|p1a: Comfey
|-resisted|p1a: Comfey
|-damage|p1a: Comfey|34/100
|-status|p1a: Comfey|psn
|
|-damage|p1a: Comfey|21/100 psn|[from] psn
|upkeep
|turn|48
|inactive|sorry4usingstall has 120 seconds left.
|
|t:|1776221450
|switch|p2a: Talonflame|Talonflame, M|100/100
|move|p1a: Comfey|Tera Blast|p2a: Talonflame|[anim] Tera Blast Ground
|-immune|p2a: Talonflame
|
|-damage|p1a: Comfey|9/100 psn|[from] psn
|upkeep
|turn|49
|
|t:|1776221460
|move|p1a: Comfey|Draining Kiss|p2a: Talonflame
|-resisted|p2a: Talonflame
|-crit|p2a: Talonflame
|-damage|p2a: Talonflame|61/100
|-heal|p1a: Comfey|44/100 psn|[from] drain|[of] p2a: Talonflame
|-damage|p1a: Comfey|34/100 psn|[from] item: Life Orb
|move|p2a: Talonflame|Flamethrower|p1a: Comfey
|-damage|p1a: Comfey|17/100 psn
|
|-damage|p1a: Comfey|5/100 psn|[from] psn
|upkeep
|turn|50
|
|t:|1776221471
|move|p1a: Comfey|Draining Kiss|p2a: Talonflame
|-resisted|p2a: Talonflame
|-damage|p2a: Talonflame|37/100
|-heal|p1a: Comfey|26/100 psn|[from] drain|[of] p2a: Talonflame
|-damage|p1a: Comfey|17/100 psn|[from] item: Life Orb
|move|p2a: Talonflame|Flamethrower|p1a: Comfey
|-damage|p1a: Comfey|0 fnt
|faint|p1a: Comfey
|
|upkeep
|j| ohko_smeargle
|
|t:|1776221475
|switch|p1a: Dragonite|Dragonite, F|100/100
|turn|51
|
|t:|1776221480
|switch|p2a: Alomomola|Alomomola, M|97/100
|move|p1a: Dragonite|Extreme Speed|p2a: Alomomola
|-damage|p2a: Alomomola|80/100
|
|upkeep
|turn|52
|
|t:|1776221486
|move|p1a: Dragonite|Dragon Dance|p1a: Dragonite
|-boost|p1a: Dragonite|atk|1
|-boost|p1a: Dragonite|spe|1
|move|p2a: Alomomola|Wish|p2a: Alomomola
|
|upkeep
|turn|53
|
|t:|1776221495
|switch|p2a: Dondozo|Dondozo, M, tera:Dragon|41/100 slp
|move|p1a: Dragonite|Extreme Speed|p2a: Dondozo
|-damage|p2a: Dondozo|27/100 slp
|
|-heal|p2a: Dondozo|80/100 slp|[from] move: Wish|[wisher] Alomomola
|upkeep
|turn|54
|j| xWuhzo
|
|t:|1776221499
|move|p1a: Dragonite|Hurricane|p2a: Dondozo|[miss]
|-miss|p1a: Dragonite|p2a: Dondozo
|cant|p2a: Dondozo|slp
|move|p2a: Dondozo|Sleep Talk|p2a: Dondozo
|move|p2a: Dondozo|Rest||[from] move: Sleep Talk|[still]
|-fail|p2a: Dondozo
|
|upkeep
|turn|55
|
|t:|1776221502
|switch|p2a: Toxapex|Toxapex, M|100/100
|-damage|p2a: Toxapex|88/100|[from] Stealth Rock
|move|p1a: Dragonite|Hurricane|p2a: Toxapex
|-damage|p2a: Toxapex|58/100
|-start|p2a: Toxapex|confusion
|
|upkeep
|turn|56
|
|t:|1776221507
|switch|p2a: Alomomola|Alomomola, M|100/100
|move|p1a: Dragonite|Earthquake|p2a: Alomomola
|-damage|p2a: Alomomola|70/100
|
|upkeep
|turn|57
|c|☆sorry4usingstall|for a 3rd time: https://www.youtube.com/shorts/FTNrCQPxDHs
|
|t:|1776221521
|move|p1a: Dragonite|Dragon Dance|p1a: Dragonite
|-boost|p1a: Dragonite|atk|1
|-boost|p1a: Dragonite|spe|1
|move|p2a: Alomomola|Flip Turn|p1a: Dragonite
|-resisted|p1a: Dragonite
|-damage|p1a: Dragonite|96/100
|
|t:|1776221528
|switch|p2a: Toxapex|Toxapex, M|92/100|[from] Flip Turn
|-damage|p2a: Toxapex|79/100|[from] Stealth Rock
|
|upkeep
|turn|58
|
|t:|1776221538
|move|p1a: Dragonite|Dragon Dance|p1a: Dragonite
|-boost|p1a: Dragonite|atk|1
|-boost|p1a: Dragonite|spe|1
|move|p2a: Toxapex|Toxic|p1a: Dragonite
|-status|p1a: Dragonite|tox
|
|-damage|p1a: Dragonite|90/100 tox|[from] psn
|upkeep
|turn|59
|
|t:|1776221541
|switch|p2a: Dondozo|Dondozo, M, tera:Dragon|80/100 slp
|move|p1a: Dragonite|Hurricane|p2a: Dondozo
|-damage|p2a: Dondozo|43/100 slp
|-start|p2a: Dondozo|confusion
|
|-damage|p1a: Dragonite|78/100 tox|[from] psn
|upkeep
|turn|60
|c|☆sorry4usingstall|omg
|
|t:|1776221557
|move|p1a: Dragonite|Hurricane|p2a: Dondozo
|-damage|p2a: Dondozo|5/100 slp
|-curestatus|p2a: Dondozo|slp|[msg]
|-activate|p2a: Dondozo|confusion
|move|p2a: Dondozo|Rest|p2a: Dondozo
|-status|p2a: Dondozo|slp|[from] move: Rest
|-heal|p2a: Dondozo|100/100 slp|[silent]
|
|-damage|p1a: Dragonite|59/100 tox|[from] psn
|upkeep
|turn|61
|c|☆sorry4usingstall|ok no fah this time
|inactive|sorry4usingstall has 120 seconds left.
|
|t:|1776221606
|switch|p1a: Gholdengo|Gholdengo|41/100
|switch|p2a: Toxapex|Toxapex, M|100/100
|-damage|p2a: Toxapex|88/100|[from] Stealth Rock
|
|upkeep
|turn|62
|
|t:|1776221613
|move|p1a: Gholdengo|Nasty Plot|p1a: Gholdengo
|-boost|p1a: Gholdengo|spa|2
|move|p2a: Toxapex|Infestation|p1a: Gholdengo
|-resisted|p1a: Gholdengo
|-damage|p1a: Gholdengo|40/100
|-activate|p1a: Gholdengo|move: Infestation|[of] p2a: Toxapex
|
|-damage|p1a: Gholdengo|28/100|[from] move: Infestation|[partiallytrapped]
|upkeep
|turn|63
|
|t:|1776221619
|move|p1a: Gholdengo|Psyshock|p2a: Toxapex
|-supereffective|p2a: Toxapex
|-damage|p2a: Toxapex|17/100
|move|p2a: Toxapex|Recover|p2a: Toxapex
|-heal|p2a: Toxapex|67/100
|
|-damage|p1a: Gholdengo|15/100|[from] move: Infestation|[partiallytrapped]
|upkeep
|turn|64
|inactive|sorry4usingstall has 120 seconds left.
|
|t:|1776221628
|move|p1a: Gholdengo|Psyshock|p2a: Toxapex
|-supereffective|p2a: Toxapex
|-damage|p2a: Toxapex|0 fnt
|faint|p2a: Toxapex
|
|-end|p1a: Gholdengo|Infestation|[partiallytrapped]|[silent]
|upkeep
|
|t:|1776221632
|switch|p2a: Talonflame|Talonflame, M|37/100
|turn|65
|n| Testing tweakss|xwuhzo
|
|t:|1776221637
|switch|p1a: Dragonite|Dragonite, F|59/100 tox
|move|p2a: Talonflame|Flamethrower|p1a: Dragonite
|-resisted|p1a: Dragonite
|-damage|p1a: Dragonite|45/100 tox
|
|-damage|p1a: Dragonite|39/100 tox|[from] psn
|upkeep
|turn|66
|
|t:|1776221640
|switch|p2a: Alomomola|Alomomola, M|100/100
|move|p1a: Dragonite|Earthquake|p2a: Alomomola
|-damage|p2a: Alomomola|80/100
|
|-damage|p1a: Dragonite|27/100 tox|[from] psn
|upkeep
|turn|67
|
|t:|1776221646
|move|p1a: Dragonite|Hurricane|p2a: Alomomola
|-damage|p2a: Alomomola|36/100
|-start|p2a: Alomomola|confusion
|-activate|p2a: Alomomola|confusion
|-damage|p2a: Alomomola|32/100|[from] confusion
|
|-damage|p1a: Dragonite|8/100 tox|[from] psn
|upkeep
|turn|68
|
|t:|1776221654
|switch|p2a: Dondozo|Dondozo, M, tera:Dragon|100/100 slp
|move|p1a: Dragonite|Hurricane|p2a: Dondozo|[miss]
|-miss|p1a: Dragonite|p2a: Dondozo
|
|-damage|p1a: Dragonite|0 fnt|[from] psn
|faint|p1a: Dragonite
|upkeep
|
|t:|1776221657
|switch|p1a: Gholdengo|Gholdengo|15/100
|turn|69
|
|t:|1776221661
|move|p1a: Gholdengo|Nasty Plot|p1a: Gholdengo
|-boost|p1a: Gholdengo|spa|2
|cant|p2a: Dondozo|slp
|move|p2a: Dondozo|Sleep Talk|p2a: Dondozo
|move|p2a: Dondozo|Liquidation|p1a: Gholdengo|[from] move: Sleep Talk
|-damage|p1a: Gholdengo|0 fnt
|faint|p1a: Gholdengo
|
|upkeep
|
|t:|1776221664
|switch|p1a: Daenerys|Kingambit, F|55/100
|-activate|p1a: Daenerys|ability: Supreme Overlord
|-start|p1a: Daenerys|fallen5|[silent]
|turn|70
|
|t:|1776221671
|switch|p2a: Clodsire|Clodsire, F|50/100
|move|p1a: Daenerys|Swords Dance|p1a: Daenerys
|-boost|p1a: Daenerys|atk|2
|
|-heal|p1a: Daenerys|61/100|[from] item: Leftovers
|upkeep
|turn|71
|
|t:|1776221676
|move|p1a: Daenerys|Low Kick|p2a: Clodsire
|-resisted|p2a: Clodsire
|-damage|p2a: Clodsire|11/100
|move|p2a: Clodsire|Earthquake|p1a: Daenerys
|-supereffective|p1a: Daenerys
|-damage|p1a: Daenerys|23/100
|
|-heal|p1a: Daenerys|29/100|[from] item: Leftovers
|upkeep
|turn|72
|
|t:|1776221684
|move|p1a: Daenerys|Iron Head|p2a: Clodsire
|-damage|p2a: Clodsire|0 fnt
|faint|p2a: Clodsire
|
|-heal|p1a: Daenerys|35/100|[from] item: Leftovers
|upkeep
|
|t:|1776221687
|switch|p2a: Talonflame|Talonflame, M|37/100
|turn|73
|
|t:|1776221691
|move|p1a: Daenerys|Sucker Punch||[still]
|-fail|p1a: Daenerys
|move|p2a: Talonflame|Will-O-Wisp|p1a: Daenerys
|-status|p1a: Daenerys|brn
|
|-heal|p1a: Daenerys|41/100 brn|[from] item: Leftovers
|-damage|p1a: Daenerys|35/100 brn|[from] brn
|upkeep
|turn|74
|c|☆sorry4usingstall|now u have to post the fah song
|
|t:|1776221709
|switch|p2a: Dondozo|Dondozo, M, tera:Dragon|100/100 slp
|move|p1a: Daenerys|Swords Dance|p1a: Daenerys
|-boost|p1a: Daenerys|atk|2
|
|-heal|p1a: Daenerys|41/100 brn|[from] item: Leftovers
|-damage|p1a: Daenerys|35/100 brn|[from] brn
|upkeep
|turn|75
|c|☆CrackSquad|dude just play the game are u lonely or sum
|c|☆sorry4usingstall|lmao what
|c|☆CrackSquad|not tryna be a dick but im just tryna play
|inactive|sorry4usingstall has 120 seconds left.
|c|☆sorry4usingstall|fair, still a dick tho
|c|☆CrackSquad|okay
|c|☆sorry4usingstall|BEGONE
|
|t:|1776221749
|move|p1a: Daenerys|Iron Head|p2a: Dondozo
|-damage|p2a: Dondozo|85/100 slp
|cant|p2a: Dondozo|slp
|move|p2a: Dondozo|Sleep Talk|p2a: Dondozo
|move|p2a: Dondozo|Liquidation|p1a: Daenerys|[from] move: Sleep Talk
|-damage|p1a: Daenerys|11/100 brn
|
|-heal|p1a: Daenerys|17/100 brn|[from] item: Leftovers
|-damage|p1a: Daenerys|11/100 brn|[from] brn
|upkeep
|turn|76
|c|☆sorry4usingstall|Ok now here it goes
|c|☆sorry4usingstall|BEGONE
|
|t:|1776221768
|move|p1a: Daenerys|Iron Head|p2a: Dondozo
|-damage|p2a: Dondozo|70/100 slp
|-curestatus|p2a: Dondozo|slp|[msg]
|move|p2a: Dondozo|Body Press|p1a: Daenerys
|-supereffective|p1a: Daenerys
|-damage|p1a: Daenerys|0 fnt
|faint|p1a: Daenerys
|-end|p1a: Daenerys|fallen5|[silent]
|
|win|sorry4usingstall
|raw|CrackSquad's rating: 1682 &rarr; <strong>1658</strong><br />(-24 for losing)
|raw|sorry4usingstall's rating: 1613 &rarr; <strong>1637</strong><br />(+24 for winning)
|l| ohko_smeargle
|c|☆CrackSquad|gg
|l|☆CrackSquad
|player|p1|
|l| HyperStallMIA 2
