|html|<div class="broadcast-blue"><strong>[Gen 9] OU is currently suspecting Tera Blast! For information on how to participate check out the <a href="https://www.smogon.com/tools/suspects/view/200">suspect thread</a>.</strong></div>
|j|☆mastermar22
|j|☆deathmelmetal
|t:|1776188235
|gametype|singles
|player|p1|mastermar22|volkner|1416
|player|p2|deathmelmetal|guitarist|1469
|gen|9
|tier|[Gen 9] OU
|rated|
|rule|HP Percentage Mod: HP is shown in percentages
|rule|Endless Battle Clause: Forcing endless battles is banned
|rule|Species Clause: Limit one of each Pokémon
|rule|OHKO Clause: OHKO moves are banned
|rule|Evasion Items Clause: Evasion items are banned
|rule|Evasion Moves Clause: Evasion moves are banned
|rule|Evasion Abilities Clause: Evasion abilities are banned
|rule|Sleep Moves Clause: Sleep-inducing moves are banned
|clearpoke
|poke|p1|Ting-Lu|
|poke|p1|Zamazenta-*|
|poke|p1|Ogerpon-Wellspring, F|
|poke|p1|Dragonite, F|
|poke|p1|Gholdengo|
|poke|p1|Iron Treads|
|poke|p2|Landorus-Therian, M|
|poke|p2|Primarina, F|
|poke|p2|Mamoswine, F|
|poke|p2|Empoleon, F|
|poke|p2|Cinderace, F|
|poke|p2|Muk-Alola, F|
|teampreview
|inactive|Battle timer is ON: inactive players will automatically lose when time's up. (requested by mastermar22)
|
|t:|1776188249
|teamsize|p1|6
|teamsize|p2|6
|start
|switch|p1a: Ting-Lu|Ting-Lu|100/100
|switch|p2a: Primarina|Primarina, F|100/100
|-ability|p1a: Ting-Lu|Vessel of Ruin
|turn|1
|
|t:|1776188263
|switch|p1a: Gholdengo|Gholdengo|100/100
|move|p2a: Primarina|Moonblast|p1a: Gholdengo
|-resisted|p1a: Gholdengo
|-damage|p1a: Gholdengo|57/100
|
|upkeep
|turn|2
|
|t:|1776188279
|switch|p2a: Cinderace|Cinderace, F|100/100
|move|p1a: Gholdengo|Make It Rain|p2a: Cinderace
|-resisted|p2a: Cinderace
|-damage|p2a: Cinderace|56/100
|-unboost|p1a: Gholdengo|spa|1
|
|upkeep
|turn|3
|
|t:|1776188289
|move|p1a: Gholdengo|Make It Rain|p2a: Cinderace
|-resisted|p2a: Cinderace
|-damage|p2a: Cinderace|28/100
|-unboost|p1a: Gholdengo|spa|1
|move|p2a: Cinderace|Will-O-Wisp|p1a: Gholdengo
|-immune|p1a: Gholdengo|[from] ability: Good as Gold
|
|upkeep
|turn|4
|
|t:|1776188306
|switch|p1a: Ting-Lu|Ting-Lu|100/100
|-ability|p1a: Ting-Lu|Vessel of Ruin
|move|p2a: Cinderace|Will-O-Wisp|p1a: Ting-Lu|[miss]
|-miss|p2a: Cinderace|p1a: Ting-Lu
|
|upkeep
|turn|5
|c|☆deathmelmetal|OFC
|
|t:|1776188316
|move|p2a: Cinderace|Pyro Ball|p1a: Ting-Lu
|-damage|p1a: Ting-Lu|57/100
|-enditem|p1a: Ting-Lu|Red Card|[of] p2a: Cinderace
|drag|p2a: Mamoswine|Mamoswine, F|100/100
|move|p1a: Ting-Lu|Ruination|p2a: Mamoswine
|-damage|p2a: Mamoswine|50/100
|
|upkeep
|turn|6
|
|t:|1776188333
|move|p2a: Mamoswine|Icicle Crash|p1a: Ting-Lu
|-supereffective|p1a: Ting-Lu
|-damage|p1a: Ting-Lu|0 fnt
|faint|p1a: Ting-Lu
|
|upkeep
|
|t:|1776188338
|switch|p1a: Ogerpon|Ogerpon-Wellspring, F|100/100
|turn|7
|
|t:|1776188346
|switch|p2a: Empoleon|Empoleon, F, shiny|100/100
|move|p1a: Ogerpon|Ivy Cudgel|p2a: Empoleon|[anim] Ivy Cudgel Water
|-resisted|p2a: Empoleon
|-crit|p2a: Empoleon
|-damage|p2a: Empoleon|59/100
|
|-heal|p2a: Empoleon|65/100|[from] item: Leftovers
|upkeep
|turn|8
|
|t:|1776188359
|switch|p2a: Landorus|Landorus-Therian, M|100/100
|-ability|p2a: Landorus|Intimidate|boost
|-unboost|p1a: Ogerpon|atk|1
|move|p1a: Ogerpon|Taunt|p2a: Landorus
|-start|p2a: Landorus|move: Taunt
|
|upkeep
|turn|9
|
|t:|1776188364
|move|p1a: Ogerpon|Ivy Cudgel|p2a: Landorus|[anim] Ivy Cudgel Water
|-supereffective|p2a: Landorus
|-crit|p2a: Landorus
|-damage|p2a: Landorus|0 fnt
|faint|p2a: Landorus
|
|upkeep
|c|☆deathmelmetal|are you just gonna crit
|c|☆deathmelmetal|everything
|
|t:|1776188379
|switch|p2a: Cinderace|Cinderace, F|28/100
|turn|10
|
|t:|1776188392
|switch|p1a: Gholdengo|Gholdengo|57/100
|move|p2a: Cinderace|U-turn|p1a: Gholdengo
|-resisted|p1a: Gholdengo
|-damage|p1a: Gholdengo|51/100
|
|t:|1776188405
|switch|p2a: Empoleon|Empoleon, F, shiny|65/100|[from] U-turn
|
|-heal|p2a: Empoleon|71/100|[from] item: Leftovers
|upkeep
|turn|11
|
|t:|1776188415
|move|p1a: Gholdengo|Shadow Ball|p2a: Empoleon
|-damage|p2a: Empoleon|44/100
|move|p2a: Empoleon|Roost|p2a: Empoleon
|-heal|p2a: Empoleon|94/100
|-singleturn|p2a: Empoleon|move: Roost
|
|-heal|p2a: Empoleon|99/100|[from] item: Leftovers
|upkeep
|turn|12
|
|t:|1776188423
|switch|p1a: Ogerpon|Ogerpon-Wellspring, F|100/100
|move|p2a: Empoleon|Knock Off|p1a: Ogerpon
|-damage|p1a: Ogerpon|83/100
|
|-heal|p2a: Empoleon|100/100|[from] item: Leftovers
|upkeep
|turn|13
|
|t:|1776188439
|switch|p2a: Muk|Muk-Alola, F|100/100
|move|p1a: Ogerpon|Ivy Cudgel|p2a: Muk|[anim] Ivy Cudgel Water
|-damage|p2a: Muk|38/100
|
|upkeep
|turn|14
|
|t:|1776188444
|move|p1a: Ogerpon|Ivy Cudgel|p2a: Muk|[anim] Ivy Cudgel Water
|-damage|p2a: Muk|0 fnt
|faint|p2a: Muk
|
|upkeep
|
|t:|1776188448
|switch|p2a: Cinderace|Cinderace, F|28/100
|turn|15
|
|t:|1776188457
|move|p2a: Cinderace|Pyro Ball|p1a: Ogerpon
|-damage|p1a: Ogerpon|0 fnt
|faint|p1a: Ogerpon
|
|upkeep
|inactive|mastermar22 has 120 seconds left.
|
|t:|1776188493
|switch|p1a: Dragonite|Dragonite, F|100/100
|turn|16
|
|t:|1776188504
|move|p2a: Cinderace|Will-O-Wisp|p1a: Dragonite|[miss]
|-miss|p2a: Cinderace|p1a: Dragonite
|move|p1a: Dragonite|Earthquake|p2a: Cinderace
|-supereffective|p2a: Cinderace
|-damage|p2a: Cinderace|0 fnt
|faint|p2a: Cinderace
|
|upkeep
|c|☆deathmelmetal|bro
|n|!deathmelmetal|deathmelmetal
|-message|deathmelmetal forfeited.
|
|win|mastermar22
