|html|<div class="broadcast-blue"><strong>[Gen 9] OU is currently suspecting Tera Blast! For information on how to participate check out the <a href="https://www.smogon.com/tools/suspects/view/200">suspect thread</a>.</strong></div>
|j|☆hbRgtjcN6AtpCBiq
|j|☆garchgoat
|t:|1776093351
|gametype|singles
|player|p1|hbRgtjcN6AtpCBiq|170|1000
|player|p2|garchgoat|1|1000
|gen|9
|tier|[Gen 9] OU
|rated|
|rule|HP Percentage Mod: HP is shown in percentages
|rule|Endless Battle Clause: Forcing endless battles is banned
|rule|Species Clause: Limit one of each Pokémon
|rule|OHKO Clause: OHKO moves are banned
|rule|Evasion Items Clause: Evasion items are banned
|rule|Evasion Moves Clause: Evasion moves are banned
|rule|Evasion Abilities Clause: Evasion abilities are banned
|rule|Sleep Moves Clause: Sleep-inducing moves are banned
|clearpoke
|poke|p1|Iron Moth|
|poke|p1|Gliscor, F|
|poke|p1|Hatterene, F|
|poke|p1|Ogerpon-Wellspring, F|
|poke|p1|Raging Bolt|
|poke|p1|Zamazenta-*|
|poke|p2|Iron Valiant|
|poke|p2|Great Tusk|
|poke|p2|Dragonite, F|
|poke|p2|Deoxys-Speed|
|poke|p2|Glimmora, M|
|poke|p2|Kingambit, M|
|teampreview
|inactive|Battle timer is ON: inactive players will automatically lose when time's up. (requested by hbRgtjcN6AtpCBiq)
|inactive|garchgoat has 120 seconds left.
|
|t:|1776093382
|teamsize|p1|6
|teamsize|p2|6
|start
|switch|p1a: Zamazenta|Zamazenta|100/100
|switch|p2a: Glimmora|Glimmora, M|100/100
|-ability|p1a: Zamazenta|Dauntless Shield|boost
|-boost|p1a: Zamazenta|def|1
|turn|1
|
|t:|1776093404
|switch|p1a: Hatterene|Hatterene, F|100/100
|move|p2a: Glimmora|Stealth Rock|p1a: Hatterene
|move|p1a: Hatterene|Stealth Rock|p2a: Glimmora|[from] ability: Magic Bounce
|-sidestart|p2: garchgoat|move: Stealth Rock
|
|upkeep
|turn|2
|
|t:|1776093415
|move|p2a: Glimmora|Mortal Spin|p1a: Hatterene
|-supereffective|p1a: Hatterene
|-damage|p1a: Hatterene|91/100
|-status|p1a: Hatterene|psn
|-sideend|p2: garchgoat|Stealth Rock|[from] move: Mortal Spin|[of] p2a: Glimmora
|move|p1a: Hatterene|Calm Mind|p1a: Hatterene
|-boost|p1a: Hatterene|spa|1
|-boost|p1a: Hatterene|spd|1
|
|-heal|p1a: Hatterene|97/100 psn|[from] item: Leftovers
|-damage|p1a: Hatterene|85/100 psn|[from] psn
|upkeep
|turn|3
|inactive|garchgoat has 120 seconds left.
|
|t:|1776093444
|switch|p2a: Kingambit|Kingambit, M|100/100
|move|p1a: Hatterene|Calm Mind|p1a: Hatterene
|-boost|p1a: Hatterene|spa|1
|-boost|p1a: Hatterene|spd|1
|
|-heal|p1a: Hatterene|91/100 psn|[from] item: Leftovers
|-damage|p1a: Hatterene|78/100 psn|[from] psn
|upkeep
|turn|4
|inactive|garchgoat has 120 seconds left.
|
|t:|1776093458
|move|p2a: Kingambit|Iron Head|p1a: Hatterene
|-supereffective|p1a: Hatterene
|-damage|p1a: Hatterene|0 fnt
|faint|p1a: Hatterene
|
|upkeep
|
|t:|1776093464
|switch|p1a: Iron Moth|Iron Moth|100/100
|-enditem|p1a: Iron Moth|Booster Energy
|-activate|p1a: Iron Moth|ability: Quark Drive|[fromitem]
|-start|p1a: Iron Moth|quarkdrivespe
|turn|5
|inactive|garchgoat has 120 seconds left.
|
|t:|1776093477
|-end|p2a: Kingambit|fallenundefined|[silent]
|switch|p2a: Glimmora|Glimmora, M|100/100
|move|p1a: Iron Moth|Fiery Dance|p2a: Glimmora
|-resisted|p2a: Glimmora
|-damage|p2a: Glimmora|76/100
|-boost|p1a: Iron Moth|spa|1
|
|upkeep
|turn|6
|inactive|garchgoat has 120 seconds left.
|
|t:|1776093488
|move|p1a: Iron Moth|Fiery Dance|p2a: Glimmora
|-resisted|p2a: Glimmora
|-damage|p2a: Glimmora|38/100
|-boost|p1a: Iron Moth|spa|1
|move|p2a: Glimmora|Stealth Rock|p1a: Iron Moth
|-sidestart|p1: hbRgtjcN6AtpCBiq|move: Stealth Rock
|
|upkeep
|turn|7
|inactive|garchgoat has 120 seconds left.
|
|t:|1776093527
|move|p1a: Iron Moth|Fiery Dance|p2a: Glimmora
|-resisted|p2a: Glimmora
|-damage|p2a: Glimmora|0 fnt
|faint|p2a: Glimmora
|
|upkeep
|
|t:|1776093534
|switch|p2a: Great Tusk|Great Tusk|100/100
|-enditem|p2a: Great Tusk|Booster Energy
|-activate|p2a: Great Tusk|ability: Protosynthesis|[fromitem]
|-start|p2a: Great Tusk|protosynthesisspe
|turn|8
|
|t:|1776093545
|move|p1a: Iron Moth|Fiery Dance|p2a: Great Tusk
|-damage|p2a: Great Tusk|0 fnt
|-boost|p1a: Iron Moth|spa|1
|faint|p2a: Great Tusk
|-end|p2a: Great Tusk|Protosynthesis|[silent]
|
|upkeep
|
|t:|1776093554
|switch|p2a: Dragonite|Dragonite, F|100/100
|turn|9
|
|t:|1776093565
|move|p1a: Iron Moth|Sludge Wave|p2a: Dragonite
|-damage|p2a: Dragonite|32/100
|move|p2a: Dragonite|Earthquake|p1a: Iron Moth
|-supereffective|p1a: Iron Moth
|-damage|p1a: Iron Moth|0 fnt
|faint|p1a: Iron Moth
|-end|p1a: Iron Moth|Quark Drive|[silent]
|
|-heal|p2a: Dragonite|38/100|[from] item: Leftovers
|upkeep
|
|t:|1776093572
|switch|p1a: Gliscor|Gliscor, F|100/100
|-damage|p1a: Gliscor|88/100|[from] Stealth Rock
|turn|10
|inactive|garchgoat has 90 seconds left.
|inactive|garchgoat has 60 seconds left.
|inactive|garchgoat has 30 seconds left.
|
|t:|1776093665
|switch|p2a: Iron Valiant|Iron Valiant|100/100
|-enditem|p2a: Iron Valiant|Booster Energy
|-activate|p2a: Iron Valiant|ability: Quark Drive|[fromitem]
|-start|p2a: Iron Valiant|quarkdrivespe
|move|p1a: Gliscor|Swords Dance|p1a: Gliscor
|-boost|p1a: Gliscor|atk|2
|
|-status|p1a: Gliscor|tox|[from] item: Toxic Orb
|upkeep
|turn|11
|inactive|garchgoat has 30 seconds left.
|inactive|garchgoat has 20 seconds left.
|inactive|garchgoat has 15 seconds left.
|inactive|garchgoat has 10 seconds left.
|inactive|garchgoat has 5 seconds left.
|-message|garchgoat lost due to inactivity.
|
|win|hbRgtjcN6AtpCBiq
|raw|hbRgtjcN6AtpCBiq's rating: 1000 &rarr; <strong>1040</strong><br />(+40 for winning)
|raw|garchgoat's rating: 1000 &rarr; <strong>1000</strong><br />(+0 for losing)
|l|☆garchgoat
|player|p2|
