|html|<div class="broadcast-blue"><strong>[Gen 9] OU is currently suspecting Tera Blast! For information on how to participate check out the <a href="https://www.smogon.com/tools/suspects/view/200">suspect thread</a>.</strong></div>
|j|☆sarcrisp
|j|☆The Quaggie Boys
|t:|1776133514
|gametype|singles
|player|p1|sarcrisp|265|1075
|player|p2|The Quaggie Boys|ingo|1127
|gen|9
|tier|[Gen 9] OU
|rated|
|rule|HP Percentage Mod: HP is shown in percentages
|rule|Endless Battle Clause: Forcing endless battles is banned
|rule|Species Clause: Limit one of each Pokémon
|rule|OHKO Clause: OHKO moves are banned
|rule|Evasion Items Clause: Evasion items are banned
|rule|Evasion Moves Clause: Evasion moves are banned
|rule|Evasion Abilities Clause: Evasion abilities are banned
|rule|Sleep Moves Clause: Sleep-inducing moves are banned
|clearpoke
|poke|p1|Dragapult, M|
|poke|p1|Excadrill, F|
|poke|p1|Sceptile, F|
|poke|p1|Gholdengo|
|poke|p1|Corviknight, M|
|poke|p1|Heatran, F|
|poke|p2|Quagsire, M|
|poke|p2|Camerupt, M|
|poke|p2|Hatterene, F|
|poke|p2|Hoopa-Unbound|
|poke|p2|Diancie|
|poke|p2|Necrozma|
|teampreview
|inactive|Battle timer is ON: inactive players will automatically lose when time's up. (requested by The Quaggie Boys)
|
|t:|1776133529
|teamsize|p1|6
|teamsize|p2|6
|start
|switch|p1a: Excadrill|Excadrill, F|100/100
|switch|p2a: Diancie|Diancie, shiny|100/100
|turn|1
|
|t:|1776133541
|switch|p2a: Necrozma|Necrozma|100/100
|move|p1a: Excadrill|Iron Head|p2a: Necrozma
|-damage|p2a: Necrozma|54/100
|-damage|p1a: Excadrill|91/100|[from] item: Life Orb
|
|upkeep
|turn|2
|
|t:|1776133552
|switch|p2a: Quagsire|Quagsire, M, shiny|100/100
|move|p1a: Excadrill|Earthquake|p2a: Quagsire
|-damage|p2a: Quagsire|31/100
|-damage|p1a: Excadrill|81/100|[from] item: Life Orb
|
|upkeep
|turn|3
|
|t:|1776133565
|move|p1a: Excadrill|Earthquake|p2a: Quagsire
|-damage|p2a: Quagsire|0 fnt
|faint|p2a: Quagsire
|-damage|p1a: Excadrill|71/100|[from] item: Life Orb
|
|upkeep
|
|t:|1776133573
|switch|p2a: Diancie|Diancie, shiny|100/100
|turn|4
|
|t:|1776133578
|-terastallize|p2a: Diancie|Grass
|move|p1a: Excadrill|Iron Head|p2a: Diancie
|-damage|p2a: Diancie|55/100
|-damage|p1a: Excadrill|61/100|[from] item: Life Orb
|move|p2a: Diancie|Trick Room|p2a: Diancie
|-fieldstart|move: Trick Room|[of] p2a: Diancie
|
|upkeep
|turn|5
|
|t:|1776133596
|move|p2a: Diancie|Earth Power|p1a: Excadrill
|-supereffective|p1a: Excadrill
|-damage|p1a: Excadrill|0 fnt
|faint|p1a: Excadrill
|
|upkeep
|
|t:|1776133610
|switch|p1a: Heatran|Heatran, F|100/100
|turn|6
|
|t:|1776133614
|move|p2a: Diancie|Meteor Beam||[still]
|-prepare|p2a: Diancie|Meteor Beam
|-boost|p2a: Diancie|spa|1
|-enditem|p2a: Diancie|Power Herb
|-anim|p2a: Diancie|Meteor Beam|p1a: Heatran
|-damage|p1a: Heatran|21/100
|-enditem|p1a: Heatran|Sitrus Berry|[eat]
|-heal|p1a: Heatran|46/100|[from] item: Sitrus Berry
|move|p1a: Heatran|Heat Wave|p2a: Diancie
|-supereffective|p2a: Diancie
|-damage|p2a: Diancie|0 fnt
|faint|p2a: Diancie
|
|upkeep
|
|t:|1776133633
|switch|p2a: Camerupt|Camerupt, M, shiny|100/100
|turn|7
|
|t:|1776133638
|move|p2a: Camerupt|Earth Power|p1a: Heatran
|-supereffective|p1a: Heatran
|-damage|p1a: Heatran|0 fnt
|faint|p1a: Heatran
|
|upkeep
|
|t:|1776133664
|switch|p1a: Corviknight|Corviknight, M|100/100
|-ability|p1a: Corviknight|Pressure
|turn|8
|
|t:|1776133676
|-terastallize|p1a: Corviknight|Flying
|move|p2a: Camerupt|Eruption|p1a: Corviknight
|-damage|p1a: Corviknight|8/100
|move|p1a: Corviknight|Brave Bird|p2a: Camerupt
|-damage|p2a: Camerupt|41/100
|-damage|p1a: Corviknight|0 fnt|[from] Recoil
|faint|p1a: Corviknight
|
|-fieldend|move: Trick Room
|upkeep
|
|t:|1776133689
|switch|p1a: Dragapult|Dragapult, M|100/100
|turn|9
|
|t:|1776133695
|switch|p2a: Necrozma|Necrozma|54/100
|move|p1a: Dragapult|Dragon Darts|p2a: Necrozma
|-damage|p2a: Necrozma|32/100
|-anim|p1a: Dragapult|Dragon Darts|p2a: Necrozma
|-damage|p2a: Necrozma|10/100
|
|upkeep
|turn|10
|
|t:|1776133710
|move|p1a: Dragapult|Shadow Ball|p2a: Necrozma
|-supereffective|p2a: Necrozma
|-damage|p2a: Necrozma|0 fnt
|faint|p2a: Necrozma
|
|upkeep
|
|t:|1776133717
|switch|p2a: Hoopa|Hoopa-Unbound|100/100
|turn|11
|
|t:|1776133736
|move|p1a: Dragapult|Phantom Force||[still]
|-prepare|p1a: Dragapult|Phantom Force
|move|p2a: Hoopa|Trick Room|p2a: Hoopa
|-fieldstart|move: Trick Room|[of] p2a: Hoopa
|
|upkeep
|turn|12
|
|t:|1776133745
|switch|p2a: Camerupt|Camerupt, M, shiny|41/100
|move|p1a: Dragapult|Phantom Force|p2a: Camerupt|[from] lockedmove
|-damage|p2a: Camerupt|0 fnt
|faint|p2a: Camerupt
|
|upkeep
|
|t:|1776133752
|switch|p2a: Hoopa|Hoopa-Unbound|100/100
|turn|13
|
|t:|1776133772
|switch|p1a: Sceptile|Sceptile, F|100/100
|move|p2a: Hoopa|Hyperspace Fury|p1a: Sceptile
|-enditem|p1a: Sceptile|Focus Sash
|-damage|p1a: Sceptile|1/100
|-unboost|p2a: Hoopa|def|1
|-damage|p2a: Hoopa|91/100|[from] item: Life Orb
|
|upkeep
|turn|14
|
|t:|1776133784
|move|p1a: Sceptile|Protect|p1a: Sceptile
|-singleturn|p1a: Sceptile|Protect
|move|p2a: Hoopa|Hyperspace Fury|p1a: Sceptile
|-activate|p1a: Sceptile|move: Hyperspace Fury|[broken]
|-damage|p1a: Sceptile|0 fnt
|-unboost|p2a: Hoopa|def|1
|faint|p1a: Sceptile
|-damage|p2a: Hoopa|81/100|[from] item: Life Orb
|
|upkeep
|
|t:|1776133795
|switch|p1a: Gholdengo|Gholdengo|100/100
|turn|15
|
|t:|1776133802
|move|p1a: Gholdengo|Shadow Ball|p2a: Hoopa
|-damage|p2a: Hoopa|46/100
|move|p2a: Hoopa|Hyperspace Fury|p1a: Gholdengo
|-supereffective|p1a: Gholdengo
|-damage|p1a: Gholdengo|0 fnt
|-unboost|p2a: Hoopa|def|1
|faint|p1a: Gholdengo
|-damage|p2a: Hoopa|36/100|[from] item: Life Orb
|
|-fieldend|move: Trick Room
|upkeep
|
|t:|1776133813
|switch|p1a: Dragapult|Dragapult, M|100/100
|turn|16
|
|t:|1776133822
|move|p1a: Dragapult|Shadow Ball|p2a: Hoopa
|-crit|p2a: Hoopa
|-damage|p2a: Hoopa|0 fnt
|faint|p2a: Hoopa
|
|upkeep
|
|t:|1776133828
|switch|p2a: Hatterene|Hatterene, F|100/100
|turn|17
|
|t:|1776133842
|move|p1a: Dragapult|Shadow Ball|p2a: Hatterene
|-supereffective|p2a: Hatterene
|-damage|p2a: Hatterene|39/100
|-unboost|p2a: Hatterene|spd|1
|move|p2a: Hatterene|Trick Room|p2a: Hatterene
|-fieldstart|move: Trick Room|[of] p2a: Hatterene
|
|upkeep
|turn|18
|
|t:|1776133860
|move|p1a: Dragapult|Sucker Punch|p2a: Hatterene
|-damage|p2a: Hatterene|16/100
|move|p2a: Hatterene|Draining Kiss|p1a: Dragapult
|-supereffective|p1a: Dragapult
|-enditem|p1a: Dragapult|Focus Sash
|-damage|p1a: Dragapult|1/100
|-heal|p2a: Hatterene|90/100|[from] drain|[of] p1a: Dragapult
|-damage|p2a: Hatterene|81/100|[from] item: Life Orb
|
|upkeep
|turn|19
|c|☆The Quaggie Boys|gg
|
|t:|1776133874
|move|p2a: Hatterene|Draining Kiss|p1a: Dragapult
|-supereffective|p1a: Dragapult
|-damage|p1a: Dragapult|0 fnt
|-heal|p2a: Hatterene|81/100|[from] drain|[of] p1a: Dragapult
|faint|p1a: Dragapult
|-damage|p2a: Hatterene|71/100|[from] item: Life Orb
|
|win|The Quaggie Boys
|raw|sarcrisp's rating: 1075 &rarr; <strong>1057</strong><br />(-18 for losing)
|raw|The Quaggie Boys's rating: 1127 &rarr; <strong>1148</strong><br />(+21 for winning)
