|html|<div class="broadcast-blue"><strong>[Gen 9] OU is currently suspecting Tera Blast! For information on how to participate check out the <a href="https://www.smogon.com/tools/suspects/view/200">suspect thread</a>.</strong></div>
|j|☆guyfishing12
|j|☆kaahasahat
|t:|1776034188
|gametype|singles
|player|p1|guyfishing12|fisherman|1756
|player|p2|kaahasahat|170|1694
|gen|9
|tier|[Gen 9] OU
|rated|
|rule|HP Percentage Mod: HP is shown in percentages
|rule|Endless Battle Clause: Forcing endless battles is banned
|rule|Species Clause: Limit one of each Pokémon
|rule|OHKO Clause: OHKO moves are banned
|rule|Evasion Items Clause: Evasion items are banned
|rule|Evasion Moves Clause: Evasion moves are banned
|rule|Evasion Abilities Clause: Evasion abilities are banned
|rule|Sleep Moves Clause: Sleep-inducing moves are banned
|clearpoke
|poke|p1|Tinkaton, F|
|poke|p1|Ogerpon, F|
|poke|p1|Great Tusk|
|poke|p1|Pecharunt|
|poke|p1|Alomomola, M|
|poke|p1|Hydreigon, M|
|poke|p2|Dragapult, F|
|poke|p2|Iron Moth|
|poke|p2|Serperior, F|
|poke|p2|Iron Treads|
|poke|p2|Dragonite, F|
|poke|p2|Greninja-*, M|
|teampreview
|inactive|Battle timer is ON: inactive players will automatically lose when time's up. (requested by guyfishing12)
|
|t:|1776034195
|teamsize|p1|6
|teamsize|p2|6
|start
|switch|p1a: Ogerpon|Ogerpon, F|100/100
|switch|p2a: Iron Treads|Iron Treads|100/100
|-enditem|p2a: Iron Treads|Booster Energy
|-activate|p2a: Iron Treads|ability: Quark Drive|[fromitem]
|-start|p2a: Iron Treads|quarkdrivespe
|turn|1
|
|t:|1776034209
|move|p2a: Iron Treads|Ice Spinner|p1a: Ogerpon
|-supereffective|p1a: Ogerpon
|-damage|p1a: Ogerpon|33/100
|move|p1a: Ogerpon|Ivy Cudgel|p2a: Iron Treads
|-damage|p2a: Iron Treads|30/100
|
|upkeep
|turn|2
|
|t:|1776034213
|switch|p1a: Alomomola|Alomomola, M, shiny|100/100
|move|p2a: Iron Treads|Ice Spinner|p1a: Alomomola
|-resisted|p1a: Alomomola
|-damage|p1a: Alomomola|91/100
|
|upkeep
|turn|3
|
|t:|1776034216
|move|p2a: Iron Treads|Stealth Rock|p1a: Alomomola
|-sidestart|p1: guyfishing12|move: Stealth Rock
|move|p1a: Alomomola|Flip Turn|p2a: Iron Treads
|-supereffective|p2a: Iron Treads
|-damage|p2a: Iron Treads|0 fnt
|faint|p2a: Iron Treads
|-end|p2a: Iron Treads|Quark Drive|[silent]
|
|t:|1776034235
|switch|p1a: Tinkaton|Tinkaton, F, shiny|100/100|[from] Flip Turn
|-damage|p1a: Tinkaton|94/100|[from] Stealth Rock
|-item|p1a: Tinkaton|Air Balloon
|
|upkeep
|
|t:|1776034238
|switch|p2a: Iron Moth|Iron Moth|100/100
|-enditem|p2a: Iron Moth|Booster Energy
|-activate|p2a: Iron Moth|ability: Quark Drive|[fromitem]
|-start|p2a: Iron Moth|quarkdrivespe
|turn|4
|
|t:|1776034241
|switch|p1a: Alomomola|Alomomola, M, shiny|100/100
|-damage|p1a: Alomomola|88/100|[from] Stealth Rock
|move|p2a: Iron Moth|Fiery Dance|p1a: Alomomola
|-resisted|p1a: Alomomola
|-damage|p1a: Alomomola|78/100
|-boost|p2a: Iron Moth|spa|1
|
|upkeep
|turn|5
|
|t:|1776034245
|move|p2a: Iron Moth|Energy Ball|p1a: Alomomola
|-supereffective|p1a: Alomomola
|-damage|p1a: Alomomola|31/100
|move|p1a: Alomomola|Mirror Coat|p2a: Iron Moth
|-damage|p2a: Iron Moth|0 fnt
|faint|p2a: Iron Moth
|-end|p2a: Iron Moth|Quark Drive|[silent]
|
|upkeep
|
|t:|1776034250
|switch|p2a: Serperior|Serperior, F|100/100
|turn|6
|
|t:|1776034261
|switch|p1a: Pecharunt|Pecharunt|100/100
|-damage|p1a: Pecharunt|88/100|[from] Stealth Rock
|move|p2a: Serperior|Leaf Storm|p1a: Pecharunt
|-resisted|p1a: Pecharunt
|-damage|p1a: Pecharunt|63/100
|-boost|p2a: Serperior|spa|2
|
|upkeep
|turn|7
|
|t:|1776034264
|-terastallize|p2a: Serperior|Ground
|move|p2a: Serperior|Tera Blast|p1a: Pecharunt|[anim] Tera Blast Ground
|-supereffective|p1a: Pecharunt
|-damage|p1a: Pecharunt|0 fnt
|faint|p1a: Pecharunt
|
|upkeep
|
|t:|1776034268
|switch|p1a: Ogerpon|Ogerpon, F|33/100
|-damage|p1a: Ogerpon|21/100|[from] Stealth Rock
|turn|8
|
|t:|1776034271
|-terastallize|p1a: Ogerpon|Grass
|detailschange|p1a: Ogerpon|Ogerpon-Teal-Tera, F, tera:Grass
|-ability|p1a: Ogerpon|Embody Aspect (Teal)|boost
|-boost|p1a: Ogerpon|spe|1
|move|p1a: Ogerpon|Ivy Cudgel|p2a: Serperior
|-supereffective|p2a: Serperior
|-damage|p2a: Serperior|0 fnt
|faint|p2a: Serperior
|
|upkeep
|
|t:|1776034279
|switch|p2a: Dragapult|Dragapult, F|100/100
|turn|9
|
|t:|1776034293
|move|p1a: Ogerpon|Ivy Cudgel|p2a: Dragapult
|-resisted|p2a: Dragapult
|-damage|p2a: Dragapult|29/100
|move|p2a: Dragapult|Hex|p1a: Ogerpon
|-damage|p1a: Ogerpon|0 fnt
|faint|p1a: Ogerpon
|detailschange|p1: Ogerpon|Ogerpon, F|[silent]
|
|upkeep
|
|t:|1776034301
|switch|p1a: Alomomola|Alomomola, M, shiny|65/100
|-damage|p1a: Alomomola|52/100|[from] Stealth Rock
|turn|10
|
|t:|1776034304
|move|p2a: Dragapult|Will-O-Wisp|p1a: Alomomola
|-status|p1a: Alomomola|brn
|move|p1a: Alomomola|Play Rough|p2a: Dragapult
|-supereffective|p2a: Dragapult
|-damage|p2a: Dragapult|3/100
|
|-damage|p1a: Alomomola|46/100 brn|[from] brn
|upkeep
|turn|11
|
|t:|1776034307
|move|p2a: Dragapult|Hex|p1a: Alomomola
|-damage|p1a: Alomomola|21/100 brn
|move|p1a: Alomomola|Flip Turn|p2a: Dragapult
|-resisted|p2a: Dragapult
|-crit|p2a: Dragapult
|-damage|p2a: Dragapult|0 fnt
|faint|p2a: Dragapult
|
|t:|1776034313
|switch|p1a: Hydreigon|Hydreigon, M, shiny|100/100|[from] Flip Turn
|-damage|p1a: Hydreigon|88/100|[from] Stealth Rock
|
|upkeep
|
|t:|1776034319
|switch|p2a: Greninja|Greninja, M|100/100
|turn|12
|
|t:|1776034321
|move|p2a: Greninja|Ice Beam|p1a: Hydreigon
|-supereffective|p1a: Hydreigon
|-damage|p1a: Hydreigon|5/100
|-status|p1a: Hydreigon|frz
|-damage|p2a: Greninja|91/100|[from] item: Life Orb
|cant|p1a: Hydreigon|frz
|
|upkeep
|turn|13
|j| Vicillo03
|c|☆guyfishing12|bruh
|
|t:|1776034337
|move|p2a: Greninja|Dark Pulse|p1a: Hydreigon
|-resisted|p1a: Hydreigon
|-damage|p1a: Hydreigon|0 fnt
|faint|p1a: Hydreigon
|-ability|p2a: Greninja|Battle Bond|boost
|-boost|p2a: Greninja|atk|1
|-boost|p2a: Greninja|spa|1
|-boost|p2a: Greninja|spe|1
|-activate|p2a: Greninja|ability: Battle Bond
|-damage|p2a: Greninja|81/100|[from] item: Life Orb
|
|upkeep
|
|t:|1776034343
|switch|p1a: Alomomola|Alomomola, M, shiny|54/100 brn
|-damage|p1a: Alomomola|42/100 brn|[from] Stealth Rock
|turn|14
|
|t:|1776034350
|move|p2a: Greninja|Dark Pulse|p1a: Alomomola
|-damage|p1a: Alomomola|10/100 brn
|-damage|p2a: Greninja|71/100|[from] item: Life Orb
|cant|p1a: Alomomola|flinch
|
|-damage|p1a: Alomomola|4/100 brn|[from] brn
|upkeep
|turn|15
|
|t:|1776034357
|move|p1a: Alomomola|Aqua Jet|p2a: Greninja
|-resisted|p2a: Greninja
|-damage|p2a: Greninja|67/100
|move|p2a: Greninja|Dark Pulse|p1a: Alomomola
|-damage|p1a: Alomomola|0 fnt
|faint|p1a: Alomomola
|-damage|p2a: Greninja|57/100|[from] item: Life Orb
|
|upkeep
|
|t:|1776034362
|switch|p1a: Tinkaton|Tinkaton, F, shiny|94/100
|-damage|p1a: Tinkaton|88/100|[from] Stealth Rock
|-item|p1a: Tinkaton|Air Balloon
|turn|16
|
|t:|1776034365
|move|p2a: Greninja|Surf|p1a: Tinkaton
|-damage|p1a: Tinkaton|10/100
|-enditem|p1a: Tinkaton|Air Balloon
|-damage|p2a: Greninja|47/100|[from] item: Life Orb
|move|p1a: Tinkaton|Gigaton Hammer|p2a: Greninja
|-resisted|p2a: Greninja
|-damage|p2a: Greninja|1/100
|
|upkeep
|turn|17
|
|t:|1776034373
|switch|p2a: Dragonite|Dragonite, F|100/100
|move|p1a: Tinkaton|Stealth Rock|p2a: Dragonite
|-sidestart|p2: kaahasahat|move: Stealth Rock
|
|upkeep
|turn|18
|
|t:|1776034376
|move|p1a: Tinkaton|Ice Hammer|p2a: Dragonite|[miss]
|-miss|p1a: Tinkaton|p2a: Dragonite
|move|p2a: Dragonite|Encore|p1a: Tinkaton
|-start|p1a: Tinkaton|Encore
|
|upkeep
|turn|19
|
|t:|1776034391
|move|p1a: Tinkaton|Ice Hammer|p2a: Dragonite
|-supereffective|p2a: Dragonite
|-damage|p2a: Dragonite|49/100
|-unboost|p1a: Tinkaton|spe|1
|move|p2a: Dragonite|Dragon Dance|p2a: Dragonite
|-boost|p2a: Dragonite|atk|1
|-boost|p2a: Dragonite|spe|1
|
|upkeep
|turn|20
|
|t:|1776034395
|move|p2a: Dragonite|Fire Punch|p1a: Tinkaton
|-supereffective|p1a: Tinkaton
|-damage|p1a: Tinkaton|0 fnt
|faint|p1a: Tinkaton
|
|upkeep
|
|t:|1776034397
|switch|p1a: Great Tusk|Great Tusk, shiny|100/100
|turn|21
|
|t:|1776034398
|move|p2a: Dragonite|Scale Shot|p1a: Great Tusk
|-crit|p1a: Great Tusk
|-damage|p1a: Great Tusk|75/100
|-damage|p1a: Great Tusk|60/100
|-damage|p1a: Great Tusk|44/100
|-damage|p1a: Great Tusk|29/100
|-damage|p1a: Great Tusk|12/100
|-hitcount|p1a: Great Tusk|5
|-unboost|p2a: Dragonite|def|1
|-boost|p2a: Dragonite|spe|1
|move|p1a: Great Tusk|Ice Spinner|p2a: Dragonite
|-supereffective|p2a: Dragonite
|-damage|p2a: Dragonite|0 fnt
|faint|p2a: Dragonite
|
|upkeep
|
|t:|1776034401
|switch|p2a: Greninja|Greninja, M|1/100
|-damage|p2a: Greninja|0 fnt|[from] Stealth Rock
|faint|p2a: Greninja
|
|win|guyfishing12
|raw|guyfishing12's rating: 1756 &rarr; <strong>1772</strong><br />(+16 for winning)
|raw|kaahasahat's rating: 1694 &rarr; <strong>1678</strong><br />(-16 for losing)
|l|☆kaahasahat
|player|p2|
|c|☆guyfishing12|wow thought i lost
|l|☆guyfishing12
|player|p1|
|l| Vicillo03
