|html|<div class="broadcast-blue"><strong>[Gen 9] OU is currently suspecting Tera Blast! For information on how to participate check out the <a href="https://www.smogon.com/tools/suspects/view/200">suspect thread</a>.</strong></div>
|j|☆Dr.Aero
|j|☆yoshi jan
|t:|1776082012
|gametype|singles
|player|p1|Dr.Aero|camper|1152
|player|p2|yoshi jan|pokemaniac|1173
|gen|9
|tier|[Gen 9] OU
|rated|
|rule|HP Percentage Mod: HP is shown in percentages
|rule|Endless Battle Clause: Forcing endless battles is banned
|rule|Species Clause: Limit one of each Pokémon
|rule|OHKO Clause: OHKO moves are banned
|rule|Evasion Items Clause: Evasion items are banned
|rule|Evasion Moves Clause: Evasion moves are banned
|rule|Evasion Abilities Clause: Evasion abilities are banned
|rule|Sleep Moves Clause: Sleep-inducing moves are banned
|clearpoke
|poke|p1|Heatran, M|
|poke|p1|Corviknight, M|
|poke|p1|Kingambit, M|
|poke|p1|Gliscor, M|
|poke|p1|Iron Crown|
|poke|p1|Raging Bolt|
|poke|p2|Pelipper, M|
|poke|p2|Galvantula, F|
|poke|p2|Basculegion, M|
|poke|p2|Barraskewda, F|
|poke|p2|Overqwil, F|
|poke|p2|Politoed, F|
|teampreview
|inactive|Battle timer is ON: inactive players will automatically lose when time's up. (requested by Dr.Aero)
|
|t:|1776082034
|teamsize|p1|6
|teamsize|p2|6
|start
|switch|p1a: Iron Crown|Iron Crown|100/100
|switch|p2a: Politoed|Politoed, F|100/100
|-weather|RainDance|[from] ability: Drizzle|[of] p2a: Politoed
|turn|1
|
|t:|1776082050
|move|p1a: Iron Crown|Volt Switch|p2a: Politoed
|-supereffective|p2a: Politoed
|-damage|p2a: Politoed|67/100
|
|t:|1776082054
|-end|p1a: Iron Crown|Quark Drive|[silent]
|switch|p1a: Raging Bolt|Raging Bolt|100/100|[from] Volt Switch
|move|p2a: Politoed|Weather Ball|p1a: Raging Bolt
|-resisted|p1a: Raging Bolt
|-damage|p1a: Raging Bolt|76/100
|
|-weather|RainDance|[upkeep]
|upkeep
|turn|2
|
|t:|1776082065
|switch|p2a: Galvantula|Galvantula, F|100/100
|move|p1a: Raging Bolt|Volt Switch|p2a: Galvantula
|-resisted|p2a: Galvantula
|-damage|p2a: Galvantula|63/100
|
|t:|1776082072
|-end|p1a: Raging Bolt|Protosynthesis|[silent]
|switch|p1a: Iron Crown|Iron Crown|100/100|[from] Volt Switch
|
|-weather|RainDance|[upkeep]
|upkeep
|turn|3
|
|t:|1776082079
|-end|p1a: Iron Crown|Quark Drive|[silent]
|switch|p1a: Gliscor|Gliscor, M|100/100
|move|p2a: Galvantula|Thunder|p1a: Gliscor
|-immune|p1a: Gliscor
|
|-weather|RainDance|[upkeep]
|-status|p1a: Gliscor|tox|[from] item: Toxic Orb
|upkeep
|turn|4
|
|t:|1776082090
|move|p2a: Galvantula|Sticky Web|p1a: Gliscor
|-sidestart|p1: Dr.Aero|move: Sticky Web
|move|p1a: Gliscor|Toxic|p2a: Galvantula|[miss]
|-miss|p1a: Gliscor|p2a: Galvantula
|
|-weather|RainDance|[upkeep]
|upkeep
|turn|5
|
|t:|1776082095
|move|p2a: Galvantula|Bug Buzz|p1a: Gliscor
|-resisted|p1a: Gliscor
|-damage|p1a: Gliscor|78/100 tox
|move|p1a: Gliscor|Toxic|p2a: Galvantula
|-status|p2a: Galvantula|tox
|
|-weather|RainDance|[upkeep]
|-damage|p2a: Galvantula|57/100 tox|[from] psn
|-heal|p1a: Gliscor|90/100 tox|[from] ability: Poison Heal
|upkeep
|turn|6
|
|t:|1776082099
|move|p2a: Galvantula|Bug Buzz|p1a: Gliscor
|-resisted|p1a: Gliscor
|-damage|p1a: Gliscor|69/100 tox
|move|p1a: Gliscor|Knock Off|p2a: Galvantula
|-damage|p2a: Galvantula|17/100 tox
|-enditem|p2a: Galvantula|Focus Sash|[from] move: Knock Off|[of] p1a: Gliscor
|
|-weather|RainDance|[upkeep]
|-damage|p2a: Galvantula|5/100 tox|[from] psn
|-heal|p1a: Gliscor|82/100 tox|[from] ability: Poison Heal
|upkeep
|turn|7
|
|t:|1776082103
|move|p2a: Galvantula|Bug Buzz|p1a: Gliscor
|-resisted|p1a: Gliscor
|-damage|p1a: Gliscor|49/100 tox
|move|p1a: Gliscor|U-turn|p2a: Galvantula
|-damage|p2a: Galvantula|0 fnt
|faint|p2a: Galvantula
|
|t:|1776082125
|switch|p1a: Corviknight|Corviknight, M|100/100|[from] U-turn
|-ability|p1a: Corviknight|Pressure
|
|-weather|RainDance|[upkeep]
|upkeep
|
|t:|1776082132
|switch|p2a: Basculegion|Basculegion, M, shiny|100/100
|turn|8
|
|t:|1776082154
|move|p2a: Basculegion|Wave Crash|p1a: Corviknight
|-crit|p1a: Corviknight
|-damage|p1a: Corviknight|0 fnt
|faint|p1a: Corviknight
|-damage|p2a: Basculegion|68/100|[from] Recoil
|
|-weather|none
|upkeep
|
|t:|1776082162
|switch|p1a: Gliscor|Gliscor, M|49/100 tox
|turn|9
|
|t:|1776082167
|-terastallize|p1a: Gliscor|Water
|move|p2a: Basculegion|Wave Crash|p1a: Gliscor
|-resisted|p1a: Gliscor
|-damage|p1a: Gliscor|19/100 tox
|-damage|p2a: Basculegion|60/100|[from] Recoil
|move|p1a: Gliscor|Toxic|p2a: Basculegion
|-status|p2a: Basculegion|tox
|
|-damage|p2a: Basculegion|54/100 tox|[from] psn
|-heal|p1a: Gliscor|31/100 tox|[from] ability: Poison Heal
|upkeep
|turn|10
|
|t:|1776082172
|switch|p2a: Pelipper|Pelipper, M, shiny|100/100
|-weather|RainDance|[from] ability: Drizzle|[of] p2a: Pelipper
|move|p1a: Gliscor|Knock Off|p2a: Pelipper
|-damage|p2a: Pelipper|81/100
|-enditem|p2a: Pelipper|Damp Rock|[from] move: Knock Off|[of] p1a: Gliscor
|
|-weather|RainDance|[upkeep]
|-heal|p1a: Gliscor|44/100 tox|[from] ability: Poison Heal
|upkeep
|turn|11
|
|t:|1776082178
|move|p1a: Gliscor|U-turn|p2a: Pelipper
|-resisted|p2a: Pelipper
|-crit|p2a: Pelipper
|-damage|p2a: Pelipper|69/100
|
|t:|1776082187
|switch|p1a: Iron Crown|Iron Crown|100/100|[from] U-turn
|-activate|p1a: Iron Crown|move: Sticky Web
|-unboost|p1a: Iron Crown|spe|1
|move|p2a: Pelipper|Hurricane|p1a: Iron Crown
|-resisted|p1a: Iron Crown
|-damage|p1a: Iron Crown|87/100
|
|-weather|RainDance|[upkeep]
|upkeep
|turn|12
|
|t:|1776082192
|move|p1a: Iron Crown|Volt Switch|p2a: Pelipper
|-supereffective|p2a: Pelipper
|-damage|p2a: Pelipper|0 fnt
|faint|p2a: Pelipper
|
|t:|1776082196
|-end|p1a: Iron Crown|Quark Drive|[silent]
|switch|p1a: Gliscor|Gliscor, M, tera:Water|44/100 tox|[from] Volt Switch
|-activate|p1a: Gliscor|move: Sticky Web
|-unboost|p1a: Gliscor|spe|1
|
|-weather|RainDance|[upkeep]
|-heal|p1a: Gliscor|56/100 tox|[from] ability: Poison Heal
|upkeep
|
|t:|1776082200
|switch|p2a: Overqwil|Overqwil, F, shiny|100/100
|turn|13
|
|t:|1776082204
|move|p2a: Overqwil|Barb Barrage|p1a: Gliscor
|-damage|p1a: Gliscor|19/100 tox
|move|p1a: Gliscor|Knock Off|p2a: Overqwil
|-resisted|p2a: Overqwil
|-damage|p2a: Overqwil|90/100
|-enditem|p2a: Overqwil|Leftovers|[from] move: Knock Off|[of] p1a: Gliscor
|
|-weather|RainDance|[upkeep]
|-heal|p1a: Gliscor|31/100 tox|[from] ability: Poison Heal
|upkeep
|turn|14
|
|t:|1776082212
|move|p1a: Gliscor|Protect|p1a: Gliscor
|-singleturn|p1a: Gliscor|Protect
|move|p2a: Overqwil|Barb Barrage|p1a: Gliscor
|-activate|p1a: Gliscor|move: Protect
|
|-weather|RainDance|[upkeep]
|-heal|p1a: Gliscor|44/100 tox|[from] ability: Poison Heal
|upkeep
|turn|15
|
|t:|1776082218
|switch|p1a: Kingambit|Kingambit, M|100/100
|-activate|p1a: Kingambit|move: Sticky Web
|-unboost|p1a: Kingambit|spe|1
|-activate|p1a: Kingambit|ability: Supreme Overlord
|-start|p1a: Kingambit|fallen1|[silent]
|move|p2a: Overqwil|Barb Barrage|p1a: Kingambit
|-immune|p1a: Kingambit
|
|-weather|RainDance|[upkeep]
|upkeep
|turn|16
|
|t:|1776082225
|move|p2a: Overqwil|Liquidation|p1a: Kingambit
|-damage|p1a: Kingambit|70/100
|move|p1a: Kingambit|Iron Head|p2a: Overqwil
|-damage|p2a: Overqwil|42/100
|
|-weather|RainDance|[upkeep]
|-heal|p1a: Kingambit|76/100|[from] item: Leftovers
|upkeep
|turn|17
|
|t:|1776082231
|-end|p1a: Kingambit|fallen1|[silent]
|switch|p1a: Gliscor|Gliscor, M, tera:Water|44/100 tox
|-activate|p1a: Gliscor|move: Sticky Web
|-unboost|p1a: Gliscor|spe|1
|move|p2a: Overqwil|Liquidation|p1a: Gliscor
|-resisted|p1a: Gliscor
|-damage|p1a: Gliscor|30/100 tox
|
|-weather|none
|-heal|p1a: Gliscor|42/100 tox|[from] ability: Poison Heal
|upkeep
|turn|18
|
|t:|1776082237
|move|p1a: Gliscor|Protect|p1a: Gliscor
|-singleturn|p1a: Gliscor|Protect
|move|p2a: Overqwil|Barb Barrage|p1a: Gliscor
|-activate|p1a: Gliscor|move: Protect
|
|-heal|p1a: Gliscor|54/100 tox|[from] ability: Poison Heal
|upkeep
|turn|19
|
|t:|1776082256
|switch|p2a: Politoed|Politoed, F|67/100
|-weather|RainDance|[from] ability: Drizzle|[of] p2a: Politoed
|move|p1a: Gliscor|U-turn|p2a: Politoed
|-damage|p2a: Politoed|47/100
|
|t:|1776082260
|switch|p1a: Raging Bolt|Raging Bolt|76/100|[from] U-turn
|
|-weather|RainDance|[upkeep]
|upkeep
|turn|20
|
|t:|1776082267
|-terastallize|p2a: Politoed|Grass
|move|p1a: Raging Bolt|Volt Switch|p2a: Politoed
|-resisted|p2a: Politoed
|-damage|p2a: Politoed|33/100
|
|t:|1776082273
|-end|p1a: Raging Bolt|Protosynthesis|[silent]
|switch|p1a: Gliscor|Gliscor, M, tera:Water|54/100 tox|[from] Volt Switch
|-activate|p1a: Gliscor|move: Sticky Web
|-unboost|p1a: Gliscor|spe|1
|move|p2a: Politoed|Ice Beam|p1a: Gliscor
|-resisted|p1a: Gliscor
|-damage|p1a: Gliscor|43/100 tox
|
|-weather|RainDance|[upkeep]
|-heal|p1a: Gliscor|55/100 tox|[from] ability: Poison Heal
|upkeep
|turn|21
|
|t:|1776082282
|move|p2a: Politoed|Weather Ball|p1a: Gliscor
|-resisted|p1a: Gliscor
|-damage|p1a: Gliscor|26/100 tox
|move|p1a: Gliscor|Knock Off|p2a: Politoed
|-damage|p2a: Politoed|4/100
|-enditem|p2a: Politoed|Damp Rock|[from] move: Knock Off|[of] p1a: Gliscor
|
|-weather|RainDance|[upkeep]
|-heal|p1a: Gliscor|39/100 tox|[from] ability: Poison Heal
|upkeep
|turn|22
|
|t:|1776082287
|move|p1a: Gliscor|Protect|p1a: Gliscor
|-singleturn|p1a: Gliscor|Protect
|move|p2a: Politoed|Tera Blast|p1a: Gliscor|[anim] Tera Blast Grass
|-activate|p1a: Gliscor|move: Protect
|
|-weather|RainDance|[upkeep]
|-heal|p1a: Gliscor|51/100 tox|[from] ability: Poison Heal
|upkeep
|turn|23
|
|t:|1776082292
|move|p2a: Politoed|Ice Beam|p1a: Gliscor
|-resisted|p1a: Gliscor
|-damage|p1a: Gliscor|38/100 tox
|move|p1a: Gliscor|U-turn|p2a: Politoed
|-supereffective|p2a: Politoed
|-damage|p2a: Politoed|0 fnt
|faint|p2a: Politoed
|
|t:|1776082299
|switch|p1a: Iron Crown|Iron Crown|87/100|[from] U-turn
|-activate|p1a: Iron Crown|move: Sticky Web
|-unboost|p1a: Iron Crown|spe|1
|
|-weather|RainDance|[upkeep]
|upkeep
|
|t:|1776082304
|switch|p2a: Barraskewda|Barraskewda, F|100/100
|turn|24
|
|t:|1776082308
|-end|p1a: Iron Crown|Quark Drive|[silent]
|switch|p1a: Gliscor|Gliscor, M, tera:Water|38/100 tox
|-activate|p1a: Gliscor|move: Sticky Web
|-unboost|p1a: Gliscor|spe|1
|move|p2a: Barraskewda|Waterfall|p1a: Gliscor
|-resisted|p1a: Gliscor
|-damage|p1a: Gliscor|8/100 tox
|
|-weather|RainDance|[upkeep]
|-heal|p1a: Gliscor|20/100 tox|[from] ability: Poison Heal
|upkeep
|turn|25
|
|t:|1776082314
|move|p1a: Gliscor|Protect|p1a: Gliscor
|-singleturn|p1a: Gliscor|Protect
|move|p2a: Barraskewda|Waterfall|p1a: Gliscor
|-activate|p1a: Gliscor|move: Protect
|
|-weather|RainDance|[upkeep]
|-heal|p1a: Gliscor|32/100 tox|[from] ability: Poison Heal
|upkeep
|turn|26
|
|t:|1776082317
|move|p1a: Gliscor|Protect||[still]
|-fail|p1a: Gliscor
|move|p2a: Barraskewda|Waterfall|p1a: Gliscor
|-resisted|p1a: Gliscor
|-damage|p1a: Gliscor|0 fnt
|faint|p1a: Gliscor
|
|-weather|none
|upkeep
|
|t:|1776082322
|switch|p1a: Raging Bolt|Raging Bolt|76/100
|turn|27
|
|t:|1776082325
|move|p2a: Barraskewda|Waterfall|p1a: Raging Bolt
|-resisted|p1a: Raging Bolt
|-damage|p1a: Raging Bolt|50/100
|move|p1a: Raging Bolt|Volt Switch|p2a: Barraskewda
|-supereffective|p2a: Barraskewda
|-damage|p2a: Barraskewda|0 fnt
|faint|p2a: Barraskewda
|
|t:|1776082330
|-end|p1a: Raging Bolt|Protosynthesis|[silent]
|switch|p1a: Iron Crown|Iron Crown|87/100|[from] Volt Switch
|-activate|p1a: Iron Crown|move: Sticky Web
|-unboost|p1a: Iron Crown|spe|1
|
|upkeep
|-message|yoshi jan forfeited.
|
|win|Dr.Aero
|raw|Dr.Aero's rating: 1152 &rarr; <strong>1179</strong><br />(+27 for winning)
|raw|yoshi jan's rating: 1173 &rarr; <strong>1146</strong><br />(-27 for losing)
|l|☆yoshi jan
|player|p2|
