|html|<div class="broadcast-blue"><strong>[Gen 9] OU is currently suspecting Tera Blast! For information on how to participate check out the <a href="https://www.smogon.com/tools/suspects/view/200">suspect thread</a>.</strong></div>
|j|☆Cycling ovo
|j|☆AKGD
|t:|1776307948
|gametype|singles
|player|p1|Cycling ovo|wallace|1430
|player|p2|AKGD|hilbert|1379
|gen|9
|tier|[Gen 9] OU
|rated|
|rule|HP Percentage Mod: HP is shown in percentages
|rule|Endless Battle Clause: Forcing endless battles is banned
|rule|Species Clause: Limit one of each Pokémon
|rule|OHKO Clause: OHKO moves are banned
|rule|Evasion Items Clause: Evasion items are banned
|rule|Evasion Moves Clause: Evasion moves are banned
|rule|Evasion Abilities Clause: Evasion abilities are banned
|rule|Sleep Moves Clause: Sleep-inducing moves are banned
|clearpoke
|poke|p1|Ogerpon-Wellspring, F|
|poke|p1|Pecharunt|
|poke|p1|Great Tusk|
|poke|p1|Iron Crown|
|poke|p1|Landorus-Therian, M|
|poke|p1|Samurott-Hisui, F|
|poke|p2|Dragapult, F|
|poke|p2|Raging Bolt|
|poke|p2|Iron Moth|
|poke|p2|Great Tusk|
|poke|p2|Ogerpon-Wellspring, F|
|poke|p2|Landorus-Therian, M|
|teampreview
|inactive|Battle timer is ON: inactive players will automatically lose when time's up. (requested by AKGD)
|inactive|Cycling ovo has 120 seconds left.
|c|☆AKGD|Glhf
|
|t:|1776307982
|teamsize|p1|6
|teamsize|p2|6
|start
|switch|p1a: Landorus|Landorus-Therian, M|100/100
|switch|p2a: Ogerpon|Ogerpon-Wellspring, F|100/100
|-ability|p1a: Landorus|Intimidate|boost
|-unboost|p2a: Ogerpon|atk|1
|turn|1
|
|t:|1776307995
|move|p1a: Landorus|U-turn|p2a: Ogerpon
|-supereffective|p2a: Ogerpon
|-damage|p2a: Ogerpon|27/100
|c|☆Cycling ovo|glhf
|
|t:|1776308016
|switch|p1a: Pecharunt|Pecharunt|100/100|[from] U-turn
|move|p2a: Ogerpon|Swords Dance|p2a: Ogerpon
|-boost|p2a: Ogerpon|atk|2
|
|upkeep
|turn|2
|inactive|Cycling ovo has 120 seconds left.
|
|t:|1776308033
|switch|p2a: Iron Moth|Iron Moth|100/100
|-enditem|p2a: Iron Moth|Booster Energy
|-activate|p2a: Iron Moth|ability: Quark Drive|[fromitem]
|-start|p2a: Iron Moth|quarkdrivespe
|move|p1a: Pecharunt|Foul Play|p2a: Iron Moth
|-damage|p2a: Iron Moth|80/100
|
|upkeep
|turn|3
|inactive|Cycling ovo has 120 seconds left.
|
|t:|1776308048
|move|p2a: Iron Moth|Fiery Dance|p1a: Pecharunt
|-damage|p1a: Pecharunt|59/100
|-boost|p2a: Iron Moth|spa|1
|move|p1a: Pecharunt|Parting Shot|p2a: Iron Moth
|-unboost|p2a: Iron Moth|atk|1
|-unboost|p2a: Iron Moth|spa|1
|inactive|Cycling ovo has 120 seconds left.
|
|t:|1776308071
|switch|p1a: Samurott|Samurott-Hisui, F, shiny|100/100|[from] Parting Shot
|
|upkeep
|turn|4
|
|t:|1776308080
|move|p2a: Iron Moth|Energy Ball|p1a: Samurott
|-supereffective|p1a: Samurott
|-damage|p1a: Samurott|46/100
|move|p1a: Samurott|Ceaseless Edge|p2a: Iron Moth
|-damage|p2a: Iron Moth|1/100
|-sidestart|p2: AKGD|Spikes
|
|upkeep
|turn|5
|
|t:|1776308093
|move|p1a: Samurott|Sucker Punch|p2a: Iron Moth
|-damage|p2a: Iron Moth|0 fnt
|faint|p2a: Iron Moth
|-end|p2a: Iron Moth|Quark Drive|[silent]
|
|upkeep
|
|t:|1776308107
|switch|p2a: Landorus|Landorus-Therian, M|100/100
|-ability|p2a: Landorus|Intimidate|boost
|-unboost|p1a: Samurott|atk|1
|turn|6
|inactive|Cycling ovo has 120 seconds left.
|
|t:|1776308132
|move|p2a: Landorus|U-turn|p1a: Samurott
|-supereffective|p1a: Samurott
|-damage|p1a: Samurott|0 fnt
|faint|p1a: Samurott
|
|t:|1776308149
|switch|p2a: Great Tusk|Great Tusk|100/100|[from] U-turn
|-damage|p2a: Great Tusk|88/100|[from] Spikes
|-enditem|p2a: Great Tusk|Booster Energy
|-activate|p2a: Great Tusk|ability: Protosynthesis|[fromitem]
|-start|p2a: Great Tusk|protosynthesisatk
|
|upkeep
|
|t:|1776308159
|switch|p1a: Ogerpon|Ogerpon-Wellspring, F|100/100
|turn|7
|
|t:|1776308165
|-terastallize|p2a: Great Tusk|Steel
|-terastallize|p1a: Ogerpon|Water
|detailschange|p1a: Ogerpon|Ogerpon-Wellspring-Tera, F, tera:Water
|-ability|p1a: Ogerpon|Embody Aspect (Wellspring)|boost
|-boost|p1a: Ogerpon|spd|1
|move|p2a: Great Tusk|Rapid Spin|p1a: Ogerpon
|-damage|p1a: Ogerpon|81/100
|-boost|p2a: Great Tusk|spe|1
|-sideend|p2: AKGD|Spikes|[from] move: Rapid Spin|[of] p2a: Great Tusk
|move|p1a: Ogerpon|Swords Dance|p1a: Ogerpon
|-boost|p1a: Ogerpon|atk|2
|
|upkeep
|turn|8
|inactive|Cycling ovo has 120 seconds left.
|
|t:|1776308190
|move|p2a: Great Tusk|Close Combat|p1a: Ogerpon
|-damage|p1a: Ogerpon|6/100
|-unboost|p2a: Great Tusk|def|1
|-unboost|p2a: Great Tusk|spd|1
|move|p1a: Ogerpon|Ivy Cudgel|p2a: Great Tusk|[anim] Ivy Cudgel Water
|-crit|p2a: Great Tusk
|-damage|p2a: Great Tusk|0 fnt
|faint|p2a: Great Tusk
|-end|p2a: Great Tusk|Protosynthesis|[silent]
|
|upkeep
|
|t:|1776308203
|switch|p2a: Landorus|Landorus-Therian, M|100/100
|-ability|p2a: Landorus|Intimidate|boost
|-unboost|p1a: Ogerpon|atk|1
|turn|9
|inactive|AKGD has 120 seconds left.
|
|t:|1776308220
|switch|p1a: Landorus|Landorus-Therian, M|100/100
|-ability|p1a: Landorus|Intimidate|boost
|-unboost|p2a: Landorus|atk|1
|move|p2a: Landorus|U-turn|p1a: Landorus
|-resisted|p1a: Landorus
|-damage|p1a: Landorus|91/100
|inactive|AKGD has 120 seconds left.
|
|t:|1776308236
|switch|p2a: Ogerpon|Ogerpon-Wellspring, F|27/100|[from] U-turn
|
|upkeep
|turn|10
|inactive|Cycling ovo has 120 seconds left.
|
|t:|1776308279
|move|p1a: Landorus|U-turn|p2a: Ogerpon
|-supereffective|p2a: Ogerpon
|-damage|p2a: Ogerpon|0 fnt
|faint|p2a: Ogerpon
|
|t:|1776308294
|switch|p1a: Iron Crown|Iron Crown|100/100|[from] U-turn
|
|upkeep
|
|t:|1776308305
|switch|p2a: Raging Bolt|Raging Bolt|100/100
|-enditem|p2a: Raging Bolt|Booster Energy
|-activate|p2a: Raging Bolt|ability: Protosynthesis|[fromitem]
|-start|p2a: Raging Bolt|protosynthesisspa
|turn|11
|inactive|Cycling ovo has 90 seconds left.
|
|t:|1776308327
|move|p1a: Iron Crown|Psyshock|p2a: Raging Bolt
|-damage|p2a: Raging Bolt|43/100
|move|p2a: Raging Bolt|Dragon Pulse|p1a: Iron Crown
|-resisted|p1a: Iron Crown
|-damage|p1a: Iron Crown|65/100
|
|upkeep
|turn|12
|inactive|AKGD has 120 seconds left.
|inactive|Cycling ovo has 90 seconds left.
|
|t:|1776308338
|move|p2a: Raging Bolt|Thunderclap|p1a: Iron Crown
|-damage|p1a: Iron Crown|10/100
|move|p1a: Iron Crown|Psyshock|p2a: Raging Bolt
|-damage|p2a: Raging Bolt|0 fnt
|faint|p2a: Raging Bolt
|-end|p2a: Raging Bolt|Protosynthesis|[silent]
|
|upkeep
|inactive|AKGD has 120 seconds left.
|
|t:|1776308350
|switch|p2a: Dragjet|Dragapult, F|100/100
|turn|13
|
|t:|1776308356
|-end|p1a: Iron Crown|Quark Drive|[silent]
|switch|p1a: Ogerpon|Ogerpon-Wellspring-Tera, F, tera:Water|6/100
|-ability|p1a: Ogerpon|Embody Aspect (Wellspring)|boost
|-boost|p1a: Ogerpon|spd|1
|move|p2a: Dragjet|Dragon Dance|p2a: Dragjet
|-boost|p2a: Dragjet|atk|1
|-boost|p2a: Dragjet|spe|1
|
|upkeep
|turn|14
|
|t:|1776308367
|move|p2a: Dragjet|Dragon Darts|p1a: Ogerpon
|-damage|p1a: Ogerpon|0 fnt
|faint|p1a: Ogerpon
|detailschange|p1: Ogerpon|Ogerpon-Wellspring, F|[silent]
|
|upkeep
|
|t:|1776308377
|switch|p1a: Landorus|Landorus-Therian, M|91/100
|-ability|p1a: Landorus|Intimidate|boost
|-unboost|p2a: Dragjet|atk|1
|turn|15
|
|t:|1776308388
|switch|p1a: Pecharunt|Pecharunt|59/100
|move|p2a: Dragjet|Dragon Darts|p1a: Pecharunt
|-damage|p1a: Pecharunt|48/100
|-anim|p2a: Dragjet|Dragon Darts|p1a: Pecharunt
|-damage|p1a: Pecharunt|37/100
|
|upkeep
|turn|16
|
|t:|1776308397
|move|p2a: Dragjet|Shadow Ball|p1a: Pecharunt
|-supereffective|p1a: Pecharunt
|-crit|p1a: Pecharunt
|-damage|p1a: Pecharunt|0 fnt
|faint|p1a: Pecharunt
|
|upkeep
|
|t:|1776308411
|switch|p1a: Great Tusk|Great Tusk|100/100
|-enditem|p1a: Great Tusk|Booster Energy
|-activate|p1a: Great Tusk|ability: Protosynthesis|[fromitem]
|-start|p1a: Great Tusk|protosynthesisspe
|turn|17
|
|t:|1776308432
|switch|p2a: Landorus|Landorus-Therian, M|100/100
|-ability|p2a: Landorus|Intimidate|boost
|-unboost|p1a: Great Tusk|atk|1
|move|p1a: Great Tusk|Ice Spinner|p2a: Landorus
|-supereffective|p2a: Landorus
|-damage|p2a: Landorus|30/100
|
|upkeep
|turn|18
|
|t:|1776308445
|-end|p1a: Great Tusk|Protosynthesis|[silent]
|switch|p1a: Iron Crown|Iron Crown|10/100
|move|p2a: Landorus|Earthquake|p1a: Iron Crown
|-supereffective|p1a: Iron Crown
|-damage|p1a: Iron Crown|0 fnt
|faint|p1a: Iron Crown
|-end|p1a: Iron Crown|Quark Drive|[silent]
|
|upkeep
|
|t:|1776308456
|switch|p1a: Landorus|Landorus-Therian, M|91/100
|-ability|p1a: Landorus|Intimidate|boost
|-unboost|p2a: Landorus|atk|1
|turn|19
|inactive|AKGD has 120 seconds left.
|
|t:|1776308481
|switch|p2a: Dragjet|Dragapult, F|100/100
|move|p1a: Landorus|Stone Edge|p2a: Dragjet|[miss]
|-miss|p1a: Landorus|p2a: Dragjet
|
|upkeep
|turn|20
|inactive|AKGD has 120 seconds left.
|
|t:|1776308496
|switch|p1a: Great Tusk|Great Tusk|100/100
|move|p2a: Dragjet|Dragon Dance|p2a: Dragjet
|-boost|p2a: Dragjet|atk|1
|-boost|p2a: Dragjet|spe|1
|
|upkeep
|turn|21
|inactive|Cycling ovo has 120 seconds left.
|inactive|AKGD has 120 seconds left.
|
|t:|1776308521
|move|p2a: Dragjet|Shadow Ball|p1a: Great Tusk
|-damage|p1a: Great Tusk|58/100
|move|p1a: Great Tusk|Ice Spinner|p2a: Dragjet
|-supereffective|p2a: Dragjet
|-damage|p2a: Dragjet|30/100
|
|upkeep
|turn|22
|inactive|Cycling ovo has 120 seconds left.
|
|t:|1776308545
|move|p2a: Dragjet|Dragon Darts|p1a: Great Tusk
|-damage|p1a: Great Tusk|36/100
|-anim|p2a: Dragjet|Dragon Darts|p1a: Great Tusk
|-damage|p1a: Great Tusk|17/100
|move|p1a: Great Tusk|Ice Spinner|p2a: Dragjet
|-supereffective|p2a: Dragjet
|-damage|p2a: Dragjet|0 fnt
|faint|p2a: Dragjet
|
|upkeep
|
|t:|1776308555
|switch|p2a: Landorus|Landorus-Therian, M|30/100
|-ability|p2a: Landorus|Intimidate|boost
|-unboost|p1a: Great Tusk|atk|1
|turn|23
|
|t:|1776308566
|move|p2a: Landorus|Earthquake|p1a: Great Tusk
|-damage|p1a: Great Tusk|0 fnt
|faint|p1a: Great Tusk
|-end|p1a: Great Tusk|Protosynthesis|[silent]
|
|upkeep
|
|t:|1776308570
|switch|p1a: Landorus|Landorus-Therian, M|91/100
|-ability|p1a: Landorus|Intimidate|boost
|-unboost|p2a: Landorus|atk|1
|turn|24
|c|☆AKGD|Gg
|inactive|AKGD has 120 seconds left.
|inactive|Cycling ovo has 120 seconds left.
|
|t:|1776308587
|move|p1a: Landorus|Stone Edge|p2a: Landorus|[miss]
|-miss|p1a: Landorus|p2a: Landorus
|move|p2a: Landorus|Smack Down|p1a: Landorus
|-damage|p1a: Landorus|77/100
|-start|p1a: Landorus|Smack Down
|
|upkeep
|turn|25
|inactive|AKGD has 120 seconds left.
|
|t:|1776308598
|move|p1a: Landorus|Stone Edge|p2a: Landorus
|-damage|p2a: Landorus|0 fnt
|faint|p2a: Landorus
|
|win|Cycling ovo
|raw|Cycling ovo's rating: 1430 &rarr; <strong>1447</strong><br />(+17 for winning)
|raw|AKGD's rating: 1379 &rarr; <strong>1362</strong><br />(-17 for losing)
|c|☆Cycling ovo|gg
|c|☆AKGD|That was fun
|c|☆Cycling ovo|never hit before
|c|☆Cycling ovo|：（h
|l|☆Cycling ovo
|player|p1|
