|html|<div class="broadcast-blue"><strong>[Gen 9] OU is currently suspecting Tera Blast! For information on how to participate check out the <a href="https://www.smogon.com/tools/suspects/view/200">suspect thread</a>.</strong></div>
|j|☆untitled007
|j|☆Kalle29
|t:|1776106123
|gametype|singles
|player|p1|untitled007|102|1257
|player|p2|Kalle29|dawn-gen4pt|1241
|gen|9
|tier|[Gen 9] OU
|rated|
|rule|HP Percentage Mod: HP is shown in percentages
|rule|Endless Battle Clause: Forcing endless battles is banned
|rule|Species Clause: Limit one of each Pokémon
|rule|OHKO Clause: OHKO moves are banned
|rule|Evasion Items Clause: Evasion items are banned
|rule|Evasion Moves Clause: Evasion moves are banned
|rule|Evasion Abilities Clause: Evasion abilities are banned
|rule|Sleep Moves Clause: Sleep-inducing moves are banned
|clearpoke
|poke|p1|Slowbro-Galar, M|
|poke|p1|Darkrai|
|poke|p1|Cinderace, M|
|poke|p1|Kyurem|
|poke|p1|Landorus-Therian, M|
|poke|p1|Dragapult, F|
|poke|p2|Darkrai|
|poke|p2|Great Tusk|
|poke|p2|Dondozo, M|
|poke|p2|Dragonite, M|
|poke|p2|Blaziken, M|
|poke|p2|Clodsire, F|
|teampreview
|j| ohko_smeargle
|
|t:|1776106153
|teamsize|p1|6
|teamsize|p2|6
|start
|switch|p1a: Slowbro|Slowbro-Galar, M, shiny|100/100
|switch|p2a: Darcy|Darkrai|100/100
|turn|1
|inactive|Battle timer is ON: inactive players will automatically lose when time's up. (requested by Kalle29)
|
|t:|1776106182
|switch|p1a: Darkrai|Darkrai, shiny|100/100
|move|p2a: Darcy|Dark Pulse|p1a: Darkrai
|-resisted|p1a: Darkrai
|-crit|p1a: Darkrai
|-damage|p1a: Darkrai|36/100
|
|upkeep
|turn|2
|
|t:|1776106192
|move|p1a: Darkrai|Focus Blast|p2a: Darcy
|-supereffective|p2a: Darcy
|-damage|p2a: Darcy|0 fnt
|faint|p2a: Darcy
|-damage|p1a: Darkrai|26/100|[from] item: Life Orb
|
|upkeep
|c|☆Kalle29|damn lost the speed tie
|
|t:|1776106215
|switch|p2a: Tecna|Clodsire, F|100/100
|turn|3
|
|t:|1776106224
|move|p1a: Darkrai|Ice Beam|p2a: Tecna
|-supereffective|p2a: Tecna
|-damage|p2a: Tecna|59/100
|-damage|p1a: Darkrai|17/100|[from] item: Life Orb
|move|p2a: Tecna|Toxic|p1a: Darkrai
|-status|p1a: Darkrai|tox
|
|-heal|p2a: Tecna|65/100|[from] item: Leftovers
|-damage|p1a: Darkrai|10/100 tox|[from] psn
|upkeep
|turn|4
|
|t:|1776106241
|move|p1a: Darkrai|Ice Beam|p2a: Tecna
|-supereffective|p2a: Tecna
|-damage|p2a: Tecna|22/100
|-damage|p1a: Darkrai|0 fnt|[from] item: Life Orb
|faint|p1a: Darkrai
|move|p2a: Tecna|Amnesia|p2a: Tecna
|-boost|p2a: Tecna|spd|2
|
|-heal|p2a: Tecna|29/100|[from] item: Leftovers
|upkeep
|
|t:|1776106250
|switch|p1a: Slowbro|Slowbro-Galar, M, shiny|100/100
|turn|5
|
|t:|1776106256
|move|p1a: Slowbro|Ice Beam|p2a: Tecna
|-supereffective|p2a: Tecna
|-damage|p2a: Tecna|14/100
|move|p2a: Tecna|Recover|p2a: Tecna
|-heal|p2a: Tecna|64/100
|
|-heal|p2a: Tecna|71/100|[from] item: Leftovers
|upkeep
|turn|6
|-activate|p1a: Slowbro|item: Quick Claw
|
|t:|1776106264
|move|p1a: Slowbro|Psychic|p2a: Tecna
|-supereffective|p2a: Tecna
|-damage|p2a: Tecna|49/100
|move|p2a: Tecna|Recover|p2a: Tecna
|-heal|p2a: Tecna|99/100
|
|-heal|p2a: Tecna|100/100|[from] item: Leftovers
|upkeep
|turn|7
|inactive|Kalle29 has 120 seconds left.
|
|t:|1776106297
|switch|p1a: Landorus|Landorus-Therian, M|100/100
|-ability|p1a: Landorus|Intimidate|boost
|-unboost|p2a: Tecna|atk|1
|-terastallize|p2a: Tecna|Ghost
|move|p2a: Tecna|Curse|p1a: Landorus
|-start|p1a: Landorus|Curse|[of] p2a: Tecna
|-damage|p2a: Tecna|50/100
|
|-heal|p2a: Tecna|57/100|[from] item: Leftovers
|-damage|p1a: Landorus|76/100|[from] Curse
|upkeep
|turn|8
|inactive|Kalle29 has 120 seconds left.
|
|t:|1776106312
|move|p1a: Landorus|Crunch|p2a: Tecna
|-supereffective|p2a: Tecna
|-damage|p2a: Tecna|0 fnt
|faint|p2a: Tecna
|
|-damage|p1a: Landorus|51/100|[from] Curse
|upkeep
|inactive|Kalle29 has 120 seconds left.
|
|t:|1776106325
|switch|p2a: Bloom|Blaziken, M|100/100
|turn|9
|
|t:|1776106329
|switch|p1a: Slowbro|Slowbro-Galar, M, shiny|100/100
|move|p2a: Bloom|Swords Dance|p2a: Bloom
|-boost|p2a: Bloom|atk|2
|
|-ability|p2a: Bloom|Speed Boost|boost
|-boost|p2a: Bloom|spe|1
|upkeep
|turn|10
|-activate|p1a: Slowbro|ability: Quick Draw
|
|t:|1776106339
|move|p1a: Slowbro|Psychic|p2a: Bloom
|-supereffective|p2a: Bloom
|-damage|p2a: Bloom|0 fnt
|faint|p2a: Bloom
|
|upkeep
|c|☆Kalle29|ok
|inactive|Kalle29 has 120 seconds left.
|
|t:|1776106357
|switch|p2a: Stella|Dragonite, M, shiny|100/100
|turn|11
|-activate|p1a: Slowbro|item: Quick Claw
|
|t:|1776106361
|move|p1a: Slowbro|Ice Beam|p2a: Stella
|-supereffective|p2a: Stella
|-damage|p2a: Stella|39/100
|move|p2a: Stella|Dragon Dance|p2a: Stella
|-boost|p2a: Stella|atk|1
|-boost|p2a: Stella|spe|1
|
|upkeep
|turn|12
|
|t:|1776106378
|move|p2a: Stella|Earthquake|p1a: Slowbro
|-supereffective|p1a: Slowbro
|-damage|p1a: Slowbro|0 fnt
|faint|p1a: Slowbro
|
|upkeep
|
|t:|1776106386
|switch|p1a: Landorus|Landorus-Therian, M|51/100
|-ability|p1a: Landorus|Intimidate|boost
|-unboost|p2a: Stella|atk|1
|turn|13
|
|t:|1776106391
|move|p1a: Landorus|Stone Edge|p2a: Stella
|-supereffective|p2a: Stella
|-crit|p2a: Stella
|-damage|p2a: Stella|0 fnt
|faint|p2a: Stella
|
|upkeep
|
|t:|1776106396
|switch|p2a: Musa|Great Tusk|100/100
|turn|14
|
|t:|1776106416
|switch|p1a: Kyurem|Kyurem|100/100
|-ability|p1a: Kyurem|Pressure
|move|p2a: Musa|Rapid Spin|p1a: Kyurem
|-damage|p1a: Kyurem|84/100
|-boost|p2a: Musa|spe|1
|
|upkeep
|turn|15
|
|t:|1776106426
|move|p1a: Kyurem|Freeze-Dry|p2a: Musa
|-supereffective|p2a: Musa
|-damage|p2a: Musa|0 fnt
|faint|p2a: Musa
|-end|p2a: Musa|Protosynthesis|[silent]
|
|upkeep
|
|t:|1776106433
|switch|p2a: Icy|Dondozo, M, shiny|100/100
|turn|16
|
|t:|1776106436
|move|p1a: Kyurem|Freeze-Dry|p2a: Icy
|-supereffective|p2a: Icy
|-damage|p2a: Icy|28/100
|move|p2a: Icy|Curse|p2a: Icy
|-unboost|p2a: Icy|spe|1
|-boost|p2a: Icy|atk|1
|-boost|p2a: Icy|def|1
|
|-heal|p2a: Icy|34/100|[from] item: Leftovers
|upkeep
|turn|17
|-message|Kalle29 forfeited.
|
|win|untitled007
|raw|untitled007's rating: 1233 &rarr; <strong>1259</strong><br />(+26 for winning)
|raw|Kalle29's rating: 1241 &rarr; <strong>1215</strong><br />(-26 for losing)
|l|☆Kalle29
|player|p2|
|l| ohko_smeargle
|l|☆untitled007
|player|p1|
