|html|<div class="broadcast-blue"><strong>[Gen 9] OU is currently suspecting Tera Blast! For information on how to participate check out the <a href="https://www.smogon.com/tools/suspects/view/200">suspect thread</a>.</strong></div>
|j|☆Dragonzord6
|j|☆lulu2026004
|t:|1776075182
|gametype|singles
|player|p1|Dragonzord6|265|1466
|player|p2|lulu2026004|fisherman-gen4|1457
|gen|9
|tier|[Gen 9] OU
|rated|
|rule|HP Percentage Mod: HP is shown in percentages
|rule|Endless Battle Clause: Forcing endless battles is banned
|rule|Species Clause: Limit one of each Pokémon
|rule|OHKO Clause: OHKO moves are banned
|rule|Evasion Items Clause: Evasion items are banned
|rule|Evasion Moves Clause: Evasion moves are banned
|rule|Evasion Abilities Clause: Evasion abilities are banned
|rule|Sleep Moves Clause: Sleep-inducing moves are banned
|clearpoke
|poke|p1|Pelipper, M|
|poke|p1|Barraskewda, M|
|poke|p1|Kingdra, M|
|poke|p1|Raging Bolt|
|poke|p1|Kingambit, F|
|poke|p1|Zamazenta-*|
|poke|p2|Hawlucha, M|
|poke|p2|Polteageist|
|poke|p2|Indeedee, M|
|poke|p2|Kyurem|
|poke|p2|Hatterene, F|
|poke|p2|Corviknight, F|
|teampreview
|inactive|Battle timer is ON: inactive players will automatically lose when time's up. (requested by lulu2026004)
|inactive|Dragonzord6 also wants the timer to be on.
|
|t:|1776075198
|teamsize|p1|6
|teamsize|p2|6
|start
|switch|p1a: Pelipper|Pelipper, M, shiny|100/100
|switch|p2a: Indeedee|Indeedee, M|100/100
|-fieldstart|move: Psychic Terrain|[from] ability: Psychic Surge|[of] p2a: Indeedee
|turn|1
|
|t:|1776075219
|switch|p1a: Kingambit|Kingambit, F|100/100
|move|p2a: Indeedee|Expanding Force|p1a: Kingambit
|-immune|p1a: Kingambit
|
|upkeep
|turn|2
|
|t:|1776075234
|switch|p2a: Hatterene|Hatterene, F|100/100
|move|p1a: Kingambit|Kowtow Cleave|p2a: Hatterene
|-damage|p2a: Hatterene|53/100
|-enditem|p2a: Hatterene|Eject Button
|
|t:|1776075243
|switch|p2a: Polteageist|Polteageist|100/100
|
|upkeep
|turn|3
|
|t:|1776075248
|move|p2a: Polteageist|Shell Smash|p2a: Polteageist
|-unboost|p2a: Polteageist|def|1
|-unboost|p2a: Polteageist|spd|1
|-boost|p2a: Polteageist|atk|2
|-boost|p2a: Polteageist|spa|2
|-boost|p2a: Polteageist|spe|2
|move|p1a: Kingambit|Kowtow Cleave|p2a: Polteageist
|-supereffective|p2a: Polteageist
|-enditem|p2a: Polteageist|Focus Sash
|-damage|p2a: Polteageist|1/100
|-ability|p2a: Polteageist|Weak Armor|boost
|-unboost|p2a: Polteageist|def|1
|-boost|p2a: Polteageist|spe|2
|
|upkeep
|turn|4
|
|t:|1776075266
|-terastallize|p2a: Polteageist|Fighting
|move|p2a: Polteageist|Tera Blast|p1a: Kingambit|[anim] Tera Blast Fighting
|-supereffective|p1a: Kingambit
|-damage|p1a: Kingambit|0 fnt
|faint|p1a: Kingambit
|
|upkeep
|
|t:|1776075273
|switch|p1a: Pelipper|Pelipper, M, shiny|100/100
|turn|5
|
|t:|1776075288
|move|p2a: Polteageist|Stored Power|p1a: Pelipper
|-damage|p1a: Pelipper|0 fnt
|faint|p1a: Pelipper
|
|upkeep
|
|t:|1776075298
|switch|p1a: Raging Bolt|Raging Bolt|100/100
|turn|6
|
|t:|1776075306
|move|p2a: Polteageist|Stored Power|p1a: Raging Bolt
|-damage|p1a: Raging Bolt|8/100
|move|p1a: Raging Bolt|Dragon Pulse|p2a: Polteageist
|-damage|p2a: Polteageist|0 fnt
|faint|p2a: Polteageist
|
|upkeep
|
|t:|1776075323
|switch|p2a: Hatterene|Hatterene, F|53/100
|turn|7
|
|t:|1776075331
|-terastallize|p1a: Raging Bolt|Fairy
|move|p1a: Raging Bolt|Thunder|p2a: Hatterene
|-damage|p2a: Hatterene|0 fnt
|faint|p2a: Hatterene
|
|upkeep
|
|t:|1776075356
|switch|p2a: Hawlucha|Hawlucha, M|100/100
|-enditem|p2a: Hawlucha|Psychic Seed
|-boost|p2a: Hawlucha|spd|1|[from] item: Psychic Seed
|turn|8
|
|t:|1776075363
|move|p2a: Hawlucha|Acrobatics|p1a: Raging Bolt
|-damage|p1a: Raging Bolt|0 fnt
|faint|p1a: Raging Bolt
|-end|p1a: Raging Bolt|Protosynthesis|[silent]
|
|-fieldend|move: Psychic Terrain
|upkeep
|
|t:|1776075374
|switch|p1a: Kingdra|Kingdra, M, shiny|100/100
|turn|9
|
|t:|1776075390
|move|p2a: Hawlucha|Bulk Up|p2a: Hawlucha
|-boost|p2a: Hawlucha|atk|1
|-boost|p2a: Hawlucha|def|1
|move|p1a: Kingdra|Draco Meteor|p2a: Hawlucha
|-damage|p2a: Hawlucha|25/100
|-unboost|p1a: Kingdra|spa|2
|
|upkeep
|turn|10
|
|t:|1776075398
|move|p2a: Hawlucha|Drain Punch|p1a: Kingdra
|-damage|p1a: Kingdra|37/100
|-heal|p2a: Hawlucha|57/100|[from] drain|[of] p1a: Kingdra
|move|p1a: Kingdra|Draco Meteor|p2a: Hawlucha
|-damage|p2a: Hawlucha|23/100
|-unboost|p1a: Kingdra|spa|2
|
|upkeep
|turn|11
|
|t:|1776075412
|move|p2a: Hawlucha|Drain Punch|p1a: Kingdra
|-damage|p1a: Kingdra|0 fnt
|-heal|p2a: Hawlucha|41/100|[from] drain|[of] p1a: Kingdra
|faint|p1a: Kingdra
|
|upkeep
|
|t:|1776075418
|switch|p1a: Zamazenta|Zamazenta, shiny|100/100
|-ability|p1a: Zamazenta|Dauntless Shield|boost
|-boost|p1a: Zamazenta|def|1
|turn|12
|
|t:|1776075437
|move|p2a: Hawlucha|Acrobatics|p1a: Zamazenta
|-supereffective|p1a: Zamazenta
|-damage|p1a: Zamazenta|32/100
|move|p1a: Zamazenta|Roar|p2a: Hawlucha
|drag|p2a: Kyurem|Kyurem|100/100
|-ability|p2a: Kyurem|Pressure
|
|-heal|p1a: Zamazenta|38/100|[from] item: Leftovers
|upkeep
|turn|13
|
|t:|1776075449
|move|p1a: Zamazenta|Body Press|p2a: Kyurem
|-supereffective|p2a: Kyurem
|-damage|p2a: Kyurem|0 fnt
|faint|p2a: Kyurem
|
|-heal|p1a: Zamazenta|44/100|[from] item: Leftovers
|upkeep
|
|t:|1776075457
|switch|p2a: Hawlucha|Hawlucha, M|41/100
|turn|14
|
|t:|1776075460
|move|p1a: Zamazenta|Body Press|p2a: Hawlucha
|-resisted|p2a: Hawlucha
|-damage|p2a: Hawlucha|0 fnt
|faint|p2a: Hawlucha
|
|-heal|p1a: Zamazenta|50/100|[from] item: Leftovers
|upkeep
|
|t:|1776075484
|switch|p2a: Indeedee|Indeedee, M|100/100
|-fieldstart|move: Psychic Terrain|[from] ability: Psychic Surge|[of] p2a: Indeedee
|turn|15
|c|☆Dragonzord6|I forgot drizzle
|
|t:|1776075495
|move|p1a: Zamazenta|Body Press|p2a: Indeedee
|-damage|p2a: Indeedee|0 fnt
|faint|p2a: Indeedee
|
|-heal|p1a: Zamazenta|56/100|[from] item: Leftovers
|upkeep
|c|☆Dragonzord6|How am i still winning
|inactive|lulu2026004 has 120 seconds left.
|
|t:|1776075544
|switch|p2a: Corviknight|Corviknight, F|100/100
|-ability|p2a: Corviknight|Pressure
|turn|16
|
|t:|1776075552
|move|p1a: Zamazenta|Iron Defense|p1a: Zamazenta
|-boost|p1a: Zamazenta|def|2
|move|p2a: Corviknight|Body Press|p1a: Zamazenta
|-damage|p1a: Zamazenta|49/100
|
|-heal|p1a: Zamazenta|55/100|[from] item: Leftovers
|upkeep
|turn|17
|-message|lulu2026004 forfeited.
|
|win|Dragonzord6
|raw|Dragonzord6's rating: 1466 &rarr; <strong>1484</strong><br />(+18 for winning)
|raw|lulu2026004's rating: 1433 &rarr; <strong>1415</strong><br />(-18 for losing)
|l|☆lulu2026004
|player|p2|
|l|☆Dragonzord6
|player|p1|
|j|☆Dragonzord6
|player|p1|Dragonzord6|265|
|l|☆Dragonzord6
|player|p1|
