|html|<div class="broadcast-blue"><strong>[Gen 9] OU is currently suspecting Tera Blast! For information on how to participate check out the <a href="https://www.smogon.com/tools/suspects/view/200">suspect thread</a>.</strong></div>
|j|☆DcBaker
|j|☆whatisherm3l0n
|t:|1776222822
|gametype|singles
|player|p1|DcBaker|pokemonrangerf|
|player|p2|whatisherm3l0n|acetrainer-gen4dp|
|gen|9
|tier|[Gen 9] OU
|rule|HP Percentage Mod: HP is shown in percentages
|rule|Endless Battle Clause: Forcing endless battles is banned
|rule|Species Clause: Limit one of each Pokémon
|rule|OHKO Clause: OHKO moves are banned
|rule|Evasion Items Clause: Evasion items are banned
|rule|Evasion Moves Clause: Evasion moves are banned
|rule|Evasion Abilities Clause: Evasion abilities are banned
|rule|Sleep Moves Clause: Sleep-inducing moves are banned
|clearpoke
|poke|p1|Deoxys-Speed|
|poke|p1|Ceruledge, M|
|poke|p1|Zamazenta-*|
|poke|p1|Ogerpon-Wellspring, F|
|poke|p1|Glimmora, F|
|poke|p1|Moltres-Galar|
|poke|p2|Tyranitar, M|
|poke|p2|Excadrill, M|
|poke|p2|Iron Valiant|
|poke|p2|Zapdos|
|poke|p2|Ogerpon, F|
|poke|p2|Toxapex, M|
|teampreview
|c|☆DcBaker|you are not lebron
|
|t:|1776222830
|teamsize|p1|6
|teamsize|p2|6
|start
|switch|p1a: gimmie|Glimmora, F|100/100
|switch|p2a: Tyranitar|Tyranitar, M, shiny|100/100
|-weather|Sandstorm|[from] ability: Sand Stream|[of] p2a: Tyranitar
|turn|1
|c|☆whatisherm3l0n|I am
|inactive|Battle timer is ON: inactive players will automatically lose when time's up. (requested by DcBaker)
|
|t:|1776222849
|move|p1a: gimmie|Stealth Rock|p2a: Tyranitar
|-sidestart|p2: whatisherm3l0n|move: Stealth Rock
|move|p2a: Tyranitar|Knock Off|p1a: gimmie
|-damage|p1a: gimmie|37/100
|-activate|p1a: gimmie|ability: Toxic Debris
|-sidestart|p2: whatisherm3l0n|move: Toxic Spikes
|-enditem|p1a: gimmie|Power Herb|[from] move: Knock Off|[of] p2a: Tyranitar
|
|-weather|Sandstorm|[upkeep]
|upkeep
|turn|2
|
|t:|1776222857
|move|p1a: gimmie|Meteor Beam||[still]
|-prepare|p1a: gimmie|Meteor Beam
|-boost|p1a: gimmie|spa|1
|move|p2a: Tyranitar|Stealth Rock|p1a: gimmie
|-sidestart|p1: DcBaker|move: Stealth Rock
|
|-weather|Sandstorm|[upkeep]
|upkeep
|turn|3
|
|t:|1776222879
|move|p1a: gimmie|Meteor Beam|p2a: Tyranitar|[from] lockedmove
|-damage|p2a: Tyranitar|40/100
|move|p2a: Tyranitar|Ice Punch|p1a: gimmie
|-damage|p1a: gimmie|0 fnt
|-activate|p1a: gimmie|ability: Toxic Debris
|-sidestart|p2: whatisherm3l0n|move: Toxic Spikes
|faint|p1a: gimmie
|
|-weather|Sandstorm|[upkeep]
|upkeep
|
|t:|1776222896
|switch|p1a: 1/151|Ogerpon-Wellspring, F|100/100
|-damage|p1a: 1/151|88/100|[from] Stealth Rock
|turn|4
|
|t:|1776222913
|switch|p2a: Toxapex|Toxapex, M, shiny|100/100
|-damage|p2a: Toxapex|88/100|[from] Stealth Rock
|-sideend|p2: whatisherm3l0n|move: Toxic Spikes|[of] p2a: Toxapex
|move|p1a: 1/151|Horn Leech|p2a: Toxapex
|-damage|p2a: Toxapex|56/100
|-heal|p1a: 1/151|100/100|[from] drain|[of] p2a: Toxapex
|-enditem|p2a: Toxapex|Eject Button
|
|t:|1776222923
|switch|p2a: Zapdos|Zapdos|100/100
|-ability|p2a: Zapdos|Pressure
|
|-weather|Sandstorm|[upkeep]
|-damage|p2a: Zapdos|94/100|[from] Sandstorm
|-damage|p1a: 1/151|95/100|[from] Sandstorm
|upkeep
|turn|5
|
|t:|1776222942
|-terastallize|p1a: 1/151|Water
|detailschange|p1a: 1/151|Ogerpon-Wellspring-Tera, F, tera:Water
|-ability|p1a: 1/151|Embody Aspect (Wellspring)|boost
|-boost|p1a: 1/151|spd|1
|move|p2a: Zapdos|Hurricane|p1a: 1/151|[miss]
|-miss|p2a: Zapdos|p1a: 1/151
|move|p1a: 1/151|Swords Dance|p1a: 1/151
|-boost|p1a: 1/151|atk|2
|
|-weather|Sandstorm|[upkeep]
|-damage|p2a: Zapdos|88/100|[from] Sandstorm
|-damage|p1a: 1/151|89/100|[from] Sandstorm
|upkeep
|turn|6
|inactive|whatisherm3l0n has 270 seconds left.
|
|t:|1776222968
|switch|p2a: Ogerpon|Ogerpon, F|100/100
|-damage|p2a: Ogerpon|88/100|[from] Stealth Rock
|move|p1a: 1/151|Ivy Cudgel|p2a: Ogerpon|[anim] Ivy Cudgel Water
|-resisted|p2a: Ogerpon
|-damage|p2a: Ogerpon|0 fnt
|faint|p2a: Ogerpon
|
|-weather|Sandstorm|[upkeep]
|-damage|p1a: 1/151|83/100|[from] Sandstorm
|upkeep
|
|t:|1776222984
|switch|p2a: Iron Valiant|Iron Valiant, shiny|100/100
|-damage|p2a: Iron Valiant|94/100|[from] Stealth Rock
|turn|7
|
|t:|1776222997
|-terastallize|p2a: Iron Valiant|Ghost
|move|p2a: Iron Valiant|Thunderbolt|p1a: 1/151
|-supereffective|p1a: 1/151
|-damage|p1a: 1/151|13/100
|move|p1a: 1/151|Horn Leech|p2a: Iron Valiant
|-damage|p2a: Iron Valiant|0 fnt
|-heal|p1a: 1/151|58/100|[from] drain|[of] p2a: Iron Valiant
|faint|p2a: Iron Valiant
|-end|p2a: Iron Valiant|Quark Drive|[silent]
|
|-weather|Sandstorm|[upkeep]
|-damage|p1a: 1/151|52/100|[from] Sandstorm
|upkeep
|
|t:|1776223008
|switch|p2a: Excadrill|Excadrill, M, shiny|100/100
|-damage|p2a: Excadrill|97/100|[from] Stealth Rock
|turn|8
|
|t:|1776223020
|move|p2a: Excadrill|Earthquake|p1a: 1/151
|-damage|p1a: 1/151|0 fnt
|faint|p1a: 1/151
|detailschange|p1: 1/151|Ogerpon-Wellspring, F|[silent]
|
|-weather|none
|-heal|p2a: Excadrill|100/100|[from] item: Leftovers
|upkeep
|
|t:|1776223035
|switch|p1a: ZAHM|Zamazenta|100/100
|-damage|p1a: ZAHM|94/100|[from] Stealth Rock
|-ability|p1a: ZAHM|Dauntless Shield|boost
|-boost|p1a: ZAHM|def|1
|turn|9
|
|t:|1776223043
|move|p1a: ZAHM|Body Press|p2a: Excadrill
|-supereffective|p2a: Excadrill
|-damage|p2a: Excadrill|0 fnt
|faint|p2a: Excadrill
|
|-heal|p1a: ZAHM|100/100|[from] item: Leftovers
|upkeep
|
|t:|1776223053
|switch|p2a: Toxapex|Toxapex, M, shiny|89/100
|-damage|p2a: Toxapex|77/100|[from] Stealth Rock
|turn|10
|
|t:|1776223060
|switch|p1a: DEO|Deoxys-Speed|100/100
|-damage|p1a: DEO|88/100|[from] Stealth Rock
|-ability|p1a: DEO|Pressure
|move|p2a: Toxapex|Toxic|p1a: DEO
|-status|p1a: DEO|tox
|
|-damage|p1a: DEO|82/100 tox|[from] psn
|upkeep
|turn|11
|inactive|whatisherm3l0n has 270 seconds left.
|
|t:|1776223073
|move|p1a: DEO|Taunt|p2a: Toxapex
|-start|p2a: Toxapex|move: Taunt
|cant|p2a: Toxapex|move: Taunt|Toxic Spikes
|
|-damage|p1a: DEO|70/100 tox|[from] psn
|upkeep
|turn|12
|
|t:|1776223093
|switch|p2a: Tyranitar|Tyranitar, M, shiny|40/100
|-damage|p2a: Tyranitar|27/100|[from] Stealth Rock
|-weather|Sandstorm|[from] ability: Sand Stream|[of] p2a: Tyranitar
|move|p1a: DEO|Light Screen|p1a: DEO
|-sidestart|p1: DcBaker|move: Light Screen
|
|-weather|Sandstorm|[upkeep]
|-damage|p1a: DEO|65/100 tox|[from] Sandstorm
|-damage|p1a: DEO|47/100 tox|[from] psn
|upkeep
|turn|13
|
|t:|1776223107
|move|p1a: DEO|Reflect|p1a: DEO
|-sidestart|p1: DcBaker|Reflect
|move|p2a: Tyranitar|Knock Off|p1a: DEO
|-supereffective|p1a: DEO
|-damage|p1a: DEO|0 fnt
|-enditem|p1a: DEO|Light Clay|[from] move: Knock Off|[of] p2a: Tyranitar
|faint|p1a: DEO
|
|-weather|Sandstorm|[upkeep]
|upkeep
|
|t:|1776223119
|switch|p1a: ZAHM|Zamazenta|100/100
|-damage|p1a: ZAHM|94/100|[from] Stealth Rock
|turn|14
|
|t:|1776223133
|move|p1a: ZAHM|Iron Defense|p1a: ZAHM
|-boost|p1a: ZAHM|def|2
|move|p2a: Tyranitar|Knock Off|p1a: ZAHM
|-resisted|p1a: ZAHM
|-damage|p1a: ZAHM|89/100
|-enditem|p1a: ZAHM|Leftovers|[from] move: Knock Off|[of] p2a: Tyranitar
|
|-weather|Sandstorm|[upkeep]
|-damage|p1a: ZAHM|83/100|[from] Sandstorm
|upkeep
|turn|15
|
|t:|1776223142
|switch|p2a: Toxapex|Toxapex, M, shiny|100/100
|-damage|p2a: Toxapex|88/100|[from] Stealth Rock
|move|p1a: ZAHM|Body Press|p2a: Toxapex
|-resisted|p2a: Toxapex
|-damage|p2a: Toxapex|59/100
|
|-weather|Sandstorm|[upkeep]
|-damage|p1a: ZAHM|76/100|[from] Sandstorm
|-damage|p2a: Toxapex|53/100|[from] Sandstorm
|upkeep
|turn|16
|
|t:|1776223158
|switch|p1a: mo|Moltres-Galar|100/100
|-damage|p1a: mo|75/100|[from] Stealth Rock
|move|p2a: Toxapex|Haze|p2a: Toxapex
|-clearallboost
|
|-weather|Sandstorm|[upkeep]
|-damage|p1a: mo|69/100|[from] Sandstorm
|-damage|p2a: Toxapex|47/100|[from] Sandstorm
|upkeep
|turn|17
|
|t:|1776223169
|switch|p2a: Zapdos|Zapdos|88/100
|-ability|p2a: Zapdos|Pressure
|move|p1a: mo|Nasty Plot|p1a: mo
|-boost|p1a: mo|spa|2
|
|-weather|Sandstorm|[upkeep]
|-damage|p2a: Zapdos|82/100|[from] Sandstorm
|-damage|p1a: mo|63/100|[from] Sandstorm
|upkeep
|turn|18
|
|t:|1776223184
|move|p2a: Zapdos|Volt Switch|p1a: mo
|-supereffective|p1a: mo
|-damage|p1a: mo|33/100
|-ability|p1a: mo|Berserk|boost
|-boost|p1a: mo|spa|1
|-enditem|p1a: mo|Sitrus Berry|[eat]
|-heal|p1a: mo|58/100|[from] item: Sitrus Berry
|
|t:|1776223192
|switch|p2a: Toxapex|Toxapex, M, shiny|80/100|[from] Volt Switch
|-damage|p2a: Toxapex|68/100|[from] Stealth Rock
|move|p1a: mo|Fiery Wrath|p2a: Toxapex
|-damage|p2a: Toxapex|0 fnt
|faint|p2a: Toxapex
|
|-weather|Sandstorm|[upkeep]
|-damage|p1a: mo|51/100|[from] Sandstorm
|upkeep
|
|t:|1776223201
|switch|p2a: Tyranitar|Tyranitar, M, shiny|27/100
|-damage|p2a: Tyranitar|15/100|[from] Stealth Rock
|turn|19
|
|t:|1776223209
|move|p1a: mo|Fiery Wrath|p2a: Tyranitar
|-resisted|p2a: Tyranitar
|-damage|p2a: Tyranitar|0 fnt
|faint|p2a: Tyranitar
|
|-weather|none
|-sideend|p1: DcBaker|move: Light Screen
|upkeep
|
|t:|1776223215
|switch|p2a: Zapdos|Zapdos|82/100
|-ability|p2a: Zapdos|Pressure
|turn|20
|
|t:|1776223221
|move|p2a: Zapdos|Volt Switch|p1a: mo
|-supereffective|p1a: mo
|-damage|p1a: mo|0 fnt
|faint|p1a: mo
|
|-sideend|p1: DcBaker|Reflect
|upkeep
|
|t:|1776223232
|switch|p1a: Sara|Ceruledge, M|100/100
|-damage|p1a: Sara|76/100|[from] Stealth Rock
|turn|21
|
|t:|1776223239
|move|p2a: Zapdos|Hurricane|p1a: Sara|[miss]
|-miss|p2a: Zapdos|p1a: Sara
|move|p1a: Sara|Swords Dance|p1a: Sara
|-boost|p1a: Sara|atk|2
|
|upkeep
|turn|22
|c|☆DcBaker|gg
|
|t:|1776223245
|move|p2a: Zapdos|Hurricane|p1a: Sara
|-damage|p1a: Sara|13/100
|move|p1a: Sara|Bitter Blade|p2a: Zapdos
|-damage|p2a: Zapdos|0 fnt
|-heal|p1a: Sara|56/100|[from] drain|[of] p2a: Zapdos
|faint|p2a: Zapdos
|-damage|p1a: Sara|46/100|[from] item: Life Orb
|
|win|DcBaker
