|html|<div class="broadcast-blue"><strong>[Gen 9] OU is currently suspecting Tera Blast! For information on how to participate check out the <a href="https://www.smogon.com/tools/suspects/view/200">suspect thread</a>.</strong></div>
|j|☆pop off penguinvgc
|j|☆AvocadoDeity
|t:|1776279594
|gametype|singles
|player|p1|pop off penguinvgc|skier|1201
|player|p2|AvocadoDeity|red|1178
|gen|9
|tier|[Gen 9] OU
|rated|
|rule|HP Percentage Mod: HP is shown in percentages
|rule|Endless Battle Clause: Forcing endless battles is banned
|rule|Species Clause: Limit one of each Pokémon
|rule|OHKO Clause: OHKO moves are banned
|rule|Evasion Items Clause: Evasion items are banned
|rule|Evasion Moves Clause: Evasion moves are banned
|rule|Evasion Abilities Clause: Evasion abilities are banned
|rule|Sleep Moves Clause: Sleep-inducing moves are banned
|clearpoke
|poke|p1|Dragapult, F|
|poke|p1|Ninetales-Alola, F|
|poke|p1|Iron Moth|
|poke|p1|Iron Treads|
|poke|p1|Rotom-Wash|
|poke|p1|Darkrai|
|poke|p2|Slowking-Galar, M|
|poke|p2|Tornadus-Therian, M|
|poke|p2|Cinderace, M|
|poke|p2|Lokix, M|
|poke|p2|Hydrapple, M|
|poke|p2|Great Tusk|
|teampreview
|inactive|Battle timer is ON: inactive players will automatically lose when time's up. (requested by pop off penguinvgc)
|
|t:|1776279608
|teamsize|p1|6
|teamsize|p2|6
|start
|switch|p1a: Rai|Darkrai, shiny|100/100
|switch|p2a: Tornadus|Tornadus-Therian, M|100/100
|turn|1
|
|t:|1776279613
|move|p1a: Rai|Knock Off|p2a: Tornadus
|-damage|p2a: Tornadus|67/100
|-enditem|p2a: Tornadus|Assault Vest|[from] move: Knock Off|[of] p1a: Rai
|move|p2a: Tornadus|U-turn|p1a: Rai
|-supereffective|p1a: Rai
|-damage|p1a: Rai|66/100
|
|t:|1776279622
|switch|p2a: Lokix|Lokix, M|100/100|[from] U-turn
|
|-heal|p1a: Rai|72/100|[from] item: Leftovers
|upkeep
|turn|2
|
|t:|1776279633
|switch|p1a: Treads|Iron Treads, shiny|100/100
|move|p2a: Lokix|First Impression|p1a: Treads
|-resisted|p1a: Treads
|-damage|p1a: Treads|50/100
|
|upkeep
|turn|3
|
|t:|1776279640
|switch|p2a: Tornadus|Tornadus-Therian, M|99/100
|move|p1a: Treads|Stealth Rock|p2a: Tornadus
|-sidestart|p2: AvocadoDeity|move: Stealth Rock
|
|upkeep
|turn|4
|
|t:|1776279647
|-end|p1a: Treads|Quark Drive|[silent]
|switch|p1a: A-9|Ninetales-Alola, F, shiny|100/100
|-weather|Snowscape|[from] ability: Snow Warning|[of] p1a: A-9
|move|p2a: Tornadus|Heat Wave|p1a: A-9
|-supereffective|p1a: A-9
|-damage|p1a: A-9|54/100
|
|-weather|Snowscape|[upkeep]
|upkeep
|turn|5
|
|t:|1776279660
|move|p1a: A-9|Aurora Veil|p1a: A-9
|-sidestart|p1: pop off penguinvgc|move: Aurora Veil
|move|p2a: Tornadus|U-turn|p1a: A-9
|-resisted|p1a: A-9
|-damage|p1a: A-9|51/100
|
|t:|1776279665
|switch|p2a: Cinderace|Cinderace, M|100/100|[from] U-turn
|
|-weather|Snowscape|[upkeep]
|upkeep
|turn|6
|
|t:|1776279670
|move|p2a: Cinderace|Court Change|p2a: Cinderace
|-swapsideconditions
|-activate|p2a: Cinderace|move: Court Change
|move|p1a: A-9|Encore|p2a: Cinderace
|-start|p2a: Cinderace|Encore
|
|-weather|Snowscape|[upkeep]
|upkeep
|turn|7
|
|t:|1776279682
|switch|p2a: Slowking|Slowking-Galar, M|100/100
|move|p1a: A-9|Aurora Veil|p1a: A-9
|-sidestart|p1: pop off penguinvgc|move: Aurora Veil
|
|-weather|Snowscape|[upkeep]
|upkeep
|turn|8
|
|t:|1776279690
|switch|p1a: Treads|Iron Treads, shiny|50/100
|move|p2a: Slowking|Toxic|p1a: Treads
|-immune|p1a: Treads
|
|-weather|none
|upkeep
|turn|9
|
|t:|1776279699
|switch|p2a: Tornadus|Tornadus-Therian, M|100/100
|move|p1a: Treads|Rapid Spin|p2a: Tornadus
|-damage|p2a: Tornadus|94/100
|-boost|p1a: Treads|spe|1
|-sideend|p1: pop off penguinvgc|Stealth Rock|[from] move: Rapid Spin|[of] p1a: Treads
|
|upkeep
|turn|10
|
|t:|1776279713
|move|p1a: Treads|Stealth Rock|p2a: Tornadus
|-sidestart|p2: AvocadoDeity|move: Stealth Rock
|move|p2a: Tornadus|Heat Wave|p1a: Treads
|-supereffective|p1a: Treads
|-damage|p1a: Treads|24/100
|
|upkeep
|turn|11
|
|t:|1776279720
|-end|p1a: Treads|Quark Drive|[silent]
|switch|p1a: Washed|Rotom-Wash, shiny|100/100
|move|p2a: Tornadus|Heat Wave|p1a: Washed
|-resisted|p1a: Washed
|-damage|p1a: Washed|95/100
|
|-heal|p1a: Washed|100/100|[from] item: Leftovers
|upkeep
|turn|12
|
|t:|1776279729
|switch|p2a: Slowking|Slowking-Galar, M|100/100
|-damage|p2a: Slowking|88/100|[from] Stealth Rock
|move|p1a: Washed|Volt Switch|p2a: Slowking
|-damage|p2a: Slowking|78/100
|
|t:|1776279735
|switch|p1a: Rai|Darkrai, shiny|72/100|[from] Volt Switch
|
|-heal|p1a: Rai|78/100|[from] item: Leftovers
|-sideend|p2: AvocadoDeity|move: Aurora Veil
|upkeep
|turn|13
|
|t:|1776279742
|move|p1a: Rai|Knock Off|p2a: Slowking
|-supereffective|p2a: Slowking
|-enditem|p2a: Slowking|Colbur Berry|[eat]
|-enditem|p2a: Slowking|Colbur Berry|[weaken]
|-damage|p2a: Slowking|57/100
|-prepare|p2a: Slowking|Chilly Reception|[premajor]
|move|p2a: Slowking|Chilly Reception|p2a: Slowking
|-weather|Snowscape
|
|t:|1776279749
|switch|p2a: Tornadus|Tornadus-Therian, M|100/100|[from] Chilly Reception
|-damage|p2a: Tornadus|76/100|[from] Stealth Rock
|
|-weather|Snowscape|[upkeep]
|-heal|p1a: Rai|85/100|[from] item: Leftovers
|upkeep
|turn|14
|
|t:|1776279755
|move|p1a: Rai|Dark Pulse|p2a: Tornadus
|-damage|p2a: Tornadus|45/100
|move|p2a: Tornadus|U-turn|p1a: Rai
|-supereffective|p1a: Rai
|-damage|p1a: Rai|67/100
|
|t:|1776279762
|switch|p2a: Great Tusk|Great Tusk|100/100|[from] U-turn
|-damage|p2a: Great Tusk|97/100|[from] Stealth Rock
|
|-weather|Snowscape|[upkeep]
|-heal|p1a: Rai|73/100|[from] item: Leftovers
|-sideend|p1: pop off penguinvgc|move: Aurora Veil
|upkeep
|turn|15
|
|t:|1776279772
|move|p1a: Rai|Will-O-Wisp|p2a: Great Tusk
|-status|p2a: Great Tusk|brn
|move|p2a: Great Tusk|Rapid Spin|p1a: Rai
|-damage|p1a: Rai|65/100
|-boost|p2a: Great Tusk|spe|1
|-sideend|p2: AvocadoDeity|Stealth Rock|[from] move: Rapid Spin|[of] p2a: Great Tusk
|
|-weather|Snowscape|[upkeep]
|-heal|p1a: Rai|71/100|[from] item: Leftovers
|-damage|p2a: Great Tusk|91/100 brn|[from] brn
|upkeep
|turn|16
|
|t:|1776279780
|move|p2a: Great Tusk|Stealth Rock|p1a: Rai
|-sidestart|p1: pop off penguinvgc|move: Stealth Rock
|move|p1a: Rai|Knock Off|p2a: Great Tusk
|-resisted|p2a: Great Tusk
|-damage|p2a: Great Tusk|83/100 brn
|-damage|p1a: Rai|55/100|[from] item: Rocky Helmet|[of] p2a: Great Tusk
|-enditem|p2a: Great Tusk|Rocky Helmet|[from] move: Knock Off|[of] p1a: Rai
|
|-weather|Snowscape|[upkeep]
|-heal|p1a: Rai|61/100|[from] item: Leftovers
|-damage|p2a: Great Tusk|76/100 brn|[from] brn
|upkeep
|turn|17
|
|t:|1776279791
|switch|p1a: Washed|Rotom-Wash, shiny|100/100
|-damage|p1a: Washed|88/100|[from] Stealth Rock
|move|p2a: Great Tusk|Earthquake|p1a: Washed
|-immune|p1a: Washed|[from] ability: Levitate
|
|-weather|none
|-heal|p1a: Washed|94/100|[from] item: Leftovers
|-damage|p2a: Great Tusk|70/100 brn|[from] brn
|upkeep
|turn|18
|
|t:|1776279800
|-end|p2a: Great Tusk|Protosynthesis|[silent]
|switch|p2a: Slowking|Slowking-Galar, M|90/100
|move|p1a: Washed|Volt Switch|p2a: Slowking
|-damage|p2a: Slowking|71/100
|
|t:|1776279803
|switch|p1a: Treads|Iron Treads, shiny|24/100|[from] Volt Switch
|
|upkeep
|turn|19
|
|t:|1776279813
|move|p1a: Treads|Rapid Spin|p2a: Slowking
|-damage|p2a: Slowking|62/100
|-boost|p1a: Treads|spe|1
|-sideend|p1: pop off penguinvgc|Stealth Rock|[from] move: Rapid Spin|[of] p1a: Treads
|-prepare|p2a: Slowking|Chilly Reception|[premajor]
|move|p2a: Slowking|Chilly Reception|p2a: Slowking
|-weather|Snowscape
|
|t:|1776279818
|switch|p2a: Great Tusk|Great Tusk|70/100 brn|[from] Chilly Reception
|
|-weather|Snowscape|[upkeep]
|-damage|p2a: Great Tusk|64/100 brn|[from] brn
|upkeep
|turn|20
|
|t:|1776279824
|-end|p1a: Treads|Quark Drive|[silent]
|switch|p1a: Washed|Rotom-Wash, shiny|94/100
|move|p2a: Great Tusk|Earthquake|p1a: Washed
|-immune|p1a: Washed|[from] ability: Levitate
|
|-weather|Snowscape|[upkeep]
|-heal|p1a: Washed|100/100|[from] item: Leftovers
|-damage|p2a: Great Tusk|58/100 brn|[from] brn
|upkeep
|turn|21
|
|t:|1776279827
|move|p2a: Great Tusk|Stealth Rock|p1a: Washed
|-sidestart|p1: pop off penguinvgc|move: Stealth Rock
|move|p1a: Washed|Volt Switch|p2a: Great Tusk
|-immune|p2a: Great Tusk
|
|-weather|Snowscape|[upkeep]
|-damage|p2a: Great Tusk|52/100 brn|[from] brn
|upkeep
|turn|22
|
|t:|1776279838
|move|p2a: Great Tusk|Ice Spinner|p1a: Washed
|-resisted|p1a: Washed
|-damage|p1a: Washed|96/100
|move|p1a: Washed|Hydro Pump|p2a: Great Tusk
|-supereffective|p2a: Great Tusk
|-damage|p2a: Great Tusk|0 fnt
|faint|p2a: Great Tusk
|-end|p2a: Great Tusk|Protosynthesis|[silent]
|
|-weather|Snowscape|[upkeep]
|-heal|p1a: Washed|100/100|[from] item: Leftovers
|upkeep
|
|t:|1776279846
|switch|p2a: Lokix|Lokix, M|100/100
|turn|23
|
|t:|1776279852
|-terastallize|p2a: Lokix|Bug
|move|p2a: Lokix|First Impression|p1a: Washed
|-damage|p1a: Washed|36/100
|move|p1a: Washed|Volt Switch|p2a: Lokix
|-damage|p2a: Lokix|51/100
|
|t:|1776279862
|switch|p1a: Rai|Darkrai, shiny|61/100|[from] Volt Switch
|-damage|p1a: Rai|48/100|[from] Stealth Rock
|
|-weather|none
|-heal|p1a: Rai|55/100|[from] item: Leftovers
|upkeep
|turn|24
|
|t:|1776279867
|switch|p2a: Slowking|Slowking-Galar, M|96/100
|move|p1a: Rai|Will-O-Wisp|p2a: Slowking
|-status|p2a: Slowking|brn
|
|-heal|p1a: Rai|61/100|[from] item: Leftovers
|-damage|p2a: Slowking|90/100 brn|[from] brn
|upkeep
|turn|25
|
|t:|1776279875
|move|p1a: Rai|Dark Pulse|p2a: Slowking
|-supereffective|p2a: Slowking
|-damage|p2a: Slowking|28/100 brn
|-prepare|p2a: Slowking|Chilly Reception|[premajor]
|move|p2a: Slowking|Chilly Reception|p2a: Slowking
|-weather|Snowscape
|
|t:|1776279882
|switch|p2a: Lokix|Lokix, M, tera:Bug|51/100|[from] Chilly Reception
|
|-weather|Snowscape|[upkeep]
|-heal|p1a: Rai|67/100|[from] item: Leftovers
|upkeep
|turn|26
|
|t:|1776279888
|switch|p1a: Moth|Iron Moth, shiny|100/100
|-damage|p1a: Moth|76/100|[from] Stealth Rock
|-enditem|p1a: Moth|Booster Energy
|-activate|p1a: Moth|ability: Quark Drive|[fromitem]
|-start|p1a: Moth|quarkdrivespe
|move|p2a: Lokix|First Impression|p1a: Moth
|-resisted|p1a: Moth
|-damage|p1a: Moth|16/100
|
|-weather|Snowscape|[upkeep]
|upkeep
|turn|27
|
|t:|1776279900
|switch|p2a: Cinderace|Cinderace, M|100/100
|move|p1a: Moth|Fiery Dance|p2a: Cinderace
|-resisted|p2a: Cinderace
|-damage|p2a: Cinderace|74/100
|
|-weather|Snowscape|[upkeep]
|upkeep
|turn|28
|
|t:|1776279910
|-end|p1a: Moth|Quark Drive|[silent]
|switch|p1a: Rai|Darkrai, shiny|67/100
|-damage|p1a: Rai|54/100|[from] Stealth Rock
|move|p2a: Cinderace|Pyro Ball|p1a: Rai
|-damage|p1a: Rai|2/100
|
|-weather|Snowscape|[upkeep]
|-heal|p1a: Rai|8/100|[from] item: Leftovers
|upkeep
|turn|29
|
|t:|1776279919
|move|p1a: Rai|Dark Pulse|p2a: Cinderace
|-damage|p2a: Cinderace|31/100
|move|p2a: Cinderace|U-turn|p1a: Rai
|-supereffective|p1a: Rai
|-damage|p1a: Rai|0 fnt
|faint|p1a: Rai
|
|t:|1776279927
|switch|p2a: Lokix|Lokix, M, tera:Bug|51/100|[from] U-turn
|
|-weather|none
|upkeep
|
|t:|1776279937
|switch|p1a: Treads|Iron Treads, shiny|24/100
|turn|30
|
|t:|1776279943
|move|p2a: Lokix|First Impression|p1a: Treads
|-resisted|p1a: Treads
|-damage|p1a: Treads|0 fnt
|faint|p1a: Treads
|-end|p1a: Treads|Quark Drive|[silent]
|
|upkeep
|
|t:|1776279952
|switch|p1a: Washed|Rotom-Wash, shiny|36/100
|-damage|p1a: Washed|24/100|[from] Stealth Rock
|turn|31
|
|t:|1776279957
|switch|p2a: Slowking|Slowking-Galar, M|61/100 brn
|move|p1a: Washed|Pain Split|p2a: Slowking
|-sethp|p2a: Slowking|40/100 brn|[from] move: Pain Split|[silent]
|-sethp|p1a: Washed|51/100|[from] move: Pain Split
|
|-heal|p1a: Washed|57/100|[from] item: Leftovers
|-damage|p2a: Slowking|34/100 brn|[from] brn
|upkeep
|turn|32
|
|t:|1776279965
|move|p1a: Washed|Hydro Pump|p2a: Slowking
|-damage|p2a: Slowking|3/100 brn
|move|p2a: Slowking|Toxic|p1a: Washed
|-status|p1a: Washed|tox
|
|-heal|p1a: Washed|64/100 tox|[from] item: Leftovers
|-damage|p1a: Washed|57/100 tox|[from] psn
|-damage|p2a: Slowking|0 fnt|[from] brn
|faint|p2a: Slowking
|upkeep
|
|t:|1776279974
|switch|p2a: Hydrapple|Hydrapple, M|100/100
|turn|33
|
|t:|1776279990
|switch|p1a: Moth|Iron Moth, shiny|16/100
|-damage|p1a: Moth|0 fnt|[from] Stealth Rock
|faint|p1a: Moth
|-end|p1a: Moth|Quark Drive|[silent]
|move|p2a: Hydrapple|Earth Power|p1: Moth|[notarget]
|-fail|p2a: Hydrapple
|
|upkeep
|
|t:|1776279997
|switch|p1a: A-9|Ninetales-Alola, F, shiny|51/100
|-damage|p1a: A-9|26/100|[from] Stealth Rock
|-weather|Snowscape|[from] ability: Snow Warning|[of] p1a: A-9
|turn|34
|
|t:|1776280003
|move|p1a: A-9|Freeze-Dry|p2a: Hydrapple
|-supereffective|p2a: Hydrapple
|-damage|p2a: Hydrapple|12/100
|move|p2a: Hydrapple|Earth Power|p1a: A-9
|-damage|p1a: A-9|0 fnt
|faint|p1a: A-9
|-damage|p2a: Hydrapple|2/100|[from] item: Life Orb
|
|-weather|Snowscape|[upkeep]
|upkeep
|
|t:|1776280013
|switch|p1a: Washed|Rotom-Wash, shiny|57/100 tox
|-damage|p1a: Washed|45/100 tox|[from] Stealth Rock
|turn|35
|
|t:|1776280020
|move|p1a: Washed|Hydro Pump|p2a: Hydrapple
|-resisted|p2a: Hydrapple
|-damage|p2a: Hydrapple|0 fnt
|faint|p2a: Hydrapple
|
|-weather|Snowscape|[upkeep]
|-heal|p1a: Washed|51/100 tox|[from] item: Leftovers
|-damage|p1a: Washed|45/100 tox|[from] psn
|upkeep
|
|t:|1776280023
|switch|p2a: Lokix|Lokix, M, tera:Bug|51/100
|turn|36
|
|t:|1776280026
|move|p2a: Lokix|First Impression|p1a: Washed
|-crit|p1a: Washed
|-damage|p1a: Washed|0 fnt
|faint|p1a: Washed
|
|-weather|Snowscape|[upkeep]
|upkeep
|
|t:|1776280028
|switch|p1a: Pult|Dragapult, F, shiny|100/100
|-damage|p1a: Pult|88/100|[from] Stealth Rock
|turn|37
|
|t:|1776280037
|switch|p2a: Cinderace|Cinderace, M|31/100
|move|p1a: Pult|Substitute|p1a: Pult
|-start|p1a: Pult|Substitute
|-damage|p1a: Pult|63/100
|
|-weather|Snowscape|[upkeep]
|-heal|p1a: Pult|69/100|[from] item: Leftovers
|upkeep
|turn|38
|
|t:|1776280046
|move|p1a: Pult|Dragon Darts|p2a: Cinderace
|-damage|p2a: Cinderace|0 fnt
|faint|p2a: Cinderace
|
|-weather|none
|-heal|p1a: Pult|75/100|[from] item: Leftovers
|upkeep
|
|t:|1776280051
|switch|p2a: Tornadus|Tornadus-Therian, M|78/100
|turn|39
|
|t:|1776280057
|-terastallize|p1a: Pult|Dragon
|move|p1a: Pult|Dragon Darts|p2a: Tornadus
|-damage|p2a: Tornadus|40/100
|-anim|p1a: Pult|Dragon Darts|p2a: Tornadus
|-damage|p2a: Tornadus|4/100
|move|p2a: Tornadus|Knock Off|p1a: Pult
|-end|p1a: Pult|Substitute
|
|-heal|p1a: Pult|81/100|[from] item: Leftovers
|upkeep
|turn|40
|
|t:|1776280073
|move|p1a: Pult|Substitute|p1a: Pult
|-start|p1a: Pult|Substitute
|-damage|p1a: Pult|56/100
|move|p2a: Tornadus|Bleakwind Storm|p1a: Pult
|-end|p1a: Pult|Substitute
|
|-heal|p1a: Pult|62/100|[from] item: Leftovers
|upkeep
|turn|41
|inactive|pop off penguinvgc has 120 seconds left.
|
|t:|1776280124
|move|p1a: Pult|Dragon Dance|p1a: Pult
|-boost|p1a: Pult|atk|1
|-boost|p1a: Pult|spe|1
|move|p2a: Tornadus|Knock Off|p1a: Pult
|-damage|p1a: Pult|35/100
|-enditem|p1a: Pult|Leftovers|[from] move: Knock Off|[of] p2a: Tornadus
|
|upkeep
|turn|42
|
|t:|1776280134
|move|p1a: Pult|Substitute|p1a: Pult
|-start|p1a: Pult|Substitute
|-damage|p1a: Pult|10/100
|move|p2a: Tornadus|Bleakwind Storm|p1a: Pult
|-end|p1a: Pult|Substitute
|
|upkeep
|turn|43
|
|t:|1776280142
|move|p1a: Pult|Phantom Force||[still]
|-prepare|p1a: Pult|Phantom Force
|move|p2a: Tornadus|U-turn|p1a: Pult|[miss]
|-miss|p2a: Tornadus|p1a: Pult
|
|upkeep
|turn|44
|
|t:|1776280148
|move|p1a: Pult|Phantom Force|p2a: Tornadus|[from] lockedmove
|-damage|p2a: Tornadus|0 fnt
|faint|p2a: Tornadus
|
|upkeep
|
|t:|1776280150
|switch|p2a: Lokix|Lokix, M, tera:Bug|51/100
|turn|45
|
|t:|1776280152
|move|p2a: Lokix|First Impression|p1a: Pult
|-damage|p1a: Pult|0 fnt
|faint|p1a: Pult
|
|win|AvocadoDeity
|raw|pop off penguinvgc's rating: 1201 &rarr; <strong>1174</strong><br />(-27 for losing)
|raw|AvocadoDeity's rating: 1178 &rarr; <strong>1205</strong><br />(+27 for winning)
|l|☆pop off penguinvgc
|player|p1|
