|html|<div class="broadcast-blue"><strong>[Gen 9] OU is currently suspecting Tera Blast! For information on how to participate check out the <a href="https://www.smogon.com/tools/suspects/view/200">suspect thread</a>.</strong></div>
|j|☆gunaitebr
|j|☆SnowieSoul
|t:|1776128680
|gametype|singles
|player|p1|gunaitebr|101|1116
|player|p2|SnowieSoul|102|1043
|gen|9
|tier|[Gen 9] OU
|rated|
|rule|HP Percentage Mod: HP is shown in percentages
|rule|Endless Battle Clause: Forcing endless battles is banned
|rule|Species Clause: Limit one of each Pokémon
|rule|OHKO Clause: OHKO moves are banned
|rule|Evasion Items Clause: Evasion items are banned
|rule|Evasion Moves Clause: Evasion moves are banned
|rule|Evasion Abilities Clause: Evasion abilities are banned
|rule|Sleep Moves Clause: Sleep-inducing moves are banned
|clearpoke
|poke|p1|Iron Jugulis|
|poke|p1|Zapdos-Galar|
|poke|p1|Gastrodon, F|
|poke|p1|Slowbro, M|
|poke|p1|Rotom-Wash|
|poke|p1|Porygon-Z|
|poke|p2|Gliscor, F|
|poke|p2|Incineroar, F|
|poke|p2|Rillaboom, F|
|poke|p2|Raging Bolt|
|poke|p2|Gholdengo|
|poke|p2|Hatterene, F|
|teampreview
|inactive|Battle timer is ON: inactive players will automatically lose when time's up. (requested by gunaitebr)
|
|t:|1776128703
|teamsize|p1|6
|teamsize|p2|6
|start
|switch|p1a: Porygon-Z|Porygon-Z|100/100
|switch|p2a: Gholdengo|Gholdengo|100/100
|-ability|p1a: Porygon-Z|Download|boost
|-boost|p1a: Porygon-Z|spa|1
|turn|1
|
|t:|1776128712
|move|p1a: Porygon-Z|Shadow Ball|p2a: Gholdengo
|-supereffective|p2a: Gholdengo
|-damage|p2a: Gholdengo|8/100
|-unboost|p2a: Gholdengo|spd|1
|move|p2a: Gholdengo|Focus Blast|p1a: Porygon-Z
|-supereffective|p1a: Porygon-Z
|-damage|p1a: Porygon-Z|0 fnt
|faint|p1a: Porygon-Z
|
|upkeep
|
|t:|1776128724
|switch|p1a: Iron Jugulis|Iron Jugulis|100/100
|-enditem|p1a: Iron Jugulis|Booster Energy
|-activate|p1a: Iron Jugulis|ability: Quark Drive|[fromitem]
|-start|p1a: Iron Jugulis|quarkdrivespe
|turn|2
|inactive|SnowieSoul has 120 seconds left.
|c|☆gunaitebr|Bora
|inactive|SnowieSoul has 90 seconds left.
|
|t:|1776128814
|move|p1a: Iron Jugulis|Dark Pulse|p2a: Gholdengo
|-supereffective|p2a: Gholdengo
|-damage|p2a: Gholdengo|0 fnt
|faint|p2a: Gholdengo
|
|upkeep
|inactive|SnowieSoul has 60 seconds left.
|
|t:|1776128832
|switch|p2a: Raging Bolt|Raging Bolt|100/100
|-enditem|p2a: Raging Bolt|Booster Energy
|-activate|p2a: Raging Bolt|ability: Protosynthesis|[fromitem]
|-start|p2a: Raging Bolt|protosynthesisspa
|turn|3
|inactive|SnowieSoul has 60 seconds left.
|
|t:|1776128855
|-terastallize|p1a: Iron Jugulis|Fairy
|move|p1a: Iron Jugulis|Earth Power|p2a: Raging Bolt
|-supereffective|p2a: Raging Bolt
|-damage|p2a: Raging Bolt|48/100
|move|p2a: Raging Bolt|Thunder Wave|p1a: Iron Jugulis
|-status|p1a: Iron Jugulis|par
|
|upkeep
|turn|4
|inactive|SnowieSoul has 60 seconds left.
|
|t:|1776128889
|cant|p1a: Iron Jugulis|par
|move|p2a: Raging Bolt|Calm Mind|p2a: Raging Bolt
|-boost|p2a: Raging Bolt|spa|1
|-boost|p2a: Raging Bolt|spd|1
|
|upkeep
|turn|5
|
|t:|1776128895
|move|p2a: Raging Bolt|Thunderclap|p1a: Iron Jugulis
|-damage|p1a: Iron Jugulis|18/100 par
|cant|p1a: Iron Jugulis|par
|
|upkeep
|turn|6
|
|t:|1776128901
|move|p2a: Raging Bolt|Thunderclap|p1a: Iron Jugulis
|-damage|p1a: Iron Jugulis|0 fnt
|faint|p1a: Iron Jugulis
|-end|p1a: Iron Jugulis|Quark Drive|[silent]
|
|upkeep
|
|t:|1776128912
|switch|p1a: Gastrodon|Gastrodon, F, shiny|100/100
|turn|7
|
|t:|1776128918
|move|p2a: Raging Bolt|Draco Meteor|p1a: Gastrodon
|-damage|p1a: Gastrodon|0 fnt
|-unboost|p2a: Raging Bolt|spa|2
|faint|p1a: Gastrodon
|
|upkeep
|
|t:|1776128930
|switch|p1a: Slowbro|Slowbro, M|100/100
|turn|8
|
|t:|1776128938
|move|p2a: Raging Bolt|Calm Mind|p2a: Raging Bolt
|-boost|p2a: Raging Bolt|spa|1
|-boost|p2a: Raging Bolt|spd|1
|move|p1a: Slowbro|Belly Drum|p1a: Slowbro
|-damage|p1a: Slowbro|50/100
|-setboost|p1a: Slowbro|atk|6|[from] move: Belly Drum
|
|-heal|p1a: Slowbro|57/100|[from] item: Leftovers
|upkeep
|turn|9
|
|t:|1776128951
|move|p2a: Raging Bolt|Thunderclap|p1a: Slowbro
|-supereffective|p1a: Slowbro
|-damage|p1a: Slowbro|0 fnt
|faint|p1a: Slowbro
|
|upkeep
|
|t:|1776128956
|switch|p1a: Rotom|Rotom-Wash, shiny|100/100
|turn|10
|inactive|SnowieSoul has 90 seconds left.
|
|t:|1776128969
|-terastallize|p2a: Raging Bolt|Electric
|move|p2a: Raging Bolt|Thunderclap|p1a: Rotom
|-damage|p1a: Rotom|14/100
|move|p1a: Rotom|Night Shade|p2a: Raging Bolt
|-damage|p2a: Raging Bolt|26/100
|
|upkeep
|turn|11
|inactive|SnowieSoul has 90 seconds left.
|
|t:|1776128988
|move|p2a: Raging Bolt|Thunderclap|p1a: Rotom
|-damage|p1a: Rotom|0 fnt
|faint|p1a: Rotom
|
|upkeep
|
|t:|1776128993
|switch|p1a: Zapdos|Zapdos-Galar, shiny|100/100
|turn|12
|
|t:|1776128998
|move|p2a: Raging Bolt|Thunderclap|p1a: Zapdos
|-supereffective|p1a: Zapdos
|-damage|p1a: Zapdos|0 fnt
|faint|p1a: Zapdos
|
|win|SnowieSoul
|raw|gunaitebr's rating: 1116 &rarr; <strong>1086</strong><br />(-30 for losing)
|raw|SnowieSoul's rating: 1043 &rarr; <strong>1083</strong><br />(+40 for winning)
|l|☆gunaitebr
|player|p1|
