|html|<div class="broadcast-blue"><strong>[Gen 9] OU is currently suspecting Tera Blast! For information on how to participate check out the <a href="https://www.smogon.com/tools/suspects/view/200">suspect thread</a>.</strong></div>
|j|☆Cinder Stan!
|j|☆Tsucci Hebi
|t:|1776084819
|gametype|singles
|player|p1|Cinder Stan!|emmet|1129
|player|p2|Tsucci Hebi|backersf|1088
|gen|9
|tier|[Gen 9] OU
|rated|
|rule|HP Percentage Mod: HP is shown in percentages
|rule|Endless Battle Clause: Forcing endless battles is banned
|rule|Species Clause: Limit one of each Pokémon
|rule|OHKO Clause: OHKO moves are banned
|rule|Evasion Items Clause: Evasion items are banned
|rule|Evasion Moves Clause: Evasion moves are banned
|rule|Evasion Abilities Clause: Evasion abilities are banned
|rule|Sleep Moves Clause: Sleep-inducing moves are banned
|clearpoke
|poke|p1|Cinderace, M|
|poke|p1|Meowscarada, F|
|poke|p1|Ogerpon-Wellspring, F|
|poke|p1|Walking Wake|
|poke|p1|Gholdengo|
|poke|p1|Iron Valiant|
|poke|p2|Houndstone, M|
|poke|p2|Ogerpon-Wellspring, F|
|poke|p2|Meloetta|
|poke|p2|Glimmora, F|
|poke|p2|Clefable, F|
|poke|p2|Dudunsparce-*, M|
|teampreview
|
|t:|1776084828
|teamsize|p1|6
|teamsize|p2|6
|start
|switch|p1a: Ogerpon|Ogerpon-Wellspring, F|100/100
|switch|p2a: 土蛇(tsuchi hebi)|Dudunsparce-Three-Segment, M|100/100
|turn|1
|
|t:|1776084832
|move|p1a: Ogerpon|Swords Dance|p1a: Ogerpon
|-boost|p1a: Ogerpon|atk|2
|move|p2a: 土蛇(tsuchi hebi)|Boomburst|p1a: Ogerpon
|-damage|p1a: Ogerpon|34/100
|-enditem|p2a: 土蛇(tsuchi hebi)|Throat Spray
|-boost|p2a: 土蛇(tsuchi hebi)|spa|1|[from] item: Throat Spray
|
|upkeep
|turn|2
|
|t:|1776084842
|move|p1a: Ogerpon|Horn Leech|p2a: 土蛇(tsuchi hebi)
|-damage|p2a: 土蛇(tsuchi hebi)|19/100
|-heal|p1a: Ogerpon|96/100|[from] drain|[of] p2a: 土蛇(tsuchi hebi)
|move|p2a: 土蛇(tsuchi hebi)|Boomburst|p1a: Ogerpon
|-damage|p1a: Ogerpon|0 fnt
|faint|p1a: Ogerpon
|
|upkeep
|
|t:|1776084851
|switch|p1a: Meowscarada|Meowscarada, F|100/100
|turn|3
|
|t:|1776084859
|switch|p2a: Beam|Glimmora, F|100/100
|move|p1a: Meowscarada|Flower Trick|p2a: Beam
|-start|p1a: Meowscarada|typechange|Grass|[from] ability: Protean
|-crit|p2a: Beam
|-damage|p2a: Beam|60/100
|-activate|p2a: Beam|ability: Toxic Debris
|-sidestart|p1: Cinder Stan!|move: Toxic Spikes
|
|upkeep
|turn|4
|
|t:|1776084869
|move|p1a: Meowscarada|Flower Trick|p2a: Beam
|-crit|p2a: Beam
|-damage|p2a: Beam|24/100
|-activate|p2a: Beam|ability: Toxic Debris
|-sidestart|p1: Cinder Stan!|move: Toxic Spikes
|move|p2a: Beam|Meteor Beam||[still]
|-prepare|p2a: Beam|Meteor Beam
|-boost|p2a: Beam|spa|1
|-enditem|p2a: Beam|Power Herb
|-anim|p2a: Beam|Meteor Beam|p1a: Meowscarada
|-damage|p1a: Meowscarada|0 fnt
|faint|p1a: Meowscarada
|
|upkeep
|
|t:|1776084875
|switch|p1a: Cinderace|Cinderace, M|100/100
|turn|5
|
|t:|1776084880
|move|p1a: Cinderace|Court Change|p1a: Cinderace
|-start|p1a: Cinderace|typechange|Normal|[from] ability: Libero
|-swapsideconditions
|-activate|p1a: Cinderace|move: Court Change
|move|p2a: Beam|Earth Power|p1a: Cinderace
|-damage|p1a: Cinderace|40/100
|
|upkeep
|turn|6
|
|t:|1776084891
|switch|p1a: Gholdengo|Gholdengo|100/100
|-item|p1a: Gholdengo|Air Balloon
|switch|p2a: Pink thing|Clefable, F|100/100
|-status|p2a: Pink thing|tox
|
|upkeep
|turn|7
|
|t:|1776084900
|switch|p2a: Beam|Glimmora, F|24/100
|-sideend|p2: Tsucci Hebi|move: Toxic Spikes|[of] p2a: Beam
|move|p1a: Gholdengo|Nasty Plot|p1a: Gholdengo
|-boost|p1a: Gholdengo|spa|2
|
|upkeep
|turn|8
|
|t:|1776084917
|move|p1a: Gholdengo|Nasty Plot|p1a: Gholdengo
|-boost|p1a: Gholdengo|spa|2
|move|p2a: Beam|Stealth Rock|p1a: Gholdengo
|-sidestart|p1: Cinder Stan!|move: Stealth Rock
|
|upkeep
|turn|9
|
|t:|1776084927
|move|p1a: Gholdengo|Nasty Plot|p1a: Gholdengo
|-boost|p1a: Gholdengo|spa|2
|move|p2a: Beam|Meteor Beam||[still]
|-prepare|p2a: Beam|Meteor Beam
|-boost|p2a: Beam|spa|1
|
|upkeep
|turn|10
|
|t:|1776084933
|move|p1a: Gholdengo|Make It Rain|p2a: Beam
|-supereffective|p2a: Beam
|-damage|p2a: Beam|0 fnt
|-unboost|p1a: Gholdengo|spa|1
|faint|p2a: Beam
|
|upkeep
|
|t:|1776084943
|switch|p2a: 土蛇(tsuchi hebi)|Dudunsparce-Three-Segment, M|19/100
|turn|11
|
|t:|1776084946
|move|p1a: Gholdengo|Dazzling Gleam|p2a: 土蛇(tsuchi hebi)
|-damage|p2a: 土蛇(tsuchi hebi)|0 fnt
|faint|p2a: 土蛇(tsuchi hebi)
|
|upkeep
|
|t:|1776084951
|switch|p2a: Mellie|Meloetta|100/100
|turn|12
|
|t:|1776084957
|move|p1a: Gholdengo|Make It Rain|p2a: Mellie
|-damage|p2a: Mellie|0 fnt
|-unboost|p1a: Gholdengo|spa|1
|faint|p2a: Mellie
|
|upkeep
|
|t:|1776084963
|switch|p2a: Pink thing|Clefable, F|100/100 tox
|turn|13
|
|t:|1776084967
|switch|p2a: Kanabō|Ogerpon-Wellspring, F|100/100
|move|p1a: Gholdengo|Make It Rain|p2a: Kanabō
|-resisted|p2a: Kanabō
|-damage|p2a: Kanabō|0 fnt
|-unboost|p1a: Gholdengo|spa|1
|faint|p2a: Kanabō
|
|upkeep
|
|t:|1776084977
|switch|p2a: Sandstorm|Houndstone, M, shiny|100/100
|turn|14
|
|t:|1776084983
|-terastallize|p1a: Gholdengo|Steel
|move|p1a: Gholdengo|Make It Rain|p2a: Sandstorm
|-damage|p2a: Sandstorm|0 fnt
|-unboost|p1a: Gholdengo|spa|1
|faint|p2a: Sandstorm
|
|upkeep
|
|t:|1776084989
|switch|p2a: Pink thing|Clefable, F|100/100 tox
|turn|15
|
|t:|1776084994
|-terastallize|p2a: Pink thing|Fire
|move|p1a: Gholdengo|Make It Rain|p2a: Pink thing
|-resisted|p2a: Pink thing
|-damage|p2a: Pink thing|27/100 tox
|-unboost|p1a: Gholdengo|spa|1
|move|p2a: Pink thing|Cosmic Power|p2a: Pink thing
|-boost|p2a: Pink thing|def|1
|-boost|p2a: Pink thing|spd|1
|
|upkeep
|turn|16
|
|t:|1776085004
|move|p1a: Gholdengo|Make It Rain|p2a: Pink thing
|-resisted|p2a: Pink thing
|-damage|p2a: Pink thing|0 fnt
|-unboost|p1a: Gholdengo|spa|1
|faint|p2a: Pink thing
|
|win|Cinder Stan!
|raw|Cinder Stan!'s rating: 1129 &rarr; <strong>1151</strong><br />(+22 for winning)
|raw|Tsucci Hebi's rating: 1088 &rarr; <strong>1068</strong><br />(-20 for losing)
|l|☆Tsucci Hebi
|player|p2|
