|html|<div class="broadcast-blue"><strong>[Gen 9] OU is currently suspecting Tera Blast! For information on how to participate check out the <a href="https://www.smogon.com/tools/suspects/view/200">suspect thread</a>.</strong></div>
|j|☆TheMatchaGotcha
|j|☆tentacrool
|t:|1776101073
|gametype|singles
|player|p1|TheMatchaGotcha|266|1601
|player|p2|tentacrool|giovanni|1577
|gen|9
|tier|[Gen 9] OU
|rated|
|rule|HP Percentage Mod: HP is shown in percentages
|rule|Endless Battle Clause: Forcing endless battles is banned
|rule|Species Clause: Limit one of each Pokémon
|rule|OHKO Clause: OHKO moves are banned
|rule|Evasion Items Clause: Evasion items are banned
|rule|Evasion Moves Clause: Evasion moves are banned
|rule|Evasion Abilities Clause: Evasion abilities are banned
|rule|Sleep Moves Clause: Sleep-inducing moves are banned
|clearpoke
|poke|p1|Hippowdon, M|
|poke|p1|Excadrill, M|
|poke|p1|Garganacl, F|
|poke|p1|Skarmory, M|
|poke|p1|Sinistcha|
|poke|p1|Weavile, M|
|poke|p2|Skarmory, F|
|poke|p2|Gliscor, F|
|poke|p2|Slowking-Galar, M|
|poke|p2|Primarina, F|
|poke|p2|Skeledirge, F|
|poke|p2|Iron Hands|
|teampreview
|inactive|Battle timer is ON: inactive players will automatically lose when time's up. (requested by TheMatchaGotcha)
|
|t:|1776101090
|teamsize|p1|6
|teamsize|p2|6
|start
|switch|p1a: Garganacl|Garganacl, F|100/100
|switch|p2a: Primarina|Primarina, F|100/100
|turn|1
|
|t:|1776101093
|-terastallize|p1a: Garganacl|Water
|move|p2a: Primarina|Psychic Noise|p1a: Garganacl
|-resisted|p1a: Garganacl
|-damage|p1a: Garganacl|85/100
|-start|p1a: Garganacl|move: Heal Block
|move|p1a: Garganacl|Salt Cure|p2a: Primarina
|-damage|p2a: Primarina|82/100
|-start|p2a: Primarina|Salt Cure
|
|-damage|p2a: Primarina|57/100|[from] Salt Cure
|upkeep
|turn|2
|
|t:|1776101100
|move|p2a: Primarina|Energy Ball|p1a: Garganacl
|-supereffective|p1a: Garganacl
|-damage|p1a: Garganacl|37/100
|move|p1a: Garganacl|Salt Cure|p2a: Primarina
|-damage|p2a: Primarina|41/100
|
|-damage|p2a: Primarina|16/100|[from] Salt Cure
|-end|p1a: Garganacl|move: Heal Block
|upkeep
|turn|3
|
|t:|1776101110
|switch|p1a: Hippowdon|Hippowdon, M, shiny|100/100
|-weather|Sandstorm|[from] ability: Sand Stream|[of] p1a: Hippowdon
|move|p2a: Primarina|Flip Turn|p1a: Hippowdon
|-supereffective|p1a: Hippowdon
|-damage|p1a: Hippowdon|79/100
|
|t:|1776101114
|switch|p2a: Gliscor|Gliscor, F|100/100|[from] Flip Turn
|
|-weather|Sandstorm|[upkeep]
|-status|p2a: Gliscor|tox|[from] item: Toxic Orb
|upkeep
|turn|4
|
|t:|1776101118
|move|p2a: Gliscor|Knock Off|p1a: Hippowdon
|-damage|p1a: Hippowdon|63/100
|-enditem|p1a: Hippowdon|Smooth Rock|[from] move: Knock Off|[of] p2a: Gliscor
|move|p1a: Hippowdon|Stealth Rock|p2a: Gliscor
|-sidestart|p2: tentacrool|move: Stealth Rock
|
|-weather|Sandstorm|[upkeep]
|upkeep
|turn|5
|
|t:|1776101121
|switch|p1a: Skarmory|Skarmory, M|100/100
|move|p2a: Gliscor|Toxic|p1a: Skarmory
|-immune|p1a: Skarmory
|
|-weather|Sandstorm|[upkeep]
|upkeep
|turn|6
|
|t:|1776101123
|move|p2a: Gliscor|Knock Off|p1a: Skarmory
|-damage|p1a: Skarmory|87/100
|-damage|p2a: Gliscor|84/100 tox|[from] item: Rocky Helmet|[of] p1a: Skarmory
|-enditem|p1a: Skarmory|Rocky Helmet|[from] move: Knock Off|[of] p2a: Gliscor
|move|p1a: Skarmory|Spikes|p2a: Gliscor
|-sidestart|p2: tentacrool|Spikes
|
|-weather|Sandstorm|[upkeep]
|-heal|p2a: Gliscor|97/100 tox|[from] ability: Poison Heal
|upkeep
|turn|7
|
|t:|1776101126
|switch|p2a: Skeledirge|Skeledirge, F|100/100
|move|p1a: Skarmory|Spikes|p2a: Skeledirge
|-sidestart|p2: tentacrool|Spikes
|
|-weather|Sandstorm|[upkeep]
|-damage|p2a: Skeledirge|94/100|[from] Sandstorm
|upkeep
|turn|8
|
|t:|1776101129
|switch|p1a: Garganacl|Garganacl, F, tera:Water|37/100
|move|p2a: Skeledirge|Torch Song|p1a: Garganacl
|-resisted|p1a: Garganacl
|-damage|p1a: Garganacl|27/100
|-boost|p2a: Skeledirge|spa|1
|
|-weather|Sandstorm|[upkeep]
|-damage|p2a: Skeledirge|88/100|[from] Sandstorm
|-damage|p1a: Garganacl|21/100|[from] Sandstorm
|-heal|p1a: Garganacl|27/100|[from] item: Leftovers
|upkeep
|turn|9
|
|t:|1776101136
|move|p2a: Skeledirge|Torch Song|p1a: Garganacl
|-resisted|p1a: Garganacl
|-damage|p1a: Garganacl|11/100
|-boost|p2a: Skeledirge|spa|1
|move|p1a: Garganacl|Recover|p1a: Garganacl
|-heal|p1a: Garganacl|61/100
|
|-weather|Sandstorm|[upkeep]
|-damage|p2a: Skeledirge|82/100|[from] Sandstorm
|-damage|p1a: Garganacl|55/100|[from] Sandstorm
|-heal|p1a: Garganacl|61/100|[from] item: Leftovers
|upkeep
|turn|10
|
|t:|1776101140
|move|p2a: Skeledirge|Hex|p1a: Garganacl
|-damage|p1a: Garganacl|45/100
|move|p1a: Garganacl|Salt Cure|p2a: Skeledirge
|-supereffective|p2a: Skeledirge
|-damage|p2a: Skeledirge|59/100
|-start|p2a: Skeledirge|Salt Cure
|
|-weather|none
|-heal|p1a: Garganacl|51/100|[from] item: Leftovers
|-damage|p2a: Skeledirge|46/100|[from] Salt Cure
|upkeep
|turn|11
|
|t:|1776101143
|move|p2a: Skeledirge|Slack Off|p2a: Skeledirge
|-heal|p2a: Skeledirge|97/100
|move|p1a: Garganacl|Recover|p1a: Garganacl
|-heal|p1a: Garganacl|100/100
|
|-damage|p2a: Skeledirge|84/100|[from] Salt Cure
|upkeep
|turn|12
|
|t:|1776101148
|switch|p2a: Iron Hands|Iron Hands|100/100
|-damage|p2a: Iron Hands|94/100|[from] Stealth Rock
|-damage|p2a: Iron Hands|78/100|[from] Spikes
|move|p1a: Garganacl|Salt Cure|p2a: Iron Hands
|-resisted|p2a: Iron Hands
|-damage|p2a: Iron Hands|74/100
|-start|p2a: Iron Hands|Salt Cure
|
|-damage|p2a: Iron Hands|61/100|[from] Salt Cure
|upkeep
|turn|13
|
|t:|1776101151
|switch|p1a: Hippowdon|Hippowdon, M, shiny|63/100
|-weather|Sandstorm|[from] ability: Sand Stream|[of] p1a: Hippowdon
|move|p2a: Iron Hands|Drain Punch|p1a: Hippowdon
|-damage|p1a: Hippowdon|24/100
|-heal|p2a: Iron Hands|77/100|[from] drain|[of] p1a: Hippowdon
|
|-weather|Sandstorm|[upkeep]
|-damage|p2a: Iron Hands|71/100|[from] Sandstorm
|-damage|p2a: Iron Hands|59/100|[from] Salt Cure
|upkeep
|turn|14
|
|t:|1776101154
|switch|p1a: Sinistcha|Sinistcha|100/100
|move|p2a: Iron Hands|Drain Punch|p1a: Sinistcha
|-immune|p1a: Sinistcha
|
|-weather|Sandstorm|[upkeep]
|-damage|p1a: Sinistcha|94/100|[from] Sandstorm
|-damage|p2a: Iron Hands|53/100|[from] Sandstorm
|-damage|p2a: Iron Hands|40/100|[from] Salt Cure
|upkeep
|turn|15
|
|t:|1776101156
|move|p1a: Sinistcha|Matcha Gotcha|p2a: Iron Hands
|-damage|p2a: Iron Hands|8/100
|-heal|p1a: Sinistcha|100/100|[from] drain|[of] p2a: Iron Hands
|move|p2a: Iron Hands|Ice Punch|p1a: Sinistcha
|-supereffective|p1a: Sinistcha
|-damage|p1a: Sinistcha|55/100
|
|-weather|Sandstorm|[upkeep]
|-damage|p1a: Sinistcha|49/100|[from] Sandstorm
|-damage|p2a: Iron Hands|2/100|[from] Sandstorm
|-damage|p2a: Iron Hands|0 fnt|[from] Salt Cure
|faint|p2a: Iron Hands
|-end|p2a: Iron Hands|Quark Drive|[silent]
|upkeep
|
|t:|1776101163
|switch|p2a: Skeledirge|Skeledirge, F|84/100
|turn|16
|
|t:|1776101171
|switch|p2a: Skarmory|Skarmory, F|100/100
|-damage|p2a: Skarmory|88/100|[from] Stealth Rock
|move|p1a: Sinistcha|Shadow Ball|p2a: Skarmory
|-damage|p2a: Skarmory|47/100
|
|-weather|Sandstorm|[upkeep]
|-damage|p1a: Sinistcha|43/100|[from] Sandstorm
|-heal|p2a: Skarmory|53/100|[from] item: Leftovers
|upkeep
|turn|17
|-message|tentacrool forfeited.
|
|win|TheMatchaGotcha
|raw|TheMatchaGotcha's rating: 1601 &rarr; <strong>1620</strong><br />(+19 for winning)
|raw|tentacrool's rating: 1577 &rarr; <strong>1558</strong><br />(-19 for losing)
|l|☆tentacrool
|player|p2|
|l|☆TheMatchaGotcha
|player|p1|
