|html|<div class="broadcast-blue"><strong>[Gen 9] OU is currently suspecting Tera Blast! For information on how to participate check out the <a href="https://www.smogon.com/tools/suspects/view/200">suspect thread</a>.</strong></div>
|j|☆DonovanIsNotHere
|j|☆hitsugaya1999
|t:|1776188415
|gametype|singles
|player|p1|DonovanIsNotHere|101|1410
|player|p2|hitsugaya1999|169|1417
|gen|9
|tier|[Gen 9] OU
|rated|
|rule|HP Percentage Mod: HP is shown in percentages
|rule|Endless Battle Clause: Forcing endless battles is banned
|rule|Species Clause: Limit one of each Pokémon
|rule|OHKO Clause: OHKO moves are banned
|rule|Evasion Items Clause: Evasion items are banned
|rule|Evasion Moves Clause: Evasion moves are banned
|rule|Evasion Abilities Clause: Evasion abilities are banned
|rule|Sleep Moves Clause: Sleep-inducing moves are banned
|clearpoke
|poke|p1|Venusaur, M|
|poke|p1|Magnezone|
|poke|p1|Samurott-Hisui, M|
|poke|p1|Pecharunt|
|poke|p1|Heatran, M|
|poke|p1|Corviknight, M|
|poke|p2|Deoxys-Speed|
|poke|p2|Gholdengo|
|poke|p2|Iron Treads|
|poke|p2|Dragonite, F|
|poke|p2|Iron Moth|
|poke|p2|Samurott-Hisui, M|
|teampreview
|
|t:|1776188425
|teamsize|p1|6
|teamsize|p2|6
|start
|switch|p1a: Samurott|Samurott-Hisui, M|100/100
|switch|p2a: Iron Treads|Iron Treads|100/100
|-enditem|p2a: Iron Treads|Booster Energy
|-activate|p2a: Iron Treads|ability: Quark Drive|[fromitem]
|-start|p2a: Iron Treads|quarkdrivespe
|turn|1
|
|t:|1776188430
|move|p2a: Iron Treads|Stealth Rock|p1a: Samurott
|-sidestart|p1: DonovanIsNotHere|move: Stealth Rock
|move|p1a: Samurott|Aqua Cutter|p2a: Iron Treads
|-supereffective|p2a: Iron Treads
|-damage|p2a: Iron Treads|19/100
|
|upkeep
|turn|2
|
|t:|1776188434
|move|p1a: Samurott|Sucker Punch|p2a: Iron Treads
|-damage|p2a: Iron Treads|0 fnt
|faint|p2a: Iron Treads
|-end|p2a: Iron Treads|Quark Drive|[silent]
|
|upkeep
|inactive|Battle timer is ON: inactive players will automatically lose when time's up. (requested by DonovanIsNotHere)
|
|t:|1776188444
|switch|p2a: Samurott|Samurott-Hisui, M|100/100
|turn|3
|
|t:|1776188460
|move|p2a: Samurott|Ceaseless Edge|p1a: Samurott
|-resisted|p1a: Samurott
|-damage|p1a: Samurott|74/100
|-sidestart|p1: DonovanIsNotHere|Spikes
|move|p1a: Samurott|Knock Off|p2a: Samurott
|-resisted|p2a: Samurott
|-damage|p2a: Samurott|63/100
|-enditem|p2a: Samurott|Focus Sash|[from] move: Knock Off|[of] p1a: Samurott
|
|upkeep
|turn|4
|
|t:|1776188467
|move|p2a: Samurott|Ceaseless Edge|p1a: Samurott
|-resisted|p1a: Samurott
|-crit|p1a: Samurott
|-damage|p1a: Samurott|31/100
|-sidestart|p1: DonovanIsNotHere|Spikes
|move|p1a: Samurott|Ceaseless Edge|p2a: Samurott
|-resisted|p2a: Samurott
|-damage|p2a: Samurott|25/100
|-sidestart|p2: hitsugaya1999|Spikes
|
|upkeep
|turn|5
|
|t:|1776188471
|move|p1a: Samurott|Sucker Punch|p2a: Samurott
|-resisted|p2a: Samurott
|-damage|p2a: Samurott|0 fnt
|faint|p2a: Samurott
|
|upkeep
|
|t:|1776188476
|switch|p2a: Dragonite|Dragonite, F|100/100
|turn|6
|
|t:|1776188480
|switch|p1a: Pecharunt|Pecharunt|100/100
|move|p2a: Dragonite|Earthquake|p1a: Pecharunt
|-supereffective|p1a: Pecharunt
|-damage|p1a: Pecharunt|67/100
|
|upkeep
|turn|7
|
|t:|1776188489
|-terastallize|p1a: Pecharunt|Ghost
|move|p2a: Dragonite|Dragon Dance|p2a: Dragonite
|-boost|p2a: Dragonite|atk|1
|-boost|p2a: Dragonite|spe|1
|move|p1a: Pecharunt|Hex|p2a: Dragonite
|-damage|p2a: Dragonite|86/100
|
|upkeep
|turn|8
|
|t:|1776188494
|switch|p2a: Gholdengo|Gholdengo|100/100
|-item|p2a: Gholdengo|Air Balloon
|move|p1a: Pecharunt|Malignant Chain|p2a: Gholdengo
|-immune|p2a: Gholdengo
|
|upkeep
|turn|9
|
|t:|1776188498
|switch|p1a: Corviknight|Corviknight, M|100/100
|-damage|p1a: Corviknight|88/100|[from] Stealth Rock
|-ability|p1a: Corviknight|Pressure
|move|p2a: Gholdengo|Shadow Ball|p1a: Corviknight
|-damage|p1a: Corviknight|58/100
|
|-heal|p1a: Corviknight|64/100|[from] item: Leftovers
|upkeep
|turn|10
|
|t:|1776188502
|move|p1a: Corviknight|U-turn|p2a: Gholdengo
|-resisted|p2a: Gholdengo
|-damage|p2a: Gholdengo|98/100
|-enditem|p2a: Gholdengo|Air Balloon
|
|t:|1776188507
|switch|p1a: Bird Trap|Magnezone|100/100|[from] U-turn
|-damage|p1a: Bird Trap|94/100|[from] Stealth Rock
|-damage|p1a: Bird Trap|78/100|[from] Spikes
|move|p2a: Gholdengo|Nasty Plot|p2a: Gholdengo
|-boost|p2a: Gholdengo|spa|2
|
|upkeep
|turn|11
|
|t:|1776188516
|move|p1a: Bird Trap|Thunderbolt|p2a: Gholdengo
|-damage|p2a: Gholdengo|26/100
|move|p2a: Gholdengo|Shadow Ball|p1a: Bird Trap
|-damage|p1a: Bird Trap|0 fnt
|faint|p1a: Bird Trap
|
|upkeep
|
|t:|1776188522
|switch|p1a: Flytrap|Venusaur, M|100/100
|-damage|p1a: Flytrap|88/100|[from] Stealth Rock
|-damage|p1a: Flytrap|72/100|[from] Spikes
|turn|12
|
|t:|1776188530
|-terastallize|p2a: Gholdengo|Flying
|move|p2a: Gholdengo|Recover|p2a: Gholdengo
|-heal|p2a: Gholdengo|76/100
|move|p1a: Flytrap|Earth Power|p2a: Gholdengo
|-immune|p2a: Gholdengo
|
|-heal|p1a: Flytrap|78/100|[from] item: Leftovers
|upkeep
|turn|13
|
|t:|1776188536
|move|p2a: Gholdengo|Shadow Ball|p1a: Flytrap
|-damage|p1a: Flytrap|33/100
|move|p1a: Flytrap|Acid Spray|p2a: Gholdengo
|-damage|p2a: Gholdengo|61/100
|-unboost|p2a: Gholdengo|spd|2
|
|-heal|p1a: Flytrap|39/100|[from] item: Leftovers
|upkeep
|turn|14
|
|t:|1776188544
|move|p2a: Gholdengo|Shadow Ball|p1a: Flytrap
|-damage|p1a: Flytrap|0 fnt
|faint|p1a: Flytrap
|
|upkeep
|
|t:|1776188553
|switch|p1a: Heatran|Heatran, M|100/100
|-damage|p1a: Heatran|88/100|[from] Stealth Rock
|-item|p1a: Heatran|Air Balloon
|turn|15
|
|t:|1776188558
|move|p2a: Gholdengo|Shadow Ball|p1a: Heatran
|-damage|p1a: Heatran|47/100
|-enditem|p1a: Heatran|Air Balloon
|move|p1a: Heatran|Magma Storm|p2a: Gholdengo|[miss]
|-miss|p1a: Heatran|p2a: Gholdengo
|
|upkeep
|turn|16
|
|t:|1776188563
|move|p2a: Gholdengo|Shadow Ball|p1a: Heatran
|-damage|p1a: Heatran|7/100
|move|p1a: Heatran|Magma Storm|p2a: Gholdengo
|-damage|p2a: Gholdengo|0 fnt
|faint|p2a: Gholdengo
|
|upkeep
|
|t:|1776188568
|switch|p2a: Dragonite|Dragonite, F|86/100
|turn|17
|
|t:|1776188573
|switch|p1a: Pecharunt|Pecharunt, tera:Ghost|67/100
|move|p2a: Dragonite|Dragon Dance|p2a: Dragonite
|-boost|p2a: Dragonite|atk|1
|-boost|p2a: Dragonite|spe|1
|
|upkeep
|turn|18
|
|t:|1776188579
|move|p2a: Dragonite|Earthquake|p1a: Pecharunt
|-damage|p1a: Pecharunt|42/100
|move|p1a: Pecharunt|Parting Shot|p2a: Dragonite
|-unboost|p2a: Dragonite|atk|1
|-unboost|p2a: Dragonite|spa|1
|
|t:|1776188582
|switch|p1a: Corviknight|Corviknight, M|64/100|[from] Parting Shot
|-damage|p1a: Corviknight|52/100|[from] Stealth Rock
|-ability|p1a: Corviknight|Pressure
|
|-heal|p1a: Corviknight|58/100|[from] item: Leftovers
|upkeep
|turn|19
|
|t:|1776188587
|switch|p2a: Iron Moth|Iron Moth|100/100
|-damage|p2a: Iron Moth|88/100|[from] Spikes
|-enditem|p2a: Iron Moth|Booster Energy
|-activate|p2a: Iron Moth|ability: Quark Drive|[fromitem]
|-start|p2a: Iron Moth|quarkdrivespe
|move|p1a: Corviknight|Defog|p2a: Iron Moth
|-unboost|p2a: Iron Moth|evasion|1
|-sideend|p2: hitsugaya1999|Spikes|[from] move: Defog|[of] p1a: Corviknight
|-sideend|p1: DonovanIsNotHere|Spikes|[from] move: Defog|[of] p1a: Corviknight
|-sideend|p1: DonovanIsNotHere|Stealth Rock|[from] move: Defog|[of] p1a: Corviknight
|
|-heal|p1a: Corviknight|64/100|[from] item: Leftovers
|upkeep
|turn|20
|
|t:|1776188592
|-end|p2a: Iron Moth|Quark Drive|[silent]
|switch|p2a: Deoxys|Deoxys-Speed|100/100
|-ability|p2a: Deoxys|Pressure
|switch|p1a: Heatran|Heatran, M|7/100
|
|upkeep
|turn|21
|
|t:|1776188596
|move|p2a: Deoxys|Knock Off|p1a: Heatran
|-damage|p1a: Heatran|0 fnt
|faint|p1a: Heatran
|-damage|p2a: Deoxys|91/100|[from] item: Life Orb
|
|upkeep
|
|t:|1776188599
|switch|p1a: Samurott|Samurott-Hisui, M|31/100
|turn|22
|
|t:|1776188603
|switch|p2a: Dragonite|Dragonite, F|86/100
|move|p1a: Samurott|Ceaseless Edge|p2a: Dragonite
|-damage|p2a: Dragonite|19/100
|-sidestart|p2: hitsugaya1999|Spikes
|
|upkeep
|turn|23
|
|t:|1776188611
|switch|p2a: Iron Moth|Iron Moth|88/100
|-damage|p2a: Iron Moth|76/100|[from] Spikes
|move|p1a: Samurott|Knock Off|p2a: Iron Moth
|-damage|p2a: Iron Moth|22/100
|
|upkeep
|turn|24
|
|t:|1776188615
|move|p1a: Samurott|Sucker Punch||[still]
|-fail|p1a: Samurott
|move|p2a: Iron Moth|Substitute|p2a: Iron Moth
|-fail|p2a: Iron Moth|move: Substitute|[weak]
|
|upkeep
|turn|25
|
|t:|1776188617
|move|p1a: Samurott|Sucker Punch|p2a: Iron Moth
|-damage|p2a: Iron Moth|0 fnt
|faint|p2a: Iron Moth
|-end|p2a: Iron Moth|Quark Drive|[silent]
|
|upkeep
|-message|hitsugaya1999 forfeited.
|
|win|DonovanIsNotHere
|raw|DonovanIsNotHere's rating: 1410 &rarr; <strong>1430</strong><br />(+20 for winning)
|raw|hitsugaya1999's rating: 1417 &rarr; <strong>1397</strong><br />(-20 for losing)
|l|☆hitsugaya1999
|player|p2|
