|html|<div class="broadcast-blue"><strong>[Gen 9] OU is currently suspecting Tera Blast! For information on how to participate check out the <a href="https://www.smogon.com/tools/suspects/view/200">suspect thread</a>.</strong></div>
|j|☆imie1234
|j|☆goldenpaper
|t:|1776218576
|gametype|singles
|player|p1|imie1234|265|1163
|player|p2|goldenpaper|rosa|1192
|gen|9
|tier|[Gen 9] OU
|rated|
|rule|HP Percentage Mod: HP is shown in percentages
|rule|Endless Battle Clause: Forcing endless battles is banned
|rule|Species Clause: Limit one of each Pokémon
|rule|OHKO Clause: OHKO moves are banned
|rule|Evasion Items Clause: Evasion items are banned
|rule|Evasion Moves Clause: Evasion moves are banned
|rule|Evasion Abilities Clause: Evasion abilities are banned
|rule|Sleep Moves Clause: Sleep-inducing moves are banned
|clearpoke
|poke|p1|Alomomola, F|
|poke|p1|Dragonite, M|
|poke|p1|Corviknight, F|
|poke|p1|Gliscor, F|
|poke|p1|Glimmora, F|
|poke|p1|Gholdengo|
|poke|p2|Hydreigon, F|
|poke|p2|Kommo-o, F|
|poke|p2|Ceruledge, F|
|poke|p2|Iron Treads|
|poke|p2|Meowscarada, M|
|poke|p2|Gyarados, M|
|teampreview
|
|t:|1776218603
|teamsize|p1|6
|teamsize|p2|6
|start
|switch|p1a: Dragonite|Dragonite, M|100/100
|switch|p2a: Gyarados|Gyarados, M, shiny|100/100
|-ability|p2a: Gyarados|Intimidate|boost
|-unboost|p1a: Dragonite|atk|1
|turn|1
|
|t:|1776218619
|switch|p1a: Corviknight|Corviknight, F|100/100
|move|p2a: Gyarados|Thunder Wave|p1a: Corviknight|[miss]
|-miss|p2a: Gyarados|p1a: Corviknight
|
|upkeep
|turn|2
|
|t:|1776218629
|move|p2a: Gyarados|Crunch|p1a: Corviknight
|-damage|p1a: Corviknight|77/100
|-damage|p2a: Gyarados|84/100|[from] item: Rocky Helmet|[of] p1a: Corviknight
|move|p1a: Corviknight|Iron Defense|p1a: Corviknight
|-boost|p1a: Corviknight|def|2
|
|upkeep
|turn|3
|
|t:|1776218637
|switch|p2a: Ceruledge|Ceruledge, F|100/100
|move|p1a: Corviknight|Iron Defense|p1a: Corviknight
|-boost|p1a: Corviknight|def|2
|
|upkeep
|turn|4
|
|t:|1776218665
|-terastallize|p1a: Corviknight|Flying
|move|p2a: Ceruledge|Swords Dance|p2a: Ceruledge
|-boost|p2a: Ceruledge|atk|2
|move|p1a: Corviknight|Iron Head|p2a: Ceruledge
|-resisted|p2a: Ceruledge
|-damage|p2a: Ceruledge|84/100
|
|upkeep
|turn|5
|
|t:|1776218676
|move|p2a: Ceruledge|Bitter Blade|p1a: Corviknight
|-damage|p1a: Corviknight|44/100
|-heal|p2a: Ceruledge|100/100|[from] drain|[of] p1a: Corviknight
|-damage|p2a: Ceruledge|84/100|[from] item: Rocky Helmet|[of] p1a: Corviknight
|move|p1a: Corviknight|Iron Defense|p1a: Corviknight
|-boost|p1a: Corviknight|def|2
|
|upkeep
|turn|6
|
|t:|1776218716
|switch|p1a: Alomomola|Alomomola, F|100/100
|move|p2a: Ceruledge|Bitter Blade|p1a: Alomomola
|-resisted|p1a: Alomomola
|-damage|p1a: Alomomola|68/100
|-heal|p2a: Ceruledge|100/100|[from] drain|[of] p1a: Alomomola
|
|-heal|p1a: Alomomola|74/100|[from] item: Leftovers
|upkeep
|turn|7
|
|t:|1776218727
|switch|p2a: Gyarados|Gyarados, M, shiny|84/100
|-ability|p2a: Gyarados|Intimidate|boost
|-unboost|p1a: Alomomola|atk|1
|move|p1a: Alomomola|Liquidation|p2a: Gyarados
|-resisted|p2a: Gyarados
|-damage|p2a: Gyarados|73/100
|
|-heal|p1a: Alomomola|80/100|[from] item: Leftovers
|upkeep
|turn|8
|
|t:|1776218743
|move|p2a: Gyarados|Dragon Dance|p2a: Gyarados
|-boost|p2a: Gyarados|atk|1
|-boost|p2a: Gyarados|spe|1
|move|p1a: Alomomola|Wish|p1a: Alomomola
|
|-heal|p1a: Alomomola|86/100|[from] item: Leftovers
|upkeep
|turn|9
|
|t:|1776218750
|switch|p1a: Corviknight|Corviknight, F, tera:Flying|44/100
|move|p2a: Gyarados|Dragon Dance|p2a: Gyarados
|-boost|p2a: Gyarados|atk|1
|-boost|p2a: Gyarados|spe|1
|
|-heal|p1a: Corviknight|100/100|[from] move: Wish|[wisher] Alomomola
|upkeep
|turn|10
|
|t:|1776218760
|move|p2a: Gyarados|Waterfall|p1a: Corviknight
|-damage|p1a: Corviknight|23/100
|-damage|p2a: Gyarados|56/100|[from] item: Rocky Helmet|[of] p1a: Corviknight
|move|p1a: Corviknight|Defog|p2a: Gyarados
|-unboost|p2a: Gyarados|evasion|1
|
|upkeep
|turn|11
|
|t:|1776218777
|move|p2a: Gyarados|Waterfall|p1a: Corviknight
|-damage|p1a: Corviknight|0 fnt
|-damage|p2a: Gyarados|40/100|[from] item: Rocky Helmet|[of] p1a: Corviknight
|faint|p1a: Corviknight
|
|upkeep
|
|t:|1776218781
|switch|p1a: Dragonite|Dragonite, M|100/100
|turn|12
|
|t:|1776218786
|move|p1a: Dragonite|Extreme Speed|p2a: Gyarados
|-damage|p2a: Gyarados|0 fnt
|faint|p2a: Gyarados
|
|upkeep
|
|t:|1776218793
|switch|p2a: Hydreigon|Hydreigon, F, shiny|100/100
|turn|13
|
|t:|1776218799
|-terastallize|p2a: Hydreigon|Fairy
|move|p1a: Dragonite|Extreme Speed|p2a: Hydreigon
|-damage|p2a: Hydreigon|54/100
|move|p2a: Hydreigon|Tera Blast|p1a: Dragonite|[anim] Tera Blast Fairy
|-supereffective|p1a: Dragonite
|-damage|p1a: Dragonite|42/100
|-damage|p2a: Hydreigon|44/100|[from] item: Life Orb
|
|upkeep
|turn|14
|
|t:|1776218824
|switch|p2a: Ceruledge|Ceruledge, F|100/100
|move|p1a: Dragonite|Extreme Speed|p2a: Ceruledge
|-immune|p2a: Ceruledge
|
|upkeep
|turn|15
|
|t:|1776218832
|switch|p1a: Gliscor|Gliscor, F|100/100
|move|p2a: Ceruledge|Swords Dance|p2a: Ceruledge
|-boost|p2a: Ceruledge|atk|2
|
|-status|p1a: Gliscor|tox|[from] item: Toxic Orb
|upkeep
|turn|16
|
|t:|1776218846
|switch|p2a: Iron Treads|Iron Treads|100/100
|move|p1a: Gliscor|Earthquake|p2a: Iron Treads
|-supereffective|p2a: Iron Treads
|-damage|p2a: Iron Treads|28/100
|
|upkeep
|turn|17
|
|t:|1776218854
|move|p2a: Iron Treads|Ice Spinner|p1a: Gliscor
|-supereffective|p1a: Gliscor
|-damage|p1a: Gliscor|10/100 tox
|move|p1a: Gliscor|Earthquake|p2a: Iron Treads
|-supereffective|p2a: Iron Treads
|-damage|p2a: Iron Treads|0 fnt
|faint|p2a: Iron Treads
|-end|p2a: Iron Treads|Quark Drive|[silent]
|
|-heal|p1a: Gliscor|22/100 tox|[from] ability: Poison Heal
|upkeep
|
|t:|1776218867
|switch|p2a: Meowscarada|Meowscarada, M, shiny|100/100
|turn|18
|
|t:|1776218874
|move|p2a: Meowscarada|Play Rough|p1a: Gliscor
|-start|p2a: Meowscarada|typechange|Fairy|[from] ability: Protean
|-damage|p1a: Gliscor|0 fnt
|faint|p1a: Gliscor
|
|upkeep
|
|t:|1776218884
|switch|p1a: Gholdengo|Gholdengo|100/100
|-item|p1a: Gholdengo|Air Balloon
|turn|19
|
|t:|1776218895
|switch|p2a: Ceruledge|Ceruledge, F|100/100
|move|p1a: Gholdengo|Make It Rain|p2a: Ceruledge
|-resisted|p2a: Ceruledge
|-damage|p2a: Ceruledge|66/100
|-unboost|p1a: Gholdengo|spa|1
|
|upkeep
|turn|20
|
|t:|1776218908
|switch|p1a: Alomomola|Alomomola, F|100/100
|move|p2a: Ceruledge|Swords Dance|p2a: Ceruledge
|-boost|p2a: Ceruledge|atk|2
|
|upkeep
|turn|21
|
|t:|1776218915
|switch|p2a: Meowscarada|Meowscarada, M, shiny|100/100
|move|p1a: Alomomola|Liquidation|p2a: Meowscarada
|-resisted|p2a: Meowscarada
|-damage|p2a: Meowscarada|82/100
|
|upkeep
|turn|22
|
|t:|1776218925
|move|p1a: Alomomola|Protect|p1a: Alomomola
|-singleturn|p1a: Alomomola|Protect
|move|p2a: Meowscarada|Knock Off|p1a: Alomomola
|-start|p2a: Meowscarada|typechange|Dark|[from] ability: Protean
|-activate|p1a: Alomomola|move: Protect
|
|upkeep
|turn|23
|
|t:|1776218933
|move|p2a: Meowscarada|Knock Off|p1a: Alomomola
|-damage|p1a: Alomomola|75/100
|-enditem|p1a: Alomomola|Leftovers|[from] move: Knock Off|[of] p2a: Meowscarada
|move|p1a: Alomomola|Liquidation|p2a: Meowscarada
|-damage|p2a: Meowscarada|47/100
|
|upkeep
|turn|24
|
|t:|1776218941
|switch|p2a: Kommo-o|Kommo-o, F|100/100
|move|p1a: Alomomola|Flip Turn|p2a: Kommo-o
|-resisted|p2a: Kommo-o
|-damage|p2a: Kommo-o|94/100
|
|t:|1776218950
|switch|p1a: Dragonite|Dragonite, M|42/100|[from] Flip Turn
|
|-heal|p2a: Kommo-o|100/100|[from] item: Leftovers
|upkeep
|turn|25
|
|t:|1776218970
|move|p1a: Dragonite|Ice Punch|p2a: Kommo-o
|-supereffective|p2a: Kommo-o
|-damage|p2a: Kommo-o|35/100
|move|p2a: Kommo-o|Iron Head|p1a: Dragonite
|-damage|p1a: Dragonite|18/100
|
|-heal|p2a: Kommo-o|41/100|[from] item: Leftovers
|upkeep
|turn|26
|
|t:|1776218990
|move|p1a: Dragonite|Ice Punch|p2a: Kommo-o
|-supereffective|p2a: Kommo-o
|-damage|p2a: Kommo-o|0 fnt
|faint|p2a: Kommo-o
|
|upkeep
|
|t:|1776218999
|switch|p2a: Meowscarada|Meowscarada, M, shiny|47/100
|turn|27
|
|t:|1776219005
|move|p2a: Meowscarada|Play Rough|p1a: Dragonite
|-start|p2a: Meowscarada|typechange|Fairy|[from] ability: Protean
|-supereffective|p1a: Dragonite
|-damage|p1a: Dragonite|0 fnt
|faint|p1a: Dragonite
|
|upkeep
|
|t:|1776219017
|switch|p1a: Glimmora|Glimmora, F|100/100
|turn|28
|
|t:|1776219028
|switch|p2a: Ceruledge|Ceruledge, F|66/100
|move|p1a: Glimmora|Meteor Beam||[still]
|-prepare|p1a: Glimmora|Meteor Beam
|-boost|p1a: Glimmora|spa|1
|
|upkeep
|turn|29
|
|t:|1776219047
|move|p2a: Ceruledge|Shadow Sneak|p1a: Glimmora
|-damage|p1a: Glimmora|76/100
|-activate|p1a: Glimmora|ability: Toxic Debris
|-sidestart|p2: goldenpaper|move: Toxic Spikes
|move|p1a: Glimmora|Meteor Beam|p2a: Ceruledge|[from] lockedmove
|-supereffective|p2a: Ceruledge
|-damage|p2a: Ceruledge|0 fnt
|faint|p2a: Ceruledge
|
|upkeep
|
|t:|1776219056
|switch|p2a: Meowscarada|Meowscarada, M, shiny|47/100
|-status|p2a: Meowscarada|psn
|turn|30
|
|t:|1776219063
|move|p1a: Glimmora|Spiky Shield|p1a: Glimmora
|-singleturn|p1a: Glimmora|move: Protect
|move|p2a: Meowscarada|Flower Trick|p1a: Glimmora
|-start|p2a: Meowscarada|typechange|Grass|[from] ability: Protean
|-activate|p1a: Glimmora|move: Protect
|
|-damage|p2a: Meowscarada|34/100 psn|[from] psn
|upkeep
|turn|31
|
|t:|1776219074
|move|p2a: Meowscarada|Flower Trick|p1a: Glimmora
|-crit|p1a: Glimmora
|-damage|p1a: Glimmora|24/100
|-activate|p1a: Glimmora|ability: Toxic Debris
|-sidestart|p2: goldenpaper|move: Toxic Spikes
|move|p1a: Glimmora|Meteor Beam||[still]
|-prepare|p1a: Glimmora|Meteor Beam
|-boost|p1a: Glimmora|spa|1
|
|-damage|p2a: Meowscarada|22/100 psn|[from] psn
|upkeep
|turn|32
|
|t:|1776219085
|move|p2a: Meowscarada|Flower Trick|p1a: Glimmora
|-crit|p1a: Glimmora
|-damage|p1a: Glimmora|0 fnt
|faint|p1a: Glimmora
|
|-damage|p2a: Meowscarada|10/100 psn|[from] psn
|upkeep
|
|t:|1776219094
|switch|p1a: Alomomola|Alomomola, F|100/100
|turn|33
|
|t:|1776219097
|move|p1a: Alomomola|Protect|p1a: Alomomola
|-singleturn|p1a: Alomomola|Protect
|move|p2a: Meowscarada|Flower Trick|p1a: Alomomola
|-activate|p1a: Alomomola|move: Protect
|
|-damage|p2a: Meowscarada|0 fnt|[from] psn
|faint|p2a: Meowscarada
|upkeep
|
|t:|1776219106
|switch|p2a: Hydreigon|Hydreigon, F, shiny, tera:Fairy|44/100
|turn|34
|
|t:|1776219141
|move|p2a: Hydreigon|Nasty Plot|p2a: Hydreigon
|-boost|p2a: Hydreigon|spa|2
|move|p1a: Alomomola|Liquidation|p2a: Hydreigon
|-damage|p2a: Hydreigon|16/100
|
|upkeep
|turn|35
|
|t:|1776219155
|move|p2a: Hydreigon|Dark Pulse|p1a: Alomomola
|-damage|p1a: Alomomola|0 fnt
|faint|p1a: Alomomola
|-damage|p2a: Hydreigon|6/100|[from] item: Life Orb
|
|upkeep
|
|t:|1776219163
|switch|p1a: Gholdengo|Gholdengo|100/100
|-item|p1a: Gholdengo|Air Balloon
|turn|36
|
|t:|1776219182
|move|p2a: Hydreigon|Dark Pulse|p1a: Gholdengo
|-supereffective|p1a: Gholdengo
|-damage|p1a: Gholdengo|0 fnt
|-enditem|p1a: Gholdengo|Air Balloon
|faint|p1a: Gholdengo
|-damage|p2a: Hydreigon|0 fnt|[from] item: Life Orb
|faint|p2a: Hydreigon
|
|win|goldenpaper
|raw|imie1234's rating: 1163 &rarr; <strong>1140</strong><br />(-23 for losing)
|raw|goldenpaper's rating: 1192 &rarr; <strong>1215</strong><br />(+23 for winning)
|c|☆goldenpaper|Gg
|l|☆imie1234
|player|p1|
|c|☆goldenpaper|Cool team btw
