|html|<div class="broadcast-blue"><strong>[Gen 9] OU is currently suspecting Tera Blast! For information on how to participate check out the <a href="https://www.smogon.com/tools/suspects/view/200">suspect thread</a>.</strong></div>
|j|☆somilgo
|j|☆kjojon
|t:|1776133297
|gametype|singles
|player|p1|somilgo|102|1187
|player|p2|kjojon|brock|1163
|gen|9
|tier|[Gen 9] OU
|rated|
|rule|HP Percentage Mod: HP is shown in percentages
|rule|Endless Battle Clause: Forcing endless battles is banned
|rule|Species Clause: Limit one of each Pokémon
|rule|OHKO Clause: OHKO moves are banned
|rule|Evasion Items Clause: Evasion items are banned
|rule|Evasion Moves Clause: Evasion moves are banned
|rule|Evasion Abilities Clause: Evasion abilities are banned
|rule|Sleep Moves Clause: Sleep-inducing moves are banned
|clearpoke
|poke|p1|Great Tusk|
|poke|p1|Kingambit, M|
|poke|p1|Raging Bolt|
|poke|p1|Ogerpon-Wellspring, F|
|poke|p1|Gholdengo|
|poke|p1|Dragapult, M|
|poke|p2|Gardevoir, F|
|poke|p2|Cinderace, F|
|poke|p2|Duraludon, M|
|poke|p2|Hitmontop, M|
|poke|p2|Necrozma|
|poke|p2|Porygon-Z|
|teampreview
|inactive|Battle timer is ON: inactive players will automatically lose when time's up. (requested by somilgo)
|j| ohko_smeargle
|
|t:|1776133311
|teamsize|p1|6
|teamsize|p2|6
|start
|switch|p1a: Ogerpon|Ogerpon-Wellspring, F|100/100
|switch|p2a: PoyPee|Porygon-Z, shiny|100/100
|turn|1
|
|t:|1776133316
|move|p1a: Ogerpon|Swords Dance|p1a: Ogerpon
|-boost|p1a: Ogerpon|atk|2
|move|p2a: PoyPee|Tri Attack|p1a: Ogerpon
|-damage|p1a: Ogerpon|31/100
|
|upkeep
|turn|2
|
|t:|1776133321
|move|p1a: Ogerpon|Ivy Cudgel|p2a: PoyPee|[anim] Ivy Cudgel Water
|-damage|p2a: PoyPee|0 fnt
|faint|p2a: PoyPee
|
|upkeep
|
|t:|1776133325
|switch|p2a: Garfiel|Hitmontop, M|100/100
|turn|3
|
|t:|1776133333
|move|p2a: Garfiel|Fake Out|p1a: Ogerpon
|-damage|p1a: Ogerpon|5/100
|cant|p1a: Ogerpon|flinch
|
|upkeep
|turn|4
|
|t:|1776133337
|move|p2a: Garfiel|Mach Punch|p1a: Ogerpon
|-damage|p1a: Ogerpon|0 fnt
|faint|p1a: Ogerpon
|
|upkeep
|
|t:|1776133344
|switch|p1a: Dragapult|Dragapult, M|100/100
|turn|5
|
|t:|1776133349
|-terastallize|p1a: Dragapult|Ghost
|move|p1a: Dragapult|Shadow Ball|p2a: Garfiel
|-damage|p2a: Garfiel|14/100
|move|p2a: Garfiel|Triple Axel|p1a: Dragapult
|-damage|p1a: Dragapult|87/100
|-damage|p1a: Dragapult|57/100
|-damage|p1a: Dragapult|15/100
|-hitcount|p1a: Dragapult|3
|
|upkeep
|turn|6
|
|t:|1776133373
|switch|p2a: Joao|Cinderace, F, shiny|100/100
|move|p1a: Dragapult|Shadow Ball|p2a: Joao
|-damage|p2a: Joao|2/100
|
|upkeep
|turn|7
|
|t:|1776133380
|move|p2a: Joao|Sucker Punch|p1a: Dragapult
|-start|p2a: Joao|typechange|Dark|[from] ability: Libero
|-supereffective|p1a: Dragapult
|-damage|p1a: Dragapult|0 fnt
|faint|p1a: Dragapult
|
|upkeep
|
|t:|1776133386
|switch|p1a: Raging Bolt|Raging Bolt|100/100
|-enditem|p1a: Raging Bolt|Booster Energy
|-activate|p1a: Raging Bolt|ability: Protosynthesis|[fromitem]
|-start|p1a: Raging Bolt|protosynthesisspa
|turn|8
|
|t:|1776133391
|move|p1a: Raging Bolt|Thunderclap|p2a: Joao
|-crit|p2a: Joao
|-damage|p2a: Joao|0 fnt
|faint|p2a: Joao
|
|upkeep
|
|t:|1776133403
|switch|p2a: Babylon|Duraludon, M, shiny|100/100
|turn|9
|
|t:|1776133425
|move|p1a: Raging Bolt|Calm Mind|p1a: Raging Bolt
|-boost|p1a: Raging Bolt|spa|1
|-boost|p1a: Raging Bolt|spd|1
|move|p2a: Babylon|Dragon Pulse|p1a: Raging Bolt
|-supereffective|p1a: Raging Bolt
|-crit|p1a: Raging Bolt
|-damage|p1a: Raging Bolt|0 fnt
|faint|p1a: Raging Bolt
|-end|p1a: Raging Bolt|Protosynthesis|[silent]
|
|upkeep
|
|t:|1776133432
|switch|p1a: Great Tusk|Great Tusk|100/100
|turn|10
|
|t:|1776133448
|switch|p2a: R-Pyrite|Necrozma, shiny|100/100
|move|p1a: Great Tusk|Earthquake|p2a: R-Pyrite
|-damage|p2a: R-Pyrite|58/100
|
|upkeep
|turn|11
|
|t:|1776133454
|move|p2a: R-Pyrite|Dragon Dance|p2a: R-Pyrite
|-boost|p2a: R-Pyrite|atk|1
|-boost|p2a: R-Pyrite|spe|1
|move|p1a: Great Tusk|Knock Off|p2a: R-Pyrite
|-supereffective|p2a: R-Pyrite
|-damage|p2a: R-Pyrite|12/100
|-enditem|p2a: R-Pyrite|Weakness Policy
|-boost|p2a: R-Pyrite|atk|2|[from] item: Weakness Policy
|-boost|p2a: R-Pyrite|spa|2|[from] item: Weakness Policy
|
|upkeep
|turn|12
|
|t:|1776133459
|move|p2a: R-Pyrite|Photon Geyser|p1a: Great Tusk
|-supereffective|p1a: Great Tusk
|-damage|p1a: Great Tusk|0 fnt
|faint|p1a: Great Tusk
|-end|p1a: Great Tusk|Protosynthesis|[silent]
|
|upkeep
|
|t:|1776133464
|switch|p1a: Gholdengo|Gholdengo|100/100
|-item|p1a: Gholdengo|Air Balloon
|turn|13
|
|t:|1776133466
|move|p2a: R-Pyrite|Shadow Claw|p1a: Gholdengo
|-supereffective|p1a: Gholdengo
|-damage|p1a: Gholdengo|0 fnt
|-enditem|p1a: Gholdengo|Air Balloon
|faint|p1a: Gholdengo
|
|upkeep
|
|t:|1776133470
|switch|p1a: Kingambit|Kingambit, M|100/100
|-activate|p1a: Kingambit|ability: Supreme Overlord
|-start|p1a: Kingambit|fallen5|[silent]
|turn|14
|
|t:|1776133472
|move|p1a: Kingambit|Sucker Punch|p2a: R-Pyrite
|-supereffective|p2a: R-Pyrite
|-damage|p2a: R-Pyrite|0 fnt
|faint|p2a: R-Pyrite
|
|upkeep
|
|t:|1776133476
|switch|p2a: Garfiel|Hitmontop, M|14/100
|turn|15
|
|t:|1776133488
|move|p1a: Kingambit|Sucker Punch|p2a: Garfiel
|-resisted|p2a: Garfiel
|-damage|p2a: Garfiel|0 fnt
|faint|p2a: Garfiel
|
|upkeep
|
|t:|1776133498
|switch|p2a: Babylon|Duraludon, M, shiny|100/100
|turn|16
|
|t:|1776133504
|move|p2a: Babylon|Thunderbolt|p1a: Kingambit
|-damage|p1a: Kingambit|62/100
|move|p1a: Kingambit|Swords Dance|p1a: Kingambit
|-boost|p1a: Kingambit|atk|2
|
|-heal|p1a: Kingambit|68/100|[from] item: Leftovers
|upkeep
|turn|17
|
|t:|1776133509
|move|p1a: Kingambit|Sucker Punch|p2a: Babylon
|-damage|p2a: Babylon|15/100
|move|p2a: Babylon|Thunderbolt|p1a: Kingambit
|-damage|p1a: Kingambit|32/100
|
|-heal|p1a: Kingambit|38/100|[from] item: Leftovers
|upkeep
|turn|18
|
|t:|1776133513
|move|p1a: Kingambit|Sucker Punch|p2a: Babylon
|-damage|p2a: Babylon|0 fnt
|faint|p2a: Babylon
|
|-heal|p1a: Kingambit|44/100|[from] item: Leftovers
|upkeep
|
|t:|1776133515
|switch|p2a: Xodium|Gardevoir, F, shiny|100/100
|-ability|p2a: Xodium|Supreme Overlord|Trace|[from] ability: Trace|[of] p1a: Kingambit
|-activate|p2a: Xodium|ability: Supreme Overlord
|-start|p2a: Xodium|fallen5|[silent]
|turn|19
|
|t:|1776133523
|move|p1a: Kingambit|Sucker Punch|p2a: Xodium
|-damage|p2a: Xodium|0 fnt
|faint|p2a: Xodium
|-end|p2a: Xodium|fallen5|[silent]
|
|win|somilgo
|raw|somilgo's rating: 1187 &rarr; <strong>1210</strong><br />(+23 for winning)
|raw|kjojon's rating: 1163 &rarr; <strong>1140</strong><br />(-23 for losing)
|l| ohko_smeargle
|c|☆kjojon|gg@/
|c|☆somilgo|haha
