|html|<div class="broadcast-blue"><strong>[Gen 9] OU is currently suspecting Tera Blast! For information on how to participate check out the <a href="https://www.smogon.com/tools/suspects/view/200">suspect thread</a>.</strong></div>
|j|☆calacon
|j|☆gooseemon3
|t:|1776083121
|gametype|singles
|player|p1|calacon|steven|1189
|player|p2|gooseemon3|clown|1199
|gen|9
|tier|[Gen 9] OU
|rated|
|rule|HP Percentage Mod: HP is shown in percentages
|rule|Endless Battle Clause: Forcing endless battles is banned
|rule|Species Clause: Limit one of each Pokémon
|rule|OHKO Clause: OHKO moves are banned
|rule|Evasion Items Clause: Evasion items are banned
|rule|Evasion Moves Clause: Evasion moves are banned
|rule|Evasion Abilities Clause: Evasion abilities are banned
|rule|Sleep Moves Clause: Sleep-inducing moves are banned
|clearpoke
|poke|p1|Bastiodon, F|
|poke|p1|Gallade, M|
|poke|p1|Gengar, M|
|poke|p1|Arboliva, F|
|poke|p1|Kleavor, F|
|poke|p1|Florges, F|
|poke|p2|Iron Moth|
|poke|p2|Overqwil, M|
|poke|p2|Pelipper, M|
|poke|p2|Kleavor, F|
|poke|p2|Regice|
|poke|p2|Quaquaval, F|
|teampreview
|inactive|Battle timer is ON: inactive players will automatically lose when time's up. (requested by calacon)
|
|t:|1776083137
|teamsize|p1|6
|teamsize|p2|6
|start
|switch|p1a: Kleavor|Kleavor, F|100/100
|switch|p2a: Kleavor|Kleavor, F|100/100
|turn|1
|
|t:|1776083141
|move|p2a: Kleavor|Stone Axe|p1a: Kleavor
|-supereffective|p1a: Kleavor
|-damage|p1a: Kleavor|0 fnt
|-sidestart|p1: calacon|move: Stealth Rock
|faint|p1a: Kleavor
|
|upkeep
|
|t:|1776083149
|switch|p1a: Bastiodon|Bastiodon, F, shiny|100/100
|-damage|p1a: Bastiodon|94/100|[from] Stealth Rock
|turn|2
|
|t:|1776083154
|move|p2a: Kleavor|Brick Break|p1a: Bastiodon
|-supereffective|p1a: Bastiodon
|-damage|p1a: Bastiodon|35/100
|move|p1a: Bastiodon|Iron Defense|p1a: Bastiodon
|-boost|p1a: Bastiodon|def|2
|
|-heal|p1a: Bastiodon|41/100|[from] item: Leftovers
|upkeep
|turn|3
|
|t:|1776083159
|-terastallize|p1a: Bastiodon|Flying
|move|p2a: Kleavor|Brick Break|p1a: Bastiodon
|-resisted|p1a: Bastiodon
|-damage|p1a: Bastiodon|38/100
|move|p1a: Bastiodon|Body Press|p2a: Kleavor
|-damage|p2a: Kleavor|7/100
|
|-heal|p1a: Bastiodon|44/100|[from] item: Leftovers
|upkeep
|turn|4
|
|t:|1776083169
|move|p2a: Kleavor|Stone Axe|p1a: Bastiodon
|-supereffective|p1a: Bastiodon
|-damage|p1a: Bastiodon|14/100
|move|p1a: Bastiodon|Scorching Sands|p2a: Kleavor
|-damage|p2a: Kleavor|0 fnt
|faint|p2a: Kleavor
|
|-heal|p1a: Bastiodon|21/100|[from] item: Leftovers
|upkeep
|
|t:|1776083173
|switch|p2a: Pelipper|Pelipper, M|100/100
|-weather|RainDance|[from] ability: Drizzle|[of] p2a: Pelipper
|turn|5
|
|t:|1776083179
|switch|p1a: Florges|Florges, F, shiny|100/100
|-damage|p1a: Florges|88/100|[from] Stealth Rock
|move|p2a: Pelipper|U-turn|p1a: Florges
|-resisted|p1a: Florges
|-damage|p1a: Florges|83/100
|
|t:|1776083182
|switch|p2a: Overqwil|Overqwil, M|100/100|[from] U-turn
|
|-weather|RainDance|[upkeep]
|-heal|p1a: Florges|89/100|[from] item: Leftovers
|upkeep
|turn|6
|
|t:|1776083191
|switch|p1a: Gengar|Gengar, M|100/100
|-damage|p1a: Gengar|88/100|[from] Stealth Rock
|move|p2a: Overqwil|Barb Barrage|p1a: Gengar
|-resisted|p1a: Gengar
|-damage|p1a: Gengar|73/100
|-start|p2a: Overqwil|Disable|Barb Barrage|[from] ability: Cursed Body|[of] p1a: Gengar
|
|-weather|RainDance|[upkeep]
|upkeep
|turn|7
|
|t:|1776083200
|move|p2a: Overqwil|Throat Chop|p1a: Gengar
|-supereffective|p1a: Gengar
|-damage|p1a: Gengar|0 fnt
|faint|p1a: Gengar
|
|-weather|RainDance|[upkeep]
|upkeep
|
|t:|1776083204
|switch|p1a: Gallade|Gallade, M, shiny|100/100
|-damage|p1a: Gallade|94/100|[from] Stealth Rock
|turn|8
|
|t:|1776083210
|move|p2a: Overqwil|Toxic|p1a: Gallade
|-status|p1a: Gallade|tox
|move|p1a: Gallade|Agility|p1a: Gallade
|-boost|p1a: Gallade|spe|2
|
|-weather|RainDance|[upkeep]
|-damage|p1a: Gallade|88/100 tox|[from] psn
|upkeep
|turn|9
|
|t:|1776083216
|move|p2a: Overqwil|Throat Chop|p1a: Gallade
|-damage|p1a: Gallade|14/100 tox
|-start|p1a: Gallade|Throat Chop|[silent]
|move|p1a: Gallade|Psycho Cut|p2a: Overqwil
|-immune|p2a: Overqwil
|
|-weather|RainDance|[upkeep]
|-damage|p1a: Gallade|2/100 tox|[from] psn
|-end|p2a: Overqwil|Disable
|upkeep
|turn|10
|
|t:|1776083223
|move|p2a: Overqwil|Fell Stinger|p1a: Gallade
|-damage|p1a: Gallade|0 fnt
|faint|p1a: Gallade
|-boost|p2a: Overqwil|atk|3
|
|-weather|RainDance|[upkeep]
|upkeep
|-message|calacon forfeited.
|
|win|gooseemon3
|raw|calacon's rating: 1189 &rarr; <strong>1165</strong><br />(-24 for losing)
|raw|gooseemon3's rating: 1199 &rarr; <strong>1223</strong><br />(+24 for winning)
|l|☆calacon
|player|p1|
|l|☆gooseemon3
|player|p2|
