|html|<div class="broadcast-blue"><strong>[Gen 9] OU is currently suspecting Tera Blast! For information on how to participate check out the <a href="https://www.smogon.com/tools/suspects/view/200">suspect thread</a>.</strong></div>
|j|☆Brothraki
|j|☆yu06
|t:|1776330272
|gametype|singles
|player|p1|Brothraki|elesa-gen5bw2|1378
|player|p2|yu06|ghetsis-gen5bw|1338
|gen|9
|tier|[Gen 9] OU
|rated|
|rule|HP Percentage Mod: HP is shown in percentages
|rule|Endless Battle Clause: Forcing endless battles is banned
|rule|Species Clause: Limit one of each Pokémon
|rule|OHKO Clause: OHKO moves are banned
|rule|Evasion Items Clause: Evasion items are banned
|rule|Evasion Moves Clause: Evasion moves are banned
|rule|Evasion Abilities Clause: Evasion abilities are banned
|rule|Sleep Moves Clause: Sleep-inducing moves are banned
|clearpoke
|poke|p1|Hoopa-Unbound|
|poke|p1|Iron Crown|
|poke|p1|Raging Bolt|
|poke|p1|Samurott-Hisui, M|
|poke|p1|Great Tusk|
|poke|p1|Kingambit, M|
|poke|p2|Bronzong|
|poke|p2|Clodsire, F|
|poke|p2|Gholdengo|
|poke|p2|Pecharunt|
|poke|p2|Chesnaught, M|
|poke|p2|Weavile, F|
|teampreview
|inactive|Battle timer is ON: inactive players will automatically lose when time's up. (requested by yu06)
|inactive|Brothraki has 120 seconds left.
|
|t:|1776330316
|teamsize|p1|6
|teamsize|p2|6
|start
|switch|p1a: Samurott|Samurott-Hisui, M|100/100
|switch|p2a: Chesnaught|Chesnaught, M|100/100
|turn|1
|
|t:|1776330327
|move|p1a: Samurott|Ceaseless Edge|p2a: Chesnaught
|-resisted|p2a: Chesnaught
|-damage|p2a: Chesnaught|87/100
|-damage|p1a: Samurott|84/100|[from] item: Rocky Helmet|[of] p2a: Chesnaught
|-sidestart|p2: yu06|Spikes
|move|p2a: Chesnaught|Body Press|p1a: Samurott
|-supereffective|p1a: Samurott
|-damage|p1a: Samurott|0 fnt
|faint|p1a: Samurott
|
|upkeep
|c|☆Brothraki|glhf bud
|
|t:|1776330333
|switch|p1a: Hoopa|Hoopa-Unbound|100/100
|turn|2
|c|☆yu06|glhf
|
|t:|1776330341
|switch|p1a: Great Tusk|Great Tusk|100/100
|switch|p2a: Weavile|Weavile, F|100/100
|-ability|p2a: Weavile|Pressure
|
|upkeep
|turn|3
|
|t:|1776330349
|switch|p2a: Bronzong|Bronzong|100/100
|move|p1a: Great Tusk|Rapid Spin|p2a: Bronzong
|-resisted|p2a: Bronzong
|-damage|p2a: Bronzong|93/100
|-boost|p1a: Great Tusk|spe|1
|
|-heal|p2a: Bronzong|99/100|[from] item: Leftovers
|upkeep
|turn|4
|
|t:|1776330354
|move|p1a: Great Tusk|Stealth Rock|p2a: Bronzong
|-sidestart|p2: yu06|move: Stealth Rock
|move|p2a: Bronzong|Psychic Noise|p1a: Great Tusk
|-supereffective|p1a: Great Tusk
|-damage|p1a: Great Tusk|37/100
|-start|p1a: Great Tusk|move: Heal Block
|
|-heal|p2a: Bronzong|100/100|[from] item: Leftovers
|upkeep
|turn|5
|
|t:|1776330362
|-end|p1a: Great Tusk|Protosynthesis|[silent]
|switch|p1a: Hoopa|Hoopa-Unbound|100/100
|move|p2a: Bronzong|Stealth Rock|p1a: Hoopa
|-sidestart|p1: Brothraki|move: Stealth Rock
|
|upkeep
|turn|6
|
|t:|1776330374
|move|p1a: Hoopa|Focus Blast|p2a: Bronzong
|-crit|p2a: Bronzong
|-damage|p2a: Bronzong|16/100
|move|p2a: Bronzong|Iron Head|p1a: Hoopa
|-damage|p1a: Hoopa|57/100
|
|-heal|p2a: Bronzong|23/100|[from] item: Leftovers
|upkeep
|turn|7
|
|t:|1776330381
|move|p1a: Hoopa|Focus Blast|p2a: Bronzong
|-damage|p2a: Bronzong|0 fnt
|faint|p2a: Bronzong
|
|upkeep
|
|t:|1776330384
|switch|p2a: Weavile|Weavile, F|100/100
|-ability|p2a: Weavile|Pressure
|turn|8
|
|t:|1776330391
|switch|p1a: Great Tusk|Great Tusk|37/100
|move|p2a: Weavile|Knock Off|p1a: Great Tusk
|-resisted|p1a: Great Tusk
|-damage|p1a: Great Tusk|19/100
|-enditem|p1a: Great Tusk|Heavy-Duty Boots|[from] move: Knock Off|[of] p2a: Weavile
|
|upkeep
|turn|9
|
|t:|1776330400
|move|p2a: Weavile|Ice Shard|p1a: Great Tusk
|-supereffective|p1a: Great Tusk
|-damage|p1a: Great Tusk|0 fnt
|faint|p1a: Great Tusk
|-end|p1a: Great Tusk|Protosynthesis|[silent]
|
|upkeep
|
|t:|1776330403
|switch|p1a: Iron Crown|Iron Crown|100/100
|-damage|p1a: Iron Crown|94/100|[from] Stealth Rock
|-enditem|p1a: Iron Crown|Booster Energy
|-activate|p1a: Iron Crown|ability: Quark Drive|[fromitem]
|-start|p1a: Iron Crown|quarkdrivespe
|turn|10
|
|t:|1776330420
|switch|p2a: Pecharunt|Pecharunt|100/100
|move|p1a: Iron Crown|Calm Mind|p1a: Iron Crown
|-boost|p1a: Iron Crown|spa|1
|-boost|p1a: Iron Crown|spd|1
|
|upkeep
|turn|11
|
|t:|1776330429
|-terastallize|p1a: Iron Crown|Fighting
|move|p1a: Iron Crown|Calm Mind|p1a: Iron Crown
|-boost|p1a: Iron Crown|spa|1
|-boost|p1a: Iron Crown|spd|1
|move|p2a: Pecharunt|Parting Shot|p1a: Iron Crown
|-unboost|p1a: Iron Crown|atk|1
|-unboost|p1a: Iron Crown|spa|1
|
|t:|1776330436
|switch|p2a: Gholdengo|Gholdengo|100/100|[from] Parting Shot
|-damage|p2a: Gholdengo|94/100|[from] Stealth Rock
|-item|p2a: Gholdengo|Air Balloon
|
|upkeep
|turn|12
|
|t:|1776330441
|move|p1a: Iron Crown|Calm Mind|p1a: Iron Crown
|-boost|p1a: Iron Crown|spa|1
|-boost|p1a: Iron Crown|spd|1
|move|p2a: Gholdengo|Shadow Ball|p1a: Iron Crown
|-damage|p1a: Iron Crown|77/100
|
|upkeep
|turn|13
|
|t:|1776330443
|move|p1a: Iron Crown|Tachyon Cutter|p2a: Gholdengo
|-resisted|p2a: Gholdengo
|-damage|p2a: Gholdengo|72/100
|-enditem|p2a: Gholdengo|Air Balloon
|-resisted|p2a: Gholdengo
|-damage|p2a: Gholdengo|49/100
|-hitcount|p2a: Gholdengo|2
|move|p2a: Gholdengo|Nasty Plot|p2a: Gholdengo
|-boost|p2a: Gholdengo|spa|2
|
|upkeep
|turn|14
|
|t:|1776330447
|move|p1a: Iron Crown|Calm Mind|p1a: Iron Crown
|-boost|p1a: Iron Crown|spa|1
|-boost|p1a: Iron Crown|spd|1
|move|p2a: Gholdengo|Shadow Ball|p1a: Iron Crown
|-damage|p1a: Iron Crown|47/100
|
|upkeep
|turn|15
|
|t:|1776330459
|move|p1a: Iron Crown|Tachyon Cutter|p2a: Gholdengo
|-resisted|p2a: Gholdengo
|-damage|p2a: Gholdengo|16/100
|-resisted|p2a: Gholdengo
|-damage|p2a: Gholdengo|0 fnt
|faint|p2a: Gholdengo
|-hitcount|p2: Gholdengo|2
|
|upkeep
|
|t:|1776330463
|switch|p2a: Weavile|Weavile, F|100/100
|-ability|p2a: Weavile|Pressure
|turn|16
|
|t:|1776330476
|-terastallize|p2a: Weavile|Steel
|move|p1a: Iron Crown|Tachyon Cutter|p2a: Weavile
|-resisted|p2a: Weavile
|-damage|p2a: Weavile|60/100
|-resisted|p2a: Weavile
|-damage|p2a: Weavile|16/100
|-hitcount|p2a: Weavile|2
|move|p2a: Weavile|Triple Axel|p1a: Iron Crown
|-damage|p1a: Iron Crown|36/100
|-damage|p1a: Iron Crown|17/100
|-damage|p1a: Iron Crown|0 fnt
|faint|p1a: Iron Crown
|-end|p1a: Iron Crown|Quark Drive|[silent]
|-hitcount|p1: Iron Crown|3
|
|upkeep
|
|t:|1776330486
|switch|p1a: Raging Bolt|Raging Bolt|100/100
|turn|17
|
|t:|1776330490
|move|p2a: Weavile|Ice Shard|p1a: Raging Bolt
|-supereffective|p1a: Raging Bolt
|-damage|p1a: Raging Bolt|62/100
|move|p1a: Raging Bolt|Dragon Pulse|p2a: Weavile
|-resisted|p2a: Weavile
|-damage|p2a: Weavile|0 fnt
|faint|p2a: Weavile
|
|upkeep
|
|t:|1776330494
|switch|p2a: Clodsire|Clodsire, F|100/100
|-damage|p2a: Clodsire|88/100|[from] Spikes
|-damage|p2a: Clodsire|82/100|[from] Stealth Rock
|turn|18
|
|t:|1776330520
|move|p1a: Raging Bolt|Dragon Pulse|p2a: Clodsire
|-damage|p2a: Clodsire|57/100
|move|p2a: Clodsire|Spikes|p1a: Raging Bolt
|-sidestart|p1: Brothraki|Spikes
|
|-heal|p2a: Clodsire|63/100|[from] item: Leftovers
|upkeep
|turn|19
|
|t:|1776330529
|move|p1a: Raging Bolt|Dragon Pulse|p2a: Clodsire
|-damage|p2a: Clodsire|34/100
|move|p2a: Clodsire|Earthquake|p1a: Raging Bolt
|-supereffective|p1a: Raging Bolt
|-damage|p1a: Raging Bolt|6/100
|
|-heal|p2a: Clodsire|40/100|[from] item: Leftovers
|upkeep
|turn|20
|
|t:|1776330532
|move|p1a: Raging Bolt|Dragon Pulse|p2a: Clodsire
|-damage|p2a: Clodsire|12/100
|move|p2a: Clodsire|Recover|p2a: Clodsire
|-heal|p2a: Clodsire|62/100
|
|-heal|p2a: Clodsire|68/100|[from] item: Leftovers
|upkeep
|turn|21
|
|t:|1776330540
|move|p1a: Raging Bolt|Dragon Pulse|p2a: Clodsire
|-damage|p2a: Clodsire|42/100
|move|p2a: Clodsire|Recover|p2a: Clodsire
|-heal|p2a: Clodsire|92/100
|
|-heal|p2a: Clodsire|98/100|[from] item: Leftovers
|upkeep
|turn|22
|
|t:|1776330551
|move|p1a: Raging Bolt|Dragon Pulse|p2a: Clodsire
|-damage|p2a: Clodsire|71/100
|move|p2a: Clodsire|Spikes|p1a: Raging Bolt
|-sidestart|p1: Brothraki|Spikes
|
|-heal|p2a: Clodsire|77/100|[from] item: Leftovers
|upkeep
|turn|23
|
|t:|1776330571
|move|p1a: Raging Bolt|Dragon Pulse|p2a: Clodsire
|-damage|p2a: Clodsire|52/100
|move|p2a: Clodsire|Recover|p2a: Clodsire
|-heal|p2a: Clodsire|100/100
|
|upkeep
|turn|24
|
|t:|1776330580
|move|p1a: Raging Bolt|Dragon Pulse|p2a: Clodsire
|-damage|p2a: Clodsire|73/100
|move|p2a: Clodsire|Spikes|p1a: Raging Bolt
|-sidestart|p1: Brothraki|Spikes
|
|-heal|p2a: Clodsire|80/100|[from] item: Leftovers
|upkeep
|turn|25
|
|t:|1776330589
|move|p1a: Raging Bolt|Dragon Pulse|p2a: Clodsire
|-damage|p2a: Clodsire|54/100
|move|p2a: Clodsire|Recover|p2a: Clodsire
|-heal|p2a: Clodsire|100/100
|
|upkeep
|turn|26
|
|t:|1776330603
|move|p1a: Raging Bolt|Dragon Pulse|p2a: Clodsire
|-damage|p2a: Clodsire|72/100
|move|p2a: Clodsire|Spikes||[still]
|-fail|p2a: Clodsire
|
|-heal|p2a: Clodsire|78/100|[from] item: Leftovers
|upkeep
|turn|27
|
|t:|1776330611
|-end|p1a: Raging Bolt|Protosynthesis|[silent]
|switch|p1a: Hoopa|Hoopa-Unbound|57/100
|-damage|p1a: Hoopa|45/100|[from] Stealth Rock
|-damage|p1a: Hoopa|20/100|[from] Spikes
|move|p2a: Clodsire|Recover|p2a: Clodsire
|-heal|p2a: Clodsire|100/100
|
|upkeep
|turn|28
|
|t:|1776330614
|move|p1a: Hoopa|Psychic Noise|p2a: Clodsire
|-supereffective|p2a: Clodsire
|-damage|p2a: Clodsire|16/100
|-start|p2a: Clodsire|move: Heal Block
|move|p2a: Clodsire|Earthquake|p1a: Hoopa
|-damage|p1a: Hoopa|0 fnt
|faint|p1a: Hoopa
|
|upkeep
|
|t:|1776330621
|switch|p1a: Kingambit|Kingambit, M|100/100
|-damage|p1a: Kingambit|94/100|[from] Stealth Rock
|-damage|p1a: Kingambit|69/100|[from] Spikes
|-activate|p1a: Kingambit|ability: Supreme Overlord
|-start|p1a: Kingambit|fallen4|[silent]
|turn|29
|
|t:|1776330625
|move|p1a: Kingambit|Swords Dance|p1a: Kingambit
|-boost|p1a: Kingambit|atk|2
|move|p2a: Clodsire|Earthquake|p1a: Kingambit
|-supereffective|p1a: Kingambit
|-damage|p1a: Kingambit|22/100
|
|-heal|p1a: Kingambit|28/100|[from] item: Leftovers
|-end|p2a: Clodsire|move: Heal Block
|upkeep
|turn|30
|
|t:|1776330629
|move|p1a: Kingambit|Kowtow Cleave|p2a: Clodsire
|-crit|p2a: Clodsire
|-damage|p2a: Clodsire|0 fnt
|faint|p2a: Clodsire
|
|-heal|p1a: Kingambit|34/100|[from] item: Leftovers
|upkeep
|
|t:|1776330631
|switch|p2a: Chesnaught|Chesnaught, M|87/100
|-damage|p2a: Chesnaught|75/100|[from] Spikes
|-damage|p2a: Chesnaught|69/100|[from] Stealth Rock
|turn|31
|
|t:|1776330639
|move|p1a: Kingambit|Kowtow Cleave|p2a: Chesnaught
|-resisted|p2a: Chesnaught
|-damage|p2a: Chesnaught|30/100
|-damage|p1a: Kingambit|18/100|[from] item: Rocky Helmet|[of] p2a: Chesnaught
|move|p2a: Chesnaught|Body Press|p1a: Kingambit
|-supereffective|p1a: Kingambit
|-damage|p1a: Kingambit|0 fnt
|faint|p1a: Kingambit
|-end|p1a: Kingambit|fallen4|[silent]
|
|upkeep
|
|t:|1776330645
|switch|p1a: Raging Bolt|Raging Bolt|6/100
|turn|32
|c|☆yu06|gg
|
|t:|1776330649
|move|p1a: Raging Bolt|Dragon Pulse|p2a: Chesnaught
|-damage|p2a: Chesnaught|0 fnt
|faint|p2a: Chesnaught
|
|upkeep
|
|t:|1776330651
|switch|p2a: Pecharunt|Pecharunt|100/100
|turn|33
|
|t:|1776330654
|move|p1a: Raging Bolt|Thunderbolt|p2a: Pecharunt
|-damage|p2a: Pecharunt|43/100
|move|p2a: Pecharunt|Foul Play|p1a: Raging Bolt
|-damage|p1a: Raging Bolt|0 fnt
|faint|p1a: Raging Bolt
|-end|p1a: Raging Bolt|Protosynthesis|[silent]
|
|win|yu06
|raw|Brothraki's rating: 1378 &rarr; <strong>1356</strong><br />(-22 for losing)
|raw|yu06's rating: 1338 &rarr; <strong>1360</strong><br />(+22 for winning)
|c|☆Brothraki|gg
|l|☆Brothraki
|player|p1|
