|html|<div class="broadcast-blue"><strong>[Gen 9] OU is currently suspecting Tera Blast! For information on how to participate check out the <a href="https://www.smogon.com/tools/suspects/view/200">suspect thread</a>.</strong></div>
|j|☆pepinoloko
|j|☆nautillect
|t:|1776099007
|gametype|singles
|player|p1|pepinoloko|byron|1674
|player|p2|nautillect|266|1727
|gen|9
|tier|[Gen 9] OU
|rated|
|rule|HP Percentage Mod: HP is shown in percentages
|rule|Endless Battle Clause: Forcing endless battles is banned
|rule|Species Clause: Limit one of each Pokémon
|rule|OHKO Clause: OHKO moves are banned
|rule|Evasion Items Clause: Evasion items are banned
|rule|Evasion Moves Clause: Evasion moves are banned
|rule|Evasion Abilities Clause: Evasion abilities are banned
|rule|Sleep Moves Clause: Sleep-inducing moves are banned
|clearpoke
|poke|p1|Salazzle, F|
|poke|p1|Zoroark-Hisui, F|
|poke|p1|Iron Treads|
|poke|p1|Lokix, F|
|poke|p1|Primarina, F|
|poke|p1|Hydrapple, M|
|poke|p2|Ogerpon-Cornerstone, F|
|poke|p2|Cinderace, F|
|poke|p2|Kyurem|
|poke|p2|Dragonite, F|
|poke|p2|Deoxys-Speed|
|poke|p2|Zamazenta-*|
|teampreview
|inactive|Battle timer is ON: inactive players will automatically lose when time's up. (requested by nautillect)
|j| gym locker smells
|
|t:|1776099035
|teamsize|p1|6
|teamsize|p2|6
|start
|switch|p1a: Repent|Lokix, F|100/100
|switch|p2a: Kyurem|Kyurem|100/100
|-ability|p2a: Kyurem|Pressure
|turn|1
|
|t:|1776099048
|move|p1a: Repent|Leech Life|p2a: Kyurem
|-damage|p2a: Kyurem|63/100
|-damage|p1a: Repent|91/100|[from] item: Life Orb
|move|p2a: Kyurem|Freeze-Dry|p1a: Repent
|-damage|p1a: Repent|13/100
|
|upkeep
|turn|2
|
|t:|1776099055
|switch|p1a: Forgive|Salazzle, F|100/100
|move|p2a: Kyurem|Freeze-Dry|p1a: Forgive
|-resisted|p1a: Forgive
|-damage|p1a: Forgive|74/100
|
|-heal|p1a: Forgive|80/100|[from] item: Leftovers
|upkeep
|turn|3
|
|t:|1776099063
|move|p1a: Forgive|Toxic|p2a: Kyurem
|-status|p2a: Kyurem|tox
|move|p2a: Kyurem|Earth Power|p1a: Forgive
|-supereffective|p1a: Forgive
|-damage|p1a: Forgive|0 fnt
|faint|p1a: Forgive
|
|-damage|p2a: Kyurem|57/100 tox|[from] psn
|upkeep
|
|t:|1776099069
|switch|p1a: Grace still is|Primarina, F|100/100
|turn|4
|
|t:|1776099078
|switch|p2a: Cinderace|Cinderace, F|100/100
|move|p1a: Grace still is|Draining Kiss|p2a: Cinderace
|-resisted|p2a: Cinderace
|-damage|p2a: Cinderace|83/100
|
|upkeep
|turn|5
|
|t:|1776099084
|move|p2a: Cinderace|Pyro Ball|p1a: Grace still is
|-resisted|p1a: Grace still is
|-damage|p1a: Grace still is|71/100
|move|p1a: Grace still is|Hyper Voice|p2a: Cinderace
|-supereffective|p2a: Cinderace
|-damage|p2a: Cinderace|0 fnt
|faint|p2a: Cinderace
|
|upkeep
|
|t:|1776099087
|switch|p2a: Ogerpon|Ogerpon-Cornerstone, F|100/100
|turn|6
|
|t:|1776099093
|switch|p1a: He loves you|Hydrapple, M|100/100
|move|p2a: Ogerpon|Power Whip|p1a: He loves you
|-resisted|p1a: He loves you
|-damage|p1a: He loves you|91/100
|-damage|p2a: Ogerpon|84/100|[from] item: Rocky Helmet|[of] p1a: He loves you
|
|upkeep
|turn|7
|
|t:|1776099103
|switch|p2a: Kyurem|Kyurem|57/100 tox
|-ability|p2a: Kyurem|Pressure
|move|p1a: He loves you|Fickle Beam|p2a: Kyurem
|-supereffective|p2a: Kyurem
|-damage|p2a: Kyurem|12/100 tox
|
|-damage|p2a: Kyurem|6/100 tox|[from] psn
|upkeep
|turn|8
|
|t:|1776099109
|switch|p1a: Jesus is the way|Iron Treads|100/100
|move|p2a: Kyurem|Focus Blast|p1a: Jesus is the way
|-supereffective|p1a: Jesus is the way
|-damage|p1a: Jesus is the way|15/100
|
|-heal|p1a: Jesus is the way|21/100|[from] item: Leftovers
|-damage|p2a: Kyurem|0 fnt|[from] psn
|faint|p2a: Kyurem
|upkeep
|
|t:|1776099112
|switch|p2a: Ogerpon|Ogerpon-Cornerstone, F|84/100
|turn|9
|
|t:|1776099118
|-end|p1a: Jesus is the way|Quark Drive|[silent]
|switch|p1a: He loves you|Hydrapple, M|100/100
|move|p2a: Ogerpon|Spikes|p1a: He loves you
|-sidestart|p1: pepinoloko|Spikes
|
|upkeep
|turn|10
|
|t:|1776099124
|move|p2a: Ogerpon|Taunt|p1a: He loves you
|-start|p1a: He loves you|move: Taunt
|move|p1a: He loves you|Giga Drain|p2a: Ogerpon
|-damage|p2a: Ogerpon|51/100
|
|upkeep
|turn|11
|
|t:|1776099130
|move|p2a: Ogerpon|Spikes|p1a: He loves you
|-sidestart|p1: pepinoloko|Spikes
|move|p1a: He loves you|Earth Power|p2a: Ogerpon
|-damage|p2a: Ogerpon|23/100
|
|upkeep
|turn|12
|
|t:|1776099138
|move|p2a: Ogerpon|Ivy Cudgel|p1a: He loves you|[anim] Ivy Cudgel Rock
|-damage|p1a: He loves you|66/100
|move|p1a: He loves you|Giga Drain|p2a: Ogerpon
|-damage|p2a: Ogerpon|0 fnt
|-heal|p1a: He loves you|74/100|[from] drain|[of] p2a: Ogerpon
|faint|p2a: Ogerpon
|
|-end|p1a: He loves you|move: Taunt
|upkeep
|
|t:|1776099140
|switch|p2a: Dragonite|Dragonite, F|100/100
|turn|13
|
|t:|1776099146
|move|p2a: Dragonite|Encore|p1a: He loves you
|-start|p1a: He loves you|Encore
|move|p1a: He loves you|Giga Drain|p2a: Dragonite
|-resisted|p2a: Dragonite
|-damage|p2a: Dragonite|97/100
|-heal|p1a: He loves you|75/100|[from] drain|[of] p2a: Dragonite
|
|upkeep
|turn|14
|
|t:|1776099152
|switch|p1a: Repent|Lokix, F|100/100
|-damage|p1a: Repent|84/100|[from] Spikes
|move|p2a: Dragonite|Dragon Dance|p2a: Dragonite
|-boost|p2a: Dragonite|atk|1
|-boost|p2a: Dragonite|spe|1
|
|upkeep
|turn|15
|
|t:|1776099167
|switch|p2a: Zamazenta|Zamazenta|100/100
|-ability|p2a: Zamazenta|Dauntless Shield|boost
|-boost|p2a: Zamazenta|def|1
|-terastallize|p1a: Repent|Ground
|move|p1a: Repent|Trick|p2a: Zamazenta
|-activate|p1a: Repent|move: Trick|[of] p2a: Zamazenta
|-item|p2a: Zamazenta|Choice Specs|[from] move: Trick
|-item|p1a: Repent|Leftovers|[from] move: Trick
|
|-heal|p1a: Repent|90/100|[from] item: Leftovers
|upkeep
|turn|16
|
|t:|1776099175
|switch|p1a: He loves you|Hydrapple, M|100/100
|-damage|p1a: He loves you|84/100|[from] Spikes
|move|p2a: Zamazenta|Body Press|p1a: He loves you
|-damage|p1a: He loves you|53/100
|-damage|p2a: Zamazenta|84/100|[from] item: Rocky Helmet|[of] p1a: He loves you
|
|upkeep
|turn|17
|
|t:|1776099184
|switch|p2a: Deoxys|Deoxys-Speed|100/100
|-ability|p2a: Deoxys|Pressure
|move|p1a: He loves you|Giga Drain|p2a: Deoxys
|-damage|p2a: Deoxys|54/100
|-heal|p1a: He loves you|67/100|[from] drain|[of] p2a: Deoxys
|
|upkeep
|turn|18
|
|t:|1776099190
|switch|p1a: Jesus is the way|Iron Treads|21/100
|-damage|p1a: Jesus is the way|4/100|[from] Spikes
|move|p2a: Deoxys|Psycho Boost|p1a: Jesus is the way
|-resisted|p1a: Jesus is the way
|-damage|p1a: Jesus is the way|0 fnt
|-unboost|p2a: Deoxys|spa|2
|faint|p1a: Jesus is the way
|-end|p1a: Jesus is the way|Quark Drive|[silent]
|-damage|p2a: Deoxys|45/100|[from] item: Life Orb
|
|upkeep
|
|t:|1776099198
|switch|p1a: He loves you|Hydrapple, M|100/100
|-damage|p1a: He loves you|84/100|[from] Spikes
|turn|19
|
|t:|1776099207
|switch|p2a: Zamazenta|Zamazenta|84/100
|move|p1a: He loves you|Nasty Plot|p1a: He loves you
|-boost|p1a: He loves you|spa|2
|
|upkeep
|turn|20
|
|t:|1776099213
|switch|p2a: Dragonite|Dragonite, F|97/100
|move|p1a: He loves you|Fickle Beam|p2a: Dragonite
|-supereffective|p2a: Dragonite
|-damage|p2a: Dragonite|0 fnt
|faint|p2a: Dragonite
|
|upkeep
|
|t:|1776099216
|switch|p2a: Deoxys|Deoxys-Speed|45/100
|-ability|p2a: Deoxys|Pressure
|turn|21
|
|t:|1776099223
|move|p2a: Deoxys|Psycho Boost|p1a: He loves you
|-damage|p1a: He loves you|2/100
|-unboost|p2a: Deoxys|spa|2
|-damage|p2a: Deoxys|35/100|[from] item: Life Orb
|move|p1a: He loves you|Giga Drain|p2a: Deoxys
|-damage|p2a: Deoxys|0 fnt
|-heal|p1a: He loves you|13/100|[from] drain|[of] p2a: Deoxys
|faint|p2a: Deoxys
|
|upkeep
|
|t:|1776099226
|switch|p2a: Zamazenta|Zamazenta|84/100
|turn|22
|
|t:|1776099232
|switch|p1a: Repent|Lokix, F|13/100
|-damage|p1a: Repent|0 fnt|[from] Spikes
|faint|p1a: Repent
|move|p2a: Zamazenta|Body Press|p1: Repent|[notarget]
|-fail|p2a: Zamazenta
|
|upkeep
|
|t:|1776099237
|switch|p1a: Grace still is|Primarina, F|71/100
|-damage|p1a: Grace still is|55/100|[from] Spikes
|turn|23
|
|t:|1776099243
|-terastallize|p2a: Zamazenta|Fire
|move|p2a: Zamazenta|Body Press|p1a: Grace still is
|-resisted|p1a: Grace still is
|-damage|p1a: Grace still is|31/100
|move|p1a: Grace still is|Draining Kiss|p2a: Zamazenta
|-resisted|p2a: Zamazenta
|-damage|p2a: Zamazenta|71/100
|-heal|p1a: Grace still is|40/100|[from] drain|[of] p2a: Zamazenta
|
|upkeep
|turn|24
|-message|nautillect forfeited.
|
|win|pepinoloko
|raw|pepinoloko's rating: 1674 &rarr; <strong>1697</strong><br />(+23 for winning)
|raw|nautillect's rating: 1727 &rarr; <strong>1704</strong><br />(-23 for losing)
|l|☆nautillect
|player|p2|
|l|☆pepinoloko
|player|p1|
