|html|<div class="broadcast-blue"><strong>[Gen 9] OU is currently suspecting Volcarona! For information on how to participate check out the <a href="https://www.smogon.com/tools/suspects/view/208">suspect thread</a>.</strong></div>
|j|☆McStickynugget
|j|☆ahaoby
|t:|1778517375
|gametype|singles
|player|p1|McStickynugget|169|1325
|player|p2|ahaoby|clair|1362
|gen|9
|tier|[Gen 9] OU
|rated|
|rule|HP Percentage Mod: HP is shown in percentages
|rule|Endless Battle Clause: Forcing endless battles is banned
|rule|Species Clause: Limit one of each Pokémon
|rule|OHKO Clause: OHKO moves are banned
|rule|Evasion Items Clause: Evasion items are banned
|rule|Evasion Moves Clause: Evasion moves are banned
|rule|Evasion Abilities Clause: Evasion abilities are banned
|rule|Sleep Moves Clause: Sleep-inducing moves are banned
|clearpoke
|poke|p1|Corviknight, M|
|poke|p1|Ursaluna, M|
|poke|p1|Ogerpon-Wellspring, F|
|poke|p1|Raging Bolt|
|poke|p1|Zamazenta-*|
|poke|p1|Hatterene, F|
|poke|p2|Bellibolt, F|
|poke|p2|Corviknight, F|
|poke|p2|Primarina, F|
|poke|p2|Garganacl, F|
|poke|p2|Deoxys-Speed|
|poke|p2|Darkrai|
|teampreview
|inactive|Battle timer is ON: inactive players will automatically lose when time's up. (requested by ahaoby)
|
|t:|1778517391
|teamsize|p1|6
|teamsize|p2|6
|start
|switch|p1a: Hatterene|Hatterene, F|100/100
|switch|p2a: Primarina|Primarina, F|100/100
|turn|1
|
|t:|1778517395
|move|p2a: Primarina|Moonblast|p1a: Hatterene
|-damage|p1a: Hatterene|67/100
|move|p1a: Hatterene|Nuzzle|p2a: Primarina
|-supereffective|p2a: Primarina
|-damage|p2a: Primarina|91/100
|-status|p2a: Primarina|par
|
|upkeep
|turn|2
|
|t:|1778517402
|move|p1a: Hatterene|Psyshock|p2a: Primarina
|-damage|p2a: Primarina|37/100 par
|move|p2a: Primarina|Flip Turn|p1a: Hatterene
|-damage|p1a: Hatterene|50/100
|
|t:|1778517411
|switch|p2a: Garganacl|Garganacl, F|100/100|[from] Flip Turn
|
|upkeep
|turn|3
|
|t:|1778517416
|move|p1a: Hatterene|Draining Kiss|p2a: Garganacl
|-damage|p2a: Garganacl|82/100
|-heal|p1a: Hatterene|67/100|[from] drain|[of] p2a: Garganacl
|move|p2a: Garganacl|Salt Cure|p1a: Hatterene
|-damage|p1a: Hatterene|51/100
|-start|p1a: Hatterene|Salt Cure
|
|-heal|p2a: Garganacl|89/100|[from] item: Leftovers
|-damage|p1a: Hatterene|39/100|[from] Salt Cure
|upkeep
|turn|4
|
|t:|1778517420
|switch|p1a: Corviknight|Corviknight, M|100/100
|move|p2a: Garganacl|Salt Cure|p1a: Corviknight
|-damage|p1a: Corviknight|93/100
|-start|p1a: Corviknight|Salt Cure
|
|-heal|p2a: Garganacl|95/100|[from] item: Leftovers
|-damage|p1a: Corviknight|68/100|[from] Salt Cure
|upkeep
|turn|5
|
|t:|1778517426
|move|p1a: Corviknight|Body Press|p2a: Garganacl
|-supereffective|p2a: Garganacl
|-damage|p2a: Garganacl|64/100
|move|p2a: Garganacl|Stealth Rock|p1a: Corviknight
|-sidestart|p1: McStickynugget|move: Stealth Rock
|
|-heal|p2a: Garganacl|70/100|[from] item: Leftovers
|-damage|p1a: Corviknight|43/100|[from] Salt Cure
|upkeep
|turn|6
|
|t:|1778517430
|move|p1a: Corviknight|Roost|p1a: Corviknight
|-heal|p1a: Corviknight|93/100
|-singleturn|p1a: Corviknight|move: Roost
|move|p2a: Garganacl|Salt Cure|p1a: Corviknight
|-resisted|p1a: Corviknight
|-damage|p1a: Corviknight|89/100
|
|-heal|p2a: Garganacl|76/100|[from] item: Leftovers
|-damage|p1a: Corviknight|65/100|[from] Salt Cure
|upkeep
|turn|7
|
|t:|1778517435
|switch|p2a: Bellibolt|Bellibolt, F|100/100
|move|p1a: Corviknight|Body Press|p2a: Bellibolt
|-damage|p2a: Bellibolt|85/100
|-start|p2a: Bellibolt|Charge|Body Press|[from] ability: Electromorphosis
|
|-heal|p2a: Bellibolt|91/100|[from] item: Leftovers
|-damage|p1a: Corviknight|40/100|[from] Salt Cure
|upkeep
|turn|8
|
|t:|1778517439
|switch|p1a: Ursaluna|Ursaluna, M, shiny|100/100
|-damage|p1a: Ursaluna|94/100|[from] Stealth Rock
|move|p2a: Bellibolt|Soak|p1a: Ursaluna
|-start|p1a: Ursaluna|typechange|Water
|
|-heal|p2a: Bellibolt|97/100|[from] item: Leftovers
|-status|p1a: Ursaluna|brn|[from] item: Flame Orb
|upkeep
|turn|9
|
|t:|1778517446
|-terastallize|p1a: Ursaluna|Normal
|move|p1a: Ursaluna|Facade|p2a: Bellibolt
|-damage|p2a: Bellibolt|12/100
|-start|p2a: Bellibolt|Charge|Facade|[from] ability: Electromorphosis
|move|p2a: Bellibolt|Discharge|p1a: Ursaluna
|-damage|p1a: Ursaluna|45/100 brn
|-end|p2a: Bellibolt|Charge|[silent]
|
|-heal|p2a: Bellibolt|19/100|[from] item: Leftovers
|-damage|p1a: Ursaluna|39/100 brn|[from] brn
|upkeep
|turn|10
|
|t:|1778517456
|switch|p2a: Corviknight|Corviknight, F|100/100
|-ability|p2a: Corviknight|Pressure
|move|p1a: Ursaluna|Facade|p2a: Corviknight
|-resisted|p2a: Corviknight
|-damage|p2a: Corviknight|65/100
|-damage|p1a: Ursaluna|22/100 brn|[from] item: Rocky Helmet|[of] p2a: Corviknight
|
|-damage|p1a: Ursaluna|16/100 brn|[from] brn
|upkeep
|turn|11
|
|t:|1778517463
|switch|p2a: Primarina|Primarina, F|37/100 par
|move|p1a: Ursaluna|Close Combat|p2a: Primarina
|-resisted|p2a: Primarina
|-damage|p2a: Primarina|0 fnt
|-unboost|p1a: Ursaluna|def|1
|-unboost|p1a: Ursaluna|spd|1
|faint|p2a: Primarina
|
|-damage|p1a: Ursaluna|10/100 brn|[from] brn
|upkeep
|
|t:|1778517470
|switch|p2a: Darkrai|Darkrai|100/100
|turn|12
|
|t:|1778517480
|move|p2a: Darkrai|Dark Pulse|p1a: Ursaluna
|-damage|p1a: Ursaluna|0 fnt
|faint|p1a: Ursaluna
|
|upkeep
|
|t:|1778517482
|switch|p1a: Zamazenta|Zamazenta|100/100
|-damage|p1a: Zamazenta|94/100|[from] Stealth Rock
|-ability|p1a: Zamazenta|Dauntless Shield|boost
|-boost|p1a: Zamazenta|def|1
|turn|13
|
|t:|1778517490
|switch|p2a: Bellibolt|Bellibolt, F|19/100
|move|p1a: Zamazenta|Iron Defense|p1a: Zamazenta
|-boost|p1a: Zamazenta|def|2
|
|-heal|p1a: Zamazenta|100/100|[from] item: Leftovers
|-heal|p2a: Bellibolt|25/100|[from] item: Leftovers
|upkeep
|turn|14
|
|t:|1778517492
|move|p1a: Zamazenta|Body Press|p2a: Bellibolt
|-damage|p2a: Bellibolt|0 fnt
|faint|p2a: Bellibolt
|
|upkeep
|
|t:|1778517498
|switch|p2a: Garganacl|Garganacl, F|76/100
|turn|15
|
|t:|1778517500
|-terastallize|p2a: Garganacl|Fairy
|move|p1a: Zamazenta|Body Press|p2a: Garganacl
|-resisted|p2a: Garganacl
|-damage|p2a: Garganacl|48/100
|move|p2a: Garganacl|Salt Cure|p1a: Zamazenta
|-resisted|p1a: Zamazenta
|-damage|p1a: Zamazenta|98/100
|-start|p1a: Zamazenta|Salt Cure
|
|-heal|p1a: Zamazenta|100/100|[from] item: Leftovers
|-heal|p2a: Garganacl|54/100|[from] item: Leftovers
|-damage|p1a: Zamazenta|88/100|[from] Salt Cure
|upkeep
|turn|16
|
|t:|1778517507
|switch|p1a: Hatterene|Hatterene, F|39/100
|-damage|p1a: Hatterene|27/100|[from] Stealth Rock
|move|p2a: Garganacl|Recover|p2a: Garganacl
|-heal|p2a: Garganacl|100/100
|
|upkeep
|turn|17
|
|t:|1778517514
|move|p1a: Hatterene|Draining Kiss|p2a: Garganacl
|-damage|p2a: Garganacl|81/100
|-heal|p1a: Hatterene|45/100|[from] drain|[of] p2a: Garganacl
|move|p2a: Garganacl|Salt Cure|p1a: Hatterene
|-damage|p1a: Hatterene|30/100
|-start|p1a: Hatterene|Salt Cure
|
|-heal|p2a: Garganacl|87/100|[from] item: Leftovers
|-damage|p1a: Hatterene|18/100|[from] Salt Cure
|upkeep
|turn|18
|
|t:|1778517525
|move|p1a: Hatterene|Draining Kiss|p2a: Garganacl
|-damage|p2a: Garganacl|69/100
|-heal|p1a: Hatterene|35/100|[from] drain|[of] p2a: Garganacl
|move|p2a: Garganacl|Salt Cure|p1a: Hatterene
|-damage|p1a: Hatterene|20/100
|
|-heal|p2a: Garganacl|75/100|[from] item: Leftovers
|-damage|p1a: Hatterene|8/100|[from] Salt Cure
|upkeep
|turn|19
|
|t:|1778517529
|move|p2a: Garganacl|Protect|p2a: Garganacl
|-singleturn|p2a: Garganacl|Protect
|move|p1a: Hatterene|Psyshock|p2a: Garganacl
|-activate|p2a: Garganacl|move: Protect
|
|-heal|p2a: Garganacl|81/100|[from] item: Leftovers
|-damage|p1a: Hatterene|0 fnt|[from] Salt Cure
|faint|p1a: Hatterene
|upkeep
|
|t:|1778517532
|switch|p1a: Ogerpon|Ogerpon-Wellspring, F|100/100
|-damage|p1a: Ogerpon|88/100|[from] Stealth Rock
|turn|20
|
|t:|1778517535
|move|p1a: Ogerpon|Swords Dance|p1a: Ogerpon
|-boost|p1a: Ogerpon|atk|2
|move|p2a: Garganacl|Salt Cure|p1a: Ogerpon
|-damage|p1a: Ogerpon|70/100
|-start|p1a: Ogerpon|Salt Cure
|
|-heal|p2a: Garganacl|87/100|[from] item: Leftovers
|-damage|p1a: Ogerpon|45/100|[from] Salt Cure
|upkeep
|turn|21
|
|t:|1778517538
|switch|p2a: Corviknight|Corviknight, F|65/100
|-ability|p2a: Corviknight|Pressure
|move|p1a: Ogerpon|Ivy Cudgel|p2a: Corviknight|[anim] Ivy Cudgel Water
|-damage|p2a: Corviknight|0 fnt
|faint|p2a: Corviknight
|
|-damage|p1a: Ogerpon|20/100|[from] Salt Cure
|upkeep
|
|t:|1778517540
|switch|p2a: Garganacl|Garganacl, F, tera:Fairy|87/100
|turn|22
|
|t:|1778517544
|move|p1a: Ogerpon|Ivy Cudgel|p2a: Garganacl|[anim] Ivy Cudgel Water
|-damage|p2a: Garganacl|9/100
|move|p2a: Garganacl|Recover|p2a: Garganacl
|-heal|p2a: Garganacl|59/100
|
|-heal|p2a: Garganacl|65/100|[from] item: Leftovers
|-damage|p1a: Ogerpon|0 fnt|[from] Salt Cure
|faint|p1a: Ogerpon
|upkeep
|
|t:|1778517557
|switch|p1a: Raging Bolt|Raging Bolt|100/100
|-damage|p1a: Raging Bolt|88/100|[from] Stealth Rock
|turn|23
|
|t:|1778517566
|move|p2a: Garganacl|Protect|p2a: Garganacl
|-singleturn|p2a: Garganacl|Protect
|move|p1a: Raging Bolt|Thunderbolt|p2a: Garganacl
|-activate|p2a: Garganacl|move: Protect
|
|-heal|p2a: Garganacl|72/100|[from] item: Leftovers
|upkeep
|turn|24
|
|t:|1778517592
|switch|p2a: Darkrai|Darkrai|100/100
|move|p1a: Raging Bolt|Thunderbolt|p2a: Darkrai
|-damage|p2a: Darkrai|0 fnt
|faint|p2a: Darkrai
|
|upkeep
|inactive|ahaoby has 120 seconds left.
|
|t:|1778517612
|switch|p2a: Garganacl|Garganacl, F, tera:Fairy|72/100
|turn|25
|
|t:|1778517614
|move|p1a: Raging Bolt|Thunderbolt|p2a: Garganacl
|-damage|p2a: Garganacl|16/100
|move|p2a: Garganacl|Salt Cure|p1a: Raging Bolt
|-damage|p1a: Raging Bolt|75/100
|-start|p1a: Raging Bolt|Salt Cure
|
|-heal|p2a: Garganacl|22/100|[from] item: Leftovers
|-damage|p1a: Raging Bolt|63/100|[from] Salt Cure
|upkeep
|turn|26
|
|t:|1778517619
|move|p2a: Garganacl|Protect|p2a: Garganacl
|-singleturn|p2a: Garganacl|Protect
|move|p1a: Raging Bolt|Thunderbolt|p2a: Garganacl
|-activate|p2a: Garganacl|move: Protect
|
|-heal|p2a: Garganacl|28/100|[from] item: Leftovers
|-damage|p1a: Raging Bolt|51/100|[from] Salt Cure
|upkeep
|turn|27
|
|t:|1778517626
|move|p1a: Raging Bolt|Thunderbolt|p2a: Garganacl
|-damage|p2a: Garganacl|0 fnt
|faint|p2a: Garganacl
|
|-damage|p1a: Raging Bolt|38/100|[from] Salt Cure
|upkeep
|
|t:|1778517629
|switch|p2a: Deoxys|Deoxys-Speed|100/100
|-ability|p2a: Deoxys|Pressure
|turn|28
|
|t:|1778517633
|move|p2a: Deoxys|Ice Beam|p1a: Raging Bolt
|-supereffective|p1a: Raging Bolt
|-damage|p1a: Raging Bolt|0 fnt
|faint|p1a: Raging Bolt
|-end|p1a: Raging Bolt|Protosynthesis|[silent]
|
|upkeep
|
|t:|1778517636
|switch|p1a: Corviknight|Corviknight, M|40/100
|-damage|p1a: Corviknight|28/100|[from] Stealth Rock
|turn|29
|
|t:|1778517645
|move|p2a: Deoxys|Superpower|p1a: Corviknight
|-crit|p1a: Corviknight
|-damage|p1a: Corviknight|0 fnt
|-unboost|p2a: Deoxys|atk|1
|-unboost|p2a: Deoxys|def|1
|-damage|p2a: Deoxys|84/100|[from] item: Rocky Helmet|[of] p1a: Corviknight
|faint|p1a: Corviknight
|
|upkeep
|
|t:|1778517648
|switch|p1a: Zamazenta|Zamazenta|88/100
|-damage|p1a: Zamazenta|82/100|[from] Stealth Rock
|turn|30
|
|t:|1778517649
|move|p2a: Deoxys|Psycho Boost|p1a: Zamazenta
|-supereffective|p1a: Zamazenta
|-damage|p1a: Zamazenta|0 fnt
|-unboost|p2a: Deoxys|spa|2
|faint|p1a: Zamazenta
|
|win|ahaoby
|raw|McStickynugget's rating: 1325 &rarr; <strong>1307</strong><br />(-18 for losing)
|raw|ahaoby's rating: 1362 &rarr; <strong>1380</strong><br />(+18 for winning)
|l|☆McStickynugget
|player|p1|
|l|☆ahaoby
|player|p2|
