|html|<div class="broadcast-blue"><strong>[Gen 9] OU is currently suspecting Tera Blast! For information on how to participate check out the <a href="https://www.smogon.com/tools/suspects/view/200">suspect thread</a>.</strong></div>
|j|☆conwynaut
|j|☆maisiemeow
|t:|1776053793
|gametype|singles
|player|p1|conwynaut|170|1172
|player|p2|maisiemeow|iris|1208
|gen|9
|tier|[Gen 9] OU
|rated|
|rule|HP Percentage Mod: HP is shown in percentages
|rule|Endless Battle Clause: Forcing endless battles is banned
|rule|Species Clause: Limit one of each Pokémon
|rule|OHKO Clause: OHKO moves are banned
|rule|Evasion Items Clause: Evasion items are banned
|rule|Evasion Moves Clause: Evasion moves are banned
|rule|Evasion Abilities Clause: Evasion abilities are banned
|rule|Sleep Moves Clause: Sleep-inducing moves are banned
|clearpoke
|poke|p1|Latios, M|
|poke|p1|Alomomola, M|
|poke|p1|Iron Crown|
|poke|p1|Ting-Lu|
|poke|p1|Enamorus, F|
|poke|p1|Great Tusk|
|poke|p2|Ogerpon-Wellspring, F|
|poke|p2|Samurott-Hisui, M|
|poke|p2|Pecharunt|
|poke|p2|Iron Moth|
|poke|p2|Dragapult, F|
|poke|p2|Iron Treads|
|teampreview
|inactive|Battle timer is ON: inactive players will automatically lose when time's up. (requested by maisiemeow)
|
|t:|1776053807
|teamsize|p1|6
|teamsize|p2|6
|start
|switch|p1a: Ting-Lu|Ting-Lu|100/100
|switch|p2a: Ogerpon|Ogerpon-Wellspring, F|100/100
|-ability|p1a: Ting-Lu|Vessel of Ruin
|turn|1
|inactive|maisiemeow has 120 seconds left.
|
|t:|1776053839
|move|p2a: Ogerpon|U-turn|p1a: Ting-Lu
|-supereffective|p1a: Ting-Lu
|-damage|p1a: Ting-Lu|69/100
|
|t:|1776053842
|switch|p2a: Samurott|Samurott-Hisui, M|100/100|[from] U-turn
|move|p1a: Ting-Lu|Ruination|p2a: Samurott
|-damage|p2a: Samurott|51/100
|
|-heal|p1a: Ting-Lu|75/100|[from] item: Leftovers
|upkeep
|turn|2
|
|t:|1776053850
|move|p2a: Samurott|Razor Shell|p1a: Ting-Lu
|-supereffective|p1a: Ting-Lu
|-damage|p1a: Ting-Lu|15/100
|-unboost|p1a: Ting-Lu|def|1
|move|p1a: Ting-Lu|Earthquake|p2a: Samurott
|-damage|p2a: Samurott|1/100
|
|-heal|p1a: Ting-Lu|22/100|[from] item: Leftovers
|upkeep
|turn|3
|
|t:|1776053856
|move|p2a: Samurott|Ceaseless Edge|p1a: Ting-Lu
|-resisted|p1a: Ting-Lu
|-damage|p1a: Ting-Lu|5/100
|-sidestart|p1: conwynaut|Spikes
|move|p1a: Ting-Lu|Earthquake|p2a: Samurott
|-damage|p2a: Samurott|0 fnt
|faint|p2a: Samurott
|
|-heal|p1a: Ting-Lu|11/100|[from] item: Leftovers
|upkeep
|
|t:|1776053862
|switch|p2a: Ogerpon|Ogerpon-Wellspring, F|100/100
|turn|4
|
|t:|1776053867
|move|p2a: Ogerpon|Ivy Cudgel|p1a: Ting-Lu|[anim] Ivy Cudgel Water
|-supereffective|p1a: Ting-Lu
|-damage|p1a: Ting-Lu|0 fnt
|faint|p1a: Ting-Lu
|
|upkeep
|
|t:|1776053880
|switch|p1a: Latios|Latios, M|100/100
|turn|5
|
|t:|1776053883
|move|p2a: Ogerpon|U-turn|p1a: Latios
|-supereffective|p1a: Latios
|-damage|p1a: Latios|27/100
|
|t:|1776053887
|switch|p2a: Iron Treads|Iron Treads|100/100|[from] U-turn
|move|p1a: Latios|Draco Meteor|p2a: Iron Treads
|-resisted|p2a: Iron Treads
|-damage|p2a: Iron Treads|50/100
|-unboost|p1a: Latios|spa|2
|
|-heal|p2a: Iron Treads|56/100|[from] item: Leftovers
|upkeep
|turn|6
|
|t:|1776053902
|switch|p1a: Alomomola|Alomomola, M|100/100
|-damage|p1a: Alomomola|88/100|[from] Spikes
|move|p2a: Iron Treads|Stealth Rock|p1a: Alomomola
|-sidestart|p1: conwynaut|move: Stealth Rock
|
|-heal|p2a: Iron Treads|62/100|[from] item: Leftovers
|upkeep
|turn|7
|
|t:|1776053916
|-end|p2a: Iron Treads|Quark Drive|[silent]
|switch|p2a: Pecharunt|Pecharunt|100/100
|move|p1a: Alomomola|Scald|p2a: Pecharunt
|-damage|p2a: Pecharunt|85/100
|
|upkeep
|turn|8
|
|t:|1776053923
|move|p2a: Pecharunt|Shadow Ball|p1a: Alomomola
|-damage|p1a: Alomomola|60/100
|move|p1a: Alomomola|Wish|p1a: Alomomola
|
|upkeep
|turn|9
|
|t:|1776053929
|move|p2a: Pecharunt|Parting Shot|p1a: Alomomola
|-unboost|p1a: Alomomola|atk|1
|-unboost|p1a: Alomomola|spa|1
|
|t:|1776053933
|switch|p2a: Ogerpon|Ogerpon-Wellspring, F|100/100|[from] Parting Shot
|move|p1a: Alomomola|Flip Turn|p2a: Ogerpon
|-immune|p2a: Ogerpon|[from] ability: Water Absorb
|
|-heal|p1a: Alomomola|100/100|[from] move: Wish|[wisher] Alomomola
|upkeep
|turn|10
|
|t:|1776053946
|move|p2a: Ogerpon|Ivy Cudgel|p1a: Alomomola|[anim] Ivy Cudgel Water
|-resisted|p1a: Alomomola
|-damage|p1a: Alomomola|86/100
|move|p1a: Alomomola|Wish|p1a: Alomomola
|
|upkeep
|turn|11
|
|t:|1776053969
|switch|p1a: Enamorus|Enamorus, F|100/100
|-damage|p1a: Enamorus|76/100|[from] Stealth Rock
|move|p2a: Ogerpon|Horn Leech|p1a: Enamorus
|-resisted|p1a: Enamorus
|-damage|p1a: Enamorus|40/100
|
|-heal|p1a: Enamorus|100/100|[from] move: Wish|[wisher] Alomomola
|upkeep
|turn|12
|
|t:|1776053982
|-terastallize|p1a: Enamorus|Fairy
|-terastallize|p2a: Ogerpon|Water
|detailschange|p2a: Ogerpon|Ogerpon-Wellspring-Tera, F, tera:Water
|-ability|p2a: Ogerpon|Embody Aspect (Wellspring)|boost
|-boost|p2a: Ogerpon|spd|1
|move|p1a: Enamorus|Moonblast|p2a: Ogerpon
|-damage|p2a: Ogerpon|43/100
|move|p2a: Ogerpon|Ivy Cudgel|p1a: Enamorus|[anim] Ivy Cudgel Water
|-damage|p1a: Enamorus|0 fnt
|faint|p1a: Enamorus
|
|upkeep
|
|t:|1776053996
|switch|p1a: Alomomola|Alomomola, M|100/100
|-damage|p1a: Alomomola|88/100|[from] Spikes
|-damage|p1a: Alomomola|76/100|[from] Stealth Rock
|turn|13
|
|t:|1776054001
|move|p2a: Ogerpon|Horn Leech|p1a: Alomomola
|-supereffective|p1a: Alomomola
|-damage|p1a: Alomomola|25/100
|-heal|p2a: Ogerpon|89/100|[from] drain|[of] p1a: Alomomola
|-damage|p2a: Ogerpon|72/100|[from] item: Rocky Helmet|[of] p1a: Alomomola
|move|p1a: Alomomola|Scald|p2a: Ogerpon
|-resisted|p2a: Ogerpon
|-damage|p2a: Ogerpon|67/100
|
|upkeep
|turn|14
|
|t:|1776054012
|switch|p1a: Iron Crown|Iron Crown|100/100
|-damage|p1a: Iron Crown|88/100|[from] Spikes
|-damage|p1a: Iron Crown|82/100|[from] Stealth Rock
|move|p2a: Ogerpon|Horn Leech|p1a: Iron Crown
|-resisted|p1a: Iron Crown
|-damage|p1a: Iron Crown|58/100
|-heal|p2a: Ogerpon|79/100|[from] drain|[of] p1a: Iron Crown
|
|-heal|p1a: Iron Crown|64/100|[from] item: Leftovers
|upkeep
|turn|15
|
|t:|1776054022
|switch|p2a: Dragapult|Dragapult, F|100/100
|move|p1a: Iron Crown|Future Sight|p2a: Dragapult
|-start|p1a: Iron Crown|move: Future Sight
|
|-heal|p1a: Iron Crown|71/100|[from] item: Leftovers
|upkeep
|turn|16
|
|t:|1776054043
|move|p2a: Dragapult|Shadow Ball|p1a: Iron Crown
|-supereffective|p1a: Iron Crown
|-damage|p1a: Iron Crown|0 fnt
|faint|p1a: Iron Crown
|-end|p1a: Iron Crown|Quark Drive|[silent]
|
|upkeep
|
|t:|1776054047
|switch|p1a: Alomomola|Alomomola, M|58/100
|-damage|p1a: Alomomola|46/100|[from] Spikes
|-damage|p1a: Alomomola|33/100|[from] Stealth Rock
|turn|17
|
|t:|1776054049
|move|p2a: Dragapult|Shadow Ball|p1a: Alomomola
|-damage|p1a: Alomomola|0 fnt
|faint|p1a: Alomomola
|
|-end|p2a: Dragapult|move: Future Sight
|-crit|p2a: Dragapult
|-damage|p2a: Dragapult|0 fnt
|faint|p2a: Dragapult
|upkeep
|
|t:|1776054067
|switch|p2a: Iron Treads|Iron Treads|62/100
|switch|p1a: Latios|Latios, M|27/100
|-damage|p1a: Latios|14/100|[from] Stealth Rock
|turn|18
|
|t:|1776054075
|move|p1a: Latios|Draco Meteor|p2a: Iron Treads
|-resisted|p2a: Iron Treads
|-damage|p2a: Iron Treads|8/100
|-unboost|p1a: Latios|spa|2
|move|p2a: Iron Treads|Ice Spinner|p1a: Latios
|-supereffective|p1a: Latios
|-damage|p1a: Latios|0 fnt
|faint|p1a: Latios
|
|-heal|p2a: Iron Treads|14/100|[from] item: Leftovers
|upkeep
|
|t:|1776054085
|switch|p1a: Great Tusk|Great Tusk|100/100
|-damage|p1a: Great Tusk|88/100|[from] Spikes
|-damage|p1a: Great Tusk|85/100|[from] Stealth Rock
|turn|19
|
|t:|1776054088
|move|p2a: Iron Treads|Ice Spinner|p1a: Great Tusk
|-supereffective|p1a: Great Tusk
|-damage|p1a: Great Tusk|54/100
|-damage|p2a: Iron Treads|0 fnt|[from] item: Rocky Helmet|[of] p1a: Great Tusk
|faint|p2a: Iron Treads
|-end|p2a: Iron Treads|Quark Drive|[silent]
|move|p1a: Great Tusk|Headlong Rush|p2: Iron Treads|[notarget]
|-fail|p1a: Great Tusk
|
|upkeep
|
|t:|1776054091
|switch|p2a: Ogerpon|Ogerpon-Wellspring-Tera, F, tera:Water|79/100
|-ability|p2a: Ogerpon|Embody Aspect (Wellspring)|boost
|-boost|p2a: Ogerpon|spd|1
|turn|20
|
|t:|1776054097
|move|p2a: Ogerpon|Ivy Cudgel|p1a: Great Tusk|[anim] Ivy Cudgel Water
|-supereffective|p1a: Great Tusk
|-damage|p1a: Great Tusk|0 fnt
|faint|p1a: Great Tusk
|-end|p1a: Great Tusk|Protosynthesis|[silent]
|
|win|maisiemeow
|raw|conwynaut's rating: 1172 &rarr; <strong>1150</strong><br />(-22 for losing)
|raw|maisiemeow's rating: 1208 &rarr; <strong>1230</strong><br />(+22 for winning)
|l|☆conwynaut
|player|p1|
|l|☆maisiemeow
|player|p2|
