|html|<div class="broadcast-blue"><strong>[Gen 9] OU is currently suspecting Tera Blast! For information on how to participate check out the <a href="https://www.smogon.com/tools/suspects/view/200">suspect thread</a>.</strong></div>
|j|☆Virid18
|j|☆Jfalconmaster1
|t:|1776034315
|gametype|singles
|player|p1|Virid18|169|1107
|player|p2|Jfalconmaster1|101|1102
|gen|9
|tier|[Gen 9] OU
|rated|
|rule|HP Percentage Mod: HP is shown in percentages
|rule|Endless Battle Clause: Forcing endless battles is banned
|rule|Species Clause: Limit one of each Pokémon
|rule|OHKO Clause: OHKO moves are banned
|rule|Evasion Items Clause: Evasion items are banned
|rule|Evasion Moves Clause: Evasion moves are banned
|rule|Evasion Abilities Clause: Evasion abilities are banned
|rule|Sleep Moves Clause: Sleep-inducing moves are banned
|clearpoke
|poke|p1|Milotic, M|
|poke|p1|Ursaluna, M|
|poke|p1|Glimmora, F|
|poke|p1|Cinderace, M|
|poke|p1|Gliscor, F|
|poke|p1|Perrserker, M|
|poke|p2|Sylveon, M|
|poke|p2|Blaziken, M|
|poke|p2|Clefairy, M|
|poke|p2|Great Tusk|
|poke|p2|Pawmot, F|
|poke|p2|Serperior, M|
|teampreview
|
|t:|1776034323
|teamsize|p1|6
|teamsize|p2|6
|start
|switch|p1a: Glimmora|Glimmora, F|100/100
|switch|p2a: Blaziken|Blaziken, M|100/100
|turn|1
|inactive|Battle timer is ON: inactive players will automatically lose when time's up. (requested by Jfalconmaster1)
|
|t:|1776034329
|move|p1a: Glimmora|Power Gem|p2a: Blaziken
|-damage|p2a: Blaziken|49/100
|move|p2a: Blaziken|Swords Dance|p2a: Blaziken
|-boost|p2a: Blaziken|atk|2
|
|-ability|p2a: Blaziken|Speed Boost|boost
|-boost|p2a: Blaziken|spe|1
|upkeep
|turn|2
|
|t:|1776034348
|move|p2a: Blaziken|Close Combat|p1a: Glimmora
|-damage|p1a: Glimmora|0 fnt
|-unboost|p2a: Blaziken|def|1
|-unboost|p2a: Blaziken|spd|1
|-damage|p2a: Blaziken|32/100|[from] item: Rocky Helmet|[of] p1a: Glimmora
|-activate|p1a: Glimmora|ability: Toxic Debris
|-sidestart|p2: Jfalconmaster1|move: Toxic Spikes
|faint|p1a: Glimmora
|
|-ability|p2a: Blaziken|Speed Boost|boost
|-boost|p2a: Blaziken|spe|1
|upkeep
|
|t:|1776034368
|switch|p1a: Gliscor|Gliscor, F|100/100
|turn|3
|
|t:|1776034375
|move|p2a: Blaziken|Blaze Kick|p1a: Gliscor
|-damage|p1a: Gliscor|19/100
|move|p1a: Gliscor|Earthquake|p2a: Blaziken
|-supereffective|p2a: Blaziken
|-damage|p2a: Blaziken|0 fnt
|faint|p2a: Blaziken
|
|-status|p1a: Gliscor|tox|[from] item: Toxic Orb
|upkeep
|
|t:|1776034388
|switch|p2a: Sylveon|Sylveon, M, shiny|100/100
|-status|p2a: Sylveon|psn
|turn|4
|
|t:|1776034395
|switch|p1a: Perrserker|Perrserker, M|100/100
|move|p2a: Sylveon|Hyper Voice|p1a: Perrserker
|-resisted|p1a: Perrserker
|-damage|p1a: Perrserker|66/100
|
|-damage|p2a: Sylveon|88/100 psn|[from] psn
|upkeep
|turn|5
|
|t:|1776034410
|switch|p2a: Great Tusk|Great Tusk|100/100
|move|p1a: Perrserker|Iron Head|p2a: Great Tusk
|-damage|p2a: Great Tusk|30/100
|
|upkeep
|turn|6
|
|t:|1776034421
|switch|p1a: Gliscor|Gliscor, F|19/100 tox
|move|p2a: Great Tusk|Rapid Spin|p1a: Gliscor
|-damage|p1a: Gliscor|2/100 tox
|-boost|p2a: Great Tusk|spe|1
|-sideend|p2: Jfalconmaster1|Toxic Spikes|[from] move: Rapid Spin|[of] p2a: Great Tusk
|
|-heal|p1a: Gliscor|14/100 tox|[from] ability: Poison Heal
|upkeep
|turn|7
|
|t:|1776034438
|move|p2a: Great Tusk|Megahorn|p1a: Gliscor
|-resisted|p1a: Gliscor
|-damage|p1a: Gliscor|0 fnt
|faint|p1a: Gliscor
|
|upkeep
|
|t:|1776034448
|switch|p1a: Milotic|Milotic, M|100/100
|turn|8
|
|t:|1776034453
|move|p2a: Great Tusk|Supercell Slam|p1a: Milotic
|-supereffective|p1a: Milotic
|-damage|p1a: Milotic|29/100
|move|p1a: Milotic|Scald|p2a: Great Tusk
|-supereffective|p2a: Great Tusk
|-damage|p2a: Great Tusk|0 fnt
|faint|p2a: Great Tusk
|-end|p2a: Great Tusk|Protosynthesis|[silent]
|
|-heal|p1a: Milotic|36/100|[from] item: Leftovers
|upkeep
|
|t:|1776034461
|switch|p2a: Sylveon|Sylveon, M, shiny|88/100 psn
|turn|9
|
|t:|1776034466
|move|p2a: Sylveon|Hyper Voice|p1a: Milotic
|-damage|p1a: Milotic|0 fnt
|faint|p1a: Milotic
|
|-damage|p2a: Sylveon|76/100 psn|[from] psn
|upkeep
|
|t:|1776034477
|switch|p1a: Perrserker|Perrserker, M|66/100
|turn|10
|
|t:|1776034496
|move|p2a: Sylveon|Hyper Voice|p1a: Perrserker
|-resisted|p1a: Perrserker
|-damage|p1a: Perrserker|29/100
|move|p1a: Perrserker|Gyro Ball|p2a: Sylveon
|-supereffective|p2a: Sylveon
|-damage|p2a: Sylveon|0 fnt
|faint|p2a: Sylveon
|
|upkeep
|
|t:|1776034500
|switch|p2a: Serperior|Serperior, M|100/100
|turn|11
|
|t:|1776034509
|move|p2a: Serperior|Leaf Storm|p1a: Perrserker
|-resisted|p1a: Perrserker
|-damage|p1a: Perrserker|0 fnt
|-boost|p2a: Serperior|spa|2
|faint|p1a: Perrserker
|
|upkeep
|
|t:|1776034516
|switch|p1a: Cinderace|Cinderace, M|100/100
|turn|12
|
|t:|1776034527
|move|p2a: Serperior|Leaf Storm|p1a: Cinderace
|-resisted|p1a: Cinderace
|-damage|p1a: Cinderace|32/100
|-boost|p2a: Serperior|spa|2
|move|p1a: Cinderace|Pyro Ball|p2a: Serperior
|-supereffective|p2a: Serperior
|-damage|p2a: Serperior|0 fnt
|faint|p2a: Serperior
|
|upkeep
|
|t:|1776034530
|switch|p2a: Pawmot|Pawmot, F|100/100
|turn|13
|
|t:|1776034543
|move|p2a: Pawmot|Fake Out|p1a: Cinderace
|-damage|p1a: Cinderace|13/100
|cant|p1a: Cinderace|flinch
|
|upkeep
|turn|14
|
|t:|1776034551
|move|p1a: Cinderace|Pyro Ball|p2a: Pawmot
|-damage|p2a: Pawmot|13/100
|move|p2a: Pawmot|Revival Blessing|p2a: Pawmot
|
|t:|1776034561
|-heal|p2: Serperior|50/100|[from] move: Revival Blessing
|
|upkeep
|turn|15
|
|t:|1776034567
|move|p1a: Cinderace|Pyro Ball|p2a: Pawmot
|-damage|p2a: Pawmot|0 fnt
|faint|p2a: Pawmot
|
|upkeep
|
|t:|1776034572
|switch|p2a: Clefairy|Clefairy, M|100/100
|turn|16
|
|t:|1776034579
|move|p1a: Cinderace|Iron Head|p2a: Clefairy
|-start|p1a: Cinderace|typechange|Steel|[from] ability: Libero
|-supereffective|p2a: Clefairy
|-enditem|p2a: Clefairy|Focus Sash
|-damage|p2a: Clefairy|1/100
|cant|p2a: Clefairy|flinch
|
|upkeep
|turn|17
|
|t:|1776034587
|move|p2a: Clefairy|Protect|p2a: Clefairy
|-singleturn|p2a: Clefairy|Protect
|move|p1a: Cinderace|Iron Head|p2a: Clefairy
|-activate|p2a: Clefairy|move: Protect
|
|upkeep
|turn|18
|
|t:|1776034593
|move|p1a: Cinderace|Iron Head|p2a: Clefairy
|-supereffective|p2a: Clefairy
|-crit|p2a: Clefairy
|-damage|p2a: Clefairy|0 fnt
|faint|p2a: Clefairy
|
|upkeep
|
|t:|1776034600
|switch|p2a: Serperior|Serperior, M|50/100
|turn|19
|
|t:|1776034604
|move|p2a: Serperior|Leaf Storm|p1a: Cinderace
|-resisted|p1a: Cinderace
|-damage|p1a: Cinderace|0 fnt
|-boost|p2a: Serperior|spa|2
|faint|p1a: Cinderace
|
|upkeep
|
|t:|1776034610
|switch|p1a: Ursaluna|Ursaluna, M|100/100
|turn|20
|
|t:|1776034615
|-terastallize|p2a: Serperior|Grass
|-terastallize|p1a: Ursaluna|Ghost
|move|p2a: Serperior|Leaf Storm|p1a: Ursaluna
|-damage|p1a: Ursaluna|0 fnt
|-boost|p2a: Serperior|spa|2
|faint|p1a: Ursaluna
|
|win|Jfalconmaster1
|raw|Virid18's rating: 1107 &rarr; <strong>1082</strong><br />(-25 for losing)
|raw|Jfalconmaster1's rating: 1102 &rarr; <strong>1127</strong><br />(+25 for winning)
|c|☆Jfalconmaster1|gg
|l|☆Jfalconmaster1
|player|p2|
|l|☆Virid18
|player|p1|
|j| Birid18
