|html|<div class="broadcast-blue"><strong>[Gen 9] OU is currently suspecting Tera Blast! For information on how to participate check out the <a href="https://www.smogon.com/tools/suspects/view/200">suspect thread</a>.</strong></div>
|j|☆B33tleju$e
|j|☆oseimak000
|t:|1776209644
|gametype|singles
|player|p1|B33tleju$e|ghetsis|1131
|player|p2|oseimak000|hilbert|1061
|gen|9
|tier|[Gen 9] OU
|rated|
|rule|HP Percentage Mod: HP is shown in percentages
|rule|Endless Battle Clause: Forcing endless battles is banned
|rule|Species Clause: Limit one of each Pokémon
|rule|OHKO Clause: OHKO moves are banned
|rule|Evasion Items Clause: Evasion items are banned
|rule|Evasion Moves Clause: Evasion moves are banned
|rule|Evasion Abilities Clause: Evasion abilities are banned
|rule|Sleep Moves Clause: Sleep-inducing moves are banned
|clearpoke
|poke|p1|Slowking-Galar, F|
|poke|p1|Tornadus-Therian, M|
|poke|p1|Cinderace, M|
|poke|p1|Lokix, F|
|poke|p1|Hydrapple, F|
|poke|p1|Great Tusk|
|poke|p2|Quaquaval, M|
|poke|p2|Kilowattrel, M|
|poke|p2|Greninja-*, M|
|poke|p2|Ceruledge, F|
|poke|p2|Kommo-o, M|
|poke|p2|Lucario, M|
|teampreview
|inactive|Battle timer is ON: inactive players will automatically lose when time's up. (requested by oseimak000)
|l|☆oseimak000
|inactive|oseimak000 disconnected and has a minute to reconnect!
|player|p2|
|inactive|oseimak000 has 30 seconds to reconnect!
|j|☆oseimak000
|inactive|oseimak000 reconnected and has 110 seconds left.
|player|p2|oseimak000|hilbert|
|
|t:|1776209696
|teamsize|p1|6
|teamsize|p2|6
|start
|switch|p1a: Cinderace|Cinderace, M|100/100
|switch|p2a: Kommo-o|Kommo-o, M|100/100
|turn|1
|
|t:|1776209710
|move|p1a: Cinderace|U-turn|p2a: Kommo-o
|-resisted|p2a: Kommo-o
|-damage|p2a: Kommo-o|92/100
|
|t:|1776209711
|switch|p1a: Tornadus|Tornadus-Therian, M|100/100|[from] U-turn
|move|p2a: Kommo-o|Clangorous Soul|p2a: Kommo-o
|-boost|p2a: Kommo-o|atk|1
|-boost|p2a: Kommo-o|def|1
|-boost|p2a: Kommo-o|spa|1
|-boost|p2a: Kommo-o|spd|1
|-boost|p2a: Kommo-o|spe|1
|-damage|p2a: Kommo-o|59/100
|-enditem|p2a: Kommo-o|Throat Spray
|-boost|p2a: Kommo-o|spa|1|[from] item: Throat Spray
|
|upkeep
|turn|2
|
|t:|1776209723
|move|p2a: Kommo-o|Ice Punch|p1a: Tornadus
|-supereffective|p1a: Tornadus
|-damage|p1a: Tornadus|34/100
|move|p1a: Tornadus|Bleakwind Storm|p2a: Kommo-o|[miss]
|-miss|p1a: Tornadus|p2a: Kommo-o
|
|upkeep
|turn|3
|
|t:|1776209731
|switch|p1a: Cinderace|Cinderace, M|100/100
|move|p2a: Kommo-o|Ice Punch|p1a: Cinderace
|-resisted|p1a: Cinderace
|-damage|p1a: Cinderace|83/100
|
|upkeep
|turn|4
|
|t:|1776209741
|move|p2a: Kommo-o|Clanging Scales|p1a: Cinderace
|-damage|p1a: Cinderace|0 fnt
|faint|p1a: Cinderace
|-unboost|p2a: Kommo-o|def|1
|
|upkeep
|
|t:|1776209746
|switch|p1a: Lokix|Lokix, F|100/100
|turn|5
|
|t:|1776209752
|-terastallize|p1a: Lokix|Bug
|move|p1a: Lokix|First Impression|p2a: Kommo-o
|-resisted|p2a: Kommo-o
|-damage|p2a: Kommo-o|0 fnt
|faint|p2a: Kommo-o
|
|upkeep
|
|t:|1776209761
|switch|p2a: Quaquaval|Quaquaval, M|100/100
|turn|6
|
|t:|1776209771
|switch|p1a: Tornadus|Tornadus-Therian, M|67/100
|-terastallize|p2a: Quaquaval|Steel
|move|p2a: Quaquaval|Aqua Step|p1a: Tornadus
|-damage|p1a: Tornadus|22/100
|-boost|p2a: Quaquaval|spe|1
|
|upkeep
|turn|7
|inactive|oseimak000 has 120 seconds left.
|
|t:|1776209809
|move|p2a: Quaquaval|Aqua Step|p1a: Tornadus
|-damage|p1a: Tornadus|0 fnt
|-boost|p2a: Quaquaval|spe|1
|faint|p1a: Tornadus
|-ability|p2a: Quaquaval|Moxie|boost
|-boost|p2a: Quaquaval|atk|1
|
|upkeep
|inactive|B33tleju$e has 120 seconds left.
|inactive|B33tleju$e has 90 seconds left.
|l|☆B33tleju$e
|inactive|B33tleju$e disconnected and has a minute to reconnect!
|player|p1|
|inactive|B33tleju$e has 30 seconds to reconnect!
|j|☆B33tleju$e
|inactive|B33tleju$e reconnected and has 60 seconds left.
|player|p1|B33tleju$e|ghetsis|
|
|t:|1776209883
|switch|p1a: Lokix|Lokix, F, tera:Bug|100/100
|turn|8
|
|t:|1776209890
|move|p1a: Lokix|First Impression|p2a: Quaquaval
|-resisted|p2a: Quaquaval
|-damage|p2a: Quaquaval|0 fnt
|faint|p2a: Quaquaval
|
|upkeep
|
|t:|1776209896
|switch|p2a: Kilowattrel|Kilowattrel, M|100/100
|turn|9
|
|t:|1776209902
|switch|p1a: Great Tusk|Great Tusk|100/100
|move|p2a: Kilowattrel|Air Slash|p1a: Great Tusk
|-supereffective|p1a: Great Tusk
|-crit|p1a: Great Tusk
|-damage|p1a: Great Tusk|0 fnt
|faint|p1a: Great Tusk
|-end|p1a: Great Tusk|Protosynthesis|[silent]
|
|upkeep
|
|t:|1776209910
|switch|p1a: Lokix|Lokix, F, tera:Bug|100/100
|turn|10
|
|t:|1776209916
|move|p1a: Lokix|First Impression|p2a: Kilowattrel
|-resisted|p2a: Kilowattrel
|-damage|p2a: Kilowattrel|0 fnt
|faint|p2a: Kilowattrel
|
|upkeep
|
|t:|1776209924
|switch|p2a: Lucario|Lucario, M, shiny|100/100
|turn|11
|
|t:|1776209937
|switch|p1a: Slowking|Slowking-Galar, F|100/100
|move|p2a: Lucario|Close Combat|p1a: Slowking
|-resisted|p1a: Slowking
|-damage|p1a: Slowking|90/100
|-unboost|p2a: Lucario|def|1
|-unboost|p2a: Lucario|spd|1
|
|upkeep
|turn|12
|
|t:|1776209950
|move|p2a: Lucario|Swords Dance|p2a: Lucario
|-boost|p2a: Lucario|atk|2
|move|p1a: Slowking|Psychic Noise|p2a: Lucario
|-damage|p2a: Lucario|35/100
|-start|p2a: Lucario|move: Heal Block
|
|upkeep
|turn|13
|
|t:|1776209959
|move|p2a: Lucario|Meteor Mash|p1a: Slowking
|-damage|p1a: Slowking|31/100
|-boost|p2a: Lucario|atk|1
|-prepare|p1a: Slowking|Chilly Reception|[premajor]
|move|p1a: Slowking|Chilly Reception|p1a: Slowking
|-weather|Snowscape
|
|t:|1776209965
|switch|p1a: Lokix|Lokix, F, tera:Bug|100/100|[from] Chilly Reception
|
|-weather|Snowscape|[upkeep]
|-end|p2a: Lucario|move: Heal Block
|upkeep
|turn|14
|
|t:|1776209974
|move|p2a: Lucario|Extreme Speed|p1a: Lokix
|-damage|p1a: Lokix|5/100
|move|p1a: Lokix|First Impression|p2a: Lucario
|-resisted|p2a: Lucario
|-damage|p2a: Lucario|0 fnt
|faint|p2a: Lucario
|
|-weather|Snowscape|[upkeep]
|upkeep
|
|t:|1776209984
|switch|p2a: Ceruledge|Ceruledge, F|100/100
|turn|15
|
|t:|1776209991
|switch|p1a: Hydrapple|Hydrapple, F|100/100
|move|p2a: Ceruledge|Bitter Blade|p1a: Hydrapple
|-damage|p1a: Hydrapple|63/100
|
|-weather|Snowscape|[upkeep]
|upkeep
|turn|16
|
|t:|1776210000
|move|p2a: Ceruledge|Poltergeist|p1a: Hydrapple
|-activate|p1a: Hydrapple|move: Poltergeist|Life Orb
|-damage|p1a: Hydrapple|17/100
|move|p1a: Hydrapple|Earth Power|p2a: Ceruledge
|-supereffective|p2a: Ceruledge
|-damage|p2a: Ceruledge|1/100
|-enditem|p2a: Ceruledge|Weakness Policy
|-boost|p2a: Ceruledge|atk|2|[from] item: Weakness Policy
|-boost|p2a: Ceruledge|spa|2|[from] item: Weakness Policy
|-damage|p1a: Hydrapple|8/100|[from] item: Life Orb
|
|-weather|Snowscape|[upkeep]
|upkeep
|turn|17
|
|t:|1776210014
|switch|p1a: Slowking|Slowking-Galar, F|64/100
|move|p2a: Ceruledge|Bitter Blade|p1a: Slowking
|-damage|p1a: Slowking|0 fnt
|-heal|p2a: Ceruledge|44/100|[from] drain|[of] p1a: Slowking
|faint|p1a: Slowking
|
|-weather|none
|upkeep
|
|t:|1776210021
|switch|p1a: Lokix|Lokix, F, tera:Bug|5/100
|turn|18
|
|t:|1776210024
|move|p1a: Lokix|First Impression|p2a: Ceruledge
|-resisted|p2a: Ceruledge
|-damage|p2a: Ceruledge|0 fnt
|faint|p2a: Ceruledge
|
|upkeep
|
|t:|1776210028
|switch|p2a: Greninja|Greninja, M|100/100
|turn|19
|
|t:|1776210031
|switch|p1a: Hydrapple|Hydrapple, F|41/100
|move|p2a: Greninja|Surf|p1a: Hydrapple
|-resisted|p1a: Hydrapple
|-damage|p1a: Hydrapple|26/100
|-damage|p2a: Greninja|91/100|[from] item: Life Orb
|
|upkeep
|turn|20
|
|t:|1776210040
|move|p2a: Greninja|Dark Pulse|p1a: Hydrapple
|-damage|p1a: Hydrapple|0 fnt
|faint|p1a: Hydrapple
|-ability|p2a: Greninja|Battle Bond|boost
|-boost|p2a: Greninja|atk|1
|-boost|p2a: Greninja|spa|1
|-boost|p2a: Greninja|spe|1
|-activate|p2a: Greninja|ability: Battle Bond
|-damage|p2a: Greninja|81/100|[from] item: Life Orb
|
|upkeep
|
|t:|1776210045
|switch|p1a: Lokix|Lokix, F, tera:Bug|5/100
|turn|21
|
|t:|1776210055
|move|p1a: Lokix|First Impression|p2a: Greninja
|-supereffective|p2a: Greninja
|-damage|p2a: Greninja|0 fnt
|faint|p2a: Greninja
|
|win|B33tleju$e
|raw|B33tleju$e's rating: 1131 &rarr; <strong>1151</strong><br />(+20 for winning)
|raw|oseimak000's rating: 1061 &rarr; <strong>1046</strong><br />(-15 for losing)
|l|☆oseimak000
|player|p2|
