|html|<div class="broadcast-blue"><strong>[Gen 9] OU is currently suspecting Volcarona! For information on how to participate check out the <a href="https://www.smogon.com/tools/suspects/view/208">suspect thread</a>.</strong></div>
|j|☆Malinsero
|j|☆Team BBIO 38
|t:|1778511976
|gametype|singles
|player|p1|Malinsero|170|1276
|player|p2|Team BBIO 38|tate|1333
|gen|9
|tier|[Gen 9] OU
|rated|
|rule|HP Percentage Mod: HP is shown in percentages
|rule|Endless Battle Clause: Forcing endless battles is banned
|rule|Species Clause: Limit one of each Pokémon
|rule|OHKO Clause: OHKO moves are banned
|rule|Evasion Items Clause: Evasion items are banned
|rule|Evasion Moves Clause: Evasion moves are banned
|rule|Evasion Abilities Clause: Evasion abilities are banned
|rule|Sleep Moves Clause: Sleep-inducing moves are banned
|clearpoke
|poke|p1|Clefable, M|
|poke|p1|Volcarona, M|
|poke|p1|Hydrapple, F|
|poke|p1|Gholdengo|
|poke|p1|Garganacl, F|
|poke|p1|Landorus-Therian, M|
|poke|p2|Dusclops, M|
|poke|p2|Blissey, F|
|poke|p2|Flamigo, M|
|poke|p2|Latias, F|
|poke|p2|Darkrai|
|poke|p2|Blastoise, M|
|teampreview
|inactive|Battle timer is ON: inactive players will automatically lose when time's up. (requested by Team BBIO 38)
|
|t:|1778511995
|teamsize|p1|6
|teamsize|p2|6
|start
|switch|p1a: Clefable|Clefable, M|100/100
|switch|p2a: Doug|Blastoise, M|100/100
|turn|1
|
|t:|1778512001
|switch|p2a: Blissey|Blissey, F|100/100
|move|p1a: Clefable|Thunder Wave|p2a: Blissey
|-status|p2a: Blissey|par
|
|upkeep
|turn|2
|
|t:|1778512007
|move|p1a: Clefable|Stealth Rock|p2a: Blissey
|-sidestart|p2: Team BBIO 38|move: Stealth Rock
|move|p2a: Blissey|Stealth Rock|p1a: Clefable
|-sidestart|p1: Malinsero|move: Stealth Rock
|
|upkeep
|turn|3
|
|t:|1778512010
|move|p1a: Clefable|Knock Off|p2a: Blissey
|-crit|p2a: Blissey
|-damage|p2a: Blissey|78/100 par
|-enditem|p2a: Blissey|Leftovers|[from] move: Knock Off|[of] p1a: Clefable
|cant|p2a: Blissey|par
|
|upkeep
|turn|4
|
|t:|1778512022
|switch|p1a: Garganacl|Garganacl, F|100/100
|-damage|p1a: Garganacl|88/100|[from] Stealth Rock
|move|p2a: Blissey|Seismic Toss|p1a: Garganacl
|-damage|p1a: Garganacl|63/100
|
|-heal|p1a: Garganacl|70/100|[from] item: Leftovers
|upkeep
|turn|5
|
|t:|1778512031
|-curestatus|p2a: Blissey|par|[from] ability: Natural Cure|[silent]
|switch|p2a: Alaric|Latias, F|100/100
|-damage|p2a: Alaric|88/100|[from] Stealth Rock
|move|p1a: Garganacl|Salt Cure|p2a: Alaric
|-damage|p2a: Alaric|72/100
|
|-heal|p1a: Garganacl|76/100|[from] item: Leftovers
|upkeep
|turn|6
|
|t:|1778512044
|switch|p1a: Gholdengo|Gholdengo|100/100
|-damage|p1a: Gholdengo|94/100|[from] Stealth Rock
|move|p2a: Alaric|Calm Mind|p2a: Alaric
|-boost|p2a: Alaric|spa|1
|-boost|p2a: Alaric|spd|1
|
|upkeep
|turn|7
|
|t:|1778512051
|switch|p2a: Flamigo|Flamigo, M|100/100
|-damage|p2a: Flamigo|88/100|[from] Stealth Rock
|move|p1a: Gholdengo|Shadow Ball|p2a: Flamigo
|-damage|p2a: Flamigo|25/100
|-unboost|p2a: Flamigo|spd|1
|
|upkeep
|turn|8
|
|t:|1778512059
|move|p1a: Gholdengo|Shadow Ball|p2a: Flamigo
|-damage|p2a: Flamigo|0 fnt
|faint|p2a: Flamigo
|
|upkeep
|
|t:|1778512066
|switch|p2a: Darkrai|Darkrai|100/100
|turn|9
|
|t:|1778512073
|switch|p1a: Hydrapple|Hydrapple, F|100/100
|-damage|p1a: Hydrapple|88/100|[from] Stealth Rock
|move|p2a: Darkrai|Sludge Bomb|p1a: Hydrapple
|-supereffective|p1a: Hydrapple
|-damage|p1a: Hydrapple|48/100
|
|upkeep
|turn|10
|
|t:|1778512081
|move|p2a: Darkrai|Taunt|p1a: Hydrapple
|-start|p1a: Hydrapple|move: Taunt
|move|p1a: Hydrapple|Fickle Beam|p2a: Darkrai
|-damage|p2a: Darkrai|44/100
|
|upkeep
|turn|11
|
|t:|1778512090
|switch|p2a: Blissey|Blissey, F|78/100
|-damage|p2a: Blissey|66/100|[from] Stealth Rock
|move|p1a: Hydrapple|Fickle Beam|p2a: Blissey|[anim] Fickle Beam All Out
|-activate|p1a: Hydrapple|move: Fickle Beam
|-damage|p2a: Blissey|37/100
|
|upkeep
|turn|12
|
|t:|1778512106
|switch|p1a: Landorus|Landorus-Therian, M|100/100
|-damage|p1a: Landorus|88/100|[from] Stealth Rock
|-ability|p1a: Landorus|Intimidate|boost
|-unboost|p2a: Blissey|atk|1
|move|p2a: Blissey|Seismic Toss|p1a: Landorus
|-damage|p1a: Landorus|57/100
|-damage|p2a: Blissey|20/100|[from] item: Rocky Helmet|[of] p1a: Landorus
|
|upkeep
|turn|13
|
|t:|1778512114
|move|p1a: Landorus|U-turn|p2a: Blissey
|-damage|p2a: Blissey|0 fnt
|faint|p2a: Blissey
|
|t:|1778512123
|switch|p1a: Clefable|Clefable, M|100/100|[from] U-turn
|
|upkeep
|
|t:|1778512129
|switch|p2a: Darkrai|Darkrai|44/100
|turn|14
|
|t:|1778512133
|move|p2a: Darkrai|Sludge Bomb|p1a: Clefable
|-supereffective|p1a: Clefable
|-damage|p1a: Clefable|55/100
|move|p1a: Clefable|Thunder Wave|p2a: Darkrai|[miss]
|-miss|p1a: Clefable|p2a: Darkrai
|
|-heal|p1a: Clefable|61/100|[from] item: Leftovers
|upkeep
|turn|15
|
|t:|1778512140
|move|p2a: Darkrai|Taunt|p1a: Clefable
|-start|p1a: Clefable|move: Taunt
|cant|p1a: Clefable|move: Taunt|Thunder Wave
|
|-heal|p1a: Clefable|68/100|[from] item: Leftovers
|upkeep
|turn|16
|
|t:|1778512148
|switch|p1a: Garganacl|Garganacl, F|76/100
|-damage|p1a: Garganacl|63/100|[from] Stealth Rock
|move|p2a: Darkrai|Sludge Bomb|p1a: Garganacl
|-resisted|p1a: Garganacl
|-damage|p1a: Garganacl|52/100
|
|-heal|p1a: Garganacl|58/100|[from] item: Leftovers
|upkeep
|turn|17
|
|t:|1778512157
|move|p2a: Darkrai|Taunt|p1a: Garganacl
|-start|p1a: Garganacl|move: Taunt
|cant|p1a: Garganacl|move: Taunt|Recover
|
|-heal|p1a: Garganacl|65/100|[from] item: Leftovers
|upkeep
|turn|18
|
|t:|1778512164
|switch|p2a: Alaric|Latias, F|72/100
|-damage|p2a: Alaric|60/100|[from] Stealth Rock
|move|p1a: Garganacl|Salt Cure|p2a: Alaric
|-damage|p2a: Alaric|41/100
|
|-heal|p1a: Garganacl|71/100|[from] item: Leftovers
|upkeep
|turn|19
|
|t:|1778512171
|switch|p1a: Gholdengo|Gholdengo|94/100
|-damage|p1a: Gholdengo|88/100|[from] Stealth Rock
|move|p2a: Alaric|Calm Mind|p2a: Alaric
|-boost|p2a: Alaric|spa|1
|-boost|p2a: Alaric|spd|1
|
|upkeep
|turn|20
|
|t:|1778512178
|move|p1a: Gholdengo|Shadow Ball|p2a: Alaric
|-supereffective|p2a: Alaric
|-damage|p2a: Alaric|0 fnt
|faint|p2a: Alaric
|
|upkeep
|
|t:|1778512184
|switch|p2a: Doug|Blastoise, M|100/100
|-damage|p2a: Doug|88/100|[from] Stealth Rock
|turn|21
|inactive|Malinsero has 120 seconds left.
|
|t:|1778512217
|move|p1a: Gholdengo|Shadow Ball|p2a: Doug
|-damage|p2a: Doug|43/100
|move|p2a: Doug|Shell Smash|p2a: Doug
|-unboost|p2a: Doug|def|1
|-unboost|p2a: Doug|spd|1
|-boost|p2a: Doug|atk|2
|-boost|p2a: Doug|spa|2
|-boost|p2a: Doug|spe|2
|-enditem|p2a: Doug|White Herb
|-clearnegativeboost|p2a: Doug|[silent]
|
|upkeep
|turn|22
|inactive|Malinsero has 120 seconds left.
|
|t:|1778512231
|move|p2a: Doug|Surf|p1a: Gholdengo
|-damage|p1a: Gholdengo|1/100
|move|p1a: Gholdengo|Shadow Ball|p2a: Doug
|-crit|p2a: Doug
|-damage|p2a: Doug|0 fnt
|faint|p2a: Doug
|
|upkeep
|
|t:|1778512239
|switch|p2a: Darkrai|Darkrai|44/100
|turn|23
|
|t:|1778512242
|move|p1a: Gholdengo|Shadow Ball|p2a: Darkrai
|-resisted|p2a: Darkrai
|-damage|p2a: Darkrai|14/100
|move|p2a: Darkrai|Dark Pulse|p1a: Gholdengo
|-supereffective|p1a: Gholdengo
|-damage|p1a: Gholdengo|0 fnt
|faint|p1a: Gholdengo
|
|upkeep
|
|t:|1778512253
|switch|p1a: Hydrapple|Hydrapple, F|81/100
|-damage|p1a: Hydrapple|69/100|[from] Stealth Rock
|turn|24
|
|t:|1778512260
|move|p2a: Darkrai|Sludge Bomb|p1a: Hydrapple
|-supereffective|p1a: Hydrapple
|-damage|p1a: Hydrapple|30/100
|-status|p1a: Hydrapple|psn
|move|p1a: Hydrapple|Fickle Beam|p2a: Darkrai|[anim] Fickle Beam All Out
|-activate|p1a: Hydrapple|move: Fickle Beam
|-damage|p2a: Darkrai|0 fnt
|faint|p2a: Darkrai
|
|-damage|p1a: Hydrapple|17/100 psn|[from] psn
|upkeep
|
|t:|1778512269
|switch|p2a: Dusclops|Dusclops, M|100/100
|-damage|p2a: Dusclops|88/100|[from] Stealth Rock
|-item|p1a: Hydrapple|Assault Vest|[from] ability: Frisk|[of] p2a: Dusclops
|turn|25
|
|t:|1778512274
|move|p1a: Hydrapple|Fickle Beam|p2a: Dusclops
|-damage|p2a: Dusclops|62/100
|move|p2a: Dusclops|Night Shade|p1a: Hydrapple
|-damage|p1a: Hydrapple|0 fnt
|faint|p1a: Hydrapple
|
|upkeep
|
|t:|1778512279
|switch|p1a: Clefable|Clefable, M|68/100
|turn|26
|
|t:|1778512289
|-terastallize|p2a: Dusclops|Water
|move|p1a: Clefable|Thunder Wave|p2a: Dusclops
|-status|p2a: Dusclops|par
|cant|p2a: Dusclops|par
|
|-heal|p1a: Clefable|74/100|[from] item: Leftovers
|upkeep
|turn|27
|
|t:|1778512296
|move|p1a: Clefable|Knock Off|p2a: Dusclops
|-damage|p2a: Dusclops|54/100 par
|-enditem|p2a: Dusclops|Eviolite|[from] move: Knock Off|[of] p1a: Clefable
|cant|p2a: Dusclops|par
|
|-heal|p1a: Clefable|80/100|[from] item: Leftovers
|upkeep
|turn|28
|
|t:|1778512305
|switch|p1a: Garganacl|Garganacl, F|71/100
|-damage|p1a: Garganacl|58/100|[from] Stealth Rock
|move|p2a: Dusclops|Pain Split|p1a: Garganacl
|-sethp|p1a: Garganacl|48/100|[from] move: Pain Split|[silent]
|-sethp|p2a: Dusclops|68/100 par|[from] move: Pain Split
|
|-heal|p1a: Garganacl|54/100|[from] item: Leftovers
|upkeep
|turn|29
|-message|Team BBIO 38 forfeited.
|
|win|Malinsero
|raw|Malinsero's rating: 1276 &rarr; <strong>1305</strong><br />(+29 for winning)
|raw|Team BBIO 38's rating: 1333 &rarr; <strong>1310</strong><br />(-23 for losing)
|l|☆Team BBIO 38
|player|p2|
|l|☆Malinsero
|player|p1|
