|html|<div class="broadcast-blue"><strong>[Gen 9] OU is currently suspecting Tera Blast! For information on how to participate check out the <a href="https://www.smogon.com/tools/suspects/view/200">suspect thread</a>.</strong></div>
|j|☆PB TUCAZ
|j|☆sakikod
|t:|1776050063
|gametype|singles
|player|p1|PB TUCAZ|backpacker|1128
|player|p2|sakikod|may-masters4|1133
|gen|9
|tier|[Gen 9] OU
|rated|
|rule|HP Percentage Mod: HP is shown in percentages
|rule|Endless Battle Clause: Forcing endless battles is banned
|rule|Species Clause: Limit one of each Pokémon
|rule|OHKO Clause: OHKO moves are banned
|rule|Evasion Items Clause: Evasion items are banned
|rule|Evasion Moves Clause: Evasion moves are banned
|rule|Evasion Abilities Clause: Evasion abilities are banned
|rule|Sleep Moves Clause: Sleep-inducing moves are banned
|clearpoke
|poke|p1|Zarude-Dada|
|poke|p1|Glimmora, M|
|poke|p1|Magneton|
|poke|p1|Moltres|
|poke|p1|Primarina, F|
|poke|p1|Garchomp, M|
|poke|p2|Arcanine-Hisui, M|
|poke|p2|Serperior, F|
|poke|p2|Gholdengo|
|poke|p2|Garchomp, M|
|poke|p2|Ribombee, F|
|poke|p2|Gallade, M|
|teampreview
|inactive|Battle timer is ON: inactive players will automatically lose when time's up. (requested by sakikod)
|
|t:|1776050071
|teamsize|p1|6
|teamsize|p2|6
|start
|switch|p1a: Zarude|Zarude-Dada|100/100
|switch|p2a: Ribombee|Ribombee, F|100/100
|turn|1
|
|t:|1776050097
|move|p2a: Ribombee|Sticky Web|p1a: Zarude
|-sidestart|p1: PB TUCAZ|move: Sticky Web
|move|p1a: Zarude|Knock Off|p2a: Ribombee
|-resisted|p2a: Ribombee
|-damage|p2a: Ribombee|34/100
|-enditem|p2a: Ribombee|Focus Sash|[from] move: Knock Off|[of] p1a: Zarude
|
|upkeep
|turn|2
|
|t:|1776050105
|switch|p1a: Glimmora|Glimmora, M|100/100
|-activate|p1a: Glimmora|move: Sticky Web
|-unboost|p1a: Glimmora|spe|1
|move|p2a: Ribombee|Moonblast|p1a: Glimmora
|-resisted|p1a: Glimmora
|-damage|p1a: Glimmora|72/100
|-unboost|p1a: Glimmora|spa|1
|
|upkeep
|turn|3
|
|t:|1776050117
|switch|p1a: Magneton|Magneton|100/100
|-activate|p1a: Magneton|move: Sticky Web
|-unboost|p1a: Magneton|spe|1
|move|p2a: Ribombee|Bug Buzz|p1a: Magneton
|-resisted|p1a: Magneton
|-damage|p1a: Magneton|66/100
|
|upkeep
|turn|4
|
|t:|1776050126
|move|p2a: Ribombee|Moonblast|p1a: Magneton
|-resisted|p1a: Magneton
|-damage|p1a: Magneton|26/100
|move|p1a: Magneton|Flash Cannon|p2a: Ribombee
|-supereffective|p2a: Ribombee
|-damage|p2a: Ribombee|0 fnt
|faint|p2a: Ribombee
|
|upkeep
|
|t:|1776050134
|switch|p2a: Gallade|Gallade, M, shiny|100/100
|turn|5
|
|t:|1776050142
|move|p2a: Gallade|Sacred Sword|p1a: Magneton
|-supereffective|p1a: Magneton
|-damage|p1a: Magneton|0 fnt
|faint|p1a: Magneton
|-damage|p2a: Gallade|91/100|[from] item: Life Orb
|
|upkeep
|
|t:|1776050149
|switch|p1a: Moltres|Moltres|100/100
|turn|6
|
|t:|1776050156
|-terastallize|p2a: Gallade|Dark
|move|p1a: Moltres|Hurricane|p2a: Gallade
|-damage|p2a: Gallade|33/100
|move|p2a: Gallade|Night Slash|p1a: Moltres
|-damage|p1a: Moltres|21/100
|-status|p2a: Gallade|brn|[from] ability: Flame Body|[of] p1a: Moltres
|-damage|p2a: Gallade|24/100 brn|[from] item: Life Orb
|
|-damage|p2a: Gallade|17/100 brn|[from] brn
|upkeep
|turn|7
|
|t:|1776050169
|move|p1a: Moltres|U-turn|p2a: Gallade
|-supereffective|p2a: Gallade
|-damage|p2a: Gallade|0 fnt
|faint|p2a: Gallade
|
|t:|1776050173
|switch|p1a: Glimmora|Glimmora, M|72/100|[from] U-turn
|-activate|p1a: Glimmora|move: Sticky Web
|-unboost|p1a: Glimmora|spe|1
|
|upkeep
|
|t:|1776050178
|switch|p2a: Garchomp|Garchomp, M, shiny|100/100
|turn|8
|
|t:|1776050184
|-terastallize|p1a: Glimmora|Fairy
|move|p2a: Garchomp|Swords Dance|p2a: Garchomp
|-boost|p2a: Garchomp|atk|2
|move|p1a: Glimmora|Mortal Spin|p2a: Garchomp
|-resisted|p2a: Garchomp
|-damage|p2a: Garchomp|97/100
|-status|p2a: Garchomp|psn
|-damage|p1a: Glimmora|60/100|[from] ability: Rough Skin|[of] p2a: Garchomp
|-sideend|p1: PB TUCAZ|Sticky Web|[from] move: Mortal Spin|[of] p1a: Glimmora
|
|-damage|p2a: Garchomp|85/100 psn|[from] psn
|upkeep
|turn|9
|
|t:|1776050199
|switch|p1a: Moltres|Moltres|21/100
|move|p2a: Garchomp|Earthquake|p1a: Moltres
|-immune|p1a: Moltres
|
|-damage|p2a: Garchomp|72/100 psn|[from] psn
|upkeep
|turn|10
|
|t:|1776050208
|switch|p2a: Arcanine|Arcanine-Hisui, M, shiny|100/100
|move|p1a: Moltres|Overheat|p2a: Arcanine|[miss]
|-miss|p1a: Moltres|p2a: Arcanine
|
|upkeep
|turn|11
|
|t:|1776050217
|move|p1a: Moltres|Scorching Sands|p2a: Arcanine
|-supereffective|p2a: Arcanine
|-damage|p2a: Arcanine|0 fnt
|faint|p2a: Arcanine
|
|upkeep
|
|t:|1776050220
|switch|p2a: Serperior|Serperior, F, shiny|100/100
|turn|12
|-message|sakikod forfeited.
|
|win|PB TUCAZ
|raw|PB TUCAZ's rating: 1128 &rarr; <strong>1153</strong><br />(+25 for winning)
|raw|sakikod's rating: 1133 &rarr; <strong>1108</strong><br />(-25 for losing)
|l|☆sakikod
|player|p2|
|l|☆PB TUCAZ
|player|p1|
