|html|<div class="broadcast-blue"><strong>[Gen 9] OU is currently suspecting Tera Blast! For information on how to participate check out the <a href="https://www.smogon.com/tools/suspects/view/200">suspect thread</a>.</strong></div>
|j|☆tloombender
|j|☆Lucccckajj
|t:|1776064068
|gametype|singles
|player|p1|tloombender|clair|1240
|player|p2|Lucccckajj|102|1291
|gen|9
|tier|[Gen 9] OU
|rated|
|rule|HP Percentage Mod: HP is shown in percentages
|rule|Endless Battle Clause: Forcing endless battles is banned
|rule|Species Clause: Limit one of each Pokémon
|rule|OHKO Clause: OHKO moves are banned
|rule|Evasion Items Clause: Evasion items are banned
|rule|Evasion Moves Clause: Evasion moves are banned
|rule|Evasion Abilities Clause: Evasion abilities are banned
|rule|Sleep Moves Clause: Sleep-inducing moves are banned
|clearpoke
|poke|p1|Tinkaton, F|
|poke|p1|Rotom-Wash|
|poke|p1|Great Tusk|
|poke|p1|Slowking-Galar, F|
|poke|p1|Dragapult, F|
|poke|p1|Dragonite, F|
|poke|p2|Slaking, F|
|poke|p2|Cryogonal|
|poke|p2|Falinks|
|poke|p2|Arbok, M|
|poke|p2|Clawitzer, F|
|poke|p2|Golem, F|
|teampreview
|inactive|Battle timer is ON: inactive players will automatically lose when time's up. (requested by tloombender)
|
|t:|1776064081
|teamsize|p1|6
|teamsize|p2|6
|start
|switch|p1a: Tinkaton|Tinkaton, F|100/100
|switch|p2a: Slaking|Slaking, F|100/100
|-item|p1a: Tinkaton|Air Balloon
|turn|1
|
|t:|1776064089
|move|p2a: Slaking|Earthquake|p1a: Tinkaton
|-immune|p1a: Tinkaton
|move|p1a: Tinkaton|Thunder Wave|p2a: Slaking
|-status|p2a: Slaking|par
|
|upkeep
|turn|2
|
|t:|1776064105
|switch|p2a: Arbok|Arbok, M|100/100
|-ability|p2a: Arbok|Intimidate|boost
|-unboost|p1a: Tinkaton|atk|1
|move|p1a: Tinkaton|Stealth Rock|p2a: Arbok
|-sidestart|p2: Lucccckajj|move: Stealth Rock
|
|upkeep
|turn|3
|
|t:|1776064113
|move|p2a: Arbok|Coil|p2a: Arbok
|-boost|p2a: Arbok|atk|1
|-boost|p2a: Arbok|def|1
|-boost|p2a: Arbok|accuracy|1
|move|p1a: Tinkaton|Thunder Wave|p2a: Arbok
|-status|p2a: Arbok|par
|
|upkeep
|turn|4
|
|t:|1776064134
|move|p1a: Tinkaton|Knock Off|p2a: Arbok
|-damage|p2a: Arbok|86/100 par
|-enditem|p2a: Arbok|Leftovers|[from] move: Knock Off|[of] p1a: Tinkaton
|move|p2a: Arbok|Coil|p2a: Arbok
|-boost|p2a: Arbok|atk|1
|-boost|p2a: Arbok|def|1
|-boost|p2a: Arbok|accuracy|1
|
|upkeep
|turn|5
|
|t:|1776064148
|switch|p1a: Great Tusk|Great Tusk|100/100
|move|p2a: Arbok|Coil|p2a: Arbok
|-boost|p2a: Arbok|atk|1
|-boost|p2a: Arbok|def|1
|-boost|p2a: Arbok|accuracy|1
|
|upkeep
|turn|6
|
|t:|1776064156
|-terastallize|p2a: Arbok|Ground
|move|p1a: Great Tusk|Headlong Rush|p2a: Arbok
|-damage|p2a: Arbok|50/100 par
|-unboost|p1a: Great Tusk|def|1
|-unboost|p1a: Great Tusk|spd|1
|cant|p2a: Arbok|par
|
|upkeep
|turn|7
|
|t:|1776064170
|-end|p1a: Great Tusk|Protosynthesis|[silent]
|switch|p1a: Rotom|Rotom-Wash|100/100
|move|p2a: Arbok|Trailblaze|p1a: Rotom
|-supereffective|p1a: Rotom
|-damage|p1a: Rotom|49/100
|-boost|p2a: Arbok|spe|1
|
|-heal|p1a: Rotom|55/100|[from] item: Leftovers
|upkeep
|turn|8
|
|t:|1776064180
|move|p1a: Rotom|Hydro Pump|p2a: Arbok|[miss]
|-miss|p1a: Rotom|p2a: Arbok
|cant|p2a: Arbok|par
|
|-heal|p1a: Rotom|61/100|[from] item: Leftovers
|upkeep
|turn|9
|
|t:|1776064187
|move|p1a: Rotom|Hydro Pump|p2a: Arbok
|-supereffective|p2a: Arbok
|-damage|p2a: Arbok|0 fnt
|faint|p2a: Arbok
|
|-heal|p1a: Rotom|67/100|[from] item: Leftovers
|upkeep
|
|t:|1776064205
|switch|p2a: Slaking|Slaking, F|100/100 par
|-damage|p2a: Slaking|88/100 par|[from] Stealth Rock
|turn|10
|
|t:|1776064216
|move|p1a: Rotom|Volt Switch|p2a: Slaking
|-damage|p2a: Slaking|61/100 par
|
|t:|1776064220
|switch|p1a: Tinkaton|Tinkaton, F|100/100|[from] Volt Switch
|-item|p1a: Tinkaton|Air Balloon
|cant|p2a: Slaking|par
|
|upkeep
|turn|11
|l|☆Lucccckajj
|inactive|Lucccckajj disconnected and has a minute to reconnect!
|player|p2|
|inactive|Lucccckajj has 30 seconds to reconnect!
|inactive|Lucccckajj has 20 seconds to reconnect!
|inactive|Lucccckajj has 15 seconds to reconnect!
|inactive|Lucccckajj has 10 seconds to reconnect!
|inactive|Lucccckajj has 5 seconds to reconnect!
|-message|Lucccckajj lost due to inactivity.
|
|win|tloombender
|raw|tloombender's rating: 1240 &rarr; <strong>1269</strong><br />(+29 for winning)
|raw|Lucccckajj's rating: 1291 &rarr; <strong>1262</strong><br />(-29 for losing)
|l|☆tloombender
|player|p1|
