|html|<div class="broadcast-blue"><strong>[Gen 9] OU is currently suspecting Tera Blast! For information on how to participate check out the <a href="https://www.smogon.com/tools/suspects/view/200">suspect thread</a>.</strong></div>
|j|☆untilting1877
|j|☆Spikenard
|t:|1776042205
|gametype|singles
|player|p1|untilting1877|2|1585
|player|p2|Spikenard|erika-masters|1576
|gen|9
|tier|[Gen 9] OU
|rated|
|rule|HP Percentage Mod: HP is shown in percentages
|rule|Endless Battle Clause: Forcing endless battles is banned
|rule|Species Clause: Limit one of each Pokémon
|rule|OHKO Clause: OHKO moves are banned
|rule|Evasion Items Clause: Evasion items are banned
|rule|Evasion Moves Clause: Evasion moves are banned
|rule|Evasion Abilities Clause: Evasion abilities are banned
|rule|Sleep Moves Clause: Sleep-inducing moves are banned
|clearpoke
|poke|p1|Volcanion|
|poke|p1|Raging Bolt|
|poke|p1|Kyurem|
|poke|p1|Enamorus, F|
|poke|p1|Iron Treads|
|poke|p1|Ceruledge, M|
|poke|p2|Cinderace, M|
|poke|p2|Hatterene, F|
|poke|p2|Raging Bolt|
|poke|p2|Kingambit, M|
|poke|p2|Vileplume, F|
|poke|p2|Hoopa-Unbound|
|teampreview
|
|t:|1776042227
|teamsize|p1|6
|teamsize|p2|6
|start
|switch|p1a: Volcanion|Volcanion|100/100
|switch|p2a: Hoopa|Hoopa-Unbound|100/100
|turn|1
|inactive|Battle timer is ON: inactive players will automatically lose when time's up. (requested by Spikenard)
|
|t:|1776042250
|switch|p1a: Iron Treads|Iron Treads|100/100
|-enditem|p1a: Iron Treads|Booster Energy
|-activate|p1a: Iron Treads|ability: Quark Drive|[fromitem]
|-start|p1a: Iron Treads|quarkdrivespe
|move|p2a: Hoopa|Knock Off|p1a: Iron Treads
|-damage|p1a: Iron Treads|70/100
|
|upkeep
|turn|2
|
|t:|1776042263
|switch|p2a: Vileplume|Vileplume, F|100/100
|move|p1a: Iron Treads|Earth Power|p2a: Vileplume
|-damage|p2a: Vileplume|69/100
|
|upkeep
|turn|3
|
|t:|1776042270
|move|p1a: Iron Treads|Earth Power|p2a: Vileplume
|-damage|p2a: Vileplume|36/100
|move|p2a: Vileplume|Leech Seed|p1a: Iron Treads
|-start|p1a: Iron Treads|move: Leech Seed
|
|-damage|p1a: Iron Treads|58/100|[from] Leech Seed|[of] p2a: Vileplume
|-heal|p2a: Vileplume|47/100|[silent]
|upkeep
|turn|4
|
|t:|1776042274
|move|p1a: Iron Treads|Steel Beam|p2a: Vileplume
|-damage|p2a: Vileplume|0 fnt
|-damage|p1a: Iron Treads|8/100|[from] steelbeam
|faint|p2a: Vileplume
|
|upkeep
|
|t:|1776042288
|switch|p2a: Cinderace|Cinderace, M|100/100
|turn|5
|
|t:|1776042294
|-end|p1a: Iron Treads|Quark Drive|[silent]
|switch|p1a: Volcanion|Volcanion|100/100
|move|p2a: Cinderace|Sucker Punch||[still]
|-fail|p2a: Cinderace
|
|upkeep
|turn|6
|
|t:|1776042303
|move|p2a: Cinderace|U-turn|p1a: Volcanion
|-start|p2a: Cinderace|typechange|Bug|[from] ability: Libero
|-resisted|p1a: Volcanion
|-damage|p1a: Volcanion|85/100
|
|t:|1776042318
|switch|p2a: Hoopa|Hoopa-Unbound|100/100|[from] U-turn
|move|p1a: Volcanion|Steam Eruption|p2a: Hoopa
|-damage|p2a: Hoopa|68/100
|-status|p2a: Hoopa|brn
|
|-damage|p2a: Hoopa|62/100 brn|[from] brn
|upkeep
|turn|7
|
|t:|1776042338
|switch|p1a: Iron Treads|Iron Treads|8/100
|move|p2a: Hoopa|Psychic Noise|p1a: Iron Treads
|-resisted|p1a: Iron Treads
|-damage|p1a: Iron Treads|0 fnt
|faint|p1a: Iron Treads
|-end|p1a: Iron Treads|Quark Drive|[silent]
|
|-damage|p2a: Hoopa|56/100 brn|[from] brn
|upkeep
|
|t:|1776042345
|switch|p1a: Ceruledge|Ceruledge, M|100/100
|-item|p1a: Ceruledge|Air Balloon
|turn|8
|
|t:|1776042362
|move|p1a: Ceruledge|Poltergeist|p2a: Hoopa
|-activate|p2a: Hoopa|move: Poltergeist|Assault Vest
|-damage|p2a: Hoopa|0 fnt
|faint|p2a: Hoopa
|
|upkeep
|
|t:|1776042379
|switch|p2a: Raging Bolt|Raging Bolt|100/100
|-enditem|p2a: Raging Bolt|Booster Energy
|-activate|p2a: Raging Bolt|ability: Protosynthesis|[fromitem]
|-start|p2a: Raging Bolt|protosynthesisspa
|turn|9
|
|t:|1776042389
|move|p1a: Ceruledge|Swords Dance|p1a: Ceruledge
|-boost|p1a: Ceruledge|atk|2
|move|p2a: Raging Bolt|Calm Mind|p2a: Raging Bolt
|-boost|p2a: Raging Bolt|spa|1
|-boost|p2a: Raging Bolt|spd|1
|
|upkeep
|turn|10
|j| North Ryder
|
|t:|1776042395
|move|p2a: Raging Bolt|Thunderclap|p1a: Ceruledge
|-damage|p1a: Ceruledge|5/100
|-enditem|p1a: Ceruledge|Air Balloon
|move|p1a: Ceruledge|Bitter Blade|p2a: Raging Bolt
|-resisted|p2a: Raging Bolt
|-damage|p2a: Raging Bolt|62/100
|-heal|p1a: Ceruledge|32/100|[from] drain|[of] p2a: Raging Bolt
|
|upkeep
|turn|11
|
|t:|1776042401
|move|p1a: Ceruledge|Shadow Sneak|p2a: Raging Bolt
|-crit|p2a: Raging Bolt
|-damage|p2a: Raging Bolt|10/100
|move|p2a: Raging Bolt|Thunderclap||[still]
|-fail|p2a: Raging Bolt
|
|upkeep
|turn|12
|-message|Spikenard forfeited.
|
|win|untilting1877
|raw|untilting1877's rating: 1585 &rarr; <strong>1604</strong><br />(+19 for winning)
|raw|Spikenard's rating: 1576 &rarr; <strong>1557</strong><br />(-19 for losing)
|l|☆Spikenard
|player|p2|
|l|☆untilting1877
|player|p1|
|l| North Ryder
