|html|<div class="broadcast-blue"><strong>[Gen 9] OU is currently suspecting Tera Blast! For information on how to participate check out the <a href="https://www.smogon.com/tools/suspects/view/200">suspect thread</a>.</strong></div>
|j|☆yisinho1
|j|☆MouseMont
|t:|1776196823
|gametype|singles
|player|p1|yisinho1|170|1109
|player|p2|MouseMont|backersf|1114
|gen|9
|tier|[Gen 9] OU
|rated|
|rule|HP Percentage Mod: HP is shown in percentages
|rule|Endless Battle Clause: Forcing endless battles is banned
|rule|Species Clause: Limit one of each Pokémon
|rule|OHKO Clause: OHKO moves are banned
|rule|Evasion Items Clause: Evasion items are banned
|rule|Evasion Moves Clause: Evasion moves are banned
|rule|Evasion Abilities Clause: Evasion abilities are banned
|rule|Sleep Moves Clause: Sleep-inducing moves are banned
|clearpoke
|poke|p1|Gengar, M|
|poke|p1|Dragonite, F|
|poke|p1|Cloyster, F|
|poke|p1|Greninja-*, F|
|poke|p1|Toxapex, M|
|poke|p1|Infernape, M|
|poke|p2|Wugtrio, M|
|poke|p2|Tatsugiri-Droopy, F|
|poke|p2|Chansey, F|
|poke|p2|Slowbro, F|
|poke|p2|Clodsire, F|
|poke|p2|Maushold-Four|
|teampreview
|inactive|Battle timer is ON: inactive players will automatically lose when time's up. (requested by yisinho1)
|
|t:|1776196857
|teamsize|p1|6
|teamsize|p2|6
|start
|switch|p1a: Toxapex|Toxapex, M, shiny|100/100
|switch|p2a: Cloddy|Clodsire, F, shiny|100/100
|turn|1
|
|t:|1776196868
|switch|p2a: Slowbro|Slowbro, F|100/100
|-terastallize|p1a: Toxapex|Fairy
|move|p1a: Toxapex|Toxic Spikes|p2a: Slowbro
|-sidestart|p2: MouseMont|move: Toxic Spikes
|
|upkeep
|turn|2
|
|t:|1776196881
|switch|p2a: Cloddy|Clodsire, F, shiny|100/100
|-sideend|p2: MouseMont|move: Toxic Spikes|[of] p2a: Cloddy
|move|p1a: Toxapex|Toxic Spikes|p2a: Cloddy
|-sidestart|p2: MouseMont|move: Toxic Spikes
|
|upkeep
|turn|3
|
|t:|1776196892
|move|p1a: Toxapex|Hex|p2a: Cloddy
|-damage|p2a: Cloddy|93/100
|move|p2a: Cloddy|Gunk Shot|p1a: Toxapex
|-supereffective|p1a: Toxapex
|-damage|p1a: Toxapex|49/100
|
|-heal|p1a: Toxapex|55/100|[from] item: Leftovers
|upkeep
|turn|4
|
|t:|1776196902
|move|p1a: Toxapex|Toxic Spikes|p2a: Cloddy
|-sidestart|p2: MouseMont|move: Toxic Spikes
|move|p2a: Cloddy|Gunk Shot|p1a: Toxapex
|-supereffective|p1a: Toxapex
|-damage|p1a: Toxapex|0 fnt
|faint|p1a: Toxapex
|
|upkeep
|
|t:|1776196917
|switch|p1a: Dragonite|Dragonite, F, shiny|100/100
|turn|5
|
|t:|1776196923
|move|p1a: Dragonite|Dragon Dance|p1a: Dragonite
|-boost|p1a: Dragonite|atk|1
|-boost|p1a: Dragonite|spe|1
|move|p2a: Cloddy|Toxic|p1a: Dragonite
|-status|p1a: Dragonite|tox
|
|-damage|p1a: Dragonite|94/100 tox|[from] psn
|upkeep
|turn|6
|
|t:|1776196938
|move|p1a: Dragonite|Earthquake|p2a: Cloddy
|-supereffective|p2a: Cloddy
|-damage|p2a: Cloddy|8/100
|-damage|p1a: Dragonite|84/100 tox|[from] item: Life Orb
|move|p2a: Cloddy|Gunk Shot|p1a: Dragonite
|-damage|p1a: Dragonite|37/100 tox
|
|-damage|p1a: Dragonite|24/100 tox|[from] psn
|upkeep
|turn|7
|
|t:|1776196951
|move|p1a: Dragonite|Earthquake|p2a: Cloddy
|-supereffective|p2a: Cloddy
|-damage|p2a: Cloddy|0 fnt
|faint|p2a: Cloddy
|-damage|p1a: Dragonite|14/100 tox|[from] item: Life Orb
|
|-damage|p1a: Dragonite|0 fnt|[from] psn
|faint|p1a: Dragonite
|upkeep
|
|t:|1776196961
|switch|p1a: Infernape|Infernape, M, shiny|100/100
|switch|p2a: Tatsugiri|Tatsugiri-Droopy, F, shiny|100/100
|turn|8
|
|t:|1776196977
|switch|p1a: Greninja|Greninja, F, shiny|100/100
|move|p2a: Tatsugiri|Surf|p1a: Greninja
|-resisted|p1a: Greninja
|-damage|p1a: Greninja|68/100
|
|upkeep
|turn|9
|
|t:|1776197000
|move|p1a: Greninja|Ice Beam|p2a: Tatsugiri
|-start|p1a: Greninja|typechange|Ice|[from] ability: Protean
|-damage|p2a: Tatsugiri|50/100
|move|p2a: Tatsugiri|Rapid Spin|p1a: Greninja
|-damage|p1a: Greninja|57/100
|-boost|p2a: Tatsugiri|spe|1
|-sideend|p2: MouseMont|Toxic Spikes|[from] move: Rapid Spin|[of] p2a: Tatsugiri
|
|upkeep
|turn|10
|inactive|MouseMont has 120 seconds left.
|
|t:|1776197021
|move|p1a: Greninja|Ice Beam|p2a: Tatsugiri
|-damage|p2a: Tatsugiri|3/100
|move|p2a: Tatsugiri|Draco Meteor|p1a: Greninja
|-damage|p1a: Greninja|0 fnt
|-unboost|p2a: Tatsugiri|spa|2
|faint|p1a: Greninja
|
|upkeep
|
|t:|1776197027
|switch|p1a: Infernape|Infernape, M, shiny|100/100
|turn|11
|
|t:|1776197030
|move|p1a: Infernape|Mach Punch|p2a: Tatsugiri
|-damage|p2a: Tatsugiri|0 fnt
|faint|p2a: Tatsugiri
|
|upkeep
|
|t:|1776197035
|switch|p2a: Wug|Wugtrio, M, shiny|100/100
|turn|12
|
|t:|1776197045
|move|p1a: Infernape|Mach Punch|p2a: Wug
|-damage|p2a: Wug|56/100
|-damage|p1a: Infernape|84/100|[from] item: Rocky Helmet|[of] p2a: Wug
|-ability|p2a: Wug|Gooey
|-unboost|p1a: Infernape|spe|1
|move|p2a: Wug|Triple Dive|p1a: Infernape
|-supereffective|p1a: Infernape
|-damage|p1a: Infernape|42/100
|-supereffective|p1a: Infernape
|-damage|p1a: Infernape|2/100
|-supereffective|p1a: Infernape
|-damage|p1a: Infernape|0 fnt
|faint|p1a: Infernape
|-hitcount|p1: Infernape|3
|
|upkeep
|
|t:|1776197055
|switch|p1a: Gengar|Gengar, M, shiny|100/100
|turn|13
|
|t:|1776197070
|move|p2a: Wug|Sucker Punch|p1a: Gengar
|-supereffective|p1a: Gengar
|-damage|p1a: Gengar|6/100
|move|p1a: Gengar|Giga Drain|p2a: Wug
|-supereffective|p2a: Wug
|-damage|p2a: Wug|0 fnt
|-heal|p1a: Gengar|29/100|[from] drain|[of] p2a: Wug
|faint|p2a: Wug
|
|upkeep
|inactive|MouseMont has 120 seconds left.
|
|t:|1776197097
|switch|p2a: MOUSEMONT|Maushold-Four|100/100
|turn|14
|
|t:|1776197104
|move|p1a: Gengar|Giga Drain|p2a: MOUSEMONT
|-damage|p2a: MOUSEMONT|65/100
|-heal|p1a: Gengar|49/100|[from] drain|[of] p2a: MOUSEMONT
|move|p2a: MOUSEMONT|Bite|p1a: Gengar
|-supereffective|p1a: Gengar
|-damage|p1a: Gengar|0 fnt
|faint|p1a: Gengar
|
|upkeep
|
|t:|1776197110
|switch|p1a: Cloyster|Cloyster, F, shiny|100/100
|turn|15
|
|t:|1776197128
|move|p2a: MOUSEMONT|Tidy Up|p2a: MOUSEMONT
|-boost|p2a: MOUSEMONT|atk|1
|-boost|p2a: MOUSEMONT|spe|1
|move|p1a: Cloyster|Shell Smash|p1a: Cloyster
|-unboost|p1a: Cloyster|def|1
|-unboost|p1a: Cloyster|spd|1
|-boost|p1a: Cloyster|atk|2
|-boost|p1a: Cloyster|spa|2
|-boost|p1a: Cloyster|spe|2
|
|upkeep
|turn|16
|
|t:|1776197144
|move|p2a: MOUSEMONT|Encore|p1a: Cloyster
|-start|p1a: Cloyster|Encore
|move|p1a: Cloyster|Shell Smash|p1a: Cloyster
|-unboost|p1a: Cloyster|def|1
|-unboost|p1a: Cloyster|spd|1
|-boost|p1a: Cloyster|atk|2
|-boost|p1a: Cloyster|spa|2
|-boost|p1a: Cloyster|spe|2
|
|upkeep
|turn|17
|
|t:|1776197151
|move|p1a: Cloyster|Shell Smash|p1a: Cloyster
|-unboost|p1a: Cloyster|def|1
|-unboost|p1a: Cloyster|spd|1
|-boost|p1a: Cloyster|atk|2
|-boost|p1a: Cloyster|spa|2
|-boost|p1a: Cloyster|spe|2
|move|p2a: MOUSEMONT|Tidy Up|p2a: MOUSEMONT
|-boost|p2a: MOUSEMONT|atk|1
|-boost|p2a: MOUSEMONT|spe|1
|
|upkeep
|turn|18
|
|t:|1776197160
|move|p1a: Cloyster|Shell Smash|p1a: Cloyster
|-unboost|p1a: Cloyster|def|1
|-unboost|p1a: Cloyster|spd|1
|-boost|p1a: Cloyster|atk|0
|-boost|p1a: Cloyster|spa|0
|-boost|p1a: Cloyster|spe|0
|move|p2a: MOUSEMONT|Population Bomb|p1a: Cloyster
|-damage|p1a: Cloyster|47/100
|-damage|p1a: Cloyster|0 fnt
|faint|p1a: Cloyster
|-hitcount|p1: Cloyster|2
|
|win|MouseMont
|raw|yisinho1's rating: 1109 &rarr; <strong>1084</strong><br />(-25 for losing)
|raw|MouseMont's rating: 1114 &rarr; <strong>1139</strong><br />(+25 for winning)
|l|☆yisinho1
|player|p1|
|c|☆MouseMont|gg
