|html|<div class="broadcast-blue"><strong>[Gen 9] OU is currently suspecting Tera Blast! For information on how to participate check out the <a href="https://www.smogon.com/tools/suspects/view/200">suspect thread</a>.</strong></div>
|j|☆jewking
|j|☆vivona
|t:|1776087590
|gametype|singles
|player|p1|jewking|170|1318
|player|p2|vivona|lucas|1295
|gen|9
|tier|[Gen 9] OU
|rated|
|rule|HP Percentage Mod: HP is shown in percentages
|rule|Endless Battle Clause: Forcing endless battles is banned
|rule|Species Clause: Limit one of each Pokémon
|rule|OHKO Clause: OHKO moves are banned
|rule|Evasion Items Clause: Evasion items are banned
|rule|Evasion Moves Clause: Evasion moves are banned
|rule|Evasion Abilities Clause: Evasion abilities are banned
|rule|Sleep Moves Clause: Sleep-inducing moves are banned
|clearpoke
|poke|p1|Pelipper, M|
|poke|p1|Golduck, M|
|poke|p1|Zamazenta-*|
|poke|p1|Floatzel, M|
|poke|p1|Raging Bolt|
|poke|p1|Iron Treads|
|poke|p2|Ceruledge, F|
|poke|p2|Garganacl, M|
|poke|p2|Iron Hands|
|poke|p2|Hatterene, F|
|poke|p2|Weezing-Galar, F|
|poke|p2|Slowking-Galar, M|
|teampreview
|inactive|Battle timer is ON: inactive players will automatically lose when time's up. (requested by vivona)
|
|t:|1776087619
|teamsize|p1|6
|teamsize|p2|6
|start
|switch|p1a: Pelipper|Pelipper, M|100/100
|switch|p2a: Hatterene|Hatterene, F, shiny|100/100
|-weather|RainDance|[from] ability: Drizzle|[of] p1a: Pelipper
|turn|1
|
|t:|1776087629
|move|p1a: Pelipper|Surf|p2a: Hatterene
|-damage|p2a: Hatterene|51/100
|-enditem|p2a: Hatterene|Red Card|[of] p1a: Pelipper
|drag|p1a: Golduck|Golduck, M|100/100
|move|p2a: Hatterene|Trick Room|p2a: Hatterene
|-fieldstart|move: Trick Room|[of] p2a: Hatterene
|
|-weather|RainDance|[upkeep]
|upkeep
|turn|2
|
|t:|1776087642
|switch|p1a: Raging Bolt|Raging Bolt|100/100
|move|p2a: Hatterene|Draining Kiss|p1a: Raging Bolt
|-supereffective|p1a: Raging Bolt
|-damage|p1a: Raging Bolt|53/100
|-heal|p2a: Hatterene|100/100|[from] drain|[of] p1a: Raging Bolt
|
|-weather|RainDance|[upkeep]
|upkeep
|turn|3
|
|t:|1776087651
|move|p2a: Hatterene|Draining Kiss|p1a: Raging Bolt
|-supereffective|p1a: Raging Bolt
|-damage|p1a: Raging Bolt|5/100
|move|p1a: Raging Bolt|Thunderbolt|p2a: Hatterene
|-damage|p2a: Hatterene|27/100
|-damage|p1a: Raging Bolt|0 fnt|[from] item: Life Orb
|faint|p1a: Raging Bolt
|-end|p1a: Raging Bolt|Protosynthesis|[silent]
|
|-weather|RainDance|[upkeep]
|upkeep
|
|t:|1776087662
|switch|p1a: Floatzel|Floatzel, M|100/100
|turn|4
|
|t:|1776087667
|-terastallize|p1a: Floatzel|Water
|move|p1a: Floatzel|Aqua Jet|p2a: Hatterene
|-damage|p2a: Hatterene|0 fnt
|faint|p2a: Hatterene
|
|-weather|RainDance|[upkeep]
|upkeep
|
|t:|1776087683
|switch|p2a: Weezing|Weezing-Galar, F, shiny|100/100
|turn|5
|
|t:|1776087687
|switch|p1a: Iron Treads|Iron Treads|100/100
|-enditem|p1a: Iron Treads|Booster Energy
|-activate|p1a: Iron Treads|ability: Quark Drive|[fromitem]
|-start|p1a: Iron Treads|quarkdrivespe
|move|p2a: Weezing|Will-O-Wisp|p1a: Iron Treads
|-status|p1a: Iron Treads|brn
|
|-weather|RainDance|[upkeep]
|-damage|p1a: Iron Treads|94/100 brn|[from] brn
|-fieldend|move: Trick Room
|upkeep
|turn|6
|
|t:|1776087705
|switch|p2a: Slowking|Slowking-Galar, M, shiny|100/100
|move|p1a: Iron Treads|Earthquake|p2a: Slowking
|-supereffective|p2a: Slowking
|-damage|p2a: Slowking|64/100
|
|-weather|RainDance|[upkeep]
|-heal|p2a: Slowking|70/100|[from] item: Leftovers
|-damage|p1a: Iron Treads|88/100 brn|[from] brn
|upkeep
|turn|7
|
|t:|1776087713
|move|p1a: Iron Treads|Stealth Rock|p2a: Slowking
|-sidestart|p2: vivona|move: Stealth Rock
|move|p2a: Slowking|Trick Room|p2a: Slowking
|-fieldstart|move: Trick Room|[of] p2a: Slowking
|
|-weather|RainDance|[upkeep]
|-heal|p2a: Slowking|76/100|[from] item: Leftovers
|-damage|p1a: Iron Treads|82/100 brn|[from] brn
|upkeep
|turn|8
|
|t:|1776087721
|move|p2a: Slowking|Ice Beam|p1a: Iron Treads
|-damage|p1a: Iron Treads|40/100 brn
|move|p1a: Iron Treads|Earthquake|p2a: Slowking
|-supereffective|p2a: Slowking
|-damage|p2a: Slowking|37/100
|
|-weather|none
|-heal|p2a: Slowking|43/100|[from] item: Leftovers
|-damage|p1a: Iron Treads|34/100 brn|[from] brn
|upkeep
|turn|9
|
|t:|1776087730
|-prepare|p2a: Slowking|Chilly Reception|[premajor]
|move|p2a: Slowking|Chilly Reception|p2a: Slowking
|-weather|Snowscape
|
|t:|1776087735
|switch|p2a: Weezing|Weezing-Galar, F, shiny|100/100|[from] Chilly Reception
|-damage|p2a: Weezing|88/100|[from] Stealth Rock
|move|p1a: Iron Treads|Volt Switch|p2a: Weezing
|-damage|p2a: Weezing|64/100
|
|t:|1776087747
|-end|p1a: Iron Treads|Quark Drive|[silent]
|switch|p1a: Zamazenta|Zamazenta|100/100|[from] Volt Switch
|-ability|p1a: Zamazenta|Dauntless Shield|boost
|-boost|p1a: Zamazenta|def|1
|
|-weather|Snowscape|[upkeep]
|-heal|p2a: Weezing|70/100|[from] item: Leftovers
|upkeep
|turn|10
|
|t:|1776087755
|move|p2a: Weezing|Strange Steam|p1a: Zamazenta
|-supereffective|p1a: Zamazenta
|-damage|p1a: Zamazenta|40/100
|move|p1a: Zamazenta|Iron Head|p2a: Weezing
|-supereffective|p2a: Weezing
|-damage|p2a: Weezing|16/100
|
|-weather|Snowscape|[upkeep]
|-heal|p2a: Weezing|22/100|[from] item: Leftovers
|-heal|p1a: Zamazenta|46/100|[from] item: Leftovers
|upkeep
|turn|11
|
|t:|1776087767
|switch|p1a: Iron Treads|Iron Treads|34/100 brn
|move|p2a: Weezing|Strange Steam|p1a: Iron Treads
|-resisted|p1a: Iron Treads
|-damage|p1a: Iron Treads|5/100 brn
|
|-weather|Snowscape|[upkeep]
|-heal|p2a: Weezing|28/100|[from] item: Leftovers
|-damage|p1a: Iron Treads|0 fnt|[from] brn
|faint|p1a: Iron Treads
|-end|p1a: Iron Treads|Quark Drive|[silent]
|-fieldend|move: Trick Room
|upkeep
|
|t:|1776087776
|switch|p1a: Zamazenta|Zamazenta|46/100
|turn|12
|
|t:|1776087784
|switch|p2a: Ceruledge|Ceruledge, F, shiny|100/100
|-damage|p2a: Ceruledge|76/100|[from] Stealth Rock
|move|p1a: Zamazenta|Crunch|p2a: Ceruledge
|-supereffective|p2a: Ceruledge
|-damage|p2a: Ceruledge|0 fnt
|faint|p2a: Ceruledge
|
|-weather|Snowscape|[upkeep]
|-heal|p1a: Zamazenta|52/100|[from] item: Leftovers
|upkeep
|
|t:|1776087793
|switch|p2a: Slowking|Slowking-Galar, M, shiny|76/100
|-damage|p2a: Slowking|64/100|[from] Stealth Rock
|turn|13
|
|t:|1776087797
|move|p1a: Zamazenta|Crunch|p2a: Slowking
|-supereffective|p2a: Slowking
|-damage|p2a: Slowking|0 fnt
|faint|p2a: Slowking
|
|-weather|none
|-heal|p1a: Zamazenta|58/100|[from] item: Leftovers
|upkeep
|
|t:|1776087805
|switch|p2a: Weezing|Weezing-Galar, F, shiny|28/100
|-damage|p2a: Weezing|16/100|[from] Stealth Rock
|turn|14
|
|t:|1776087809
|move|p1a: Zamazenta|Iron Head|p2a: Weezing
|-supereffective|p2a: Weezing
|-damage|p2a: Weezing|0 fnt
|faint|p2a: Weezing
|
|-heal|p1a: Zamazenta|64/100|[from] item: Leftovers
|upkeep
|-message|vivona forfeited.
|
|win|jewking
|raw|jewking's rating: 1318 &rarr; <strong>1337</strong><br />(+19 for winning)
|raw|vivona's rating: 1295 &rarr; <strong>1272</strong><br />(-23 for losing)
|l|☆vivona
|player|p2|
|l|☆jewking
|player|p1|
