|html|<div class="broadcast-blue"><strong>[Gen 9] OU is currently suspecting Tera Blast! For information on how to participate check out the <a href="https://www.smogon.com/tools/suspects/view/200">suspect thread</a>.</strong></div>
|j|☆jkreyes1
|j|☆Oryen
|inactive|Battle timer is ON: inactive players will automatically lose when time's up.
|t:|1776272718
|gametype|singles
|player|p1|jkreyes1|volkner|
|player|p2|Oryen|lucas|
|gen|9
|tier|[Gen 9] OU
|rated|Tournament battle
|rule|HP Percentage Mod: HP is shown in percentages
|rule|Endless Battle Clause: Forcing endless battles is banned
|rule|Species Clause: Limit one of each Pokémon
|rule|OHKO Clause: OHKO moves are banned
|rule|Evasion Items Clause: Evasion items are banned
|rule|Evasion Moves Clause: Evasion moves are banned
|rule|Evasion Abilities Clause: Evasion abilities are banned
|rule|Sleep Moves Clause: Sleep-inducing moves are banned
|clearpoke
|poke|p1|Gastrodon-East, M|
|poke|p1|Hippowdon, F|
|poke|p1|Landorus-Therian, M|
|poke|p1|Tyranitar, M|
|poke|p1|Zapdos|
|poke|p1|Excadrill, M|
|poke|p2|Slowking-Galar, M|
|poke|p2|Dondozo, M|
|poke|p2|Great Tusk|
|poke|p2|Ogerpon-Wellspring, F|
|poke|p2|Zapdos|
|poke|p2|Kingambit, F|
|teampreview
|j|*Lady Monita 
|j| alakazamguru
|
|t:|1776272732
|teamsize|p1|6
|teamsize|p2|6
|start
|switch|p1a: Landorus|Landorus-Therian, M, shiny|100/100
|switch|p2a: Slowking|Slowking-Galar, M|100/100
|-ability|p1a: Landorus|Intimidate|boost
|-unboost|p2a: Slowking|atk|1
|turn|1
|
|t:|1776272738
|move|p1a: Landorus|Earthquake|p2a: Slowking
|-supereffective|p2a: Slowking
|-damage|p2a: Slowking|0 fnt
|faint|p2a: Slowking
|
|upkeep
|
|t:|1776272743
|switch|p2a: Ogerpon|Ogerpon-Wellspring, F|100/100
|turn|2
|
|t:|1776272750
|switch|p1a: Gastrodon|Gastrodon-East, M, shiny|100/100
|move|p2a: Ogerpon|Ivy Cudgel|p1a: Gastrodon|[anim] Ivy Cudgel Water
|-ability|p1a: Gastrodon|Storm Drain|boost
|-boost|p1a: Gastrodon|spa|1
|
|upkeep
|turn|3
|
|t:|1776272757
|-terastallize|p1a: Gastrodon|Grass
|move|p2a: Ogerpon|Power Whip|p1a: Gastrodon|[miss]
|-miss|p2a: Ogerpon|p1a: Gastrodon
|move|p1a: Gastrodon|Spikes|p2a: Ogerpon
|-sidestart|p2: Oryen|Spikes
|
|upkeep
|turn|4
|l| alakazamguru
|
|t:|1776272766
|switch|p2a: Zapdos|Zapdos|100/100
|move|p1a: Gastrodon|Ice Beam|p2a: Zapdos
|-supereffective|p2a: Zapdos
|-damage|p2a: Zapdos|43/100
|
|upkeep
|turn|5
|
|t:|1776272770
|move|p2a: Zapdos|Roost|p2a: Zapdos
|-heal|p2a: Zapdos|93/100
|-singleturn|p2a: Zapdos|move: Roost
|move|p1a: Gastrodon|Ice Beam|p2a: Zapdos
|-damage|p2a: Zapdos|66/100
|
|upkeep
|turn|6
|
|t:|1776272772
|move|p2a: Zapdos|Hurricane|p1a: Gastrodon
|-supereffective|p1a: Gastrodon
|-damage|p1a: Gastrodon|33/100
|move|p1a: Gastrodon|Earth Power|p2a: Zapdos
|-immune|p2a: Zapdos
|
|-heal|p1a: Gastrodon|39/100|[from] item: Leftovers
|upkeep
|turn|7
|j| greninjaydavid45
|
|t:|1776272778
|switch|p1a: Tyranitar|Tyranitar, M, shiny|100/100
|-weather|Sandstorm|[from] ability: Sand Stream|[of] p1a: Tyranitar
|move|p2a: Zapdos|Hurricane|p1a: Tyranitar
|-resisted|p1a: Tyranitar
|-damage|p1a: Tyranitar|89/100
|
|-weather|Sandstorm|[upkeep]
|-damage|p2a: Zapdos|60/100|[from] Sandstorm
|upkeep
|turn|8
|
|t:|1776272787
|move|p2a: Zapdos|Volt Switch|p1a: Tyranitar
|-damage|p1a: Tyranitar|75/100
|
|t:|1776272796
|switch|p2a: Great Tusk|Great Tusk|100/100|[from] Volt Switch
|-damage|p2a: Great Tusk|88/100|[from] Spikes
|move|p1a: Tyranitar|Knock Off|p2a: Great Tusk
|-resisted|p2a: Great Tusk
|-damage|p2a: Great Tusk|72/100
|-enditem|p2a: Great Tusk|Leftovers|[from] move: Knock Off|[of] p1a: Tyranitar
|
|-weather|Sandstorm|[upkeep]
|upkeep
|turn|9
|
|t:|1776272804
|switch|p1a: Hippowdon|Hippowdon, F, shiny|100/100
|move|p2a: Great Tusk|Ice Spinner|p1a: Hippowdon
|-supereffective|p1a: Hippowdon
|-damage|p1a: Hippowdon|70/100
|-damage|p2a: Great Tusk|55/100|[from] item: Rocky Helmet|[of] p1a: Hippowdon
|
|-weather|Sandstorm|[upkeep]
|upkeep
|turn|10
|
|t:|1776272808
|-end|p2a: Great Tusk|Protosynthesis|[silent]
|switch|p2a: Ogerpon|Ogerpon-Wellspring, F|100/100
|-damage|p2a: Ogerpon|88/100|[from] Spikes
|move|p1a: Hippowdon|Stealth Rock|p2a: Ogerpon
|-sidestart|p2: Oryen|move: Stealth Rock
|
|-weather|Sandstorm|[upkeep]
|-damage|p2a: Ogerpon|82/100|[from] Sandstorm
|upkeep
|turn|11
|
|t:|1776272813
|switch|p1a: Gastrodon|Gastrodon-East, M, shiny, tera:Grass|39/100
|move|p2a: Ogerpon|Swords Dance|p2a: Ogerpon
|-boost|p2a: Ogerpon|atk|2
|
|-weather|Sandstorm|[upkeep]
|-damage|p2a: Ogerpon|76/100|[from] Sandstorm
|-damage|p1a: Gastrodon|33/100|[from] Sandstorm
|-heal|p1a: Gastrodon|39/100|[from] item: Leftovers
|upkeep
|turn|12
|
|t:|1776272817
|move|p2a: Ogerpon|Play Rough|p1a: Gastrodon|[miss]
|-miss|p2a: Ogerpon|p1a: Gastrodon
|move|p1a: Gastrodon|Ice Beam|p2a: Ogerpon
|-damage|p2a: Ogerpon|54/100
|
|-weather|Sandstorm|[upkeep]
|-damage|p2a: Ogerpon|48/100|[from] Sandstorm
|-damage|p1a: Gastrodon|33/100|[from] Sandstorm
|-heal|p1a: Gastrodon|39/100|[from] item: Leftovers
|upkeep
|turn|13
|c|☆Oryen|come on
|
|t:|1776272826
|move|p2a: Ogerpon|Play Rough|p1a: Gastrodon
|-damage|p1a: Gastrodon|0 fnt
|faint|p1a: Gastrodon
|
|-weather|Sandstorm|[upkeep]
|-damage|p2a: Ogerpon|42/100|[from] Sandstorm
|upkeep
|
|t:|1776272829
|switch|p1a: Landorus|Landorus-Therian, M, shiny|100/100
|-ability|p1a: Landorus|Intimidate|boost
|-unboost|p2a: Ogerpon|atk|1
|turn|14
|j| yugiohLORD
|
|t:|1776272840
|switch|p2a: Zapdos|Zapdos|60/100
|move|p1a: Landorus|U-turn|p2a: Zapdos
|-resisted|p2a: Zapdos
|-damage|p2a: Zapdos|49/100
|-status|p1a: Landorus|par|[from] ability: Static|[of] p2a: Zapdos
|
|t:|1776272846
|switch|p1a: Excadrill|Excadrill, M, shiny|100/100|[from] U-turn
|
|-weather|none
|upkeep
|turn|15
|
|t:|1776272852
|switch|p1a: Tyranitar|Tyranitar, M, shiny|75/100
|-weather|Sandstorm|[from] ability: Sand Stream|[of] p1a: Tyranitar
|move|p2a: Zapdos|Roost|p2a: Zapdos
|-heal|p2a: Zapdos|99/100
|-singleturn|p2a: Zapdos|move: Roost
|
|-weather|Sandstorm|[upkeep]
|-damage|p2a: Zapdos|93/100|[from] Sandstorm
|upkeep
|turn|16
|
|t:|1776272862
|switch|p2a: Great Tusk|Great Tusk|55/100
|-damage|p2a: Great Tusk|43/100|[from] Spikes
|-damage|p2a: Great Tusk|40/100|[from] Stealth Rock
|move|p1a: Tyranitar|Ice Beam|p2a: Great Tusk
|-supereffective|p2a: Great Tusk
|-damage|p2a: Great Tusk|0 fnt
|faint|p2a: Great Tusk
|-end|p2a: Great Tusk|Protosynthesis|[silent]
|
|-weather|Sandstorm|[upkeep]
|upkeep
|
|t:|1776272869
|switch|p2a: Ogerpon|Ogerpon-Wellspring, F|42/100
|-damage|p2a: Ogerpon|30/100|[from] Spikes
|-damage|p2a: Ogerpon|18/100|[from] Stealth Rock
|turn|17
|c| yugiohLORD|ice beam
|c| yugiohLORD|u know something I dont
|inactive|jkreyes1 has 120 seconds left.
|j| ArcaneIV
|
|t:|1776272908
|switch|p1a: Landorus|Landorus-Therian, M, shiny|100/100 par
|-ability|p1a: Landorus|Intimidate|boost
|-unboost|p2a: Ogerpon|atk|1
|move|p2a: Ogerpon|Ivy Cudgel|p1a: Landorus|[anim] Ivy Cudgel Water
|-supereffective|p1a: Landorus
|-damage|p1a: Landorus|5/100 par
|
|-weather|Sandstorm|[upkeep]
|-damage|p2a: Ogerpon|12/100|[from] Sandstorm
|upkeep
|turn|18
|
|t:|1776272912
|move|p2a: Ogerpon|Ivy Cudgel|p1a: Landorus|[anim] Ivy Cudgel Water
|-supereffective|p1a: Landorus
|-damage|p1a: Landorus|0 fnt
|faint|p1a: Landorus
|
|-weather|Sandstorm|[upkeep]
|-damage|p2a: Ogerpon|6/100|[from] Sandstorm
|upkeep
|
|t:|1776272916
|switch|p1a: Excadrill|Excadrill, M, shiny|100/100
|turn|19
|
|t:|1776272918
|move|p1a: Excadrill|Iron Head|p2a: Ogerpon
|-resisted|p2a: Ogerpon
|-damage|p2a: Ogerpon|0 fnt
|faint|p2a: Ogerpon
|-damage|p1a: Excadrill|91/100|[from] item: Life Orb
|
|-weather|Sandstorm|[upkeep]
|upkeep
|
|t:|1776272928
|switch|p2a: Dondozo|Dondozo, M|100/100
|-damage|p2a: Dondozo|88/100|[from] Spikes
|-damage|p2a: Dondozo|75/100|[from] Stealth Rock
|turn|20
|
|t:|1776272934
|move|p1a: Excadrill|Earthquake|p2a: Dondozo
|-damage|p2a: Dondozo|27/100
|-damage|p1a: Excadrill|81/100|[from] item: Life Orb
|move|p2a: Dondozo|Waterfall|p1a: Excadrill
|-supereffective|p1a: Excadrill
|-damage|p1a: Excadrill|4/100
|
|-weather|Sandstorm|[upkeep]
|-damage|p2a: Dondozo|21/100|[from] Sandstorm
|-heal|p2a: Dondozo|27/100|[from] item: Leftovers
|upkeep
|turn|21
|
|t:|1776272942
|move|p1a: Excadrill|Earthquake|p2a: Dondozo
|-damage|p2a: Dondozo|0 fnt
|faint|p2a: Dondozo
|-damage|p1a: Excadrill|0 fnt|[from] item: Life Orb
|faint|p1a: Excadrill
|
|-weather|Sandstorm|[upkeep]
|upkeep
|
|t:|1776272951
|switch|p1a: Zapdos|Zapdos, shiny|100/100
|switch|p2a: Zapdos|Zapdos|93/100
|turn|22
|
|t:|1776272958
|move|p1a: Zapdos|Hurricane|p2a: Zapdos|[miss]
|-miss|p1a: Zapdos|p2a: Zapdos
|move|p2a: Zapdos|Hurricane|p1a: Zapdos|[miss]
|-miss|p2a: Zapdos|p1a: Zapdos
|
|-weather|none
|upkeep
|turn|23
|
|t:|1776272963
|move|p2a: Zapdos|Hurricane|p1a: Zapdos|[miss]
|-miss|p2a: Zapdos|p1a: Zapdos
|move|p1a: Zapdos|Volt Switch|p2a: Zapdos
|-damage|p2a: Zapdos|58/100
|
|t:|1776272969
|switch|p1a: Tyranitar|Tyranitar, M, shiny|75/100|[from] Volt Switch
|-weather|Sandstorm|[from] ability: Sand Stream|[of] p1a: Tyranitar
|
|-weather|Sandstorm|[upkeep]
|-damage|p2a: Zapdos|52/100|[from] Sandstorm
|upkeep
|turn|24
|
|t:|1776272971
|move|p2a: Zapdos|Roost|p2a: Zapdos
|-heal|p2a: Zapdos|100/100
|-singleturn|p2a: Zapdos|move: Roost
|move|p1a: Tyranitar|Knock Off|p2a: Zapdos
|-damage|p2a: Zapdos|67/100
|-enditem|p2a: Zapdos|Heavy-Duty Boots|[from] move: Knock Off|[of] p1a: Tyranitar
|
|-weather|Sandstorm|[upkeep]
|-damage|p2a: Zapdos|61/100|[from] Sandstorm
|upkeep
|turn|25
|
|t:|1776272975
|move|p2a: Zapdos|Roost|p2a: Zapdos
|-heal|p2a: Zapdos|100/100
|-singleturn|p2a: Zapdos|move: Roost
|move|p1a: Tyranitar|Stone Edge|p2a: Zapdos
|-damage|p2a: Zapdos|66/100
|
|-weather|Sandstorm|[upkeep]
|-damage|p2a: Zapdos|60/100|[from] Sandstorm
|upkeep
|turn|26
|c| ArcaneIV|howdy
|
|t:|1776272986
|move|p2a: Zapdos|Thunder Wave|p1a: Tyranitar
|-status|p1a: Tyranitar|par
|move|p1a: Tyranitar|Ice Beam|p2a: Zapdos
|-supereffective|p2a: Zapdos
|-damage|p2a: Zapdos|17/100
|
|-weather|Sandstorm|[upkeep]
|-damage|p2a: Zapdos|11/100|[from] Sandstorm
|upkeep
|turn|27
|c|☆jkreyes1|bulky
|
|t:|1776272999
|move|p2a: Zapdos|Roost|p2a: Zapdos
|-heal|p2a: Zapdos|61/100
|-singleturn|p2a: Zapdos|move: Roost
|cant|p1a: Tyranitar|par
|
|-weather|Sandstorm|[upkeep]
|-damage|p2a: Zapdos|55/100|[from] Sandstorm
|upkeep
|turn|28
|l| greninjaydavid45
|
|t:|1776273006
|move|p2a: Zapdos|Roost|p2a: Zapdos
|-heal|p2a: Zapdos|100/100
|-singleturn|p2a: Zapdos|move: Roost
|move|p1a: Tyranitar|Ice Beam|p2a: Zapdos
|-damage|p2a: Zapdos|76/100
|
|-weather|Sandstorm|[upkeep]
|-damage|p2a: Zapdos|70/100|[from] Sandstorm
|upkeep
|turn|29
|j| CCogsworth
|j| thepokemonuploads
|
|t:|1776273013
|move|p2a: Zapdos|Hurricane|p1a: Tyranitar|[miss]
|-miss|p2a: Zapdos|p1a: Tyranitar
|move|p1a: Tyranitar|Stone Edge|p2a: Zapdos|[miss]
|-miss|p1a: Tyranitar|p2a: Zapdos
|
|-weather|Sandstorm|[upkeep]
|-damage|p2a: Zapdos|64/100|[from] Sandstorm
|upkeep
|turn|30
|
|t:|1776273017
|move|p2a: Zapdos|Hurricane|p1a: Tyranitar
|-resisted|p1a: Tyranitar
|-damage|p1a: Tyranitar|62/100 par
|move|p1a: Tyranitar|Stone Edge|p2a: Zapdos
|-supereffective|p2a: Zapdos
|-damage|p2a: Zapdos|0 fnt
|faint|p2a: Zapdos
|
|-weather|none
|upkeep
|
|t:|1776273022
|switch|p2a: Kingambit|Kingambit, F, shiny|100/100
|-damage|p2a: Kingambit|88/100|[from] Spikes
|-damage|p2a: Kingambit|82/100|[from] Stealth Rock
|-activate|p2a: Kingambit|ability: Supreme Overlord
|-start|p2a: Kingambit|fallen5|[silent]
|turn|31
|
|t:|1776273025
|move|p2a: Kingambit|Swords Dance|p2a: Kingambit
|-boost|p2a: Kingambit|atk|2
|cant|p1a: Tyranitar|par
|
|-heal|p2a: Kingambit|88/100|[from] item: Leftovers
|upkeep
|turn|32
|
|t:|1776273029
|move|p2a: Kingambit|Iron Head|p1a: Tyranitar
|-supereffective|p1a: Tyranitar
|-damage|p1a: Tyranitar|0 fnt
|faint|p1a: Tyranitar
|
|-heal|p2a: Kingambit|94/100|[from] item: Leftovers
|upkeep
|
|t:|1776273033
|switch|p1a: Hippowdon|Hippowdon, F, shiny|70/100
|-weather|Sandstorm|[from] ability: Sand Stream|[of] p1a: Hippowdon
|turn|33
|c| ArcaneIV|kingambit clutch?
|
|t:|1776273039
|-terastallize|p2a: Kingambit|Ghost
|move|p2a: Kingambit|Kowtow Cleave|p1a: Hippowdon
|-damage|p1a: Hippowdon|0 fnt
|-damage|p2a: Kingambit|78/100|[from] item: Rocky Helmet|[of] p1a: Hippowdon
|faint|p1a: Hippowdon
|
|-weather|Sandstorm|[upkeep]
|-damage|p2a: Kingambit|71/100|[from] Sandstorm
|-heal|p2a: Kingambit|78/100|[from] item: Leftovers
|upkeep
|c| CCogsworth|KG wins this easy
|
|t:|1776273045
|switch|p1a: Zapdos|Zapdos, shiny|100/100
|turn|34
|
|t:|1776273050
|move|p1a: Zapdos|Hurricane|p2a: Kingambit
|-damage|p2a: Kingambit|20/100
|move|p2a: Kingambit|Kowtow Cleave|p1a: Zapdos
|-damage|p1a: Zapdos|0 fnt
|-status|p2a: Kingambit|par|[from] ability: Static|[of] p1a: Zapdos
|faint|p1a: Zapdos
|
|win|Oryen
|n|☆jkreyes1|jkreyes1
|n|☆Oryen|oryen
|n|*Lady Monita |ladymonita
|n| yugiohLORD|yugiohlord
|n| ArcaneIV|arcaneiv
|n| CCogsworth|ccogsworth
|n| thepokemonuploads|thepokemonuploads
