|html|<div class="broadcast-blue"><strong>[Gen 9] OU is currently suspecting Tera Blast! For information on how to participate check out the <a href="https://www.smogon.com/tools/suspects/view/200">suspect thread</a>.</strong></div>
|j|☆gen8arc
|j|☆snurke
|t:|1776071233
|gametype|singles
|player|p1|gen8arc|iono-masters|1569
|player|p2|snurke|sisandbro|1618
|gen|9
|tier|[Gen 9] OU
|rated|
|rule|HP Percentage Mod: HP is shown in percentages
|rule|Endless Battle Clause: Forcing endless battles is banned
|rule|Species Clause: Limit one of each Pokémon
|rule|OHKO Clause: OHKO moves are banned
|rule|Evasion Items Clause: Evasion items are banned
|rule|Evasion Moves Clause: Evasion moves are banned
|rule|Evasion Abilities Clause: Evasion abilities are banned
|rule|Sleep Moves Clause: Sleep-inducing moves are banned
|clearpoke
|poke|p1|Tinkaton, F|
|poke|p1|Ogerpon, F|
|poke|p1|Great Tusk|
|poke|p1|Pecharunt|
|poke|p1|Alomomola, M|
|poke|p1|Hydreigon, M|
|poke|p2|Mew|
|poke|p2|Great Tusk|
|poke|p2|Kingambit, F|
|poke|p2|Ceruledge, F|
|poke|p2|Slowking, F|
|poke|p2|Gliscor, M|
|teampreview
|inactive|Battle timer is ON: inactive players will automatically lose when time's up. (requested by gen8arc)
|j| belugadelastreet
|
|t:|1776071248
|teamsize|p1|6
|teamsize|p2|6
|start
|switch|p1a: Smile.exe|Tinkaton, F, shiny|100/100
|switch|p2a: Mew|Mew, shiny|100/100
|-item|p1a: Smile.exe|Air Balloon
|turn|1
|
|t:|1776071252
|move|p2a: Mew|Imprison|p2a: Mew
|-start|p2a: Mew|move: Imprison
|move|p1a: Smile.exe|Stealth Rock|p2a: Mew
|-sidestart|p2: snurke|move: Stealth Rock
|
|upkeep
|turn|2
|
|t:|1776071270
|switch|p1a: Overseer|Pecharunt|100/100
|move|p2a: Mew|Transform|p1a: Overseer
|-transform|p2a: Mew|p1a: Overseer
|
|upkeep
|turn|3
|
|t:|1776071283
|switch|p1a: Pisces|Alomomola, M, shiny|100/100
|move|p2a: Mew|Shadow Ball|p1a: Pisces
|-damage|p1a: Pisces|89/100
|
|upkeep
|turn|4
|
|t:|1776071295
|switch|p1a: Smile.exe|Tinkaton, F, shiny|100/100
|-item|p1a: Smile.exe|Air Balloon
|move|p2a: Mew|Malignant Chain|p1a: Smile.exe
|-immune|p1a: Smile.exe
|
|upkeep
|turn|5
|
|t:|1776071305
|move|p1a: Smile.exe|Encore|p2a: Mew
|-start|p2a: Mew|Encore
|move|p2a: Mew|Malignant Chain|p1a: Smile.exe
|-immune|p1a: Smile.exe
|
|upkeep
|turn|6
|
|t:|1776071313
|switch|p2a: Slowking|Slowking, F, shiny|100/100
|-damage|p2a: Slowking|88/100|[from] Stealth Rock
|move|p1a: Smile.exe|Gigaton Hammer|p2a: Slowking
|-resisted|p2a: Slowking
|-damage|p2a: Slowking|58/100
|
|upkeep
|turn|7
|
|t:|1776071321
|switch|p1a: Pisces|Alomomola, M, shiny|100/100
|move|p2a: Slowking|Reflect|p2a: Slowking
|-sidestart|p2: snurke|Reflect
|
|upkeep
|turn|8
|
|t:|1776071324
|move|p1a: Pisces|Flip Turn|p2a: Slowking
|-resisted|p2a: Slowking
|-damage|p2a: Slowking|54/100
|
|t:|1776071328
|switch|p1a: Hybrid|Hydreigon, M, shiny|100/100|[from] Flip Turn
|move|p2a: Slowking|Light Screen|p2a: Slowking
|-sidestart|p2: snurke|move: Light Screen
|
|upkeep
|turn|9
|
|t:|1776071337
|move|p1a: Hybrid|Dark Pulse|p2a: Slowking
|-supereffective|p2a: Slowking
|-damage|p2a: Slowking|19/100
|-prepare|p2a: Slowking|Chilly Reception|[premajor]
|move|p2a: Slowking|Chilly Reception|p2a: Slowking
|-weather|Snowscape
|
|t:|1776071354
|switch|p2a: Gliscor|Gliscor, M, shiny|100/100|[from] Chilly Reception
|-damage|p2a: Gliscor|88/100|[from] Stealth Rock
|
|-weather|Snowscape|[upkeep]
|-status|p2a: Gliscor|tox|[from] item: Toxic Orb
|upkeep
|turn|10
|
|t:|1776071362
|move|p1a: Hybrid|Dark Pulse|p2a: Gliscor
|-damage|p2a: Gliscor|48/100 tox
|move|p2a: Gliscor|Swords Dance|p2a: Gliscor
|-boost|p2a: Gliscor|atk|2
|
|-weather|Snowscape|[upkeep]
|-heal|p2a: Gliscor|60/100 tox|[from] ability: Poison Heal
|upkeep
|turn|11
|
|t:|1776071380
|move|p1a: Hybrid|Dark Pulse|p2a: Gliscor
|-damage|p2a: Gliscor|23/100 tox
|move|p2a: Gliscor|Agility|p2a: Gliscor
|-boost|p2a: Gliscor|spe|2
|
|-weather|Snowscape|[upkeep]
|-heal|p2a: Gliscor|36/100 tox|[from] ability: Poison Heal
|upkeep
|turn|12
|
|t:|1776071391
|-terastallize|p2a: Gliscor|Normal
|-terastallize|p1a: Hybrid|Steel
|move|p2a: Gliscor|Facade|p1a: Hybrid
|-resisted|p1a: Hybrid
|-damage|p1a: Hybrid|36/100
|move|p1a: Hybrid|Dark Pulse|p2a: Gliscor
|-damage|p2a: Gliscor|2/100 tox
|
|-weather|Snowscape|[upkeep]
|-heal|p2a: Gliscor|14/100 tox|[from] ability: Poison Heal
|upkeep
|turn|13
|
|t:|1776071403
|switch|p1a: Overseer|Pecharunt|100/100
|move|p2a: Gliscor|Facade|p1a: Overseer
|-immune|p1a: Overseer
|
|-weather|none
|-heal|p2a: Gliscor|27/100 tox|[from] ability: Poison Heal
|upkeep
|turn|14
|
|t:|1776071416
|move|p2a: Gliscor|Swords Dance|p2a: Gliscor
|-boost|p2a: Gliscor|atk|2
|move|p1a: Overseer|Parting Shot|p2a: Gliscor
|-unboost|p2a: Gliscor|atk|1
|-unboost|p2a: Gliscor|spa|1
|
|t:|1776071419
|switch|p1a: Smile.exe|Tinkaton, F, shiny|100/100|[from] Parting Shot
|-item|p1a: Smile.exe|Air Balloon
|
|-heal|p2a: Gliscor|39/100 tox|[from] ability: Poison Heal
|-sideend|p2: snurke|Reflect
|upkeep
|turn|15
|
|t:|1776071429
|move|p2a: Gliscor|Facade|p1a: Smile.exe
|-resisted|p1a: Smile.exe
|-damage|p1a: Smile.exe|12/100
|-enditem|p1a: Smile.exe|Air Balloon
|-enditem|p2a: Gliscor|Toxic Orb|[silent]|[from] ability: Pickpocket|[of] p2a: Gliscor
|-item|p1a: Smile.exe|Toxic Orb|[from] ability: Pickpocket|[of] p2a: Gliscor
|move|p1a: Smile.exe|Gigaton Hammer|p2a: Gliscor
|-damage|p2a: Gliscor|0 fnt
|faint|p2a: Gliscor
|
|-sideend|p2: snurke|move: Light Screen
|upkeep
|
|t:|1776071442
|switch|p2a: Great Tusk|Great Tusk|100/100
|-damage|p2a: Great Tusk|98/100|[from] Stealth Rock
|turn|16
|
|t:|1776071446
|move|p1a: Smile.exe|Ice Hammer|p2a: Great Tusk
|-supereffective|p2a: Great Tusk
|-damage|p2a: Great Tusk|68/100
|-unboost|p1a: Smile.exe|spe|1
|-damage|p1a: Smile.exe|0 fnt|[from] item: Rocky Helmet|[of] p2a: Great Tusk
|faint|p1a: Smile.exe
|move|p2a: Great Tusk|Stealth Rock|p1: Smile.exe
|-sidestart|p1: gen8arc|move: Stealth Rock
|
|upkeep
|
|t:|1776071454
|switch|p1a: Anonymous|Ogerpon, F|100/100
|-damage|p1a: Anonymous|88/100|[from] Stealth Rock
|turn|17
|
|t:|1776071462
|move|p1a: Anonymous|U-turn|p2a: Great Tusk
|-resisted|p2a: Great Tusk
|-damage|p2a: Great Tusk|57/100
|-damage|p1a: Anonymous|72/100|[from] item: Rocky Helmet|[of] p2a: Great Tusk
|
|t:|1776071466
|switch|p1a: Overseer|Pecharunt|100/100|[from] U-turn
|-damage|p1a: Overseer|88/100|[from] Stealth Rock
|move|p2a: Great Tusk|Rapid Spin|p1a: Overseer
|-immune|p1a: Overseer
|
|upkeep
|turn|18
|
|t:|1776071477
|-end|p2a: Great Tusk|Protosynthesis|[silent]
|switch|p2a: Slowking|Slowking, F, shiny|52/100
|-damage|p2a: Slowking|40/100|[from] Stealth Rock
|move|p1a: Overseer|Parting Shot|p2a: Slowking
|-unboost|p2a: Slowking|atk|1
|-unboost|p2a: Slowking|spa|1
|
|t:|1776071481
|switch|p1a: Anonymous|Ogerpon, F|72/100|[from] Parting Shot
|-damage|p1a: Anonymous|59/100|[from] Stealth Rock
|
|upkeep
|turn|19
|
|t:|1776071488
|move|p1a: Anonymous|Knock Off|p2a: Slowking
|-supereffective|p2a: Slowking
|-damage|p2a: Slowking|0 fnt
|-enditem|p2a: Slowking|Light Clay|[from] move: Knock Off|[of] p1a: Anonymous
|faint|p2a: Slowking
|
|upkeep
|
|t:|1776071494
|switch|p2a: Kingambit|Kingambit, F, shiny|100/100
|-damage|p2a: Kingambit|94/100|[from] Stealth Rock
|-activate|p2a: Kingambit|ability: Supreme Overlord
|-start|p2a: Kingambit|fallen2|[silent]
|turn|20
|
|t:|1776071500
|switch|p1a: Behemoth|Great Tusk, shiny|100/100
|move|p2a: Kingambit|Iron Head|p1a: Behemoth
|-damage|p1a: Behemoth|58/100
|
|-heal|p2a: Kingambit|100/100|[from] item: Leftovers
|upkeep
|turn|21
|
|t:|1776071510
|-end|p2a: Kingambit|fallen2|[silent]
|switch|p2a: Ceruledge|Ceruledge, F, shiny|100/100
|-damage|p2a: Ceruledge|76/100|[from] Stealth Rock
|move|p1a: Behemoth|Close Combat|p2a: Ceruledge
|-immune|p2a: Ceruledge
|
|upkeep
|turn|22
|
|t:|1776071522
|switch|p2a: Great Tusk|Great Tusk|57/100
|-damage|p2a: Great Tusk|54/100|[from] Stealth Rock
|move|p1a: Behemoth|Headlong Rush|p2a: Great Tusk
|-damage|p2a: Great Tusk|15/100
|-unboost|p1a: Behemoth|def|1
|-unboost|p1a: Behemoth|spd|1
|-damage|p1a: Behemoth|42/100|[from] item: Rocky Helmet|[of] p2a: Great Tusk
|
|upkeep
|turn|23
|
|t:|1776071534
|-end|p1a: Behemoth|Protosynthesis|[silent]
|switch|p1a: Overseer|Pecharunt|88/100
|-damage|p1a: Overseer|76/100|[from] Stealth Rock
|move|p2a: Great Tusk|Rapid Spin|p1a: Overseer
|-immune|p1a: Overseer
|
|upkeep
|turn|24
|
|t:|1776071540
|move|p2a: Great Tusk|Earthquake|p1a: Overseer
|-supereffective|p1a: Overseer
|-damage|p1a: Overseer|34/100
|move|p1a: Overseer|Parting Shot|p2a: Great Tusk
|-unboost|p2a: Great Tusk|atk|1
|-unboost|p2a: Great Tusk|spa|1
|
|t:|1776071547
|switch|p1a: Anonymous|Ogerpon, F|59/100|[from] Parting Shot
|-damage|p1a: Anonymous|47/100|[from] Stealth Rock
|
|upkeep
|turn|25
|
|t:|1776071550
|move|p1a: Anonymous|Ivy Cudgel|p2a: Great Tusk
|-supereffective|p2a: Great Tusk
|-damage|p2a: Great Tusk|0 fnt
|faint|p2a: Great Tusk
|-end|p2a: Great Tusk|Protosynthesis|[silent]
|
|upkeep
|
|t:|1776071553
|switch|p2a: Kingambit|Kingambit, F, shiny|100/100
|-damage|p2a: Kingambit|94/100|[from] Stealth Rock
|-activate|p2a: Kingambit|ability: Supreme Overlord
|-start|p2a: Kingambit|fallen3|[silent]
|turn|26
|
|t:|1776071557
|switch|p1a: Overseer|Pecharunt|34/100
|-damage|p1a: Overseer|22/100|[from] Stealth Rock
|move|p2a: Kingambit|Swords Dance|p2a: Kingambit
|-boost|p2a: Kingambit|atk|2
|
|-heal|p2a: Kingambit|100/100|[from] item: Leftovers
|upkeep
|turn|27
|
|t:|1776071569
|move|p1a: Overseer|Parting Shot|p2a: Kingambit
|-unboost|p2a: Kingambit|atk|1
|-unboost|p2a: Kingambit|spa|1
|
|t:|1776071579
|switch|p1a: Hybrid|Hydreigon, M, shiny, tera:Steel|36/100|[from] Parting Shot
|-damage|p1a: Hybrid|30/100|[from] Stealth Rock
|move|p2a: Kingambit|Swords Dance|p2a: Kingambit
|-boost|p2a: Kingambit|atk|2
|
|upkeep
|turn|28
|
|t:|1776071584
|move|p2a: Kingambit|Sucker Punch|p1a: Hybrid
|-damage|p1a: Hybrid|0 fnt
|faint|p1a: Hybrid
|
|upkeep
|
|t:|1776071589
|switch|p1a: Behemoth|Great Tusk, shiny|42/100
|turn|29
|
|t:|1776071592
|move|p2a: Kingambit|Sucker Punch|p1a: Behemoth
|-resisted|p1a: Behemoth
|-damage|p1a: Behemoth|0 fnt
|faint|p1a: Behemoth
|-end|p1a: Behemoth|Protosynthesis|[silent]
|
|upkeep
|-message|gen8arc forfeited.
|
|win|snurke
|raw|gen8arc's rating: 1569 &rarr; <strong>1552</strong><br />(-17 for losing)
|raw|snurke's rating: 1618 &rarr; <strong>1635</strong><br />(+17 for winning)
|l|☆gen8arc
|player|p1|
