|html|<div class="broadcast-blue"><strong>[Gen 9] OU is currently suspecting Tera Blast! For information on how to participate check out the <a href="https://www.smogon.com/tools/suspects/view/200">suspect thread</a>.</strong></div>
|j|☆Spark58
|j|☆magistermilitum420
|t:|1776309442
|gametype|singles
|player|p1|Spark58|266|1344
|player|p2|magistermilitum420|blue|1333
|gen|9
|tier|[Gen 9] OU
|rated|
|rule|HP Percentage Mod: HP is shown in percentages
|rule|Endless Battle Clause: Forcing endless battles is banned
|rule|Species Clause: Limit one of each Pokémon
|rule|OHKO Clause: OHKO moves are banned
|rule|Evasion Items Clause: Evasion items are banned
|rule|Evasion Moves Clause: Evasion moves are banned
|rule|Evasion Abilities Clause: Evasion abilities are banned
|rule|Sleep Moves Clause: Sleep-inducing moves are banned
|clearpoke
|poke|p1|Darkrai|
|poke|p1|Dragonite, F|
|poke|p1|Kyurem|
|poke|p1|Hoopa-Unbound|
|poke|p1|Iron Valiant|
|poke|p1|Zamazenta-*|
|poke|p2|Meowscarada, M|
|poke|p2|Great Tusk|
|poke|p2|Alomomola, F|
|poke|p2|Slowking-Galar, F|
|poke|p2|Iron Valiant|
|poke|p2|Heatran, M|
|teampreview
|inactive|Battle timer is ON: inactive players will automatically lose when time's up. (requested by Spark58)
|
|t:|1776309462
|teamsize|p1|6
|teamsize|p2|6
|start
|switch|p1a: Hoopa|Hoopa-Unbound|100/100
|switch|p2a: Mahad|Meowscarada, M, shiny|100/100
|turn|1
|
|t:|1776309469
|move|p2a: Mahad|U-turn|p1a: Hoopa
|-start|p2a: Mahad|typechange|Bug|[from] ability: Protean
|-supereffective|p1a: Hoopa
|-damage|p1a: Hoopa|0 fnt
|faint|p1a: Hoopa
|
|t:|1776309476
|switch|p2a: Barca|Great Tusk|100/100|[from] U-turn
|
|upkeep
|
|t:|1776309491
|switch|p1a: Dragonite|Dragonite, F|100/100
|turn|2
|
|t:|1776309496
|move|p1a: Dragonite|Dragon Dance|p1a: Dragonite
|-boost|p1a: Dragonite|atk|1
|-boost|p1a: Dragonite|spe|1
|move|p2a: Barca|Knock Off|p1a: Dragonite
|-damage|p1a: Dragonite|84/100
|-enditem|p1a: Dragonite|Heavy-Duty Boots|[from] move: Knock Off|[of] p2a: Barca
|
|upkeep
|turn|3
|
|t:|1776309511
|-end|p2a: Barca|Protosynthesis|[silent]
|switch|p2a: Mahad|Meowscarada, M, shiny|100/100
|move|p1a: Dragonite|Encore||[still]
|-fail|p1a: Dragonite
|
|upkeep
|turn|4
|
|t:|1776309530
|-terastallize|p1a: Dragonite|Fairy
|move|p2a: Mahad|Triple Axel|p1a: Dragonite
|-start|p2a: Mahad|typechange|Ice|[from] ability: Protean
|-damage|p1a: Dragonite|74/100
|-damage|p1a: Dragonite|50/100
|-damage|p1a: Dragonite|17/100
|-hitcount|p1a: Dragonite|3
|move|p1a: Dragonite|Dragon Dance|p1a: Dragonite
|-boost|p1a: Dragonite|atk|1
|-boost|p1a: Dragonite|spe|1
|
|upkeep
|turn|5
|
|t:|1776309551
|move|p2a: Mahad|Triple Axel|p1a: Dragonite
|-damage|p1a: Dragonite|6/100
|-damage|p1a: Dragonite|0 fnt
|faint|p1a: Dragonite
|-hitcount|p1: Dragonite|2
|
|upkeep
|
|t:|1776309556
|switch|p1a: Zamazenta|Zamazenta|100/100
|-ability|p1a: Zamazenta|Dauntless Shield|boost
|-boost|p1a: Zamazenta|def|1
|turn|6
|
|t:|1776309562
|switch|p2a: Charybdis|Alomomola, F, shiny|100/100
|move|p1a: Zamazenta|Substitute|p1a: Zamazenta
|-start|p1a: Zamazenta|Substitute
|-damage|p1a: Zamazenta|76/100
|
|-heal|p1a: Zamazenta|82/100|[from] item: Leftovers
|upkeep
|turn|7
|
|t:|1776309569
|move|p1a: Zamazenta|Iron Defense|p1a: Zamazenta
|-boost|p1a: Zamazenta|def|2
|move|p2a: Charybdis|Flip Turn|p1a: Zamazenta
|-activate|p1a: Zamazenta|move: Substitute|[damage]
|
|t:|1776309574
|switch|p2a: Mithridates|Slowking-Galar, F|100/100|[from] Flip Turn
|
|-heal|p1a: Zamazenta|88/100|[from] item: Leftovers
|upkeep
|turn|8
|
|t:|1776309581
|move|p1a: Zamazenta|Iron Defense|p1a: Zamazenta
|-boost|p1a: Zamazenta|def|2
|move|p2a: Mithridates|Psychic Noise|p1a: Zamazenta
|-supereffective|p1a: Zamazenta
|-damage|p1a: Zamazenta|33/100
|-start|p1a: Zamazenta|move: Heal Block
|
|upkeep
|turn|9
|
|t:|1776309589
|move|p1a: Zamazenta|Crunch|p2a: Mithridates
|-supereffective|p2a: Mithridates
|-crit|p2a: Mithridates
|-damage|p2a: Mithridates|45/100
|move|p2a: Mithridates|Psychic Noise|p1a: Zamazenta
|-supereffective|p1a: Zamazenta
|-damage|p1a: Zamazenta|0 fnt
|faint|p1a: Zamazenta
|
|upkeep
|
|t:|1776309597
|switch|p1a: Kyurem|Kyurem|100/100
|-ability|p1a: Kyurem|Pressure
|turn|10
|
|t:|1776309604
|switch|p2a: Vulcanus|Heatran, M, shiny|100/100
|move|p1a: Kyurem|Dragon Dance|p1a: Kyurem
|-boost|p1a: Kyurem|atk|1
|-boost|p1a: Kyurem|spe|1
|
|upkeep
|turn|11
|
|t:|1776309619
|-terastallize|p2a: Vulcanus|Grass
|move|p1a: Kyurem|Substitute|p1a: Kyurem
|-start|p1a: Kyurem|Substitute
|-damage|p1a: Kyurem|76/100
|move|p2a: Vulcanus|Flash Cannon|p1a: Kyurem
|-supereffective|p1a: Kyurem
|-end|p1a: Kyurem|Substitute
|
|upkeep
|turn|12
|
|t:|1776309626
|move|p1a: Kyurem|Icicle Spear|p2a: Vulcanus
|-supereffective|p2a: Vulcanus
|-damage|p2a: Vulcanus|54/100
|-supereffective|p2a: Vulcanus
|-damage|p2a: Vulcanus|8/100
|-supereffective|p2a: Vulcanus
|-damage|p2a: Vulcanus|0 fnt
|faint|p2a: Vulcanus
|-hitcount|p2: Vulcanus|3
|
|upkeep
|
|t:|1776309636
|switch|p2a: Pallas|Iron Valiant, shiny|100/100
|-enditem|p2a: Pallas|Booster Energy
|-activate|p2a: Pallas|ability: Quark Drive|[fromitem]
|-start|p2a: Pallas|quarkdrivespe
|turn|13
|
|t:|1776309649
|move|p2a: Pallas|Moonblast|p1a: Kyurem
|-supereffective|p1a: Kyurem
|-damage|p1a: Kyurem|0 fnt
|faint|p1a: Kyurem
|
|upkeep
|-message|Spark58 forfeited.
|
|win|magistermilitum420
|raw|Spark58's rating: 1344 &rarr; <strong>1323</strong><br />(-21 for losing)
|raw|magistermilitum420's rating: 1333 &rarr; <strong>1354</strong><br />(+21 for winning)
|l|☆Spark58
|player|p1|
