|html|<div class="broadcast-blue"><strong>[Gen 9] OU is currently suspecting Volcarona! For information on how to participate check out the <a href="https://www.smogon.com/tools/suspects/view/208">suspect thread</a>.</strong></div>
|j|☆lazyhelios
|j|☆TheLump
|t:|1778517669
|gametype|singles
|player|p1|lazyhelios|101|1230
|player|p2|TheLump|265|1178
|gen|9
|tier|[Gen 9] OU
|rated|
|rule|HP Percentage Mod: HP is shown in percentages
|rule|Endless Battle Clause: Forcing endless battles is banned
|rule|Species Clause: Limit one of each Pokémon
|rule|OHKO Clause: OHKO moves are banned
|rule|Evasion Items Clause: Evasion items are banned
|rule|Evasion Moves Clause: Evasion moves are banned
|rule|Evasion Abilities Clause: Evasion abilities are banned
|rule|Sleep Moves Clause: Sleep-inducing moves are banned
|clearpoke
|poke|p1|Darkrai|
|poke|p1|Slowking-Galar, F|
|poke|p1|Kyurem|
|poke|p1|Corviknight, M|
|poke|p1|Ogerpon-Wellspring, F|
|poke|p1|Landorus-Therian, M|
|poke|p2|Torkoal, F|
|poke|p2|Volcarona, F|
|poke|p2|Slither Wing|
|poke|p2|Iron Moth|
|poke|p2|Exeggutor, M|
|poke|p2|Victreebel, M|
|teampreview
|
|t:|1778517681
|teamsize|p1|6
|teamsize|p2|6
|start
|switch|p1a: Slowking|Slowking-Galar, F|100/100
|switch|p2a: Torkoal|Torkoal, F, shiny|100/100
|-weather|SunnyDay|[from] ability: Drought|[of] p2a: Torkoal
|turn|1
|
|t:|1778517689
|-prepare|p1a: Slowking|Chilly Reception|[premajor]
|move|p1a: Slowking|Chilly Reception|p1a: Slowking
|-weather|Snowscape
|
|t:|1778517702
|switch|p1a: Landorus|Landorus-Therian, M|100/100|[from] Chilly Reception
|-ability|p1a: Landorus|Intimidate|boost
|-unboost|p2a: Torkoal|atk|1
|move|p2a: Torkoal|Stealth Rock|p1a: Landorus
|-sidestart|p1: lazyhelios|move: Stealth Rock
|
|-weather|Snowscape|[upkeep]
|upkeep
|turn|2
|
|t:|1778517715
|move|p1a: Landorus|U-turn|p2a: Torkoal
|-resisted|p2a: Torkoal
|-damage|p2a: Torkoal|91/100
|
|t:|1778517719
|switch|p1a: Slowking|Slowking-Galar, F|100/100|[from] U-turn
|move|p2a: Torkoal|Will-O-Wisp|p1a: Slowking
|-status|p1a: Slowking|brn
|
|-weather|Snowscape|[upkeep]
|-damage|p1a: Slowking|94/100 brn|[from] brn
|upkeep
|turn|3
|
|t:|1778517728
|move|p1a: Slowking|Thunder Wave|p2a: Torkoal
|-status|p2a: Torkoal|par
|cant|p2a: Torkoal|par
|
|-weather|Snowscape|[upkeep]
|-damage|p1a: Slowking|88/100 brn|[from] brn
|upkeep
|turn|4
|
|t:|1778517734
|move|p1a: Slowking|Future Sight|p2a: Torkoal
|-start|p1a: Slowking|move: Future Sight
|move|p2a: Torkoal|Lava Plume|p1a: Slowking
|-damage|p1a: Slowking|74/100 brn
|
|-weather|Snowscape|[upkeep]
|-damage|p1a: Slowking|68/100 brn|[from] brn
|upkeep
|turn|5
|
|t:|1778517759
|move|p1a: Slowking|Thunder Wave|p2a: Torkoal
|-fail|p2a: Torkoal|par
|move|p2a: Torkoal|Lava Plume|p1a: Slowking
|-damage|p1a: Slowking|53/100 brn
|
|-weather|none
|-damage|p1a: Slowking|47/100 brn|[from] brn
|upkeep
|turn|6
|
|t:|1778517768
|-prepare|p1a: Slowking|Chilly Reception|[premajor]
|move|p1a: Slowking|Chilly Reception|p1a: Slowking
|-weather|Snowscape
|
|t:|1778517775
|switch|p1a: Landorus|Landorus-Therian, M|100/100|[from] Chilly Reception
|-damage|p1a: Landorus|88/100|[from] Stealth Rock
|-ability|p1a: Landorus|Intimidate|boost
|-unboost|p2a: Torkoal|atk|1
|move|p2a: Torkoal|Lava Plume|p1a: Landorus
|-damage|p1a: Landorus|57/100
|-status|p1a: Landorus|brn
|
|-weather|Snowscape|[upkeep]
|-end|p2a: Torkoal|move: Future Sight
|-damage|p2a: Torkoal|48/100 par
|-damage|p1a: Landorus|51/100 brn|[from] brn
|upkeep
|turn|7
|
|t:|1778517788
|move|p1a: Landorus|Earthquake|p2a: Torkoal
|-supereffective|p2a: Torkoal
|-damage|p2a: Torkoal|5/100 par
|move|p2a: Torkoal|Lava Plume|p1a: Landorus
|-damage|p1a: Landorus|20/100 brn
|
|-weather|Snowscape|[upkeep]
|-damage|p1a: Landorus|14/100 brn|[from] brn
|upkeep
|turn|8
|
|t:|1778517792
|move|p1a: Landorus|Earthquake|p2a: Torkoal
|-supereffective|p2a: Torkoal
|-damage|p2a: Torkoal|0 fnt
|faint|p2a: Torkoal
|
|-weather|Snowscape|[upkeep]
|-damage|p1a: Landorus|7/100 brn|[from] brn
|upkeep
|
|t:|1778517795
|switch|p2a: Iron Moth|Iron Moth|100/100
|-enditem|p2a: Iron Moth|Booster Energy
|-activate|p2a: Iron Moth|ability: Quark Drive|[fromitem]
|-start|p2a: Iron Moth|quarkdrivespe
|turn|9
|
|t:|1778517800
|move|p2a: Iron Moth|Fiery Dance|p1a: Landorus
|-damage|p1a: Landorus|0 fnt
|faint|p1a: Landorus
|
|-weather|Snowscape|[upkeep]
|upkeep
|
|t:|1778517811
|switch|p1a: Slowking|Slowking-Galar, F|80/100 brn
|turn|10
|
|t:|1778517817
|move|p2a: Iron Moth|Fiery Dance|p1a: Slowking
|-damage|p1a: Slowking|55/100 brn
|-boost|p2a: Iron Moth|spa|1
|move|p1a: Slowking|Thunder Wave|p2a: Iron Moth|[miss]
|-miss|p1a: Slowking|p2a: Iron Moth
|
|-weather|none
|-damage|p1a: Slowking|49/100 brn|[from] brn
|upkeep
|turn|11
|
|t:|1778517823
|move|p2a: Iron Moth|Fiery Dance|p1a: Slowking
|-damage|p1a: Slowking|16/100 brn
|move|p1a: Slowking|Slack Off|p1a: Slowking
|-heal|p1a: Slowking|66/100 brn
|
|-damage|p1a: Slowking|60/100 brn|[from] brn
|upkeep
|turn|12
|
|t:|1778517827
|move|p2a: Iron Moth|Fiery Dance|p1a: Slowking
|-damage|p1a: Slowking|25/100 brn
|move|p1a: Slowking|Thunder Wave|p2a: Iron Moth
|-status|p2a: Iron Moth|par
|
|-damage|p1a: Slowking|19/100 brn|[from] brn
|upkeep
|turn|13
|
|t:|1778517839
|switch|p1a: Kyurem|Kyurem|100/100
|-damage|p1a: Kyurem|76/100|[from] Stealth Rock
|-ability|p1a: Kyurem|Pressure
|move|p2a: Iron Moth|Fiery Dance|p1a: Kyurem
|-damage|p1a: Kyurem|22/100
|-boost|p2a: Iron Moth|spa|1
|
|-heal|p1a: Kyurem|28/100|[from] item: Leftovers
|upkeep
|turn|14
|
|t:|1778517855
|move|p2a: Iron Moth|Fiery Dance|p1a: Kyurem
|-damage|p1a: Kyurem|0 fnt
|-boost|p2a: Iron Moth|spa|1
|faint|p1a: Kyurem
|
|upkeep
|
|t:|1778517866
|switch|p1a: Ogerpon|Ogerpon-Wellspring, F|100/100
|-damage|p1a: Ogerpon|88/100|[from] Stealth Rock
|turn|15
|
|t:|1778517876
|-terastallize|p2a: Iron Moth|Flying
|move|p1a: Ogerpon|Ivy Cudgel|p2a: Iron Moth|[anim] Ivy Cudgel Water
|-damage|p2a: Iron Moth|2/100 par
|cant|p2a: Iron Moth|par
|
|upkeep
|turn|16
|
|t:|1778517885
|move|p1a: Ogerpon|Knock Off|p2a: Iron Moth
|-damage|p2a: Iron Moth|0 fnt
|faint|p2a: Iron Moth
|-end|p2a: Iron Moth|Quark Drive|[silent]
|
|upkeep
|
|t:|1778517888
|switch|p2a: Slither Wing|Slither Wing, shiny|100/100
|turn|17
|
|t:|1778517900
|-terastallize|p1a: Ogerpon|Water
|detailschange|p1a: Ogerpon|Ogerpon-Wellspring-Tera, F, tera:Water
|-ability|p1a: Ogerpon|Embody Aspect (Wellspring)|boost
|-boost|p1a: Ogerpon|spd|1
|move|p2a: Slither Wing|First Impression|p1a: Ogerpon
|-damage|p1a: Ogerpon|26/100
|move|p1a: Ogerpon|Swords Dance|p1a: Ogerpon
|-boost|p1a: Ogerpon|atk|2
|
|upkeep
|turn|18
|
|t:|1778517925
|move|p1a: Ogerpon|Ivy Cudgel|p2a: Slither Wing|[anim] Ivy Cudgel Water
|-damage|p2a: Slither Wing|0 fnt
|faint|p2a: Slither Wing
|-end|p2a: Slither Wing|Protosynthesis|[silent]
|
|upkeep
|
|t:|1778517928
|switch|p2a: Lowi Trusmadi|Victreebel, M, shiny|100/100
|turn|19
|
|t:|1778517936
|move|p1a: Ogerpon|Horn Leech|p2a: Lowi Trusmadi
|-resisted|p2a: Lowi Trusmadi
|-damage|p2a: Lowi Trusmadi|66/100
|-heal|p1a: Ogerpon|43/100|[from] drain|[of] p2a: Lowi Trusmadi
|move|p2a: Lowi Trusmadi|Sunny Day|p2a: Lowi Trusmadi
|-weather|SunnyDay
|
|-weather|SunnyDay|[upkeep]
|upkeep
|turn|20
|
|t:|1778517946
|move|p2a: Lowi Trusmadi|Giga Drain|p1a: Ogerpon
|-supereffective|p1a: Ogerpon
|-damage|p1a: Ogerpon|0 fnt
|-heal|p2a: Lowi Trusmadi|88/100|[from] drain|[of] p1a: Ogerpon
|faint|p1a: Ogerpon
|detailschange|p1: Ogerpon|Ogerpon-Wellspring, F|[silent]
|
|-weather|SunnyDay|[upkeep]
|upkeep
|
|t:|1778517951
|switch|p1a: Slowking|Slowking-Galar, F|52/100 brn
|turn|21
|
|t:|1778517954
|move|p2a: Lowi Trusmadi|Growth|p2a: Lowi Trusmadi
|-boost|p2a: Lowi Trusmadi|atk|2
|-boost|p2a: Lowi Trusmadi|spa|2
|move|p1a: Slowking|Slack Off|p1a: Slowking
|-heal|p1a: Slowking|100/100 brn
|
|-weather|SunnyDay|[upkeep]
|-damage|p1a: Slowking|94/100 brn|[from] brn
|upkeep
|turn|22
|
|t:|1778517965
|move|p2a: Lowi Trusmadi|Giga Drain|p1a: Slowking
|-resisted|p1a: Slowking
|-damage|p1a: Slowking|75/100 brn
|-heal|p2a: Lowi Trusmadi|100/100|[from] drain|[of] p1a: Slowking
|move|p1a: Slowking|Thunder Wave|p2a: Lowi Trusmadi
|-status|p2a: Lowi Trusmadi|par
|
|-weather|SunnyDay|[upkeep]
|-damage|p1a: Slowking|69/100 brn|[from] brn
|upkeep
|turn|23
|
|t:|1778517970
|move|p2a: Lowi Trusmadi|Growth|p2a: Lowi Trusmadi
|-boost|p2a: Lowi Trusmadi|atk|2
|-boost|p2a: Lowi Trusmadi|spa|2
|move|p1a: Slowking|Future Sight|p2a: Lowi Trusmadi
|-start|p1a: Slowking|move: Future Sight
|
|-weather|SunnyDay|[upkeep]
|-damage|p1a: Slowking|63/100 brn|[from] brn
|upkeep
|turn|24
|
|t:|1778517975
|move|p2a: Lowi Trusmadi|Growth|p2a: Lowi Trusmadi
|-boost|p2a: Lowi Trusmadi|atk|2
|-boost|p2a: Lowi Trusmadi|spa|2
|move|p1a: Slowking|Slack Off|p1a: Slowking
|-heal|p1a: Slowking|100/100 brn
|
|-weather|SunnyDay|[upkeep]
|-damage|p1a: Slowking|94/100 brn|[from] brn
|upkeep
|turn|25
|
|t:|1778517980
|move|p2a: Lowi Trusmadi|Giga Drain|p1a: Slowking
|-resisted|p1a: Slowking
|-damage|p1a: Slowking|54/100 brn
|-prepare|p1a: Slowking|Chilly Reception|[premajor]
|move|p1a: Slowking|Chilly Reception|p1a: Slowking
|-weather|Snowscape
|
|t:|1778517996
|switch|p1a: Darkrai|Darkrai|100/100|[from] Chilly Reception
|-damage|p1a: Darkrai|88/100|[from] Stealth Rock
|
|-weather|Snowscape|[upkeep]
|-end|p2a: Lowi Trusmadi|move: Future Sight
|-supereffective|p2a: Lowi Trusmadi
|-damage|p2a: Lowi Trusmadi|0 fnt
|faint|p2a: Lowi Trusmadi
|upkeep
|
|t:|1778518007
|switch|p2a: Volcarona|Volcarona, F, shiny|100/100
|turn|26
|
|t:|1778518017
|move|p1a: Darkrai|Blizzard|p2a: Volcarona
|-resisted|p2a: Volcarona
|-damage|p2a: Volcarona|73/100
|-damage|p1a: Darkrai|78/100|[from] item: Life Orb
|move|p2a: Volcarona|Quiver Dance|p2a: Volcarona
|-boost|p2a: Volcarona|spa|1
|-boost|p2a: Volcarona|spd|1
|-boost|p2a: Volcarona|spe|1
|
|-weather|Snowscape|[upkeep]
|upkeep
|turn|27
|
|t:|1778518031
|move|p2a: Volcarona|Quiver Dance|p2a: Volcarona
|-boost|p2a: Volcarona|spa|1
|-boost|p2a: Volcarona|spd|1
|-boost|p2a: Volcarona|spe|1
|move|p1a: Darkrai|Sludge Bomb|p2a: Volcarona
|-damage|p2a: Volcarona|50/100
|-damage|p1a: Darkrai|68/100|[from] item: Life Orb
|
|-weather|Snowscape|[upkeep]
|upkeep
|turn|28
|
|t:|1778518038
|move|p2a: Volcarona|Quiver Dance|p2a: Volcarona
|-boost|p2a: Volcarona|spa|1
|-boost|p2a: Volcarona|spd|1
|-boost|p2a: Volcarona|spe|1
|move|p1a: Darkrai|Sludge Bomb|p2a: Volcarona
|-damage|p2a: Volcarona|32/100
|-damage|p1a: Darkrai|58/100|[from] item: Life Orb
|
|-weather|Snowscape|[upkeep]
|upkeep
|turn|29
|
|t:|1778518044
|move|p2a: Volcarona|Morning Sun|p2a: Volcarona
|-heal|p2a: Volcarona|57/100
|move|p1a: Darkrai|Nasty Plot|p1a: Darkrai
|-boost|p1a: Darkrai|spa|2
|
|-weather|none
|upkeep
|turn|30
|
|t:|1778518048
|move|p2a: Volcarona|Bug Buzz|p1a: Darkrai
|-supereffective|p1a: Darkrai
|-damage|p1a: Darkrai|0 fnt
|faint|p1a: Darkrai
|
|upkeep
|
|t:|1778518052
|switch|p1a: Slowking|Slowking-Galar, F|87/100 brn
|turn|31
|
|t:|1778518055
|move|p2a: Volcarona|Fiery Dance|p1a: Slowking
|-damage|p1a: Slowking|19/100 brn
|move|p1a: Slowking|Thunder Wave|p2a: Volcarona
|-status|p2a: Volcarona|par
|
|-damage|p1a: Slowking|13/100 brn|[from] brn
|upkeep
|turn|32
|
|t:|1778518065
|move|p2a: Volcarona|Fiery Dance|p1a: Slowking
|-damage|p1a: Slowking|0 fnt
|-boost|p2a: Volcarona|spa|1
|faint|p1a: Slowking
|
|upkeep
|
|t:|1778518067
|switch|p1a: Corviknight|Corviknight, M|100/100
|-damage|p1a: Corviknight|88/100|[from] Stealth Rock
|turn|33
|
|t:|1778518074
|move|p2a: Volcarona|Fiery Dance|p1a: Corviknight
|-supereffective|p1a: Corviknight
|-damage|p1a: Corviknight|0 fnt
|-boost|p2a: Volcarona|spa|1
|faint|p1a: Corviknight
|
|win|TheLump
|raw|lazyhelios's rating: 1230 &rarr; <strong>1201</strong><br />(-29 for losing)
|raw|TheLump's rating: 1178 &rarr; <strong>1207</strong><br />(+29 for winning)
|l|☆TheLump
|player|p2|
|l|☆lazyhelios
|player|p1|
