|html|<div class="broadcast-blue"><strong>[Gen 9] OU is currently suspecting Tera Blast! For information on how to participate check out the <a href="https://www.smogon.com/tools/suspects/view/200">suspect thread</a>.</strong></div>
|j|☆123hotdog
|j|☆Sharkerthantheteal
|t:|1776320482
|gametype|singles
|player|p1|123hotdog|acetrainer-gen4dp|1204
|player|p2|Sharkerthantheteal|169|1145
|gen|9
|tier|[Gen 9] OU
|rated|
|rule|HP Percentage Mod: HP is shown in percentages
|rule|Endless Battle Clause: Forcing endless battles is banned
|rule|Species Clause: Limit one of each Pokémon
|rule|OHKO Clause: OHKO moves are banned
|rule|Evasion Items Clause: Evasion items are banned
|rule|Evasion Moves Clause: Evasion moves are banned
|rule|Evasion Abilities Clause: Evasion abilities are banned
|rule|Sleep Moves Clause: Sleep-inducing moves are banned
|clearpoke
|poke|p1|Ogerpon-Cornerstone, F|
|poke|p1|Great Tusk|
|poke|p1|Meowscarada, M|
|poke|p1|Slowking-Galar, F|
|poke|p1|Kyurem|
|poke|p1|Moltres|
|poke|p2|Cetitan, F|
|poke|p2|Ninetales-Alola, F|
|poke|p2|Hariyama, F|
|poke|p2|Dragapult, F|
|poke|p2|Iron Valiant|
|poke|p2|Gholdengo|
|teampreview
|inactive|Battle timer is ON: inactive players will automatically lose when time's up. (requested by 123hotdog)
|
|t:|1776320494
|teamsize|p1|6
|teamsize|p2|6
|start
|switch|p1a: Moltres|Moltres|100/100
|switch|p2a: Gholdengo|Gholdengo|100/100
|-ability|p1a: Moltres|Pressure
|turn|1
|
|t:|1776320503
|move|p2a: Gholdengo|Trick|p1a: Moltres
|-activate|p2a: Gholdengo|move: Trick|[of] p1a: Moltres
|-item|p1a: Moltres|Choice Scarf|[from] move: Trick
|-item|p2a: Gholdengo|Assault Vest|[from] move: Trick
|move|p1a: Moltres|Flamethrower|p2a: Gholdengo
|-supereffective|p2a: Gholdengo
|-damage|p2a: Gholdengo|24/100
|
|upkeep
|turn|2
|
|t:|1776320512
|switch|p2a: Dragapult|Dragapult, F|100/100
|move|p1a: Moltres|Flamethrower|p2a: Dragapult
|-resisted|p2a: Dragapult
|-damage|p2a: Dragapult|68/100
|
|upkeep
|turn|3
|
|t:|1776320522
|move|p1a: Moltres|Flamethrower|p2a: Dragapult
|-resisted|p2a: Dragapult
|-damage|p2a: Dragapult|40/100
|move|p2a: Dragapult|Draco Meteor|p1a: Moltres
|-damage|p1a: Moltres|0 fnt
|-unboost|p2a: Dragapult|spa|2
|faint|p1a: Moltres
|
|upkeep
|
|t:|1776320533
|switch|p1a: Ogerpon|Ogerpon-Cornerstone, F|100/100
|turn|4
|
|t:|1776320544
|switch|p2a: Gholdengo|Gholdengo|24/100
|move|p1a: Ogerpon|Knock Off|p2a: Gholdengo
|-supereffective|p2a: Gholdengo
|-damage|p2a: Gholdengo|0 fnt
|-enditem|p2a: Gholdengo|Assault Vest|[from] move: Knock Off|[of] p1a: Ogerpon
|faint|p2a: Gholdengo
|
|upkeep
|
|t:|1776320551
|switch|p2a: Ninetales|Ninetales-Alola, F|100/100
|-weather|Snowscape|[from] ability: Snow Warning|[of] p2a: Ninetales
|turn|5
|
|t:|1776320557
|move|p1a: Ogerpon|Ivy Cudgel|p2a: Ninetales|[anim] Ivy Cudgel Rock
|-supereffective|p2a: Ninetales
|-damage|p2a: Ninetales|3/100
|move|p2a: Ninetales|Aurora Veil|p2a: Ninetales
|-sidestart|p2: Sharkerthantheteal|move: Aurora Veil
|
|-weather|Snowscape|[upkeep]
|upkeep
|turn|6
|
|t:|1776320572
|move|p1a: Ogerpon|Ivy Cudgel|p2a: Ninetales|[anim] Ivy Cudgel Rock
|-supereffective|p2a: Ninetales
|-damage|p2a: Ninetales|0 fnt
|faint|p2a: Ninetales
|
|-weather|Snowscape|[upkeep]
|upkeep
|
|t:|1776320578
|switch|p2a: Cetitan|Cetitan, F|100/100
|turn|7
|
|t:|1776320583
|move|p2a: Cetitan|Ice Spinner|p1a: Ogerpon
|-supereffective|p1a: Ogerpon
|-damage|p1a: Ogerpon|4/100
|move|p1a: Ogerpon|Ivy Cudgel|p2a: Cetitan|[anim] Ivy Cudgel Rock
|-supereffective|p2a: Cetitan
|-damage|p2a: Cetitan|60/100
|
|-weather|Snowscape|[upkeep]
|upkeep
|turn|8
|
|t:|1776320594
|move|p1a: Ogerpon|Spiky Shield|p1a: Ogerpon
|-singleturn|p1a: Ogerpon|move: Protect
|move|p2a: Cetitan|Belly Drum|p2a: Cetitan
|-damage|p2a: Cetitan|10/100
|-setboost|p2a: Cetitan|atk|6|[from] move: Belly Drum
|-enditem|p2a: Cetitan|Sitrus Berry|[eat]
|-heal|p2a: Cetitan|35/100|[from] item: Sitrus Berry
|
|-weather|Snowscape|[upkeep]
|upkeep
|turn|9
|
|t:|1776320604
|move|p2a: Cetitan|Ice Spinner|p1a: Ogerpon
|-supereffective|p1a: Ogerpon
|-damage|p1a: Ogerpon|0 fnt
|faint|p1a: Ogerpon
|
|-weather|none
|upkeep
|
|t:|1776320613
|switch|p1a: Kyurem|Kyurem|100/100
|-ability|p1a: Kyurem|Pressure
|turn|10
|
|t:|1776320619
|move|p2a: Cetitan|Ice Shard|p1a: Kyurem
|-damage|p1a: Kyurem|36/100
|move|p1a: Kyurem|Dragon Tail|p2a: Cetitan
|-damage|p2a: Cetitan|22/100
|drag|p2a: Dragapult|Dragapult, F|40/100
|
|upkeep
|turn|11
|
|t:|1776320631
|move|p2a: Dragapult|Shadow Ball|p1a: Kyurem
|-damage|p1a: Kyurem|6/100
|move|p1a: Kyurem|Draco Meteor|p2a: Dragapult
|-supereffective|p2a: Dragapult
|-damage|p2a: Dragapult|0 fnt
|-unboost|p1a: Kyurem|spa|2
|faint|p2a: Dragapult
|
|upkeep
|
|t:|1776320640
|switch|p2a: Cetitan|Cetitan, F|22/100
|turn|12
|
|t:|1776320645
|move|p2a: Cetitan|Earthquake|p1a: Kyurem
|-damage|p1a: Kyurem|0 fnt
|faint|p1a: Kyurem
|
|-sideend|p2: Sharkerthantheteal|move: Aurora Veil
|upkeep
|
|t:|1776320651
|switch|p1a: Slowking|Slowking-Galar, F, shiny|100/100
|turn|13
|
|t:|1776320655
|move|p2a: Cetitan|Earthquake|p1a: Slowking
|-supereffective|p1a: Slowking
|-damage|p1a: Slowking|29/100
|move|p1a: Slowking|Toxic|p2a: Cetitan
|-status|p2a: Cetitan|tox
|
|-heal|p1a: Slowking|35/100|[from] item: Leftovers
|-damage|p2a: Cetitan|16/100 tox|[from] psn
|upkeep
|turn|14
|
|t:|1776320668
|switch|p1a: Meowscarada|Meowscarada, M, shiny|100/100
|move|p2a: Cetitan|Earthquake|p1a: Meowscarada
|-resisted|p1a: Meowscarada
|-damage|p1a: Meowscarada|77/100
|
|-damage|p2a: Cetitan|4/100 tox|[from] psn
|upkeep
|turn|15
|
|t:|1776320688
|-terastallize|p1a: Meowscarada|Fire
|move|p2a: Cetitan|Ice Shard|p1a: Meowscarada
|-resisted|p1a: Meowscarada
|-damage|p1a: Meowscarada|62/100
|move|p1a: Meowscarada|U-turn|p2a: Cetitan
|-damage|p2a: Cetitan|0 fnt
|faint|p2a: Cetitan
|
|t:|1776320697
|switch|p1a: Slowking|Slowking-Galar, F, shiny|68/100|[from] U-turn
|
|-heal|p1a: Slowking|74/100|[from] item: Leftovers
|upkeep
|
|t:|1776320702
|switch|p2a: Hariyama|Hariyama, F|100/100
|turn|16
|
|t:|1776320707
|-terastallize|p2a: Hariyama|Steel
|move|p2a: Hariyama|Belly Drum|p2a: Hariyama
|-damage|p2a: Hariyama|51/100
|-setboost|p2a: Hariyama|atk|6|[from] move: Belly Drum
|move|p1a: Slowking|Future Sight|p2a: Hariyama
|-start|p1a: Slowking|move: Future Sight
|
|-heal|p1a: Slowking|80/100|[from] item: Leftovers
|-status|p2a: Hariyama|brn|[from] item: Flame Orb
|upkeep
|turn|17
|
|t:|1776320736
|move|p2a: Hariyama|Drain Punch|p1a: Slowking
|-resisted|p1a: Slowking
|-damage|p1a: Slowking|13/100
|-heal|p2a: Hariyama|78/100 brn|[from] drain|[of] p1a: Slowking
|-prepare|p1a: Slowking|Chilly Reception|[premajor]
|move|p1a: Slowking|Chilly Reception|p1a: Slowking
|-weather|Snowscape
|
|t:|1776320746
|switch|p1a: Great Tusk|Great Tusk, shiny|100/100|[from] Chilly Reception
|-enditem|p1a: Great Tusk|Booster Energy
|-activate|p1a: Great Tusk|ability: Protosynthesis|[fromitem]
|-start|p1a: Great Tusk|protosynthesisatk
|
|-weather|Snowscape|[upkeep]
|-damage|p2a: Hariyama|72/100 brn|[from] brn
|upkeep
|turn|18
|inactive|123hotdog has 120 seconds left.
|
|t:|1776320766
|move|p2a: Hariyama|Bullet Punch|p1a: Great Tusk
|-damage|p1a: Great Tusk|0 fnt
|faint|p1a: Great Tusk
|-end|p1a: Great Tusk|Protosynthesis|[silent]
|
|-weather|Snowscape|[upkeep]
|-end|p2a: Hariyama|move: Future Sight
|-resisted|p2a: Hariyama
|-damage|p2a: Hariyama|50/100 brn
|-damage|p2a: Hariyama|44/100 brn|[from] brn
|upkeep
|
|t:|1776320775
|switch|p1a: Meowscarada|Meowscarada, M, shiny, tera:Fire|62/100
|turn|19
|inactive|123hotdog has 120 seconds left.
|
|t:|1776320781
|move|p2a: Hariyama|Bullet Punch|p1a: Meowscarada
|-resisted|p1a: Meowscarada
|-damage|p1a: Meowscarada|0 fnt
|faint|p1a: Meowscarada
|
|-weather|Snowscape|[upkeep]
|-damage|p2a: Hariyama|38/100 brn|[from] brn
|upkeep
|-message|123hotdog forfeited.
|
|win|Sharkerthantheteal
|raw|123hotdog's rating: 1204 &rarr; <strong>1175</strong><br />(-29 for losing)
|raw|Sharkerthantheteal's rating: 1145 &rarr; <strong>1174</strong><br />(+29 for winning)
|l|☆123hotdog
|player|p1|
|c|☆Sharkerthantheteal|gg
