|html|<div class="broadcast-blue"><strong>[Gen 9] OU is currently suspecting Tera Blast! For information on how to participate check out the <a href="https://www.smogon.com/tools/suspects/view/200">suspect thread</a>.</strong></div>
|j|☆thirstymob
|j|☆PepperLemons
|t:|1776071334
|gametype|singles
|player|p1|thirstymob|1|1264
|player|p2|PepperLemons|rocketgruntf|1260
|gen|9
|tier|[Gen 9] OU
|rated|
|rule|HP Percentage Mod: HP is shown in percentages
|rule|Endless Battle Clause: Forcing endless battles is banned
|rule|Species Clause: Limit one of each Pokémon
|rule|OHKO Clause: OHKO moves are banned
|rule|Evasion Items Clause: Evasion items are banned
|rule|Evasion Moves Clause: Evasion moves are banned
|rule|Evasion Abilities Clause: Evasion abilities are banned
|rule|Sleep Moves Clause: Sleep-inducing moves are banned
|clearpoke
|poke|p1|Torkoal, M|
|poke|p1|Walking Wake|
|poke|p1|Great Tusk|
|poke|p1|Raging Bolt|
|poke|p1|Iron Moth|
|poke|p1|Scream Tail|
|poke|p2|Ninetales-Alola, M|
|poke|p2|Kyurem|
|poke|p2|Sandslash-Alola, M|
|poke|p2|Avalugg-Hisui, F|
|poke|p2|Rotom-Frost|
|poke|p2|Moltres|
|teampreview
|inactive|Battle timer is ON: inactive players will automatically lose when time's up. (requested by thirstymob)
|inactive|PepperLemons has 120 seconds left.
|
|t:|1776071368
|teamsize|p1|6
|teamsize|p2|6
|start
|switch|p1a: Torkoal|Torkoal, M|100/100
|switch|p2a: Avalugg|Avalugg-Hisui, F|100/100
|-weather|SunnyDay|[from] ability: Drought|[of] p1a: Torkoal
|turn|1
|
|t:|1776071382
|move|p2a: Avalugg|Stealth Rock|p1a: Torkoal
|-sidestart|p1: thirstymob|move: Stealth Rock
|move|p1a: Torkoal|Lava Plume|p2a: Avalugg
|-damage|p2a: Avalugg|29/100
|
|-weather|SunnyDay|[upkeep]
|upkeep
|turn|2
|
|t:|1776071392
|switch|p2a: Ninetales|Ninetales-Alola, M, shiny|100/100
|-weather|Snowscape|[from] ability: Snow Warning|[of] p2a: Ninetales
|move|p1a: Torkoal|Lava Plume|p2a: Ninetales
|-supereffective|p2a: Ninetales
|-damage|p2a: Ninetales|61/100
|
|-weather|Snowscape|[upkeep]
|upkeep
|turn|3
|
|t:|1776071414
|move|p2a: Ninetales|Aurora Veil|p2a: Ninetales
|-sidestart|p2: PepperLemons|move: Aurora Veil
|move|p1a: Torkoal|Lava Plume|p2a: Ninetales
|-supereffective|p2a: Ninetales
|-damage|p2a: Ninetales|39/100
|-status|p2a: Ninetales|brn
|
|-weather|Snowscape|[upkeep]
|-damage|p2a: Ninetales|32/100 brn|[from] brn
|upkeep
|turn|4
|
|t:|1776071430
|switch|p2a: Kyurem|Kyurem, shiny|100/100
|-ability|p2a: Kyurem|Pressure
|move|p1a: Torkoal|Rapid Spin|p2a: Kyurem
|-damage|p2a: Kyurem|98/100
|-boost|p1a: Torkoal|spe|1
|-sideend|p1: thirstymob|Stealth Rock|[from] move: Rapid Spin|[of] p1a: Torkoal
|
|-weather|Snowscape|[upkeep]
|upkeep
|turn|5
|
|t:|1776071443
|move|p2a: Kyurem|Earth Power|p1a: Torkoal
|-supereffective|p1a: Torkoal
|-damage|p1a: Torkoal|14/100
|move|p1a: Torkoal|Stealth Rock|p2a: Kyurem
|-sidestart|p2: PepperLemons|move: Stealth Rock
|
|-weather|Snowscape|[upkeep]
|upkeep
|turn|6
|
|t:|1776071451
|move|p2a: Kyurem|Earth Power|p1a: Torkoal
|-supereffective|p1a: Torkoal
|-damage|p1a: Torkoal|0 fnt
|faint|p1a: Torkoal
|
|-weather|Snowscape|[upkeep]
|upkeep
|
|t:|1776071457
|switch|p1a: Scream Tail|Scream Tail|100/100
|turn|7
|
|t:|1776071475
|switch|p2a: Sandslash|Sandslash-Alola, M, shiny|100/100
|-damage|p2a: Sandslash|88/100|[from] Stealth Rock
|move|p1a: Scream Tail|Calm Mind|p1a: Scream Tail
|-boost|p1a: Scream Tail|spa|1
|-boost|p1a: Scream Tail|spd|1
|
|-weather|Snowscape|[upkeep]
|-sideend|p2: PepperLemons|move: Aurora Veil
|upkeep
|turn|8
|
|t:|1776071486
|-terastallize|p1a: Scream Tail|Steel
|move|p2a: Sandslash|Iron Head|p1a: Scream Tail
|-resisted|p1a: Scream Tail
|-damage|p1a: Scream Tail|84/100
|-damage|p2a: Sandslash|78/100|[from] item: Life Orb
|move|p1a: Scream Tail|Calm Mind|p1a: Scream Tail
|-boost|p1a: Scream Tail|spa|1
|-boost|p1a: Scream Tail|spd|1
|
|-weather|Snowscape|[upkeep]
|-heal|p1a: Scream Tail|90/100|[from] item: Leftovers
|upkeep
|turn|9
|
|t:|1776071499
|move|p2a: Sandslash|Earthquake|p1a: Scream Tail
|-supereffective|p1a: Scream Tail
|-damage|p1a: Scream Tail|28/100
|-damage|p2a: Sandslash|68/100|[from] item: Life Orb
|move|p1a: Scream Tail|Calm Mind|p1a: Scream Tail
|-boost|p1a: Scream Tail|spa|1
|-boost|p1a: Scream Tail|spd|1
|
|-weather|none
|-heal|p1a: Scream Tail|34/100|[from] item: Leftovers
|upkeep
|turn|10
|
|t:|1776071515
|switch|p2a: Ninetales|Ninetales-Alola, M, shiny|32/100 brn
|-damage|p2a: Ninetales|7/100 brn|[from] Stealth Rock
|-weather|Snowscape|[from] ability: Snow Warning|[of] p2a: Ninetales
|move|p1a: Scream Tail|Dazzling Gleam|p2a: Ninetales
|-damage|p2a: Ninetales|0 fnt
|faint|p2a: Ninetales
|
|-weather|Snowscape|[upkeep]
|-heal|p1a: Scream Tail|40/100|[from] item: Leftovers
|upkeep
|
|t:|1776071520
|switch|p2a: Sandslash|Sandslash-Alola, M, shiny|68/100
|-damage|p2a: Sandslash|56/100|[from] Stealth Rock
|turn|11
|
|t:|1776071537
|move|p2a: Sandslash|Earthquake|p1a: Scream Tail
|-supereffective|p1a: Scream Tail
|-damage|p1a: Scream Tail|0 fnt
|faint|p1a: Scream Tail
|-end|p1a: Scream Tail|Protosynthesis|[silent]
|-damage|p2a: Sandslash|46/100|[from] item: Life Orb
|
|-weather|Snowscape|[upkeep]
|upkeep
|
|t:|1776071548
|switch|p1a: Iron Moth|Iron Moth|100/100
|-enditem|p1a: Iron Moth|Booster Energy
|-activate|p1a: Iron Moth|ability: Quark Drive|[fromitem]
|-start|p1a: Iron Moth|quarkdrivespa
|turn|12
|
|t:|1776071555
|move|p2a: Sandslash|Earthquake|p1a: Iron Moth
|-supereffective|p1a: Iron Moth
|-damage|p1a: Iron Moth|0 fnt
|faint|p1a: Iron Moth
|-end|p1a: Iron Moth|Quark Drive|[silent]
|-damage|p2a: Sandslash|36/100|[from] item: Life Orb
|
|-weather|Snowscape|[upkeep]
|upkeep
|
|t:|1776071563
|switch|p1a: Great Tusk|Great Tusk|100/100
|turn|13
|
|t:|1776071570
|move|p2a: Sandslash|Icicle Crash|p1a: Great Tusk
|-supereffective|p1a: Great Tusk
|-damage|p1a: Great Tusk|28/100
|-damage|p2a: Sandslash|26/100|[from] item: Life Orb
|move|p1a: Great Tusk|Temper Flare|p2a: Sandslash
|-supereffective|p2a: Sandslash
|-damage|p2a: Sandslash|0 fnt
|faint|p2a: Sandslash
|
|-weather|Snowscape|[upkeep]
|upkeep
|
|t:|1776071588
|switch|p2a: Kyurem|Kyurem, shiny|98/100
|-damage|p2a: Kyurem|73/100|[from] Stealth Rock
|-ability|p2a: Kyurem|Pressure
|turn|14
|
|t:|1776071594
|move|p2a: Kyurem|Blizzard|p1a: Great Tusk
|-supereffective|p1a: Great Tusk
|-damage|p1a: Great Tusk|0 fnt
|faint|p1a: Great Tusk
|-end|p1a: Great Tusk|Protosynthesis|[silent]
|
|-weather|Snowscape|[upkeep]
|upkeep
|
|t:|1776071601
|switch|p1a: Walking Wake|Walking Wake|100/100
|turn|15
|
|t:|1776071618
|switch|p2a: Avalugg|Avalugg-Hisui, F|29/100
|-damage|p2a: Avalugg|5/100|[from] Stealth Rock
|move|p1a: Walking Wake|Draco Meteor|p2a: Avalugg
|-damage|p2a: Avalugg|0 fnt
|-unboost|p1a: Walking Wake|spa|2
|faint|p2a: Avalugg
|
|-weather|Snowscape|[upkeep]
|upkeep
|
|t:|1776071631
|switch|p2a: Rotom|Rotom-Frost|100/100
|-damage|p2a: Rotom|76/100|[from] Stealth Rock
|turn|16
|
|t:|1776071642
|-end|p1a: Walking Wake|Protosynthesis|[silent]
|switch|p1a: Raging Bolt|Raging Bolt|100/100
|move|p2a: Rotom|Volt Switch|p1a: Raging Bolt
|-resisted|p1a: Raging Bolt
|-damage|p1a: Raging Bolt|94/100
|
|t:|1776071647
|switch|p2a: Kyurem|Kyurem, shiny|73/100|[from] Volt Switch
|-damage|p2a: Kyurem|48/100|[from] Stealth Rock
|-ability|p2a: Kyurem|Pressure
|
|-weather|Snowscape|[upkeep]
|-heal|p1a: Raging Bolt|99/100|[from] item: Leftovers
|upkeep
|turn|17
|
|t:|1776071662
|move|p2a: Kyurem|Draco Meteor|p1a: Raging Bolt
|-supereffective|p1a: Raging Bolt
|-damage|p1a: Raging Bolt|0 fnt
|-unboost|p2a: Kyurem|spa|2
|faint|p1a: Raging Bolt
|-end|p1a: Raging Bolt|Protosynthesis|[silent]
|
|-weather|none
|upkeep
|
|t:|1776071670
|switch|p1a: Walking Wake|Walking Wake|100/100
|turn|18
|
|t:|1776071676
|switch|p2a: Moltres|Moltres|100/100
|move|p1a: Walking Wake|Hydro Steam|p2a: Moltres
|-supereffective|p2a: Moltres
|-damage|p2a: Moltres|0 fnt
|faint|p2a: Moltres
|
|upkeep
|
|t:|1776071683
|switch|p2a: Rotom|Rotom-Frost|76/100
|-damage|p2a: Rotom|51/100|[from] Stealth Rock
|turn|19
|
|t:|1776071689
|move|p2a: Rotom|Trick|p1a: Walking Wake
|-activate|p2a: Rotom|move: Trick|[of] p1a: Walking Wake
|-item|p1a: Walking Wake|Choice Scarf|[from] move: Trick
|-item|p2a: Rotom|Choice Specs|[from] move: Trick
|move|p1a: Walking Wake|Hydro Steam|p2a: Rotom
|-damage|p2a: Rotom|0 fnt
|faint|p2a: Rotom
|
|upkeep
|
|t:|1776071692
|switch|p2a: Kyurem|Kyurem, shiny|48/100
|-damage|p2a: Kyurem|23/100|[from] Stealth Rock
|-ability|p2a: Kyurem|Pressure
|turn|20
|
|t:|1776071703
|-terastallize|p2a: Kyurem|Dragon
|move|p1a: Walking Wake|Hydro Steam|p2a: Kyurem
|-resisted|p2a: Kyurem
|-damage|p2a: Kyurem|5/100
|move|p2a: Kyurem|Draco Meteor|p1a: Walking Wake
|-supereffective|p1a: Walking Wake
|-damage|p1a: Walking Wake|0 fnt
|-unboost|p2a: Kyurem|spa|2
|faint|p1a: Walking Wake
|-end|p1a: Walking Wake|Protosynthesis|[silent]
|
|win|PepperLemons
|raw|thirstymob's rating: 1264 &rarr; <strong>1239</strong><br />(-25 for losing)
|raw|PepperLemons's rating: 1260 &rarr; <strong>1285</strong><br />(+25 for winning)
|l|☆PepperLemons
|player|p2|
|l|☆thirstymob
|player|p1|
