|html|<div class="broadcast-blue"><strong>[Gen 9] OU is currently suspecting Tera Blast! For information on how to participate check out the <a href="https://www.smogon.com/tools/suspects/view/200">suspect thread</a>.</strong></div>
|j|☆eserraba
|j|‽Artist70
|t:|1776111084
|gametype|singles
|player|p1|eserraba|169|1112
|player|p2|Artist70|1|1123
|gen|9
|tier|[Gen 9] OU
|rated|
|rule|HP Percentage Mod: HP is shown in percentages
|rule|Endless Battle Clause: Forcing endless battles is banned
|rule|Species Clause: Limit one of each Pokémon
|rule|OHKO Clause: OHKO moves are banned
|rule|Evasion Items Clause: Evasion items are banned
|rule|Evasion Moves Clause: Evasion moves are banned
|rule|Evasion Abilities Clause: Evasion abilities are banned
|rule|Sleep Moves Clause: Sleep-inducing moves are banned
|clearpoke
|poke|p1|Masquerain, F|
|poke|p1|Eelektross, F|
|poke|p1|Shiftry, F|
|poke|p1|Volbeat, M|
|poke|p1|Seviper, M|
|poke|p1|Golduck, M|
|poke|p2|Krookodile, M|
|poke|p2|Venusaur, M|
|poke|p2|Arcanine-Hisui, F|
|poke|p2|Swampert, M|
|poke|p2|Mimikyu, M|
|poke|p2|Haxorus, F|
|teampreview
|inactive|Battle timer is ON: inactive players will automatically lose when time's up. (requested by eserraba)
|
|t:|1776111093
|teamsize|p1|6
|teamsize|p2|6
|start
|switch|p1a: Shiftry|Shiftry, F|100/100
|switch|p2a: Krookodile|Krookodile, M|100/100
|turn|1
|
|t:|1776111100
|-terastallize|p2a: Krookodile|Fairy
|move|p2a: Krookodile|Close Combat|p1a: Shiftry
|-supereffective|p1a: Shiftry
|-enditem|p1a: Shiftry|Focus Sash
|-damage|p1a: Shiftry|1/100
|-unboost|p2a: Krookodile|def|1
|-unboost|p2a: Krookodile|spd|1
|move|p1a: Shiftry|Leaf Blade|p2a: Krookodile
|-damage|p2a: Krookodile|32/100
|
|upkeep
|turn|2
|
|t:|1776111110
|move|p1a: Shiftry|Sucker Punch|p2a: Krookodile
|-resisted|p2a: Krookodile
|-damage|p2a: Krookodile|1/100
|move|p2a: Krookodile|Scale Shot|p1a: Shiftry
|-damage|p1a: Shiftry|0 fnt
|faint|p1a: Shiftry
|-ability|p2a: Krookodile|Moxie|boost
|-boost|p2a: Krookodile|atk|1
|-hitcount|p1: Shiftry|1
|-unboost|p2a: Krookodile|def|1
|-boost|p2a: Krookodile|spe|1
|
|upkeep
|
|t:|1776111121
|switch|p1a: Golduck|Golduck, M|100/100
|-ability|p1a: Golduck|Cloud Nine
|turn|3
|
|t:|1776111133
|move|p1a: Golduck|Vacuum Wave|p2a: Krookodile
|-resisted|p2a: Krookodile
|-damage|p2a: Krookodile|0 fnt
|faint|p2a: Krookodile
|
|upkeep
|
|t:|1776111148
|switch|p2a: Arcanine|Arcanine-Hisui, F|100/100
|turn|4
|
|t:|1776111160
|-terastallize|p1a: Golduck|Grass
|move|p2a: Arcanine|Wild Charge|p1a: Golduck
|-resisted|p1a: Golduck
|-damage|p1a: Golduck|72/100
|move|p1a: Golduck|Surf|p2a: Arcanine
|-supereffective|p2a: Arcanine
|-damage|p2a: Arcanine|0 fnt
|faint|p2a: Arcanine
|
|upkeep
|
|t:|1776111171
|switch|p2a: Haxorus|Haxorus, F, shiny|100/100
|-ability|p2a: Haxorus|Mold Breaker
|turn|5
|
|t:|1776111180
|switch|p1a: Volbeat|Volbeat, M|100/100
|move|p2a: Haxorus|Poison Jab|p1a: Volbeat
|-damage|p1a: Volbeat|73/100
|-enditem|p1a: Volbeat|Red Card|[of] p2a: Haxorus
|drag|p2a: Swampert|Swampert, M, shiny|100/100
|
|upkeep
|turn|6
|
|t:|1776111193
|move|p1a: Volbeat|Light Screen|p1a: Volbeat
|-sidestart|p1: eserraba|move: Light Screen
|move|p2a: Swampert|Ice Punch|p1a: Volbeat
|-damage|p1a: Volbeat|52/100
|
|upkeep
|turn|7
|
|t:|1776111199
|move|p1a: Volbeat|Tailwind|p1a: Volbeat
|-sidestart|p1: eserraba|move: Tailwind
|move|p2a: Swampert|Ice Punch|p1a: Volbeat
|-damage|p1a: Volbeat|30/100
|
|upkeep
|turn|8
|
|t:|1776111208
|move|p2a: Swampert|Ice Punch|p1a: Volbeat
|-damage|p1a: Volbeat|11/100
|move|p1a: Volbeat|Counter|p2a: Swampert
|-damage|p2a: Swampert|62/100
|
|upkeep
|turn|9
|
|t:|1776111217
|switch|p1a: Eelektross|Eelektross, F|100/100
|move|p2a: Swampert|Ice Punch|p1a: Eelektross
|-damage|p1a: Eelektross|75/100
|
|upkeep
|turn|10
|
|t:|1776111224
|move|p2a: Swampert|Ice Punch|p1a: Eelektross
|-damage|p1a: Eelektross|51/100
|move|p1a: Eelektross|Knock Off|p2a: Swampert
|-damage|p2a: Swampert|25/100
|-enditem|p2a: Swampert|Choice Scarf|[from] move: Knock Off|[of] p1a: Eelektross
|
|-sideend|p1: eserraba|move: Light Screen
|-sideend|p1: eserraba|move: Tailwind
|upkeep
|turn|11
|
|t:|1776111235
|move|p2a: Swampert|Hammer Arm|p1a: Eelektross
|-damage|p1a: Eelektross|14/100
|-unboost|p2a: Swampert|spe|1
|move|p1a: Eelektross|Drain Punch|p2a: Swampert
|-crit|p2a: Swampert
|-damage|p2a: Swampert|0 fnt
|-heal|p1a: Eelektross|25/100|[from] drain|[of] p2a: Swampert
|faint|p2a: Swampert
|
|upkeep
|
|t:|1776111241
|switch|p2a: Haxorus|Haxorus, F, shiny|100/100
|-ability|p2a: Haxorus|Mold Breaker
|turn|12
|
|t:|1776111248
|move|p2a: Haxorus|Scale Shot|p1a: Eelektross
|-damage|p1a: Eelektross|10/100
|-damage|p1a: Eelektross|0 fnt
|faint|p1a: Eelektross
|-hitcount|p1: Eelektross|2
|-unboost|p2a: Haxorus|def|1
|-boost|p2a: Haxorus|spe|1
|
|upkeep
|
|t:|1776111264
|switch|p1a: Masquerain|Masquerain, F|100/100
|-ability|p1a: Masquerain|Intimidate|boost
|-unboost|p2a: Haxorus|atk|1
|turn|13
|
|t:|1776111283
|switch|p1a: Golduck|Golduck, M, tera:Grass|72/100
|-ability|p1a: Golduck|Cloud Nine
|move|p2a: Haxorus|Swords Dance|p2a: Haxorus
|-boost|p2a: Haxorus|atk|2
|
|upkeep
|turn|14
|
|t:|1776111294
|move|p1a: Golduck|Vacuum Wave|p2a: Haxorus
|-damage|p2a: Haxorus|82/100
|move|p2a: Haxorus|Poison Jab|p1a: Golduck
|-supereffective|p1a: Golduck
|-damage|p1a: Golduck|0 fnt
|faint|p1a: Golduck
|
|upkeep
|
|t:|1776111300
|switch|p1a: Volbeat|Volbeat, M|11/100
|turn|15
|
|t:|1776111304
|move|p1a: Volbeat|Encore|p2a: Haxorus
|-start|p2a: Haxorus|Encore
|move|p2a: Haxorus|Poison Jab|p1a: Volbeat
|-damage|p1a: Volbeat|0 fnt
|faint|p1a: Volbeat
|
|upkeep
|
|t:|1776111311
|switch|p1a: Seviper|Seviper, M|100/100
|turn|16
|
|t:|1776111314
|move|p2a: Haxorus|Poison Jab|p1a: Seviper
|-resisted|p1a: Seviper
|-damage|p1a: Seviper|57/100
|move|p1a: Seviper|Poison Jab|p2a: Haxorus
|-damage|p2a: Haxorus|13/100
|
|upkeep
|turn|17
|
|t:|1776111321
|move|p2a: Haxorus|Poison Jab|p1a: Seviper
|-resisted|p1a: Seviper
|-damage|p1a: Seviper|17/100
|move|p1a: Seviper|Poison Jab|p2a: Haxorus
|-crit|p2a: Haxorus
|-damage|p2a: Haxorus|0 fnt
|faint|p2a: Haxorus
|
|upkeep
|
|t:|1776111326
|switch|p2a: Mimikyu|Mimikyu, M, shiny|100/100
|turn|18
|
|t:|1776111332
|move|p1a: Seviper|Poison Jab|p2a: Mimikyu
|-activate|p2a: Mimikyu|ability: Disguise
|-damage|p2a: Mimikyu|100/100
|-status|p2a: Mimikyu|psn
|detailschange|p2a: Mimikyu|Mimikyu-Busted, M, shiny
|-damage|p2a: Mimikyu|88/100 psn|[from] pokemon: Mimikyu-Busted
|move|p2a: Mimikyu|Swords Dance|p2a: Mimikyu
|-boost|p2a: Mimikyu|atk|2
|
|-damage|p2a: Mimikyu|76/100 psn|[from] psn
|upkeep
|turn|19
|
|t:|1776111348
|move|p1a: Seviper|Poison Jab|p2a: Mimikyu
|-damage|p2a: Mimikyu|16/100 psn
|move|p2a: Mimikyu|Shadow Claw|p1a: Seviper
|-damage|p1a: Seviper|0 fnt
|faint|p1a: Seviper
|
|-damage|p2a: Mimikyu|4/100 psn|[from] psn
|upkeep
|
|t:|1776111356
|switch|p1a: Masquerain|Masquerain, F|100/100
|-ability|p1a: Masquerain|Intimidate|boost
|-unboost|p2a: Mimikyu|atk|1
|turn|20
|
|t:|1776111371
|move|p2a: Mimikyu|Shadow Claw|p1a: Masquerain
|-crit|p1a: Masquerain
|-damage|p1a: Masquerain|0 fnt
|faint|p1a: Masquerain
|
|win|Artist70
|raw|eserraba's rating: 1112 &rarr; <strong>1088</strong><br />(-24 for losing)
|raw|Artist70's rating: 1123 &rarr; <strong>1147</strong><br />(+24 for winning)
|c|☆eserraba|ofc crits!!!!!!
|l|☆eserraba
|player|p1|
|l|‽Artist70
|player|p2|
