|html|<div class="broadcast-blue"><strong>[Gen 9] OU is currently suspecting Tera Blast! For information on how to participate check out the <a href="https://www.smogon.com/tools/suspects/view/200">suspect thread</a>.</strong></div>
|j|☆bbruvakylee
|j|☆LilRP99
|t:|1776034489
|gametype|singles
|player|p1|bbruvakylee|flint|1136
|player|p2|LilRP99|hilbert-wonderlauncher|1091
|gen|9
|tier|[Gen 9] OU
|rated|
|rule|HP Percentage Mod: HP is shown in percentages
|rule|Endless Battle Clause: Forcing endless battles is banned
|rule|Species Clause: Limit one of each Pokémon
|rule|OHKO Clause: OHKO moves are banned
|rule|Evasion Items Clause: Evasion items are banned
|rule|Evasion Moves Clause: Evasion moves are banned
|rule|Evasion Abilities Clause: Evasion abilities are banned
|rule|Sleep Moves Clause: Sleep-inducing moves are banned
|clearpoke
|poke|p1|Sceptile, F|
|poke|p1|Blaziken, M|
|poke|p1|Swampert, M|
|poke|p1|Darkrai|
|poke|p1|Weezing-Galar, F|
|poke|p1|Iron Valiant|
|poke|p2|Sceptile, M|
|poke|p2|Salamence, M|
|poke|p2|Tyranitar, M|
|poke|p2|Raichu-Alola, F|
|poke|p2|Blaziken, F|
|poke|p2|Greninja-*, M|
|teampreview
|inactive|Battle timer is ON: inactive players will automatically lose when time's up. (requested by LilRP99)
|
|t:|1776034502
|teamsize|p1|6
|teamsize|p2|6
|start
|switch|p1a: The Gecko|Sceptile, F|100/100
|switch|p2a: Sceptile|Sceptile, M, shiny|100/100
|turn|1
|
|t:|1776034510
|move|p2a: Sceptile|Dragon Dance|p2a: Sceptile
|-boost|p2a: Sceptile|atk|1
|-boost|p2a: Sceptile|spe|1
|move|p1a: The Gecko|Swords Dance|p1a: The Gecko
|-boost|p1a: The Gecko|atk|2
|
|upkeep
|turn|2
|
|t:|1776034524
|-terastallize|p1a: The Gecko|Flying
|move|p2a: Sceptile|Dragon Dance|p2a: Sceptile
|-boost|p2a: Sceptile|atk|1
|-boost|p2a: Sceptile|spe|1
|move|p1a: The Gecko|Acrobatics|p2a: Sceptile
|-supereffective|p2a: Sceptile
|-damage|p2a: Sceptile|0 fnt
|faint|p2a: Sceptile
|
|upkeep
|
|t:|1776034535
|switch|p2a: Tyranitar|Tyranitar, M|100/100
|-weather|Sandstorm|[from] ability: Sand Stream|[of] p2a: Tyranitar
|turn|3
|
|t:|1776034543
|move|p1a: The Gecko|Leaf Blade|p2a: Tyranitar
|-supereffective|p2a: Tyranitar
|-damage|p2a: Tyranitar|0 fnt
|faint|p2a: Tyranitar
|
|-weather|Sandstorm|[upkeep]
|-damage|p1a: The Gecko|94/100|[from] Sandstorm
|upkeep
|
|t:|1776034551
|switch|p2a: Salamence|Salamence, M|100/100
|-ability|p2a: Salamence|Intimidate|boost
|-unboost|p1a: The Gecko|atk|1
|turn|4
|
|t:|1776034570
|move|p1a: The Gecko|Acrobatics|p2a: Salamence
|-damage|p2a: Salamence|51/100
|move|p2a: Salamence|Dragon Dance|p2a: Salamence
|-boost|p2a: Salamence|atk|1
|-boost|p2a: Salamence|spe|1
|
|-weather|Sandstorm|[upkeep]
|-damage|p2a: Salamence|45/100|[from] Sandstorm
|-damage|p1a: The Gecko|88/100|[from] Sandstorm
|upkeep
|turn|5
|
|t:|1776034583
|move|p2a: Salamence|Dragon Claw|p1a: The Gecko
|-damage|p1a: The Gecko|0 fnt
|faint|p1a: The Gecko
|
|-weather|Sandstorm|[upkeep]
|-damage|p2a: Salamence|39/100|[from] Sandstorm
|upkeep
|
|t:|1776034591
|switch|p1a: Weezing|Weezing-Galar, F|100/100
|-ability|p1a: Weezing|Neutralizing Gas
|turn|6
|
|t:|1776034604
|move|p2a: Salamence|Iron Head|p1a: Weezing
|-supereffective|p1a: Weezing
|-damage|p1a: Weezing|43/100
|move|p1a: Weezing|Will-O-Wisp|p2a: Salamence
|-status|p2a: Salamence|brn
|
|-weather|Sandstorm|[upkeep]
|-damage|p2a: Salamence|33/100 brn|[from] Sandstorm
|-damage|p1a: Weezing|37/100|[from] Sandstorm
|-heal|p1a: Weezing|43/100|[from] item: Black Sludge
|-damage|p2a: Salamence|27/100 brn|[from] brn
|upkeep
|turn|7
|
|t:|1776034616
|move|p2a: Salamence|Iron Head|p1a: Weezing
|-supereffective|p1a: Weezing
|-damage|p1a: Weezing|12/100
|move|p1a: Weezing|Clear Smog|p2a: Salamence
|-damage|p2a: Salamence|9/100 brn
|-clearboost|p2a: Salamence
|
|-weather|none
|-heal|p1a: Weezing|18/100|[from] item: Black Sludge
|-damage|p2a: Salamence|3/100 brn|[from] brn
|upkeep
|turn|8
|
|t:|1776034631
|move|p2a: Salamence|Iron Head|p1a: Weezing
|-supereffective|p1a: Weezing
|-damage|p1a: Weezing|0 fnt
|faint|p1a: Weezing
|-end|p1a: Weezing|ability: Neutralizing Gas
|
|-damage|p2a: Salamence|0 fnt|[from] brn
|faint|p2a: Salamence
|upkeep
|
|t:|1776034644
|switch|p2a: Raichu|Raichu-Alola, F|100/100
|switch|p1a: Sanders|Blaziken, M|100/100
|turn|9
|
|t:|1776034654
|move|p2a: Raichu|Nasty Plot|p2a: Raichu
|-boost|p2a: Raichu|spa|2
|move|p1a: Sanders|Swords Dance|p1a: Sanders
|-boost|p1a: Sanders|atk|2
|
|-ability|p1a: Sanders|Speed Boost|boost
|-boost|p1a: Sanders|spe|1
|upkeep
|turn|10
|
|t:|1776034668
|move|p1a: Sanders|Fire Punch|p2a: Raichu
|-damage|p2a: Raichu|0 fnt
|faint|p2a: Raichu
|
|-ability|p1a: Sanders|Speed Boost|boost
|-boost|p1a: Sanders|spe|1
|upkeep
|
|t:|1776034678
|switch|p2a: Greninja|Greninja, M|100/100
|turn|11
|
|t:|1776034691
|move|p1a: Sanders|Close Combat|p2a: Greninja
|-supereffective|p2a: Greninja
|-damage|p2a: Greninja|0 fnt
|-unboost|p1a: Sanders|def|1
|-unboost|p1a: Sanders|spd|1
|faint|p2a: Greninja
|
|-ability|p1a: Sanders|Speed Boost|boost
|-boost|p1a: Sanders|spe|1
|upkeep
|
|t:|1776034700
|switch|p2a: Blaziken|Blaziken, F, shiny|100/100
|-item|p2a: Blaziken|Air Balloon
|turn|12
|
|t:|1776034713
|-terastallize|p2a: Blaziken|Ghost
|move|p1a: Sanders|Close Combat|p2a: Blaziken
|-immune|p2a: Blaziken
|move|p2a: Blaziken|Close Combat|p1a: Sanders
|-enditem|p1a: Sanders|Focus Sash
|-damage|p1a: Sanders|1/100
|-unboost|p2a: Blaziken|def|1
|-unboost|p2a: Blaziken|spd|1
|
|-ability|p1a: Sanders|Speed Boost|boost
|-boost|p1a: Sanders|spe|1
|-ability|p2a: Blaziken|Speed Boost|boost
|-boost|p2a: Blaziken|spe|1
|upkeep
|turn|13
|
|t:|1776034729
|move|p1a: Sanders|Fire Punch|p2a: Blaziken
|-damage|p2a: Blaziken|0 fnt
|-enditem|p2a: Blaziken|Air Balloon
|faint|p2a: Blaziken
|
|win|bbruvakylee
|raw|bbruvakylee's rating: 1136 &rarr; <strong>1158</strong><br />(+22 for winning)
|raw|LilRP99's rating: 1091 &rarr; <strong>1070</strong><br />(-21 for losing)
|l|☆LilRP99
|player|p2|
|l|☆bbruvakylee
|player|p1|
