|html|<div class="broadcast-blue"><strong>[Gen 9] OU is currently suspecting Tera Blast! For information on how to participate check out the <a href="https://www.smogon.com/tools/suspects/view/200">suspect thread</a>.</strong></div>
|j|☆yesterdaymister
|j|☆Blastoise_Choice
|t:|1776081503
|gametype|singles
|player|p1|yesterdaymister|blackbelt|1735
|player|p2|Blastoise_Choice|benga|1670
|gen|9
|tier|[Gen 9] OU
|rated|
|rule|HP Percentage Mod: HP is shown in percentages
|rule|Endless Battle Clause: Forcing endless battles is banned
|rule|Species Clause: Limit one of each Pokémon
|rule|OHKO Clause: OHKO moves are banned
|rule|Evasion Items Clause: Evasion items are banned
|rule|Evasion Moves Clause: Evasion moves are banned
|rule|Evasion Abilities Clause: Evasion abilities are banned
|rule|Sleep Moves Clause: Sleep-inducing moves are banned
|clearpoke
|poke|p1|Ninetales, M|
|poke|p1|Ceruledge, M|
|poke|p1|Venusaur, M|
|poke|p1|Hatterene, F|
|poke|p1|Great Tusk|
|poke|p1|Walking Wake|
|poke|p2|Garganacl, M|
|poke|p2|Darkrai|
|poke|p2|Great Tusk|
|poke|p2|Hatterene, F|
|poke|p2|Tornadus-Therian, M|
|poke|p2|Dragonite, M|
|teampreview
|inactive|Battle timer is ON: inactive players will automatically lose when time's up. (requested by yesterdaymister)
|c|☆Blastoise_Choice|hf
|inactive|Blastoise_Choice also wants the timer to be on.
|inactive|yesterdaymister has 120 seconds left.
|inactive|yesterdaymister has 90 seconds left.
|
|t:|1776081592
|teamsize|p1|6
|teamsize|p2|6
|start
|switch|p1a: arda guler|Ninetales, M|100/100
|switch|p2a: Darkrai|Darkrai|100/100
|-weather|SunnyDay|[from] ability: Drought|[of] p1a: arda guler
|turn|1
|inactive|yesterdaymister has 120 seconds left.
|
|t:|1776081628
|switch|p1a: maccabi|Hatterene, F|100/100
|move|p2a: Darkrai|Dark Pulse|p1a: maccabi
|-damage|p1a: maccabi|43/100
|-enditem|p1a: maccabi|Eject Button
|inactive|yesterdaymister has 90 seconds left.
|
|t:|1776081644
|switch|p1a: hans vanaken|Venusaur, M|100/100
|
|-weather|SunnyDay|[upkeep]
|upkeep
|turn|2
|
|t:|1776081650
|move|p1a: hans vanaken|Growth|p1a: hans vanaken
|-boost|p1a: hans vanaken|atk|2
|-boost|p1a: hans vanaken|spa|2
|move|p2a: Darkrai|Dark Pulse|p1a: hans vanaken
|-damage|p1a: hans vanaken|33/100
|
|-weather|SunnyDay|[upkeep]
|upkeep
|turn|3
|inactive|yesterdaymister has 90 seconds left.
|
|t:|1776081672
|switch|p2a: Dragonite|Dragonite, M|100/100
|move|p1a: hans vanaken|Giga Drain|p2a: Dragonite
|-resisted|p2a: Dragonite
|-damage|p2a: Dragonite|90/100
|-heal|p1a: hans vanaken|39/100|[from] drain|[of] p2a: Dragonite
|-damage|p1a: hans vanaken|29/100|[from] item: Life Orb
|
|-weather|SunnyDay|[upkeep]
|upkeep
|turn|4
|
|t:|1776081679
|switch|p1a: mignolet|Great Tusk|100/100
|-activate|p1a: mignolet|ability: Protosynthesis
|-start|p1a: mignolet|protosynthesisspe
|move|p2a: Dragonite|Extreme Speed|p1a: mignolet
|-damage|p1a: mignolet|78/100
|-damage|p2a: Dragonite|73/100|[from] item: Rocky Helmet|[of] p1a: mignolet
|
|-weather|SunnyDay|[upkeep]
|upkeep
|turn|5
|
|t:|1776081687
|-end|p1a: mignolet|Protosynthesis|[silent]
|switch|p1a: lebron|Ceruledge, M|100/100
|move|p2a: Dragonite|Dragon Dance|p2a: Dragonite
|-boost|p2a: Dragonite|atk|1
|-boost|p2a: Dragonite|spe|1
|
|-weather|SunnyDay|[upkeep]
|upkeep
|turn|6
|
|t:|1776081693
|move|p2a: Dragonite|Earthquake|p1a: lebron
|-supereffective|p1a: lebron
|-enditem|p1a: lebron|Focus Sash
|-damage|p1a: lebron|1/100
|-ability|p1a: lebron|Weak Armor|boost
|-unboost|p1a: lebron|def|1
|-boost|p1a: lebron|spe|2
|move|p1a: lebron|Swords Dance|p1a: lebron
|-boost|p1a: lebron|atk|2
|
|-weather|SunnyDay|[upkeep]
|upkeep
|turn|7
|inactive|yesterdaymister has 120 seconds left.
|
|t:|1776081701
|switch|p2a: Garganacl|Garganacl, M|100/100
|move|p1a: lebron|Poltergeist|p2a: Garganacl
|-activate|p2a: Garganacl|move: Poltergeist|Leftovers
|-damage|p2a: Garganacl|62/100
|
|-weather|SunnyDay|[upkeep]
|-heal|p2a: Garganacl|69/100|[from] item: Leftovers
|upkeep
|turn|8
|
|t:|1776081708
|move|p2a: Garganacl|Protect|p2a: Garganacl
|-singleturn|p2a: Garganacl|Protect
|move|p1a: lebron|Bitter Blade|p2a: Garganacl
|-activate|p2a: Garganacl|move: Protect
|
|-weather|none
|-heal|p2a: Garganacl|75/100|[from] item: Leftovers
|upkeep
|turn|9
|
|t:|1776081714
|move|p1a: lebron|Bitter Blade|p2a: Garganacl
|-resisted|p2a: Garganacl
|-damage|p2a: Garganacl|42/100
|-heal|p1a: lebron|24/100|[from] drain|[of] p2a: Garganacl
|move|p2a: Garganacl|Recover|p2a: Garganacl
|-heal|p2a: Garganacl|92/100
|
|-heal|p2a: Garganacl|99/100|[from] item: Leftovers
|upkeep
|turn|10
|
|t:|1776081720
|switch|p1a: maccabi|Hatterene, F|43/100
|move|p2a: Garganacl|Stealth Rock|p1a: maccabi
|move|p1a: maccabi|Stealth Rock|p2a: Garganacl|[from] ability: Magic Bounce
|-sidestart|p2: Blastoise_Choice|move: Stealth Rock
|
|-heal|p2a: Garganacl|100/100|[from] item: Leftovers
|upkeep
|turn|11
|
|t:|1776081727
|move|p2a: Garganacl|Salt Cure|p1a: maccabi
|-damage|p1a: maccabi|31/100
|-start|p1a: maccabi|Salt Cure
|move|p1a: maccabi|Healing Wish|p1a: maccabi
|faint|p1a: maccabi
|
|upkeep
|
|t:|1776081734
|switch|p1a: hans vanaken|Venusaur, M|29/100
|-heal|p1a: hans vanaken|100/100|[from] move: Healing Wish
|turn|12
|
|t:|1776081742
|switch|p1a: arda guler|Ninetales, M|100/100
|-weather|SunnyDay|[from] ability: Drought|[of] p1a: arda guler
|move|p2a: Garganacl|Salt Cure|p1a: arda guler
|-supereffective|p1a: arda guler
|-damage|p1a: arda guler|69/100
|-start|p1a: arda guler|Salt Cure
|
|-weather|SunnyDay|[upkeep]
|-damage|p1a: arda guler|57/100|[from] Salt Cure
|upkeep
|turn|13
|
|t:|1776081750
|switch|p1a: hans vanaken|Venusaur, M|100/100
|move|p2a: Garganacl|Salt Cure|p1a: hans vanaken
|-damage|p1a: hans vanaken|82/100
|-start|p1a: hans vanaken|Salt Cure
|
|-weather|SunnyDay|[upkeep]
|-damage|p1a: hans vanaken|70/100|[from] Salt Cure
|upkeep
|turn|14
|
|t:|1776081756
|switch|p2a: Dragonite|Dragonite, M|73/100
|-damage|p2a: Dragonite|48/100|[from] Stealth Rock
|move|p1a: hans vanaken|Growth|p1a: hans vanaken
|-boost|p1a: hans vanaken|atk|2
|-boost|p1a: hans vanaken|spa|2
|
|-weather|SunnyDay|[upkeep]
|-damage|p1a: hans vanaken|58/100|[from] Salt Cure
|upkeep
|turn|15
|
|t:|1776081766
|switch|p1a: mignolet|Great Tusk|78/100
|-activate|p1a: mignolet|ability: Protosynthesis
|-start|p1a: mignolet|protosynthesisspe
|move|p2a: Dragonite|Extreme Speed|p1a: mignolet
|-damage|p1a: mignolet|56/100
|-damage|p2a: Dragonite|32/100|[from] item: Rocky Helmet|[of] p1a: mignolet
|
|-weather|SunnyDay|[upkeep]
|upkeep
|turn|16
|
|t:|1776081772
|move|p1a: mignolet|Ice Spinner|p2a: Dragonite
|-supereffective|p2a: Dragonite
|-damage|p2a: Dragonite|0 fnt
|faint|p2a: Dragonite
|
|-weather|SunnyDay|[upkeep]
|upkeep
|
|t:|1776081779
|switch|p2a: Great Tusk|Great Tusk|100/100
|-damage|p2a: Great Tusk|98/100|[from] Stealth Rock
|-activate|p2a: Great Tusk|ability: Protosynthesis
|-start|p2a: Great Tusk|protosynthesisatk
|turn|17
|
|t:|1776081785
|-end|p1a: mignolet|Protosynthesis|[silent]
|switch|p1a: lebron|Ceruledge, M|24/100
|move|p2a: Great Tusk|Rapid Spin|p1a: lebron
|-immune|p1a: lebron
|
|-weather|SunnyDay|[upkeep]
|upkeep
|turn|18
|
|t:|1776081790
|move|p2a: Great Tusk|Headlong Rush|p1a: lebron
|-supereffective|p1a: lebron
|-damage|p1a: lebron|0 fnt
|-unboost|p2a: Great Tusk|def|1
|-unboost|p2a: Great Tusk|spd|1
|faint|p1a: lebron
|
|-weather|SunnyDay|[upkeep]
|upkeep
|
|t:|1776081796
|switch|p1a: hans vanaken|Venusaur, M|58/100
|turn|19
|
|t:|1776081802
|-end|p2a: Great Tusk|Protosynthesis|[silent]
|switch|p2a: Tornadus|Tornadus-Therian, M, shiny|100/100
|-damage|p2a: Tornadus|76/100|[from] Stealth Rock
|move|p1a: hans vanaken|Giga Drain|p2a: Tornadus
|-resisted|p2a: Tornadus
|-damage|p2a: Tornadus|60/100
|-heal|p1a: hans vanaken|67/100|[from] drain|[of] p2a: Tornadus
|-damage|p1a: hans vanaken|57/100|[from] item: Life Orb
|
|-weather|none
|upkeep
|turn|20
|
|t:|1776081809
|switch|p1a: arda guler|Ninetales, M|57/100
|-weather|SunnyDay|[from] ability: Drought|[of] p1a: arda guler
|move|p2a: Tornadus|Bleakwind Storm|p1a: arda guler
|-damage|p1a: arda guler|21/100
|
|-weather|SunnyDay|[upkeep]
|upkeep
|turn|21
|
|t:|1776081815
|move|p2a: Tornadus|Knock Off|p1a: arda guler
|-damage|p1a: arda guler|0 fnt
|-enditem|p1a: arda guler|Heat Rock|[from] move: Knock Off|[of] p2a: Tornadus
|faint|p1a: arda guler
|
|-weather|SunnyDay|[upkeep]
|upkeep
|
|t:|1776081819
|switch|p1a: hans vanaken|Venusaur, M|57/100
|turn|22
|
|t:|1776081843
|-terastallize|p1a: hans vanaken|Fire
|move|p1a: hans vanaken|Growth|p1a: hans vanaken
|-boost|p1a: hans vanaken|atk|2
|-boost|p1a: hans vanaken|spa|2
|move|p2a: Tornadus|Bleakwind Storm|p1a: hans vanaken
|-damage|p1a: hans vanaken|14/100
|-unboost|p1a: hans vanaken|spe|1
|
|-weather|SunnyDay|[upkeep]
|upkeep
|turn|23
|
|t:|1776081850
|switch|p2a: Garganacl|Garganacl, M|100/100
|-damage|p2a: Garganacl|88/100|[from] Stealth Rock
|move|p1a: hans vanaken|Weather Ball|p2a: Garganacl
|-resisted|p2a: Garganacl
|-damage|p2a: Garganacl|31/100
|-damage|p1a: hans vanaken|4/100|[from] item: Life Orb
|
|-weather|SunnyDay|[upkeep]
|-heal|p2a: Garganacl|37/100|[from] item: Leftovers
|upkeep
|turn|24
|
|t:|1776081854
|move|p2a: Garganacl|Protect|p2a: Garganacl
|-singleturn|p2a: Garganacl|Protect
|move|p1a: hans vanaken|Giga Drain|p2a: Garganacl
|-activate|p2a: Garganacl|move: Protect
|
|-weather|SunnyDay|[upkeep]
|-heal|p2a: Garganacl|43/100|[from] item: Leftovers
|upkeep
|turn|25
|
|t:|1776081858
|move|p1a: hans vanaken|Giga Drain|p2a: Garganacl
|-supereffective|p2a: Garganacl
|-damage|p2a: Garganacl|0 fnt
|-heal|p1a: hans vanaken|33/100|[from] drain|[of] p2a: Garganacl
|faint|p2a: Garganacl
|-damage|p1a: hans vanaken|23/100|[from] item: Life Orb
|
|-weather|SunnyDay|[upkeep]
|upkeep
|
|t:|1776081861
|switch|p2a: Darkrai|Darkrai|100/100
|-damage|p2a: Darkrai|88/100|[from] Stealth Rock
|turn|26
|
|t:|1776081870
|switch|p1a: mignolet|Great Tusk|56/100
|-activate|p1a: mignolet|ability: Protosynthesis
|-start|p1a: mignolet|protosynthesisspe
|move|p2a: Darkrai|Dark Pulse|p1a: mignolet
|-resisted|p1a: mignolet
|-damage|p1a: mignolet|16/100
|
|-weather|SunnyDay|[upkeep]
|upkeep
|turn|27
|
|t:|1776081876
|move|p1a: mignolet|Headlong Rush|p2a: Darkrai
|-damage|p2a: Darkrai|23/100
|-unboost|p1a: mignolet|def|1
|-unboost|p1a: mignolet|spd|1
|move|p2a: Darkrai|Dark Pulse|p1a: mignolet
|-resisted|p1a: mignolet
|-damage|p1a: mignolet|0 fnt
|faint|p1a: mignolet
|-end|p1a: mignolet|Protosynthesis|[silent]
|
|-weather|none
|upkeep
|
|t:|1776081879
|switch|p1a: chama|Walking Wake|100/100
|turn|28
|
|t:|1776081885
|move|p2a: Darkrai|Dark Pulse|p1a: chama
|-damage|p1a: chama|31/100
|move|p1a: chama|Hydro Steam|p2a: Darkrai
|-damage|p2a: Darkrai|0 fnt
|faint|p2a: Darkrai
|
|upkeep
|
|t:|1776081892
|switch|p2a: Tornadus|Tornadus-Therian, M, shiny|94/100
|-damage|p2a: Tornadus|69/100|[from] Stealth Rock
|turn|29
|
|t:|1776081899
|move|p2a: Tornadus|Bleakwind Storm|p1a: chama
|-damage|p1a: chama|0 fnt
|faint|p1a: chama
|-end|p1a: chama|Protosynthesis|[silent]
|
|upkeep
|
|t:|1776081902
|switch|p1a: hans vanaken|Venusaur, M, tera:Fire|23/100
|turn|30
|
|t:|1776081906
|-terastallize|p2a: Tornadus|Fairy
|move|p2a: Tornadus|Knock Off|p1a: hans vanaken
|-damage|p1a: hans vanaken|0 fnt
|-enditem|p1a: hans vanaken|Life Orb|[from] move: Knock Off|[of] p2a: Tornadus
|faint|p1a: hans vanaken
|
|win|Blastoise_Choice
|raw|yesterdaymister's rating: 1735 &rarr; <strong>1711</strong><br />(-24 for losing)
|raw|Blastoise_Choice's rating: 1670 &rarr; <strong>1694</strong><br />(+24 for winning)
|c|☆Blastoise_Choice|gg
|c|☆yesterdaymister|gg
|l|☆yesterdaymister
|player|p1|
