|html|<div class="broadcast-blue"><strong>[Gen 9] OU is currently suspecting Tera Blast! For information on how to participate check out the <a href="https://www.smogon.com/tools/suspects/view/200">suspect thread</a>.</strong></div>
|j|☆GungusG
|j|☆trainerdonato
|t:|1776279063
|gametype|singles
|player|p1|GungusG|pokekid|1166
|player|p2|trainerdonato|clair|1161
|gen|9
|tier|[Gen 9] OU
|rated|
|rule|HP Percentage Mod: HP is shown in percentages
|rule|Endless Battle Clause: Forcing endless battles is banned
|rule|Species Clause: Limit one of each Pokémon
|rule|OHKO Clause: OHKO moves are banned
|rule|Evasion Items Clause: Evasion items are banned
|rule|Evasion Moves Clause: Evasion moves are banned
|rule|Evasion Abilities Clause: Evasion abilities are banned
|rule|Sleep Moves Clause: Sleep-inducing moves are banned
|clearpoke
|poke|p1|Spidops, F|
|poke|p1|Toxtricity, M|
|poke|p1|Corviknight, M|
|poke|p1|Coalossal, M|
|poke|p1|Great Tusk|
|poke|p1|Dragapult, M|
|poke|p2|Gliscor, M|
|poke|p2|Meowscarada, M|
|poke|p2|Garganacl, F|
|poke|p2|Ogerpon-Wellspring, F|
|poke|p2|Weezing-Galar, M|
|poke|p2|Dragonite, F|
|teampreview
|inactive|Battle timer is ON: inactive players will automatically lose when time's up. (requested by trainerdonato)
|
|t:|1776279107
|teamsize|p1|6
|teamsize|p2|6
|start
|switch|p1a: WW|Coalossal, M, shiny|100/100
|switch|p2a: salt goodman|Garganacl, F|100/100
|-item|p1a: WW|Air Balloon
|turn|1
|
|t:|1776279117
|move|p2a: salt goodman|Salt Cure|p1a: WW
|-supereffective|p1a: WW
|-damage|p1a: WW|83/100
|-start|p1a: WW|Salt Cure
|-enditem|p1a: WW|Air Balloon
|move|p1a: WW|Stealth Rock|p2a: salt goodman
|-sidestart|p2: trainerdonato|move: Stealth Rock
|
|-damage|p1a: WW|71/100|[from] Salt Cure
|upkeep
|turn|2
|
|t:|1776279128
|switch|p1a: Brotosynthesis|Great Tusk|100/100
|move|p2a: salt goodman|Stealth Rock|p1a: Brotosynthesis
|-sidestart|p1: GungusG|move: Stealth Rock
|
|upkeep
|turn|3
|
|t:|1776279134
|switch|p2a: trollface png|Gliscor, M|100/100
|-damage|p2a: trollface png|88/100|[from] Stealth Rock
|move|p1a: Brotosynthesis|Rapid Spin|p2a: trollface png
|-damage|p2a: trollface png|73/100
|-boost|p1a: Brotosynthesis|spe|1
|-sideend|p1: GungusG|Stealth Rock|[from] move: Rapid Spin|[of] p1a: Brotosynthesis
|
|-status|p2a: trollface png|tox|[from] item: Toxic Orb
|upkeep
|turn|4
|
|t:|1776279146
|move|p2a: trollface png|Protect|p2a: trollface png
|-singleturn|p2a: trollface png|Protect
|move|p1a: Brotosynthesis|Knock Off|p2a: trollface png
|-activate|p2a: trollface png|move: Protect
|
|-heal|p2a: trollface png|86/100 tox|[from] ability: Poison Heal
|upkeep
|turn|5
|
|t:|1776279155
|move|p1a: Brotosynthesis|Knock Off|p2a: trollface png
|-damage|p2a: trollface png|55/100 tox
|-enditem|p2a: trollface png|Toxic Orb|[from] move: Knock Off|[of] p1a: Brotosynthesis
|move|p2a: trollface png|Ice Fang|p1a: Brotosynthesis
|-supereffective|p1a: Brotosynthesis
|-damage|p1a: Brotosynthesis|84/100
|
|-heal|p2a: trollface png|68/100 tox|[from] ability: Poison Heal
|upkeep
|turn|6
|
|t:|1776279169
|-end|p1a: Brotosynthesis|Protosynthesis|[silent]
|switch|p1a: Bird Up|Corviknight, M|100/100
|-ability|p1a: Bird Up|Pressure
|move|p2a: trollface png|Protect||[still]
|-fail|p2a: trollface png
|
|-heal|p2a: trollface png|80/100 tox|[from] ability: Poison Heal
|upkeep
|turn|7
|
|t:|1776279178
|move|p2a: trollface png|Knock Off|p1a: Bird Up
|-damage|p1a: Bird Up|84/100
|-enditem|p1a: Bird Up|Leftovers|[from] move: Knock Off|[of] p2a: trollface png
|move|p1a: Bird Up|Taunt|p2a: trollface png
|-start|p2a: trollface png|move: Taunt
|
|-heal|p2a: trollface png|93/100 tox|[from] ability: Poison Heal
|upkeep
|turn|8
|
|t:|1776279188
|switch|p2a: salt goodman|Garganacl, F|100/100
|-damage|p2a: salt goodman|88/100|[from] Stealth Rock
|move|p1a: Bird Up|Bulk Up|p1a: Bird Up
|-boost|p1a: Bird Up|atk|1
|-boost|p1a: Bird Up|def|1
|
|-heal|p2a: salt goodman|94/100|[from] item: Leftovers
|upkeep
|turn|9
|
|t:|1776279197
|switch|p1a: Brotosynthesis|Great Tusk|84/100
|move|p2a: salt goodman|Salt Cure|p1a: Brotosynthesis
|-resisted|p1a: Brotosynthesis
|-damage|p1a: Brotosynthesis|82/100
|-start|p1a: Brotosynthesis|Salt Cure
|
|-heal|p2a: salt goodman|100/100|[from] item: Leftovers
|-damage|p1a: Brotosynthesis|69/100|[from] Salt Cure
|upkeep
|turn|10
|inactive|GungusG has 120 seconds left.
|
|t:|1776279245
|-end|p1a: Brotosynthesis|Protosynthesis|[silent]
|switch|p1a: Trangle|Dragapult, M|100/100
|switch|p2a: trollface png|Gliscor, M|93/100 tox
|-damage|p2a: trollface png|80/100 tox|[from] Stealth Rock
|
|-heal|p2a: trollface png|93/100 tox|[from] ability: Poison Heal
|upkeep
|turn|11
|
|t:|1776279254
|move|p1a: Trangle|Shadow Ball|p2a: trollface png
|-damage|p2a: trollface png|50/100 tox
|-damage|p1a: Trangle|91/100|[from] item: Life Orb
|move|p2a: trollface png|Knock Off|p1a: Trangle
|-supereffective|p1a: Trangle
|-damage|p1a: Trangle|34/100
|-enditem|p1a: Trangle|Life Orb|[from] move: Knock Off|[of] p2a: trollface png
|
|-heal|p2a: trollface png|63/100 tox|[from] ability: Poison Heal
|upkeep
|turn|12
|
|t:|1776279263
|move|p2a: trollface png|Protect|p2a: trollface png
|-singleturn|p2a: trollface png|Protect
|move|p1a: Trangle|Draco Meteor|p2a: trollface png
|-activate|p2a: trollface png|move: Protect
|
|-heal|p2a: trollface png|75/100 tox|[from] ability: Poison Heal
|upkeep
|turn|13
|
|t:|1776279276
|switch|p2a: fancy poison|Weezing-Galar, M|100/100
|-ability|p2a: fancy poison|Neutralizing Gas
|move|p1a: Trangle|Draco Meteor|p2a: fancy poison
|-immune|p2a: fancy poison
|
|upkeep
|turn|14
|
|t:|1776279285
|switch|p1a: Purple They|Toxtricity, M, shiny|100/100
|move|p2a: fancy poison|Strange Steam|p1a: Purple They
|-resisted|p1a: Purple They
|-damage|p1a: Purple They|79/100
|
|upkeep
|turn|15
|
|t:|1776279296
|-terastallize|p1a: Purple They|Normal
|move|p1a: Purple They|Boomburst|p2a: fancy poison
|-damage|p2a: fancy poison|0 fnt
|faint|p2a: fancy poison
|-end|p2a: fancy poison|ability: Neutralizing Gas
|
|upkeep
|
|t:|1776279302
|switch|p2a: salt goodman|Garganacl, F|100/100
|-damage|p2a: salt goodman|88/100|[from] Stealth Rock
|turn|16
|
|t:|1776279314
|switch|p1a: WW|Coalossal, M, shiny|71/100
|move|p2a: salt goodman|Salt Cure|p1a: WW
|-supereffective|p1a: WW
|-damage|p1a: WW|52/100
|-start|p1a: WW|Salt Cure
|
|-heal|p2a: salt goodman|94/100|[from] item: Leftovers
|-damage|p1a: WW|40/100|[from] Salt Cure
|upkeep
|turn|17
|
|t:|1776279324
|switch|p2a: trollface png|Gliscor, M|75/100 tox
|-damage|p2a: trollface png|63/100 tox|[from] Stealth Rock
|move|p1a: WW|Scald|p2a: trollface png
|-supereffective|p2a: trollface png
|-damage|p2a: trollface png|26/100 tox
|
|-heal|p2a: trollface png|39/100 tox|[from] ability: Poison Heal
|-damage|p1a: WW|27/100|[from] Salt Cure
|upkeep
|turn|18
|
|t:|1776279345
|switch|p1a: Webwinkle|Spidops, F|100/100
|move|p2a: trollface png|Protect||[still]
|-fail|p2a: trollface png
|
|-heal|p2a: trollface png|51/100 tox|[from] ability: Poison Heal
|upkeep
|turn|19
|
|t:|1776279352
|move|p2a: trollface png|Knock Off|p1a: Webwinkle
|-damage|p1a: Webwinkle|77/100
|-enditem|p1a: Webwinkle|Heavy-Duty Boots|[from] move: Knock Off|[of] p2a: trollface png
|move|p1a: Webwinkle|Sticky Web|p2a: trollface png
|-sidestart|p2: trainerdonato|move: Sticky Web
|
|-heal|p2a: trollface png|63/100 tox|[from] ability: Poison Heal
|upkeep
|turn|20
|
|t:|1776279363
|move|p2a: trollface png|Knock Off|p1a: Webwinkle
|-damage|p1a: Webwinkle|62/100
|move|p1a: Webwinkle|Spikes|p2a: trollface png
|-sidestart|p2: trainerdonato|Spikes
|
|-heal|p2a: trollface png|76/100 tox|[from] ability: Poison Heal
|upkeep
|turn|21
|
|t:|1776279372
|switch|p1a: Purple They|Toxtricity, M, shiny, tera:Normal|79/100
|move|p2a: trollface png|Ice Fang|p1a: Purple They
|-damage|p1a: Purple They|58/100
|
|-heal|p2a: trollface png|88/100 tox|[from] ability: Poison Heal
|upkeep
|turn|22
|
|t:|1776279379
|move|p2a: trollface png|Protect|p2a: trollface png
|-singleturn|p2a: trollface png|Protect
|move|p1a: Purple They|Boomburst|p2a: trollface png
|-activate|p2a: trollface png|move: Protect
|
|-heal|p2a: trollface png|100/100 tox|[from] ability: Poison Heal
|upkeep
|turn|23
|
|t:|1776279386
|move|p1a: Purple They|Boomburst|p2a: trollface png
|-damage|p2a: trollface png|0 fnt
|faint|p2a: trollface png
|
|upkeep
|
|t:|1776279390
|switch|p2a: salt goodman|Garganacl, F|94/100
|-damage|p2a: salt goodman|82/100|[from] Stealth Rock
|-activate|p2a: salt goodman|move: Sticky Web
|-unboost|p2a: salt goodman|spe|1
|-damage|p2a: salt goodman|70/100|[from] Spikes
|turn|24
|
|t:|1776279397
|switch|p1a: WW|Coalossal, M, shiny|27/100
|move|p2a: salt goodman|Salt Cure|p1a: WW
|-supereffective|p1a: WW
|-crit|p1a: WW
|-damage|p1a: WW|0 fnt
|faint|p1a: WW
|
|-heal|p2a: salt goodman|76/100|[from] item: Leftovers
|upkeep
|
|t:|1776279407
|switch|p1a: Brotosynthesis|Great Tusk|69/100
|turn|25
|
|t:|1776279410
|switch|p2a: doofy|Dragonite, F|100/100
|move|p1a: Brotosynthesis|Knock Off|p2a: doofy
|-damage|p2a: doofy|79/100
|-enditem|p2a: doofy|Heavy-Duty Boots|[from] move: Knock Off|[of] p1a: Brotosynthesis
|
|upkeep
|turn|26
|
|t:|1776279424
|-end|p1a: Brotosynthesis|Protosynthesis|[silent]
|switch|p1a: Bird Up|Corviknight, M|84/100
|-ability|p1a: Bird Up|Pressure
|move|p2a: doofy|Ice Spinner|p1a: Bird Up
|-damage|p1a: Bird Up|60/100
|
|upkeep
|turn|27
|
|t:|1776279434
|switch|p2a: salt goodman|Garganacl, F|76/100
|-damage|p2a: salt goodman|63/100|[from] Stealth Rock
|-activate|p2a: salt goodman|move: Sticky Web
|-unboost|p2a: salt goodman|spe|1
|-damage|p2a: salt goodman|51/100|[from] Spikes
|move|p1a: Bird Up|Taunt|p2a: salt goodman
|-start|p2a: salt goodman|move: Taunt
|
|-heal|p2a: salt goodman|57/100|[from] item: Leftovers
|upkeep
|turn|28
|
|t:|1776279451
|switch|p1a: Webwinkle|Spidops, F|62/100
|move|p2a: salt goodman|Salt Cure|p1a: Webwinkle
|-supereffective|p1a: Webwinkle
|-damage|p1a: Webwinkle|31/100
|-start|p1a: Webwinkle|Salt Cure
|
|-heal|p2a: salt goodman|63/100|[from] item: Leftovers
|-damage|p1a: Webwinkle|19/100|[from] Salt Cure
|upkeep
|turn|29
|
|t:|1776279460
|move|p1a: Webwinkle|Knock Off|p2a: salt goodman
|-damage|p2a: salt goodman|45/100
|-enditem|p2a: salt goodman|Leftovers|[from] move: Knock Off|[of] p1a: Webwinkle
|move|p2a: salt goodman|Salt Cure|p1a: Webwinkle
|-supereffective|p1a: Webwinkle
|-damage|p1a: Webwinkle|0 fnt
|faint|p1a: Webwinkle
|
|-end|p2a: salt goodman|move: Taunt
|upkeep
|
|t:|1776279471
|switch|p1a: Purple They|Toxtricity, M, shiny, tera:Normal|58/100
|turn|30
|
|t:|1776279478
|move|p2a: salt goodman|Protect|p2a: salt goodman
|-singleturn|p2a: salt goodman|Protect
|move|p1a: Purple They|Overdrive|p2a: salt goodman
|-activate|p2a: salt goodman|move: Protect
|
|upkeep
|turn|31
|
|t:|1776279503
|move|p1a: Purple They|Overdrive|p2a: salt goodman
|-damage|p2a: salt goodman|0 fnt
|faint|p2a: salt goodman
|
|upkeep
|inactive|trainerdonato has 120 seconds left.
|
|t:|1776279513
|switch|p2a: water thing|Ogerpon-Wellspring, F|100/100
|-damage|p2a: water thing|88/100|[from] Stealth Rock
|-activate|p2a: water thing|move: Sticky Web
|-unboost|p2a: water thing|spe|1
|-damage|p2a: water thing|76/100|[from] Spikes
|turn|32
|
|t:|1776279522
|-terastallize|p2a: water thing|Water
|detailschange|p2a: water thing|Ogerpon-Wellspring-Tera, F, tera:Water
|-ability|p2a: water thing|Embody Aspect (Wellspring)|boost
|-boost|p2a: water thing|spd|1
|move|p1a: Purple They|Overdrive|p2a: water thing
|-supereffective|p2a: water thing
|-damage|p2a: water thing|0 fnt
|faint|p2a: water thing
|detailschange|p2: water thing|Ogerpon-Wellspring, F|[silent]
|
|upkeep
|inactive|trainerdonato has 120 seconds left.
|c|☆trainerdonato|this sucks bro
|c|☆trainerdonato|if only i had a ghost youd be cooked
|
|t:|1776279546
|switch|p2a: magic trick|Meowscarada, M|100/100
|-damage|p2a: magic trick|88/100|[from] Stealth Rock
|-activate|p2a: magic trick|move: Sticky Web
|-unboost|p2a: magic trick|spe|1
|-damage|p2a: magic trick|76/100|[from] Spikes
|turn|33
|c|☆GungusG|fr
|
|t:|1776279556
|switch|p1a: Bird Up|Corviknight, M|60/100
|-ability|p1a: Bird Up|Pressure
|move|p2a: magic trick|Triple Axel|p1a: Bird Up
|-start|p2a: magic trick|typechange|Ice|[from] ability: Protean
|-damage|p1a: Bird Up|52/100
|-damage|p1a: Bird Up|37/100
|-damage|p1a: Bird Up|15/100
|-hitcount|p1a: Bird Up|3
|
|upkeep
|turn|34
|inactive|trainerdonato has 120 seconds left.
|
|t:|1776279568
|move|p2a: magic trick|Triple Axel|p1a: Bird Up
|-damage|p1a: Bird Up|7/100
|-damage|p1a: Bird Up|0 fnt
|faint|p1a: Bird Up
|-hitcount|p1: Bird Up|2
|
|upkeep
|
|t:|1776279571
|switch|p1a: Purple They|Toxtricity, M, shiny, tera:Normal|58/100
|turn|35
|
|t:|1776279575
|move|p2a: magic trick|Triple Axel|p1a: Purple They
|-damage|p1a: Purple They|41/100
|-damage|p1a: Purple They|13/100
|-damage|p1a: Purple They|0 fnt
|faint|p1a: Purple They
|-hitcount|p1: Purple They|3
|
|upkeep
|c|☆GungusG|uh o
|
|t:|1776279585
|switch|p1a: Trangle|Dragapult, M|34/100
|turn|36
|
|t:|1776279589
|move|p1a: Trangle|Flamethrower|p2a: magic trick
|-supereffective|p2a: magic trick
|-damage|p2a: magic trick|0 fnt
|faint|p2a: magic trick
|
|upkeep
|
|t:|1776279593
|switch|p2a: doofy|Dragonite, F|79/100
|-damage|p2a: doofy|54/100|[from] Stealth Rock
|turn|37
|
|t:|1776279598
|move|p1a: Trangle|Draco Meteor|p2a: doofy
|-supereffective|p2a: doofy
|-damage|p2a: doofy|0 fnt
|-unboost|p1a: Trangle|spa|2
|faint|p2a: doofy
|
|win|GungusG
|raw|GungusG's rating: 1166 &rarr; <strong>1191</strong><br />(+25 for winning)
|raw|trainerdonato's rating: 1161 &rarr; <strong>1136</strong><br />(-25 for losing)
|c|☆GungusG|ggs
|l|☆trainerdonato
|player|p2|
