|html|<div class="broadcast-blue"><strong>[Gen 9] OU is currently suspecting Tera Blast! For information on how to participate check out the <a href="https://www.smogon.com/tools/suspects/view/200">suspect thread</a>.</strong></div>
|j|☆jurple
|j|☆C-1023
|t:|1776032870
|gametype|singles
|player|p1|jurple|101|1312
|player|p2|C-1023|richboy|1334
|gen|9
|tier|[Gen 9] OU
|rated|
|rule|HP Percentage Mod: HP is shown in percentages
|rule|Endless Battle Clause: Forcing endless battles is banned
|rule|Species Clause: Limit one of each Pokémon
|rule|OHKO Clause: OHKO moves are banned
|rule|Evasion Items Clause: Evasion items are banned
|rule|Evasion Moves Clause: Evasion moves are banned
|rule|Evasion Abilities Clause: Evasion abilities are banned
|rule|Sleep Moves Clause: Sleep-inducing moves are banned
|clearpoke
|poke|p1|Eiscue, M|
|poke|p1|Dragonite, F|
|poke|p1|Hitmonlee, M|
|poke|p1|Vikavolt, M|
|poke|p1|Polteageist-Antique|
|poke|p1|Azelf|
|poke|p2|Dragapult, F|
|poke|p2|Meowscarada, M|
|poke|p2|Primarina, F|
|poke|p2|Iron Hands|
|poke|p2|Iron Moth|
|poke|p2|Iron Treads|
|teampreview
|c|☆jurple|good luck
|
|t:|1776032892
|teamsize|p1|6
|teamsize|p2|6
|start
|switch|p1a: Vikavolt|Vikavolt, M|100/100
|switch|p2a: Dragapult|Dragapult, F|100/100
|turn|1
|
|t:|1776032900
|move|p2a: Dragapult|Shadow Ball|p1a: Vikavolt
|-damage|p1a: Vikavolt|48/100
|-damage|p2a: Dragapult|91/100|[from] item: Life Orb
|move|p1a: Vikavolt|Sticky Web|p2a: Dragapult
|-sidestart|p2: C-1023|move: Sticky Web
|
|upkeep
|turn|2
|
|t:|1776032910
|move|p2a: Dragapult|Shadow Ball|p1a: Vikavolt
|-damage|p1a: Vikavolt|0 fnt
|faint|p1a: Vikavolt
|-damage|p2a: Dragapult|81/100|[from] item: Life Orb
|
|upkeep
|
|t:|1776032928
|switch|p1a: Dragonite|Dragonite, F|100/100
|turn|3
|inactive|Battle timer is ON: inactive players will automatically lose when time's up. (requested by jurple)
|inactive|C-1023 has 120 seconds left.
|
|t:|1776033031
|move|p2a: Dragapult|Shadow Ball|p1a: Dragonite
|-crit|p1a: Dragonite
|-damage|p1a: Dragonite|69/100
|-damage|p2a: Dragapult|71/100|[from] item: Life Orb
|move|p1a: Dragonite|Iron Head|p2a: Dragapult
|-damage|p2a: Dragapult|30/100
|
|upkeep
|turn|4
|
|t:|1776033046
|move|p2a: Dragapult|Draco Meteor|p1a: Dragonite
|-supereffective|p1a: Dragonite
|-damage|p1a: Dragonite|0 fnt
|-unboost|p2a: Dragapult|spa|2
|faint|p1a: Dragonite
|-damage|p2a: Dragapult|20/100|[from] item: Life Orb
|
|upkeep
|
|t:|1776033065
|switch|p1a: Azelf|Azelf|100/100
|turn|5
|
|t:|1776033080
|move|p2a: Dragapult|Shadow Ball|p1a: Azelf
|-supereffective|p1a: Azelf
|-damage|p1a: Azelf|27/100
|-damage|p2a: Dragapult|10/100|[from] item: Life Orb
|move|p1a: Azelf|Psychic|p2a: Dragapult
|-damage|p2a: Dragapult|0 fnt
|faint|p2a: Dragapult
|
|upkeep
|inactive|C-1023 has 120 seconds left.
|
|t:|1776033103
|switch|p2a: Iron Treads|Iron Treads|100/100
|turn|6
|
|t:|1776033113
|switch|p1a: Polteageist|Polteageist-Antique|100/100
|move|p2a: Iron Treads|Rapid Spin|p1a: Polteageist
|-immune|p1a: Polteageist
|
|upkeep
|turn|7
|
|t:|1776033124
|move|p2a: Iron Treads|Steel Beam|p1a: Polteageist
|-damage|p1a: Polteageist|32/100
|-damage|p2a: Iron Treads|50/100|[from] steelbeam
|move|p1a: Polteageist|Shell Smash|p1a: Polteageist
|-unboost|p1a: Polteageist|def|1
|-unboost|p1a: Polteageist|spd|1
|-boost|p1a: Polteageist|atk|2
|-boost|p1a: Polteageist|spa|2
|-boost|p1a: Polteageist|spe|2
|
|upkeep
|turn|8
|
|t:|1776033141
|move|p1a: Polteageist|Giga Drain|p2a: Iron Treads
|-damage|p2a: Iron Treads|0 fnt
|-heal|p1a: Polteageist|68/100|[from] drain|[of] p2a: Iron Treads
|faint|p2a: Iron Treads
|-end|p2a: Iron Treads|Quark Drive|[silent]
|
|upkeep
|
|t:|1776033151
|switch|p2a: Iron Hands|Iron Hands|100/100
|-activate|p2a: Iron Hands|move: Sticky Web
|-unboost|p2a: Iron Hands|spe|1
|turn|9
|
|t:|1776033158
|-terastallize|p2a: Iron Hands|Flying
|move|p1a: Polteageist|Stored Power|p2a: Iron Hands
|-damage|p2a: Iron Hands|39/100
|move|p2a: Iron Hands|Supercell Slam|p1a: Polteageist
|-damage|p1a: Polteageist|0 fnt
|faint|p1a: Polteageist
|
|-heal|p2a: Iron Hands|46/100|[from] item: Leftovers
|upkeep
|
|t:|1776033176
|switch|p1a: Eiscue|Eiscue, M|100/100
|turn|10
|
|t:|1776033185
|-end|p2a: Iron Hands|Quark Drive|[silent]
|switch|p2a: Iron Moth|Iron Moth|100/100
|-activate|p2a: Iron Moth|move: Sticky Web
|-unboost|p2a: Iron Moth|spe|1
|-enditem|p2a: Iron Moth|Booster Energy
|-activate|p2a: Iron Moth|ability: Quark Drive|[fromitem]
|-start|p2a: Iron Moth|quarkdrivespa
|move|p1a: Eiscue|Substitute|p1a: Eiscue
|-start|p1a: Eiscue|Substitute
|-damage|p1a: Eiscue|75/100
|
|upkeep
|turn|11
|
|t:|1776033195
|move|p2a: Iron Moth|Fiery Dance|p1a: Eiscue
|-supereffective|p1a: Eiscue
|-end|p1a: Eiscue|Substitute
|move|p1a: Eiscue|Belly Drum|p1a: Eiscue
|-damage|p1a: Eiscue|25/100
|-setboost|p1a: Eiscue|atk|6|[from] move: Belly Drum
|-enditem|p1a: Eiscue|Salac Berry|[eat]
|-boost|p1a: Eiscue|spe|1|[from] item: Salac Berry
|
|upkeep
|turn|12
|l|☆C-1023
|inactive|C-1023 disconnected and has a minute to reconnect!
|player|p2|
|
|t:|1776033219
|move|p1a: Eiscue|Ice Spinner|p2a: Iron Moth
|-resisted|p2a: Iron Moth
|-damage|p2a: Iron Moth|1/100
|move|p2a: Iron Moth|Fiery Dance|p1a: Eiscue
|-supereffective|p1a: Eiscue
|-damage|p1a: Eiscue|0 fnt
|-boost|p2a: Iron Moth|spa|1
|faint|p1a: Eiscue
|
|upkeep
|
|t:|1776033230
|switch|p1a: Hitmonlee|Hitmonlee, M|100/100
|turn|13
|inactive|C-1023 has 30 seconds to reconnect!
|inactive|C-1023 has 20 seconds to reconnect!
|inactive|C-1023 has 15 seconds to reconnect!
|inactive|C-1023 has 10 seconds to reconnect!
|inactive|C-1023 has 5 seconds to reconnect!
|-message|C-1023 lost due to inactivity.
|
|win|jurple
|raw|jurple's rating: 1312 &rarr; <strong>1333</strong><br />(+21 for winning)
|raw|C-1023's rating: 1334 &rarr; <strong>1313</strong><br />(-21 for losing)
|l|☆jurple
|player|p1|
|j|☆C-1023
|player|p2|C-1023|richboy|
|l|☆C-1023
|player|p2|
