|html|<div class="broadcast-blue"><strong>[Gen 9] OU is currently suspecting Volcarona! For information on how to participate check out the <a href="https://www.smogon.com/tools/suspects/view/208">suspect thread</a>.</strong></div>
|j|☆oslo 31 august
|j|☆yuri15818
|t:|1778509367
|gametype|singles
|player|p1|oslo 31 august|265|1075
|player|p2|yuri15818|hilbert|1133
|gen|9
|tier|[Gen 9] OU
|rated|
|rule|HP Percentage Mod: HP is shown in percentages
|rule|Endless Battle Clause: Forcing endless battles is banned
|rule|Species Clause: Limit one of each Pokémon
|rule|OHKO Clause: OHKO moves are banned
|rule|Evasion Items Clause: Evasion items are banned
|rule|Evasion Moves Clause: Evasion moves are banned
|rule|Evasion Abilities Clause: Evasion abilities are banned
|rule|Sleep Moves Clause: Sleep-inducing moves are banned
|clearpoke
|poke|p1|Dragonite, F|
|poke|p1|Great Tusk|
|poke|p1|Deoxys-Speed|
|poke|p1|Gholdengo|
|poke|p1|Zamazenta-*|
|poke|p1|Iron Valiant|
|poke|p2|Walking Wake|
|poke|p2|Torkoal, F|
|poke|p2|Venusaur, F|
|poke|p2|Charizard, M|
|poke|p2|Tatsugiri, F|
|poke|p2|Grimmsnarl, M|
|teampreview
|
|t:|1778509375
|teamsize|p1|6
|teamsize|p2|6
|start
|switch|p1a: Deoxys|Deoxys-Speed|100/100
|switch|p2a: Torkoal|Torkoal, F|100/100
|-ability|p1a: Deoxys|Pressure
|-weather|SunnyDay|[from] ability: Drought|[of] p2a: Torkoal
|turn|1
|
|t:|1778509383
|move|p1a: Deoxys|Stealth Rock|p2a: Torkoal
|-sidestart|p2: yuri15818|move: Stealth Rock
|move|p2a: Torkoal|Will-O-Wisp|p1a: Deoxys
|-status|p1a: Deoxys|brn
|
|-weather|SunnyDay|[upkeep]
|-damage|p1a: Deoxys|95/100 brn|[from] brn
|upkeep
|turn|2
|
|t:|1778509390
|switch|p1a: Gholdengo|Gholdengo|100/100
|move|p2a: Torkoal|Rapid Spin|p1a: Gholdengo
|-immune|p1a: Gholdengo
|
|-weather|SunnyDay|[upkeep]
|upkeep
|turn|3
|inactive|Battle timer is ON: inactive players will automatically lose when time's up. (requested by oslo 31 august)
|
|t:|1778509401
|move|p1a: Gholdengo|Shadow Ball|p2a: Torkoal
|-damage|p2a: Torkoal|50/100
|move|p2a: Torkoal|Lava Plume|p1a: Gholdengo
|-supereffective|p1a: Gholdengo
|-damage|p1a: Gholdengo|30/100
|
|-weather|SunnyDay|[upkeep]
|upkeep
|turn|4
|
|t:|1778509424
|switch|p2a: Walking Wake|Walking Wake|100/100
|-damage|p2a: Walking Wake|88/100|[from] Stealth Rock
|-activate|p2a: Walking Wake|ability: Protosynthesis
|-start|p2a: Walking Wake|protosynthesisspe
|move|p1a: Gholdengo|Shadow Ball|p2a: Walking Wake
|-damage|p2a: Walking Wake|38/100
|
|-weather|SunnyDay|[upkeep]
|upkeep
|turn|5
|
|t:|1778509433
|switch|p1a: Deoxys|Deoxys-Speed|95/100 brn
|-ability|p1a: Deoxys|Pressure
|move|p2a: Walking Wake|Flamethrower|p1a: Deoxys
|-damage|p1a: Deoxys|5/100 brn
|
|-weather|SunnyDay|[upkeep]
|-damage|p1a: Deoxys|0 fnt|[from] brn
|faint|p1a: Deoxys
|upkeep
|
|t:|1778509441
|switch|p1a: Iron Valiant|Iron Valiant|100/100
|-enditem|p1a: Iron Valiant|Booster Energy
|-activate|p1a: Iron Valiant|ability: Quark Drive|[fromitem]
|-start|p1a: Iron Valiant|quarkdrivespe
|turn|6
|
|t:|1778509448
|move|p1a: Iron Valiant|Moonblast|p2a: Walking Wake
|-supereffective|p2a: Walking Wake
|-damage|p2a: Walking Wake|0 fnt
|faint|p2a: Walking Wake
|-end|p2a: Walking Wake|Protosynthesis|[silent]
|
|-weather|SunnyDay|[upkeep]
|upkeep
|
|t:|1778509465
|switch|p2a: Grimmsnarl|Grimmsnarl, M|100/100
|-damage|p2a: Grimmsnarl|88/100|[from] Stealth Rock
|turn|7
|
|t:|1778509470
|move|p1a: Iron Valiant|Moonblast|p2a: Grimmsnarl
|-supereffective|p2a: Grimmsnarl
|-crit|p2a: Grimmsnarl
|-damage|p2a: Grimmsnarl|0 fnt
|faint|p2a: Grimmsnarl
|
|-weather|SunnyDay|[upkeep]
|upkeep
|
|t:|1778509473
|switch|p2a: Venusaur|Venusaur, F|100/100
|-damage|p2a: Venusaur|88/100|[from] Stealth Rock
|turn|8
|
|t:|1778509479
|move|p2a: Venusaur|Sludge Bomb|p1a: Iron Valiant
|-supereffective|p1a: Iron Valiant
|-damage|p1a: Iron Valiant|0 fnt
|faint|p1a: Iron Valiant
|-end|p1a: Iron Valiant|Quark Drive|[silent]
|
|-weather|none
|-heal|p2a: Venusaur|94/100|[from] item: Leftovers
|upkeep
|
|t:|1778509481
|switch|p1a: Dragonite|Dragonite, F|100/100
|turn|9
|
|t:|1778509492
|move|p2a: Venusaur|Sunny Day|p2a: Venusaur
|-weather|SunnyDay
|move|p1a: Dragonite|Dragon Dance|p1a: Dragonite
|-boost|p1a: Dragonite|atk|1
|-boost|p1a: Dragonite|spe|1
|
|-weather|SunnyDay|[upkeep]
|-heal|p2a: Venusaur|99/100|[from] item: Leftovers
|upkeep
|turn|10
|
|t:|1778509512
|move|p2a: Venusaur|Sludge Bomb|p1a: Dragonite
|-damage|p1a: Dragonite|79/100
|-status|p1a: Dragonite|psn
|move|p1a: Dragonite|Fire Punch|p2a: Venusaur
|-supereffective|p2a: Venusaur
|-damage|p2a: Venusaur|0 fnt
|faint|p2a: Venusaur
|-damage|p1a: Dragonite|69/100 psn|[from] item: Life Orb
|
|-weather|SunnyDay|[upkeep]
|-damage|p1a: Dragonite|57/100 psn|[from] psn
|upkeep
|
|t:|1778509518
|switch|p2a: Tatsugiri|Tatsugiri, F|100/100
|turn|11
|
|t:|1778509529
|move|p1a: Dragonite|Outrage|p2a: Tatsugiri
|-supereffective|p2a: Tatsugiri
|-damage|p2a: Tatsugiri|0 fnt
|faint|p2a: Tatsugiri
|-damage|p1a: Dragonite|47/100 psn|[from] item: Life Orb
|
|-weather|SunnyDay|[upkeep]
|-damage|p1a: Dragonite|34/100 psn|[from] psn
|upkeep
|
|t:|1778509533
|switch|p2a: Charizard|Charizard, M|100/100
|turn|12
|
|t:|1778509549
|move|p1a: Dragonite|Outrage|p2a: Charizard|[from] lockedmove
|-damage|p2a: Charizard|0 fnt
|faint|p2a: Charizard
|-damage|p1a: Dragonite|24/100 psn|[from] item: Life Orb
|-start|p1a: Dragonite|confusion|[fatigue]
|
|-weather|SunnyDay|[upkeep]
|-damage|p1a: Dragonite|12/100 psn|[from] psn
|upkeep
|
|t:|1778509557
|switch|p2a: Torkoal|Torkoal, F|50/100
|-damage|p2a: Torkoal|25/100|[from] Stealth Rock
|turn|13
|
|t:|1778509582
|-activate|p1a: Dragonite|confusion
|move|p1a: Dragonite|Extreme Speed|p2a: Torkoal
|-crit|p2a: Torkoal
|-damage|p2a: Torkoal|0 fnt
|faint|p2a: Torkoal
|-damage|p1a: Dragonite|2/100 psn|[from] item: Life Orb
|
|win|oslo 31 august
|raw|oslo 31 august's rating: 1132 &rarr; <strong>1157</strong><br />(+25 for winning)
|raw|yuri15818's rating: 1133 &rarr; <strong>1108</strong><br />(-25 for losing)
|l|☆oslo 31 august
|player|p1|
|l|☆yuri15818
|player|p2|
