|html|<div class="broadcast-blue"><strong>[Gen 9] OU is currently suspecting Tera Blast! For information on how to participate check out the <a href="https://www.smogon.com/tools/suspects/view/200">suspect thread</a>.</strong></div>
|j|☆SuperSpicyRamen
|j|☆arashisarika22
|t:|1776130838
|gametype|singles
|player|p1|SuperSpicyRamen|hilbert|1133
|player|p2|arashisarika22|blue|1147
|gen|9
|tier|[Gen 9] OU
|rated|
|rule|HP Percentage Mod: HP is shown in percentages
|rule|Endless Battle Clause: Forcing endless battles is banned
|rule|Species Clause: Limit one of each Pokémon
|rule|OHKO Clause: OHKO moves are banned
|rule|Evasion Items Clause: Evasion items are banned
|rule|Evasion Moves Clause: Evasion moves are banned
|rule|Evasion Abilities Clause: Evasion abilities are banned
|rule|Sleep Moves Clause: Sleep-inducing moves are banned
|clearpoke
|poke|p1|Meloetta|
|poke|p1|Grafaiai, M|
|poke|p1|Araquanid, M|
|poke|p1|Sinistcha|
|poke|p1|Kleavor, M|
|poke|p1|Greninja-*, M|
|poke|p2|Dragapult, F|
|poke|p2|Metagross|
|poke|p2|Weezing-Galar, M|
|poke|p2|Rillaboom, M|
|poke|p2|Pecharunt|
|poke|p2|Gengar, M|
|teampreview
|inactive|Battle timer is ON: inactive players will automatically lose when time's up. (requested by SuperSpicyRamen)
|c|☆SuperSpicyRamen|weird
|c|☆SuperSpicyRamen|these ohko accounts are still around
|inactive|SuperSpicyRamen has 120 seconds left.
|
|t:|1776130874
|teamsize|p1|6
|teamsize|p2|6
|start
|switch|p1a: Kleavor|Kleavor, M|100/100
|switch|p2a: Pecharunt|Pecharunt|100/100
|turn|1
|c|☆arashisarika22|None of my mons run ohko
|inactive|SuperSpicyRamen has 120 seconds left.
|
|t:|1776130912
|move|p1a: Kleavor|U-turn|p2a: Pecharunt
|-resisted|p2a: Pecharunt
|-damage|p2a: Pecharunt|95/100
|c|☆SuperSpicyRamen|i mean the spectators lol
|
|t:|1776130928
|switch|p1a: Grafaiai|Grafaiai, M|100/100|[from] U-turn
|move|p2a: Pecharunt|Toxic|p1a: Grafaiai
|-immune|p1a: Grafaiai
|
|-heal|p2a: Pecharunt|100/100|[from] item: Leftovers
|upkeep
|turn|2
|c|☆arashisarika22|Oh lol. I was sad for a moment lol
|
|t:|1776130944
|move|p1a: Grafaiai|Knock Off|p2a: Pecharunt
|-supereffective|p2a: Pecharunt
|-damage|p2a: Pecharunt|67/100
|-enditem|p2a: Pecharunt|Leftovers|[from] move: Knock Off|[of] p1a: Grafaiai
|move|p2a: Pecharunt|Toxic|p1a: Grafaiai
|-immune|p1a: Grafaiai
|
|upkeep
|turn|3
|c|☆SuperSpicyRamen|Ur good ur team is normal
|c|☆arashisarika22|I misclicked lmfao
|inactive|SuperSpicyRamen has 90 seconds left.
|c|☆SuperSpicyRamen|Happens to the best of us
|
|t:|1776130976
|move|p1a: Grafaiai|Knock Off|p2a: Pecharunt
|-supereffective|p2a: Pecharunt
|-damage|p2a: Pecharunt|44/100
|move|p2a: Pecharunt|Recover|p2a: Pecharunt
|-heal|p2a: Pecharunt|94/100
|
|upkeep
|turn|4
|c|☆arashisarika22|I like the meloetta. Dont run into many tbh
|c|☆SuperSpicyRamen|hard to use tbh
|
|t:|1776131004
|switch|p2a: Weezing|Weezing-Galar, M, shiny|100/100
|move|p1a: Grafaiai|Encore||[still]
|-fail|p1a: Grafaiai
|
|upkeep
|turn|5
|c|☆SuperSpicyRamen|nevr really find a solid situation to srt it up
|inactive|SuperSpicyRamen has 90 seconds left.
|
|t:|1776131036
|move|p1a: Grafaiai|Knock Off|p2a: Weezing
|-resisted|p2a: Weezing
|-crit|p2a: Weezing
|-damage|p2a: Weezing|84/100
|-enditem|p2a: Weezing|Black Sludge|[from] move: Knock Off|[of] p1a: Grafaiai
|move|p2a: Weezing|Will-O-Wisp|p1a: Grafaiai
|-status|p1a: Grafaiai|brn
|
|-damage|p1a: Grafaiai|95/100 brn|[from] brn
|upkeep
|turn|6
|inactive|arashisarika22 has 120 seconds left.
|
|t:|1776131057
|switch|p2a: Rillaboom|Rillaboom, M, shiny|100/100
|-fieldstart|move: Grassy Terrain|[from] ability: Grassy Surge|[of] p2a: Rillaboom
|move|p1a: Grafaiai|Parting Shot|p2a: Rillaboom
|-unboost|p2a: Rillaboom|atk|1
|-unboost|p2a: Rillaboom|spa|1
|
|t:|1776131072
|switch|p1a: Araquanid|Araquanid, M, shiny|100/100|[from] Parting Shot
|
|upkeep
|turn|7
|c|☆arashisarika22|Felt with my gargacanle on my other team
|inactive|arashisarika22 has 120 seconds left.
|c|☆arashisarika22|I run rock salt/curse ghost tera
|
|t:|1776131096
|move|p2a: Rillaboom|Fake Out|p1a: Araquanid
|-damage|p1a: Araquanid|91/100
|cant|p1a: Araquanid|flinch
|
|-heal|p1a: Araquanid|97/100|[from] Grassy Terrain
|upkeep
|turn|8
|inactive|arashisarika22 has 120 seconds left.
|
|t:|1776131104
|move|p2a: Rillaboom|Leech Seed|p1a: Araquanid
|-start|p1a: Araquanid|move: Leech Seed
|move|p1a: Araquanid|Sticky Web|p2a: Rillaboom
|-sidestart|p2: arashisarika22|move: Sticky Web
|
|-heal|p1a: Araquanid|100/100|[from] Grassy Terrain
|-damage|p1a: Araquanid|88/100|[from] Leech Seed|[of] p2a: Rillaboom
|upkeep
|turn|9
|c|☆SuperSpicyRamen|Curse garganacl with salt cure sounds nefarious lol
|
|t:|1776131130
|switch|p2a: Weezing|Weezing-Galar, M, shiny|84/100
|move|p1a: Araquanid|Endure||[still]
|-fail|p1a: Araquanid
|
|-heal|p1a: Araquanid|94/100|[from] Grassy Terrain
|-damage|p1a: Araquanid|82/100|[from] Leech Seed|[of] p2a: Weezing
|-heal|p2a: Weezing|99/100|[silent]
|upkeep
|turn|10
|
|t:|1776131146
|move|p2a: Weezing|Defog|p1a: Araquanid
|-unboost|p1a: Araquanid|evasion|1
|-sideend|p2: arashisarika22|Sticky Web|[from] move: Defog|[of] p2a: Weezing
|-fieldend|move: Grassy Terrain
|move|p1a: Araquanid|Surf|p2a: Weezing
|-damage|p2a: Weezing|39/100
|
|-damage|p1a: Araquanid|70/100|[from] Leech Seed|[of] p2a: Weezing
|-heal|p2a: Weezing|55/100|[silent]
|upkeep
|turn|11
|inactive|arashisarika22 has 120 seconds left.
|inactive|SuperSpicyRamen has 60 seconds left.
|
|t:|1776131182
|switch|p2a: Metagross|Metagross, shiny|100/100
|switch|p1a: Grafaiai|Grafaiai, M|95/100 brn
|
|-damage|p1a: Grafaiai|89/100 brn|[from] brn
|upkeep
|turn|12
|inactive|SuperSpicyRamen has 30 seconds left.
|
|t:|1776131219
|switch|p1a: Araquanid|Araquanid, M, shiny|70/100
|move|p2a: Metagross|Psychic Fangs|p1a: Araquanid
|-damage|p1a: Araquanid|25/100
|
|upkeep
|turn|13
|c|☆arashisarika22|Ita beautiful if you get the curse set up for stat boost before tera for the extra
|inactive|SuperSpicyRamen has 30 seconds left.
|inactive|SuperSpicyRamen has 20 seconds left.
|-enditem|p1a: Araquanid|Custap Berry|[eat]
|-activate|p1a: Araquanid|item: Custap Berry|[consumed]
|
|t:|1776131237
|move|p1a: Araquanid|Sticky Web|p2a: Metagross
|-sidestart|p2: arashisarika22|move: Sticky Web
|move|p2a: Metagross|Thunder Punch|p1a: Araquanid
|-supereffective|p1a: Araquanid
|-damage|p1a: Araquanid|0 fnt
|faint|p1a: Araquanid
|
|upkeep
|inactive|SuperSpicyRamen has 25 seconds left this turn.
|inactive|SuperSpicyRamen has 20 seconds left.
|inactive|SuperSpicyRamen has 15 seconds left.
|inactive|SuperSpicyRamen has 10 seconds left.
|
|t:|1776131253
|switch|p1a: Kleavor|Kleavor, M|100/100
|turn|14
|inactive|SuperSpicyRamen has 20 seconds left this turn.
|inactive|SuperSpicyRamen has 15 seconds left.
|inactive|arashisarika22 has 120 seconds left.
|
|t:|1776131265
|move|p1a: Kleavor|Stone Axe|p2a: Metagross
|-resisted|p2a: Metagross
|-damage|p2a: Metagross|80/100
|-sidestart|p2: arashisarika22|move: Stealth Rock
|move|p2a: Metagross|Meteor Mash|p1a: Kleavor
|-supereffective|p1a: Kleavor
|-crit|p1a: Kleavor
|-damage|p1a: Kleavor|0 fnt
|faint|p1a: Kleavor
|
|upkeep
|inactive|SuperSpicyRamen has 20 seconds left this turn.
|inactive|SuperSpicyRamen has 15 seconds left.
|
|t:|1776131273
|switch|p1a: Sinistcha|Sinistcha|100/100
|turn|15
|inactive|SuperSpicyRamen has 25 seconds left this turn.
|
|t:|1776131282
|move|p2a: Metagross|Psychic Fangs|p1a: Sinistcha
|-damage|p1a: Sinistcha|67/100
|move|p1a: Sinistcha|Scald|p2a: Metagross
|-damage|p2a: Metagross|64/100
|
|-heal|p1a: Sinistcha|73/100|[from] item: Leftovers
|upkeep
|turn|16
|inactive|SuperSpicyRamen has 30 seconds left.
|inactive|SuperSpicyRamen has 20 seconds left.
|
|t:|1776131298
|switch|p2a: Weezing|Weezing-Galar, M, shiny|55/100
|-damage|p2a: Weezing|43/100|[from] Stealth Rock
|move|p1a: Sinistcha|Scald|p2a: Weezing
|-damage|p2a: Weezing|20/100
|-status|p2a: Weezing|brn
|
|-heal|p1a: Sinistcha|79/100|[from] item: Leftovers
|-damage|p2a: Weezing|14/100 brn|[from] brn
|upkeep
|turn|17
|inactive|SuperSpicyRamen has 30 seconds left this turn.
|c|☆arashisarika22|You should try it some time.
|
|t:|1776131310
|move|p1a: Sinistcha|Hex|p2a: Weezing
|-damage|p2a: Weezing|0 fnt
|faint|p2a: Weezing
|
|-heal|p1a: Sinistcha|85/100|[from] item: Leftovers
|upkeep
|
|t:|1776131317
|switch|p2a: Metagross|Metagross, shiny|64/100
|-activate|p2a: Metagross|move: Sticky Web
|-fail|p2a: Metagross|unboost|[from] ability: Clear Body|[of] p2a: Metagross
|-damage|p2a: Metagross|58/100|[from] Stealth Rock
|turn|18
|inactive|SuperSpicyRamen has 30 seconds left.
|c|☆SuperSpicyRamen|Wihs i could respond fast lol but i got 20 secs each move now
|
|t:|1776131336
|move|p1a: Sinistcha|Scald|p2a: Metagross
|-damage|p2a: Metagross|43/100
|-status|p2a: Metagross|brn
|move|p2a: Metagross|Psychic Fangs|p1a: Sinistcha
|-damage|p1a: Sinistcha|69/100
|
|-heal|p1a: Sinistcha|75/100|[from] item: Leftovers
|-damage|p2a: Metagross|37/100 brn|[from] brn
|upkeep
|turn|19
|c|☆arashisarika22|I feel
|inactive|SuperSpicyRamen has 30 seconds left.
|inactive|SuperSpicyRamen has 20 seconds left.
|inactive|SuperSpicyRamen has 15 seconds left.
|inactive|arashisarika22 has 120 seconds left.
|c|☆arashisarika22|Run him with leftovers, natute to up physical defense drop special attack
|
|t:|1776131366
|move|p1a: Sinistcha|Matcha Gotcha|p2a: Metagross
|-resisted|p2a: Metagross
|-crit|p2a: Metagross
|-damage|p2a: Metagross|19/100 brn
|-heal|p1a: Sinistcha|83/100|[from] drain|[of] p2a: Metagross
|move|p2a: Metagross|Psychic Fangs|p1a: Sinistcha
|-damage|p1a: Sinistcha|68/100
|
|-heal|p1a: Sinistcha|74/100|[from] item: Leftovers
|-damage|p2a: Metagross|13/100 brn|[from] brn
|upkeep
|turn|20
|inactive|SuperSpicyRamen has 25 seconds left this turn.
|inactive|SuperSpicyRamen has 20 seconds left.
|inactive|SuperSpicyRamen has 15 seconds left.
|
|t:|1776131380
|switch|p1a: Meloetta|Meloetta, shiny|100/100
|move|p2a: Metagross|Meteor Mash|p1a: Meloetta|[miss]
|-miss|p2a: Metagross|p1a: Meloetta
|
|-damage|p2a: Metagross|7/100 brn|[from] brn
|upkeep
|turn|21
|inactive|SuperSpicyRamen has 25 seconds left this turn.
|
|t:|1776131389
|move|p1a: Meloetta|Relic Song|p2a: Metagross
|-resisted|p2a: Metagross
|-damage|p2a: Metagross|0 fnt
|faint|p2a: Metagross
|-formechange|p1a: Meloetta|Meloetta-Pirouette|[msg]
|
|upkeep
|
|t:|1776131408
|switch|p2a: Rillaboom|Rillaboom, M, shiny|100/100
|-fieldstart|move: Grassy Terrain|[from] ability: Grassy Surge|[of] p2a: Rillaboom
|turn|22
|
|t:|1776131415
|move|p2a: Rillaboom|Fake Out|p1a: Meloetta
|-damage|p1a: Meloetta|84/100
|cant|p1a: Meloetta|flinch
|
|-heal|p1a: Meloetta|91/100|[from] Grassy Terrain
|upkeep
|turn|23
|
|t:|1776131423
|-terastallize|p1a: Meloetta|Flying
|move|p1a: Meloetta|Triple Axel|p2a: Rillaboom|[miss]
|-miss|p1a: Meloetta|p2a: Rillaboom
|move|p2a: Rillaboom|Leech Seed|p1a: Meloetta
|-start|p1a: Meloetta|move: Leech Seed
|
|-damage|p1a: Meloetta|78/100|[from] Leech Seed|[of] p2a: Rillaboom
|upkeep
|turn|24
|inactive|arashisarika22 has 120 seconds left.
|
|t:|1776131438
|switch|p2a: Gengar|Gengar, M, shiny|100/100
|-activate|p2a: Gengar|move: Sticky Web
|-unboost|p2a: Gengar|spe|1
|-damage|p2a: Gengar|88/100|[from] Stealth Rock
|move|p1a: Meloetta|Triple Axel|p2a: Gengar
|-damage|p2a: Gengar|73/100
|-hitcount|p2a: Gengar|1
|
|-heal|p2a: Gengar|79/100|[from] Grassy Terrain
|-damage|p1a: Meloetta|66/100|[from] Leech Seed|[of] p2a: Gengar
|-heal|p2a: Gengar|95/100|[silent]
|upkeep
|turn|25
|inactive|SuperSpicyRamen has 60 seconds left.
|
|t:|1776131454
|switch|p1a: Grafaiai|Grafaiai, M|89/100 brn
|move|p2a: Gengar|Thunderbolt|p1a: Grafaiai
|-damage|p1a: Grafaiai|38/100 brn
|
|-heal|p1a: Grafaiai|44/100 brn|[from] Grassy Terrain
|-heal|p2a: Gengar|100/100|[from] Grassy Terrain
|-damage|p1a: Grafaiai|38/100 brn|[from] brn
|upkeep
|turn|26
|inactive|SuperSpicyRamen has 60 seconds left.
|
|t:|1776131466
|move|p1a: Grafaiai|Parting Shot|p2a: Gengar
|-unboost|p2a: Gengar|atk|1
|-unboost|p2a: Gengar|spa|1
|inactive|SuperSpicyRamen has 60 seconds left.
|
|t:|1776131472
|switch|p1a: Sinistcha|Sinistcha|74/100|[from] Parting Shot
|move|p2a: Gengar|Thunderbolt|p1a: Sinistcha
|-resisted|p1a: Sinistcha
|-damage|p1a: Sinistcha|61/100
|
|-heal|p1a: Sinistcha|67/100|[from] Grassy Terrain
|-heal|p1a: Sinistcha|73/100|[from] item: Leftovers
|-fieldend|move: Grassy Terrain
|upkeep
|turn|27
|inactive|SuperSpicyRamen has 60 seconds left.
|
|t:|1776131487
|move|p2a: Gengar|Sludge Wave|p1a: Sinistcha
|-damage|p1a: Sinistcha|35/100
|move|p1a: Sinistcha|Scald|p2a: Gengar
|-damage|p2a: Gengar|63/100
|
|-heal|p1a: Sinistcha|41/100|[from] item: Leftovers
|upkeep
|turn|28
|inactive|SuperSpicyRamen has 60 seconds left.
|
|t:|1776131500
|move|p2a: Gengar|Sludge Wave|p1a: Sinistcha
|-damage|p1a: Sinistcha|0 fnt
|faint|p1a: Sinistcha
|
|upkeep
|inactive|SuperSpicyRamen has 60 seconds left.
|
|t:|1776131506
|switch|p1a: Greninja|Greninja, M|100/100
|turn|29
|inactive|arashisarika22 has 120 seconds left.
|c|☆arashisarika22|Moveset is recover, rock salt, curse, and body press. Purifying salt for ability. Its ruthless man
|
|t:|1776131548
|switch|p1a: Grafaiai|Grafaiai, M|38/100 brn
|move|p2a: Gengar|Destiny Bond|p2a: Gengar
|-singlemove|p2a: Gengar|Destiny Bond
|
|-damage|p1a: Grafaiai|32/100 brn|[from] brn
|upkeep
|turn|30
|
|t:|1776131563
|move|p1a: Grafaiai|Encore|p2a: Gengar
|-start|p2a: Gengar|Encore
|move|p2a: Gengar|Destiny Bond||[still]
|-fail|p2a: Gengar
|
|-damage|p1a: Grafaiai|26/100 brn|[from] brn
|upkeep
|turn|31
|
|t:|1776131576
|switch|p2a: Pecharunt|Pecharunt|94/100
|-activate|p2a: Pecharunt|move: Sticky Web
|-unboost|p2a: Pecharunt|spe|1
|-damage|p2a: Pecharunt|82/100|[from] Stealth Rock
|move|p1a: Grafaiai|Parting Shot|p2a: Pecharunt
|-unboost|p2a: Pecharunt|atk|1
|-unboost|p2a: Pecharunt|spa|1
|
|t:|1776131589
|switch|p1a: Greninja|Greninja, M|100/100|[from] Parting Shot
|
|upkeep
|turn|32
|inactive|SuperSpicyRamen has 60 seconds left.
|c|☆SuperSpicyRamen|Maybe ill tack it onto my next team lol
|
|t:|1776131622
|move|p1a: Greninja|Dark Pulse|p2a: Pecharunt
|-supereffective|p2a: Pecharunt
|-damage|p2a: Pecharunt|1/100
|-damage|p1a: Greninja|91/100|[from] item: Life Orb
|move|p2a: Pecharunt|Toxic|p1a: Greninja
|-status|p1a: Greninja|tox
|-start|p1a: Greninja|confusion|[from] ability: Poison Puppeteer|[of] p2a: Pecharunt
|
|-damage|p1a: Greninja|85/100 tox|[from] psn
|upkeep
|turn|33
|inactive|arashisarika22 has 120 seconds left.
|
|t:|1776131633
|move|p2a: Pecharunt|Protect|p2a: Pecharunt
|-singleturn|p2a: Pecharunt|Protect
|-activate|p1a: Greninja|confusion
|move|p1a: Greninja|Dark Pulse|p2a: Pecharunt
|-activate|p2a: Pecharunt|move: Protect
|
|-damage|p1a: Greninja|73/100 tox|[from] psn
|upkeep
|turn|34
|inactive|arashisarika22 has 120 seconds left.
|
|t:|1776131647
|-activate|p1a: Greninja|confusion
|move|p1a: Greninja|Water Shuriken|p2a: Pecharunt
|-damage|p2a: Pecharunt|0 fnt
|faint|p2a: Pecharunt
|-ability|p1a: Greninja|Battle Bond|boost
|-boost|p1a: Greninja|atk|1
|-boost|p1a: Greninja|spa|1
|-boost|p1a: Greninja|spe|1
|-activate|p1a: Greninja|ability: Battle Bond
|-hitcount|p2: Pecharunt|1
|-damage|p1a: Greninja|63/100 tox|[from] item: Life Orb
|
|-damage|p1a: Greninja|45/100 tox|[from] psn
|upkeep
|
|t:|1776131661
|switch|p2a: Rillaboom|Rillaboom, M, shiny|100/100
|-fieldstart|move: Grassy Terrain|[from] ability: Grassy Surge|[of] p2a: Rillaboom
|turn|35
|
|t:|1776131669
|move|p2a: Rillaboom|Fake Out|p1a: Greninja
|-damage|p1a: Greninja|22/100 tox
|cant|p1a: Greninja|flinch
|
|-heal|p1a: Greninja|28/100 tox|[from] Grassy Terrain
|-damage|p1a: Greninja|4/100 tox|[from] psn
|upkeep
|turn|36
|inactive|arashisarika22 has 120 seconds left.
|
|t:|1776131678
|-activate|p1a: Greninja|confusion
|-damage|p1a: Greninja|0 fnt|[from] confusion
|faint|p1a: Greninja
|move|p2a: Rillaboom|Grassy Glide|p1: Greninja|[notarget]
|-fail|p2a: Rillaboom
|
|upkeep
|
|t:|1776131683
|switch|p1a: Grafaiai|Grafaiai, M|26/100 brn
|turn|37
|inactive|SuperSpicyRamen has 90 seconds left.
|
|t:|1776131696
|-terastallize|p2a: Rillaboom|Ground
|move|p1a: Grafaiai|Parting Shot|p2a: Rillaboom
|-unboost|p2a: Rillaboom|atk|1
|-unboost|p2a: Rillaboom|spa|1
|
|t:|1776131700
|switch|p1a: Meloetta|Meloetta, shiny, tera:Flying|66/100|[from] Parting Shot
|move|p2a: Rillaboom|Earthquake|p1a: Meloetta
|-immune|p1a: Meloetta
|
|upkeep
|turn|38
|
|t:|1776131708
|move|p1a: Meloetta|Relic Song|p2a: Rillaboom
|-damage|p2a: Rillaboom|71/100
|-formechange|p1a: Meloetta|Meloetta-Pirouette|[msg]
|move|p2a: Rillaboom|Leech Seed|p1a: Meloetta
|-start|p1a: Meloetta|move: Leech Seed
|
|-heal|p2a: Rillaboom|77/100|[from] Grassy Terrain
|-damage|p1a: Meloetta|54/100|[from] Leech Seed|[of] p2a: Rillaboom
|-heal|p2a: Rillaboom|87/100|[silent]
|upkeep
|turn|39
|c|☆arashisarika22|Feel free.  Worth it friend. And nice parting shot play
|inactive|arashisarika22 has 120 seconds left.
|
|t:|1776131744
|switch|p2a: Gengar|Gengar, M, shiny|63/100
|-activate|p2a: Gengar|move: Sticky Web
|-unboost|p2a: Gengar|spe|1
|-damage|p2a: Gengar|51/100|[from] Stealth Rock
|move|p1a: Meloetta|Triple Axel|p2a: Gengar|[miss]
|-miss|p1a: Meloetta|p2a: Gengar
|
|-heal|p2a: Gengar|57/100|[from] Grassy Terrain
|-damage|p1a: Meloetta|41/100|[from] Leech Seed|[of] p2a: Gengar
|-heal|p2a: Gengar|73/100|[silent]
|-fieldend|move: Grassy Terrain
|upkeep
|turn|40
|inactive|arashisarika22 has 120 seconds left.
|inactive|SuperSpicyRamen has 90 seconds left.
|c|☆SuperSpicyRamen|Lmao pretty sure thats the second time i missed triple axel
|
|t:|1776131779
|move|p1a: Meloetta|Triple Axel|p2a: Gengar
|-damage|p2a: Gengar|58/100
|-damage|p2a: Gengar|28/100
|-start|p1a: Meloetta|Disable|Triple Axel|[from] ability: Cursed Body|[of] p2a: Gengar
|-damage|p2a: Gengar|0 fnt
|faint|p2a: Gengar
|-hitcount|p2: Gengar|3
|
|upkeep
|c|☆arashisarika22|It is.  And i know it hurts
|
|t:|1776131797
|switch|p2a: Rillaboom|Rillaboom, M, shiny, tera:Ground|87/100
|-fieldstart|move: Grassy Terrain|[from] ability: Grassy Surge|[of] p2a: Rillaboom
|turn|41
|c|☆SuperSpicyRamen|oh it does.
|inactive|SuperSpicyRamen has 90 seconds left.
|
|t:|1776131803
|switch|p1a: Grafaiai|Grafaiai, M|26/100 brn
|move|p2a: Rillaboom|Fake Out|p1a: Grafaiai
|-damage|p1a: Grafaiai|0 fnt
|faint|p1a: Grafaiai
|
|-heal|p2a: Rillaboom|94/100|[from] Grassy Terrain
|upkeep
|
|t:|1776131808
|switch|p1a: Meloetta|Meloetta, shiny, tera:Flying|41/100
|turn|42
|inactive|arashisarika22 has 120 seconds left.
|c|☆SuperSpicyRamen|Theres only one thing that could save me
|
|t:|1776131822
|move|p2a: Rillaboom|Grassy Glide|p1a: Meloetta
|-resisted|p1a: Meloetta
|-damage|p1a: Meloetta|15/100
|move|p1a: Meloetta|Relic Song|p2a: Rillaboom
|-damage|p2a: Rillaboom|62/100
|-formechange|p1a: Meloetta|Meloetta-Pirouette|[msg]
|
|-heal|p2a: Rillaboom|69/100|[from] Grassy Terrain
|upkeep
|turn|43
|inactive|arashisarika22 has 120 seconds left.
|c|☆SuperSpicyRamen|Aaand it didn’t happen lol
|c|☆SuperSpicyRamen|gg
|
|t:|1776131845
|move|p2a: Rillaboom|Grassy Glide|p1a: Meloetta
|-resisted|p1a: Meloetta
|-damage|p1a: Meloetta|0 fnt
|faint|p1a: Meloetta
|
|win|arashisarika22
|raw|SuperSpicyRamen's rating: 1133 &rarr; <strong>1109</strong><br />(-24 for losing)
|raw|arashisarika22's rating: 1147 &rarr; <strong>1171</strong><br />(+24 for winning)
|l|☆SuperSpicyRamen
|player|p1|
|c|☆arashisarika22|Gg. Good luck
|j|☆SuperSpicyRamen
|player|p1|SuperSpicyRamen|hilbert|
|l|☆arashisarika22
|player|p2|
|c|☆SuperSpicyRamen|Thanks
