|html|<div class="broadcast-blue"><strong>[Gen 9] OU is currently suspecting Tera Blast! For information on how to participate check out the <a href="https://www.smogon.com/tools/suspects/view/200">suspect thread</a>.</strong></div>
|j|☆Fanmina
|j|☆decidueyebadlol
|t:|1776191405
|gametype|singles
|player|p1|Fanmina|waitress|1000
|player|p2|decidueyebadlol|2|1000
|gen|9
|tier|[Gen 9] OU
|rated|
|rule|HP Percentage Mod: HP is shown in percentages
|rule|Endless Battle Clause: Forcing endless battles is banned
|rule|Species Clause: Limit one of each Pokémon
|rule|OHKO Clause: OHKO moves are banned
|rule|Evasion Items Clause: Evasion items are banned
|rule|Evasion Moves Clause: Evasion moves are banned
|rule|Evasion Abilities Clause: Evasion abilities are banned
|rule|Sleep Moves Clause: Sleep-inducing moves are banned
|clearpoke
|poke|p1|Dragonite, M|
|poke|p1|Espeon, M|
|poke|p1|Ceruledge, F|
|poke|p1|Zamazenta-*|
|poke|p1|Umbreon, F|
|poke|p1|Cloyster, M|
|poke|p2|Decidueye-Hisui, M|
|poke|p2|Indeedee, M|
|poke|p2|Hatterene, F|
|poke|p2|Maushold|
|poke|p2|Armarouge, M|
|poke|p2|Polteageist|
|teampreview
|
|t:|1776191410
|teamsize|p1|6
|teamsize|p2|6
|start
|switch|p1a: Espeon|Espeon, M|100/100
|switch|p2a: Indeedee|Indeedee, M|100/100
|-fieldstart|move: Psychic Terrain|[from] ability: Psychic Surge|[of] p2a: Indeedee
|turn|1
|
|t:|1776191420
|switch|p2a: Hatterene|Hatterene, F|100/100
|move|p1a: Espeon|Calm Mind|p1a: Espeon
|-boost|p1a: Espeon|spa|1
|-boost|p1a: Espeon|spd|1
|
|upkeep
|turn|2
|
|t:|1776191431
|move|p1a: Espeon|Future Sight|p2a: Hatterene
|-start|p1a: Espeon|move: Future Sight
|move|p2a: Hatterene|Nuzzle|p1a: Espeon
|-damage|p1a: Espeon|93/100
|-status|p1a: Espeon|par
|
|upkeep
|turn|3
|
|t:|1776191442
|move|p1a: Espeon|Trick|p2a: Hatterene
|-activate|p1a: Espeon|move: Trick|[of] p2a: Hatterene
|-item|p2a: Hatterene|Ability Shield|[from] move: Trick
|-item|p1a: Espeon|Eject Button|[from] move: Trick
|move|p2a: Hatterene|Draining Kiss|p1a: Espeon
|-damage|p1a: Espeon|74/100 par
|-enditem|p1a: Espeon|Eject Button
|
|t:|1776191452
|switch|p1a: Ceruledge|Ceruledge, F|100/100
|
|upkeep
|turn|4
|
|t:|1776191459
|move|p1a: Ceruledge|Overheat|p2a: Hatterene
|-damage|p2a: Hatterene|68/100
|-unboost|p1a: Ceruledge|spa|2
|move|p2a: Hatterene|Nuzzle|p1a: Ceruledge
|-damage|p1a: Ceruledge|94/100
|-status|p1a: Ceruledge|par
|
|-end|p2a: Hatterene|move: Future Sight
|-resisted|p2a: Hatterene
|-damage|p2a: Hatterene|28/100
|-heal|p1a: Ceruledge|99/100 par|[from] item: Leftovers
|upkeep
|turn|5
|
|t:|1776191473
|switch|p2a: Armarouge|Armarouge, M|100/100
|move|p1a: Ceruledge|Iron Defense|p1a: Ceruledge
|-boost|p1a: Ceruledge|def|2
|
|-heal|p1a: Ceruledge|100/100 par|[from] item: Leftovers
|upkeep
|turn|6
|
|t:|1776191487
|move|p2a: Armarouge|Expanding Force|p1a: Ceruledge
|-damage|p1a: Ceruledge|0 fnt
|faint|p1a: Ceruledge
|
|upkeep
|
|t:|1776191498
|switch|p1a: Dragonite|Dragonite, M, shiny|100/100
|turn|7
|
|t:|1776191505
|-terastallize|p1a: Dragonite|Ground
|move|p1a: Dragonite|Dragon Dance|p1a: Dragonite
|-boost|p1a: Dragonite|atk|1
|-boost|p1a: Dragonite|spe|1
|move|p2a: Armarouge|Expanding Force|p1a: Dragonite
|-damage|p1a: Dragonite|53/100
|
|upkeep
|turn|8
|
|t:|1776191513
|move|p1a: Dragonite|Earthquake|p2a: Armarouge
|-supereffective|p2a: Armarouge
|-damage|p2a: Armarouge|0 fnt
|faint|p2a: Armarouge
|
|-fieldend|move: Psychic Terrain
|upkeep
|
|t:|1776191521
|switch|p2a: Indeedee|Indeedee, M|100/100
|-fieldstart|move: Psychic Terrain|[from] ability: Psychic Surge|[of] p2a: Indeedee
|turn|9
|
|t:|1776191527
|move|p1a: Dragonite|Earthquake|p2a: Indeedee
|-damage|p2a: Indeedee|0 fnt
|faint|p2a: Indeedee
|
|upkeep
|
|t:|1776191532
|switch|p2a: Decidueye|Decidueye-Hisui, M|100/100
|-enditem|p2a: Decidueye|Psychic Seed
|-boost|p2a: Decidueye|spd|1|[from] item: Psychic Seed
|turn|10
|
|t:|1776191537
|-terastallize|p2a: Decidueye|Fairy
|move|p1a: Dragonite|Earthquake|p2a: Decidueye
|-damage|p2a: Decidueye|13/100
|move|p2a: Decidueye|Bulk Up|p2a: Decidueye
|-boost|p2a: Decidueye|atk|1
|-boost|p2a: Decidueye|def|1
|
|upkeep
|turn|11
|-message|decidueyebadlol forfeited.
|
|win|Fanmina
|raw|Fanmina's rating: 1000 &rarr; <strong>1040</strong><br />(+40 for winning)
|raw|decidueyebadlol's rating: 1000 &rarr; <strong>1000</strong><br />(+0 for losing)
|l|☆decidueyebadlol
|player|p2|
