|html|<div class="broadcast-blue"><strong>[Gen 9] OU is currently suspecting Tera Blast! For information on how to participate check out the <a href="https://www.smogon.com/tools/suspects/view/200">suspect thread</a>.</strong></div>
|j|☆soulesstm303
|j|‽GODKUD
|t:|1776045054
|gametype|singles
|player|p1|soulesstm303|dawn|1427
|player|p2|GODKUD|ghetsis-gen5bw|1400
|gen|9
|tier|[Gen 9] OU
|rated|
|rule|HP Percentage Mod: HP is shown in percentages
|rule|Endless Battle Clause: Forcing endless battles is banned
|rule|Species Clause: Limit one of each Pokémon
|rule|OHKO Clause: OHKO moves are banned
|rule|Evasion Items Clause: Evasion items are banned
|rule|Evasion Moves Clause: Evasion moves are banned
|rule|Evasion Abilities Clause: Evasion abilities are banned
|rule|Sleep Moves Clause: Sleep-inducing moves are banned
|clearpoke
|poke|p1|Veluza, F|
|poke|p1|Indeedee, M|
|poke|p1|Maushold|
|poke|p1|Hawlucha, M|
|poke|p1|Hatterene, F|
|poke|p1|Polteageist|
|poke|p2|Feraligatr, M|
|poke|p2|Conkeldurr, M|
|poke|p2|Rampardos, F|
|poke|p2|Haxorus, F|
|poke|p2|Deoxys-Speed|
|poke|p2|Tornadus-Therian, M|
|teampreview
|inactive|Battle timer is ON: inactive players will automatically lose when time's up. (requested by GODKUD)
|
|t:|1776045060
|teamsize|p1|6
|teamsize|p2|6
|start
|switch|p1a: Indeedee|Indeedee, M|100/100
|switch|p2a: Deoxys|Deoxys-Speed|100/100
|-ability|p2a: Deoxys|Pressure
|-fieldstart|move: Psychic Terrain|[from] ability: Psychic Surge|[of] p1a: Indeedee
|turn|1
|
|t:|1776045070
|move|p2a: Deoxys|Light Screen|p2a: Deoxys
|-sidestart|p2: GODKUD|move: Light Screen
|move|p1a: Indeedee|Substitute|p1a: Indeedee
|-start|p1a: Indeedee|Substitute
|-damage|p1a: Indeedee|76/100
|
|upkeep
|turn|2
|
|t:|1776045076
|move|p2a: Deoxys|Stealth Rock|p1a: Indeedee
|-sidestart|p1: soulesstm303|move: Stealth Rock
|move|p1a: Indeedee|Encore|p2a: Deoxys
|-start|p2a: Deoxys|Encore
|
|upkeep
|turn|3
|
|t:|1776045082
|switch|p2a: Rampardos|Rampardos, F|100/100
|-ability|p2a: Rampardos|Mold Breaker
|move|p1a: Indeedee|Expanding Force|p2a: Rampardos
|-damage|p2a: Rampardos|36/100
|
|upkeep
|turn|4
|
|t:|1776045089
|move|p1a: Indeedee|Expanding Force|p2a: Rampardos
|-damage|p2a: Rampardos|0 fnt
|faint|p2a: Rampardos
|
|upkeep
|
|t:|1776045096
|switch|p2a: Feraligatr|Feraligatr, M|100/100
|turn|5
|
|t:|1776045100
|move|p1a: Indeedee|Expanding Force|p2a: Feraligatr
|-damage|p2a: Feraligatr|54/100
|move|p2a: Feraligatr|Crunch|p1a: Indeedee
|-supereffective|p1a: Indeedee
|-end|p1a: Indeedee|Substitute
|
|upkeep
|turn|6
|
|t:|1776045108
|switch|p1a: Hatterene|Hatterene, F|100/100
|-damage|p1a: Hatterene|88/100|[from] Stealth Rock
|move|p2a: Feraligatr|Crunch|p1a: Hatterene
|-damage|p1a: Hatterene|34/100
|
|upkeep
|turn|7
|
|t:|1776045115
|switch|p1a: Maushold|Maushold|100/100
|-damage|p1a: Maushold|88/100|[from] Stealth Rock
|move|p2a: Feraligatr|Liquidation|p1a: Maushold
|-damage|p1a: Maushold|0 fnt
|faint|p1a: Maushold
|
|upkeep
|
|t:|1776045128
|switch|p1a: Veluza|Veluza, F|100/100
|-damage|p1a: Veluza|88/100|[from] Stealth Rock
|turn|8
|
|t:|1776045131
|move|p1a: Veluza|Fillet Away|p1a: Veluza
|-boost|p1a: Veluza|atk|2
|-boost|p1a: Veluza|spa|2
|-boost|p1a: Veluza|spe|2
|-damage|p1a: Veluza|38/100
|-enditem|p1a: Veluza|Sitrus Berry|[eat]
|-heal|p1a: Veluza|63/100|[from] item: Sitrus Berry
|move|p2a: Feraligatr|Crunch|p1a: Veluza
|-supereffective|p1a: Veluza
|-damage|p1a: Veluza|0 fnt
|faint|p1a: Veluza
|
|-sideend|p2: GODKUD|move: Light Screen
|-fieldend|move: Psychic Terrain
|upkeep
|
|t:|1776045142
|switch|p1a: Indeedee|Indeedee, M|76/100
|-damage|p1a: Indeedee|63/100|[from] Stealth Rock
|-fieldstart|move: Psychic Terrain|[from] ability: Psychic Surge|[of] p1a: Indeedee
|turn|9
|
|t:|1776045145
|move|p1a: Indeedee|Expanding Force|p2a: Feraligatr
|-damage|p2a: Feraligatr|0 fnt
|faint|p2a: Feraligatr
|
|upkeep
|
|t:|1776045148
|switch|p2a: Deoxys|Deoxys-Speed|100/100
|-ability|p2a: Deoxys|Pressure
|turn|10
|
|t:|1776045152
|move|p2a: Deoxys|Taunt|p1a: Indeedee
|-start|p1a: Indeedee|move: Taunt
|cant|p1a: Indeedee|move: Taunt|Encore
|
|upkeep
|turn|11
|
|t:|1776045161
|switch|p1a: Hatterene|Hatterene, F|34/100
|-damage|p1a: Hatterene|22/100|[from] Stealth Rock
|move|p2a: Deoxys|Reflect|p2a: Deoxys
|-sidestart|p2: GODKUD|Reflect
|
|upkeep
|turn|12
|
|t:|1776045165
|move|p2a: Deoxys|Light Screen|p2a: Deoxys
|-sidestart|p2: GODKUD|move: Light Screen
|move|p1a: Hatterene|Nuzzle|p2a: Deoxys
|-damage|p2a: Deoxys|98/100
|-status|p2a: Deoxys|par
|
|upkeep
|turn|13
|
|t:|1776045171
|switch|p2a: Conkeldurr|Conkeldurr, M|100/100
|move|p1a: Hatterene|Mystical Fire|p2a: Conkeldurr
|-damage|p2a: Conkeldurr|79/100
|-unboost|p2a: Conkeldurr|spa|1
|
|-status|p2a: Conkeldurr|brn|[from] item: Flame Orb
|upkeep
|turn|14
|
|t:|1776045176
|move|p2a: Conkeldurr|Knock Off|p1a: Hatterene
|-damage|p1a: Hatterene|0 fnt
|-enditem|p1a: Hatterene|Eject Button|[from] move: Knock Off|[of] p2a: Conkeldurr
|faint|p1a: Hatterene
|
|-damage|p2a: Conkeldurr|73/100 brn|[from] brn
|upkeep
|
|t:|1776045183
|switch|p1a: Hawlucha|Hawlucha, M|100/100
|-damage|p1a: Hawlucha|88/100|[from] Stealth Rock
|-enditem|p1a: Hawlucha|Psychic Seed
|-boost|p1a: Hawlucha|spd|1|[from] item: Psychic Seed
|turn|15
|
|t:|1776045185
|move|p1a: Hawlucha|Swords Dance|p1a: Hawlucha
|-boost|p1a: Hawlucha|atk|2
|move|p2a: Conkeldurr|Facade|p1a: Hawlucha
|-damage|p1a: Hawlucha|0 fnt
|faint|p1a: Hawlucha
|
|-damage|p2a: Conkeldurr|67/100 brn|[from] brn
|upkeep
|
|t:|1776045193
|switch|p1a: Indeedee|Indeedee, M|63/100
|-damage|p1a: Indeedee|51/100|[from] Stealth Rock
|turn|16
|
|t:|1776045198
|switch|p2a: Deoxys|Deoxys-Speed|98/100 par
|-ability|p2a: Deoxys|Pressure
|move|p1a: Indeedee|Expanding Force|p2a: Deoxys
|-resisted|p2a: Deoxys
|-damage|p2a: Deoxys|78/100 par
|
|-fieldend|move: Psychic Terrain
|upkeep
|turn|17
|
|t:|1776045205
|switch|p2a: Tornadus|Tornadus-Therian, M|100/100
|move|p1a: Indeedee|Expanding Force|p2a: Tornadus
|-damage|p2a: Tornadus|76/100
|
|upkeep
|turn|18
|
|t:|1776045210
|move|p2a: Tornadus|Bleakwind Storm|p1a: Indeedee
|-damage|p1a: Indeedee|0 fnt
|faint|p1a: Indeedee
|-damage|p2a: Tornadus|67/100|[from] item: Life Orb
|
|-sideend|p2: GODKUD|Reflect
|upkeep
|
|t:|1776045218
|switch|p1a: Polteageist|Polteageist|100/100
|-damage|p1a: Polteageist|88/100|[from] Stealth Rock
|turn|19
|
|t:|1776045220
|move|p2a: Tornadus|Bleakwind Storm|p1a: Polteageist
|-damage|p1a: Polteageist|17/100
|-unboost|p1a: Polteageist|spe|1
|-damage|p2a: Tornadus|57/100|[from] item: Life Orb
|move|p1a: Polteageist|Shell Smash|p1a: Polteageist
|-unboost|p1a: Polteageist|def|1
|-unboost|p1a: Polteageist|spd|1
|-boost|p1a: Polteageist|atk|2
|-boost|p1a: Polteageist|spa|2
|-boost|p1a: Polteageist|spe|2
|
|-sideend|p2: GODKUD|move: Light Screen
|upkeep
|turn|20
|
|t:|1776045230
|move|p1a: Polteageist|Stored Power|p2a: Tornadus
|-damage|p2a: Tornadus|0 fnt
|faint|p2a: Tornadus
|
|upkeep
|
|t:|1776045235
|switch|p2a: Haxorus|Haxorus, F|100/100
|-ability|p2a: Haxorus|Mold Breaker
|turn|21
|
|t:|1776045242
|move|p1a: Polteageist|Stored Power|p2a: Haxorus
|-damage|p2a: Haxorus|0 fnt
|faint|p2a: Haxorus
|
|upkeep
|
|t:|1776045244
|switch|p2a: Deoxys|Deoxys-Speed|78/100 par
|-ability|p2a: Deoxys|Pressure
|turn|22
|
|t:|1776045250
|move|p1a: Polteageist|Shadow Ball|p2a: Deoxys
|-supereffective|p2a: Deoxys
|-damage|p2a: Deoxys|0 fnt
|faint|p2a: Deoxys
|
|upkeep
|
|t:|1776045253
|switch|p2a: Conkeldurr|Conkeldurr, M|67/100 brn
|turn|23
|
|t:|1776045260
|-terastallize|p2a: Conkeldurr|Normal
|move|p1a: Polteageist|Stored Power|p2a: Conkeldurr
|-damage|p2a: Conkeldurr|0 fnt
|faint|p2a: Conkeldurr
|
|win|soulesstm303
|raw|soulesstm303's rating: 1427 &rarr; <strong>1445</strong><br />(+18 for winning)
|raw|GODKUD's rating: 1400 &rarr; <strong>1382</strong><br />(-18 for losing)
|l|☆soulesstm303
|player|p1|
|l|‽GODKUD
|player|p2|
