|html|<div class="broadcast-blue"><strong>[Gen 9] OU is currently suspecting Tera Blast! For information on how to participate check out the <a href="https://www.smogon.com/tools/suspects/view/200">suspect thread</a>.</strong></div>
|j|☆SS D Venerable
|j|☆testingolem
|t:|1776086421
|gametype|singles
|player|p1|SS D Venerable|medium|1433
|player|p2|testingolem|hiker-gen4|1551
|gen|9
|tier|[Gen 9] OU
|rated|
|rule|HP Percentage Mod: HP is shown in percentages
|rule|Endless Battle Clause: Forcing endless battles is banned
|rule|Species Clause: Limit one of each Pokémon
|rule|OHKO Clause: OHKO moves are banned
|rule|Evasion Items Clause: Evasion items are banned
|rule|Evasion Moves Clause: Evasion moves are banned
|rule|Evasion Abilities Clause: Evasion abilities are banned
|rule|Sleep Moves Clause: Sleep-inducing moves are banned
|clearpoke
|poke|p1|Araquanid, M|
|poke|p1|Raging Bolt|
|poke|p1|Great Tusk|
|poke|p1|Kingambit, F|
|poke|p1|Slowking-Galar, F|
|poke|p1|Pecharunt|
|poke|p2|Kingambit, F|
|poke|p2|Deoxys-Speed|
|poke|p2|Great Tusk|
|poke|p2|Primarina, M|
|poke|p2|Raging Bolt|
|poke|p2|Smeargle, M|
|teampreview
|
|t:|1776086428
|teamsize|p1|6
|teamsize|p2|6
|start
|switch|p1a: Kingambit|Kingambit, F|100/100
|switch|p2a: Smeargle|Smeargle, M|100/100
|turn|1
|
|t:|1776086434
|move|p2a: Smeargle|Burning Bulwark|p2a: Smeargle
|-singleturn|p2a: Smeargle|move: Protect
|move|p1a: Kingambit|Kowtow Cleave|p2a: Smeargle
|-activate|p2a: Smeargle|move: Protect
|-status|p1a: Kingambit|brn
|
|-damage|p1a: Kingambit|94/100 brn|[from] brn
|upkeep
|turn|2
|j| HAM8821
|
|t:|1776086442
|move|p2a: Smeargle|Stone Axe|p1a: Kingambit
|-resisted|p1a: Kingambit
|-damage|p1a: Kingambit|91/100 brn
|-sidestart|p1: SS D Venerable|move: Stealth Rock
|move|p1a: Kingambit|Low Kick|p2a: Smeargle
|-supereffective|p2a: Smeargle
|-damage|p2a: Smeargle|38/100
|
|-damage|p1a: Kingambit|85/100 brn|[from] brn
|upkeep
|turn|3
|
|t:|1776086451
|move|p2a: Smeargle|Endeavor|p1a: Kingambit
|-damage|p1a: Kingambit|24/100 brn
|move|p1a: Kingambit|Kowtow Cleave|p2a: Smeargle
|-damage|p2a: Smeargle|0 fnt
|faint|p2a: Smeargle
|
|-damage|p1a: Kingambit|17/100 brn|[from] brn
|upkeep
|
|t:|1776086455
|switch|p2a: Great Tusk|Great Tusk|100/100
|-enditem|p2a: Great Tusk|Booster Energy
|-activate|p2a: Great Tusk|ability: Protosynthesis|[fromitem]
|-start|p2a: Great Tusk|protosynthesisspe
|turn|4
|
|t:|1776086473
|-end|p1a: Kingambit|fallenundefined|[silent]
|switch|p1a: Araquanid|Araquanid, M|100/100
|move|p2a: Great Tusk|Bulk Up|p2a: Great Tusk
|-boost|p2a: Great Tusk|atk|1
|-boost|p2a: Great Tusk|def|1
|
|upkeep
|turn|5
|
|t:|1776086479
|move|p2a: Great Tusk|Earthquake|p1a: Araquanid
|-resisted|p1a: Araquanid
|-damage|p1a: Araquanid|71/100
|move|p1a: Araquanid|Surf|p2a: Great Tusk
|-supereffective|p2a: Great Tusk
|-damage|p2a: Great Tusk|0 fnt
|faint|p2a: Great Tusk
|-end|p2a: Great Tusk|Protosynthesis|[silent]
|
|upkeep
|
|t:|1776086484
|switch|p2a: Deoxys|Deoxys-Speed|100/100
|-ability|p2a: Deoxys|Pressure
|turn|6
|
|t:|1776086491
|switch|p1a: Kingambit|Kingambit, F|17/100 brn
|-damage|p1a: Kingambit|11/100 brn|[from] Stealth Rock
|move|p2a: Deoxys|Psycho Boost|p1a: Kingambit
|-immune|p1a: Kingambit
|
|-damage|p1a: Kingambit|5/100 brn|[from] brn
|upkeep
|turn|7
|
|t:|1776086499
|switch|p2a: Kingambit|Kingambit, F|100/100
|-activate|p2a: Kingambit|ability: Supreme Overlord
|-start|p2a: Kingambit|fallen2|[silent]
|-item|p2a: Kingambit|Air Balloon
|move|p1a: Kingambit|Sucker Punch||[still]
|-fail|p1a: Kingambit
|
|-damage|p1a: Kingambit|0 fnt|[from] brn
|faint|p1a: Kingambit
|-end|p1a: Kingambit|fallenundefined|[silent]
|upkeep
|
|t:|1776086512
|switch|p1a: Great Tusk|Great Tusk|100/100
|-damage|p1a: Great Tusk|98/100|[from] Stealth Rock
|turn|8
|
|t:|1776086517
|-end|p2a: Kingambit|fallen2|[silent]
|switch|p2a: Deoxys|Deoxys-Speed|100/100
|-ability|p2a: Deoxys|Pressure
|move|p1a: Great Tusk|Rapid Spin|p2a: Deoxys
|-damage|p2a: Deoxys|77/100
|-boost|p1a: Great Tusk|spe|1
|-sideend|p1: SS D Venerable|Stealth Rock|[from] move: Rapid Spin|[of] p1a: Great Tusk
|
|upkeep
|turn|9
|
|t:|1776086544
|-end|p1a: Great Tusk|Protosynthesis|[silent]
|switch|p1a: Araquanid|Araquanid, M|71/100
|move|p2a: Deoxys|Psycho Boost|p1a: Araquanid
|-damage|p1a: Araquanid|6/100
|-unboost|p2a: Deoxys|spa|2
|-damage|p2a: Deoxys|67/100|[from] item: Life Orb
|
|upkeep
|turn|10
|
|t:|1776086552
|switch|p2a: Primarina|Primarina, M|100/100
|move|p1a: Araquanid|Sticky Web|p2a: Primarina
|-sidestart|p2: testingolem|move: Sticky Web
|
|upkeep
|turn|11
|
|t:|1776086558
|move|p2a: Primarina|Draining Kiss|p1a: Araquanid
|-damage|p1a: Araquanid|0 fnt
|faint|p1a: Araquanid
|
|upkeep
|
|t:|1776086562
|switch|p1a: Raging Bolt|Raging Bolt|100/100
|turn|12
|
|t:|1776086565
|-terastallize|p2a: Primarina|Ground
|move|p1a: Raging Bolt|Thunderbolt|p2a: Primarina
|-immune|p2a: Primarina
|move|p2a: Primarina|Moonblast|p1a: Raging Bolt
|-supereffective|p1a: Raging Bolt
|-damage|p1a: Raging Bolt|45/100
|
|upkeep
|turn|13
|
|t:|1776086577
|move|p1a: Raging Bolt|Dragon Pulse|p2a: Primarina
|-damage|p2a: Primarina|74/100
|move|p2a: Primarina|Moonblast|p1a: Raging Bolt
|-supereffective|p1a: Raging Bolt
|-damage|p1a: Raging Bolt|0 fnt
|faint|p1a: Raging Bolt
|-end|p1a: Raging Bolt|Protosynthesis|[silent]
|
|upkeep
|
|t:|1776086588
|switch|p1a: Slowking|Slowking-Galar, F|100/100
|turn|14
|
|t:|1776086591
|move|p2a: Primarina|Flip Turn|p1a: Slowking
|-damage|p1a: Slowking|85/100
|
|t:|1776086592
|switch|p2a: Kingambit|Kingambit, F|100/100|[from] Flip Turn
|-activate|p2a: Kingambit|ability: Supreme Overlord
|-start|p2a: Kingambit|fallen2|[silent]
|-item|p2a: Kingambit|Air Balloon
|move|p1a: Slowking|Ice Beam|p2a: Kingambit
|-resisted|p2a: Kingambit
|-damage|p2a: Kingambit|86/100
|-enditem|p2a: Kingambit|Air Balloon
|
|upkeep
|turn|15
|
|t:|1776086602
|switch|p1a: Great Tusk|Great Tusk|98/100
|move|p2a: Kingambit|Iron Head|p1a: Great Tusk
|-damage|p1a: Great Tusk|63/100
|-damage|p2a: Kingambit|69/100|[from] item: Rocky Helmet|[of] p1a: Great Tusk
|
|upkeep
|turn|16
|
|t:|1776086610
|move|p1a: Great Tusk|Headlong Rush|p2a: Kingambit
|-supereffective|p2a: Kingambit
|-damage|p2a: Kingambit|0 fnt
|-unboost|p1a: Great Tusk|def|1
|-unboost|p1a: Great Tusk|spd|1
|faint|p2a: Kingambit
|-end|p2a: Kingambit|fallen2|[silent]
|
|upkeep
|
|t:|1776086612
|switch|p2a: Deoxys|Deoxys-Speed|67/100
|-activate|p2a: Deoxys|move: Sticky Web
|-unboost|p2a: Deoxys|spe|1
|-ability|p2a: Deoxys|Pressure
|turn|17
|l| HAM8821
|
|t:|1776086632
|-end|p1a: Great Tusk|Protosynthesis|[silent]
|switch|p1a: Pecharunt|Pecharunt|100/100
|move|p2a: Deoxys|Psycho Boost|p1a: Pecharunt
|-supereffective|p1a: Pecharunt
|-damage|p1a: Pecharunt|0 fnt
|-unboost|p2a: Deoxys|spa|2
|faint|p1a: Pecharunt
|-damage|p2a: Deoxys|57/100|[from] item: Life Orb
|
|upkeep
|
|t:|1776086647
|switch|p1a: Slowking|Slowking-Galar, F|100/100
|turn|18
|
|t:|1776086652
|switch|p2a: Raging Bolt|Raging Bolt|100/100
|-activate|p2a: Raging Bolt|move: Sticky Web
|-unboost|p2a: Raging Bolt|spe|1
|-enditem|p2a: Raging Bolt|Booster Energy
|-activate|p2a: Raging Bolt|ability: Protosynthesis|[fromitem]
|-start|p2a: Raging Bolt|protosynthesisspa
|move|p1a: Slowking|Sludge Bomb|p2a: Raging Bolt
|-damage|p2a: Raging Bolt|63/100
|
|upkeep
|turn|19
|
|t:|1776086662
|move|p2a: Raging Bolt|Dragon Pulse|p1a: Slowking
|-damage|p1a: Slowking|48/100
|move|p1a: Slowking|Ice Beam|p2a: Raging Bolt
|-supereffective|p2a: Raging Bolt
|-damage|p2a: Raging Bolt|14/100
|
|upkeep
|turn|20
|
|t:|1776086676
|move|p2a: Raging Bolt|Calm Mind|p2a: Raging Bolt
|-boost|p2a: Raging Bolt|spa|1
|-boost|p2a: Raging Bolt|spd|1
|move|p1a: Slowking|Ice Beam|p2a: Raging Bolt
|-supereffective|p2a: Raging Bolt
|-damage|p2a: Raging Bolt|0 fnt
|faint|p2a: Raging Bolt
|-end|p2a: Raging Bolt|Protosynthesis|[silent]
|
|upkeep
|
|t:|1776086678
|switch|p2a: Deoxys|Deoxys-Speed|57/100
|-activate|p2a: Deoxys|move: Sticky Web
|-unboost|p2a: Deoxys|spe|1
|-ability|p2a: Deoxys|Pressure
|turn|21
|
|t:|1776086712
|-terastallize|p1a: Slowking|Water
|move|p2a: Deoxys|Knock Off|p1a: Slowking
|-damage|p1a: Slowking|17/100
|-enditem|p1a: Slowking|Shuca Berry|[from] move: Knock Off|[of] p2a: Deoxys
|-damage|p2a: Deoxys|47/100|[from] item: Life Orb
|move|p1a: Slowking|Sludge Bomb|p2a: Deoxys
|-damage|p2a: Deoxys|0 fnt
|faint|p2a: Deoxys
|
|upkeep
|
|t:|1776086724
|switch|p2a: Primarina|Primarina, M, tera:Ground|74/100
|-activate|p2a: Primarina|move: Sticky Web
|-unboost|p2a: Primarina|spe|1
|turn|22
|
|t:|1776086738
|move|p2a: Primarina|Moonblast|p1a: Slowking
|-damage|p1a: Slowking|0 fnt
|faint|p1a: Slowking
|
|upkeep
|
|t:|1776086742
|switch|p1a: Great Tusk|Great Tusk|63/100
|turn|23
|
|t:|1776086747
|move|p1a: Great Tusk|Ice Spinner|p2a: Primarina
|-supereffective|p2a: Primarina
|-damage|p2a: Primarina|17/100
|move|p2a: Primarina|Hyper Voice|p1a: Great Tusk
|-supereffective|p1a: Great Tusk
|-damage|p1a: Great Tusk|0 fnt
|faint|p1a: Great Tusk
|-end|p1a: Great Tusk|Protosynthesis|[silent]
|
|win|testingolem
|raw|SS D Venerable's rating: 1433 &rarr; <strong>1420</strong><br />(-13 for losing)
|raw|testingolem's rating: 1551 &rarr; <strong>1564</strong><br />(+13 for winning)
|l|☆SS D Venerable
|player|p1|
|l|☆testingolem
|player|p2|
