|html|<div class="broadcast-blue"><strong>[Gen 9] OU is currently suspecting Volcarona! For information on how to participate check out the <a href="https://www.smogon.com/tools/suspects/view/208">suspect thread</a>.</strong></div>
|j|☆ThatsNotNEMO
|j|☆DSgamer69
|t:|1778500074
|gametype|singles
|player|p1|ThatsNotNEMO|swimmerf|
|player|p2|DSgamer69|red|
|gen|9
|tier|[Gen 9] OU
|rule|HP Percentage Mod: HP is shown in percentages
|rule|Endless Battle Clause: Forcing endless battles is banned
|rule|Species Clause: Limit one of each Pokémon
|rule|OHKO Clause: OHKO moves are banned
|rule|Evasion Items Clause: Evasion items are banned
|rule|Evasion Moves Clause: Evasion moves are banned
|rule|Evasion Abilities Clause: Evasion abilities are banned
|rule|Sleep Moves Clause: Sleep-inducing moves are banned
|clearpoke
|poke|p1|Hoopa-Unbound|
|poke|p1|Slowking-Galar, F|
|poke|p1|Alomomola, F|
|poke|p1|Zamazenta-*|
|poke|p1|Great Tusk|
|poke|p1|Kingambit, F|
|poke|p2|Slowking-Galar, F|
|poke|p2|Tornadus-Therian, M|
|poke|p2|Cinderace, M|
|poke|p2|Lokix, F|
|poke|p2|Hydrapple, M|
|poke|p2|Great Tusk|
|teampreview
|inactive|Battle timer is ON: inactive players will automatically lose when time's up. (requested by DSgamer69)
|inactive|ThatsNotNEMO also wants the timer to be on.
|
|t:|1778500091
|teamsize|p1|6
|teamsize|p2|6
|start
|switch|p1a: Alomomola|Alomomola, F|100/100
|switch|p2a: Cinderace|Cinderace, M|100/100
|turn|1
|
|t:|1778500101
|move|p2a: Cinderace|U-turn|p1a: Alomomola
|-damage|p1a: Alomomola|90/100
|
|t:|1778500104
|switch|p2a: Tornadus|Tornadus-Therian, M|100/100|[from] U-turn
|move|p1a: Alomomola|Flip Turn|p2a: Tornadus
|-damage|p2a: Tornadus|81/100
|
|t:|1778500121
|switch|p1a: Hoopa|Hoopa-Unbound|100/100|[from] Flip Turn
|
|upkeep
|turn|2
|
|t:|1778500127
|move|p2a: Tornadus|U-turn|p1a: Hoopa
|-supereffective|p1a: Hoopa
|-damage|p1a: Hoopa|18/100
|
|t:|1778500138
|switch|p2a: Slowking|Slowking-Galar, F|100/100|[from] U-turn
|move|p1a: Hoopa|Hyperspace Fury|p2a: Slowking
|-supereffective|p2a: Slowking
|-enditem|p2a: Slowking|Colbur Berry|[eat]
|-enditem|p2a: Slowking|Colbur Berry|[weaken]
|-damage|p2a: Slowking|30/100
|-unboost|p1a: Hoopa|def|1
|
|upkeep
|turn|3
|
|t:|1778500146
|switch|p2a: Tornadus|Tornadus-Therian, M|100/100
|move|p1a: Hoopa|Hyperspace Fury|p2a: Tornadus
|-damage|p2a: Tornadus|0 fnt
|-unboost|p1a: Hoopa|def|1
|faint|p2a: Tornadus
|
|upkeep
|
|t:|1778500151
|switch|p2a: Lokix|Lokix, F|100/100
|turn|4
|
|t:|1778500158
|switch|p1a: Alomomola|Alomomola, F|100/100
|move|p2a: Lokix|First Impression|p1a: Alomomola
|-damage|p1a: Alomomola|65/100
|
|upkeep
|turn|5
|
|t:|1778500167
|switch|p2a: Slowking|Slowking-Galar, F|63/100
|move|p1a: Alomomola|Wish|p1a: Alomomola
|
|upkeep
|turn|6
|
|t:|1778500174
|move|p1a: Alomomola|Flip Turn|p2a: Slowking
|-damage|p2a: Slowking|51/100
|
|t:|1778500178
|switch|p1a: Hoopa|Hoopa-Unbound|18/100|[from] Flip Turn
|move|p2a: Slowking|Toxic|p1a: Hoopa
|-status|p1a: Hoopa|tox
|
|-heal|p1a: Hoopa|83/100 tox|[from] move: Wish|[wisher] Alomomola
|-damage|p1a: Hoopa|77/100 tox|[from] psn
|upkeep
|turn|7
|
|t:|1778500194
|move|p1a: Hoopa|Zen Headbutt|p2a: Slowking
|-damage|p2a: Slowking|0 fnt
|faint|p2a: Slowking
|
|-damage|p1a: Hoopa|65/100 tox|[from] psn
|upkeep
|
|t:|1778500201
|switch|p2a: Lokix|Lokix, F|100/100
|turn|8
|
|t:|1778500211
|switch|p1a: Slowking|Slowking-Galar, F|100/100
|move|p2a: Lokix|First Impression|p1a: Slowking
|-damage|p1a: Slowking|33/100
|
|upkeep
|turn|9
|
|t:|1778500221
|switch|p2a: Hydrapple|Hydrapple, M|100/100
|move|p1a: Slowking|Future Sight|p2a: Hydrapple
|-start|p1a: Slowking|move: Future Sight
|
|upkeep
|turn|10
|
|t:|1778500235
|switch|p1a: Alomomola|Alomomola, F|98/100
|move|p2a: Hydrapple|Nasty Plot|p2a: Hydrapple
|-boost|p2a: Hydrapple|spa|2
|
|upkeep
|turn|11
|
|t:|1778500244
|switch|p1a: Slowking|Slowking-Galar, F|67/100
|move|p2a: Hydrapple|Leaf Storm|p1a: Slowking
|-resisted|p1a: Slowking
|-damage|p1a: Slowking|18/100
|-unboost|p2a: Hydrapple|spa|2
|-damage|p2a: Hydrapple|91/100|[from] item: Life Orb
|
|-end|p2a: Hydrapple|move: Future Sight
|-damage|p2a: Hydrapple|42/100
|upkeep
|turn|12
|
|t:|1778500260
|switch|p2a: Great Tusk|Great Tusk|100/100
|switch|p1a: Hoopa|Hoopa-Unbound|65/100 tox
|
|-damage|p1a: Hoopa|58/100 tox|[from] psn
|upkeep
|turn|13
|
|t:|1778500274
|switch|p1a: Alomomola|Alomomola, F|100/100
|move|p2a: Great Tusk|Earthquake|p1a: Alomomola
|-damage|p1a: Alomomola|75/100
|
|upkeep
|turn|14
|
|t:|1778500283
|move|p2a: Great Tusk|Stealth Rock|p1a: Alomomola
|-sidestart|p1: ThatsNotNEMO|move: Stealth Rock
|move|p1a: Alomomola|Wish|p1a: Alomomola
|
|upkeep
|turn|15
|
|t:|1778500291
|move|p2a: Great Tusk|Earthquake|p1a: Alomomola
|-damage|p1a: Alomomola|50/100
|move|p1a: Alomomola|Flip Turn|p2a: Great Tusk
|-supereffective|p2a: Great Tusk
|-damage|p2a: Great Tusk|78/100
|-damage|p1a: Alomomola|33/100|[from] item: Rocky Helmet|[of] p2a: Great Tusk
|
|t:|1778500298
|switch|p1a: Hoopa|Hoopa-Unbound|58/100 tox|[from] Flip Turn
|-damage|p1a: Hoopa|46/100 tox|[from] Stealth Rock
|
|-heal|p1a: Hoopa|100/100 tox|[from] move: Wish|[wisher] Alomomola
|-damage|p1a: Hoopa|94/100 tox|[from] psn
|upkeep
|turn|16
|inactive|DSgamer69 has 270 seconds left.
|
|t:|1778500332
|switch|p1a: Zamazenta|Zamazenta|100/100
|-damage|p1a: Zamazenta|94/100|[from] Stealth Rock
|-ability|p1a: Zamazenta|Dauntless Shield|boost
|-boost|p1a: Zamazenta|def|1
|-terastallize|p2a: Great Tusk|Steel
|move|p2a: Great Tusk|Rapid Spin|p1a: Zamazenta
|-damage|p1a: Zamazenta|87/100
|-boost|p2a: Great Tusk|spe|1
|
|-heal|p1a: Zamazenta|93/100|[from] item: Leftovers
|upkeep
|turn|17
|inactive|DSgamer69 has 270 seconds left.
|
|t:|1778500351
|-end|p2a: Great Tusk|Protosynthesis|[silent]
|switch|p2a: Hydrapple|Hydrapple, M|75/100
|move|p1a: Zamazenta|Iron Defense|p1a: Zamazenta
|-boost|p1a: Zamazenta|def|2
|
|-heal|p1a: Zamazenta|99/100|[from] item: Leftovers
|upkeep
|turn|18
|inactive|DSgamer69 has 270 seconds left.
|
|t:|1778500369
|move|p1a: Zamazenta|Body Press|p2a: Hydrapple
|-damage|p2a: Hydrapple|0 fnt
|faint|p2a: Hydrapple
|
|-heal|p1a: Zamazenta|100/100|[from] item: Leftovers
|upkeep
|inactive|DSgamer69 has 270 seconds left.
|
|t:|1778500377
|switch|p2a: Cinderace|Cinderace, M|100/100
|turn|19
|
|t:|1778500386
|move|p1a: Zamazenta|Body Press|p2a: Cinderace
|-damage|p2a: Cinderace|0 fnt
|faint|p2a: Cinderace
|
|upkeep
|
|t:|1778500390
|switch|p2a: Great Tusk|Great Tusk, tera:Steel|78/100
|turn|20
|
|t:|1778500395
|move|p1a: Zamazenta|Body Press|p2a: Great Tusk
|-supereffective|p2a: Great Tusk
|-damage|p2a: Great Tusk|0 fnt
|-damage|p1a: Zamazenta|84/100|[from] item: Rocky Helmet|[of] p2a: Great Tusk
|faint|p2a: Great Tusk
|-end|p2a: Great Tusk|Protosynthesis|[silent]
|
|-heal|p1a: Zamazenta|90/100|[from] item: Leftovers
|upkeep
|
|t:|1778500397
|switch|p2a: Lokix|Lokix, F|100/100
|turn|21
|c|☆ThatsNotNEMO|gg
|-message|DSgamer69 forfeited.
|
|win|ThatsNotNEMO
|l|☆DSgamer69
|player|p2|
|c|☆ThatsNotNEMO|bhai
|j|☆DSgamer69
|player|p2|DSgamer69|red|
