|html|<div class="broadcast-blue"><strong>[Gen 9] OU is currently suspecting Tera Blast! For information on how to participate check out the <a href="https://www.smogon.com/tools/suspects/view/200">suspect thread</a>.</strong></div>
|j|☆miguu
|j|☆keevvinn
|t:|1776261460
|gametype|singles
|player|p1|miguu|unknown|
|player|p2|keevvinn|169|
|gen|9
|tier|[Gen 9] OU
|rule|HP Percentage Mod: HP is shown in percentages
|rule|Endless Battle Clause: Forcing endless battles is banned
|rule|Species Clause: Limit one of each Pokémon
|rule|OHKO Clause: OHKO moves are banned
|rule|Evasion Items Clause: Evasion items are banned
|rule|Evasion Moves Clause: Evasion moves are banned
|rule|Evasion Abilities Clause: Evasion abilities are banned
|rule|Sleep Moves Clause: Sleep-inducing moves are banned
|clearpoke
|poke|p1|Glimmora, M|
|poke|p1|Great Tusk|
|poke|p1|Gyarados, M|
|poke|p1|Gholdengo|
|poke|p1|Iron Moth|
|poke|p1|Iron Valiant|
|poke|p2|Glimmora, F|
|poke|p2|Primarina, M|
|poke|p2|Dragapult, F|
|poke|p2|Tyranitar, M|
|poke|p2|Iron Moth|
|poke|p2|Iron Valiant|
|teampreview
|
|t:|1776261477
|teamsize|p1|6
|teamsize|p2|6
|start
|switch|p1a: Glimmora|Glimmora, M|100/100
|switch|p2a: Glimmora|Glimmora, F|100/100
|turn|1
|
|t:|1776261535
|move|p1a: Glimmora|Stealth Rock|p2a: Glimmora
|-sidestart|p2: keevvinn|move: Stealth Rock
|move|p2a: Glimmora|Stealth Rock|p1a: Glimmora
|-sidestart|p1: miguu|move: Stealth Rock
|
|upkeep
|turn|2
|
|t:|1776261555
|move|p1a: Glimmora|Earth Power|p2a: Glimmora
|-supereffective|p2a: Glimmora
|-damage|p2a: Glimmora|0 fnt
|faint|p2a: Glimmora
|
|upkeep
|
|t:|1776261567
|switch|p2a: Primarina|Primarina, M|100/100
|-damage|p2a: Primarina|88/100|[from] Stealth Rock
|turn|3
|
|t:|1776261698
|move|p1a: Glimmora|Mortal Spin|p2a: Primarina
|-supereffective|p2a: Primarina
|-damage|p2a: Primarina|74/100
|-status|p2a: Primarina|psn
|-sideend|p1: miguu|Stealth Rock|[from] move: Mortal Spin|[of] p1a: Glimmora
|move|p2a: Primarina|Hydro Pump|p1a: Glimmora
|-supereffective|p1a: Glimmora
|-damage|p1a: Glimmora|0 fnt
|faint|p1a: Glimmora
|
|-damage|p2a: Primarina|62/100 psn|[from] psn
|upkeep
|
|t:|1776261714
|switch|p1a: Bluey|Gyarados, M|100/100
|-ability|p1a: Bluey|Intimidate|boost
|-unboost|p2a: Primarina|atk|1
|turn|4
|
|t:|1776261743
|move|p1a: Bluey|Dragon Dance|p1a: Bluey
|-boost|p1a: Bluey|atk|1
|-boost|p1a: Bluey|spe|1
|move|p2a: Primarina|Acrobatics|p1a: Bluey
|-damage|p1a: Bluey|84/100
|
|-damage|p2a: Primarina|50/100 psn|[from] psn
|upkeep
|turn|5
|
|t:|1776261776
|switch|p2a: Iron Valiant|Iron Valiant|100/100
|-damage|p2a: Iron Valiant|94/100|[from] Stealth Rock
|move|p1a: Bluey|Dragon Dance|p1a: Bluey
|-boost|p1a: Bluey|atk|1
|-boost|p1a: Bluey|spe|1
|
|upkeep
|turn|6
|
|t:|1776261793
|move|p1a: Bluey|Waterfall|p2a: Iron Valiant
|-damage|p2a: Iron Valiant|10/100
|move|p2a: Iron Valiant|Leaf Blade|p1a: Bluey
|-damage|p1a: Bluey|50/100
|
|upkeep
|turn|7
|
|t:|1776261806
|move|p1a: Bluey|Waterfall|p2a: Iron Valiant
|-damage|p2a: Iron Valiant|0 fnt
|faint|p2a: Iron Valiant
|-end|p2a: Iron Valiant|Quark Drive|[silent]
|
|upkeep
|
|t:|1776261815
|switch|p2a: Primarina|Primarina, M|50/100 psn
|-damage|p2a: Primarina|37/100 psn|[from] Stealth Rock
|turn|8
|
|t:|1776261826
|move|p1a: Bluey|Crunch|p2a: Primarina
|-resisted|p2a: Primarina
|-damage|p2a: Primarina|5/100 psn
|move|p2a: Primarina|Moonblast|p1a: Bluey
|-damage|p1a: Bluey|8/100
|
|-damage|p2a: Primarina|0 fnt|[from] psn
|faint|p2a: Primarina
|upkeep
|
|t:|1776261849
|switch|p2a: Iron Moth|Iron Moth|100/100
|-damage|p2a: Iron Moth|75/100|[from] Stealth Rock
|turn|9
|
|t:|1776261861
|move|p1a: Bluey|Waterfall|p2a: Iron Moth
|-supereffective|p2a: Iron Moth
|-damage|p2a: Iron Moth|0 fnt
|faint|p2a: Iron Moth
|-end|p2a: Iron Moth|Quark Drive|[silent]
|
|upkeep
|
|t:|1776261867
|switch|p2a: Tyranitar|Tyranitar, M|100/100
|-damage|p2a: Tyranitar|88/100|[from] Stealth Rock
|-weather|Sandstorm|[from] ability: Sand Stream|[of] p2a: Tyranitar
|turn|10
|
|t:|1776261880
|move|p1a: Bluey|Waterfall|p2a: Tyranitar
|-supereffective|p2a: Tyranitar
|-damage|p2a: Tyranitar|0 fnt
|faint|p2a: Tyranitar
|
|-weather|Sandstorm|[upkeep]
|-damage|p1a: Bluey|2/100|[from] Sandstorm
|upkeep
|
|t:|1776261888
|switch|p2a: Dragapult|Dragapult, F|100/100
|-damage|p2a: Dragapult|88/100|[from] Stealth Rock
|turn|11
|
|t:|1776261898
|move|p1a: Bluey|Crunch|p2a: Dragapult
|-supereffective|p2a: Dragapult
|-damage|p2a: Dragapult|0 fnt
|faint|p2a: Dragapult
|
|win|miguu
|l|☆keevvinn
|player|p2|
