|html|<div class="broadcast-blue"><strong>[Gen 9] OU is currently suspecting Tera Blast! For information on how to participate check out the <a href="https://www.smogon.com/tools/suspects/view/200">suspect thread</a>.</strong></div>
|j|☆meexe
|j|☆hoaibao
|t:|1776070456
|gametype|singles
|player|p1|meexe|265|1177
|player|p2|hoaibao|265|1173
|gen|9
|tier|[Gen 9] OU
|rated|
|rule|HP Percentage Mod: HP is shown in percentages
|rule|Endless Battle Clause: Forcing endless battles is banned
|rule|Species Clause: Limit one of each Pokémon
|rule|OHKO Clause: OHKO moves are banned
|rule|Evasion Items Clause: Evasion items are banned
|rule|Evasion Moves Clause: Evasion moves are banned
|rule|Evasion Abilities Clause: Evasion abilities are banned
|rule|Sleep Moves Clause: Sleep-inducing moves are banned
|clearpoke
|poke|p1|Ceruledge, M|
|poke|p1|Iron Moth|
|poke|p1|Kingambit, M|
|poke|p1|Weezing-Galar, M|
|poke|p1|Dusclops, F|
|poke|p1|Slowking-Galar, M|
|poke|p2|Ursaluna, M|
|poke|p2|Hoopa-Unbound|
|poke|p2|Hatterene, F|
|poke|p2|Mimikyu, M|
|poke|p2|Porygon2|
|poke|p2|Iron Hands|
|teampreview
|j| ohko_smeargle
|
|t:|1776070469
|teamsize|p1|6
|teamsize|p2|6
|start
|switch|p1a: Slowking|Slowking-Galar, M|100/100
|switch|p2a: Hatterene|Hatterene, F|100/100
|turn|1
|
|t:|1776070480
|switch|p2a: Hoopa|Hoopa-Unbound|100/100
|move|p1a: Slowking|Sludge Wave|p2a: Hoopa
|-damage|p2a: Hoopa|63/100
|
|upkeep
|turn|2
|
|t:|1776070493
|switch|p1a: Weezing|Weezing-Galar, M|100/100
|move|p2a: Hoopa|Hyperspace Fury|p1a: Weezing
|-resisted|p1a: Weezing
|-crit|p1a: Weezing
|-damage|p1a: Weezing|71/100
|-unboost|p2a: Hoopa|def|1
|-enditem|p2a: Hoopa|Eject Pack
|
|t:|1776070502
|switch|p2a: Porygon2|Porygon2|100/100
|-ability|p2a: Porygon2|Download|boost
|-boost|p2a: Porygon2|spa|1
|
|upkeep
|turn|3
|
|t:|1776070509
|move|p1a: Weezing|Toxic|p2a: Porygon2
|-status|p2a: Porygon2|tox
|move|p2a: Porygon2|Tri Attack|p1a: Weezing
|-damage|p1a: Weezing|10/100
|
|-damage|p2a: Porygon2|94/100 tox|[from] psn
|upkeep
|turn|4
|inactive|Battle timer is ON: inactive players will automatically lose when time's up. (requested by meexe)
|
|t:|1776070518
|switch|p1a: Dusclops|Dusclops, F|100/100
|-item|p2a: Porygon2|Eviolite|[from] ability: Frisk|[of] p1a: Dusclops
|move|p2a: Porygon2|Thunderbolt|p1a: Dusclops
|-crit|p1a: Dusclops
|-damage|p1a: Dusclops|76/100
|
|-damage|p2a: Porygon2|82/100 tox|[from] psn
|upkeep
|turn|5
|
|t:|1776070531
|switch|p1a: Slowking|Slowking-Galar, M|100/100
|move|p2a: Porygon2|Thunderbolt|p1a: Slowking
|-damage|p1a: Slowking|84/100
|
|-damage|p2a: Porygon2|64/100 tox|[from] psn
|upkeep
|turn|6
|
|t:|1776070539
|move|p2a: Porygon2|Tri Attack|p1a: Slowking
|-damage|p1a: Slowking|61/100
|move|p1a: Slowking|Sludge Wave|p2a: Porygon2
|-damage|p2a: Porygon2|40/100 tox
|
|-damage|p2a: Porygon2|16/100 tox|[from] psn
|upkeep
|turn|7
|
|t:|1776070547
|move|p2a: Porygon2|Recover|p2a: Porygon2
|-heal|p2a: Porygon2|66/100 tox
|move|p1a: Slowking|Sludge Wave|p2a: Porygon2
|-damage|p2a: Porygon2|45/100 tox
|
|-damage|p2a: Porygon2|14/100 tox|[from] psn
|upkeep
|turn|8
|
|t:|1776070567
|move|p2a: Porygon2|Tri Attack|p1a: Slowking
|-damage|p1a: Slowking|39/100
|move|p1a: Slowking|Sludge Wave|p2a: Porygon2
|-damage|p2a: Porygon2|0 fnt
|faint|p2a: Porygon2
|
|upkeep
|
|t:|1776070575
|switch|p2a: Hoopa|Hoopa-Unbound|63/100
|turn|9
|
|t:|1776070582
|switch|p1a: Kingambit|Kingambit, M|100/100
|move|p2a: Hoopa|Hyperspace Fury|p1a: Kingambit
|-resisted|p1a: Kingambit
|-damage|p1a: Kingambit|76/100
|-unboost|p2a: Hoopa|def|1
|-item|p2a: Hoopa|Life Orb|[from] ability: Magician|[of] p1a: Kingambit
|
|upkeep
|turn|10
|
|t:|1776070593
|move|p2a: Hoopa|Drain Punch|p1a: Kingambit
|-supereffective|p1a: Kingambit
|-damage|p1a: Kingambit|0 fnt
|-heal|p2a: Hoopa|100/100|[from] drain|[of] p1a: Kingambit
|faint|p1a: Kingambit
|-end|p1a: Kingambit|fallenundefined|[silent]
|-damage|p2a: Hoopa|91/100|[from] item: Life Orb
|
|upkeep
|inactive|meexe has 120 seconds left.
|
|t:|1776070621
|switch|p1a: Ceruledge|Ceruledge, M|100/100
|turn|11
|
|t:|1776070633
|-terastallize|p1a: Ceruledge|Fighting
|move|p1a: Ceruledge|Close Combat|p2a: Hoopa
|-damage|p2a: Hoopa|0 fnt
|-unboost|p1a: Ceruledge|def|1
|-unboost|p1a: Ceruledge|spd|1
|faint|p2a: Hoopa
|-damage|p1a: Ceruledge|91/100|[from] item: Life Orb
|
|upkeep
|
|t:|1776070641
|switch|p2a: Hatterene|Hatterene, F|100/100
|turn|12
|
|t:|1776070647
|switch|p1a: Slowking|Slowking-Galar, M|72/100
|move|p2a: Hatterene|Trick Room|p2a: Hatterene
|-fieldstart|move: Trick Room|[of] p2a: Hatterene
|
|upkeep
|turn|13
|
|t:|1776070656
|move|p2a: Hatterene|Mystical Fire|p1a: Slowking
|-damage|p1a: Slowking|55/100
|-unboost|p1a: Slowking|spa|1
|move|p1a: Slowking|Sludge Wave|p2a: Hatterene
|-supereffective|p2a: Hatterene
|-damage|p2a: Hatterene|37/100
|-status|p2a: Hatterene|psn
|
|-damage|p2a: Hatterene|25/100 psn|[from] psn
|upkeep
|turn|14
|
|t:|1776070664
|move|p2a: Hatterene|Mystical Fire|p1a: Slowking
|-damage|p1a: Slowking|38/100
|-unboost|p1a: Slowking|spa|1
|move|p1a: Slowking|Sludge Wave|p2a: Hatterene
|-supereffective|p2a: Hatterene
|-damage|p2a: Hatterene|0 fnt
|faint|p2a: Hatterene
|
|upkeep
|
|t:|1776070672
|switch|p2a: Ursaluna|Ursaluna, M|100/100
|turn|15
|
|t:|1776070686
|switch|p1a: Weezing|Weezing-Galar, M|10/100
|move|p2a: Ursaluna|Headlong Rush|p1a: Weezing
|-immune|p1a: Weezing|[from] ability: Levitate
|
|-status|p2a: Ursaluna|brn|[from] item: Flame Orb
|upkeep
|turn|16
|-enditem|p1a: Weezing|Custap Berry|[eat]
|-activate|p1a: Weezing|item: Custap Berry|[consumed]
|
|t:|1776070703
|move|p1a: Weezing|Destiny Bond|p1a: Weezing
|-singlemove|p1a: Weezing|Destiny Bond
|move|p2a: Ursaluna|Ice Punch|p1a: Weezing
|-damage|p1a: Weezing|0 fnt
|faint|p1a: Weezing
|-activate|p1a: Weezing|move: Destiny Bond
|faint|p2a: Ursaluna
|
|-fieldend|move: Trick Room
|upkeep
|
|t:|1776070712
|switch|p1a: Slowking|Slowking-Galar, M|72/100
|switch|p2a: Mimikyu|Mimikyu, M|100/100
|turn|17
|
|t:|1776070718
|move|p2a: Mimikyu|Will-O-Wisp|p1a: Slowking|[miss]
|-miss|p2a: Mimikyu|p1a: Slowking
|move|p1a: Slowking|Sludge Wave|p2a: Mimikyu
|-activate|p2a: Mimikyu|ability: Disguise
|-damage|p2a: Mimikyu|100/100
|detailschange|p2a: Mimikyu|Mimikyu-Busted, M
|-damage|p2a: Mimikyu|88/100|[from] pokemon: Mimikyu-Busted
|-enditem|p2a: Mimikyu|Red Card|[of] p1a: Slowking
|drag|p1a: Ceruledge|Ceruledge, M, tera:Fighting|91/100
|
|upkeep
|turn|18
|
|t:|1776070726
|move|p1a: Ceruledge|Shadow Claw|p2a: Mimikyu
|-supereffective|p2a: Mimikyu
|-damage|p2a: Mimikyu|1/100
|-damage|p1a: Ceruledge|81/100|[from] item: Life Orb
|move|p2a: Mimikyu|Play Rough|p1a: Ceruledge
|-supereffective|p1a: Ceruledge
|-damage|p1a: Ceruledge|0 fnt
|faint|p1a: Ceruledge
|
|upkeep
|
|t:|1776070732
|switch|p1a: Iron Moth|Iron Moth|100/100
|-enditem|p1a: Iron Moth|Booster Energy
|-activate|p1a: Iron Moth|ability: Quark Drive|[fromitem]
|-start|p1a: Iron Moth|quarkdrivespe
|turn|19
|
|t:|1776070738
|move|p1a: Iron Moth|Fiery Dance|p2a: Mimikyu
|-damage|p2a: Mimikyu|0 fnt
|-boost|p1a: Iron Moth|spa|1
|faint|p2a: Mimikyu
|
|upkeep
|
|t:|1776070741
|switch|p2a: Iron Hands|Iron Hands|100/100
|-enditem|p2a: Iron Hands|Booster Energy
|-activate|p2a: Iron Hands|ability: Quark Drive|[fromitem]
|-start|p2a: Iron Hands|quarkdriveatk
|turn|20
|
|t:|1776070751
|-terastallize|p2a: Iron Hands|Flying
|move|p1a: Iron Moth|Protect|p1a: Iron Moth
|-singleturn|p1a: Iron Moth|Protect
|move|p2a: Iron Hands|Wild Charge|p1a: Iron Moth
|-activate|p1a: Iron Moth|move: Protect
|
|upkeep
|turn|21
|
|t:|1776070767
|move|p1a: Iron Moth|Sludge Wave|p2a: Iron Hands
|-damage|p2a: Iron Hands|40/100
|move|p2a: Iron Hands|Swords Dance|p2a: Iron Hands
|-boost|p2a: Iron Hands|atk|2
|
|upkeep
|turn|22
|
|t:|1776070773
|move|p1a: Iron Moth|Sludge Wave|p2a: Iron Hands
|-damage|p2a: Iron Hands|0 fnt
|faint|p2a: Iron Hands
|-end|p2a: Iron Hands|Quark Drive|[silent]
|
|win|meexe
|raw|meexe's rating: 1177 &rarr; <strong>1202</strong><br />(+25 for winning)
|raw|hoaibao's rating: 1173 &rarr; <strong>1148</strong><br />(-25 for losing)
|l| ohko_smeargle
|l|☆hoaibao
|player|p2|
|l|☆meexe
|player|p1|
