|html|<div class="broadcast-blue"><strong>[Gen 9] OU is currently suspecting Tera Blast! For information on how to participate check out the <a href="https://www.smogon.com/tools/suspects/view/200">suspect thread</a>.</strong></div>
|j|☆walincholo
|j|☆Oddsin
|t:|1776060281
|gametype|singles
|player|p1|walincholo|102|1229
|player|p2|Oddsin|gambler|1202
|gen|9
|tier|[Gen 9] OU
|rated|
|rule|HP Percentage Mod: HP is shown in percentages
|rule|Endless Battle Clause: Forcing endless battles is banned
|rule|Species Clause: Limit one of each Pokémon
|rule|OHKO Clause: OHKO moves are banned
|rule|Evasion Items Clause: Evasion items are banned
|rule|Evasion Moves Clause: Evasion moves are banned
|rule|Evasion Abilities Clause: Evasion abilities are banned
|rule|Sleep Moves Clause: Sleep-inducing moves are banned
|clearpoke
|poke|p1|Incineroar, M|
|poke|p1|Ceruledge, M|
|poke|p1|Landorus-Therian, M|
|poke|p1|Corviknight, M|
|poke|p1|Maushold-Four|
|poke|p1|Pecharunt|
|poke|p2|Scizor, M|
|poke|p2|Meowscarada, F|
|poke|p2|Salamence, F|
|poke|p2|Blastoise, M|
|poke|p2|Porygon-Z|
|poke|p2|Ceruledge, M|
|teampreview
|inactive|Battle timer is ON: inactive players will automatically lose when time's up. (requested by walincholo)
|
|t:|1776060294
|teamsize|p1|6
|teamsize|p2|6
|start
|switch|p1a: Landorus|Landorus-Therian, M|100/100
|switch|p2a: Meowscarada|Meowscarada, F|100/100
|-ability|p1a: Landorus|Intimidate|boost
|-unboost|p2a: Meowscarada|atk|1
|turn|1
|
|t:|1776060307
|move|p2a: Meowscarada|U-turn|p1a: Landorus
|-start|p2a: Meowscarada|typechange|Bug|[from] ability: Protean
|-resisted|p1a: Landorus
|-damage|p1a: Landorus|83/100
|
|t:|1776060314
|switch|p2a: Blastoise|Blastoise, M|100/100|[from] U-turn
|move|p1a: Landorus|U-turn|p2a: Blastoise
|-damage|p2a: Blastoise|75/100
|-damage|p1a: Landorus|73/100|[from] item: Life Orb
|
|t:|1776060320
|switch|p1a: Maushold|Maushold-Four|100/100|[from] U-turn
|
|-heal|p2a: Blastoise|81/100|[from] item: Leftovers
|upkeep
|turn|2
|
|t:|1776060326
|switch|p2a: Ceruledge|Ceruledge, M|100/100
|move|p1a: Maushold|Bullet Seed|p2a: Ceruledge
|-resisted|p2a: Ceruledge
|-damage|p2a: Ceruledge|94/100
|-ability|p2a: Ceruledge|Weak Armor|boost
|-unboost|p2a: Ceruledge|def|1
|-boost|p2a: Ceruledge|spe|2
|-resisted|p2a: Ceruledge
|-damage|p2a: Ceruledge|85/100
|-ability|p2a: Ceruledge|Weak Armor|boost
|-unboost|p2a: Ceruledge|def|1
|-boost|p2a: Ceruledge|spe|2
|-resisted|p2a: Ceruledge
|-damage|p2a: Ceruledge|72/100
|-ability|p2a: Ceruledge|Weak Armor|boost
|-unboost|p2a: Ceruledge|def|1
|-boost|p2a: Ceruledge|spe|2
|-resisted|p2a: Ceruledge
|-damage|p2a: Ceruledge|56/100
|-ability|p2a: Ceruledge|Weak Armor|boost
|-unboost|p2a: Ceruledge|def|1
|-hitcount|p2a: Ceruledge|4
|
|upkeep
|turn|3
|
|t:|1776060348
|move|p2a: Ceruledge|Endure|p2a: Ceruledge
|-singleturn|p2a: Ceruledge|move: Endure
|move|p1a: Maushold|Bullet Seed|p2a: Ceruledge
|-resisted|p2a: Ceruledge
|-damage|p2a: Ceruledge|36/100
|-ability|p2a: Ceruledge|Weak Armor|boost
|-unboost|p2a: Ceruledge|def|1
|-resisted|p2a: Ceruledge
|-damage|p2a: Ceruledge|15/100
|-ability|p2a: Ceruledge|Weak Armor|boost
|-unboost|p2a: Ceruledge|def|1
|-enditem|p2a: Ceruledge|Liechi Berry|[eat]
|-boost|p2a: Ceruledge|atk|1|[from] item: Liechi Berry
|-resisted|p2a: Ceruledge
|-activate|p2a: Ceruledge|move: Endure
|-damage|p2a: Ceruledge|1/100
|-resisted|p2a: Ceruledge
|-activate|p2a: Ceruledge|move: Endure
|-damage|p2a: Ceruledge|1/100
|-hitcount|p2a: Ceruledge|4
|
|upkeep
|turn|4
|
|t:|1776060356
|move|p2a: Ceruledge|Bitter Blade|p1a: Maushold
|-damage|p1a: Maushold|1/100
|-heal|p2a: Ceruledge|50/100|[from] drain|[of] p1a: Maushold
|move|p1a: Maushold|Bullet Seed|p2a: Ceruledge
|-resisted|p2a: Ceruledge
|-damage|p2a: Ceruledge|27/100
|-resisted|p2a: Ceruledge
|-damage|p2a: Ceruledge|4/100
|-resisted|p2a: Ceruledge
|-damage|p2a: Ceruledge|0 fnt
|faint|p2a: Ceruledge
|-hitcount|p2: Ceruledge|3
|
|upkeep
|
|t:|1776060368
|switch|p2a: Scizor|Scizor, M|100/100
|turn|5
|
|t:|1776060372
|move|p2a: Scizor|Bullet Punch|p1a: Maushold
|-damage|p1a: Maushold|0 fnt
|faint|p1a: Maushold
|
|upkeep
|
|t:|1776060379
|switch|p1a: Landorus|Landorus-Therian, M|73/100
|-ability|p1a: Landorus|Intimidate|boost
|-unboost|p2a: Scizor|atk|1
|turn|6
|
|t:|1776060391
|switch|p2a: Porygon-Z|Porygon-Z, shiny|100/100
|move|p1a: Landorus|Stealth Rock|p2a: Porygon-Z
|-sidestart|p2: Oddsin|move: Stealth Rock
|
|upkeep
|turn|7
|
|t:|1776060398
|move|p1a: Landorus|U-turn|p2a: Porygon-Z
|-damage|p2a: Porygon-Z|54/100
|-damage|p1a: Landorus|63/100|[from] item: Life Orb
|
|t:|1776060403
|switch|p1a: Borja|Corviknight, M, shiny|100/100|[from] U-turn
|move|p2a: Porygon-Z|Nasty Plot|p2a: Porygon-Z
|-boost|p2a: Porygon-Z|spa|2
|
|upkeep
|turn|8
|
|t:|1776060410
|move|p2a: Porygon-Z|Endure|p2a: Porygon-Z
|-singleturn|p2a: Porygon-Z|move: Endure
|move|p1a: Borja|Iron Head|p2a: Porygon-Z
|-crit|p2a: Porygon-Z
|-damage|p2a: Porygon-Z|6/100
|-enditem|p2a: Porygon-Z|Salac Berry|[eat]
|-boost|p2a: Porygon-Z|spe|1|[from] item: Salac Berry
|
|upkeep
|turn|9
|
|t:|1776060419
|move|p2a: Porygon-Z|Ice Beam|p1a: Borja
|-damage|p1a: Borja|59/100
|-status|p1a: Borja|frz
|cant|p1a: Borja|frz
|
|-heal|p1a: Borja|66/100 frz|[from] item: Leftovers
|upkeep
|turn|10
|
|t:|1776060425
|move|p2a: Porygon-Z|Ice Beam|p1a: Borja
|-damage|p1a: Borja|27/100 frz
|cant|p1a: Borja|frz
|
|-heal|p1a: Borja|33/100 frz|[from] item: Leftovers
|upkeep
|turn|11
|
|t:|1776060434
|move|p2a: Porygon-Z|Ice Beam|p1a: Borja
|-damage|p1a: Borja|0 fnt
|faint|p1a: Borja
|
|upkeep
|
|t:|1776060447
|switch|p1a: Melocotoncito|Pecharunt|100/100
|turn|12
|
|t:|1776060455
|move|p2a: Porygon-Z|Ice Beam|p1a: Melocotoncito
|-damage|p1a: Melocotoncito|41/100
|move|p1a: Melocotoncito|Malignant Chain|p2a: Porygon-Z
|-damage|p2a: Porygon-Z|0 fnt
|faint|p2a: Porygon-Z
|
|-heal|p1a: Melocotoncito|47/100|[from] item: Leftovers
|upkeep
|
|t:|1776060482
|switch|p2a: Scizor|Scizor, M|100/100
|-damage|p2a: Scizor|88/100|[from] Stealth Rock
|turn|13
|
|t:|1776060487
|move|p1a: Melocotoncito|Shadow Ball|p2a: Scizor
|-damage|p2a: Scizor|46/100
|move|p2a: Scizor|Swords Dance|p2a: Scizor
|-boost|p2a: Scizor|atk|2
|
|-heal|p1a: Melocotoncito|53/100|[from] item: Leftovers
|upkeep
|turn|14
|
|t:|1776060492
|move|p2a: Scizor|Bullet Punch|p1a: Melocotoncito
|-damage|p1a: Melocotoncito|12/100
|move|p1a: Melocotoncito|Shadow Ball|p2a: Scizor
|-crit|p2a: Scizor
|-damage|p2a: Scizor|0 fnt
|faint|p2a: Scizor
|
|-heal|p1a: Melocotoncito|18/100|[from] item: Leftovers
|upkeep
|
|t:|1776060502
|switch|p2a: Meowscarada|Meowscarada, F|100/100
|-damage|p2a: Meowscarada|88/100|[from] Stealth Rock
|turn|15
|
|t:|1776060511
|move|p2a: Meowscarada|Knock Off|p1a: Melocotoncito
|-start|p2a: Meowscarada|typechange|Dark|[from] ability: Protean
|-supereffective|p1a: Melocotoncito
|-damage|p1a: Melocotoncito|0 fnt
|-enditem|p1a: Melocotoncito|Leftovers|[from] move: Knock Off|[of] p2a: Meowscarada
|faint|p1a: Melocotoncito
|
|upkeep
|
|t:|1776060518
|switch|p1a: Landorus|Landorus-Therian, M|63/100
|-ability|p1a: Landorus|Intimidate|boost
|-unboost|p2a: Meowscarada|atk|1
|turn|16
|
|t:|1776060524
|switch|p2a: Salamence|Salamence, F|100/100
|-damage|p2a: Salamence|76/100|[from] Stealth Rock
|-ability|p2a: Salamence|Intimidate|boost
|-unboost|p1a: Landorus|atk|1
|move|p1a: Landorus|Earthquake|p2a: Salamence
|-immune|p2a: Salamence
|
|upkeep
|turn|17
|
|t:|1776060533
|switch|p1a: Chema|Incineroar, M, shiny|100/100
|-ability|p1a: Chema|Intimidate|boost
|-unboost|p2a: Salamence|atk|1
|-enditem|p2a: Salamence|Eject Pack
|
|t:|1776060542
|switch|p2a: Blastoise|Blastoise, M|81/100
|-damage|p2a: Blastoise|69/100|[from] Stealth Rock
|
|-heal|p2a: Blastoise|75/100|[from] item: Leftovers
|upkeep
|turn|18
|
|t:|1776060555
|switch|p1a: Landorus|Landorus-Therian, M|63/100
|-ability|p1a: Landorus|Intimidate|boost
|-unboost|p2a: Blastoise|atk|1
|move|p2a: Blastoise|Rain Dance|p2a: Blastoise
|-weather|RainDance
|
|-weather|RainDance|[upkeep]
|-heal|p2a: Blastoise|81/100|[from] ability: Rain Dish
|-heal|p2a: Blastoise|87/100|[from] item: Leftovers
|upkeep
|turn|19
|
|t:|1776060562
|move|p1a: Landorus|Outrage|p2a: Blastoise
|-damage|p2a: Blastoise|39/100
|-damage|p1a: Landorus|53/100|[from] item: Life Orb
|move|p2a: Blastoise|Rapid Spin|p1a: Landorus
|-damage|p1a: Landorus|45/100
|-boost|p2a: Blastoise|spe|1
|-sideend|p2: Oddsin|Stealth Rock|[from] move: Rapid Spin|[of] p2a: Blastoise
|
|-weather|RainDance|[upkeep]
|-heal|p2a: Blastoise|45/100|[from] ability: Rain Dish
|-heal|p2a: Blastoise|51/100|[from] item: Leftovers
|upkeep
|turn|20
|
|t:|1776060576
|-terastallize|p2a: Blastoise|Steel
|move|p1a: Landorus|Outrage|p2a: Blastoise|[from] lockedmove
|-resisted|p2a: Blastoise
|-damage|p2a: Blastoise|28/100
|-damage|p1a: Landorus|36/100|[from] item: Life Orb
|-start|p1a: Landorus|confusion|[fatigue]
|move|p2a: Blastoise|Liquidation|p1a: Landorus
|-supereffective|p1a: Landorus
|-damage|p1a: Landorus|0 fnt
|faint|p1a: Landorus
|
|-weather|RainDance|[upkeep]
|-heal|p2a: Blastoise|34/100|[from] ability: Rain Dish
|-heal|p2a: Blastoise|40/100|[from] item: Leftovers
|upkeep
|
|t:|1776060588
|switch|p1a: Kingambit opp|Ceruledge, M|100/100
|turn|21
|
|t:|1776060592
|move|p1a: Kingambit opp|Swords Dance|p1a: Kingambit opp
|-boost|p1a: Kingambit opp|atk|2
|move|p2a: Blastoise|Liquidation|p1a: Kingambit opp
|-supereffective|p1a: Kingambit opp
|-damage|p1a: Kingambit opp|32/100
|-ability|p1a: Kingambit opp|Weak Armor|boost
|-unboost|p1a: Kingambit opp|def|1
|-boost|p1a: Kingambit opp|spe|2
|
|-weather|RainDance|[upkeep]
|-heal|p2a: Blastoise|46/100|[from] ability: Rain Dish
|-heal|p2a: Blastoise|52/100|[from] item: Leftovers
|upkeep
|turn|22
|
|t:|1776060600
|move|p1a: Kingambit opp|Close Combat|p2a: Blastoise
|-supereffective|p2a: Blastoise
|-damage|p2a: Blastoise|0 fnt
|-unboost|p1a: Kingambit opp|def|1
|-unboost|p1a: Kingambit opp|spd|1
|faint|p2a: Blastoise
|
|-weather|none
|upkeep
|
|t:|1776060606
|switch|p2a: Salamence|Salamence, F|76/100
|-ability|p2a: Salamence|Intimidate|boost
|-unboost|p1a: Kingambit opp|atk|1
|turn|23
|
|t:|1776060612
|move|p1a: Kingambit opp|Poltergeist||[still]
|-fail|p1a: Kingambit opp
|move|p2a: Salamence|Hydro Pump|p1a: Kingambit opp
|-supereffective|p1a: Kingambit opp
|-damage|p1a: Kingambit opp|0 fnt
|faint|p1a: Kingambit opp
|
|upkeep
|
|t:|1776060614
|switch|p1a: Chema|Incineroar, M, shiny|100/100
|-ability|p1a: Chema|Intimidate|boost
|-unboost|p2a: Salamence|atk|1
|turn|24
|
|t:|1776060620
|move|p2a: Salamence|Draco Meteor|p1a: Chema
|-damage|p1a: Chema|39/100
|-unboost|p2a: Salamence|spa|2
|move|p1a: Chema|Darkest Lariat|p2a: Salamence
|-damage|p2a: Salamence|33/100
|
|-heal|p1a: Chema|45/100|[from] item: Leftovers
|upkeep
|turn|25
|
|t:|1776060628
|move|p2a: Salamence|Hydro Pump|p1a: Chema
|-supereffective|p1a: Chema
|-damage|p1a: Chema|8/100
|move|p1a: Chema|Darkest Lariat|p2a: Salamence
|-damage|p2a: Salamence|0 fnt
|faint|p2a: Salamence
|
|-heal|p1a: Chema|14/100|[from] item: Leftovers
|upkeep
|
|t:|1776060634
|switch|p2a: Meowscarada|Meowscarada, F|88/100
|turn|26
|
|t:|1776060635
|move|p2a: Meowscarada|Brick Break|p1a: Chema
|-start|p2a: Meowscarada|typechange|Fighting|[from] ability: Protean
|-supereffective|p1a: Chema
|-damage|p1a: Chema|0 fnt
|faint|p1a: Chema
|
|win|Oddsin
|raw|walincholo's rating: 1229 &rarr; <strong>1202</strong><br />(-27 for losing)
|raw|Oddsin's rating: 1202 &rarr; <strong>1229</strong><br />(+27 for winning)
|l|☆walincholo
|player|p1|
|l|☆Oddsin
|player|p2|
