|html|<div class="broadcast-blue"><strong>[Gen 9] OU is currently suspecting Tera Blast! For information on how to participate check out the <a href="https://www.smogon.com/tools/suspects/view/200">suspect thread</a>.</strong></div>
|j|☆Dr.Aero
|j|☆daeden
|t:|1776169291
|gametype|singles
|player|p1|Dr.Aero|camper|1120
|player|p2|daeden|norman|1053
|gen|9
|tier|[Gen 9] OU
|rated|
|rule|HP Percentage Mod: HP is shown in percentages
|rule|Endless Battle Clause: Forcing endless battles is banned
|rule|Species Clause: Limit one of each Pokémon
|rule|OHKO Clause: OHKO moves are banned
|rule|Evasion Items Clause: Evasion items are banned
|rule|Evasion Moves Clause: Evasion moves are banned
|rule|Evasion Abilities Clause: Evasion abilities are banned
|rule|Sleep Moves Clause: Sleep-inducing moves are banned
|clearpoke
|poke|p1|Kingambit, M|
|poke|p1|Dragonite, M|
|poke|p1|Heatran, M|
|poke|p1|Rotom-Heat|
|poke|p1|Lokix, M|
|poke|p1|Cinderace, M|
|poke|p2|Cinderace, F|
|poke|p2|Dragonite, M|
|poke|p2|Gholdengo|
|poke|p2|Primarina, F|
|poke|p2|Great Tusk|
|poke|p2|Glimmora, M|
|teampreview
|inactive|Battle timer is ON: inactive players will automatically lose when time's up. (requested by Dr.Aero)
|
|t:|1776169300
|teamsize|p1|6
|teamsize|p2|6
|start
|switch|p1a: Lokix|Lokix, M, shiny|100/100
|switch|p2a: Primarina|Primarina, F, shiny|100/100
|turn|1
|
|t:|1776169309
|move|p1a: Lokix|U-turn|p2a: Primarina
|-resisted|p2a: Primarina
|-damage|p2a: Primarina|37/100
|
|t:|1776169314
|switch|p1a: Rotom|Rotom-Heat|100/100|[from] U-turn
|move|p2a: Primarina|Moonblast|p1a: Rotom
|-resisted|p1a: Rotom
|-damage|p1a: Rotom|68/100
|
|upkeep
|turn|2
|
|t:|1776169325
|switch|p2a: Great Tusk|Great Tusk|100/100
|move|p1a: Rotom|Discharge|p2a: Great Tusk
|-immune|p2a: Great Tusk
|
|upkeep
|turn|3
|
|t:|1776169341
|switch|p1a: Lokix|Lokix, M, shiny|100/100
|move|p2a: Great Tusk|Earthquake|p1a: Lokix
|-resisted|p1a: Lokix
|-damage|p1a: Lokix|62/100
|
|upkeep
|turn|4
|
|t:|1776169356
|move|p1a: Lokix|U-turn|p2a: Great Tusk
|-resisted|p2a: Great Tusk
|-damage|p2a: Great Tusk|68/100
|-damage|p1a: Lokix|45/100|[from] item: Rocky Helmet|[of] p2a: Great Tusk
|
|t:|1776169362
|switch|p1a: Rotom|Rotom-Heat|68/100|[from] U-turn
|move|p2a: Great Tusk|Stealth Rock|p1a: Rotom
|-sidestart|p1: Dr.Aero|move: Stealth Rock
|
|upkeep
|turn|5
|
|t:|1776169373
|move|p1a: Rotom|Trick|p2a: Great Tusk
|-activate|p1a: Rotom|move: Trick|[of] p2a: Great Tusk
|-item|p2a: Great Tusk|Choice Scarf|[from] move: Trick
|-item|p1a: Rotom|Rocky Helmet|[from] move: Trick
|move|p2a: Great Tusk|Close Combat|p1a: Rotom
|-damage|p1a: Rotom|0 fnt
|-unboost|p2a: Great Tusk|def|1
|-unboost|p2a: Great Tusk|spd|1
|-damage|p2a: Great Tusk|52/100|[from] item: Rocky Helmet|[of] p1a: Rotom
|faint|p1a: Rotom
|
|upkeep
|
|t:|1776169385
|switch|p1a: Cinderace|Cinderace, M|100/100
|turn|6
|
|t:|1776169391
|move|p2a: Great Tusk|Close Combat|p1a: Cinderace
|-damage|p1a: Cinderace|2/100
|-unboost|p2a: Great Tusk|def|1
|-unboost|p2a: Great Tusk|spd|1
|move|p1a: Cinderace|Court Change|p1a: Cinderace
|-swapsideconditions
|-activate|p1a: Cinderace|move: Court Change
|
|upkeep
|turn|7
|
|t:|1776169400
|move|p1a: Cinderace|Sucker Punch|p2a: Great Tusk
|-resisted|p2a: Great Tusk
|-damage|p2a: Great Tusk|36/100
|move|p2a: Great Tusk|Close Combat|p1a: Cinderace
|-damage|p1a: Cinderace|0 fnt
|-unboost|p2a: Great Tusk|def|1
|-unboost|p2a: Great Tusk|spd|1
|faint|p1a: Cinderace
|
|upkeep
|
|t:|1776169403
|switch|p1a: Lokix|Lokix, M, shiny|45/100
|turn|8
|
|t:|1776169411
|move|p1a: Lokix|First Impression|p2a: Great Tusk
|-resisted|p2a: Great Tusk
|-damage|p2a: Great Tusk|0 fnt
|faint|p2a: Great Tusk
|-end|p2a: Great Tusk|Protosynthesis|[silent]
|
|upkeep
|
|t:|1776169423
|switch|p2a: Glimmora|Glimmora, M|100/100
|-damage|p2a: Glimmora|88/100|[from] Stealth Rock
|turn|9
|
|t:|1776169427
|switch|p1a: Heatran|Heatran, M|100/100
|move|p2a: Glimmora|Mortal Spin|p1a: Heatran
|-immune|p1a: Heatran
|
|-heal|p2a: Glimmora|94/100|[from] item: Leftovers
|upkeep
|turn|10
|
|t:|1776169439
|move|p2a: Glimmora|Earth Power|p1a: Heatran
|-supereffective|p1a: Heatran
|-damage|p1a: Heatran|37/100
|move|p1a: Heatran|Earth Power|p2a: Glimmora
|-supereffective|p2a: Glimmora
|-damage|p2a: Glimmora|0 fnt
|faint|p2a: Glimmora
|
|-heal|p1a: Heatran|44/100|[from] item: Leftovers
|upkeep
|
|t:|1776169451
|switch|p2a: Cinderace|Cinderace, F, shiny|100/100
|-damage|p2a: Cinderace|76/100|[from] Stealth Rock
|turn|11
|
|t:|1776169457
|move|p2a: Cinderace|High Jump Kick|p1a: Heatran
|-start|p2a: Cinderace|typechange|Fighting|[from] ability: Libero
|-supereffective|p1a: Heatran
|-damage|p1a: Heatran|0 fnt
|faint|p1a: Heatran
|-damage|p2a: Cinderace|66/100|[from] item: Life Orb
|
|upkeep
|
|t:|1776169468
|switch|p1a: Lokix|Lokix, M, shiny|45/100
|turn|12
|
|t:|1776169474
|move|p1a: Lokix|First Impression|p2a: Cinderace
|-resisted|p2a: Cinderace
|-damage|p2a: Cinderace|0 fnt
|faint|p2a: Cinderace
|
|upkeep
|
|t:|1776169482
|switch|p2a: Primarina|Primarina, F, shiny|37/100
|-damage|p2a: Primarina|25/100|[from] Stealth Rock
|turn|13
|
|t:|1776169488
|switch|p1a: Kingambit|Kingambit, M|100/100
|-activate|p1a: Kingambit|ability: Supreme Overlord
|-start|p1a: Kingambit|fallen3|[silent]
|move|p2a: Primarina|Hyper Voice|p1a: Kingambit
|-damage|p1a: Kingambit|50/100
|-enditem|p2a: Primarina|Throat Spray
|-boost|p2a: Primarina|spa|1|[from] item: Throat Spray
|
|-heal|p1a: Kingambit|56/100|[from] item: Leftovers
|upkeep
|turn|14
|
|t:|1776169497
|move|p1a: Kingambit|Sucker Punch|p2a: Primarina
|-resisted|p2a: Primarina
|-damage|p2a: Primarina|0 fnt
|faint|p2a: Primarina
|
|-heal|p1a: Kingambit|62/100|[from] item: Leftovers
|upkeep
|
|t:|1776169502
|switch|p2a: Gholdengo|Gholdengo|100/100
|-damage|p2a: Gholdengo|94/100|[from] Stealth Rock
|turn|15
|
|t:|1776169508
|move|p1a: Kingambit|Sucker Punch|p2a: Gholdengo
|-supereffective|p2a: Gholdengo
|-damage|p2a: Gholdengo|0 fnt
|faint|p2a: Gholdengo
|
|-heal|p1a: Kingambit|68/100|[from] item: Leftovers
|upkeep
|
|t:|1776169510
|switch|p2a: Dragonite|Dragonite, M, shiny|100/100
|-damage|p2a: Dragonite|76/100|[from] Stealth Rock
|turn|16
|
|t:|1776169516
|move|p1a: Kingambit|Sucker Punch|p2a: Dragonite
|-damage|p2a: Dragonite|20/100
|move|p2a: Dragonite|Earthquake|p1a: Kingambit
|-supereffective|p1a: Kingambit
|-damage|p1a: Kingambit|17/100
|
|-heal|p1a: Kingambit|23/100|[from] item: Leftovers
|upkeep
|turn|17
|
|t:|1776169525
|-terastallize|p2a: Dragonite|Normal
|move|p2a: Dragonite|Extreme Speed|p1a: Kingambit
|-resisted|p1a: Kingambit
|-damage|p1a: Kingambit|5/100
|move|p1a: Kingambit|Sucker Punch||[still]
|-fail|p1a: Kingambit
|
|-heal|p1a: Kingambit|11/100|[from] item: Leftovers
|upkeep
|turn|18
|
|t:|1776169544
|move|p2a: Dragonite|Extreme Speed|p1a: Kingambit
|-resisted|p1a: Kingambit
|-damage|p1a: Kingambit|0 fnt
|faint|p1a: Kingambit
|-end|p1a: Kingambit|fallen3|[silent]
|
|upkeep
|
|t:|1776169547
|switch|p1a: Dragonite|Dragonite, M|100/100
|turn|19
|
|t:|1776169558
|move|p2a: Dragonite|Dragon Claw|p1a: Dragonite
|-supereffective|p1a: Dragonite
|-damage|p1a: Dragonite|64/100
|move|p1a: Dragonite|Dragon Dance|p1a: Dragonite
|-boost|p1a: Dragonite|atk|1
|-boost|p1a: Dragonite|spe|1
|
|upkeep
|turn|20
|
|t:|1776169565
|move|p1a: Dragonite|Extreme Speed|p2a: Dragonite
|-damage|p2a: Dragonite|0 fnt
|faint|p2a: Dragonite
|
|win|Dr.Aero
|raw|Dr.Aero's rating: 1120 &rarr; <strong>1140</strong><br />(+20 for winning)
|raw|daeden's rating: 1053 &rarr; <strong>1038</strong><br />(-15 for losing)
|l|☆daeden
|player|p2|
