|html|<div class="broadcast-blue"><strong>[Gen 9] OU is currently suspecting Tera Blast! For information on how to participate check out the <a href="https://www.smogon.com/tools/suspects/view/200">suspect thread</a>.</strong></div>
|j|☆chungus mcchungus
|j|☆jkreyes1
|t:|1776031889
|gametype|singles
|player|p1|chungus mcchungus|sage|1534
|player|p2|jkreyes1|volkner|1512
|gen|9
|tier|[Gen 9] OU
|rated|
|rule|HP Percentage Mod: HP is shown in percentages
|rule|Endless Battle Clause: Forcing endless battles is banned
|rule|Species Clause: Limit one of each Pokémon
|rule|OHKO Clause: OHKO moves are banned
|rule|Evasion Items Clause: Evasion items are banned
|rule|Evasion Moves Clause: Evasion moves are banned
|rule|Evasion Abilities Clause: Evasion abilities are banned
|rule|Sleep Moves Clause: Sleep-inducing moves are banned
|clearpoke
|poke|p1|Skarmory, M|
|poke|p1|Ting-Lu|
|poke|p1|Zamazenta-*|
|poke|p1|Pecharunt|
|poke|p1|Clefable, M|
|poke|p1|Walking Wake|
|poke|p2|Gastrodon-East, M|
|poke|p2|Hippowdon, F|
|poke|p2|Landorus-Therian, M|
|poke|p2|Tyranitar, M|
|poke|p2|Zapdos|
|poke|p2|Excadrill, M|
|teampreview
|inactive|Battle timer is ON: inactive players will automatically lose when time's up. (requested by chungus mcchungus)
|inactive|jkreyes1 has 120 seconds left.
|
|t:|1776031921
|teamsize|p1|6
|teamsize|p2|6
|start
|switch|p1a: Clefable|Clefable, M|100/100
|switch|p2a: Landorus|Landorus-Therian, M, shiny|100/100
|-ability|p2a: Landorus|Intimidate|boost
|-unboost|p1a: Clefable|atk|1
|turn|1
|
|t:|1776031936
|move|p2a: Landorus|Earthquake|p1a: Clefable
|-crit|p1a: Clefable
|-damage|p1a: Clefable|33/100
|move|p1a: Clefable|Knock Off|p2a: Landorus
|-damage|p2a: Landorus|89/100
|-enditem|p2a: Landorus|Choice Scarf|[from] move: Knock Off|[of] p1a: Clefable
|
|-heal|p1a: Clefable|39/100|[from] item: Leftovers
|upkeep
|turn|2
|inactive|jkreyes1 has 120 seconds left.
|inactive|jkreyes1 has 90 seconds left.
|inactive|jkreyes1 has 60 seconds left.
|
|t:|1776032046
|switch|p1a: Skarmory|Skarmory, M|100/100
|move|p2a: Landorus|Earthquake|p1a: Skarmory
|-immune|p1a: Skarmory
|
|upkeep
|turn|3
|
|t:|1776032060
|move|p2a: Landorus|U-turn|p1a: Skarmory
|-resisted|p1a: Skarmory
|-damage|p1a: Skarmory|96/100
|-damage|p2a: Landorus|73/100|[from] item: Rocky Helmet|[of] p1a: Skarmory
|
|t:|1776032064
|switch|p2a: Zapdos|Zapdos, shiny|100/100|[from] U-turn
|move|p1a: Skarmory|Spikes|p2a: Zapdos
|-sidestart|p2: jkreyes1|Spikes
|
|upkeep
|turn|4
|inactive|jkreyes1 has 60 seconds left.
|
|t:|1776032075
|switch|p1a: Ting-Lu|Ting-Lu|100/100
|-ability|p1a: Ting-Lu|Vessel of Ruin
|move|p2a: Zapdos|Heat Wave|p1a: Ting-Lu
|-damage|p1a: Ting-Lu|86/100
|
|-heal|p1a: Ting-Lu|93/100|[from] item: Leftovers
|upkeep
|turn|5
|
|t:|1776032105
|switch|p2a: Hippowdon|Hippowdon, F, shiny|100/100
|-damage|p2a: Hippowdon|88/100|[from] Spikes
|-weather|Sandstorm|[from] ability: Sand Stream|[of] p2a: Hippowdon
|move|p1a: Ting-Lu|Stealth Rock|p2a: Hippowdon
|-sidestart|p2: jkreyes1|move: Stealth Rock
|
|-weather|Sandstorm|[upkeep]
|-heal|p1a: Ting-Lu|99/100|[from] item: Leftovers
|upkeep
|turn|6
|
|t:|1776032115
|switch|p1a: Skarmory|Skarmory, M|96/100
|move|p2a: Hippowdon|Stealth Rock|p1a: Skarmory
|-sidestart|p1: chungus mcchungus|move: Stealth Rock
|
|-weather|Sandstorm|[upkeep]
|upkeep
|turn|7
|
|t:|1776032120
|switch|p2a: Gastrodon|Gastrodon-East, M, shiny|100/100
|-damage|p2a: Gastrodon|88/100|[from] Spikes
|-damage|p2a: Gastrodon|82/100|[from] Stealth Rock
|move|p1a: Skarmory|Spikes|p2a: Gastrodon
|-sidestart|p2: jkreyes1|Spikes
|
|-weather|Sandstorm|[upkeep]
|-heal|p2a: Gastrodon|88/100|[from] item: Leftovers
|upkeep
|turn|8
|
|t:|1776032123
|move|p2a: Gastrodon|Spikes|p1a: Skarmory
|-sidestart|p1: chungus mcchungus|Spikes
|move|p1a: Skarmory|Whirlwind|p2a: Gastrodon
|drag|p2a: Landorus|Landorus-Therian, M, shiny|73/100
|-damage|p2a: Landorus|60/100|[from] Stealth Rock
|-ability|p2a: Landorus|Intimidate|boost
|-unboost|p1a: Skarmory|atk|1
|
|-weather|Sandstorm|[upkeep]
|upkeep
|turn|9
|
|t:|1776032130
|move|p2a: Landorus|U-turn|p1a: Skarmory
|-resisted|p1a: Skarmory
|-damage|p1a: Skarmory|92/100
|-damage|p2a: Landorus|44/100|[from] item: Rocky Helmet|[of] p1a: Skarmory
|inactive|jkreyes1 has 90 seconds left.
|inactive|jkreyes1 has 60 seconds left.
|
|t:|1776032188
|switch|p2a: Zapdos|Zapdos, shiny|100/100|[from] U-turn
|-damage|p2a: Zapdos|76/100|[from] Stealth Rock
|move|p1a: Skarmory|Whirlwind|p2a: Zapdos
|drag|p2a: Tyranitar|Tyranitar, M, shiny|100/100
|-damage|p2a: Tyranitar|84/100|[from] Spikes
|-damage|p2a: Tyranitar|72/100|[from] Stealth Rock
|
|-weather|none
|upkeep
|turn|10
|
|t:|1776032197
|move|p1a: Skarmory|Spikes|p2a: Tyranitar
|-sidestart|p2: jkreyes1|Spikes
|move|p2a: Tyranitar|Fire Blast|p1a: Skarmory
|-supereffective|p1a: Skarmory
|-damage|p1a: Skarmory|21/100
|
|upkeep
|turn|11
|
|t:|1776032206
|move|p2a: Tyranitar|Knock Off|p1a: Skarmory
|-crit|p1a: Skarmory
|-damage|p1a: Skarmory|0 fnt
|-damage|p2a: Tyranitar|55/100|[from] item: Rocky Helmet|[of] p1a: Skarmory
|-enditem|p1a: Skarmory|Rocky Helmet|[from] move: Knock Off|[of] p2a: Tyranitar
|faint|p1a: Skarmory
|
|upkeep
|
|t:|1776032212
|switch|p1a: Zamazenta|Zamazenta|100/100
|-ability|p1a: Zamazenta|Dauntless Shield|boost
|-boost|p1a: Zamazenta|def|1
|turn|12
|
|t:|1776032218
|switch|p2a: Landorus|Landorus-Therian, M, shiny|44/100
|-damage|p2a: Landorus|31/100|[from] Stealth Rock
|-ability|p2a: Landorus|Intimidate|boost
|-unboost|p1a: Zamazenta|atk|1
|move|p1a: Zamazenta|Close Combat|p2a: Landorus
|-resisted|p2a: Landorus
|-damage|p2a: Landorus|10/100
|-unboost|p1a: Zamazenta|def|1
|-unboost|p1a: Zamazenta|spd|1
|
|upkeep
|turn|13
|
|t:|1776032232
|move|p1a: Zamazenta|Close Combat|p2a: Landorus
|-resisted|p2a: Landorus
|-damage|p2a: Landorus|0 fnt
|-unboost|p1a: Zamazenta|def|1
|-unboost|p1a: Zamazenta|spd|1
|faint|p2a: Landorus
|
|upkeep
|
|t:|1776032250
|switch|p2a: Zapdos|Zapdos, shiny|76/100
|-damage|p2a: Zapdos|51/100|[from] Stealth Rock
|turn|14
|
|t:|1776032254
|move|p1a: Zamazenta|Stone Edge|p2a: Zapdos|[miss]
|-miss|p1a: Zamazenta|p2a: Zapdos
|move|p2a: Zapdos|Roost|p2a: Zapdos
|-heal|p2a: Zapdos|100/100
|-singleturn|p2a: Zapdos|move: Roost
|
|upkeep
|turn|15
|
|t:|1776032268
|switch|p1a: Ting-Lu|Ting-Lu|99/100
|-damage|p1a: Ting-Lu|93/100|[from] Stealth Rock
|-damage|p1a: Ting-Lu|80/100|[from] Spikes
|-ability|p1a: Ting-Lu|Vessel of Ruin
|move|p2a: Zapdos|Hurricane|p1a: Ting-Lu
|-damage|p1a: Ting-Lu|57/100
|
|-heal|p1a: Ting-Lu|63/100|[from] item: Leftovers
|upkeep
|turn|16
|
|t:|1776032280
|switch|p2a: Gastrodon|Gastrodon-East, M, shiny|88/100
|-damage|p2a: Gastrodon|63/100|[from] Spikes
|-damage|p2a: Gastrodon|57/100|[from] Stealth Rock
|move|p1a: Ting-Lu|Whirlwind|p2a: Gastrodon
|drag|p2a: Zapdos|Zapdos, shiny|100/100
|-damage|p2a: Zapdos|76/100|[from] Stealth Rock
|
|-heal|p2a: Zapdos|82/100|[from] item: Leftovers
|-heal|p1a: Ting-Lu|69/100|[from] item: Leftovers
|upkeep
|turn|17
|
|t:|1776032288
|move|p2a: Zapdos|Hurricane|p1a: Ting-Lu
|-damage|p1a: Ting-Lu|46/100
|-start|p1a: Ting-Lu|confusion
|-activate|p1a: Ting-Lu|confusion
|move|p1a: Ting-Lu|Whirlwind|p2a: Zapdos
|drag|p2a: Hippowdon|Hippowdon, F, shiny|88/100
|-damage|p2a: Hippowdon|63/100|[from] Spikes
|-damage|p2a: Hippowdon|57/100|[from] Stealth Rock
|-weather|Sandstorm|[from] ability: Sand Stream|[of] p2a: Hippowdon
|
|-weather|Sandstorm|[upkeep]
|-heal|p1a: Ting-Lu|52/100|[from] item: Leftovers
|upkeep
|turn|18
|inactive|jkreyes1 has 90 seconds left.
|
|t:|1776032297
|move|p2a: Hippowdon|Slack Off|p2a: Hippowdon
|-heal|p2a: Hippowdon|100/100
|-activate|p1a: Ting-Lu|confusion
|move|p1a: Ting-Lu|Ruination|p2a: Hippowdon|[miss]
|-miss|p1a: Ting-Lu|p2a: Hippowdon
|
|-weather|Sandstorm|[upkeep]
|-heal|p1a: Ting-Lu|58/100|[from] item: Leftovers
|upkeep
|turn|19
|
|t:|1776032302
|move|p2a: Hippowdon|Earthquake|p1a: Ting-Lu
|-damage|p1a: Ting-Lu|38/100
|-end|p1a: Ting-Lu|confusion
|move|p1a: Ting-Lu|Ruination|p2a: Hippowdon
|-damage|p2a: Hippowdon|50/100
|
|-weather|Sandstorm|[upkeep]
|-heal|p1a: Ting-Lu|44/100|[from] item: Leftovers
|upkeep
|turn|20
|inactive|jkreyes1 has 90 seconds left.
|
|t:|1776032345
|move|p2a: Hippowdon|Slack Off|p2a: Hippowdon
|-heal|p2a: Hippowdon|100/100
|move|p1a: Ting-Lu|Whirlwind|p2a: Hippowdon
|drag|p2a: Gastrodon|Gastrodon-East, M, shiny|57/100
|-damage|p2a: Gastrodon|32/100|[from] Spikes
|-damage|p2a: Gastrodon|26/100|[from] Stealth Rock
|
|-weather|Sandstorm|[upkeep]
|-heal|p1a: Ting-Lu|50/100|[from] item: Leftovers
|-heal|p2a: Gastrodon|32/100|[from] item: Leftovers
|upkeep
|turn|21
|
|t:|1776032356
|move|p1a: Ting-Lu|Earthquake|p2a: Gastrodon
|-damage|p2a: Gastrodon|0 fnt
|faint|p2a: Gastrodon
|
|-weather|none
|-heal|p1a: Ting-Lu|57/100|[from] item: Leftovers
|upkeep
|
|t:|1776032370
|switch|p2a: Tyranitar|Tyranitar, M, shiny|55/100
|-damage|p2a: Tyranitar|30/100|[from] Spikes
|-damage|p2a: Tyranitar|18/100|[from] Stealth Rock
|-weather|Sandstorm|[from] ability: Sand Stream|[of] p2a: Tyranitar
|turn|22
|
|t:|1776032374
|move|p2a: Tyranitar|Knock Off|p1a: Ting-Lu
|-resisted|p1a: Ting-Lu
|-crit|p1a: Ting-Lu
|-damage|p1a: Ting-Lu|38/100
|-enditem|p1a: Ting-Lu|Leftovers|[from] move: Knock Off|[of] p2a: Tyranitar
|move|p1a: Ting-Lu|Earthquake|p2a: Tyranitar
|-supereffective|p2a: Tyranitar
|-damage|p2a: Tyranitar|0 fnt
|faint|p2a: Tyranitar
|
|-weather|Sandstorm|[upkeep]
|upkeep
|
|t:|1776032377
|switch|p2a: Excadrill|Excadrill, M, shiny|100/100
|-damage|p2a: Excadrill|76/100|[from] Spikes
|-damage|p2a: Excadrill|73/100|[from] Stealth Rock
|turn|23
|
|t:|1776032382
|switch|p1a: Pecharunt|Pecharunt|100/100
|-terastallize|p2a: Excadrill|Flying
|move|p2a: Excadrill|Swords Dance|p2a: Excadrill
|-boost|p2a: Excadrill|atk|2
|
|-weather|Sandstorm|[upkeep]
|-damage|p1a: Pecharunt|94/100|[from] Sandstorm
|upkeep
|turn|24
|
|t:|1776032389
|-terastallize|p1a: Pecharunt|Dark
|move|p2a: Excadrill|Earthquake|p1a: Pecharunt
|-damage|p1a: Pecharunt|15/100
|-damage|p2a: Excadrill|63/100|[from] item: Life Orb
|move|p1a: Pecharunt|Foul Play|p2a: Excadrill
|-damage|p2a: Excadrill|0 fnt
|faint|p2a: Excadrill
|
|-weather|Sandstorm|[upkeep]
|-damage|p1a: Pecharunt|9/100|[from] Sandstorm
|upkeep
|
|t:|1776032396
|switch|p2a: Zapdos|Zapdos, shiny|82/100
|-damage|p2a: Zapdos|57/100|[from] Stealth Rock
|turn|25
|-message|jkreyes1 forfeited.
|
|win|chungus mcchungus
|raw|chungus mcchungus's rating: 1534 &rarr; <strong>1553</strong><br />(+19 for winning)
|raw|jkreyes1's rating: 1512 &rarr; <strong>1493</strong><br />(-19 for losing)
|l|☆jkreyes1
|player|p2|
|l|☆chungus mcchungus
|player|p1|
