|html|<div class="broadcast-blue"><strong>[Gen 9] OU is currently suspecting Tera Blast! For information on how to participate check out the <a href="https://www.smogon.com/tools/suspects/view/200">suspect thread</a>.</strong></div>
|j|☆paardenmeisje
|j|☆Compendant67
|t:|1776085097
|gametype|singles
|player|p1|paardenmeisje|brycen|1239
|player|p2|Compendant67|hiker-gen4|1264
|gen|9
|tier|[Gen 9] OU
|rated|
|rule|HP Percentage Mod: HP is shown in percentages
|rule|Endless Battle Clause: Forcing endless battles is banned
|rule|Species Clause: Limit one of each Pokémon
|rule|OHKO Clause: OHKO moves are banned
|rule|Evasion Items Clause: Evasion items are banned
|rule|Evasion Moves Clause: Evasion moves are banned
|rule|Evasion Abilities Clause: Evasion abilities are banned
|rule|Sleep Moves Clause: Sleep-inducing moves are banned
|clearpoke
|poke|p1|Eiscue, M|
|poke|p1|Beartic, F|
|poke|p1|Dewgong, F|
|poke|p1|Zoroark-Hisui, F|
|poke|p1|Noctowl, F|
|poke|p1|Ninetales-Alola, M|
|poke|p2|Tyranitar, F|
|poke|p2|Excadrill, F|
|poke|p2|Slowking-Galar, F|
|poke|p2|Corviknight, M|
|poke|p2|Alomomola, F|
|poke|p2|Iron Valiant|
|teampreview
|inactive|Battle timer is ON: inactive players will automatically lose when time's up. (requested by paardenmeisje)
|
|t:|1776085109
|teamsize|p1|6
|teamsize|p2|6
|start
|switch|p1a: Ninetales|Ninetales-Alola, M|100/100
|switch|p2a: Tyranitar|Tyranitar, F|100/100
|-weather|Snowscape|[from] ability: Snow Warning|[of] p1a: Ninetales
|-weather|Sandstorm|[from] ability: Sand Stream|[of] p2a: Tyranitar
|turn|1
|
|t:|1776085120
|switch|p1a: Eiscue|Eiscue, M|100/100
|move|p2a: Tyranitar|Stone Edge|p1a: Eiscue
|-activate|p1a: Eiscue|ability: Ice Face
|-damage|p1a: Eiscue|100/100
|detailschange|p1a: Eiscue|Eiscue-Noice, M
|
|-weather|Sandstorm|[upkeep]
|-damage|p1a: Eiscue|94/100|[from] Sandstorm
|upkeep
|turn|2
|
|t:|1776085126
|switch|p1a: Ninetales|Ninetales-Alola, M|100/100
|-weather|Snowscape|[from] ability: Snow Warning|[of] p1a: Ninetales
|switch|p2a: Alomomola|Alomomola, F|100/100
|
|-weather|Snowscape|[upkeep]
|upkeep
|turn|3
|
|t:|1776085133
|switch|p2a: Tyranitar|Tyranitar, F|100/100
|-weather|Sandstorm|[from] ability: Sand Stream|[of] p2a: Tyranitar
|move|p1a: Ninetales|Aurora Veil||[still]
|-fail|p1a: Ninetales
|
|-weather|Sandstorm|[upkeep]
|-damage|p1a: Ninetales|95/100|[from] Sandstorm
|upkeep
|turn|4
|
|t:|1776085140
|move|p1a: Ninetales|Moonblast|p2a: Tyranitar
|-supereffective|p2a: Tyranitar
|-damage|p2a: Tyranitar|54/100
|move|p2a: Tyranitar|Stone Edge|p1a: Ninetales
|-supereffective|p1a: Ninetales
|-damage|p1a: Ninetales|0 fnt
|faint|p1a: Ninetales
|
|-weather|Sandstorm|[upkeep]
|upkeep
|
|t:|1776085154
|switch|p1a: Eiscue|Eiscue-Noice, M|100/100
|turn|5
|
|t:|1776085161
|switch|p2a: Corviknight|Corviknight, M|100/100
|-ability|p2a: Corviknight|Pressure
|-terastallize|p1a: Eiscue|Fairy
|move|p1a: Eiscue|Tera Blast|p2a: Corviknight|[anim] Tera Blast Fairy
|-resisted|p2a: Corviknight
|-damage|p2a: Corviknight|80/100
|
|-weather|Sandstorm|[upkeep]
|-damage|p1a: Eiscue|95/100|[from] Sandstorm
|-heal|p2a: Corviknight|86/100|[from] item: Leftovers
|upkeep
|turn|6
|
|t:|1776085171
|switch|p1a: Noctowl|Noctowl, F|100/100
|move|p2a: Corviknight|U-turn|p1a: Noctowl
|-resisted|p1a: Noctowl
|-damage|p1a: Noctowl|90/100
|
|t:|1776085173
|switch|p2a: Alomomola|Alomomola, F|100/100|[from] U-turn
|
|-weather|Sandstorm|[upkeep]
|-damage|p1a: Noctowl|84/100|[from] Sandstorm
|-damage|p2a: Alomomola|94/100|[from] Sandstorm
|upkeep
|turn|7
|
|t:|1776085176
|move|p1a: Noctowl|Agility|p1a: Noctowl
|-boost|p1a: Noctowl|spe|2
|move|p2a: Alomomola|Wish|p2a: Alomomola
|
|-weather|none
|upkeep
|turn|8
|
|t:|1776085180
|move|p1a: Noctowl|Hyper Voice|p2a: Alomomola
|-damage|p2a: Alomomola|58/100
|-enditem|p1a: Noctowl|Throat Spray
|-boost|p1a: Noctowl|spa|1|[from] item: Throat Spray
|move|p2a: Alomomola|Flip Turn|p1a: Noctowl
|-damage|p1a: Noctowl|59/100
|
|t:|1776085183
|switch|p2a: Tyranitar|Tyranitar, F|54/100|[from] Flip Turn
|-weather|Sandstorm|[from] ability: Sand Stream|[of] p2a: Tyranitar
|
|-weather|Sandstorm|[upkeep]
|-damage|p1a: Noctowl|53/100|[from] Sandstorm
|-heal|p2a: Tyranitar|100/100|[from] move: Wish|[wisher] Alomomola
|upkeep
|turn|9
|
|t:|1776085187
|move|p1a: Noctowl|Hyper Voice|p2a: Tyranitar
|-resisted|p2a: Tyranitar
|-damage|p2a: Tyranitar|62/100
|move|p2a: Tyranitar|Stone Edge|p1a: Noctowl
|-supereffective|p1a: Noctowl
|-damage|p1a: Noctowl|0 fnt
|faint|p1a: Noctowl
|
|-weather|Sandstorm|[upkeep]
|upkeep
|
|t:|1776085198
|switch|p1a: Eiscue|Eiscue-Noice, M, tera:Fairy|95/100
|turn|10
|
|t:|1776085203
|switch|p2a: Alomomola|Alomomola, F|91/100
|move|p1a: Eiscue|Tera Blast|p2a: Alomomola|[anim] Tera Blast Fairy
|-damage|p2a: Alomomola|50/100
|
|-weather|Sandstorm|[upkeep]
|-damage|p1a: Eiscue|89/100|[from] Sandstorm
|-damage|p2a: Alomomola|44/100|[from] Sandstorm
|upkeep
|turn|11
|
|t:|1776085208
|switch|p2a: Corviknight|Corviknight, M|86/100
|-ability|p2a: Corviknight|Pressure
|move|p1a: Eiscue|Tera Blast|p2a: Corviknight|[anim] Tera Blast Fairy
|-resisted|p2a: Corviknight
|-damage|p2a: Corviknight|64/100
|
|-weather|Sandstorm|[upkeep]
|-damage|p1a: Eiscue|83/100|[from] Sandstorm
|-heal|p2a: Corviknight|70/100|[from] item: Leftovers
|upkeep
|turn|12
|
|t:|1776085213
|switch|p1a: Dewgong|Dewgong, F|100/100
|move|p2a: Corviknight|U-turn|p1a: Dewgong
|-damage|p1a: Dewgong|84/100
|
|t:|1776085217
|switch|p2a: Slowking|Slowking-Galar, F|100/100|[from] U-turn
|
|-weather|none
|upkeep
|turn|13
|
|t:|1776085221
|move|p1a: Dewgong|Fake Out|p2a: Slowking
|-damage|p2a: Slowking|93/100
|cant|p2a: Slowking|flinch
|
|upkeep
|turn|14
|
|t:|1776085224
|move|p1a: Dewgong|Knock Off|p2a: Slowking
|-supereffective|p2a: Slowking
|-damage|p2a: Slowking|60/100
|-enditem|p2a: Slowking|Heavy-Duty Boots|[from] move: Knock Off|[of] p1a: Dewgong
|-prepare|p2a: Slowking|Chilly Reception|[premajor]
|move|p2a: Slowking|Chilly Reception|p2a: Slowking
|-weather|Snowscape
|
|t:|1776085227
|switch|p2a: Tyranitar|Tyranitar, F|62/100|[from] Chilly Reception
|-weather|Sandstorm|[from] ability: Sand Stream|[of] p2a: Tyranitar
|
|-weather|Sandstorm|[upkeep]
|-damage|p1a: Dewgong|78/100|[from] Sandstorm
|upkeep
|turn|15
|
|t:|1776085230
|move|p2a: Tyranitar|Stone Edge|p1a: Dewgong|[miss]
|-miss|p2a: Tyranitar|p1a: Dewgong
|move|p1a: Dewgong|Knock Off|p2a: Tyranitar
|-resisted|p2a: Tyranitar
|-crit|p2a: Tyranitar
|-damage|p2a: Tyranitar|50/100
|-enditem|p2a: Tyranitar|Choice Band|[from] move: Knock Off|[of] p1a: Dewgong
|
|-weather|Sandstorm|[upkeep]
|-damage|p1a: Dewgong|72/100|[from] Sandstorm
|upkeep
|turn|16
|
|t:|1776085237
|move|p2a: Tyranitar|Stone Edge|p1a: Dewgong|[miss]
|-miss|p2a: Tyranitar|p1a: Dewgong
|move|p1a: Dewgong|Liquidation|p2a: Tyranitar
|-supereffective|p2a: Tyranitar
|-crit|p2a: Tyranitar
|-damage|p2a: Tyranitar|0 fnt
|faint|p2a: Tyranitar
|
|-weather|Sandstorm|[upkeep]
|-damage|p1a: Dewgong|66/100|[from] Sandstorm
|upkeep
|
|t:|1776085240
|switch|p2a: Excadrill|Excadrill, F|100/100
|-item|p2a: Excadrill|Air Balloon
|turn|17
|
|t:|1776085251
|switch|p1a: Beartic|Beartic, F|100/100
|move|p2a: Excadrill|Swords Dance|p2a: Excadrill
|-boost|p2a: Excadrill|atk|2
|
|-weather|Sandstorm|[upkeep]
|-damage|p1a: Beartic|94/100|[from] Sandstorm
|upkeep
|turn|18
|
|t:|1776085255
|move|p2a: Excadrill|Rock Slide|p1a: Beartic
|-supereffective|p1a: Beartic
|-damage|p1a: Beartic|0 fnt
|faint|p1a: Beartic
|
|-weather|none
|upkeep
|
|t:|1776085257
|switch|p1a: Dewgong|Dewgong, F|66/100
|turn|19
|
|t:|1776085259
|move|p1a: Dewgong|Fake Out|p2a: Excadrill
|-resisted|p2a: Excadrill
|-damage|p2a: Excadrill|95/100
|-enditem|p2a: Excadrill|Air Balloon
|cant|p2a: Excadrill|flinch
|
|upkeep
|turn|20
|
|t:|1776085275
|move|p2a: Excadrill|Rock Slide|p1a: Dewgong
|-supereffective|p1a: Dewgong
|-damage|p1a: Dewgong|0 fnt
|faint|p1a: Dewgong
|
|upkeep
|
|t:|1776085285
|switch|p1a: Eiscue|Eiscue-Noice, M, tera:Fairy|83/100
|turn|21
|l|☆Compendant67
|inactive|Compendant67 disconnected and has a minute to reconnect!
|player|p2|
|j|☆Compendant67
|inactive|Compendant67 reconnected and has 125 seconds left.
|player|p2|Compendant67|hiker-gen4|
|inactive|Compendant67 has 120 seconds left.
|
|t:|1776085317
|move|p1a: Eiscue|Flamethrower|p2a: Excadrill
|-supereffective|p2a: Excadrill
|-damage|p2a: Excadrill|20/100
|move|p2a: Excadrill|Earthquake|p1a: Eiscue
|-damage|p1a: Eiscue|0 fnt
|replace|p1a: Zoroark|Zoroark-Hisui, F
|-end|p1a: Zoroark|Illusion
|faint|p1a: Zoroark
|
|upkeep
|inactive|paardenmeisje has 120 seconds left.
|
|t:|1776085342
|switch|p1a: Eiscue|Eiscue-Noice, M|94/100
|turn|22
|
|t:|1776085351
|move|p1a: Eiscue|Liquidation|p2a: Excadrill
|-supereffective|p2a: Excadrill
|-damage|p2a: Excadrill|0 fnt
|faint|p2a: Excadrill
|
|upkeep
|
|t:|1776085354
|switch|p2a: Iron Valiant|Iron Valiant|100/100
|-enditem|p2a: Iron Valiant|Booster Energy
|-activate|p2a: Iron Valiant|ability: Quark Drive|[fromitem]
|-start|p2a: Iron Valiant|quarkdrivespe
|turn|23
|
|t:|1776085368
|move|p2a: Iron Valiant|Close Combat|p1a: Eiscue
|-supereffective|p1a: Eiscue
|-damage|p1a: Eiscue|0 fnt
|-unboost|p2a: Iron Valiant|def|1
|-unboost|p2a: Iron Valiant|spd|1
|faint|p1a: Eiscue
|
|win|Compendant67
|raw|paardenmeisje's rating: 1239 &rarr; <strong>1216</strong><br />(-23 for losing)
|raw|Compendant67's rating: 1264 &rarr; <strong>1287</strong><br />(+23 for winning)
|l|☆paardenmeisje
|player|p1|
|l|☆Compendant67
|player|p2|
