|html|<div class="broadcast-blue"><strong>[Gen 9] OU is currently suspecting Volcarona! For information on how to participate check out the <a href="https://www.smogon.com/tools/suspects/view/208">suspect thread</a>.</strong></div>
|j|☆sweetiesquad
|j|☆bookywasmabyhere
|t:|1778512615
|gametype|singles
|player|p1|sweetiesquad|preschooler|1175
|player|p2|bookywasmabyhere|hooligans|1151
|gen|9
|tier|[Gen 9] OU
|rated|
|rule|HP Percentage Mod: HP is shown in percentages
|rule|Endless Battle Clause: Forcing endless battles is banned
|rule|Species Clause: Limit one of each Pokémon
|rule|OHKO Clause: OHKO moves are banned
|rule|Evasion Items Clause: Evasion items are banned
|rule|Evasion Moves Clause: Evasion moves are banned
|rule|Evasion Abilities Clause: Evasion abilities are banned
|rule|Sleep Moves Clause: Sleep-inducing moves are banned
|clearpoke
|poke|p1|Kleavor, F|
|poke|p1|Sableye, M|
|poke|p1|Pelipper, F|
|poke|p1|Yanmega, M|
|poke|p1|Goodra-Hisui, M|
|poke|p1|Mew|
|poke|p2|Corviknight, F|
|poke|p2|Golurk|
|poke|p2|Ogerpon-Wellspring, F|
|poke|p2|Arcanine-Hisui, F|
|poke|p2|Zoroark-Hisui, F|
|poke|p2|Hitmontop, M|
|teampreview
|
|t:|1778512638
|teamsize|p1|6
|teamsize|p2|6
|start
|switch|p1a: Kleavor|Kleavor, F|100/100
|switch|p2a: Hitmontop|Hitmontop, M|100/100
|turn|1
|
|t:|1778512650
|move|p1a: Kleavor|Stone Axe|p2a: Hitmontop
|-enditem|p2a: Hitmontop|Focus Sash
|-damage|p2a: Hitmontop|1/100
|replace|p2a: Zoroark|Zoroark-Hisui, F
|-end|p2a: Zoroark|Illusion
|-sidestart|p2: bookywasmabyhere|move: Stealth Rock
|move|p2a: Zoroark|Nasty Plot|p2a: Zoroark
|-boost|p2a: Zoroark|spa|2
|
|upkeep
|turn|2
|inactive|Battle timer is ON: inactive players will automatically lose when time's up. (requested by bookywasmabyhere)
|
|t:|1778512668
|switch|p2a: Corviknight|Corviknight, F|100/100
|-ability|p2a: Corviknight|Unnerve
|-damage|p2a: Corviknight|88/100|[from] Stealth Rock
|move|p1a: Kleavor|Stone Axe|p2a: Corviknight
|-damage|p2a: Corviknight|38/100
|
|-heal|p2a: Corviknight|44/100|[from] item: Leftovers
|upkeep
|turn|3
|
|t:|1778512687
|move|p1a: Kleavor|Stone Axe|p2a: Corviknight
|-damage|p2a: Corviknight|1/100
|move|p2a: Corviknight|Iron Head|p1a: Kleavor
|-supereffective|p1a: Kleavor
|-damage|p1a: Kleavor|10/100
|
|-heal|p2a: Corviknight|7/100|[from] item: Leftovers
|upkeep
|turn|4
|
|t:|1778512700
|switch|p2a: Hitmontop|Hitmontop, M|100/100
|-damage|p2a: Hitmontop|95/100|[from] Stealth Rock
|move|p1a: Kleavor|Stone Axe|p2a: Hitmontop
|-resisted|p2a: Hitmontop
|-damage|p2a: Hitmontop|59/100
|
|upkeep
|turn|5
|
|t:|1778512710
|move|p2a: Hitmontop|Mach Punch|p1a: Kleavor
|-damage|p1a: Kleavor|0 fnt
|faint|p1a: Kleavor
|
|upkeep
|
|t:|1778512717
|switch|p1a: Yanmega|Yanmega, M|100/100
|turn|6
|
|t:|1778512736
|switch|p2a: Arcanine|Arcanine-Hisui, F|100/100
|-damage|p2a: Arcanine|76/100|[from] Stealth Rock
|-ability|p2a: Arcanine|Intimidate|boost
|-unboost|p1a: Yanmega|atk|1
|move|p1a: Yanmega|Protect||[still]
|-fail|p1a: Yanmega
|
|-ability|p1a: Yanmega|Speed Boost|boost
|-boost|p1a: Yanmega|spe|1
|upkeep
|turn|7
|
|t:|1778512750
|move|p1a: Yanmega|U-turn|p2a: Arcanine
|-resisted|p2a: Arcanine
|-damage|p2a: Arcanine|65/100
|-damage|p1a: Yanmega|91/100|[from] item: Life Orb
|
|t:|1778512757
|switch|p1a: Goodra|Goodra-Hisui, M|100/100|[from] U-turn
|move|p2a: Arcanine|Head Smash|p1a: Goodra
|-resisted|p1a: Goodra
|-damage|p1a: Goodra|63/100
|-ability|p1a: Goodra|Gooey
|-unboost|p2a: Arcanine|spe|1
|-damage|p2a: Arcanine|48/100|[from] Recoil
|-damage|p2a: Arcanine|38/100|[from] item: Life Orb
|
|-heal|p1a: Goodra|69/100|[from] item: Leftovers
|upkeep
|turn|8
|
|t:|1778512775
|move|p2a: Arcanine|Morning Sun|p2a: Arcanine
|-heal|p2a: Arcanine|88/100
|move|p1a: Goodra|Acid Armor|p1a: Goodra
|-boost|p1a: Goodra|def|2
|
|-heal|p1a: Goodra|75/100|[from] item: Leftovers
|upkeep
|turn|9
|
|t:|1778512794
|-terastallize|p2a: Arcanine|Fire
|move|p2a: Arcanine|Flare Blitz|p1a: Goodra
|-damage|p1a: Goodra|34/100
|-ability|p1a: Goodra|Gooey
|-unboost|p2a: Arcanine|spe|1
|-damage|p2a: Arcanine|76/100|[from] Recoil
|-damage|p2a: Arcanine|66/100|[from] item: Life Orb
|move|p1a: Goodra|Body Press|p2a: Arcanine
|-damage|p2a: Arcanine|0 fnt
|faint|p2a: Arcanine
|
|-heal|p1a: Goodra|40/100|[from] item: Leftovers
|upkeep
|inactive|bookywasmabyhere has 120 seconds left.
|
|t:|1778512829
|switch|p2a: Corviknight|Corviknight, F|1/100
|-damage|p2a: Corviknight|0 fnt|[from] Stealth Rock
|faint|p2a: Corviknight
|inactive|bookywasmabyhere has 90 seconds left.
|
|t:|1778512848
|switch|p2a: Golurk|Golurk|100/100
|-damage|p2a: Golurk|94/100|[from] Stealth Rock
|turn|10
|inactive|bookywasmabyhere has 90 seconds left.
|l|☆bookywasmabyhere
|inactive|bookywasmabyhere disconnected and has a minute to reconnect!
|player|p2|
|inactive|bookywasmabyhere has 30 seconds to reconnect!
|inactive|bookywasmabyhere has 20 seconds to reconnect!
|inactive|bookywasmabyhere has 15 seconds to reconnect!
|inactive|bookywasmabyhere has 10 seconds to reconnect!
|inactive|bookywasmabyhere has 5 seconds to reconnect!
|-message|bookywasmabyhere lost due to inactivity.
|
|win|sweetiesquad
|raw|sweetiesquad's rating: 1175 &rarr; <strong>1198</strong><br />(+23 for winning)
|raw|bookywasmabyhere's rating: 1151 &rarr; <strong>1128</strong><br />(-23 for losing)
|l|☆sweetiesquad
|player|p1|
