|html|<div class="broadcast-blue"><strong>[Gen 9] OU is currently suspecting Tera Blast! For information on how to participate check out the <a href="https://www.smogon.com/tools/suspects/view/200">suspect thread</a>.</strong></div>
|j|☆Nghrixa
|j|☆Cinder Stan!
|t:|1776085180
|gametype|singles
|player|p1|Nghrixa|266|1118
|player|p2|Cinder Stan!|emmet|1151
|gen|9
|tier|[Gen 9] OU
|rated|
|rule|HP Percentage Mod: HP is shown in percentages
|rule|Endless Battle Clause: Forcing endless battles is banned
|rule|Species Clause: Limit one of each Pokémon
|rule|OHKO Clause: OHKO moves are banned
|rule|Evasion Items Clause: Evasion items are banned
|rule|Evasion Moves Clause: Evasion moves are banned
|rule|Evasion Abilities Clause: Evasion abilities are banned
|rule|Sleep Moves Clause: Sleep-inducing moves are banned
|clearpoke
|poke|p1|Garganacl, F|
|poke|p1|Deoxys-Defense|
|poke|p1|Alomomola, M|
|poke|p1|Salamence, M|
|poke|p1|Kingambit, M|
|poke|p1|Thundurus-Therian, M|
|poke|p2|Cinderace, M|
|poke|p2|Meowscarada, F|
|poke|p2|Ogerpon-Wellspring, F|
|poke|p2|Walking Wake|
|poke|p2|Gholdengo|
|poke|p2|Iron Valiant|
|teampreview
|inactive|Battle timer is ON: inactive players will automatically lose when time's up. (requested by Nghrixa)
|
|t:|1776085197
|teamsize|p1|6
|teamsize|p2|6
|start
|switch|p1a: Deoxys|Deoxys-Defense|100/100
|switch|p2a: Ogerpon|Ogerpon-Wellspring, F|100/100
|-ability|p1a: Deoxys|Pressure
|turn|1
|
|t:|1776085206
|move|p2a: Ogerpon|Swords Dance|p2a: Ogerpon
|-boost|p2a: Ogerpon|atk|2
|move|p1a: Deoxys|Cosmic Power|p1a: Deoxys
|-boost|p1a: Deoxys|def|1
|-boost|p1a: Deoxys|spd|1
|
|upkeep
|turn|2
|inactive|Cinder Stan! has 120 seconds left.
|
|t:|1776085238
|move|p2a: Ogerpon|Swords Dance|p2a: Ogerpon
|-boost|p2a: Ogerpon|atk|2
|move|p1a: Deoxys|Cosmic Power|p1a: Deoxys
|-boost|p1a: Deoxys|def|1
|-boost|p1a: Deoxys|spd|1
|
|upkeep
|turn|3
|inactive|Cinder Stan! has 120 seconds left.
|
|t:|1776085251
|-terastallize|p2a: Ogerpon|Water
|detailschange|p2a: Ogerpon|Ogerpon-Wellspring-Tera, F, tera:Water
|-ability|p2a: Ogerpon|Embody Aspect (Wellspring)|boost
|-boost|p2a: Ogerpon|spd|1
|move|p2a: Ogerpon|Ivy Cudgel|p1a: Deoxys|[anim] Ivy Cudgel Water
|-damage|p1a: Deoxys|10/100
|move|p1a: Deoxys|Cosmic Power|p1a: Deoxys
|-boost|p1a: Deoxys|def|1
|-boost|p1a: Deoxys|spd|1
|
|-heal|p1a: Deoxys|17/100|[from] item: Leftovers
|upkeep
|turn|4
|inactive|Cinder Stan! has 120 seconds left.
|
|t:|1776085262
|move|p2a: Ogerpon|Ivy Cudgel|p1a: Deoxys|[anim] Ivy Cudgel Water
|-crit|p1a: Deoxys
|-damage|p1a: Deoxys|0 fnt
|faint|p1a: Deoxys
|
|upkeep
|
|t:|1776085270
|switch|p1a: Thundurus|Thundurus-Therian, M|100/100
|turn|5
|
|t:|1776085281
|move|p1a: Thundurus|Wildbolt Storm|p2a: Ogerpon
|-supereffective|p2a: Ogerpon
|-damage|p2a: Ogerpon|18/100
|move|p2a: Ogerpon|Ivy Cudgel|p1a: Thundurus|[anim] Ivy Cudgel Water
|-damage|p1a: Thundurus|0 fnt
|faint|p1a: Thundurus
|
|upkeep
|
|t:|1776085302
|switch|p1a: Kingambit|Kingambit, M|100/100
|-activate|p1a: Kingambit|ability: Supreme Overlord
|-start|p1a: Kingambit|fallen2|[silent]
|-item|p1a: Kingambit|Air Balloon
|turn|6
|
|t:|1776085310
|move|p1a: Kingambit|Sucker Punch||[still]
|-fail|p1a: Kingambit
|move|p2a: Ogerpon|Swords Dance|p2a: Ogerpon
|-boost|p2a: Ogerpon|atk|2
|
|upkeep
|turn|7
|
|t:|1776085315
|move|p2a: Ogerpon|Spiky Shield|p2a: Ogerpon
|-singleturn|p2a: Ogerpon|move: Protect
|move|p1a: Kingambit|Sucker Punch||[still]
|-fail|p1a: Kingambit
|
|upkeep
|turn|8
|
|t:|1776085320
|move|p2a: Ogerpon|Spiky Shield||[still]
|-fail|p2a: Ogerpon
|move|p1a: Kingambit|Sucker Punch||[still]
|-fail|p1a: Kingambit
|
|upkeep
|turn|9
|
|t:|1776085326
|move|p2a: Ogerpon|Spiky Shield|p2a: Ogerpon
|-singleturn|p2a: Ogerpon|move: Protect
|move|p1a: Kingambit|Kowtow Cleave|p2a: Ogerpon
|-activate|p2a: Ogerpon|move: Protect
|-damage|p1a: Kingambit|88/100|[from] Spiky Shield|[of] p2a: Ogerpon
|
|upkeep
|turn|10
|
|t:|1776085342
|move|p2a: Ogerpon|Spiky Shield||[still]
|-fail|p2a: Ogerpon
|move|p1a: Kingambit|Sucker Punch||[still]
|-fail|p1a: Kingambit
|
|upkeep
|turn|11
|
|t:|1776085350
|move|p2a: Ogerpon|Horn Leech|p1a: Kingambit
|-resisted|p1a: Kingambit
|-damage|p1a: Kingambit|25/100
|-heal|p2a: Ogerpon|60/100|[from] drain|[of] p1a: Kingambit
|-enditem|p1a: Kingambit|Air Balloon
|move|p1a: Kingambit|Kowtow Cleave|p2a: Ogerpon
|-damage|p2a: Ogerpon|0 fnt
|faint|p2a: Ogerpon
|detailschange|p2: Ogerpon|Ogerpon-Wellspring, F|[silent]
|
|upkeep
|
|t:|1776085373
|switch|p2a: Iron Valiant|Iron Valiant|100/100
|-enditem|p2a: Iron Valiant|Booster Energy
|-activate|p2a: Iron Valiant|ability: Quark Drive|[fromitem]
|-start|p2a: Iron Valiant|quarkdrivespe
|turn|12
|
|t:|1776085388
|-terastallize|p1a: Kingambit|Ghost
|move|p2a: Iron Valiant|Calm Mind|p2a: Iron Valiant
|-boost|p2a: Iron Valiant|spa|1
|-boost|p2a: Iron Valiant|spd|1
|move|p1a: Kingambit|Iron Head|p2a: Iron Valiant
|-supereffective|p2a: Iron Valiant
|-damage|p2a: Iron Valiant|0 fnt
|faint|p2a: Iron Valiant
|-end|p2a: Iron Valiant|Quark Drive|[silent]
|
|upkeep
|
|t:|1776085397
|switch|p2a: Meowscarada|Meowscarada, F|100/100
|turn|13
|
|t:|1776085403
|move|p1a: Kingambit|Sucker Punch|p2a: Meowscarada
|-resisted|p2a: Meowscarada
|-damage|p2a: Meowscarada|64/100
|move|p2a: Meowscarada|Knock Off|p1a: Kingambit
|-start|p2a: Meowscarada|typechange|Dark|[from] ability: Protean
|-supereffective|p1a: Kingambit
|-damage|p1a: Kingambit|0 fnt
|faint|p1a: Kingambit
|-end|p1a: Kingambit|fallen2|[silent]
|
|upkeep
|
|t:|1776085411
|switch|p1a: Salamence|Salamence, M, shiny|100/100
|turn|14
|
|t:|1776085414
|switch|p1a: Garganacl|Garganacl, F, shiny|100/100
|move|p2a: Meowscarada|Knock Off|p1a: Garganacl
|-damage|p1a: Garganacl|75/100
|-damage|p2a: Meowscarada|47/100|[from] item: Rocky Helmet|[of] p1a: Garganacl
|-enditem|p1a: Garganacl|Rocky Helmet|[from] move: Knock Off|[of] p2a: Meowscarada
|
|upkeep
|turn|15
|
|t:|1776085428
|switch|p2a: Walking Wake|Walking Wake|100/100
|-enditem|p2a: Walking Wake|Booster Energy
|-activate|p2a: Walking Wake|ability: Protosynthesis|[fromitem]
|-start|p2a: Walking Wake|protosynthesisspa
|move|p1a: Garganacl|Salt Cure|p2a: Walking Wake
|-damage|p2a: Walking Wake|86/100
|-start|p2a: Walking Wake|Salt Cure
|
|-damage|p2a: Walking Wake|61/100|[from] Salt Cure
|upkeep
|turn|16
|
|t:|1776085438
|switch|p1a: Alomomola|Alomomola, M|100/100
|move|p2a: Walking Wake|Hydro Steam|p1a: Alomomola
|-resisted|p1a: Alomomola
|-damage|p1a: Alomomola|67/100
|
|-heal|p1a: Alomomola|73/100|[from] item: Leftovers
|-damage|p2a: Walking Wake|36/100|[from] Salt Cure
|upkeep
|turn|17
|
|t:|1776085446
|-end|p2a: Walking Wake|Protosynthesis|[silent]
|switch|p2a: Gholdengo|Gholdengo|100/100
|-item|p2a: Gholdengo|Air Balloon
|move|p1a: Alomomola|Wish|p1a: Alomomola
|
|-heal|p1a: Alomomola|79/100|[from] item: Leftovers
|upkeep
|turn|18
|
|t:|1776085454
|move|p1a: Alomomola|Aqua Jet|p2a: Gholdengo
|-damage|p2a: Gholdengo|89/100
|-enditem|p2a: Gholdengo|Air Balloon
|move|p2a: Gholdengo|Nasty Plot|p2a: Gholdengo
|-boost|p2a: Gholdengo|spa|2
|
|-heal|p1a: Alomomola|100/100|[from] move: Wish|[wisher] Alomomola
|upkeep
|turn|19
|
|t:|1776085465
|move|p2a: Gholdengo|Nasty Plot|p2a: Gholdengo
|-boost|p2a: Gholdengo|spa|2
|move|p1a: Alomomola|Wish|p1a: Alomomola
|
|upkeep
|turn|20
|
|t:|1776085474
|switch|p1a: Garganacl|Garganacl, F, shiny|75/100
|move|p2a: Gholdengo|Nasty Plot|p2a: Gholdengo
|-boost|p2a: Gholdengo|spa|2
|
|-heal|p1a: Garganacl|100/100|[from] move: Wish|[wisher] Alomomola
|upkeep
|turn|21
|
|t:|1776085481
|move|p2a: Gholdengo|Make It Rain|p1a: Garganacl
|-supereffective|p1a: Garganacl
|-damage|p1a: Garganacl|0 fnt
|-unboost|p2a: Gholdengo|spa|1
|faint|p1a: Garganacl
|
|upkeep
|
|t:|1776085487
|switch|p1a: Salamence|Salamence, M, shiny|100/100
|turn|22
|
|t:|1776085494
|move|p1a: Salamence|Earthquake|p2a: Gholdengo
|-supereffective|p2a: Gholdengo
|-damage|p2a: Gholdengo|2/100
|move|p2a: Gholdengo|Dazzling Gleam|p1a: Salamence
|-supereffective|p1a: Salamence
|-damage|p1a: Salamence|0 fnt
|faint|p1a: Salamence
|
|upkeep
|
|t:|1776085501
|switch|p1a: Alomomola|Alomomola, M|100/100
|turn|23
|
|t:|1776085507
|move|p2a: Gholdengo|Protect|p2a: Gholdengo
|-singleturn|p2a: Gholdengo|Protect
|move|p1a: Alomomola|Aqua Jet|p2a: Gholdengo
|-activate|p2a: Gholdengo|move: Protect
|
|upkeep
|turn|24
|
|t:|1776085512
|move|p1a: Alomomola|Aqua Jet|p2a: Gholdengo
|-damage|p2a: Gholdengo|0 fnt
|faint|p2a: Gholdengo
|
|upkeep
|
|t:|1776085515
|switch|p2a: Meowscarada|Meowscarada, F|47/100
|turn|25
|
|t:|1776085521
|move|p2a: Meowscarada|Flower Trick|p1a: Alomomola
|-start|p2a: Meowscarada|typechange|Grass|[from] ability: Protean
|-supereffective|p1a: Alomomola
|-crit|p1a: Alomomola
|-damage|p1a: Alomomola|46/100
|move|p1a: Alomomola|Scald|p2a: Meowscarada
|-resisted|p2a: Meowscarada
|-damage|p2a: Meowscarada|37/100
|
|-heal|p1a: Alomomola|52/100|[from] item: Leftovers
|upkeep
|turn|26
|
|t:|1776085528
|move|p1a: Alomomola|Protect|p1a: Alomomola
|-singleturn|p1a: Alomomola|Protect
|move|p2a: Meowscarada|Flower Trick|p1a: Alomomola
|-activate|p1a: Alomomola|move: Protect
|
|-heal|p1a: Alomomola|59/100|[from] item: Leftovers
|upkeep
|turn|27
|
|t:|1776085537
|move|p2a: Meowscarada|Flower Trick|p1a: Alomomola
|-supereffective|p1a: Alomomola
|-crit|p1a: Alomomola
|-damage|p1a: Alomomola|1/100
|move|p1a: Alomomola|Wish|p1a: Alomomola
|
|-heal|p1a: Alomomola|7/100|[from] item: Leftovers
|upkeep
|turn|28
|
|t:|1776085544
|move|p1a: Alomomola|Protect|p1a: Alomomola
|-singleturn|p1a: Alomomola|Protect
|move|p2a: Meowscarada|Flower Trick|p1a: Alomomola
|-activate|p1a: Alomomola|move: Protect
|
|-heal|p1a: Alomomola|57/100|[from] move: Wish|[wisher] Alomomola
|-heal|p1a: Alomomola|63/100|[from] item: Leftovers
|upkeep
|turn|29
|
|t:|1776085552
|move|p2a: Meowscarada|Flower Trick|p1a: Alomomola
|-supereffective|p1a: Alomomola
|-crit|p1a: Alomomola
|-damage|p1a: Alomomola|10/100
|move|p1a: Alomomola|Scald|p2a: Meowscarada
|-resisted|p2a: Meowscarada
|-damage|p2a: Meowscarada|28/100
|
|-heal|p1a: Alomomola|17/100|[from] item: Leftovers
|upkeep
|turn|30
|
|t:|1776085559
|move|p1a: Alomomola|Protect|p1a: Alomomola
|-singleturn|p1a: Alomomola|Protect
|move|p2a: Meowscarada|Flower Trick|p1a: Alomomola
|-activate|p1a: Alomomola|move: Protect
|
|-heal|p1a: Alomomola|23/100|[from] item: Leftovers
|upkeep
|turn|31
|c|☆Cinder Stan!|gg
|
|t:|1776085574
|move|p1a: Alomomola|Aqua Jet|p2a: Meowscarada
|-resisted|p2a: Meowscarada
|-damage|p2a: Meowscarada|20/100
|move|p2a: Meowscarada|Flower Trick|p1a: Alomomola
|-supereffective|p1a: Alomomola
|-crit|p1a: Alomomola
|-damage|p1a: Alomomola|0 fnt
|faint|p1a: Alomomola
|
|win|Cinder Stan!
|raw|Nghrixa's rating: 1118 &rarr; <strong>1095</strong><br />(-23 for losing)
|raw|Cinder Stan!'s rating: 1151 &rarr; <strong>1174</strong><br />(+23 for winning)
|l|☆Nghrixa
|player|p1|
