|html|<div class="broadcast-blue"><strong>[Gen 9] OU is currently suspecting Tera Blast! For information on how to participate check out the <a href="https://www.smogon.com/tools/suspects/view/200">suspect thread</a>.</strong></div>
|j|☆mewsiamang
|j|☆CortsKkaos
|t:|1776076542
|gametype|singles
|player|p1|mewsiamang|101|1051
|player|p2|CortsKkaos|brawly|1053
|gen|9
|tier|[Gen 9] OU
|rated|
|rule|HP Percentage Mod: HP is shown in percentages
|rule|Endless Battle Clause: Forcing endless battles is banned
|rule|Species Clause: Limit one of each Pokémon
|rule|OHKO Clause: OHKO moves are banned
|rule|Evasion Items Clause: Evasion items are banned
|rule|Evasion Moves Clause: Evasion moves are banned
|rule|Evasion Abilities Clause: Evasion abilities are banned
|rule|Sleep Moves Clause: Sleep-inducing moves are banned
|clearpoke
|poke|p1|Skuntank, M|
|poke|p1|Hippowdon, F|
|poke|p1|Iron Moth|
|poke|p1|Dragapult, F|
|poke|p1|Toxapex, M|
|poke|p1|Latios, M|
|poke|p2|Hatterene, F|
|poke|p2|Araquanid, F|
|poke|p2|Bellibolt, M|
|poke|p2|Excadrill, F|
|poke|p2|Hawlucha, F|
|poke|p2|Morpeko, F|
|teampreview
|inactive|Battle timer is ON: inactive players will automatically lose when time's up. (requested by CortsKkaos)
|
|t:|1776076557
|teamsize|p1|6
|teamsize|p2|6
|start
|switch|p1a: Skuntank|Skuntank, M|100/100
|switch|p2a: Morpeko|Morpeko, F|100/100
|-item|p1a: Skuntank|Air Balloon
|turn|1
|
|t:|1776076572
|move|p2a: Morpeko|Fake Out|p1a: Skuntank
|-damage|p1a: Skuntank|86/100
|-enditem|p1a: Skuntank|Air Balloon
|cant|p1a: Skuntank|flinch
|
|-formechange|p2a: Morpeko|Morpeko-Hangry||[from] ability: Hunger Switch
|upkeep
|turn|2
|
|t:|1776076579
|move|p2a: Morpeko|Parting Shot|p1a: Skuntank
|-unboost|p1a: Skuntank|atk|1
|-unboost|p1a: Skuntank|spa|1
|
|t:|1776076591
|switch|p2a: Excadrill|Excadrill, F|100/100|[from] Parting Shot
|-ability|p2a: Excadrill|Mold Breaker
|-item|p2a: Excadrill|Air Balloon
|move|p1a: Skuntank|Toxic Spikes|p2a: Excadrill
|-sidestart|p2: CortsKkaos|move: Toxic Spikes
|
|upkeep
|turn|3
|
|t:|1776076606
|move|p2a: Excadrill|Rapid Spin|p1a: Skuntank
|-damage|p1a: Skuntank|65/100
|-boost|p2a: Excadrill|spe|1
|-sideend|p2: CortsKkaos|Toxic Spikes|[from] move: Rapid Spin|[of] p2a: Excadrill
|move|p1a: Skuntank|Knock Off|p2a: Excadrill
|-damage|p2a: Excadrill|73/100
|-enditem|p2a: Excadrill|Air Balloon
|
|upkeep
|turn|4
|inactive|mewsiamang has 120 seconds left.
|
|t:|1776076640
|switch|p1a: Latios|Latios, M|100/100
|move|p2a: Excadrill|Earthquake|p1a: Latios
|-damage|p1a: Latios|23/100
|
|upkeep
|turn|5
|inactive|mewsiamang has 120 seconds left.
|
|t:|1776076667
|move|p1a: Latios|Water Pulse|p2a: Excadrill
|-supereffective|p2a: Excadrill
|-crit|p2a: Excadrill
|-damage|p2a: Excadrill|0 fnt
|faint|p2a: Excadrill
|
|upkeep
|
|t:|1776076685
|switch|p2a: Araquanid|Araquanid, F|100/100
|turn|6
|
|t:|1776076699
|switch|p1a: Dragapult|Dragapult, F|100/100
|move|p2a: Araquanid|Bug Buzz|p1a: Dragapult
|-resisted|p1a: Dragapult
|-damage|p1a: Dragapult|86/100
|
|upkeep
|turn|7
|
|t:|1776076708
|move|p1a: Dragapult|Will-O-Wisp|p2a: Araquanid|[miss]
|-miss|p1a: Dragapult|p2a: Araquanid
|move|p2a: Araquanid|Infestation|p1a: Dragapult
|-resisted|p1a: Dragapult
|-damage|p1a: Dragapult|83/100
|-activate|p1a: Dragapult|move: Infestation|[of] p2a: Araquanid
|
|-damage|p1a: Dragapult|71/100|[from] move: Infestation|[partiallytrapped]
|upkeep
|turn|8
|inactive|mewsiamang has 120 seconds left.
|
|t:|1776076725
|move|p1a: Dragapult|U-turn|p2a: Araquanid
|-damage|p2a: Araquanid|81/100
|
|t:|1776076728
|switch|p1a: Skuntank|Skuntank, M|65/100|[from] U-turn
|move|p2a: Araquanid|Surf|p1a: Skuntank
|-damage|p1a: Skuntank|19/100
|
|upkeep
|turn|9
|inactive|mewsiamang has 120 seconds left.
|
|t:|1776076737
|move|p1a: Skuntank|Toxic Spikes|p2a: Araquanid
|-sidestart|p2: CortsKkaos|move: Toxic Spikes
|move|p2a: Araquanid|Surf|p1a: Skuntank
|-damage|p1a: Skuntank|0 fnt
|faint|p1a: Skuntank
|
|upkeep
|inactive|mewsiamang has 120 seconds left.
|inactive|mewsiamang has 90 seconds left.
|
|t:|1776076786
|switch|p1a: Dragapult|Dragapult, F|71/100
|turn|10
|
|t:|1776076791
|move|p1a: Dragapult|Will-O-Wisp|p2a: Araquanid
|-immune|p2a: Araquanid|[from] ability: Water Bubble
|move|p2a: Araquanid|Infestation|p1a: Dragapult
|-resisted|p1a: Dragapult
|-damage|p1a: Dragapult|68/100
|-activate|p1a: Dragapult|move: Infestation|[of] p2a: Araquanid
|
|-damage|p1a: Dragapult|56/100|[from] move: Infestation|[partiallytrapped]
|upkeep
|turn|11
|inactive|mewsiamang has 90 seconds left.
|
|t:|1776076803
|move|p1a: Dragapult|U-turn|p2a: Araquanid
|-damage|p2a: Araquanid|61/100
|inactive|mewsiamang has 90 seconds left.
|
|t:|1776076809
|switch|p1a: Toxapex|Toxapex, M|100/100|[from] U-turn
|move|p2a: Araquanid|Bug Buzz|p1a: Toxapex
|-resisted|p1a: Toxapex
|-damage|p1a: Toxapex|94/100
|
|-heal|p1a: Toxapex|99/100|[from] item: Black Sludge
|upkeep
|turn|12
|
|t:|1776076823
|move|p1a: Toxapex|Baneful Bunker|p1a: Toxapex
|-singleturn|p1a: Toxapex|move: Protect
|move|p2a: Araquanid|Infestation|p1a: Toxapex
|-activate|p1a: Toxapex|move: Protect
|-status|p2a: Araquanid|psn
|
|-heal|p1a: Toxapex|100/100|[from] item: Black Sludge
|-damage|p2a: Araquanid|48/100 psn|[from] psn
|upkeep
|turn|13
|-message|CortsKkaos forfeited.
|
|win|mewsiamang
|raw|mewsiamang's rating: 1051 &rarr; <strong>1084</strong><br />(+33 for winning)
|raw|CortsKkaos's rating: 1053 &rarr; <strong>1035</strong><br />(-18 for losing)
|l|☆CortsKkaos
|player|p2|
|l|☆mewsiamang
|player|p1|
