|html|<div class="broadcast-blue"><strong>[Gen 9] OU is currently suspecting Tera Blast! For information on how to participate check out the <a href="https://www.smogon.com/tools/suspects/view/200">suspect thread</a>.</strong></div>
|j|☆cripplesmasher
|j|☆bibi the n
|t:|1776060856
|gametype|singles
|player|p1|cripplesmasher|n|1019
|player|p2|bibi the n|ninjaboy|1000
|gen|9
|tier|[Gen 9] OU
|rated|
|rule|HP Percentage Mod: HP is shown in percentages
|rule|Endless Battle Clause: Forcing endless battles is banned
|rule|Species Clause: Limit one of each Pokémon
|rule|OHKO Clause: OHKO moves are banned
|rule|Evasion Items Clause: Evasion items are banned
|rule|Evasion Moves Clause: Evasion moves are banned
|rule|Evasion Abilities Clause: Evasion abilities are banned
|rule|Sleep Moves Clause: Sleep-inducing moves are banned
|clearpoke
|poke|p1|Galvantula, F|
|poke|p1|Gliscor, M|
|poke|p1|Hydreigon, M|
|poke|p1|Charizard, M|
|poke|p1|Sylveon, F|
|poke|p1|Klefki, F|
|poke|p2|Moltres|
|poke|p2|Primarina, F|
|poke|p2|Gholdengo|
|poke|p2|Gliscor, M|
|poke|p2|Weavile, F|
|poke|p2|Slowking-Galar, F|
|teampreview
|j| ohko_smeargle
|
|t:|1776060894
|teamsize|p1|6
|teamsize|p2|6
|start
|switch|p1a: Every last drop..|Klefki, F, shiny|100/100
|switch|p2a: Plus peur du Monde|Weavile, F|100/100
|-ability|p2a: Plus peur du Monde|Pressure
|turn|1
|
|t:|1776060911
|switch|p2a: Tant que ça va|Gholdengo|100/100
|move|p1a: Every last drop..|Thunder Wave|p2a: Tant que ça va
|-immune|p2a: Tant que ça va|[from] ability: Good as Gold
|
|upkeep
|turn|2
|
|t:|1776060921
|move|p1a: Every last drop..|Misty Terrain|p1a: Every last drop..
|-fieldstart|move: Misty Terrain
|move|p2a: Tant que ça va|Thunder Wave|p1a: Every last drop..
|-activate|p1a: Every last drop..|move: Misty Terrain
|
|upkeep
|turn|3
|inactive|Battle timer is ON: inactive players will automatically lose when time's up. (requested by cripplesmasher)
|
|t:|1776060951
|switch|p2a: 10h du mat'|Moltres|100/100
|move|p1a: Every last drop..|Magic Room|p1a: Every last drop..
|-fieldstart|move: Magic Room|[of] p1a: Every last drop..
|
|upkeep
|turn|4
|
|t:|1776060967
|move|p1a: Every last drop..|Reflect|p1a: Every last drop..
|-sidestart|p1: cripplesmasher|Reflect
|move|p2a: 10h du mat'|U-turn|p1a: Every last drop..
|-resisted|p1a: Every last drop..
|-damage|p1a: Every last drop..|99/100
|
|t:|1776060985
|switch|p2a: Le goût du sel|Gliscor, M|100/100|[from] U-turn
|
|upkeep
|turn|5
|
|t:|1776060991
|switch|p1a: Just this once|Sylveon, F, shiny|100/100
|move|p2a: Le goût du sel|Stealth Rock|p1a: Just this once
|-sidestart|p1: cripplesmasher|move: Stealth Rock
|
|upkeep
|turn|6
|
|t:|1776061008
|switch|p2a: Etoiles Satellites|Slowking-Galar, F|100/100
|move|p1a: Just this once|Calm Mind|p1a: Just this once
|-boost|p1a: Just this once|spa|1
|-boost|p1a: Just this once|spd|1
|
|upkeep
|turn|7
|inactive|cripplesmasher has 120 seconds left.
|
|t:|1776061046
|move|p1a: Just this once|Calm Mind|p1a: Just this once
|-boost|p1a: Just this once|spa|1
|-boost|p1a: Just this once|spd|1
|move|p2a: Etoiles Satellites|Sludge Bomb|p1a: Just this once
|-supereffective|p1a: Just this once
|-damage|p1a: Just this once|78/100
|
|-fieldend|move: Magic Room|[of] p1: Every last drop..
|upkeep
|turn|8
|inactive|cripplesmasher has 120 seconds left.
|c|☆cripplesmasher|The Highest SpA output in history
|
|t:|1776061073
|-terastallize|p1a: Just this once|Fairy
|move|p1a: Just this once|Hyper Beam|p2a: Etoiles Satellites
|-resisted|p2a: Etoiles Satellites
|-damage|p2a: Etoiles Satellites|0 fnt
|-mustrecharge|p1a: Just this once
|faint|p2a: Etoiles Satellites
|
|-sideend|p1: cripplesmasher|Reflect
|upkeep
|-message|bibi the n forfeited.
|
|win|cripplesmasher
|raw|cripplesmasher's rating: 1019 &rarr; <strong>1054</strong><br />(+35 for winning)
|raw|bibi the n's rating: 1000 &rarr; <strong>1000</strong><br />(+0 for losing)
|l|☆bibi the n
|player|p2|
|l| ohko_smeargle
