|html|<div class="broadcast-blue"><strong>[Gen 9] OU is currently suspecting Tera Blast! For information on how to participate check out the <a href="https://www.smogon.com/tools/suspects/view/200">suspect thread</a>.</strong></div>
|badge|p2|silver|gen9ru|30-9
|uhtml|medal-msg|<div class="broadcast-blue">Curious what those medals under the avatar are? PS now has Ladder Seasons! For more information, check out the <a href="https://www.smogon.com/forums/threads/3740067/">thread on Smogon.</a></div>
|j|☆fat chuds inc.
|j|☆reachzero
|t:|1776115795
|gametype|singles
|player|p1|fat chuds inc.|collector|1627
|player|p2|reachzero|blackbelt|1594
|gen|9
|tier|[Gen 9] OU
|rated|
|rule|HP Percentage Mod: HP is shown in percentages
|rule|Endless Battle Clause: Forcing endless battles is banned
|rule|Species Clause: Limit one of each Pokémon
|rule|OHKO Clause: OHKO moves are banned
|rule|Evasion Items Clause: Evasion items are banned
|rule|Evasion Moves Clause: Evasion moves are banned
|rule|Evasion Abilities Clause: Evasion abilities are banned
|rule|Sleep Moves Clause: Sleep-inducing moves are banned
|clearpoke
|poke|p1|Grimmsnarl, M|
|poke|p1|Veluza, M|
|poke|p1|Great Tusk|
|poke|p1|Dragonite, F|
|poke|p1|Iron Moth|
|poke|p1|Maushold|
|poke|p2|Weavile, F|
|poke|p2|Volcanion|
|poke|p2|Great Tusk|
|poke|p2|Hatterene, F|
|poke|p2|Gholdengo|
|poke|p2|Dragonite, F|
|teampreview
|
|t:|1776115804
|teamsize|p1|6
|teamsize|p2|6
|start
|switch|p1a: Grimmsnarl|Grimmsnarl, M|100/100
|switch|p2a: Weavile|Weavile, F, shiny|100/100
|turn|1
|
|t:|1776115809
|move|p1a: Grimmsnarl|Reflect|p1a: Grimmsnarl
|-sidestart|p1: fat chuds inc.|Reflect
|move|p2a: Weavile|Triple Axel|p1a: Grimmsnarl
|-crit|p1a: Grimmsnarl
|-damage|p1a: Grimmsnarl|73/100
|-damage|p1a: Grimmsnarl|55/100
|-damage|p1a: Grimmsnarl|28/100
|-hitcount|p1a: Grimmsnarl|3
|
|upkeep
|turn|2
|
|t:|1776115823
|move|p2a: Weavile|Triple Axel|p1a: Grimmsnarl
|-damage|p1a: Grimmsnarl|19/100
|-damage|p1a: Grimmsnarl|1/100
|-damage|p1a: Grimmsnarl|0 fnt
|faint|p1a: Grimmsnarl
|-hitcount|p1: Grimmsnarl|3
|
|upkeep
|
|t:|1776115844
|switch|p1a: Veluza|Veluza, M|100/100
|-ability|p1a: Veluza|Mold Breaker
|turn|3
|
|t:|1776115849
|switch|p2a: Volcanion|Volcanion|100/100
|move|p1a: Veluza|Fillet Away|p1a: Veluza
|-boost|p1a: Veluza|atk|2
|-boost|p1a: Veluza|spa|2
|-boost|p1a: Veluza|spe|2
|-damage|p1a: Veluza|50/100
|
|-heal|p1a: Veluza|57/100|[from] item: Leftovers
|upkeep
|turn|4
|
|t:|1776115861
|move|p1a: Veluza|Stored Power|p2a: Volcanion
|-damage|p2a: Volcanion|4/100
|move|p2a: Volcanion|Earth Power|p1a: Veluza
|-damage|p1a: Veluza|7/100
|-unboost|p1a: Veluza|spd|1
|
|-heal|p1a: Veluza|14/100|[from] item: Leftovers
|upkeep
|turn|5
|
|t:|1776115867
|move|p1a: Veluza|Stored Power|p2a: Volcanion
|-damage|p2a: Volcanion|0 fnt
|faint|p2a: Volcanion
|
|-heal|p1a: Veluza|20/100|[from] item: Leftovers
|upkeep
|
|t:|1776115877
|switch|p2a: Weavile|Weavile, F, shiny|100/100
|turn|6
|
|t:|1776115882
|move|p2a: Weavile|Ice Shard|p1a: Veluza
|-resisted|p1a: Veluza
|-damage|p1a: Veluza|10/100
|move|p1a: Veluza|Liquidation|p2a: Weavile
|-damage|p2a: Weavile|0 fnt
|faint|p2a: Weavile
|
|-heal|p1a: Veluza|17/100|[from] item: Leftovers
|upkeep
|
|t:|1776115885
|switch|p2a: Gholdengo|Gholdengo, shiny|100/100
|turn|7
|
|t:|1776115891
|move|p1a: Veluza|Liquidation|p2a: Gholdengo
|-damage|p2a: Gholdengo|25/100
|move|p2a: Gholdengo|Shadow Ball|p1a: Veluza
|-supereffective|p1a: Veluza
|-damage|p1a: Veluza|0 fnt
|faint|p1a: Veluza
|
|upkeep
|
|t:|1776115907
|switch|p1a: Great Tusk|Great Tusk|100/100
|-enditem|p1a: Great Tusk|Booster Energy
|-activate|p1a: Great Tusk|ability: Protosynthesis|[fromitem]
|-start|p1a: Great Tusk|protosynthesisspe
|turn|8
|
|t:|1776115909
|move|p1a: Great Tusk|Earthquake|p2a: Gholdengo
|-supereffective|p2a: Gholdengo
|-damage|p2a: Gholdengo|0 fnt
|faint|p2a: Gholdengo
|
|-sideend|p1: fat chuds inc.|Reflect
|upkeep
|
|t:|1776115920
|switch|p2a: Hatterene|Hatterene, F, shiny|100/100
|turn|9
|
|t:|1776115924
|-end|p1a: Great Tusk|Protosynthesis|[silent]
|switch|p1a: Maushold|Maushold|100/100
|move|p2a: Hatterene|Draining Kiss|p1a: Maushold
|-damage|p1a: Maushold|66/100
|
|upkeep
|turn|10
|
|t:|1776115929
|move|p1a: Maushold|Population Bomb|p2a: Hatterene
|-damage|p2a: Hatterene|91/100
|-damage|p1a: Maushold|50/100|[from] item: Rocky Helmet|[of] p2a: Hatterene
|-damage|p2a: Hatterene|82/100
|-damage|p1a: Maushold|33/100|[from] item: Rocky Helmet|[of] p2a: Hatterene
|-damage|p2a: Hatterene|73/100
|-damage|p1a: Maushold|16/100|[from] item: Rocky Helmet|[of] p2a: Hatterene
|-damage|p2a: Hatterene|65/100
|-damage|p1a: Maushold|0 fnt|[from] item: Rocky Helmet|[of] p2a: Hatterene
|faint|p1a: Maushold
|-hitcount|p2a: Hatterene|4
|move|p2a: Hatterene|Draining Kiss|p1: Maushold|[notarget]
|-fail|p2a: Hatterene
|
|upkeep
|
|t:|1776115933
|switch|p1a: Iron Moth|Iron Moth|100/100
|-enditem|p1a: Iron Moth|Booster Energy
|-activate|p1a: Iron Moth|ability: Quark Drive|[fromitem]
|-start|p1a: Iron Moth|quarkdrivespe
|turn|11
|
|t:|1776115941
|move|p1a: Iron Moth|Sludge Wave|p2a: Hatterene
|-supereffective|p2a: Hatterene
|-damage|p2a: Hatterene|0 fnt
|faint|p2a: Hatterene
|
|upkeep
|
|t:|1776115947
|switch|p2a: Great Tusk|Great Tusk, shiny|100/100
|turn|12
|
|t:|1776115951
|move|p1a: Iron Moth|Dazzling Gleam|p2a: Great Tusk
|-supereffective|p2a: Great Tusk
|-damage|p2a: Great Tusk|57/100
|move|p2a: Great Tusk|Headlong Rush|p1a: Iron Moth
|-supereffective|p1a: Iron Moth
|-damage|p1a: Iron Moth|0 fnt
|-unboost|p2a: Great Tusk|def|1
|-unboost|p2a: Great Tusk|spd|1
|faint|p1a: Iron Moth
|-end|p1a: Iron Moth|Quark Drive|[silent]
|
|upkeep
|
|t:|1776115956
|switch|p1a: Great Tusk|Great Tusk|100/100
|turn|13
|
|t:|1776115960
|move|p2a: Great Tusk|Ice Spinner|p1a: Great Tusk
|-supereffective|p1a: Great Tusk
|-damage|p1a: Great Tusk|68/100
|move|p1a: Great Tusk|Bulk Up|p1a: Great Tusk
|-boost|p1a: Great Tusk|atk|1
|-boost|p1a: Great Tusk|def|1
|
|upkeep
|turn|14
|
|t:|1776115965
|move|p1a: Great Tusk|Earthquake|p2a: Great Tusk
|-damage|p2a: Great Tusk|0 fnt
|faint|p2a: Great Tusk
|-end|p2a: Great Tusk|Protosynthesis|[silent]
|
|upkeep
|
|t:|1776115967
|switch|p2a: Dragonite|Dragonite, F, shiny|100/100
|turn|15
|
|t:|1776115980
|move|p1a: Great Tusk|Taunt|p2a: Dragonite
|-start|p2a: Dragonite|move: Taunt
|cant|p2a: Dragonite|move: Taunt|Dragon Dance
|
|upkeep
|turn|16
|
|t:|1776115984
|move|p1a: Great Tusk|Stone Edge|p2a: Dragonite
|-supereffective|p2a: Dragonite
|-damage|p2a: Dragonite|49/100
|move|p2a: Dragonite|Ice Spinner|p1a: Great Tusk
|-supereffective|p1a: Great Tusk
|-damage|p1a: Great Tusk|44/100
|
|-heal|p2a: Dragonite|56/100|[from] item: Leftovers
|upkeep
|turn|17
|
|t:|1776115991
|-terastallize|p2a: Dragonite|Ground
|move|p1a: Great Tusk|Stone Edge|p2a: Dragonite
|-resisted|p2a: Dragonite
|-damage|p2a: Dragonite|32/100
|move|p2a: Dragonite|Earthquake|p1a: Great Tusk
|-damage|p1a: Great Tusk|22/100
|
|-heal|p2a: Dragonite|39/100|[from] item: Leftovers
|-end|p2a: Dragonite|move: Taunt
|upkeep
|turn|18
|
|t:|1776115999
|move|p1a: Great Tusk|Earthquake|p2a: Dragonite
|-damage|p2a: Dragonite|0 fnt
|faint|p2a: Dragonite
|
|win|fat chuds inc.
|raw|fat chuds inc.'s rating: 1627 &rarr; <strong>1645</strong><br />(+18 for winning)
|raw|reachzero's rating: 1594 &rarr; <strong>1576</strong><br />(-18 for losing)
|l|☆reachzero
|player|p2|
|l|☆fat chuds inc.
|player|p1|
