|html|<div class="broadcast-blue"><strong>[Gen 9] OU is currently suspecting Tera Blast! For information on how to participate check out the <a href="https://www.smogon.com/tools/suspects/view/200">suspect thread</a>.</strong></div>
|j|☆swiggler
|j|‽Mossad Honeypot
|t:|1776169260
|gametype|singles
|player|p1|swiggler|bugcatcher-gen4dp|1530
|player|p2|Mossad Honeypot|fantina|1595
|gen|9
|tier|[Gen 9] OU
|rated|
|rule|HP Percentage Mod: HP is shown in percentages
|rule|Endless Battle Clause: Forcing endless battles is banned
|rule|Species Clause: Limit one of each Pokémon
|rule|OHKO Clause: OHKO moves are banned
|rule|Evasion Items Clause: Evasion items are banned
|rule|Evasion Moves Clause: Evasion moves are banned
|rule|Evasion Abilities Clause: Evasion abilities are banned
|rule|Sleep Moves Clause: Sleep-inducing moves are banned
|clearpoke
|poke|p1|Iron Moth|
|poke|p1|Gliscor, M|
|poke|p1|Hatterene, F|
|poke|p1|Ogerpon-Wellspring, F|
|poke|p1|Raging Bolt|
|poke|p1|Zamazenta-*|
|poke|p2|Raging Bolt|
|poke|p2|Glimmora, F|
|poke|p2|Blissey, F|
|poke|p2|Kingambit, M|
|poke|p2|Alomomola, F|
|poke|p2|Great Tusk|
|teampreview
|inactive|Battle timer is ON: inactive players will automatically lose when time's up. (requested by Mossad Honeypot)
|inactive|swiggler also wants the timer to be on.
|
|t:|1776169272
|teamsize|p1|6
|teamsize|p2|6
|start
|switch|p1a: Ogerpon|Ogerpon-Wellspring, F|100/100
|switch|p2a: Alomomola|Alomomola, F|100/100
|turn|1
|
|t:|1776169302
|switch|p2a: Glimmora|Glimmora, F|100/100
|move|p1a: Ogerpon|Ivy Cudgel|p2a: Glimmora|[anim] Ivy Cudgel Water
|-supereffective|p2a: Glimmora
|-damage|p2a: Glimmora|0 fnt
|-activate|p2a: Glimmora|ability: Toxic Debris
|-sidestart|p1: swiggler|move: Toxic Spikes
|faint|p2a: Glimmora
|
|upkeep
|
|t:|1776169309
|switch|p2a: Raging Bolt|Raging Bolt|100/100
|-enditem|p2a: Raging Bolt|Booster Energy
|-activate|p2a: Raging Bolt|ability: Protosynthesis|[fromitem]
|-start|p2a: Raging Bolt|protosynthesisspa
|turn|2
|
|t:|1776169318
|switch|p1a: Gliscor|Gliscor, M|100/100
|move|p2a: Raging Bolt|Draco Meteor|p1a: Gliscor
|-damage|p1a: Gliscor|0 fnt
|-unboost|p2a: Raging Bolt|spa|2
|faint|p1a: Gliscor
|
|upkeep
|
|t:|1776169322
|switch|p1a: Iron Moth|Iron Moth|100/100
|-sideend|p1: swiggler|move: Toxic Spikes|[of] p1a: Iron Moth
|-enditem|p1a: Iron Moth|Booster Energy
|-activate|p1a: Iron Moth|ability: Quark Drive|[fromitem]
|-start|p1a: Iron Moth|quarkdrivespe
|turn|3
|
|t:|1776169329
|-end|p2a: Raging Bolt|Protosynthesis|[silent]
|switch|p2a: Blissey|Blissey, F|100/100
|move|p1a: Iron Moth|Toxic Spikes|p2a: Blissey
|-sidestart|p2: Mossad Honeypot|move: Toxic Spikes
|
|upkeep
|turn|4
|
|t:|1776169333
|-end|p1a: Iron Moth|Quark Drive|[silent]
|switch|p1a: Zamazenta|Zamazenta|100/100
|-ability|p1a: Zamazenta|Dauntless Shield|boost
|-boost|p1a: Zamazenta|def|1
|move|p2a: Blissey|Thunder Wave|p1a: Zamazenta
|-status|p1a: Zamazenta|par
|
|upkeep
|turn|5
|
|t:|1776169337
|move|p1a: Zamazenta|Close Combat|p2a: Blissey
|-supereffective|p2a: Blissey
|-damage|p2a: Blissey|10/100
|-unboost|p1a: Zamazenta|def|1
|-unboost|p1a: Zamazenta|spd|1
|move|p2a: Blissey|Stealth Rock|p1a: Zamazenta
|-sidestart|p1: swiggler|move: Stealth Rock
|
|-heal|p2a: Blissey|16/100|[from] item: Leftovers
|upkeep
|turn|6
|
|t:|1776169344
|switch|p1a: Raging Bolt|Raging Bolt|100/100
|-damage|p1a: Raging Bolt|88/100|[from] Stealth Rock
|-enditem|p1a: Raging Bolt|Booster Energy
|-activate|p1a: Raging Bolt|ability: Protosynthesis|[fromitem]
|-start|p1a: Raging Bolt|protosynthesisspa
|switch|p2a: Great Tusk|Great Tusk|100/100
|-status|p2a: Great Tusk|psn
|
|-damage|p2a: Great Tusk|88/100 psn|[from] psn
|upkeep
|turn|7
|
|t:|1776169348
|-terastallize|p1a: Raging Bolt|Ghost
|move|p2a: Great Tusk|Rapid Spin|p1a: Raging Bolt
|-immune|p1a: Raging Bolt
|move|p1a: Raging Bolt|Dragon Pulse|p2a: Great Tusk
|-damage|p2a: Great Tusk|0 fnt
|faint|p2a: Great Tusk
|-end|p2a: Great Tusk|Protosynthesis|[silent]
|
|upkeep
|
|t:|1776169361
|switch|p2a: Blissey|Blissey, F|16/100
|-status|p2a: Blissey|psn
|turn|8
|
|t:|1776169371
|move|p1a: Raging Bolt|Calm Mind|p1a: Raging Bolt
|-boost|p1a: Raging Bolt|spa|1
|-boost|p1a: Raging Bolt|spd|1
|move|p2a: Blissey|Soft-Boiled|p2a: Blissey
|-heal|p2a: Blissey|66/100 psn
|
|-heal|p2a: Blissey|72/100 psn|[from] item: Leftovers
|-damage|p2a: Blissey|60/100 psn|[from] psn
|upkeep
|turn|9
|
|t:|1776169375
|move|p1a: Raging Bolt|Calm Mind|p1a: Raging Bolt
|-boost|p1a: Raging Bolt|spa|1
|-boost|p1a: Raging Bolt|spd|1
|move|p2a: Blissey|Thunder Wave|p1a: Raging Bolt
|-status|p1a: Raging Bolt|par
|
|-heal|p2a: Blissey|66/100 psn|[from] item: Leftovers
|-damage|p2a: Blissey|53/100 psn|[from] psn
|upkeep
|turn|10
|
|t:|1776169390
|-curestatus|p2a: Blissey|psn|[from] ability: Natural Cure
|switch|p2a: Kingambit|Kingambit, M|100/100
|-activate|p2a: Kingambit|ability: Supreme Overlord
|-start|p2a: Kingambit|fallen2|[silent]
|move|p1a: Raging Bolt|Dragon Pulse|p2a: Kingambit
|-resisted|p2a: Kingambit
|-damage|p2a: Kingambit|39/100
|
|-heal|p2a: Kingambit|45/100|[from] item: Leftovers
|upkeep
|turn|11
|
|t:|1776169397
|cant|p1a: Raging Bolt|par
|move|p2a: Kingambit|Swords Dance|p2a: Kingambit
|-boost|p2a: Kingambit|atk|2
|
|-heal|p2a: Kingambit|51/100|[from] item: Leftovers
|upkeep
|turn|12
|
|t:|1776169400
|move|p1a: Raging Bolt|Thunderclap|p2a: Kingambit
|-damage|p2a: Kingambit|0 fnt
|faint|p2a: Kingambit
|-end|p2a: Kingambit|fallen2|[silent]
|
|upkeep
|l|‽Mossad Honeypot
|inactive|Mossad Honeypot disconnected and has a minute to reconnect!
|player|p2|
|inactive|Mossad Honeypot has 30 seconds to reconnect!
|inactive|Mossad Honeypot has 20 seconds to reconnect!
|inactive|Mossad Honeypot has 15 seconds to reconnect!
|inactive|Mossad Honeypot has 10 seconds to reconnect!
|inactive|Mossad Honeypot has 5 seconds to reconnect!
|-message|Mossad Honeypot lost due to inactivity.
|
|win|swiggler
|raw|swiggler's rating: 1553 &rarr; <strong>1575</strong><br />(+22 for winning)
|raw|Mossad Honeypot's rating: 1595 &rarr; <strong>1573</strong><br />(-22 for losing)
