|html|<div class="broadcast-blue"><strong>[Gen 9] OU is currently suspecting Tera Blast! For information on how to participate check out the <a href="https://www.smogon.com/tools/suspects/view/200">suspect thread</a>.</strong></div>
|j|☆Seiminator
|j|☆Underquill
|t:|1776033193
|gametype|singles
|player|p1|Seiminator|101|1381
|player|p2|Underquill|102|1355
|gen|9
|tier|[Gen 9] OU
|rated|
|rule|HP Percentage Mod: HP is shown in percentages
|rule|Endless Battle Clause: Forcing endless battles is banned
|rule|Species Clause: Limit one of each Pokémon
|rule|OHKO Clause: OHKO moves are banned
|rule|Evasion Items Clause: Evasion items are banned
|rule|Evasion Moves Clause: Evasion moves are banned
|rule|Evasion Abilities Clause: Evasion abilities are banned
|rule|Sleep Moves Clause: Sleep-inducing moves are banned
|clearpoke
|poke|p1|Meowscarada, M|
|poke|p1|Pecharunt|
|poke|p1|Enamorus, F|
|poke|p1|Iron Treads|
|poke|p1|Skarmory, F|
|poke|p1|Slowking, M|
|poke|p2|Lapras, F|
|poke|p2|Dragapult, M|
|poke|p2|Glimmora, M|
|poke|p2|Moltres|
|poke|p2|Scizor, M|
|poke|p2|Great Tusk|
|teampreview
|inactive|Battle timer is ON: inactive players will automatically lose when time's up. (requested by Underquill)
|
|t:|1776033198
|teamsize|p1|6
|teamsize|p2|6
|start
|switch|p1a: Meowscarada|Meowscarada, M|100/100
|switch|p2a: Glimmora|Glimmora, M|100/100
|turn|1
|
|t:|1776033206
|move|p1a: Meowscarada|Triple Axel|p2a: Glimmora
|-start|p1a: Meowscarada|typechange|Ice|[from] ability: Protean
|-damage|p2a: Glimmora|84/100
|-activate|p2a: Glimmora|ability: Toxic Debris
|-sidestart|p1: Seiminator|move: Toxic Spikes
|-crit|p2a: Glimmora
|-damage|p2a: Glimmora|36/100
|-activate|p2a: Glimmora|ability: Toxic Debris
|-sidestart|p1: Seiminator|move: Toxic Spikes
|-damage|p2a: Glimmora|0 fnt
|faint|p2a: Glimmora
|-hitcount|p2: Glimmora|3
|
|upkeep
|
|t:|1776033217
|switch|p2a: Moltres|Moltres|100/100
|turn|2
|
|t:|1776033222
|switch|p1a: Pecharunt|Pecharunt|100/100
|-sideend|p1: Seiminator|move: Toxic Spikes|[of] p1a: Pecharunt
|move|p2a: Moltres|Fire Blast|p1a: Pecharunt|[miss]
|-miss|p2a: Moltres|p1a: Pecharunt
|
|upkeep
|turn|3
|
|t:|1776033226
|switch|p1a: Slowking|Slowking, M|100/100
|move|p2a: Moltres|Fire Blast|p1a: Slowking
|-resisted|p1a: Slowking
|-damage|p1a: Slowking|89/100
|
|upkeep
|turn|4
|
|t:|1776033236
|switch|p2a: Lapras|Lapras, F|100/100
|move|p1a: Slowking|Future Sight|p2a: Lapras
|-start|p1a: Slowking|move: Future Sight
|
|upkeep
|turn|5
|
|t:|1776033242
|switch|p1a: Pecharunt|Pecharunt|100/100
|move|p2a: Lapras|Substitute|p2a: Lapras
|-start|p2a: Lapras|Substitute
|-damage|p2a: Lapras|76/100
|
|-heal|p2a: Lapras|82/100|[from] item: Leftovers
|upkeep
|turn|6
|
|t:|1776033250
|move|p1a: Pecharunt|Parting Shot|p2a: Lapras
|-unboost|p2a: Lapras|atk|1
|-unboost|p2a: Lapras|spa|1
|
|t:|1776033254
|switch|p1a: Meowscarada|Meowscarada, M|100/100|[from] Parting Shot
|move|p2a: Lapras|Hydro Pump|p1a: Meowscarada
|-resisted|p1a: Meowscarada
|-damage|p1a: Meowscarada|77/100
|
|-end|p2a: Lapras|move: Future Sight
|-end|p2a: Lapras|Substitute
|-heal|p2a: Lapras|88/100|[from] item: Leftovers
|upkeep
|turn|7
|
|t:|1776033259
|switch|p2a: Moltres|Moltres|100/100
|move|p1a: Meowscarada|Flower Trick|p2a: Moltres
|-start|p1a: Meowscarada|typechange|Grass|[from] ability: Protean
|-resisted|p2a: Moltres
|-crit|p2a: Moltres
|-damage|p2a: Moltres|80/100
|
|upkeep
|turn|8
|
|t:|1776033264
|switch|p1a: Slowking|Slowking, M|100/100
|move|p2a: Moltres|Fire Blast|p1a: Slowking
|-resisted|p1a: Slowking
|-damage|p1a: Slowking|88/100
|
|upkeep
|turn|9
|
|t:|1776033269
|move|p2a: Moltres|Air Slash|p1a: Slowking
|-damage|p1a: Slowking|72/100
|move|p1a: Slowking|Future Sight|p2a: Moltres
|-start|p1a: Slowking|move: Future Sight
|
|upkeep
|turn|10
|
|t:|1776033275
|switch|p2a: Lapras|Lapras, F|88/100
|switch|p1a: Meowscarada|Meowscarada, M|77/100
|
|-heal|p2a: Lapras|94/100|[from] item: Leftovers
|upkeep
|turn|11
|
|t:|1776033283
|switch|p2a: Scizor|Scizor, M|100/100
|move|p1a: Meowscarada|Flower Trick|p2a: Scizor
|-start|p1a: Meowscarada|typechange|Grass|[from] ability: Protean
|-resisted|p2a: Scizor
|-crit|p2a: Scizor
|-damage|p2a: Scizor|83/100
|
|-end|p2a: Scizor|move: Future Sight
|-resisted|p2a: Scizor
|-damage|p2a: Scizor|53/100
|upkeep
|turn|12
|
|t:|1776033294
|switch|p1a: Slowking|Slowking, M|100/100
|move|p2a: Scizor|U-turn|p1a: Slowking
|-supereffective|p1a: Slowking
|-damage|p1a: Slowking|0 fnt
|faint|p1a: Slowking
|
|t:|1776033299
|switch|p2a: Dragapult|Dragapult, M|100/100|[from] U-turn
|
|upkeep
|
|t:|1776033304
|switch|p1a: Enamorus|Enamorus, F|100/100
|turn|13
|
|t:|1776033310
|-terastallize|p2a: Dragapult|Ghost
|move|p1a: Enamorus|Moonblast|p2a: Dragapult
|-damage|p2a: Dragapult|30/100
|move|p2a: Dragapult|Dragon Dance|p2a: Dragapult
|-boost|p2a: Dragapult|atk|1
|-boost|p2a: Dragapult|spe|1
|
|-heal|p2a: Dragapult|36/100|[from] item: Leftovers
|upkeep
|turn|14
|
|t:|1776033316
|move|p2a: Dragapult|Phantom Force||[still]
|-prepare|p2a: Dragapult|Phantom Force
|move|p1a: Enamorus|Moonblast|p2a: Dragapult|[miss]
|-miss|p1a: Enamorus|p2a: Dragapult
|
|-heal|p2a: Dragapult|42/100|[from] item: Leftovers
|upkeep
|turn|15
|
|t:|1776033322
|move|p2a: Dragapult|Phantom Force|p1a: Enamorus|[from] lockedmove
|-damage|p1a: Enamorus|0 fnt
|faint|p1a: Enamorus
|
|-heal|p2a: Dragapult|48/100|[from] item: Leftovers
|upkeep
|-message|Seiminator forfeited.
|
|win|Underquill
|raw|Seiminator's rating: 1381 &rarr; <strong>1360</strong><br />(-21 for losing)
|raw|Underquill's rating: 1355 &rarr; <strong>1376</strong><br />(+21 for winning)
|l|☆Seiminator
|player|p1|
|l|☆Underquill
|player|p2|
