|html|<div class="broadcast-blue"><strong>[Gen 9] OU is currently suspecting Tera Blast! For information on how to participate check out the <a href="https://www.smogon.com/tools/suspects/view/200">suspect thread</a>.</strong></div>
|j|☆Coolcube_3
|j|☆magistermilitum420
|t:|1776211383
|gametype|singles
|player|p1|Coolcube_3|170|1308
|player|p2|magistermilitum420|blue|1316
|gen|9
|tier|[Gen 9] OU
|rated|
|rule|HP Percentage Mod: HP is shown in percentages
|rule|Endless Battle Clause: Forcing endless battles is banned
|rule|Species Clause: Limit one of each Pokémon
|rule|OHKO Clause: OHKO moves are banned
|rule|Evasion Items Clause: Evasion items are banned
|rule|Evasion Moves Clause: Evasion moves are banned
|rule|Evasion Abilities Clause: Evasion abilities are banned
|rule|Sleep Moves Clause: Sleep-inducing moves are banned
|clearpoke
|poke|p1|Slowking-Galar, F|
|poke|p1|Great Tusk|
|poke|p1|Corviknight, F|
|poke|p1|Lokix, F|
|poke|p1|Ogerpon-Wellspring, F|
|poke|p1|Iron Moth|
|poke|p2|Meowscarada, M|
|poke|p2|Great Tusk|
|poke|p2|Alomomola, M|
|poke|p2|Slowking-Galar, M|
|poke|p2|Iron Valiant|
|poke|p2|Heatran, F|
|teampreview
|
|t:|1776211441
|teamsize|p1|6
|teamsize|p2|6
|start
|switch|p1a: Ogerpon|Ogerpon-Wellspring, F|100/100
|switch|p2a: Mahad|Meowscarada, M, shiny|100/100
|turn|1
|
|t:|1776211457
|switch|p1a: Corviknight|Corviknight, F|100/100
|move|p2a: Mahad|U-turn|p1a: Corviknight
|-start|p2a: Mahad|typechange|Bug|[from] ability: Protean
|-resisted|p1a: Corviknight
|-damage|p1a: Corviknight|95/100
|
|t:|1776211464
|switch|p2a: Charybdis|Alomomola, M, shiny|100/100|[from] U-turn
|
|-heal|p1a: Corviknight|100/100|[from] item: Leftovers
|upkeep
|turn|2
|
|t:|1776211478
|move|p1a: Corviknight|Iron Defense|p1a: Corviknight
|-boost|p1a: Corviknight|def|2
|move|p2a: Charybdis|Scald|p1a: Corviknight
|-damage|p1a: Corviknight|88/100
|
|-heal|p1a: Corviknight|94/100|[from] item: Leftovers
|upkeep
|turn|3
|
|t:|1776211496
|switch|p1a: Ogerpon|Ogerpon-Wellspring, F|100/100
|move|p2a: Charybdis|Scald|p1a: Ogerpon
|-immune|p1a: Ogerpon|[from] ability: Water Absorb
|
|upkeep
|turn|4
|
|t:|1776211521
|switch|p2a: Vulcanus|Heatran, F, shiny|100/100
|move|p1a: Ogerpon|Play Rough|p2a: Vulcanus
|-resisted|p2a: Vulcanus
|-damage|p2a: Vulcanus|92/100
|
|upkeep
|turn|5
|
|t:|1776211545
|-terastallize|p2a: Vulcanus|Grass
|move|p1a: Ogerpon|Swords Dance|p1a: Ogerpon
|-boost|p1a: Ogerpon|atk|2
|move|p2a: Vulcanus|Overheat|p1a: Ogerpon
|-damage|p1a: Ogerpon|0 fnt
|-unboost|p2a: Vulcanus|spa|2
|faint|p1a: Ogerpon
|
|upkeep
|
|t:|1776211560
|switch|p1a: Lokix|Lokix, F|100/100
|turn|6
|
|t:|1776211573
|switch|p2a: Charybdis|Alomomola, M, shiny|100/100
|move|p1a: Lokix|U-turn|p2a: Charybdis
|-damage|p2a: Charybdis|75/100
|-damage|p1a: Lokix|84/100|[from] item: Rocky Helmet|[of] p2a: Charybdis
|
|t:|1776211583
|switch|p1a: Corviknight|Corviknight, F|94/100|[from] U-turn
|
|-heal|p1a: Corviknight|100/100|[from] item: Leftovers
|upkeep
|turn|7
|
|t:|1776211591
|move|p1a: Corviknight|Roost||[still]
|-fail|p1a: Corviknight|heal
|move|p2a: Charybdis|Scald|p1a: Corviknight
|-damage|p1a: Corviknight|87/100
|
|-heal|p1a: Corviknight|93/100|[from] item: Leftovers
|upkeep
|turn|8
|
|t:|1776211601
|move|p1a: Corviknight|Iron Defense|p1a: Corviknight
|-boost|p1a: Corviknight|def|2
|move|p2a: Charybdis|Scald|p1a: Corviknight
|-damage|p1a: Corviknight|80/100
|-status|p1a: Corviknight|brn
|
|-heal|p1a: Corviknight|86/100 brn|[from] item: Leftovers
|-damage|p1a: Corviknight|80/100 brn|[from] brn
|upkeep
|turn|9
|
|t:|1776211612
|move|p1a: Corviknight|Iron Defense|p1a: Corviknight
|-boost|p1a: Corviknight|def|2
|move|p2a: Charybdis|Wish|p2a: Charybdis
|
|-heal|p1a: Corviknight|86/100 brn|[from] item: Leftovers
|-damage|p1a: Corviknight|80/100 brn|[from] brn
|upkeep
|turn|10
|
|t:|1776211622
|move|p1a: Corviknight|Iron Defense|p1a: Corviknight
|-boost|p1a: Corviknight|def|2
|move|p2a: Charybdis|Scald|p1a: Corviknight
|-damage|p1a: Corviknight|67/100 brn
|
|-heal|p2a: Charybdis|100/100|[from] move: Wish|[wisher] Charybdis
|-heal|p1a: Corviknight|74/100 brn|[from] item: Leftovers
|-damage|p1a: Corviknight|67/100 brn|[from] brn
|upkeep
|turn|11
|
|t:|1776211632
|move|p1a: Corviknight|Roost|p1a: Corviknight
|-heal|p1a: Corviknight|100/100 brn
|-singleturn|p1a: Corviknight|move: Roost
|move|p2a: Charybdis|Flip Turn|p1a: Corviknight
|-damage|p1a: Corviknight|98/100 brn
|
|t:|1776211641
|switch|p2a: Vulcanus|Heatran, F, shiny, tera:Grass|92/100|[from] Flip Turn
|
|-heal|p1a: Corviknight|100/100 brn|[from] item: Leftovers
|-damage|p1a: Corviknight|94/100 brn|[from] brn
|upkeep
|turn|12
|
|t:|1776211661
|-terastallize|p1a: Corviknight|Water
|move|p2a: Vulcanus|Overheat|p1a: Corviknight
|-resisted|p1a: Corviknight
|-damage|p1a: Corviknight|41/100 brn
|-unboost|p2a: Vulcanus|spa|2
|move|p1a: Corviknight|Body Press|p2a: Vulcanus
|-damage|p2a: Vulcanus|40/100
|
|-heal|p1a: Corviknight|48/100 brn|[from] item: Leftovers
|-damage|p1a: Corviknight|41/100 brn|[from] brn
|upkeep
|turn|13
|
|t:|1776211675
|switch|p2a: Charybdis|Alomomola, M, shiny|100/100
|move|p1a: Corviknight|Roost|p1a: Corviknight
|-heal|p1a: Corviknight|91/100 brn
|
|-heal|p1a: Corviknight|98/100 brn|[from] item: Leftovers
|-damage|p1a: Corviknight|91/100 brn|[from] brn
|upkeep
|turn|14
|
|t:|1776211684
|move|p1a: Corviknight|Body Press|p2a: Charybdis
|-damage|p2a: Charybdis|74/100
|-damage|p1a: Corviknight|75/100 brn|[from] item: Rocky Helmet|[of] p2a: Charybdis
|move|p2a: Charybdis|Scald|p1a: Corviknight
|-resisted|p1a: Corviknight
|-damage|p1a: Corviknight|68/100 brn
|
|-heal|p1a: Corviknight|74/100 brn|[from] item: Leftovers
|-damage|p1a: Corviknight|68/100 brn|[from] brn
|upkeep
|turn|15
|
|t:|1776211700
|move|p1a: Corviknight|Body Press|p2a: Charybdis
|-damage|p2a: Charybdis|44/100
|-damage|p1a: Corviknight|51/100 brn|[from] item: Rocky Helmet|[of] p2a: Charybdis
|move|p2a: Charybdis|Flip Turn|p1a: Corviknight
|-resisted|p1a: Corviknight
|-damage|p1a: Corviknight|50/100 brn
|
|t:|1776211717
|switch|p2a: Mahad|Meowscarada, M, shiny|100/100|[from] Flip Turn
|
|-heal|p1a: Corviknight|56/100 brn|[from] item: Leftovers
|-damage|p1a: Corviknight|50/100 brn|[from] brn
|upkeep
|turn|16
|
|t:|1776211726
|move|p2a: Mahad|Flower Trick|p1a: Corviknight
|-start|p2a: Mahad|typechange|Grass|[from] ability: Protean
|-supereffective|p1a: Corviknight
|-crit|p1a: Corviknight
|-damage|p1a: Corviknight|0 fnt
|faint|p1a: Corviknight
|
|upkeep
|
|t:|1776211733
|switch|p1a: Lokix|Lokix, F|84/100
|turn|17
|
|t:|1776211743
|switch|p2a: Charybdis|Alomomola, M, shiny|77/100
|move|p1a: Lokix|First Impression|p2a: Charybdis
|-damage|p2a: Charybdis|47/100
|-damage|p1a: Lokix|67/100|[from] item: Rocky Helmet|[of] p2a: Charybdis
|
|upkeep
|turn|18
|
|t:|1776211764
|switch|p1a: Glow DeLocks|Slowking-Galar, F|100/100
|move|p2a: Charybdis|Wish|p2a: Charybdis
|
|upkeep
|turn|19
|
|t:|1776211775
|move|p2a: Charybdis|Scald|p1a: Glow DeLocks
|-damage|p1a: Glow DeLocks|93/100
|move|p1a: Glow DeLocks|Thunder Wave|p2a: Charybdis
|-status|p2a: Charybdis|par
|
|-heal|p2a: Charybdis|97/100 par|[from] move: Wish|[wisher] Charybdis
|-heal|p1a: Glow DeLocks|99/100|[from] item: Leftovers
|upkeep
|turn|20
|
|t:|1776211784
|move|p2a: Charybdis|Flip Turn|p1a: Glow DeLocks
|-damage|p1a: Glow DeLocks|80/100
|
|t:|1776211791
|switch|p2a: Mahad|Meowscarada, M, shiny|100/100|[from] Flip Turn
|move|p1a: Glow DeLocks|Future Sight|p2a: Mahad
|-start|p1a: Glow DeLocks|move: Future Sight
|
|-heal|p1a: Glow DeLocks|87/100|[from] item: Leftovers
|upkeep
|turn|21
|
|t:|1776211802
|switch|p1a: Lokix|Lokix, F|67/100
|move|p2a: Mahad|Knock Off|p1a: Lokix
|-start|p2a: Mahad|typechange|Dark|[from] ability: Protean
|-resisted|p1a: Lokix
|-crit|p1a: Lokix
|-damage|p1a: Lokix|15/100
|-enditem|p1a: Lokix|Choice Band|[from] move: Knock Off|[of] p2a: Mahad
|
|upkeep
|turn|22
|
|t:|1776211812
|switch|p2a: Charybdis|Alomomola, M, shiny|100/100 par
|move|p1a: Lokix|First Impression|p2a: Charybdis
|-damage|p2a: Charybdis|78/100 par
|-damage|p1a: Lokix|0 fnt|[from] item: Rocky Helmet|[of] p2a: Charybdis
|faint|p1a: Lokix
|
|-end|p2a: Charybdis|move: Future Sight
|-damage|p2a: Charybdis|23/100 par
|upkeep
|
|t:|1776211822
|switch|p1a: Iron Moth|Iron Moth|100/100
|turn|23
|
|t:|1776211837
|switch|p2a: Barca|Great Tusk|100/100
|move|p1a: Iron Moth|Fiery Dance|p2a: Barca
|-damage|p2a: Barca|38/100
|
|-heal|p2a: Barca|44/100|[from] item: Leftovers
|upkeep
|turn|24
|inactive|Battle timer is ON: inactive players will automatically lose when time's up. (requested by Coolcube_3)
|
|t:|1776211857
|move|p1a: Iron Moth|Fiery Dance|p2a: Barca
|-damage|p2a: Barca|0 fnt
|-boost|p1a: Iron Moth|spa|1
|faint|p2a: Barca
|-end|p2a: Barca|Protosynthesis|[silent]
|
|upkeep
|
|t:|1776211869
|switch|p2a: Mithridates|Slowking-Galar, M|100/100
|turn|25
|
|t:|1776211875
|move|p1a: Iron Moth|Fiery Dance|p2a: Mithridates
|-damage|p2a: Mithridates|65/100
|move|p2a: Mithridates|Surf|p1a: Iron Moth
|-supereffective|p1a: Iron Moth
|-damage|p1a: Iron Moth|40/100
|
|upkeep
|turn|26
|
|t:|1776211893
|-end|p1a: Iron Moth|Quark Drive|[silent]
|switch|p1a: Glow DeLocks|Slowking-Galar, F|100/100
|move|p2a: Mithridates|Psychic Noise|p1a: Glow DeLocks
|-damage|p1a: Glow DeLocks|78/100
|-start|p1a: Glow DeLocks|move: Heal Block
|
|upkeep
|turn|27
|
|t:|1776211905
|move|p2a: Mithridates|Future Sight|p1a: Glow DeLocks
|-start|p2a: Mithridates|move: Future Sight
|move|p1a: Glow DeLocks|Thunder Wave|p2a: Mithridates|[miss]
|-miss|p1a: Glow DeLocks|p2a: Mithridates
|
|-end|p1a: Glow DeLocks|move: Heal Block
|upkeep
|turn|28
|
|t:|1776211911
|move|p2a: Mithridates|Psychic Noise|p1a: Glow DeLocks
|-damage|p1a: Glow DeLocks|57/100
|-start|p1a: Glow DeLocks|move: Heal Block
|move|p1a: Glow DeLocks|Thunder Wave|p2a: Mithridates|[miss]
|-miss|p1a: Glow DeLocks|p2a: Mithridates
|
|upkeep
|turn|29
|
|t:|1776211921
|switch|p2a: Charybdis|Alomomola, M, shiny|56/100 par
|move|p1a: Glow DeLocks|Thunder Wave|p2a: Charybdis|[miss]
|-miss|p1a: Glow DeLocks|p2a: Charybdis
|
|-end|p1a: Glow DeLocks|move: Future Sight
|-damage|p1a: Glow DeLocks|22/100
|-end|p1a: Glow DeLocks|move: Heal Block
|upkeep
|turn|30
|
|t:|1776211931
|cant|p2a: Charybdis|par
|-prepare|p1a: Glow DeLocks|Chilly Reception|[premajor]
|move|p1a: Glow DeLocks|Chilly Reception|p1a: Glow DeLocks
|-weather|Snowscape
|
|t:|1776211938
|switch|p1a: Iron Moth|Iron Moth|40/100|[from] Chilly Reception
|
|-weather|Snowscape|[upkeep]
|upkeep
|turn|31
|
|t:|1776211944
|switch|p2a: Mithridates|Slowking-Galar, M|99/100
|move|p1a: Iron Moth|Fiery Dance|p2a: Mithridates
|-damage|p2a: Mithridates|77/100
|
|-weather|Snowscape|[upkeep]
|upkeep
|turn|32
|
|t:|1776211953
|move|p1a: Iron Moth|U-turn|p2a: Mithridates
|-damage|p2a: Mithridates|66/100
|
|t:|1776211955
|-end|p1a: Iron Moth|Quark Drive|[silent]
|switch|p1a: Glow DeLocks|Slowking-Galar, F|55/100|[from] U-turn
|move|p2a: Mithridates|Future Sight|p1a: Glow DeLocks
|-start|p2a: Mithridates|move: Future Sight
|
|-weather|Snowscape|[upkeep]
|-heal|p1a: Glow DeLocks|61/100|[from] item: Leftovers
|upkeep
|turn|33
|
|t:|1776211963
|move|p2a: Mithridates|Psychic Noise|p1a: Glow DeLocks
|-damage|p1a: Glow DeLocks|38/100
|-start|p1a: Glow DeLocks|move: Heal Block
|move|p1a: Glow DeLocks|Future Sight|p2a: Mithridates
|-start|p1a: Glow DeLocks|move: Future Sight
|
|-weather|Snowscape|[upkeep]
|upkeep
|turn|34
|
|t:|1776211972
|move|p2a: Mithridates|Psychic Noise|p1a: Glow DeLocks
|-damage|p1a: Glow DeLocks|17/100
|-prepare|p1a: Glow DeLocks|Chilly Reception|[premajor]
|move|p1a: Glow DeLocks|Chilly Reception|p1a: Glow DeLocks
|
|t:|1776211978
|switch|p1a: Great Tusk|Great Tusk|100/100|[from] Chilly Reception
|
|-weather|none
|-end|p1a: Great Tusk|move: Future Sight
|-supereffective|p1a: Great Tusk
|-damage|p1a: Great Tusk|0 fnt
|faint|p1a: Great Tusk
|-end|p1a: Great Tusk|Protosynthesis|[silent]
|upkeep
|-message|Coolcube_3 forfeited.
|
|win|magistermilitum420
|raw|Coolcube_3's rating: 1308 &rarr; <strong>1288</strong><br />(-20 for losing)
|raw|magistermilitum420's rating: 1316 &rarr; <strong>1336</strong><br />(+20 for winning)
|l|☆Coolcube_3
|player|p1|
