|html|<div class="broadcast-blue"><strong>[Gen 9] OU is currently suspecting Volcarona! For information on how to participate check out the <a href="https://www.smogon.com/tools/suspects/view/208">suspect thread</a>.</strong></div>
|j|☆Alfblu3
|j|☆chico wilson
|t:|1778509061
|gametype|singles
|player|p1|Alfblu3|fisherman-gen4|1431
|player|p2|chico wilson|170|1423
|gen|9
|tier|[Gen 9] OU
|rated|
|rule|HP Percentage Mod: HP is shown in percentages
|rule|Endless Battle Clause: Forcing endless battles is banned
|rule|Species Clause: Limit one of each Pokémon
|rule|OHKO Clause: OHKO moves are banned
|rule|Evasion Items Clause: Evasion items are banned
|rule|Evasion Moves Clause: Evasion moves are banned
|rule|Evasion Abilities Clause: Evasion abilities are banned
|rule|Sleep Moves Clause: Sleep-inducing moves are banned
|clearpoke
|poke|p1|Weezing-Galar, M|
|poke|p1|Alomomola, F|
|poke|p1|Iron Treads|
|poke|p1|Tornadus-Therian, M|
|poke|p1|Zamazenta-*|
|poke|p1|Lokix, F|
|poke|p2|Regieleki|
|poke|p2|Scream Tail|
|poke|p2|Dragapult, M|
|poke|p2|Quaquaval, F|
|poke|p2|Gliscor, F|
|poke|p2|Tentacruel, M|
|teampreview
|inactive|Battle timer is ON: inactive players will automatically lose when time's up. (requested by Alfblu3)
|inactive|chico wilson has 120 seconds left.
|
|t:|1778509097
|teamsize|p1|6
|teamsize|p2|6
|start
|switch|p1a: Lokix|Lokix, F|100/100
|switch|p2a: Gliscor|Gliscor, F|100/100
|turn|1
|
|t:|1778509104
|switch|p1a: Iron Treads|Iron Treads|100/100
|move|p2a: Gliscor|Protect||[still]
|-fail|p2a: Gliscor
|
|-status|p2a: Gliscor|tox|[from] item: Toxic Orb
|upkeep
|turn|2
|
|t:|1778509118
|switch|p2a: Scream Tail|Scream Tail|100/100
|-terastallize|p1a: Iron Treads|Ice
|move|p1a: Iron Treads|Ice Spinner|p2a: Scream Tail
|-damage|p2a: Scream Tail|74/100
|
|upkeep
|turn|3
|
|t:|1778509131
|-end|p1a: Iron Treads|Quark Drive|[silent]
|switch|p1a: Lokix|Lokix, F|100/100
|move|p2a: Scream Tail|Trick|p1a: Lokix
|-activate|p2a: Scream Tail|move: Trick|[of] p1a: Lokix
|-item|p1a: Lokix|Ring Target|[from] move: Trick
|-item|p2a: Scream Tail|Choice Band|[from] move: Trick
|
|upkeep
|turn|4
|
|t:|1778509143
|move|p2a: Scream Tail|Wish|p2a: Scream Tail
|move|p1a: Lokix|U-turn|p2a: Scream Tail
|-damage|p2a: Scream Tail|46/100
|
|t:|1778509152
|switch|p1a: Iron Treads|Iron Treads, tera:Ice|100/100|[from] U-turn
|
|upkeep
|turn|5
|
|t:|1778509159
|move|p2a: Scream Tail|Wish||[still]
|-fail|p2a: Scream Tail
|move|p1a: Iron Treads|Rapid Spin|p2a: Scream Tail
|-damage|p2a: Scream Tail|35/100
|-boost|p1a: Iron Treads|spe|1
|
|-heal|p2a: Scream Tail|85/100|[from] move: Wish|[wisher] Scream Tail
|upkeep
|turn|6
|
|t:|1778509169
|-end|p2a: Scream Tail|Protosynthesis|[silent]
|switch|p2a: Quaquaval|Quaquaval, F|100/100
|move|p1a: Iron Treads|Stealth Rock|p2a: Quaquaval
|-sidestart|p2: chico wilson|move: Stealth Rock
|
|upkeep
|turn|7
|
|t:|1778509177
|-end|p1a: Iron Treads|Quark Drive|[silent]
|switch|p1a: Alomomola|Alomomola, F|100/100
|move|p2a: Quaquaval|Flip Turn|p1a: Alomomola
|-resisted|p1a: Alomomola
|-damage|p1a: Alomomola|90/100
|-damage|p2a: Quaquaval|84/100|[from] item: Rocky Helmet|[of] p1a: Alomomola
|
|t:|1778509180
|switch|p2a: Regieleki|Regieleki|100/100|[from] Flip Turn
|-damage|p2a: Regieleki|88/100|[from] Stealth Rock
|
|upkeep
|turn|8
|
|t:|1778509183
|switch|p1a: Iron Treads|Iron Treads, tera:Ice|100/100
|-terastallize|p2a: Regieleki|Electric
|move|p2a: Regieleki|Volt Switch|p1a: Iron Treads
|-damage|p1a: Iron Treads|10/100
|
|t:|1778509191
|switch|p2a: Tentacruel|Tentacruel, M|100/100|[from] Volt Switch
|-damage|p2a: Tentacruel|88/100|[from] Stealth Rock
|
|-heal|p1a: Iron Treads|17/100|[from] item: Leftovers
|upkeep
|turn|9
|
|t:|1778509195
|move|p2a: Tentacruel|Rapid Spin|p1a: Iron Treads
|-crit|p1a: Iron Treads
|-damage|p1a: Iron Treads|7/100
|-boost|p2a: Tentacruel|spe|1
|-sideend|p2: chico wilson|Stealth Rock|[from] move: Rapid Spin|[of] p2a: Tentacruel
|move|p1a: Iron Treads|Earthquake|p2a: Tentacruel
|-supereffective|p2a: Tentacruel
|-damage|p2a: Tentacruel|0 fnt
|faint|p2a: Tentacruel
|
|-heal|p1a: Iron Treads|13/100|[from] item: Leftovers
|upkeep
|
|t:|1778509199
|switch|p2a: Regieleki|Regieleki, tera:Electric|88/100
|turn|10
|
|t:|1778509212
|-end|p1a: Iron Treads|Quark Drive|[silent]
|switch|p1a: Weezing|Weezing-Galar, M|100/100
|-ability|p1a: Weezing|Neutralizing Gas
|move|p2a: Regieleki|Volt Switch|p1a: Weezing
|-damage|p1a: Weezing|11/100
|
|t:|1778509220
|switch|p2a: Quaquaval|Quaquaval, F|84/100|[from] Volt Switch
|
|-heal|p1a: Weezing|17/100|[from] item: Leftovers
|upkeep
|turn|11
|
|t:|1778509223
|move|p1a: Weezing|Protect|p1a: Weezing
|-singleturn|p1a: Weezing|Protect
|move|p2a: Quaquaval|Flip Turn|p1a: Weezing
|-activate|p1a: Weezing|move: Protect
|
|-heal|p1a: Weezing|23/100|[from] item: Leftovers
|upkeep
|turn|12
|
|t:|1778509235
|move|p2a: Quaquaval|Flip Turn|p1a: Weezing
|-damage|p1a: Weezing|1/100
|
|t:|1778509240
|switch|p2a: Gliscor|Gliscor, F|100/100 tox|[from] Flip Turn
|move|p1a: Weezing|Will-O-Wisp||[still]
|-fail|p1a: Weezing
|
|-heal|p1a: Weezing|7/100|[from] item: Leftovers
|-damage|p2a: Gliscor|94/100 tox|[from] psn
|upkeep
|turn|13
|
|t:|1778509245
|move|p1a: Weezing|Protect|p1a: Weezing
|-singleturn|p1a: Weezing|Protect
|move|p2a: Gliscor|Earthquake|p1a: Weezing
|-activate|p1a: Weezing|move: Protect
|
|-heal|p1a: Weezing|13/100|[from] item: Leftovers
|-damage|p2a: Gliscor|82/100 tox|[from] psn
|upkeep
|turn|14
|
|t:|1778509249
|move|p2a: Gliscor|Earthquake|p1a: Weezing
|-supereffective|p1a: Weezing
|-damage|p1a: Weezing|0 fnt
|faint|p1a: Weezing
|-end|p1a: Weezing|ability: Neutralizing Gas
|
|-heal|p2a: Gliscor|94/100 tox|[from] ability: Poison Heal
|upkeep
|
|t:|1778509252
|switch|p1a: Iron Treads|Iron Treads, tera:Ice|13/100
|turn|15
|
|t:|1778509255
|move|p1a: Iron Treads|Ice Spinner|p2a: Gliscor
|-supereffective|p2a: Gliscor
|-damage|p2a: Gliscor|20/100 tox
|move|p2a: Gliscor|U-turn|p1a: Iron Treads
|-crit|p1a: Iron Treads
|-damage|p1a: Iron Treads|0 fnt
|faint|p1a: Iron Treads
|-end|p1a: Iron Treads|Quark Drive|[silent]
|
|t:|1778509266
|switch|p2a: Dragapult|Dragapult, M|100/100|[from] U-turn
|
|upkeep
|
|t:|1778509269
|switch|p1a: Tornadus|Tornadus-Therian, M|100/100
|turn|16
|
|t:|1778509277
|switch|p2a: Scream Tail|Scream Tail|85/100
|move|p1a: Tornadus|Bleakwind Storm|p2a: Scream Tail
|-damage|p2a: Scream Tail|62/100
|
|upkeep
|turn|17
|
|t:|1778509282
|move|p1a: Tornadus|U-turn|p2a: Scream Tail
|-damage|p2a: Scream Tail|50/100
|
|t:|1778509285
|switch|p1a: Zamazenta|Zamazenta|100/100|[from] U-turn
|-ability|p1a: Zamazenta|Dauntless Shield|boost
|-boost|p1a: Zamazenta|def|1
|move|p2a: Scream Tail|Wish|p2a: Scream Tail
|
|upkeep
|turn|18
|inactive|chico wilson has 120 seconds left.
|
|t:|1778509327
|-end|p2a: Scream Tail|Protosynthesis|[silent]
|switch|p2a: Dragapult|Dragapult, M|100/100
|move|p1a: Zamazenta|Crunch|p2a: Dragapult
|-supereffective|p2a: Dragapult
|-damage|p2a: Dragapult|0 fnt
|faint|p2a: Dragapult
|
|upkeep
|
|t:|1778509334
|switch|p2a: Regieleki|Regieleki, tera:Electric|88/100
|turn|19
|
|t:|1778509337
|move|p2a: Regieleki|Thunderbolt|p1a: Zamazenta
|-damage|p1a: Zamazenta|11/100
|move|p1a: Zamazenta|Crunch|p2a: Regieleki
|-damage|p2a: Regieleki|0 fnt
|faint|p2a: Regieleki
|
|upkeep
|inactive|chico wilson has 120 seconds left.
|
|t:|1778509343
|switch|p2a: Quaquaval|Quaquaval, F|84/100
|turn|20
|
|t:|1778509351
|switch|p1a: Alomomola|Alomomola, F|100/100
|move|p2a: Quaquaval|Close Combat|p1a: Alomomola
|-damage|p1a: Alomomola|60/100
|-unboost|p2a: Quaquaval|def|1
|-unboost|p2a: Quaquaval|spd|1
|-damage|p2a: Quaquaval|68/100|[from] item: Rocky Helmet|[of] p1a: Alomomola
|
|upkeep
|turn|21
|
|t:|1778509356
|switch|p2a: Scream Tail|Scream Tail|50/100
|move|p1a: Alomomola|Flip Turn|p2a: Scream Tail
|-damage|p2a: Scream Tail|37/100
|
|t:|1778509362
|switch|p1a: Zamazenta|Zamazenta|11/100|[from] Flip Turn
|
|upkeep
|turn|22
|
|t:|1778509367
|move|p1a: Zamazenta|Heavy Slam|p2a: Scream Tail
|-supereffective|p2a: Scream Tail
|-damage|p2a: Scream Tail|0 fnt
|faint|p2a: Scream Tail
|-end|p2a: Scream Tail|Protosynthesis|[silent]
|
|upkeep
|
|t:|1778509370
|switch|p2a: Quaquaval|Quaquaval, F|68/100
|turn|23
|
|t:|1778509373
|switch|p1a: Alomomola|Alomomola, F|93/100
|move|p2a: Quaquaval|Close Combat|p1a: Alomomola
|-damage|p1a: Alomomola|57/100
|-unboost|p2a: Quaquaval|def|1
|-unboost|p2a: Quaquaval|spd|1
|-damage|p2a: Quaquaval|51/100|[from] item: Rocky Helmet|[of] p1a: Alomomola
|
|upkeep
|turn|24
|
|t:|1778509381
|move|p2a: Quaquaval|Close Combat|p1a: Alomomola
|-damage|p1a: Alomomola|20/100
|-unboost|p2a: Quaquaval|def|1
|-unboost|p2a: Quaquaval|spd|1
|-damage|p2a: Quaquaval|35/100|[from] item: Rocky Helmet|[of] p1a: Alomomola
|move|p1a: Alomomola|Flip Turn|p2a: Quaquaval
|-resisted|p2a: Quaquaval
|-damage|p2a: Quaquaval|15/100
|
|t:|1778509388
|switch|p1a: Tornadus|Tornadus-Therian, M|100/100|[from] Flip Turn
|
|upkeep
|turn|25
|
|t:|1778509393
|switch|p2a: Gliscor|Gliscor, F|20/100 tox
|move|p1a: Tornadus|U-turn|p2a: Gliscor
|-resisted|p2a: Gliscor
|-damage|p2a: Gliscor|16/100 tox
|
|t:|1778509396
|switch|p1a: Lokix|Lokix, F|100/100|[from] U-turn
|
|-heal|p2a: Gliscor|28/100 tox|[from] ability: Poison Heal
|upkeep
|turn|26
|inactive|chico wilson has 120 seconds left.
|
|t:|1778509439
|move|p2a: Gliscor|Protect|p2a: Gliscor
|-singleturn|p2a: Gliscor|Protect
|move|p1a: Lokix|Leech Life|p2a: Gliscor
|-activate|p2a: Gliscor|move: Protect
|
|-heal|p2a: Gliscor|41/100 tox|[from] ability: Poison Heal
|upkeep
|turn|27
|
|t:|1778509451
|move|p1a: Lokix|U-turn|p2a: Gliscor
|-resisted|p2a: Gliscor
|-damage|p2a: Gliscor|19/100 tox
|
|t:|1778509453
|switch|p1a: Tornadus|Tornadus-Therian, M|100/100|[from] U-turn
|move|p2a: Gliscor|Earthquake|p1a: Tornadus
|-immune|p1a: Tornadus
|
|-heal|p2a: Gliscor|32/100 tox|[from] ability: Poison Heal
|upkeep
|turn|28
|
|t:|1778509458
|move|p1a: Tornadus|Bleakwind Storm|p2a: Gliscor
|-damage|p2a: Gliscor|0 fnt
|faint|p2a: Gliscor
|
|upkeep
|
|t:|1778509460
|switch|p2a: Quaquaval|Quaquaval, F|15/100
|turn|29
|
|t:|1778509466
|switch|p1a: Alomomola|Alomomola, F|53/100
|move|p2a: Quaquaval|Aqua Step|p1a: Alomomola
|-resisted|p1a: Alomomola
|-damage|p1a: Alomomola|41/100
|-boost|p2a: Quaquaval|spe|1
|-damage|p2a: Quaquaval|0 fnt|[from] item: Rocky Helmet|[of] p1a: Alomomola
|faint|p2a: Quaquaval
|
|win|Alfblu3
|raw|Alfblu3's rating: 1431 &rarr; <strong>1451</strong><br />(+20 for winning)
|raw|chico wilson's rating: 1423 &rarr; <strong>1403</strong><br />(-20 for losing)
|l|☆chico wilson
|player|p2|
|l|☆Alfblu3
|player|p1|
