|html|<div class="broadcast-blue"><strong>[Gen 9] OU is currently suspecting Tera Blast! For information on how to participate check out the <a href="https://www.smogon.com/tools/suspects/view/200">suspect thread</a>.</strong></div>
|j|☆Athens_504
|j|☆michael192
|t:|1776265407
|gametype|singles
|player|p1|Athens_504|silver|1000
|player|p2|michael192|170|1000
|gen|9
|tier|[Gen 9] OU
|rated|
|rule|HP Percentage Mod: HP is shown in percentages
|rule|Endless Battle Clause: Forcing endless battles is banned
|rule|Species Clause: Limit one of each Pokémon
|rule|OHKO Clause: OHKO moves are banned
|rule|Evasion Items Clause: Evasion items are banned
|rule|Evasion Moves Clause: Evasion moves are banned
|rule|Evasion Abilities Clause: Evasion abilities are banned
|rule|Sleep Moves Clause: Sleep-inducing moves are banned
|clearpoke
|poke|p1|Mismagius, F|
|poke|p1|Garchomp, M|
|poke|p1|Gengar, M|
|poke|p1|Gardevoir, F|
|poke|p1|Umbreon, F|
|poke|p1|Scizor, M|
|poke|p2|Excadrill, F|
|poke|p2|Gyarados, M|
|poke|p2|Scizor, M|
|poke|p2|Grimer-Alola, F|
|poke|p2|Articuno|
|poke|p2|Torterra, F|
|teampreview
|
|t:|1776265412
|teamsize|p1|6
|teamsize|p2|6
|start
|switch|p1a: Scizor|Scizor, M|100/100
|switch|p2a: Scizor|Scizor, M|100/100
|turn|1
|inactive|Battle timer is ON: inactive players will automatically lose when time's up. (requested by michael192)
|
|t:|1776265419
|move|p2a: Scizor|Bullet Punch|p1a: Scizor
|-resisted|p1a: Scizor
|-damage|p1a: Scizor|90/100
|move|p1a: Scizor|Swords Dance|p1a: Scizor
|-boost|p1a: Scizor|atk|2
|
|upkeep
|turn|2
|
|t:|1776265428
|move|p1a: Scizor|Swords Dance|p1a: Scizor
|-boost|p1a: Scizor|atk|2
|move|p2a: Scizor|Iron Defense|p2a: Scizor
|-boost|p2a: Scizor|def|2
|
|upkeep
|turn|3
|
|t:|1776265441
|move|p1a: Scizor|Air Slash|p2a: Scizor
|-damage|p2a: Scizor|87/100
|move|p2a: Scizor|Iron Defense|p2a: Scizor
|-boost|p2a: Scizor|def|2
|
|upkeep
|turn|4
|
|t:|1776265447
|move|p2a: Scizor|Bullet Punch|p1a: Scizor
|-resisted|p1a: Scizor
|-damage|p1a: Scizor|80/100
|move|p1a: Scizor|Swords Dance|p1a: Scizor
|-boost|p1a: Scizor|atk|2
|
|upkeep
|turn|5
|
|t:|1776265455
|move|p1a: Scizor|Air Slash|p2a: Scizor
|-damage|p2a: Scizor|72/100
|move|p2a: Scizor|Iron Defense|p2a: Scizor
|-boost|p2a: Scizor|def|2
|
|upkeep
|turn|6
|
|t:|1776265462
|switch|p1a: Garchomp|Garchomp, M|100/100
|move|p2a: Scizor|Close Combat|p1a: Garchomp
|-damage|p1a: Garchomp|69/100
|-unboost|p2a: Scizor|def|1
|-unboost|p2a: Scizor|spd|1
|-damage|p2a: Scizor|60/100|[from] ability: Rough Skin|[of] p1a: Garchomp
|
|upkeep
|turn|7
|
|t:|1776265474
|switch|p2a: Articuno|Articuno|100/100
|-ability|p2a: Articuno|Pressure
|move|p1a: Garchomp|Earthquake|p2a: Articuno
|-immune|p2a: Articuno
|
|upkeep
|turn|8
|
|t:|1776265484
|switch|p1a: Scizor|Scizor, M|80/100
|move|p2a: Articuno|Blizzard|p1a: Scizor|[miss]
|-miss|p2a: Articuno|p1a: Scizor
|
|upkeep
|turn|9
|
|t:|1776265500
|move|p2a: Articuno|Protect|p2a: Articuno
|-singleturn|p2a: Articuno|Protect
|move|p1a: Scizor|Bullet Punch|p2a: Articuno
|-activate|p2a: Articuno|move: Protect
|
|upkeep
|turn|10
|
|t:|1776265506
|move|p2a: Articuno|Dual Wingbeat|p1a: Scizor|[miss]
|-miss|p2a: Articuno|p1a: Scizor
|move|p1a: Scizor|Swords Dance|p1a: Scizor
|-boost|p1a: Scizor|atk|2
|
|upkeep
|turn|11
|
|t:|1776265512
|switch|p2a: Scizor|Scizor, M|60/100
|move|p1a: Scizor|Bullet Punch|p2a: Scizor
|-resisted|p2a: Scizor
|-damage|p2a: Scizor|40/100
|
|upkeep
|turn|12
|
|t:|1776265521
|move|p1a: Scizor|Bullet Punch|p2a: Scizor
|-resisted|p2a: Scizor
|-damage|p2a: Scizor|18/100
|move|p2a: Scizor|Iron Defense|p2a: Scizor
|-boost|p2a: Scizor|def|2
|
|upkeep
|turn|13
|
|t:|1776265528
|move|p1a: Scizor|Swords Dance|p1a: Scizor
|-boost|p1a: Scizor|atk|2
|move|p2a: Scizor|Iron Defense|p2a: Scizor
|-boost|p2a: Scizor|def|2
|
|upkeep
|turn|14
|
|t:|1776265534
|move|p1a: Scizor|Bullet Punch|p2a: Scizor
|-resisted|p2a: Scizor
|-damage|p2a: Scizor|8/100
|move|p2a: Scizor|Bullet Punch|p1a: Scizor
|-resisted|p1a: Scizor
|-damage|p1a: Scizor|69/100
|
|upkeep
|turn|15
|
|t:|1776265540
|move|p2a: Scizor|Bullet Punch|p1a: Scizor
|-resisted|p1a: Scizor
|-damage|p1a: Scizor|60/100
|move|p1a: Scizor|Air Slash|p2a: Scizor
|-damage|p2a: Scizor|0 fnt
|faint|p2a: Scizor
|
|upkeep
|
|t:|1776265550
|switch|p2a: Grimer|Grimer-Alola, F|100/100
|turn|16
|
|t:|1776265562
|move|p1a: Scizor|Bullet Punch|p2a: Grimer
|-damage|p2a: Grimer|15/100
|move|p2a: Grimer|Dark Pulse|p1a: Scizor
|-damage|p1a: Scizor|37/100
|
|upkeep
|turn|17
|
|t:|1776265575
|move|p1a: Scizor|Bullet Punch|p2a: Grimer
|-damage|p2a: Grimer|0 fnt
|faint|p2a: Grimer
|
|upkeep
|
|t:|1776265581
|switch|p2a: Excadrill|Excadrill, F|100/100
|turn|18
|
|t:|1776265590
|switch|p1a: Mismagius|Mismagius, F|100/100
|move|p2a: Excadrill|Iron Defense|p2a: Excadrill
|-boost|p2a: Excadrill|def|2
|
|upkeep
|turn|19
|
|t:|1776265597
|move|p1a: Mismagius|Calm Mind|p1a: Mismagius
|-boost|p1a: Mismagius|spa|1
|-boost|p1a: Mismagius|spd|1
|move|p2a: Excadrill|Shadow Claw|p1a: Mismagius
|-supereffective|p1a: Mismagius
|-crit|p1a: Mismagius
|-enditem|p1a: Mismagius|Focus Sash
|-damage|p1a: Mismagius|1/100
|
|upkeep
|turn|20
|
|t:|1776265609
|move|p1a: Mismagius|Shadow Ball|p2a: Excadrill
|-damage|p2a: Excadrill|50/100
|move|p2a: Excadrill|Shadow Claw|p1a: Mismagius
|-supereffective|p1a: Mismagius
|-damage|p1a: Mismagius|0 fnt
|faint|p1a: Mismagius
|
|upkeep
|
|t:|1776265618
|switch|p1a: Umbreon|Umbreon, F|100/100
|turn|21
|
|t:|1776265625
|move|p2a: Excadrill|Brick Break|p1a: Umbreon
|-supereffective|p1a: Umbreon
|-damage|p1a: Umbreon|58/100
|move|p1a: Umbreon|Shadow Ball|p2a: Excadrill
|-damage|p2a: Excadrill|36/100
|-unboost|p2a: Excadrill|spd|1
|
|-heal|p1a: Umbreon|64/100|[from] item: Leftovers
|upkeep
|turn|22
|
|t:|1776265635
|move|p1a: Umbreon|Protect|p1a: Umbreon
|-singleturn|p1a: Umbreon|Protect
|move|p2a: Excadrill|Brick Break|p1a: Umbreon
|-activate|p1a: Umbreon|move: Protect
|
|-heal|p1a: Umbreon|71/100|[from] item: Leftovers
|upkeep
|turn|23
|
|t:|1776265643
|move|p2a: Excadrill|Iron Defense|p2a: Excadrill
|-boost|p2a: Excadrill|def|2
|move|p1a: Umbreon|Shadow Ball|p2a: Excadrill
|-damage|p2a: Excadrill|16/100
|
|-heal|p1a: Umbreon|77/100|[from] item: Leftovers
|upkeep
|turn|24
|
|t:|1776265652
|move|p1a: Umbreon|Protect|p1a: Umbreon
|-singleturn|p1a: Umbreon|Protect
|move|p2a: Excadrill|Brick Break|p1a: Umbreon
|-activate|p1a: Umbreon|move: Protect
|
|-heal|p1a: Umbreon|83/100|[from] item: Leftovers
|upkeep
|turn|25
|
|t:|1776265660
|move|p2a: Excadrill|Brick Break|p1a: Umbreon
|-supereffective|p1a: Umbreon
|-damage|p1a: Umbreon|44/100
|move|p1a: Umbreon|Shadow Ball|p2a: Excadrill
|-damage|p2a: Excadrill|0 fnt
|faint|p2a: Excadrill
|
|-heal|p1a: Umbreon|50/100|[from] item: Leftovers
|upkeep
|
|t:|1776265671
|switch|p2a: Articuno|Articuno|100/100
|-ability|p2a: Articuno|Pressure
|turn|26
|
|t:|1776265677
|move|p2a: Articuno|Protect|p2a: Articuno
|-singleturn|p2a: Articuno|Protect
|move|p1a: Umbreon|Calm Mind|p1a: Umbreon
|-boost|p1a: Umbreon|spa|1
|-boost|p1a: Umbreon|spd|1
|
|-heal|p1a: Umbreon|57/100|[from] item: Leftovers
|upkeep
|turn|27
|
|t:|1776265685
|move|p2a: Articuno|Dual Wingbeat|p1a: Umbreon
|-damage|p1a: Umbreon|44/100
|-damage|p1a: Umbreon|33/100
|-hitcount|p1a: Umbreon|2
|move|p1a: Umbreon|Shadow Ball|p2a: Articuno
|-damage|p2a: Articuno|85/100
|
|-heal|p1a: Umbreon|39/100|[from] item: Leftovers
|upkeep
|turn|28
|
|t:|1776265700
|move|p2a: Articuno|Blizzard|p1a: Umbreon
|-crit|p1a: Umbreon
|-damage|p1a: Umbreon|0 fnt
|faint|p1a: Umbreon
|
|upkeep
|
|t:|1776265707
|switch|p1a: Gardevoir|Gardevoir, F, shiny|100/100
|turn|29
|
|t:|1776265713
|move|p1a: Gardevoir|Light Screen|p1a: Gardevoir
|-sidestart|p1: Athens_504|move: Light Screen
|move|p2a: Articuno|Dual Wingbeat|p1a: Gardevoir
|-crit|p1a: Gardevoir
|-damage|p1a: Gardevoir|68/100
|-damage|p1a: Gardevoir|46/100
|-hitcount|p1a: Gardevoir|2
|
|upkeep
|turn|30
|
|t:|1776265720
|move|p2a: Articuno|Protect|p2a: Articuno
|-singleturn|p2a: Articuno|Protect
|move|p1a: Gardevoir|Moonblast|p2a: Articuno
|-activate|p2a: Articuno|move: Protect
|
|upkeep
|turn|31
|
|t:|1776265726
|move|p1a: Gardevoir|Reflect|p1a: Gardevoir
|-sidestart|p1: Athens_504|Reflect
|move|p2a: Articuno|Dual Wingbeat|p1a: Gardevoir
|-damage|p1a: Gardevoir|34/100
|-damage|p1a: Gardevoir|23/100
|-hitcount|p1a: Gardevoir|2
|
|upkeep
|turn|32
|
|t:|1776265734
|move|p2a: Articuno|Protect|p2a: Articuno
|-singleturn|p2a: Articuno|Protect
|move|p1a: Gardevoir|Moonblast|p2a: Articuno
|-activate|p2a: Articuno|move: Protect
|
|upkeep
|turn|33
|
|t:|1776265743
|switch|p1a: Gengar|Gengar, M|100/100
|move|p2a: Articuno|Dual Wingbeat|p1a: Gengar
|-damage|p1a: Gengar|88/100
|-damage|p1a: Gengar|76/100
|-hitcount|p1a: Gengar|2
|
|-heal|p1a: Gengar|82/100|[from] item: Leftovers
|-sideend|p1: Athens_504|move: Light Screen
|upkeep
|turn|34
|
|t:|1776265755
|move|p2a: Articuno|Protect|p2a: Articuno
|-singleturn|p2a: Articuno|Protect
|move|p1a: Gengar|Will-O-Wisp|p2a: Articuno
|-activate|p2a: Articuno|move: Protect
|
|-heal|p1a: Gengar|88/100|[from] item: Leftovers
|upkeep
|turn|35
|
|t:|1776265771
|move|p1a: Gengar|Will-O-Wisp|p2a: Articuno
|-status|p2a: Articuno|brn
|move|p2a: Articuno|Blizzard|p1a: Gengar
|-damage|p1a: Gengar|26/100
|
|-heal|p1a: Gengar|32/100|[from] item: Leftovers
|-damage|p2a: Articuno|79/100 brn|[from] brn
|-sideend|p1: Athens_504|Reflect
|upkeep
|turn|36
|
|t:|1776265782
|move|p2a: Articuno|Protect|p2a: Articuno
|-singleturn|p2a: Articuno|Protect
|move|p1a: Gengar|Shadow Ball|p2a: Articuno
|-activate|p2a: Articuno|move: Protect
|
|-heal|p1a: Gengar|38/100|[from] item: Leftovers
|-damage|p2a: Articuno|73/100 brn|[from] brn
|upkeep
|turn|37
|
|t:|1776265795
|move|p1a: Gengar|Shadow Ball|p2a: Articuno
|-damage|p2a: Articuno|46/100 brn
|-unboost|p2a: Articuno|spd|1
|move|p2a: Articuno|Blizzard|p1a: Gengar
|-crit|p1a: Gengar
|-damage|p1a: Gengar|0 fnt
|faint|p1a: Gengar
|
|-damage|p2a: Articuno|40/100 brn|[from] brn
|upkeep
|
|t:|1776265807
|switch|p1a: Scizor|Scizor, M|37/100
|turn|38
|
|t:|1776265815
|move|p2a: Articuno|Protect|p2a: Articuno
|-singleturn|p2a: Articuno|Protect
|move|p1a: Scizor|Bullet Punch|p2a: Articuno
|-activate|p2a: Articuno|move: Protect
|
|-damage|p2a: Articuno|34/100 brn|[from] brn
|upkeep
|turn|39
|
|t:|1776265824
|move|p1a: Scizor|Bullet Punch|p2a: Articuno
|-supereffective|p2a: Articuno
|-damage|p2a: Articuno|0 fnt
|faint|p2a: Articuno
|
|upkeep
|
|t:|1776265831
|switch|p2a: Gyarados|Gyarados, M|100/100
|-ability|p2a: Gyarados|Intimidate|boost
|-unboost|p1a: Scizor|atk|1
|turn|40
|
|t:|1776265839
|move|p1a: Scizor|Bullet Punch|p2a: Gyarados
|-resisted|p2a: Gyarados
|-crit|p2a: Gyarados
|-damage|p2a: Gyarados|85/100
|move|p2a: Gyarados|Roar|p1a: Scizor
|drag|p1a: Garchomp|Garchomp, M|69/100
|
|upkeep
|turn|41
|
|t:|1776265854
|switch|p1a: Gardevoir|Gardevoir, F, shiny|23/100
|move|p2a: Gyarados|Dragon Pulse|p1a: Gardevoir
|-immune|p1a: Gardevoir
|
|upkeep
|turn|42
|
|t:|1776265867
|move|p1a: Gardevoir|Moonblast|p2a: Gyarados
|-damage|p2a: Gyarados|43/100
|move|p2a: Gyarados|Roar|p1a: Gardevoir
|drag|p1a: Scizor|Scizor, M|37/100
|
|upkeep
|turn|43
|
|t:|1776265877
|switch|p1a: Gardevoir|Gardevoir, F, shiny|23/100
|move|p2a: Gyarados|Water Pulse|p1a: Gardevoir
|-damage|p1a: Gardevoir|8/100
|
|upkeep
|turn|44
|
|t:|1776265885
|switch|p2a: Torterra|Torterra, F|100/100
|move|p1a: Gardevoir|Moonblast|p2a: Torterra
|-damage|p2a: Torterra|59/100
|
|upkeep
|turn|45
|
|t:|1776265894
|move|p1a: Gardevoir|Moonblast|p2a: Torterra
|-damage|p2a: Torterra|17/100
|-unboost|p2a: Torterra|spa|1
|move|p2a: Torterra|Scorching Sands|p1a: Gardevoir
|-damage|p1a: Gardevoir|0 fnt
|faint|p1a: Gardevoir
|
|upkeep
|
|t:|1776265902
|switch|p1a: Garchomp|Garchomp, M|69/100
|turn|46
|
|t:|1776265910
|move|p1a: Garchomp|Crunch|p2a: Torterra
|-damage|p2a: Torterra|0 fnt
|faint|p2a: Torterra
|
|upkeep
|
|t:|1776265918
|switch|p2a: Gyarados|Gyarados, M|43/100
|-ability|p2a: Gyarados|Intimidate|boost
|-unboost|p1a: Garchomp|atk|1
|turn|47
|
|t:|1776265924
|move|p1a: Garchomp|Crunch|p2a: Gyarados
|-damage|p2a: Gyarados|21/100
|move|p2a: Gyarados|Dragon Pulse|p1a: Garchomp
|-supereffective|p1a: Garchomp
|-damage|p1a: Garchomp|43/100
|
|upkeep
|turn|48
|
|t:|1776265934
|move|p1a: Garchomp|Crunch|p2a: Gyarados
|-damage|p2a: Gyarados|3/100
|move|p2a: Gyarados|Dragon Pulse|p1a: Garchomp
|-supereffective|p1a: Garchomp
|-damage|p1a: Garchomp|16/100
|
|upkeep
|turn|49
|
|t:|1776265941
|move|p1a: Garchomp|Crunch|p2a: Gyarados
|-damage|p2a: Gyarados|0 fnt
|faint|p2a: Gyarados
|
|win|Athens_504
|raw|Athens_504's rating: 1000 &rarr; <strong>1040</strong><br />(+40 for winning)
|raw|michael192's rating: 1000 &rarr; <strong>1000</strong><br />(+0 for losing)
