|html|<div class="broadcast-blue"><strong>[Gen 9] OU is currently suspecting Tera Blast! For information on how to participate check out the <a href="https://www.smogon.com/tools/suspects/view/200">suspect thread</a>.</strong></div>
|j|☆DcBaker
|j|☆whatisherm3l0n
|t:|1776222495
|gametype|singles
|player|p1|DcBaker|pokemonrangerf|
|player|p2|whatisherm3l0n|acetrainer-gen4dp|
|gen|9
|tier|[Gen 9] OU
|rule|HP Percentage Mod: HP is shown in percentages
|rule|Endless Battle Clause: Forcing endless battles is banned
|rule|Species Clause: Limit one of each Pokémon
|rule|OHKO Clause: OHKO moves are banned
|rule|Evasion Items Clause: Evasion items are banned
|rule|Evasion Moves Clause: Evasion moves are banned
|rule|Evasion Abilities Clause: Evasion abilities are banned
|rule|Sleep Moves Clause: Sleep-inducing moves are banned
|clearpoke
|poke|p1|Deoxys-Speed|
|poke|p1|Ceruledge, F|
|poke|p1|Zamazenta-*|
|poke|p1|Ogerpon-Wellspring, F|
|poke|p1|Glimmora, M|
|poke|p1|Moltres-Galar|
|poke|p2|Pelipper, M|
|poke|p2|Manaphy|
|poke|p2|Bruxish, F|
|poke|p2|Overqwil, M|
|poke|p2|Iron Treads|
|poke|p2|Raging Bolt|
|teampreview
|
|t:|1776222503
|teamsize|p1|6
|teamsize|p2|6
|start
|switch|p1a: gimmie|Glimmora, M|100/100
|switch|p2a: Iron Treads|Iron Treads, shiny|100/100
|-enditem|p2a: Iron Treads|Booster Energy
|-activate|p2a: Iron Treads|ability: Quark Drive|[fromitem]
|-start|p2a: Iron Treads|quarkdrivespe
|turn|1
|inactive|Battle timer is ON: inactive players will automatically lose when time's up. (requested by DcBaker)
|
|t:|1776222513
|move|p2a: Iron Treads|Earthquake|p1a: gimmie
|-supereffective|p1a: gimmie
|-damage|p1a: gimmie|0 fnt
|-activate|p1a: gimmie|ability: Toxic Debris
|-sidestart|p2: whatisherm3l0n|move: Toxic Spikes
|faint|p1a: gimmie
|
|upkeep
|
|t:|1776222519
|switch|p1a: 1/151|Ogerpon-Wellspring, F|100/100
|turn|2
|
|t:|1776222525
|move|p2a: Iron Treads|Knock Off|p1a: 1/151
|-damage|p1a: 1/151|79/100
|move|p1a: 1/151|Ivy Cudgel|p2a: Iron Treads|[anim] Ivy Cudgel Water
|-supereffective|p2a: Iron Treads
|-damage|p2a: Iron Treads|7/100
|
|upkeep
|turn|3
|
|t:|1776222542
|move|p2a: Iron Treads|Rapid Spin|p1a: 1/151
|-crit|p1a: 1/151
|-damage|p1a: 1/151|55/100
|-boost|p2a: Iron Treads|spe|1
|-sideend|p2: whatisherm3l0n|Toxic Spikes|[from] move: Rapid Spin|[of] p2a: Iron Treads
|move|p1a: 1/151|Swords Dance|p1a: 1/151
|-boost|p1a: 1/151|atk|2
|
|upkeep
|turn|4
|
|t:|1776222553
|-end|p2a: Iron Treads|Quark Drive|[silent]
|switch|p2a: Dr. Pelipper|Pelipper, M, shiny|100/100
|-weather|RainDance|[from] ability: Drizzle|[of] p2a: Dr. Pelipper
|move|p1a: 1/151|Horn Leech|p2a: Dr. Pelipper
|-damage|p2a: Dr. Pelipper|21/100
|-heal|p1a: 1/151|97/100|[from] drain|[of] p2a: Dr. Pelipper
|
|-weather|RainDance|[upkeep]
|upkeep
|turn|5
|
|t:|1776222563
|move|p1a: 1/151|Swords Dance|p1a: 1/151
|-boost|p1a: 1/151|atk|2
|move|p2a: Dr. Pelipper|U-turn|p1a: 1/151
|-supereffective|p1a: 1/151
|-damage|p1a: 1/151|77/100
|
|t:|1776222568
|switch|p2a: Raging Bolt|Raging Bolt|100/100|[from] U-turn
|-enditem|p2a: Raging Bolt|Booster Energy
|-activate|p2a: Raging Bolt|ability: Protosynthesis|[fromitem]
|-start|p2a: Raging Bolt|protosynthesisspa
|
|-weather|RainDance|[upkeep]
|upkeep
|turn|6
|
|t:|1776222576
|move|p1a: 1/151|Play Rough|p2a: Raging Bolt
|-supereffective|p2a: Raging Bolt
|-crit|p2a: Raging Bolt
|-damage|p2a: Raging Bolt|0 fnt
|faint|p2a: Raging Bolt
|-end|p2a: Raging Bolt|Protosynthesis|[silent]
|
|-weather|RainDance|[upkeep]
|upkeep
|
|t:|1776222585
|switch|p2a: Overqwil|Overqwil, M, shiny|100/100
|turn|7
|c|☆whatisherm3l0n|fuck should've tera'd
|
|t:|1776222593
|move|p2a: Overqwil|Gunk Shot|p1a: 1/151|[miss]
|-miss|p2a: Overqwil|p1a: 1/151
|move|p1a: 1/151|Play Rough|p2a: Overqwil
|-damage|p2a: Overqwil|0 fnt
|faint|p2a: Overqwil
|
|-weather|RainDance|[upkeep]
|upkeep
|c|☆whatisherm3l0n|...
|
|t:|1776222602
|switch|p2a: Manaphy|Manaphy, shiny|100/100
|turn|8
|
|t:|1776222609
|move|p2a: Manaphy|Energy Ball|p1a: 1/151
|-damage|p1a: 1/151|48/100
|move|p1a: 1/151|Horn Leech|p2a: Manaphy
|-supereffective|p2a: Manaphy
|-damage|p2a: Manaphy|0 fnt
|-heal|p1a: 1/151|100/100|[from] drain|[of] p2a: Manaphy
|faint|p2a: Manaphy
|
|-weather|RainDance|[upkeep]
|upkeep
|-message|whatisherm3l0n forfeited.
|
|win|DcBaker
