|html|<div class="broadcast-blue"><strong>[Gen 9] OU is currently suspecting Tera Blast! For information on how to participate check out the <a href="https://www.smogon.com/tools/suspects/view/200">suspect thread</a>.</strong></div>
|j|☆Pearl Loose
|j|☆Chaincrush
|t:|1776072604
|gametype|singles
|player|p1|Pearl Loose|101|1316
|player|p2|Chaincrush|170|1297
|gen|9
|tier|[Gen 9] OU
|rated|
|rule|HP Percentage Mod: HP is shown in percentages
|rule|Endless Battle Clause: Forcing endless battles is banned
|rule|Species Clause: Limit one of each Pokémon
|rule|OHKO Clause: OHKO moves are banned
|rule|Evasion Items Clause: Evasion items are banned
|rule|Evasion Moves Clause: Evasion moves are banned
|rule|Evasion Abilities Clause: Evasion abilities are banned
|rule|Sleep Moves Clause: Sleep-inducing moves are banned
|clearpoke
|poke|p1|Pelipper, M|
|poke|p1|Alomomola, F|
|poke|p1|Kingdra, M|
|poke|p1|Toxicroak, M|
|poke|p1|Gliscor, M|
|poke|p1|Maushold-Four|
|poke|p2|Gliscor, F|
|poke|p2|Slowking-Galar, F|
|poke|p2|Palossand, M|
|poke|p2|Blissey, F|
|poke|p2|Darkrai|
|poke|p2|Chesnaught, F|
|teampreview
|inactive|Battle timer is ON: inactive players will automatically lose when time's up. (requested by Chaincrush)
|
|t:|1776072623
|teamsize|p1|6
|teamsize|p2|6
|start
|switch|p1a: Alomomola|Alomomola, F|100/100
|switch|p2a: Freezing Dawn|Slowking-Galar, F|100/100
|turn|1
|
|t:|1776072629
|move|p1a: Alomomola|Light Screen|p1a: Alomomola
|-sidestart|p1: Pearl Loose|move: Light Screen
|move|p2a: Freezing Dawn|Toxic Spikes|p1a: Alomomola
|-sidestart|p1: Pearl Loose|move: Toxic Spikes
|
|upkeep
|turn|2
|
|t:|1776072635
|move|p1a: Alomomola|Flip Turn|p2a: Freezing Dawn
|-damage|p2a: Freezing Dawn|86/100
|
|t:|1776072638
|switch|p1a: Gliscor|Gliscor, M|100/100|[from] Flip Turn
|move|p2a: Freezing Dawn|Toxic|p1a: Gliscor
|-status|p1a: Gliscor|tox
|
|upkeep
|turn|3
|
|t:|1776072646
|switch|p2a: Toxic Core|Gliscor, F|100/100
|move|p1a: Gliscor|Swords Dance|p1a: Gliscor
|-boost|p1a: Gliscor|atk|2
|
|-status|p2a: Toxic Core|tox|[from] item: Toxic Orb
|upkeep
|turn|4
|
|t:|1776072658
|move|p1a: Gliscor|Swords Dance|p1a: Gliscor
|-boost|p1a: Gliscor|atk|2
|move|p2a: Toxic Core|Spikes|p1a: Gliscor
|-sidestart|p1: Pearl Loose|Spikes
|
|upkeep
|turn|5
|
|t:|1776072666
|switch|p2a: Chippy|Palossand, M|100/100
|move|p1a: Gliscor|Facade|p2a: Chippy
|-immune|p2a: Chippy
|
|upkeep
|turn|6
|
|t:|1776072673
|switch|p2a: Queen Boron|Chesnaught, F|100/100
|move|p1a: Gliscor|Knock Off|p2a: Queen Boron
|-resisted|p2a: Queen Boron
|-damage|p2a: Queen Boron|79/100
|-enditem|p2a: Queen Boron|Heavy-Duty Boots|[from] move: Knock Off|[of] p1a: Gliscor
|
|upkeep
|turn|7
|
|t:|1776072682
|switch|p2a: Chippy|Palossand, M|100/100
|move|p1a: Gliscor|Earthquake|p2a: Chippy
|-damage|p2a: Chippy|34/100
|
|-heal|p2a: Chippy|41/100|[from] item: Leftovers
|upkeep
|turn|8
|
|t:|1776072693
|move|p1a: Gliscor|Knock Off|p2a: Chippy
|-supereffective|p2a: Chippy
|-damage|p2a: Chippy|0 fnt
|-enditem|p2a: Chippy|Leftovers|[from] move: Knock Off|[of] p1a: Gliscor
|faint|p2a: Chippy
|
|-sideend|p1: Pearl Loose|move: Light Screen
|upkeep
|
|t:|1776072695
|switch|p2a: Toxic Fangs|Darkrai, shiny|100/100
|turn|9
|
|t:|1776072703
|-terastallize|p1a: Gliscor|Normal
|move|p2a: Toxic Fangs|Ice Beam|p1a: Gliscor
|-damage|p1a: Gliscor|69/100 tox
|move|p1a: Gliscor|Facade|p2a: Toxic Fangs
|-damage|p2a: Toxic Fangs|0 fnt
|faint|p2a: Toxic Fangs
|
|-heal|p1a: Gliscor|82/100 tox|[from] ability: Poison Heal
|upkeep
|
|t:|1776072710
|switch|p2a: Queen Boron|Chesnaught, F|79/100
|turn|10
|
|t:|1776072717
|move|p1a: Gliscor|Facade|p2a: Queen Boron
|-damage|p2a: Queen Boron|0 fnt
|faint|p2a: Queen Boron
|
|-heal|p1a: Gliscor|94/100 tox|[from] ability: Poison Heal
|upkeep
|-message|Chaincrush forfeited.
|
|win|Pearl Loose
|raw|Pearl Loose's rating: 1316 &rarr; <strong>1335</strong><br />(+19 for winning)
|raw|Chaincrush's rating: 1297 &rarr; <strong>1273</strong><br />(-24 for losing)
|l|☆Chaincrush
|player|p2|
|l|☆Pearl Loose
|player|p1|
