|html|<div class="broadcast-blue"><strong>[Gen 9] OU is currently suspecting Tera Blast! For information on how to participate check out the <a href="https://www.smogon.com/tools/suspects/view/200">suspect thread</a>.</strong></div>
|j|☆koreanbreakfast
|j|☆alttesting124n
|t:|1776051905
|gametype|singles
|player|p1|koreanbreakfast|wallace|1354
|player|p2|alttesting124n|266|1381
|gen|9
|tier|[Gen 9] OU
|rated|
|rule|HP Percentage Mod: HP is shown in percentages
|rule|Endless Battle Clause: Forcing endless battles is banned
|rule|Species Clause: Limit one of each Pokémon
|rule|OHKO Clause: OHKO moves are banned
|rule|Evasion Items Clause: Evasion items are banned
|rule|Evasion Moves Clause: Evasion moves are banned
|rule|Evasion Abilities Clause: Evasion abilities are banned
|rule|Sleep Moves Clause: Sleep-inducing moves are banned
|clearpoke
|poke|p1|Primarina, M|
|poke|p1|Great Tusk|
|poke|p1|Kingambit, M|
|poke|p1|Slowking-Galar, M|
|poke|p1|Ogerpon, F|
|poke|p1|Enamorus, F|
|poke|p2|Rillaboom, F|
|poke|p2|Landorus-Therian, M|
|poke|p2|Slither Wing|
|poke|p2|Heatran, F|
|poke|p2|Great Tusk|
|poke|p2|Weezing-Galar, F|
|teampreview
|inactive|Battle timer is ON: inactive players will automatically lose when time's up. (requested by alttesting124n)
|
|t:|1776051916
|teamsize|p1|6
|teamsize|p2|6
|start
|switch|p1a: Ogerpon|Ogerpon, F|100/100
|switch|p2a: Rillaboom|Rillaboom, F, shiny|100/100
|-fieldstart|move: Grassy Terrain|[from] ability: Grassy Surge|[of] p2a: Rillaboom
|turn|1
|
|t:|1776051923
|switch|p2a: Slither Wing|Slither Wing|100/100
|move|p1a: Ogerpon|U-turn|p2a: Slither Wing
|-resisted|p2a: Slither Wing
|-damage|p2a: Slither Wing|82/100
|
|t:|1776051943
|switch|p1a: Primarina|Primarina, M, shiny|100/100|[from] U-turn
|
|-heal|p2a: Slither Wing|88/100|[from] Grassy Terrain
|upkeep
|turn|2
|
|t:|1776051946
|move|p1a: Primarina|Moonblast|p2a: Slither Wing
|-supereffective|p2a: Slither Wing
|-damage|p2a: Slither Wing|8/100
|move|p2a: Slither Wing|Will-O-Wisp|p1a: Primarina
|-status|p1a: Primarina|brn
|
|-heal|p2a: Slither Wing|14/100|[from] Grassy Terrain
|-damage|p1a: Primarina|95/100 brn|[from] brn
|upkeep
|turn|3
|
|t:|1776051952
|-end|p2a: Slither Wing|Protosynthesis|[silent]
|switch|p2a: Heatran|Heatran, F|100/100
|move|p1a: Primarina|Psychic Noise|p2a: Heatran
|-supereffective|p2a: Heatran
|-damage|p2a: Heatran|52/100
|-start|p2a: Heatran|move: Heal Block
|
|-heal|p1a: Primarina|100/100 brn|[from] Grassy Terrain
|-damage|p1a: Primarina|95/100 brn|[from] brn
|upkeep
|turn|4
|
|t:|1776051958
|move|p2a: Heatran|Protect|p2a: Heatran
|-singleturn|p2a: Heatran|Protect
|move|p1a: Primarina|Psychic Noise|p2a: Heatran
|-activate|p2a: Heatran|move: Protect
|
|-heal|p1a: Primarina|100/100 brn|[from] Grassy Terrain
|-damage|p1a: Primarina|95/100 brn|[from] brn
|-end|p2a: Heatran|move: Heal Block
|upkeep
|turn|5
|
|t:|1776051962
|switch|p2a: Rillaboom|Rillaboom, F, shiny|100/100
|move|p1a: Primarina|Psychic Noise|p2a: Rillaboom
|-resisted|p2a: Rillaboom
|-damage|p2a: Rillaboom|75/100
|-start|p2a: Rillaboom|move: Heal Block
|
|-heal|p1a: Primarina|100/100 brn|[from] Grassy Terrain
|-damage|p1a: Primarina|95/100 brn|[from] brn
|-fieldend|move: Grassy Terrain
|upkeep
|turn|6
|
|t:|1776051976
|switch|p1a: Kingambit|Kingambit, M, shiny|100/100
|move|p2a: Rillaboom|Wood Hammer|p1a: Kingambit
|-resisted|p1a: Kingambit
|-damage|p1a: Kingambit|66/100
|-damage|p2a: Rillaboom|64/100|[from] Recoil
|
|-heal|p1a: Kingambit|72/100|[from] item: Leftovers
|-end|p2a: Rillaboom|move: Heal Block
|upkeep
|turn|7
|
|t:|1776051984
|switch|p2a: Landorus|Landorus-Therian, M|100/100
|-ability|p2a: Landorus|Intimidate|boost
|-unboost|p1a: Kingambit|atk|1
|move|p1a: Kingambit|Kowtow Cleave|p2a: Landorus
|-damage|p2a: Landorus|67/100
|-damage|p1a: Kingambit|56/100|[from] item: Rocky Helmet|[of] p2a: Landorus
|
|-heal|p1a: Kingambit|62/100|[from] item: Leftovers
|upkeep
|turn|8
|
|t:|1776051999
|-end|p1a: Kingambit|fallenundefined|[silent]
|switch|p1a: Enamorus|Enamorus, F, shiny|100/100
|move|p2a: Landorus|U-turn|p1a: Enamorus
|-resisted|p1a: Enamorus
|-damage|p1a: Enamorus|93/100
|
|t:|1776052005
|switch|p2a: Heatran|Heatran, F|52/100|[from] U-turn
|
|-heal|p2a: Heatran|58/100|[from] item: Leftovers
|upkeep
|turn|9
|
|t:|1776052008
|move|p2a: Heatran|Protect|p2a: Heatran
|-singleturn|p2a: Heatran|Protect
|move|p1a: Enamorus|Earth Power|p2a: Heatran
|-activate|p2a: Heatran|move: Protect
|
|-heal|p2a: Heatran|64/100|[from] item: Leftovers
|upkeep
|turn|10
|
|t:|1776052015
|switch|p1a: Ogerpon|Ogerpon, F|100/100
|switch|p2a: Landorus|Landorus-Therian, M|67/100
|-ability|p2a: Landorus|Intimidate|boost
|-unboost|p1a: Ogerpon|atk|1
|-ability|p1a: Ogerpon|Defiant|boost
|-boost|p1a: Ogerpon|atk|2
|
|upkeep
|turn|11
|
|t:|1776052026
|switch|p2a: Heatran|Heatran, F|64/100
|-terastallize|p1a: Ogerpon|Grass
|detailschange|p1a: Ogerpon|Ogerpon-Teal-Tera, F, tera:Grass
|-ability|p1a: Ogerpon|Embody Aspect (Teal)|boost
|-boost|p1a: Ogerpon|spe|1
|move|p1a: Ogerpon|Knock Off|p2a: Heatran
|-damage|p2a: Heatran|2/100
|-enditem|p2a: Heatran|Leftovers|[from] move: Knock Off|[of] p1a: Ogerpon
|
|upkeep
|turn|12
|
|t:|1776052037
|switch|p2a: Weezing|Weezing-Galar, F, shiny|100/100
|-ability|p2a: Weezing|Neutralizing Gas
|move|p1a: Ogerpon|Knock Off|p2a: Weezing
|-resisted|p2a: Weezing
|-damage|p2a: Weezing|79/100
|-enditem|p2a: Weezing|Leftovers|[from] move: Knock Off|[of] p1a: Ogerpon
|
|upkeep
|turn|13
|
|t:|1776052043
|switch|p1a: Slowking|Slowking-Galar, M, shiny|100/100
|move|p2a: Weezing|Will-O-Wisp|p1a: Slowking
|-status|p1a: Slowking|brn
|
|-damage|p1a: Slowking|94/100 brn|[from] brn
|upkeep
|turn|14
|
|t:|1776052047
|-end|p2a: Weezing|ability: Neutralizing Gas
|switch|p2a: Heatran|Heatran, F|2/100
|move|p1a: Slowking|Psychic Noise|p2a: Heatran
|-resisted|p2a: Heatran
|-damage|p2a: Heatran|0 fnt
|faint|p2a: Heatran
|
|-damage|p1a: Slowking|88/100 brn|[from] brn
|upkeep
|
|t:|1776052051
|switch|p2a: Rillaboom|Rillaboom, F, shiny|64/100
|-fieldstart|move: Grassy Terrain|[from] ability: Grassy Surge|[of] p2a: Rillaboom
|turn|15
|
|t:|1776052054
|-terastallize|p2a: Rillaboom|Grass
|move|p2a: Rillaboom|Wood Hammer|p1a: Slowking
|-resisted|p1a: Slowking
|-damage|p1a: Slowking|21/100 brn
|-damage|p2a: Rillaboom|41/100|[from] Recoil
|move|p1a: Slowking|Sludge Bomb|p2a: Rillaboom
|-supereffective|p2a: Rillaboom
|-damage|p2a: Rillaboom|0 fnt
|faint|p2a: Rillaboom
|
|-heal|p1a: Slowking|27/100 brn|[from] Grassy Terrain
|-damage|p1a: Slowking|21/100 brn|[from] brn
|upkeep
|-message|alttesting124n forfeited.
|
|win|koreanbreakfast
|raw|koreanbreakfast's rating: 1354 &rarr; <strong>1376</strong><br />(+22 for winning)
|raw|alttesting124n's rating: 1381 &rarr; <strong>1359</strong><br />(-22 for losing)
|l|☆alttesting124n
|player|p2|
