|html|<div class="broadcast-blue"><strong>[Gen 9] OU is currently suspecting Tera Blast! For information on how to participate check out the <a href="https://www.smogon.com/tools/suspects/view/200">suspect thread</a>.</strong></div>
|j|☆Orepharus
|j|☆zrude
|t:|1776193928
|gametype|singles
|player|p1|Orepharus|266|1163
|player|p2|zrude|brock|1121
|gen|9
|tier|[Gen 9] OU
|rated|
|rule|HP Percentage Mod: HP is shown in percentages
|rule|Endless Battle Clause: Forcing endless battles is banned
|rule|Species Clause: Limit one of each Pokémon
|rule|OHKO Clause: OHKO moves are banned
|rule|Evasion Items Clause: Evasion items are banned
|rule|Evasion Moves Clause: Evasion moves are banned
|rule|Evasion Abilities Clause: Evasion abilities are banned
|rule|Sleep Moves Clause: Sleep-inducing moves are banned
|clearpoke
|poke|p1|Zapdos|
|poke|p1|Pelipper, M|
|poke|p1|Barraskewda, M|
|poke|p1|Lilligant-Hisui, F|
|poke|p1|Landorus-Therian, M|
|poke|p1|Dragapult, F|
|poke|p2|Garchomp, M|
|poke|p2|Gardevoir, M|
|poke|p2|Corviknight, M|
|poke|p2|Rotom-Wash|
|poke|p2|Kingambit, M|
|poke|p2|Toxapex, M|
|teampreview
|inactive|Battle timer is ON: inactive players will automatically lose when time's up. (requested by Orepharus)
|
|t:|1776193950
|teamsize|p1|6
|teamsize|p2|6
|start
|switch|p1a: Landorus|Landorus-Therian, M|100/100
|switch|p2a: Garchomp|Garchomp, M|100/100
|-ability|p1a: Landorus|Intimidate|boost
|-unboost|p2a: Garchomp|atk|1
|turn|1
|
|t:|1776193961
|move|p2a: Garchomp|Swords Dance|p2a: Garchomp
|-boost|p2a: Garchomp|atk|2
|move|p1a: Landorus|Stealth Rock|p2a: Garchomp
|-sidestart|p2: zrude|move: Stealth Rock
|
|upkeep
|turn|2
|
|t:|1776193968
|move|p2a: Garchomp|Stone Edge|p1a: Landorus
|-damage|p1a: Landorus|36/100
|-damage|p2a: Garchomp|91/100|[from] item: Life Orb
|move|p1a: Landorus|U-turn|p2a: Garchomp
|-damage|p2a: Garchomp|69/100
|-damage|p1a: Landorus|23/100|[from] ability: Rough Skin|[of] p2a: Garchomp
|
|t:|1776193972
|switch|p1a: Barraskewda|Barraskewda, M|100/100|[from] U-turn
|
|upkeep
|turn|3
|
|t:|1776193979
|switch|p2a: Rotom|Rotom-Wash|100/100
|-damage|p2a: Rotom|88/100|[from] Stealth Rock
|move|p1a: Barraskewda|Flip Turn|p2a: Rotom
|-resisted|p2a: Rotom
|-damage|p2a: Rotom|64/100
|
|t:|1776193984
|switch|p1a: Dragapult|Dragapult, F|100/100|[from] Flip Turn
|
|-heal|p2a: Rotom|71/100|[from] item: Leftovers
|upkeep
|turn|4
|
|t:|1776193997
|move|p1a: Dragapult|Shadow Ball|p2a: Rotom
|-damage|p2a: Rotom|16/100
|move|p2a: Rotom|Volt Switch|p1a: Dragapult
|-resisted|p1a: Dragapult
|-crit|p1a: Dragapult
|-damage|p1a: Dragapult|77/100
|
|t:|1776194007
|switch|p2a: Gardevoir|Gardevoir, M|100/100|[from] Volt Switch
|-damage|p2a: Gardevoir|88/100|[from] Stealth Rock
|-ability|p2a: Gardevoir|Clear Body|Trace|[from] ability: Trace|[of] p1a: Dragapult
|
|upkeep
|turn|5
|
|t:|1776194015
|switch|p2a: Toxapex|Toxapex, M|100/100
|-damage|p2a: Toxapex|88/100|[from] Stealth Rock
|move|p1a: Dragapult|Shadow Ball|p2a: Toxapex
|-damage|p2a: Toxapex|45/100
|
|-heal|p2a: Toxapex|51/100|[from] item: Black Sludge
|upkeep
|turn|6
|
|t:|1776194038
|switch|p1a: Pelipper|Pelipper, M|100/100
|-weather|RainDance|[from] ability: Drizzle|[of] p1a: Pelipper
|move|p2a: Toxapex|Toxic|p1a: Pelipper
|-status|p1a: Pelipper|tox
|
|-weather|RainDance|[upkeep]
|-heal|p2a: Toxapex|58/100|[from] item: Black Sludge
|-damage|p1a: Pelipper|94/100 tox|[from] psn
|upkeep
|turn|7
|inactive|zrude has 120 seconds left.
|
|t:|1776194068
|switch|p2a: Corviknight|Corviknight, M|100/100
|-damage|p2a: Corviknight|88/100|[from] Stealth Rock
|-ability|p2a: Corviknight|Pressure
|move|p1a: Pelipper|U-turn|p2a: Corviknight
|-resisted|p2a: Corviknight
|-damage|p2a: Corviknight|87/100
|
|t:|1776194073
|switch|p1a: Zapdos|Zapdos|100/100|[from] U-turn
|
|-weather|RainDance|[upkeep]
|-heal|p2a: Corviknight|93/100|[from] item: Leftovers
|upkeep
|turn|8
|
|t:|1776194083
|switch|p2a: Garchomp|Garchomp, M|69/100
|-damage|p2a: Garchomp|63/100|[from] Stealth Rock
|move|p1a: Zapdos|Weather Ball|p2a: Garchomp
|-damage|p2a: Garchomp|0 fnt
|faint|p2a: Garchomp
|-damage|p1a: Zapdos|91/100|[from] item: Life Orb
|
|-weather|RainDance|[upkeep]
|upkeep
|inactive|zrude has 120 seconds left.
|
|t:|1776194107
|switch|p2a: Rotom|Rotom-Wash|16/100
|-damage|p2a: Rotom|3/100|[from] Stealth Rock
|turn|9
|
|t:|1776194118
|move|p1a: Zapdos|Weather Ball|p2a: Rotom
|-resisted|p2a: Rotom
|-damage|p2a: Rotom|0 fnt
|faint|p2a: Rotom
|-damage|p1a: Zapdos|81/100|[from] item: Life Orb
|
|-weather|RainDance|[upkeep]
|upkeep
|
|t:|1776194135
|switch|p2a: Toxapex|Toxapex, M|91/100
|-damage|p2a: Toxapex|78/100|[from] Stealth Rock
|turn|10
|
|t:|1776194139
|move|p1a: Zapdos|Thunder|p2a: Toxapex
|-supereffective|p2a: Toxapex
|-damage|p2a: Toxapex|0 fnt
|faint|p2a: Toxapex
|-damage|p1a: Zapdos|71/100|[from] item: Life Orb
|
|-weather|RainDance|[upkeep]
|upkeep
|
|t:|1776194149
|switch|p2a: Corviknight|Corviknight, M|93/100
|-damage|p2a: Corviknight|80/100|[from] Stealth Rock
|-ability|p2a: Corviknight|Pressure
|turn|11
|
|t:|1776194157
|move|p1a: Zapdos|Thunder|p2a: Corviknight
|-supereffective|p2a: Corviknight
|-damage|p2a: Corviknight|0 fnt
|faint|p2a: Corviknight
|-damage|p1a: Zapdos|61/100|[from] item: Life Orb
|
|-weather|RainDance|[upkeep]
|upkeep
|
|t:|1776194166
|switch|p2a: Kingambit|Kingambit, M|100/100
|-damage|p2a: Kingambit|94/100|[from] Stealth Rock
|-activate|p2a: Kingambit|ability: Supreme Overlord
|-start|p2a: Kingambit|fallen4|[silent]
|turn|12
|inactive|zrude has 120 seconds left.
|
|t:|1776194175
|move|p1a: Zapdos|Thunder|p2a: Kingambit
|-damage|p2a: Kingambit|22/100
|-damage|p1a: Zapdos|51/100|[from] item: Life Orb
|move|p2a: Kingambit|Kowtow Cleave|p1a: Zapdos
|-damage|p1a: Zapdos|0 fnt
|-status|p2a: Kingambit|par|[from] ability: Static|[of] p1a: Zapdos
|faint|p1a: Zapdos
|
|-weather|RainDance|[upkeep]
|upkeep
|
|t:|1776194188
|switch|p1a: Landorus|Landorus-Therian, M|23/100
|-ability|p1a: Landorus|Intimidate|boost
|-unboost|p2a: Kingambit|atk|1
|turn|13
|
|t:|1776194193
|cant|p2a: Kingambit|par
|move|p1a: Landorus|Earthquake|p2a: Kingambit
|-supereffective|p2a: Kingambit
|-damage|p2a: Kingambit|0 fnt
|faint|p2a: Kingambit
|-end|p2a: Kingambit|fallen4|[silent]
|
|-weather|none
|upkeep
|
|t:|1776194201
|switch|p2a: Gardevoir|Gardevoir, M|88/100
|-damage|p2a: Gardevoir|76/100|[from] Stealth Rock
|-ability|p2a: Gardevoir|Intimidate|Trace|[from] ability: Trace|[of] p1a: Landorus
|-ability|p2a: Gardevoir|Intimidate|boost
|-unboost|p1a: Landorus|atk|1
|turn|14
|
|t:|1776194211
|move|p1a: Landorus|Taunt|p2a: Gardevoir
|-start|p2a: Gardevoir|move: Taunt
|move|p2a: Gardevoir|Moonblast|p1a: Landorus
|-damage|p1a: Landorus|0 fnt
|faint|p1a: Landorus
|
|upkeep
|
|t:|1776194216
|switch|p1a: Dragapult|Dragapult, F|77/100
|turn|15
|
|t:|1776194221
|move|p1a: Dragapult|Shadow Ball|p2a: Gardevoir
|-supereffective|p2a: Gardevoir
|-damage|p2a: Gardevoir|0 fnt
|faint|p2a: Gardevoir
|
|win|Orepharus
|raw|Orepharus's rating: 1163 &rarr; <strong>1185</strong><br />(+22 for winning)
|raw|zrude's rating: 1121 &rarr; <strong>1099</strong><br />(-22 for losing)
