|html|<div class="broadcast-blue"><strong>[Gen 9] OU is currently suspecting Tera Blast! For information on how to participate check out the <a href="https://www.smogon.com/tools/suspects/view/200">suspect thread</a>.</strong></div>
|j|☆Akinlele
|j|☆Realrap55
|t:|1776041886
|gametype|singles
|player|p1|Akinlele|rocketgrunt|1353
|player|p2|Realrap55|rocketgrunt|1359
|gen|9
|tier|[Gen 9] OU
|rated|
|rule|HP Percentage Mod: HP is shown in percentages
|rule|Endless Battle Clause: Forcing endless battles is banned
|rule|Species Clause: Limit one of each Pokémon
|rule|OHKO Clause: OHKO moves are banned
|rule|Evasion Items Clause: Evasion items are banned
|rule|Evasion Moves Clause: Evasion moves are banned
|rule|Evasion Abilities Clause: Evasion abilities are banned
|rule|Sleep Moves Clause: Sleep-inducing moves are banned
|clearpoke
|poke|p1|Salamence, M|
|poke|p1|Klefki, F|
|poke|p1|Cyclizar, M|
|poke|p1|Ogerpon-Wellspring, F|
|poke|p1|Arcanine-Hisui, F|
|poke|p1|Sinistcha|
|poke|p2|Iron Moth|
|poke|p2|Slowking, F|
|poke|p2|Garchomp, F|
|poke|p2|Glimmora, F|
|poke|p2|Gholdengo|
|poke|p2|Dragonite, F|
|teampreview
|inactive|Battle timer is ON: inactive players will automatically lose when time's up. (requested by Realrap55)
|inactive|Realrap55 has 120 seconds left.
|inactive|Realrap55 has 90 seconds left.
|
|t:|1776041951
|teamsize|p1|6
|teamsize|p2|6
|start
|switch|p1a: pancake|Klefki, F, shiny|100/100
|switch|p2a: Glimmora|Glimmora, F|100/100
|turn|1
|
|t:|1776041959
|move|p1a: pancake|Reflect|p1a: pancake
|-sidestart|p1: Akinlele|Reflect
|move|p2a: Glimmora|Earth Power|p1a: pancake
|-supereffective|p1a: pancake
|-damage|p1a: pancake|46/100
|
|upkeep
|turn|2
|
|t:|1776041969
|move|p1a: pancake|Light Screen|p1a: pancake
|-sidestart|p1: Akinlele|move: Light Screen
|move|p2a: Glimmora|Earth Power|p1a: pancake
|-supereffective|p1a: pancake
|-damage|p1a: pancake|20/100
|
|upkeep
|turn|3
|
|t:|1776041974
|switch|p1a: Big D|Salamence, M, shiny|100/100
|move|p2a: Glimmora|Stealth Rock|p1a: Big D
|-sidestart|p1: Akinlele|move: Stealth Rock
|
|upkeep
|turn|4
|
|t:|1776041981
|move|p1a: Big D|Dragon Dance|p1a: Big D
|-boost|p1a: Big D|atk|1
|-boost|p1a: Big D|spe|1
|move|p2a: Glimmora|Mortal Spin|p1a: Big D
|-damage|p1a: Big D|97/100
|-status|p1a: Big D|psn
|
|-damage|p1a: Big D|84/100 psn|[from] psn
|upkeep
|turn|5
|inactive|Realrap55 has 120 seconds left.
|
|t:|1776042014
|switch|p2a: Dragonite|Dragonite, F|100/100
|move|p1a: Big D|Earthquake|p2a: Dragonite
|-immune|p2a: Dragonite
|
|-damage|p1a: Big D|72/100 psn|[from] psn
|upkeep
|turn|6
|
|t:|1776042023
|switch|p1a: Bark|Arcanine-Hisui, F, shiny|100/100
|-damage|p1a: Bark|76/100|[from] Stealth Rock
|move|p2a: Dragonite|Ice Spinner|p1a: Bark
|-resisted|p1a: Bark
|-damage|p1a: Bark|66/100
|
|upkeep
|turn|7
|j| North Ryder
|inactive|Realrap55 has 120 seconds left.
|
|t:|1776042041
|switch|p2a: Glimmora|Glimmora, F|100/100
|move|p1a: Bark|Head Smash|p2a: Glimmora
|-enditem|p2a: Glimmora|Focus Sash
|-damage|p2a: Glimmora|1/100
|-activate|p2a: Glimmora|ability: Toxic Debris
|-sidestart|p1: Akinlele|move: Toxic Spikes
|
|upkeep
|turn|8
|inactive|Realrap55 has 120 seconds left.
|
|t:|1776042071
|switch|p1a: Small D|Cyclizar, M, shiny|100/100
|move|p2a: Glimmora|Earth Power|p1a: Small D
|-damage|p1a: Small D|79/100
|-unboost|p1a: Small D|spd|1
|
|-sideend|p1: Akinlele|Reflect
|upkeep
|turn|9
|inactive|Realrap55 has 90 seconds left.
|
|t:|1776042098
|switch|p2a: Slowking|Slowking, F|100/100
|move|p1a: Small D|Rapid Spin|p2a: Slowking
|-damage|p2a: Slowking|84/100
|-boost|p1a: Small D|spe|1
|-sideend|p1: Akinlele|Toxic Spikes|[from] move: Rapid Spin|[of] p1a: Small D
|-sideend|p1: Akinlele|Stealth Rock|[from] move: Rapid Spin|[of] p1a: Small D
|
|-sideend|p1: Akinlele|move: Light Screen
|upkeep
|turn|10
|inactive|Realrap55 has 90 seconds left.
|
|t:|1776042108
|move|p1a: Small D|U-turn|p2a: Slowking
|-supereffective|p2a: Slowking
|-crit|p2a: Slowking
|-damage|p2a: Slowking|43/100
|
|t:|1776042111
|switch|p1a: Ogerpon|Ogerpon-Wellspring, F|100/100|[from] U-turn
|move|p2a: Slowking|Future Sight|p1a: Ogerpon
|-start|p2a: Slowking|move: Future Sight
|
|upkeep
|turn|11
|inactive|Realrap55 has 90 seconds left.
|
|t:|1776042127
|switch|p1a: pancake|Klefki, F, shiny|20/100
|switch|p2a: Dragonite|Dragonite, F|100/100
|
|upkeep
|turn|12
|inactive|Realrap55 has 90 seconds left.
|
|t:|1776042146
|move|p1a: pancake|Reflect|p1a: pancake
|-sidestart|p1: Akinlele|Reflect
|move|p2a: Dragonite|Earthquake|p1a: pancake
|-supereffective|p1a: pancake
|-damage|p1a: pancake|0 fnt
|faint|p1a: pancake
|
|-hint|Future Sight did not hit because the target is fainted.
|upkeep
|
|t:|1776042153
|switch|p1a: Bark|Arcanine-Hisui, F, shiny|66/100
|turn|13
|inactive|Realrap55 has 90 seconds left.
|
|t:|1776042171
|switch|p1a: Ogerpon|Ogerpon-Wellspring, F|100/100
|switch|p2a: Glimmora|Glimmora, F|1/100
|
|upkeep
|turn|14
|inactive|Realrap55 has 90 seconds left.
|
|t:|1776042182
|move|p1a: Ogerpon|Ivy Cudgel|p2a: Glimmora|[anim] Ivy Cudgel Water
|-supereffective|p2a: Glimmora
|-crit|p2a: Glimmora
|-damage|p2a: Glimmora|0 fnt
|-activate|p2a: Glimmora|ability: Toxic Debris
|-sidestart|p1: Akinlele|move: Toxic Spikes
|faint|p2a: Glimmora
|
|upkeep
|
|t:|1776042188
|switch|p2a: Dragonite|Dragonite, F|100/100
|turn|15
|inactive|Realrap55 has 90 seconds left.
|
|t:|1776042205
|move|p1a: Ogerpon|Swords Dance|p1a: Ogerpon
|-boost|p1a: Ogerpon|atk|2
|move|p2a: Dragonite|Earthquake|p1a: Ogerpon
|-resisted|p1a: Ogerpon
|-damage|p1a: Ogerpon|87/100
|
|upkeep
|turn|16
|
|t:|1776042215
|-terastallize|p1a: Ogerpon|Water
|detailschange|p1a: Ogerpon|Ogerpon-Wellspring-Tera, F, tera:Water
|-ability|p1a: Ogerpon|Embody Aspect (Wellspring)|boost
|-boost|p1a: Ogerpon|spd|1
|move|p1a: Ogerpon|Ivy Cudgel|p2a: Dragonite|[anim] Ivy Cudgel Water
|-resisted|p2a: Dragonite
|-crit|p2a: Dragonite
|-damage|p2a: Dragonite|36/100
|move|p2a: Dragonite|Dragon Dance|p2a: Dragonite
|-boost|p2a: Dragonite|atk|1
|-boost|p2a: Dragonite|spe|1
|
|upkeep
|turn|17
|inactive|Realrap55 has 90 seconds left.
|
|t:|1776042252
|switch|p2a: Slowking|Slowking, F|76/100
|move|p1a: Ogerpon|Knock Off|p2a: Slowking
|-supereffective|p2a: Slowking
|-damage|p2a: Slowking|0 fnt
|-enditem|p2a: Slowking|Assault Vest|[from] move: Knock Off|[of] p1a: Ogerpon
|faint|p2a: Slowking
|
|upkeep
|inactive|Realrap55 has 60 seconds left.
|
|t:|1776042270
|switch|p2a: Garchomp|Garchomp, F|100/100
|turn|18
|
|t:|1776042280
|-terastallize|p2a: Garchomp|Electric
|move|p1a: Ogerpon|Ivy Cudgel|p2a: Garchomp|[anim] Ivy Cudgel Water
|-damage|p2a: Garchomp|0 fnt
|faint|p2a: Garchomp
|
|upkeep
|inactive|Realrap55 has 60 seconds left.
|
|t:|1776042291
|switch|p2a: Iron Moth|Iron Moth|100/100
|-enditem|p2a: Iron Moth|Booster Energy
|-activate|p2a: Iron Moth|ability: Quark Drive|[fromitem]
|-start|p2a: Iron Moth|quarkdrivespe
|turn|19
|c|☆Akinlele|:0
|
|t:|1776042303
|move|p2a: Iron Moth|Energy Ball|p1a: Ogerpon
|-supereffective|p1a: Ogerpon
|-damage|p1a: Ogerpon|39/100
|move|p1a: Ogerpon|Ivy Cudgel|p2a: Iron Moth|[anim] Ivy Cudgel Water
|-supereffective|p2a: Iron Moth
|-damage|p2a: Iron Moth|0 fnt
|faint|p2a: Iron Moth
|-end|p2a: Iron Moth|Quark Drive|[silent]
|
|-sideend|p1: Akinlele|Reflect
|upkeep
|
|t:|1776042309
|switch|p2a: Dragonite|Dragonite, F|36/100
|turn|20
|
|t:|1776042312
|move|p2a: Dragonite|Extreme Speed|p1a: Ogerpon
|-damage|p1a: Ogerpon|0 fnt
|faint|p1a: Ogerpon
|detailschange|p1: Ogerpon|Ogerpon-Wellspring, F|[silent]
|
|upkeep
|
|t:|1776042318
|switch|p1a: Bark|Arcanine-Hisui, F, shiny|66/100
|-status|p1a: Bark|psn
|turn|21
|
|t:|1776042328
|move|p1a: Bark|Flare Blitz|p2a: Dragonite
|-resisted|p2a: Dragonite
|-damage|p2a: Dragonite|0 fnt
|faint|p2a: Dragonite
|
|-damage|p1a: Bark|54/100 psn|[from] psn
|upkeep
|
|t:|1776042332
|switch|p2a: Gholdengo|Gholdengo|100/100
|turn|22
|c|☆Akinlele|gg
|
|t:|1776042338
|move|p2a: Gholdengo|Shadow Ball|p1a: Bark
|-damage|p1a: Bark|0 fnt
|faint|p1a: Bark
|
|upkeep
|
|t:|1776042345
|switch|p1a: Big D|Salamence, M, shiny|72/100 psn
|turn|23
|
|t:|1776042348
|move|p2a: Gholdengo|Shadow Ball|p1a: Big D
|-damage|p1a: Big D|18/100 psn
|move|p1a: Big D|Temper Flare|p2a: Gholdengo
|-supereffective|p2a: Gholdengo
|-damage|p2a: Gholdengo|41/100
|
|-damage|p1a: Big D|5/100 psn|[from] psn
|upkeep
|turn|24
|
|t:|1776042357
|move|p2a: Gholdengo|Shadow Ball|p1a: Big D
|-damage|p1a: Big D|0 fnt
|faint|p1a: Big D
|
|upkeep
|
|t:|1776042360
|switch|p1a: Small D|Cyclizar, M, shiny|100/100
|turn|25
|
|t:|1776042363
|move|p2a: Gholdengo|Shadow Ball|p1a: Small D
|-immune|p1a: Small D
|move|p1a: Small D|Knock Off|p2a: Gholdengo
|-supereffective|p2a: Gholdengo
|-damage|p2a: Gholdengo|0 fnt
|-enditem|p2a: Gholdengo|Choice Scarf|[from] move: Knock Off|[of] p1a: Small D
|faint|p2a: Gholdengo
|
|win|Akinlele
|raw|Akinlele's rating: 1353 &rarr; <strong>1373</strong><br />(+20 for winning)
|raw|Realrap55's rating: 1359 &rarr; <strong>1339</strong><br />(-20 for losing)
|l|☆Realrap55
|player|p2|
|l|☆Akinlele
|player|p1|
|l| North Ryder
