|html|<div class="broadcast-blue"><strong>[Gen 9] OU is currently suspecting Volcarona! For information on how to participate check out the <a href="https://www.smogon.com/tools/suspects/view/208">suspect thread</a>.</strong></div>
|j|☆baakrisht
|j|☆bamzilla12
|t:|1778501930
|gametype|singles
|player|p1|baakrisht|169|1215
|player|p2|bamzilla12|lucas-gen4pt|1208
|gen|9
|tier|[Gen 9] OU
|rated|
|rule|HP Percentage Mod: HP is shown in percentages
|rule|Endless Battle Clause: Forcing endless battles is banned
|rule|Species Clause: Limit one of each Pokémon
|rule|OHKO Clause: OHKO moves are banned
|rule|Evasion Items Clause: Evasion items are banned
|rule|Evasion Moves Clause: Evasion moves are banned
|rule|Evasion Abilities Clause: Evasion abilities are banned
|rule|Sleep Moves Clause: Sleep-inducing moves are banned
|clearpoke
|poke|p1|Espeon, F|
|poke|p1|Goodra, F|
|poke|p1|Weezing-Galar, F|
|poke|p1|Orthworm, F|
|poke|p1|Suicune|
|poke|p1|Munkidori, M|
|poke|p2|Muk-Alola, M|
|poke|p2|Ogerpon-Wellspring, F|
|poke|p2|Zapdos|
|poke|p2|Goodra-Hisui, M|
|poke|p2|Garchomp, M|
|poke|p2|Enamorus, F|
|teampreview
|
|t:|1778501948
|teamsize|p1|6
|teamsize|p2|6
|start
|switch|p1a: Suicune|Suicune|100/100
|switch|p2a: Garchomp|Garchomp, M|100/100
|-ability|p1a: Suicune|Pressure
|turn|1
|
|t:|1778501973
|switch|p2a: Zapdos|Zapdos|100/100
|switch|p1a: बिलाई मौसी|Espeon, F|100/100
|
|upkeep
|turn|2
|
|t:|1778501986
|move|p1a: बिलाई मौसी|Trick|p2a: Zapdos
|-activate|p1a: बिलाई मौसी|move: Trick|[of] p2a: Zapdos
|-item|p2a: Zapdos|Choice Scarf|[from] move: Trick
|-item|p1a: बिलाई मौसी|Rocky Helmet|[from] move: Trick
|move|p2a: Zapdos|Thunder|p1a: बिलाई मौसी
|-damage|p1a: बिलाई मौसी|50/100
|-status|p1a: बिलाई मौसी|par
|
|upkeep
|turn|3
|
|t:|1778501993
|switch|p1a: लसलस|Goodra, F|100/100
|move|p2a: Zapdos|Thunder|p1a: लसलस
|-resisted|p1a: लसलस
|-damage|p1a: लसलस|83/100
|-status|p1a: लसलस|par
|
|upkeep
|turn|4
|
|t:|1778502002
|switch|p2a: Enamorus|Enamorus, F|100/100
|move|p1a: लसलस|Rain Dance|p1a: लसलस
|-weather|RainDance
|
|-weather|RainDance|[upkeep]
|-activate|p1a: लसलस|ability: Hydration
|-curestatus|p1a: लसलस|par|[msg]
|upkeep
|turn|5
|
|t:|1778502013
|switch|p1a: Munkidori|Munkidori, M|100/100
|move|p2a: Enamorus|Moonblast|p1a: Munkidori
|-resisted|p1a: Munkidori
|-damage|p1a: Munkidori|83/100
|
|-weather|RainDance|[upkeep]
|-heal|p1a: Munkidori|89/100|[from] item: Black Sludge
|upkeep
|turn|6
|
|t:|1778502020
|switch|p2a: Goodra|Goodra-Hisui, M|100/100
|move|p1a: Munkidori|Trick|p2a: Goodra
|-activate|p1a: Munkidori|move: Trick|[of] p2a: Goodra
|-item|p2a: Goodra|Black Sludge|[from] move: Trick
|-item|p1a: Munkidori|Red Card|[from] move: Trick
|
|-weather|RainDance|[upkeep]
|-damage|p2a: Goodra|88/100|[from] item: Black Sludge
|upkeep
|turn|7
|
|t:|1778502032
|move|p1a: Munkidori|Parting Shot|p2a: Goodra
|-unboost|p2a: Goodra|atk|1
|-unboost|p2a: Goodra|spa|1
|
|t:|1778502039
|switch|p1a: दील दो 💖|Orthworm, F|100/100|[from] Parting Shot
|move|p2a: Goodra|Thunder|p1a: दील दो 💖
|-damage|p1a: दील दो 💖|62/100
|-status|p1a: दील दो 💖|par
|
|-weather|RainDance|[upkeep]
|-damage|p2a: Goodra|76/100|[from] item: Black Sludge
|-heal|p1a: दील दो 💖|69/100 par|[from] item: Leftovers
|upkeep
|turn|8
|
|t:|1778502053
|switch|p2a: Zapdos|Zapdos|100/100
|move|p1a: दील दो 💖|Body Press|p2a: Zapdos
|-resisted|p2a: Zapdos
|-damage|p2a: Zapdos|83/100
|
|-weather|RainDance|[upkeep]
|-heal|p1a: दील दो 💖|75/100 par|[from] item: Leftovers
|upkeep
|turn|9
|
|t:|1778502061
|switch|p1a: लसलस|Goodra, F|83/100
|move|p2a: Zapdos|Thunder|p1a: लसलस
|-resisted|p1a: लसलस
|-damage|p1a: लसलस|64/100
|-status|p1a: लसलस|par
|
|-weather|RainDance|[upkeep]
|-activate|p1a: लसलस|ability: Hydration
|-curestatus|p1a: लसलस|par|[msg]
|upkeep
|turn|10
|
|t:|1778502068
|move|p2a: Zapdos|Thunder|p1a: लसलस
|-resisted|p1a: लसलस
|-damage|p1a: लसलस|44/100
|move|p1a: लसलस|Thunder|p2a: Zapdos
|-damage|p2a: Zapdos|56/100
|
|-weather|RainDance|[upkeep]
|upkeep
|turn|11
|
|t:|1778502074
|move|p2a: Zapdos|Thunder|p1a: लसलस
|-resisted|p1a: लसलस
|-damage|p1a: लसलस|26/100
|move|p1a: लसलस|Sludge Bomb|p2a: Zapdos
|-damage|p2a: Zapdos|34/100
|-status|p2a: Zapdos|psn
|
|-weather|none
|-damage|p2a: Zapdos|22/100 psn|[from] psn
|upkeep
|turn|12
|
|t:|1778502082
|move|p2a: Zapdos|Thunder|p1a: लसलस|[miss]
|-miss|p2a: Zapdos|p1a: लसलस
|move|p1a: लसलस|Rest|p1a: लसलस
|-status|p1a: लसलस|slp|[from] move: Rest
|-heal|p1a: लसलस|100/100 slp|[silent]
|
|-damage|p2a: Zapdos|10/100 psn|[from] psn
|upkeep
|turn|13
|
|t:|1778502086
|switch|p2a: Enamorus|Enamorus, F|100/100
|cant|p1a: लसलस|slp
|
|upkeep
|turn|14
|
|t:|1778502092
|-terastallize|p1a: लसलस|Poison
|move|p2a: Enamorus|Earth Power|p1a: लसलस
|-supereffective|p1a: लसलस
|-damage|p1a: लसलस|56/100 slp
|-unboost|p1a: लसलस|spd|1
|cant|p1a: लसलस|slp
|
|upkeep
|turn|15
|
|t:|1778502097
|move|p2a: Enamorus|Earth Power|p1a: लसलस
|-supereffective|p1a: लसलस
|-damage|p1a: लसलस|0 fnt
|faint|p1a: लसलस
|
|upkeep
|-message|baakrisht forfeited.
|
|win|bamzilla12
|raw|baakrisht's rating: 1215 &rarr; <strong>1189</strong><br />(-26 for losing)
|raw|bamzilla12's rating: 1208 &rarr; <strong>1234</strong><br />(+26 for winning)
|l|☆baakrisht
|player|p1|
|l|☆bamzilla12
|player|p2|
