|html|<div class="broadcast-blue"><strong>[Gen 9] OU is currently suspecting Tera Blast! For information on how to participate check out the <a href="https://www.smogon.com/tools/suspects/view/200">suspect thread</a>.</strong></div>
|j|☆SenjumaruShigarami
|j|☆tagadatchointchoin
|t:|1776076726
|gametype|singles
|player|p1|SenjumaruShigarami|cynthia-gen4|1174
|player|p2|tagadatchointchoin|170|1157
|gen|9
|tier|[Gen 9] OU
|rated|
|rule|HP Percentage Mod: HP is shown in percentages
|rule|Endless Battle Clause: Forcing endless battles is banned
|rule|Species Clause: Limit one of each Pokémon
|rule|OHKO Clause: OHKO moves are banned
|rule|Evasion Items Clause: Evasion items are banned
|rule|Evasion Moves Clause: Evasion moves are banned
|rule|Evasion Abilities Clause: Evasion abilities are banned
|rule|Sleep Moves Clause: Sleep-inducing moves are banned
|clearpoke
|poke|p1|Arcanine-Hisui, M|
|poke|p1|Rotom-Wash|
|poke|p1|Great Tusk|
|poke|p1|Iron Crown|
|poke|p1|Weezing-Galar, F|
|poke|p1|Dragonite, F|
|poke|p2|Sceptile, M|
|poke|p2|Weezing-Galar, M|
|poke|p2|Hawlucha, M|
|poke|p2|Gholdengo|
|poke|p2|Heatran, M|
|poke|p2|Greninja-*, M|
|teampreview
|
|t:|1776076746
|teamsize|p1|6
|teamsize|p2|6
|start
|switch|p1a: Rotom|Rotom-Wash|100/100
|switch|p2a: Weezing|Weezing-Galar, M|100/100
|-fieldstart|move: Misty Terrain|[from] ability: Misty Surge|[of] p2a: Weezing
|turn|1
|
|t:|1776076754
|move|p1a: Rotom|Will-O-Wisp|p2a: Weezing
|-activate|p2a: Weezing|move: Misty Terrain
|move|p2a: Weezing|Taunt|p1a: Rotom
|-start|p1a: Rotom|move: Taunt
|
|upkeep
|turn|2
|
|t:|1776076766
|switch|p2a: Sceptile|Sceptile, M|100/100
|-enditem|p2a: Sceptile|Misty Seed
|-boost|p2a: Sceptile|spd|1|[from] item: Misty Seed
|move|p1a: Rotom|Hydro Pump|p2a: Sceptile
|-resisted|p2a: Sceptile
|-damage|p2a: Sceptile|82/100
|
|upkeep
|turn|3
|
|t:|1776076775
|switch|p1a: Weezing|Weezing-Galar, F|100/100
|move|p2a: Sceptile|Swords Dance|p2a: Sceptile
|-boost|p2a: Sceptile|atk|2
|
|upkeep
|turn|4
|
|t:|1776076785
|move|p2a: Sceptile|Acrobatics|p1a: Weezing
|-crit|p1a: Weezing
|-damage|p1a: Weezing|40/100
|move|p1a: Weezing|Clear Smog|p2a: Sceptile
|-supereffective|p2a: Sceptile
|-damage|p2a: Sceptile|56/100
|-clearboost|p2a: Sceptile
|
|-heal|p1a: Weezing|46/100|[from] item: Leftovers
|upkeep
|turn|5
|
|t:|1776076796
|move|p1a: Weezing|Protect|p1a: Weezing
|-singleturn|p1a: Weezing|Protect
|move|p2a: Sceptile|Swords Dance|p2a: Sceptile
|-boost|p2a: Sceptile|atk|2
|
|-heal|p1a: Weezing|52/100|[from] item: Leftovers
|upkeep
|turn|6
|
|t:|1776076805
|move|p2a: Sceptile|Acrobatics|p1a: Weezing
|-damage|p1a: Weezing|14/100
|move|p1a: Weezing|Clear Smog|p2a: Sceptile
|-supereffective|p2a: Sceptile
|-damage|p2a: Sceptile|13/100
|-clearboost|p2a: Sceptile
|
|-heal|p1a: Weezing|20/100|[from] item: Leftovers
|upkeep
|turn|7
|
|t:|1776076815
|move|p2a: Sceptile|Acrobatics|p1a: Weezing
|-damage|p1a: Weezing|0 fnt
|faint|p1a: Weezing
|
|upkeep
|inactive|Battle timer is ON: inactive players will automatically lose when time's up. (requested by tagadatchointchoin)
|inactiveoff|Battle timer is now OFF.
|
|t:|1776076852
|switch|p1a: Rotom|Rotom-Wash|100/100
|turn|8
|
|t:|1776076856
|move|p2a: Sceptile|Leaf Blade|p1a: Rotom
|-supereffective|p1a: Rotom
|-damage|p1a: Rotom|15/100
|move|p1a: Rotom|Volt Switch|p2a: Sceptile
|-resisted|p2a: Sceptile
|-damage|p2a: Sceptile|0 fnt
|faint|p2a: Sceptile
|
|t:|1776076869
|switch|p1a: Great Tusk|Great Tusk|100/100|[from] Volt Switch
|
|-fieldend|Misty Terrain
|upkeep
|
|t:|1776076875
|switch|p2a: Greninja|Greninja, M|100/100
|turn|9
|
|t:|1776076880
|move|p2a: Greninja|Surf|p1a: Great Tusk
|-start|p2a: Greninja|typechange|Water|[from] ability: Protean
|-supereffective|p1a: Great Tusk
|-damage|p1a: Great Tusk|0 fnt
|faint|p1a: Great Tusk
|-end|p1a: Great Tusk|Protosynthesis|[silent]
|
|upkeep
|
|t:|1776076886
|switch|p1a: Rotom|Rotom-Wash|15/100
|turn|10
|
|t:|1776076889
|move|p2a: Greninja|Surf|p1a: Rotom
|-resisted|p1a: Rotom
|-damage|p1a: Rotom|0 fnt
|faint|p1a: Rotom
|
|upkeep
|
|t:|1776076895
|switch|p1a: Dragonite|Dragonite, F|100/100
|turn|11
|
|t:|1776076899
|switch|p2a: Weezing|Weezing-Galar, M|100/100
|-fieldstart|move: Misty Terrain|[from] ability: Misty Surge|[of] p2a: Weezing
|move|p1a: Dragonite|Dragon Dance|p1a: Dragonite
|-boost|p1a: Dragonite|atk|1
|-boost|p1a: Dragonite|spe|1
|
|upkeep
|turn|12
|
|t:|1776076915
|move|p1a: Dragonite|Iron Head|p2a: Weezing
|-supereffective|p2a: Weezing
|-damage|p2a: Weezing|42/100
|move|p2a: Weezing|Taunt|p1a: Dragonite
|-start|p1a: Dragonite|move: Taunt
|
|upkeep
|turn|13
|
|t:|1776076933
|move|p1a: Dragonite|Iron Head|p2a: Weezing
|-supereffective|p2a: Weezing
|-damage|p2a: Weezing|0 fnt
|faint|p2a: Weezing
|
|upkeep
|
|t:|1776076942
|switch|p2a: Heatran|Heatran, M|100/100
|-item|p2a: Heatran|Air Balloon
|turn|14
|
|t:|1776076948
|move|p1a: Dragonite|Dragon Claw|p2a: Heatran
|-resisted|p2a: Heatran
|-damage|p2a: Heatran|72/100
|-enditem|p2a: Heatran|Air Balloon
|move|p2a: Heatran|Magma Storm|p1a: Dragonite
|-resisted|p1a: Dragonite
|-damage|p1a: Dragonite|89/100
|-activate|p1a: Dragonite|move: Magma Storm|[of] p2a: Heatran
|
|-damage|p1a: Dragonite|77/100|[from] move: Magma Storm|[partiallytrapped]
|upkeep
|turn|15
|
|t:|1776076970
|move|p1a: Dragonite|Dragon Claw|p2a: Heatran
|-resisted|p2a: Heatran
|-damage|p2a: Heatran|59/100
|move|p2a: Heatran|Magma Storm|p1a: Dragonite
|-resisted|p1a: Dragonite
|-damage|p1a: Dragonite|53/100
|
|-damage|p1a: Dragonite|40/100|[from] move: Magma Storm|[partiallytrapped]
|-end|p1a: Dragonite|move: Taunt
|upkeep
|turn|16
|inactive|Battle timer is ON: inactive players will automatically lose when time's up. (requested by tagadatchointchoin)
|
|t:|1776076997
|move|p1a: Dragonite|Dragon Dance|p1a: Dragonite
|-boost|p1a: Dragonite|atk|1
|-boost|p1a: Dragonite|spe|1
|move|p2a: Heatran|Magma Storm|p1a: Dragonite
|-resisted|p1a: Dragonite
|-damage|p1a: Dragonite|16/100
|
|-damage|p1a: Dragonite|4/100|[from] move: Magma Storm|[partiallytrapped]
|upkeep
|turn|17
|
|t:|1776077010
|switch|p2a: Gholdengo|Gholdengo|100/100
|move|p1a: Dragonite|Dragon Claw|p2a: Gholdengo
|-resisted|p2a: Gholdengo
|-damage|p2a: Gholdengo|75/100
|
|-end|p1a: Dragonite|Magma Storm|[partiallytrapped]|[silent]
|upkeep
|turn|18
|
|t:|1776077025
|move|p1a: Dragonite|Iron Head|p2a: Gholdengo
|-resisted|p2a: Gholdengo
|-damage|p2a: Gholdengo|43/100
|move|p2a: Gholdengo|Shadow Ball|p1a: Dragonite
|-damage|p1a: Dragonite|0 fnt
|faint|p1a: Dragonite
|
|-fieldend|Misty Terrain
|upkeep
|
|t:|1776077037
|switch|p1a: Iron Crown|Iron Crown|100/100
|turn|19
|
|t:|1776077041
|switch|p2a: Heatran|Heatran, M|59/100
|-terastallize|p1a: Iron Crown|Steel
|move|p1a: Iron Crown|Calm Mind|p1a: Iron Crown
|-boost|p1a: Iron Crown|spa|1
|-boost|p1a: Iron Crown|spd|1
|
|upkeep
|turn|20
|
|t:|1776077053
|move|p1a: Iron Crown|Calm Mind|p1a: Iron Crown
|-boost|p1a: Iron Crown|spa|1
|-boost|p1a: Iron Crown|spd|1
|move|p2a: Heatran|Magma Storm|p1a: Iron Crown
|-supereffective|p1a: Iron Crown
|-damage|p1a: Iron Crown|58/100
|-activate|p1a: Iron Crown|move: Magma Storm|[of] p2a: Heatran
|
|-heal|p1a: Iron Crown|64/100|[from] item: Leftovers
|-damage|p1a: Iron Crown|51/100|[from] move: Magma Storm|[partiallytrapped]
|upkeep
|turn|21
|
|t:|1776077067
|move|p1a: Iron Crown|Psyshock|p2a: Heatran
|-resisted|p2a: Heatran
|-damage|p2a: Heatran|27/100
|move|p2a: Heatran|Earth Power|p1a: Iron Crown
|-supereffective|p1a: Iron Crown
|-damage|p1a: Iron Crown|25/100
|
|-heal|p1a: Iron Crown|31/100|[from] item: Leftovers
|-damage|p1a: Iron Crown|19/100|[from] move: Magma Storm|[partiallytrapped]
|upkeep
|turn|22
|
|t:|1776077079
|switch|p2a: Hawlucha|Hawlucha, M|100/100
|move|p1a: Iron Crown|Psyshock|p2a: Hawlucha
|-supereffective|p2a: Hawlucha
|-damage|p2a: Hawlucha|0 fnt
|faint|p2a: Hawlucha
|
|-heal|p1a: Iron Crown|25/100|[from] item: Leftovers
|-end|p1a: Iron Crown|Magma Storm|[partiallytrapped]|[silent]
|upkeep
|
|t:|1776077093
|switch|p2a: Greninja|Greninja, M|100/100
|turn|23
|
|t:|1776077108
|move|p2a: Greninja|Dark Pulse|p1a: Iron Crown
|-start|p2a: Greninja|typechange|Dark|[from] ability: Protean
|-damage|p1a: Iron Crown|0 fnt
|faint|p1a: Iron Crown
|-end|p1a: Iron Crown|Quark Drive|[silent]
|
|upkeep
|
|t:|1776077112
|switch|p1a: Arcanine|Arcanine-Hisui, M|100/100
|turn|24
|
|t:|1776077121
|switch|p2a: Heatran|Heatran, M|27/100
|move|p1a: Arcanine|Flare Blitz|p2a: Heatran
|-start|p2a: Heatran|ability: Flash Fire
|
|upkeep
|turn|25
|-message|SenjumaruShigarami forfeited.
|
|win|tagadatchointchoin
|raw|SenjumaruShigarami's rating: 1174 &rarr; <strong>1148</strong><br />(-26 for losing)
|raw|tagadatchointchoin's rating: 1157 &rarr; <strong>1183</strong><br />(+26 for winning)
|l|☆SenjumaruShigarami
|player|p1|
|l|☆tagadatchointchoin
|player|p2|
