|html|<div class="broadcast-blue"><strong>[Gen 9] OU is currently suspecting Tera Blast! For information on how to participate check out the <a href="https://www.smogon.com/tools/suspects/view/200">suspect thread</a>.</strong></div>
|j|☆Cinder Stan!
|j|☆sarcrisp
|t:|1776083820
|gametype|singles
|player|p1|Cinder Stan!|emmet|1105
|player|p2|sarcrisp|1|1092
|gen|9
|tier|[Gen 9] OU
|rated|
|rule|HP Percentage Mod: HP is shown in percentages
|rule|Endless Battle Clause: Forcing endless battles is banned
|rule|Species Clause: Limit one of each Pokémon
|rule|OHKO Clause: OHKO moves are banned
|rule|Evasion Items Clause: Evasion items are banned
|rule|Evasion Moves Clause: Evasion moves are banned
|rule|Evasion Abilities Clause: Evasion abilities are banned
|rule|Sleep Moves Clause: Sleep-inducing moves are banned
|clearpoke
|poke|p1|Cinderace, F|
|poke|p1|Meowscarada, M|
|poke|p1|Ogerpon-Wellspring, F|
|poke|p1|Walking Wake|
|poke|p1|Gholdengo|
|poke|p1|Iron Treads|
|poke|p2|Dragapult, F|
|poke|p2|Excadrill, F|
|poke|p2|Sceptile, F|
|poke|p2|Gholdengo|
|poke|p2|Corviknight, F|
|poke|p2|Heatran, M|
|teampreview
|
|t:|1776083841
|teamsize|p1|6
|teamsize|p2|6
|start
|switch|p1a: Ogerpon|Ogerpon-Wellspring, F|100/100
|switch|p2a: Excadrill|Excadrill, F|100/100
|turn|1
|
|t:|1776083853
|switch|p2a: Sceptile|Sceptile, F|100/100
|move|p1a: Ogerpon|Swords Dance|p1a: Ogerpon
|-boost|p1a: Ogerpon|atk|2
|
|upkeep
|turn|2
|
|t:|1776083866
|move|p1a: Ogerpon|Swords Dance|p1a: Ogerpon
|-boost|p1a: Ogerpon|atk|2
|move|p2a: Sceptile|Leaf Storm|p1a: Ogerpon
|-damage|p1a: Ogerpon|28/100
|-unboost|p2a: Sceptile|spa|2
|
|upkeep
|turn|3
|
|t:|1776083876
|move|p2a: Sceptile|Protect|p2a: Sceptile
|-singleturn|p2a: Sceptile|Protect
|move|p1a: Ogerpon|Horn Leech|p2a: Sceptile
|-activate|p2a: Sceptile|move: Protect
|
|upkeep
|turn|4
|
|t:|1776083886
|move|p1a: Ogerpon|Horn Leech|p2a: Sceptile
|-resisted|p2a: Sceptile
|-enditem|p2a: Sceptile|Focus Sash
|-damage|p2a: Sceptile|1/100
|-heal|p1a: Ogerpon|75/100|[from] drain|[of] p2a: Sceptile
|move|p2a: Sceptile|Dragon Pulse|p1a: Ogerpon
|-damage|p1a: Ogerpon|60/100
|
|upkeep
|turn|5
|
|t:|1776083896
|move|p1a: Ogerpon|Horn Leech|p2a: Sceptile
|-resisted|p2a: Sceptile
|-damage|p2a: Sceptile|0 fnt
|-heal|p1a: Ogerpon|60/100|[from] drain|[of] p2a: Sceptile
|faint|p2a: Sceptile
|
|upkeep
|
|t:|1776083904
|switch|p2a: Heatran|Heatran, M|100/100
|turn|6
|
|t:|1776083917
|-terastallize|p1a: Ogerpon|Water
|detailschange|p1a: Ogerpon|Ogerpon-Wellspring-Tera, F, tera:Water
|-ability|p1a: Ogerpon|Embody Aspect (Wellspring)|boost
|-boost|p1a: Ogerpon|spd|1
|move|p1a: Ogerpon|Ivy Cudgel|p2a: Heatran|[anim] Ivy Cudgel Water
|-supereffective|p2a: Heatran
|-damage|p2a: Heatran|0 fnt
|faint|p2a: Heatran
|
|upkeep
|
|t:|1776083936
|switch|p2a: Gholdengo|Gholdengo|100/100
|turn|7
|
|t:|1776083947
|move|p1a: Ogerpon|Ivy Cudgel|p2a: Gholdengo|[anim] Ivy Cudgel Water
|-damage|p2a: Gholdengo|0 fnt
|faint|p2a: Gholdengo
|
|upkeep
|
|t:|1776083954
|switch|p2a: Corviknight|Corviknight, F|100/100
|-ability|p2a: Corviknight|Pressure
|turn|8
|
|t:|1776083963
|move|p1a: Ogerpon|Ivy Cudgel|p2a: Corviknight|[anim] Ivy Cudgel Water
|-damage|p2a: Corviknight|0 fnt
|faint|p2a: Corviknight
|
|upkeep
|
|t:|1776083970
|switch|p2a: Excadrill|Excadrill, F|100/100
|turn|9
|
|t:|1776083979
|move|p1a: Ogerpon|Ivy Cudgel|p2a: Excadrill|[anim] Ivy Cudgel Water
|-supereffective|p2a: Excadrill
|-damage|p2a: Excadrill|0 fnt
|faint|p2a: Excadrill
|
|upkeep
|
|t:|1776083984
|switch|p2a: Dragapult|Dragapult, F|100/100
|turn|10
|
|t:|1776083997
|move|p2a: Dragapult|Phantom Force||[still]
|-prepare|p2a: Dragapult|Phantom Force
|move|p1a: Ogerpon|Ivy Cudgel|p2a: Dragapult|[anim] Ivy Cudgel Water|[miss]
|-miss|p1a: Ogerpon|p2a: Dragapult
|
|upkeep
|turn|11
|
|t:|1776084003
|move|p1a: Ogerpon|Spiky Shield|p1a: Ogerpon
|-singleturn|p1a: Ogerpon|move: Protect
|move|p2a: Dragapult|Phantom Force|p1a: Ogerpon|[from] lockedmove
|-activate|p1a: Ogerpon|move: Phantom Force|[broken]
|-damage|p1a: Ogerpon|5/100
|
|upkeep
|turn|12
|
|t:|1776084024
|move|p2a: Dragapult|Psychic Fangs|p1a: Ogerpon
|-damage|p1a: Ogerpon|0 fnt
|faint|p1a: Ogerpon
|detailschange|p1: Ogerpon|Ogerpon-Wellspring, F|[silent]
|
|upkeep
|
|t:|1776084027
|switch|p1a: Meowscarada|Meowscarada, M|100/100
|turn|13
|
|t:|1776084052
|move|p1a: Meowscarada|Triple Axel|p2a: Dragapult
|-start|p1a: Meowscarada|typechange|Ice|[from] ability: Protean
|-supereffective|p2a: Dragapult
|-damage|p2a: Dragapult|74/100
|-supereffective|p2a: Dragapult
|-damage|p2a: Dragapult|23/100
|-supereffective|p2a: Dragapult
|-damage|p2a: Dragapult|0 fnt
|faint|p2a: Dragapult
|-hitcount|p2: Dragapult|3
|
|win|Cinder Stan!
|raw|Cinder Stan!'s rating: 1105 &rarr; <strong>1129</strong><br />(+24 for winning)
|raw|sarcrisp's rating: 1092 &rarr; <strong>1069</strong><br />(-23 for losing)
