|html|<div class="broadcast-blue"><strong>[Gen 9] OU is currently suspecting Volcarona! For information on how to participate check out the <a href="https://www.smogon.com/tools/suspects/view/208">suspect thread</a>.</strong></div>
|j|☆beres3
|j|☆tg_navalha
|t:|1778503672
|gametype|singles
|player|p1|beres3|169|1261
|player|p2|tg_navalha|hilbert|1241
|gen|9
|tier|[Gen 9] OU
|rated|
|rule|HP Percentage Mod: HP is shown in percentages
|rule|Endless Battle Clause: Forcing endless battles is banned
|rule|Species Clause: Limit one of each Pokémon
|rule|OHKO Clause: OHKO moves are banned
|rule|Evasion Items Clause: Evasion items are banned
|rule|Evasion Moves Clause: Evasion moves are banned
|rule|Evasion Abilities Clause: Evasion abilities are banned
|rule|Sleep Moves Clause: Sleep-inducing moves are banned
|clearpoke
|poke|p1|Gliscor, F|
|poke|p1|Gholdengo|
|poke|p1|Great Tusk|
|poke|p1|Raging Bolt|
|poke|p1|Kingambit, F|
|poke|p1|Enamorus, F|
|poke|p2|Clefable, F|
|poke|p2|Iron Moth|
|poke|p2|Hydrapple, M|
|poke|p2|Dondozo, F|
|poke|p2|Weavile, F|
|poke|p2|Glimmora, M|
|teampreview
|inactive|Battle timer is ON: inactive players will automatically lose when time's up. (requested by beres3)
|
|t:|1778503695
|teamsize|p1|6
|teamsize|p2|6
|start
|switch|p1a: Great Tusk|Great Tusk|100/100
|switch|p2a: Glimmora|Glimmora, M|100/100
|turn|1
|
|t:|1778503704
|switch|p2a: Dondozo|Dondozo, F|100/100
|move|p1a: Great Tusk|Earthquake|p2a: Dondozo
|-damage|p2a: Dondozo|80/100
|
|-heal|p2a: Dondozo|86/100|[from] item: Leftovers
|upkeep
|turn|2
|
|t:|1778503718
|-end|p1a: Great Tusk|Protosynthesis|[silent]
|switch|p1a: Raging Bolt|Raging Bolt|100/100
|move|p2a: Dondozo|Waterfall|p1a: Raging Bolt
|-resisted|p1a: Raging Bolt
|-damage|p1a: Raging Bolt|89/100
|
|-heal|p2a: Dondozo|93/100|[from] item: Leftovers
|upkeep
|turn|3
|
|t:|1778503730
|switch|p2a: Clefable|Clefable, F|100/100
|move|p1a: Raging Bolt|Thunderbolt|p2a: Clefable
|-damage|p2a: Clefable|48/100
|
|upkeep
|turn|4
|
|t:|1778503743
|move|p1a: Raging Bolt|Thunderbolt|p2a: Clefable
|-damage|p2a: Clefable|0 fnt
|faint|p2a: Clefable
|
|upkeep
|
|t:|1778503748
|switch|p2a: Weavile|Weavile, F|100/100
|turn|5
|
|t:|1778503759
|-end|p1a: Raging Bolt|Protosynthesis|[silent]
|switch|p1a: Kingambit|Kingambit, F|100/100
|move|p2a: Weavile|Knock Off|p1a: Kingambit
|-resisted|p1a: Kingambit
|-damage|p1a: Kingambit|72/100
|-enditem|p1a: Kingambit|Black Glasses|[from] move: Knock Off|[of] p2a: Weavile
|
|upkeep
|turn|6
|
|t:|1778503769
|switch|p2a: Dondozo|Dondozo, F|93/100
|move|p1a: Kingambit|Iron Head|p2a: Dondozo
|-resisted|p2a: Dondozo
|-damage|p2a: Dondozo|83/100
|
|-heal|p2a: Dondozo|89/100|[from] item: Leftovers
|upkeep
|turn|7
|
|t:|1778503780
|-end|p1a: Kingambit|fallenundefined|[silent]
|switch|p1a: Raging Bolt|Raging Bolt|89/100
|switch|p2a: Weavile|Weavile, F|100/100
|
|upkeep
|turn|8
|
|t:|1778503792
|move|p2a: Weavile|Ice Shard|p1a: Raging Bolt
|-supereffective|p1a: Raging Bolt
|-damage|p1a: Raging Bolt|41/100
|move|p1a: Raging Bolt|Thunderbolt|p2a: Weavile
|-damage|p2a: Weavile|25/100
|
|upkeep
|turn|9
|
|t:|1778503801
|move|p2a: Weavile|Ice Shard|p1a: Raging Bolt
|-supereffective|p1a: Raging Bolt
|-damage|p1a: Raging Bolt|0 fnt
|faint|p1a: Raging Bolt
|-end|p1a: Raging Bolt|Protosynthesis|[silent]
|
|upkeep
|
|t:|1778503816
|switch|p1a: Great Tusk|Great Tusk|100/100
|turn|10
|
|t:|1778503831
|switch|p2a: Hydrapple|Hydrapple, M|100/100
|-terastallize|p1a: Great Tusk|Water
|move|p1a: Great Tusk|Earthquake|p2a: Hydrapple
|-resisted|p2a: Hydrapple
|-damage|p2a: Hydrapple|88/100
|
|upkeep
|turn|11
|
|t:|1778503848
|-end|p1a: Great Tusk|Protosynthesis|[silent]
|switch|p1a: Enamorus|Enamorus, F|100/100
|move|p2a: Hydrapple|Nasty Plot|p2a: Hydrapple
|-boost|p2a: Hydrapple|spa|2
|
|upkeep
|turn|12
|
|t:|1778503861
|switch|p2a: Glimmora|Glimmora, M|100/100
|move|p1a: Enamorus|Moonblast|p2a: Glimmora
|-resisted|p2a: Glimmora
|-damage|p2a: Glimmora|77/100
|
|upkeep
|turn|13
|
|t:|1778503871
|switch|p1a: Gliscor|Gliscor, F|100/100
|move|p2a: Glimmora|Mortal Spin|p1a: Gliscor
|-resisted|p1a: Gliscor
|-damage|p1a: Gliscor|98/100
|-status|p1a: Gliscor|psn
|
|-heal|p1a: Gliscor|100/100 psn|[from] ability: Poison Heal
|upkeep
|turn|14
|
|t:|1778503891
|move|p1a: Gliscor|Earthquake|p2a: Glimmora
|-supereffective|p2a: Glimmora
|-damage|p2a: Glimmora|0 fnt
|-activate|p2a: Glimmora|ability: Toxic Debris
|-sidestart|p1: beres3|move: Toxic Spikes
|faint|p2a: Glimmora
|
|upkeep
|
|t:|1778503900
|switch|p2a: Weavile|Weavile, F|25/100
|turn|15
|
|t:|1778503907
|switch|p1a: Great Tusk|Great Tusk, tera:Water|100/100
|move|p2a: Weavile|Icicle Crash|p1a: Great Tusk
|-resisted|p1a: Great Tusk
|-damage|p1a: Great Tusk|87/100
|
|upkeep
|turn|16
|
|t:|1778503921
|switch|p2a: Hydrapple|Hydrapple, M|100/100
|move|p1a: Great Tusk|Ice Spinner|p2a: Hydrapple
|-supereffective|p2a: Hydrapple
|-crit|p2a: Hydrapple
|-damage|p2a: Hydrapple|20/100
|
|upkeep
|turn|17
|
|t:|1778503935
|-end|p1a: Great Tusk|Protosynthesis|[silent]
|switch|p1a: Gholdengo|Gholdengo|100/100
|switch|p2a: Iron Moth|Iron Moth|100/100
|
|upkeep
|turn|18
|
|t:|1778503947
|switch|p1a: Great Tusk|Great Tusk, tera:Water|87/100
|move|p2a: Iron Moth|Meteor Beam||[still]
|-prepare|p2a: Iron Moth|Meteor Beam
|-boost|p2a: Iron Moth|spa|1
|-enditem|p2a: Iron Moth|Power Herb
|-anim|p2a: Iron Moth|Meteor Beam|p1a: Great Tusk
|-damage|p1a: Great Tusk|4/100
|
|upkeep
|turn|19
|
|t:|1778503960
|move|p2a: Iron Moth|Fiery Dance|p1a: Great Tusk
|-resisted|p1a: Great Tusk
|-damage|p1a: Great Tusk|0 fnt
|faint|p1a: Great Tusk
|-end|p1a: Great Tusk|Protosynthesis|[silent]
|
|upkeep
|
|t:|1778503971
|switch|p1a: Gliscor|Gliscor, F|100/100 psn
|turn|20
|
|t:|1778503979
|-terastallize|p2a: Iron Moth|Grass
|move|p2a: Iron Moth|Energy Ball|p1a: Gliscor
|-damage|p1a: Gliscor|10/100 psn
|move|p1a: Gliscor|Earthquake|p2a: Iron Moth
|-resisted|p2a: Iron Moth
|-damage|p2a: Iron Moth|68/100
|
|-heal|p1a: Gliscor|22/100 psn|[from] ability: Poison Heal
|upkeep
|turn|21
|
|t:|1778503993
|move|p1a: Gliscor|Protect|p1a: Gliscor
|-singleturn|p1a: Gliscor|Protect
|move|p2a: Iron Moth|Fiery Dance|p1a: Gliscor
|-activate|p1a: Gliscor|move: Protect
|
|-heal|p1a: Gliscor|35/100 psn|[from] ability: Poison Heal
|upkeep
|turn|22
|
|t:|1778504012
|move|p2a: Iron Moth|Fiery Dance|p1a: Gliscor
|-damage|p1a: Gliscor|0 fnt
|faint|p1a: Gliscor
|
|upkeep
|
|t:|1778504026
|switch|p1a: Kingambit|Kingambit, F|72/100
|-activate|p1a: Kingambit|ability: Supreme Overlord
|-start|p1a: Kingambit|fallen3|[silent]
|turn|23
|
|t:|1778504036
|move|p1a: Kingambit|Sucker Punch|p2a: Iron Moth
|-damage|p2a: Iron Moth|0 fnt
|faint|p2a: Iron Moth
|-end|p2a: Iron Moth|Quark Drive|[silent]
|
|upkeep
|
|t:|1778504042
|switch|p2a: Dondozo|Dondozo, F|89/100
|turn|24
|
|t:|1778504047
|-end|p1a: Kingambit|fallen3|[silent]
|switch|p1a: Gholdengo|Gholdengo|100/100
|move|p2a: Dondozo|Curse|p2a: Dondozo
|-unboost|p2a: Dondozo|spe|1
|-boost|p2a: Dondozo|atk|1
|-boost|p2a: Dondozo|def|1
|
|-heal|p2a: Dondozo|95/100|[from] item: Leftovers
|upkeep
|turn|25
|
|t:|1778504059
|move|p1a: Gholdengo|Thunderbolt|p2a: Dondozo
|-supereffective|p2a: Dondozo
|-damage|p2a: Dondozo|39/100
|-status|p2a: Dondozo|par
|move|p2a: Dondozo|Waterfall|p1a: Gholdengo
|-damage|p1a: Gholdengo|59/100
|
|-heal|p1a: Gholdengo|65/100|[from] item: Leftovers
|-heal|p2a: Dondozo|46/100 par|[from] item: Leftovers
|upkeep
|turn|26
|
|t:|1778504074
|move|p1a: Gholdengo|Thunderbolt|p2a: Dondozo
|-supereffective|p2a: Dondozo
|-damage|p2a: Dondozo|0 fnt
|faint|p2a: Dondozo
|
|-heal|p1a: Gholdengo|71/100|[from] item: Leftovers
|upkeep
|
|t:|1778504082
|switch|p2a: Weavile|Weavile, F|25/100
|turn|27
|
|t:|1778504087
|switch|p1a: Kingambit|Kingambit, F|72/100
|-activate|p1a: Kingambit|ability: Supreme Overlord
|-start|p1a: Kingambit|fallen3|[silent]
|move|p2a: Weavile|Low Kick|p1a: Kingambit
|-supereffective|p1a: Kingambit
|-damage|p1a: Kingambit|0 fnt
|faint|p1a: Kingambit
|-end|p1a: Kingambit|fallen3|[silent]
|
|upkeep
|
|t:|1778504099
|switch|p1a: Enamorus|Enamorus, F|100/100
|turn|28
|
|t:|1778504109
|switch|p2a: Hydrapple|Hydrapple, M|53/100
|move|p1a: Enamorus|Mystical Fire|p2a: Hydrapple
|-damage|p2a: Hydrapple|30/100
|-unboost|p2a: Hydrapple|spa|1
|
|upkeep
|turn|29
|c|☆tg_navalha|I made a good prediction, but I'll still lose.
|
|t:|1778504137
|move|p1a: Enamorus|Moonblast|p2a: Hydrapple
|-supereffective|p2a: Hydrapple
|-damage|p2a: Hydrapple|0 fnt
|faint|p2a: Hydrapple
|
|upkeep
|
|t:|1778504142
|switch|p2a: Weavile|Weavile, F|25/100
|turn|30
|
|t:|1778504148
|move|p2a: Weavile|Icicle Crash|p1a: Enamorus|[miss]
|-miss|p2a: Weavile|p1a: Enamorus
|move|p1a: Enamorus|Moonblast|p2a: Weavile
|-supereffective|p2a: Weavile
|-damage|p2a: Weavile|0 fnt
|faint|p2a: Weavile
|
|win|beres3
|raw|beres3's rating: 1261 &rarr; <strong>1285</strong><br />(+24 for winning)
|raw|tg_navalha's rating: 1241 &rarr; <strong>1217</strong><br />(-24 for losing)
|c|☆tg_navalha|Gg
|l|☆beres3
|player|p1|
