|html|<div class="broadcast-blue"><strong>[Gen 9] OU is currently suspecting Tera Blast! For information on how to participate check out the <a href="https://www.smogon.com/tools/suspects/view/200">suspect thread</a>.</strong></div>
|j|☆ggezsorry
|j|☆ELSHEBAAA
|t:|1776055189
|gametype|singles
|player|p1|ggezsorry|brock|1251
|player|p2|ELSHEBAAA|170|1220
|gen|9
|tier|[Gen 9] OU
|rated|
|rule|HP Percentage Mod: HP is shown in percentages
|rule|Endless Battle Clause: Forcing endless battles is banned
|rule|Species Clause: Limit one of each Pokémon
|rule|OHKO Clause: OHKO moves are banned
|rule|Evasion Items Clause: Evasion items are banned
|rule|Evasion Moves Clause: Evasion moves are banned
|rule|Evasion Abilities Clause: Evasion abilities are banned
|rule|Sleep Moves Clause: Sleep-inducing moves are banned
|clearpoke
|poke|p1|Ninetales-Alola, M|
|poke|p1|Mamoswine, M|
|poke|p1|Iron Valiant|
|poke|p1|Skeledirge, M|
|poke|p1|Rotom-Wash|
|poke|p1|Meowscarada, F|
|poke|p2|Dragapult, M|
|poke|p2|Breloom, M|
|poke|p2|Gholdengo|
|poke|p2|Kingambit, M|
|poke|p2|Azumarill, M|
|poke|p2|Dragonite, M|
|teampreview
|inactive|Battle timer is ON: inactive players will automatically lose when time's up. (requested by ggezsorry)
|
|t:|1776055197
|teamsize|p1|6
|teamsize|p2|6
|start
|switch|p1a: Mamoswine|Mamoswine, M|100/100
|switch|p2a: Thuggapult|Dragapult, M|100/100
|turn|1
|
|t:|1776055201
|move|p1a: Mamoswine|Ice Shard|p2a: Thuggapult
|-supereffective|p2a: Thuggapult
|-damage|p2a: Thuggapult|13/100
|move|p2a: Thuggapult|Fire Blast|p1a: Mamoswine
|-supereffective|p1a: Mamoswine
|-damage|p1a: Mamoswine|30/100
|
|upkeep
|turn|2
|
|t:|1776055220
|switch|p2a: Massacre|Azumarill, M|100/100
|switch|p1a: Skeledirge|Skeledirge, M|100/100
|
|upkeep
|turn|3
|
|t:|1776055225
|switch|p1a: Ninetales|Ninetales-Alola, M, shiny|100/100
|-weather|Snowscape|[from] ability: Snow Warning|[of] p1a: Ninetales
|move|p2a: Massacre|Knock Off|p1a: Ninetales
|-resisted|p1a: Ninetales
|-crit|p1a: Ninetales
|-damage|p1a: Ninetales|70/100
|-enditem|p1a: Ninetales|Light Clay|[from] move: Knock Off|[of] p2a: Massacre
|
|-weather|Snowscape|[upkeep]
|upkeep
|turn|4
|inactive|ELSHEBAAA has 120 seconds left.
|
|t:|1776055264
|move|p1a: Ninetales|Aurora Veil|p1a: Ninetales
|-sidestart|p1: ggezsorry|move: Aurora Veil
|move|p2a: Massacre|Play Rough|p1a: Ninetales
|-damage|p1a: Ninetales|40/100
|
|-weather|Snowscape|[upkeep]
|upkeep
|turn|5
|inactive|ELSHEBAAA has 120 seconds left.
|
|t:|1776055270
|move|p1a: Ninetales|Freeze-Dry|p2a: Massacre
|-supereffective|p2a: Massacre
|-damage|p2a: Massacre|59/100
|move|p2a: Massacre|Play Rough|p1a: Ninetales
|-damage|p1a: Ninetales|10/100
|
|-weather|Snowscape|[upkeep]
|upkeep
|turn|6
|
|t:|1776055276
|move|p2a: Massacre|Aqua Jet|p1a: Ninetales
|-damage|p1a: Ninetales|0 fnt
|faint|p1a: Ninetales
|
|-weather|Snowscape|[upkeep]
|upkeep
|
|t:|1776055285
|switch|p1a: Meowscarada|Meowscarada, F|100/100
|turn|7
|inactive|ELSHEBAAA has 120 seconds left.
|
|t:|1776055320
|move|p1a: Meowscarada|Knock Off|p2a: Massacre
|-start|p1a: Meowscarada|typechange|Dark|[from] ability: Protean
|-resisted|p2a: Massacre
|-damage|p2a: Massacre|36/100
|-enditem|p2a: Massacre|Assault Vest|[from] move: Knock Off|[of] p1a: Meowscarada
|move|p2a: Massacre|Play Rough|p1a: Meowscarada
|-supereffective|p1a: Meowscarada
|-damage|p1a: Meowscarada|8/100
|
|-weather|none
|upkeep
|turn|8
|
|t:|1776055339
|switch|p1a: Rotom|Rotom-Wash|100/100
|move|p2a: Massacre|Aqua Jet|p1a: Rotom
|-resisted|p1a: Rotom
|-damage|p1a: Rotom|92/100
|
|-heal|p1a: Rotom|98/100|[from] item: Leftovers
|-sideend|p1: ggezsorry|move: Aurora Veil
|upkeep
|turn|9
|
|t:|1776055346
|switch|p2a: Gholden Experience|Gholdengo|100/100
|move|p1a: Rotom|Volt Switch|p2a: Gholden Experience
|-damage|p2a: Gholden Experience|65/100
|
|t:|1776055349
|switch|p1a: Meowscarada|Meowscarada, F|8/100|[from] Volt Switch
|
|upkeep
|turn|10
|
|t:|1776055353
|switch|p2a: Dragonite|Dragonite, M|100/100
|move|p1a: Meowscarada|Knock Off|p2a: Dragonite
|-start|p1a: Meowscarada|typechange|Dark|[from] ability: Protean
|-damage|p2a: Dragonite|76/100
|-enditem|p2a: Dragonite|Heavy-Duty Boots|[from] move: Knock Off|[of] p1a: Meowscarada
|
|upkeep
|turn|11
|
|t:|1776055360
|move|p1a: Meowscarada|Triple Axel|p2a: Dragonite
|-supereffective|p2a: Dragonite
|-damage|p2a: Dragonite|39/100
|-supereffective|p2a: Dragonite
|-damage|p2a: Dragonite|0 fnt
|faint|p2a: Dragonite
|-hitcount|p2: Dragonite|2
|
|upkeep
|
|t:|1776055371
|switch|p2a: Thuggapult|Dragapult, M|13/100
|turn|12
|
|t:|1776055375
|switch|p1a: Rotom|Rotom-Wash|98/100
|move|p2a: Thuggapult|Shadow Ball|p1a: Rotom
|-damage|p1a: Rotom|20/100
|
|-heal|p1a: Rotom|26/100|[from] item: Leftovers
|upkeep
|turn|13
|
|t:|1776055381
|move|p2a: Thuggapult|Shadow Ball|p1a: Rotom
|-damage|p1a: Rotom|0 fnt
|faint|p1a: Rotom
|
|upkeep
|
|t:|1776055383
|switch|p1a: Mamoswine|Mamoswine, M|30/100
|turn|14
|
|t:|1776055386
|switch|p2a: Conqueror's Haki|Kingambit, M|100/100
|-activate|p2a: Conqueror's Haki|ability: Supreme Overlord
|-start|p2a: Conqueror's Haki|fallen1|[silent]
|move|p1a: Mamoswine|Earthquake|p2a: Conqueror's Haki
|-supereffective|p2a: Conqueror's Haki
|-damage|p2a: Conqueror's Haki|0 fnt
|faint|p2a: Conqueror's Haki
|-end|p2a: Conqueror's Haki|fallen1|[silent]
|
|upkeep
|
|t:|1776055390
|switch|p2a: Massacre|Azumarill, M|36/100
|turn|15
|
|t:|1776055397
|switch|p1a: Meowscarada|Meowscarada, F|8/100
|move|p2a: Massacre|Aqua Jet|p1a: Meowscarada
|-resisted|p1a: Meowscarada
|-damage|p1a: Meowscarada|0 fnt
|faint|p1a: Meowscarada
|
|upkeep
|
|t:|1776055400
|switch|p1a: Iron Valiant|Iron Valiant|100/100
|-enditem|p1a: Iron Valiant|Booster Energy
|-activate|p1a: Iron Valiant|ability: Quark Drive|[fromitem]
|-start|p1a: Iron Valiant|quarkdrivespe
|turn|16
|
|t:|1776055402
|move|p2a: Massacre|Aqua Jet|p1a: Iron Valiant
|-damage|p1a: Iron Valiant|67/100
|move|p1a: Iron Valiant|Spirit Break|p2a: Massacre
|-damage|p2a: Massacre|0 fnt
|faint|p2a: Massacre
|
|upkeep
|
|t:|1776055405
|switch|p2a: Gholden Experience|Gholdengo|65/100
|turn|17
|
|t:|1776055412
|-terastallize|p2a: Gholden Experience|Flying
|move|p1a: Iron Valiant|Knock Off|p2a: Gholden Experience
|-damage|p2a: Gholden Experience|29/100
|-enditem|p2a: Gholden Experience|Covert Cloak|[from] move: Knock Off|[of] p1a: Iron Valiant
|move|p2a: Gholden Experience|Make It Rain|p1a: Iron Valiant
|-supereffective|p1a: Iron Valiant
|-damage|p1a: Iron Valiant|0 fnt
|-unboost|p2a: Gholden Experience|spa|1
|faint|p1a: Iron Valiant
|-end|p1a: Iron Valiant|Quark Drive|[silent]
|
|upkeep
|
|t:|1776055422
|switch|p1a: Mamoswine|Mamoswine, M|30/100
|turn|18
|
|t:|1776055427
|-terastallize|p1a: Mamoswine|Ice
|move|p1a: Mamoswine|Ice Shard|p2a: Gholden Experience
|-supereffective|p2a: Gholden Experience
|-damage|p2a: Gholden Experience|0 fnt
|faint|p2a: Gholden Experience
|
|upkeep
|
|t:|1776055430
|switch|p2a: PVZ|Breloom, M|100/100
|turn|19
|
|t:|1776055432
|move|p2a: PVZ|Mach Punch|p1a: Mamoswine
|-supereffective|p1a: Mamoswine
|-damage|p1a: Mamoswine|0 fnt
|faint|p1a: Mamoswine
|
|upkeep
|
|t:|1776055438
|switch|p1a: Skeledirge|Skeledirge, M|100/100
|turn|20
|
|t:|1776055442
|move|p2a: PVZ|Bulldoze|p1a: Skeledirge
|-supereffective|p1a: Skeledirge
|-damage|p1a: Skeledirge|48/100
|-unboost|p1a: Skeledirge|spe|1
|move|p1a: Skeledirge|Torch Song|p2a: PVZ
|-supereffective|p2a: PVZ
|-damage|p2a: PVZ|0 fnt
|-boost|p1a: Skeledirge|spa|1
|faint|p2a: PVZ
|
|upkeep
|
|t:|1776055445
|switch|p2a: Thuggapult|Dragapult, M|13/100
|turn|21
|
|t:|1776055447
|move|p2a: Thuggapult|Shadow Ball|p1a: Skeledirge
|-supereffective|p1a: Skeledirge
|-damage|p1a: Skeledirge|0 fnt
|faint|p1a: Skeledirge
|
|win|ELSHEBAAA
|raw|ggezsorry's rating: 1251 &rarr; <strong>1224</strong><br />(-27 for losing)
|raw|ELSHEBAAA's rating: 1220 &rarr; <strong>1247</strong><br />(+27 for winning)
|c|☆ELSHEBAAA|gg
|l|☆ELSHEBAAA
|player|p2|
|l|☆ggezsorry
|player|p1|
