|html|<div class="broadcast-blue"><strong>[Gen 9] OU is currently suspecting Tera Blast! For information on how to participate check out the <a href="https://www.smogon.com/tools/suspects/view/200">suspect thread</a>.</strong></div>
|j|☆hornedivysaur
|j|☆azura1705
|t:|1776034251
|gametype|singles
|player|p1|hornedivysaur|ethan|1118
|player|p2|azura1705|swimmer-gen4|1087
|gen|9
|tier|[Gen 9] OU
|rated|
|rule|HP Percentage Mod: HP is shown in percentages
|rule|Endless Battle Clause: Forcing endless battles is banned
|rule|Species Clause: Limit one of each Pokémon
|rule|OHKO Clause: OHKO moves are banned
|rule|Evasion Items Clause: Evasion items are banned
|rule|Evasion Moves Clause: Evasion moves are banned
|rule|Evasion Abilities Clause: Evasion abilities are banned
|rule|Sleep Moves Clause: Sleep-inducing moves are banned
|clearpoke
|poke|p1|Slowking-Galar, M|
|poke|p1|Great Tusk|
|poke|p1|Weavile, M|
|poke|p1|Glimmora, M|
|poke|p1|Primarina, M|
|poke|p1|Kingambit, F|
|poke|p2|Sunflora, M|
|poke|p2|Thundurus, M|
|poke|p2|Hatterene, F|
|poke|p2|Walking Wake|
|poke|p2|Slither Wing|
|poke|p2|Glimmora, M|
|teampreview
|inactive|Battle timer is ON: inactive players will automatically lose when time's up. (requested by azura1705)
|
|t:|1776034270
|teamsize|p1|6
|teamsize|p2|6
|start
|switch|p1a: Glimmora|Glimmora, M|100/100
|switch|p2a: Thundurus|Thundurus, M|100/100
|turn|1
|
|t:|1776034278
|move|p2a: Thundurus|Thunderbolt|p1a: Glimmora
|-damage|p1a: Glimmora|40/100
|-status|p1a: Glimmora|par
|move|p1a: Glimmora|Mortal Spin|p2a: Thundurus
|-damage|p2a: Thundurus|90/100
|-status|p2a: Thundurus|psn
|
|-heal|p1a: Glimmora|46/100 par|[from] item: Leftovers
|-damage|p2a: Thundurus|78/100 psn|[from] psn
|upkeep
|turn|2
|
|t:|1776034285
|move|p1a: Glimmora|Protect|p1a: Glimmora
|-singleturn|p1a: Glimmora|Protect
|move|p2a: Thundurus|Volt Switch|p1a: Glimmora
|-activate|p1a: Glimmora|move: Protect
|
|-heal|p1a: Glimmora|52/100 par|[from] item: Leftovers
|-damage|p2a: Thundurus|66/100 psn|[from] psn
|upkeep
|turn|3
|
|t:|1776034295
|move|p1a: Glimmora|Protect|p1a: Glimmora
|-singleturn|p1a: Glimmora|Protect
|move|p2a: Thundurus|Volt Switch|p1a: Glimmora
|-activate|p1a: Glimmora|move: Protect
|
|-heal|p1a: Glimmora|58/100 par|[from] item: Leftovers
|-damage|p2a: Thundurus|53/100 psn|[from] psn
|upkeep
|turn|4
|
|t:|1776034302
|move|p2a: Thundurus|Volt Switch|p1a: Glimmora
|-damage|p1a: Glimmora|11/100 par
|
|t:|1776034306
|switch|p2a: Glimmora|Glimmora, M|100/100|[from] Volt Switch
|move|p1a: Glimmora|Spikes|p2a: Glimmora
|-sidestart|p2: azura1705|Spikes
|
|-heal|p1a: Glimmora|17/100 par|[from] item: Leftovers
|upkeep
|turn|5
|
|t:|1776034312
|move|p2a: Glimmora|Mortal Spin|p1a: Glimmora
|-resisted|p1a: Glimmora
|-crit|p1a: Glimmora
|-damage|p1a: Glimmora|14/100 par
|-activate|p1a: Glimmora|ability: Toxic Debris
|-sidestart|p2: azura1705|move: Toxic Spikes
|-sideend|p2: azura1705|Spikes|[from] move: Mortal Spin|[of] p2a: Glimmora
|-sideend|p2: azura1705|Toxic Spikes|[from] move: Mortal Spin|[of] p2a: Glimmora
|move|p1a: Glimmora|Earth Power|p2a: Glimmora
|-supereffective|p2a: Glimmora
|-enditem|p2a: Glimmora|Focus Sash
|-damage|p2a: Glimmora|1/100
|
|-heal|p1a: Glimmora|21/100 par|[from] item: Leftovers
|upkeep
|turn|6
|
|t:|1776034329
|move|p2a: Glimmora|Explosion|p1a: Glimmora
|-resisted|p1a: Glimmora
|-damage|p1a: Glimmora|0 fnt
|-activate|p1a: Glimmora|ability: Toxic Debris
|-sidestart|p2: azura1705|move: Toxic Spikes
|faint|p2a: Glimmora
|faint|p1a: Glimmora
|
|upkeep
|
|t:|1776034346
|switch|p2a: Hatterene|Hatterene, F|100/100
|switch|p1a: Weavile|Weavile, M|100/100
|-ability|p1a: Weavile|Pressure
|-status|p2a: Hatterene|psn
|turn|7
|
|t:|1776034352
|move|p1a: Weavile|Knock Off|p2a: Hatterene
|-damage|p2a: Hatterene|37/100 psn
|-enditem|p2a: Hatterene|Room Service|[from] move: Knock Off|[of] p1a: Weavile
|-damage|p1a: Weavile|91/100|[from] item: Life Orb
|move|p2a: Hatterene|Trick Room|p2a: Hatterene
|-fieldstart|move: Trick Room|[of] p2a: Hatterene
|
|-damage|p2a: Hatterene|24/100 psn|[from] psn
|upkeep
|turn|8
|
|t:|1776034359
|move|p2a: Hatterene|Draining Kiss|p1a: Weavile
|-supereffective|p1a: Weavile
|-crit|p1a: Weavile
|-damage|p1a: Weavile|3/100
|-heal|p2a: Hatterene|83/100 psn|[from] drain|[of] p1a: Weavile
|move|p1a: Weavile|Swords Dance|p1a: Weavile
|-boost|p1a: Weavile|atk|2
|
|-damage|p2a: Hatterene|71/100 psn|[from] psn
|upkeep
|turn|9
|
|t:|1776034365
|move|p1a: Weavile|Ice Shard|p2a: Hatterene
|-damage|p2a: Hatterene|12/100 psn
|-damage|p1a: Weavile|0 fnt|[from] item: Life Orb
|faint|p1a: Weavile
|move|p2a: Hatterene|Draining Kiss|p1: Weavile|[notarget]
|-fail|p2a: Hatterene
|
|-damage|p2a: Hatterene|0 fnt|[from] psn
|faint|p2a: Hatterene
|upkeep
|
|t:|1776034376
|switch|p2a: Sunflora|Sunflora, M|100/100
|switch|p1a: Glowking|Slowking-Galar, M, shiny|100/100
|-status|p2a: Sunflora|psn
|turn|10
|
|t:|1776034392
|-terastallize|p2a: Sunflora|Ground
|move|p1a: Glowking|Sludge Bomb|p2a: Sunflora
|-resisted|p2a: Sunflora
|-damage|p2a: Sunflora|84/100 psn
|move|p2a: Sunflora|Earth Power|p1a: Glowking
|-supereffective|p1a: Glowking
|-damage|p1a: Glowking|53/100
|
|-damage|p2a: Sunflora|72/100 psn|[from] psn
|upkeep
|turn|11
|
|t:|1776034406
|move|p1a: Glowking|Ice Beam|p2a: Sunflora
|-supereffective|p2a: Sunflora
|-damage|p2a: Sunflora|26/100 psn
|move|p2a: Sunflora|Earth Power|p1a: Glowking
|-supereffective|p1a: Glowking
|-damage|p1a: Glowking|5/100
|
|-damage|p2a: Sunflora|14/100 psn|[from] psn
|-fieldend|move: Trick Room
|upkeep
|turn|12
|
|t:|1776034418
|move|p1a: Glowking|Psychic Noise|p2a: Sunflora
|-damage|p2a: Sunflora|0 fnt
|faint|p2a: Sunflora
|
|upkeep
|
|t:|1776034426
|switch|p2a: Walking Wake|Walking Wake|100/100
|-status|p2a: Walking Wake|psn
|turn|13
|
|t:|1776034433
|switch|p1a: Primarina|Primarina, M|100/100
|move|p2a: Walking Wake|Hydro Steam|p1a: Primarina
|-resisted|p1a: Primarina
|-damage|p1a: Primarina|76/100
|
|-heal|p1a: Primarina|82/100|[from] item: Leftovers
|-damage|p2a: Walking Wake|88/100 psn|[from] psn
|upkeep
|turn|14
|
|t:|1776034440
|-end|p2a: Walking Wake|Protosynthesis|[silent]
|switch|p2a: Thundurus|Thundurus, M|53/100 psn
|move|p1a: Primarina|Calm Mind|p1a: Primarina
|-boost|p1a: Primarina|spa|1
|-boost|p1a: Primarina|spd|1
|
|-heal|p1a: Primarina|88/100|[from] item: Leftovers
|-damage|p2a: Thundurus|41/100 psn|[from] psn
|upkeep
|turn|15
|
|t:|1776034444
|move|p2a: Thundurus|Thunderbolt|p1a: Primarina
|-supereffective|p1a: Primarina
|-damage|p1a: Primarina|32/100
|move|p1a: Primarina|Calm Mind|p1a: Primarina
|-boost|p1a: Primarina|spa|1
|-boost|p1a: Primarina|spd|1
|
|-heal|p1a: Primarina|38/100|[from] item: Leftovers
|-damage|p2a: Thundurus|29/100 psn|[from] psn
|upkeep
|turn|16
|
|t:|1776034450
|move|p2a: Thundurus|Volt Switch|p1a: Primarina
|-supereffective|p1a: Primarina
|-damage|p1a: Primarina|5/100
|
|t:|1776034453
|switch|p2a: Slither Wing|Slither Wing|100/100|[from] Volt Switch
|-status|p2a: Slither Wing|psn
|move|p1a: Primarina|Ice Beam|p2a: Slither Wing
|-damage|p2a: Slither Wing|45/100 psn
|
|-heal|p1a: Primarina|11/100|[from] item: Leftovers
|-damage|p2a: Slither Wing|33/100 psn|[from] psn
|upkeep
|turn|17
|
|t:|1776034463
|move|p1a: Primarina|Draining Kiss|p2a: Slither Wing
|-supereffective|p2a: Slither Wing
|-damage|p2a: Slither Wing|0 fnt
|-heal|p1a: Primarina|39/100|[from] drain|[of] p2a: Slither Wing
|faint|p2a: Slither Wing
|-end|p2a: Slither Wing|Protosynthesis|[silent]
|
|-heal|p1a: Primarina|45/100|[from] item: Leftovers
|upkeep
|
|t:|1776034467
|switch|p2a: Thundurus|Thundurus, M|29/100 psn
|turn|18
|
|t:|1776034474
|move|p2a: Thundurus|Thunderbolt|p1a: Primarina
|-supereffective|p1a: Primarina
|-damage|p1a: Primarina|3/100
|move|p1a: Primarina|Draining Kiss|p2a: Thundurus
|-damage|p2a: Thundurus|0 fnt
|-heal|p1a: Primarina|22/100|[from] drain|[of] p2a: Thundurus
|faint|p2a: Thundurus
|
|-heal|p1a: Primarina|28/100|[from] item: Leftovers
|upkeep
|
|t:|1776034477
|switch|p2a: Walking Wake|Walking Wake|88/100 psn
|turn|19
|
|t:|1776034484
|move|p2a: Walking Wake|Hydro Steam|p1a: Primarina
|-resisted|p1a: Primarina
|-damage|p1a: Primarina|16/100
|move|p1a: Primarina|Draining Kiss|p2a: Walking Wake
|-supereffective|p2a: Walking Wake
|-damage|p2a: Walking Wake|0 fnt
|-heal|p1a: Primarina|90/100|[from] drain|[of] p2a: Walking Wake
|faint|p2a: Walking Wake
|-end|p2a: Walking Wake|Protosynthesis|[silent]
|
|win|hornedivysaur
|raw|hornedivysaur's rating: 1118 &rarr; <strong>1141</strong><br />(+23 for winning)
|raw|azura1705's rating: 1087 &rarr; <strong>1066</strong><br />(-21 for losing)
|l|☆hornedivysaur
|player|p1|
|l|☆azura1705
|player|p2|
