|html|<div class="broadcast-blue"><strong>[Gen 9] OU is currently suspecting Volcarona! For information on how to participate check out the <a href="https://www.smogon.com/tools/suspects/view/208">suspect thread</a>.</strong></div>
|j|☆Rubyboi711
|j|☆jelows
|t:|1778516685
|gametype|singles
|player|p1|Rubyboi711|265|1169
|player|p2|jelows|170|1203
|gen|9
|tier|[Gen 9] OU
|rated|
|rule|HP Percentage Mod: HP is shown in percentages
|rule|Endless Battle Clause: Forcing endless battles is banned
|rule|Species Clause: Limit one of each Pokémon
|rule|OHKO Clause: OHKO moves are banned
|rule|Evasion Items Clause: Evasion items are banned
|rule|Evasion Moves Clause: Evasion moves are banned
|rule|Evasion Abilities Clause: Evasion abilities are banned
|rule|Sleep Moves Clause: Sleep-inducing moves are banned
|clearpoke
|poke|p1|Sawsbuck-Winter, F|
|poke|p1|Ursaluna, F|
|poke|p1|Iron Moth|
|poke|p1|Kingambit, F|
|poke|p1|Rampardos, F|
|poke|p1|Araquanid, F|
|poke|p2|Terrakion|
|poke|p2|Klawf, F|
|poke|p2|Vivillon-Fancy, M|
|poke|p2|Mamoswine, M|
|poke|p2|Ditto|
|poke|p2|Iron Jugulis|
|teampreview
|c|☆Rubyboi711|yo bro how do you like see what a mons sttat spread is causse  i know theres a command but idk it
|inactive|Battle timer is ON: inactive players will automatically lose when time's up. (requested by Rubyboi711)
|
|t:|1778516756
|teamsize|p1|6
|teamsize|p2|6
|start
|switch|p1a: Araquanid|Araquanid, F|100/100
|switch|p2a: Iron Jugulis|Iron Jugulis, shiny|100/100
|-enditem|p2a: Iron Jugulis|Booster Energy
|-activate|p2a: Iron Jugulis|ability: Quark Drive|[fromitem]
|-start|p2a: Iron Jugulis|quarkdrivespa
|turn|1
|
|t:|1778516774
|move|p2a: Iron Jugulis|Air Slash|p1a: Araquanid
|-supereffective|p1a: Araquanid
|-damage|p1a: Araquanid|18/100
|move|p1a: Araquanid|Sticky Web|p2a: Iron Jugulis
|-sidestart|p2: jelows|move: Sticky Web
|
|upkeep
|turn|2
|
|t:|1778516781
|switch|p1a: Rampardos|Rampardos, F|100/100
|move|p2a: Iron Jugulis|Flamethrower|p1a: Rampardos
|-resisted|p1a: Rampardos
|-damage|p1a: Rampardos|64/100
|
|upkeep
|turn|3
|
|t:|1778516789
|move|p2a: Iron Jugulis|Earth Power|p1a: Rampardos
|-supereffective|p1a: Rampardos
|-damage|p1a: Rampardos|0 fnt
|faint|p1a: Rampardos
|
|upkeep
|
|t:|1778516796
|switch|p1a: Ursaluna|Ursaluna, F, shiny|100/100
|turn|4
|
|t:|1778516812
|move|p2a: Iron Jugulis|Earth Power|p1a: Ursaluna
|-damage|p1a: Ursaluna|59/100
|move|p1a: Ursaluna|Trailblaze|p2a: Iron Jugulis
|-resisted|p2a: Iron Jugulis
|-damage|p2a: Iron Jugulis|90/100
|-boost|p1a: Ursaluna|spe|1
|
|-status|p1a: Ursaluna|brn|[from] item: Flame Orb
|upkeep
|turn|5
|
|t:|1778516823
|move|p1a: Ursaluna|Facade|p2a: Iron Jugulis
|-damage|p2a: Iron Jugulis|0 fnt
|faint|p2a: Iron Jugulis
|-end|p2a: Iron Jugulis|Quark Drive|[silent]
|
|-damage|p1a: Ursaluna|53/100 brn|[from] brn
|upkeep
|
|t:|1778516841
|switch|p2a: Mamoswine|Mamoswine, M, shiny|100/100
|-activate|p2a: Mamoswine|move: Sticky Web
|-unboost|p2a: Mamoswine|spe|1
|turn|6
|
|t:|1778516849
|move|p1a: Ursaluna|Facade|p2a: Mamoswine
|-damage|p2a: Mamoswine|0 fnt
|faint|p2a: Mamoswine
|
|-damage|p1a: Ursaluna|47/100 brn|[from] brn
|upkeep
|inactive|jelows has 120 seconds left.
|
|t:|1778516872
|switch|p2a: Ditto|Ditto, shiny|100/100
|-activate|p2a: Ditto|move: Sticky Web
|-unboost|p2a: Ditto|spe|1
|-transform|p2a: Ditto|p1a: Ursaluna|[from] ability: Imposter
|turn|7
|
|t:|1778516881
|move|p2a: Ditto|Trailblaze|p1a: Ursaluna
|-supereffective|p1a: Ursaluna
|-damage|p1a: Ursaluna|15/100 brn
|-boost|p2a: Ditto|spe|1
|move|p1a: Ursaluna|Facade|p2a: Ditto
|-damage|p2a: Ditto|0 fnt
|faint|p2a: Ditto
|
|-damage|p1a: Ursaluna|9/100 brn|[from] brn
|upkeep
|inactive|jelows has 120 seconds left.
|c|☆Rubyboi711|should've gone for the killl
|
|t:|1778516900
|switch|p2a: Klawf|Klawf, F, shiny|100/100
|-activate|p2a: Klawf|move: Sticky Web
|-unboost|p2a: Klawf|spe|1
|turn|8
|inactive|jelows has 120 seconds left.
|
|t:|1778516905
|move|p1a: Ursaluna|Headlong Rush|p2a: Klawf
|-supereffective|p2a: Klawf
|-damage|p2a: Klawf|0 fnt
|-unboost|p1a: Ursaluna|def|1
|-unboost|p1a: Ursaluna|spd|1
|-damage|p1a: Ursaluna|0 fnt|[from] item: Rocky Helmet|[of] p2a: Klawf
|faint|p2a: Klawf
|faint|p1a: Ursaluna
|
|upkeep
|-message|jelows forfeited.
|
|win|Rubyboi711
|raw|Rubyboi711's rating: 1169 &rarr; <strong>1196</strong><br />(+27 for winning)
|raw|jelows's rating: 1203 &rarr; <strong>1176</strong><br />(-27 for losing)
|l|☆jelows
|player|p2|
|l|☆Rubyboi711
|player|p1|
