|html|<div class="broadcast-blue"><strong>[Gen 9] OU is currently suspecting Tera Blast! For information on how to participate check out the <a href="https://www.smogon.com/tools/suspects/view/200">suspect thread</a>.</strong></div>
|j|☆Arwisbie
|j|‽Lano Del Rey2
|t:|1776257261
|gametype|singles
|player|p1|Arwisbie|roxie|1162
|player|p2|Lano Del Rey2|swimmer-gen4dp|1222
|gen|9
|tier|[Gen 9] OU
|rated|
|rule|HP Percentage Mod: HP is shown in percentages
|rule|Endless Battle Clause: Forcing endless battles is banned
|rule|Species Clause: Limit one of each Pokémon
|rule|OHKO Clause: OHKO moves are banned
|rule|Evasion Items Clause: Evasion items are banned
|rule|Evasion Moves Clause: Evasion moves are banned
|rule|Evasion Abilities Clause: Evasion abilities are banned
|rule|Sleep Moves Clause: Sleep-inducing moves are banned
|clearpoke
|poke|p1|Great Tusk|
|poke|p1|Kingambit, F|
|poke|p1|Venusaur, M|
|poke|p1|Ninetales, F|
|poke|p1|Raging Bolt|
|poke|p1|Primarina, F|
|poke|p2|Rotom-Wash|
|poke|p2|Dragonite, F|
|poke|p2|Heatran, F|
|poke|p2|Sinistcha-Masterpiece|
|poke|p2|Clefable, F|
|poke|p2|Excadrill, M|
|teampreview
|inactive|Battle timer is ON: inactive players will automatically lose when time's up. (requested by Lano Del Rey2)
|inactive|Arwisbie also wants the timer to be on.
|
|t:|1776257288
|teamsize|p1|6
|teamsize|p2|6
|start
|switch|p1a: Primarina|Primarina, F|100/100
|switch|p2a: Heatran|Heatran, F, shiny|100/100
|turn|1
|
|t:|1776257304
|-terastallize|p2a: Heatran|Grass
|move|p2a: Heatran|Will-O-Wisp|p1a: Primarina
|-status|p1a: Primarina|brn
|move|p1a: Primarina|Flip Turn|p2a: Heatran
|-resisted|p2a: Heatran
|-damage|p2a: Heatran|97/100
|
|t:|1776257313
|switch|p1a: Ninetales|Ninetales, F|100/100|[from] Flip Turn
|-weather|SunnyDay|[from] ability: Drought|[of] p1a: Ninetales
|
|-weather|SunnyDay|[upkeep]
|-heal|p2a: Heatran|100/100|[from] item: Leftovers
|upkeep
|turn|2
|
|t:|1776257319
|move|p1a: Ninetales|Encore|p2a: Heatran
|-start|p2a: Heatran|Encore
|move|p2a: Heatran|Will-O-Wisp|p1a: Ninetales
|-immune|p1a: Ninetales
|
|-weather|SunnyDay|[upkeep]
|upkeep
|turn|3
|
|t:|1776257329
|switch|p1a: Primarina|Primarina, F|100/100 brn
|move|p2a: Heatran|Will-O-Wisp|p1a: Primarina
|-fail|p1a: Primarina|brn
|
|-weather|SunnyDay|[upkeep]
|-damage|p1a: Primarina|94/100 brn|[from] brn
|upkeep
|turn|4
|
|t:|1776257340
|move|p2a: Heatran|Will-O-Wisp|p1a: Primarina
|-fail|p1a: Primarina|brn
|move|p1a: Primarina|Moonblast|p2a: Heatran
|-damage|p2a: Heatran|68/100
|
|-weather|SunnyDay|[upkeep]
|-heal|p2a: Heatran|75/100|[from] item: Leftovers
|-damage|p1a: Primarina|88/100 brn|[from] brn
|-end|p2a: Heatran|Encore
|upkeep
|turn|5
|
|t:|1776257359
|move|p2a: Heatran|Flash Cannon|p1a: Primarina
|-damage|p1a: Primarina|66/100 brn
|move|p1a: Primarina|Flip Turn|p2a: Heatran
|-resisted|p2a: Heatran
|-damage|p2a: Heatran|73/100
|
|t:|1776257365
|switch|p1a: Great Tusk|Great Tusk|100/100|[from] Flip Turn
|-activate|p1a: Great Tusk|ability: Protosynthesis
|-start|p1a: Great Tusk|protosynthesisatk
|
|-weather|SunnyDay|[upkeep]
|-heal|p2a: Heatran|79/100|[from] item: Leftovers
|upkeep
|turn|6
|
|t:|1776257379
|switch|p2a: Rotom|Rotom-Wash|100/100
|move|p1a: Great Tusk|Ice Spinner|p2a: Rotom
|-resisted|p2a: Rotom
|-crit|p2a: Rotom
|-damage|p2a: Rotom|81/100
|
|-weather|SunnyDay|[upkeep]
|-heal|p2a: Rotom|87/100|[from] item: Leftovers
|upkeep
|turn|7
|
|t:|1776257399
|-end|p1a: Great Tusk|Protosynthesis|[silent]
|switch|p1a: Primarina|Primarina, F|66/100 brn
|move|p2a: Rotom|Hydro Pump|p1a: Primarina
|-resisted|p1a: Primarina
|-damage|p1a: Primarina|60/100 brn
|
|-weather|SunnyDay|[upkeep]
|-heal|p2a: Rotom|93/100|[from] item: Leftovers
|-damage|p1a: Primarina|54/100 brn|[from] brn
|upkeep
|turn|8
|
|t:|1776257408
|move|p2a: Rotom|Volt Switch|p1a: Primarina
|-supereffective|p1a: Primarina
|-damage|p1a: Primarina|22/100 brn
|
|t:|1776257412
|switch|p2a: Heatran|Heatran, F, shiny, tera:Grass|79/100|[from] Volt Switch
|move|p1a: Primarina|Moonblast|p2a: Heatran
|-damage|p2a: Heatran|43/100
|
|-weather|none
|-heal|p2a: Heatran|49/100|[from] item: Leftovers
|-damage|p1a: Primarina|15/100 brn|[from] brn
|upkeep
|turn|9
|
|t:|1776257423
|move|p2a: Heatran|Earth Power|p1a: Primarina
|-damage|p1a: Primarina|0 fnt
|faint|p1a: Primarina
|
|-heal|p2a: Heatran|55/100|[from] item: Leftovers
|upkeep
|
|t:|1776257432
|switch|p1a: Ninetales|Ninetales, F|100/100
|-weather|SunnyDay|[from] ability: Drought|[of] p1a: Ninetales
|turn|10
|
|t:|1776257460
|switch|p1a: Venusaur|Venusaur, M|100/100
|move|p2a: Heatran|Earth Power|p1a: Venusaur
|-damage|p1a: Venusaur|73/100
|
|-weather|SunnyDay|[upkeep]
|-heal|p2a: Heatran|61/100|[from] item: Leftovers
|upkeep
|turn|11
|inactive|Lano Del Rey2 has 120 seconds left.
|
|t:|1776257497
|switch|p2a: Excadrill|Excadrill, M, shiny|100/100
|-ability|p2a: Excadrill|Mold Breaker
|move|p1a: Venusaur|Sludge Bomb|p2a: Excadrill
|-immune|p2a: Excadrill
|
|-weather|SunnyDay|[upkeep]
|upkeep
|turn|12
|inactive|Lano Del Rey2 has 120 seconds left.
|
|t:|1776257508
|move|p1a: Venusaur|Weather Ball|p2a: Excadrill
|-supereffective|p2a: Excadrill
|-damage|p2a: Excadrill|0 fnt
|faint|p2a: Excadrill
|-damage|p1a: Venusaur|63/100|[from] item: Life Orb
|
|-weather|SunnyDay|[upkeep]
|upkeep
|inactive|Lano Del Rey2 has 120 seconds left.
|
|t:|1776257516
|switch|p2a: Dragonite|Dragonite, F|100/100
|turn|13
|
|t:|1776257530
|switch|p1a: Kingambit|Kingambit, F|100/100
|-activate|p1a: Kingambit|ability: Supreme Overlord
|-start|p1a: Kingambit|fallen1|[silent]
|move|p2a: Dragonite|Dragon Dance|p2a: Dragonite
|-boost|p2a: Dragonite|atk|1
|-boost|p2a: Dragonite|spe|1
|
|-weather|SunnyDay|[upkeep]
|upkeep
|turn|14
|
|t:|1776257546
|move|p1a: Kingambit|Sucker Punch|p2a: Dragonite
|-damage|p2a: Dragonite|74/100
|move|p2a: Dragonite|Earthquake|p1a: Kingambit
|-supereffective|p1a: Kingambit
|-damage|p1a: Kingambit|3/100
|
|-weather|SunnyDay|[upkeep]
|-heal|p2a: Dragonite|81/100|[from] item: Leftovers
|-heal|p1a: Kingambit|9/100|[from] item: Leftovers
|upkeep
|turn|15
|
|t:|1776257555
|move|p1a: Kingambit|Sucker Punch||[still]
|-fail|p1a: Kingambit
|move|p2a: Dragonite|Roost|p2a: Dragonite
|-heal|p2a: Dragonite|100/100
|-singleturn|p2a: Dragonite|move: Roost
|
|-weather|SunnyDay|[upkeep]
|-heal|p1a: Kingambit|15/100|[from] item: Leftovers
|upkeep
|turn|16
|
|t:|1776257564
|move|p2a: Dragonite|Earthquake|p1a: Kingambit
|-supereffective|p1a: Kingambit
|-damage|p1a: Kingambit|0 fnt
|faint|p1a: Kingambit
|-end|p1a: Kingambit|fallen1|[silent]
|
|-weather|SunnyDay|[upkeep]
|upkeep
|
|t:|1776257571
|switch|p1a: Great Tusk|Great Tusk|100/100
|-activate|p1a: Great Tusk|ability: Protosynthesis
|-start|p1a: Great Tusk|protosynthesisatk
|turn|17
|
|t:|1776257579
|move|p2a: Dragonite|Ice Spinner|p1a: Great Tusk
|-supereffective|p1a: Great Tusk
|-damage|p1a: Great Tusk|41/100
|move|p1a: Great Tusk|Rapid Spin|p2a: Dragonite
|-damage|p2a: Dragonite|88/100
|-boost|p1a: Great Tusk|spe|1
|
|-weather|none
|-end|p1a: Great Tusk|Protosynthesis
|-heal|p2a: Dragonite|94/100|[from] item: Leftovers
|upkeep
|turn|18
|
|t:|1776257591
|move|p2a: Dragonite|Ice Spinner|p1a: Great Tusk
|-supereffective|p1a: Great Tusk
|-damage|p1a: Great Tusk|0 fnt
|faint|p1a: Great Tusk
|-end|p1a: Great Tusk|Protosynthesis|[silent]
|
|-heal|p2a: Dragonite|99/100|[from] item: Leftovers
|upkeep
|
|t:|1776257600
|switch|p1a: Raging Bolt|Raging Bolt|100/100
|turn|19
|
|t:|1776257611
|-terastallize|p1a: Raging Bolt|Fairy
|move|p2a: Dragonite|Earthquake|p1a: Raging Bolt
|-damage|p1a: Raging Bolt|51/100
|move|p1a: Raging Bolt|Dragon Pulse|p2a: Dragonite
|-supereffective|p2a: Dragonite
|-damage|p2a: Dragonite|0 fnt
|faint|p2a: Dragonite
|
|upkeep
|
|t:|1776257621
|switch|p2a: Clefable|Clefable, F, shiny|100/100
|turn|20
|
|t:|1776257629
|move|p1a: Raging Bolt|Volt Switch|p2a: Clefable
|-damage|p2a: Clefable|60/100
|
|t:|1776257632
|-end|p1a: Raging Bolt|Protosynthesis|[silent]
|switch|p1a: Ninetales|Ninetales, F|100/100|[from] Volt Switch
|-weather|SunnyDay|[from] ability: Drought|[of] p1a: Ninetales
|move|p2a: Clefable|Calm Mind|p2a: Clefable
|-boost|p2a: Clefable|spa|1
|-boost|p2a: Clefable|spd|1
|
|-weather|SunnyDay|[upkeep]
|-heal|p2a: Clefable|66/100|[from] item: Leftovers
|upkeep
|turn|21
|
|t:|1776257640
|move|p1a: Ninetales|Encore|p2a: Clefable
|-start|p2a: Clefable|Encore
|move|p2a: Clefable|Calm Mind|p2a: Clefable
|-boost|p2a: Clefable|spa|1
|-boost|p2a: Clefable|spd|1
|
|-weather|SunnyDay|[upkeep]
|-heal|p2a: Clefable|72/100|[from] item: Leftovers
|upkeep
|turn|22
|
|t:|1776257651
|switch|p1a: Venusaur|Venusaur, M|63/100
|move|p2a: Clefable|Calm Mind|p2a: Clefable
|-boost|p2a: Clefable|spa|1
|-boost|p2a: Clefable|spd|1
|
|-weather|SunnyDay|[upkeep]
|-heal|p2a: Clefable|78/100|[from] item: Leftovers
|upkeep
|turn|23
|
|t:|1776257661
|move|p1a: Venusaur|Growth|p1a: Venusaur
|-boost|p1a: Venusaur|atk|2
|-boost|p1a: Venusaur|spa|2
|move|p2a: Clefable|Calm Mind|p2a: Clefable
|-boost|p2a: Clefable|spa|1
|-boost|p2a: Clefable|spd|1
|
|-weather|SunnyDay|[upkeep]
|-heal|p2a: Clefable|85/100|[from] item: Leftovers
|-end|p2a: Clefable|Encore
|upkeep
|turn|24
|
|t:|1776257670
|move|p1a: Venusaur|Sludge Bomb|p2a: Clefable
|-supereffective|p2a: Clefable
|-crit|p2a: Clefable
|-damage|p2a: Clefable|0 fnt
|faint|p2a: Clefable
|-damage|p1a: Venusaur|53/100|[from] item: Life Orb
|
|-weather|SunnyDay|[upkeep]
|upkeep
|
|t:|1776257692
|switch|p2a: Sinistcha|Sinistcha-Masterpiece, shiny|100/100
|turn|25
|
|t:|1776257700
|move|p1a: Venusaur|Weather Ball|p2a: Sinistcha
|-supereffective|p2a: Sinistcha
|-damage|p2a: Sinistcha|0 fnt
|faint|p2a: Sinistcha
|-damage|p1a: Venusaur|43/100|[from] item: Life Orb
|
|-weather|SunnyDay|[upkeep]
|upkeep
|
|t:|1776257707
|switch|p2a: Rotom|Rotom-Wash|93/100
|turn|26
|
|t:|1776257713
|move|p1a: Venusaur|Giga Drain|p2a: Rotom
|-supereffective|p2a: Rotom
|-damage|p2a: Rotom|0 fnt
|-heal|p1a: Venusaur|90/100|[from] drain|[of] p2a: Rotom
|faint|p2a: Rotom
|-damage|p1a: Venusaur|80/100|[from] item: Life Orb
|
|-weather|SunnyDay|[upkeep]
|upkeep
|
|t:|1776257719
|switch|p2a: Heatran|Heatran, F, shiny, tera:Grass|61/100
|turn|27
|
|t:|1776257726
|move|p1a: Venusaur|Sludge Bomb|p2a: Heatran
|-supereffective|p2a: Heatran
|-damage|p2a: Heatran|0 fnt
|faint|p2a: Heatran
|-damage|p1a: Venusaur|70/100|[from] item: Life Orb
|
|win|Arwisbie
|raw|Arwisbie's rating: 1162 &rarr; <strong>1193</strong><br />(+31 for winning)
|raw|Lano Del Rey2's rating: 1241 &rarr; <strong>1210</strong><br />(-31 for losing)
|l|‽Lano Del Rey2
|player|p2|
