|html|<div class="broadcast-blue"><strong>[Gen 9] OU is currently suspecting Tera Blast! For information on how to participate check out the <a href="https://www.smogon.com/tools/suspects/view/200">suspect thread</a>.</strong></div>
|j|☆pokemonkorea co kr
|j|☆Hidden-Chaos-7777
|t:|1776120521
|gametype|singles
|player|p1|pokemonkorea co kr|#bltxrufflets|1265
|player|p2|Hidden-Chaos-7777|266|1338
|gen|9
|tier|[Gen 9] OU
|rated|
|rule|HP Percentage Mod: HP is shown in percentages
|rule|Endless Battle Clause: Forcing endless battles is banned
|rule|Species Clause: Limit one of each Pokémon
|rule|OHKO Clause: OHKO moves are banned
|rule|Evasion Items Clause: Evasion items are banned
|rule|Evasion Moves Clause: Evasion moves are banned
|rule|Evasion Abilities Clause: Evasion abilities are banned
|rule|Sleep Moves Clause: Sleep-inducing moves are banned
|clearpoke
|poke|p1|Mew|
|poke|p1|Dragapult, F|
|poke|p1|Feraligatr, M|
|poke|p1|Thundurus-Therian, M|
|poke|p1|Porygon-Z|
|poke|p1|Blaziken, F|
|poke|p2|Meowscarada, M|
|poke|p2|Samurott-Hisui, M|
|poke|p2|Gholdengo|
|poke|p2|Great Tusk|
|poke|p2|Dragonite, F|
|poke|p2|Kingambit, M|
|teampreview
|inactive|Battle timer is ON: inactive players will automatically lose when time's up. (requested by Hidden-Chaos-7777)
|
|t:|1776120534
|teamsize|p1|6
|teamsize|p2|6
|start
|switch|p1a: Thundurus|Thundurus-Therian, M|100/100
|switch|p2a: Meowscarada|Meowscarada, M|100/100
|turn|1
|
|t:|1776120561
|switch|p1a: Blaziken|Blaziken, F|100/100
|move|p2a: Meowscarada|Triple Axel|p1a: Blaziken
|-start|p2a: Meowscarada|typechange|Ice|[from] ability: Protean
|-resisted|p1a: Blaziken
|-damage|p1a: Blaziken|90/100
|-resisted|p1a: Blaziken
|-damage|p1a: Blaziken|69/100
|-resisted|p1a: Blaziken
|-damage|p1a: Blaziken|36/100
|-hitcount|p1a: Blaziken|3
|
|upkeep
|turn|2
|inactive|Hidden-Chaos-7777 has 120 seconds left.
|
|t:|1776120577
|move|p2a: Meowscarada|Triple Axel|p1a: Blaziken
|-resisted|p1a: Blaziken
|-damage|p1a: Blaziken|26/100
|-hitcount|p1a: Blaziken|1
|move|p1a: Blaziken|Flare Blitz|p2a: Meowscarada
|-supereffective|p2a: Meowscarada
|-damage|p2a: Meowscarada|0 fnt
|faint|p2a: Meowscarada
|-damage|p1a: Blaziken|0 fnt|[from] Recoil
|faint|p1a: Blaziken
|
|upkeep
|inactive|Hidden-Chaos-7777 has 120 seconds left.
|
|t:|1776120598
|switch|p2a: Great Tusk|Great Tusk|100/100
|switch|p1a: Thundurus|Thundurus-Therian, M|100/100
|turn|3
|
|t:|1776120607
|move|p1a: Thundurus|Grass Knot|p2a: Great Tusk
|-supereffective|p2a: Great Tusk
|-damage|p2a: Great Tusk|0 fnt
|faint|p2a: Great Tusk
|-end|p2a: Great Tusk|Protosynthesis|[silent]
|
|upkeep
|
|t:|1776120615
|switch|p2a: Gholdengo|Gholdengo|100/100
|turn|4
|
|t:|1776120630
|move|p1a: Thundurus|Thunderbolt|p2a: Gholdengo
|-damage|p2a: Gholdengo|41/100
|move|p2a: Gholdengo|Make It Rain|p1a: Thundurus
|-resisted|p1a: Thundurus
|-damage|p1a: Thundurus|38/100
|-unboost|p2a: Gholdengo|spa|1
|
|upkeep
|turn|5
|
|t:|1776120642
|move|p1a: Thundurus|Thunderbolt|p2a: Gholdengo
|-damage|p2a: Gholdengo|0 fnt
|faint|p2a: Gholdengo
|
|upkeep
|
|t:|1776120662
|switch|p2a: Samurott|Samurott-Hisui, M|100/100
|turn|6
|
|t:|1776120670
|move|p2a: Samurott|Ceaseless Edge|p1a: Thundurus
|-damage|p1a: Thundurus|0 fnt
|-sidestart|p1: pokemonkorea co kr|Spikes
|faint|p1a: Thundurus
|
|upkeep
|
|t:|1776120677
|switch|p1a: Feraligatr|Feraligatr, M|100/100
|-damage|p1a: Feraligatr|88/100|[from] Spikes
|turn|7
|
|t:|1776120683
|-terastallize|p1a: Feraligatr|Fighting
|move|p2a: Samurott|Ceaseless Edge|p1a: Feraligatr
|-resisted|p1a: Feraligatr
|-damage|p1a: Feraligatr|65/100
|-sidestart|p1: pokemonkorea co kr|Spikes
|move|p1a: Feraligatr|Dragon Dance|p1a: Feraligatr
|-boost|p1a: Feraligatr|atk|1
|-boost|p1a: Feraligatr|spe|1
|
|upkeep
|turn|8
|
|t:|1776120692
|switch|p2a: Kingambit|Kingambit, M|100/100
|-activate|p2a: Kingambit|ability: Supreme Overlord
|-start|p2a: Kingambit|fallen3|[silent]
|move|p1a: Feraligatr|Liquidation|p2a: Kingambit
|-damage|p2a: Kingambit|17/100
|
|-heal|p2a: Kingambit|23/100|[from] item: Leftovers
|upkeep
|turn|9
|inactive|Hidden-Chaos-7777 has 120 seconds left.
|
|t:|1776120703
|move|p1a: Feraligatr|Liquidation|p2a: Kingambit
|-damage|p2a: Kingambit|0 fnt
|faint|p2a: Kingambit
|-end|p2a: Kingambit|fallen3|[silent]
|
|upkeep
|inactive|Hidden-Chaos-7777 has 90 seconds left.
|
|t:|1776120735
|switch|p2a: Dragonite|Dragonite, F|100/100
|turn|10
|
|t:|1776120743
|-terastallize|p2a: Dragonite|Normal
|move|p1a: Feraligatr|Ice Punch|p2a: Dragonite
|-damage|p2a: Dragonite|66/100
|move|p2a: Dragonite|Dragon Dance|p2a: Dragonite
|-boost|p2a: Dragonite|atk|1
|-boost|p2a: Dragonite|spe|1
|
|upkeep
|turn|11
|inactive|Hidden-Chaos-7777 has 90 seconds left.
|
|t:|1776120759
|move|p2a: Dragonite|Extreme Speed|p1a: Feraligatr
|-damage|p1a: Feraligatr|0 fnt
|faint|p1a: Feraligatr
|
|upkeep
|
|t:|1776120763
|switch|p1a: Dragapult|Dragapult, F|100/100
|-damage|p1a: Dragapult|84/100|[from] Spikes
|turn|12
|
|t:|1776120771
|move|p1a: Dragapult|Reflect|p1a: Dragapult
|-sidestart|p1: pokemonkorea co kr|Reflect
|move|p2a: Dragonite|Ice Spinner|p1a: Dragapult
|-supereffective|p1a: Dragapult
|-damage|p1a: Dragapult|27/100
|
|upkeep
|turn|13
|
|t:|1776120778
|move|p1a: Dragapult|Curse|p2a: Dragonite
|-start|p2a: Dragonite|Curse|[of] p1a: Dragapult
|-damage|p1a: Dragapult|0 fnt
|faint|p1a: Dragapult
|move|p2a: Dragonite|Dragon Dance|p2a: Dragonite
|-boost|p2a: Dragonite|atk|1
|-boost|p2a: Dragonite|spe|1
|
|-damage|p2a: Dragonite|42/100|[from] Curse
|upkeep
|
|t:|1776120784
|switch|p1a: Mew|Mew|100/100
|-damage|p1a: Mew|84/100|[from] Spikes
|turn|14
|
|t:|1776120793
|move|p2a: Dragonite|Extreme Speed|p1a: Mew
|-damage|p1a: Mew|44/100
|-enditem|p1a: Mew|Red Card|[of] p2a: Dragonite
|drag|p2a: Samurott|Samurott-Hisui, M|100/100
|move|p1a: Mew|Stealth Rock|p2a: Samurott
|-sidestart|p2: Hidden-Chaos-7777|move: Stealth Rock
|
|upkeep
|turn|15
|inactive|Hidden-Chaos-7777 has 120 seconds left.
|
|t:|1776120810
|move|p2a: Samurott|Knock Off|p1a: Mew
|-supereffective|p1a: Mew
|-damage|p1a: Mew|18/100
|move|p1a: Mew|Spikes|p2a: Samurott
|-sidestart|p2: Hidden-Chaos-7777|Spikes
|
|upkeep
|turn|16
|
|t:|1776120815
|move|p2a: Samurott|Knock Off|p1a: Mew
|-supereffective|p1a: Mew
|-damage|p1a: Mew|0 fnt
|faint|p1a: Mew
|
|upkeep
|
|t:|1776120817
|switch|p1a: Porygon-Z|Porygon-Z|100/100
|-damage|p1a: Porygon-Z|84/100|[from] Spikes
|turn|17
|
|t:|1776120824
|move|p2a: Samurott|Knock Off|p1a: Porygon-Z
|-damage|p1a: Porygon-Z|49/100
|-enditem|p1a: Porygon-Z|Leftovers|[from] move: Knock Off|[of] p2a: Samurott
|move|p1a: Porygon-Z|Agility|p1a: Porygon-Z
|-boost|p1a: Porygon-Z|spe|2
|
|upkeep
|turn|18
|
|t:|1776120837
|move|p1a: Porygon-Z|Tri Attack|p2a: Samurott
|-damage|p2a: Samurott|1/100
|-status|p2a: Samurott|frz
|-curestatus|p2a: Samurott|frz|[msg]
|move|p2a: Samurott|Knock Off|p1a: Porygon-Z
|-damage|p1a: Porygon-Z|28/100
|
|upkeep
|turn|19
|
|t:|1776120845
|move|p1a: Porygon-Z|Tri Attack|p2a: Samurott
|-damage|p2a: Samurott|0 fnt
|faint|p2a: Samurott
|
|-sideend|p1: pokemonkorea co kr|Reflect
|upkeep
|
|t:|1776120850
|switch|p2a: Dragonite|Dragonite, F, tera:Normal|42/100
|-damage|p2a: Dragonite|29/100|[from] Stealth Rock
|-damage|p2a: Dragonite|17/100|[from] Spikes
|turn|20
|
|t:|1776120855
|move|p2a: Dragonite|Extreme Speed|p1a: Porygon-Z
|-damage|p1a: Porygon-Z|0 fnt
|faint|p1a: Porygon-Z
|
|win|Hidden-Chaos-7777
|raw|pokemonkorea co kr's rating: 1265 &rarr; <strong>1245</strong><br />(-20 for losing)
|raw|Hidden-Chaos-7777's rating: 1338 &rarr; <strong>1354</strong><br />(+16 for winning)
