|html|<div class="broadcast-blue"><strong>[Gen 9] OU is currently suspecting Tera Blast! For information on how to participate check out the <a href="https://www.smogon.com/tools/suspects/view/200">suspect thread</a>.</strong></div>
|j|☆i love tequenos
|j|☆jimborri
|t:|1776071575
|gametype|singles
|player|p1|i love tequenos|pokemonbreeder-gen4|1201
|player|p2|jimborri|blackbelt|1248
|gen|9
|tier|[Gen 9] OU
|rated|
|rule|HP Percentage Mod: HP is shown in percentages
|rule|Endless Battle Clause: Forcing endless battles is banned
|rule|Species Clause: Limit one of each Pokémon
|rule|OHKO Clause: OHKO moves are banned
|rule|Evasion Items Clause: Evasion items are banned
|rule|Evasion Moves Clause: Evasion moves are banned
|rule|Evasion Abilities Clause: Evasion abilities are banned
|rule|Sleep Moves Clause: Sleep-inducing moves are banned
|clearpoke
|poke|p1|Tyranitar, M|
|poke|p1|Excadrill, M|
|poke|p1|Iron Valiant|
|poke|p1|Zapdos|
|poke|p1|Ogerpon, F|
|poke|p1|Toxapex, M|
|poke|p2|Jolteon, F|
|poke|p2|Skeledirge, F|
|poke|p2|Forretress, M|
|poke|p2|Hitmonlee, M|
|poke|p2|Hydrapple, M|
|poke|p2|Cloyster, M|
|teampreview
|inactive|Battle timer is ON: inactive players will automatically lose when time's up. (requested by jimborri)
|
|t:|1776071587
|teamsize|p1|6
|teamsize|p2|6
|start
|switch|p1a: Calamity|Iron Valiant, shiny|100/100
|switch|p2a: Forretress|Forretress, M|100/100
|turn|1
|
|t:|1776071591
|move|p1a: Calamity|Moonblast|p2a: Forretress
|-resisted|p2a: Forretress
|-damage|p2a: Forretress|42/100
|move|p2a: Forretress|Thunder Wave|p1a: Calamity
|-status|p1a: Calamity|par
|
|upkeep
|turn|2
|
|t:|1776071597
|cant|p1a: Calamity|par
|move|p2a: Forretress|Stealth Rock|p1a: Calamity
|-sidestart|p1: i love tequenos|move: Stealth Rock
|
|upkeep
|turn|3
|
|t:|1776071599
|move|p1a: Calamity|Moonblast|p2a: Forretress
|-resisted|p2a: Forretress
|-damage|p2a: Forretress|0 fnt
|faint|p2a: Forretress
|
|upkeep
|
|t:|1776071615
|switch|p2a: Skeledirge|Skeledirge, F|100/100
|turn|4
|
|t:|1776071619
|-end|p1a: Calamity|Quark Drive|[silent]
|switch|p1a: Rex|Tyranitar, M, shiny|100/100
|-damage|p1a: Rex|88/100|[from] Stealth Rock
|-weather|Sandstorm|[from] ability: Sand Stream|[of] p1a: Rex
|move|p2a: Skeledirge|Torch Song|p1a: Rex
|-resisted|p1a: Rex
|-damage|p1a: Rex|75/100
|-boost|p2a: Skeledirge|spa|1
|-enditem|p2a: Skeledirge|Throat Spray
|-boost|p2a: Skeledirge|spa|1|[from] item: Throat Spray
|
|-weather|Sandstorm|[upkeep]
|-damage|p2a: Skeledirge|94/100|[from] Sandstorm
|upkeep
|turn|5
|
|t:|1776071624
|move|p1a: Rex|Knock Off|p2a: Skeledirge
|-supereffective|p2a: Skeledirge
|-damage|p2a: Skeledirge|36/100
|move|p2a: Skeledirge|Alluring Voice|p1a: Rex
|-supereffective|p1a: Rex
|-damage|p1a: Rex|3/100
|
|-weather|Sandstorm|[upkeep]
|-damage|p2a: Skeledirge|30/100|[from] Sandstorm
|upkeep
|turn|6
|
|t:|1776071629
|move|p1a: Rex|Stealth Rock|p2a: Skeledirge
|-sidestart|p2: jimborri|move: Stealth Rock
|move|p2a: Skeledirge|Alluring Voice|p1a: Rex
|-supereffective|p1a: Rex
|-damage|p1a: Rex|0 fnt
|faint|p1a: Rex
|
|-weather|Sandstorm|[upkeep]
|-damage|p2a: Skeledirge|24/100|[from] Sandstorm
|upkeep
|
|t:|1776071631
|switch|p1a: Impaler|Excadrill, M, shiny|100/100
|-damage|p1a: Impaler|97/100|[from] Stealth Rock
|turn|7
|
|t:|1776071641
|move|p1a: Impaler|Earthquake|p2a: Skeledirge
|-supereffective|p2a: Skeledirge
|-damage|p2a: Skeledirge|0 fnt
|faint|p2a: Skeledirge
|
|-weather|Sandstorm|[upkeep]
|-heal|p1a: Impaler|100/100|[from] item: Leftovers
|upkeep
|
|t:|1776071648
|switch|p2a: Hitmonlee|Hitmonlee, M|100/100
|-damage|p2a: Hitmonlee|94/100|[from] Stealth Rock
|turn|8
|
|t:|1776071653
|-terastallize|p1a: Impaler|Ground
|move|p2a: Hitmonlee|Endure|p2a: Hitmonlee
|-singleturn|p2a: Hitmonlee|move: Endure
|move|p1a: Impaler|Earthquake|p2a: Hitmonlee
|-activate|p2a: Hitmonlee|move: Endure
|-damage|p2a: Hitmonlee|1/100
|-enditem|p2a: Hitmonlee|Liechi Berry|[eat]
|-boost|p2a: Hitmonlee|atk|1|[from] item: Liechi Berry
|
|-weather|Sandstorm|[upkeep]
|-damage|p2a: Hitmonlee|0 fnt|[from] Sandstorm
|faint|p2a: Hitmonlee
|upkeep
|-message|jimborri forfeited.
|
|win|i love tequenos
|raw|i love tequenos's rating: 1201 &rarr; <strong>1229</strong><br />(+28 for winning)
|raw|jimborri's rating: 1248 &rarr; <strong>1220</strong><br />(-28 for losing)
|l|☆jimborri
|player|p2|
|l|☆i love tequenos
|player|p1|
