|html|<div class="broadcast-blue"><strong>[Gen 9] OU is currently suspecting Tera Blast! For information on how to participate check out the <a href="https://www.smogon.com/tools/suspects/view/200">suspect thread</a>.</strong></div>
|j|☆DonovanIsNotHere
|j|☆mr parasect alt
|t:|1776036096
|gametype|singles
|player|p1|DonovanIsNotHere|266|1551
|player|p2|mr parasect alt|waitress|1650
|gen|9
|tier|[Gen 9] OU
|rated|
|rule|HP Percentage Mod: HP is shown in percentages
|rule|Endless Battle Clause: Forcing endless battles is banned
|rule|Species Clause: Limit one of each Pokémon
|rule|OHKO Clause: OHKO moves are banned
|rule|Evasion Items Clause: Evasion items are banned
|rule|Evasion Moves Clause: Evasion moves are banned
|rule|Evasion Abilities Clause: Evasion abilities are banned
|rule|Sleep Moves Clause: Sleep-inducing moves are banned
|clearpoke
|poke|p1|Venusaur, M|
|poke|p1|Magnezone|
|poke|p1|Moltres|
|poke|p1|Ogerpon-Wellspring, F|
|poke|p1|Clefable, F|
|poke|p1|Pecharunt|
|poke|p2|Iron Valiant|
|poke|p2|Great Tusk|
|poke|p2|Dragonite, F|
|poke|p2|Deoxys-Speed|
|poke|p2|Glimmora, M|
|poke|p2|Ogerpon-Wellspring, F|
|teampreview
|inactive|Battle timer is ON: inactive players will automatically lose when time's up. (requested by DonovanIsNotHere)
|
|t:|1776036129
|teamsize|p1|6
|teamsize|p2|6
|start
|switch|p1a: Bird Trap|Magnezone|100/100
|switch|p2a: Glimmora|Glimmora, M|100/100
|turn|1
|
|t:|1776036142
|switch|p2a: Ogerpon|Ogerpon-Wellspring, F|100/100
|switch|p1a: Flytrap|Venusaur, M|100/100
|
|upkeep
|turn|2
|
|t:|1776036153
|move|p2a: Ogerpon|Knock Off|p1a: Flytrap
|-damage|p1a: Flytrap|57/100
|-enditem|p1a: Flytrap|Leftovers|[from] move: Knock Off|[of] p2a: Ogerpon
|move|p1a: Flytrap|Acid Spray|p2a: Ogerpon
|-supereffective|p2a: Ogerpon
|-damage|p2a: Ogerpon|70/100
|-unboost|p2a: Ogerpon|spd|2
|
|upkeep
|turn|3
|
|t:|1776036164
|switch|p2a: Glimmora|Glimmora, M|100/100
|move|p1a: Flytrap|Giga Drain|p2a: Glimmora
|-damage|p2a: Glimmora|69/100
|-heal|p1a: Flytrap|70/100|[from] drain|[of] p2a: Glimmora
|
|upkeep
|turn|4
|
|t:|1776036168
|move|p2a: Glimmora|Meteor Beam||[still]
|-prepare|p2a: Glimmora|Meteor Beam
|-boost|p2a: Glimmora|spa|1
|-enditem|p2a: Glimmora|Power Herb
|-anim|p2a: Glimmora|Meteor Beam|p1a: Flytrap
|-damage|p1a: Flytrap|11/100
|move|p1a: Flytrap|Earth Power|p2a: Glimmora
|-supereffective|p2a: Glimmora
|-damage|p2a: Glimmora|0 fnt
|faint|p2a: Glimmora
|
|upkeep
|
|t:|1776036173
|switch|p2a: Iron Valiant|Iron Valiant|100/100
|-enditem|p2a: Iron Valiant|Booster Energy
|-activate|p2a: Iron Valiant|ability: Quark Drive|[fromitem]
|-start|p2a: Iron Valiant|quarkdrivespe
|turn|5
|
|t:|1776036190
|move|p2a: Iron Valiant|Moonblast|p1a: Flytrap
|-resisted|p1a: Flytrap
|-damage|p1a: Flytrap|0 fnt
|faint|p1a: Flytrap
|
|upkeep
|
|t:|1776036191
|switch|p1a: Dog Trap|Moltres|100/100
|turn|6
|
|t:|1776036208
|move|p2a: Iron Valiant|Moonblast|p1a: Dog Trap
|-resisted|p1a: Dog Trap
|-damage|p1a: Dog Trap|79/100
|move|p1a: Dog Trap|Hurricane|p2a: Iron Valiant
|-supereffective|p2a: Iron Valiant
|-damage|p2a: Iron Valiant|0 fnt
|faint|p2a: Iron Valiant
|-end|p2a: Iron Valiant|Quark Drive|[silent]
|
|upkeep
|
|t:|1776036213
|switch|p2a: Ogerpon|Ogerpon-Wellspring, F|70/100
|turn|7
|j| Kyurem
|
|t:|1776036234
|-terastallize|p1a: Dog Trap|Grass
|move|p2a: Ogerpon|Ivy Cudgel|p1a: Dog Trap|[anim] Ivy Cudgel Water
|-resisted|p1a: Dog Trap
|-damage|p1a: Dog Trap|60/100
|move|p1a: Dog Trap|Hurricane|p2a: Ogerpon
|-supereffective|p2a: Ogerpon
|-damage|p2a: Ogerpon|0 fnt
|faint|p2a: Ogerpon
|
|upkeep
|
|t:|1776036239
|switch|p2a: Deoxys|Deoxys-Speed|100/100
|-ability|p2a: Deoxys|Pressure
|turn|8
|
|t:|1776036256
|switch|p1a: Clefable|Clefable, F|100/100
|move|p2a: Deoxys|Taunt|p1a: Clefable
|-start|p1a: Clefable|move: Taunt
|
|upkeep
|turn|9
|
|t:|1776036263
|move|p2a: Deoxys|Light Screen|p2a: Deoxys
|-sidestart|p2: mr parasect alt|move: Light Screen
|move|p1a: Clefable|Moonblast|p2a: Deoxys
|-damage|p2a: Deoxys|83/100
|
|upkeep
|turn|10
|
|t:|1776036273
|switch|p1a: Bird Trap|Magnezone|100/100
|move|p2a: Deoxys|Psycho Boost|p1a: Bird Trap
|-resisted|p1a: Bird Trap
|-damage|p1a: Bird Trap|64/100
|-unboost|p2a: Deoxys|spa|2
|
|upkeep
|turn|11
|
|t:|1776036280
|move|p2a: Deoxys|Reflect|p2a: Deoxys
|-sidestart|p2: mr parasect alt|Reflect
|move|p1a: Bird Trap|Flash Cannon|p2a: Deoxys
|-damage|p2a: Deoxys|37/100
|-unboost|p2a: Deoxys|spd|1
|
|upkeep
|turn|12
|
|t:|1776036285
|move|p2a: Deoxys|Psycho Boost|p1a: Bird Trap
|-resisted|p1a: Bird Trap
|-damage|p1a: Bird Trap|47/100
|-unboost|p2a: Deoxys|spa|2
|move|p1a: Bird Trap|Flash Cannon|p2a: Deoxys
|-damage|p2a: Deoxys|0 fnt
|faint|p2a: Deoxys
|
|upkeep
|
|t:|1776036287
|switch|p2a: Dragonite|Dragonite, F|100/100
|turn|13
|
|t:|1776036290
|move|p2a: Dragonite|Dragon Dance|p2a: Dragonite
|-boost|p2a: Dragonite|atk|1
|-boost|p2a: Dragonite|spe|1
|move|p1a: Bird Trap|Flash Cannon|p2a: Dragonite
|-damage|p2a: Dragonite|83/100
|-unboost|p2a: Dragonite|spd|1
|
|upkeep
|turn|14
|
|t:|1776036299
|move|p2a: Dragonite|Outrage|p1a: Bird Trap
|-resisted|p1a: Bird Trap
|-damage|p1a: Bird Trap|0 fnt
|faint|p1a: Bird Trap
|
|upkeep
|
|t:|1776036301
|switch|p1a: Clefable|Clefable, F|100/100
|turn|15
|
|t:|1776036304
|move|p2a: Dragonite|Outrage|p1a: Clefable|[from] lockedmove
|-immune|p1a: Clefable
|-start|p2a: Dragonite|confusion|[fatigue]
|-enditem|p2a: Dragonite|Lum Berry|[eat]
|-end|p2a: Dragonite|confusion
|move|p1a: Clefable|Moonblast|p2a: Dragonite
|-supereffective|p2a: Dragonite
|-damage|p2a: Dragonite|33/100
|-unboost|p2a: Dragonite|spa|1
|
|upkeep
|turn|16
|
|t:|1776036312
|move|p2a: Dragonite|Iron Head|p1a: Clefable
|-supereffective|p1a: Clefable
|-damage|p1a: Clefable|7/100
|move|p1a: Clefable|Moonblast|p2a: Dragonite
|-supereffective|p2a: Dragonite
|-damage|p2a: Dragonite|0 fnt
|faint|p2a: Dragonite
|
|-heal|p1a: Clefable|13/100|[from] item: Leftovers
|-sideend|p2: mr parasect alt|move: Light Screen
|upkeep
|
|t:|1776036317
|switch|p2a: Great Tusk|Great Tusk|100/100
|-enditem|p2a: Great Tusk|Booster Energy
|-activate|p2a: Great Tusk|ability: Protosynthesis|[fromitem]
|-start|p2a: Great Tusk|protosynthesisspe
|turn|17
|
|t:|1776036320
|switch|p1a: Dog Trap|Moltres, tera:Grass|60/100
|move|p2a: Great Tusk|Earthquake|p1a: Dog Trap
|-resisted|p1a: Dog Trap
|-damage|p1a: Dog Trap|45/100
|
|upkeep
|turn|18
|
|t:|1776036326
|-terastallize|p2a: Great Tusk|Steel
|move|p2a: Great Tusk|Bulk Up|p2a: Great Tusk
|-boost|p2a: Great Tusk|atk|1
|-boost|p2a: Great Tusk|def|1
|move|p1a: Dog Trap|Hurricane|p2a: Great Tusk
|-resisted|p2a: Great Tusk
|-damage|p2a: Great Tusk|72/100
|-start|p2a: Great Tusk|confusion
|
|-sideend|p2: mr parasect alt|Reflect
|upkeep
|turn|19
|
|t:|1776036333
|-activate|p2a: Great Tusk|confusion
|move|p2a: Great Tusk|Ice Spinner|p1a: Dog Trap
|-supereffective|p1a: Dog Trap
|-crit|p1a: Dog Trap
|-damage|p1a: Dog Trap|0 fnt
|faint|p1a: Dog Trap
|
|upkeep
|
|t:|1776036341
|switch|p1a: Ogerpon|Ogerpon-Wellspring, F|100/100
|turn|20
|
|t:|1776036345
|-activate|p2a: Great Tusk|confusion
|-damage|p2a: Great Tusk|65/100|[from] confusion
|move|p1a: Ogerpon|Ivy Cudgel|p2a: Great Tusk|[anim] Ivy Cudgel Water
|-damage|p2a: Great Tusk|39/100
|
|upkeep
|turn|21
|
|t:|1776036355
|switch|p1a: Clefable|Clefable, F|13/100
|-end|p2a: Great Tusk|confusion
|move|p2a: Great Tusk|Ice Spinner|p1a: Clefable
|-damage|p1a: Clefable|0 fnt
|faint|p1a: Clefable
|
|upkeep
|
|t:|1776036373
|switch|p1a: Pecharunt|Pecharunt|100/100
|turn|22
|
|t:|1776036396
|move|p2a: Great Tusk|Earthquake|p1a: Pecharunt
|-supereffective|p1a: Pecharunt
|-damage|p1a: Pecharunt|43/100
|move|p1a: Pecharunt|Foul Play|p2a: Great Tusk
|-damage|p2a: Great Tusk|23/100
|
|upkeep
|turn|23
|
|t:|1776036402
|move|p2a: Great Tusk|Bulk Up|p2a: Great Tusk
|-boost|p2a: Great Tusk|atk|1
|-boost|p2a: Great Tusk|def|1
|move|p1a: Pecharunt|Foul Play|p2a: Great Tusk
|-damage|p2a: Great Tusk|6/100
|
|upkeep
|turn|24
|
|t:|1776036407
|move|p2a: Great Tusk|Earthquake|p1a: Pecharunt
|-supereffective|p1a: Pecharunt
|-damage|p1a: Pecharunt|0 fnt
|faint|p1a: Pecharunt
|
|upkeep
|
|t:|1776036410
|switch|p1a: Ogerpon|Ogerpon-Wellspring, F|100/100
|turn|25
|
|t:|1776036415
|move|p2a: Great Tusk|Earthquake|p1a: Ogerpon
|-resisted|p1a: Ogerpon
|-damage|p1a: Ogerpon|44/100
|move|p1a: Ogerpon|Ivy Cudgel|p2a: Great Tusk|[anim] Ivy Cudgel Water
|-damage|p2a: Great Tusk|0 fnt
|faint|p2a: Great Tusk
|-end|p2a: Great Tusk|Protosynthesis|[silent]
|
|win|DonovanIsNotHere
|raw|DonovanIsNotHere's rating: 1573 &rarr; <strong>1597</strong><br />(+24 for winning)
|raw|mr parasect alt's rating: 1650 &rarr; <strong>1626</strong><br />(-24 for losing)
|l|☆mr parasect alt
|player|p2|
|c|☆DonovanIsNotHere|ggwp
|l|☆DonovanIsNotHere
|player|p1|
|j|☆DonovanIsNotHere
|player|p1|DonovanIsNotHere|266|
|l|☆DonovanIsNotHere
|player|p1|
