|html|<div class="broadcast-blue"><strong>[Gen 9] OU is currently suspecting Tera Blast! For information on how to participate check out the <a href="https://www.smogon.com/tools/suspects/view/200">suspect thread</a>.</strong></div>
|j|‽Dumbosk
|j|☆khetsis
|t:|1776090640
|gametype|singles
|player|p1|Dumbosk|1|1166
|player|p2|khetsis|zinzolin|1186
|gen|9
|tier|[Gen 9] OU
|rated|
|rule|HP Percentage Mod: HP is shown in percentages
|rule|Endless Battle Clause: Forcing endless battles is banned
|rule|Species Clause: Limit one of each Pokémon
|rule|OHKO Clause: OHKO moves are banned
|rule|Evasion Items Clause: Evasion items are banned
|rule|Evasion Moves Clause: Evasion moves are banned
|rule|Evasion Abilities Clause: Evasion abilities are banned
|rule|Sleep Moves Clause: Sleep-inducing moves are banned
|clearpoke
|poke|p1|Maushold|
|poke|p1|Gholdengo|
|poke|p1|Zapdos|
|poke|p1|Glimmora, F|
|poke|p1|Ogerpon-Wellspring, F|
|poke|p1|Heatran, M|
|poke|p2|Enamorus, F|
|poke|p2|Dondozo, M|
|poke|p2|Garganacl, M|
|poke|p2|Kingambit, M|
|poke|p2|Ursaluna, M|
|poke|p2|Munkidori, M|
|teampreview
|
|t:|1776090647
|teamsize|p1|6
|teamsize|p2|6
|start
|switch|p1a: Glimmora|Glimmora, F|100/100
|switch|p2a: Corazon|Enamorus, F|100/100
|turn|1
|inactive|Battle timer is ON: inactive players will automatically lose when time's up. (requested by Dumbosk)
|
|t:|1776090656
|move|p2a: Corazon|Superpower|p1a: Glimmora
|-damage|p1a: Glimmora|65/100
|-boost|p2a: Corazon|atk|1
|-boost|p2a: Corazon|def|1
|-activate|p1a: Glimmora|ability: Toxic Debris
|-sidestart|p2: khetsis|move: Toxic Spikes
|move|p1a: Glimmora|Stealth Rock|p2a: Corazon
|-sidestart|p2: khetsis|move: Stealth Rock
|
|upkeep
|turn|2
|
|t:|1776090665
|move|p2a: Corazon|Superpower|p1a: Glimmora
|-damage|p1a: Glimmora|4/100
|-boost|p2a: Corazon|atk|1
|-boost|p2a: Corazon|def|1
|-activate|p1a: Glimmora|ability: Toxic Debris
|-sidestart|p2: khetsis|move: Toxic Spikes
|move|p1a: Glimmora|Mortal Spin|p2a: Corazon
|-supereffective|p2a: Corazon
|-damage|p2a: Corazon|92/100
|-status|p2a: Corazon|psn
|
|-heal|p2a: Corazon|98/100 psn|[from] item: Leftovers
|-damage|p2a: Corazon|85/100 psn|[from] psn
|upkeep
|turn|3
|
|t:|1776090682
|move|p2a: Corazon|Superpower|p1a: Glimmora
|-damage|p1a: Glimmora|0 fnt
|-boost|p2a: Corazon|atk|1
|-boost|p2a: Corazon|def|1
|faint|p1a: Glimmora
|
|-heal|p2a: Corazon|92/100 psn|[from] item: Leftovers
|-damage|p2a: Corazon|79/100 psn|[from] psn
|upkeep
|
|t:|1776090691
|switch|p1a: Gholdengo|Gholdengo|100/100
|-item|p1a: Gholdengo|Air Balloon
|turn|4
|
|t:|1776090702
|move|p2a: Corazon|Mystical Fire|p1a: Gholdengo
|-supereffective|p1a: Gholdengo
|-damage|p1a: Gholdengo|38/100
|-unboost|p1a: Gholdengo|spa|1
|-enditem|p1a: Gholdengo|Air Balloon
|move|p1a: Gholdengo|Make It Rain|p2a: Corazon
|-supereffective|p2a: Corazon
|-damage|p2a: Corazon|0 fnt
|-unboost|p1a: Gholdengo|spa|1
|faint|p2a: Corazon
|
|upkeep
|
|t:|1776090721
|switch|p2a: Kogan|Kingambit, M|100/100
|-damage|p2a: Kogan|94/100|[from] Stealth Rock
|-activate|p2a: Kogan|ability: Supreme Overlord
|-start|p2a: Kogan|fallen1|[silent]
|turn|5
|
|t:|1776090731
|move|p1a: Gholdengo|Focus Blast|p2a: Kogan|[miss]
|-miss|p1a: Gholdengo|p2a: Kogan
|move|p2a: Kogan|Stone Edge|p1a: Gholdengo|[miss]
|-miss|p2a: Kogan|p1a: Gholdengo
|
|upkeep
|turn|6
|
|t:|1776090738
|move|p2a: Kogan|Sucker Punch|p1a: Gholdengo
|-supereffective|p1a: Gholdengo
|-damage|p1a: Gholdengo|0 fnt
|faint|p1a: Gholdengo
|
|upkeep
|
|t:|1776090747
|switch|p1a: Maushold|Maushold|100/100
|turn|7
|
|t:|1776090762
|switch|p1a: Heatran|Heatran, M|100/100
|move|p2a: Kogan|Sucker Punch||[still]
|-fail|p2a: Kogan
|
|upkeep
|turn|8
|
|t:|1776090772
|-end|p2a: Kogan|fallen1|[silent]
|switch|p2a: Ursaluna|Ursaluna, M|100/100
|-status|p2a: Ursaluna|tox
|-damage|p2a: Ursaluna|94/100 tox|[from] Stealth Rock
|move|p1a: Heatran|Magma Storm|p2a: Ursaluna
|-damage|p2a: Ursaluna|59/100 tox
|-activate|p2a: Ursaluna|move: Magma Storm|[of] p1a: Heatran
|
|-damage|p2a: Ursaluna|53/100 tox|[from] psn
|-damage|p2a: Ursaluna|40/100 tox|[from] move: Magma Storm|[partiallytrapped]
|upkeep
|turn|9
|
|t:|1776090786
|switch|p1a: Zapdos|Zapdos|100/100
|move|p2a: Ursaluna|Headlong Rush|p1a: Zapdos
|-immune|p1a: Zapdos
|
|-damage|p2a: Ursaluna|28/100 tox|[from] psn
|-end|p2a: Ursaluna|Magma Storm|[partiallytrapped]|[silent]
|upkeep
|turn|10
|
|t:|1776090802
|move|p1a: Zapdos|Hurricane|p2a: Ursaluna
|-damage|p2a: Ursaluna|0 fnt
|faint|p2a: Ursaluna
|
|upkeep
|
|t:|1776090807
|switch|p2a: Magellan|Munkidori, M|100/100
|-sideend|p2: khetsis|move: Toxic Spikes|[of] p2a: Magellan
|-damage|p2a: Magellan|88/100|[from] Stealth Rock
|turn|11
|
|t:|1776090814
|move|p2a: Magellan|Gunk Shot|p1a: Zapdos|[miss]
|-miss|p2a: Magellan|p1a: Zapdos
|move|p1a: Zapdos|Thunder Wave|p2a: Magellan
|-status|p2a: Magellan|par
|
|upkeep
|turn|12
|
|t:|1776090821
|move|p1a: Zapdos|Volt Switch|p2a: Magellan
|-damage|p2a: Magellan|52/100 par
|
|t:|1776090824
|switch|p1a: Maushold|Maushold|100/100|[from] Volt Switch
|cant|p2a: Magellan|par
|
|upkeep
|turn|13
|
|t:|1776090830
|move|p1a: Maushold|Tidy Up|p1a: Maushold
|-sideend|p2: khetsis|Stealth Rock
|-activate|p1a: Maushold|move: Tidy Up
|-boost|p1a: Maushold|atk|1
|-boost|p1a: Maushold|spe|1
|move|p2a: Magellan|Parting Shot|p1a: Maushold
|-unboost|p1a: Maushold|atk|1
|-unboost|p1a: Maushold|spa|1
|
|t:|1776090841
|switch|p2a: #THECODFATHER|Dondozo, M, shiny|100/100|[from] Parting Shot
|
|upkeep
|turn|14
|
|t:|1776090846
|move|p1a: Maushold|Bullet Seed|p2a: #THECODFATHER
|-supereffective|p2a: #THECODFATHER
|-damage|p2a: #THECODFATHER|92/100
|-supereffective|p2a: #THECODFATHER
|-damage|p2a: #THECODFATHER|84/100
|-supereffective|p2a: #THECODFATHER
|-crit|p2a: #THECODFATHER
|-damage|p2a: #THECODFATHER|72/100
|-supereffective|p2a: #THECODFATHER
|-damage|p2a: #THECODFATHER|64/100
|-hitcount|p2a: #THECODFATHER|4
|move|p2a: #THECODFATHER|Body Press|p1a: Maushold
|-supereffective|p1a: Maushold
|-damage|p1a: Maushold|6/100
|
|-heal|p2a: #THECODFATHER|70/100|[from] item: Leftovers
|upkeep
|turn|15
|
|t:|1776090860
|move|p1a: Maushold|Population Bomb|p2a: #THECODFATHER
|-damage|p2a: #THECODFATHER|65/100
|-damage|p2a: #THECODFATHER|60/100
|-damage|p2a: #THECODFATHER|55/100
|-damage|p2a: #THECODFATHER|50/100
|-damage|p2a: #THECODFATHER|45/100
|-damage|p2a: #THECODFATHER|39/100
|-damage|p2a: #THECODFATHER|34/100
|-damage|p2a: #THECODFATHER|29/100
|-damage|p2a: #THECODFATHER|24/100
|-damage|p2a: #THECODFATHER|19/100
|-hitcount|p2a: #THECODFATHER|10
|move|p2a: #THECODFATHER|Body Press|p1a: Maushold
|-supereffective|p1a: Maushold
|-damage|p1a: Maushold|0 fnt
|faint|p1a: Maushold
|
|-heal|p2a: #THECODFATHER|25/100|[from] item: Leftovers
|upkeep
|
|t:|1776090876
|switch|p1a: Zapdos|Zapdos|100/100
|turn|16
|
|t:|1776090886
|switch|p2a: Pika|Garganacl, M, shiny|100/100
|move|p1a: Zapdos|Volt Switch|p2a: Pika
|-damage|p2a: Pika|73/100
|
|t:|1776090892
|switch|p1a: Heatran|Heatran, M|100/100|[from] Volt Switch
|
|-heal|p2a: Pika|80/100|[from] item: Leftovers
|upkeep
|turn|17
|
|t:|1776090900
|-terastallize|p2a: Pika|Fighting
|move|p1a: Heatran|Taunt|p2a: Pika
|-start|p2a: Pika|move: Taunt
|move|p2a: Pika|Body Press|p1a: Heatran
|-supereffective|p1a: Heatran
|-damage|p1a: Heatran|43/100
|
|-heal|p1a: Heatran|49/100|[from] item: Leftovers
|-heal|p2a: Pika|86/100|[from] item: Leftovers
|upkeep
|turn|18
|
|t:|1776090914
|move|p1a: Heatran|Earth Power|p2a: Pika
|-damage|p2a: Pika|64/100
|move|p2a: Pika|Body Press|p1a: Heatran
|-supereffective|p1a: Heatran
|-damage|p1a: Heatran|0 fnt
|faint|p1a: Heatran
|
|-heal|p2a: Pika|70/100|[from] item: Leftovers
|upkeep
|
|t:|1776090917
|switch|p1a: Zapdos|Zapdos|100/100
|turn|19
|
|t:|1776090930
|move|p1a: Zapdos|Hurricane|p2a: Pika
|-supereffective|p2a: Pika
|-crit|p2a: Pika
|-damage|p2a: Pika|0 fnt
|faint|p2a: Pika
|
|upkeep
|
|t:|1776090937
|switch|p2a: Kogan|Kingambit, M|94/100
|-activate|p2a: Kogan|ability: Supreme Overlord
|-start|p2a: Kogan|fallen3|[silent]
|turn|20
|
|t:|1776090942
|move|p2a: Kogan|Sucker Punch||[still]
|-fail|p2a: Kogan
|move|p1a: Zapdos|Thunder Wave|p2a: Kogan
|-status|p2a: Kogan|par
|
|upkeep
|turn|21
|
|t:|1776090951
|move|p1a: Zapdos|Volt Switch|p2a: Kogan
|-damage|p2a: Kogan|75/100 par
|
|t:|1776090953
|switch|p1a: Ogerpon|Ogerpon-Wellspring, F|100/100|[from] Volt Switch
|move|p2a: Kogan|Stone Edge|p1a: Ogerpon|[miss]
|-miss|p2a: Kogan|p1a: Ogerpon
|
|upkeep
|turn|22
|
|t:|1776090961
|move|p2a: Kogan|Sucker Punch|p1a: Ogerpon
|-damage|p1a: Ogerpon|25/100
|move|p1a: Ogerpon|Ivy Cudgel|p2a: Kogan|[anim] Ivy Cudgel Water
|-damage|p2a: Kogan|35/100 par
|
|upkeep
|turn|23
|
|t:|1776090971
|move|p1a: Ogerpon|U-turn|p2a: Kogan
|-damage|p2a: Kogan|17/100 par
|
|t:|1776090972
|switch|p1a: Zapdos|Zapdos|100/100|[from] U-turn
|move|p2a: Kogan|Stone Edge|p1a: Zapdos
|-supereffective|p1a: Zapdos
|-damage|p1a: Zapdos|27/100
|
|upkeep
|turn|24
|
|t:|1776090981
|move|p2a: Kogan|Sucker Punch||[still]
|-fail|p2a: Kogan
|move|p1a: Zapdos|Roost|p1a: Zapdos
|-heal|p1a: Zapdos|78/100
|-singleturn|p1a: Zapdos|move: Roost
|
|upkeep
|turn|25
|
|t:|1776090988
|cant|p2a: Kogan|par
|move|p1a: Zapdos|Roost|p1a: Zapdos
|-heal|p1a: Zapdos|100/100
|-singleturn|p1a: Zapdos|move: Roost
|
|upkeep
|turn|26
|
|t:|1776090997
|move|p2a: Kogan|Sucker Punch|p1a: Zapdos
|-damage|p1a: Zapdos|64/100
|move|p1a: Zapdos|Volt Switch|p2a: Kogan
|-damage|p2a: Kogan|0 fnt
|faint|p2a: Kogan
|-end|p2a: Kogan|fallen3|[silent]
|
|t:|1776090999
|switch|p1a: Ogerpon|Ogerpon-Wellspring, F|25/100|[from] Volt Switch
|
|upkeep
|
|t:|1776091008
|switch|p2a: #THECODFATHER|Dondozo, M, shiny|25/100
|turn|27
|
|t:|1776091014
|move|p1a: Ogerpon|Wood Hammer|p2a: #THECODFATHER
|-supereffective|p2a: #THECODFATHER
|-damage|p2a: #THECODFATHER|0 fnt
|faint|p2a: #THECODFATHER
|-damage|p1a: Ogerpon|12/100|[from] Recoil
|
|upkeep
|
|t:|1776091021
|switch|p2a: Magellan|Munkidori, M|52/100 par
|turn|28
|
|t:|1776091029
|move|p1a: Ogerpon|Knock Off|p2a: Magellan
|-supereffective|p2a: Magellan
|-damage|p2a: Magellan|0 fnt
|-enditem|p2a: Magellan|Focus Sash|[from] move: Knock Off|[of] p1a: Ogerpon
|faint|p2a: Magellan
|
|win|Dumbosk
|raw|Dumbosk's rating: 1166 &rarr; <strong>1192</strong><br />(+26 for winning)
|raw|khetsis's rating: 1186 &rarr; <strong>1160</strong><br />(-26 for losing)
|l|‽Dumbosk
|player|p1|
|l|☆khetsis
|player|p2|
