|html|<div class="broadcast-blue"><strong>[Gen 9] OU is currently suspecting Volcarona! For information on how to participate check out the <a href="https://www.smogon.com/tools/suspects/view/208">suspect thread</a>.</strong></div>
|j|☆somegirl91
|j|☆spamtongspamtondr
|t:|1778508935
|gametype|singles
|player|p1|somegirl91|unknownf|1325
|player|p2|spamtongspamtondr|170|1270
|gen|9
|tier|[Gen 9] OU
|rated|
|rule|HP Percentage Mod: HP is shown in percentages
|rule|Endless Battle Clause: Forcing endless battles is banned
|rule|Species Clause: Limit one of each Pokémon
|rule|OHKO Clause: OHKO moves are banned
|rule|Evasion Items Clause: Evasion items are banned
|rule|Evasion Moves Clause: Evasion moves are banned
|rule|Evasion Abilities Clause: Evasion abilities are banned
|rule|Sleep Moves Clause: Sleep-inducing moves are banned
|clearpoke
|poke|p1|Alomomola, F|
|poke|p1|Lokix, F|
|poke|p1|Raging Bolt|
|poke|p1|Deoxys-Speed|
|poke|p1|Great Tusk|
|poke|p1|Hatterene, F|
|poke|p2|Raikou|
|poke|p2|Azelf|
|poke|p2|Regirock|
|poke|p2|Cobalion|
|poke|p2|Moltres|
|poke|p2|Munkidori, M|
|teampreview
|inactive|Battle timer is ON: inactive players will automatically lose when time's up. (requested by spamtongspamtondr)
|inactive|somegirl91 also wants the timer to be on.
|
|t:|1778508945
|teamsize|p1|6
|teamsize|p2|6
|start
|switch|p1a: Deoxys|Deoxys-Speed|100/100
|switch|p2a: Azelf|Azelf|100/100
|-ability|p1a: Deoxys|Pressure
|turn|1
|
|t:|1778508955
|move|p1a: Deoxys|Taunt|p2a: Azelf
|-start|p2a: Azelf|move: Taunt
|move|p2a: Azelf|Knock Off|p1a: Deoxys
|-supereffective|p1a: Deoxys
|-crit|p1a: Deoxys
|-damage|p1a: Deoxys|0 fnt
|-enditem|p1a: Deoxys|Red Card|[from] move: Knock Off|[of] p2a: Azelf
|faint|p1a: Deoxys
|
|upkeep
|
|t:|1778508968
|switch|p1a: Lokix|Lokix, F|100/100
|turn|2
|
|t:|1778508980
|move|p2a: Azelf|Knock Off|p1a: Lokix
|-resisted|p1a: Lokix
|-damage|p1a: Lokix|76/100
|-enditem|p1a: Lokix|Choice Band|[from] move: Knock Off|[of] p2a: Azelf
|move|p1a: Lokix|Knock Off|p2a: Azelf
|-supereffective|p2a: Azelf
|-enditem|p2a: Azelf|Focus Sash
|-damage|p2a: Azelf|1/100
|
|upkeep
|turn|3
|
|t:|1778508990
|move|p2a: Azelf|Knock Off|p1a: Lokix
|-resisted|p1a: Lokix
|-damage|p1a: Lokix|58/100
|move|p1a: Lokix|Knock Off|p2a: Azelf
|-supereffective|p2a: Azelf
|-damage|p2a: Azelf|0 fnt
|faint|p2a: Azelf
|
|upkeep
|
|t:|1778508998
|switch|p2a: Regirock|Regirock|100/100
|turn|4
|
|t:|1778509002
|move|p1a: Lokix|U-turn|p2a: Regirock
|-damage|p2a: Regirock|83/100
|
|t:|1778509006
|switch|p1a: Great Tusk|Great Tusk|100/100|[from] U-turn
|move|p2a: Regirock|Body Press|p1a: Great Tusk
|-damage|p1a: Great Tusk|77/100
|
|-heal|p2a: Regirock|89/100|[from] item: Leftovers
|upkeep
|turn|5
|
|t:|1778509027
|switch|p2a: Moltres|Moltres|100/100
|move|p1a: Great Tusk|Rapid Spin|p2a: Moltres
|-damage|p2a: Moltres|82/100
|-boost|p1a: Great Tusk|spe|1
|-status|p1a: Great Tusk|brn|[from] ability: Flame Body|[of] p2a: Moltres
|
|-damage|p1a: Great Tusk|71/100 brn|[from] brn
|upkeep
|turn|6
|
|t:|1778509038
|move|p1a: Great Tusk|Ice Spinner|p2a: Moltres
|-damage|p2a: Moltres|69/100
|move|p2a: Moltres|Hurricane|p1a: Great Tusk|[miss]
|-miss|p2a: Moltres|p1a: Great Tusk
|
|-damage|p1a: Great Tusk|65/100 brn|[from] brn
|upkeep
|turn|7
|
|t:|1778509049
|-end|p1a: Great Tusk|Protosynthesis|[silent]
|switch|p1a: Raging Bolt|Raging Bolt|100/100
|move|p2a: Moltres|Hurricane|p1a: Raging Bolt
|-resisted|p1a: Raging Bolt
|-damage|p1a: Raging Bolt|78/100
|-start|p1a: Raging Bolt|confusion
|
|upkeep
|turn|8
|
|t:|1778509066
|switch|p2a: Raikou|Raikou|100/100
|-ability|p2a: Raikou|Pressure
|-activate|p1a: Raging Bolt|confusion
|-damage|p1a: Raging Bolt|72/100|[from] confusion
|
|upkeep
|turn|9
|
|t:|1778509080
|move|p2a: Raikou|Calm Mind|p2a: Raikou
|-boost|p2a: Raikou|spa|1
|-boost|p2a: Raikou|spd|1
|-activate|p1a: Raging Bolt|confusion
|move|p1a: Raging Bolt|Draco Meteor|p2a: Raikou
|-damage|p2a: Raikou|25/100
|-unboost|p1a: Raging Bolt|spa|2
|
|-heal|p2a: Raikou|31/100|[from] item: Leftovers
|upkeep
|turn|10
|
|t:|1778509089
|move|p2a: Raikou|Calm Mind|p2a: Raikou
|-boost|p2a: Raikou|spa|1
|-boost|p2a: Raikou|spd|1
|-activate|p1a: Raging Bolt|confusion
|-damage|p1a: Raging Bolt|66/100|[from] confusion
|
|-heal|p2a: Raikou|37/100|[from] item: Leftovers
|upkeep
|turn|11
|
|t:|1778509114
|move|p2a: Raikou|Calm Mind|p2a: Raikou
|-boost|p2a: Raikou|spa|1
|-boost|p2a: Raikou|spd|1
|-activate|p1a: Raging Bolt|confusion
|-damage|p1a: Raging Bolt|60/100|[from] confusion
|
|-heal|p2a: Raikou|43/100|[from] item: Leftovers
|upkeep
|turn|12
|
|t:|1778509122
|move|p2a: Raikou|Calm Mind|p2a: Raikou
|-boost|p2a: Raikou|spa|1
|-boost|p2a: Raikou|spd|1
|-end|p1a: Raging Bolt|confusion
|move|p1a: Raging Bolt|Draco Meteor|p2a: Raikou
|-damage|p2a: Raikou|24/100
|-unboost|p1a: Raging Bolt|spa|2
|
|-heal|p2a: Raikou|30/100|[from] item: Leftovers
|upkeep
|turn|13
|
|t:|1778509131
|move|p2a: Raikou|Aura Sphere|p1a: Raging Bolt
|-damage|p1a: Raging Bolt|0 fnt
|faint|p1a: Raging Bolt
|-end|p1a: Raging Bolt|Protosynthesis|[silent]
|
|-heal|p2a: Raikou|36/100|[from] item: Leftovers
|upkeep
|
|t:|1778509140
|switch|p1a: Great Tusk|Great Tusk|65/100 brn
|turn|14
|
|t:|1778509160
|move|p2a: Raikou|Scald|p1a: Great Tusk
|-supereffective|p1a: Great Tusk
|-damage|p1a: Great Tusk|0 fnt
|faint|p1a: Great Tusk
|-end|p1a: Great Tusk|Protosynthesis|[silent]
|
|-heal|p2a: Raikou|42/100|[from] item: Leftovers
|upkeep
|
|t:|1778509168
|switch|p1a: Lokix|Lokix, F|58/100
|turn|15
|inactive|somegirl91 has 120 seconds left.
|inactive|spamtongspamtondr has 120 seconds left.
|
|t:|1778509209
|-terastallize|p1a: Lokix|Bug
|move|p1a: Lokix|First Impression|p2a: Raikou
|-damage|p2a: Raikou|0 fnt
|faint|p2a: Raikou
|
|upkeep
|
|t:|1778509212
|switch|p2a: Cobalion|Cobalion|100/100
|turn|16
|
|t:|1778509218
|switch|p1a: Alomomola|Alomomola, F|100/100
|move|p2a: Cobalion|Stone Edge|p1a: Alomomola
|-crit|p1a: Alomomola
|-damage|p1a: Alomomola|76/100
|-enditem|p1a: Alomomola|Eject Button
|
|t:|1778509230
|switch|p1a: Lokix|Lokix, F, tera:Bug|58/100
|
|upkeep
|turn|17
|
|t:|1778509241
|move|p2a: Cobalion|Stone Edge|p1a: Lokix
|-supereffective|p1a: Lokix
|-damage|p1a: Lokix|0 fnt
|faint|p1a: Lokix
|
|upkeep
|-message|somegirl91 forfeited.
|
|win|spamtongspamtondr
|raw|somegirl91's rating: 1325 &rarr; <strong>1303</strong><br />(-22 for losing)
|raw|spamtongspamtondr's rating: 1298 &rarr; <strong>1325</strong><br />(+27 for winning)
|l|☆somegirl91
|player|p1|
|l|☆spamtongspamtondr
|player|p2|
