|html|<div class="broadcast-blue"><strong>[Gen 9] OU is currently suspecting Tera Blast! For information on how to participate check out the <a href="https://www.smogon.com/tools/suspects/view/200">suspect thread</a>.</strong></div>
|j|☆Garg749494
|j|☆metropolis2112
|t:|1776053579
|gametype|singles
|player|p1|Garg749494|lucas|1200
|player|p2|metropolis2112|veteran|1254
|gen|9
|tier|[Gen 9] OU
|rated|
|rule|HP Percentage Mod: HP is shown in percentages
|rule|Endless Battle Clause: Forcing endless battles is banned
|rule|Species Clause: Limit one of each Pokémon
|rule|OHKO Clause: OHKO moves are banned
|rule|Evasion Items Clause: Evasion items are banned
|rule|Evasion Moves Clause: Evasion moves are banned
|rule|Evasion Abilities Clause: Evasion abilities are banned
|rule|Sleep Moves Clause: Sleep-inducing moves are banned
|clearpoke
|poke|p1|Chesnaught, M|
|poke|p1|Feraligatr, M|
|poke|p1|Gardevoir, F|
|poke|p1|Maushold|
|poke|p1|Blissey, F|
|poke|p1|Forretress, F|
|poke|p2|Ting-Lu|
|poke|p2|Gliscor, M|
|poke|p2|Gholdengo|
|poke|p2|Kingambit, M|
|poke|p2|Zamazenta-*|
|poke|p2|Dragonite, F|
|teampreview
|inactive|Battle timer is ON: inactive players will automatically lose when time's up. (requested by metropolis2112)
|
|t:|1776053601
|teamsize|p1|6
|teamsize|p2|6
|start
|switch|p1a: Maushold|Maushold, shiny|100/100
|switch|p2a: EL PAILA|Ting-Lu|100/100
|-ability|p2a: EL PAILA|Vessel of Ruin
|turn|1
|
|t:|1776053617
|move|p1a: Maushold|Tidy Up|p1a: Maushold
|-boost|p1a: Maushold|atk|1
|-boost|p1a: Maushold|spe|1
|move|p2a: EL PAILA|Taunt|p1a: Maushold
|-start|p1a: Maushold|move: Taunt
|
|upkeep
|turn|2
|
|t:|1776053628
|move|p1a: Maushold|Low Kick|p2a: EL PAILA
|-supereffective|p2a: EL PAILA
|-damage|p2a: EL PAILA|65/100
|-damage|p1a: Maushold|84/100|[from] item: Rocky Helmet|[of] p2a: EL PAILA
|move|p2a: EL PAILA|Ruination|p1a: Maushold
|-damage|p1a: Maushold|42/100
|
|upkeep
|turn|3
|
|t:|1776053640
|move|p1a: Maushold|Low Kick|p2a: EL PAILA
|-supereffective|p2a: EL PAILA
|-damage|p2a: EL PAILA|32/100
|-damage|p1a: Maushold|26/100|[from] item: Rocky Helmet|[of] p2a: EL PAILA
|move|p2a: EL PAILA|Whirlwind|p1a: Maushold
|drag|p1a: Gardevoir|Gardevoir, F|100/100
|-ability|p1a: Gardevoir|Vessel of Ruin|Trace|[from] ability: Trace|[of] p2a: EL PAILA
|-ability|p1a: Gardevoir|Vessel of Ruin
|
|upkeep
|turn|4
|
|t:|1776053651
|move|p1a: Gardevoir|Moonblast|p2a: EL PAILA
|-supereffective|p2a: EL PAILA
|-damage|p2a: EL PAILA|0 fnt
|faint|p2a: EL PAILA
|
|upkeep
|inactive|metropolis2112 has 120 seconds left.
|
|t:|1776053672
|switch|p2a: EL GAMBA|Gholdengo|100/100
|turn|5
|
|t:|1776053677
|switch|p1a: Blissey|Blissey, F|100/100
|-terastallize|p2a: EL GAMBA|Steel
|move|p2a: EL GAMBA|Make It Rain|p1a: Blissey
|-damage|p1a: Blissey|68/100
|-unboost|p2a: EL GAMBA|spa|1
|
|-heal|p1a: Blissey|74/100|[from] item: Leftovers
|upkeep
|turn|6
|
|t:|1776053692
|switch|p2a: EL BLINDADO|Zamazenta|100/100
|-ability|p2a: EL BLINDADO|Dauntless Shield|boost
|-boost|p2a: EL BLINDADO|def|1
|move|p1a: Blissey|Shadow Ball|p2a: EL BLINDADO
|-damage|p2a: EL BLINDADO|89/100
|
|-heal|p2a: EL BLINDADO|96/100|[from] item: Leftovers
|-heal|p1a: Blissey|81/100|[from] item: Leftovers
|upkeep
|turn|7
|
|t:|1776053701
|move|p2a: EL BLINDADO|Iron Defense|p2a: EL BLINDADO
|-boost|p2a: EL BLINDADO|def|2
|move|p1a: Blissey|Thunder Wave|p2a: EL BLINDADO
|-status|p2a: EL BLINDADO|par
|
|-heal|p2a: EL BLINDADO|100/100 par|[from] item: Leftovers
|-heal|p1a: Blissey|87/100|[from] item: Leftovers
|upkeep
|turn|8
|
|t:|1776053710
|switch|p1a: Chesnaught|Chesnaught, M, shiny|100/100
|move|p2a: EL BLINDADO|Substitute|p2a: EL BLINDADO
|-start|p2a: EL BLINDADO|Substitute
|-damage|p2a: EL BLINDADO|75/100 par
|
|-heal|p2a: EL BLINDADO|82/100 par|[from] item: Leftovers
|upkeep
|turn|9
|
|t:|1776053722
|cant|p2a: EL BLINDADO|par
|move|p1a: Chesnaught|Bulk Up|p1a: Chesnaught
|-boost|p1a: Chesnaught|atk|1
|-boost|p1a: Chesnaught|def|1
|
|-heal|p2a: EL BLINDADO|88/100 par|[from] item: Leftovers
|upkeep
|turn|10
|
|t:|1776053729
|cant|p2a: EL BLINDADO|par
|move|p1a: Chesnaught|Bulk Up|p1a: Chesnaught
|-boost|p1a: Chesnaught|atk|1
|-boost|p1a: Chesnaught|def|1
|
|-heal|p2a: EL BLINDADO|94/100 par|[from] item: Leftovers
|upkeep
|turn|11
|
|t:|1776053735
|move|p2a: EL BLINDADO|Iron Defense|p2a: EL BLINDADO
|-boost|p2a: EL BLINDADO|def|2
|move|p1a: Chesnaught|Bulk Up|p1a: Chesnaught
|-boost|p1a: Chesnaught|atk|1
|-boost|p1a: Chesnaught|def|1
|
|-heal|p2a: EL BLINDADO|99/100 par|[from] item: Leftovers
|upkeep
|turn|12
|
|t:|1776053743
|cant|p2a: EL BLINDADO|par
|move|p1a: Chesnaught|Bulk Up|p1a: Chesnaught
|-boost|p1a: Chesnaught|atk|1
|-boost|p1a: Chesnaught|def|1
|
|-heal|p2a: EL BLINDADO|100/100 par|[from] item: Leftovers
|upkeep
|turn|13
|
|t:|1776053749
|move|p2a: EL BLINDADO|Iron Defense|p2a: EL BLINDADO
|-boost|p2a: EL BLINDADO|def|1
|move|p1a: Chesnaught|Bulk Up|p1a: Chesnaught
|-boost|p1a: Chesnaught|atk|1
|-boost|p1a: Chesnaught|def|1
|
|upkeep
|turn|14
|
|t:|1776053755
|move|p2a: EL BLINDADO|Body Press|p1a: Chesnaught
|-damage|p1a: Chesnaught|67/100
|move|p1a: Chesnaught|Bulk Up|p1a: Chesnaught
|-boost|p1a: Chesnaught|atk|1
|-boost|p1a: Chesnaught|def|1
|
|-heal|p1a: Chesnaught|73/100|[from] item: Leftovers
|upkeep
|turn|15
|
|t:|1776053763
|move|p2a: EL BLINDADO|Body Press|p1a: Chesnaught
|-damage|p1a: Chesnaught|44/100
|move|p1a: Chesnaught|Drain Punch|p2a: EL BLINDADO
|-end|p2a: EL BLINDADO|Substitute
|-heal|p1a: Chesnaught|57/100|[from] drain|[of] p2a: EL BLINDADO
|
|-heal|p1a: Chesnaught|63/100|[from] item: Leftovers
|upkeep
|turn|16
|
|t:|1776053772
|move|p2a: EL BLINDADO|Body Press|p1a: Chesnaught
|-damage|p1a: Chesnaught|35/100
|move|p1a: Chesnaught|Drain Punch|p2a: EL BLINDADO
|-damage|p2a: EL BLINDADO|75/100 par
|-heal|p1a: Chesnaught|49/100|[from] drain|[of] p2a: EL BLINDADO
|
|-heal|p2a: EL BLINDADO|81/100 par|[from] item: Leftovers
|-heal|p1a: Chesnaught|55/100|[from] item: Leftovers
|upkeep
|turn|17
|
|t:|1776053780
|move|p1a: Chesnaught|Spiky Shield|p1a: Chesnaught
|-singleturn|p1a: Chesnaught|move: Protect
|move|p2a: EL BLINDADO|Body Press|p1a: Chesnaught
|-activate|p1a: Chesnaught|move: Protect
|-damage|p2a: EL BLINDADO|69/100 par|[from] Spiky Shield|[of] p1a: Chesnaught
|
|-heal|p2a: EL BLINDADO|75/100 par|[from] item: Leftovers
|-heal|p1a: Chesnaught|61/100|[from] item: Leftovers
|upkeep
|turn|18
|
|t:|1776053788
|move|p2a: EL BLINDADO|Body Press|p1a: Chesnaught
|-damage|p1a: Chesnaught|33/100
|move|p1a: Chesnaught|Drain Punch|p2a: EL BLINDADO
|-damage|p2a: EL BLINDADO|51/100 par
|-heal|p1a: Chesnaught|45/100|[from] drain|[of] p2a: EL BLINDADO
|
|-heal|p2a: EL BLINDADO|57/100 par|[from] item: Leftovers
|-heal|p1a: Chesnaught|51/100|[from] item: Leftovers
|upkeep
|turn|19
|
|t:|1776053800
|cant|p2a: EL BLINDADO|par
|move|p1a: Chesnaught|Drain Punch|p2a: EL BLINDADO
|-damage|p2a: EL BLINDADO|33/100 par
|-heal|p1a: Chesnaught|63/100|[from] drain|[of] p2a: EL BLINDADO
|
|-heal|p2a: EL BLINDADO|40/100 par|[from] item: Leftovers
|-heal|p1a: Chesnaught|69/100|[from] item: Leftovers
|upkeep
|turn|20
|
|t:|1776053807
|move|p2a: EL BLINDADO|Body Press|p1a: Chesnaught
|-damage|p1a: Chesnaught|42/100
|move|p1a: Chesnaught|Drain Punch|p2a: EL BLINDADO
|-crit|p2a: EL BLINDADO
|-damage|p2a: EL BLINDADO|0 fnt
|-heal|p1a: Chesnaught|62/100|[from] drain|[of] p2a: EL BLINDADO
|faint|p2a: EL BLINDADO
|
|-heal|p1a: Chesnaught|68/100|[from] item: Leftovers
|upkeep
|
|t:|1776053817
|switch|p2a: EL GAMBA|Gholdengo, tera:Steel|100/100
|turn|21
|
|t:|1776053832
|move|p1a: Chesnaught|Spiky Shield|p1a: Chesnaught
|-singleturn|p1a: Chesnaught|move: Protect
|move|p2a: EL GAMBA|Shadow Ball|p1a: Chesnaught
|-activate|p1a: Chesnaught|move: Protect
|
|-heal|p1a: Chesnaught|74/100|[from] item: Leftovers
|upkeep
|turn|22
|
|t:|1776053839
|move|p2a: EL GAMBA|Shadow Ball|p1a: Chesnaught
|-immune|p1a: Chesnaught|[from] ability: Bulletproof
|move|p1a: Chesnaught|Drain Punch|p2a: EL GAMBA
|-supereffective|p2a: EL GAMBA
|-damage|p2a: EL GAMBA|0 fnt
|-heal|p1a: Chesnaught|100/100|[from] drain|[of] p2a: EL GAMBA
|faint|p2a: EL GAMBA
|
|upkeep
|
|t:|1776053853
|switch|p2a: EL TROLAZO|Gliscor, M|100/100
|turn|23
|
|t:|1776053856
|move|p2a: EL TROLAZO|Toxic|p1a: Chesnaught
|-status|p1a: Chesnaught|tox
|move|p1a: Chesnaught|Knock Off|p2a: EL TROLAZO
|-damage|p2a: EL TROLAZO|20/100
|-enditem|p2a: EL TROLAZO|Toxic Orb|[from] move: Knock Off|[of] p1a: Chesnaught
|
|-damage|p1a: Chesnaught|94/100 tox|[from] psn
|upkeep
|turn|24
|
|t:|1776053864
|move|p2a: EL TROLAZO|Protect|p2a: EL TROLAZO
|-singleturn|p2a: EL TROLAZO|Protect
|move|p1a: Chesnaught|Knock Off|p2a: EL TROLAZO
|-activate|p2a: EL TROLAZO|move: Protect
|
|-heal|p1a: Chesnaught|100/100 tox|[from] item: Leftovers
|-damage|p1a: Chesnaught|88/100 tox|[from] psn
|upkeep
|turn|25
|
|t:|1776053872
|move|p2a: EL TROLAZO|Spikes|p1a: Chesnaught
|-sidestart|p1: Garg749494|Spikes
|move|p1a: Chesnaught|Knock Off|p2a: EL TROLAZO
|-damage|p2a: EL TROLAZO|0 fnt
|faint|p2a: EL TROLAZO
|
|-heal|p1a: Chesnaught|94/100 tox|[from] item: Leftovers
|-damage|p1a: Chesnaught|76/100 tox|[from] psn
|upkeep
|
|t:|1776053880
|switch|p2a: EL PATRÓN|Dragonite, F|100/100
|turn|26
|
|t:|1776053883
|move|p2a: EL PATRÓN|Fire Punch|p1a: Chesnaught
|-supereffective|p1a: Chesnaught
|-damage|p1a: Chesnaught|65/100 tox
|move|p1a: Chesnaught|Knock Off|p2a: EL PATRÓN
|-damage|p2a: EL PATRÓN|36/100
|-enditem|p2a: EL PATRÓN|Heavy-Duty Boots|[from] move: Knock Off|[of] p1a: Chesnaught
|
|-heal|p1a: Chesnaught|71/100 tox|[from] item: Leftovers
|-damage|p1a: Chesnaught|47/100 tox|[from] psn
|upkeep
|turn|27
|
|t:|1776053892
|move|p2a: EL PATRÓN|Extreme Speed|p1a: Chesnaught
|-damage|p1a: Chesnaught|41/100 tox
|move|p1a: Chesnaught|Drain Punch|p2a: EL PATRÓN
|-resisted|p2a: EL PATRÓN
|-damage|p2a: EL PATRÓN|0 fnt
|-heal|p1a: Chesnaught|58/100 tox|[from] drain|[of] p2a: EL PATRÓN
|faint|p2a: EL PATRÓN
|
|-heal|p1a: Chesnaught|64/100 tox|[from] item: Leftovers
|-damage|p1a: Chesnaught|33/100 tox|[from] psn
|upkeep
|
|t:|1776053903
|switch|p2a: EL GARCHEADOR|Kingambit, M|100/100
|-activate|p2a: EL GARCHEADOR|ability: Supreme Overlord
|-start|p2a: EL GARCHEADOR|fallen5|[silent]
|turn|28
|inactive|metropolis2112 has 120 seconds left.
|
|t:|1776053935
|move|p2a: EL GARCHEADOR|Swords Dance|p2a: EL GARCHEADOR
|-boost|p2a: EL GARCHEADOR|atk|2
|move|p1a: Chesnaught|Drain Punch|p2a: EL GARCHEADOR
|-supereffective|p2a: EL GARCHEADOR
|-damage|p2a: EL GARCHEADOR|0 fnt
|-heal|p1a: Chesnaught|78/100 tox|[from] drain|[of] p2a: EL GARCHEADOR
|faint|p2a: EL GARCHEADOR
|-end|p2a: EL GARCHEADOR|fallen5|[silent]
|
|win|Garg749494
|raw|Garg749494's rating: 1200 &rarr; <strong>1229</strong><br />(+29 for winning)
|raw|metropolis2112's rating: 1254 &rarr; <strong>1225</strong><br />(-29 for losing)
|l|☆metropolis2112
|player|p2|
|l|☆Garg749494
|player|p1|
