|html|<div class="broadcast-blue"><strong>[Gen 9] OU is currently suspecting Tera Blast! For information on how to participate check out the <a href="https://www.smogon.com/tools/suspects/view/200">suspect thread</a>.</strong></div>
|j|☆khvaradona
|j|☆BAzz Barge
|t:|1776179483
|gametype|singles
|player|p1|khvaradona|101|1187
|player|p2|BAzz Barge|benga|1232
|gen|9
|tier|[Gen 9] OU
|rated|
|rule|HP Percentage Mod: HP is shown in percentages
|rule|Endless Battle Clause: Forcing endless battles is banned
|rule|Species Clause: Limit one of each Pokémon
|rule|OHKO Clause: OHKO moves are banned
|rule|Evasion Items Clause: Evasion items are banned
|rule|Evasion Moves Clause: Evasion moves are banned
|rule|Evasion Abilities Clause: Evasion abilities are banned
|rule|Sleep Moves Clause: Sleep-inducing moves are banned
|clearpoke
|poke|p1|Dragonite, F|
|poke|p1|Porygon2|
|poke|p1|Scizor, M|
|poke|p1|Maushold-Four|
|poke|p1|Glimmora, M|
|poke|p1|Great Tusk|
|poke|p2|Tyranitar, M|
|poke|p2|Excadrill, M|
|poke|p2|Dragapult, F|
|poke|p2|Ogerpon-Wellspring, F|
|poke|p2|Great Tusk|
|poke|p2|Iron Moth|
|teampreview
|j| ohko_smeargle
|
|t:|1776179498
|teamsize|p1|6
|teamsize|p2|6
|start
|switch|p1a: Glimmora|Glimmora, M|100/100
|switch|p2a: Ogerpon|Ogerpon-Wellspring, F|100/100
|turn|1
|
|t:|1776179504
|move|p2a: Ogerpon|Ivy Cudgel|p1a: Glimmora|[anim] Ivy Cudgel Water
|-supereffective|p1a: Glimmora
|-enditem|p1a: Glimmora|Focus Sash
|-damage|p1a: Glimmora|1/100
|-activate|p1a: Glimmora|ability: Toxic Debris
|-sidestart|p2: BAzz Barge|move: Toxic Spikes
|move|p1a: Glimmora|Stealth Rock|p2a: Ogerpon
|-sidestart|p2: BAzz Barge|move: Stealth Rock
|
|upkeep
|turn|2
|
|t:|1776179518
|move|p2a: Ogerpon|U-turn|p1a: Glimmora
|-resisted|p1a: Glimmora
|-crit|p1a: Glimmora
|-damage|p1a: Glimmora|0 fnt
|-activate|p1a: Glimmora|ability: Toxic Debris
|-sidestart|p2: BAzz Barge|move: Toxic Spikes
|faint|p1a: Glimmora
|
|t:|1776179526
|switch|p2a: Excadrill|Excadrill, M|100/100|[from] U-turn
|-damage|p2a: Excadrill|97/100|[from] Stealth Rock
|-item|p2a: Excadrill|Air Balloon
|
|upkeep
|
|t:|1776179543
|switch|p1a: Great Tusk|Great Tusk|100/100
|turn|3
|
|t:|1776179558
|-terastallize|p2a: Excadrill|Ghost
|move|p1a: Great Tusk|Close Combat|p2a: Excadrill
|-immune|p2a: Excadrill
|move|p2a: Excadrill|Rapid Spin|p1a: Great Tusk
|-damage|p1a: Great Tusk|86/100
|-boost|p2a: Excadrill|spe|1
|-sideend|p2: BAzz Barge|Toxic Spikes|[from] move: Rapid Spin|[of] p2a: Excadrill
|-sideend|p2: BAzz Barge|Stealth Rock|[from] move: Rapid Spin|[of] p2a: Excadrill
|
|upkeep
|turn|4
|
|t:|1776179585
|-end|p1a: Great Tusk|Protosynthesis|[silent]
|switch|p1a: Porygon2|Porygon2, shiny|100/100
|-ability|p1a: Porygon2|Sand Rush|Trace|[from] ability: Trace|[of] p2a: Excadrill
|move|p2a: Excadrill|Swords Dance|p2a: Excadrill
|-boost|p2a: Excadrill|atk|2
|
|upkeep
|turn|5
|
|t:|1776179599
|move|p2a: Excadrill|Earthquake|p1a: Porygon2
|-damage|p1a: Porygon2|29/100
|move|p1a: Porygon2|Tri Attack|p2a: Excadrill
|-immune|p2a: Excadrill
|
|upkeep
|turn|6
|
|t:|1776179614
|switch|p1a: Dragonite|Dragonite, F|100/100
|move|p2a: Excadrill|Swords Dance|p2a: Excadrill
|-boost|p2a: Excadrill|atk|2
|
|upkeep
|turn|7
|
|t:|1776179625
|move|p2a: Excadrill|Rock Slide|p1a: Dragonite
|-supereffective|p1a: Dragonite
|-damage|p1a: Dragonite|21/100
|cant|p1a: Dragonite|flinch
|
|upkeep
|turn|8
|
|t:|1776179633
|switch|p1a: Great Tusk|Great Tusk|86/100
|move|p2a: Excadrill|Rock Slide|p1a: Great Tusk|[miss]
|-miss|p2a: Excadrill|p1a: Great Tusk
|
|upkeep
|turn|9
|
|t:|1776179641
|move|p1a: Great Tusk|Knock Off|p2a: Excadrill
|-supereffective|p2a: Excadrill
|-damage|p2a: Excadrill|9/100
|-enditem|p2a: Excadrill|Air Balloon
|move|p2a: Excadrill|Earthquake|p1a: Great Tusk
|-damage|p1a: Great Tusk|0 fnt
|faint|p1a: Great Tusk
|-end|p1a: Great Tusk|Protosynthesis|[silent]
|
|upkeep
|
|t:|1776179649
|switch|p1a: Scizor|Scizor, M|100/100
|turn|10
|
|t:|1776179655
|switch|p2a: Iron Moth|Iron Moth|100/100
|-enditem|p2a: Iron Moth|Booster Energy
|-activate|p2a: Iron Moth|ability: Quark Drive|[fromitem]
|-start|p2a: Iron Moth|quarkdrivespe
|move|p1a: Scizor|Bullet Punch|p2a: Iron Moth
|-resisted|p2a: Iron Moth
|-damage|p2a: Iron Moth|81/100
|
|upkeep
|turn|11
|
|t:|1776179677
|-terastallize|p1a: Scizor|Steel
|move|p2a: Iron Moth|Substitute|p2a: Iron Moth
|-start|p2a: Iron Moth|Substitute
|-damage|p2a: Iron Moth|56/100
|move|p1a: Scizor|Swords Dance|p1a: Scizor
|-boost|p1a: Scizor|atk|2
|
|upkeep
|turn|12
|
|t:|1776179684
|move|p1a: Scizor|Bullet Punch|p2a: Iron Moth
|-resisted|p2a: Iron Moth
|-end|p2a: Iron Moth|Substitute
|move|p2a: Iron Moth|Fiery Dance|p1a: Scizor
|-supereffective|p1a: Scizor
|-damage|p1a: Scizor|8/100
|-enditem|p1a: Scizor|Sitrus Berry|[eat]
|-heal|p1a: Scizor|33/100|[from] item: Sitrus Berry
|
|upkeep
|turn|13
|
|t:|1776179697
|move|p1a: Scizor|Bullet Punch|p2a: Iron Moth
|-resisted|p2a: Iron Moth
|-damage|p2a: Iron Moth|0 fnt
|faint|p2a: Iron Moth
|-end|p2a: Iron Moth|Quark Drive|[silent]
|
|upkeep
|
|t:|1776179709
|switch|p2a: Ogerpon|Ogerpon-Wellspring, F|100/100
|turn|14
|
|t:|1776179714
|move|p2a: Ogerpon|Ivy Cudgel|p1a: Scizor|[anim] Ivy Cudgel Water
|-damage|p1a: Scizor|0 fnt
|faint|p1a: Scizor
|
|upkeep
|
|t:|1776179722
|switch|p1a: Porygon2|Porygon2, shiny|29/100
|-ability|p1a: Porygon2|Water Absorb|Trace|[from] ability: Trace|[of] p2a: Ogerpon
|turn|15
|
|t:|1776179729
|move|p2a: Ogerpon|Knock Off|p1a: Porygon2
|-damage|p1a: Porygon2|3/100
|-enditem|p1a: Porygon2|Eviolite|[from] move: Knock Off|[of] p2a: Ogerpon
|move|p1a: Porygon2|Recover|p1a: Porygon2
|-heal|p1a: Porygon2|53/100
|
|upkeep
|turn|16
|
|t:|1776179736
|move|p2a: Ogerpon|U-turn|p1a: Porygon2
|-damage|p1a: Porygon2|23/100
|
|t:|1776179741
|switch|p2a: Tyranitar|Tyranitar, M|100/100|[from] U-turn
|-weather|Sandstorm|[from] ability: Sand Stream|[of] p2a: Tyranitar
|move|p1a: Porygon2|Recover|p1a: Porygon2
|-heal|p1a: Porygon2|73/100
|
|-weather|Sandstorm|[upkeep]
|-damage|p1a: Porygon2|67/100|[from] Sandstorm
|upkeep
|turn|17
|
|t:|1776179752
|move|p2a: Tyranitar|Low Kick|p1a: Porygon2
|-supereffective|p1a: Porygon2
|-damage|p1a: Porygon2|0 fnt
|faint|p1a: Porygon2
|
|-weather|Sandstorm|[upkeep]
|upkeep
|
|t:|1776179756
|switch|p1a: Dragonite|Dragonite, F|21/100
|turn|18
|-message|khvaradona forfeited.
|
|win|BAzz Barge
|raw|khvaradona's rating: 1187 &rarr; <strong>1165</strong><br />(-22 for losing)
|raw|BAzz Barge's rating: 1232 &rarr; <strong>1254</strong><br />(+22 for winning)
|l|☆khvaradona
|player|p1|
|l| ohko_smeargle
