|html|<div class="broadcast-blue"><strong>[Gen 9] OU is currently suspecting Tera Blast! For information on how to participate check out the <a href="https://www.smogon.com/tools/suspects/view/200">suspect thread</a>.</strong></div>
|j|☆terablastdontbanit
|j|☆rallermussen
|t:|1776321801
|gametype|singles
|player|p1|terablastdontbanit|169|1292
|player|p2|rallermussen|juan|1219
|gen|9
|tier|[Gen 9] OU
|rated|
|rule|HP Percentage Mod: HP is shown in percentages
|rule|Endless Battle Clause: Forcing endless battles is banned
|rule|Species Clause: Limit one of each Pokémon
|rule|OHKO Clause: OHKO moves are banned
|rule|Evasion Items Clause: Evasion items are banned
|rule|Evasion Moves Clause: Evasion moves are banned
|rule|Evasion Abilities Clause: Evasion abilities are banned
|rule|Sleep Moves Clause: Sleep-inducing moves are banned
|clearpoke
|poke|p1|Darkrai|
|poke|p1|Zamazenta-*|
|poke|p1|Iron Treads|
|poke|p1|Ting-Lu|
|poke|p1|Gholdengo|
|poke|p1|Dragonite, F|
|poke|p2|Cloyster, F|
|poke|p2|Rotom-Heat|
|poke|p2|Glimmora, F|
|poke|p2|Iron Treads|
|poke|p2|Zapdos|
|poke|p2|Garchomp, M|
|teampreview
|
|t:|1776321816
|teamsize|p1|6
|teamsize|p2|6
|start
|switch|p1a: Ting-Lu|Ting-Lu|100/100
|switch|p2a: Rotom|Rotom-Heat|100/100
|-ability|p1a: Ting-Lu|Vessel of Ruin
|turn|1
|
|t:|1776321835
|move|p2a: Rotom|Hex|p1a: Ting-Lu
|-resisted|p1a: Ting-Lu
|-damage|p1a: Ting-Lu|94/100
|-enditem|p1a: Ting-Lu|Red Card|[of] p2a: Rotom
|drag|p2a: Garchomp|Garchomp, M|100/100
|move|p1a: Ting-Lu|Stealth Rock|p2a: Garchomp
|-sidestart|p2: rallermussen|move: Stealth Rock
|
|upkeep
|turn|2
|
|t:|1776321845
|switch|p2a: Glimmora|Glimmora, F|100/100
|-damage|p2a: Glimmora|88/100|[from] Stealth Rock
|move|p1a: Ting-Lu|Spikes|p2a: Glimmora
|-sidestart|p2: rallermussen|Spikes
|
|upkeep
|turn|3
|
|t:|1776321855
|switch|p1a: Iron Treads|Iron Treads|100/100
|move|p2a: Glimmora|Mortal Spin|p1a: Iron Treads
|-immune|p1a: Iron Treads
|
|upkeep
|turn|4
|
|t:|1776321869
|switch|p2a: Rotom|Rotom-Heat|100/100
|-damage|p2a: Rotom|76/100|[from] Stealth Rock
|move|p1a: Iron Treads|Earthquake|p2a: Rotom
|-immune|p2a: Rotom|[from] ability: Levitate
|
|upkeep
|turn|5
|
|t:|1776321877
|-end|p1a: Iron Treads|Quark Drive|[silent]
|switch|p1a: Ting-Lu|Ting-Lu|94/100
|-ability|p1a: Ting-Lu|Vessel of Ruin
|move|p2a: Rotom|Trick|p1a: Ting-Lu
|-activate|p2a: Rotom|move: Trick|[of] p1a: Ting-Lu
|-item|p1a: Ting-Lu|Choice Specs|[from] move: Trick
|-enditem|p2a: Rotom|Choice Specs|[silent]|[from] move: Trick
|
|upkeep
|turn|6
|
|t:|1776321891
|switch|p2a: Iron Treads|Iron Treads|100/100
|-damage|p2a: Iron Treads|97/100|[from] Stealth Rock
|-damage|p2a: Iron Treads|85/100|[from] Spikes
|-enditem|p2a: Iron Treads|Booster Energy
|-activate|p2a: Iron Treads|ability: Quark Drive|[fromitem]
|-start|p2a: Iron Treads|quarkdriveatk
|move|p1a: Ting-Lu|Spikes|p2a: Iron Treads
|-sidestart|p2: rallermussen|Spikes
|
|upkeep
|turn|7
|
|t:|1776321907
|switch|p1a: Gholdengo|Gholdengo|100/100
|-item|p1a: Gholdengo|Air Balloon
|move|p2a: Iron Treads|Rapid Spin|p1a: Gholdengo
|-immune|p1a: Gholdengo
|
|upkeep
|turn|8
|
|t:|1776321931
|-end|p2a: Iron Treads|Quark Drive|[silent]
|switch|p2a: Rotom|Rotom-Heat|76/100
|-damage|p2a: Rotom|51/100|[from] Stealth Rock
|switch|p1a: Ting-Lu|Ting-Lu|94/100
|-ability|p1a: Ting-Lu|Vessel of Ruin
|
|upkeep
|turn|9
|
|t:|1776321951
|move|p2a: Rotom|Trick|p1a: Ting-Lu
|-activate|p2a: Rotom|move: Trick|[of] p1a: Ting-Lu
|-enditem|p1a: Ting-Lu|Choice Specs|[silent]|[from] move: Trick
|-item|p2a: Rotom|Choice Specs|[from] move: Trick
|move|p1a: Ting-Lu|Spikes|p2a: Rotom
|-sidestart|p2: rallermussen|Spikes
|
|upkeep
|turn|10
|-message|rallermussen forfeited.
|
|win|terablastdontbanit
|raw|terablastdontbanit's rating: 1292 &rarr; <strong>1312</strong><br />(+20 for winning)
|raw|rallermussen's rating: 1219 &rarr; <strong>1199</strong><br />(-20 for losing)
|l|☆rallermussen
|player|p2|
|c|☆terablastdontbanit|gg
