|html|<div class="broadcast-blue"><strong>[Gen 9] OU is currently suspecting Tera Blast! For information on how to participate check out the <a href="https://www.smogon.com/tools/suspects/view/200">suspect thread</a>.</strong></div>
|j|☆ragavslasheralt
|j|☆claclabar6
|t:|1776057779
|gametype|singles
|player|p1|ragavslasheralt|169|1219
|player|p2|claclabar6|zinzolin|1291
|gen|9
|tier|[Gen 9] OU
|rated|
|rule|HP Percentage Mod: HP is shown in percentages
|rule|Endless Battle Clause: Forcing endless battles is banned
|rule|Species Clause: Limit one of each Pokémon
|rule|OHKO Clause: OHKO moves are banned
|rule|Evasion Items Clause: Evasion items are banned
|rule|Evasion Moves Clause: Evasion moves are banned
|rule|Evasion Abilities Clause: Evasion abilities are banned
|rule|Sleep Moves Clause: Sleep-inducing moves are banned
|clearpoke
|poke|p1|Moltres-Galar|
|poke|p1|Gholdengo|
|poke|p1|Samurott-Hisui, F|
|poke|p1|Smeargle, M|
|poke|p1|Zamazenta-*|
|poke|p1|Deoxys-Speed|
|poke|p2|Torkoal, F|
|poke|p2|Regidrago|
|poke|p2|Ceruledge, M|
|poke|p2|Slither Wing|
|poke|p2|Raging Bolt|
|poke|p2|Porygon2|
|teampreview
|inactive|Battle timer is ON: inactive players will automatically lose when time's up. (requested by claclabar6)
|
|t:|1776057784
|teamsize|p1|6
|teamsize|p2|6
|start
|switch|p1a: Deoxys|Deoxys-Speed|100/100
|switch|p2a: Slither Wing|Slither Wing|100/100
|-ability|p1a: Deoxys|Pressure
|turn|1
|
|t:|1776057792
|move|p2a: Slither Wing|First Impression|p1a: Deoxys
|-supereffective|p1a: Deoxys
|-damage|p1a: Deoxys|0 fnt
|faint|p1a: Deoxys
|
|upkeep
|
|t:|1776057805
|switch|p1a: Gholdengo|Gholdengo|100/100
|turn|2
|
|t:|1776057815
|-end|p2a: Slither Wing|Protosynthesis|[silent]
|switch|p2a: Porygon2|Porygon2|100/100
|-ability|p2a: Porygon2|Download|boost
|-boost|p2a: Porygon2|spa|1
|move|p1a: Gholdengo|Trick|p2a: Porygon2
|-activate|p1a: Gholdengo|move: Trick|[of] p2a: Porygon2
|-item|p2a: Porygon2|Choice Scarf|[from] move: Trick
|-item|p1a: Gholdengo|Eviolite|[from] move: Trick
|
|upkeep
|turn|3
|
|t:|1776057825
|switch|p1a: Smeargle|Smeargle, M|100/100
|move|p2a: Porygon2|Trick Room|p2a: Porygon2
|-fieldstart|move: Trick Room|[of] p2a: Porygon2
|
|upkeep
|turn|4
|
|t:|1776057834
|switch|p2a: Slither Wing|Slither Wing|100/100
|move|p1a: Smeargle|Jaw Lock|p2a: Slither Wing
|-resisted|p2a: Slither Wing
|-damage|p2a: Slither Wing|94/100
|-activate|p1a: Smeargle|trapped
|-activate|p2a: Slither Wing|trapped
|
|upkeep
|turn|5
|
|t:|1776057845
|move|p2a: Slither Wing|Brick Break|p1a: Smeargle
|-supereffective|p1a: Smeargle
|-damage|p1a: Smeargle|0 fnt
|faint|p1a: Smeargle
|
|upkeep
|
|t:|1776057850
|switch|p1a: Gholdengo|Gholdengo|100/100
|turn|6
|
|t:|1776057866
|-end|p2a: Slither Wing|Protosynthesis|[silent]
|switch|p2a: Porygon2|Porygon2|100/100
|-ability|p2a: Porygon2|Download|boost
|-boost|p2a: Porygon2|spa|1
|move|p1a: Gholdengo|Shadow Ball|p2a: Porygon2
|-immune|p2a: Porygon2
|
|upkeep
|turn|7
|
|t:|1776057871
|switch|p1a: Samurott|Samurott-Hisui, F|100/100
|-terastallize|p2a: Porygon2|Ground
|move|p2a: Porygon2|Tera Blast|p1a: Samurott|[anim] Tera Blast Ground
|-damage|p1a: Samurott|17/100
|
|-fieldend|move: Trick Room
|upkeep
|turn|8
|
|t:|1776057882
|switch|p2a: Raging Bolt|Raging Bolt|100/100
|move|p1a: Samurott|Ceaseless Edge|p2a: Raging Bolt
|-damage|p2a: Raging Bolt|62/100
|-sidestart|p2: claclabar6|Spikes
|
|upkeep
|turn|9
|
|t:|1776057889
|move|p1a: Samurott|Ceaseless Edge|p2a: Raging Bolt
|-damage|p2a: Raging Bolt|25/100
|-sidestart|p2: claclabar6|Spikes
|move|p2a: Raging Bolt|Thunderbolt|p1a: Samurott
|-supereffective|p1a: Samurott
|-crit|p1a: Samurott
|-damage|p1a: Samurott|0 fnt
|faint|p1a: Samurott
|-damage|p2a: Raging Bolt|15/100|[from] item: Life Orb
|
|upkeep
|
|t:|1776057897
|switch|p1a: Moltres|Moltres-Galar|100/100
|turn|10
|
|t:|1776057902
|move|p2a: Raging Bolt|Thunderclap||[still]
|-fail|p2a: Raging Bolt
|move|p1a: Moltres|Agility|p1a: Moltres
|-boost|p1a: Moltres|spe|2
|
|upkeep
|turn|11
|
|t:|1776057908
|move|p2a: Raging Bolt|Thunderclap|p1a: Moltres
|-supereffective|p1a: Moltres
|-damage|p1a: Moltres|11/100
|-ability|p1a: Moltres|Berserk|boost
|-boost|p1a: Moltres|spa|1
|-damage|p2a: Raging Bolt|5/100|[from] item: Life Orb
|-enditem|p1a: Moltres|Sitrus Berry|[eat]
|-heal|p1a: Moltres|36/100|[from] item: Sitrus Berry
|move|p1a: Moltres|Fiery Wrath|p2a: Raging Bolt
|-damage|p2a: Raging Bolt|0 fnt
|faint|p2a: Raging Bolt
|-end|p2a: Raging Bolt|Protosynthesis|[silent]
|
|upkeep
|
|t:|1776057923
|switch|p2a: Slither Wing|Slither Wing|94/100
|-damage|p2a: Slither Wing|77/100|[from] Spikes
|turn|12
|
|t:|1776057932
|-terastallize|p1a: Moltres|Ghost
|move|p2a: Slither Wing|First Impression|p1a: Moltres
|-resisted|p1a: Moltres
|-damage|p1a: Moltres|0 fnt
|faint|p1a: Moltres
|
|upkeep
|-message|ragavslasheralt forfeited.
|
|win|claclabar6
|raw|ragavslasheralt's rating: 1244 &rarr; <strong>1220</strong><br />(-24 for losing)
|raw|claclabar6's rating: 1263 &rarr; <strong>1287</strong><br />(+24 for winning)
|l|☆ragavslasheralt
|player|p1|
|l|☆claclabar6
|player|p2|
