|html|<div class="broadcast-blue"><strong>[Gen 9] OU is currently suspecting Tera Blast! For information on how to participate check out the <a href="https://www.smogon.com/tools/suspects/view/200">suspect thread</a>.</strong></div>
|j|☆Dojaxsza
|j|☆GODKUD
|t:|1776041780
|gametype|singles
|player|p1|Dojaxsza|dawn|1336
|player|p2|GODKUD|ghetsis-gen5bw|1396
|gen|9
|tier|[Gen 9] OU
|rated|
|rule|HP Percentage Mod: HP is shown in percentages
|rule|Endless Battle Clause: Forcing endless battles is banned
|rule|Species Clause: Limit one of each Pokémon
|rule|OHKO Clause: OHKO moves are banned
|rule|Evasion Items Clause: Evasion items are banned
|rule|Evasion Moves Clause: Evasion moves are banned
|rule|Evasion Abilities Clause: Evasion abilities are banned
|rule|Sleep Moves Clause: Sleep-inducing moves are banned
|clearpoke
|poke|p1|Azumarill, M|
|poke|p1|Ninetales-Alola, F|
|poke|p1|Florges-Yellow, F|
|poke|p1|Granbull, M|
|poke|p1|Gengar, M|
|poke|p1|Cinderace, F|
|poke|p2|Feraligatr, F|
|poke|p2|Conkeldurr, M|
|poke|p2|Rampardos, M|
|poke|p2|Haxorus, M|
|poke|p2|Deoxys-Speed|
|poke|p2|Tornadus-Therian, M|
|teampreview
|inactive|Battle timer is ON: inactive players will automatically lose when time's up. (requested by GODKUD)
|
|t:|1776041800
|teamsize|p1|6
|teamsize|p2|6
|start
|switch|p1a: Azumarill|Azumarill, M|100/100
|switch|p2a: Deoxys|Deoxys-Speed|100/100
|-ability|p2a: Deoxys|Pressure
|turn|1
|
|t:|1776041803
|move|p2a: Deoxys|Taunt|p1a: Azumarill
|-start|p1a: Azumarill|move: Taunt
|move|p1a: Azumarill|Knock Off|p2a: Deoxys
|-supereffective|p2a: Deoxys
|-damage|p2a: Deoxys|0 fnt
|-enditem|p2a: Deoxys|Light Clay|[from] move: Knock Off|[of] p1a: Azumarill
|faint|p2a: Deoxys
|
|upkeep
|
|t:|1776041814
|switch|p2a: Feraligatr|Feraligatr, F|100/100
|turn|2
|
|t:|1776041818
|move|p2a: Feraligatr|Dragon Dance|p2a: Feraligatr
|-boost|p2a: Feraligatr|atk|1
|-boost|p2a: Feraligatr|spe|1
|move|p1a: Azumarill|Knock Off|p2a: Feraligatr
|-damage|p2a: Feraligatr|34/100
|-enditem|p2a: Feraligatr|Life Orb|[from] move: Knock Off|[of] p1a: Azumarill
|
|upkeep
|turn|3
|
|t:|1776041828
|move|p2a: Feraligatr|Liquidation|p1a: Azumarill
|-resisted|p1a: Azumarill
|-damage|p1a: Azumarill|59/100
|move|p1a: Azumarill|Knock Off|p2a: Feraligatr
|-damage|p2a: Feraligatr|0 fnt
|faint|p2a: Feraligatr
|
|-end|p1a: Azumarill|move: Taunt
|upkeep
|
|t:|1776041835
|switch|p2a: Conkeldurr|Conkeldurr, M|100/100
|turn|4
|
|t:|1776041841
|move|p2a: Conkeldurr|Knock Off|p1a: Azumarill
|-resisted|p1a: Azumarill
|-damage|p1a: Azumarill|41/100
|-enditem|p1a: Azumarill|Choice Band|[from] move: Knock Off|[of] p2a: Conkeldurr
|move|p1a: Azumarill|Knock Off|p2a: Conkeldurr
|-resisted|p2a: Conkeldurr
|-damage|p2a: Conkeldurr|80/100
|-enditem|p2a: Conkeldurr|Flame Orb|[from] move: Knock Off|[of] p1a: Azumarill
|
|upkeep
|turn|5
|
|t:|1776041848
|move|p2a: Conkeldurr|Facade|p1a: Azumarill
|-damage|p1a: Azumarill|12/100
|move|p1a: Azumarill|Play Rough|p2a: Conkeldurr
|-supereffective|p2a: Conkeldurr
|-damage|p2a: Conkeldurr|0 fnt
|faint|p2a: Conkeldurr
|
|upkeep
|
|t:|1776041854
|switch|p2a: Rampardos|Rampardos, M|100/100
|-ability|p2a: Rampardos|Mold Breaker
|turn|6
|
|t:|1776041860
|move|p1a: Azumarill|Aqua Jet|p2a: Rampardos
|-supereffective|p2a: Rampardos
|-damage|p2a: Rampardos|25/100
|-enditem|p2a: Rampardos|Salac Berry|[eat]
|-boost|p2a: Rampardos|spe|1|[from] item: Salac Berry
|move|p2a: Rampardos|Trailblaze|p1a: Azumarill
|-supereffective|p1a: Azumarill
|-damage|p1a: Azumarill|0 fnt
|-boost|p2a: Rampardos|spe|1
|faint|p1a: Azumarill
|
|upkeep
|
|t:|1776041871
|switch|p1a: Granbull|Granbull, M|100/100
|-ability|p1a: Granbull|Intimidate|boost
|-unboost|p2a: Rampardos|atk|1
|turn|7
|
|t:|1776041876
|move|p2a: Rampardos|Swords Dance|p2a: Rampardos
|-boost|p2a: Rampardos|atk|2
|move|p1a: Granbull|Play Rough|p2a: Rampardos
|-damage|p2a: Rampardos|0 fnt
|faint|p2a: Rampardos
|
|upkeep
|
|t:|1776041882
|switch|p2a: Tornadus|Tornadus-Therian, M|100/100
|turn|8
|
|t:|1776041894
|move|p2a: Tornadus|Nasty Plot|p2a: Tornadus
|-boost|p2a: Tornadus|spa|2
|move|p1a: Granbull|Play Rough|p2a: Tornadus
|-damage|p2a: Tornadus|37/100
|-unboost|p2a: Tornadus|atk|1
|
|upkeep
|turn|9
|
|t:|1776041906
|move|p2a: Tornadus|Bleakwind Storm|p1a: Granbull
|-damage|p1a: Granbull|0 fnt
|faint|p1a: Granbull
|-damage|p2a: Tornadus|28/100|[from] item: Life Orb
|
|upkeep
|
|t:|1776041914
|switch|p1a: Gengar|Gengar, M|100/100
|turn|10
|
|t:|1776041926
|move|p2a: Tornadus|Bleakwind Storm|p1a: Gengar
|-crit|p1a: Gengar
|-enditem|p1a: Gengar|Focus Sash
|-damage|p1a: Gengar|1/100
|-unboost|p1a: Gengar|spe|1
|-damage|p2a: Tornadus|18/100|[from] item: Life Orb
|move|p1a: Gengar|Sludge Wave|p2a: Tornadus
|-damage|p2a: Tornadus|0 fnt
|faint|p2a: Tornadus
|
|upkeep
|
|t:|1776041944
|switch|p2a: Haxorus|Haxorus, M|100/100
|-ability|p2a: Haxorus|Mold Breaker
|turn|11
|
|t:|1776041970
|-terastallize|p2a: Haxorus|Poison
|move|p2a: Haxorus|Swords Dance|p2a: Haxorus
|-boost|p2a: Haxorus|atk|2
|move|p1a: Gengar|Sludge Wave|p2a: Haxorus
|-resisted|p2a: Haxorus
|-damage|p2a: Haxorus|60/100
|
|upkeep
|turn|12
|
|t:|1776041978
|move|p2a: Haxorus|Scale Shot|p1a: Gengar
|-damage|p1a: Gengar|0 fnt
|faint|p1a: Gengar
|-hitcount|p1: Gengar|1
|-unboost|p2a: Haxorus|def|1
|-boost|p2a: Haxorus|spe|1
|
|upkeep
|
|t:|1776041994
|switch|p1a: Cinderace|Cinderace, F|100/100
|turn|13
|
|t:|1776041999
|move|p2a: Haxorus|Swords Dance|p2a: Haxorus
|-boost|p2a: Haxorus|atk|2
|move|p1a: Cinderace|Pyro Ball|p2a: Haxorus
|-damage|p2a: Haxorus|0 fnt
|faint|p2a: Haxorus
|
|win|Dojaxsza
|raw|Dojaxsza's rating: 1336 &rarr; <strong>1359</strong><br />(+23 for winning)
|raw|GODKUD's rating: 1396 &rarr; <strong>1373</strong><br />(-23 for losing)
|l|☆GODKUD
|player|p2|
|l|☆Dojaxsza
|player|p1|
