|html|<div class="broadcast-blue"><strong>[Gen 9] OU is currently suspecting Tera Blast! For information on how to participate check out the <a href="https://www.smogon.com/tools/suspects/view/200">suspect thread</a>.</strong></div>
|j|☆typhoon9
|j|☆supermario1096
|t:|1776181177
|gametype|singles
|player|p1|typhoon9|170|1398
|player|p2|supermario1096|265|1468
|gen|9
|tier|[Gen 9] OU
|rated|
|rule|HP Percentage Mod: HP is shown in percentages
|rule|Endless Battle Clause: Forcing endless battles is banned
|rule|Species Clause: Limit one of each Pokémon
|rule|OHKO Clause: OHKO moves are banned
|rule|Evasion Items Clause: Evasion items are banned
|rule|Evasion Moves Clause: Evasion moves are banned
|rule|Evasion Abilities Clause: Evasion abilities are banned
|rule|Sleep Moves Clause: Sleep-inducing moves are banned
|clearpoke
|poke|p1|Hatterene, F|
|poke|p1|Ursaluna, M|
|poke|p1|Porygon2|
|poke|p1|Cresselia, F|
|poke|p1|Iron Hands|
|poke|p1|Volcanion|
|poke|p2|Slither Wing|
|poke|p2|Great Tusk|
|poke|p2|Sandy Shocks|
|poke|p2|Venusaur, M|
|poke|p2|Hatterene, F|
|poke|p2|Torkoal, M|
|teampreview
|
|t:|1776181188
|teamsize|p1|6
|teamsize|p2|6
|start
|switch|p1a: Hatterene|Hatterene, F, shiny|100/100
|switch|p2a: Torkoal|Torkoal, M|100/100
|-weather|SunnyDay|[from] ability: Drought|[of] p2a: Torkoal
|turn|1
|
|t:|1776181193
|move|p2a: Torkoal|Lava Plume|p1a: Hatterene
|-damage|p1a: Hatterene|65/100
|move|p1a: Hatterene|Psychic Noise|p2a: Torkoal
|-damage|p2a: Torkoal|60/100
|-start|p2a: Torkoal|move: Heal Block
|
|-weather|SunnyDay|[upkeep]
|upkeep
|turn|2
|
|t:|1776181197
|move|p2a: Torkoal|Lava Plume|p1a: Hatterene
|-damage|p1a: Hatterene|28/100
|-status|p1a: Hatterene|brn
|move|p1a: Hatterene|Trick Room|p1a: Hatterene
|-fieldstart|move: Trick Room|[of] p1a: Hatterene
|
|-weather|SunnyDay|[upkeep]
|-damage|p1a: Hatterene|22/100 brn|[from] brn
|-end|p2a: Torkoal|move: Heal Block
|upkeep
|turn|3
|
|t:|1776181205
|move|p1a: Hatterene|Healing Wish|p1a: Hatterene
|faint|p1a: Hatterene
|move|p2a: Torkoal|Lava Plume|p1: Hatterene|[notarget]
|-fail|p2a: Torkoal
|
|-weather|SunnyDay|[upkeep]
|upkeep
|inactive|Battle timer is ON: inactive players will automatically lose when time's up. (requested by typhoon9)
|
|t:|1776181239
|switch|p1a: Porygon2|Porygon2|100/100
|-ability|p1a: Porygon2|Download|boost
|-boost|p1a: Porygon2|spa|1
|turn|4
|
|t:|1776181246
|switch|p2a: Sandy Shocks|Sandy Shocks|100/100
|-activate|p2a: Sandy Shocks|ability: Protosynthesis
|-start|p2a: Sandy Shocks|protosynthesisspe
|move|p1a: Porygon2|Tera Blast|p2a: Sandy Shocks
|-damage|p2a: Sandy Shocks|56/100
|
|-weather|SunnyDay|[upkeep]
|upkeep
|turn|5
|
|t:|1776181254
|move|p1a: Porygon2|Ice Beam|p2a: Sandy Shocks
|-supereffective|p2a: Sandy Shocks
|-damage|p2a: Sandy Shocks|0 fnt
|faint|p2a: Sandy Shocks
|-end|p2a: Sandy Shocks|Protosynthesis|[silent]
|
|-weather|SunnyDay|[upkeep]
|upkeep
|
|t:|1776181272
|switch|p2a: Hatterene|Hatterene, F|100/100
|turn|6
|
|t:|1776181279
|move|p2a: Hatterene|Psychic Noise|p1a: Porygon2
|-damage|p1a: Porygon2|73/100
|-start|p1a: Porygon2|move: Heal Block
|move|p1a: Porygon2|Tera Blast|p2a: Hatterene
|-damage|p2a: Hatterene|41/100
|-enditem|p2a: Hatterene|Eject Button
|
|t:|1776181288
|switch|p2a: Slither Wing|Slither Wing|100/100
|-activate|p2a: Slither Wing|ability: Protosynthesis
|-start|p2a: Slither Wing|protosynthesisatk
|
|-weather|SunnyDay|[upkeep]
|-fieldend|move: Trick Room
|upkeep
|turn|7
|
|t:|1776181300
|-terastallize|p2a: Slither Wing|Bug
|move|p2a: Slither Wing|U-turn|p1a: Porygon2
|-damage|p1a: Porygon2|12/100
|
|t:|1776181304
|-end|p2a: Slither Wing|Protosynthesis|[silent]
|switch|p2a: Torkoal|Torkoal, M|60/100|[from] U-turn
|move|p1a: Porygon2|Trick Room|p1a: Porygon2
|-fieldstart|move: Trick Room|[of] p1a: Porygon2
|
|-weather|SunnyDay|[upkeep]
|-end|p1a: Porygon2|move: Heal Block
|upkeep
|turn|8
|
|t:|1776181307
|move|p2a: Torkoal|Lava Plume|p1a: Porygon2
|-damage|p1a: Porygon2|0 fnt
|faint|p1a: Porygon2
|
|-weather|none
|upkeep
|
|t:|1776181315
|switch|p1a: Iron Hands|Iron Hands|100/100
|-enditem|p1a: Iron Hands|Booster Energy
|-activate|p1a: Iron Hands|ability: Quark Drive|[fromitem]
|-start|p1a: Iron Hands|quarkdriveatk
|turn|9
|
|t:|1776181321
|move|p2a: Torkoal|Will-O-Wisp|p1a: Iron Hands
|-status|p1a: Iron Hands|brn
|move|p1a: Iron Hands|Swords Dance|p1a: Iron Hands
|-boost|p1a: Iron Hands|atk|2
|
|-damage|p1a: Iron Hands|94/100 brn|[from] brn
|upkeep
|turn|10
|
|t:|1776181326
|move|p2a: Torkoal|Lava Plume|p1a: Iron Hands
|-crit|p1a: Iron Hands
|-damage|p1a: Iron Hands|63/100 brn
|move|p1a: Iron Hands|Drain Punch|p2a: Torkoal
|-damage|p2a: Torkoal|17/100
|-heal|p1a: Iron Hands|77/100 brn|[from] drain|[of] p2a: Torkoal
|
|-damage|p1a: Iron Hands|71/100 brn|[from] brn
|upkeep
|turn|11
|
|t:|1776181331
|switch|p2a: Hatterene|Hatterene, F|41/100
|move|p1a: Iron Hands|Drain Punch|p2a: Hatterene
|-resisted|p2a: Hatterene
|-damage|p2a: Hatterene|26/100
|-heal|p1a: Iron Hands|76/100 brn|[from] drain|[of] p2a: Hatterene
|
|-damage|p1a: Iron Hands|70/100 brn|[from] brn
|-fieldend|move: Trick Room
|upkeep
|turn|12
|
|t:|1776181338
|move|p1a: Iron Hands|Wild Charge|p2a: Hatterene
|-damage|p2a: Hatterene|0 fnt
|faint|p2a: Hatterene
|-damage|p1a: Iron Hands|66/100 brn|[from] Recoil
|
|-damage|p1a: Iron Hands|60/100 brn|[from] brn
|upkeep
|
|t:|1776181346
|switch|p2a: Great Tusk|Great Tusk|100/100
|turn|13
|
|t:|1776181350
|move|p2a: Great Tusk|Headlong Rush|p1a: Iron Hands
|-supereffective|p1a: Iron Hands
|-damage|p1a: Iron Hands|0 fnt
|-unboost|p2a: Great Tusk|def|1
|-unboost|p2a: Great Tusk|spd|1
|faint|p1a: Iron Hands
|-end|p1a: Iron Hands|Quark Drive|[silent]
|
|upkeep
|
|t:|1776181354
|switch|p1a: Cresselia|Cresselia, F, shiny|100/100
|turn|14
|
|t:|1776181359
|move|p2a: Great Tusk|Knock Off|p1a: Cresselia
|-supereffective|p1a: Cresselia
|-damage|p1a: Cresselia|61/100
|-enditem|p1a: Cresselia|Mental Herb|[from] move: Knock Off|[of] p2a: Great Tusk
|move|p1a: Cresselia|Trick Room|p1a: Cresselia
|-fieldstart|move: Trick Room|[of] p1a: Cresselia
|
|upkeep
|turn|15
|
|t:|1776181379
|switch|p1a: Mann|Ursaluna, M|100/100
|move|p2a: Great Tusk|Knock Off|p1a: Mann
|-damage|p1a: Mann|75/100
|-enditem|p1a: Mann|Flame Orb|[from] move: Knock Off|[of] p2a: Great Tusk
|
|upkeep
|turn|16
|
|t:|1776181399
|move|p1a: Mann|Swords Dance|p1a: Mann
|-boost|p1a: Mann|atk|2
|move|p2a: Great Tusk|Headlong Rush|p1a: Mann
|-damage|p1a: Mann|32/100
|-unboost|p2a: Great Tusk|def|1
|-unboost|p2a: Great Tusk|spd|1
|
|upkeep
|turn|17
|
|t:|1776181407
|move|p1a: Mann|Headlong Rush|p2a: Great Tusk
|-damage|p2a: Great Tusk|0 fnt
|-unboost|p1a: Mann|def|1
|-unboost|p1a: Mann|spd|1
|faint|p2a: Great Tusk
|-end|p2a: Great Tusk|Protosynthesis|[silent]
|
|upkeep
|
|t:|1776181419
|switch|p2a: Torkoal|Torkoal, M|17/100
|-weather|SunnyDay|[from] ability: Drought|[of] p2a: Torkoal
|turn|18
|
|t:|1776181424
|switch|p1a: Volcanion|Volcanion|100/100
|move|p2a: Torkoal|Lava Plume|p1a: Volcanion
|-resisted|p1a: Volcanion
|-damage|p1a: Volcanion|91/100
|
|-weather|SunnyDay|[upkeep]
|-fieldend|move: Trick Room
|upkeep
|turn|19
|
|t:|1776181434
|switch|p2a: Venusaur|Venusaur, M|100/100
|move|p1a: Volcanion|Flamethrower|p2a: Venusaur
|-supereffective|p2a: Venusaur
|-damage|p2a: Venusaur|0 fnt
|faint|p2a: Venusaur
|
|-weather|SunnyDay|[upkeep]
|upkeep
|
|t:|1776181437
|switch|p2a: Slither Wing|Slither Wing, tera:Bug|100/100
|-activate|p2a: Slither Wing|ability: Protosynthesis
|-start|p2a: Slither Wing|protosynthesisatk
|turn|20
|
|t:|1776181445
|move|p2a: Slither Wing|Close Combat|p1a: Volcanion
|-damage|p1a: Volcanion|0 fnt
|-unboost|p2a: Slither Wing|def|1
|-unboost|p2a: Slither Wing|spd|1
|faint|p1a: Volcanion
|
|-weather|SunnyDay|[upkeep]
|upkeep
|
|t:|1776181453
|switch|p1a: Cresselia|Cresselia, F, shiny|61/100
|-heal|p1a: Cresselia|100/100|[from] move: Healing Wish
|turn|21
|
|t:|1776181457
|-end|p2a: Slither Wing|Protosynthesis|[silent]
|switch|p2a: Torkoal|Torkoal, M|17/100
|move|p1a: Cresselia|Trick Room|p1a: Cresselia
|-fieldstart|move: Trick Room|[of] p1a: Cresselia
|
|-weather|SunnyDay|[upkeep]
|upkeep
|turn|22
|
|t:|1776181463
|move|p2a: Torkoal|Stealth Rock|p1a: Cresselia
|-sidestart|p1: typhoon9|move: Stealth Rock
|move|p1a: Cresselia|Psychic|p2a: Torkoal
|-damage|p2a: Torkoal|0 fnt
|faint|p2a: Torkoal
|
|-weather|SunnyDay|[upkeep]
|upkeep
|
|t:|1776181478
|switch|p2a: Slither Wing|Slither Wing, tera:Bug|100/100
|-activate|p2a: Slither Wing|ability: Protosynthesis
|-start|p2a: Slither Wing|protosynthesisatk
|turn|23
|
|t:|1776181490
|-terastallize|p1a: Cresselia|Fairy
|move|p1a: Cresselia|Moonblast|p2a: Slither Wing
|-damage|p2a: Slither Wing|74/100
|move|p2a: Slither Wing|U-turn|p1a: Cresselia
|-resisted|p1a: Cresselia
|-damage|p1a: Cresselia|73/100
|
|-weather|SunnyDay|[upkeep]
|upkeep
|turn|24
|
|t:|1776181497
|move|p1a: Cresselia|Moonblast|p2a: Slither Wing
|-damage|p2a: Slither Wing|48/100
|move|p2a: Slither Wing|U-turn|p1a: Cresselia
|-resisted|p1a: Cresselia
|-damage|p1a: Cresselia|47/100
|
|-weather|SunnyDay|[upkeep]
|upkeep
|turn|25
|
|t:|1776181508
|move|p1a: Cresselia|Moonblast|p2a: Slither Wing
|-damage|p2a: Slither Wing|22/100
|move|p2a: Slither Wing|U-turn|p1a: Cresselia
|-resisted|p1a: Cresselia
|-damage|p1a: Cresselia|20/100
|
|-weather|none
|-end|p2a: Slither Wing|Protosynthesis
|-fieldend|move: Trick Room
|upkeep
|turn|26
|
|t:|1776181515
|move|p2a: Slither Wing|U-turn|p1a: Cresselia
|-resisted|p1a: Cresselia
|-damage|p1a: Cresselia|0 fnt
|faint|p1a: Cresselia
|
|upkeep
|
|t:|1776181531
|switch|p1a: Mann|Ursaluna, M|32/100
|-damage|p1a: Mann|26/100|[from] Stealth Rock
|turn|27
|
|t:|1776181534
|move|p2a: Slither Wing|U-turn|p1a: Mann
|-damage|p1a: Mann|0 fnt
|faint|p1a: Mann
|
|win|supermario1096
|raw|typhoon9's rating: 1398 &rarr; <strong>1382</strong><br />(-16 for losing)
|raw|supermario1096's rating: 1468 &rarr; <strong>1484</strong><br />(+16 for winning)
|c|☆supermario1096|GGs
|c|☆typhoon9|gg
