|html|<div class="broadcast-blue"><strong>[Gen 9] OU is currently suspecting Tera Blast! For information on how to participate check out the <a href="https://www.smogon.com/tools/suspects/view/200">suspect thread</a>.</strong></div>
|j|☆MASTEROFALLCREATE
|j|☆calorria
|t:|1776061372
|gametype|singles
|player|p1|MASTEROFALLCREATE|pokefan-gen4|1125
|player|p2|calorria|102|1095
|gen|9
|tier|[Gen 9] OU
|rated|
|rule|HP Percentage Mod: HP is shown in percentages
|rule|Endless Battle Clause: Forcing endless battles is banned
|rule|Species Clause: Limit one of each Pokémon
|rule|OHKO Clause: OHKO moves are banned
|rule|Evasion Items Clause: Evasion items are banned
|rule|Evasion Moves Clause: Evasion moves are banned
|rule|Evasion Abilities Clause: Evasion abilities are banned
|rule|Sleep Moves Clause: Sleep-inducing moves are banned
|clearpoke
|poke|p1|Rillaboom, F|
|poke|p1|Ambipom, F|
|poke|p1|Carbink|
|poke|p1|Bronzong|
|poke|p1|Eelektross, F|
|poke|p1|Tentacruel, M|
|poke|p2|Great Tusk|
|poke|p2|Gholdengo|
|poke|p2|Kingambit, F|
|poke|p2|Dragapult, F|
|poke|p2|Rotom-Wash|
|poke|p2|Corviknight, M|
|teampreview
|
|t:|1776061379
|teamsize|p1|6
|teamsize|p2|6
|start
|switch|p1a: Ambipom|Ambipom, F|100/100
|switch|p2a: Great Tusk|Great Tusk|100/100
|turn|1
|
|t:|1776061388
|move|p1a: Ambipom|Fake Out|p2a: Great Tusk
|-damage|p2a: Great Tusk|85/100
|-damage|p1a: Ambipom|91/100|[from] item: Life Orb
|cant|p2a: Great Tusk|flinch
|
|-heal|p2a: Great Tusk|92/100|[from] item: Leftovers
|upkeep
|turn|2
|
|t:|1776061397
|move|p1a: Ambipom|Triple Axel|p2a: Great Tusk
|-supereffective|p2a: Great Tusk
|-damage|p2a: Great Tusk|81/100
|-supereffective|p2a: Great Tusk
|-damage|p2a: Great Tusk|60/100
|-supereffective|p2a: Great Tusk
|-damage|p2a: Great Tusk|26/100
|-hitcount|p2a: Great Tusk|3
|-damage|p1a: Ambipom|81/100|[from] item: Life Orb
|move|p2a: Great Tusk|Stealth Rock|p1a: Ambipom
|-sidestart|p1: MASTEROFALLCREATE|move: Stealth Rock
|
|-heal|p2a: Great Tusk|32/100|[from] item: Leftovers
|upkeep
|turn|3
|
|t:|1776061411
|-end|p2a: Great Tusk|Protosynthesis|[silent]
|switch|p2a: Gholdengo|Gholdengo|100/100
|move|p1a: Ambipom|Triple Axel|p2a: Gholdengo
|-resisted|p2a: Gholdengo
|-damage|p2a: Gholdengo|95/100
|-resisted|p2a: Gholdengo
|-damage|p2a: Gholdengo|81/100
|-resisted|p2a: Gholdengo
|-damage|p2a: Gholdengo|63/100
|-hitcount|p2a: Gholdengo|3
|-damage|p1a: Ambipom|71/100|[from] item: Life Orb
|
|upkeep
|turn|4
|
|t:|1776061425
|move|p1a: Ambipom|Knock Off|p2a: Gholdengo
|-supereffective|p2a: Gholdengo
|-damage|p2a: Gholdengo|0 fnt
|-enditem|p2a: Gholdengo|Choice Specs|[from] move: Knock Off|[of] p1a: Ambipom
|faint|p2a: Gholdengo
|-damage|p1a: Ambipom|61/100|[from] item: Life Orb
|
|upkeep
|
|t:|1776061439
|switch|p2a: Kingambit|Kingambit, F|100/100
|-activate|p2a: Kingambit|ability: Supreme Overlord
|-start|p2a: Kingambit|fallen1|[silent]
|turn|5
|
|t:|1776061445
|switch|p1a: Carbink|Carbink|100/100
|-damage|p1a: Carbink|88/100|[from] Stealth Rock
|move|p2a: Kingambit|Sucker Punch||[still]
|-fail|p2a: Kingambit
|
|upkeep
|turn|6
|
|t:|1776061454
|move|p1a: Carbink|Body Press|p2a: Kingambit
|-supereffective|p2a: Kingambit
|-damage|p2a: Kingambit|0 fnt
|faint|p2a: Kingambit
|-end|p2a: Kingambit|fallen1|[silent]
|
|upkeep
|
|t:|1776061460
|switch|p2a: Rotom|Rotom-Wash|100/100
|turn|7
|
|t:|1776061470
|switch|p1a: Tentacruel|Tentacruel, M|100/100
|-damage|p1a: Tentacruel|88/100|[from] Stealth Rock
|move|p2a: Rotom|Hydro Pump|p1a: Tentacruel
|-resisted|p1a: Tentacruel
|-damage|p1a: Tentacruel|73/100
|
|-heal|p1a: Tentacruel|79/100|[from] item: Black Sludge
|upkeep
|turn|8
|
|t:|1776061482
|move|p1a: Tentacruel|Rapid Spin|p2a: Rotom
|-damage|p2a: Rotom|94/100
|-boost|p1a: Tentacruel|spe|1
|-sideend|p1: MASTEROFALLCREATE|Stealth Rock|[from] move: Rapid Spin|[of] p1a: Tentacruel
|move|p2a: Rotom|Volt Switch|p1a: Tentacruel
|-supereffective|p1a: Tentacruel
|-damage|p1a: Tentacruel|38/100
|
|t:|1776061492
|switch|p2a: Corviknight|Corviknight, M|100/100|[from] Volt Switch
|-ability|p2a: Corviknight|Pressure
|
|-heal|p1a: Tentacruel|44/100|[from] item: Black Sludge
|upkeep
|turn|9
|
|t:|1776061501
|switch|p1a: Eelektross|Eelektross, F|100/100
|move|p2a: Corviknight|Defog|p1a: Eelektross
|-unboost|p1a: Eelektross|evasion|1
|
|upkeep
|turn|10
|
|t:|1776061514
|switch|p2a: Great Tusk|Great Tusk|32/100
|move|p1a: Eelektross|Flamethrower|p2a: Great Tusk
|-damage|p2a: Great Tusk|3/100
|
|-heal|p2a: Great Tusk|9/100|[from] item: Leftovers
|upkeep
|turn|11
|
|t:|1776061525
|move|p2a: Great Tusk|Earthquake|p1a: Eelektross
|-immune|p1a: Eelektross|[from] ability: Levitate
|move|p1a: Eelektross|Giga Drain|p2a: Great Tusk
|-supereffective|p2a: Great Tusk
|-damage|p2a: Great Tusk|0 fnt
|faint|p2a: Great Tusk
|-end|p2a: Great Tusk|Protosynthesis|[silent]
|
|upkeep
|
|t:|1776061536
|switch|p2a: Dragapult|Dragapult, F|100/100
|turn|12
|
|t:|1776061550
|-terastallize|p2a: Dragapult|Dragon
|move|p2a: Dragapult|Phantom Force||[still]
|-prepare|p2a: Dragapult|Phantom Force
|move|p1a: Eelektross|U-turn|p2a: Dragapult|[miss]
|-miss|p1a: Eelektross|p2a: Dragapult
|
|upkeep
|turn|13
|
|t:|1776061559
|switch|p1a: Carbink|Carbink|88/100
|move|p2a: Dragapult|Phantom Force|p1a: Carbink|[from] lockedmove
|-damage|p1a: Carbink|51/100
|-damage|p2a: Dragapult|84/100|[from] item: Rocky Helmet|[of] p1a: Carbink
|
|upkeep
|turn|14
|
|t:|1776061569
|switch|p2a: Rotom|Rotom-Wash|94/100
|move|p1a: Carbink|Rest|p1a: Carbink
|-status|p1a: Carbink|slp|[from] move: Rest
|-heal|p1a: Carbink|100/100 slp|[silent]
|
|-heal|p2a: Rotom|100/100|[from] item: Leftovers
|upkeep
|turn|15
|
|t:|1776061581
|move|p2a: Rotom|Hydro Pump|p1a: Carbink
|-supereffective|p1a: Carbink
|-damage|p1a: Carbink|41/100 slp
|cant|p1a: Carbink|slp
|move|p1a: Carbink|Sleep Talk|p1a: Carbink
|move|p1a: Carbink|Rest||[from] move: Sleep Talk|[still]
|-fail|p1a: Carbink
|
|upkeep
|turn|16
|
|t:|1776061598
|switch|p1a: Rillaboom|Rillaboom, F|100/100
|-fieldstart|move: Grassy Terrain|[from] ability: Grassy Surge|[of] p1a: Rillaboom
|move|p2a: Rotom|Volt Switch|p1a: Rillaboom
|-resisted|p1a: Rillaboom
|-damage|p1a: Rillaboom|85/100
|
|t:|1776061608
|switch|p2a: Corviknight|Corviknight, M|100/100|[from] Volt Switch
|-ability|p2a: Corviknight|Pressure
|
|-heal|p1a: Rillaboom|91/100|[from] Grassy Terrain
|upkeep
|turn|17
|
|t:|1776061621
|move|p1a: Rillaboom|U-turn|p2a: Corviknight
|-resisted|p2a: Corviknight
|-damage|p2a: Corviknight|95/100
|
|t:|1776061624
|switch|p1a: Bronzong|Bronzong|100/100|[from] U-turn
|move|p2a: Corviknight|Brave Bird|p1a: Bronzong
|-resisted|p1a: Bronzong
|-damage|p1a: Bronzong|85/100
|-damage|p2a: Corviknight|91/100|[from] Recoil
|
|-heal|p2a: Corviknight|97/100|[from] item: Leftovers
|-heal|p1a: Bronzong|91/100|[from] Grassy Terrain
|-heal|p1a: Bronzong|97/100|[from] item: Leftovers
|upkeep
|turn|18
|
|t:|1776061639
|move|p2a: Corviknight|Defog|p1a: Bronzong
|-unboost|p1a: Bronzong|evasion|1
|-fieldend|move: Grassy Terrain
|move|p1a: Bronzong|Iron Defense|p1a: Bronzong
|-boost|p1a: Bronzong|def|2
|
|-heal|p2a: Corviknight|100/100|[from] item: Leftovers
|-heal|p1a: Bronzong|100/100|[from] item: Leftovers
|upkeep
|turn|19
|
|t:|1776061648
|move|p2a: Corviknight|U-turn|p1a: Bronzong
|-damage|p1a: Bronzong|94/100
|
|t:|1776061652
|switch|p2a: Rotom|Rotom-Wash|100/100|[from] U-turn
|move|p1a: Bronzong|Iron Defense|p1a: Bronzong
|-boost|p1a: Bronzong|def|2
|
|-heal|p1a: Bronzong|99/100|[from] item: Leftovers
|upkeep
|turn|20
|
|t:|1776061662
|move|p2a: Rotom|Will-O-Wisp|p1a: Bronzong
|-status|p1a: Bronzong|brn
|move|p1a: Bronzong|Calm Mind|p1a: Bronzong
|-boost|p1a: Bronzong|spa|1
|-boost|p1a: Bronzong|spd|1
|
|-heal|p1a: Bronzong|100/100 brn|[from] item: Leftovers
|-damage|p1a: Bronzong|98/100 brn|[from] brn
|upkeep
|turn|21
|
|t:|1776061673
|move|p2a: Rotom|Hydro Pump|p1a: Bronzong
|-damage|p1a: Bronzong|73/100 brn
|move|p1a: Bronzong|Stored Power|p2a: Rotom
|-damage|p2a: Rotom|8/100
|
|-heal|p2a: Rotom|14/100|[from] item: Leftovers
|-heal|p1a: Bronzong|79/100 brn|[from] item: Leftovers
|-damage|p1a: Bronzong|77/100 brn|[from] brn
|upkeep
|turn|22
|
|t:|1776061684
|move|p2a: Rotom|Volt Switch|p1a: Bronzong
|-damage|p1a: Bronzong|62/100 brn
|
|t:|1776061689
|switch|p2a: Dragapult|Dragapult, F, tera:Dragon|84/100|[from] Volt Switch
|move|p1a: Bronzong|Stored Power|p2a: Dragapult
|-damage|p2a: Dragapult|0 fnt
|faint|p2a: Dragapult
|
|-heal|p1a: Bronzong|68/100 brn|[from] item: Leftovers
|-damage|p1a: Bronzong|65/100 brn|[from] brn
|upkeep
|
|t:|1776061696
|switch|p2a: Corviknight|Corviknight, M|100/100
|-ability|p2a: Corviknight|Pressure
|turn|23
|
|t:|1776061702
|move|p2a: Corviknight|Brave Bird|p1a: Bronzong
|-resisted|p1a: Bronzong
|-damage|p1a: Bronzong|59/100 brn
|-damage|p2a: Corviknight|99/100|[from] Recoil
|move|p1a: Bronzong|Iron Defense|p1a: Bronzong
|-boost|p1a: Bronzong|def|2
|
|-heal|p2a: Corviknight|100/100|[from] item: Leftovers
|-heal|p1a: Bronzong|66/100 brn|[from] item: Leftovers
|-damage|p1a: Bronzong|63/100 brn|[from] brn
|upkeep
|turn|24
|
|t:|1776061715
|move|p2a: Corviknight|Brave Bird|p1a: Bronzong
|-resisted|p1a: Bronzong
|-damage|p1a: Bronzong|58/100 brn
|-damage|p2a: Corviknight|99/100|[from] Recoil
|move|p1a: Bronzong|Calm Mind|p1a: Bronzong
|-boost|p1a: Bronzong|spa|1
|-boost|p1a: Bronzong|spd|1
|
|-heal|p2a: Corviknight|100/100|[from] item: Leftovers
|-heal|p1a: Bronzong|64/100 brn|[from] item: Leftovers
|-damage|p1a: Bronzong|61/100 brn|[from] brn
|upkeep
|turn|25
|
|t:|1776061727
|move|p2a: Corviknight|Brave Bird|p1a: Bronzong
|-resisted|p1a: Bronzong
|-damage|p1a: Bronzong|57/100 brn
|-damage|p2a: Corviknight|99/100|[from] Recoil
|move|p1a: Bronzong|Calm Mind|p1a: Bronzong
|-boost|p1a: Bronzong|spa|1
|-boost|p1a: Bronzong|spd|1
|
|-heal|p2a: Corviknight|100/100|[from] item: Leftovers
|-heal|p1a: Bronzong|64/100 brn|[from] item: Leftovers
|-damage|p1a: Bronzong|61/100 brn|[from] brn
|upkeep
|turn|26
|
|t:|1776061737
|move|p2a: Corviknight|Brave Bird|p1a: Bronzong
|-resisted|p1a: Bronzong
|-damage|p1a: Bronzong|56/100 brn
|-damage|p2a: Corviknight|99/100|[from] Recoil
|move|p1a: Bronzong|Calm Mind|p1a: Bronzong
|-boost|p1a: Bronzong|spa|1
|-boost|p1a: Bronzong|spd|1
|
|-heal|p2a: Corviknight|100/100|[from] item: Leftovers
|-heal|p1a: Bronzong|63/100 brn|[from] item: Leftovers
|-damage|p1a: Bronzong|60/100 brn|[from] brn
|upkeep
|turn|27
|-message|calorria forfeited.
|
|win|MASTEROFALLCREATE
|raw|MASTEROFALLCREATE's rating: 1125 &rarr; <strong>1148</strong><br />(+23 for winning)
|raw|calorria's rating: 1095 &rarr; <strong>1073</strong><br />(-22 for losing)
|l|☆calorria
|player|p2|
|l|☆MASTEROFALLCREATE
|player|p1|
