|html|<div class="broadcast-blue"><strong>[Gen 9] OU is currently suspecting Tera Blast! For information on how to participate check out the <a href="https://www.smogon.com/tools/suspects/view/200">suspect thread</a>.</strong></div>
|j|☆DonovanIsNotHere
|j|☆CazadorJM
|t:|1776114126
|gametype|singles
|player|p1|DonovanIsNotHere|266|1597
|player|p2|CazadorJM|170|1657
|gen|9
|tier|[Gen 9] OU
|rated|
|rule|HP Percentage Mod: HP is shown in percentages
|rule|Endless Battle Clause: Forcing endless battles is banned
|rule|Species Clause: Limit one of each Pokémon
|rule|OHKO Clause: OHKO moves are banned
|rule|Evasion Items Clause: Evasion items are banned
|rule|Evasion Moves Clause: Evasion moves are banned
|rule|Evasion Abilities Clause: Evasion abilities are banned
|rule|Sleep Moves Clause: Sleep-inducing moves are banned
|clearpoke
|poke|p1|Venusaur, M|
|poke|p1|Magnezone|
|poke|p1|Moltres|
|poke|p1|Ogerpon-Wellspring, F|
|poke|p1|Clefable, F|
|poke|p1|Pecharunt|
|poke|p2|Tyranitar, M|
|poke|p2|Gholdengo|
|poke|p2|Iron Valiant|
|poke|p2|Moltres|
|poke|p2|Ogerpon-Wellspring, F|
|poke|p2|Weezing-Galar, F|
|teampreview
|inactive|Battle timer is ON: inactive players will automatically lose when time's up. (requested by DonovanIsNotHere)
|
|t:|1776114161
|teamsize|p1|6
|teamsize|p2|6
|start
|switch|p1a: Bird Trap|Magnezone|100/100
|switch|p2a: Ogerpon|Ogerpon-Wellspring, F|100/100
|turn|1
|
|t:|1776114177
|move|p2a: Ogerpon|Spikes|p1a: Bird Trap
|-sidestart|p1: DonovanIsNotHere|Spikes
|move|p1a: Bird Trap|Thunderbolt|p2a: Ogerpon
|-damage|p2a: Ogerpon|7/100
|
|upkeep
|turn|2
|
|t:|1776114194
|move|p2a: Ogerpon|U-turn|p1a: Bird Trap
|-resisted|p1a: Bird Trap
|-damage|p1a: Bird Trap|87/100
|
|t:|1776114197
|switch|p2a: Tyranitar|Tyranitar, M, shiny|100/100|[from] U-turn
|-weather|Sandstorm|[from] ability: Sand Stream|[of] p2a: Tyranitar
|move|p1a: Bird Trap|Thunderbolt|p2a: Tyranitar
|-damage|p2a: Tyranitar|71/100
|-status|p2a: Tyranitar|par
|
|-weather|Sandstorm|[upkeep]
|upkeep
|turn|3
|
|t:|1776114207
|switch|p1a: Pecharunt|Pecharunt|100/100
|cant|p2a: Tyranitar|par
|
|-weather|Sandstorm|[upkeep]
|-damage|p1a: Pecharunt|94/100|[from] Sandstorm
|upkeep
|turn|4
|
|t:|1776114211
|move|p1a: Pecharunt|Parting Shot|p2a: Tyranitar
|-unboost|p2a: Tyranitar|atk|1
|-unboost|p2a: Tyranitar|spa|1
|
|t:|1776114240
|switch|p1a: Ogerpon|Ogerpon-Wellspring, F|100/100|[from] Parting Shot
|-damage|p1a: Ogerpon|88/100|[from] Spikes
|cant|p2a: Tyranitar|par
|
|-weather|Sandstorm|[upkeep]
|-damage|p1a: Ogerpon|82/100|[from] Sandstorm
|upkeep
|turn|5
|
|t:|1776114247
|switch|p2a: Weezing|Weezing-Galar, F|100/100
|-ability|p2a: Weezing|Neutralizing Gas
|move|p1a: Ogerpon|Spikes|p2a: Weezing
|-sidestart|p2: CazadorJM|Spikes
|
|-weather|Sandstorm|[upkeep]
|-damage|p1a: Ogerpon|76/100|[from] Sandstorm
|-damage|p2a: Weezing|95/100|[from] Sandstorm
|upkeep
|turn|6
|
|t:|1776114254
|move|p1a: Ogerpon|U-turn|p2a: Weezing
|-resisted|p2a: Weezing
|-crit|p2a: Weezing
|-damage|p2a: Weezing|88/100
|
|t:|1776114263
|switch|p1a: Bird Trap|Magnezone|87/100|[from] U-turn
|-damage|p1a: Bird Trap|74/100|[from] Spikes
|move|p2a: Weezing|Will-O-Wisp|p1a: Bird Trap
|-status|p1a: Bird Trap|brn
|
|-weather|none
|-damage|p1a: Bird Trap|68/100 brn|[from] brn
|upkeep
|turn|7
|
|t:|1776114278
|-end|p2a: Weezing|ability: Neutralizing Gas
|switch|p2a: Tyranitar|Tyranitar, M, shiny|71/100 par
|-weather|Sandstorm|[from] ability: Sand Stream|[of] p2a: Tyranitar
|move|p1a: Bird Trap|Thunderbolt|p2a: Tyranitar
|-damage|p2a: Tyranitar|39/100 par
|
|-weather|Sandstorm|[upkeep]
|-damage|p1a: Bird Trap|62/100 brn|[from] brn
|upkeep
|turn|8
|
|t:|1776114296
|move|p1a: Bird Trap|Thunderbolt|p2a: Tyranitar
|-crit|p2a: Tyranitar
|-damage|p2a: Tyranitar|0 fnt
|faint|p2a: Tyranitar
|
|-weather|Sandstorm|[upkeep]
|-damage|p1a: Bird Trap|56/100 brn|[from] brn
|upkeep
|
|t:|1776114311
|switch|p2a: Gholdengo|Gholdengo, shiny|100/100
|-damage|p2a: Gholdengo|88/100|[from] Spikes
|turn|9
|
|t:|1776114325
|switch|p1a: Flytrap|Venusaur, M|100/100
|-damage|p1a: Flytrap|88/100|[from] Spikes
|move|p2a: Gholdengo|Shadow Ball|p1a: Flytrap
|-damage|p1a: Flytrap|60/100
|
|-weather|Sandstorm|[upkeep]
|-damage|p1a: Flytrap|54/100|[from] Sandstorm
|-heal|p1a: Flytrap|60/100|[from] item: Leftovers
|upkeep
|turn|10
|
|t:|1776114333
|move|p2a: Gholdengo|Shadow Ball|p1a: Flytrap
|-damage|p1a: Flytrap|32/100
|move|p1a: Flytrap|Earth Power|p2a: Gholdengo
|-supereffective|p2a: Gholdengo
|-damage|p2a: Gholdengo|42/100
|
|-weather|Sandstorm|[upkeep]
|-damage|p1a: Flytrap|26/100|[from] Sandstorm
|-heal|p1a: Flytrap|32/100|[from] item: Leftovers
|upkeep
|turn|11
|
|t:|1776114345
|switch|p2a: Moltres|Moltres|100/100
|move|p1a: Flytrap|Leech Seed|p2a: Moltres
|-start|p2a: Moltres|move: Leech Seed
|
|-weather|none
|-heal|p1a: Flytrap|38/100|[from] item: Leftovers
|-damage|p2a: Moltres|88/100|[from] Leech Seed|[of] p1a: Flytrap
|-heal|p1a: Flytrap|51/100|[silent]
|upkeep
|turn|12
|
|t:|1776114356
|switch|p1a: Dog Trap|Moltres|100/100
|move|p2a: Moltres|U-turn|p1a: Dog Trap
|-resisted|p1a: Dog Trap
|-damage|p1a: Dog Trap|98/100
|
|t:|1776114365
|switch|p2a: Weezing|Weezing-Galar, F|88/100|[from] U-turn
|-ability|p2a: Weezing|Neutralizing Gas
|
|upkeep
|turn|13
|
|t:|1776114372
|move|p1a: Dog Trap|Hurricane|p2a: Weezing
|-damage|p2a: Weezing|25/100
|move|p2a: Weezing|Defog|p1a: Dog Trap
|-unboost|p1a: Dog Trap|evasion|1
|-sideend|p1: DonovanIsNotHere|Spikes|[from] move: Defog|[of] p2a: Weezing
|-sideend|p2: CazadorJM|Spikes|[from] move: Defog|[of] p2a: Weezing
|
|upkeep
|turn|14
|
|t:|1776114377
|move|p1a: Dog Trap|Flamethrower|p2a: Weezing
|-damage|p2a: Weezing|0 fnt
|faint|p2a: Weezing
|-end|p2a: Weezing|ability: Neutralizing Gas
|
|upkeep
|
|t:|1776114379
|switch|p2a: Ogerpon|Ogerpon-Wellspring, F|7/100
|turn|15
|inactive|DonovanIsNotHere has 120 seconds left.
|j| imparavind alt
|
|t:|1776114428
|switch|p1a: Ogerpon|Ogerpon-Wellspring, F|76/100
|move|p2a: Ogerpon|Ivy Cudgel|p1a: Ogerpon|[anim] Ivy Cudgel Water
|-heal|p1a: Ogerpon|100/100|[from] ability: Water Absorb|[of] p2a: Ogerpon
|
|upkeep
|turn|16
|
|t:|1776114448
|switch|p1a: Dog Trap|Moltres|98/100
|move|p2a: Ogerpon|Spikes|p1a: Dog Trap
|-sidestart|p1: DonovanIsNotHere|Spikes
|
|upkeep
|turn|17
|
|t:|1776114473
|move|p2a: Ogerpon|Ivy Cudgel|p1a: Dog Trap|[anim] Ivy Cudgel Water
|-supereffective|p1a: Dog Trap
|-damage|p1a: Dog Trap|18/100
|move|p1a: Dog Trap|Flamethrower|p2a: Ogerpon
|-damage|p2a: Ogerpon|0 fnt
|faint|p2a: Ogerpon
|
|upkeep
|inactive|CazadorJM has 120 seconds left.
|
|t:|1776114500
|switch|p2a: Gholdengo|Gholdengo, shiny|42/100
|turn|18
|
|t:|1776114520
|switch|p1a: Bird Trap|Magnezone|56/100 brn
|-damage|p1a: Bird Trap|44/100 brn|[from] Spikes
|move|p2a: Gholdengo|Shadow Ball|p1a: Bird Trap
|-damage|p1a: Bird Trap|0 fnt
|faint|p1a: Bird Trap
|
|upkeep
|
|t:|1776114526
|switch|p1a: Flytrap|Venusaur, M|51/100
|-damage|p1a: Flytrap|38/100|[from] Spikes
|turn|19
|
|t:|1776114538
|switch|p2a: Moltres|Moltres|88/100
|move|p1a: Flytrap|Earth Power|p2a: Moltres
|-immune|p2a: Moltres
|
|-heal|p1a: Flytrap|44/100|[from] item: Leftovers
|upkeep
|turn|20
|
|t:|1776114556
|move|p2a: Moltres|Flamethrower|p1a: Flytrap
|-supereffective|p1a: Flytrap
|-damage|p1a: Flytrap|0 fnt
|faint|p1a: Flytrap
|
|upkeep
|
|t:|1776114558
|switch|p1a: Ogerpon|Ogerpon-Wellspring, F|100/100
|-damage|p1a: Ogerpon|88/100|[from] Spikes
|turn|21
|
|t:|1776114568
|-terastallize|p1a: Ogerpon|Water
|detailschange|p1a: Ogerpon|Ogerpon-Wellspring-Tera, F, tera:Water
|-ability|p1a: Ogerpon|Embody Aspect (Wellspring)|boost
|-boost|p1a: Ogerpon|spd|1
|-terastallize|p2a: Moltres|Fairy
|move|p1a: Ogerpon|Ivy Cudgel|p2a: Moltres|[anim] Ivy Cudgel Water
|-damage|p2a: Moltres|32/100
|move|p2a: Moltres|Flamethrower|p1a: Ogerpon
|-resisted|p1a: Ogerpon
|-damage|p1a: Ogerpon|72/100
|
|upkeep
|turn|22
|inactive|DonovanIsNotHere has 120 seconds left.
|
|t:|1776114574
|move|p1a: Ogerpon|Ivy Cudgel|p2a: Moltres|[anim] Ivy Cudgel Water
|-damage|p2a: Moltres|0 fnt
|faint|p2a: Moltres
|
|upkeep
|
|t:|1776114600
|switch|p2a: Iron Valiant|Iron Valiant, shiny|100/100
|-enditem|p2a: Iron Valiant|Booster Energy
|-activate|p2a: Iron Valiant|ability: Quark Drive|[fromitem]
|-start|p2a: Iron Valiant|quarkdrivespe
|turn|23
|
|t:|1776114619
|switch|p1a: Dog Trap|Moltres|18/100
|move|p2a: Iron Valiant|Close Combat|p1a: Dog Trap
|-resisted|p1a: Dog Trap
|-damage|p1a: Dog Trap|0 fnt
|-unboost|p2a: Iron Valiant|def|1
|-unboost|p2a: Iron Valiant|spd|1
|faint|p1a: Dog Trap
|
|upkeep
|
|t:|1776114622
|switch|p1a: Clefable|Clefable, F|100/100
|turn|24
|
|t:|1776114649
|-end|p2a: Iron Valiant|Quark Drive|[silent]
|switch|p2a: Gholdengo|Gholdengo, shiny|42/100
|move|p1a: Clefable|Moonblast|p2a: Gholdengo
|-resisted|p2a: Gholdengo
|-damage|p2a: Gholdengo|24/100
|
|upkeep
|turn|25
|
|t:|1776114653
|switch|p1a: Pecharunt|Pecharunt|94/100
|move|p2a: Gholdengo|Make It Rain|p1a: Pecharunt
|-damage|p1a: Pecharunt|30/100
|-unboost|p2a: Gholdengo|spa|1
|
|upkeep
|turn|26
|
|t:|1776114660
|move|p2a: Gholdengo|Make It Rain|p1a: Pecharunt
|-damage|p1a: Pecharunt|0 fnt
|-unboost|p2a: Gholdengo|spa|1
|faint|p1a: Pecharunt
|
|upkeep
|
|t:|1776114661
|switch|p1a: Ogerpon|Ogerpon-Wellspring-Tera, F, tera:Water|72/100
|-damage|p1a: Ogerpon|60/100|[from] Spikes
|-ability|p1a: Ogerpon|Embody Aspect (Wellspring)|boost
|-boost|p1a: Ogerpon|spd|1
|turn|27
|
|t:|1776114690
|move|p2a: Gholdengo|Make It Rain|p1a: Ogerpon
|-resisted|p1a: Ogerpon
|-damage|p1a: Ogerpon|47/100
|-unboost|p2a: Gholdengo|spa|1
|move|p1a: Ogerpon|Ivy Cudgel|p2a: Gholdengo|[anim] Ivy Cudgel Water
|-damage|p2a: Gholdengo|0 fnt
|faint|p2a: Gholdengo
|
|upkeep
|
|t:|1776114694
|switch|p2a: Iron Valiant|Iron Valiant, shiny|100/100
|turn|28
|
|t:|1776114700
|move|p2a: Iron Valiant|Close Combat|p1a: Ogerpon
|-damage|p1a: Ogerpon|0 fnt
|-unboost|p2a: Iron Valiant|def|1
|-unboost|p2a: Iron Valiant|spd|1
|faint|p1a: Ogerpon
|detailschange|p1: Ogerpon|Ogerpon-Wellspring, F|[silent]
|
|upkeep
|
|t:|1776114702
|switch|p1a: Clefable|Clefable, F|100/100
|turn|29
|c|☆CazadorJM|ff bro
|c|☆DonovanIsNotHere|ggwp
|c|☆CazadorJM|ggwp
|
|t:|1776114720
|move|p2a: Iron Valiant|Destiny Bond|p2a: Iron Valiant
|-singlemove|p2a: Iron Valiant|Destiny Bond
|move|p1a: Clefable|Moonblast|p2a: Iron Valiant
|-supereffective|p2a: Iron Valiant
|-damage|p2a: Iron Valiant|0 fnt
|faint|p2a: Iron Valiant
|-activate|p2a: Iron Valiant|move: Destiny Bond
|-end|p2a: Iron Valiant|Quark Drive|[silent]
|faint|p1a: Clefable
|
|win|DonovanIsNotHere
|raw|DonovanIsNotHere's rating: 1602 &rarr; <strong>1625</strong><br />(+23 for winning)
|raw|CazadorJM's rating: 1657 &rarr; <strong>1634</strong><br />(-23 for losing)
|l|☆CazadorJM
|player|p2|
|l|☆DonovanIsNotHere
|player|p1|
