|html|<div class="broadcast-blue"><strong>[Gen 9] OU is currently suspecting Tera Blast! For information on how to participate check out the <a href="https://www.smogon.com/tools/suspects/view/200">suspect thread</a>.</strong></div>
|j|☆eucalipto69!
|j|☆GODKUD
|t:|1776042553
|gametype|singles
|player|p1|eucalipto69!|steven|1374
|player|p2|GODKUD|ghetsis-gen5bw|1411
|gen|9
|tier|[Gen 9] OU
|rated|
|rule|HP Percentage Mod: HP is shown in percentages
|rule|Endless Battle Clause: Forcing endless battles is banned
|rule|Species Clause: Limit one of each Pokémon
|rule|OHKO Clause: OHKO moves are banned
|rule|Evasion Items Clause: Evasion items are banned
|rule|Evasion Moves Clause: Evasion moves are banned
|rule|Evasion Abilities Clause: Evasion abilities are banned
|rule|Sleep Moves Clause: Sleep-inducing moves are banned
|clearpoke
|poke|p1|Haxorus, M|
|poke|p1|Grimmsnarl, M|
|poke|p1|Great Tusk|
|poke|p1|Zapdos|
|poke|p1|Kingambit, M|
|poke|p1|Typhlosion, M|
|poke|p2|Feraligatr, F|
|poke|p2|Conkeldurr, F|
|poke|p2|Rampardos, F|
|poke|p2|Haxorus, M|
|poke|p2|Deoxys-Speed|
|poke|p2|Tornadus-Therian, M|
|teampreview
|inactive|Battle timer is ON: inactive players will automatically lose when time's up. (requested by GODKUD)
|
|t:|1776042568
|teamsize|p1|6
|teamsize|p2|6
|start
|switch|p1a: Great Tusk|Great Tusk|100/100
|switch|p2a: Deoxys|Deoxys-Speed|100/100
|-ability|p2a: Deoxys|Pressure
|turn|1
|
|t:|1776042579
|move|p2a: Deoxys|Reflect|p2a: Deoxys
|-sidestart|p2: GODKUD|Reflect
|move|p1a: Great Tusk|Headlong Rush|p2a: Deoxys
|-damage|p2a: Deoxys|64/100
|-unboost|p1a: Great Tusk|def|1
|-unboost|p1a: Great Tusk|spd|1
|
|upkeep
|turn|2
|
|t:|1776042585
|switch|p2a: Tornadus|Tornadus-Therian, M|100/100
|move|p1a: Great Tusk|Headlong Rush|p2a: Tornadus
|-immune|p2a: Tornadus
|
|upkeep
|turn|3
|
|t:|1776042588
|-end|p1a: Great Tusk|Protosynthesis|[silent]
|switch|p1a: Zapdos|Zapdos|100/100
|move|p2a: Tornadus|Nasty Plot|p2a: Tornadus
|-boost|p2a: Tornadus|spa|2
|
|upkeep
|turn|4
|
|t:|1776042593
|move|p2a: Tornadus|Heat Wave|p1a: Zapdos
|-damage|p1a: Zapdos|25/100
|-damage|p2a: Tornadus|91/100|[from] item: Life Orb
|move|p1a: Zapdos|Discharge|p2a: Tornadus
|-supereffective|p2a: Tornadus
|-damage|p2a: Tornadus|0 fnt
|faint|p2a: Tornadus
|
|upkeep
|
|t:|1776042599
|switch|p2a: Deoxys|Deoxys-Speed|64/100
|-ability|p2a: Deoxys|Pressure
|turn|5
|
|t:|1776042606
|switch|p1a: Grimmsnarl|Grimmsnarl, M|100/100
|move|p2a: Deoxys|Taunt|p1a: Grimmsnarl
|-start|p1a: Grimmsnarl|move: Taunt
|
|upkeep
|turn|6
|
|t:|1776042611
|move|p2a: Deoxys|Light Screen|p2a: Deoxys
|-sidestart|p2: GODKUD|move: Light Screen
|move|p1a: Grimmsnarl|Spirit Break|p2a: Deoxys
|-damage|p2a: Deoxys|47/100
|-unboost|p2a: Deoxys|spa|1
|
|upkeep
|turn|7
|
|t:|1776042619
|switch|p1a: Typhlosion|Typhlosion, M|100/100
|move|p2a: Deoxys|Stealth Rock|p1a: Typhlosion
|-sidestart|p1: eucalipto69!|move: Stealth Rock
|
|upkeep
|turn|8
|
|t:|1776042627
|move|p2a: Deoxys|Taunt|p1a: Typhlosion
|-start|p1a: Typhlosion|move: Taunt
|move|p1a: Typhlosion|Eruption|p2a: Deoxys
|-damage|p2a: Deoxys|4/100
|
|-sideend|p2: GODKUD|Reflect
|upkeep
|turn|9
|
|t:|1776042633
|move|p2a: Deoxys|Reflect|p2a: Deoxys
|-sidestart|p2: GODKUD|Reflect
|move|p1a: Typhlosion|Eruption|p2a: Deoxys
|-damage|p2a: Deoxys|0 fnt
|faint|p2a: Deoxys
|
|upkeep
|
|t:|1776042639
|switch|p2a: Feraligatr|Feraligatr, F|100/100
|turn|10
|
|t:|1776042644
|switch|p1a: Grimmsnarl|Grimmsnarl, M|100/100
|-damage|p1a: Grimmsnarl|88/100|[from] Stealth Rock
|move|p2a: Feraligatr|Dragon Dance|p2a: Feraligatr
|-boost|p2a: Feraligatr|atk|1
|-boost|p2a: Feraligatr|spe|1
|
|upkeep
|turn|11
|
|t:|1776042648
|move|p1a: Grimmsnarl|Reflect|p1a: Grimmsnarl
|-sidestart|p1: eucalipto69!|Reflect
|move|p2a: Feraligatr|Liquidation|p1a: Grimmsnarl
|-damage|p1a: Grimmsnarl|35/100
|
|upkeep
|turn|12
|
|t:|1776042654
|move|p1a: Grimmsnarl|Thunder Wave|p2a: Feraligatr
|-status|p2a: Feraligatr|par
|move|p2a: Feraligatr|Dragon Dance|p2a: Feraligatr
|-boost|p2a: Feraligatr|atk|1
|-boost|p2a: Feraligatr|spe|1
|
|upkeep
|turn|13
|
|t:|1776042680
|switch|p1a: Zapdos|Zapdos|25/100
|move|p2a: Feraligatr|Dragon Dance|p2a: Feraligatr
|-boost|p2a: Feraligatr|atk|1
|-boost|p2a: Feraligatr|spe|1
|
|-sideend|p2: GODKUD|move: Light Screen
|upkeep
|turn|14
|
|t:|1776042683
|move|p2a: Feraligatr|Liquidation|p1a: Zapdos
|-damage|p1a: Zapdos|0 fnt
|faint|p1a: Zapdos
|
|upkeep
|
|t:|1776042700
|switch|p1a: Haxorus|Haxorus, M, shiny|100/100
|-damage|p1a: Haxorus|88/100|[from] Stealth Rock
|-ability|p1a: Haxorus|Mold Breaker
|turn|15
|
|t:|1776042702
|-terastallize|p1a: Haxorus|Ghost
|move|p1a: Haxorus|Scale Shot|p2a: Feraligatr
|-damage|p2a: Feraligatr|92/100 par
|-damage|p2a: Feraligatr|84/100 par
|-damage|p2a: Feraligatr|77/100 par
|-damage|p2a: Feraligatr|69/100 par
|-damage|p2a: Feraligatr|62/100 par
|-hitcount|p2a: Feraligatr|5
|-unboost|p1a: Haxorus|def|1
|-boost|p1a: Haxorus|spe|1
|move|p2a: Feraligatr|Ice Punch|p1a: Haxorus
|-damage|p1a: Haxorus|0 fnt
|faint|p1a: Haxorus
|
|upkeep
|
|t:|1776042711
|switch|p1a: Great Tusk|Great Tusk|100/100
|-damage|p1a: Great Tusk|98/100|[from] Stealth Rock
|turn|16
|
|t:|1776042715
|move|p2a: Feraligatr|Liquidation|p1a: Great Tusk
|-supereffective|p1a: Great Tusk
|-damage|p1a: Great Tusk|0 fnt
|faint|p1a: Great Tusk
|-end|p1a: Great Tusk|Protosynthesis|[silent]
|
|-sideend|p2: GODKUD|Reflect
|upkeep
|-message|eucalipto69! forfeited.
|
|win|GODKUD
|raw|eucalipto69!'s rating: 1374 &rarr; <strong>1356</strong><br />(-18 for losing)
|raw|GODKUD's rating: 1411 &rarr; <strong>1429</strong><br />(+18 for winning)
|l|☆eucalipto69!
|player|p1|
|l|☆GODKUD
|player|p2|
