|html|<div class="broadcast-blue"><strong>[Gen 9] OU is currently suspecting Tera Blast! For information on how to participate check out the <a href="https://www.smogon.com/tools/suspects/view/200">suspect thread</a>.</strong></div>
|j|☆icylikedecember
|j|☆A Welcome Guest
|t:|1776049841
|gametype|singles
|player|p1|icylikedecember|skierf|1728
|player|p2|A Welcome Guest|pokemaniac|1762
|gen|9
|tier|[Gen 9] OU
|rated|
|rule|HP Percentage Mod: HP is shown in percentages
|rule|Endless Battle Clause: Forcing endless battles is banned
|rule|Species Clause: Limit one of each Pokémon
|rule|OHKO Clause: OHKO moves are banned
|rule|Evasion Items Clause: Evasion items are banned
|rule|Evasion Moves Clause: Evasion moves are banned
|rule|Evasion Abilities Clause: Evasion abilities are banned
|rule|Sleep Moves Clause: Sleep-inducing moves are banned
|clearpoke
|poke|p1|Landorus-Therian, M|
|poke|p1|Corviknight, M|
|poke|p1|Slowking-Galar, M|
|poke|p1|Crawdaunt, M|
|poke|p1|Darkrai|
|poke|p1|Gholdengo|
|poke|p2|Alomomola, M|
|poke|p2|Weezing-Galar, M|
|poke|p2|Gliscor, M|
|poke|p2|Corviknight, F|
|poke|p2|Ogerpon, F|
|poke|p2|Darkrai|
|teampreview
|
|t:|1776049862
|teamsize|p1|6
|teamsize|p2|6
|start
|switch|p1a: Darkrai|Darkrai|100/100
|switch|p2a: Ogerpon|Ogerpon, F|100/100
|turn|1
|
|t:|1776049867
|switch|p2a: Corviknight|Corviknight, F|100/100
|-ability|p2a: Corviknight|Pressure
|move|p1a: Darkrai|Ice Beam|p2a: Corviknight
|-damage|p2a: Corviknight|79/100
|
|-heal|p2a: Corviknight|85/100|[from] item: Leftovers
|upkeep
|turn|2
|
|t:|1776049879
|switch|p1a: Corviknight|Corviknight, M, shiny|100/100
|-ability|p1a: Corviknight|Pressure
|move|p2a: Corviknight|U-turn|p1a: Corviknight
|-resisted|p1a: Corviknight
|-damage|p1a: Corviknight|98/100
|
|t:|1776049883
|switch|p2a: Gliscor|Gliscor, M|100/100|[from] U-turn
|
|-heal|p1a: Corviknight|100/100|[from] item: Leftovers
|-status|p2a: Gliscor|tox|[from] item: Toxic Orb
|upkeep
|turn|3
|
|t:|1776049886
|move|p2a: Gliscor|Stealth Rock|p1a: Corviknight
|-sidestart|p1: icylikedecember|move: Stealth Rock
|move|p1a: Corviknight|U-turn|p2a: Gliscor
|-resisted|p2a: Gliscor
|-damage|p2a: Gliscor|94/100 tox
|
|t:|1776049895
|switch|p1a: Darkrai|Darkrai|100/100|[from] U-turn
|-damage|p1a: Darkrai|88/100|[from] Stealth Rock
|
|-heal|p2a: Gliscor|100/100 tox|[from] ability: Poison Heal
|upkeep
|turn|4
|
|t:|1776049900
|switch|p2a: Corviknight|Corviknight, F|85/100
|-ability|p2a: Corviknight|Pressure
|move|p1a: Darkrai|Ice Beam|p2a: Corviknight
|-crit|p2a: Corviknight
|-damage|p2a: Corviknight|52/100
|
|-heal|p2a: Corviknight|58/100|[from] item: Leftovers
|upkeep
|turn|5
|
|t:|1776049915
|switch|p1a: Corviknight|Corviknight, M, shiny|100/100
|-damage|p1a: Corviknight|88/100|[from] Stealth Rock
|-ability|p1a: Corviknight|Pressure
|move|p2a: Corviknight|Roost|p2a: Corviknight
|-heal|p2a: Corviknight|100/100
|-singleturn|p2a: Corviknight|move: Roost
|
|-heal|p1a: Corviknight|94/100|[from] item: Leftovers
|upkeep
|turn|6
|
|t:|1776049922
|move|p1a: Corviknight|Defog|p2a: Corviknight
|-unboost|p2a: Corviknight|evasion|1
|-sideend|p1: icylikedecember|Stealth Rock|[from] move: Defog|[of] p1a: Corviknight
|move|p2a: Corviknight|U-turn|p1a: Corviknight
|-resisted|p1a: Corviknight
|-damage|p1a: Corviknight|92/100
|inactive|Battle timer is ON: inactive players will automatically lose when time's up. (requested by icylikedecember)
|
|t:|1776049931
|switch|p2a: Gliscor|Gliscor, M|100/100 tox|[from] U-turn
|
|-heal|p1a: Corviknight|98/100|[from] item: Leftovers
|upkeep
|turn|7
|
|t:|1776049935
|move|p2a: Gliscor|Stealth Rock|p1a: Corviknight
|-sidestart|p1: icylikedecember|move: Stealth Rock
|move|p1a: Corviknight|U-turn|p2a: Gliscor
|-resisted|p2a: Gliscor
|-crit|p2a: Gliscor
|-damage|p2a: Gliscor|92/100 tox
|
|t:|1776049941
|switch|p1a: Crawdaunt|Crawdaunt, M|100/100|[from] U-turn
|-damage|p1a: Crawdaunt|88/100|[from] Stealth Rock
|
|-heal|p2a: Gliscor|100/100 tox|[from] ability: Poison Heal
|upkeep
|turn|8
|
|t:|1776049945
|switch|p2a: Weezing|Weezing-Galar, M|100/100
|-ability|p2a: Weezing|Neutralizing Gas
|move|p1a: Crawdaunt|Knock Off|p2a: Weezing
|-resisted|p2a: Weezing
|-damage|p2a: Weezing|75/100
|-enditem|p2a: Weezing|Leftovers|[from] move: Knock Off|[of] p1a: Crawdaunt
|
|upkeep
|turn|9
|
|t:|1776049952
|switch|p1a: Slowking|Slowking-Galar, M, shiny|100/100
|-damage|p1a: Slowking|88/100|[from] Stealth Rock
|move|p2a: Weezing|Will-O-Wisp|p1a: Slowking
|-status|p1a: Slowking|brn
|
|-damage|p1a: Slowking|82/100 brn|[from] brn
|upkeep
|turn|10
|
|t:|1776049963
|-end|p2a: Weezing|ability: Neutralizing Gas
|switch|p2a: Darkrai|Darkrai|100/100
|move|p1a: Slowking|Flamethrower|p2a: Darkrai
|-damage|p2a: Darkrai|63/100
|
|-damage|p1a: Slowking|76/100 brn|[from] brn
|upkeep
|turn|11
|
|t:|1776049969
|move|p2a: Darkrai|Dark Pulse|p1a: Slowking
|-supereffective|p1a: Slowking
|-crit|p1a: Slowking
|-damage|p1a: Slowking|0 fnt
|faint|p1a: Slowking
|
|upkeep
|j| Goldman100000
|
|t:|1776049987
|switch|p1a: Gholdengo|Gholdengo|100/100
|-damage|p1a: Gholdengo|94/100|[from] Stealth Rock
|turn|12
|
|t:|1776049993
|switch|p2a: Corviknight|Corviknight, F|100/100
|-ability|p2a: Corviknight|Pressure
|-terastallize|p1a: Gholdengo|Fairy
|move|p1a: Gholdengo|Dazzling Gleam|p2a: Corviknight
|-resisted|p2a: Corviknight
|-damage|p2a: Corviknight|87/100
|
|-heal|p2a: Corviknight|93/100|[from] item: Leftovers
|upkeep
|turn|13
|
|t:|1776049998
|switch|p1a: Corviknight|Corviknight, M, shiny|98/100
|-damage|p1a: Corviknight|86/100|[from] Stealth Rock
|-ability|p1a: Corviknight|Pressure
|move|p2a: Corviknight|Brave Bird|p1a: Corviknight
|-resisted|p1a: Corviknight
|-damage|p1a: Corviknight|74/100
|-damage|p2a: Corviknight|89/100|[from] Recoil
|
|-heal|p1a: Corviknight|80/100|[from] item: Leftovers
|-heal|p2a: Corviknight|95/100|[from] item: Leftovers
|upkeep
|turn|14
|
|t:|1776050004
|move|p1a: Corviknight|Defog|p2a: Corviknight
|-unboost|p2a: Corviknight|evasion|1
|-sideend|p1: icylikedecember|Stealth Rock|[from] move: Defog|[of] p1a: Corviknight
|move|p2a: Corviknight|U-turn|p1a: Corviknight
|-resisted|p1a: Corviknight
|-damage|p1a: Corviknight|78/100
|
|t:|1776050023
|switch|p2a: Gliscor|Gliscor, M|100/100 tox|[from] U-turn
|
|-heal|p1a: Corviknight|84/100|[from] item: Leftovers
|upkeep
|turn|15
|
|t:|1776050029
|move|p2a: Gliscor|Stealth Rock|p1a: Corviknight
|-sidestart|p1: icylikedecember|move: Stealth Rock
|move|p1a: Corviknight|U-turn|p2a: Gliscor
|-resisted|p2a: Gliscor
|-damage|p2a: Gliscor|95/100 tox
|
|t:|1776050038
|switch|p1a: Crawdaunt|Crawdaunt, M|88/100|[from] U-turn
|-damage|p1a: Crawdaunt|76/100|[from] Stealth Rock
|
|-heal|p2a: Gliscor|100/100 tox|[from] ability: Poison Heal
|upkeep
|turn|16
|
|t:|1776050041
|move|p2a: Gliscor|Protect|p2a: Gliscor
|-singleturn|p2a: Gliscor|Protect
|move|p1a: Crawdaunt|Knock Off|p2a: Gliscor
|-activate|p2a: Gliscor|move: Protect
|
|upkeep
|turn|17
|
|t:|1776050045
|switch|p2a: Weezing|Weezing-Galar, M|75/100
|-ability|p2a: Weezing|Neutralizing Gas
|switch|p1a: Gholdengo|Gholdengo, tera:Fairy|94/100
|-damage|p1a: Gholdengo|82/100|[from] Stealth Rock
|
|upkeep
|turn|18
|
|t:|1776050056
|-end|p2a: Weezing|ability: Neutralizing Gas
|switch|p2a: Corviknight|Corviknight, F|95/100
|-ability|p2a: Corviknight|Pressure
|move|p1a: Gholdengo|Trick|p2a: Corviknight
|-activate|p1a: Gholdengo|move: Trick|[of] p2a: Corviknight
|-item|p2a: Corviknight|Choice Scarf|[from] move: Trick
|-item|p1a: Gholdengo|Leftovers|[from] move: Trick
|
|-heal|p1a: Gholdengo|88/100|[from] item: Leftovers
|upkeep
|turn|19
|
|t:|1776050063
|move|p1a: Gholdengo|Shadow Ball|p2a: Corviknight
|-damage|p2a: Corviknight|64/100
|-unboost|p2a: Corviknight|spd|1
|move|p2a: Corviknight|U-turn|p1a: Gholdengo
|-resisted|p1a: Gholdengo
|-damage|p1a: Gholdengo|80/100
|
|t:|1776050092
|switch|p2a: Ogerpon|Ogerpon, F|100/100|[from] U-turn
|
|-heal|p1a: Gholdengo|86/100|[from] item: Leftovers
|upkeep
|turn|20
|
|t:|1776050097
|switch|p1a: Corviknight|Corviknight, M, shiny|84/100
|-damage|p1a: Corviknight|72/100|[from] Stealth Rock
|-ability|p1a: Corviknight|Pressure
|move|p2a: Ogerpon|Ivy Cudgel|p1a: Corviknight
|-resisted|p1a: Corviknight
|-crit|p1a: Corviknight
|-damage|p1a: Corviknight|60/100
|
|-heal|p1a: Corviknight|66/100|[from] item: Leftovers
|upkeep
|turn|21
|
|t:|1776050107
|switch|p2a: Weezing|Weezing-Galar, M|75/100
|-ability|p2a: Weezing|Neutralizing Gas
|move|p1a: Corviknight|Defog|p2a: Weezing
|-unboost|p2a: Weezing|evasion|1
|-sideend|p1: icylikedecember|Stealth Rock|[from] move: Defog|[of] p1a: Corviknight
|
|-heal|p1a: Corviknight|72/100|[from] item: Leftovers
|upkeep
|turn|22
|
|t:|1776050111
|switch|p1a: Darkrai|Darkrai|88/100
|move|p2a: Weezing|Toxic Spikes|p1a: Darkrai
|-sidestart|p1: icylikedecember|move: Toxic Spikes
|
|upkeep
|turn|23
|
|t:|1776050116
|-end|p2a: Weezing|ability: Neutralizing Gas
|switch|p2a: Corviknight|Corviknight, F|64/100
|-ability|p2a: Corviknight|Pressure
|move|p1a: Darkrai|Sludge Bomb|p2a: Corviknight
|-immune|p2a: Corviknight
|
|upkeep
|turn|24
|
|t:|1776050120
|move|p1a: Darkrai|Ice Beam|p2a: Corviknight
|-damage|p2a: Corviknight|40/100
|move|p2a: Corviknight|U-turn|p1a: Darkrai
|-supereffective|p1a: Darkrai
|-damage|p1a: Darkrai|46/100
|
|t:|1776050130
|switch|p2a: Ogerpon|Ogerpon, F|100/100|[from] U-turn
|
|upkeep
|turn|25
|
|t:|1776050137
|switch|p1a: Corviknight|Corviknight, M, shiny|72/100
|-ability|p1a: Corviknight|Pressure
|-terastallize|p2a: Ogerpon|Grass
|detailschange|p2a: Ogerpon|Ogerpon-Teal-Tera, F, tera:Grass
|-ability|p2a: Ogerpon|Embody Aspect (Teal)|boost
|-boost|p2a: Ogerpon|spe|1
|move|p2a: Ogerpon|Ivy Cudgel|p1a: Corviknight
|-resisted|p1a: Corviknight
|-damage|p1a: Corviknight|62/100
|
|-heal|p1a: Corviknight|68/100|[from] item: Leftovers
|upkeep
|turn|26
|
|t:|1776050147
|switch|p2a: Weezing|Weezing-Galar, M|75/100
|-ability|p2a: Weezing|Neutralizing Gas
|move|p1a: Corviknight|Defog|p2a: Weezing
|-unboost|p2a: Weezing|evasion|1
|-sideend|p1: icylikedecember|Toxic Spikes|[from] move: Defog|[of] p1a: Corviknight
|
|-heal|p1a: Corviknight|74/100|[from] item: Leftovers
|upkeep
|turn|27
|
|t:|1776050151
|switch|p1a: Darkrai|Darkrai|46/100
|move|p2a: Weezing|Sludge Bomb|p1a: Darkrai
|-damage|p1a: Darkrai|11/100
|
|upkeep
|turn|28
|
|t:|1776050157
|-end|p2a: Weezing|ability: Neutralizing Gas
|switch|p2a: Corviknight|Corviknight, F|40/100
|-ability|p2a: Corviknight|Pressure
|move|p1a: Darkrai|Sludge Bomb|p2a: Corviknight
|-immune|p2a: Corviknight
|
|upkeep
|turn|29
|
|t:|1776050160
|move|p1a: Darkrai|Focus Blast|p2a: Corviknight
|-damage|p2a: Corviknight|10/100
|move|p2a: Corviknight|U-turn|p1a: Darkrai
|-supereffective|p1a: Darkrai
|-damage|p1a: Darkrai|0 fnt
|faint|p1a: Darkrai
|
|t:|1776050169
|switch|p2a: Gliscor|Gliscor, M|100/100 tox|[from] U-turn
|
|upkeep
|
|t:|1776050173
|switch|p1a: Crawdaunt|Crawdaunt, M|76/100
|turn|30
|
|t:|1776050176
|move|p2a: Gliscor|Protect|p2a: Gliscor
|-singleturn|p2a: Gliscor|Protect
|move|p1a: Crawdaunt|Crabhammer|p2a: Gliscor
|-activate|p2a: Gliscor|move: Protect
|
|upkeep
|turn|31
|
|t:|1776050182
|switch|p2a: Alomomola|Alomomola, M|100/100
|switch|p1a: Gholdengo|Gholdengo, tera:Fairy|86/100
|
|-heal|p1a: Gholdengo|92/100|[from] item: Leftovers
|upkeep
|turn|32
|
|t:|1776050186
|move|p1a: Gholdengo|Shadow Ball|p2a: Alomomola
|-damage|p2a: Alomomola|52/100
|move|p2a: Alomomola|Flip Turn|p1a: Gholdengo
|-damage|p1a: Gholdengo|75/100
|
|t:|1776050190
|switch|p2a: Ogerpon|Ogerpon-Teal-Tera, F, tera:Grass|100/100|[from] Flip Turn
|-ability|p2a: Ogerpon|Embody Aspect (Teal)|boost
|-boost|p2a: Ogerpon|spe|1
|
|-heal|p1a: Gholdengo|81/100|[from] item: Leftovers
|upkeep
|turn|33
|
|t:|1776050194
|move|p2a: Ogerpon|Ivy Cudgel|p1a: Gholdengo
|-crit|p1a: Gholdengo
|-damage|p1a: Gholdengo|0 fnt
|faint|p1a: Gholdengo
|
|upkeep
|
|t:|1776050205
|switch|p1a: Landorus|Landorus-Therian, M|100/100
|-ability|p1a: Landorus|Intimidate|boost
|-unboost|p2a: Ogerpon|atk|1
|turn|34
|
|t:|1776050209
|switch|p2a: Gliscor|Gliscor, M|100/100 tox
|move|p1a: Landorus|Stealth Rock|p2a: Gliscor
|-sidestart|p2: A Welcome Guest|move: Stealth Rock
|
|upkeep
|turn|35
|
|t:|1776050213
|move|p1a: Landorus|U-turn|p2a: Gliscor
|-resisted|p2a: Gliscor
|-damage|p2a: Gliscor|91/100 tox
|
|t:|1776050215
|switch|p1a: Crawdaunt|Crawdaunt, M|76/100|[from] U-turn
|move|p2a: Gliscor|Stealth Rock|p1a: Crawdaunt
|-sidestart|p1: icylikedecember|move: Stealth Rock
|
|-heal|p2a: Gliscor|100/100 tox|[from] ability: Poison Heal
|upkeep
|turn|36
|
|t:|1776050217
|move|p2a: Gliscor|Protect|p2a: Gliscor
|-singleturn|p2a: Gliscor|Protect
|move|p1a: Crawdaunt|Crabhammer|p2a: Gliscor
|-activate|p2a: Gliscor|move: Protect
|
|upkeep
|turn|37
|
|t:|1776050219
|switch|p2a: Alomomola|Alomomola, M|85/100
|-damage|p2a: Alomomola|73/100|[from] Stealth Rock
|move|p1a: Crawdaunt|Crabhammer|p2a: Alomomola
|-resisted|p2a: Alomomola
|-damage|p2a: Alomomola|43/100
|-damage|p1a: Crawdaunt|59/100|[from] item: Rocky Helmet|[of] p2a: Alomomola
|
|upkeep
|turn|38
|
|t:|1776050225
|move|p1a: Crawdaunt|Crabhammer|p2a: Alomomola
|-resisted|p2a: Alomomola
|-damage|p2a: Alomomola|15/100
|-damage|p1a: Crawdaunt|43/100|[from] item: Rocky Helmet|[of] p2a: Alomomola
|move|p2a: Alomomola|Wish|p2a: Alomomola
|
|upkeep
|turn|39
|
|t:|1776050228
|move|p2a: Alomomola|Protect|p2a: Alomomola
|-singleturn|p2a: Alomomola|Protect
|move|p1a: Crawdaunt|Crabhammer|p2a: Alomomola
|-activate|p2a: Alomomola|move: Protect
|
|-heal|p2a: Alomomola|65/100|[from] move: Wish|[wisher] Alomomola
|upkeep
|turn|40
|
|t:|1776050231
|move|p1a: Crawdaunt|Crabhammer|p2a: Alomomola
|-resisted|p2a: Alomomola
|-damage|p2a: Alomomola|34/100
|-damage|p1a: Crawdaunt|26/100|[from] item: Rocky Helmet|[of] p2a: Alomomola
|move|p2a: Alomomola|Wish|p2a: Alomomola
|
|upkeep
|turn|41
|
|t:|1776050234
|move|p2a: Alomomola|Protect|p2a: Alomomola
|-singleturn|p2a: Alomomola|Protect
|move|p1a: Crawdaunt|Crabhammer|p2a: Alomomola
|-activate|p2a: Alomomola|move: Protect
|
|-heal|p2a: Alomomola|84/100|[from] move: Wish|[wisher] Alomomola
|upkeep
|turn|42
|
|t:|1776050236
|move|p1a: Crawdaunt|Crabhammer|p2a: Alomomola
|-resisted|p2a: Alomomola
|-damage|p2a: Alomomola|58/100
|-damage|p1a: Crawdaunt|10/100|[from] item: Rocky Helmet|[of] p2a: Alomomola
|move|p2a: Alomomola|Wish|p2a: Alomomola
|
|upkeep
|turn|43
|
|t:|1776050239
|move|p2a: Alomomola|Protect|p2a: Alomomola
|-singleturn|p2a: Alomomola|Protect
|move|p1a: Crawdaunt|Crabhammer|p2a: Alomomola
|-activate|p2a: Alomomola|move: Protect
|
|-heal|p2a: Alomomola|100/100|[from] move: Wish|[wisher] Alomomola
|upkeep
|turn|44
|
|t:|1776050241
|move|p1a: Crawdaunt|Crabhammer|p2a: Alomomola
|-resisted|p2a: Alomomola
|-damage|p2a: Alomomola|70/100
|-damage|p1a: Crawdaunt|0 fnt|[from] item: Rocky Helmet|[of] p2a: Alomomola
|faint|p1a: Crawdaunt
|move|p2a: Alomomola|Wish|p2a: Alomomola
|
|upkeep
|-message|icylikedecember forfeited.
|
|win|A Welcome Guest
|raw|icylikedecember's rating: 1728 &rarr; <strong>1710</strong><br />(-18 for losing)
|raw|A Welcome Guest's rating: 1762 &rarr; <strong>1780</strong><br />(+18 for winning)
|l|☆icylikedecember
|player|p1|
|c|☆A Welcome Guest|gg
|l|☆A Welcome Guest
|player|p2|
