|html|<div class="broadcast-blue"><strong>[Gen 9] OU is currently suspecting Tera Blast! For information on how to participate check out the <a href="https://www.smogon.com/tools/suspects/view/200">suspect thread</a>.</strong></div>
|j|☆true_n00b_94
|j|☆The Quaggie Boys
|t:|1776142506
|gametype|singles
|player|p1|true_n00b_94|1|1198
|player|p2|The Quaggie Boys|ingo|1178
|gen|9
|tier|[Gen 9] OU
|rated|
|rule|HP Percentage Mod: HP is shown in percentages
|rule|Endless Battle Clause: Forcing endless battles is banned
|rule|Species Clause: Limit one of each Pokémon
|rule|OHKO Clause: OHKO moves are banned
|rule|Evasion Items Clause: Evasion items are banned
|rule|Evasion Moves Clause: Evasion moves are banned
|rule|Evasion Abilities Clause: Evasion abilities are banned
|rule|Sleep Moves Clause: Sleep-inducing moves are banned
|clearpoke
|poke|p1|Darkrai|
|poke|p1|Deoxys-Speed|
|poke|p1|Dragapult, F|
|poke|p1|Great Tusk|
|poke|p1|Iron Crown|
|poke|p1|Zamazenta-*|
|poke|p2|Quagsire, M|
|poke|p2|Camerupt, M|
|poke|p2|Hatterene, F|
|poke|p2|Hoopa-Unbound|
|poke|p2|Diancie|
|poke|p2|Necrozma|
|teampreview
|inactive|Battle timer is ON: inactive players will automatically lose when time's up. (requested by The Quaggie Boys)
|c|☆true_n00b_94|gl hf
|
|t:|1776142514
|teamsize|p1|6
|teamsize|p2|6
|start
|switch|p1a: Deoxys|Deoxys-Speed|100/100
|switch|p2a: Quagsire|Quagsire, M, shiny|100/100
|-ability|p1a: Deoxys|Pressure
|turn|1
|
|t:|1776142521
|move|p1a: Deoxys|Taunt|p2a: Quagsire
|-start|p2a: Quagsire|move: Taunt
|move|p2a: Quagsire|Brick Break|p1a: Deoxys
|-resisted|p1a: Deoxys
|-damage|p1a: Deoxys|80/100
|
|upkeep
|turn|2
|
|t:|1776142528
|move|p1a: Deoxys|Stealth Rock|p2a: Quagsire
|-sidestart|p2: The Quaggie Boys|move: Stealth Rock
|move|p2a: Quagsire|Brick Break|p1a: Deoxys
|-resisted|p1a: Deoxys
|-damage|p1a: Deoxys|61/100
|
|upkeep
|turn|3
|
|t:|1776142534
|switch|p1a: Dragapult|Dragapult, F|100/100
|switch|p2a: Hatterene|Hatterene, F|100/100
|-damage|p2a: Hatterene|88/100|[from] Stealth Rock
|
|upkeep
|turn|4
|
|t:|1776142545
|move|p1a: Dragapult|Phantom Force||[still]
|-prepare|p1a: Dragapult|Phantom Force
|move|p2a: Hatterene|Trick Room|p2a: Hatterene
|-fieldstart|move: Trick Room|[of] p2a: Hatterene
|
|upkeep
|turn|5
|
|t:|1776142553
|switch|p2a: Quagsire|Quagsire, M, shiny|100/100
|-damage|p2a: Quagsire|94/100|[from] Stealth Rock
|move|p1a: Dragapult|Phantom Force|p2a: Quagsire|[from] lockedmove
|-damage|p2a: Quagsire|53/100
|
|upkeep
|turn|6
|
|t:|1776142569
|switch|p2a: Necrozma|Necrozma|100/100
|-damage|p2a: Necrozma|88/100|[from] Stealth Rock
|switch|p1a: Deoxys|Deoxys-Speed|61/100
|-ability|p1a: Deoxys|Pressure
|
|upkeep
|turn|7
|
|t:|1776142579
|move|p2a: Necrozma|Meteor Beam||[still]
|-prepare|p2a: Necrozma|Meteor Beam
|-boost|p2a: Necrozma|spa|1
|-enditem|p2a: Necrozma|Power Herb
|-anim|p2a: Necrozma|Meteor Beam|p1a: Deoxys
|-damage|p1a: Deoxys|0 fnt
|faint|p1a: Deoxys
|
|upkeep
|
|t:|1776142593
|switch|p1a: Darkrai|Darkrai|100/100
|turn|8
|
|t:|1776142598
|move|p2a: Necrozma|Heat Wave|p1a: Darkrai
|-damage|p1a: Darkrai|30/100
|-status|p1a: Darkrai|brn
|move|p1a: Darkrai|Dark Pulse|p2a: Necrozma
|-supereffective|p2a: Necrozma
|-damage|p2a: Necrozma|0 fnt
|faint|p2a: Necrozma
|
|-damage|p1a: Darkrai|24/100 brn|[from] brn
|-fieldend|move: Trick Room
|upkeep
|
|t:|1776142611
|switch|p2a: Diancie|Diancie, shiny|100/100
|-damage|p2a: Diancie|88/100|[from] Stealth Rock
|turn|9
|-message|true_n00b_94 forfeited.
|
|win|The Quaggie Boys
|raw|true_n00b_94's rating: 1198 &rarr; <strong>1172</strong><br />(-26 for losing)
|raw|The Quaggie Boys's rating: 1178 &rarr; <strong>1204</strong><br />(+26 for winning)
|l|☆true_n00b_94
|player|p1|
