|html|<div class="broadcast-blue"><strong>[Gen 9] OU is currently suspecting Tera Blast! For information on how to participate check out the <a href="https://www.smogon.com/tools/suspects/view/200">suspect thread</a>.</strong></div>
|j|☆smk2
|j|☆Yeenenkno
|t:|1776032749
|gametype|singles
|player|p1|smk2|musician|1121
|player|p2|Yeenenkno|169|1114
|gen|9
|tier|[Gen 9] OU
|rated|
|rule|HP Percentage Mod: HP is shown in percentages
|rule|Endless Battle Clause: Forcing endless battles is banned
|rule|Species Clause: Limit one of each Pokémon
|rule|OHKO Clause: OHKO moves are banned
|rule|Evasion Items Clause: Evasion items are banned
|rule|Evasion Moves Clause: Evasion moves are banned
|rule|Evasion Abilities Clause: Evasion abilities are banned
|rule|Sleep Moves Clause: Sleep-inducing moves are banned
|clearpoke
|poke|p1|Zamazenta-*|
|poke|p1|Kyurem|
|poke|p1|Iron Treads|
|poke|p1|Tornadus-Therian, M|
|poke|p1|Pecharunt|
|poke|p1|Ting-Lu|
|poke|p2|Cramorant, M|
|poke|p2|Garganacl, F|
|poke|p2|Hatterene, F|
|poke|p2|Pecharunt|
|poke|p2|Hydrapple, M|
|poke|p2|Honchkrow, F|
|teampreview
|inactive|Battle timer is ON: inactive players will automatically lose when time's up. (requested by Yeenenkno)
|
|t:|1776032784
|teamsize|p1|6
|teamsize|p2|6
|start
|switch|p1a: Pecharunt|Pecharunt|100/100
|switch|p2a: Pecharunt|Pecharunt|100/100
|turn|1
|
|t:|1776032800
|switch|p1a: Ting-Lu|Ting-Lu|100/100
|-ability|p1a: Ting-Lu|Vessel of Ruin
|move|p2a: Pecharunt|Hex|p1a: Ting-Lu
|-resisted|p1a: Ting-Lu
|-damage|p1a: Ting-Lu|93/100
|
|-heal|p1a: Ting-Lu|99/100|[from] item: Leftovers
|upkeep
|turn|2
|
|t:|1776032809
|switch|p2a: Cramorant|Cramorant, M|100/100
|move|p1a: Ting-Lu|Spikes|p2a: Cramorant
|-sidestart|p2: Yeenenkno|Spikes
|
|-heal|p1a: Ting-Lu|100/100|[from] item: Leftovers
|upkeep
|turn|3
|
|t:|1776032827
|move|p2a: Cramorant|Surf|p1a: Ting-Lu
|-formechange|p2a: Cramorant|Cramorant-Gulping|
|-supereffective|p1a: Ting-Lu
|-damage|p1a: Ting-Lu|68/100
|move|p1a: Ting-Lu|Spikes|p2a: Cramorant
|-sidestart|p2: Yeenenkno|Spikes
|
|-heal|p1a: Ting-Lu|74/100|[from] item: Leftovers
|upkeep
|turn|4
|inactive|Yeenenkno has 120 seconds left.
|
|t:|1776032870
|move|p2a: Cramorant|Ice Beam|p1a: Ting-Lu
|-supereffective|p1a: Ting-Lu
|-damage|p1a: Ting-Lu|52/100
|move|p1a: Ting-Lu|Whirlwind|p2a: Cramorant
|drag|p2a: Hydrapple|Hydrapple, M|100/100
|-damage|p2a: Hydrapple|84/100|[from] Spikes
|
|-heal|p1a: Ting-Lu|58/100|[from] item: Leftovers
|-heal|p2a: Hydrapple|90/100|[from] item: Leftovers
|upkeep
|turn|5
|
|t:|1776032881
|move|p1a: Ting-Lu|Ruination|p2a: Hydrapple
|-damage|p2a: Hydrapple|45/100
|move|p2a: Hydrapple|Energy Ball|p1a: Ting-Lu
|-supereffective|p1a: Ting-Lu
|-damage|p1a: Ting-Lu|24/100
|
|-heal|p1a: Ting-Lu|30/100|[from] item: Leftovers
|-heal|p2a: Hydrapple|52/100|[from] item: Leftovers
|upkeep
|turn|6
|inactive|Yeenenkno has 120 seconds left.
|
|t:|1776032907
|move|p1a: Ting-Lu|Ruination|p2a: Hydrapple
|-damage|p2a: Hydrapple|26/100
|move|p2a: Hydrapple|Energy Ball|p1a: Ting-Lu
|-supereffective|p1a: Ting-Lu
|-damage|p1a: Ting-Lu|0 fnt
|faint|p1a: Ting-Lu
|
|-heal|p2a: Hydrapple|32/100|[from] item: Leftovers
|upkeep
|
|t:|1776032915
|switch|p1a: Kyurem|Kyurem|100/100
|-ability|p1a: Kyurem|Pressure
|turn|7
|
|t:|1776032930
|switch|p2a: Hatterene|Hatterene, F|100/100
|-damage|p2a: Hatterene|84/100|[from] Spikes
|move|p1a: Kyurem|Ice Beam|p2a: Hatterene
|-damage|p2a: Hatterene|30/100
|
|-heal|p2a: Hatterene|36/100|[from] item: Leftovers
|upkeep
|turn|8
|inactive|Yeenenkno has 120 seconds left.
|inactive|smk2 has 120 seconds left.
|inactive|Yeenenkno has 90 seconds left.
|
|t:|1776032986
|move|p1a: Kyurem|Ice Beam|p2a: Hatterene
|-damage|p2a: Hatterene|0 fnt
|faint|p2a: Hatterene
|
|upkeep
|
|t:|1776032992
|switch|p2a: Pecharunt|Pecharunt|100/100
|-damage|p2a: Pecharunt|84/100|[from] Spikes
|turn|9
|
|t:|1776032995
|move|p1a: Kyurem|Earth Power|p2a: Pecharunt
|-supereffective|p2a: Pecharunt
|-damage|p2a: Pecharunt|16/100
|-unboost|p2a: Pecharunt|spd|1
|move|p2a: Pecharunt|Malignant Chain|p1a: Kyurem
|-damage|p1a: Kyurem|73/100
|
|-heal|p2a: Pecharunt|22/100|[from] item: Black Sludge
|upkeep
|turn|10
|inactive|Yeenenkno has 90 seconds left.
|
|t:|1776033005
|move|p1a: Kyurem|Earth Power|p2a: Pecharunt
|-supereffective|p2a: Pecharunt
|-damage|p2a: Pecharunt|0 fnt
|faint|p2a: Pecharunt
|
|upkeep
|
|t:|1776033008
|switch|p2a: Cramorant|Cramorant, M|100/100
|turn|11
|
|t:|1776033012
|move|p2a: Cramorant|Ice Beam|p1a: Kyurem
|-damage|p1a: Kyurem|57/100
|move|p1a: Kyurem|Freeze-Dry|p2a: Cramorant
|-supereffective|p2a: Cramorant
|-damage|p2a: Cramorant|0 fnt
|faint|p2a: Cramorant
|
|upkeep
|
|t:|1776033019
|switch|p2a: Honchkrow|Honchkrow, F|100/100
|turn|12
|
|t:|1776033022
|move|p2a: Honchkrow|Sucker Punch|p1a: Kyurem
|-damage|p1a: Kyurem|31/100
|move|p1a: Kyurem|Ice Beam|p2a: Honchkrow
|-supereffective|p2a: Honchkrow
|-enditem|p2a: Honchkrow|Focus Sash
|-damage|p2a: Honchkrow|1/100
|
|upkeep
|turn|13
|inactive|Yeenenkno has 120 seconds left.
|
|t:|1776033034
|switch|p1a: Tornadus|Tornadus-Therian, M|100/100
|move|p2a: Honchkrow|Sucker Punch||[still]
|-fail|p2a: Honchkrow
|
|upkeep
|turn|14
|
|t:|1776033044
|move|p2a: Honchkrow|Sucker Punch||[still]
|-fail|p2a: Honchkrow
|move|p1a: Tornadus|Nasty Plot|p1a: Tornadus
|-boost|p1a: Tornadus|spa|2
|
|upkeep
|turn|15
|
|t:|1776033050
|move|p1a: Tornadus|Knock Off|p2a: Honchkrow
|-resisted|p2a: Honchkrow
|-damage|p2a: Honchkrow|0 fnt
|faint|p2a: Honchkrow
|
|upkeep
|-message|Yeenenkno forfeited.
|
|win|smk2
|raw|smk2's rating: 1121 &rarr; <strong>1145</strong><br />(+24 for winning)
|raw|Yeenenkno's rating: 1114 &rarr; <strong>1090</strong><br />(-24 for losing)
|l|☆Yeenenkno
|player|p2|
