|html|<div class="broadcast-blue"><strong>[Gen 9] OU is currently suspecting Tera Blast! For information on how to participate check out the <a href="https://www.smogon.com/tools/suspects/view/200">suspect thread</a>.</strong></div>
|j|☆LLCDoubleOG
|j|☆kingisaaciv
|t:|1776287865
|gametype|singles
|player|p1|LLCDoubleOG|dancer|1424
|player|p2|kingisaaciv|erika|1406
|gen|9
|tier|[Gen 9] OU
|rated|
|rule|HP Percentage Mod: HP is shown in percentages
|rule|Endless Battle Clause: Forcing endless battles is banned
|rule|Species Clause: Limit one of each Pokémon
|rule|OHKO Clause: OHKO moves are banned
|rule|Evasion Items Clause: Evasion items are banned
|rule|Evasion Moves Clause: Evasion moves are banned
|rule|Evasion Abilities Clause: Evasion abilities are banned
|rule|Sleep Moves Clause: Sleep-inducing moves are banned
|clearpoke
|poke|p1|Cinderace, M|
|poke|p1|Meowscarada, F|
|poke|p1|Alomomola, F|
|poke|p1|Garganacl, M|
|poke|p1|Dragapult, M|
|poke|p1|Weezing-Galar, F|
|poke|p2|Tyranitar, F|
|poke|p2|Excadrill, F|
|poke|p2|Kingambit, M|
|poke|p2|Garchomp, M|
|poke|p2|Pecharunt|
|poke|p2|Rotom-Wash|
|teampreview
|inactive|Battle timer is ON: inactive players will automatically lose when time's up. (requested by kingisaaciv)
|inactive|LLCDoubleOG has 120 seconds left.
|
|t:|1776287896
|teamsize|p1|6
|teamsize|p2|6
|start
|switch|p1a: Meowscarada|Meowscarada, F|100/100
|switch|p2a: Regina|Tyranitar, F|100/100
|-weather|Sandstorm|[from] ability: Sand Stream|[of] p2a: Regina
|turn|1
|
|t:|1776287902
|move|p1a: Meowscarada|U-turn|p2a: Regina
|-start|p1a: Meowscarada|typechange|Bug|[from] ability: Protean
|-supereffective|p2a: Regina
|-damage|p2a: Regina|50/100
|
|t:|1776287906
|switch|p1a: Alomomola|Alomomola, F|100/100|[from] U-turn
|move|p2a: Regina|Thunder Wave|p1a: Alomomola
|-status|p1a: Alomomola|par
|
|-weather|Sandstorm|[upkeep]
|-damage|p1a: Alomomola|94/100 par|[from] Sandstorm
|upkeep
|turn|2
|
|t:|1776287912
|move|p2a: Regina|Knock Off|p1a: Alomomola
|-damage|p1a: Alomomola|63/100 par
|-enditem|p1a: Alomomola|Heavy-Duty Boots|[from] move: Knock Off|[of] p2a: Regina
|move|p1a: Alomomola|Flip Turn|p2a: Regina
|-supereffective|p2a: Regina
|-damage|p2a: Regina|26/100
|
|t:|1776287919
|switch|p1a: Meowscarada|Meowscarada, F|100/100|[from] Flip Turn
|
|-weather|Sandstorm|[upkeep]
|-damage|p1a: Meowscarada|94/100|[from] Sandstorm
|upkeep
|turn|3
|
|t:|1776287940
|move|p1a: Meowscarada|U-turn|p2a: Regina
|-start|p1a: Meowscarada|typechange|Bug|[from] ability: Protean
|-supereffective|p2a: Regina
|-damage|p2a: Regina|0 fnt
|faint|p2a: Regina
|
|t:|1776287949
|switch|p1a: Alomomola|Alomomola, F|97/100 par|[from] U-turn
|
|-weather|Sandstorm|[upkeep]
|-damage|p1a: Alomomola|91/100 par|[from] Sandstorm
|upkeep
|
|t:|1776287951
|switch|p2a: Erica|Excadrill, F|100/100
|turn|4
|
|t:|1776287955
|move|p2a: Erica|Swords Dance|p2a: Erica
|-boost|p2a: Erica|atk|2
|move|p1a: Alomomola|Flip Turn|p2a: Erica
|-supereffective|p2a: Erica
|-damage|p2a: Erica|49/100
|
|t:|1776287958
|switch|p1a: Dragapult|Dragapult, M|100/100|[from] Flip Turn
|-item|p1a: Dragapult|Air Balloon
|
|-weather|Sandstorm|[upkeep]
|-damage|p1a: Dragapult|95/100|[from] Sandstorm
|upkeep
|turn|5
|
|t:|1776287965
|switch|p1a: Alomomola|Alomomola, F|100/100 par
|move|p2a: Erica|Rock Slide|p1a: Alomomola
|-damage|p1a: Alomomola|45/100 par
|-damage|p2a: Erica|39/100|[from] item: Life Orb
|
|-weather|Sandstorm|[upkeep]
|-damage|p1a: Alomomola|38/100 par|[from] Sandstorm
|upkeep
|turn|6
|
|t:|1776287972
|-terastallize|p2a: Erica|Ground
|move|p1a: Alomomola|Aqua Jet|p2a: Erica
|-supereffective|p2a: Erica
|-damage|p2a: Erica|7/100
|move|p2a: Erica|Earthquake|p1a: Alomomola
|-damage|p1a: Alomomola|0 fnt
|faint|p1a: Alomomola
|-damage|p2a: Erica|0 fnt|[from] item: Life Orb
|faint|p2a: Erica
|
|-weather|Sandstorm|[upkeep]
|upkeep
|
|t:|1776287983
|switch|p2a: Jeff|Garchomp, M|100/100
|switch|p1a: Cinderace|Cinderace, M|100/100
|turn|7
|
|t:|1776287990
|move|p1a: Cinderace|High Jump Kick|p2a: Jeff
|-start|p1a: Cinderace|typechange|Fighting|[from] ability: Libero
|-damage|p2a: Jeff|9/100
|-damage|p1a: Cinderace|88/100|[from] ability: Rough Skin|[of] p2a: Jeff
|move|p2a: Jeff|Swords Dance|p2a: Jeff
|-boost|p2a: Jeff|atk|2
|
|-weather|Sandstorm|[upkeep]
|-damage|p1a: Cinderace|82/100|[from] Sandstorm
|upkeep
|turn|8
|
|t:|1776287997
|switch|p1a: Weezing|Weezing-Galar, F|100/100
|move|p2a: Jeff|Scale Shot|p1a: Weezing
|-immune|p1a: Weezing
|
|-weather|none
|upkeep
|turn|9
|
|t:|1776288003
|move|p2a: Jeff|Earthquake|p1a: Weezing
|-immune|p1a: Weezing|[from] ability: Levitate
|move|p1a: Weezing|Strange Steam|p2a: Jeff
|-supereffective|p2a: Jeff
|-damage|p2a: Jeff|0 fnt
|faint|p2a: Jeff
|
|upkeep
|-message|kingisaaciv forfeited.
|
|win|LLCDoubleOG
|raw|LLCDoubleOG's rating: 1424 &rarr; <strong>1443</strong><br />(+19 for winning)
|raw|kingisaaciv's rating: 1406 &rarr; <strong>1387</strong><br />(-19 for losing)
|l|☆kingisaaciv
|player|p2|
