|html|<div class="broadcast-blue"><strong>[Gen 9] OU is currently suspecting Volcarona! For information on how to participate check out the <a href="https://www.smogon.com/tools/suspects/view/208">suspect thread</a>.</strong></div>
|j|☆parkiay
|j|☆KassGOD
|t:|1778511785
|gametype|singles
|player|p1|parkiay|juan|1508
|player|p2|KassGOD|sage|1598
|gen|9
|tier|[Gen 9] OU
|rated|
|rule|HP Percentage Mod: HP is shown in percentages
|rule|Endless Battle Clause: Forcing endless battles is banned
|rule|Species Clause: Limit one of each Pokémon
|rule|OHKO Clause: OHKO moves are banned
|rule|Evasion Items Clause: Evasion items are banned
|rule|Evasion Moves Clause: Evasion moves are banned
|rule|Evasion Abilities Clause: Evasion abilities are banned
|rule|Sleep Moves Clause: Sleep-inducing moves are banned
|clearpoke
|poke|p1|Cinderace, F|
|poke|p1|Rotom-Wash|
|poke|p1|Darkrai|
|poke|p1|Ogerpon-Cornerstone, F|
|poke|p1|Iron Moth|
|poke|p1|Raging Bolt|
|poke|p2|Cinderace, M|
|poke|p2|Great Tusk|
|poke|p2|Slowking-Galar, M|
|poke|p2|Corviknight, F|
|poke|p2|Raging Bolt|
|poke|p2|Meowscarada, M|
|teampreview
|inactive|Battle timer is ON: inactive players will automatically lose when time's up. (requested by KassGOD)
|inactive|parkiay also wants the timer to be on.
|c|☆parkiay|gl
|c|☆parkiay|hf
|c|☆KassGOD|hf
|
|t:|1778511810
|teamsize|p1|6
|teamsize|p2|6
|start
|switch|p1a: Cinderace|Cinderace, F|100/100
|switch|p2a: Meowscarada|Meowscarada, M|100/100
|turn|1
|
|t:|1778511819
|move|p2a: Meowscarada|U-turn|p1a: Cinderace
|-start|p2a: Meowscarada|typechange|Bug|[from] ability: Protean
|-resisted|p1a: Cinderace
|-damage|p1a: Cinderace|79/100
|
|t:|1778511829
|switch|p2a: Great Tusk|Great Tusk|100/100|[from] U-turn
|move|p1a: Cinderace|Pyro Ball|p2a: Great Tusk
|-damage|p2a: Great Tusk|57/100
|
|upkeep
|turn|2
|
|t:|1778511846
|switch|p1a: Rotom|Rotom-Wash|100/100
|move|p2a: Great Tusk|Rapid Spin|p1a: Rotom
|-damage|p1a: Rotom|85/100
|-boost|p2a: Great Tusk|spe|1
|
|-heal|p1a: Rotom|91/100|[from] item: Leftovers
|upkeep
|turn|3
|
|t:|1778511857
|-end|p2a: Great Tusk|Protosynthesis|[silent]
|switch|p2a: Slowking|Slowking-Galar, M|100/100
|move|p1a: Rotom|Discharge|p2a: Slowking
|-crit|p2a: Slowking
|-damage|p2a: Slowking|77/100
|
|-heal|p1a: Rotom|97/100|[from] item: Leftovers
|upkeep
|turn|4
|
|t:|1778511868
|move|p1a: Rotom|Discharge|p2a: Slowking
|-damage|p2a: Slowking|62/100
|move|p2a: Slowking|Sludge Bomb|p1a: Rotom
|-damage|p1a: Rotom|58/100
|
|-heal|p1a: Rotom|64/100|[from] item: Leftovers
|upkeep
|turn|5
|
|t:|1778511877
|move|p1a: Rotom|Discharge|p2a: Slowking
|-damage|p2a: Slowking|48/100
|move|p2a: Slowking|Sludge Bomb|p1a: Rotom
|-damage|p1a: Rotom|20/100
|
|-heal|p1a: Rotom|26/100|[from] item: Leftovers
|upkeep
|turn|6
|
|t:|1778511887
|switch|p2a: Great Tusk|Great Tusk|57/100
|move|p1a: Rotom|Pain Split|p2a: Great Tusk
|-sethp|p2a: Great Tusk|39/100|[from] move: Pain Split|[silent]
|-sethp|p1a: Rotom|48/100|[from] move: Pain Split
|
|-heal|p1a: Rotom|54/100|[from] item: Leftovers
|upkeep
|turn|7
|
|t:|1778511898
|move|p2a: Great Tusk|Stealth Rock|p1a: Rotom
|-sidestart|p1: parkiay|move: Stealth Rock
|move|p1a: Rotom|Hydro Pump|p2a: Great Tusk
|-supereffective|p2a: Great Tusk
|-damage|p2a: Great Tusk|0 fnt
|faint|p2a: Great Tusk
|-end|p2a: Great Tusk|Protosynthesis|[silent]
|
|-heal|p1a: Rotom|60/100|[from] item: Leftovers
|upkeep
|inactive|KassGOD has 120 seconds left.
|
|t:|1778511932
|switch|p2a: Meowscarada|Meowscarada, M|100/100
|turn|8
|
|t:|1778511937
|move|p2a: Meowscarada|Flower Trick|p1a: Rotom
|-start|p2a: Meowscarada|typechange|Grass|[from] ability: Protean
|-supereffective|p1a: Rotom
|-crit|p1a: Rotom
|-damage|p1a: Rotom|0 fnt
|faint|p1a: Rotom
|
|upkeep
|
|t:|1778511940
|switch|p1a: Iron Moth|Iron Moth|100/100
|-damage|p1a: Iron Moth|76/100|[from] Stealth Rock
|-enditem|p1a: Iron Moth|Booster Energy
|-activate|p1a: Iron Moth|ability: Quark Drive|[fromitem]
|-start|p1a: Iron Moth|quarkdrivespe
|turn|9
|
|t:|1778511948
|switch|p2a: Slowking|Slowking-Galar, M|81/100
|move|p1a: Iron Moth|Fiery Dance|p2a: Slowking
|-damage|p2a: Slowking|61/100
|
|upkeep
|turn|10
|
|t:|1778511961
|move|p1a: Iron Moth|Fiery Dance|p2a: Slowking
|-damage|p2a: Slowking|40/100
|-boost|p1a: Iron Moth|spa|1
|move|p2a: Slowking|Psyshock|p1a: Iron Moth
|-supereffective|p1a: Iron Moth
|-damage|p1a: Iron Moth|0 fnt
|faint|p1a: Iron Moth
|-end|p1a: Iron Moth|Quark Drive|[silent]
|
|upkeep
|
|t:|1778511968
|switch|p1a: Darkrai|Darkrai|100/100
|-damage|p1a: Darkrai|88/100|[from] Stealth Rock
|turn|11
|
|t:|1778511978
|switch|p2a: Meowscarada|Meowscarada, M|100/100
|move|p1a: Darkrai|Nasty Plot|p1a: Darkrai
|-boost|p1a: Darkrai|spa|2
|
|-heal|p1a: Darkrai|94/100|[from] item: Leftovers
|upkeep
|turn|12
|
|t:|1778512000
|move|p2a: Meowscarada|U-turn|p1a: Darkrai
|-start|p2a: Meowscarada|typechange|Bug|[from] ability: Protean
|-supereffective|p1a: Darkrai
|-damage|p1a: Darkrai|10/100
|
|t:|1778512008
|switch|p2a: Slowking|Slowking-Galar, M|73/100|[from] U-turn
|move|p1a: Darkrai|Dark Pulse|p2a: Slowking
|-supereffective|p2a: Slowking
|-damage|p2a: Slowking|0 fnt
|faint|p2a: Slowking
|
|-heal|p1a: Darkrai|16/100|[from] item: Leftovers
|upkeep
|
|t:|1778512018
|switch|p2a: Meowscarada|Meowscarada, M|100/100
|turn|13
|
|t:|1778512021
|move|p2a: Meowscarada|U-turn|p1a: Darkrai
|-start|p2a: Meowscarada|typechange|Bug|[from] ability: Protean
|-supereffective|p1a: Darkrai
|-damage|p1a: Darkrai|0 fnt
|faint|p1a: Darkrai
|
|t:|1778512042
|switch|p2a: Raging Bolt|Raging Bolt|100/100|[from] U-turn
|
|upkeep
|
|t:|1778512060
|switch|p1a: Raging Bolt|Raging Bolt|100/100
|-damage|p1a: Raging Bolt|88/100|[from] Stealth Rock
|-enditem|p1a: Raging Bolt|Booster Energy
|-activate|p1a: Raging Bolt|ability: Protosynthesis|[fromitem]
|-start|p1a: Raging Bolt|protosynthesisspa
|turn|14
|
|t:|1778512086
|-terastallize|p2a: Raging Bolt|Electric
|move|p2a: Raging Bolt|Thunderbolt|p1a: Raging Bolt
|-resisted|p1a: Raging Bolt
|-damage|p1a: Raging Bolt|63/100
|move|p1a: Raging Bolt|Dragon Pulse|p2a: Raging Bolt
|-damage|p2a: Raging Bolt|39/100
|
|upkeep
|turn|15
|
|t:|1778512096
|move|p2a: Raging Bolt|Thunderbolt|p1a: Raging Bolt
|-resisted|p1a: Raging Bolt
|-damage|p1a: Raging Bolt|38/100
|move|p1a: Raging Bolt|Dragon Pulse|p2a: Raging Bolt
|-damage|p2a: Raging Bolt|0 fnt
|faint|p2a: Raging Bolt
|-end|p2a: Raging Bolt|Protosynthesis|[silent]
|
|upkeep
|c|☆parkiay|?
|inactive|KassGOD has 120 seconds left.
|
|t:|1778512122
|switch|p2a: Meowscarada|Meowscarada, M|100/100
|turn|16
|
|t:|1778512128
|move|p1a: Raging Bolt|Thunderclap|p2a: Meowscarada
|-resisted|p2a: Meowscarada
|-damage|p2a: Meowscarada|59/100
|move|p2a: Meowscarada|Triple Axel|p1a: Raging Bolt
|-start|p2a: Meowscarada|typechange|Ice|[from] ability: Protean
|-supereffective|p1a: Raging Bolt
|-damage|p1a: Raging Bolt|21/100
|-supereffective|p1a: Raging Bolt
|-damage|p1a: Raging Bolt|0 fnt
|faint|p1a: Raging Bolt
|-end|p1a: Raging Bolt|Protosynthesis|[silent]
|-hitcount|p1: Raging Bolt|2
|
|upkeep
|
|t:|1778512133
|switch|p1a: Cinderace|Cinderace, F|79/100
|turn|17
|
|t:|1778512150
|switch|p2a: Cinderace|Cinderace, M|100/100
|move|p1a: Cinderace|Pyro Ball|p2a: Cinderace
|-resisted|p2a: Cinderace
|-damage|p2a: Cinderace|56/100
|
|upkeep
|turn|18
|
|t:|1778512165
|move|p2a: Cinderace|Sucker Punch|p1a: Cinderace
|-start|p2a: Cinderace|typechange|Dark|[from] ability: Libero
|-damage|p1a: Cinderace|28/100
|move|p1a: Cinderace|Pyro Ball|p2a: Cinderace
|-damage|p2a: Cinderace|0 fnt
|faint|p2a: Cinderace
|
|upkeep
|inactive|KassGOD has 120 seconds left.
|
|t:|1778512176
|switch|p2a: Meowscarada|Meowscarada, M|59/100
|turn|19
|
|t:|1778512180
|move|p1a: Cinderace|Sucker Punch|p2a: Meowscarada
|-start|p1a: Cinderace|typechange|Dark|[from] ability: Libero
|-resisted|p2a: Meowscarada
|-damage|p2a: Meowscarada|34/100
|move|p2a: Meowscarada|Flower Trick|p1a: Cinderace
|-start|p2a: Meowscarada|typechange|Grass|[from] ability: Protean
|-crit|p1a: Cinderace
|-damage|p1a: Cinderace|0 fnt
|faint|p1a: Cinderace
|
|upkeep
|
|t:|1778512204
|switch|p1a: Ogerpon|Ogerpon-Cornerstone, F|100/100
|-damage|p1a: Ogerpon|88/100|[from] Stealth Rock
|turn|20
|c|☆parkiay|gg
|c|☆parkiay|wp
|
|t:|1778512211
|move|p1a: Ogerpon|Spiky Shield|p1a: Ogerpon
|-singleturn|p1a: Ogerpon|move: Protect
|move|p2a: Meowscarada|Flower Trick|p1a: Ogerpon
|-activate|p1a: Ogerpon|move: Protect
|
|upkeep
|turn|21
|c|☆KassGOD|ggwp
|
|t:|1778512217
|move|p2a: Meowscarada|Flower Trick|p1a: Ogerpon
|-crit|p1a: Ogerpon
|-damage|p1a: Ogerpon|21/100
|move|p1a: Ogerpon|Ivy Cudgel|p2a: Meowscarada|[anim] Ivy Cudgel Rock
|-damage|p2a: Meowscarada|0 fnt
|faint|p2a: Meowscarada
|
|upkeep
|
|t:|1778512225
|switch|p2a: Corviknight|Corviknight, F|100/100
|-ability|p2a: Corviknight|Pressure
|turn|22
|
|t:|1778512239
|move|p1a: Ogerpon|Swords Dance|p1a: Ogerpon
|-boost|p1a: Ogerpon|atk|2
|move|p2a: Corviknight|Body Press|p1a: Ogerpon
|-supereffective|p1a: Ogerpon
|-damage|p1a: Ogerpon|0 fnt
|faint|p1a: Ogerpon
|
|win|KassGOD
|raw|parkiay's rating: 1508 &rarr; <strong>1493</strong><br />(-15 for losing)
|raw|KassGOD's rating: 1598 &rarr; <strong>1613</strong><br />(+15 for winning)
|l|☆parkiay
|player|p1|
