|html|<div class="broadcast-blue"><strong>[Gen 9] OU is currently suspecting Tera Blast! For information on how to participate check out the <a href="https://www.smogon.com/tools/suspects/view/200">suspect thread</a>.</strong></div>
|j|☆Mi Bombo
|j|☆khetsis
|t:|1776064234
|gametype|singles
|player|p1|Mi Bombo|rancher|1124
|player|p2|khetsis|zinzolin|1130
|gen|9
|tier|[Gen 9] OU
|rated|
|rule|HP Percentage Mod: HP is shown in percentages
|rule|Endless Battle Clause: Forcing endless battles is banned
|rule|Species Clause: Limit one of each Pokémon
|rule|OHKO Clause: OHKO moves are banned
|rule|Evasion Items Clause: Evasion items are banned
|rule|Evasion Moves Clause: Evasion moves are banned
|rule|Evasion Abilities Clause: Evasion abilities are banned
|rule|Sleep Moves Clause: Sleep-inducing moves are banned
|clearpoke
|poke|p1|Great Tusk|
|poke|p1|Darkrai|
|poke|p1|Iron Moth|
|poke|p1|Pecharunt|
|poke|p1|Quaquaval, F|
|poke|p1|Farigiraf, F|
|poke|p2|Fezandipiti, M|
|poke|p2|Dondozo, M|
|poke|p2|Garganacl, M|
|poke|p2|Kingambit, M|
|poke|p2|Landorus-Therian, M|
|poke|p2|Raging Bolt|
|teampreview
|
|t:|1776064250
|teamsize|p1|6
|teamsize|p2|6
|start
|switch|p1a: Elephant|Great Tusk|100/100
|switch|p2a: Marco|Fezandipiti, M|100/100
|turn|1
|
|t:|1776064269
|-terastallize|p1a: Elephant|Ground
|move|p1a: Elephant|Stealth Rock|p2a: Marco
|-sidestart|p2: khetsis|move: Stealth Rock
|move|p2a: Marco|Sludge Bomb|p1a: Elephant
|-resisted|p1a: Elephant
|-damage|p1a: Elephant|75/100
|-status|p1a: Elephant|psn
|
|-damage|p1a: Elephant|62/100 psn|[from] psn
|upkeep
|turn|2
|
|t:|1776064286
|-end|p1a: Elephant|Protosynthesis|[silent]
|switch|p1a: Iron Moth|Iron Moth|100/100
|-enditem|p1a: Iron Moth|Booster Energy
|-activate|p1a: Iron Moth|ability: Quark Drive|[fromitem]
|-start|p1a: Iron Moth|quarkdrivespa
|switch|p2a: Nekomamushi|Landorus-Therian, M|100/100
|-damage|p2a: Nekomamushi|88/100|[from] Stealth Rock
|-ability|p2a: Nekomamushi|Intimidate|boost
|-unboost|p1a: Iron Moth|atk|1
|
|-heal|p2a: Nekomamushi|94/100|[from] item: Leftovers
|upkeep
|turn|3
|
|t:|1776064300
|-end|p1a: Iron Moth|Quark Drive|[silent]
|switch|p1a: Quaquaval|Quaquaval, F|100/100
|move|p2a: Nekomamushi|Outrage|p1a: Quaquaval
|-damage|p1a: Quaquaval|40/100
|
|-heal|p2a: Nekomamushi|99/100|[from] item: Leftovers
|upkeep
|turn|4
|
|t:|1776064309
|move|p1a: Quaquaval|Aqua Step|p2a: Nekomamushi
|-supereffective|p2a: Nekomamushi
|-damage|p2a: Nekomamushi|13/100
|-boost|p1a: Quaquaval|spe|1
|move|p2a: Nekomamushi|Outrage|p1a: Quaquaval|[from] lockedmove
|-damage|p1a: Quaquaval|0 fnt
|faint|p1a: Quaquaval
|
|-heal|p2a: Nekomamushi|19/100|[from] item: Leftovers
|upkeep
|
|t:|1776064321
|switch|p1a: Darkrai|Darkrai|100/100
|turn|5
|
|t:|1776064332
|move|p1a: Darkrai|Ice Beam|p2a: Nekomamushi
|-supereffective|p2a: Nekomamushi
|-damage|p2a: Nekomamushi|0 fnt
|faint|p2a: Nekomamushi
|-damage|p1a: Darkrai|91/100|[from] item: Life Orb
|
|upkeep
|
|t:|1776064342
|switch|p2a: Marco|Fezandipiti, M|100/100
|-damage|p2a: Marco|88/100|[from] Stealth Rock
|turn|6
|
|t:|1776064349
|move|p1a: Darkrai|Ice Beam|p2a: Marco
|-damage|p2a: Marco|57/100
|-damage|p1a: Darkrai|81/100|[from] item: Life Orb
|move|p2a: Marco|Moonblast|p1a: Darkrai
|-supereffective|p1a: Darkrai
|-damage|p1a: Darkrai|0 fnt
|faint|p1a: Darkrai
|
|-heal|p2a: Marco|63/100|[from] item: Leftovers
|upkeep
|
|t:|1776064361
|switch|p1a: Iron Moth|Iron Moth|100/100
|turn|7
|
|t:|1776064365
|move|p1a: Iron Moth|Fiery Dance|p2a: Marco
|-damage|p2a: Marco|28/100
|-boost|p1a: Iron Moth|spa|1
|move|p2a: Marco|Sludge Bomb|p1a: Iron Moth
|-resisted|p1a: Iron Moth
|-crit|p1a: Iron Moth
|-damage|p1a: Iron Moth|74/100
|
|-heal|p2a: Marco|34/100|[from] item: Leftovers
|upkeep
|turn|8
|
|t:|1776064383
|switch|p2a: Kogan|Kingambit, M|100/100
|-damage|p2a: Kogan|94/100|[from] Stealth Rock
|-activate|p2a: Kogan|ability: Supreme Overlord
|-start|p2a: Kogan|fallen1|[silent]
|move|p1a: Iron Moth|Fiery Dance|p2a: Kogan
|-supereffective|p2a: Kogan
|-damage|p2a: Kogan|0 fnt
|-boost|p1a: Iron Moth|spa|1
|faint|p2a: Kogan
|-end|p2a: Kogan|fallen1|[silent]
|
|upkeep
|
|t:|1776064396
|switch|p2a: Pika|Garganacl, M, shiny|100/100
|-damage|p2a: Pika|88/100|[from] Stealth Rock
|turn|9
|
|t:|1776064406
|move|p1a: Iron Moth|Dazzling Gleam|p2a: Pika
|-damage|p2a: Pika|39/100
|move|p2a: Pika|Rock Slide|p1a: Iron Moth
|-supereffective|p1a: Iron Moth
|-damage|p1a: Iron Moth|0 fnt
|faint|p1a: Iron Moth
|-end|p1a: Iron Moth|Quark Drive|[silent]
|
|-heal|p2a: Pika|46/100|[from] item: Leftovers
|upkeep
|
|t:|1776064417
|switch|p1a: Elephant|Great Tusk, tera:Ground|62/100 psn
|turn|10
|
|t:|1776064427
|switch|p2a: #THECODFATHER|Dondozo, M, shiny|100/100
|-damage|p2a: #THECODFATHER|88/100|[from] Stealth Rock
|move|p1a: Elephant|Headlong Rush|p2a: #THECODFATHER
|-damage|p2a: #THECODFATHER|53/100
|-unboost|p1a: Elephant|def|1
|-unboost|p1a: Elephant|spd|1
|
|-heal|p2a: #THECODFATHER|59/100|[from] item: Leftovers
|-damage|p1a: Elephant|50/100 psn|[from] psn
|upkeep
|turn|11
|
|t:|1776064439
|-end|p1a: Elephant|Protosynthesis|[silent]
|switch|p1a: Pecharunt|Pecharunt|100/100
|move|p2a: #THECODFATHER|Avalanche|p1a: Pecharunt
|-damage|p1a: Pecharunt|92/100
|
|-heal|p1a: Pecharunt|98/100|[from] item: Leftovers
|-heal|p2a: #THECODFATHER|65/100|[from] item: Leftovers
|upkeep
|turn|12
|
|t:|1776064450
|move|p1a: Pecharunt|Malignant Chain|p2a: #THECODFATHER
|-damage|p2a: #THECODFATHER|30/100
|-status|p2a: #THECODFATHER|tox
|-start|p2a: #THECODFATHER|confusion|[from] ability: Poison Puppeteer|[of] p1a: Pecharunt
|-activate|p2a: #THECODFATHER|confusion
|move|p2a: #THECODFATHER|Body Press|p1a: Pecharunt
|-immune|p1a: Pecharunt
|
|-heal|p1a: Pecharunt|100/100|[from] item: Leftovers
|-heal|p2a: #THECODFATHER|36/100 tox|[from] item: Leftovers
|-damage|p2a: #THECODFATHER|30/100 tox|[from] psn
|upkeep
|turn|13
|
|t:|1776064464
|move|p1a: Pecharunt|Shadow Ball|p2a: #THECODFATHER
|-damage|p2a: #THECODFATHER|4/100 tox
|-activate|p2a: #THECODFATHER|confusion
|-damage|p2a: #THECODFATHER|0 fnt|[from] confusion
|faint|p2a: #THECODFATHER
|
|upkeep
|
|t:|1776064477
|switch|p2a: Eneru|Raging Bolt|100/100
|-damage|p2a: Eneru|88/100|[from] Stealth Rock
|-enditem|p2a: Eneru|Booster Energy
|-activate|p2a: Eneru|ability: Protosynthesis|[fromitem]
|-start|p2a: Eneru|protosynthesisspa
|turn|14
|
|t:|1776064486
|move|p1a: Pecharunt|Parting Shot|p2a: Eneru
|-unboost|p2a: Eneru|atk|1
|-unboost|p2a: Eneru|spa|1
|
|t:|1776064489
|switch|p1a: Elephant|Great Tusk, tera:Ground|50/100 psn|[from] Parting Shot
|move|p2a: Eneru|Draco Meteor|p1a: Elephant
|-damage|p1a: Elephant|0 fnt
|-unboost|p2a: Eneru|spa|2
|faint|p1a: Elephant
|-end|p1a: Elephant|Protosynthesis|[silent]
|
|upkeep
|
|t:|1776064497
|switch|p1a: Pecharunt|Pecharunt|100/100
|turn|15
|
|t:|1776064502
|move|p2a: Eneru|Thunderclap|p1a: Pecharunt
|-damage|p1a: Pecharunt|79/100
|move|p1a: Pecharunt|Malignant Chain|p2a: Eneru
|-damage|p2a: Eneru|57/100
|-status|p2a: Eneru|tox
|-start|p2a: Eneru|confusion|[from] ability: Poison Puppeteer|[of] p1a: Pecharunt
|
|-heal|p1a: Pecharunt|85/100|[from] item: Leftovers
|-damage|p2a: Eneru|51/100 tox|[from] psn
|upkeep
|turn|16
|
|t:|1776064515
|move|p1a: Pecharunt|Shadow Ball|p2a: Eneru
|-damage|p2a: Eneru|26/100 tox
|-activate|p2a: Eneru|confusion
|move|p2a: Eneru|Draco Meteor|p1a: Pecharunt
|-damage|p1a: Pecharunt|46/100
|-unboost|p2a: Eneru|spa|2
|
|-heal|p1a: Pecharunt|52/100|[from] item: Leftovers
|-damage|p2a: Eneru|14/100 tox|[from] psn
|upkeep
|turn|17
|
|t:|1776064531
|-end|p2a: Eneru|Protosynthesis|[silent]
|switch|p2a: Marco|Fezandipiti, M|34/100
|-damage|p2a: Marco|21/100|[from] Stealth Rock
|move|p1a: Pecharunt|Recover|p1a: Pecharunt
|-heal|p1a: Pecharunt|100/100
|
|-heal|p2a: Marco|27/100|[from] item: Leftovers
|upkeep
|turn|18
|
|t:|1776064551
|switch|p1a: Farigiraf|Farigiraf, F|100/100
|move|p2a: Marco|Heat Wave|p1a: Farigiraf
|-damage|p1a: Farigiraf|77/100
|
|-heal|p2a: Marco|33/100|[from] item: Leftovers
|upkeep
|turn|19
|
|t:|1776064563
|move|p2a: Marco|Sludge Bomb|p1a: Farigiraf
|-damage|p1a: Farigiraf|44/100
|move|p1a: Farigiraf|Hyper Voice|p2a: Marco
|-damage|p2a: Marco|0 fnt
|faint|p2a: Marco
|-enditem|p1a: Farigiraf|Throat Spray
|-boost|p1a: Farigiraf|spa|1|[from] item: Throat Spray
|
|upkeep
|
|t:|1776064572
|switch|p2a: Eneru|Raging Bolt|14/100 tox
|-damage|p2a: Eneru|2/100 tox|[from] Stealth Rock
|turn|20
|
|t:|1776064581
|move|p2a: Eneru|Thunderclap||[still]
|-fail|p2a: Eneru
|move|p1a: Farigiraf|Calm Mind|p1a: Farigiraf
|-boost|p1a: Farigiraf|spa|1
|-boost|p1a: Farigiraf|spd|1
|
|-damage|p2a: Eneru|0 fnt|[from] psn
|faint|p2a: Eneru
|-end|p2a: Eneru|Protosynthesis|[silent]
|upkeep
|
|t:|1776064590
|switch|p2a: Pika|Garganacl, M, shiny|46/100
|-damage|p2a: Pika|33/100|[from] Stealth Rock
|turn|21
|
|t:|1776064600
|move|p1a: Farigiraf|Hyper Voice|p2a: Pika
|-resisted|p2a: Pika
|-damage|p2a: Pika|0 fnt
|faint|p2a: Pika
|
|win|Mi Bombo
|raw|Mi Bombo's rating: 1124 &rarr; <strong>1149</strong><br />(+25 for winning)
|raw|khetsis's rating: 1130 &rarr; <strong>1105</strong><br />(-25 for losing)
|l|☆khetsis
|player|p2|
|l|☆Mi Bombo
|player|p1|
