|html|<div class="broadcast-blue"><strong>[Gen 9] OU is currently suspecting Tera Blast! For information on how to participate check out the <a href="https://www.smogon.com/tools/suspects/view/200">suspect thread</a>.</strong></div>
|j|☆Cuppycakepop
|j|☆Getlonely
|t:|1776161485
|gametype|singles
|player|p1|Cuppycakepop|cynthia-masters4|1104
|player|p2|Getlonely|veteran|1150
|gen|9
|tier|[Gen 9] OU
|rated|
|rule|HP Percentage Mod: HP is shown in percentages
|rule|Endless Battle Clause: Forcing endless battles is banned
|rule|Species Clause: Limit one of each Pokémon
|rule|OHKO Clause: OHKO moves are banned
|rule|Evasion Items Clause: Evasion items are banned
|rule|Evasion Moves Clause: Evasion moves are banned
|rule|Evasion Abilities Clause: Evasion abilities are banned
|rule|Sleep Moves Clause: Sleep-inducing moves are banned
|clearpoke
|poke|p1|Araquanid, M|
|poke|p1|Dragapult, M|
|poke|p1|Great Tusk|
|poke|p1|Mienshao, M|
|poke|p1|Hatterene, F|
|poke|p1|Kingambit, M|
|poke|p2|Dragapult, F|
|poke|p2|Slowking-Galar, F|
|poke|p2|Gliscor, M|
|poke|p2|Garganacl, M|
|poke|p2|Skarmory, M|
|poke|p2|Kingambit, F|
|teampreview
|inactive|Battle timer is ON: inactive players will automatically lose when time's up. (requested by Cuppycakepop)
|
|t:|1776161490
|teamsize|p1|6
|teamsize|p2|6
|start
|switch|p1a: Hatterene|Hatterene, F|100/100
|switch|p2a: Slowking|Slowking-Galar, F|100/100
|turn|1
|
|t:|1776161498
|move|p1a: Hatterene|Calm Mind|p1a: Hatterene
|-boost|p1a: Hatterene|spa|1
|-boost|p1a: Hatterene|spd|1
|move|p2a: Slowking|Sludge Bomb|p1a: Hatterene
|-supereffective|p1a: Hatterene
|-damage|p1a: Hatterene|55/100
|
|-heal|p1a: Hatterene|61/100|[from] item: Leftovers
|upkeep
|turn|2
|
|t:|1776161507
|move|p1a: Hatterene|Psychic|p2a: Slowking
|-damage|p2a: Slowking|53/100
|move|p2a: Slowking|Sludge Bomb|p1a: Hatterene
|-supereffective|p1a: Hatterene
|-damage|p1a: Hatterene|17/100
|
|-heal|p1a: Hatterene|23/100|[from] item: Leftovers
|upkeep
|turn|3
|
|t:|1776161517
|move|p1a: Hatterene|Mystical Fire|p2a: Slowking
|-damage|p2a: Slowking|24/100
|-unboost|p2a: Slowking|spa|1
|move|p2a: Slowking|Sludge Bomb|p1a: Hatterene
|-supereffective|p1a: Hatterene
|-damage|p1a: Hatterene|0 fnt
|faint|p1a: Hatterene
|
|upkeep
|
|t:|1776161524
|switch|p1a: Great Tusk|Great Tusk|100/100
|-enditem|p1a: Great Tusk|Booster Energy
|-activate|p1a: Great Tusk|ability: Protosynthesis|[fromitem]
|-start|p1a: Great Tusk|protosynthesisatk
|turn|4
|
|t:|1776161534
|switch|p2a: Skarmory|Skarmory, M|100/100
|move|p1a: Great Tusk|Rapid Spin|p2a: Skarmory
|-resisted|p2a: Skarmory
|-damage|p2a: Skarmory|92/100
|-boost|p1a: Great Tusk|spe|1
|-damage|p1a: Great Tusk|84/100|[from] item: Rocky Helmet|[of] p2a: Skarmory
|
|upkeep
|turn|5
|
|t:|1776161547
|move|p1a: Great Tusk|Stealth Rock|p2a: Skarmory
|-sidestart|p2: Getlonely|move: Stealth Rock
|move|p2a: Skarmory|Spikes|p1a: Great Tusk
|-sidestart|p1: Cuppycakepop|Spikes
|
|upkeep
|turn|6
|
|t:|1776161553
|switch|p2a: Dragapult|Dragapult, F|100/100
|move|p1a: Great Tusk|Close Combat|p2a: Dragapult
|-immune|p2a: Dragapult
|
|upkeep
|turn|7
|
|t:|1776161560
|move|p1a: Great Tusk|Headlong Rush|p2a: Dragapult
|-damage|p2a: Dragapult|0 fnt
|-unboost|p1a: Great Tusk|def|1
|-unboost|p1a: Great Tusk|spd|1
|faint|p2a: Dragapult
|
|upkeep
|
|t:|1776161568
|switch|p2a: Garganacl|Garganacl, M|100/100
|-damage|p2a: Garganacl|88/100|[from] Stealth Rock
|turn|8
|
|t:|1776161572
|move|p1a: Great Tusk|Headlong Rush|p2a: Garganacl
|-supereffective|p2a: Garganacl
|-damage|p2a: Garganacl|0 fnt
|-unboost|p1a: Great Tusk|def|1
|-unboost|p1a: Great Tusk|spd|1
|faint|p2a: Garganacl
|
|upkeep
|-message|Getlonely forfeited.
|
|win|Cuppycakepop
|raw|Cuppycakepop's rating: 1104 &rarr; <strong>1132</strong><br />(+28 for winning)
|raw|Getlonely's rating: 1150 &rarr; <strong>1122</strong><br />(-28 for losing)
|l|☆Getlonely
|player|p2|
