|html|<div class="broadcast-blue"><strong>[Gen 9] OU is currently suspecting Tera Blast! For information on how to participate check out the <a href="https://www.smogon.com/tools/suspects/view/200">suspect thread</a>.</strong></div>
|j|☆Dripple3000
|j|☆RomN-Tick
|t:|1776311070
|gametype|singles
|player|p1|Dripple3000|ingo|1656
|player|p2|RomN-Tick|ethan|1612
|gen|9
|tier|[Gen 9] OU
|rated|
|rule|HP Percentage Mod: HP is shown in percentages
|rule|Endless Battle Clause: Forcing endless battles is banned
|rule|Species Clause: Limit one of each Pokémon
|rule|OHKO Clause: OHKO moves are banned
|rule|Evasion Items Clause: Evasion items are banned
|rule|Evasion Moves Clause: Evasion moves are banned
|rule|Evasion Abilities Clause: Evasion abilities are banned
|rule|Sleep Moves Clause: Sleep-inducing moves are banned
|clearpoke
|poke|p1|Pelipper, F|
|poke|p1|Barraskewda, M|
|poke|p1|Iron Treads|
|poke|p1|Overqwil, M|
|poke|p1|Raging Bolt|
|poke|p1|Kingambit, M|
|poke|p2|Lokix, M|
|poke|p2|Primarina, F|
|poke|p2|Corviknight, M|
|poke|p2|Slowking-Galar, M|
|poke|p2|Dragapult, F|
|poke|p2|Great Tusk|
|teampreview
|inactive|Battle timer is ON: inactive players will automatically lose when time's up. (requested by Dripple3000)
|inactive|RomN-Tick has 120 seconds left.
|
|t:|1776311103
|teamsize|p1|6
|teamsize|p2|6
|start
|switch|p1a: Nigel|Pelipper, F, shiny|100/100
|switch|p2a: Lokix|Lokix, M|100/100
|-weather|RainDance|[from] ability: Drizzle|[of] p1a: Nigel
|turn|1
|
|t:|1776311125
|move|p2a: Lokix|U-turn|p1a: Nigel
|-resisted|p1a: Nigel
|-damage|p1a: Nigel|63/100
|
|t:|1776311136
|switch|p2a: Primarina|Primarina, F|100/100|[from] U-turn
|move|p1a: Nigel|Hurricane|p2a: Primarina
|-damage|p2a: Primarina|84/100
|
|-weather|RainDance|[upkeep]
|upkeep
|turn|2
|
|t:|1776311144
|switch|p1a: Nelly|Iron Treads|100/100
|-enditem|p1a: Nelly|Booster Energy
|-activate|p1a: Nelly|ability: Quark Drive|[fromitem]
|-start|p1a: Nelly|quarkdrivespe
|move|p2a: Primarina|Flip Turn|p1a: Nelly
|-supereffective|p1a: Nelly
|-damage|p1a: Nelly|61/100
|
|t:|1776311173
|switch|p2a: Great Tusk|Great Tusk|100/100|[from] Flip Turn
|
|-weather|RainDance|[upkeep]
|upkeep
|turn|3
|
|t:|1776311178
|move|p1a: Nelly|Stealth Rock|p2a: Great Tusk
|-sidestart|p2: RomN-Tick|move: Stealth Rock
|move|p2a: Great Tusk|Stealth Rock|p1a: Nelly
|-sidestart|p1: Dripple3000|move: Stealth Rock
|
|-weather|RainDance|[upkeep]
|upkeep
|turn|4
|
|t:|1776311182
|move|p1a: Nelly|Steel Beam|p2a: Great Tusk
|-damage|p2a: Great Tusk|26/100
|-damage|p1a: Nelly|10/100|[from] steelbeam
|move|p2a: Great Tusk|Rapid Spin|p1a: Nelly
|-resisted|p1a: Nelly
|-damage|p1a: Nelly|4/100
|-boost|p2a: Great Tusk|spe|1
|-sideend|p2: RomN-Tick|Stealth Rock|[from] move: Rapid Spin|[of] p2a: Great Tusk
|
|-weather|RainDance|[upkeep]
|-heal|p2a: Great Tusk|33/100|[from] item: Leftovers
|upkeep
|turn|5
|
|t:|1776311190
|-end|p2a: Great Tusk|Protosynthesis|[silent]
|switch|p2a: Corviknight|Corviknight, M|100/100
|-ability|p2a: Corviknight|Pressure
|move|p1a: Nelly|Steel Beam|p2a: Corviknight
|-resisted|p2a: Corviknight
|-damage|p2a: Corviknight|75/100
|-damage|p1a: Nelly|0 fnt|[from] steelbeam
|faint|p1a: Nelly
|-end|p1a: Nelly|Quark Drive|[silent]
|
|-weather|RainDance|[upkeep]
|upkeep
|
|t:|1776311196
|switch|p1a: Little Foot|Raging Bolt|100/100
|-damage|p1a: Little Foot|88/100|[from] Stealth Rock
|-enditem|p1a: Little Foot|Booster Energy
|-activate|p1a: Little Foot|ability: Protosynthesis|[fromitem]
|-start|p1a: Little Foot|protosynthesisspa
|turn|6
|inactive|RomN-Tick has 120 seconds left.
|
|t:|1776311235
|switch|p2a: Slowking|Slowking-Galar, M|100/100
|move|p1a: Little Foot|Weather Ball|p2a: Slowking
|-damage|p2a: Slowking|59/100
|
|-weather|RainDance|[upkeep]
|-heal|p2a: Slowking|65/100|[from] item: Black Sludge
|upkeep
|turn|7
|
|t:|1776311241
|move|p1a: Little Foot|Thunder|p2a: Slowking
|-damage|p2a: Slowking|13/100
|-status|p2a: Slowking|par
|-prepare|p2a: Slowking|Chilly Reception|[premajor]
|move|p2a: Slowking|Chilly Reception|p2a: Slowking
|-weather|Snowscape
|inactive|RomN-Tick has 120 seconds left.
|inactive|RomN-Tick has 90 seconds left.
|
|t:|1776311287
|switch|p2a: Great Tusk|Great Tusk|33/100|[from] Chilly Reception
|
|-weather|Snowscape|[upkeep]
|-heal|p2a: Great Tusk|39/100|[from] item: Leftovers
|upkeep
|turn|8
|
|t:|1776311291
|-terastallize|p1a: Little Foot|Fairy
|move|p2a: Great Tusk|Headlong Rush|p1a: Little Foot
|-damage|p1a: Little Foot|38/100
|-unboost|p2a: Great Tusk|def|1
|-unboost|p2a: Great Tusk|spd|1
|move|p1a: Little Foot|Weather Ball|p2a: Great Tusk
|-supereffective|p2a: Great Tusk
|-damage|p2a: Great Tusk|0 fnt
|faint|p2a: Great Tusk
|-end|p2a: Great Tusk|Protosynthesis|[silent]
|
|-weather|Snowscape|[upkeep]
|upkeep
|
|t:|1776311294
|switch|p2a: Lokix|Lokix, M|100/100
|turn|9
|
|t:|1776311298
|move|p2a: Lokix|First Impression|p1a: Little Foot
|-resisted|p1a: Little Foot
|-damage|p1a: Little Foot|0 fnt
|faint|p1a: Little Foot
|-end|p1a: Little Foot|Protosynthesis|[silent]
|
|-weather|Snowscape|[upkeep]
|upkeep
|
|t:|1776311302
|switch|p1a: Nigel|Pelipper, F, shiny|63/100
|-damage|p1a: Nigel|39/100|[from] Stealth Rock
|-weather|RainDance|[from] ability: Drizzle|[of] p1a: Nigel
|turn|10
|inactive|RomN-Tick has 120 seconds left.
|
|t:|1776311313
|switch|p2a: Slowking|Slowking-Galar, M|46/100 par
|switch|p1a: Nobunaga|Kingambit, M, shiny|100/100
|-damage|p1a: Nobunaga|94/100|[from] Stealth Rock
|-activate|p1a: Nobunaga|ability: Supreme Overlord
|-start|p1a: Nobunaga|fallen2|[silent]
|
|-weather|RainDance|[upkeep]
|-heal|p1a: Nobunaga|100/100|[from] item: Leftovers
|-heal|p2a: Slowking|52/100 par|[from] item: Black Sludge
|upkeep
|turn|11
|
|t:|1776311317
|switch|p2a: Corviknight|Corviknight, M|75/100
|-ability|p2a: Corviknight|Pressure
|move|p1a: Nobunaga|Swords Dance|p1a: Nobunaga
|-boost|p1a: Nobunaga|atk|2
|
|-weather|RainDance|[upkeep]
|upkeep
|turn|12
|
|t:|1776311324
|move|p2a: Corviknight|Body Press|p1a: Nobunaga
|-supereffective|p1a: Nobunaga
|-damage|p1a: Nobunaga|30/100
|move|p1a: Nobunaga|Kowtow Cleave|p2a: Corviknight
|-damage|p2a: Corviknight|8/100
|-damage|p1a: Nobunaga|13/100|[from] item: Rocky Helmet|[of] p2a: Corviknight
|
|-weather|RainDance|[upkeep]
|-heal|p1a: Nobunaga|19/100|[from] item: Leftovers
|upkeep
|turn|13
|
|t:|1776311336
|move|p2a: Corviknight|Roost|p2a: Corviknight
|-heal|p2a: Corviknight|58/100
|-singleturn|p2a: Corviknight|move: Roost
|move|p1a: Nobunaga|Kowtow Cleave|p2a: Corviknight
|-damage|p2a: Corviknight|0 fnt
|-damage|p1a: Nobunaga|3/100|[from] item: Rocky Helmet|[of] p2a: Corviknight
|faint|p2a: Corviknight
|
|-weather|RainDance|[upkeep]
|-heal|p1a: Nobunaga|9/100|[from] item: Leftovers
|upkeep
|
|t:|1776311339
|switch|p2a: Lokix|Lokix, M|100/100
|turn|14
|
|t:|1776311349
|-end|p1a: Nobunaga|fallen2|[silent]
|switch|p1a: Kinta|Overqwil, M|100/100
|-damage|p1a: Kinta|88/100|[from] Stealth Rock
|move|p2a: Lokix|First Impression|p1a: Kinta
|-damage|p1a: Kinta|19/100
|
|-weather|RainDance|[upkeep]
|upkeep
|turn|15
|inactive|RomN-Tick has 120 seconds left.
|inactive|RomN-Tick has 90 seconds left.
|
|t:|1776311420
|switch|p2a: Slowking|Slowking-Galar, M|85/100 par
|move|p1a: Kinta|Gunk Shot|p2a: Slowking
|-resisted|p2a: Slowking
|-damage|p2a: Slowking|46/100 par
|-damage|p1a: Kinta|9/100|[from] item: Life Orb
|
|-weather|RainDance|[upkeep]
|-heal|p2a: Slowking|52/100 par|[from] item: Black Sludge
|upkeep
|turn|16
|
|t:|1776311428
|move|p1a: Kinta|Crunch|p2a: Slowking
|-supereffective|p2a: Slowking
|-damage|p2a: Slowking|0 fnt
|faint|p2a: Slowking
|-damage|p1a: Kinta|0 fnt|[from] item: Life Orb
|faint|p1a: Kinta
|
|-weather|RainDance|[upkeep]
|upkeep
|
|t:|1776311440
|switch|p1a: Nobunaga|Kingambit, M, shiny|9/100
|switch|p2a: Lokix|Lokix, M|100/100
|-damage|p1a: Nobunaga|3/100|[from] Stealth Rock
|-activate|p1a: Nobunaga|ability: Supreme Overlord
|-start|p1a: Nobunaga|fallen3|[silent]
|turn|17
|
|t:|1776311451
|move|p2a: Lokix|U-turn|p1a: Nobunaga
|-damage|p1a: Nobunaga|0 fnt
|faint|p1a: Nobunaga
|-end|p1a: Nobunaga|fallen3|[silent]
|
|t:|1776311455
|switch|p2a: Dragapult|Dragapult, F|100/100|[from] U-turn
|
|-weather|none
|upkeep
|
|t:|1776311457
|switch|p1a: Nigel|Pelipper, F, shiny|39/100
|-damage|p1a: Nigel|14/100|[from] Stealth Rock
|-weather|RainDance|[from] ability: Drizzle|[of] p1a: Nigel
|turn|18
|j| Ctannn
|inactive|RomN-Tick has 90 seconds left.
|
|t:|1776311496
|move|p2a: Dragapult|Hex|p1a: Nigel
|-damage|p1a: Nigel|0 fnt
|faint|p1a: Nigel
|
|-weather|RainDance|[upkeep]
|upkeep
|
|t:|1776311500
|switch|p1a: Ghoti|Barraskewda, M|100/100
|-damage|p1a: Ghoti|88/100|[from] Stealth Rock
|turn|19
|
|t:|1776311504
|move|p1a: Ghoti|Liquidation|p2a: Dragapult
|-resisted|p2a: Dragapult
|-damage|p2a: Dragapult|26/100
|move|p2a: Dragapult|Draco Meteor|p1a: Ghoti|[miss]
|-miss|p2a: Dragapult|p1a: Ghoti
|
|-weather|RainDance|[upkeep]
|upkeep
|turn|20
|
|t:|1776311507
|move|p1a: Ghoti|Liquidation|p2a: Dragapult
|-resisted|p2a: Dragapult
|-damage|p2a: Dragapult|0 fnt
|faint|p2a: Dragapult
|
|-weather|RainDance|[upkeep]
|upkeep
|
|t:|1776311508
|switch|p2a: Lokix|Lokix, M|100/100
|turn|21
|
|t:|1776311510
|-terastallize|p2a: Lokix|Bug
|move|p2a: Lokix|First Impression|p1a: Ghoti
|-damage|p1a: Ghoti|0 fnt
|faint|p1a: Ghoti
|
|win|RomN-Tick
|raw|Dripple3000's rating: 1656 &rarr; <strong>1633</strong><br />(-23 for losing)
|raw|RomN-Tick's rating: 1612 &rarr; <strong>1635</strong><br />(+23 for winning)
|l|☆Dripple3000
|player|p1|
