|html|<div class="broadcast-blue"><strong>[Gen 9] OU is currently suspecting Tera Blast! For information on how to participate check out the <a href="https://www.smogon.com/tools/suspects/view/200">suspect thread</a>.</strong></div>
|j|☆Walton Shawn
|j|☆ilnhae
|t:|1776032163
|gametype|singles
|player|p1|Walton Shawn|pryce|1258
|player|p2|ilnhae|battlegirl-gen4|1271
|gen|9
|tier|[Gen 9] OU
|rated|
|rule|HP Percentage Mod: HP is shown in percentages
|rule|Endless Battle Clause: Forcing endless battles is banned
|rule|Species Clause: Limit one of each Pokémon
|rule|OHKO Clause: OHKO moves are banned
|rule|Evasion Items Clause: Evasion items are banned
|rule|Evasion Moves Clause: Evasion moves are banned
|rule|Evasion Abilities Clause: Evasion abilities are banned
|rule|Sleep Moves Clause: Sleep-inducing moves are banned
|clearpoke
|poke|p1|Kyurem|
|poke|p1|Cinderace, F|
|poke|p1|Tornadus-Therian, M|
|poke|p1|Hatterene, F|
|poke|p1|Great Tusk|
|poke|p1|Kingambit, F|
|poke|p2|Iron Valiant|
|poke|p2|Staraptor, M|
|poke|p2|Great Tusk|
|poke|p2|Glimmora, M|
|poke|p2|Dragapult, F|
|poke|p2|Gholdengo|
|teampreview
|inactive|Battle timer is ON: inactive players will automatically lose when time's up. (requested by Walton Shawn)
|inactive|Walton Shawn has 120 seconds left.
|
|t:|1776032196
|teamsize|p1|6
|teamsize|p2|6
|start
|switch|p1a: Cinderace|Cinderace, F|100/100
|switch|p2a: Like a J|Gholdengo|100/100
|turn|1
|
|t:|1776032202
|switch|p2a: Grimm Aura|Glimmora, M|100/100
|move|p1a: Cinderace|Pyro Ball|p2a: Grimm Aura
|-resisted|p2a: Grimm Aura
|-damage|p2a: Grimm Aura|73/100
|-activate|p2a: Grimm Aura|ability: Toxic Debris
|-sidestart|p1: Walton Shawn|move: Toxic Spikes
|
|upkeep
|turn|2
|
|t:|1776032213
|move|p1a: Cinderace|U-turn|p2a: Grimm Aura
|-start|p1a: Cinderace|typechange|Bug|[from] ability: Libero
|-resisted|p2a: Grimm Aura
|-damage|p2a: Grimm Aura|55/100
|-activate|p2a: Grimm Aura|ability: Toxic Debris
|-sidestart|p1: Walton Shawn|move: Toxic Spikes
|
|t:|1776032216
|switch|p1a: Tornadus|Tornadus-Therian, M|100/100|[from] U-turn
|move|p2a: Grimm Aura|Sludge Wave|p1a: Tornadus
|-damage|p1a: Tornadus|75/100
|
|upkeep
|turn|3
|
|t:|1776032226
|-terastallize|p1a: Tornadus|Poison
|move|p1a: Tornadus|Bleakwind Storm|p2a: Grimm Aura|[miss]
|-miss|p1a: Tornadus|p2a: Grimm Aura
|move|p2a: Grimm Aura|Sludge Wave|p1a: Tornadus
|-resisted|p1a: Tornadus
|-damage|p1a: Tornadus|61/100
|
|upkeep
|turn|4
|
|t:|1776032231
|move|p1a: Tornadus|Bleakwind Storm|p2a: Grimm Aura
|-resisted|p2a: Grimm Aura
|-damage|p2a: Grimm Aura|34/100
|move|p2a: Grimm Aura|Earth Power|p1a: Tornadus
|-supereffective|p1a: Tornadus
|-damage|p1a: Tornadus|28/100
|
|upkeep
|turn|5
|
|t:|1776032236
|move|p1a: Tornadus|U-turn|p2a: Grimm Aura
|-resisted|p2a: Grimm Aura
|-damage|p2a: Grimm Aura|26/100
|
|t:|1776032241
|switch|p1a: Great Tusk|Great Tusk|100/100|[from] U-turn
|-status|p1a: Great Tusk|tox
|move|p2a: Grimm Aura|Earth Power|p1a: Great Tusk
|-damage|p1a: Great Tusk|69/100 tox
|-unboost|p1a: Great Tusk|spd|1
|
|-damage|p1a: Great Tusk|63/100 tox|[from] psn
|upkeep
|turn|6
|
|t:|1776032245
|switch|p2a: PhantoRyu|Dragapult, F|100/100
|move|p1a: Great Tusk|Headlong Rush|p2a: PhantoRyu
|-damage|p2a: PhantoRyu|27/100
|-unboost|p1a: Great Tusk|def|1
|-unboost|p1a: Great Tusk|spd|1
|
|-damage|p1a: Great Tusk|50/100 tox|[from] psn
|upkeep
|turn|7
|
|t:|1776032253
|-end|p1a: Great Tusk|Protosynthesis|[silent]
|switch|p1a: Tornadus|Tornadus-Therian, M, tera:Poison|61/100
|-sideend|p1: Walton Shawn|move: Toxic Spikes|[of] p1a: Tornadus
|move|p2a: PhantoRyu|Shadow Ball|p1a: Tornadus
|-damage|p1a: Tornadus|32/100
|-damage|p2a: PhantoRyu|17/100|[from] item: Life Orb
|
|upkeep
|turn|8
|
|t:|1776032263
|move|p2a: PhantoRyu|Draco Meteor|p1a: Tornadus|[miss]
|-miss|p2a: PhantoRyu|p1a: Tornadus
|move|p1a: Tornadus|Knock Off|p2a: PhantoRyu
|-supereffective|p2a: PhantoRyu
|-damage|p2a: PhantoRyu|0 fnt
|-enditem|p2a: PhantoRyu|Life Orb|[from] move: Knock Off|[of] p1a: Tornadus
|faint|p2a: PhantoRyu
|
|upkeep
|inactive|ilnhae has 120 seconds left.
|
|t:|1776032296
|switch|p2a: The Normal Bird|Staraptor, M, shiny|100/100
|turn|9
|inactive|ilnhae has 120 seconds left.
|
|t:|1776032309
|switch|p1a: Hatterene|Hatterene, F|100/100
|move|p2a: The Normal Bird|Brave Bird|p1a: Hatterene
|-damage|p1a: Hatterene|36/100
|-damage|p2a: The Normal Bird|79/100|[from] Recoil
|
|-heal|p1a: Hatterene|42/100|[from] item: Leftovers
|upkeep
|turn|10
|
|t:|1776032317
|switch|p1a: Kingambit|Kingambit, F|100/100
|move|p2a: The Normal Bird|Brave Bird|p1a: Kingambit
|-resisted|p1a: Kingambit
|-damage|p1a: Kingambit|76/100
|-damage|p2a: The Normal Bird|68/100|[from] Recoil
|
|-heal|p1a: Kingambit|82/100|[from] item: Leftovers
|upkeep
|turn|11
|
|t:|1776032320
|switch|p2a: Mammouth|Great Tusk|100/100
|move|p1a: Kingambit|Swords Dance|p1a: Kingambit
|-boost|p1a: Kingambit|atk|2
|
|-heal|p1a: Kingambit|88/100|[from] item: Leftovers
|upkeep
|turn|12
|
|t:|1776032331
|-end|p1a: Kingambit|fallenundefined|[silent]
|switch|p1a: Great Tusk|Great Tusk|50/100 tox
|move|p2a: Mammouth|Close Combat|p1a: Great Tusk
|-damage|p1a: Great Tusk|9/100 tox
|-unboost|p2a: Mammouth|def|1
|-unboost|p2a: Mammouth|spd|1
|-damage|p2a: Mammouth|84/100|[from] item: Rocky Helmet|[of] p1a: Great Tusk
|
|-damage|p1a: Great Tusk|3/100 tox|[from] psn
|upkeep
|turn|13
|
|t:|1776032341
|-end|p2a: Mammouth|Protosynthesis|[silent]
|switch|p2a: The Normal Bird|Staraptor, M, shiny|68/100
|move|p1a: Great Tusk|Ice Spinner|p2a: The Normal Bird
|-supereffective|p2a: The Normal Bird
|-damage|p2a: The Normal Bird|0 fnt
|faint|p2a: The Normal Bird
|
|-damage|p1a: Great Tusk|0 fnt|[from] psn
|faint|p1a: Great Tusk
|-end|p1a: Great Tusk|Protosynthesis|[silent]
|upkeep
|
|t:|1776032355
|switch|p2a: Mammouth|Great Tusk|84/100
|switch|p1a: Tornadus|Tornadus-Therian, M, tera:Poison|65/100
|turn|14
|
|t:|1776032360
|move|p1a: Tornadus|Bleakwind Storm|p2a: Mammouth|[miss]
|-miss|p1a: Tornadus|p2a: Mammouth
|move|p2a: Mammouth|Headlong Rush|p1a: Tornadus
|-supereffective|p1a: Tornadus
|-damage|p1a: Tornadus|0 fnt
|-unboost|p2a: Mammouth|def|1
|-unboost|p2a: Mammouth|spd|1
|faint|p1a: Tornadus
|
|upkeep
|c|☆Walton Shawn|tough
|
|t:|1776032370
|switch|p1a: Kyurem|Kyurem|100/100
|-ability|p1a: Kyurem|Pressure
|turn|15
|
|t:|1776032379
|-end|p2a: Mammouth|Protosynthesis|[silent]
|switch|p2a: Grimm Aura|Glimmora, M|26/100
|move|p1a: Kyurem|Draco Meteor|p2a: Grimm Aura
|-damage|p2a: Grimm Aura|0 fnt
|-unboost|p1a: Kyurem|spa|2
|faint|p2a: Grimm Aura
|
|upkeep
|
|t:|1776032387
|switch|p2a: Metal Guts|Iron Valiant|100/100
|-enditem|p2a: Metal Guts|Booster Energy
|-activate|p2a: Metal Guts|ability: Quark Drive|[fromitem]
|-start|p2a: Metal Guts|quarkdrivespe
|turn|16
|
|t:|1776032391
|switch|p1a: Hatterene|Hatterene, F|42/100
|move|p2a: Metal Guts|Swords Dance|p2a: Metal Guts
|-boost|p2a: Metal Guts|atk|2
|
|-heal|p1a: Hatterene|48/100|[from] item: Leftovers
|upkeep
|turn|17
|
|t:|1776032394
|-terastallize|p2a: Metal Guts|Fairy
|move|p2a: Metal Guts|Spirit Break|p1a: Hatterene
|-damage|p1a: Hatterene|0 fnt
|faint|p1a: Hatterene
|
|upkeep
|
|t:|1776032398
|switch|p1a: Cinderace|Cinderace, F|100/100
|turn|18
|
|t:|1776032406
|move|p2a: Metal Guts|Close Combat|p1a: Cinderace
|-damage|p1a: Cinderace|0 fnt
|-unboost|p2a: Metal Guts|def|1
|-unboost|p2a: Metal Guts|spd|1
|faint|p1a: Cinderace
|
|upkeep
|c|☆Walton Shawn|yeah that miss cost me the game
|c|☆Walton Shawn|if you aren't able to tell
|
|t:|1776032421
|switch|p1a: Kingambit|Kingambit, F|88/100
|-activate|p1a: Kingambit|ability: Supreme Overlord
|-start|p1a: Kingambit|fallen4|[silent]
|turn|19
|
|t:|1776032423
|move|p1a: Kingambit|Sucker Punch|p2a: Metal Guts
|-resisted|p2a: Metal Guts
|-damage|p2a: Metal Guts|44/100
|move|p2a: Metal Guts|Close Combat|p1a: Kingambit
|-supereffective|p1a: Kingambit
|-damage|p1a: Kingambit|0 fnt
|-unboost|p2a: Metal Guts|def|1
|-unboost|p2a: Metal Guts|spd|1
|faint|p1a: Kingambit
|-end|p1a: Kingambit|fallen4|[silent]
|
|upkeep
|
|t:|1776032425
|switch|p1a: Kyurem|Kyurem|100/100
|-ability|p1a: Kyurem|Pressure
|turn|20
|
|t:|1776032428
|move|p2a: Metal Guts|Spirit Break|p1a: Kyurem
|-supereffective|p1a: Kyurem
|-damage|p1a: Kyurem|0 fnt
|faint|p1a: Kyurem
|
|win|ilnhae
|raw|Walton Shawn's rating: 1258 &rarr; <strong>1234</strong><br />(-24 for losing)
|raw|ilnhae's rating: 1271 &rarr; <strong>1295</strong><br />(+24 for winning)
|l|☆ilnhae
|player|p2|
|c|☆Walton Shawn|i wouldn't expect u to be able to
|l|☆Walton Shawn
|player|p1|
