|html|<div class="broadcast-blue"><strong>[Gen 9] OU is currently suspecting Tera Blast! For information on how to participate check out the <a href="https://www.smogon.com/tools/suspects/view/200">suspect thread</a>.</strong></div>
|j|☆jparmesan
|j|☆thatpronewb
|t:|1776281990
|gametype|singles
|player|p1|jparmesan|acetrainer|1273
|player|p2|thatpronewb|wattson|1228
|gen|9
|tier|[Gen 9] OU
|rated|
|rule|HP Percentage Mod: HP is shown in percentages
|rule|Endless Battle Clause: Forcing endless battles is banned
|rule|Species Clause: Limit one of each Pokémon
|rule|OHKO Clause: OHKO moves are banned
|rule|Evasion Items Clause: Evasion items are banned
|rule|Evasion Moves Clause: Evasion moves are banned
|rule|Evasion Abilities Clause: Evasion abilities are banned
|rule|Sleep Moves Clause: Sleep-inducing moves are banned
|clearpoke
|poke|p1|Torkoal, M|
|poke|p1|Great Tusk|
|poke|p1|Rillaboom, F|
|poke|p1|Walking Wake|
|poke|p1|Ogerpon, F|
|poke|p1|Grimmsnarl, M|
|poke|p2|Glimmora, F|
|poke|p2|Dragonite, F|
|poke|p2|Quaquaval, F|
|poke|p2|Sandy Shocks|
|poke|p2|Iron Treads|
|poke|p2|Iron Moth|
|teampreview
|inactive|Battle timer is ON: inactive players will automatically lose when time's up. (requested by jparmesan)
|
|t:|1776281994
|teamsize|p1|6
|teamsize|p2|6
|start
|switch|p1a: Walking Wake|Walking Wake|100/100
|switch|p2a: Glimmora|Glimmora, F|100/100
|turn|1
|
|t:|1776282004
|move|p1a: Walking Wake|Hydro Steam|p2a: Glimmora
|-supereffective|p2a: Glimmora
|-enditem|p2a: Glimmora|Focus Sash
|-damage|p2a: Glimmora|1/100
|move|p2a: Glimmora|Stealth Rock|p1a: Walking Wake
|-sidestart|p1: jparmesan|move: Stealth Rock
|
|upkeep
|turn|2
|
|t:|1776282013
|move|p1a: Walking Wake|Hydro Steam|p2a: Glimmora
|-supereffective|p2a: Glimmora
|-damage|p2a: Glimmora|0 fnt
|faint|p2a: Glimmora
|
|upkeep
|
|t:|1776282036
|switch|p2a: Sandy Shocks|Sandy Shocks|100/100
|turn|3
|
|t:|1776282043
|-end|p1a: Walking Wake|Protosynthesis|[silent]
|switch|p1a: Grimmsnarl|Grimmsnarl, M|100/100
|-damage|p1a: Grimmsnarl|88/100|[from] Stealth Rock
|move|p2a: Sandy Shocks|Volt Switch|p1a: Grimmsnarl
|-damage|p1a: Grimmsnarl|52/100
|
|t:|1776282057
|-end|p2a: Sandy Shocks|Protosynthesis|[silent]
|switch|p2a: Iron Moth|Iron Moth|100/100|[from] Volt Switch
|-enditem|p2a: Iron Moth|Booster Energy
|-activate|p2a: Iron Moth|ability: Quark Drive|[fromitem]
|-start|p2a: Iron Moth|quarkdrivespe
|
|upkeep
|turn|4
|
|t:|1776282069
|move|p1a: Grimmsnarl|Light Screen|p1a: Grimmsnarl
|-sidestart|p1: jparmesan|move: Light Screen
|move|p2a: Iron Moth|Sludge Wave|p1a: Grimmsnarl
|-supereffective|p1a: Grimmsnarl
|-damage|p1a: Grimmsnarl|0 fnt
|faint|p1a: Grimmsnarl
|
|upkeep
|
|t:|1776282080
|switch|p1a: Torkoal|Torkoal, M|100/100
|-damage|p1a: Torkoal|75/100|[from] Stealth Rock
|-weather|SunnyDay|[from] ability: Drought|[of] p1a: Torkoal
|turn|5
|
|t:|1776282091
|move|p2a: Iron Moth|Sludge Wave|p1a: Torkoal
|-damage|p1a: Torkoal|46/100
|move|p1a: Torkoal|Stealth Rock|p2a: Iron Moth
|-sidestart|p2: thatpronewb|move: Stealth Rock
|
|-weather|SunnyDay|[upkeep]
|upkeep
|turn|6
|
|t:|1776282100
|move|p2a: Iron Moth|Sludge Wave|p1a: Torkoal
|-damage|p1a: Torkoal|12/100
|move|p1a: Torkoal|Rapid Spin|p2a: Iron Moth
|-damage|p2a: Iron Moth|87/100
|-boost|p1a: Torkoal|spe|1
|-sideend|p1: jparmesan|Stealth Rock|[from] move: Rapid Spin|[of] p1a: Torkoal
|
|-weather|SunnyDay|[upkeep]
|upkeep
|turn|7
|
|t:|1776282108
|switch|p1a: Walking Wake|Walking Wake|100/100
|-activate|p1a: Walking Wake|ability: Protosynthesis
|-start|p1a: Walking Wake|protosynthesisspa
|move|p2a: Iron Moth|Sludge Wave|p1a: Walking Wake
|-damage|p1a: Walking Wake|73/100
|
|-weather|SunnyDay|[upkeep]
|upkeep
|turn|8
|
|t:|1776282114
|move|p2a: Iron Moth|Dazzling Gleam|p1a: Walking Wake
|-supereffective|p1a: Walking Wake
|-damage|p1a: Walking Wake|43/100
|move|p1a: Walking Wake|Hydro Steam|p2a: Iron Moth
|-supereffective|p2a: Iron Moth
|-damage|p2a: Iron Moth|0 fnt
|faint|p2a: Iron Moth
|-end|p2a: Iron Moth|Quark Drive|[silent]
|
|-weather|SunnyDay|[upkeep]
|upkeep
|
|t:|1776282123
|switch|p2a: Iron Treads|Iron Treads|100/100
|-damage|p2a: Iron Treads|97/100|[from] Stealth Rock
|-enditem|p2a: Iron Treads|Booster Energy
|-activate|p2a: Iron Treads|ability: Quark Drive|[fromitem]
|-start|p2a: Iron Treads|quarkdriveatk
|turn|9
|
|t:|1776282126
|move|p1a: Walking Wake|Hydro Steam|p2a: Iron Treads
|-supereffective|p2a: Iron Treads
|-damage|p2a: Iron Treads|0 fnt
|faint|p2a: Iron Treads
|-end|p2a: Iron Treads|Quark Drive|[silent]
|
|-weather|SunnyDay|[upkeep]
|upkeep
|
|t:|1776282135
|switch|p2a: Quaquaval|Quaquaval, F|100/100
|turn|10
|
|t:|1776282147
|move|p1a: Walking Wake|Hydro Steam|p2a: Quaquaval
|-resisted|p2a: Quaquaval
|-crit|p2a: Quaquaval
|-damage|p2a: Quaquaval|17/100
|move|p2a: Quaquaval|Aqua Step|p1a: Walking Wake
|-resisted|p1a: Walking Wake
|-damage|p1a: Walking Wake|38/100
|-boost|p2a: Quaquaval|spe|1
|
|-weather|SunnyDay|[upkeep]
|upkeep
|turn|11
|
|t:|1776282157
|move|p1a: Walking Wake|Hydro Steam|p2a: Quaquaval
|-resisted|p2a: Quaquaval
|-damage|p2a: Quaquaval|0 fnt
|faint|p2a: Quaquaval
|
|-weather|SunnyDay|[upkeep]
|-sideend|p1: jparmesan|move: Light Screen
|upkeep
|
|t:|1776282165
|switch|p2a: Sandy Shocks|Sandy Shocks|100/100
|-damage|p2a: Sandy Shocks|94/100|[from] Stealth Rock
|-activate|p2a: Sandy Shocks|ability: Protosynthesis
|-start|p2a: Sandy Shocks|protosynthesisspa
|turn|12
|
|t:|1776282179
|-terastallize|p2a: Sandy Shocks|Electric
|move|p1a: Walking Wake|Hydro Steam|p2a: Sandy Shocks
|-damage|p2a: Sandy Shocks|18/100
|move|p2a: Sandy Shocks|Electroweb|p1a: Walking Wake
|-damage|p1a: Walking Wake|0 fnt
|faint|p1a: Walking Wake
|-end|p1a: Walking Wake|Protosynthesis|[silent]
|
|-weather|none
|-end|p2a: Sandy Shocks|Protosynthesis
|upkeep
|
|t:|1776282190
|switch|p1a: Torkoal|Torkoal, M|12/100
|-weather|SunnyDay|[from] ability: Drought|[of] p1a: Torkoal
|-activate|p2a: Sandy Shocks|ability: Protosynthesis
|-start|p2a: Sandy Shocks|protosynthesisspa
|turn|13
|
|t:|1776282195
|switch|p1a: Great Tusk|Great Tusk|100/100
|-activate|p1a: Great Tusk|ability: Protosynthesis
|-start|p1a: Great Tusk|protosynthesisatk
|move|p2a: Sandy Shocks|Earth Power|p1a: Great Tusk
|-damage|p1a: Great Tusk|14/100
|
|-weather|SunnyDay|[upkeep]
|upkeep
|turn|14
|
|t:|1776282209
|move|p2a: Sandy Shocks|Earth Power|p1a: Great Tusk
|-damage|p1a: Great Tusk|0 fnt
|faint|p1a: Great Tusk
|-end|p1a: Great Tusk|Protosynthesis|[silent]
|
|-weather|SunnyDay|[upkeep]
|upkeep
|
|t:|1776282212
|switch|p1a: Ogerpon|Ogerpon, F|100/100
|turn|15
|
|t:|1776282226
|move|p1a: Ogerpon|Ivy Cudgel|p2a: Sandy Shocks
|-damage|p2a: Sandy Shocks|0 fnt
|faint|p2a: Sandy Shocks
|-end|p2a: Sandy Shocks|Protosynthesis|[silent]
|
|-weather|SunnyDay|[upkeep]
|upkeep
|
|t:|1776282228
|switch|p2a: Dragonite|Dragonite, F|100/100
|-damage|p2a: Dragonite|76/100|[from] Stealth Rock
|turn|16
|
|t:|1776282236
|move|p2a: Dragonite|Fire Punch|p1a: Ogerpon
|-supereffective|p1a: Ogerpon
|-damage|p1a: Ogerpon|0 fnt
|faint|p1a: Ogerpon
|
|-weather|SunnyDay|[upkeep]
|upkeep
|
|t:|1776282242
|switch|p1a: Rillaboom|Rillaboom, F|100/100
|-fieldstart|move: Grassy Terrain|[from] ability: Grassy Surge|[of] p1a: Rillaboom
|turn|17
|
|t:|1776282244
|-terastallize|p1a: Rillaboom|Water
|move|p1a: Rillaboom|Grassy Glide|p2a: Dragonite
|-resisted|p2a: Dragonite
|-damage|p2a: Dragonite|65/100
|move|p2a: Dragonite|Fire Punch|p1a: Rillaboom
|-resisted|p1a: Rillaboom
|-damage|p1a: Rillaboom|77/100
|
|-weather|SunnyDay|[upkeep]
|-heal|p1a: Rillaboom|83/100|[from] Grassy Terrain
|upkeep
|turn|18
|
|t:|1776282250
|move|p2a: Dragonite|Fire Punch|p1a: Rillaboom
|-resisted|p1a: Rillaboom
|-damage|p1a: Rillaboom|60/100
|move|p1a: Rillaboom|Knock Off|p2a: Dragonite
|-damage|p2a: Dragonite|26/100
|-enditem|p2a: Dragonite|Choice Scarf|[from] move: Knock Off|[of] p1a: Rillaboom
|
|-weather|SunnyDay|[upkeep]
|-heal|p1a: Rillaboom|66/100|[from] Grassy Terrain
|upkeep
|turn|19
|
|t:|1776282253
|move|p2a: Dragonite|Fire Punch|p1a: Rillaboom
|-resisted|p1a: Rillaboom
|-damage|p1a: Rillaboom|45/100
|move|p1a: Rillaboom|Swords Dance|p1a: Rillaboom
|-boost|p1a: Rillaboom|atk|2
|
|-weather|SunnyDay|[upkeep]
|-heal|p1a: Rillaboom|51/100|[from] Grassy Terrain
|upkeep
|turn|20
|
|t:|1776282271
|move|p2a: Dragonite|Extreme Speed|p1a: Rillaboom
|-damage|p1a: Rillaboom|20/100
|move|p1a: Rillaboom|Grassy Glide|p2a: Dragonite
|-resisted|p2a: Dragonite
|-damage|p2a: Dragonite|3/100
|
|-weather|none
|-heal|p1a: Rillaboom|26/100|[from] Grassy Terrain
|upkeep
|turn|21
|
|t:|1776282284
|move|p2a: Dragonite|Extreme Speed|p1a: Rillaboom
|-damage|p1a: Rillaboom|0 fnt
|faint|p1a: Rillaboom
|
|-fieldend|move: Grassy Terrain
|upkeep
|
|t:|1776282285
|switch|p1a: Torkoal|Torkoal, M|12/100
|-weather|SunnyDay|[from] ability: Drought|[of] p1a: Torkoal
|turn|22
|
|t:|1776282288
|move|p2a: Dragonite|Extreme Speed|p1a: Torkoal
|-damage|p1a: Torkoal|0 fnt
|faint|p1a: Torkoal
|
|win|thatpronewb
|raw|jparmesan's rating: 1273 &rarr; <strong>1245</strong><br />(-28 for losing)
|raw|thatpronewb's rating: 1228 &rarr; <strong>1256</strong><br />(+28 for winning)
|c|☆jparmesan|well dang
|c|☆jparmesan|gg
