|html|<div class="broadcast-blue"><strong>[Gen 9] OU is currently suspecting Tera Blast! For information on how to participate check out the <a href="https://www.smogon.com/tools/suspects/view/200">suspect thread</a>.</strong></div>
|j|☆TheRegisAreCool
|j|☆Beebo99
|t:|1776048071
|gametype|singles
|player|p1|TheRegisAreCool|fisherman-gen4|1149
|player|p2|Beebo99|265|1161
|gen|9
|tier|[Gen 9] OU
|rated|
|rule|HP Percentage Mod: HP is shown in percentages
|rule|Endless Battle Clause: Forcing endless battles is banned
|rule|Species Clause: Limit one of each Pokémon
|rule|OHKO Clause: OHKO moves are banned
|rule|Evasion Items Clause: Evasion items are banned
|rule|Evasion Moves Clause: Evasion moves are banned
|rule|Evasion Abilities Clause: Evasion abilities are banned
|rule|Sleep Moves Clause: Sleep-inducing moves are banned
|clearpoke
|poke|p1|Iron Moth|
|poke|p1|Donphan, F|
|poke|p1|Ogerpon-Wellspring, F|
|poke|p1|Glimmora, M|
|poke|p1|Dragapult, M|
|poke|p1|Iron Valiant|
|poke|p2|Garganacl, M|
|poke|p2|Darkrai|
|poke|p2|Great Tusk|
|poke|p2|Hatterene, F|
|poke|p2|Tornadus-Therian, M|
|poke|p2|Dragonite, M|
|teampreview
|inactive|Battle timer is ON: inactive players will automatically lose when time's up. (requested by TheRegisAreCool)
|
|t:|1776048085
|teamsize|p1|6
|teamsize|p2|6
|start
|switch|p1a: Glimmora|Glimmora, M|100/100
|switch|p2a: Dragonite|Dragonite, M|100/100
|turn|1
|inactive|TheRegisAreCool has 120 seconds left.
|
|t:|1776048131
|-terastallize|p1a: Glimmora|Rock
|move|p1a: Glimmora|Power Gem|p2a: Dragonite
|-supereffective|p2a: Dragonite
|-damage|p2a: Dragonite|43/100
|move|p2a: Dragonite|Earthquake|p1a: Glimmora
|-supereffective|p1a: Glimmora
|-enditem|p1a: Glimmora|Focus Sash
|-damage|p1a: Glimmora|1/100
|-activate|p1a: Glimmora|ability: Toxic Debris
|-sidestart|p2: Beebo99|move: Toxic Spikes
|
|upkeep
|turn|2
|
|t:|1776048142
|switch|p1a: Dragapult|Dragapult, M, shiny|100/100
|move|p2a: Dragonite|Extreme Speed|p1a: Dragapult
|-immune|p1a: Dragapult
|
|upkeep
|turn|3
|
|t:|1776048150
|move|p1a: Dragapult|Dragon Darts|p2a: Dragonite
|-supereffective|p2a: Dragonite
|-damage|p2a: Dragonite|0 fnt
|faint|p2a: Dragonite
|
|upkeep
|
|t:|1776048155
|switch|p2a: Great Tusk|Great Tusk|100/100
|-status|p2a: Great Tusk|psn
|-enditem|p2a: Great Tusk|Booster Energy
|-activate|p2a: Great Tusk|ability: Protosynthesis|[fromitem]
|-start|p2a: Great Tusk|protosynthesisatk
|turn|4
|
|t:|1776048162
|move|p1a: Dragapult|Dragon Darts|p2a: Great Tusk
|-damage|p2a: Great Tusk|82/100 psn
|-anim|p1a: Dragapult|Dragon Darts|p2a: Great Tusk
|-damage|p2a: Great Tusk|63/100 psn
|move|p2a: Great Tusk|Ice Spinner|p1a: Dragapult
|-supereffective|p1a: Dragapult
|-damage|p1a: Dragapult|9/100
|
|-damage|p2a: Great Tusk|51/100 psn|[from] psn
|upkeep
|turn|5
|
|t:|1776048173
|move|p1a: Dragapult|Phantom Force||[still]
|-prepare|p1a: Dragapult|Phantom Force
|move|p2a: Great Tusk|Ice Spinner|p1a: Dragapult|[miss]
|-miss|p2a: Great Tusk|p1a: Dragapult
|
|-damage|p2a: Great Tusk|38/100 psn|[from] psn
|upkeep
|turn|6
|
|t:|1776048181
|move|p1a: Dragapult|Phantom Force|p2a: Great Tusk|[from] lockedmove
|-damage|p2a: Great Tusk|6/100 psn
|move|p2a: Great Tusk|Rapid Spin|p1a: Dragapult
|-immune|p1a: Dragapult
|
|-damage|p2a: Great Tusk|0 fnt|[from] psn
|faint|p2a: Great Tusk
|-end|p2a: Great Tusk|Protosynthesis|[silent]
|upkeep
|
|t:|1776048192
|switch|p2a: Darkrai|Darkrai|100/100
|-status|p2a: Darkrai|psn
|turn|7
|
|t:|1776048198
|move|p1a: Dragapult|U-turn|p2a: Darkrai
|-supereffective|p2a: Darkrai
|-damage|p2a: Darkrai|44/100 psn
|
|t:|1776048213
|switch|p1a: Ogerpon|Ogerpon-Wellspring, F|100/100|[from] U-turn
|move|p2a: Darkrai|Dark Pulse|p1a: Ogerpon
|-damage|p1a: Ogerpon|24/100
|
|-damage|p2a: Darkrai|31/100 psn|[from] psn
|upkeep
|turn|8
|
|t:|1776048221
|move|p2a: Darkrai|Dark Pulse|p1a: Ogerpon
|-damage|p1a: Ogerpon|0 fnt
|faint|p1a: Ogerpon
|
|-damage|p2a: Darkrai|19/100 psn|[from] psn
|upkeep
|
|t:|1776048232
|switch|p1a: Iron Moth|Iron Moth|100/100
|-enditem|p1a: Iron Moth|Booster Energy
|-activate|p1a: Iron Moth|ability: Quark Drive|[fromitem]
|-start|p1a: Iron Moth|quarkdrivespe
|turn|9
|
|t:|1776048239
|move|p1a: Iron Moth|Fiery Dance|p2a: Darkrai
|-damage|p2a: Darkrai|0 fnt
|-boost|p1a: Iron Moth|spa|1
|faint|p2a: Darkrai
|
|upkeep
|
|t:|1776048245
|switch|p2a: Garganacl|Garganacl, M|100/100
|turn|10
|
|t:|1776048256
|move|p1a: Iron Moth|Energy Ball|p2a: Garganacl
|-supereffective|p2a: Garganacl
|-damage|p2a: Garganacl|34/100
|move|p2a: Garganacl|Salt Cure|p1a: Iron Moth
|-supereffective|p1a: Iron Moth
|-damage|p1a: Iron Moth|64/100
|-start|p1a: Iron Moth|Salt Cure
|
|-heal|p2a: Garganacl|40/100|[from] item: Leftovers
|-damage|p1a: Iron Moth|52/100|[from] Salt Cure
|upkeep
|turn|11
|
|t:|1776048266
|move|p2a: Garganacl|Protect|p2a: Garganacl
|-singleturn|p2a: Garganacl|Protect
|move|p1a: Iron Moth|Energy Ball|p2a: Garganacl
|-activate|p2a: Garganacl|move: Protect
|
|-heal|p2a: Garganacl|47/100|[from] item: Leftovers
|-damage|p1a: Iron Moth|39/100|[from] Salt Cure
|upkeep
|turn|12
|
|t:|1776048281
|move|p2a: Garganacl|Protect||[still]
|-fail|p2a: Garganacl
|move|p1a: Iron Moth|Energy Ball|p2a: Garganacl
|-supereffective|p2a: Garganacl
|-damage|p2a: Garganacl|0 fnt
|faint|p2a: Garganacl
|
|-damage|p1a: Iron Moth|27/100|[from] Salt Cure
|upkeep
|-message|Beebo99 forfeited.
|
|win|TheRegisAreCool
|raw|TheRegisAreCool's rating: 1149 &rarr; <strong>1175</strong><br />(+26 for winning)
|raw|Beebo99's rating: 1161 &rarr; <strong>1135</strong><br />(-26 for losing)
