|html|<div class="broadcast-blue"><strong>[Gen 9] OU is currently suspecting Tera Blast! For information on how to participate check out the <a href="https://www.smogon.com/tools/suspects/view/200">suspect thread</a>.</strong></div>
|j|☆I buy roblox items
|j|☆popswrong4laughing
|t:|1776317709
|gametype|singles
|player|p1|I buy roblox items|gentleman-gen1|1605
|player|p2|popswrong4laughing|galacticgrunt|1584
|gen|9
|tier|[Gen 9] OU
|rated|
|rule|HP Percentage Mod: HP is shown in percentages
|rule|Endless Battle Clause: Forcing endless battles is banned
|rule|Species Clause: Limit one of each Pokémon
|rule|OHKO Clause: OHKO moves are banned
|rule|Evasion Items Clause: Evasion items are banned
|rule|Evasion Moves Clause: Evasion moves are banned
|rule|Evasion Abilities Clause: Evasion abilities are banned
|rule|Sleep Moves Clause: Sleep-inducing moves are banned
|clearpoke
|poke|p1|Entei|
|poke|p1|Kyurem|
|poke|p1|Zamazenta-*|
|poke|p1|Quaquaval, M|
|poke|p1|Toxapex, M|
|poke|p1|Ceruledge, F|
|poke|p2|Clefable, F|
|poke|p2|Dragonite, F|
|poke|p2|Rhydon, F|
|poke|p2|Zapdos|
|poke|p2|Tentacruel, F|
|poke|p2|Moltres|
|teampreview
|inactive|Battle timer is ON: inactive players will automatically lose when time's up. (requested by I buy roblox items)
|
|t:|1776317721
|teamsize|p1|6
|teamsize|p2|6
|start
|switch|p1a: Entei|Entei|100/100
|switch|p2a: Zapdos|Zapdos|100/100
|-ability|p1a: Entei|Pressure
|turn|1
|
|t:|1776317725
|move|p2a: Zapdos|Volt Switch|p1a: Entei
|-damage|p1a: Entei|64/100
|
|t:|1776317729
|switch|p2a: Rhydon|Rhydon, F|100/100|[from] Volt Switch
|move|p1a: Entei|Sacred Fire|p2a: Rhydon
|-resisted|p2a: Rhydon
|-damage|p2a: Rhydon|91/100
|-status|p2a: Rhydon|brn
|
|-heal|p1a: Entei|70/100|[from] item: Leftovers
|-damage|p2a: Rhydon|85/100 brn|[from] brn
|upkeep
|turn|2
|
|t:|1776317736
|move|p1a: Entei|Substitute|p1a: Entei
|-start|p1a: Entei|Substitute
|-damage|p1a: Entei|45/100
|move|p2a: Rhydon|Stealth Rock|p1a: Entei
|-sidestart|p1: I buy roblox items|move: Stealth Rock
|
|-heal|p1a: Entei|52/100|[from] item: Leftovers
|-damage|p2a: Rhydon|79/100 brn|[from] brn
|upkeep
|turn|3
|
|t:|1776317738
|move|p1a: Entei|Protect|p1a: Entei
|-singleturn|p1a: Entei|Protect
|move|p2a: Rhydon|Earthquake|p1a: Entei
|-activate|p1a: Entei|move: Protect
|
|-heal|p1a: Entei|58/100|[from] item: Leftovers
|-damage|p2a: Rhydon|73/100 brn|[from] brn
|upkeep
|turn|4
|
|t:|1776317747
|move|p1a: Entei|Stomping Tantrum|p2a: Rhydon
|-supereffective|p2a: Rhydon
|-damage|p2a: Rhydon|50/100 brn
|move|p2a: Rhydon|Earthquake|p1a: Entei
|-supereffective|p1a: Entei
|-end|p1a: Entei|Substitute
|
|-heal|p1a: Entei|64/100|[from] item: Leftovers
|-damage|p2a: Rhydon|44/100 brn|[from] brn
|upkeep
|turn|5
|
|t:|1776317754
|move|p1a: Entei|Substitute|p1a: Entei
|-start|p1a: Entei|Substitute
|-damage|p1a: Entei|39/100
|move|p2a: Rhydon|Stone Edge|p1a: Entei
|-supereffective|p1a: Entei
|-crit|p1a: Entei
|-end|p1a: Entei|Substitute
|
|-heal|p1a: Entei|45/100|[from] item: Leftovers
|-damage|p2a: Rhydon|38/100 brn|[from] brn
|upkeep
|turn|6
|
|t:|1776317757
|move|p1a: Entei|Protect|p1a: Entei
|-singleturn|p1a: Entei|Protect
|move|p2a: Rhydon|Earthquake|p1a: Entei
|-activate|p1a: Entei|move: Protect
|
|-heal|p1a: Entei|51/100|[from] item: Leftovers
|-damage|p2a: Rhydon|32/100 brn|[from] brn
|upkeep
|turn|7
|
|t:|1776317760
|move|p1a: Entei|Substitute|p1a: Entei
|-start|p1a: Entei|Substitute
|-damage|p1a: Entei|27/100
|move|p2a: Rhydon|Earthquake|p1a: Entei
|-supereffective|p1a: Entei
|-end|p1a: Entei|Substitute
|
|-heal|p1a: Entei|33/100|[from] item: Leftovers
|-damage|p2a: Rhydon|26/100 brn|[from] brn
|upkeep
|turn|8
|
|t:|1776317763
|move|p1a: Entei|Protect|p1a: Entei
|-singleturn|p1a: Entei|Protect
|move|p2a: Rhydon|Earthquake|p1a: Entei
|-activate|p1a: Entei|move: Protect
|
|-heal|p1a: Entei|39/100|[from] item: Leftovers
|-damage|p2a: Rhydon|20/100 brn|[from] brn
|upkeep
|turn|9
|
|t:|1776317766
|move|p1a: Entei|Substitute|p1a: Entei
|-start|p1a: Entei|Substitute
|-damage|p1a: Entei|14/100
|move|p2a: Rhydon|Earthquake|p1a: Entei
|-supereffective|p1a: Entei
|-end|p1a: Entei|Substitute
|
|-heal|p1a: Entei|20/100|[from] item: Leftovers
|-damage|p2a: Rhydon|14/100 brn|[from] brn
|upkeep
|turn|10
|
|t:|1776317770
|move|p1a: Entei|Protect|p1a: Entei
|-singleturn|p1a: Entei|Protect
|move|p2a: Rhydon|Earthquake|p1a: Entei
|-activate|p1a: Entei|move: Protect
|
|-heal|p1a: Entei|26/100|[from] item: Leftovers
|-damage|p2a: Rhydon|8/100 brn|[from] brn
|upkeep
|turn|11
|
|t:|1776317774
|move|p1a: Entei|Stomping Tantrum|p2a: Rhydon
|-supereffective|p2a: Rhydon
|-damage|p2a: Rhydon|0 fnt
|faint|p2a: Rhydon
|
|-heal|p1a: Entei|32/100|[from] item: Leftovers
|upkeep
|
|t:|1776317777
|switch|p2a: Zapdos|Zapdos|100/100
|turn|12
|
|t:|1776317783
|move|p1a: Entei|Protect|p1a: Entei
|-singleturn|p1a: Entei|Protect
|move|p2a: Zapdos|Volt Switch|p1a: Entei
|-activate|p1a: Entei|move: Protect
|
|-heal|p1a: Entei|39/100|[from] item: Leftovers
|upkeep
|turn|13
|
|t:|1776317802
|move|p2a: Zapdos|Hurricane|p1a: Entei
|-damage|p1a: Entei|0 fnt
|faint|p1a: Entei
|
|upkeep
|inactive|I buy roblox items has 120 seconds left.
|
|t:|1776317827
|switch|p1a: 🥢🆙🎣|Kyurem|100/100
|-damage|p1a: 🥢🆙🎣|76/100|[from] Stealth Rock
|-ability|p1a: 🥢🆙🎣|Pressure
|turn|14
|
|t:|1776317830
|move|p2a: Zapdos|Volt Switch|p1a: 🥢🆙🎣
|-resisted|p1a: 🥢🆙🎣
|-damage|p1a: 🥢🆙🎣|62/100
|
|t:|1776317835
|switch|p2a: Clefable|Clefable, F|100/100|[from] Volt Switch
|move|p1a: 🥢🆙🎣|Icicle Spear|p2a: Clefable
|-damage|p2a: Clefable|92/100
|-damage|p2a: Clefable|83/100
|-hitcount|p2a: Clefable|2
|
|-heal|p1a: 🥢🆙🎣|68/100|[from] item: Leftovers
|-heal|p2a: Clefable|89/100|[from] item: Leftovers
|upkeep
|turn|15
|
|t:|1776317839
|switch|p1a: Quaquaval|Quaquaval, M|100/100
|-damage|p1a: Quaquaval|94/100|[from] Stealth Rock
|move|p2a: Clefable|Calm Mind|p2a: Clefable
|-boost|p2a: Clefable|spa|1
|-boost|p2a: Clefable|spd|1
|
|-heal|p2a: Clefable|95/100|[from] item: Leftovers
|upkeep
|turn|16
|
|t:|1776317841
|move|p1a: Quaquaval|Rapid Spin|p2a: Clefable
|-damage|p2a: Clefable|82/100
|-boost|p1a: Quaquaval|spe|1
|-sideend|p1: I buy roblox items|Stealth Rock|[from] move: Rapid Spin|[of] p1a: Quaquaval
|move|p2a: Clefable|Moonblast|p1a: Quaquaval
|-supereffective|p1a: Quaquaval
|-damage|p1a: Quaquaval|15/100
|-unboost|p1a: Quaquaval|spa|1
|
|-heal|p2a: Clefable|88/100|[from] item: Leftovers
|upkeep
|turn|17
|
|t:|1776317846
|move|p1a: Quaquaval|Knock Off|p2a: Clefable
|-resisted|p2a: Clefable
|-damage|p2a: Clefable|76/100
|-enditem|p2a: Clefable|Leftovers|[from] move: Knock Off|[of] p1a: Quaquaval
|move|p2a: Clefable|Shadow Ball|p1a: Quaquaval
|-damage|p1a: Quaquaval|0 fnt
|faint|p1a: Quaquaval
|
|upkeep
|
|t:|1776317850
|switch|p1a: Toxapex|Toxapex, M|100/100
|turn|18
|
|t:|1776317854
|move|p2a: Clefable|Calm Mind|p2a: Clefable
|-boost|p2a: Clefable|spa|1
|-boost|p2a: Clefable|spd|1
|move|p1a: Toxapex|Haze|p1a: Toxapex
|-clearallboost
|
|upkeep
|turn|19
|
|t:|1776317859
|move|p2a: Clefable|Shadow Ball|p1a: Toxapex
|-damage|p1a: Toxapex|88/100
|move|p1a: Toxapex|Sludge Bomb|p2a: Clefable
|-supereffective|p2a: Clefable
|-damage|p2a: Clefable|40/100
|
|upkeep
|turn|20
|
|t:|1776317865
|move|p2a: Clefable|Moonlight|p2a: Clefable
|-heal|p2a: Clefable|90/100
|move|p1a: Toxapex|Sludge Bomb|p2a: Clefable
|-supereffective|p2a: Clefable
|-damage|p2a: Clefable|58/100
|
|upkeep
|turn|21
|
|t:|1776317871
|move|p2a: Clefable|Moonlight|p2a: Clefable
|-heal|p2a: Clefable|100/100
|move|p1a: Toxapex|Sludge Bomb|p2a: Clefable
|-supereffective|p2a: Clefable
|-damage|p2a: Clefable|68/100
|-status|p2a: Clefable|psn
|
|upkeep
|turn|22
|
|t:|1776317877
|switch|p2a: Tentacruel|Tentacruel, F|100/100
|move|p1a: Toxapex|Haze|p1a: Toxapex
|-clearallboost
|
|upkeep
|turn|23
|
|t:|1776317881
|switch|p1a: 🥢🆙🎣|Kyurem|68/100
|-ability|p1a: 🥢🆙🎣|Pressure
|move|p2a: Tentacruel|Flip Turn|p1a: 🥢🆙🎣
|-resisted|p1a: 🥢🆙🎣
|-crit|p1a: 🥢🆙🎣
|-damage|p1a: 🥢🆙🎣|61/100
|
|t:|1776317891
|switch|p2a: Clefable|Clefable, F|68/100 psn|[from] Flip Turn
|
|-heal|p1a: 🥢🆙🎣|67/100|[from] item: Leftovers
|upkeep
|turn|24
|
|t:|1776317898
|move|p1a: 🥢🆙🎣|Protect|p1a: 🥢🆙🎣
|-singleturn|p1a: 🥢🆙🎣|Protect
|move|p2a: Clefable|Moonlight|p2a: Clefable
|-heal|p2a: Clefable|100/100 psn
|
|-heal|p1a: 🥢🆙🎣|73/100|[from] item: Leftovers
|upkeep
|turn|25
|
|t:|1776317902
|switch|p1a: Toxapex|Toxapex, M|100/100
|move|p2a: Clefable|Moonblast|p1a: Toxapex
|-resisted|p1a: Toxapex
|-damage|p1a: Toxapex|90/100
|-unboost|p1a: Toxapex|spa|1
|
|upkeep
|turn|26
|
|t:|1776317907
|switch|p2a: Tentacruel|Tentacruel, F|100/100
|move|p1a: Toxapex|Haze|p1a: Toxapex
|-clearallboost
|
|upkeep
|turn|27
|
|t:|1776317913
|switch|p1a: 🥢🆙🎣|Kyurem|73/100
|-ability|p1a: 🥢🆙🎣|Pressure
|move|p2a: Tentacruel|Flip Turn|p1a: 🥢🆙🎣
|-resisted|p1a: 🥢🆙🎣
|-damage|p1a: 🥢🆙🎣|69/100
|
|t:|1776317920
|switch|p2a: Dragonite|Dragonite, F|100/100|[from] Flip Turn
|
|-heal|p1a: 🥢🆙🎣|75/100|[from] item: Leftovers
|upkeep
|turn|28
|
|t:|1776317924
|move|p2a: Dragonite|Extreme Speed|p1a: 🥢🆙🎣
|-damage|p1a: 🥢🆙🎣|44/100
|move|p1a: 🥢🆙🎣|Icicle Spear|p2a: Dragonite
|-supereffective|p2a: Dragonite
|-damage|p2a: Dragonite|74/100
|-supereffective|p2a: Dragonite
|-damage|p2a: Dragonite|29/100
|-supereffective|p2a: Dragonite
|-damage|p2a: Dragonite|0 fnt
|faint|p2a: Dragonite
|-hitcount|p2: Dragonite|3
|
|-heal|p1a: 🥢🆙🎣|50/100|[from] item: Leftovers
|upkeep
|
|t:|1776317936
|switch|p2a: Zapdos|Zapdos|100/100
|turn|29
|
|t:|1776317939
|move|p1a: 🥢🆙🎣|Protect|p1a: 🥢🆙🎣
|-singleturn|p1a: 🥢🆙🎣|Protect
|move|p2a: Zapdos|Volt Switch|p1a: 🥢🆙🎣
|-activate|p1a: 🥢🆙🎣|move: Protect
|
|-heal|p1a: 🥢🆙🎣|56/100|[from] item: Leftovers
|upkeep
|turn|30
|
|t:|1776317946
|-terastallize|p2a: Zapdos|Electric
|move|p2a: Zapdos|Hurricane|p1a: 🥢🆙🎣
|-damage|p1a: 🥢🆙🎣|9/100
|move|p1a: 🥢🆙🎣|Icicle Spear|p2a: Zapdos
|-damage|p2a: Zapdos|88/100
|-damage|p2a: Zapdos|76/100
|-damage|p2a: Zapdos|63/100
|-hitcount|p2a: Zapdos|3
|
|-heal|p1a: 🥢🆙🎣|15/100|[from] item: Leftovers
|upkeep
|turn|31
|
|t:|1776317953
|move|p1a: 🥢🆙🎣|Protect|p1a: 🥢🆙🎣
|-singleturn|p1a: 🥢🆙🎣|Protect
|move|p2a: Zapdos|Roost|p2a: Zapdos
|-heal|p2a: Zapdos|100/100
|
|-heal|p1a: 🥢🆙🎣|21/100|[from] item: Leftovers
|upkeep
|turn|32
|
|t:|1776317962
|move|p2a: Zapdos|Volt Switch|p1a: 🥢🆙🎣
|-resisted|p1a: 🥢🆙🎣
|-damage|p1a: 🥢🆙🎣|0 fnt
|faint|p1a: 🥢🆙🎣
|
|t:|1776317971
|switch|p2a: Tentacruel|Tentacruel, F|100/100|[from] Volt Switch
|
|upkeep
|
|t:|1776317997
|switch|p1a: Zamazenta|Zamazenta|100/100
|-ability|p1a: Zamazenta|Dauntless Shield|boost
|-boost|p1a: Zamazenta|def|1
|turn|33
|
|t:|1776318005
|switch|p2a: Moltres|Moltres|100/100
|move|p1a: Zamazenta|Substitute|p1a: Zamazenta
|-start|p1a: Zamazenta|Substitute
|-damage|p1a: Zamazenta|76/100
|
|-heal|p1a: Zamazenta|82/100|[from] item: Leftovers
|upkeep
|turn|34
|
|t:|1776318008
|move|p1a: Zamazenta|Snarl|p2a: Moltres
|-damage|p2a: Moltres|90/100
|-unboost|p2a: Moltres|spa|1
|move|p2a: Moltres|Flamethrower|p1a: Zamazenta
|-activate|p1a: Zamazenta|move: Substitute|[damage]
|
|-heal|p1a: Zamazenta|88/100|[from] item: Leftovers
|upkeep
|turn|35
|
|t:|1776318012
|move|p1a: Zamazenta|Iron Defense|p1a: Zamazenta
|-boost|p1a: Zamazenta|def|2
|move|p2a: Moltres|Roar|p1a: Zamazenta
|drag|p1a: Ceruledge|Ceruledge, F|100/100
|
|upkeep
|turn|36
|
|t:|1776318022
|switch|p2a: Tentacruel|Tentacruel, F|100/100
|move|p1a: Ceruledge|Bulk Up|p1a: Ceruledge
|-boost|p1a: Ceruledge|atk|1
|-boost|p1a: Ceruledge|def|1
|
|upkeep
|turn|37
|
|t:|1776318027
|switch|p1a: Toxapex|Toxapex, M|100/100
|move|p2a: Tentacruel|Hydro Pump|p1a: Toxapex
|-resisted|p1a: Toxapex
|-damage|p1a: Toxapex|88/100
|
|upkeep
|turn|38
|
|t:|1776318033
|switch|p2a: Zapdos|Zapdos, tera:Electric|100/100
|move|p1a: Toxapex|Toxic|p2a: Zapdos
|-status|p2a: Zapdos|tox
|
|-damage|p2a: Zapdos|94/100 tox|[from] psn
|upkeep
|turn|39
|
|t:|1776318037
|move|p2a: Zapdos|Volt Switch|p1a: Toxapex
|-supereffective|p1a: Toxapex
|-damage|p1a: Toxapex|24/100
|
|t:|1776318041
|switch|p2a: Tentacruel|Tentacruel, F|100/100|[from] Volt Switch
|move|p1a: Toxapex|Recover|p1a: Toxapex
|-heal|p1a: Toxapex|74/100
|
|upkeep
|turn|40
|
|t:|1776318045
|move|p2a: Tentacruel|Flip Turn|p1a: Toxapex
|-resisted|p1a: Toxapex
|-damage|p1a: Toxapex|68/100
|
|t:|1776318046
|switch|p2a: Zapdos|Zapdos, tera:Electric|94/100 tox|[from] Flip Turn
|move|p1a: Toxapex|Sludge Bomb|p2a: Zapdos
|-damage|p2a: Zapdos|74/100 tox
|
|-damage|p2a: Zapdos|68/100 tox|[from] psn
|upkeep
|turn|41
|
|t:|1776318050
|move|p2a: Zapdos|Volt Switch|p1a: Toxapex
|-supereffective|p1a: Toxapex
|-damage|p1a: Toxapex|2/100
|
|t:|1776318057
|switch|p2a: Clefable|Clefable, F|100/100 psn|[from] Volt Switch
|move|p1a: Toxapex|Recover|p1a: Toxapex
|-heal|p1a: Toxapex|53/100
|
|upkeep
|turn|42
|
|t:|1776318062
|switch|p2a: Zapdos|Zapdos, tera:Electric|68/100 tox
|switch|p1a: Ceruledge|Ceruledge, F|100/100
|
|-damage|p2a: Zapdos|62/100 tox|[from] psn
|upkeep
|turn|43
|
|t:|1776318066
|move|p2a: Zapdos|Volt Switch|p1a: Ceruledge
|-crit|p1a: Ceruledge
|-damage|p1a: Ceruledge|49/100
|
|t:|1776318071
|switch|p2a: Clefable|Clefable, F|100/100 psn|[from] Volt Switch
|move|p1a: Ceruledge|Bulk Up|p1a: Ceruledge
|-boost|p1a: Ceruledge|atk|1
|-boost|p1a: Ceruledge|def|1
|
|upkeep
|turn|44
|
|t:|1776318088
|switch|p2a: Tentacruel|Tentacruel, F|100/100
|move|p1a: Ceruledge|Bitter Blade|p2a: Tentacruel
|-resisted|p2a: Tentacruel
|-damage|p2a: Tentacruel|53/100
|-damage|p1a: Ceruledge|28/100|[from] ability: Liquid Ooze|[of] p2a: Tentacruel
|
|upkeep
|turn|45
|
|t:|1776318095
|switch|p1a: Toxapex|Toxapex, M|86/100
|move|p2a: Tentacruel|Flip Turn|p1a: Toxapex
|-resisted|p1a: Toxapex
|-damage|p1a: Toxapex|81/100
|
|t:|1776318097
|switch|p2a: Zapdos|Zapdos, tera:Electric|62/100 tox|[from] Flip Turn
|
|-damage|p2a: Zapdos|56/100 tox|[from] psn
|upkeep
|turn|46
|
|t:|1776318104
|move|p2a: Zapdos|Roost|p2a: Zapdos
|-heal|p2a: Zapdos|100/100 tox
|move|p1a: Toxapex|Sludge Bomb|p2a: Zapdos
|-damage|p2a: Zapdos|78/100 tox
|
|-damage|p2a: Zapdos|66/100 tox|[from] psn
|upkeep
|turn|47
|
|t:|1776318108
|move|p2a: Zapdos|Thunder Wave|p1a: Toxapex
|-status|p1a: Toxapex|par
|move|p1a: Toxapex|Recover|p1a: Toxapex
|-heal|p1a: Toxapex|100/100 par
|
|-damage|p2a: Zapdos|47/100 tox|[from] psn
|upkeep
|turn|48
|
|t:|1776318112
|move|p2a: Zapdos|Roost|p2a: Zapdos
|-heal|p2a: Zapdos|97/100 tox
|move|p1a: Toxapex|Sludge Bomb|p2a: Zapdos
|-damage|p2a: Zapdos|76/100 tox
|
|-damage|p2a: Zapdos|51/100 tox|[from] psn
|upkeep
|turn|49
|
|t:|1776318117
|move|p2a: Zapdos|Volt Switch|p1a: Toxapex
|-supereffective|p1a: Toxapex
|-damage|p1a: Toxapex|40/100 par
|
|t:|1776318120
|switch|p2a: Clefable|Clefable, F|100/100 psn|[from] Volt Switch
|move|p1a: Toxapex|Sludge Bomb|p2a: Clefable
|-supereffective|p2a: Clefable
|-damage|p2a: Clefable|65/100 psn
|
|upkeep
|turn|50
|inactive|I buy roblox items has 120 seconds left.
|
|t:|1776318161
|move|p2a: Clefable|Moonblast|p1a: Toxapex
|-resisted|p1a: Toxapex
|-damage|p1a: Toxapex|30/100 par
|move|p1a: Toxapex|Recover|p1a: Toxapex
|-heal|p1a: Toxapex|80/100 par
|
|upkeep
|turn|51
|
|t:|1776318166
|move|p2a: Clefable|Calm Mind|p2a: Clefable
|-boost|p2a: Clefable|spa|1
|-boost|p2a: Clefable|spd|1
|move|p1a: Toxapex|Sludge Bomb|p2a: Clefable
|-supereffective|p2a: Clefable
|-damage|p2a: Clefable|41/100 psn
|
|upkeep
|turn|52
|
|t:|1776318169
|move|p2a: Clefable|Shadow Ball|p1a: Toxapex
|-damage|p1a: Toxapex|64/100 par
|cant|p1a: Toxapex|par
|
|upkeep
|turn|53
|
|t:|1776318173
|move|p2a: Clefable|Shadow Ball|p1a: Toxapex
|-damage|p1a: Toxapex|46/100 par
|cant|p1a: Toxapex|par
|
|upkeep
|turn|54
|
|t:|1776318177
|switch|p2a: Zapdos|Zapdos, tera:Electric|51/100 tox
|move|p1a: Toxapex|Recover|p1a: Toxapex
|-heal|p1a: Toxapex|96/100 par
|
|-damage|p2a: Zapdos|45/100 tox|[from] psn
|upkeep
|turn|55
|
|t:|1776318180
|move|p2a: Zapdos|Volt Switch|p1a: Toxapex
|-supereffective|p1a: Toxapex
|-damage|p1a: Toxapex|34/100 par
|
|t:|1776318185
|switch|p2a: Tentacruel|Tentacruel, F|53/100|[from] Volt Switch
|cant|p1a: Toxapex|par
|
|upkeep
|turn|56
|
|t:|1776318189
|switch|p2a: Clefable|Clefable, F|41/100 psn
|switch|p1a: Zamazenta|Zamazenta|88/100
|
|-heal|p1a: Zamazenta|94/100|[from] item: Leftovers
|upkeep
|turn|57
|
|t:|1776318192
|move|p1a: Zamazenta|Substitute|p1a: Zamazenta
|-start|p1a: Zamazenta|Substitute
|-damage|p1a: Zamazenta|69/100
|move|p2a: Clefable|Moonlight|p2a: Clefable
|-heal|p2a: Clefable|91/100 psn
|
|-heal|p1a: Zamazenta|75/100|[from] item: Leftovers
|upkeep
|turn|58
|
|t:|1776318194
|switch|p2a: Moltres|Moltres|90/100
|move|p1a: Zamazenta|Snarl|p2a: Moltres
|-damage|p2a: Moltres|80/100
|-unboost|p2a: Moltres|spa|1
|
|-heal|p1a: Zamazenta|81/100|[from] item: Leftovers
|upkeep
|turn|59
|
|t:|1776318197
|move|p1a: Zamazenta|Snarl|p2a: Moltres
|-damage|p2a: Moltres|70/100
|-unboost|p2a: Moltres|spa|1
|move|p2a: Moltres|Roar|p1a: Zamazenta
|drag|p1a: Toxapex|Toxapex, M|67/100 par
|
|upkeep
|turn|60
|
|t:|1776318209
|switch|p2a: Clefable|Clefable, F|91/100 psn
|switch|p1a: Zamazenta|Zamazenta|81/100
|
|-heal|p1a: Zamazenta|87/100|[from] item: Leftovers
|upkeep
|turn|61
|
|t:|1776318211
|move|p1a: Zamazenta|Substitute|p1a: Zamazenta
|-start|p1a: Zamazenta|Substitute
|-damage|p1a: Zamazenta|62/100
|move|p2a: Clefable|Moonblast|p1a: Zamazenta
|-supereffective|p1a: Zamazenta
|-end|p1a: Zamazenta|Substitute
|
|-heal|p1a: Zamazenta|68/100|[from] item: Leftovers
|upkeep
|turn|62
|
|t:|1776318215
|switch|p1a: Ceruledge|Ceruledge, F|28/100
|move|p2a: Clefable|Moonblast|p1a: Ceruledge
|-resisted|p1a: Ceruledge
|-damage|p1a: Ceruledge|16/100
|
|upkeep
|turn|63
|
|t:|1776318221
|switch|p2a: Tentacruel|Tentacruel, F|53/100
|move|p1a: Ceruledge|Bitter Blade|p2a: Tentacruel
|-resisted|p2a: Tentacruel
|-damage|p2a: Tentacruel|22/100
|-damage|p1a: Ceruledge|3/100|[from] ability: Liquid Ooze|[of] p2a: Tentacruel
|
|upkeep
|turn|64
|
|t:|1776318224
|move|p1a: Ceruledge|Shadow Sneak|p2a: Tentacruel
|-damage|p2a: Tentacruel|0 fnt
|faint|p2a: Tentacruel
|
|upkeep
|
|t:|1776318230
|switch|p2a: Moltres|Moltres|70/100
|turn|65
|
|t:|1776318235
|switch|p1a: Zamazenta|Zamazenta|68/100
|move|p2a: Moltres|U-turn|p1a: Zamazenta
|-resisted|p1a: Zamazenta
|-damage|p1a: Zamazenta|63/100
|
|t:|1776318237
|switch|p2a: Clefable|Clefable, F|91/100 psn|[from] U-turn
|
|-heal|p1a: Zamazenta|69/100|[from] item: Leftovers
|upkeep
|turn|66
|
|t:|1776318257
|switch|p1a: Toxapex|Toxapex, M|100/100 par
|switch|p2a: Zapdos|Zapdos, tera:Electric|45/100 tox
|
|-damage|p2a: Zapdos|39/100 tox|[from] psn
|upkeep
|turn|67
|
|t:|1776318260
|move|p2a: Zapdos|Roost|p2a: Zapdos
|-heal|p2a: Zapdos|89/100 tox
|cant|p1a: Toxapex|par
|
|-damage|p2a: Zapdos|77/100 tox|[from] psn
|upkeep
|turn|68
|
|t:|1776318264
|move|p2a: Zapdos|Volt Switch|p1a: Toxapex
|-supereffective|p1a: Toxapex
|-damage|p1a: Toxapex|34/100 par
|
|t:|1776318268
|switch|p2a: Clefable|Clefable, F|91/100 psn|[from] Volt Switch
|move|p1a: Toxapex|Sludge Bomb|p2a: Clefable
|-supereffective|p2a: Clefable
|-damage|p2a: Clefable|55/100 psn
|
|upkeep
|turn|69
|
|t:|1776318272
|switch|p2a: Zapdos|Zapdos, tera:Electric|77/100 tox
|switch|p1a: Zamazenta|Zamazenta|69/100
|
|-heal|p1a: Zamazenta|75/100|[from] item: Leftovers
|-damage|p2a: Zapdos|70/100 tox|[from] psn
|upkeep
|turn|70
|
|t:|1776318277
|move|p1a: Zamazenta|Body Press|p2a: Zapdos
|-damage|p2a: Zapdos|26/100 tox
|-status|p1a: Zamazenta|par|[from] ability: Static|[of] p2a: Zapdos
|move|p2a: Zapdos|Volt Switch|p1a: Zamazenta
|-damage|p1a: Zamazenta|35/100 par
|
|t:|1776318284
|switch|p2a: Moltres|Moltres|70/100|[from] Volt Switch
|
|-heal|p1a: Zamazenta|41/100 par|[from] item: Leftovers
|upkeep
|turn|71
|
|t:|1776318287
|move|p2a: Moltres|U-turn|p1a: Zamazenta
|-resisted|p1a: Zamazenta
|-damage|p1a: Zamazenta|36/100 par
|
|t:|1776318289
|switch|p2a: Clefable|Clefable, F|55/100 psn|[from] U-turn
|move|p1a: Zamazenta|Snarl|p2a: Clefable
|-resisted|p2a: Clefable
|-damage|p2a: Clefable|50/100 psn
|-unboost|p2a: Clefable|spa|1
|
|-heal|p1a: Zamazenta|42/100 par|[from] item: Leftovers
|upkeep
|turn|72
|
|t:|1776318292
|move|p1a: Zamazenta|Body Press|p2a: Clefable
|-resisted|p2a: Clefable
|-damage|p2a: Clefable|38/100 psn
|move|p2a: Clefable|Moonblast|p1a: Zamazenta
|-supereffective|p1a: Zamazenta
|-damage|p1a: Zamazenta|11/100 par
|
|-heal|p1a: Zamazenta|18/100 par|[from] item: Leftovers
|upkeep
|turn|73
|
|t:|1776318296
|move|p1a: Zamazenta|Body Press|p2a: Clefable
|-resisted|p2a: Clefable
|-damage|p2a: Clefable|25/100 psn
|move|p2a: Clefable|Moonlight|p2a: Clefable
|-heal|p2a: Clefable|75/100 psn
|
|-heal|p1a: Zamazenta|24/100 par|[from] item: Leftovers
|upkeep
|turn|74
|
|t:|1776318299
|move|p1a: Zamazenta|Body Press|p2a: Clefable
|-resisted|p2a: Clefable
|-damage|p2a: Clefable|62/100 psn
|move|p2a: Clefable|Moonblast|p1a: Zamazenta
|-supereffective|p1a: Zamazenta
|-damage|p1a: Zamazenta|0 fnt
|faint|p1a: Zamazenta
|
|upkeep
|
|t:|1776318302
|switch|p1a: Ceruledge|Ceruledge, F|3/100
|turn|75
|
|t:|1776318319
|-terastallize|p1a: Ceruledge|Bug
|move|p1a: Ceruledge|Bitter Blade|p2a: Clefable
|-damage|p2a: Clefable|32/100 psn
|-heal|p1a: Ceruledge|20/100|[from] drain|[of] p2a: Clefable
|move|p2a: Clefable|Shadow Ball|p1a: Ceruledge
|-damage|p1a: Ceruledge|10/100
|
|upkeep
|turn|76
|
|t:|1776318328
|move|p1a: Ceruledge|Bitter Blade|p2a: Clefable
|-damage|p2a: Clefable|4/100 psn
|-heal|p1a: Ceruledge|26/100|[from] drain|[of] p2a: Clefable
|move|p2a: Clefable|Moonblast|p1a: Ceruledge
|-damage|p1a: Ceruledge|11/100
|
|upkeep
|turn|77
|
|t:|1776318341
|switch|p1a: Toxapex|Toxapex, M|68/100 par
|switch|p2a: Moltres|Moltres|70/100
|
|upkeep
|turn|78
|j| electronno
|
|t:|1776318348
|move|p2a: Moltres|Flamethrower|p1a: Toxapex
|-resisted|p1a: Toxapex
|-damage|p1a: Toxapex|56/100 par
|move|p1a: Toxapex|Recover|p1a: Toxapex
|-heal|p1a: Toxapex|100/100 par
|
|upkeep
|turn|79
|
|t:|1776318353
|switch|p1a: Ceruledge|Ceruledge, F, tera:Bug|11/100
|move|p2a: Moltres|Flamethrower|p1a: Ceruledge
|-start|p1a: Ceruledge|ability: Flash Fire
|
|upkeep
|turn|80
|
|t:|1776318360
|-end|p1a: Ceruledge|ability: Flash Fire|[silent]
|switch|p1a: Toxapex|Toxapex, M|100/100 par
|move|p2a: Moltres|Roar|p1a: Toxapex
|drag|p1a: Ceruledge|Ceruledge, F, tera:Bug|11/100
|
|upkeep
|turn|81
|
|t:|1776318363
|switch|p1a: Toxapex|Toxapex, M|100/100 par
|move|p2a: Moltres|Roar|p1a: Toxapex
|drag|p1a: Ceruledge|Ceruledge, F, tera:Bug|11/100
|
|upkeep
|turn|82
|
|t:|1776318365
|switch|p1a: Toxapex|Toxapex, M|100/100 par
|move|p2a: Moltres|U-turn|p1a: Toxapex
|-resisted|p1a: Toxapex
|-damage|p1a: Toxapex|95/100 par
|
|t:|1776318366
|switch|p2a: Clefable|Clefable, F|4/100 psn|[from] U-turn
|
|upkeep
|turn|83
|
|t:|1776318370
|move|p2a: Clefable|Moonlight|p2a: Clefable
|-heal|p2a: Clefable|54/100 psn
|cant|p1a: Toxapex|par
|
|upkeep
|turn|84
|
|t:|1776318374
|move|p2a: Clefable|Calm Mind|p2a: Clefable
|-boost|p2a: Clefable|spa|1
|-boost|p2a: Clefable|spd|1
|move|p1a: Toxapex|Toxic||[still]
|-fail|p1a: Toxapex
|
|upkeep
|turn|85
|
|t:|1776318381
|move|p2a: Clefable|Shadow Ball|p1a: Toxapex
|-damage|p1a: Toxapex|79/100 par
|-unboost|p1a: Toxapex|spd|1
|move|p1a: Toxapex|Sludge Bomb|p2a: Clefable
|-supereffective|p2a: Clefable
|-damage|p2a: Clefable|28/100 psn
|
|upkeep
|turn|86
|
|t:|1776318390
|move|p2a: Clefable|Shadow Ball|p1a: Toxapex
|-damage|p1a: Toxapex|54/100 par
|move|p1a: Toxapex|Haze|p1a: Toxapex
|-clearallboost
|
|upkeep
|turn|87
|
|t:|1776318400
|move|p2a: Clefable|Moonlight|p2a: Clefable
|-heal|p2a: Clefable|78/100 psn
|move|p1a: Toxapex|Recover|p1a: Toxapex
|-heal|p1a: Toxapex|100/100 par
|
|upkeep
|turn|88
|
|t:|1776318402
|move|p2a: Clefable|Calm Mind|p2a: Clefable
|-boost|p2a: Clefable|spa|1
|-boost|p2a: Clefable|spd|1
|move|p1a: Toxapex|Haze|p1a: Toxapex
|-clearallboost
|
|upkeep
|turn|89
|
|t:|1776318406
|switch|p2a: Zapdos|Zapdos, tera:Electric|26/100 tox
|cant|p1a: Toxapex|par
|
|-damage|p2a: Zapdos|20/100 tox|[from] psn
|upkeep
|turn|90
|
|t:|1776318410
|move|p2a: Zapdos|Volt Switch|p1a: Toxapex
|-supereffective|p1a: Toxapex
|-damage|p1a: Toxapex|38/100 par
|
|t:|1776318416
|switch|p2a: Clefable|Clefable, F|78/100 psn|[from] Volt Switch
|cant|p1a: Toxapex|par
|
|upkeep
|turn|91
|
|t:|1776318420
|switch|p2a: Zapdos|Zapdos, tera:Electric|20/100 tox
|move|p1a: Toxapex|Recover|p1a: Toxapex
|-heal|p1a: Toxapex|89/100 par
|
|-damage|p2a: Zapdos|14/100 tox|[from] psn
|upkeep
|turn|92
|
|t:|1776318424
|move|p2a: Zapdos|Volt Switch|p1a: Toxapex
|-supereffective|p1a: Toxapex
|-damage|p1a: Toxapex|29/100 par
|
|t:|1776318428
|switch|p2a: Clefable|Clefable, F|78/100 psn|[from] Volt Switch
|move|p1a: Toxapex|Sludge Bomb|p2a: Clefable
|-supereffective|p2a: Clefable
|-damage|p2a: Clefable|41/100 psn
|
|upkeep
|turn|93
|
|t:|1776318436
|switch|p1a: Ceruledge|Ceruledge, F, tera:Bug|11/100
|move|p2a: Clefable|Calm Mind|p2a: Clefable
|-boost|p2a: Clefable|spa|1
|-boost|p2a: Clefable|spd|1
|
|upkeep
|turn|94
|
|t:|1776318444
|switch|p1a: Toxapex|Toxapex, M|63/100 par
|move|p2a: Clefable|Moonblast|p1a: Toxapex
|-resisted|p1a: Toxapex
|-damage|p1a: Toxapex|49/100 par
|-unboost|p1a: Toxapex|spa|1
|
|upkeep
|turn|95
|
|t:|1776318450
|move|p2a: Clefable|Shadow Ball|p1a: Toxapex
|-damage|p1a: Toxapex|33/100 par
|move|p1a: Toxapex|Haze|p1a: Toxapex
|-clearallboost
|
|upkeep
|turn|96
|
|t:|1776318453
|move|p2a: Clefable|Moonlight|p2a: Clefable
|-heal|p2a: Clefable|91/100 psn
|move|p1a: Toxapex|Sludge Bomb|p2a: Clefable
|-supereffective|p2a: Clefable
|-damage|p2a: Clefable|54/100 psn
|
|upkeep
|turn|97
|
|t:|1776318460
|move|p2a: Clefable|Calm Mind|p2a: Clefable
|-boost|p2a: Clefable|spa|1
|-boost|p2a: Clefable|spd|1
|move|p1a: Toxapex|Sludge Bomb|p2a: Clefable
|-supereffective|p2a: Clefable
|-damage|p2a: Clefable|31/100 psn
|
|upkeep
|turn|98
|
|t:|1776318462
|move|p2a: Clefable|Shadow Ball|p1a: Toxapex
|-damage|p1a: Toxapex|16/100 par
|cant|p1a: Toxapex|par
|
|upkeep
|turn|99
|
|t:|1776318470
|move|p2a: Clefable|Shadow Ball|p1a: Toxapex
|-damage|p1a: Toxapex|0 fnt
|faint|p1a: Toxapex
|
|upkeep
|c|☆I buy roblox items|that para :C
|
|t:|1776318475
|switch|p1a: Ceruledge|Ceruledge, F, tera:Bug|11/100
|turn|100
|
|t:|1776318478
|move|p1a: Ceruledge|Bitter Blade|p2a: Clefable
|-damage|p2a: Clefable|0 fnt
|-heal|p1a: Ceruledge|28/100|[from] drain|[of] p2a: Clefable
|faint|p2a: Clefable
|
|upkeep
|
|t:|1776318481
|switch|p2a: Zapdos|Zapdos, tera:Electric|14/100 tox
|turn|101
|
|t:|1776318483
|move|p1a: Ceruledge|Shadow Sneak|p2a: Zapdos
|-damage|p2a: Zapdos|0 fnt
|faint|p2a: Zapdos
|
|upkeep
|-message|popswrong4laughing forfeited.
|
|win|I buy roblox items
|raw|I buy roblox items's rating: 1605 &rarr; <strong>1624</strong><br />(+19 for winning)
|raw|popswrong4laughing's rating: 1584 &rarr; <strong>1565</strong><br />(-19 for losing)
|l|☆popswrong4laughing
|player|p2|
|l| electronno
