|html|<div class="broadcast-blue"><strong>[Gen 9] OU is currently suspecting Tera Blast! For information on how to participate check out the <a href="https://www.smogon.com/tools/suspects/view/200">suspect thread</a>.</strong></div>
|j|☆Tenvix
|j|☆Reaper542
|t:|1776091998
|gametype|singles
|player|p1|Tenvix|265|1109
|player|p2|Reaper542|170|1133
|gen|9
|tier|[Gen 9] OU
|rated|
|rule|HP Percentage Mod: HP is shown in percentages
|rule|Endless Battle Clause: Forcing endless battles is banned
|rule|Species Clause: Limit one of each Pokémon
|rule|OHKO Clause: OHKO moves are banned
|rule|Evasion Items Clause: Evasion items are banned
|rule|Evasion Moves Clause: Evasion moves are banned
|rule|Evasion Abilities Clause: Evasion abilities are banned
|rule|Sleep Moves Clause: Sleep-inducing moves are banned
|clearpoke
|poke|p1|Gliscor, M|
|poke|p1|Hatterene, F|
|poke|p1|Garganacl, F|
|poke|p1|Rillaboom, F|
|poke|p1|Dragapult, F|
|poke|p1|Great Tusk|
|poke|p2|Politoed, F|
|poke|p2|Overqwil, F|
|poke|p2|Kingdra, F|
|poke|p2|Beartic, M|
|poke|p2|Sliggoo-Hisui, F|
|poke|p2|Manaphy|
|teampreview
|
|t:|1776092007
|teamsize|p1|6
|teamsize|p2|6
|start
|switch|p1a: Garganacl|Garganacl, F|100/100
|switch|p2a: Politoed|Politoed, F|100/100
|-weather|RainDance|[from] ability: Drizzle|[of] p2a: Politoed
|turn|1
|
|t:|1776092017
|move|p2a: Politoed|Weather Ball|p1a: Garganacl
|-supereffective|p1a: Garganacl
|-damage|p1a: Garganacl|25/100
|move|p1a: Garganacl|Stealth Rock|p2a: Politoed
|-sidestart|p2: Reaper542|move: Stealth Rock
|
|-weather|RainDance|[upkeep]
|-heal|p1a: Garganacl|31/100|[from] item: Leftovers
|upkeep
|turn|2
|
|t:|1776092026
|switch|p1a: Rillaboom|Rillaboom, F|100/100
|-fieldstart|move: Grassy Terrain|[from] ability: Grassy Surge|[of] p1a: Rillaboom
|move|p2a: Politoed|Weather Ball|p1a: Rillaboom
|-resisted|p1a: Rillaboom
|-damage|p1a: Rillaboom|72/100
|
|-weather|RainDance|[upkeep]
|-heal|p1a: Rillaboom|79/100|[from] Grassy Terrain
|upkeep
|turn|3
|
|t:|1776092039
|switch|p2a: Sliggoo|Sliggoo-Hisui, F|100/100
|move|p1a: Rillaboom|Knock Off|p2a: Sliggoo
|-damage|p2a: Sliggoo|62/100
|-enditem|p2a: Sliggoo|Heavy-Duty Boots|[from] move: Knock Off|[of] p1a: Rillaboom
|
|-weather|RainDance|[upkeep]
|-heal|p1a: Rillaboom|85/100|[from] Grassy Terrain
|-heal|p2a: Sliggoo|69/100|[from] Grassy Terrain
|upkeep
|turn|4
|
|t:|1776092049
|move|p1a: Rillaboom|U-turn|p2a: Sliggoo
|-resisted|p2a: Sliggoo
|-damage|p2a: Sliggoo|54/100
|
|t:|1776092056
|switch|p1a: Great Tusk|Great Tusk|100/100|[from] U-turn
|move|p2a: Sliggoo|Ice Beam|p1a: Great Tusk
|-supereffective|p1a: Great Tusk
|-damage|p1a: Great Tusk|71/100
|
|-weather|RainDance|[upkeep]
|-heal|p1a: Great Tusk|77/100|[from] Grassy Terrain
|-heal|p2a: Sliggoo|60/100|[from] Grassy Terrain
|upkeep
|turn|5
|
|t:|1776092066
|move|p2a: Sliggoo|Protect|p2a: Sliggoo
|-singleturn|p2a: Sliggoo|Protect
|move|p1a: Great Tusk|Rapid Spin|p2a: Sliggoo
|-activate|p2a: Sliggoo|move: Protect
|
|-weather|RainDance|[upkeep]
|-heal|p1a: Great Tusk|83/100|[from] Grassy Terrain
|-heal|p2a: Sliggoo|67/100|[from] Grassy Terrain
|upkeep
|turn|6
|
|t:|1776092075
|move|p1a: Great Tusk|Rapid Spin|p2a: Sliggoo
|-resisted|p2a: Sliggoo
|-damage|p2a: Sliggoo|56/100
|-boost|p1a: Great Tusk|spe|1
|move|p2a: Sliggoo|Ice Beam|p1a: Great Tusk
|-supereffective|p1a: Great Tusk
|-damage|p1a: Great Tusk|51/100
|
|-weather|RainDance|[upkeep]
|-heal|p1a: Great Tusk|57/100|[from] Grassy Terrain
|-heal|p2a: Sliggoo|62/100|[from] Grassy Terrain
|-fieldend|move: Grassy Terrain
|upkeep
|turn|7
|
|t:|1776092087
|move|p1a: Great Tusk|Rapid Spin|p2a: Sliggoo
|-resisted|p2a: Sliggoo
|-damage|p2a: Sliggoo|51/100
|-boost|p1a: Great Tusk|spe|1
|move|p2a: Sliggoo|Ice Beam|p1a: Great Tusk
|-supereffective|p1a: Great Tusk
|-damage|p1a: Great Tusk|29/100
|
|-weather|RainDance|[upkeep]
|upkeep
|turn|8
|
|t:|1776092097
|move|p1a: Great Tusk|Earthquake|p2a: Sliggoo
|-supereffective|p2a: Sliggoo
|-damage|p2a: Sliggoo|0 fnt
|faint|p2a: Sliggoo
|
|-weather|none
|upkeep
|
|t:|1776092116
|switch|p2a: Politoed|Politoed, F|100/100
|-damage|p2a: Politoed|88/100|[from] Stealth Rock
|-weather|RainDance|[from] ability: Drizzle|[of] p2a: Politoed
|turn|9
|
|t:|1776092127
|switch|p2a: Manaphy|Manaphy|100/100
|-damage|p2a: Manaphy|88/100|[from] Stealth Rock
|move|p1a: Great Tusk|Earthquake|p2a: Manaphy
|-damage|p2a: Manaphy|35/100
|
|-weather|RainDance|[upkeep]
|-heal|p2a: Manaphy|41/100|[from] item: Leftovers
|upkeep
|turn|10
|
|t:|1776092137
|move|p1a: Great Tusk|Earthquake|p2a: Manaphy
|-damage|p2a: Manaphy|0 fnt
|faint|p2a: Manaphy
|
|-weather|RainDance|[upkeep]
|upkeep
|
|t:|1776092143
|switch|p2a: Overqwil|Overqwil, F|100/100
|-damage|p2a: Overqwil|88/100|[from] Stealth Rock
|turn|11
|
|t:|1776092149
|-terastallize|p2a: Overqwil|Dark
|move|p2a: Overqwil|Waterfall|p1a: Great Tusk
|-supereffective|p1a: Great Tusk
|-damage|p1a: Great Tusk|0 fnt
|faint|p1a: Great Tusk
|-end|p1a: Great Tusk|Protosynthesis|[silent]
|-damage|p2a: Overqwil|78/100|[from] item: Life Orb
|
|-weather|RainDance|[upkeep]
|upkeep
|
|t:|1776092164
|switch|p1a: Garganacl|Garganacl, F|31/100
|turn|12
|
|t:|1776092168
|move|p1a: Garganacl|Protect|p1a: Garganacl
|-singleturn|p1a: Garganacl|Protect
|move|p2a: Overqwil|Waterfall|p1a: Garganacl
|-activate|p1a: Garganacl|move: Protect
|
|-weather|RainDance|[upkeep]
|-heal|p1a: Garganacl|37/100|[from] item: Leftovers
|upkeep
|turn|13
|
|t:|1776092179
|move|p2a: Overqwil|Waterfall|p1a: Garganacl
|-supereffective|p1a: Garganacl
|-damage|p1a: Garganacl|0 fnt
|faint|p1a: Garganacl
|-damage|p2a: Overqwil|68/100|[from] item: Life Orb
|
|-weather|RainDance|[upkeep]
|upkeep
|
|t:|1776092188
|switch|p1a: Rillaboom|Rillaboom, F|85/100
|-fieldstart|move: Grassy Terrain|[from] ability: Grassy Surge|[of] p1a: Rillaboom
|turn|14
|
|t:|1776092193
|move|p1a: Rillaboom|Grassy Glide|p2a: Overqwil
|-damage|p2a: Overqwil|24/100
|move|p2a: Overqwil|Barb Barrage|p1a: Rillaboom
|-supereffective|p1a: Rillaboom
|-damage|p1a: Rillaboom|0 fnt
|faint|p1a: Rillaboom
|-damage|p2a: Overqwil|14/100|[from] item: Life Orb
|
|-weather|RainDance|[upkeep]
|-heal|p2a: Overqwil|20/100|[from] Grassy Terrain
|upkeep
|
|t:|1776092209
|switch|p1a: Gliscor|Gliscor, M|100/100
|turn|15
|
|t:|1776092219
|move|p2a: Overqwil|Swords Dance|p2a: Overqwil
|-boost|p2a: Overqwil|atk|2
|move|p1a: Gliscor|Earthquake|p2a: Overqwil
|-damage|p2a: Overqwil|0 fnt
|faint|p2a: Overqwil
|
|-weather|RainDance|[upkeep]
|-status|p1a: Gliscor|tox|[from] item: Toxic Orb
|upkeep
|
|t:|1776092224
|switch|p2a: Kingdra|Kingdra, F|100/100
|turn|16
|
|t:|1776092231
|switch|p1a: Hatterene|Hatterene, F|100/100
|move|p2a: Kingdra|Ice Beam|p1a: Hatterene
|-damage|p1a: Hatterene|71/100
|
|-weather|none
|-heal|p1a: Hatterene|77/100|[from] Grassy Terrain
|-heal|p1a: Hatterene|83/100|[from] item: Leftovers
|upkeep
|turn|17
|
|t:|1776092241
|switch|p2a: Politoed|Politoed, F|88/100
|-damage|p2a: Politoed|76/100|[from] Stealth Rock
|-weather|RainDance|[from] ability: Drizzle|[of] p2a: Politoed
|move|p1a: Hatterene|Light Screen|p1a: Hatterene
|-sidestart|p1: Tenvix|move: Light Screen
|
|-weather|RainDance|[upkeep]
|-heal|p2a: Politoed|82/100|[from] Grassy Terrain
|-heal|p1a: Hatterene|89/100|[from] Grassy Terrain
|-heal|p1a: Hatterene|95/100|[from] item: Leftovers
|upkeep
|turn|18
|
|t:|1776092253
|move|p2a: Politoed|Weather Ball|p1a: Hatterene
|-damage|p1a: Hatterene|61/100
|move|p1a: Hatterene|Thunder Wave|p2a: Politoed
|-status|p2a: Politoed|par
|
|-weather|RainDance|[upkeep]
|-heal|p1a: Hatterene|67/100|[from] Grassy Terrain
|-heal|p1a: Hatterene|73/100|[from] item: Leftovers
|-heal|p2a: Politoed|88/100 par|[from] Grassy Terrain
|-fieldend|move: Grassy Terrain
|upkeep
|turn|19
|
|t:|1776092264
|move|p1a: Hatterene|Draining Kiss|p2a: Politoed
|-damage|p2a: Politoed|64/100 par
|-heal|p1a: Hatterene|91/100|[from] drain|[of] p2a: Politoed
|cant|p2a: Politoed|par
|
|-weather|RainDance|[upkeep]
|-heal|p1a: Hatterene|97/100|[from] item: Leftovers
|upkeep
|turn|20
|
|t:|1776092273
|move|p1a: Hatterene|Psychic|p2a: Politoed
|-damage|p2a: Politoed|25/100 par
|move|p2a: Politoed|Weather Ball|p1a: Hatterene
|-damage|p1a: Hatterene|67/100
|
|-weather|RainDance|[upkeep]
|-heal|p1a: Hatterene|73/100|[from] item: Leftovers
|upkeep
|turn|21
|
|t:|1776092282
|move|p2a: Politoed|Protect|p2a: Politoed
|-singleturn|p2a: Politoed|Protect
|move|p1a: Hatterene|Draining Kiss|p2a: Politoed
|-activate|p2a: Politoed|move: Protect
|
|-weather|RainDance|[upkeep]
|-heal|p1a: Hatterene|78/100|[from] item: Leftovers
|-sideend|p1: Tenvix|move: Light Screen
|upkeep
|turn|22
|
|t:|1776092295
|switch|p2a: Kingdra|Kingdra, F|100/100
|move|p1a: Hatterene|Light Screen|p1a: Hatterene
|-sidestart|p1: Tenvix|move: Light Screen
|
|-weather|RainDance|[upkeep]
|-heal|p1a: Hatterene|84/100|[from] item: Leftovers
|upkeep
|turn|23
|
|t:|1776092303
|move|p2a: Kingdra|Flash Cannon|p1a: Hatterene
|-supereffective|p1a: Hatterene
|-damage|p1a: Hatterene|60/100
|move|p1a: Hatterene|Draining Kiss|p2a: Kingdra
|-supereffective|p2a: Kingdra
|-crit|p2a: Kingdra
|-damage|p2a: Kingdra|0 fnt
|-heal|p1a: Hatterene|100/100|[from] drain|[of] p2a: Kingdra
|faint|p2a: Kingdra
|
|-weather|RainDance|[upkeep]
|upkeep
|
|t:|1776092307
|switch|p2a: Beartic|Beartic, M|100/100
|-damage|p2a: Beartic|75/100|[from] Stealth Rock
|turn|24
|
|t:|1776092318
|move|p2a: Beartic|Icicle Crash|p1a: Hatterene
|-damage|p1a: Hatterene|31/100
|cant|p1a: Hatterene|flinch
|
|-weather|none
|-heal|p1a: Hatterene|37/100|[from] item: Leftovers
|upkeep
|turn|25
|
|t:|1776092329
|move|p2a: Beartic|Icicle Crash|p1a: Hatterene
|-damage|p1a: Hatterene|0 fnt
|faint|p1a: Hatterene
|
|upkeep
|
|t:|1776092336
|switch|p1a: Gliscor|Gliscor, M|100/100 tox
|turn|26
|
|t:|1776092339
|switch|p2a: Politoed|Politoed, F|25/100 par
|-damage|p2a: Politoed|13/100 par|[from] Stealth Rock
|-weather|RainDance|[from] ability: Drizzle|[of] p2a: Politoed
|move|p1a: Gliscor|Earthquake|p2a: Politoed
|-damage|p2a: Politoed|0 fnt
|faint|p2a: Politoed
|
|-weather|RainDance|[upkeep]
|-sideend|p1: Tenvix|move: Light Screen
|upkeep
|
|t:|1776092346
|switch|p2a: Beartic|Beartic, M|75/100
|-damage|p2a: Beartic|50/100|[from] Stealth Rock
|turn|27
|
|t:|1776092354
|move|p2a: Beartic|Icicle Crash|p1a: Gliscor
|-supereffective|p1a: Gliscor
|-damage|p1a: Gliscor|0 fnt
|faint|p1a: Gliscor
|
|-weather|RainDance|[upkeep]
|upkeep
|
|t:|1776092361
|switch|p1a: Dragapult|Dragapult, F|100/100
|turn|28
|inactive|Battle timer is ON: inactive players will automatically lose when time's up. (requested by Tenvix)
|
|t:|1776092375
|-terastallize|p1a: Dragapult|Dragon
|move|p2a: Beartic|Icicle Crash|p1a: Dragapult
|-supereffective|p1a: Dragapult
|-damage|p1a: Dragapult|0 fnt
|faint|p1a: Dragapult
|
|win|Reaper542
|raw|Tenvix's rating: 1109 &rarr; <strong>1086</strong><br />(-23 for losing)
|raw|Reaper542's rating: 1133 &rarr; <strong>1156</strong><br />(+23 for winning)
|l|☆Reaper542
|player|p2|
|l|☆Tenvix
|player|p1|
