|html|<div class="broadcast-blue"><strong>[Gen 9] OU is currently suspecting Volcarona! For information on how to participate check out the <a href="https://www.smogon.com/tools/suspects/view/208">suspect thread</a>.</strong></div>
|j|☆alttf1 aura
|j|☆Chrionxoihg
|t:|1778496582
|gametype|singles
|player|p1|alttf1 aura|266|1315
|player|p2|Chrionxoihg|dragontamer|1381
|gen|9
|tier|[Gen 9] OU
|rated|
|rule|HP Percentage Mod: HP is shown in percentages
|rule|Endless Battle Clause: Forcing endless battles is banned
|rule|Species Clause: Limit one of each Pokémon
|rule|OHKO Clause: OHKO moves are banned
|rule|Evasion Items Clause: Evasion items are banned
|rule|Evasion Moves Clause: Evasion moves are banned
|rule|Evasion Abilities Clause: Evasion abilities are banned
|rule|Sleep Moves Clause: Sleep-inducing moves are banned
|clearpoke
|poke|p1|Heatran, M|
|poke|p1|Garchomp, M|
|poke|p1|Garganacl, M|
|poke|p1|Scream Tail|
|poke|p1|Darkrai|
|poke|p1|Cyclizar, M|
|poke|p2|Tyranitar, F|
|poke|p2|Corviknight, M|
|poke|p2|Slowking-Galar, F|
|poke|p2|Ogerpon-Wellspring, F|
|poke|p2|Iron Valiant|
|poke|p2|Great Tusk|
|teampreview
|inactive|Battle timer is ON: inactive players will automatically lose when time's up. (requested by alttf1 aura)
|
|t:|1778496594
|teamsize|p1|6
|teamsize|p2|6
|start
|switch|p1a: Heatran|Heatran, M, shiny|100/100
|switch|p2a: Great Tusk|Great Tusk|100/100
|turn|1
|
|t:|1778496607
|-terastallize|p1a: Heatran|Flying
|move|p2a: Great Tusk|Headlong Rush|p1a: Heatran
|-immune|p1a: Heatran
|move|p1a: Heatran|Magma Storm|p2a: Great Tusk
|-damage|p2a: Great Tusk|35/100
|-activate|p2a: Great Tusk|move: Magma Storm|[of] p1a: Heatran
|
|-damage|p2a: Great Tusk|22/100|[from] move: Magma Storm|[partiallytrapped]
|upkeep
|turn|2
|
|t:|1778496619
|move|p2a: Great Tusk|Ice Spinner|p1a: Heatran
|-supereffective|p1a: Heatran
|-damage|p1a: Heatran|52/100
|move|p1a: Heatran|Magma Storm|p2a: Great Tusk
|-damage|p2a: Great Tusk|0 fnt
|faint|p2a: Great Tusk
|-end|p2a: Great Tusk|Protosynthesis|[silent]
|
|-heal|p1a: Heatran|58/100|[from] item: Leftovers
|upkeep
|
|t:|1778496627
|switch|p2a: Tyranitar|Tyranitar, F|100/100
|-weather|Sandstorm|[from] ability: Sand Stream|[of] p2a: Tyranitar
|turn|3
|
|t:|1778496632
|move|p2a: Tyranitar|Knock Off|p1a: Heatran
|-damage|p1a: Heatran|0 fnt
|-enditem|p1a: Heatran|Leftovers|[from] move: Knock Off|[of] p2a: Tyranitar
|faint|p1a: Heatran
|
|-weather|Sandstorm|[upkeep]
|upkeep
|
|t:|1778496648
|switch|p1a: Scream Tail|Scream Tail, shiny|100/100
|-enditem|p1a: Scream Tail|Booster Energy
|-activate|p1a: Scream Tail|ability: Protosynthesis|[fromitem]
|-start|p1a: Scream Tail|protosynthesisspe
|turn|4
|
|t:|1778496653
|move|p1a: Scream Tail|Calm Mind|p1a: Scream Tail
|-boost|p1a: Scream Tail|spa|1
|-boost|p1a: Scream Tail|spd|1
|move|p2a: Tyranitar|Knock Off|p1a: Scream Tail
|-damage|p1a: Scream Tail|51/100
|
|-weather|Sandstorm|[upkeep]
|-damage|p1a: Scream Tail|45/100|[from] Sandstorm
|upkeep
|turn|5
|
|t:|1778496661
|move|p1a: Scream Tail|Dazzling Gleam|p2a: Tyranitar
|-supereffective|p2a: Tyranitar
|-damage|p2a: Tyranitar|44/100
|move|p2a: Tyranitar|Knock Off|p1a: Scream Tail
|-damage|p1a: Scream Tail|0 fnt
|faint|p1a: Scream Tail
|-end|p1a: Scream Tail|Protosynthesis|[silent]
|
|-weather|Sandstorm|[upkeep]
|upkeep
|
|t:|1778496670
|switch|p1a: Garchomp|Garchomp, M, shiny|100/100
|turn|6
|
|t:|1778496673
|switch|p2a: Corviknight|Corviknight, M|100/100
|-ability|p2a: Corviknight|Pressure
|move|p1a: Garchomp|Earthquake|p2a: Corviknight
|-immune|p2a: Corviknight
|
|-weather|Sandstorm|[upkeep]
|upkeep
|turn|7
|
|t:|1778496680
|switch|p1a: Cyclizar|Cyclizar, M, shiny|100/100
|move|p2a: Corviknight|U-turn|p1a: Cyclizar
|-damage|p1a: Cyclizar|76/100
|
|t:|1778496690
|switch|p2a: Slowking|Slowking-Galar, F|100/100|[from] U-turn
|
|-weather|none
|upkeep
|turn|8
|
|t:|1778496696
|move|p1a: Cyclizar|U-turn|p2a: Slowking
|-damage|p2a: Slowking|84/100
|
|t:|1778496699
|switch|p1a: Darkrai|Darkrai, shiny|100/100|[from] U-turn
|move|p2a: Slowking|Sludge Bomb|p1a: Darkrai
|-damage|p1a: Darkrai|39/100
|
|upkeep
|turn|9
|
|t:|1778496709
|move|p1a: Darkrai|Knock Off|p2a: Slowking
|-supereffective|p2a: Slowking
|-damage|p2a: Slowking|15/100
|-enditem|p2a: Slowking|Assault Vest|[from] move: Knock Off|[of] p1a: Darkrai
|move|p2a: Slowking|Sludge Bomb|p1a: Darkrai
|-damage|p1a: Darkrai|0 fnt
|faint|p1a: Darkrai
|
|upkeep
|
|t:|1778496716
|switch|p1a: Garganacl|Garganacl, M, shiny|100/100
|turn|10
|
|t:|1778496719
|move|p1a: Garganacl|Curse|p1a: Garganacl
|-unboost|p1a: Garganacl|spe|1
|-boost|p1a: Garganacl|atk|1
|-boost|p1a: Garganacl|def|1
|move|p2a: Slowking|Sludge Bomb|p1a: Garganacl
|-resisted|p1a: Garganacl
|-damage|p1a: Garganacl|86/100
|
|-heal|p1a: Garganacl|92/100|[from] item: Leftovers
|upkeep
|turn|11
|
|t:|1778496727
|move|p2a: Slowking|Sludge Bomb|p1a: Garganacl
|-resisted|p1a: Garganacl
|-damage|p1a: Garganacl|77/100
|move|p1a: Garganacl|Curse|p1a: Garganacl
|-unboost|p1a: Garganacl|spe|1
|-boost|p1a: Garganacl|atk|1
|-boost|p1a: Garganacl|def|1
|
|-heal|p1a: Garganacl|83/100|[from] item: Leftovers
|upkeep
|turn|12
|
|t:|1778496736
|move|p2a: Slowking|Sludge Bomb|p1a: Garganacl
|-resisted|p1a: Garganacl
|-damage|p1a: Garganacl|67/100
|move|p1a: Garganacl|Salt Cure|p2a: Slowking
|-damage|p2a: Slowking|0 fnt
|faint|p2a: Slowking
|
|-heal|p1a: Garganacl|73/100|[from] item: Leftovers
|upkeep
|
|t:|1778496746
|switch|p2a: Ogerpon|Ogerpon-Wellspring, F|100/100
|turn|13
|
|t:|1778496751
|-terastallize|p2a: Ogerpon|Water
|detailschange|p2a: Ogerpon|Ogerpon-Wellspring-Tera, F, tera:Water
|-ability|p2a: Ogerpon|Embody Aspect (Wellspring)|boost
|-boost|p2a: Ogerpon|spd|1
|move|p2a: Ogerpon|Ivy Cudgel|p1a: Garganacl|[anim] Ivy Cudgel Water
|-supereffective|p1a: Garganacl
|-damage|p1a: Garganacl|23/100
|move|p1a: Garganacl|Salt Cure|p2a: Ogerpon
|-damage|p2a: Ogerpon|62/100
|-start|p2a: Ogerpon|Salt Cure
|
|-heal|p1a: Garganacl|29/100|[from] item: Leftovers
|-damage|p2a: Ogerpon|37/100|[from] Salt Cure
|upkeep
|turn|14
|
|t:|1778496764
|switch|p2a: Iron Valiant|Iron Valiant|100/100
|-enditem|p2a: Iron Valiant|Booster Energy
|-activate|p2a: Iron Valiant|ability: Quark Drive|[fromitem]
|-start|p2a: Iron Valiant|quarkdrivespe
|move|p1a: Garganacl|Recover|p1a: Garganacl
|-heal|p1a: Garganacl|79/100
|
|-heal|p1a: Garganacl|85/100|[from] item: Leftovers
|upkeep
|turn|15
|
|t:|1778496772
|move|p2a: Iron Valiant|Encore|p1a: Garganacl
|-start|p1a: Garganacl|Encore
|move|p1a: Garganacl|Recover|p1a: Garganacl
|-heal|p1a: Garganacl|100/100
|
|upkeep
|turn|16
|
|t:|1778496779
|-end|p2a: Iron Valiant|Quark Drive|[silent]
|switch|p2a: Ogerpon|Ogerpon-Wellspring-Tera, F, tera:Water|37/100
|-ability|p2a: Ogerpon|Embody Aspect (Wellspring)|boost
|-boost|p2a: Ogerpon|spd|1
|switch|p1a: Cyclizar|Cyclizar, M, shiny|100/100
|
|upkeep
|turn|17
|
|t:|1778496787
|switch|p2a: Corviknight|Corviknight, M|100/100
|-ability|p2a: Corviknight|Pressure
|move|p1a: Cyclizar|Draco Meteor|p2a: Corviknight
|-resisted|p2a: Corviknight
|-damage|p2a: Corviknight|75/100
|-unboost|p1a: Cyclizar|spa|2
|
|upkeep
|turn|18
|
|t:|1778496798
|switch|p1a: Garganacl|Garganacl, M, shiny|100/100
|move|p2a: Corviknight|U-turn|p1a: Garganacl
|-damage|p1a: Garganacl|91/100
|
|t:|1778496802
|switch|p2a: Tyranitar|Tyranitar, F|44/100|[from] U-turn
|-weather|Sandstorm|[from] ability: Sand Stream|[of] p2a: Tyranitar
|
|-weather|Sandstorm|[upkeep]
|-heal|p1a: Garganacl|98/100|[from] item: Leftovers
|upkeep
|turn|19
|
|t:|1778496809
|move|p2a: Tyranitar|Low Kick|p1a: Garganacl
|-supereffective|p1a: Garganacl
|-damage|p1a: Garganacl|11/100
|move|p1a: Garganacl|Curse|p1a: Garganacl
|-unboost|p1a: Garganacl|spe|1
|-boost|p1a: Garganacl|atk|1
|-boost|p1a: Garganacl|def|1
|
|-weather|Sandstorm|[upkeep]
|-heal|p1a: Garganacl|18/100|[from] item: Leftovers
|upkeep
|turn|20
|
|t:|1778496817
|move|p2a: Tyranitar|Low Kick|p1a: Garganacl
|-supereffective|p1a: Garganacl
|-damage|p1a: Garganacl|0 fnt
|faint|p1a: Garganacl
|
|-weather|Sandstorm|[upkeep]
|upkeep
|
|t:|1778496822
|switch|p1a: Garchomp|Garchomp, M, shiny|100/100
|turn|21
|
|t:|1778496826
|move|p1a: Garchomp|Stone Edge|p2a: Tyranitar
|-damage|p2a: Tyranitar|0 fnt
|faint|p2a: Tyranitar
|
|-weather|Sandstorm|[upkeep]
|upkeep
|
|t:|1778496831
|switch|p2a: Ogerpon|Ogerpon-Wellspring-Tera, F, tera:Water|37/100
|-ability|p2a: Ogerpon|Embody Aspect (Wellspring)|boost
|-boost|p2a: Ogerpon|spd|1
|turn|22
|
|t:|1778496836
|move|p2a: Ogerpon|Ivy Cudgel|p1a: Garchomp|[anim] Ivy Cudgel Water
|-damage|p1a: Garchomp|25/100
|move|p1a: Garchomp|Stone Edge|p2a: Ogerpon|[miss]
|-miss|p1a: Garchomp|p2a: Ogerpon
|
|-weather|none
|upkeep
|turn|23
|
|t:|1778496843
|move|p2a: Ogerpon|Ivy Cudgel|p1a: Garchomp|[anim] Ivy Cudgel Water
|-damage|p1a: Garchomp|0 fnt
|faint|p1a: Garchomp
|
|upkeep
|
|t:|1778496845
|switch|p1a: Cyclizar|Cyclizar, M, shiny|100/100
|turn|24
|
|t:|1778496850
|move|p1a: Cyclizar|Overheat|p2a: Ogerpon
|-resisted|p2a: Ogerpon
|-damage|p2a: Ogerpon|23/100
|-unboost|p1a: Cyclizar|spa|2
|move|p2a: Ogerpon|Play Rough|p1a: Cyclizar
|-supereffective|p1a: Cyclizar
|-damage|p1a: Cyclizar|0 fnt
|faint|p1a: Cyclizar
|
|win|Chrionxoihg
|raw|alttf1 aura's rating: 1315 &rarr; <strong>1299</strong><br />(-16 for losing)
|raw|Chrionxoihg's rating: 1381 &rarr; <strong>1397</strong><br />(+16 for winning)
|c|☆Chrionxoihg|gg
|c|☆alttf1 aura|Gg
|l|☆alttf1 aura
|player|p1|
|l|☆Chrionxoihg
|player|p2|
