|html|<div class="broadcast-blue"><strong>[Gen 9] OU is currently suspecting Tera Blast! For information on how to participate check out the <a href="https://www.smogon.com/tools/suspects/view/200">suspect thread</a>.</strong></div>
|j|☆huguia
|j|☆chillncurry
|t:|1776297829
|gametype|singles
|player|p1|huguia|falkner|1270
|player|p2|chillncurry|aromalady|1253
|gen|9
|tier|[Gen 9] OU
|rated|
|rule|HP Percentage Mod: HP is shown in percentages
|rule|Endless Battle Clause: Forcing endless battles is banned
|rule|Species Clause: Limit one of each Pokémon
|rule|OHKO Clause: OHKO moves are banned
|rule|Evasion Items Clause: Evasion items are banned
|rule|Evasion Moves Clause: Evasion moves are banned
|rule|Evasion Abilities Clause: Evasion abilities are banned
|rule|Sleep Moves Clause: Sleep-inducing moves are banned
|clearpoke
|poke|p1|Gengar, M|
|poke|p1|Sableye, M|
|poke|p1|Corviknight, F|
|poke|p1|Hatterene, F|
|poke|p1|Volcanion|
|poke|p1|Serperior, F|
|poke|p2|Iron Valiant|
|poke|p2|Dragonite, M|
|poke|p2|Glimmora, F|
|poke|p2|Gholdengo|
|poke|p2|Ogerpon-Wellspring, F|
|poke|p2|Mamoswine, F|
|teampreview
|inactive|Battle timer is ON: inactive players will automatically lose when time's up. (requested by huguia)
|
|t:|1776297849
|teamsize|p1|6
|teamsize|p2|6
|start
|switch|p1a: Gengar|Gengar, M|100/100
|switch|p2a: Glimmora|Glimmora, F|100/100
|turn|1
|
|t:|1776297856
|move|p1a: Gengar|Trick|p2a: Glimmora
|-activate|p1a: Gengar|move: Trick|[of] p2a: Glimmora
|-item|p2a: Glimmora|Choice Scarf|[from] move: Trick
|-item|p1a: Gengar|Focus Sash|[from] move: Trick
|move|p2a: Glimmora|Earth Power|p1a: Gengar
|-supereffective|p1a: Gengar
|-enditem|p1a: Gengar|Focus Sash
|-damage|p1a: Gengar|1/100
|
|upkeep
|turn|2
|
|t:|1776297877
|switch|p2a: Ogerpon|Ogerpon-Wellspring, F|100/100
|switch|p1a: Corviknight|Corviknight, F|100/100
|
|upkeep
|turn|3
|
|t:|1776297890
|move|p2a: Ogerpon|Ivy Cudgel|p1a: Corviknight|[anim] Ivy Cudgel Water
|-damage|p1a: Corviknight|64/100
|move|p1a: Corviknight|Brave Bird|p2a: Ogerpon
|-supereffective|p2a: Ogerpon
|-damage|p2a: Ogerpon|3/100
|-damage|p1a: Corviknight|40/100|[from] Recoil
|
|upkeep
|turn|4
|
|t:|1776297899
|switch|p2a: Glimmora|Glimmora, F|100/100
|move|p1a: Corviknight|Roost|p1a: Corviknight
|-heal|p1a: Corviknight|90/100
|-singleturn|p1a: Corviknight|move: Roost
|
|upkeep
|turn|5
|
|t:|1776297911
|move|p2a: Glimmora|Power Gem|p1a: Corviknight
|-damage|p1a: Corviknight|51/100
|move|p1a: Corviknight|Defog|p2a: Glimmora
|-unboost|p2a: Glimmora|evasion|1
|
|upkeep
|turn|6
|
|t:|1776297923
|switch|p2a: Iron Valiant|Iron Valiant|100/100
|-enditem|p2a: Iron Valiant|Booster Energy
|-activate|p2a: Iron Valiant|ability: Quark Drive|[fromitem]
|-start|p2a: Iron Valiant|quarkdrivespe
|switch|p1a: Serperior|Serperior, F|100/100
|
|upkeep
|turn|7
|
|t:|1776297930
|move|p2a: Iron Valiant|Moonblast|p1a: Serperior
|-damage|p1a: Serperior|48/100
|move|p1a: Serperior|Leaf Storm|p2a: Iron Valiant
|-damage|p2a: Iron Valiant|10/100
|-boost|p1a: Serperior|spa|2
|
|-heal|p1a: Serperior|54/100|[from] item: Leftovers
|upkeep
|turn|8
|
|t:|1776297940
|move|p2a: Iron Valiant|Moonblast|p1a: Serperior
|-damage|p1a: Serperior|0 fnt
|faint|p1a: Serperior
|
|upkeep
|
|t:|1776297947
|switch|p1a: Corviknight|Corviknight, F|51/100
|turn|9
|
|t:|1776297950
|move|p2a: Iron Valiant|Thunderbolt|p1a: Corviknight
|-supereffective|p1a: Corviknight
|-damage|p1a: Corviknight|0 fnt
|faint|p1a: Corviknight
|
|upkeep
|
|t:|1776297955
|switch|p1a: Volcanion|Volcanion|100/100
|turn|10
|
|t:|1776297959
|-terastallize|p1a: Volcanion|Ground
|move|p2a: Iron Valiant|Destiny Bond|p2a: Iron Valiant
|-singlemove|p2a: Iron Valiant|Destiny Bond
|move|p1a: Volcanion|Flamethrower|p2a: Iron Valiant
|-damage|p2a: Iron Valiant|0 fnt
|faint|p2a: Iron Valiant
|-activate|p2a: Iron Valiant|move: Destiny Bond
|-end|p2a: Iron Valiant|Quark Drive|[silent]
|faint|p1a: Volcanion
|
|upkeep
|c|☆huguia|wp
|
|t:|1776297971
|switch|p2a: Glimmora|Glimmora, F|100/100
|switch|p1a: Gengar|Gengar, M|1/100
|turn|11
|
|t:|1776297982
|move|p2a: Glimmora|Mortal Spin|p1a: Gengar
|-resisted|p1a: Gengar
|-damage|p1a: Gengar|0 fnt
|-start|p2a: Glimmora|Disable|Mortal Spin|[from] ability: Cursed Body|[of] p1a: Gengar
|faint|p1a: Gengar
|
|upkeep
|
|t:|1776297989
|switch|p1a: Hatterene|Hatterene, F|100/100
|turn|12
|
|t:|1776297997
|switch|p2a: Ogerpon|Ogerpon-Wellspring, F|3/100
|move|p1a: Hatterene|Psychic|p2a: Ogerpon
|-damage|p2a: Ogerpon|0 fnt
|faint|p2a: Ogerpon
|
|upkeep
|
|t:|1776298006
|switch|p2a: Gholdengo|Gholdengo|100/100
|-item|p2a: Gholdengo|Air Balloon
|turn|13
|
|t:|1776298016
|move|p2a: Gholdengo|Shadow Ball|p1a: Hatterene
|-supereffective|p1a: Hatterene
|-damage|p1a: Hatterene|23/100
|-unboost|p1a: Hatterene|spd|1
|move|p1a: Hatterene|Psyshock|p2a: Gholdengo
|-resisted|p2a: Gholdengo
|-damage|p2a: Gholdengo|84/100
|-enditem|p2a: Gholdengo|Air Balloon
|
|-heal|p1a: Hatterene|28/100|[from] item: Leftovers
|upkeep
|turn|14
|-message|huguia forfeited.
|
|win|chillncurry
|raw|huguia's rating: 1270 &rarr; <strong>1244</strong><br />(-26 for losing)
|raw|chillncurry's rating: 1253 &rarr; <strong>1279</strong><br />(+26 for winning)
|l|☆huguia
|player|p1|
|c|☆chillncurry|gg
