|html|<div class="broadcast-blue"><strong>[Gen 9] OU is currently suspecting Volcarona! For information on how to participate check out the <a href="https://www.smogon.com/tools/suspects/view/208">suspect thread</a>.</strong></div>
|j|☆Six10lol twitch
|j|☆jkreyes1
|t:|1778512490
|gametype|singles
|player|p1|Six10lol twitch|1|1480
|player|p2|jkreyes1|volkner|1467
|gen|9
|tier|[Gen 9] OU
|rated|
|rule|HP Percentage Mod: HP is shown in percentages
|rule|Endless Battle Clause: Forcing endless battles is banned
|rule|Species Clause: Limit one of each Pokémon
|rule|OHKO Clause: OHKO moves are banned
|rule|Evasion Items Clause: Evasion items are banned
|rule|Evasion Moves Clause: Evasion moves are banned
|rule|Evasion Abilities Clause: Evasion abilities are banned
|rule|Sleep Moves Clause: Sleep-inducing moves are banned
|clearpoke
|poke|p1|Zapdos|
|poke|p1|Iron Treads|
|poke|p1|Samurott-Hisui, F|
|poke|p1|Ceruledge, M|
|poke|p1|Gholdengo|
|poke|p1|Kingambit, M|
|poke|p2|Gastrodon-East, M|
|poke|p2|Hippowdon, F|
|poke|p2|Landorus-Therian, M|
|poke|p2|Tyranitar, M|
|poke|p2|Zapdos|
|poke|p2|Excadrill, M|
|teampreview
|inactive|Battle timer is ON: inactive players will automatically lose when time's up. (requested by Six10lol twitch)
|inactive|Six10lol twitch has 120 seconds left.
|
|t:|1778512535
|teamsize|p1|6
|teamsize|p2|6
|start
|switch|p1a: Iron Treads|Iron Treads|100/100
|switch|p2a: Landorus|Landorus-Therian, M, shiny|100/100
|-ability|p2a: Landorus|Intimidate|boost
|-unboost|p1a: Iron Treads|atk|1
|turn|1
|
|t:|1778512542
|-end|p1a: Iron Treads|Quark Drive|[silent]
|switch|p1a: Zapdos|Zapdos|100/100
|move|p2a: Landorus|Earthquake|p1a: Zapdos
|-immune|p1a: Zapdos
|
|upkeep
|turn|2
|c|☆jkreyes1|juega rapido
|
|t:|1778512570
|switch|p2a: Gastrodon|Gastrodon-East, M, shiny|100/100
|move|p1a: Zapdos|Hurricane|p2a: Gastrodon
|-damage|p2a: Gastrodon|66/100
|
|-heal|p2a: Gastrodon|72/100|[from] item: Leftovers
|upkeep
|turn|3
|
|t:|1778512580
|switch|p1a: Samurott|Samurott-Hisui, F|100/100
|move|p2a: Gastrodon|Spikes|p1a: Samurott
|-sidestart|p1: Six10lol twitch|Spikes
|
|-heal|p2a: Gastrodon|78/100|[from] item: Leftovers
|upkeep
|turn|4
|
|t:|1778512598
|switch|p2a: Zapdos|Zapdos, shiny|100/100
|move|p1a: Samurott|Ceaseless Edge|p2a: Zapdos
|-damage|p2a: Zapdos|55/100
|-sidestart|p2: jkreyes1|Spikes
|
|-heal|p2a: Zapdos|61/100|[from] item: Leftovers
|upkeep
|turn|5
|
|t:|1778512608
|move|p2a: Zapdos|Volt Switch|p1a: Samurott
|-supereffective|p1a: Samurott
|-damage|p1a: Samurott|43/100
|
|t:|1778512613
|switch|p2a: Gastrodon|Gastrodon-East, M, shiny|78/100|[from] Volt Switch
|-damage|p2a: Gastrodon|66/100|[from] Spikes
|move|p1a: Samurott|Ceaseless Edge|p2a: Gastrodon
|-damage|p2a: Gastrodon|25/100
|-sidestart|p2: jkreyes1|Spikes
|
|-heal|p2a: Gastrodon|31/100|[from] item: Leftovers
|upkeep
|turn|6
|
|t:|1778512622
|move|p1a: Samurott|Knock Off|p2a: Gastrodon
|-damage|p2a: Gastrodon|0 fnt
|-enditem|p2a: Gastrodon|Leftovers|[from] move: Knock Off|[of] p1a: Samurott
|faint|p2a: Gastrodon
|
|upkeep
|
|t:|1778512626
|switch|p2a: Landorus|Landorus-Therian, M, shiny|100/100
|-ability|p2a: Landorus|Intimidate|boost
|-unboost|p1a: Samurott|atk|1
|turn|7
|
|t:|1778512634
|switch|p1a: Zapdos|Zapdos|100/100
|move|p2a: Landorus|U-turn|p1a: Zapdos
|-resisted|p1a: Zapdos
|-damage|p1a: Zapdos|91/100
|
|t:|1778512637
|switch|p2a: Tyranitar|Tyranitar, M, shiny|100/100|[from] U-turn
|-damage|p2a: Tyranitar|84/100|[from] Spikes
|-weather|Sandstorm|[from] ability: Sand Stream|[of] p2a: Tyranitar
|
|-weather|Sandstorm|[upkeep]
|-damage|p1a: Zapdos|85/100|[from] Sandstorm
|upkeep
|turn|8
|
|t:|1778512649
|switch|p1a: Iron Treads|Iron Treads|100/100
|-damage|p1a: Iron Treads|88/100|[from] Spikes
|move|p2a: Tyranitar|Knock Off|p1a: Iron Treads
|-damage|p1a: Iron Treads|47/100
|-enditem|p1a: Iron Treads|Leftovers|[from] move: Knock Off|[of] p2a: Tyranitar
|
|-weather|Sandstorm|[upkeep]
|upkeep
|turn|9
|
|t:|1778512661
|move|p1a: Iron Treads|Rapid Spin|p2a: Tyranitar
|-resisted|p2a: Tyranitar
|-damage|p2a: Tyranitar|78/100
|-boost|p1a: Iron Treads|spe|1
|-sideend|p1: Six10lol twitch|Spikes|[from] move: Rapid Spin|[of] p1a: Iron Treads
|move|p2a: Tyranitar|Fire Blast|p1a: Iron Treads|[miss]
|-miss|p2a: Tyranitar|p1a: Iron Treads
|
|-weather|Sandstorm|[upkeep]
|upkeep
|turn|10
|
|t:|1778512675
|switch|p2a: Hippowdon|Hippowdon, F, shiny|100/100
|-damage|p2a: Hippowdon|84/100|[from] Spikes
|move|p1a: Iron Treads|Earthquake|p2a: Hippowdon
|-damage|p2a: Hippowdon|59/100
|
|-weather|Sandstorm|[upkeep]
|upkeep
|turn|11
|
|t:|1778512678
|move|p1a: Iron Treads|Stealth Rock|p2a: Hippowdon
|-sidestart|p2: jkreyes1|move: Stealth Rock
|move|p2a: Hippowdon|Slack Off|p2a: Hippowdon
|-heal|p2a: Hippowdon|100/100
|
|-weather|Sandstorm|[upkeep]
|upkeep
|turn|12
|
|t:|1778512691
|-end|p1a: Iron Treads|Quark Drive|[silent]
|switch|p1a: Zapdos|Zapdos|85/100
|move|p2a: Hippowdon|Stealth Rock|p1a: Zapdos
|-sidestart|p1: Six10lol twitch|move: Stealth Rock
|
|-weather|Sandstorm|[upkeep]
|-damage|p1a: Zapdos|79/100|[from] Sandstorm
|upkeep
|turn|13
|
|t:|1778512720
|switch|p1a: Gholdengo|Gholdengo|100/100
|-damage|p1a: Gholdengo|94/100|[from] Stealth Rock
|-item|p1a: Gholdengo|Air Balloon
|switch|p2a: Landorus|Landorus-Therian, M, shiny|100/100
|-damage|p2a: Landorus|88/100|[from] Stealth Rock
|-ability|p2a: Landorus|Intimidate|boost
|-unboost|p1a: Gholdengo|atk|1
|
|-weather|Sandstorm|[upkeep]
|upkeep
|turn|14
|
|t:|1778512734
|move|p2a: Landorus|U-turn|p1a: Gholdengo
|-resisted|p1a: Gholdengo
|-damage|p1a: Gholdengo|90/100
|-enditem|p1a: Gholdengo|Air Balloon
|
|t:|1778512738
|switch|p2a: Zapdos|Zapdos, shiny|61/100|[from] U-turn
|-damage|p2a: Zapdos|36/100|[from] Stealth Rock
|move|p1a: Gholdengo|Focus Blast|p2a: Zapdos|[miss]
|-miss|p1a: Gholdengo|p2a: Zapdos
|
|-weather|none
|-heal|p2a: Zapdos|42/100|[from] item: Leftovers
|upkeep
|turn|15
|
|t:|1778512744
|move|p2a: Zapdos|Heat Wave|p1a: Gholdengo
|-supereffective|p1a: Gholdengo
|-damage|p1a: Gholdengo|17/100
|move|p1a: Gholdengo|Hex|p2a: Zapdos
|-damage|p2a: Zapdos|15/100
|
|-heal|p2a: Zapdos|21/100|[from] item: Leftovers
|upkeep
|turn|16
|
|t:|1778512752
|switch|p1a: Samurott|Samurott-Hisui, F|43/100
|-damage|p1a: Samurott|30/100|[from] Stealth Rock
|move|p2a: Zapdos|Roost|p2a: Zapdos
|-heal|p2a: Zapdos|71/100
|-singleturn|p2a: Zapdos|move: Roost
|
|-heal|p2a: Zapdos|77/100|[from] item: Leftovers
|upkeep
|turn|17
|
|t:|1778512759
|move|p2a: Zapdos|Volt Switch|p1a: Samurott
|-supereffective|p1a: Samurott
|-damage|p1a: Samurott|0 fnt
|faint|p1a: Samurott
|
|t:|1778512768
|switch|p2a: Hippowdon|Hippowdon, F, shiny|100/100|[from] Volt Switch
|-damage|p2a: Hippowdon|84/100|[from] Spikes
|-damage|p2a: Hippowdon|78/100|[from] Stealth Rock
|-weather|Sandstorm|[from] ability: Sand Stream|[of] p2a: Hippowdon
|
|-weather|Sandstorm|[upkeep]
|upkeep
|inactive|Six10lol twitch has 120 seconds left.
|
|t:|1778512798
|switch|p1a: Ceruledge|Ceruledge, M|100/100
|turn|18
|
|t:|1778512805
|-terastallize|p1a: Ceruledge|Fairy
|move|p1a: Ceruledge|Swords Dance|p1a: Ceruledge
|-boost|p1a: Ceruledge|atk|2
|move|p2a: Hippowdon|Earthquake|p1a: Ceruledge
|-damage|p1a: Ceruledge|59/100
|-ability|p1a: Ceruledge|Weak Armor|boost
|-unboost|p1a: Ceruledge|def|1
|-boost|p1a: Ceruledge|spe|2
|
|-weather|Sandstorm|[upkeep]
|-damage|p1a: Ceruledge|53/100|[from] Sandstorm
|upkeep
|turn|19
|
|t:|1778512813
|move|p1a: Ceruledge|Bitter Blade|p2a: Hippowdon
|-damage|p2a: Hippowdon|22/100
|-heal|p1a: Ceruledge|87/100|[from] drain|[of] p2a: Hippowdon
|-damage|p1a: Ceruledge|70/100|[from] item: Rocky Helmet|[of] p2a: Hippowdon
|move|p2a: Hippowdon|Earthquake|p1a: Ceruledge
|-damage|p1a: Ceruledge|3/100
|-ability|p1a: Ceruledge|Weak Armor|boost
|-unboost|p1a: Ceruledge|def|1
|-boost|p1a: Ceruledge|spe|2
|
|-weather|Sandstorm|[upkeep]
|-damage|p1a: Ceruledge|0 fnt|[from] Sandstorm
|faint|p1a: Ceruledge
|upkeep
|-message|Six10lol twitch forfeited.
|
|win|jkreyes1
|raw|Six10lol twitch's rating: 1480 &rarr; <strong>1459</strong><br />(-21 for losing)
|raw|jkreyes1's rating: 1467 &rarr; <strong>1488</strong><br />(+21 for winning)
|l|☆Six10lol twitch
|player|p1|
|l|☆jkreyes1
|player|p2|
