|html|<div class="broadcast-blue"><strong>[Gen 9] OU is currently suspecting Tera Blast! For information on how to participate check out the <a href="https://www.smogon.com/tools/suspects/view/200">suspect thread</a>.</strong></div>
|j|☆Xiph2000
|j|☆Toto2002
|t:|1776107966
|gametype|singles
|player|p1|Xiph2000|ariana|1273
|player|p2|Toto2002|rosa|1255
|gen|9
|tier|[Gen 9] OU
|rated|
|rule|HP Percentage Mod: HP is shown in percentages
|rule|Endless Battle Clause: Forcing endless battles is banned
|rule|Species Clause: Limit one of each Pokémon
|rule|OHKO Clause: OHKO moves are banned
|rule|Evasion Items Clause: Evasion items are banned
|rule|Evasion Moves Clause: Evasion moves are banned
|rule|Evasion Abilities Clause: Evasion abilities are banned
|rule|Sleep Moves Clause: Sleep-inducing moves are banned
|clearpoke
|poke|p1|Toucannon, F|
|poke|p1|Dragonite, M|
|poke|p1|Zamazenta-*|
|poke|p1|Iron Treads|
|poke|p1|Zapdos|
|poke|p1|Primarina, M|
|poke|p2|Ogerpon-Wellspring, F|
|poke|p2|Kingambit, M|
|poke|p2|Landorus-Therian, M|
|poke|p2|Glimmora, M|
|poke|p2|Dragapult, M|
|poke|p2|Iron Valiant|
|teampreview
|inactive|Battle timer is ON: inactive players will automatically lose when time's up. (requested by Xiph2000)
|c|☆Xiph2000|have fun
|
|t:|1776107998
|teamsize|p1|6
|teamsize|p2|6
|start
|switch|p1a: Iron Treads|Iron Treads|100/100
|switch|p2a: Dragapult|Dragapult, M|100/100
|-item|p1a: Iron Treads|Air Balloon
|turn|1
|
|t:|1776108002
|move|p2a: Dragapult|Flamethrower|p1a: Iron Treads
|-supereffective|p1a: Iron Treads
|-damage|p1a: Iron Treads|0 fnt
|-enditem|p1a: Iron Treads|Air Balloon
|faint|p1a: Iron Treads
|-end|p1a: Iron Treads|Quark Drive|[silent]
|
|upkeep
|
|t:|1776108006
|switch|p1a: Toucannon|Toucannon, F|100/100
|turn|2
|
|t:|1776108015
|switch|p2a: Glimmora|Glimmora, M|100/100
|-singleturn|p1a: Toucannon|move: Beak Blast
|move|p1a: Toucannon|Beak Blast|p2a: Glimmora
|-resisted|p2a: Glimmora
|-damage|p2a: Glimmora|69/100
|-activate|p2a: Glimmora|ability: Toxic Debris
|-sidestart|p1: Xiph2000|move: Toxic Spikes
|
|upkeep
|turn|3
|
|t:|1776108020
|move|p2a: Glimmora|Meteor Beam||[still]
|-prepare|p2a: Glimmora|Meteor Beam
|-boost|p2a: Glimmora|spa|1
|-enditem|p2a: Glimmora|Power Herb
|-anim|p2a: Glimmora|Meteor Beam|p1a: Toucannon
|-supereffective|p1a: Toucannon
|-damage|p1a: Toucannon|0 fnt
|faint|p1a: Toucannon
|
|upkeep
|
|t:|1776108027
|switch|p1a: Dragonite|Dragonite, M|100/100
|turn|4
|
|t:|1776108030
|move|p2a: Glimmora|Mortal Spin|p1a: Dragonite
|-damage|p1a: Dragonite|97/100
|-status|p1a: Dragonite|psn
|move|p1a: Dragonite|Dragon Dance|p1a: Dragonite
|-boost|p1a: Dragonite|atk|1
|-boost|p1a: Dragonite|spe|1
|
|-damage|p1a: Dragonite|85/100 psn|[from] psn
|upkeep
|turn|5
|
|t:|1776108034
|switch|p2a: Landorus|Landorus-Therian, M|100/100
|-ability|p2a: Landorus|Intimidate|boost
|-unboost|p1a: Dragonite|atk|1
|move|p1a: Dragonite|Scale Shot|p2a: Landorus
|-damage|p2a: Landorus|87/100
|-damage|p2a: Landorus|72/100
|-damage|p2a: Landorus|59/100
|-damage|p2a: Landorus|44/100
|-damage|p2a: Landorus|29/100
|-hitcount|p2a: Landorus|5
|-unboost|p1a: Dragonite|def|1
|-boost|p1a: Dragonite|spe|1
|
|-damage|p1a: Dragonite|72/100 psn|[from] psn
|upkeep
|turn|6
|
|t:|1776108042
|move|p1a: Dragonite|Scale Shot|p2a: Landorus
|-damage|p2a: Landorus|14/100
|-damage|p2a: Landorus|0 fnt
|faint|p2a: Landorus
|-hitcount|p2: Landorus|2
|-unboost|p1a: Dragonite|def|1
|-boost|p1a: Dragonite|spe|1
|
|-damage|p1a: Dragonite|60/100 psn|[from] psn
|upkeep
|
|t:|1776108049
|switch|p2a: Kingambit|Kingambit, M|100/100
|-activate|p2a: Kingambit|ability: Supreme Overlord
|-start|p2a: Kingambit|fallen1|[silent]
|turn|7
|
|t:|1776108056
|-terastallize|p2a: Kingambit|Ghost
|move|p1a: Dragonite|Fire Punch|p2a: Kingambit
|-crit|p2a: Kingambit
|-damage|p2a: Kingambit|69/100
|-status|p2a: Kingambit|brn
|move|p2a: Kingambit|Kowtow Cleave|p1a: Dragonite
|-damage|p1a: Dragonite|0 fnt
|faint|p1a: Dragonite
|
|-heal|p2a: Kingambit|75/100 brn|[from] item: Leftovers
|-damage|p2a: Kingambit|69/100 brn|[from] brn
|upkeep
|
|t:|1776108061
|switch|p1a: Zapdos|Zapdos|100/100
|turn|8
|
|t:|1776108088
|move|p1a: Zapdos|Hurricane|p2a: Kingambit
|-damage|p2a: Kingambit|0 fnt
|faint|p2a: Kingambit
|-end|p2a: Kingambit|fallen1|[silent]
|
|upkeep
|
|t:|1776108095
|switch|p2a: Glimmora|Glimmora, M|69/100
|turn|9
|
|t:|1776108098
|switch|p1a: Zamazenta|Zamazenta|100/100
|-status|p1a: Zamazenta|psn
|-ability|p1a: Zamazenta|Dauntless Shield|boost
|-boost|p1a: Zamazenta|def|1
|move|p2a: Glimmora|Mortal Spin|p1a: Zamazenta
|-damage|p1a: Zamazenta|97/100 psn
|
|-damage|p1a: Zamazenta|84/100 psn|[from] psn
|upkeep
|turn|10
|
|t:|1776108105
|move|p1a: Zamazenta|Crunch|p2a: Glimmora
|-damage|p2a: Glimmora|22/100
|-activate|p2a: Glimmora|ability: Toxic Debris
|-sidestart|p1: Xiph2000|move: Toxic Spikes
|move|p2a: Glimmora|Spikes|p1a: Zamazenta
|-sidestart|p1: Xiph2000|Spikes
|
|-damage|p1a: Zamazenta|72/100 psn|[from] psn
|upkeep
|turn|11
|
|t:|1776108107
|move|p1a: Zamazenta|Crunch|p2a: Glimmora
|-damage|p2a: Glimmora|0 fnt
|faint|p2a: Glimmora
|
|-damage|p1a: Zamazenta|60/100 psn|[from] psn
|upkeep
|
|t:|1776108111
|switch|p2a: Dragapult|Dragapult, M|100/100
|turn|12
|
|t:|1776108113
|move|p2a: Dragapult|Shadow Ball|p1a: Zamazenta
|-damage|p1a: Zamazenta|15/100 psn
|-unboost|p1a: Zamazenta|spd|1
|move|p1a: Zamazenta|Crunch|p2a: Dragapult
|-supereffective|p2a: Dragapult
|-damage|p2a: Dragapult|0 fnt
|faint|p2a: Dragapult
|
|-damage|p1a: Zamazenta|2/100 psn|[from] psn
|upkeep
|
|t:|1776108119
|switch|p2a: Ogerpon|Ogerpon-Wellspring, F|100/100
|turn|13
|
|t:|1776108123
|move|p1a: Zamazenta|Crunch|p2a: Ogerpon
|-damage|p2a: Ogerpon|46/100
|move|p2a: Ogerpon|Ivy Cudgel|p1a: Zamazenta|[anim] Ivy Cudgel Water
|-damage|p1a: Zamazenta|0 fnt
|faint|p1a: Zamazenta
|
|upkeep
|
|t:|1776108129
|switch|p1a: Zapdos|Zapdos|100/100
|turn|14
|
|t:|1776108131
|move|p2a: Ogerpon|Ivy Cudgel|p1a: Zapdos|[anim] Ivy Cudgel Water
|-damage|p1a: Zapdos|28/100
|move|p1a: Zapdos|Volt Switch|p2a: Ogerpon
|-crit|p2a: Ogerpon
|-damage|p2a: Ogerpon|0 fnt
|faint|p2a: Ogerpon
|
|t:|1776108135
|switch|p1a: Primarina|Primarina, M|100/100|[from] Volt Switch
|-status|p1a: Primarina|tox
|-damage|p1a: Primarina|88/100 tox|[from] Spikes
|
|-damage|p1a: Primarina|82/100 tox|[from] psn
|upkeep
|
|t:|1776108137
|switch|p2a: Iron Valiant|Iron Valiant|100/100
|-enditem|p2a: Iron Valiant|Booster Energy
|-activate|p2a: Iron Valiant|ability: Quark Drive|[fromitem]
|-start|p2a: Iron Valiant|quarkdrivespe
|turn|15
|
|t:|1776108143
|move|p2a: Iron Valiant|Spirit Break|p1a: Primarina
|-damage|p1a: Primarina|35/100 tox
|-unboost|p1a: Primarina|spa|1
|move|p1a: Primarina|Moonblast|p2a: Iron Valiant
|-supereffective|p2a: Iron Valiant
|-damage|p2a: Iron Valiant|0 fnt
|faint|p2a: Iron Valiant
|-end|p2a: Iron Valiant|Quark Drive|[silent]
|
|win|Xiph2000
|raw|Xiph2000's rating: 1273 &rarr; <strong>1297</strong><br />(+24 for winning)
|raw|Toto2002's rating: 1255 &rarr; <strong>1231</strong><br />(-24 for losing)
|l|☆Toto2002
|player|p2|
|l|☆Xiph2000
|player|p1|
