|html|<div class="broadcast-blue"><strong>[Gen 9] OU is currently suspecting Tera Blast! For information on how to participate check out the <a href="https://www.smogon.com/tools/suspects/view/200">suspect thread</a>.</strong></div>
|j|☆Winterchillz
|j|☆tonightbaby
|t:|1776113847
|gametype|singles
|player|p1|Winterchillz|wallace|1503
|player|p2|tonightbaby|rood|1492
|gen|9
|tier|[Gen 9] OU
|rated|
|rule|HP Percentage Mod: HP is shown in percentages
|rule|Endless Battle Clause: Forcing endless battles is banned
|rule|Species Clause: Limit one of each Pokémon
|rule|OHKO Clause: OHKO moves are banned
|rule|Evasion Items Clause: Evasion items are banned
|rule|Evasion Moves Clause: Evasion moves are banned
|rule|Evasion Abilities Clause: Evasion abilities are banned
|rule|Sleep Moves Clause: Sleep-inducing moves are banned
|clearpoke
|poke|p1|Pecharunt|
|poke|p1|Great Tusk|
|poke|p1|Kyurem|
|poke|p1|Primarina, M|
|poke|p1|Dragonite, F|
|poke|p1|Cinderace, M|
|poke|p2|Inteleon, F|
|poke|p2|Gholdengo|
|poke|p2|Ting-Lu|
|poke|p2|Dragonite, M|
|poke|p2|Ceruledge, F|
|poke|p2|Ogerpon-Wellspring, F|
|teampreview
|inactive|Battle timer is ON: inactive players will automatically lose when time's up. (requested by Winterchillz)
|
|t:|1776113866
|teamsize|p1|6
|teamsize|p2|6
|start
|switch|p1a: Cinderace|Cinderace, M|100/100
|switch|p2a: Inteleon|Inteleon, F|100/100
|turn|1
|
|t:|1776113872
|switch|p1a: Primarina|Primarina, M|100/100
|move|p2a: Inteleon|Snipe Shot|p1a: Primarina
|-resisted|p1a: Primarina
|-damage|p1a: Primarina|90/100
|
|upkeep
|turn|2
|
|t:|1776113880
|move|p2a: Inteleon|U-turn|p1a: Primarina
|-resisted|p1a: Primarina
|-damage|p1a: Primarina|82/100
|
|t:|1776113884
|switch|p2a: Gholdengo|Gholdengo|100/100|[from] U-turn
|-item|p2a: Gholdengo|Air Balloon
|move|p1a: Primarina|Moonblast|p2a: Gholdengo
|-resisted|p2a: Gholdengo
|-damage|p2a: Gholdengo|83/100
|-unboost|p2a: Gholdengo|spa|1
|-enditem|p2a: Gholdengo|Air Balloon
|
|upkeep
|turn|3
|
|t:|1776113891
|move|p2a: Gholdengo|Thunder Wave|p1a: Primarina
|-status|p1a: Primarina|par
|move|p1a: Primarina|Flip Turn|p2a: Gholdengo
|-damage|p2a: Gholdengo|71/100
|
|t:|1776113896
|switch|p1a: Cinderace|Cinderace, M|100/100|[from] Flip Turn
|
|upkeep
|turn|4
|
|t:|1776113903
|switch|p2a: Ceruledge|Ceruledge, F|100/100
|move|p1a: Cinderace|Pyro Ball|p2a: Ceruledge
|-start|p2a: Ceruledge|ability: Flash Fire
|
|upkeep
|turn|5
|
|t:|1776113911
|move|p1a: Cinderace|U-turn|p2a: Ceruledge
|-resisted|p2a: Ceruledge
|-damage|p2a: Ceruledge|96/100
|
|t:|1776113921
|switch|p1a: Great Tusk|Great Tusk|100/100|[from] U-turn
|move|p2a: Ceruledge|Bulk Up|p2a: Ceruledge
|-boost|p2a: Ceruledge|atk|1
|-boost|p2a: Ceruledge|def|1
|
|upkeep
|turn|6
|
|t:|1776113936
|-terastallize|p2a: Ceruledge|Bug
|move|p1a: Great Tusk|Earthquake|p2a: Ceruledge
|-resisted|p2a: Ceruledge
|-damage|p2a: Ceruledge|74/100
|move|p2a: Ceruledge|Bulk Up|p2a: Ceruledge
|-boost|p2a: Ceruledge|atk|1
|-boost|p2a: Ceruledge|def|1
|
|upkeep
|turn|7
|
|t:|1776113946
|move|p1a: Great Tusk|Stealth Rock|p2a: Ceruledge
|-sidestart|p2: tonightbaby|move: Stealth Rock
|move|p2a: Ceruledge|Bitter Blade|p1a: Great Tusk
|-damage|p1a: Great Tusk|13/100
|-heal|p2a: Ceruledge|100/100|[from] drain|[of] p1a: Great Tusk
|-damage|p2a: Ceruledge|84/100|[from] item: Rocky Helmet|[of] p1a: Great Tusk
|
|upkeep
|turn|8
|
|t:|1776113953
|move|p2a: Ceruledge|Shadow Sneak|p1a: Great Tusk
|-damage|p1a: Great Tusk|0 fnt
|-damage|p2a: Ceruledge|67/100|[from] item: Rocky Helmet|[of] p1a: Great Tusk
|faint|p1a: Great Tusk
|-end|p1a: Great Tusk|Protosynthesis|[silent]
|
|upkeep
|
|t:|1776113961
|switch|p1a: Kyurem|Kyurem|100/100
|-ability|p1a: Kyurem|Pressure
|turn|9
|
|t:|1776113964
|move|p1a: Kyurem|Ice Beam|p2a: Ceruledge
|-damage|p2a: Ceruledge|17/100
|move|p2a: Ceruledge|Bitter Blade|p1a: Kyurem
|-damage|p1a: Kyurem|0 fnt
|-heal|p2a: Ceruledge|73/100|[from] drain|[of] p1a: Kyurem
|faint|p1a: Kyurem
|
|upkeep
|
|t:|1776113975
|switch|p1a: Pecharunt|Pecharunt|100/100
|turn|10
|
|t:|1776113978
|-terastallize|p1a: Pecharunt|Dark
|move|p1a: Pecharunt|Malignant Chain|p2a: Ceruledge
|-damage|p2a: Ceruledge|52/100
|-status|p2a: Ceruledge|tox
|-start|p2a: Ceruledge|confusion|[from] ability: Poison Puppeteer|[of] p1a: Pecharunt
|-activate|p2a: Ceruledge|confusion
|move|p2a: Ceruledge|Bitter Blade|p1a: Pecharunt
|-damage|p1a: Pecharunt|32/100
|-heal|p2a: Ceruledge|89/100 tox|[from] drain|[of] p1a: Pecharunt
|
|-damage|p2a: Ceruledge|83/100 tox|[from] psn
|upkeep
|turn|11
|
|t:|1776113991
|move|p1a: Pecharunt|Malignant Chain|p2a: Ceruledge
|-damage|p2a: Ceruledge|61/100 tox
|-end|p2a: Ceruledge|confusion
|move|p2a: Ceruledge|Bitter Blade|p1a: Pecharunt
|-damage|p1a: Pecharunt|0 fnt
|-heal|p2a: Ceruledge|78/100 tox|[from] drain|[of] p1a: Pecharunt
|faint|p1a: Pecharunt
|
|-damage|p2a: Ceruledge|65/100 tox|[from] psn
|upkeep
|-message|Winterchillz forfeited.
|
|win|tonightbaby
|raw|Winterchillz's rating: 1503 &rarr; <strong>1482</strong><br />(-21 for losing)
|raw|tonightbaby's rating: 1492 &rarr; <strong>1513</strong><br />(+21 for winning)
|l|☆Winterchillz
|player|p1|
|l|☆tonightbaby
|player|p2|
