|html|<div class="broadcast-blue"><strong>[Gen 9] OU is currently suspecting Tera Blast! For information on how to participate check out the <a href="https://www.smogon.com/tools/suspects/view/200">suspect thread</a>.</strong></div>
|j|☆pytrax
|j|☆Blastoise_Choice
|t:|1776079532
|gametype|singles
|player|p1|pytrax|emma|1548
|player|p2|Blastoise_Choice|benga|1671
|gen|9
|tier|[Gen 9] OU
|rated|
|rule|HP Percentage Mod: HP is shown in percentages
|rule|Endless Battle Clause: Forcing endless battles is banned
|rule|Species Clause: Limit one of each Pokémon
|rule|OHKO Clause: OHKO moves are banned
|rule|Evasion Items Clause: Evasion items are banned
|rule|Evasion Moves Clause: Evasion moves are banned
|rule|Evasion Abilities Clause: Evasion abilities are banned
|rule|Sleep Moves Clause: Sleep-inducing moves are banned
|clearpoke
|poke|p1|Zamazenta-*|
|poke|p1|Slowking-Galar, F|
|poke|p1|Landorus-Therian, M|
|poke|p1|Kingambit, M|
|poke|p1|Scream Tail|
|poke|p1|Cinderace, F|
|poke|p2|Hydrapple, M|
|poke|p2|Tyranitar, F|
|poke|p2|Moltres|
|poke|p2|Zamazenta-*|
|poke|p2|Slowking-Galar, F|
|poke|p2|Excadrill, F|
|teampreview
|inactive|Battle timer is ON: inactive players will automatically lose when time's up. (requested by pytrax)
|j| Dogedgr8
|c|☆Blastoise_Choice|hf
|inactive|Blastoise_Choice also wants the timer to be on.
|inactive|pytrax has 120 seconds left.
|
|t:|1776079591
|teamsize|p1|6
|teamsize|p2|6
|start
|switch|p1a: Landorus|Landorus-Therian, M|100/100
|switch|p2a: Zamazenta|Zamazenta|100/100
|-ability|p2a: Zamazenta|Dauntless Shield|boost
|-boost|p2a: Zamazenta|def|1
|-ability|p1a: Landorus|Intimidate|boost
|-unboost|p2a: Zamazenta|atk|1
|turn|1
|
|t:|1776079599
|switch|p2a: Hydrapple|Hydrapple, M|100/100
|move|p1a: Landorus|U-turn|p2a: Hydrapple
|-supereffective|p2a: Hydrapple
|-damage|p2a: Hydrapple|73/100
|
|t:|1776079608
|switch|p1a: Cinderace|Cinderace, F|100/100|[from] U-turn
|
|upkeep
|turn|2
|
|t:|1776079614
|move|p1a: Cinderace|Will-O-Wisp|p2a: Hydrapple|[miss]
|-miss|p1a: Cinderace|p2a: Hydrapple
|move|p2a: Hydrapple|Fickle Beam|p1a: Cinderace|[anim] Fickle Beam All Out
|-activate|p2a: Hydrapple|move: Fickle Beam
|-damage|p1a: Cinderace|25/100
|
|upkeep
|turn|3
|
|t:|1776079621
|switch|p2a: Moltres|Moltres|100/100
|move|p1a: Cinderace|U-turn|p2a: Moltres
|-resisted|p2a: Moltres
|-damage|p2a: Moltres|97/100
|
|t:|1776079627
|switch|p1a: Landorus|Landorus-Therian, M|100/100|[from] U-turn
|-ability|p1a: Landorus|Intimidate|boost
|-unboost|p2a: Moltres|atk|1
|
|upkeep
|turn|4
|
|t:|1776079633
|move|p1a: Landorus|Stone Edge|p2a: Moltres
|-supereffective|p2a: Moltres
|-damage|p2a: Moltres|5/100
|move|p2a: Moltres|Flamethrower|p1a: Landorus
|-damage|p1a: Landorus|57/100
|
|-heal|p1a: Landorus|63/100|[from] item: Leftovers
|upkeep
|turn|5
|
|t:|1776079644
|move|p1a: Landorus|Tera Blast|p2a: Moltres
|-damage|p2a: Moltres|0 fnt
|faint|p2a: Moltres
|
|-heal|p1a: Landorus|69/100|[from] item: Leftovers
|upkeep
|
|t:|1776079648
|switch|p2a: Zamazenta|Zamazenta|100/100
|turn|6
|
|t:|1776079651
|switch|p1a: Scream Tail|Scream Tail|100/100
|move|p2a: Zamazenta|Iron Defense|p2a: Zamazenta
|-boost|p2a: Zamazenta|def|2
|
|upkeep
|turn|7
|
|t:|1776079658
|move|p2a: Zamazenta|Iron Defense|p2a: Zamazenta
|-boost|p2a: Zamazenta|def|2
|move|p1a: Scream Tail|Dazzling Gleam|p2a: Zamazenta
|-supereffective|p2a: Zamazenta
|-damage|p2a: Zamazenta|65/100
|
|-heal|p2a: Zamazenta|71/100|[from] item: Leftovers
|upkeep
|turn|8
|
|t:|1776079665
|move|p1a: Scream Tail|Encore|p2a: Zamazenta
|-start|p2a: Zamazenta|Encore
|move|p2a: Zamazenta|Iron Defense|p2a: Zamazenta
|-boost|p2a: Zamazenta|def|2
|
|-heal|p2a: Zamazenta|77/100|[from] item: Leftovers
|upkeep
|turn|9
|
|t:|1776079671
|switch|p2a: Slowking|Slowking-Galar, F|100/100
|move|p1a: Scream Tail|Dazzling Gleam|p2a: Slowking
|-resisted|p2a: Slowking
|-damage|p2a: Slowking|95/100
|
|upkeep
|turn|10
|
|t:|1776079679
|-end|p1a: Scream Tail|Protosynthesis|[silent]
|switch|p1a: Slowking|Slowking-Galar, F|100/100
|move|p2a: Slowking|Sludge Bomb|p1a: Slowking
|-resisted|p1a: Slowking
|-damage|p1a: Slowking|92/100
|
|upkeep
|turn|11
|
|t:|1776079687
|move|p2a: Slowking|Psyshock|p1a: Slowking
|-damage|p1a: Slowking|59/100
|move|p1a: Slowking|Future Sight|p2a: Slowking
|-start|p1a: Slowking|move: Future Sight
|
|upkeep
|turn|12
|
|t:|1776079697
|switch|p1a: Kingambit|Kingambit, M|100/100
|move|p2a: Slowking|Flamethrower|p1a: Kingambit
|-supereffective|p1a: Kingambit
|-damage|p1a: Kingambit|53/100
|
|-heal|p1a: Kingambit|59/100|[from] item: Leftovers
|upkeep
|turn|13
|
|t:|1776079705
|switch|p2a: Hydrapple|Hydrapple, M|100/100
|move|p1a: Kingambit|Iron Head|p2a: Hydrapple
|-damage|p2a: Hydrapple|71/100
|
|-end|p2a: Hydrapple|move: Future Sight
|-damage|p2a: Hydrapple|15/100
|-heal|p1a: Kingambit|65/100|[from] item: Leftovers
|upkeep
|turn|14
|
|t:|1776079713
|switch|p2a: Zamazenta|Zamazenta|77/100
|move|p1a: Kingambit|Iron Head|p2a: Zamazenta
|-damage|p2a: Zamazenta|41/100
|
|-heal|p2a: Zamazenta|47/100|[from] item: Leftovers
|-heal|p1a: Kingambit|71/100|[from] item: Leftovers
|upkeep
|turn|15
|
|t:|1776079725
|move|p2a: Zamazenta|Iron Defense|p2a: Zamazenta
|-boost|p2a: Zamazenta|def|2
|move|p1a: Kingambit|Iron Head|p2a: Zamazenta
|-damage|p2a: Zamazenta|29/100
|
|-heal|p2a: Zamazenta|36/100|[from] item: Leftovers
|-heal|p1a: Kingambit|77/100|[from] item: Leftovers
|upkeep
|turn|16
|
|t:|1776079733
|-end|p1a: Kingambit|fallenundefined|[silent]
|switch|p1a: Scream Tail|Scream Tail|100/100
|move|p2a: Zamazenta|Roar|p1a: Scream Tail
|-end|p1a: Scream Tail|Protosynthesis|[silent]
|drag|p1a: Cinderace|Cinderace, F|25/100
|
|-heal|p2a: Zamazenta|42/100|[from] item: Leftovers
|upkeep
|turn|17
|
|t:|1776079740
|move|p1a: Cinderace|Will-O-Wisp|p2a: Zamazenta
|-status|p2a: Zamazenta|brn
|move|p2a: Zamazenta|Roar|p1a: Cinderace
|drag|p1a: Slowking|Slowking-Galar, F|92/100
|
|-heal|p2a: Zamazenta|48/100 brn|[from] item: Leftovers
|-damage|p2a: Zamazenta|42/100 brn|[from] brn
|upkeep
|turn|18
|
|t:|1776079748
|switch|p2a: Hydrapple|Hydrapple, M|48/100
|move|p1a: Slowking|Sludge Bomb|p2a: Hydrapple
|-supereffective|p2a: Hydrapple
|-damage|p2a: Hydrapple|0 fnt
|faint|p2a: Hydrapple
|
|upkeep
|
|t:|1776079754
|switch|p2a: Tyranitar|Tyranitar, F|100/100
|-weather|Sandstorm|[from] ability: Sand Stream|[of] p2a: Tyranitar
|turn|19
|
|t:|1776079765
|switch|p1a: Scream Tail|Scream Tail|100/100
|move|p2a: Tyranitar|Knock Off|p1a: Scream Tail
|-damage|p1a: Scream Tail|66/100
|-enditem|p1a: Scream Tail|Leftovers|[from] move: Knock Off|[of] p2a: Tyranitar
|
|-weather|Sandstorm|[upkeep]
|-damage|p1a: Scream Tail|60/100|[from] Sandstorm
|upkeep
|turn|20
|
|t:|1776079772
|move|p1a: Scream Tail|Wish|p1a: Scream Tail
|move|p2a: Tyranitar|Knock Off|p1a: Scream Tail
|-damage|p1a: Scream Tail|36/100
|
|-weather|Sandstorm|[upkeep]
|-damage|p1a: Scream Tail|30/100|[from] Sandstorm
|upkeep
|turn|21
|
|t:|1776079776
|move|p1a: Scream Tail|Protect|p1a: Scream Tail
|-singleturn|p1a: Scream Tail|Protect
|move|p2a: Tyranitar|Thunder Wave|p1a: Scream Tail
|-activate|p1a: Scream Tail|move: Protect
|
|-weather|Sandstorm|[upkeep]
|-damage|p1a: Scream Tail|24/100|[from] Sandstorm
|-heal|p1a: Scream Tail|74/100|[from] move: Wish|[wisher] Scream Tail
|upkeep
|turn|22
|
|t:|1776079780
|move|p1a: Scream Tail|Wish|p1a: Scream Tail
|move|p2a: Tyranitar|Knock Off|p1a: Scream Tail
|-damage|p1a: Scream Tail|51/100
|
|-weather|Sandstorm|[upkeep]
|-damage|p1a: Scream Tail|45/100|[from] Sandstorm
|upkeep
|turn|23
|
|t:|1776079787
|move|p1a: Scream Tail|Dazzling Gleam|p2a: Tyranitar
|-supereffective|p2a: Tyranitar
|-damage|p2a: Tyranitar|84/100
|move|p2a: Tyranitar|Thunder Wave|p1a: Scream Tail
|-status|p1a: Scream Tail|par
|
|-weather|Sandstorm|[upkeep]
|-damage|p1a: Scream Tail|38/100 par|[from] Sandstorm
|-heal|p1a: Scream Tail|88/100 par|[from] move: Wish|[wisher] Scream Tail
|upkeep
|turn|24
|
|t:|1776079795
|move|p1a: Scream Tail|Wish|p1a: Scream Tail
|move|p2a: Tyranitar|Knock Off|p1a: Scream Tail
|-damage|p1a: Scream Tail|65/100 par
|
|-weather|Sandstorm|[upkeep]
|-damage|p1a: Scream Tail|59/100 par|[from] Sandstorm
|upkeep
|turn|25
|
|t:|1776079799
|-end|p1a: Scream Tail|Protosynthesis|[silent]
|switch|p1a: Landorus|Landorus-Therian, M|69/100
|-ability|p1a: Landorus|Intimidate|boost
|-unboost|p2a: Tyranitar|atk|1
|move|p2a: Tyranitar|Stealth Rock|p1a: Landorus
|-sidestart|p1: pytrax|move: Stealth Rock
|
|-weather|Sandstorm|[upkeep]
|-heal|p1a: Landorus|100/100|[from] move: Wish|[wisher] Scream Tail
|upkeep
|turn|26
|
|t:|1776079806
|switch|p2a: Zamazenta|Zamazenta|42/100 brn
|move|p1a: Landorus|Earthquake|p2a: Zamazenta
|-damage|p2a: Zamazenta|4/100 brn
|
|-weather|none
|-heal|p2a: Zamazenta|11/100 brn|[from] item: Leftovers
|-damage|p2a: Zamazenta|4/100 brn|[from] brn
|upkeep
|turn|27
|
|t:|1776079817
|move|p2a: Zamazenta|Body Press|p1a: Landorus
|-resisted|p1a: Landorus
|-damage|p1a: Landorus|91/100
|move|p1a: Landorus|Earthquake|p2a: Zamazenta
|-damage|p2a: Zamazenta|0 fnt
|faint|p2a: Zamazenta
|
|-heal|p1a: Landorus|97/100|[from] item: Leftovers
|upkeep
|
|t:|1776079821
|switch|p2a: Slowking|Slowking-Galar, F|100/100
|turn|28
|
|t:|1776079825
|move|p1a: Landorus|U-turn|p2a: Slowking
|-damage|p2a: Slowking|82/100
|
|t:|1776079827
|switch|p1a: Slowking|Slowking-Galar, F|100/100|[from] U-turn
|-damage|p1a: Slowking|88/100|[from] Stealth Rock
|move|p2a: Slowking|Ice Beam|p1a: Slowking
|-damage|p1a: Slowking|76/100
|
|upkeep
|turn|29
|
|t:|1776079835
|move|p2a: Slowking|Flamethrower|p1a: Slowking
|-damage|p1a: Slowking|65/100
|move|p1a: Slowking|Psyshock|p2a: Slowking
|-damage|p2a: Slowking|53/100
|
|upkeep
|turn|30
|
|t:|1776079841
|move|p2a: Slowking|Flamethrower|p1a: Slowking
|-damage|p1a: Slowking|54/100
|move|p1a: Slowking|Surf|p2a: Slowking
|-damage|p2a: Slowking|36/100
|
|upkeep
|turn|31
|
|t:|1776079850
|move|p2a: Slowking|Flamethrower|p1a: Slowking
|-damage|p1a: Slowking|43/100
|move|p1a: Slowking|Surf|p2a: Slowking
|-damage|p2a: Slowking|22/100
|
|upkeep
|turn|32
|
|t:|1776079854
|switch|p2a: Excadrill|Excadrill, F|100/100
|-item|p2a: Excadrill|Air Balloon
|move|p1a: Slowking|Psyshock|p2a: Excadrill
|-resisted|p2a: Excadrill
|-crit|p2a: Excadrill
|-damage|p2a: Excadrill|59/100
|-enditem|p2a: Excadrill|Air Balloon
|
|upkeep
|turn|33
|
|t:|1776079859
|switch|p2a: Slowking|Slowking-Galar, F|56/100
|move|p1a: Slowking|Surf|p2a: Slowking
|-damage|p2a: Slowking|40/100
|
|upkeep
|turn|34
|
|t:|1776079863
|move|p2a: Slowking|Flamethrower|p1a: Slowking
|-damage|p1a: Slowking|31/100
|move|p1a: Slowking|Psyshock|p2a: Slowking
|-damage|p2a: Slowking|13/100
|
|upkeep
|turn|35
|
|t:|1776079867
|move|p2a: Slowking|Sludge Bomb|p1a: Slowking
|-resisted|p1a: Slowking
|-damage|p1a: Slowking|24/100
|move|p1a: Slowking|Surf|p2a: Slowking
|-damage|p2a: Slowking|0 fnt
|faint|p2a: Slowking
|
|upkeep
|
|t:|1776079871
|switch|p2a: Tyranitar|Tyranitar, F|84/100
|-weather|Sandstorm|[from] ability: Sand Stream|[of] p2a: Tyranitar
|turn|36
|
|t:|1776079874
|move|p2a: Tyranitar|Knock Off|p1a: Slowking
|-supereffective|p1a: Slowking
|-damage|p1a: Slowking|0 fnt
|-enditem|p1a: Slowking|Assault Vest|[from] move: Knock Off|[of] p2a: Tyranitar
|faint|p1a: Slowking
|
|-weather|Sandstorm|[upkeep]
|upkeep
|
|t:|1776079885
|switch|p1a: Zamazenta|Zamazenta|100/100
|-damage|p1a: Zamazenta|94/100|[from] Stealth Rock
|-ability|p1a: Zamazenta|Dauntless Shield|boost
|-boost|p1a: Zamazenta|def|1
|turn|37
|
|t:|1776079891
|-terastallize|p2a: Tyranitar|Flying
|move|p1a: Zamazenta|Close Combat|p2a: Tyranitar
|-resisted|p2a: Tyranitar
|-damage|p2a: Tyranitar|51/100
|-unboost|p1a: Zamazenta|def|1
|-unboost|p1a: Zamazenta|spd|1
|move|p2a: Tyranitar|Knock Off|p1a: Zamazenta
|-resisted|p1a: Zamazenta
|-damage|p1a: Zamazenta|74/100
|-enditem|p1a: Zamazenta|Choice Band|[from] move: Knock Off|[of] p2a: Tyranitar
|
|-weather|Sandstorm|[upkeep]
|-damage|p1a: Zamazenta|68/100|[from] Sandstorm
|-damage|p2a: Tyranitar|45/100|[from] Sandstorm
|upkeep
|turn|38
|
|t:|1776079898
|switch|p2a: Excadrill|Excadrill, F|59/100
|move|p1a: Zamazenta|Stone Edge|p2a: Excadrill
|-resisted|p2a: Excadrill
|-damage|p2a: Excadrill|47/100
|
|-weather|Sandstorm|[upkeep]
|-damage|p1a: Zamazenta|62/100|[from] Sandstorm
|upkeep
|turn|39
|
|t:|1776079904
|move|p2a: Excadrill|Iron Head|p1a: Zamazenta
|-damage|p1a: Zamazenta|24/100
|move|p1a: Zamazenta|Close Combat|p2a: Excadrill
|-supereffective|p2a: Excadrill
|-damage|p2a: Excadrill|0 fnt
|-unboost|p1a: Zamazenta|def|1
|-unboost|p1a: Zamazenta|spd|1
|faint|p2a: Excadrill
|
|-weather|Sandstorm|[upkeep]
|-damage|p1a: Zamazenta|17/100|[from] Sandstorm
|upkeep
|
|t:|1776079910
|switch|p2a: Tyranitar|Tyranitar, F, tera:Flying|45/100
|turn|40
|
|t:|1776079916
|move|p1a: Zamazenta|Close Combat|p2a: Tyranitar
|-resisted|p2a: Tyranitar
|-damage|p2a: Tyranitar|23/100
|-unboost|p1a: Zamazenta|def|1
|-unboost|p1a: Zamazenta|spd|1
|move|p2a: Tyranitar|Thunder Wave|p1a: Zamazenta|[miss]
|-miss|p2a: Tyranitar|p1a: Zamazenta
|
|-weather|Sandstorm|[upkeep]
|-damage|p1a: Zamazenta|11/100|[from] Sandstorm
|-damage|p2a: Tyranitar|17/100|[from] Sandstorm
|upkeep
|turn|41
|
|t:|1776079922
|move|p1a: Zamazenta|Close Combat|p2a: Tyranitar
|-resisted|p2a: Tyranitar
|-damage|p2a: Tyranitar|0 fnt
|-unboost|p1a: Zamazenta|def|1
|-unboost|p1a: Zamazenta|spd|1
|faint|p2a: Tyranitar
|
|win|pytrax
|raw|pytrax's rating: 1548 &rarr; <strong>1575</strong><br />(+27 for winning)
|raw|Blastoise_Choice's rating: 1671 &rarr; <strong>1644</strong><br />(-27 for losing)
|c|☆Blastoise_Choice|gg
|c|☆pytrax|gg
|l|☆pytrax
|player|p1|
