|html|<div class="broadcast-blue"><strong>[Gen 9] OU is currently suspecting Tera Blast! For information on how to participate check out the <a href="https://www.smogon.com/tools/suspects/view/200">suspect thread</a>.</strong></div>
|j|☆findamental
|j|☆mfgunax
|t:|1776082213
|gametype|singles
|player|p1|findamental|plasmagrunt|1218
|player|p2|mfgunax|giovanni|1181
|gen|9
|tier|[Gen 9] OU
|rated|
|rule|HP Percentage Mod: HP is shown in percentages
|rule|Endless Battle Clause: Forcing endless battles is banned
|rule|Species Clause: Limit one of each Pokémon
|rule|OHKO Clause: OHKO moves are banned
|rule|Evasion Items Clause: Evasion items are banned
|rule|Evasion Moves Clause: Evasion moves are banned
|rule|Evasion Abilities Clause: Evasion abilities are banned
|rule|Sleep Moves Clause: Sleep-inducing moves are banned
|clearpoke
|poke|p1|Raikou|
|poke|p1|Entei|
|poke|p1|Regirock|
|poke|p1|Registeel|
|poke|p1|Regice|
|poke|p1|Suicune|
|poke|p2|Gliscor, M|
|poke|p2|Rotom-Heat|
|poke|p2|Glimmora, F|
|poke|p2|Rillaboom, F|
|poke|p2|Darkrai|
|poke|p2|Dragapult, F|
|teampreview
|inactive|Battle timer is ON: inactive players will automatically lose when time's up. (requested by mfgunax)
|c|☆findamental|glhf
|
|t:|1776082232
|teamsize|p1|6
|teamsize|p2|6
|start
|switch|p1a: Ghost In The Rain|Suicune|100/100
|switch|p2a: Darkrai|Darkrai|100/100
|-ability|p1a: Ghost In The Rain|Pressure
|turn|1
|
|t:|1776082242
|move|p2a: Darkrai|Nasty Plot|p2a: Darkrai
|-boost|p2a: Darkrai|spa|2
|move|p1a: Ghost In The Rain|Scald|p2a: Darkrai
|-damage|p2a: Darkrai|52/100
|-status|p2a: Darkrai|brn
|
|-damage|p2a: Darkrai|46/100 brn|[from] brn
|upkeep
|turn|2
|
|t:|1776082252
|-terastallize|p2a: Darkrai|Poison
|move|p2a: Darkrai|Sludge Bomb|p1a: Ghost In The Rain
|-damage|p1a: Ghost In The Rain|29/100
|-status|p1a: Ghost In The Rain|psn
|move|p1a: Ghost In The Rain|Scald|p2a: Darkrai
|-damage|p2a: Darkrai|0 fnt
|faint|p2a: Darkrai
|
|-heal|p1a: Ghost In The Rain|35/100 psn|[from] item: Leftovers
|-damage|p1a: Ghost In The Rain|23/100 psn|[from] psn
|upkeep
|
|t:|1776082263
|switch|p2a: Gliscor|Gliscor, M|100/100
|turn|3
|
|t:|1776082272
|move|p2a: Gliscor|Protect|p2a: Gliscor
|-singleturn|p2a: Gliscor|Protect
|move|p1a: Ghost In The Rain|Ice Beam|p2a: Gliscor
|-activate|p2a: Gliscor|move: Protect
|
|-heal|p1a: Ghost In The Rain|29/100 psn|[from] item: Leftovers
|-damage|p1a: Ghost In The Rain|17/100 psn|[from] psn
|-status|p2a: Gliscor|tox|[from] item: Toxic Orb
|upkeep
|turn|4
|
|t:|1776082287
|switch|p2a: Glimmora|Glimmora, F|100/100
|move|p1a: Ghost In The Rain|Scald|p2a: Glimmora
|-supereffective|p2a: Glimmora
|-damage|p2a: Glimmora|28/100
|
|-heal|p1a: Ghost In The Rain|23/100 psn|[from] item: Leftovers
|-damage|p1a: Ghost In The Rain|11/100 psn|[from] psn
|upkeep
|turn|5
|
|t:|1776082300
|move|p2a: Glimmora|Protect|p2a: Glimmora
|-singleturn|p2a: Glimmora|Protect
|move|p1a: Ghost In The Rain|Scald|p2a: Glimmora
|-activate|p2a: Glimmora|move: Protect
|
|-heal|p1a: Ghost In The Rain|17/100 psn|[from] item: Leftovers
|-damage|p1a: Ghost In The Rain|4/100 psn|[from] psn
|upkeep
|turn|6
|
|t:|1776082312
|move|p2a: Glimmora|Spikes|p1a: Ghost In The Rain
|-sidestart|p1: findamental|Spikes
|move|p1a: Ghost In The Rain|Scald|p2a: Glimmora
|-supereffective|p2a: Glimmora
|-damage|p2a: Glimmora|0 fnt
|faint|p2a: Glimmora
|
|-heal|p1a: Ghost In The Rain|11/100 psn|[from] item: Leftovers
|-damage|p1a: Ghost In The Rain|0 fnt|[from] psn
|faint|p1a: Ghost In The Rain
|upkeep
|
|t:|1776082322
|switch|p2a: Gliscor|Gliscor, M|100/100 tox
|switch|p1a: Blind And Frozen|Regice|100/100
|turn|7
|
|t:|1776082332
|move|p2a: Gliscor|Facade|p1a: Blind And Frozen
|-damage|p1a: Blind And Frozen|63/100
|move|p1a: Blind And Frozen|Amnesia|p1a: Blind And Frozen
|-boost|p1a: Blind And Frozen|spd|2
|
|upkeep
|turn|8
|
|t:|1776082341
|switch|p2a: Rotom|Rotom-Heat|100/100
|move|p1a: Blind And Frozen|Ice Beam|p2a: Rotom
|-resisted|p2a: Rotom
|-damage|p2a: Rotom|77/100
|-status|p2a: Rotom|frz
|
|upkeep
|turn|9
|
|t:|1776082349
|cant|p2a: Rotom|frz
|move|p1a: Blind And Frozen|Focus Blast|p2a: Rotom
|-damage|p2a: Rotom|36/100 frz
|
|upkeep
|turn|10
|
|t:|1776082355
|-curestatus|p2a: Rotom|frz|[msg]
|move|p2a: Rotom|Overheat|p1a: Blind And Frozen
|-supereffective|p1a: Blind And Frozen
|-damage|p1a: Blind And Frozen|20/100
|-unboost|p2a: Rotom|spa|2
|-damage|p2a: Rotom|26/100|[from] item: Life Orb
|move|p1a: Blind And Frozen|Focus Blast|p2a: Rotom
|-damage|p2a: Rotom|0 fnt
|faint|p2a: Rotom
|
|upkeep
|
|t:|1776082365
|switch|p2a: Dragapult|Dragapult, F|100/100
|turn|11
|
|t:|1776082371
|move|p2a: Dragapult|Dragon Darts|p1a: Blind And Frozen
|-damage|p1a: Blind And Frozen|0 fnt
|faint|p1a: Blind And Frozen
|-damage|p2a: Dragapult|91/100|[from] item: Life Orb
|
|upkeep
|
|t:|1776082377
|switch|p1a: Heart Of Steel|Registeel|100/100
|-damage|p1a: Heart Of Steel|88/100|[from] Spikes
|turn|12
|
|t:|1776082389
|move|p2a: Dragapult|Phantom Force||[still]
|-prepare|p2a: Dragapult|Phantom Force
|move|p1a: Heart Of Steel|Flash Cannon|p2a: Dragapult|[miss]
|-miss|p1a: Heart Of Steel|p2a: Dragapult
|
|upkeep
|turn|13
|
|t:|1776082394
|move|p2a: Dragapult|Phantom Force|p1a: Heart Of Steel|[from] lockedmove
|-damage|p1a: Heart Of Steel|58/100
|-damage|p2a: Dragapult|81/100|[from] item: Life Orb
|move|p1a: Heart Of Steel|Sand Tomb|p2a: Dragapult
|-damage|p2a: Dragapult|73/100
|-activate|p2a: Dragapult|move: Sand Tomb|[of] p1a: Heart Of Steel
|
|-damage|p2a: Dragapult|61/100|[from] move: Sand Tomb|[partiallytrapped]
|upkeep
|turn|14
|
|t:|1776082406
|move|p2a: Dragapult|Phantom Force||[still]
|-prepare|p2a: Dragapult|Phantom Force
|move|p1a: Heart Of Steel|Flash Cannon|p2a: Dragapult|[miss]
|-miss|p1a: Heart Of Steel|p2a: Dragapult
|
|-damage|p2a: Dragapult|48/100|[from] move: Sand Tomb|[partiallytrapped]
|upkeep
|turn|15
|
|t:|1776082411
|move|p2a: Dragapult|Phantom Force|p1a: Heart Of Steel|[from] lockedmove
|-crit|p1a: Heart Of Steel
|-damage|p1a: Heart Of Steel|15/100
|-damage|p2a: Dragapult|39/100|[from] item: Life Orb
|move|p1a: Heart Of Steel|Flash Cannon|p2a: Dragapult
|-damage|p2a: Dragapult|10/100
|
|-damage|p2a: Dragapult|0 fnt|[from] move: Sand Tomb|[partiallytrapped]
|faint|p2a: Dragapult
|upkeep
|
|t:|1776082419
|switch|p2a: Rillaboom|Rillaboom, F|100/100
|-fieldstart|move: Grassy Terrain|[from] ability: Grassy Surge|[of] p2a: Rillaboom
|turn|16
|
|t:|1776082429
|move|p2a: Rillaboom|Fake Out|p1a: Heart Of Steel
|-resisted|p1a: Heart Of Steel
|-damage|p1a: Heart Of Steel|11/100
|cant|p1a: Heart Of Steel|flinch
|
|-heal|p1a: Heart Of Steel|17/100|[from] Grassy Terrain
|upkeep
|turn|17
|
|t:|1776082435
|move|p2a: Rillaboom|Drain Punch|p1a: Heart Of Steel
|-supereffective|p1a: Heart Of Steel
|-damage|p1a: Heart Of Steel|0 fnt
|faint|p1a: Heart Of Steel
|
|upkeep
|
|t:|1776082439
|switch|p1a: End Of The World|Raikou|100/100
|turn|18
|
|t:|1776082451
|-terastallize|p1a: End Of The World|Grass
|move|p2a: Rillaboom|Grassy Glide|p1a: End Of The World
|-resisted|p1a: End Of The World
|-crit|p1a: End Of The World
|-damage|p1a: End Of The World|56/100
|move|p1a: End Of The World|Scald|p2a: Rillaboom
|-resisted|p2a: Rillaboom
|-damage|p2a: Rillaboom|86/100
|
|-heal|p1a: End Of The World|62/100|[from] Grassy Terrain
|-heal|p2a: Rillaboom|92/100|[from] Grassy Terrain
|upkeep
|turn|19
|
|t:|1776082463
|move|p1a: End Of The World|Shadow Ball|p2a: Rillaboom
|-damage|p2a: Rillaboom|60/100
|-unboost|p2a: Rillaboom|spd|1
|move|p2a: Rillaboom|Drain Punch|p1a: End Of The World
|-damage|p1a: End Of The World|25/100
|-heal|p2a: Rillaboom|78/100|[from] drain|[of] p1a: End Of The World
|
|-heal|p1a: End Of The World|31/100|[from] Grassy Terrain
|-heal|p2a: Rillaboom|84/100|[from] Grassy Terrain
|upkeep
|turn|20
|
|t:|1776082480
|move|p1a: End Of The World|Shadow Ball|p2a: Rillaboom
|-damage|p2a: Rillaboom|39/100
|move|p2a: Rillaboom|Wood Hammer|p1a: End Of The World
|-resisted|p1a: End Of The World
|-damage|p1a: End Of The World|0 fnt
|faint|p1a: End Of The World
|-damage|p2a: Rillaboom|30/100|[from] Recoil
|
|-heal|p2a: Rillaboom|36/100|[from] Grassy Terrain
|-fieldend|move: Grassy Terrain
|upkeep
|
|t:|1776082486
|switch|p1a: Blood Of A Lion|Entei|100/100
|-damage|p1a: Blood Of A Lion|88/100|[from] Spikes
|turn|21
|
|t:|1776082493
|switch|p2a: Gliscor|Gliscor, M|100/100 tox
|move|p1a: Blood Of A Lion|Sacred Fire|p2a: Gliscor
|-damage|p2a: Gliscor|53/100 tox
|
|-heal|p2a: Gliscor|65/100 tox|[from] ability: Poison Heal
|upkeep
|turn|22
|
|t:|1776082505
|move|p1a: Blood Of A Lion|Sacred Fire|p2a: Gliscor
|-damage|p2a: Gliscor|13/100 tox
|move|p2a: Gliscor|Earthquake|p1a: Blood Of A Lion
|-supereffective|p1a: Blood Of A Lion
|-damage|p1a: Blood Of A Lion|0 fnt
|faint|p1a: Blood Of A Lion
|
|-heal|p2a: Gliscor|25/100 tox|[from] ability: Poison Heal
|upkeep
|
|t:|1776082509
|switch|p1a: True Beliver|Regirock|100/100
|-damage|p1a: True Beliver|88/100|[from] Spikes
|turn|23
|c|☆mfgunax|gg
|
|t:|1776082522
|move|p2a: Gliscor|Earthquake|p1a: True Beliver
|-supereffective|p1a: True Beliver
|-damage|p1a: True Beliver|40/100
|-enditem|p1a: True Beliver|Weakness Policy
|-boost|p1a: True Beliver|atk|2|[from] item: Weakness Policy
|-boost|p1a: True Beliver|spa|2|[from] item: Weakness Policy
|move|p1a: True Beliver|Stone Edge|p2a: Gliscor
|-damage|p2a: Gliscor|0 fnt
|faint|p2a: Gliscor
|
|upkeep
|c|☆findamental|gg
|
|t:|1776082530
|switch|p2a: Rillaboom|Rillaboom, F|36/100
|-fieldstart|move: Grassy Terrain|[from] ability: Grassy Surge|[of] p2a: Rillaboom
|turn|24
|
|t:|1776082533
|move|p2a: Rillaboom|Grassy Glide|p1a: True Beliver
|-supereffective|p1a: True Beliver
|-damage|p1a: True Beliver|0 fnt
|faint|p1a: True Beliver
|
|win|mfgunax
|raw|findamental's rating: 1218 &rarr; <strong>1190</strong><br />(-28 for losing)
|raw|mfgunax's rating: 1181 &rarr; <strong>1209</strong><br />(+28 for winning)
|l|☆findamental
|player|p1|
|l|☆mfgunax
|player|p2|
