|html|<div class="broadcast-blue"><strong>[Gen 9] OU is currently suspecting Tera Blast! For information on how to participate check out the <a href="https://www.smogon.com/tools/suspects/view/200">suspect thread</a>.</strong></div>
|j|☆suaiaj
|j|☆Communist Rat
|t:|1776187786
|gametype|singles
|player|p1|suaiaj|juan|1562
|player|p2|Communist Rat|ghetsis|1557
|gen|9
|tier|[Gen 9] OU
|rated|
|rule|HP Percentage Mod: HP is shown in percentages
|rule|Endless Battle Clause: Forcing endless battles is banned
|rule|Species Clause: Limit one of each Pokémon
|rule|OHKO Clause: OHKO moves are banned
|rule|Evasion Items Clause: Evasion items are banned
|rule|Evasion Moves Clause: Evasion moves are banned
|rule|Evasion Abilities Clause: Evasion abilities are banned
|rule|Sleep Moves Clause: Sleep-inducing moves are banned
|clearpoke
|poke|p1|Gallade, M|
|poke|p1|Heatran, M|
|poke|p1|Serperior, M|
|poke|p1|Mandibuzz, F|
|poke|p1|Mamoswine, F|
|poke|p1|Araquanid, F|
|poke|p2|Ting-Lu|
|poke|p2|Alomomola, F|
|poke|p2|Cinderace, F|
|poke|p2|Gholdengo|
|poke|p2|Dragonite, F|
|poke|p2|Iron Valiant|
|teampreview
|inactive|Battle timer is ON: inactive players will automatically lose when time's up. (requested by Communist Rat)
|
|t:|1776187832
|teamsize|p1|6
|teamsize|p2|6
|start
|switch|p1a: Mandibuzz|Mandibuzz, F|100/100
|switch|p2a: Ragebaiter|Gholdengo, shiny|100/100
|turn|1
|
|t:|1776187839
|move|p2a: Ragebaiter|Thunderbolt|p1a: Mandibuzz
|-supereffective|p1a: Mandibuzz
|-damage|p1a: Mandibuzz|9/100
|move|p1a: Mandibuzz|Foul Play|p2a: Ragebaiter
|-supereffective|p2a: Ragebaiter
|-damage|p2a: Ragebaiter|73/100
|
|upkeep
|turn|2
|
|t:|1776187848
|switch|p2a: Feesh|Alomomola, F, shiny|100/100
|switch|p1a: Serperior|Serperior, M|100/100
|
|upkeep
|turn|3
|
|t:|1776187857
|switch|p2a: Ling-Liu|Ting-Lu, shiny|100/100
|-ability|p2a: Ling-Liu|Vessel of Ruin
|move|p1a: Serperior|Substitute|p1a: Serperior
|-start|p1a: Serperior|Substitute
|-damage|p1a: Serperior|76/100
|
|-heal|p1a: Serperior|82/100|[from] item: Leftovers
|upkeep
|turn|4
|inactive|suaiaj has 120 seconds left.
|
|t:|1776187892
|move|p1a: Serperior|Glare|p2a: Ling-Liu
|-status|p2a: Ling-Liu|par
|move|p2a: Ling-Liu|Whirlwind|p1a: Serperior
|drag|p1a: Araquanid|Araquanid, F|100/100
|
|upkeep
|turn|5
|
|t:|1776187900
|switch|p2a: Feesh|Alomomola, F, shiny|100/100
|move|p1a: Araquanid|Sticky Web|p2a: Feesh
|-sidestart|p2: Communist Rat|move: Sticky Web
|
|upkeep
|turn|6
|
|t:|1776187904
|switch|p1a: Mandibuzz|Mandibuzz, F|9/100
|move|p2a: Feesh|Flip Turn|p1a: Mandibuzz
|-damage|p1a: Mandibuzz|1/100
|-damage|p2a: Feesh|84/100|[from] item: Rocky Helmet|[of] p1a: Mandibuzz
|
|t:|1776187914
|switch|p2a: MESSI|Cinderace, F, shiny|100/100|[from] Flip Turn
|
|upkeep
|turn|7
|
|t:|1776187920
|move|p2a: MESSI|Pyro Ball|p1a: Mandibuzz
|-damage|p1a: Mandibuzz|0 fnt
|faint|p1a: Mandibuzz
|
|upkeep
|
|t:|1776187928
|switch|p1a: Araquanid|Araquanid, F|100/100
|turn|8
|
|t:|1776187935
|switch|p2a: Feesh|Alomomola, F, shiny|100/100
|-activate|p2a: Feesh|move: Sticky Web
|-unboost|p2a: Feesh|spe|1
|move|p1a: Araquanid|Liquidation|p2a: Feesh
|-resisted|p2a: Feesh
|-damage|p2a: Feesh|84/100
|-damage|p1a: Araquanid|84/100|[from] item: Rocky Helmet|[of] p2a: Feesh
|
|upkeep
|turn|9
|
|t:|1776187943
|move|p1a: Araquanid|Lunge|p2a: Feesh
|-damage|p2a: Feesh|69/100
|-unboost|p2a: Feesh|atk|1
|-damage|p1a: Araquanid|68/100|[from] item: Rocky Helmet|[of] p2a: Feesh
|move|p2a: Feesh|Flip Turn|p1a: Araquanid
|-resisted|p1a: Araquanid
|-damage|p1a: Araquanid|61/100
|
|t:|1776187957
|switch|p2a: MESSI|Cinderace, F, shiny|100/100|[from] Flip Turn
|
|upkeep
|turn|10
|
|t:|1776187961
|move|p2a: MESSI|U-turn|p1a: Araquanid
|-start|p2a: MESSI|typechange|Bug|[from] ability: Libero
|-damage|p1a: Araquanid|22/100
|
|t:|1776187965
|switch|p2a: Feesh|Alomomola, F, shiny|100/100|[from] U-turn
|-activate|p2a: Feesh|move: Sticky Web
|-unboost|p2a: Feesh|spe|1
|move|p1a: Araquanid|Liquidation|p2a: Feesh
|-resisted|p2a: Feesh
|-damage|p2a: Feesh|83/100
|-damage|p1a: Araquanid|5/100|[from] item: Rocky Helmet|[of] p2a: Feesh
|
|upkeep
|turn|11
|
|t:|1776187970
|move|p1a: Araquanid|Liquidation|p2a: Feesh
|-resisted|p2a: Feesh
|-damage|p2a: Feesh|65/100
|-damage|p1a: Araquanid|0 fnt|[from] item: Rocky Helmet|[of] p2a: Feesh
|faint|p1a: Araquanid
|move|p2a: Feesh|Flip Turn|p1: Araquanid|[notarget]
|-fail|p2a: Feesh
|
|upkeep
|
|t:|1776187991
|switch|p1a: Gallade|Gallade, M, shiny|100/100
|turn|12
|
|t:|1776187994
|move|p1a: Gallade|Sacred Sword|p2a: Feesh
|-damage|p2a: Feesh|13/100
|-damage|p1a: Gallade|84/100|[from] item: Rocky Helmet|[of] p2a: Feesh
|-damage|p1a: Gallade|74/100|[from] item: Life Orb
|move|p2a: Feesh|Flip Turn|p1a: Gallade
|-crit|p1a: Gallade
|-damage|p1a: Gallade|37/100
|inactive|Communist Rat has 120 seconds left.
|
|t:|1776188029
|switch|p2a: MESSI|Cinderace, F, shiny|100/100|[from] Flip Turn
|
|upkeep
|turn|13
|
|t:|1776188035
|move|p2a: MESSI|Pyro Ball|p1a: Gallade
|-damage|p1a: Gallade|0 fnt
|faint|p1a: Gallade
|
|upkeep
|
|t:|1776188042
|switch|p1a: Heatran|Heatran, M|100/100
|turn|14
|
|t:|1776188048
|switch|p2a: Ling-Liu|Ting-Lu, shiny|100/100 par
|-activate|p2a: Ling-Liu|move: Sticky Web
|-unboost|p2a: Ling-Liu|spe|1
|-ability|p2a: Ling-Liu|Vessel of Ruin
|move|p1a: Heatran|Magma Storm|p2a: Ling-Liu
|-damage|p2a: Ling-Liu|80/100 par
|-activate|p2a: Ling-Liu|move: Magma Storm|[of] p1a: Heatran
|
|-heal|p2a: Ling-Liu|87/100 par|[from] item: Leftovers
|-damage|p2a: Ling-Liu|74/100 par|[from] move: Magma Storm|[partiallytrapped]
|upkeep
|turn|15
|
|t:|1776188059
|-terastallize|p1a: Heatran|Grass
|move|p1a: Heatran|Taunt|p2a: Ling-Liu
|-start|p2a: Ling-Liu|move: Taunt
|move|p2a: Ling-Liu|Earthquake|p1a: Heatran
|-resisted|p1a: Heatran
|-damage|p1a: Heatran|83/100
|
|-heal|p1a: Heatran|89/100|[from] item: Leftovers
|-heal|p2a: Ling-Liu|80/100 par|[from] item: Leftovers
|-damage|p2a: Ling-Liu|68/100 par|[from] move: Magma Storm|[partiallytrapped]
|upkeep
|turn|16
|
|t:|1776188066
|move|p1a: Heatran|Stealth Rock|p2a: Ling-Liu
|-sidestart|p2: Communist Rat|move: Stealth Rock
|move|p2a: Ling-Liu|Ruination|p1a: Heatran|[miss]
|-miss|p2a: Ling-Liu|p1a: Heatran
|
|-heal|p1a: Heatran|96/100|[from] item: Leftovers
|-heal|p2a: Ling-Liu|74/100 par|[from] item: Leftovers
|-damage|p2a: Ling-Liu|62/100 par|[from] move: Magma Storm|[partiallytrapped]
|upkeep
|turn|17
|
|t:|1776188078
|switch|p1a: Serperior|Serperior, M|82/100
|move|p2a: Ling-Liu|Ruination|p1a: Serperior
|-damage|p1a: Serperior|41/100
|
|-heal|p1a: Serperior|48/100|[from] item: Leftovers
|-heal|p2a: Ling-Liu|68/100 par|[from] item: Leftovers
|-end|p2a: Ling-Liu|Magma Storm|[partiallytrapped]|[silent]
|-end|p2a: Ling-Liu|move: Taunt
|upkeep
|turn|18
|
|t:|1776188081
|move|p1a: Serperior|Leaf Storm|p2a: Ling-Liu
|-supereffective|p2a: Ling-Liu
|-damage|p2a: Ling-Liu|24/100 par
|-boost|p1a: Serperior|spa|2
|move|p2a: Ling-Liu|Whirlwind|p1a: Serperior
|drag|p1a: Mamoswine|Mamoswine, F|100/100
|
|-heal|p2a: Ling-Liu|30/100 par|[from] item: Leftovers
|upkeep
|turn|19
|
|t:|1776188096
|move|p1a: Mamoswine|Earthquake|p2a: Ling-Liu
|-damage|p2a: Ling-Liu|6/100 par
|move|p2a: Ling-Liu|Ruination|p1a: Mamoswine
|-damage|p1a: Mamoswine|50/100
|
|-heal|p2a: Ling-Liu|12/100 par|[from] item: Leftovers
|upkeep
|turn|20
|
|t:|1776188108
|move|p1a: Mamoswine|Earthquake|p2a: Ling-Liu
|-crit|p2a: Ling-Liu
|-damage|p2a: Ling-Liu|0 fnt
|faint|p2a: Ling-Liu
|
|upkeep
|inactive|Communist Rat has 120 seconds left.
|
|t:|1776188149
|switch|p2a: Big Guy|Dragonite, F, shiny|100/100
|turn|21
|
|t:|1776188155
|-terastallize|p2a: Big Guy|Normal
|move|p2a: Big Guy|Extreme Speed|p1a: Mamoswine
|-damage|p1a: Mamoswine|1/100
|move|p1a: Mamoswine|Icicle Crash|p2a: Big Guy
|-damage|p2a: Big Guy|79/100
|
|upkeep
|turn|22
|
|t:|1776188164
|move|p2a: Big Guy|Extreme Speed|p1a: Mamoswine
|-damage|p1a: Mamoswine|0 fnt
|faint|p1a: Mamoswine
|
|upkeep
|
|t:|1776188167
|switch|p1a: Serperior|Serperior, M|48/100
|turn|23
|
|t:|1776188176
|move|p2a: Big Guy|Extreme Speed|p1a: Serperior
|-damage|p1a: Serperior|0 fnt
|faint|p1a: Serperior
|
|upkeep
|
|t:|1776188179
|switch|p1a: Heatran|Heatran, M, tera:Grass|96/100
|turn|24
|
|t:|1776188183
|move|p2a: Big Guy|Ice Spinner|p1a: Heatran
|-supereffective|p1a: Heatran
|-damage|p1a: Heatran|46/100
|move|p1a: Heatran|Magma Storm|p2a: Big Guy
|-damage|p2a: Big Guy|35/100
|-activate|p2a: Big Guy|move: Magma Storm|[of] p1a: Heatran
|
|-heal|p1a: Heatran|52/100|[from] item: Leftovers
|-damage|p2a: Big Guy|22/100|[from] move: Magma Storm|[partiallytrapped]
|upkeep
|turn|25
|
|t:|1776188192
|move|p2a: Big Guy|Ice Spinner|p1a: Heatran
|-supereffective|p1a: Heatran
|-damage|p1a: Heatran|1/100
|move|p1a: Heatran|Earth Power|p2a: Big Guy
|-damage|p2a: Big Guy|0 fnt
|faint|p2a: Big Guy
|
|-heal|p1a: Heatran|7/100|[from] item: Leftovers
|upkeep
|
|t:|1776188201
|switch|p2a: MESSI|Cinderace, F, shiny|100/100
|turn|26
|
|t:|1776188205
|move|p2a: MESSI|U-turn|p1a: Heatran
|-start|p2a: MESSI|typechange|Bug|[from] ability: Libero
|-supereffective|p1a: Heatran
|-damage|p1a: Heatran|0 fnt
|faint|p1a: Heatran
|
|win|Communist Rat
|raw|suaiaj's rating: 1562 &rarr; <strong>1542</strong><br />(-20 for losing)
|raw|Communist Rat's rating: 1557 &rarr; <strong>1577</strong><br />(+20 for winning)
|c|☆Communist Rat|gg
