|html|<div class="broadcast-blue"><strong>[Gen 9] OU is currently suspecting Tera Blast! For information on how to participate check out the <a href="https://www.smogon.com/tools/suspects/view/200">suspect thread</a>.</strong></div>
|j|☆flagfrog
|j|☆SuperSpicyRamen
|t:|1776333984
|gametype|singles
|player|p1|flagfrog|1|1381
|player|p2|SuperSpicyRamen|hilbert-wonderlauncher|1397
|gen|9
|tier|[Gen 9] OU
|rated|
|rule|HP Percentage Mod: HP is shown in percentages
|rule|Endless Battle Clause: Forcing endless battles is banned
|rule|Species Clause: Limit one of each Pokémon
|rule|OHKO Clause: OHKO moves are banned
|rule|Evasion Items Clause: Evasion items are banned
|rule|Evasion Moves Clause: Evasion moves are banned
|rule|Evasion Abilities Clause: Evasion abilities are banned
|rule|Sleep Moves Clause: Sleep-inducing moves are banned
|clearpoke
|poke|p1|Slowking-Galar, M|
|poke|p1|Kyurem|
|poke|p1|Samurott-Hisui, M|
|poke|p1|Zapdos-Galar|
|poke|p1|Gliscor, M|
|poke|p1|Dragapult, M|
|poke|p2|Florges, F|
|poke|p2|Rillaboom, M|
|poke|p2|Deoxys-Speed|
|poke|p2|Grimmsnarl, M|
|poke|p2|Lucario, M|
|poke|p2|Pecharunt|
|teampreview
|inactive|Battle timer is ON: inactive players will automatically lose when time's up. (requested by SuperSpicyRamen)
|inactive|SuperSpicyRamen has 120 seconds left.
|
|t:|1776334044
|teamsize|p1|6
|teamsize|p2|6
|start
|switch|p1a: Samurott|Samurott-Hisui, M|100/100
|switch|p2a: Lucario|Lucario, M|100/100
|turn|1
|
|t:|1776334051
|switch|p1a: Slowking|Slowking-Galar, M|100/100
|move|p2a: Lucario|Drain Punch|p1a: Slowking
|-resisted|p1a: Slowking
|-damage|p1a: Slowking|89/100
|-damage|p2a: Lucario|91/100|[from] item: Life Orb
|
|upkeep
|turn|2
|
|t:|1776334060
|move|p2a: Lucario|Swords Dance|p2a: Lucario
|-boost|p2a: Lucario|atk|2
|move|p1a: Slowking|Future Sight|p2a: Lucario
|-start|p1a: Slowking|move: Future Sight
|
|upkeep
|turn|3
|
|t:|1776334066
|move|p2a: Lucario|Meteor Mash|p1a: Slowking
|-damage|p1a: Slowking|0 fnt
|faint|p1a: Slowking
|-damage|p2a: Lucario|81/100|[from] item: Life Orb
|
|upkeep
|
|t:|1776334071
|switch|p1a: Zapdos|Zapdos-Galar|100/100
|turn|4
|
|t:|1776334085
|switch|p2a: Pecharunt|Pecharunt|100/100
|move|p1a: Zapdos|Close Combat|p2a: Pecharunt
|-immune|p2a: Pecharunt
|
|-end|p2a: Pecharunt|move: Future Sight
|-supereffective|p2a: Pecharunt
|-damage|p2a: Pecharunt|18/100
|upkeep
|turn|5
|
|t:|1776334096
|switch|p1a: Gliscor|Gliscor, M|100/100
|move|p2a: Pecharunt|Recover|p2a: Pecharunt
|-heal|p2a: Pecharunt|68/100
|
|-status|p1a: Gliscor|tox|[from] item: Toxic Orb
|upkeep
|turn|6
|
|t:|1776334105
|move|p1a: Gliscor|Knock Off|p2a: Pecharunt
|-supereffective|p2a: Pecharunt
|-damage|p2a: Pecharunt|49/100
|-enditem|p2a: Pecharunt|Heavy-Duty Boots|[from] move: Knock Off|[of] p1a: Gliscor
|move|p2a: Pecharunt|Foul Play|p1a: Gliscor
|-damage|p1a: Gliscor|82/100 tox
|
|-heal|p1a: Gliscor|95/100 tox|[from] ability: Poison Heal
|upkeep
|turn|7
|
|t:|1776334111
|move|p1a: Gliscor|Stealth Rock|p2a: Pecharunt
|-sidestart|p2: SuperSpicyRamen|move: Stealth Rock
|move|p2a: Pecharunt|Recover|p2a: Pecharunt
|-heal|p2a: Pecharunt|99/100
|
|-heal|p1a: Gliscor|100/100 tox|[from] ability: Poison Heal
|upkeep
|turn|8
|
|t:|1776334113
|move|p1a: Gliscor|Earthquake|p2a: Pecharunt
|-supereffective|p2a: Pecharunt
|-damage|p2a: Pecharunt|68/100
|move|p2a: Pecharunt|Parting Shot|p1a: Gliscor
|-unboost|p1a: Gliscor|atk|1
|-unboost|p1a: Gliscor|spa|1
|
|t:|1776334117
|switch|p2a: Deoxys|Deoxys-Speed|100/100|[from] Parting Shot
|-damage|p2a: Deoxys|88/100|[from] Stealth Rock
|-ability|p2a: Deoxys|Pressure
|
|upkeep
|turn|9
|
|t:|1776334122
|switch|p1a: Samurott|Samurott-Hisui, M|100/100
|move|p2a: Deoxys|Taunt|p1a: Samurott
|-start|p1a: Samurott|move: Taunt
|
|upkeep
|turn|10
|
|t:|1776334127
|switch|p2a: Lucario|Lucario, M|81/100
|-damage|p2a: Lucario|78/100|[from] Stealth Rock
|move|p1a: Samurott|Ceaseless Edge|p2a: Lucario
|-resisted|p2a: Lucario
|-damage|p2a: Lucario|43/100
|-ability|p2a: Lucario|Justified|boost
|-boost|p2a: Lucario|atk|1
|-sidestart|p2: SuperSpicyRamen|Spikes
|
|upkeep
|turn|11
|
|t:|1776334131
|move|p2a: Lucario|Drain Punch|p1a: Samurott
|-supereffective|p1a: Samurott
|-damage|p1a: Samurott|0 fnt
|-heal|p2a: Lucario|100/100|[from] drain|[of] p1a: Samurott
|faint|p1a: Samurott
|-damage|p2a: Lucario|91/100|[from] item: Life Orb
|
|upkeep
|
|t:|1776334135
|switch|p1a: Dragapult|Dragapult, M|100/100
|turn|12
|
|t:|1776334143
|-terastallize|p2a: Lucario|Normal
|move|p1a: Dragapult|Will-O-Wisp|p2a: Lucario
|-status|p2a: Lucario|brn
|move|p2a: Lucario|Meteor Mash|p1a: Dragapult
|-damage|p1a: Dragapult|42/100
|-damage|p2a: Lucario|81/100 brn|[from] item: Life Orb
|
|-damage|p2a: Lucario|75/100 brn|[from] brn
|upkeep
|turn|13
|
|t:|1776334158
|move|p1a: Dragapult|U-turn|p2a: Lucario
|-damage|p2a: Lucario|41/100 brn
|
|t:|1776334160
|switch|p1a: Gliscor|Gliscor, M|100/100 tox|[from] U-turn
|move|p2a: Lucario|Swords Dance|p2a: Lucario
|-boost|p2a: Lucario|atk|2
|
|-damage|p2a: Lucario|35/100 brn|[from] brn
|upkeep
|turn|14
|
|t:|1776334166
|move|p2a: Lucario|Extreme Speed|p1a: Gliscor
|-damage|p1a: Gliscor|52/100 tox
|-damage|p2a: Lucario|25/100 brn|[from] item: Life Orb
|move|p1a: Gliscor|Earthquake|p2a: Lucario
|-damage|p2a: Lucario|0 fnt
|faint|p2a: Lucario
|
|-heal|p1a: Gliscor|64/100 tox|[from] ability: Poison Heal
|upkeep
|
|t:|1776334180
|switch|p2a: Deoxys|Deoxys-Speed|88/100
|-damage|p2a: Deoxys|76/100|[from] Stealth Rock
|-damage|p2a: Deoxys|64/100|[from] Spikes
|-ability|p2a: Deoxys|Pressure
|turn|15
|
|t:|1776334186
|move|p2a: Deoxys|Skill Swap|p1a: Gliscor
|-activate|p2a: Deoxys|Skill Swap|Poison Heal|Pressure|[of] p1a: Gliscor
|-ability|p1a: Gliscor|Pressure
|move|p1a: Gliscor|Knock Off|p2a: Deoxys
|-supereffective|p2a: Deoxys
|-damage|p2a: Deoxys|8/100
|-enditem|p2a: Deoxys|Red Card|[from] move: Knock Off|[of] p1a: Gliscor
|
|-damage|p1a: Gliscor|45/100 tox|[from] psn
|upkeep
|turn|16
|
|t:|1776334197
|move|p2a: Deoxys|Stealth Rock|p1a: Gliscor
|-sidestart|p1: flagfrog|move: Stealth Rock
|move|p1a: Gliscor|Knock Off|p2a: Deoxys
|-supereffective|p2a: Deoxys
|-damage|p2a: Deoxys|0 fnt
|faint|p2a: Deoxys
|
|-damage|p1a: Gliscor|20/100 tox|[from] psn
|upkeep
|
|t:|1776334206
|switch|p2a: Rillaboom|Rillaboom, M|100/100
|-damage|p2a: Rillaboom|88/100|[from] Stealth Rock
|-damage|p2a: Rillaboom|75/100|[from] Spikes
|-fieldstart|move: Grassy Terrain|[from] ability: Grassy Surge|[of] p2a: Rillaboom
|turn|17
|
|t:|1776334215
|switch|p1a: Kyurem|Kyurem|100/100
|-ability|p1a: Kyurem|Pressure
|move|p2a: Rillaboom|U-turn|p1a: Kyurem
|-damage|p1a: Kyurem|78/100
|
|t:|1776334221
|switch|p2a: Florges|Florges, F|100/100|[from] U-turn
|-damage|p2a: Florges|88/100|[from] Stealth Rock
|-damage|p2a: Florges|75/100|[from] Spikes
|-enditem|p2a: Florges|Grassy Seed
|-boost|p2a: Florges|def|1|[from] item: Grassy Seed
|
|-heal|p1a: Kyurem|84/100|[from] Grassy Terrain
|-heal|p2a: Florges|82/100|[from] Grassy Terrain
|upkeep
|turn|18
|
|t:|1776334226
|move|p1a: Kyurem|Blizzard|p2a: Florges
|-damage|p2a: Florges|45/100
|move|p2a: Florges|Calm Mind|p2a: Florges
|-boost|p2a: Florges|spa|1
|-boost|p2a: Florges|spd|1
|
|-heal|p1a: Kyurem|91/100|[from] Grassy Terrain
|-heal|p2a: Florges|52/100|[from] Grassy Terrain
|upkeep
|turn|19
|
|t:|1776334236
|-terastallize|p1a: Kyurem|Ice
|move|p1a: Kyurem|Blizzard|p2a: Florges
|-damage|p2a: Florges|17/100
|move|p2a: Florges|Draining Kiss|p1a: Kyurem
|-damage|p1a: Kyurem|66/100
|-heal|p2a: Florges|38/100|[from] drain|[of] p1a: Kyurem
|
|-heal|p1a: Kyurem|72/100|[from] Grassy Terrain
|-heal|p2a: Florges|44/100|[from] Grassy Terrain
|upkeep
|turn|20
|
|t:|1776334256
|move|p1a: Kyurem|Freeze-Dry|p2a: Florges
|-damage|p2a: Florges|22/100
|move|p2a: Florges|Draining Kiss|p1a: Kyurem
|-damage|p1a: Kyurem|48/100
|-heal|p2a: Florges|42/100|[from] drain|[of] p1a: Kyurem
|
|-heal|p1a: Kyurem|54/100|[from] Grassy Terrain
|-heal|p2a: Florges|48/100|[from] Grassy Terrain
|upkeep
|turn|21
|
|t:|1776334261
|move|p1a: Kyurem|Blizzard|p2a: Florges|[miss]
|-miss|p1a: Kyurem|p2a: Florges
|move|p2a: Florges|Stored Power|p1a: Kyurem
|-damage|p1a: Kyurem|26/100
|
|-heal|p1a: Kyurem|32/100|[from] Grassy Terrain
|-heal|p2a: Florges|54/100|[from] Grassy Terrain
|upkeep
|turn|22
|
|t:|1776334267
|move|p1a: Kyurem|Blizzard|p2a: Florges
|-damage|p2a: Florges|18/100
|move|p2a: Florges|Draining Kiss|p1a: Kyurem
|-damage|p1a: Kyurem|4/100
|-heal|p2a: Florges|42/100|[from] drain|[of] p1a: Kyurem
|
|-heal|p1a: Kyurem|10/100|[from] Grassy Terrain
|-heal|p2a: Florges|48/100|[from] Grassy Terrain
|upkeep
|turn|23
|
|t:|1776334274
|move|p1a: Kyurem|Blizzard|p2a: Florges
|-damage|p2a: Florges|15/100
|move|p2a: Florges|Draining Kiss|p1a: Kyurem
|-damage|p1a: Kyurem|0 fnt
|-heal|p2a: Florges|24/100|[from] drain|[of] p1a: Kyurem
|faint|p1a: Kyurem
|
|-heal|p2a: Florges|30/100|[from] Grassy Terrain
|upkeep
|
|t:|1776334278
|switch|p1a: Zapdos|Zapdos-Galar|100/100
|-damage|p1a: Zapdos|88/100|[from] Stealth Rock
|turn|24
|
|t:|1776334282
|move|p1a: Zapdos|Brave Bird|p2a: Florges
|-damage|p2a: Florges|0 fnt
|faint|p2a: Florges
|-damage|p1a: Zapdos|77/100|[from] Recoil
|
|-fieldend|move: Grassy Terrain
|upkeep
|
|t:|1776334287
|switch|p2a: Grimmsnarl|Grimmsnarl, M|100/100
|-damage|p2a: Grimmsnarl|88/100|[from] Stealth Rock
|-damage|p2a: Grimmsnarl|76/100|[from] Spikes
|turn|25
|
|t:|1776334296
|move|p2a: Grimmsnarl|Reflect|p2a: Grimmsnarl
|-sidestart|p2: SuperSpicyRamen|Reflect
|move|p1a: Zapdos|Brave Bird|p2a: Grimmsnarl
|-damage|p2a: Grimmsnarl|39/100
|-damage|p1a: Zapdos|62/100|[from] Recoil
|
|upkeep
|turn|26
|
|t:|1776334301
|move|p2a: Grimmsnarl|Parting Shot|p1a: Zapdos
|-unboost|p1a: Zapdos|atk|1
|-ability|p1a: Zapdos|Defiant|boost
|-boost|p1a: Zapdos|atk|2
|-unboost|p1a: Zapdos|spa|1
|-ability|p1a: Zapdos|Defiant|boost
|-boost|p1a: Zapdos|atk|2
|
|t:|1776334303
|switch|p2a: Pecharunt|Pecharunt|68/100|[from] Parting Shot
|-damage|p2a: Pecharunt|56/100|[from] Stealth Rock
|-damage|p2a: Pecharunt|44/100|[from] Spikes
|move|p1a: Zapdos|Brave Bird|p2a: Pecharunt
|-damage|p2a: Pecharunt|10/100
|-damage|p1a: Zapdos|49/100|[from] Recoil
|
|upkeep
|turn|27
|c|☆flagfrog|gg
|c|☆SuperSpicyRamen|gg lol
|
|t:|1776334332
|move|p1a: Zapdos|Brave Bird|p2a: Pecharunt
|-damage|p2a: Pecharunt|0 fnt
|faint|p2a: Pecharunt
|-damage|p1a: Zapdos|45/100|[from] Recoil
|
|upkeep
|
|t:|1776334338
|switch|p2a: Rillaboom|Rillaboom, M|75/100
|-damage|p2a: Rillaboom|63/100|[from] Stealth Rock
|-damage|p2a: Rillaboom|50/100|[from] Spikes
|-fieldstart|move: Grassy Terrain|[from] ability: Grassy Surge|[of] p2a: Rillaboom
|turn|28
|
|t:|1776334344
|move|p2a: Rillaboom|Grassy Glide|p1a: Zapdos
|-resisted|p1a: Zapdos
|-damage|p1a: Zapdos|21/100
|move|p1a: Zapdos|Brave Bird|p2a: Rillaboom
|-supereffective|p2a: Rillaboom
|-damage|p2a: Rillaboom|0 fnt
|faint|p2a: Rillaboom
|-damage|p1a: Zapdos|0 fnt|[from] Recoil
|faint|p1a: Zapdos
|
|upkeep
|
|t:|1776334349
|switch|p1a: Gliscor|Gliscor, M|20/100 tox
|switch|p2a: Grimmsnarl|Grimmsnarl, M|39/100
|-damage|p1a: Gliscor|8/100 tox|[from] Stealth Rock
|-damage|p2a: Grimmsnarl|27/100|[from] Stealth Rock
|-damage|p2a: Grimmsnarl|14/100|[from] Spikes
|turn|29
|
|t:|1776334356
|move|p1a: Gliscor|Protect|p1a: Gliscor
|-singleturn|p1a: Gliscor|Protect
|move|p2a: Grimmsnarl|Spirit Break|p1a: Gliscor
|-activate|p1a: Gliscor|move: Protect
|
|-heal|p2a: Grimmsnarl|20/100|[from] Grassy Terrain
|-heal|p1a: Gliscor|20/100 tox|[from] ability: Poison Heal
|upkeep
|turn|30
|
|t:|1776334361
|move|p1a: Gliscor|Earthquake|p2a: Grimmsnarl
|-damage|p2a: Grimmsnarl|10/100
|move|p2a: Grimmsnarl|Spirit Break|p1a: Gliscor
|-damage|p1a: Gliscor|0 fnt
|faint|p1a: Gliscor
|
|-heal|p2a: Grimmsnarl|16/100|[from] Grassy Terrain
|upkeep
|
|t:|1776334363
|switch|p1a: Dragapult|Dragapult, M|42/100
|turn|31
|
|t:|1776334374
|move|p1a: Dragapult|U-turn|p2a: Grimmsnarl
|-damage|p2a: Grimmsnarl|0 fnt
|faint|p2a: Grimmsnarl
|
|win|flagfrog
|raw|flagfrog's rating: 1381 &rarr; <strong>1402</strong><br />(+21 for winning)
|raw|SuperSpicyRamen's rating: 1397 &rarr; <strong>1376</strong><br />(-21 for losing)
|l|☆flagfrog
|player|p1|
