|html|<div class="broadcast-blue"><strong>[Gen 9] OU is currently suspecting Volcarona! For information on how to participate check out the <a href="https://www.smogon.com/tools/suspects/view/208">suspect thread</a>.</strong></div>
|j|☆alttf1 aura
|j|☆Olvz
|t:|1778497296
|gametype|singles
|player|p1|alttf1 aura|266|1321
|player|p2|Olvz|2|1324
|gen|9
|tier|[Gen 9] OU
|rated|
|rule|HP Percentage Mod: HP is shown in percentages
|rule|Endless Battle Clause: Forcing endless battles is banned
|rule|Species Clause: Limit one of each Pokémon
|rule|OHKO Clause: OHKO moves are banned
|rule|Evasion Items Clause: Evasion items are banned
|rule|Evasion Moves Clause: Evasion moves are banned
|rule|Evasion Abilities Clause: Evasion abilities are banned
|rule|Sleep Moves Clause: Sleep-inducing moves are banned
|clearpoke
|poke|p1|Heatran, M|
|poke|p1|Garchomp, M|
|poke|p1|Garganacl, M|
|poke|p1|Scream Tail|
|poke|p1|Darkrai|
|poke|p1|Cyclizar, M|
|poke|p2|Volcarona, F|
|poke|p2|Samurott-Hisui, M|
|poke|p2|Hydrapple, M|
|poke|p2|Landorus-Therian, M|
|poke|p2|Great Tusk|
|poke|p2|Gholdengo|
|teampreview
|inactive|Battle timer is ON: inactive players will automatically lose when time's up. (requested by alttf1 aura)
|
|t:|1778497316
|teamsize|p1|6
|teamsize|p2|6
|start
|switch|p1a: Scream Tail|Scream Tail, shiny|100/100
|switch|p2a: Landorus|Landorus-Therian, M|100/100
|-ability|p2a: Landorus|Intimidate|boost
|-unboost|p1a: Scream Tail|atk|1
|-enditem|p1a: Scream Tail|Booster Energy
|-activate|p1a: Scream Tail|ability: Protosynthesis|[fromitem]
|-start|p1a: Scream Tail|protosynthesisspe
|turn|1
|
|t:|1778497327
|move|p1a: Scream Tail|Calm Mind|p1a: Scream Tail
|-boost|p1a: Scream Tail|spa|1
|-boost|p1a: Scream Tail|spd|1
|move|p2a: Landorus|U-turn|p1a: Scream Tail
|-damage|p1a: Scream Tail|75/100
|
|t:|1778497333
|switch|p2a: Gholdengo|Gholdengo|100/100|[from] U-turn
|
|upkeep
|turn|2
|
|t:|1778497338
|-terastallize|p1a: Scream Tail|Normal
|move|p1a: Scream Tail|Flamethrower|p2a: Gholdengo
|-supereffective|p2a: Gholdengo
|-damage|p2a: Gholdengo|31/100
|move|p2a: Gholdengo|Make It Rain|p1a: Scream Tail
|-damage|p1a: Scream Tail|31/100
|-unboost|p2a: Gholdengo|spa|1
|
|upkeep
|turn|3
|
|t:|1778497348
|move|p1a: Scream Tail|Flamethrower|p2a: Gholdengo
|-supereffective|p2a: Gholdengo
|-damage|p2a: Gholdengo|0 fnt
|faint|p2a: Gholdengo
|
|upkeep
|
|t:|1778497356
|switch|p2a: Samurott|Samurott-Hisui, M|100/100
|turn|4
|
|t:|1778497367
|-terastallize|p2a: Samurott|Poison
|move|p1a: Scream Tail|Boomburst|p2a: Samurott
|-damage|p2a: Samurott|50/100
|move|p2a: Samurott|Ceaseless Edge|p1a: Scream Tail
|-damage|p1a: Scream Tail|0 fnt
|-sidestart|p1: alttf1 aura|Spikes
|faint|p1a: Scream Tail
|-end|p1a: Scream Tail|Protosynthesis|[silent]
|
|upkeep
|
|t:|1778497382
|switch|p1a: Garchomp|Garchomp, M, shiny|100/100
|-damage|p1a: Garchomp|88/100|[from] Spikes
|turn|5
|
|t:|1778497391
|switch|p2a: Hydrapple|Hydrapple, M|100/100
|move|p1a: Garchomp|Outrage|p2a: Hydrapple
|-supereffective|p2a: Hydrapple
|-damage|p2a: Hydrapple|0 fnt
|-damage|p1a: Garchomp|72/100|[from] item: Rocky Helmet|[of] p2a: Hydrapple
|faint|p2a: Hydrapple
|
|upkeep
|
|t:|1778497400
|switch|p2a: Landorus|Landorus-Therian, M|100/100
|-ability|p2a: Landorus|Intimidate|boost
|-unboost|p1a: Garchomp|atk|1
|turn|6
|
|t:|1778497403
|move|p2a: Landorus|Outrage|p1a: Garchomp
|-supereffective|p1a: Garchomp
|-damage|p1a: Garchomp|0 fnt
|-damage|p2a: Landorus|88/100|[from] ability: Rough Skin|[of] p1a: Garchomp
|faint|p1a: Garchomp
|
|upkeep
|
|t:|1778497411
|switch|p1a: Garganacl|Garganacl, M, shiny|100/100
|-damage|p1a: Garganacl|88/100|[from] Spikes
|turn|7
|
|t:|1778497416
|move|p2a: Landorus|Outrage|p1a: Garganacl|[from] lockedmove
|-damage|p1a: Garganacl|62/100
|move|p1a: Garganacl|Curse|p1a: Garganacl
|-unboost|p1a: Garganacl|spe|1
|-boost|p1a: Garganacl|atk|1
|-boost|p1a: Garganacl|def|1
|
|-heal|p1a: Garganacl|68/100|[from] item: Leftovers
|upkeep
|turn|8
|
|t:|1778497422
|move|p2a: Landorus|Outrage|p1a: Garganacl|[from] lockedmove
|-damage|p1a: Garganacl|50/100
|-start|p2a: Landorus|confusion|[fatigue]
|move|p1a: Garganacl|Curse|p1a: Garganacl
|-unboost|p1a: Garganacl|spe|1
|-boost|p1a: Garganacl|atk|1
|-boost|p1a: Garganacl|def|1
|
|-heal|p1a: Garganacl|56/100|[from] item: Leftovers
|upkeep
|turn|9
|
|t:|1778497428
|switch|p2a: Samurott|Samurott-Hisui, M, tera:Poison|50/100
|move|p1a: Garganacl|Recover|p1a: Garganacl
|-heal|p1a: Garganacl|100/100
|
|upkeep
|turn|10
|
|t:|1778497435
|move|p2a: Samurott|Knock Off|p1a: Garganacl
|-damage|p1a: Garganacl|87/100
|-enditem|p1a: Garganacl|Leftovers|[from] move: Knock Off|[of] p2a: Samurott
|move|p1a: Garganacl|Earthquake|p2a: Samurott
|-supereffective|p2a: Samurott
|-damage|p2a: Samurott|0 fnt
|faint|p2a: Samurott
|
|upkeep
|
|t:|1778497450
|switch|p2a: Volcarona|Volcarona, F|100/100
|turn|11
|
|t:|1778497457
|move|p2a: Volcarona|Fiery Dance|p1a: Garganacl
|-resisted|p1a: Garganacl
|-damage|p1a: Garganacl|75/100
|move|p1a: Garganacl|Salt Cure|p2a: Volcarona
|-supereffective|p2a: Volcarona
|-damage|p2a: Volcarona|0 fnt
|faint|p2a: Volcarona
|
|upkeep
|-message|Olvz forfeited.
|
|win|alttf1 aura
|raw|alttf1 aura's rating: 1321 &rarr; <strong>1341</strong><br />(+20 for winning)
|raw|Olvz's rating: 1324 &rarr; <strong>1304</strong><br />(-20 for losing)
|l|☆Olvz
|player|p2|
|l|☆alttf1 aura
|player|p1|
