|html|<div class="broadcast-blue"><strong>[Gen 9] OU is currently suspecting Tera Blast! For information on how to participate check out the <a href="https://www.smogon.com/tools/suspects/view/200">suspect thread</a>.</strong></div>
|j|☆PinguButGood
|j|☆jklgg
|t:|1776259845
|gametype|singles
|player|p1|PinguButGood|falkner|1235
|player|p2|jklgg|101|1238
|gen|9
|tier|[Gen 9] OU
|rated|
|rule|HP Percentage Mod: HP is shown in percentages
|rule|Endless Battle Clause: Forcing endless battles is banned
|rule|Species Clause: Limit one of each Pokémon
|rule|OHKO Clause: OHKO moves are banned
|rule|Evasion Items Clause: Evasion items are banned
|rule|Evasion Moves Clause: Evasion moves are banned
|rule|Evasion Abilities Clause: Evasion abilities are banned
|rule|Sleep Moves Clause: Sleep-inducing moves are banned
|clearpoke
|poke|p1|Kyurem|
|poke|p1|Rillaboom, M|
|poke|p1|Garganacl, M|
|poke|p1|Pecharunt|
|poke|p1|Iron Treads|
|poke|p1|Zamazenta-*|
|poke|p2|Primarina, M|
|poke|p2|Gholdengo|
|poke|p2|Tyranitar, F|
|poke|p2|Great Tusk|
|poke|p2|Smeargle, F|
|poke|p2|Garganacl, M|
|teampreview
|inactive|Battle timer is ON: inactive players will automatically lose when time's up. (requested by PinguButGood)
|
|t:|1776259858
|teamsize|p1|6
|teamsize|p2|6
|start
|switch|p1a: Iron Treads|Iron Treads|100/100
|switch|p2a: Smeargle|Smeargle, F|100/100
|turn|1
|
|t:|1776259864
|move|p1a: Iron Treads|Rapid Spin|p2a: Smeargle
|-damage|p2a: Smeargle|60/100
|-boost|p1a: Iron Treads|spe|1
|move|p2a: Smeargle|Glare|p1a: Iron Treads
|-status|p1a: Iron Treads|par
|
|upkeep
|turn|2
|
|t:|1776259872
|switch|p2a: Garganacl|Garganacl, M|100/100
|move|p1a: Iron Treads|Knock Off|p2a: Garganacl
|-damage|p2a: Garganacl|83/100
|-enditem|p2a: Garganacl|Leftovers|[from] move: Knock Off|[of] p1a: Iron Treads
|
|upkeep
|turn|3
|
|t:|1776259886
|move|p1a: Iron Treads|High Horsepower|p2a: Garganacl|[miss]
|-miss|p1a: Iron Treads|p2a: Garganacl
|move|p2a: Garganacl|Salt Cure|p1a: Iron Treads
|-resisted|p1a: Iron Treads
|-damage|p1a: Iron Treads|98/100 par
|-start|p1a: Iron Treads|Salt Cure
|
|-damage|p1a: Iron Treads|73/100 par|[from] Salt Cure
|upkeep
|turn|4
|
|t:|1776259897
|-end|p1a: Iron Treads|Quark Drive|[silent]
|switch|p1a: Rillaboom|Rillaboom, M|100/100
|-fieldstart|move: Grassy Terrain|[from] ability: Grassy Surge|[of] p1a: Rillaboom
|switch|p2a: Gholdengo|Gholdengo|100/100
|-item|p2a: Gholdengo|Air Balloon
|
|upkeep
|turn|5
|
|t:|1776259907
|move|p2a: Gholdengo|Nasty Plot|p2a: Gholdengo
|-boost|p2a: Gholdengo|spa|2
|move|p1a: Rillaboom|Knock Off|p2a: Gholdengo
|-supereffective|p2a: Gholdengo
|-damage|p2a: Gholdengo|0 fnt
|-enditem|p2a: Gholdengo|Air Balloon
|faint|p2a: Gholdengo
|
|upkeep
|
|t:|1776259914
|switch|p2a: Tyranitar|Tyranitar, F|100/100
|-weather|Sandstorm|[from] ability: Sand Stream|[of] p2a: Tyranitar
|turn|6
|
|t:|1776259922
|switch|p1a: Zamazenta|Zamazenta|100/100
|-ability|p1a: Zamazenta|Dauntless Shield|boost
|-boost|p1a: Zamazenta|def|1
|move|p2a: Tyranitar|Fire Punch|p1a: Zamazenta
|-damage|p1a: Zamazenta|79/100
|
|-weather|Sandstorm|[upkeep]
|-damage|p1a: Zamazenta|73/100|[from] Sandstorm
|-heal|p1a: Zamazenta|79/100|[from] Grassy Terrain
|-heal|p1a: Zamazenta|85/100|[from] item: Leftovers
|upkeep
|turn|7
|
|t:|1776259932
|switch|p2a: Primarina|Primarina, M|100/100
|move|p1a: Zamazenta|Body Press|p2a: Primarina
|-resisted|p2a: Primarina
|-damage|p2a: Primarina|68/100
|
|-weather|Sandstorm|[upkeep]
|-damage|p1a: Zamazenta|79/100|[from] Sandstorm
|-damage|p2a: Primarina|62/100|[from] Sandstorm
|-heal|p1a: Zamazenta|85/100|[from] Grassy Terrain
|-heal|p1a: Zamazenta|91/100|[from] item: Leftovers
|-heal|p2a: Primarina|68/100|[from] Grassy Terrain
|upkeep
|turn|8
|
|t:|1776259945
|switch|p1a: Garganacl|Garganacl, M|100/100
|move|p2a: Primarina|Moonblast|p1a: Garganacl
|-damage|p1a: Garganacl|77/100
|-unboost|p1a: Garganacl|spa|1
|
|-weather|Sandstorm|[upkeep]
|-damage|p2a: Primarina|62/100|[from] Sandstorm
|-heal|p2a: Primarina|68/100|[from] Grassy Terrain
|-heal|p1a: Garganacl|83/100|[from] Grassy Terrain
|-heal|p1a: Garganacl|90/100|[from] item: Leftovers
|-fieldend|move: Grassy Terrain
|upkeep
|turn|9
|
|t:|1776259956
|move|p2a: Primarina|Hyper Voice|p1a: Garganacl
|-supereffective|p1a: Garganacl
|-damage|p1a: Garganacl|42/100
|move|p1a: Garganacl|Salt Cure|p2a: Primarina
|-damage|p2a: Primarina|50/100
|-start|p2a: Primarina|Salt Cure
|
|-weather|Sandstorm|[upkeep]
|-damage|p2a: Primarina|44/100|[from] Sandstorm
|-heal|p1a: Garganacl|48/100|[from] item: Leftovers
|-damage|p2a: Primarina|19/100|[from] Salt Cure
|upkeep
|turn|10
|
|t:|1776259967
|move|p1a: Garganacl|Protect|p1a: Garganacl
|-singleturn|p1a: Garganacl|Protect
|move|p2a: Primarina|Hyper Voice|p1a: Garganacl
|-activate|p1a: Garganacl|move: Protect
|
|-weather|none
|-heal|p1a: Garganacl|54/100|[from] item: Leftovers
|-damage|p2a: Primarina|0 fnt|[from] Salt Cure
|faint|p2a: Primarina
|upkeep
|
|t:|1776259970
|switch|p2a: Garganacl|Garganacl, M|83/100
|turn|11
|
|t:|1776259978
|move|p1a: Garganacl|Salt Cure|p2a: Garganacl
|-damage|p2a: Garganacl|75/100
|-start|p2a: Garganacl|Salt Cure
|move|p2a: Garganacl|Salt Cure|p1a: Garganacl
|-damage|p1a: Garganacl|44/100
|-start|p1a: Garganacl|Salt Cure
|
|-heal|p1a: Garganacl|50/100|[from] item: Leftovers
|-damage|p1a: Garganacl|38/100|[from] Salt Cure
|-damage|p2a: Garganacl|63/100|[from] Salt Cure
|upkeep
|turn|12
|
|t:|1776259994
|switch|p1a: Rillaboom|Rillaboom, M|100/100
|-fieldstart|move: Grassy Terrain|[from] ability: Grassy Surge|[of] p1a: Rillaboom
|move|p2a: Garganacl|Recover|p2a: Garganacl
|-heal|p2a: Garganacl|100/100
|
|-damage|p2a: Garganacl|88/100|[from] Salt Cure
|upkeep
|turn|13
|
|t:|1776260002
|-terastallize|p2a: Garganacl|Ghost
|move|p1a: Rillaboom|Wood Hammer|p2a: Garganacl
|-damage|p2a: Garganacl|16/100
|-damage|p1a: Rillaboom|72/100|[from] Recoil
|move|p2a: Garganacl|Salt Cure|p1a: Rillaboom
|-damage|p1a: Rillaboom|57/100
|-start|p1a: Rillaboom|Salt Cure
|
|-heal|p1a: Rillaboom|63/100|[from] Grassy Terrain
|-heal|p2a: Garganacl|22/100|[from] Grassy Terrain
|-damage|p1a: Rillaboom|50/100|[from] Salt Cure
|-damage|p2a: Garganacl|10/100|[from] Salt Cure
|upkeep
|turn|14
|
|t:|1776260020
|switch|p1a: Kyurem|Kyurem|100/100
|-ability|p1a: Kyurem|Pressure
|move|p2a: Garganacl|Recover|p2a: Garganacl
|-heal|p2a: Garganacl|60/100
|
|-heal|p2a: Garganacl|66/100|[from] Grassy Terrain
|-damage|p2a: Garganacl|53/100|[from] Salt Cure
|upkeep
|turn|15
|
|t:|1776260029
|move|p1a: Kyurem|Substitute|p1a: Kyurem
|-start|p1a: Kyurem|Substitute
|-damage|p1a: Kyurem|76/100
|move|p2a: Garganacl|Salt Cure|p1a: Kyurem
|-supereffective|p1a: Kyurem
|-end|p1a: Kyurem|Substitute
|
|-heal|p1a: Kyurem|82/100|[from] Grassy Terrain
|-heal|p1a: Kyurem|88/100|[from] item: Leftovers
|-heal|p2a: Garganacl|60/100|[from] Grassy Terrain
|-damage|p2a: Garganacl|47/100|[from] Salt Cure
|upkeep
|turn|16
|
|t:|1776260046
|move|p1a: Kyurem|Protect|p1a: Kyurem
|-singleturn|p1a: Kyurem|Protect
|move|p2a: Garganacl|Salt Cure|p1a: Kyurem
|-activate|p1a: Kyurem|move: Protect
|
|-heal|p1a: Kyurem|94/100|[from] Grassy Terrain
|-heal|p1a: Kyurem|99/100|[from] item: Leftovers
|-heal|p2a: Garganacl|53/100|[from] Grassy Terrain
|-damage|p2a: Garganacl|41/100|[from] Salt Cure
|-fieldend|move: Grassy Terrain
|upkeep
|turn|17
|
|t:|1776260057
|move|p1a: Kyurem|Substitute|p1a: Kyurem
|-start|p1a: Kyurem|Substitute
|-damage|p1a: Kyurem|75/100
|move|p2a: Garganacl|Salt Cure|p1a: Kyurem
|-supereffective|p1a: Kyurem
|-end|p1a: Kyurem|Substitute
|
|-heal|p1a: Kyurem|81/100|[from] item: Leftovers
|-damage|p2a: Garganacl|29/100|[from] Salt Cure
|upkeep
|turn|18
|-message|jklgg forfeited.
|
|win|PinguButGood
|raw|PinguButGood's rating: 1235 &rarr; <strong>1260</strong><br />(+25 for winning)
|raw|jklgg's rating: 1238 &rarr; <strong>1213</strong><br />(-25 for losing)
|l|☆jklgg
|player|p2|
|c|☆PinguButGood|ggwp
