|html|<div class="broadcast-blue"><strong>[Gen 9] OU is currently suspecting Volcarona! For information on how to participate check out the <a href="https://www.smogon.com/tools/suspects/view/208">suspect thread</a>.</strong></div>
|j|☆Oro722
|j|☆LeftoversForlunch
|t:|1778498144
|gametype|singles
|player|p1|Oro722|102|1113
|player|p2|LeftoversForlunch|170|1069
|gen|9
|tier|[Gen 9] OU
|rated|
|rule|HP Percentage Mod: HP is shown in percentages
|rule|Endless Battle Clause: Forcing endless battles is banned
|rule|Species Clause: Limit one of each Pokémon
|rule|OHKO Clause: OHKO moves are banned
|rule|Evasion Items Clause: Evasion items are banned
|rule|Evasion Moves Clause: Evasion moves are banned
|rule|Evasion Abilities Clause: Evasion abilities are banned
|rule|Sleep Moves Clause: Sleep-inducing moves are banned
|clearpoke
|poke|p1|Dragapult, M|
|poke|p1|Great Tusk|
|poke|p1|Tornadus-Therian, M|
|poke|p1|Pecharunt|
|poke|p1|Ogerpon-Wellspring, F|
|poke|p1|Zamazenta-*|
|poke|p2|Spidops, M|
|poke|p2|Pikachu, M|
|poke|p2|Spiritomb, M|
|poke|p2|Meowscarada, M|
|poke|p2|Flygon, M|
|poke|p2|Lucario, M|
|teampreview
|
|t:|1778498155
|teamsize|p1|6
|teamsize|p2|6
|start
|switch|p1a: Air force One|Dragapult, M|100/100
|switch|p2a: Spidops|Spidops, M|100/100
|turn|1
|
|t:|1778498167
|move|p2a: Spidops|Silk Trap|p2a: Spidops
|-singleturn|p2a: Spidops|Protect
|move|p1a: Air force One|Flamethrower|p2a: Spidops
|-activate|p2a: Spidops|move: Protect
|
|upkeep
|turn|2
|
|t:|1778498176
|move|p1a: Air force One|Flamethrower|p2a: Spidops
|-supereffective|p2a: Spidops
|-damage|p2a: Spidops|15/100
|move|p2a: Spidops|Sticky Web|p1a: Air force One
|-sidestart|p1: Oro722|move: Sticky Web
|
|upkeep
|turn|3
|
|t:|1778498195
|move|p2a: Spidops|Silk Trap|p2a: Spidops
|-singleturn|p2a: Spidops|Protect
|move|p1a: Air force One|Flamethrower|p2a: Spidops
|-activate|p2a: Spidops|move: Protect
|
|upkeep
|turn|4
|
|t:|1778498211
|switch|p2a: iritomb|Spiritomb, M|100/100
|-ability|p2a: iritomb|Pressure
|move|p1a: Air force One|Flamethrower|p2a: iritomb
|-damage|p2a: iritomb|68/100
|
|-heal|p2a: iritomb|74/100|[from] item: Leftovers
|upkeep
|turn|5
|
|t:|1778498227
|switch|p1a: Pecharunt|Pecharunt|100/100
|move|p2a: iritomb|Pain Split|p1a: Pecharunt
|-sethp|p1a: Pecharunt|80/100|[from] move: Pain Split|[silent]
|-sethp|p2a: iritomb|99/100|[from] move: Pain Split
|
|-heal|p2a: iritomb|100/100|[from] item: Leftovers
|upkeep
|turn|6
|
|t:|1778498246
|move|p1a: Pecharunt|Foul Play|p2a: iritomb
|-damage|p2a: iritomb|85/100
|move|p2a: iritomb|Will-O-Wisp|p1a: Pecharunt
|-status|p1a: Pecharunt|brn
|
|-heal|p2a: iritomb|91/100|[from] item: Leftovers
|-damage|p1a: Pecharunt|74/100 brn|[from] brn
|upkeep
|turn|7
|
|t:|1778498258
|move|p2a: iritomb|Protect|p2a: iritomb
|-singleturn|p2a: iritomb|Protect
|move|p1a: Pecharunt|Parting Shot|p2a: iritomb
|-activate|p2a: iritomb|move: Protect
|
|-heal|p2a: iritomb|97/100|[from] item: Leftovers
|-damage|p1a: Pecharunt|68/100 brn|[from] brn
|upkeep
|turn|8
|
|t:|1778498273
|switch|p2a: Spidops|Spidops, M|15/100
|move|p1a: Pecharunt|Parting Shot|p2a: Spidops
|-unboost|p2a: Spidops|atk|1
|-unboost|p2a: Spidops|spa|1
|
|t:|1778498284
|switch|p1a: Tornadus|Tornadus-Therian, M|100/100|[from] Parting Shot
|
|upkeep
|turn|9
|
|t:|1778498293
|move|p2a: Spidops|Silk Trap|p2a: Spidops
|-singleturn|p2a: Spidops|Protect
|move|p1a: Tornadus|Knock Off|p2a: Spidops
|-activate|p2a: Spidops|move: Protect
|-unboost|p1a: Tornadus|spe|1
|
|upkeep
|turn|10
|inactive|Battle timer is ON: inactive players will automatically lose when time's up. (requested by Oro722)
|
|t:|1778498319
|switch|p2a: iritomb|Spiritomb, M|97/100
|-ability|p2a: iritomb|Pressure
|move|p1a: Tornadus|Knock Off|p2a: iritomb
|-damage|p2a: iritomb|75/100
|-enditem|p2a: iritomb|Leftovers|[from] move: Knock Off|[of] p1a: Tornadus
|
|upkeep
|turn|11
|
|t:|1778498331
|move|p1a: Tornadus|Bleakwind Storm|p2a: iritomb
|-damage|p2a: iritomb|45/100
|move|p2a: iritomb|Will-O-Wisp|p1a: Tornadus
|-status|p1a: Tornadus|brn
|
|-damage|p1a: Tornadus|94/100 brn|[from] brn
|upkeep
|turn|12
|
|t:|1778498341
|move|p1a: Tornadus|Heat Wave|p2a: iritomb
|-damage|p2a: iritomb|27/100
|move|p2a: iritomb|Pain Split|p1a: Tornadus
|-sethp|p1a: Tornadus|59/100 brn|[from] move: Pain Split|[silent]
|-sethp|p2a: iritomb|70/100|[from] move: Pain Split
|
|-damage|p1a: Tornadus|52/100 brn|[from] brn
|upkeep
|turn|13
|
|t:|1778498353
|move|p2a: iritomb|Protect|p2a: iritomb
|-singleturn|p2a: iritomb|Protect
|move|p1a: Tornadus|Bleakwind Storm|p2a: iritomb
|-activate|p2a: iritomb|move: Protect
|
|-damage|p1a: Tornadus|46/100 brn|[from] brn
|upkeep
|turn|14
|inactive|LeftoversForlunch has 120 seconds left.
|
|t:|1778498390
|switch|p2a: Spidops|Spidops, M|15/100
|move|p1a: Tornadus|Bleakwind Storm|p2a: Spidops|[miss]
|-miss|p1a: Tornadus|p2a: Spidops
|
|-damage|p1a: Tornadus|40/100 brn|[from] brn
|upkeep
|turn|15
|inactive|LeftoversForlunch has 120 seconds left.
|
|t:|1778498405
|move|p2a: Spidops|First Impression|p1a: Tornadus
|-resisted|p1a: Tornadus
|-damage|p1a: Tornadus|18/100 brn
|move|p1a: Tornadus|Heat Wave|p2a: Spidops
|-supereffective|p2a: Spidops
|-damage|p2a: Spidops|0 fnt
|faint|p2a: Spidops
|
|-damage|p1a: Tornadus|12/100 brn|[from] brn
|upkeep
|
|t:|1778498424
|switch|p2a: Lucario|Lucario, M|100/100
|-item|p2a: Lucario|Air Balloon
|turn|16
|
|t:|1778498430
|move|p2a: Lucario|Extreme Speed|p1a: Tornadus
|-damage|p1a: Tornadus|0 fnt
|faint|p1a: Tornadus
|
|upkeep
|
|t:|1778498437
|switch|p1a: Les Chicots|Great Tusk|100/100
|turn|17
|
|t:|1778498443
|switch|p2a: iritomb|Spiritomb, M|70/100
|-ability|p2a: iritomb|Pressure
|move|p1a: Les Chicots|Stealth Rock|p2a: iritomb
|-sidestart|p2: LeftoversForlunch|move: Stealth Rock
|
|upkeep
|turn|18
|inactive|LeftoversForlunch has 120 seconds left.
|
|t:|1778498454
|move|p1a: Les Chicots|Headlong Rush|p2a: iritomb
|-damage|p2a: iritomb|0 fnt
|-unboost|p1a: Les Chicots|def|1
|-unboost|p1a: Les Chicots|spd|1
|faint|p2a: iritomb
|
|upkeep
|inactive|LeftoversForlunch has 120 seconds left.
|
|t:|1778498472
|switch|p2a: Lucario|Lucario, M|100/100
|-damage|p2a: Lucario|98/100|[from] Stealth Rock
|-item|p2a: Lucario|Air Balloon
|turn|19
|
|t:|1778498490
|-terastallize|p2a: Lucario|Normal
|move|p2a: Lucario|Extreme Speed|p1a: Les Chicots
|-damage|p1a: Les Chicots|60/100
|move|p1a: Les Chicots|Ice Spinner|p2a: Lucario
|-damage|p2a: Lucario|54/100
|-enditem|p2a: Lucario|Air Balloon
|
|upkeep
|turn|20
|
|t:|1778498502
|move|p2a: Lucario|Close Combat|p1a: Les Chicots
|-damage|p1a: Les Chicots|0 fnt
|-unboost|p2a: Lucario|def|1
|-unboost|p2a: Lucario|spd|1
|faint|p1a: Les Chicots
|-end|p1a: Les Chicots|Protosynthesis|[silent]
|
|upkeep
|
|t:|1778498509
|switch|p1a: Zamazenta|Zamazenta|100/100
|-activate|p1a: Zamazenta|move: Sticky Web
|-unboost|p1a: Zamazenta|spe|1
|-ability|p1a: Zamazenta|Dauntless Shield|boost
|-boost|p1a: Zamazenta|def|1
|turn|21
|
|t:|1778498524
|move|p2a: Lucario|Extreme Speed|p1a: Zamazenta
|-damage|p1a: Zamazenta|83/100
|move|p1a: Zamazenta|Body Press|p2a: Lucario
|-supereffective|p2a: Lucario
|-damage|p2a: Lucario|0 fnt
|faint|p2a: Lucario
|
|-heal|p1a: Zamazenta|90/100|[from] item: Leftovers
|upkeep
|
|t:|1778498540
|switch|p2a: Pikachu|Pikachu, M|100/100
|-damage|p2a: Pikachu|88/100|[from] Stealth Rock
|turn|22
|-message|Oro722 forfeited.
|
|win|LeftoversForlunch
|raw|Oro722's rating: 1113 &rarr; <strong>1085</strong><br />(-28 for losing)
|raw|LeftoversForlunch's rating: 1069 &rarr; <strong>1102</strong><br />(+33 for winning)
|l|☆Oro722
|player|p1|
|l|☆LeftoversForlunch
|player|p2|
