|html|<div class="broadcast-blue"><strong>[Gen 9] OU is currently suspecting Tera Blast! For information on how to participate check out the <a href="https://www.smogon.com/tools/suspects/view/200">suspect thread</a>.</strong></div>
|j|☆Apex Vanquisher
|j|☆mlgbd
|t:|1776076678
|gametype|singles
|player|p1|Apex Vanquisher|red|
|player|p2|mlgbd|n|
|gen|9
|tier|[Gen 9] OU
|rule|HP Percentage Mod: HP is shown in percentages
|rule|Endless Battle Clause: Forcing endless battles is banned
|rule|Species Clause: Limit one of each Pokémon
|rule|OHKO Clause: OHKO moves are banned
|rule|Evasion Items Clause: Evasion items are banned
|rule|Evasion Moves Clause: Evasion moves are banned
|rule|Evasion Abilities Clause: Evasion abilities are banned
|rule|Sleep Moves Clause: Sleep-inducing moves are banned
|clearpoke
|poke|p1|Pelipper, F|
|poke|p1|Raging Bolt|
|poke|p1|Overqwil, F|
|poke|p1|Barraskewda, M|
|poke|p1|Iron Treads|
|poke|p1|Kingambit, M|
|poke|p2|Indeedee, M|
|poke|p2|Pelipper, M|
|poke|p2|Barraskewda, M|
|poke|p2|Scizor, M|
|poke|p2|Iron Treads|
|poke|p2|Zapdos|
|teampreview
|inactive|Battle timer is ON: inactive players will automatically lose when time's up. (requested by Apex Vanquisher)
|inactive|mlgbd also wants the timer to be on.
|c|☆Apex Vanquisher|hf
|
|t:|1776076706
|teamsize|p1|6
|teamsize|p2|6
|start
|switch|p1a: Iron Treads|Iron Treads|100/100
|switch|p2a: 赤色彗星|Scizor, M|100/100
|-enditem|p1a: Iron Treads|Booster Energy
|-activate|p1a: Iron Treads|ability: Quark Drive|[fromitem]
|-start|p1a: Iron Treads|quarkdrivespe
|turn|1
|
|t:|1776076723
|move|p1a: Iron Treads|Earth Power|p2a: 赤色彗星
|-damage|p2a: 赤色彗星|51/100
|move|p2a: 赤色彗星|Close Combat|p1a: Iron Treads
|-supereffective|p1a: Iron Treads
|-damage|p1a: Iron Treads|0 fnt
|-unboost|p2a: 赤色彗星|def|1
|-unboost|p2a: 赤色彗星|spd|1
|faint|p1a: Iron Treads
|-end|p1a: Iron Treads|Quark Drive|[silent]
|
|upkeep
|
|t:|1776076735
|switch|p1a: Barraskewda|Barraskewda, M|100/100
|turn|2
|
|t:|1776076747
|switch|p2a: 大卫·戴|Pelipper, M|100/100
|-weather|RainDance|[from] ability: Drizzle|[of] p2a: 大卫·戴
|-terastallize|p1a: Barraskewda|Water
|move|p1a: Barraskewda|Flip Turn|p2a: 大卫·戴
|-resisted|p2a: 大卫·戴
|-damage|p2a: 大卫·戴|60/100
|
|t:|1776076757
|switch|p1a: Raging Bolt|Raging Bolt|100/100|[from] Flip Turn
|-enditem|p1a: Raging Bolt|Booster Energy
|-activate|p1a: Raging Bolt|ability: Protosynthesis|[fromitem]
|-start|p1a: Raging Bolt|protosynthesisspa
|
|-weather|RainDance|[upkeep]
|upkeep
|turn|3
|
|t:|1776076771
|move|p1a: Raging Bolt|Weather Ball|p2a: 大卫·戴
|-resisted|p2a: 大卫·戴
|-damage|p2a: 大卫·戴|2/100
|move|p2a: 大卫·戴|Ice Beam|p1a: Raging Bolt
|-supereffective|p1a: Raging Bolt
|-damage|p1a: Raging Bolt|64/100
|
|-weather|RainDance|[upkeep]
|upkeep
|turn|4
|c|☆Apex Vanquisher|？
|c|☆Apex Vanquisher|彳亍
|c|☆Apex Vanquisher|差一点儿
|
|t:|1776076791
|move|p1a: Raging Bolt|Thunder|p2a: 大卫·戴
|-supereffective|p2a: 大卫·戴
|-damage|p2a: 大卫·戴|0 fnt
|faint|p2a: 大卫·戴
|
|-weather|RainDance|[upkeep]
|upkeep
|
|t:|1776076801
|switch|p2a: 爱管侍他能干什么|Indeedee, M|100/100
|-fieldstart|move: Psychic Terrain|[from] ability: Psychic Surge|[of] p2a: 爱管侍他能干什么
|turn|5
|l|☆Apex Vanquisher
|inactive|Apex Vanquisher disconnected and has 300 seconds to reconnect!
|player|p1|
|j|☆Apex Vanquisher
|inactive|Apex Vanquisher reconnected and has 300 seconds left.
|player|p1|Apex Vanquisher|red|
|
|t:|1776076834
|move|p2a: 爱管侍他能干什么|Dazzling Gleam|p1a: Raging Bolt
|-supereffective|p1a: Raging Bolt
|-damage|p1a: Raging Bolt|15/100
|move|p1a: Raging Bolt|Thunder|p2a: 爱管侍他能干什么
|-damage|p2a: 爱管侍他能干什么|0 fnt
|faint|p2a: 爱管侍他能干什么
|
|-weather|RainDance|[upkeep]
|upkeep
|
|t:|1776076843
|switch|p2a: 这只是一条无辜的鱼|Barraskewda, M|100/100
|turn|6
|c|☆Apex Vanquisher|6
|
|t:|1776076851
|-end|p1a: Raging Bolt|Protosynthesis|[silent]
|switch|p1a: Kingambit|Kingambit, M|100/100
|-activate|p1a: Kingambit|ability: Supreme Overlord
|-start|p1a: Kingambit|fallen1|[silent]
|move|p2a: 这只是一条无辜的鱼|Liquidation|p1a: Kingambit
|-damage|p1a: Kingambit|23/100
|
|-weather|RainDance|[upkeep]
|-heal|p1a: Kingambit|29/100|[from] item: Leftovers
|upkeep
|turn|7
|
|t:|1776076871
|move|p2a: 这只是一条无辜的鱼|Liquidation|p1a: Kingambit
|-damage|p1a: Kingambit|0 fnt
|faint|p1a: Kingambit
|-end|p1a: Kingambit|fallen1|[silent]
|
|-weather|RainDance|[upkeep]
|upkeep
|
|t:|1776076881
|switch|p1a: Pelipper|Pelipper, F|100/100
|turn|8
|
|t:|1776076895
|move|p2a: 这只是一条无辜的鱼|Liquidation|p1a: Pelipper
|-resisted|p1a: Pelipper
|-damage|p1a: Pelipper|57/100
|-unboost|p1a: Pelipper|def|1
|move|p1a: Pelipper|Hurricane|p2a: 这只是一条无辜的鱼
|-damage|p2a: 这只是一条无辜的鱼|12/100
|
|-weather|RainDance|[upkeep]
|upkeep
|turn|9
|l|☆Apex Vanquisher
|inactive|Apex Vanquisher disconnected and has 280 seconds to reconnect!
|player|p1|
|inactive|Apex Vanquisher has 270 seconds to reconnect!
|inactive|Apex Vanquisher has 240 seconds to reconnect!
|inactive|Apex Vanquisher has 210 seconds to reconnect!
|j|☆Apex Vanquisher
|inactive|Apex Vanquisher reconnected and has 290 seconds left.
|player|p1|Apex Vanquisher|red|
|
|t:|1776076988
|switch|p1a: Raging Bolt|Raging Bolt|15/100
|move|p2a: 这只是一条无辜的鱼|Liquidation|p1a: Raging Bolt
|-resisted|p1a: Raging Bolt
|-damage|p1a: Raging Bolt|0 fnt
|faint|p1a: Raging Bolt
|-end|p1a: Raging Bolt|Protosynthesis|[silent]
|
|-weather|none
|-fieldend|move: Psychic Terrain
|upkeep
|
|t:|1776077002
|switch|p1a: Barraskewda|Barraskewda, M, tera:Water|100/100
|turn|10
|
|t:|1776077011
|switch|p2a: 赤色彗星|Scizor, M|51/100
|move|p1a: Barraskewda|Liquidation|p2a: 赤色彗星
|-damage|p2a: 赤色彗星|0 fnt
|faint|p2a: 赤色彗星
|
|upkeep
|
|t:|1776077017
|switch|p2a: 恐怖电鸟😱|Zapdos|100/100
|turn|11
|c|☆Apex Vanquisher|果然
|
|t:|1776077031
|switch|p1a: Pelipper|Pelipper, F|57/100
|-weather|RainDance|[from] ability: Drizzle|[of] p1a: Pelipper
|move|p2a: 恐怖电鸟😱|Volt Switch|p1a: Pelipper
|-supereffective|p1a: Pelipper
|-damage|p1a: Pelipper|0 fnt
|faint|p1a: Pelipper
|
|t:|1776077036
|switch|p2a: 这只是一条无辜的鱼|Barraskewda, M|12/100|[from] Volt Switch
|
|-weather|RainDance|[upkeep]
|upkeep
|
|t:|1776077044
|switch|p1a: Barraskewda|Barraskewda, M, tera:Water|100/100
|turn|12
|
|t:|1776077054
|move|p1a: Barraskewda|Aqua Jet|p2a: 这只是一条无辜的鱼
|-resisted|p2a: 这只是一条无辜的鱼
|-damage|p2a: 这只是一条无辜的鱼|0 fnt
|faint|p2a: 这只是一条无辜的鱼
|
|-weather|RainDance|[upkeep]
|upkeep
|
|t:|1776077057
|switch|p2a: 恐怖电鸟😱|Zapdos|100/100
|turn|13
|c|☆Apex Vanquisher|hhh
|c|☆Apex Vanquisher|猜拳成功
|
|t:|1776077072
|move|p1a: Barraskewda|Aqua Jet|p2a: 恐怖电鸟😱
|-damage|p2a: 恐怖电鸟😱|16/100
|move|p2a: 恐怖电鸟😱|Thunder|p1a: Barraskewda
|-supereffective|p1a: Barraskewda
|-damage|p1a: Barraskewda|0 fnt
|faint|p1a: Barraskewda
|
|-weather|RainDance|[upkeep]
|upkeep
|c|☆Apex Vanquisher|力度
|c|☆Apex Vanquisher|嘻嘻
|
|t:|1776077088
|switch|p1a: Overqwil|Overqwil, F|100/100
|turn|14
|
|t:|1776077101
|move|p1a: Overqwil|Liquidation|p2a: 恐怖电鸟😱
|-damage|p2a: 恐怖电鸟😱|0 fnt
|-status|p1a: Overqwil|par|[from] ability: Static|[of] p2a: 恐怖电鸟😱
|faint|p2a: 恐怖电鸟😱
|-damage|p1a: Overqwil|91/100 par|[from] item: Life Orb
|
|-weather|RainDance|[upkeep]
|upkeep
|
|t:|1776077104
|switch|p2a: 陀螺|Iron Treads|100/100
|-enditem|p2a: 陀螺|Booster Energy
|-activate|p2a: 陀螺|ability: Quark Drive|[fromitem]
|-start|p2a: 陀螺|quarkdrivespe
|turn|15
|c|☆Apex Vanquisher|？？？
|c|☆Apex Vanquisher|？？？
|inactive|mlgbd has 270 seconds left.
|c|☆Apex Vanquisher|你地力
|c|☆Apex Vanquisher|我就输了
|
|t:|1776077145
|-terastallize|p2a: 陀螺|Flying
|move|p2a: 陀螺|Earthquake|p1a: Overqwil
|-supereffective|p1a: Overqwil
|-damage|p1a: Overqwil|0 fnt
|faint|p1a: Overqwil
|
|win|mlgbd
|l|☆mlgbd
|player|p2|
|c|☆Apex Vanquisher|哦
|c|☆Apex Vanquisher|是地震
