|html|<div class="broadcast-blue"><strong>[Gen 9] OU is currently suspecting Tera Blast! For information on how to participate check out the <a href="https://www.smogon.com/tools/suspects/view/200">suspect thread</a>.</strong></div>
|j|☆CxAxRxLxOxS
|j|☆Garch0Z5
|inactive|Battle timer is ON: inactive players will automatically lose when time's up.
|t:|1776280506
|gametype|singles
|player|p1|CxAxRxLxOxS|aetherfoundation|
|player|p2|Garch0Z5|benga|
|gen|9
|tier|[Gen 9] OU
|rated|Tournament battle
|rule|HP Percentage Mod: HP is shown in percentages
|rule|Endless Battle Clause: Forcing endless battles is banned
|rule|Species Clause: Limit one of each Pokémon
|rule|OHKO Clause: OHKO moves are banned
|rule|Evasion Items Clause: Evasion items are banned
|rule|Evasion Moves Clause: Evasion moves are banned
|rule|Evasion Abilities Clause: Evasion abilities are banned
|rule|Sleep Moves Clause: Sleep-inducing moves are banned
|clearpoke
|poke|p1|Deoxys-Speed|
|poke|p1|Ceruledge, F|
|poke|p1|Zamazenta-*|
|poke|p1|Ogerpon-Wellspring, F|
|poke|p1|Glimmora, F|
|poke|p1|Moltres-Galar|
|poke|p2|Great Tusk|
|poke|p2|Kingambit, F|
|poke|p2|Raging Bolt|
|poke|p2|Walking Wake|
|poke|p2|Ninetales, F|
|poke|p2|Ceruledge, F|
|teampreview
|
|t:|1776280515
|teamsize|p1|6
|teamsize|p2|6
|start
|switch|p1a: Glimmora|Glimmora, F|100/100
|switch|p2a: Ninetales|Ninetales, F|100/100
|-weather|SunnyDay|[from] ability: Drought|[of] p2a: Ninetales
|turn|1
|
|t:|1776280522
|move|p2a: Ninetales|Scorching Sands|p1a: Glimmora
|-supereffective|p1a: Glimmora
|-damage|p1a: Glimmora|5/100
|-status|p1a: Glimmora|brn
|move|p1a: Glimmora|Meteor Beam||[still]
|-prepare|p1a: Glimmora|Meteor Beam
|-boost|p1a: Glimmora|spa|1
|-enditem|p1a: Glimmora|Power Herb
|-anim|p1a: Glimmora|Meteor Beam|p2a: Ninetales
|-supereffective|p2a: Ninetales
|-damage|p2a: Ninetales|0 fnt
|faint|p2a: Ninetales
|
|-weather|SunnyDay|[upkeep]
|-damage|p1a: Glimmora|0 fnt|[from] brn
|faint|p1a: Glimmora
|upkeep
|j| nf is cool
|l| nf is cool
|j| toscanosaan
|
|t:|1776280541
|switch|p2a: Bone shaker|Great Tusk|100/100
|switch|p1a: Deoxys|Deoxys-Speed|100/100
|-ability|p1a: Deoxys|Pressure
|-activate|p2a: Bone shaker|ability: Protosynthesis
|-start|p2a: Bone shaker|protosynthesisatk
|turn|2
|
|t:|1776280549
|-end|p2a: Bone shaker|Protosynthesis|[silent]
|switch|p2a: Kingambit|Kingambit, F|100/100
|-activate|p2a: Kingambit|ability: Supreme Overlord
|-start|p2a: Kingambit|fallen1|[silent]
|-item|p2a: Kingambit|Air Balloon
|move|p1a: Deoxys|Taunt|p2a: Kingambit
|-start|p2a: Kingambit|move: Taunt
|
|-weather|SunnyDay|[upkeep]
|upkeep
|turn|3
|
|t:|1776280558
|move|p2a: Kingambit|Sucker Punch||[still]
|-fail|p2a: Kingambit
|move|p1a: Deoxys|Reflect|p1a: Deoxys
|-sidestart|p1: CxAxRxLxOxS|Reflect
|
|-weather|SunnyDay|[upkeep]
|upkeep
|turn|4
|
|t:|1776280563
|move|p1a: Deoxys|Light Screen|p1a: Deoxys
|-sidestart|p1: CxAxRxLxOxS|move: Light Screen
|move|p2a: Kingambit|Kowtow Cleave|p1a: Deoxys
|-supereffective|p1a: Deoxys
|-damage|p1a: Deoxys|39/100
|
|-weather|SunnyDay|[upkeep]
|-end|p2a: Kingambit|move: Taunt
|upkeep
|turn|5
|
|t:|1776280570
|switch|p1a: Moltres|Moltres-Galar|100/100
|move|p2a: Kingambit|Sucker Punch||[still]
|-fail|p2a: Kingambit
|
|-weather|SunnyDay|[upkeep]
|upkeep
|turn|6
|
|t:|1776280578
|-end|p2a: Kingambit|fallen1|[silent]
|switch|p2a: Raging Bolt|Raging Bolt|100/100
|-activate|p2a: Raging Bolt|ability: Protosynthesis
|-start|p2a: Raging Bolt|protosynthesisspa
|move|p1a: Moltres|Agility|p1a: Moltres
|-boost|p1a: Moltres|spe|2
|
|-weather|SunnyDay|[upkeep]
|upkeep
|turn|7
|
|t:|1776280587
|-terastallize|p1a: Moltres|Fairy
|move|p1a: Moltres|Nasty Plot|p1a: Moltres
|-boost|p1a: Moltres|spa|2
|move|p2a: Raging Bolt|Dragon Pulse|p1a: Moltres
|-immune|p1a: Moltres
|
|-weather|SunnyDay|[upkeep]
|upkeep
|turn|8
|
|t:|1776280596
|-end|p2a: Raging Bolt|Protosynthesis|[silent]
|switch|p2a: Ceruledge|Ceruledge, F|100/100
|move|p1a: Moltres|Nasty Plot|p1a: Moltres
|-boost|p1a: Moltres|spa|2
|
|-weather|none
|upkeep
|turn|9
|
|t:|1776280602
|-terastallize|p2a: Ceruledge|Fairy
|move|p1a: Moltres|Fiery Wrath|p2a: Ceruledge
|-resisted|p2a: Ceruledge
|-damage|p2a: Ceruledge|26/100
|move|p2a: Ceruledge|Poltergeist|p1a: Moltres
|-activate|p1a: Moltres|move: Poltergeist|Sitrus Berry
|-damage|p1a: Moltres|69/100
|
|upkeep
|turn|10
|
|t:|1776280611
|move|p1a: Moltres|Fiery Wrath|p2a: Ceruledge
|-resisted|p2a: Ceruledge
|-damage|p2a: Ceruledge|0 fnt
|faint|p2a: Ceruledge
|
|-sideend|p1: CxAxRxLxOxS|Reflect
|upkeep
|
|t:|1776280620
|switch|p2a: Walking Wake|Walking Wake|100/100
|turn|11
|
|t:|1776280624
|move|p1a: Moltres|Tera Blast|p2a: Walking Wake|[anim] Tera Blast Fairy
|-supereffective|p2a: Walking Wake
|-damage|p2a: Walking Wake|0 fnt
|faint|p2a: Walking Wake
|-end|p2a: Walking Wake|Protosynthesis|[silent]
|
|-sideend|p1: CxAxRxLxOxS|move: Light Screen
|upkeep
|
|t:|1776280629
|switch|p2a: Kingambit|Kingambit, F|100/100
|-activate|p2a: Kingambit|ability: Supreme Overlord
|-start|p2a: Kingambit|fallen3|[silent]
|-item|p2a: Kingambit|Air Balloon
|turn|12
|
|t:|1776280637
|move|p1a: Moltres|Tera Blast|p2a: Kingambit|[anim] Tera Blast Fairy
|-damage|p2a: Kingambit|0 fnt
|-enditem|p2a: Kingambit|Air Balloon
|faint|p2a: Kingambit
|-end|p2a: Kingambit|fallen3|[silent]
|
|upkeep
|
|t:|1776280639
|switch|p2a: Raging Bolt|Raging Bolt|100/100
|turn|13
|
|t:|1776280645
|move|p2a: Raging Bolt|Thunderclap|p1a: Moltres
|-damage|p1a: Moltres|25/100
|-ability|p1a: Moltres|Berserk|boost
|-boost|p1a: Moltres|spa|1
|-damage|p2a: Raging Bolt|91/100|[from] item: Life Orb
|-enditem|p1a: Moltres|Sitrus Berry|[eat]
|-heal|p1a: Moltres|50/100|[from] item: Sitrus Berry
|move|p1a: Moltres|Tera Blast|p2a: Raging Bolt|[anim] Tera Blast Fairy
|-supereffective|p2a: Raging Bolt
|-damage|p2a: Raging Bolt|0 fnt
|faint|p2a: Raging Bolt
|-end|p2a: Raging Bolt|Protosynthesis|[silent]
|
|upkeep
|
|t:|1776280649
|switch|p2a: Bone shaker|Great Tusk|100/100
|turn|14
|c|☆CxAxRxLxOxS|gg
|
|t:|1776280658
|move|p1a: Moltres|Tera Blast|p2a: Bone shaker|[anim] Tera Blast Fairy
|-supereffective|p2a: Bone shaker
|-damage|p2a: Bone shaker|0 fnt
|faint|p2a: Bone shaker
|-end|p2a: Bone shaker|Protosynthesis|[silent]
|
|win|CxAxRxLxOxS
|n|☆CxAxRxLxOxS|cxaxrxlxoxs
|n|☆Garch0Z5|garch0z5
|n| toscanosaan|toscanosaan
