|html|<div class="broadcast-blue"><strong>[Gen 9] OU is currently suspecting Tera Blast! For information on how to participate check out the <a href="https://www.smogon.com/tools/suspects/view/200">suspect thread</a>.</strong></div>
|j|☆gigipotato
|j|☆bigmanbigmanpants
|t:|1776114440
|gametype|singles
|player|p1|gigipotato|1|1160
|player|p2|bigmanbigmanpants|koga-lgpe|1203
|gen|9
|tier|[Gen 9] OU
|rated|
|rule|HP Percentage Mod: HP is shown in percentages
|rule|Endless Battle Clause: Forcing endless battles is banned
|rule|Species Clause: Limit one of each Pokémon
|rule|OHKO Clause: OHKO moves are banned
|rule|Evasion Items Clause: Evasion items are banned
|rule|Evasion Moves Clause: Evasion moves are banned
|rule|Evasion Abilities Clause: Evasion abilities are banned
|rule|Sleep Moves Clause: Sleep-inducing moves are banned
|clearpoke
|poke|p1|Mimikyu, F|
|poke|p1|Zamazenta-*|
|poke|p1|Rillaboom, M|
|poke|p1|Porygon2|
|poke|p1|Eiscue, F|
|poke|p1|Forretress, F|
|poke|p2|Porygon2|
|poke|p2|Reuniclus, F|
|poke|p2|Rampardos, M|
|poke|p2|Ting-Lu|
|poke|p2|Bronzong|
|poke|p2|Glastrier|
|teampreview
|inactive|Battle timer is ON: inactive players will automatically lose when time's up. (requested by gigipotato)
|
|t:|1776114451
|teamsize|p1|6
|teamsize|p2|6
|start
|switch|p1a: Forretress|Forretress, F, shiny|100/100
|switch|p2a: Porygon2|Porygon2|100/100
|-ability|p2a: Porygon2|Download|boost
|-boost|p2a: Porygon2|spa|1
|turn|1
|
|t:|1776114458
|move|p1a: Forretress|Stealth Rock|p2a: Porygon2
|-sidestart|p2: bigmanbigmanpants|move: Stealth Rock
|move|p2a: Porygon2|Trick Room|p2a: Porygon2
|-fieldstart|move: Trick Room|[of] p2a: Porygon2
|
|upkeep
|turn|2
|
|t:|1776114462
|switch|p2a: Rampardos|Rampardos, M|100/100
|-damage|p2a: Rampardos|88/100|[from] Stealth Rock
|move|p1a: Forretress|Spikes|p2a: Rampardos
|-sidestart|p2: bigmanbigmanpants|Spikes
|
|upkeep
|turn|3
|
|t:|1776114469
|move|p2a: Rampardos|Head Smash|p1a: Forretress
|-damage|p1a: Forretress|7/100
|-damage|p2a: Rampardos|46/100|[from] Recoil
|-damage|p2a: Rampardos|37/100|[from] item: Life Orb
|move|p1a: Forretress|Spikes|p2a: Rampardos
|-sidestart|p2: bigmanbigmanpants|Spikes
|
|upkeep
|turn|4
|-enditem|p1a: Forretress|Custap Berry|[eat]
|-activate|p1a: Forretress|item: Custap Berry|[consumed]
|
|t:|1776114476
|move|p1a: Forretress|Explosion|p2a: Rampardos
|-resisted|p2a: Rampardos
|-damage|p2a: Rampardos|0 fnt
|faint|p1a: Forretress
|faint|p2a: Rampardos
|
|upkeep
|
|t:|1776114490
|switch|p2a: Reuniclus|Reuniclus, F|100/100
|switch|p1a: Porygon2|Porygon2, shiny|100/100
|-ability|p1a: Porygon2|Download|boost
|-boost|p1a: Porygon2|atk|1
|turn|5
|
|t:|1776114497
|-terastallize|p2a: Reuniclus|Fighting
|move|p2a: Reuniclus|Focus Blast|p1a: Porygon2
|-supereffective|p1a: Porygon2
|-damage|p1a: Porygon2|0 fnt
|faint|p1a: Porygon2
|
|-fieldend|move: Trick Room
|upkeep
|
|t:|1776114504
|switch|p1a: Mimikyu|Mimikyu, F, shiny|100/100
|turn|6
|
|t:|1776114509
|switch|p2a: Bronzong|Bronzong|100/100
|-damage|p2a: Bronzong|94/100|[from] Stealth Rock
|move|p1a: Mimikyu|Swords Dance|p1a: Mimikyu
|-boost|p1a: Mimikyu|atk|2
|
|upkeep
|turn|7
|
|t:|1776114516
|move|p1a: Mimikyu|Swords Dance|p1a: Mimikyu
|-boost|p1a: Mimikyu|atk|2
|move|p2a: Bronzong|Trick Room|p2a: Bronzong
|-fieldstart|move: Trick Room|[of] p2a: Bronzong
|
|upkeep
|turn|8
|
|t:|1776114524
|move|p2a: Bronzong|Flash Cannon|p1a: Mimikyu
|-activate|p1a: Mimikyu|ability: Disguise
|-damage|p1a: Mimikyu|100/100
|detailschange|p1a: Mimikyu|Mimikyu-Busted, F, shiny
|-damage|p1a: Mimikyu|88/100|[from] pokemon: Mimikyu-Busted
|move|p1a: Mimikyu|Swords Dance|p1a: Mimikyu
|-boost|p1a: Mimikyu|atk|2
|
|upkeep
|turn|9
|
|t:|1776114533
|move|p1a: Mimikyu|Shadow Sneak|p2a: Bronzong
|-supereffective|p2a: Bronzong
|-damage|p2a: Bronzong|0 fnt
|faint|p2a: Bronzong
|
|upkeep
|
|t:|1776114538
|switch|p2a: Ting-Lu|Ting-Lu|100/100
|-damage|p2a: Ting-Lu|94/100|[from] Stealth Rock
|-damage|p2a: Ting-Lu|78/100|[from] Spikes
|-ability|p2a: Ting-Lu|Vessel of Ruin
|turn|10
|
|t:|1776114544
|move|p2a: Ting-Lu|Earthquake|p1a: Mimikyu
|-damage|p1a: Mimikyu|0 fnt
|faint|p1a: Mimikyu
|
|upkeep
|
|t:|1776114549
|switch|p1a: Rillaboom|Rillaboom, M, shiny|100/100
|-fieldstart|move: Grassy Terrain|[from] ability: Grassy Surge|[of] p1a: Rillaboom
|turn|11
|
|t:|1776114553
|switch|p2a: Porygon2|Porygon2|100/100
|-damage|p2a: Porygon2|88/100|[from] Stealth Rock
|-damage|p2a: Porygon2|72/100|[from] Spikes
|-ability|p2a: Porygon2|Download|boost
|-boost|p2a: Porygon2|spa|1
|move|p1a: Rillaboom|U-turn|p2a: Porygon2
|-damage|p2a: Porygon2|47/100
|
|t:|1776114561
|switch|p1a: Zamazenta|Zamazenta|100/100|[from] U-turn
|-ability|p1a: Zamazenta|Dauntless Shield|boost
|-boost|p1a: Zamazenta|def|1
|-enditem|p1a: Zamazenta|Grassy Seed
|-boost|p1a: Zamazenta|def|1|[from] item: Grassy Seed
|
|-heal|p2a: Porygon2|53/100|[from] Grassy Terrain
|-fieldend|move: Trick Room
|upkeep
|turn|12
|
|t:|1776114574
|move|p1a: Zamazenta|Body Press|p2a: Porygon2
|-supereffective|p2a: Porygon2
|-damage|p2a: Porygon2|0 fnt
|faint|p2a: Porygon2
|
|upkeep
|
|t:|1776114579
|switch|p2a: Reuniclus|Reuniclus, F, tera:Fighting|100/100
|turn|13
|
|t:|1776114586
|-terastallize|p1a: Zamazenta|Steel
|move|p1a: Zamazenta|Agility|p1a: Zamazenta
|-boost|p1a: Zamazenta|spe|2
|move|p2a: Reuniclus|Trick Room|p2a: Reuniclus
|-fieldstart|move: Trick Room|[of] p2a: Reuniclus
|
|upkeep
|turn|14
|c|☆bigmanbigmanpants|interesting choice
|
|t:|1776114597
|move|p2a: Reuniclus|Focus Blast|p1a: Zamazenta
|-supereffective|p1a: Zamazenta
|-damage|p1a: Zamazenta|0 fnt
|faint|p1a: Zamazenta
|
|upkeep
|
|t:|1776114603
|switch|p1a: Rillaboom|Rillaboom, M, shiny|100/100
|turn|15
|
|t:|1776114614
|move|p1a: Rillaboom|Grassy Glide|p2a: Reuniclus
|-damage|p2a: Reuniclus|40/100
|move|p2a: Reuniclus|Focus Blast|p1a: Rillaboom|[miss]
|-miss|p2a: Reuniclus|p1a: Rillaboom
|
|-heal|p2a: Reuniclus|46/100|[from] Grassy Terrain
|-fieldend|move: Grassy Terrain
|upkeep
|turn|16
|
|t:|1776114622
|move|p2a: Reuniclus|Focus Blast|p1a: Rillaboom|[miss]
|-miss|p2a: Reuniclus|p1a: Rillaboom
|move|p1a: Rillaboom|Grassy Glide|p2a: Reuniclus
|-damage|p2a: Reuniclus|4/100
|
|upkeep
|turn|17
|
|t:|1776114629
|move|p2a: Reuniclus|Focus Blast|p1a: Rillaboom
|-damage|p1a: Rillaboom|0 fnt
|faint|p1a: Rillaboom
|
|-fieldend|move: Trick Room
|upkeep
|
|t:|1776114634
|switch|p1a: Eiscue|Eiscue, F, shiny|100/100
|turn|18
|
|t:|1776114638
|move|p1a: Eiscue|Ice Spinner|p2a: Reuniclus
|-damage|p2a: Reuniclus|0 fnt
|faint|p2a: Reuniclus
|
|upkeep
|
|t:|1776114641
|switch|p2a: Glastrier|Glastrier|100/100
|turn|19
|
|t:|1776114644
|move|p1a: Eiscue|Belly Drum|p1a: Eiscue
|-damage|p1a: Eiscue|51/100
|-setboost|p1a: Eiscue|atk|6|[from] move: Belly Drum
|move|p2a: Glastrier|Heavy Slam|p1a: Eiscue
|-activate|p1a: Eiscue|ability: Ice Face
|-damage|p1a: Eiscue|51/100
|detailschange|p1a: Eiscue|Eiscue-Noice, F, shiny
|
|upkeep
|turn|20
|
|t:|1776114654
|move|p1a: Eiscue|Substitute|p1a: Eiscue
|-start|p1a: Eiscue|Substitute
|-damage|p1a: Eiscue|26/100
|move|p2a: Glastrier|Heavy Slam|p1a: Eiscue
|-supereffective|p1a: Eiscue
|-end|p1a: Eiscue|Substitute
|
|upkeep
|turn|21
|
|t:|1776114661
|move|p1a: Eiscue|Substitute|p1a: Eiscue
|-start|p1a: Eiscue|Substitute
|-damage|p1a: Eiscue|1/100
|-enditem|p1a: Eiscue|Salac Berry|[eat]
|-boost|p1a: Eiscue|spe|1|[from] item: Salac Berry
|move|p2a: Glastrier|Heavy Slam|p1a: Eiscue
|-supereffective|p1a: Eiscue
|-end|p1a: Eiscue|Substitute
|
|upkeep
|turn|22
|
|t:|1776114672
|move|p1a: Eiscue|Liquidation|p2a: Glastrier
|-damage|p2a: Glastrier|40/100
|move|p2a: Glastrier|Heavy Slam|p1a: Eiscue
|-supereffective|p1a: Eiscue
|-damage|p1a: Eiscue|0 fnt
|faint|p1a: Eiscue
|
|win|bigmanbigmanpants
|raw|gigipotato's rating: 1160 &rarr; <strong>1138</strong><br />(-22 for losing)
|raw|bigmanbigmanpants's rating: 1203 &rarr; <strong>1225</strong><br />(+22 for winning)
|c|☆bigmanbigmanpants|https://pastebin.com/w6CaNE4n
|l|☆gigipotato
|player|p1|
|l|☆bigmanbigmanpants
|player|p2|
