|html|<div class="broadcast-blue"><strong>[Gen 9] OU is currently suspecting Volcarona! For information on how to participate check out the <a href="https://www.smogon.com/tools/suspects/view/208">suspect thread</a>.</strong></div>
|j|☆lapunchmonke
|j|☆miemg
|t:|1778497648
|gametype|singles
|player|p1|lapunchmonke|palmer|1203
|player|p2|miemg|hiker|1199
|gen|9
|tier|[Gen 9] OU
|rated|
|rule|HP Percentage Mod: HP is shown in percentages
|rule|Endless Battle Clause: Forcing endless battles is banned
|rule|Species Clause: Limit one of each Pokémon
|rule|OHKO Clause: OHKO moves are banned
|rule|Evasion Items Clause: Evasion items are banned
|rule|Evasion Moves Clause: Evasion moves are banned
|rule|Evasion Abilities Clause: Evasion abilities are banned
|rule|Sleep Moves Clause: Sleep-inducing moves are banned
|clearpoke
|poke|p1|Cinccino, M|
|poke|p1|Enamorus, F|
|poke|p1|Salamence, F|
|poke|p1|Serperior, F|
|poke|p1|Garganacl, F|
|poke|p1|Gholdengo|
|poke|p2|Ogerpon-Wellspring, F|
|poke|p2|Corviknight, F|
|poke|p2|Iron Valiant|
|poke|p2|Garchomp, F|
|poke|p2|Volcarona, M|
|poke|p2|Dragapult, M|
|teampreview
|
|t:|1778497652
|teamsize|p1|6
|teamsize|p2|6
|start
|switch|p1a: MILE|Cinccino, M, shiny|100/100
|switch|p2a: Garchomp|Garchomp, F|100/100
|turn|1
|
|t:|1778497662
|move|p1a: MILE|Triple Axel|p2a: Garchomp
|-supereffective|p2a: Garchomp
|-damage|p2a: Garchomp|76/100
|-damage|p1a: MILE|88/100|[from] ability: Rough Skin|[of] p2a: Garchomp
|-damage|p1a: MILE|72/100|[from] item: Rocky Helmet|[of] p2a: Garchomp
|-supereffective|p2a: Garchomp
|-damage|p2a: Garchomp|22/100
|-damage|p1a: MILE|59/100|[from] ability: Rough Skin|[of] p2a: Garchomp
|-damage|p1a: MILE|43/100|[from] item: Rocky Helmet|[of] p2a: Garchomp
|-supereffective|p2a: Garchomp
|-damage|p2a: Garchomp|0 fnt
|-damage|p1a: MILE|31/100|[from] ability: Rough Skin|[of] p2a: Garchomp
|-damage|p1a: MILE|14/100|[from] item: Rocky Helmet|[of] p2a: Garchomp
|faint|p2a: Garchomp
|-hitcount|p2: Garchomp|3
|
|upkeep
|
|t:|1778497683
|switch|p2a: Dragapult|Dragapult, M|100/100
|turn|2
|
|t:|1778497691
|move|p2a: Dragapult|U-turn|p1a: MILE
|-damage|p1a: MILE|0 fnt
|faint|p1a: MILE
|
|t:|1778497697
|switch|p2a: Ogerpon|Ogerpon-Wellspring, F|100/100|[from] U-turn
|
|upkeep
|
|t:|1778497701
|switch|p1a: ALAN|Serperior, F, shiny|100/100
|turn|3
|
|t:|1778497708
|switch|p2a: Corviknight|Corviknight, F|100/100
|-ability|p2a: Corviknight|Pressure
|move|p1a: ALAN|Leaf Storm|p2a: Corviknight
|-resisted|p2a: Corviknight
|-damage|p2a: Corviknight|88/100
|-boost|p1a: ALAN|spa|2
|
|upkeep
|turn|4
|
|t:|1778497728
|switch|p1a: CHARLIE|Garganacl, F, shiny|100/100
|move|p2a: Corviknight|Brave Bird|p1a: CHARLIE
|-resisted|p1a: CHARLIE
|-damage|p1a: CHARLIE|92/100
|-damage|p2a: Corviknight|85/100|[from] Recoil
|
|upkeep
|turn|5
|
|t:|1778497744
|move|p2a: Corviknight|Roost|p2a: Corviknight
|-heal|p2a: Corviknight|100/100
|-singleturn|p2a: Corviknight|move: Roost
|move|p1a: CHARLIE|Iron Defense|p1a: CHARLIE
|-boost|p1a: CHARLIE|def|2
|
|upkeep
|turn|6
|
|t:|1778497785
|move|p2a: Corviknight|U-turn|p1a: CHARLIE
|-damage|p1a: CHARLIE|88/100
|
|t:|1778497800
|switch|p2a: Volcarona|Volcarona, M|100/100|[from] U-turn
|move|p1a: CHARLIE|Iron Defense|p1a: CHARLIE
|-boost|p1a: CHARLIE|def|2
|
|upkeep
|turn|7
|
|t:|1778497821
|move|p2a: Volcarona|Quiver Dance|p2a: Volcarona
|-boost|p2a: Volcarona|spa|1
|-boost|p2a: Volcarona|spd|1
|-boost|p2a: Volcarona|spe|1
|move|p1a: CHARLIE|Earthquake|p2a: Volcarona
|-damage|p2a: Volcarona|63/100
|
|upkeep
|turn|8
|
|t:|1778497831
|move|p2a: Volcarona|Giga Drain|p1a: CHARLIE
|-supereffective|p1a: CHARLIE
|-damage|p1a: CHARLIE|11/100
|-heal|p2a: Volcarona|100/100|[from] drain|[of] p1a: CHARLIE
|move|p1a: CHARLIE|Earthquake|p2a: Volcarona
|-damage|p2a: Volcarona|68/100
|
|upkeep
|turn|9
|
|t:|1778497849
|move|p2a: Volcarona|Giga Drain|p1a: CHARLIE
|-supereffective|p1a: CHARLIE
|-damage|p1a: CHARLIE|0 fnt
|-heal|p2a: Volcarona|74/100|[from] drain|[of] p1a: CHARLIE
|faint|p1a: CHARLIE
|
|upkeep
|
|t:|1778497854
|switch|p1a: LOUBEL|Salamence, F, shiny|100/100
|turn|10
|
|t:|1778497874
|switch|p2a: Iron Valiant|Iron Valiant|100/100
|-enditem|p2a: Iron Valiant|Booster Energy
|-activate|p2a: Iron Valiant|ability: Quark Drive|[fromitem]
|-start|p2a: Iron Valiant|quarkdrivespe
|move|p1a: LOUBEL|Dual Wingbeat|p2a: Iron Valiant
|-supereffective|p2a: Iron Valiant
|-damage|p2a: Iron Valiant|40/100
|-supereffective|p2a: Iron Valiant
|-damage|p2a: Iron Valiant|0 fnt
|faint|p2a: Iron Valiant
|-end|p2a: Iron Valiant|Quark Drive|[silent]
|-ability|p1a: LOUBEL|Moxie|boost
|-boost|p1a: LOUBEL|atk|1
|-hitcount|p2: Iron Valiant|2
|
|upkeep
|
|t:|1778497884
|switch|p2a: Dragapult|Dragapult, M|100/100
|turn|11
|
|t:|1778497890
|move|p2a: Dragapult|Draco Meteor|p1a: LOUBEL
|-supereffective|p1a: LOUBEL
|-damage|p1a: LOUBEL|0 fnt
|-unboost|p2a: Dragapult|spa|2
|faint|p1a: LOUBEL
|
|upkeep
|
|t:|1778497898
|switch|p1a: JONT|Enamorus, F, shiny|100/100
|turn|12
|
|t:|1778497901
|move|p1a: JONT|Moonblast|p2a: Dragapult
|-supereffective|p2a: Dragapult
|-damage|p2a: Dragapult|0 fnt
|faint|p2a: Dragapult
|
|upkeep
|
|t:|1778497912
|switch|p2a: Corviknight|Corviknight, F|100/100
|-ability|p2a: Corviknight|Pressure
|turn|13
|
|t:|1778497918
|switch|p1a: ALAN|Serperior, F, shiny|100/100
|move|p2a: Corviknight|Brave Bird|p1a: ALAN
|-supereffective|p1a: ALAN
|-damage|p1a: ALAN|6/100
|-damage|p2a: Corviknight|78/100|[from] Recoil
|
|-heal|p1a: ALAN|12/100|[from] item: Leftovers
|upkeep
|turn|14
|
|t:|1778497926
|move|p1a: ALAN|Rest|p1a: ALAN
|-status|p1a: ALAN|slp|[from] move: Rest
|-heal|p1a: ALAN|100/100 slp|[silent]
|move|p2a: Corviknight|U-turn|p1a: ALAN
|-supereffective|p1a: ALAN
|-crit|p1a: ALAN
|-damage|p1a: ALAN|47/100 slp
|
|t:|1778497933
|switch|p2a: Volcarona|Volcarona, M|74/100|[from] U-turn
|
|-heal|p1a: ALAN|53/100 slp|[from] item: Leftovers
|upkeep
|turn|15
|
|t:|1778497938
|move|p2a: Volcarona|Quiver Dance|p2a: Volcarona
|-boost|p2a: Volcarona|spa|1
|-boost|p2a: Volcarona|spd|1
|-boost|p2a: Volcarona|spe|1
|cant|p1a: ALAN|slp
|move|p1a: ALAN|Sleep Talk|p1a: ALAN
|move|p1a: ALAN|Dragon Tail|p2a: Volcarona|[from] move: Sleep Talk|[miss]
|-miss|p1a: ALAN|p2a: Volcarona
|
|-heal|p1a: ALAN|59/100 slp|[from] item: Leftovers
|upkeep
|turn|16
|
|t:|1778497953
|move|p2a: Volcarona|Fiery Dance|p1a: ALAN
|-supereffective|p1a: ALAN
|-damage|p1a: ALAN|0 fnt
|faint|p1a: ALAN
|
|upkeep
|
|t:|1778497959
|switch|p1a: JONT|Enamorus, F, shiny|100/100
|turn|17
|
|t:|1778497967
|-terastallize|p1a: JONT|Fighting
|move|p2a: Volcarona|Fiery Dance|p1a: JONT
|-damage|p1a: JONT|16/100
|move|p1a: JONT|Superpower|p2a: Volcarona
|-resisted|p2a: Volcarona
|-damage|p2a: Volcarona|23/100
|-boost|p1a: JONT|atk|1
|-boost|p1a: JONT|def|1
|
|upkeep
|turn|18
|
|t:|1778497979
|move|p2a: Volcarona|Fiery Dance|p1a: JONT
|-damage|p1a: JONT|0 fnt
|-boost|p2a: Volcarona|spa|1
|faint|p1a: JONT
|
|upkeep
|
|t:|1778497985
|switch|p1a: LIME|Gholdengo, shiny|100/100
|-item|p1a: LIME|Air Balloon
|turn|19
|
|t:|1778497991
|move|p2a: Volcarona|Fiery Dance|p1a: LIME
|-supereffective|p1a: LIME
|-crit|p1a: LIME
|-damage|p1a: LIME|0 fnt
|-boost|p2a: Volcarona|spa|1
|-enditem|p1a: LIME|Air Balloon
|faint|p1a: LIME
|
|win|miemg
|raw|lapunchmonke's rating: 1203 &rarr; <strong>1178</strong><br />(-25 for losing)
|raw|miemg's rating: 1199 &rarr; <strong>1224</strong><br />(+25 for winning)
|l|☆lapunchmonke
|player|p1|
|l|☆miemg
|player|p2|
