|html|<div class="broadcast-blue"><strong>[Gen 9] OU is currently suspecting Tera Blast! For information on how to participate check out the <a href="https://www.smogon.com/tools/suspects/view/200">suspect thread</a>.</strong></div>
|j|☆Skiddris
|j|☆AKGD
|t:|1776202713
|gametype|singles
|player|p1|Skiddris|artist|1487
|player|p2|AKGD|hilbert|1468
|gen|9
|tier|[Gen 9] OU
|rated|
|rule|HP Percentage Mod: HP is shown in percentages
|rule|Endless Battle Clause: Forcing endless battles is banned
|rule|Species Clause: Limit one of each Pokémon
|rule|OHKO Clause: OHKO moves are banned
|rule|Evasion Items Clause: Evasion items are banned
|rule|Evasion Moves Clause: Evasion moves are banned
|rule|Evasion Abilities Clause: Evasion abilities are banned
|rule|Sleep Moves Clause: Sleep-inducing moves are banned
|clearpoke
|poke|p1|Ribombee, M|
|poke|p1|Cinderace, M|
|poke|p1|Serperior, F|
|poke|p1|Mimikyu, M|
|poke|p1|Dragapult, F|
|poke|p1|Bisharp, M|
|poke|p2|Dragapult, F|
|poke|p2|Raging Bolt|
|poke|p2|Iron Moth|
|poke|p2|Great Tusk|
|poke|p2|Ogerpon-Wellspring, F|
|poke|p2|Landorus-Therian, M|
|teampreview
|inactive|Battle timer is ON: inactive players will automatically lose when time's up. (requested by Skiddris)
|inactive|AKGD also wants the timer to be on.
|
|t:|1776202731
|teamsize|p1|6
|teamsize|p2|6
|start
|switch|p1a: Sticky goes Brrr|Ribombee, M, shiny|100/100
|switch|p2a: Iron Moth|Iron Moth|100/100
|-enditem|p2a: Iron Moth|Booster Energy
|-activate|p2a: Iron Moth|ability: Quark Drive|[fromitem]
|-start|p2a: Iron Moth|quarkdrivespe
|turn|1
|
|t:|1776202743
|move|p2a: Iron Moth|Fiery Dance|p1a: Sticky goes Brrr
|-supereffective|p1a: Sticky goes Brrr
|-enditem|p1a: Sticky goes Brrr|Focus Sash
|-damage|p1a: Sticky goes Brrr|1/100
|-boost|p2a: Iron Moth|spa|1
|move|p1a: Sticky goes Brrr|Stun Spore|p2a: Iron Moth|[miss]
|-miss|p1a: Sticky goes Brrr|p2a: Iron Moth
|
|upkeep
|turn|2
|
|t:|1776202756
|switch|p1a: Introvert boy|Mimikyu, M|100/100
|move|p2a: Iron Moth|Fiery Dance|p1a: Introvert boy
|-activate|p1a: Introvert boy|ability: Disguise
|-damage|p1a: Introvert boy|100/100
|detailschange|p1a: Introvert boy|Mimikyu-Busted, M
|-damage|p1a: Introvert boy|88/100|[from] pokemon: Mimikyu-Busted
|-enditem|p1a: Introvert boy|Red Card|[of] p2a: Iron Moth
|-end|p2a: Iron Moth|Quark Drive|[silent]
|drag|p2a: Raging Bolt|Raging Bolt|100/100
|-enditem|p2a: Raging Bolt|Booster Energy
|-activate|p2a: Raging Bolt|ability: Protosynthesis|[fromitem]
|-start|p2a: Raging Bolt|protosynthesisspa
|
|upkeep
|turn|3
|
|t:|1776202774
|move|p1a: Introvert boy|Play Rough|p2a: Raging Bolt
|-supereffective|p2a: Raging Bolt
|-damage|p2a: Raging Bolt|34/100
|move|p2a: Raging Bolt|Thunderbolt|p1a: Introvert boy
|-damage|p1a: Introvert boy|3/100
|
|upkeep
|turn|4
|
|t:|1776202786
|-end|p2a: Raging Bolt|Protosynthesis|[silent]
|switch|p2a: Ogerpon|Ogerpon-Wellspring, F|100/100
|move|p1a: Introvert boy|Will-O-Wisp|p2a: Ogerpon
|-status|p2a: Ogerpon|brn
|
|-damage|p2a: Ogerpon|95/100 brn|[from] brn
|upkeep
|turn|5
|
|t:|1776202804
|move|p2a: Ogerpon|Ivy Cudgel|p1a: Introvert boy|[anim] Ivy Cudgel Water
|-crit|p1a: Introvert boy
|-damage|p1a: Introvert boy|0 fnt
|faint|p1a: Introvert boy
|
|-damage|p2a: Ogerpon|89/100 brn|[from] brn
|upkeep
|
|t:|1776202807
|switch|p1a: Sticky goes Brrr|Ribombee, M, shiny|1/100
|turn|6
|c|☆AKGD|My attack
|c|☆Skiddris|?
|
|t:|1776202821
|move|p1a: Sticky goes Brrr|Sticky Web|p2a: Ogerpon
|-sidestart|p2: AKGD|move: Sticky Web
|move|p2a: Ogerpon|Swords Dance|p2a: Ogerpon
|-boost|p2a: Ogerpon|atk|2
|
|-damage|p2a: Ogerpon|83/100 brn|[from] brn
|upkeep
|turn|7
|c|☆Skiddris|wdym
|
|t:|1776202829
|move|p1a: Sticky goes Brrr|Moonblast|p2a: Ogerpon
|-damage|p2a: Ogerpon|37/100 brn
|move|p2a: Ogerpon|Ivy Cudgel|p1a: Sticky goes Brrr|[anim] Ivy Cudgel Water
|-damage|p1a: Sticky goes Brrr|0 fnt
|faint|p1a: Sticky goes Brrr
|
|-damage|p2a: Ogerpon|31/100 brn|[from] brn
|upkeep
|c|☆AKGD|It’s been cut in half by the burn
|
|t:|1776202857
|switch|p1a: B-2 Spirit|Dragapult, F|100/100
|turn|8
|
|t:|1776202860
|move|p1a: B-2 Spirit|Dragon Darts|p2a: Ogerpon
|-damage|p2a: Ogerpon|0 fnt
|faint|p2a: Ogerpon
|-damage|p1a: B-2 Spirit|91/100|[from] item: Life Orb
|
|upkeep
|
|t:|1776202870
|switch|p2a: Landorus|Landorus-Therian, M|100/100
|-ability|p2a: Landorus|Intimidate|boost
|-fail|p1a: B-2 Spirit|unboost|[from] ability: Clear Body|[of] p1a: B-2 Spirit
|turn|9
|
|t:|1776202877
|move|p1a: B-2 Spirit|Hydro Pump|p2a: Landorus
|-supereffective|p2a: Landorus
|-damage|p2a: Landorus|0 fnt
|faint|p2a: Landorus
|-damage|p1a: B-2 Spirit|81/100|[from] item: Life Orb
|
|upkeep
|
|t:|1776202892
|switch|p2a: Dragjet|Dragapult, F|100/100
|-activate|p2a: Dragjet|move: Sticky Web
|-unboost|p2a: Dragjet|spe|1
|turn|10
|
|t:|1776202897
|move|p2a: Dragjet|Sucker Punch|p1a: B-2 Spirit
|-supereffective|p1a: B-2 Spirit
|-crit|p1a: B-2 Spirit
|-damage|p1a: B-2 Spirit|0 fnt
|faint|p1a: B-2 Spirit
|
|upkeep
|
|t:|1776202901
|switch|p1a: why no kingambit?|Bisharp, M|100/100
|turn|11
|
|t:|1776202914
|switch|p2a: Raging Bolt|Raging Bolt|34/100
|-activate|p2a: Raging Bolt|move: Sticky Web
|-unboost|p2a: Raging Bolt|spe|1
|move|p1a: why no kingambit?|Throat Chop|p2a: Raging Bolt
|-damage|p2a: Raging Bolt|0 fnt
|faint|p2a: Raging Bolt
|-end|p2a: Raging Bolt|Protosynthesis|[silent]
|
|upkeep
|
|t:|1776202924
|switch|p2a: Great Tusk|Great Tusk|100/100
|-activate|p2a: Great Tusk|move: Sticky Web
|-unboost|p2a: Great Tusk|spe|1
|-enditem|p2a: Great Tusk|Booster Energy
|-activate|p2a: Great Tusk|ability: Protosynthesis|[fromitem]
|-start|p2a: Great Tusk|protosynthesisatk
|turn|12
|
|t:|1776202935
|switch|p1a: Hmmm so cozy|Serperior, F|100/100
|move|p2a: Great Tusk|Rapid Spin|p1a: Hmmm so cozy
|-damage|p1a: Hmmm so cozy|71/100
|-boost|p2a: Great Tusk|spe|1
|-sideend|p2: AKGD|Sticky Web|[from] move: Rapid Spin|[of] p2a: Great Tusk
|
|-heal|p1a: Hmmm so cozy|77/100|[from] item: Leftovers
|upkeep
|turn|13
|
|t:|1776202946
|move|p1a: Hmmm so cozy|Leaf Storm|p2a: Great Tusk
|-supereffective|p2a: Great Tusk
|-damage|p2a: Great Tusk|0 fnt
|-boost|p1a: Hmmm so cozy|spa|2
|faint|p2a: Great Tusk
|-end|p2a: Great Tusk|Protosynthesis|[silent]
|
|-heal|p1a: Hmmm so cozy|84/100|[from] item: Leftovers
|upkeep
|
|t:|1776202958
|switch|p2a: Iron Moth|Iron Moth|100/100
|turn|14
|
|t:|1776202962
|-terastallize|p1a: Hmmm so cozy|Fire
|move|p1a: Hmmm so cozy|Leaf Storm|p2a: Iron Moth
|-resisted|p2a: Iron Moth
|-damage|p2a: Iron Moth|81/100
|-boost|p1a: Hmmm so cozy|spa|2
|move|p2a: Iron Moth|Fiery Dance|p1a: Hmmm so cozy
|-resisted|p1a: Hmmm so cozy
|-damage|p1a: Hmmm so cozy|59/100
|
|-heal|p1a: Hmmm so cozy|65/100|[from] item: Leftovers
|upkeep
|turn|15
|
|t:|1776202975
|move|p1a: Hmmm so cozy|Dragon Pulse|p2a: Iron Moth
|-damage|p2a: Iron Moth|25/100
|move|p2a: Iron Moth|Sludge Wave|p1a: Hmmm so cozy
|-damage|p1a: Hmmm so cozy|5/100
|
|-heal|p1a: Hmmm so cozy|11/100|[from] item: Leftovers
|upkeep
|turn|16
|inactive|AKGD has 120 seconds left.
|c|☆AKGD|Wait how did you outspeed
|c|☆Skiddris|wdym ?
|
|t:|1776203025
|move|p1a: Hmmm so cozy|Tera Blast|p2a: Iron Moth|[anim] Tera Blast Fire
|-resisted|p2a: Iron Moth
|-damage|p2a: Iron Moth|0 fnt
|faint|p2a: Iron Moth
|-end|p2a: Iron Moth|Quark Drive|[silent]
|
|-heal|p1a: Hmmm so cozy|17/100|[from] item: Leftovers
|upkeep
|
|t:|1776203033
|switch|p2a: Dragjet|Dragapult, F|100/100
|turn|17
|c|☆Skiddris|serperior is 357 speed
|c|☆AKGD|My tusk got a speed boost
|c|☆AKGD|it was at 450
|inactive|AKGD has 90 seconds left.
|
|t:|1776203059
|move|p2a: Dragjet|Sucker Punch|p1a: Hmmm so cozy
|-damage|p1a: Hmmm so cozy|0 fnt
|faint|p1a: Hmmm so cozy
|
|upkeep
|c|☆Skiddris|there was the sticky web
|c|☆Skiddris|so it got jsut back to normal
|
|t:|1776203074
|switch|p1a: VendVoiture|Cinderace, M|100/100
|turn|18
|c|☆AKGD|Oh I forgot thank you
|
|t:|1776203081
|move|p2a: Dragjet|Dragon Darts|p1a: VendVoiture
|-damage|p1a: VendVoiture|63/100
|-anim|p2a: Dragjet|Dragon Darts|p1a: VendVoiture
|-damage|p1a: VendVoiture|25/100
|move|p1a: VendVoiture|Will-O-Wisp|p2a: Dragjet
|-status|p2a: Dragjet|brn
|
|-damage|p2a: Dragjet|95/100 brn|[from] brn
|upkeep
|turn|19
|
|t:|1776203094
|-terastallize|p2a: Dragjet|Dragon
|move|p2a: Dragjet|Dragon Dance|p2a: Dragjet
|-boost|p2a: Dragjet|atk|1
|-boost|p2a: Dragjet|spe|1
|move|p1a: VendVoiture|Pyro Ball|p2a: Dragjet
|-resisted|p2a: Dragjet
|-damage|p2a: Dragjet|35/100 brn
|
|-damage|p2a: Dragjet|29/100 brn|[from] brn
|upkeep
|turn|20
|
|t:|1776203105
|move|p2a: Dragjet|Dragon Darts|p1a: VendVoiture
|-damage|p1a: VendVoiture|0 fnt
|faint|p1a: VendVoiture
|
|-damage|p2a: Dragjet|23/100 brn|[from] brn
|upkeep
|
|t:|1776203108
|switch|p1a: why no kingambit?|Bisharp, M|100/100
|turn|21
|c|☆AKGD|Gg
|
|t:|1776203118
|move|p2a: Dragjet|Dragon Darts|p1a: why no kingambit?
|-resisted|p1a: why no kingambit?
|-damage|p1a: why no kingambit?|90/100
|-anim|p2a: Dragjet|Dragon Darts|p1a: why no kingambit?
|-resisted|p1a: why no kingambit?
|-damage|p1a: why no kingambit?|79/100
|move|p1a: why no kingambit?|Throat Chop|p2a: Dragjet
|-damage|p2a: Dragjet|0 fnt
|faint|p2a: Dragjet
|
|win|Skiddris
|raw|Skiddris's rating: 1487 &rarr; <strong>1506</strong><br />(+19 for winning)
|raw|AKGD's rating: 1468 &rarr; <strong>1449</strong><br />(-19 for losing)
|c|☆Skiddris|gg
