|html|<div class="broadcast-blue"><strong>[Gen 9] OU is currently suspecting Volcarona! For information on how to participate check out the <a href="https://www.smogon.com/tools/suspects/view/208">suspect thread</a>.</strong></div>
|j|☆Stealthalo
|j|☆apple sauce mafia
|t:|1778498232
|gametype|singles
|player|p1|Stealthalo|101|1485
|player|p2|apple sauce mafia|jacq|1469
|gen|9
|tier|[Gen 9] OU
|rated|
|rule|HP Percentage Mod: HP is shown in percentages
|rule|Endless Battle Clause: Forcing endless battles is banned
|rule|Species Clause: Limit one of each Pokémon
|rule|OHKO Clause: OHKO moves are banned
|rule|Evasion Items Clause: Evasion items are banned
|rule|Evasion Moves Clause: Evasion moves are banned
|rule|Evasion Abilities Clause: Evasion abilities are banned
|rule|Sleep Moves Clause: Sleep-inducing moves are banned
|clearpoke
|poke|p1|Mamoswine, F|
|poke|p1|Weezing-Galar, M|
|poke|p1|Moltres|
|poke|p1|Glimmora, F|
|poke|p1|Dragapult, M|
|poke|p1|Ogerpon-Wellspring, F|
|poke|p2|Samurott-Hisui, M|
|poke|p2|Darkrai|
|poke|p2|Gholdengo|
|poke|p2|Iron Valiant|
|poke|p2|Corviknight, F|
|poke|p2|Pecharunt|
|teampreview
|
|t:|1778498244
|teamsize|p1|6
|teamsize|p2|6
|start
|switch|p1a: Glimmora|Glimmora, F|100/100
|switch|p2a: Samurott|Samurott-Hisui, M|100/100
|turn|1
|
|t:|1778498250
|switch|p1a: Weezing|Weezing-Galar, M|100/100
|move|p2a: Samurott|Ceaseless Edge|p1a: Weezing|[miss]
|-miss|p2a: Samurott|p1a: Weezing
|
|upkeep
|turn|2
|
|t:|1778498258
|switch|p2a: Gholdengo|Gholdengo|100/100
|-item|p2a: Gholdengo|Air Balloon
|move|p1a: Weezing|Flamethrower|p2a: Gholdengo
|-supereffective|p2a: Gholdengo
|-damage|p2a: Gholdengo|67/100
|-enditem|p2a: Gholdengo|Air Balloon
|
|upkeep
|turn|3
|
|t:|1778498270
|switch|p1a: Ogerpon|Ogerpon-Wellspring, F|100/100
|move|p2a: Gholdengo|Thunder Wave|p1a: Ogerpon|[miss]
|-miss|p2a: Gholdengo|p1a: Ogerpon
|
|upkeep
|turn|4
|
|t:|1778498277
|switch|p2a: Corviknight|Corviknight, F|100/100
|-ability|p2a: Corviknight|Pressure
|move|p1a: Ogerpon|Ivy Cudgel|p2a: Corviknight|[anim] Ivy Cudgel Water
|-damage|p2a: Corviknight|63/100
|
|upkeep
|turn|5
|
|t:|1778498287
|move|p1a: Ogerpon|Ivy Cudgel|p2a: Corviknight|[anim] Ivy Cudgel Water
|-damage|p2a: Corviknight|26/100
|move|p2a: Corviknight|U-turn|p1a: Ogerpon
|-supereffective|p1a: Ogerpon
|-damage|p1a: Ogerpon|59/100
|
|t:|1778498292
|switch|p2a: Darkrai|Darkrai|100/100|[from] U-turn
|
|upkeep
|turn|6
|
|t:|1778498300
|-terastallize|p1a: Ogerpon|Water
|detailschange|p1a: Ogerpon|Ogerpon-Wellspring-Tera, F, tera:Water
|-ability|p1a: Ogerpon|Embody Aspect (Wellspring)|boost
|-boost|p1a: Ogerpon|spd|1
|move|p2a: Darkrai|Sludge Bomb|p1a: Ogerpon
|-damage|p1a: Ogerpon|35/100
|move|p1a: Ogerpon|Ivy Cudgel|p2a: Darkrai|[anim] Ivy Cudgel Water
|-damage|p2a: Darkrai|2/100
|
|upkeep
|turn|7
|
|t:|1778498310
|move|p2a: Darkrai|Dark Pulse|p1a: Ogerpon
|-damage|p1a: Ogerpon|0 fnt
|faint|p1a: Ogerpon
|detailschange|p1: Ogerpon|Ogerpon-Wellspring, F|[silent]
|
|upkeep
|
|t:|1778498324
|switch|p1a: Dragapult|Dragapult, M|100/100
|turn|8
|
|t:|1778498329
|switch|p2a: Samurott|Samurott-Hisui, M|100/100
|move|p1a: Dragapult|Dragon Darts|p2a: Samurott
|-damage|p2a: Samurott|78/100
|-anim|p1a: Dragapult|Dragon Darts|p2a: Samurott
|-damage|p2a: Samurott|55/100
|
|upkeep
|turn|9
|
|t:|1778498341
|switch|p1a: Weezing|Weezing-Galar, M|100/100
|move|p2a: Samurott|Aqua Cutter|p1a: Weezing
|-damage|p1a: Weezing|65/100
|
|-heal|p1a: Weezing|71/100|[from] item: Leftovers
|upkeep
|turn|10
|
|t:|1778498350
|switch|p2a: Pecharunt|Pecharunt|100/100
|move|p1a: Weezing|Strange Steam|p2a: Pecharunt
|-resisted|p2a: Pecharunt
|-damage|p2a: Pecharunt|86/100
|
|-heal|p1a: Weezing|77/100|[from] item: Leftovers
|upkeep
|turn|11
|
|t:|1778498359
|switch|p1a: Glimmora|Glimmora, F|100/100
|move|p2a: Pecharunt|Malignant Chain|p1a: Glimmora
|-resisted|p1a: Glimmora
|-damage|p1a: Glimmora|93/100
|
|-heal|p1a: Glimmora|99/100|[from] item: Leftovers
|upkeep
|turn|12
|
|t:|1778498370
|switch|p2a: Corviknight|Corviknight, F|26/100
|-ability|p2a: Corviknight|Pressure
|move|p1a: Glimmora|Stealth Rock|p2a: Corviknight
|-sidestart|p2: apple sauce mafia|move: Stealth Rock
|
|-heal|p1a: Glimmora|100/100|[from] item: Leftovers
|upkeep
|turn|13
|
|t:|1778498379
|move|p1a: Glimmora|Power Gem|p2a: Corviknight
|-damage|p2a: Corviknight|0 fnt
|faint|p2a: Corviknight
|
|upkeep
|
|t:|1778498392
|switch|p2a: Samurott|Samurott-Hisui, M|55/100
|-damage|p2a: Samurott|42/100|[from] Stealth Rock
|turn|14
|
|t:|1778498396
|move|p1a: Glimmora|Sludge Bomb|p2a: Samurott
|-damage|p2a: Samurott|14/100
|-status|p2a: Samurott|psn
|move|p2a: Samurott|Aqua Cutter|p1a: Glimmora
|-supereffective|p1a: Glimmora
|-damage|p1a: Glimmora|20/100
|-activate|p1a: Glimmora|ability: Toxic Debris
|-sidestart|p2: apple sauce mafia|move: Toxic Spikes
|
|-heal|p1a: Glimmora|27/100|[from] item: Leftovers
|-damage|p2a: Samurott|1/100 psn|[from] psn
|upkeep
|turn|15
|
|t:|1778498410
|switch|p1a: Weezing|Weezing-Galar, M|77/100
|move|p2a: Samurott|Ceaseless Edge|p1a: Weezing
|-resisted|p1a: Weezing
|-damage|p1a: Weezing|61/100
|-sidestart|p1: Stealthalo|Spikes
|
|-heal|p1a: Weezing|67/100|[from] item: Leftovers
|-damage|p2a: Samurott|0 fnt|[from] psn
|faint|p2a: Samurott
|upkeep
|
|t:|1778498418
|switch|p2a: Gholdengo|Gholdengo|67/100
|-damage|p2a: Gholdengo|60/100|[from] Stealth Rock
|turn|16
|
|t:|1778498426
|move|p2a: Gholdengo|Make It Rain|p1a: Weezing
|-supereffective|p1a: Weezing
|-damage|p1a: Weezing|0 fnt
|-unboost|p2a: Gholdengo|spa|1
|faint|p1a: Weezing
|
|upkeep
|
|t:|1778498433
|switch|p1a: Moltres|Moltres|100/100
|turn|17
|
|t:|1778498441
|switch|p2a: Pecharunt|Pecharunt|86/100
|-damage|p2a: Pecharunt|74/100|[from] Stealth Rock
|-sideend|p2: apple sauce mafia|move: Toxic Spikes|[of] p2a: Pecharunt
|move|p1a: Moltres|Flamethrower|p2a: Pecharunt
|-damage|p2a: Pecharunt|35/100
|
|upkeep
|turn|18
|
|t:|1778498449
|move|p2a: Pecharunt|Malignant Chain|p1a: Moltres
|-damage|p1a: Moltres|70/100
|move|p1a: Moltres|Scorching Sands|p2a: Pecharunt
|-supereffective|p2a: Pecharunt
|-damage|p2a: Pecharunt|0 fnt
|faint|p2a: Pecharunt
|
|upkeep
|
|t:|1778498452
|switch|p2a: Darkrai|Darkrai|2/100
|turn|19
|
|t:|1778498460
|switch|p1a: Glimmora|Glimmora, F|27/100
|-damage|p1a: Glimmora|14/100|[from] Spikes
|move|p2a: Darkrai|Dark Pulse|p1a: Glimmora
|-damage|p1a: Glimmora|0 fnt
|faint|p1a: Glimmora
|
|upkeep
|
|t:|1778498469
|switch|p1a: Mamoswine|Mamoswine, F|100/100
|-damage|p1a: Mamoswine|88/100|[from] Spikes
|turn|20
|
|t:|1778498480
|switch|p2a: Gholdengo|Gholdengo|60/100
|-damage|p2a: Gholdengo|54/100|[from] Stealth Rock
|move|p1a: Mamoswine|Ice Shard|p2a: Gholdengo
|-resisted|p2a: Gholdengo
|-damage|p2a: Gholdengo|46/100
|
|upkeep
|turn|21
|
|t:|1778498488
|move|p1a: Mamoswine|Earthquake|p2a: Gholdengo
|-supereffective|p2a: Gholdengo
|-damage|p2a: Gholdengo|0 fnt
|faint|p2a: Gholdengo
|
|upkeep
|
|t:|1778498500
|switch|p2a: Darkrai|Darkrai|2/100
|turn|22
|
|t:|1778498503
|move|p1a: Mamoswine|Ice Shard|p2a: Darkrai
|-damage|p2a: Darkrai|0 fnt
|faint|p2a: Darkrai
|
|upkeep
|
|t:|1778498508
|switch|p2a: Iron Valiant|Iron Valiant|100/100
|-damage|p2a: Iron Valiant|94/100|[from] Stealth Rock
|-enditem|p2a: Iron Valiant|Booster Energy
|-activate|p2a: Iron Valiant|ability: Quark Drive|[fromitem]
|-start|p2a: Iron Valiant|quarkdrivespe
|turn|23
|
|t:|1778498514
|move|p2a: Iron Valiant|Calm Mind|p2a: Iron Valiant
|-boost|p2a: Iron Valiant|spa|1
|-boost|p2a: Iron Valiant|spd|1
|move|p1a: Mamoswine|Icicle Spear|p2a: Iron Valiant
|-damage|p2a: Iron Valiant|77/100
|-damage|p2a: Iron Valiant|58/100
|-damage|p2a: Iron Valiant|38/100
|-crit|p2a: Iron Valiant
|-damage|p2a: Iron Valiant|10/100
|-hitcount|p2a: Iron Valiant|4
|
|upkeep
|turn|24
|
|t:|1778498526
|move|p1a: Mamoswine|Ice Shard|p2a: Iron Valiant
|-damage|p2a: Iron Valiant|0 fnt
|faint|p2a: Iron Valiant
|-end|p2a: Iron Valiant|Quark Drive|[silent]
|
|win|Stealthalo
|raw|Stealthalo's rating: 1485 &rarr; <strong>1504</strong><br />(+19 for winning)
|raw|apple sauce mafia's rating: 1469 &rarr; <strong>1450</strong><br />(-19 for losing)
|l|☆apple sauce mafia
|player|p2|
|l|☆Stealthalo
|player|p1|
