|html|<div class="broadcast-blue"><strong>[Gen 9] OU is currently suspecting Tera Blast! For information on how to participate check out the <a href="https://www.smogon.com/tools/suspects/view/200">suspect thread</a>.</strong></div>
|j|☆kjojon
|j|☆thaiido
|t:|1776264973
|gametype|singles
|player|p1|kjojon|brock|1172
|player|p2|thaiido|benga|1152
|gen|9
|tier|[Gen 9] OU
|rated|
|rule|HP Percentage Mod: HP is shown in percentages
|rule|Endless Battle Clause: Forcing endless battles is banned
|rule|Species Clause: Limit one of each Pokémon
|rule|OHKO Clause: OHKO moves are banned
|rule|Evasion Items Clause: Evasion items are banned
|rule|Evasion Moves Clause: Evasion moves are banned
|rule|Evasion Abilities Clause: Evasion abilities are banned
|rule|Sleep Moves Clause: Sleep-inducing moves are banned
|clearpoke
|poke|p1|Weezing-Galar, F|
|poke|p1|Cinderace, F|
|poke|p1|Duraludon, M|
|poke|p1|Hitmontop, M|
|poke|p1|Necrozma|
|poke|p1|Porygon-Z|
|poke|p2|Ninetales, F|
|poke|p2|Raging Bolt|
|poke|p2|Great Tusk|
|poke|p2|Iron Moth|
|poke|p2|Scream Tail|
|poke|p2|Arcanine-Hisui, M|
|teampreview
|inactive|Battle timer is ON: inactive players will automatically lose when time's up. (requested by thaiido)
|
|t:|1776264982
|teamsize|p1|6
|teamsize|p2|6
|start
|switch|p1a: PoyPee|Porygon-Z, shiny|100/100
|switch|p2a: Ninetales|Ninetales, F, shiny|100/100
|-weather|SunnyDay|[from] ability: Drought|[of] p2a: Ninetales
|turn|1
|
|t:|1776265010
|move|p2a: Ninetales|Weather Ball|p1a: PoyPee
|-damage|p1a: PoyPee|27/100
|move|p1a: PoyPee|Tri Attack|p2a: Ninetales
|-crit|p2a: Ninetales
|-damage|p2a: Ninetales|0 fnt
|faint|p2a: Ninetales
|
|-weather|SunnyDay|[upkeep]
|upkeep
|
|t:|1776265026
|switch|p2a: Great Tusk|Great Tusk|100/100
|-activate|p2a: Great Tusk|ability: Protosynthesis
|-start|p2a: Great Tusk|protosynthesisatk
|turn|2
|
|t:|1776265028
|move|p2a: Great Tusk|Close Combat|p1a: PoyPee
|-supereffective|p1a: PoyPee
|-damage|p1a: PoyPee|0 fnt
|-unboost|p2a: Great Tusk|def|1
|-unboost|p2a: Great Tusk|spd|1
|faint|p1a: PoyPee
|
|-weather|SunnyDay|[upkeep]
|upkeep
|
|t:|1776265040
|switch|p1a: R-Pyrite|Necrozma, shiny|100/100
|turn|3
|
|t:|1776265046
|-terastallize|p2a: Great Tusk|Steel
|move|p2a: Great Tusk|Knock Off|p1a: R-Pyrite
|-supereffective|p1a: R-Pyrite
|-damage|p1a: R-Pyrite|36/100
|-enditem|p1a: R-Pyrite|Weakness Policy
|-boost|p1a: R-Pyrite|atk|2|[from] item: Weakness Policy
|-boost|p1a: R-Pyrite|spa|2|[from] item: Weakness Policy
|move|p1a: R-Pyrite|Dragon Dance|p1a: R-Pyrite
|-boost|p1a: R-Pyrite|atk|1
|-boost|p1a: R-Pyrite|spe|1
|
|-weather|SunnyDay|[upkeep]
|upkeep
|turn|4
|
|t:|1776265056
|move|p1a: R-Pyrite|Brick Break|p2a: Great Tusk
|-supereffective|p2a: Great Tusk
|-damage|p2a: Great Tusk|0 fnt
|faint|p2a: Great Tusk
|-end|p2a: Great Tusk|Protosynthesis|[silent]
|
|-weather|SunnyDay|[upkeep]
|upkeep
|
|t:|1776265060
|switch|p2a: Scream Tail|Scream Tail, shiny|100/100
|-activate|p2a: Scream Tail|ability: Protosynthesis
|-start|p2a: Scream Tail|protosynthesisspe
|turn|5
|
|t:|1776265065
|move|p2a: Scream Tail|Boomburst|p1a: R-Pyrite
|-damage|p1a: R-Pyrite|1/100
|-enditem|p2a: Scream Tail|Throat Spray
|-boost|p2a: Scream Tail|spa|1|[from] item: Throat Spray
|move|p1a: R-Pyrite|Shadow Claw|p2a: Scream Tail
|-supereffective|p2a: Scream Tail
|-crit|p2a: Scream Tail
|-damage|p2a: Scream Tail|0 fnt
|faint|p2a: Scream Tail
|-end|p2a: Scream Tail|Protosynthesis|[silent]
|
|-weather|SunnyDay|[upkeep]
|upkeep
|
|t:|1776265072
|switch|p2a: Arcanine|Arcanine-Hisui, M|100/100
|turn|6
|
|t:|1776265076
|move|p2a: Arcanine|Extreme Speed|p1a: R-Pyrite
|-damage|p1a: R-Pyrite|0 fnt
|faint|p1a: R-Pyrite
|-damage|p2a: Arcanine|91/100|[from] item: Life Orb
|
|-weather|SunnyDay|[upkeep]
|upkeep
|
|t:|1776265083
|switch|p1a: Garfiel|Hitmontop, M|100/100
|turn|7
|
|t:|1776265094
|move|p1a: Garfiel|Fake Out|p2a: Arcanine
|-resisted|p2a: Arcanine
|-damage|p2a: Arcanine|78/100
|cant|p2a: Arcanine|flinch
|
|-weather|SunnyDay|[upkeep]
|upkeep
|turn|8
|
|t:|1776265098
|move|p1a: Garfiel|Mach Punch|p2a: Arcanine
|-supereffective|p2a: Arcanine
|-damage|p2a: Arcanine|0 fnt
|faint|p2a: Arcanine
|
|-weather|none
|upkeep
|
|t:|1776265102
|switch|p2a: Iron Moth|Iron Moth, shiny|100/100
|-enditem|p2a: Iron Moth|Booster Energy
|-activate|p2a: Iron Moth|ability: Quark Drive|[fromitem]
|-start|p2a: Iron Moth|quarkdrivespe
|turn|9
|
|t:|1776265112
|switch|p1a: Joao|Cinderace, F, shiny|100/100
|move|p2a: Iron Moth|Fiery Dance|p1a: Joao
|-resisted|p1a: Joao
|-damage|p1a: Joao|69/100
|-boost|p2a: Iron Moth|spa|1
|
|upkeep
|turn|10
|
|t:|1776265124
|move|p1a: Joao|Sucker Punch|p2a: Iron Moth
|-start|p1a: Joao|typechange|Dark|[from] ability: Libero
|-damage|p2a: Iron Moth|42/100
|move|p2a: Iron Moth|Sludge Wave|p1a: Joao
|-damage|p1a: Joao|0 fnt
|faint|p1a: Joao
|
|upkeep
|
|t:|1776265131
|switch|p1a: Garfiel|Hitmontop, M|100/100
|turn|11
|
|t:|1776265136
|move|p1a: Garfiel|Fake Out|p2a: Iron Moth
|-damage|p2a: Iron Moth|8/100
|cant|p2a: Iron Moth|flinch
|
|upkeep
|turn|12
|
|t:|1776265138
|move|p1a: Garfiel|Mach Punch|p2a: Iron Moth
|-resisted|p2a: Iron Moth
|-damage|p2a: Iron Moth|0 fnt
|faint|p2a: Iron Moth
|-end|p2a: Iron Moth|Quark Drive|[silent]
|
|upkeep
|
|t:|1776265140
|switch|p2a: Raging Bolt|Raging Bolt|100/100
|turn|13
|
|t:|1776265143
|move|p2a: Raging Bolt|Thunderbolt|p1a: Garfiel
|-damage|p1a: Garfiel|22/100
|-damage|p2a: Raging Bolt|91/100|[from] item: Life Orb
|move|p1a: Garfiel|Triple Axel|p2a: Raging Bolt
|-supereffective|p2a: Raging Bolt
|-damage|p2a: Raging Bolt|74/100
|-supereffective|p2a: Raging Bolt
|-damage|p2a: Raging Bolt|39/100
|-supereffective|p2a: Raging Bolt
|-damage|p2a: Raging Bolt|0 fnt
|faint|p2a: Raging Bolt
|-end|p2a: Raging Bolt|Protosynthesis|[silent]
|-hitcount|p2: Raging Bolt|3
|
|win|kjojon
|raw|kjojon's rating: 1172 &rarr; <strong>1196</strong><br />(+24 for winning)
|raw|thaiido's rating: 1152 &rarr; <strong>1128</strong><br />(-24 for losing)
|l|☆thaiido
|player|p2|
|c|☆kjojon|gg's
