|html|<div class="broadcast-blue"><strong>[Gen 9] OU is currently suspecting Tera Blast! For information on how to participate check out the <a href="https://www.smogon.com/tools/suspects/view/200">suspect thread</a>.</strong></div>
|badge|p1|bronze|gen9randombattle|100-9
|uhtml|medal-msg|<div class="broadcast-blue">Curious what those medals under the avatar are? PS now has Ladder Seasons! For more information, check out the <a href="https://www.smogon.com/forums/threads/3740067/">thread on Smogon.</a></div>
|j|‽LT_Alt1
|j|‽BukitBatokBoss
|t:|1776059866
|gametype|singles
|player|p1|LT_Alt1|101|1726
|player|p2|BukitBatokBoss|101|1723
|gen|9
|tier|[Gen 9] OU
|rated|
|rule|HP Percentage Mod: HP is shown in percentages
|rule|Endless Battle Clause: Forcing endless battles is banned
|rule|Species Clause: Limit one of each Pokémon
|rule|OHKO Clause: OHKO moves are banned
|rule|Evasion Items Clause: Evasion items are banned
|rule|Evasion Moves Clause: Evasion moves are banned
|rule|Evasion Abilities Clause: Evasion abilities are banned
|rule|Sleep Moves Clause: Sleep-inducing moves are banned
|clearpoke
|poke|p1|Garganacl, F|
|poke|p1|Slowking-Galar, F|
|poke|p1|Kyurem|
|poke|p1|Weezing-Galar, F|
|poke|p1|Moltres|
|poke|p1|Iron Treads|
|poke|p2|Cinderace, F|
|poke|p2|Darkrai|
|poke|p2|Iron Valiant|
|poke|p2|Deoxys-Speed|
|poke|p2|Zamazenta-*|
|poke|p2|Dragonite, M|
|teampreview
|
|t:|1776059876
|teamsize|p1|6
|teamsize|p2|6
|start
|switch|p1a: Iron Treads|Iron Treads|100/100
|switch|p2a: Deoxys|Deoxys-Speed, shiny|100/100
|-ability|p2a: Deoxys|Pressure
|turn|1
|
|t:|1776059881
|move|p2a: Deoxys|Focus Blast|p1a: Iron Treads
|-supereffective|p1a: Iron Treads
|-damage|p1a: Iron Treads|0 fnt
|faint|p1a: Iron Treads
|-end|p1a: Iron Treads|Quark Drive|[silent]
|-damage|p2a: Deoxys|91/100|[from] item: Life Orb
|
|upkeep
|
|t:|1776059885
|switch|p1a: Slowking|Slowking-Galar, F|100/100
|turn|2
|
|t:|1776059891
|switch|p2a: Darkrai|Darkrai, shiny|100/100
|move|p1a: Slowking|Thunder Wave|p2a: Darkrai
|-status|p2a: Darkrai|par
|
|upkeep
|turn|3
|
|t:|1776059901
|move|p2a: Darkrai|Nasty Plot|p2a: Darkrai
|-boost|p2a: Darkrai|spa|2
|move|p1a: Slowking|Sludge Bomb|p2a: Darkrai
|-damage|p2a: Darkrai|52/100 par
|
|upkeep
|turn|4
|
|t:|1776059906
|switch|p1a: Weezing|Weezing-Galar, F|100/100
|-ability|p1a: Weezing|Neutralizing Gas
|move|p2a: Darkrai|Dark Pulse|p1a: Weezing
|-resisted|p1a: Weezing
|-damage|p1a: Weezing|21/100
|-damage|p2a: Darkrai|42/100 par|[from] item: Life Orb
|
|-heal|p1a: Weezing|28/100|[from] item: Leftovers
|upkeep
|turn|5
|
|t:|1776059913
|move|p1a: Weezing|Strange Steam|p2a: Darkrai
|-supereffective|p2a: Darkrai
|-damage|p2a: Darkrai|0 fnt
|faint|p2a: Darkrai
|
|-heal|p1a: Weezing|34/100|[from] item: Leftovers
|upkeep
|
|t:|1776059921
|switch|p2a: Deoxys|Deoxys-Speed, shiny|91/100
|turn|6
|j| No Bithes?????
|
|t:|1776059930
|-end|p1a: Weezing|ability: Neutralizing Gas
|-ability|p2a: Deoxys|Pressure
|switch|p1a: Slowking|Slowking-Galar, F|100/100
|move|p2a: Deoxys|Psycho Boost|p1a: Slowking
|-damage|p1a: Slowking|49/100
|-unboost|p2a: Deoxys|spa|2
|-damage|p2a: Deoxys|81/100|[from] item: Life Orb
|
|upkeep
|turn|7
|
|t:|1776059940
|switch|p2a: Cinderace|Cinderace, F, shiny|100/100
|move|p1a: Slowking|Thunder Wave|p2a: Cinderace
|-status|p2a: Cinderace|par
|
|upkeep
|turn|8
|
|t:|1776059945
|switch|p1a: Moltres|Moltres|100/100
|cant|p2a: Cinderace|par
|
|upkeep
|turn|9
|
|t:|1776059948
|move|p1a: Moltres|Flamethrower|p2a: Cinderace
|-resisted|p2a: Cinderace
|-damage|p2a: Cinderace|74/100 par
|move|p2a: Cinderace|Pyro Ball|p1a: Moltres
|-resisted|p1a: Moltres
|-damage|p1a: Moltres|75/100
|-damage|p2a: Cinderace|64/100 par|[from] item: Life Orb
|
|upkeep
|turn|10
|
|t:|1776059951
|move|p1a: Moltres|Flamethrower|p2a: Cinderace
|-resisted|p2a: Cinderace
|-damage|p2a: Cinderace|37/100 par
|cant|p2a: Cinderace|par
|
|upkeep
|turn|11
|
|t:|1776059955
|move|p1a: Moltres|Flamethrower|p2a: Cinderace
|-resisted|p2a: Cinderace
|-damage|p2a: Cinderace|11/100 par
|move|p2a: Cinderace|Pyro Ball|p1a: Moltres
|-resisted|p1a: Moltres
|-damage|p1a: Moltres|48/100
|-damage|p2a: Cinderace|1/100 par|[from] item: Life Orb
|
|upkeep
|turn|12
|
|t:|1776059963
|move|p1a: Moltres|Roost|p1a: Moltres
|-heal|p1a: Moltres|98/100
|-singleturn|p1a: Moltres|move: Roost
|move|p2a: Cinderace|Pyro Ball|p1a: Moltres
|-resisted|p1a: Moltres
|-damage|p1a: Moltres|73/100
|-damage|p2a: Cinderace|0 fnt|[from] item: Life Orb
|faint|p2a: Cinderace
|
|upkeep
|
|t:|1776059970
|switch|p2a: Deoxys|Deoxys-Speed, shiny|81/100
|-ability|p2a: Deoxys|Pressure
|turn|13
|
|t:|1776059977
|switch|p1a: Slowking|Slowking-Galar, F|82/100
|move|p2a: Deoxys|Nasty Plot|p2a: Deoxys
|-boost|p2a: Deoxys|spa|2
|
|upkeep
|turn|14
|c| No Bithes?????|is everything lorb?
|
|t:|1776060015
|move|p2a: Deoxys|Psycho Boost|p1a: Slowking
|-damage|p1a: Slowking|0 fnt
|-unboost|p2a: Deoxys|spa|2
|faint|p1a: Slowking
|-damage|p2a: Deoxys|71/100|[from] item: Life Orb
|
|upkeep
|
|t:|1776060020
|switch|p1a: Moltres|Moltres|73/100
|turn|15
|
|t:|1776060023
|move|p2a: Deoxys|Psycho Boost|p1a: Moltres
|-damage|p1a: Moltres|0 fnt
|-unboost|p2a: Deoxys|spa|2
|faint|p1a: Moltres
|-damage|p2a: Deoxys|61/100|[from] item: Life Orb
|
|upkeep
|
|t:|1776060026
|switch|p1a: Kyurem|Kyurem|100/100
|-ability|p1a: Kyurem|Pressure
|turn|16
|
|t:|1776060034
|switch|p2a: Zamazenta|Zamazenta, shiny|100/100
|-ability|p2a: Zamazenta|Dauntless Shield|boost
|-boost|p2a: Zamazenta|def|1
|move|p1a: Kyurem|Ice Beam|p2a: Zamazenta
|-damage|p2a: Zamazenta|51/100
|
|upkeep
|turn|17
|
|t:|1776060041
|move|p2a: Zamazenta|Close Combat|p1a: Kyurem
|-supereffective|p1a: Kyurem
|-crit|p1a: Kyurem
|-damage|p1a: Kyurem|0 fnt
|-unboost|p2a: Zamazenta|def|1
|-unboost|p2a: Zamazenta|spd|1
|faint|p1a: Kyurem
|-damage|p2a: Zamazenta|41/100|[from] item: Life Orb
|
|upkeep
|
|t:|1776060046
|switch|p1a: Garganacl|Garganacl, F|100/100
|turn|18
|
|t:|1776060050
|-terastallize|p1a: Garganacl|Fairy
|move|p2a: Zamazenta|Close Combat|p1a: Garganacl
|-resisted|p1a: Garganacl
|-damage|p1a: Garganacl|76/100
|-unboost|p2a: Zamazenta|def|1
|-unboost|p2a: Zamazenta|spd|1
|-damage|p2a: Zamazenta|32/100|[from] item: Life Orb
|move|p1a: Garganacl|Curse|p1a: Garganacl
|-unboost|p1a: Garganacl|spe|1
|-boost|p1a: Garganacl|atk|1
|-boost|p1a: Garganacl|def|1
|
|-heal|p1a: Garganacl|83/100|[from] item: Leftovers
|upkeep
|turn|19
|
|t:|1776060061
|move|p2a: Zamazenta|Heavy Slam|p1a: Garganacl
|-supereffective|p1a: Garganacl
|-damage|p1a: Garganacl|67/100
|-damage|p2a: Zamazenta|22/100|[from] item: Life Orb
|move|p1a: Garganacl|Curse|p1a: Garganacl
|-unboost|p1a: Garganacl|spe|1
|-boost|p1a: Garganacl|atk|1
|-boost|p1a: Garganacl|def|1
|
|-heal|p1a: Garganacl|74/100|[from] item: Leftovers
|upkeep
|turn|20
|
|t:|1776060066
|move|p2a: Zamazenta|Heavy Slam|p1a: Garganacl
|-supereffective|p1a: Garganacl
|-crit|p1a: Garganacl
|-damage|p1a: Garganacl|38/100
|-damage|p2a: Zamazenta|12/100|[from] item: Life Orb
|move|p1a: Garganacl|Curse|p1a: Garganacl
|-unboost|p1a: Garganacl|spe|1
|-boost|p1a: Garganacl|atk|1
|-boost|p1a: Garganacl|def|1
|
|-heal|p1a: Garganacl|44/100|[from] item: Leftovers
|upkeep
|turn|21
|
|t:|1776060080
|switch|p2a: Deoxys|Deoxys-Speed, shiny|61/100
|-ability|p2a: Deoxys|Pressure
|move|p1a: Garganacl|Recover|p1a: Garganacl
|-heal|p1a: Garganacl|94/100
|
|-heal|p1a: Garganacl|100/100|[from] item: Leftovers
|upkeep
|turn|22
|
|t:|1776060086
|move|p2a: Deoxys|Psycho Boost|p1a: Garganacl
|-damage|p1a: Garganacl|42/100
|-unboost|p2a: Deoxys|spa|2
|-damage|p2a: Deoxys|51/100|[from] item: Life Orb
|move|p1a: Garganacl|Salt Cure|p2a: Deoxys
|-damage|p2a: Deoxys|0 fnt
|faint|p2a: Deoxys
|
|-heal|p1a: Garganacl|49/100|[from] item: Leftovers
|upkeep
|
|t:|1776060091
|switch|p2a: Dragonite|Dragonite, M, shiny|100/100
|turn|23
|
|t:|1776060097
|move|p2a: Dragonite|Outrage|p1a: Garganacl
|-immune|p1a: Garganacl
|move|p1a: Garganacl|Recover|p1a: Garganacl
|-heal|p1a: Garganacl|99/100
|
|-heal|p1a: Garganacl|100/100|[from] item: Leftovers
|upkeep
|turn|24
|
|t:|1776060101
|switch|p2a: Zamazenta|Zamazenta, shiny|12/100
|move|p1a: Garganacl|Salt Cure|p2a: Zamazenta
|-resisted|p2a: Zamazenta
|-damage|p2a: Zamazenta|0 fnt
|faint|p2a: Zamazenta
|
|upkeep
|
|t:|1776060104
|switch|p2a: Iron Valiant|Iron Valiant, shiny|100/100
|-enditem|p2a: Iron Valiant|Booster Energy
|-activate|p2a: Iron Valiant|ability: Quark Drive|[fromitem]
|-start|p2a: Iron Valiant|quarkdrivespe
|turn|25
|
|t:|1776060110
|move|p2a: Iron Valiant|Swords Dance|p2a: Iron Valiant
|-boost|p2a: Iron Valiant|atk|2
|move|p1a: Garganacl|Salt Cure|p2a: Iron Valiant
|-resisted|p2a: Iron Valiant
|-damage|p2a: Iron Valiant|80/100
|-start|p2a: Iron Valiant|Salt Cure
|
|-damage|p2a: Iron Valiant|68/100|[from] Salt Cure
|upkeep
|turn|26
|
|t:|1776060113
|move|p2a: Iron Valiant|Swords Dance|p2a: Iron Valiant
|-boost|p2a: Iron Valiant|atk|2
|move|p1a: Garganacl|Body Press|p2a: Iron Valiant
|-resisted|p2a: Iron Valiant
|-damage|p2a: Iron Valiant|26/100
|
|-damage|p2a: Iron Valiant|14/100|[from] Salt Cure
|upkeep
|turn|27
|
|t:|1776060118
|move|p2a: Iron Valiant|Spirit Break|p1a: Garganacl
|-damage|p1a: Garganacl|74/100
|-unboost|p1a: Garganacl|spa|1
|move|p1a: Garganacl|Salt Cure|p2a: Iron Valiant
|-resisted|p2a: Iron Valiant
|-damage|p2a: Iron Valiant|0 fnt
|faint|p2a: Iron Valiant
|-end|p2a: Iron Valiant|Quark Drive|[silent]
|
|-heal|p1a: Garganacl|80/100|[from] item: Leftovers
|upkeep
|l|‽BukitBatokBoss
|player|p2|
|j|‽BukitBatokBoss
|player|p2|BukitBatokBoss|101|
|inactive|Battle timer is ON: inactive players will automatically lose when time's up. (requested by LT_Alt1)
|-message|BukitBatokBoss forfeited.
|
|win|LT_Alt1
|raw|LT_Alt1's rating: 1726 &rarr; <strong>1746</strong><br />(+20 for winning)
|raw|BukitBatokBoss's rating: 1723 &rarr; <strong>1703</strong><br />(-20 for losing)
|l|‽BukitBatokBoss
|player|p2|
|l| No Bithes?????
