|html|<div class="broadcast-blue"><strong>[Gen 9] OU is currently suspecting Volcarona! For information on how to participate check out the <a href="https://www.smogon.com/tools/suspects/view/208">suspect thread</a>.</strong></div>
|j|☆xp180
|j|☆akijuen
|t:|1778502985
|gametype|singles
|player|p1|xp180|101|1565
|player|p2|akijuen|lucas|1690
|gen|9
|tier|[Gen 9] OU
|rated|
|rule|HP Percentage Mod: HP is shown in percentages
|rule|Endless Battle Clause: Forcing endless battles is banned
|rule|Species Clause: Limit one of each Pokémon
|rule|OHKO Clause: OHKO moves are banned
|rule|Evasion Items Clause: Evasion items are banned
|rule|Evasion Moves Clause: Evasion moves are banned
|rule|Evasion Abilities Clause: Evasion abilities are banned
|rule|Sleep Moves Clause: Sleep-inducing moves are banned
|clearpoke
|poke|p1|Araquanid, M|
|poke|p1|Gholdengo|
|poke|p1|Raging Bolt|
|poke|p1|Iron Valiant|
|poke|p1|Ceruledge, F|
|poke|p1|Deoxys-Speed|
|poke|p2|Regieleki|
|poke|p2|Slowking-Galar, M|
|poke|p2|Zapdos|
|poke|p2|Ogerpon-Wellspring, F|
|poke|p2|Kingambit, M|
|poke|p2|Garchomp, M|
|teampreview
|inactive|Battle timer is ON: inactive players will automatically lose when time's up. (requested by akijuen)
|
|t:|1778503004
|teamsize|p1|6
|teamsize|p2|6
|start
|switch|p1a: Araquanid|Araquanid, M|100/100
|switch|p2a: Electrode Sr.|Regieleki|100/100
|turn|1
|
|t:|1778503007
|move|p2a: Electrode Sr.|Volt Switch|p1a: Araquanid
|-supereffective|p1a: Araquanid
|-damage|p1a: Araquanid|53/100
|
|t:|1778503010
|switch|p2a: Zapdos|Zapdos|100/100|[from] Volt Switch
|move|p1a: Araquanid|Sticky Web|p2a: Zapdos
|-sidestart|p2: akijuen|move: Sticky Web
|
|upkeep
|turn|2
|
|t:|1778503016
|switch|p1a: Raging Bolt|Raging Bolt|100/100
|-enditem|p1a: Raging Bolt|Booster Energy
|-activate|p1a: Raging Bolt|ability: Protosynthesis|[fromitem]
|-start|p1a: Raging Bolt|protosynthesisspa
|move|p2a: Zapdos|Volt Switch|p1a: Raging Bolt
|-resisted|p1a: Raging Bolt
|-damage|p1a: Raging Bolt|92/100
|
|t:|1778503022
|switch|p2a: Ogerpon|Ogerpon-Wellspring, F|100/100|[from] Volt Switch
|-activate|p2a: Ogerpon|move: Sticky Web
|-unboost|p2a: Ogerpon|spe|1
|
|upkeep
|turn|3
|
|t:|1778503027
|move|p1a: Raging Bolt|Thunderbolt|p2a: Ogerpon
|-damage|p2a: Ogerpon|25/100
|move|p2a: Ogerpon|Encore|p1a: Raging Bolt
|-start|p1a: Raging Bolt|Encore
|
|upkeep
|turn|4
|
|t:|1778503032
|switch|p2a: Garchomp|Garchomp, M|100/100
|-activate|p2a: Garchomp|move: Sticky Web
|-unboost|p2a: Garchomp|spe|1
|move|p1a: Raging Bolt|Thunderbolt|p2a: Garchomp
|-immune|p2a: Garchomp
|
|upkeep
|turn|5
|
|t:|1778503037
|-end|p1a: Raging Bolt|Protosynthesis|[silent]
|switch|p1a: Gholdengo|Gholdengo|100/100
|-item|p1a: Gholdengo|Air Balloon
|move|p2a: Garchomp|Stealth Rock|p1a: Gholdengo
|-sidestart|p1: xp180|move: Stealth Rock
|
|upkeep
|turn|6
|
|t:|1778503042
|switch|p2a: Zapdos|Zapdos|100/100
|move|p1a: Gholdengo|Shadow Ball|p2a: Zapdos
|-damage|p2a: Zapdos|42/100
|
|upkeep
|turn|7
|
|t:|1778503046
|move|p2a: Zapdos|Volt Switch|p1a: Gholdengo
|-damage|p1a: Gholdengo|61/100
|-enditem|p1a: Gholdengo|Air Balloon
|
|t:|1778503049
|switch|p2a: Kingambit|Kingambit, M|100/100|[from] Volt Switch
|-activate|p2a: Kingambit|move: Sticky Web
|-unboost|p2a: Kingambit|spe|1
|move|p1a: Gholdengo|Shadow Ball|p2a: Kingambit
|-resisted|p2a: Kingambit
|-damage|p2a: Kingambit|78/100
|
|-heal|p2a: Kingambit|84/100|[from] item: Leftovers
|upkeep
|turn|8
|
|t:|1778503052
|move|p1a: Gholdengo|Focus Blast|p2a: Kingambit
|-supereffective|p2a: Kingambit
|-damage|p2a: Kingambit|0 fnt
|faint|p2a: Kingambit
|-end|p2a: Kingambit|fallenundefined|[silent]
|
|upkeep
|
|t:|1778503059
|switch|p2a: Electrode Sr.|Regieleki|100/100
|turn|9
|
|t:|1778503062
|move|p2a: Electrode Sr.|Electro Ball|p1a: Gholdengo
|-damage|p1a: Gholdengo|8/100
|move|p1a: Gholdengo|Shadow Ball|p2a: Electrode Sr.
|-damage|p2a: Electrode Sr.|5/100
|
|upkeep
|turn|10
|
|t:|1778503070
|move|p2a: Electrode Sr.|Electro Ball|p1a: Gholdengo
|-damage|p1a: Gholdengo|0 fnt
|faint|p1a: Gholdengo
|
|upkeep
|
|t:|1778503075
|switch|p1a: Ceruledge|Ceruledge, F|100/100
|-damage|p1a: Ceruledge|76/100|[from] Stealth Rock
|turn|11
|
|t:|1778503080
|switch|p2a: Garchomp|Garchomp, M|100/100
|-activate|p2a: Garchomp|move: Sticky Web
|-unboost|p2a: Garchomp|spe|1
|move|p1a: Ceruledge|Swords Dance|p1a: Ceruledge
|-boost|p1a: Ceruledge|atk|2
|
|upkeep
|turn|12
|
|t:|1778503087
|move|p1a: Ceruledge|Bitter Blade|p2a: Garchomp
|-resisted|p2a: Garchomp
|-damage|p2a: Garchomp|69/100
|-heal|p1a: Ceruledge|98/100|[from] drain|[of] p2a: Garchomp
|-damage|p1a: Ceruledge|86/100|[from] ability: Rough Skin|[of] p2a: Garchomp
|-damage|p1a: Ceruledge|70/100|[from] item: Rocky Helmet|[of] p2a: Garchomp
|move|p2a: Garchomp|Earthquake|p1a: Ceruledge
|-supereffective|p1a: Ceruledge
|-damage|p1a: Ceruledge|0 fnt
|faint|p1a: Ceruledge
|
|upkeep
|
|t:|1778503093
|switch|p1a: Iron Valiant|Iron Valiant|100/100
|-damage|p1a: Iron Valiant|94/100|[from] Stealth Rock
|-enditem|p1a: Iron Valiant|Booster Energy
|-activate|p1a: Iron Valiant|ability: Quark Drive|[fromitem]
|-start|p1a: Iron Valiant|quarkdrivespa
|turn|13
|
|t:|1778503100
|switch|p2a: Ogerpon|Ogerpon-Wellspring, F|25/100
|-activate|p2a: Ogerpon|move: Sticky Web
|-unboost|p2a: Ogerpon|spe|1
|move|p1a: Iron Valiant|Moonblast|p2a: Ogerpon
|-damage|p2a: Ogerpon|0 fnt
|faint|p2a: Ogerpon
|
|upkeep
|
|t:|1778503102
|switch|p2a: Slowking|Slowking-Galar, M|100/100
|-activate|p2a: Slowking|move: Sticky Web
|-unboost|p2a: Slowking|spe|1
|turn|14
|
|t:|1778503107
|-end|p1a: Iron Valiant|Quark Drive|[silent]
|switch|p1a: Raging Bolt|Raging Bolt|92/100
|-damage|p1a: Raging Bolt|79/100|[from] Stealth Rock
|move|p2a: Slowking|Sludge Bomb|p1a: Raging Bolt
|-damage|p1a: Raging Bolt|49/100
|
|upkeep
|turn|15
|
|t:|1778503115
|move|p1a: Raging Bolt|Calm Mind|p1a: Raging Bolt
|-boost|p1a: Raging Bolt|spa|1
|-boost|p1a: Raging Bolt|spd|1
|move|p2a: Slowking|Ice Beam|p1a: Raging Bolt
|-supereffective|p1a: Raging Bolt
|-damage|p1a: Raging Bolt|19/100
|
|upkeep
|turn|16
|
|t:|1778503120
|move|p1a: Raging Bolt|Thunderbolt|p2a: Slowking
|-damage|p2a: Slowking|58/100
|move|p2a: Slowking|Sludge Bomb|p1a: Raging Bolt
|-damage|p1a: Raging Bolt|0 fnt
|faint|p1a: Raging Bolt
|-end|p1a: Raging Bolt|Protosynthesis|[silent]
|
|upkeep
|
|t:|1778503127
|switch|p1a: Araquanid|Araquanid, M|53/100
|-damage|p1a: Araquanid|28/100|[from] Stealth Rock
|turn|17
|
|t:|1778503133
|move|p1a: Araquanid|Lunge|p2a: Slowking
|-damage|p2a: Slowking|40/100
|-unboost|p2a: Slowking|atk|1
|move|p2a: Slowking|Sludge Bomb|p1a: Araquanid
|-damage|p1a: Araquanid|5/100
|
|upkeep
|turn|18
|-enditem|p1a: Araquanid|Custap Berry|[eat]
|-activate|p1a: Araquanid|item: Custap Berry|[consumed]
|
|t:|1778503139
|switch|p2a: Garchomp|Garchomp, M|69/100
|-activate|p2a: Garchomp|move: Sticky Web
|-unboost|p2a: Garchomp|spe|1
|move|p1a: Araquanid|Lunge|p2a: Garchomp
|-damage|p2a: Garchomp|57/100
|-unboost|p2a: Garchomp|atk|1
|-damage|p1a: Araquanid|0 fnt|[from] ability: Rough Skin|[of] p2a: Garchomp
|faint|p1a: Araquanid
|
|upkeep
|
|t:|1778503142
|switch|p1a: Iron Valiant|Iron Valiant|94/100
|-damage|p1a: Iron Valiant|88/100|[from] Stealth Rock
|turn|19
|
|t:|1778503148
|move|p1a: Iron Valiant|Moonblast|p2a: Garchomp
|-supereffective|p2a: Garchomp
|-damage|p2a: Garchomp|0 fnt
|faint|p2a: Garchomp
|
|upkeep
|
|t:|1778503150
|switch|p2a: Slowking|Slowking-Galar, M|73/100
|-activate|p2a: Slowking|move: Sticky Web
|-unboost|p2a: Slowking|spe|1
|turn|20
|
|t:|1778503155
|-terastallize|p1a: Iron Valiant|Ghost
|move|p1a: Iron Valiant|Calm Mind|p1a: Iron Valiant
|-boost|p1a: Iron Valiant|spa|1
|-boost|p1a: Iron Valiant|spd|1
|move|p2a: Slowking|Sludge Bomb|p1a: Iron Valiant
|-resisted|p1a: Iron Valiant
|-damage|p1a: Iron Valiant|68/100
|-status|p1a: Iron Valiant|psn
|
|-damage|p1a: Iron Valiant|56/100 psn|[from] psn
|upkeep
|turn|21
|j| NewestAlt
|
|t:|1778503165
|move|p1a: Iron Valiant|Shadow Ball|p2a: Slowking
|-supereffective|p2a: Slowking
|-damage|p2a: Slowking|0 fnt
|faint|p2a: Slowking
|
|-damage|p1a: Iron Valiant|43/100 psn|[from] psn
|upkeep
|
|t:|1778503169
|switch|p2a: Electrode Sr.|Regieleki|5/100
|turn|22
|c|☆xp180|gg
|
|t:|1778503180
|-terastallize|p2a: Electrode Sr.|Electric
|move|p1a: Iron Valiant|Vacuum Wave|p2a: Electrode Sr.
|-damage|p2a: Electrode Sr.|0 fnt
|faint|p2a: Electrode Sr.
|
|-damage|p1a: Iron Valiant|31/100 psn|[from] psn
|upkeep
|c|☆akijuen|GG
|-message|akijuen forfeited.
|
|win|xp180
|raw|xp180's rating: 1565 &rarr; <strong>1592</strong><br />(+27 for winning)
|raw|akijuen's rating: 1690 &rarr; <strong>1663</strong><br />(-27 for losing)
|l|☆xp180
|player|p1|
|l| NewestAlt
|l|☆akijuen
|player|p2|
