|html|<div class="broadcast-blue"><strong>[Gen 9] OU is currently suspecting Volcarona! For information on how to participate check out the <a href="https://www.smogon.com/tools/suspects/view/208">suspect thread</a>.</strong></div>
|j|☆sus req
|j|☆Srgtcobra
|t:|1778510465
|gametype|singles
|player|p1|sus req|hilbert|1557
|player|p2|Srgtcobra|1|1519
|gen|9
|tier|[Gen 9] OU
|rated|
|rule|HP Percentage Mod: HP is shown in percentages
|rule|Endless Battle Clause: Forcing endless battles is banned
|rule|Species Clause: Limit one of each Pokémon
|rule|OHKO Clause: OHKO moves are banned
|rule|Evasion Items Clause: Evasion items are banned
|rule|Evasion Moves Clause: Evasion moves are banned
|rule|Evasion Abilities Clause: Evasion abilities are banned
|rule|Sleep Moves Clause: Sleep-inducing moves are banned
|clearpoke
|poke|p1|Tyranitar, M|
|poke|p1|Excadrill, M|
|poke|p1|Keldeo-Resolute|
|poke|p1|Tornadus-Therian, M|
|poke|p1|Heatran, F|
|poke|p1|Hydrapple, M|
|poke|p2|Regieleki|
|poke|p2|Magnezone|
|poke|p2|Enamorus, F|
|poke|p2|Scizor, F|
|poke|p2|Dondozo, M|
|poke|p2|Darkrai|
|teampreview
|inactive|Battle timer is ON: inactive players will automatically lose when time's up. (requested by Srgtcobra)
|
|t:|1778510477
|teamsize|p1|6
|teamsize|p2|6
|start
|switch|p1a: Tyranitar|Tyranitar, M|100/100
|switch|p2a: Scizor|Scizor, F|100/100
|-weather|Sandstorm|[from] ability: Sand Stream|[of] p1a: Tyranitar
|turn|1
|
|t:|1778510481
|switch|p1a: Hydrapple|Hydrapple, M|100/100
|move|p2a: Scizor|U-turn|p1a: Hydrapple
|-supereffective|p1a: Hydrapple
|-crit|p1a: Hydrapple
|-damage|p1a: Hydrapple|38/100
|-damage|p2a: Scizor|84/100|[from] item: Rocky Helmet|[of] p1a: Hydrapple
|
|t:|1778510487
|switch|p2a: Darkrai|Darkrai|100/100|[from] U-turn
|
|-weather|Sandstorm|[upkeep]
|-damage|p2a: Darkrai|94/100|[from] Sandstorm
|-damage|p1a: Hydrapple|32/100|[from] Sandstorm
|upkeep
|turn|2
|
|t:|1778510501
|switch|p1a: Heatran|Heatran, F|100/100
|move|p2a: Darkrai|Trick|p1a: Heatran
|-activate|p2a: Darkrai|move: Trick|[of] p1a: Heatran
|-item|p1a: Heatran|Choice Scarf|[from] move: Trick
|-item|p2a: Darkrai|Leftovers|[from] move: Trick
|
|-weather|Sandstorm|[upkeep]
|-damage|p2a: Darkrai|88/100|[from] Sandstorm
|-heal|p2a: Darkrai|94/100|[from] item: Leftovers
|upkeep
|turn|3
|
|t:|1778510510
|switch|p2a: Dondozo|Dondozo, M|100/100
|move|p1a: Heatran|Magma Storm|p2a: Dondozo|[miss]
|-miss|p1a: Heatran|p2a: Dondozo
|
|-weather|Sandstorm|[upkeep]
|-damage|p2a: Dondozo|94/100|[from] Sandstorm
|-heal|p2a: Dondozo|100/100|[from] item: Leftovers
|upkeep
|turn|4
|
|t:|1778510515
|switch|p1a: Keldeo|Keldeo-Resolute|100/100
|move|p2a: Dondozo|Liquidation|p1a: Keldeo
|-resisted|p1a: Keldeo
|-damage|p1a: Keldeo|84/100
|
|-weather|Sandstorm|[upkeep]
|-damage|p1a: Keldeo|78/100|[from] Sandstorm
|-damage|p2a: Dondozo|94/100|[from] Sandstorm
|-heal|p2a: Dondozo|100/100|[from] item: Leftovers
|upkeep
|turn|5
|
|t:|1778510517
|move|p1a: Keldeo|Flip Turn|p2a: Dondozo
|-resisted|p2a: Dondozo
|-damage|p2a: Dondozo|96/100
|
|t:|1778510520
|switch|p1a: Hydrapple|Hydrapple, M|65/100|[from] Flip Turn
|move|p2a: Dondozo|Earthquake|p1a: Hydrapple
|-resisted|p1a: Hydrapple
|-damage|p1a: Hydrapple|59/100
|
|-weather|none
|-heal|p2a: Dondozo|100/100|[from] item: Leftovers
|upkeep
|turn|6
|
|t:|1778510542
|switch|p1a: Tornadus|Tornadus-Therian, M|100/100
|switch|p2a: Scizor|Scizor, F|84/100
|
|-heal|p2a: Scizor|90/100|[from] item: Leftovers
|upkeep
|turn|7
|
|t:|1778510550
|move|p2a: Scizor|Protect|p2a: Scizor
|-singleturn|p2a: Scizor|Protect
|move|p1a: Tornadus|Heat Wave|p2a: Scizor
|-activate|p2a: Scizor|move: Protect
|
|-heal|p2a: Scizor|96/100|[from] item: Leftovers
|upkeep
|turn|8
|
|t:|1778510557
|switch|p2a: Dondozo|Dondozo, M|100/100
|move|p1a: Tornadus|Bleakwind Storm|p2a: Dondozo
|-damage|p2a: Dondozo|75/100
|-unboost|p2a: Dondozo|spe|1
|
|-heal|p2a: Dondozo|81/100|[from] item: Leftovers
|upkeep
|turn|9
|
|t:|1778510562
|move|p1a: Tornadus|U-turn|p2a: Dondozo
|-damage|p2a: Dondozo|72/100
|
|t:|1778510566
|switch|p1a: Hydrapple|Hydrapple, M|92/100|[from] U-turn
|move|p2a: Dondozo|Liquidation|p1a: Hydrapple
|-resisted|p1a: Hydrapple
|-damage|p1a: Hydrapple|88/100
|-damage|p2a: Dondozo|56/100|[from] item: Rocky Helmet|[of] p1a: Hydrapple
|
|-heal|p2a: Dondozo|62/100|[from] item: Leftovers
|upkeep
|turn|10
|
|t:|1778510572
|switch|p2a: Scizor|Scizor, F|96/100
|move|p1a: Hydrapple|Nasty Plot|p1a: Hydrapple
|-boost|p1a: Hydrapple|spa|2
|
|-heal|p2a: Scizor|100/100|[from] item: Leftovers
|upkeep
|turn|11
|
|t:|1778510579
|move|p2a: Scizor|U-turn|p1a: Hydrapple
|-supereffective|p1a: Hydrapple
|-damage|p1a: Hydrapple|47/100
|-damage|p2a: Scizor|84/100|[from] item: Rocky Helmet|[of] p1a: Hydrapple
|
|t:|1778510581
|switch|p2a: Magnezone|Magnezone|100/100|[from] U-turn
|move|p1a: Hydrapple|Earth Power|p2a: Magnezone
|-supereffective|p2a: Magnezone
|-damage|p2a: Magnezone|0 fnt
|faint|p2a: Magnezone
|
|upkeep
|
|t:|1778510583
|switch|p2a: Scizor|Scizor, F|84/100
|turn|12
|
|t:|1778510593
|switch|p1a: Heatran|Heatran, F|100/100
|move|p2a: Scizor|Swords Dance|p2a: Scizor
|-boost|p2a: Scizor|atk|2
|
|-heal|p2a: Scizor|90/100|[from] item: Leftovers
|upkeep
|turn|13
|
|t:|1778510597
|move|p2a: Scizor|Protect|p2a: Scizor
|-singleturn|p2a: Scizor|Protect
|move|p1a: Heatran|Magma Storm|p2a: Scizor
|-activate|p2a: Scizor|move: Protect
|
|-heal|p2a: Scizor|96/100|[from] item: Leftovers
|upkeep
|turn|14
|
|t:|1778510602
|switch|p2a: Dondozo|Dondozo, M|62/100
|move|p1a: Heatran|Magma Storm|p2a: Dondozo
|-resisted|p2a: Dondozo
|-damage|p2a: Dondozo|49/100
|-activate|p2a: Dondozo|move: Magma Storm|[of] p1a: Heatran
|
|-heal|p2a: Dondozo|55/100|[from] item: Leftovers
|-damage|p2a: Dondozo|42/100|[from] move: Magma Storm|[partiallytrapped]
|upkeep
|turn|15
|
|t:|1778510616
|switch|p1a: Tyranitar|Tyranitar, M|100/100
|-weather|Sandstorm|[from] ability: Sand Stream|[of] p1a: Tyranitar
|move|p2a: Dondozo|Rest|p2a: Dondozo
|-status|p2a: Dondozo|slp|[from] move: Rest
|-heal|p2a: Dondozo|100/100 slp|[silent]
|
|-weather|Sandstorm|[upkeep]
|-damage|p2a: Dondozo|94/100 slp|[from] Sandstorm
|-heal|p2a: Dondozo|100/100 slp|[from] item: Leftovers
|-end|p2a: Dondozo|Magma Storm|[partiallytrapped]|[silent]
|upkeep
|turn|16
|
|t:|1778510621
|move|p1a: Tyranitar|Knock Off|p2a: Dondozo
|-damage|p2a: Dondozo|46/100 slp
|-enditem|p2a: Dondozo|Leftovers|[from] move: Knock Off|[of] p1a: Tyranitar
|cant|p2a: Dondozo|slp
|
|-weather|Sandstorm|[upkeep]
|-damage|p2a: Dondozo|40/100 slp|[from] Sandstorm
|upkeep
|turn|17
|
|t:|1778510625
|move|p1a: Tyranitar|Knock Off|p2a: Dondozo
|-damage|p2a: Dondozo|5/100 slp
|cant|p2a: Dondozo|slp
|
|-weather|Sandstorm|[upkeep]
|-damage|p2a: Dondozo|0 fnt|[from] Sandstorm
|faint|p2a: Dondozo
|upkeep
|
|t:|1778510635
|switch|p2a: Regieleki|Regieleki|100/100
|turn|18
|
|t:|1778510639
|move|p2a: Regieleki|Supercell Slam|p1a: Tyranitar
|-damage|p1a: Tyranitar|46/100
|move|p1a: Tyranitar|Knock Off|p2a: Regieleki
|-damage|p2a: Regieleki|0 fnt
|-enditem|p2a: Regieleki|Liechi Berry|[from] move: Knock Off|[of] p1a: Tyranitar
|faint|p2a: Regieleki
|
|-weather|Sandstorm|[upkeep]
|upkeep
|
|t:|1778510645
|switch|p2a: Enamorus|Enamorus, F|100/100
|turn|19
|
|t:|1778510649
|switch|p1a: Tornadus|Tornadus-Therian, M|100/100
|move|p2a: Enamorus|Calm Mind|p2a: Enamorus
|-boost|p2a: Enamorus|spa|1
|-boost|p2a: Enamorus|spd|1
|
|-weather|none
|upkeep
|turn|20
|
|t:|1778510653
|move|p1a: Tornadus|Taunt|p2a: Enamorus
|-start|p2a: Enamorus|move: Taunt
|move|p2a: Enamorus|Draining Kiss|p1a: Tornadus
|-damage|p1a: Tornadus|63/100
|
|upkeep
|turn|21
|
|t:|1778510657
|move|p1a: Tornadus|U-turn|p2a: Enamorus
|-resisted|p2a: Enamorus
|-damage|p2a: Enamorus|96/100
|
|t:|1778510659
|switch|p1a: Heatran|Heatran, F|100/100|[from] U-turn
|move|p2a: Enamorus|Draining Kiss|p1a: Heatran
|-resisted|p1a: Heatran
|-damage|p1a: Heatran|95/100
|-heal|p2a: Enamorus|100/100|[from] drain|[of] p1a: Heatran
|
|upkeep
|turn|22
|
|t:|1778510667
|-terastallize|p1a: Heatran|Flying
|move|p2a: Enamorus|Earth Power|p1a: Heatran
|-immune|p1a: Heatran
|move|p1a: Heatran|Magma Storm|p2a: Enamorus
|-damage|p2a: Enamorus|68/100
|-activate|p2a: Enamorus|move: Magma Storm|[of] p1a: Heatran
|
|-damage|p2a: Enamorus|55/100|[from] move: Magma Storm|[partiallytrapped]
|-end|p2a: Enamorus|move: Taunt
|upkeep
|turn|23
|
|t:|1778510673
|move|p2a: Enamorus|Draining Kiss|p1a: Heatran
|-damage|p1a: Heatran|71/100
|-heal|p2a: Enamorus|76/100|[from] drain|[of] p1a: Heatran
|move|p1a: Heatran|Magma Storm|p2a: Enamorus|[miss]
|-miss|p1a: Heatran|p2a: Enamorus
|
|-damage|p2a: Enamorus|63/100|[from] move: Magma Storm|[partiallytrapped]
|upkeep
|turn|24
|
|t:|1778510676
|move|p2a: Enamorus|Draining Kiss|p1a: Heatran
|-damage|p1a: Heatran|50/100
|-heal|p2a: Enamorus|83/100|[from] drain|[of] p1a: Heatran
|move|p1a: Heatran|Magma Storm|p2a: Enamorus
|-damage|p2a: Enamorus|49/100
|
|-damage|p2a: Enamorus|37/100|[from] move: Magma Storm|[partiallytrapped]
|upkeep
|turn|25
|
|t:|1778510679
|move|p2a: Enamorus|Draining Kiss|p1a: Heatran
|-damage|p1a: Heatran|29/100
|-heal|p2a: Enamorus|55/100|[from] drain|[of] p1a: Heatran
|move|p1a: Heatran|Magma Storm|p2a: Enamorus
|-damage|p2a: Enamorus|20/100
|
|-damage|p2a: Enamorus|8/100|[from] move: Magma Storm|[partiallytrapped]
|upkeep
|turn|26
|
|t:|1778510683
|move|p2a: Enamorus|Draining Kiss|p1a: Heatran
|-damage|p1a: Heatran|8/100
|-heal|p2a: Enamorus|26/100|[from] drain|[of] p1a: Heatran
|move|p1a: Heatran|Magma Storm|p2a: Enamorus
|-damage|p2a: Enamorus|0 fnt
|faint|p2a: Enamorus
|
|upkeep
|
|t:|1778510685
|switch|p2a: Scizor|Scizor, F|96/100
|turn|27
|
|t:|1778510691
|-activate|p1a: Heatran|move: Struggle
|move|p1a: Heatran|Struggle|p2a: Scizor
|-crit|p2a: Scizor
|-damage|p2a: Scizor|83/100
|-damage|p1a: Heatran|0 fnt|[from] recoil
|faint|p1a: Heatran
|move|p2a: Scizor|Swords Dance|p2a: Scizor
|-boost|p2a: Scizor|atk|2
|
|-heal|p2a: Scizor|89/100|[from] item: Leftovers
|upkeep
|
|t:|1778510694
|switch|p1a: Tornadus|Tornadus-Therian, M|96/100
|turn|28
|
|t:|1778510696
|move|p2a: Scizor|Protect|p2a: Scizor
|-singleturn|p2a: Scizor|Protect
|move|p1a: Tornadus|Heat Wave|p2a: Scizor
|-activate|p2a: Scizor|move: Protect
|
|-heal|p2a: Scizor|96/100|[from] item: Leftovers
|upkeep
|turn|29
|
|t:|1778510699
|-terastallize|p2a: Scizor|Steel
|move|p2a: Scizor|Bullet Punch|p1a: Tornadus
|-damage|p1a: Tornadus|0 fnt
|faint|p1a: Tornadus
|
|-heal|p2a: Scizor|100/100|[from] item: Leftovers
|upkeep
|
|t:|1778510707
|switch|p1a: Keldeo|Keldeo-Resolute|78/100
|turn|30
|
|t:|1778510710
|move|p2a: Scizor|Protect|p2a: Scizor
|-singleturn|p2a: Scizor|Protect
|move|p1a: Keldeo|Secret Sword|p2a: Scizor
|-activate|p2a: Scizor|move: Protect
|
|upkeep
|turn|31
|
|t:|1778510713
|move|p2a: Scizor|Bullet Punch|p1a: Keldeo
|-resisted|p1a: Keldeo
|-damage|p1a: Keldeo|25/100
|move|p1a: Keldeo|Secret Sword|p2a: Scizor
|-supereffective|p2a: Scizor
|-damage|p2a: Scizor|0 fnt
|faint|p2a: Scizor
|
|upkeep
|
|t:|1778510715
|switch|p2a: Darkrai|Darkrai|94/100
|turn|32
|
|t:|1778510718
|move|p2a: Darkrai|Sludge Bomb|p1a: Keldeo
|-crit|p1a: Keldeo
|-damage|p1a: Keldeo|0 fnt
|faint|p1a: Keldeo
|
|-heal|p2a: Darkrai|100/100|[from] item: Leftovers
|upkeep
|
|t:|1778510721
|switch|p1a: Tyranitar|Tyranitar, M|46/100
|-weather|Sandstorm|[from] ability: Sand Stream|[of] p1a: Tyranitar
|turn|33
|
|t:|1778510723
|move|p2a: Darkrai|Dark Pulse|p1a: Tyranitar
|-resisted|p1a: Tyranitar
|-damage|p1a: Tyranitar|31/100
|move|p1a: Tyranitar|Low Kick|p2a: Darkrai
|-supereffective|p2a: Darkrai
|-damage|p2a: Darkrai|0 fnt
|faint|p2a: Darkrai
|
|win|sus req
|raw|sus req's rating: 1557 &rarr; <strong>1575</strong><br />(+18 for winning)
|raw|Srgtcobra's rating: 1519 &rarr; <strong>1501</strong><br />(-18 for losing)
|l|☆Srgtcobra
|player|p2|
|l|☆sus req
|player|p1|
|j|☆sus req
|player|p1|sus req|hilbert|
