|html|<div class="broadcast-blue"><strong>[Gen 9] OU is currently suspecting Tera Blast! For information on how to participate check out the <a href="https://www.smogon.com/tools/suspects/view/200">suspect thread</a>.</strong></div>
|j|☆MagusNikki
|j|☆jurple
|t:|1776033557
|gametype|singles
|player|p1|MagusNikki|cheryl|1286
|player|p2|jurple|101|1309
|gen|9
|tier|[Gen 9] OU
|rated|
|rule|HP Percentage Mod: HP is shown in percentages
|rule|Endless Battle Clause: Forcing endless battles is banned
|rule|Species Clause: Limit one of each Pokémon
|rule|OHKO Clause: OHKO moves are banned
|rule|Evasion Items Clause: Evasion items are banned
|rule|Evasion Moves Clause: Evasion moves are banned
|rule|Evasion Abilities Clause: Evasion abilities are banned
|rule|Sleep Moves Clause: Sleep-inducing moves are banned
|clearpoke
|poke|p1|Rillaboom, F|
|poke|p1|Serperior, F|
|poke|p1|Heatran, M|
|poke|p1|Gholdengo|
|poke|p1|Zamazenta-*|
|poke|p1|Great Tusk|
|poke|p2|Eiscue, F|
|poke|p2|Dragonite, F|
|poke|p2|Hitmonlee, M|
|poke|p2|Vikavolt, M|
|poke|p2|Polteageist-Antique|
|poke|p2|Azelf|
|teampreview
|
|t:|1776033570
|teamsize|p1|6
|teamsize|p2|6
|start
|switch|p1a: Heatran|Heatran, M|100/100
|switch|p2a: Vikavolt|Vikavolt, M|100/100
|-item|p1a: Heatran|Air Balloon
|turn|1
|
|t:|1776033584
|move|p1a: Heatran|Taunt|p2a: Vikavolt
|-start|p2a: Vikavolt|move: Taunt
|cant|p2a: Vikavolt|move: Taunt|Sticky Web
|
|upkeep
|turn|2
|
|t:|1776033590
|move|p1a: Heatran|Magma Storm|p2a: Vikavolt
|-supereffective|p2a: Vikavolt
|-damage|p2a: Vikavolt|0 fnt
|faint|p2a: Vikavolt
|
|upkeep
|
|t:|1776033610
|switch|p2a: Hitmonlee|Hitmonlee, M|100/100
|turn|3
|
|t:|1776033660
|switch|p1a: Zamazenta|Zamazenta|100/100
|-ability|p1a: Zamazenta|Dauntless Shield|boost
|-boost|p1a: Zamazenta|def|1
|move|p2a: Hitmonlee|Rapid Spin|p1a: Zamazenta
|-damage|p1a: Zamazenta|88/100
|-boost|p2a: Hitmonlee|spe|1
|
|upkeep
|turn|4
|
|t:|1776033677
|move|p2a: Hitmonlee|Rapid Spin|p1a: Zamazenta
|-damage|p1a: Zamazenta|76/100
|-boost|p2a: Hitmonlee|spe|1
|move|p1a: Zamazenta|Psychic Fangs|p2a: Hitmonlee
|-supereffective|p2a: Hitmonlee
|-damage|p2a: Hitmonlee|0 fnt
|faint|p2a: Hitmonlee
|-damage|p1a: Zamazenta|66/100|[from] item: Life Orb
|
|upkeep
|
|t:|1776033694
|switch|p2a: Polteageist|Polteageist-Antique|100/100
|turn|5
|
|t:|1776033717
|move|p1a: Zamazenta|Crunch|p2a: Polteageist
|-supereffective|p2a: Polteageist
|-enditem|p2a: Polteageist|Focus Sash
|-damage|p2a: Polteageist|1/100
|-ability|p2a: Polteageist|Weak Armor|boost
|-unboost|p2a: Polteageist|def|1
|-boost|p2a: Polteageist|spe|2
|-damage|p1a: Zamazenta|56/100|[from] item: Life Orb
|move|p2a: Polteageist|Shell Smash|p2a: Polteageist
|-unboost|p2a: Polteageist|def|1
|-unboost|p2a: Polteageist|spd|1
|-boost|p2a: Polteageist|atk|2
|-boost|p2a: Polteageist|spa|2
|-boost|p2a: Polteageist|spe|2
|
|upkeep
|turn|6
|
|t:|1776033735
|move|p2a: Polteageist|Giga Drain|p1a: Zamazenta
|-damage|p1a: Zamazenta|0 fnt
|-heal|p2a: Polteageist|36/100|[from] drain|[of] p1a: Zamazenta
|faint|p1a: Zamazenta
|
|upkeep
|
|t:|1776033752
|switch|p1a: Rillaboom|Rillaboom, F|100/100
|-fieldstart|move: Grassy Terrain|[from] ability: Grassy Surge|[of] p1a: Rillaboom
|turn|7
|
|t:|1776033756
|move|p1a: Rillaboom|Grassy Glide|p2a: Polteageist
|-damage|p2a: Polteageist|0 fnt
|faint|p2a: Polteageist
|-damage|p1a: Rillaboom|91/100|[from] item: Life Orb
|
|-heal|p1a: Rillaboom|97/100|[from] Grassy Terrain
|upkeep
|
|t:|1776033775
|switch|p2a: Azelf|Azelf|100/100
|turn|8
|
|t:|1776033781
|move|p2a: Azelf|Flamethrower|p1a: Rillaboom
|-supereffective|p1a: Rillaboom
|-damage|p1a: Rillaboom|0 fnt
|faint|p1a: Rillaboom
|
|upkeep
|
|t:|1776033789
|switch|p1a: Heatran|Heatran, M|100/100
|-item|p1a: Heatran|Air Balloon
|turn|9
|
|t:|1776033801
|switch|p2a: Dragonite|Dragonite, F|100/100
|move|p1a: Heatran|Magma Storm|p2a: Dragonite
|-resisted|p2a: Dragonite
|-damage|p2a: Dragonite|90/100
|-activate|p2a: Dragonite|move: Magma Storm|[of] p1a: Heatran
|
|-damage|p2a: Dragonite|77/100|[from] move: Magma Storm|[partiallytrapped]
|upkeep
|turn|10
|
|t:|1776033824
|switch|p1a: Gholdengo|Gholdengo|100/100
|-enditem|p1a: Gholdengo|Grassy Seed
|-boost|p1a: Gholdengo|def|1|[from] item: Grassy Seed
|move|p2a: Dragonite|Extreme Speed|p1a: Gholdengo
|-immune|p1a: Gholdengo
|
|-end|p2a: Dragonite|Magma Storm|[partiallytrapped]|[silent]
|upkeep
|turn|11
|-message|jurple forfeited.
|
|win|MagusNikki
|raw|MagusNikki's rating: 1263 &rarr; <strong>1291</strong><br />(+28 for winning)
|raw|jurple's rating: 1309 &rarr; <strong>1286</strong><br />(-23 for losing)
|l|☆jurple
|player|p2|
|l|☆MagusNikki
|player|p1|
