|html|<div class="broadcast-blue"><strong>[Gen 9] OU is currently suspecting Tera Blast! For information on how to participate check out the <a href="https://www.smogon.com/tools/suspects/view/200">suspect thread</a>.</strong></div>
|j|☆magistermilitum420
|j|☆Tsaun
|t:|1776273822
|gametype|singles
|player|p1|magistermilitum420|blue|1342
|player|p2|Tsaun|101|1354
|gen|9
|tier|[Gen 9] OU
|rated|
|rule|HP Percentage Mod: HP is shown in percentages
|rule|Endless Battle Clause: Forcing endless battles is banned
|rule|Species Clause: Limit one of each Pokémon
|rule|OHKO Clause: OHKO moves are banned
|rule|Evasion Items Clause: Evasion items are banned
|rule|Evasion Moves Clause: Evasion moves are banned
|rule|Evasion Abilities Clause: Evasion abilities are banned
|rule|Sleep Moves Clause: Sleep-inducing moves are banned
|clearpoke
|poke|p1|Meowscarada, F|
|poke|p1|Great Tusk|
|poke|p1|Alomomola, M|
|poke|p1|Slowking-Galar, M|
|poke|p1|Iron Valiant|
|poke|p1|Heatran, M|
|poke|p2|Glimmora, F|
|poke|p2|Gliscor, M|
|poke|p2|Ting-Lu|
|poke|p2|Dragapult, F|
|poke|p2|Ogerpon-Wellspring, F|
|poke|p2|Gholdengo|
|teampreview
|inactive|Battle timer is ON: inactive players will automatically lose when time's up. (requested by magistermilitum420)
|
|t:|1776273892
|teamsize|p1|6
|teamsize|p2|6
|start
|switch|p1a: Mahad|Meowscarada, F, shiny|100/100
|switch|p2a: Glimmora|Glimmora, F|100/100
|turn|1
|
|t:|1776273899
|switch|p1a: Mithridates|Slowking-Galar, M|100/100
|move|p2a: Glimmora|Stealth Rock|p1a: Mithridates
|-sidestart|p1: magistermilitum420|move: Stealth Rock
|
|upkeep
|turn|2
|
|t:|1776273910
|switch|p2a: Ting-Lu|Ting-Lu|100/100
|-ability|p2a: Ting-Lu|Vessel of Ruin
|move|p1a: Mithridates|Psychic Noise|p2a: Ting-Lu
|-immune|p2a: Ting-Lu
|
|upkeep
|turn|3
|
|t:|1776273918
|switch|p1a: Mahad|Meowscarada, F, shiny|100/100
|-damage|p1a: Mahad|88/100|[from] Stealth Rock
|move|p2a: Ting-Lu|Whirlwind|p1a: Mahad
|drag|p1a: Vulcanus|Heatran, M, shiny|100/100
|-damage|p1a: Vulcanus|88/100|[from] Stealth Rock
|
|upkeep
|turn|4
|
|t:|1776273932
|-terastallize|p1a: Vulcanus|Grass
|move|p1a: Vulcanus|Tera Blast|p2a: Ting-Lu|[anim] Tera Blast Grass
|-supereffective|p2a: Ting-Lu
|-damage|p2a: Ting-Lu|48/100
|move|p2a: Ting-Lu|Ruination|p1a: Vulcanus
|-damage|p1a: Vulcanus|44/100
|
|-heal|p2a: Ting-Lu|54/100|[from] item: Leftovers
|upkeep
|turn|5
|
|t:|1776273944
|switch|p2a: Ogerpon|Ogerpon-Wellspring, F|100/100
|move|p1a: Vulcanus|Tera Blast|p2a: Ogerpon|[anim] Tera Blast Grass
|-damage|p2a: Ogerpon|24/100
|
|upkeep
|turn|6
|
|t:|1776273960
|switch|p2a: Dragapult|Dragapult, F|100/100
|move|p1a: Vulcanus|Tera Blast|p2a: Dragapult|[anim] Tera Blast Grass
|-resisted|p2a: Dragapult
|-damage|p2a: Dragapult|58/100
|
|upkeep
|turn|7
|
|t:|1776273968
|switch|p1a: Mithridates|Slowking-Galar, M|100/100
|-damage|p1a: Mithridates|88/100|[from] Stealth Rock
|move|p2a: Dragapult|Draco Meteor|p1a: Mithridates
|-damage|p1a: Mithridates|61/100
|-unboost|p2a: Dragapult|spa|2
|
|upkeep
|turn|8
|
|t:|1776273978
|move|p2a: Dragapult|U-turn|p1a: Mithridates
|-damage|p1a: Mithridates|43/100
|
|t:|1776273981
|switch|p2a: Ting-Lu|Ting-Lu|54/100|[from] U-turn
|-ability|p2a: Ting-Lu|Vessel of Ruin
|move|p1a: Mithridates|Surf|p2a: Ting-Lu
|-supereffective|p2a: Ting-Lu
|-damage|p2a: Ting-Lu|30/100
|
|-heal|p2a: Ting-Lu|36/100|[from] item: Leftovers
|upkeep
|turn|9
|
|t:|1776273992
|switch|p1a: Vulcanus|Heatran, M, shiny, tera:Grass|44/100
|-damage|p1a: Vulcanus|32/100|[from] Stealth Rock
|move|p2a: Ting-Lu|Whirlwind|p1a: Vulcanus
|drag|p1a: Mithridates|Slowking-Galar, M|77/100
|-damage|p1a: Mithridates|64/100|[from] Stealth Rock
|
|-heal|p2a: Ting-Lu|42/100|[from] item: Leftovers
|upkeep
|turn|10
|
|t:|1776274004
|switch|p1a: Barca|Great Tusk|100/100
|-damage|p1a: Barca|98/100|[from] Stealth Rock
|move|p2a: Ting-Lu|Rest|p2a: Ting-Lu
|-status|p2a: Ting-Lu|slp|[from] move: Rest
|-heal|p2a: Ting-Lu|100/100 slp|[silent]
|
|-heal|p1a: Barca|100/100|[from] item: Leftovers
|upkeep
|turn|11
|
|t:|1776274013
|switch|p2a: Gholdengo|Gholdengo|100/100
|move|p1a: Barca|Knock Off|p2a: Gholdengo
|-supereffective|p2a: Gholdengo
|-damage|p2a: Gholdengo|37/100
|-enditem|p2a: Gholdengo|Choice Scarf|[from] move: Knock Off|[of] p1a: Barca
|
|upkeep
|turn|12
|
|t:|1776274023
|move|p2a: Gholdengo|Make It Rain|p1a: Barca
|-damage|p1a: Barca|18/100
|-unboost|p2a: Gholdengo|spa|1
|move|p1a: Barca|Knock Off|p2a: Gholdengo
|-supereffective|p2a: Gholdengo
|-damage|p2a: Gholdengo|0 fnt
|faint|p2a: Gholdengo
|
|-heal|p1a: Barca|24/100|[from] item: Leftovers
|upkeep
|
|t:|1776274028
|switch|p2a: Gliscor|Gliscor, M|100/100
|turn|13
|
|t:|1776274034
|move|p2a: Gliscor|Protect|p2a: Gliscor
|-singleturn|p2a: Gliscor|Protect
|move|p1a: Barca|Stealth Rock|p2a: Gliscor
|-sidestart|p2: Tsaun|move: Stealth Rock
|
|-heal|p1a: Barca|30/100|[from] item: Leftovers
|-status|p2a: Gliscor|tox|[from] item: Toxic Orb
|upkeep
|turn|14
|
|t:|1776274045
|-terastallize|p2a: Gliscor|Ghost
|move|p2a: Gliscor|Spikes|p1a: Barca
|-sidestart|p1: magistermilitum420|Spikes
|move|p1a: Barca|Rapid Spin|p2a: Gliscor
|-immune|p2a: Gliscor
|
|-heal|p1a: Barca|36/100|[from] item: Leftovers
|upkeep
|turn|15
|
|t:|1776274052
|move|p2a: Gliscor|Spikes|p1a: Barca
|-sidestart|p1: magistermilitum420|Spikes
|move|p1a: Barca|Knock Off|p2a: Gliscor
|-supereffective|p2a: Gliscor
|-damage|p2a: Gliscor|65/100 tox
|-enditem|p2a: Gliscor|Toxic Orb|[from] move: Knock Off|[of] p1a: Barca
|
|-heal|p1a: Barca|42/100|[from] item: Leftovers
|-heal|p2a: Gliscor|77/100 tox|[from] ability: Poison Heal
|upkeep
|turn|16
|
|t:|1776274060
|move|p2a: Gliscor|Spikes|p1a: Barca
|-sidestart|p1: magistermilitum420|Spikes
|move|p1a: Barca|Knock Off|p2a: Gliscor
|-supereffective|p2a: Gliscor
|-damage|p2a: Gliscor|53/100 tox
|
|-heal|p1a: Barca|49/100|[from] item: Leftovers
|-heal|p2a: Gliscor|65/100 tox|[from] ability: Poison Heal
|upkeep
|turn|17
|
|t:|1776274067
|move|p2a: Gliscor|Knock Off|p1a: Barca
|-resisted|p1a: Barca
|-damage|p1a: Barca|43/100
|-enditem|p1a: Barca|Leftovers|[from] move: Knock Off|[of] p2a: Gliscor
|move|p1a: Barca|Knock Off|p2a: Gliscor
|-supereffective|p2a: Gliscor
|-damage|p2a: Gliscor|40/100 tox
|
|-heal|p2a: Gliscor|53/100 tox|[from] ability: Poison Heal
|upkeep
|turn|18
|
|t:|1776274077
|move|p2a: Gliscor|Protect|p2a: Gliscor
|-singleturn|p2a: Gliscor|Protect
|move|p1a: Barca|Knock Off|p2a: Gliscor
|-activate|p2a: Gliscor|move: Protect
|
|-heal|p2a: Gliscor|65/100 tox|[from] ability: Poison Heal
|upkeep
|turn|19
|
|t:|1776274084
|switch|p2a: Glimmora|Glimmora, F|100/100
|-damage|p2a: Glimmora|88/100|[from] Stealth Rock
|move|p1a: Barca|Earthquake|p2a: Glimmora
|-supereffective|p2a: Glimmora
|-damage|p2a: Glimmora|0 fnt
|-activate|p2a: Glimmora|ability: Toxic Debris
|-sidestart|p1: magistermilitum420|move: Toxic Spikes
|faint|p2a: Glimmora
|
|upkeep
|
|t:|1776274093
|switch|p2a: Ogerpon|Ogerpon-Wellspring, F|24/100
|-damage|p2a: Ogerpon|11/100|[from] Stealth Rock
|turn|20
|
|t:|1776274115
|-end|p1a: Barca|Protosynthesis|[silent]
|switch|p1a: Mithridates|Slowking-Galar, M|97/100
|-damage|p1a: Mithridates|85/100|[from] Stealth Rock
|-damage|p1a: Mithridates|60/100|[from] Spikes
|-sideend|p1: magistermilitum420|move: Toxic Spikes|[of] p1a: Mithridates
|move|p2a: Ogerpon|Ivy Cudgel|p1a: Mithridates|[anim] Ivy Cudgel Water
|-damage|p1a: Mithridates|2/100
|
|upkeep
|turn|21
|
|t:|1776274128
|move|p2a: Ogerpon|Horn Leech|p1a: Mithridates
|-resisted|p1a: Mithridates
|-damage|p1a: Mithridates|0 fnt
|-heal|p2a: Ogerpon|12/100|[from] drain|[of] p1a: Mithridates
|faint|p1a: Mithridates
|
|upkeep
|
|t:|1776274133
|switch|p1a: Mahad|Meowscarada, F, shiny|88/100
|-damage|p1a: Mahad|76/100|[from] Stealth Rock
|-damage|p1a: Mahad|51/100|[from] Spikes
|turn|22
|
|t:|1776274147
|move|p1a: Mahad|U-turn|p2a: Ogerpon
|-start|p1a: Mahad|typechange|Bug|[from] ability: Protean
|-supereffective|p2a: Ogerpon
|-damage|p2a: Ogerpon|0 fnt
|faint|p2a: Ogerpon
|
|t:|1776274159
|switch|p1a: Charybdis|Alomomola, M, shiny|100/100|[from] U-turn
|-damage|p1a: Charybdis|88/100|[from] Stealth Rock
|-damage|p1a: Charybdis|63/100|[from] Spikes
|
|upkeep
|
|t:|1776274166
|switch|p2a: Gliscor|Gliscor, M, tera:Ghost|65/100 tox
|-damage|p2a: Gliscor|53/100 tox|[from] Stealth Rock
|turn|23
|
|t:|1776274170
|move|p2a: Gliscor|Taunt|p1a: Charybdis
|-start|p1a: Charybdis|move: Taunt
|cant|p1a: Charybdis|move: Taunt|Wish
|
|-heal|p2a: Gliscor|65/100 tox|[from] ability: Poison Heal
|upkeep
|turn|24
|
|t:|1776274178
|move|p2a: Gliscor|Knock Off|p1a: Charybdis
|-damage|p1a: Charybdis|51/100
|-damage|p2a: Gliscor|49/100 tox|[from] item: Rocky Helmet|[of] p1a: Charybdis
|-enditem|p1a: Charybdis|Rocky Helmet|[from] move: Knock Off|[of] p2a: Gliscor
|move|p1a: Charybdis|Scald|p2a: Gliscor
|-damage|p2a: Gliscor|34/100 tox
|
|-heal|p2a: Gliscor|46/100 tox|[from] ability: Poison Heal
|upkeep
|turn|25
|
|t:|1776274186
|switch|p2a: Dragapult|Dragapult, F|58/100
|move|p1a: Charybdis|Scald|p2a: Dragapult
|-resisted|p2a: Dragapult
|-damage|p2a: Dragapult|49/100
|
|-end|p1a: Charybdis|move: Taunt
|upkeep
|turn|26
|
|t:|1776274199
|switch|p1a: Pallas|Iron Valiant, shiny|100/100
|-damage|p1a: Pallas|94/100|[from] Stealth Rock
|-damage|p1a: Pallas|69/100|[from] Spikes
|-enditem|p1a: Pallas|Booster Energy
|-activate|p1a: Pallas|ability: Quark Drive|[fromitem]
|-start|p1a: Pallas|quarkdrivespe
|move|p2a: Dragapult|U-turn|p1a: Pallas
|-resisted|p1a: Pallas
|-damage|p1a: Pallas|64/100
|
|t:|1776274209
|switch|p2a: Ting-Lu|Ting-Lu|100/100 slp|[from] U-turn
|-damage|p2a: Ting-Lu|94/100 slp|[from] Stealth Rock
|-ability|p2a: Ting-Lu|Vessel of Ruin
|
|-heal|p2a: Ting-Lu|100/100 slp|[from] item: Leftovers
|upkeep
|turn|27
|
|t:|1776274217
|move|p1a: Pallas|Close Combat|p2a: Ting-Lu
|-supereffective|p2a: Ting-Lu
|-damage|p2a: Ting-Lu|49/100 slp
|-unboost|p1a: Pallas|def|1
|-unboost|p1a: Pallas|spd|1
|cant|p2a: Ting-Lu|slp
|move|p2a: Ting-Lu|Sleep Talk|p2a: Ting-Lu
|move|p2a: Ting-Lu|Rest||[from] move: Sleep Talk|[still]
|-fail|p2a: Ting-Lu
|
|-heal|p2a: Ting-Lu|56/100 slp|[from] item: Leftovers
|upkeep
|turn|28
|
|t:|1776274231
|move|p1a: Pallas|Moonblast|p2a: Ting-Lu
|-supereffective|p2a: Ting-Lu
|-damage|p2a: Ting-Lu|17/100 slp
|cant|p2a: Ting-Lu|slp
|move|p2a: Ting-Lu|Sleep Talk|p2a: Ting-Lu
|move|p2a: Ting-Lu|Ruination|p1a: Pallas|[from] move: Sleep Talk
|-damage|p1a: Pallas|32/100
|
|-heal|p2a: Ting-Lu|23/100 slp|[from] item: Leftovers
|upkeep
|turn|29
|
|t:|1776274245
|move|p1a: Pallas|Moonblast|p2a: Ting-Lu
|-supereffective|p2a: Ting-Lu
|-damage|p2a: Ting-Lu|0 fnt
|faint|p2a: Ting-Lu
|
|upkeep
|-message|Tsaun forfeited.
|
|win|magistermilitum420
|raw|magistermilitum420's rating: 1342 &rarr; <strong>1363</strong><br />(+21 for winning)
|raw|Tsaun's rating: 1354 &rarr; <strong>1333</strong><br />(-21 for losing)
|l|☆Tsaun
|player|p2|
