|html|<div class="broadcast-blue"><strong>[Gen 9] OU is currently suspecting Volcarona! For information on how to participate check out the <a href="https://www.smogon.com/tools/suspects/view/208">suspect thread</a>.</strong></div>
|j|☆nightbarbarian
|j|☆saiyanromeo
|t:|1778504378
|gametype|singles
|player|p1|nightbarbarian|giovanni|1184
|player|p2|saiyanromeo|cynthia-gen4|1105
|gen|9
|tier|[Gen 9] OU
|rated|
|rule|HP Percentage Mod: HP is shown in percentages
|rule|Endless Battle Clause: Forcing endless battles is banned
|rule|Species Clause: Limit one of each Pokémon
|rule|OHKO Clause: OHKO moves are banned
|rule|Evasion Items Clause: Evasion items are banned
|rule|Evasion Moves Clause: Evasion moves are banned
|rule|Evasion Abilities Clause: Evasion abilities are banned
|rule|Sleep Moves Clause: Sleep-inducing moves are banned
|clearpoke
|poke|p1|Arcanine-Hisui, M|
|poke|p1|Zoroark-Hisui, F|
|poke|p1|Galvantula, M|
|poke|p1|Dondozo, F|
|poke|p1|Florges-White, F|
|poke|p1|Gliscor, M|
|poke|p2|Ribombee, F|
|poke|p2|Glimmora, M|
|poke|p2|Flareon, F|
|poke|p2|Salamence, F|
|poke|p2|Empoleon, F|
|poke|p2|Rillaboom, M|
|teampreview
|inactive|Battle timer is ON: inactive players will automatically lose when time's up. (requested by nightbarbarian)
|
|t:|1778504391
|teamsize|p1|6
|teamsize|p2|6
|start
|switch|p1a: Galvantula|Galvantula, M|100/100
|switch|p2a: Ribombee|Ribombee, F|100/100
|turn|1
|
|t:|1778504398
|move|p2a: Ribombee|Sticky Web|p1a: Galvantula
|-sidestart|p1: nightbarbarian|move: Sticky Web
|move|p1a: Galvantula|Thunder Wave|p2a: Ribombee
|-status|p2a: Ribombee|par
|
|upkeep
|turn|2
|
|t:|1778504404
|move|p1a: Galvantula|Sticky Web|p2a: Ribombee
|-sidestart|p2: saiyanromeo|move: Sticky Web
|move|p2a: Ribombee|Light Screen|p2a: Ribombee
|-sidestart|p2: saiyanromeo|move: Light Screen
|
|upkeep
|turn|3
|
|t:|1778504427
|move|p1a: Galvantula|Bug Buzz|p2a: Ribombee
|-resisted|p2a: Ribombee
|-damage|p2a: Ribombee|83/100 par
|move|p2a: Ribombee|Reflect|p2a: Ribombee
|-sidestart|p2: saiyanromeo|Reflect
|
|upkeep
|turn|4
|
|t:|1778504434
|move|p1a: Galvantula|Bug Buzz|p2a: Ribombee
|-resisted|p2a: Ribombee
|-damage|p2a: Ribombee|67/100 par
|move|p2a: Ribombee|Moonblast|p1a: Galvantula
|-damage|p1a: Galvantula|22/100
|
|upkeep
|turn|5
|
|t:|1778504442
|move|p1a: Galvantula|Volt Switch|p2a: Ribombee
|-damage|p2a: Ribombee|40/100 par
|
|t:|1778504446
|switch|p1a: Florges|Florges-White, F|100/100|[from] Volt Switch
|-activate|p1a: Florges|move: Sticky Web
|-unboost|p1a: Florges|spe|1
|move|p2a: Ribombee|Moonblast|p1a: Florges
|-damage|p1a: Florges|78/100
|
|-heal|p1a: Florges|84/100|[from] item: Leftovers
|upkeep
|turn|6
|
|t:|1778504458
|move|p2a: Ribombee|Moonblast|p1a: Florges
|-damage|p1a: Florges|57/100
|-unboost|p1a: Florges|spa|1
|move|p1a: Florges|Calm Mind|p1a: Florges
|-boost|p1a: Florges|spa|1
|-boost|p1a: Florges|spd|1
|
|-heal|p1a: Florges|64/100|[from] item: Leftovers
|-sideend|p2: saiyanromeo|move: Light Screen
|upkeep
|turn|7
|
|t:|1778504468
|move|p2a: Ribombee|Moonblast|p1a: Florges
|-damage|p1a: Florges|46/100
|move|p1a: Florges|Calm Mind|p1a: Florges
|-boost|p1a: Florges|spa|1
|-boost|p1a: Florges|spd|1
|
|-heal|p1a: Florges|53/100|[from] item: Leftovers
|-sideend|p2: saiyanromeo|Reflect
|upkeep
|turn|8
|
|t:|1778504477
|move|p2a: Ribombee|Moonblast|p1a: Florges
|-damage|p1a: Florges|40/100
|move|p1a: Florges|Synthesis|p1a: Florges
|-heal|p1a: Florges|90/100
|
|-heal|p1a: Florges|96/100|[from] item: Leftovers
|upkeep
|turn|9
|
|t:|1778504486
|cant|p2a: Ribombee|par
|move|p1a: Florges|Calm Mind|p1a: Florges
|-boost|p1a: Florges|spa|1
|-boost|p1a: Florges|spd|1
|
|-heal|p1a: Florges|100/100|[from] item: Leftovers
|upkeep
|turn|10
|
|t:|1778504501
|move|p2a: Ribombee|Light Screen|p2a: Ribombee
|-sidestart|p2: saiyanromeo|move: Light Screen
|move|p1a: Florges|Calm Mind|p1a: Florges
|-boost|p1a: Florges|spa|1
|-boost|p1a: Florges|spd|1
|
|upkeep
|turn|11
|
|t:|1778504508
|move|p2a: Ribombee|Reflect|p2a: Ribombee
|-sidestart|p2: saiyanromeo|Reflect
|move|p1a: Florges|Calm Mind|p1a: Florges
|-boost|p1a: Florges|spa|1
|-boost|p1a: Florges|spd|1
|
|upkeep
|turn|12
|
|t:|1778504515
|move|p2a: Ribombee|Moonblast|p1a: Florges
|-damage|p1a: Florges|93/100
|move|p1a: Florges|Calm Mind|p1a: Florges
|-boost|p1a: Florges|spa|1
|-boost|p1a: Florges|spd|1
|
|-heal|p1a: Florges|99/100|[from] item: Leftovers
|upkeep
|turn|13
|
|t:|1778504524
|move|p2a: Ribombee|Moonblast|p1a: Florges
|-damage|p1a: Florges|93/100
|-unboost|p1a: Florges|spa|1
|move|p1a: Florges|Calm Mind|p1a: Florges
|-boost|p1a: Florges|spa|1
|-boost|p1a: Florges|spd|0
|
|-heal|p1a: Florges|99/100|[from] item: Leftovers
|upkeep
|turn|14
|
|t:|1778504534
|switch|p2a: Flareon|Flareon, F|100/100
|-activate|p2a: Flareon|move: Sticky Web
|-unboost|p2a: Flareon|spe|1
|move|p1a: Florges|Moonblast|p2a: Flareon
|-resisted|p2a: Flareon
|-damage|p2a: Flareon|56/100
|
|-heal|p1a: Florges|100/100|[from] item: Leftovers
|-sideend|p2: saiyanromeo|move: Light Screen
|-status|p2a: Flareon|tox|[from] item: Toxic Orb
|upkeep
|turn|15
|
|t:|1778504547
|move|p2a: Flareon|Facade|p1a: Florges
|-damage|p1a: Florges|0 fnt
|faint|p1a: Florges
|
|-damage|p2a: Flareon|50/100 tox|[from] psn
|-sideend|p2: saiyanromeo|Reflect
|upkeep
|
|t:|1778504552
|switch|p1a: Galvantula|Galvantula, M|22/100
|-activate|p1a: Galvantula|move: Sticky Web
|-unboost|p1a: Galvantula|spe|1
|turn|16
|
|t:|1778504559
|switch|p2a: Ribombee|Ribombee, F|40/100 par
|-activate|p2a: Ribombee|move: Sticky Web
|-unboost|p2a: Ribombee|spe|1
|move|p1a: Galvantula|Bug Buzz|p2a: Ribombee
|-resisted|p2a: Ribombee
|-damage|p2a: Ribombee|6/100 par
|
|upkeep
|turn|17
|
|t:|1778504568
|move|p1a: Galvantula|Bug Buzz|p2a: Ribombee
|-resisted|p2a: Ribombee
|-damage|p2a: Ribombee|0 fnt
|faint|p2a: Ribombee
|
|upkeep
|
|t:|1778504574
|switch|p2a: Salamence|Salamence, F|100/100
|turn|18
|
|t:|1778504579
|move|p2a: Salamence|Dual Wingbeat|p1a: Galvantula
|-damage|p1a: Galvantula|0 fnt
|faint|p1a: Galvantula
|-ability|p2a: Salamence|Moxie|boost
|-boost|p2a: Salamence|atk|1
|-hitcount|p1: Galvantula|1
|
|upkeep
|
|t:|1778504586
|switch|p1a: Gliscor|Gliscor, M|100/100
|turn|19
|
|t:|1778504609
|-terastallize|p2a: Salamence|Dragon
|move|p2a: Salamence|Dragon Claw|p1a: Gliscor
|-damage|p1a: Gliscor|45/100
|move|p1a: Gliscor|Swords Dance|p1a: Gliscor
|-boost|p1a: Gliscor|atk|2
|
|-status|p1a: Gliscor|tox|[from] item: Toxic Orb
|upkeep
|turn|20
|
|t:|1778504619
|move|p1a: Gliscor|Protect|p1a: Gliscor
|-singleturn|p1a: Gliscor|Protect
|move|p2a: Salamence|Dragon Claw|p1a: Gliscor
|-activate|p1a: Gliscor|move: Protect
|
|-heal|p1a: Gliscor|58/100 tox|[from] ability: Poison Heal
|upkeep
|turn|21
|
|t:|1778504629
|move|p2a: Salamence|Dragon Claw|p1a: Gliscor
|-damage|p1a: Gliscor|0 fnt
|faint|p1a: Gliscor
|-ability|p2a: Salamence|Moxie|boost
|-boost|p2a: Salamence|atk|1
|
|upkeep
|
|t:|1778504634
|switch|p1a: Dondozo|Dondozo, F|100/100
|-activate|p1a: Dondozo|move: Sticky Web
|-unboost|p1a: Dondozo|spe|1
|turn|22
|
|t:|1778504643
|move|p2a: Salamence|Dragon Claw|p1a: Dondozo
|-damage|p1a: Dondozo|72/100
|move|p1a: Dondozo|Curse|p1a: Dondozo
|-unboost|p1a: Dondozo|spe|1
|-boost|p1a: Dondozo|atk|1
|-boost|p1a: Dondozo|def|1
|
|-heal|p1a: Dondozo|78/100|[from] item: Leftovers
|upkeep
|turn|23
|
|t:|1778504669
|switch|p2a: Glimmora|Glimmora, M|100/100
|-activate|p2a: Glimmora|move: Sticky Web
|-unboost|p2a: Glimmora|spe|1
|move|p1a: Dondozo|Curse|p1a: Dondozo
|-unboost|p1a: Dondozo|spe|1
|-boost|p1a: Dondozo|atk|1
|-boost|p1a: Dondozo|def|1
|
|-heal|p1a: Dondozo|84/100|[from] item: Leftovers
|upkeep
|turn|24
|
|t:|1778504681
|move|p2a: Glimmora|Meteor Beam||[still]
|-prepare|p2a: Glimmora|Meteor Beam
|-boost|p2a: Glimmora|spa|1
|-enditem|p2a: Glimmora|Power Herb
|-anim|p2a: Glimmora|Meteor Beam|p1a: Dondozo
|-damage|p1a: Dondozo|22/100
|move|p1a: Dondozo|Liquidation|p2a: Glimmora
|-supereffective|p2a: Glimmora
|-damage|p2a: Glimmora|0 fnt
|-activate|p2a: Glimmora|ability: Toxic Debris
|-sidestart|p1: nightbarbarian|move: Toxic Spikes
|faint|p2a: Glimmora
|
|-heal|p1a: Dondozo|28/100|[from] item: Leftovers
|upkeep
|inactive|saiyanromeo has 120 seconds left.
|
|t:|1778504696
|switch|p2a: Empoleon|Empoleon, F|100/100
|-activate|p2a: Empoleon|move: Sticky Web
|-unboost|p2a: Empoleon|spe|1
|-ability|p2a: Empoleon|Competitive|boost
|-boost|p2a: Empoleon|spa|2
|turn|25
|inactive|saiyanromeo has 120 seconds left.
|
|t:|1778504709
|move|p2a: Empoleon|Flash Cannon|p1a: Dondozo
|-resisted|p1a: Dondozo
|-damage|p1a: Dondozo|10/100
|move|p1a: Dondozo|Body Press|p2a: Empoleon
|-supereffective|p2a: Empoleon
|-damage|p2a: Empoleon|0 fnt
|faint|p2a: Empoleon
|
|-heal|p1a: Dondozo|16/100|[from] item: Leftovers
|upkeep
|inactive|saiyanromeo has 120 seconds left.
|
|t:|1778504719
|switch|p2a: Rillaboom|Rillaboom, M|100/100
|-activate|p2a: Rillaboom|move: Sticky Web
|-unboost|p2a: Rillaboom|spe|1
|-fieldstart|move: Grassy Terrain|[from] ability: Grassy Surge|[of] p2a: Rillaboom
|turn|26
|
|t:|1778504728
|-terastallize|p1a: Dondozo|Fighting
|move|p2a: Rillaboom|Wood Hammer|p1a: Dondozo
|-damage|p1a: Dondozo|0 fnt
|faint|p1a: Dondozo
|-damage|p2a: Rillaboom|93/100|[from] Recoil
|
|-heal|p2a: Rillaboom|99/100|[from] Grassy Terrain
|upkeep
|
|t:|1778504745
|switch|p1a: Arcanine|Arcanine-Hisui, M|100/100
|-activate|p1a: Arcanine|move: Sticky Web
|-unboost|p1a: Arcanine|spe|1
|-status|p1a: Arcanine|psn
|turn|27
|
|t:|1778504753
|move|p2a: Rillaboom|Grassy Glide|p1a: Arcanine
|-damage|p1a: Arcanine|59/100 psn
|move|p1a: Arcanine|Flare Blitz|p2a: Rillaboom
|-supereffective|p2a: Rillaboom
|-damage|p2a: Rillaboom|0 fnt
|faint|p2a: Rillaboom
|-damage|p1a: Arcanine|49/100 psn|[from] item: Life Orb
|
|-heal|p1a: Arcanine|55/100 psn|[from] Grassy Terrain
|-damage|p1a: Arcanine|42/100 psn|[from] psn
|upkeep
|
|t:|1778504772
|switch|p2a: Salamence|Salamence, F, tera:Dragon|100/100
|-activate|p2a: Salamence|move: Sticky Web
|-unboost|p2a: Salamence|spe|1
|turn|28
|
|t:|1778504787
|move|p1a: Arcanine|Extreme Speed|p2a: Salamence
|-damage|p2a: Salamence|62/100
|-damage|p1a: Arcanine|32/100 psn|[from] item: Life Orb
|move|p2a: Salamence|Dragon Claw|p1a: Arcanine
|-damage|p1a: Arcanine|0 fnt
|faint|p1a: Arcanine
|-ability|p2a: Salamence|Moxie|boost
|-boost|p2a: Salamence|atk|1
|
|-heal|p2a: Salamence|68/100|[from] Grassy Terrain
|upkeep
|
|t:|1778504791
|switch|p1a: Zoroark|Zoroark-Hisui, F|100/100
|-activate|p1a: Zoroark|move: Sticky Web
|-unboost|p1a: Zoroark|spe|1
|-status|p1a: Zoroark|psn
|turn|29
|
|t:|1778504808
|move|p1a: Zoroark|Hyper Voice|p2a: Salamence
|-damage|p2a: Salamence|12/100
|move|p2a: Salamence|Dragon Claw|p1a: Zoroark
|-damage|p1a: Zoroark|0 fnt
|faint|p1a: Zoroark
|
|win|saiyanromeo
|raw|nightbarbarian's rating: 1184 &rarr; <strong>1153</strong><br />(-31 for losing)
|raw|saiyanromeo's rating: 1105 &rarr; <strong>1136</strong><br />(+31 for winning)
|l|☆nightbarbarian
|player|p1|
|l|☆saiyanromeo
|player|p2|
