|html|<div class="broadcast-blue"><strong>[Gen 9] OU is currently suspecting Tera Blast! For information on how to participate check out the <a href="https://www.smogon.com/tools/suspects/view/200">suspect thread</a>.</strong></div>
|j|☆w33df1sh
|j|☆thebambi1234
|t:|1776035678
|gametype|singles
|player|p1|w33df1sh|colress|1457
|player|p2|thebambi1234|blackbelt-gen4dp|1609
|gen|9
|tier|[Gen 9] OU
|rated|
|rule|HP Percentage Mod: HP is shown in percentages
|rule|Endless Battle Clause: Forcing endless battles is banned
|rule|Species Clause: Limit one of each Pokémon
|rule|OHKO Clause: OHKO moves are banned
|rule|Evasion Items Clause: Evasion items are banned
|rule|Evasion Moves Clause: Evasion moves are banned
|rule|Evasion Abilities Clause: Evasion abilities are banned
|rule|Sleep Moves Clause: Sleep-inducing moves are banned
|clearpoke
|poke|p1|Lokix, F|
|poke|p1|Cinderace, M|
|poke|p1|Great Tusk|
|poke|p1|Alomomola, M|
|poke|p1|Enamorus, F|
|poke|p1|Slowking-Galar, F|
|poke|p2|Gliscor, M|
|poke|p2|Clefable, M|
|poke|p2|Dondozo, F|
|poke|p2|Corviknight, M|
|poke|p2|Blissey, F|
|poke|p2|Glimmora, F|
|teampreview
|inactive|Battle timer is ON: inactive players will automatically lose when time's up. (requested by thebambi1234)
|j| couchthulhu
|
|t:|1776035704
|teamsize|p1|6
|teamsize|p2|6
|start
|switch|p1a: Lokix|Lokix, F|100/100
|switch|p2a: Glimmora|Glimmora, F|100/100
|turn|1
|
|t:|1776035709
|move|p1a: Lokix|U-turn|p2a: Glimmora
|-resisted|p2a: Glimmora
|-damage|p2a: Glimmora|68/100
|
|t:|1776035717
|switch|p1a: Slowking|Slowking-Galar, F|100/100|[from] U-turn
|move|p2a: Glimmora|Toxic|p1a: Slowking
|-status|p1a: Slowking|tox
|
|-heal|p2a: Glimmora|74/100|[from] item: Leftovers
|-damage|p1a: Slowking|94/100 tox|[from] psn
|upkeep
|turn|2
|
|t:|1776035727
|move|p2a: Glimmora|Spiky Shield|p2a: Glimmora
|-singleturn|p2a: Glimmora|move: Protect
|move|p1a: Slowking|Future Sight|p2a: Glimmora
|-start|p1a: Slowking|move: Future Sight
|
|-heal|p2a: Glimmora|80/100|[from] item: Leftovers
|-damage|p1a: Slowking|82/100 tox|[from] psn
|upkeep
|turn|3
|
|t:|1776035733
|move|p2a: Glimmora|Stealth Rock|p1a: Slowking
|-sidestart|p1: w33df1sh|move: Stealth Rock
|-prepare|p1a: Slowking|Chilly Reception|[premajor]
|move|p1a: Slowking|Chilly Reception|p1a: Slowking
|-weather|Snowscape
|
|t:|1776035741
|switch|p1a: Cinderace|Cinderace, M|100/100|[from] Chilly Reception
|
|-weather|Snowscape|[upkeep]
|-heal|p2a: Glimmora|86/100|[from] item: Leftovers
|upkeep
|turn|4
|
|t:|1776035757
|-terastallize|p2a: Glimmora|Flying
|move|p1a: Cinderace|Will-O-Wisp|p2a: Glimmora
|-status|p2a: Glimmora|brn
|move|p2a: Glimmora|Mortal Spin|p1a: Cinderace
|-damage|p1a: Cinderace|96/100
|-status|p1a: Cinderace|psn
|
|-weather|Snowscape|[upkeep]
|-end|p2a: Glimmora|move: Future Sight
|-damage|p2a: Glimmora|35/100 brn
|-heal|p2a: Glimmora|41/100 brn|[from] item: Leftovers
|-damage|p1a: Cinderace|84/100 psn|[from] psn
|-damage|p2a: Glimmora|35/100 brn|[from] brn
|upkeep
|turn|5
|
|t:|1776035766
|move|p2a: Glimmora|Spiky Shield|p2a: Glimmora
|-singleturn|p2a: Glimmora|move: Protect
|move|p1a: Cinderace|Pyro Ball|p2a: Glimmora
|-activate|p2a: Glimmora|move: Protect
|
|-weather|Snowscape|[upkeep]
|-heal|p2a: Glimmora|41/100 brn|[from] item: Leftovers
|-damage|p1a: Cinderace|72/100 psn|[from] psn
|-damage|p2a: Glimmora|35/100 brn|[from] brn
|upkeep
|turn|6
|
|t:|1776035775
|switch|p2a: Gliscor|Gliscor, M|100/100
|move|p1a: Cinderace|Pyro Ball|p2a: Gliscor|[miss]
|-miss|p1a: Cinderace|p2a: Gliscor
|
|-weather|Snowscape|[upkeep]
|-damage|p1a: Cinderace|59/100 psn|[from] psn
|-status|p2a: Gliscor|tox|[from] item: Toxic Orb
|upkeep
|turn|7
|
|t:|1776035785
|move|p1a: Cinderace|Court Change|p1a: Cinderace
|-swapsideconditions
|-activate|p1a: Cinderace|move: Court Change
|move|p2a: Gliscor|Knock Off|p1a: Cinderace
|-damage|p1a: Cinderace|33/100 psn
|-enditem|p1a: Cinderace|Heavy-Duty Boots|[from] move: Knock Off|[of] p2a: Gliscor
|
|-weather|none
|-damage|p1a: Cinderace|21/100 psn|[from] psn
|upkeep
|turn|8
|
|t:|1776035792
|move|p2a: Gliscor|Protect|p2a: Gliscor
|-singleturn|p2a: Gliscor|Protect
|move|p1a: Cinderace|U-turn|p2a: Gliscor
|-activate|p2a: Gliscor|move: Protect
|
|-damage|p1a: Cinderace|8/100 psn|[from] psn
|upkeep
|turn|9
|
|t:|1776035798
|move|p1a: Cinderace|U-turn|p2a: Gliscor
|-resisted|p2a: Gliscor
|-damage|p2a: Gliscor|95/100 tox
|
|t:|1776035816
|switch|p1a: Alomomola|Alomomola, M|100/100|[from] U-turn
|move|p2a: Gliscor|Knock Off|p1a: Alomomola
|-damage|p1a: Alomomola|84/100
|-enditem|p1a: Alomomola|Assault Vest|[from] move: Knock Off|[of] p2a: Gliscor
|
|-heal|p2a: Gliscor|100/100 tox|[from] ability: Poison Heal
|upkeep
|turn|10
|
|t:|1776035826
|move|p2a: Gliscor|Toxic|p1a: Alomomola
|-status|p1a: Alomomola|tox
|move|p1a: Alomomola|Flip Turn|p2a: Gliscor
|-supereffective|p2a: Gliscor
|-damage|p2a: Gliscor|80/100 tox
|
|t:|1776035828
|switch|p1a: Slowking|Slowking-Galar, F|100/100 tox|[from] Flip Turn
|
|-heal|p2a: Gliscor|93/100 tox|[from] ability: Poison Heal
|-damage|p1a: Slowking|94/100 tox|[from] psn
|upkeep
|turn|11
|
|t:|1776035835
|move|p2a: Gliscor|Protect|p2a: Gliscor
|-singleturn|p2a: Gliscor|Protect
|move|p1a: Slowking|Ice Beam|p2a: Gliscor
|-activate|p2a: Gliscor|move: Protect
|
|-heal|p2a: Gliscor|100/100 tox|[from] ability: Poison Heal
|-damage|p1a: Slowking|82/100 tox|[from] psn
|upkeep
|turn|12
|
|t:|1776035840
|switch|p2a: Blissey|Blissey, F|100/100
|-damage|p2a: Blissey|88/100|[from] Stealth Rock
|move|p1a: Slowking|Ice Beam|p2a: Blissey
|-damage|p2a: Blissey|82/100
|
|-heal|p2a: Blissey|88/100|[from] item: Leftovers
|-damage|p1a: Slowking|64/100 tox|[from] psn
|upkeep
|turn|13
|
|t:|1776035843
|switch|p1a: Alomomola|Alomomola, M|100/100 tox
|move|p2a: Blissey|Heal Bell|p2a: Blissey
|-activate|p2a: Blissey|move: Heal Bell
|-curestatus|p2: Gliscor|tox|[msg]
|-curestatus|p2: Glimmora|brn|[msg]
|
|-heal|p2a: Blissey|94/100|[from] item: Leftovers
|-damage|p1a: Alomomola|94/100 tox|[from] psn
|upkeep
|turn|14
|
|t:|1776035853
|switch|p2a: Corviknight|Corviknight, M|100/100
|-damage|p2a: Corviknight|88/100|[from] Stealth Rock
|-ability|p2a: Corviknight|Pressure
|move|p1a: Alomomola|Flip Turn|p2a: Corviknight
|-damage|p2a: Corviknight|78/100
|
|t:|1776035870
|switch|p1a: Enamorus|Enamorus, F|100/100|[from] Flip Turn
|
|-heal|p2a: Corviknight|84/100|[from] item: Leftovers
|upkeep
|turn|15
|
|t:|1776035879
|switch|p1a: Lokix|Lokix, F|100/100
|switch|p2a: Clefable|Clefable, M|100/100
|-damage|p2a: Clefable|88/100|[from] Stealth Rock
|
|upkeep
|turn|16
|inactive|w33df1sh has 120 seconds left.
|
|t:|1776035912
|-terastallize|p1a: Lokix|Bug
|move|p1a: Lokix|Leech Life|p2a: Clefable
|-resisted|p2a: Clefable
|-crit|p2a: Clefable
|-damage|p2a: Clefable|0 fnt
|faint|p2a: Clefable
|
|upkeep
|
|t:|1776035918
|switch|p2a: Gliscor|Gliscor, M|100/100
|-damage|p2a: Gliscor|88/100|[from] Stealth Rock
|turn|17
|
|t:|1776035924
|switch|p1a: Alomomola|Alomomola, M|100/100 tox
|move|p2a: Gliscor|Protect||[still]
|-fail|p2a: Gliscor
|
|-damage|p1a: Alomomola|94/100 tox|[from] psn
|-status|p2a: Gliscor|tox|[from] item: Toxic Orb
|upkeep
|turn|18
|
|t:|1776035931
|move|p2a: Gliscor|Earthquake|p1a: Alomomola
|-damage|p1a: Alomomola|68/100 tox
|move|p1a: Alomomola|Flip Turn|p2a: Gliscor
|-supereffective|p2a: Gliscor
|-damage|p2a: Gliscor|68/100 tox
|
|t:|1776035933
|switch|p1a: Slowking|Slowking-Galar, F|97/100 tox|[from] Flip Turn
|
|-heal|p2a: Gliscor|80/100 tox|[from] ability: Poison Heal
|-damage|p1a: Slowking|91/100 tox|[from] psn
|upkeep
|turn|19
|
|t:|1776035937
|switch|p2a: Corviknight|Corviknight, M|84/100
|-damage|p2a: Corviknight|72/100|[from] Stealth Rock
|-ability|p2a: Corviknight|Pressure
|-prepare|p1a: Slowking|Chilly Reception|[premajor]
|move|p1a: Slowking|Chilly Reception|p1a: Slowking
|-weather|Snowscape
|
|t:|1776035951
|switch|p1a: Lokix|Lokix, F, tera:Bug|100/100|[from] Chilly Reception
|
|-weather|Snowscape|[upkeep]
|-heal|p2a: Corviknight|78/100|[from] item: Leftovers
|upkeep
|turn|20
|
|t:|1776035955
|move|p1a: Lokix|U-turn|p2a: Corviknight
|-resisted|p2a: Corviknight
|-damage|p2a: Corviknight|58/100
|
|t:|1776035959
|switch|p1a: Alomomola|Alomomola, M|100/100 tox|[from] U-turn
|move|p2a: Corviknight|Roost|p2a: Corviknight
|-heal|p2a: Corviknight|100/100
|-singleturn|p2a: Corviknight|move: Roost
|
|-weather|Snowscape|[upkeep]
|-damage|p1a: Alomomola|94/100 tox|[from] psn
|upkeep
|turn|21
|
|t:|1776035962
|move|p2a: Corviknight|Defog|p1a: Alomomola
|-unboost|p1a: Alomomola|evasion|1
|-sideend|p2: thebambi1234|Stealth Rock|[from] move: Defog|[of] p2a: Corviknight
|move|p1a: Alomomola|Flip Turn|p2a: Corviknight
|-damage|p2a: Corviknight|90/100
|
|t:|1776035965
|switch|p1a: Lokix|Lokix, F, tera:Bug|100/100|[from] Flip Turn
|
|-weather|Snowscape|[upkeep]
|-heal|p2a: Corviknight|96/100|[from] item: Leftovers
|upkeep
|turn|22
|
|t:|1776035968
|move|p1a: Lokix|U-turn|p2a: Corviknight
|-resisted|p2a: Corviknight
|-crit|p2a: Corviknight
|-damage|p2a: Corviknight|67/100
|
|t:|1776035971
|switch|p1a: Alomomola|Alomomola, M|100/100 tox|[from] U-turn
|move|p2a: Corviknight|U-turn|p1a: Alomomola
|-damage|p1a: Alomomola|89/100 tox
|
|t:|1776035981
|switch|p2a: Glimmora|Glimmora, F, tera:Flying|35/100|[from] U-turn
|
|-weather|Snowscape|[upkeep]
|-heal|p2a: Glimmora|41/100|[from] item: Leftovers
|-damage|p1a: Alomomola|83/100 tox|[from] psn
|upkeep
|turn|23
|
|t:|1776035994
|switch|p1a: Slowking|Slowking-Galar, F|100/100 tox
|move|p2a: Glimmora|Spiky Shield||[still]
|-fail|p2a: Glimmora
|
|-weather|none
|-heal|p2a: Glimmora|48/100|[from] item: Leftovers
|-damage|p1a: Slowking|94/100 tox|[from] psn
|upkeep
|turn|24
|
|t:|1776036002
|switch|p2a: Blissey|Blissey, F|94/100
|move|p1a: Slowking|Ice Beam|p2a: Blissey
|-damage|p2a: Blissey|88/100
|
|-heal|p2a: Blissey|94/100|[from] item: Leftovers
|-damage|p1a: Slowking|82/100 tox|[from] psn
|upkeep
|turn|25
|
|t:|1776036010
|move|p2a: Blissey|Flamethrower|p1a: Slowking
|-damage|p1a: Slowking|70/100 tox
|move|p1a: Slowking|Future Sight|p2a: Blissey
|-start|p1a: Slowking|move: Future Sight
|
|-heal|p2a: Blissey|99/100|[from] item: Leftovers
|-damage|p1a: Slowking|51/100 tox|[from] psn
|upkeep
|turn|26
|
|t:|1776036014
|switch|p2a: Corviknight|Corviknight, M|67/100
|-ability|p2a: Corviknight|Pressure
|-prepare|p1a: Slowking|Chilly Reception|[premajor]
|move|p1a: Slowking|Chilly Reception|p1a: Slowking
|-weather|Snowscape
|
|t:|1776036016
|switch|p1a: Lokix|Lokix, F, tera:Bug|100/100|[from] Chilly Reception
|
|-weather|Snowscape|[upkeep]
|-heal|p2a: Corviknight|73/100|[from] item: Leftovers
|upkeep
|turn|27
|
|t:|1776036019
|move|p1a: Lokix|U-turn|p2a: Corviknight
|-resisted|p2a: Corviknight
|-damage|p2a: Corviknight|53/100
|
|t:|1776036022
|switch|p1a: Alomomola|Alomomola, M|100/100 tox|[from] U-turn
|move|p2a: Corviknight|Roost|p2a: Corviknight
|-heal|p2a: Corviknight|100/100
|-singleturn|p2a: Corviknight|move: Roost
|
|-weather|Snowscape|[upkeep]
|-end|p2a: Corviknight|move: Future Sight
|-resisted|p2a: Corviknight
|-damage|p2a: Corviknight|78/100
|-heal|p2a: Corviknight|84/100|[from] item: Leftovers
|-damage|p1a: Alomomola|94/100 tox|[from] psn
|upkeep
|turn|28
|
|t:|1776036027
|move|p2a: Corviknight|U-turn|p1a: Alomomola
|-damage|p1a: Alomomola|83/100 tox
|
|t:|1776036032
|switch|p2a: Dondozo|Dondozo, F|100/100|[from] U-turn
|move|p1a: Alomomola|Flip Turn|p2a: Dondozo
|-resisted|p2a: Dondozo
|-damage|p2a: Dondozo|97/100
|
|t:|1776036043
|switch|p1a: Slowking|Slowking-Galar, F|85/100 tox|[from] Flip Turn
|
|-weather|Snowscape|[upkeep]
|-heal|p2a: Dondozo|100/100|[from] item: Leftovers
|-damage|p1a: Slowking|78/100 tox|[from] psn
|upkeep
|turn|29
|
|t:|1776036051
|switch|p2a: Gliscor|Gliscor, M|80/100 tox
|move|p1a: Slowking|Future Sight|p2a: Gliscor
|-start|p1a: Slowking|move: Future Sight
|
|-weather|Snowscape|[upkeep]
|-heal|p2a: Gliscor|93/100 tox|[from] ability: Poison Heal
|-damage|p1a: Slowking|66/100 tox|[from] psn
|upkeep
|turn|30
|
|t:|1776036058
|move|p2a: Gliscor|Earthquake|p1a: Slowking
|-supereffective|p1a: Slowking
|-enditem|p1a: Slowking|Shuca Berry|[eat]
|-enditem|p1a: Slowking|Shuca Berry|[weaken]
|-damage|p1a: Slowking|42/100 tox
|-prepare|p1a: Slowking|Chilly Reception|[premajor]
|move|p1a: Slowking|Chilly Reception|p1a: Slowking
|
|t:|1776036064
|switch|p1a: Alomomola|Alomomola, M|100/100 tox|[from] Chilly Reception
|
|-weather|none
|-heal|p2a: Gliscor|100/100 tox|[from] ability: Poison Heal
|-damage|p1a: Alomomola|94/100 tox|[from] psn
|upkeep
|turn|31
|
|t:|1776036070
|switch|p2a: Corviknight|Corviknight, M|84/100
|-ability|p2a: Corviknight|Pressure
|move|p1a: Alomomola|Flip Turn|p2a: Corviknight
|-damage|p2a: Corviknight|75/100
|
|t:|1776036074
|switch|p1a: Lokix|Lokix, F, tera:Bug|100/100|[from] Flip Turn
|
|-end|p2a: Corviknight|move: Future Sight
|-resisted|p2a: Corviknight
|-damage|p2a: Corviknight|55/100
|-heal|p2a: Corviknight|61/100|[from] item: Leftovers
|upkeep
|turn|32
|
|t:|1776036078
|move|p1a: Lokix|U-turn|p2a: Corviknight
|-resisted|p2a: Corviknight
|-damage|p2a: Corviknight|41/100
|
|t:|1776036084
|switch|p1a: Alomomola|Alomomola, M|100/100 tox|[from] U-turn
|move|p2a: Corviknight|Roost|p2a: Corviknight
|-heal|p2a: Corviknight|91/100
|-singleturn|p2a: Corviknight|move: Roost
|
|-heal|p2a: Corviknight|97/100|[from] item: Leftovers
|-damage|p1a: Alomomola|94/100 tox|[from] psn
|upkeep
|turn|33
|
|t:|1776036087
|move|p2a: Corviknight|U-turn|p1a: Alomomola
|-damage|p1a: Alomomola|83/100 tox
|
|t:|1776036089
|switch|p2a: Gliscor|Gliscor, M|100/100 tox|[from] U-turn
|move|p1a: Alomomola|Flip Turn|p2a: Gliscor
|-supereffective|p2a: Gliscor
|-damage|p2a: Gliscor|80/100 tox
|
|t:|1776036096
|switch|p1a: Lokix|Lokix, F, tera:Bug|100/100|[from] Flip Turn
|
|-heal|p2a: Gliscor|93/100 tox|[from] ability: Poison Heal
|upkeep
|turn|34
|
|t:|1776036099
|move|p2a: Gliscor|Protect|p2a: Gliscor
|-singleturn|p2a: Gliscor|Protect
|move|p1a: Lokix|U-turn|p2a: Gliscor
|-activate|p2a: Gliscor|move: Protect
|
|-heal|p2a: Gliscor|100/100 tox|[from] ability: Poison Heal
|upkeep
|turn|35
|
|t:|1776036105
|move|p1a: Lokix|U-turn|p2a: Gliscor
|-resisted|p2a: Gliscor
|-damage|p2a: Gliscor|62/100 tox
|
|t:|1776036109
|switch|p1a: Alomomola|Alomomola, M|100/100 tox|[from] U-turn
|move|p2a: Gliscor|Knock Off|p1a: Alomomola
|-damage|p1a: Alomomola|90/100 tox
|
|-heal|p2a: Gliscor|74/100 tox|[from] ability: Poison Heal
|-damage|p1a: Alomomola|84/100 tox|[from] psn
|upkeep
|turn|36
|
|t:|1776036116
|move|p2a: Gliscor|Protect|p2a: Gliscor
|-singleturn|p2a: Gliscor|Protect
|move|p1a: Alomomola|Flip Turn|p2a: Gliscor
|-activate|p2a: Gliscor|move: Protect
|
|-heal|p2a: Gliscor|86/100 tox|[from] ability: Poison Heal
|-damage|p1a: Alomomola|72/100 tox|[from] psn
|upkeep
|turn|37
|
|t:|1776036119
|move|p2a: Gliscor|Earthquake|p1a: Alomomola
|-damage|p1a: Alomomola|48/100 tox
|move|p1a: Alomomola|Flip Turn|p2a: Gliscor
|-supereffective|p2a: Gliscor
|-damage|p2a: Gliscor|64/100 tox
|
|t:|1776036122
|switch|p1a: Lokix|Lokix, F, tera:Bug|100/100|[from] Flip Turn
|
|-heal|p2a: Gliscor|77/100 tox|[from] ability: Poison Heal
|upkeep
|turn|38
|
|t:|1776036133
|move|p2a: Gliscor|Protect|p2a: Gliscor
|-singleturn|p2a: Gliscor|Protect
|move|p1a: Lokix|U-turn|p2a: Gliscor
|-activate|p2a: Gliscor|move: Protect
|
|-heal|p2a: Gliscor|89/100 tox|[from] ability: Poison Heal
|upkeep
|turn|39
|
|t:|1776036138
|move|p1a: Lokix|U-turn|p2a: Gliscor
|-resisted|p2a: Gliscor
|-damage|p2a: Gliscor|44/100 tox
|
|t:|1776036140
|switch|p1a: Alomomola|Alomomola, M|81/100 tox|[from] U-turn
|move|p2a: Gliscor|Earthquake|p1a: Alomomola
|-damage|p1a: Alomomola|56/100 tox
|
|-heal|p2a: Gliscor|56/100 tox|[from] ability: Poison Heal
|-damage|p1a: Alomomola|50/100 tox|[from] psn
|upkeep
|turn|40
|
|t:|1776036144
|move|p2a: Gliscor|Protect|p2a: Gliscor
|-singleturn|p2a: Gliscor|Protect
|move|p1a: Alomomola|Flip Turn|p2a: Gliscor
|-activate|p2a: Gliscor|move: Protect
|
|-heal|p2a: Gliscor|69/100 tox|[from] ability: Poison Heal
|-damage|p1a: Alomomola|38/100 tox|[from] psn
|upkeep
|turn|41
|
|t:|1776036149
|move|p2a: Gliscor|Earthquake|p1a: Alomomola
|-damage|p1a: Alomomola|11/100 tox
|move|p1a: Alomomola|Flip Turn|p2a: Gliscor
|-supereffective|p2a: Gliscor
|-damage|p2a: Gliscor|48/100 tox
|
|t:|1776036152
|switch|p1a: Slowking|Slowking-Galar, F|75/100 tox|[from] Flip Turn
|
|-heal|p2a: Gliscor|60/100 tox|[from] ability: Poison Heal
|-damage|p1a: Slowking|69/100 tox|[from] psn
|upkeep
|turn|42
|
|t:|1776036157
|switch|p2a: Blissey|Blissey, F|99/100
|switch|p1a: Enamorus|Enamorus, F|100/100
|
|-heal|p2a: Blissey|100/100|[from] item: Leftovers
|upkeep
|turn|43
|
|t:|1776036163
|switch|p1a: Alomomola|Alomomola, M|44/100 tox
|switch|p2a: Corviknight|Corviknight, M|97/100
|-ability|p2a: Corviknight|Pressure
|
|-heal|p2a: Corviknight|100/100|[from] item: Leftovers
|-damage|p1a: Alomomola|38/100 tox|[from] psn
|upkeep
|turn|44
|
|t:|1776036168
|switch|p1a: Slowking|Slowking-Galar, F|100/100 tox
|move|p2a: Corviknight|U-turn|p1a: Slowking
|-damage|p1a: Slowking|90/100 tox
|
|t:|1776036170
|switch|p2a: Gliscor|Gliscor, M|60/100 tox|[from] U-turn
|
|-heal|p2a: Gliscor|73/100 tox|[from] ability: Poison Heal
|-damage|p1a: Slowking|84/100 tox|[from] psn
|upkeep
|turn|45
|
|t:|1776036176
|switch|p2a: Corviknight|Corviknight, M|100/100
|-ability|p2a: Corviknight|Pressure
|switch|p1a: Alomomola|Alomomola, M|71/100 tox
|
|-damage|p1a: Alomomola|65/100 tox|[from] psn
|upkeep
|turn|46
|
|t:|1776036183
|move|p2a: Corviknight|U-turn|p1a: Alomomola
|-damage|p1a: Alomomola|53/100 tox
|
|t:|1776036188
|switch|p2a: Dondozo|Dondozo, F|100/100|[from] U-turn
|move|p1a: Alomomola|Flip Turn|p2a: Dondozo
|-resisted|p2a: Dondozo
|-damage|p2a: Dondozo|97/100
|
|t:|1776036191
|switch|p1a: Lokix|Lokix, F, tera:Bug|100/100|[from] Flip Turn
|
|-heal|p2a: Dondozo|100/100|[from] item: Leftovers
|upkeep
|turn|47
|
|t:|1776036199
|move|p1a: Lokix|Knock Off|p2a: Dondozo
|-damage|p2a: Dondozo|71/100
|-enditem|p2a: Dondozo|Leftovers|[from] move: Knock Off|[of] p1a: Lokix
|move|p2a: Dondozo|Curse|p2a: Dondozo
|-unboost|p2a: Dondozo|spe|1
|-boost|p2a: Dondozo|atk|1
|-boost|p2a: Dondozo|def|1
|
|upkeep
|turn|48
|
|t:|1776036207
|switch|p1a: Slowking|Slowking-Galar, F|100/100 tox
|move|p2a: Dondozo|Body Press|p1a: Slowking
|-resisted|p1a: Slowking
|-damage|p1a: Slowking|94/100 tox
|
|-damage|p1a: Slowking|88/100 tox|[from] psn
|upkeep
|turn|49
|
|t:|1776036214
|switch|p2a: Corviknight|Corviknight, M|100/100
|-ability|p2a: Corviknight|Pressure
|move|p1a: Slowking|Future Sight|p2a: Corviknight
|-start|p1a: Slowking|move: Future Sight
|
|-damage|p1a: Slowking|75/100 tox|[from] psn
|upkeep
|turn|50
|
|t:|1776036218
|move|p2a: Corviknight|U-turn|p1a: Slowking
|-damage|p1a: Slowking|64/100 tox
|
|t:|1776036221
|switch|p2a: Gliscor|Gliscor, M|73/100 tox|[from] U-turn
|-prepare|p1a: Slowking|Chilly Reception|[premajor]
|move|p1a: Slowking|Chilly Reception|p1a: Slowking
|-weather|Snowscape
|
|t:|1776036225
|switch|p1a: Lokix|Lokix, F, tera:Bug|100/100|[from] Chilly Reception
|
|-weather|Snowscape|[upkeep]
|-heal|p2a: Gliscor|85/100 tox|[from] ability: Poison Heal
|upkeep
|turn|51
|
|t:|1776036234
|switch|p1a: Enamorus|Enamorus, F|100/100
|switch|p2a: Corviknight|Corviknight, M|100/100
|-ability|p2a: Corviknight|Pressure
|
|-weather|Snowscape|[upkeep]
|-end|p2a: Corviknight|move: Future Sight
|-resisted|p2a: Corviknight
|-damage|p2a: Corviknight|79/100
|-heal|p2a: Corviknight|85/100|[from] item: Leftovers
|upkeep
|turn|52
|
|t:|1776036245
|switch|p1a: Lokix|Lokix, F, tera:Bug|100/100
|move|p2a: Corviknight|U-turn|p1a: Lokix
|-damage|p1a: Lokix|80/100
|
|t:|1776036248
|switch|p2a: Gliscor|Gliscor, M|85/100 tox|[from] U-turn
|
|-weather|Snowscape|[upkeep]
|-heal|p2a: Gliscor|98/100 tox|[from] ability: Poison Heal
|upkeep
|turn|53
|
|t:|1776036255
|move|p1a: Lokix|U-turn|p2a: Gliscor
|-resisted|p2a: Gliscor
|-damage|p2a: Gliscor|58/100 tox
|
|t:|1776036259
|switch|p1a: Alomomola|Alomomola, M|87/100 tox|[from] U-turn
|move|p2a: Gliscor|Toxic|p1a: Alomomola
|-fail|p1a: Alomomola|tox
|
|-weather|Snowscape|[upkeep]
|-heal|p2a: Gliscor|70/100 tox|[from] ability: Poison Heal
|-damage|p1a: Alomomola|80/100 tox|[from] psn
|upkeep
|turn|54
|
|t:|1776036265
|switch|p2a: Corviknight|Corviknight, M|85/100
|-ability|p2a: Corviknight|Pressure
|switch|p1a: Slowking|Slowking-Galar, F|98/100 tox
|
|-weather|none
|-heal|p2a: Corviknight|91/100|[from] item: Leftovers
|-damage|p1a: Slowking|92/100 tox|[from] psn
|upkeep
|turn|55
|
|t:|1776036272
|move|p2a: Corviknight|U-turn|p1a: Slowking
|-damage|p1a: Slowking|81/100 tox
|
|t:|1776036276
|switch|p2a: Dondozo|Dondozo, F|71/100|[from] U-turn
|move|p1a: Slowking|Future Sight|p2a: Dondozo
|-start|p1a: Slowking|move: Future Sight
|
|-damage|p1a: Slowking|69/100 tox|[from] psn
|upkeep
|turn|56
|
|t:|1776036281
|switch|p2a: Corviknight|Corviknight, M|91/100
|-ability|p2a: Corviknight|Pressure
|move|p1a: Slowking|Sludge Bomb|p2a: Corviknight
|-immune|p2a: Corviknight
|
|-heal|p2a: Corviknight|98/100|[from] item: Leftovers
|-damage|p1a: Slowking|51/100 tox|[from] psn
|upkeep
|turn|57
|
|t:|1776036286
|switch|p1a: Alomomola|Alomomola, M|100/100 tox
|move|p2a: Corviknight|U-turn|p1a: Alomomola
|-damage|p1a: Alomomola|90/100 tox
|
|t:|1776036289
|switch|p2a: Blissey|Blissey, F|100/100|[from] U-turn
|
|-end|p2a: Blissey|move: Future Sight
|-damage|p2a: Blissey|88/100
|-heal|p2a: Blissey|94/100|[from] item: Leftovers
|-damage|p1a: Alomomola|83/100 tox|[from] psn
|upkeep
|turn|58
|
|t:|1776036293
|switch|p2a: Corviknight|Corviknight, M|98/100
|-ability|p2a: Corviknight|Pressure
|move|p1a: Alomomola|Flip Turn|p2a: Corviknight
|-damage|p2a: Corviknight|87/100
|
|t:|1776036298
|switch|p1a: Slowking|Slowking-Galar, F|84/100 tox|[from] Flip Turn
|
|-heal|p2a: Corviknight|93/100|[from] item: Leftovers
|-damage|p1a: Slowking|78/100 tox|[from] psn
|upkeep
|turn|59
|
|t:|1776036309
|move|p2a: Corviknight|Body Press|p1a: Slowking
|-resisted|p1a: Slowking
|-damage|p1a: Slowking|74/100 tox
|move|p1a: Slowking|Future Sight|p2a: Corviknight
|-start|p1a: Slowking|move: Future Sight
|
|-heal|p2a: Corviknight|99/100|[from] item: Leftovers
|-damage|p1a: Slowking|62/100 tox|[from] psn
|upkeep
|turn|60
|
|t:|1776036321
|switch|p1a: Alomomola|Alomomola, M|100/100 tox
|move|p2a: Corviknight|U-turn|p1a: Alomomola
|-damage|p1a: Alomomola|89/100 tox
|
|t:|1776036324
|switch|p2a: Gliscor|Gliscor, M|70/100 tox|[from] U-turn
|
|-heal|p2a: Gliscor|82/100 tox|[from] ability: Poison Heal
|-damage|p1a: Alomomola|83/100 tox|[from] psn
|upkeep
|turn|61
|
|t:|1776036336
|switch|p2a: Corviknight|Corviknight, M|99/100
|-ability|p2a: Corviknight|Pressure
|move|p1a: Alomomola|Flip Turn|p2a: Corviknight
|-damage|p2a: Corviknight|89/100
|
|t:|1776036340
|switch|p1a: Lokix|Lokix, F, tera:Bug|80/100|[from] Flip Turn
|
|-end|p2a: Corviknight|move: Future Sight
|-resisted|p2a: Corviknight
|-damage|p2a: Corviknight|67/100
|-heal|p2a: Corviknight|73/100|[from] item: Leftovers
|upkeep
|turn|62
|
|t:|1776036346
|move|p1a: Lokix|U-turn|p2a: Corviknight
|-resisted|p2a: Corviknight
|-damage|p2a: Corviknight|53/100
|
|t:|1776036373
|switch|p1a: Slowking|Slowking-Galar, F|95/100 tox|[from] U-turn
|move|p2a: Corviknight|Roost|p2a: Corviknight
|-heal|p2a: Corviknight|100/100
|-singleturn|p2a: Corviknight|move: Roost
|
|-damage|p1a: Slowking|89/100 tox|[from] psn
|upkeep
|turn|63
|
|t:|1776036381
|move|p2a: Corviknight|Body Press|p1a: Slowking
|-resisted|p1a: Slowking
|-damage|p1a: Slowking|84/100 tox
|-prepare|p1a: Slowking|Chilly Reception|[premajor]
|move|p1a: Slowking|Chilly Reception|p1a: Slowking
|-weather|Snowscape
|
|t:|1776036386
|switch|p1a: Lokix|Lokix, F, tera:Bug|80/100|[from] Chilly Reception
|
|-weather|Snowscape|[upkeep]
|upkeep
|turn|64
|
|t:|1776036390
|move|p1a: Lokix|Knock Off|p2a: Corviknight
|-damage|p2a: Corviknight|61/100
|-enditem|p2a: Corviknight|Leftovers|[from] move: Knock Off|[of] p1a: Lokix
|move|p2a: Corviknight|U-turn|p1a: Lokix
|-damage|p1a: Lokix|60/100
|
|t:|1776036395
|switch|p2a: Gliscor|Gliscor, M|82/100 tox|[from] U-turn
|
|-weather|Snowscape|[upkeep]
|-heal|p2a: Gliscor|95/100 tox|[from] ability: Poison Heal
|upkeep
|turn|65
|
|t:|1776036399
|switch|p1a: Alomomola|Alomomola, M|100/100 tox
|move|p2a: Gliscor|Protect||[still]
|-fail|p2a: Gliscor
|
|-weather|Snowscape|[upkeep]
|-heal|p2a: Gliscor|100/100 tox|[from] ability: Poison Heal
|-damage|p1a: Alomomola|94/100 tox|[from] psn
|upkeep
|turn|66
|
|t:|1776036408
|switch|p2a: Corviknight|Corviknight, M|61/100
|-ability|p2a: Corviknight|Pressure
|move|p1a: Alomomola|Flip Turn|p2a: Corviknight
|-damage|p2a: Corviknight|52/100
|
|t:|1776036410
|switch|p1a: Lokix|Lokix, F, tera:Bug|60/100|[from] Flip Turn
|
|-weather|Snowscape|[upkeep]
|upkeep
|turn|67
|
|t:|1776036415
|switch|p2a: Gliscor|Gliscor, M|100/100 tox
|move|p1a: Lokix|Leech Life|p2a: Gliscor
|-resisted|p2a: Gliscor
|-damage|p2a: Gliscor|55/100 tox
|-heal|p1a: Lokix|88/100|[from] drain|[of] p2a: Gliscor
|
|-weather|none
|-heal|p2a: Gliscor|67/100 tox|[from] ability: Poison Heal
|upkeep
|turn|68
|
|t:|1776036422
|switch|p1a: Alomomola|Alomomola, M|100/100 tox
|move|p2a: Gliscor|Protect||[still]
|-fail|p2a: Gliscor
|
|-heal|p2a: Gliscor|80/100 tox|[from] ability: Poison Heal
|-damage|p1a: Alomomola|94/100 tox|[from] psn
|upkeep
|turn|69
|
|t:|1776036433
|move|p2a: Gliscor|Protect|p2a: Gliscor
|-singleturn|p2a: Gliscor|Protect
|move|p1a: Alomomola|Flip Turn|p2a: Gliscor
|-activate|p2a: Gliscor|move: Protect
|
|-heal|p2a: Gliscor|92/100 tox|[from] ability: Poison Heal
|-damage|p1a: Alomomola|82/100 tox|[from] psn
|upkeep
|turn|70
|
|t:|1776036441
|move|p2a: Gliscor|Earthquake|p1a: Alomomola
|-damage|p1a: Alomomola|58/100 tox
|move|p1a: Alomomola|Flip Turn|p2a: Gliscor
|-supereffective|p2a: Gliscor
|-damage|p2a: Gliscor|72/100 tox
|inactive|w33df1sh has 120 seconds left.
|
|t:|1776036472
|switch|p1a: Lokix|Lokix, F, tera:Bug|88/100|[from] Flip Turn
|
|-heal|p2a: Gliscor|84/100 tox|[from] ability: Poison Heal
|upkeep
|turn|71
|
|t:|1776036479
|move|p1a: Lokix|U-turn|p2a: Gliscor
|-resisted|p2a: Gliscor
|-damage|p2a: Gliscor|43/100 tox
|
|t:|1776036483
|switch|p1a: Alomomola|Alomomola, M|91/100 tox|[from] U-turn
|move|p2a: Gliscor|Knock Off|p1a: Alomomola
|-damage|p1a: Alomomola|80/100 tox
|
|-heal|p2a: Gliscor|55/100 tox|[from] ability: Poison Heal
|-damage|p1a: Alomomola|73/100 tox|[from] psn
|upkeep
|turn|72
|
|t:|1776036490
|switch|p2a: Dondozo|Dondozo, F|71/100
|move|p1a: Alomomola|Flip Turn|p2a: Dondozo
|-resisted|p2a: Dondozo
|-damage|p2a: Dondozo|67/100
|
|t:|1776036494
|switch|p1a: Lokix|Lokix, F, tera:Bug|88/100|[from] Flip Turn
|
|upkeep
|turn|73
|
|t:|1776036501
|move|p1a: Lokix|U-turn|p2a: Dondozo
|-damage|p2a: Dondozo|35/100
|
|t:|1776036503
|switch|p1a: Alomomola|Alomomola, M|100/100 tox|[from] U-turn
|move|p2a: Dondozo|Rest|p2a: Dondozo
|-status|p2a: Dondozo|slp|[from] move: Rest
|-heal|p2a: Dondozo|100/100 slp|[silent]
|
|-damage|p1a: Alomomola|94/100 tox|[from] psn
|upkeep
|turn|74
|
|t:|1776036520
|move|p1a: Alomomola|Flip Turn|p2a: Dondozo
|-resisted|p2a: Dondozo
|-damage|p2a: Dondozo|97/100 slp
|
|t:|1776036526
|switch|p1a: Slowking|Slowking-Galar, F|100/100 tox|[from] Flip Turn
|cant|p2a: Dondozo|slp
|move|p2a: Dondozo|Sleep Talk|p2a: Dondozo
|move|p2a: Dondozo|Body Press|p1a: Slowking|[from] move: Sleep Talk
|-resisted|p1a: Slowking
|-damage|p1a: Slowking|96/100 tox
|
|-damage|p1a: Slowking|90/100 tox|[from] psn
|upkeep
|turn|75
|
|t:|1776036531
|switch|p2a: Corviknight|Corviknight, M|52/100
|-ability|p2a: Corviknight|Pressure
|move|p1a: Slowking|Future Sight|p2a: Corviknight
|-start|p1a: Slowking|move: Future Sight
|
|-damage|p1a: Slowking|77/100 tox|[from] psn
|upkeep
|turn|76
|
|t:|1776036539
|move|p2a: Corviknight|Roost|p2a: Corviknight
|-heal|p2a: Corviknight|100/100
|-singleturn|p2a: Corviknight|move: Roost
|move|p1a: Slowking|Ice Beam|p2a: Corviknight
|-resisted|p2a: Corviknight
|-damage|p2a: Corviknight|90/100
|
|-damage|p1a: Slowking|59/100 tox|[from] psn
|upkeep
|turn|77
|
|t:|1776036544
|switch|p1a: Alomomola|Alomomola, M|100/100 tox
|move|p2a: Corviknight|U-turn|p1a: Alomomola
|-damage|p1a: Alomomola|90/100 tox
|
|t:|1776036546
|switch|p2a: Blissey|Blissey, F|94/100|[from] U-turn
|
|-end|p2a: Blissey|move: Future Sight
|-damage|p2a: Blissey|81/100
|-heal|p2a: Blissey|87/100|[from] item: Leftovers
|-damage|p1a: Alomomola|84/100 tox|[from] psn
|upkeep
|turn|78
|
|t:|1776036550
|switch|p2a: Corviknight|Corviknight, M|90/100
|-ability|p2a: Corviknight|Pressure
|move|p1a: Alomomola|Flip Turn|p2a: Corviknight
|-damage|p2a: Corviknight|79/100
|
|t:|1776036553
|switch|p1a: Slowking|Slowking-Galar, F|92/100 tox|[from] Flip Turn
|
|-damage|p1a: Slowking|86/100 tox|[from] psn
|upkeep
|turn|79
|
|t:|1776036561
|switch|p1a: Alomomola|Alomomola, M|100/100 tox
|move|p2a: Corviknight|U-turn|p1a: Alomomola
|-damage|p1a: Alomomola|90/100 tox
|
|t:|1776036563
|switch|p2a: Gliscor|Gliscor, M|55/100 tox|[from] U-turn
|
|-heal|p2a: Gliscor|68/100 tox|[from] ability: Poison Heal
|-damage|p1a: Alomomola|83/100 tox|[from] psn
|upkeep
|turn|80
|
|t:|1776036567
|switch|p2a: Corviknight|Corviknight, M|79/100
|-ability|p2a: Corviknight|Pressure
|move|p1a: Alomomola|Flip Turn|p2a: Corviknight
|-damage|p2a: Corviknight|70/100
|
|t:|1776036570
|switch|p1a: Slowking|Slowking-Galar, F|100/100 tox|[from] Flip Turn
|
|-damage|p1a: Slowking|94/100 tox|[from] psn
|upkeep
|turn|81
|
|t:|1776036574
|switch|p1a: Alomomola|Alomomola, M|100/100 tox
|move|p2a: Corviknight|Body Press|p1a: Alomomola
|-damage|p1a: Alomomola|80/100 tox
|
|-damage|p1a: Alomomola|74/100 tox|[from] psn
|upkeep
|turn|82
|
|t:|1776036584
|move|p1a: Alomomola|Aqua Jet|p2a: Corviknight
|-damage|p2a: Corviknight|63/100
|move|p2a: Corviknight|Body Press|p1a: Alomomola
|-damage|p1a: Alomomola|54/100 tox
|
|-damage|p1a: Alomomola|42/100 tox|[from] psn
|upkeep
|turn|83
|
|t:|1776036587
|switch|p1a: Slowking|Slowking-Galar, F|100/100 tox
|move|p2a: Corviknight|U-turn|p1a: Slowking
|-damage|p1a: Slowking|90/100 tox
|
|t:|1776036589
|switch|p2a: Gliscor|Gliscor, M|68/100 tox|[from] U-turn
|
|-heal|p2a: Gliscor|80/100 tox|[from] ability: Poison Heal
|-damage|p1a: Slowking|84/100 tox|[from] psn
|upkeep
|turn|84
|
|t:|1776036594
|switch|p2a: Blissey|Blissey, F|87/100
|switch|p1a: Alomomola|Alomomola, M|75/100 tox
|
|-heal|p2a: Blissey|94/100|[from] item: Leftovers
|-damage|p1a: Alomomola|69/100 tox|[from] psn
|upkeep
|turn|85
|
|t:|1776036600
|switch|p1a: Slowking|Slowking-Galar, F|100/100 tox
|move|p2a: Blissey|Seismic Toss|p1a: Slowking
|-damage|p1a: Slowking|75/100 tox
|
|-heal|p2a: Blissey|99/100|[from] item: Leftovers
|-damage|p1a: Slowking|69/100 tox|[from] psn
|upkeep
|turn|86
|
|t:|1776036605
|switch|p1a: Alomomola|Alomomola, M|100/100 tox
|move|p2a: Blissey|Seismic Toss|p1a: Alomomola
|-damage|p1a: Alomomola|82/100 tox
|
|-heal|p2a: Blissey|100/100|[from] item: Leftovers
|-damage|p1a: Alomomola|76/100 tox|[from] psn
|upkeep
|turn|87
|
|t:|1776036610
|switch|p2a: Corviknight|Corviknight, M|63/100
|-ability|p2a: Corviknight|Pressure
|switch|p1a: Slowking|Slowking-Galar, F|100/100 tox
|
|-damage|p1a: Slowking|94/100 tox|[from] psn
|upkeep
|turn|88
|
|t:|1776036622
|switch|p1a: Alomomola|Alomomola, M|100/100 tox
|move|p2a: Corviknight|U-turn|p1a: Alomomola
|-damage|p1a: Alomomola|90/100 tox
|
|t:|1776036625
|switch|p2a: Dondozo|Dondozo, F|97/100 slp|[from] U-turn
|
|-damage|p1a: Alomomola|84/100 tox|[from] psn
|upkeep
|turn|89
|
|t:|1776036638
|switch|p1a: Enamorus|Enamorus, F|100/100
|cant|p2a: Dondozo|slp
|move|p2a: Dondozo|Sleep Talk|p2a: Dondozo
|move|p2a: Dondozo|Curse|p2a: Dondozo|[from] move: Sleep Talk
|-unboost|p2a: Dondozo|spe|1
|-boost|p2a: Dondozo|atk|1
|-boost|p2a: Dondozo|def|1
|
|upkeep
|turn|90
|
|t:|1776036645
|switch|p2a: Blissey|Blissey, F|100/100
|move|p1a: Enamorus|Moonblast|p2a: Blissey
|-crit|p2a: Blissey
|-damage|p2a: Blissey|78/100
|
|-heal|p2a: Blissey|84/100|[from] item: Leftovers
|upkeep
|turn|91
|
|t:|1776036651
|switch|p1a: Alomomola|Alomomola, M|100/100 tox
|switch|p2a: Dondozo|Dondozo, F|97/100 slp
|
|-damage|p1a: Alomomola|94/100 tox|[from] psn
|upkeep
|turn|92
|
|t:|1776036660
|switch|p1a: Enamorus|Enamorus, F|100/100
|switch|p2a: Corviknight|Corviknight, M|63/100
|-ability|p2a: Corviknight|Pressure
|
|upkeep
|turn|93
|
|t:|1776036665
|switch|p1a: Slowking|Slowking-Galar, F|100/100 tox
|switch|p2a: Blissey|Blissey, F|84/100
|
|-heal|p2a: Blissey|90/100|[from] item: Leftovers
|-damage|p1a: Slowking|94/100 tox|[from] psn
|upkeep
|turn|94
|
|t:|1776036675
|switch|p2a: Corviknight|Corviknight, M|63/100
|-ability|p2a: Corviknight|Pressure
|switch|p1a: Alomomola|Alomomola, M|100/100 tox
|
|-damage|p1a: Alomomola|94/100 tox|[from] psn
|upkeep
|turn|95
|
|t:|1776036681
|move|p2a: Corviknight|Roost|p2a: Corviknight
|-heal|p2a: Corviknight|100/100
|-singleturn|p2a: Corviknight|move: Roost
|move|p1a: Alomomola|Body Slam|p2a: Corviknight
|-resisted|p2a: Corviknight
|-damage|p2a: Corviknight|96/100
|-status|p2a: Corviknight|par
|
|-damage|p1a: Alomomola|82/100 tox|[from] psn
|upkeep
|turn|96
|
|t:|1776036685
|switch|p1a: Slowking|Slowking-Galar, F|100/100 tox
|move|p2a: Corviknight|U-turn|p1a: Slowking
|-damage|p1a: Slowking|90/100 tox
|
|t:|1776036689
|switch|p2a: Gliscor|Gliscor, M|80/100 tox|[from] U-turn
|
|-heal|p2a: Gliscor|93/100 tox|[from] ability: Poison Heal
|-damage|p1a: Slowking|84/100 tox|[from] psn
|upkeep
|turn|97
|
|t:|1776036697
|switch|p2a: Blissey|Blissey, F|90/100
|move|p1a: Slowking|Ice Beam|p2a: Blissey
|-damage|p2a: Blissey|84/100
|
|-heal|p2a: Blissey|90/100|[from] item: Leftovers
|-damage|p1a: Slowking|72/100 tox|[from] psn
|upkeep
|turn|98
|
|t:|1776036702
|switch|p1a: Alomomola|Alomomola, M|100/100 tox
|move|p2a: Blissey|Heal Bell|p2a: Blissey
|-activate|p2a: Blissey|move: Heal Bell
|-curestatus|p2: Gliscor|tox|[msg]
|-curestatus|p2: Corviknight|par|[msg]
|-curestatus|p2: Dondozo|slp|[msg]
|
|-heal|p2a: Blissey|96/100|[from] item: Leftovers
|-damage|p1a: Alomomola|94/100 tox|[from] psn
|upkeep
|turn|99
|
|t:|1776036712
|switch|p2a: Corviknight|Corviknight, M|96/100
|-ability|p2a: Corviknight|Pressure
|switch|p1a: Slowking|Slowking-Galar, F|100/100 tox
|
|-damage|p1a: Slowking|94/100 tox|[from] psn
|upkeep
|turn|100
|
|t:|1776036716
|switch|p1a: Alomomola|Alomomola, M|100/100 tox
|move|p2a: Corviknight|U-turn|p1a: Alomomola
|-damage|p1a: Alomomola|90/100 tox
|
|t:|1776036719
|switch|p2a: Gliscor|Gliscor, M|93/100|[from] U-turn
|
|-damage|p1a: Alomomola|83/100 tox|[from] psn
|-status|p2a: Gliscor|tox|[from] item: Toxic Orb
|upkeep
|turn|101
|
|t:|1776036733
|switch|p1a: Slowking|Slowking-Galar, F|100/100 tox
|move|p2a: Gliscor|Knock Off|p1a: Slowking
|-supereffective|p1a: Slowking
|-damage|p1a: Slowking|80/100 tox
|
|-heal|p2a: Gliscor|100/100 tox|[from] ability: Poison Heal
|-damage|p1a: Slowking|74/100 tox|[from] psn
|upkeep
|turn|102
|
|t:|1776036739
|switch|p2a: Corviknight|Corviknight, M|96/100
|-ability|p2a: Corviknight|Pressure
|switch|p1a: Alomomola|Alomomola, M|100/100 tox
|
|-damage|p1a: Alomomola|94/100 tox|[from] psn
|upkeep
|turn|103
|
|t:|1776036741
|switch|p2a: Gliscor|Gliscor, M|100/100 tox
|switch|p1a: Slowking|Slowking-Galar, F|100/100 tox
|
|-damage|p1a: Slowking|94/100 tox|[from] psn
|upkeep
|turn|104
|
|t:|1776036745
|switch|p2a: Corviknight|Corviknight, M|96/100
|-ability|p2a: Corviknight|Pressure
|switch|p1a: Alomomola|Alomomola, M|100/100 tox
|
|-damage|p1a: Alomomola|94/100 tox|[from] psn
|upkeep
|turn|105
|
|t:|1776036748
|switch|p2a: Gliscor|Gliscor, M|100/100 tox
|switch|p1a: Slowking|Slowking-Galar, F|100/100 tox
|
|-damage|p1a: Slowking|94/100 tox|[from] psn
|upkeep
|turn|106
|
|t:|1776036750
|switch|p2a: Corviknight|Corviknight, M|96/100
|-ability|p2a: Corviknight|Pressure
|switch|p1a: Alomomola|Alomomola, M|100/100 tox
|
|-damage|p1a: Alomomola|94/100 tox|[from] psn
|upkeep
|turn|107
|
|t:|1776036751
|switch|p2a: Gliscor|Gliscor, M|100/100 tox
|switch|p1a: Slowking|Slowking-Galar, F|100/100 tox
|
|-damage|p1a: Slowking|94/100 tox|[from] psn
|upkeep
|turn|108
|c|☆w33df1sh|LOL
|
|t:|1776036757
|switch|p2a: Corviknight|Corviknight, M|96/100
|-ability|p2a: Corviknight|Pressure
|switch|p1a: Alomomola|Alomomola, M|100/100 tox
|
|-damage|p1a: Alomomola|94/100 tox|[from] psn
|upkeep
|turn|109
|
|t:|1776036760
|switch|p2a: Gliscor|Gliscor, M|100/100 tox
|switch|p1a: Slowking|Slowking-Galar, F|100/100 tox
|
|-damage|p1a: Slowking|94/100 tox|[from] psn
|upkeep
|turn|110
|
|t:|1776036762
|switch|p2a: Corviknight|Corviknight, M|96/100
|-ability|p2a: Corviknight|Pressure
|switch|p1a: Alomomola|Alomomola, M|100/100 tox
|
|-damage|p1a: Alomomola|94/100 tox|[from] psn
|upkeep
|turn|111
|
|t:|1776036765
|switch|p2a: Gliscor|Gliscor, M|100/100 tox
|switch|p1a: Slowking|Slowking-Galar, F|100/100 tox
|
|-damage|p1a: Slowking|94/100 tox|[from] psn
|upkeep
|turn|112
|
|t:|1776036767
|switch|p2a: Corviknight|Corviknight, M|96/100
|-ability|p2a: Corviknight|Pressure
|switch|p1a: Alomomola|Alomomola, M|100/100 tox
|
|-damage|p1a: Alomomola|94/100 tox|[from] psn
|upkeep
|turn|113
|
|t:|1776036770
|switch|p2a: Gliscor|Gliscor, M|100/100 tox
|switch|p1a: Slowking|Slowking-Galar, F|100/100 tox
|
|-damage|p1a: Slowking|94/100 tox|[from] psn
|upkeep
|turn|114
|c|☆w33df1sh|is there a turn clause?
|
|t:|1776036777
|switch|p2a: Corviknight|Corviknight, M|96/100
|-ability|p2a: Corviknight|Pressure
|switch|p1a: Alomomola|Alomomola, M|100/100 tox
|
|-damage|p1a: Alomomola|94/100 tox|[from] psn
|upkeep
|turn|115
|c|☆thebambi1234|1000 turna
|c|☆thebambi1234|turns
|c|☆w33df1sh|then its a tie right?
|
|t:|1776036787
|switch|p2a: Gliscor|Gliscor, M|100/100 tox
|switch|p1a: Slowking|Slowking-Galar, F|100/100 tox
|
|-damage|p1a: Slowking|94/100 tox|[from] psn
|upkeep
|turn|116
|c|☆thebambi1234|yeah
|
|t:|1776036798
|switch|p2a: Corviknight|Corviknight, M|96/100
|-ability|p2a: Corviknight|Pressure
|switch|p1a: Alomomola|Alomomola, M|100/100 tox
|
|-damage|p1a: Alomomola|94/100 tox|[from] psn
|upkeep
|turn|117
|c|☆thebambi1234|I did this for 770 turns one time
|
|t:|1776036809
|switch|p2a: Gliscor|Gliscor, M|100/100 tox
|switch|p1a: Slowking|Slowking-Galar, F|100/100 tox
|
|-damage|p1a: Slowking|94/100 tox|[from] psn
|upkeep
|turn|118
|c|☆thebambi1234|I just turned my auto clicker on
|
|t:|1776036821
|switch|p2a: Corviknight|Corviknight, M|96/100
|-ability|p2a: Corviknight|Pressure
|switch|p1a: Lokix|Lokix, F, tera:Bug|88/100
|
|upkeep
|turn|119
|
|t:|1776036835
|switch|p2a: Gliscor|Gliscor, M|100/100 tox
|move|p1a: Lokix|Leech Life|p2a: Gliscor
|-resisted|p2a: Gliscor
|-damage|p2a: Gliscor|54/100 tox
|-heal|p1a: Lokix|100/100|[from] drain|[of] p2a: Gliscor
|
|-heal|p2a: Gliscor|66/100 tox|[from] ability: Poison Heal
|upkeep
|turn|120
|
|t:|1776036839
|switch|p1a: Alomomola|Alomomola, M|100/100 tox
|move|p2a: Gliscor|Protect||[still]
|-fail|p2a: Gliscor
|
|-heal|p2a: Gliscor|78/100 tox|[from] ability: Poison Heal
|-damage|p1a: Alomomola|94/100 tox|[from] psn
|upkeep
|turn|121
|
|t:|1776036851
|switch|p1a: Slowking|Slowking-Galar, F|100/100 tox
|move|p2a: Gliscor|Knock Off|p1a: Slowking
|-supereffective|p1a: Slowking
|-damage|p1a: Slowking|81/100 tox
|
|-heal|p2a: Gliscor|91/100 tox|[from] ability: Poison Heal
|-damage|p1a: Slowking|75/100 tox|[from] psn
|upkeep
|turn|122
|
|t:|1776036857
|switch|p1a: Alomomola|Alomomola, M|100/100 tox
|move|p2a: Gliscor|Earthquake|p1a: Alomomola
|-damage|p1a: Alomomola|74/100 tox
|
|-heal|p2a: Gliscor|100/100 tox|[from] ability: Poison Heal
|-damage|p1a: Alomomola|67/100 tox|[from] psn
|upkeep
|turn|123
|
|t:|1776036869
|switch|p2a: Corviknight|Corviknight, M|96/100
|-ability|p2a: Corviknight|Pressure
|switch|p1a: Slowking|Slowking-Galar, F|100/100 tox
|
|-damage|p1a: Slowking|94/100 tox|[from] psn
|upkeep
|turn|124
|
|t:|1776036874
|switch|p1a: Lokix|Lokix, F, tera:Bug|100/100
|move|p2a: Corviknight|U-turn|p1a: Lokix
|-damage|p1a: Lokix|81/100
|
|t:|1776036888
|switch|p2a: Glimmora|Glimmora, F, tera:Flying|48/100|[from] U-turn
|
|-heal|p2a: Glimmora|54/100|[from] item: Leftovers
|upkeep
|turn|125
|
|t:|1776036900
|move|p2a: Glimmora|Spiky Shield|p2a: Glimmora
|-singleturn|p2a: Glimmora|move: Protect
|move|p1a: Lokix|U-turn|p2a: Glimmora
|-activate|p2a: Glimmora|move: Protect
|-damage|p1a: Lokix|68/100|[from] Spiky Shield|[of] p2a: Glimmora
|
|-heal|p2a: Glimmora|60/100|[from] item: Leftovers
|upkeep
|turn|126
|
|t:|1776036910
|move|p1a: Lokix|U-turn|p2a: Glimmora
|-resisted|p2a: Glimmora
|-damage|p2a: Glimmora|11/100
|
|t:|1776036916
|switch|p1a: Alomomola|Alomomola, M|100/100 tox|[from] U-turn
|move|p2a: Glimmora|Stealth Rock|p1a: Alomomola
|-sidestart|p1: w33df1sh|move: Stealth Rock
|
|-heal|p2a: Glimmora|18/100|[from] item: Leftovers
|-damage|p1a: Alomomola|94/100 tox|[from] psn
|upkeep
|turn|127
|
|t:|1776036930
|switch|p1a: Great Tusk|Great Tusk|100/100
|-damage|p1a: Great Tusk|98/100|[from] Stealth Rock
|move|p2a: Glimmora|Spiky Shield||[still]
|-fail|p2a: Glimmora
|
|-heal|p1a: Great Tusk|100/100|[from] item: Leftovers
|-heal|p2a: Glimmora|24/100|[from] item: Leftovers
|upkeep
|turn|128
|
|t:|1776036942
|move|p1a: Great Tusk|Head Smash|p2a: Glimmora
|-supereffective|p2a: Glimmora
|-damage|p2a: Glimmora|0 fnt
|faint|p2a: Glimmora
|-damage|p1a: Great Tusk|91/100|[from] Recoil
|
|-heal|p1a: Great Tusk|97/100|[from] item: Leftovers
|upkeep
|
|t:|1776036946
|switch|p2a: Gliscor|Gliscor, M|100/100 tox
|turn|129
|
|t:|1776036954
|move|p1a: Great Tusk|Rapid Spin|p2a: Gliscor
|-damage|p2a: Gliscor|91/100 tox
|-boost|p1a: Great Tusk|spe|1
|-sideend|p1: w33df1sh|Stealth Rock|[from] move: Rapid Spin|[of] p1a: Great Tusk
|move|p2a: Gliscor|Toxic|p1a: Great Tusk
|-status|p1a: Great Tusk|tox
|
|-heal|p1a: Great Tusk|100/100 tox|[from] item: Leftovers
|-damage|p1a: Great Tusk|94/100 tox|[from] psn
|-heal|p2a: Gliscor|100/100 tox|[from] ability: Poison Heal
|upkeep
|turn|130
|
|t:|1776036975
|-end|p1a: Great Tusk|Protosynthesis|[silent]
|switch|p1a: Alomomola|Alomomola, M|100/100 tox
|move|p2a: Gliscor|Knock Off|p1a: Alomomola
|-damage|p1a: Alomomola|89/100 tox
|
|-damage|p1a: Alomomola|83/100 tox|[from] psn
|upkeep
|turn|131
|
|t:|1776036980
|switch|p1a: Slowking|Slowking-Galar, F|100/100 tox
|move|p2a: Gliscor|Knock Off|p1a: Slowking
|-supereffective|p1a: Slowking
|-crit|p1a: Slowking
|-damage|p1a: Slowking|71/100 tox
|
|-damage|p1a: Slowking|64/100 tox|[from] psn
|upkeep
|turn|132
|
|t:|1776036983
|switch|p1a: Alomomola|Alomomola, M|100/100 tox
|move|p2a: Gliscor|Earthquake|p1a: Alomomola
|-damage|p1a: Alomomola|73/100 tox
|
|-damage|p1a: Alomomola|67/100 tox|[from] psn
|upkeep
|turn|133
|
|t:|1776036991
|switch|p2a: Corviknight|Corviknight, M|96/100
|-ability|p2a: Corviknight|Pressure
|switch|p1a: Slowking|Slowking-Galar, F|98/100 tox
|
|-damage|p1a: Slowking|92/100 tox|[from] psn
|upkeep
|turn|134
|
|t:|1776036997
|switch|p1a: Alomomola|Alomomola, M|99/100 tox
|move|p2a: Corviknight|Body Press|p1a: Alomomola
|-damage|p1a: Alomomola|80/100 tox
|
|-damage|p1a: Alomomola|74/100 tox|[from] psn
|upkeep
|turn|135
|
|t:|1776037000
|switch|p2a: Blissey|Blissey, F|96/100
|switch|p1a: Slowking|Slowking-Galar, F|100/100 tox
|
|-heal|p2a: Blissey|100/100|[from] item: Leftovers
|-damage|p1a: Slowking|94/100 tox|[from] psn
|upkeep
|turn|136
|
|t:|1776037003
|switch|p1a: Alomomola|Alomomola, M|100/100 tox
|move|p2a: Blissey|Seismic Toss|p1a: Alomomola
|-damage|p1a: Alomomola|82/100 tox
|
|-damage|p1a: Alomomola|76/100 tox|[from] psn
|upkeep
|turn|137
|
|t:|1776037006
|switch|p2a: Corviknight|Corviknight, M|96/100
|-ability|p2a: Corviknight|Pressure
|switch|p1a: Slowking|Slowking-Galar, F|100/100 tox
|
|-damage|p1a: Slowking|94/100 tox|[from] psn
|upkeep
|turn|138
|
|t:|1776037012
|switch|p2a: Blissey|Blissey, F|100/100
|switch|p1a: Alomomola|Alomomola, M|100/100 tox
|
|-damage|p1a: Alomomola|94/100 tox|[from] psn
|upkeep
|turn|139
|
|t:|1776037016
|switch|p2a: Corviknight|Corviknight, M|96/100
|-ability|p2a: Corviknight|Pressure
|switch|p1a: Lokix|Lokix, F, tera:Bug|68/100
|
|upkeep
|turn|140
|
|t:|1776037019
|switch|p2a: Gliscor|Gliscor, M|100/100 tox
|move|p1a: Lokix|Leech Life|p2a: Gliscor
|-resisted|p2a: Gliscor
|-damage|p2a: Gliscor|49/100 tox
|-heal|p1a: Lokix|99/100|[from] drain|[of] p2a: Gliscor
|
|-heal|p2a: Gliscor|62/100 tox|[from] ability: Poison Heal
|upkeep
|turn|141
|
|t:|1776037028
|switch|p1a: Alomomola|Alomomola, M|100/100 tox
|move|p2a: Gliscor|Toxic|p1a: Alomomola|[miss]
|-miss|p2a: Gliscor|p1a: Alomomola
|
|-heal|p2a: Gliscor|74/100 tox|[from] ability: Poison Heal
|-damage|p1a: Alomomola|94/100 tox|[from] psn
|upkeep
|turn|142
|
|t:|1776037032
|switch|p1a: Slowking|Slowking-Galar, F|100/100 tox
|move|p2a: Gliscor|Knock Off|p1a: Slowking
|-supereffective|p1a: Slowking
|-damage|p1a: Slowking|80/100 tox
|
|-heal|p2a: Gliscor|86/100 tox|[from] ability: Poison Heal
|-damage|p1a: Slowking|74/100 tox|[from] psn
|upkeep
|turn|143
|
|t:|1776037036
|switch|p2a: Corviknight|Corviknight, M|96/100
|-ability|p2a: Corviknight|Pressure
|switch|p1a: Alomomola|Alomomola, M|100/100 tox
|
|-damage|p1a: Alomomola|94/100 tox|[from] psn
|upkeep
|turn|144
|
|t:|1776037039
|switch|p2a: Gliscor|Gliscor, M|86/100 tox
|switch|p1a: Slowking|Slowking-Galar, F|100/100 tox
|
|-heal|p2a: Gliscor|99/100 tox|[from] ability: Poison Heal
|-damage|p1a: Slowking|94/100 tox|[from] psn
|upkeep
|turn|145
|
|t:|1776037040
|switch|p2a: Corviknight|Corviknight, M|96/100
|-ability|p2a: Corviknight|Pressure
|switch|p1a: Alomomola|Alomomola, M|100/100 tox
|
|-damage|p1a: Alomomola|94/100 tox|[from] psn
|upkeep
|turn|146
|
|t:|1776037042
|switch|p2a: Gliscor|Gliscor, M|99/100 tox
|switch|p1a: Slowking|Slowking-Galar, F|100/100 tox
|
|-heal|p2a: Gliscor|100/100 tox|[from] ability: Poison Heal
|-damage|p1a: Slowking|94/100 tox|[from] psn
|upkeep
|turn|147
|
|t:|1776037044
|switch|p2a: Corviknight|Corviknight, M|96/100
|-ability|p2a: Corviknight|Pressure
|switch|p1a: Alomomola|Alomomola, M|100/100 tox
|
|-damage|p1a: Alomomola|94/100 tox|[from] psn
|upkeep
|turn|148
|
|t:|1776037053
|switch|p1a: Slowking|Slowking-Galar, F|100/100 tox
|move|p2a: Corviknight|Body Press|p1a: Slowking
|-resisted|p1a: Slowking
|-damage|p1a: Slowking|96/100 tox
|
|-damage|p1a: Slowking|90/100 tox|[from] psn
|upkeep
|turn|149
|
|t:|1776037057
|switch|p1a: Alomomola|Alomomola, M|100/100 tox
|move|p2a: Corviknight|U-turn|p1a: Alomomola
|-damage|p1a: Alomomola|89/100 tox
|
|t:|1776037058
|switch|p2a: Gliscor|Gliscor, M|100/100 tox|[from] U-turn
|
|-damage|p1a: Alomomola|82/100 tox|[from] psn
|upkeep
|turn|150
|
|t:|1776037061
|switch|p2a: Corviknight|Corviknight, M|96/100
|-ability|p2a: Corviknight|Pressure
|switch|p1a: Slowking|Slowking-Galar, F|100/100 tox
|
|-damage|p1a: Slowking|94/100 tox|[from] psn
|upkeep
|turn|151
|
|t:|1776037063
|switch|p2a: Blissey|Blissey, F|100/100
|switch|p1a: Alomomola|Alomomola, M|100/100 tox
|
|-damage|p1a: Alomomola|94/100 tox|[from] psn
|upkeep
|turn|152
|
|t:|1776037066
|switch|p2a: Corviknight|Corviknight, M|96/100
|-ability|p2a: Corviknight|Pressure
|switch|p1a: Slowking|Slowking-Galar, F|100/100 tox
|
|-damage|p1a: Slowking|94/100 tox|[from] psn
|upkeep
|turn|153
|
|t:|1776037069
|switch|p2a: Blissey|Blissey, F|100/100
|switch|p1a: Alomomola|Alomomola, M|100/100 tox
|
|-damage|p1a: Alomomola|94/100 tox|[from] psn
|upkeep
|turn|154
|
|t:|1776037071
|switch|p2a: Corviknight|Corviknight, M|96/100
|-ability|p2a: Corviknight|Pressure
|switch|p1a: Lokix|Lokix, F, tera:Bug|99/100
|
|upkeep
|turn|155
|
|t:|1776037077
|switch|p2a: Gliscor|Gliscor, M|100/100 tox
|move|p1a: Lokix|Leech Life|p2a: Gliscor
|-resisted|p2a: Gliscor
|-damage|p2a: Gliscor|50/100 tox
|-heal|p1a: Lokix|100/100|[from] drain|[of] p2a: Gliscor
|
|-heal|p2a: Gliscor|62/100 tox|[from] ability: Poison Heal
|upkeep
|turn|156
|
|t:|1776037088
|switch|p1a: Alomomola|Alomomola, M|100/100 tox
|switch|p2a: Corviknight|Corviknight, M|96/100
|-ability|p2a: Corviknight|Pressure
|
|-damage|p1a: Alomomola|94/100 tox|[from] psn
|upkeep
|turn|157
|
|t:|1776037091
|switch|p2a: Gliscor|Gliscor, M|62/100 tox
|switch|p1a: Slowking|Slowking-Galar, F|100/100 tox
|
|-heal|p2a: Gliscor|75/100 tox|[from] ability: Poison Heal
|-damage|p1a: Slowking|94/100 tox|[from] psn
|upkeep
|turn|158
|
|t:|1776037095
|switch|p2a: Corviknight|Corviknight, M|96/100
|-ability|p2a: Corviknight|Pressure
|switch|p1a: Alomomola|Alomomola, M|100/100 tox
|
|-damage|p1a: Alomomola|94/100 tox|[from] psn
|upkeep
|turn|159
|
|t:|1776037098
|switch|p2a: Gliscor|Gliscor, M|75/100 tox
|switch|p1a: Slowking|Slowking-Galar, F|100/100 tox
|
|-heal|p2a: Gliscor|87/100 tox|[from] ability: Poison Heal
|-damage|p1a: Slowking|94/100 tox|[from] psn
|upkeep
|turn|160
|
|t:|1776037102
|switch|p2a: Corviknight|Corviknight, M|96/100
|-ability|p2a: Corviknight|Pressure
|switch|p1a: Alomomola|Alomomola, M|100/100 tox
|
|-damage|p1a: Alomomola|94/100 tox|[from] psn
|upkeep
|turn|161
|
|t:|1776037109
|switch|p2a: Gliscor|Gliscor, M|87/100 tox
|switch|p1a: Slowking|Slowking-Galar, F|100/100 tox
|
|-heal|p2a: Gliscor|99/100 tox|[from] ability: Poison Heal
|-damage|p1a: Slowking|94/100 tox|[from] psn
|upkeep
|turn|162
|
|t:|1776037112
|switch|p2a: Corviknight|Corviknight, M|96/100
|-ability|p2a: Corviknight|Pressure
|switch|p1a: Alomomola|Alomomola, M|100/100 tox
|
|-damage|p1a: Alomomola|94/100 tox|[from] psn
|upkeep
|turn|163
|
|t:|1776037114
|switch|p2a: Gliscor|Gliscor, M|99/100 tox
|switch|p1a: Slowking|Slowking-Galar, F|100/100 tox
|
|-heal|p2a: Gliscor|100/100 tox|[from] ability: Poison Heal
|-damage|p1a: Slowking|94/100 tox|[from] psn
|upkeep
|turn|164
|
|t:|1776037116
|switch|p2a: Corviknight|Corviknight, M|96/100
|-ability|p2a: Corviknight|Pressure
|switch|p1a: Lokix|Lokix, F, tera:Bug|100/100
|
|upkeep
|turn|165
|
|t:|1776037130
|switch|p2a: Gliscor|Gliscor, M|100/100 tox
|move|p1a: Lokix|Knock Off|p2a: Gliscor
|-damage|p2a: Gliscor|54/100 tox
|-enditem|p2a: Gliscor|Toxic Orb|[from] move: Knock Off|[of] p1a: Lokix
|
|-heal|p2a: Gliscor|66/100 tox|[from] ability: Poison Heal
|upkeep
|turn|166
|
|t:|1776037138
|switch|p1a: Alomomola|Alomomola, M|100/100 tox
|switch|p2a: Corviknight|Corviknight, M|96/100
|-ability|p2a: Corviknight|Pressure
|
|-damage|p1a: Alomomola|94/100 tox|[from] psn
|upkeep
|turn|167
|
|t:|1776037155
|switch|p2a: Gliscor|Gliscor, M|66/100 tox
|switch|p1a: Slowking|Slowking-Galar, F|100/100 tox
|
|-heal|p2a: Gliscor|79/100 tox|[from] ability: Poison Heal
|-damage|p1a: Slowking|94/100 tox|[from] psn
|upkeep
|turn|168
|
|t:|1776037166
|switch|p2a: Corviknight|Corviknight, M|96/100
|-ability|p2a: Corviknight|Pressure
|switch|p1a: Alomomola|Alomomola, M|100/100 tox
|
|-damage|p1a: Alomomola|94/100 tox|[from] psn
|upkeep
|turn|169
|
|t:|1776037172
|switch|p2a: Gliscor|Gliscor, M|79/100 tox
|switch|p1a: Slowking|Slowking-Galar, F|100/100 tox
|
|-heal|p2a: Gliscor|91/100 tox|[from] ability: Poison Heal
|-damage|p1a: Slowking|94/100 tox|[from] psn
|upkeep
|turn|170
|
|t:|1776037180
|switch|p2a: Corviknight|Corviknight, M|96/100
|-ability|p2a: Corviknight|Pressure
|switch|p1a: Alomomola|Alomomola, M|100/100 tox
|
|-damage|p1a: Alomomola|94/100 tox|[from] psn
|upkeep
|turn|171
|
|t:|1776037184
|switch|p2a: Gliscor|Gliscor, M|91/100 tox
|switch|p1a: Slowking|Slowking-Galar, F|100/100 tox
|
|-heal|p2a: Gliscor|100/100 tox|[from] ability: Poison Heal
|-damage|p1a: Slowking|94/100 tox|[from] psn
|upkeep
|turn|172
|
|t:|1776037187
|switch|p2a: Corviknight|Corviknight, M|96/100
|-ability|p2a: Corviknight|Pressure
|switch|p1a: Alomomola|Alomomola, M|100/100 tox
|
|-damage|p1a: Alomomola|94/100 tox|[from] psn
|upkeep
|turn|173
|
|t:|1776037190
|switch|p2a: Gliscor|Gliscor, M|100/100 tox
|switch|p1a: Slowking|Slowking-Galar, F|100/100 tox
|
|-damage|p1a: Slowking|94/100 tox|[from] psn
|upkeep
|turn|174
|
|t:|1776037194
|switch|p2a: Corviknight|Corviknight, M|96/100
|-ability|p2a: Corviknight|Pressure
|switch|p1a: Alomomola|Alomomola, M|100/100 tox
|
|-damage|p1a: Alomomola|94/100 tox|[from] psn
|upkeep
|turn|175
|
|t:|1776037209
|switch|p2a: Gliscor|Gliscor, M|100/100 tox
|switch|p1a: Slowking|Slowking-Galar, F|100/100 tox
|
|-damage|p1a: Slowking|94/100 tox|[from] psn
|upkeep
|turn|176
|
|t:|1776037212
|switch|p2a: Corviknight|Corviknight, M|96/100
|-ability|p2a: Corviknight|Pressure
|switch|p1a: Lokix|Lokix, F, tera:Bug|100/100
|
|upkeep
|turn|177
|
|t:|1776037220
|switch|p1a: Enamorus|Enamorus, F|100/100
|switch|p2a: Gliscor|Gliscor, M|100/100 tox
|
|upkeep
|turn|178
|
|t:|1776037233
|switch|p1a: Alomomola|Alomomola, M|100/100 tox
|move|p2a: Gliscor|Toxic|p1a: Alomomola
|-fail|p1a: Alomomola|tox
|
|-damage|p1a: Alomomola|94/100 tox|[from] psn
|upkeep
|turn|179
|
|t:|1776037236
|switch|p2a: Corviknight|Corviknight, M|96/100
|-ability|p2a: Corviknight|Pressure
|switch|p1a: Slowking|Slowking-Galar, F|100/100 tox
|
|-damage|p1a: Slowking|94/100 tox|[from] psn
|upkeep
|turn|180
|
|t:|1776037251
|switch|p2a: Blissey|Blissey, F|100/100
|switch|p1a: Alomomola|Alomomola, M|100/100 tox
|
|-damage|p1a: Alomomola|94/100 tox|[from] psn
|upkeep
|turn|181
|
|t:|1776037258
|switch|p2a: Corviknight|Corviknight, M|96/100
|-ability|p2a: Corviknight|Pressure
|switch|p1a: Lokix|Lokix, F, tera:Bug|100/100
|
|upkeep
|turn|182
|
|t:|1776037266
|switch|p2a: Gliscor|Gliscor, M|100/100 tox
|move|p1a: Lokix|First Impression|p2a: Gliscor
|-resisted|p2a: Gliscor
|-damage|p2a: Gliscor|44/100 tox
|
|-heal|p2a: Gliscor|56/100 tox|[from] ability: Poison Heal
|upkeep
|turn|183
|
|t:|1776037274
|switch|p1a: Alomomola|Alomomola, M|100/100 tox
|move|p2a: Gliscor|Toxic|p1a: Alomomola
|-fail|p1a: Alomomola|tox
|
|-heal|p2a: Gliscor|69/100 tox|[from] ability: Poison Heal
|-damage|p1a: Alomomola|94/100 tox|[from] psn
|upkeep
|turn|184
|
|t:|1776037282
|switch|p2a: Corviknight|Corviknight, M|96/100
|-ability|p2a: Corviknight|Pressure
|switch|p1a: Lokix|Lokix, F, tera:Bug|100/100
|
|upkeep
|turn|185
|
|t:|1776037287
|switch|p2a: Gliscor|Gliscor, M|69/100 tox
|move|p1a: Lokix|Leech Life|p2a: Gliscor
|-resisted|p2a: Gliscor
|-damage|p2a: Gliscor|23/100 tox
|
|-heal|p2a: Gliscor|35/100 tox|[from] ability: Poison Heal
|upkeep
|turn|186
|inactive|w33df1sh has 120 seconds left.
|
|t:|1776037308
|switch|p2a: Corviknight|Corviknight, M|96/100
|-ability|p2a: Corviknight|Pressure
|move|p1a: Lokix|Leech Life|p2a: Corviknight
|-resisted|p2a: Corviknight
|-damage|p2a: Corviknight|72/100
|
|upkeep
|turn|187
|inactive|w33df1sh has 120 seconds left.
|
|t:|1776037316
|switch|p1a: Alomomola|Alomomola, M|100/100 tox
|move|p2a: Corviknight|U-turn|p1a: Alomomola
|-damage|p1a: Alomomola|89/100 tox
|
|t:|1776037318
|switch|p2a: Gliscor|Gliscor, M|35/100 tox|[from] U-turn
|
|-heal|p2a: Gliscor|47/100 tox|[from] ability: Poison Heal
|-damage|p1a: Alomomola|83/100 tox|[from] psn
|upkeep
|turn|188
|
|t:|1776037324
|switch|p1a: Slowking|Slowking-Galar, F|100/100 tox
|move|p2a: Gliscor|Knock Off|p1a: Slowking
|-supereffective|p1a: Slowking
|-damage|p1a: Slowking|78/100 tox
|
|-heal|p2a: Gliscor|60/100 tox|[from] ability: Poison Heal
|-damage|p1a: Slowking|72/100 tox|[from] psn
|upkeep
|turn|189
|
|t:|1776037330
|switch|p2a: Corviknight|Corviknight, M|72/100
|-ability|p2a: Corviknight|Pressure
|switch|p1a: Alomomola|Alomomola, M|100/100 tox
|
|-damage|p1a: Alomomola|94/100 tox|[from] psn
|upkeep
|turn|190
|
|t:|1776037333
|switch|p2a: Gliscor|Gliscor, M|60/100 tox
|switch|p1a: Lokix|Lokix, F, tera:Bug|100/100
|
|-heal|p2a: Gliscor|72/100 tox|[from] ability: Poison Heal
|upkeep
|turn|191
|
|t:|1776037340
|move|p1a: Lokix|U-turn|p2a: Gliscor
|-resisted|p2a: Gliscor
|-damage|p2a: Gliscor|28/100 tox
|
|t:|1776037348
|switch|p1a: Alomomola|Alomomola, M|100/100 tox|[from] U-turn
|move|p2a: Gliscor|Knock Off|p1a: Alomomola
|-damage|p1a: Alomomola|89/100 tox
|
|-heal|p2a: Gliscor|40/100 tox|[from] ability: Poison Heal
|-damage|p1a: Alomomola|83/100 tox|[from] psn
|upkeep
|turn|192
|
|t:|1776037353
|switch|p2a: Corviknight|Corviknight, M|72/100
|-ability|p2a: Corviknight|Pressure
|switch|p1a: Slowking|Slowking-Galar, F|100/100 tox
|
|-damage|p1a: Slowking|94/100 tox|[from] psn
|upkeep
|turn|193
|
|t:|1776037365
|move|p2a: Corviknight|U-turn|p1a: Slowking
|-damage|p1a: Slowking|85/100 tox
|
|t:|1776037368
|switch|p2a: Blissey|Blissey, F|100/100|[from] U-turn
|move|p1a: Slowking|Future Sight|p2a: Blissey
|-start|p1a: Slowking|move: Future Sight
|
|-damage|p1a: Slowking|73/100 tox|[from] psn
|upkeep
|turn|194
|
|t:|1776037374
|switch|p1a: Alomomola|Alomomola, M|100/100 tox
|move|p2a: Blissey|Flamethrower|p1a: Alomomola
|-resisted|p1a: Alomomola
|-crit|p1a: Alomomola
|-damage|p1a: Alomomola|92/100 tox
|
|-damage|p1a: Alomomola|86/100 tox|[from] psn
|upkeep
|turn|195
|
|t:|1776037380
|switch|p2a: Corviknight|Corviknight, M|72/100
|-ability|p2a: Corviknight|Pressure
|switch|p1a: Slowking|Slowking-Galar, F|100/100 tox
|
|-end|p2a: Corviknight|move: Future Sight
|-resisted|p2a: Corviknight
|-damage|p2a: Corviknight|48/100
|-damage|p1a: Slowking|94/100 tox|[from] psn
|upkeep
|turn|196
|
|t:|1776037385
|switch|p1a: Lokix|Lokix, F, tera:Bug|100/100
|move|p2a: Corviknight|Roost|p2a: Corviknight
|-heal|p2a: Corviknight|98/100
|-singleturn|p2a: Corviknight|move: Roost
|
|upkeep
|turn|197
|
|t:|1776037403
|move|p1a: Lokix|First Impression|p2a: Corviknight
|-resisted|p2a: Corviknight
|-damage|p2a: Corviknight|74/100
|move|p2a: Corviknight|U-turn|p1a: Lokix
|-damage|p1a: Lokix|81/100
|
|t:|1776037406
|switch|p2a: Gliscor|Gliscor, M|40/100 tox|[from] U-turn
|
|-heal|p2a: Gliscor|52/100 tox|[from] ability: Poison Heal
|upkeep
|turn|198
|
|t:|1776037411
|switch|p1a: Alomomola|Alomomola, M|100/100 tox
|move|p2a: Gliscor|Protect||[still]
|-fail|p2a: Gliscor
|
|-heal|p2a: Gliscor|65/100 tox|[from] ability: Poison Heal
|-damage|p1a: Alomomola|94/100 tox|[from] psn
|upkeep
|turn|199
|
|t:|1776037420
|switch|p2a: Blissey|Blissey, F|100/100
|switch|p1a: Slowking|Slowking-Galar, F|100/100 tox
|
|-damage|p1a: Slowking|94/100 tox|[from] psn
|upkeep
|turn|200
|
|t:|1776037434
|switch|p2a: Corviknight|Corviknight, M|74/100
|-ability|p2a: Corviknight|Pressure
|switch|p1a: Alomomola|Alomomola, M|100/100 tox
|
|-damage|p1a: Alomomola|94/100 tox|[from] psn
|upkeep
|turn|201
|
|t:|1776037444
|switch|p2a: Gliscor|Gliscor, M|65/100 tox
|switch|p1a: Slowking|Slowking-Galar, F|100/100 tox
|
|-heal|p2a: Gliscor|77/100 tox|[from] ability: Poison Heal
|-damage|p1a: Slowking|94/100 tox|[from] psn
|upkeep
|turn|202
|
|t:|1776037457
|move|p2a: Gliscor|Knock Off|p1a: Slowking
|-supereffective|p1a: Slowking
|-damage|p1a: Slowking|75/100 tox
|move|p1a: Slowking|Ice Beam|p2a: Gliscor
|-supereffective|p2a: Gliscor
|-damage|p2a: Gliscor|0 fnt
|faint|p2a: Gliscor
|
|-damage|p1a: Slowking|63/100 tox|[from] psn
|upkeep
|c|☆thebambi1234|aww
|c|☆w33df1sh|is it the beginning of the end
|c|☆thebambi1234|when i lost glimmora it was over :(
|c|☆thebambi1234|ggs <3
|-message|thebambi1234 forfeited.
|
|win|w33df1sh
|raw|w33df1sh's rating: 1457 &rarr; <strong>1485</strong><br />(+28 for winning)
|raw|thebambi1234's rating: 1609 &rarr; <strong>1581</strong><br />(-28 for losing)
|l|☆thebambi1234
|player|p2|
|c|☆w33df1sh|gg
|l| couchthulhu
