|html|<div class="broadcast-blue"><strong>[Gen 9] OU is currently suspecting Tera Blast! For information on how to participate check out the <a href="https://www.smogon.com/tools/suspects/view/200">suspect thread</a>.</strong></div>
|j|☆Blastoise_Choice
|j|☆icylikedecember
|t:|1776067445
|gametype|singles
|player|p1|Blastoise_Choice|benga|1533
|player|p2|icylikedecember|skierf|1580
|gen|9
|tier|[Gen 9] OU
|rated|
|rule|HP Percentage Mod: HP is shown in percentages
|rule|Endless Battle Clause: Forcing endless battles is banned
|rule|Species Clause: Limit one of each Pokémon
|rule|OHKO Clause: OHKO moves are banned
|rule|Evasion Items Clause: Evasion items are banned
|rule|Evasion Moves Clause: Evasion moves are banned
|rule|Evasion Abilities Clause: Evasion abilities are banned
|rule|Sleep Moves Clause: Sleep-inducing moves are banned
|clearpoke
|poke|p1|Garganacl, F|
|poke|p1|Darkrai|
|poke|p1|Great Tusk|
|poke|p1|Hatterene, F|
|poke|p1|Tornadus-Therian, M|
|poke|p1|Dragonite, M|
|poke|p2|Landorus-Therian, M|
|poke|p2|Corviknight, F|
|poke|p2|Slowking-Galar, M|
|poke|p2|Crawdaunt, F|
|poke|p2|Darkrai|
|poke|p2|Gholdengo|
|teampreview
|
|t:|1776067454
|teamsize|p1|6
|teamsize|p2|6
|start
|switch|p1a: Darkrai|Darkrai|100/100
|switch|p2a: Darkrai|Darkrai|100/100
|turn|1
|c|☆Blastoise_Choice|hf
|inactive|Battle timer is ON: inactive players will automatically lose when time's up. (requested by Blastoise_Choice)
|c|☆icylikedecember|u2
|j| brokencdcd
|inactive|icylikedecember has 120 seconds left.
|
|t:|1776067486
|move|p2a: Darkrai|Focus Blast|p1a: Darkrai|[miss]
|-miss|p2a: Darkrai|p1a: Darkrai
|move|p1a: Darkrai|Dark Pulse|p2a: Darkrai
|-resisted|p2a: Darkrai
|-damage|p2a: Darkrai|55/100
|
|upkeep
|turn|2
|
|t:|1776067493
|-terastallize|p1a: Darkrai|Poison
|move|p1a: Darkrai|Dark Pulse|p2a: Darkrai
|-resisted|p2a: Darkrai
|-damage|p2a: Darkrai|15/100
|move|p2a: Darkrai|Sludge Bomb|p1a: Darkrai
|-resisted|p1a: Darkrai
|-damage|p1a: Darkrai|78/100
|
|upkeep
|turn|3
|
|t:|1776067505
|switch|p2a: Crawdaunt|Crawdaunt, F|100/100
|switch|p1a: Tornadus|Tornadus-Therian, M, shiny|100/100
|
|upkeep
|turn|4
|
|t:|1776067512
|move|p1a: Tornadus|U-turn|p2a: Crawdaunt
|-supereffective|p2a: Crawdaunt
|-damage|p2a: Crawdaunt|61/100
|
|t:|1776067520
|switch|p1a: Dragonite|Dragonite, M|100/100|[from] U-turn
|move|p2a: Crawdaunt|Knock Off|p1a: Dragonite
|-damage|p1a: Dragonite|50/100
|-enditem|p1a: Dragonite|Silk Scarf|[from] move: Knock Off|[of] p2a: Crawdaunt
|
|upkeep
|turn|5
|
|t:|1776067528
|switch|p2a: Landorus|Landorus-Therian, M|100/100
|-ability|p2a: Landorus|Intimidate|boost
|-unboost|p1a: Dragonite|atk|1
|move|p1a: Dragonite|Earthquake|p2a: Landorus
|-immune|p2a: Landorus
|
|upkeep
|turn|6
|
|t:|1776067534
|switch|p1a: Hatterene|Hatterene, F|100/100
|move|p2a: Landorus|U-turn|p1a: Hatterene
|-damage|p1a: Hatterene|82/100
|-damage|p2a: Landorus|84/100|[from] item: Rocky Helmet|[of] p1a: Hatterene
|
|t:|1776067540
|switch|p2a: Slowking|Slowking-Galar, M, shiny|100/100|[from] U-turn
|
|upkeep
|turn|7
|
|t:|1776067546
|switch|p1a: Darkrai|Darkrai, tera:Poison|78/100
|move|p2a: Slowking|Sludge Bomb|p1a: Darkrai
|-resisted|p1a: Darkrai
|-damage|p1a: Darkrai|50/100
|
|upkeep
|turn|8
|l| brokencdcd
|
|t:|1776067554
|move|p1a: Darkrai|Dark Pulse|p2a: Slowking
|-supereffective|p2a: Slowking
|-damage|p2a: Slowking|32/100
|move|p2a: Slowking|Psyshock|p1a: Darkrai
|-supereffective|p1a: Darkrai
|-damage|p1a: Darkrai|0 fnt
|faint|p1a: Darkrai
|
|upkeep
|
|t:|1776067561
|switch|p1a: Garganacl|Garganacl, F|100/100
|turn|9
|
|t:|1776067568
|switch|p2a: Landorus|Landorus-Therian, M|84/100
|-ability|p2a: Landorus|Intimidate|boost
|-unboost|p1a: Garganacl|atk|1
|move|p1a: Garganacl|Stealth Rock|p2a: Landorus
|-sidestart|p2: icylikedecember|move: Stealth Rock
|
|upkeep
|turn|10
|
|t:|1776067576
|switch|p1a: Tornadus|Tornadus-Therian, M, shiny|100/100
|move|p2a: Landorus|Earthquake|p1a: Tornadus
|-immune|p1a: Tornadus
|
|upkeep
|turn|11
|
|t:|1776067583
|move|p1a: Tornadus|Heat Wave|p2a: Landorus
|-damage|p2a: Landorus|58/100
|move|p2a: Landorus|Stone Edge|p1a: Tornadus
|-supereffective|p1a: Tornadus
|-damage|p1a: Tornadus|27/100
|
|upkeep
|turn|12
|
|t:|1776067590
|move|p1a: Tornadus|Bleakwind Storm|p2a: Landorus
|-damage|p2a: Landorus|20/100
|move|p2a: Landorus|U-turn|p1a: Tornadus
|-resisted|p1a: Tornadus
|-damage|p1a: Tornadus|14/100
|
|t:|1776067598
|switch|p2a: Gholdengo|Gholdengo|100/100|[from] U-turn
|-damage|p2a: Gholdengo|94/100|[from] Stealth Rock
|
|upkeep
|turn|13
|
|t:|1776067604
|move|p2a: Gholdengo|Shadow Ball|p1a: Tornadus
|-damage|p1a: Tornadus|0 fnt
|faint|p1a: Tornadus
|
|upkeep
|
|t:|1776067611
|switch|p1a: Dragonite|Dragonite, M|50/100
|turn|14
|
|t:|1776067617
|switch|p2a: Landorus|Landorus-Therian, M|20/100
|-damage|p2a: Landorus|8/100|[from] Stealth Rock
|-ability|p2a: Landorus|Intimidate|boost
|-unboost|p1a: Dragonite|atk|1
|move|p1a: Dragonite|Roost|p1a: Dragonite
|-heal|p1a: Dragonite|99/100
|-singleturn|p1a: Dragonite|move: Roost
|
|upkeep
|turn|15
|
|t:|1776067623
|move|p2a: Landorus|U-turn|p1a: Dragonite
|-resisted|p1a: Dragonite
|-damage|p1a: Dragonite|89/100
|
|t:|1776067626
|switch|p2a: Gholdengo|Gholdengo|94/100|[from] U-turn
|-damage|p2a: Gholdengo|88/100|[from] Stealth Rock
|move|p1a: Dragonite|Dragon Dance|p1a: Dragonite
|-boost|p1a: Dragonite|atk|1
|-boost|p1a: Dragonite|spe|1
|
|upkeep
|turn|16
|
|t:|1776067633
|move|p2a: Gholdengo|Trick|p1a: Dragonite
|-activate|p2a: Gholdengo|move: Trick|[of] p1a: Dragonite
|-item|p1a: Dragonite|Choice Scarf|[from] move: Trick
|-enditem|p2a: Gholdengo|Choice Scarf|[silent]|[from] move: Trick
|move|p1a: Dragonite|Roost|p1a: Dragonite
|-heal|p1a: Dragonite|100/100
|-singleturn|p1a: Dragonite|move: Roost
|
|upkeep
|turn|17
|
|t:|1776067639
|switch|p2a: Corviknight|Corviknight, F, shiny|100/100
|-damage|p2a: Corviknight|88/100|[from] Stealth Rock
|-ability|p2a: Corviknight|Pressure
|move|p1a: Dragonite|Roost||[still]
|-fail|p1a: Dragonite|heal
|
|-heal|p2a: Corviknight|94/100|[from] item: Leftovers
|upkeep
|turn|18
|
|t:|1776067645
|switch|p1a: Garganacl|Garganacl, F|100/100
|move|p2a: Corviknight|Defog|p1a: Garganacl
|-unboost|p1a: Garganacl|evasion|1
|-sideend|p2: icylikedecember|Stealth Rock|[from] move: Defog|[of] p2a: Corviknight
|
|-heal|p2a: Corviknight|99/100|[from] item: Leftovers
|upkeep
|turn|19
|
|t:|1776067651
|move|p2a: Corviknight|U-turn|p1a: Garganacl
|-damage|p1a: Garganacl|91/100
|
|t:|1776067657
|switch|p2a: Darkrai|Darkrai|15/100|[from] U-turn
|move|p1a: Garganacl|Stealth Rock|p2a: Darkrai
|-sidestart|p2: icylikedecember|move: Stealth Rock
|
|-heal|p1a: Garganacl|97/100|[from] item: Leftovers
|upkeep
|turn|20
|
|t:|1776067663
|move|p2a: Darkrai|Focus Blast|p1a: Garganacl
|-supereffective|p1a: Garganacl
|-damage|p1a: Garganacl|31/100
|-unboost|p1a: Garganacl|spd|1
|move|p1a: Garganacl|Salt Cure|p2a: Darkrai
|-crit|p2a: Darkrai
|-damage|p2a: Darkrai|0 fnt
|faint|p2a: Darkrai
|
|-heal|p1a: Garganacl|37/100|[from] item: Leftovers
|upkeep
|
|t:|1776067669
|switch|p2a: Crawdaunt|Crawdaunt, F|61/100
|-damage|p2a: Crawdaunt|48/100|[from] Stealth Rock
|turn|21
|
|t:|1776067675
|switch|p1a: Dragonite|Dragonite, M|100/100
|move|p2a: Crawdaunt|Crabhammer|p1a: Dragonite
|-resisted|p1a: Dragonite
|-damage|p1a: Dragonite|72/100
|
|upkeep
|turn|22
|
|t:|1776067683
|switch|p2a: Corviknight|Corviknight, F, shiny|99/100
|-damage|p2a: Corviknight|88/100|[from] Stealth Rock
|-ability|p2a: Corviknight|Pressure
|move|p1a: Dragonite|Roost|p1a: Dragonite
|-heal|p1a: Dragonite|100/100
|-singleturn|p1a: Dragonite|move: Roost
|
|-heal|p2a: Corviknight|94/100|[from] item: Leftovers
|upkeep
|turn|23
|
|t:|1776067689
|switch|p1a: Garganacl|Garganacl, F|37/100
|move|p2a: Corviknight|Body Press|p1a: Garganacl
|-supereffective|p1a: Garganacl
|-damage|p1a: Garganacl|5/100
|
|-heal|p2a: Corviknight|99/100|[from] item: Leftovers
|-heal|p1a: Garganacl|11/100|[from] item: Leftovers
|upkeep
|turn|24
|
|t:|1776067695
|switch|p1a: Dragonite|Dragonite, M|100/100
|move|p2a: Corviknight|Body Press|p1a: Dragonite
|-resisted|p1a: Dragonite
|-crit|p1a: Dragonite
|-damage|p1a: Dragonite|91/100
|
|-heal|p2a: Corviknight|100/100|[from] item: Leftovers
|upkeep
|turn|25
|
|t:|1776067699
|move|p1a: Dragonite|Dragon Dance|p1a: Dragonite
|-boost|p1a: Dragonite|atk|1
|-boost|p1a: Dragonite|spe|1
|move|p2a: Corviknight|Defog|p1a: Dragonite
|-unboost|p1a: Dragonite|evasion|1
|-sideend|p2: icylikedecember|Stealth Rock|[from] move: Defog|[of] p2a: Corviknight
|
|upkeep
|turn|26
|
|t:|1776067703
|switch|p1a: Great Tusk|Great Tusk|100/100
|-enditem|p1a: Great Tusk|Booster Energy
|-activate|p1a: Great Tusk|ability: Protosynthesis|[fromitem]
|-start|p1a: Great Tusk|protosynthesisatk
|move|p2a: Corviknight|U-turn|p1a: Great Tusk
|-resisted|p1a: Great Tusk
|-damage|p1a: Great Tusk|95/100
|
|t:|1776067711
|switch|p2a: Landorus|Landorus-Therian, M|8/100|[from] U-turn
|-ability|p2a: Landorus|Intimidate|boost
|-unboost|p1a: Great Tusk|atk|1
|
|upkeep
|turn|27
|
|t:|1776067715
|move|p2a: Landorus|Earthquake|p1a: Great Tusk
|-damage|p1a: Great Tusk|61/100
|move|p1a: Great Tusk|Rapid Spin|p2a: Landorus
|-damage|p2a: Landorus|0 fnt
|-boost|p1a: Great Tusk|spe|1
|-damage|p1a: Great Tusk|44/100|[from] item: Rocky Helmet|[of] p2a: Landorus
|faint|p2a: Landorus
|
|upkeep
|
|t:|1776067720
|switch|p2a: Crawdaunt|Crawdaunt, F|48/100
|turn|28
|
|t:|1776067727
|move|p2a: Crawdaunt|Aqua Jet|p1a: Great Tusk
|-supereffective|p1a: Great Tusk
|-damage|p1a: Great Tusk|0 fnt
|faint|p1a: Great Tusk
|-end|p1a: Great Tusk|Protosynthesis|[silent]
|
|upkeep
|
|t:|1776067730
|switch|p1a: Dragonite|Dragonite, M|91/100
|turn|29
|
|t:|1776067734
|switch|p2a: Corviknight|Corviknight, F, shiny|100/100
|-ability|p2a: Corviknight|Pressure
|move|p1a: Dragonite|Dragon Dance|p1a: Dragonite
|-boost|p1a: Dragonite|atk|1
|-boost|p1a: Dragonite|spe|1
|
|upkeep
|turn|30
|
|t:|1776067739
|switch|p1a: Garganacl|Garganacl, F|11/100
|move|p2a: Corviknight|U-turn|p1a: Garganacl
|-damage|p1a: Garganacl|1/100
|
|t:|1776067743
|switch|p2a: Crawdaunt|Crawdaunt, F|48/100|[from] U-turn
|
|-heal|p1a: Garganacl|7/100|[from] item: Leftovers
|upkeep
|turn|31
|
|t:|1776067747
|move|p2a: Crawdaunt|Aqua Jet|p1a: Garganacl
|-supereffective|p1a: Garganacl
|-damage|p1a: Garganacl|0 fnt
|faint|p1a: Garganacl
|
|upkeep
|
|t:|1776067750
|switch|p1a: Dragonite|Dragonite, M|91/100
|turn|32
|
|t:|1776067754
|switch|p2a: Corviknight|Corviknight, F, shiny|100/100
|-ability|p2a: Corviknight|Pressure
|move|p1a: Dragonite|Dragon Dance|p1a: Dragonite
|-boost|p1a: Dragonite|atk|1
|-boost|p1a: Dragonite|spe|1
|
|upkeep
|turn|33
|
|t:|1776067759
|switch|p1a: Hatterene|Hatterene, F|82/100
|move|p2a: Corviknight|U-turn|p1a: Hatterene
|-damage|p1a: Hatterene|71/100
|-damage|p2a: Corviknight|84/100|[from] item: Rocky Helmet|[of] p1a: Hatterene
|
|t:|1776067761
|switch|p2a: Slowking|Slowking-Galar, M, shiny|65/100|[from] U-turn
|
|upkeep
|turn|34
|
|t:|1776067768
|switch|p1a: Dragonite|Dragonite, M|91/100
|move|p2a: Slowking|Sludge Bomb|p1a: Dragonite
|-damage|p1a: Dragonite|54/100
|
|upkeep
|turn|35
|
|t:|1776067774
|switch|p2a: Corviknight|Corviknight, F, shiny|84/100
|-ability|p2a: Corviknight|Pressure
|move|p1a: Dragonite|Roost|p1a: Dragonite
|-heal|p1a: Dragonite|100/100
|-singleturn|p1a: Dragonite|move: Roost
|
|-heal|p2a: Corviknight|90/100|[from] item: Leftovers
|upkeep
|turn|36
|
|t:|1776067779
|switch|p1a: Hatterene|Hatterene, F|71/100
|move|p2a: Corviknight|U-turn|p1a: Hatterene
|-damage|p1a: Hatterene|59/100
|-damage|p2a: Corviknight|73/100|[from] item: Rocky Helmet|[of] p1a: Hatterene
|
|t:|1776067781
|switch|p2a: Slowking|Slowking-Galar, M, shiny|98/100|[from] U-turn
|
|upkeep
|turn|37
|
|t:|1776067787
|switch|p1a: Dragonite|Dragonite, M|100/100
|move|p2a: Slowking|Sludge Bomb|p1a: Dragonite
|-damage|p1a: Dragonite|79/100
|
|upkeep
|turn|38
|
|t:|1776067793
|switch|p1a: Hatterene|Hatterene, F|59/100
|switch|p2a: Corviknight|Corviknight, F, shiny|73/100
|-ability|p2a: Corviknight|Pressure
|
|-heal|p2a: Corviknight|79/100|[from] item: Leftovers
|upkeep
|turn|39
|
|t:|1776067797
|move|p2a: Corviknight|U-turn|p1a: Hatterene
|-damage|p1a: Hatterene|47/100
|-damage|p2a: Corviknight|63/100|[from] item: Rocky Helmet|[of] p1a: Hatterene
|
|t:|1776067800
|switch|p2a: Slowking|Slowking-Galar, M, shiny|100/100|[from] U-turn
|move|p1a: Hatterene|Nuzzle|p2a: Slowking
|-damage|p2a: Slowking|96/100
|-status|p2a: Slowking|par
|
|upkeep
|turn|40
|
|t:|1776067807
|move|p1a: Hatterene|Pain Split|p2a: Slowking
|-sethp|p2a: Slowking|66/100 par|[from] move: Pain Split|[silent]
|-sethp|p1a: Hatterene|83/100|[from] move: Pain Split
|move|p2a: Slowking|Sludge Bomb|p1a: Hatterene
|-supereffective|p1a: Hatterene
|-damage|p1a: Hatterene|0 fnt
|faint|p1a: Hatterene
|
|upkeep
|
|t:|1776067813
|switch|p1a: Dragonite|Dragonite, M|79/100
|turn|41
|
|t:|1776067819
|switch|p2a: Corviknight|Corviknight, F, shiny|63/100
|-ability|p2a: Corviknight|Pressure
|move|p1a: Dragonite|Roost|p1a: Dragonite
|-heal|p1a: Dragonite|100/100
|-singleturn|p1a: Dragonite|move: Roost
|
|-heal|p2a: Corviknight|69/100|[from] item: Leftovers
|upkeep
|turn|42
|
|t:|1776067824
|move|p1a: Dragonite|Roost||[still]
|-fail|p1a: Dragonite|heal
|move|p2a: Corviknight|Body Press|p1a: Dragonite
|-resisted|p1a: Dragonite
|-damage|p1a: Dragonite|94/100
|
|-heal|p2a: Corviknight|75/100|[from] item: Leftovers
|upkeep
|turn|43
|
|t:|1776067829
|move|p1a: Dragonite|Roost|p1a: Dragonite
|-heal|p1a: Dragonite|100/100
|-singleturn|p1a: Dragonite|move: Roost
|move|p2a: Corviknight|U-turn|p1a: Dragonite
|-damage|p1a: Dragonite|93/100
|
|t:|1776067832
|switch|p2a: Crawdaunt|Crawdaunt, F|48/100|[from] U-turn
|
|upkeep
|turn|44
|
|t:|1776067835
|-activate|p1a: Dragonite|move: Struggle
|move|p1a: Dragonite|Struggle|p2a: Crawdaunt
|-crit|p2a: Crawdaunt
|-damage|p2a: Crawdaunt|5/100
|-damage|p1a: Dragonite|68/100|[from] recoil
|move|p2a: Crawdaunt|Crabhammer|p1a: Dragonite
|-resisted|p1a: Dragonite
|-damage|p1a: Dragonite|16/100
|
|upkeep
|turn|45
|
|t:|1776067843
|switch|p2a: Corviknight|Corviknight, F, shiny|75/100
|-ability|p2a: Corviknight|Pressure
|-activate|p1a: Dragonite|move: Struggle
|move|p1a: Dragonite|Struggle|p2a: Corviknight
|-damage|p2a: Corviknight|62/100
|-damage|p1a: Dragonite|0 fnt|[from] recoil
|faint|p1a: Dragonite
|
|win|icylikedecember
|raw|Blastoise_Choice's rating: 1533 &rarr; <strong>1516</strong><br />(-17 for losing)
|raw|icylikedecember's rating: 1580 &rarr; <strong>1597</strong><br />(+17 for winning)
|c|☆Blastoise_Choice|gg
