|html|<div class="broadcast-blue"><strong>[Gen 9] OU is currently suspecting Tera Blast! For information on how to participate check out the <a href="https://www.smogon.com/tools/suspects/view/200">suspect thread</a>.</strong></div>
|j|☆K.271203
|j|☆polaria_08
|t:|1776055291
|gametype|singles
|player|p1|K.271203|cynthia|1052
|player|p2|polaria_08|lady|1062
|gen|9
|tier|[Gen 9] OU
|rated|
|rule|HP Percentage Mod: HP is shown in percentages
|rule|Endless Battle Clause: Forcing endless battles is banned
|rule|Species Clause: Limit one of each Pokémon
|rule|OHKO Clause: OHKO moves are banned
|rule|Evasion Items Clause: Evasion items are banned
|rule|Evasion Moves Clause: Evasion moves are banned
|rule|Evasion Abilities Clause: Evasion abilities are banned
|rule|Sleep Moves Clause: Sleep-inducing moves are banned
|clearpoke
|poke|p1|Corviknight, F|
|poke|p1|Great Tusk|
|poke|p1|Serperior, F|
|poke|p1|Milotic, F|
|poke|p1|Primarina, F|
|poke|p1|Sylveon, M|
|poke|p2|Ninetales-Alola, M|
|poke|p2|Samurott-Hisui, M|
|poke|p2|Iron Valiant|
|poke|p2|Dragonite, M|
|poke|p2|Glaceon, M|
|poke|p2|Kingambit, F|
|teampreview
|
|t:|1776055308
|teamsize|p1|6
|teamsize|p2|6
|start
|switch|p1a: Primarina|Primarina, F, shiny|100/100
|switch|p2a: Ragnar|Samurott-Hisui, M|100/100
|turn|1
|
|t:|1776055320
|move|p2a: Ragnar|Ceaseless Edge|p1a: Primarina
|-resisted|p1a: Primarina
|-damage|p1a: Primarina|62/100
|-sidestart|p1: K.271203|Spikes
|-damage|p2a: Ragnar|91/100|[from] item: Life Orb
|move|p1a: Primarina|Moonblast|p2a: Ragnar
|-supereffective|p2a: Ragnar
|-damage|p2a: Ragnar|0 fnt
|faint|p2a: Ragnar
|
|upkeep
|
|t:|1776055326
|switch|p2a: Silva|Ninetales-Alola, M, shiny|100/100
|-weather|Snowscape|[from] ability: Snow Warning|[of] p2a: Silva
|turn|2
|
|t:|1776055337
|move|p2a: Silva|Aurora Veil|p2a: Silva
|-sidestart|p2: polaria_08|move: Aurora Veil
|move|p1a: Primarina|Moonblast|p2a: Silva
|-crit|p2a: Silva
|-damage|p2a: Silva|0 fnt
|faint|p2a: Silva
|
|-weather|Snowscape|[upkeep]
|upkeep
|
|t:|1776055349
|switch|p2a: Astraea|Iron Valiant|100/100
|-enditem|p2a: Astraea|Booster Energy
|-activate|p2a: Astraea|ability: Quark Drive|[fromitem]
|-start|p2a: Astraea|quarkdrivespe
|turn|3
|
|t:|1776055357
|move|p2a: Astraea|Psyshock|p1a: Primarina
|-damage|p1a: Primarina|24/100
|move|p1a: Primarina|Moonblast|p2a: Astraea
|-supereffective|p2a: Astraea
|-damage|p2a: Astraea|0 fnt
|faint|p2a: Astraea
|-end|p2a: Astraea|Quark Drive|[silent]
|
|-weather|Snowscape|[upkeep]
|upkeep
|
|t:|1776055361
|switch|p2a: Himmel|Dragonite, M|100/100
|turn|4
|
|t:|1776055367
|move|p2a: Himmel|Extreme Speed|p1a: Primarina
|-damage|p1a: Primarina|0 fnt
|faint|p1a: Primarina
|
|-weather|Snowscape|[upkeep]
|upkeep
|
|t:|1776055373
|switch|p1a: Milotic|Milotic, F, shiny|100/100
|-damage|p1a: Milotic|88/100|[from] Spikes
|turn|5
|
|t:|1776055380
|move|p2a: Himmel|Earthquake|p1a: Milotic
|-damage|p1a: Milotic|61/100
|move|p1a: Milotic|Ice Beam|p2a: Himmel
|-supereffective|p2a: Himmel
|-crit|p2a: Himmel
|-damage|p2a: Himmel|38/100
|
|-weather|Snowscape|[upkeep]
|-heal|p1a: Milotic|67/100|[from] item: Leftovers
|upkeep
|turn|6
|
|t:|1776055388
|move|p2a: Himmel|Extreme Speed|p1a: Milotic
|-damage|p1a: Milotic|43/100
|move|p1a: Milotic|Ice Beam|p2a: Himmel
|-supereffective|p2a: Himmel
|-damage|p2a: Himmel|0 fnt
|faint|p2a: Himmel
|
|-weather|none
|-heal|p1a: Milotic|49/100|[from] item: Leftovers
|upkeep
|
|t:|1776055393
|switch|p2a: Eislyn|Glaceon, M|100/100
|turn|7
|
|t:|1776055402
|move|p2a: Eislyn|Freeze-Dry|p1a: Milotic
|-supereffective|p1a: Milotic
|-damage|p1a: Milotic|0 fnt
|faint|p1a: Milotic
|
|upkeep
|
|t:|1776055412
|switch|p1a: Sylveon|Sylveon, M, shiny|100/100
|-damage|p1a: Sylveon|88/100|[from] Spikes
|turn|8
|
|t:|1776055419
|-terastallize|p1a: Sylveon|Fairy
|move|p2a: Eislyn|Freeze-Dry|p1a: Sylveon
|-damage|p1a: Sylveon|53/100
|move|p1a: Sylveon|Hyper Voice|p2a: Eislyn
|-damage|p2a: Eislyn|64/100
|
|-heal|p1a: Sylveon|59/100|[from] item: Leftovers
|upkeep
|turn|9
|
|t:|1776055430
|-terastallize|p2a: Eislyn|Ice
|move|p2a: Eislyn|Freeze-Dry|p1a: Sylveon
|-damage|p1a: Sylveon|4/100
|-status|p1a: Sylveon|frz
|cant|p1a: Sylveon|frz
|
|-heal|p1a: Sylveon|10/100 frz|[from] item: Leftovers
|-sideend|p2: polaria_08|move: Aurora Veil
|upkeep
|turn|10
|
|t:|1776055445
|move|p2a: Eislyn|Freeze-Dry|p1a: Sylveon
|-damage|p1a: Sylveon|0 fnt
|faint|p1a: Sylveon
|
|upkeep
|
|t:|1776055454
|switch|p1a: Serperior|Serperior, F, shiny|100/100
|-damage|p1a: Serperior|88/100|[from] Spikes
|turn|11
|
|t:|1776055459
|move|p1a: Serperior|Leaf Storm|p2a: Eislyn|[miss]
|-miss|p1a: Serperior|p2a: Eislyn
|move|p2a: Eislyn|Freeze-Dry|p1a: Serperior
|-supereffective|p1a: Serperior
|-damage|p1a: Serperior|0 fnt
|faint|p1a: Serperior
|
|upkeep
|
|t:|1776055470
|switch|p1a: Corviknight|Corviknight, F|100/100
|-ability|p1a: Corviknight|Pressure
|turn|12
|
|t:|1776055479
|move|p2a: Eislyn|Freeze-Dry|p1a: Corviknight
|-damage|p1a: Corviknight|41/100
|-status|p1a: Corviknight|frz
|cant|p1a: Corviknight|frz
|
|-heal|p1a: Corviknight|47/100 frz|[from] item: Leftovers
|upkeep
|turn|13
|
|t:|1776055491
|move|p2a: Eislyn|Freeze-Dry|p1a: Corviknight
|-damage|p1a: Corviknight|0 fnt
|faint|p1a: Corviknight
|
|upkeep
|
|t:|1776055501
|switch|p1a: Great Tusk|Great Tusk|100/100
|-damage|p1a: Great Tusk|88/100|[from] Spikes
|turn|14
|
|t:|1776055506
|move|p1a: Great Tusk|Close Combat|p2a: Eislyn
|-supereffective|p2a: Eislyn
|-damage|p2a: Eislyn|0 fnt
|-unboost|p1a: Great Tusk|def|1
|-unboost|p1a: Great Tusk|spd|1
|faint|p2a: Eislyn
|
|-heal|p1a: Great Tusk|94/100|[from] item: Leftovers
|upkeep
|
|t:|1776055513
|switch|p2a: Hildagard|Kingambit, F|100/100
|-activate|p2a: Hildagard|ability: Supreme Overlord
|-start|p2a: Hildagard|fallen5|[silent]
|turn|15
|
|t:|1776055524
|move|p1a: Great Tusk|Close Combat|p2a: Hildagard
|-supereffective|p2a: Hildagard
|-crit|p2a: Hildagard
|-damage|p2a: Hildagard|0 fnt
|-unboost|p1a: Great Tusk|def|1
|-unboost|p1a: Great Tusk|spd|1
|faint|p2a: Hildagard
|-end|p2a: Hildagard|fallen5|[silent]
|
|win|K.271203
|raw|K.271203's rating: 1052 &rarr; <strong>1085</strong><br />(+33 for winning)
|raw|polaria_08's rating: 1062 &rarr; <strong>1042</strong><br />(-20 for losing)
|l|☆K.271203
|player|p1|
|l|☆polaria_08
|player|p2|
