|html|<div class="broadcast-blue"><strong>[Gen 9] OU is currently suspecting Tera Blast! For information on how to participate check out the <a href="https://www.smogon.com/tools/suspects/view/200">suspect thread</a>.</strong></div>
|j|☆temporarylight
|j|☆fat chuds inc.
|t:|1776098702
|gametype|singles
|player|p1|temporarylight|lady|1675
|player|p2|fat chuds inc.|collector|1648
|gen|9
|tier|[Gen 9] OU
|rated|
|rule|HP Percentage Mod: HP is shown in percentages
|rule|Endless Battle Clause: Forcing endless battles is banned
|rule|Species Clause: Limit one of each Pokémon
|rule|OHKO Clause: OHKO moves are banned
|rule|Evasion Items Clause: Evasion items are banned
|rule|Evasion Moves Clause: Evasion moves are banned
|rule|Evasion Abilities Clause: Evasion abilities are banned
|rule|Sleep Moves Clause: Sleep-inducing moves are banned
|clearpoke
|poke|p1|Gliscor, M|
|poke|p1|Raging Bolt|
|poke|p1|Darkrai|
|poke|p1|Pecharunt|
|poke|p1|Hatterene, F|
|poke|p1|Zamazenta-*|
|poke|p2|Hoopa-Unbound|
|poke|p2|Zamazenta-*|
|poke|p2|Pecharunt|
|poke|p2|Iron Treads|
|poke|p2|Primarina, M|
|poke|p2|Dragonite, M|
|teampreview
|
|t:|1776098724
|teamsize|p1|6
|teamsize|p2|6
|start
|switch|p1a: Hatterene|Hatterene, F|100/100
|switch|p2a: Primarina|Primarina, M|100/100
|turn|1
|
|t:|1776098741
|move|p2a: Primarina|Moonblast|p1a: Hatterene
|-damage|p1a: Hatterene|49/100
|move|p1a: Hatterene|Calm Mind|p1a: Hatterene
|-boost|p1a: Hatterene|spa|1
|-boost|p1a: Hatterene|spd|1
|
|upkeep
|turn|2
|
|t:|1776098746
|move|p2a: Primarina|Psychic Noise|p1a: Hatterene
|-resisted|p1a: Hatterene
|-damage|p1a: Hatterene|40/100
|-start|p1a: Hatterene|move: Heal Block
|move|p1a: Hatterene|Pain Split|p2a: Primarina
|-sethp|p2a: Primarina|69/100|[from] move: Pain Split|[silent]
|-sethp|p1a: Hatterene|74/100|[from] move: Pain Split
|
|upkeep
|turn|3
|
|t:|1776098757
|move|p2a: Primarina|Moonblast|p1a: Hatterene
|-damage|p1a: Hatterene|34/100
|move|p1a: Hatterene|Psychic Noise|p2a: Primarina
|-damage|p2a: Primarina|39/100
|-start|p2a: Primarina|move: Heal Block
|
|-end|p1a: Hatterene|move: Heal Block
|upkeep
|turn|4
|
|t:|1776098764
|move|p2a: Primarina|Moonblast|p1a: Hatterene
|-damage|p1a: Hatterene|0 fnt
|faint|p1a: Hatterene
|
|-end|p2a: Primarina|move: Heal Block
|upkeep
|
|t:|1776098770
|switch|p1a: Pecharunt|Pecharunt|100/100
|-item|p1a: Pecharunt|Air Balloon
|turn|5
|
|t:|1776098774
|move|p1a: Pecharunt|Malignant Chain|p2a: Primarina
|-supereffective|p2a: Primarina
|-damage|p2a: Primarina|0 fnt
|faint|p2a: Primarina
|
|upkeep
|
|t:|1776098779
|switch|p2a: Hoopa|Hoopa-Unbound|100/100
|turn|6
|
|t:|1776098786
|switch|p1a: Gliscor|Gliscor, M|100/100
|move|p2a: Hoopa|Hyperspace Fury|p1a: Gliscor
|-damage|p1a: Gliscor|20/100
|-unboost|p2a: Hoopa|def|1
|
|-status|p1a: Gliscor|tox|[from] item: Toxic Orb
|upkeep
|turn|7
|
|t:|1776098830
|move|p2a: Hoopa|Hyperspace Fury|p1a: Gliscor
|-damage|p1a: Gliscor|0 fnt
|-unboost|p2a: Hoopa|def|1
|faint|p1a: Gliscor
|
|upkeep
|
|t:|1776098836
|switch|p1a: Zamazenta|Zamazenta|100/100
|-ability|p1a: Zamazenta|Dauntless Shield|boost
|-boost|p1a: Zamazenta|def|1
|turn|8
|
|t:|1776098839
|switch|p2a: Pecharunt|Pecharunt|100/100
|move|p1a: Zamazenta|Crunch|p2a: Pecharunt
|-supereffective|p2a: Pecharunt
|-damage|p2a: Pecharunt|76/100
|
|upkeep
|turn|9
|
|t:|1776098842
|switch|p1a: Darkrai|Darkrai|100/100
|move|p2a: Pecharunt|Malignant Chain|p1a: Darkrai
|-damage|p1a: Darkrai|57/100
|
|upkeep
|turn|10
|
|t:|1776098850
|switch|p2a: Zamazenta|Zamazenta|100/100
|-ability|p2a: Zamazenta|Dauntless Shield|boost
|-boost|p2a: Zamazenta|def|1
|move|p1a: Darkrai|Dark Pulse|p2a: Zamazenta
|-resisted|p2a: Zamazenta
|-damage|p2a: Zamazenta|84/100
|
|-heal|p2a: Zamazenta|91/100|[from] item: Leftovers
|upkeep
|turn|11
|
|t:|1776098856
|switch|p1a: Pecharunt|Pecharunt|100/100
|-item|p1a: Pecharunt|Air Balloon
|move|p2a: Zamazenta|Body Press|p1a: Pecharunt
|-immune|p1a: Pecharunt
|
|-heal|p2a: Zamazenta|97/100|[from] item: Leftovers
|upkeep
|turn|12
|
|t:|1776098859
|switch|p2a: Iron Treads|Iron Treads|100/100
|move|p1a: Pecharunt|Nasty Plot|p1a: Pecharunt
|-boost|p1a: Pecharunt|spa|2
|
|upkeep
|turn|13
|
|t:|1776098862
|move|p2a: Iron Treads|Ice Spinner|p1a: Pecharunt
|-damage|p1a: Pecharunt|83/100
|-enditem|p1a: Pecharunt|Air Balloon
|move|p1a: Pecharunt|Shadow Ball|p2a: Iron Treads
|-damage|p2a: Iron Treads|10/100
|
|upkeep
|turn|14
|
|t:|1776098873
|switch|p1a: Zamazenta|Zamazenta|100/100
|move|p2a: Iron Treads|Earthquake|p1a: Zamazenta
|-damage|p1a: Zamazenta|65/100
|
|-heal|p1a: Zamazenta|72/100|[from] item: Leftovers
|upkeep
|turn|15
|
|t:|1776098877
|-end|p2a: Iron Treads|Quark Drive|[silent]
|switch|p2a: Pecharunt|Pecharunt|76/100
|move|p1a: Zamazenta|Iron Defense|p1a: Zamazenta
|-boost|p1a: Zamazenta|def|2
|
|-heal|p1a: Zamazenta|78/100|[from] item: Leftovers
|upkeep
|turn|16
|
|t:|1776098882
|move|p1a: Zamazenta|Crunch|p2a: Pecharunt
|-supereffective|p2a: Pecharunt
|-damage|p2a: Pecharunt|50/100
|move|p2a: Pecharunt|Malignant Chain|p1a: Zamazenta
|-damage|p1a: Zamazenta|55/100
|
|-heal|p1a: Zamazenta|61/100|[from] item: Leftovers
|upkeep
|turn|17
|
|t:|1776098885
|move|p1a: Zamazenta|Crunch|p2a: Pecharunt
|-supereffective|p2a: Pecharunt
|-damage|p2a: Pecharunt|24/100
|move|p2a: Pecharunt|Recover|p2a: Pecharunt
|-heal|p2a: Pecharunt|74/100
|
|-heal|p1a: Zamazenta|68/100|[from] item: Leftovers
|upkeep
|turn|18
|
|t:|1776098888
|move|p1a: Zamazenta|Crunch|p2a: Pecharunt
|-supereffective|p2a: Pecharunt
|-damage|p2a: Pecharunt|47/100
|-unboost|p2a: Pecharunt|def|1
|move|p2a: Pecharunt|Malignant Chain|p1a: Zamazenta
|-damage|p1a: Zamazenta|41/100
|
|-heal|p1a: Zamazenta|47/100|[from] item: Leftovers
|upkeep
|turn|19
|
|t:|1776098895
|move|p1a: Zamazenta|Crunch|p2a: Pecharunt
|-supereffective|p2a: Pecharunt
|-damage|p2a: Pecharunt|8/100
|move|p2a: Pecharunt|Recover|p2a: Pecharunt
|-heal|p2a: Pecharunt|58/100
|
|-heal|p1a: Zamazenta|54/100|[from] item: Leftovers
|upkeep
|turn|20
|
|t:|1776098900
|switch|p2a: Iron Treads|Iron Treads|10/100
|move|p1a: Zamazenta|Crunch|p2a: Iron Treads
|-crit|p2a: Iron Treads
|-damage|p2a: Iron Treads|0 fnt
|faint|p2a: Iron Treads
|-end|p2a: Iron Treads|Quark Drive|[silent]
|
|-heal|p1a: Zamazenta|60/100|[from] item: Leftovers
|upkeep
|
|t:|1776098902
|switch|p2a: Pecharunt|Pecharunt|58/100
|turn|21
|
|t:|1776098906
|switch|p1a: Darkrai|Darkrai|57/100
|move|p2a: Pecharunt|Malignant Chain|p1a: Darkrai
|-damage|p1a: Darkrai|16/100
|-status|p1a: Darkrai|tox
|-start|p1a: Darkrai|confusion|[from] ability: Poison Puppeteer|[of] p2a: Pecharunt
|
|-damage|p1a: Darkrai|10/100 tox|[from] psn
|upkeep
|turn|22
|
|t:|1776098911
|switch|p2a: Zamazenta|Zamazenta|97/100
|-activate|p1a: Darkrai|confusion
|-damage|p1a: Darkrai|2/100 tox|[from] confusion
|
|-heal|p2a: Zamazenta|100/100|[from] item: Leftovers
|-damage|p1a: Darkrai|0 fnt|[from] psn
|faint|p1a: Darkrai
|upkeep
|
|t:|1776098919
|switch|p1a: Raging Bolt|Raging Bolt|100/100
|-enditem|p1a: Raging Bolt|Booster Energy
|-activate|p1a: Raging Bolt|ability: Protosynthesis|[fromitem]
|-start|p1a: Raging Bolt|protosynthesisspa
|turn|23
|
|t:|1776098924
|move|p1a: Raging Bolt|Calm Mind|p1a: Raging Bolt
|-boost|p1a: Raging Bolt|spa|1
|-boost|p1a: Raging Bolt|spd|1
|move|p2a: Zamazenta|Roar|p1a: Raging Bolt
|-end|p1a: Raging Bolt|Protosynthesis|[silent]
|drag|p1a: Pecharunt|Pecharunt|83/100
|
|upkeep
|turn|24
|
|t:|1776098930
|switch|p2a: Hoopa|Hoopa-Unbound|100/100
|move|p1a: Pecharunt|Nasty Plot|p1a: Pecharunt
|-boost|p1a: Pecharunt|spa|2
|
|upkeep
|turn|25
|
|t:|1776098942
|-terastallize|p1a: Pecharunt|Fairy
|move|p1a: Pecharunt|Malignant Chain|p2a: Hoopa
|-damage|p2a: Hoopa|23/100
|move|p2a: Hoopa|Hyperspace Fury|p1a: Pecharunt
|-resisted|p1a: Pecharunt
|-damage|p1a: Pecharunt|47/100
|-unboost|p2a: Hoopa|def|1
|
|upkeep
|turn|26
|
|t:|1776098948
|move|p1a: Pecharunt|Recover|p1a: Pecharunt
|-heal|p1a: Pecharunt|97/100
|move|p2a: Hoopa|Hyperspace Fury|p1a: Pecharunt
|-resisted|p1a: Pecharunt
|-damage|p1a: Pecharunt|64/100
|-unboost|p2a: Hoopa|def|1
|
|upkeep
|turn|27
|
|t:|1776098958
|move|p1a: Pecharunt|Nasty Plot|p1a: Pecharunt
|-boost|p1a: Pecharunt|spa|2
|move|p2a: Hoopa|Hyperspace Fury|p1a: Pecharunt
|-resisted|p1a: Pecharunt
|-damage|p1a: Pecharunt|30/100
|-unboost|p2a: Hoopa|def|1
|
|upkeep
|turn|28
|
|t:|1776098963
|switch|p2a: Zamazenta|Zamazenta|100/100
|move|p1a: Pecharunt|Recover|p1a: Pecharunt
|-heal|p1a: Pecharunt|81/100
|
|upkeep
|turn|29
|
|t:|1776098966
|-terastallize|p2a: Zamazenta|Ghost
|move|p1a: Pecharunt|Malignant Chain|p2a: Zamazenta
|-resisted|p2a: Zamazenta
|-damage|p2a: Zamazenta|54/100
|move|p2a: Zamazenta|Roar|p1a: Pecharunt
|drag|p1a: Raging Bolt|Raging Bolt|100/100
|
|-heal|p2a: Zamazenta|60/100|[from] item: Leftovers
|upkeep
|turn|30
|
|t:|1776098975
|move|p2a: Zamazenta|Iron Defense|p2a: Zamazenta
|-boost|p2a: Zamazenta|def|2
|move|p1a: Raging Bolt|Thunderbolt|p2a: Zamazenta
|-damage|p2a: Zamazenta|21/100
|
|-heal|p2a: Zamazenta|27/100|[from] item: Leftovers
|upkeep
|turn|31
|
|t:|1776098980
|move|p1a: Raging Bolt|Thunderbolt|p2a: Zamazenta
|-damage|p2a: Zamazenta|0 fnt
|faint|p2a: Zamazenta
|
|upkeep
|
|t:|1776098982
|switch|p2a: Dragonite|Dragonite, M|100/100
|turn|32
|
|t:|1776098985
|move|p2a: Dragonite|Earthquake|p1a: Raging Bolt
|-supereffective|p1a: Raging Bolt
|-damage|p1a: Raging Bolt|37/100
|move|p1a: Raging Bolt|Dragon Pulse|p2a: Dragonite
|-supereffective|p2a: Dragonite
|-damage|p2a: Dragonite|48/100
|
|upkeep
|turn|33
|
|t:|1776098999
|move|p2a: Dragonite|Earthquake|p1a: Raging Bolt
|-supereffective|p1a: Raging Bolt
|-damage|p1a: Raging Bolt|0 fnt
|faint|p1a: Raging Bolt
|-end|p1a: Raging Bolt|Protosynthesis|[silent]
|
|upkeep
|
|t:|1776099001
|switch|p1a: Pecharunt|Pecharunt, tera:Fairy|81/100
|turn|34
|
|t:|1776099005
|move|p1a: Pecharunt|Nasty Plot|p1a: Pecharunt
|-boost|p1a: Pecharunt|spa|2
|move|p2a: Dragonite|Earthquake|p1a: Pecharunt
|-damage|p1a: Pecharunt|54/100
|
|upkeep
|turn|35
|c|☆temporarylight|1 sec brb
|c|☆temporarylight|3 mins
|c|☆fat chuds inc.|dude
|l|☆temporarylight
|player|p1|
|-message|fat chuds inc. forfeited.
|
|win|temporarylight
|raw|temporarylight's rating: 1675 &rarr; <strong>1693</strong><br />(+18 for winning)
|raw|fat chuds inc.'s rating: 1648 &rarr; <strong>1630</strong><br />(-18 for losing)
|l|☆fat chuds inc.
|player|p2|
|j|☆temporarylight
|player|p1|temporarylight|lady|
|l|☆temporarylight
|player|p1|
|j|☆temporarylight
|player|p1|temporarylight|lady|
