|html|<div class="broadcast-blue"><strong>[Gen 9] OU is currently suspecting Tera Blast! For information on how to participate check out the <a href="https://www.smogon.com/tools/suspects/view/200">suspect thread</a>.</strong></div>
|j|☆kakabre
|j|☆m4debyjoak0
|t:|1776213478
|gametype|singles
|player|p1|kakabre|265|1434
|player|p2|m4debyjoak0|roxie|1406
|gen|9
|tier|[Gen 9] OU
|rated|
|rule|HP Percentage Mod: HP is shown in percentages
|rule|Endless Battle Clause: Forcing endless battles is banned
|rule|Species Clause: Limit one of each Pokémon
|rule|OHKO Clause: OHKO moves are banned
|rule|Evasion Items Clause: Evasion items are banned
|rule|Evasion Moves Clause: Evasion moves are banned
|rule|Evasion Abilities Clause: Evasion abilities are banned
|rule|Sleep Moves Clause: Sleep-inducing moves are banned
|clearpoke
|poke|p1|Deoxys-Speed|
|poke|p1|Great Tusk|
|poke|p1|Corviknight, F|
|poke|p1|Primarina, F|
|poke|p1|Raging Bolt|
|poke|p1|Rillaboom, M|
|poke|p2|Samurott-Hisui, M|
|poke|p2|Rillaboom, F|
|poke|p2|Heatran, F|
|poke|p2|Ogerpon-Wellspring, F|
|poke|p2|Gholdengo|
|poke|p2|Great Tusk|
|teampreview
|inactive|Battle timer is ON: inactive players will automatically lose when time's up. (requested by m4debyjoak0)
|
|t:|1776213486
|teamsize|p1|6
|teamsize|p2|6
|start
|switch|p1a: space patrol|Deoxys-Speed|100/100
|switch|p2a: Intruso|Samurott-Hisui, M|100/100
|-ability|p1a: space patrol|Pressure
|turn|1
|
|t:|1776213504
|switch|p1a: big booty judy|Raging Bolt|100/100
|move|p2a: Intruso|Ceaseless Edge|p1a: big booty judy
|-damage|p1a: big booty judy|57/100
|-sidestart|p1: kakabre|Spikes
|
|upkeep
|turn|2
|
|t:|1776213511
|switch|p2a: Impacto|Great Tusk|100/100
|move|p1a: big booty judy|Draco Meteor|p2a: Impacto
|-damage|p2a: Impacto|0 fnt
|-unboost|p1a: big booty judy|spa|2
|faint|p2a: Impacto
|-end|p2a: Impacto|Protosynthesis|[silent]
|
|upkeep
|
|t:|1776213516
|switch|p2a: Ciencia Lluvia|Ogerpon-Wellspring, F|100/100
|turn|3
|
|t:|1776213521
|move|p2a: Ciencia Lluvia|Swords Dance|p2a: Ciencia Lluvia
|-boost|p2a: Ciencia Lluvia|atk|2
|move|p1a: big booty judy|Volt Switch|p2a: Ciencia Lluvia
|-damage|p2a: Ciencia Lluvia|75/100
|
|t:|1776213538
|-end|p1a: big booty judy|Protosynthesis|[silent]
|switch|p1a: glizzy gobbler|Corviknight, F, shiny|100/100|[from] Volt Switch
|-ability|p1a: glizzy gobbler|Pressure
|
|upkeep
|turn|4
|
|t:|1776213546
|-terastallize|p2a: Ciencia Lluvia|Water
|detailschange|p2a: Ciencia Lluvia|Ogerpon-Wellspring-Tera, F, tera:Water
|-ability|p2a: Ciencia Lluvia|Embody Aspect (Wellspring)|boost
|-boost|p2a: Ciencia Lluvia|spd|1
|move|p2a: Ciencia Lluvia|Ivy Cudgel|p1a: glizzy gobbler|[anim] Ivy Cudgel Water
|-damage|p1a: glizzy gobbler|1/100
|move|p1a: glizzy gobbler|U-turn|p2a: Ciencia Lluvia
|-crit|p2a: Ciencia Lluvia
|-damage|p2a: Ciencia Lluvia|47/100
|
|t:|1776213554
|switch|p1a: ur ass is grass|Rillaboom, M|100/100|[from] U-turn
|-damage|p1a: ur ass is grass|88/100|[from] Spikes
|-fieldstart|move: Grassy Terrain|[from] ability: Grassy Surge|[of] p1a: ur ass is grass
|
|-heal|p2a: Ciencia Lluvia|53/100|[from] Grassy Terrain
|-heal|p1a: ur ass is grass|94/100|[from] Grassy Terrain
|upkeep
|turn|5
|
|t:|1776213557
|switch|p2a: Vínculo|Heatran, F|100/100
|move|p1a: ur ass is grass|Grassy Glide|p2a: Vínculo
|-resisted|p2a: Vínculo
|-damage|p2a: Vínculo|89/100
|-damage|p1a: ur ass is grass|84/100|[from] item: Life Orb
|
|-heal|p1a: ur ass is grass|91/100|[from] Grassy Terrain
|-heal|p2a: Vínculo|96/100|[from] Grassy Terrain
|upkeep
|turn|6
|
|t:|1776213577
|switch|p1a: neal the seal|Primarina, F|100/100
|-damage|p1a: neal the seal|88/100|[from] Spikes
|move|p2a: Vínculo|Magma Storm|p1a: neal the seal
|-resisted|p1a: neal the seal
|-damage|p1a: neal the seal|75/100
|-activate|p1a: neal the seal|move: Magma Storm|[of] p2a: Vínculo
|
|-heal|p2a: Vínculo|100/100|[from] Grassy Terrain
|-heal|p1a: neal the seal|82/100|[from] Grassy Terrain
|-damage|p1a: neal the seal|69/100|[from] move: Magma Storm|[partiallytrapped]
|upkeep
|turn|7
|
|t:|1776213594
|move|p2a: Vínculo|Earth Power|p1a: neal the seal
|-damage|p1a: neal the seal|54/100
|move|p1a: neal the seal|Hydro Pump|p2a: Vínculo
|-supereffective|p2a: Vínculo
|-damage|p2a: Vínculo|16/100
|
|-heal|p2a: Vínculo|22/100|[from] Grassy Terrain
|-heal|p1a: neal the seal|61/100|[from] Grassy Terrain
|-damage|p1a: neal the seal|48/100|[from] move: Magma Storm|[partiallytrapped]
|upkeep
|turn|8
|
|t:|1776213601
|switch|p2a: Ciencia Lluvia|Ogerpon-Wellspring-Tera, F, tera:Water|53/100
|-ability|p2a: Ciencia Lluvia|Embody Aspect (Wellspring)|boost
|-boost|p2a: Ciencia Lluvia|spd|1
|move|p1a: neal the seal|Sparkling Aria|p2a: Ciencia Lluvia
|-resisted|p2a: Ciencia Lluvia
|-damage|p2a: Ciencia Lluvia|33/100
|
|-heal|p2a: Ciencia Lluvia|39/100|[from] Grassy Terrain
|-heal|p1a: neal the seal|54/100|[from] Grassy Terrain
|-end|p1a: neal the seal|Magma Storm|[partiallytrapped]|[silent]
|-fieldend|move: Grassy Terrain
|upkeep
|turn|9
|
|t:|1776213605
|move|p2a: Ciencia Lluvia|Trailblaze|p1a: neal the seal
|-supereffective|p1a: neal the seal
|-damage|p1a: neal the seal|0 fnt
|-boost|p2a: Ciencia Lluvia|spe|1
|faint|p1a: neal the seal
|
|upkeep
|
|t:|1776213609
|switch|p1a: ur ass is grass|Rillaboom, M|91/100
|-damage|p1a: ur ass is grass|78/100|[from] Spikes
|-fieldstart|move: Grassy Terrain|[from] ability: Grassy Surge|[of] p1a: ur ass is grass
|turn|10
|
|t:|1776213614
|switch|p2a: Extraviados|Gholdengo|100/100
|move|p1a: ur ass is grass|Grassy Glide|p2a: Extraviados
|-resisted|p2a: Extraviados
|-damage|p2a: Extraviados|83/100
|-damage|p1a: ur ass is grass|68/100|[from] item: Life Orb
|
|-heal|p1a: ur ass is grass|74/100|[from] Grassy Terrain
|-heal|p2a: Extraviados|89/100|[from] Grassy Terrain
|upkeep
|turn|11
|
|t:|1776213629
|switch|p1a: glizzy gobbler|Corviknight, F, shiny|1/100
|-ability|p1a: glizzy gobbler|Pressure
|move|p2a: Extraviados|Make It Rain|p1a: glizzy gobbler
|-resisted|p1a: glizzy gobbler
|-damage|p1a: glizzy gobbler|0 fnt
|-unboost|p2a: Extraviados|spa|1
|faint|p1a: glizzy gobbler
|
|-heal|p2a: Extraviados|95/100|[from] Grassy Terrain
|upkeep
|inactive|kakabre has 120 seconds left.
|
|t:|1776213655
|switch|p1a: big booty judy|Raging Bolt|57/100
|turn|12
|
|t:|1776213660
|switch|p2a: Vínculo|Heatran, F|22/100
|move|p1a: big booty judy|Thunderbolt|p2a: Vínculo
|-damage|p2a: Vínculo|0 fnt
|faint|p2a: Vínculo
|
|-heal|p1a: big booty judy|63/100|[from] Grassy Terrain
|upkeep
|
|t:|1776213665
|switch|p2a: Intruso|Samurott-Hisui, M|100/100
|turn|13
|
|t:|1776213671
|move|p1a: big booty judy|Thunderbolt|p2a: Intruso
|-supereffective|p2a: Intruso
|-damage|p2a: Intruso|27/100
|move|p2a: Intruso|Ceaseless Edge|p1a: big booty judy
|-damage|p1a: big booty judy|24/100
|-sidestart|p1: kakabre|Spikes
|
|-heal|p1a: big booty judy|30/100|[from] Grassy Terrain
|-heal|p2a: Intruso|33/100|[from] Grassy Terrain
|upkeep
|turn|14
|
|t:|1776213676
|move|p2a: Intruso|Sucker Punch|p1a: big booty judy
|-damage|p1a: big booty judy|0 fnt
|faint|p1a: big booty judy
|-end|p1a: big booty judy|Protosynthesis|[silent]
|
|-heal|p2a: Intruso|39/100|[from] Grassy Terrain
|-fieldend|move: Grassy Terrain
|upkeep
|
|t:|1776213679
|switch|p1a: ur ass is grass|Rillaboom, M|74/100
|-damage|p1a: ur ass is grass|58/100|[from] Spikes
|-fieldstart|move: Grassy Terrain|[from] ability: Grassy Surge|[of] p1a: ur ass is grass
|turn|15
|
|t:|1776213684
|move|p2a: Intruso|Sucker Punch|p1a: ur ass is grass
|-damage|p1a: ur ass is grass|25/100
|move|p1a: ur ass is grass|Knock Off|p2a: Intruso
|-resisted|p2a: Intruso
|-damage|p2a: Intruso|15/100
|-enditem|p2a: Intruso|Assault Vest|[from] move: Knock Off|[of] p1a: ur ass is grass
|-damage|p1a: ur ass is grass|15/100|[from] item: Life Orb
|
|-heal|p1a: ur ass is grass|21/100|[from] Grassy Terrain
|-heal|p2a: Intruso|21/100|[from] Grassy Terrain
|upkeep
|turn|16
|
|t:|1776213688
|move|p1a: ur ass is grass|Grassy Glide|p2a: Intruso
|-supereffective|p2a: Intruso
|-damage|p2a: Intruso|0 fnt
|faint|p2a: Intruso
|-damage|p1a: ur ass is grass|11/100|[from] item: Life Orb
|
|-heal|p1a: ur ass is grass|17/100|[from] Grassy Terrain
|upkeep
|
|t:|1776213690
|switch|p2a: Tulipanes|Rillaboom, F|100/100
|turn|17
|
|t:|1776213694
|move|p2a: Tulipanes|U-turn|p1a: ur ass is grass
|-supereffective|p1a: ur ass is grass
|-damage|p1a: ur ass is grass|0 fnt
|faint|p1a: ur ass is grass
|
|t:|1776213697
|switch|p2a: Extraviados|Gholdengo|95/100|[from] U-turn
|
|-heal|p2a: Extraviados|100/100|[from] Grassy Terrain
|upkeep
|
|t:|1776213699
|switch|p1a: ricky spanish|Great Tusk|100/100
|-damage|p1a: ricky spanish|84/100|[from] Spikes
|-enditem|p1a: ricky spanish|Booster Energy
|-activate|p1a: ricky spanish|ability: Protosynthesis|[fromitem]
|-start|p1a: ricky spanish|protosynthesisatk
|turn|18
|
|t:|1776213704
|move|p1a: ricky spanish|Headlong Rush|p2a: Extraviados
|-supereffective|p2a: Extraviados
|-damage|p2a: Extraviados|0 fnt
|-unboost|p1a: ricky spanish|def|1
|-unboost|p1a: ricky spanish|spd|1
|faint|p2a: Extraviados
|
|-heal|p1a: ricky spanish|90/100|[from] Grassy Terrain
|upkeep
|
|t:|1776213706
|switch|p2a: Tulipanes|Rillaboom, F|100/100
|turn|19
|
|t:|1776213721
|-end|p1a: ricky spanish|Protosynthesis|[silent]
|switch|p1a: space patrol|Deoxys-Speed|100/100
|-damage|p1a: space patrol|84/100|[from] Spikes
|-ability|p1a: space patrol|Pressure
|move|p2a: Tulipanes|Wood Hammer|p1a: space patrol
|-damage|p1a: space patrol|0 fnt
|faint|p1a: space patrol
|-damage|p2a: Tulipanes|81/100|[from] Recoil
|
|-heal|p2a: Tulipanes|87/100|[from] Grassy Terrain
|-fieldend|move: Grassy Terrain
|upkeep
|
|t:|1776213726
|switch|p1a: ricky spanish|Great Tusk|90/100
|-damage|p1a: ricky spanish|73/100|[from] Spikes
|turn|20
|
|t:|1776213730
|move|p2a: Tulipanes|Wood Hammer|p1a: ricky spanish
|-supereffective|p1a: ricky spanish
|-damage|p1a: ricky spanish|0 fnt
|faint|p1a: ricky spanish
|-end|p1a: ricky spanish|Protosynthesis|[silent]
|-damage|p2a: Tulipanes|61/100|[from] Recoil
|
|win|m4debyjoak0
|raw|kakabre's rating: 1434 &rarr; <strong>1412</strong><br />(-22 for losing)
|raw|m4debyjoak0's rating: 1406 &rarr; <strong>1428</strong><br />(+22 for winning)
|l|☆kakabre
|player|p1|
|l|☆m4debyjoak0
|player|p2|
|j|☆m4debyjoak0
|player|p2|m4debyjoak0|roxie|
