|html|<div class="broadcast-blue"><strong>[Gen 9] OU is currently suspecting Volcarona! For information on how to participate check out the <a href="https://www.smogon.com/tools/suspects/view/208">suspect thread</a>.</strong></div>
|j|☆spiderkitty410
|j|☆jkreyes1
|t:|1778510279
|gametype|singles
|player|p1|spiderkitty410|brendan-masters|1464
|player|p2|jkreyes1|volkner|1467
|gen|9
|tier|[Gen 9] OU
|rated|
|rule|HP Percentage Mod: HP is shown in percentages
|rule|Endless Battle Clause: Forcing endless battles is banned
|rule|Species Clause: Limit one of each Pokémon
|rule|OHKO Clause: OHKO moves are banned
|rule|Evasion Items Clause: Evasion items are banned
|rule|Evasion Moves Clause: Evasion moves are banned
|rule|Evasion Abilities Clause: Evasion abilities are banned
|rule|Sleep Moves Clause: Sleep-inducing moves are banned
|clearpoke
|poke|p1|Garchomp, M|
|poke|p1|Gholdengo|
|poke|p1|Great Tusk|
|poke|p1|Alomomola, F|
|poke|p1|Greninja-*, M|
|poke|p1|Landorus-Therian, M|
|poke|p2|Gastrodon-East, M|
|poke|p2|Hippowdon, F|
|poke|p2|Landorus-Therian, M|
|poke|p2|Tyranitar, M|
|poke|p2|Zapdos|
|poke|p2|Excadrill, M|
|teampreview
|inactive|Battle timer is ON: inactive players will automatically lose when time's up. (requested by jkreyes1)
|
|t:|1778510301
|teamsize|p1|6
|teamsize|p2|6
|start
|switch|p1a: Landorus|Landorus-Therian, M|100/100
|switch|p2a: Landorus|Landorus-Therian, M, shiny|100/100
|-ability|p2a: Landorus|Intimidate|boost
|-unboost|p1a: Landorus|atk|1
|-ability|p1a: Landorus|Intimidate|boost
|-unboost|p2a: Landorus|atk|1
|turn|1
|
|t:|1778510325
|move|p2a: Landorus|U-turn|p1a: Landorus
|-resisted|p1a: Landorus
|-crit|p1a: Landorus
|-damage|p1a: Landorus|77/100
|
|t:|1778510328
|switch|p2a: Hippowdon|Hippowdon, F, shiny|100/100|[from] U-turn
|-weather|Sandstorm|[from] ability: Sand Stream|[of] p2a: Hippowdon
|move|p1a: Landorus|U-turn|p2a: Hippowdon
|-damage|p2a: Hippowdon|94/100
|-damage|p1a: Landorus|61/100|[from] item: Rocky Helmet|[of] p2a: Hippowdon
|
|t:|1778510352
|switch|p1a: Greninja|Greninja, M|100/100|[from] U-turn
|
|-weather|Sandstorm|[upkeep]
|-damage|p1a: Greninja|95/100|[from] Sandstorm
|upkeep
|turn|2
|
|t:|1778510356
|switch|p2a: Gastrodon|Gastrodon-East, M, shiny|100/100
|move|p1a: Greninja|Surf|p2a: Gastrodon
|-ability|p2a: Gastrodon|Storm Drain|boost
|-boost|p2a: Gastrodon|spa|1
|
|-weather|Sandstorm|[upkeep]
|-damage|p1a: Greninja|89/100|[from] Sandstorm
|upkeep
|turn|3
|
|t:|1778510361
|switch|p1a: Garchomp|Garchomp, M|100/100
|move|p2a: Gastrodon|Spikes|p1a: Garchomp
|-sidestart|p1: spiderkitty410|Spikes
|
|-weather|Sandstorm|[upkeep]
|upkeep
|turn|4
|
|t:|1778510369
|move|p1a: Garchomp|Stealth Rock|p2a: Gastrodon
|-sidestart|p2: jkreyes1|move: Stealth Rock
|move|p2a: Gastrodon|Ice Beam|p1a: Garchomp
|-supereffective|p1a: Garchomp
|-damage|p1a: Garchomp|0 fnt
|faint|p1a: Garchomp
|
|-weather|Sandstorm|[upkeep]
|upkeep
|
|t:|1778510372
|switch|p1a: Gholdengo|Gholdengo|100/100
|-damage|p1a: Gholdengo|88/100|[from] Spikes
|turn|5
|
|t:|1778510375
|move|p1a: Gholdengo|Shadow Ball|p2a: Gastrodon
|-damage|p2a: Gastrodon|55/100
|move|p2a: Gastrodon|Earth Power|p1a: Gholdengo
|-supereffective|p1a: Gholdengo
|-damage|p1a: Gholdengo|0 fnt
|faint|p1a: Gholdengo
|
|-weather|none
|-heal|p2a: Gastrodon|61/100|[from] item: Leftovers
|upkeep
|
|t:|1778510382
|switch|p1a: Landorus|Landorus-Therian, M|61/100
|-ability|p1a: Landorus|Intimidate|boost
|-unboost|p2a: Gastrodon|atk|1
|turn|6
|
|t:|1778510389
|move|p1a: Landorus|Grass Knot|p2a: Gastrodon
|-supereffective|p2a: Gastrodon
|-damage|p2a: Gastrodon|19/100
|move|p2a: Gastrodon|Recover|p2a: Gastrodon
|-heal|p2a: Gastrodon|69/100
|
|-heal|p1a: Landorus|67/100|[from] item: Leftovers
|-heal|p2a: Gastrodon|75/100|[from] item: Leftovers
|upkeep
|turn|7
|
|t:|1778510405
|switch|p1a: Alomomola|Alomomola, F|100/100
|-damage|p1a: Alomomola|88/100|[from] Spikes
|move|p2a: Gastrodon|Ice Beam|p1a: Alomomola
|-resisted|p1a: Alomomola
|-damage|p1a: Alomomola|69/100
|-enditem|p1a: Alomomola|Red Card|[of] p2a: Gastrodon
|drag|p2a: Excadrill|Excadrill, M, shiny|100/100
|-damage|p2a: Excadrill|97/100|[from] Stealth Rock
|
|upkeep
|turn|8
|
|t:|1778510411
|switch|p2a: Gastrodon|Gastrodon-East, M, shiny|75/100
|-damage|p2a: Gastrodon|69/100|[from] Stealth Rock
|move|p1a: Alomomola|Flip Turn|p2a: Gastrodon
|-ability|p2a: Gastrodon|Storm Drain|boost
|-boost|p2a: Gastrodon|spa|1
|
|-heal|p2a: Gastrodon|75/100|[from] item: Leftovers
|upkeep
|turn|9
|
|t:|1778510415
|move|p1a: Alomomola|Wish|p1a: Alomomola
|move|p2a: Gastrodon|Spikes|p1a: Alomomola
|-sidestart|p1: spiderkitty410|Spikes
|
|-heal|p2a: Gastrodon|81/100|[from] item: Leftovers
|upkeep
|turn|10
|
|t:|1778510419
|switch|p1a: Great Tusk|Great Tusk|100/100
|move|p2a: Gastrodon|Spikes|p1a: Great Tusk
|-sidestart|p1: spiderkitty410|Spikes
|
|-heal|p2a: Gastrodon|87/100|[from] item: Leftovers
|upkeep
|turn|11
|
|t:|1778510424
|move|p1a: Great Tusk|Rapid Spin|p2a: Gastrodon
|-damage|p2a: Gastrodon|70/100
|-boost|p1a: Great Tusk|spe|1
|-sideend|p1: spiderkitty410|Spikes|[from] move: Rapid Spin|[of] p1a: Great Tusk
|move|p2a: Gastrodon|Ice Beam|p1a: Great Tusk
|-supereffective|p1a: Great Tusk
|-damage|p1a: Great Tusk|8/100
|
|-heal|p2a: Gastrodon|76/100|[from] item: Leftovers
|upkeep
|turn|12
|
|t:|1778510428
|move|p1a: Great Tusk|Headlong Rush|p2a: Gastrodon
|-damage|p2a: Gastrodon|13/100
|-unboost|p1a: Great Tusk|def|1
|-unboost|p1a: Great Tusk|spd|1
|move|p2a: Gastrodon|Spikes|p1a: Great Tusk
|-sidestart|p1: spiderkitty410|Spikes
|
|-heal|p2a: Gastrodon|19/100|[from] item: Leftovers
|upkeep
|turn|13
|
|t:|1778510432
|switch|p2a: Hippowdon|Hippowdon, F, shiny|94/100
|-damage|p2a: Hippowdon|88/100|[from] Stealth Rock
|-weather|Sandstorm|[from] ability: Sand Stream|[of] p2a: Hippowdon
|move|p1a: Great Tusk|Rapid Spin|p2a: Hippowdon
|-crit|p2a: Hippowdon
|-damage|p2a: Hippowdon|72/100
|-boost|p1a: Great Tusk|spe|1
|-damage|p1a: Great Tusk|0 fnt|[from] item: Rocky Helmet|[of] p2a: Hippowdon
|faint|p1a: Great Tusk
|-end|p1a: Great Tusk|Protosynthesis|[silent]
|
|-weather|Sandstorm|[upkeep]
|upkeep
|
|t:|1778510436
|switch|p1a: Greninja|Greninja, M|89/100
|-damage|p1a: Greninja|76/100|[from] Spikes
|turn|14
|
|t:|1778510444
|switch|p2a: Tyranitar|Tyranitar, M, shiny|100/100
|-damage|p2a: Tyranitar|88/100|[from] Stealth Rock
|move|p1a: Greninja|Surf|p2a: Tyranitar
|-supereffective|p2a: Tyranitar
|-damage|p2a: Tyranitar|35/100
|
|-weather|Sandstorm|[upkeep]
|-damage|p1a: Greninja|70/100|[from] Sandstorm
|upkeep
|turn|15
|
|t:|1778510447
|move|p1a: Greninja|Surf|p2a: Tyranitar
|-supereffective|p2a: Tyranitar
|-damage|p2a: Tyranitar|0 fnt
|faint|p2a: Tyranitar
|-ability|p1a: Greninja|Battle Bond|boost
|-boost|p1a: Greninja|atk|1
|-boost|p1a: Greninja|spa|1
|-boost|p1a: Greninja|spe|1
|-activate|p1a: Greninja|ability: Battle Bond
|
|-weather|Sandstorm|[upkeep]
|-damage|p1a: Greninja|64/100|[from] Sandstorm
|upkeep
|
|t:|1778510449
|switch|p2a: Excadrill|Excadrill, M, shiny|97/100
|-damage|p2a: Excadrill|94/100|[from] Stealth Rock
|turn|16
|
|t:|1778510454
|-terastallize|p1a: Greninja|Water
|-terastallize|p2a: Excadrill|Flying
|move|p1a: Greninja|Water Shuriken|p2a: Excadrill
|-damage|p2a: Excadrill|73/100
|-damage|p2a: Excadrill|50/100
|-hitcount|p2a: Excadrill|2
|move|p2a: Excadrill|Earthquake|p1a: Greninja
|-crit|p1a: Greninja
|-damage|p1a: Greninja|0 fnt
|faint|p1a: Greninja
|-damage|p2a: Excadrill|40/100|[from] item: Life Orb
|
|-weather|Sandstorm|[upkeep]
|upkeep
|
|t:|1778510481
|switch|p1a: Landorus|Landorus-Therian, M|67/100
|-ability|p1a: Landorus|Intimidate|boost
|-unboost|p2a: Excadrill|atk|1
|turn|17
|
|t:|1778510491
|move|p2a: Excadrill|Iron Head|p1a: Landorus
|-damage|p1a: Landorus|27/100
|-damage|p2a: Excadrill|30/100|[from] item: Life Orb
|move|p1a: Landorus|U-turn|p2a: Excadrill
|-resisted|p2a: Excadrill
|-damage|p2a: Excadrill|15/100
|
|t:|1778510498
|switch|p1a: Alomomola|Alomomola, F|100/100|[from] U-turn
|-damage|p1a: Alomomola|88/100|[from] Spikes
|
|-weather|none
|upkeep
|turn|18
|j| psoe=mafia
|
|t:|1778510503
|move|p2a: Excadrill|Rapid Spin|p1a: Alomomola
|-damage|p1a: Alomomola|80/100
|-boost|p2a: Excadrill|spe|1
|-sideend|p2: jkreyes1|Stealth Rock|[from] move: Rapid Spin|[of] p2a: Excadrill
|-damage|p2a: Excadrill|5/100|[from] item: Life Orb
|move|p1a: Alomomola|Acrobatics|p2a: Excadrill
|-damage|p2a: Excadrill|0 fnt
|faint|p2a: Excadrill
|
|upkeep
|
|t:|1778510507
|switch|p2a: Zapdos|Zapdos, shiny|100/100
|turn|19
|
|t:|1778510520
|move|p2a: Zapdos|Hurricane|p1a: Alomomola
|-damage|p1a: Alomomola|7/100
|-start|p1a: Alomomola|confusion
|-activate|p1a: Alomomola|confusion
|move|p1a: Alomomola|Wish|p1a: Alomomola
|
|upkeep
|turn|20
|
|t:|1778510523
|move|p2a: Zapdos|Hurricane|p1a: Alomomola
|-damage|p1a: Alomomola|0 fnt
|faint|p1a: Alomomola
|
|upkeep
|
|t:|1778510526
|switch|p1a: Landorus|Landorus-Therian, M|27/100
|-ability|p1a: Landorus|Intimidate|boost
|-unboost|p2a: Zapdos|atk|1
|turn|21
|
|t:|1778510543
|move|p1a: Landorus|Taunt|p2a: Zapdos
|-start|p2a: Zapdos|move: Taunt
|move|p2a: Zapdos|Hurricane|p1a: Landorus
|-damage|p1a: Landorus|0 fnt
|faint|p1a: Landorus
|
|win|jkreyes1
|raw|spiderkitty410's rating: 1464 &rarr; <strong>1444</strong><br />(-20 for losing)
|raw|jkreyes1's rating: 1467 &rarr; <strong>1487</strong><br />(+20 for winning)
|l|☆jkreyes1
|player|p2|
|l| psoe=mafia
|l|☆spiderkitty410
|player|p1|
