|html|<div class="broadcast-blue"><strong>[Gen 9] OU is currently suspecting Tera Blast! For information on how to participate check out the <a href="https://www.smogon.com/tools/suspects/view/200">suspect thread</a>.</strong></div>
|j|☆Futamihara Ririko
|j|☆Arkkie
|t:|1776049279
|gametype|singles
|player|p1|Futamihara Ririko|swimmerf-gen4dp|1441
|player|p2|Arkkie|102|1457
|gen|9
|tier|[Gen 9] OU
|rated|
|rule|HP Percentage Mod: HP is shown in percentages
|rule|Endless Battle Clause: Forcing endless battles is banned
|rule|Species Clause: Limit one of each Pokémon
|rule|OHKO Clause: OHKO moves are banned
|rule|Evasion Items Clause: Evasion items are banned
|rule|Evasion Moves Clause: Evasion moves are banned
|rule|Evasion Abilities Clause: Evasion abilities are banned
|rule|Sleep Moves Clause: Sleep-inducing moves are banned
|clearpoke
|poke|p1|Great Tusk|
|poke|p1|Meowscarada, F|
|poke|p1|Torkoal, F|
|poke|p1|Hatterene, F|
|poke|p1|Walking Wake|
|poke|p1|Typhlosion-Hisui, F|
|poke|p2|Ceruledge, F|
|poke|p2|Scizor, M|
|poke|p2|Glimmora, M|
|poke|p2|Kommo-o, F|
|poke|p2|Cloyster, F|
|poke|p2|Serperior, M|
|teampreview
|inactive|Battle timer is ON: inactive players will automatically lose when time's up. (requested by Futamihara Ririko)
|j| ohko_smeargle
|
|t:|1776049295
|teamsize|p1|6
|teamsize|p2|6
|start
|switch|p1a: Torkoal|Torkoal, F|100/100
|switch|p2a: Glimmora|Glimmora, M|100/100
|-weather|SunnyDay|[from] ability: Drought|[of] p1a: Torkoal
|turn|1
|
|t:|1776049304
|move|p2a: Glimmora|Mortal Spin|p1a: Torkoal
|-damage|p1a: Torkoal|97/100
|-status|p1a: Torkoal|psn
|move|p1a: Torkoal|Rapid Spin|p2a: Glimmora
|-resisted|p2a: Glimmora
|-damage|p2a: Glimmora|94/100
|-boost|p1a: Torkoal|spe|1
|-activate|p2a: Glimmora|ability: Toxic Debris
|-sidestart|p1: Futamihara Ririko|move: Toxic Spikes
|-sideend|p1: Futamihara Ririko|Toxic Spikes|[from] move: Rapid Spin|[of] p1a: Torkoal
|
|-weather|SunnyDay|[upkeep]
|-damage|p1a: Torkoal|84/100 psn|[from] psn
|upkeep
|turn|2
|
|t:|1776049316
|switch|p1a: Hatterene|Hatterene, F|100/100
|move|p2a: Glimmora|Power Gem|p1a: Hatterene
|-damage|p1a: Hatterene|59/100
|-enditem|p1a: Hatterene|Eject Button
|
|t:|1776049320
|switch|p1a: Typhlosion|Typhlosion-Hisui, F|100/100
|
|-weather|SunnyDay|[upkeep]
|upkeep
|turn|3
|
|t:|1776049328
|move|p1a: Typhlosion|Eruption|p2a: Glimmora
|-resisted|p2a: Glimmora
|-damage|p2a: Glimmora|0 fnt
|faint|p2a: Glimmora
|
|-weather|SunnyDay|[upkeep]
|upkeep
|
|t:|1776049335
|switch|p2a: Ceruledge|Ceruledge, F|100/100
|turn|4
|
|t:|1776049344
|move|p1a: Typhlosion|Eruption|p2a: Ceruledge
|-resisted|p2a: Ceruledge
|-damage|p2a: Ceruledge|6/100
|move|p2a: Ceruledge|Swords Dance|p2a: Ceruledge
|-boost|p2a: Ceruledge|atk|2
|
|-weather|SunnyDay|[upkeep]
|upkeep
|turn|5
|
|t:|1776049357
|switch|p1a: Meowscarada|Meowscarada, F|100/100
|move|p2a: Ceruledge|Shadow Sneak|p1a: Meowscarada
|-resisted|p1a: Meowscarada
|-damage|p1a: Meowscarada|69/100
|
|-weather|SunnyDay|[upkeep]
|upkeep
|turn|6
|
|t:|1776049364
|move|p1a: Meowscarada|U-turn|p2a: Ceruledge
|-start|p1a: Meowscarada|typechange|Bug|[from] ability: Protean
|-resisted|p2a: Ceruledge
|-damage|p2a: Ceruledge|0 fnt
|faint|p2a: Ceruledge
|
|t:|1776049370
|switch|p1a: Typhlosion|Typhlosion-Hisui, F|100/100|[from] U-turn
|
|-weather|SunnyDay|[upkeep]
|upkeep
|
|t:|1776049380
|switch|p2a: Serperior|Serperior, M|100/100
|turn|7
|inactive|Futamihara Ririko has 120 seconds left.
|
|t:|1776049413
|-terastallize|p2a: Serperior|Dragon
|move|p2a: Serperior|Dragon Pulse|p1a: Typhlosion
|-damage|p1a: Typhlosion|56/100
|move|p1a: Typhlosion|Flamethrower|p2a: Serperior
|-resisted|p2a: Serperior
|-damage|p2a: Serperior|37/100
|
|-weather|SunnyDay|[upkeep]
|-heal|p2a: Serperior|43/100|[from] item: Leftovers
|upkeep
|turn|8
|
|t:|1776049424
|move|p2a: Serperior|Dragon Pulse|p1a: Typhlosion
|-damage|p1a: Typhlosion|10/100
|move|p1a: Typhlosion|Flamethrower|p2a: Serperior
|-resisted|p2a: Serperior
|-damage|p2a: Serperior|0 fnt
|faint|p2a: Serperior
|
|-weather|none
|upkeep
|
|t:|1776049429
|switch|p2a: Scizor|Scizor, M|100/100
|turn|9
|
|t:|1776049433
|switch|p1a: Torkoal|Torkoal, F|84/100 psn
|-weather|SunnyDay|[from] ability: Drought|[of] p1a: Torkoal
|move|p2a: Scizor|Bullet Punch|p1a: Torkoal
|-resisted|p1a: Torkoal
|-damage|p1a: Torkoal|73/100 psn
|
|-weather|SunnyDay|[upkeep]
|-damage|p1a: Torkoal|60/100 psn|[from] psn
|upkeep
|turn|10
|
|t:|1776049441
|switch|p2a: Cloyster|Cloyster, F|100/100
|move|p1a: Torkoal|Stealth Rock|p2a: Cloyster
|-sidestart|p2: Arkkie|move: Stealth Rock
|
|-weather|SunnyDay|[upkeep]
|-damage|p1a: Torkoal|48/100 psn|[from] psn
|upkeep
|turn|11
|
|t:|1776049451
|move|p2a: Cloyster|Shell Smash|p2a: Cloyster
|-unboost|p2a: Cloyster|def|1
|-unboost|p2a: Cloyster|spd|1
|-boost|p2a: Cloyster|atk|2
|-boost|p2a: Cloyster|spa|2
|-boost|p2a: Cloyster|spe|2
|-enditem|p2a: Cloyster|White Herb
|-clearnegativeboost|p2a: Cloyster|[silent]
|move|p1a: Torkoal|Flamethrower|p2a: Cloyster
|-damage|p2a: Cloyster|0 fnt
|faint|p2a: Cloyster
|
|-weather|SunnyDay|[upkeep]
|-damage|p1a: Torkoal|35/100 psn|[from] psn
|upkeep
|
|t:|1776049460
|switch|p2a: Kommo-o|Kommo-o, F|100/100
|-damage|p2a: Kommo-o|94/100|[from] Stealth Rock
|turn|12
|
|t:|1776049467
|switch|p1a: Meowscarada|Meowscarada, F|69/100
|move|p2a: Kommo-o|Clangorous Soul|p2a: Kommo-o
|-boost|p2a: Kommo-o|atk|1
|-boost|p2a: Kommo-o|def|1
|-boost|p2a: Kommo-o|spa|1
|-boost|p2a: Kommo-o|spd|1
|-boost|p2a: Kommo-o|spe|1
|-damage|p2a: Kommo-o|61/100
|-enditem|p2a: Kommo-o|Throat Spray
|-boost|p2a: Kommo-o|spa|1|[from] item: Throat Spray
|
|-weather|SunnyDay|[upkeep]
|upkeep
|turn|13
|
|t:|1776049476
|move|p1a: Meowscarada|Trick|p2a: Kommo-o
|-start|p1a: Meowscarada|typechange|Psychic|[from] ability: Protean
|-activate|p1a: Meowscarada|move: Trick|[of] p2a: Kommo-o
|-item|p2a: Kommo-o|Choice Scarf|[from] move: Trick
|-enditem|p1a: Meowscarada|Choice Scarf|[silent]|[from] move: Trick
|move|p2a: Kommo-o|Flamethrower|p1a: Meowscarada
|-damage|p1a: Meowscarada|0 fnt
|faint|p1a: Meowscarada
|
|-weather|SunnyDay|[upkeep]
|upkeep
|
|t:|1776049479
|switch|p1a: Walking Wake|Walking Wake|100/100
|-activate|p1a: Walking Wake|ability: Protosynthesis
|-start|p1a: Walking Wake|protosynthesisspe
|turn|14
|-message|Arkkie forfeited.
|
|win|Futamihara Ririko
|raw|Futamihara Ririko's rating: 1455 &rarr; <strong>1475</strong><br />(+20 for winning)
|raw|Arkkie's rating: 1457 &rarr; <strong>1437</strong><br />(-20 for losing)
|l|☆Arkkie
|player|p2|
|l| ohko_smeargle
|l|☆Futamihara Ririko
|player|p1|
