|html|<div class="broadcast-blue"><strong>[Gen 9] OU is currently suspecting Volcarona! For information on how to participate check out the <a href="https://www.smogon.com/tools/suspects/view/208">suspect thread</a>.</strong></div>
|j|☆ShibaBiba
|j|☆a764779268
|t:|1778504165
|gametype|singles
|player|p1|ShibaBiba|lucas|1100
|player|p2|a764779268|102|1134
|gen|9
|tier|[Gen 9] OU
|rated|
|rule|HP Percentage Mod: HP is shown in percentages
|rule|Endless Battle Clause: Forcing endless battles is banned
|rule|Species Clause: Limit one of each Pokémon
|rule|OHKO Clause: OHKO moves are banned
|rule|Evasion Items Clause: Evasion items are banned
|rule|Evasion Moves Clause: Evasion moves are banned
|rule|Evasion Abilities Clause: Evasion abilities are banned
|rule|Sleep Moves Clause: Sleep-inducing moves are banned
|clearpoke
|poke|p1|Coalossal, M|
|poke|p1|Cyclizar, M|
|poke|p1|Feraligatr, M|
|poke|p1|Rotom-Mow|
|poke|p1|Iron Treads|
|poke|p1|Diancie|
|poke|p2|Venusaur, M|
|poke|p2|Walking Wake|
|poke|p2|Torkoal, F|
|poke|p2|Great Tusk|
|poke|p2|Charizard, M|
|poke|p2|Garchomp, M|
|teampreview
|inactive|Battle timer is ON: inactive players will automatically lose when time's up. (requested by ShibaBiba)
|
|t:|1778504174
|teamsize|p1|6
|teamsize|p2|6
|start
|switch|p1a: Cannonbolt|Iron Treads, shiny|100/100
|switch|p2a: Garchomp|Garchomp, M|100/100
|-enditem|p1a: Cannonbolt|Booster Energy
|-activate|p1a: Cannonbolt|ability: Quark Drive|[fromitem]
|-start|p1a: Cannonbolt|quarkdrivespe
|turn|1
|
|t:|1778504187
|-terastallize|p2a: Garchomp|Steel
|move|p1a: Cannonbolt|Stealth Rock|p2a: Garchomp
|-sidestart|p2: a764779268|move: Stealth Rock
|move|p2a: Garchomp|Earthquake|p1a: Cannonbolt
|-supereffective|p1a: Cannonbolt
|-damage|p1a: Cannonbolt|18/100
|
|upkeep
|turn|2
|
|t:|1778504208
|move|p1a: Cannonbolt|Earthquake|p2a: Garchomp
|-supereffective|p2a: Garchomp
|-damage|p2a: Garchomp|41/100
|move|p2a: Garchomp|Sunny Day|p2a: Garchomp
|-weather|SunnyDay
|
|-weather|SunnyDay|[upkeep]
|upkeep
|turn|3
|
|t:|1778504217
|switch|p2a: Charizard|Charizard, M|100/100
|move|p1a: Cannonbolt|Earthquake|p2a: Charizard
|-immune|p2a: Charizard
|
|-weather|SunnyDay|[upkeep]
|-damage|p2a: Charizard|88/100|[from] ability: Solar Power|[of] p2a: Charizard
|upkeep
|turn|4
|
|t:|1778504235
|move|p1a: Cannonbolt|Ice Spinner|p2a: Charizard
|-damage|p2a: Charizard|53/100
|move|p2a: Charizard|Solar Beam||[still]
|-prepare|p2a: Charizard|Solar Beam
|-anim|p2a: Charizard|Solar Beam|p1a: Cannonbolt
|-damage|p1a: Cannonbolt|0 fnt
|faint|p1a: Cannonbolt
|-end|p1a: Cannonbolt|Quark Drive|[silent]
|
|-weather|SunnyDay|[upkeep]
|-damage|p2a: Charizard|41/100|[from] ability: Solar Power|[of] p2a: Charizard
|upkeep
|inactive|ShibaBiba has 120 seconds left.
|
|t:|1778504256
|switch|p1a: Heatblast|Coalossal, M|100/100
|turn|5
|inactive|ShibaBiba has 120 seconds left.
|
|t:|1778504262
|move|p2a: Charizard|Air Slash|p1a: Heatblast
|-resisted|p1a: Heatblast
|-damage|p1a: Heatblast|82/100
|move|p1a: Heatblast|Power Gem|p2a: Charizard
|-supereffective|p2a: Charizard
|-damage|p2a: Charizard|0 fnt
|faint|p2a: Charizard
|
|-weather|SunnyDay|[upkeep]
|upkeep
|
|t:|1778504271
|switch|p2a: Torkoal|Torkoal, F|100/100
|-damage|p2a: Torkoal|75/100|[from] Stealth Rock
|turn|6
|inactive|ShibaBiba has 120 seconds left.
|
|t:|1778504288
|move|p1a: Heatblast|Power Gem|p2a: Torkoal
|-supereffective|p2a: Torkoal
|-crit|p2a: Torkoal
|-damage|p2a: Torkoal|0 fnt
|faint|p2a: Torkoal
|
|-weather|none
|upkeep
|-message|a764779268 forfeited.
|
|win|ShibaBiba
|raw|ShibaBiba's rating: 1100 &rarr; <strong>1127</strong><br />(+27 for winning)
|raw|a764779268's rating: 1134 &rarr; <strong>1107</strong><br />(-27 for losing)
|l|☆a764779268
|player|p2|
|l|☆ShibaBiba
|player|p1|
