|html|<div class="broadcast-blue"><strong>[Gen 9] OU is currently suspecting Tera Blast! For information on how to participate check out the <a href="https://www.smogon.com/tools/suspects/view/200">suspect thread</a>.</strong></div>
|j|☆w4v3pri5m
|j|☆RicardExtraPur
|t:|1776101157
|gametype|singles
|player|p1|w4v3pri5m|101|1265
|player|p2|RicardExtraPur|170|1275
|gen|9
|tier|[Gen 9] OU
|rated|
|rule|HP Percentage Mod: HP is shown in percentages
|rule|Endless Battle Clause: Forcing endless battles is banned
|rule|Species Clause: Limit one of each Pokémon
|rule|OHKO Clause: OHKO moves are banned
|rule|Evasion Items Clause: Evasion items are banned
|rule|Evasion Moves Clause: Evasion moves are banned
|rule|Evasion Abilities Clause: Evasion abilities are banned
|rule|Sleep Moves Clause: Sleep-inducing moves are banned
|clearpoke
|poke|p1|Darkrai|
|poke|p1|Ribombee, M|
|poke|p1|Toxtricity, M|
|poke|p1|Quaquaval, M|
|poke|p1|Lilligant-Hisui, F|
|poke|p1|Moltres|
|poke|p2|Corviknight, F|
|poke|p2|Ceruledge, F|
|poke|p2|Ogerpon-Wellspring, F|
|poke|p2|Zapdos|
|poke|p2|Clodsire, M|
|poke|p2|Iron Valiant|
|teampreview
|inactive|Battle timer is ON: inactive players will automatically lose when time's up. (requested by RicardExtraPur)
|
|t:|1776101188
|teamsize|p1|6
|teamsize|p2|6
|start
|switch|p1a: Bee's Knees|Ribombee, M, shiny|100/100
|switch|p2a: Ceruledge|Ceruledge, F|100/100
|turn|1
|
|t:|1776101195
|move|p1a: Bee's Knees|Sticky Web|p2a: Ceruledge
|-sidestart|p2: RicardExtraPur|move: Sticky Web
|move|p2a: Ceruledge|Swords Dance|p2a: Ceruledge
|-boost|p2a: Ceruledge|atk|2
|
|upkeep
|turn|2
|
|t:|1776101202
|move|p1a: Bee's Knees|Moonblast|p2a: Ceruledge
|-resisted|p2a: Ceruledge
|-damage|p2a: Ceruledge|76/100
|move|p2a: Ceruledge|Bitter Blade|p1a: Bee's Knees
|-supereffective|p1a: Bee's Knees
|-enditem|p1a: Bee's Knees|Focus Sash
|-damage|p1a: Bee's Knees|1/100
|-heal|p2a: Ceruledge|100/100|[from] drain|[of] p1a: Bee's Knees
|
|upkeep
|turn|3
|
|t:|1776101216
|move|p1a: Bee's Knees|Moonblast|p2a: Ceruledge
|-resisted|p2a: Ceruledge
|-damage|p2a: Ceruledge|77/100
|move|p2a: Ceruledge|Swords Dance|p2a: Ceruledge
|-boost|p2a: Ceruledge|atk|2
|
|upkeep
|turn|4
|
|t:|1776101224
|move|p1a: Bee's Knees|Moonblast|p2a: Ceruledge
|-resisted|p2a: Ceruledge
|-damage|p2a: Ceruledge|54/100
|move|p2a: Ceruledge|Bitter Blade|p1a: Bee's Knees
|-supereffective|p1a: Bee's Knees
|-damage|p1a: Bee's Knees|0 fnt
|-heal|p2a: Ceruledge|54/100|[from] drain|[of] p1a: Bee's Knees
|faint|p1a: Bee's Knees
|
|upkeep
|
|t:|1776101231
|switch|p1a: Edgy|Darkrai|100/100
|turn|5
|
|t:|1776101237
|switch|p2a: Corviknight|Corviknight, F|100/100
|move|p1a: Edgy|Dark Pulse|p2a: Corviknight
|-damage|p2a: Corviknight|61/100
|
|upkeep
|turn|6
|
|t:|1776101246
|switch|p1a: Tixen|Toxtricity, M|100/100
|move|p2a: Corviknight|Defog|p1a: Tixen
|-unboost|p1a: Tixen|evasion|1
|-sideend|p2: RicardExtraPur|Sticky Web|[from] move: Defog|[of] p2a: Corviknight
|
|upkeep
|turn|7
|
|t:|1776101253
|switch|p2a: Clodsire|Clodsire, M|100/100
|move|p1a: Tixen|Shift Gear|p1a: Tixen
|-boost|p1a: Tixen|spe|2
|-boost|p1a: Tixen|atk|1
|
|upkeep
|turn|8
|
|t:|1776101261
|-terastallize|p1a: Tixen|Normal
|move|p1a: Tixen|Boomburst|p2a: Clodsire
|-damage|p2a: Clodsire|51/100
|-enditem|p1a: Tixen|Throat Spray
|-boost|p1a: Tixen|spa|1|[from] item: Throat Spray
|move|p2a: Clodsire|Earthquake|p1a: Tixen
|-damage|p1a: Tixen|60/100
|
|-heal|p2a: Clodsire|58/100|[from] item: Leftovers
|upkeep
|turn|9
|
|t:|1776101289
|move|p1a: Tixen|Boomburst|p2a: Clodsire
|-damage|p2a: Clodsire|11/100
|move|p2a: Clodsire|Earthquake|p1a: Tixen
|-damage|p1a: Tixen|16/100
|
|-heal|p2a: Clodsire|17/100|[from] item: Leftovers
|upkeep
|turn|10
|
|t:|1776101301
|move|p2a: Clodsire|Protect|p2a: Clodsire
|-singleturn|p2a: Clodsire|Protect
|move|p1a: Tixen|Boomburst|p2a: Clodsire
|-activate|p2a: Clodsire|move: Protect
|
|-heal|p2a: Clodsire|24/100|[from] item: Leftovers
|upkeep
|turn|11
|inactive|RicardExtraPur has 120 seconds left.
|
|t:|1776101317
|switch|p2a: Corviknight|Corviknight, F|61/100
|move|p1a: Tixen|Boomburst|p2a: Corviknight
|-resisted|p2a: Corviknight
|-damage|p2a: Corviknight|0 fnt
|faint|p2a: Corviknight
|
|upkeep
|inactive|RicardExtraPur has 120 seconds left.
|
|t:|1776101326
|switch|p2a: Iron Valiant|Iron Valiant|100/100
|-enditem|p2a: Iron Valiant|Booster Energy
|-activate|p2a: Iron Valiant|ability: Quark Drive|[fromitem]
|-start|p2a: Iron Valiant|quarkdrivespe
|turn|12
|inactive|RicardExtraPur has 120 seconds left.
|
|t:|1776101340
|move|p2a: Iron Valiant|Vacuum Wave|p1a: Tixen
|-supereffective|p1a: Tixen
|-damage|p1a: Tixen|0 fnt
|faint|p1a: Tixen
|
|upkeep
|
|t:|1776101343
|switch|p1a: Hop Scotch|Quaquaval, M|100/100
|turn|13
|
|t:|1776101347
|move|p2a: Iron Valiant|Moonblast|p1a: Hop Scotch
|-supereffective|p1a: Hop Scotch
|-damage|p1a: Hop Scotch|38/100
|move|p1a: Hop Scotch|Aqua Step|p2a: Iron Valiant
|-damage|p2a: Iron Valiant|49/100
|-boost|p1a: Hop Scotch|spe|1
|
|upkeep
|turn|14
|
|t:|1776101355
|-end|p2a: Iron Valiant|Quark Drive|[silent]
|switch|p2a: Ogerpon|Ogerpon-Wellspring, F|100/100
|switch|p1a: Rubber Chicken|Moltres|100/100
|
|upkeep
|turn|15
|
|t:|1776101363
|switch|p2a: Ceruledge|Ceruledge, F|54/100
|move|p1a: Rubber Chicken|Will-O-Wisp|p2a: Ceruledge
|-immune|p2a: Ceruledge
|
|upkeep
|turn|16
|
|t:|1776101374
|move|p2a: Ceruledge|Poltergeist|p1a: Rubber Chicken
|-activate|p1a: Rubber Chicken|move: Poltergeist|Heavy-Duty Boots
|-damage|p1a: Rubber Chicken|52/100
|move|p1a: Rubber Chicken|Air Slash|p2a: Ceruledge
|-damage|p2a: Ceruledge|14/100
|
|upkeep
|turn|17
|
|t:|1776101384
|move|p2a: Ceruledge|Poltergeist|p1a: Rubber Chicken
|-activate|p1a: Rubber Chicken|move: Poltergeist|Heavy-Duty Boots
|-damage|p1a: Rubber Chicken|1/100
|move|p1a: Rubber Chicken|Roost|p1a: Rubber Chicken
|-heal|p1a: Rubber Chicken|51/100
|-singleturn|p1a: Rubber Chicken|move: Roost
|
|upkeep
|turn|18
|
|t:|1776101395
|move|p2a: Ceruledge|Poltergeist|p1a: Rubber Chicken
|-activate|p1a: Rubber Chicken|move: Poltergeist|Heavy-Duty Boots
|-damage|p1a: Rubber Chicken|1/100
|move|p1a: Rubber Chicken|Air Slash|p2a: Ceruledge
|-crit|p2a: Ceruledge
|-damage|p2a: Ceruledge|0 fnt
|faint|p2a: Ceruledge
|
|upkeep
|
|t:|1776101405
|switch|p2a: Iron Valiant|Iron Valiant|49/100
|turn|19
|
|t:|1776101411
|move|p2a: Iron Valiant|Vacuum Wave|p1a: Rubber Chicken
|-resisted|p1a: Rubber Chicken
|-damage|p1a: Rubber Chicken|0 fnt
|faint|p1a: Rubber Chicken
|
|upkeep
|
|t:|1776101416
|switch|p1a: Clogworx|Lilligant-Hisui, F, shiny|100/100
|turn|20
|
|t:|1776101423
|-terastallize|p2a: Iron Valiant|Fairy
|move|p2a: Iron Valiant|Moonblast|p1a: Clogworx
|-supereffective|p1a: Clogworx
|-enditem|p1a: Clogworx|Focus Sash
|-damage|p1a: Clogworx|1/100
|move|p1a: Clogworx|Leaf Blade|p2a: Iron Valiant
|-damage|p2a: Iron Valiant|0 fnt
|faint|p2a: Iron Valiant
|-end|p2a: Iron Valiant|Quark Drive|[silent]
|
|upkeep
|
|t:|1776101436
|switch|p2a: Ogerpon|Ogerpon-Wellspring, F|100/100
|turn|21
|
|t:|1776101440
|move|p2a: Ogerpon|Horn Leech|p1a: Clogworx
|-resisted|p1a: Clogworx
|-damage|p1a: Clogworx|0 fnt
|faint|p1a: Clogworx
|
|upkeep
|
|t:|1776101443
|switch|p1a: Edgy|Darkrai|100/100
|turn|22
|
|t:|1776101451
|move|p1a: Edgy|Sludge Bomb|p2a: Ogerpon
|-supereffective|p2a: Ogerpon
|-damage|p2a: Ogerpon|31/100
|move|p2a: Ogerpon|Horn Leech|p1a: Edgy
|-damage|p1a: Edgy|46/100
|-heal|p2a: Ogerpon|57/100|[from] drain|[of] p1a: Edgy
|
|upkeep
|turn|23
|
|t:|1776101459
|switch|p2a: Clodsire|Clodsire, M|24/100
|move|p1a: Edgy|Sludge Bomb|p2a: Clodsire
|-resisted|p2a: Clodsire
|-damage|p2a: Clodsire|20/100
|
|-heal|p2a: Clodsire|26/100|[from] item: Leftovers
|upkeep
|turn|24
|
|t:|1776101468
|move|p1a: Edgy|Psychic|p2a: Clodsire
|-supereffective|p2a: Clodsire
|-damage|p2a: Clodsire|0 fnt
|faint|p2a: Clodsire
|
|upkeep
|
|t:|1776101473
|switch|p2a: Zapdos|Zapdos|100/100
|turn|25
|
|t:|1776101479
|move|p1a: Edgy|Dark Pulse|p2a: Zapdos
|-damage|p2a: Zapdos|53/100
|cant|p2a: Zapdos|flinch
|
|upkeep
|turn|26
|
|t:|1776101485
|move|p1a: Edgy|Dark Pulse|p2a: Zapdos
|-damage|p2a: Zapdos|4/100
|move|p2a: Zapdos|Volt Switch|p1a: Edgy
|-damage|p1a: Edgy|0 fnt
|faint|p1a: Edgy
|-message|w4v3pri5m forfeited.
|
|win|RicardExtraPur
|raw|w4v3pri5m's rating: 1265 &rarr; <strong>1241</strong><br />(-24 for losing)
|raw|RicardExtraPur's rating: 1275 &rarr; <strong>1299</strong><br />(+24 for winning)
|l|☆w4v3pri5m
|player|p1|
|l|☆RicardExtraPur
|player|p2|
