|html|<div class="broadcast-blue"><strong>[Gen 9] OU is currently suspecting Tera Blast! For information on how to participate check out the <a href="https://www.smogon.com/tools/suspects/view/200">suspect thread</a>.</strong></div>
|j|☆haxorus2
|j|☆Littleblackberry
|t:|1776068587
|gametype|singles
|player|p1|haxorus2|101|1145
|player|p2|Littleblackberry|skierf|1157
|gen|9
|tier|[Gen 9] OU
|rated|
|rule|HP Percentage Mod: HP is shown in percentages
|rule|Endless Battle Clause: Forcing endless battles is banned
|rule|Species Clause: Limit one of each Pokémon
|rule|OHKO Clause: OHKO moves are banned
|rule|Evasion Items Clause: Evasion items are banned
|rule|Evasion Moves Clause: Evasion moves are banned
|rule|Evasion Abilities Clause: Evasion abilities are banned
|rule|Sleep Moves Clause: Sleep-inducing moves are banned
|clearpoke
|poke|p1|Sylveon, M|
|poke|p1|Primarina, M|
|poke|p1|Rillaboom, F|
|poke|p1|Revavroom, M|
|poke|p1|Lokix, M|
|poke|p1|Great Tusk|
|poke|p2|Alomomola, F|
|poke|p2|Slowking-Galar, M|
|poke|p2|Hydrapple, F|
|poke|p2|Toxapex, M|
|poke|p2|Glimmora, M|
|poke|p2|Forretress, M|
|teampreview
|
|t:|1776068598
|teamsize|p1|6
|teamsize|p2|6
|start
|switch|p1a: Lokix|Lokix, M|100/100
|switch|p2a: Slowking|Slowking-Galar, M|100/100
|turn|1
|
|t:|1776068614
|switch|p2a: Alomomola|Alomomola, F, shiny|100/100
|move|p1a: Lokix|First Impression|p2a: Alomomola
|-damage|p2a: Alomomola|67/100
|-damage|p1a: Lokix|84/100|[from] item: Rocky Helmet|[of] p2a: Alomomola
|
|upkeep
|turn|2
|
|t:|1776068628
|switch|p1a: Sylveon|Sylveon, M|100/100
|switch|p2a: Toxapex|Toxapex, M|100/100
|
|upkeep
|turn|3
|
|t:|1776068644
|switch|p1a: Great Tusk|Great Tusk|100/100
|move|p2a: Toxapex|Toxic|p1a: Great Tusk
|-status|p1a: Great Tusk|tox
|
|-damage|p1a: Great Tusk|94/100 tox|[from] psn
|upkeep
|turn|4
|
|t:|1776068651
|move|p2a: Toxapex|Baneful Bunker|p2a: Toxapex
|-singleturn|p2a: Toxapex|move: Protect
|move|p1a: Great Tusk|Bulk Up|p1a: Great Tusk
|-boost|p1a: Great Tusk|atk|1
|-boost|p1a: Great Tusk|def|1
|
|-heal|p1a: Great Tusk|100/100 tox|[from] item: Leftovers
|-damage|p1a: Great Tusk|88/100 tox|[from] psn
|upkeep
|turn|5
|
|t:|1776068667
|switch|p2a: Hydrapple|Hydrapple, F|100/100
|move|p1a: Great Tusk|Rapid Spin|p2a: Hydrapple
|-damage|p2a: Hydrapple|80/100
|-boost|p1a: Great Tusk|spe|1
|-damage|p1a: Great Tusk|72/100 tox|[from] item: Rocky Helmet|[of] p2a: Hydrapple
|
|-heal|p1a: Great Tusk|78/100 tox|[from] item: Leftovers
|-damage|p1a: Great Tusk|59/100 tox|[from] psn
|upkeep
|turn|6
|
|t:|1776068679
|move|p1a: Great Tusk|Close Combat|p2a: Hydrapple
|-crit|p2a: Hydrapple
|-damage|p2a: Hydrapple|0 fnt
|-unboost|p1a: Great Tusk|def|1
|-unboost|p1a: Great Tusk|spd|1
|-damage|p1a: Great Tusk|43/100 tox|[from] item: Rocky Helmet|[of] p2a: Hydrapple
|faint|p2a: Hydrapple
|
|-heal|p1a: Great Tusk|49/100 tox|[from] item: Leftovers
|-damage|p1a: Great Tusk|24/100 tox|[from] psn
|upkeep
|
|t:|1776068689
|switch|p2a: Alomomola|Alomomola, F, shiny|100/100
|turn|7
|
|t:|1776068694
|move|p2a: Alomomola|Protect|p2a: Alomomola
|-singleturn|p2a: Alomomola|Protect
|move|p1a: Great Tusk|Close Combat|p2a: Alomomola
|-activate|p2a: Alomomola|move: Protect
|
|-heal|p1a: Great Tusk|30/100 tox|[from] item: Leftovers
|-damage|p1a: Great Tusk|0 fnt|[from] psn
|faint|p1a: Great Tusk
|-end|p1a: Great Tusk|Protosynthesis|[silent]
|upkeep
|
|t:|1776068705
|switch|p1a: Revavroom|Revavroom, M|100/100
|turn|8
|
|t:|1776068716
|switch|p2a: Forretress|Forretress, M|100/100
|move|p1a: Revavroom|Shift Gear|p1a: Revavroom
|-boost|p1a: Revavroom|spe|2
|-boost|p1a: Revavroom|atk|1
|
|upkeep
|turn|9
|
|t:|1776068723
|move|p1a: Revavroom|Shift Gear|p1a: Revavroom
|-boost|p1a: Revavroom|spe|2
|-boost|p1a: Revavroom|atk|1
|move|p2a: Forretress|Stealth Rock|p1a: Revavroom
|-sidestart|p1: haxorus2|move: Stealth Rock
|
|upkeep
|turn|10
|
|t:|1776068741
|move|p1a: Revavroom|Temper Flare|p2a: Forretress
|-supereffective|p2a: Forretress
|-ability|p2a: Forretress|Sturdy
|-damage|p2a: Forretress|1/100
|-damage|p1a: Revavroom|84/100|[from] item: Rocky Helmet|[of] p2a: Forretress
|move|p2a: Forretress|Spikes|p1a: Revavroom
|-sidestart|p1: haxorus2|Spikes
|
|upkeep
|turn|11
|
|t:|1776068763
|move|p1a: Revavroom|Temper Flare|p2a: Forretress
|-supereffective|p2a: Forretress
|-damage|p2a: Forretress|0 fnt
|-damage|p1a: Revavroom|67/100|[from] item: Rocky Helmet|[of] p2a: Forretress
|faint|p2a: Forretress
|
|upkeep
|
|t:|1776068776
|switch|p2a: Glimmora|Glimmora, M|100/100
|turn|12
|
|t:|1776068782
|move|p2a: Glimmora|Spiky Shield|p2a: Glimmora
|-singleturn|p2a: Glimmora|move: Protect
|move|p1a: Revavroom|Iron Head|p2a: Glimmora
|-activate|p2a: Glimmora|move: Protect
|-damage|p1a: Revavroom|55/100|[from] Spiky Shield|[of] p2a: Glimmora
|
|upkeep
|turn|13
|
|t:|1776068791
|move|p1a: Revavroom|Iron Head|p2a: Glimmora
|-supereffective|p2a: Glimmora
|-crit|p2a: Glimmora
|-enditem|p2a: Glimmora|Focus Sash
|-damage|p2a: Glimmora|1/100
|move|p2a: Glimmora|Toxic|p1a: Revavroom
|-status|p1a: Revavroom|tox
|
|-damage|p1a: Revavroom|49/100 tox|[from] psn
|upkeep
|turn|14
|
|t:|1776068802
|move|p2a: Glimmora|Spiky Shield|p2a: Glimmora
|-singleturn|p2a: Glimmora|move: Protect
|move|p1a: Revavroom|Iron Head|p2a: Glimmora
|-activate|p2a: Glimmora|move: Protect
|-damage|p1a: Revavroom|37/100 tox|[from] Spiky Shield|[of] p2a: Glimmora
|
|-damage|p1a: Revavroom|25/100 tox|[from] psn
|upkeep
|turn|15
|
|t:|1776068814
|move|p2a: Glimmora|Spiky Shield||[still]
|-fail|p2a: Glimmora
|move|p1a: Revavroom|Gunk Shot|p2a: Glimmora
|-resisted|p2a: Glimmora
|-damage|p2a: Glimmora|0 fnt
|faint|p2a: Glimmora
|
|-damage|p1a: Revavroom|7/100 tox|[from] psn
|upkeep
|
|t:|1776068826
|switch|p2a: Alomomola|Alomomola, F, shiny|100/100
|turn|16
|
|t:|1776068830
|move|p2a: Alomomola|Protect|p2a: Alomomola
|-singleturn|p2a: Alomomola|Protect
|move|p1a: Revavroom|Gunk Shot|p2a: Alomomola
|-activate|p2a: Alomomola|move: Protect
|
|-damage|p1a: Revavroom|0 fnt|[from] psn
|faint|p1a: Revavroom
|upkeep
|
|t:|1776068839
|switch|p1a: Rillaboom|Rillaboom, F|100/100
|-damage|p1a: Rillaboom|88/100|[from] Stealth Rock
|-damage|p1a: Rillaboom|76/100|[from] Spikes
|-fieldstart|move: Grassy Terrain|[from] ability: Grassy Surge|[of] p1a: Rillaboom
|turn|17
|
|t:|1776068861
|switch|p2a: Toxapex|Toxapex, M|100/100
|move|p1a: Rillaboom|Bulk Up|p1a: Rillaboom
|-boost|p1a: Rillaboom|atk|1
|-boost|p1a: Rillaboom|def|1
|
|-heal|p1a: Rillaboom|82/100|[from] Grassy Terrain
|upkeep
|turn|18
|
|t:|1776068871
|move|p1a: Rillaboom|High Horsepower|p2a: Toxapex
|-supereffective|p2a: Toxapex
|-damage|p2a: Toxapex|18/100
|move|p2a: Toxapex|Toxic|p1a: Rillaboom
|-status|p1a: Rillaboom|tox
|
|-heal|p1a: Rillaboom|88/100 tox|[from] Grassy Terrain
|-heal|p2a: Toxapex|24/100|[from] Grassy Terrain
|-heal|p2a: Toxapex|30/100|[from] item: Black Sludge
|-damage|p1a: Rillaboom|82/100 tox|[from] psn
|upkeep
|turn|19
|
|t:|1776068882
|move|p2a: Toxapex|Baneful Bunker|p2a: Toxapex
|-singleturn|p2a: Toxapex|move: Protect
|move|p1a: Rillaboom|Bulk Up|p1a: Rillaboom
|-boost|p1a: Rillaboom|atk|1
|-boost|p1a: Rillaboom|def|1
|
|-heal|p1a: Rillaboom|88/100 tox|[from] Grassy Terrain
|-heal|p2a: Toxapex|36/100|[from] Grassy Terrain
|-heal|p2a: Toxapex|43/100|[from] item: Black Sludge
|-damage|p1a: Rillaboom|76/100 tox|[from] psn
|upkeep
|turn|20
|
|t:|1776068894
|switch|p2a: Alomomola|Alomomola, F, shiny|100/100
|move|p1a: Rillaboom|Grassy Glide|p2a: Alomomola
|-supereffective|p2a: Alomomola
|-damage|p2a: Alomomola|20/100
|-damage|p1a: Rillaboom|59/100 tox|[from] item: Rocky Helmet|[of] p2a: Alomomola
|
|-heal|p1a: Rillaboom|65/100 tox|[from] Grassy Terrain
|-heal|p2a: Alomomola|27/100|[from] Grassy Terrain
|-damage|p1a: Rillaboom|47/100 tox|[from] psn
|upkeep
|turn|21
|
|t:|1776068906
|move|p2a: Alomomola|Protect|p2a: Alomomola
|-singleturn|p2a: Alomomola|Protect
|move|p1a: Rillaboom|Bulk Up|p1a: Rillaboom
|-boost|p1a: Rillaboom|atk|1
|-boost|p1a: Rillaboom|def|1
|
|-heal|p1a: Rillaboom|53/100 tox|[from] Grassy Terrain
|-heal|p2a: Alomomola|33/100|[from] Grassy Terrain
|-damage|p1a: Rillaboom|28/100 tox|[from] psn
|upkeep
|turn|22
|
|t:|1776068920
|move|p2a: Alomomola|Protect|p2a: Alomomola
|-singleturn|p2a: Alomomola|Protect
|move|p1a: Rillaboom|High Horsepower|p2a: Alomomola
|-activate|p2a: Alomomola|move: Protect
|
|-heal|p1a: Rillaboom|34/100 tox|[from] Grassy Terrain
|-heal|p2a: Alomomola|39/100|[from] Grassy Terrain
|-damage|p1a: Rillaboom|3/100 tox|[from] psn
|upkeep
|turn|23
|inactive|Battle timer is ON: inactive players will automatically lose when time's up. (requested by Littleblackberry)
|inactive|haxorus2 has 120 seconds left.
|l|☆haxorus2
|inactive|haxorus2 disconnected and has a minute to reconnect!
|player|p1|
|inactive|haxorus2 has 30 seconds to reconnect!
|inactive|haxorus2 has 20 seconds to reconnect!
|inactive|haxorus2 has 15 seconds to reconnect!
|inactive|haxorus2 has 10 seconds to reconnect!
|inactive|haxorus2 has 5 seconds to reconnect!
|-message|haxorus2 lost due to inactivity.
|
|win|Littleblackberry
|raw|haxorus2's rating: 1145 &rarr; <strong>1121</strong><br />(-24 for losing)
|raw|Littleblackberry's rating: 1157 &rarr; <strong>1181</strong><br />(+24 for winning)
|l|☆Littleblackberry
|player|p2|
