|html|<div class="broadcast-blue"><strong>[Gen 9] OU is currently suspecting Tera Blast! For information on how to participate check out the <a href="https://www.smogon.com/tools/suspects/view/200">suspect thread</a>.</strong></div>
|j|☆Chris789001
|j|☆dubstepwubfish
|t:|1776075301
|gametype|singles
|player|p1|Chris789001|266|1199
|player|p2|dubstepwubfish|ninjaboy|1291
|gen|9
|tier|[Gen 9] OU
|rated|
|rule|HP Percentage Mod: HP is shown in percentages
|rule|Endless Battle Clause: Forcing endless battles is banned
|rule|Species Clause: Limit one of each Pokémon
|rule|OHKO Clause: OHKO moves are banned
|rule|Evasion Items Clause: Evasion items are banned
|rule|Evasion Moves Clause: Evasion moves are banned
|rule|Evasion Abilities Clause: Evasion abilities are banned
|rule|Sleep Moves Clause: Sleep-inducing moves are banned
|clearpoke
|poke|p1|Cloyster, M|
|poke|p1|Hydreigon, F|
|poke|p1|Froslass, F|
|poke|p1|Lurantis, M|
|poke|p1|Manaphy|
|poke|p1|Blaziken, M|
|poke|p2|Slowking-Galar, F|
|poke|p2|Tornadus-Therian, M|
|poke|p2|Cinderace, M|
|poke|p2|Lokix, M|
|poke|p2|Hydrapple, M|
|poke|p2|Great Tusk|
|teampreview
|
|t:|1776075345
|teamsize|p1|6
|teamsize|p2|6
|start
|switch|p1a: Blaziken|Blaziken, M|100/100
|switch|p2a: Hydrapple|Hydrapple, M|100/100
|turn|1
|
|t:|1776075360
|move|p1a: Blaziken|Bulk Up|p1a: Blaziken
|-boost|p1a: Blaziken|atk|1
|-boost|p1a: Blaziken|def|1
|move|p2a: Hydrapple|Earth Power|p1a: Blaziken
|-supereffective|p1a: Blaziken
|-damage|p1a: Blaziken|0 fnt
|faint|p1a: Blaziken
|-damage|p2a: Hydrapple|91/100|[from] item: Life Orb
|
|upkeep
|
|t:|1776075392
|switch|p1a: Froslass|Froslass, F|100/100
|turn|2
|
|t:|1776075400
|switch|p2a: Cinderace|Cinderace, M|100/100
|move|p1a: Froslass|Snowscape|p1a: Froslass
|-weather|Snowscape
|
|-weather|Snowscape|[upkeep]
|upkeep
|turn|3
|
|t:|1776075413
|move|p2a: Cinderace|Pyro Ball|p1a: Froslass
|-supereffective|p1a: Froslass
|-damage|p1a: Froslass|0 fnt
|faint|p1a: Froslass
|
|-weather|Snowscape|[upkeep]
|upkeep
|
|t:|1776075420
|switch|p1a: Hydreigon|Hydreigon, F|100/100
|turn|4
|
|t:|1776075424
|move|p2a: Cinderace|U-turn|p1a: Hydreigon
|-supereffective|p1a: Hydreigon
|-damage|p1a: Hydreigon|59/100
|
|t:|1776075432
|switch|p2a: Tornadus|Tornadus-Therian, M|100/100|[from] U-turn
|move|p1a: Hydreigon|Dragon Dance|p1a: Hydreigon
|-boost|p1a: Hydreigon|atk|1
|-boost|p1a: Hydreigon|spe|1
|
|-weather|Snowscape|[upkeep]
|upkeep
|turn|5
|
|t:|1776075451
|move|p1a: Hydreigon|Crunch|p2a: Tornadus
|-damage|p2a: Tornadus|28/100
|move|p2a: Tornadus|U-turn|p1a: Hydreigon
|-supereffective|p1a: Hydreigon
|-damage|p1a: Hydreigon|27/100
|
|t:|1776075457
|switch|p2a: Lokix|Lokix, M|100/100|[from] U-turn
|
|-weather|Snowscape|[upkeep]
|upkeep
|turn|6
|
|t:|1776075464
|move|p2a: Lokix|First Impression|p1a: Hydreigon
|-supereffective|p1a: Hydreigon
|-damage|p1a: Hydreigon|0 fnt
|faint|p1a: Hydreigon
|
|-weather|none
|upkeep
|
|t:|1776075474
|switch|p1a: Cloyster|Cloyster, M|100/100
|turn|7
|
|t:|1776075484
|switch|p2a: Slowking|Slowking-Galar, F|100/100
|move|p1a: Cloyster|Shell Smash|p1a: Cloyster
|-unboost|p1a: Cloyster|def|1
|-unboost|p1a: Cloyster|spd|1
|-boost|p1a: Cloyster|atk|2
|-boost|p1a: Cloyster|spa|2
|-boost|p1a: Cloyster|spe|2
|
|upkeep
|turn|8
|c|☆Chris789001|Yosh
|
|t:|1776075501
|move|p1a: Cloyster|Icicle Spear|p2a: Slowking
|-damage|p2a: Slowking|87/100
|-damage|p2a: Slowking|71/100
|-damage|p2a: Slowking|56/100
|-damage|p2a: Slowking|39/100
|-damage|p2a: Slowking|22/100
|-hitcount|p2a: Slowking|5
|move|p2a: Slowking|Sludge Bomb|p1a: Cloyster
|-enditem|p1a: Cloyster|Focus Sash
|-damage|p1a: Cloyster|1/100
|-status|p1a: Cloyster|psn
|
|-damage|p1a: Cloyster|0 fnt|[from] psn
|faint|p1a: Cloyster
|upkeep
|c|☆Chris789001|how lucky
|c|☆dubstepwubfish|unlucky ouch
|
|t:|1776075526
|switch|p1a: Manaphy|Manaphy|100/100
|turn|9
|
|t:|1776075535
|move|p1a: Manaphy|Take Heart|p1a: Manaphy
|-boost|p1a: Manaphy|spa|1
|-boost|p1a: Manaphy|spd|1
|move|p2a: Slowking|Psychic Noise|p1a: Manaphy
|-damage|p1a: Manaphy|86/100
|-start|p1a: Manaphy|move: Heal Block
|
|upkeep
|turn|10
|
|t:|1776075549
|switch|p2a: Tornadus|Tornadus-Therian, M|61/100
|move|p1a: Manaphy|Take Heart|p1a: Manaphy
|-boost|p1a: Manaphy|spa|1
|-boost|p1a: Manaphy|spd|1
|
|-end|p1a: Manaphy|move: Heal Block
|upkeep
|turn|11
|
|t:|1776075561
|move|p2a: Tornadus|Knock Off|p1a: Manaphy
|-damage|p1a: Manaphy|70/100
|-enditem|p1a: Manaphy|Leftovers|[from] move: Knock Off|[of] p2a: Tornadus
|move|p1a: Manaphy|Acid Armor|p1a: Manaphy
|-boost|p1a: Manaphy|def|2
|
|upkeep
|turn|12
|
|t:|1776075589
|move|p2a: Tornadus|U-turn|p1a: Manaphy
|-crit|p1a: Manaphy
|-damage|p1a: Manaphy|51/100
|
|t:|1776075597
|switch|p2a: Lokix|Lokix, M|100/100|[from] U-turn
|move|p1a: Manaphy|Alluring Voice|p2a: Lokix
|-supereffective|p2a: Lokix
|-damage|p2a: Lokix|0 fnt
|faint|p2a: Lokix
|
|upkeep
|
|t:|1776075625
|switch|p2a: Hydrapple|Hydrapple, M|100/100
|turn|13
|
|t:|1776075630
|move|p1a: Manaphy|Alluring Voice|p2a: Hydrapple
|-supereffective|p2a: Hydrapple
|-damage|p2a: Hydrapple|12/100
|move|p2a: Hydrapple|Leaf Storm|p1a: Manaphy
|-supereffective|p1a: Manaphy
|-damage|p1a: Manaphy|0 fnt
|-unboost|p2a: Hydrapple|spa|2
|faint|p1a: Manaphy
|-damage|p2a: Hydrapple|2/100|[from] item: Life Orb
|
|upkeep
|
|t:|1776075641
|switch|p1a: Lurantis|Lurantis, M|100/100
|turn|14
|
|t:|1776075645
|move|p2a: Hydrapple|Fickle Beam|p1a: Lurantis
|-damage|p1a: Lurantis|82/100
|-damage|p2a: Hydrapple|0 fnt|[from] item: Life Orb
|faint|p2a: Hydrapple
|move|p1a: Lurantis|Superpower|p2: Hydrapple|[notarget]
|-fail|p1a: Lurantis
|
|upkeep
|
|t:|1776075652
|switch|p2a: Cinderace|Cinderace, M|100/100
|turn|15
|
|t:|1776075661
|-terastallize|p2a: Cinderace|Ghost
|-terastallize|p1a: Lurantis|Fighting
|move|p2a: Cinderace|Pyro Ball|p1a: Lurantis
|-damage|p1a: Lurantis|21/100
|move|p1a: Lurantis|Superpower|p2a: Cinderace
|-immune|p2a: Cinderace
|
|upkeep
|turn|16
|
|t:|1776075670
|move|p2a: Cinderace|Pyro Ball|p1a: Lurantis
|-damage|p1a: Lurantis|0 fnt
|faint|p1a: Lurantis
|
|win|dubstepwubfish
|raw|Chris789001's rating: 1199 &rarr; <strong>1180</strong><br />(-19 for losing)
|raw|dubstepwubfish's rating: 1291 &rarr; <strong>1310</strong><br />(+19 for winning)
|l|☆Chris789001
|player|p1|
|c|☆dubstepwubfish|gg
|l|☆dubstepwubfish
|player|p2|
