|html|<div class="broadcast-blue"><strong>[Gen 9] OU is currently suspecting Volcarona! For information on how to participate check out the <a href="https://www.smogon.com/tools/suspects/view/208">suspect thread</a>.</strong></div>
|j|☆yryxgh
|j|☆jaum77_-_
|t:|1778511999
|gametype|singles
|player|p1|yryxgh|2|1118
|player|p2|jaum77_-_|2|1156
|gen|9
|tier|[Gen 9] OU
|rated|
|rule|HP Percentage Mod: HP is shown in percentages
|rule|Endless Battle Clause: Forcing endless battles is banned
|rule|Species Clause: Limit one of each Pokémon
|rule|OHKO Clause: OHKO moves are banned
|rule|Evasion Items Clause: Evasion items are banned
|rule|Evasion Moves Clause: Evasion moves are banned
|rule|Evasion Abilities Clause: Evasion abilities are banned
|rule|Sleep Moves Clause: Sleep-inducing moves are banned
|clearpoke
|poke|p1|Kingambit, M|
|poke|p1|Great Tusk|
|poke|p1|Dragapult, M|
|poke|p1|Darkrai|
|poke|p1|Gliscor, M|
|poke|p1|Ceruledge, F|
|poke|p2|Ceruledge, F|
|poke|p2|Garganacl, F|
|poke|p2|Corviknight, F|
|poke|p2|Primarina, M|
|poke|p2|Meowscarada, F|
|poke|p2|Slowbro-Galar, F|
|teampreview
|inactive|Battle timer is ON: inactive players will automatically lose when time's up. (requested by jaum77_-_)
|
|t:|1778512021
|teamsize|p1|6
|teamsize|p2|6
|start
|switch|p1a: Darkrai|Darkrai|100/100
|switch|p2a: Garganacl|Garganacl, F|100/100
|turn|1
|
|t:|1778512030
|switch|p1a: Great Tusk|Great Tusk, shiny|100/100
|-enditem|p1a: Great Tusk|Booster Energy
|-activate|p1a: Great Tusk|ability: Protosynthesis|[fromitem]
|-start|p1a: Great Tusk|protosynthesisatk
|move|p2a: Garganacl|Salt Cure|p1a: Great Tusk
|-resisted|p1a: Great Tusk
|-damage|p1a: Great Tusk|99/100
|-start|p1a: Great Tusk|Salt Cure
|
|-damage|p1a: Great Tusk|86/100|[from] Salt Cure
|upkeep
|turn|2
|
|t:|1778512040
|move|p1a: Great Tusk|Headlong Rush|p2a: Garganacl
|-supereffective|p2a: Garganacl
|-damage|p2a: Garganacl|20/100
|-unboost|p1a: Great Tusk|def|1
|-unboost|p1a: Great Tusk|spd|1
|move|p2a: Garganacl|Stealth Rock|p1a: Great Tusk
|-sidestart|p1: yryxgh|move: Stealth Rock
|
|-heal|p2a: Garganacl|26/100|[from] item: Leftovers
|-damage|p1a: Great Tusk|74/100|[from] Salt Cure
|upkeep
|turn|3
|
|t:|1778512050
|move|p2a: Garganacl|Protect|p2a: Garganacl
|-singleturn|p2a: Garganacl|Protect
|move|p1a: Great Tusk|Headlong Rush|p2a: Garganacl
|-activate|p2a: Garganacl|move: Protect
|
|-heal|p2a: Garganacl|33/100|[from] item: Leftovers
|-damage|p1a: Great Tusk|61/100|[from] Salt Cure
|upkeep
|turn|4
|
|t:|1778512060
|switch|p2a: Corviknight|Corviknight, F|100/100
|-ability|p2a: Corviknight|Unnerve
|move|p1a: Great Tusk|Rapid Spin|p2a: Corviknight
|-resisted|p2a: Corviknight
|-damage|p2a: Corviknight|91/100
|-boost|p1a: Great Tusk|spe|1
|-damage|p1a: Great Tusk|45/100|[from] item: Rocky Helmet|[of] p2a: Corviknight
|-sideend|p1: yryxgh|Stealth Rock|[from] move: Rapid Spin|[of] p1a: Great Tusk
|
|-damage|p1a: Great Tusk|33/100|[from] Salt Cure
|upkeep
|turn|5
|
|t:|1778512076
|-end|p1a: Great Tusk|Protosynthesis|[silent]
|switch|p1a: Ceruledge|Ceruledge, F|100/100
|switch|p2a: Garganacl|Garganacl, F|33/100
|
|-heal|p2a: Garganacl|39/100|[from] item: Leftovers
|upkeep
|turn|6
|
|t:|1778512087
|switch|p1a: Gliscor|Gliscor, M|100/100
|move|p2a: Garganacl|Recover|p2a: Garganacl
|-heal|p2a: Garganacl|89/100
|
|-heal|p2a: Garganacl|95/100|[from] item: Leftovers
|-status|p1a: Gliscor|tox|[from] item: Toxic Orb
|upkeep
|turn|7
|
|t:|1778512095
|move|p1a: Gliscor|Earthquake|p2a: Garganacl
|-supereffective|p2a: Garganacl
|-damage|p2a: Garganacl|49/100
|move|p2a: Garganacl|Stealth Rock|p1a: Gliscor
|-sidestart|p1: yryxgh|move: Stealth Rock
|
|-heal|p2a: Garganacl|55/100|[from] item: Leftovers
|upkeep
|turn|8
|
|t:|1778512105
|move|p1a: Gliscor|Earthquake|p2a: Garganacl
|-supereffective|p2a: Garganacl
|-damage|p2a: Garganacl|12/100
|move|p2a: Garganacl|Salt Cure|p1a: Gliscor
|-damage|p1a: Gliscor|89/100 tox
|-start|p1a: Gliscor|Salt Cure
|
|-heal|p2a: Garganacl|18/100|[from] item: Leftovers
|-heal|p1a: Gliscor|100/100 tox|[from] ability: Poison Heal
|-damage|p1a: Gliscor|88/100 tox|[from] Salt Cure
|upkeep
|turn|9
|
|t:|1778512116
|move|p1a: Gliscor|Earthquake|p2a: Garganacl
|-supereffective|p2a: Garganacl
|-damage|p2a: Garganacl|0 fnt
|faint|p2a: Garganacl
|
|-heal|p1a: Gliscor|100/100 tox|[from] ability: Poison Heal
|-damage|p1a: Gliscor|88/100 tox|[from] Salt Cure
|upkeep
|
|t:|1778512122
|switch|p2a: Primarina|Primarina, M|100/100
|turn|10
|
|t:|1778512142
|move|p1a: Gliscor|Toxic|p2a: Primarina
|-status|p2a: Primarina|tox
|move|p2a: Primarina|Ice Beam|p1a: Gliscor
|-supereffective|p1a: Gliscor
|-damage|p1a: Gliscor|0 fnt
|faint|p1a: Gliscor
|
|-damage|p2a: Primarina|94/100 tox|[from] psn
|upkeep
|
|t:|1778512151
|switch|p1a: Kingambit|Kingambit, M, shiny|100/100
|-damage|p1a: Kingambit|94/100|[from] Stealth Rock
|-activate|p1a: Kingambit|ability: Supreme Overlord
|-start|p1a: Kingambit|fallen1|[silent]
|turn|11
|
|t:|1778512158
|switch|p2a: Corviknight|Corviknight, F|91/100
|-ability|p2a: Corviknight|Unnerve
|move|p1a: Kingambit|Swords Dance|p1a: Kingambit
|-boost|p1a: Kingambit|atk|2
|
|-heal|p1a: Kingambit|100/100|[from] item: Leftovers
|upkeep
|turn|12
|
|t:|1778512172
|move|p1a: Kingambit|Sucker Punch||[still]
|-fail|p1a: Kingambit
|move|p2a: Corviknight|Iron Defense|p2a: Corviknight
|-boost|p2a: Corviknight|def|2
|
|upkeep
|turn|13
|
|t:|1778512181
|-end|p1a: Kingambit|fallen1|[silent]
|switch|p1a: Ceruledge|Ceruledge, F|100/100
|-damage|p1a: Ceruledge|76/100|[from] Stealth Rock
|move|p2a: Corviknight|Body Press|p1a: Ceruledge
|-immune|p1a: Ceruledge
|
|-heal|p1a: Ceruledge|82/100|[from] item: Leftovers
|upkeep
|turn|14
|
|t:|1778512189
|switch|p2a: Primarina|Primarina, M|94/100 tox
|move|p1a: Ceruledge|Bitter Blade|p2a: Primarina
|-resisted|p2a: Primarina
|-damage|p2a: Primarina|67/100 tox
|-heal|p1a: Ceruledge|99/100|[from] drain|[of] p2a: Primarina
|
|-heal|p1a: Ceruledge|100/100|[from] item: Leftovers
|-heal|p2a: Primarina|73/100 tox|[from] item: Leftovers
|-damage|p2a: Primarina|67/100 tox|[from] psn
|upkeep
|turn|15
|
|t:|1778512216
|switch|p1a: Dragapult|Dragapult, M, shiny|100/100
|-damage|p1a: Dragapult|88/100|[from] Stealth Rock
|move|p2a: Primarina|Alluring Voice|p1a: Dragapult
|-resisted|p1a: Dragapult
|-damage|p1a: Dragapult|56/100
|
|-heal|p2a: Primarina|73/100 tox|[from] item: Leftovers
|-damage|p2a: Primarina|61/100 tox|[from] psn
|upkeep
|turn|16
|
|t:|1778512228
|switch|p2a: Corviknight|Corviknight, F|91/100
|-ability|p2a: Corviknight|Unnerve
|move|p1a: Dragapult|Phantom Force||[still]
|-prepare|p1a: Dragapult|Phantom Force
|
|upkeep
|turn|17
|
|t:|1778512238
|move|p1a: Dragapult|Phantom Force|p2a: Corviknight|[from] lockedmove
|-damage|p2a: Corviknight|58/100
|-damage|p1a: Dragapult|39/100|[from] item: Rocky Helmet|[of] p2a: Corviknight
|move|p2a: Corviknight|Roost|p2a: Corviknight
|-heal|p2a: Corviknight|100/100
|-singleturn|p2a: Corviknight|move: Roost
|
|upkeep
|turn|18
|
|t:|1778512253
|switch|p1a: Ceruledge|Ceruledge, F|100/100
|-damage|p1a: Ceruledge|76/100|[from] Stealth Rock
|switch|p2a: Primarina|Primarina, M|61/100 tox
|
|-heal|p1a: Ceruledge|82/100|[from] item: Leftovers
|-heal|p2a: Primarina|67/100 tox|[from] item: Leftovers
|-damage|p2a: Primarina|61/100 tox|[from] psn
|upkeep
|turn|19
|
|t:|1778512270
|switch|p1a: Darkrai|Darkrai|100/100
|move|p2a: Primarina|Alluring Voice|p1a: Darkrai
|-damage|p1a: Darkrai|39/100
|
|-heal|p2a: Primarina|67/100 tox|[from] item: Leftovers
|-damage|p2a: Primarina|55/100 tox|[from] psn
|upkeep
|turn|20
|
|t:|1778512278
|move|p1a: Darkrai|Sludge Bomb|p2a: Primarina
|-supereffective|p2a: Primarina
|-damage|p2a: Primarina|0 fnt
|faint|p2a: Primarina
|
|upkeep
|
|t:|1778512283
|switch|p2a: Meowscarada|Meowscarada, F|100/100
|turn|21
|
|t:|1778512294
|move|p2a: Meowscarada|U-turn|p1a: Darkrai
|-start|p2a: Meowscarada|typechange|Bug|[from] ability: Protean
|-supereffective|p1a: Darkrai
|-damage|p1a: Darkrai|0 fnt
|faint|p1a: Darkrai
|
|t:|1778512300
|switch|p2a: Slowbro|Slowbro-Galar, F|100/100|[from] U-turn
|
|upkeep
|
|t:|1778512313
|switch|p1a: Great Tusk|Great Tusk, shiny|33/100
|-damage|p1a: Great Tusk|30/100|[from] Stealth Rock
|turn|22
|-activate|p2a: Slowbro|ability: Quick Draw
|
|t:|1778512319
|move|p2a: Slowbro|Psychic|p1a: Great Tusk
|-supereffective|p1a: Great Tusk
|-damage|p1a: Great Tusk|0 fnt
|faint|p1a: Great Tusk
|-end|p1a: Great Tusk|Protosynthesis|[silent]
|
|upkeep
|-message|yryxgh forfeited.
|
|win|jaum77_-_
|raw|yryxgh's rating: 1118 &rarr; <strong>1096</strong><br />(-22 for losing)
|raw|jaum77_-_'s rating: 1156 &rarr; <strong>1178</strong><br />(+22 for winning)
|l|☆yryxgh
|player|p1|
|l|☆jaum77_-_
|player|p2|
