|html|<div class="broadcast-blue"><strong>[Gen 9] OU is currently suspecting Volcarona! For information on how to participate check out the <a href="https://www.smogon.com/tools/suspects/view/208">suspect thread</a>.</strong></div>
|j|☆chrisfeb1992
|j|‽BlabberSaur
|t:|1778517083
|gametype|singles
|player|p1|chrisfeb1992|169|1288
|player|p2|BlabberSaur|wallace|1226
|gen|9
|tier|[Gen 9] OU
|rated|
|rule|HP Percentage Mod: HP is shown in percentages
|rule|Endless Battle Clause: Forcing endless battles is banned
|rule|Species Clause: Limit one of each Pokémon
|rule|OHKO Clause: OHKO moves are banned
|rule|Evasion Items Clause: Evasion items are banned
|rule|Evasion Moves Clause: Evasion moves are banned
|rule|Evasion Abilities Clause: Evasion abilities are banned
|rule|Sleep Moves Clause: Sleep-inducing moves are banned
|clearpoke
|poke|p1|Gholdengo|
|poke|p1|Ribombee, M|
|poke|p1|Great Tusk|
|poke|p1|Enamorus, F|
|poke|p1|Cinderace, F|
|poke|p1|Lokix, F|
|poke|p2|Torkoal, M|
|poke|p2|Blaziken, F|
|poke|p2|Dragapult, F|
|poke|p2|Walking Wake|
|poke|p2|Venusaur, M|
|poke|p2|Darkrai|
|teampreview
|inactive|Battle timer is ON: inactive players will automatically lose when time's up. (requested by BlabberSaur)
|
|t:|1778517092
|teamsize|p1|6
|teamsize|p2|6
|start
|switch|p1a: Lokix|Lokix, F|100/100
|switch|p2a: Dragapult|Dragapult, F|100/100
|turn|1
|
|t:|1778517100
|move|p1a: Lokix|Sucker Punch|p2a: Dragapult
|-supereffective|p2a: Dragapult
|-damage|p2a: Dragapult|21/100
|move|p2a: Dragapult|Flamethrower|p1a: Lokix
|-supereffective|p1a: Lokix
|-crit|p1a: Lokix
|-damage|p1a: Lokix|0 fnt
|faint|p1a: Lokix
|-damage|p2a: Dragapult|11/100|[from] item: Life Orb
|
|upkeep
|
|t:|1778517111
|switch|p1a: Ribombee|Ribombee, M|100/100
|turn|2
|
|t:|1778517114
|move|p2a: Dragapult|Flamethrower|p1a: Ribombee
|-supereffective|p1a: Ribombee
|-crit|p1a: Ribombee
|-enditem|p1a: Ribombee|Focus Sash
|-damage|p1a: Ribombee|1/100
|-damage|p2a: Dragapult|1/100|[from] item: Life Orb
|move|p1a: Ribombee|Sticky Web|p2a: Dragapult
|-sidestart|p2: BlabberSaur|move: Sticky Web
|
|upkeep
|turn|3
|
|t:|1778517123
|move|p2a: Dragapult|Flamethrower|p1a: Ribombee
|-supereffective|p1a: Ribombee
|-damage|p1a: Ribombee|0 fnt
|faint|p1a: Ribombee
|-damage|p2a: Dragapult|0 fnt|[from] item: Life Orb
|faint|p2a: Dragapult
|
|upkeep
|
|t:|1778517134
|switch|p2a: Torkoal|Torkoal, M|100/100
|switch|p1a: Gholdengo|Gholdengo|100/100
|-item|p1a: Gholdengo|Air Balloon
|-activate|p2a: Torkoal|move: Sticky Web
|-unboost|p2a: Torkoal|spe|1
|-weather|SunnyDay|[from] ability: Drought|[of] p2a: Torkoal
|turn|4
|
|t:|1778517146
|move|p1a: Gholdengo|Nasty Plot|p1a: Gholdengo
|-boost|p1a: Gholdengo|spa|2
|move|p2a: Torkoal|Flamethrower|p1a: Gholdengo
|-supereffective|p1a: Gholdengo
|-damage|p1a: Gholdengo|12/100
|-enditem|p1a: Gholdengo|Air Balloon
|
|-weather|SunnyDay|[upkeep]
|upkeep
|turn|5
|
|t:|1778517156
|move|p1a: Gholdengo|Shadow Ball|p2a: Torkoal
|-damage|p2a: Torkoal|0 fnt
|faint|p2a: Torkoal
|
|-weather|SunnyDay|[upkeep]
|upkeep
|
|t:|1778517164
|switch|p2a: Darkrai|Darkrai|100/100
|-activate|p2a: Darkrai|move: Sticky Web
|-unboost|p2a: Darkrai|spe|1
|turn|6
|
|t:|1778517169
|move|p2a: Darkrai|Sucker Punch|p1a: Gholdengo
|-supereffective|p1a: Gholdengo
|-damage|p1a: Gholdengo|0 fnt
|faint|p1a: Gholdengo
|-damage|p2a: Darkrai|91/100|[from] item: Life Orb
|
|-weather|SunnyDay|[upkeep]
|upkeep
|
|t:|1778517177
|switch|p1a: Cinderace|Cinderace, F|100/100
|turn|7
|
|t:|1778517182
|-terastallize|p2a: Darkrai|Ghost
|move|p1a: Cinderace|Pyro Ball|p2a: Darkrai
|-damage|p2a: Darkrai|0 fnt
|faint|p2a: Darkrai
|
|-weather|SunnyDay|[upkeep]
|upkeep
|
|t:|1778517188
|switch|p2a: Walking Wake|Walking Wake|100/100
|-activate|p2a: Walking Wake|move: Sticky Web
|-unboost|p2a: Walking Wake|spe|1
|-activate|p2a: Walking Wake|ability: Protosynthesis
|-start|p2a: Walking Wake|protosynthesisspa
|turn|8
|
|t:|1778517197
|move|p1a: Cinderace|Sucker Punch|p2a: Walking Wake
|-start|p1a: Cinderace|typechange|Dark|[from] ability: Libero
|-damage|p2a: Walking Wake|60/100
|move|p2a: Walking Wake|Hydro Steam|p1a: Cinderace
|-crit|p1a: Cinderace
|-damage|p1a: Cinderace|0 fnt
|faint|p1a: Cinderace
|
|-weather|SunnyDay|[upkeep]
|upkeep
|
|t:|1778517208
|switch|p1a: Enamorus|Enamorus, F|100/100
|turn|9
|
|t:|1778517213
|move|p1a: Enamorus|Moonblast|p2a: Walking Wake
|-supereffective|p2a: Walking Wake
|-damage|p2a: Walking Wake|0 fnt
|faint|p2a: Walking Wake
|-end|p2a: Walking Wake|Protosynthesis|[silent]
|
|-weather|SunnyDay|[upkeep]
|upkeep
|
|t:|1778517215
|switch|p2a: Venusaur|Venusaur, M|100/100
|-activate|p2a: Venusaur|move: Sticky Web
|-unboost|p2a: Venusaur|spe|1
|turn|10
|
|t:|1778517223
|move|p1a: Enamorus|Moonblast|p2a: Venusaur
|-resisted|p2a: Venusaur
|-damage|p2a: Venusaur|75/100
|move|p2a: Venusaur|Sludge Bomb|p1a: Enamorus
|-supereffective|p1a: Enamorus
|-damage|p1a: Enamorus|0 fnt
|faint|p1a: Enamorus
|
|-weather|SunnyDay|[upkeep]
|-heal|p2a: Venusaur|81/100|[from] item: Leftovers
|upkeep
|
|t:|1778517233
|switch|p1a: Great Tusk|Great Tusk|100/100
|-activate|p1a: Great Tusk|ability: Protosynthesis
|-start|p1a: Great Tusk|protosynthesisatk
|turn|11
|
|t:|1778517239
|-terastallize|p1a: Great Tusk|Ground
|move|p1a: Great Tusk|Earthquake|p2a: Venusaur
|-damage|p2a: Venusaur|0 fnt
|faint|p2a: Venusaur
|
|-weather|none
|-end|p1a: Great Tusk|Protosynthesis
|upkeep
|-enditem|p1a: Great Tusk|Booster Energy
|-activate|p1a: Great Tusk|ability: Protosynthesis|[fromitem]
|-start|p1a: Great Tusk|protosynthesisatk
|
|t:|1778517244
|switch|p2a: Blaziken|Blaziken, F|100/100
|-activate|p2a: Blaziken|move: Sticky Web
|-unboost|p2a: Blaziken|spe|1
|turn|12
|
|t:|1778517253
|move|p2a: Blaziken|Protect|p2a: Blaziken
|-singleturn|p2a: Blaziken|Protect
|move|p1a: Great Tusk|Earthquake|p2a: Blaziken
|-activate|p2a: Blaziken|move: Protect
|
|-ability|p2a: Blaziken|Speed Boost|boost
|-boost|p2a: Blaziken|spe|1
|upkeep
|turn|13
|
|t:|1778517261
|move|p1a: Great Tusk|Rapid Spin|p2a: Blaziken
|-damage|p2a: Blaziken|63/100
|-boost|p1a: Great Tusk|spe|1
|move|p2a: Blaziken|Flare Blitz|p1a: Great Tusk
|-damage|p1a: Great Tusk|40/100
|-status|p1a: Great Tusk|brn
|-damage|p2a: Blaziken|38/100|[from] Recoil
|-damage|p2a: Blaziken|28/100|[from] item: Life Orb
|
|-damage|p1a: Great Tusk|34/100 brn|[from] brn
|-ability|p2a: Blaziken|Speed Boost|boost
|-boost|p2a: Blaziken|spe|1
|upkeep
|turn|14
|
|t:|1778517275
|move|p1a: Great Tusk|Earthquake|p2a: Blaziken
|-supereffective|p2a: Blaziken
|-damage|p2a: Blaziken|0 fnt
|faint|p2a: Blaziken
|
|win|chrisfeb1992
|raw|chrisfeb1992's rating: 1288 &rarr; <strong>1309</strong><br />(+21 for winning)
|raw|BlabberSaur's rating: 1226 &rarr; <strong>1205</strong><br />(-21 for losing)
