|html|<div class="broadcast-blue"><strong>[Gen 9] OU is currently suspecting Tera Blast! For information on how to participate check out the <a href="https://www.smogon.com/tools/suspects/view/200">suspect thread</a>.</strong></div>
|j|☆Blastoise_Choice
|j|☆subtect kyurem
|t:|1776082184
|gametype|singles
|player|p1|Blastoise_Choice|benga|1677
|player|p2|subtect kyurem|cheren-masters|1719
|gen|9
|tier|[Gen 9] OU
|rated|
|rule|HP Percentage Mod: HP is shown in percentages
|rule|Endless Battle Clause: Forcing endless battles is banned
|rule|Species Clause: Limit one of each Pokémon
|rule|OHKO Clause: OHKO moves are banned
|rule|Evasion Items Clause: Evasion items are banned
|rule|Evasion Moves Clause: Evasion moves are banned
|rule|Evasion Abilities Clause: Evasion abilities are banned
|rule|Sleep Moves Clause: Sleep-inducing moves are banned
|clearpoke
|poke|p1|Garganacl, F|
|poke|p1|Darkrai|
|poke|p1|Great Tusk|
|poke|p1|Hatterene, F|
|poke|p1|Tornadus-Therian, M|
|poke|p1|Dragonite, M|
|poke|p2|Primarina, M|
|poke|p2|Gholdengo|
|poke|p2|Zapdos|
|poke|p2|Heatran, M|
|poke|p2|Great Tusk|
|poke|p2|Darkrai|
|teampreview
|inactive|Battle timer is ON: inactive players will automatically lose when time's up. (requested by subtect kyurem)
|
|t:|1776082194
|teamsize|p1|6
|teamsize|p2|6
|start
|switch|p1a: Dragonite|Dragonite, M|100/100
|switch|p2a: Primarina|Primarina, M|100/100
|turn|1
|c|☆Blastoise_Choice|hf
|inactive|Blastoise_Choice also wants the timer to be on.
|
|t:|1776082200
|move|p1a: Dragonite|Earthquake|p2a: Primarina
|-damage|p2a: Primarina|51/100
|move|p2a: Primarina|Moonblast|p1a: Dragonite
|-supereffective|p1a: Dragonite
|-damage|p1a: Dragonite|30/100
|
|upkeep
|turn|2
|
|t:|1776082208
|switch|p2a: Zapdos|Zapdos|100/100
|move|p1a: Dragonite|Extreme Speed|p2a: Zapdos
|-damage|p2a: Zapdos|75/100
|
|upkeep
|turn|3
|
|t:|1776082215
|move|p2a: Zapdos|Volt Switch|p1a: Dragonite
|-damage|p1a: Dragonite|4/100
|
|t:|1776082219
|switch|p2a: Great Tusk|Great Tusk|100/100|[from] Volt Switch
|move|p1a: Dragonite|Roost|p1a: Dragonite
|-heal|p1a: Dragonite|54/100
|-singleturn|p1a: Dragonite|move: Roost
|
|upkeep
|turn|4
|j| Sprakenheit
|
|t:|1776082225
|switch|p1a: Hatterene|Hatterene, F|100/100
|move|p2a: Great Tusk|Ice Spinner|p1a: Hatterene
|-damage|p1a: Hatterene|80/100
|-damage|p2a: Great Tusk|84/100|[from] item: Rocky Helmet|[of] p1a: Hatterene
|
|upkeep
|turn|5
|
|t:|1776082236
|-end|p2a: Great Tusk|Protosynthesis|[silent]
|switch|p2a: Zapdos|Zapdos|75/100
|move|p1a: Hatterene|Dazzling Gleam|p2a: Zapdos
|-damage|p2a: Zapdos|41/100
|
|upkeep
|turn|6
|
|t:|1776082242
|switch|p1a: Darkrai|Darkrai|100/100
|move|p2a: Zapdos|Roost|p2a: Zapdos
|-heal|p2a: Zapdos|91/100
|-singleturn|p2a: Zapdos|move: Roost
|
|upkeep
|turn|7
|
|t:|1776082248
|switch|p2a: Heatran|Heatran, M|100/100
|move|p1a: Darkrai|Dark Pulse|p2a: Heatran
|-damage|p2a: Heatran|58/100
|
|-heal|p2a: Heatran|64/100|[from] item: Leftovers
|upkeep
|turn|8
|
|t:|1776082256
|move|p1a: Darkrai|Dark Pulse|p2a: Heatran
|-damage|p2a: Heatran|23/100
|move|p2a: Heatran|Magma Storm|p1a: Darkrai
|-damage|p1a: Darkrai|47/100
|-activate|p1a: Darkrai|move: Magma Storm|[of] p2a: Heatran
|
|-heal|p2a: Heatran|29/100|[from] item: Leftovers
|-damage|p1a: Darkrai|35/100|[from] move: Magma Storm|[partiallytrapped]
|upkeep
|turn|9
|
|t:|1776082273
|move|p1a: Darkrai|Dark Pulse|p2a: Heatran
|-crit|p2a: Heatran
|-damage|p2a: Heatran|0 fnt
|faint|p2a: Heatran
|
|-end|p1a: Darkrai|Magma Storm|[partiallytrapped]|[silent]
|upkeep
|
|t:|1776082277
|switch|p2a: Darkrai|Darkrai|100/100
|turn|10
|
|t:|1776082283
|switch|p1a: Garganacl|Garganacl, F|100/100
|move|p2a: Darkrai|Sludge Bomb|p1a: Garganacl
|-resisted|p1a: Garganacl
|-damage|p1a: Garganacl|89/100
|
|-heal|p1a: Garganacl|96/100|[from] item: Leftovers
|upkeep
|turn|11
|
|t:|1776082290
|switch|p2a: Great Tusk|Great Tusk|84/100
|move|p1a: Garganacl|Salt Cure|p2a: Great Tusk
|-resisted|p2a: Great Tusk
|-damage|p2a: Great Tusk|82/100
|-start|p2a: Great Tusk|Salt Cure
|
|-heal|p1a: Garganacl|100/100|[from] item: Leftovers
|-damage|p2a: Great Tusk|69/100|[from] Salt Cure
|upkeep
|turn|12
|
|t:|1776082297
|move|p2a: Great Tusk|Headlong Rush|p1a: Garganacl
|-supereffective|p1a: Garganacl
|-damage|p1a: Garganacl|13/100
|-unboost|p2a: Great Tusk|def|1
|-unboost|p2a: Great Tusk|spd|1
|move|p1a: Garganacl|Stealth Rock|p2a: Great Tusk
|-sidestart|p2: subtect kyurem|move: Stealth Rock
|
|-heal|p1a: Garganacl|19/100|[from] item: Leftovers
|-damage|p2a: Great Tusk|57/100|[from] Salt Cure
|upkeep
|turn|13
|
|t:|1776082305
|move|p2a: Great Tusk|Headlong Rush|p1a: Garganacl
|-supereffective|p1a: Garganacl
|-damage|p1a: Garganacl|0 fnt
|-unboost|p2a: Great Tusk|def|1
|-unboost|p2a: Great Tusk|spd|1
|faint|p1a: Garganacl
|
|-damage|p2a: Great Tusk|44/100|[from] Salt Cure
|upkeep
|
|t:|1776082312
|switch|p1a: Darkrai|Darkrai|35/100
|turn|14
|
|t:|1776082318
|move|p1a: Darkrai|Dark Pulse|p2a: Great Tusk
|-resisted|p2a: Great Tusk
|-damage|p2a: Great Tusk|0 fnt
|faint|p2a: Great Tusk
|-end|p2a: Great Tusk|Protosynthesis|[silent]
|
|upkeep
|
|t:|1776082323
|switch|p2a: Darkrai|Darkrai|100/100
|-damage|p2a: Darkrai|88/100|[from] Stealth Rock
|turn|15
|
|t:|1776082329
|switch|p1a: Tornadus|Tornadus-Therian, M, shiny|100/100
|move|p2a: Darkrai|Ice Beam|p1a: Tornadus
|-supereffective|p1a: Tornadus
|-damage|p1a: Tornadus|55/100
|
|upkeep
|turn|16
|
|t:|1776082339
|move|p2a: Darkrai|Ice Beam|p1a: Tornadus
|-supereffective|p1a: Tornadus
|-damage|p1a: Tornadus|14/100
|-status|p1a: Tornadus|frz
|cant|p1a: Tornadus|frz
|
|upkeep
|turn|17
|
|t:|1776082345
|move|p2a: Darkrai|Ice Beam|p1a: Tornadus
|-supereffective|p1a: Tornadus
|-damage|p1a: Tornadus|0 fnt
|faint|p1a: Tornadus
|
|upkeep
|
|t:|1776082352
|switch|p1a: Hatterene|Hatterene, F|80/100
|turn|18
|
|t:|1776082358
|switch|p2a: Primarina|Primarina, M|51/100
|-damage|p2a: Primarina|38/100|[from] Stealth Rock
|move|p1a: Hatterene|Dazzling Gleam|p2a: Primarina
|-damage|p2a: Primarina|2/100
|
|upkeep
|turn|19
|
|t:|1776082366
|switch|p1a: Darkrai|Darkrai|35/100
|move|p2a: Primarina|Moonblast|p1a: Darkrai
|-supereffective|p1a: Darkrai
|-damage|p1a: Darkrai|0 fnt
|faint|p1a: Darkrai
|
|upkeep
|
|t:|1776082373
|switch|p1a: Great Tusk|Great Tusk|100/100
|-enditem|p1a: Great Tusk|Booster Energy
|-activate|p1a: Great Tusk|ability: Protosynthesis|[fromitem]
|-start|p1a: Great Tusk|protosynthesisatk
|turn|20
|
|t:|1776082379
|switch|p2a: Zapdos|Zapdos|91/100
|move|p1a: Great Tusk|Rapid Spin|p2a: Zapdos
|-damage|p2a: Zapdos|75/100
|-boost|p1a: Great Tusk|spe|1
|
|upkeep
|turn|21
|
|t:|1776082386
|-terastallize|p1a: Great Tusk|Ice
|move|p1a: Great Tusk|Ice Spinner|p2a: Zapdos
|-supereffective|p2a: Zapdos
|-damage|p2a: Zapdos|0 fnt
|faint|p2a: Zapdos
|
|upkeep
|l| Sprakenheit
|inactive|subtect kyurem has 120 seconds left.
|
|t:|1776082421
|switch|p2a: Gholdengo|Gholdengo|100/100
|-damage|p2a: Gholdengo|94/100|[from] Stealth Rock
|turn|22
|inactive|subtect kyurem has 120 seconds left.
|
|t:|1776082427
|-terastallize|p2a: Gholdengo|Fairy
|move|p1a: Great Tusk|Headlong Rush|p2a: Gholdengo
|-damage|p2a: Gholdengo|9/100
|-unboost|p1a: Great Tusk|def|1
|-unboost|p1a: Great Tusk|spd|1
|move|p2a: Gholdengo|Make It Rain|p1a: Great Tusk
|-supereffective|p1a: Great Tusk
|-damage|p1a: Great Tusk|0 fnt
|-unboost|p2a: Gholdengo|spa|1
|faint|p1a: Great Tusk
|-end|p1a: Great Tusk|Protosynthesis|[silent]
|
|upkeep
|
|t:|1776082434
|switch|p1a: Dragonite|Dragonite, M|54/100
|turn|23
|j| Dogedgr8
|
|t:|1776082447
|move|p1a: Dragonite|Extreme Speed|p2a: Gholdengo
|-damage|p2a: Gholdengo|0 fnt
|faint|p2a: Gholdengo
|
|upkeep
|
|t:|1776082456
|switch|p2a: Primarina|Primarina, M|2/100
|-damage|p2a: Primarina|0 fnt|[from] Stealth Rock
|faint|p2a: Primarina
|
|t:|1776082459
|switch|p2a: Darkrai|Darkrai|88/100
|-damage|p2a: Darkrai|76/100|[from] Stealth Rock
|turn|24
|
|t:|1776082475
|move|p1a: Dragonite|Extreme Speed|p2a: Darkrai
|-damage|p2a: Darkrai|24/100
|move|p2a: Darkrai|Ice Beam|p1a: Dragonite
|-supereffective|p1a: Dragonite
|-damage|p1a: Dragonite|0 fnt
|faint|p1a: Dragonite
|
|upkeep
|j| imSilverLike
|
|t:|1776082481
|switch|p1a: Hatterene|Hatterene, F|80/100
|turn|25
|
|t:|1776082487
|move|p2a: Darkrai|Ice Beam|p1a: Hatterene
|-damage|p1a: Hatterene|43/100
|move|p1a: Hatterene|Dazzling Gleam|p2a: Darkrai
|-supereffective|p2a: Darkrai
|-damage|p2a: Darkrai|0 fnt
|faint|p2a: Darkrai
|
|win|Blastoise_Choice
|raw|Blastoise_Choice's rating: 1677 &rarr; <strong>1699</strong><br />(+22 for winning)
|raw|subtect kyurem's rating: 1719 &rarr; <strong>1697</strong><br />(-22 for losing)
|c|☆Blastoise_Choice|gg
|l|☆subtect kyurem
|player|p2|
