|html|<div class="broadcast-blue"><strong>[Gen 9] OU is currently suspecting Volcarona! For information on how to participate check out the <a href="https://www.smogon.com/tools/suspects/view/208">suspect thread</a>.</strong></div>
|j|☆tripi traupa
|j|☆ascbo
|t:|1778502867
|gametype|singles
|player|p1|tripi traupa|raihan-masters|1300
|player|p2|ascbo|youngster-gen8|1322
|gen|9
|tier|[Gen 9] OU
|rated|
|rule|HP Percentage Mod: HP is shown in percentages
|rule|Endless Battle Clause: Forcing endless battles is banned
|rule|Species Clause: Limit one of each Pokémon
|rule|OHKO Clause: OHKO moves are banned
|rule|Evasion Items Clause: Evasion items are banned
|rule|Evasion Moves Clause: Evasion moves are banned
|rule|Evasion Abilities Clause: Evasion abilities are banned
|rule|Sleep Moves Clause: Sleep-inducing moves are banned
|clearpoke
|poke|p1|Moltres-Galar|
|poke|p1|Great Tusk|
|poke|p1|Iron Moth|
|poke|p1|Araquanid, M|
|poke|p1|Landorus-Therian, M|
|poke|p1|Weavile, M|
|poke|p2|Regidrago|
|poke|p2|Garchomp, F|
|poke|p2|Dragonite, M|
|poke|p2|Grimmsnarl, M|
|poke|p2|Pecharunt|
|poke|p2|Great Tusk|
|teampreview
|inactive|Battle timer is ON: inactive players will automatically lose when time's up. (requested by tripi traupa)
|
|t:|1778502874
|teamsize|p1|6
|teamsize|p2|6
|start
|switch|p1a: Araquanid|Araquanid, M|100/100
|switch|p2a: Me Tengo Que Ir|Grimmsnarl, M|100/100
|turn|1
|
|t:|1778502890
|move|p2a: Me Tengo Que Ir|Spirit Break|p1a: Araquanid
|-damage|p1a: Araquanid|71/100
|-unboost|p1a: Araquanid|spa|1
|move|p1a: Araquanid|Sticky Web|p2a: Me Tengo Que Ir
|-sidestart|p2: ascbo|move: Sticky Web
|
|upkeep
|turn|2
|
|t:|1778502895
|move|p2a: Me Tengo Que Ir|Light Screen|p2a: Me Tengo Que Ir
|-sidestart|p2: ascbo|move: Light Screen
|move|p1a: Araquanid|Surf|p2a: Me Tengo Que Ir
|-damage|p2a: Me Tengo Que Ir|86/100
|
|upkeep
|turn|3
|
|t:|1778502900
|move|p2a: Me Tengo Que Ir|Reflect|p2a: Me Tengo Que Ir
|-sidestart|p2: ascbo|Reflect
|move|p1a: Araquanid|Surf|p2a: Me Tengo Que Ir
|-damage|p2a: Me Tengo Que Ir|73/100
|
|upkeep
|turn|4
|
|t:|1778502904
|move|p2a: Me Tengo Que Ir|Parting Shot|p1a: Araquanid
|-unboost|p1a: Araquanid|atk|1
|-unboost|p1a: Araquanid|spa|1
|
|t:|1778502908
|switch|p2a: Rey Sin Reina|Great Tusk|100/100|[from] Parting Shot
|-activate|p2a: Rey Sin Reina|move: Sticky Web
|-unboost|p2a: Rey Sin Reina|spe|1
|-enditem|p2a: Rey Sin Reina|Booster Energy
|-activate|p2a: Rey Sin Reina|ability: Protosynthesis|[fromitem]
|-start|p2a: Rey Sin Reina|protosynthesisatk
|move|p1a: Araquanid|Surf|p2a: Rey Sin Reina
|-supereffective|p2a: Rey Sin Reina
|-damage|p2a: Rey Sin Reina|64/100
|
|upkeep
|turn|5
|
|t:|1778502921
|move|p2a: Rey Sin Reina|Rapid Spin|p1a: Araquanid
|-damage|p1a: Araquanid|53/100
|-boost|p2a: Rey Sin Reina|spe|1
|-sideend|p2: ascbo|Sticky Web|[from] move: Rapid Spin|[of] p2a: Rey Sin Reina
|move|p1a: Araquanid|Surf|p2a: Rey Sin Reina
|-supereffective|p2a: Rey Sin Reina
|-damage|p2a: Rey Sin Reina|28/100
|
|upkeep
|turn|6
|
|t:|1778502928
|-end|p2a: Rey Sin Reina|Protosynthesis|[silent]
|switch|p2a: Oh Qué Será?|Regidrago|100/100
|move|p1a: Araquanid|Sticky Web|p2a: Oh Qué Será?
|-sidestart|p2: ascbo|move: Sticky Web
|
|upkeep
|turn|7
|
|t:|1778502937
|move|p2a: Oh Qué Será?|Dragon Dance|p2a: Oh Qué Será?
|-boost|p2a: Oh Qué Será?|atk|1
|-boost|p2a: Oh Qué Será?|spe|1
|move|p1a: Araquanid|Surf|p2a: Oh Qué Será?
|-resisted|p2a: Oh Qué Será?
|-damage|p2a: Oh Qué Será?|93/100
|
|upkeep
|turn|8
|
|t:|1778502958
|move|p1a: Araquanid|Endure|p1a: Araquanid
|-singleturn|p1a: Araquanid|move: Endure
|move|p2a: Oh Qué Será?|Dragon Dance|p2a: Oh Qué Será?
|-boost|p2a: Oh Qué Será?|atk|1
|-boost|p2a: Oh Qué Será?|spe|1
|
|upkeep
|turn|9
|
|t:|1778502963
|move|p2a: Oh Qué Será?|Dragon Dance|p2a: Oh Qué Será?
|-boost|p2a: Oh Qué Será?|atk|1
|-boost|p2a: Oh Qué Será?|spe|1
|move|p1a: Araquanid|Endeavor|p2a: Oh Qué Será?
|-damage|p2a: Oh Qué Será?|34/100
|
|-sideend|p2: ascbo|move: Light Screen
|upkeep
|turn|10
|
|t:|1778502968
|move|p2a: Oh Qué Será?|Outrage|p1a: Araquanid
|-damage|p1a: Araquanid|0 fnt
|faint|p1a: Araquanid
|-damage|p2a: Oh Qué Será?|24/100|[from] item: Life Orb
|
|-sideend|p2: ascbo|Reflect
|upkeep
|
|t:|1778502971
|switch|p1a: Weavile|Weavile, M|100/100
|-ability|p1a: Weavile|Pressure
|turn|11
|
|t:|1778502975
|move|p1a: Weavile|Ice Shard|p2a: Oh Qué Será?
|-supereffective|p2a: Oh Qué Será?
|-damage|p2a: Oh Qué Será?|0 fnt
|faint|p2a: Oh Qué Será?
|
|upkeep
|
|t:|1778502979
|switch|p2a: Me Tengo Que Ir|Grimmsnarl, M|73/100
|-activate|p2a: Me Tengo Que Ir|move: Sticky Web
|-unboost|p2a: Me Tengo Que Ir|spe|1
|turn|12
|
|t:|1778502986
|switch|p1a: Iron Moth|Iron Moth|100/100
|-enditem|p1a: Iron Moth|Booster Energy
|-activate|p1a: Iron Moth|ability: Quark Drive|[fromitem]
|-start|p1a: Iron Moth|quarkdrivespe
|move|p2a: Me Tengo Que Ir|Reflect|p2a: Me Tengo Que Ir
|-sidestart|p2: ascbo|Reflect
|
|upkeep
|turn|13
|
|t:|1778502989
|move|p2a: Me Tengo Que Ir|Light Screen|p2a: Me Tengo Que Ir
|-sidestart|p2: ascbo|move: Light Screen
|move|p1a: Iron Moth|Substitute|p1a: Iron Moth
|-start|p1a: Iron Moth|Substitute
|-damage|p1a: Iron Moth|76/100
|
|upkeep
|turn|14
|
|t:|1778502994
|move|p2a: Me Tengo Que Ir|Parting Shot|p1a: Iron Moth
|-unboost|p1a: Iron Moth|atk|1
|-unboost|p1a: Iron Moth|spa|1
|
|t:|1778502997
|switch|p2a: Deseándote|Pecharunt|100/100|[from] Parting Shot
|-activate|p2a: Deseándote|move: Sticky Web
|-unboost|p2a: Deseándote|spe|1
|move|p1a: Iron Moth|Fiery Dance|p2a: Deseándote
|-damage|p2a: Deseándote|88/100
|
|-heal|p2a: Deseándote|94/100|[from] item: Leftovers
|upkeep
|turn|15
|
|t:|1778503006
|move|p1a: Iron Moth|Fiery Dance|p2a: Deseándote
|-crit|p2a: Deseándote
|-damage|p2a: Deseándote|30/100
|-boost|p1a: Iron Moth|spa|1
|move|p2a: Deseándote|Nasty Plot|p2a: Deseándote
|-boost|p2a: Deseándote|spa|2
|
|-heal|p2a: Deseándote|36/100|[from] item: Leftovers
|upkeep
|turn|16
|
|t:|1778503012
|move|p1a: Iron Moth|Fiery Dance|p2a: Deseándote
|-damage|p2a: Deseándote|16/100
|move|p2a: Deseándote|Recover|p2a: Deseándote
|-heal|p2a: Deseándote|66/100
|
|-heal|p2a: Deseándote|72/100|[from] item: Leftovers
|upkeep
|turn|17
|
|t:|1778503018
|move|p1a: Iron Moth|Fiery Dance|p2a: Deseándote
|-damage|p2a: Deseándote|52/100
|move|p2a: Deseándote|Recover|p2a: Deseándote
|-heal|p2a: Deseándote|100/100
|
|upkeep
|turn|18
|
|t:|1778503022
|move|p1a: Iron Moth|Fiery Dance|p2a: Deseándote
|-damage|p2a: Deseándote|79/100
|move|p2a: Deseándote|Shadow Ball|p1a: Iron Moth
|-crit|p1a: Iron Moth
|-end|p1a: Iron Moth|Substitute
|
|-heal|p2a: Deseándote|85/100|[from] item: Leftovers
|upkeep
|turn|19
|
|t:|1778503028
|move|p1a: Iron Moth|Fiery Dance|p2a: Deseándote
|-damage|p2a: Deseándote|65/100
|move|p2a: Deseándote|Shadow Ball|p1a: Iron Moth
|-damage|p1a: Iron Moth|21/100
|
|-heal|p2a: Deseándote|71/100|[from] item: Leftovers
|-sideend|p2: ascbo|Reflect
|upkeep
|turn|20
|
|t:|1778503035
|-end|p1a: Iron Moth|Quark Drive|[silent]
|switch|p1a: Moltres|Moltres-Galar|100/100
|move|p2a: Deseándote|Shadow Ball|p1a: Moltres
|-resisted|p1a: Moltres
|-damage|p1a: Moltres|83/100
|
|-heal|p2a: Deseándote|77/100|[from] item: Leftovers
|-sideend|p2: ascbo|move: Light Screen
|upkeep
|turn|21
|
|t:|1778503057
|-terastallize|p2a: Deseándote|Dark
|move|p1a: Moltres|Fiery Wrath|p2a: Deseándote
|-resisted|p2a: Deseándote
|-crit|p2a: Deseándote
|-damage|p2a: Deseándote|46/100
|move|p2a: Deseándote|Malignant Chain|p1a: Moltres
|-damage|p1a: Moltres|36/100
|-status|p1a: Moltres|tox
|-start|p1a: Moltres|confusion|[from] ability: Poison Puppeteer|[of] p2a: Deseándote
|-ability|p1a: Moltres|Berserk|boost
|-boost|p1a: Moltres|spa|1
|-enditem|p1a: Moltres|Sitrus Berry|[eat]
|-heal|p1a: Moltres|61/100 tox|[from] item: Sitrus Berry
|
|-heal|p2a: Deseándote|52/100|[from] item: Leftovers
|-damage|p1a: Moltres|55/100 tox|[from] psn
|upkeep
|turn|22
|
|t:|1778503067
|-activate|p1a: Moltres|confusion
|-damage|p1a: Moltres|48/100 tox|[from] confusion
|move|p2a: Deseándote|Recover|p2a: Deseándote
|-heal|p2a: Deseándote|100/100
|
|-damage|p1a: Moltres|36/100 tox|[from] psn
|upkeep
|turn|23
|
|t:|1778503078
|-activate|p1a: Moltres|confusion
|-damage|p1a: Moltres|30/100 tox|[from] confusion
|move|p2a: Deseándote|Malignant Chain|p1a: Moltres
|-damage|p1a: Moltres|0 fnt
|faint|p1a: Moltres
|
|upkeep
|
|t:|1778503088
|switch|p1a: Iron Moth|Iron Moth|21/100
|turn|24
|inactive|ascbo has 120 seconds left.
|
|t:|1778503130
|-terastallize|p1a: Iron Moth|Fairy
|move|p1a: Iron Moth|Dazzling Gleam|p2a: Deseándote
|-supereffective|p2a: Deseándote
|-damage|p2a: Deseándote|19/100
|move|p2a: Deseándote|Shadow Ball|p1a: Iron Moth
|-damage|p1a: Iron Moth|0 fnt
|faint|p1a: Iron Moth
|-end|p1a: Iron Moth|Quark Drive|[silent]
|
|-heal|p2a: Deseándote|25/100|[from] item: Leftovers
|upkeep
|
|t:|1778503151
|switch|p1a: Landorus|Landorus-Therian, M|100/100
|-ability|p1a: Landorus|Intimidate|boost
|-unboost|p2a: Deseándote|atk|1
|turn|25
|inactive|ascbo has 120 seconds left.
|
|t:|1778503158
|move|p1a: Landorus|Earthquake|p2a: Deseándote
|-damage|p2a: Deseándote|0 fnt
|faint|p2a: Deseándote
|
|upkeep
|
|t:|1778503162
|switch|p2a: Me Tengo Que Ir|Grimmsnarl, M|73/100
|-activate|p2a: Me Tengo Que Ir|move: Sticky Web
|-unboost|p2a: Me Tengo Que Ir|spe|1
|turn|26
|
|t:|1778503169
|move|p2a: Me Tengo Que Ir|Reflect|p2a: Me Tengo Que Ir
|-sidestart|p2: ascbo|Reflect
|move|p1a: Landorus|Swords Dance|p1a: Landorus
|-boost|p1a: Landorus|atk|2
|
|upkeep
|turn|27
|
|t:|1778503174
|move|p2a: Me Tengo Que Ir|Parting Shot|p1a: Landorus
|-unboost|p1a: Landorus|atk|1
|-unboost|p1a: Landorus|spa|1
|
|t:|1778503176
|switch|p2a: Tú Con Él|Garchomp, F|100/100|[from] Parting Shot
|-activate|p2a: Tú Con Él|move: Sticky Web
|-unboost|p2a: Tú Con Él|spe|1
|move|p1a: Landorus|Gravity|p1a: Landorus
|-fieldstart|move: Gravity
|
|upkeep
|turn|28
|
|t:|1778503183
|move|p1a: Landorus|Earthquake|p2a: Tú Con Él
|-damage|p2a: Tú Con Él|50/100
|move|p2a: Tú Con Él|Scale Shot|p1a: Landorus
|-damage|p1a: Landorus|85/100
|-damage|p1a: Landorus|70/100
|-damage|p1a: Landorus|55/100
|-damage|p1a: Landorus|38/100
|-damage|p1a: Landorus|23/100
|-hitcount|p1a: Landorus|5
|-unboost|p2a: Tú Con Él|def|1
|-boost|p2a: Tú Con Él|spe|1
|
|upkeep
|turn|29
|
|t:|1778503190
|move|p2a: Tú Con Él|Earthquake|p1a: Landorus
|-damage|p1a: Landorus|0 fnt
|faint|p1a: Landorus
|
|upkeep
|
|t:|1778503192
|switch|p1a: Great Tusk|Great Tusk|100/100
|-enditem|p1a: Great Tusk|Booster Energy
|-activate|p1a: Great Tusk|ability: Protosynthesis|[fromitem]
|-start|p1a: Great Tusk|protosynthesisspe
|turn|30
|
|t:|1778503199
|move|p1a: Great Tusk|Ice Spinner|p2a: Tú Con Él
|-supereffective|p2a: Tú Con Él
|-damage|p2a: Tú Con Él|0 fnt
|-damage|p1a: Great Tusk|88/100|[from] ability: Rough Skin|[of] p2a: Tú Con Él
|faint|p2a: Tú Con Él
|
|upkeep
|
|t:|1778503206
|switch|p2a: Rey Sin Reina|Great Tusk|28/100
|-activate|p2a: Rey Sin Reina|move: Sticky Web
|-unboost|p2a: Rey Sin Reina|spe|1
|turn|31
|
|t:|1778503210
|move|p1a: Great Tusk|Headlong Rush|p2a: Rey Sin Reina
|-damage|p2a: Rey Sin Reina|11/100
|-unboost|p1a: Great Tusk|def|1
|-unboost|p1a: Great Tusk|spd|1
|move|p2a: Rey Sin Reina|Rapid Spin|p1a: Great Tusk
|-damage|p1a: Great Tusk|74/100
|-boost|p2a: Rey Sin Reina|spe|1
|-sideend|p2: ascbo|Sticky Web|[from] move: Rapid Spin|[of] p2a: Rey Sin Reina
|
|-fieldend|move: Gravity
|upkeep
|turn|32
|
|t:|1778503216
|move|p1a: Great Tusk|Headlong Rush|p2a: Rey Sin Reina
|-damage|p2a: Rey Sin Reina|0 fnt
|-unboost|p1a: Great Tusk|def|1
|-unboost|p1a: Great Tusk|spd|1
|faint|p2a: Rey Sin Reina
|-end|p2a: Rey Sin Reina|Protosynthesis|[silent]
|
|upkeep
|
|t:|1778503222
|switch|p2a: Me Tengo Que Ir|Grimmsnarl, M|73/100
|turn|33
|
|t:|1778503226
|move|p1a: Great Tusk|Headlong Rush|p2a: Me Tengo Que Ir
|-damage|p2a: Me Tengo Que Ir|38/100
|-unboost|p1a: Great Tusk|def|1
|-unboost|p1a: Great Tusk|spd|1
|move|p2a: Me Tengo Que Ir|Spirit Break|p1a: Great Tusk
|-supereffective|p1a: Great Tusk
|-damage|p1a: Great Tusk|0 fnt
|faint|p1a: Great Tusk
|-end|p1a: Great Tusk|Protosynthesis|[silent]
|
|-sideend|p2: ascbo|Reflect
|upkeep
|
|t:|1778503232
|switch|p1a: Weavile|Weavile, M|100/100
|-ability|p1a: Weavile|Pressure
|turn|34
|
|t:|1778503237
|move|p2a: Me Tengo Que Ir|Reflect|p2a: Me Tengo Que Ir
|-sidestart|p2: ascbo|Reflect
|move|p1a: Weavile|Icicle Crash|p2a: Me Tengo Que Ir
|-damage|p2a: Me Tengo Que Ir|0 fnt
|faint|p2a: Me Tengo Que Ir
|
|upkeep
|
|t:|1778503240
|switch|p2a: Llorarás|Dragonite, M|100/100
|turn|35
|
|t:|1778503252
|move|p1a: Weavile|Icicle Crash|p2a: Llorarás
|-supereffective|p2a: Llorarás
|-damage|p2a: Llorarás|35/100
|move|p2a: Llorarás|Outrage|p1a: Weavile
|-damage|p1a: Weavile|0 fnt
|faint|p1a: Weavile
|
|win|ascbo
|raw|tripi traupa's rating: 1300 &rarr; <strong>1277</strong><br />(-23 for losing)
|raw|ascbo's rating: 1322 &rarr; <strong>1341</strong><br />(+19 for winning)
|c|☆ascbo|gg wp
|l|☆tripi traupa
|player|p1|
|l|☆ascbo
|player|p2|
