|html|<div class="broadcast-blue"><strong>[Gen 9] OU is currently suspecting Tera Blast! For information on how to participate check out the <a href="https://www.smogon.com/tools/suspects/view/200">suspect thread</a>.</strong></div>
|j|☆ryry_mick
|j|☆nemonobo
|t:|1776132091
|gametype|singles
|player|p1|ryry_mick|elesa|1186
|player|p2|nemonobo|101|1129
|gen|9
|tier|[Gen 9] OU
|rated|
|rule|HP Percentage Mod: HP is shown in percentages
|rule|Endless Battle Clause: Forcing endless battles is banned
|rule|Species Clause: Limit one of each Pokémon
|rule|OHKO Clause: OHKO moves are banned
|rule|Evasion Items Clause: Evasion items are banned
|rule|Evasion Moves Clause: Evasion moves are banned
|rule|Evasion Abilities Clause: Evasion abilities are banned
|rule|Sleep Moves Clause: Sleep-inducing moves are banned
|clearpoke
|poke|p1|Tsareena, F|
|poke|p1|Dragonite, F|
|poke|p1|Araquanid, M|
|poke|p1|Whimsicott, M|
|poke|p1|Gallade, M|
|poke|p1|Minior-Violet|
|poke|p2|Infernape, M|
|poke|p2|Electivire, F|
|poke|p2|Gengar, M|
|poke|p2|Corviknight, F|
|poke|p2|Cloyster, F|
|poke|p2|Blastoise, F|
|teampreview
|j| ohko_smeargle
|
|t:|1776132128
|teamsize|p1|6
|teamsize|p2|6
|start
|switch|p1a: Mr. Radomus|Gallade, M|100/100
|switch|p2a: Blastoise|Blastoise, F|100/100
|turn|1
|
|t:|1776132140
|move|p1a: Mr. Radomus|Leaf Blade|p2a: Blastoise
|-supereffective|p2a: Blastoise
|-damage|p2a: Blastoise|20/100
|move|p2a: Blastoise|Shell Smash|p2a: Blastoise
|-unboost|p2a: Blastoise|def|1
|-unboost|p2a: Blastoise|spd|1
|-boost|p2a: Blastoise|atk|2
|-boost|p2a: Blastoise|spa|2
|-boost|p2a: Blastoise|spe|2
|-enditem|p2a: Blastoise|White Herb
|-clearnegativeboost|p2a: Blastoise|[silent]
|
|upkeep
|turn|2
|
|t:|1776132153
|move|p1a: Mr. Radomus|Leaf Blade|p2a: Blastoise
|-supereffective|p2a: Blastoise
|-damage|p2a: Blastoise|0 fnt
|faint|p2a: Blastoise
|
|upkeep
|
|t:|1776132158
|switch|p2a: Corviknight|Corviknight, F|100/100
|turn|3
|
|t:|1776132178
|switch|p1a: Planet Waves|Minior-Violet|100/100
|-formechange|p1a: Planet Waves|Minior-Meteor||[from] ability: Shields Down
|move|p2a: Corviknight|Bulk Up|p2a: Corviknight
|-boost|p2a: Corviknight|atk|1
|-boost|p2a: Corviknight|def|1
|
|upkeep
|turn|4
|
|t:|1776132187
|move|p1a: Planet Waves|Shell Smash|p1a: Planet Waves
|-unboost|p1a: Planet Waves|def|1
|-unboost|p1a: Planet Waves|spd|1
|-boost|p1a: Planet Waves|atk|2
|-boost|p1a: Planet Waves|spa|2
|-boost|p1a: Planet Waves|spe|2
|move|p2a: Corviknight|Bulk Up|p2a: Corviknight
|-boost|p2a: Corviknight|atk|1
|-boost|p2a: Corviknight|def|1
|
|upkeep
|turn|5
|
|t:|1776132197
|move|p1a: Planet Waves|Shell Smash|p1a: Planet Waves
|-unboost|p1a: Planet Waves|def|1
|-unboost|p1a: Planet Waves|spd|1
|-boost|p1a: Planet Waves|atk|2
|-boost|p1a: Planet Waves|spa|2
|-boost|p1a: Planet Waves|spe|2
|move|p2a: Corviknight|Iron Head|p1a: Planet Waves
|-supereffective|p1a: Planet Waves
|-enditem|p1a: Planet Waves|Focus Sash
|-damage|p1a: Planet Waves|1/100
|
|-formechange|p1a: Planet Waves|Minior-Violet||[from] ability: Shields Down
|upkeep
|turn|6
|
|t:|1776132211
|move|p1a: Planet Waves|Explosion|p2a: Corviknight
|-resisted|p2a: Corviknight
|-damage|p2a: Corviknight|54/100
|faint|p1a: Planet Waves
|move|p2a: Corviknight|Bulk Up|p2a: Corviknight
|-boost|p2a: Corviknight|atk|1
|-boost|p2a: Corviknight|def|1
|
|upkeep
|
|t:|1776132229
|switch|p1a: Saphira|Dragonite, F|100/100
|turn|7
|
|t:|1776132236
|move|p1a: Saphira|Dragon Dance|p1a: Saphira
|-boost|p1a: Saphira|atk|1
|-boost|p1a: Saphira|spe|1
|move|p2a: Corviknight|Iron Head|p1a: Saphira
|-damage|p1a: Saphira|56/100
|
|upkeep
|turn|8
|
|t:|1776132244
|move|p1a: Saphira|Dragon Claw|p2a: Corviknight
|-resisted|p2a: Corviknight
|-damage|p2a: Corviknight|42/100
|-damage|p1a: Saphira|40/100|[from] item: Rocky Helmet|[of] p2a: Corviknight
|move|p2a: Corviknight|Iron Head|p1a: Saphira
|-damage|p1a: Saphira|0 fnt
|faint|p1a: Saphira
|
|upkeep
|
|t:|1776132248
|switch|p1a: Crawli|Araquanid, M|100/100
|turn|9
|
|t:|1776132261
|-terastallize|p1a: Crawli|Water
|move|p2a: Corviknight|Iron Head|p1a: Crawli
|-resisted|p1a: Crawli
|-damage|p1a: Crawli|54/100
|move|p1a: Crawli|Liquidation|p2a: Corviknight
|-damage|p2a: Corviknight|13/100
|-damage|p1a: Crawli|37/100|[from] item: Rocky Helmet|[of] p2a: Corviknight
|
|upkeep
|turn|10
|
|t:|1776132270
|move|p2a: Corviknight|Iron Head|p1a: Crawli
|-resisted|p1a: Crawli
|-damage|p1a: Crawli|0 fnt
|faint|p1a: Crawli
|
|upkeep
|
|t:|1776132276
|switch|p1a: Mr. Radomus|Gallade, M|100/100
|turn|11
|
|t:|1776132284
|move|p1a: Mr. Radomus|Sacred Sword|p2a: Corviknight
|-crit|p2a: Corviknight
|-damage|p2a: Corviknight|0 fnt
|-damage|p1a: Mr. Radomus|84/100|[from] item: Rocky Helmet|[of] p2a: Corviknight
|faint|p2a: Corviknight
|
|upkeep
|
|t:|1776132293
|switch|p2a: Gengar|Gengar, M|100/100
|turn|12
|
|t:|1776132297
|switch|p1a: Cloudy|Whimsicott, M|100/100
|move|p2a: Gengar|Nasty Plot|p2a: Gengar
|-boost|p2a: Gengar|spa|2
|
|upkeep
|turn|13
|
|t:|1776132305
|move|p1a: Cloudy|Encore|p2a: Gengar
|-start|p2a: Gengar|Encore
|move|p2a: Gengar|Nasty Plot|p2a: Gengar
|-boost|p2a: Gengar|spa|2
|
|upkeep
|turn|14
|
|t:|1776132318
|switch|p1a: Mr. Radomus|Gallade, M|84/100
|switch|p2a: Infernape|Infernape, M|100/100
|
|upkeep
|turn|15
|
|t:|1776132341
|move|p1a: Mr. Radomus|Psycho Cut|p2a: Infernape
|-supereffective|p2a: Infernape
|-damage|p2a: Infernape|0 fnt
|faint|p2a: Infernape
|
|upkeep
|
|t:|1776132359
|switch|p2a: Cloyster|Cloyster, F|100/100
|turn|16
|
|t:|1776132367
|switch|p1a: Cloudy|Whimsicott, M|100/100
|-terastallize|p2a: Cloyster|Water
|move|p2a: Cloyster|Shell Smash|p2a: Cloyster
|-unboost|p2a: Cloyster|def|1
|-unboost|p2a: Cloyster|spd|1
|-boost|p2a: Cloyster|atk|2
|-boost|p2a: Cloyster|spa|2
|-boost|p2a: Cloyster|spe|2
|-enditem|p2a: Cloyster|White Herb
|-clearnegativeboost|p2a: Cloyster|[silent]
|
|upkeep
|turn|17
|
|t:|1776132374
|move|p1a: Cloudy|Encore|p2a: Cloyster
|-start|p2a: Cloyster|Encore
|move|p2a: Cloyster|Shell Smash|p2a: Cloyster
|-unboost|p2a: Cloyster|def|1
|-unboost|p2a: Cloyster|spd|1
|-boost|p2a: Cloyster|atk|2
|-boost|p2a: Cloyster|spa|2
|-boost|p2a: Cloyster|spe|2
|
|upkeep
|turn|18
|
|t:|1776132388
|switch|p2a: Gengar|Gengar, M|100/100
|switch|p1a: Mr. Radomus|Gallade, M|84/100
|
|upkeep
|turn|19
|
|t:|1776132394
|move|p1a: Mr. Radomus|Psycho Cut|p2a: Gengar
|-supereffective|p2a: Gengar
|-damage|p2a: Gengar|0 fnt
|faint|p2a: Gengar
|
|upkeep
|
|t:|1776132398
|switch|p2a: Cloyster|Cloyster, F, tera:Water|100/100
|turn|20
|
|t:|1776132405
|switch|p1a: Cloudy|Whimsicott, M|100/100
|move|p2a: Cloyster|Shell Smash|p2a: Cloyster
|-unboost|p2a: Cloyster|def|1
|-unboost|p2a: Cloyster|spd|1
|-boost|p2a: Cloyster|atk|2
|-boost|p2a: Cloyster|spa|2
|-boost|p2a: Cloyster|spe|2
|
|upkeep
|turn|21
|
|t:|1776132409
|switch|p2a: Electivire|Electivire, F|100/100
|move|p1a: Cloudy|Encore||[still]
|-fail|p1a: Cloudy
|
|upkeep
|turn|22
|
|t:|1776132418
|move|p1a: Cloudy|Moonblast|p2a: Electivire
|-crit|p2a: Electivire
|-damage|p2a: Electivire|26/100
|-unboost|p2a: Electivire|spa|1
|move|p2a: Electivire|Brick Break|p1a: Cloudy
|-resisted|p1a: Cloudy
|-damage|p1a: Cloudy|80/100
|
|upkeep
|turn|23
|
|t:|1776132426
|move|p1a: Cloudy|Moonblast|p2a: Electivire
|-damage|p2a: Electivire|0 fnt
|faint|p2a: Electivire
|
|upkeep
|
|t:|1776132427
|switch|p2a: Cloyster|Cloyster, F, tera:Water|100/100
|turn|24
|
|t:|1776132434
|move|p1a: Cloudy|Tailwind|p1a: Cloudy
|-sidestart|p1: ryry_mick|move: Tailwind
|move|p2a: Cloyster|Icicle Spear|p1a: Cloudy
|-supereffective|p1a: Cloudy
|-damage|p1a: Cloudy|43/100
|-supereffective|p1a: Cloudy
|-damage|p1a: Cloudy|7/100
|-supereffective|p1a: Cloudy
|-damage|p1a: Cloudy|0 fnt
|faint|p1a: Cloudy
|-hitcount|p1: Cloudy|3
|
|upkeep
|
|t:|1776132438
|switch|p1a: Mr. Radomus|Gallade, M|84/100
|turn|25
|
|t:|1776132444
|move|p1a: Mr. Radomus|Leaf Blade|p2a: Cloyster
|-supereffective|p2a: Cloyster
|-crit|p2a: Cloyster
|-damage|p2a: Cloyster|0 fnt
|faint|p2a: Cloyster
|
|win|ryry_mick
|raw|ryry_mick's rating: 1186 &rarr; <strong>1207</strong><br />(+21 for winning)
|raw|nemonobo's rating: 1129 &rarr; <strong>1108</strong><br />(-21 for losing)
|l| ohko_smeargle
|l|☆nemonobo
|player|p2|
