|html|<div class="broadcast-blue"><strong>[Gen 9] OU is currently suspecting Tera Blast! For information on how to participate check out the <a href="https://www.smogon.com/tools/suspects/view/200">suspect thread</a>.</strong></div>
|j|☆Alexanderpato33
|j|☆unconquerablewuu
|t:|1776214266
|gametype|singles
|player|p1|Alexanderpato33|169|1105
|player|p2|unconquerablewuu|102|1123
|gen|9
|tier|[Gen 9] OU
|rated|
|rule|HP Percentage Mod: HP is shown in percentages
|rule|Endless Battle Clause: Forcing endless battles is banned
|rule|Species Clause: Limit one of each Pokémon
|rule|OHKO Clause: OHKO moves are banned
|rule|Evasion Items Clause: Evasion items are banned
|rule|Evasion Moves Clause: Evasion moves are banned
|rule|Evasion Abilities Clause: Evasion abilities are banned
|rule|Sleep Moves Clause: Sleep-inducing moves are banned
|clearpoke
|poke|p1|Ceruledge, F|
|poke|p1|Walking Wake|
|poke|p1|Ting-Lu|
|poke|p1|Slowking-Galar, F|
|poke|p1|Staraptor, F|
|poke|p1|Quaquaval, F|
|poke|p2|Cinderace, M|
|poke|p2|Ogerpon, F|
|poke|p2|Tornadus-Therian, M|
|poke|p2|Great Tusk|
|poke|p2|Slowking-Galar, F|
|poke|p2|Gholdengo|
|teampreview
|
|t:|1776214284
|teamsize|p1|6
|teamsize|p2|6
|start
|switch|p1a: Quaquaval|Quaquaval, F|100/100
|switch|p2a: Ogerpon|Ogerpon, F|100/100
|turn|1
|
|t:|1776214297
|move|p2a: Ogerpon|Leech Seed|p1a: Quaquaval
|-start|p1a: Quaquaval|move: Leech Seed
|move|p1a: Quaquaval|Triple Axel|p2a: Ogerpon
|-supereffective|p2a: Ogerpon
|-damage|p2a: Ogerpon|77/100
|-supereffective|p2a: Ogerpon
|-damage|p2a: Ogerpon|28/100
|-supereffective|p2a: Ogerpon
|-damage|p2a: Ogerpon|0 fnt
|faint|p2a: Ogerpon
|-ability|p1a: Quaquaval|Moxie|boost
|-boost|p1a: Quaquaval|atk|1
|-hitcount|p2: Ogerpon|3
|-damage|p1a: Quaquaval|91/100|[from] item: Life Orb
|
|upkeep
|
|t:|1776214310
|switch|p2a: Slowking|Slowking-Galar, F|100/100
|turn|2
|l|☆Alexanderpato33
|player|p1|
|j|☆Alexanderpato33
|player|p1|Alexanderpato33|169|
|
|t:|1776214353
|move|p1a: Quaquaval|Aqua Step|p2a: Slowking
|-damage|p2a: Slowking|8/100
|-boost|p1a: Quaquaval|spe|1
|-damage|p1a: Quaquaval|81/100|[from] item: Life Orb
|move|p2a: Slowking|Psychic Noise|p1a: Quaquaval
|-supereffective|p1a: Quaquaval
|-damage|p1a: Quaquaval|0 fnt
|faint|p1a: Quaquaval
|
|upkeep
|
|t:|1776214369
|switch|p1a: Staraptor|Staraptor, F|100/100
|-ability|p1a: Staraptor|Intimidate|boost
|-unboost|p2a: Slowking|atk|1
|turn|3
|
|t:|1776214375
|move|p1a: Staraptor|U-turn|p2a: Slowking
|-damage|p2a: Slowking|0 fnt
|faint|p2a: Slowking
|
|t:|1776214379
|switch|p1a: ShadowKnight|Ceruledge, F|100/100|[from] U-turn
|
|upkeep
|
|t:|1776214386
|switch|p2a: Great Tusk|Great Tusk|100/100
|-enditem|p2a: Great Tusk|Booster Energy
|-activate|p2a: Great Tusk|ability: Protosynthesis|[fromitem]
|-start|p2a: Great Tusk|protosynthesisatk
|turn|4
|
|t:|1776214396
|move|p2a: Great Tusk|Ice Spinner|p1a: ShadowKnight
|-resisted|p1a: ShadowKnight
|-damage|p1a: ShadowKnight|76/100
|-ability|p1a: ShadowKnight|Weak Armor|boost
|-unboost|p1a: ShadowKnight|def|1
|-boost|p1a: ShadowKnight|spe|2
|move|p1a: ShadowKnight|Swords Dance|p1a: ShadowKnight
|-boost|p1a: ShadowKnight|atk|2
|
|upkeep
|turn|5
|
|t:|1776214409
|move|p1a: ShadowKnight|Bitter Blade|p2a: Great Tusk
|-damage|p2a: Great Tusk|21/100
|-heal|p1a: ShadowKnight|100/100|[from] drain|[of] p2a: Great Tusk
|move|p2a: Great Tusk|Headlong Rush|p1a: ShadowKnight
|-supereffective|p1a: ShadowKnight
|-enditem|p1a: ShadowKnight|Focus Sash
|-damage|p1a: ShadowKnight|1/100
|-unboost|p2a: Great Tusk|def|1
|-unboost|p2a: Great Tusk|spd|1
|-ability|p1a: ShadowKnight|Weak Armor|boost
|-unboost|p1a: ShadowKnight|def|1
|-boost|p1a: ShadowKnight|spe|2
|
|upkeep
|turn|6
|
|t:|1776214432
|move|p1a: ShadowKnight|Bitter Blade|p2a: Great Tusk
|-damage|p2a: Great Tusk|0 fnt
|-heal|p1a: ShadowKnight|14/100|[from] drain|[of] p2a: Great Tusk
|faint|p2a: Great Tusk
|-end|p2a: Great Tusk|Protosynthesis|[silent]
|
|upkeep
|
|t:|1776214447
|switch|p2a: Cinderace|Cinderace, M, shiny|100/100
|turn|7
|
|t:|1776214457
|move|p1a: ShadowKnight|Poltergeist|p2a: Cinderace
|-activate|p2a: Cinderace|move: Poltergeist|Heavy-Duty Boots
|-damage|p2a: Cinderace|0 fnt
|faint|p2a: Cinderace
|
|upkeep
|
|t:|1776214471
|switch|p2a: Tornadus|Tornadus-Therian, M|100/100
|turn|8
|l|☆Alexanderpato33
|player|p1|
|j|☆Alexanderpato33
|player|p1|Alexanderpato33|169|
|
|t:|1776214499
|-terastallize|p1a: ShadowKnight|Fire
|move|p1a: ShadowKnight|Bitter Blade|p2a: Tornadus
|-damage|p2a: Tornadus|0 fnt
|-heal|p1a: ShadowKnight|66/100|[from] drain|[of] p2a: Tornadus
|faint|p2a: Tornadus
|
|upkeep
|
|t:|1776214511
|switch|p2a: Gholdengo|Gholdengo|100/100
|-item|p2a: Gholdengo|Air Balloon
|turn|9
|
|t:|1776214544
|-terastallize|p2a: Gholdengo|Fairy
|move|p1a: ShadowKnight|Poltergeist|p2a: Gholdengo
|-activate|p2a: Gholdengo|move: Poltergeist|Air Balloon
|-damage|p2a: Gholdengo|0 fnt
|-enditem|p2a: Gholdengo|Air Balloon
|faint|p2a: Gholdengo
|
|win|Alexanderpato33
|raw|Alexanderpato33's rating: 1105 &rarr; <strong>1131</strong><br />(+26 for winning)
|raw|unconquerablewuu's rating: 1123 &rarr; <strong>1097</strong><br />(-26 for losing)
