|html|<div class="broadcast-blue"><strong>[Gen 9] OU is currently suspecting Tera Blast! For information on how to participate check out the <a href="https://www.smogon.com/tools/suspects/view/200">suspect thread</a>.</strong></div>
|j|☆polaria_08
|j|☆jadenyng
|t:|1776068880
|gametype|singles
|player|p1|polaria_08|lady|1196
|player|p2|jadenyng|brawly|1222
|gen|9
|tier|[Gen 9] OU
|rated|
|rule|HP Percentage Mod: HP is shown in percentages
|rule|Endless Battle Clause: Forcing endless battles is banned
|rule|Species Clause: Limit one of each Pokémon
|rule|OHKO Clause: OHKO moves are banned
|rule|Evasion Items Clause: Evasion items are banned
|rule|Evasion Moves Clause: Evasion moves are banned
|rule|Evasion Abilities Clause: Evasion abilities are banned
|rule|Sleep Moves Clause: Sleep-inducing moves are banned
|clearpoke
|poke|p1|Skarmory, M|
|poke|p1|Clodsire, M|
|poke|p1|Toxapex, M|
|poke|p1|Milotic, F|
|poke|p1|Skeledirge, M|
|poke|p1|Goodra, F|
|poke|p2|Tornadus, M|
|poke|p2|Toxtricity, M|
|poke|p2|Iron Valiant|
|poke|p2|Arcanine-Hisui, M|
|poke|p2|Brambleghast, M|
|poke|p2|Hydreigon, M|
|teampreview
|
|t:|1776068890
|teamsize|p1|6
|teamsize|p2|6
|start
|switch|p1a: Staalwiek|Skarmory, M|100/100
|switch|p2a: Toxtricity|Toxtricity, M, shiny|100/100
|turn|1
|
|t:|1776068906
|switch|p2a: Tornadus|Tornadus, M, shiny|100/100
|move|p1a: Staalwiek|Spikes|p2a: Tornadus
|-sidestart|p2: jadenyng|Spikes
|
|upkeep
|turn|2
|
|t:|1776068912
|move|p2a: Tornadus|Taunt|p1a: Staalwiek
|-start|p1a: Staalwiek|move: Taunt
|cant|p1a: Staalwiek|move: Taunt|Whirlwind
|
|upkeep
|turn|3
|inactive|Battle timer is ON: inactive players will automatically lose when time's up. (requested by jadenyng)
|
|t:|1776068919
|move|p2a: Tornadus|Focus Blast|p1a: Staalwiek
|-damage|p1a: Staalwiek|45/100
|-unboost|p1a: Staalwiek|spd|1
|move|p1a: Staalwiek|Brave Bird|p2a: Tornadus
|-damage|p2a: Tornadus|44/100
|-damage|p1a: Staalwiek|28/100|[from] Recoil
|-enditem|p2a: Tornadus|Eject Button
|
|t:|1776068926
|switch|p2a: Toxtricity|Toxtricity, M, shiny|100/100
|-damage|p2a: Toxtricity|88/100|[from] Spikes
|
|upkeep
|turn|4
|
|t:|1776068937
|switch|p1a: Afdgrond|Clodsire, M|100/100
|move|p2a: Toxtricity|Boomburst|p1a: Afdgrond
|-damage|p1a: Afdgrond|52/100
|
|-heal|p1a: Afdgrond|58/100|[from] item: Leftovers
|upkeep
|turn|5
|
|t:|1776068945
|switch|p2a: Tornadus|Tornadus, M, shiny|44/100
|move|p1a: Afdgrond|Stealth Rock|p2a: Tornadus
|-sidestart|p2: jadenyng|move: Stealth Rock
|
|-heal|p1a: Afdgrond|65/100|[from] item: Leftovers
|upkeep
|turn|6
|
|t:|1776068958
|move|p1a: Afdgrond|Protect|p1a: Afdgrond
|-singleturn|p1a: Afdgrond|Protect
|move|p2a: Tornadus|Tailwind|p2a: Tornadus
|-sidestart|p2: jadenyng|move: Tailwind
|
|-heal|p1a: Afdgrond|71/100|[from] item: Leftovers
|upkeep
|turn|7
|
|t:|1776068963
|move|p2a: Tornadus|Hurricane|p1a: Afdgrond
|-damage|p1a: Afdgrond|43/100
|move|p1a: Afdgrond|Recover|p1a: Afdgrond
|-heal|p1a: Afdgrond|93/100
|
|-heal|p1a: Afdgrond|99/100|[from] item: Leftovers
|upkeep
|turn|8
|
|t:|1776068973
|switch|p1a: Gifkroon|Toxapex, M, shiny|100/100
|move|p2a: Tornadus|Hurricane|p1a: Gifkroon
|-damage|p1a: Gifkroon|54/100
|-start|p1a: Gifkroon|confusion
|
|-heal|p1a: Gifkroon|60/100|[from] item: Black Sludge
|upkeep
|turn|9
|
|t:|1776068989
|move|p2a: Tornadus|Taunt|p1a: Gifkroon
|-start|p1a: Gifkroon|move: Taunt
|cant|p1a: Gifkroon|move: Taunt|Toxic Spikes
|
|-heal|p1a: Gifkroon|67/100|[from] item: Black Sludge
|-sideend|p2: jadenyng|move: Tailwind
|upkeep
|turn|10
|
|t:|1776069008
|move|p2a: Tornadus|Hurricane|p1a: Gifkroon|[miss]
|-miss|p2a: Tornadus|p1a: Gifkroon
|-activate|p1a: Gifkroon|confusion
|-activate|p1a: Gifkroon|move: Struggle
|move|p1a: Gifkroon|Struggle|p2a: Tornadus
|-damage|p2a: Tornadus|33/100
|-damage|p1a: Gifkroon|42/100|[from] recoil
|
|-heal|p1a: Gifkroon|48/100|[from] item: Black Sludge
|upkeep
|turn|11
|
|t:|1776069016
|move|p2a: Tornadus|Tailwind|p2a: Tornadus
|-sidestart|p2: jadenyng|move: Tailwind
|-activate|p1a: Gifkroon|confusion
|-activate|p1a: Gifkroon|move: Struggle
|move|p1a: Gifkroon|Struggle|p2a: Tornadus
|-damage|p2a: Tornadus|22/100
|-damage|p1a: Gifkroon|23/100|[from] recoil
|
|-heal|p1a: Gifkroon|29/100|[from] item: Black Sludge
|-end|p1a: Gifkroon|move: Taunt
|upkeep
|turn|12
|
|t:|1776069025
|move|p2a: Tornadus|Hurricane|p1a: Gifkroon
|-damage|p1a: Gifkroon|0 fnt
|faint|p1a: Gifkroon
|
|upkeep
|
|t:|1776069037
|switch|p1a: Mistdraak|Goodra, F, shiny|100/100
|turn|13
|
|t:|1776069044
|move|p2a: Tornadus|Taunt|p1a: Mistdraak
|-start|p1a: Mistdraak|move: Taunt
|move|p1a: Mistdraak|Thunderbolt|p2a: Tornadus
|-supereffective|p2a: Tornadus
|-damage|p2a: Tornadus|0 fnt
|faint|p2a: Tornadus
|
|upkeep
|
|t:|1776069049
|switch|p2a: Brambleghast|Brambleghast, M, shiny|100/100
|-damage|p2a: Brambleghast|88/100|[from] Spikes
|-damage|p2a: Brambleghast|76/100|[from] Stealth Rock
|-ability|p2a: Brambleghast|Wind Rider|boost
|-boost|p2a: Brambleghast|atk|1
|turn|14
|
|t:|1776069060
|move|p2a: Brambleghast|Rapid Spin|p1a: Mistdraak
|-crit|p1a: Mistdraak
|-damage|p1a: Mistdraak|43/100
|-boost|p2a: Brambleghast|spe|1
|-sideend|p2: jadenyng|Spikes|[from] move: Rapid Spin|[of] p2a: Brambleghast
|-sideend|p2: jadenyng|Stealth Rock|[from] move: Rapid Spin|[of] p2a: Brambleghast
|-damage|p2a: Brambleghast|66/100|[from] item: Life Orb
|move|p1a: Mistdraak|Flamethrower|p2a: Brambleghast
|-supereffective|p2a: Brambleghast
|-damage|p2a: Brambleghast|0 fnt
|faint|p2a: Brambleghast
|
|-sideend|p2: jadenyng|move: Tailwind
|upkeep
|
|t:|1776069075
|switch|p2a: Arcanine|Arcanine-Hisui, M, shiny|100/100
|turn|15
|
|t:|1776069085
|move|p2a: Arcanine|Head Smash|p1a: Mistdraak
|-damage|p1a: Mistdraak|0 fnt
|faint|p1a: Mistdraak
|
|upkeep
|
|t:|1776069091
|switch|p1a: Afdgrond|Clodsire, M|99/100
|turn|16
|
|t:|1776069107
|switch|p2a: Hydreigon|Hydreigon, M, shiny|100/100
|move|p1a: Afdgrond|Earthquake|p2a: Hydreigon
|-immune|p2a: Hydreigon|[from] ability: Levitate
|
|-heal|p1a: Afdgrond|100/100|[from] item: Leftovers
|upkeep
|turn|17
|
|t:|1776069110
|move|p2a: Hydreigon|Stealth Rock|p1a: Afdgrond
|-sidestart|p1: polaria_08|move: Stealth Rock
|move|p1a: Afdgrond|Stealth Rock|p2a: Hydreigon
|-sidestart|p2: jadenyng|move: Stealth Rock
|
|upkeep
|turn|18
|
|t:|1776069116
|move|p2a: Hydreigon|Dark Pulse|p1a: Afdgrond
|-damage|p1a: Afdgrond|78/100
|move|p1a: Afdgrond|Stealth Rock||[still]
|-fail|p1a: Afdgrond
|
|-heal|p1a: Afdgrond|84/100|[from] item: Leftovers
|upkeep
|turn|19
|
|t:|1776069124
|move|p2a: Hydreigon|Dark Pulse|p1a: Afdgrond
|-damage|p1a: Afdgrond|63/100
|move|p1a: Afdgrond|Recover|p1a: Afdgrond
|-heal|p1a: Afdgrond|100/100
|
|upkeep
|turn|20
|
|t:|1776069152
|switch|p1a: Staalwiek|Skarmory, M|28/100
|-damage|p1a: Staalwiek|16/100|[from] Stealth Rock
|move|p2a: Hydreigon|Dark Pulse|p1a: Staalwiek
|-damage|p1a: Staalwiek|0 fnt
|faint|p1a: Staalwiek
|
|upkeep
|
|t:|1776069160
|switch|p1a: Zeeziel|Milotic, F|100/100
|-damage|p1a: Zeeziel|88/100|[from] Stealth Rock
|turn|21
|
|t:|1776069168
|move|p2a: Hydreigon|Dark Pulse|p1a: Zeeziel
|-damage|p1a: Zeeziel|58/100
|move|p1a: Zeeziel|Dragon Tail|p2a: Hydreigon
|-supereffective|p2a: Hydreigon
|-damage|p2a: Hydreigon|80/100
|drag|p2a: Arcanine|Arcanine-Hisui, M, shiny|100/100
|-damage|p2a: Arcanine|76/100|[from] Stealth Rock
|
|-heal|p1a: Zeeziel|64/100|[from] item: Leftovers
|upkeep
|turn|22
|
|t:|1776069180
|move|p2a: Arcanine|Head Smash|p1a: Zeeziel
|-damage|p1a: Zeeziel|0 fnt
|faint|p1a: Zeeziel
|
|upkeep
|
|t:|1776069186
|switch|p1a: Vlamzang|Skeledirge, M|100/100
|-damage|p1a: Vlamzang|75/100|[from] Stealth Rock
|turn|23
|
|t:|1776069193
|switch|p2a: Hydreigon|Hydreigon, M, shiny|80/100
|-damage|p2a: Hydreigon|68/100|[from] Stealth Rock
|move|p1a: Vlamzang|Shadow Ball|p2a: Hydreigon
|-resisted|p2a: Hydreigon
|-damage|p2a: Hydreigon|46/100
|
|-heal|p1a: Vlamzang|82/100|[from] item: Leftovers
|upkeep
|turn|24
|
|t:|1776069204
|-terastallize|p1a: Vlamzang|Fire
|move|p2a: Hydreigon|Dark Pulse|p1a: Vlamzang
|-damage|p1a: Vlamzang|37/100
|cant|p1a: Vlamzang|flinch
|
|-heal|p1a: Vlamzang|43/100|[from] item: Leftovers
|upkeep
|turn|25
|
|t:|1776069212
|move|p2a: Hydreigon|Dark Pulse|p1a: Vlamzang
|-damage|p1a: Vlamzang|3/100
|move|p1a: Vlamzang|Torch Song|p2a: Hydreigon
|-resisted|p2a: Hydreigon
|-damage|p2a: Hydreigon|14/100
|-boost|p1a: Vlamzang|spa|1
|
|-heal|p1a: Vlamzang|9/100|[from] item: Leftovers
|upkeep
|turn|26
|
|t:|1776069230
|move|p2a: Hydreigon|Dark Pulse|p1a: Vlamzang
|-damage|p1a: Vlamzang|0 fnt
|faint|p1a: Vlamzang
|
|upkeep
|
|t:|1776069233
|switch|p1a: Afdgrond|Clodsire, M|100/100
|-damage|p1a: Afdgrond|94/100|[from] Stealth Rock
|turn|27
|
|t:|1776069253
|move|p2a: Hydreigon|Dark Pulse|p1a: Afdgrond
|-damage|p1a: Afdgrond|74/100
|move|p1a: Afdgrond|Recover|p1a: Afdgrond
|-heal|p1a: Afdgrond|100/100
|
|upkeep
|turn|28
|
|t:|1776069260
|move|p1a: Afdgrond|Protect|p1a: Afdgrond
|-singleturn|p1a: Afdgrond|Protect
|move|p2a: Hydreigon|Dark Pulse|p1a: Afdgrond
|-activate|p1a: Afdgrond|move: Protect
|
|upkeep
|turn|29
|
|t:|1776069271
|move|p2a: Hydreigon|Dark Pulse|p1a: Afdgrond
|-damage|p1a: Afdgrond|80/100
|cant|p1a: Afdgrond|flinch
|
|-heal|p1a: Afdgrond|86/100|[from] item: Leftovers
|upkeep
|turn|30
|c|☆jadenyng|Nice no offsensive moves btw
|
|t:|1776069287
|move|p2a: Hydreigon|Dark Pulse|p1a: Afdgrond
|-damage|p1a: Afdgrond|65/100
|move|p1a: Afdgrond|Recover|p1a: Afdgrond
|-heal|p1a: Afdgrond|100/100
|
|upkeep
|turn|31
|
|t:|1776069294
|move|p1a: Afdgrond|Protect|p1a: Afdgrond
|-singleturn|p1a: Afdgrond|Protect
|move|p2a: Hydreigon|Dark Pulse|p1a: Afdgrond
|-activate|p1a: Afdgrond|move: Protect
|
|upkeep
|turn|32
|
|t:|1776069301
|move|p2a: Hydreigon|Dark Pulse|p1a: Afdgrond
|-damage|p1a: Afdgrond|77/100
|move|p1a: Afdgrond|Stealth Rock||[still]
|-fail|p1a: Afdgrond
|
|-heal|p1a: Afdgrond|83/100|[from] item: Leftovers
|upkeep
|turn|33
|c|☆jadenyng|Get outta here
|
|t:|1776069312
|move|p2a: Hydreigon|Dark Pulse|p1a: Afdgrond
|-damage|p1a: Afdgrond|62/100
|move|p1a: Afdgrond|Recover|p1a: Afdgrond
|-heal|p1a: Afdgrond|100/100
|
|upkeep
|turn|34
|
|t:|1776069320
|move|p1a: Afdgrond|Protect|p1a: Afdgrond
|-singleturn|p1a: Afdgrond|Protect
|move|p2a: Hydreigon|Dark Pulse|p1a: Afdgrond
|-activate|p1a: Afdgrond|move: Protect
|
|upkeep
|turn|35
|
|t:|1776069327
|switch|p2a: Arcanine|Arcanine-Hisui, M, shiny|76/100
|-damage|p2a: Arcanine|51/100|[from] Stealth Rock
|move|p1a: Afdgrond|Stealth Rock||[still]
|-fail|p1a: Afdgrond
|
|upkeep
|turn|36
|
|t:|1776069334
|move|p2a: Arcanine|Flare Blitz|p1a: Afdgrond
|-damage|p1a: Afdgrond|7/100
|-status|p1a: Afdgrond|brn
|move|p1a: Afdgrond|Earthquake|p2a: Arcanine
|-supereffective|p2a: Arcanine
|-damage|p2a: Arcanine|0 fnt
|faint|p2a: Arcanine
|
|-heal|p1a: Afdgrond|13/100 brn|[from] item: Leftovers
|-damage|p1a: Afdgrond|7/100 brn|[from] brn
|upkeep
|
|t:|1776069341
|switch|p2a: Hydreigon|Hydreigon, M, shiny|14/100
|-damage|p2a: Hydreigon|2/100|[from] Stealth Rock
|turn|37
|
|t:|1776069351
|move|p2a: Hydreigon|Dark Pulse|p1a: Afdgrond
|-damage|p1a: Afdgrond|0 fnt
|faint|p1a: Afdgrond
|
|win|jadenyng
|raw|polaria_08's rating: 1196 &rarr; <strong>1173</strong><br />(-23 for losing)
|raw|jadenyng's rating: 1222 &rarr; <strong>1245</strong><br />(+23 for winning)
|l|☆polaria_08
|player|p1|
|l|☆jadenyng
|player|p2|
