|html|<div class="broadcast-blue"><strong>[Gen 9] OU is currently suspecting Tera Blast! For information on how to participate check out the <a href="https://www.smogon.com/tools/suspects/view/200">suspect thread</a>.</strong></div>
|j|☆Animal Law
|j|☆EepySheep
|t:|1776105840
|gametype|singles
|player|p1|Animal Law|266|1112
|player|p2|EepySheep|marley|1060
|gen|9
|tier|[Gen 9] OU
|rated|
|rule|HP Percentage Mod: HP is shown in percentages
|rule|Endless Battle Clause: Forcing endless battles is banned
|rule|Species Clause: Limit one of each Pokémon
|rule|OHKO Clause: OHKO moves are banned
|rule|Evasion Items Clause: Evasion items are banned
|rule|Evasion Moves Clause: Evasion moves are banned
|rule|Evasion Abilities Clause: Evasion abilities are banned
|rule|Sleep Moves Clause: Sleep-inducing moves are banned
|clearpoke
|poke|p1|Sceptile, M|
|poke|p1|Dragonite, F|
|poke|p1|Weezing-Galar, M|
|poke|p1|Manaphy|
|poke|p1|Deoxys-Speed|
|poke|p1|Forretress, F|
|poke|p2|Weavile, F|
|poke|p2|Mamoswine, M|
|poke|p2|Frosmoth, F|
|poke|p2|Sandslash-Alola, F|
|poke|p2|Cloyster, M|
|poke|p2|Rotom-Frost|
|teampreview
|inactive|Battle timer is ON: inactive players will automatically lose when time's up. (requested by EepySheep)
|
|t:|1776105847
|teamsize|p1|6
|teamsize|p2|6
|start
|switch|p1a: Sheila|Forretress, F|100/100
|switch|p2a: Mamoswine|Mamoswine, M|100/100
|turn|1
|
|t:|1776105859
|move|p2a: Mamoswine|Stealth Rock|p1a: Sheila
|-sidestart|p1: Animal Law|move: Stealth Rock
|move|p1a: Sheila|Iron Defense|p1a: Sheila
|-boost|p1a: Sheila|def|2
|
|upkeep
|turn|2
|
|t:|1776105865
|switch|p2a: Cloyster|Cloyster, M|100/100
|move|p1a: Sheila|Rapid Spin|p2a: Cloyster
|-damage|p2a: Cloyster|94/100
|-boost|p1a: Sheila|spe|1
|-sideend|p1: Animal Law|Stealth Rock|[from] move: Rapid Spin|[of] p1a: Sheila
|
|-heal|p2a: Cloyster|99/100|[from] item: Leftovers
|upkeep
|turn|3
|
|t:|1776105875
|-terastallize|p2a: Cloyster|Water
|move|p2a: Cloyster|Hydro Pump|p1a: Sheila
|-damage|p1a: Sheila|44/100
|move|p1a: Sheila|Stealth Rock|p2a: Cloyster
|-sidestart|p2: EepySheep|move: Stealth Rock
|
|-heal|p2a: Cloyster|100/100|[from] item: Leftovers
|-heal|p1a: Sheila|50/100|[from] item: Leftovers
|upkeep
|turn|4
|
|t:|1776105883
|move|p2a: Cloyster|Tera Blast|p1a: Sheila|[anim] Tera Blast Water
|-damage|p1a: Sheila|6/100
|move|p1a: Sheila|Body Press|p2a: Cloyster
|-damage|p2a: Cloyster|69/100
|
|-heal|p2a: Cloyster|75/100|[from] item: Leftovers
|-heal|p1a: Sheila|12/100|[from] item: Leftovers
|upkeep
|turn|5
|
|t:|1776105892
|move|p2a: Cloyster|Toxic Spikes|p1a: Sheila
|-sidestart|p1: Animal Law|move: Toxic Spikes
|move|p1a: Sheila|Rapid Spin|p2a: Cloyster
|-damage|p2a: Cloyster|69/100
|-boost|p1a: Sheila|spe|1
|-sideend|p1: Animal Law|Toxic Spikes|[from] move: Rapid Spin|[of] p1a: Sheila
|
|-heal|p1a: Sheila|18/100|[from] item: Leftovers
|-heal|p2a: Cloyster|75/100|[from] item: Leftovers
|upkeep
|turn|6
|
|t:|1776105899
|move|p1a: Sheila|Body Press|p2a: Cloyster
|-damage|p2a: Cloyster|41/100
|move|p2a: Cloyster|Tera Blast|p1a: Sheila|[anim] Tera Blast Water
|-damage|p1a: Sheila|0 fnt
|faint|p1a: Sheila
|
|-heal|p2a: Cloyster|47/100|[from] item: Leftovers
|upkeep
|
|t:|1776105916
|switch|p1a: Phi-Phi|Manaphy|100/100
|turn|7
|
|t:|1776105922
|switch|p2a: Rotom|Rotom-Frost|100/100
|-damage|p2a: Rotom|76/100|[from] Stealth Rock
|move|p1a: Phi-Phi|Tail Glow|p1a: Phi-Phi
|-boost|p1a: Phi-Phi|spa|3
|
|-heal|p2a: Rotom|82/100|[from] item: Leftovers
|upkeep
|turn|8
|
|t:|1776105932
|move|p1a: Phi-Phi|Surf|p2a: Rotom
|-damage|p2a: Rotom|0 fnt
|faint|p2a: Rotom
|
|upkeep
|
|t:|1776105937
|switch|p2a: Mamoswine|Mamoswine, M|100/100
|turn|9
|
|t:|1776105939
|move|p1a: Phi-Phi|Surf|p2a: Mamoswine
|-supereffective|p2a: Mamoswine
|-damage|p2a: Mamoswine|0 fnt
|faint|p2a: Mamoswine
|
|upkeep
|
|t:|1776105944
|switch|p2a: Weavile|Weavile, F|100/100
|-damage|p2a: Weavile|76/100|[from] Stealth Rock
|turn|10
|
|t:|1776105957
|move|p2a: Weavile|Knock Off|p1a: Phi-Phi
|-damage|p1a: Phi-Phi|55/100
|-enditem|p1a: Phi-Phi|Salac Berry|[from] move: Knock Off|[of] p2a: Weavile
|move|p1a: Phi-Phi|Surf|p2a: Weavile
|-damage|p2a: Weavile|0 fnt
|faint|p2a: Weavile
|
|upkeep
|
|t:|1776105963
|switch|p2a: Frosmoth|Frosmoth, F, shiny|100/100
|-damage|p2a: Frosmoth|51/100|[from] Stealth Rock
|turn|11
|
|t:|1776105967
|move|p1a: Phi-Phi|Surf|p2a: Frosmoth
|-damage|p2a: Frosmoth|0 fnt
|faint|p2a: Frosmoth
|
|upkeep
|
|t:|1776105971
|switch|p2a: Sandslash|Sandslash-Alola, F|100/100
|-damage|p2a: Sandslash|88/100|[from] Stealth Rock
|turn|12
|
|t:|1776105978
|move|p1a: Phi-Phi|Surf|p2a: Sandslash
|-damage|p2a: Sandslash|0 fnt
|faint|p2a: Sandslash
|
|upkeep
|
|t:|1776105981
|switch|p2a: Cloyster|Cloyster, M, tera:Water|47/100
|-damage|p2a: Cloyster|34/100|[from] Stealth Rock
|turn|13
|
|t:|1776105989
|move|p1a: Phi-Phi|Energy Ball|p2a: Cloyster
|-supereffective|p2a: Cloyster
|-damage|p2a: Cloyster|0 fnt
|faint|p2a: Cloyster
|
|win|Animal Law
|raw|Animal Law's rating: 1112 &rarr; <strong>1133</strong><br />(+21 for winning)
|raw|EepySheep's rating: 1060 &rarr; <strong>1044</strong><br />(-16 for losing)
|l|☆EepySheep
|player|p2|
|l|☆Animal Law
|player|p1|
