|html|<div class="broadcast-blue"><strong>[Gen 9] OU is currently suspecting Tera Blast! For information on how to participate check out the <a href="https://www.smogon.com/tools/suspects/view/200">suspect thread</a>.</strong></div>
|j|☆pinapog2
|j|☆PPEEPEE
|t:|1776101433
|gametype|singles
|player|p1|pinapog2|102|1205
|player|p2|PPEEPEE|265|1186
|gen|9
|tier|[Gen 9] OU
|rated|
|rule|HP Percentage Mod: HP is shown in percentages
|rule|Endless Battle Clause: Forcing endless battles is banned
|rule|Species Clause: Limit one of each Pokémon
|rule|OHKO Clause: OHKO moves are banned
|rule|Evasion Items Clause: Evasion items are banned
|rule|Evasion Moves Clause: Evasion moves are banned
|rule|Evasion Abilities Clause: Evasion abilities are banned
|rule|Sleep Moves Clause: Sleep-inducing moves are banned
|clearpoke
|poke|p1|Primarina, F|
|poke|p1|Dragonite, M|
|poke|p1|Ting-Lu|
|poke|p1|Pecharunt|
|poke|p1|Zamazenta-*|
|poke|p1|Corviknight, M|
|poke|p2|Moltres|
|poke|p2|Zamazenta-*|
|poke|p2|Raging Bolt|
|poke|p2|Great Tusk|
|poke|p2|Gholdengo|
|poke|p2|Landorus-Therian, M|
|teampreview
|j| imtiredx
|inactive|Battle timer is ON: inactive players will automatically lose when time's up. (requested by pinapog2)
|c| imtiredx|moltres
|
|t:|1776101449
|teamsize|p1|6
|teamsize|p2|6
|start
|switch|p1a: DemonSaidToDie|Primarina, F, shiny|100/100
|switch|p2a: Moltres|Moltres|100/100
|turn|1
|c| imtiredx|gholdengo
|
|t:|1776101472
|switch|p2a: Gholdengo|Gholdengo|100/100
|-item|p2a: Gholdengo|Air Balloon
|move|p1a: DemonSaidToDie|Protect||[still]
|-fail|p1a: DemonSaidToDie
|
|upkeep
|turn|2
|c| imtiredx|nastyy plot
|
|t:|1776101490
|switch|p1a: FightForBlocks|Ting-Lu|100/100
|-ability|p1a: FightForBlocks|Vessel of Ruin
|move|p2a: Gholdengo|Nasty Plot|p2a: Gholdengo
|-boost|p2a: Gholdengo|spa|2
|
|upkeep
|turn|3
|c| imtiredx|make it rain
|
|t:|1776101502
|move|p2a: Gholdengo|Make It Rain|p1a: FightForBlocks
|-damage|p1a: FightForBlocks|43/100
|-unboost|p2a: Gholdengo|spa|1
|move|p1a: FightForBlocks|Ruination|p2a: Gholdengo
|-damage|p2a: Gholdengo|50/100
|-enditem|p2a: Gholdengo|Air Balloon
|
|-heal|p1a: FightForBlocks|49/100|[from] item: Leftovers
|upkeep
|turn|4
|c| imtiredx|moltres
|
|t:|1776101514
|switch|p2a: Moltres|Moltres|100/100
|move|p1a: FightForBlocks|Stealth Rock|p2a: Moltres
|-sidestart|p2: PPEEPEE|move: Stealth Rock
|
|-heal|p1a: FightForBlocks|55/100|[from] item: Leftovers
|upkeep
|turn|5
|c| imtiredx|flame thrower
|
|t:|1776101528
|move|p2a: Moltres|Flamethrower|p1a: FightForBlocks
|-damage|p1a: FightForBlocks|39/100
|move|p1a: FightForBlocks|Whirlwind|p2a: Moltres
|drag|p2a: Raging Bolt|Raging Bolt|100/100
|-damage|p2a: Raging Bolt|88/100|[from] Stealth Rock
|-enditem|p2a: Raging Bolt|Booster Energy
|-activate|p2a: Raging Bolt|ability: Protosynthesis|[fromitem]
|-start|p2a: Raging Bolt|protosynthesisspa
|
|-heal|p1a: FightForBlocks|45/100|[from] item: Leftovers
|upkeep
|turn|6
|c| imtiredx|tera fairy clam miund
|inactive|PPEEPEE has 120 seconds left.
|
|t:|1776101556
|-terastallize|p2a: Raging Bolt|Fairy
|move|p2a: Raging Bolt|Calm Mind|p2a: Raging Bolt
|-boost|p2a: Raging Bolt|spa|1
|-boost|p2a: Raging Bolt|spd|1
|move|p1a: FightForBlocks|Whirlwind|p2a: Raging Bolt
|-end|p2a: Raging Bolt|Protosynthesis|[silent]
|drag|p2a: Gholdengo|Gholdengo|50/100
|-damage|p2a: Gholdengo|44/100|[from] Stealth Rock
|
|-heal|p1a: FightForBlocks|51/100|[from] item: Leftovers
|upkeep
|turn|7
|inactive|PPEEPEE has 120 seconds left.
|c| imtiredx|moltresd
|
|t:|1776101573
|switch|p2a: Moltres|Moltres|100/100
|move|p1a: FightForBlocks|Whirlwind|p2a: Moltres
|drag|p2a: Landorus|Landorus-Therian, M|100/100
|-damage|p2a: Landorus|88/100|[from] Stealth Rock
|-ability|p2a: Landorus|Intimidate|boost
|-unboost|p1a: FightForBlocks|atk|1
|
|-heal|p1a: FightForBlocks|57/100|[from] item: Leftovers
|upkeep
|turn|8
|inactive|PPEEPEE has 120 seconds left.
|c| imtiredx|earthwuake
|inactive|pinapog2 has 120 seconds left.
|
|t:|1776101592
|switch|p1a: EyeOnMe|Corviknight, M|100/100
|-ability|p1a: EyeOnMe|Pressure
|move|p2a: Landorus|Earthquake|p1a: EyeOnMe
|-immune|p1a: EyeOnMe
|
|upkeep
|turn|9
|inactive|PPEEPEE has 120 seconds left.
|c| imtiredx|moltews
|
|t:|1776101606
|switch|p2a: Moltres|Moltres|100/100
|switch|p1a: DemonSaidToDie|Primarina, F, shiny|100/100
|
|upkeep
|turn|10
|inactive|PPEEPEE has 120 seconds left.
|c| imtiredx|raging bolt
|
|t:|1776101625
|switch|p2a: Raging Bolt|Raging Bolt, tera:Fairy|88/100
|-damage|p2a: Raging Bolt|76/100|[from] Stealth Rock
|move|p1a: DemonSaidToDie|Whirlpool|p2a: Raging Bolt
|-damage|p2a: Raging Bolt|65/100
|-activate|p2a: Raging Bolt|move: Whirlpool|[of] p1a: DemonSaidToDie
|
|-damage|p2a: Raging Bolt|52/100|[from] move: Whirlpool|[partiallytrapped]
|upkeep
|turn|11
|inactive|PPEEPEE has 120 seconds left.
|c| imtiredx|thunderbolt
|inactive|pinapog2 has 120 seconds left.
|
|t:|1776101644
|switch|p1a: FightForBlocks|Ting-Lu|57/100
|-ability|p1a: FightForBlocks|Vessel of Ruin
|move|p2a: Raging Bolt|Dragon Pulse|p1a: FightForBlocks
|-damage|p1a: FightForBlocks|36/100
|
|-heal|p1a: FightForBlocks|42/100|[from] item: Leftovers
|-end|p2a: Raging Bolt|Whirlpool|[partiallytrapped]|[silent]
|upkeep
|turn|12
|inactive|PPEEPEE has 120 seconds left.
|c| imtiredx|good boy
|c| imtiredx|dragon pulse
|
|t:|1776101661
|move|p2a: Raging Bolt|Dragon Pulse|p1a: FightForBlocks
|-damage|p1a: FightForBlocks|19/100
|move|p1a: FightForBlocks|Whirlwind|p2a: Raging Bolt
|-end|p2a: Raging Bolt|Protosynthesis|[silent]
|drag|p2a: Great Tusk|Great Tusk|100/100
|
|-heal|p1a: FightForBlocks|25/100|[from] item: Leftovers
|upkeep
|turn|13
|c| imtiredx|headlong rush
|
|t:|1776101673
|switch|p1a: EyeOnMe|Corviknight, M|100/100
|-ability|p1a: EyeOnMe|Pressure
|move|p2a: Great Tusk|Rapid Spin|p1a: EyeOnMe
|-resisted|p1a: EyeOnMe
|-damage|p1a: EyeOnMe|95/100
|-boost|p2a: Great Tusk|spe|1
|-damage|p2a: Great Tusk|84/100|[from] item: Rocky Helmet|[of] p1a: EyeOnMe
|-sideend|p2: PPEEPEE|Stealth Rock|[from] move: Rapid Spin|[of] p2a: Great Tusk
|
|upkeep
|turn|14
|c| imtiredx|moltres
|
|t:|1776101688
|-end|p2a: Great Tusk|Protosynthesis|[silent]
|switch|p2a: Moltres|Moltres|100/100
|move|p1a: EyeOnMe|U-turn|p2a: Moltres
|-resisted|p2a: Moltres
|-damage|p2a: Moltres|97/100
|
|t:|1776101693
|switch|p1a: PossessedSoul|Pecharunt|100/100|[from] U-turn
|
|upkeep
|turn|15
|c| imtiredx|u turn
|
|t:|1776101702
|move|p1a: PossessedSoul|Nasty Plot|p1a: PossessedSoul
|-boost|p1a: PossessedSoul|spa|2
|move|p2a: Moltres|U-turn|p1a: PossessedSoul
|-resisted|p1a: PossessedSoul
|-damage|p1a: PossessedSoul|98/100
|c| imtiredx|gholdengo
|
|t:|1776101710
|switch|p2a: Gholdengo|Gholdengo|44/100|[from] U-turn
|
|upkeep
|turn|16
|c| imtiredx|shadow ball
|inactive|PPEEPEE has 120 seconds left.
|
|t:|1776101717
|move|p1a: PossessedSoul|Shadow Ball|p2a: Gholdengo
|-supereffective|p2a: Gholdengo
|-damage|p2a: Gholdengo|0 fnt
|faint|p2a: Gholdengo
|
|upkeep
|inactive|PPEEPEE has 120 seconds left.
|c| imtiredx|lando gt
|
|t:|1776101727
|switch|p2a: Landorus|Landorus-Therian, M|88/100
|-ability|p2a: Landorus|Intimidate|boost
|-unboost|p1a: PossessedSoul|atk|1
|turn|17
|c| imtiredx|earthwuake
|
|t:|1776101733
|move|p2a: Landorus|Earthquake|p1a: PossessedSoul
|-supereffective|p1a: PossessedSoul
|-damage|p1a: PossessedSoul|28/100
|move|p1a: PossessedSoul|Shadow Ball|p2a: Landorus
|-damage|p2a: Landorus|16/100
|
|upkeep
|turn|18
|c| imtiredx|earthwuake
|
|t:|1776101744
|switch|p1a: EyeOnMe|Corviknight, M|95/100
|-ability|p1a: EyeOnMe|Pressure
|move|p2a: Landorus|Earthquake|p1a: EyeOnMe
|-immune|p1a: EyeOnMe
|
|upkeep
|turn|19
|c| imtiredx|moktres
|
|t:|1776101752
|switch|p2a: Moltres|Moltres|97/100
|move|p1a: EyeOnMe|U-turn|p2a: Moltres
|-resisted|p2a: Moltres
|-damage|p2a: Moltres|93/100
|-status|p1a: EyeOnMe|brn|[from] ability: Flame Body|[of] p2a: Moltres
|
|t:|1776101755
|switch|p1a: PossessedSoul|Pecharunt|28/100|[from] U-turn
|
|upkeep
|turn|20
|c| imtiredx|flame his ass up]
|
|t:|1776101766
|move|p1a: PossessedSoul|Recover|p1a: PossessedSoul
|-heal|p1a: PossessedSoul|78/100
|move|p2a: Moltres|Flamethrower|p1a: PossessedSoul
|-damage|p1a: PossessedSoul|36/100
|
|upkeep
|turn|21
|c| imtiredx|again
|
|t:|1776101773
|move|p1a: PossessedSoul|Recover|p1a: PossessedSoul
|-heal|p1a: PossessedSoul|87/100
|move|p2a: Moltres|Flamethrower|p1a: PossessedSoul
|-damage|p1a: PossessedSoul|50/100
|
|upkeep
|turn|22
|c| imtiredx|AGAIN
|
|t:|1776101781
|move|p1a: PossessedSoul|Recover|p1a: PossessedSoul
|-heal|p1a: PossessedSoul|99/100
|move|p2a: Moltres|Flamethrower|p1a: PossessedSoul
|-damage|p1a: PossessedSoul|57/100
|
|upkeep
|turn|23
|c| imtiredx|AGAIN
|
|t:|1776101791
|switch|p1a: DemonSaidToDie|Primarina, F, shiny|100/100
|move|p2a: Moltres|Flamethrower|p1a: DemonSaidToDie
|-resisted|p1a: DemonSaidToDie
|-damage|p1a: DemonSaidToDie|87/100
|
|-heal|p1a: DemonSaidToDie|93/100|[from] item: Leftovers
|upkeep
|turn|24
|c| imtiredx|raignb b ak;;z
|
|t:|1776101809
|switch|p2a: Raging Bolt|Raging Bolt, tera:Fairy|52/100
|move|p1a: DemonSaidToDie|Whirlpool|p2a: Raging Bolt|[miss]
|-miss|p1a: DemonSaidToDie|p2a: Raging Bolt
|
|-heal|p1a: DemonSaidToDie|99/100|[from] item: Leftovers
|upkeep
|turn|25
|c| imtiredx|THUNDERBOLT
|
|t:|1776101820
|switch|p1a: FightForBlocks|Ting-Lu|25/100
|-ability|p1a: FightForBlocks|Vessel of Ruin
|move|p2a: Raging Bolt|Thunderbolt|p1a: FightForBlocks
|-immune|p1a: FightForBlocks
|
|-heal|p1a: FightForBlocks|31/100|[from] item: Leftovers
|upkeep
|turn|26
|c| imtiredx|DRAGON
|
|t:|1776101829
|move|p2a: Raging Bolt|Dragon Pulse|p1a: FightForBlocks
|-damage|p1a: FightForBlocks|9/100
|move|p1a: FightForBlocks|Stealth Rock|p2a: Raging Bolt
|-sidestart|p2: PPEEPEE|move: Stealth Rock
|
|-heal|p1a: FightForBlocks|15/100|[from] item: Leftovers
|upkeep
|turn|27
|c| imtiredx|DRAGON
|
|t:|1776101838
|move|p2a: Raging Bolt|Dragon Pulse|p1a: FightForBlocks
|-damage|p1a: FightForBlocks|0 fnt
|faint|p1a: FightForBlocks
|
|upkeep
|
|t:|1776101842
|switch|p1a: PossessedSoul|Pecharunt|57/100
|turn|28
|c| imtiredx|Moltres
|
|t:|1776101858
|-end|p2a: Raging Bolt|Protosynthesis|[silent]
|switch|p2a: Moltres|Moltres|93/100
|move|p1a: PossessedSoul|Malignant Chain|p2a: Moltres
|-damage|p2a: Moltres|70/100
|
|upkeep
|turn|29
|c| imtiredx|flamethrower
|
|t:|1776101868
|switch|p1a: DemonSaidToDie|Primarina, F, shiny|99/100
|move|p2a: Moltres|Flamethrower|p1a: DemonSaidToDie
|-resisted|p1a: DemonSaidToDie
|-damage|p1a: DemonSaidToDie|85/100
|
|-heal|p1a: DemonSaidToDie|91/100|[from] item: Leftovers
|upkeep
|turn|30
|c| imtiredx|u turn
|
|t:|1776101886
|move|p2a: Moltres|U-turn|p1a: DemonSaidToDie
|-resisted|p1a: DemonSaidToDie
|-damage|p1a: DemonSaidToDie|85/100
|c| imtiredx|raing ballsack
|
|t:|1776101896
|switch|p2a: Raging Bolt|Raging Bolt, tera:Fairy|52/100|[from] U-turn
|-damage|p2a: Raging Bolt|40/100|[from] Stealth Rock
|move|p1a: DemonSaidToDie|Whirlpool|p2a: Raging Bolt
|-damage|p2a: Raging Bolt|27/100
|-activate|p2a: Raging Bolt|move: Whirlpool|[of] p1a: DemonSaidToDie
|
|-heal|p1a: DemonSaidToDie|91/100|[from] item: Leftovers
|-damage|p2a: Raging Bolt|15/100|[from] move: Whirlpool|[partiallytrapped]
|upkeep
|turn|31
|c| imtiredx|thunderbolt
|
|t:|1776101907
|move|p1a: DemonSaidToDie|Protect|p1a: DemonSaidToDie
|-singleturn|p1a: DemonSaidToDie|Protect
|move|p2a: Raging Bolt|Thunderbolt|p1a: DemonSaidToDie
|-activate|p1a: DemonSaidToDie|move: Protect
|
|-heal|p1a: DemonSaidToDie|97/100|[from] item: Leftovers
|-damage|p2a: Raging Bolt|3/100|[from] move: Whirlpool|[partiallytrapped]
|upkeep
|turn|32
|c| imtiredx|THUJNDERBOLLTT
|c| imtiredx|\
|
|t:|1776101922
|switch|p1a: NineMilliDragon|Dragonite, M|100/100
|move|p2a: Raging Bolt|Thunderbolt|p1a: NineMilliDragon
|-damage|p1a: NineMilliDragon|70/100
|-status|p1a: NineMilliDragon|par
|
|-end|p2a: Raging Bolt|Whirlpool|[partiallytrapped]|[silent]
|upkeep
|turn|33
|c| imtiredx|THUNDERRBOLT
|c| imtiredx|DRAGON PULSE
|
|t:|1776101940
|move|p2a: Raging Bolt|Dragon Pulse|p1a: NineMilliDragon
|-supereffective|p1a: NineMilliDragon
|-damage|p1a: NineMilliDragon|0 fnt
|faint|p1a: NineMilliDragon
|
|upkeep
|
|t:|1776101952
|switch|p1a: PossessedSoul|Pecharunt|57/100
|turn|34
|c| imtiredx|clap him
|
|t:|1776101976
|move|p2a: Raging Bolt|Thunderclap||[still]
|-fail|p2a: Raging Bolt
|move|p1a: PossessedSoul|Recover|p1a: PossessedSoul
|-heal|p1a: PossessedSoul|100/100
|
|upkeep
|turn|35
|c| imtiredx|thunderbolt
|
|t:|1776101984
|move|p1a: PossessedSoul|Malignant Chain|p2a: Raging Bolt
|-supereffective|p2a: Raging Bolt
|-damage|p2a: Raging Bolt|0 fnt
|faint|p2a: Raging Bolt
|-end|p2a: Raging Bolt|Protosynthesis|[silent]
|
|upkeep
|c| imtiredx|moltresw
|
|t:|1776101995
|switch|p2a: Moltres|Moltres|70/100
|turn|36
|c| imtiredx|flamethrowe
|
|t:|1776102025
|move|p1a: PossessedSoul|Malignant Chain|p2a: Moltres
|-damage|p2a: Moltres|46/100
|move|p2a: Moltres|Flamethrower|p1a: PossessedSoul
|-damage|p1a: PossessedSoul|58/100
|
|upkeep
|turn|37
|c| imtiredx|roost
|
|t:|1776102037
|switch|p1a: DemonSaidToDie|Primarina, F, shiny|97/100
|move|p2a: Moltres|Roost|p2a: Moltres
|-heal|p2a: Moltres|96/100
|-singleturn|p2a: Moltres|move: Roost
|
|-heal|p1a: DemonSaidToDie|100/100|[from] item: Leftovers
|upkeep
|turn|38
|c| imtiredx|uuuu turn
|c| imtiredx|zama
|c| imtiredx|great us
|inactive|pinapog2 has 120 seconds left.
|
|t:|1776102086
|move|p2a: Moltres|U-turn|p1a: DemonSaidToDie
|-resisted|p1a: DemonSaidToDie
|-damage|p1a: DemonSaidToDie|94/100
|
|t:|1776102091
|switch|p2a: Great Tusk|Great Tusk|84/100|[from] U-turn
|move|p1a: DemonSaidToDie|Whirlpool|p2a: Great Tusk
|-supereffective|p2a: Great Tusk
|-damage|p2a: Great Tusk|36/100
|-activate|p2a: Great Tusk|move: Whirlpool|[of] p1a: DemonSaidToDie
|
|-heal|p1a: DemonSaidToDie|100/100|[from] item: Leftovers
|-damage|p2a: Great Tusk|23/100|[from] move: Whirlpool|[partiallytrapped]
|upkeep
|turn|39
|c| imtiredx|steal rock
|inactive|pinapog2 has 90 seconds left.
|
|t:|1776102112
|move|p2a: Great Tusk|Stealth Rock|p1a: DemonSaidToDie
|-sidestart|p1: pinapog2|move: Stealth Rock
|move|p1a: DemonSaidToDie|Whirlpool|p2a: Great Tusk
|-supereffective|p2a: Great Tusk
|-damage|p2a: Great Tusk|0 fnt
|faint|p2a: Great Tusk
|-end|p2a: Great Tusk|Protosynthesis|[silent]
|
|upkeep
|c| imtiredx|landorus
|
|t:|1776102122
|switch|p2a: Landorus|Landorus-Therian, M|16/100
|-damage|p2a: Landorus|4/100|[from] Stealth Rock
|-ability|p2a: Landorus|Intimidate|boost
|-unboost|p1a: DemonSaidToDie|atk|1
|turn|40
|c| imtiredx|rock
|
|t:|1776102131
|switch|p1a: EyeOnMe|Corviknight, M|95/100 brn
|-damage|p1a: EyeOnMe|83/100 brn|[from] Stealth Rock
|-ability|p1a: EyeOnMe|Pressure
|move|p2a: Landorus|Stone Edge|p1a: EyeOnMe
|-damage|p1a: EyeOnMe|59/100 brn
|
|-damage|p1a: EyeOnMe|53/100 brn|[from] brn
|upkeep
|turn|41
|-message|PPEEPEE forfeited.
|
|win|pinapog2
