|html|<div class="broadcast-blue"><strong>[Gen 9] OU is currently suspecting Tera Blast! For information on how to participate check out the <a href="https://www.smogon.com/tools/suspects/view/200">suspect thread</a>.</strong></div>
|j|‽pzzatime
|j|☆CAPLT26EQ noob
|t:|1776145434
|gametype|singles
|player|p1|pzzatime|266|1456
|player|p2|CAPLT26EQ noob|266|1469
|gen|9
|tier|[Gen 9] OU
|rated|
|rule|HP Percentage Mod: HP is shown in percentages
|rule|Endless Battle Clause: Forcing endless battles is banned
|rule|Species Clause: Limit one of each Pokémon
|rule|OHKO Clause: OHKO moves are banned
|rule|Evasion Items Clause: Evasion items are banned
|rule|Evasion Moves Clause: Evasion moves are banned
|rule|Evasion Abilities Clause: Evasion abilities are banned
|rule|Sleep Moves Clause: Sleep-inducing moves are banned
|clearpoke
|poke|p1|Tinkaton, F|
|poke|p1|Great Tusk|
|poke|p1|Pecharunt|
|poke|p1|Alomomola, M|
|poke|p1|Hydreigon, M|
|poke|p1|Meowscarada, M|
|poke|p2|Deoxys-Speed|
|poke|p2|Rillaboom, F|
|poke|p2|Iron Hands|
|poke|p2|Hatterene, F|
|poke|p2|Iron Moth|
|poke|p2|Kingambit, M|
|teampreview
|
|t:|1776145462
|teamsize|p1|6
|teamsize|p2|6
|start
|switch|p1a: Meowscarada|Meowscarada, M|100/100
|switch|p2a: Rillaboom|Rillaboom, F|100/100
|-fieldstart|move: Grassy Terrain|[from] ability: Grassy Surge|[of] p2a: Rillaboom
|turn|1
|
|t:|1776145465
|move|p1a: Meowscarada|U-turn|p2a: Rillaboom
|-supereffective|p2a: Rillaboom
|-damage|p2a: Rillaboom|55/100
|
|t:|1776145467
|switch|p1a: Pecharunt|Pecharunt|100/100|[from] U-turn
|move|p2a: Rillaboom|U-turn|p1a: Pecharunt
|-resisted|p1a: Pecharunt
|-damage|p1a: Pecharunt|98/100
|-damage|p2a: Rillaboom|39/100|[from] item: Rocky Helmet|[of] p1a: Pecharunt
|
|t:|1776145469
|switch|p2a: Deoxys|Deoxys-Speed|100/100|[from] U-turn
|-ability|p2a: Deoxys|Pressure
|
|-heal|p1a: Pecharunt|100/100|[from] Grassy Terrain
|upkeep
|turn|2
|
|t:|1776145472
|switch|p1a: Meowscarada|Meowscarada, M|100/100
|move|p2a: Deoxys|Light Screen|p2a: Deoxys
|-sidestart|p2: CAPLT26EQ noob|move: Light Screen
|
|upkeep
|turn|3
|
|t:|1776145481
|switch|p2a: Kingambit|Kingambit, M|100/100
|move|p1a: Meowscarada|U-turn|p2a: Kingambit
|-damage|p2a: Kingambit|83/100
|
|t:|1776145488
|switch|p1a: Great Tusk|Great Tusk, shiny|100/100|[from] U-turn
|
|-heal|p2a: Kingambit|90/100|[from] Grassy Terrain
|upkeep
|turn|4
|
|t:|1776145494
|-end|p2a: Kingambit|fallenundefined|[silent]
|switch|p2a: Hatterene|Hatterene, F|100/100
|-enditem|p2a: Hatterene|Grassy Seed
|-boost|p2a: Hatterene|def|1|[from] item: Grassy Seed
|move|p1a: Great Tusk|Close Combat|p2a: Hatterene
|-resisted|p2a: Hatterene
|-damage|p2a: Hatterene|92/100
|-unboost|p1a: Great Tusk|def|1
|-unboost|p1a: Great Tusk|spd|1
|
|-heal|p2a: Hatterene|98/100|[from] Grassy Terrain
|upkeep
|turn|5
|
|t:|1776145501
|-end|p1a: Great Tusk|Protosynthesis|[silent]
|switch|p1a: Pecharunt|Pecharunt|100/100
|move|p2a: Hatterene|Calm Mind|p2a: Hatterene
|-boost|p2a: Hatterene|spa|1
|-boost|p2a: Hatterene|spd|1
|
|-heal|p2a: Hatterene|100/100|[from] Grassy Terrain
|upkeep
|turn|6
|
|t:|1776145505
|move|p1a: Pecharunt|Parting Shot|p2a: Hatterene
|move|p2a: Hatterene|Parting Shot|p1a: Pecharunt|[from] ability: Magic Bounce
|-unboost|p1a: Pecharunt|atk|1
|-unboost|p1a: Pecharunt|spa|1
|
|t:|1776145510
|switch|p2a: Deoxys|Deoxys-Speed|100/100|[from] Parting Shot
|-ability|p2a: Deoxys|Pressure
|
|upkeep
|turn|7
|
|t:|1776145514
|switch|p1a: Alomomola|Alomomola, M, shiny|100/100
|move|p2a: Deoxys|Reflect|p2a: Deoxys
|-sidestart|p2: CAPLT26EQ noob|Reflect
|
|upkeep
|turn|8
|
|t:|1776145519
|move|p2a: Deoxys|Taunt|p1a: Alomomola
|-start|p1a: Alomomola|move: Taunt
|move|p1a: Alomomola|Flip Turn|p2a: Deoxys
|-damage|p2a: Deoxys|90/100
|
|t:|1776145527
|switch|p1a: Hydreigon|Hydreigon, M, shiny|100/100|[from] Flip Turn
|
|-heal|p2a: Deoxys|96/100|[from] Grassy Terrain
|-fieldend|move: Grassy Terrain
|upkeep
|turn|9
|
|t:|1776145532
|move|p1a: Hydreigon|Nasty Plot|p1a: Hydreigon
|-boost|p1a: Hydreigon|spa|2
|move|p2a: Deoxys|Teleport|p2a: Deoxys
|
|t:|1776145539
|switch|p2a: Kingambit|Kingambit, M|90/100|[from] Teleport
|
|-sideend|p2: CAPLT26EQ noob|move: Light Screen
|upkeep
|turn|10
|
|t:|1776145542
|move|p1a: Hydreigon|Earth Power|p2a: Kingambit
|-supereffective|p2a: Kingambit
|-damage|p2a: Kingambit|0 fnt
|faint|p2a: Kingambit
|-end|p2a: Kingambit|fallenundefined|[silent]
|
|upkeep
|
|t:|1776145546
|switch|p2a: Deoxys|Deoxys-Speed|96/100
|-ability|p2a: Deoxys|Pressure
|turn|11
|
|t:|1776145550
|move|p2a: Deoxys|Light Screen|p2a: Deoxys
|-sidestart|p2: CAPLT26EQ noob|move: Light Screen
|move|p1a: Hydreigon|Nasty Plot|p1a: Hydreigon
|-boost|p1a: Hydreigon|spa|2
|
|upkeep
|turn|12
|
|t:|1776145556
|move|p1a: Hydreigon|Flash Cannon|p2a: Deoxys
|-damage|p2a: Deoxys|43/100
|move|p2a: Deoxys|Teleport|p2a: Deoxys
|
|t:|1776145558
|switch|p2a: Iron Hands|Iron Hands|100/100|[from] Teleport
|
|upkeep
|turn|13
|
|t:|1776145561
|move|p1a: Hydreigon|Earth Power|p2a: Iron Hands
|-supereffective|p2a: Iron Hands
|-damage|p2a: Iron Hands|22/100
|move|p2a: Iron Hands|Drain Punch|p1a: Hydreigon
|-supereffective|p1a: Hydreigon
|-damage|p1a: Hydreigon|0 fnt
|-heal|p2a: Iron Hands|59/100|[from] drain|[of] p1a: Hydreigon
|faint|p1a: Hydreigon
|
|upkeep
|
|t:|1776145567
|switch|p1a: Pecharunt|Pecharunt|100/100
|turn|14
|
|t:|1776145578
|-end|p2a: Iron Hands|Quark Drive|[silent]
|switch|p2a: Deoxys|Deoxys-Speed|43/100
|-ability|p2a: Deoxys|Pressure
|move|p1a: Pecharunt|Parting Shot|p2a: Deoxys
|-unboost|p2a: Deoxys|atk|1
|-unboost|p2a: Deoxys|spa|1
|
|t:|1776145582
|switch|p1a: Tinkaton|Tinkaton, F, shiny|100/100|[from] Parting Shot
|-item|p1a: Tinkaton|Air Balloon
|
|-sideend|p2: CAPLT26EQ noob|Reflect
|upkeep
|turn|15
|
|t:|1776145585
|move|p2a: Deoxys|Taunt|p1a: Tinkaton
|-start|p1a: Tinkaton|move: Taunt
|move|p1a: Tinkaton|Gigaton Hammer|p2a: Deoxys
|-damage|p2a: Deoxys|0 fnt
|faint|p2a: Deoxys
|
|upkeep
|
|t:|1776145589
|switch|p2a: Iron Moth|Iron Moth|100/100
|-enditem|p2a: Iron Moth|Booster Energy
|-activate|p2a: Iron Moth|ability: Quark Drive|[fromitem]
|-start|p2a: Iron Moth|quarkdrivespe
|turn|16
|
|t:|1776145592
|switch|p1a: Alomomola|Alomomola, M, shiny|100/100
|move|p2a: Iron Moth|Fiery Dance|p1a: Alomomola
|-resisted|p1a: Alomomola
|-crit|p1a: Alomomola
|-damage|p1a: Alomomola|86/100
|-boost|p2a: Iron Moth|spa|1
|
|upkeep
|turn|17
|
|t:|1776145596
|move|p2a: Iron Moth|Fiery Dance|p1a: Alomomola
|-resisted|p1a: Alomomola
|-damage|p1a: Alomomola|71/100
|move|p1a: Alomomola|Mirror Coat|p2a: Iron Moth
|-damage|p2a: Iron Moth|47/100
|
|upkeep
|turn|18
|
|t:|1776145609
|move|p2a: Iron Moth|Sludge Wave|p1a: Alomomola
|-damage|p1a: Alomomola|35/100
|move|p1a: Alomomola|Flip Turn|p2a: Iron Moth
|-supereffective|p2a: Iron Moth
|-damage|p2a: Iron Moth|0 fnt
|faint|p2a: Iron Moth
|-end|p2a: Iron Moth|Quark Drive|[silent]
|
|t:|1776145621
|switch|p1a: Pecharunt|Pecharunt|100/100|[from] Flip Turn
|
|-sideend|p2: CAPLT26EQ noob|move: Light Screen
|upkeep
|inactive|Battle timer is ON: inactive players will automatically lose when time's up. (requested by pzzatime)
|
|t:|1776145631
|switch|p2a: Rillaboom|Rillaboom, F|39/100
|-fieldstart|move: Grassy Terrain|[from] ability: Grassy Surge|[of] p2a: Rillaboom
|turn|19
|
|t:|1776145636
|move|p2a: Rillaboom|Knock Off|p1a: Pecharunt
|-supereffective|p1a: Pecharunt
|-damage|p1a: Pecharunt|68/100
|-damage|p2a: Rillaboom|22/100|[from] item: Rocky Helmet|[of] p1a: Pecharunt
|-enditem|p1a: Pecharunt|Rocky Helmet|[from] move: Knock Off|[of] p2a: Rillaboom
|move|p1a: Pecharunt|Malignant Chain|p2a: Rillaboom
|-supereffective|p2a: Rillaboom
|-damage|p2a: Rillaboom|0 fnt
|faint|p2a: Rillaboom
|
|-heal|p1a: Pecharunt|74/100|[from] Grassy Terrain
|upkeep
|
|t:|1776145640
|switch|p2a: Iron Hands|Iron Hands|59/100
|-enditem|p2a: Iron Hands|Grassy Seed
|-boost|p2a: Iron Hands|def|1|[from] item: Grassy Seed
|turn|20
|
|t:|1776145648
|move|p1a: Pecharunt|Parting Shot|p2a: Iron Hands
|-unboost|p2a: Iron Hands|atk|1
|-unboost|p2a: Iron Hands|spa|1
|
|t:|1776145650
|switch|p1a: Great Tusk|Great Tusk, shiny|100/100|[from] Parting Shot
|move|p2a: Iron Hands|Swords Dance|p2a: Iron Hands
|-boost|p2a: Iron Hands|atk|2
|
|-heal|p2a: Iron Hands|65/100|[from] Grassy Terrain
|upkeep
|turn|21
|
|t:|1776145674
|-end|p1a: Great Tusk|Protosynthesis|[silent]
|switch|p1a: Tinkaton|Tinkaton, F, shiny|100/100
|-item|p1a: Tinkaton|Air Balloon
|-terastallize|p2a: Iron Hands|Flying
|move|p2a: Iron Hands|Drain Punch|p1a: Tinkaton
|-damage|p1a: Tinkaton|10/100
|-heal|p2a: Iron Hands|96/100|[from] drain|[of] p1a: Tinkaton
|-enditem|p1a: Tinkaton|Air Balloon
|
|-heal|p1a: Tinkaton|16/100|[from] Grassy Terrain
|upkeep
|turn|22
|
|t:|1776145682
|move|p1a: Tinkaton|Encore|p2a: Iron Hands
|-start|p2a: Iron Hands|Encore
|move|p2a: Iron Hands|Drain Punch|p1a: Tinkaton
|-damage|p1a: Tinkaton|0 fnt
|-heal|p2a: Iron Hands|100/100|[from] drain|[of] p1a: Tinkaton
|faint|p1a: Tinkaton
|
|upkeep
|
|t:|1776145685
|switch|p1a: Pecharunt|Pecharunt|74/100
|turn|23
|
|t:|1776145687
|move|p1a: Pecharunt|Malignant Chain|p2a: Iron Hands
|-damage|p2a: Iron Hands|76/100
|move|p2a: Iron Hands|Drain Punch|p1a: Pecharunt
|-immune|p1a: Pecharunt
|
|-heal|p1a: Pecharunt|80/100|[from] Grassy Terrain
|upkeep
|turn|24
|
|t:|1776145690
|move|p1a: Pecharunt|Malignant Chain|p2a: Iron Hands
|-damage|p2a: Iron Hands|48/100
|move|p2a: Iron Hands|Drain Punch|p1a: Pecharunt
|-immune|p1a: Pecharunt
|
|-heal|p1a: Pecharunt|86/100|[from] Grassy Terrain
|-end|p2a: Iron Hands|Encore
|upkeep
|turn|25
|
|t:|1776145694
|move|p1a: Pecharunt|Malignant Chain|p2a: Iron Hands
|-damage|p2a: Iron Hands|24/100
|-status|p2a: Iron Hands|tox
|-start|p2a: Iron Hands|confusion|[from] ability: Poison Puppeteer|[of] p1a: Pecharunt
|-activate|p2a: Iron Hands|confusion
|move|p2a: Iron Hands|Supercell Slam|p1a: Pecharunt
|-damage|p1a: Pecharunt|42/100
|
|-heal|p1a: Pecharunt|48/100|[from] Grassy Terrain
|-damage|p2a: Iron Hands|17/100 tox|[from] psn
|upkeep
|turn|26
|
|t:|1776145708
|move|p1a: Pecharunt|Parting Shot|p2a: Iron Hands
|-unboost|p2a: Iron Hands|atk|1
|-unboost|p2a: Iron Hands|spa|1
|
|t:|1776145709
|switch|p1a: Great Tusk|Great Tusk, shiny|100/100|[from] Parting Shot
|-activate|p2a: Iron Hands|confusion
|move|p2a: Iron Hands|Supercell Slam|p1a: Great Tusk
|-immune|p1a: Great Tusk
|-damage|p2a: Iron Hands|0 fnt|[from] supercellslam
|faint|p2a: Iron Hands
|-end|p2a: Iron Hands|Quark Drive|[silent]
|
|-fieldend|move: Grassy Terrain
|upkeep
|
|t:|1776145711
|switch|p2a: Hatterene|Hatterene, F|100/100
|turn|27
|
|t:|1776145714
|-end|p1a: Great Tusk|Protosynthesis|[silent]
|switch|p1a: Meowscarada|Meowscarada, M|100/100
|move|p2a: Hatterene|Calm Mind|p2a: Hatterene
|-boost|p2a: Hatterene|spa|1
|-boost|p2a: Hatterene|spd|1
|
|upkeep
|turn|28
|
|t:|1776145717
|move|p1a: Meowscarada|Trick|p2a: Hatterene
|-activate|p1a: Meowscarada|move: Trick|[of] p2a: Hatterene
|-item|p2a: Hatterene|Choice Scarf|[from] move: Trick
|-enditem|p1a: Meowscarada|Choice Scarf|[silent]|[from] move: Trick
|move|p2a: Hatterene|Draining Kiss|p1a: Meowscarada
|-supereffective|p1a: Meowscarada
|-damage|p1a: Meowscarada|0 fnt
|faint|p1a: Meowscarada
|
|upkeep
|
|t:|1776145727
|switch|p1a: Pecharunt|Pecharunt|48/100
|turn|29
|
|t:|1776145737
|move|p2a: Hatterene|Draining Kiss|p1a: Pecharunt
|-resisted|p1a: Pecharunt
|-damage|p1a: Pecharunt|32/100
|move|p1a: Pecharunt|Recover|p1a: Pecharunt
|-heal|p1a: Pecharunt|83/100
|
|upkeep
|turn|30
|
|t:|1776145739
|move|p2a: Hatterene|Draining Kiss|p1a: Pecharunt
|-resisted|p1a: Pecharunt
|-damage|p1a: Pecharunt|66/100
|move|p1a: Pecharunt|Malignant Chain|p2a: Hatterene
|-supereffective|p2a: Hatterene
|-damage|p2a: Hatterene|55/100
|-status|p2a: Hatterene|tox
|-start|p2a: Hatterene|confusion|[from] ability: Poison Puppeteer|[of] p1a: Pecharunt
|
|-damage|p2a: Hatterene|49/100 tox|[from] psn
|upkeep
|turn|31
|-message|CAPLT26EQ noob forfeited.
|
|win|pzzatime
|raw|pzzatime's rating: 1456 &rarr; <strong>1477</strong><br />(+21 for winning)
|raw|CAPLT26EQ noob's rating: 1469 &rarr; <strong>1448</strong><br />(-21 for losing)
