|html|<div class="broadcast-blue"><strong>[Gen 9] OU is currently suspecting Tera Blast! For information on how to participate check out the <a href="https://www.smogon.com/tools/suspects/view/200">suspect thread</a>.</strong></div>
|j|☆blisseyisbroken
|j|☆brogre35
|t:|1776039779
|gametype|singles
|player|p1|blisseyisbroken|#uwcivbrazil|1635
|player|p2|brogre35|swimmer-gen4dp|1694
|gen|9
|tier|[Gen 9] OU
|rated|
|rule|HP Percentage Mod: HP is shown in percentages
|rule|Endless Battle Clause: Forcing endless battles is banned
|rule|Species Clause: Limit one of each Pokémon
|rule|OHKO Clause: OHKO moves are banned
|rule|Evasion Items Clause: Evasion items are banned
|rule|Evasion Moves Clause: Evasion moves are banned
|rule|Evasion Abilities Clause: Evasion abilities are banned
|rule|Sleep Moves Clause: Sleep-inducing moves are banned
|clearpoke
|poke|p1|Dragonite, F|
|poke|p1|Raging Bolt|
|poke|p1|Glimmora, F|
|poke|p1|Ting-Lu|
|poke|p1|Gholdengo|
|poke|p1|Zamazenta-*|
|poke|p2|Ninetales-Alola, F|
|poke|p2|Kyurem|
|poke|p2|Ursaluna, M|
|poke|p2|Farigiraf, F|
|poke|p2|Hatterene, F|
|poke|p2|Cresselia, F|
|teampreview
|inactive|Battle timer is ON: inactive players will automatically lose when time's up. (requested by brogre35)
|j| ohko_smeargle
|inactive|blisseyisbroken has 120 seconds left.
|
|t:|1776039818
|teamsize|p1|6
|teamsize|p2|6
|start
|switch|p1a: Glimmora|Glimmora, F|100/100
|switch|p2a: Pink Triangle|Hatterene, F|100/100
|turn|1
|
|t:|1776039826
|move|p1a: Glimmora|Meteor Beam||[still]
|-prepare|p1a: Glimmora|Meteor Beam
|-boost|p1a: Glimmora|spa|1
|-enditem|p1a: Glimmora|Power Herb
|-anim|p1a: Glimmora|Meteor Beam|p2a: Pink Triangle
|-damage|p2a: Pink Triangle|4/100
|move|p2a: Pink Triangle|Psychic Noise|p1a: Glimmora
|-supereffective|p1a: Glimmora
|-damage|p1a: Glimmora|0 fnt
|faint|p1a: Glimmora
|
|upkeep
|
|t:|1776039836
|switch|p1a: Gholdengo|Gholdengo|100/100
|turn|2
|
|t:|1776039841
|move|p1a: Gholdengo|Shadow Ball|p2a: Pink Triangle
|-supereffective|p2a: Pink Triangle
|-damage|p2a: Pink Triangle|0 fnt
|faint|p2a: Pink Triangle
|
|upkeep
|
|t:|1776039846
|switch|p2a: El Scorcho|Ursaluna, M|100/100
|turn|3
|
|t:|1776039852
|switch|p1a: Dragonite|Dragonite, F|100/100
|move|p2a: El Scorcho|Facade|p1a: Dragonite
|-damage|p1a: Dragonite|79/100
|
|-status|p2a: El Scorcho|brn|[from] item: Flame Orb
|upkeep
|turn|4
|
|t:|1776039859
|move|p1a: Dragonite|Roost|p1a: Dragonite
|-heal|p1a: Dragonite|100/100
|-singleturn|p1a: Dragonite|move: Roost
|move|p2a: El Scorcho|Fire Punch|p1a: Dragonite
|-resisted|p1a: Dragonite
|-damage|p1a: Dragonite|88/100
|
|-damage|p2a: El Scorcho|94/100 brn|[from] brn
|upkeep
|turn|5
|
|t:|1776039871
|switch|p1a: Ting-Lu|Ting-Lu|100/100
|-ability|p1a: Ting-Lu|Vessel of Ruin
|move|p2a: El Scorcho|Facade|p1a: Ting-Lu
|-damage|p1a: Ting-Lu|27/100
|-damage|p2a: El Scorcho|78/100 brn|[from] item: Rocky Helmet|[of] p1a: Ting-Lu
|
|-damage|p2a: El Scorcho|72/100 brn|[from] brn
|upkeep
|turn|6
|
|t:|1776039886
|move|p1a: Ting-Lu|Spikes|p2a: El Scorcho
|-sidestart|p2: brogre35|Spikes
|move|p2a: El Scorcho|Headlong Rush|p1a: Ting-Lu
|-damage|p1a: Ting-Lu|0 fnt
|-unboost|p2a: El Scorcho|def|1
|-unboost|p2a: El Scorcho|spd|1
|-damage|p2a: El Scorcho|55/100 brn|[from] item: Rocky Helmet|[of] p1a: Ting-Lu
|faint|p1a: Ting-Lu
|
|-damage|p2a: El Scorcho|49/100 brn|[from] brn
|upkeep
|
|t:|1776039895
|switch|p1a: Zamazenta|Zamazenta|100/100
|-ability|p1a: Zamazenta|Dauntless Shield|boost
|-boost|p1a: Zamazenta|def|1
|turn|7
|
|t:|1776039902
|switch|p2a: Butterfly|Cresselia, F|100/100
|move|p1a: Zamazenta|Iron Defense|p1a: Zamazenta
|-boost|p1a: Zamazenta|def|2
|
|upkeep
|turn|8
|
|t:|1776039908
|move|p1a: Zamazenta|Howl|p1a: Zamazenta
|-boost|p1a: Zamazenta|atk|1
|move|p2a: Butterfly|Moonblast|p1a: Zamazenta
|-supereffective|p1a: Zamazenta
|-damage|p1a: Zamazenta|73/100
|-unboost|p1a: Zamazenta|spa|1
|
|upkeep
|turn|9
|
|t:|1776039914
|move|p1a: Zamazenta|Crunch|p2a: Butterfly
|-supereffective|p2a: Butterfly
|-damage|p2a: Butterfly|63/100
|-unboost|p2a: Butterfly|def|1
|move|p2a: Butterfly|Trick Room|p2a: Butterfly
|-fieldstart|move: Trick Room|[of] p2a: Butterfly
|
|upkeep
|turn|10
|
|t:|1776039920
|move|p2a: Butterfly|Moonblast|p1a: Zamazenta
|-supereffective|p1a: Zamazenta
|-damage|p1a: Zamazenta|46/100
|move|p1a: Zamazenta|Crunch|p2a: Butterfly
|-supereffective|p2a: Butterfly
|-crit|p2a: Butterfly
|-damage|p2a: Butterfly|0 fnt
|faint|p2a: Butterfly
|
|upkeep
|
|t:|1776039927
|switch|p2a: Across The Sea|Farigiraf, F|100/100
|-damage|p2a: Across The Sea|88/100|[from] Spikes
|turn|11
|
|t:|1776039935
|switch|p1a: Gholdengo|Gholdengo|100/100
|-terastallize|p2a: Across The Sea|Fighting
|move|p2a: Across The Sea|Nasty Plot|p2a: Across The Sea
|-boost|p2a: Across The Sea|spa|2
|
|-heal|p2a: Across The Sea|94/100|[from] item: Leftovers
|upkeep
|turn|12
|
|t:|1776039956
|switch|p1a: Zamazenta|Zamazenta|46/100
|move|p2a: Across The Sea|Shadow Ball|p1a: Zamazenta
|-damage|p1a: Zamazenta|4/100
|
|-heal|p2a: Across The Sea|100/100|[from] item: Leftovers
|upkeep
|turn|13
|
|t:|1776039963
|move|p2a: Across The Sea|Shadow Ball|p1a: Zamazenta
|-crit|p1a: Zamazenta
|-damage|p1a: Zamazenta|0 fnt
|faint|p1a: Zamazenta
|
|-fieldend|move: Trick Room
|upkeep
|
|t:|1776039966
|switch|p1a: Gholdengo|Gholdengo|100/100
|turn|14
|
|t:|1776039973
|switch|p2a: The Good Life|Ninetales-Alola, F|100/100
|-damage|p2a: The Good Life|88/100|[from] Spikes
|-weather|Snowscape|[from] ability: Snow Warning|[of] p2a: The Good Life
|move|p1a: Gholdengo|Trick|p2a: The Good Life
|-activate|p1a: Gholdengo|move: Trick|[of] p2a: The Good Life
|-item|p2a: The Good Life|Choice Scarf|[from] move: Trick
|-item|p1a: Gholdengo|Light Clay|[from] move: Trick
|
|-weather|Snowscape|[upkeep]
|upkeep
|turn|15
|
|t:|1776039980
|switch|p1a: Dragonite|Dragonite, F|88/100
|move|p2a: The Good Life|Aurora Veil|p2a: The Good Life
|-sidestart|p2: brogre35|move: Aurora Veil
|
|-weather|Snowscape|[upkeep]
|upkeep
|turn|16
|
|t:|1776039983
|switch|p2a: Getchoo|Kyurem|100/100
|-damage|p2a: Getchoo|88/100|[from] Spikes
|-ability|p2a: Getchoo|Pressure
|move|p1a: Dragonite|Dragon Dance|p1a: Dragonite
|-boost|p1a: Dragonite|atk|1
|-boost|p1a: Dragonite|spe|1
|
|-weather|Snowscape|[upkeep]
|upkeep
|turn|17
|
|t:|1776039989
|switch|p1a: Gholdengo|Gholdengo|100/100
|move|p2a: Getchoo|Scale Shot|p1a: Gholdengo
|-resisted|p1a: Gholdengo
|-damage|p1a: Gholdengo|93/100
|-resisted|p1a: Gholdengo
|-damage|p1a: Gholdengo|84/100
|-resisted|p1a: Gholdengo
|-damage|p1a: Gholdengo|75/100
|-resisted|p1a: Gholdengo
|-damage|p1a: Gholdengo|67/100
|-resisted|p1a: Gholdengo
|-damage|p1a: Gholdengo|60/100
|-hitcount|p1a: Gholdengo|5
|-unboost|p2a: Getchoo|def|1
|-boost|p2a: Getchoo|spe|1
|
|-weather|Snowscape|[upkeep]
|upkeep
|turn|18
|
|t:|1776039997
|switch|p2a: The Good Life|Ninetales-Alola, F|88/100
|-damage|p2a: The Good Life|76/100|[from] Spikes
|move|p1a: Gholdengo|Thunder Wave|p2a: The Good Life
|-status|p2a: The Good Life|par
|
|-weather|none
|upkeep
|turn|19
|
|t:|1776040004
|switch|p1a: Raging Bolt|Raging Bolt|100/100
|move|p2a: The Good Life|Moonblast|p1a: Raging Bolt
|-supereffective|p1a: Raging Bolt
|-damage|p1a: Raging Bolt|48/100
|
|-heal|p1a: Raging Bolt|54/100|[from] item: Leftovers
|-sideend|p2: brogre35|move: Aurora Veil
|upkeep
|turn|20
|
|t:|1776040008
|move|p2a: The Good Life|Moonblast|p1a: Raging Bolt
|-supereffective|p1a: Raging Bolt
|-damage|p1a: Raging Bolt|1/100
|move|p1a: Raging Bolt|Calm Mind|p1a: Raging Bolt
|-boost|p1a: Raging Bolt|spa|1
|-boost|p1a: Raging Bolt|spd|1
|
|-heal|p1a: Raging Bolt|7/100|[from] item: Leftovers
|upkeep
|turn|21
|
|t:|1776040012
|move|p2a: The Good Life|Moonblast|p1a: Raging Bolt
|-supereffective|p1a: Raging Bolt
|-damage|p1a: Raging Bolt|0 fnt
|faint|p1a: Raging Bolt
|-end|p1a: Raging Bolt|Protosynthesis|[silent]
|
|upkeep
|
|t:|1776040014
|switch|p1a: Dragonite|Dragonite, F|88/100
|turn|22
|
|t:|1776040017
|-terastallize|p1a: Dragonite|Normal
|move|p2a: The Good Life|Moonblast|p1a: Dragonite
|-damage|p1a: Dragonite|61/100
|move|p1a: Dragonite|Dragon Dance|p1a: Dragonite
|-boost|p1a: Dragonite|atk|1
|-boost|p1a: Dragonite|spe|1
|
|upkeep
|turn|23
|
|t:|1776040022
|switch|p2a: Across The Sea|Farigiraf, F, tera:Fighting|100/100
|-damage|p2a: Across The Sea|88/100|[from] Spikes
|move|p1a: Dragonite|Dragon Dance|p1a: Dragonite
|-boost|p1a: Dragonite|atk|1
|-boost|p1a: Dragonite|spe|1
|
|-heal|p2a: Across The Sea|94/100|[from] item: Leftovers
|upkeep
|turn|24
|
|t:|1776040030
|move|p1a: Dragonite|Earthquake|p2a: Across The Sea
|-damage|p2a: Across The Sea|22/100
|move|p2a: Across The Sea|Trick Room|p2a: Across The Sea
|-fieldstart|move: Trick Room|[of] p2a: Across The Sea
|
|-heal|p2a: Across The Sea|28/100|[from] item: Leftovers
|upkeep
|turn|25
|
|t:|1776040037
|switch|p1a: Gholdengo|Gholdengo|60/100
|move|p2a: Across The Sea|Tera Blast|p1a: Gholdengo|[anim] Tera Blast Fighting
|-immune|p1a: Gholdengo
|
|-heal|p2a: Across The Sea|34/100|[from] item: Leftovers
|upkeep
|turn|26
|
|t:|1776040042
|switch|p1a: Dragonite|Dragonite, F, tera:Normal|61/100
|move|p2a: Across The Sea|Nasty Plot|p2a: Across The Sea
|-boost|p2a: Across The Sea|spa|2
|
|-heal|p2a: Across The Sea|40/100|[from] item: Leftovers
|upkeep
|turn|27
|
|t:|1776040046
|move|p2a: Across The Sea|Tera Blast|p1a: Dragonite|[anim] Tera Blast Fighting
|-supereffective|p1a: Dragonite
|-damage|p1a: Dragonite|0 fnt
|faint|p1a: Dragonite
|
|-heal|p2a: Across The Sea|47/100|[from] item: Leftovers
|upkeep
|-message|blisseyisbroken forfeited.
|
|win|brogre35
|raw|blisseyisbroken's rating: 1635 &rarr; <strong>1618</strong><br />(-17 for losing)
|raw|brogre35's rating: 1694 &rarr; <strong>1711</strong><br />(+17 for winning)
|l|☆blisseyisbroken
|player|p1|
|l| ohko_smeargle
|l|☆brogre35
|player|p2|
|j|☆brogre35
|player|p2|brogre35|swimmer-gen4dp|
