|html|<div class="broadcast-blue"><strong>[Gen 9] OU is currently suspecting Tera Blast! For information on how to participate check out the <a href="https://www.smogon.com/tools/suspects/view/200">suspect thread</a>.</strong></div>
|j|☆tonightbaby
|j|☆jklgg
|t:|1776096281
|gametype|singles
|player|p1|tonightbaby|rood|1378
|player|p2|jklgg|266|1334
|gen|9
|tier|[Gen 9] OU
|rated|
|rule|HP Percentage Mod: HP is shown in percentages
|rule|Endless Battle Clause: Forcing endless battles is banned
|rule|Species Clause: Limit one of each Pokémon
|rule|OHKO Clause: OHKO moves are banned
|rule|Evasion Items Clause: Evasion items are banned
|rule|Evasion Moves Clause: Evasion moves are banned
|rule|Evasion Abilities Clause: Evasion abilities are banned
|rule|Sleep Moves Clause: Sleep-inducing moves are banned
|clearpoke
|poke|p1|Iron Valiant|
|poke|p1|Iron Crown|
|poke|p1|Samurott-Hisui, M|
|poke|p1|Gholdengo|
|poke|p1|Moltres|
|poke|p1|Great Tusk|
|poke|p2|Primarina, M|
|poke|p2|Gholdengo|
|poke|p2|Rillaboom, F|
|poke|p2|Tyranitar, F|
|poke|p2|Great Tusk|
|poke|p2|Galvantula, M|
|teampreview
|
|t:|1776096292
|teamsize|p1|6
|teamsize|p2|6
|start
|switch|p1a: Gholdengo|Gholdengo|100/100
|switch|p2a: Galvantula|Galvantula, M|100/100
|turn|1
|
|t:|1776096304
|move|p1a: Gholdengo|Shadow Ball|p2a: Galvantula
|-damage|p2a: Galvantula|21/100
|-unboost|p2a: Galvantula|spd|1
|move|p2a: Galvantula|Sticky Web|p1a: Gholdengo
|-sidestart|p1: tonightbaby|move: Sticky Web
|
|upkeep
|turn|2
|
|t:|1776096313
|switch|p1a: Great Tusk|Great Tusk|100/100
|switch|p2a: Tyranitar|Tyranitar, F|100/100
|-weather|Sandstorm|[from] ability: Sand Stream|[of] p2a: Tyranitar
|
|-weather|Sandstorm|[upkeep]
|upkeep
|turn|3
|
|t:|1776096320
|switch|p2a: Gholdengo|Gholdengo|100/100
|-item|p2a: Gholdengo|Air Balloon
|move|p1a: Great Tusk|Rapid Spin|p2a: Gholdengo
|-immune|p2a: Gholdengo
|
|-weather|Sandstorm|[upkeep]
|upkeep
|turn|4
|
|t:|1776096326
|-end|p1a: Great Tusk|Protosynthesis|[silent]
|switch|p1a: Samurott|Samurott-Hisui, M|100/100
|-activate|p1a: Samurott|move: Sticky Web
|-unboost|p1a: Samurott|spe|1
|move|p2a: Gholdengo|Nasty Plot|p2a: Gholdengo
|-boost|p2a: Gholdengo|spa|2
|
|-weather|Sandstorm|[upkeep]
|-damage|p1a: Samurott|94/100|[from] Sandstorm
|upkeep
|turn|5
|
|t:|1776096332
|move|p2a: Gholdengo|Dazzling Gleam|p1a: Samurott
|-supereffective|p1a: Samurott
|-damage|p1a: Samurott|0 fnt
|faint|p1a: Samurott
|
|-weather|Sandstorm|[upkeep]
|upkeep
|inactive|Battle timer is ON: inactive players will automatically lose when time's up. (requested by jklgg)
|
|t:|1776096358
|switch|p1a: Iron Valiant|Iron Valiant|100/100
|-activate|p1a: Iron Valiant|move: Sticky Web
|-unboost|p1a: Iron Valiant|spe|1
|turn|6
|
|t:|1776096367
|move|p2a: Gholdengo|Dazzling Gleam|p1a: Iron Valiant
|-supereffective|p1a: Iron Valiant
|-enditem|p1a: Iron Valiant|Focus Sash
|-damage|p1a: Iron Valiant|1/100
|move|p1a: Iron Valiant|Knock Off|p2a: Gholdengo
|-supereffective|p2a: Gholdengo
|-crit|p2a: Gholdengo
|-damage|p2a: Gholdengo|0 fnt
|-enditem|p2a: Gholdengo|Air Balloon
|faint|p2a: Gholdengo
|
|-weather|none
|upkeep
|
|t:|1776096376
|switch|p2a: Rillaboom|Rillaboom, F|100/100
|-fieldstart|move: Grassy Terrain|[from] ability: Grassy Surge|[of] p2a: Rillaboom
|turn|7
|
|t:|1776096387
|move|p1a: Iron Valiant|Destiny Bond|p1a: Iron Valiant
|-singlemove|p1a: Iron Valiant|Destiny Bond
|move|p2a: Rillaboom|U-turn|p1a: Iron Valiant
|-resisted|p1a: Iron Valiant
|-damage|p1a: Iron Valiant|0 fnt
|faint|p1a: Iron Valiant
|-activate|p1a: Iron Valiant|move: Destiny Bond
|-end|p1a: Iron Valiant|Quark Drive|[silent]
|faint|p2a: Rillaboom
|
|upkeep
|
|t:|1776096396
|switch|p1a: Great Tusk|Great Tusk|100/100
|switch|p2a: Galvantula|Galvantula, M|21/100
|turn|8
|
|t:|1776096403
|-terastallize|p1a: Great Tusk|Poison
|move|p2a: Galvantula|Giga Drain|p1a: Great Tusk
|-resisted|p1a: Great Tusk
|-damage|p1a: Great Tusk|80/100
|-heal|p2a: Galvantula|35/100|[from] drain|[of] p1a: Great Tusk
|move|p1a: Great Tusk|Rapid Spin|p2a: Galvantula
|-damage|p2a: Galvantula|5/100
|-boost|p1a: Great Tusk|spe|1
|-sideend|p1: tonightbaby|Sticky Web|[from] move: Rapid Spin|[of] p1a: Great Tusk
|
|-heal|p1a: Great Tusk|86/100|[from] Grassy Terrain
|-heal|p2a: Galvantula|11/100|[from] Grassy Terrain
|upkeep
|turn|9
|
|t:|1776096412
|move|p1a: Great Tusk|Headlong Rush|p2a: Galvantula
|-damage|p2a: Galvantula|0 fnt
|-unboost|p1a: Great Tusk|def|1
|-unboost|p1a: Great Tusk|spd|1
|faint|p2a: Galvantula
|
|-heal|p1a: Great Tusk|93/100|[from] Grassy Terrain
|upkeep
|
|t:|1776096419
|switch|p2a: Great Tusk|Great Tusk|100/100
|turn|10
|
|t:|1776096427
|-end|p1a: Great Tusk|Protosynthesis|[silent]
|switch|p1a: Moltres|Moltres|100/100
|move|p2a: Great Tusk|Headlong Rush|p1a: Moltres
|-immune|p1a: Moltres
|
|upkeep
|turn|11
|
|t:|1776096431
|-end|p2a: Great Tusk|Protosynthesis|[silent]
|switch|p2a: Tyranitar|Tyranitar, F|100/100
|-weather|Sandstorm|[from] ability: Sand Stream|[of] p2a: Tyranitar
|move|p1a: Moltres|Will-O-Wisp|p2a: Tyranitar
|-status|p2a: Tyranitar|brn
|
|-weather|Sandstorm|[upkeep]
|-damage|p1a: Moltres|94/100|[from] Sandstorm
|-damage|p2a: Tyranitar|95/100 brn|[from] brn
|-fieldend|move: Grassy Terrain
|upkeep
|turn|12
|
|t:|1776096441
|switch|p1a: Great Tusk|Great Tusk, tera:Poison|93/100
|move|p2a: Tyranitar|Stone Edge|p1a: Great Tusk
|-damage|p1a: Great Tusk|63/100
|
|-weather|Sandstorm|[upkeep]
|-damage|p1a: Great Tusk|57/100|[from] Sandstorm
|-damage|p2a: Tyranitar|89/100 brn|[from] brn
|upkeep
|turn|13
|
|t:|1776096450
|move|p1a: Great Tusk|Stealth Rock|p2a: Tyranitar
|-sidestart|p2: jklgg|move: Stealth Rock
|move|p2a: Tyranitar|Stone Edge|p1a: Great Tusk
|-damage|p1a: Great Tusk|26/100
|
|-weather|Sandstorm|[upkeep]
|-damage|p1a: Great Tusk|20/100|[from] Sandstorm
|-damage|p2a: Tyranitar|83/100 brn|[from] brn
|upkeep
|turn|14
|
|t:|1776096455
|move|p1a: Great Tusk|Headlong Rush|p2a: Tyranitar
|-supereffective|p2a: Tyranitar
|-damage|p2a: Tyranitar|0 fnt
|-unboost|p1a: Great Tusk|def|1
|-unboost|p1a: Great Tusk|spd|1
|faint|p2a: Tyranitar
|
|-weather|Sandstorm|[upkeep]
|-damage|p1a: Great Tusk|13/100|[from] Sandstorm
|upkeep
|
|t:|1776096458
|switch|p2a: Great Tusk|Great Tusk|100/100
|turn|15
|
|t:|1776096461
|-end|p1a: Great Tusk|Protosynthesis|[silent]
|switch|p1a: Gholdengo|Gholdengo|100/100
|move|p2a: Great Tusk|Rapid Spin|p1a: Gholdengo
|-immune|p1a: Gholdengo
|
|-weather|none
|upkeep
|turn|16
|
|t:|1776096465
|move|p1a: Gholdengo|Make It Rain|p2a: Great Tusk
|-damage|p2a: Great Tusk|6/100
|-unboost|p1a: Gholdengo|spa|1
|move|p2a: Great Tusk|Knock Off|p1a: Gholdengo
|-supereffective|p1a: Gholdengo
|-damage|p1a: Gholdengo|29/100
|-enditem|p1a: Gholdengo|Choice Scarf|[from] move: Knock Off|[of] p2a: Great Tusk
|
|upkeep
|turn|17
|
|t:|1776096469
|move|p1a: Gholdengo|Make It Rain|p2a: Great Tusk
|-damage|p2a: Great Tusk|0 fnt
|-unboost|p1a: Gholdengo|spa|1
|faint|p2a: Great Tusk
|-end|p2a: Great Tusk|Protosynthesis|[silent]
|
|upkeep
|
|t:|1776096471
|switch|p2a: Primarina|Primarina, M|100/100
|-damage|p2a: Primarina|88/100|[from] Stealth Rock
|turn|18
|
|t:|1776096477
|move|p1a: Gholdengo|Trick|p2a: Primarina
|-activate|p1a: Gholdengo|move: Trick|[of] p2a: Primarina
|-enditem|p2a: Primarina|Assault Vest|[silent]|[from] move: Trick
|-item|p1a: Gholdengo|Assault Vest|[from] move: Trick
|move|p2a: Primarina|Hyper Voice|p1a: Gholdengo
|-damage|p1a: Gholdengo|0 fnt
|faint|p1a: Gholdengo
|
|upkeep
|
|t:|1776096482
|switch|p1a: Iron Crown|Iron Crown|100/100
|-enditem|p1a: Iron Crown|Booster Energy
|-activate|p1a: Iron Crown|ability: Quark Drive|[fromitem]
|-start|p1a: Iron Crown|quarkdrivespa
|turn|19
|
|t:|1776096487
|-terastallize|p2a: Primarina|Steel
|move|p1a: Iron Crown|Tachyon Cutter|p2a: Primarina
|-resisted|p2a: Primarina
|-damage|p2a: Primarina|74/100
|-resisted|p2a: Primarina
|-damage|p2a: Primarina|58/100
|-hitcount|p2a: Primarina|2
|move|p2a: Primarina|Hyper Voice|p1a: Iron Crown
|-damage|p1a: Iron Crown|54/100
|
|upkeep
|turn|20
|
|t:|1776096494
|move|p1a: Iron Crown|Psychic Noise|p2a: Primarina
|-resisted|p2a: Primarina
|-damage|p2a: Primarina|34/100
|-start|p2a: Primarina|move: Heal Block
|move|p2a: Primarina|Hyper Voice|p1a: Iron Crown
|-damage|p1a: Iron Crown|2/100
|
|upkeep
|turn|21
|
|t:|1776096498
|move|p1a: Iron Crown|Psychic Noise|p2a: Primarina
|-resisted|p2a: Primarina
|-damage|p2a: Primarina|11/100
|move|p2a: Primarina|Hyper Voice|p1a: Iron Crown
|-damage|p1a: Iron Crown|0 fnt
|faint|p1a: Iron Crown
|-end|p1a: Iron Crown|Quark Drive|[silent]
|
|-end|p2a: Primarina|move: Heal Block
|upkeep
|
|t:|1776096500
|switch|p1a: Great Tusk|Great Tusk, tera:Poison|13/100
|turn|22
|-message|jklgg forfeited.
|
|win|tonightbaby
|raw|tonightbaby's rating: 1378 &rarr; <strong>1395</strong><br />(+17 for winning)
|raw|jklgg's rating: 1334 &rarr; <strong>1317</strong><br />(-17 for losing)
|l|☆jklgg
|player|p2|
|l|☆tonightbaby
|player|p1|
