|html|<div class="broadcast-blue"><strong>[Gen 9] OU is currently suspecting Tera Blast! For information on how to participate check out the <a href="https://www.smogon.com/tools/suspects/view/200">suspect thread</a>.</strong></div>
|j|☆lolshh
|j|☆testingolem
|t:|1776096708
|gametype|singles
|player|p1|lolshh|2|1570
|player|p2|testingolem|hiker-gen4|1567
|gen|9
|tier|[Gen 9] OU
|rated|
|rule|HP Percentage Mod: HP is shown in percentages
|rule|Endless Battle Clause: Forcing endless battles is banned
|rule|Species Clause: Limit one of each Pokémon
|rule|OHKO Clause: OHKO moves are banned
|rule|Evasion Items Clause: Evasion items are banned
|rule|Evasion Moves Clause: Evasion moves are banned
|rule|Evasion Abilities Clause: Evasion abilities are banned
|rule|Sleep Moves Clause: Sleep-inducing moves are banned
|clearpoke
|poke|p1|Meowscarada, F|
|poke|p1|Skarmory, F|
|poke|p1|Keldeo|
|poke|p1|Clodsire, M|
|poke|p1|Clefable, F|
|poke|p1|Latios, M|
|poke|p2|Kingambit, M|
|poke|p2|Deoxys-Speed|
|poke|p2|Great Tusk|
|poke|p2|Primarina, F|
|poke|p2|Raging Bolt|
|poke|p2|Smeargle, F|
|teampreview
|
|t:|1776096734
|teamsize|p1|6
|teamsize|p2|6
|start
|switch|p1a: Clefable|Clefable, F|100/100
|switch|p2a: Smeargle|Smeargle, F|100/100
|turn|1
|
|t:|1776096739
|move|p1a: Clefable|Moonblast|p2a: Smeargle
|-enditem|p2a: Smeargle|Focus Sash
|-damage|p2a: Smeargle|1/100
|move|p2a: Smeargle|Stone Axe|p1a: Clefable|[miss]
|-miss|p2a: Smeargle|p1a: Clefable
|
|upkeep
|turn|2
|
|t:|1776096749
|switch|p2a: Primarina|Primarina, F|100/100
|move|p1a: Clefable|Moonblast|p2a: Primarina
|-damage|p2a: Primarina|75/100
|-unboost|p2a: Primarina|spa|1
|
|upkeep
|turn|3
|
|t:|1776096757
|move|p1a: Clefable|Moonblast|p2a: Primarina
|-damage|p2a: Primarina|48/100
|move|p2a: Primarina|Flip Turn|p1a: Clefable
|-damage|p1a: Clefable|85/100
|
|t:|1776096761
|switch|p2a: Kingambit|Kingambit, M|100/100|[from] Flip Turn
|-item|p2a: Kingambit|Air Balloon
|
|upkeep
|turn|4
|
|t:|1776096765
|-end|p2a: Kingambit|fallenundefined|[silent]
|switch|p2a: Primarina|Primarina, F|48/100
|move|p1a: Clefable|Flamethrower|p2a: Primarina
|-resisted|p2a: Primarina
|-damage|p2a: Primarina|38/100
|
|upkeep
|turn|5
|
|t:|1776096773
|move|p1a: Clefable|Moonblast|p2a: Primarina
|-damage|p2a: Primarina|12/100
|move|p2a: Primarina|Moonblast|p1a: Clefable
|-damage|p1a: Clefable|30/100
|-unboost|p1a: Clefable|spa|1
|
|upkeep
|turn|6
|
|t:|1776096778
|move|p1a: Clefable|Moonblast|p2a: Primarina
|-damage|p2a: Primarina|0 fnt
|faint|p2a: Primarina
|
|upkeep
|
|t:|1776096782
|switch|p2a: Deoxys|Deoxys-Speed|100/100
|-ability|p2a: Deoxys|Pressure
|turn|7
|
|t:|1776096788
|move|p2a: Deoxys|Psycho Boost|p1a: Clefable
|-damage|p1a: Clefable|0 fnt
|-unboost|p2a: Deoxys|spa|2
|faint|p1a: Clefable
|-damage|p2a: Deoxys|91/100|[from] item: Life Orb
|
|upkeep
|
|t:|1776096794
|switch|p1a: Latios|Latios, M|100/100
|turn|8
|
|t:|1776096797
|move|p1a: Latios|Draco Meteor|p2a: Deoxys
|-damage|p2a: Deoxys|0 fnt
|-unboost|p1a: Latios|spa|2
|faint|p2a: Deoxys
|
|upkeep
|
|t:|1776096806
|switch|p2a: Kingambit|Kingambit, M|100/100
|-activate|p2a: Kingambit|ability: Supreme Overlord
|-start|p2a: Kingambit|fallen2|[silent]
|-item|p2a: Kingambit|Air Balloon
|turn|9
|
|t:|1776096812
|switch|p1a: Skarmory|Skarmory, F|100/100
|-end|p2a: Kingambit|fallen2|[silent]
|switch|p2a: Raging Bolt|Raging Bolt|100/100
|-enditem|p2a: Raging Bolt|Booster Energy
|-activate|p2a: Raging Bolt|ability: Protosynthesis|[fromitem]
|-start|p2a: Raging Bolt|protosynthesisspa
|
|upkeep
|turn|10
|
|t:|1776096820
|switch|p1a: Clodsire|Clodsire, M|100/100
|-end|p2a: Raging Bolt|Protosynthesis|[silent]
|switch|p2a: Smeargle|Smeargle, F|1/100
|
|upkeep
|turn|11
|
|t:|1776096825
|move|p2a: Smeargle|Endeavor|p1a: Clodsire
|-damage|p1a: Clodsire|1/100
|move|p1a: Clodsire|Stealth Rock|p2a: Smeargle
|-sidestart|p2: testingolem|move: Stealth Rock
|
|upkeep
|turn|12
|
|t:|1776096829
|move|p2a: Smeargle|Stone Axe|p1a: Clodsire
|-resisted|p1a: Clodsire
|-damage|p1a: Clodsire|0 fnt
|-sidestart|p1: lolshh|move: Stealth Rock
|faint|p1a: Clodsire
|
|upkeep
|
|t:|1776096833
|switch|p1a: Keldeo|Keldeo|100/100
|turn|13
|
|t:|1776096835
|move|p2a: Smeargle|Burning Bulwark|p2a: Smeargle
|-singleturn|p2a: Smeargle|move: Protect
|move|p1a: Keldeo|Surf|p2a: Smeargle
|-activate|p2a: Smeargle|move: Protect
|
|upkeep
|turn|14
|
|t:|1776096840
|switch|p2a: Raging Bolt|Raging Bolt|100/100
|-damage|p2a: Raging Bolt|88/100|[from] Stealth Rock
|move|p1a: Keldeo|Aura Sphere|p2a: Raging Bolt
|-damage|p2a: Raging Bolt|56/100
|
|upkeep
|turn|15
|
|t:|1776096846
|move|p1a: Keldeo|Flip Turn|p2a: Raging Bolt
|-resisted|p2a: Raging Bolt
|-damage|p2a: Raging Bolt|50/100
|
|t:|1776096849
|switch|p1a: Meowscarada|Meowscarada, F|100/100|[from] Flip Turn
|move|p2a: Raging Bolt|Thunderbolt|p1a: Meowscarada
|-resisted|p1a: Meowscarada
|-damage|p1a: Meowscarada|62/100
|
|upkeep
|turn|16
|
|t:|1776096855
|move|p2a: Raging Bolt|Thunderclap|p1a: Meowscarada
|-resisted|p1a: Meowscarada
|-damage|p1a: Meowscarada|28/100
|move|p1a: Meowscarada|Triple Axel|p2a: Raging Bolt
|-start|p1a: Meowscarada|typechange|Ice|[from] ability: Protean
|-supereffective|p2a: Raging Bolt
|-damage|p2a: Raging Bolt|35/100
|-supereffective|p2a: Raging Bolt
|-damage|p2a: Raging Bolt|6/100
|-supereffective|p2a: Raging Bolt
|-damage|p2a: Raging Bolt|0 fnt
|faint|p2a: Raging Bolt
|-end|p2a: Raging Bolt|Protosynthesis|[silent]
|-hitcount|p2: Raging Bolt|3
|
|upkeep
|
|t:|1776096859
|switch|p2a: Kingambit|Kingambit, M|100/100
|-damage|p2a: Kingambit|94/100|[from] Stealth Rock
|-activate|p2a: Kingambit|ability: Supreme Overlord
|-start|p2a: Kingambit|fallen3|[silent]
|-item|p2a: Kingambit|Air Balloon
|turn|17
|
|t:|1776096862
|-end|p2a: Kingambit|fallen3|[silent]
|switch|p2a: Great Tusk|Great Tusk|100/100
|-damage|p2a: Great Tusk|98/100|[from] Stealth Rock
|-enditem|p2a: Great Tusk|Booster Energy
|-activate|p2a: Great Tusk|ability: Protosynthesis|[fromitem]
|-start|p2a: Great Tusk|protosynthesisspe
|move|p1a: Meowscarada|U-turn|p2a: Great Tusk
|-resisted|p2a: Great Tusk
|-damage|p2a: Great Tusk|91/100
|
|t:|1776096870
|switch|p1a: Keldeo|Keldeo|100/100|[from] U-turn
|
|upkeep
|turn|18
|
|t:|1776096874
|move|p2a: Great Tusk|Rapid Spin|p1a: Keldeo
|-damage|p1a: Keldeo|85/100
|-boost|p2a: Great Tusk|spe|1
|-sideend|p2: testingolem|Stealth Rock|[from] move: Rapid Spin|[of] p2a: Great Tusk
|move|p1a: Keldeo|Surf|p2a: Great Tusk
|-supereffective|p2a: Great Tusk
|-damage|p2a: Great Tusk|0 fnt
|faint|p2a: Great Tusk
|-end|p2a: Great Tusk|Protosynthesis|[silent]
|
|upkeep
|
|t:|1776096876
|switch|p2a: Kingambit|Kingambit, M|94/100
|-activate|p2a: Kingambit|ability: Supreme Overlord
|-start|p2a: Kingambit|fallen4|[silent]
|-item|p2a: Kingambit|Air Balloon
|turn|19
|
|t:|1776096887
|-terastallize|p2a: Kingambit|Dark
|move|p1a: Keldeo|Surf|p2a: Kingambit
|-damage|p2a: Kingambit|46/100
|-enditem|p2a: Kingambit|Air Balloon
|move|p2a: Kingambit|Kowtow Cleave|p1a: Keldeo
|-resisted|p1a: Keldeo
|-damage|p1a: Keldeo|35/100
|-ability|p1a: Keldeo|Justified|boost
|-boost|p1a: Keldeo|atk|1
|
|upkeep
|turn|20
|
|t:|1776096896
|move|p1a: Keldeo|Vacuum Wave|p2a: Kingambit
|-supereffective|p2a: Kingambit
|-damage|p2a: Kingambit|3/100
|move|p2a: Kingambit|Sucker Punch||[still]
|-fail|p2a: Kingambit
|
|upkeep
|turn|21
|
|t:|1776096900
|move|p1a: Keldeo|Vacuum Wave|p2a: Kingambit
|-supereffective|p2a: Kingambit
|-damage|p2a: Kingambit|0 fnt
|faint|p2a: Kingambit
|-end|p2a: Kingambit|fallen4|[silent]
|
|upkeep
|-message|testingolem forfeited.
|
|win|lolshh
|raw|lolshh's rating: 1570 &rarr; <strong>1590</strong><br />(+20 for winning)
|raw|testingolem's rating: 1567 &rarr; <strong>1547</strong><br />(-20 for losing)
|l|☆testingolem
|player|p2|
|l|☆lolshh
|player|p1|
