|html|<div class="broadcast-blue"><strong>[Gen 9] OU is currently suspecting Tera Blast! For information on how to participate check out the <a href="https://www.smogon.com/tools/suspects/view/200">suspect thread</a>.</strong></div>
|j|‽pokemongeiduonajie
|j|☆ufulufu
|t:|1776069393
|gametype|singles
|player|p1|pokemongeiduonajie|102|1208
|player|p2|ufulufu|266|1173
|gen|9
|tier|[Gen 9] OU
|rated|
|rule|HP Percentage Mod: HP is shown in percentages
|rule|Endless Battle Clause: Forcing endless battles is banned
|rule|Species Clause: Limit one of each Pokémon
|rule|OHKO Clause: OHKO moves are banned
|rule|Evasion Items Clause: Evasion items are banned
|rule|Evasion Moves Clause: Evasion moves are banned
|rule|Evasion Abilities Clause: Evasion abilities are banned
|rule|Sleep Moves Clause: Sleep-inducing moves are banned
|clearpoke
|poke|p1|Hippowdon, M|
|poke|p1|Sandslash, M|
|poke|p1|Corviknight, F|
|poke|p1|Gengar, M|
|poke|p1|Latios, M|
|poke|p1|Dragonite, F|
|poke|p2|Great Tusk|
|poke|p2|Walking Wake|
|poke|p2|Kingambit, M|
|poke|p2|Venusaur, M|
|poke|p2|Ninetales, F|
|poke|p2|Raging Bolt|
|teampreview
|inactive|Battle timer is ON: inactive players will automatically lose when time's up. (requested by ufulufu)
|
|t:|1776069401
|teamsize|p1|6
|teamsize|p2|6
|start
|switch|p1a: Hippowdon|Hippowdon, M|100/100
|switch|p2a: Ninetales|Ninetales, F|100/100
|-weather|SunnyDay|[from] ability: Drought|[of] p2a: Ninetales
|-weather|Sandstorm|[from] ability: Sand Stream|[of] p1a: Hippowdon
|turn|1
|
|t:|1776069410
|move|p2a: Ninetales|Will-O-Wisp|p1a: Hippowdon
|-status|p1a: Hippowdon|brn
|move|p1a: Hippowdon|Earthquake|p2a: Ninetales
|-supereffective|p2a: Ninetales
|-damage|p2a: Ninetales|52/100
|
|-weather|Sandstorm|[upkeep]
|-damage|p2a: Ninetales|46/100|[from] Sandstorm
|-damage|p1a: Hippowdon|94/100 brn|[from] brn
|upkeep
|turn|2
|
|t:|1776069423
|switch|p2a: Walking Wake|Walking Wake|100/100
|move|p1a: Hippowdon|Stealth Rock|p2a: Walking Wake
|-sidestart|p2: ufulufu|move: Stealth Rock
|
|-weather|Sandstorm|[upkeep]
|-damage|p2a: Walking Wake|94/100|[from] Sandstorm
|-damage|p1a: Hippowdon|88/100 brn|[from] brn
|upkeep
|turn|3
|
|t:|1776069433
|switch|p1a: Latios|Latios, M|100/100
|move|p2a: Walking Wake|Hydro Steam|p1a: Latios
|-resisted|p1a: Latios
|-damage|p1a: Latios|80/100
|
|-weather|Sandstorm|[upkeep]
|-damage|p1a: Latios|74/100|[from] Sandstorm
|-damage|p2a: Walking Wake|88/100|[from] Sandstorm
|upkeep
|turn|4
|
|t:|1776069444
|-end|p2a: Walking Wake|Protosynthesis|[silent]
|switch|p2a: Ninetales|Ninetales, F|46/100
|-damage|p2a: Ninetales|21/100|[from] Stealth Rock
|-weather|SunnyDay|[from] ability: Drought|[of] p2a: Ninetales
|move|p1a: Latios|Draco Meteor|p2a: Ninetales
|-damage|p2a: Ninetales|0 fnt
|-unboost|p1a: Latios|spa|2
|faint|p2a: Ninetales
|
|-weather|SunnyDay|[upkeep]
|upkeep
|
|t:|1776069456
|switch|p2a: Walking Wake|Walking Wake|88/100
|-damage|p2a: Walking Wake|76/100|[from] Stealth Rock
|-activate|p2a: Walking Wake|ability: Protosynthesis
|-start|p2a: Walking Wake|protosynthesisspe
|turn|5
|
|t:|1776069463
|switch|p1a: Hippowdon|Hippowdon, M|88/100 brn
|-weather|Sandstorm|[from] ability: Sand Stream|[of] p1a: Hippowdon
|-end|p2a: Walking Wake|Protosynthesis
|move|p2a: Walking Wake|Hydro Steam|p1a: Hippowdon
|-supereffective|p1a: Hippowdon
|-damage|p1a: Hippowdon|22/100 brn
|
|-weather|Sandstorm|[upkeep]
|-damage|p2a: Walking Wake|70/100|[from] Sandstorm
|-damage|p1a: Hippowdon|16/100 brn|[from] brn
|upkeep
|turn|6
|
|t:|1776069489
|switch|p1a: Latios|Latios, M|74/100
|move|p2a: Walking Wake|Hydro Steam|p1a: Latios
|-resisted|p1a: Latios
|-damage|p1a: Latios|54/100
|
|-weather|Sandstorm|[upkeep]
|-damage|p1a: Latios|48/100|[from] Sandstorm
|-damage|p2a: Walking Wake|64/100|[from] Sandstorm
|upkeep
|turn|7
|inactive|pokemongeiduonajie has 120 seconds left.
|
|t:|1776069506
|move|p1a: Latios|Draco Meteor|p2a: Walking Wake
|-supereffective|p2a: Walking Wake
|-damage|p2a: Walking Wake|0 fnt
|-unboost|p1a: Latios|spa|2
|faint|p2a: Walking Wake
|-end|p2a: Walking Wake|Protosynthesis|[silent]
|
|-weather|Sandstorm|[upkeep]
|-damage|p1a: Latios|42/100|[from] Sandstorm
|upkeep
|
|t:|1776069515
|switch|p2a: Great Tusk|Great Tusk|100/100
|-damage|p2a: Great Tusk|98/100|[from] Stealth Rock
|turn|8
|
|t:|1776069524
|switch|p1a: Gengar|Gengar, M|100/100
|move|p2a: Great Tusk|Rapid Spin|p1a: Gengar
|-immune|p1a: Gengar
|
|-weather|Sandstorm|[upkeep]
|-damage|p1a: Gengar|94/100|[from] Sandstorm
|upkeep
|turn|9
|inactive|pokemongeiduonajie has 120 seconds left.
|
|t:|1776069547
|move|p1a: Gengar|Shadow Ball|p2a: Great Tusk
|-damage|p2a: Great Tusk|57/100
|move|p2a: Great Tusk|Headlong Rush|p1a: Gengar
|-supereffective|p1a: Gengar
|-damage|p1a: Gengar|0 fnt
|-unboost|p2a: Great Tusk|def|1
|-unboost|p2a: Great Tusk|spd|1
|faint|p1a: Gengar
|
|-weather|Sandstorm|[upkeep]
|upkeep
|inactive|pokemongeiduonajie has 120 seconds left.
|
|t:|1776069558
|switch|p1a: Sandslash|Sandslash, M|100/100
|turn|10
|inactive|pokemongeiduonajie has 120 seconds left.
|
|t:|1776069567
|move|p1a: Sandslash|Swords Dance|p1a: Sandslash
|-boost|p1a: Sandslash|atk|2
|move|p2a: Great Tusk|Rapid Spin|p1a: Sandslash
|-damage|p1a: Sandslash|85/100
|-boost|p2a: Great Tusk|spe|1
|-sideend|p2: ufulufu|Stealth Rock|[from] move: Rapid Spin|[of] p2a: Great Tusk
|
|-weather|Sandstorm|[upkeep]
|upkeep
|turn|11
|
|t:|1776069576
|move|p2a: Great Tusk|Ice Spinner|p1a: Sandslash
|-supereffective|p1a: Sandslash
|-damage|p1a: Sandslash|30/100
|move|p1a: Sandslash|Earthquake|p2a: Great Tusk
|-damage|p2a: Great Tusk|0 fnt
|faint|p2a: Great Tusk
|-end|p2a: Great Tusk|Protosynthesis|[silent]
|
|-weather|Sandstorm|[upkeep]
|upkeep
|
|t:|1776069586
|switch|p2a: Venusaur|Venusaur, M|100/100
|turn|12
|
|t:|1776069594
|-terastallize|p1a: Sandslash|Ghost
|move|p1a: Sandslash|Stone Edge|p2a: Venusaur
|-crit|p2a: Venusaur
|-damage|p2a: Venusaur|0 fnt
|faint|p2a: Venusaur
|
|-weather|none
|upkeep
|-message|ufulufu forfeited.
|
|win|pokemongeiduonajie
|raw|pokemongeiduonajie's rating: 1208 &rarr; <strong>1230</strong><br />(+22 for winning)
|raw|ufulufu's rating: 1173 &rarr; <strong>1151</strong><br />(-22 for losing)
|l|☆ufulufu
|player|p2|
|l|‽pokemongeiduonajie
|player|p1|
