|html|<div class="broadcast-blue"><strong>[Gen 9] OU is currently suspecting Tera Blast! For information on how to participate check out the <a href="https://www.smogon.com/tools/suspects/view/200">suspect thread</a>.</strong></div>
|j|☆Shattersong
|j|☆greedman456
|t:|1776345119
|gametype|singles
|player|p1|Shattersong|wattson|1392
|player|p2|greedman456|brock|1377
|gen|9
|tier|[Gen 9] OU
|rated|
|rule|HP Percentage Mod: HP is shown in percentages
|rule|Endless Battle Clause: Forcing endless battles is banned
|rule|Species Clause: Limit one of each Pokémon
|rule|OHKO Clause: OHKO moves are banned
|rule|Evasion Items Clause: Evasion items are banned
|rule|Evasion Moves Clause: Evasion moves are banned
|rule|Evasion Abilities Clause: Evasion abilities are banned
|rule|Sleep Moves Clause: Sleep-inducing moves are banned
|clearpoke
|poke|p1|Glimmora, F|
|poke|p1|Raging Bolt|
|poke|p1|Cinderace, F|
|poke|p1|Quaquaval, M|
|poke|p1|Ninetales-Alola, F|
|poke|p1|Gholdengo|
|poke|p2|Alomomola, F|
|poke|p2|Darkrai|
|poke|p2|Scizor, F|
|poke|p2|Dragapult, M|
|poke|p2|Slowking-Galar, F|
|poke|p2|Dragonite, F|
|teampreview
|inactive|Battle timer is ON: inactive players will automatically lose when time's up. (requested by greedman456)
|
|t:|1776345130
|teamsize|p1|6
|teamsize|p2|6
|start
|switch|p1a: Jade|Ninetales-Alola, F, shiny|100/100
|switch|p2a: Scizor|Scizor, F|100/100
|-weather|Snowscape|[from] ability: Snow Warning|[of] p1a: Jade
|turn|1
|
|t:|1776345137
|-terastallize|p2a: Scizor|Steel
|move|p2a: Scizor|Bullet Punch|p1a: Jade
|-supereffective|p1a: Jade
|-damage|p1a: Jade|0 fnt
|faint|p1a: Jade
|
|-weather|Snowscape|[upkeep]
|upkeep
|
|t:|1776345145
|switch|p1a: Gala|Cinderace, F, shiny|100/100
|turn|2
|
|t:|1776345150
|switch|p2a: Alomomola|Alomomola, F|100/100
|move|p1a: Gala|Pyro Ball|p2a: Alomomola
|-resisted|p2a: Alomomola
|-damage|p2a: Alomomola|82/100
|
|-weather|Snowscape|[upkeep]
|upkeep
|turn|3
|
|t:|1776345161
|move|p1a: Gala|Pyro Ball|p2a: Alomomola|[miss]
|-miss|p1a: Gala|p2a: Alomomola
|move|p2a: Alomomola|Flip Turn|p1a: Gala
|-supereffective|p1a: Gala
|-damage|p1a: Gala|57/100
|
|t:|1776345176
|switch|p2a: Dragapult|Dragapult, M|100/100|[from] Flip Turn
|
|-weather|Snowscape|[upkeep]
|upkeep
|turn|4
|
|t:|1776345181
|move|p1a: Gala|Sucker Punch|p2a: Dragapult
|-start|p1a: Gala|typechange|Dark|[from] ability: Libero
|-supereffective|p2a: Dragapult
|-damage|p2a: Dragapult|11/100
|move|p2a: Dragapult|Dragon Darts|p1a: Gala
|-damage|p1a: Gala|0 fnt
|faint|p1a: Gala
|
|-weather|Snowscape|[upkeep]
|upkeep
|
|t:|1776345192
|switch|p1a: Jewel|Glimmora, F, shiny|100/100
|turn|5
|
|t:|1776345198
|move|p2a: Dragapult|Dragon Darts|p1a: Jewel
|-damage|p1a: Jewel|53/100
|-activate|p1a: Jewel|ability: Toxic Debris
|-sidestart|p2: greedman456|move: Toxic Spikes
|-anim|p2a: Dragapult|Dragon Darts|p1a: Jewel
|-damage|p1a: Jewel|9/100
|-activate|p1a: Jewel|ability: Toxic Debris
|-sidestart|p2: greedman456|move: Toxic Spikes
|move|p1a: Jewel|Meteor Beam||[still]
|-prepare|p1a: Jewel|Meteor Beam
|-boost|p1a: Jewel|spa|1
|-enditem|p1a: Jewel|Power Herb
|-anim|p1a: Jewel|Meteor Beam|p2a: Dragapult|[miss]
|-miss|p1a: Jewel|p2a: Dragapult
|
|-weather|none
|upkeep
|turn|6
|
|t:|1776345213
|move|p2a: Dragapult|Dragon Darts|p1a: Jewel
|-damage|p1a: Jewel|0 fnt
|faint|p1a: Jewel
|
|upkeep
|
|t:|1776345218
|switch|p1a: Seadall|Quaquaval, M|100/100
|turn|7
|
|t:|1776345221
|move|p2a: Dragapult|Dragon Darts|p1a: Seadall
|-damage|p1a: Seadall|47/100
|-anim|p2a: Dragapult|Dragon Darts|p1a: Seadall
|-damage|p1a: Seadall|0 fnt
|faint|p1a: Seadall
|
|upkeep
|
|t:|1776345228
|switch|p1a: Soleil|Gholdengo|100/100
|-item|p1a: Soleil|Air Balloon
|turn|8
|
|t:|1776345234
|move|p2a: Dragapult|Dragon Darts|p1a: Soleil
|-resisted|p1a: Soleil
|-crit|p1a: Soleil
|-damage|p1a: Soleil|70/100
|-enditem|p1a: Soleil|Air Balloon
|-anim|p2a: Dragapult|Dragon Darts|p1a: Soleil
|-resisted|p1a: Soleil
|-damage|p1a: Soleil|50/100
|move|p1a: Soleil|Shadow Ball|p2a: Dragapult
|-supereffective|p2a: Dragapult
|-damage|p2a: Dragapult|0 fnt
|faint|p2a: Dragapult
|
|upkeep
|
|t:|1776345253
|switch|p2a: Darkrai|Darkrai|100/100
|-status|p2a: Darkrai|tox
|turn|9
|
|t:|1776345258
|-terastallize|p1a: Soleil|Steel
|move|p2a: Darkrai|Dark Pulse|p1a: Soleil
|-crit|p1a: Soleil
|-damage|p1a: Soleil|0 fnt
|faint|p1a: Soleil
|
|-damage|p2a: Darkrai|94/100 tox|[from] psn
|upkeep
|
|t:|1776345267
|switch|p1a: Raging Bolt|Raging Bolt|100/100
|turn|10
|c|☆greedman456|Mb
|
|t:|1776345272
|move|p2a: Darkrai|Ice Beam|p1a: Raging Bolt
|-supereffective|p1a: Raging Bolt
|-damage|p1a: Raging Bolt|40/100
|move|p1a: Raging Bolt|Calm Mind|p1a: Raging Bolt
|-boost|p1a: Raging Bolt|spa|1
|-boost|p1a: Raging Bolt|spd|1
|
|-heal|p1a: Raging Bolt|46/100|[from] item: Leftovers
|-damage|p2a: Darkrai|82/100 tox|[from] psn
|upkeep
|turn|11
|
|t:|1776345281
|move|p1a: Raging Bolt|Thunderclap|p2a: Darkrai
|-damage|p2a: Darkrai|0 fnt
|faint|p2a: Darkrai
|
|-heal|p1a: Raging Bolt|52/100|[from] item: Leftovers
|upkeep
|
|t:|1776345285
|switch|p2a: Slowking|Slowking-Galar, F|100/100
|-sideend|p2: greedman456|move: Toxic Spikes|[of] p2a: Slowking
|turn|12
|
|t:|1776345292
|move|p1a: Raging Bolt|Discharge|p2a: Slowking
|-damage|p2a: Slowking|73/100
|-status|p2a: Slowking|par
|move|p2a: Slowking|Ice Beam|p1a: Raging Bolt
|-supereffective|p1a: Raging Bolt
|-damage|p1a: Raging Bolt|23/100
|
|-heal|p1a: Raging Bolt|30/100|[from] item: Leftovers
|upkeep
|turn|13
|
|t:|1776345301
|move|p1a: Raging Bolt|Calm Mind|p1a: Raging Bolt
|-boost|p1a: Raging Bolt|spa|1
|-boost|p1a: Raging Bolt|spd|1
|cant|p2a: Slowking|par
|
|-heal|p1a: Raging Bolt|36/100|[from] item: Leftovers
|upkeep
|turn|14
|
|t:|1776345309
|move|p1a: Raging Bolt|Dragon Pulse|p2a: Slowking
|-damage|p2a: Slowking|31/100 par
|cant|p2a: Slowking|par
|
|-heal|p1a: Raging Bolt|42/100|[from] item: Leftovers
|upkeep
|turn|15
|
|t:|1776345316
|switch|p2a: Scizor|Scizor, F, tera:Steel|100/100
|move|p1a: Raging Bolt|Dragon Pulse|p2a: Scizor
|-resisted|p2a: Scizor
|-damage|p2a: Scizor|34/100
|
|-heal|p1a: Raging Bolt|48/100|[from] item: Leftovers
|upkeep
|turn|16
|
|t:|1776345324
|move|p2a: Scizor|Bullet Punch|p1a: Raging Bolt
|-resisted|p1a: Raging Bolt
|-damage|p1a: Raging Bolt|30/100
|move|p1a: Raging Bolt|Discharge|p2a: Scizor
|-damage|p2a: Scizor|0 fnt
|faint|p2a: Scizor
|
|-heal|p1a: Raging Bolt|36/100|[from] item: Leftovers
|upkeep
|
|t:|1776345331
|switch|p2a: Dragonite|Dragonite, F|100/100
|turn|17
|
|t:|1776345336
|move|p2a: Dragonite|Ice Beam|p1a: Raging Bolt
|-supereffective|p1a: Raging Bolt
|-damage|p1a: Raging Bolt|12/100
|move|p1a: Raging Bolt|Dragon Pulse|p2a: Dragonite
|-supereffective|p2a: Dragonite
|-damage|p2a: Dragonite|0 fnt
|faint|p2a: Dragonite
|
|-heal|p1a: Raging Bolt|19/100|[from] item: Leftovers
|upkeep
|
|t:|1776345342
|switch|p2a: Slowking|Slowking-Galar, F|64/100 par
|turn|18
|
|t:|1776345349
|move|p1a: Raging Bolt|Calm Mind|p1a: Raging Bolt
|-boost|p1a: Raging Bolt|spa|1
|-boost|p1a: Raging Bolt|spd|1
|move|p2a: Slowking|Ice Beam|p1a: Raging Bolt
|-supereffective|p1a: Raging Bolt
|-damage|p1a: Raging Bolt|1/100
|-status|p1a: Raging Bolt|frz
|
|-heal|p1a: Raging Bolt|7/100 frz|[from] item: Leftovers
|upkeep
|turn|19
|
|t:|1776345358
|switch|p2a: Alomomola|Alomomola, F|100/100
|cant|p1a: Raging Bolt|frz
|
|-heal|p1a: Raging Bolt|13/100 frz|[from] item: Leftovers
|upkeep
|turn|20
|
|t:|1776345366
|-curestatus|p1a: Raging Bolt|frz|[msg]
|move|p1a: Raging Bolt|Discharge|p2a: Alomomola
|-supereffective|p2a: Alomomola
|-damage|p2a: Alomomola|0 fnt
|faint|p2a: Alomomola
|
|-heal|p1a: Raging Bolt|19/100|[from] item: Leftovers
|upkeep
|
|t:|1776345370
|switch|p2a: Slowking|Slowking-Galar, F|98/100 par
|turn|21
|
|t:|1776345378
|move|p1a: Raging Bolt|Discharge|p2a: Slowking
|-damage|p2a: Slowking|48/100 par
|cant|p2a: Slowking|par
|
|-heal|p1a: Raging Bolt|26/100|[from] item: Leftovers
|upkeep
|turn|22
|
|t:|1776345386
|move|p1a: Raging Bolt|Dragon Pulse|p2a: Slowking
|-damage|p2a: Slowking|0 fnt
|faint|p2a: Slowking
|
|win|Shattersong
|raw|Shattersong's rating: 1392 &rarr; <strong>1411</strong><br />(+19 for winning)
|raw|greedman456's rating: 1377 &rarr; <strong>1358</strong><br />(-19 for losing)
|c|☆greedman456|Karma
|l|☆greedman456
|player|p2|
