|html|<div class="broadcast-blue"><strong>[Gen 9] OU is currently suspecting Tera Blast! For information on how to participate check out the <a href="https://www.smogon.com/tools/suspects/view/200">suspect thread</a>.</strong></div>
|j|☆jessies boyfriend
|j|☆TOXICccccccccccccc
|t:|1776094179
|gametype|singles
|player|p1|jessies boyfriend|brock|1389
|player|p2|TOXICccccccccccccc|preschooler|1368
|gen|9
|tier|[Gen 9] OU
|rated|
|rule|HP Percentage Mod: HP is shown in percentages
|rule|Endless Battle Clause: Forcing endless battles is banned
|rule|Species Clause: Limit one of each Pokémon
|rule|OHKO Clause: OHKO moves are banned
|rule|Evasion Items Clause: Evasion items are banned
|rule|Evasion Moves Clause: Evasion moves are banned
|rule|Evasion Abilities Clause: Evasion abilities are banned
|rule|Sleep Moves Clause: Sleep-inducing moves are banned
|clearpoke
|poke|p1|Hatterene, F|
|poke|p1|Gholdengo|
|poke|p1|Dragonite, F|
|poke|p1|Cinccino, M|
|poke|p1|Glimmora, M|
|poke|p1|Greninja-*, F|
|poke|p2|Ogerpon-Wellspring, F|
|poke|p2|Heatran, M|
|poke|p2|Goodra-Hisui, F|
|poke|p2|Thundurus-Therian, M|
|poke|p2|Orthworm, M|
|poke|p2|Grimmsnarl, M|
|teampreview
|inactive|Battle timer is ON: inactive players will automatically lose when time's up. (requested by TOXICccccccccccccc)
|
|t:|1776094185
|teamsize|p1|6
|teamsize|p2|6
|start
|switch|p1a: Cinccino|Cinccino, M|100/100
|switch|p2a: Goodra|Goodra-Hisui, F|100/100
|turn|1
|
|t:|1776094205
|switch|p2a: Orthworm|Orthworm, M|100/100
|move|p1a: Cinccino|U-turn|p2a: Orthworm
|-resisted|p2a: Orthworm
|-damage|p2a: Orthworm|94/100
|
|t:|1776094213
|switch|p1a: Greninja|Greninja, F|100/100|[from] U-turn
|
|-heal|p2a: Orthworm|99/100|[from] item: Leftovers
|upkeep
|turn|2
|
|t:|1776094218
|switch|p2a: Goodra|Goodra-Hisui, F|100/100
|move|p1a: Greninja|Dark Pulse|p2a: Goodra
|-start|p1a: Greninja|typechange|Dark|[from] ability: Protean
|-damage|p2a: Goodra|73/100
|
|upkeep
|turn|3
|
|t:|1776094222
|move|p1a: Greninja|Dark Pulse|p2a: Goodra
|-damage|p2a: Goodra|46/100
|move|p2a: Goodra|Flash Cannon|p1a: Greninja
|-damage|p1a: Greninja|33/100
|
|upkeep
|turn|4
|
|t:|1776094231
|switch|p1a: Gholdengo|Gholdengo|100/100
|move|p2a: Goodra|Flash Cannon|p1a: Gholdengo
|-resisted|p1a: Gholdengo
|-damage|p1a: Gholdengo|78/100
|
|upkeep
|turn|5
|
|t:|1776094233
|move|p1a: Gholdengo|Trick|p2a: Goodra
|-activate|p1a: Gholdengo|move: Trick|[of] p2a: Goodra
|-item|p2a: Goodra|Choice Scarf|[from] move: Trick
|-item|p1a: Gholdengo|Assault Vest|[from] move: Trick
|move|p2a: Goodra|Fire Blast|p1a: Gholdengo
|-supereffective|p1a: Gholdengo
|-damage|p1a: Gholdengo|22/100
|
|upkeep
|turn|6
|
|t:|1776094250
|switch|p1a: Dragonite|Dragonite, F|100/100
|move|p2a: Goodra|Fire Blast|p1a: Dragonite
|-resisted|p1a: Dragonite
|-damage|p1a: Dragonite|93/100
|
|upkeep
|turn|7
|
|t:|1776094254
|switch|p2a: Orthworm|Orthworm, M|99/100
|move|p1a: Dragonite|Roost|p1a: Dragonite
|-heal|p1a: Dragonite|100/100
|-singleturn|p1a: Dragonite|move: Roost
|
|-heal|p2a: Orthworm|100/100|[from] item: Leftovers
|upkeep
|turn|8
|
|t:|1776094261
|switch|p1a: Hatterene|Hatterene, F|100/100
|move|p2a: Orthworm|Iron Defense|p2a: Orthworm
|-boost|p2a: Orthworm|def|2
|
|upkeep
|turn|9
|
|t:|1776094264
|switch|p2a: Heatran|Heatran, M|100/100
|move|p1a: Hatterene|Nuzzle|p2a: Heatran
|-damage|p2a: Heatran|97/100
|-status|p2a: Heatran|par
|
|-heal|p2a: Heatran|100/100 par|[from] item: Leftovers
|upkeep
|turn|10
|
|t:|1776094271
|switch|p1a: Glimmora|Glimmora, M|100/100
|move|p2a: Heatran|Magma Storm|p1a: Glimmora|[miss]
|-miss|p2a: Heatran|p1a: Glimmora
|
|upkeep
|turn|11
|
|t:|1776094276
|switch|p2a: Goodra|Goodra-Hisui, F|46/100
|move|p1a: Glimmora|Power Gem|p2a: Goodra
|-resisted|p2a: Goodra
|-damage|p2a: Goodra|32/100
|
|upkeep
|turn|12
|
|t:|1776094283
|switch|p1a: Dragonite|Dragonite, F|100/100
|move|p2a: Goodra|Flash Cannon|p1a: Dragonite
|-damage|p1a: Dragonite|83/100
|
|upkeep
|turn|13
|
|t:|1776094296
|switch|p2a: Orthworm|Orthworm, M|100/100
|switch|p1a: Hatterene|Hatterene, F|100/100
|
|upkeep
|turn|14
|
|t:|1776094300
|switch|p2a: Heatran|Heatran, M|100/100 par
|move|p1a: Hatterene|Future Sight|p2a: Heatran
|-start|p1a: Hatterene|move: Future Sight
|
|upkeep
|turn|15
|
|t:|1776094307
|move|p2a: Heatran|Magma Storm|p1a: Hatterene|[miss]
|-miss|p2a: Heatran|p1a: Hatterene
|move|p1a: Hatterene|Calm Mind|p1a: Hatterene
|-boost|p1a: Hatterene|spa|1
|-boost|p1a: Hatterene|spd|1
|
|upkeep
|turn|16
|
|t:|1776094311
|move|p2a: Heatran|Magma Storm|p1a: Hatterene
|-damage|p1a: Hatterene|70/100
|-activate|p1a: Hatterene|move: Magma Storm|[of] p2a: Heatran
|move|p1a: Hatterene|Calm Mind|p1a: Hatterene
|-boost|p1a: Hatterene|spa|1
|-boost|p1a: Hatterene|spd|1
|
|-end|p2a: Heatran|move: Future Sight
|-resisted|p2a: Heatran
|-damage|p2a: Heatran|64/100 par
|-heal|p2a: Heatran|70/100 par|[from] item: Leftovers
|-damage|p1a: Hatterene|57/100|[from] move: Magma Storm|[partiallytrapped]
|upkeep
|turn|17
|
|t:|1776094320
|switch|p2a: Grimmsnarl|Grimmsnarl, M|100/100
|move|p1a: Hatterene|Future Sight|p2a: Grimmsnarl
|-start|p1a: Hatterene|move: Future Sight
|
|-end|p1a: Hatterene|Magma Storm|[partiallytrapped]|[silent]
|upkeep
|turn|18
|
|t:|1776094322
|move|p2a: Grimmsnarl|Parting Shot|p1a: Hatterene
|move|p1a: Hatterene|Parting Shot|p2a: Grimmsnarl|[from] ability: Magic Bounce
|-unboost|p2a: Grimmsnarl|atk|1
|-unboost|p2a: Grimmsnarl|spa|1
|
|t:|1776094335
|switch|p1a: Greninja|Greninja, F|33/100|[from] Parting Shot
|
|upkeep
|turn|19
|
|t:|1776094340
|move|p2a: Grimmsnarl|Light Screen|p2a: Grimmsnarl
|-sidestart|p2: TOXICccccccccccccc|move: Light Screen
|move|p1a: Greninja|Ice Beam|p2a: Grimmsnarl
|-start|p1a: Greninja|typechange|Ice|[from] ability: Protean
|-damage|p2a: Grimmsnarl|64/100
|
|-end|p2a: Grimmsnarl|move: Future Sight
|-immune|p2a: Grimmsnarl
|upkeep
|turn|20
|
|t:|1776094352
|move|p2a: Grimmsnarl|Thunder Wave|p1a: Greninja
|-status|p1a: Greninja|par
|cant|p1a: Greninja|par
|
|upkeep
|turn|21
|
|t:|1776094363
|switch|p1a: Gholdengo|Gholdengo|22/100
|move|p2a: Grimmsnarl|Parting Shot|p1a: Gholdengo
|-immune|p1a: Gholdengo|[from] ability: Good as Gold
|
|upkeep
|turn|22
|
|t:|1776094367
|switch|p2a: Heatran|Heatran, M|70/100 par
|move|p1a: Gholdengo|Focus Blast|p2a: Heatran|[miss]
|-miss|p1a: Gholdengo|p2a: Heatran
|
|-heal|p2a: Heatran|77/100 par|[from] item: Leftovers
|upkeep
|turn|23
|
|t:|1776094372
|move|p1a: Gholdengo|Focus Blast|p2a: Heatran
|-supereffective|p2a: Heatran
|-damage|p2a: Heatran|48/100 par
|move|p2a: Heatran|Magma Storm|p1a: Gholdengo
|-supereffective|p1a: Gholdengo
|-damage|p1a: Gholdengo|0 fnt
|faint|p1a: Gholdengo
|
|-heal|p2a: Heatran|54/100 par|[from] item: Leftovers
|upkeep
|
|t:|1776094381
|switch|p1a: Greninja|Greninja, F|33/100 par
|turn|24
|
|t:|1776094389
|switch|p2a: Goodra|Goodra-Hisui, F|32/100
|move|p1a: Greninja|Dark Pulse|p2a: Goodra
|-start|p1a: Greninja|typechange|Dark|[from] ability: Protean
|-damage|p2a: Goodra|13/100
|
|upkeep
|turn|25
|
|t:|1776094397
|move|p2a: Goodra|Flash Cannon|p1a: Greninja
|-damage|p1a: Greninja|0 fnt
|faint|p1a: Greninja
|
|upkeep
|
|t:|1776094416
|switch|p1a: Dragonite|Dragonite, F|83/100
|turn|26
|
|t:|1776094418
|switch|p2a: Orthworm|Orthworm, M|100/100
|move|p1a: Dragonite|Dragon Dance|p1a: Dragonite
|-boost|p1a: Dragonite|atk|1
|-boost|p1a: Dragonite|spe|1
|
|-sideend|p2: TOXICccccccccccccc|move: Light Screen
|upkeep
|turn|27
|
|t:|1776094428
|switch|p1a: Hatterene|Hatterene, F|57/100
|move|p2a: Orthworm|Iron Defense|p2a: Orthworm
|-boost|p2a: Orthworm|def|2
|
|upkeep
|turn|28
|
|t:|1776094436
|switch|p2a: Ogerpon|Ogerpon-Wellspring, F|100/100
|move|p1a: Hatterene|Future Sight|p2a: Ogerpon
|-start|p1a: Hatterene|move: Future Sight
|
|upkeep
|turn|29
|
|t:|1776094446
|switch|p1a: Dragonite|Dragonite, F|83/100
|move|p2a: Ogerpon|Ivy Cudgel|p1a: Dragonite|[anim] Ivy Cudgel Water
|-resisted|p1a: Dragonite
|-damage|p1a: Dragonite|49/100
|
|upkeep
|turn|30
|
|t:|1776094452
|switch|p2a: Grimmsnarl|Grimmsnarl, M|64/100
|move|p1a: Dragonite|Roost|p1a: Dragonite
|-heal|p1a: Dragonite|99/100
|-singleturn|p1a: Dragonite|move: Roost
|
|-end|p2a: Grimmsnarl|move: Future Sight
|-immune|p2a: Grimmsnarl
|upkeep
|turn|31
|
|t:|1776094460
|-terastallize|p1a: Dragonite|Normal
|move|p1a: Dragonite|Extreme Speed|p2a: Grimmsnarl
|-damage|p2a: Grimmsnarl|23/100
|move|p2a: Grimmsnarl|Parting Shot|p1a: Dragonite
|-unboost|p1a: Dragonite|atk|1
|-unboost|p1a: Dragonite|spa|1
|
|t:|1776094471
|switch|p2a: Thundurus|Thundurus-Therian, M|100/100|[from] Parting Shot
|
|upkeep
|turn|32
|
|t:|1776094480
|switch|p1a: Hatterene|Hatterene, F|57/100
|move|p2a: Thundurus|Focus Blast|p1a: Hatterene
|-resisted|p1a: Hatterene
|-damage|p1a: Hatterene|44/100
|
|upkeep
|turn|33
|
|t:|1776094486
|move|p2a: Thundurus|Volt Switch|p1a: Hatterene
|-damage|p1a: Hatterene|0 fnt
|faint|p1a: Hatterene
|
|t:|1776094490
|switch|p2a: Ogerpon|Ogerpon-Wellspring, F|100/100|[from] Volt Switch
|
|upkeep
|
|t:|1776094496
|switch|p1a: Dragonite|Dragonite, F, tera:Normal|99/100
|turn|34
|
|t:|1776094501
|move|p2a: Ogerpon|Ivy Cudgel|p1a: Dragonite|[anim] Ivy Cudgel Water
|-damage|p1a: Dragonite|30/100
|move|p1a: Dragonite|Dragon Dance|p1a: Dragonite
|-boost|p1a: Dragonite|atk|1
|-boost|p1a: Dragonite|spe|1
|
|upkeep
|turn|35
|
|t:|1776094506
|move|p1a: Dragonite|Extreme Speed|p2a: Ogerpon
|-damage|p2a: Ogerpon|15/100
|move|p2a: Ogerpon|Ivy Cudgel|p1a: Dragonite|[anim] Ivy Cudgel Water
|-damage|p1a: Dragonite|0 fnt
|faint|p1a: Dragonite
|
|upkeep
|
|t:|1776094517
|switch|p1a: Cinccino|Cinccino, M|100/100
|turn|36
|
|t:|1776094521
|switch|p2a: Orthworm|Orthworm, M|100/100
|move|p1a: Cinccino|U-turn|p2a: Orthworm
|-resisted|p2a: Orthworm
|-crit|p2a: Orthworm
|-damage|p2a: Orthworm|91/100
|
|t:|1776094527
|switch|p1a: Glimmora|Glimmora, M|100/100|[from] U-turn
|
|-heal|p2a: Orthworm|97/100|[from] item: Leftovers
|upkeep
|turn|37
|
|t:|1776094530
|move|p1a: Glimmora|Power Gem|p2a: Orthworm
|-resisted|p2a: Orthworm
|-damage|p2a: Orthworm|73/100
|move|p2a: Orthworm|Spikes|p1a: Glimmora
|-sidestart|p1: jessies boyfriend|Spikes
|
|-heal|p2a: Orthworm|80/100|[from] item: Leftovers
|upkeep
|turn|38
|
|t:|1776094534
|move|p1a: Glimmora|Power Gem|p2a: Orthworm
|-resisted|p2a: Orthworm
|-damage|p2a: Orthworm|58/100
|move|p2a: Orthworm|Iron Defense|p2a: Orthworm
|-boost|p2a: Orthworm|def|2
|
|-heal|p2a: Orthworm|64/100|[from] item: Leftovers
|upkeep
|turn|39
|
|t:|1776094545
|move|p1a: Glimmora|Power Gem|p2a: Orthworm
|-resisted|p2a: Orthworm
|-damage|p2a: Orthworm|39/100
|move|p2a: Orthworm|Body Press|p1a: Glimmora
|-damage|p1a: Glimmora|50/100
|-activate|p1a: Glimmora|ability: Toxic Debris
|-sidestart|p2: TOXICccccccccccccc|move: Toxic Spikes
|
|-heal|p2a: Orthworm|45/100|[from] item: Leftovers
|upkeep
|turn|40
|
|t:|1776094551
|move|p1a: Glimmora|Power Gem|p2a: Orthworm
|-resisted|p2a: Orthworm
|-damage|p2a: Orthworm|20/100
|move|p2a: Orthworm|Body Press|p1a: Glimmora
|-damage|p1a: Glimmora|0 fnt
|-activate|p1a: Glimmora|ability: Toxic Debris
|-sidestart|p2: TOXICccccccccccccc|move: Toxic Spikes
|faint|p1a: Glimmora
|
|-heal|p2a: Orthworm|26/100|[from] item: Leftovers
|upkeep
|
|t:|1776094552
|switch|p1a: Cinccino|Cinccino, M|100/100
|-damage|p1a: Cinccino|88/100|[from] Spikes
|turn|41
|
|t:|1776094556
|move|p1a: Cinccino|Rock Blast|p2a: Orthworm
|-resisted|p2a: Orthworm
|-damage|p2a: Orthworm|24/100
|-resisted|p2a: Orthworm
|-damage|p2a: Orthworm|22/100
|-resisted|p2a: Orthworm
|-damage|p2a: Orthworm|20/100
|-resisted|p2a: Orthworm
|-damage|p2a: Orthworm|18/100
|-hitcount|p2a: Orthworm|4
|move|p2a: Orthworm|Body Press|p1a: Cinccino
|-supereffective|p1a: Cinccino
|-damage|p1a: Cinccino|0 fnt
|faint|p1a: Cinccino
|
|win|TOXICccccccccccccc
|raw|jessies boyfriend's rating: 1389 &rarr; <strong>1368</strong><br />(-21 for losing)
|raw|TOXICccccccccccccc's rating: 1368 &rarr; <strong>1389</strong><br />(+21 for winning)
|l|☆jessies boyfriend
|player|p1|
|l|☆TOXICccccccccccccc
|player|p2|
