|html|<div class="broadcast-blue"><strong>[Gen 9] OU is currently suspecting Tera Blast! For information on how to participate check out the <a href="https://www.smogon.com/tools/suspects/view/200">suspect thread</a>.</strong></div>
|j|☆Pig Perfect
|j|☆chungus mcchungus
|t:|1776033949
|gametype|singles
|player|p1|Pig Perfect|workerice|1609
|player|p2|chungus mcchungus|sage|1622
|gen|9
|tier|[Gen 9] OU
|rated|
|rule|HP Percentage Mod: HP is shown in percentages
|rule|Endless Battle Clause: Forcing endless battles is banned
|rule|Species Clause: Limit one of each Pokémon
|rule|OHKO Clause: OHKO moves are banned
|rule|Evasion Items Clause: Evasion items are banned
|rule|Evasion Moves Clause: Evasion moves are banned
|rule|Evasion Abilities Clause: Evasion abilities are banned
|rule|Sleep Moves Clause: Sleep-inducing moves are banned
|clearpoke
|poke|p1|Iron Leaves|
|poke|p1|Iron Treads|
|poke|p1|Kingambit, M|
|poke|p1|Pawmot, F|
|poke|p1|Pincurchin, M|
|poke|p1|Raging Bolt|
|poke|p2|Skarmory, F|
|poke|p2|Ting-Lu|
|poke|p2|Zamazenta-*|
|poke|p2|Pecharunt|
|poke|p2|Clefable, F|
|poke|p2|Walking Wake|
|teampreview
|inactive|Battle timer is ON: inactive players will automatically lose when time's up. (requested by chungus mcchungus)
|
|t:|1776033972
|teamsize|p1|6
|teamsize|p2|6
|start
|switch|p1a: Sew What?|Pincurchin, M|100/100
|switch|p2a: Clefable|Clefable, F|100/100
|-fieldstart|move: Electric Terrain|[from] ability: Electric Surge|[of] p1a: Sew What?
|turn|1
|inactive|chungus mcchungus has 120 seconds left.
|
|t:|1776034028
|move|p2a: Clefable|Knock Off|p1a: Sew What?
|-damage|p1a: Sew What?|87/100
|-enditem|p1a: Sew What?|Terrain Extender|[from] move: Knock Off|[of] p2a: Clefable
|move|p1a: Sew What?|Spikes|p2a: Clefable
|-sidestart|p2: chungus mcchungus|Spikes
|
|upkeep
|turn|2
|
|t:|1776034036
|switch|p1a: Iron Trunk|Iron Treads|100/100
|-item|p1a: Iron Trunk|Air Balloon
|-activate|p1a: Iron Trunk|ability: Quark Drive
|-start|p1a: Iron Trunk|quarkdrivespe
|move|p2a: Clefable|Calm Mind|p2a: Clefable
|-boost|p2a: Clefable|spa|1
|-boost|p2a: Clefable|spd|1
|
|upkeep
|turn|3
|
|t:|1776034041
|switch|p2a: Ting-Lu|Ting-Lu|100/100
|-damage|p2a: Ting-Lu|88/100|[from] Spikes
|-ability|p2a: Ting-Lu|Vessel of Ruin
|move|p1a: Iron Trunk|Stealth Rock|p2a: Ting-Lu
|-sidestart|p2: chungus mcchungus|move: Stealth Rock
|
|-heal|p2a: Ting-Lu|94/100|[from] item: Leftovers
|upkeep
|turn|4
|
|t:|1776034070
|-end|p1a: Iron Trunk|Quark Drive|[silent]
|switch|p1a: *Leaves Game*|Iron Leaves|100/100
|-activate|p1a: *Leaves Game*|ability: Quark Drive
|-start|p1a: *Leaves Game*|quarkdriveatk
|move|p2a: Ting-Lu|Ruination|p1a: *Leaves Game*
|-damage|p1a: *Leaves Game*|51/100
|
|-heal|p2a: Ting-Lu|100/100|[from] item: Leftovers
|upkeep
|turn|5
|
|t:|1776034076
|switch|p2a: Skarmory|Skarmory, F|100/100
|-damage|p2a: Skarmory|88/100|[from] Stealth Rock
|move|p1a: *Leaves Game*|Sacred Sword|p2a: Skarmory
|-damage|p2a: Skarmory|63/100
|-damage|p1a: *Leaves Game*|34/100|[from] item: Rocky Helmet|[of] p2a: Skarmory
|
|upkeep
|turn|6
|
|t:|1776034086
|-end|p1a: *Leaves Game*|Quark Drive|[silent]
|switch|p1a: Peak-Chu|Pawmot, F|100/100
|move|p2a: Skarmory|Roost|p2a: Skarmory
|-heal|p2a: Skarmory|100/100
|-singleturn|p2a: Skarmory|move: Roost
|
|upkeep
|turn|7
|
|t:|1776034092
|switch|p2a: Pecharunt|Pecharunt|100/100
|move|p1a: Peak-Chu|Ice Punch|p2a: Pecharunt
|-damage|p2a: Pecharunt|86/100
|
|upkeep
|turn|8
|
|t:|1776034099
|move|p1a: Peak-Chu|Double Shock|p2a: Pecharunt
|-damage|p2a: Pecharunt|51/100
|-start|p1a: Peak-Chu|typechange|???/Fighting|[from] move: Double Shock
|move|p2a: Pecharunt|Malignant Chain|p1a: Peak-Chu
|-damage|p1a: Peak-Chu|40/100
|-status|p1a: Peak-Chu|tox
|-start|p1a: Peak-Chu|confusion|[from] ability: Poison Puppeteer|[of] p2a: Pecharunt
|
|-damage|p1a: Peak-Chu|34/100 tox|[from] psn
|-fieldend|move: Electric Terrain
|upkeep
|turn|9
|
|t:|1776034107
|switch|p1a: Iron Trunk|Iron Treads|100/100
|-item|p1a: Iron Trunk|Air Balloon
|move|p2a: Pecharunt|Recover|p2a: Pecharunt
|-heal|p2a: Pecharunt|100/100
|
|upkeep
|turn|10
|
|t:|1776034112
|switch|p2a: Skarmory|Skarmory, F|100/100
|-damage|p2a: Skarmory|88/100|[from] Stealth Rock
|move|p1a: Iron Trunk|Earth Power|p2a: Skarmory
|-immune|p2a: Skarmory
|
|upkeep
|turn|11
|
|t:|1776034118
|-end|p1a: Iron Trunk|Quark Drive|[silent]
|switch|p1a: Sew What?|Pincurchin, M|87/100
|-fieldstart|move: Electric Terrain|[from] ability: Electric Surge|[of] p1a: Sew What?
|move|p2a: Skarmory|Brave Bird|p1a: Sew What?
|-resisted|p1a: Sew What?
|-damage|p1a: Sew What?|73/100
|-damage|p2a: Skarmory|84/100|[from] Recoil
|
|upkeep
|turn|12
|
|t:|1776034124
|switch|p2a: Ting-Lu|Ting-Lu|100/100
|-damage|p2a: Ting-Lu|88/100|[from] Spikes
|-damage|p2a: Ting-Lu|82/100|[from] Stealth Rock
|-ability|p2a: Ting-Lu|Vessel of Ruin
|move|p1a: Sew What?|Scald|p2a: Ting-Lu
|-supereffective|p2a: Ting-Lu
|-damage|p2a: Ting-Lu|67/100
|
|-heal|p2a: Ting-Lu|73/100|[from] item: Leftovers
|upkeep
|turn|13
|
|t:|1776034151
|switch|p1a: *Leaves Game*|Iron Leaves|34/100
|-activate|p1a: *Leaves Game*|ability: Quark Drive
|-start|p1a: *Leaves Game*|quarkdriveatk
|move|p2a: Ting-Lu|Stealth Rock|p1a: *Leaves Game*
|-sidestart|p1: Pig Perfect|move: Stealth Rock
|
|-heal|p2a: Ting-Lu|79/100|[from] item: Leftovers
|upkeep
|turn|14
|
|t:|1776034158
|switch|p2a: Skarmory|Skarmory, F|84/100
|-damage|p2a: Skarmory|72/100|[from] Stealth Rock
|move|p1a: *Leaves Game*|Sacred Sword|p2a: Skarmory
|-damage|p2a: Skarmory|46/100
|-damage|p1a: *Leaves Game*|18/100|[from] item: Rocky Helmet|[of] p2a: Skarmory
|
|upkeep
|turn|15
|
|t:|1776034175
|-end|p1a: *Leaves Game*|Quark Drive|[silent]
|switch|p1a: Peak-Chu|Pawmot, F|34/100 tox
|-damage|p1a: Peak-Chu|28/100 tox|[from] Stealth Rock
|move|p2a: Skarmory|Whirlwind|p1a: Peak-Chu
|drag|p1a: Necky's Nuts|Raging Bolt|100/100
|-damage|p1a: Necky's Nuts|88/100|[from] Stealth Rock
|-enditem|p1a: Necky's Nuts|Booster Energy
|-activate|p1a: Necky's Nuts|ability: Protosynthesis|[fromitem]
|-start|p1a: Necky's Nuts|protosynthesisspa
|
|-fieldend|move: Electric Terrain
|upkeep
|turn|16
|
|t:|1776034186
|switch|p2a: Ting-Lu|Ting-Lu|79/100
|-damage|p2a: Ting-Lu|67/100|[from] Spikes
|-damage|p2a: Ting-Lu|61/100|[from] Stealth Rock
|-ability|p2a: Ting-Lu|Vessel of Ruin
|move|p1a: Necky's Nuts|Dragon Pulse|p2a: Ting-Lu
|-damage|p2a: Ting-Lu|32/100
|
|-heal|p2a: Ting-Lu|38/100|[from] item: Leftovers
|upkeep
|turn|17
|
|t:|1776034200
|move|p1a: Necky's Nuts|Dragon Pulse|p2a: Ting-Lu
|-damage|p2a: Ting-Lu|13/100
|move|p2a: Ting-Lu|Ruination|p1a: Necky's Nuts
|-damage|p1a: Necky's Nuts|44/100
|
|-heal|p2a: Ting-Lu|19/100|[from] item: Leftovers
|upkeep
|turn|18
|
|t:|1776034209
|move|p1a: Necky's Nuts|Dragon Pulse|p2a: Ting-Lu
|-damage|p2a: Ting-Lu|0 fnt
|faint|p2a: Ting-Lu
|
|upkeep
|
|t:|1776034212
|switch|p2a: Clefable|Clefable, F|100/100
|turn|19
|inactive|Pig Perfect has 120 seconds left.
|
|t:|1776034243
|move|p1a: Necky's Nuts|Rising Voltage|p2a: Clefable
|-damage|p2a: Clefable|52/100
|move|p2a: Clefable|Moonblast|p1a: Necky's Nuts
|-supereffective|p1a: Necky's Nuts
|-damage|p1a: Necky's Nuts|0 fnt
|faint|p1a: Necky's Nuts
|-end|p1a: Necky's Nuts|Protosynthesis|[silent]
|
|-heal|p2a: Clefable|58/100|[from] item: Leftovers
|upkeep
|inactive|Pig Perfect has 120 seconds left.
|
|t:|1776034257
|switch|p1a: Iron Trunk|Iron Treads|100/100
|-damage|p1a: Iron Trunk|97/100|[from] Stealth Rock
|-item|p1a: Iron Trunk|Air Balloon
|turn|20
|inactive|Pig Perfect has 120 seconds left.
|
|t:|1776034277
|move|p1a: Iron Trunk|Steel Beam|p2a: Clefable
|-supereffective|p2a: Clefable
|-damage|p2a: Clefable|0 fnt
|-damage|p1a: Iron Trunk|47/100|[from] steelbeam
|faint|p2a: Clefable
|
|upkeep
|
|t:|1776034282
|switch|p2a: Walking Wake|Walking Wake|100/100
|turn|21
|inactive|Pig Perfect has 120 seconds left.
|
|t:|1776034307
|-end|p1a: Iron Trunk|Quark Drive|[silent]
|switch|p1a: Sew What?|Pincurchin, M|73/100
|-damage|p1a: Sew What?|61/100|[from] Stealth Rock
|-fieldstart|move: Electric Terrain|[from] ability: Electric Surge|[of] p1a: Sew What?
|move|p2a: Walking Wake|Surf|p1a: Sew What?
|-damage|p1a: Sew What?|5/100
|
|upkeep
|turn|22
|
|t:|1776034328
|move|p2a: Walking Wake|Surf|p1a: Sew What?
|-damage|p1a: Sew What?|0 fnt
|faint|p1a: Sew What?
|
|upkeep
|inactive|Pig Perfect has 90 seconds left.
|
|t:|1776034338
|switch|p1a: *Leaves Game*|Iron Leaves|18/100
|-damage|p1a: *Leaves Game*|5/100|[from] Stealth Rock
|-activate|p1a: *Leaves Game*|ability: Quark Drive
|-start|p1a: *Leaves Game*|quarkdriveatk
|turn|23
|
|t:|1776034344
|move|p2a: Walking Wake|Knock Off|p1a: *Leaves Game*
|-supereffective|p1a: *Leaves Game*
|-damage|p1a: *Leaves Game*|0 fnt
|-enditem|p1a: *Leaves Game*|Assault Vest|[from] move: Knock Off|[of] p2a: Walking Wake
|faint|p1a: *Leaves Game*
|-end|p1a: *Leaves Game*|Quark Drive|[silent]
|
|upkeep
|inactive|Pig Perfect has 90 seconds left.
|
|t:|1776034375
|switch|p1a: So ein Mist!|Kingambit, M|100/100
|-damage|p1a: So ein Mist!|94/100|[from] Stealth Rock
|-activate|p1a: So ein Mist!|ability: Supreme Overlord
|-start|p1a: So ein Mist!|fallen3|[silent]
|turn|24
|j| Vicillo03
|
|t:|1776034381
|-end|p2a: Walking Wake|Protosynthesis|[silent]
|switch|p2a: Skarmory|Skarmory, F|46/100
|-damage|p2a: Skarmory|33/100|[from] Stealth Rock
|move|p1a: So ein Mist!|Low Kick|p2a: Skarmory
|-damage|p2a: Skarmory|10/100
|-damage|p1a: So ein Mist!|78/100|[from] item: Rocky Helmet|[of] p2a: Skarmory
|
|-heal|p1a: So ein Mist!|84/100|[from] item: Leftovers
|upkeep
|turn|25
|
|t:|1776034392
|move|p1a: So ein Mist!|Sucker Punch||[still]
|-fail|p1a: So ein Mist!
|move|p2a: Skarmory|Roost|p2a: Skarmory
|-heal|p2a: Skarmory|61/100
|-singleturn|p2a: Skarmory|move: Roost
|
|-heal|p1a: So ein Mist!|90/100|[from] item: Leftovers
|-fieldend|move: Electric Terrain
|upkeep
|turn|26
|
|t:|1776034402
|-terastallize|p1a: So ein Mist!|Ghost
|move|p1a: So ein Mist!|Swords Dance|p1a: So ein Mist!
|-boost|p1a: So ein Mist!|atk|2
|move|p2a: Skarmory|Whirlwind|p1a: So ein Mist!
|-end|p1a: So ein Mist!|fallen3|[silent]
|drag|p1a: Peak-Chu|Pawmot, F|28/100 tox
|-damage|p1a: Peak-Chu|21/100 tox|[from] Stealth Rock
|
|-damage|p1a: Peak-Chu|15/100 tox|[from] psn
|upkeep
|turn|27
|
|t:|1776034414
|switch|p2a: Pecharunt|Pecharunt|100/100
|move|p1a: Peak-Chu|Double Shock|p2a: Pecharunt
|-damage|p2a: Pecharunt|74/100
|-start|p1a: Peak-Chu|typechange|???/Fighting|[from] move: Double Shock
|
|-damage|p1a: Peak-Chu|3/100 tox|[from] psn
|upkeep
|turn|28
|
|t:|1776034422
|move|p1a: Peak-Chu|Revival Blessing|p1a: Peak-Chu
|-enditem|p1a: Peak-Chu|Leppa Berry|[eat]
|-activate|p1a: Peak-Chu|item: Leppa Berry|Revival Blessing|[consumed]
|inactive|Pig Perfect has 90 seconds left.
|
|t:|1776034442
|-heal|p1: Necky's Nuts|50/100|[from] move: Revival Blessing
|move|p2a: Pecharunt|Parting Shot|p1a: Peak-Chu
|-unboost|p1a: Peak-Chu|atk|1
|-unboost|p1a: Peak-Chu|spa|1
|l| Vicillo03
|
|t:|1776034451
|switch|p2a: Walking Wake|Walking Wake|100/100|[from] Parting Shot
|
|-damage|p1a: Peak-Chu|0 fnt|[from] psn
|faint|p1a: Peak-Chu
|upkeep
|
|t:|1776034462
|switch|p1a: So ein Mist!|Kingambit, M, tera:Ghost|90/100
|-damage|p1a: So ein Mist!|78/100|[from] Stealth Rock
|-activate|p1a: So ein Mist!|ability: Supreme Overlord
|-start|p1a: So ein Mist!|fallen4|[silent]
|turn|29
|
|t:|1776034473
|move|p2a: Walking Wake|Flip Turn|p1a: So ein Mist!
|-damage|p1a: So ein Mist!|66/100
|
|t:|1776034477
|-end|p2a: Walking Wake|Protosynthesis|[silent]
|switch|p2a: Skarmory|Skarmory, F|61/100|[from] Flip Turn
|-damage|p2a: Skarmory|48/100|[from] Stealth Rock
|move|p1a: So ein Mist!|Low Kick|p2a: Skarmory
|-damage|p2a: Skarmory|22/100
|-damage|p1a: So ein Mist!|49/100|[from] item: Rocky Helmet|[of] p2a: Skarmory
|
|-heal|p1a: So ein Mist!|55/100|[from] item: Leftovers
|upkeep
|turn|30
|inactive|Pig Perfect has 90 seconds left.
|
|t:|1776034500
|move|p2a: Skarmory|Roost|p2a: Skarmory
|-heal|p2a: Skarmory|72/100
|-singleturn|p2a: Skarmory|move: Roost
|move|p1a: So ein Mist!|Low Kick|p2a: Skarmory
|-supereffective|p2a: Skarmory
|-damage|p2a: Skarmory|18/100
|-damage|p1a: So ein Mist!|39/100|[from] item: Rocky Helmet|[of] p2a: Skarmory
|
|-heal|p1a: So ein Mist!|45/100|[from] item: Leftovers
|upkeep
|turn|31
|
|t:|1776034509
|move|p2a: Skarmory|Brave Bird|p1a: So ein Mist!
|-damage|p1a: So ein Mist!|20/100
|-damage|p2a: Skarmory|9/100|[from] Recoil
|move|p1a: So ein Mist!|Swords Dance|p1a: So ein Mist!
|-boost|p1a: So ein Mist!|atk|2
|
|-heal|p1a: So ein Mist!|26/100|[from] item: Leftovers
|upkeep
|turn|32
|
|t:|1776034516
|move|p1a: So ein Mist!|Sucker Punch||[still]
|-fail|p1a: So ein Mist!
|move|p2a: Skarmory|Roost|p2a: Skarmory
|-heal|p2a: Skarmory|59/100
|-singleturn|p2a: Skarmory|move: Roost
|
|-heal|p1a: So ein Mist!|33/100|[from] item: Leftovers
|upkeep
|turn|33
|
|t:|1776034520
|move|p2a: Skarmory|Brave Bird|p1a: So ein Mist!
|-damage|p1a: So ein Mist!|5/100
|-damage|p2a: Skarmory|48/100|[from] Recoil
|move|p1a: So ein Mist!|Swords Dance|p1a: So ein Mist!
|-boost|p1a: So ein Mist!|atk|2
|
|-heal|p1a: So ein Mist!|11/100|[from] item: Leftovers
|upkeep
|turn|34
|
|t:|1776034529
|move|p1a: So ein Mist!|Sucker Punch||[still]
|-fail|p1a: So ein Mist!
|move|p2a: Skarmory|Whirlwind|p1a: So ein Mist!
|-end|p1a: So ein Mist!|fallen4|[silent]
|drag|p1a: Necky's Nuts|Raging Bolt|50/100
|-damage|p1a: Necky's Nuts|38/100|[from] Stealth Rock
|
|upkeep
|turn|35
|
|t:|1776034537
|move|p1a: Necky's Nuts|Calm Mind|p1a: Necky's Nuts
|-boost|p1a: Necky's Nuts|spa|1
|-boost|p1a: Necky's Nuts|spd|1
|move|p2a: Skarmory|Brave Bird|p1a: Necky's Nuts
|-resisted|p1a: Necky's Nuts
|-damage|p1a: Necky's Nuts|21/100
|-damage|p2a: Skarmory|42/100|[from] Recoil
|
|upkeep
|turn|36
|
|t:|1776034542
|move|p1a: Necky's Nuts|Rising Voltage|p2a: Skarmory
|-supereffective|p2a: Skarmory
|-damage|p2a: Skarmory|0 fnt
|faint|p2a: Skarmory
|
|upkeep
|
|t:|1776034547
|switch|p2a: Walking Wake|Walking Wake|100/100
|turn|37
|
|t:|1776034551
|move|p1a: Necky's Nuts|Thunderclap|p2a: Walking Wake
|-damage|p2a: Walking Wake|27/100
|move|p2a: Walking Wake|Surf|p1a: Necky's Nuts
|-resisted|p1a: Necky's Nuts
|-damage|p1a: Necky's Nuts|8/100
|
|upkeep
|turn|38
|
|t:|1776034555
|move|p1a: Necky's Nuts|Thunderclap|p2a: Walking Wake
|-damage|p2a: Walking Wake|0 fnt
|faint|p2a: Walking Wake
|-end|p2a: Walking Wake|Protosynthesis|[silent]
|
|upkeep
|
|t:|1776034558
|switch|p2a: Zamazenta|Zamazenta|100/100
|-ability|p2a: Zamazenta|Dauntless Shield|boost
|-boost|p2a: Zamazenta|def|1
|turn|39
|
|t:|1776034565
|move|p1a: Necky's Nuts|Thunderclap|p2a: Zamazenta
|-damage|p2a: Zamazenta|46/100
|move|p2a: Zamazenta|Crunch|p1a: Necky's Nuts
|-damage|p1a: Necky's Nuts|0 fnt
|faint|p1a: Necky's Nuts
|-end|p1a: Necky's Nuts|Protosynthesis|[silent]
|
|upkeep
|
|t:|1776034568
|switch|p1a: Iron Trunk|Iron Treads|47/100
|-damage|p1a: Iron Trunk|44/100|[from] Stealth Rock
|-item|p1a: Iron Trunk|Air Balloon
|turn|40
|
|t:|1776034573
|move|p2a: Zamazenta|Close Combat|p1a: Iron Trunk
|-supereffective|p1a: Iron Trunk
|-damage|p1a: Iron Trunk|0 fnt
|-unboost|p2a: Zamazenta|def|1
|-unboost|p2a: Zamazenta|spd|1
|-enditem|p1a: Iron Trunk|Air Balloon
|faint|p1a: Iron Trunk
|-end|p1a: Iron Trunk|Quark Drive|[silent]
|
|upkeep
|-message|Pig Perfect forfeited.
|
|win|chungus mcchungus
|raw|Pig Perfect's rating: 1609 &rarr; <strong>1590</strong><br />(-19 for losing)
|raw|chungus mcchungus's rating: 1622 &rarr; <strong>1641</strong><br />(+19 for winning)
|l|☆Pig Perfect
|player|p1|
|l|☆chungus mcchungus
|player|p2|
