|html|<div class="broadcast-blue"><strong>[Gen 9] OU is currently suspecting Tera Blast! For information on how to participate check out the <a href="https://www.smogon.com/tools/suspects/view/200">suspect thread</a>.</strong></div>
|j|☆Nhars
|j|☆vanllesco
|t:|1776032913
|gametype|singles
|player|p1|Nhars|swimmerf-gen4|1216
|player|p2|vanllesco|hilbert|1279
|gen|9
|tier|[Gen 9] OU
|rated|
|rule|HP Percentage Mod: HP is shown in percentages
|rule|Endless Battle Clause: Forcing endless battles is banned
|rule|Species Clause: Limit one of each Pokémon
|rule|OHKO Clause: OHKO moves are banned
|rule|Evasion Items Clause: Evasion items are banned
|rule|Evasion Moves Clause: Evasion moves are banned
|rule|Evasion Abilities Clause: Evasion abilities are banned
|rule|Sleep Moves Clause: Sleep-inducing moves are banned
|clearpoke
|poke|p1|Iron Valiant|
|poke|p1|Pincurchin, M|
|poke|p1|Kingambit, M|
|poke|p1|Alomomola, M|
|poke|p1|Landorus-Therian, M|
|poke|p1|Wo-Chien|
|poke|p2|Samurott-Hisui, M|
|poke|p2|Corviknight, M|
|poke|p2|Hatterene, F|
|poke|p2|Umbreon, F|
|poke|p2|Toxtricity-Low-Key, M|
|poke|p2|Garchomp, M|
|teampreview
|
|t:|1776032932
|teamsize|p1|6
|teamsize|p2|6
|start
|switch|p1a: Wo-Chien|Wo-Chien|100/100
|switch|p2a: Zachill|Garchomp, M|100/100
|-ability|p1a: Wo-Chien|Tablets of Ruin
|turn|1
|l|☆vanllesco
|player|p2|
|j|☆vanllesco
|player|p2|vanllesco|hilbert|
|
|t:|1776032967
|switch|p2a: Morin|Umbreon, F, shiny|100/100
|move|p1a: Wo-Chien|Reflect|p1a: Wo-Chien
|-sidestart|p1: Nhars|Reflect
|
|upkeep
|turn|2
|
|t:|1776032973
|move|p1a: Wo-Chien|Leech Seed|p2a: Morin
|-start|p2a: Morin|move: Leech Seed
|move|p2a: Morin|Thunder Wave|p1a: Wo-Chien
|-status|p1a: Wo-Chien|par
|
|-damage|p2a: Morin|88/100|[from] Leech Seed|[of] p1a: Wo-Chien
|upkeep
|turn|3
|
|t:|1776032981
|switch|p2a: BIRD|Corviknight, M|100/100
|move|p1a: Wo-Chien|Light Screen|p1a: Wo-Chien
|-sidestart|p1: Nhars|move: Light Screen
|
|upkeep
|turn|4
|
|t:|1776032986
|move|p2a: BIRD|Defog|p1a: Wo-Chien
|-unboost|p1a: Wo-Chien|evasion|1
|-sideend|p1: Nhars|Reflect
|-sideend|p1: Nhars|move: Light Screen
|cant|p1a: Wo-Chien|par
|
|upkeep
|turn|5
|
|t:|1776032991
|move|p2a: BIRD|Brave Bird|p1a: Wo-Chien
|-supereffective|p1a: Wo-Chien
|-damage|p1a: Wo-Chien|58/100 par
|-damage|p2a: BIRD|87/100|[from] Recoil
|move|p1a: Wo-Chien|Knock Off|p2a: BIRD
|-damage|p2a: BIRD|70/100
|-damage|p1a: Wo-Chien|42/100 par|[from] item: Rocky Helmet|[of] p2a: BIRD
|-enditem|p2a: BIRD|Rocky Helmet|[from] move: Knock Off|[of] p1a: Wo-Chien
|
|-heal|p1a: Wo-Chien|48/100 par|[from] item: Leftovers
|upkeep
|turn|6
|
|t:|1776033007
|switch|p1a: Pincurchin|Pincurchin, M|100/100
|-fieldstart|move: Electric Terrain|[from] ability: Electric Surge|[of] p1a: Pincurchin
|move|p2a: BIRD|U-turn|p1a: Pincurchin
|-damage|p1a: Pincurchin|88/100
|
|t:|1776033012
|switch|p2a: Zachill|Garchomp, M|100/100|[from] U-turn
|
|upkeep
|turn|7
|
|t:|1776033028
|switch|p1a: Landorus|Landorus-Therian, M|100/100
|-ability|p1a: Landorus|Intimidate|boost
|-unboost|p2a: Zachill|atk|1
|move|p2a: Zachill|Swords Dance|p2a: Zachill
|-boost|p2a: Zachill|atk|2
|
|upkeep
|turn|8
|
|t:|1776033041
|move|p2a: Zachill|Iron Head|p1a: Landorus
|-damage|p1a: Landorus|60/100
|-damage|p2a: Zachill|84/100|[from] item: Rocky Helmet|[of] p1a: Landorus
|move|p1a: Landorus|Stealth Rock|p2a: Zachill
|-sidestart|p2: vanllesco|move: Stealth Rock
|
|upkeep
|turn|9
|
|t:|1776033053
|switch|p1a: Wo-Chien|Wo-Chien|48/100 par
|-ability|p1a: Wo-Chien|Tablets of Ruin
|move|p2a: Zachill|Scale Shot|p1a: Wo-Chien
|-damage|p1a: Wo-Chien|37/100 par
|-damage|p1a: Wo-Chien|26/100 par
|-damage|p1a: Wo-Chien|16/100 par
|-damage|p1a: Wo-Chien|6/100 par
|-damage|p1a: Wo-Chien|0 fnt
|faint|p1a: Wo-Chien
|-hitcount|p1: Wo-Chien|5
|-unboost|p2a: Zachill|def|1
|-boost|p2a: Zachill|spe|1
|
|upkeep
|
|t:|1776033067
|switch|p1a: Iron Valiant|Iron Valiant|100/100
|-activate|p1a: Iron Valiant|ability: Quark Drive
|-start|p1a: Iron Valiant|quarkdrivespa
|turn|10
|
|t:|1776033077
|move|p2a: Zachill|Iron Head|p1a: Iron Valiant
|-supereffective|p1a: Iron Valiant
|-damage|p1a: Iron Valiant|0 fnt
|faint|p1a: Iron Valiant
|-end|p1a: Iron Valiant|Quark Drive|[silent]
|
|upkeep
|-message|Nhars forfeited.
|
|win|vanllesco
|raw|Nhars's rating: 1216 &rarr; <strong>1195</strong><br />(-21 for losing)
|raw|vanllesco's rating: 1279 &rarr; <strong>1300</strong><br />(+21 for winning)
|l|☆Nhars
|player|p1|
