|html|<div class="broadcast-blue"><strong>[Gen 9] OU is currently suspecting Tera Blast! For information on how to participate check out the <a href="https://www.smogon.com/tools/suspects/view/200">suspect thread</a>.</strong></div>
|j|☆Spwert
|j|☆mathismathin
|t:|1776123790
|gametype|singles
|player|p1|Spwert|yellow|1575
|player|p2|mathismathin|bugsy-masters|1599
|gen|9
|tier|[Gen 9] OU
|rated|
|rule|HP Percentage Mod: HP is shown in percentages
|rule|Endless Battle Clause: Forcing endless battles is banned
|rule|Species Clause: Limit one of each Pokémon
|rule|OHKO Clause: OHKO moves are banned
|rule|Evasion Items Clause: Evasion items are banned
|rule|Evasion Moves Clause: Evasion moves are banned
|rule|Evasion Abilities Clause: Evasion abilities are banned
|rule|Sleep Moves Clause: Sleep-inducing moves are banned
|clearpoke
|poke|p1|Dragapult, M|
|poke|p1|Moltres|
|poke|p1|Ogerpon-Wellspring, F|
|poke|p1|Great Tusk|
|poke|p1|Kingambit, M|
|poke|p1|Ting-Lu|
|poke|p2|Ribombee, F|
|poke|p2|Zarude-Dada|
|poke|p2|Lycanroc-Dusk, F|
|poke|p2|Gholdengo|
|poke|p2|Iron Valiant|
|poke|p2|Glimmora, M|
|teampreview
|
|t:|1776123797
|teamsize|p1|6
|teamsize|p2|6
|start
|switch|p1a: Moltres|Moltres|100/100
|switch|p2a: Ribombee|Ribombee, F|100/100
|turn|1
|
|t:|1776123839
|move|p2a: Ribombee|Sticky Web|p1a: Moltres
|-sidestart|p1: Spwert|move: Sticky Web
|move|p1a: Moltres|Flamethrower|p2a: Ribombee
|-supereffective|p2a: Ribombee
|-enditem|p2a: Ribombee|Focus Sash
|-damage|p2a: Ribombee|1/100
|
|upkeep
|turn|2
|
|t:|1776123843
|move|p2a: Ribombee|Moonblast|p1a: Moltres
|-resisted|p1a: Moltres
|-damage|p1a: Moltres|82/100
|move|p1a: Moltres|U-turn|p2a: Ribombee
|-resisted|p2a: Ribombee
|-damage|p2a: Ribombee|0 fnt
|faint|p2a: Ribombee
|
|t:|1776123847
|switch|p1a: Great Tusk|Great Tusk|100/100|[from] U-turn
|
|upkeep
|
|t:|1776123864
|switch|p2a: Iron Valiant|Iron Valiant|100/100
|-enditem|p2a: Iron Valiant|Booster Energy
|-activate|p2a: Iron Valiant|ability: Quark Drive|[fromitem]
|-start|p2a: Iron Valiant|quarkdrivespa
|turn|3
|j| Sprakenheit
|
|t:|1776123880
|-end|p1a: Great Tusk|Protosynthesis|[silent]
|switch|p1a: Moltres|Moltres|82/100
|move|p2a: Iron Valiant|Moonblast|p1a: Moltres
|-resisted|p1a: Moltres
|-damage|p1a: Moltres|48/100
|-unboost|p1a: Moltres|spa|1
|
|upkeep
|turn|4
|
|t:|1776123900
|move|p2a: Iron Valiant|Calm Mind|p2a: Iron Valiant
|-boost|p2a: Iron Valiant|spa|1
|-boost|p2a: Iron Valiant|spd|1
|move|p1a: Moltres|Roost|p1a: Moltres
|-heal|p1a: Moltres|98/100
|-singleturn|p1a: Moltres|move: Roost
|
|upkeep
|turn|5
|
|t:|1776123907
|-terastallize|p1a: Moltres|Fairy
|move|p2a: Iron Valiant|Shadow Ball|p1a: Moltres
|-damage|p1a: Moltres|39/100
|-unboost|p1a: Moltres|spd|1
|move|p1a: Moltres|Roar|p2a: Iron Valiant
|-end|p2a: Iron Valiant|Quark Drive|[silent]
|drag|p2a: Zarude|Zarude-Dada|100/100
|
|upkeep
|turn|6
|
|t:|1776123913
|move|p2a: Zarude|Power Whip|p1a: Moltres
|-damage|p1a: Moltres|0 fnt
|-status|p2a: Zarude|brn|[from] ability: Flame Body|[of] p1a: Moltres
|faint|p1a: Moltres
|-damage|p2a: Zarude|91/100 brn|[from] item: Life Orb
|
|-damage|p2a: Zarude|85/100 brn|[from] brn
|upkeep
|
|t:|1776123916
|switch|p1a: Great Tusk|Great Tusk|100/100
|turn|7
|
|t:|1776123918
|switch|p2a: Gholdengo|Gholdengo|100/100
|-item|p2a: Gholdengo|Air Balloon
|move|p1a: Great Tusk|Ice Spinner|p2a: Gholdengo
|-resisted|p2a: Gholdengo
|-damage|p2a: Gholdengo|86/100
|-enditem|p2a: Gholdengo|Air Balloon
|
|upkeep
|turn|8
|
|t:|1776123933
|move|p1a: Great Tusk|Headlong Rush|p2a: Gholdengo
|-supereffective|p2a: Gholdengo
|-damage|p2a: Gholdengo|0 fnt
|-unboost|p1a: Great Tusk|def|1
|-unboost|p1a: Great Tusk|spd|1
|faint|p2a: Gholdengo
|
|upkeep
|
|t:|1776123938
|switch|p2a: Iron Valiant|Iron Valiant|100/100
|turn|9
|
|t:|1776123946
|move|p2a: Iron Valiant|Moonblast|p1a: Great Tusk
|-supereffective|p1a: Great Tusk
|-damage|p1a: Great Tusk|0 fnt
|faint|p1a: Great Tusk
|-end|p1a: Great Tusk|Protosynthesis|[silent]
|
|upkeep
|
|t:|1776123953
|switch|p1a: Ogerpon|Ogerpon-Wellspring, F|100/100
|-activate|p1a: Ogerpon|move: Sticky Web
|-unboost|p1a: Ogerpon|spe|1
|turn|10
|
|t:|1776123958
|move|p2a: Iron Valiant|Moonblast|p1a: Ogerpon
|-damage|p1a: Ogerpon|39/100
|-unboost|p1a: Ogerpon|spa|1
|move|p1a: Ogerpon|Ivy Cudgel|p2a: Iron Valiant|[anim] Ivy Cudgel Water
|-damage|p2a: Iron Valiant|20/100
|
|upkeep
|turn|11
|
|t:|1776123961
|move|p2a: Iron Valiant|Moonblast|p1a: Ogerpon
|-damage|p1a: Ogerpon|0 fnt
|faint|p1a: Ogerpon
|
|upkeep
|
|t:|1776123964
|switch|p1a: Ting-Lu|Ting-Lu|100/100
|-activate|p1a: Ting-Lu|move: Sticky Web
|-unboost|p1a: Ting-Lu|spe|1
|-ability|p1a: Ting-Lu|Vessel of Ruin
|turn|12
|
|t:|1776123972
|move|p2a: Iron Valiant|Moonblast|p1a: Ting-Lu
|-supereffective|p1a: Ting-Lu
|-damage|p1a: Ting-Lu|55/100
|move|p1a: Ting-Lu|Earthquake|p2a: Iron Valiant
|-damage|p2a: Iron Valiant|0 fnt
|faint|p2a: Iron Valiant
|-end|p2a: Iron Valiant|Quark Drive|[silent]
|
|-heal|p1a: Ting-Lu|61/100|[from] item: Leftovers
|upkeep
|
|t:|1776123976
|switch|p2a: Lycanroc|Lycanroc-Dusk, F|100/100
|turn|13
|
|t:|1776123981
|move|p2a: Lycanroc|Close Combat|p1a: Ting-Lu
|-supereffective|p1a: Ting-Lu
|-damage|p1a: Ting-Lu|0 fnt
|-unboost|p2a: Lycanroc|def|1
|-unboost|p2a: Lycanroc|spd|1
|faint|p1a: Ting-Lu
|-damage|p2a: Lycanroc|91/100|[from] item: Life Orb
|
|upkeep
|
|t:|1776123986
|switch|p1a: Dragapult|Dragapult, M|100/100
|turn|14
|
|t:|1776123990
|switch|p2a: Zarude|Zarude-Dada|85/100 brn
|move|p1a: Dragapult|Dragon Darts|p2a: Zarude
|-damage|p2a: Zarude|64/100 brn
|-anim|p1a: Dragapult|Dragon Darts|p2a: Zarude
|-damage|p2a: Zarude|46/100 brn
|
|-damage|p2a: Zarude|40/100 brn|[from] brn
|upkeep
|turn|15
|
|t:|1776123992
|move|p1a: Dragapult|Dragon Darts|p2a: Zarude
|-damage|p2a: Zarude|20/100 brn
|-anim|p1a: Dragapult|Dragon Darts|p2a: Zarude
|-damage|p2a: Zarude|2/100 brn
|move|p2a: Zarude|Knock Off|p1a: Dragapult
|-supereffective|p1a: Dragapult
|-damage|p1a: Dragapult|21/100
|-enditem|p1a: Dragapult|Heavy-Duty Boots|[from] move: Knock Off|[of] p2a: Zarude
|-damage|p2a: Zarude|0 fnt|[from] item: Life Orb
|faint|p2a: Zarude
|
|upkeep
|
|t:|1776123997
|switch|p2a: Glimmora|Glimmora, M|100/100
|turn|16
|
|t:|1776123999
|move|p1a: Dragapult|Dragon Darts|p2a: Glimmora
|-damage|p2a: Glimmora|77/100
|-activate|p2a: Glimmora|ability: Toxic Debris
|-sidestart|p1: Spwert|move: Toxic Spikes
|-anim|p1a: Dragapult|Dragon Darts|p2a: Glimmora
|-damage|p2a: Glimmora|54/100
|-activate|p2a: Glimmora|ability: Toxic Debris
|-sidestart|p1: Spwert|move: Toxic Spikes
|move|p2a: Glimmora|Meteor Beam||[still]
|-prepare|p2a: Glimmora|Meteor Beam
|-boost|p2a: Glimmora|spa|1
|-enditem|p2a: Glimmora|Power Herb
|-anim|p2a: Glimmora|Meteor Beam|p1a: Dragapult
|-damage|p1a: Dragapult|0 fnt
|faint|p1a: Dragapult
|
|upkeep
|
|t:|1776124001
|switch|p1a: Kingambit|Kingambit, M|100/100
|-activate|p1a: Kingambit|move: Sticky Web
|-unboost|p1a: Kingambit|spe|1
|-activate|p1a: Kingambit|ability: Supreme Overlord
|-start|p1a: Kingambit|fallen5|[silent]
|turn|17
|
|t:|1776124005
|move|p1a: Kingambit|Sucker Punch|p2a: Glimmora
|-crit|p2a: Glimmora
|-damage|p2a: Glimmora|0 fnt
|faint|p2a: Glimmora
|
|upkeep
|
|t:|1776124006
|switch|p2a: Lycanroc|Lycanroc-Dusk, F|91/100
|turn|18
|
|t:|1776124008
|-terastallize|p2a: Lycanroc|Dark
|move|p1a: Kingambit|Sucker Punch|p2a: Lycanroc
|-resisted|p2a: Lycanroc
|-damage|p2a: Lycanroc|36/100
|move|p2a: Lycanroc|Close Combat|p1a: Kingambit
|-supereffective|p1a: Kingambit
|-damage|p1a: Kingambit|0 fnt
|-unboost|p2a: Lycanroc|def|1
|-unboost|p2a: Lycanroc|spd|1
|faint|p1a: Kingambit
|-end|p1a: Kingambit|fallen5|[silent]
|-damage|p2a: Lycanroc|26/100|[from] item: Life Orb
|
|win|mathismathin
|raw|Spwert's rating: 1575 &rarr; <strong>1556</strong><br />(-19 for losing)
|raw|mathismathin's rating: 1599 &rarr; <strong>1618</strong><br />(+19 for winning)
|l|☆Spwert
|player|p1|
