|html|<div class="broadcast-blue"><strong>[Gen 9] OU is currently suspecting Tera Blast! For information on how to participate check out the <a href="https://www.smogon.com/tools/suspects/view/200">suspect thread</a>.</strong></div>
|j|☆Bumno12
|j|☆yourphobiaz
|t:|1776033128
|gametype|singles
|player|p1|Bumno12|steven|1264
|player|p2|yourphobiaz|266|1229
|gen|9
|tier|[Gen 9] OU
|rated|
|rule|HP Percentage Mod: HP is shown in percentages
|rule|Endless Battle Clause: Forcing endless battles is banned
|rule|Species Clause: Limit one of each Pokémon
|rule|OHKO Clause: OHKO moves are banned
|rule|Evasion Items Clause: Evasion items are banned
|rule|Evasion Moves Clause: Evasion moves are banned
|rule|Evasion Abilities Clause: Evasion abilities are banned
|rule|Sleep Moves Clause: Sleep-inducing moves are banned
|clearpoke
|poke|p1|Primarina, F|
|poke|p1|Garchomp, F|
|poke|p1|Scizor, F|
|poke|p1|Okidogi, M|
|poke|p1|Moltres|
|poke|p1|Thundurus-Therian, M|
|poke|p2|Leafeon, M|
|poke|p2|Comfey, F|
|poke|p2|Iron Moth|
|poke|p2|Great Tusk|
|poke|p2|Walking Wake|
|poke|p2|Ninetales, F|
|teampreview
|inactive|Battle timer is ON: inactive players will automatically lose when time's up. (requested by yourphobiaz)
|
|t:|1776033163
|teamsize|p1|6
|teamsize|p2|6
|start
|switch|p1a: Garchomp|Garchomp, F|100/100
|switch|p2a: Comfey|Comfey, F|100/100
|turn|1
|
|t:|1776033182
|switch|p1a: Okidogi|Okidogi, M|100/100
|move|p2a: Comfey|Growth|p2a: Comfey
|-boost|p2a: Comfey|atk|1
|-boost|p2a: Comfey|spa|1
|
|upkeep
|turn|2
|
|t:|1776033188
|switch|p1a: Primarina|Primarina, F|100/100
|-terastallize|p2a: Comfey|Steel
|move|p2a: Comfey|Stored Power|p1a: Primarina
|-damage|p1a: Primarina|74/100
|-damage|p2a: Comfey|91/100|[from] item: Life Orb
|
|-heal|p1a: Primarina|80/100|[from] item: Leftovers
|upkeep
|turn|3
|
|t:|1776033193
|move|p2a: Comfey|Growth|p2a: Comfey
|-boost|p2a: Comfey|atk|1
|-boost|p2a: Comfey|spa|1
|move|p1a: Primarina|Light Screen|p1a: Primarina
|-sidestart|p1: Bumno12|move: Light Screen
|
|-heal|p1a: Primarina|86/100|[from] item: Leftovers
|upkeep
|turn|4
|
|t:|1776033196
|move|p2a: Comfey|Draining Kiss|p1a: Primarina
|-damage|p1a: Primarina|63/100
|-heal|p2a: Comfey|100/100|[from] drain|[of] p1a: Primarina
|-damage|p2a: Comfey|91/100|[from] item: Life Orb
|move|p1a: Primarina|Calm Mind|p1a: Primarina
|-boost|p1a: Primarina|spa|1
|-boost|p1a: Primarina|spd|1
|
|-heal|p1a: Primarina|69/100|[from] item: Leftovers
|upkeep
|turn|5
|
|t:|1776033208
|move|p2a: Comfey|Draining Kiss|p1a: Primarina
|-damage|p1a: Primarina|55/100
|-heal|p2a: Comfey|100/100|[from] drain|[of] p1a: Primarina
|-damage|p2a: Comfey|91/100|[from] item: Life Orb
|move|p1a: Primarina|Surf|p2a: Comfey
|-damage|p2a: Comfey|15/100
|
|-heal|p1a: Primarina|61/100|[from] item: Leftovers
|upkeep
|turn|6
|
|t:|1776033224
|switch|p2a: Walking Wake|Walking Wake|100/100
|move|p1a: Primarina|Surf|p2a: Walking Wake
|-resisted|p2a: Walking Wake
|-damage|p2a: Walking Wake|77/100
|
|-heal|p1a: Primarina|67/100|[from] item: Leftovers
|upkeep
|turn|7
|
|t:|1776033235
|-end|p2a: Walking Wake|Protosynthesis|[silent]
|switch|p2a: Ninetales|Ninetales, F, shiny|100/100
|-weather|SunnyDay|[from] ability: Drought|[of] p2a: Ninetales
|move|p1a: Primarina|Surf|p2a: Ninetales
|-supereffective|p2a: Ninetales
|-damage|p2a: Ninetales|21/100
|
|-weather|SunnyDay|[upkeep]
|-heal|p1a: Primarina|73/100|[from] item: Leftovers
|-sideend|p1: Bumno12|move: Light Screen
|upkeep
|turn|8
|
|t:|1776033240
|switch|p2a: Leafeon|Leafeon, M|100/100
|move|p1a: Primarina|Surf|p2a: Leafeon
|-resisted|p2a: Leafeon
|-damage|p2a: Leafeon|68/100
|
|-weather|SunnyDay|[upkeep]
|-heal|p1a: Primarina|79/100|[from] item: Leftovers
|upkeep
|turn|9
|
|t:|1776033243
|switch|p1a: Garchomp|Garchomp, F|100/100
|move|p2a: Leafeon|Solar Blade||[still]
|-prepare|p2a: Leafeon|Solar Blade
|-anim|p2a: Leafeon|Solar Blade|p1a: Garchomp
|-damage|p1a: Garchomp|24/100
|-damage|p2a: Leafeon|56/100|[from] ability: Rough Skin|[of] p1a: Garchomp
|-damage|p2a: Leafeon|39/100|[from] item: Rocky Helmet|[of] p1a: Garchomp
|-damage|p2a: Leafeon|29/100|[from] item: Life Orb
|
|-weather|SunnyDay|[upkeep]
|upkeep
|turn|10
|
|t:|1776033247
|move|p2a: Leafeon|Solar Blade||[still]
|-prepare|p2a: Leafeon|Solar Blade
|-anim|p2a: Leafeon|Solar Blade|p1a: Garchomp
|-damage|p1a: Garchomp|0 fnt
|-damage|p2a: Leafeon|17/100|[from] ability: Rough Skin|[of] p1a: Garchomp
|-damage|p2a: Leafeon|0 fnt|[from] item: Rocky Helmet|[of] p1a: Garchomp
|faint|p1a: Garchomp
|faint|p2a: Leafeon
|
|-weather|SunnyDay|[upkeep]
|upkeep
|inactive|Bumno12 has 120 seconds left.
|inactive|Bumno12 has 90 seconds left.
|
|t:|1776033313
|switch|p2a: Walking Wake|Walking Wake|77/100
|switch|p1a: Okidogi|Okidogi, M|100/100
|-activate|p2a: Walking Wake|ability: Protosynthesis
|-start|p2a: Walking Wake|protosynthesisspe
|turn|11
|
|t:|1776033318
|move|p2a: Walking Wake|Draco Meteor|p1a: Okidogi
|-damage|p1a: Okidogi|36/100
|-unboost|p2a: Walking Wake|spa|2
|move|p1a: Okidogi|Gunk Shot|p2a: Walking Wake
|-damage|p2a: Walking Wake|1/100
|-status|p2a: Walking Wake|psn
|
|-weather|SunnyDay|[upkeep]
|-damage|p2a: Walking Wake|0 fnt|[from] psn
|faint|p2a: Walking Wake
|-end|p2a: Walking Wake|Protosynthesis|[silent]
|upkeep
|
|t:|1776033336
|switch|p2a: Iron Moth|Iron Moth, shiny|100/100
|-enditem|p2a: Iron Moth|Booster Energy
|-activate|p2a: Iron Moth|ability: Quark Drive|[fromitem]
|-start|p2a: Iron Moth|quarkdrivespe
|turn|12
|
|t:|1776033346
|move|p2a: Iron Moth|Fiery Dance|p1a: Okidogi
|-damage|p1a: Okidogi|0 fnt
|faint|p1a: Okidogi
|
|-weather|SunnyDay|[upkeep]
|upkeep
|
|t:|1776033365
|switch|p1a: Primarina|Primarina, F|79/100
|turn|13
|
|t:|1776033376
|switch|p1a: Scizor|Scizor, F|100/100
|move|p2a: Iron Moth|Sludge Wave|p1a: Scizor
|-immune|p1a: Scizor
|
|-weather|SunnyDay|[upkeep]
|upkeep
|turn|14
|
|t:|1776033381
|switch|p1a: Primarina|Primarina, F|79/100
|move|p2a: Iron Moth|Fiery Dance|p1a: Primarina
|-resisted|p1a: Primarina
|-damage|p1a: Primarina|54/100
|
|-weather|none
|-heal|p1a: Primarina|60/100|[from] item: Leftovers
|upkeep
|turn|15
|
|t:|1776033385
|move|p2a: Iron Moth|Energy Ball|p1a: Primarina
|-supereffective|p1a: Primarina
|-crit|p1a: Primarina
|-damage|p1a: Primarina|0 fnt
|faint|p1a: Primarina
|
|upkeep
|inactive|Bumno12 has 120 seconds left.
|
|t:|1776033410
|switch|p1a: Moltres|Moltres|100/100
|turn|16
|
|t:|1776033418
|move|p2a: Iron Moth|Sludge Wave|p1a: Moltres
|-damage|p1a: Moltres|44/100
|-status|p1a: Moltres|psn
|move|p1a: Moltres|Hurricane|p2a: Iron Moth
|-damage|p2a: Iron Moth|44/100
|
|-damage|p1a: Moltres|32/100 psn|[from] psn
|upkeep
|turn|17
|
|t:|1776033425
|move|p2a: Iron Moth|Sludge Wave|p1a: Moltres
|-damage|p1a: Moltres|0 fnt
|faint|p1a: Moltres
|
|upkeep
|
|t:|1776033426
|switch|p1a: Scizor|Scizor, F|100/100
|turn|18
|
|t:|1776033428
|-terastallize|p1a: Scizor|Steel
|move|p1a: Scizor|Bullet Punch|p2a: Iron Moth
|-resisted|p2a: Iron Moth
|-damage|p2a: Iron Moth|4/100
|move|p2a: Iron Moth|Fiery Dance|p1a: Scizor
|-supereffective|p1a: Scizor
|-damage|p1a: Scizor|0 fnt
|faint|p1a: Scizor
|
|upkeep
|
|t:|1776033430
|switch|p1a: Thundurus|Thundurus-Therian, M|100/100
|turn|19
|
|t:|1776033433
|move|p2a: Iron Moth|Sludge Wave|p1a: Thundurus
|-damage|p1a: Thundurus|30/100
|move|p1a: Thundurus|Thunderbolt|p2a: Iron Moth
|-damage|p2a: Iron Moth|0 fnt
|faint|p2a: Iron Moth
|-end|p2a: Iron Moth|Quark Drive|[silent]
|
|upkeep
|c|☆yourphobiaz|gg
|
|t:|1776033440
|switch|p2a: Comfey|Comfey, F, tera:Steel|15/100
|turn|20
|
|t:|1776033443
|move|p2a: Comfey|Draining Kiss|p1a: Thundurus
|-damage|p1a: Thundurus|0 fnt
|-heal|p2a: Comfey|37/100|[from] drain|[of] p1a: Thundurus
|faint|p1a: Thundurus
|-damage|p2a: Comfey|27/100|[from] item: Life Orb
|
|win|yourphobiaz
|raw|Bumno12's rating: 1264 &rarr; <strong>1236</strong><br />(-28 for losing)
|raw|yourphobiaz's rating: 1229 &rarr; <strong>1257</strong><br />(+28 for winning)
|l|☆Bumno12
|player|p1|
|l|☆yourphobiaz
|player|p2|
