|html|<div class="broadcast-blue"><strong>[Gen 9] OU is currently suspecting Tera Blast! For information on how to participate check out the <a href="https://www.smogon.com/tools/suspects/view/200">suspect thread</a>.</strong></div>
|j|☆zarialxss_test
|j|☆Opposun
|t:|1776333168
|gametype|singles
|player|p1|zarialxss_test|elesa|1281
|player|p2|Opposun|170|1227
|gen|9
|tier|[Gen 9] OU
|rated|
|rule|HP Percentage Mod: HP is shown in percentages
|rule|Endless Battle Clause: Forcing endless battles is banned
|rule|Species Clause: Limit one of each Pokémon
|rule|OHKO Clause: OHKO moves are banned
|rule|Evasion Items Clause: Evasion items are banned
|rule|Evasion Moves Clause: Evasion moves are banned
|rule|Evasion Abilities Clause: Evasion abilities are banned
|rule|Sleep Moves Clause: Sleep-inducing moves are banned
|clearpoke
|poke|p1|Iron Treads|
|poke|p1|Darkrai|
|poke|p1|Sylveon, F|
|poke|p1|Slowking, M|
|poke|p1|Meowscarada, F|
|poke|p1|Garchomp, M|
|poke|p2|Smeargle, F|
|poke|p2|Cinderace, F|
|poke|p2|Kingambit, F|
|poke|p2|Grimmsnarl, M|
|poke|p2|Iron Treads|
|poke|p2|Dragonite, F|
|teampreview
|c|☆zarialxss_test|smeargle
|c|☆zarialxss_test|interesting
|inactive|Battle timer is ON: inactive players will automatically lose when time's up. (requested by zarialxss_test)
|
|t:|1776333194
|teamsize|p1|6
|teamsize|p2|6
|start
|switch|p1a: Garchomp|Garchomp, M|100/100
|switch|p2a: Smeargle|Smeargle, F|100/100
|turn|1
|
|t:|1776333211
|move|p2a: Smeargle|Sticky Web|p1a: Garchomp
|-sidestart|p1: zarialxss_test|move: Sticky Web
|move|p1a: Garchomp|Stealth Rock|p2a: Smeargle
|-sidestart|p2: Opposun|move: Stealth Rock
|
|upkeep
|turn|2
|
|t:|1776333229
|move|p2a: Smeargle|Court Change|p2a: Smeargle
|-swapsideconditions
|-activate|p2a: Smeargle|move: Court Change
|move|p1a: Garchomp|Earthquake|p2a: Smeargle
|-enditem|p2a: Smeargle|Focus Sash
|-damage|p2a: Smeargle|1/100
|
|upkeep
|turn|3
|
|t:|1776333235
|move|p2a: Smeargle|Endeavor|p1a: Garchomp
|-damage|p1a: Garchomp|1/100
|-damage|p2a: Smeargle|0 fnt|[from] ability: Rough Skin|[of] p1a: Garchomp
|faint|p2a: Smeargle
|move|p1a: Garchomp|Earthquake|p2: Smeargle|[notarget]
|-fail|p1a: Garchomp
|
|upkeep
|
|t:|1776333240
|switch|p2a: Grimmsnarl|Grimmsnarl, M|100/100
|-activate|p2a: Grimmsnarl|move: Sticky Web
|-unboost|p2a: Grimmsnarl|spe|1
|turn|4
|
|t:|1776333247
|move|p2a: Grimmsnarl|Fake Out|p1a: Garchomp
|-crit|p1a: Garchomp
|-damage|p1a: Garchomp|0 fnt
|-damage|p2a: Grimmsnarl|88/100|[from] ability: Rough Skin|[of] p1a: Garchomp
|-damage|p2a: Grimmsnarl|71/100|[from] item: Rocky Helmet|[of] p1a: Garchomp
|faint|p1a: Garchomp
|
|upkeep
|
|t:|1776333259
|switch|p1a: Meowscarada|Meowscarada, F|100/100
|-damage|p1a: Meowscarada|88/100|[from] Stealth Rock
|turn|5
|
|t:|1776333276
|move|p2a: Grimmsnarl|Reflect|p2a: Grimmsnarl
|-sidestart|p2: Opposun|Reflect
|move|p1a: Meowscarada|Flower Trick|p2a: Grimmsnarl
|-start|p1a: Meowscarada|typechange|Grass|[from] ability: Protean
|-crit|p2a: Grimmsnarl
|-damage|p2a: Grimmsnarl|6/100
|
|upkeep
|turn|6
|
|t:|1776333281
|move|p1a: Meowscarada|Flower Trick|p2a: Grimmsnarl
|-crit|p2a: Grimmsnarl
|-damage|p2a: Grimmsnarl|0 fnt
|faint|p2a: Grimmsnarl
|
|upkeep
|
|t:|1776333283
|switch|p2a: Kingambit|Kingambit, F|100/100
|-activate|p2a: Kingambit|move: Sticky Web
|-unboost|p2a: Kingambit|spe|1
|-ability|p2a: Kingambit|Defiant|boost
|-boost|p2a: Kingambit|atk|2
|turn|7
|
|t:|1776333290
|switch|p1a: Darkrai|Darkrai|100/100
|-damage|p1a: Darkrai|88/100|[from] Stealth Rock
|move|p2a: Kingambit|Swords Dance|p2a: Kingambit
|-boost|p2a: Kingambit|atk|2
|
|upkeep
|turn|8
|
|t:|1776333302
|move|p1a: Darkrai|Will-O-Wisp|p2a: Kingambit|[miss]
|-miss|p1a: Darkrai|p2a: Kingambit
|move|p2a: Kingambit|Iron Head|p1a: Darkrai
|-damage|p1a: Darkrai|0 fnt
|faint|p1a: Darkrai
|
|upkeep
|c|☆zarialxss_test|ok
|
|t:|1776333316
|switch|p1a: Iron Treads|Iron Treads|100/100
|-damage|p1a: Iron Treads|97/100|[from] Stealth Rock
|-item|p1a: Iron Treads|Air Balloon
|turn|9
|
|t:|1776333322
|-terastallize|p2a: Kingambit|Dark
|move|p2a: Kingambit|Sucker Punch|p1a: Iron Treads
|-damage|p1a: Iron Treads|0 fnt
|-enditem|p1a: Iron Treads|Air Balloon
|faint|p1a: Iron Treads
|-end|p1a: Iron Treads|Quark Drive|[silent]
|
|upkeep
|-message|zarialxss_test forfeited.
|
|win|Opposun
|raw|zarialxss_test's rating: 1281 &rarr; <strong>1252</strong><br />(-29 for losing)
|raw|Opposun's rating: 1227 &rarr; <strong>1256</strong><br />(+29 for winning)
|l|☆zarialxss_test
|player|p1|
|c|☆Opposun|now you know smeargle
