|html|<div class="broadcast-blue"><strong>[Gen 9] OU is currently suspecting Tera Blast! For information on how to participate check out the <a href="https://www.smogon.com/tools/suspects/view/200">suspect thread</a>.</strong></div>
|j|☆Dihnite Issues
|j|☆magikarp soup
|t:|1776165550
|gametype|singles
|player|p1|Dihnite Issues|1|1792
|player|p2|magikarp soup|medium|1779
|gen|9
|tier|[Gen 9] OU
|rated|
|rule|HP Percentage Mod: HP is shown in percentages
|rule|Endless Battle Clause: Forcing endless battles is banned
|rule|Species Clause: Limit one of each Pokémon
|rule|OHKO Clause: OHKO moves are banned
|rule|Evasion Items Clause: Evasion items are banned
|rule|Evasion Moves Clause: Evasion moves are banned
|rule|Evasion Abilities Clause: Evasion abilities are banned
|rule|Sleep Moves Clause: Sleep-inducing moves are banned
|clearpoke
|poke|p1|Gliscor, F|
|poke|p1|Pecharunt|
|poke|p1|Ting-Lu|
|poke|p1|Latios, M|
|poke|p1|Tinkaton, F|
|poke|p1|Zamazenta-*|
|poke|p2|Torkoal, M|
|poke|p2|Charizard, M|
|poke|p2|Venusaur, M|
|poke|p2|Slither Wing|
|poke|p2|Great Tusk|
|poke|p2|Alomomola, F|
|teampreview
|inactive|Battle timer is ON: inactive players will automatically lose when time's up. (requested by Dihnite Issues)
|inactive|magikarp soup has 120 seconds left.
|
|t:|1776165622
|teamsize|p1|6
|teamsize|p2|6
|start
|switch|p1a: Jenson BateMan|Gliscor, F, shiny|100/100
|switch|p2a: Torkoal|Torkoal, M|100/100
|-weather|SunnyDay|[from] ability: Drought|[of] p2a: Torkoal
|turn|1
|j| OUZQ Crocodile
|inactive|Dihnite Issues has 120 seconds left.
|
|t:|1776165655
|switch|p2a: Charizard|Charizard, M|100/100
|move|p1a: Jenson BateMan|Knock Off|p2a: Charizard
|-crit|p2a: Charizard
|-damage|p2a: Charizard|53/100
|-enditem|p2a: Charizard|Choice Specs|[from] move: Knock Off|[of] p1a: Jenson BateMan
|
|-weather|SunnyDay|[upkeep]
|-damage|p2a: Charizard|41/100|[from] ability: Solar Power|[of] p2a: Charizard
|-status|p1a: Jenson BateMan|tox|[from] item: Toxic Orb
|upkeep
|turn|2
|inactive|Dihnite Issues has 120 seconds left.
|inactive|magikarp soup has 120 seconds left.
|
|t:|1776165687
|move|p1a: Jenson BateMan|Protect|p1a: Jenson BateMan
|-singleturn|p1a: Jenson BateMan|Protect
|move|p2a: Charizard|Weather Ball|p1a: Jenson BateMan
|-activate|p1a: Jenson BateMan|move: Protect
|
|-weather|SunnyDay|[upkeep]
|-damage|p2a: Charizard|28/100|[from] ability: Solar Power|[of] p2a: Charizard
|upkeep
|turn|3
|inactive|Dihnite Issues has 120 seconds left.
|l| OUZQ Crocodile
|inactive|Dihnite Issues has 90 seconds left.
|
|t:|1776165729
|move|p2a: Charizard|Overheat|p1a: Jenson BateMan|[miss]
|-miss|p2a: Charizard|p1a: Jenson BateMan
|move|p1a: Jenson BateMan|Facade|p2a: Charizard
|-damage|p2a: Charizard|0 fnt
|faint|p2a: Charizard
|
|-weather|SunnyDay|[upkeep]
|upkeep
|inactive|magikarp soup has 120 seconds left.
|
|t:|1776165740
|switch|p2a: Venusaur|Venusaur, M|100/100
|turn|4
|j| ibibi57
|j| OUZQ Crocodile
|inactive|Dihnite Issues has 90 seconds left.
|
|t:|1776165768
|move|p2a: Venusaur|Growth|p2a: Venusaur
|-boost|p2a: Venusaur|atk|2
|-boost|p2a: Venusaur|spa|2
|move|p1a: Jenson BateMan|Knock Off|p2a: Venusaur
|-damage|p2a: Venusaur|72/100
|-enditem|p2a: Venusaur|Life Orb|[from] move: Knock Off|[of] p1a: Jenson BateMan
|
|-weather|SunnyDay|[upkeep]
|upkeep
|turn|5
|inactive|magikarp soup has 120 seconds left.
|
|t:|1776165788
|move|p2a: Venusaur|Growth|p2a: Venusaur
|-boost|p2a: Venusaur|atk|2
|-boost|p2a: Venusaur|spa|2
|move|p1a: Jenson BateMan|Facade|p2a: Venusaur
|-damage|p2a: Venusaur|32/100
|
|-weather|SunnyDay|[upkeep]
|upkeep
|turn|6
|
|t:|1776165796
|move|p1a: Jenson BateMan|Protect|p1a: Jenson BateMan
|-singleturn|p1a: Jenson BateMan|Protect
|move|p2a: Venusaur|Giga Drain|p1a: Jenson BateMan
|-activate|p1a: Jenson BateMan|move: Protect
|
|-weather|SunnyDay|[upkeep]
|upkeep
|turn|7
|
|t:|1776165810
|switch|p1a: Tinaka|Tinkaton, F, shiny|100/100
|-item|p1a: Tinaka|Air Balloon
|move|p2a: Venusaur|Giga Drain|p1a: Tinaka
|-resisted|p1a: Tinaka
|-damage|p1a: Tinaka|60/100
|-heal|p2a: Venusaur|57/100|[from] drain|[of] p1a: Tinaka
|-enditem|p1a: Tinaka|Air Balloon
|
|-weather|SunnyDay|[upkeep]
|upkeep
|turn|8
|inactive|Dihnite Issues has 60 seconds left.
|inactive|magikarp soup has 120 seconds left.
|
|t:|1776165849
|move|p2a: Venusaur|Weather Ball|p1a: Tinaka
|-supereffective|p1a: Tinaka
|-damage|p1a: Tinaka|0 fnt
|faint|p1a: Tinaka
|
|-weather|none
|upkeep
|
|t:|1776165854
|switch|p1a: Bomber|Latios, M, shiny|100/100
|turn|9
|l| OUZQ Crocodile
|inactive|magikarp soup has 120 seconds left.
|
|t:|1776165878
|switch|p2a: Slither Wing|Slither Wing|100/100
|move|p1a: Bomber|Draco Meteor|p2a: Slither Wing
|-damage|p2a: Slither Wing|67/100
|-unboost|p1a: Bomber|spa|2
|
|upkeep
|turn|10
|j| jlstthudoyoy6ps4
|
|t:|1776165890
|switch|p1a: Jenson BateMan|Gliscor, F, shiny|100/100 tox
|move|p2a: Slither Wing|U-turn|p1a: Jenson BateMan
|-resisted|p1a: Jenson BateMan
|-damage|p1a: Jenson BateMan|86/100 tox
|inactive|magikarp soup has 120 seconds left.
|
|t:|1776165918
|-end|p2a: Slither Wing|Protosynthesis|[silent]
|switch|p2a: Torkoal|Torkoal, M|100/100|[from] U-turn
|-weather|SunnyDay|[from] ability: Drought|[of] p2a: Torkoal
|
|-weather|SunnyDay|[upkeep]
|-heal|p1a: Jenson BateMan|99/100 tox|[from] ability: Poison Heal
|upkeep
|turn|11
|j| coala rei
|inactive|Dihnite Issues has 60 seconds left.
|
|t:|1776165953
|switch|p2a: Alomomola|Alomomola, F|100/100
|move|p1a: Jenson BateMan|Swords Dance|p1a: Jenson BateMan
|-boost|p1a: Jenson BateMan|atk|2
|
|-weather|SunnyDay|[upkeep]
|-heal|p1a: Jenson BateMan|100/100 tox|[from] ability: Poison Heal
|upkeep
|turn|12
|
|t:|1776165969
|move|p1a: Jenson BateMan|Knock Off|p2a: Alomomola
|-damage|p2a: Alomomola|75/100
|-enditem|p2a: Alomomola|Red Card|[from] move: Knock Off|[of] p1a: Jenson BateMan
|move|p2a: Alomomola|Wish|p2a: Alomomola
|
|-weather|SunnyDay|[upkeep]
|upkeep
|turn|13
|
|t:|1776165985
|move|p1a: Jenson BateMan|Swords Dance|p1a: Jenson BateMan
|-boost|p1a: Jenson BateMan|atk|2
|move|p2a: Alomomola|Flip Turn|p1a: Jenson BateMan
|-supereffective|p1a: Jenson BateMan
|-damage|p1a: Jenson BateMan|89/100 tox
|inactive|magikarp soup has 120 seconds left.
|inactive|magikarp soup has 90 seconds left.
|
|t:|1776166036
|switch|p2a: Great Tusk|Great Tusk|100/100|[from] Flip Turn
|-activate|p2a: Great Tusk|ability: Protosynthesis
|-start|p2a: Great Tusk|protosynthesisatk
|
|-weather|SunnyDay|[upkeep]
|-heal|p1a: Jenson BateMan|100/100 tox|[from] ability: Poison Heal
|upkeep
|turn|14
|j| roaringmoon94
|inactive|Dihnite Issues has 30 seconds left.
|
|t:|1776166066
|move|p1a: Jenson BateMan|Protect|p1a: Jenson BateMan
|-singleturn|p1a: Jenson BateMan|Protect
|move|p2a: Great Tusk|Headlong Rush|p1a: Jenson BateMan
|-activate|p1a: Jenson BateMan|move: Protect
|
|-weather|SunnyDay|[upkeep]
|upkeep
|turn|15
|inactive|Dihnite Issues has 30 seconds left.
|inactive|magikarp soup has 90 seconds left.
|
|t:|1776166072
|-terastallize|p1a: Jenson BateMan|Normal
|move|p2a: Great Tusk|Ice Spinner|p1a: Jenson BateMan
|-damage|p1a: Jenson BateMan|62/100 tox
|-damage|p2a: Great Tusk|91/100|[from] item: Life Orb
|move|p1a: Jenson BateMan|Facade|p2a: Great Tusk
|-damage|p2a: Great Tusk|0 fnt
|faint|p2a: Great Tusk
|-end|p2a: Great Tusk|Protosynthesis|[silent]
|
|-weather|SunnyDay|[upkeep]
|-heal|p1a: Jenson BateMan|75/100 tox|[from] ability: Poison Heal
|upkeep
|inactive|magikarp soup has 90 seconds left.
|-message|magikarp soup forfeited.
|
|win|Dihnite Issues
|raw|Dihnite Issues's rating: 1792 &rarr; <strong>1811</strong><br />(+19 for winning)
|raw|magikarp soup's rating: 1779 &rarr; <strong>1760</strong><br />(-19 for losing)
|l|☆magikarp soup
|player|p2|
|l| jlstthudoyoy6ps4
