|html|<div class="broadcast-blue"><strong>[Gen 9] OU is currently suspecting Tera Blast! For information on how to participate check out the <a href="https://www.smogon.com/tools/suspects/view/200">suspect thread</a>.</strong></div>
|j|☆erennotyaeger
|j|☆Monkey D MinMin
|t:|1776193183
|gametype|singles
|player|p1|erennotyaeger|169|1687
|player|p2|Monkey D MinMin|dawn|1770
|gen|9
|tier|[Gen 9] OU
|rated|
|rule|HP Percentage Mod: HP is shown in percentages
|rule|Endless Battle Clause: Forcing endless battles is banned
|rule|Species Clause: Limit one of each Pokémon
|rule|OHKO Clause: OHKO moves are banned
|rule|Evasion Items Clause: Evasion items are banned
|rule|Evasion Moves Clause: Evasion moves are banned
|rule|Evasion Abilities Clause: Evasion abilities are banned
|rule|Sleep Moves Clause: Sleep-inducing moves are banned
|clearpoke
|poke|p1|Dragapult, F|
|poke|p1|Alomomola, F|
|poke|p1|Ting-Lu|
|poke|p1|Kyurem|
|poke|p1|Weezing-Galar, F|
|poke|p1|Corviknight, F|
|poke|p2|Alomomola, M|
|poke|p2|Weezing-Galar, F|
|poke|p2|Ursaluna, F|
|poke|p2|Dondozo, M|
|poke|p2|Corviknight, F|
|poke|p2|Blissey, F|
|teampreview
|c|☆Monkey D MinMin|Is ohko victini a bot?
|c|☆erennotyaeger|i feel like it must be
|c|☆erennotyaeger|there are a few accounts with the ohko prefix that are always spectating my games
|c|☆Monkey D MinMin|Okay that would make sense it’s everywhere lmao
|c|☆erennotyaeger|yeah lol
|
|t:|1776193244
|teamsize|p1|6
|teamsize|p2|6
|start
|switch|p1a: Weezing|Weezing-Galar, F|100/100
|switch|p2a: Ford F150 :(|Alomomola, M|100/100
|-ability|p1a: Weezing|Neutralizing Gas
|turn|1
|inactive|Battle timer is ON: inactive players will automatically lose when time's up. (requested by erennotyaeger)
|c|☆Monkey D MinMin|Why would you even need a bot olt doesn’t start till like a few more months
|
|t:|1776193264
|move|p1a: Weezing|Toxic|p2a: Ford F150 :(
|-status|p2a: Ford F150 :(|tox
|move|p2a: Ford F150 :(|Flip Turn|p1a: Weezing
|-damage|p1a: Weezing|88/100
|
|t:|1776193269
|switch|p2a: He jus kills|Ursaluna, F|100/100|[from] Flip Turn
|
|-heal|p1a: Weezing|94/100|[from] item: Leftovers
|-status|p2a: He jus kills|brn|[from] item: Flame Orb
|upkeep
|turn|2
|c|☆erennotyaeger|yeah idk
|j| gfitzy
|
|t:|1776193288
|-end|p1a: Weezing|ability: Neutralizing Gas
|switch|p1a: Corviknight|Corviknight, F|100/100
|-ability|p1a: Corviknight|Pressure
|move|p2a: He jus kills|Facade|p1a: Corviknight
|-resisted|p1a: Corviknight
|-damage|p1a: Corviknight|44/100
|
|-heal|p1a: Corviknight|51/100|[from] item: Leftovers
|-damage|p2a: He jus kills|94/100 brn|[from] brn
|upkeep
|turn|3
|
|t:|1776193300
|switch|p1a: Weezing|Weezing-Galar, F|94/100
|-ability|p1a: Weezing|Neutralizing Gas
|move|p2a: He jus kills|Facade|p1a: Weezing
|-damage|p1a: Weezing|32/100
|
|-heal|p1a: Weezing|38/100|[from] item: Leftovers
|-damage|p2a: He jus kills|88/100 brn|[from] brn
|upkeep
|turn|4
|
|t:|1776193309
|move|p1a: Weezing|Protect|p1a: Weezing
|-singleturn|p1a: Weezing|Protect
|move|p2a: He jus kills|Headlong Rush|p1a: Weezing
|-activate|p1a: Weezing|move: Protect
|
|-heal|p1a: Weezing|44/100|[from] item: Leftovers
|-damage|p2a: He jus kills|82/100 brn|[from] brn
|upkeep
|turn|5
|
|t:|1776193312
|-end|p1a: Weezing|ability: Neutralizing Gas
|switch|p1a: Corviknight|Corviknight, F|51/100
|-ability|p1a: Corviknight|Pressure
|move|p2a: He jus kills|Facade|p1a: Corviknight
|-resisted|p1a: Corviknight
|-damage|p1a: Corviknight|0 fnt
|faint|p1a: Corviknight
|
|-damage|p2a: He jus kills|76/100 brn|[from] brn
|upkeep
|
|t:|1776193317
|switch|p1a: Fogbound Lake|Alomomola, F|100/100
|turn|6
|
|t:|1776193320
|switch|p2a: Ford F150 :(|Alomomola, M|100/100 tox
|move|p1a: Fogbound Lake|Flip Turn|p2a: Ford F150 :(
|-resisted|p2a: Ford F150 :(
|-damage|p2a: Ford F150 :(|95/100 tox
|-damage|p1a: Fogbound Lake|84/100|[from] item: Rocky Helmet|[of] p2a: Ford F150 :(
|
|t:|1776193334
|switch|p1a: Alysa-Lu|Ting-Lu|100/100|[from] Flip Turn
|-ability|p1a: Alysa-Lu|Vessel of Ruin
|
|-damage|p2a: Ford F150 :(|88/100 tox|[from] psn
|upkeep
|turn|7
|
|t:|1776193337
|move|p1a: Alysa-Lu|Stealth Rock|p2a: Ford F150 :(
|-sidestart|p2: Monkey D MinMin|move: Stealth Rock
|move|p2a: Ford F150 :(|Flip Turn|p1a: Alysa-Lu
|-supereffective|p1a: Alysa-Lu
|-damage|p1a: Alysa-Lu|84/100
|
|t:|1776193339
|switch|p2a: Just a little fun|Weezing-Galar, F|100/100|[from] Flip Turn
|-ability|p2a: Just a little fun|Neutralizing Gas
|
|-heal|p1a: Alysa-Lu|90/100|[from] item: Leftovers
|upkeep
|turn|8
|
|t:|1776193345
|move|p2a: Just a little fun|Will-O-Wisp|p1a: Alysa-Lu
|-status|p1a: Alysa-Lu|brn
|move|p1a: Alysa-Lu|Earthquake|p2a: Just a little fun
|-supereffective|p2a: Just a little fun
|-damage|p2a: Just a little fun|74/100
|
|-heal|p1a: Alysa-Lu|96/100 brn|[from] item: Leftovers
|-damage|p1a: Alysa-Lu|90/100 brn|[from] brn
|upkeep
|turn|9
|
|t:|1776193349
|move|p2a: Just a little fun|Defog|p1a: Alysa-Lu
|-unboost|p1a: Alysa-Lu|evasion|1
|-sideend|p2: Monkey D MinMin|Stealth Rock|[from] move: Defog|[of] p2a: Just a little fun
|move|p1a: Alysa-Lu|Ruination|p2a: Just a little fun
|-damage|p2a: Just a little fun|38/100
|
|-heal|p1a: Alysa-Lu|96/100 brn|[from] item: Leftovers
|-damage|p1a: Alysa-Lu|90/100 brn|[from] brn
|upkeep
|turn|10
|
|t:|1776193356
|move|p2a: Just a little fun|Pain Split|p1a: Alysa-Lu
|-sethp|p1a: Alysa-Lu|57/100 brn|[from] move: Pain Split|[silent]
|-sethp|p2a: Just a little fun|88/100|[from] move: Pain Split
|move|p1a: Alysa-Lu|Stealth Rock|p2a: Just a little fun
|-sidestart|p2: Monkey D MinMin|move: Stealth Rock
|
|-heal|p1a: Alysa-Lu|64/100 brn|[from] item: Leftovers
|-damage|p1a: Alysa-Lu|57/100 brn|[from] brn
|upkeep
|turn|11
|
|t:|1776193359
|-end|p2a: Just a little fun|ability: Neutralizing Gas
|-ability|p1a: Alysa-Lu|Vessel of Ruin
|switch|p2a: NIGHT NIGHT|Corviknight, F|100/100
|-damage|p2a: NIGHT NIGHT|88/100|[from] Stealth Rock
|-ability|p2a: NIGHT NIGHT|Pressure
|move|p1a: Alysa-Lu|Rest|p1a: Alysa-Lu
|-status|p1a: Alysa-Lu|slp|[from] move: Rest
|-heal|p1a: Alysa-Lu|100/100 slp|[silent]
|
|-heal|p2a: NIGHT NIGHT|94/100|[from] item: Leftovers
|upkeep
|turn|12
|
|t:|1776193368
|switch|p1a: Moody Blues|Dragapult, F|100/100
|move|p2a: NIGHT NIGHT|Defog|p1a: Moody Blues
|-unboost|p1a: Moody Blues|evasion|1
|-sideend|p2: Monkey D MinMin|Stealth Rock|[from] move: Defog|[of] p2a: NIGHT NIGHT
|
|-heal|p2a: NIGHT NIGHT|100/100|[from] item: Leftovers
|upkeep
|turn|13
|
|t:|1776193380
|switch|p2a: Big and Greedy|Blissey, F|100/100
|move|p1a: Moody Blues|Will-O-Wisp|p2a: Big and Greedy
|-status|p2a: Big and Greedy|brn
|
|-damage|p2a: Big and Greedy|94/100 brn|[from] brn
|upkeep
|turn|14
|
|t:|1776193391
|switch|p1a: Fogbound Lake|Alomomola, F|100/100
|move|p2a: Big and Greedy|Stealth Rock|p1a: Fogbound Lake
|-sidestart|p1: erennotyaeger|move: Stealth Rock
|
|-heal|p2a: Big and Greedy|100/100 brn|[from] item: Leftovers
|-damage|p2a: Big and Greedy|94/100 brn|[from] brn
|upkeep
|turn|15
|
|t:|1776193395
|-curestatus|p2a: Big and Greedy|brn|[from] ability: Natural Cure
|switch|p2a: Ford F150 :(|Alomomola, M|100/100 tox
|move|p1a: Fogbound Lake|Wish|p1a: Fogbound Lake
|
|-damage|p2a: Ford F150 :(|94/100 tox|[from] psn
|upkeep
|turn|16
|
|t:|1776193399
|move|p2a: Ford F150 :(|Protect|p2a: Ford F150 :(
|-singleturn|p2a: Ford F150 :(|Protect
|move|p1a: Fogbound Lake|Flip Turn|p2a: Ford F150 :(
|-activate|p2a: Ford F150 :(|move: Protect
|
|-damage|p2a: Ford F150 :(|82/100 tox|[from] psn
|upkeep
|turn|17
|
|t:|1776193402
|move|p2a: Ford F150 :(|Wish|p2a: Ford F150 :(
|move|p1a: Fogbound Lake|Wish|p1a: Fogbound Lake
|
|-damage|p2a: Ford F150 :(|63/100 tox|[from] psn
|upkeep
|turn|18
|
|t:|1776193406
|move|p1a: Fogbound Lake|Flip Turn|p2a: Ford F150 :(
|-resisted|p2a: Ford F150 :(
|-damage|p2a: Ford F150 :(|58/100 tox
|-damage|p1a: Fogbound Lake|84/100|[from] item: Rocky Helmet|[of] p2a: Ford F150 :(
|
|t:|1776193408
|switch|p1a: Weezing|Weezing-Galar, F|44/100|[from] Flip Turn
|-ability|p1a: Weezing|Neutralizing Gas
|-damage|p1a: Weezing|32/100|[from] Stealth Rock
|move|p2a: Ford F150 :(|Flip Turn|p1a: Weezing
|-damage|p1a: Weezing|19/100
|
|t:|1776193414
|switch|p2a: He jus kills|Ursaluna, F|76/100 brn|[from] Flip Turn
|
|-heal|p1a: Weezing|99/100|[from] move: Wish|[wisher] Fogbound Lake
|-heal|p2a: He jus kills|100/100 brn|[from] move: Wish|[wisher] Ford F150 :(
|-heal|p1a: Weezing|100/100|[from] item: Leftovers
|-damage|p2a: He jus kills|94/100 brn|[from] brn
|upkeep
|turn|19
|
|t:|1776193417
|move|p1a: Weezing|Protect|p1a: Weezing
|-singleturn|p1a: Weezing|Protect
|move|p2a: He jus kills|Facade|p1a: Weezing
|-activate|p1a: Weezing|move: Protect
|
|-damage|p2a: He jus kills|88/100 brn|[from] brn
|upkeep
|turn|20
|
|t:|1776193422
|move|p1a: Weezing|Defog|p2a: He jus kills
|-unboost|p2a: He jus kills|evasion|1
|-sideend|p1: erennotyaeger|Stealth Rock|[from] move: Defog|[of] p1a: Weezing
|move|p2a: He jus kills|Facade|p1a: Weezing
|-damage|p1a: Weezing|37/100
|
|-heal|p1a: Weezing|43/100|[from] item: Leftovers
|-damage|p2a: He jus kills|82/100 brn|[from] brn
|upkeep
|turn|21
|
|t:|1776193427
|move|p1a: Weezing|Protect|p1a: Weezing
|-singleturn|p1a: Weezing|Protect
|move|p2a: He jus kills|Ice Punch|p1a: Weezing
|-activate|p1a: Weezing|move: Protect
|
|-heal|p1a: Weezing|49/100|[from] item: Leftovers
|-damage|p2a: He jus kills|76/100 brn|[from] brn
|upkeep
|turn|22
|
|t:|1776193430
|-end|p1a: Weezing|ability: Neutralizing Gas
|switch|p1a: Fogbound Lake|Alomomola, F|100/100
|move|p2a: He jus kills|Headlong Rush|p1a: Fogbound Lake
|-damage|p1a: Fogbound Lake|45/100
|-unboost|p2a: He jus kills|def|1
|-unboost|p2a: He jus kills|spd|1
|-damage|p2a: He jus kills|60/100 brn|[from] item: Rocky Helmet|[of] p1a: Fogbound Lake
|
|-damage|p2a: He jus kills|53/100 brn|[from] brn
|upkeep
|turn|23
|
|t:|1776193440
|switch|p2a: Ford F150 :(|Alomomola, M|58/100 tox
|move|p1a: Fogbound Lake|Protect||[still]
|-fail|p1a: Fogbound Lake
|
|-damage|p2a: Ford F150 :(|51/100 tox|[from] psn
|upkeep
|turn|24
|
|t:|1776193449
|move|p1a: Fogbound Lake|Flip Turn|p2a: Ford F150 :(
|-resisted|p2a: Ford F150 :(
|-damage|p2a: Ford F150 :(|46/100 tox
|-damage|p1a: Fogbound Lake|28/100|[from] item: Rocky Helmet|[of] p2a: Ford F150 :(
|
|t:|1776193455
|switch|p1a: Moody Blues|Dragapult, F|100/100|[from] Flip Turn
|move|p2a: Ford F150 :(|Wish|p2a: Ford F150 :(
|
|-damage|p2a: Ford F150 :(|34/100 tox|[from] psn
|upkeep
|turn|25
|
|t:|1776193462
|move|p2a: Ford F150 :(|Protect|p2a: Ford F150 :(
|-singleturn|p2a: Ford F150 :(|Protect
|move|p1a: Moody Blues|Dragon Darts|p2a: Ford F150 :(
|-activate|p2a: Ford F150 :(|move: Protect
|
|-heal|p2a: Ford F150 :(|83/100 tox|[from] move: Wish|[wisher] Ford F150 :(
|-damage|p2a: Ford F150 :(|65/100 tox|[from] psn
|upkeep
|turn|26
|
|t:|1776193469
|switch|p2a: Big and Greedy|Blissey, F|94/100
|move|p1a: Moody Blues|Dragon Darts|p2a: Big and Greedy
|-damage|p2a: Big and Greedy|55/100
|-anim|p1a: Moody Blues|Dragon Darts|p2a: Big and Greedy
|-damage|p2a: Big and Greedy|19/100
|
|-heal|p2a: Big and Greedy|25/100|[from] item: Leftovers
|upkeep
|turn|27
|
|t:|1776193483
|switch|p1a: Tiffany BlueStones|Kyurem, shiny|100/100
|-ability|p1a: Tiffany BlueStones|Pressure
|switch|p2a: NIGHT NIGHT|Corviknight, F|100/100
|-ability|p2a: NIGHT NIGHT|Pressure
|
|upkeep
|turn|28
|
|t:|1776193487
|move|p1a: Tiffany BlueStones|Freeze-Dry|p2a: NIGHT NIGHT
|-damage|p2a: NIGHT NIGHT|56/100
|move|p2a: NIGHT NIGHT|Roost|p2a: NIGHT NIGHT
|-heal|p2a: NIGHT NIGHT|100/100
|-singleturn|p2a: NIGHT NIGHT|move: Roost
|
|upkeep
|turn|29
|
|t:|1776193512
|move|p1a: Tiffany BlueStones|Freeze-Dry|p2a: NIGHT NIGHT
|-damage|p2a: NIGHT NIGHT|57/100
|move|p2a: NIGHT NIGHT|Roost|p2a: NIGHT NIGHT
|-heal|p2a: NIGHT NIGHT|100/100
|-singleturn|p2a: NIGHT NIGHT|move: Roost
|
|upkeep
|turn|30
|
|t:|1776193526
|switch|p2a: He’s just so fat|Dondozo, M|100/100
|move|p1a: Tiffany BlueStones|Freeze-Dry|p2a: He’s just so fat
|-supereffective|p2a: He’s just so fat
|-damage|p2a: He’s just so fat|25/100
|
|upkeep
|turn|31
|
|t:|1776193529
|move|p1a: Tiffany BlueStones|Freeze-Dry|p2a: He’s just so fat
|-supereffective|p2a: He’s just so fat
|-damage|p2a: He’s just so fat|0 fnt
|faint|p2a: He’s just so fat
|
|upkeep
|
|t:|1776193531
|switch|p2a: Big and Greedy|Blissey, F|25/100
|turn|32
|
|t:|1776193555
|switch|p1a: Moody Blues|Dragapult, F|100/100
|move|p2a: Big and Greedy|Soft-Boiled|p2a: Big and Greedy
|-heal|p2a: Big and Greedy|75/100
|
|-heal|p2a: Big and Greedy|81/100|[from] item: Leftovers
|upkeep
|turn|33
|
|t:|1776193570
|switch|p2a: Ford F150 :(|Alomomola, M|98/100 tox
|move|p1a: Moody Blues|U-turn|p2a: Ford F150 :(
|-damage|p2a: Ford F150 :(|76/100 tox
|-damage|p1a: Moody Blues|84/100|[from] item: Rocky Helmet|[of] p2a: Ford F150 :(
|
|t:|1776193576
|switch|p1a: Tiffany BlueStones|Kyurem, shiny|100/100|[from] U-turn
|-ability|p1a: Tiffany BlueStones|Pressure
|
|-damage|p2a: Ford F150 :(|70/100 tox|[from] psn
|upkeep
|turn|34
|
|t:|1776193586
|switch|p1a: Moody Blues|Dragapult, F|84/100
|-terastallize|p2a: Ford F150 :(|Steel
|move|p2a: Ford F150 :(|Mirror Coat||[still]
|-fail|p2a: Ford F150 :(
|
|-damage|p2a: Ford F150 :(|57/100 tox|[from] psn
|upkeep
|turn|35
|
|t:|1776193597
|switch|p2a: NIGHT NIGHT|Corviknight, F|100/100
|-ability|p2a: NIGHT NIGHT|Pressure
|move|p1a: Moody Blues|U-turn|p2a: NIGHT NIGHT
|-resisted|p2a: NIGHT NIGHT
|-damage|p2a: NIGHT NIGHT|95/100
|
|t:|1776193612
|switch|p1a: Tiffany BlueStones|Kyurem, shiny|100/100|[from] U-turn
|-ability|p1a: Tiffany BlueStones|Pressure
|
|-heal|p2a: NIGHT NIGHT|100/100|[from] item: Leftovers
|upkeep
|turn|36
|
|t:|1776193622
|switch|p1a: Alysa-Lu|Ting-Lu|100/100 slp
|-ability|p1a: Alysa-Lu|Vessel of Ruin
|switch|p2a: Big and Greedy|Blissey, F|81/100
|
|-heal|p2a: Big and Greedy|87/100|[from] item: Leftovers
|upkeep
|turn|37
|
|t:|1776193628
|move|p2a: Big and Greedy|Stealth Rock|p1a: Alysa-Lu
|-sidestart|p1: erennotyaeger|move: Stealth Rock
|cant|p1a: Alysa-Lu|slp
|
|-heal|p2a: Big and Greedy|93/100|[from] item: Leftovers
|upkeep
|turn|38
|
|t:|1776193638
|switch|p2a: Ford F150 :(|Alomomola, M, tera:Steel|90/100 tox
|cant|p1a: Alysa-Lu|slp
|
|-damage|p2a: Ford F150 :(|84/100 tox|[from] psn
|upkeep
|turn|39
|
|t:|1776193645
|switch|p2a: Just a little fun|Weezing-Galar, F|88/100
|-ability|p2a: Just a little fun|Neutralizing Gas
|-curestatus|p1a: Alysa-Lu|slp|[msg]
|move|p1a: Alysa-Lu|Earthquake|p2a: Just a little fun
|-supereffective|p2a: Just a little fun
|-damage|p2a: Just a little fun|41/100
|
|upkeep
|turn|40
|
|t:|1776193664
|switch|p1a: Fogbound Lake|Alomomola, F|62/100
|-damage|p1a: Fogbound Lake|49/100|[from] Stealth Rock
|move|p2a: Just a little fun|Will-O-Wisp|p1a: Fogbound Lake
|-status|p1a: Fogbound Lake|brn
|
|-damage|p1a: Fogbound Lake|43/100 brn|[from] brn
|upkeep
|turn|41
|
|t:|1776193674
|move|p2a: Just a little fun|Strange Steam|p1a: Fogbound Lake
|-damage|p1a: Fogbound Lake|13/100 brn
|move|p1a: Fogbound Lake|Flip Turn|p2a: Just a little fun
|-damage|p2a: Just a little fun|36/100
|
|t:|1776193688
|switch|p1a: Tiffany BlueStones|Kyurem, shiny|100/100|[from] Flip Turn
|-damage|p1a: Tiffany BlueStones|76/100|[from] Stealth Rock
|
|-heal|p1a: Tiffany BlueStones|82/100|[from] item: Leftovers
|upkeep
|turn|42
|
|t:|1776193697
|switch|p1a: Weezing|Weezing-Galar, F|49/100
|-ability|p1a: Weezing|Neutralizing Gas
|-damage|p1a: Weezing|37/100|[from] Stealth Rock
|switch|p2a: Big and Greedy|Blissey, F|93/100
|
|-heal|p1a: Weezing|43/100|[from] item: Leftovers
|-heal|p2a: Big and Greedy|99/100|[from] item: Leftovers
|upkeep
|turn|43
|
|t:|1776193703
|move|p1a: Weezing|Defog|p2a: Big and Greedy
|-unboost|p2a: Big and Greedy|evasion|1
|-sideend|p1: erennotyaeger|Stealth Rock|[from] move: Defog|[of] p1a: Weezing
|move|p2a: Big and Greedy|Seismic Toss|p1a: Weezing
|-damage|p1a: Weezing|13/100
|
|-heal|p1a: Weezing|19/100|[from] item: Leftovers
|-heal|p2a: Big and Greedy|100/100|[from] item: Leftovers
|upkeep
|turn|44
|
|t:|1776193709
|-end|p1a: Weezing|ability: Neutralizing Gas
|switch|p1a: Alysa-Lu|Ting-Lu|100/100
|-ability|p1a: Alysa-Lu|Vessel of Ruin
|move|p2a: Big and Greedy|Stealth Rock|p1a: Alysa-Lu
|-sidestart|p1: erennotyaeger|move: Stealth Rock
|
|upkeep
|turn|45
|
|t:|1776193717
|switch|p2a: Ford F150 :(|Alomomola, M, tera:Steel|100/100 tox
|move|p1a: Alysa-Lu|Stealth Rock|p2a: Ford F150 :(
|-sidestart|p2: Monkey D MinMin|move: Stealth Rock
|
|-damage|p2a: Ford F150 :(|94/100 tox|[from] psn
|upkeep
|turn|46
|
|t:|1776193719
|move|p1a: Alysa-Lu|Earthquake|p2a: Ford F150 :(
|-supereffective|p2a: Ford F150 :(
|-damage|p2a: Ford F150 :(|44/100 tox
|move|p2a: Ford F150 :(|Wish|p2a: Ford F150 :(
|
|-damage|p2a: Ford F150 :(|31/100 tox|[from] psn
|upkeep
|turn|47
|
|t:|1776193726
|switch|p2a: He jus kills|Ursaluna, F|53/100 brn
|-damage|p2a: He jus kills|47/100 brn|[from] Stealth Rock
|move|p1a: Alysa-Lu|Earthquake|p2a: He jus kills
|-damage|p2a: He jus kills|17/100 brn
|
|-heal|p2a: He jus kills|72/100 brn|[from] move: Wish|[wisher] Ford F150 :(
|-damage|p2a: He jus kills|66/100 brn|[from] brn
|upkeep
|turn|48
|
|t:|1776193738
|move|p2a: He jus kills|Facade|p1a: Alysa-Lu
|-damage|p1a: Alysa-Lu|26/100
|move|p1a: Alysa-Lu|Earthquake|p2a: He jus kills
|-damage|p2a: He jus kills|36/100 brn
|
|-heal|p1a: Alysa-Lu|32/100|[from] item: Leftovers
|-damage|p2a: He jus kills|30/100 brn|[from] brn
|upkeep
|turn|49
|
|t:|1776193747
|switch|p1a: Weezing|Weezing-Galar, F|19/100
|-ability|p1a: Weezing|Neutralizing Gas
|-damage|p1a: Weezing|7/100|[from] Stealth Rock
|move|p2a: He jus kills|Facade|p1a: Weezing
|-damage|p1a: Weezing|0 fnt
|faint|p1a: Weezing
|-end|p1a: Weezing|ability: Neutralizing Gas
|
|-damage|p2a: He jus kills|24/100 brn|[from] brn
|upkeep
|
|t:|1776193751
|switch|p1a: Moody Blues|Dragapult, F|84/100
|-damage|p1a: Moody Blues|72/100|[from] Stealth Rock
|turn|50
|
|t:|1776193755
|switch|p2a: NIGHT NIGHT|Corviknight, F|100/100
|-damage|p2a: NIGHT NIGHT|88/100|[from] Stealth Rock
|-ability|p2a: NIGHT NIGHT|Pressure
|move|p1a: Moody Blues|U-turn|p2a: NIGHT NIGHT
|-resisted|p2a: NIGHT NIGHT
|-damage|p2a: NIGHT NIGHT|82/100
|
|t:|1776193758
|switch|p1a: Tiffany BlueStones|Kyurem, shiny|82/100|[from] U-turn
|-damage|p1a: Tiffany BlueStones|57/100|[from] Stealth Rock
|-ability|p1a: Tiffany BlueStones|Pressure
|
|-heal|p1a: Tiffany BlueStones|63/100|[from] item: Leftovers
|-heal|p2a: NIGHT NIGHT|89/100|[from] item: Leftovers
|upkeep
|turn|51
|j| Whats good Nerevar
|
|t:|1776193761
|switch|p1a: Moody Blues|Dragapult, F|72/100
|-damage|p1a: Moody Blues|59/100|[from] Stealth Rock
|switch|p2a: Big and Greedy|Blissey, F|100/100
|-damage|p2a: Big and Greedy|88/100|[from] Stealth Rock
|
|-heal|p2a: Big and Greedy|94/100|[from] item: Leftovers
|upkeep
|turn|52
|
|t:|1776193767
|switch|p2a: Just a little fun|Weezing-Galar, F|36/100
|-ability|p2a: Just a little fun|Neutralizing Gas
|move|p1a: Moody Blues|Dragon Darts|p2a: Just a little fun
|-immune|p2a: Just a little fun
|
|upkeep
|turn|53
|
|t:|1776193772
|switch|p1a: Fogbound Lake|Alomomola, F|13/100 brn
|-damage|p1a: Fogbound Lake|0 fnt|[from] Stealth Rock
|faint|p1a: Fogbound Lake
|move|p2a: Just a little fun|Strange Steam|p1: Fogbound Lake|[notarget]
|-fail|p2a: Just a little fun
|
|upkeep
|
|t:|1776193775
|switch|p1a: Tiffany BlueStones|Kyurem, shiny|63/100
|-damage|p1a: Tiffany BlueStones|38/100|[from] Stealth Rock
|turn|54
|c|☆Monkey D MinMin|Another bot joined
|
|t:|1776193797
|-end|p2a: Just a little fun|ability: Neutralizing Gas
|-ability|p1a: Tiffany BlueStones|Pressure
|switch|p2a: Big and Greedy|Blissey, F|94/100
|-damage|p2a: Big and Greedy|82/100|[from] Stealth Rock
|move|p1a: Tiffany BlueStones|Earth Power|p2a: Big and Greedy
|-damage|p2a: Big and Greedy|71/100
|
|-heal|p1a: Tiffany BlueStones|44/100|[from] item: Leftovers
|-heal|p2a: Big and Greedy|77/100|[from] item: Leftovers
|upkeep
|turn|55
|
|t:|1776193804
|move|p1a: Tiffany BlueStones|Freeze-Dry|p2a: Big and Greedy
|-damage|p2a: Big and Greedy|66/100
|move|p2a: Big and Greedy|Seismic Toss|p1a: Tiffany BlueStones
|-damage|p1a: Tiffany BlueStones|19/100
|
|-heal|p1a: Tiffany BlueStones|25/100|[from] item: Leftovers
|-heal|p2a: Big and Greedy|73/100|[from] item: Leftovers
|upkeep
|turn|56
|c|☆erennotyaeger|weird
|c|☆erennotyaeger|gg
|c|☆Monkey D MinMin|Gg
|-message|erennotyaeger forfeited.
|
|win|Monkey D MinMin
|raw|erennotyaeger's rating: 1687 &rarr; <strong>1672</strong><br />(-15 for losing)
|raw|Monkey D MinMin's rating: 1770 &rarr; <strong>1785</strong><br />(+15 for winning)
|l|☆erennotyaeger
|player|p1|
|l| gfitzy
|l| Whats good Nerevar
