|html|<div class="broadcast-blue"><strong>[Gen 9] OU is currently suspecting Tera Blast! For information on how to participate check out the <a href="https://www.smogon.com/tools/suspects/view/200">suspect thread</a>.</strong></div>
|j|☆Darth Toran
|j|☆def_pid
|t:|1776226267
|gametype|singles
|player|p1|Darth Toran|169|1307
|player|p2|def_pid|miku-ground|1324
|gen|9
|tier|[Gen 9] OU
|rated|
|rule|HP Percentage Mod: HP is shown in percentages
|rule|Endless Battle Clause: Forcing endless battles is banned
|rule|Species Clause: Limit one of each Pokémon
|rule|OHKO Clause: OHKO moves are banned
|rule|Evasion Items Clause: Evasion items are banned
|rule|Evasion Moves Clause: Evasion moves are banned
|rule|Evasion Abilities Clause: Evasion abilities are banned
|rule|Sleep Moves Clause: Sleep-inducing moves are banned
|clearpoke
|poke|p1|Moltres|
|poke|p1|Great Tusk|
|poke|p1|Enamorus, F|
|poke|p1|Slowking-Galar, M|
|poke|p1|Ogerpon, F|
|poke|p1|Kingambit, M|
|poke|p2|Ogerpon-Wellspring, F|
|poke|p2|Raging Bolt|
|poke|p2|Alomomola, F|
|poke|p2|Cinderace, M|
|poke|p2|Kingambit, M|
|poke|p2|Landorus-Therian, M|
|teampreview
|inactive|Battle timer is ON: inactive players will automatically lose when time's up. (requested by def_pid)
|
|t:|1776226279
|teamsize|p1|6
|teamsize|p2|6
|start
|switch|p1a: Behemoth|Great Tusk, shiny|100/100
|switch|p2a: junon|Raging Bolt|100/100
|turn|1
|
|t:|1776226289
|-end|p2a: junon|Protosynthesis|[silent]
|switch|p2a: big bonga|Landorus-Therian, M|100/100
|-ability|p2a: big bonga|Intimidate|boost
|-unboost|p1a: Behemoth|atk|1
|move|p1a: Behemoth|Stealth Rock|p2a: big bonga
|-sidestart|p2: def_pid|move: Stealth Rock
|
|upkeep
|turn|2
|
|t:|1776226294
|move|p2a: big bonga|Stealth Rock|p1a: Behemoth
|-sidestart|p1: Darth Toran|move: Stealth Rock
|move|p1a: Behemoth|Ice Spinner|p2a: big bonga
|-supereffective|p2a: big bonga
|-damage|p2a: big bonga|33/100
|
|-heal|p2a: big bonga|39/100|[from] item: Leftovers
|upkeep
|turn|3
|
|t:|1776226300
|move|p2a: big bonga|U-turn|p1a: Behemoth
|-resisted|p1a: Behemoth
|-damage|p1a: Behemoth|92/100
|-damage|p2a: big bonga|22/100|[from] item: Rocky Helmet|[of] p1a: Behemoth
|
|t:|1776226303
|switch|p2a: medium bonga|Alomomola, F|100/100|[from] U-turn
|move|p1a: Behemoth|Rapid Spin|p2a: medium bonga
|-damage|p2a: medium bonga|96/100
|-boost|p1a: Behemoth|spe|1
|-sideend|p1: Darth Toran|Stealth Rock|[from] move: Rapid Spin|[of] p1a: Behemoth
|
|upkeep
|turn|4
|
|t:|1776226311
|-end|p1a: Behemoth|Protosynthesis|[silent]
|switch|p1a: Mantra|Slowking-Galar, M, shiny|100/100
|move|p2a: medium bonga|Scald|p1a: Mantra
|-damage|p1a: Mantra|94/100
|
|upkeep
|turn|5
|
|t:|1776226317
|move|p2a: medium bonga|Wish|p2a: medium bonga
|move|p1a: Mantra|Sludge Bomb|p2a: medium bonga
|-damage|p2a: medium bonga|55/100
|
|upkeep
|turn|6
|
|t:|1776226329
|move|p2a: medium bonga|Protect|p2a: medium bonga
|-singleturn|p2a: medium bonga|Protect
|move|p1a: Mantra|Sludge Bomb|p2a: medium bonga
|-activate|p2a: medium bonga|move: Protect
|
|-heal|p2a: medium bonga|100/100|[from] move: Wish|[wisher] medium bonga
|upkeep
|turn|7
|
|t:|1776226333
|switch|p2a: wide bonga|Kingambit, M|100/100
|-damage|p2a: wide bonga|94/100|[from] Stealth Rock
|move|p1a: Mantra|Sludge Bomb|p2a: wide bonga
|-immune|p2a: wide bonga
|
|upkeep
|turn|8
|
|t:|1776226340
|switch|p1a: Gin|Enamorus, F, shiny|100/100
|move|p2a: wide bonga|Swords Dance|p2a: wide bonga
|-boost|p2a: wide bonga|atk|2
|
|upkeep
|turn|9
|
|t:|1776226363
|-end|p2a: wide bonga|fallenundefined|[silent]
|switch|p2a: medium bonga|Alomomola, F|100/100
|move|p1a: Gin|Earth Power|p2a: medium bonga
|-damage|p2a: medium bonga|61/100
|-unboost|p2a: medium bonga|spd|1
|
|upkeep
|turn|10
|
|t:|1776226373
|move|p1a: Gin|Earth Power|p2a: medium bonga
|-damage|p2a: medium bonga|0 fnt
|faint|p2a: medium bonga
|
|upkeep
|
|t:|1776226383
|switch|p2a: junon|Raging Bolt|100/100
|-damage|p2a: junon|88/100|[from] Stealth Rock
|turn|11
|
|t:|1776226388
|-terastallize|p1a: Gin|Ground
|move|p1a: Gin|Earth Power|p2a: junon
|-supereffective|p2a: junon
|-damage|p2a: junon|0 fnt
|faint|p2a: junon
|-end|p2a: junon|Protosynthesis|[silent]
|
|upkeep
|
|t:|1776226394
|switch|p2a: exfoliage|Ogerpon-Wellspring, F|100/100
|-damage|p2a: exfoliage|88/100|[from] Stealth Rock
|turn|12
|
|t:|1776226401
|switch|p1a: Anonymous|Ogerpon, F|100/100
|move|p2a: exfoliage|Swords Dance|p2a: exfoliage
|-boost|p2a: exfoliage|atk|2
|
|upkeep
|turn|13
|
|t:|1776226404
|move|p2a: exfoliage|Knock Off|p1a: Anonymous
|-damage|p1a: Anonymous|7/100
|-enditem|p1a: Anonymous|Choice Band|[from] move: Knock Off|[of] p2a: exfoliage
|move|p1a: Anonymous|U-turn|p2a: exfoliage
|-supereffective|p2a: exfoliage
|-damage|p2a: exfoliage|23/100
|
|t:|1776226410
|switch|p1a: Overgod|Kingambit, M, shiny|100/100|[from] U-turn
|
|upkeep
|turn|14
|
|t:|1776226413
|move|p1a: Overgod|Sucker Punch||[still]
|-fail|p1a: Overgod
|move|p2a: exfoliage|Swords Dance|p2a: exfoliage
|-boost|p2a: exfoliage|atk|2
|
|upkeep
|turn|15
|
|t:|1776226416
|move|p1a: Overgod|Sucker Punch||[still]
|-fail|p1a: Overgod
|move|p2a: exfoliage|Swords Dance|p2a: exfoliage
|-boost|p2a: exfoliage|atk|2
|
|upkeep
|turn|16
|
|t:|1776226419
|move|p1a: Overgod|Sucker Punch|p2a: exfoliage
|-damage|p2a: exfoliage|0 fnt
|faint|p2a: exfoliage
|
|upkeep
|
|t:|1776226421
|switch|p2a: tall bonga|Cinderace, M|100/100
|turn|17
|
|t:|1776226426
|-end|p1a: Overgod|fallenundefined|[silent]
|switch|p1a: Anonymous|Ogerpon, F|7/100
|move|p2a: tall bonga|Will-O-Wisp|p1a: Anonymous
|-status|p1a: Anonymous|brn
|
|-damage|p1a: Anonymous|1/100 brn|[from] brn
|upkeep
|turn|18
|
|t:|1776226431
|move|p2a: tall bonga|Court Change|p2a: tall bonga
|-swapsideconditions
|-activate|p2a: tall bonga|move: Court Change
|move|p1a: Anonymous|Rock Tomb|p2a: tall bonga
|-supereffective|p2a: tall bonga
|-damage|p2a: tall bonga|78/100
|-unboost|p2a: tall bonga|spe|1
|
|-damage|p1a: Anonymous|0 fnt|[from] brn
|faint|p1a: Anonymous
|upkeep
|
|t:|1776226438
|switch|p1a: Behemoth|Great Tusk, shiny|92/100
|-damage|p1a: Behemoth|89/100|[from] Stealth Rock
|turn|19
|
|t:|1776226441
|move|p1a: Behemoth|Rapid Spin|p2a: tall bonga
|-damage|p2a: tall bonga|61/100
|-boost|p1a: Behemoth|spe|1
|-sideend|p1: Darth Toran|Stealth Rock|[from] move: Rapid Spin|[of] p1a: Behemoth
|move|p2a: tall bonga|Will-O-Wisp|p1a: Behemoth
|-status|p1a: Behemoth|brn
|
|-damage|p1a: Behemoth|83/100 brn|[from] brn
|upkeep
|turn|20
|
|t:|1776226447
|switch|p2a: big bonga|Landorus-Therian, M|22/100
|-ability|p2a: big bonga|Intimidate|boost
|-unboost|p1a: Behemoth|atk|1
|move|p1a: Behemoth|Headlong Rush|p2a: big bonga
|-immune|p2a: big bonga
|
|-heal|p2a: big bonga|28/100|[from] item: Leftovers
|-damage|p1a: Behemoth|77/100 brn|[from] brn
|upkeep
|turn|21
|
|t:|1776226451
|move|p1a: Behemoth|Ice Spinner|p2a: big bonga
|-supereffective|p2a: big bonga
|-damage|p2a: big bonga|0 fnt
|faint|p2a: big bonga
|
|-damage|p1a: Behemoth|70/100 brn|[from] brn
|upkeep
|
|t:|1776226457
|switch|p2a: tall bonga|Cinderace, M|61/100
|turn|22
|
|t:|1776226471
|move|p1a: Behemoth|Headlong Rush|p2a: tall bonga
|-supereffective|p2a: tall bonga
|-damage|p2a: tall bonga|20/100
|-unboost|p1a: Behemoth|def|1
|-unboost|p1a: Behemoth|spd|1
|move|p2a: tall bonga|Pyro Ball|p1a: Behemoth
|-damage|p1a: Behemoth|0 fnt
|faint|p1a: Behemoth
|-end|p1a: Behemoth|Protosynthesis|[silent]
|
|upkeep
|
|t:|1776226480
|switch|p1a: Gin|Enamorus, F, shiny, tera:Ground|100/100
|turn|23
|
|t:|1776226484
|move|p1a: Gin|Earth Power|p2a: tall bonga
|-supereffective|p2a: tall bonga
|-damage|p2a: tall bonga|0 fnt
|faint|p2a: tall bonga
|
|upkeep
|
|t:|1776226487
|switch|p2a: wide bonga|Kingambit, M|94/100
|-activate|p2a: wide bonga|ability: Supreme Overlord
|-start|p2a: wide bonga|fallen5|[silent]
|turn|24
|
|t:|1776226490
|-terastallize|p2a: wide bonga|Flying
|move|p1a: Gin|Earth Power|p2a: wide bonga
|-immune|p2a: wide bonga
|move|p2a: wide bonga|Swords Dance|p2a: wide bonga
|-boost|p2a: wide bonga|atk|2
|
|upkeep
|turn|25
|
|t:|1776226500
|switch|p1a: Moltres|Moltres|100/100
|move|p2a: wide bonga|Swords Dance|p2a: wide bonga
|-boost|p2a: wide bonga|atk|2
|
|upkeep
|turn|26
|
|t:|1776226505
|move|p1a: Moltres|Will-O-Wisp|p2a: wide bonga
|-status|p2a: wide bonga|brn
|move|p2a: wide bonga|Kowtow Cleave|p1a: Moltres
|-damage|p1a: Moltres|11/100
|
|-damage|p2a: wide bonga|88/100 brn|[from] brn
|upkeep
|turn|27
|
|t:|1776226511
|move|p2a: wide bonga|Sucker Punch|p1a: Moltres
|-damage|p1a: Moltres|0 fnt
|faint|p1a: Moltres
|
|-damage|p2a: wide bonga|82/100 brn|[from] brn
|upkeep
|
|t:|1776226515
|switch|p1a: Gin|Enamorus, F, shiny, tera:Ground|100/100
|turn|28
|
|t:|1776226519
|move|p2a: wide bonga|Sucker Punch|p1a: Gin
|-damage|p1a: Gin|0 fnt
|faint|p1a: Gin
|
|-damage|p2a: wide bonga|76/100 brn|[from] brn
|upkeep
|
|t:|1776226525
|switch|p1a: Overgod|Kingambit, M, shiny|100/100
|-activate|p1a: Overgod|ability: Supreme Overlord
|-start|p1a: Overgod|fallen4|[silent]
|turn|29
|
|t:|1776226530
|move|p2a: wide bonga|Kowtow Cleave|p1a: Overgod
|-resisted|p1a: Overgod
|-damage|p1a: Overgod|54/100
|move|p1a: Overgod|Kowtow Cleave|p2a: wide bonga
|-damage|p2a: wide bonga|25/100 brn
|
|-heal|p1a: Overgod|60/100|[from] item: Leftovers
|-damage|p2a: wide bonga|19/100 brn|[from] brn
|upkeep
|turn|30
|
|t:|1776226538
|move|p2a: wide bonga|Sucker Punch|p1a: Overgod
|-resisted|p1a: Overgod
|-damage|p1a: Overgod|23/100
|move|p1a: Overgod|Sucker Punch||[still]
|-fail|p1a: Overgod
|
|-heal|p1a: Overgod|29/100|[from] item: Leftovers
|-damage|p2a: wide bonga|13/100 brn|[from] brn
|upkeep
|turn|31
|
|t:|1776226544
|move|p2a: wide bonga|Kowtow Cleave|p1a: Overgod
|-resisted|p1a: Overgod
|-damage|p1a: Overgod|0 fnt
|faint|p1a: Overgod
|-end|p1a: Overgod|fallen4|[silent]
|
|-damage|p2a: wide bonga|6/100 brn|[from] brn
|upkeep
|
|t:|1776226547
|switch|p1a: Mantra|Slowking-Galar, M, shiny|100/100
|turn|32
|
|t:|1776226553
|move|p2a: wide bonga|Kowtow Cleave|p1a: Mantra
|-supereffective|p1a: Mantra
|-damage|p1a: Mantra|0 fnt
|faint|p1a: Mantra
|
|win|def_pid
|raw|Darth Toran's rating: 1307 &rarr; <strong>1288</strong><br />(-19 for losing)
|raw|def_pid's rating: 1324 &rarr; <strong>1343</strong><br />(+19 for winning)
|l|☆Darth Toran
|player|p1|
|c|☆def_pid|gg
