|html|<div class="broadcast-blue"><strong>[Gen 9] OU is currently suspecting Tera Blast! For information on how to participate check out the <a href="https://www.smogon.com/tools/suspects/view/200">suspect thread</a>.</strong></div>
|j|☆ChocoCookieGame
|j|☆Versato
|t:|1776098848
|gametype|singles
|player|p1|ChocoCookieGame|hilda|1350
|player|p2|Versato|lucas|1341
|gen|9
|tier|[Gen 9] OU
|rated|
|rule|HP Percentage Mod: HP is shown in percentages
|rule|Endless Battle Clause: Forcing endless battles is banned
|rule|Species Clause: Limit one of each Pokémon
|rule|OHKO Clause: OHKO moves are banned
|rule|Evasion Items Clause: Evasion items are banned
|rule|Evasion Moves Clause: Evasion moves are banned
|rule|Evasion Abilities Clause: Evasion abilities are banned
|rule|Sleep Moves Clause: Sleep-inducing moves are banned
|clearpoke
|poke|p1|Meowscarada, F|
|poke|p1|Garganacl, M|
|poke|p1|Iron Valiant|
|poke|p1|Corviknight, F|
|poke|p1|Slowking-Galar, F|
|poke|p1|Primarina, M|
|poke|p2|Weavile, M|
|poke|p2|Landorus-Therian, M|
|poke|p2|Hoopa-Unbound|
|poke|p2|Haxorus, F|
|poke|p2|Scizor, F|
|poke|p2|Slaking, F|
|teampreview
|inactive|Battle timer is ON: inactive players will automatically lose when time's up. (requested by Versato)
|
|t:|1776098866
|teamsize|p1|6
|teamsize|p2|6
|start
|switch|p1a: Corviknight|Corviknight, F|100/100
|switch|p2a: Weavile|Weavile, M|100/100
|-ability|p2a: Weavile|Pressure
|turn|1
|
|t:|1776098873
|-terastallize|p2a: Weavile|Dark
|move|p2a: Weavile|Beat Up|p1a: Corviknight
|-damage|p1a: Corviknight|87/100
|-damage|p1a: Corviknight|71/100
|-damage|p1a: Corviknight|52/100
|-damage|p1a: Corviknight|38/100
|-damage|p1a: Corviknight|23/100
|-damage|p1a: Corviknight|7/100
|-hitcount|p1a: Corviknight|6
|move|p1a: Corviknight|U-turn|p2a: Weavile
|-supereffective|p2a: Weavile
|-damage|p2a: Weavile|31/100
|
|t:|1776098894
|switch|p1a: Primarina|Primarina, M|100/100|[from] U-turn
|
|upkeep
|turn|2
|
|t:|1776098903
|switch|p2a: Hoopa|Hoopa-Unbound|100/100
|move|p1a: Primarina|Sparkling Aria|p2a: Hoopa
|-damage|p2a: Hoopa|76/100
|
|upkeep
|turn|3
|
|t:|1776098915
|move|p2a: Hoopa|Energy Ball|p1a: Primarina
|-supereffective|p1a: Primarina
|-damage|p1a: Primarina|29/100
|move|p1a: Primarina|Moonblast|p2a: Hoopa
|-supereffective|p2a: Hoopa
|-damage|p2a: Hoopa|24/100
|
|-heal|p1a: Primarina|35/100|[from] item: Leftovers
|upkeep
|turn|4
|
|t:|1776098927
|move|p2a: Hoopa|Thunderbolt|p1a: Primarina
|-supereffective|p1a: Primarina
|-damage|p1a: Primarina|0 fnt
|faint|p1a: Primarina
|
|upkeep
|
|t:|1776098930
|switch|p1a: Giras|Meowscarada, F|100/100
|turn|5
|
|t:|1776098935
|switch|p2a: Landorus|Landorus-Therian, M|100/100
|-ability|p2a: Landorus|Intimidate|boost
|-unboost|p1a: Giras|atk|1
|move|p1a: Giras|Flower Trick|p2a: Landorus
|-crit|p2a: Landorus
|-damage|p2a: Landorus|51/100
|
|upkeep
|turn|6
|
|t:|1776098944
|move|p1a: Giras|Triple Axel|p2a: Landorus
|-supereffective|p2a: Landorus
|-damage|p2a: Landorus|35/100
|-damage|p1a: Giras|84/100|[from] item: Rocky Helmet|[of] p2a: Landorus
|-supereffective|p2a: Landorus
|-damage|p2a: Landorus|6/100
|-damage|p1a: Giras|68/100|[from] item: Rocky Helmet|[of] p2a: Landorus
|-supereffective|p2a: Landorus
|-damage|p2a: Landorus|0 fnt
|-damage|p1a: Giras|51/100|[from] item: Rocky Helmet|[of] p2a: Landorus
|faint|p2a: Landorus
|-hitcount|p2: Landorus|3
|
|upkeep
|
|t:|1776098955
|switch|p2a: Weavile|Weavile, M, tera:Dark|31/100
|-ability|p2a: Weavile|Pressure
|turn|7
|
|t:|1776098960
|switch|p1a: Corviknight|Corviknight, F|7/100
|move|p2a: Weavile|Beat Up|p1a: Corviknight
|-damage|p1a: Corviknight|0 fnt
|faint|p1a: Corviknight
|-hitcount|p1: Corviknight|1
|
|upkeep
|
|t:|1776098969
|switch|p1a: Vall|Iron Valiant, shiny|100/100
|-enditem|p1a: Vall|Booster Energy
|-activate|p1a: Vall|ability: Quark Drive|[fromitem]
|-start|p1a: Vall|quarkdrivespe
|turn|8
|
|t:|1776098975
|switch|p2a: Hoopa|Hoopa-Unbound|24/100
|move|p1a: Vall|Aura Sphere|p2a: Hoopa
|-damage|p2a: Hoopa|2/100
|
|upkeep
|turn|9
|
|t:|1776098982
|move|p1a: Vall|Aura Sphere|p2a: Hoopa
|-damage|p2a: Hoopa|0 fnt
|faint|p2a: Hoopa
|
|upkeep
|
|t:|1776098986
|switch|p2a: Scizor|Scizor, F|100/100
|turn|10
|
|t:|1776098991
|-terastallize|p1a: Vall|Ground
|move|p2a: Scizor|Bullet Punch|p1a: Vall
|-damage|p1a: Vall|34/100
|move|p1a: Vall|Aura Sphere|p2a: Scizor
|-damage|p2a: Scizor|50/100
|
|upkeep
|turn|11
|
|t:|1776098998
|-end|p1a: Vall|Quark Drive|[silent]
|switch|p1a: Slowking|Slowking-Galar, F|100/100
|move|p2a: Scizor|Bullet Punch|p1a: Slowking
|-damage|p1a: Slowking|50/100
|-enditem|p1a: Slowking|Sitrus Berry|[eat]
|-heal|p1a: Slowking|75/100|[from] item: Sitrus Berry
|
|upkeep
|turn|12
|
|t:|1776099005
|switch|p2a: Slaking|Slaking, F|100/100
|-prepare|p1a: Slowking|Chilly Reception|[premajor]
|move|p1a: Slowking|Chilly Reception|p1a: Slowking
|-weather|Snowscape
|
|t:|1776099011
|switch|p1a: Garganacl|Garganacl, M|100/100|[from] Chilly Reception
|
|-weather|Snowscape|[upkeep]
|upkeep
|turn|13
|
|t:|1776099015
|move|p2a: Slaking|Drain Punch|p1a: Garganacl
|-supereffective|p1a: Garganacl
|-damage|p1a: Garganacl|33/100
|move|p1a: Garganacl|Salt Cure|p2a: Slaking
|-damage|p2a: Slaking|91/100
|-start|p2a: Slaking|Salt Cure
|
|-weather|Snowscape|[upkeep]
|-damage|p2a: Slaking|79/100|[from] Salt Cure
|upkeep
|turn|14
|
|t:|1776099024
|switch|p2a: Scizor|Scizor, F|50/100
|move|p1a: Garganacl|Recover|p1a: Garganacl
|-heal|p1a: Garganacl|83/100
|
|-weather|Snowscape|[upkeep]
|upkeep
|turn|15
|
|t:|1776099030
|move|p2a: Scizor|Bullet Punch|p1a: Garganacl
|-supereffective|p1a: Garganacl
|-damage|p1a: Garganacl|14/100
|-enditem|p1a: Garganacl|Aguav Berry|[eat]
|-heal|p1a: Garganacl|47/100|[from] item: Aguav Berry
|move|p1a: Garganacl|Salt Cure|p2a: Scizor
|-damage|p2a: Scizor|35/100
|-start|p2a: Scizor|Salt Cure
|
|-weather|Snowscape|[upkeep]
|-damage|p2a: Scizor|10/100|[from] Salt Cure
|upkeep
|turn|16
|
|t:|1776099040
|move|p2a: Scizor|Bullet Punch|p1a: Garganacl
|-supereffective|p1a: Garganacl
|-damage|p1a: Garganacl|0 fnt
|faint|p1a: Garganacl
|
|-weather|none
|-damage|p2a: Scizor|0 fnt|[from] Salt Cure
|faint|p2a: Scizor
|upkeep
|
|t:|1776099053
|switch|p2a: Weavile|Weavile, M, tera:Dark|31/100
|switch|p1a: Slowking|Slowking-Galar, F|100/100
|-ability|p2a: Weavile|Pressure
|turn|17
|
|t:|1776099063
|move|p2a: Weavile|Beat Up|p1a: Slowking
|-supereffective|p1a: Slowking
|-damage|p1a: Slowking|69/100
|-supereffective|p1a: Slowking
|-damage|p1a: Slowking|35/100
|-supereffective|p1a: Slowking
|-damage|p1a: Slowking|0 fnt
|faint|p1a: Slowking
|-hitcount|p1: Slowking|3
|
|upkeep
|
|t:|1776099070
|switch|p1a: Giras|Meowscarada, F|51/100
|turn|18
|
|t:|1776099073
|switch|p2a: Slaking|Slaking, F|79/100
|move|p1a: Giras|Flower Trick|p2a: Slaking
|-crit|p2a: Slaking
|-damage|p2a: Slaking|47/100
|
|upkeep
|turn|19
|
|t:|1776099081
|move|p2a: Slaking|Sucker Punch|p1a: Giras
|-resisted|p1a: Giras
|-damage|p1a: Giras|15/100
|move|p1a: Giras|Flower Trick|p2a: Slaking
|-crit|p2a: Slaking
|-damage|p2a: Slaking|1/100
|
|upkeep
|turn|20
|
|t:|1776099089
|switch|p2a: Haxorus|Haxorus, F|100/100
|-ability|p2a: Haxorus|Mold Breaker
|move|p1a: Giras|Hone Claws|p1a: Giras
|-boost|p1a: Giras|atk|1
|-boost|p1a: Giras|accuracy|1
|
|upkeep
|turn|21
|
|t:|1776099100
|move|p2a: Haxorus|First Impression|p1a: Giras
|-supereffective|p1a: Giras
|-damage|p1a: Giras|0 fnt
|faint|p1a: Giras
|-damage|p2a: Haxorus|91/100|[from] item: Life Orb
|
|upkeep
|-message|ChocoCookieGame forfeited.
|
|win|Versato
|raw|ChocoCookieGame's rating: 1350 &rarr; <strong>1329</strong><br />(-21 for losing)
|raw|Versato's rating: 1341 &rarr; <strong>1362</strong><br />(+21 for winning)
|l|☆Versato
|player|p2|
|c|☆ChocoCookieGame|didn't even know it got that
|l|☆ChocoCookieGame
|player|p1|
