|html|<div class="broadcast-blue"><strong>[Gen 9] OU is currently suspecting Volcarona! For information on how to participate check out the <a href="https://www.smogon.com/tools/suspects/view/208">suspect thread</a>.</strong></div>
|j|☆InfinityPokeRang3r
|j|☆Dispear04
|t:|1778508159
|gametype|singles
|player|p1|InfinityPokeRang3r|ingo|1387
|player|p2|Dispear04|miku-ghost|1362
|gen|9
|tier|[Gen 9] OU
|rated|
|rule|HP Percentage Mod: HP is shown in percentages
|rule|Endless Battle Clause: Forcing endless battles is banned
|rule|Species Clause: Limit one of each Pokémon
|rule|OHKO Clause: OHKO moves are banned
|rule|Evasion Items Clause: Evasion items are banned
|rule|Evasion Moves Clause: Evasion moves are banned
|rule|Evasion Abilities Clause: Evasion abilities are banned
|rule|Sleep Moves Clause: Sleep-inducing moves are banned
|clearpoke
|poke|p1|Glimmora, F|
|poke|p1|Zapdos-Galar|
|poke|p1|Kyurem|
|poke|p1|Araquanid, M|
|poke|p1|Iron Treads|
|poke|p1|Sinistcha-Masterpiece|
|poke|p2|Hydrapple, F|
|poke|p2|Slowking, M|
|poke|p2|Great Tusk|
|poke|p2|Moltres|
|poke|p2|Zamazenta-*|
|poke|p2|Kingambit, F|
|teampreview
|inactive|Battle timer is ON: inactive players will automatically lose when time's up. (requested by Dispear04)
|
|t:|1778508171
|teamsize|p1|6
|teamsize|p2|6
|start
|switch|p1a: Araquanid|Araquanid, M|100/100
|switch|p2a: Hydrapple|Hydrapple, F|100/100
|turn|1
|
|t:|1778508178
|move|p2a: Hydrapple|Nasty Plot|p2a: Hydrapple
|-boost|p2a: Hydrapple|spa|2
|move|p1a: Araquanid|Leech Life|p2a: Hydrapple
|-supereffective|p2a: Hydrapple
|-damage|p2a: Hydrapple|47/100
|
|upkeep
|turn|2
|
|t:|1778508184
|-terastallize|p2a: Hydrapple|Poison
|move|p2a: Hydrapple|Fickle Beam|p1a: Araquanid|[anim] Fickle Beam All Out
|-activate|p2a: Hydrapple|move: Fickle Beam
|-damage|p1a: Araquanid|0 fnt
|faint|p1a: Araquanid
|-damage|p2a: Hydrapple|37/100|[from] item: Life Orb
|
|upkeep
|
|t:|1778508191
|switch|p1a: Iron Treads|Iron Treads|100/100
|turn|3
|j| mono_8427109
|
|t:|1778508198
|switch|p2a: Moltres|Moltres|100/100
|move|p1a: Iron Treads|Earthquake|p2a: Moltres
|-immune|p2a: Moltres
|
|upkeep
|turn|4
|
|t:|1778508202
|-end|p1a: Iron Treads|Quark Drive|[silent]
|switch|p1a: Glimmora|Glimmora, F|100/100
|move|p2a: Moltres|Flamethrower|p1a: Glimmora
|-resisted|p1a: Glimmora
|-damage|p1a: Glimmora|76/100
|
|upkeep
|turn|5
|
|t:|1778508225
|switch|p2a: Great Tusk|Great Tusk|100/100
|move|p1a: Glimmora|Mortal Spin|p2a: Great Tusk
|-resisted|p2a: Great Tusk
|-damage|p2a: Great Tusk|98/100
|-status|p2a: Great Tusk|psn
|
|-damage|p2a: Great Tusk|86/100 psn|[from] psn
|upkeep
|turn|6
|
|t:|1778508237
|switch|p1a: Sinistcha|Sinistcha-Masterpiece|100/100
|move|p2a: Great Tusk|Headlong Rush|p1a: Sinistcha
|-resisted|p1a: Sinistcha
|-damage|p1a: Sinistcha|73/100
|-unboost|p2a: Great Tusk|def|1
|-unboost|p2a: Great Tusk|spd|1
|
|-damage|p2a: Great Tusk|73/100 psn|[from] psn
|upkeep
|turn|7
|
|t:|1778508248
|-end|p2a: Great Tusk|Protosynthesis|[silent]
|switch|p2a: Moltres|Moltres|100/100
|move|p1a: Sinistcha|Calm Mind|p1a: Sinistcha
|-boost|p1a: Sinistcha|spa|1
|-boost|p1a: Sinistcha|spd|1
|
|upkeep
|turn|8
|
|t:|1778508255
|move|p1a: Sinistcha|Hex|p2a: Moltres
|-damage|p2a: Moltres|54/100
|move|p2a: Moltres|Roar|p1a: Sinistcha
|drag|p1a: Kyurem|Kyurem|100/100
|-ability|p1a: Kyurem|Pressure
|
|upkeep
|turn|9
|
|t:|1778508267
|move|p1a: Kyurem|Freeze-Dry|p2a: Moltres
|-damage|p2a: Moltres|0 fnt
|faint|p2a: Moltres
|
|upkeep
|
|t:|1778508271
|switch|p2a: Hydrapple|Hydrapple, F, tera:Poison|70/100
|turn|10
|
|t:|1778508288
|switch|p1a: Iron Treads|Iron Treads|100/100
|move|p2a: Hydrapple|Fickle Beam|p1a: Iron Treads
|-resisted|p1a: Iron Treads
|-damage|p1a: Iron Treads|74/100
|-damage|p2a: Hydrapple|60/100|[from] item: Life Orb
|
|upkeep
|turn|11
|
|t:|1778508299
|-end|p1a: Iron Treads|Quark Drive|[silent]
|switch|p1a: Sinistcha|Sinistcha-Masterpiece|73/100
|switch|p2a: Slowking|Slowking, M|100/100
|
|upkeep
|turn|12
|
|t:|1778508307
|move|p1a: Sinistcha|Strength Sap|p2a: Slowking
|-unboost|p2a: Slowking|atk|1
|-heal|p1a: Sinistcha|100/100
|move|p2a: Slowking|Thunder Wave|p1a: Sinistcha
|-status|p1a: Sinistcha|par
|
|upkeep
|turn|13
|
|t:|1778508312
|move|p1a: Sinistcha|Calm Mind|p1a: Sinistcha
|-boost|p1a: Sinistcha|spa|1
|-boost|p1a: Sinistcha|spd|1
|move|p2a: Slowking|Future Sight|p1a: Sinistcha
|-start|p2a: Slowking|move: Future Sight
|
|upkeep
|turn|14
|
|t:|1778508318
|switch|p2a: Kingambit|Kingambit, F|100/100
|-activate|p2a: Kingambit|ability: Supreme Overlord
|-start|p2a: Kingambit|fallen1|[silent]
|cant|p1a: Sinistcha|par
|
|upkeep
|turn|15
|
|t:|1778508324
|move|p2a: Kingambit|Kowtow Cleave|p1a: Sinistcha
|-supereffective|p1a: Sinistcha
|-damage|p1a: Sinistcha|7/100 par
|move|p1a: Sinistcha|Strength Sap|p2a: Kingambit
|-unboost|p2a: Kingambit|atk|1
|-heal|p1a: Sinistcha|100/100 par
|
|-end|p1a: Sinistcha|move: Future Sight
|-damage|p1a: Sinistcha|74/100 par
|upkeep
|turn|16
|
|t:|1778508333
|move|p2a: Kingambit|Kowtow Cleave|p1a: Sinistcha
|-supereffective|p1a: Sinistcha
|-damage|p1a: Sinistcha|10/100 par
|move|p1a: Sinistcha|Matcha Gotcha|p2a: Kingambit
|-resisted|p2a: Kingambit
|-damage|p2a: Kingambit|76/100
|-heal|p1a: Sinistcha|24/100 par|[from] drain|[of] p2a: Kingambit
|
|-heal|p2a: Kingambit|83/100|[from] item: Leftovers
|upkeep
|turn|17
|
|t:|1778508351
|move|p2a: Kingambit|Kowtow Cleave|p1a: Sinistcha
|-supereffective|p1a: Sinistcha
|-damage|p1a: Sinistcha|0 fnt
|faint|p1a: Sinistcha
|
|-heal|p2a: Kingambit|89/100|[from] item: Leftovers
|upkeep
|
|t:|1778508354
|switch|p1a: Zapdos|Zapdos-Galar|100/100
|turn|18
|
|t:|1778508358
|-end|p2a: Kingambit|fallen1|[silent]
|switch|p2a: Hydrapple|Hydrapple, F, tera:Poison|94/100
|move|p1a: Zapdos|U-turn|p2a: Hydrapple
|-resisted|p2a: Hydrapple
|-damage|p2a: Hydrapple|78/100
|
|t:|1778508365
|switch|p1a: Iron Treads|Iron Treads|74/100|[from] U-turn
|
|upkeep
|turn|19
|
|t:|1778508369
|switch|p2a: Zamazenta|Zamazenta|100/100
|-ability|p2a: Zamazenta|Dauntless Shield|boost
|-boost|p2a: Zamazenta|def|1
|move|p1a: Iron Treads|Earthquake|p2a: Zamazenta
|-damage|p2a: Zamazenta|67/100
|
|upkeep
|turn|20
|
|t:|1778508379
|-end|p1a: Iron Treads|Quark Drive|[silent]
|switch|p1a: Glimmora|Glimmora, F|76/100
|move|p2a: Zamazenta|Close Combat|p1a: Glimmora
|-damage|p1a: Glimmora|0 fnt
|-unboost|p2a: Zamazenta|def|1
|-unboost|p2a: Zamazenta|spd|1
|-activate|p1a: Glimmora|ability: Toxic Debris
|-sidestart|p2: Dispear04|move: Toxic Spikes
|faint|p1a: Glimmora
|
|upkeep
|
|t:|1778508386
|switch|p1a: Zapdos|Zapdos-Galar|100/100
|turn|21
|
|t:|1778508391
|switch|p2a: Slowking|Slowking, M|100/100
|move|p1a: Zapdos|Brave Bird|p2a: Slowking
|-damage|p2a: Slowking|7/100
|-damage|p1a: Zapdos|62/100|[from] Recoil
|
|upkeep
|turn|22
|
|t:|1778508402
|switch|p1a: Iron Treads|Iron Treads|74/100
|-prepare|p2a: Slowking|Chilly Reception|[premajor]
|move|p2a: Slowking|Chilly Reception|p2a: Slowking
|-weather|Snowscape
|
|t:|1778508407
|switch|p2a: Zamazenta|Zamazenta|67/100|[from] Chilly Reception
|-status|p2a: Zamazenta|psn
|
|-weather|Snowscape|[upkeep]
|-damage|p2a: Zamazenta|55/100 psn|[from] psn
|upkeep
|turn|23
|
|t:|1778508419
|move|p2a: Zamazenta|Close Combat|p1a: Iron Treads
|-supereffective|p1a: Iron Treads
|-damage|p1a: Iron Treads|0 fnt
|-unboost|p2a: Zamazenta|def|1
|-unboost|p2a: Zamazenta|spd|1
|faint|p1a: Iron Treads
|-end|p1a: Iron Treads|Quark Drive|[silent]
|
|-weather|Snowscape|[upkeep]
|-damage|p2a: Zamazenta|42/100 psn|[from] psn
|upkeep
|
|t:|1778508426
|switch|p1a: Zapdos|Zapdos-Galar|62/100
|turn|24
|
|t:|1778508431
|switch|p2a: Kingambit|Kingambit, F|89/100
|-activate|p2a: Kingambit|ability: Supreme Overlord
|-start|p2a: Kingambit|fallen1|[silent]
|move|p1a: Zapdos|U-turn|p2a: Kingambit
|-damage|p2a: Kingambit|63/100
|
|t:|1778508437
|switch|p1a: Kyurem|Kyurem|100/100|[from] U-turn
|-ability|p1a: Kyurem|Pressure
|
|-weather|Snowscape|[upkeep]
|-heal|p2a: Kingambit|69/100|[from] item: Leftovers
|upkeep
|turn|25
|
|t:|1778508440
|move|p1a: Kyurem|Earth Power|p2a: Kingambit
|-supereffective|p2a: Kingambit
|-damage|p2a: Kingambit|0 fnt
|faint|p2a: Kingambit
|-end|p2a: Kingambit|fallen1|[silent]
|
|-weather|Snowscape|[upkeep]
|upkeep
|
|t:|1778508446
|switch|p2a: Hydrapple|Hydrapple, F, tera:Poison|100/100
|-sideend|p2: Dispear04|move: Toxic Spikes|[of] p2a: Hydrapple
|turn|26
|
|t:|1778508450
|move|p1a: Kyurem|Earth Power|p2a: Hydrapple
|-supereffective|p2a: Hydrapple
|-damage|p2a: Hydrapple|0 fnt
|faint|p2a: Hydrapple
|
|-weather|none
|upkeep
|
|t:|1778508458
|switch|p2a: Zamazenta|Zamazenta|42/100 psn
|turn|27
|
|t:|1778508461
|move|p2a: Zamazenta|Close Combat|p1a: Kyurem
|-supereffective|p1a: Kyurem
|-damage|p1a: Kyurem|0 fnt
|-unboost|p2a: Zamazenta|def|1
|-unboost|p2a: Zamazenta|spd|1
|faint|p1a: Kyurem
|
|-damage|p2a: Zamazenta|30/100 psn|[from] psn
|upkeep
|
|t:|1778508464
|switch|p1a: Zapdos|Zapdos-Galar|62/100
|turn|28
|
|t:|1778508470
|move|p2a: Zamazenta|Close Combat|p1a: Zapdos
|-resisted|p1a: Zapdos
|-damage|p1a: Zapdos|14/100
|-unboost|p2a: Zamazenta|def|1
|-unboost|p2a: Zamazenta|spd|1
|move|p1a: Zapdos|Brave Bird|p2a: Zamazenta
|-supereffective|p2a: Zamazenta
|-damage|p2a: Zamazenta|0 fnt
|faint|p2a: Zamazenta
|-damage|p1a: Zapdos|4/100|[from] Recoil
|
|upkeep
|
|t:|1778508474
|switch|p2a: Great Tusk|Great Tusk|73/100 psn
|turn|29
|
|t:|1778508477
|move|p1a: Zapdos|Brave Bird|p2a: Great Tusk
|-supereffective|p2a: Great Tusk
|-damage|p2a: Great Tusk|0 fnt
|faint|p2a: Great Tusk
|-end|p2a: Great Tusk|Protosynthesis|[silent]
|-damage|p1a: Zapdos|0 fnt|[from] Recoil
|faint|p1a: Zapdos
|
|win|Dispear04
|raw|InfinityPokeRang3r's rating: 1387 &rarr; <strong>1366</strong><br />(-21 for losing)
|raw|Dispear04's rating: 1362 &rarr; <strong>1383</strong><br />(+21 for winning)
|l|☆Dispear04
|player|p2|
|l|☆InfinityPokeRang3r
|player|p1|
|l| mono_8427109
