|html|<div class="broadcast-blue"><strong>[Gen 9] OU is currently suspecting Tera Blast! For information on how to participate check out the <a href="https://www.smogon.com/tools/suspects/view/200">suspect thread</a>.</strong></div>
|j|☆deltarunetheanime
|j|☆zabbaman
|t:|1776060318
|gametype|singles
|player|p1|deltarunetheanime|roxie|1442
|player|p2|zabbaman|266|1501
|gen|9
|tier|[Gen 9] OU
|rated|
|rule|HP Percentage Mod: HP is shown in percentages
|rule|Endless Battle Clause: Forcing endless battles is banned
|rule|Species Clause: Limit one of each Pokémon
|rule|OHKO Clause: OHKO moves are banned
|rule|Evasion Items Clause: Evasion items are banned
|rule|Evasion Moves Clause: Evasion moves are banned
|rule|Evasion Abilities Clause: Evasion abilities are banned
|rule|Sleep Moves Clause: Sleep-inducing moves are banned
|clearpoke
|poke|p1|Clodsire, M|
|poke|p1|Ogerpon-Wellspring, F|
|poke|p1|Zoroark-Hisui, M|
|poke|p1|Zamazenta-*|
|poke|p1|Cinderace, F|
|poke|p1|Deoxys-Speed|
|poke|p2|Tinkaton, F|
|poke|p2|Hydreigon, F|
|poke|p2|Garchomp, M|
|poke|p2|Great Tusk|
|poke|p2|Pecharunt|
|poke|p2|Alomomola, M|
|teampreview
|inactive|Battle timer is ON: inactive players will automatically lose when time's up. (requested by zabbaman)
|
|t:|1776060328
|teamsize|p1|6
|teamsize|p2|6
|start
|switch|p1a: Cinderace|Cinderace, F|100/100
|switch|p2a: Alomomola|Alomomola, M, shiny|100/100
|turn|1
|
|t:|1776060330
|move|p1a: Cinderace|U-turn|p2a: Alomomola
|-start|p1a: Cinderace|typechange|Bug|[from] ability: Libero
|-damage|p2a: Alomomola|76/100
|
|t:|1776060332
|switch|p1a: Ogerpon|Ogerpon-Wellspring, F|100/100|[from] U-turn
|move|p2a: Alomomola|Flip Turn|p1a: Ogerpon
|-immune|p1a: Ogerpon|[from] ability: Water Absorb
|
|upkeep
|turn|2
|
|t:|1776060339
|switch|p2a: Pecharunt|Pecharunt|100/100
|move|p1a: Ogerpon|U-turn|p2a: Pecharunt
|-resisted|p2a: Pecharunt
|-damage|p2a: Pecharunt|98/100
|-damage|p1a: Ogerpon|84/100|[from] item: Rocky Helmet|[of] p2a: Pecharunt
|
|t:|1776060344
|switch|p1a: Deoxys|Deoxys-Speed|100/100|[from] U-turn
|-ability|p1a: Deoxys|Pressure
|
|upkeep
|turn|3
|
|t:|1776060351
|switch|p2a: Tinkaton|Tinkaton, F|100/100
|-ability|p2a: Tinkaton|Mold Breaker
|move|p1a: Deoxys|Spikes|p2a: Tinkaton
|-sidestart|p2: zabbaman|Spikes
|
|upkeep
|turn|4
|
|t:|1776060360
|switch|p1a: Clodsire|Clodsire, M|100/100
|move|p2a: Tinkaton|Light Screen|p2a: Tinkaton
|-sidestart|p2: zabbaman|move: Light Screen
|
|upkeep
|turn|5
|
|t:|1776060371
|switch|p2a: Garchomp|Garchomp, M|100/100
|-damage|p2a: Garchomp|88/100|[from] Spikes
|move|p1a: Clodsire|Toxic|p2a: Garchomp
|-status|p2a: Garchomp|tox
|
|-damage|p2a: Garchomp|82/100 tox|[from] psn
|upkeep
|turn|6
|
|t:|1776060375
|switch|p1a: Deoxys|Deoxys-Speed|100/100
|-item|p1a: Deoxys|Air Balloon
|move|p2a: Garchomp|Swords Dance|p2a: Garchomp
|-boost|p2a: Garchomp|atk|2
|
|-damage|p2a: Garchomp|70/100 tox|[from] psn
|upkeep
|turn|7
|
|t:|1776060379
|move|p1a: Deoxys|Detect|p1a: Deoxys
|-singleturn|p1a: Deoxys|Protect
|move|p2a: Garchomp|Scale Shot|p1a: Deoxys
|-activate|p1a: Deoxys|move: Protect
|
|-damage|p2a: Garchomp|51/100 tox|[from] psn
|upkeep
|turn|8
|
|t:|1776060387
|switch|p1a: Clodsire|Clodsire, M|100/100
|move|p2a: Garchomp|Scale Shot|p1a: Clodsire
|-damage|p1a: Clodsire|84/100
|-damage|p1a: Clodsire|67/100
|-damage|p1a: Clodsire|52/100
|-damage|p1a: Clodsire|37/100
|-hitcount|p1a: Clodsire|4
|-unboost|p2a: Garchomp|def|1
|-boost|p2a: Garchomp|spe|1
|
|-heal|p1a: Clodsire|43/100|[from] item: Leftovers
|-damage|p2a: Garchomp|27/100 tox|[from] psn
|upkeep
|turn|9
|
|t:|1776060398
|move|p2a: Garchomp|Scale Shot|p1a: Clodsire
|-damage|p1a: Clodsire|26/100
|-damage|p1a: Clodsire|10/100
|-damage|p1a: Clodsire|0 fnt
|faint|p1a: Clodsire
|-hitcount|p1: Clodsire|3
|-unboost|p2a: Garchomp|def|1
|-boost|p2a: Garchomp|spe|1
|
|-damage|p2a: Garchomp|0 fnt|[from] psn
|faint|p2a: Garchomp
|upkeep
|
|t:|1776060411
|switch|p2a: Hydreigon|Hydreigon, F, shiny|100/100
|switch|p1a: Deoxys|Deoxys-Speed|100/100
|-ability|p1a: Deoxys|Pressure
|turn|10
|
|t:|1776060417
|-terastallize|p1a: Deoxys|Steel
|move|p1a: Deoxys|Ice Beam|p2a: Hydreigon
|-supereffective|p2a: Hydreigon
|-damage|p2a: Hydreigon|61/100
|-damage|p1a: Deoxys|91/100|[from] item: Life Orb
|move|p2a: Hydreigon|Dark Pulse|p1a: Deoxys
|-damage|p1a: Deoxys|21/100
|-damage|p2a: Hydreigon|51/100|[from] item: Life Orb
|
|upkeep
|turn|11
|
|t:|1776060428
|move|p1a: Deoxys|Protect|p1a: Deoxys
|-singleturn|p1a: Deoxys|Protect
|move|p2a: Hydreigon|Dark Pulse|p1a: Deoxys
|-activate|p1a: Deoxys|move: Protect
|
|-sideend|p2: zabbaman|move: Light Screen
|upkeep
|turn|12
|
|t:|1776060431
|move|p1a: Deoxys|Spikes|p2a: Hydreigon
|-sidestart|p2: zabbaman|Spikes
|move|p2a: Hydreigon|Dark Pulse|p1a: Deoxys
|-damage|p1a: Deoxys|0 fnt
|faint|p1a: Deoxys
|-damage|p2a: Hydreigon|41/100|[from] item: Life Orb
|
|upkeep
|
|t:|1776060434
|switch|p1a: Cinderace|Cinderace, F|100/100
|turn|13
|
|t:|1776060441
|switch|p2a: Pecharunt|Pecharunt|98/100
|-damage|p2a: Pecharunt|81/100|[from] Spikes
|move|p1a: Cinderace|U-turn|p2a: Pecharunt
|-start|p1a: Cinderace|typechange|Bug|[from] ability: Libero
|-resisted|p2a: Pecharunt
|-damage|p2a: Pecharunt|77/100
|-damage|p1a: Cinderace|84/100|[from] item: Rocky Helmet|[of] p2a: Pecharunt
|
|t:|1776060443
|switch|p1a: Ogerpon|Ogerpon-Wellspring, F|100/100|[from] U-turn
|-item|p1a: Ogerpon|Air Balloon
|
|upkeep
|turn|14
|
|t:|1776060446
|move|p1a: Ogerpon|Hex|p2a: Pecharunt
|-supereffective|p2a: Pecharunt
|-damage|p2a: Pecharunt|7/100
|move|p2a: Pecharunt|Malignant Chain|p1a: Ogerpon
|-resisted|p1a: Ogerpon
|-damage|p1a: Ogerpon|66/100
|replace|p1a: Zoroark|Zoroark-Hisui, M, shiny
|-end|p1a: Zoroark|Illusion
|-enditem|p1a: Zoroark|Air Balloon
|
|upkeep
|turn|15
|
|t:|1776060456
|switch|p2a: Alomomola|Alomomola, M, shiny|100/100
|-damage|p2a: Alomomola|84/100|[from] Spikes
|move|p1a: Zoroark|Will-O-Wisp|p2a: Alomomola
|-status|p2a: Alomomola|brn
|
|-damage|p2a: Alomomola|78/100 brn|[from] brn
|upkeep
|turn|16
|
|t:|1776060464
|switch|p2a: Hydreigon|Hydreigon, F, shiny|41/100
|move|p1a: Zoroark|Detect||[still]
|-fail|p1a: Zoroark
|
|upkeep
|turn|17
|
|t:|1776060474
|switch|p1a: Ogerpon|Ogerpon-Wellspring, F|84/100
|move|p2a: Hydreigon|Draco Meteor|p1a: Ogerpon
|-damage|p1a: Ogerpon|0 fnt
|-unboost|p2a: Hydreigon|spa|2
|faint|p1a: Ogerpon
|-damage|p2a: Hydreigon|31/100|[from] item: Life Orb
|
|upkeep
|
|t:|1776060479
|switch|p1a: Cinderace|Cinderace, F|84/100
|turn|18
|
|t:|1776060486
|switch|p2a: Pecharunt|Pecharunt|7/100
|-damage|p2a: Pecharunt|0 fnt|[from] Spikes
|faint|p2a: Pecharunt
|move|p1a: Cinderace|U-turn|p2: Pecharunt|[notarget]
|-fail|p1a: Cinderace
|
|upkeep
|
|t:|1776060494
|switch|p2a: Alomomola|Alomomola, M, shiny|100/100 brn
|-damage|p2a: Alomomola|84/100 brn|[from] Spikes
|turn|19
|
|t:|1776060496
|move|p1a: Cinderace|Gunk Shot|p2a: Alomomola|[miss]
|-start|p1a: Cinderace|typechange|Poison|[from] ability: Libero
|-miss|p1a: Cinderace|p2a: Alomomola
|move|p2a: Alomomola|Flip Turn|p1a: Cinderace
|-damage|p1a: Cinderace|69/100
|
|t:|1776060503
|switch|p2a: Great Tusk|Great Tusk|100/100|[from] Flip Turn
|
|upkeep
|turn|20
|
|t:|1776060507
|move|p1a: Cinderace|U-turn|p2a: Great Tusk
|-resisted|p2a: Great Tusk
|-damage|p2a: Great Tusk|92/100
|
|t:|1776060509
|switch|p1a: Cinderace|Cinderace, F|66/100|[from] U-turn
|move|p2a: Great Tusk|Headlong Rush|p1a: Cinderace
|-damage|p1a: Cinderace|0 fnt
|-unboost|p2a: Great Tusk|def|1
|-unboost|p2a: Great Tusk|spd|1
|replace|p1a: Zoroark|Zoroark-Hisui, M, shiny
|-end|p1a: Zoroark|Illusion
|faint|p1a: Zoroark
|
|upkeep
|
|t:|1776060511
|switch|p1a: Zamazenta|Zamazenta|100/100
|-ability|p1a: Zamazenta|Dauntless Shield|boost
|-boost|p1a: Zamazenta|def|1
|turn|21
|
|t:|1776060521
|-end|p2a: Great Tusk|Protosynthesis|[silent]
|switch|p2a: Tinkaton|Tinkaton, F|100/100
|-damage|p2a: Tinkaton|84/100|[from] Spikes
|-ability|p2a: Tinkaton|Mold Breaker
|move|p1a: Zamazenta|Wild Charge|p2a: Tinkaton
|-damage|p2a: Tinkaton|50/100
|-damage|p1a: Zamazenta|91/100|[from] Recoil
|
|upkeep
|turn|22
|
|t:|1776060526
|move|p1a: Zamazenta|Close Combat|p2a: Tinkaton
|-damage|p2a: Tinkaton|0 fnt
|-unboost|p1a: Zamazenta|def|1
|-unboost|p1a: Zamazenta|spd|1
|faint|p2a: Tinkaton
|
|upkeep
|
|t:|1776060536
|switch|p2a: Great Tusk|Great Tusk|92/100
|turn|23
|
|t:|1776060544
|move|p1a: Zamazenta|Iron Head|p2a: Great Tusk
|-damage|p2a: Great Tusk|73/100
|move|p2a: Great Tusk|Headlong Rush|p1a: Zamazenta
|-damage|p1a: Zamazenta|33/100
|-unboost|p2a: Great Tusk|def|1
|-unboost|p2a: Great Tusk|spd|1
|
|upkeep
|turn|24
|
|t:|1776060554
|-end|p2a: Great Tusk|Protosynthesis|[silent]
|switch|p2a: Alomomola|Alomomola, M, shiny|100/100 brn
|-damage|p2a: Alomomola|84/100 brn|[from] Spikes
|move|p1a: Zamazenta|Close Combat|p2a: Alomomola
|-damage|p2a: Alomomola|33/100 brn
|-unboost|p1a: Zamazenta|def|1
|-unboost|p1a: Zamazenta|spd|1
|
|-damage|p2a: Alomomola|27/100 brn|[from] brn
|upkeep
|turn|25
|
|t:|1776060563
|switch|p2a: Hydreigon|Hydreigon, F, shiny|31/100
|move|p1a: Zamazenta|Close Combat|p2a: Hydreigon
|-supereffective|p2a: Hydreigon
|-damage|p2a: Hydreigon|0 fnt
|-unboost|p1a: Zamazenta|def|1
|-unboost|p1a: Zamazenta|spd|1
|faint|p2a: Hydreigon
|
|upkeep
|
|t:|1776060565
|switch|p2a: Great Tusk|Great Tusk|73/100
|turn|26
|
|t:|1776060568
|move|p1a: Zamazenta|Close Combat|p2a: Great Tusk
|-damage|p2a: Great Tusk|33/100
|-unboost|p1a: Zamazenta|def|1
|-unboost|p1a: Zamazenta|spd|1
|move|p2a: Great Tusk|Close Combat|p1a: Zamazenta
|-damage|p1a: Zamazenta|0 fnt
|-unboost|p2a: Great Tusk|def|1
|-unboost|p2a: Great Tusk|spd|1
|faint|p1a: Zamazenta
|
|upkeep
|
|t:|1776060572
|switch|p1a: Cinderace|Cinderace, F|69/100
|turn|27
|
|t:|1776060580
|-end|p2a: Great Tusk|Protosynthesis|[silent]
|switch|p2a: Alomomola|Alomomola, M, shiny|60/100 brn
|-damage|p2a: Alomomola|44/100 brn|[from] Spikes
|move|p1a: Cinderace|Pyro Ball|p2a: Alomomola
|-resisted|p2a: Alomomola
|-damage|p2a: Alomomola|20/100 brn
|
|-damage|p2a: Alomomola|14/100 brn|[from] brn
|upkeep
|turn|28
|
|t:|1776060600
|move|p2a: Alomomola|Aqua Jet|p1a: Cinderace
|-supereffective|p1a: Cinderace
|-damage|p1a: Cinderace|49/100
|move|p1a: Cinderace|Pyro Ball|p2a: Alomomola
|-resisted|p2a: Alomomola
|-damage|p2a: Alomomola|0 fnt
|faint|p2a: Alomomola
|
|upkeep
|
|t:|1776060603
|switch|p2a: Great Tusk|Great Tusk|33/100
|turn|29
|
|t:|1776060606
|move|p1a: Cinderace|Pyro Ball|p2a: Great Tusk
|-damage|p2a: Great Tusk|0 fnt
|faint|p2a: Great Tusk
|-end|p2a: Great Tusk|Protosynthesis|[silent]
|
|win|deltarunetheanime
|raw|deltarunetheanime's rating: 1442 &rarr; <strong>1465</strong><br />(+23 for winning)
|raw|zabbaman's rating: 1501 &rarr; <strong>1478</strong><br />(-23 for losing)
|c|☆zabbaman|gg
|l|☆zabbaman
|player|p2|
|l|☆deltarunetheanime
|player|p1|
