|html|<div class="broadcast-blue"><strong>[Gen 9] OU is currently suspecting Tera Blast! For information on how to participate check out the <a href="https://www.smogon.com/tools/suspects/view/200">suspect thread</a>.</strong></div>
|j|☆g.dini
|j|☆Luxcalum
|t:|1776284054
|gametype|singles
|player|p1|g.dini|2|1317
|player|p2|Luxcalum|lucas|1353
|gen|9
|tier|[Gen 9] OU
|rated|
|rule|HP Percentage Mod: HP is shown in percentages
|rule|Endless Battle Clause: Forcing endless battles is banned
|rule|Species Clause: Limit one of each Pokémon
|rule|OHKO Clause: OHKO moves are banned
|rule|Evasion Items Clause: Evasion items are banned
|rule|Evasion Moves Clause: Evasion moves are banned
|rule|Evasion Abilities Clause: Evasion abilities are banned
|rule|Sleep Moves Clause: Sleep-inducing moves are banned
|clearpoke
|poke|p1|Ditto|
|poke|p1|Slowking-Galar, F|
|poke|p1|Clefable, F|
|poke|p1|Darkrai|
|poke|p1|Mandibuzz, F|
|poke|p1|Chansey, F|
|poke|p2|Dragapult, F|
|poke|p2|Corviknight, M|
|poke|p2|Alomomola, F|
|poke|p2|Great Tusk|
|poke|p2|Kingambit, F|
|poke|p2|Iron Valiant|
|teampreview
|
|t:|1776284066
|teamsize|p1|6
|teamsize|p2|6
|start
|switch|p1a: Darkrai|Darkrai|100/100
|switch|p2a: Iron Valiant|Iron Valiant|100/100
|-enditem|p2a: Iron Valiant|Booster Energy
|-activate|p2a: Iron Valiant|ability: Quark Drive|[fromitem]
|-start|p2a: Iron Valiant|quarkdrivespe
|turn|1
|
|t:|1776284075
|switch|p1a: Chansey|Chansey, F|100/100
|move|p2a: Iron Valiant|Moonblast|p1a: Chansey
|-damage|p1a: Chansey|86/100
|
|upkeep
|turn|2
|
|t:|1776284084
|-end|p2a: Iron Valiant|Quark Drive|[silent]
|switch|p2a: Kingambit|Kingambit, F|100/100
|move|p1a: Chansey|Seismic Toss|p2a: Kingambit
|-damage|p2a: Kingambit|76/100
|
|upkeep
|turn|3
|
|t:|1776284092
|switch|p1a: Mandibuzz|Mandibuzz, F|100/100
|move|p2a: Kingambit|Kowtow Cleave|p1a: Mandibuzz
|-resisted|p1a: Mandibuzz
|-damage|p1a: Mandibuzz|87/100
|
|-heal|p1a: Mandibuzz|93/100|[from] item: Leftovers
|upkeep
|turn|4
|
|t:|1776284099
|-end|p2a: Kingambit|fallenundefined|[silent]
|switch|p2a: Corviknight|Corviknight, M|100/100
|-ability|p2a: Corviknight|Pressure
|move|p1a: Mandibuzz|Knock Off|p2a: Corviknight
|-damage|p2a: Corviknight|85/100
|-enditem|p2a: Corviknight|Leftovers|[from] move: Knock Off|[of] p1a: Mandibuzz
|
|-heal|p1a: Mandibuzz|99/100|[from] item: Leftovers
|upkeep
|turn|5
|
|t:|1776284109
|switch|p1a: Chansey|Chansey, F|86/100
|move|p2a: Corviknight|U-turn|p1a: Chansey
|-damage|p1a: Chansey|77/100
|
|t:|1776284121
|switch|p2a: Iron Valiant|Iron Valiant|100/100|[from] U-turn
|
|upkeep
|turn|6
|
|t:|1776284128
|move|p2a: Iron Valiant|Moonblast|p1a: Chansey
|-damage|p1a: Chansey|62/100
|move|p1a: Chansey|Soft-Boiled|p1a: Chansey
|-heal|p1a: Chansey|100/100
|
|upkeep
|turn|7
|
|t:|1776284137
|-end|p2a: Iron Valiant|Quark Drive|[silent]
|switch|p2a: Great Tusk|Great Tusk|100/100
|move|p1a: Chansey|Seismic Toss|p2a: Great Tusk
|-damage|p2a: Great Tusk|76/100
|
|-heal|p2a: Great Tusk|82/100|[from] item: Leftovers
|upkeep
|turn|8
|
|t:|1776284145
|switch|p1a: Mandibuzz|Mandibuzz, F|99/100
|move|p2a: Great Tusk|Rapid Spin|p1a: Mandibuzz
|-damage|p1a: Mandibuzz|90/100
|-boost|p2a: Great Tusk|spe|1
|
|-heal|p2a: Great Tusk|88/100|[from] item: Leftovers
|-heal|p1a: Mandibuzz|96/100|[from] item: Leftovers
|upkeep
|turn|9
|
|t:|1776284153
|-end|p2a: Great Tusk|Protosynthesis|[silent]
|switch|p2a: Alomomola|Alomomola, F|100/100
|move|p1a: Mandibuzz|Toxic|p2a: Alomomola
|-status|p2a: Alomomola|tox
|
|-heal|p1a: Mandibuzz|100/100|[from] item: Leftovers
|-damage|p2a: Alomomola|94/100 tox|[from] psn
|upkeep
|turn|10
|
|t:|1776284162
|move|p1a: Mandibuzz|Knock Off|p2a: Alomomola
|-damage|p2a: Alomomola|75/100 tox
|-enditem|p2a: Alomomola|Assault Vest|[from] move: Knock Off|[of] p1a: Mandibuzz
|move|p2a: Alomomola|Ice Beam|p1a: Mandibuzz
|-supereffective|p1a: Mandibuzz
|-damage|p1a: Mandibuzz|84/100
|
|-heal|p1a: Mandibuzz|90/100|[from] item: Leftovers
|-damage|p2a: Alomomola|62/100 tox|[from] psn
|upkeep
|turn|11
|c|☆g.dini|noobà
|
|t:|1776284176
|switch|p1a: Darkrai|Darkrai|100/100
|move|p2a: Alomomola|Wish|p2a: Alomomola
|
|-damage|p2a: Alomomola|44/100 tox|[from] psn
|upkeep
|turn|12
|
|t:|1776284186
|switch|p2a: Kingambit|Kingambit, F|76/100
|-terastallize|p1a: Darkrai|Dark
|move|p1a: Darkrai|Dark Pulse|p2a: Kingambit
|-resisted|p2a: Kingambit
|-damage|p2a: Kingambit|48/100
|
|-heal|p2a: Kingambit|100/100|[from] move: Wish|[wisher] Alomomola
|upkeep
|turn|13
|
|t:|1776284202
|switch|p1a: Mandibuzz|Mandibuzz, F|90/100
|move|p2a: Kingambit|Iron Head|p1a: Mandibuzz
|-damage|p1a: Mandibuzz|64/100
|
|-heal|p1a: Mandibuzz|70/100|[from] item: Leftovers
|upkeep
|turn|14
|
|t:|1776284210
|move|p1a: Mandibuzz|Knock Off|p2a: Kingambit
|-resisted|p2a: Kingambit
|-damage|p2a: Kingambit|92/100
|-enditem|p2a: Kingambit|Assault Vest|[from] move: Knock Off|[of] p1a: Mandibuzz
|move|p2a: Kingambit|Iron Head|p1a: Mandibuzz
|-damage|p1a: Mandibuzz|45/100
|
|-heal|p1a: Mandibuzz|51/100|[from] item: Leftovers
|upkeep
|turn|15
|
|t:|1776284221
|-end|p2a: Kingambit|fallenundefined|[silent]
|switch|p2a: Corviknight|Corviknight, M|85/100
|-ability|p2a: Corviknight|Pressure
|move|p1a: Mandibuzz|Roost|p1a: Mandibuzz
|-heal|p1a: Mandibuzz|100/100
|-singleturn|p1a: Mandibuzz|move: Roost
|
|upkeep
|turn|16
|c|☆g.dini|you suck
|
|t:|1776284230
|switch|p1a: Clefable|Clefable, F|100/100
|move|p2a: Corviknight|Bulk Up|p2a: Corviknight
|-boost|p2a: Corviknight|atk|1
|-boost|p2a: Corviknight|def|1
|
|upkeep
|turn|17
|
|t:|1776284237
|move|p2a: Corviknight|U-turn|p1a: Clefable
|-resisted|p1a: Clefable
|-damage|p1a: Clefable|95/100
|
|t:|1776284242
|switch|p2a: Kingambit|Kingambit, F|92/100|[from] U-turn
|move|p1a: Clefable|Stealth Rock|p2a: Kingambit
|-sidestart|p2: Luxcalum|move: Stealth Rock
|
|-heal|p1a: Clefable|100/100|[from] item: Leftovers
|upkeep
|turn|18
|
|t:|1776284249
|move|p1a: Clefable|Moonblast|p2a: Kingambit
|-damage|p2a: Kingambit|59/100
|-unboost|p2a: Kingambit|spa|1
|move|p2a: Kingambit|Iron Head|p1a: Clefable
|-supereffective|p1a: Clefable
|-damage|p1a: Clefable|29/100
|
|-heal|p1a: Clefable|35/100|[from] item: Leftovers
|upkeep
|turn|19
|
|t:|1776284260
|switch|p1a: Mandibuzz|Mandibuzz, F|100/100
|-end|p2a: Kingambit|fallenundefined|[silent]
|switch|p2a: Great Tusk|Great Tusk|88/100
|-damage|p2a: Great Tusk|85/100|[from] Stealth Rock
|
|-heal|p2a: Great Tusk|91/100|[from] item: Leftovers
|upkeep
|turn|20
|
|t:|1776284269
|move|p2a: Great Tusk|Rapid Spin|p1a: Mandibuzz
|-damage|p1a: Mandibuzz|91/100
|-boost|p2a: Great Tusk|spe|1
|-sideend|p2: Luxcalum|Stealth Rock|[from] move: Rapid Spin|[of] p2a: Great Tusk
|move|p1a: Mandibuzz|Toxic|p2a: Great Tusk
|-status|p2a: Great Tusk|tox
|
|-heal|p2a: Great Tusk|98/100 tox|[from] item: Leftovers
|-heal|p1a: Mandibuzz|97/100|[from] item: Leftovers
|-damage|p2a: Great Tusk|91/100 tox|[from] psn
|upkeep
|turn|21
|
|t:|1776284285
|-end|p2a: Great Tusk|Protosynthesis|[silent]
|switch|p2a: Corviknight|Corviknight, M|85/100
|-ability|p2a: Corviknight|Pressure
|move|p1a: Mandibuzz|Knock Off|p2a: Corviknight
|-damage|p2a: Corviknight|76/100
|
|-heal|p1a: Mandibuzz|100/100|[from] item: Leftovers
|upkeep
|turn|22
|
|t:|1776284293
|switch|p1a: Clefable|Clefable, F|35/100
|move|p2a: Corviknight|U-turn|p1a: Clefable
|-resisted|p1a: Clefable
|-damage|p1a: Clefable|30/100
|
|t:|1776284297
|switch|p2a: Dragapult|Dragapult, F|100/100|[from] U-turn
|
|-heal|p1a: Clefable|36/100|[from] item: Leftovers
|upkeep
|turn|23
|inactive|Battle timer is ON: inactive players will automatically lose when time's up. (requested by g.dini)
|c|☆g.dini|dumnbass
|
|t:|1776284326
|move|p2a: Dragapult|Shadow Ball|p1a: Clefable
|-damage|p1a: Clefable|0 fnt
|faint|p1a: Clefable
|
|upkeep
|
|t:|1776284331
|switch|p1a: Darkrai|Darkrai, tera:Dark|100/100
|turn|24
|
|t:|1776284341
|switch|p2a: Alomomola|Alomomola, F|77/100 tox
|move|p1a: Darkrai|Dark Pulse|p2a: Alomomola
|-damage|p2a: Alomomola|9/100 tox
|
|-damage|p2a: Alomomola|2/100 tox|[from] psn
|upkeep
|turn|25
|
|t:|1776284352
|switch|p2a: Iron Valiant|Iron Valiant|100/100
|move|p1a: Darkrai|Dark Pulse|p2a: Iron Valiant
|-resisted|p2a: Iron Valiant
|-damage|p2a: Iron Valiant|62/100
|
|upkeep
|turn|26
|
|t:|1776284360
|switch|p1a: Chansey|Chansey, F|100/100
|move|p2a: Iron Valiant|Moonblast|p1a: Chansey
|-damage|p1a: Chansey|86/100
|-unboost|p1a: Chansey|spa|1
|
|upkeep
|turn|27
|
|t:|1776284367
|-end|p2a: Iron Valiant|Quark Drive|[silent]
|switch|p2a: Kingambit|Kingambit, F|59/100
|move|p1a: Chansey|Seismic Toss|p2a: Kingambit
|-damage|p2a: Kingambit|34/100
|
|upkeep
|turn|28
|
|t:|1776284377
|switch|p1a: Mandibuzz|Mandibuzz, F|100/100
|-end|p2a: Kingambit|fallenundefined|[silent]
|switch|p2a: Corviknight|Corviknight, M|76/100
|-ability|p2a: Corviknight|Pressure
|
|upkeep
|turn|29
|
|t:|1776284387
|move|p1a: Mandibuzz|Knock Off|p2a: Corviknight
|-damage|p2a: Corviknight|66/100
|move|p2a: Corviknight|Bulk Up|p2a: Corviknight
|-boost|p2a: Corviknight|atk|1
|-boost|p2a: Corviknight|def|1
|
|upkeep
|turn|30
|
|t:|1776284398
|switch|p1a: Chansey|Chansey, F|86/100
|move|p2a: Corviknight|Roost|p2a: Corviknight
|-heal|p2a: Corviknight|100/100
|-singleturn|p2a: Corviknight|move: Roost
|
|upkeep
|turn|31
|
|t:|1776284408
|move|p2a: Corviknight|Bulk Up|p2a: Corviknight
|-boost|p2a: Corviknight|atk|1
|-boost|p2a: Corviknight|def|1
|move|p1a: Chansey|Thunder Wave|p2a: Corviknight
|-status|p2a: Corviknight|par
|
|upkeep
|turn|32
|
|t:|1776284415
|switch|p1a: Darkrai|Darkrai, tera:Dark|100/100
|move|p2a: Corviknight|Brave Bird|p1a: Darkrai
|-damage|p1a: Darkrai|0 fnt
|faint|p1a: Darkrai
|-damage|p2a: Corviknight|77/100 par|[from] Recoil
|
|upkeep
|
|t:|1776284425
|switch|p1a: Ditto|Ditto|100/100
|-transform|p1a: Ditto|p2a: Corviknight|[from] ability: Imposter
|-ability|p1a: Ditto|Pressure
|turn|33
|
|t:|1776284435
|move|p1a: Ditto|Brave Bird|p2a: Corviknight
|-resisted|p2a: Corviknight
|-damage|p2a: Corviknight|66/100 par
|-damage|p1a: Ditto|95/100|[from] Recoil
|move|p2a: Corviknight|Roost|p2a: Corviknight
|-heal|p2a: Corviknight|100/100 par
|-singleturn|p2a: Corviknight|move: Roost
|
|upkeep
|turn|34
|
|t:|1776284446
|switch|p1a: Slowking|Slowking-Galar, F|100/100
|move|p2a: Corviknight|Bulk Up|p2a: Corviknight
|-boost|p2a: Corviknight|atk|1
|-boost|p2a: Corviknight|def|1
|
|upkeep
|turn|35
|
|t:|1776284455
|switch|p1a: Ditto|Ditto|95/100
|-transform|p1a: Ditto|p2a: Corviknight|[from] ability: Imposter
|-ability|p1a: Ditto|Pressure
|move|p2a: Corviknight|Brave Bird|p1a: Ditto
|-resisted|p1a: Ditto
|-damage|p1a: Ditto|80/100
|-damage|p2a: Corviknight|97/100 par|[from] Recoil
|
|upkeep
|turn|36
|
|t:|1776284469
|move|p1a: Ditto|Roost|p1a: Ditto
|-heal|p1a: Ditto|100/100
|-singleturn|p1a: Ditto|move: Roost
|move|p2a: Corviknight|Brave Bird|p1a: Ditto
|-resisted|p1a: Ditto
|-damage|p1a: Ditto|85/100
|-damage|p2a: Corviknight|93/100 par|[from] Recoil
|
|upkeep
|turn|37
|
|t:|1776284477
|move|p1a: Ditto|Roost|p1a: Ditto
|-heal|p1a: Ditto|100/100
|-singleturn|p1a: Ditto|move: Roost
|cant|p2a: Corviknight|par
|
|upkeep
|turn|38
|
|t:|1776284484
|switch|p1a: Slowking|Slowking-Galar, F|100/100
|move|p2a: Corviknight|Bulk Up|p2a: Corviknight
|-boost|p2a: Corviknight|atk|1
|-boost|p2a: Corviknight|def|1
|
|upkeep
|turn|39
|
|t:|1776284491
|switch|p1a: Ditto|Ditto|100/100
|-transform|p1a: Ditto|p2a: Corviknight|[from] ability: Imposter
|-ability|p1a: Ditto|Pressure
|move|p2a: Corviknight|U-turn|p1a: Ditto
|-resisted|p1a: Ditto
|-damage|p1a: Ditto|97/100
|
|t:|1776284499
|switch|p2a: Alomomola|Alomomola, F|36/100 tox|[from] U-turn
|
|-damage|p2a: Alomomola|30/100 tox|[from] psn
|upkeep
|turn|40
|
|t:|1776284507
|move|p1a: Ditto|Brave Bird|p2a: Alomomola
|-damage|p2a: Alomomola|0 fnt
|faint|p2a: Alomomola
|-damage|p1a: Ditto|80/100|[from] Recoil
|
|upkeep
|
|t:|1776284517
|switch|p2a: Kingambit|Kingambit, F|34/100
|-activate|p2a: Kingambit|ability: Supreme Overlord
|-start|p2a: Kingambit|fallen1|[silent]
|turn|41
|
|t:|1776284523
|move|p2a: Kingambit|Sucker Punch|p1a: Ditto
|-damage|p1a: Ditto|67/100
|move|p1a: Ditto|Brave Bird|p2a: Kingambit
|-resisted|p2a: Kingambit
|-damage|p2a: Kingambit|0 fnt
|faint|p2a: Kingambit
|-end|p2a: Kingambit|fallen1|[silent]
|-damage|p1a: Ditto|52/100|[from] Recoil
|
|upkeep
|
|t:|1776284541
|switch|p2a: Iron Valiant|Iron Valiant|62/100
|turn|42
|
|t:|1776284546
|switch|p1a: Chansey|Chansey, F|86/100
|move|p2a: Iron Valiant|Thunderbolt|p1a: Chansey
|-damage|p1a: Chansey|78/100
|
|upkeep
|turn|43
|
|t:|1776284562
|-end|p2a: Iron Valiant|Quark Drive|[silent]
|switch|p2a: Corviknight|Corviknight, M|93/100 par
|-ability|p2a: Corviknight|Pressure
|move|p1a: Chansey|Thunder Wave|p2a: Corviknight
|-fail|p2a: Corviknight|par
|
|upkeep
|turn|44
|
|t:|1776284570
|switch|p1a: Ditto|Ditto|52/100
|-transform|p1a: Ditto|p2a: Corviknight|[from] ability: Imposter
|-ability|p1a: Ditto|Pressure
|move|p2a: Corviknight|U-turn|p1a: Ditto
|-resisted|p1a: Ditto
|-damage|p1a: Ditto|50/100
|
|t:|1776284587
|switch|p2a: Great Tusk|Great Tusk|91/100 tox|[from] U-turn
|
|-heal|p2a: Great Tusk|98/100 tox|[from] item: Leftovers
|-damage|p2a: Great Tusk|91/100 tox|[from] psn
|upkeep
|turn|45
|
|t:|1776284598
|switch|p1a: Mandibuzz|Mandibuzz, F|100/100
|move|p2a: Great Tusk|Temper Flare|p1a: Mandibuzz
|-damage|p1a: Mandibuzz|86/100
|
|-heal|p2a: Great Tusk|98/100 tox|[from] item: Leftovers
|-heal|p1a: Mandibuzz|92/100|[from] item: Leftovers
|-damage|p2a: Great Tusk|85/100 tox|[from] psn
|upkeep
|turn|46
|
|t:|1776284607
|-end|p2a: Great Tusk|Protosynthesis|[silent]
|switch|p2a: Corviknight|Corviknight, M|93/100 par
|-ability|p2a: Corviknight|Pressure
|move|p1a: Mandibuzz|Knock Off|p2a: Corviknight
|-damage|p2a: Corviknight|83/100 par
|
|-heal|p1a: Mandibuzz|98/100|[from] item: Leftovers
|upkeep
|turn|47
|
|t:|1776284618
|move|p1a: Mandibuzz|Defog|p2a: Corviknight
|-unboost|p2a: Corviknight|evasion|1
|move|p2a: Corviknight|U-turn|p1a: Mandibuzz
|-damage|p1a: Mandibuzz|90/100
|
|t:|1776284633
|switch|p2a: Iron Valiant|Iron Valiant|62/100|[from] U-turn
|
|-heal|p1a: Mandibuzz|96/100|[from] item: Leftovers
|upkeep
|turn|48
|
|t:|1776284641
|switch|p1a: Chansey|Chansey, F|78/100
|move|p2a: Iron Valiant|Moonblast|p1a: Chansey
|-damage|p1a: Chansey|64/100
|
|upkeep
|turn|49
|
|t:|1776284651
|-end|p2a: Iron Valiant|Quark Drive|[silent]
|switch|p2a: Great Tusk|Great Tusk|85/100 tox
|move|p1a: Chansey|Soft-Boiled|p1a: Chansey
|-heal|p1a: Chansey|100/100
|
|-heal|p2a: Great Tusk|91/100 tox|[from] item: Leftovers
|-damage|p2a: Great Tusk|85/100 tox|[from] psn
|upkeep
|turn|50
|
|t:|1776284658
|move|p2a: Great Tusk|Knock Off|p1a: Chansey
|-damage|p1a: Chansey|81/100
|-enditem|p1a: Chansey|Eviolite|[from] move: Knock Off|[of] p2a: Great Tusk
|move|p1a: Chansey|Seismic Toss|p2a: Great Tusk
|-damage|p2a: Great Tusk|60/100 tox
|
|-heal|p2a: Great Tusk|67/100 tox|[from] item: Leftovers
|-damage|p2a: Great Tusk|54/100 tox|[from] psn
|upkeep
|turn|51
|
|t:|1776284669
|-end|p2a: Great Tusk|Protosynthesis|[silent]
|switch|p2a: Corviknight|Corviknight, M|83/100 par
|-ability|p2a: Corviknight|Pressure
|move|p1a: Chansey|Seismic Toss|p2a: Corviknight
|-damage|p2a: Corviknight|58/100 par
|
|upkeep
|turn|52
|
|t:|1776284677
|switch|p1a: Ditto|Ditto|50/100
|-transform|p1a: Ditto|p2a: Corviknight|[from] ability: Imposter
|-ability|p1a: Ditto|Pressure
|move|p2a: Corviknight|Roost|p2a: Corviknight
|-heal|p2a: Corviknight|100/100 par
|-singleturn|p2a: Corviknight|move: Roost
|
|upkeep
|turn|53
|
|t:|1776284686
|move|p1a: Ditto|Roost|p1a: Ditto
|-heal|p1a: Ditto|99/100
|-singleturn|p1a: Ditto|move: Roost
|cant|p2a: Corviknight|par
|
|upkeep
|turn|54
|
|t:|1776284693
|move|p1a: Ditto|Roost|p1a: Ditto
|-heal|p1a: Ditto|100/100
|-singleturn|p1a: Ditto|move: Roost
|move|p2a: Corviknight|U-turn|p1a: Ditto
|-resisted|p1a: Ditto
|-damage|p1a: Ditto|94/100
|
|t:|1776284705
|switch|p2a: Dragapult|Dragapult, F|100/100|[from] U-turn
|
|upkeep
|turn|55
|
|t:|1776284714
|switch|p1a: Chansey|Chansey, F|81/100
|move|p2a: Dragapult|U-turn|p1a: Chansey
|-damage|p1a: Chansey|65/100
|
|t:|1776284721
|switch|p2a: Corviknight|Corviknight, M|100/100 par|[from] U-turn
|-ability|p2a: Corviknight|Pressure
|
|upkeep
|turn|56
|
|t:|1776284726
|move|p1a: Chansey|Seismic Toss|p2a: Corviknight
|-damage|p2a: Corviknight|75/100 par
|move|p2a: Corviknight|U-turn|p1a: Chansey
|-damage|p1a: Chansey|50/100
|
|t:|1776284732
|switch|p2a: Dragapult|Dragapult, F|100/100|[from] U-turn
|
|upkeep
|turn|57
|
|t:|1776284747
|move|p2a: Dragapult|U-turn|p1a: Chansey
|-damage|p1a: Chansey|33/100
|
|t:|1776284752
|switch|p2a: Corviknight|Corviknight, M|75/100 par|[from] U-turn
|-ability|p2a: Corviknight|Pressure
|move|p1a: Chansey|Soft-Boiled|p1a: Chansey
|-heal|p1a: Chansey|83/100
|
|upkeep
|turn|58
|
|t:|1776284759
|move|p1a: Chansey|Seismic Toss|p2a: Corviknight
|-damage|p2a: Corviknight|50/100 par
|move|p2a: Corviknight|U-turn|p1a: Chansey
|-damage|p1a: Chansey|70/100
|
|t:|1776284764
|switch|p2a: Dragapult|Dragapult, F|100/100|[from] U-turn
|
|upkeep
|turn|59
|
|t:|1776284770
|move|p2a: Dragapult|U-turn|p1a: Chansey
|-crit|p1a: Chansey
|-damage|p1a: Chansey|47/100
|
|t:|1776284774
|switch|p2a: Corviknight|Corviknight, M|50/100 par|[from] U-turn
|-ability|p2a: Corviknight|Pressure
|move|p1a: Chansey|Thunder Wave|p2a: Corviknight
|-fail|p2a: Corviknight|par
|
|upkeep
|turn|60
|
|t:|1776284784
|move|p1a: Chansey|Soft-Boiled|p1a: Chansey
|-heal|p1a: Chansey|97/100
|move|p2a: Corviknight|Roost|p2a: Corviknight
|-heal|p2a: Corviknight|100/100 par
|-singleturn|p2a: Corviknight|move: Roost
|
|upkeep
|turn|61
|
|t:|1776284790
|move|p1a: Chansey|Seismic Toss|p2a: Corviknight
|-damage|p2a: Corviknight|75/100 par
|cant|p2a: Corviknight|par
|
|upkeep
|turn|62
|
|t:|1776284796
|move|p1a: Chansey|Seismic Toss|p2a: Corviknight
|-damage|p2a: Corviknight|50/100 par
|move|p2a: Corviknight|U-turn|p1a: Chansey
|-damage|p1a: Chansey|84/100
|
|t:|1776284802
|switch|p2a: Dragapult|Dragapult, F|100/100|[from] U-turn
|
|upkeep
|turn|63
|c|☆g.dini|forfeit cmpn
|
|t:|1776284815
|move|p2a: Dragapult|U-turn|p1a: Chansey
|-damage|p1a: Chansey|68/100
|
|t:|1776284819
|switch|p2a: Great Tusk|Great Tusk|54/100 tox|[from] U-turn
|move|p1a: Chansey|Thunder Wave|p2a: Great Tusk
|-immune|p2a: Great Tusk
|
|-heal|p2a: Great Tusk|60/100 tox|[from] item: Leftovers
|-damage|p2a: Great Tusk|54/100 tox|[from] psn
|upkeep
|turn|64
|
|t:|1776284827
|-end|p2a: Great Tusk|Protosynthesis|[silent]
|switch|p2a: Corviknight|Corviknight, M|50/100 par
|-ability|p2a: Corviknight|Pressure
|move|p1a: Chansey|Soft-Boiled|p1a: Chansey
|-heal|p1a: Chansey|100/100
|
|upkeep
|turn|65
|
|t:|1776284840
|move|p1a: Chansey|Seismic Toss|p2a: Corviknight
|-damage|p2a: Corviknight|25/100 par
|move|p2a: Corviknight|Roost|p2a: Corviknight
|-heal|p2a: Corviknight|75/100 par
|-singleturn|p2a: Corviknight|move: Roost
|
|upkeep
|turn|66
|
|t:|1776284847
|move|p1a: Chansey|Seismic Toss|p2a: Corviknight
|-damage|p2a: Corviknight|50/100 par
|move|p2a: Corviknight|U-turn|p1a: Chansey
|-damage|p1a: Chansey|87/100
|
|t:|1776284853
|switch|p2a: Dragapult|Dragapult, F|100/100|[from] U-turn
|
|upkeep
|turn|67
|
|t:|1776284861
|move|p2a: Dragapult|U-turn|p1a: Chansey
|-damage|p1a: Chansey|71/100
|
|t:|1776284864
|switch|p2a: Great Tusk|Great Tusk|54/100 tox|[from] U-turn
|move|p1a: Chansey|Thunder Wave|p2a: Great Tusk
|-immune|p2a: Great Tusk
|
|-heal|p2a: Great Tusk|60/100 tox|[from] item: Leftovers
|-damage|p2a: Great Tusk|54/100 tox|[from] psn
|upkeep
|turn|68
|
|t:|1776284872
|-end|p2a: Great Tusk|Protosynthesis|[silent]
|switch|p2a: Corviknight|Corviknight, M|50/100 par
|-ability|p2a: Corviknight|Pressure
|move|p1a: Chansey|Soft-Boiled|p1a: Chansey
|-heal|p1a: Chansey|100/100
|
|upkeep
|turn|69
|
|t:|1776284880
|move|p1a: Chansey|Seismic Toss|p2a: Corviknight
|-damage|p2a: Corviknight|25/100 par
|move|p2a: Corviknight|Roost|p2a: Corviknight
|-heal|p2a: Corviknight|75/100 par
|-singleturn|p2a: Corviknight|move: Roost
|
|upkeep
|turn|70
|
|t:|1776284893
|move|p1a: Chansey|Seismic Toss|p2a: Corviknight
|-damage|p2a: Corviknight|50/100 par
|move|p2a: Corviknight|Roost|p2a: Corviknight
|-heal|p2a: Corviknight|100/100 par
|-singleturn|p2a: Corviknight|move: Roost
|
|upkeep
|turn|71
|inactive|g.dini has 120 seconds left.
|
|t:|1776284925
|move|p1a: Chansey|Seismic Toss|p2a: Corviknight
|-damage|p2a: Corviknight|75/100 par
|cant|p2a: Corviknight|par
|
|upkeep
|turn|72
|
|t:|1776284938
|move|p1a: Chansey|Seismic Toss|p2a: Corviknight
|-damage|p2a: Corviknight|50/100 par
|cant|p2a: Corviknight|par
|
|upkeep
|turn|73
|
|t:|1776284943
|move|p1a: Chansey|Seismic Toss|p2a: Corviknight
|-damage|p2a: Corviknight|25/100 par
|move|p2a: Corviknight|Roost|p2a: Corviknight
|-heal|p2a: Corviknight|75/100 par
|-singleturn|p2a: Corviknight|move: Roost
|
|upkeep
|turn|74
|
|t:|1776284951
|move|p1a: Chansey|Seismic Toss|p2a: Corviknight
|-damage|p2a: Corviknight|50/100 par
|move|p2a: Corviknight|U-turn|p1a: Chansey
|-damage|p1a: Chansey|87/100
|
|t:|1776284957
|switch|p2a: Dragapult|Dragapult, F|100/100|[from] U-turn
|
|upkeep
|turn|75
|
|t:|1776284964
|move|p2a: Dragapult|U-turn|p1a: Chansey
|-damage|p1a: Chansey|72/100
|
|t:|1776284967
|switch|p2a: Great Tusk|Great Tusk|54/100 tox|[from] U-turn
|move|p1a: Chansey|Thunder Wave|p2a: Great Tusk
|-immune|p2a: Great Tusk
|
|-heal|p2a: Great Tusk|60/100 tox|[from] item: Leftovers
|-damage|p2a: Great Tusk|54/100 tox|[from] psn
|upkeep
|turn|76
|
|t:|1776284977
|move|p2a: Great Tusk|Earthquake|p1a: Chansey
|-damage|p1a: Chansey|24/100
|move|p1a: Chansey|Soft-Boiled|p1a: Chansey
|-heal|p1a: Chansey|74/100
|
|-heal|p2a: Great Tusk|60/100 tox|[from] item: Leftovers
|-damage|p2a: Great Tusk|48/100 tox|[from] psn
|upkeep
|turn|77
|
|t:|1776284990
|switch|p1a: Mandibuzz|Mandibuzz, F|96/100
|move|p2a: Great Tusk|Knock Off|p1a: Mandibuzz
|-resisted|p1a: Mandibuzz
|-damage|p1a: Mandibuzz|88/100
|-enditem|p1a: Mandibuzz|Leftovers|[from] move: Knock Off|[of] p2a: Great Tusk
|
|-heal|p2a: Great Tusk|54/100 tox|[from] item: Leftovers
|-damage|p2a: Great Tusk|35/100 tox|[from] psn
|upkeep
|turn|78
|
|t:|1776284999
|-end|p2a: Great Tusk|Protosynthesis|[silent]
|switch|p2a: Corviknight|Corviknight, M|50/100 par
|-ability|p2a: Corviknight|Pressure
|move|p1a: Mandibuzz|Knock Off|p2a: Corviknight
|-damage|p2a: Corviknight|41/100 par
|
|upkeep
|turn|79
|
|t:|1776285009
|switch|p1a: Chansey|Chansey, F|74/100
|cant|p2a: Corviknight|par
|
|upkeep
|turn|80
|
|t:|1776285014
|move|p1a: Chansey|Seismic Toss|p2a: Corviknight
|-damage|p2a: Corviknight|16/100 par
|move|p2a: Corviknight|U-turn|p1a: Chansey
|-damage|p1a: Chansey|60/100
|
|t:|1776285024
|switch|p2a: Dragapult|Dragapult, F|100/100|[from] U-turn
|
|upkeep
|turn|81
|
|t:|1776285031
|move|p2a: Dragapult|U-turn|p1a: Chansey
|-crit|p1a: Chansey
|-damage|p1a: Chansey|36/100
|
|t:|1776285036
|switch|p2a: Corviknight|Corviknight, M|16/100 par|[from] U-turn
|-ability|p2a: Corviknight|Pressure
|move|p1a: Chansey|Thunder Wave|p2a: Corviknight|[miss]
|-miss|p1a: Chansey|p2a: Corviknight
|
|upkeep
|turn|82
|
|t:|1776285047
|move|p1a: Chansey|Soft-Boiled|p1a: Chansey
|-heal|p1a: Chansey|86/100
|move|p2a: Corviknight|U-turn|p1a: Chansey
|-crit|p1a: Chansey
|-damage|p1a: Chansey|64/100
|
|t:|1776285054
|switch|p2a: Dragapult|Dragapult, F|100/100|[from] U-turn
|
|upkeep
|turn|83
|
|t:|1776285061
|move|p2a: Dragapult|U-turn|p1a: Chansey
|-damage|p1a: Chansey|48/100
|
|t:|1776285065
|switch|p2a: Great Tusk|Great Tusk|35/100 tox|[from] U-turn
|move|p1a: Chansey|Thunder Wave|p2a: Great Tusk
|-immune|p2a: Great Tusk
|
|-heal|p2a: Great Tusk|42/100 tox|[from] item: Leftovers
|-damage|p2a: Great Tusk|35/100 tox|[from] psn
|upkeep
|turn|84
|
|t:|1776285077
|-end|p2a: Great Tusk|Protosynthesis|[silent]
|switch|p2a: Corviknight|Corviknight, M|16/100 par
|-ability|p2a: Corviknight|Pressure
|move|p1a: Chansey|Thunder Wave|p2a: Corviknight
|-fail|p2a: Corviknight|par
|
|upkeep
|turn|85
|
|t:|1776285085
|switch|p1a: Slowking|Slowking-Galar, F|100/100
|move|p2a: Corviknight|U-turn|p1a: Slowking
|-damage|p1a: Slowking|91/100
|c|☆g.dini|forfeit cmon
|
|t:|1776285109
|switch|p2a: Dragapult|Dragapult, F|100/100|[from] U-turn
|
|-heal|p1a: Slowking|97/100|[from] item: Leftovers
|upkeep
|turn|86
|c|☆g.dini|you suck
|
|t:|1776285120
|move|p2a: Dragapult|U-turn|p1a: Slowking
|-damage|p1a: Slowking|84/100
|
|t:|1776285123
|switch|p2a: Corviknight|Corviknight, M|16/100 par|[from] U-turn
|-ability|p2a: Corviknight|Pressure
|move|p1a: Slowking|Toxic Spikes|p2a: Corviknight
|-sidestart|p2: Luxcalum|move: Toxic Spikes
|
|-heal|p1a: Slowking|90/100|[from] item: Leftovers
|upkeep
|turn|87
|
|t:|1776285135
|switch|p1a: Mandibuzz|Mandibuzz, F|88/100
|move|p2a: Corviknight|Brave Bird|p1a: Mandibuzz
|-crit|p1a: Mandibuzz
|-damage|p1a: Mandibuzz|56/100
|-damage|p2a: Corviknight|4/100 par|[from] Recoil
|
|upkeep
|turn|88
|c|☆g.dini|predicted
|
|t:|1776285144
|move|p1a: Mandibuzz|Roost|p1a: Mandibuzz
|-heal|p1a: Mandibuzz|100/100
|-singleturn|p1a: Mandibuzz|move: Roost
|cant|p2a: Corviknight|par
|
|upkeep
|turn|89
|
|t:|1776285151
|move|p1a: Mandibuzz|Knock Off|p2a: Corviknight
|-damage|p2a: Corviknight|0 fnt
|faint|p2a: Corviknight
|
|upkeep
|
|t:|1776285155
|switch|p2a: Great Tusk|Great Tusk|35/100 tox
|turn|90
|
|t:|1776285159
|move|p2a: Great Tusk|Rapid Spin|p1a: Mandibuzz
|-damage|p1a: Mandibuzz|92/100
|-boost|p2a: Great Tusk|spe|1
|-sideend|p2: Luxcalum|Toxic Spikes|[from] move: Rapid Spin|[of] p2a: Great Tusk
|move|p1a: Mandibuzz|Knock Off|p2a: Great Tusk
|-resisted|p2a: Great Tusk
|-damage|p2a: Great Tusk|27/100 tox
|-enditem|p2a: Great Tusk|Leftovers|[from] move: Knock Off|[of] p1a: Mandibuzz
|
|-damage|p2a: Great Tusk|21/100 tox|[from] psn
|upkeep
|turn|91
|
|t:|1776285172
|switch|p1a: Chansey|Chansey, F|48/100
|move|p2a: Great Tusk|Earthquake|p1a: Chansey
|-damage|p1a: Chansey|0 fnt
|faint|p1a: Chansey
|
|-damage|p2a: Great Tusk|9/100 tox|[from] psn
|upkeep
|
|t:|1776285180
|switch|p1a: Ditto|Ditto|94/100
|-transform|p1a: Ditto|p2a: Great Tusk|[from] ability: Imposter
|turn|92
|
|t:|1776285192
|move|p1a: Ditto|Knock Off|p2a: Great Tusk
|-resisted|p2a: Great Tusk
|-damage|p2a: Great Tusk|2/100 tox
|move|p2a: Great Tusk|Earthquake|p1a: Ditto
|-damage|p1a: Ditto|54/100
|
|-damage|p2a: Great Tusk|0 fnt|[from] psn
|faint|p2a: Great Tusk
|-end|p2a: Great Tusk|Protosynthesis|[silent]
|upkeep
|
|t:|1776285205
|switch|p2a: Iron Valiant|Iron Valiant|62/100
|turn|93
|c|☆g.dini|predicted
|inactive|Luxcalum has 120 seconds left.
|
|t:|1776285232
|-end|p1a: Ditto|Protosynthesis|[silent]
|switch|p1a: Slowking|Slowking-Galar, F|100/100
|move|p2a: Iron Valiant|Moonblast|p1a: Slowking
|-resisted|p1a: Slowking
|-damage|p1a: Slowking|81/100
|
|-heal|p1a: Slowking|87/100|[from] item: Leftovers
|upkeep
|turn|94
|
|t:|1776285244
|-terastallize|p2a: Iron Valiant|Ground
|move|p2a: Iron Valiant|Tera Blast|p1a: Slowking|[anim] Tera Blast Ground
|-supereffective|p1a: Slowking
|-crit|p1a: Slowking
|-damage|p1a: Slowking|0 fnt
|faint|p1a: Slowking
|
|upkeep
|
|t:|1776285260
|switch|p1a: Mandibuzz|Mandibuzz, F|92/100
|turn|95
|
|t:|1776285265
|move|p2a: Iron Valiant|Moonblast|p1a: Mandibuzz
|-supereffective|p1a: Mandibuzz
|-damage|p1a: Mandibuzz|14/100
|move|p1a: Mandibuzz|Toxic|p2a: Iron Valiant
|-status|p2a: Iron Valiant|tox
|
|-damage|p2a: Iron Valiant|56/100 tox|[from] psn
|upkeep
|turn|96
|
|t:|1776285272
|move|p2a: Iron Valiant|Moonblast|p1a: Mandibuzz
|-supereffective|p1a: Mandibuzz
|-damage|p1a: Mandibuzz|0 fnt
|faint|p1a: Mandibuzz
|
|-damage|p2a: Iron Valiant|43/100 tox|[from] psn
|upkeep
|
|t:|1776285278
|switch|p1a: Ditto|Ditto|54/100
|-transform|p1a: Ditto|p2a: Iron Valiant|[from] ability: Imposter
|-start|p1a: Ditto|typechange|Fairy/Fighting|[silent]
|turn|97
|
|t:|1776285284
|move|p1a: Ditto|Moonblast|p2a: Iron Valiant
|-damage|p2a: Iron Valiant|0 fnt
|faint|p2a: Iron Valiant
|-end|p2a: Iron Valiant|Quark Drive|[silent]
|
|upkeep
|
|t:|1776285290
|switch|p2a: Dragapult|Dragapult, F|100/100
|turn|98
|
|t:|1776285295
|move|p1a: Ditto|Moonblast|p2a: Dragapult
|-supereffective|p2a: Dragapult
|-damage|p2a: Dragapult|0 fnt
|faint|p2a: Dragapult
|
|win|g.dini
|raw|g.dini's rating: 1317 &rarr; <strong>1339</strong><br />(+22 for winning)
|raw|Luxcalum's rating: 1353 &rarr; <strong>1331</strong><br />(-22 for losing)
|c|☆g.dini|AHhahahahha
|c|☆Luxcalum|Lame sauce dude
|c|☆g.dini|git good
|c|☆Luxcalum|your team sucks
|c|☆g.dini|you rekt
|l|☆Luxcalum
|player|p2|
|c|☆g.dini|I broke ur ass
|c|☆g.dini|Easy win
|c|☆g.dini|free points
