|html|<div class="broadcast-blue"><strong>[Gen 9] OU is currently suspecting Tera Blast! For information on how to participate check out the <a href="https://www.smogon.com/tools/suspects/view/200">suspect thread</a>.</strong></div>
|j|☆aierfadeng
|j|☆isometricisopod
|t:|1776069521
|gametype|singles
|player|p1|aierfadeng|swimmerf|1211
|player|p2|isometricisopod|hilda|1173
|gen|9
|tier|[Gen 9] OU
|rated|
|rule|HP Percentage Mod: HP is shown in percentages
|rule|Endless Battle Clause: Forcing endless battles is banned
|rule|Species Clause: Limit one of each Pokémon
|rule|OHKO Clause: OHKO moves are banned
|rule|Evasion Items Clause: Evasion items are banned
|rule|Evasion Moves Clause: Evasion moves are banned
|rule|Evasion Abilities Clause: Evasion abilities are banned
|rule|Sleep Moves Clause: Sleep-inducing moves are banned
|clearpoke
|poke|p1|Glimmora, F|
|poke|p1|Alomomola, F|
|poke|p1|Meowscarada, F|
|poke|p1|Corviknight, F|
|poke|p1|Great Tusk|
|poke|p1|Dragonite, F|
|poke|p2|Slowking-Galar, F|
|poke|p2|Dragapult, F|
|poke|p2|Arcanine-Hisui, M|
|poke|p2|Keldeo-Resolute|
|poke|p2|Gliscor, M|
|poke|p2|Zarude-Dada|
|teampreview
|
|t:|1776069536
|teamsize|p1|6
|teamsize|p2|6
|start
|switch|p1a: Glimmora|Glimmora, F, shiny|100/100
|switch|p2a: The Masterplan|Slowking-Galar, F|100/100
|turn|1
|
|t:|1776069542
|move|p1a: Glimmora|Earth Power|p2a: The Masterplan
|-supereffective|p2a: The Masterplan
|-damage|p2a: The Masterplan|50/100
|move|p2a: The Masterplan|Future Sight|p1a: Glimmora
|-start|p2a: The Masterplan|move: Future Sight
|
|-heal|p2a: The Masterplan|56/100|[from] item: Leftovers
|upkeep
|turn|2
|
|t:|1776069551
|move|p1a: Glimmora|Power Gem|p2a: The Masterplan
|-damage|p2a: The Masterplan|24/100
|-prepare|p2a: The Masterplan|Chilly Reception|[premajor]
|move|p2a: The Masterplan|Chilly Reception|p2a: The Masterplan
|-weather|Snowscape
|
|t:|1776069568
|switch|p2a: Transtula|Gliscor, M|100/100|[from] Chilly Reception
|
|-weather|Snowscape|[upkeep]
|-status|p2a: Transtula|tox|[from] item: Toxic Orb
|upkeep
|turn|3
|
|t:|1776069575
|switch|p1a: Meowscarada|Meowscarada, F, shiny|100/100
|move|p2a: Transtula|Earthquake|p1a: Meowscarada
|-resisted|p1a: Meowscarada
|-damage|p1a: Meowscarada|72/100
|
|-weather|Snowscape|[upkeep]
|-end|p1a: Meowscarada|move: Future Sight
|-immune|p1a: Meowscarada
|upkeep
|turn|4
|
|t:|1776069588
|switch|p1a: Corviknight|Corviknight, F, shiny|100/100
|move|p2a: Transtula|Fling|p1a: Corviknight
|-damage|p1a: Corviknight|95/100
|-enditem|p2a: Transtula|Toxic Orb|[from] move: Fling
|
|-weather|Snowscape|[upkeep]
|-heal|p1a: Corviknight|100/100|[from] item: Leftovers
|upkeep
|turn|5
|
|t:|1776069606
|switch|p2a: Charlie|Arcanine-Hisui, M|100/100
|move|p1a: Corviknight|U-turn|p2a: Charlie
|-resisted|p2a: Charlie
|-damage|p2a: Charlie|92/100
|
|t:|1776069612
|switch|p1a: Great Tusk|Great Tusk, shiny|100/100|[from] U-turn
|-enditem|p1a: Great Tusk|Booster Energy
|-activate|p1a: Great Tusk|ability: Protosynthesis|[fromitem]
|-start|p1a: Great Tusk|protosynthesisatk
|
|-weather|Snowscape|[upkeep]
|upkeep
|turn|6
|
|t:|1776069621
|move|p2a: Charlie|Flare Blitz|p1a: Great Tusk
|-damage|p1a: Great Tusk|43/100
|-status|p1a: Great Tusk|brn
|move|p1a: Great Tusk|Earthquake|p2a: Charlie
|-supereffective|p2a: Charlie
|-damage|p2a: Charlie|0 fnt
|faint|p2a: Charlie
|
|-weather|none
|-damage|p1a: Great Tusk|37/100 brn|[from] brn
|upkeep
|
|t:|1776069639
|switch|p2a: Forgive Me Father|Zarude-Dada|100/100
|turn|7
|
|t:|1776069646
|-end|p1a: Great Tusk|Protosynthesis|[silent]
|switch|p1a: Corviknight|Corviknight, F, shiny|100/100
|move|p2a: Forgive Me Father|Power Whip|p1a: Corviknight|[miss]
|-miss|p2a: Forgive Me Father|p1a: Corviknight
|
|upkeep
|turn|8
|
|t:|1776069656
|move|p2a: Forgive Me Father|Bulk Up|p2a: Forgive Me Father
|-boost|p2a: Forgive Me Father|atk|1
|-boost|p2a: Forgive Me Father|def|1
|move|p1a: Corviknight|U-turn|p2a: Forgive Me Father
|-supereffective|p2a: Forgive Me Father
|-crit|p2a: Forgive Me Father
|-damage|p2a: Forgive Me Father|27/100
|
|t:|1776069664
|switch|p1a: Meowscarada|Meowscarada, F, shiny|72/100|[from] U-turn
|
|-heal|p2a: Forgive Me Father|33/100|[from] item: Leftovers
|upkeep
|turn|9
|
|t:|1776069676
|move|p1a: Meowscarada|U-turn|p2a: Forgive Me Father
|-start|p1a: Meowscarada|typechange|Bug|[from] ability: Protean
|-supereffective|p2a: Forgive Me Father
|-damage|p2a: Forgive Me Father|0 fnt
|faint|p2a: Forgive Me Father
|
|t:|1776069685
|switch|p1a: Glimmora|Glimmora, F, shiny|100/100|[from] U-turn
|
|upkeep
|
|t:|1776069689
|switch|p2a: MLP Fanclub Pres.|Keldeo-Resolute|100/100
|turn|10
|
|t:|1776069696
|move|p2a: MLP Fanclub Pres.|Substitute|p2a: MLP Fanclub Pres.
|-start|p2a: MLP Fanclub Pres.|Substitute
|-damage|p2a: MLP Fanclub Pres.|76/100
|move|p1a: Glimmora|Mortal Spin|p2a: MLP Fanclub Pres.
|-activate|p2a: MLP Fanclub Pres.|move: Substitute|[damage]
|
|-heal|p2a: MLP Fanclub Pres.|82/100|[from] item: Leftovers
|upkeep
|turn|11
|
|t:|1776069705
|move|p2a: MLP Fanclub Pres.|Calm Mind|p2a: MLP Fanclub Pres.
|-boost|p2a: MLP Fanclub Pres.|spa|1
|-boost|p2a: MLP Fanclub Pres.|spd|1
|move|p1a: Glimmora|Earth Power|p2a: MLP Fanclub Pres.
|-end|p2a: MLP Fanclub Pres.|Substitute
|
|-heal|p2a: MLP Fanclub Pres.|88/100|[from] item: Leftovers
|upkeep
|turn|12
|
|t:|1776069714
|move|p2a: MLP Fanclub Pres.|Hydro Pump|p1a: Glimmora|[miss]
|-miss|p2a: MLP Fanclub Pres.|p1a: Glimmora
|move|p1a: Glimmora|Earth Power|p2a: MLP Fanclub Pres.
|-damage|p2a: MLP Fanclub Pres.|66/100
|
|-heal|p2a: MLP Fanclub Pres.|72/100|[from] item: Leftovers
|upkeep
|turn|13
|
|t:|1776069723
|move|p2a: MLP Fanclub Pres.|Hydro Pump|p1a: Glimmora|[miss]
|-miss|p2a: MLP Fanclub Pres.|p1a: Glimmora
|move|p1a: Glimmora|Mortal Spin|p2a: MLP Fanclub Pres.
|-damage|p2a: MLP Fanclub Pres.|64/100
|-status|p2a: MLP Fanclub Pres.|psn
|
|-heal|p2a: MLP Fanclub Pres.|70/100 psn|[from] item: Leftovers
|-damage|p2a: MLP Fanclub Pres.|58/100 psn|[from] psn
|upkeep
|turn|14
|
|t:|1776069734
|move|p2a: MLP Fanclub Pres.|Hydro Pump|p1a: Glimmora
|-supereffective|p1a: Glimmora
|-enditem|p1a: Glimmora|Focus Sash
|-damage|p1a: Glimmora|1/100
|move|p1a: Glimmora|Stealth Rock|p2a: MLP Fanclub Pres.
|-sidestart|p2: isometricisopod|move: Stealth Rock
|
|-heal|p2a: MLP Fanclub Pres.|64/100 psn|[from] item: Leftovers
|-damage|p2a: MLP Fanclub Pres.|52/100 psn|[from] psn
|upkeep
|turn|15
|
|t:|1776069746
|move|p2a: MLP Fanclub Pres.|Calm Mind|p2a: MLP Fanclub Pres.
|-boost|p2a: MLP Fanclub Pres.|spa|1
|-boost|p2a: MLP Fanclub Pres.|spd|1
|move|p1a: Glimmora|Earth Power|p2a: MLP Fanclub Pres.
|-damage|p2a: MLP Fanclub Pres.|33/100 psn
|
|-heal|p2a: MLP Fanclub Pres.|39/100 psn|[from] item: Leftovers
|-damage|p2a: MLP Fanclub Pres.|27/100 psn|[from] psn
|upkeep
|turn|16
|
|t:|1776069756
|move|p2a: MLP Fanclub Pres.|Hydro Pump|p1a: Glimmora
|-supereffective|p1a: Glimmora
|-damage|p1a: Glimmora|0 fnt
|faint|p1a: Glimmora
|
|-heal|p2a: MLP Fanclub Pres.|33/100 psn|[from] item: Leftovers
|-damage|p2a: MLP Fanclub Pres.|21/100 psn|[from] psn
|upkeep
|
|t:|1776069765
|switch|p1a: Meowscarada|Meowscarada, F, shiny|72/100
|turn|17
|
|t:|1776069769
|move|p1a: Meowscarada|U-turn|p2a: MLP Fanclub Pres.
|-start|p1a: Meowscarada|typechange|Bug|[from] ability: Protean
|-resisted|p2a: MLP Fanclub Pres.
|-damage|p2a: MLP Fanclub Pres.|0 fnt
|faint|p2a: MLP Fanclub Pres.
|
|t:|1776069780
|switch|p1a: Great Tusk|Great Tusk, shiny|37/100 brn|[from] U-turn
|
|-damage|p1a: Great Tusk|31/100 brn|[from] brn
|upkeep
|
|t:|1776069794
|switch|p2a: The Masterplan|Slowking-Galar, F|58/100
|-damage|p2a: The Masterplan|45/100|[from] Stealth Rock
|turn|18
|
|t:|1776069801
|move|p1a: Great Tusk|Earthquake|p2a: The Masterplan
|-supereffective|p2a: The Masterplan
|-damage|p2a: The Masterplan|4/100
|move|p2a: The Masterplan|Slack Off|p2a: The Masterplan
|-heal|p2a: The Masterplan|54/100
|
|-heal|p2a: The Masterplan|60/100|[from] item: Leftovers
|-damage|p1a: Great Tusk|24/100 brn|[from] brn
|upkeep
|turn|19
|
|t:|1776069812
|move|p1a: Great Tusk|Earthquake|p2a: The Masterplan
|-supereffective|p2a: The Masterplan
|-damage|p2a: The Masterplan|23/100
|move|p2a: The Masterplan|Slack Off|p2a: The Masterplan
|-heal|p2a: The Masterplan|73/100
|
|-heal|p2a: The Masterplan|79/100|[from] item: Leftovers
|-damage|p1a: Great Tusk|18/100 brn|[from] brn
|upkeep
|turn|20
|
|t:|1776069822
|move|p1a: Great Tusk|Earthquake|p2a: The Masterplan
|-supereffective|p2a: The Masterplan
|-damage|p2a: The Masterplan|43/100
|move|p2a: The Masterplan|Slack Off|p2a: The Masterplan
|-heal|p2a: The Masterplan|93/100
|
|-heal|p2a: The Masterplan|99/100|[from] item: Leftovers
|-damage|p1a: Great Tusk|12/100 brn|[from] brn
|upkeep
|turn|21
|
|t:|1776069832
|move|p1a: Great Tusk|Earthquake|p2a: The Masterplan
|-supereffective|p2a: The Masterplan
|-damage|p2a: The Masterplan|60/100
|move|p2a: The Masterplan|Slack Off|p2a: The Masterplan
|-heal|p2a: The Masterplan|100/100
|
|-damage|p1a: Great Tusk|6/100 brn|[from] brn
|upkeep
|turn|22
|
|t:|1776069840
|move|p1a: Great Tusk|Earthquake|p2a: The Masterplan
|-supereffective|p2a: The Masterplan
|-damage|p2a: The Masterplan|62/100
|move|p2a: The Masterplan|Slack Off|p2a: The Masterplan
|-heal|p2a: The Masterplan|100/100
|
|-damage|p1a: Great Tusk|0 fnt|[from] brn
|faint|p1a: Great Tusk
|-end|p1a: Great Tusk|Protosynthesis|[silent]
|upkeep
|
|t:|1776069853
|switch|p1a: Corviknight|Corviknight, F, shiny|100/100
|turn|23
|
|t:|1776069862
|move|p1a: Corviknight|Taunt|p2a: The Masterplan
|-start|p2a: The Masterplan|move: Taunt
|move|p2a: The Masterplan|Future Sight|p1a: Corviknight
|-start|p2a: The Masterplan|move: Future Sight
|
|upkeep
|turn|24
|
|t:|1776069874
|switch|p2a: Transtula|Gliscor, M|100/100 tox
|-damage|p2a: Transtula|88/100 tox|[from] Stealth Rock
|move|p1a: Corviknight|U-turn|p2a: Transtula
|-resisted|p2a: Transtula
|-damage|p2a: Transtula|82/100 tox
|
|t:|1776069884
|switch|p1a: Alomomola|Alomomola, F, shiny|100/100|[from] U-turn
|
|-heal|p2a: Transtula|94/100 tox|[from] ability: Poison Heal
|upkeep
|turn|25
|
|t:|1776069893
|move|p1a: Alomomola|Protect|p1a: Alomomola
|-singleturn|p1a: Alomomola|Protect
|move|p2a: Transtula|Acrobatics|p1a: Alomomola
|-activate|p1a: Alomomola|move: Protect
|
|-end|p1a: Alomomola|move: Future Sight
|-damage|p1a: Alomomola|50/100
|-heal|p2a: Transtula|100/100 tox|[from] ability: Poison Heal
|upkeep
|turn|26
|
|t:|1776069903
|move|p2a: Transtula|Acrobatics|p1a: Alomomola
|-damage|p1a: Alomomola|29/100
|-damage|p2a: Transtula|84/100 tox|[from] item: Rocky Helmet|[of] p1a: Alomomola
|move|p1a: Alomomola|Wish|p1a: Alomomola
|
|-heal|p2a: Transtula|96/100 tox|[from] ability: Poison Heal
|upkeep
|turn|27
|
|t:|1776069914
|move|p2a: Transtula|Acrobatics|p1a: Alomomola
|-damage|p1a: Alomomola|10/100
|-damage|p2a: Transtula|80/100 tox|[from] item: Rocky Helmet|[of] p1a: Alomomola
|move|p1a: Alomomola|Flip Turn|p2a: Transtula
|-supereffective|p2a: Transtula
|-damage|p2a: Transtula|51/100 tox
|
|t:|1776069922
|switch|p1a: Meowscarada|Meowscarada, F, shiny|72/100|[from] Flip Turn
|
|-heal|p1a: Meowscarada|100/100|[from] move: Wish|[wisher] Alomomola
|-heal|p2a: Transtula|64/100 tox|[from] ability: Poison Heal
|upkeep
|turn|28
|
|t:|1776069930
|-terastallize|p1a: Meowscarada|Dark
|move|p1a: Meowscarada|Knock Off|p2a: Transtula
|-damage|p2a: Transtula|10/100 tox
|move|p2a: Transtula|Acrobatics|p1a: Meowscarada
|-damage|p1a: Meowscarada|39/100
|
|-heal|p2a: Transtula|22/100 tox|[from] ability: Poison Heal
|upkeep
|turn|29
|
|t:|1776069952
|switch|p2a: The Masterplan|Slowking-Galar, F|100/100
|-damage|p2a: The Masterplan|88/100|[from] Stealth Rock
|move|p1a: Meowscarada|Knock Off|p2a: The Masterplan
|-supereffective|p2a: The Masterplan
|-damage|p2a: The Masterplan|0 fnt
|-enditem|p2a: The Masterplan|Leftovers|[from] move: Knock Off|[of] p1a: Meowscarada
|faint|p2a: The Masterplan
|
|upkeep
|
|t:|1776069961
|switch|p2a: Diplocaulus|Dragapult, F, shiny|100/100
|-damage|p2a: Diplocaulus|88/100|[from] Stealth Rock
|turn|30
|
|t:|1776069968
|switch|p1a: Corviknight|Corviknight, F, shiny|100/100
|move|p2a: Diplocaulus|Dragon Darts|p1a: Corviknight
|-resisted|p1a: Corviknight
|-damage|p1a: Corviknight|91/100
|-anim|p2a: Diplocaulus|Dragon Darts|p1a: Corviknight
|-resisted|p1a: Corviknight
|-damage|p1a: Corviknight|81/100
|
|-heal|p2a: Diplocaulus|94/100|[from] item: Leftovers
|-heal|p1a: Corviknight|87/100|[from] item: Leftovers
|upkeep
|turn|31
|
|t:|1776069980
|move|p2a: Diplocaulus|Dragon Dance|p2a: Diplocaulus
|-boost|p2a: Diplocaulus|atk|1
|-boost|p2a: Diplocaulus|spe|1
|move|p1a: Corviknight|U-turn|p2a: Diplocaulus
|-resisted|p2a: Diplocaulus
|-damage|p2a: Diplocaulus|84/100
|
|t:|1776069986
|switch|p1a: Meowscarada|Meowscarada, F, shiny, tera:Dark|39/100|[from] U-turn
|
|-heal|p2a: Diplocaulus|89/100|[from] item: Leftovers
|upkeep
|turn|32
|
|t:|1776069993
|move|p1a: Meowscarada|Sucker Punch|p2a: Diplocaulus
|-supereffective|p2a: Diplocaulus
|-damage|p2a: Diplocaulus|0 fnt
|faint|p2a: Diplocaulus
|
|upkeep
|
|t:|1776069997
|switch|p2a: Transtula|Gliscor, M|22/100 tox
|-damage|p2a: Transtula|10/100 tox|[from] Stealth Rock
|turn|33
|
|t:|1776070002
|move|p1a: Meowscarada|Sucker Punch|p2a: Transtula
|-damage|p2a: Transtula|0 fnt
|faint|p2a: Transtula
|
|win|aierfadeng
|raw|aierfadeng's rating: 1211 &rarr; <strong>1233</strong><br />(+22 for winning)
|raw|isometricisopod's rating: 1173 &rarr; <strong>1151</strong><br />(-22 for losing)
|l|☆isometricisopod
|player|p2|
|l|☆aierfadeng
|player|p1|
