|html|<div class="broadcast-blue"><strong>[Gen 9] OU is currently suspecting Tera Blast! For information on how to participate check out the <a href="https://www.smogon.com/tools/suspects/view/200">suspect thread</a>.</strong></div>
|j|☆goon guad
|j|☆Humerus_Skelepun
|t:|1776228469
|gametype|singles
|player|p1|goon guad|102|1429
|player|p2|Humerus_Skelepun|101|1511
|gen|9
|tier|[Gen 9] OU
|rated|
|rule|HP Percentage Mod: HP is shown in percentages
|rule|Endless Battle Clause: Forcing endless battles is banned
|rule|Species Clause: Limit one of each Pokémon
|rule|OHKO Clause: OHKO moves are banned
|rule|Evasion Items Clause: Evasion items are banned
|rule|Evasion Moves Clause: Evasion moves are banned
|rule|Evasion Abilities Clause: Evasion abilities are banned
|rule|Sleep Moves Clause: Sleep-inducing moves are banned
|clearpoke
|poke|p1|Moltres|
|poke|p1|Slowking-Galar, F|
|poke|p1|Great Tusk|
|poke|p1|Weavile, M|
|poke|p1|Samurott-Hisui, F|
|poke|p1|Hydrapple, M|
|poke|p2|Hatterene, F|
|poke|p2|Corviknight, F|
|poke|p2|Ting-Lu|
|poke|p2|Kyurem|
|poke|p2|Zamazenta-*|
|poke|p2|Darkrai|
|teampreview
|inactive|Battle timer is ON: inactive players will automatically lose when time's up. (requested by Humerus_Skelepun)
|inactive|Humerus_Skelepun has 120 seconds left.
|
|t:|1776228503
|teamsize|p1|6
|teamsize|p2|6
|start
|switch|p1a: Weavile|Weavile, M|100/100
|switch|p2a: Zamazenta|Zamazenta|100/100
|-ability|p2a: Zamazenta|Dauntless Shield|boost
|-boost|p2a: Zamazenta|def|1
|-ability|p1a: Weavile|Pressure
|turn|1
|
|t:|1776228515
|switch|p1a: Hydrapple|Hydrapple, M|100/100
|move|p2a: Zamazenta|Stone Edge|p1a: Hydrapple
|-damage|p1a: Hydrapple|81/100
|
|upkeep
|turn|2
|
|t:|1776228529
|switch|p2a: Hatterene|Hatterene, F|100/100
|move|p1a: Hydrapple|Giga Drain|p2a: Hatterene
|-damage|p2a: Hatterene|64/100
|-heal|p1a: Hydrapple|94/100|[from] drain|[of] p2a: Hatterene
|
|upkeep
|turn|3
|
|t:|1776228542
|switch|p1a: Slowking|Slowking-Galar, F|100/100
|move|p2a: Hatterene|Nuzzle|p1a: Slowking
|-damage|p1a: Slowking|96/100
|-status|p1a: Slowking|par
|
|upkeep
|turn|4
|
|t:|1776228557
|move|p2a: Hatterene|Mystical Fire|p1a: Slowking
|-crit|p1a: Slowking
|-damage|p1a: Slowking|73/100 par
|-unboost|p1a: Slowking|spa|1
|-prepare|p1a: Slowking|Chilly Reception|[premajor]
|move|p1a: Slowking|Chilly Reception|p1a: Slowking
|-weather|Snowscape
|
|t:|1776228560
|switch|p1a: Samurott|Samurott-Hisui, F|100/100|[from] Chilly Reception
|
|-weather|Snowscape|[upkeep]
|upkeep
|turn|5
|
|t:|1776228565
|move|p1a: Samurott|Ceaseless Edge|p2a: Hatterene
|-damage|p2a: Hatterene|14/100
|-sidestart|p2: Humerus_Skelepun|Spikes
|move|p2a: Hatterene|Mystical Fire|p1a: Samurott
|-resisted|p1a: Samurott
|-damage|p1a: Samurott|90/100
|-unboost|p1a: Samurott|spa|1
|
|-weather|Snowscape|[upkeep]
|upkeep
|turn|6
|
|t:|1776228570
|switch|p2a: Corviknight|Corviknight, F|100/100
|-ability|p2a: Corviknight|Pressure
|move|p1a: Samurott|Ceaseless Edge|p2a: Corviknight
|-damage|p2a: Corviknight|77/100
|-damage|p1a: Samurott|74/100|[from] item: Rocky Helmet|[of] p2a: Corviknight
|-sidestart|p2: Humerus_Skelepun|Spikes
|
|-weather|Snowscape|[upkeep]
|upkeep
|turn|7
|
|t:|1776228573
|switch|p1a: Moltres|Moltres|100/100
|move|p2a: Corviknight|Defog|p1a: Moltres
|-unboost|p1a: Moltres|evasion|1
|-sideend|p2: Humerus_Skelepun|Spikes|[from] move: Defog|[of] p2a: Corviknight
|
|-weather|Snowscape|[upkeep]
|upkeep
|turn|8
|
|t:|1776228577
|switch|p2a: Hatterene|Hatterene, F|14/100
|move|p1a: Moltres|U-turn|p2a: Hatterene
|-damage|p2a: Hatterene|0 fnt
|faint|p2a: Hatterene
|
|t:|1776228581
|switch|p1a: Samurott|Samurott-Hisui, F|74/100|[from] U-turn
|
|-weather|none
|upkeep
|
|t:|1776228592
|switch|p2a: Zamazenta|Zamazenta|100/100
|turn|9
|
|t:|1776228596
|switch|p1a: Hydrapple|Hydrapple, M|100/100
|move|p2a: Zamazenta|Close Combat|p1a: Hydrapple
|-damage|p1a: Hydrapple|62/100
|-unboost|p2a: Zamazenta|def|1
|-unboost|p2a: Zamazenta|spd|1
|
|upkeep
|turn|10
|
|t:|1776228598
|move|p2a: Zamazenta|Close Combat|p1a: Hydrapple
|-damage|p1a: Hydrapple|25/100
|-unboost|p2a: Zamazenta|def|1
|-unboost|p2a: Zamazenta|spd|1
|move|p1a: Hydrapple|Giga Drain|p2a: Zamazenta
|-damage|p2a: Zamazenta|39/100
|-heal|p1a: Hydrapple|50/100|[from] drain|[of] p2a: Zamazenta
|
|upkeep
|turn|11
|
|t:|1776228607
|switch|p2a: Kyurem|Kyurem|100/100
|-ability|p2a: Kyurem|Pressure
|move|p1a: Hydrapple|Giga Drain|p2a: Kyurem
|-resisted|p2a: Kyurem
|-crit|p2a: Kyurem
|-damage|p2a: Kyurem|73/100
|-heal|p1a: Hydrapple|63/100|[from] drain|[of] p2a: Kyurem
|
|-heal|p2a: Kyurem|79/100|[from] item: Leftovers
|upkeep
|turn|12
|
|t:|1776228614
|switch|p1a: Slowking|Slowking-Galar, F|100/100 par
|move|p2a: Kyurem|Dragon Dance|p2a: Kyurem
|-boost|p2a: Kyurem|atk|1
|-boost|p2a: Kyurem|spe|1
|
|-heal|p2a: Kyurem|85/100|[from] item: Leftovers
|upkeep
|turn|13
|
|t:|1776228620
|switch|p1a: Moltres|Moltres|100/100
|move|p2a: Kyurem|Substitute|p2a: Kyurem
|-start|p2a: Kyurem|Substitute
|-damage|p2a: Kyurem|60/100
|
|-heal|p2a: Kyurem|67/100|[from] item: Leftovers
|upkeep
|turn|14
|
|t:|1776228631
|move|p2a: Kyurem|Dragon Dance|p2a: Kyurem
|-boost|p2a: Kyurem|atk|1
|-boost|p2a: Kyurem|spe|1
|move|p1a: Moltres|Flamethrower|p2a: Kyurem
|-end|p2a: Kyurem|Substitute
|
|-heal|p2a: Kyurem|73/100|[from] item: Leftovers
|upkeep
|turn|15
|
|t:|1776228644
|-terastallize|p2a: Kyurem|Electric
|move|p2a: Kyurem|Tera Blast|p1a: Moltres|[anim] Tera Blast Electric
|-supereffective|p1a: Moltres
|-damage|p1a: Moltres|0 fnt
|faint|p1a: Moltres
|
|-heal|p2a: Kyurem|79/100|[from] item: Leftovers
|upkeep
|
|t:|1776228651
|switch|p1a: Great Tusk|Great Tusk|100/100
|turn|16
|
|t:|1776228655
|-terastallize|p1a: Great Tusk|Steel
|move|p2a: Kyurem|Substitute|p2a: Kyurem
|-start|p2a: Kyurem|Substitute
|-damage|p2a: Kyurem|54/100
|move|p1a: Great Tusk|Headlong Rush|p2a: Kyurem
|-supereffective|p2a: Kyurem
|-end|p2a: Kyurem|Substitute
|-unboost|p1a: Great Tusk|def|1
|-unboost|p1a: Great Tusk|spd|1
|
|-heal|p2a: Kyurem|60/100|[from] item: Leftovers
|upkeep
|turn|17
|
|t:|1776228661
|-end|p1a: Great Tusk|Protosynthesis|[silent]
|switch|p1a: Hydrapple|Hydrapple, M|97/100
|move|p2a: Kyurem|Tera Blast|p1a: Hydrapple|[anim] Tera Blast Electric
|-resisted|p1a: Hydrapple
|-damage|p1a: Hydrapple|85/100
|
|-heal|p2a: Kyurem|67/100|[from] item: Leftovers
|upkeep
|turn|18
|
|t:|1776228667
|move|p2a: Kyurem|Icicle Spear|p1a: Hydrapple
|-supereffective|p1a: Hydrapple
|-damage|p1a: Hydrapple|22/100
|-supereffective|p1a: Hydrapple
|-damage|p1a: Hydrapple|0 fnt
|faint|p1a: Hydrapple
|-hitcount|p1: Hydrapple|2
|
|-heal|p2a: Kyurem|73/100|[from] item: Leftovers
|upkeep
|
|t:|1776228669
|switch|p1a: Great Tusk|Great Tusk, tera:Steel|100/100
|turn|19
|
|t:|1776228671
|move|p2a: Kyurem|Substitute|p2a: Kyurem
|-start|p2a: Kyurem|Substitute
|-damage|p2a: Kyurem|48/100
|move|p1a: Great Tusk|Headlong Rush|p2a: Kyurem
|-supereffective|p2a: Kyurem
|-end|p2a: Kyurem|Substitute
|-unboost|p1a: Great Tusk|def|1
|-unboost|p1a: Great Tusk|spd|1
|
|-heal|p2a: Kyurem|54/100|[from] item: Leftovers
|upkeep
|turn|20
|
|t:|1776228681
|move|p2a: Kyurem|Substitute|p2a: Kyurem
|-start|p2a: Kyurem|Substitute
|-damage|p2a: Kyurem|29/100
|move|p1a: Great Tusk|Headlong Rush|p2a: Kyurem
|-supereffective|p2a: Kyurem
|-end|p2a: Kyurem|Substitute
|-unboost|p1a: Great Tusk|def|1
|-unboost|p1a: Great Tusk|spd|1
|
|-heal|p2a: Kyurem|35/100|[from] item: Leftovers
|upkeep
|turn|21
|
|t:|1776228685
|-end|p1a: Great Tusk|Protosynthesis|[silent]
|switch|p1a: Samurott|Samurott-Hisui, F|74/100
|move|p2a: Kyurem|Tera Blast|p1a: Samurott|[anim] Tera Blast Electric
|-supereffective|p1a: Samurott
|-damage|p1a: Samurott|0 fnt
|faint|p1a: Samurott
|
|-heal|p2a: Kyurem|42/100|[from] item: Leftovers
|upkeep
|
|t:|1776228687
|switch|p1a: Great Tusk|Great Tusk, tera:Steel|100/100
|turn|22
|
|t:|1776228693
|move|p2a: Kyurem|Substitute|p2a: Kyurem
|-start|p2a: Kyurem|Substitute
|-damage|p2a: Kyurem|17/100
|move|p1a: Great Tusk|Headlong Rush|p2a: Kyurem
|-supereffective|p2a: Kyurem
|-end|p2a: Kyurem|Substitute
|-unboost|p1a: Great Tusk|def|1
|-unboost|p1a: Great Tusk|spd|1
|
|-heal|p2a: Kyurem|23/100|[from] item: Leftovers
|upkeep
|turn|23
|
|t:|1776228704
|move|p2a: Kyurem|Tera Blast|p1a: Great Tusk|[anim] Tera Blast Electric
|-crit|p1a: Great Tusk
|-damage|p1a: Great Tusk|0 fnt
|faint|p1a: Great Tusk
|-end|p1a: Great Tusk|Protosynthesis|[silent]
|
|-heal|p2a: Kyurem|29/100|[from] item: Leftovers
|upkeep
|c|☆goon guad|balright
|c|☆Humerus_Skelepun|wow
|
|t:|1776228709
|switch|p1a: Weavile|Weavile, M|100/100
|-ability|p1a: Weavile|Pressure
|turn|24
|
|t:|1776228725
|move|p1a: Weavile|Ice Shard|p2a: Kyurem
|-damage|p2a: Kyurem|4/100
|move|p2a: Kyurem|Substitute|p2a: Kyurem
|-fail|p2a: Kyurem|move: Substitute|[weak]
|
|-heal|p2a: Kyurem|10/100|[from] item: Leftovers
|upkeep
|turn|25
|
|t:|1776228730
|move|p1a: Weavile|Ice Shard|p2a: Kyurem
|-damage|p2a: Kyurem|0 fnt
|faint|p2a: Kyurem
|
|upkeep
|
|t:|1776228732
|switch|p2a: Zamazenta|Zamazenta|39/100
|turn|26
|
|t:|1776228736
|switch|p1a: Slowking|Slowking-Galar, F|100/100 par
|move|p2a: Zamazenta|Close Combat|p1a: Slowking
|-resisted|p1a: Slowking
|-damage|p1a: Slowking|86/100 par
|-unboost|p2a: Zamazenta|def|1
|-unboost|p2a: Zamazenta|spd|1
|
|upkeep
|turn|27
|
|t:|1776228741
|switch|p2a: Ting-Lu|Ting-Lu|100/100
|-ability|p2a: Ting-Lu|Vessel of Ruin
|move|p1a: Slowking|Sludge Bomb|p2a: Ting-Lu
|-resisted|p2a: Ting-Lu
|-damage|p2a: Ting-Lu|93/100
|
|-heal|p2a: Ting-Lu|99/100|[from] item: Leftovers
|upkeep
|turn|28
|
|t:|1776228743
|move|p2a: Ting-Lu|Stealth Rock|p1a: Slowking
|-sidestart|p1: goon guad|move: Stealth Rock
|-prepare|p1a: Slowking|Chilly Reception|[premajor]
|move|p1a: Slowking|Chilly Reception|p1a: Slowking
|-weather|Snowscape
|
|t:|1776228745
|switch|p1a: Weavile|Weavile, M|100/100|[from] Chilly Reception
|-damage|p1a: Weavile|76/100|[from] Stealth Rock
|-ability|p1a: Weavile|Pressure
|
|-weather|Snowscape|[upkeep]
|-heal|p2a: Ting-Lu|100/100|[from] item: Leftovers
|upkeep
|turn|29
|
|t:|1776228751
|move|p1a: Weavile|Knock Off|p2a: Ting-Lu
|-resisted|p2a: Ting-Lu
|-damage|p2a: Ting-Lu|82/100
|-enditem|p2a: Ting-Lu|Leftovers|[from] move: Knock Off|[of] p1a: Weavile
|move|p2a: Ting-Lu|Whirlwind|p1a: Weavile
|drag|p1a: Slowking|Slowking-Galar, F|100/100 par
|
|-weather|Snowscape|[upkeep]
|upkeep
|turn|30
|
|t:|1776228755
|move|p2a: Ting-Lu|Earthquake|p1a: Slowking
|-supereffective|p1a: Slowking
|-damage|p1a: Slowking|18/100 par
|-prepare|p1a: Slowking|Chilly Reception|[premajor]
|move|p1a: Slowking|Chilly Reception|p1a: Slowking
|
|t:|1776228757
|switch|p1a: Weavile|Weavile, M|76/100|[from] Chilly Reception
|-damage|p1a: Weavile|51/100|[from] Stealth Rock
|-ability|p1a: Weavile|Pressure
|
|-weather|Snowscape|[upkeep]
|upkeep
|turn|31
|
|t:|1776228759
|move|p1a: Weavile|Knock Off|p2a: Ting-Lu
|-resisted|p2a: Ting-Lu
|-damage|p2a: Ting-Lu|69/100
|move|p2a: Ting-Lu|Whirlwind|p1a: Weavile
|drag|p1a: Slowking|Slowking-Galar, F|51/100 par
|
|-weather|Snowscape|[upkeep]
|upkeep
|turn|32
|
|t:|1776228762
|move|p2a: Ting-Lu|Earthquake|p1a: Slowking
|-supereffective|p1a: Slowking
|-crit|p1a: Slowking
|-damage|p1a: Slowking|0 fnt
|faint|p1a: Slowking
|
|-weather|none
|upkeep
|
|t:|1776228763
|switch|p1a: Weavile|Weavile, M|51/100
|-damage|p1a: Weavile|26/100|[from] Stealth Rock
|-ability|p1a: Weavile|Pressure
|turn|33
|
|t:|1776228765
|move|p1a: Weavile|Knock Off|p2a: Ting-Lu
|-resisted|p2a: Ting-Lu
|-damage|p2a: Ting-Lu|55/100
|move|p2a: Ting-Lu|Earthquake|p1a: Weavile
|-damage|p1a: Weavile|0 fnt
|faint|p1a: Weavile
|
|win|Humerus_Skelepun
|raw|goon guad's rating: 1429 &rarr; <strong>1414</strong><br />(-15 for losing)
|raw|Humerus_Skelepun's rating: 1511 &rarr; <strong>1526</strong><br />(+15 for winning)
|l|☆goon guad
|player|p1|
