|html|<div class="broadcast-blue"><strong>[Gen 9] OU is currently suspecting Tera Blast! For information on how to participate check out the <a href="https://www.smogon.com/tools/suspects/view/200">suspect thread</a>.</strong></div>
|j|☆Bigboybanastra
|j|☆FDO Shiesty
|t:|1776092504
|gametype|singles
|player|p1|Bigboybanastra|flannery|1205
|player|p2|FDO Shiesty|burglar|1207
|gen|9
|tier|[Gen 9] OU
|rated|
|rule|HP Percentage Mod: HP is shown in percentages
|rule|Endless Battle Clause: Forcing endless battles is banned
|rule|Species Clause: Limit one of each Pokémon
|rule|OHKO Clause: OHKO moves are banned
|rule|Evasion Items Clause: Evasion items are banned
|rule|Evasion Moves Clause: Evasion moves are banned
|rule|Evasion Abilities Clause: Evasion abilities are banned
|rule|Sleep Moves Clause: Sleep-inducing moves are banned
|clearpoke
|poke|p1|Appletun, F|
|poke|p1|Dragonite, M|
|poke|p1|Thundurus, M|
|poke|p1|Quaquaval, F|
|poke|p1|Heatran, F|
|poke|p1|Zoroark-Hisui, M|
|poke|p2|Hariyama, M|
|poke|p2|Hatterene, F|
|poke|p2|Ursaluna, F|
|poke|p2|Porygon2|
|poke|p2|Exeggutor-Alola, M|
|poke|p2|Torkoal, F|
|teampreview
|inactive|Battle timer is ON: inactive players will automatically lose when time's up. (requested by Bigboybanastra)
|
|t:|1776092519
|teamsize|p1|6
|teamsize|p2|6
|start
|switch|p1a: Quaquaval|Quaquaval, F|100/100
|switch|p2a: Torkoal|Torkoal, F, shiny|100/100
|-weather|SunnyDay|[from] ability: Drought|[of] p2a: Torkoal
|turn|1
|
|t:|1776092530
|switch|p1a: Heatran|Heatran, F|100/100
|move|p2a: Torkoal|Solar Beam||[still]
|-prepare|p2a: Torkoal|Solar Beam
|-anim|p2a: Torkoal|Solar Beam|p1a: Heatran
|-damage|p1a: Heatran|25/100
|replace|p1a: Zoroark|Zoroark-Hisui, M
|-end|p1a: Zoroark|Illusion
|
|-weather|SunnyDay|[upkeep]
|upkeep
|turn|2
|
|t:|1776092536
|switch|p2a: Porygon2|Porygon2, shiny|100/100
|move|p1a: Zoroark|Hyper Voice|p2a: Porygon2
|-damage|p2a: Porygon2|56/100
|
|-weather|SunnyDay|[upkeep]
|upkeep
|turn|3
|
|t:|1776092543
|switch|p1a: Heatran|Heatran, F|100/100
|move|p2a: Porygon2|Trick Room|p2a: Porygon2
|-fieldstart|move: Trick Room|[of] p2a: Porygon2
|
|-weather|SunnyDay|[upkeep]
|upkeep
|turn|4
|
|t:|1776092552
|switch|p2a: Ursaluna|Ursaluna, F, shiny|100/100
|move|p1a: Heatran|Stealth Rock|p2a: Ursaluna
|-sidestart|p2: FDO Shiesty|move: Stealth Rock
|
|-weather|SunnyDay|[upkeep]
|-status|p2a: Ursaluna|brn|[from] item: Flame Orb
|upkeep
|turn|5
|
|t:|1776092558
|switch|p1a: Appletun|Appletun, F, shiny|100/100
|move|p2a: Ursaluna|Swords Dance|p2a: Ursaluna
|-boost|p2a: Ursaluna|atk|2
|
|-weather|SunnyDay|[upkeep]
|-damage|p2a: Ursaluna|94/100 brn|[from] brn
|upkeep
|turn|6
|
|t:|1776092568
|move|p1a: Appletun|Apple Acid|p2a: Ursaluna
|-supereffective|p2a: Ursaluna
|-damage|p2a: Ursaluna|45/100 brn
|-unboost|p2a: Ursaluna|spd|1
|move|p2a: Ursaluna|Headlong Rush|p1a: Appletun
|-resisted|p1a: Appletun
|-damage|p1a: Appletun|27/100
|-unboost|p2a: Ursaluna|def|1
|-unboost|p2a: Ursaluna|spd|1
|
|-weather|SunnyDay|[upkeep]
|-heal|p1a: Appletun|34/100|[from] item: Leftovers
|-damage|p2a: Ursaluna|39/100 brn|[from] brn
|upkeep
|turn|7
|
|t:|1776092574
|switch|p2a: Exeggutor|Exeggutor-Alola, M, shiny|100/100
|-damage|p2a: Exeggutor|88/100|[from] Stealth Rock
|move|p1a: Appletun|Apple Acid|p2a: Exeggutor
|-resisted|p2a: Exeggutor
|-damage|p2a: Exeggutor|80/100
|-unboost|p2a: Exeggutor|spd|1
|
|-weather|SunnyDay|[upkeep]
|-heal|p1a: Appletun|40/100|[from] item: Leftovers
|-fieldend|move: Trick Room
|upkeep
|turn|8
|
|t:|1776092583
|switch|p1a: Heatran|Heatran, F|100/100
|move|p2a: Exeggutor|Dragon Pulse|p1a: Heatran
|-resisted|p1a: Heatran
|-damage|p1a: Heatran|83/100
|
|-weather|none
|-heal|p1a: Heatran|89/100|[from] item: Leftovers
|upkeep
|turn|9
|
|t:|1776092591
|switch|p2a: Torkoal|Torkoal, F, shiny|100/100
|-damage|p2a: Torkoal|75/100|[from] Stealth Rock
|-weather|SunnyDay|[from] ability: Drought|[of] p2a: Torkoal
|move|p1a: Heatran|Flash Cannon|p2a: Torkoal
|-resisted|p2a: Torkoal
|-damage|p2a: Torkoal|52/100
|
|-weather|SunnyDay|[upkeep]
|-heal|p1a: Heatran|95/100|[from] item: Leftovers
|upkeep
|turn|10
|
|t:|1776092596
|move|p1a: Heatran|Flash Cannon|p2a: Torkoal
|-resisted|p2a: Torkoal
|-damage|p2a: Torkoal|30/100
|move|p2a: Torkoal|Rapid Spin|p1a: Heatran
|-resisted|p1a: Heatran
|-damage|p1a: Heatran|90/100
|-boost|p2a: Torkoal|spe|1
|-sideend|p2: FDO Shiesty|Stealth Rock|[from] move: Rapid Spin|[of] p2a: Torkoal
|
|-weather|SunnyDay|[upkeep]
|-heal|p1a: Heatran|96/100|[from] item: Leftovers
|upkeep
|turn|11
|
|t:|1776092601
|move|p1a: Heatran|Flash Cannon|p2a: Torkoal
|-resisted|p2a: Torkoal
|-damage|p2a: Torkoal|7/100
|-unboost|p2a: Torkoal|spd|1
|move|p2a: Torkoal|Earth Power|p1a: Heatran
|-supereffective|p1a: Heatran
|-damage|p1a: Heatran|8/100
|
|-weather|SunnyDay|[upkeep]
|-heal|p1a: Heatran|14/100|[from] item: Leftovers
|upkeep
|turn|12
|
|t:|1776092609
|move|p1a: Heatran|Flash Cannon|p2a: Torkoal
|-resisted|p2a: Torkoal
|-damage|p2a: Torkoal|0 fnt
|faint|p2a: Torkoal
|
|-weather|SunnyDay|[upkeep]
|-heal|p1a: Heatran|20/100|[from] item: Leftovers
|upkeep
|
|t:|1776092617
|switch|p2a: Hariyama|Hariyama, M, shiny|100/100
|turn|13
|
|t:|1776092626
|move|p1a: Heatran|Stealth Rock|p2a: Hariyama
|-sidestart|p2: FDO Shiesty|move: Stealth Rock
|move|p2a: Hariyama|Knock Off|p1a: Heatran
|-damage|p1a: Heatran|0 fnt
|-enditem|p1a: Heatran|Leftovers|[from] move: Knock Off|[of] p2a: Hariyama
|faint|p1a: Heatran
|
|-weather|SunnyDay|[upkeep]
|-status|p2a: Hariyama|brn|[from] item: Flame Orb
|upkeep
|
|t:|1776092636
|switch|p1a: Thundurus|Thundurus, M|100/100
|turn|14
|
|t:|1776092642
|move|p1a: Thundurus|Acrobatics|p2a: Hariyama
|-supereffective|p2a: Hariyama
|-damage|p2a: Hariyama|14/100 brn
|move|p2a: Hariyama|Ice Punch|p1a: Thundurus
|-supereffective|p1a: Thundurus
|-damage|p1a: Thundurus|9/100
|
|-weather|SunnyDay|[upkeep]
|-damage|p2a: Hariyama|8/100 brn|[from] brn
|upkeep
|turn|15
|
|t:|1776092651
|move|p1a: Thundurus|Volt Switch|p2a: Hariyama
|-damage|p2a: Hariyama|0 fnt
|faint|p2a: Hariyama
|
|t:|1776092658
|switch|p1a: Appletun|Appletun, F, shiny|40/100|[from] Volt Switch
|
|-weather|SunnyDay|[upkeep]
|-heal|p1a: Appletun|46/100|[from] item: Leftovers
|upkeep
|
|t:|1776092669
|switch|p2a: Ursaluna|Ursaluna, F, shiny|39/100 brn
|-damage|p2a: Ursaluna|33/100 brn|[from] Stealth Rock
|turn|16
|
|t:|1776092675
|move|p2a: Ursaluna|Facade|p1a: Appletun
|-damage|p1a: Appletun|0 fnt
|faint|p1a: Appletun
|
|-weather|none
|-damage|p2a: Ursaluna|27/100 brn|[from] brn
|upkeep
|
|t:|1776092682
|switch|p1a: Quaquaval|Quaquaval, F|100/100
|turn|17
|
|t:|1776092690
|switch|p2a: Exeggutor|Exeggutor-Alola, M, shiny|80/100
|-damage|p2a: Exeggutor|68/100|[from] Stealth Rock
|move|p1a: Quaquaval|Aqua Step|p2a: Exeggutor
|-resisted|p2a: Exeggutor
|-damage|p2a: Exeggutor|56/100
|-boost|p1a: Quaquaval|spe|1
|
|upkeep
|turn|18
|
|t:|1776092699
|move|p1a: Quaquaval|Ice Spinner|p2a: Exeggutor
|-supereffective|p2a: Exeggutor
|-crit|p2a: Exeggutor
|-damage|p2a: Exeggutor|0 fnt
|faint|p2a: Exeggutor
|-ability|p1a: Quaquaval|Moxie|boost
|-boost|p1a: Quaquaval|atk|1
|
|upkeep
|
|t:|1776092702
|switch|p2a: Porygon2|Porygon2, shiny|56/100
|-damage|p2a: Porygon2|43/100|[from] Stealth Rock
|turn|19
|
|t:|1776092708
|move|p1a: Quaquaval|Close Combat|p2a: Porygon2
|-supereffective|p2a: Porygon2
|-damage|p2a: Porygon2|0 fnt
|-unboost|p1a: Quaquaval|def|1
|-unboost|p1a: Quaquaval|spd|1
|faint|p2a: Porygon2
|-ability|p1a: Quaquaval|Moxie|boost
|-boost|p1a: Quaquaval|atk|1
|
|upkeep
|inactive|FDO Shiesty has 120 seconds left.
|inactive|FDO Shiesty has 90 seconds left.
|inactive|FDO Shiesty has 60 seconds left.
|inactive|FDO Shiesty has 30 seconds left.
|inactive|FDO Shiesty has 20 seconds left.
|inactive|FDO Shiesty has 15 seconds left.
|inactive|FDO Shiesty has 10 seconds left.
|inactive|FDO Shiesty has 5 seconds left.
|-message|FDO Shiesty lost due to inactivity.
|
|win|Bigboybanastra
|raw|Bigboybanastra's rating: 1205 &rarr; <strong>1228</strong><br />(+23 for winning)
|raw|FDO Shiesty's rating: 1180 &rarr; <strong>1157</strong><br />(-23 for losing)
|l|☆Bigboybanastra
|player|p1|
