|html|<div class="broadcast-blue"><strong>[Gen 9] OU is currently suspecting Tera Blast! For information on how to participate check out the <a href="https://www.smogon.com/tools/suspects/view/200">suspect thread</a>.</strong></div>
|j|☆Srposi
|j|☆newmira45
|t:|1776094090
|gametype|singles
|player|p1|Srposi|169|1349
|player|p2|newmira45|byron|1382
|gen|9
|tier|[Gen 9] OU
|rated|
|rule|HP Percentage Mod: HP is shown in percentages
|rule|Endless Battle Clause: Forcing endless battles is banned
|rule|Species Clause: Limit one of each Pokémon
|rule|OHKO Clause: OHKO moves are banned
|rule|Evasion Items Clause: Evasion items are banned
|rule|Evasion Moves Clause: Evasion moves are banned
|rule|Evasion Abilities Clause: Evasion abilities are banned
|rule|Sleep Moves Clause: Sleep-inducing moves are banned
|clearpoke
|poke|p1|Jolteon, F|
|poke|p1|Golurk|
|poke|p1|Weavile, F|
|poke|p1|Iron Moth|
|poke|p1|Glimmora, F|
|poke|p1|Great Tusk|
|poke|p2|Araquanid, M|
|poke|p2|Great Tusk|
|poke|p2|Glimmora, F|
|poke|p2|Dragonite, M|
|poke|p2|Ceruledge, M|
|poke|p2|Iron Valiant|
|teampreview
|inactive|Battle timer is ON: inactive players will automatically lose when time's up. (requested by newmira45)
|
|t:|1776094104
|teamsize|p1|6
|teamsize|p2|6
|start
|switch|p1a: Golurk|Golurk|100/100
|switch|p2a: Araquanid|Araquanid, M|100/100
|turn|1
|
|t:|1776094110
|move|p1a: Golurk|Poltergeist|p2a: Araquanid
|-activate|p2a: Araquanid|move: Poltergeist|Red Card
|-damage|p2a: Araquanid|21/100
|-enditem|p2a: Araquanid|Red Card|[of] p1a: Golurk
|drag|p1a: Great Tusk|Great Tusk|100/100
|-enditem|p1a: Great Tusk|Booster Energy
|-activate|p1a: Great Tusk|ability: Protosynthesis|[fromitem]
|-start|p1a: Great Tusk|protosynthesisatk
|move|p2a: Araquanid|Surf|p1a: Great Tusk
|-supereffective|p1a: Great Tusk
|-damage|p1a: Great Tusk|0 fnt
|faint|p1a: Great Tusk
|-end|p1a: Great Tusk|Protosynthesis|[silent]
|
|upkeep
|
|t:|1776094132
|switch|p1a: Jolteon|Jolteon, F|100/100
|turn|2
|
|t:|1776094138
|move|p1a: Jolteon|Volt Switch|p2a: Araquanid
|-supereffective|p2a: Araquanid
|-damage|p2a: Araquanid|0 fnt
|faint|p2a: Araquanid
|
|t:|1776094144
|switch|p1a: Golurk|Golurk|100/100|[from] Volt Switch
|
|upkeep
|
|t:|1776094148
|switch|p2a: Great Tusk|Great Tusk|100/100
|-enditem|p2a: Great Tusk|Booster Energy
|-activate|p2a: Great Tusk|ability: Protosynthesis|[fromitem]
|-start|p2a: Great Tusk|protosynthesisatk
|turn|3
|
|t:|1776094161
|move|p2a: Great Tusk|Ice Spinner|p1a: Golurk
|-supereffective|p1a: Golurk
|-damage|p1a: Golurk|17/100
|move|p1a: Golurk|Dynamic Punch|p2a: Great Tusk
|-damage|p2a: Great Tusk|64/100
|-start|p2a: Great Tusk|confusion
|
|upkeep
|turn|4
|
|t:|1776094169
|-activate|p2a: Great Tusk|confusion
|move|p2a: Great Tusk|Ice Spinner|p1a: Golurk
|-supereffective|p1a: Golurk
|-damage|p1a: Golurk|0 fnt
|faint|p1a: Golurk
|
|upkeep
|
|t:|1776094173
|switch|p1a: Iron Moth|Iron Moth|100/100
|-enditem|p1a: Iron Moth|Booster Energy
|-activate|p1a: Iron Moth|ability: Quark Drive|[fromitem]
|-start|p1a: Iron Moth|quarkdrivespe
|turn|5
|
|t:|1776094184
|-terastallize|p1a: Iron Moth|Grass
|move|p1a: Iron Moth|Fiery Dance|p2a: Great Tusk
|-damage|p2a: Great Tusk|0 fnt
|-boost|p1a: Iron Moth|spa|1
|faint|p2a: Great Tusk
|-end|p2a: Great Tusk|Protosynthesis|[silent]
|
|upkeep
|
|t:|1776094196
|switch|p2a: Ceruledge|Ceruledge, M|100/100
|turn|6
|
|t:|1776094205
|move|p1a: Iron Moth|Sludge Wave|p2a: Ceruledge
|-resisted|p2a: Ceruledge
|-damage|p2a: Ceruledge|55/100
|move|p2a: Ceruledge|Bitter Blade|p1a: Iron Moth
|-supereffective|p1a: Iron Moth
|-damage|p1a: Iron Moth|0 fnt
|-heal|p2a: Ceruledge|100/100|[from] drain|[of] p1a: Iron Moth
|faint|p1a: Iron Moth
|-end|p1a: Iron Moth|Quark Drive|[silent]
|
|upkeep
|
|t:|1776094214
|switch|p1a: Weavile|Weavile, F|100/100
|turn|7
|
|t:|1776094217
|move|p1a: Weavile|Knock Off|p2a: Ceruledge
|-supereffective|p2a: Ceruledge
|-enditem|p2a: Ceruledge|Focus Sash
|-damage|p2a: Ceruledge|1/100
|-ability|p2a: Ceruledge|Weak Armor|boost
|-unboost|p2a: Ceruledge|def|1
|-boost|p2a: Ceruledge|spe|2
|move|p2a: Ceruledge|Bitter Blade|p1a: Weavile
|-supereffective|p1a: Weavile
|-damage|p1a: Weavile|0 fnt
|-heal|p2a: Ceruledge|49/100|[from] drain|[of] p1a: Weavile
|faint|p1a: Weavile
|
|upkeep
|
|t:|1776094222
|switch|p1a: Jolteon|Jolteon, F|100/100
|turn|8
|
|t:|1776094228
|move|p1a: Jolteon|Thunderbolt|p2a: Ceruledge
|-damage|p2a: Ceruledge|1/100
|move|p2a: Ceruledge|Bitter Blade|p1a: Jolteon
|-damage|p1a: Jolteon|7/100
|-heal|p2a: Ceruledge|44/100|[from] drain|[of] p1a: Jolteon
|
|upkeep
|turn|9
|
|t:|1776094231
|move|p2a: Ceruledge|Shadow Sneak|p1a: Jolteon
|-damage|p1a: Jolteon|0 fnt
|faint|p1a: Jolteon
|
|upkeep
|-message|Srposi forfeited.
|
|win|newmira45
|raw|Srposi's rating: 1349 &rarr; <strong>1331</strong><br />(-18 for losing)
|raw|newmira45's rating: 1382 &rarr; <strong>1400</strong><br />(+18 for winning)
|l|☆Srposi
|player|p1|
|l|☆newmira45
|player|p2|
