|html|<div class="broadcast-blue"><strong>[Gen 9] OU is currently suspecting Tera Blast! For information on how to participate check out the <a href="https://www.smogon.com/tools/suspects/view/200">suspect thread</a>.</strong></div>
|j|‽miltank deity
|j|☆Versato
|t:|1776100679
|gametype|singles
|player|p1|miltank deity|palmer|1386
|player|p2|Versato|lucas|1324
|gen|9
|tier|[Gen 9] OU
|rated|
|rule|HP Percentage Mod: HP is shown in percentages
|rule|Endless Battle Clause: Forcing endless battles is banned
|rule|Species Clause: Limit one of each Pokémon
|rule|OHKO Clause: OHKO moves are banned
|rule|Evasion Items Clause: Evasion items are banned
|rule|Evasion Moves Clause: Evasion moves are banned
|rule|Evasion Abilities Clause: Evasion abilities are banned
|rule|Sleep Moves Clause: Sleep-inducing moves are banned
|clearpoke
|poke|p1|Clefable, F|
|poke|p1|Corviknight, F|
|poke|p1|Walking Wake|
|poke|p1|Rillaboom, M|
|poke|p1|Great Tusk|
|poke|p1|Tyranitar, M|
|poke|p2|Weavile, F|
|poke|p2|Landorus-Therian, M|
|poke|p2|Hoopa-Unbound|
|poke|p2|Scizor, F|
|poke|p2|Slaking, M|
|poke|p2|Rampardos, M|
|teampreview
|inactive|Battle timer is ON: inactive players will automatically lose when time's up. (requested by miltank deity)
|
|t:|1776100686
|teamsize|p1|6
|teamsize|p2|6
|start
|switch|p1a: Corviknight|Corviknight, F|100/100
|switch|p2a: Weavile|Weavile, F|100/100
|-ability|p2a: Weavile|Pressure
|turn|1
|
|t:|1776100694
|-terastallize|p2a: Weavile|Dark
|move|p2a: Weavile|Beat Up|p1a: Corviknight
|-damage|p1a: Corviknight|90/100
|-damage|p1a: Corviknight|80/100
|-damage|p1a: Corviknight|68/100
|-damage|p1a: Corviknight|57/100
|-crit|p1a: Corviknight
|-damage|p1a: Corviknight|39/100
|-damage|p1a: Corviknight|28/100
|-hitcount|p1a: Corviknight|6
|move|p1a: Corviknight|U-turn|p2a: Weavile
|-supereffective|p2a: Weavile
|-damage|p2a: Weavile|52/100
|
|t:|1776100708
|switch|p1a: Great Tusk|Great Tusk|100/100|[from] U-turn
|
|upkeep
|turn|2
|
|t:|1776100713
|switch|p2a: Landorus|Landorus-Therian, M|100/100
|-ability|p2a: Landorus|Intimidate|boost
|-unboost|p1a: Great Tusk|atk|1
|move|p1a: Great Tusk|Close Combat|p2a: Landorus
|-resisted|p2a: Landorus
|-damage|p2a: Landorus|74/100
|-unboost|p1a: Great Tusk|def|1
|-unboost|p1a: Great Tusk|spd|1
|
|upkeep
|turn|3
|
|t:|1776100723
|-end|p1a: Great Tusk|Protosynthesis|[silent]
|switch|p1a: Corviknight|Corviknight, F|28/100
|move|p2a: Landorus|Psychic|p1a: Corviknight
|-resisted|p1a: Corviknight
|-damage|p1a: Corviknight|8/100
|
|upkeep
|turn|4
|
|t:|1776100730
|switch|p1a: Tyranitar|Tyranitar, M|100/100
|-weather|Sandstorm|[from] ability: Sand Stream|[of] p1a: Tyranitar
|move|p2a: Landorus|Psychic|p1a: Tyranitar
|-immune|p1a: Tyranitar
|
|-weather|Sandstorm|[upkeep]
|upkeep
|turn|5
|
|t:|1776100738
|switch|p2a: Scizor|Scizor, F|100/100
|move|p1a: Tyranitar|Knock Off|p2a: Scizor
|-damage|p2a: Scizor|49/100
|-enditem|p2a: Scizor|Choice Band|[from] move: Knock Off|[of] p1a: Tyranitar
|
|-weather|Sandstorm|[upkeep]
|upkeep
|turn|6
|
|t:|1776100747
|switch|p1a: Great Tusk|Great Tusk|100/100
|move|p2a: Scizor|U-turn|p1a: Great Tusk
|-resisted|p1a: Great Tusk
|-damage|p1a: Great Tusk|88/100
|
|t:|1776100754
|switch|p2a: Landorus|Landorus-Therian, M|74/100|[from] U-turn
|-ability|p2a: Landorus|Intimidate|boost
|-unboost|p1a: Great Tusk|atk|1
|
|-weather|Sandstorm|[upkeep]
|upkeep
|turn|7
|
|t:|1776100761
|-end|p1a: Great Tusk|Protosynthesis|[silent]
|switch|p1a: Tyranitar|Tyranitar, M|100/100
|move|p2a: Landorus|U-turn|p1a: Tyranitar
|-supereffective|p1a: Tyranitar
|-damage|p1a: Tyranitar|67/100
|
|t:|1776100772
|switch|p2a: Weavile|Weavile, F, tera:Dark|52/100|[from] U-turn
|-ability|p2a: Weavile|Pressure
|
|-weather|Sandstorm|[upkeep]
|-damage|p2a: Weavile|46/100|[from] Sandstorm
|-heal|p1a: Tyranitar|73/100|[from] item: Leftovers
|upkeep
|turn|8
|
|t:|1776100781
|move|p2a: Weavile|Beat Up|p1a: Tyranitar
|-resisted|p1a: Tyranitar
|-damage|p1a: Tyranitar|66/100
|-resisted|p1a: Tyranitar
|-damage|p1a: Tyranitar|59/100
|-resisted|p1a: Tyranitar
|-damage|p1a: Tyranitar|51/100
|-resisted|p1a: Tyranitar
|-damage|p1a: Tyranitar|45/100
|-resisted|p1a: Tyranitar
|-crit|p1a: Tyranitar
|-damage|p1a: Tyranitar|33/100
|-resisted|p1a: Tyranitar
|-damage|p1a: Tyranitar|25/100
|-hitcount|p1a: Tyranitar|6
|move|p1a: Tyranitar|Rock Slide|p2a: Weavile
|-damage|p2a: Weavile|0 fnt
|faint|p2a: Weavile
|
|-weather|none
|-heal|p1a: Tyranitar|31/100|[from] item: Leftovers
|upkeep
|
|t:|1776100797
|switch|p2a: Landorus|Landorus-Therian, M|74/100
|-ability|p2a: Landorus|Intimidate|boost
|-unboost|p1a: Tyranitar|atk|1
|turn|9
|
|t:|1776100803
|switch|p1a: Corviknight|Corviknight, F|8/100
|move|p2a: Landorus|U-turn|p1a: Corviknight
|-resisted|p1a: Corviknight
|-damage|p1a: Corviknight|5/100
|-damage|p2a: Landorus|58/100|[from] item: Rocky Helmet|[of] p1a: Corviknight
|
|t:|1776100817
|switch|p2a: Hoopa|Hoopa-Unbound|100/100|[from] U-turn
|
|upkeep
|turn|10
|
|t:|1776100825
|move|p2a: Hoopa|Energy Ball|p1a: Corviknight
|-resisted|p1a: Corviknight
|-damage|p1a: Corviknight|0 fnt
|faint|p1a: Corviknight
|
|upkeep
|
|t:|1776100829
|switch|p1a: Clefable|Clefable, F|100/100
|turn|11
|
|t:|1776100833
|move|p2a: Hoopa|Thunderbolt|p1a: Clefable
|-damage|p1a: Clefable|71/100
|-status|p1a: Clefable|par
|move|p1a: Clefable|Stealth Rock|p2a: Hoopa
|-sidestart|p2: Versato|move: Stealth Rock
|
|-heal|p1a: Clefable|77/100 par|[from] item: Leftovers
|upkeep
|turn|12
|
|t:|1776100840
|switch|p2a: Scizor|Scizor, F|49/100
|-damage|p2a: Scizor|37/100|[from] Stealth Rock
|move|p1a: Clefable|Wish|p1a: Clefable
|
|-heal|p1a: Clefable|83/100 par|[from] item: Leftovers
|upkeep
|turn|13
|
|t:|1776100850
|switch|p1a: Great Tusk|Great Tusk|88/100
|move|p2a: Scizor|U-turn|p1a: Great Tusk
|-resisted|p1a: Great Tusk
|-damage|p1a: Great Tusk|76/100
|
|t:|1776100855
|switch|p2a: Landorus|Landorus-Therian, M|58/100|[from] U-turn
|-damage|p2a: Landorus|45/100|[from] Stealth Rock
|-ability|p2a: Landorus|Intimidate|boost
|-unboost|p1a: Great Tusk|atk|1
|
|-heal|p1a: Great Tusk|100/100|[from] move: Wish|[wisher] Clefable
|upkeep
|turn|14
|
|t:|1776100863
|move|p2a: Landorus|Earth Power|p1a: Great Tusk
|-damage|p1a: Great Tusk|46/100
|move|p1a: Great Tusk|Ice Spinner|p2a: Landorus
|-supereffective|p2a: Landorus
|-damage|p2a: Landorus|0 fnt
|faint|p2a: Landorus
|
|upkeep
|
|t:|1776100877
|switch|p2a: Slaking|Slaking, M|100/100
|-damage|p2a: Slaking|88/100|[from] Stealth Rock
|turn|15
|
|t:|1776100886
|move|p2a: Slaking|Double-Edge|p1a: Great Tusk
|-damage|p1a: Great Tusk|0 fnt
|faint|p1a: Great Tusk
|-end|p1a: Great Tusk|Protosynthesis|[silent]
|-damage|p2a: Slaking|74/100|[from] Recoil
|
|upkeep
|
|t:|1776100893
|switch|p1a: Rillaboom|Rillaboom, M|100/100
|-fieldstart|move: Grassy Terrain|[from] ability: Grassy Surge|[of] p1a: Rillaboom
|turn|16
|
|t:|1776100899
|switch|p2a: Scizor|Scizor, F|37/100
|-damage|p2a: Scizor|24/100|[from] Stealth Rock
|move|p1a: Rillaboom|Wood Hammer|p2a: Scizor
|-resisted|p2a: Scizor
|-damage|p2a: Scizor|3/100
|-damage|p1a: Rillaboom|95/100|[from] Recoil
|
|-heal|p1a: Rillaboom|100/100|[from] Grassy Terrain
|-heal|p2a: Scizor|9/100|[from] Grassy Terrain
|upkeep
|turn|17
|
|t:|1776100909
|move|p1a: Rillaboom|Grassy Glide|p2a: Scizor
|-resisted|p2a: Scizor
|-damage|p2a: Scizor|0 fnt
|faint|p2a: Scizor
|
|upkeep
|
|t:|1776100915
|switch|p2a: Slaking|Slaking, M|74/100
|-damage|p2a: Slaking|62/100|[from] Stealth Rock
|turn|18
|
|t:|1776100925
|switch|p1a: Tyranitar|Tyranitar, M|31/100
|-weather|Sandstorm|[from] ability: Sand Stream|[of] p1a: Tyranitar
|move|p2a: Slaking|Double-Edge|p1a: Tyranitar
|-resisted|p1a: Tyranitar
|-damage|p1a: Tyranitar|0 fnt
|faint|p1a: Tyranitar
|-damage|p2a: Slaking|53/100|[from] Recoil
|
|-weather|Sandstorm|[upkeep]
|-damage|p2a: Slaking|47/100|[from] Sandstorm
|-heal|p2a: Slaking|53/100|[from] Grassy Terrain
|upkeep
|
|t:|1776100933
|switch|p1a: Rillaboom|Rillaboom, M|100/100
|turn|19
|
|t:|1776100940
|switch|p2a: Hoopa|Hoopa-Unbound|100/100
|-damage|p2a: Hoopa|88/100|[from] Stealth Rock
|move|p1a: Rillaboom|Wood Hammer|p2a: Hoopa
|-damage|p2a: Hoopa|0 fnt
|faint|p2a: Hoopa
|-damage|p1a: Rillaboom|76/100|[from] Recoil
|
|-weather|Sandstorm|[upkeep]
|-damage|p1a: Rillaboom|70/100|[from] Sandstorm
|-heal|p1a: Rillaboom|76/100|[from] Grassy Terrain
|upkeep
|
|t:|1776100951
|switch|p2a: Slaking|Slaking, M|53/100
|-damage|p2a: Slaking|40/100|[from] Stealth Rock
|turn|20
|
|t:|1776100955
|switch|p1a: Clefable|Clefable, F|83/100 par
|move|p2a: Slaking|Drain Punch|p1a: Clefable
|-resisted|p1a: Clefable
|-damage|p1a: Clefable|57/100 par
|-heal|p2a: Slaking|51/100|[from] drain|[of] p1a: Clefable
|
|-weather|Sandstorm|[upkeep]
|-damage|p2a: Slaking|45/100|[from] Sandstorm
|-heal|p2a: Slaking|51/100|[from] Grassy Terrain
|-heal|p1a: Clefable|63/100 par|[from] Grassy Terrain
|-heal|p1a: Clefable|69/100 par|[from] item: Leftovers
|-fieldend|move: Grassy Terrain
|upkeep
|turn|21
|
|t:|1776100966
|switch|p2a: Rampardos|Rampardos, M|100/100
|-damage|p2a: Rampardos|88/100|[from] Stealth Rock
|move|p1a: Clefable|Thunder Wave|p2a: Rampardos
|-status|p2a: Rampardos|par
|
|-weather|Sandstorm|[upkeep]
|-heal|p1a: Clefable|75/100 par|[from] item: Leftovers
|upkeep
|turn|22
|
|t:|1776100982
|cant|p1a: Clefable|par
|move|p2a: Rampardos|Head Smash|p1a: Clefable
|-damage|p1a: Clefable|0 fnt
|faint|p1a: Clefable
|-damage|p2a: Rampardos|46/100 par|[from] Recoil
|
|-weather|none
|upkeep
|
|t:|1776100990
|switch|p1a: Rillaboom|Rillaboom, M|76/100
|-fieldstart|move: Grassy Terrain|[from] ability: Grassy Surge|[of] p1a: Rillaboom
|turn|23
|
|t:|1776100994
|move|p1a: Rillaboom|Grassy Glide|p2a: Rampardos
|-supereffective|p2a: Rampardos
|-damage|p2a: Rampardos|0 fnt
|faint|p2a: Rampardos
|
|-heal|p1a: Rillaboom|83/100|[from] Grassy Terrain
|upkeep
|-message|Versato forfeited.
|
|win|miltank deity
|raw|miltank deity's rating: 1386 &rarr; <strong>1402</strong><br />(+16 for winning)
|raw|Versato's rating: 1324 &rarr; <strong>1308</strong><br />(-16 for losing)
|l|☆Versato
|player|p2|
|l|‽miltank deity
|player|p1|
