|html|<div class="broadcast-blue"><strong>[Gen 9] OU is currently suspecting Tera Blast! For information on how to participate check out the <a href="https://www.smogon.com/tools/suspects/view/200">suspect thread</a>.</strong></div>
|j|☆Apex Vanquisher
|j|☆Koko497
|t:|1776252177
|gametype|singles
|player|p1|Apex Vanquisher|red|
|player|p2|Koko497|ghetsis-gen5bw|
|gen|9
|tier|[Gen 9] OU
|rule|HP Percentage Mod: HP is shown in percentages
|rule|Endless Battle Clause: Forcing endless battles is banned
|rule|Species Clause: Limit one of each Pokémon
|rule|OHKO Clause: OHKO moves are banned
|rule|Evasion Items Clause: Evasion items are banned
|rule|Evasion Moves Clause: Evasion moves are banned
|rule|Evasion Abilities Clause: Evasion abilities are banned
|rule|Sleep Moves Clause: Sleep-inducing moves are banned
|clearpoke
|poke|p1|Mienshao, F|
|poke|p1|Blissey, F|
|poke|p1|Gengar, F|
|poke|p1|Slowbro, F|
|poke|p1|Krookodile, F|
|poke|p1|Talonflame, M|
|poke|p2|Garchomp, F|
|poke|p2|Samurott-Hisui, F|
|poke|p2|Iron Valiant|
|poke|p2|Slowking-Galar, F|
|poke|p2|Kyurem|
|poke|p2|Corviknight, M|
|teampreview
|inactive|Battle timer is ON: inactive players will automatically lose when time's up. (requested by Apex Vanquisher)
|c|☆Apex Vanquisher|挑战一下
|c|☆Koko497|？
|c|☆Apex Vanquisher|自我
|c|☆Koko497|行
|inactive|Apex Vanquisher has 270 seconds left.
|inactive|Koko497 has 270 seconds left.
|
|t:|1776252221
|teamsize|p1|6
|teamsize|p2|6
|start
|switch|p1a: Mienshao|Mienshao, F|100/100
|switch|p2a: Slowking|Slowking-Galar, F|100/100
|turn|1
|c|☆Apex Vanquisher|嘻~
|c|☆Apex Vanquisher|hf
|
|t:|1776252230
|move|p1a: Mienshao|Knock Off|p2a: Slowking
|-supereffective|p2a: Slowking
|-damage|p2a: Slowking|23/100
|-enditem|p2a: Slowking|Heavy-Duty Boots|[from] move: Knock Off|[of] p1a: Mienshao
|move|p2a: Slowking|Future Sight|p1a: Mienshao
|-start|p2a: Slowking|move: Future Sight
|
|upkeep
|turn|2
|
|t:|1776252257
|switch|p1a: Slowbro|Slowbro, F|100/100
|switch|p2a: Garchomp|Garchomp, F|100/100
|
|upkeep
|turn|3
|
|t:|1776252267
|move|p2a: Garchomp|Stealth Rock|p1a: Slowbro
|-sidestart|p1: Apex Vanquisher|move: Stealth Rock
|move|p1a: Slowbro|Scald|p2a: Garchomp
|-damage|p2a: Garchomp|74/100
|
|-end|p1a: Slowbro|move: Future Sight
|-resisted|p1a: Slowbro
|-damage|p1a: Slowbro|77/100
|upkeep
|turn|4
|
|t:|1776252277
|move|p1a: Slowbro|Scald|p2a: Garchomp
|-damage|p2a: Garchomp|50/100
|move|p2a: Garchomp|Dragon Tail|p1a: Slowbro
|-damage|p1a: Slowbro|62/100
|drag|p1a: Gengar|Gengar, F|100/100
|-damage|p1a: Gengar|88/100|[from] Stealth Rock
|
|upkeep
|turn|5
|
|t:|1776252296
|switch|p2a: Samurott|Samurott-Hisui, F|100/100
|move|p1a: Gengar|Focus Blast|p2a: Samurott
|-supereffective|p2a: Samurott
|-damage|p2a: Samurott|7/100
|
|upkeep
|turn|6
|c|☆Apex Vanquisher|果然
|inactive|Apex Vanquisher has 270 seconds left.
|c|☆Koko497|了不起
|c|☆Apex Vanquisher|谢谢
|inactive|Koko497 has 270 seconds left.
|c|☆Koko497|看来意图还是太明显了
|c|☆Apex Vanquisher|尽量打吧
|c|☆Apex Vanquisher|彳亍
|c|☆Apex Vanquisher|加油
|
|t:|1776252350
|switch|p1a: Krookodile|Krookodile, F|100/100
|-damage|p1a: Krookodile|94/100|[from] Stealth Rock
|-ability|p1a: Krookodile|Intimidate|boost
|-unboost|p2a: Samurott|atk|1
|move|p2a: Samurott|Knock Off|p1a: Krookodile
|-resisted|p1a: Krookodile
|-damage|p1a: Krookodile|78/100
|-enditem|p1a: Krookodile|Choice Band|[from] move: Knock Off|[of] p2a: Samurott
|
|upkeep
|turn|7
|inactive|Apex Vanquisher has 270 seconds left.
|
|t:|1776252373
|move|p1a: Krookodile|Earthquake|p2a: Samurott
|-damage|p2a: Samurott|0 fnt
|faint|p2a: Samurott
|
|upkeep
|inactive|Koko497 has 240 seconds left.
|
|t:|1776252400
|switch|p2a: Garchomp|Garchomp, F|50/100
|turn|8
|inactive|Apex Vanquisher has 270 seconds left.
|
|t:|1776252411
|move|p1a: Krookodile|Earthquake|p2a: Garchomp
|-damage|p2a: Garchomp|18/100
|move|p2a: Garchomp|Dragon Tail|p1a: Krookodile
|-damage|p1a: Krookodile|50/100
|drag|p1a: Gengar|Gengar, F|88/100
|-damage|p1a: Gengar|76/100|[from] Stealth Rock
|
|upkeep
|turn|9
|inactive|Apex Vanquisher has 270 seconds left.
|
|t:|1776252435
|move|p1a: Gengar|Shadow Ball|p2a: Garchomp
|-damage|p2a: Garchomp|0 fnt
|faint|p2a: Garchomp
|
|upkeep
|
|t:|1776252443
|switch|p2a: Iron Valiant|Iron Valiant|100/100
|-enditem|p2a: Iron Valiant|Booster Energy
|-activate|p2a: Iron Valiant|ability: Quark Drive|[fromitem]
|-start|p2a: Iron Valiant|quarkdrivespe
|turn|10
|
|t:|1776252453
|move|p2a: Iron Valiant|Encore|p1a: Gengar
|-start|p1a: Gengar|Encore
|move|p1a: Gengar|Shadow Ball|p2a: Iron Valiant
|-damage|p2a: Iron Valiant|0 fnt
|faint|p2a: Iron Valiant
|-end|p2a: Iron Valiant|Quark Drive|[silent]
|
|upkeep
|c|☆Apex Vanquisher|？
|
|t:|1776252465
|switch|p2a: Kyurem|Kyurem|100/100
|-ability|p2a: Kyurem|Pressure
|turn|11
|l|☆Apex Vanquisher
|inactive|Apex Vanquisher disconnected and has 300 seconds to reconnect!
|player|p1|
|inactive|Koko497 has 210 seconds left.
|inactive|Apex Vanquisher has 270 seconds to reconnect!
|c|☆Koko497|主要是锁污泥炸弹
|c|☆Koko497|m
|inactive|Apex Vanquisher has 240 seconds to reconnect!
|c|☆Koko497|低估了眼镜耿鬼的力度
|inactive|Apex Vanquisher has 210 seconds to reconnect!
|j|☆Apex Vanquisher
|inactive|Apex Vanquisher reconnected and has 295 seconds left.
|player|p1|Apex Vanquisher|red|
|c|☆Apex Vanquisher|网不好
|c|☆Apex Vanquisher|行
|c|☆Koko497|没事
|
|t:|1776252587
|move|p2a: Kyurem|Draco Meteor|p1a: Gengar
|-damage|p1a: Gengar|0 fnt
|-unboost|p2a: Kyurem|spa|2
|-start|p2a: Kyurem|Disable|Draco Meteor|[from] ability: Cursed Body|[of] p1a: Gengar
|faint|p1a: Gengar
|
|upkeep
|
|t:|1776252600
|switch|p1a: Blissey|Blissey, F|100/100
|turn|12
|l|☆Apex Vanquisher
|inactive|Apex Vanquisher disconnected and has 195 seconds to reconnect!
|player|p1|
|inactive|Apex Vanquisher has 180 seconds to reconnect!
|j|☆Apex Vanquisher
|inactive|Apex Vanquisher reconnected and has 280 seconds left.
|player|p1|Apex Vanquisher|red|
|
|t:|1776252638
|switch|p2a: Corviknight|Corviknight, M|100/100
|-ability|p2a: Corviknight|Pressure
|move|p1a: Blissey|Thunder Wave|p2a: Corviknight|[miss]
|-miss|p1a: Blissey|p2a: Corviknight
|
|upkeep
|turn|13
|c|☆Apex Vanquisher|果然
|c|☆Apex Vanquisher|？
|inactive|Apex Vanquisher has 270 seconds left.
|
|t:|1776252656
|switch|p1a: Talonflame|Talonflame, M|100/100
|move|p2a: Corviknight|Iron Defense|p2a: Corviknight
|-boost|p2a: Corviknight|def|2
|
|upkeep
|turn|14
|
|t:|1776252675
|-terastallize|p2a: Corviknight|Dragon
|move|p1a: Talonflame|Fire Blast|p2a: Corviknight
|-resisted|p2a: Corviknight
|-crit|p2a: Corviknight
|-damage|p2a: Corviknight|78/100
|move|p2a: Corviknight|Iron Defense|p2a: Corviknight
|-boost|p2a: Corviknight|def|2
|
|upkeep
|turn|15
|c|☆Apex Vanquisher|6
|inactive|Apex Vanquisher has 270 seconds left.
|
|t:|1776252693
|move|p1a: Talonflame|U-turn|p2a: Corviknight
|-damage|p2a: Corviknight|75/100
|-damage|p1a: Talonflame|84/100|[from] item: Rocky Helmet|[of] p2a: Corviknight
|inactive|Apex Vanquisher has 270 seconds left.
|
|t:|1776252708
|switch|p1a: Slowbro|Slowbro, F|95/100|[from] U-turn
|-damage|p1a: Slowbro|83/100|[from] Stealth Rock
|move|p2a: Corviknight|Iron Defense|p2a: Corviknight
|-boost|p2a: Corviknight|def|2
|
|upkeep
|turn|16
|inactive|Apex Vanquisher has 270 seconds left.
|l|☆Apex Vanquisher
|inactive|Apex Vanquisher disconnected and has 170 seconds to reconnect!
|player|p1|
|inactive|Apex Vanquisher has 150 seconds to reconnect!
|inactive|Apex Vanquisher has 120 seconds to reconnect!
|j|☆Apex Vanquisher
|inactive|Apex Vanquisher reconnected and has 270 seconds left.
|player|p1|Apex Vanquisher|red|
|
|t:|1776252792
|move|p2a: Corviknight|Body Press|p1a: Slowbro
|-resisted|p1a: Slowbro
|-crit|p1a: Slowbro
|-damage|p1a: Slowbro|37/100
|move|p1a: Slowbro|Future Sight|p2a: Corviknight
|-start|p1a: Slowbro|move: Future Sight
|
|upkeep
|turn|17
|
|t:|1776252808
|move|p2a: Corviknight|Body Press|p1a: Slowbro
|-resisted|p1a: Slowbro
|-damage|p1a: Slowbro|6/100
|move|p1a: Slowbro|Slack Off|p1a: Slowbro
|-heal|p1a: Slowbro|56/100
|
|upkeep
|turn|18
|
|t:|1776252824
|move|p2a: Corviknight|Body Press|p1a: Slowbro
|-resisted|p1a: Slowbro
|-damage|p1a: Slowbro|24/100
|move|p1a: Slowbro|Slack Off|p1a: Slowbro
|-heal|p1a: Slowbro|74/100
|
|-end|p2a: Corviknight|move: Future Sight
|-damage|p2a: Corviknight|34/100
|upkeep
|turn|19
|c|☆Apex Vanquisher|6
|c|☆Apex Vanquisher|脏
|
|t:|1776252836
|move|p2a: Corviknight|Roost|p2a: Corviknight
|-heal|p2a: Corviknight|84/100
|move|p1a: Slowbro|Future Sight|p2a: Corviknight
|-start|p1a: Slowbro|move: Future Sight
|
|upkeep
|turn|20
|inactive|Apex Vanquisher has 240 seconds left.
|
|t:|1776252865
|move|p2a: Corviknight|Body Press|p1a: Slowbro
|-resisted|p1a: Slowbro
|-damage|p1a: Slowbro|43/100
|move|p1a: Slowbro|Future Sight||[still]
|-fail|p1a: Slowbro
|
|upkeep
|turn|21
|c|☆Apex Vanquisher|？
|
|t:|1776252880
|move|p2a: Corviknight|Roost|p2a: Corviknight
|-heal|p2a: Corviknight|100/100
|move|p1a: Slowbro|Slack Off|p1a: Slowbro
|-heal|p1a: Slowbro|94/100
|
|-end|p2a: Corviknight|move: Future Sight
|-damage|p2a: Corviknight|58/100
|upkeep
|turn|22
|inactive|Apex Vanquisher has 240 seconds left.
|inactive|Koko497 has 210 seconds left.
|
|t:|1776252912
|switch|p1a: Mienshao|Mienshao, F|100/100
|-damage|p1a: Mienshao|95/100|[from] Stealth Rock
|move|p2a: Corviknight|Body Press|p1a: Mienshao
|-damage|p1a: Mienshao|0 fnt
|faint|p1a: Mienshao
|
|upkeep
|
|t:|1776252922
|switch|p1a: Krookodile|Krookodile, F|50/100
|-damage|p1a: Krookodile|43/100|[from] Stealth Rock
|-ability|p1a: Krookodile|Intimidate|boost
|-unboost|p2a: Corviknight|atk|1
|turn|23
|
|t:|1776252931
|move|p1a: Krookodile|Gunk Shot|p2a: Corviknight
|-damage|p2a: Corviknight|52/100
|move|p2a: Corviknight|Roost|p2a: Corviknight
|-heal|p2a: Corviknight|100/100
|
|upkeep
|turn|24
|
|t:|1776252940
|move|p1a: Krookodile|Gunk Shot|p2a: Corviknight
|-damage|p2a: Corviknight|94/100
|-status|p2a: Corviknight|psn
|move|p2a: Corviknight|Body Press|p1a: Krookodile
|-supereffective|p1a: Krookodile
|-damage|p1a: Krookodile|0 fnt
|faint|p1a: Krookodile
|
|-damage|p2a: Corviknight|81/100 psn|[from] psn
|upkeep
|c|☆Apex Vanquisher|哈哈哈
|
|t:|1776252955
|switch|p1a: Slowbro|Slowbro, F|100/100
|-damage|p1a: Slowbro|88/100|[from] Stealth Rock
|turn|25
|
|t:|1776252967
|switch|p2a: Kyurem|Kyurem|100/100
|-ability|p2a: Kyurem|Pressure
|move|p1a: Slowbro|Future Sight|p2a: Kyurem
|-start|p1a: Slowbro|move: Future Sight
|
|upkeep
|turn|26
|c|☆Apex Vanquisher|耗呗
|inactive|Apex Vanquisher has 240 seconds left.
|
|t:|1776252979
|switch|p1a: Blissey|Blissey, F|100/100
|move|p2a: Kyurem|Freeze-Dry|p1a: Blissey
|-damage|p1a: Blissey|87/100
|
|upkeep
|turn|27
|inactive|Apex Vanquisher has 240 seconds left.
|c|☆Koko497|干耗没用
|
|t:|1776252995
|switch|p2a: Slowking|Slowking-Galar, F|56/100
|move|p1a: Blissey|Thunder Wave|p2a: Slowking
|-status|p2a: Slowking|par
|
|-end|p2a: Slowking|move: Future Sight
|-damage|p2a: Slowking|30/100 par
|upkeep
|turn|28
|inactive|Apex Vanquisher has 240 seconds left.
|
|t:|1776253008
|move|p1a: Blissey|Seismic Toss|p2a: Slowking
|-damage|p2a: Slowking|5/100 par
|-prepare|p2a: Slowking|Chilly Reception|[premajor]
|move|p2a: Slowking|Chilly Reception|p2a: Slowking
|-weather|Snowscape
|c|☆Apex Vanquisher|行
|
|t:|1776253014
|switch|p2a: Corviknight|Corviknight, M, tera:Dragon|81/100 psn|[from] Chilly Reception
|-ability|p2a: Corviknight|Pressure
|
|-weather|Snowscape|[upkeep]
|-damage|p2a: Corviknight|69/100 psn|[from] psn
|upkeep
|turn|29
|c|☆Koko497|这队其实还有办法打我
|inactive|Koko497 has 210 seconds left.
|c|☆Apex Vanquisher|？
|c|☆Koko497|呆壳兽就可惜回去的太早了
|c|☆Apex Vanquisher|耿
|c|☆Apex Vanquisher|哦
|inactive|Koko497 has 180 seconds left.
|c|☆Apex Vanquisher|赌
|c|☆Koko497|一直跟我耗把我羽栖耗完就好打
|c|☆Apex Vanquisher|行
|
|t:|1776253097
|switch|p1a: Slowbro|Slowbro, F|100/100
|-damage|p1a: Slowbro|88/100|[from] Stealth Rock
|move|p2a: Corviknight|Body Press|p1a: Slowbro
|-resisted|p1a: Slowbro
|-damage|p1a: Slowbro|81/100
|
|-weather|Snowscape|[upkeep]
|-damage|p2a: Corviknight|57/100 psn|[from] psn
|upkeep
|turn|30
|
|t:|1776253110
|switch|p2a: Kyurem|Kyurem|100/100
|-ability|p2a: Kyurem|Pressure
|move|p1a: Slowbro|Future Sight|p2a: Kyurem
|-start|p1a: Slowbro|move: Future Sight
|
|-weather|Snowscape|[upkeep]
|upkeep
|turn|31
|inactive|Koko497 has 150 seconds left.
|c|☆Koko497|今天还玩了个带扑击的替身冰龙
|c|☆Apex Vanquisher|6
|c|☆Koko497|打大蛋可谓非常暴力
|c|☆Apex Vanquisher|对
|
|t:|1776253152
|switch|p1a: Blissey|Blissey, F|87/100
|move|p2a: Kyurem|Draco Meteor|p1a: Blissey
|-damage|p1a: Blissey|66/100
|-unboost|p2a: Kyurem|spa|2
|
|-weather|Snowscape|[upkeep]
|upkeep
|turn|32
|
|t:|1776253163
|switch|p2a: Slowking|Slowking-Galar, F|38/100 par
|move|p1a: Blissey|Seismic Toss|p2a: Slowking
|-damage|p2a: Slowking|12/100 par
|
|-weather|none
|-end|p2a: Slowking|move: Future Sight
|-damage|p2a: Slowking|0 fnt
|faint|p2a: Slowking
|upkeep
|inactive|Koko497 has 120 seconds left.
|c|☆Apex Vanquisher|哈
|-message|Koko497 forfeited.
|
|win|Apex Vanquisher
|c|☆Koko497|耗不赢了
|c|☆Apex Vanquisher|谢谢
