|html|<div class="broadcast-blue"><strong>[Gen 9] OU is currently suspecting Tera Blast! For information on how to participate check out the <a href="https://www.smogon.com/tools/suspects/view/200">suspect thread</a>.</strong></div>
|j|☆Fee3h
|j|☆PinguButGood
|t:|1776267968
|gametype|singles
|player|p1|Fee3h|169|1367
|player|p2|PinguButGood|falkner|1317
|gen|9
|tier|[Gen 9] OU
|rated|
|rule|HP Percentage Mod: HP is shown in percentages
|rule|Endless Battle Clause: Forcing endless battles is banned
|rule|Species Clause: Limit one of each Pokémon
|rule|OHKO Clause: OHKO moves are banned
|rule|Evasion Items Clause: Evasion items are banned
|rule|Evasion Moves Clause: Evasion moves are banned
|rule|Evasion Abilities Clause: Evasion abilities are banned
|rule|Sleep Moves Clause: Sleep-inducing moves are banned
|clearpoke
|poke|p1|Deoxys-Speed|
|poke|p1|Glimmora, F|
|poke|p1|Dragonite, F|
|poke|p1|Ceruledge, M|
|poke|p1|Zamazenta-*|
|poke|p1|Darkrai|
|poke|p2|Zamazenta-*|
|poke|p2|Kingambit, M|
|poke|p2|Samurott-Hisui, M|
|poke|p2|Landorus-Therian, M|
|poke|p2|Iron Valiant|
|poke|p2|Iron Moth|
|teampreview
|inactive|Battle timer is ON: inactive players will automatically lose when time's up. (requested by PinguButGood)
|inactive|Fee3h also wants the timer to be on.
|
|t:|1776267994
|teamsize|p1|6
|teamsize|p2|6
|start
|switch|p1a: Darkrai|Darkrai|100/100
|switch|p2a: Samurott|Samurott-Hisui, M|100/100
|turn|1
|
|t:|1776268002
|move|p1a: Darkrai|Will-O-Wisp|p2a: Samurott|[miss]
|-miss|p1a: Darkrai|p2a: Samurott
|move|p2a: Samurott|Ceaseless Edge|p1a: Darkrai
|-resisted|p1a: Darkrai
|-damage|p1a: Darkrai|69/100
|-sidestart|p1: Fee3h|Spikes
|
|-heal|p1a: Darkrai|75/100|[from] item: Leftovers
|upkeep
|turn|2
|
|t:|1776268010
|move|p1a: Darkrai|Will-O-Wisp|p2a: Samurott
|-status|p2a: Samurott|brn
|move|p2a: Samurott|Razor Shell|p1a: Darkrai
|-damage|p1a: Darkrai|39/100
|
|-heal|p1a: Darkrai|45/100|[from] item: Leftovers
|-damage|p2a: Samurott|94/100 brn|[from] brn
|upkeep
|turn|3
|
|t:|1776268023
|move|p1a: Darkrai|Dark Pulse|p2a: Samurott
|-resisted|p2a: Samurott
|-damage|p2a: Samurott|60/100 brn
|cant|p2a: Samurott|flinch
|
|-heal|p1a: Darkrai|51/100|[from] item: Leftovers
|-damage|p2a: Samurott|54/100 brn|[from] brn
|upkeep
|turn|4
|
|t:|1776268030
|move|p1a: Darkrai|Dark Pulse|p2a: Samurott
|-resisted|p2a: Samurott
|-damage|p2a: Samurott|19/100 brn
|move|p2a: Samurott|Ceaseless Edge|p1a: Darkrai
|-resisted|p1a: Darkrai
|-damage|p1a: Darkrai|36/100
|-sidestart|p1: Fee3h|Spikes
|
|-heal|p1a: Darkrai|42/100|[from] item: Leftovers
|-damage|p2a: Samurott|13/100 brn|[from] brn
|upkeep
|turn|5
|
|t:|1776268039
|move|p1a: Darkrai|Dark Pulse|p2a: Samurott
|-resisted|p2a: Samurott
|-damage|p2a: Samurott|0 fnt
|faint|p2a: Samurott
|
|-heal|p1a: Darkrai|48/100|[from] item: Leftovers
|upkeep
|
|t:|1776268053
|switch|p2a: Iron Moth|Iron Moth|100/100
|-enditem|p2a: Iron Moth|Booster Energy
|-activate|p2a: Iron Moth|ability: Quark Drive|[fromitem]
|-start|p2a: Iron Moth|quarkdrivespe
|turn|6
|
|t:|1776268079
|move|p2a: Iron Moth|Fiery Dance|p1a: Darkrai
|-damage|p1a: Darkrai|0 fnt
|faint|p1a: Darkrai
|
|upkeep
|inactive|Fee3h has 120 seconds left.
|
|t:|1776268099
|switch|p1a: Deoxys|Deoxys-Speed|100/100
|-damage|p1a: Deoxys|84/100|[from] Spikes
|-ability|p1a: Deoxys|Pressure
|turn|7
|
|t:|1776268121
|-terastallize|p2a: Iron Moth|Ground
|move|p2a: Iron Moth|Fiery Dance|p1a: Deoxys
|-damage|p1a: Deoxys|34/100
|move|p1a: Deoxys|Light Screen|p1a: Deoxys
|-sidestart|p1: Fee3h|move: Light Screen
|
|upkeep
|turn|8
|inactive|Fee3h has 120 seconds left.
|
|t:|1776268137
|move|p2a: Iron Moth|Fiery Dance|p1a: Deoxys
|-damage|p1a: Deoxys|11/100
|-boost|p2a: Iron Moth|spa|1
|move|p1a: Deoxys|Reflect|p1a: Deoxys
|-sidestart|p1: Fee3h|Reflect
|
|upkeep
|turn|9
|inactive|Fee3h has 120 seconds left.
|
|t:|1776268144
|move|p2a: Iron Moth|Fiery Dance|p1a: Deoxys
|-damage|p1a: Deoxys|0 fnt
|-boost|p2a: Iron Moth|spa|1
|faint|p1a: Deoxys
|
|upkeep
|inactive|Fee3h has 120 seconds left.
|
|t:|1776268151
|switch|p1a: Dragonite|Dragonite, F|100/100
|turn|10
|inactive|Fee3h has 120 seconds left.
|
|t:|1776268164
|move|p2a: Iron Moth|Sludge Wave|p1a: Dragonite
|-damage|p1a: Dragonite|75/100
|-status|p1a: Dragonite|psn
|move|p1a: Dragonite|Dragon Dance|p1a: Dragonite
|-boost|p1a: Dragonite|atk|1
|-boost|p1a: Dragonite|spe|1
|
|-damage|p1a: Dragonite|63/100 psn|[from] psn
|upkeep
|turn|11
|
|t:|1776268173
|move|p2a: Iron Moth|Sludge Wave|p1a: Dragonite
|-damage|p1a: Dragonite|12/100 psn
|move|p1a: Dragonite|Roost|p1a: Dragonite
|-heal|p1a: Dragonite|62/100 psn
|-singleturn|p1a: Dragonite|move: Roost
|
|-damage|p1a: Dragonite|49/100 psn|[from] psn
|upkeep
|turn|12
|
|t:|1776268181
|move|p2a: Iron Moth|Sludge Wave|p1a: Dragonite
|-damage|p1a: Dragonite|0 fnt
|faint|p1a: Dragonite
|
|upkeep
|c|☆Fee3h|Nahhh bro
|-message|Fee3h forfeited.
|
|win|PinguButGood
|raw|Fee3h's rating: 1367 &rarr; <strong>1344</strong><br />(-23 for losing)
|raw|PinguButGood's rating: 1317 &rarr; <strong>1340</strong><br />(+23 for winning)
|l|☆Fee3h
|player|p1|
|c|☆PinguButGood|ggwp
